  <div class='ocr_page' id='page_1' title='image "/cluster/home/n/w/nwhite01/storage/ocr_20150623/124/nnc1.0046979735/548.png"; bbox 0 0 4226 6440; ppageno 0'>
   <div class='ocr_carea' id='block_1_1' title="bbox 221 402 358 464">
    <p class='ocr_par' dir='ltr' id='par_1_1' title="bbox 221 402 358 464">
     <span class='ocr_line' id='line_1_1' title="bbox 221 402 358 464; baseline 0.022 -2"><span class='ocrx_word' id='word_1_1' title='bbox 221 402 358 464; x_wconf 63' lang='grc' dir='ltr'>τοις)</span> 
     </span>
    </p>
   </div>
   <div class='ocr_carea' id='block_1_2' title="bbox 1000 397 2654 465">
    <p class='ocr_par' dir='ltr' id='par_1_2' title="bbox 1000 397 2654 465">
     <span class='ocr_line' id='line_1_2' title="bbox 1000 397 2654 465; baseline 0.003 -8"><span class='ocrx_word' id='word_1_2' title='bbox 1000 397 1402 458; x_wconf 81' lang='lat' dir='ltr'><strong>EXPOSITIO</strong></span> <span class='ocrx_word' id='word_1_3' title='bbox 1434 401 1511 460; x_wconf 87' lang='lat' dir='ltr'><strong>IN</strong></span> <span class='ocrx_word' id='word_1_4' title='bbox 1552 399 1788 460; x_wconf 67' lang='lat' dir='ltr'><strong>EI‘IST.</strong></span> <span class='ocrx_word' id='word_1_5' title='bbox 1835 399 1932 457; x_wconf 84' lang='lat' dir='ltr'><strong>AD</strong></span> <span class='ocrx_word' id='word_1_6' title='bbox 1969 401 2234 462; x_wconf 83' lang='lat' dir='ltr'><strong>EPHES.</strong></span> <span class='ocrx_word' id='word_1_7' title='bbox 2275 428 2343 437; x_wconf 88' lang='grc'><strong><em>-</em></strong></span> <span class='ocrx_word' id='word_1_8' title='bbox 2382 404 2538 465; x_wconf 83' lang='lat' dir='ltr'><strong>C-\P.</strong></span> <span class='ocrx_word' id='word_1_9' title='bbox 2574 404 2654 463; x_wconf 87' lang='lat' dir='ltr'><strong>II.</strong></span> 
     </span>
    </p>
   </div>
   <div class='ocr_carea' id='block_1_3' title="bbox 3321 411 3458 476">
    <p class='ocr_par' dir='ltr' id='par_1_3' title="bbox 3321 411 3458 476">
     <span class='ocr_line' id='line_1_3' title="bbox 3321 411 3458 476; baseline 0.022 -3"><span class='ocrx_word' id='word_1_10' title='bbox 3321 411 3458 476; x_wconf 76' lang='lat'><strong>1050</strong></span> 
     </span>
    </p>
   </div>
   <div class='ocr_carea' id='block_1_4' title="bbox 216 512 1885 586">
    <p class='ocr_par' dir='ltr' id='par_1_4' title="bbox 216 512 1864 585">
     <span class='ocr_line' id='line_1_4' title="bbox 216 512 1864 585; baseline -0.001 -17"><span class='ocrx_word' id='word_1_11' title='bbox 216 533 314 585; x_wconf 69' lang='grc' dir='ltr'>σῃε</span> <span class='ocrx_word' id='word_1_12' title='bbox 353 515 512 566; x_wconf 56' lang='lat' dir='ltr'><strong>nam</strong></span> <span class='ocrx_word' id='word_1_13' title='bbox 571 514 969 582; x_wconf 58' lang='grc' dir='ltr'>προτιμηθῆναι</span> <span class='ocrx_word' id='word_1_14' title='bbox 1018 513 1200 580; x_wconf 75' lang='grc' dir='ltr'>μόνον,</span> <span class='ocrx_word' id='word_1_15' title='bbox 1249 512 1517 565; x_wconf 84' lang='grc' dir='ltr'>δείκνυσιν</span> <span class='ocrx_word' id='word_1_16' title='bbox 1562 516 1642 567; x_wconf 78' lang='grc' dir='ltr'>ὅτι</span> <span class='ocrx_word' id='word_1_17' title='bbox 1701 512 1792 564; x_wconf 61' lang='grc' dir='ltr'><strong>καὶ</strong></span> <span class='ocrx_word' id='word_1_18' title='bbox 1822 513 1864 567; x_wconf 82' lang='grc' dir='ltr'><strong>Δ</strong></span> 
     </span>
    </p>
   </div>
   <div class='ocr_carea' id='block_1_5' title="bbox 1786 512 3455 586">
    <p class='ocr_par' dir='ltr' id='par_1_5' title="bbox 1786 513 3455 586">
     <span class='ocr_line' id='line_1_5' title="bbox 1786 513 3455 586; baseline 0.007 -24"><span class='ocrx_word' id='word_1_19' title='bbox 1786 533 1792 562; x_wconf 71' lang='grc' dir='ltr'><strong>ι</strong></span> <span class='ocrx_word' id='word_1_20' title='bbox 1822 513 1864 567; x_wconf 82' lang='grc' dir='ltr'>Α</span> <span class='ocrx_word' id='word_1_21' title='bbox 1897 514 2170 580; x_wconf 57' lang='lat' dir='ltr'><strong>praelatum</strong></span> <span class='ocrx_word' id='word_1_22' title='bbox 2206 518 2592 579; x_wconf 89' lang='lat' dir='ltr'><strong>tantummodo,</strong></span> <span class='ocrx_word' id='word_1_23' title='bbox 2618 517 2858 572; x_wconf 87' lang='lat' dir='ltr'><strong>ostendit</strong></span> <span class='ocrx_word' id='word_1_24' title='bbox 2881 518 3024 586; x_wconf 84' lang='lat' dir='ltr'><strong>quod</strong></span> <span class='ocrx_word' id='word_1_25' title='bbox 3071 528 3123 574; x_wconf 90' lang='lat' dir='ltr'><strong>ct</strong></span> <span class='ocrx_word' id='word_1_26' title='bbox 3171 518 3455 576; x_wconf 84' lang='lat' dir='ltr'><strong>Dominum</strong></span> 
     </span>
    </p>
   </div>
   <div class='ocr_carea' id='block_1_6' title="bbox 214 599 1790 671">
    <p class='ocr_par' dir='ltr' id='par_1_6' title="bbox 214 599 1790 671">
     <span class='ocr_line' id='line_1_6' title="bbox 214 599 1790 671; baseline 0.004 -21"><span class='ocrx_word' id='word_1_27' title='bbox 214 601 490 668; x_wconf 71' lang='grc' dir='ltr'>Δεσπότην</span> <span class='ocrx_word' id='word_1_28' title='bbox 508 599 668 652; x_wconf 73' lang='grc' dir='ltr'>αὑτὸν</span> <span class='ocrx_word' id='word_1_29' title='bbox 696 600 917 669; x_wconf 79' lang='grc' dir='ltr'>ἐποίησε</span> <span class='ocrx_word' id='word_1_30' title='bbox 951 600 1183 652; x_wconf 84' lang='grc' dir='ltr'>πάντων.</span> <span class='ocrx_word' id='word_1_31' title='bbox 1221 601 1330 652; x_wconf 72' lang='grc' dir='ltr'><strong>Καὶ</strong></span> <span class='ocrx_word' id='word_1_32' title='bbox 1353 602 1452 671; x_wconf 85' lang='grc' dir='ltr'>οὐχ</span> <span class='ocrx_word' id='word_1_33' title='bbox 1472 602 1656 665; x_wconf 87' lang='grc' dir='ltr'>ἀπλῶς</span> <span class='ocrx_word' id='word_1_34' title='bbox 1689 602 1790 656; x_wconf 87' lang='grc' dir='ltr'>ὑπ-</span> 
     </span>
    </p>
   </div>
   <div class='ocr_carea' id='block_1_7' title="bbox 215 688 1792 762">
    <p class='ocr_par' dir='ltr' id='par_1_7' title="bbox 215 688 1792 762">
     <span class='ocr_line' id='line_1_7' title="bbox 215 688 1792 762; baseline 0.003 -20"><span class='ocrx_word' id='word_1_35' title='bbox 215 690 426 754; x_wconf 80' lang='grc' dir='ltr'>έταξεν,</span> <span class='ocrx_word' id='word_1_36' title='bbox 474 690 607 743; x_wconf 80' lang='grc' dir='ltr'><strong>ἀλλά</strong></span> <span class='ocrx_word' id='word_1_37' title='bbox 666 688 762 757; x_wconf 74' lang='grc' dir='ltr'>τὴν</span> <span class='ocrx_word' id='word_1_38' title='bbox 813 690 1048 759; x_wconf 73' lang='grc' dir='ltr'>ἐσχάτην</span> <span class='ocrx_word' id='word_1_39' title='bbox 1079 692 1390 762; x_wconf 73' lang='grc' dir='ltr'>ὑποταγὴν·</span> <span class='ocrx_word' id='word_1_40' title='bbox 1419 711 1436 742; x_wconf 84' lang='grc' dir='ltr'><strong>ι</strong></span> <span class='ocrx_word' id='word_1_41' title='bbox 1488 693 1622 745; x_wconf 83' lang='grc' dir='ltr'><strong>Ὑπὸ</strong></span> <span class='ocrx_word' id='word_1_42' title='bbox 1668 693 1792 756; x_wconf 84' lang='grc' dir='ltr'>τοὺς</span> 
     </span>
    </p>
   </div>
   <div class='ocr_carea' id='block_1_8' title="bbox 213 781 922 851">
    <p class='ocr_par' dir='ltr' id='par_1_8' title="bbox 213 781 922 851">
     <span class='ocr_line' id='line_1_8' title="bbox 213 781 922 851; baseline -0.001 -17"><span class='ocrx_word' id='word_1_43' title='bbox 213 784 384 843; x_wconf 77' lang='grc' dir='ltr'>πόδας</span> <span class='ocrx_word' id='word_1_44' title='bbox 411 802 428 833; x_wconf 72' lang='grc' dir='ltr'><strong>ι</strong></span> <span class='ocrx_word' id='word_1_45' title='bbox 467 781 574 851; x_wconf 86' lang='grc' dir='ltr'><strong>γάρ</strong></span> <span class='ocrx_word' id='word_1_46' title='bbox 621 799 641 832; x_wconf 77' lang='grc' dir='ltr'><strong>ι</strong></span> <span class='ocrx_word' id='word_1_47' title='bbox 673 781 859 835; x_wconf 76' lang='grc' dir='ltr'>αὑτοῦ.</span> <span class='ocrx_word' id='word_1_48' title='bbox 905 802 922 833; x_wconf 76' lang='grc' dir='ltr'><strong>ι</strong></span> 
     </span>
    </p>
   </div>
   <div class='ocr_carea' id='block_1_9' title="bbox 298 873 1790 947">
    <p class='ocr_par' dir='ltr' id='par_1_9' title="bbox 298 873 1790 947">
     <span class='ocr_line' id='line_1_9' title="bbox 298 873 1790 947; baseline 0.004 -23"><span class='ocrx_word' id='word_1_49' title='bbox 298 892 316 924; x_wconf 79' lang='grc' dir='ltr'><strong>ι</strong></span> <span class='ocrx_word' id='word_1_50' title='bbox 354 875 463 925; x_wconf 78' lang='grc' dir='ltr'><strong>Καὶ</strong></span> <span class='ocrx_word' id='word_1_51' title='bbox 494 873 656 927; x_wconf 82' lang='grc' dir='ltr'>αὑτὸν</span> <span class='ocrx_word' id='word_1_52' title='bbox 687 873 851 926; x_wconf 77' lang='grc' dir='ltr'>ἔδωκε</span> <span class='ocrx_word' id='word_1_53' title='bbox 897 874 1140 943; x_wconf 78' lang='grc' dir='ltr'>κεφαλὴν</span> <span class='ocrx_word' id='word_1_54' title='bbox 1174 875 1312 946; x_wconf 80' lang='grc' dir='ltr'>ὑπὲρ</span> <span class='ocrx_word' id='word_1_55' title='bbox 1361 876 1537 930; x_wconf 79' lang='grc' dir='ltr'>πάντα</span> <span class='ocrx_word' id='word_1_56' title='bbox 1565 879 1632 947; x_wconf 78' lang='grc' dir='ltr'>τῇ</span> <span class='ocrx_word' id='word_1_57' title='bbox 1667 877 1790 930; x_wconf 68' lang='grc' dir='ltr'><strong>Ἐκ.</strong></span> 
     </span>
    </p>
   </div>
   <div class='ocr_carea' id='block_1_10' title="bbox 212 965 1788 1038">
    <p class='ocr_par' dir='ltr' id='par_1_10' title="bbox 212 965 1788 1038">
     <span class='ocr_line' id='line_1_10' title="bbox 212 965 1788 1038; baseline 0.003 -20"><span class='ocrx_word' id='word_1_58' title='bbox 212 967 433 1036; x_wconf 69' lang='grc' dir='ltr'>κλησίᾳ.</span> <span class='ocrx_word' id='word_1_59' title='bbox 476 985 493 1017; x_wconf 73' lang='grc' dir='ltr'><strong>ι</strong></span> <span class='ocrx_word' id='word_1_60' title='bbox 534 965 739 1019; x_wconf 72' lang='grc' dir='ltr'>Βαὸαίῐ</span> <span class='ocrx_word' id='word_1_61' title='bbox 797 966 890 1020; x_wconf 76' lang='grc' dir='ltr'><strong>καὶ</strong></span> <span class='ocrx_word' id='word_1_62' title='bbox 950 966 1047 1038; x_wconf 82' lang='grc' dir='ltr'>τὴν</span> <span class='ocrx_word' id='word_1_63' title='bbox 1111 966 1440 1037; x_wconf 70' lang='grc' dir='ltr'><strong>Ἐκκλησίαν</strong></span> <span class='ocrx_word' id='word_1_64' title='bbox 1491 970 1569 1031; x_wconf 74' lang='grc' dir='ltr'>εἰς</span> <span class='ocrx_word' id='word_1_65' title='bbox 1629 969 1788 1022; x_wconf 71' lang='grc' dir='ltr'>αὑτὸν</span> 
     </span>
    </p>
   </div>
   <div class='ocr_carea' id='block_1_11' title="bbox 213 1053 1788 1129">
    <p class='ocr_par' dir='ltr' id='par_1_11' title="bbox 213 1053 1788 1129">
     <span class='ocr_line' id='line_1_11' title="bbox 213 1053 1788 1129; baseline 0.004 -23"><span class='ocrx_word' id='word_1_66' title='bbox 213 1053 436 1106; x_wconf 79' lang='grc' dir='ltr'>ἐκάθισε</span> <span class='ocrx_word' id='word_1_67' title='bbox 461 1055 553 1106; x_wconf 71' lang='grc' dir='ltr'>τὸν</span> <span class='ocrx_word' id='word_1_68' title='bbox 582 1055 771 1122; x_wconf 83' lang='grc' dir='ltr'>Θρόνον</span> <span class='ocrx_word' id='word_1_69' title='bbox 799 1072 812 1086; x_wconf 94' lang='grc'><strong>·</strong></span> <span class='ocrx_word' id='word_1_70' title='bbox 843 1056 968 1109; x_wconf 79' lang='grc' dir='ltr'>ἔνθα</span> <span class='ocrx_word' id='word_1_71' title='bbox 1000 1057 1108 1126; x_wconf 90' lang='grc' dir='ltr'><strong>γάρ</strong></span> <span class='ocrx_word' id='word_1_72' title='bbox 1132 1059 1163 1126; x_wconf 83' lang='grc' dir='ltr'><strong>ἡ</strong></span> <span class='ocrx_word' id='word_1_73' title='bbox 1199 1058 1426 1129; x_wconf 80' lang='grc' dir='ltr'>κεφαλὴ,</span> <span class='ocrx_word' id='word_1_74' title='bbox 1463 1061 1579 1112; x_wconf 82' lang='grc' dir='ltr'>ὲκεί</span> <span class='ocrx_word' id='word_1_75' title='bbox 1609 1059 1699 1112; x_wconf 75' lang='grc' dir='ltr'><strong>καὶ</strong></span> <span class='ocrx_word' id='word_1_76' title='bbox 1728 1062 1788 1111; x_wconf 82' lang='grc' dir='ltr'><strong>τὸ</strong></span> 
     </span>
    </p>
   </div>
   <div class='ocr_carea' id='block_1_12' title="bbox 221 1144 1788 1218">
    <p class='ocr_par' dir='ltr' id='par_1_12' title="bbox 221 1144 1788 1218">
     <span class='ocr_line' id='line_1_12' title="bbox 221 1144 1788 1218; baseline 0.005 -23"><span class='ocrx_word' id='word_1_77' title='bbox 221 1144 461 1212; x_wconf 66' lang='grc' dir='ltr'>σῶματτ.</span> <span class='ocrx_word' id='word_1_78' title='bbox 490 1145 562 1197; x_wconf 82' lang='grc' dir='ltr'><strong>Τὸ</strong></span> <span class='ocrx_word' id='word_1_79' title='bbox 594 1145 670 1210; x_wconf 79' lang='grc' dir='ltr'><strong>δὲ,</strong></span> <span class='ocrx_word' id='word_1_80' title='bbox 709 1163 725 1196; x_wconf 86' lang='grc' dir='ltr'><strong>ι</strong></span> <span class='ocrx_word' id='word_1_81' title='bbox 749 1146 1138 1218; x_wconf 8' lang='grc' dir='ltr'>’Υπὲρὶπάντκ</span> <span class='ocrx_word' id='word_1_82' title='bbox 1173 1167 1192 1200; x_wconf 74' lang='grc' dir='ltr'><strong>ι</strong></span> <span class='ocrx_word' id='word_1_83' title='bbox 1226 1147 1382 1201; x_wconf 83' lang='grc' dir='ltr'>τοῦτο</span> <span class='ocrx_word' id='word_1_84' title='bbox 1403 1149 1571 1218; x_wconf 86' lang='grc' dir='ltr'>δηλοῖ,</span> <span class='ocrx_word' id='word_1_85' title='bbox 1589 1149 1672 1202; x_wconf 87' lang='grc' dir='ltr'>ὃτι</span> <span class='ocrx_word' id='word_1_86' title='bbox 1698 1168 1788 1202; x_wconf 86' lang='grc' dir='ltr'>κε-</span> 
     </span>
    </p>
   </div>
   <div class='ocr_carea' id='block_1_13' title="bbox 213 1233 1785 1308">
    <p class='ocr_par' dir='ltr' id='par_1_13' title="bbox 213 1233 1785 1308">
     <span class='ocr_line' id='line_1_13' title="bbox 213 1233 1785 1308; baseline 0.003 -22"><span class='ocrx_word' id='word_1_87' title='bbox 213 1235 390 1304; x_wconf 72' lang='grc' dir='ltr'>φαλὴν</span> <span class='ocrx_word' id='word_1_88' title='bbox 434 1235 632 1288; x_wconf 78' lang='grc' dir='ltr'>ἔδωκεν</span> <span class='ocrx_word' id='word_1_89' title='bbox 681 1235 888 1306; x_wconf 62' lang='grc' dir='ltr'>ὑψηλὴν</span> <span class='ocrx_word' id='word_1_90' title='bbox 925 1238 1017 1288; x_wconf 74' lang='grc' dir='ltr'><strong>καὶ</strong></span> <span class='ocrx_word' id='word_1_91' title='bbox 1056 1237 1194 1306; x_wconf 80' lang='grc' dir='ltr'>ὑπὲρ</span> <span class='ocrx_word' id='word_1_92' title='bbox 1225 1236 1400 1289; x_wconf 81' lang='grc' dir='ltr'>πάντα</span> <span class='ocrx_word' id='word_1_93' title='bbox 1433 1233 1618 1302; x_wconf 76' lang='grc' dir='ltr'>οὖσαν,</span> <span class='ocrx_word' id='word_1_94' title='bbox 1647 1238 1785 1308; x_wconf 84' lang='grc' dir='ltr'>ὑπὲρ</span> 
     </span>
    </p>
   </div>
   <div class='ocr_carea' id='block_1_14' title="bbox 211 1328 1106 1400">
    <p class='ocr_par' dir='ltr' id='par_1_14' title="bbox 211 1328 1106 1400">
     <span class='ocr_line' id='line_1_14' title="bbox 211 1328 1106 1400; baseline 0.003 -21"><span class='ocrx_word' id='word_1_95' title='bbox 211 1329 502 1395; x_wconf 74' lang='grc' dir='ltr'><strong>ἀγγέλους,</strong></span> <span class='ocrx_word' id='word_1_96' title='bbox 541 1328 680 1397; x_wconf 86' lang='grc' dir='ltr'>ὑπὲρ</span> <span class='ocrx_word' id='word_1_97' title='bbox 707 1331 738 1381; x_wconf 86' lang='grc' dir='ltr'><strong>ἀ</strong></span> <span class='ocrx_word' id='word_1_98' title='bbox 751 1330 1106 1400; x_wconf 84' lang='grc' dir='ltr'>ρχαγγέλους.</span> 
     </span>
    </p>
   </div>
   <div class='ocr_carea' id='block_1_15' title="bbox 287 1419 1775 1491">
    <p class='ocr_par' dir='ltr' id='par_1_15' title="bbox 287 1419 1775 1491">
     <span class='ocr_line' id='line_1_15' title="bbox 287 1419 1775 1491; baseline 0.003 -21"><span class='ocrx_word' id='word_1_99' title='bbox 287 1437 307 1470; x_wconf 76' lang='grc' dir='ltr'><strong>ι</strong></span> <span class='ocrx_word' id='word_1_100' title='bbox 349 1419 511 1483; x_wconf 81' lang='grc' dir='ltr'>Ἤτις</span> <span class='ocrx_word' id='word_1_101' title='bbox 541 1421 657 1472; x_wconf 73' lang='grc' dir='ltr'>ἐστὶ</span> <span class='ocrx_word' id='word_1_102' title='bbox 689 1421 749 1472; x_wconf 89' lang='grc' dir='ltr'>τὺ</span> <span class='ocrx_word' id='word_1_103' title='bbox 776 1421 933 1488; x_wconf 84' lang='grc' dir='ltr'>σῶμα</span> <span class='ocrx_word' id='word_1_104' title='bbox 961 1419 1150 1485; x_wconf 85' lang='grc' dir='ltr'>αὐτοῦ,</span> <span class='ocrx_word' id='word_1_105' title='bbox 1179 1421 1245 1474; x_wconf 73' lang='grc' dir='ltr'>τὸ</span> <span class='ocrx_word' id='word_1_106' title='bbox 1273 1419 1545 1491; x_wconf 87' lang='grc' dir='ltr'>πλήρωμα</span> <span class='ocrx_word' id='word_1_107' title='bbox 1580 1420 1675 1474; x_wconf 91' lang='grc' dir='ltr'><strong>τοῦ</strong></span> <span class='ocrx_word' id='word_1_108' title='bbox 1706 1421 1775 1474; x_wconf 70' lang='grc' dir='ltr'>τὰ</span> 
     </span>
    </p>
   </div>
   <div class='ocr_carea' id='block_1_16' title="bbox 208 1510 1781 1580">
    <p class='ocr_par' dir='ltr' id='par_1_16' title="bbox 208 1510 1781 1580">
     <span class='ocr_line' id='line_1_16' title="bbox 208 1510 1781 1580; baseline -0.001 -16"><span class='ocrx_word' id='word_1_109' title='bbox 208 1512 390 1565; x_wconf 85' lang='grc' dir='ltr'>πάντα</span> <span class='ocrx_word' id='word_1_110' title='bbox 440 1513 496 1563; x_wconf 80' lang='grc' dir='ltr'>ἐν</span> <span class='ocrx_word' id='word_1_111' title='bbox 542 1511 674 1563; x_wconf 84' lang='grc' dir='ltr'>πᾶσι</span> <span class='ocrx_word' id='word_1_112' title='bbox 721 1511 1124 1580; x_wconf 75' lang='grc' dir='ltr'><strong>πληρουμένου.</strong></span> <span class='ocrx_word' id='word_1_113' title='bbox 1177 1528 1195 1563; x_wconf 73' lang='grc' dir='ltr'><strong>ι</strong></span> <span class='ocrx_word' id='word_1_114' title='bbox 1251 1510 1370 1564; x_wconf 83' lang='grc' dir='ltr'>Ἵνα</span> <span class='ocrx_word' id='word_1_115' title='bbox 1423 1511 1493 1580; x_wconf 75' lang='grc' dir='ltr'><strong>μὴ</strong></span> <span class='ocrx_word' id='word_1_116' title='bbox 1543 1510 1781 1570; x_wconf 85' lang='grc' dir='ltr'>ἀκούσας</span> 
     </span>
    </p>
   </div>
   <div class='ocr_carea' id='block_1_17' title="bbox 204 1601 1779 1673">
    <p class='ocr_par' dir='ltr' id='par_1_17' title="bbox 204 1601 1779 1673">
     <span class='ocr_line' id='line_1_17' title="bbox 204 1601 1779 1673; baseline 0 -17"><span class='ocrx_word' id='word_1_117' title='bbox 204 1604 471 1673; x_wconf 82' lang='grc' dir='ltr'>κεφαλὴν,</span> <span class='ocrx_word' id='word_1_118' title='bbox 503 1604 726 1673; x_wconf 79' lang='grc' dir='ltr'>νομίσῃς</span> <span class='ocrx_word' id='word_1_119' title='bbox 753 1603 929 1671; x_wconf 82' lang='grc' dir='ltr'>ἀρχήν</span> <span class='ocrx_word' id='word_1_120' title='bbox 949 1619 1070 1655; x_wconf 88' lang='grc' dir='ltr'>τινα</span> <span class='ocrx_word' id='word_1_121' title='bbox 1094 1603 1188 1655; x_wconf 73' lang='grc' dir='ltr'><strong>καὶ</strong></span> <span class='ocrx_word' id='word_1_122' title='bbox 1216 1601 1464 1666; x_wconf 74' lang='grc' dir='ltr'>ἐξουσίαν</span> <span class='ocrx_word' id='word_1_123' title='bbox 1487 1603 1779 1672; x_wconf 81' lang='grc' dir='ltr'><strong>δηλοῦσθαι</strong></span> 
     </span>
    </p>
   </div>
   <div class='ocr_carea' id='block_1_18' title="bbox 208 1691 1780 1763">
    <p class='ocr_par' dir='ltr' id='par_1_18' title="bbox 208 1691 1780 1763">
     <span class='ocr_line' id='line_1_18' title="bbox 208 1691 1780 1763; baseline -0.001 -16"><span class='ocrx_word' id='word_1_124' title='bbox 208 1697 225 1762; x_wconf 89' lang='grc'>(</span> <span class='ocrx_word' id='word_1_125' title='bbox 259 1695 410 1763; x_wconf 77' lang='grc' dir='ltr'>δηλοῖ</span> <span class='ocrx_word' id='word_1_126' title='bbox 450 1693 556 1763; x_wconf 81' lang='grc' dir='ltr'><strong>γάρ</strong></span> <span class='ocrx_word' id='word_1_127' title='bbox 595 1693 688 1746; x_wconf 80' lang='grc' dir='ltr'>καὶ</span> <span class='ocrx_word' id='word_1_128' title='bbox 722 1691 893 1745; x_wconf 84' lang='grc' dir='ltr'>ταῦτα</span> <span class='ocrx_word' id='word_1_129' title='bbox 933 1694 966 1762; x_wconf 84' lang='grc' dir='ltr'>ή</span> <span class='ocrx_word' id='word_1_130' title='bbox 1013 1692 1250 1762; x_wconf 67' lang='grc' dir='ltr'>κεφαλὴ)</span> <span class='ocrx_word' id='word_1_131' title='bbox 1275 1731 1290 1755; x_wconf 91' lang='grc'><strong>,</strong></span> <span class='ocrx_word' id='word_1_132' title='bbox 1325 1693 1526 1763; x_wconf 77' lang='grc' dir='ltr'>φησὶν,</span> <span class='ocrx_word' id='word_1_133' title='bbox 1576 1694 1657 1747; x_wconf 83' lang='grc' dir='ltr'>ὅτι</span> <span class='ocrx_word' id='word_1_134' title='bbox 1704 1694 1780 1757; x_wconf 86' lang='grc' dir='ltr'>ὡς</span> 
     </span>
    </p>
   </div>
   <div class='ocr_carea' id='block_1_19' title="bbox 207 1785 1774 1856">
    <p class='ocr_par' dir='ltr' id='par_1_19' title="bbox 207 1785 1774 1856">
     <span class='ocr_line' id='line_1_19' title="bbox 207 1785 1774 1856; baseline 0.001 -19"><span class='ocrx_word' id='word_1_135' title='bbox 207 1786 459 1855; x_wconf 78' lang='grc' dir='ltr'>σώματός</span> <span class='ocrx_word' id='word_1_136' title='bbox 505 1789 619 1839; x_wconf 82' lang='grc' dir='ltr'>ἐστι</span> <span class='ocrx_word' id='word_1_137' title='bbox 674 1785 883 1856; x_wconf 80' lang='grc' dir='ltr'>κεφαλὴ</span> <span class='ocrx_word' id='word_1_138' title='bbox 920 1787 1022 1855; x_wconf 83' lang='grc' dir='ltr'><strong>τῆς</strong></span> <span class='ocrx_word' id='word_1_139' title='bbox 1065 1785 1391 1855; x_wconf 83' lang='grc' dir='ltr'>Ἐκκλησίας</span> <span class='ocrx_word' id='word_1_140' title='bbox 1440 1788 1469 1839; x_wconf 82' lang='grc' dir='ltr'><em>ὁ</em></span> <span class='ocrx_word' id='word_1_141' title='bbox 1521 1786 1774 1856; x_wconf 84' lang='grc' dir='ltr'>Χριστὸς,</span> 
     </span>
    </p>
   </div>
   <div class='ocr_carea' id='block_1_20' title="bbox 1897 607 3457 678">
    <p class='ocr_par' dir='ltr' id='par_1_20' title="bbox 1897 607 3457 678">
     <span class='ocr_line' id='line_1_20' title="bbox 1897 607 3457 678; baseline 0.004 -17"><span class='ocrx_word' id='word_1_142' title='bbox 1897 622 2017 661; x_wconf 91' lang='lat' dir='ltr'><strong>eum</strong></span> <span class='ocrx_word' id='word_1_143' title='bbox 2066 607 2250 662; x_wconf 77' lang='lat' dir='ltr'><strong>fecerit</strong></span> <span class='ocrx_word' id='word_1_144' title='bbox 2280 609 2544 662; x_wconf 88' lang='lat' dir='ltr'><strong>omnium.</strong></span> <span class='ocrx_word' id='word_1_145' title='bbox 2593 609 2699 662; x_wconf 83' lang='lat' dir='ltr'><strong>Nec</strong></span> <span class='ocrx_word' id='word_1_146' title='bbox 2729 609 3043 676; x_wconf 90' lang='lat' dir='ltr'><strong>simpliciter</strong></span> <span class='ocrx_word' id='word_1_147' title='bbox 3084 612 3334 678; x_wconf 85' lang='lat' dir='ltr'><strong>subjecit,</strong></span> <span class='ocrx_word' id='word_1_148' title='bbox 3367 614 3457 667; x_wconf 90' lang='lat' dir='ltr'><strong>sed</strong></span> 
     </span>
    </p>
   </div>
   <div class='ocr_carea' id='block_1_21' title="bbox 1895 699 3453 772">
    <p class='ocr_par' dir='ltr' id='par_1_21' title="bbox 1895 699 3453 772">
     <span class='ocr_line' id='line_1_21' title="bbox 1895 699 3453 772; baseline 0.002 -18"><span class='ocrx_word' id='word_1_149' title='bbox 1895 709 2137 754; x_wconf 82' lang='lat' dir='ltr'><strong>extrema</strong></span> <span class='ocrx_word' id='word_1_150' title='bbox 2171 700 2504 768; x_wconf 76' lang='lat' dir='ltr'><strong>subiectione</strong></span> <span class='ocrx_word' id='word_1_151' title='bbox 2540 719 2552 753; x_wconf 89' lang='lat'><strong>:</strong></span> <span class='ocrx_word' id='word_1_152' title='bbox 2594 717 2611 750; x_wconf 85' lang='grc' dir='ltr'><strong>ι</strong></span> <span class='ocrx_word' id='word_1_153' title='bbox 2647 699 2757 754; x_wconf 93' lang='lat' dir='ltr'><strong>Sub</strong></span> <span class='ocrx_word' id='word_1_154' title='bbox 2789 700 2951 769; x_wconf 88' lang='lat' dir='ltr'><strong>pedes</strong></span> <span class='ocrx_word' id='word_1_155' title='bbox 2984 719 3002 751; x_wconf 73' lang='grc' dir='ltr'><strong>ι</strong></span> <span class='ocrx_word' id='word_1_156' title='bbox 3036 702 3178 754; x_wconf 86' lang='lat' dir='ltr'><strong>enim</strong></span> <span class='ocrx_word' id='word_1_157' title='bbox 3215 722 3233 755; x_wconf 85' lang='grc' dir='ltr'><strong>ι</strong></span> <span class='ocrx_word' id='word_1_158' title='bbox 3264 705 3399 772; x_wconf 83' lang='lat' dir='ltr'><strong>ejus.</strong></span> <span class='ocrx_word' id='word_1_159' title='bbox 3434 723 3453 756; x_wconf 74' lang='grc' dir='ltr'><strong>ι</strong></span> 
     </span>
    </p>
   </div>
   <div class='ocr_carea' id='block_1_22' title="bbox 1970 869 3452 941">
    <p class='ocr_par' dir='ltr' id='par_1_22' title="bbox 1970 869 3452 941">
     <span class='ocr_line' id='line_1_22' title="bbox 1970 869 3452 941; baseline 0 -17"><span class='ocrx_word' id='word_1_160' title='bbox 1970 890 1988 924; x_wconf 80' lang='grc' dir='ltr'><strong>ι</strong></span> <span class='ocrx_word' id='word_1_161' title='bbox 2028 872 2090 925; x_wconf 87' lang='lat' dir='ltr'><strong>Et</strong></span> <span class='ocrx_word' id='word_1_162' title='bbox 2124 873 2300 940; x_wconf 90' lang='lat' dir='ltr'><strong>ipsum</strong></span> <span class='ocrx_word' id='word_1_163' title='bbox 2349 872 2496 926; x_wconf 85' lang='lat' dir='ltr'><strong>dedit</strong></span> <span class='ocrx_word' id='word_1_164' title='bbox 2525 880 2686 941; x_wconf 81' lang='lat' dir='ltr'><strong>caput</strong></span> <span class='ocrx_word' id='word_1_165' title='bbox 2724 885 2883 937; x_wconf 88' lang='lat' dir='ltr'><strong>super</strong></span> <span class='ocrx_word' id='word_1_166' title='bbox 2909 871 3088 924; x_wconf 83' lang='lat' dir='ltr'><strong>omnia</strong></span> <span class='ocrx_word' id='word_1_167' title='bbox 3123 869 3392 926; x_wconf 58' lang='lat' dir='ltr'><strong>Ecclesia.</strong></span> <span class='ocrx_word' id='word_1_168' title='bbox 3433 891 3452 924; x_wconf 75' lang='grc' dir='ltr'><strong>ι</strong></span> 
     </span>
    </p>
   </div>
   <div class='ocr_carea' id='block_1_23' title="bbox 1892 963 3458 1034">
    <p class='ocr_par' dir='ltr' id='par_1_23' title="bbox 1892 963 3458 1034">
     <span class='ocr_line' id='line_1_23' title="bbox 1892 963 3458 1034; baseline -0.001 -16"><span class='ocrx_word' id='word_1_169' title='bbox 1892 963 2080 1034; x_wconf 66' lang='lat' dir='ltr'><strong>Papae!</strong></span> <span class='ocrx_word' id='word_1_170' title='bbox 2113 964 2407 1019; x_wconf 86' lang='lat' dir='ltr'><strong>Ecclesiam</strong></span> <span class='ocrx_word' id='word_1_171' title='bbox 2440 979 2650 1031; x_wconf 83' lang='lat' dir='ltr'><strong>quoque</strong></span> <span class='ocrx_word' id='word_1_172' title='bbox 2687 965 2738 1016; x_wconf 92' lang='lat' dir='ltr'><strong>in</strong></span> <span class='ocrx_word' id='word_1_173' title='bbox 2767 965 2954 1016; x_wconf 90' lang='lat' dir='ltr'><strong>eodem</strong></span> <span class='ocrx_word' id='word_1_174' title='bbox 2999 964 3193 1016; x_wconf 88' lang='lat' dir='ltr'><strong>throno</strong></span> <span class='ocrx_word' id='word_1_175' title='bbox 3225 964 3458 1017; x_wconf 85' lang='lat' dir='ltr'><strong>colloca-</strong></span> 
     </span>
    </p>
   </div>
   <div class='ocr_carea' id='block_1_24' title="bbox 1890 1054 3457 1124">
    <p class='ocr_par' dir='ltr' id='par_1_24' title="bbox 1890 1054 3457 1124">
     <span class='ocr_line' id='line_1_24' title="bbox 1890 1054 3457 1124; baseline -0.001 -14"><span class='ocrx_word' id='word_1_176' title='bbox 1890 1059 1965 1110; x_wconf 87' lang='lat' dir='ltr'><strong>vit</strong></span> <span class='ocrx_word' id='word_1_177' title='bbox 2000 1075 2013 1111; x_wconf 90' lang='lat'><strong>:</strong></span> <span class='ocrx_word' id='word_1_178' title='bbox 2048 1059 2133 1109; x_wconf 87' lang='lat' dir='ltr'><strong>ubi</strong></span> <span class='ocrx_word' id='word_1_179' title='bbox 2167 1057 2310 1110; x_wconf 85' lang='lat' dir='ltr'><strong>enim</strong></span> <span class='ocrx_word' id='word_1_180' title='bbox 2344 1063 2502 1124; x_wconf 85' lang='lat' dir='ltr'><strong>caput</strong></span> <span class='ocrx_word' id='word_1_181' title='bbox 2537 1065 2638 1118; x_wconf 89' lang='lat' dir='ltr'><strong>est,</strong></span> <span class='ocrx_word' id='word_1_182' title='bbox 2680 1056 2785 1108; x_wconf 90' lang='lat' dir='ltr'><strong>illic</strong></span> <span class='ocrx_word' id='word_1_183' title='bbox 2815 1063 2866 1108; x_wconf 91' lang='lat' dir='ltr'><strong>et</strong></span> <span class='ocrx_word' id='word_1_184' title='bbox 2899 1069 3113 1119; x_wconf 74' lang='lat' dir='ltr'><strong>corpus.</strong></span> <span class='ocrx_word' id='word_1_185' title='bbox 3153 1054 3304 1120; x_wconf 89' lang='lat' dir='ltr'><strong>Quod</strong></span> <span class='ocrx_word' id='word_1_186' title='bbox 3332 1071 3457 1109; x_wconf 84' lang='lat' dir='ltr'><strong>vero</strong></span> 
     </span>
    </p>
   </div>
   <div class='ocr_carea' id='block_1_25' title="bbox 1890 1147 3453 1220">
    <p class='ocr_par' dir='ltr' id='par_1_25' title="bbox 1890 1147 3453 1220">
     <span class='ocr_line' id='line_1_25' title="bbox 1890 1147 3453 1220; baseline -0.001 -18"><span class='ocrx_word' id='word_1_187' title='bbox 1890 1151 1983 1211; x_wconf 90' lang='lat' dir='ltr'><strong>ait,</strong></span> <span class='ocrx_word' id='word_1_188' title='bbox 2006 1150 2166 1220; x_wconf 80' lang='lat'><strong>377</strong></span> <span class='ocrx_word' id='word_1_189' title='bbox 2197 1169 2215 1201; x_wconf 88' lang='grc' dir='ltr'><strong>ι</strong></span> <span class='ocrx_word' id='word_1_190' title='bbox 2238 1150 2411 1218; x_wconf 88' lang='lat' dir='ltr'><strong>Super</strong></span> <span class='ocrx_word' id='word_1_191' title='bbox 2438 1148 2636 1210; x_wconf 81' lang='lat' dir='ltr'><strong>omnia,</strong></span> <span class='ocrx_word' id='word_1_192' title='bbox 2664 1166 2683 1197; x_wconf 76' lang='grc' dir='ltr'><strong>ι</strong></span> <span class='ocrx_word' id='word_1_193' title='bbox 2710 1147 2994 1211; x_wconf 69' lang='lat' dir='ltr'><strong>signiﬁcat,</strong></span> <span class='ocrx_word' id='word_1_194' title='bbox 3020 1152 3161 1216; x_wconf 87' lang='lat' dir='ltr'><strong>quod</strong></span> <span class='ocrx_word' id='word_1_195' title='bbox 3181 1151 3453 1203; x_wconf 80' lang='lat' dir='ltr'><strong>excelsum</strong></span> 
     </span>
    </p>
   </div>
   <div class='ocr_carea' id='block_1_26' title="bbox 1889 1242 3455 1311">
    <p class='ocr_par' dir='ltr' id='par_1_26' title="bbox 1889 1242 3455 1311">
     <span class='ocr_line' id='line_1_26' title="bbox 1889 1242 3455 1311; baseline -0.001 -15"><span class='ocrx_word' id='word_1_196' title='bbox 1889 1254 2046 1310; x_wconf 79' lang='lat' dir='ltr'><strong>caput</strong></span> <span class='ocrx_word' id='word_1_197' title='bbox 2067 1245 2301 1306; x_wconf 87' lang='lat' dir='ltr'><strong>dederit,</strong></span> <span class='ocrx_word' id='word_1_198' title='bbox 2336 1245 2474 1311; x_wconf 90' lang='lat' dir='ltr'><strong>quod</strong></span> <span class='ocrx_word' id='word_1_199' title='bbox 2507 1255 2669 1310; x_wconf 86' lang='lat' dir='ltr'><strong>super</strong></span> <span class='ocrx_word' id='word_1_200' title='bbox 2695 1242 2876 1293; x_wconf 84' lang='lat' dir='ltr'><strong>omnia</strong></span> <span class='ocrx_word' id='word_1_201' title='bbox 2901 1242 2992 1305; x_wconf 88' lang='lat' dir='ltr'><strong>sit,</strong></span> <span class='ocrx_word' id='word_1_202' title='bbox 3034 1242 3252 1310; x_wconf 81' lang='lat' dir='ltr'><strong>angelos</strong></span> <span class='ocrx_word' id='word_1_203' title='bbox 3280 1253 3332 1296; x_wconf 90' lang='lat' dir='ltr'><strong>ct</strong></span> <span class='ocrx_word' id='word_1_204' title='bbox 3365 1259 3455 1297; x_wconf 90' lang='lat' dir='ltr'><strong>su-</strong></span> 
     </span>
    </p>
   </div>
   <div class='ocr_carea' id='block_1_27' title="bbox 1887 1335 2382 1406">
    <p class='ocr_par' dir='ltr' id='par_1_27' title="bbox 1887 1335 2382 1406">
     <span class='ocr_line' id='line_1_27' title="bbox 1887 1335 2382 1406; baseline -0.002 -17"><span class='ocrx_word' id='word_1_205' title='bbox 1887 1351 1982 1406; x_wconf 88' lang='lat' dir='ltr'><strong>per</strong></span> <span class='ocrx_word' id='word_1_206' title='bbox 2008 1335 2382 1404; x_wconf 81' lang='lat' dir='ltr'><strong>archangelos.</strong></span> 
     </span>
    </p>
   </div>
   <div class='ocr_carea' id='block_1_28' title="bbox 1955 1427 3454 1497">
    <p class='ocr_par' dir='ltr' id='par_1_28' title="bbox 1955 1427 3454 1497">
     <span class='ocr_line' id='line_1_28' title="bbox 1955 1427 3454 1497; baseline -0.001 -15"><span class='ocrx_word' id='word_1_207' title='bbox 1955 1429 2120 1483; x_wconf 69' lang='lat' dir='ltr'><strong>Vens.</strong></span> <span class='ocrx_word' id='word_1_208' title='bbox 2150 1429 2242 1480; x_wconf 75' lang='grc'><strong>25.</strong></span> <span class='ocrx_word' id='word_1_209' title='bbox 2277 1447 2295 1478; x_wconf 78' lang='grc' dir='ltr'><strong>ι</strong></span> <span class='ocrx_word' id='word_1_210' title='bbox 2328 1431 2455 1493; x_wconf 75' lang='lat' dir='ltr'><strong>Qua:</strong></span> <span class='ocrx_word' id='word_1_211' title='bbox 2487 1437 2569 1482; x_wconf 92' lang='lat' dir='ltr'><strong>est</strong></span> <span class='ocrx_word' id='word_1_212' title='bbox 2597 1443 2792 1497; x_wconf 91' lang='lat' dir='ltr'><strong>corpus</strong></span> <span class='ocrx_word' id='word_1_213' title='bbox 2817 1428 3006 1496; x_wconf 85' lang='lat' dir='ltr'><strong>ipsius,</strong></span> <span class='ocrx_word' id='word_1_214' title='bbox 3039 1428 3312 1493; x_wconf 79' lang='lat' dir='ltr'><strong>plenitudo</strong></span> <span class='ocrx_word' id='word_1_215' title='bbox 3334 1427 3454 1495; x_wconf 86' lang='lat' dir='ltr'><strong>ejus</strong></span> 
     </span>
    </p>
   </div>
   <div class='ocr_carea' id='block_1_29' title="bbox 1883 1519 3454 1592">
    <p class='ocr_par' dir='ltr' id='par_1_29' title="bbox 1883 1519 3454 1592">
     <span class='ocr_line' id='line_1_29' title="bbox 1883 1519 3454 1592; baseline 0.001 -18"><span class='ocrx_word' id='word_1_216' title='bbox 1883 1522 1973 1592; x_wconf 86' lang='lat' dir='ltr'><strong>qui</strong></span> <span class='ocrx_word' id='word_1_217' title='bbox 2008 1523 2186 1576; x_wconf 86' lang='lat' dir='ltr'><strong>omnia</strong></span> <span class='ocrx_word' id='word_1_218' title='bbox 2220 1523 2272 1574; x_wconf 93' lang='lat' dir='ltr'><strong>in</strong></span> <span class='ocrx_word' id='word_1_219' title='bbox 2307 1521 2556 1574; x_wconf 90' lang='lat' dir='ltr'><strong>omnibus</strong></span> <span class='ocrx_word' id='word_1_220' title='bbox 2582 1521 2925 1588; x_wconf 86' lang='lat' dir='ltr'><strong>adimpletur.</strong></span> <span class='ocrx_word' id='word_1_221' title='bbox 2965 1541 2984 1573; x_wconf 71' lang='grc' dir='ltr'><strong>ι</strong></span> <span class='ocrx_word' id='word_1_222' title='bbox 3018 1519 3115 1583; x_wconf 82' lang='lat' dir='ltr'><strong>Ne,</strong></span> <span class='ocrx_word' id='word_1_223' title='bbox 3141 1523 3326 1575; x_wconf 88' lang='lat' dir='ltr'><strong>audito</strong></span> <span class='ocrx_word' id='word_1_224' title='bbox 3360 1537 3454 1575; x_wconf 84' lang='lat' dir='ltr'><strong>ea-</strong></span> 
     </span>
    </p>
   </div>
   <div class='ocr_carea' id='block_1_30' title="bbox 1882 1613 3452 1687">
    <p class='ocr_par' dir='ltr' id='par_1_30' title="bbox 1882 1613 3452 1687">
     <span class='ocr_line' id='line_1_30' title="bbox 1882 1613 3452 1687; baseline -0.002 -17"><span class='ocrx_word' id='word_1_225' title='bbox 1882 1617 2015 1687; x_wconf 89' lang='lat' dir='ltr'><strong>pite,</strong></span> <span class='ocrx_word' id='word_1_226' title='bbox 2044 1625 2198 1685; x_wconf 85' lang='lat' dir='ltr'><strong>putes</strong></span> <span class='ocrx_word' id='word_1_227' title='bbox 2237 1615 2593 1683; x_wconf 84' lang='lat' dir='ltr'><strong>principatum</strong></span> <span class='ocrx_word' id='word_1_228' title='bbox 2625 1613 2858 1683; x_wconf 83' lang='lat' dir='ltr'><strong>aliquem</strong></span> <span class='ocrx_word' id='word_1_229' title='bbox 2896 1614 2976 1667; x_wconf 92' lang='lat' dir='ltr'><strong>vel</strong></span> <span class='ocrx_word' id='word_1_230' title='bbox 3016 1623 3332 1682; x_wconf 85' lang='lat' dir='ltr'><strong>potestatem</strong></span> <span class='ocrx_word' id='word_1_231' title='bbox 3379 1614 3452 1667; x_wconf 80' lang='lat' dir='ltr'><strong>si-</strong></span> 
     </span>
    </p>
   </div>
   <div class='ocr_carea' id='block_1_31' title="bbox 1881 1704 3451 1779">
    <p class='ocr_par' dir='ltr' id='par_1_31' title="bbox 1881 1704 3451 1779">
     <span class='ocr_line' id='line_1_31' title="bbox 1881 1704 3451 1779; baseline -0.003 -17"><span class='ocrx_word' id='word_1_232' title='bbox 1881 1709 2124 1779; x_wconf 76' lang='lat' dir='ltr'><strong>gniﬁcari</strong></span> <span class='ocrx_word' id='word_1_233' title='bbox 2157 1713 2300 1777; x_wconf 86' lang='lat' dir='ltr'><strong>(nam</strong></span> <span class='ocrx_word' id='word_1_234' title='bbox 2335 1715 2388 1760; x_wconf 90' lang='lat' dir='ltr'><strong>et</strong></span> <span class='ocrx_word' id='word_1_235' title='bbox 2417 1707 2528 1759; x_wconf 77' lang='lat' dir='ltr'><strong>hzec</strong></span> <span class='ocrx_word' id='word_1_236' title='bbox 2546 1714 2702 1771; x_wconf 81' lang='lat' dir='ltr'><strong>caput</strong></span> <span class='ocrx_word' id='word_1_237' title='bbox 2726 1704 3037 1773; x_wconf 77' lang='lat' dir='ltr'><strong>signiﬁcat),</strong></span> <span class='ocrx_word' id='word_1_238' title='bbox 3086 1706 3180 1765; x_wconf 87' lang='lat' dir='ltr'><strong>ait,</strong></span> <span class='ocrx_word' id='word_1_239' title='bbox 3203 1705 3451 1760; x_wconf 85' lang='lat' dir='ltr'><strong>Christus</strong></span> 
     </span>
    </p>
   </div>
   <div class='ocr_carea' id='block_1_32' title="bbox 1880 1793 3449 1866">
    <p class='ocr_par' dir='ltr' id='par_1_32' title="bbox 1880 1793 3449 1866">
     <span class='ocr_line' id='line_1_32' title="bbox 1880 1793 3449 1866; baseline -0.005 -14"><span class='ocrx_word' id='word_1_240' title='bbox 1880 1809 1962 1852; x_wconf 87' lang='lat' dir='ltr'><strong>est</strong></span> <span class='ocrx_word' id='word_1_241' title='bbox 1991 1807 2150 1866; x_wconf 84' lang='lat' dir='ltr'><strong>caput</strong></span> <span class='ocrx_word' id='word_1_242' title='bbox 2173 1795 2426 1851; x_wconf 65' lang='lat' dir='ltr'><strong>Ecclesia</strong></span> <span class='ocrx_word' id='word_1_243' title='bbox 2457 1794 2619 1848; x_wconf 90' lang='lat' dir='ltr'><strong>veluti</strong></span> <span class='ocrx_word' id='word_1_244' title='bbox 2647 1795 2909 1863; x_wconf 84' lang='lat' dir='ltr'><strong>corporis,</strong></span> <span class='ocrx_word' id='word_1_245' title='bbox 2943 1806 3099 1862; x_wconf 89' lang='lat' dir='ltr'><strong>atque</strong></span> <span class='ocrx_word' id='word_1_246' title='bbox 3121 1795 3193 1847; x_wconf 90' lang='lat' dir='ltr'><strong>ita</strong></span> <span class='ocrx_word' id='word_1_247' title='bbox 3219 1793 3292 1846; x_wconf 89' lang='lat' dir='ltr'><strong>illi</strong></span> <span class='ocrx_word' id='word_1_248' title='bbox 3316 1809 3449 1847; x_wconf 83' lang='lat' dir='ltr'><strong>con-</strong></span> 
     </span>
    </p>
   </div>
   <div class='ocr_carea' id='block_1_33' title="bbox 203 1858 1872 1958">
    <p class='ocr_par' dir='ltr' id='par_1_33' title="bbox 203 1858 1850 1946">
     <span class='ocr_line' id='line_1_33' title="bbox 203 1858 1850 1946; baseline -0.002 -16"><span class='ocrx_word' id='word_1_249' title='bbox 203 1881 302 1931; x_wconf 72' lang='grc' dir='ltr'><strong>καὶ</strong></span> <span class='ocrx_word' id='word_1_250' title='bbox 362 1878 503 1930; x_wconf 76' lang='grc' dir='ltr'>οὕτω</span> <span class='ocrx_word' id='word_1_251' title='bbox 557 1878 825 1946; x_wconf 79' lang='grc' dir='ltr'>συγγενὴς</span> <span class='ocrx_word' id='word_1_252' title='bbox 879 1876 1016 1945; x_wconf 81' lang='grc' dir='ltr'>αὐτῇ</span> <span class='ocrx_word' id='word_1_253' title='bbox 1077 1876 1172 1930; x_wconf 73' lang='grc' dir='ltr'>καὶ</span> <span class='ocrx_word' id='word_1_254' title='bbox 1222 1876 1540 1944; x_wconf 79' lang='grc' dir='ltr'>ἡνωμένοςο</span> <span class='ocrx_word' id='word_1_255' title='bbox 1596 1876 1690 1929; x_wconf 84' lang='grc' dir='ltr'>καὶ</span> <span class='ocrx_word' id='word_1_256' title='bbox 1739 1877 1774 1946; x_wconf 78' lang='grc' dir='ltr'>ἡ</span> <span class='ocrx_word' id='word_1_257' title='bbox 1808 1858 1850 1914; x_wconf 76' lang='grc' dir='ltr'>Β</span> 
     </span>
    </p>
   </div>
   <div class='ocr_carea' id='block_1_34' title="bbox 1780 1858 3449 1958">
    <p class='ocr_par' dir='ltr' id='par_1_34' title="bbox 1808 1858 3449 1958">
     <span class='ocr_line' id='line_1_34' title="bbox 1808 1858 3449 1958; baseline -0.004 -16"><span class='ocrx_word' id='word_1_258' title='bbox 1808 1858 1850 1914; x_wconf 74' lang='grc' dir='ltr'><strong><em>Β</em></strong></span> <span class='ocrx_word' id='word_1_259' title='bbox 1875 1858 2094 1958; x_wconf 74' lang='lat' dir='ltr'><strong>junctus</strong></span> <span class='ocrx_word' id='word_1_260' title='bbox 2125 1895 2179 1942; x_wconf 89' lang='lat' dir='ltr'><strong>et</strong></span> <span class='ocrx_word' id='word_1_261' title='bbox 2208 1889 2429 1942; x_wconf 86' lang='lat' dir='ltr'><strong>unitus:</strong></span> <span class='ocrx_word' id='word_1_262' title='bbox 2467 1883 2703 1938; x_wconf 80' lang='lat' dir='ltr'><strong>Ecclesia</strong></span> <span class='ocrx_word' id='word_1_263' title='bbox 2735 1858 2815 1938; x_wconf 80' lang='lat' dir='ltr'><strong>est</strong></span> <span class='ocrx_word' id='word_1_264' title='bbox 2849 1858 3122 1951; x_wconf 80' lang='lat' dir='ltr'><strong>plenitudo</strong></span> <span class='ocrx_word' id='word_1_265' title='bbox 3156 1883 3344 1952; x_wconf 89' lang='lat' dir='ltr'><strong>ipsius.</strong></span> <span class='ocrx_word' id='word_1_266' title='bbox 3379 1881 3449 1939; x_wconf 91' lang='lat' dir='ltr'><strong>Ut</strong></span> 
     </span>
    </p>
   </div>
   <div class='ocr_carea' id='block_1_35' title="bbox 216 1969 1776 2040">
    <p class='ocr_par' dir='ltr' id='par_1_35' title="bbox 216 1969 1776 2040">
     <span class='ocr_line' id='line_1_35' title="bbox 216 1969 1776 2040; baseline 0.001 -18"><span class='ocrx_word' id='word_1_267' title='bbox 216 1970 510 2038; x_wconf 74' lang='grc' dir='ltr'><strong>Ἐκκλησία</strong></span> <span class='ocrx_word' id='word_1_268' title='bbox 554 1971 830 2040; x_wconf 85' lang='grc' dir='ltr'>πλήρωμά</span> <span class='ocrx_word' id='word_1_269' title='bbox 871 1972 1017 2023; x_wconf 73' lang='grc' dir='ltr'>ἐστιν</span> <span class='ocrx_word' id='word_1_270' title='bbox 1073 1969 1262 2026; x_wconf 83' lang='grc' dir='ltr'>αὑτοῦ.</span> <span class='ocrx_word' id='word_1_271' title='bbox 1297 1971 1509 2040; x_wconf 84' lang='grc' dir='ltr'>Ὥσπερ</span> <span class='ocrx_word' id='word_1_272' title='bbox 1569 1970 1680 2040; x_wconf 86' lang='grc' dir='ltr'><strong>γάρ</strong></span> <span class='ocrx_word' id='word_1_273' title='bbox 1714 1969 1776 2023; x_wconf 78' lang='grc' dir='ltr'>τὸ</span> 
     </span>
    </p>
   </div>
   <div class='ocr_carea' id='block_1_36' title="bbox 203 2060 1774 2131">
    <p class='ocr_par' dir='ltr' id='par_1_36' title="bbox 203 2060 1774 2131">
     <span class='ocr_line' id='line_1_36' title="bbox 203 2060 1774 2131; baseline -0.001 -18"><span class='ocrx_word' id='word_1_274' title='bbox 203 2063 364 2130; x_wconf 80' lang='grc' dir='ltr'>σῶμα</span> <span class='ocrx_word' id='word_1_275' title='bbox 394 2063 671 2129; x_wconf 75' lang='grc' dir='ltr'>πλήρωμά</span> <span class='ocrx_word' id='word_1_276' title='bbox 710 2065 826 2115; x_wconf 78' lang='grc' dir='ltr'>ἐστι</span> <span class='ocrx_word' id='word_1_277' title='bbox 851 2061 950 2128; x_wconf 79' lang='grc' dir='ltr'>τῆς</span> <span class='ocrx_word' id='word_1_278' title='bbox 994 2061 1263 2131; x_wconf 79' lang='grc' dir='ltr'>κεφαλῆς,</span> <span class='ocrx_word' id='word_1_279' title='bbox 1299 2061 1647 2130; x_wconf 80' lang='grc' dir='ltr'>ἀναπληροῦν</span> <span class='ocrx_word' id='word_1_280' title='bbox 1678 2060 1774 2114; x_wconf 80' lang='grc' dir='ltr'>αὑ·</span> 
     </span>
    </p>
   </div>
   <div class='ocr_carea' id='block_1_37' title="bbox 198 2151 1774 2221">
    <p class='ocr_par' dir='ltr' id='par_1_37' title="bbox 198 2151 1774 2221">
     <span class='ocr_line' id='line_1_37' title="bbox 198 2151 1774 2221; baseline 0.001 -18"><span class='ocrx_word' id='word_1_281' title='bbox 198 2155 301 2219; x_wconf 70' lang='grc' dir='ltr'><strong>τὴν</strong></span> <span class='ocrx_word' id='word_1_282' title='bbox 328 2153 415 2204; x_wconf 67' lang='grc' dir='ltr'>διὰ</span> <span class='ocrx_word' id='word_1_283' title='bbox 440 2152 546 2203; x_wconf 79' lang='grc' dir='ltr'><strong>τῶν</strong></span> <span class='ocrx_word' id='word_1_284' title='bbox 578 2152 794 2204; x_wconf 81' lang='grc' dir='ltr'>οἰκείων</span> <span class='ocrx_word' id='word_1_285' title='bbox 833 2152 1011 2218; x_wconf 86' lang='grc' dir='ltr'>μελῶν</span> <span class='ocrx_word' id='word_1_286' title='bbox 1039 2168 1051 2180; x_wconf 87' lang='grc'>·</span> <span class='ocrx_word' id='word_1_287' title='bbox 1085 2151 1229 2204; x_wconf 80' lang='grc' dir='ltr'>οὕτω</span> <span class='ocrx_word' id='word_1_288' title='bbox 1275 2152 1371 2205; x_wconf 75' lang='grc' dir='ltr'><strong>καὶ</strong></span> <span class='ocrx_word' id='word_1_289' title='bbox 1403 2153 1433 2221; x_wconf 85' lang='grc' dir='ltr'><strong>ή</strong></span> <span class='ocrx_word' id='word_1_290' title='bbox 1478 2151 1774 2220; x_wconf 75' lang='grc' dir='ltr'>Ἐκκλησία</span> 
     </span>
    </p>
   </div>
   <div class='ocr_carea' id='block_1_38' title="bbox 198 2242 1770 2310">
    <p class='ocr_par' dir='ltr' id='par_1_38' title="bbox 198 2242 1770 2310">
     <span class='ocr_line' id='line_1_38' title="bbox 198 2242 1770 2310; baseline 0.001 -18"><span class='ocrx_word' id='word_1_291' title='bbox 198 2243 475 2310; x_wconf 71' lang='grc' dir='ltr'>πλήρωμά</span> <span class='ocrx_word' id='word_1_292' title='bbox 497 2245 610 2295; x_wconf 78' lang='grc' dir='ltr'>ἐστι</span> <span class='ocrx_word' id='word_1_293' title='bbox 640 2243 732 2294; x_wconf 77' lang='grc' dir='ltr'><strong>τοῦ</strong></span> <span class='ocrx_word' id='word_1_294' title='bbox 762 2242 1023 2310; x_wconf 79' lang='grc' dir='ltr'>Χριστοῦ,</span> <span class='ocrx_word' id='word_1_295' title='bbox 1055 2261 1073 2294; x_wconf 89' lang='grc' dir='ltr'><strong>ι</strong></span> <span class='ocrx_word' id='word_1_296' title='bbox 1110 2243 1205 2296; x_wconf 89' lang='grc' dir='ltr'><strong>τοῦ</strong></span> <span class='ocrx_word' id='word_1_297' title='bbox 1237 2242 1304 2295; x_wconf 72' lang='grc' dir='ltr'>τὰ</span> <span class='ocrx_word' id='word_1_298' title='bbox 1331 2245 1508 2297; x_wconf 84' lang='grc' dir='ltr'>πάντα</span> <span class='ocrx_word' id='word_1_299' title='bbox 1541 2245 1598 2295; x_wconf 84' lang='grc' dir='ltr'>ὲν</span> <span class='ocrx_word' id='word_1_300' title='bbox 1641 2245 1770 2296; x_wconf 73' lang='grc' dir='ltr'>πᾶσι</span> 
     </span>
    </p>
   </div>
   <div class='ocr_carea' id='block_1_39' title="bbox 199 2333 1771 2408">
    <p class='ocr_par' dir='ltr' id='par_1_39' title="bbox 199 2333 1771 2408">
     <span class='ocr_line' id='line_1_39' title="bbox 199 2333 1771 2408; baseline 0.004 -24"><span class='ocrx_word' id='word_1_301' title='bbox 199 2334 604 2403; x_wconf 55' lang='grc' dir='ltr'>πλημυμὲνου.</span> <span class='ocrx_word' id='word_1_302' title='bbox 641 2354 658 2385; x_wconf 77' lang='grc' dir='ltr'><strong>ι</strong></span> <span class='ocrx_word' id='word_1_303' title='bbox 711 2335 1018 2406; x_wconf 86' lang='grc' dir='ltr'>Πληροῦται</span> <span class='ocrx_word' id='word_1_304' title='bbox 1049 2337 1156 2406; x_wconf 78' lang='grc' dir='ltr'>γὰρ</span> <span class='ocrx_word' id='word_1_305' title='bbox 1178 2339 1204 2390; x_wconf 83' lang='grc' dir='ltr'>ὁ</span> <span class='ocrx_word' id='word_1_306' title='bbox 1234 2338 1488 2408; x_wconf 82' lang='grc' dir='ltr'>Χριστὸς,</span> <span class='ocrx_word' id='word_1_307' title='bbox 1541 2338 1634 2390; x_wconf 77' lang='grc' dir='ltr'><strong>καὶ</strong></span> <span class='ocrx_word' id='word_1_308' title='bbox 1661 2333 1771 2391; x_wconf 71' lang='grc' dir='ltr'>οἷον</span> 
     </span>
    </p>
   </div>
   <div class='ocr_carea' id='block_1_40' title="bbox 197 2423 1766 2497">
    <p class='ocr_par' dir='ltr' id='par_1_40' title="bbox 197 2423 1766 2497">
     <span class='ocr_line' id='line_1_40' title="bbox 197 2423 1766 2497; baseline 0.004 -21"><span class='ocrx_word' id='word_1_309' title='bbox 197 2423 596 2493; x_wconf 78' lang='grc' dir='ltr'>ἀναγεμίζεται</span> <span class='ocrx_word' id='word_1_310' title='bbox 624 2426 691 2479; x_wconf 90' lang='grc' dir='ltr'><strong>τά</strong></span> <span class='ocrx_word' id='word_1_311' title='bbox 730 2428 907 2479; x_wconf 81' lang='grc' dir='ltr'>πάντα</span> <span class='ocrx_word' id='word_1_312' title='bbox 940 2428 1075 2497; x_wconf 85' lang='grc' dir='ltr'>μέλη</span> <span class='ocrx_word' id='word_1_313' title='bbox 1123 2429 1184 2480; x_wconf 79' lang='grc' dir='ltr'>ὲν</span> <span class='ocrx_word' id='word_1_314' title='bbox 1217 2429 1351 2481; x_wconf 78' lang='grc' dir='ltr'>πᾶσι</span> <span class='ocrx_word' id='word_1_315' title='bbox 1381 2430 1494 2490; x_wconf 80' lang='grc' dir='ltr'>τοῖς</span> <span class='ocrx_word' id='word_1_316' title='bbox 1519 2433 1727 2493; x_wconf 80' lang='grc' dir='ltr'>πιστοῖς</span> <span class='ocrx_word' id='word_1_317' title='bbox 1752 2447 1766 2461; x_wconf 86' lang='grc'><strong>·</strong></span> 
     </span>
    </p>
   </div>
   <div class='ocr_carea' id='block_1_41' title="bbox 197 2510 1771 2586">
    <p class='ocr_par' dir='ltr' id='par_1_41' title="bbox 197 2510 1771 2586">
     <span class='ocr_line' id='line_1_41' title="bbox 197 2510 1771 2586; baseline 0.003 -19"><span class='ocrx_word' id='word_1_318' title='bbox 197 2510 311 2567; x_wconf 73' lang='grc' dir='ltr'>οἷον</span> <span class='ocrx_word' id='word_1_319' title='bbox 359 2516 455 2584; x_wconf 82' lang='grc' dir='ltr'>τὴν</span> <span class='ocrx_word' id='word_1_320' title='bbox 502 2519 657 2584; x_wconf 77' lang='grc' dir='ltr'>χεῖρα</span> <span class='ocrx_word' id='word_1_321' title='bbox 699 2515 1106 2585; x_wconf 74' lang='grc' dir='ltr'>ἀναπληροῦται</span> <span class='ocrx_word' id='word_1_322' title='bbox 1149 2519 1207 2568; x_wconf 83' lang='grc' dir='ltr'>ὲν</span> <span class='ocrx_word' id='word_1_323' title='bbox 1245 2516 1321 2583; x_wconf 84' lang='grc' dir='ltr'>τῷ</span> <span class='ocrx_word' id='word_1_324' title='bbox 1371 2517 1626 2586; x_wconf 77' lang='grc' dir='ltr'>ὲλεήμονι</span> <span class='ocrx_word' id='word_1_325' title='bbox 1677 2521 1771 2571; x_wconf 89' lang='grc' dir='ltr'>ἀν-</span> 
     </span>
    </p>
   </div>
   <div class='ocr_carea' id='block_1_42' title="bbox 199 2607 1767 2679">
    <p class='ocr_par' dir='ltr' id='par_1_42' title="bbox 199 2607 1767 2679">
     <span class='ocr_line' id='line_1_42' title="bbox 199 2607 1767 2679; baseline 0.002 -20"><span class='ocrx_word' id='word_1_326' title='bbox 199 2608 426 2676; x_wconf 53' lang='lat' dir='ltr'><strong>Optime),</strong></span> <span class='ocrx_word' id='word_1_327' title='bbox 468 2607 562 2660; x_wconf 73' lang='grc' dir='ltr'><strong>καὶ</strong></span> <span class='ocrx_word' id='word_1_328' title='bbox 609 2607 685 2676; x_wconf 84' lang='grc' dir='ltr'>τῷ</span> <span class='ocrx_word' id='word_1_329' title='bbox 719 2608 895 2669; x_wconf 75' lang='grc' dir='ltr'>ἄλλως</span> <span class='ocrx_word' id='word_1_330' title='bbox 930 2607 1036 2660; x_wconf 85' lang='grc' dir='ltr'><strong>τῶν</strong></span> <span class='ocrx_word' id='word_1_331' title='bbox 1083 2607 1328 2661; x_wconf 82' lang='grc' dir='ltr'>ἀσθενῶν</span> <span class='ocrx_word' id='word_1_332' title='bbox 1377 2609 1767 2679; x_wconf 78' lang='grc' dir='ltr'>ἀντιλαμϐανο-</span> 
     </span>
    </p>
   </div>
   <div class='ocr_carea' id='block_1_43' title="bbox 200 2700 1769 2769">
    <p class='ocr_par' dir='ltr' id='par_1_43' title="bbox 200 2700 1769 2769">
     <span class='ocr_line' id='line_1_43' title="bbox 200 2700 1769 2769; baseline 0.002 -18"><span class='ocrx_word' id='word_1_333' title='bbox 200 2702 353 2767; x_wconf 79' lang='grc' dir='ltr'>μένῳ</span> <span class='ocrx_word' id='word_1_334' title='bbox 375 2716 388 2729; x_wconf 85' lang='grc'>·</span> <span class='ocrx_word' id='word_1_335' title='bbox 421 2701 510 2752; x_wconf 78' lang='grc' dir='ltr'><strong>τὸν</strong></span> <span class='ocrx_word' id='word_1_336' title='bbox 546 2700 682 2752; x_wconf 85' lang='grc' dir='ltr'><strong>πόδα</strong></span> <span class='ocrx_word' id='word_1_337' title='bbox 715 2700 1124 2769; x_wconf 76' lang='grc' dir='ltr'>ἀναπληροῦται</span> <span class='ocrx_word' id='word_1_338' title='bbox 1158 2702 1217 2751; x_wconf 73' lang='grc' dir='ltr'>ἐν</span> <span class='ocrx_word' id='word_1_339' title='bbox 1247 2700 1325 2768; x_wconf 82' lang='grc' dir='ltr'><strong>τῷ</strong></span> <span class='ocrx_word' id='word_1_340' title='bbox 1358 2701 1498 2769; x_wconf 78' lang='grc' dir='ltr'>ὑπὲρ</span> <span class='ocrx_word' id='word_1_341' title='bbox 1538 2701 1630 2754; x_wconf 83' lang='grc' dir='ltr'><strong>τοῦ</strong></span> <span class='ocrx_word' id='word_1_342' title='bbox 1680 2702 1769 2754; x_wconf 82' lang='grc' dir='ltr'><strong>λό-</strong></span> 
     </span>
    </p>
   </div>
   <div class='ocr_carea' id='block_1_44' title="bbox 197 2790 1770 2860">
    <p class='ocr_par' dir='ltr' id='par_1_44' title="bbox 197 2790 1770 2860">
     <span class='ocr_line' id='line_1_44' title="bbox 197 2790 1770 2860; baseline 0.001 -17"><span class='ocrx_word' id='word_1_343' title='bbox 197 2808 300 2858; x_wconf 86' lang='grc' dir='ltr'><strong>γου</strong></span> <span class='ocrx_word' id='word_1_344' title='bbox 331 2791 720 2860; x_wconf 81' lang='grc' dir='ltr'>ἀποδημοῦντι,</span> <span class='ocrx_word' id='word_1_345' title='bbox 762 2793 818 2843; x_wconf 87' lang='grc' dir='ltr'>ὲν</span> <span class='ocrx_word' id='word_1_346' title='bbox 843 2791 918 2860; x_wconf 86' lang='grc' dir='ltr'>τῷ</span> <span class='ocrx_word' id='word_1_347' title='bbox 950 2791 1402 2860; x_wconf 80' lang='grc' dir='ltr'>ὲπισκεπτομένῳ</span> <span class='ocrx_word' id='word_1_348' title='bbox 1437 2790 1564 2854; x_wconf 80' lang='grc' dir='ltr'>τοὺς</span> <span class='ocrx_word' id='word_1_349' title='bbox 1616 2792 1770 2844; x_wconf 78' lang='grc' dir='ltr'>ἀδελο</span> 
     </span>
    </p>
   </div>
   <div class='ocr_carea' id='block_1_45' title="bbox 198 2882 1770 2952">
    <p class='ocr_par' dir='ltr' id='par_1_45' title="bbox 198 2882 1770 2952">
     <span class='ocr_line' id='line_1_45' title="bbox 198 2882 1770 2952; baseline 0.003 -19"><span class='ocrx_word' id='word_1_350' title='bbox 198 2883 334 2950; x_wconf 70' lang='grc' dir='ltr'>φούς</span> <span class='ocrx_word' id='word_1_351' title='bbox 357 2901 368 2913; x_wconf 93' lang='grc'><strong>·</strong></span> <span class='ocrx_word' id='word_1_352' title='bbox 403 2883 500 2935; x_wconf 76' lang='grc' dir='ltr'>καὶ</span> <span class='ocrx_word' id='word_1_353' title='bbox 529 2884 655 2936; x_wconf 78' lang='grc' dir='ltr'>ἄλλο</span> <span class='ocrx_word' id='word_1_354' title='bbox 694 2883 852 2950; x_wconf 85' lang='grc' dir='ltr'>μέλος</span> <span class='ocrx_word' id='word_1_355' title='bbox 879 2885 936 2946; x_wconf 57' lang='grc' dir='ltr'><strong>ἐν</strong></span> <span class='ocrx_word' id='word_1_356' title='bbox 957 2883 1098 2952; x_wconf 83' lang='grc' dir='ltr'>ἄλλῳ</span> <span class='ocrx_word' id='word_1_357' title='bbox 1128 2882 1236 2935; x_wconf 84' lang='grc' dir='ltr'><strong>τῶν</strong></span> <span class='ocrx_word' id='word_1_358' title='bbox 1269 2883 1499 2936; x_wconf 84' lang='grc' dir='ltr'>πιστῶν.</span> <span class='ocrx_word' id='word_1_359' title='bbox 1552 2885 1658 2938; x_wconf 61' lang='grc' dir='ltr'><strong>Καὶ⁵</strong></span> <span class='ocrx_word' id='word_1_360' title='bbox 1681 2885 1770 2937; x_wconf 87' lang='grc' dir='ltr'>οῦ-</span> 
     </span>
    </p>
   </div>
   <div class='ocr_carea' id='block_1_46' title="bbox 194 2973 1769 3044">
    <p class='ocr_par' dir='ltr' id='par_1_46' title="bbox 194 2973 1769 3044">
     <span class='ocr_line' id='line_1_46' title="bbox 194 2973 1769 3044; baseline 0.003 -20"><span class='ocrx_word' id='word_1_361' title='bbox 194 2991 308 3034; x_wconf 81' lang='grc' dir='ltr'><strong>τως</strong></span> <span class='ocrx_word' id='word_1_362' title='bbox 339 2973 742 3042; x_wconf 77' lang='grc' dir='ltr'>ἀναπληροῦται</span> <span class='ocrx_word' id='word_1_363' title='bbox 786 2974 854 3026; x_wconf 76' lang='grc' dir='ltr'><strong>τά</strong></span> <span class='ocrx_word' id='word_1_364' title='bbox 897 2975 1076 3028; x_wconf 86' lang='grc' dir='ltr'>πάντα</span> <span class='ocrx_word' id='word_1_365' title='bbox 1104 2973 1240 3044; x_wconf 87' lang='grc' dir='ltr'>μέλη</span> <span class='ocrx_word' id='word_1_366' title='bbox 1262 2975 1318 3025; x_wconf 85' lang='grc' dir='ltr'>ὲν</span> <span class='ocrx_word' id='word_1_367' title='bbox 1351 2975 1480 3026; x_wconf 78' lang='grc' dir='ltr'>πᾶς.</span> <span class='ocrx_word' id='word_1_368' title='bbox 1530 2978 1639 3037; x_wconf 80' lang='grc' dir='ltr'>τοῖς</span> <span class='ocrx_word' id='word_1_369' title='bbox 1682 2993 1769 3028; x_wconf 77' lang='grc' dir='ltr'>πιο</span> 
     </span>
    </p>
   </div>
   <div class='ocr_carea' id='block_1_47' title="bbox 198 3064 1770 3129">
    <p class='ocr_par' dir='ltr' id='par_1_47' title="bbox 198 3064 1770 3129">
     <span class='ocr_line' id='line_1_47' title="bbox 198 3064 1770 3129; baseline 0.001 -10"><span class='ocrx_word' id='word_1_370' title='bbox 198 3069 368 3129; x_wconf 71' lang='grc' dir='ltr'>στοίῖ,</span> <span class='ocrx_word' id='word_1_371' title='bbox 400 3067 666 3127; x_wconf 81' lang='grc' dir='ltr'>τουτέστι,</span> <span class='ocrx_word' id='word_1_372' title='bbox 701 3066 788 3118; x_wconf 71' lang='grc' dir='ltr'>διὰ</span> <span class='ocrx_word' id='word_1_373' title='bbox 819 3067 1034 3119; x_wconf 83' lang='grc' dir='ltr'>πάντων</span> <span class='ocrx_word' id='word_1_374' title='bbox 1066 3066 1172 3117; x_wconf 87' lang='grc' dir='ltr'><strong>τῶν</strong></span> <span class='ocrx_word' id='word_1_375' title='bbox 1217 3064 1446 3129; x_wconf 82' lang='grc' dir='ltr'>πιστῶν,</span> <span class='ocrx_word' id='word_1_376' title='bbox 1484 3065 1642 3118; x_wconf 80' lang='grc' dir='ltr'>ἄλλου</span> <span class='ocrx_word' id='word_1_377' title='bbox 1682 3068 1770 3121; x_wconf 81' lang='grc' dir='ltr'>άλ-</span> 
     </span>
    </p>
   </div>
   <div class='ocr_carea' id='block_1_48' title="bbox 195 3155 1766 3227">
    <p class='ocr_par' dir='ltr' id='par_1_48' title="bbox 195 3155 1766 3227">
     <span class='ocr_line' id='line_1_48' title="bbox 195 3155 1766 3227; baseline 0.002 -18"><span class='ocrx_word' id='word_1_378' title='bbox 195 3159 300 3227; x_wconf 84' lang='grc' dir='ltr'><strong>λην</strong></span> <span class='ocrx_word' id='word_1_379' title='bbox 323 3159 477 3226; x_wconf 83' lang='grc' dir='ltr'>χάριν</span> <span class='ocrx_word' id='word_1_380' title='bbox 496 3158 747 3225; x_wconf 86' lang='grc' dir='ltr'>συνεισφέ</span> <span class='ocrx_word' id='word_1_381' title='bbox 759 3173 956 3225; x_wconf 78' lang='grc' dir='ltr'>ροντος.</span> <span class='ocrx_word' id='word_1_382' title='bbox 990 3156 1122 3209; x_wconf 81' lang='grc' dir='ltr'>Τότε</span> <span class='ocrx_word' id='word_1_383' title='bbox 1147 3155 1253 3226; x_wconf 88' lang='grc' dir='ltr'><strong>γάρ</strong></span> <span class='ocrx_word' id='word_1_384' title='bbox 1274 3156 1569 3225; x_wconf 86' lang='grc' dir='ltr'>πληροῦται</span> <span class='ocrx_word' id='word_1_385' title='bbox 1597 3161 1626 3227; x_wconf 83' lang='grc' dir='ltr'>ἡ</span> <span class='ocrx_word' id='word_1_386' title='bbox 1677 3177 1766 3212; x_wconf 86' lang='grc' dir='ltr'>κε-</span> 
     </span>
    </p>
   </div>
   <div class='ocr_carea' id='block_1_49' title="bbox 199 3248 1767 3320">
    <p class='ocr_par' dir='ltr' id='par_1_49' title="bbox 199 3248 1767 3320">
     <span class='ocr_line' id='line_1_49' title="bbox 199 3248 1767 3320; baseline 0.001 -19"><span class='ocrx_word' id='word_1_387' title='bbox 199 3251 346 3319; x_wconf 79' lang='grc' dir='ltr'>φαλὴ</span> <span class='ocrx_word' id='word_1_388' title='bbox 375 3250 529 3320; x_wconf 79' lang='grc' dir='ltr'>ἡμῶν</span> <span class='ocrx_word' id='word_1_389' title='bbox 554 3252 581 3302; x_wconf 90' lang='grc' dir='ltr'>ὁ</span> <span class='ocrx_word' id='word_1_390' title='bbox 625 3250 890 3320; x_wconf 82' lang='grc' dir='ltr'>Χριστὸς,</span> <span class='ocrx_word' id='word_1_391' title='bbox 925 3251 1204 3310; x_wconf 83' lang='grc' dir='ltr'>τουτέστι,</span> <span class='ocrx_word' id='word_1_392' title='bbox 1253 3248 1521 3318; x_wconf 77' lang='grc' dir='ltr'>λαμϐάνει</span> <span class='ocrx_word' id='word_1_393' title='bbox 1562 3251 1767 3303; x_wconf 82' lang='grc' dir='ltr'>τέλειον</span> 
     </span>
    </p>
   </div>
   <div class='ocr_carea' id='block_1_50' title="bbox 195 3334 1764 3412">
    <p class='ocr_par' dir='ltr' id='par_1_50' title="bbox 195 3334 1764 3412">
     <span class='ocr_line' id='line_1_50' title="bbox 195 3334 1764 3412; baseline 0.001 -17"><span class='ocrx_word' id='word_1_394' title='bbox 195 3345 260 3395; x_wconf 72' lang='grc' dir='ltr'><strong>’τὸ</strong></span> <span class='ocrx_word' id='word_1_395' title='bbox 293 3343 465 3410; x_wconf 83' lang='grc' dir='ltr'>σῶμα,</span> <span class='ocrx_word' id='word_1_396' title='bbox 491 3343 615 3395; x_wconf 79' lang='grc' dir='ltr'>ὅταν</span> <span class='ocrx_word' id='word_1_397' title='bbox 643 3341 776 3411; x_wconf 84' lang='grc' dir='ltr'>ὁμοῦ</span> <span class='ocrx_word' id='word_1_398' title='bbox 817 3341 1013 3403; x_wconf 85' lang='grc' dir='ltr'>πάντες</span> <span class='ocrx_word' id='word_1_399' title='bbox 1040 3334 1190 3410; x_wconf 78' lang='grc' dir='ltr'>ὦμεν</span> <span class='ocrx_word' id='word_1_400' title='bbox 1217 3341 1484 3410; x_wconf 79' lang='grc' dir='ltr'>ήνωμένοι</span> <span class='ocrx_word' id='word_1_401' title='bbox 1515 3345 1607 3396; x_wconf 67' lang='grc' dir='ltr'><strong>καὶ</strong></span> <span class='ocrx_word' id='word_1_402' title='bbox 1634 3360 1764 3412; x_wconf 83' lang='grc' dir='ltr'>συγ-</span> 
     </span>
    </p>
   </div>
   <div class='ocr_carea' id='block_1_51' title="bbox 195 3435 607 3504">
    <p class='ocr_par' dir='ltr' id='par_1_51' title="bbox 195 3435 607 3504">
     <span class='ocr_line' id='line_1_51' title="bbox 195 3435 607 3504; baseline -0.005 -16"><span class='ocrx_word' id='word_1_403' title='bbox 195 3453 261 3488; x_wconf 81' lang='grc' dir='ltr'><strong>κε</strong></span> <span class='ocrx_word' id='word_1_404' title='bbox 271 3436 427 3504; x_wconf 78' lang='grc' dir='ltr'>κολλη</span> <span class='ocrx_word' id='word_1_405' title='bbox 439 3435 607 3504; x_wconf 83' lang='grc' dir='ltr'>μένοι.</span> 
     </span>
    </p>
   </div>
   <div class='ocr_carea' id='block_1_52' title="bbox 812 3527 1185 3583">
    <p class='ocr_par' dir='ltr' id='par_1_52' title="bbox 812 3527 1185 3583">
     <span class='ocr_line' id='line_1_52' title="bbox 812 3527 1185 3583; baseline 0.011 -4"><span class='ocrx_word' id='word_1_406' title='bbox 812 3527 1062 3582; x_wconf 80' lang='grc' dir='ltr'><strong>ΚΕΦΑΛ.</strong></span> <span class='ocrx_word' id='word_1_407' title='bbox 1110 3528 1185 3583; x_wconf 78' lang='lat' dir='ltr'><strong>B&#39;.</strong></span> 
     </span>
    </p>
   </div>
   <div class='ocr_carea' id='block_1_53' title="bbox 277 3637 1764 3708">
    <p class='ocr_par' dir='ltr' id='par_1_53' title="bbox 277 3637 1764 3708">
     <span class='ocr_line' id='line_1_53' title="bbox 277 3637 1764 3708; baseline 0.003 -19"><span class='ocrx_word' id='word_1_408' title='bbox 277 3658 295 3689; x_wconf 79' lang='grc' dir='ltr'><strong>ι</strong></span> <span class='ocrx_word' id='word_1_409' title='bbox 325 3641 432 3692; x_wconf 75' lang='grc' dir='ltr'><strong>Καὶ</strong></span> <span class='ocrx_word' id='word_1_410' title='bbox 453 3639 595 3708; x_wconf 79' lang='grc' dir='ltr'>ὑμᾶς</span> <span class='ocrx_word' id='word_1_411' title='bbox 632 3639 792 3700; x_wconf 73' lang='grc' dir='ltr'>ἤντας</span> <span class='ocrx_word' id='word_1_412' title='bbox 827 3639 1050 3707; x_wconf 77' lang='grc' dir='ltr'>νεκροὺς</span> <span class='ocrx_word' id='word_1_413' title='bbox 1077 3640 1188 3701; x_wconf 87' lang='grc' dir='ltr'>τοῖς</span> <span class='ocrx_word' id='word_1_414' title='bbox 1219 3637 1628 3708; x_wconf 82' lang='grc' dir='ltr'>παραπτώμασι</span> <span class='ocrx_word' id='word_1_415' title='bbox 1671 3642 1764 3693; x_wconf 78' lang='grc' dir='ltr'><strong>καὶ</strong></span> 
     </span>
    </p>
   </div>
   <div class='ocr_carea' id='block_1_54' title="bbox 197 3724 1764 3800">
    <p class='ocr_par' dir='ltr' id='par_1_54' title="bbox 197 3724 1764 3800">
     <span class='ocr_line' id='line_1_54' title="bbox 197 3724 1764 3800; baseline 0 -16"><span class='ocrx_word' id='word_1_416' title='bbox 197 3734 321 3794; x_wconf 63' lang='grc' dir='ltr'>ταῖς</span> <span class='ocrx_word' id='word_1_417' title='bbox 352 3731 648 3800; x_wconf 77' lang='grc' dir='ltr'>ἁμαρτίαις</span> <span class='ocrx_word' id='word_1_418' title='bbox 674 3772 689 3795; x_wconf 89' lang='grc'><strong>,</strong></span> <span class='ocrx_word' id='word_1_419' title='bbox 732 3732 788 3782; x_wconf 83' lang='grc' dir='ltr'><strong>ἐν</strong></span> <span class='ocrx_word' id='word_1_420' title='bbox 822 3724 908 3792; x_wconf 70' lang='grc' dir='ltr'>αῖς</span> <span class='ocrx_word' id='word_1_421' title='bbox 937 3746 1066 3782; x_wconf 89' lang='grc' dir='ltr'>ποτε</span> <span class='ocrx_word' id='word_1_422' title='bbox 1103 3732 1547 3799; x_wconf 83' lang='grc' dir='ltr'>περιεπατήσατε</span> <span class='ocrx_word' id='word_1_423' title='bbox 1576 3773 1589 3795; x_wconf 93' lang='grc'><strong>,</strong></span> <span class='ocrx_word' id='word_1_424' title='bbox 1623 3732 1764 3785; x_wconf 82' lang='grc' dir='ltr'>κατὰ</span> 
     </span>
    </p>
   </div>
   <div class='ocr_carea' id='block_1_55' title="bbox 193 3820 1762 3892">
    <p class='ocr_par' dir='ltr' id='par_1_55' title="bbox 193 3820 1762 3892">
     <span class='ocr_line' id='line_1_55' title="bbox 193 3820 1762 3892; baseline 0 -17"><span class='ocrx_word' id='word_1_425' title='bbox 193 3826 292 3876; x_wconf 61' lang='grc' dir='ltr'>τῗλν</span> <span class='ocrx_word' id='word_1_426' title='bbox 311 3824 477 3875; x_wconf 55' lang='grc' dir='ltr'>αἰῶνα</span> <span class='ocrx_word' id='word_1_427' title='bbox 501 3821 594 3874; x_wconf 84' lang='grc' dir='ltr'><strong>τοῦ</strong></span> <span class='ocrx_word' id='word_1_428' title='bbox 627 3822 832 3890; x_wconf 81' lang='grc' dir='ltr'>κόσμου</span> <span class='ocrx_word' id='word_1_429' title='bbox 863 3820 1072 3883; x_wconf 79' lang='grc' dir='ltr'>τούτου,</span> <span class='ocrx_word' id='word_1_430' title='bbox 1109 3822 1249 3874; x_wconf 84' lang='grc' dir='ltr'>κατὰ</span> <span class='ocrx_word' id='word_1_431' title='bbox 1276 3824 1368 3874; x_wconf 65' lang='grc' dir='ltr'><strong>τὸ)</strong></span> <span class='ocrx_word' id='word_1_432' title='bbox 1398 3822 1632 3892; x_wconf 80' lang='grc' dir='ltr'>ἄρχοντα</span> <span class='ocrx_word' id='word_1_433' title='bbox 1665 3825 1762 3890; x_wconf 76' lang='grc' dir='ltr'>τῆς</span> 
     </span>
    </p>
   </div>
   <div class='ocr_carea' id='block_1_56' title="bbox 193 3911 1764 3983">
    <p class='ocr_par' dir='ltr' id='par_1_56' title="bbox 193 3911 1764 3983">
     <span class='ocr_line' id='line_1_56' title="bbox 193 3911 1764 3983; baseline 0.001 -17"><span class='ocrx_word' id='word_1_434' title='bbox 193 3915 446 3978; x_wconf 61' lang='grc' dir='ltr'>ὲξ-ὐσίας</span> <span class='ocrx_word' id='word_1_435' title='bbox 475 3916 568 3967; x_wconf 89' lang='grc' dir='ltr'><strong>τοῦ</strong></span> <span class='ocrx_word' id='word_1_436' title='bbox 607 3915 769 3983; x_wconf 80' lang='grc' dir='ltr'>ἀέρος</span> <span class='ocrx_word' id='word_1_437' title='bbox 813 3913 906 3966; x_wconf 88' lang='grc' dir='ltr'><strong>τοῦ</strong></span> <span class='ocrx_word' id='word_1_438' title='bbox 940 3912 1272 3983; x_wconf 78' lang='grc' dir='ltr'>πνεύματος.</span> <span class='ocrx_word' id='word_1_439' title='bbox 1304 3931 1322 3963; x_wconf 75' lang='grc' dir='ltr'><strong>ι</strong></span> <span class='ocrx_word' id='word_1_440' title='bbox 1359 3911 1524 3966; x_wconf 87' lang='grc' dir='ltr'>Εἶπεν</span> <span class='ocrx_word' id='word_1_441' title='bbox 1551 3914 1596 3945; x_wconf 86' lang='grc'><strong>⁷⁸</strong></span> <span class='ocrx_word' id='word_1_442' title='bbox 1623 3916 1764 3967; x_wconf 83' lang='grc' dir='ltr'>ἀνω-</span> 
     </span>
    </p>
   </div>
   <div class='ocr_carea' id='block_1_57' title="bbox 194 4003 1764 4074">
    <p class='ocr_par' dir='ltr' id='par_1_57' title="bbox 194 4003 1764 4074">
     <span class='ocr_line' id='line_1_57' title="bbox 194 4003 1764 4074; baseline 0 -17"><span class='ocrx_word' id='word_1_443' title='bbox 194 4008 363 4073; x_wconf 71' lang='grc' dir='ltr'>τέρω,</span> <span class='ocrx_word' id='word_1_444' title='bbox 395 4007 474 4058; x_wconf 85' lang='grc' dir='ltr'>ὅτι</span> <span class='ocrx_word' id='word_1_445' title='bbox 508 4003 607 4074; x_wconf 78' lang='grc' dir='ltr'>τὴν</span> <span class='ocrx_word' id='word_1_446' title='bbox 637 4003 806 4074; x_wconf 79' lang='grc' dir='ltr'>αὐτὴν</span> <span class='ocrx_word' id='word_1_447' title='bbox 836 4004 1064 4073; x_wconf 77' lang='grc' dir='ltr'>δύναμιν</span> <span class='ocrx_word' id='word_1_448' title='bbox 1109 4005 1202 4056; x_wconf 76' lang='grc' dir='ltr'>καὶ</span> <span class='ocrx_word' id='word_1_449' title='bbox 1245 4005 1525 4073; x_wconf 75' lang='grc' dir='ltr'>ἐνέργειαν</span> <span class='ocrx_word' id='word_1_450' title='bbox 1564 4006 1764 4057; x_wconf 77' lang='grc' dir='ltr'>ἐνεδεί-</span> 
     </span>
    </p>
   </div>
   <div class='ocr_carea' id='block_1_58' title="bbox 195 4094 1763 4165">
    <p class='ocr_par' dir='ltr' id='par_1_58' title="bbox 195 4094 1763 4165">
     <span class='ocr_line' id='line_1_58' title="bbox 195 4094 1763 4165; baseline 0.001 -18"><span class='ocrx_word' id='word_1_451' title='bbox 195 4099 327 4161; x_wconf 63' lang='grc' dir='ltr'>ξατο</span> <span class='ocrx_word' id='word_1_452' title='bbox 367 4099 394 4149; x_wconf 87' lang='grc' dir='ltr'>ὁ</span> <span class='ocrx_word' id='word_1_453' title='bbox 435 4096 565 4158; x_wconf 82' lang='grc' dir='ltr'>Θεὸς</span> <span class='ocrx_word' id='word_1_454' title='bbox 601 4098 678 4157; x_wconf 86' lang='grc' dir='ltr'>εἰς</span> <span class='ocrx_word' id='word_1_455' title='bbox 725 4097 893 4164; x_wconf 75' lang='grc' dir='ltr'>ἡμᾶς,</span> <span class='ocrx_word' id='word_1_456' title='bbox 927 4096 993 4165; x_wconf 79' lang='grc' dir='ltr'>ἣν</span> <span class='ocrx_word' id='word_1_457' title='bbox 1024 4095 1115 4147; x_wconf 77' lang='grc' dir='ltr'><strong>καὶ</strong></span> <span class='ocrx_word' id='word_1_458' title='bbox 1148 4096 1205 4146; x_wconf 80' lang='grc' dir='ltr'>ὲν</span> <span class='ocrx_word' id='word_1_459' title='bbox 1243 4094 1322 4162; x_wconf 81' lang='grc' dir='ltr'>τῷ</span> <span class='ocrx_word' id='word_1_460' title='bbox 1350 4096 1588 4164; x_wconf 82' lang='grc' dir='ltr'>Χριστῷ.</span> <span class='ocrx_word' id='word_1_461' title='bbox 1629 4096 1763 4164; x_wconf 71' lang='grc' dir='ltr'>Περὶ</span> 
     </span>
    </p>
   </div>
   <div class='ocr_carea' id='block_1_59' title="bbox 193 4182 1762 4256">
    <p class='ocr_par' dir='ltr' id='par_1_59' title="bbox 193 4182 1762 4256">
     <span class='ocr_line' id='line_1_59' title="bbox 193 4182 1762 4256; baseline -0.001 -17"><span class='ocrx_word' id='word_1_462' title='bbox 193 4189 408 4239; x_wconf 78' lang='grc' dir='ltr'>ἐκείνου</span> <span class='ocrx_word' id='word_1_463' title='bbox 443 4187 540 4256; x_wconf 83' lang='grc' dir='ltr'><strong>μὲν</strong></span> <span class='ocrx_word' id='word_1_464' title='bbox 565 4182 656 4239; x_wconf 77' lang='grc' dir='ltr'><strong>οὖν</strong></span> <span class='ocrx_word' id='word_1_465' title='bbox 678 4183 852 4249; x_wconf 73' lang='grc' dir='ltr'>εἶπεν,</span> <span class='ocrx_word' id='word_1_466' title='bbox 882 4188 962 4239; x_wconf 87' lang='grc' dir='ltr'>ὄτι</span> <span class='ocrx_word' id='word_1_467' title='bbox 989 4187 1206 4255; x_wconf 76' lang='grc' dir='ltr'>ἤγειρεν</span> <span class='ocrx_word' id='word_1_468' title='bbox 1246 4185 1407 4238; x_wconf 72' lang='grc' dir='ltr'>αὑτὸν</span> <span class='ocrx_word' id='word_1_469' title='bbox 1439 4189 1501 4238; x_wconf 81' lang='grc' dir='ltr'>ὲκ</span> <span class='ocrx_word' id='word_1_470' title='bbox 1537 4186 1646 4238; x_wconf 88' lang='grc' dir='ltr'><strong>τῶν</strong></span> <span class='ocrx_word' id='word_1_471' title='bbox 1677 4205 1762 4238; x_wconf 74' lang='grc' dir='ltr'>νει</span> 
     </span>
    </p>
   </div>
   <div class='ocr_carea' id='block_1_60' title="bbox 194 4277 1761 4346">
    <p class='ocr_par' dir='ltr' id='par_1_60' title="bbox 194 4277 1761 4346">
     <span class='ocr_line' id='line_1_60' title="bbox 194 4277 1761 4346; baseline -0.002 -14"><span class='ocrx_word' id='word_1_472' title='bbox 194 4278 369 4345; x_wconf 84' lang='grc' dir='ltr'>κρῶν,</span> <span class='ocrx_word' id='word_1_473' title='bbox 406 4280 496 4330; x_wconf 73' lang='grc' dir='ltr'><strong>καὶ</strong></span> <span class='ocrx_word' id='word_1_474' title='bbox 527 4277 774 4330; x_wconf 76' lang='grc' dir='ltr'>ἐκάθισεν</span> <span class='ocrx_word' id='word_1_475' title='bbox 807 4277 1062 4346; x_wconf 79' lang='grc' dir='ltr'>ὑπεράνω</span> <span class='ocrx_word' id='word_1_476' title='bbox 1090 4277 1327 4330; x_wconf 84' lang='grc' dir='ltr'>πάντων.</span> <span class='ocrx_word' id='word_1_477' title='bbox 1357 4278 1556 4331; x_wconf 78' lang='grc' dir='ltr'>Λοιπὸν</span> <span class='ocrx_word' id='word_1_478' title='bbox 1583 4279 1639 4330; x_wconf 81' lang='grc' dir='ltr'><strong>δὲ</strong></span> <span class='ocrx_word' id='word_1_479' title='bbox 1668 4279 1761 4329; x_wconf 81' lang='grc' dir='ltr'><strong>νῦν</strong></span> 
     </span>
    </p>
   </div>
   <div class='ocr_carea' id='block_1_61' title="bbox 192 4369 1760 4440">
    <p class='ocr_par' dir='ltr' id='par_1_61' title="bbox 192 4369 1760 4440">
     <span class='ocr_line' id='line_1_61' title="bbox 192 4369 1760 4440; baseline 0.001 -18"><span class='ocrx_word' id='word_1_480' title='bbox 192 4373 345 4435; x_wconf 67' lang='grc' dir='ltr'>λέγει</span> <span class='ocrx_word' id='word_1_481' title='bbox 392 4372 484 4422; x_wconf 74' lang='grc' dir='ltr'><strong>καὶ</strong></span> <span class='ocrx_word' id='word_1_482' title='bbox 538 4371 664 4438; x_wconf 75' lang='grc' dir='ltr'>περὶ</span> <span class='ocrx_word' id='word_1_483' title='bbox 701 4369 888 4438; x_wconf 82' lang='grc' dir='ltr'>ἡμῶν,</span> <span class='ocrx_word' id='word_1_484' title='bbox 941 4369 1034 4422; x_wconf 80' lang='grc' dir='ltr'><strong>καί</strong></span> <span class='ocrx_word' id='word_1_485' title='bbox 1079 4387 1278 4440; x_wconf 86' lang='grc' dir='ltr'>φησιν,</span> <span class='ocrx_word' id='word_1_486' title='bbox 1309 4371 1391 4422; x_wconf 85' lang='grc' dir='ltr'>ὅτι</span> <span class='ocrx_word' id='word_1_487' title='bbox 1427 4389 1445 4421; x_wconf 84' lang='grc' dir='ltr'><strong>ι</strong></span> <span class='ocrx_word' id='word_1_488' title='bbox 1485 4371 1594 4424; x_wconf 77' lang='grc' dir='ltr'><strong>Καὶ</strong></span> <span class='ocrx_word' id='word_1_489' title='bbox 1617 4372 1760 4439; x_wconf 82' lang='grc' dir='ltr'>ὑμᾶς</span> 
     </span>
    </p>
   </div>
   <div class='ocr_carea' id='block_1_62' title="bbox 192 4457 1760 4530">
    <p class='ocr_par' dir='ltr' id='par_1_62' title="bbox 192 4457 1760 4530">
     <span class='ocr_line' id='line_1_62' title="bbox 192 4457 1760 4530; baseline 0.001 -20"><span class='ocrx_word' id='word_1_490' title='bbox 192 4458 354 4518; x_wconf 56' lang='lat' dir='ltr'><strong>avsa;</strong></span> <span class='ocrx_word' id='word_1_491' title='bbox 407 4457 633 4525; x_wconf 77' lang='grc' dir='ltr'>νεκροὺς</span> <span class='ocrx_word' id='word_1_492' title='bbox 664 4475 681 4506; x_wconf 77' lang='grc' dir='ltr'><strong>ι</strong></span> <span class='ocrx_word' id='word_1_493' title='bbox 735 4457 1040 4526; x_wconf 83' lang='grc' dir='ltr'>(νέκρωσιν</span> <span class='ocrx_word' id='word_1_494' title='bbox 1079 4459 1140 4511; x_wconf 83' lang='grc' dir='ltr'><strong>οὐ</strong></span> <span class='ocrx_word' id='word_1_495' title='bbox 1178 4459 1275 4526; x_wconf 78' lang='grc' dir='ltr'>τὴν</span> <span class='ocrx_word' id='word_1_496' title='bbox 1306 4459 1638 4530; x_wconf 79' lang='grc' dir='ltr'>σωματικὴν,</span> <span class='ocrx_word' id='word_1_497' title='bbox 1663 4461 1760 4529; x_wconf 80' lang='grc' dir='ltr'><strong>τὴν</strong></span> 
     </span>
    </p>
   </div>
   <div class='ocr_carea' id='block_1_63' title="bbox 1877 1976 3442 2049">
    <p class='ocr_par' dir='ltr' id='par_1_63' title="bbox 1877 1976 3442 2049">
     <span class='ocr_line' id='line_1_63' title="bbox 1877 1976 3442 2049; baseline -0.007 -12"><span class='ocrx_word' id='word_1_498' title='bbox 1877 1981 2020 2037; x_wconf 88' lang='lat' dir='ltr'><strong>enim</strong></span> <span class='ocrx_word' id='word_1_499' title='bbox 2078 1995 2273 2049; x_wconf 89' lang='lat' dir='ltr'><strong>corpus</strong></span> <span class='ocrx_word' id='word_1_500' title='bbox 2330 1989 2412 2033; x_wconf 88' lang='lat' dir='ltr'><strong>est</strong></span> <span class='ocrx_word' id='word_1_501' title='bbox 2442 1980 2715 2047; x_wconf 85' lang='lat' dir='ltr'><strong>plenitudo</strong></span> <span class='ocrx_word' id='word_1_502' title='bbox 2750 1979 2964 2046; x_wconf 82' lang='lat' dir='ltr'><strong>capitis,</strong></span> <span class='ocrx_word' id='word_1_503' title='bbox 2999 1976 3212 2042; x_wconf 79' lang='lat' dir='ltr'><strong>replens</strong></span> <span class='ocrx_word' id='word_1_504' title='bbox 3271 1976 3442 2043; x_wconf 87' lang='lat' dir='ltr'><strong>ipsum</strong></span> 
     </span>
    </p>
   </div>
   <div class='ocr_carea' id='block_1_64' title="bbox 1874 2065 3448 2142">
    <p class='ocr_par' dir='ltr' id='par_1_64' title="bbox 1874 2065 3448 2142">
     <span class='ocr_line' id='line_1_64' title="bbox 1874 2065 3448 2142; baseline -0.006 -15"><span class='ocrx_word' id='word_1_505' title='bbox 1874 2088 1971 2142; x_wconf 90' lang='lat' dir='ltr'><strong>per</strong></span> <span class='ocrx_word' id='word_1_506' title='bbox 1999 2073 2211 2142; x_wconf 91' lang='lat' dir='ltr'><strong>propria</strong></span> <span class='ocrx_word' id='word_1_507' title='bbox 2264 2072 2502 2125; x_wconf 87' lang='lat' dir='ltr'><strong>ntembra</strong></span> <span class='ocrx_word' id='word_1_508' title='bbox 2529 2089 2543 2124; x_wconf 87' lang='lat'><strong>:</strong></span> <span class='ocrx_word' id='word_1_509' title='bbox 2578 2071 2718 2124; x_wconf 90' lang='lat' dir='ltr'><strong>hunc</strong></span> <span class='ocrx_word' id='word_1_510' title='bbox 2744 2071 2808 2121; x_wconf 90' lang='lat' dir='ltr'><strong>ad</strong></span> <span class='ocrx_word' id='word_1_511' title='bbox 2840 2067 3054 2122; x_wconf 89' lang='lat' dir='ltr'><strong>modum</strong></span> <span class='ocrx_word' id='word_1_512' title='bbox 3091 2065 3334 2120; x_wconf 81' lang='lat' dir='ltr'><strong>Ecclesia</strong></span> <span class='ocrx_word' id='word_1_513' title='bbox 3365 2073 3448 2119; x_wconf 85' lang='lat' dir='ltr'><strong>est</strong></span> 
     </span>
    </p>
   </div>
   <div class='ocr_carea' id='block_1_65' title="bbox 1873 2159 3441 2235">
    <p class='ocr_par' dir='ltr' id='par_1_65' title="bbox 1873 2159 3441 2235">
     <span class='ocr_line' id='line_1_65' title="bbox 1873 2159 3441 2235; baseline -0.004 -16"><span class='ocrx_word' id='word_1_514' title='bbox 1873 2165 2146 2235; x_wconf 82' lang='lat' dir='ltr'><strong>plenitudo</strong></span> <span class='ocrx_word' id='word_1_515' title='bbox 2169 2164 2392 2226; x_wconf 85' lang='lat' dir='ltr'><strong>Christi,</strong></span> <span class='ocrx_word' id='word_1_516' title='bbox 2420 2163 2510 2230; x_wconf 86' lang='lat' dir='ltr'><strong>qui</strong></span> <span class='ocrx_word' id='word_1_517' title='bbox 2542 2163 2719 2217; x_wconf 85' lang='lat' dir='ltr'><strong>omnia</strong></span> <span class='ocrx_word' id='word_1_518' title='bbox 2743 2162 2794 2214; x_wconf 93' lang='lat' dir='ltr'><strong>in</strong></span> <span class='ocrx_word' id='word_1_519' title='bbox 2820 2160 3071 2214; x_wconf 85' lang='lat' dir='ltr'><strong>omnibus</strong></span> <span class='ocrx_word' id='word_1_520' title='bbox 3093 2159 3441 2227; x_wconf 88' lang='lat' dir='ltr'><strong>adimpletur.</strong></span> 
     </span>
    </p>
   </div>
   <div class='ocr_carea' id='block_1_66' title="bbox 1871 2252 3446 2325">
    <p class='ocr_par' dir='ltr' id='par_1_66' title="bbox 1871 2252 3446 2325">
     <span class='ocr_line' id='line_1_66' title="bbox 1871 2252 3446 2325; baseline -0.007 -12"><span class='ocrx_word' id='word_1_521' title='bbox 1871 2258 2209 2325; x_wconf 84' lang='lat' dir='ltr'><strong>Adimpletur</strong></span> <span class='ocrx_word' id='word_1_522' title='bbox 2225 2257 2368 2311; x_wconf 91' lang='lat' dir='ltr'><strong>enim</strong></span> <span class='ocrx_word' id='word_1_523' title='bbox 2399 2255 2670 2317; x_wconf 79' lang='lat' dir='ltr'><strong>Christus,</strong></span> <span class='ocrx_word' id='word_1_524' title='bbox 2705 2270 2767 2308; x_wconf 90' lang='lat' dir='ltr'><strong>ac</strong></span> <span class='ocrx_word' id='word_1_525' title='bbox 2793 2253 2957 2307; x_wconf 87' lang='lat' dir='ltr'><strong>veluti</strong></span> <span class='ocrx_word' id='word_1_526' title='bbox 2997 2252 3152 2320; x_wconf 89' lang='lat' dir='ltr'><strong>plene</strong></span> <span class='ocrx_word' id='word_1_527' title='bbox 3187 2265 3446 2304; x_wconf 90' lang='lat' dir='ltr'><strong>consum-</strong></span> 
     </span>
    </p>
   </div>
   <div class='ocr_carea' id='block_1_67' title="bbox 1872 2341 3447 2418">
    <p class='ocr_par' dir='ltr' id='par_1_67' title="bbox 1872 2341 3447 2418">
     <span class='ocr_line' id='line_1_67' title="bbox 1872 2341 3447 2418; baseline -0.007 -13"><span class='ocrx_word' id='word_1_528' title='bbox 1872 2359 2052 2405; x_wconf 87' lang='lat' dir='ltr'><strong>matur</strong></span> <span class='ocrx_word' id='word_1_529' title='bbox 2075 2365 2167 2418; x_wconf 91' lang='lat' dir='ltr'><strong>per</strong></span> <span class='ocrx_word' id='word_1_530' title='bbox 2188 2349 2365 2403; x_wconf 89' lang='lat' dir='ltr'><strong>omnia</strong></span> <span class='ocrx_word' id='word_1_531' title='bbox 2399 2347 2704 2401; x_wconf 89' lang='lat' dir='ltr'><strong>membrain</strong></span> <span class='ocrx_word' id='word_1_532' title='bbox 2728 2345 2977 2400; x_wconf 87' lang='lat' dir='ltr'><strong>omnibus</strong></span> <span class='ocrx_word' id='word_1_533' title='bbox 3011 2345 3255 2397; x_wconf 81' lang='lat' dir='ltr'><strong>ﬁdelibus</strong></span> <span class='ocrx_word' id='word_1_534' title='bbox 3289 2361 3302 2396; x_wconf 91' lang='lat'><strong>:</strong></span> <span class='ocrx_word' id='word_1_535' title='bbox 3334 2341 3447 2396; x_wconf 84' lang='lat' dir='ltr'><strong>vel-</strong></span> 
     </span>
    </p>
   </div>
   <div class='ocr_carea' id='block_1_68' title="bbox 1873 2432 3444 2511">
    <p class='ocr_par' dir='ltr' id='par_1_68' title="bbox 1873 2432 3444 2511">
     <span class='ocr_line' id='line_1_68' title="bbox 1873 2432 3444 2511; baseline -0.007 -14"><span class='ocrx_word' id='word_1_536' title='bbox 1873 2445 1948 2497; x_wconf 93' lang='lat' dir='ltr'><strong>uti</strong></span> <span class='ocrx_word' id='word_1_537' title='bbox 2005 2443 2181 2511; x_wconf 89' lang='lat' dir='ltr'><strong>quoad</strong></span> <span class='ocrx_word' id='word_1_538' title='bbox 2239 2456 2453 2494; x_wconf 90' lang='lat' dir='ltr'><strong>manum</strong></span> <span class='ocrx_word' id='word_1_539' title='bbox 2485 2438 2810 2505; x_wconf 84' lang='lat' dir='ltr'><strong>adimpletur</strong></span> <span class='ocrx_word' id='word_1_540' title='bbox 2862 2438 2913 2491; x_wconf 92' lang='lat' dir='ltr'><strong>in</strong></span> <span class='ocrx_word' id='word_1_541' title='bbox 2965 2436 3180 2490; x_wconf 86' lang='lat' dir='ltr'><strong>homine</strong></span> <span class='ocrx_word' id='word_1_542' title='bbox 3233 2432 3444 2489; x_wconf 89' lang='lat' dir='ltr'><strong>miseri-</strong></span> 
     </span>
    </p>
   </div>
   <div class='ocr_carea' id='block_1_69' title="bbox 1872 2527 3442 2599">
    <p class='ocr_par' dir='ltr' id='par_1_69' title="bbox 1872 2527 3442 2599">
     <span class='ocr_line' id='line_1_69' title="bbox 1872 2527 3442 2599; baseline -0.004 -12"><span class='ocrx_word' id='word_1_543' title='bbox 1872 2534 2052 2596; x_wconf 79' lang='lat' dir='ltr'><strong>corde,</strong></span> <span class='ocrx_word' id='word_1_544' title='bbox 2087 2542 2142 2586; x_wconf 89' lang='lat' dir='ltr'><strong>et</strong></span> <span class='ocrx_word' id='word_1_545' title='bbox 2181 2532 2270 2599; x_wconf 92' lang='lat' dir='ltr'><strong>qui</strong></span> <span class='ocrx_word' id='word_1_546' title='bbox 2329 2532 2458 2584; x_wconf 85' lang='lat' dir='ltr'><strong>alias</strong></span> <span class='ocrx_word' id='word_1_547' title='bbox 2496 2529 2726 2583; x_wconf 88' lang='lat' dir='ltr'><strong>inﬁrmis</strong></span> <span class='ocrx_word' id='word_1_548' title='bbox 2782 2528 3090 2582; x_wconf 87' lang='lat' dir='ltr'><strong>succurrit:</strong></span> <span class='ocrx_word' id='word_1_549' title='bbox 3140 2527 3314 2595; x_wconf 90' lang='lat' dir='ltr'><strong>quoad</strong></span> <span class='ocrx_word' id='word_1_550' title='bbox 3350 2541 3442 2594; x_wconf 85' lang='lat' dir='ltr'><strong>pe-</strong></span> 
     </span>
    </p>
   </div>
   <div class='ocr_carea' id='block_1_70' title="bbox 1872 2619 3442 2693">
    <p class='ocr_par' dir='ltr' id='par_1_70' title="bbox 1872 2619 3442 2693">
     <span class='ocr_line' id='line_1_70' title="bbox 1872 2619 3442 2693; baseline -0.006 -14"><span class='ocrx_word' id='word_1_551' title='bbox 1872 2627 1990 2679; x_wconf 84' lang='lat' dir='ltr'><strong>dem</strong></span> <span class='ocrx_word' id='word_1_552' title='bbox 2016 2625 2338 2693; x_wconf 87' lang='lat' dir='ltr'><strong>adimpletur</strong></span> <span class='ocrx_word' id='word_1_553' title='bbox 2372 2625 2422 2676; x_wconf 93' lang='lat' dir='ltr'><strong>in</strong></span> <span class='ocrx_word' id='word_1_554' title='bbox 2461 2637 2525 2676; x_wconf 92' lang='lat' dir='ltr'><strong>eo</strong></span> <span class='ocrx_word' id='word_1_555' title='bbox 2554 2623 2644 2689; x_wconf 88' lang='lat' dir='ltr'><strong>qui</strong></span> <span class='ocrx_word' id='word_1_556' title='bbox 2676 2622 2822 2674; x_wconf 88' lang='lat' dir='ltr'><strong>verbi</strong></span> <span class='ocrx_word' id='word_1_557' title='bbox 2859 2621 2948 2674; x_wconf 90' lang='lat' dir='ltr'><strong>Dei</strong></span> <span class='ocrx_word' id='word_1_558' title='bbox 2979 2634 3165 2674; x_wconf 89' lang='lat' dir='ltr'><strong>amore</strong></span> <span class='ocrx_word' id='word_1_559' title='bbox 3199 2619 3442 2687; x_wconf 76' lang='lat' dir='ltr'><strong>peregri-</strong></span> 
     </span>
    </p>
   </div>
   <div class='ocr_carea' id='block_1_71' title="bbox 1871 2711 3440 2783">
    <p class='ocr_par' dir='ltr' id='par_1_71' title="bbox 1871 2711 3440 2783">
     <span class='ocr_line' id='line_1_71' title="bbox 1871 2711 3440 2783; baseline -0.003 -13"><span class='ocrx_word' id='word_1_560' title='bbox 1871 2728 2052 2779; x_wconf 81' lang='lat' dir='ltr'><strong>natur,</strong></span> <span class='ocrx_word' id='word_1_561' title='bbox 2097 2717 2149 2769; x_wconf 91' lang='lat' dir='ltr'><strong>in</strong></span> <span class='ocrx_word' id='word_1_562' title='bbox 2191 2730 2256 2768; x_wconf 92' lang='lat' dir='ltr'><strong>eo</strong></span> <span class='ocrx_word' id='word_1_563' title='bbox 2285 2716 2375 2783; x_wconf 87' lang='lat' dir='ltr'><strong>qui</strong></span> <span class='ocrx_word' id='word_1_564' title='bbox 2421 2713 2615 2767; x_wconf 82' lang='lat' dir='ltr'><strong>fratres</strong></span> <span class='ocrx_word' id='word_1_565' title='bbox 2664 2713 2893 2766; x_wconf 76' lang='lat' dir='ltr'><strong>invisit:</strong></span> <span class='ocrx_word' id='word_1_566' title='bbox 2944 2721 2997 2766; x_wconf 92' lang='lat' dir='ltr'><strong>et</strong></span> <span class='ocrx_word' id='word_1_567' title='bbox 3055 2711 3233 2779; x_wconf 78' lang='lat' dir='ltr'><strong>quoad</strong></span> <span class='ocrx_word' id='word_1_568' title='bbox 3293 2711 3440 2765; x_wconf 83' lang='lat' dir='ltr'><strong>aliud</strong></span> 
     </span>
    </p>
   </div>
   <div class='ocr_carea' id='block_1_72' title="bbox 1873 2802 3438 2872">
    <p class='ocr_par' dir='ltr' id='par_1_72' title="bbox 1873 2802 3438 2872">
     <span class='ocr_line' id='line_1_72' title="bbox 1873 2802 3438 2872; baseline -0.005 -9"><span class='ocrx_word' id='word_1_569' title='bbox 1873 2809 2172 2863; x_wconf 87' lang='lat' dir='ltr'><strong>membrum</strong></span> <span class='ocrx_word' id='word_1_570' title='bbox 2225 2807 2277 2859; x_wconf 93' lang='lat' dir='ltr'><strong>in</strong></span> <span class='ocrx_word' id='word_1_571' title='bbox 2322 2806 2427 2859; x_wconf 90' lang='lat' dir='ltr'><strong>alio</strong></span> <span class='ocrx_word' id='word_1_572' title='bbox 2473 2805 2634 2858; x_wconf 89' lang='lat' dir='ltr'><strong>ﬁdeli.</strong></span> <span class='ocrx_word' id='word_1_573' title='bbox 2695 2802 2786 2858; x_wconf 90' lang='lat' dir='ltr'><strong>Sic</strong></span> <span class='ocrx_word' id='word_1_574' title='bbox 2839 2804 2897 2856; x_wconf 87' lang='lat' dir='ltr'><strong>ﬁt</strong></span> <span class='ocrx_word' id='word_1_575' title='bbox 2930 2812 2988 2857; x_wconf 92' lang='lat' dir='ltr'><strong>ut</strong></span> <span class='ocrx_word' id='word_1_576' title='bbox 3030 2803 3208 2872; x_wconf 86' lang='lat' dir='ltr'><strong>quoad</strong></span> <span class='ocrx_word' id='word_1_577' title='bbox 3258 2803 3438 2856; x_wconf 88' lang='lat' dir='ltr'><strong>omnia</strong></span> 
     </span>
    </p>
   </div>
   <div class='ocr_carea' id='block_1_73' title="bbox 1873 2895 3438 2962">
    <p class='ocr_par' dir='ltr' id='par_1_73' title="bbox 1873 2895 3438 2962">
     <span class='ocr_line' id='line_1_73' title="bbox 1873 2895 3438 2962; baseline -0.003 -11"><span class='ocrx_word' id='word_1_578' title='bbox 1873 2897 2114 2951; x_wconf 87' lang='lat' dir='ltr'><strong>membra</strong></span> <span class='ocrx_word' id='word_1_579' title='bbox 2152 2900 2202 2951; x_wconf 92' lang='lat' dir='ltr'><strong>in</strong></span> <span class='ocrx_word' id='word_1_580' title='bbox 2235 2898 2486 2951; x_wconf 91' lang='lat' dir='ltr'><strong>omnibus</strong></span> <span class='ocrx_word' id='word_1_581' title='bbox 2523 2895 2768 2950; x_wconf 87' lang='lat' dir='ltr'><strong>ﬁdelibus</strong></span> <span class='ocrx_word' id='word_1_582' title='bbox 2795 2895 3176 2962; x_wconf 86' lang='lat' dir='ltr'><strong>aditnpleatur,</strong></span> <span class='ocrx_word' id='word_1_583' title='bbox 3206 2896 3307 2947; x_wconf 86' lang='lat' dir='ltr'><strong>hoc</strong></span> <span class='ocrx_word' id='word_1_584' title='bbox 3332 2904 3438 2954; x_wconf 90' lang='lat' dir='ltr'><strong>est,</strong></span> 
     </span>
    </p>
   </div>
   <div class='ocr_carea' id='block_1_74' title="bbox 1869 2986 3439 3056">
    <p class='ocr_par' dir='ltr' id='par_1_74' title="bbox 1869 2986 3439 3056">
     <span class='ocr_line' id='line_1_74' title="bbox 1869 2986 3439 3056; baseline -0.001 -15"><span class='ocrx_word' id='word_1_585' title='bbox 1869 3003 1967 3056; x_wconf 90' lang='lat' dir='ltr'><strong>per</strong></span> <span class='ocrx_word' id='word_1_586' title='bbox 1994 3003 2181 3041; x_wconf 90' lang='lat' dir='ltr'><strong>omnes</strong></span> <span class='ocrx_word' id='word_1_587' title='bbox 2235 2987 2434 3050; x_wconf 85' lang='lat' dir='ltr'><strong>ﬁdeles,</strong></span> <span class='ocrx_word' id='word_1_588' title='bbox 2474 2987 2578 3041; x_wconf 91' lang='lat' dir='ltr'><strong>alio</strong></span> <span class='ocrx_word' id='word_1_589' title='bbox 2602 2987 2759 3039; x_wconf 81' lang='lat' dir='ltr'><strong>aliain</strong></span> <span class='ocrx_word' id='word_1_590' title='bbox 2793 2988 3020 3053; x_wconf 77' lang='lat' dir='ltr'><strong>gratiam</strong></span> <span class='ocrx_word' id='word_1_591' title='bbox 3043 2986 3439 3040; x_wconf 88' lang='lat' dir='ltr'><strong>contribuente.</strong></span> 
     </span>
    </p>
   </div>
   <div class='ocr_carea' id='block_1_75' title="bbox 1872 3078 3442 3150">
    <p class='ocr_par' dir='ltr' id='par_1_75' title="bbox 1872 3078 3442 3150">
     <span class='ocr_line' id='line_1_75' title="bbox 1872 3078 3442 3150; baseline -0.001 -17"><span class='ocrx_word' id='word_1_592' title='bbox 1872 3079 2005 3133; x_wconf 84' lang='lat' dir='ltr'><strong>Tum</strong></span> <span class='ocrx_word' id='word_1_593' title='bbox 2037 3079 2179 3133; x_wconf 87' lang='lat' dir='ltr'><strong>enim</strong></span> <span class='ocrx_word' id='word_1_594' title='bbox 2219 3080 2470 3149; x_wconf 88' lang='lat' dir='ltr'><strong>impletur</strong></span> <span class='ocrx_word' id='word_1_595' title='bbox 2509 3089 2667 3150; x_wconf 87' lang='lat' dir='ltr'><strong>caput</strong></span> <span class='ocrx_word' id='word_1_596' title='bbox 2725 3089 2972 3134; x_wconf 85' lang='lat' dir='ltr'><strong>nostrum</strong></span> <span class='ocrx_word' id='word_1_597' title='bbox 3018 3078 3290 3140; x_wconf 88' lang='lat' dir='ltr'><strong>Christus,</strong></span> <span class='ocrx_word' id='word_1_598' title='bbox 3340 3078 3442 3131; x_wconf 87' lang='lat' dir='ltr'><strong>hoc</strong></span> 
     </span>
    </p>
   </div>
   <div class='ocr_carea' id='block_1_76' title="bbox 1873 3170 3442 3242">
    <p class='ocr_par' dir='ltr' id='par_1_76' title="bbox 1873 3170 3442 3242">
     <span class='ocr_line' id='line_1_76' title="bbox 1873 3170 3442 3242; baseline -0.001 -16"><span class='ocrx_word' id='word_1_599' title='bbox 1873 3183 1974 3238; x_wconf 86' lang='lat' dir='ltr'><strong>est,</strong></span> <span class='ocrx_word' id='word_1_600' title='bbox 2013 3173 2313 3242; x_wconf 83' lang='lat' dir='ltr'><strong>perfectum</strong></span> <span class='ocrx_word' id='word_1_601' title='bbox 2344 3187 2543 3239; x_wconf 89' lang='lat' dir='ltr'><strong>corpus</strong></span> <span class='ocrx_word' id='word_1_602' title='bbox 2577 3171 2787 3238; x_wconf 85' lang='lat' dir='ltr'><strong>recipit,</strong></span> <span class='ocrx_word' id='word_1_603' title='bbox 2820 3171 3037 3239; x_wconf 81' lang='lat' dir='ltr'><strong>quando</strong></span> <span class='ocrx_word' id='word_1_604' title='bbox 3065 3170 3226 3225; x_wconf 87' lang='lat' dir='ltr'><strong>simul</strong></span> <span class='ocrx_word' id='word_1_605' title='bbox 3253 3183 3442 3225; x_wconf 81' lang='lat' dir='ltr'><strong>omnes</strong></span> 
     </span>
    </p>
   </div>
   <div class='ocr_carea' id='block_1_77' title="bbox 1870 3262 2933 3332">
    <p class='ocr_par' dir='ltr' id='par_1_77' title="bbox 1870 3262 2933 3332">
     <span class='ocr_line' id='line_1_77' title="bbox 1870 3262 2933 3332; baseline -0.004 -14"><span class='ocrx_word' id='word_1_606' title='bbox 1870 3265 2130 3320; x_wconf 80' lang='lat' dir='ltr'><strong>fuerimus</strong></span> <span class='ocrx_word' id='word_1_607' title='bbox 2157 3264 2426 3331; x_wconf 87' lang='lat' dir='ltr'><strong>conjuncti</strong></span> <span class='ocrx_word' id='word_1_608' title='bbox 2474 3274 2528 3316; x_wconf 87' lang='lat' dir='ltr'><strong>et</strong></span> <span class='ocrx_word' id='word_1_609' title='bbox 2562 3262 2933 3332; x_wconf 78' lang='lat' dir='ltr'><strong>conglutinati.</strong></span> 
     </span>
    </p>
   </div>
   <div class='ocr_carea' id='block_1_78' title="bbox 2458 3524 2796 3580">
    <p class='ocr_par' dir='ltr' id='par_1_78' title="bbox 2458 3524 2796 3580">
     <span class='ocr_line' id='line_1_78' title="bbox 2458 3524 2796 3580; baseline -0.003 -1"><span class='ocrx_word' id='word_1_610' title='bbox 2458 3524 2680 3580; x_wconf 81' lang='lat' dir='ltr'><strong>CAPUT</strong></span> <span class='ocrx_word' id='word_1_611' title='bbox 2735 3525 2796 3579; x_wconf 93' lang='lat' dir='ltr'><strong>ll.</strong></span> 
     </span>
    </p>
   </div>
   <div class='ocr_carea' id='block_1_79' title="bbox 1945 3634 3438 3704">
    <p class='ocr_par' dir='ltr' id='par_1_79' title="bbox 1945 3634 3438 3704">
     <span class='ocr_line' id='line_1_79' title="bbox 1945 3634 3438 3704; baseline -0.002 -12"><span class='ocrx_word' id='word_1_612' title='bbox 1945 3637 2106 3695; x_wconf 76' lang='lat' dir='ltr'><strong>Vens.</strong></span> <span class='ocrx_word' id='word_1_613' title='bbox 2150 3638 2199 3701; x_wconf 79' lang='lat' dir='ltr'><strong>i,</strong></span> <span class='ocrx_word' id='word_1_614' title='bbox 2241 3636 2296 3690; x_wconf 75' lang='lat'><strong>2.</strong></span> <span class='ocrx_word' id='word_1_615' title='bbox 2340 3653 2359 3688; x_wconf 85' lang='grc' dir='ltr'><strong>ι</strong></span> <span class='ocrx_word' id='word_1_616' title='bbox 2416 3637 2592 3690; x_wconf 82' lang='lat' dir='ltr'><strong>Etvos</strong></span> <span class='ocrx_word' id='word_1_617' title='bbox 2620 3651 2740 3690; x_wconf 89' lang='lat' dir='ltr'><strong>cum</strong></span> <span class='ocrx_word' id='word_1_618' title='bbox 2773 3635 2964 3688; x_wconf 90' lang='lat' dir='ltr'><strong>essetis</strong></span> <span class='ocrx_word' id='word_1_619' title='bbox 2992 3635 3190 3704; x_wconf 89' lang='lat' dir='ltr'><strong>mortui</strong></span> <span class='ocrx_word' id='word_1_620' title='bbox 3227 3634 3438 3689; x_wconf 78' lang='lat' dir='ltr'><strong>delictis</strong></span> 
     </span>
    </p>
   </div>
   <div class='ocr_carea' id='block_1_80' title="bbox 1865 3726 3436 3797">
    <p class='ocr_par' dir='ltr' id='par_1_80' title="bbox 1865 3726 3436 3797">
     <span class='ocr_line' id='line_1_80' title="bbox 1865 3726 3436 3797; baseline -0.003 -12"><span class='ocrx_word' id='word_1_621' title='bbox 1865 3740 1919 3785; x_wconf 91' lang='lat' dir='ltr'><strong>et</strong></span> <span class='ocrx_word' id='word_1_622' title='bbox 1945 3731 2201 3797; x_wconf 86' lang='lat' dir='ltr'><strong>peccatis,</strong></span> <span class='ocrx_word' id='word_1_623' title='bbox 2260 3729 2310 3783; x_wconf 93' lang='lat' dir='ltr'><strong>in</strong></span> <span class='ocrx_word' id='word_1_624' title='bbox 2346 3729 2542 3797; x_wconf 91' lang='lat' dir='ltr'><strong>quibus</strong></span> <span class='ocrx_word' id='word_1_625' title='bbox 2573 3727 2865 3796; x_wconf 85' lang='lat' dir='ltr'><strong>aliquando</strong></span> <span class='ocrx_word' id='word_1_626' title='bbox 2900 3726 3214 3781; x_wconf 87' lang='lat' dir='ltr'><strong>ambulastis</strong></span> <span class='ocrx_word' id='word_1_627' title='bbox 3243 3741 3436 3781; x_wconf 76' lang='lat' dir='ltr'><strong>secun-</strong></span> 
     </span>
    </p>
   </div>
   <div class='ocr_carea' id='block_1_81' title="bbox 1866 3820 3433 3889">
    <p class='ocr_par' dir='ltr' id='par_1_81' title="bbox 1866 3820 3433 3889">
     <span class='ocr_line' id='line_1_81' title="bbox 1866 3820 3433 3889; baseline -0.003 -12"><span class='ocrx_word' id='word_1_628' title='bbox 1866 3825 1993 3879; x_wconf 87' lang='lat' dir='ltr'><strong>dum</strong></span> <span class='ocrx_word' id='word_1_629' title='bbox 2049 3824 2302 3877; x_wconf 57' lang='lat' dir='ltr'><strong>sarculum</strong></span> <span class='ocrx_word' id='word_1_630' title='bbox 2344 3822 2525 3873; x_wconf 88' lang='lat' dir='ltr'><strong>mundi</strong></span> <span class='ocrx_word' id='word_1_631' title='bbox 2591 3821 2767 3889; x_wconf 84' lang='lat' dir='ltr'><strong>hujus,</strong></span> <span class='ocrx_word' id='word_1_632' title='bbox 2803 3820 3096 3873; x_wconf 88' lang='lat' dir='ltr'><strong>secundum</strong></span> <span class='ocrx_word' id='word_1_633' title='bbox 3133 3820 3433 3888; x_wconf 88' lang='lat' dir='ltr'><strong>principem</strong></span> 
     </span>
    </p>
   </div>
   <div class='ocr_carea' id='block_1_82' title="bbox 1865 3913 3433 3984">
    <p class='ocr_par' dir='ltr' id='par_1_82' title="bbox 1865 3913 3433 3984">
     <span class='ocr_line' id='line_1_82' title="bbox 1865 3913 3433 3984; baseline -0.005 -15"><span class='ocrx_word' id='word_1_634' title='bbox 1865 3915 2146 3984; x_wconf 85' lang='lat' dir='ltr'><strong>potestatis</strong></span> <span class='ocrx_word' id='word_1_635' title='bbox 2178 3915 2354 3978; x_wconf 83' lang='lat' dir='ltr'><strong>aeris,</strong></span> <span class='ocrx_word' id='word_1_636' title='bbox 2395 3913 2634 3978; x_wconf 90' lang='lat' dir='ltr'><strong>spiritus.</strong></span> <span class='ocrx_word' id='word_1_637' title='bbox 2676 3931 2695 3962; x_wconf 75' lang='grc' dir='ltr'><strong>ι</strong></span> <span class='ocrx_word' id='word_1_638' title='bbox 2741 3913 2915 3981; x_wconf 89' lang='lat' dir='ltr'><strong>Supra</strong></span> <span class='ocrx_word' id='word_1_639' title='bbox 2950 3913 3086 3965; x_wconf 82' lang='lat' dir='ltr'><strong>dixit</strong></span> <span class='ocrx_word' id='word_1_640' title='bbox 3112 3913 3250 3978; x_wconf 83' lang='lat' dir='ltr'><strong>quod</strong></span> <span class='ocrx_word' id='word_1_641' title='bbox 3287 3926 3433 3964; x_wconf 88' lang='lat' dir='ltr'><strong>eam-</strong></span> 
     </span>
    </p>
   </div>
   <div class='ocr_carea' id='block_1_83' title="bbox 1867 4002 3433 4080">
    <p class='ocr_par' dir='ltr' id='par_1_83' title="bbox 1867 4002 3433 4080">
     <span class='ocr_line' id='line_1_83' title="bbox 1867 4002 3433 4080; baseline -0.004 -19"><span class='ocrx_word' id='word_1_642' title='bbox 1867 4009 1985 4080; x_wconf 86' lang='lat' dir='ltr'><strong>dem</strong></span> <span class='ocrx_word' id='word_1_643' title='bbox 2027 4008 2317 4075; x_wconf 74' lang='lat' dir='ltr'><strong>potentiam</strong></span> <span class='ocrx_word' id='word_1_644' title='bbox 2351 4014 2404 4059; x_wconf 92' lang='lat' dir='ltr'><strong>et</strong></span> <span class='ocrx_word' id='word_1_645' title='bbox 2433 4005 2798 4070; x_wconf 84' lang='lat' dir='ltr'><strong>Operationem</strong></span> <span class='ocrx_word' id='word_1_646' title='bbox 2830 4005 3128 4058; x_wconf 76' lang='lat' dir='ltr'><strong>ostenderit</strong></span> <span class='ocrx_word' id='word_1_647' title='bbox 3151 4002 3289 4056; x_wconf 90' lang='lat' dir='ltr'><strong>Dens</strong></span> <span class='ocrx_word' id='word_1_648' title='bbox 3307 4017 3433 4068; x_wconf 80' lang='lat' dir='ltr'><strong>erga</strong></span> 
     </span>
    </p>
   </div>
   <div class='ocr_carea' id='block_1_84' title="bbox 1866 4094 3429 4166">
    <p class='ocr_par' dir='ltr' id='par_1_84' title="bbox 1866 4094 3429 4166">
     <span class='ocr_line' id='line_1_84' title="bbox 1866 4094 3429 4166; baseline -0.004 -13"><span class='ocrx_word' id='word_1_649' title='bbox 1866 4116 1983 4161; x_wconf 91' lang='lat' dir='ltr'><strong>nos,</strong></span> <span class='ocrx_word' id='word_1_650' title='bbox 2021 4114 2179 4166; x_wconf 86' lang='lat' dir='ltr'><strong>quam</strong></span> <span class='ocrx_word' id='word_1_651' title='bbox 2214 4099 2266 4150; x_wconf 89' lang='lat' dir='ltr'><strong>in</strong></span> <span class='ocrx_word' id='word_1_652' title='bbox 2308 4097 2547 4151; x_wconf 87' lang='lat' dir='ltr'><strong>Christo.</strong></span> <span class='ocrx_word' id='word_1_653' title='bbox 2597 4097 2806 4150; x_wconf 90' lang='lat' dir='ltr'><strong>Etenim</strong></span> <span class='ocrx_word' id='word_1_654' title='bbox 2846 4099 2910 4149; x_wconf 89' lang='lat' dir='ltr'><strong>de</strong></span> <span class='ocrx_word' id='word_1_655' title='bbox 2967 4096 3056 4149; x_wconf 92' lang='lat' dir='ltr'><strong>illo</strong></span> <span class='ocrx_word' id='word_1_656' title='bbox 3103 4095 3256 4154; x_wconf 86' lang='lat' dir='ltr'><strong>dixit.</strong></span> <span class='ocrx_word' id='word_1_657' title='bbox 3289 4094 3429 4162; x_wconf 83' lang='lat' dir='ltr'><strong>quod</strong></span> 
     </span>
    </p>
   </div>
   <div class='ocr_carea' id='block_1_85' title="bbox 1863 4185 3430 4251">
    <p class='ocr_par' dir='ltr' id='par_1_85' title="bbox 1863 4185 3430 4251">
     <span class='ocr_line' id='line_1_85' title="bbox 1863 4185 3430 4251; baseline -0.007 -7"><span class='ocrx_word' id='word_1_658' title='bbox 1863 4190 2112 4244; x_wconf 80' lang='lat' dir='ltr'><strong>excitarit</strong></span> <span class='ocrx_word' id='word_1_659' title='bbox 2137 4204 2256 4240; x_wconf 87' lang='lat' dir='ltr'><strong>eum</strong></span> <span class='ocrx_word' id='word_1_660' title='bbox 2281 4202 2308 4240; x_wconf 86' lang='lat' dir='ltr'><strong>a</strong></span> <span class='ocrx_word' id='word_1_661' title='bbox 2328 4188 2572 4251; x_wconf 87' lang='lat' dir='ltr'><strong>mortuis,</strong></span> <span class='ocrx_word' id='word_1_662' title='bbox 2594 4195 2647 4240; x_wconf 89' lang='lat' dir='ltr'><strong>et</strong></span> <span class='ocrx_word' id='word_1_663' title='bbox 2673 4186 3016 4239; x_wconf 83' lang='lat' dir='ltr'><strong>constituerit</strong></span> <span class='ocrx_word' id='word_1_664' title='bbox 3037 4201 3196 4249; x_wconf 84' lang='lat' dir='ltr'><strong>super</strong></span> <span class='ocrx_word' id='word_1_665' title='bbox 3213 4185 3391 4235; x_wconf 85' lang='lat' dir='ltr'><strong>omnia</strong></span> <span class='ocrx_word' id='word_1_666' title='bbox 3416 4197 3430 4239; x_wconf 71' lang='grc' dir='ltr'><strong>ε</strong></span> 
     </span>
    </p>
   </div>
   <div class='ocr_carea' id='block_1_86' title="bbox 1864 4275 3424 4349">
    <p class='ocr_par' dir='ltr' id='par_1_86' title="bbox 1864 4275 3424 4349">
     <span class='ocr_line' id='line_1_86' title="bbox 1864 4275 3424 4349; baseline -0.008 -15"><span class='ocrx_word' id='word_1_667' title='bbox 1864 4282 2114 4349; x_wconf 89' lang='lat' dir='ltr'><strong>deinceps</strong></span> <span class='ocrx_word' id='word_1_668' title='bbox 2137 4294 2264 4332; x_wconf 89' lang='lat' dir='ltr'><strong>vero</strong></span> <span class='ocrx_word' id='word_1_669' title='bbox 2286 4278 2517 4332; x_wconf 90' lang='lat' dir='ltr'><strong>denobis</strong></span> <span class='ocrx_word' id='word_1_670' title='bbox 2547 4277 2654 4343; x_wconf 80' lang='lat' dir='ltr'><strong>iam</strong></span> <span class='ocrx_word' id='word_1_671' title='bbox 2687 4292 2826 4330; x_wconf 91' lang='lat' dir='ltr'><strong>nunc</strong></span> <span class='ocrx_word' id='word_1_672' title='bbox 2845 4276 3003 4329; x_wconf 85' lang='lat' dir='ltr'><strong>verba</strong></span> <span class='ocrx_word' id='word_1_673' title='bbox 3038 4275 3186 4337; x_wconf 78' lang='lat' dir='ltr'><strong>facit,</strong></span> <span class='ocrx_word' id='word_1_674' title='bbox 3211 4293 3228 4324; x_wconf 87' lang='grc' dir='ltr'><strong>ι</strong></span> <span class='ocrx_word' id='word_1_675' title='bbox 3256 4275 3383 4335; x_wconf 84' lang='lat' dir='ltr'><strong>Vos,</strong></span> <span class='ocrx_word' id='word_1_676' title='bbox 3409 4292 3424 4322; x_wconf 74' lang='grc' dir='ltr'><strong>ι</strong></span> 
     </span>
    </p>
   </div>
   <div class='ocr_carea' id='block_1_87' title="bbox 1866 4369 3436 4442">
    <p class='ocr_par' dir='ltr' id='par_1_87' title="bbox 1866 4369 3436 4442">
     <span class='ocr_line' id='line_1_87' title="bbox 1866 4369 3436 4442; baseline -0.006 -16"><span class='ocrx_word' id='word_1_677' title='bbox 1866 4374 2130 4442; x_wconf 90' lang='lat' dir='ltr'><strong>inquiens,</strong></span> <span class='ocrx_word' id='word_1_678' title='bbox 2169 4391 2187 4423; x_wconf 82' lang='grc' dir='ltr'><strong>ι</strong></span> <span class='ocrx_word' id='word_1_679' title='bbox 2221 4387 2342 4426; x_wconf 90' lang='lat' dir='ltr'><strong>cum</strong></span> <span class='ocrx_word' id='word_1_680' title='bbox 2372 4371 2568 4424; x_wconf 89' lang='lat' dir='ltr'><strong>essetis</strong></span> <span class='ocrx_word' id='word_1_681' title='bbox 2600 4369 2794 4423; x_wconf 92' lang='lat' dir='ltr'><strong>mortui</strong></span> <span class='ocrx_word' id='word_1_682' title='bbox 2822 4387 2841 4420; x_wconf 74' lang='grc' dir='ltr'><strong>ι</strong></span> <span class='ocrx_word' id='word_1_683' title='bbox 2881 4370 3138 4438; x_wconf 86' lang='lat' dir='ltr'><strong>(mortem</strong></span> <span class='ocrx_word' id='word_1_684' title='bbox 3179 4381 3281 4419; x_wconf 92' lang='lat' dir='ltr'><strong>non</strong></span> <span class='ocrx_word' id='word_1_685' title='bbox 3309 4381 3436 4418; x_wconf 88' lang='lat' dir='ltr'><strong>cor-</strong></span> 
     </span>
    </p>
   </div>
   <div class='ocr_carea' id='block_1_88' title="bbox 1863 4457 3432 4534">
    <p class='ocr_par' dir='ltr' id='par_1_88' title="bbox 1863 4457 3432 4534">
     <span class='ocr_line' id='line_1_88' title="bbox 1863 4457 3432 4534; baseline -0.004 -16"><span class='ocrx_word' id='word_1_686' title='bbox 1863 4465 2098 4534; x_wconf 88' lang='lat' dir='ltr'><strong>poralem</strong></span> <span class='ocrx_word' id='word_1_687' title='bbox 2133 4481 2195 4517; x_wconf 82' lang='lat' dir='ltr'><strong>ex</strong></span> <span class='ocrx_word' id='word_1_688' title='bbox 2220 4465 2424 4517; x_wconf 77' lang='lat' dir='ltr'><strong>Adamo</strong></span> <span class='ocrx_word' id='word_1_689' title='bbox 2454 4471 2825 4530; x_wconf 73' lang='lat' dir='ltr'><strong>propagatam,</strong></span> <span class='ocrx_word' id='word_1_690' title='bbox 2848 4460 2940 4513; x_wconf 88' lang='lat' dir='ltr'><strong>sed</strong></span> <span class='ocrx_word' id='word_1_691' title='bbox 2974 4460 3185 4518; x_wconf 71' lang='lat' dir='ltr'><strong>animae,</strong></span> <span class='ocrx_word' id='word_1_692' title='bbox 3215 4472 3242 4509; x_wconf 87' lang='lat' dir='ltr'><strong>a</strong></span> <span class='ocrx_word' id='word_1_693' title='bbox 3275 4457 3432 4511; x_wconf 90' lang='lat' dir='ltr'><strong>nobis</strong></span> 
     </span>
    </p>
   </div>
   <div class='ocr_carea' id='block_1_89' title="bbox 191 4545 1860 4628">
    <p class='ocr_par' dir='ltr' id='par_1_89' title="bbox 191 4545 1831 4620">
     <span class='ocr_line' id='line_1_89' title="bbox 191 4545 1831 4620; baseline 0.007 -23"><span class='ocrx_word' id='word_1_694' title='bbox 191 4549 261 4597; x_wconf 83' lang='grc' dir='ltr'>ὲκ</span> <span class='ocrx_word' id='word_1_695' title='bbox 294 4545 385 4598; x_wconf 79' lang='grc' dir='ltr'><strong>τοῦ</strong></span> <span class='ocrx_word' id='word_1_696' title='bbox 424 4547 593 4615; x_wconf 71' lang='grc' dir='ltr'>Ἀδὰμ</span> <span class='ocrx_word' id='word_1_697' title='bbox 622 4547 956 4616; x_wconf 80' lang='grc' dir='ltr'>ἀρξαμένην,</span> <span class='ocrx_word' id='word_1_698' title='bbox 994 4549 1130 4602; x_wconf 86' lang='grc' dir='ltr'><strong>ἀλλά</strong></span> <span class='ocrx_word' id='word_1_699' title='bbox 1155 4549 1254 4619; x_wconf 86' lang='grc' dir='ltr'><strong>τὴν</strong></span> <span class='ocrx_word' id='word_1_700' title='bbox 1278 4549 1537 4620; x_wconf 78' lang='grc' dir='ltr'>ψυχικὴν,</span> <span class='ocrx_word' id='word_1_701' title='bbox 1559 4553 1657 4620; x_wconf 79' lang='grc' dir='ltr'>τὴν</span> <span class='ocrx_word' id='word_1_702' title='bbox 1698 4554 1755 4618; x_wconf 81' lang='grc' dir='ltr'><strong>ἐξ</strong></span> <span class='ocrx_word' id='word_1_703' title='bbox 1791 4554 1831 4608; x_wconf 89' lang='lat' dir='ltr'><strong>D</strong></span> 
     </span>
    </p>
   </div>
   <div class='ocr_carea' id='block_1_90' title="bbox 1761 4545 3430 4628">
    <p class='ocr_par' dir='ltr' id='par_1_90' title="bbox 1791 4549 3430 4628">
     <span class='ocr_line' id='line_1_90' title="bbox 1791 4549 3430 4628; baseline -0.009 -13"><span class='ocrx_word' id='word_1_704' title='bbox 1791 4554 1993 4628; x_wconf 81' lang='lat' dir='ltr'><strong>Dipsis</strong></span> <span class='ocrx_word' id='word_1_705' title='bbox 2057 4558 2380 4618; x_wconf 84' lang='lat' dir='ltr'><strong>conﬂatam,</strong></span> <span class='ocrx_word' id='word_1_706' title='bbox 2454 4570 2646 4624; x_wconf 90' lang='lat' dir='ltr'><strong>nempe</strong></span> <span class='ocrx_word' id='word_1_707' title='bbox 2708 4552 3090 4622; x_wconf 76' lang='lat' dir='ltr'><strong>peccatorum)</strong></span> <span class='ocrx_word' id='word_1_708' title='bbox 3152 4549 3430 4603; x_wconf 85' lang='lat' dir='ltr'><strong>suscitavit</strong></span> 
     </span>
    </p>
   </div>
   <div class='ocr_carea' id='block_1_91' title="bbox 193 4638 1762 4713">
    <p class='ocr_par' dir='ltr' id='par_1_91' title="bbox 193 4638 1762 4713">
     <span class='ocr_line' id='line_1_91' title="bbox 193 4638 1762 4713; baseline 0.005 -25"><span class='ocrx_word' id='word_1_709' title='bbox 193 4638 355 4704; x_wconf 73' lang='grc' dir='ltr'>ἡμῶν</span> <span class='ocrx_word' id='word_1_710' title='bbox 405 4638 584 4690; x_wconf 85' lang='grc' dir='ltr'>αὐτῶν</span> <span class='ocrx_word' id='word_1_711' title='bbox 639 4641 1058 4710; x_wconf 78' lang='grc' dir='ltr'>συνισταμένην,</span> <span class='ocrx_word' id='word_1_712' title='bbox 1126 4640 1223 4711; x_wconf 79' lang='grc' dir='ltr'>τὴν</span> <span class='ocrx_word' id='word_1_713' title='bbox 1271 4643 1380 4694; x_wconf 87' lang='grc' dir='ltr'><strong>τῶν</strong></span> <span class='ocrx_word' id='word_1_714' title='bbox 1440 4645 1762 4713; x_wconf 84' lang='grc' dir='ltr'>ἁμαρτιῶν)</span> 
     </span>
    </p>
   </div>
   <div class='ocr_carea' id='block_1_92' title="bbox 191 4730 1765 4804">
    <p class='ocr_par' dir='ltr' id='par_1_92' title="bbox 191 4730 1765 4804">
     <span class='ocr_line' id='line_1_92' title="bbox 191 4730 1765 4804; baseline 0.004 -23"><span class='ocrx_word' id='word_1_715' title='bbox 191 4731 456 4799; x_wconf 79' lang='grc' dir='ltr'>ἀνέστησε</span> <span class='ocrx_word' id='word_1_716' title='bbox 480 4730 572 4783; x_wconf 80' lang='grc' dir='ltr'>καὶ</span> <span class='ocrx_word' id='word_1_717' title='bbox 604 4731 839 4801; x_wconf 75' lang='grc' dir='ltr'>ήγειρεν.</span> <span class='ocrx_word' id='word_1_718' title='bbox 877 4733 1039 4784; x_wconf 83' lang='grc' dir='ltr'>Ὥστε</span> <span class='ocrx_word' id='word_1_719' title='bbox 1068 4736 1133 4802; x_wconf 76' lang='grc' dir='ltr'>τῇ</span> <span class='ocrx_word' id='word_1_720' title='bbox 1167 4733 1306 4804; x_wconf 75' lang='grc' dir='ltr'>αὐτῇ</span> <span class='ocrx_word' id='word_1_721' title='bbox 1332 4733 1379 4765; x_wconf 82' lang='grc' dir='ltr'><strong>⁸ο</strong></span> <span class='ocrx_word' id='word_1_722' title='bbox 1413 4735 1639 4804; x_wconf 84' lang='grc' dir='ltr'>δυνάμει</span> <span class='ocrx_word' id='word_1_723' title='bbox 1671 4739 1765 4789; x_wconf 72' lang='grc' dir='ltr'>καὶ</span> 
     </span>
    </p>
   </div>
   <div class='ocr_carea' id='block_1_93' title="bbox 192 4821 1764 4892">
    <p class='ocr_par' dir='ltr' id='par_1_93' title="bbox 192 4821 1764 4892">
     <span class='ocr_line' id='line_1_93' title="bbox 192 4821 1764 4892; baseline 0.006 -21"><span class='ocrx_word' id='word_1_724' title='bbox 192 4822 288 4872; x_wconf 60' lang='grc' dir='ltr'>τὶν</span> <span class='ocrx_word' id='word_1_725' title='bbox 319 4821 518 4891; x_wconf 75' lang='grc' dir='ltr'>Κύριον</span> <span class='ocrx_word' id='word_1_726' title='bbox 545 4823 765 4891; x_wconf 66' lang='grc' dir='ltr'>ἤγειρεν</span> <span class='ocrx_word' id='word_1_727' title='bbox 793 4824 858 4876; x_wconf 65' lang='lat' dir='ltr'><strong>lx</strong></span> <span class='ocrx_word' id='word_1_728' title='bbox 888 4823 982 4876; x_wconf 84' lang='grc' dir='ltr'><strong>τοῦ</strong></span> <span class='ocrx_word' id='word_1_729' title='bbox 1034 4824 1353 4892; x_wconf 86' lang='grc' dir='ltr'>σωματικοῦ</span> <span class='ocrx_word' id='word_1_730' title='bbox 1383 4827 1631 4890; x_wconf 84' lang='grc' dir='ltr'>θανάτου,</span> <span class='ocrx_word' id='word_1_731' title='bbox 1671 4831 1764 4881; x_wconf 77' lang='grc' dir='ltr'><strong>καὶ</strong></span> 
     </span>
    </p>
   </div>
   <div class='ocr_carea' id='block_1_94' title="bbox 190 4912 1761 4988">
    <p class='ocr_par' dir='ltr' id='par_1_94' title="bbox 190 4912 1761 4988">
     <span class='ocr_line' id='line_1_94' title="bbox 190 4912 1761 4988; baseline 0.006 -26"><span class='ocrx_word' id='word_1_732' title='bbox 190 4912 342 4978; x_wconf 73' lang='grc' dir='ltr'>ἡμᾶς</span> <span class='ocrx_word' id='word_1_733' title='bbox 376 4914 438 4963; x_wconf 76' lang='grc' dir='ltr'>ὲκ</span> <span class='ocrx_word' id='word_1_734' title='bbox 483 4912 577 4965; x_wconf 83' lang='grc' dir='ltr'><strong>τοῦ</strong></span> <span class='ocrx_word' id='word_1_735' title='bbox 620 4912 854 4982; x_wconf 76' lang='grc' dir='ltr'>ψυχικοῦ</span> <span class='ocrx_word' id='word_1_736' title='bbox 906 4913 1001 4967; x_wconf 93' lang='grc' dir='ltr'><strong>τοῦ</strong></span> <span class='ocrx_word' id='word_1_737' title='bbox 1042 4914 1151 4966; x_wconf 85' lang='grc' dir='ltr'><strong>τῶν</strong></span> <span class='ocrx_word' id='word_1_738' title='bbox 1195 4916 1517 4984; x_wconf 79' lang='grc' dir='ltr'>ἁμαρτιῶν·</span> <span class='ocrx_word' id='word_1_739' title='bbox 1562 4919 1761 4988; x_wconf 80' lang='grc' dir='ltr'>μᾶλλον</span> 
     </span>
    </p>
   </div>
   <div class='ocr_carea' id='block_1_95' title="bbox 189 5004 1760 5079">
    <p class='ocr_par' dir='ltr' id='par_1_95' title="bbox 189 5004 1760 5079">
     <span class='ocr_line' id='line_1_95' title="bbox 189 5004 1760 5079; baseline 0.005 -24"><span class='ocrx_word' id='word_1_740' title='bbox 189 5005 251 5055; x_wconf 77' lang='grc' dir='ltr'>δὲ</span> <span class='ocrx_word' id='word_1_741' title='bbox 292 5004 351 5057; x_wconf 70' lang='grc' dir='ltr'>τὸ</span> <span class='ocrx_word' id='word_1_742' title='bbox 407 5006 588 5074; x_wconf 75' lang='grc' dir='ltr'>μεῖζον</span> <span class='ocrx_word' id='word_1_743' title='bbox 626 5008 720 5060; x_wconf 90' lang='grc' dir='ltr'><strong>τοῦ</strong></span> <span class='ocrx_word' id='word_1_744' title='bbox 771 5009 997 5075; x_wconf 72' lang='grc' dir='ltr'>νεκροὺς</span> <span class='ocrx_word' id='word_1_745' title='bbox 1022 5009 1266 5077; x_wconf 81' lang='grc' dir='ltr'>ἀνιστᾷν,</span> <span class='ocrx_word' id='word_1_746' title='bbox 1293 5012 1352 5060; x_wconf 84' lang='grc' dir='ltr'><strong>τδ</strong></span> <span class='ocrx_word' id='word_1_747' title='bbox 1389 5009 1566 5079; x_wconf 72' lang='grc' dir='ltr'>ψυχὰς</span> <span class='ocrx_word' id='word_1_748' title='bbox 1596 5027 1760 5078; x_wconf 86' lang='grc' dir='ltr'>μετα-</span> 
     </span>
    </p>
   </div>
   <div class='ocr_carea' id='block_1_96' title="bbox 189 5098 1759 5168">
    <p class='ocr_par' dir='ltr' id='par_1_96' title="bbox 189 5098 1759 5168">
     <span class='ocr_line' id='line_1_96' title="bbox 189 5098 1759 5168; baseline 0.005 -20"><span class='ocrx_word' id='word_1_749' title='bbox 189 5099 402 5159; x_wconf 78' lang='grc' dir='ltr'>πεῖσαι,</span> <span class='ocrx_word' id='word_1_750' title='bbox 432 5098 505 5159; x_wconf 87' lang='grc' dir='ltr'>ὼς</span> <span class='ocrx_word' id='word_1_751' title='bbox 531 5101 624 5152; x_wconf 70' lang='grc' dir='ltr'><strong>καὶ</strong></span> <span class='ocrx_word' id='word_1_752' title='bbox 655 5100 909 5168; x_wconf 84' lang='grc' dir='ltr'>ἀνωτέρω</span> <span class='ocrx_word' id='word_1_753' title='bbox 939 5100 1170 5168; x_wconf 75' lang='grc' dir='ltr'>εἴρηται.</span> <span class='ocrx_word' id='word_1_754' title='bbox 1217 5101 1279 5152; x_wconf 84' lang='grc' dir='ltr'><strong>Ἠ</strong></span> <span class='ocrx_word' id='word_1_755' title='bbox 1313 5101 1415 5168; x_wconf 72' lang='grc' dir='ltr'>μὲν</span> <span class='ocrx_word' id='word_1_756' title='bbox 1435 5101 1527 5154; x_wconf 81' lang='grc' dir='ltr'><strong>οῦν</strong></span> <span class='ocrx_word' id='word_1_757' title='bbox 1553 5103 1759 5156; x_wconf 86' lang='grc' dir='ltr'>διάνοια</span> 
     </span>
    </p>
   </div>
   <div class='ocr_carea' id='block_1_97' title="bbox 191 5187 1757 5260">
    <p class='ocr_par' dir='ltr' id='par_1_97' title="bbox 191 5187 1757 5260">
     <span class='ocr_line' id='line_1_97' title="bbox 191 5187 1757 5260; baseline 0.003 -20"><span class='ocrx_word' id='word_1_758' title='bbox 191 5187 287 5240; x_wconf 81' lang='grc' dir='ltr'><strong>τοῦ</strong></span> <span class='ocrx_word' id='word_1_759' title='bbox 332 5189 451 5241; x_wconf 74' lang='grc' dir='ltr'>ὅλου</span> <span class='ocrx_word' id='word_1_760' title='bbox 486 5190 649 5258; x_wconf 78' lang='grc' dir='ltr'>ῥητοῦ</span> <span class='ocrx_word' id='word_1_761' title='bbox 690 5191 948 5256; x_wconf 80' lang='grc' dir='ltr'>τοιαύτη·</span> <span class='ocrx_word' id='word_1_762' title='bbox 985 5193 1073 5243; x_wconf 69' lang='grc' dir='ltr'><strong>διὰ</strong></span> <span class='ocrx_word' id='word_1_763' title='bbox 1114 5192 1325 5260; x_wconf 83' lang='grc' dir='ltr'>μακροῦ</span> <span class='ocrx_word' id='word_1_764' title='bbox 1356 5191 1411 5242; x_wconf 75' lang='grc' dir='ltr'>δὲ</span> <span class='ocrx_word' id='word_1_765' title='bbox 1444 5192 1757 5245; x_wconf 80' lang='grc' dir='ltr'>ἀποδέδοται</span> 
     </span>
    </p>
   </div>
   <div class='ocr_carea' id='block_1_98' title="bbox 193 5279 1759 5354">
    <p class='ocr_par' dir='ltr' id='par_1_98' title="bbox 193 5279 1759 5354">
     <span class='ocr_line' id='line_1_98' title="bbox 193 5279 1759 5354; baseline 0.004 -22"><span class='ocrx_word' id='word_1_766' title='bbox 193 5283 272 5343; x_wconf 78' lang='grc' dir='ltr'>εἰς</span> <span class='ocrx_word' id='word_1_767' title='bbox 293 5282 374 5344; x_wconf 73' lang='grc' dir='ltr'><strong>τὺ,</strong></span> <span class='ocrx_word' id='word_1_768' title='bbox 400 5300 418 5333; x_wconf 79' lang='grc' dir='ltr'><strong>ι</strong></span> <span class='ocrx_word' id='word_1_769' title='bbox 445 5283 883 5353; x_wconf 79' lang='grc' dir='ltr'>Συνεζωοποίησε</span> <span class='ocrx_word' id='word_1_770' title='bbox 909 5301 983 5353; x_wconf 83' lang='grc' dir='ltr'>τῳ</span> <span class='ocrx_word' id='word_1_771' title='bbox 1011 5283 1231 5353; x_wconf 80' lang='grc' dir='ltr'>Χριστῷ</span> <span class='ocrx_word' id='word_1_772' title='bbox 1253 5301 1266 5314; x_wconf 89' lang='grc'><strong>·</strong></span> <span class='ocrx_word' id='word_1_773' title='bbox 1303 5303 1320 5334; x_wconf 72' lang='grc' dir='ltr'><strong>ι</strong></span> <span class='ocrx_word' id='word_1_774' title='bbox 1357 5279 1444 5336; x_wconf 75' lang='grc' dir='ltr'>οἷα</span> <span class='ocrx_word' id='word_1_775' title='bbox 1460 5282 1524 5354; x_wconf 81' lang='grc' dir='ltr'><strong>δὴ</strong></span> <span class='ocrx_word' id='word_1_776' title='bbox 1548 5285 1759 5338; x_wconf 89' lang='grc' dir='ltr'>πολλῶν</span> 
     </span>
    </p>
   </div>
   <div class='ocr_carea' id='block_1_99' title="bbox 194 5373 1755 5445">
    <p class='ocr_par' dir='ltr' id='par_1_99' title="bbox 194 5373 1755 5445">
     <span class='ocr_line' id='line_1_99' title="bbox 194 5373 1755 5445; baseline 0.005 -24"><span class='ocrx_word' id='word_1_777' title='bbox 194 5373 653 5439; x_wconf 78' lang='grc' dir='ltr'>παρεντεθέντων,</span> <span class='ocrx_word' id='word_1_778' title='bbox 692 5377 785 5427; x_wconf 75' lang='grc' dir='ltr'>καὶ</span> <span class='ocrx_word' id='word_1_779' title='bbox 816 5375 1213 5442; x_wconf 69' lang='grc' dir='ltr'>ἐπαναλήψεως</span> <span class='ocrx_word' id='word_1_780' title='bbox 1247 5379 1546 5444; x_wconf 80' lang='grc' dir='ltr'>γενομένης</span> <span class='ocrx_word' id='word_1_781' title='bbox 1575 5377 1634 5428; x_wconf 87' lang='grc' dir='ltr'>ὲν</span> <span class='ocrx_word' id='word_1_782' title='bbox 1659 5378 1755 5445; x_wconf 82' lang='grc' dir='ltr'>τῷ,</span> 
     </span>
    </p>
   </div>
   <div class='ocr_carea' id='block_1_100' title="bbox 198 5463 1756 5528">
    <p class='ocr_par' dir='ltr' id='par_1_100' title="bbox 198 5463 1756 5528">
     <span class='ocr_line' id='line_1_100' title="bbox 198 5463 1756 5528; baseline 0.006 -16"><span class='ocrx_word' id='word_1_783' title='bbox 198 5481 216 5512; x_wconf 81' lang='grc' dir='ltr'><strong>ι</strong></span> <span class='ocrx_word' id='word_1_784' title='bbox 268 5464 326 5518; x_wconf 88' lang='grc' dir='ltr'><strong>Ὀ</strong></span> <span class='ocrx_word' id='word_1_785' title='bbox 355 5464 410 5516; x_wconf 83' lang='grc' dir='ltr'>δὲ</span> <span class='ocrx_word' id='word_1_786' title='bbox 437 5463 568 5526; x_wconf 78' lang='grc' dir='ltr'>Θεὸς</span> <span class='ocrx_word' id='word_1_787' title='bbox 599 5466 848 5528; x_wconf 84' lang='grc' dir='ltr'>πλούσιος</span> <span class='ocrx_word' id='word_1_788' title='bbox 875 5465 950 5518; x_wconf 82' lang='grc' dir='ltr'>ὢν</span> <span class='ocrx_word' id='word_1_789' title='bbox 982 5469 1039 5518; x_wconf 83' lang='grc' dir='ltr'>ὲν</span> <span class='ocrx_word' id='word_1_790' title='bbox 1072 5467 1232 5521; x_wconf 77' lang='grc' dir='ltr'>ἐλέει.</span> <span class='ocrx_word' id='word_1_791' title='bbox 1259 5486 1276 5517; x_wconf 73' lang='grc' dir='ltr'><strong>ι</strong></span> <span class='ocrx_word' id='word_1_792' title='bbox 1311 5467 1491 5521; x_wconf 82' lang='grc' dir='ltr'>Εἰπὼν</span> <span class='ocrx_word' id='word_1_793' title='bbox 1521 5464 1613 5520; x_wconf 82' lang='grc' dir='ltr'><strong>οῦν</strong></span> <span class='ocrx_word' id='word_1_794' title='bbox 1655 5469 1756 5521; x_wconf 85' lang='grc' dir='ltr'>αῦ-</span> 
     </span>
    </p>
   </div>
   <div class='ocr_carea' id='block_1_101' title="bbox 193 5554 1759 5628">
    <p class='ocr_par' dir='ltr' id='par_1_101' title="bbox 193 5554 1759 5628">
     <span class='ocr_line' id='line_1_101' title="bbox 193 5554 1759 5628; baseline 0.003 -20"><span class='ocrx_word' id='word_1_795' title='bbox 193 5558 319 5618; x_wconf 74' lang='grc' dir='ltr'>τοὺς</span> <span class='ocrx_word' id='word_1_796' title='bbox 352 5559 575 5626; x_wconf 77' lang='grc' dir='ltr'>νεκροὺς</span> <span class='ocrx_word' id='word_1_797' title='bbox 603 5559 778 5622; x_wconf 75' lang='grc' dir='ltr'>ὄντας,</span> <span class='ocrx_word' id='word_1_798' title='bbox 806 5560 900 5611; x_wconf 78' lang='grc' dir='ltr'><strong>καὶ</strong></span> <span class='ocrx_word' id='word_1_799' title='bbox 918 5559 1096 5623; x_wconf 78' lang='grc' dir='ltr'>δείξας</span> <span class='ocrx_word' id='word_1_800' title='bbox 1123 5559 1239 5622; x_wconf 88' lang='grc' dir='ltr'><strong>πῶς</strong></span> <span class='ocrx_word' id='word_1_801' title='bbox 1273 5554 1411 5628; x_wconf 82' lang='grc' dir='ltr'>ἦσαν</span> <span class='ocrx_word' id='word_1_802' title='bbox 1445 5561 1647 5628; x_wconf 69' lang='grc' dir='ltr'>νεκροὶ,</span> <span class='ocrx_word' id='word_1_803' title='bbox 1677 5561 1759 5613; x_wconf 82' lang='grc' dir='ltr'>ὅτι</span> 
     </span>
    </p>
   </div>
   <div class='ocr_carea' id='block_1_102' title="bbox 1861 4641 3429 4720">
    <p class='ocr_par' dir='ltr' id='par_1_102' title="bbox 1861 4641 3429 4720">
     <span class='ocr_line' id='line_1_102' title="bbox 1861 4641 3429 4720; baseline -0.01 -15"><span class='ocrx_word' id='word_1_804' title='bbox 1861 4653 2242 4720; x_wconf 77' lang='lat' dir='ltr'><strong>excitavitque.</strong></span> <span class='ocrx_word' id='word_1_805' title='bbox 2278 4648 2461 4715; x_wconf 84' lang='lat' dir='ltr'><strong>Itaque</strong></span> <span class='ocrx_word' id='word_1_806' title='bbox 2478 4647 2664 4700; x_wconf 88' lang='lat' dir='ltr'><strong>eadem</strong></span> <span class='ocrx_word' id='word_1_807' title='bbox 2698 4643 2930 4714; x_wconf 89' lang='lat' dir='ltr'><strong>potentia</strong></span> <span class='ocrx_word' id='word_1_808' title='bbox 2968 4643 3253 4696; x_wconf 90' lang='lat' dir='ltr'><strong>Dominum</strong></span> <span class='ocrx_word' id='word_1_809' title='bbox 3283 4641 3429 4692; x_wconf 85' lang='lat' dir='ltr'><strong>exci-</strong></span> 
     </span>
    </p>
   </div>
   <div class='ocr_carea' id='block_1_103' title="bbox 1864 4734 3425 4809">
    <p class='ocr_par' dir='ltr' id='par_1_103' title="bbox 1864 4734 3425 4809">
     <span class='ocr_line' id='line_1_103' title="bbox 1864 4734 3425 4809; baseline -0.01 -11"><span class='ocrx_word' id='word_1_810' title='bbox 1864 4748 1992 4798; x_wconf 83' lang='lat' dir='ltr'><strong>tavit</strong></span> <span class='ocrx_word' id='word_1_811' title='bbox 2027 4761 2056 4798; x_wconf 90' lang='lat' dir='ltr'><strong>a</strong></span> <span class='ocrx_word' id='word_1_812' title='bbox 2110 4753 2281 4797; x_wconf 88' lang='lat' dir='ltr'><strong>morte</strong></span> <span class='ocrx_word' id='word_1_813' title='bbox 2313 4756 2591 4809; x_wconf 85' lang='lat' dir='ltr'><strong>corporea,</strong></span> <span class='ocrx_word' id='word_1_814' title='bbox 2622 4748 2675 4791; x_wconf 90' lang='lat' dir='ltr'><strong>et</strong></span> <span class='ocrx_word' id='word_1_815' title='bbox 2705 4752 2803 4790; x_wconf 91' lang='lat' dir='ltr'><strong>nos</strong></span> <span class='ocrx_word' id='word_1_816' title='bbox 2834 4745 2887 4789; x_wconf 89' lang='lat' dir='ltr'><strong>et</strong></span> <span class='ocrx_word' id='word_1_817' title='bbox 2937 4752 2963 4786; x_wconf 87' lang='lat' dir='ltr'><strong>a</strong></span> <span class='ocrx_word' id='word_1_818' title='bbox 3000 4745 3171 4787; x_wconf 90' lang='lat' dir='ltr'><strong>morte</strong></span> <span class='ocrx_word' id='word_1_819' title='bbox 3213 4734 3425 4792; x_wconf 65' lang='lat' dir='ltr'><strong>animm,</strong></span> 
     </span>
    </p>
   </div>
   <div class='ocr_carea' id='block_1_104' title="bbox 1860 4831 3426 4903">
    <p class='ocr_par' dir='ltr' id='par_1_104' title="bbox 1860 4831 3426 4903">
     <span class='ocr_line' id='line_1_104' title="bbox 1860 4831 3426 4903; baseline -0.01 -15"><span class='ocrx_word' id='word_1_820' title='bbox 1860 4837 2062 4903; x_wconf 85' lang='lat' dir='ltr'><strong>peccati</strong></span> <span class='ocrx_word' id='word_1_821' title='bbox 2082 4834 2287 4887; x_wconf 71' lang='lat' dir='ltr'><strong>scilicet</strong></span> <span class='ocrx_word' id='word_1_822' title='bbox 2311 4850 2325 4897; x_wconf 87' lang='lat'>;</span> <span class='ocrx_word' id='word_1_823' title='bbox 2352 4834 2459 4885; x_wconf 92' lang='lat' dir='ltr'><strong>itno</strong></span> <span class='ocrx_word' id='word_1_824' title='bbox 2478 4845 2624 4888; x_wconf 87' lang='lat' dir='ltr'><strong>vero.</strong></span> <span class='ocrx_word' id='word_1_825' title='bbox 2647 4831 2856 4882; x_wconf 88' lang='lat' dir='ltr'><strong>animos</strong></span> <span class='ocrx_word' id='word_1_826' title='bbox 2880 4836 3277 4886; x_wconf 86' lang='lat' dir='ltr'><strong>transmutare,</strong></span> <span class='ocrx_word' id='word_1_827' title='bbox 3310 4838 3426 4875; x_wconf 84' lang='lat' dir='ltr'><strong>ma-</strong></span> 
     </span>
    </p>
   </div>
   <div class='ocr_carea' id='block_1_105' title="bbox 1857 4925 3424 4995">
    <p class='ocr_par' dir='ltr' id='par_1_105' title="bbox 1857 4925 3424 4995">
     <span class='ocr_line' id='line_1_105' title="bbox 1857 4925 3424 4995; baseline -0.01 -16"><span class='ocrx_word' id='word_1_828' title='bbox 1857 4927 1946 4995; x_wconf 87' lang='lat' dir='ltr'><strong>jus</strong></span> <span class='ocrx_word' id='word_1_829' title='bbox 1977 4934 2238 4993; x_wconf 83' lang='lat' dir='ltr'><strong>estquam</strong></span> <span class='ocrx_word' id='word_1_830' title='bbox 2266 4932 2506 4975; x_wconf 89' lang='lat' dir='ltr'><strong>mortuos</strong></span> <span class='ocrx_word' id='word_1_831' title='bbox 2533 4925 2792 4984; x_wconf 79' lang='lat' dir='ltr'><strong>excitare,</strong></span> <span class='ocrx_word' id='word_1_832' title='bbox 2825 4931 2882 4972; x_wconf 90' lang='lat' dir='ltr'><strong>ut</strong></span> <span class='ocrx_word' id='word_1_833' title='bbox 2909 4933 3068 4984; x_wconf 88' lang='lat' dir='ltr'><strong>supra</strong></span> <span class='ocrx_word' id='word_1_834' title='bbox 3092 4929 3424 4969; x_wconf 84' lang='lat' dir='ltr'><strong>commemo-</strong></span> 
     </span>
    </p>
   </div>
   <div class='ocr_carea' id='block_1_106' title="bbox 1867 5006 3429 5083">
    <p class='ocr_par' dir='ltr' id='par_1_106' title="bbox 1867 5006 3429 5083">
     <span class='ocr_line' id='line_1_106' title="bbox 1867 5006 3429 5083; baseline -0.01 -11"><span class='ocrx_word' id='word_1_835' title='bbox 1867 5029 2040 5072; x_wconf 81' lang='lat' dir='ltr'><strong>ratum</strong></span> <span class='ocrx_word' id='word_1_836' title='bbox 2074 5027 2176 5071; x_wconf 89' lang='lat' dir='ltr'><strong>est.</strong></span> <span class='ocrx_word' id='word_1_837' title='bbox 2219 5017 2422 5070; x_wconf 89' lang='lat' dir='ltr'><strong>Sensus</strong></span> <span class='ocrx_word' id='word_1_838' title='bbox 2460 5015 2620 5083; x_wconf 80' lang='lat' dir='ltr'><strong>igitur</strong></span> <span class='ocrx_word' id='word_1_839' title='bbox 2649 5014 2815 5068; x_wconf 92' lang='lat' dir='ltr'><strong>totins</strong></span> <span class='ocrx_word' id='word_1_840' title='bbox 2847 5012 3008 5079; x_wconf 86' lang='lat' dir='ltr'><strong>hujus</strong></span> <span class='ocrx_word' id='word_1_841' title='bbox 3065 5009 3164 5060; x_wconf 93' lang='lat' dir='ltr'><strong>loci</strong></span> <span class='ocrx_word' id='word_1_842' title='bbox 3216 5016 3299 5060; x_wconf 89' lang='lat' dir='ltr'><strong>est</strong></span> <span class='ocrx_word' id='word_1_843' title='bbox 3331 5006 3429 5057; x_wconf 87' lang='lat' dir='ltr'><strong>hu-</strong></span> 
     </span>
    </p>
   </div>
   <div class='ocr_carea' id='block_1_107' title="bbox 1862 5097 3423 5182">
    <p class='ocr_par' dir='ltr' id='par_1_107' title="bbox 1862 5097 3423 5182">
     <span class='ocr_line' id='line_1_107' title="bbox 1862 5097 3423 5182; baseline -0.01 -20"><span class='ocrx_word' id='word_1_844' title='bbox 1862 5109 2115 5182; x_wconf 87' lang='lat' dir='ltr'><strong>jusmodi,</strong></span> <span class='ocrx_word' id='word_1_845' title='bbox 2139 5110 2350 5163; x_wconf 88' lang='lat' dir='ltr'><strong>etiamsi</strong></span> <span class='ocrx_word' id='word_1_846' title='bbox 2396 5108 2447 5160; x_wconf 92' lang='lat' dir='ltr'><strong>in</strong></span> <span class='ocrx_word' id='word_1_847' title='bbox 2480 5107 2692 5175; x_wconf 78' lang='lat' dir='ltr'><strong>longum</strong></span> <span class='ocrx_word' id='word_1_848' title='bbox 2719 5104 3067 5162; x_wconf 80' lang='lat' dir='ltr'><strong>extendatur,</strong></span> <span class='ocrx_word' id='word_1_849' title='bbox 3103 5113 3271 5166; x_wconf 90' lang='lat' dir='ltr'><strong>usque</strong></span> <span class='ocrx_word' id='word_1_850' title='bbox 3300 5097 3423 5150; x_wconf 90' lang='lat' dir='ltr'><strong>dum</strong></span> 
     </span>
    </p>
   </div>
   <div class='ocr_carea' id='block_1_108' title="bbox 1865 5191 3423 5272">
    <p class='ocr_par' dir='ltr' id='par_1_108' title="bbox 1865 5191 3423 5272">
     <span class='ocr_line' id='line_1_108' title="bbox 1865 5191 3423 5272; baseline -0.012 -15"><span class='ocrx_word' id='word_1_851' title='bbox 1865 5203 2167 5272; x_wconf 89' lang='lat' dir='ltr'><strong>pervenerit</strong></span> <span class='ocrx_word' id='word_1_852' title='bbox 2218 5215 2282 5254; x_wconf 91' lang='lat' dir='ltr'><strong>eo</strong></span> <span class='ocrx_word' id='word_1_853' title='bbox 2336 5199 2422 5253; x_wconf 91' lang='lat' dir='ltr'><strong>ubi</strong></span> <span class='ocrx_word' id='word_1_854' title='bbox 2475 5198 2638 5251; x_wconf 87' lang='lat' dir='ltr'><strong>dicit:</strong></span> <span class='ocrx_word' id='word_1_855' title='bbox 2683 5216 2700 5248; x_wconf 84' lang='grc' dir='ltr'><strong>ι</strong></span> <span class='ocrx_word' id='word_1_856' title='bbox 2747 5194 3047 5249; x_wconf 82' lang='lat' dir='ltr'><strong>Viviﬁeavit</strong></span> <span class='ocrx_word' id='word_1_857' title='bbox 3091 5191 3249 5247; x_wconf 90' lang='lat' dir='ltr'><strong>simul</strong></span> <span class='ocrx_word' id='word_1_858' title='bbox 3301 5203 3423 5240; x_wconf 81' lang='lat' dir='ltr'><strong>cum</strong></span> 
     </span>
    </p>
   </div>
   <div class='ocr_carea' id='block_1_109' title="bbox 1860 5281 3421 5351">
    <p class='ocr_par' dir='ltr' id='par_1_109' title="bbox 1860 5281 3421 5351">
     <span class='ocr_line' id='line_1_109' title="bbox 1860 5281 3421 5351; baseline -0.01 -7"><span class='ocrx_word' id='word_1_859' title='bbox 1860 5288 2092 5351; x_wconf 81' lang='lat' dir='ltr'><strong>Christo,</strong></span> <span class='ocrx_word' id='word_1_860' title='bbox 2128 5307 2146 5338; x_wconf 72' lang='grc' dir='ltr'><strong>ι</strong></span> <span class='ocrx_word' id='word_1_861' title='bbox 2190 5288 2370 5340; x_wconf 90' lang='lat' dir='ltr'><strong>multis</strong></span> <span class='ocrx_word' id='word_1_862' title='bbox 2393 5286 2644 5338; x_wconf 89' lang='lat' dir='ltr'><strong>nimirum</strong></span> <span class='ocrx_word' id='word_1_863' title='bbox 2680 5284 3045 5349; x_wconf 77' lang='lat' dir='ltr'><strong>interpositis,</strong></span> <span class='ocrx_word' id='word_1_864' title='bbox 3071 5281 3421 5348; x_wconf 83' lang='lat' dir='ltr'><strong>repetitione-</strong></span> 
     </span>
    </p>
   </div>
   <div class='ocr_carea' id='block_1_110' title="bbox 1861 5375 3421 5448">
    <p class='ocr_par' dir='ltr' id='par_1_110' title="bbox 1861 5375 3421 5448">
     <span class='ocr_line' id='line_1_110' title="bbox 1861 5375 3421 5448; baseline -0.006 -15"><span class='ocrx_word' id='word_1_865' title='bbox 1861 5395 1964 5448; x_wconf 88' lang='lat' dir='ltr'><strong>que</strong></span> <span class='ocrx_word' id='word_1_866' title='bbox 1990 5381 2124 5433; x_wconf 79' lang='lat' dir='ltr'><strong>facta</strong></span> <span class='ocrx_word' id='word_1_867' title='bbox 2165 5394 2285 5432; x_wconf 88' lang='lat' dir='ltr'><strong>cum</strong></span> <span class='ocrx_word' id='word_1_868' title='bbox 2339 5378 2433 5438; x_wconf 89' lang='lat' dir='ltr'><strong>ait,</strong></span> <span class='ocrx_word' id='word_1_869' title='bbox 2464 5393 2482 5426; x_wconf 86' lang='grc' dir='ltr'><strong>ι</strong></span> <span class='ocrx_word' id='word_1_870' title='bbox 2529 5377 2667 5430; x_wconf 89' lang='lat' dir='ltr'><strong>Dens</strong></span> <span class='ocrx_word' id='word_1_871' title='bbox 2698 5386 2873 5429; x_wconf 87' lang='lat' dir='ltr'><strong>autem</strong></span> <span class='ocrx_word' id='word_1_872' title='bbox 2901 5376 2991 5444; x_wconf 88' lang='lat' dir='ltr'><strong>qui</strong></span> <span class='ocrx_word' id='word_1_873' title='bbox 3023 5375 3306 5443; x_wconf 86' lang='lat' dir='ltr'><strong>opulentus</strong></span> <span class='ocrx_word' id='word_1_874' title='bbox 3337 5379 3421 5423; x_wconf 86' lang='lat' dir='ltr'><strong>est</strong></span> 
     </span>
    </p>
   </div>
   <div class='ocr_carea' id='block_1_111' title="bbox 1861 5469 3421 5536">
    <p class='ocr_par' dir='ltr' id='par_1_111' title="bbox 1861 5469 3421 5536">
     <span class='ocr_line' id='line_1_111' title="bbox 1861 5469 3421 5536; baseline -0.006 -11"><span class='ocrx_word' id='word_1_875' title='bbox 1861 5474 1914 5525; x_wconf 90' lang='lat' dir='ltr'><strong>in</strong></span> <span class='ocrx_word' id='word_1_876' title='bbox 1944 5471 2326 5524; x_wconf 75' lang='lat' dir='ltr'><strong>misericordia.</strong></span> <span class='ocrx_word' id='word_1_877' title='bbox 2366 5488 2384 5521; x_wconf 73' lang='grc' dir='ltr'><strong>ι</strong></span> <span class='ocrx_word' id='word_1_878' title='bbox 2414 5469 2550 5523; x_wconf 90' lang='lat' dir='ltr'><strong>Cum</strong></span> <span class='ocrx_word' id='word_1_879' title='bbox 2579 5470 2804 5522; x_wconf 80' lang='lat' dir='ltr'><strong>dixisset</strong></span> <span class='ocrx_word' id='word_1_880' title='bbox 2835 5470 2996 5536; x_wconf 79' lang='lat' dir='ltr'><strong>igitur</strong></span> <span class='ocrx_word' id='word_1_881' title='bbox 3021 5482 3115 5521; x_wconf 90' lang='lat' dir='ltr'><strong>eos</strong></span> <span class='ocrx_word' id='word_1_882' title='bbox 3136 5481 3260 5520; x_wconf 89' lang='lat' dir='ltr'><strong>esse</strong></span> <span class='ocrx_word' id='word_1_883' title='bbox 3278 5480 3421 5518; x_wconf 90' lang='lat' dir='ltr'><strong>mor-</strong></span> 
     </span>
    </p>
   </div>
   <div class='ocr_carea' id='block_1_112' title="bbox 1861 5557 3418 5629">
    <p class='ocr_par' dir='ltr' id='par_1_112' title="bbox 1861 5557 3418 5629">
     <span class='ocr_line' id='line_1_112' title="bbox 1861 5557 3418 5629; baseline -0.006 -13"><span class='ocrx_word' id='word_1_884' title='bbox 1861 5573 2002 5627; x_wconf 90' lang='lat' dir='ltr'><strong>tuos,</strong></span> <span class='ocrx_word' id='word_1_885' title='bbox 2033 5577 2093 5617; x_wconf 83' lang='lat' dir='ltr'><strong>ac</strong></span> <span class='ocrx_word' id='word_1_886' title='bbox 2145 5570 2496 5615; x_wconf 84' lang='lat' dir='ltr'><strong>monstrasset</strong></span> <span class='ocrx_word' id='word_1_887' title='bbox 2520 5562 2788 5629; x_wconf 88' lang='lat' dir='ltr'><strong>quomodo</strong></span> <span class='ocrx_word' id='word_1_888' title='bbox 2821 5560 3018 5615; x_wconf 78' lang='lat' dir='ltr'><strong>luet-int</strong></span> <span class='ocrx_word' id='word_1_889' title='bbox 3071 5558 3304 5623; x_wconf 89' lang='lat' dir='ltr'><strong>mortui,</strong></span> <span class='ocrx_word' id='word_1_890' title='bbox 3335 5557 3418 5607; x_wconf 88' lang='lat' dir='ltr'><strong>ni-</strong></span> 
     </span>
    </p>
   </div>
   <div class='ocr_carea' id='block_1_113' title="bbox 1507 5699 2060 5765">
    <p class='ocr_par' dir='ltr' id='par_1_113' title="bbox 1507 5699 2060 5765">
     <span class='ocr_line' id='line_1_113' title="bbox 1507 5699 2060 5765; baseline 0.004 -5"><span class='ocrx_word' id='word_1_891' title='bbox 1507 5699 1704 5762; x_wconf 69' lang='lat' dir='ltr'><strong>Variaz</strong></span> <span class='ocrx_word' id='word_1_892' title='bbox 1737 5703 2060 5765; x_wconf 86' lang='lat' dir='ltr'><strong>lectiones.</strong></span> 
     </span>
    </p>
   </div>
   <div class='ocr_carea' id='block_1_114' title="bbox 260 5819 1477 5894">
    <p class='ocr_par' dir='ltr' id='par_1_114' title="bbox 260 5819 1477 5894">
     <span class='ocr_line' id='line_1_114' title="bbox 260 5819 1477 5894; baseline 0.008 -26"><span class='ocrx_word' id='word_1_893' title='bbox 260 5819 303 5850; x_wconf 85' lang='grc'><strong>⁷⁷</strong></span> <span class='ocrx_word' id='word_1_894' title='bbox 334 5834 489 5888; x_wconf 83' lang='grc' dir='ltr'>σωμα</span> <span class='ocrx_word' id='word_1_895' title='bbox 519 5821 615 5890; x_wconf 79' lang='grc' dir='ltr'><strong>τῆς</strong></span> <span class='ocrx_word' id='word_1_896' title='bbox 650 5819 971 5892; x_wconf 81' lang='grc' dir='ltr'>Ἐκκλησίας</span> <span class='ocrx_word' id='word_1_897' title='bbox 1001 5838 1072 5876; x_wconf 90' lang='lat' dir='ltr'><strong>m.</strong></span> <span class='ocrx_word' id='word_1_898' title='bbox 1149 5823 1192 5856; x_wconf 74' lang='lat'><strong>7&quot;</strong></span> <span class='ocrx_word' id='word_1_899' title='bbox 1217 5823 1402 5894; x_wconf 81' lang='grc' dir='ltr'>χρείαν</span> <span class='ocrx_word' id='word_1_900' title='bbox 1427 5839 1477 5878; x_wconf 95' lang='lat' dir='ltr'><strong>o.</strong></span> 
     </span>
    </p>
   </div>
   <div class='ocr_carea' id='block_1_115' title="bbox 1557 5822 2107 5894">
    <p class='ocr_par' dir='ltr' id='par_1_115' title="bbox 1557 5822 2107 5894">
     <span class='ocr_line' id='line_1_115' title="bbox 1557 5822 2107 5894; baseline 0.007 -20"><span class='ocrx_word' id='word_1_901' title='bbox 1557 5823 1600 5855; x_wconf 73' lang='grc'><strong>⁷⁸</strong></span> <span class='ocrx_word' id='word_1_902' title='bbox 1638 5822 1664 5874; x_wconf 84' lang='grc' dir='ltr'><strong>ὅ</strong></span> <span class='ocrx_word' id='word_1_903' title='bbox 1701 5824 1745 5877; x_wconf 80' lang='grc' dir='ltr'>δ’</span> <span class='ocrx_word' id='word_1_904' title='bbox 1780 5823 1871 5877; x_wconf 73' lang='grc' dir='ltr'><strong>οὖν</strong></span> <span class='ocrx_word' id='word_1_905' title='bbox 1903 5823 1999 5894; x_wconf 55' lang='lat' dir='ltr'><strong>E391-</strong></span> <span class='ocrx_word' id='word_1_906' title='bbox 2039 5843 2107 5878; x_wconf 79' lang='lat' dir='ltr'><strong>tu.</strong></span> 
     </span>
    </p>
   </div>
   <div class='ocr_carea' id='block_1_116' title="bbox 2186 5823 2506 5877">
    <p class='ocr_par' dir='ltr' id='par_1_116' title="bbox 2186 5823 2506 5877">
     <span class='ocr_line' id='line_1_116' title="bbox 2186 5823 2506 5877; baseline 0 0"><span class='ocrx_word' id='word_1_907' title='bbox 2186 5826 2230 5855; x_wconf 67' lang='grc'><strong>⁸³³</strong></span> <span class='ocrx_word' id='word_1_908' title='bbox 2257 5823 2415 5877; x_wconf 74' lang='grc' dir='ltr'>αὐτοῦ</span> <span class='ocrx_word' id='word_1_909' title='bbox 2455 5839 2506 5877; x_wconf 86' lang='grc' dir='ltr'>ο.</span> 
     </span>
    </p>
   </div>
  </div>
