4226 6440
231 427 372 491 1053
1014 425 1422 488 EXPOSITIO
1460 425 1540 487 IN
1579 427 1821 490 EPIST.
1859 427 1958 487 AD
1998 428 2266 490 EPHES.
2308 454 2375 464 -
2411 429 2564 491 CAP.
2602 430 2684 490 II.
3353 428 3490 496 105i

230 537 386 590 νείαν
427 554 520 590 και
561 537 629 590 τὰ
682 536 908 590 τοιαῦτα
952 541 1126 591 νοεῖν’
1159 541 1407 594 διανοιῶν
1437 542 1494 596 δὲ
1519 583 1533 606 ,
1585 541 1810 609 φθόνους
1842 544 1886 600 Α

1842 544 1886 600 Α
1919 553 2043 595 sunt
2083 560 2094 593 :
2129 553 2178 594 et
2207 555 2449 603 carnem,
2498 543 2757 595 facientes
2789 553 2873 593 ea.
2908 539 3066 596 Potes
3101 548 3278 594 autem
3313 545 3489 596 carnis

234 629 332 681 κα1⁵
361 629 748 698 μνησικακίαν,
775 630 867 682 καὶ
895 628 964 682 τὰ
988 631 1170 700 ὃμοια.

1913 633 2127 701 quidem
2152 648 2310 699 Opera
2360 633 2766 686 fornicationem
2789 642 2843 687 et
2873 633 3174 701 huiusmodi
3197 634 3443 698 accipere
3472 651 3484 684 :

1915 725 2111 777 mentis
2164 734 2341 776 autem
2397 724 2512 777 sive
2543 723 2950 792 cogitationum,
3000 723 3281 786 invidiam,
3311 723 3483 775 vindi-

1912 826 2076 878 ctam,
2114 815 2274 882 idque
2324 829 2492 881 genus
2545 818 2670 868 alia.

313 909 332 942 ι
373 885 638 961 Καιῆμεν
664 889 831 944 τέκνα
859 889 1018 959 φύσει
1047 891 1235 960 ὀργῆς,
1258 891 1334 954 ὡς
1365 892 1456 944 καὶ
1483 892 1531 944 οἱ
1553 892 1747 946 λοιποί.
1782 913 1798 944 ι

1988 927 2005 957 ι
2037 907 2328 959 Eteramus
2354 915 2546 958 natura
2575 908 2663 959 lilii
2695 907 2808 970 irae,
2842 907 2979 958 sicut
3007 916 3059 960 et
3085 907 3288 961 caeteri.
3319 927 3334 958 ι
3356 907 3480 971 Pro,

245 985 392 1038 Ἀντί
423 984 540 1049 τοῦ,
572 983 981 1052 Παρωξύναμεν
1020 984 1112 1035 τον
1155 982 1287 1034 Θεὸν
1327 983 1420 1034 καὶ
1453 985 1807 1053 παρωργίσα-
1909 1008 1914 1043 ι

1909 998 2356 1051 Coacerhavimus
2383 998 2547 1052 Deum
2575 1008 2627 1052 et
2653 999 3082 1067 provocavimus,
3109 1012 3164 1053 et
3188 1000 3318 1052 nihil
3345 1001 3482 1052 aliud

237 1092 359 1143 μεν,
401 1075 496 1127 καὶ
544 1074 697 1126 οὐδὲν
730 1073 878 1137 ἄλλο,
911 1074 958 1124 εξ
998 1072 1072 1142 μὴ
1102 1071 1240 1142 ὀργὴ
1276 1066 1418 1142 ἦμεν
1447 1073 1798 1144 αὐτόχρημα·

1908 1100 2266 1158 ριἰιιιετῳιιιιιι
2301 1092 2375 1142 ira
2425 1105 2612 1143 revera
2645 1105 2861 1144 eramus
2895 1111 2908 1145 :
2943 1093 3396 1158 Quemadmodum
3429 1104 3483 1144 et

231 1166 419 1237 ὥσπερ
438 1168 533 1219 καὶ
561 1167 619 1218 τὸ
647 1166 838 1218 τέκνον
863 1165 957 1217 τοῦ
991 1163 1302 1233 ἀνθρώπου,
1331 1165 1490 1232 φύσει
1519 1166 1804 1236 ἄνθρωπός

1909 1180 2052 1233 lilius
2081 1179 2317 1233 hominis
2345 1189 2534 1233 natura
2571 1191 2654 1234 est
2698 1182 2878 1244 homo,
2915 1185 2993 1234 sic
3025 1193 3077 1235 et
3105 1197 3224 1236 nos.
3252 1181 3481 1237 Perinde

228 1262 403 1324 ἐστιν,
429 1259 571 1313 οὕτω
603 1261 696 1312 καὶ
726 1262 911 1329 ἡμεῖς.
941 1259 1151 1325 Ὥσπερ
1196 1258 1251 1309 δὲ
1290 1257 1398 1309 υἱοὶ
1435 1259 1659 1328 γεέννης
1709 1260 1802 1312 καὶ

1907 1280 2085 1323 autem
2125 1281 2182 1322 ut
2221 1270 2292 1323 illi
2345 1272 2434 1324 lilii
2460 1273 2717 1338 gehennm
2759 1283 2807 1326 et
2846 1274 3174 1342 perditionis
3204 1275 3478 1334 dicuntur.

232 1354 342 1406 υἱοὶ
380 1355 657 1415 ἀπωλείας
701 1353 975 1420 λέγονται,
1005 1352 1053 1403 οἱ
1074 1350 1214 1414 ἄξιοι
1244 1351 1452 1403 τούτων
1475 1369 1488 1382 ·
1523 1350 1666 1404 οὕτω
1708 1354 1801 1405 καὶ

1904 1361 1994 1431 qui
2028 1362 2144 1416 istis
2173 1362 2316 1430 digiti
2348 1374 2471 1415 sunt
2503 1380 2516 1416 :
2547 1366 2624 1417 sic
2645 1373 2698 1417 et
2720 1366 2811 1417 irae
2829 1365 2944 1428 lilii,
2964 1367 3051 1432 qui
3080 1382 3197 1430 quae
3217 1367 3292 1420 ira
3321 1368 3476 1435 digna

237 1462 254 1492 ι
293 1443 463 1511 ὀργῆς
503 1447 675 1526 ’τέκνα
711 1463 729 1494 ι
768 1445 817 1495 οἱ
875 1442 1044 1512 ὀργῆς
1069 1441 1192 1508 ἀξια
1224 1442 1574 1510 πράττοντες.
1621 1443 1694 1495 Τὸ
1719 1444 1796 1508 δὲ,
1905 1471 1906 1498 :

1905 1461 2031 1503 sum
2058 1449 2279 1503 faciunt.
2314 1470 2332 1501 ι
2356 1450 2559 1506 Natura
2585 1471 2602 1503 ι
2636 1463 2835 1513 autem,
2871 1470 2966 1523 pro
2991 1471 3112 1509 vere
3135 1466 3188 1510 et
3207 1459 3437 1525 genuine
3460 1500 3474 1523 ,

234 1559 252 1588 ι
287 1538 478 1600 Φύσει,
525 1557 545 1589 ι
588 1539 707 1590 ἀντὶ
736 1537 850 1601 τοῦ,
885 1536 1119 1607 ἀληθῶς,
1152 1539 1247 1589 καὶ
1287 1536 1557 1606 γνησίως,
1593 1538 1667 1600 ὡς
1706 1539 1802 1591 καὶ

1410 1536 1557 1602 τίως,
1593 1538 1667 1600 ὡς
1706 1539 1802 1591 καὶ
1904 1544 2112 1598 sicutet
2145 1545 2325 1599 caeteri
2359 1560 2374 1610 ;
2412 1560 2570 1600 nemo
2601 1547 2744 1600 enim
2781 1547 2915 1603 liber
2943 1559 3079 1603 erat.

226 1633 279 1685 οἱ
302 1633 478 1685 λοιποί
501 1648 515 1663 °
543 1634 716 1696 οὐδεὶς
747 1633 856 1703 γὰρ
882 1633 1164 1704 ἐλεύθερος
1194 1629 1280 1703 ἦν.

306 1742 324 1775 ι
375 1725 434 1778 '0
471 1725 528 1778 δὲ
557 1726 689 1787 Θεὸς
744 1726 1000 1788 πλούσιος
1025 1725 1101 1777 ὢν
1136 1727 1193 1778 ὲν
1225 1725 1384 1781 ἐλέει.
1423 1745 1440 1776 ι
1481 1725 1670 1794 Ἡμεῖς
1701 1724 1799 1794 μὲν
1972 1723 1975 1730 “

1972 1723 2138 1779 Vens.
2174 1727 2230 1780 4.
2271 1745 2289 1777 ι
2326 1727 2466 1782 Deus
2506 1739 2683 1782 autem
2717 1728 2804 1796 qui
2842 1729 2997 1785 dives
3027 1742 3111 1784 est
3159 1732 3211 1786 in
3262 1733 3475 1787 miser-i-

224 1812 355 1877 ἄξια
394 1815 562 1884 ὀργῆς
583 1800 939 1868 ἀδιαλλάκτου
972 1816 1345 1883 ἐπράττομενο
1372 1817 1409 1873 ,ὁ
1437 1814 1494 1866 δέ
1521 1815 1672 1879 Θεὸς,
1699 1814 1798 1884 οὐχ

1901 1818 2102 1871 cordia.
2146 1835 2163 1868 ι
2193 1815 2302 1871 Nos
2329 1819 2542 1886 quidem
2577 1820 2653 1872 ira
2685 1820 3116 1875 irreconciliabili
3167 1823 3328 1891 digna
3383 1838 3477 1891 pa-

225 1905 416 1968 ἀπλῶς
451 1906 696 1976 ἐλεήμων
726 1905 824 1970 ὢν,
856 1906 992 1959 ἀλλά
1021 1906 1112 1958 καὶ
1157 1925 1176 1957 ι
1207 1905 1461 1969 πλούσιος
1495 1908 1551 1958 ὲν
1581 1904 1740 1957 ἐλέει.
1769 1923 1786 1954 ι
1832 1892 1870 1946 Β

1832 1892 1870 1946 Β
1905 1909 2180 1964 trabamus
2211 1927 2223 1962 :
2265 1909 2403 1964 Deus
2436 1921 2636 1972 autem,
2675 1926 2780 1964 non
2815 1912 3131 1978 simpliciter
3164 1914 3475 1970 misericors

1903 2003 2193 2065 exsistens,
2217 2004 2309 2056 sed
2345 2003 2490 2056 dives
2531 2003 2583 2054 in
2617 2003 3009 2057 misericordia.

310 2107 327 2135 ι
371 2086 468 2139 Διά
515 2085 613 2154 τὴν
674 2085 877 2154 πολλὴν
919 2085 1145 2152 ἀγάπην
1180 2083 1348 2137 αὑτοῦ
1387 2084 1455 2154 ἦν
1513 2083 1799 2152 ἠγάπησεν

1983 2111 2000 2142 ι
2032 2092 2256 2161 Propter
2299 2093 2519 2145 multam
2563 2093 2882 2146 charitatem
2934 2110 3084 2147 suam
3127 2111 3231 2164 qua
3291 2098 3475 2152 dilexit

223 2180 397 2247 ἡμᾶς.
457 2198 474 2228 ι
538 2178 645 2232 Καὶ
683 2180 715 2248 ἡ
756 2178 944 2246 ἀγάπη
1006 2177 1113 2230 ἀπὸ
1157 2176 1353 2230 πολλοῦ
1412 2176 1614 2236 ἐλέους.
1675 2177 1798 2241 Πῶς

1905 2198 2017 2238 nos.
2064 2203 2080 2235 ι
2116 2184 2333 2238 Dilectio
2362 2184 2522 2236 etiam
2556 2199 2583 2236 a
2610 2183 2772 2236 multa
2801 2184 3168 2238 misericordia
3195 2196 3297 2239 est.
3329 2186 3475 2252 Quo-

221 2273 335 2340 γάρ
369 2272 435 2324 ἂν
465 2272 514 2322 οἱ
539 2270 703 2323 τέκνα
743 2271 892 2332 ὄντες
928 2269 1117 2338 ὀργῆς,
1148 2270 1546 2338 ἡγαπήθημεν;

1902 2280 2059 2330 modo
2097 2276 2262 2337 enim,
2307 2290 2427 2327 cum
2461 2275 2550 2326 lilii
2597 2274 2690 2327 ira:
2719 2290 2982 2338 essemus,
3013 2277 3193 2330 dlecti
3229 2277 3474 2333 fuimus?

301 2381 320 2413 ι
363 2365 470 2415 Καὶ
487 2364 644 2425 ὄντας
671 2363 818 2432 ἡμᾶς
834 2363 1060 2430 νεκροὺς
1077 2364 1186 2423 τοῖς
1218 2363 1628 2430 παραπτώμασι
1671 2378 1798 2414 aov-

1973 2367 2133 2421 Vens.
2273 2384 2290 2416 ‹
2333 2366 2396 2418 lit
2424 2381 2544 2418 cum
2570 2379 2812 2418 essemus
2859 2368 3054 2420 mortui
3081 2368 3312 2430 delictis,
3343 2384 3473 2422 con-

221 2455 558 2525 εζωοποίησε
595 2456 672 2524 τῷ
705 2457 939 2524 Χριστῷ.
982 2474 1001 2506 ι
1051 2455 1315 2507 Ἐνταῦθα
1343 2457 1376 2523 ἡ
1425 2455 1677 2517 ἀπόδοσις
1701 2454 1795 2507 τοῦ

1900 2461 2195 2514 vivilicavit
2226 2475 2323 2514 nos
2369 2460 2603 2514 Christo.
2641 2479 2660 2512 ι
2697 2459 2794 2513 111ε
2842 2461 3053 2514 tandem
3105 2471 3188 2514 est
3241 2461 3471 2515 redditio

219 2547 429 2601 ἄνωθεν
464 2547 771 2615 ἀρξαμένου
812 2548 1104 2615 νοήματος,
1145 2547 1212 2599 τὰ
1251 2547 1306 2598 δὲ
1349 2546 1484 2599 ἀλλα
1518 2547 1797 2617 παρεμϐε-

1898 2565 2089 2603 sensus
2139 2563 2296 2615 quem
2348 2563 2509 2616 supra
2559 2551 2872 2616 inceperat;
2923 2559 3116 2601 caetera
3180 2565 3308 2603 vero
3349 2558 3472 2603 sunt

222 2638 407 2706 ϐλητο.
443 2639 609 2690 Πάλιν
638 2639 694 2689 δὲ
743 2639 768 2688 ὁ
821 2639 1058 2707 Χριστὸς
1112 2637 1292 2706 μέσος,
1352 2640 1445 2691 καὶ
1471 2639 1530 2690 τὸ
1564 2641 1795 2708 πρᾶγμα

1900 2643 2200 2710 interiecta.
2253 2642 2451 2694 lterum
2495 2653 2674 2694 autem
2722 2642 2970 2695 Christus
3021 2642 3231 2695 medius
3276 2652 3380 2709 est,
3418 2653 3466 2697 et

223 2730 536 2794 ἀξιὸπιστον
563 2747 575 2760 ·
600 2732 646 2782 ei
671 2731 777 2798 γὰρ
812 2729 1090 2798 ήάπαρχὴ
1123 2730 1210 2798 ζῇ,
1259 2729 1353 2782 καὶ
1385 2733 1563 2800 ἡμεῖς.
1601 2731 1796 2795 Ἐζωο-

1900 2751 1986 2788 res
2020 2735 2120 2788 lide
2141 2735 2317 2804 digna.
2348 2735 2476 2786 Nam
2505 2733 2550 2787 si
2582 2734 2831 2799 primititc
2863 2734 3072 2797 vivunt,
3102 2745 3212 2787 tum
3249 2747 3303 2790 et
3351 2751 3467 2790 nos.

227 2825 420 2895 ποίησε
458 2823 565 2893 γὰρ
617 2825 868 2875 κάκεῖνον
916 2824 1007 2874 καὶ
1042 2823 1226 2891 ἡμᾶς’
1267 2823 1471 2874 ἐκεῖνον
1521 2825 1792 2891 ἐνεργείᾳ,

1899 2826 2372 2880 Vivilicavitenim
2403 2834 2456 2879 et
2481 2825 2624 2878 illum
2664 2833 2715 2878 et
2755 2839 2850 2877 nos
2883 2840 2897 2877 :
2942 2825 3088 2878 illum
3122 2826 3364 2892 quidem,
3416 2829 3467 2879 in

229 2920 378 2985 ἡμᾶς
403 2915 626 2984 δυνάμει
657 2915 770 2977 νῦν,
803 2915 919 2983 μετ’
945 2913 1122 2980 ὀλίγον
1148 2912 1314 2966 δὲκαὶ
1345 2915 1613 2984 ἐνεργείᾳ.
1659 2914 1792 2966 Ἰδοὺ

1899 2927 2016 2971 actu
2049 2935 2063 2982 ;
2094 2932 2190 2970 nos
2227 2933 2371 2974 vero,
2411 2919 2458 2967 in
2490 2914 2725 2982 potentia
2756 2930 2917 2976 nunc,
2980 2914 3135 2982 paulo
3187 2924 3304 2982 post
3343 2931 3469 2970 vero

227 3011 292 3060 τὸ
326 3007 659 3077 ὑπερϐάλλον
679 3007 907 3074 μέγεθος
919 3006 1014 3073 τῆς
1035 3004 1316 3070 δυνάμεως
1347 3004 1510 3057 αὑτοῦ
1532 3044 1545 3064 ,
1571 3006 1651 3057 ὅτι
1669 3005 1792 3066 τοὺς

1897 3008 2138 3062 etiamin
2192 3015 2335 3059 actu.
2377 3003 2451 3056 En
2488 3005 2835 3057 excellentem
2886 3004 3312 3072 magnitudinem
3371 3022 3465 3072 po-

226 3102 475 3171 νεκροὺς,
507 3101 629 3160 τοὺς
662 3101 756 3166 τῆς
783 3098 951 3167 ὀργῆς
984 3098 1161 3163 υἱοὺς,
1195 3097 1560 3167 ἐζωοποίησεν
1592 3117 1604 3129 ·
1648 3099 1788 3169 αὕτη

1906 3099 2089 3152 tentia}
2119 3099 2337 3164 ejus,co
2357 3098 2496 3164 quod
2537 3107 2775 3148 mortuos
2808 3111 2925 3158 nos,
2954 3094 3045 3147 ira:
3081 3094 3245 3160 ﬁlios,
3299 3097 3468 3149 vivilio

226 3197 262 3263 ἡ
297 3194 445 3256 ἐλπὶς
472 3194 568 3262 τῆς
596 3193 859 3262 κλήσεως.
1818 3232 1862 3263 ι,
1893 3219 1895 3233 ε

1818 3190 2050 3263 ρειπὶι.
2107 3190 2278 3255 Atque
2332 3192 2443 3241 hate
2499 3197 2582 3240 est
2623 3201 2744 3252 spes
2802 3187 3115 3240 vocationis.

305 3304 320 3334 ι
354 3286 547 3353 Χάριτί
579 3287 698 3335 ἐστε
723 3283 1074 3350 σεσωσμένοι.
1119 3302 1137 3334 ι
1163 3281 1332 3334 Τοῦτο
1350 3282 1454 3334 ἀπὸ
1480 3283 1790 3351 ἐκπλήξεως
1820 3277 1862 3294 “’
1971 3311 1974 3326 ‹

1820 3277 1862 3294 ’⁸
1971 3302 1988 3334 ι
2022 3280 2235 3351 (Gratia
2266 3281 2395 3333 estis
2419 3279 2636 3332 servati.
2669 3283 2688 3347 )
2727 3296 2744 3328 ι
2787 3277 2898 3331 11οε
2927 3294 2988 3332 ex
3025 3278 3188 3330 animi
3221 3288 3464 3332 constero

221 3376 544 3435 ἐνδιαθέτως
579 3373 1110 3443 μέσονπαρενέϐαλε,
1145 3374 1433 3442 Θαυμάσας
1465 3374 1560 3444 τὴν
1589 3376 1792 3441 ἄφατον

1893 3374 2129 3436 natione,
2159 3382 2206 3423 et
2233 3387 2352 3424 cum
2387 3369 2578 3422 affectu
2623 3371 2671 3422 in
2709 3370 2942 3423 medium
2975 3371 3220 3436 protulit,
3274 3369 3470 3423 ineﬂ‘a.

214 3469 426 3539 δωρεὰν
459 3469 502 3500 ⁸’δ
534 3468 628 3520 τοῦ
679 3466 836 3522 Θεοῦ.
898 3466 971 3518 Οὐ
1031 3466 1264 3536 καμάτῳ
1309 3467 1439 3534 γὰρ,
1492 3466 1659 3535 φησι,
1698 3469 1790 3520 καὶ

1895 3466 1999 3519 bile
2037 3465 2127 3518 Dei
2161 3467 2356 3517 donum
2387 3465 2702 3516 admiratus.
2747 3461 2858 3514 Non
2887 3463 3029 3515 enim
3058 3463 3240 3514 labore
3264 3471 3313 3514 et
3346 3477 3469 3529 pro-

217 3560 404 3629 ἔργοις
433 3558 578 3620 ἰδίοις
604 3557 863 3625 ἐσώθητε,
886 3557 1019 3608 ἀλλὰ
1046 3559 1226 3626 χάριτι
1247 3557 1398 3626 μόνῃ.
1423 3558 1589 3608 Ὅσον
1614 3558 1657 3588 ³⁵
1682 3559 1788 3628 γὰρ

1893 3561 2024 3627 priis
2062 3560 2315 3627 operibus
2363 3557 2561 3611 servati
2605 3556 2755 3618 estis,
2807 3556 2898 3607 sed
2944 3553 3054 3607 sola
3094 3554 3284 3622 gratia.
3315 3553 3467 3618 Quod

1818 3232 1862 3294 (Ζ

218 3651 282 3714 ἐξ
320 3650 516 3717 ἔργων,
543 3648 814 3710 κολάσεως
850 3650 942 3700 καὶ
987 3649 1155 3717 ὀργῆς
1192 3649 1328 3712 ἄξιοι
1360 3645 1478 3719 ἦτε.

1891 3651 2032 3705 enim
2060 3651 2123 3702 ad
2148 3664 2311 3717 opera
2345 3649 2560 3711 attinet,
2597 3661 2753 3715 pcena
2787 3655 2834 3699 et
2868 3647 2941 3697 ira
2981 3647 3124 3713 digni
3156 3647 3342 3698 eratis.

300 3763 318 3794 ι
349 3742 457 3795 Καὶ
491 3743 780 3810 συνήγειρε
809 3743 901 3792 καὶ
929 3740 1281 3793 συνεκάθισεν
1312 3743 1368 3791 ἐν
1399 3743 1510 3803 τοῖς
1553 3743 1788 3810 ἐπουρα-
1963 3742 1969 3749 ”

1963 3741 2126 3795 Vens.
2163 3741 2214 3794 6.
2248 3760 2265 3791 ι
2295 3742 2358 3794 Ει
2384 3740 2792 3802 eoususcitavit,
2824 3747 2876 3791 et
2905 3740 3199 3794 consedere
3247 3738 3374 3791 fecit
3410 3737 3459 3790 in

217 3835 353 3896 νξοος
379 3836 433 3886 ἐν
457 3832 677 3901 Χριστῷ
715 3831 908 3894 Ἰησοῦ.
942 3851 959 3882 ι
988 3833 1192 3900 Ὠσπερ
1223 3831 1320 3898 τῆς
1355 3833 1607 3900 ἀπαρχῆς
1631 3831 1789 3900 ἡμῶν

1891 3835 2199 3889 εωιεειιὺιιε
2235 3834 2284 3886 in
2312 3833 2527 3885 Christo
2553 3830 2700 3886 Jesu.
2732 3851 2748 3882 ι
2785 3833 3250 3897 Quemadmodum
3277 3831 3462 3898 primi-

219 3925 317 3979 καὶ
342 3925 440 3992 τῆς
468 3924 727 3991 κεφαλῆς,
763 3922 855 3974 τοῦ
891 3923 1148 3992 Χριστοῦ,
1186 3923 1348 3990 φημὶ,
1385 3924 1786 3992 ὲγηγερμένης,

1894 3926 1982 3979 tiis
2025 3926 2245 3986 nostris,
2293 3933 2349 3977 et
2407 3923 2602 3990 capite,
2644 3922 2863 3976 Christo
2898 3923 3172 3984 videlicet,
3206 3923 3463 3985 excitato,

219 4019 482 4087 καλ-ἡμᾶς
511 4017 577 4068 δι’
608 4016 775 4082 αὐτῆς
805 4017 1025 4084 ἤγειρεν
1048 4031 1062 4044 ·
1095 4013 1235 4066 οὓτω
1277 4015 1371 4066 καὶ
1413 4015 1786 4085 καθεζομένης

1891 4028 1941 4072 ει
1976 4033 2070 4069 nos
2103 4032 2196 4085 per
2230 4017 2399 4082 ipsqu
2447 4015 2740 4066 excitavit:
2778 4014 2919 4066 hunc
2967 4015 3031 4066 ad
3083 4015 3320 4076 modum,
3375 4014 3463 4066 illo

219 4108 411 4175 αὐτῆς,
442 4109 532 4159 καὶ
560 4107 618 4158 τὸ
648 4107 831 4158 λοιπὸν
876 4107 1032 4175 σῶμα
1065 4106 1424 4174 συγκάθηται.
1467 4107 1558 4162 Διό
1593 4125 1783 4178 φησιν’

1891 4110 2129 4168 sedente.
2184 4109 2445 4176 reliquum
2504 4123 2700 4175 corpus
2762 4107 2923 4160 simul
2959 4106 3133 4160 sedet.
3172 4107 3461 4174 Propterea

226 4219 245 4250 ι
297 4200 382 4250 Ἐν
411 4198 630 4268 Χριστῷ
668 4196 874 4265 Ἰησοῦ·
920 4217 937 4248 ι
977 4198 1291 4262 τουτέστιν,
1331 4197 1419 4249 Ἑν
1468 4198 1542 4267 τῷ
1584 4202 1788 4253 ἐκεῖνον
1890 4204 1895 4254 ι

1890 4201 2060 4269 inquit
2091 4217 2104 4251 :
2147 4217 2164 4250 ι
2212 4200 2264 4252 lu
2299 4198 2516 4250 Christo
2547 4196 2695 4258 Jesu,
2730 4216 2746 4248 ι
2787 4201 2883 4249 hoc
2911 4207 3014 4258 est,
3048 4198 3182 4260 Quia
3228 4199 3338 4263 ipse
3374 4212 3461 4250 se-

219 4290 494 4359 καθῆσθαι
535 4292 628 4342 καὶ
654 4291 815 4356 ἡμεῖς
845 4290 1146 4357 καθήμεθα.
1175 4291 1242 4341 “il
1261 4292 1341 4356 τὸ,
1363 4311 1379 4340 ι
1401 4292 1747 4359 Συνήγειρεν,
1766 4313 1782 4343 ι

1891 4297 2000 4356 det,
2028 4308 2124 4347 nos
2154 4294 2314 4345 etiam
2349 4293 2618 4345 sedemus.
2658 4290 2774 4353 Vel,
2803 4311 2820 4342 ι
2852 4290 3268 4354 Consuscitavil,
3309 4309 3326 4340 ι
3360 4305 3460 4342 nou

217 4385 321 4436 οὐκ
354 4382 444 4433 ἐπὶ
492 4381 588 4449 τῆς
639 4381 984 4442 ἀναστάσεως
1020 4380 1272 4447 ληπτέον,
1307 4382 1420 4433 ἀλλ’
1447 4383 1538 4433 ἐπὶ
1573 4382 1672 4449 τῆς
1704 4383 1789 4435 διὰ

1890 4387 1953 4439 de
1977 4385 2368 4438 resurrectione
2402 4384 2770 4450 accipiendum
2801 4394 2901 4442 εει,
2935 4385 3027 4434 sed
3062 4383 3128 4434 de
3155 4382 3462 4434 revivilicaé

218 4468 314 4521 τοῦ
354 4467 580 4536 λουτροῦ
635 4467 1024 4531 ἀναζωώσεως.
1079 4470 1199 4531 Πῶς
1256 4468 1347 4521 οὖν
1401 4471 1783 4536 συνεκάθισενς

1892 4478 2035 4530 tione
2060 4493 2154 4544 per
2184 4477 2466 4544 baptisma.
2487 4475 2764 4538 Quomodo
2784 4472 2948 4543 igilur
2973 4473 3266 4526 consedere
3300 4472 3464 4526 fecit?

225 4579 246 4610 ε
283 4559 345 4613 Εἰ
375 4560 739 4627 ὑπομένομεν,
782 4577 802 4609 ι
836 4560 988 4626 φησι,
1025 4577 1042 4608 ι
1074 4561 1164 4610 καὶ
1197 4560 1724 4629 συμὸασιλεύσομεν.
1765 4584 1781 4614 ι
1821 4576 1864 4631 υ

1821 4576 1864 4631 υ
1901 4588 1918 4619 ι
1954 4567 2008 4621 Si
2042 4569 2400 4626 sustinemus,
2444 4583 2461 4615 ι
2504 4566 2718 4633 inquit,
2750 4581 2770 4615 ‹
2809 4573 2862 4617 et
2890 4565 3340 4632 conregnahimus
3362 4563 3410 4616 ι’.
3439 4583 3456 4614 ι

222 4653 331 4704 Καὶ
357 4654 384 4704 ὁ
411 4651 646 4721 Χριστὲς
675 4665 688 4680 ·
740 4669 756 4700 ι
793 4650 1097 4702 Καθέσεσθε
1135 4652 1224 4702 ἐπὶ
1252 4652 1456 4704 δώδεκα
1489 4654 1743 4723 θρόνουςο
1767 4676 1783 4706 ι

1896 4657 1960 4708 Et
1986 4658 2255 4715 Christus,
2281 4675 2298 4706 ι
2332 4655 2599 4708 Sedebitis
2630 4670 2789 4722 super
2815 4655 3097 4707 duodecim
3127 4655 3346 4706 thronos
3366 4664 3411 4704 ε.
3440 4673 3457 4703 ι

221 4744 315 4796 καὶ
345 4744 527 4806 πάλιν,
565 4761 584 4795 ι
618 4743 690 4793 Τὸ
732 4741 787 4793 δὲ
845 4741 1063 4793 καθίσαι
1097 4743 1160 4794 ἐκ
1207 4742 1394 4806 δεξιῶν
1439 4760 1561 4811 μου,
1607 4748 1700 4798 καὶ
1735 4749 1790 4812 ἐξ

1895 4749 1957 4802 Et
1989 4764 2172 4802 rursus
2207 4765 2220 4801 :
2264 4767 2281 4799 ι
2326 4747 2528 4800 Sedere
2556 4759 2734 4799 autem
2762 4762 2790 4798 a
2824 4748 3032 4799 dextris
3063 4748 3194 4799 meis
3233 4755 3285 4798 et
3320 4762 3346 4797 a
3391 4749 3462 4798 si-

224 4833 524 4902 εὐωνύμων
593 4851 718 4899 μου,
774 4833 872 4885 οὐκ
919 4833 1064 4884 ἔστιν
1117 4832 1250 4901 ἐμὸν
1296 4833 1499 4900 δοῦναι,
1545 4836 1658 4888 ἀλλ’
1711 4833 1792 4901 οἷς

1896 4841 2080 4894 nistris
2121 4840 2273 4896 meis.
2318 4855 2424 4892 non
2449 4849 2532 4893 est
2564 4855 2738 4894 meum
2765 4841 2895 4894 dare
2931 4840 3100 4903 vobis,
3136 4841 3229 4893 sed
3269 4840 3462 4909 quibus

219 4925 628 4996 ἡτοίμασται⁸⁶.
674 4944 691 4974 ι
725 4924 884 4975 Ὥστε
916 4924 1261 4992 ἡτοίμασται.

1895 4943 2139 5002 paratum
2167 4931 2321 4986 estd.
2361 4951 2379 4984 ›
2421 4932 2602 5001 Itaque
2640 4942 2882 5000 paratum
2913 4942 3016 4985 est.

300 5035 320 5068 ι
356 5018 474 5069 Ἵνα
499 5015 800 5083 ἐνδείξηται
829 5017 886 5067 ἐν
912 5017 1023 5076 τοῖς
1063 5015 1220 5068 αἱῶσι
1249 5020 1359 5080 τοῖς
1391 5019 1786 5092 ἐπερχομένοις

1973 5021 2134 5075 Vens.
2166 5021 2220 5074 7.
2252 5039 2269 5071 ι
2301 5020 2371 5074 Ut
2402 5022 2711 5074 ostenderet
2746 5021 2797 5073 in
2835 5021 3044 5075 steciilis
3075 5020 3459 5089 supervenien-

219 5113 312 5163 τὶν
351 5110 756 5181 ὑπερϐάλλοντα
807 5109 1033 5162 πλοῦτον
1081 5111 1181 5178 τῆς
1212 5113 1431 5180 χάριτος
1485 5117 1674 5178 αὑτοῦ,
1731 5121 1786 5172 ὲν

1899 5115 2039 5168 tibus
2081 5112 2417 5166 ahundantes
2464 5111 2680 5165 divitias
2724 5113 2912 5179 gratim
2954 5127 3082 5173 sum,
3124 5111 3174 5162 iu
3222 5112 3459 5165 bonitate

219 5202 546 5271 χρηστότητι
570 5202 654 5268 ἐφ’
693 5202 878 5268 ἡμᾶς,
911 5201 968 5252 ἐν
998 5200 1219 5270 Χριστῷ
1257 5188 1452 5270 ’1ησοῦ.
1492 5225 1510 5256 ι
1553 5207 1669 5258 Ἵνα
1713 5208 1785 5278 μὴ

1896 5222 2022 5275 erga
2065 5220 2179 5269 nos,
2229 5203 2284 5256 in
2313 5204 2528 5258 Christo
2558 5201 2704 5260 Jesu.
2740 5221 2757 5256 ι
2814 5203 2890 5257 Νε
2936 5205 3105 5274 380
3133 5206 3253 5273 quis
3302 5207 3457 5258 [idem

215 5293 494 5362 ἀπιστήσῃ
532 5309 616 5352 τις
637 5294 746 5352 τοῖς
778 5292 1012 5359 ῥηθεῖσι,
1044 5291 1269 5344 πιθανὸν
1295 5293 1386 5346 τὸν
1424 5295 1580 5363 λόγον
1603 5301 1780 5350 ποιεῖ·

1897 5316 2003 5355 non
2052 5298 2305 5352 adhibeat
2345 5297 2524 5361 dictis,
2596 5298 2893 5352 orationem
2939 5301 3266 5366 probabilem
3311 5300 3454 5361 lacit,

219 5385 311 5437 καί
347 5400 531 5452 φησιν,
559 5384 641 5436 ὅτι
669 5384 728 5434 Εἰ
757 5385 848 5435 καὶ
875 5383 950 5452 μὴ
981 5383 1069 5435 διὰ
1091 5383 1188 5452 τὴν
1205 5384 1342 5453 πρὸς
1370 5386 1514 5456 ὑμᾶς
1541 5389 1782 5461 ἀγάπην,

1896 5391 2029 5454 Etsi,
2072 5390 2339 5458 inquiens,
2388 5403 2491 5442 non
2525 5397 2744 5456 propter
2772 5390 3087 5443 cltaritatem
3121 5405 3280 5458 quam
3330 5404 3453 5457 erga

294 5501 322 5539 δ
350 5498 392 5552 11
419 5499 558 5553 Tim.
585 5512 646 5560 ιι,
681 5496 762 5550 12.
875 5507 897 5536 ο
936 5496 1127 5553 Matth.
1159 5515 1272 5566 xIx,
1298 5499 1388 5556 28.
1465 5499 1492 5538 (ι
1529 5500 1694 5557 Marc.
1730 5520 1783 5568 κ,
1820 5505 1908 5559 40.

1505 5594 1702 5656 Variae
1721 5596 2057 5659 lectiones.

288 5693 335 5768 ε)
361 5692 597 5768 ᾁρῤητ-ον
634 5692 861 5768 δύναμιν
889 5711 982 5768 ma
1066 5697 1111 5729 ⁸⁵
1137 5697 1248 5749 ὅσοι
1301 5712 1349 5748 ο.
1482 5695 1664 5768 ἢάλλ’
1702 5693 1784 5761 οἷς
1826 5700 2171 5768 ἡτοίμασται.
2216 5698 2382 5750 Τοῦτο
2427 5697 2517 5749 οὖν
2548 5698 2691 5764 λέγει
2753 5698 2843 5749 καὶ
2891 5699 3009 5758 νῦν,
3035 5699 3115 5751 ὅτι
3161 5716 3250 5750 και
3298 5701 3457 5767 ἡμεῖς

215 5761 590 5882 κοῑθεδούμεθα
630 5779 700 5816 ιιι.
759 5761 860 5818 Sed
894 5767 1079 5833 quibus
1113 5778 1356 5835 paratum
1388 5774 1482 5820 est.
1517 5764 1631 5818 Hoc
1661 5768 1819 5835 igitur
1848 5761 1893 5821 ει
1918 5761 2051 5821 uitur
2089 5770 2184 5832 aii,
2219 5785 2344 5835 quia
2371 5781 2416 5823 et
2449 5785 2539 5821 nos
2585 5761 2879 5822 sedebimus
2970 5768 3157 5835 Itaque
3205 5761 3444 5832 puniin-u

215 5847 272 5882 es
301 5868 317 5882 .

213 5847 317 5885 εει.
