4226 6440
814 405 951 468 1055
1693 392 2272 457 ΤιΙΕιῖιΡ11Υ1.,ιΩΤΙ
2318 392 2483 451 BULl

2402 392 2729 452 iLGARHS
2766 393 3122 454 ARCIIIEP.
3922 386 4071 450 1056

811 538 908 575 nos
946 521 1128 581 habet,
1165 528 1347 573 tamen
1391 517 1511 586 quia
1561 518 1857 571 bonitatem
1900 530 2052 569 suam
2099 514 2385 567 ostendere
2413 517 2459 569 Α

2413 513 2578 569 Αδιά
2629 512 2764 579 γοῦν
2821 530 2883 566 το
2941 512 3114 566 θέλειν
3166 511 3502 576 ἐνδείξασθαι
3558 511 3656 581 τὴν
3708 508 4081 578 ἀγαθὸτητα,

809 613 955 674 Velit,
986 611 1208 666 omnino
1242 610 1423 663 faciet.
1463 608 1633 662 Ilodie
1661 610 1802 661 enim
1851 608 2092 675 plerique
2133 618 2258 660 sunt
2294 608 2379 659 in-

2485 606 2703 673 ποιήσει
2736 604 2972 668 πάντως.
3006 604 3118 657 Νῦν
3142 606 3241 673 μὲν
3272 604 3377 673 γὰρ
3402 604 3584 657 πολλοὶ
3612 601 3969 662 ἀπιστοῦσιν,
4018 604 4076 651 ἐν

812 706 1039 765 ι-ιειιιιιι,
1068 704 1118 755 in
1150 703 1330 755 futuro
1360 714 1538 754 tamen
1594 699 1790 755 smculo
1842 714 2035 751 omnes
2084 704 2379 763 agnoscent
2480 726 2481 731 η

2480 693 2537 745 δὲ
2563 693 2638 763 τῷ
2665 694 2909 762 μέλλοντι
2942 696 3098 747 αἰῶνι
3132 696 3329 753 πάντες
3361 695 3655 761 γνώσονται
3683 695 3736 745 τί
3770 694 3914 760 ἡμῖν
3938 694 4076 759 ἐχαο

810 795 935 861 quid
962 795 1119 846 nobis
1164 794 1467 853 donaverit,
1503 807 1622 846 cum
1653 799 1878 845 sanctos
1907 791 1957 843 in
1994 790 2160 859 gloria
2194 789 2381 843 iueﬂ'a-

2484 786 2689 852 ρίσατο,
2719 786 2954 853 ὁρῶντες
2988 788 3044 837 ἐν
3083 786 3272 854 ἀφάτῳ
3322 785 3444 855 δόξῃ
3478 786 3601 847 τοὺς
3629 786 3841 851 ἁγίους.
3888 784 3963 835 Τὸ
3987 784 4067 841 δὲ,

810 886 899 938 bili
921 885 1322 951 conspexerinl.
1342 884 1494 948 Quod
1521 897 1646 936 vero
1668 882 1766 947 ait,
1798 901 1816 933 ι
1848 881 1902 935 In
1936 882 2154 937 Christo
2173 880 2322 946 Jesu,
2354 899 2371 930 ι

2487 893 2506 926 ι
2553 877 2642 929 Ἑν
2711 877 2933 947 Χριστῷ
2992 878 3187 946 Ἰησοῦ,
3219 895 3237 929 ι
3287 878 3594 941 τουτέστιν,
3647 878 3762 930 Οὐκ
3801 878 3940 946 ἄχρι
3971 877 4071 928 τοῦ

807 978 910 1031 hoc
931 988 1031 1041 est,
1057 975 1171 1028 Non
1204 976 1268 1028 ad
1288 974 1564 1029 Christum
1587 976 1760 1029 solum
1796 975 1907 1029 haec
1935 974 2252 1038 consistent,
2283 974 2377 1027 sed

2479 965 2717 1033 Χριστοῦ
2774 967 2935 1035 μόνου
2988 968 3148 1034 στιαίη
3195 965 3398 1029 ταῦτα,
3442 966 3576 1017 ἀλλὰ
3612 965 3679 1018 δι’
3710 966 3884 1017 αὑτοῦ
3946 967 4069 1034 ἣξει

808 1084 901 1134 per
931 1068 1103 1135 ipsum
1145 1067 1359 1121 venient
1397 1069 1559 1121 etiam
1593 1070 1658 1120 ad
1687 1082 1819 1129 nos,
1851 1066 2011 1119 veluti
2048 1081 2076 1117 a
2120 1065 2378 1134 primitiis

2480 1057 2571 1109 καὶ
2604 1058 2680 1118 εἰς
2716 1060 2885 1127 ἡμᾶς,
2924 1059 2999 1120 ὡς
3032 1059 3139 1113 ἀπὸ
3169 1059 3423 1127 ἁπαρχῆς
3448 1060 3525 1119 εἰς
3555 1058 3613 1109 τὸ
3651 1058 3799 1110 ὅλον·
3834 1058 3941 1108 καὶ
3974 1075 4067 1109 σιο-

807 1161 871 1211 ad
902 1168 1070 1212 totum
1110 1176 1123 1212 :
1157 1174 1218 1211 ac
1248 1158 1838 1221 simulvivilieabimur,
1875 1172 1937 1210 ac
1976 1157 2134 1212 situul
2162 1156 2374 1212 sedebi-

2479 1150 2927 1218 ζωποιησὸμεθα
2973 1152 3067 1204 καὶ
3111 1151 3605 1219 συγκαθεδούμεθα.
3654 1149 3842 1202 Ταῦτα
3900 1150 4003 1218 μὲν
4039 1152 4066 1199 ὀ

806 1267 945 1305 mus.
994 1252 1117 1305 lltnc
1163 1252 1379 1320 quidem
1425 1266 1646 1320 magnus
1700 1250 1937 1305 Joannes
1990 1251 2077 1305 hic
2110 1252 2261 1304 dicit.
2318 1249 2374 1303 in

2481 1241 2652 1311 μέγας
2694 1243 2949 1313 Ἰωάννης
2985 1242 3222 1297 ἐνταῦθα
3249 1259 3262 1273 ⁸
3296 1244 3351 1295 ἐν
3394 1243 3450 1295 δὲ
3494 1242 3570 1311 τῷ
3600 1242 3740 1295 κατὰ
3772 1242 4065 1295 Ματθαῖόλ

807 1341 1097 1411 Evangelia
1124 1329 1261 1394 vero
1281 1343 1513 1396 Matthmi
1541 1343 1690 1407 dicit,
1716 1341 1859 1411 quod
1891 1352 2015 1395 tunc
2045 1356 2199 1396 nemo
2219 1342 2374 1395 sede-

2479 1350 2663 1399 φησιν,
2697 1332 2778 1385 ὃτι
2803 1333 2975 1395 οὐδεὶς
3002 1333 3216 1386 καθίσει
3246 1334 3389 1386 τότε.
3423 1334 3628 1396 Ὄντως
3669 1328 3764 1384 οὖν
3796 1333 4065 1398 Πνεῦμα·

807 1434 902 1487 bit.
947 1432 1084 1487 Vere
1108 1435 1271 1502 igitur
1294 1436 1494 1499 Spiritu
1544 1443 1601 1488 et
1641 1434 1968 1489 revelationc
1997 1449 2130 1503 opus
2174 1442 2279 1495 est,
2319 1442 2376 1485 ut

2476 1441 2567 1486 τος
2600 1423 2760 1493 χρεία
2800 1425 2895 1478 καὶ
2938 1424 3359 1493 ἀποκαλύψεως,
3392 1424 3533 1476 ὥστε
3571 1424 3763 1492 νοῆσαι
3795 1424 3858 1475 τὸ
3900 1422 4063 1490 βάθος

806 1526 1168 1595 intelligamus
1237 1526 1658 1593 profunditatem
1712 1525 2093 1593 mysteriorum
2156 1524 2370 1577 horum.
2474 1542 2475 1547 η

2474 1515 2585 1568 τῶν
2618 1518 2935 1586 μυστηρίων
2964 1516 3189 1570 τούτων.
3236 1518 3298 1568 Εἰ
3335 1517 3407 1587 μὴ
3450 1516 3557 1585 γὰρ
3583 1516 3762 1585 ῥητῶς
3796 1518 3995 1582 ἐλεγεν
4037 1519 4063 1567 ὁ

806 1614 915 1669 Nisi
948 1615 1091 1667 enim
1134 1615 1565 1681 sapientissimus
1591 1616 1675 1668 ille
1700 1615 1889 1669 doctor
1926 1611 2162 1668 Joannes
2201 1614 2372 1667 diser-

2475 1610 2750 1677 πανσοιρος
2792 1602 2948 1671 οὗτος
2982 1609 3299 1671 διδάσκαλος
3346 1610 3621 1679 Ἰωάννης,
3650 1611 3731 1661 ὅτι
3766 1612 3866 1661 καὶ
3901 1612 4062 1678 ἡμεῖς

804 1704 872 1755 tis
905 1702 1087 1756 verbis
1113 1703 1363 1766 dixisset,
1397 1705 1535 1771 quod
1572 1714 1625 1756 et
1650 1718 1750 1758 nos
1782 1704 1985 1759 sessuri
2024 1706 2213 1767 simus,
2244 1718 2371 1772 pos-

2474 1698 2872 1767 καθεδούμεθα,
2933 1694 3081 1767 εἶχεν
3122 1700 3183 1751 ἄν
3239 1716 3323 1762 τις
3353 1701 3549 1761 εἰπεῖν,
3600 1700 3682 1753 ὅτι
3726 1702 3787 1752 ὲν
3835 1702 4062 1769 Χριστῷ

800 1801 887 1847 set
910 1794 1103 1859 aliquis
1137 1795 1403 1848 allirtnare
1438 1796 1582 1865 quod
1608 1798 1660 1849 in
1687 1796 1903 1850 Christo
1930 1796 2181 1851 sedemus
2206 1836 2221 1861 ,
2252 1811 2373 1864 per-
2400 1848 2444 1865 ἢ

2400 1848 2444 1865 ἢ
2474 1790 2829 1859 καθεζόμεθα
2854 1830 2867 1854 ,
2897 1789 3085 1859 ὥσπερ
3125 1793 3218 1843 καὶ
3251 1794 3309 1844 ἐν
3334 1792 3554 1861 Χριστῷ
3596 1793 4062 1863 προσκυνούμεθα

802 1883 924 1936 inde
953 1894 1116 1953 atque
1173 1885 1225 1939 in
1277 1848 1495 1940 Christo
1546 1885 1836 1939 adorantur
1885 1885 1952 1939 ab
1992 1886 2215 1954 angelis.
2252 1885 2367 1940 Non
2397 1848 2445 1908 B

2397 1848 2445 1908 B
2474 1883 2579 1935 ὑπὸ
2626 1848 2894 1950 αγγέὶων.
2942 1882 3015 1937 Οὐ
3047 1848 3157 1953 ⁴γὰρ
3189 1883 3248 1935 δὲ
3286 1883 3330 1915 ⁸⁷
3377 1848 3540 1953 ἡμεῖς
3589 1848 4060 1956 προσκυνούμεθα

799 1976 941 2029 enim
970 1992 1067 2031 nos
1105 1980 1155 2030 in
1188 1988 1371 2033 nostra
1407 1994 1634 2048 persona
1676 1977 1988 2043 adorantur,
2040 1979 2133 2033 sed
2180 1990 2367 2035 natura

2474 1975 2941 2045 αὑτοπροσώπως,
2970 1976 3105 2029 ἀλλὰ
3131 1976 3225 2043 τῆς
3257 1976 3473 2044 φύσεως
3510 1978 3665 2046 ἡμῶν
3692 1978 3794 2047 τῆς
3834 1981 4058 2048 ἡνωμέ-

800 2076 985 2122 nostra
1013 2071 1160 2123 unita
1187 2068 1295 2125 Deo
1321 2069 1523 2137 Verbo,
1555 2073 1801 2137 adorata,
1839 2073 1905 2127 ad
1933 2088 2033 2126 nos
2068 2072 2237 2143 gloria
2268 2072 2367 2127 ista

2472 2082 2571 2133 νης
2596 2066 2673 2135 τῷ
2705 2066 2825 2133 Θεῷ
2847 2066 3005 2137 Λόγῳ
3030 2068 3532 2137 προσκυνουμένης,
3557 2070 3637 2131 εἰς
3674 2070 3828 2138 ἡμᾶς
3863 2070 3898 2138 ἡ
3936 2070 4062 2133 δόξα

802 2162 1016 2215 transit.
1042 2162 1189 2217 Idem
1223 2163 1390 2233 igitur
1406 2174 1455 2219 et
1487 2178 1628 2218 nunc
1649 2163 1806 2228 dicit,
1836 2164 2057 2232 quodet
2084 2177 2183 2218 nos
2215 2163 2371 2219 sede-

2471 2158 2759 2213 διαϐαίνει.
2784 2159 2956 2212 Τοῦτο
2994 2158 3087 2213 οῦν
3131 2160 3279 2228 λέγει
3336 2162 3429 2213 καὶ
3478 2160 3594 2225 νῦν,
3630 2162 3712 2214 ὃτι
3762 2163 3862 2215 καὶ
3896 2164 4059 2231 ἡμεῖς

799 2253 997 2308 bimus.

2471 2249 2862 2321 καθεδούμεθα.

872 2345 1034 2402 Vens.
1069 2345 1123 2400 8.
1159 2366 1178 2397 ι
1206 2345 1394 2399 Gratia
1420 2347 1563 2399 enim
1610 2346 1807 2400 servati
1835 2347 1969 2401 estis
2002 2362 2097 2415 per
2124 2348 2304 2402 iidem.
2342 2363 2359 2396 ι

2544 2360 2564 2395 ι
2606 2344 2684 2414 Τῇ
2710 2346 2817 2414 γὰρ
2844 2345 3028 2415 χάριτί
3069 2344 3194 2397 ἐστε
3232 2347 3570 2415 σεσωσμένοι
3607 2346 3694 2399 διὰ
3725 2347 3995 2409 πίστεως.
4036 2366 4051 2397 ι

794 2436 1248 2491 Commemoratis
1279 2438 1343 2491 iis
1375 2452 1494 2506 qua:
1528 2436 1617 2491 Dei
1649 2449 1795 2501 sunt,
1850 2452 2044 2505 nempe
2069 2440 2210 2508 quod
2239 2453 2364 2509 gra-

2469 2432 2652 2486 Είπὼν
2681 2436 2749 2487 τὰ
2774 2434 2867 2488 τοῦ
2890 2435 3049 2499 Θεοῦ,
3085 2438 3167 2490 ὅτι
3198 2437 3382 2506 χάριτι
3426 2437 3743 2505 ἐσώθημεν,
3781 2438 3989 2504 ἐπάγει
4012 2438 4057 2467 ⁸⁴

798 2530 869 2581 tia
895 2530 1094 2582 servati
1144 2544 1353 2593 sumus,
1405 2532 1587 2584 intulit
1617 2534 1779 2586 etiam
1814 2534 1954 2599 quod
1991 2543 2230 2585 nostrum
2259 2541 2361 2596 est,

2469 2526 2564 2578 καὶ
2592 2528 2652 2579 τὸ
2678 2527 2983 2599 ἡμέτερον,
3019 2528 3080 2579 τὸ
3102 2568 3117 2590 ,
3162 2547 3180 2580 ι
3214 2529 3313 2581 Διὰ
3336 2528 3434 2597 τῆς
3463 2528 3697 2590 πίστεως
3718 2545 3733 2560 ⁸
3771 2547 3791 2580 ι
3844 2530 3938 2582 ἵνα
3977 2529 4064 2599 Pi?

802 2634 819 2666 ι
859 2617 958 2670 Per
994 2618 1151 2671 tidem
1186 2634 1198 2669 :
1234 2636 1252 2669 ι
1290 2634 1357 2673 ne
1389 2619 1632 2673 destruat
1655 2621 1881 2674 liberum
1917 2621 2220 2674 arbitrimn.
2468 2617 2471 2668 ἶ

1655 2621 1881 2674 liberum
1917 2621 2220 2674 arbitrium.
2468 2617 2776 2687 λυμήνηται
2828 2618 2888 2671 τὸ
2936 2619 3306 2683 αὐτεξούσιον.

869 2723 888 2755 ι
915 2703 981 2758 Et
1003 2706 1102 2760 hoc
1133 2721 1237 2759 non
1263 2722 1325 2759 ex
1356 2708 1525 2774 vobis,
1572 2708 1667 2763 Dei
1701 2709 1902 2764 donum
1948 2720 2053 2765 est.
2095 2728 2114 2762 ι
2152 2708 2363 2765 Rursus

2547 2727 2565 2760 ι
2606 2710 2713 2761 Καὶ
2741 2707 2902 2761 τοῦτο
2930 2710 3028 2762 οὐκ
3062 2710 3122 2776 ἐξ
3156 2708 3338 2779 ὑμῶν’
3377 2708 3514 2762 Θεοῦ
3552 2708 3612 2761 τὺ
3646 2708 3843 2779 δῶρον.
3888 2729 3907 2761 ι
3942 2711 4053 2764 Πα-

793 2797 924 2850 illud
963 2800 1205 2863 sustulit,
1242 2800 1514 2869 inquiens,
1544 2802 1685 2871 quod
1720 2817 1893 2871 neque
1939 2802 2072 2857 ﬁdes
2104 2817 2170 2858 ex
2206 2802 2362 2858 nobis

2467 2800 2550 2853 λιν
2600 2800 2733 2853 αὐτὸ
2780 2800 2980 2865 ἀνεῖλε,
3032 2800 3127 2855 καί
3173 2818 3358 2870 φησιν,
3403 2802 3484 2855 ὃτι
3513 2802 3693 2872 οὐδὲὴ
3755 2804 3948 2865 πίστις
3993 2805 4050 2867 ἐξ

791 2890 911 2944 sit:
957 2891 1059 2944 nisi
1113 2892 1257 2945 enim
1296 2894 1555 2957 venisset,
1614 2893 1715 2948 nisi
1761 2904 2037 2959 vocasset,
2086 2909 2191 2949 non
2232 2897 2361 2949 obe-

2462 2895 2649 2965 ἡμῶν·
2686 2896 2735 2948 εί
2760 2893 2836 2963 μὴ
2864 2893 2973 2964 γὰρ
2998 2890 3183 2965 ἦλθεν,
3209 2895 3257 2945 εί
3290 2894 3364 2962 μὴ
3396 2894 3671 2959 ἐκάλεσεν,
3695 2896 3799 2947 οὐκ
3833 2896 3906 2949 ἂν
3945 2897 4048 2948 ὑπ-

789 2978 1100 3033 diisseuius.
1149 2997 1167 3030 ι
1207 2981 1489 3045 Quomodo
1531 2984 1697 3047 enim,
1745 3002 1763 3035 ι
1812 2984 2004 3053 inquit,
2048 3002 2066 3035 ι
2104 2988 2355 3051 credent,

2459 2987 2795 3057 ηκούσαμεν.
2849 3005 2867 3037 ι
2896 2986 3019 3049 Πῶς
3052 2986 3183 3056 γὰρ,
3216 3005 3235 3038 ι
3264 2987 3416 3057 φησι,
3455 3005 3474 3038 ι
3510 2988 3921 3052 πιστεύσουσιν,
3955 2990 4049 3040 ἐὰν

792 3068 890 3121 nisi
914 3070 1135 3124 audiant
1156 3072 1217 3124 οἳ
1244 3070 1476 3126 Proinde
1502 3082 1555 3128 et
1578 3074 1691 3143 ipsa
1721 3076 1851 3129 lides
1880 3076 2079 3130 donum
2114 3076 2203 3130 Dei
2250 3084 2354 3130 est.

2465 3079 2539 3148 μὴ
2566 3078 2908 3143 ἀκούσωσινς
2945 3096 2963 3129 ι
3007 3078 3169 3130 Ὠστε
3200 3078 3293 3131 καὶ
3316 3078 3451 3147 αῦτη
3486 3078 3657 3147 δῶρον
3676 3078 3841 3134 Θεοῦ.
3867 3083 3940 3133 Ἦ
3960 3085 4047 3134 καὶ

789 3159 884 3215 Vel
916 3162 1108 3217 aliter:
1131 3160 1249 3216 Non
1276 3163 1433 3217 ﬁdem
1459 3165 1590 3219 dicit
1616 3167 1811 3219 donum
1844 3167 1961 3233 Dei,
1985 3178 2240 3222 ueterum
2267 3182 2360 3235 per
2385 3186 2429 3249 α

2385 3186 2429 3249 C
2466 3169 2642 3232 ἄλλως
2674 3185 2686 3197 ·
2714 3170 2788 3222 Ob
2811 3168 2907 3239 τὴν
2941 3167 3120 3221 πίστιν
3147 3168 3297 3234 λέγει
3318 3168 3491 3237 δῶρον
3516 3168 3669 3231 Θεοῦ,
3695 3170 3839 3222 ἀλλὰ
3864 3172 3928 3224 τὸ
3962 3172 4047 3224 διὰ

790 3250 947 3303 fidem
976 3252 1204 3313 servari,
1234 3252 1334 3305 hoc
1366 3263 1448 3307 est
1490 3254 1689 3308 donum
1724 3254 1839 3310 Dei.
1871 3257 2001 3311 Esto
2040 3259 2182 3312 enim
2210 3259 2353 3326 quod

2459 3260 2695 3323 πίστεως
2719 3260 2985 3329 σωθῆναι,
3018 3258 3177 3311 τοῦτο
3208 3259 3379 3328 δῶρόν
3399 3261 3514 3312 ἐστι
3539 3260 3695 3313 Θεοῦ.
3726 3262 3917 3315 Ἔστω
3939 3263 4044 3333 γὰρ

790 3340 923 3393 liJes
959 3353 1141 3395 nostra
1178 3344 1270 3406 sit,
1323 3346 1596 3411 quomodo
1643 3348 1907 3413 potuisset
1956 3349 2061 3403 ista
2111 3349 2225 3404 sola
2258 3365 2355 3405 nos
2455 3357 2459 3401 t

2455 3354 2589 3422 ὅτιὴ
2620 3352 2801 3415 πίστις
2833 3352 3121 3421 ἡμέτερον,
3165 3350 3284 3413 πῶς
3326 3352 3391 3403 ἂν
3435 3351 3653 3420 ἴσχυσεν
3701 3352 3851 3423 αῦτη
3907 3359 4043 3423 μόνη

788 3444 1027 3490 servare.
1058 3433 1157 3486 nisi
1185 3433 1295 3487 Deo
1310 3434 1594 3500 placuisset
1622 3452 1718 3490 nos
1732 3440 2005 3507 suscipere
2030 3452 2125 3507 per
2144 3442 2312 3506 ipsam
2333 3480 2349 3507 ,

2457 3445 2651 3507 σῶσαι,
2701 3446 2749 3497 εἰ
2800 3444 2875 3514 μὴ
2921 3447 2947 3496 ὁ
3001 3443 3132 3505 Θεὸς
3165 3443 3438 3511 ηὐδόκησε
3482 3442 3742 3512 δεχθῆναι
3774 3447 4042 3514 διἀὖτῆς

788 3534 854 3572 ne
892 3521 945 3574 in
986 3531 1154 3576 totum
1210 3525 1382 3579 simus
1421 3526 1617 3589 otiosi,
1650 3530 1742 3581 sed
1774 3537 1830 3582 ut
1878 3544 1976 3585 nos
2008 3546 2217 3599 qquue
2252 3533 2355 3587 aii-

2463 3537 2632 3605 ὴμᾶς,
2665 3535 2754 3586 ἵνα
2788 3534 2861 3605 μὴ
2893 3534 2953 3587 τὸ
2984 3535 3104 3587 ὅλον
3155 3532 3304 3603 ὦμεν
3328 3536 3509 3604 ἀργοὶ,
3542 3534 3679 3588 ἀλλὰ
3712 3536 3971 3609 δοκῶμεν
3996 3558 4040 3591 τι

786 3614 910 3680 quid
929 3615 1172 3670 conferre
1197 3617 1511 3672 videamur?

2454 3628 2547 3679 καὶ
2579 3627 2733 3677 αὐτοὶ
2758 3626 3184 3693 συνεισενεγκεῖν
3206 3642 3221 3691 ;

858 3703 1019 3759 Vens.
1051 3708 1102 3760 9.
1135 3726 1152 3759 ι
1205 3706 1322 3763 Νοιι
1353 3725 1416 3764 ex
1457 3714 1731 3782 operibus,
1774 3730 1840 3769 ne
1867 3718 1991 3787 quis
2020 3720 2298 3787 glorietur.
2330 3740 2348 3773 ι

2531 3737 2549 3770 ι
2590 3718 2704 3771 Οὐκ
2745 3718 2802 3782 ἐξ
2850 3718 3060 3788 ἔργων,
3104 3717 3191 3769 ἵνα
3225 3719 3411 3787 μήτις
3440 3719 3806 3789 καυχήσηται.
3842 3739 3863 3771 ι
3909 3722 4038 3789 Οὐχὶ

787 3794 895 3851 Nos
924 3813 1084 3867 opera
1116 3801 1373 3858 habentes
1406 3820 1509 3858 noxi
1546 3807 1764 3873 repulit,
1792 3824 1976 3863 verum
2025 3814 2267 3880 proditos
2288 3816 2355 3869 ab
2455 3849 2456 3854 η

2455 3810 2675 3878 ἔχοντας
2707 3809 2845 3878 ἔργα
2896 3809 3158 3862 ἀπώσατο
3202 3810 3370 3877 ἡμᾶς,
3422 3810 3556 3861 ἀλλὰ
3602 3810 4035 3879 προδεδομένους

786 3891 1039 3957 operibus
1062 3896 1233 3959 gratia
1281 3912 1377 3949 nos
1428 3901 1685 3963 servavit,
1720 3910 1778 3954 ut
1831 3917 1894 3955 ex
1940 3916 2135 3959 eventu
2194 3922 2355 3963 nemo

2455 3899 2561 3953 ὑπὸ
2593 3900 2701 3953 τῶν
2743 3900 2939 3971 ἔργων,
3000 3900 3185 3969 χάριτι
3243 3900 3475 3963 ἔσωσεν,
3510 3899 3648 3952 ὥστε
3683 3900 3744 3965 ἐξ
3778 3904 4032 3955 ἀποτεὶέ-

789 3980 983 4035 habeat
1016 3982 1158 4035 nude
1198 3984 1415 4051 gloriari
1459 3997 1639 4055 queat.
1686 3989 1817 4044 Nam
1846 3993 2158 4061 coniunctio
2199 4016 2217 4049 ι
2243 3997 2347 4052 Ut)
2457 4025 2458 4030 π

2457 4011 2664 4063 σματος
2718 3994 2923 4063 μηδένα
2978 3992 3163 4045 λοιπὸν
3221 3991 3367 4059 ἔχειν
3414 3993 3746 4060 καυχᾶσθαι.
3792 3996 3866 4047 Τὸ
3907 3998 4031 4063 γὰρ,

787 4069 877 4124 hic
898 4087 1002 4125 non
1040 4082 1121 4127 est
1146 4076 1399 4143 causalis,
1422 4083 1516 4133 sed
1543 4095 1607 4135 ex
1638 4094 1832 4138 eventu
1863 4087 1959 4143 rei.

2463 4104 2481 4136 ι
2516 4087 2652 4150 Ἵνα,
2682 4103 2700 4136 ι
2726 4084 2827 4137 οὐκ
2862 4083 3226 4150 αἰτιολογικόν
3253 4084 3420 4146 ἐστιν,
3451 4084 3567 4136 ἀλλ’
3602 4087 3665 4139 ἐκ
3696 4086 3801 4157 τῆς
3824 4088 4035 4143 61:061-

2461 4194 2599 4239 σεως
2628 4175 2721 4228 τοῦ
2759 4176 3106 4246 πράγματος.

860 4250 1023 4333 Vens.
1057 4253 1146 4308 10.
1185 4274 1202 4307 ι
1233 4255 1405 4325 Ipsius
1435 4260 1580 4313 enim
1615 4276 1801 4317 sumus
1838 4264 2070 4333 factura,
2099 4273 2264 4325 creati
2302 4272 2352 4324 in

2533 4288 2551 4319 ι
2584 4270 2757 4322 Αὐτοῦ
2786 4270 2896 4339 γάρ
2925 4270 3092 4338 ἐσμεν
3126 4270 3356 4341 ποίημα,
3388 4272 3698 4333 κτισθέντες
3720 4274 3781 4326 ἐν
3816 4275 4035 4344 Χριστῴ

785 4342 1003 4398 Christo
1059 4343 1188 4401 Jcsu
1245 4348 1299 4401 in
1359 4352 1615 4419 operibus
1657 4354 1833 4421 bonis,
1875 4374 1993 4425 qua:
2033 4368 2355 4431 praeparavit

2469 4360 2641 4429 Ἰησοῦ
2674 4361 2768 4413 ἐπὶ
2792 4362 2971 4430 ἔργοις
3000 4362 3244 4427 ἀγαθοῖς,
3277 4358 3357 4425 οἷς
3392 4365 3805 4433 προητοίμασεν
3832 4342 4033 4427 ὀΘεδςν,

789 4434 948 4498 Deus,
977 4445 1033 4487 ut
1058 4436 1108 4489 in
1139 4438 1270 4506 ipsis
1301 4440 1657 4496 ambulemus.
1690 4463 1708 4495 ι
1746 4444 1820 4499 Ne
1843 4448 1885 4501 si
1924 4450 2133 4515 audias,
2166 4470 2349 4509 nouex

2464 4454 2550 4505 ἵνα
2594 4453 2652 4504 ἐν
2695 4452 2879 4513 αὐτοῖς
2910 4453 3401 4522 περιπατήσωμεν.
3437 4471 3453 4502 ι
3490 4454 3606 4505 Ἰνα
3656 4455 3729 4521 μὴ
3772 4456 4034 4519 ἀκούσας,

783 4526 1038 4593 operibus
1092 4543 1190 4582 nos
1249 4544 1368 4586 esse
1422 4531 1776 4599 iustiﬁcatos,
1831 4538 1985 4595 deses
2038 4542 2135 4597 tias
2204 4546 2346 4599 circa
2381 4530 2427 4587 ί)

2381 4530 2427 4587 ί)
2454 4546 2533 4597 ὅτι
2564 4544 2661 4597 οὐκ
2685 4544 2743 4608 ἐξ
2772 4545 2948 4616 ἔργων
2984 4544 3408 4613 ἐδικαιώθημεν,
3441 4543 3766 4615 ρᾳθυμήσης
3807 4552 3941 4617 περὶ
3974 4552 4036 4601 τε

782 4630 981 4682 opera;
1016 4620 1132 4684 ait,
1166 4622 1305 4687 quod
1359 4639 1499 4678 nunc
1539 4635 1662 4694 post
1710 4628 1871 4682 (idem
1922 4634 2178 4701 operibus
2217 4650 2351 4703 opus

2456 4638 2612 4707 ἔργα,
2645 4638 2805 4705 φησὶν
2851 4638 2933 4689 ὃτι
2963 4636 3056 4690 νῦν
3090 4639 3226 4705 μετὰ
3257 4639 3356 4705 τὴν
3395 4638 3580 4688 πίστιν
3634 4642 3795 4708 χρεία
3832 4642 4032 4711 ἔργων.

785 4717 885 4761 est.
915 4708 1175 4765 Conditus
1196 4726 1254 4764 es
1290 4714 1430 4767 enim
1462 4716 1511 4767 in
1546 4717 1762 4773 Christo
1784 4719 1928 4782 Jcsu,
1955 4732 2009 4776 et
2033 4740 2167 4778 nova
2192 4741 2348 4781 crea~

2465 4728 2750 4797 Ἐκτίσθης
2780 4730 2885 4796 γὰρ
2912 4730 2968 4779 ἐν
3010 4727 3229 4797 Χριστῷ
3269 4727 3477 4797 Ἰησοῦ,
3519 4731 3615 4780 καὶ
3660 4732 3782 4783 νέον
3820 4708 4034 4801 ποίημα

787 4809 903 4850 tura
954 4801 1126 4855 laetus
1156 4817 1238 4867 es,
1282 4805 1537 4862 defuncto
1567 4810 1660 4863 tibi
1699 4822 1879 4866 vetere
1911 4814 2122 4871 homine
2170 4818 2221 4871 in
2253 4820 2348 4871 ba-
2453 4841 2456 4869 ι

2453 4821 2661 4887 ἐγένου,
2687 4818 3051 4881 ἀποθανόντος
3092 4835 3174 4870 σοι
3222 4817 3317 4870 τοῦ
3358 4818 3590 4871 παλαιοῦ
3638 4820 3940 4889 ἀνθρώπου
3984 4827 4033 4875 ἐν

784 4890 1057 4955 ptismate.
1112 4896 1189 4947 Ac
1238 4899 1686 4964 quemadmodum
1730 4904 1782 4958 iu
1866 4908 2130 4977 principio
2183 4910 2342 4981 381
2452 4938 2453 4943 η

2452 4913 2529 4982 τῷ
2564 4911 2916 4981 βαπτίσματι.
2956 4910 3066 4961 Καὶ
3092 4909 3279 4980 ὥσπερ
3304 4911 3362 4962 ἐν
3392 4911 3535 4981 ἀρχῇ
3572 4912 3681 4963 ἀπὸ
3708 4913 3805 4964 τοῦ
3841 4915 3919 4984 μὴ
3948 4918 4030 4967 ὅν-

783 4994 904 5033 (ιιιιιι
944 4998 1047 5034 non
1084 4999 1254 5049 esses,
1285 4991 1533 5056 produxit
1562 5002 1613 5047 te
1645 5004 1701 5048 ut
1734 5009 1905 5063 esses,
1935 4999 2011 5052 sic
2050 5000 2343 5055 etiamnum
2451 5030 2452 5038 ι

2451 5023 2540 5068 τος
2563 5006 2642 5068 εἰς
2668 5004 2727 5056 τὸ
2762 5001 2902 5057 εἶναι
2939 5003 3251 5073 παρήχθης,
3275 5003 3419 5057 οὕτω
3442 5005 3539 5057 νῦν
3578 5006 3658 5067 είς
3692 5008 3751 5057 τὸ
3785 5004 3843 5061 εὗ
3899 5006 4028 5061 εἶναι

783 5080 842 5123 ιιι
879 5073 1014 5128 bene
1047 5092 1220 5144 esses,
1260 5090 1311 5133 te
1345 5084 1567 5151 protulit
1601 5102 1614 5141 :
1650 5088 2012 5159 conditusque
2040 5107 2117 5157 es,
2156 5110 2258 5147 non
2290 5105 2347 5147 ut

2453 5101 2744 5168 παρῆγαγε
2771 5112 2784 5126 ·
2822 5098 2917 5149 καὶ
2966 5097 3246 5164 ἐκτίσθης,
3284 5097 3383 5165 οὐχ
3416 5098 3505 5151 ἵνα
3534 5100 3735 5167 ἀργῇς,
3785 5101 3910 5151 ἀλλ’
3948 5103 4027 5153 ἵνα

783 5165 991 5228 otieris,
1023 5183 1209 5223 verum
1246 5181 1303 5227 ut
1355 5177 1619 5244 opereris,
1672 5189 1727 5231 et
1782 5180 1834 5233 in
1892 5180 2048 5236 bonis
2092 5186 2345 5253 operibus

2453 5191 2680 5261 ἐργάζῃ.
2712 5192 2805 5242 καὶ
2830 5193 3135 5259 περιπατῇς
3165 5192 3223 5243 ἐν
3247 5193 3357 5252 τοῖς
3380 5191 3607 5255 ἀγαθοῖς
3630 5192 3842 5260 ἔργοις·
3870 5212 4024 5247 τουτ-

783 5260 1045 5325 ambules,
1083 5265 1180 5316 hoc
1216 5276 1319 5331 est,
1386 5282 1600 5322 omnem
1663 5274 1838 5327 :ctatis
1876 5284 1977 5328 tua:
2025 5291 2242 5330 cursum
2293 5280 2345 5331 in

2456 5283 2593 5344 έστι,
2626 5284 2804 5334 πᾶσαν
2832 5282 2929 5351 τὴν
2974 5281 3091 5334 ὁδὸν
3120 5281 3213 5335 τοῦ
3246 5283 3360 5350 βίου
3392 5284 3660 5353 διανύσῃς
3690 5286 3750 5335 ἐν
3790 5286 4023 5347 τούτοις,

783 5351 932 5406 hisce
963 5358 1207 5422 pcrlicias
1247 5376 1257 5410 :
1289 5375 1394 5413 non
1429 5363 1565 5416 duos
1590 5372 1765 5417 tresve
1790 5380 1975 5431 annos,
2006 5370 2097 5421 sed
2132 5386 2345 5423 onmem

2454 5375 2512 5431 οὐ
2545 5374 2636 5427 δύο
2660 5375 2693 5443 ἧ
2724 5378 2872 5442 τρεῖς
2904 5377 3203 5438 ἐνιαυτοὺς,
3236 5375 3373 5428 ἀλλὰ
3406 5378 3589 5429 πᾶσαν
3623 5377 3723 5445 τὴν
3771 5379 3894 5429 ὁδον
3935 5381 4022 5445 τῆς

784 5447 908 5499 vita:
945 5456 1044 5501 tuae
1080 5464 1338 5506 cursum:
1375 5454 1474 5509 hoc
1515 5457 1657 5510 enim
1706 5458 1909 5513 indicat
1942 5476 2054 5528 per,
2100 5464 2348 5517 ambule-

2457 5466 2598 5535 ζωῆς
2630 5482 2744 5521 σου.
2775 5466 2946 5519 Τοῦτο
2975 5467 3082 5537 γὰρ
3108 5466 3399 5520 αἰνίττεται
3433 5467 3518 5520 διὰ
3549 5467 3666 5533 τοῦ,
3722 5472 4022 5538 περιπατῆ-

894 5578 915 5605 ο
954 5566 1088 5621 Rom
1117 5586 1170 5635 ι,
1202 5570 1289 5624 14.

2084 5701 2280 5763 Vat-im
2325 5702 2651 5765 lectiones.

859 5808 900 5837 ⁸⁷
942 5808 1059 5863 020“:
1104 5812 1207 5881 ‘(ip
1241 5827 1291 5864 ο.
1371 5815 1680 5885 Ι’ίίὲειιήγαγε
1716 5837 1765 5873 o.
