4226 6440
195 453 332 514 1057

980 437 1390 502 EXPOSITIO
1431 437 1510 496 IN
1554 436 1792 496 EPIST.
1838 437 1938 496 AD
1967 437 2234 496 El’HES.
2263 461 2322 471 -
2364 437 2522 497 CAP.
2558 438 2636 495 II.

3325 441 3457 502 1058

195 579 312 613 σαι.
347 559 404 609 '0
431 556 538 624 γὰρ
565 554 695 615 Θεὸς
726 552 1102 621 προητοίμασε
1123 548 1324 600 ταῦτα’
1345 545 1486 598 ὥστε
1517 545 1616 595 οὐκ
1640 543 1784 594 ἔστιν
1819 553 1859 608 Α

1893 558 2031 596 mus.
2098 543 2237 596 Deus
2283 543 2428 595 enim
2463 543 2786 610 praeparavit
2843 544 2984 603 hcce;
3048 546 3299 613 quocirca
3353 563 3454 598 non

194 647 580 708 ἀναϐαλέσθαι,
603 644 673 704 ὡς
691 643 998 710 ὡρισμένου
1024 639 1208 693 Θεόθεν
1225 636 1318 690 τοῦ
1338 637 1499 707 ἔργου
1514 635 1599 684 ⁸⁸⁸.
1620 633 1780 685 Ἀλλά

190 745 290 795 καὶ
316 745 372 792 ἐν
401 742 566 791 πᾶσιν
589 755 600 766 ·
629 739 676 788 εί
711 737 818 803 γαρ
844 735 900 785 ἒν
936 736 1136 792 λείπει,
1167 729 1479 794 ἐκολοϐώθη
1512 729 1543 795 ἡ
1582 726 1774 795 ἀρετή.

205 837 266 887 ’0
296 833 351 886 δὲ
382 832 640 896 Θεολόγος
675 827 970 896 Γρηγόριος
999 826 1079 887 τὸ,
1118 846 1134 873 ι
1173 822 1503 881 κτισθέντες
1539 819 1624 869 ἐπ’
1684 819 1777 883 ἒρ-
1821 808 1824 812 ’

192 945 314 996 γοις
347 924 595 992 ἀγαθοῖς,
622 941 640 972 ι
675 922 733 972 οὐ
768 923 895 987 περὶ
940 920 1039 984 τῆς
1091 921 1146 969 ἐν
1173 916 1248 983 τῷ
1278 915 1617 984 βαπτίσματι
1664 909 1778 961 κτί-

193 1037 357 1082 σεως,
385 1016 520 1070 ἀλλὰ
543 1013 671 1082 περὶ
696 1012 796 1080 τῆς
826 1011 1191 1081 δημιουργίας
1220 1007 1266 1038 ”
1297 1003 1596 1069 ἐξεδέξατο.

275 1211 293 1241 ι
334 1191 424 1242 Διὸ
470 1185 858 1258 μνημονεύετε,
912 1187 994 1240 ὅτι
1048 1184 1207 1253 ὑμεῖς
1242 1199 1372 1235 ποτε
1421 1181 1489 1232 τα
1541 1179 1669 1247 ἔθνη
1723 1179 1778 1230 ἐν

193 1284 385 1352 σαρκὶ,
421 1282 474 1333 οἱ
507 1280 790 1348 λεγόμενοι
824 1276 1158 1346 ἀκροϐυστία
1212 1275 1317 1326 ὑπὸ
1347 1274 1445 1341 τῆς
1479 1273 1780 1339 λεγομένης

192 1375 498 1446 περιτομῆς
550 1374 606 1424 ἐν
641 1373 804 1441 σαρκὶ
850 1370 1250 1440 χειροποιήτου,
1305 1369 1387 1420 ὃτι
1441 1362 1539 1434 ἦτε
1600 1368 1656 1416 ἐν
1700 1364 1777 1434 τῷ

192 1467 376 1535 καιρῷ
416 1465 608 1531 ἐκείνῳ
640 1466 805 1532 χωρ’-ς
839 1459 1098 1529 Χριστοῦ.
1147 1479 1164 1510 ι
1211 1459 1392 1510 Εἰπὼν
1435 1458 1517 1508 ὃτι
1547 1457 1777 1523 νεκροὺς

192 1561 356 1620 ὄντας
389 1560 582 1617 ἐσωσε,
616 1554 710 1605 νῦν
745 1554 928 1622 μέλλει
957 1554 1153 1614 εἰπεῖν,
1174 1551 1334 1603 τίνων
1354 1549 1611 1618 ἐποίησεν
1630 1549 1776 1608 ἴσους

192 1653 294 1704 καὶ
357 1648 870 1716 συγκληρονόμους,
927 1647 1022 1697 καὶ
1076 1646 1156 1697 ὃτι
1207 1643 1316 1694 τῶν
1383 1639 1770 1711 Ἰσραηλιτῶν

197 1744 344 1813 μέγα
379 1743 487 1810 γὰρ
520 1735 587 1809 ἦν
623 1739 684 1791 τὸ
711 1738 914 1791 τούτων
960 1737 1178 1806 ἀξίωμα
1205 1751 1219 1767 °
1255 1737 1346 1789 καί
1391 1752 1522 1804 φησι
1548 1751 1564 1766 ·
1621 1751 1638 1784 ι
1685 1733 1774 1784 Διὸ

198 1833 592 1904 μνημονεύετε.
634 1851 652 1882 ι
685 1860 754 1870 --
781 1849 798 1881 ι
840 1830 952 1882 Διό.
989 1848 1008 1882 ι
1041 1829 1198 1881 [Ιοῖον
1223 1845 1239 1895 ;
1267 1828 1411 1881 Διότι
1444 1825 1773 1894 ἐκτίσθημεν

1883 632 2009 685 licet
2042 631 2125 682 illa
2163 634 2411 698 rejiccre.
2446 647 2542 684 ceu
2578 648 2742 697 opere
2789 633 3043 686 divinitus
3077 636 3366 687 destinato.
3403 637 3453 686 In

1882 724 2136 790 operibus
2175 727 2347 781 bonis,
2386 740 2489 775 nun
2524 741 2573 775 ιιι
2607 739 2709 775 ιιιιο
2737 739 2917 791 opere,
2956 729 3046 776 sed
3073 727 3122 776 iu
3159 729 3409 779 omnibus
3442 745 3452 778 :

1885 831 2006 867 nam
2041 816 2083 867 si
2120 831 2283 867 unum
2313 817 2470 876 desit,
2504 818 2750 867 mutilata
2800 828 2874 866 est
2922 829 3110 867 \ll'lIlS.
3166 816 3253 868 Gr:
3278 820 3458 882 purius

1881 919 2060 961 autem
2091 905 2396 974 Theologus
2423 909 2583 968 istud,
2619 927 2635 958 ι
2668 909 2841 960 Creati
2871 911 2919 958 ιιι
2949 909 3205 974 operibus
3229 911 3400 968 bouis,
3435 928 3450 958 ι

1881 1016 1990 1053 non
2024 1001 2091 1054 de
2127 1001 2405 1052 creatione
2441 1000 2492 1050 in
2533 1002 2880 1067 baptismate,
2933 1016 3116 1052 verum
3167 1003 3231 1055 de
3285 1004 3455 1068 prima

1881 1094 2157 1148 creatione
2188 1094 2580 1157 interpretatus
2614 1103 2713 1144 est.

1961 1185 2122 1240 Vens.
2163 1187 2248 1240 Η.
2288 1204 2305 1236 ι
2341 1183 2569 1253 Propter
2601 1186 2741 1252 quod
2773 1201 3039 1239 memores
3073 1196 3264 1247 estote,
3317 1187 3456 1254 quod

1881 1292 1977 1332 vos
2026 1278 2156 1330 olim
2202 1285 2389 1343 gentes
2427 1278 2475 1328 in
2511 1294 2697 1336 carne,
2749 1277 2836 1343 qui
2868 1278 3105 1328 dit-inlini
3139 1279 3456 1345 pra'putium

1881 1372 1947 1424 ab
1971 1385 2031 1424 ea
2063 1385 2181 1437 qua!
2209 1370 2406 1422 dicitur
2448 1369 2792 1422 circumcisio
2841 1373 2888 1422 in
2933 1386 3094 1423 carne
3130 1375 3458 1431 tuanutacta,

1879 1465 2024 1533 quod
2048 1464 2215 1516 eratis
2243 1463 2331 1515 illo
2352 1465 2402 1514 in
2431 1473 2669 1530 tempore
2696 1464 2810 1514 sim:
2832 1464 3066 1515 Christo.
3097 1482 3112 1512 ι
3139 1461 3268 1515 Cum
3297 1462 3463 1513 duis-

1877 1568 1960 1614 sel
1991 1558 2130 1627 quod
2169 1568 2407 1610 mortuos
2442 1559 2690 1611 sorvarit.
2717 1560 2956 1608 tilt'llll‘llS
2993 1557 3098 1620 jam
3129 1568 3210 1609 cst
3255 1558 3454 1623 quibus

1877 1649 2110 1718 aequales
2155 1647 2344 1701 fecerit
2392 1657 2445 1699 et
2485 1649 2812 1707 cohmredes,
2852 1648 3131 1708 nimirum,
3168 1647 3462 1699 Isrztclilis:

1880 1745 2078 1814 ingens
2101 1743 2241 1796 enim
2271 1743 2588 1795 horumerat
2621 1741 2852 1806 dignitas
2872 1753 2921 1793 et
2952 1751 3265 1794 ilUt‘IUI‘llﬂS.
3289 1741 3346 1792 Et
3370 1743 3462 1799 ait,

1889 1853 1907 1886 ι
1944 1835 2170 1902 Propter
2219 1833 2364 1902 quod
2407 1847 2670 1885 memores
2707 1838 2877 1884 c‘stotu
2911 1850 2921 1882 :
2972 1852 2988 1882 ι
3047 1841 3263 1897 propter
3301 1831 3467 1898 quid?

197 1925 291 1977 ἐπ’
333 1925 513 1993 ἔργοις
565 1921 792 1988 ἀγαθοῖς
820 1935 834 1948 °
868 1918 1026 1973 τοῦτο
1057 1919 1166 1987 γὰρ
1201 1918 1362 1988 μόνον
1410 1916 1594 1969 ἱκανὸν
1632 1915 1779 1984 ἡμᾶς
1812 1906 1852 1960 Β

1883 1929 2175 1995 Propterea
2229 1925 2370 1993 quod
2406 1925 2572 1977 creati
2635 1925 2802 1977 simus
2849 1926 2912 1975 ad
2948 1941 3106 1992 ttpt'ra
3157 1940 3290 1975 nona
3323 1942 3333 1975 :
3370 1928 3469 1974 hoc

195 2019 391 2068 πεῖσαι
427 2016 525 2082 τῆς
573 2015 776 2083 ἀρετῆς
826 2010 1230 2079 ἐπιμελεῖσθαι.
1275 2028 1292 2060 ι
1330 2007 1714 2077 Μνημονεύετε
1755 2025 1772 2056 ι

193 2109 281 2171 δὲ,
318 2103 461 2167 εἷπε,
511 2105 642 2157 διότι
675 2104 795 2166 ἔθος
834 2102 951 2155 ἐστὶ
981 2105 1094 2164 τοῖς
1125 2101 1234 2154 ἀπὸ
1272 2101 1472 2168 πολλῆς
1504 2098 1780 2160 εὐτελείας

199 2205 283 2264 εἰς
316 2200 448 2269 ὕψος
478 2197 877 2266 ἀναδραμοῦσι,
913 2196 1048 2266 μηδέ
1085 2193 1396 2264 μεμνῆσθαι
1444 2193 1549 2245 τῶν
1589 2191 1783 2263 προτέ-

203 2309 338 2362 ρων.
376 2290 522 2342 Τίδέ
556 2309 572 2340 ι
617 2285 1027 2357 μνημονεύετε;
1069 2304 1087 2336 ι
1125 2285 1248 2338 "Ott
1275 2282 1782 2354 ἀπηλλοτριωμένοι

201 2383 306 2456 ἦτε
341 2382 434 2436 τοῦ
486 2379 722 2451 Χριστοῦ
769 2382 824 2432 ἐν
873 2384 986 2441 τοῖς
1036 2381 1227 2448 πρώην
1279 2378 1528 2444 καιροῖς-⁸
1578 2373 1671 2427 νῦν
1728 2373 1782 2424 δὲ

201 2480 375 2545 ἐγγὺς
408 2473 658 2542 ἐγένεσθε
693 2471 880 2535 αὐτοῦ,
913 2470 1102 2538 ὥσπερ
1134 2470 1227 2521 καὶ
1253 2469 1281 2519 ό
1329 2465 1565 2535 Ἰσραήλ.
1614 2464 1784 2516 Τοῦτο

205 2571 312 2641 μὲν
338 2567 430 2621 οὖν
474 2572 501 2620 ὁ
550 2568 749 2627 σκοπὸς
778 2564 873 2616 τοῦ
905 2565 1086 2629 λόγου.
1129 2563 1273 2630 Ὅρα
1300 2560 1378 2622 δέ,
1426 2560 1542 2620 πῶς
1571 2557 1784 2626 εὐφυῶς

203 2660 538 2716 καταϐάλλει
571 2660 668 2730 τὴν
714 2659 1040 2728 περιτομὴν,
1071 2655 1288 2716 δεικνὺς
1340 2655 1399 2704 ἐν
1435 2651 1580 2719 λόγῳ
1639 2651 1784 2718 μόνῳ

203 2755 574 2823 διαφέρουσαν
617 2751 715 2820 τῆς
764 2748 1157 2819 ἀκροϐυστίας,
1212 2746 1306 2798 καὶ
1349 2744 1450 2796 οὐκ
1503 2745 1562 2795 ἐν
1615 2742 1782 2811 ἔργῳ.

213 2868 232 2900 ι
257 2849 442 2915 Ὑμεῖς
461 2846 627 2915 γάρ,ι
656 2847 808 2913 φησι,
842 2861 859 2893 ι
881 2844 948 2895 τὰ
976 2841 1100 2911 ἕονη
1127 2843 1184 2892 ἐν
1212 2839 1395 2907 σαρκὶ,
1421 2856 1439 2889 ι
1463 2835 1575 2891 ἀλλ’
1598 2835 1697 2888 οὐκ
1722 2836 1781 2886 ἐν

207 2941 484 3011 πνεύματι
503 2955 516 2968 ⁸
544 2939 638 2992 καὶ
660 2957 675 2988 ι
699 2939 1002 3006 λεγόμενοι,
1032 2954 1048 2984 ι
1078 2933 1186 2986 ἀλλ’
1209 2933 1308 2986 οὐκ
1335 2932 1483 2992 ὄντες
1507 2947 1519 2959 ·
1547 2931 1624 2992 ὡς
1643 2929 1708 2980 ἂν
1739 2929 1785 2978 εί

193 3033 421 3100 ἔλεγεν,
471 3033 556 3084 ὅτι
619 3031 705 3081 Ἐν
765 3029 932 3098 σαρκὶ
981 3027 1134 3096 ἔχετε
1175 3023 1235 3077 τό
1292 3024 1537 3082 ἐλαττιν,
1593 3021 1693 3072 οὐκ
1730 3022 1786 3070 ἐν

211 3125 509 3193 πνεύματι.
548 3123 655 3174 Καὶ
687 3121 849 3174 πάλιν
871 3135 885 3150 ⁶
928 3137 946 3169 ι
1002 3117 1140 3171 ’Υπὸ
1166 3117 1264 3186 τῆς
1293 3115 1595 3184 λεγομένης
1625 3129 1786 3181 περια

195 3215 385 3282 ’τομῆς
423 3216 479 3266 ἐν
514 3214 714 3281 σαρκί·
751 3229 768 3260 ι
807 3210 906 3279 τὴν
941 3212 998 3262 ἐν
1024 3208 1206 3276 λόγοις
1241 3208 1422 3276 μόνοις
1475 3206 1570 3258 καὶ
1621 3205 1787 3272 σαρκὶ
1811 3247 1854 3308 C

209 3307 544 3376 προτίμησιν
573 3303 769 3373 δηλῶν.
819 3303 881 3354 'H
911 3302 1010 3371 μὲν
1046 3301 1139 3354 οὖν
1203 3298 1540 3369 ἀκροϐυστία
1577 3298 1677 3349 οὐκ
1716 3292 1785 3365 ἦν

193 3399 403 3459 -δεινὸν,
427 3397 546 3449 οὐδὲ
577 3395 885 3464 βδελυκτὸν,
918 3397 967 3446 εί
1009 3394 1104 3445 καὶ
1149 3393 1365 3459 ἐλέγετο
1406 3391 1510 3444 ὑπὸ
1553 3389 1661 3441 τῶν
1693 3390 1784 3441 ἐπὶ

210 3494 284 3561 τῇ
318 3491 587 3558 περιτομῇ
643 3487 1068 3557 κομπαζόντων·
1103 3483 1163 3536 τὸ
1205 3484 1262 3537 δὲ
1297 3484 1464 3553 χωρὶς
1491 3478 1628 3534 εἶναι
1651 3482 1784 3550 Χρι·

211 3582 363 3646 στοῦ,
389 3582 544 3634 τοῦτο
567 3577 633 3649 ἦν
657 3580 825 3642 ὅντως
848 3578 1018 3631 δεινὸν
1043 3577 1138 3628 καὶ
1169 3576 1460 3646 ἀφόρητον.
1497 3573 1561 3624 Τί
1583 3573 1784 3641 δήποτε

201 3654 424 3745 μέλλων
477 3673 642 3736 δεῖξαι
708 3672 905 3731 αὐτοὺς
966 3669 1255 3730 κοινωνοὺς
1324 3668 1422 3734 τῆς
1469 3665 1624 3734 δόξης
1673 3666 1784 3726 τοῖς

221 3763 610 3832 Ἰσραηλίταις,
637 3762 893 3831 καθαιρεῖ
920 3760 979 3812 τὸ
1009 3759 1116 3812 τῶν
1155 3755 1506 3828 Ἰσραηλιτῶν
1536 3755 1786 3836 ἀξίωμας

224 3855 366 3908 Ἀλλ’
407 3856 526 3922 ὅρα,
566 3857 621 3906 ἐν
652 3855 761 3904 τίσι
799 3851 1086 3919 καθαιρεῖ·
1119 3853 1174 3902 ἐν
1202 3851 1312 3910 τοῖς
1346 3848 1419 3917 μὴ
1445 3846 1784 3912 ἀναγκαίοις.

203 3948 291 3999 Οὐ
316 3947 423 4014 γάρ
454 3948 600 3997 ἐστιν
627 3946 922 4010 ἀναγκαῖον
946 3945 978 4012 ἠ
1000 3941 1291 4012 περιτομὴ,
1317 3939 1452 3991 ἀλλά
1475 3938 1788 4006 ἀδιάφορον.

224 4037 315 4090 Ἐν
357 4037 411 4088 δὲ
447 4038 558 4096 τοῖς
592 4033 908 4100 ἀναγκαίοις
943 4033 1038 4084 καὶ
1076 4031 1281 4099 σφόδρα
1319 4029 1558 4097 ἐπαίρει,
1602 4027 1788 4092 ἁγίους

205 4124 494 4194 ὀνομάζων
519 4124 645 4185 τοὺς
689 4121 1026 4192 Ἰσραηλίτας
1052 4123 1148 4174 καὶ
1193 4120 1428 4182 οἰκείους
1459 4116 1579 4186 Θεῷ
1609 4117 1678 4169 ⁵⁸.

1884 2020 2028 2073 enim
2070 2019 2241 2072 solum
2299 2016 2493 2070 sufﬁcit
2531 2021 2859 2083 persuadere
2902 2019 3078 2073 nolns.
3137 2026 3192 2068 ut
3249 2016 3467 2066 virtutis

1887 2111 2148 2165 rationem
2180 2110 2496 2163 habeamus.
2533 2127 2549 2158 ι
2589 2107 2854 2162 Memores
2900 2127 2915 2157 ι
2952 2120 3128 2160 autem
3169 2126 3184 2157 ι
3217 2117 3411 2162 estote.
3444 2125 3459 2155 ι

1887 2205 2044 2266 dixit,
2077 2219 2141 2256 eo
2170 2202 2312 2270 quod
2357 2202 2671 2269 plerumque
2728 2202 2839 2252 ﬁeri
2898 2202 3096 2264 soleat,
3133 2210 3189 2251 ιιι
3241 2201 3273 2251 ii
3319 2199 3464 2266 quia

1889 2311 2083 2364 magna
2121 2296 2330 2348 vilitate
2364 2296 2426 2346 ad
2459 2294 2734 2364 fastigium
2766 2295 3034 2362 quoddam
3064 2295 3298 2361 provecti
3335 2294 3464 2354 sint,

1888 2390 2086 2458 prioris
2124 2399 2297 2442 status
2345 2403 2410 2442 ne
2468 2389 2816 2440 meminerint
2867 2388 3110 2456 quidem.
3160 2386 3297 2451 Quid
3339 2402 3466 2439 vero

1889 2488 1974 2534 est
2013 2479 2169 2545 cujus
2221 2491 2489 2531 memores
2523 2492 2644 2530 esse
2691 2476 2945 2530 debetis?
2976 2479 3125 2541 Quod
3180 2476 3464 2528 abalienati

1887 2573 2052 2627 eratis
2084 2586 2112 2623 a
2165 2570 2385 2625 Christo
2432 2571 2769 2638 temporibus
2809 2569 3050 2635 pristinis
3086 2585 3098 2620 :
3135 2583 3276 2620 nunc
3333 2583 3462 2620 vero

1890 2661 2306 2731 viciniorcsipsi
2355 2660 2478 2715 facti
2512 2663 2664 2725 eStis,
2713 2670 2876 2725 atque
2910 2661 3042 2714 adeo
3079 2662 3126 2712 ei
3171 2661 3466 2728 appropin-

1890 2757 2122 2825 quastis,
2162 2754 2385 2823 perinde
2426 2769 2491 2808 ac
2543 2753 2734 2808 Israel.
2787 2752 2884 2807 Hic
2934 2753 3099 2820 igitur
3144 2752 3305 2820 hujus
3366 2752 3464 2805 ioci

1890 2864 2086 2918 scopus
2133 2859 2236 2903 est.
2293 2848 2678 2902 Animadverte
2730 2856 2908 2900 autem
2950 2861 3110 2914 quam
3171 2845 3304 2897 scite
3355 2844 3470 2897 cir-

1889 2935 2278 2989 cumcisiOnem
2343 2934 2579 3002 dejiciat,
2640 2936 2932 2989 ostendens
2987 2949 3104 2987 eam
3139 2933 3253 2987 solo
3301 2933 3468 2986 verbo

1891 3026 2107 3081 diﬂ'erre
2136 3040 2164 3078 a
2210 3028 2492 3095 praeputio,
2525 3043 2629 3080 non
2676 3041 2863 3094 opere.
2911 3026 3015 3079 Vos
3058 3027 3203 3079 enim
3258 3036 3464 3093 gentes,

1893 3118 2096 3187 inquit,
2142 3117 2195 3168 in
2230 3131 2412 3182 carne,
2450 3133 2553 3169 non
2585 3118 2634 3169 in
2668 3117 2858 3184 spiritu
2899 3134 2910 3168 ι
2953 3116 3042 3183 qui
3077 3116 3342 3181 dicimini,
3370 3117 3464 3168 sed

1891 3225 1996 3263 non
2029 3210 2164 3263 estis
2201 3225 2216 3263 :
2255 3210 2476 3277 perinde
2518 3209 2670 3276 quasi
2719 3210 2900 3271 dicat,
2937 3209 2991 3262 lu
3023 3224 3185 3261 carne
3220 3209 3353 3262 estis
3385 3209 3468 3260 iu-

1888 3299 2135 3364 teriores,
2170 3315 2274 3352 non
2311 3300 2363 3352 in
2396 3301 2608 3367 spiritu.
2656 3298 2721 3352 Et
2769 3315 2955 3352 rursus
3014 3317 3025 3350 :
3069 3318 3086 3349 ι
3119 3299 3198 3350 Ab
3246 3312 3306 3350 ea
3348 3313 3466 3366 qua:

1887 3394 2089 3448 dicitur
2116 3392 2458 3446 circumcisio
2491 3392 2540 3445 in
2577 3407 2762 3455 carne,
2798 3411 2816 3444 ι
2868 3394 3235 3461 praelationem
3279 3401 3334 3445 et
3367 3393 3467 3445 ho-

1889 3499 2073 3538 norem
2106 3484 2355 3548 innuens,
2381 3485 2470 3553 qui
2496 3486 2550 3538 in
2589 3485 2720 3539 solis
2750 3485 2932 3539 verbis
2955 3493 3008 3538 et
3039 3499 3202 3539 carne
3224 3494 3462 3539 constat.

1891 3577 2213 3645 Praepulium
2255 3575 2420 3646 igitur
2460 3590 2565 3629 non
2623 3588 2741 3630 erat
2789 3578 2970 3644 gravis
3003 3593 3066 3630 ac
3107 3578 3465 3630 exsecrabilis

1890 3681 2001 3731 res,
2064 3667 2275 3720 etiamsi
2329 3667 2599 3720 diceretur
2653 3669 2719 3720 ab
2773 3669 2840 3721 iis
2889 3667 2980 3736 qui
3032 3668 3466 3730 circumcisionis

1891 3758 2108 3813 nomine
2152 3759 2350 3812 cristas
2385 3758 2655 3813 tollerent.
2708 3762 2836 3814 Sine
2886 3760 3105 3814 Christo
3156 3773 3284 3814 vero
3318 3773 3464 3820 esse,

1889 3849 2019 3902 illud
2049 3848 2265 3902 demum
2291 3864 2414 3902 vere
2445 3861 2499 3904 et
2527 3864 2691 3918 grave
2724 3861 2779 3904 et
2812 3851 3170 3904 intolerabile.
3197 3849 3463 3914 Quorsum

1891 3941 2055 4010 igitur
2107 3951 2508 3994 monstraturus
2589 3957 2680 3995 eus
2752 3957 2871 3996 esse
2924 3941 3219 4010 participes
3279 3940 3467 4007 gloria:

1891 4028 2279 4094 lsraelitarum,
2331 4030 2650 4099 dignitatem
2700 4029 3067 4084 lsraelitarum
3124 4029 3340 4083 elevat?
3397 4029 3467 4081 At

1893 4117 2080 4187 reputa
2129 4129 2309 4172 tecum
2342 4118 2397 4172 in
2443 4120 2640 4186 quibus
2668 4119 2862 4182 elevet,
2913 4119 2965 4171 in
3005 4118 3166 4170 rebus
3214 4114 3467 4168 videlicet

210 4233 322 4271 non
368 4216 587 4284 perinde
622 4213 964 4268 necessariis.
1033 4210 1150 4266 Non
1186 4212 1328 4265 enim
1370 4225 1459 4265 res
1503 4219 1588 4264 est
1631 4211 1939 4265 necessaria
1995 4210 2360 4275 circumcisio,
2433 4211 2527 4265 sed
2584 4209 2890 4264 indiﬂ‘erens
2931 4223 2994 4262 ac
3043 4209 3244 4262 media.
3283 4206 3340 4261 lu
3375 4219 3465 4259 re-

204 4309 316 4362 bus
341 4320 468 4360 vero
503 4305 828 4359 necessariis
848 4305 1194 4358 vehementer
1213 4317 1309 4357 eos
1329 4302 1549 4364 attollit,
1574 4312 1793 4356 sanctos
1818 4294 2108 4356 nominans
2139 4300 2414 4356 lsraelitas
2446 4313 2606 4371 atque
2629 4303 2960 4356 domesticos
2996 4298 3114 4352 Dei.

292 4419 310 4452 ι
358 4399 887 4470 Ἀπηλλοτριωμένοι
914 4399 1016 4468 τῆς
1045 4397 1320 4460 πολιτείας
1341 4397 1434 4450 τοῦ
1477 4397 1716 4468 Ἰσραήλ.
1759 4417 1777 4450 ι
1816 4404 1862 4464 ο

1960 4395 2129 4452 Vens.
2169 4399 2258 4452 ιε.
2295 4417 2315 4449 ι
2364 4399 2596 4452 Alienati
2626 4415 2653 4450 a
2701 4398 3117 4451 conversatione
3161 4393 3393 4447 lsraelis.
3437 4409 3458 4443 ι

208 4489 332 4544 Οὐκ
346 4484 488 4552 εἶπε,
510 4489 942 4558 Κεχωρισμένοι,
966 4488 1105 4554 ἀλλ’,
1132 4507 1150 4540 ι
1175 4488 1731 4558 ’Δπηλλοτριωμένοιο
1757 4508 1775 4540 ι

211 4580 339 4631 ἐπεὶ
369 4579 462 4630 καὶ
496 4579 543 4628 οἱ
588 4576 916 4646 Ἰσραηλῖται
945 4578 1044 4646 τῆς
1071 4579 1300 4646 νομικῆς
1359 4578 1452 4629 καὶ
1489 4578 1626 4629 κατὰ
1653 4577 1785 4630 Θεὸν

211 4667 491 4728 πολιτείας
532 4663 672 4736 ἦσαν
717 4667 873 4729 ἐκτός
901 4685 914 4699 ο
943 4667 1061 4720 ἀλλ’
1088 4668 1187 4738 οὐχ
1218 4669 1292 4731 ὡς
1336 4667 1631 4737 ἀλλότριοι,
1667 4669 1784 4722 ἀλλ⁹

209 4761 288 4820 ὡς
324 4761 584 4828 ράυυμοι.

288 4869 307 4899 ι
352 4849 461 4902 Καὶ
494 4849 633 4911 ξένοι
656 4851 764 4903 τῶν
793 4849 1068 4920 διαθηκῶν
1099 4854 1197 4922 τῆς
1220 4852 1576 4919 ἐπαγγελίας.
1622 4871 1642 4904 ι
1673 4852 1786 4906 Καὶ

216 4940 379 4993 τοῦτο
410 4942 585 5011 μέγας
611 4942 910 5012 χωρισμός.
939 4944 1053 4996 Οὐκ
1083 4940 1204 4996 εἷπε
1229 4944 1356 5014 γὰρ,
1381 4945 1461 4997 ὅτι
1508 4945 1582 4997 Οὐ
1620 4961 1788 5015 προσ-

215 5039 433 5101 έχοντες
489 5036 609 5096 ταῖς
646 5034 957 5104 διαθήκαις,
1001 5036 1157 5101 ἀλλά,
1191 5036 1372 5106 Πάντη
1410 5056 1429 5088 ι
1466 5037 1628 5102 ξένοι.
1667 5056 1685 5087 ι
1723 5038 1787 5090 Et

214 5124 313 5176 καὶ
363 5125 469 5193 γὰρ
514 5126 563 5177 οί
607 5127 935 5198 Ἰσραηλῖται
980 5129 1236 5194 ἐξέπεσον
1269 5129 1376 5181 τῶν
1423 5129 1785 5197 ἐπαγγελιῶν,

216 5216 332 5268 ἀλλ’
361 5219 459 5288 οὐχ
503 5219 578 5281 ὡς
611 5219 769 5284 ξένοι.
807 5222 961 5284 Τίνες
1003 5223 1057 5274 δὲ
1097 5225 1155 5275 αί
1197 5223 1452 5292 διαθῆκαι
1487 5222 1585 5291 τῆς
1612 5224 1782 5290 ἐπαγ-

216 5307 442 5375 γελίας;
481 5327 499 5361 ι
551 5311 640 5363 Σοὶ
665 5310 822 5365 δώσω
849 5314 943 5366 καὶ
990 5313 1068 5384 τῷ
1115 5313 1392 5384 σπέρματί
1425 5329 1518 5366 σου
1549 5313 1649 5384 τὴν
1680 5315 1785 5382 γῆν

217 5397 451 5468 ταύτην·
492 5417 510 5450 ι
550 5403 642 5453 καὶ
663 5403 761 5454 ὅσα
793 5403 954 5473 ἐτερα
985 5403 1370 5472 ἐπηγγείλατο,
1401 5402 1785 5474 πνευματικῶς

219 5489 436 5554 πάντως
461 5491 745 5560 νοούμενα.

299 5599 480 5654 ‘Gen.
517 5616 604 5665 xv,
647 5602 735 5656 £8.

1888 4489 2054 4560 382
2085 4489 2199 4544 Non
2224 4489 2378 4554 dixit,
2408 4491 2696 4559 segregati,
2731 4489 2848 4551 sed,
2872 4507 2889 4537 ι
2917 4486 3157 4548 alienati,
3185 4502 3202 4534 ι
3227 4483 3465 4548 quando-

1893 4581 2112 4648 quidem
2141 4590 2195 4634 ct
2226 4577 2485 4633 lsraelitm
2519 4591 2669 4632 extra
2705 4580 2928 4647 legalem
2961 4579 3202 4643 adeoque
3229 4576 3462 4628 divinam

1889 4672 2054 4723 vitam
2089 4679 2266 4734 erant,
2296 4671 2388 4724 sed
2423 4685 2528 4725 non
2566 4681 2818 4740 tauquam
2853 4670 3037 4733 alieni,
3071 4670 3163 4722 sed
3209 4677 3462 4736 tanquam

1890 4763 2172 4816 socordes.

1968 4873 1988 4906 ι
2029 4856 2094 4908 Ει
2119 4855 2363 4923 hospites
2394 4862 2836 4909 testamentorum
2862 4852 3256 4923 promissionis.
3292 4868 3309 4900 ι
3337 4849 3462 4903 [hnc

1889 4948 2052 5002 etiam
2090 4961 2280 5015 magna
2305 4947 2573 5016 separatio
2609 4956 2710 5001 est.
2746 4947 2863 5001 Non
2893 4949 3034 5000 enim
3059 4945 3210 5004 dixit,
3240 4941 3354 4995 Non
3380 4951 3462 4994 at-

1892 5038 2170 5092 tendentes
2208 5039 2563 5102 testamentis,
2590 5040 2682 5093 sed
2709 5040 2949 5099 omnino,
2977 5055 2994 5088 ι
3023 5036 3278 5104 hospites.
3305 5052 3323 5084 ι
3347 5031 3458 5085 Etsi

1890 5131 2033 5182 enim
2063 5127 2322 5184 Israelita:
2352 5130 2671 5184 exciderunt
2700 5144 2730 5182 a
2771 5128 3244 5199 promissionibus,
3278 5134 3458 5176 tamen

1888 5236 1995 5275 non
2047 5231 2104 5274 ut
2134 5221 2372 5288 hospites
2420 5231 2473 5275 et
2517 5221 2704 5274 alieni.
2738 5225 2803 5273 At
2841 5235 3088 5289 quamam
3131 5224 3259 5270 sunt
3287 5224 3460 5267 testa-

1894 5323 2072 5366 menta
2138 5315 2556 5382 promissionis?
2597 5335 2614 5367 ι
2653 5313 2773 5368 Tibi
2826 5313 2966 5368 dabo
3022 5324 3075 5367 et
3118 5314 3309 5368 semini
3365 5323 3458 5364 tuo

1895 5418 2093 5460 terram
2133 5407 2272 5461 hanc
2315 5408 2359 5474 ί,
2403 5427 2420 5460 ι
2449 5417 2501 5462 ει
2532 5421 2861 5478 quacunque
2896 5407 2999 5463 alia
3040 5406 3304 5477 promisit,
3347 5403 3456 5474 spi-

1897 5499 2164 5553 ritualiter
2198 5501 2488 5556 intellecta.

1524 5724 1720 5786 Variae
1744 5725 2072 5790 lectiones.

290 5846 356 5878 ⁶⁸⁰
383 5845 466 5898 Ia.
509 5843 629 5896 Ἐπὶ
657 5841 837 5912 ἔργοις
862 5845 1105 5915 ἀγαθοις,
1141 5847 1239 5917 οὔχ
1269 5849 1349 5902 ἐνὶ
1378 5849 1544 5918 ἔργῳ.
1621 5850 1665 5883 ⁸³
1711 5851 1809 5919 τῆς
1853 5853 2074 5924 πρώτης
2107 5854 2466 5924 δημιουργίας
2516 5868 2587 5907 m.

2667 5855 2713 5887 ”
2744 5853 2878 5908 Θεοῦ
2912 5868 2964 5908 0.
