4226 6440
247 380 381 446 1077

1023 380 1432 443 EXPOSITIO
1473 381 1552 440 IN
1595 380 1834 439 EPIST.
1870 380 1971 439 AD
2013 381 2278 442 EPIIES.
2320 407 2389 418 -
2430 387 2586 449 CAP.
2624 389 2738 449 III.

3372 391 3504 458 1078

241 493 448 559 γνῶναι
478 492 574 563 τὴν
605 492 826 561 ἀγάπην
847 491 938 543 τοῦ
973 493 1209 562 Χριστοῦ
1236 492 1332 562 τὴν
1367 492 1744 562 ὑπερέχουσαν
1771 490 1812 519 δ’
1849 490 1897 550 Α
1925 506 1980 543 sc

1925 506 2076 545 scere
2105 494 2420 547 charitatem
2449 495 2672 562 Christi,
2711 500 3119 556 antecellentem
3151 503 3300 557 omni
3327 507 3505 558 scien-

243 586 426 654 πὰσης
449 584 722 652 γνώσεως.
763 585 911 636 Ἐπεὶ
936 585 1027 638 οῦν
1052 585 1308 654 ὑπερέχει
1338 585 1518 652 πάσης
1542 584 1817 650 γνώσεως,

244 675 362 734 πῶς
406 677 731 746 γιωσόμεθα
767 678 959 746 ἡμεῖς;
999 677 1220 746 Πρῶτον
1273 677 1372 744 μὲν
1420 673 1511 729 οῦν
1568 673 1820 741 γνώσεως

242 766 536 835 ὑπερέχειν
569 767 773 836 ταύτην
806 765 979 830 εἶπεν,
1011 767 1359 837 ἀνθρωπίνης
1390 766 1588 834 δηλαδή
1616 781 1627 793 ·
1664 765 1821 832 ὑμεῖς

239 859 294 908 δὲ
337 859 397 910 οὐ
429 858 496 909 δι’
529 859 873 928 ἀνθρωπίνης
903 859 1332 925 γνώσεως,ἀλλὰ
1371 859 1458 910 διὰ
1506 857 1822 925 Πνεύματος

241 949 615 1016 ἐπιγνώσεσθε
647 950 868 1018 ταύτην,
910 952 1159 1012 Ἔπειτα,
1189 952 1310 1003 οὐδὲ
1342 949 1498 1002 τοῦτο
1530 947 1708 1008 εἶπεν,
1739 948 1821 999 ὅτι

242 1040 522 1094 Γνώσεσθε
568 1044 739 1111 αὑτὴν
788 1044 928 1112 πόση
969 1043 1051 1105 τίς
1086 1044 1256 1107 ἐστιν,
1300 1043 1414 1095 ἀλλ’
1449 1043 1580 1095 αὑτὸ
1625 1041 1818 1104 τοῦτο,

239 1136 321 1186 ὅτι
357 1135 566 1204 μεγάλη
605 1136 740 1200 ἐστὶ,
782 1137 872 1186 καὶ
903 1137 984 1187 ὃτι
1016 1135 1274 1203 ὑπερέχει
1320 1135 1504 1201 πάσης
1543 1133 1818 1200 γνώσεως.

239 1226 411 1278 Τοῦτο
439 1228 627 1295 δέομαι
655 1228 798 1295 ὑμᾶς
830 1228 980 1296 παρὰ
1003 1228 1094 1279 τοῦ
1129 1226 1440 1296 [Ινεὺματος
1469 1226 1681 1295 μαθεῖν.
1713 1226 1822 1278 Καὶ

237 1318 324 1381 τίς
352 1318 529 1380 τοῦτο,
568 1321 754 1389 φησιν,
798 1322 1009 1387 ἁγνοεῖ;
1062 1321 1300 1383 Πάντες,
1356 1323 1448 1373 καὶ
1483 1322 1529 1372 οἱ
1577 1320 1710 1388 πρὸς
1755 1318 1822 1370 τὰ

241 1413 368 1464 καθ’
399 1414 635 1481 ἑκάστην
667 1416 928 1483 γινῦμενα
959 1415 1421 1483 δυσχεραίνοντες,
1466 1415 1558 1465 καὶ
1598 1415 1645 1464 οἱ
1689 1430 1822 1482 προ·

239 1506 510 1572 τιμῶντες
550 1506 638 1558 τὸν
668 1508 994 1576 Μαμμωνᾶν
1022 1507 1114 1559 τοῦ
1146 1506 1279 1558 Θεοῦ
1300 1523 1310 1534 ·
1339 1507 1412 1568 ῶς
1441 1507 1492 1556 εί
1520 1522 1582 1572 γε
1613 1505 1820 1572 ταύτην

239 1596 634 1664 ἐγινώσκομεν,
668 1598 767 1649 οὑκ
802 1598 866 1649 ἂν
901 1597 1024 1649 οὔτε
1061 1599 1157 1666 τῆς
1185 1597 1445 1666 Προνοίας
1483 1595 1820 1663 κατεγογγὺ-

238 1685 427 1752 ξομεν,
459 1684 582 1737 οὔτε
604 1689 716 1747 τοῖς
745 1686 976 1755 παροῦσι
1011 1687 1392 1756 προσείχομεν,
1420 1687 1752 1741 ἀποστάντες
1775 1684 1818 1714 δ’

239 1777 398 1837 Θεοῦ,
437 1775 530 1828 τοῦ
563 1776 736 1839 οὑτως
768 1778 916 1846 ἡμᾶς
953 1779 1361 1847 ἀγαπήσαντος.
1404 1777 1546 1847 Ὅροι
1582 1777 1658 1839 δὲ,
1705 1777 1751 1827 εἰ
1787 1777 1818 1844 ἡ

240 1869 434 1936 ἀγάπη
470 1869 726 1936 ὑπερέχει
779 1871 961 1938 πάσης
1005 1869 1294 1934 γνώσεως,

239 1961 434 2023 οὐσία;

1348 1870 1496 1936 πόσῳ
1550 1868 1749 1935 μᾶλλον
1788 1869 1820 1936 ἠ

320 2159 337 2190 ι
374 2141 492 2192 Ἵνα
515 2141 839 2211 πληρωθῆτε
867 2143 942 2202 εἰς
973 2143 1079 2193 πᾶν
1104 2141 1163 2192 τὸ
1191 2141 1465 2211 πλήρωμα
1492 2140 1584 2192 τοῦ
1610 2139 1768 2192 Θεοῦ.
1801 2159 1816 2189 ι

241 2234 419 2302 Διχῶς
469 2234 625 2289 τοῦτό
677 2250 820 2292 τινες
875 2234 1137 2302 ἔνδησανο
1183 2233 1214 2302 ἦ
1269 2234 1397 2302 γὰρ,
1443 2235 1562 2285 Ἵνα
1612 2233 1824 2300 γνῶτε,

243 2327 432 2395 φησὶν,
483 2329 564 2378 ὅτι
614 2328 670 2377 ἐν
719 2327 892 2395 llatth
942 2328 1035 2377 καὶ
1073 2325 1185 2395 Υξῴ
1235 2327 1331 2378 καὶ
1369 2327 1648 2394 Πνεὺματι
1686 2326 1826 2394 ἁγίῳ

243 2421 640 2487 προσκυνεῖται
674 2419 804 2488 ἡμῖν
841 2418 866 2467 6
895 2417 1027 2480 Θεός
1053 2435 1065 2447 ·
1103 2416 1262 2468 τοῦτο
1293 2417 1399 2486 γὰρ
1434 2417 1707 2486 πλήρωμα
1732 2417 1824 2468 τοῦ

242 2509 415 2572 Θεοῦ,
450 2512 481 2580 ἡ
516 2510 718 2579 Τριὰς⁶
753 2509 809 2578 ἢ,
849 2509 993 2571 Ἰνα,
1038 2511 1224 2578 φησιν,
1260 2506 1356 2579 ἦτε
1405 2510 1827 2578 πεπληρωμένοι

245 2601 430 2668 πάσης
456 2602 678 2671 ἀρετῆς,
703 2595 768 2672 ἦς
803 2600 1016 2670 πλήρης
1047 2602 1072 2652 6
1104 2600 1256 2664 Θεὸς.
1289 2603 1554 2670 Κρεῖττον
1585 2601 1641 2652 δὲ
1673 2597 1826 2670 οἶμαι

243 2694 484 2745 νοεῖσθαι
525 2693 726 2756 οῦτωςο
772 2695 888 2746 Ἵνα
925 2691 1021 2765 ἦτε
1063 2694 1255 2747 τέλειοι
1292 2697 1350 2746 ὲν
1391 2697 1537 2764 πάσῃ
1580 2697 1642 2763 τῇ
1686 2699 1826 2749 κατά

243 2784 381 2836 Θεὸν
432 2785 752 2856 τελειότητι,
798 2785 974 2839 πάντα
1028 2785 1392 2853 γινώσκοντες
1440 2788 1506 2839 τὰ
1560 2786 1710 2849 03h,
1754 2789 1828 2849 ὡς

245 2879 449 2932 ἔνεστι.

326 2992 343 3022 ‹
385 2973 474 3042 Τῷ
497 2973 551 3026 δὲ
580 2973 865 3042 δυναμένῳ
896 2973 1036 3044 ὑπὲρ
1063 2975 1241 3026 πάντα
1274 2976 1493 3046 ποιῆσαι
1522 2976 1830 3045 ὑπερεκπε-

252 3064 444 3135 ρισσοῦ
478 3059 550 3117 ὧν
587 3066 885 3134 αἰτούμεθα
917 3067 948 3124 ἢ
989 3067 1236 3136 νοοῦμεν,
1271 3070 1412 3120 κατὰ
1452 3069 1550 3137 τὴν
1598 3069 1828 3138 δύναμιν

1929 583 2032 634 ιίίρ.
2070 584 2334 646 Quoniam
2379 601 2508 639 vero
2541 588 2686 641 omni
2733 591 2971 645 scientire
3019 594 3314 659 antecellit,
3363 611 3502 663 quo-

1929 675 2085 727 modo
2115 690 2211 728 nos
2252 679 2676 742 cognoscemus?
2711 681 2944 736 Primum
2969 685 3183 752 quidem
3217 686 3344 738 dicit
3368 687 3506 740 hanc

1927 766 2251 820 anteet-[lere
2281 768 2542 832 scientiae,
2576 772 2832 824 nimirum
2867 773 3116 828 humana:
3145 793 3157 827 :
3186 775 3292 829 Vos
3326 786 3503 828 autem

1928 873 2030 910 non
2058 873 2152 925 per
2183 859 2470 913 humanam
2496 865 2711 930 quidem
2738 866 3045 930 scientiam,
3073 869 3162 921 sed
3194 883 3288 937 per
3324 870 3503 938 Spiri-

1927 960 2039 1003 tum
2076 952 2412 1018 coguoscetis
2441 951 2598 1006 hanc.
2660 954 2882 1018 Deinde,
2917 971 3020 1009 non
3049 957 3149 1010 hoc
3199 958 3351 1020 dixit,
3401 957 3506 1011 Co-

1925 1045 2191 1110 gnoscetis
2220 1059 2364 1109 eam,
2398 1056 2594 1112 quanta
2628 1046 2696 1099 sit
2737 1064 2751 1100 :
2812 1049 2902 1102 sed
2955 1049 3058 1103 hoc
3122 1049 3334 1118 ipsum,’
3364 1051 3506 1117 quod

1927 1151 2113 1203 magna
2144 1137 2236 1201 sit,
2268 1147 2320 1192 et
2358 1138 2501 1206 quod
2546 1149 2834 1208 exsuperet
2881 1156 3094 1194 omnem
3140 1141 3418 1195 scientiam
3456 1152 3510 1194 et

1925 1225 2308 1293 cognitionem.
2343 1227 2457 1281 Hoc
2486 1243 2695 1297 precor,
2731 1231 2925 1295 inquit,
2984 1240 3042 1284 ut
3073 1246 3167 1286 vos
3217 1247 3245 1285 a
3305 1233 3506 1300 Spiritu

1925 1316 2166 1370 discatis.
2191 1317 2322 1383 Quis
2357 1330 2560 1382 autem,
2596 1321 2790 1389 inquit,
2824 1321 2963 1374 istud
2996 1323 3212 1380 nescit?
3263 1320 3464 1377 Omnes
3493 1341 3508 1377 :

1924 1408 2080 1477 etqui
2113 1424 2256 1477 πιςτο
2307 1410 2489 1464 animo
2535 1412 2801 1481 accipiunt
2829 1428 2946 1481 quae
2995 1414 3047 1466 in
3103 1414 3339 1483 singulos
3396 1415 3510 1469 dies

1928 1500 2080 1566 ﬁunt,
2112 1509 2165 1556 et
2202 1503 2292 1571 qui
2330 1519 2688 1557 mammonam
2734 1507 2842 1559 Deo
2899 1505 3211 1576 pra-ferunt.
3269 1506 3402 1560 Nam
3464 1508 3509 1560 si

1926 1594 2062 1646 hanc
2094 1609 2566 1662 cognosceremus,
2598 1597 3006 1666 haudquaquam
3067 1600 3324 1654 adversus
3376 1601 3511 1653 Pro-

1926 1686 2213 1739 tidentiam
2244 1702 2727 1752 murmuraremus,
2765 1704 2937 1757 neque
2969 1691 3126 1758 rebus
3149 1691 3509 1757 praesentibus

1926 1780 2162 1833 animum
2212 1780 2606 1842 addiceremus,
2659 1796 2686 1833 a
2749 1781 2858 1835 Deo
2914 1781 3226 1836 deﬁcientes
3281 1783 3369 1850 qui
3431 1783 3512 1837 sic

1860 1866 1897 1918 Β
1930 1870 2088 1940 392
2121 1887 2217 1925 nos
2244 1872 2450 1926 dilexit.
2480 1870 2718 1926 Observa
2749 1883 2950 1937 autem,
3007 1873 3052 1926 si
3109 1873 3344 1928 charitas
3392 1874 3511 1943 ejus

1930 1965 2149 2018 excellit
2203 1979 2415 2017 omnem
2469 1963 2854 2032 cognitionem,
2908 1975 3109 2033 quanto
3174 1965 3345 2034 magis
3392 1965 3509 2034 ipsa

1928 2054 2199 2108 essentia?

2006 2170 2023 2201 ‹
2063 2147 2131 2203 Ut
2173 2149 2495 2217 impleamini
2525 2149 2576 2202 in
2621 2164 2835 2202 omnem
2891 2150 3280 2218 plenitudinem
3325 2151 3439 2207 Dei.
3488 2171 3504 2202 ι

1932 2240 2182 2293 Bilariatn
2212 2239 2451 2292 nonnulli
2490 2240 2591 2292 hoc
2621 2239 3024 2295 intellexerunt.
3072 2241 3137 2297 Ut
3165 2242 3369 2305 sciatis,
3429 2242 3513 2295 in-

1931 2333 2068 2402 quit,
2109 2333 2186 2386 vel
2219 2333 2361 2399 quod
2398 2331 2450 2383 in
2506 2329 2665 2384 Patre
2690 2341 2744 2385 et
2785 2330 2918 2388 Filio
2970 2343 3024 2387 et
3068 2333 3271 2402 Spiritu
3323 2343 3514 2389 sancto

1931 2423 2183 2474 adoretur
2211 2421 2363 2474 nobis
2389 2421 2560 2483 Deus;
2592 2422 2705 2474 haec
2734 2421 2877 2474 enim
2927 2422 3202 2490 plenitudo
3261 2423 3354 2476 Dei
3397 2433 3511 2486 est,

1933 2529 2123 2582 nempe
2146 2513 2384 2566 Trinitas
2415 2529 2427 2565 :
2456 2513 2563 2574 vel,
2594 2510 2664 2564 Ut
2697 2512 2818 2604 sijtis
2867 2514 3097 2582 impleti,
3130 2516 3322 2580 inquit,
3366 2513 3514 2569 onmi

1934 2608 2126 2659 virtute
2161 2622 2261 2674 qua
2291 2605 2479 2674 plenus
2512 2615 2596 2659 est
2633 2606 2793 2659 Deus.
2832 2605 3050 2660 Rectius
3095 2618 3272 2661 autem
3324 2609 3518 2677 opinor

1933 2698 2008 2750 sic
2051 2697 2302 2763 intelligi,
2330 2697 2396 2750 Ut
2428 2699 2547 2752 sitis
2580 2698 2804 2768 perfecti
2843 2700 2896 2753 in
2932 2701 3074 2753 ontui
3113 2701 3292 2754 divina
3344 2702 3520 2769 perfe-

1932 2792 2130 2854 Cilone,
2163 2791 2342 2845 omnia
2372 2786 2562 2846 divina’
2581 2773 2990 2862 cognoscentes,
3034 2803 3296 2862 quatenus
3323 2795 3470 2850 licet.

2006 2973 2164 3027 Vens.
2203 2973 2293 3038 20,
2320 2973 2406 3026 2|.
2446 2993 2463 3024 ι
2533 2972 2592 3026 Ei
2622 2984 2801 3028 autem
2835 2973 2925 3042 qui
2963 2983 3138 3041 potest
3173 2988 3337 3041 super
3397 2989 3518 3026 ont-

1935 3067 2020 3119 nia
2051 3069 2226 3119 facere
2265 3082 2328 3120 ex
2357 3065 2651 3119 abundanti
2684 3080 2847 3134 super
2868 3081 2931 3119 ea
2971 3080 3089 3134 qua;
3136 3067 3367 3134 petimus
3423 3076 3518 3119 aut

247 3165 351 3228 τὴν
382 3160 786 3230 ἐνεργουμένην
820 3161 878 3211 ὲν
914 3161 1066 3228 ἡμῖν.
1100 3158 1257 3226 Αὐτῷ
1288 3162 1319 3229 ἡ
1356 3160 1481 3224 δόξα
1512 3162 1569 3212 ἐν
1608 3163 1671 3226 τῇ
1707 3161 1803 3210 Ἐκ
1859 3200 1904 3259 C
1938 3160 1983 3211 in

1938 3159 2301 3228 intelligimus,
2329 3160 2621 3213 secundum
2651 3159 2946 3228 potentiam
2992 3175 3113 3227 quae
3163 3169 3420 3228 operatur
3464 3161 3515 3211 in

252 3254 456 3324 κλησίᾳ
497 3255 555 3304 ὲν
585 3252 810 3322 Χριστῷ
841 3252 1039 3322 Ἰησοῦ,
1067 3254 1144 3314 εἰς
1173 3252 1350 3312 πάσας
1377 3253 1474 3313 τὰς
1507 3252 1700 3316 γενεὰς
1733 3252 1827 3304 τοῦ

250 3345 451 3408 αἰῶνος
488 3345 596 3397 τῶν
638 3337 871 3398 αἰώνων.
941 3345 1136 3414 Ἀμήν.
1196 3364 1212 3394 ι
1258 3343 1401 3412 Ἐγὼ
1461 3345 1579 3413 μὲν,
1636 3346 1827 3413 φησὶν,

249 3437 522 3508 εὔχομαι·
577 3437 740 3500 αὐτὸς
785 3437 841 3489 δὲ
892 3436 986 3488 καὶ
1036 3436 1143 3488 τῶν
1192 3436 1342 3503 ἐμῶν
1395 3436 1566 3506 εὐχῶν
1608 3436 1830 3504 μείζονα

252 3532 571 3599 ἐργάσεται.
608 3531 843 3583 Δύναται
877 3530 986 3600 γὰρ
1024 3530 1083 3581 οὺ
1131 3531 1290 3600 μόνον
1343 3528 1521 3582 πάντα
1552 3529 1587 3581 ἃ
1614 3529 1832 3597 εὖχεταί

250 3642 359 3687 τις,
388 3625 520 3678 ἀλλὰ
547 3626 640 3678 καὶ
682 3644 698 3672 ι
743 3625 883 3696 ὑπὲρ
917 3625 1094 3676 πάντα
1139 3643 1156 3674 ι
1187 3623 1433 3692 ποιῆσαι,
1470 3624 1564 3675 καὶ
1604 3643 1620 3672 ι
1659 3625 1832 3692 ὑπερ-

251 3717 608 3785 εκπερισσοῦ,
649 3737 666 3767 ι
698 3711 970 3780 mrem,
1014 3714 1317 3785 φιλοτίμως
1378 3715 1471 3767 καὶ
1501 3714 1737 3783 δαψιλῶς
1760 3715 1828 3769 ⁸³-

252 3809 363 3862 Δὺο
396 3809 450 3861 δὲ
478 3809 782 3879 ὑπερϐολὰς
819 3808 1021 3876 τίθησι,
1056 3809 1134 3871 τὸ,
1171 3826 1189 3858 ι
1245 3807 1413 3879 ’Υπὲρ
1449 3807 1646 3868 πάντα,
1688 3828 1703 3858 ι
1737 3809 1832 3860 καὶ

253 3902 338 3966 τὸ,
394 3919 412 3952 ‹
469 3901 997 3971 ’Υπερεκπερισσοῦ.
1058 3919 1076 3950 ι
1131 3901 1250 3953 Ἐνι
1293 3901 1403 3972 γὰρ
1457 3902 1550 3952 καὶ
1609 3901 1832 3954 πλείονα

254 3997 433 4049 ποιεῖν
463 3995 574 4047 τῶν
608 3995 960 4063 αἰτηθέντων,
997 3992 1072 4063 μὴ
1119 3994 1299 4063 μέντοι
1330 3994 1831 4064 ὑπερεκπερισσοῦ,

257 4088 290 4139 ὂ
322 4089 438 4138 ἐστι
483 4085 722 4153 δαψιλῶς
765 4087 861 4137 καὶ
913 4085 1050 4154 μετὰ
1102 4084 1449 4152 φιλοτιμίας·
1493 4085 1608 4137 ἀλλ’
1643 4087 1671 4137 6
1703 4086 1834 4149 Θεὸς

256 4179 548 4247 ἀμφότερα
598 4177 857 4228 δύναται·
894 4176 1084 4244 ὥσπερ
1132 4171 1224 4228 οὖν
1271 4177 1364 4229 καὶ
1416 4177 1516 4245 ἥδη
1556 4178 1832 4247 ἠδυνήθη,

256 4273 354 4327 καὶ
389 4271 694 4340 ἐνήργησεν
722 4271 780 4322 ὲν
829 4271 959 4338 ἡμῖν
996 4268 1210 4337 μεγάλα
1243 4269 1337 4320 καῖ
1374 4269 1610 4332 ἐξαίσια,
1657 4271 1834 4322 υἱοθε-

253 4364 429 4432 τήσας
478 4365 603 4423 τοὺς
639 4361 866 4430 ἐχθροὺς
909 4359 1075 4412 αὑτοῦ
1124 4360 1392 4422 ὲθνικούς.
1436 4362 1597 4413 Ὥστε
1632 4362 1696 4413 ὲκ
1727 4363 1836 4414 τῶν

254 4458 360 4524 ἤδη
398 4457 523 4524 περὶ
564 4455 712 4522 ἡμᾶς
760 4451 1186 4522 ὲνεργηθέντων,
1224 4452 1381 4520 δῆλον
1431 4455 1526 4504 καὶ
1577 4452 1604 4505 ὃ
1661 4449 1831 4507 εἷπον.

1939 3253 2109 3306 nobis.
2168 3253 2264 3320 Ipsi
2294 3252 2461 3320 gloria
2493 3253 2544 3305 in
2592 3251 2829 3334 Ecclesia
2885 3252 2938 3304 in
2993 3251 3213 3306 Christo
3260 3253 3410 3315 Jesu,
3463 3253 3515 3304 in

1935 3358 2123 3395 omnes
2145 3342 2520 3411 generationes
2548 3343 2724 3396 saeculi
2757 3343 3097 3397 sazculorum.
3132 3346 3324 3399 Amen.
3357 3363 3375 3394 ι
3405 3341 3516 3414 Ego

1936 3435 2145 3502 quidem
2185 3449 2393 3502 precor,
2427 3434 2617 3502 inquit,
2649 3435 2763 3502 ipse
2817 3442 2994 3488 autem
3022 3444 3076 3489 et
3123 3435 3259 3488 meis
3314 3435 3518 3488 oratio-

1938 3527 2091 3579 nibus
2122 3527 2322 3593 majora
2363 3526 2581 3579 clIiciet.
2612 3524 2795 3579 Potest
2851 3526 2992 3579 enim
3047 3541 3151 3578 non
3190 3525 3360 3578 solum
3403 3541 3518 3578 om-

1938 3620 2021 3672 nia
2050 3635 2168 3686 qua:
2199 3620 2479 3686 quisquam
2509 3627 2652 3683 orat,
2697 3619 2789 3672 sed
2816 3632 2976 3687 super
2998 3618 3178 3672 omnia
3222 3619 3421 3681 facere,
3467 3628 3520 3672 et

1943 3731 1959 3762 ι
2003 3728 2161 3780 supra
2195 3727 2257 3765 ex
2289 3712 2604 3777 abundanti,
2646 3731 2664 3764 ι
2706 3712 2806 3766 hoc
2845 3719 2948 3776 est,
2982 3711 3260 3779 splendide
3299 3720 3354 3763 et
3408 3709 3515 3764 lar-

1935 3806 2092 3874 giter.
2134 3805 2274 3858 Duos
2305 3813 2482 3858 autem
2513 3803 2602 3858 hic
2631 3818 2889 3858 excessus
2946 3804 3117 3870 ponit,
3155 3821 3172 3854 ι
3209 3801 3382 3871 Super
3401 3816 3516 3855 om-

1937 3898 2046 3958 nia,
2083 3915 2100 3947 ι
2142 3907 2195 3949 et
2231 3915 2248 3946 ι
2272 3895 2441 3964 Supra
2479 3911 2541 3948 ex
2580 3896 2892 3949 abundanti.
2937 3915 2953 3947 ι
2989 3895 3142 3948 Licet
3179 3895 3323 3948 enim
3370 3894 3518 3961 plura

1939 3991 2135 4053 facere,
2168 4005 2325 4057 quam
2363 4004 2480 4057 quae
2526 3997 2800 4056 petuntur,
2848 4002 2951 4040 non
2996 3997 3174 4038 tamen
3205 4000 3270 4039 ex
3303 3999 3520 4052 supera-

1936 4081 2192 4136 bundanti
2248 4079 2600 4143 excellentia,
2656 4079 2798 4147 quod
2859 4087 2942 4132 est
3005 4077 3244 4146 largiter,
3291 4086 3345 4129 et
3394 4089 3516 4129 cum

1938 4169 2256 4224 liberalitate
2289 4187 2302 4221 :
2340 4181 2524 4220 verum
2555 4167 2696 4220 Deus
2735 4176 2962 4235 utraque
3017 4173 3216 4232 potest,
3261 4165 3518 4230 quemad-

1939 4262 2151 4315 modum
2190 4267 2243 4314 et
2266 4260 2375 4328 jam
2408 4272 2551 4312 nunc
2586 4258 2777 4325 potuit,
2807 4267 2859 4310 et
2884 4265 3137 4325 operatus
3158 4263 3240 4308 est
3273 4255 3326 4309 iu
3358 4254 3515 4308 nobis

1943 4368 2130 4423 magna
2164 4362 2216 4406 et
2247 4351 2462 4414 eximia,
2497 4349 2680 4404 hostes
2703 4363 2859 4411 suos,‘
2883 4357 3094 4417 gentes,
3125 4348 3176 4400 in
3210 4347 3348 4401 lilios
3388 4348 3519 4401 ado-

1910 4457 2119 4514 _ptans.
2151 4443 2383 4497 Proinde
2430 4441 2586 4497 exiis
2637 4455 2755 4506 quae
2797 4439 2907 4508 jam
2960 4438 3103 4493 circa
3160 4453 3257 4492 nos
3302 4445 3518 4507 peracta

255 4548 500 4604 Εἰκότως
548 4546 604 4597 δὲ
656 4546 733 4605 είς
782 4543 1093 4612 δοξολογίαν
1149 4544 1464 4596 κατακλείει
1514 4543 1606 4595 τὸν
1659 4545 1836 4611 λόγον,
1873 4542 1916 4594 Ι)
1946 4555 1983 4591 SI

1913 4547 2067 4591 isunt
2098 4535 2437 4602 perspicuum
2489 4544 2570 4587 est
2619 4533 2760 4601 quod
2806 4531 2940 4585 dixi.
2991 4530 3183 4585 Merito
3230 4540 3410 4583 autem
3464 4530 3516 4582 in

254 4642 497 4706 δνξάξων
527 4641 617 4692 τὸν
651 4639 948 4710 εὐεργέτην
969 4657 982 4670 ⁸
1015 4641 1131 4708 ἅμα
1161 4640 1217 4691 δὲ
1248 4638 1333 4690 ἵνα
1366 4640 1458 4690 καὶ
1489 4639 1660 4709 ταύτῃ
1692 4640 1838 4709 δείξῃ

253 4741 318 4788 το
355 4734 579 4804 μέγεθος
610 4732 716 4784 τῶν
752 4733 1060 4801 γενομένων
1100 4733 1250 4801 ἡμῖν.
1300 4732 1413 4784 Οὐκ
1446 4731 1511 4784 ἂν
1538 4733 1646 4800 γὰρ
1679 4733 1840 4784 ἐθαυ-

260 4832 487 4900 μάζετο,
514 4832 561 4881 εἰ
596 4828 668 4898 μὴ
699 4827 1000 4898 τηλικαῦτα
1023 4827 1273 4890 δέδωκεν,
1309 4826 1471 4897 ήλίκα
1493 4827 1633 4888 “ei;
1658 4827 1842 4895 θαῦμα

258 4927 357 4977 καὶ
396 4924 552 4989 δόξαν
601 4924 792 4974 κινεῖν.
841 4921 954 4990 Οὑχ
995 4919 1178 4980 ἁπλῶς
1213 4919 1267 4971 δέ
1311 4937 1504 4988 φησιν·
1553 4937 1570 4969 ι
1609 4918 1765 4985 Αὑτῷ
1809 4921 1840 4988 ὴ

256 5019 412 5082 δῦξα.
459 5035 475 5066 ι
512 5015 645 5067 ἀλλὰ
679 5016 794 5074 καὶ,
837 5031 855 5064 ‹
903 5013 1000 5064 Διὰ
1028 5009 1204 5080 Ἰησοῦ
1242 5008 1500 5082 Χριστοῦ.
1542 5030 1562 5061 ν
1605 5011 1693 5079 Τῷ
1731 5010 1844 5062 ὄντι

261 5113 376 5178 γὰρ
411 5109 585 5169 οὐδεὶς
627 5107 852 5160 δύναται
886 5105 1008 5158 οὐδὲ
1048 5105 1292 5169 δοξάσαι,
1326 5105 1374 5155 εί
1420 5105 1493 5172 μὴ
1546 5105 1602 5155 ἐν
1635 5107 1700 5171 τῇ
1746 5102 1840 5154 τοῦ

263 5201 506 5271 Χριστοῦ
537 5202 722 5272 χάριτι
760 5201 852 5252 καὶ
879 5199 1126 5268 δυνάμει.
1162 5199 1332 5259 Αὐτὸς
1369 5197 1474 5265 γάρ
1512 5198 1660 5248 ἐστιν
1692 5198 1719 5248 6
1754 5198 1845 5249 καὶ

266 5296 406 5364 πρὸς
439 5294 746 5360 δοξολογίαν
794 5293 942 5362 ἡμᾶς
983 5290 1243 5361 χαριτῶν,
1279 5289 1375 5341 καὶ
1417 5287 1688 5340 διδάσκων
1731 5287 1848 5349 πῶς

264 5390 353 5440 δεῖ
384 5387 540 5437 τοῦτο
580 5388 773 5440 ποιεῖν,
815 5402 832 5436 t
883 5386 973 5438 Ἐν
1020 5385 1084 5451 τῇ
1152 5380 1450 5450 Ἐκκλησία
1500 5379 1556 5431 δὲ
1598 5380 1636 5447 ἡ
1664 5379 1790 5441 δόξα
1827 5397 1843 5428 ι

266 5479 368 5533 τοῦ
403 5477 561 5540 Θεοῦ,
603 5479 817 5539 καλῶς·
870 5475 1008 5543 αῦτη
1056 5475 1163 5542 γὰρ
1214 5474 1363 5540 μένει
1419 5469 1716 5541 διηνεκῶς,
1757 5469 1849 5522 καὶ

1952 4628 2041 4682 Dei
2077 4630 2231 4682 laude
2267 4641 2569 4682 sermonem
2626 4625 2920 4689 concludit,
2967 4623 3317 4693 gloriﬁcando
3361 4623 3523 4676 bene-

1952 4723 2206 4776 factorem
2240 4739 2252 4775 :
2290 4731 2343 4775 et
2378 4719 2534 4774 simul
2571 4728 2626 4771 ut
2654 4720 2752 4773 hac
2779 4719 2984 4772 ratione
3011 4717 3260 4771 ostendat
3315 4715 3523 4780 magni-

1955 4816 2186 4868 tudinem
2227 4828 2408 4867 eorum
2439 4828 2556 4880 qua:
2615 4812 2766 4864 nobis
2819 4811 3142 4879 obtigerunt.
3205 4807 3318 4860 Non
3381 4807 3523 4860 enim

1956 4907 2334 4966 admiraretur,
2370 4903 2468 4957 nisi
2512 4911 2653 4956 tanta
2692 4901 2943 4961 dedisset,
2991 4909 3190 4967 quanta
3245 4897 3310 4951 ad
3352 4895 3522 4950 admi-

1953 4999 2215 5053 rationem
2248 5007 2302 5049 et
2336 4995 2558 5066 gloriam
2595 4993 2969 5047 concitandam
3005 4993 3135 5044 satis
3160 4998 3361 5043 essent.
3393 4987 3523 5055 ,Non

1955 5089 2267 5160 simpliciter
2300 5096 2475 5141 autem
2520 5086 2673 5148 dixit,
2718 5103 2735 5135 ι
2778 5083 2879 5152 1ρεί
2908 5082 3096 5151 gloria,
3146 5101 3163 5132 ι
3203 5081 3296 5135 sed
3338 5080 3525 5141 etiam,

1961 5203 1977 5234 ‹
2013 5183 2115 5237 Per
2154 5181 2330 5234 lesum
2361 5180 2658 5238 Christum,
2698 5194 2714 5226 ι
2753 5175 2958 5228 Revera
2991 5173 3133 5228 enim
3165 5187 3322 5227 nemo
3351 5179 3524 5240 potest

1959 5293 2028 5330 ne
2059 5275 2356 5344 gloriﬁcare
2382 5269 2620 5341 quidem,
2657 5268 2756 5323 nisi
2794 5269 2846 5322 in
2875 5265 3075 5322 Christi
3117 5265 3290 5334 gratia
3316 5272 3371 5318 et
3413 5262 3524 5316 vir-

1961 5378 2090 5421 tute.
2128 5367 2241 5435 lpse
2262 5366 2400 5417 enim
2434 5373 2517 5417 est
2545 5361 2635 5431 qui
2678 5359 2833 5414 nobis
2874 5358 2939 5411 ad
2993 5356 3157 5410 Deum
3213 5355 3521 5425 gloriﬁcan-

1959 5467 2082 5517 dtnn
2121 5471 2173 5517 et
2202 5460 2424 5530 gratiam
2466 5457 2696 5520 confert,
2736 5464 2788 5508 et
2815 5454 2904 5523 qui
2945 5453 3098 5507 docet
3136 5449 3402 5519 quomodo
3429 5446 3522 5499 hoc

1631 5648 1828 5710 Variae
1854 5645 2178 5708 lecliones.

358 5827 396 5857 δ’
441 5823 886 5896 ὑπερϐαλλόντως
920 5820 1149 5890 ἔχουσαν
1188 5833 1258 5872 m.

1337 5815 1380 5848 δ’
1418 5810 1848 5874 ἁποστατοῦντες
1875 5826 1925 5866 ο.

2007 5809 2049 5839 ⁸³
2081 5808 2139 5860 ἐκ
2175 5804 2479 5876 φιλοτιμίας
2506 5801 2599 5856 καὶ
2633 5797 2880 5869 δαιθιλίας
2913 5810 2983 5850 nt.
3064 5793 3107 5825 “
3132 5789 3289 5843 ἱκανὰ
3321 5803 3373 5844 o.
