  <div class='ocr_page' id='page_1' title='image "/cluster/home/n/w/nwhite01/storage/ocr_20150623/124/nnc1.0046979735/565.png"; bbox 0 0 4226 6440; ppageno 0'>
   <div class='ocr_carea' id='block_1_1' title="bbox 711 404 848 467">
    <p class='ocr_par' dir='ltr' id='par_1_1' title="bbox 711 404 848 467">
     <span class='ocr_line' id='line_1_1' title="bbox 711 404 848 467; baseline -0.007 0"><span class='ocrx_word' id='word_1_1' title='bbox 711 404 848 467; x_wconf 66' lang='lat'><strong>1033</strong></span> 
     </span>
    </p>
   </div>
   <div class='ocr_carea' id='block_1_2' title="bbox 1590 394 3025 459">
    <p class='ocr_par' dir='ltr' id='par_1_2' title="bbox 1590 394 3025 459">
     <span class='ocr_line' id='line_1_2' title="bbox 1590 394 3025 459; baseline -0.001 0"><span class='ocrx_word' id='word_1_2' title='bbox 1590 398 2174 459; x_wconf 79' lang='lat' dir='ltr'><strong>THEOPHYLACTI</strong></span> <span class='ocrx_word' id='word_1_3' title='bbox 2216 397 2626 457; x_wconf 72' lang='lat' dir='ltr'><strong>BULGARI/F</strong></span> <span class='ocrx_word' id='word_1_4' title='bbox 2672 394 3025 457; x_wconf 77' lang='lat' dir='ltr'><strong>AllCHlEP.</strong></span> 
     </span>
    </p>
   </div>
   <div class='ocr_carea' id='block_1_3' title="bbox 3833 390 3990 455">
    <p class='ocr_par' dir='ltr' id='par_1_3' title="bbox 3833 390 3990 455">
     <span class='ocr_line' id='line_1_3' title="bbox 3833 390 3990 455; baseline -0.025 0"><span class='ocrx_word' id='word_1_5' title='bbox 3833 390 3990 455; x_wconf 61' lang='lat' dir='ltr'><strong>108i</strong></span> 
     </span>
    </p>
   </div>
   <div class='ocr_carea' id='block_1_4' title="bbox 706 504 2298 584">
    <p class='ocr_par' dir='ltr' id='par_1_4' title="bbox 706 510 2284 584">
     <span class='ocr_line' id='line_1_4' title="bbox 706 510 2284 584; baseline -0.008 -13"><span class='ocrx_word' id='word_1_6' title='bbox 706 529 961 584; x_wconf 67' lang='lat' dir='ltr'><strong>tanquam</strong></span> <span class='ocrx_word' id='word_1_7' title='bbox 992 513 1230 567; x_wconf 88' lang='lat' dir='ltr'><strong>debitum</strong></span> <span class='ocrx_word' id='word_1_8' title='bbox 1263 512 1358 565; x_wconf 91' lang='lat' dir='ltr'><strong>tibi</strong></span> <span class='ocrx_word' id='word_1_9' title='bbox 1387 513 1574 565; x_wconf 89' lang='lat' dir='ltr'><strong>datum</strong></span> <span class='ocrx_word' id='word_1_10' title='bbox 1598 521 1702 564; x_wconf 73' lang='grc' dir='ltr'>εει.</span> <span class='ocrx_word' id='word_1_11' title='bbox 1739 510 1802 562; x_wconf 76' lang='lat' dir='ltr'><strong>Et</strong></span> <span class='ocrx_word' id='word_1_12' title='bbox 1843 511 2100 577; x_wconf 82' lang='lat' dir='ltr'><strong>quoniam</strong></span> <span class='ocrx_word' id='word_1_13' title='bbox 2131 522 2284 561; x_wconf 85' lang='lat' dir='ltr'><strong>men-</strong></span> 
     </span>
    </p>
   </div>
   <div class='ocr_carea' id='block_1_5' title="bbox 2409 504 4002 584">
    <p class='ocr_par' dir='ltr' id='par_1_5' title="bbox 2409 504 4002 577">
     <span class='ocr_line' id='line_1_5' title="bbox 2409 504 4002 577; baseline -0.019 -14"><span class='ocrx_word' id='word_1_14' title='bbox 2409 509 2474 576; x_wconf 59' lang='grc' dir='ltr'>μὴ</span> <span class='ocrx_word' id='word_1_15' title='bbox 2508 507 2981 577; x_wconf 77' lang='grc' dir='ltr'>πολυπραγμόνει.</span> <span class='ocrx_word' id='word_1_16' title='bbox 3022 506 3083 557; x_wconf 83' lang='grc' dir='ltr'><strong>Εἰ</strong></span> <span class='ocrx_word' id='word_1_17' title='bbox 3129 504 3237 573; x_wconf 83' lang='grc' dir='ltr'>γὰρ</span> <span class='ocrx_word' id='word_1_18' title='bbox 3288 506 3316 557; x_wconf 88' lang='grc' dir='ltr'><strong>ὀ</strong></span> <span class='ocrx_word' id='word_1_19' title='bbox 3369 504 3501 561; x_wconf 73' lang='grc' dir='ltr'>Θεὸς</span> <span class='ocrx_word' id='word_1_20' title='bbox 3524 504 3821 574; x_wconf 45' lang='grc' dir='ltr'>ἐμέτρησεν</span> <span class='ocrx_word' id='word_1_21' title='bbox 3852 506 4002 555; x_wconf 63' lang='grc' dir='ltr'><strong>πάν.</strong></span> 
     </span>
    </p>
   </div>
   <div class='ocr_carea' id='block_1_6' title="bbox 706 598 2293 673">
    <p class='ocr_par' dir='ltr' id='par_1_6' title="bbox 706 598 2293 673">
     <span class='ocr_line' id='line_1_6' title="bbox 706 598 2293 673; baseline -0.005 -14"><span class='ocrx_word' id='word_1_22' title='bbox 706 622 888 659; x_wconf 88' lang='lat' dir='ltr'><strong>suram</strong></span> <span class='ocrx_word' id='word_1_23' title='bbox 910 607 1056 659; x_wconf 86' lang='lat' dir='ltr'><strong>&#39;Deus</strong></span> <span class='ocrx_word' id='word_1_24' title='bbox 1086 602 1391 673; x_wconf 60' lang='lat' dir='ltr'><strong>praelinivit,</strong></span> <span class='ocrx_word' id='word_1_25' title='bbox 1424 615 1491 655; x_wconf 90' lang='lat' dir='ltr'><strong>ne</strong></span> <span class='ocrx_word' id='word_1_26' title='bbox 1515 601 1590 655; x_wconf 86' lang='lat' dir='ltr'><strong>sis</strong></span> <span class='ocrx_word' id='word_1_27' title='bbox 1615 601 1883 655; x_wconf 72' lang='lat' dir='ltr'><strong>curiosus.</strong></span> <span class='ocrx_word' id='word_1_28' title='bbox 1908 598 2043 653; x_wconf 81' lang='lat' dir='ltr'><strong>Nam</strong></span> <span class='ocrx_word' id='word_1_29' title='bbox 2073 600 2117 654; x_wconf 88' lang='lat' dir='ltr'><strong>si</strong></span> <span class='ocrx_word' id='word_1_30' title='bbox 2148 598 2293 652; x_wconf 83' lang='lat' dir='ltr'><strong>Deus</strong></span> 
     </span>
    </p>
   </div>
   <div class='ocr_carea' id='block_1_7' title="bbox 710 691 2291 754">
    <p class='ocr_par' dir='ltr' id='par_1_7' title="bbox 710 691 2291 754">
     <span class='ocr_line' id='line_1_7' title="bbox 710 691 2291 754; baseline -0.003 -4"><span class='ocrx_word' id='word_1_31' title='bbox 710 711 1015 751; x_wconf 80' lang='lat' dir='ltr'><strong>mensuram</strong></span> <span class='ocrx_word' id='word_1_32' title='bbox 1070 694 1366 754; x_wconf 83' lang='lat' dir='ltr'><strong>distribuit,</strong></span> <span class='ocrx_word' id='word_1_33' title='bbox 1420 694 1641 747; x_wconf 82' lang='lat' dir='ltr'><strong>omnino</strong></span> <span class='ocrx_word' id='word_1_34' title='bbox 1695 693 1979 745; x_wconf 85' lang='lat' dir='ltr'><strong>commode</strong></span> <span class='ocrx_word' id='word_1_35' title='bbox 2032 691 2085 744; x_wconf 91' lang='lat' dir='ltr'><strong>id</strong></span> <span class='ocrx_word' id='word_1_36' title='bbox 2138 691 2291 745; x_wconf 79' lang='lat' dir='ltr'><strong>fecit.</strong></span> 
     </span>
    </p>
   </div>
   <div class='ocr_carea' id='block_1_8' title="bbox 709 779 2294 855">
    <p class='ocr_par' dir='ltr' id='par_1_8' title="bbox 709 779 2294 855">
     <span class='ocr_line' id='line_1_8' title="bbox 709 779 2294 855; baseline -0.004 -15"><span class='ocrx_word' id='word_1_37' title='bbox 709 786 1024 840; x_wconf 81' lang='lat' dir='ltr'><strong>Necessaria</strong></span> <span class='ocrx_word' id='word_1_38' title='bbox 1067 786 1249 855; x_wconf 78' lang='lat' dir='ltr'><strong>igitur,</strong></span> <span class='ocrx_word' id='word_1_39' title='bbox 1298 793 1353 838; x_wconf 90' lang='lat' dir='ltr'><strong>et</strong></span> <span class='ocrx_word' id='word_1_40' title='bbox 1399 784 1535 837; x_wconf 90' lang='lat' dir='ltr'><strong>citra</strong></span> <span class='ocrx_word' id='word_1_41' title='bbox 1581 798 1699 851; x_wconf 81' lang='lat' dir='ltr'><strong>qua:</strong></span> <span class='ocrx_word' id='word_1_42' title='bbox 1749 798 1855 836; x_wconf 87' lang='lat' dir='ltr'><strong>non</strong></span> <span class='ocrx_word' id='word_1_43' title='bbox 1906 782 2081 849; x_wconf 89' lang='lat' dir='ltr'><strong>possis</strong></span> <span class='ocrx_word' id='word_1_44' title='bbox 2128 779 2294 834; x_wconf 84' lang='lat' dir='ltr'><strong>Chri-</strong></span> 
     </span>
    </p>
   </div>
   <div class='ocr_carea' id='block_1_9' title="bbox 709 872 2291 947">
    <p class='ocr_par' dir='ltr' id='par_1_9' title="bbox 709 872 2291 947">
     <span class='ocr_line' id='line_1_9' title="bbox 709 872 2291 947; baseline -0.004 -16"><span class='ocrx_word' id='word_1_45' title='bbox 709 880 918 931; x_wconf 78' lang='lat' dir='ltr'><strong>stianus</strong></span> <span class='ocrx_word' id='word_1_46' title='bbox 948 876 1109 947; x_wconf 81' lang='lat'><strong>395</strong></span> <span class='ocrx_word' id='word_1_47' title='bbox 1153 890 1295 942; x_wconf 85' lang='lat' dir='ltr'><strong>esse,</strong></span> <span class='ocrx_word' id='word_1_48' title='bbox 1330 876 1639 929; x_wconf 83' lang='lat' dir='ltr'><strong>communia</strong></span> <span class='ocrx_word' id='word_1_49' title='bbox 1687 884 1836 928; x_wconf 91' lang='lat' dir='ltr'><strong>sunt.</strong></span> <span class='ocrx_word' id='word_1_50' title='bbox 1878 872 1969 927; x_wconf 82' lang='lat' dir='ltr'><strong>Sin</strong></span> <span class='ocrx_word' id='word_1_51' title='bbox 2005 872 2291 941; x_wconf 81' lang='lat' dir='ltr'><strong>quisquam</strong></span> 
     </span>
    </p>
   </div>
   <div class='ocr_carea' id='block_1_10' title="bbox 709 963 2292 1026">
    <p class='ocr_par' dir='ltr' id='par_1_10' title="bbox 709 963 2292 1026">
     <span class='ocr_line' id='line_1_10' title="bbox 709 963 2292 1026; baseline -0.001 -7"><span class='ocrx_word' id='word_1_52' title='bbox 709 970 848 1023; x_wconf 88' lang='lat' dir='ltr'><strong>alius</strong></span> <span class='ocrx_word' id='word_1_53' title='bbox 879 967 1231 1023; x_wconf 75' lang='lat' dir='ltr'><strong>excellentius</strong></span> <span class='ocrx_word' id='word_1_54' title='bbox 1266 968 1463 1020; x_wconf 88' lang='lat' dir='ltr'><strong>donum</strong></span> <span class='ocrx_word' id='word_1_55' title='bbox 1498 965 1712 1026; x_wconf 88' lang='lat' dir='ltr'><strong>habeat,</strong></span> <span class='ocrx_word' id='word_1_56' title='bbox 1757 979 1823 1018; x_wconf 90' lang='lat' dir='ltr'><strong>ne</strong></span> <span class='ocrx_word' id='word_1_57' title='bbox 1854 964 1947 1017; x_wconf 91' lang='lat' dir='ltr'><strong>tibi</strong></span> <span class='ocrx_word' id='word_1_58' title='bbox 1984 964 2163 1017; x_wconf 88' lang='lat' dir='ltr'><strong>isthuc</strong></span> <span class='ocrx_word' id='word_1_59' title='bbox 2195 963 2292 1017; x_wconf 85' lang='lat' dir='ltr'><strong>do-</strong></span> 
     </span>
    </p>
   </div>
   <div class='ocr_carea' id='block_1_11' title="bbox 714 1051 2295 1128">
    <p class='ocr_par' dir='ltr' id='par_1_11' title="bbox 714 1051 2295 1128">
     <span class='ocr_line' id='line_1_11' title="bbox 714 1051 2295 1128; baseline -0.003 -16"><span class='ocrx_word' id='word_1_60' title='bbox 714 1064 819 1114; x_wconf 88' lang='lat' dir='ltr'><strong>leat</strong></span> <span class='ocrx_word' id='word_1_61' title='bbox 871 1079 883 1113; x_wconf 87' lang='lat'><strong>:</strong></span> <span class='ocrx_word' id='word_1_62' title='bbox 944 1060 1378 1128; x_wconf 78' lang='lat' dir='ltr'><strong>quandoquidem</strong></span> <span class='ocrx_word' id='word_1_63' title='bbox 1439 1068 1494 1111; x_wconf 93' lang='lat' dir='ltr'><strong>et</strong></span> <span class='ocrx_word' id='word_1_64' title='bbox 1540 1051 1692 1110; x_wconf 72' lang='lat' dir='ltr'><strong>labor</strong></span> <span class='ocrx_word' id='word_1_65' title='bbox 1741 1057 1899 1110; x_wconf 79' lang='lat' dir='ltr'><strong>istius</strong></span> <span class='ocrx_word' id='word_1_66' title='bbox 1954 1058 2127 1123; x_wconf 86' lang='lat' dir='ltr'><strong>major</strong></span> <span class='ocrx_word' id='word_1_67' title='bbox 2189 1064 2295 1114; x_wconf 85' lang='lat' dir='ltr'><strong>cst.</strong></span> 
     </span>
    </p>
   </div>
   <div class='ocr_carea' id='block_1_12' title="bbox 716 1148 2292 1217">
    <p class='ocr_par' dir='ltr' id='par_1_12' title="bbox 716 1148 2292 1217">
     <span class='ocr_line' id='line_1_12' title="bbox 716 1148 2292 1217; baseline -0.004 -15"><span class='ocrx_word' id='word_1_68' title='bbox 716 1153 935 1216; x_wconf 78' lang='lat' dir='ltr'><strong>perinde</strong></span> <span class='ocrx_word' id='word_1_69' title='bbox 982 1166 1051 1204; x_wconf 86' lang='lat' dir='ltr'><strong>ac</strong></span> <span class='ocrx_word' id='word_1_70' title='bbox 1100 1151 1151 1203; x_wconf 92' lang='lat' dir='ltr'><strong>in</strong></span> <span class='ocrx_word' id='word_1_71' title='bbox 1199 1165 1460 1217; x_wconf 90' lang='lat' dir='ltr'><strong>procursu</strong></span> <span class='ocrx_word' id='word_1_72' title='bbox 1515 1150 1677 1202; x_wconf 83' lang='lat' dir='ltr'><strong>dicet.</strong></span> <span class='ocrx_word' id='word_1_73' title='bbox 1729 1148 1845 1202; x_wconf 87' lang='lat' dir='ltr'><strong>Non</strong></span> <span class='ocrx_word' id='word_1_74' title='bbox 1897 1149 2033 1201; x_wconf 83' lang='lat' dir='ltr'><strong>dixit</strong></span> <span class='ocrx_word' id='word_1_75' title='bbox 2088 1157 2292 1208; x_wconf 83' lang='lat' dir='ltr'><strong>autem,</strong></span> 
     </span>
    </p>
   </div>
   <div class='ocr_carea' id='block_1_13' title="bbox 709 1242 2298 1311">
    <p class='ocr_par' dir='ltr' id='par_1_13' title="bbox 709 1242 2298 1311">
     <span class='ocr_line' id='line_1_13' title="bbox 709 1242 2298 1311; baseline -0.002 -16"><span class='ocrx_word' id='word_1_76' title='bbox 709 1242 869 1296; x_wconf 77' lang='lat' dir='ltr'><strong>Juxta</strong></span> <span class='ocrx_word' id='word_1_77' title='bbox 913 1259 1220 1297; x_wconf 81' lang='lat' dir='ltr'><strong>mensuram</strong></span> <span class='ocrx_word' id='word_1_78' title='bbox 1257 1242 1682 1311; x_wconf 89' lang='lat' dir='ltr'><strong>uniuscujusque</strong></span> <span class='ocrx_word' id='word_1_79' title='bbox 1708 1242 1851 1305; x_wconf 82' lang='lat' dir='ltr'><strong>ﬁdei,</strong></span> <span class='ocrx_word' id='word_1_80' title='bbox 1894 1257 1958 1295; x_wconf 83' lang='lat' dir='ltr'><strong>ne.</strong></span> <span class='ocrx_word' id='word_1_81' title='bbox 1998 1242 2049 1294; x_wconf 93' lang='lat' dir='ltr'><strong>in</strong></span> <span class='ocrx_word' id='word_1_82' title='bbox 2084 1254 2298 1294; x_wconf 82' lang='lat' dir='ltr'><strong>mer-</strong></span> 
     </span>
    </p>
   </div>
   <div class='ocr_carea' id='block_1_14' title="bbox 2395 590 4005 668">
    <p class='ocr_par' dir='ltr' id='par_1_14' title="bbox 2395 590 4005 668">
     <span class='ocr_line' id='line_1_14' title="bbox 2395 590 4005 668; baseline -0.004 -18"><span class='ocrx_word' id='word_1_83' title='bbox 2395 615 2504 661; x_wconf 82' lang='grc' dir='ltr'><strong>τως</strong></span> <span class='ocrx_word' id='word_1_84' title='bbox 2526 600 2571 630; x_wconf 77' lang='grc'><strong>⁸⁵</strong></span> <span class='ocrx_word' id='word_1_85' title='bbox 2610 616 2788 667; x_wconf 83' lang='grc' dir='ltr'>συμφε</span> <span class='ocrx_word' id='word_1_86' title='bbox 2800 598 3000 668; x_wconf 81' lang='grc' dir='ltr'>ρόντιιις</span> <span class='ocrx_word' id='word_1_87' title='bbox 3014 596 3173 650; x_wconf 76' lang='grc' dir='ltr'>τοῦτο</span> <span class='ocrx_word' id='word_1_88' title='bbox 3194 596 3437 665; x_wconf 79' lang='grc' dir='ltr'>ἐποίησε.</span> <span class='ocrx_word' id='word_1_89' title='bbox 3465 595 3545 647; x_wconf 87' lang='grc' dir='ltr'><strong>Τά</strong></span> <span class='ocrx_word' id='word_1_90' title='bbox 3570 594 3669 665; x_wconf 82' lang='grc' dir='ltr'>μὲν</span> <span class='ocrx_word' id='word_1_91' title='bbox 3695 590 3788 647; x_wconf 74' lang='grc' dir='ltr'>οὖν</span> <span class='ocrx_word' id='word_1_92' title='bbox 3824 595 4005 659; x_wconf 51' lang='grc' dir='ltr'>ἀνα-εν-</span> 
     </span>
    </p>
   </div>
   <div class='ocr_carea' id='block_1_15' title="bbox 2405 682 4001 759">
    <p class='ocr_par' dir='ltr' id='par_1_15' title="bbox 2405 682 4001 759">
     <span class='ocr_line' id='line_1_15' title="bbox 2405 682 4001 759; baseline -0.005 -15"><span class='ocrx_word' id='word_1_93' title='bbox 2405 692 2557 754; x_wconf 86' lang='grc' dir='ltr'>καῖα,</span> <span class='ocrx_word' id='word_1_94' title='bbox 2576 690 2672 743; x_wconf 76' lang='grc' dir='ltr'>καὶ</span> <span class='ocrx_word' id='word_1_95' title='bbox 2696 684 2771 743; x_wconf 84' lang='grc' dir='ltr'>ὧν</span> <span class='ocrx_word' id='word_1_96' title='bbox 2792 690 2961 759; x_wconf 79' lang='grc' dir='ltr'>χωρὶς</span> <span class='ocrx_word' id='word_1_97' title='bbox 2982 689 3081 741; x_wconf 85' lang='grc' dir='ltr'><strong>οὑκ</strong></span> <span class='ocrx_word' id='word_1_98' title='bbox 3111 688 3226 740; x_wconf 79' lang='grc' dir='ltr'>ἔστι</span> <span class='ocrx_word' id='word_1_99' title='bbox 3251 687 3581 758; x_wconf 77' lang='grc' dir='ltr'><strong>Χριστιανὸν</strong></span> <span class='ocrx_word' id='word_1_100' title='bbox 3614 682 3773 749; x_wconf 84' lang='grc' dir='ltr'>εἶναι,</span> <span class='ocrx_word' id='word_1_101' title='bbox 3812 687 4001 737; x_wconf 82' lang='grc' dir='ltr'>κοινά·</span> 
     </span>
    </p>
   </div>
   <div class='ocr_carea' id='block_1_16' title="bbox 2404 776 3998 850">
    <p class='ocr_par' dir='ltr' id='par_1_16' title="bbox 2404 776 3998 850">
     <span class='ocr_line' id='line_1_16' title="bbox 2404 776 3998 850; baseline -0.004 -17"><span class='ocrx_word' id='word_1_102' title='bbox 2404 782 2454 833; x_wconf 89' lang='grc' dir='ltr'><strong>εἰ</strong></span> <span class='ocrx_word' id='word_1_103' title='bbox 2484 781 2541 833; x_wconf 88' lang='grc' dir='ltr'><strong>δέ</strong></span> <span class='ocrx_word' id='word_1_104' title='bbox 2564 799 2614 833; x_wconf 91' lang='grc' dir='ltr'><strong>τι</strong></span> <span class='ocrx_word' id='word_1_105' title='bbox 2646 780 2830 833; x_wconf 87' lang='grc' dir='ltr'>πλεῖον</span> <span class='ocrx_word' id='word_1_106' title='bbox 2858 780 2971 849; x_wconf 79' lang='grc' dir='ltr'>ἕχει</span> <span class='ocrx_word' id='word_1_107' title='bbox 3005 782 3062 831; x_wconf 80' lang='grc' dir='ltr'>ὲν</span> <span class='ocrx_word' id='word_1_108' title='bbox 3101 778 3405 850; x_wconf 79' lang='grc' dir='ltr'>χαρίσματι</span> <span class='ocrx_word' id='word_1_109' title='bbox 3441 778 3469 829; x_wconf 85' lang='grc' dir='ltr'>ὁ</span> <span class='ocrx_word' id='word_1_110' title='bbox 3500 777 3669 839; x_wconf 84' lang='grc' dir='ltr'>δεῖνα,</span> <span class='ocrx_word' id='word_1_111' title='bbox 3705 777 3777 846; x_wconf 80' lang='grc' dir='ltr'>μὴ</span> <span class='ocrx_word' id='word_1_112' title='bbox 3809 776 3998 841; x_wconf 68' lang='grc' dir='ltr'>ἄλγει-</span> 
     </span>
    </p>
   </div>
   <div class='ocr_carea' id='block_1_17' title="bbox 2399 868 4002 939">
    <p class='ocr_par' dir='ltr' id='par_1_17' title="bbox 2399 868 4002 939">
     <span class='ocr_line' id='line_1_17' title="bbox 2399 868 4002 939; baseline -0.003 -15"><span class='ocrx_word' id='word_1_113' title='bbox 2399 873 2522 924; x_wconf 74' lang='grc' dir='ltr'>ἐπεὶ</span> <span class='ocrx_word' id='word_1_114' title='bbox 2568 872 2661 924; x_wconf 74' lang='grc' dir='ltr'><strong>καὶ</strong></span> <span class='ocrx_word' id='word_1_115' title='bbox 2706 872 2733 923; x_wconf 87' lang='grc' dir='ltr'><strong>ὁ</strong></span> <span class='ocrx_word' id='word_1_116' title='bbox 2789 871 2947 932; x_wconf 82' lang='grc' dir='ltr'>πόνος</span> <span class='ocrx_word' id='word_1_117' title='bbox 2995 870 3215 932; x_wconf 84' lang='grc' dir='ltr'>πλείων,</span> <span class='ocrx_word' id='word_1_118' title='bbox 3251 870 3327 933; x_wconf 90' lang='grc' dir='ltr'><strong>ώς</strong></span> <span class='ocrx_word' id='word_1_119' title='bbox 3380 868 3585 939; x_wconf 79' lang='grc' dir='ltr'>προῖὼν</span> <span class='ocrx_word' id='word_1_120' title='bbox 3636 872 3755 937; x_wconf 86' lang='grc' dir='ltr'>ὲρεῖ</span> <span class='ocrx_word' id='word_1_121' title='bbox 3773 869 3843 921; x_wconf 84' lang='grc'><strong>⁵⁵.</strong></span> <span class='ocrx_word' id='word_1_122' title='bbox 3881 868 4002 919; x_wconf 62' lang='grc' dir='ltr'><strong>Οὑκ</strong></span> 
     </span>
    </p>
   </div>
   <div class='ocr_carea' id='block_1_18' title="bbox 2401 954 4001 1031">
    <p class='ocr_par' dir='ltr' id='par_1_18' title="bbox 2401 954 4001 1031">
     <span class='ocr_line' id='line_1_18' title="bbox 2401 954 4001 1031; baseline -0.003 -16"><span class='ocrx_word' id='word_1_123' title='bbox 2401 957 2521 1015; x_wconf 81' lang='grc' dir='ltr'>εἷπε</span> <span class='ocrx_word' id='word_1_124' title='bbox 2548 963 2627 1026; x_wconf 82' lang='grc' dir='ltr'>δὲ,</span> <span class='ocrx_word' id='word_1_125' title='bbox 2654 963 2808 1016; x_wconf 80' lang='grc' dir='ltr'><strong>Κατᾶ</strong></span> <span class='ocrx_word' id='word_1_126' title='bbox 2837 964 2899 1015; x_wconf 82' lang='grc' dir='ltr'>τὸ</span> <span class='ocrx_word' id='word_1_127' title='bbox 2942 962 3140 1031; x_wconf 83' lang='grc' dir='ltr'><strong>μέτρον</strong></span> <span class='ocrx_word' id='word_1_128' title='bbox 3182 962 3283 1030; x_wconf 77' lang='grc' dir='ltr'>τῆς</span> <span class='ocrx_word' id='word_1_129' title='bbox 3325 962 3561 1015; x_wconf 82' lang='grc' dir='ltr'><strong>ἑκάστου</strong></span> <span class='ocrx_word' id='word_1_130' title='bbox 3606 954 3874 1022; x_wconf 83' lang='grc' dir='ltr'>πίστεως,</span> <span class='ocrx_word' id='word_1_131' title='bbox 3906 962 4001 1011; x_wconf 79' lang='grc' dir='ltr'><strong>ἵνα</strong></span> 
     </span>
    </p>
   </div>
   <div class='ocr_carea' id='block_1_19' title="bbox 2406 1054 3997 1125">
    <p class='ocr_par' dir='ltr' id='par_1_19' title="bbox 2406 1054 3997 1125">
     <span class='ocr_line' id='line_1_19' title="bbox 2406 1054 3997 1125; baseline -0.001 -19"><span class='ocrx_word' id='word_1_132' title='bbox 2406 1056 2481 1125; x_wconf 84' lang='grc' dir='ltr'><strong>μὴ</strong></span> <span class='ocrx_word' id='word_1_133' title='bbox 2512 1056 2593 1117; x_wconf 82' lang='grc' dir='ltr'><strong>είς</strong></span> <span class='ocrx_word' id='word_1_134' title='bbox 2629 1054 2866 1123; x_wconf 77' lang='grc' dir='ltr'><strong>ἀθυμίαν</strong></span> <span class='ocrx_word' id='word_1_135' title='bbox 2912 1055 3125 1124; x_wconf 75' lang='grc' dir='ltr'>ἐμϐάλῃ</span> <span class='ocrx_word' id='word_1_136' title='bbox 3161 1054 3289 1115; x_wconf 70' lang='grc' dir='ltr'>τοὺς</span> <span class='ocrx_word' id='word_1_137' title='bbox 3334 1054 3401 1107; x_wconf 77' lang='grc' dir='ltr'><strong>τά</strong></span> <span class='ocrx_word' id='word_1_138' title='bbox 3437 1055 3697 1107; x_wconf 80' lang='grc' dir='ltr'>ἐλάττονα</span> <span class='ocrx_word' id='word_1_139' title='bbox 3740 1055 3997 1119; x_wconf 72' lang='grc' dir='ltr'>ἔχοντας.</span> 
     </span>
    </p>
   </div>
   <div class='ocr_carea' id='block_1_20' title="bbox 2403 1145 4001 1216">
    <p class='ocr_par' dir='ltr' id='par_1_20' title="bbox 2403 1145 4001 1216">
     <span class='ocr_line' id='line_1_20' title="bbox 2403 1145 4001 1216; baseline -0.003 -16"><span class='ocrx_word' id='word_1_140' title='bbox 2403 1146 2538 1200; x_wconf 86' lang='grc' dir='ltr'><strong>ἀλλά</strong></span> <span class='ocrx_word' id='word_1_141' title='bbox 2567 1150 2631 1216; x_wconf 82' lang='grc' dir='ltr'>τῇ</span> <span class='ocrx_word' id='word_1_142' title='bbox 2669 1146 2885 1215; x_wconf 76' lang='grc' dir='ltr'><strong>θελήσει</strong></span> <span class='ocrx_word' id='word_1_143' title='bbox 2918 1147 3012 1199; x_wconf 83' lang='grc' dir='ltr'>τοῦ</span> <span class='ocrx_word' id='word_1_144' title='bbox 3033 1146 3269 1209; x_wconf 80' lang='grc' dir='ltr'><strong>διδόντος</strong></span> <span class='ocrx_word' id='word_1_145' title='bbox 3295 1146 3530 1216; x_wconf 82' lang='grc' dir='ltr'>ἀνέθηκε</span> <span class='ocrx_word' id='word_1_146' title='bbox 3557 1146 3615 1198; x_wconf 75' lang='grc' dir='ltr'>τὸ</span> <span class='ocrx_word' id='word_1_147' title='bbox 3650 1145 3879 1216; x_wconf 78' lang='grc' dir='ltr'><strong>μέτρον,</strong></span> <span class='ocrx_word' id='word_1_148' title='bbox 3920 1145 4001 1205; x_wconf 80' lang='grc' dir='ltr'>ὡς</span> 
     </span>
    </p>
   </div>
   <div class='ocr_carea' id='block_1_21' title="bbox 2403 1237 3520 1309">
    <p class='ocr_par' dir='ltr' id='par_1_21' title="bbox 2403 1237 3520 1309">
     <span class='ocr_line' id='line_1_21' title="bbox 2403 1237 3520 1309; baseline 0 -19"><span class='ocrx_word' id='word_1_149' title='bbox 2403 1237 2468 1290; x_wconf 79' lang='grc' dir='ltr'>ἂν</span> <span class='ocrx_word' id='word_1_150' title='bbox 2493 1238 2628 1305; x_wconf 84' lang='grc' dir='ltr'>μηδὲ</span> <span class='ocrx_word' id='word_1_151' title='bbox 2653 1239 2928 1308; x_wconf 78' lang='grc' dir='ltr'><strong>τολμῶσιν</strong></span> <span class='ocrx_word' id='word_1_152' title='bbox 2961 1240 3097 1301; x_wconf 82' lang='grc' dir='ltr'>ὅλως</span> <span class='ocrx_word' id='word_1_153' title='bbox 3136 1238 3520 1309; x_wconf 79' lang='grc' dir='ltr'>λογοπραγεῖν.</span> 
     </span>
    </p>
   </div>
   <div class='ocr_carea' id='block_1_22' title="bbox 715 1332 3981 1405">
    <p class='ocr_par' dir='ltr' id='par_1_22' title="bbox 715 1332 3981 1405">
     <span class='ocr_line' id='line_1_22' title="bbox 715 1332 3981 1405; baseline -0.001 -17"><span class='ocrx_word' id='word_1_154' title='bbox 715 1351 825 1389; x_wconf 85' lang='lat' dir='ltr'><strong>rem</strong></span> <span class='ocrx_word' id='word_1_155' title='bbox 852 1336 1114 1405; x_wconf 72' lang='lat' dir='ltr'><strong>c0njuciat</strong></span> <span class='ocrx_word' id='word_1_156' title='bbox 1150 1350 1246 1389; x_wconf 91' lang='lat' dir='ltr'><strong>eos</strong></span> <span class='ocrx_word' id='word_1_157' title='bbox 1279 1337 1478 1403; x_wconf 85' lang='lat' dir='ltr'><strong>quibus</strong></span> <span class='ocrx_word' id='word_1_158' title='bbox 1509 1337 1717 1390; x_wconf 91' lang='lat' dir='ltr'><strong>minora</strong></span> <span class='ocrx_word' id='word_1_159' title='bbox 1748 1346 1874 1390; x_wconf 90' lang='lat' dir='ltr'><strong>sunt</strong></span> <span class='ocrx_word' id='word_1_160' title='bbox 1904 1335 2100 1389; x_wconf 87' lang='lat' dir='ltr'><strong>collata</strong></span> <span class='ocrx_word' id='word_1_161' title='bbox 2141 1350 2155 1386; x_wconf 87' lang='lat'><strong>:</strong></span> <span class='ocrx_word' id='word_1_162' title='bbox 2192 1341 2445 1387; x_wconf 71' lang='lat' dir='ltr'><strong>caeterum</strong></span> <span class='ocrx_word' id='word_1_163' title='bbox 2484 1334 2748 1386; x_wconf 85' lang='lat' dir='ltr'><strong>voluntati</strong></span> <span class='ocrx_word' id='word_1_164' title='bbox 2824 1334 3006 1387; x_wconf 87' lang='lat' dir='ltr'><strong>dantis</strong></span> <span class='ocrx_word' id='word_1_165' title='bbox 3059 1348 3373 1387; x_wconf 83' lang='lat' dir='ltr'><strong>mensuram</strong></span> <span class='ocrx_word' id='word_1_166' title='bbox 3429 1332 3632 1396; x_wconf 87' lang='lat' dir='ltr'><strong>retulit,</strong></span> <span class='ocrx_word' id='word_1_167' title='bbox 3704 1348 3770 1387; x_wconf 90' lang='lat' dir='ltr'><strong>ne</strong></span> <span class='ocrx_word' id='word_1_168' title='bbox 3852 1350 3981 1387; x_wconf 90' lang='lat' dir='ltr'><strong>om-</strong></span> 
     </span>
    </p>
   </div>
   <div class='ocr_carea' id='block_1_23' title="bbox 714 1429 1475 1495">
    <p class='ocr_par' dir='ltr' id='par_1_23' title="bbox 714 1429 1475 1495">
     <span class='ocr_line' id='line_1_23' title="bbox 714 1429 1475 1495; baseline 0.004 -15"><span class='ocrx_word' id='word_1_169' title='bbox 714 1430 841 1481; x_wconf 88' lang='lat' dir='ltr'><strong>nino</strong></span> <span class='ocrx_word' id='word_1_170' title='bbox 874 1429 1188 1495; x_wconf 73' lang='lat' dir='ltr'><strong>obstrepere</strong></span> <span class='ocrx_word' id='word_1_171' title='bbox 1222 1429 1475 1483; x_wconf 88' lang='lat' dir='ltr'><strong>audeant.</strong></span> 
     </span>
    </p>
   </div>
   <div class='ocr_carea' id='block_1_24' title="bbox 786 1514 2293 1584">
    <p class='ocr_par' dir='ltr' id='par_1_24' title="bbox 786 1514 2293 1584">
     <span class='ocr_line' id='line_1_24' title="bbox 786 1514 2293 1584; baseline -0.001 -18"><span class='ocrx_word' id='word_1_172' title='bbox 786 1515 947 1568; x_wconf 71' lang='lat' dir='ltr'><strong>Vens.</strong></span> <span class='ocrx_word' id='word_1_173' title='bbox 1000 1514 1053 1567; x_wconf 92' lang='lat'><strong>8.</strong></span> <span class='ocrx_word' id='word_1_174' title='bbox 1123 1533 1142 1566; x_wconf 77' lang='grc' dir='ltr'><strong>ς</strong></span> <span class='ocrx_word' id='word_1_175' title='bbox 1194 1514 1419 1584; x_wconf 85' lang='lat' dir='ltr'><strong>Pmpter</strong></span> <span class='ocrx_word' id='word_1_176' title='bbox 1462 1516 1601 1583; x_wconf 87' lang='lat' dir='ltr'><strong>quod</strong></span> <span class='ocrx_word' id='word_1_177' title='bbox 1650 1516 1783 1569; x_wconf 86' lang='lat' dir='ltr'><strong>dicit</strong></span> <span class='ocrx_word' id='word_1_178' title='bbox 1816 1533 1829 1569; x_wconf 94' lang='lat'>:</span> <span class='ocrx_word' id='word_1_179' title='bbox 1860 1518 2175 1569; x_wconf 84' lang='lat' dir='ltr'><strong>Asccndens</strong></span> <span class='ocrx_word' id='word_1_180' title='bbox 2236 1517 2293 1566; x_wconf 86' lang='lat' dir='ltr'><strong>in</strong></span> 
     </span>
    </p>
   </div>
   <div class='ocr_carea' id='block_1_25' title="bbox 713 1606 2293 1678">
    <p class='ocr_par' dir='ltr' id='par_1_25' title="bbox 713 1606 2293 1678">
     <span class='ocr_line' id='line_1_25' title="bbox 713 1606 2293 1678; baseline 0 -19"><span class='ocrx_word' id='word_1_181' title='bbox 713 1608 905 1672; x_wconf 88' lang='lat' dir='ltr'><strong>altum,</strong></span> <span class='ocrx_word' id='word_1_182' title='bbox 940 1607 1208 1675; x_wconf 86' lang='lat' dir='ltr'><strong>captivam</strong></span> <span class='ocrx_word' id='word_1_183' title='bbox 1246 1608 1399 1660; x_wconf 81' lang='lat' dir='ltr'><strong>duxit</strong></span> <span class='ocrx_word' id='word_1_184' title='bbox 1430 1608 1822 1676; x_wconf 77' lang='lat' dir='ltr'><strong>captivitatem,</strong></span> <span class='ocrx_word' id='word_1_185' title='bbox 1866 1608 2123 1678; x_wconf 83' lang='lat' dir='ltr'><strong>deditque</strong></span> <span class='ocrx_word' id='word_1_186' title='bbox 2154 1606 2293 1661; x_wconf 89' lang='lat' dir='ltr'><strong>dona</strong></span> 
     </span>
    </p>
   </div>
   <div class='ocr_carea' id='block_1_26' title="bbox 2477 1510 4003 1584">
    <p class='ocr_par' dir='ltr' id='par_1_26' title="bbox 2477 1510 4003 1584">
     <span class='ocr_line' id='line_1_26' title="bbox 2477 1510 4003 1584; baseline 0.004 -23"><span class='ocrx_word' id='word_1_187' title='bbox 2477 1530 2495 1561; x_wconf 78' lang='grc' dir='ltr'><strong>ι</strong></span> <span class='ocrx_word' id='word_1_188' title='bbox 2536 1510 2626 1562; x_wconf 70' lang='grc' dir='ltr'><strong>Διὸ</strong></span> <span class='ocrx_word' id='word_1_189' title='bbox 2649 1510 2817 1575; x_wconf 87' lang='grc' dir='ltr'>λέγει·</span> <span class='ocrx_word' id='word_1_190' title='bbox 2853 1512 3083 1575; x_wconf 81' lang='grc' dir='ltr'>Ἀναϐὰς</span> <span class='ocrx_word' id='word_1_191' title='bbox 3108 1513 3187 1575; x_wconf 83' lang='grc' dir='ltr'><strong>είς</strong></span> <span class='ocrx_word' id='word_1_192' title='bbox 3212 1512 3345 1582; x_wconf 71' lang='grc' dir='ltr'>ὕψος</span> <span class='ocrx_word' id='word_1_193' title='bbox 3369 1513 3796 1583; x_wconf 75' lang='grc' dir='ltr'><strong>ᾐχμαλώτευσεν</strong></span> <span class='ocrx_word' id='word_1_194' title='bbox 3825 1518 4003 1584; x_wconf 80' lang='grc' dir='ltr'>αἰχμ’</span> 
     </span>
    </p>
   </div>
   <div class='ocr_carea' id='block_1_27' title="bbox 2408 1602 4001 1675">
    <p class='ocr_par' dir='ltr' id='par_1_27' title="bbox 2408 1602 4001 1675">
     <span class='ocr_line' id='line_1_27' title="bbox 2408 1602 4001 1675; baseline -0.001 -17"><span class='ocrx_word' id='word_1_195' title='bbox 2408 1602 2670 1666; x_wconf 77' lang='grc' dir='ltr'>αλωσίαν,</span> <span class='ocrx_word' id='word_1_196' title='bbox 2704 1605 2799 1657; x_wconf 74' lang='grc' dir='ltr'>καὶ</span> <span class='ocrx_word' id='word_1_197' title='bbox 2828 1604 2994 1656; x_wconf 79' lang='grc' dir='ltr'>ἔδωκε</span> <span class='ocrx_word' id='word_1_198' title='bbox 3036 1605 3247 1673; x_wconf 73' lang='grc' dir='ltr'>δόματα</span> <span class='ocrx_word' id='word_1_199' title='bbox 3291 1608 3405 1665; x_wconf 87' lang='grc' dir='ltr'>τοῖς</span> <span class='ocrx_word' id='word_1_200' title='bbox 3451 1605 3778 1675; x_wconf 75' lang='grc' dir='ltr'>ἀνθρώποις.</span> <span class='ocrx_word' id='word_1_201' title='bbox 3824 1626 3845 1657; x_wconf 74' lang='grc' dir='ltr'><strong>ι</strong></span> <span class='ocrx_word' id='word_1_202' title='bbox 3877 1609 4001 1659; x_wconf 77' lang='grc' dir='ltr'>Ὀτι</span> 
     </span>
    </p>
   </div>
   <div class='ocr_carea' id='block_1_28' title="bbox 716 1692 2298 1780">
    <p class='ocr_par' dir='ltr' id='par_1_28' title="bbox 716 1698 2282 1768">
     <span class='ocr_line' id='line_1_28' title="bbox 716 1698 2282 1768; baseline -0.001 -17"><span class='ocrx_word' id='word_1_203' title='bbox 716 1699 1024 1752; x_wconf 79' lang='lat' dir='ltr'><strong>Imminibus</strong></span> <span class='ocrx_word' id='word_1_204' title='bbox 1062 1699 1109 1753; x_wconf 74' lang='grc' dir='ltr'><strong>δ.</strong></span> <span class='ocrx_word' id='word_1_205' title='bbox 1164 1717 1181 1749; x_wconf 80' lang='grc' dir='ltr'><strong>ι</strong></span> <span class='ocrx_word' id='word_1_206' title='bbox 1219 1698 1371 1764; x_wconf 86' lang='lat' dir='ltr'><strong>Quod</strong></span> <span class='ocrx_word' id='word_1_207' title='bbox 1428 1701 1590 1765; x_wconf 89' lang='lat' dir='ltr'><strong>dona,</strong></span> <span class='ocrx_word' id='word_1_208' title='bbox 1644 1701 1836 1767; x_wconf 86' lang='lat' dir='ltr'><strong>inquit,</strong></span> <span class='ocrx_word' id='word_1_209' title='bbox 1885 1701 1998 1768; x_wconf 84' lang='lat' dir='ltr'><strong>ipse</strong></span> <span class='ocrx_word' id='word_1_210' title='bbox 2050 1699 2282 1763; x_wconf 89' lang='lat' dir='ltr'><strong>dederit,</strong></span> 
     </span>
    </p>
   </div>
   <div class='ocr_carea' id='block_1_29' title="bbox 2409 1692 4007 1780">
    <p class='ocr_par' dir='ltr' id='par_1_29' title="bbox 2409 1692 4007 1768">
     <span class='ocr_line' id='line_1_29' title="bbox 2409 1692 4007 1768; baseline -0.001 -16"><span class='ocrx_word' id='word_1_211' title='bbox 2409 1698 2584 1762; x_wconf 76' lang='grc' dir='ltr'>αὑτὸς,</span> <span class='ocrx_word' id='word_1_212' title='bbox 2608 1698 2794 1767; x_wconf 71' lang='grc' dir='ltr'>φησιν,</span> <span class='ocrx_word' id='word_1_213' title='bbox 2817 1698 2981 1752; x_wconf 82' lang='grc' dir='ltr'>ἔδωκε</span> <span class='ocrx_word' id='word_1_214' title='bbox 2997 1698 3063 1750; x_wconf 74' lang='grc' dir='ltr'>τὰ</span> <span class='ocrx_word' id='word_1_215' title='bbox 3080 1700 3417 1768; x_wconf 79' lang='grc' dir='ltr'><strong>χαρίσματα,</strong></span> <span class='ocrx_word' id='word_1_216' title='bbox 3453 1698 3613 1765; x_wconf 76' lang='grc' dir='ltr'>δῆλον</span> <span class='ocrx_word' id='word_1_217' title='bbox 3639 1700 3695 1762; x_wconf 79' lang='grc' dir='ltr'>ἐξ</span> <span class='ocrx_word' id='word_1_218' title='bbox 3726 1692 3803 1751; x_wconf 83' lang='grc' dir='ltr'>ὧν</span> <span class='ocrx_word' id='word_1_219' title='bbox 3825 1703 4007 1768; x_wconf 64' lang='lat' dir='ltr'><strong>612p;-</strong></span> 
     </span>
    </p>
   </div>
   <div class='ocr_carea' id='block_1_30' title="bbox 715 1790 2297 1860">
    <p class='ocr_par' dir='ltr' id='par_1_30' title="bbox 715 1790 2297 1860">
     <span class='ocr_line' id='line_1_30' title="bbox 715 1790 2297 1860; baseline 0.001 -19"><span class='ocrx_word' id='word_1_220' title='bbox 715 1790 932 1857; x_wconf 89' lang='lat' dir='ltr'><strong>planum</strong></span> <span class='ocrx_word' id='word_1_221' title='bbox 985 1798 1070 1844; x_wconf 88' lang='lat' dir='ltr'><strong>est</strong></span> <span class='ocrx_word' id='word_1_222' title='bbox 1125 1804 1191 1844; x_wconf 80' lang='lat' dir='ltr'><strong>ex</strong></span> <span class='ocrx_word' id='word_1_223' title='bbox 1245 1804 1309 1844; x_wconf 91' lang='lat' dir='ltr'><strong>eo</strong></span> <span class='ocrx_word' id='word_1_224' title='bbox 1362 1792 1505 1860; x_wconf 92' lang='lat' dir='ltr'><strong>quod</strong></span> <span class='ocrx_word' id='word_1_225' title='bbox 1554 1791 1821 1860; x_wconf 82' lang='lat' dir='ltr'><strong>Propheta</strong></span> <span class='ocrx_word' id='word_1_226' title='bbox 1864 1793 2015 1857; x_wconf 84' lang='lat' dir='ltr'><strong>dicit,</strong></span> <span class='ocrx_word' id='word_1_227' title='bbox 2073 1810 2091 1843; x_wconf 79' lang='grc' dir='ltr'><strong>ι</strong></span> <span class='ocrx_word' id='word_1_228' title='bbox 2139 1792 2297 1845; x_wconf 90' lang='lat' dir='ltr'><strong>Dedit</strong></span> 
     </span>
    </p>
   </div>
   <div class='ocr_carea' id='block_1_31' title="bbox 714 1884 2295 1955">
    <p class='ocr_par' dir='ltr' id='par_1_31' title="bbox 714 1884 2295 1955">
     <span class='ocr_line' id='line_1_31' title="bbox 714 1884 2295 1955; baseline 0.001 -19"><span class='ocrx_word' id='word_1_229' title='bbox 714 1885 856 1937; x_wconf 89' lang='lat' dir='ltr'><strong>dona</strong></span> <span class='ocrx_word' id='word_1_230' title='bbox 910 1885 1242 1938; x_wconf 91' lang='lat' dir='ltr'><strong>hominibus.</strong></span> <span class='ocrx_word' id='word_1_231' title='bbox 1286 1904 1305 1937; x_wconf 74' lang='grc' dir='ltr'><strong>ι</strong></span> <span class='ocrx_word' id='word_1_232' title='bbox 1354 1884 1517 1954; x_wconf 89' lang='lat' dir='ltr'><strong>Atqui</strong></span> <span class='ocrx_word' id='word_1_233' title='bbox 1566 1887 1848 1955; x_wconf 79' lang='lat' dir='ltr'><strong>propheta,</strong></span> <span class='ocrx_word' id='word_1_234' title='bbox 1885 1884 2177 1954; x_wconf 79' lang='lat' dir='ltr'><strong>AccepiSIi,</strong></span> <span class='ocrx_word' id='word_1_235' title='bbox 2212 1885 2295 1938; x_wconf 87' lang='lat' dir='ltr'><strong>in-</strong></span> 
     </span>
    </p>
   </div>
   <div class='ocr_carea' id='block_1_32' title="bbox 715 1976 2297 2045">
    <p class='ocr_par' dir='ltr' id='par_1_32' title="bbox 715 1976 2297 2045">
     <span class='ocr_line' id='line_1_32' title="bbox 715 1976 2297 2045; baseline 0.001 -18"><span class='ocrx_word' id='word_1_236' title='bbox 715 1978 850 2045; x_wconf 87' lang='lat' dir='ltr'><strong>quit,</strong></span> <span class='ocrx_word' id='word_1_237' title='bbox 898 1979 1038 2031; x_wconf 86' lang='lat' dir='ltr'><strong>dona</strong></span> <span class='ocrx_word' id='word_1_238' title='bbox 1080 1993 1096 2030; x_wconf 89' lang='lat'><strong>:</strong></span> <span class='ocrx_word' id='word_1_239' title='bbox 1140 1978 1282 2044; x_wconf 90' lang='lat' dir='ltr'><strong>quod</strong></span> <span class='ocrx_word' id='word_1_240' title='bbox 1322 1977 1464 2031; x_wconf 85' lang='lat' dir='ltr'><strong>idem</strong></span> <span class='ocrx_word' id='word_1_241' title='bbox 1505 1986 1610 2031; x_wconf 90' lang='lat' dir='ltr'><strong>est.</strong></span> <span class='ocrx_word' id='word_1_242' title='bbox 1640 1976 1773 2031; x_wconf 86' lang='lat' dir='ltr'><strong>Nam</strong></span> <span class='ocrx_word' id='word_1_243' title='bbox 1812 1978 1976 2039; x_wconf 87' lang='lat' dir='ltr'><strong>Dcus,</strong></span> <span class='ocrx_word' id='word_1_244' title='bbox 2028 1978 2152 2029; x_wconf 91' lang='lat' dir='ltr'><strong>dum</strong></span> <span class='ocrx_word' id='word_1_245' title='bbox 2206 1977 2297 2029; x_wconf 88' lang='lat' dir='ltr'><strong>dat</strong></span> 
     </span>
    </p>
   </div>
   <div class='ocr_carea' id='block_1_33' title="bbox 714 2066 2291 2137">
    <p class='ocr_par' dir='ltr' id='par_1_33' title="bbox 714 2066 2291 2137">
     <span class='ocr_line' id='line_1_33' title="bbox 714 2066 2291 2137; baseline -0.001 -16"><span class='ocrx_word' id='word_1_246' title='bbox 714 2068 1067 2133; x_wconf 89' lang='lat' dir='ltr'><strong>charismata,</strong></span> <span class='ocrx_word' id='word_1_247' title='bbox 1094 2068 1290 2136; x_wconf 90' lang='lat' dir='ltr'><strong>accipit</strong></span> <span class='ocrx_word' id='word_1_248' title='bbox 1313 2068 1671 2122; x_wconf 89' lang='lat' dir='ltr'><strong>ministerium</strong></span> <span class='ocrx_word' id='word_1_249' title='bbox 1700 2084 1714 2122; x_wconf 93' lang='lat'>:</span> <span class='ocrx_word' id='word_1_250' title='bbox 1744 2067 1833 2137; x_wconf 88' lang='lat' dir='ltr'><strong>qui</strong></span> <span class='ocrx_word' id='word_1_251' title='bbox 1862 2082 1989 2121; x_wconf 85' lang='lat' dir='ltr'><strong>vero</strong></span> <span class='ocrx_word' id='word_1_252' title='bbox 2013 2066 2291 2121; x_wconf 84' lang='lat' dir='ltr'><strong>charisma</strong></span> 
     </span>
    </p>
   </div>
   <div class='ocr_carea' id='block_1_34' title="bbox 714 2157 2299 2228">
    <p class='ocr_par' dir='ltr' id='par_1_34' title="bbox 714 2157 2299 2228">
     <span class='ocr_line' id='line_1_34' title="bbox 714 2157 2299 2228; baseline -0.002 -14"><span class='ocrx_word' id='word_1_253' title='bbox 714 2161 931 2228; x_wconf 90' lang='lat' dir='ltr'><strong>accipit,</strong></span> <span class='ocrx_word' id='word_1_254' title='bbox 973 2169 1026 2212; x_wconf 93' lang='lat' dir='ltr'><strong>ut</strong></span> <span class='ocrx_word' id='word_1_255' title='bbox 1076 2169 1334 2228; x_wconf 86' lang='lat' dir='ltr'><strong>operetur</strong></span> <span class='ocrx_word' id='word_1_256' title='bbox 1379 2170 1434 2212; x_wconf 80' lang='lat' dir='ltr'><strong>et</strong></span> <span class='ocrx_word' id='word_1_257' title='bbox 1484 2159 1715 2226; x_wconf 78' lang='lat' dir='ltr'><strong>laboret,</strong></span> <span class='ocrx_word' id='word_1_258' title='bbox 1766 2160 1983 2225; x_wconf 89' lang='lat' dir='ltr'><strong>accipit.</strong></span> <span class='ocrx_word' id='word_1_259' title='bbox 2028 2157 2299 2224; x_wconf 84' lang='lat' dir='ltr'><strong>Quocirca</strong></span> 
     </span>
    </p>
   </div>
   <div class='ocr_carea' id='block_1_35' title="bbox 713 2249 2296 2305">
    <p class='ocr_par' dir='ltr' id='par_1_35' title="bbox 713 2249 2296 2305">
     <span class='ocr_line' id='line_1_35' title="bbox 713 2249 2296 2305; baseline -0.002 0"><span class='ocrx_word' id='word_1_260' title='bbox 713 2252 872 2305; x_wconf 88' lang='lat' dir='ltr'><strong>otiosi</strong></span> <span class='ocrx_word' id='word_1_261' title='bbox 924 2265 1046 2305; x_wconf 89' lang='lat' dir='ltr'><strong>esse</strong></span> <span class='ocrx_word' id='word_1_262' title='bbox 1100 2266 1204 2304; x_wconf 92' lang='lat' dir='ltr'><strong>non</strong></span> <span class='ocrx_word' id='word_1_263' title='bbox 1253 2251 1534 2305; x_wconf 88' lang='lat' dir='ltr'><strong>debemus.</strong></span> <span class='ocrx_word' id='word_1_264' title='bbox 1584 2249 1644 2303; x_wconf 89' lang='lat' dir='ltr'><strong>ln</strong></span> <span class='ocrx_word' id='word_1_265' title='bbox 1694 2252 2060 2303; x_wconf 85' lang='lat' dir='ltr'><strong>summitatem</strong></span> <span class='ocrx_word' id='word_1_266' title='bbox 2114 2260 2296 2302; x_wconf 76' lang='lat' dir='ltr'><strong>autem</strong></span> 
     </span>
    </p>
   </div>
   <div class='ocr_carea' id='block_1_36' title="bbox 715 2340 2296 2409">
    <p class='ocr_par' dir='ltr' id='par_1_36' title="bbox 715 2340 2296 2409">
     <span class='ocr_line' id='line_1_36' title="bbox 715 2340 2296 2409; baseline -0.003 -12"><span class='ocrx_word' id='word_1_267' title='bbox 715 2344 980 2408; x_wconf 87' lang='lat' dir='ltr'><strong>ascendit,</strong></span> <span class='ocrx_word' id='word_1_268' title='bbox 1016 2340 1097 2395; x_wconf 87' lang='lat' dir='ltr'><strong>vel</strong></span> <span class='ocrx_word' id='word_1_269' title='bbox 1143 2342 1355 2403; x_wconf 88' lang='lat' dir='ltr'><strong>crucis,</strong></span> <span class='ocrx_word' id='word_1_270' title='bbox 1392 2342 1475 2395; x_wconf 81' lang='lat' dir='ltr'><strong>vel</strong></span> <span class='ocrx_word' id='word_1_271' title='bbox 1524 2342 1647 2395; x_wconf 71' lang='grc' dir='ltr'>σαιΙί</span> <span class='ocrx_word' id='word_1_272' title='bbox 1696 2357 1790 2409; x_wconf 89' lang='lat' dir='ltr'><strong>per</strong></span> <span class='ocrx_word' id='word_1_273' title='bbox 1816 2341 2241 2409; x_wconf 89' lang='lat' dir='ltr'><strong>assumptionem</strong></span> <span class='ocrx_word' id='word_1_274' title='bbox 2279 2354 2296 2391; x_wconf 86' lang='lat'><strong>:</strong></span> 
     </span>
    </p>
   </div>
   <div class='ocr_carea' id='block_1_37' title="bbox 717 2434 2295 2507">
    <p class='ocr_par' dir='ltr' id='par_1_37' title="bbox 717 2434 2295 2507">
     <span class='ocr_line' id='line_1_37' title="bbox 717 2434 2295 2507; baseline 0.001 -20"><span class='ocrx_word' id='word_1_275' title='bbox 717 2438 859 2504; x_wconf 88' lang='lat' dir='ltr'><strong>quod</strong></span> <span class='ocrx_word' id='word_1_276' title='bbox 900 2447 950 2491; x_wconf 71' lang='grc' dir='ltr'><strong>ιιι</strong></span> <span class='ocrx_word' id='word_1_277' title='bbox 985 2437 1163 2507; x_wconf 91' lang='lat' dir='ltr'><strong>potius</strong></span> <span class='ocrx_word' id='word_1_278' title='bbox 1192 2444 1299 2499; x_wconf 89' lang='lat' dir='ltr'><strong>est,</strong></span> <span class='ocrx_word' id='word_1_279' title='bbox 1341 2434 1488 2489; x_wconf 84' lang='lat' dir='ltr'><strong>velut</strong></span> <span class='ocrx_word' id='word_1_280' title='bbox 1513 2450 1577 2495; x_wconf 82' lang='lat' dir='ltr'><strong>ex</strong></span> <span class='ocrx_word' id='word_1_281' title='bbox 1615 2436 2079 2504; x_wconf 81' lang='lat' dir='ltr'><strong>consequentibus</strong></span> <span class='ocrx_word' id='word_1_282' title='bbox 2110 2435 2295 2504; x_wconf 87' lang='lat' dir='ltr'><strong>liquet.</strong></span> 
     </span>
    </p>
   </div>
   <div class='ocr_carea' id='block_1_38' title="bbox 716 2525 2299 2593">
    <p class='ocr_par' dir='ltr' id='par_1_38' title="bbox 716 2525 2299 2593">
     <span class='ocr_line' id='line_1_38' title="bbox 716 2525 2299 2593; baseline 0 -16"><span class='ocrx_word' id='word_1_283' title='bbox 716 2527 940 2592; x_wconf 78' lang='lat' dir='ltr'><strong>Qualem</strong></span> <span class='ocrx_word' id='word_1_284' title='bbox 972 2538 1149 2582; x_wconf 86' lang='lat' dir='ltr'><strong>autem</strong></span> <span class='ocrx_word' id='word_1_285' title='bbox 1192 2526 1559 2593; x_wconf 73' lang='lat' dir='ltr'><strong>captivitatem</strong></span> <span class='ocrx_word' id='word_1_286' title='bbox 1606 2525 1779 2579; x_wconf 87' lang='lat' dir='ltr'><strong>dicit?</strong></span> <span class='ocrx_word' id='word_1_287' title='bbox 1819 2525 2027 2579; x_wconf 84' lang='lat' dir='ltr'><strong>Diaboli</strong></span> <span class='ocrx_word' id='word_1_288' title='bbox 2065 2541 2080 2578; x_wconf 92' lang='lat'><strong>:</strong></span> <span class='ocrx_word' id='word_1_289' title='bbox 2124 2527 2299 2593; x_wconf 82' lang='lat' dir='ltr'><strong>capti-</strong></span> 
     </span>
    </p>
   </div>
   <div class='ocr_carea' id='block_1_39' title="bbox 718 2617 2292 2685">
    <p class='ocr_par' dir='ltr' id='par_1_39' title="bbox 718 2617 2292 2685">
     <span class='ocr_line' id='line_1_39' title="bbox 718 2617 2292 2685; baseline 0.003 -18"><span class='ocrx_word' id='word_1_290' title='bbox 718 2634 841 2670; x_wconf 83' lang='lat' dir='ltr'><strong>vum</strong></span> <span class='ocrx_word' id='word_1_291' title='bbox 891 2620 1035 2671; x_wconf 91' lang='lat' dir='ltr'><strong>enim</strong></span> <span class='ocrx_word' id='word_1_292' title='bbox 1085 2618 1227 2685; x_wconf 87' lang='lat' dir='ltr'><strong>cepit</strong></span> <span class='ocrx_word' id='word_1_293' title='bbox 1277 2618 1570 2677; x_wconf 88' lang='lat' dir='ltr'><strong>diabolum.</strong></span> <span class='ocrx_word' id='word_1_294' title='bbox 1625 2629 1680 2671; x_wconf 87' lang='lat' dir='ltr'><strong>et</strong></span> <span class='ocrx_word' id='word_1_295' title='bbox 1727 2628 1979 2683; x_wconf 89' lang='lat' dir='ltr'><strong>mortem,</strong></span> <span class='ocrx_word' id='word_1_296' title='bbox 2029 2627 2083 2673; x_wconf 88' lang='lat' dir='ltr'><strong>et</strong></span> <span class='ocrx_word' id='word_1_297' title='bbox 2124 2617 2292 2672; x_wconf 87' lang='lat' dir='ltr'><strong>male-</strong></span> 
     </span>
    </p>
   </div>
   <div class='ocr_carea' id='block_1_40' title="bbox 720 2707 2299 2777">
    <p class='ocr_par' dir='ltr' id='par_1_40' title="bbox 720 2707 2299 2777">
     <span class='ocr_line' id='line_1_40' title="bbox 720 2707 2299 2777; baseline 0.003 -17"><span class='ocrx_word' id='word_1_298' title='bbox 720 2708 1037 2773; x_wconf 86' lang='lat' dir='ltr'><strong>dictionem,</strong></span> <span class='ocrx_word' id='word_1_299' title='bbox 1068 2720 1121 2761; x_wconf 88' lang='lat' dir='ltr'><strong>et</strong></span> <span class='ocrx_word' id='word_1_300' title='bbox 1158 2719 1460 2776; x_wconf 89' lang='lat' dir='ltr'><strong>peccatum,</strong></span> <span class='ocrx_word' id='word_1_301' title='bbox 1505 2722 1713 2777; x_wconf 83' lang='lat' dir='ltr'><strong>uosque</strong></span> <span class='ocrx_word' id='word_1_302' title='bbox 1756 2708 1972 2763; x_wconf 84' lang='lat' dir='ltr'><strong>diabolo</strong></span> <span class='ocrx_word' id='word_1_303' title='bbox 2002 2707 2299 2777; x_wconf 86' lang='lat' dir='ltr'><strong>subjectos,</strong></span> 
     </span>
    </p>
   </div>
   <div class='ocr_carea' id='block_1_41' title="bbox 718 2801 1730 2869">
    <p class='ocr_par' dir='ltr' id='par_1_41' title="bbox 718 2801 1730 2869">
     <span class='ocr_line' id='line_1_41' title="bbox 718 2801 1730 2869; baseline 0.001 -16"><span class='ocrx_word' id='word_1_304' title='bbox 718 2802 1274 2869; x_wconf 74' lang='lat' dir='ltr'><strong>commemoratisque</strong></span> <span class='ocrx_word' id='word_1_305' title='bbox 1299 2801 1409 2868; x_wconf 88' lang='lat' dir='ltr'><strong>jam</strong></span> <span class='ocrx_word' id='word_1_306' title='bbox 1440 2801 1730 2855; x_wconf 77' lang='lat' dir='ltr'><strong>obnoxios.</strong></span> 
     </span>
    </p>
   </div>
   <div class='ocr_carea' id='block_1_42' title="bbox 788 2890 2301 2961">
    <p class='ocr_par' dir='ltr' id='par_1_42' title="bbox 788 2890 2301 2961">
     <span class='ocr_line' id='line_1_42' title="bbox 788 2890 2301 2961; baseline 0.003 -18"><span class='ocrx_word' id='word_1_307' title='bbox 788 2891 955 2944; x_wconf 76' lang='lat' dir='ltr'><strong>Vsus.</strong></span> <span class='ocrx_word' id='word_1_308' title='bbox 986 2890 1043 2954; x_wconf 89' lang='lat'><strong>9,</strong></span> <span class='ocrx_word' id='word_1_309' title='bbox 1089 2891 1175 2945; x_wconf 80' lang='grc' dir='ltr'><strong>ιθ.</strong></span> <span class='ocrx_word' id='word_1_310' title='bbox 1219 2909 1237 2941; x_wconf 78' lang='grc' dir='ltr'><strong>ι</strong></span> <span class='ocrx_word' id='word_1_311' title='bbox 1280 2890 1429 2956; x_wconf 87' lang='lat' dir='ltr'><strong>Quod</strong></span> <span class='ocrx_word' id='word_1_312' title='bbox 1482 2904 1663 2944; x_wconf 88' lang='lat' dir='ltr'><strong>autem</strong></span> <span class='ocrx_word' id='word_1_313' title='bbox 1703 2891 1968 2956; x_wconf 87' lang='lat' dir='ltr'><strong>ascendit,</strong></span> <span class='ocrx_word' id='word_1_314' title='bbox 2014 2892 2146 2961; x_wconf 88' lang='lat' dir='ltr'><strong>quid</strong></span> <span class='ocrx_word' id='word_1_315' title='bbox 2196 2902 2301 2961; x_wconf 87' lang='lat' dir='ltr'><strong>est,</strong></span> 
     </span>
    </p>
   </div>
   <div class='ocr_carea' id='block_1_43' title="bbox 723 2984 2303 3054">
    <p class='ocr_par' dir='ltr' id='par_1_43' title="bbox 723 2984 2303 3054">
     <span class='ocr_line' id='line_1_43' title="bbox 723 2984 2303 3054; baseline 0.003 -17"><span class='ocrx_word' id='word_1_316' title='bbox 723 2984 827 3038; x_wconf 91' lang='lat' dir='ltr'><strong>nisi</strong></span> <span class='ocrx_word' id='word_1_317' title='bbox 863 2985 1004 3050; x_wconf 89' lang='lat' dir='ltr'><strong>quod</strong></span> <span class='ocrx_word' id='word_1_318' title='bbox 1044 2985 1385 3039; x_wconf 86' lang='lat' dir='ltr'><strong>descenderit</strong></span> <span class='ocrx_word' id='word_1_319' title='bbox 1435 2985 1597 3038; x_wconf 66' lang='lat' dir='ltr'><strong>etiam</strong></span> <span class='ocrx_word' id='word_1_320' title='bbox 1632 2984 1865 3054; x_wconf 89' lang='lat' dir='ltr'><strong>primum</strong></span> <span class='ocrx_word' id='word_1_321' title='bbox 1914 2984 1968 3038; x_wconf 88' lang='lat' dir='ltr'><strong>in</strong></span> <span class='ocrx_word' id='word_1_322' title='bbox 2017 2984 2303 3041; x_wconf 83' lang='lat' dir='ltr'><strong>inferiores</strong></span> 
     </span>
    </p>
   </div>
   <div class='ocr_carea' id='block_1_44' title="bbox 2400 1788 4001 1858">
    <p class='ocr_par' dir='ltr' id='par_1_44' title="bbox 2400 1788 4001 1858">
     <span class='ocr_line' id='line_1_44' title="bbox 2400 1788 4001 1858; baseline 0.001 -18"><span class='ocrx_word' id='word_1_323' title='bbox 2400 1789 2576 1857; x_wconf 82' lang='grc' dir='ltr'>φήτης</span> <span class='ocrx_word' id='word_1_324' title='bbox 2615 1788 2787 1855; x_wconf 81' lang='grc' dir='ltr'><strong>λέγει,</strong></span> <span class='ocrx_word' id='word_1_325' title='bbox 2814 1788 2892 1840; x_wconf 82' lang='grc' dir='ltr'>ὄτι</span> <span class='ocrx_word' id='word_1_326' title='bbox 2931 1806 2949 1838; x_wconf 76' lang='grc' dir='ltr'><strong>ι</strong></span> <span class='ocrx_word' id='word_1_327' title='bbox 2994 1788 3201 1841; x_wconf 84' lang='grc' dir='ltr'>Ἔδωκε</span> <span class='ocrx_word' id='word_1_328' title='bbox 3242 1789 3453 1857; x_wconf 78' lang='grc' dir='ltr'>δόματα</span> <span class='ocrx_word' id='word_1_329' title='bbox 3472 1792 3585 1852; x_wconf 90' lang='grc' dir='ltr'>τοῖς</span> <span class='ocrx_word' id='word_1_330' title='bbox 3609 1790 3953 1858; x_wconf 75' lang='grc' dir='ltr'>ἀνθρώποις.</span> <span class='ocrx_word' id='word_1_331' title='bbox 3982 1812 4001 1842; x_wconf 74' lang='grc' dir='ltr'><strong>ι</strong></span> 
     </span>
    </p>
   </div>
   <div class='ocr_carea' id='block_1_45' title="bbox 2398 1880 4001 1953">
    <p class='ocr_par' dir='ltr' id='par_1_45' title="bbox 2398 1880 4001 1953">
     <span class='ocr_line' id='line_1_45' title="bbox 2398 1880 4001 1953; baseline 0.001 -20"><span class='ocrx_word' id='word_1_332' title='bbox 2398 1880 2509 1933; x_wconf 77' lang='lat' dir='ltr'><strong>Kal.</strong></span> <span class='ocrx_word' id='word_1_333' title='bbox 2571 1880 2677 1951; x_wconf 74' lang='grc' dir='ltr'>μὴν</span> <span class='ocrx_word' id='word_1_334' title='bbox 2732 1882 2760 1932; x_wconf 74' lang='grc' dir='ltr'><strong>ὁ</strong></span> <span class='ocrx_word' id='word_1_335' title='bbox 2811 1882 3098 1949; x_wconf 75' lang='grc' dir='ltr'>προφήτης</span> <span class='ocrx_word' id='word_1_336' title='bbox 3136 1900 3154 1932; x_wconf 85' lang='lat' dir='ltr'><strong>t</strong></span> <span class='ocrx_word' id='word_1_337' title='bbox 3191 1881 3426 1944; x_wconf 87' lang='grc' dir='ltr'>Ἔλαϐες</span> <span class='ocrx_word' id='word_1_338' title='bbox 3452 1920 3467 1944; x_wconf 91' lang='grc'><strong>,</strong></span> <span class='ocrx_word' id='word_1_339' title='bbox 3495 1884 3627 1951; x_wconf 69' lang='grc' dir='ltr'>φησι</span> <span class='ocrx_word' id='word_1_340' title='bbox 3655 1923 3669 1946; x_wconf 76' lang='lat'><strong>,</strong></span> <span class='ocrx_word' id='word_1_341' title='bbox 3697 1883 3937 1953; x_wconf 88' lang='grc' dir='ltr'>δόματα·</span> <span class='ocrx_word' id='word_1_342' title='bbox 3982 1904 4001 1935; x_wconf 77' lang='grc' dir='ltr'><strong>ι</strong></span> 
     </span>
    </p>
   </div>
   <div class='ocr_carea' id='block_1_46' title="bbox 2398 1972 4004 2047">
    <p class='ocr_par' dir='ltr' id='par_1_46' title="bbox 2398 1972 4004 2047">
     <span class='ocr_line' id='line_1_46' title="bbox 2398 1972 4004 2047; baseline 0.002 -22"><span class='ocrx_word' id='word_1_343' title='bbox 2398 1972 2598 2025; x_wconf 81' lang='grc' dir='ltr'>ταυτὸν</span> <span class='ocrx_word' id='word_1_344' title='bbox 2650 1973 2706 2025; x_wconf 86' lang='grc' dir='ltr'><strong>δέ</strong></span> <span class='ocrx_word' id='word_1_345' title='bbox 2758 1974 2898 2025; x_wconf 82' lang='grc' dir='ltr'>ἐστι.</span> <span class='ocrx_word' id='word_1_346' title='bbox 2931 1974 3117 2036; x_wconf 68' lang='grc' dir='ltr'>Διδοῦς</span> <span class='ocrx_word' id='word_1_347' title='bbox 3142 1973 3251 2043; x_wconf 90' lang='grc' dir='ltr'><strong>γάρ</strong></span> <span class='ocrx_word' id='word_1_348' title='bbox 3282 1975 3310 2027; x_wconf 86' lang='grc' dir='ltr'>ὁ</span> <span class='ocrx_word' id='word_1_349' title='bbox 3330 1974 3465 2039; x_wconf 65' lang='grc' dir='ltr'><strong>θεὸς</strong></span> <span class='ocrx_word' id='word_1_350' title='bbox 3485 1976 3531 2007; x_wconf 81' lang='lat'><strong>”</strong></span> <span class='ocrx_word' id='word_1_351' title='bbox 3561 1978 3627 2028; x_wconf 74' lang='grc' dir='ltr'><strong>τά</strong></span> <span class='ocrx_word' id='word_1_352' title='bbox 3654 1977 4004 2047; x_wconf 72' lang='grc' dir='ltr'>χαρίσματα,</span> 
     </span>
    </p>
   </div>
   <div class='ocr_carea' id='block_1_47' title="bbox 2398 2061 4005 2139">
    <p class='ocr_par' dir='ltr' id='par_1_47' title="bbox 2398 2061 4005 2139">
     <span class='ocr_line' id='line_1_47' title="bbox 2398 2061 4005 2139; baseline 0.003 -21"><span class='ocrx_word' id='word_1_353' title='bbox 2398 2061 2798 2135; x_wconf 86' lang='grc' dir='ltr'>ἀντιλαμϐάνει</span> <span class='ocrx_word' id='word_1_354' title='bbox 2826 2066 2923 2134; x_wconf 78' lang='grc' dir='ltr'>τὴν</span> <span class='ocrx_word' id='word_1_355' title='bbox 2951 2066 3247 2120; x_wconf 83' lang='grc' dir='ltr'>διακονίαν.</span> <span class='ocrx_word' id='word_1_356' title='bbox 3281 2066 3339 2120; x_wconf 82' lang='grc' dir='ltr'><strong>Ὀ</strong></span> <span class='ocrx_word' id='word_1_357' title='bbox 3369 2067 3477 2137; x_wconf 72' lang='grc' dir='ltr'><strong>γὰρ</strong></span> <span class='ocrx_word' id='word_1_358' title='bbox 3515 2068 3698 2121; x_wconf 78' lang='grc' dir='ltr'>λαϐὼν</span> <span class='ocrx_word' id='word_1_359' title='bbox 3725 2070 4005 2139; x_wconf 70' lang='grc' dir='ltr'>χάρισμα.</span> 
     </span>
    </p>
   </div>
   <div class='ocr_carea' id='block_1_48' title="bbox 2398 2158 4008 2230">
    <p class='ocr_par' dir='ltr' id='par_1_48' title="bbox 2398 2158 4008 2230">
     <span class='ocr_line' id='line_1_48' title="bbox 2398 2158 4008 2230; baseline 0.002 -19"><span class='ocrx_word' id='word_1_360' title='bbox 2398 2158 2486 2212; x_wconf 75' lang='grc' dir='ltr'><strong>διὰ</strong></span> <span class='ocrx_word' id='word_1_361' title='bbox 2522 2160 2584 2211; x_wconf 75' lang='grc' dir='ltr'><strong>τὸ</strong></span> <span class='ocrx_word' id='word_1_362' title='bbox 2621 2161 2864 2229; x_wconf 83' lang='grc' dir='ltr'>ἐνεργεῖν</span> <span class='ocrx_word' id='word_1_363' title='bbox 2905 2177 2957 2211; x_wconf 94' lang='grc' dir='ltr'><strong>τι</strong></span> <span class='ocrx_word' id='word_1_364' title='bbox 3002 2160 3091 2211; x_wconf 71' lang='grc' dir='ltr'>καὶ</span> <span class='ocrx_word' id='word_1_365' title='bbox 3123 2161 3322 2230; x_wconf 83' lang='grc' dir='ltr'>κοπιᾷν</span> <span class='ocrx_word' id='word_1_366' title='bbox 3372 2161 3660 2230; x_wconf 87' lang='grc' dir='ltr'>λαμϐάνει.</span> <span class='ocrx_word' id='word_1_367' title='bbox 3687 2164 3909 2215; x_wconf 74' lang='grc' dir='ltr'><strong>υὺκοῦν</strong></span> <span class='ocrx_word' id='word_1_368' title='bbox 3945 2166 4008 2216; x_wconf 67' lang='grc' dir='ltr'>οὗ</span> 
     </span>
    </p>
   </div>
   <div class='ocr_carea' id='block_1_49' title="bbox 2402 2249 4005 2324">
    <p class='ocr_par' dir='ltr' id='par_1_49' title="bbox 2402 2249 4005 2324">
     <span class='ocr_line' id='line_1_49' title="bbox 2402 2249 4005 2324; baseline 0.005 -23"><span class='ocrx_word' id='word_1_369' title='bbox 2402 2249 2484 2302; x_wconf 86' lang='grc' dir='ltr'>δεῖ</span> <span class='ocrx_word' id='word_1_370' title='bbox 2514 2250 2745 2319; x_wconf 83' lang='grc' dir='ltr'><strong>ἀθυμεῖν</strong></span> <span class='ocrx_word' id='word_1_371' title='bbox 2773 2250 2839 2302; x_wconf 86' lang='grc'><strong>⁸⁷.</strong></span> <span class='ocrx_word' id='word_1_372' title='bbox 2874 2251 2969 2313; x_wconf 81' lang='grc' dir='ltr'><strong>Εἰς</strong></span> <span class='ocrx_word' id='word_1_373' title='bbox 3023 2250 3154 2319; x_wconf 73' lang='grc' dir='ltr'>ὕψος</span> <span class='ocrx_word' id='word_1_374' title='bbox 3181 2250 3239 2303; x_wconf 79' lang='grc' dir='ltr'>δὲ</span> <span class='ocrx_word' id='word_1_375' title='bbox 3273 2250 3438 2318; x_wconf 88' lang='grc' dir='ltr'>ἀνέϐη</span> <span class='ocrx_word' id='word_1_376' title='bbox 3463 2252 3495 2322; x_wconf 79' lang='grc' dir='ltr'>ἦ</span> <span class='ocrx_word' id='word_1_377' title='bbox 3523 2252 3585 2305; x_wconf 86' lang='grc' dir='ltr'>τὸ</span> <span class='ocrx_word' id='word_1_378' title='bbox 3611 2252 3706 2305; x_wconf 81' lang='grc' dir='ltr'>τοῦ</span> <span class='ocrx_word' id='word_1_379' title='bbox 3738 2254 4005 2324; x_wconf 76' lang='grc' dir='ltr'>σταυροῦ.</span> 
     </span>
    </p>
   </div>
   <div class='ocr_carea' id='block_1_50' title="bbox 2401 2340 4009 2415">
    <p class='ocr_par' dir='ltr' id='par_1_50' title="bbox 2401 2340 4009 2415">
     <span class='ocr_line' id='line_1_50' title="bbox 2401 2340 4009 2415; baseline 0.003 -22"><span class='ocrx_word' id='word_1_380' title='bbox 2401 2340 2434 2409; x_wconf 83' lang='grc' dir='ltr'>ἦ</span> <span class='ocrx_word' id='word_1_381' title='bbox 2459 2343 2517 2393; x_wconf 71' lang='grc' dir='ltr'>τὸ</span> <span class='ocrx_word' id='word_1_382' title='bbox 2548 2342 2641 2394; x_wconf 80' lang='grc' dir='ltr'>τοῦ</span> <span class='ocrx_word' id='word_1_383' title='bbox 2678 2341 2935 2410; x_wconf 85' lang='grc' dir='ltr'>οὑρανοῦ,</span> <span class='ocrx_word' id='word_1_384' title='bbox 2988 2344 3046 2394; x_wconf 84' lang='grc' dir='ltr'>ὲν</span> <span class='ocrx_word' id='word_1_385' title='bbox 3077 2346 3142 2410; x_wconf 84' lang='grc' dir='ltr'>τῇ</span> <span class='ocrx_word' id='word_1_386' title='bbox 3168 2342 3462 2412; x_wconf 65' lang='grc' dir='ltr'>ἀναλήψειο</span> <span class='ocrx_word' id='word_1_387' title='bbox 3505 2344 3533 2395; x_wconf 83' lang='grc' dir='ltr'>ὃ</span> <span class='ocrx_word' id='word_1_388' title='bbox 3565 2345 3658 2396; x_wconf 78' lang='grc' dir='ltr'>καὶ</span> <span class='ocrx_word' id='word_1_389' title='bbox 3696 2347 3905 2415; x_wconf 65' lang='grc' dir='ltr'>μᾶλλον</span> <span class='ocrx_word' id='word_1_390' title='bbox 3932 2349 4009 2409; x_wconf 78' lang='grc' dir='ltr'>ὡς</span> 
     </span>
    </p>
   </div>
   <div class='ocr_carea' id='block_1_51' title="bbox 2406 2432 4009 2505">
    <p class='ocr_par' dir='ltr' id='par_1_51' title="bbox 2406 2432 4009 2505">
     <span class='ocr_line' id='line_1_51' title="bbox 2406 2432 4009 2505; baseline 0.003 -21"><span class='ocrx_word' id='word_1_391' title='bbox 2406 2432 2471 2485; x_wconf 80' lang='grc' dir='ltr'>ὲκ</span> <span class='ocrx_word' id='word_1_392' title='bbox 2509 2432 2616 2484; x_wconf 85' lang='grc' dir='ltr'><strong>τῶν</strong></span> <span class='ocrx_word' id='word_1_393' title='bbox 2669 2434 3029 2503; x_wconf 76' lang='grc' dir='ltr'>ἐπαγομένων</span> <span class='ocrx_word' id='word_1_394' title='bbox 3073 2434 3251 2503; x_wconf 80' lang='grc' dir='ltr'>δῆλον.</span> <span class='ocrx_word' id='word_1_395' title='bbox 3306 2436 3473 2487; x_wconf 80' lang='grc' dir='ltr'>Ποίαν</span> <span class='ocrx_word' id='word_1_396' title='bbox 3515 2435 3571 2489; x_wconf 86' lang='grc' dir='ltr'>δὲ</span> <span class='ocrx_word' id='word_1_397' title='bbox 3618 2438 4009 2505; x_wconf 72' lang='grc' dir='ltr'><strong>αἰχμαλωσίαν</strong></span> 
     </span>
    </p>
   </div>
   <div class='ocr_carea' id='block_1_52' title="bbox 2404 2527 4010 2598">
    <p class='ocr_par' dir='ltr' id='par_1_52' title="bbox 2404 2527 4010 2598">
     <span class='ocr_line' id='line_1_52' title="bbox 2404 2527 4010 2598; baseline 0 -19"><span class='ocrx_word' id='word_1_398' title='bbox 2404 2528 2569 2595; x_wconf 61' lang='lat' dir='ltr'><strong>(mai;</strong></span> <span class='ocrx_word' id='word_1_399' title='bbox 2600 2529 2710 2598; x_wconf 80' lang='grc' dir='ltr'><strong>Τὴν</strong></span> <span class='ocrx_word' id='word_1_400' title='bbox 2738 2528 2832 2581; x_wconf 76' lang='grc' dir='ltr'>τοῦ</span> <span class='ocrx_word' id='word_1_401' title='bbox 2871 2527 3121 2581; x_wconf 83' lang='grc' dir='ltr'>διαϐόλου</span> <span class='ocrx_word' id='word_1_402' title='bbox 3146 2541 3158 2554; x_wconf 91' lang='grc'><strong>·</strong></span> <span class='ocrx_word' id='word_1_403' title='bbox 3194 2527 3544 2597; x_wconf 71' lang='grc' dir='ltr'>αἰχμάλωτον</span> <span class='ocrx_word' id='word_1_404' title='bbox 3576 2528 3684 2596; x_wconf 71' lang='grc' dir='ltr'><strong>γὰρ</strong></span> <span class='ocrx_word' id='word_1_405' title='bbox 3718 2529 3885 2581; x_wconf 75' lang='grc' dir='ltr'>ἔλαϐε</span> <span class='ocrx_word' id='word_1_406' title='bbox 3916 2531 4010 2581; x_wconf 68' lang='grc' dir='ltr'>τὶν</span> 
     </span>
    </p>
   </div>
   <div class='ocr_carea' id='block_1_53' title="bbox 2406 2618 4008 2689">
    <p class='ocr_par' dir='ltr' id='par_1_53' title="bbox 2406 2618 4008 2689">
     <span class='ocr_line' id='line_1_53' title="bbox 2406 2618 4008 2689; baseline 0 -19"><span class='ocrx_word' id='word_1_407' title='bbox 2406 2618 2678 2682; x_wconf 75' lang='grc' dir='ltr'>διάϐολον,</span> <span class='ocrx_word' id='word_1_408' title='bbox 2733 2621 2829 2672; x_wconf 79' lang='grc' dir='ltr'><strong>καὶ</strong></span> <span class='ocrx_word' id='word_1_409' title='bbox 2877 2620 2970 2671; x_wconf 78' lang='grc' dir='ltr'>τὸν</span> <span class='ocrx_word' id='word_1_410' title='bbox 3016 2620 3269 2683; x_wconf 88' lang='grc' dir='ltr'>θάνατον,</span> <span class='ocrx_word' id='word_1_411' title='bbox 3321 2621 3414 2672; x_wconf 79' lang='grc' dir='ltr'>καὶ</span> <span class='ocrx_word' id='word_1_412' title='bbox 3448 2619 3544 2688; x_wconf 85' lang='grc' dir='ltr'>τὴν</span> <span class='ocrx_word' id='word_1_413' title='bbox 3571 2620 3736 2689; x_wconf 67' lang='grc' dir='ltr'>ἀρὰν,</span> <span class='ocrx_word' id='word_1_414' title='bbox 3775 2621 3877 2672; x_wconf 74' lang='grc' dir='ltr'>καὶ</span> <span class='ocrx_word' id='word_1_415' title='bbox 3907 2623 4008 2689; x_wconf 68' lang='grc' dir='ltr'>τὴν</span> 
     </span>
    </p>
   </div>
   <div class='ocr_carea' id='block_1_54' title="bbox 2405 2711 4007 2782">
    <p class='ocr_par' dir='ltr' id='par_1_54' title="bbox 2405 2711 4007 2782">
     <span class='ocr_line' id='line_1_54' title="bbox 2405 2711 4007 2782; baseline 0.001 -19"><span class='ocrx_word' id='word_1_416' title='bbox 2405 2711 2705 2782; x_wconf 77' lang='grc' dir='ltr'>ἁμαρτίαν,</span> <span class='ocrx_word' id='word_1_417' title='bbox 2740 2712 2836 2763; x_wconf 79' lang='grc' dir='ltr'><strong>καὶ</strong></span> <span class='ocrx_word' id='word_1_418' title='bbox 2871 2713 3017 2781; x_wconf 80' lang='grc' dir='ltr'>ἡμᾶς</span> <span class='ocrx_word' id='word_1_419' title='bbox 3046 2712 3101 2763; x_wconf 81' lang='grc' dir='ltr'>δὲ</span> <span class='ocrx_word' id='word_1_420' title='bbox 3131 2712 3258 2775; x_wconf 73' lang='grc' dir='ltr'>τοὺς</span> <span class='ocrx_word' id='word_1_421' title='bbox 3283 2711 3389 2764; x_wconf 81' lang='grc' dir='ltr'>ὑπὸ</span> <span class='ocrx_word' id='word_1_422' title='bbox 3420 2711 3512 2764; x_wconf 81' lang='grc' dir='ltr'>τοῦ</span> <span class='ocrx_word' id='word_1_423' title='bbox 3536 2712 3785 2765; x_wconf 76' lang='grc' dir='ltr'>διαϐόλου</span> <span class='ocrx_word' id='word_1_424' title='bbox 3816 2713 4007 2777; x_wconf 71' lang='grc' dir='ltr'>ὄντας,</span> 
     </span>
    </p>
   </div>
   <div class='ocr_carea' id='block_1_55' title="bbox 2410 2803 3337 2875">
    <p class='ocr_par' dir='ltr' id='par_1_55' title="bbox 2410 2803 3337 2875">
     <span class='ocr_line' id='line_1_55' title="bbox 2410 2803 3337 2875; baseline 0 -19"><span class='ocrx_word' id='word_1_425' title='bbox 2410 2803 2505 2857; x_wconf 79' lang='grc' dir='ltr'><strong>καὶ</strong></span> <span class='ocrx_word' id='word_1_426' title='bbox 2535 2806 2648 2866; x_wconf 86' lang='grc' dir='ltr'>τοῖς</span> <span class='ocrx_word' id='word_1_427' title='bbox 2680 2803 2929 2875; x_wconf 73' lang='grc' dir='ltr'><strong>ῥηθεῖσιν</strong></span> <span class='ocrx_word' id='word_1_428' title='bbox 2962 2804 3337 2874; x_wconf 73' lang='grc' dir='ltr'>ἐνεχομένους.</span> 
     </span>
    </p>
   </div>
   <div class='ocr_carea' id='block_1_56' title="bbox 2483 2894 4009 2966">
    <p class='ocr_par' dir='ltr' id='par_1_56' title="bbox 2483 2894 4009 2966">
     <span class='ocr_line' id='line_1_56' title="bbox 2483 2894 4009 2966; baseline 0.001 -20"><span class='ocrx_word' id='word_1_429' title='bbox 2483 2912 2501 2945; x_wconf 83' lang='lat' dir='ltr'><strong>t</strong></span> <span class='ocrx_word' id='word_1_430' title='bbox 2540 2896 2611 2947; x_wconf 77' lang='grc' dir='ltr'><strong>Τὸ</strong></span> <span class='ocrx_word' id='word_1_431' title='bbox 2642 2894 2719 2955; x_wconf 79' lang='grc' dir='ltr'>δὲ,</span> <span class='ocrx_word' id='word_1_432' title='bbox 2760 2894 2976 2964; x_wconf 78' lang='grc' dir='ltr'>’Λνέϐη,</span> <span class='ocrx_word' id='word_1_433' title='bbox 3015 2896 3068 2947; x_wconf 84' lang='grc' dir='ltr'><strong>τί</strong></span> <span class='ocrx_word' id='word_1_434' title='bbox 3114 2898 3285 2959; x_wconf 80' lang='grc' dir='ltr'>ἐστιν,</span> <span class='ocrx_word' id='word_1_435' title='bbox 3312 2897 3361 2949; x_wconf 86' lang='grc' dir='ltr'><strong>εί</strong></span> <span class='ocrx_word' id='word_1_436' title='bbox 3416 2897 3491 2966; x_wconf 86' lang='grc' dir='ltr'><strong>μὴ</strong></span> <span class='ocrx_word' id='word_1_437' title='bbox 3525 2898 3607 2949; x_wconf 83' lang='grc' dir='ltr'>ὅτι</span> <span class='ocrx_word' id='word_1_438' title='bbox 3647 2898 3744 2949; x_wconf 71' lang='grc' dir='ltr'>καὶ</span> <span class='ocrx_word' id='word_1_439' title='bbox 3793 2897 4009 2964; x_wconf 69' lang='grc' dir='ltr'>κατέϐη</span> 
     </span>
    </p>
   </div>
   <div class='ocr_carea' id='block_1_57' title="bbox 2406 2986 4004 3058">
    <p class='ocr_par' dir='ltr' id='par_1_57' title="bbox 2406 2986 4004 3058">
     <span class='ocr_line' id='line_1_57' title="bbox 2406 2986 4004 3058; baseline 0 -19"><span class='ocrx_word' id='word_1_440' title='bbox 2406 2988 2624 3058; x_wconf 81' lang='grc' dir='ltr'>πρῶτον</span> <span class='ocrx_word' id='word_1_441' title='bbox 2644 2990 2721 3051; x_wconf 81' lang='grc' dir='ltr'><strong>είς</strong></span> <span class='ocrx_word' id='word_1_442' title='bbox 2752 2988 2821 3039; x_wconf 79' lang='grc' dir='ltr'>τὰ</span> <span class='ocrx_word' id='word_1_443' title='bbox 2858 2988 3145 3055; x_wconf 81' lang='grc' dir='ltr'><strong>κατώτερα</strong></span> <span class='ocrx_word' id='word_1_444' title='bbox 3174 2986 3315 3057; x_wconf 87' lang='grc' dir='ltr'>μέρη</span> <span class='ocrx_word' id='word_1_445' title='bbox 3341 2990 3439 3057; x_wconf 86' lang='grc' dir='ltr'>τῆς</span> <span class='ocrx_word' id='word_1_446' title='bbox 3464 2990 3598 3056; x_wconf 79' lang='grc' dir='ltr'>γῆςς</span> <span class='ocrx_word' id='word_1_447' title='bbox 3670 2986 3732 3039; x_wconf 90' lang='grc' dir='ltr'>Ὅ</span> <span class='ocrx_word' id='word_1_448' title='bbox 3756 2988 3869 3055; x_wconf 74' lang='grc' dir='ltr'>γὰρ</span> <span class='ocrx_word' id='word_1_449' title='bbox 3902 3005 4004 3039; x_wconf 79' lang='grc' dir='ltr'>κα-</span> 
     </span>
    </p>
   </div>
   <div class='ocr_carea' id='block_1_58' title="bbox 719 3073 2298 3147">
    <p class='ocr_par' dir='ltr' id='par_1_58' title="bbox 719 3074 2291 3145">
     <span class='ocr_line' id='line_1_58' title="bbox 719 3074 2291 3145; baseline 0.003 -18"><span class='ocrx_word' id='word_1_450' title='bbox 719 3085 903 3145; x_wconf 83' lang='lat' dir='ltr'><strong>partcs</strong></span> <span class='ocrx_word' id='word_1_451' title='bbox 930 3085 1087 3129; x_wconf 76' lang='lat' dir='ltr'><strong>terra:</strong></span> <span class='ocrx_word' id='word_1_452' title='bbox 1114 3075 1137 3128; x_wconf 70' lang='grc' dir='ltr'><strong><em>Ἰ</em></strong></span> <span class='ocrx_word' id='word_1_453' title='bbox 1176 3074 1274 3141; x_wconf 88' lang='lat' dir='ltr'><strong>Qui</strong></span> <span class='ocrx_word' id='word_1_454' title='bbox 1304 3075 1603 3139; x_wconf 87' lang='lat' dir='ltr'><strong>descendit,</strong></span> <span class='ocrx_word' id='word_1_455' title='bbox 1629 3076 1745 3143; x_wconf 88' lang='lat' dir='ltr'><strong>ipse</strong></span> <span class='ocrx_word' id='word_1_456' title='bbox 1773 3084 1855 3129; x_wconf 89' lang='lat' dir='ltr'><strong>est</strong></span> <span class='ocrx_word' id='word_1_457' title='bbox 1885 3076 1974 3143; x_wconf 87' lang='lat' dir='ltr'><strong>qui</strong></span> <span class='ocrx_word' id='word_1_458' title='bbox 2013 3086 2070 3130; x_wconf 91' lang='lat' dir='ltr'><strong>et</strong></span> <span class='ocrx_word' id='word_1_459' title='bbox 2095 3092 2291 3132; x_wconf 85' lang='lat' dir='ltr'><strong>ascen-</strong></span> 
     </span>
    </p>
   </div>
   <div class='ocr_carea' id='block_1_59' title="bbox 2409 3073 4011 3147">
    <p class='ocr_par' dir='ltr' id='par_1_59' title="bbox 2409 3077 4011 3147">
     <span class='ocr_line' id='line_1_59' title="bbox 2409 3077 4011 3147; baseline -0.002 -15"><span class='ocrx_word' id='word_1_460' title='bbox 2409 3079 2569 3141; x_wconf 75' lang='grc' dir='ltr'>εαϐὰς</span> <span class='ocrx_word' id='word_1_461' title='bbox 2637 3080 2802 3142; x_wconf 87' lang='grc' dir='ltr'>αὑτός</span> <span class='ocrx_word' id='word_1_462' title='bbox 2851 3079 2967 3131; x_wconf 79' lang='grc' dir='ltr'>ἐστι</span> <span class='ocrx_word' id='word_1_463' title='bbox 3011 3077 3106 3130; x_wconf 77' lang='grc' dir='ltr'>καὶ</span> <span class='ocrx_word' id='word_1_464' title='bbox 3152 3079 3181 3130; x_wconf 81' lang='grc' dir='ltr'><strong>ὁ</strong></span> <span class='ocrx_word' id='word_1_465' title='bbox 3228 3077 3437 3140; x_wconf 72' lang='grc' dir='ltr'>ἀναϐάς</span> <span class='ocrx_word' id='word_1_466' title='bbox 3488 3077 3747 3147; x_wconf 81' lang='grc' dir='ltr'><strong>ὑπεράνω</strong></span> <span class='ocrx_word' id='word_1_467' title='bbox 3779 3078 4011 3129; x_wconf 79' lang='grc' dir='ltr'>πάντων</span> 
     </span>
    </p>
   </div>
   <div class='ocr_carea' id='block_1_60' title="bbox 720 3168 2303 3237">
    <p class='ocr_par' dir='ltr' id='par_1_60' title="bbox 720 3168 2303 3237">
     <span class='ocr_line' id='line_1_60' title="bbox 720 3168 2303 3237; baseline -0.001 -16"><span class='ocrx_word' id='word_1_468' title='bbox 720 3169 800 3221; x_wconf 88' lang='lat' dir='ltr'><strong>dit</strong></span> <span class='ocrx_word' id='word_1_469' title='bbox 827 3184 987 3236; x_wconf 91' lang='lat' dir='ltr'><strong>supra</strong></span> <span class='ocrx_word' id='word_1_470' title='bbox 1039 3182 1228 3222; x_wconf 90' lang='lat' dir='ltr'><strong>omnes</strong></span> <span class='ocrx_word' id='word_1_471' title='bbox 1275 3168 1465 3231; x_wconf 63' lang='lat' dir='ltr'><strong>caelos,</strong></span> <span class='ocrx_word' id='word_1_472' title='bbox 1509 3178 1566 3220; x_wconf 91' lang='lat' dir='ltr'><strong>ut</strong></span> <span class='ocrx_word' id='word_1_473' title='bbox 1615 3168 1864 3237; x_wconf 83' lang='lat' dir='ltr'><strong>impleret</strong></span> <span class='ocrx_word' id='word_1_474' title='bbox 1913 3168 2115 3222; x_wconf 91' lang='lat' dir='ltr'><strong>omnia.</strong></span> <span class='ocrx_word' id='word_1_475' title='bbox 2162 3188 2182 3219; x_wconf 73' lang='grc' dir='ltr'><strong>ι</strong></span> <span class='ocrx_word' id='word_1_476' title='bbox 2232 3171 2303 3225; x_wconf 78' lang='lat' dir='ltr'><strong>De</strong></span> 
     </span>
    </p>
   </div>
   <div class='ocr_carea' id='block_1_61' title="bbox 723 3258 2306 3328">
    <p class='ocr_par' dir='ltr' id='par_1_61' title="bbox 723 3258 2306 3328">
     <span class='ocr_line' id='line_1_61' title="bbox 723 3258 2306 3328; baseline 0.001 -16"><span class='ocrx_word' id='word_1_477' title='bbox 723 3260 1026 3313; x_wconf 88' lang='lat' dir='ltr'><strong>humilitate</strong></span> <span class='ocrx_word' id='word_1_478' title='bbox 1076 3259 1163 3313; x_wconf 90' lang='lat' dir='ltr'><strong>hic</strong></span> <span class='ocrx_word' id='word_1_479' title='bbox 1193 3260 1476 3327; x_wconf 83' lang='lat' dir='ltr'><strong>disputans</strong></span> <span class='ocrx_word' id='word_1_480' title='bbox 1499 3258 1718 3325; x_wconf 74' lang='lat' dir='ltr'><strong>Paulus,</strong></span> <span class='ocrx_word' id='word_1_481' title='bbox 1746 3258 2020 3313; x_wconf 88' lang='lat' dir='ltr'><strong>Christum</strong></span> <span class='ocrx_word' id='word_1_482' title='bbox 2053 3262 2306 3328; x_wconf 87' lang='lat' dir='ltr'><strong>producit</strong></span> 
     </span>
    </p>
   </div>
   <div class='ocr_carea' id='block_1_62' title="bbox 722 3349 2300 3421">
    <p class='ocr_par' dir='ltr' id='par_1_62' title="bbox 722 3349 2300 3421">
     <span class='ocr_line' id='line_1_62' title="bbox 722 3349 2300 3421; baseline 0.003 -19"><span class='ocrx_word' id='word_1_483' title='bbox 722 3350 1056 3416; x_wconf 79' lang='lat' dir='ltr'><strong>exemplum,</strong></span> <span class='ocrx_word' id='word_1_484' title='bbox 1105 3351 1247 3404; x_wconf 89' lang='lat' dir='ltr'><strong>sicut</strong></span> <span class='ocrx_word' id='word_1_485' title='bbox 1290 3351 1342 3403; x_wconf 93' lang='lat' dir='ltr'><strong>in</strong></span> <span class='ocrx_word' id='word_1_486' title='bbox 1388 3350 1623 3418; x_wconf 85' lang='lat' dir='ltr'><strong>Epistula</strong></span> <span class='ocrx_word' id='word_1_487' title='bbox 1672 3351 1737 3402; x_wconf 92' lang='lat' dir='ltr'><strong>ad</strong></span> <span class='ocrx_word' id='word_1_488' title='bbox 1786 3349 2163 3421; x_wconf 89' lang='lat' dir='ltr'><strong>Philippeuses</strong></span> <span class='ocrx_word' id='word_1_489' title='bbox 2213 3364 2234 3391; x_wconf 76' lang='grc' dir='ltr'><strong>ο</strong></span> <span class='ocrx_word' id='word_1_490' title='bbox 2287 3371 2300 3407; x_wconf 89' lang='lat'><strong>:</strong></span> 
     </span>
    </p>
   </div>
   <div class='ocr_carea' id='block_1_63' title="bbox 731 3440 2307 3509">
    <p class='ocr_par' dir='ltr' id='par_1_63' title="bbox 731 3440 2307 3509">
     <span class='ocr_line' id='line_1_63' title="bbox 731 3440 2307 3509; baseline 0.004 -18"><span class='ocrx_word' id='word_1_491' title='bbox 731 3440 1222 3505; x_wconf 83' lang='lat' dir='ltr'><strong>Quemadmodum,</strong></span> <span class='ocrx_word' id='word_1_492' title='bbox 1262 3440 1458 3509; x_wconf 88' lang='lat' dir='ltr'><strong>inquit,</strong></span> <span class='ocrx_word' id='word_1_493' title='bbox 1502 3440 1589 3493; x_wconf 89' lang='lat' dir='ltr'><strong>ille</strong></span> <span class='ocrx_word' id='word_1_494' title='bbox 1625 3456 1729 3494; x_wconf 88' lang='lat' dir='ltr'><strong>non</strong></span> <span class='ocrx_word' id='word_1_495' title='bbox 1774 3443 2048 3496; x_wconf 83' lang='lat' dir='ltr'><strong>recusavit</strong></span> <span class='ocrx_word' id='word_1_496' title='bbox 2080 3444 2307 3497; x_wconf 90' lang='lat' dir='ltr'><strong>descen-</strong></span> 
     </span>
    </p>
   </div>
   <div class='ocr_carea' id='block_1_64' title="bbox 724 3531 2305 3602">
    <p class='ocr_par' dir='ltr' id='par_1_64' title="bbox 724 3531 2305 3602">
     <span class='ocr_line' id='line_1_64' title="bbox 724 3531 2305 3602; baseline 0.003 -19"><span class='ocrx_word' id='word_1_497' title='bbox 724 3531 872 3597; x_wconf 89' lang='lat' dir='ltr'><strong>dere,</strong></span> <span class='ocrx_word' id='word_1_498' title='bbox 919 3532 998 3584; x_wconf 88' lang='lat' dir='ltr'><strong>sic</strong></span> <span class='ocrx_word' id='word_1_499' title='bbox 1050 3539 1106 3583; x_wconf 93' lang='lat' dir='ltr'><strong>et</strong></span> <span class='ocrx_word' id='word_1_500' title='bbox 1168 3546 1264 3585; x_wconf 87' lang='lat' dir='ltr'><strong>vos</strong></span> <span class='ocrx_word' id='word_1_501' title='bbox 1314 3546 1417 3584; x_wconf 92' lang='lat' dir='ltr'><strong>non</strong></span> <span class='ocrx_word' id='word_1_502' title='bbox 1480 3540 1729 3584; x_wconf 86' lang='lat' dir='ltr'><strong>recusate</strong></span> <span class='ocrx_word' id='word_1_503' title='bbox 1800 3546 1898 3602; x_wconf 90' lang='lat' dir='ltr'><strong>per</strong></span> <span class='ocrx_word' id='word_1_504' title='bbox 1944 3532 2305 3588; x_wconf 87' lang='lat' dir='ltr'><strong>humilitatem</strong></span> 
     </span>
    </p>
   </div>
   <div class='ocr_carea' id='block_1_65' title="bbox 729 3622 2307 3694">
    <p class='ocr_par' dir='ltr' id='par_1_65' title="bbox 729 3622 2307 3694">
     <span class='ocr_line' id='line_1_65' title="bbox 729 3622 2307 3694; baseline 0.004 -22"><span class='ocrx_word' id='word_1_505' title='bbox 729 3638 824 3676; x_wconf 88' lang='lat' dir='ltr'><strong>vos</strong></span> <span class='ocrx_word' id='word_1_506' title='bbox 885 3622 1195 3676; x_wconf 84' lang='lat' dir='ltr'><strong>demittere.</strong></span> <span class='ocrx_word' id='word_1_507' title='bbox 1255 3622 1408 3687; x_wconf 87' lang='lat' dir='ltr'><strong>Quod</strong></span> <span class='ocrx_word' id='word_1_508' title='bbox 1464 3622 1609 3676; x_wconf 90' lang='lat' dir='ltr'><strong>enim</strong></span> <span class='ocrx_word' id='word_1_509' title='bbox 1666 3624 2045 3688; x_wconf 87' lang='lat' dir='ltr'><strong>descenderit,</strong></span> <span class='ocrx_word' id='word_1_510' title='bbox 2097 3624 2307 3694; x_wconf 87' lang='lat' dir='ltr'><strong>perspi-</strong></span> 
     </span>
    </p>
   </div>
   <div class='ocr_carea' id='block_1_66' title="bbox 722 3711 2308 3783">
    <p class='ocr_par' dir='ltr' id='par_1_66' title="bbox 722 3711 2308 3783">
     <span class='ocr_line' id='line_1_66' title="bbox 722 3711 2308 3783; baseline 0.003 -17"><span class='ocrx_word' id='word_1_511' title='bbox 722 3728 883 3767; x_wconf 88' lang='lat' dir='ltr'><strong>cuum</strong></span> <span class='ocrx_word' id='word_1_512' title='bbox 914 3723 997 3767; x_wconf 85' lang='lat' dir='ltr'><strong>est</strong></span> <span class='ocrx_word' id='word_1_513' title='bbox 1039 3728 1104 3766; x_wconf 76' lang='lat' dir='ltr'><strong>ex</strong></span> <span class='ocrx_word' id='word_1_514' title='bbox 1147 3711 1435 3783; x_wconf 83' lang='lat' dir='ltr'><strong>Pmpheta,</strong></span> <span class='ocrx_word' id='word_1_515' title='bbox 1490 3714 1580 3782; x_wconf 87' lang='lat' dir='ltr'><strong>qui</strong></span> <span class='ocrx_word' id='word_1_516' title='bbox 1629 3728 1751 3767; x_wconf 91' lang='lat' dir='ltr'><strong>eum</strong></span> <span class='ocrx_word' id='word_1_517' title='bbox 1790 3716 2101 3771; x_wconf 87' lang='lat' dir='ltr'><strong>ascendisse</strong></span> <span class='ocrx_word' id='word_1_518' title='bbox 2155 3732 2308 3770; x_wconf 86' lang='lat' dir='ltr'><strong>asse-</strong></span> 
     </span>
    </p>
   </div>
   <div class='ocr_carea' id='block_1_67' title="bbox 727 3805 2306 3877">
    <p class='ocr_par' dir='ltr' id='par_1_67' title="bbox 727 3805 2306 3877">
     <span class='ocr_line' id='line_1_67' title="bbox 727 3805 2306 3877; baseline 0.003 -19"><span class='ocrx_word' id='word_1_519' title='bbox 727 3808 817 3859; x_wconf 90' lang='lat' dir='ltr'><strong>rit.</strong></span> <span class='ocrx_word' id='word_1_520' title='bbox 881 3808 955 3859; x_wconf 86' lang='lat' dir='ltr'><strong>De</strong></span> <span class='ocrx_word' id='word_1_521' title='bbox 1009 3806 1119 3859; x_wconf 83' lang='lat' dir='ltr'><strong>Deo</strong></span> <span class='ocrx_word' id='word_1_522' title='bbox 1182 3806 1328 3859; x_wconf 86' lang='lat' dir='ltr'><strong>enim</strong></span> <span class='ocrx_word' id='word_1_523' title='bbox 1389 3821 1510 3859; x_wconf 88' lang='lat' dir='ltr'><strong>cum</strong></span> <span class='ocrx_word' id='word_1_524' title='bbox 1578 3805 1776 3859; x_wconf 88' lang='lat' dir='ltr'><strong>dicitur</strong></span> <span class='ocrx_word' id='word_1_525' title='bbox 1835 3809 1978 3877; x_wconf 92' lang='lat' dir='ltr'><strong>quod</strong></span> <span class='ocrx_word' id='word_1_526' title='bbox 2041 3809 2306 3863; x_wconf 81' lang='lat' dir='ltr'><strong>ascende-</strong></span> 
     </span>
    </p>
   </div>
   <div class='ocr_carea' id='block_1_68' title="bbox 727 3897 2311 3965">
    <p class='ocr_par' dir='ltr' id='par_1_68' title="bbox 727 3897 2311 3965">
     <span class='ocr_line' id='line_1_68' title="bbox 727 3897 2311 3965; baseline 0.001 -14"><span class='ocrx_word' id='word_1_527' title='bbox 727 3899 836 3964; x_wconf 86' lang='lat' dir='ltr'><strong>rit,</strong></span> <span class='ocrx_word' id='word_1_528' title='bbox 896 3898 1258 3953; x_wconf 84' lang='lat' dir='ltr'><strong>necessarium</strong></span> <span class='ocrx_word' id='word_1_529' title='bbox 1310 3906 1395 3950; x_wconf 86' lang='lat' dir='ltr'><strong>est</strong></span> <span class='ocrx_word' id='word_1_530' title='bbox 1451 3898 1685 3965; x_wconf 88' lang='lat' dir='ltr'><strong>primum</strong></span> <span class='ocrx_word' id='word_1_531' title='bbox 1740 3897 2067 3953; x_wconf 92' lang='lat' dir='ltr'><strong>descensum</strong></span> <span class='ocrx_word' id='word_1_532' title='bbox 2110 3899 2311 3954; x_wconf 90' lang='lat' dir='ltr'><strong>intelli-</strong></span> 
     </span>
    </p>
   </div>
   <div class='ocr_carea' id='block_1_69' title="bbox 725 3990 2308 4061">
    <p class='ocr_par' dir='ltr' id='par_1_69' title="bbox 725 3990 2308 4061">
     <span class='ocr_line' id='line_1_69' title="bbox 725 3990 2308 4061; baseline 0.003 -18"><span class='ocrx_word' id='word_1_533' title='bbox 725 4005 853 4061; x_wconf 83' lang='lat' dir='ltr'><strong>gere</strong></span> <span class='ocrx_word' id='word_1_534' title='bbox 888 4006 903 4044; x_wconf 89' lang='lat'>:</span> <span class='ocrx_word' id='word_1_535' title='bbox 939 3994 1004 4044; x_wconf 90' lang='lat' dir='ltr'><strong>de</strong></span> <span class='ocrx_word' id='word_1_536' title='bbox 1032 3990 1341 4044; x_wconf 79' lang='lat' dir='ltr'><strong>lmminibus</strong></span> <span class='ocrx_word' id='word_1_537' title='bbox 1379 4000 1559 4043; x_wconf 77' lang='lat' dir='ltr'><strong>autem</strong></span> <span class='ocrx_word' id='word_1_538' title='bbox 1600 4004 1761 4045; x_wconf 87' lang='lat' dir='ltr'><strong>secus</strong></span> <span class='ocrx_word' id='word_1_539' title='bbox 1806 4001 1910 4045; x_wconf 87' lang='lat' dir='ltr'><strong>est.</strong></span> <span class='ocrx_word' id='word_1_540' title='bbox 1970 3991 2088 4057; x_wconf 90' lang='lat' dir='ltr'><strong>Quo</strong></span> <span class='ocrx_word' id='word_1_541' title='bbox 2127 4004 2308 4047; x_wconf 90' lang='lat' dir='ltr'><strong>autem</strong></span> 
     </span>
    </p>
   </div>
   <div class='ocr_carea' id='block_1_70' title="bbox 728 4081 2312 4149">
    <p class='ocr_par' dir='ltr' id='par_1_70' title="bbox 728 4081 2312 4149">
     <span class='ocr_line' id='line_1_70' title="bbox 728 4081 2312 4149; baseline 0.003 -13"><span class='ocrx_word' id='word_1_542' title='bbox 728 4082 1039 4137; x_wconf 80' lang='lat' dir='ltr'><strong>descendit?</strong></span> <span class='ocrx_word' id='word_1_543' title='bbox 1092 4084 1170 4136; x_wconf 84' lang='lat' dir='ltr'><strong>Ad</strong></span> <span class='ocrx_word' id='word_1_544' title='bbox 1206 4082 1447 4149; x_wconf 71' lang='lat' dir='ltr'><strong>jinferos.</strong></span> <span class='ocrx_word' id='word_1_545' title='bbox 1501 4081 1611 4136; x_wconf 92' lang='lat' dir='ltr'><strong>llos</strong></span> <span class='ocrx_word' id='word_1_546' title='bbox 1664 4084 1808 4137; x_wconf 88' lang='lat' dir='ltr'><strong>enim</strong></span> <span class='ocrx_word' id='word_1_547' title='bbox 1867 4084 2083 4138; x_wconf 81' lang='lat' dir='ltr'><strong>intimas</strong></span> <span class='ocrx_word' id='word_1_548' title='bbox 2152 4094 2312 4141; x_wconf 75' lang='lat' dir='ltr'><strong>terra:</strong></span> 
     </span>
    </p>
   </div>
   <div class='ocr_carea' id='block_1_71' title="bbox 733 4172 2314 4244">
    <p class='ocr_par' dir='ltr' id='par_1_71' title="bbox 733 4172 2314 4244">
     <span class='ocr_line' id='line_1_71' title="bbox 733 4172 2314 4244; baseline 0.001 -18"><span class='ocrx_word' id='word_1_549' title='bbox 733 4183 911 4242; x_wconf 67' lang='lat' dir='ltr'><strong>partes</strong></span> <span class='ocrx_word' id='word_1_550' title='bbox 940 4174 1169 4243; x_wconf 84' lang='lat' dir='ltr'><strong>appellat</strong></span> <span class='ocrx_word' id='word_1_551' title='bbox 1189 4172 1343 4241; x_wconf 82' lang='lat' dir='ltr'><strong>juxta</strong></span> <span class='ocrx_word' id='word_1_552' title='bbox 1378 4188 1718 4229; x_wconf 88' lang='lat' dir='ltr'><strong>communem</strong></span> <span class='ocrx_word' id='word_1_553' title='bbox 1750 4174 2087 4242; x_wconf 86' lang='lat' dir='ltr'><strong>opinionem,</strong></span> <span class='ocrx_word' id='word_1_554' title='bbox 2119 4190 2314 4244; x_wconf 85' lang='lat' dir='ltr'><strong>quem-</strong></span> 
     </span>
    </p>
   </div>
   <div class='ocr_carea' id='block_1_72' title="bbox 731 4264 2312 4332">
    <p class='ocr_par' dir='ltr' id='par_1_72' title="bbox 731 4264 2312 4332">
     <span class='ocr_line' id='line_1_72' title="bbox 731 4264 2312 4332; baseline 0.001 -13"><span class='ocrx_word' id='word_1_555' title='bbox 731 4265 1019 4319; x_wconf 85' lang='lat' dir='ltr'><strong>admodum</strong></span> <span class='ocrx_word' id='word_1_556' title='bbox 1048 4276 1102 4319; x_wconf 87' lang='lat' dir='ltr'><strong>ct</strong></span> <span class='ocrx_word' id='word_1_557' title='bbox 1133 4264 1300 4319; x_wconf 81' lang='lat' dir='ltr'><strong>Jacob</strong></span> <span class='ocrx_word' id='word_1_558' title='bbox 1341 4265 1538 4332; x_wconf 83' lang='lat' dir='ltr'><strong>inquit,</strong></span> <span class='ocrx_word' id='word_1_559' title='bbox 1580 4282 1599 4315; x_wconf 73' lang='grc' dir='ltr'><strong>ιι</strong></span> <span class='ocrx_word' id='word_1_560' title='bbox 1640 4265 1923 4319; x_wconf 88' lang='lat' dir='ltr'><strong>Dcducetis</strong></span> <span class='ocrx_word' id='word_1_561' title='bbox 1957 4281 2124 4320; x_wconf 90' lang='lat' dir='ltr'><strong>cauos</strong></span> <span class='ocrx_word' id='word_1_562' title='bbox 2162 4282 2312 4321; x_wconf 90' lang='lat' dir='ltr'><strong>meos</strong></span> 
     </span>
    </p>
   </div>
   <div class='ocr_carea' id='block_1_73' title="bbox 729 4355 2311 4422">
    <p class='ocr_par' dir='ltr' id='par_1_73' title="bbox 729 4355 2311 4422">
     <span class='ocr_line' id='line_1_73' title="bbox 729 4355 2311 4422; baseline 0.001 -11"><span class='ocrx_word' id='word_1_563' title='bbox 729 4374 851 4411; x_wconf 77' lang='lat' dir='ltr'><strong>cum</strong></span> <span class='ocrx_word' id='word_1_564' title='bbox 891 4359 1074 4412; x_wconf 83' lang='lat' dir='ltr'><strong>dolore</strong></span> <span class='ocrx_word' id='word_1_565' title='bbox 1122 4365 1187 4411; x_wconf 89' lang='lat' dir='ltr'><strong>ad</strong></span> <span class='ocrx_word' id='word_1_566' title='bbox 1232 4357 1437 4411; x_wconf 80' lang='lat' dir='ltr'><strong>inferos</strong></span> <span class='ocrx_word' id='word_1_567' title='bbox 1474 4355 1500 4395; x_wconf 74' lang='grc' dir='ltr'><strong>ιι</strong></span> <span class='ocrx_word' id='word_1_568' title='bbox 1537 4375 1549 4409; x_wconf 92' lang='lat'>:</span> <span class='ocrx_word' id='word_1_569' title='bbox 1594 4375 1612 4406; x_wconf 81' lang='grc' dir='ltr'><strong>ι</strong></span> <span class='ocrx_word' id='word_1_570' title='bbox 1670 4371 1735 4411; x_wconf 88' lang='lat' dir='ltr'><strong>ac</strong></span> <span class='ocrx_word' id='word_1_571' title='bbox 1780 4356 1967 4422; x_wconf 80' lang='lat' dir='ltr'><strong>David,</strong></span> <span class='ocrx_word' id='word_1_572' title='bbox 2043 4376 2062 4408; x_wconf 80' lang='grc' dir='ltr'><strong>ι</strong></span> <span class='ocrx_word' id='word_1_573' title='bbox 2103 4359 2311 4414; x_wconf 85' lang='lat' dir='ltr'><strong>Similis</strong></span> 
     </span>
    </p>
   </div>
   <div class='ocr_carea' id='block_1_74' title="bbox 2407 3169 4011 3242">
    <p class='ocr_par' dir='ltr' id='par_1_74' title="bbox 2407 3169 4011 3242">
     <span class='ocr_line' id='line_1_74' title="bbox 2407 3169 4011 3242; baseline 0 -19"><span class='ocrx_word' id='word_1_574' title='bbox 2407 3172 2515 3223; x_wconf 80' lang='grc' dir='ltr'>τῶν</span> <span class='ocrx_word' id='word_1_575' title='bbox 2567 3169 2834 3240; x_wconf 80' lang='grc' dir='ltr'>οὐρανῶν,</span> <span class='ocrx_word' id='word_1_576' title='bbox 2888 3171 2974 3222; x_wconf 81' lang='grc' dir='ltr'><strong>ἵνα</strong></span> <span class='ocrx_word' id='word_1_577' title='bbox 3031 3170 3296 3242; x_wconf 80' lang='grc' dir='ltr'>πληρώσῃ</span> <span class='ocrx_word' id='word_1_578' title='bbox 3338 3170 3405 3223; x_wconf 78' lang='grc' dir='ltr'><strong>τὰ</strong></span> <span class='ocrx_word' id='word_1_579' title='bbox 3438 3170 3637 3225; x_wconf 88' lang='grc' dir='ltr'>πάντα.</span> <span class='ocrx_word' id='word_1_580' title='bbox 3672 3189 3689 3220; x_wconf 83' lang='grc' dir='ltr'><strong>ι</strong></span> <span class='ocrx_word' id='word_1_581' title='bbox 3738 3171 3881 3239; x_wconf 77' lang='grc' dir='ltr'>Περὶ</span> <span class='ocrx_word' id='word_1_582' title='bbox 3912 3189 4011 3223; x_wconf 82' lang='grc' dir='ltr'>τα-</span> 
     </span>
    </p>
   </div>
   <div class='ocr_carea' id='block_1_75' title="bbox 2409 3260 4009 3331">
    <p class='ocr_par' dir='ltr' id='par_1_75' title="bbox 2409 3260 4009 3331">
     <span class='ocr_line' id='line_1_75' title="bbox 2409 3260 4009 3331; baseline -0.001 -17"><span class='ocrx_word' id='word_1_583' title='bbox 2409 3261 2840 3331; x_wconf 75' lang='grc' dir='ltr'>πεινοφροσύνης</span> <span class='ocrx_word' id='word_1_584' title='bbox 2876 3260 3263 3329; x_wconf 84' lang='grc' dir='ltr'>διαλεγόμενος</span> <span class='ocrx_word' id='word_1_585' title='bbox 3311 3260 3545 3313; x_wconf 75' lang='grc' dir='ltr'>ἐνταῦθα</span> <span class='ocrx_word' id='word_1_586' title='bbox 3574 3260 3603 3311; x_wconf 88' lang='grc' dir='ltr'>ὁ</span> <span class='ocrx_word' id='word_1_587' title='bbox 3636 3260 3874 3323; x_wconf 81' lang='grc' dir='ltr'>Παῦλος,</span> <span class='ocrx_word' id='word_1_588' title='bbox 3916 3262 4009 3312; x_wconf 81' lang='grc' dir='ltr'>τὸν</span> 
     </span>
    </p>
   </div>
   <div class='ocr_carea' id='block_1_76' title="bbox 2407 3350 4011 3422">
    <p class='ocr_par' dir='ltr' id='par_1_76' title="bbox 2407 3350 4011 3422">
     <span class='ocr_line' id='line_1_76' title="bbox 2407 3350 4011 3422; baseline -0.004 -17"><span class='ocrx_word' id='word_1_589' title='bbox 2407 3353 2644 3422; x_wconf 82' lang='grc' dir='ltr'>Χριστὸν</span> <span class='ocrx_word' id='word_1_590' title='bbox 2691 3352 2932 3418; x_wconf 81' lang='grc' dir='ltr'>παράγει</span> <span class='ocrx_word' id='word_1_591' title='bbox 2964 3350 3295 3418; x_wconf 78' lang='grc' dir='ltr'>ὑπόδειγμα,</span> <span class='ocrx_word' id='word_1_592' title='bbox 3336 3350 3527 3419; x_wconf 79' lang='grc' dir='ltr'>ὥσπερ</span> <span class='ocrx_word' id='word_1_593' title='bbox 3556 3350 3650 3401; x_wconf 80' lang='grc' dir='ltr'><strong>καὶ</strong></span> <span class='ocrx_word' id='word_1_594' title='bbox 3678 3351 3737 3401; x_wconf 86' lang='grc' dir='ltr'>ὲν</span> <span class='ocrx_word' id='word_1_595' title='bbox 3766 3353 3835 3419; x_wconf 84' lang='grc' dir='ltr'>τῇ</span> <span class='ocrx_word' id='word_1_596' title='bbox 3872 3351 4011 3416; x_wconf 63' lang='grc' dir='ltr'>πρὸς</span> 
     </span>
    </p>
   </div>
   <div class='ocr_carea' id='block_1_77' title="bbox 2407 3440 4008 3512">
    <p class='ocr_par' dir='ltr' id='par_1_77' title="bbox 2407 3440 4008 3512">
     <span class='ocr_line' id='line_1_77' title="bbox 2407 3440 4008 3512; baseline -0.003 -16"><span class='ocrx_word' id='word_1_597' title='bbox 2407 3442 2830 3512; x_wconf 80' lang='grc' dir='ltr'>Φιλιππησίους·</span> <span class='ocrx_word' id='word_1_598' title='bbox 2864 3443 2957 3495; x_wconf 85' lang='grc' dir='ltr'><strong>καί</strong></span> <span class='ocrx_word' id='word_1_599' title='bbox 2990 3458 3175 3510; x_wconf 83' lang='grc' dir='ltr'>φησιν,</span> <span class='ocrx_word' id='word_1_600' title='bbox 3205 3440 3495 3511; x_wconf 84' lang='grc' dir='ltr'>ὄτιῶσπερ</span> <span class='ocrx_word' id='word_1_601' title='bbox 3526 3442 3733 3503; x_wconf 79' lang='grc' dir='ltr'>ἐκεῖνος</span> <span class='ocrx_word' id='word_1_602' title='bbox 3766 3441 3834 3492; x_wconf 86' lang='grc' dir='ltr'><strong>οὑ</strong></span> <span class='ocrx_word' id='word_1_603' title='bbox 3860 3458 4008 3506; x_wconf 82' lang='grc' dir='ltr'>παρ-</span> 
     </span>
    </p>
   </div>
   <div class='ocr_carea' id='block_1_78' title="bbox 2410 3532 4010 3605">
    <p class='ocr_par' dir='ltr' id='par_1_78' title="bbox 2410 3532 4010 3605">
     <span class='ocr_line' id='line_1_78' title="bbox 2410 3532 4010 3605; baseline -0.003 -18"><span class='ocrx_word' id='word_1_604' title='bbox 2410 3536 2652 3605; x_wconf 80' lang='grc' dir='ltr'>ῃτήσατο</span> <span class='ocrx_word' id='word_1_605' title='bbox 2696 3533 3025 3600; x_wconf 82' lang='grc' dir='ltr'>καταϐῆναι,</span> <span class='ocrx_word' id='word_1_606' title='bbox 3074 3533 3218 3586; x_wconf 75' lang='grc' dir='ltr'>οὑτω</span> <span class='ocrx_word' id='word_1_607' title='bbox 3265 3534 3400 3604; x_wconf 82' lang='grc' dir='ltr'>μηδὲ</span> <span class='ocrx_word' id='word_1_608' title='bbox 3449 3534 3609 3601; x_wconf 83' lang='grc' dir='ltr'>ὑμεῖς</span> <span class='ocrx_word' id='word_1_609' title='bbox 3646 3532 4010 3603; x_wconf 78' lang='grc' dir='ltr'>παραιτεῖσθε</span> 
     </span>
    </p>
   </div>
   <div class='ocr_carea' id='block_1_79' title="bbox 2410 3606 4009 3697">
    <p class='ocr_par' dir='ltr' id='par_1_79' title="bbox 2410 3606 4009 3697">
     <span class='ocr_line' id='line_1_79' title="bbox 2410 3606 4009 3697; baseline -0.001 -20"><span class='ocrx_word' id='word_1_610' title='bbox 2410 3626 2511 3695; x_wconf 82' lang='grc' dir='ltr'>τὴν</span> <span class='ocrx_word' id='word_1_611' title='bbox 2557 3606 2645 3677; x_wconf 80' lang='grc' dir='ltr'><strong>διά</strong></span> <span class='ocrx_word' id='word_1_612' title='bbox 2695 3624 3198 3697; x_wconf 70' lang='grc' dir='ltr'>ταπεινοφροσύνης</span> <span class='ocrx_word' id='word_1_613' title='bbox 3240 3624 3671 3692; x_wconf 80' lang='grc' dir='ltr'>συγκατάϐασιν.</span> <span class='ocrx_word' id='word_1_614' title='bbox 3728 3625 3855 3676; x_wconf 76' lang='grc' dir='ltr'>Ὀτι</span> <span class='ocrx_word' id='word_1_615' title='bbox 3899 3624 4009 3693; x_wconf 70' lang='grc' dir='ltr'>γὰρ</span> 
     </span>
    </p>
   </div>
   <div class='ocr_carea' id='block_1_80' title="bbox 2410 3716 4006 3787">
    <p class='ocr_par' dir='ltr' id='par_1_80' title="bbox 2410 3716 4006 3787">
     <span class='ocr_line' id='line_1_80' title="bbox 2410 3716 4006 3787; baseline -0.002 -18"><span class='ocrx_word' id='word_1_616' title='bbox 2410 3716 2640 3787; x_wconf 82' lang='grc' dir='ltr'>κατέϐη,</span> <span class='ocrx_word' id='word_1_617' title='bbox 2657 3716 2816 3787; x_wconf 78' lang='grc' dir='ltr'>δῆλον</span> <span class='ocrx_word' id='word_1_618' title='bbox 2844 3717 3058 3770; x_wconf 73' lang='grc' dir='ltr'>ἀπὸτοῦ</span> <span class='ocrx_word' id='word_1_619' title='bbox 3084 3718 3257 3769; x_wconf 74' lang='grc' dir='ltr'>εἰπεῖν</span> <span class='ocrx_word' id='word_1_620' title='bbox 3278 3716 3371 3770; x_wconf 77' lang='grc' dir='ltr'>τὸν</span> <span class='ocrx_word' id='word_1_621' title='bbox 3401 3718 3715 3787; x_wconf 81' lang='grc' dir='ltr'>προφήτην,</span> <span class='ocrx_word' id='word_1_622' title='bbox 3741 3717 3827 3769; x_wconf 84' lang='grc' dir='ltr'>ὅτι</span> <span class='ocrx_word' id='word_1_623' title='bbox 3858 3718 4006 3768; x_wconf 70' lang='grc' dir='ltr'><strong>«Ἄν-</strong></span> 
     </span>
    </p>
   </div>
   <div class='ocr_carea' id='block_1_81' title="bbox 2411 3812 4004 3883">
    <p class='ocr_par' dir='ltr' id='par_1_81' title="bbox 2411 3812 4004 3883">
     <span class='ocr_line' id='line_1_81' title="bbox 2411 3812 4004 3883; baseline -0.001 -19"><span class='ocrx_word' id='word_1_624' title='bbox 2411 3812 2531 3882; x_wconf 90' lang='grc' dir='ltr'>έϐη.</span> <span class='ocrx_word' id='word_1_625' title='bbox 2582 3832 2601 3863; x_wconf 77' lang='grc' dir='ltr'><strong>ι</strong></span> <span class='ocrx_word' id='word_1_626' title='bbox 2639 3812 2762 3864; x_wconf 73' lang='grc' dir='ltr'>Ἐπὶ</span> <span class='ocrx_word' id='word_1_627' title='bbox 2790 3812 2898 3883; x_wconf 76' lang='grc' dir='ltr'><strong>γὰρ</strong></span> <span class='ocrx_word' id='word_1_628' title='bbox 2922 3812 3082 3875; x_wconf 85' lang='grc' dir='ltr'>Θεοῦ,</span> <span class='ocrx_word' id='word_1_629' title='bbox 3118 3815 3246 3867; x_wconf 74' lang='grc' dir='ltr'>ὅταν</span> <span class='ocrx_word' id='word_1_630' title='bbox 3278 3813 3505 3882; x_wconf 78' lang='grc' dir='ltr'>λέγηται</span> <span class='ocrx_word' id='word_1_631' title='bbox 3537 3813 3619 3878; x_wconf 71' lang='grc' dir='ltr'>τὸ,</span> <span class='ocrx_word' id='word_1_632' title='bbox 3666 3830 3684 3863; x_wconf 80' lang='grc' dir='ltr'><strong>ι</strong></span> <span class='ocrx_word' id='word_1_633' title='bbox 3708 3814 4004 3877; x_wconf 45' lang='grc' dir='ltr'><strong>Ἀναϐὰς»</strong></span> 
     </span>
    </p>
   </div>
   <div class='ocr_carea' id='block_1_82' title="bbox 2412 3902 4009 3975">
    <p class='ocr_par' dir='ltr' id='par_1_82' title="bbox 2412 3902 4009 3975">
     <span class='ocr_line' id='line_1_82' title="bbox 2412 3902 4009 3975; baseline 0 -18"><span class='ocrx_word' id='word_1_634' title='bbox 2412 3904 2624 3973; x_wconf 81' lang='grc' dir='ltr'>ἀνάγκη</span> <span class='ocrx_word' id='word_1_635' title='bbox 2656 3902 2871 3975; x_wconf 86' lang='grc' dir='ltr'>πρῶτον</span> <span class='ocrx_word' id='word_1_636' title='bbox 2910 3903 3222 3959; x_wconf 88' lang='grc' dir='ltr'>κατάϐασιν</span> <span class='ocrx_word' id='word_1_637' title='bbox 3266 3907 3505 3968; x_wconf 75' lang='grc' dir='ltr'>ἐννοεῖν,</span> <span class='ocrx_word' id='word_1_638' title='bbox 3544 3906 3637 3957; x_wconf 73' lang='grc' dir='ltr'><strong>ἐπὶ</strong></span> <span class='ocrx_word' id='word_1_639' title='bbox 3682 3906 3741 3956; x_wconf 79' lang='grc' dir='ltr'>δὲ</span> <span class='ocrx_word' id='word_1_640' title='bbox 3791 3904 4009 3973; x_wconf 83' lang='grc' dir='ltr'>ἀνθρώ-</span> 
     </span>
    </p>
   </div>
   <div class='ocr_carea' id='block_1_83' title="bbox 2413 3996 4004 4067">
    <p class='ocr_par' dir='ltr' id='par_1_83' title="bbox 2413 3996 4004 4067">
     <span class='ocr_line' id='line_1_83' title="bbox 2413 3996 4004 4067; baseline 0 -18"><span class='ocrx_word' id='word_1_641' title='bbox 2413 4014 2553 4063; x_wconf 85' lang='grc' dir='ltr'>πων,</span> <span class='ocrx_word' id='word_1_642' title='bbox 2587 3996 2796 4050; x_wconf 88' lang='grc' dir='ltr'>οὑκέτι.</span> <span class='ocrx_word' id='word_1_643' title='bbox 2845 3996 2955 4049; x_wconf 82' lang='grc' dir='ltr'><strong>Ποῦ</strong></span> <span class='ocrx_word' id='word_1_644' title='bbox 2985 3998 3041 4050; x_wconf 84' lang='grc' dir='ltr'>δὲ</span> <span class='ocrx_word' id='word_1_645' title='bbox 3067 3998 3311 4066; x_wconf 85' lang='grc' dir='ltr'>κατέϐη;</span> <span class='ocrx_word' id='word_1_646' title='bbox 3354 3998 3446 4060; x_wconf 88' lang='grc' dir='ltr'><strong>Είς</strong></span> <span class='ocrx_word' id='word_1_647' title='bbox 3480 3998 3573 4049; x_wconf 82' lang='grc' dir='ltr'>τὸν</span> <span class='ocrx_word' id='word_1_648' title='bbox 3604 3998 3738 4067; x_wconf 73' lang='grc' dir='ltr'>ᾅδην</span> <span class='ocrx_word' id='word_1_649' title='bbox 3763 4015 3776 4027; x_wconf 87' lang='grc'><strong>·</strong></span> <span class='ocrx_word' id='word_1_650' title='bbox 3811 3998 4004 4052; x_wconf 60' lang='grc' dir='ltr'>τοῦτιν</span> 
     </span>
    </p>
   </div>
   <div class='ocr_carea' id='block_1_84' title="bbox 2415 4087 4008 4159">
    <p class='ocr_par' dir='ltr' id='par_1_84' title="bbox 2415 4087 4008 4159">
     <span class='ocr_line' id='line_1_84' title="bbox 2415 4087 4008 4159; baseline -0.001 -18"><span class='ocrx_word' id='word_1_651' title='bbox 2415 4090 2523 4159; x_wconf 80' lang='grc' dir='ltr'><strong>γὰρ</strong></span> <span class='ocrx_word' id='word_1_652' title='bbox 2554 4087 2840 4159; x_wconf 80' lang='grc' dir='ltr'>κατώτερα</span> <span class='ocrx_word' id='word_1_653' title='bbox 2870 4089 3010 4159; x_wconf 82' lang='grc' dir='ltr'>μέρη</span> <span class='ocrx_word' id='word_1_654' title='bbox 3043 4089 3142 4156; x_wconf 83' lang='grc' dir='ltr'>τῆς</span> <span class='ocrx_word' id='word_1_655' title='bbox 3166 4090 3269 4158; x_wconf 85' lang='grc' dir='ltr'>γῆς</span> <span class='ocrx_word' id='word_1_656' title='bbox 3304 4089 3470 4157; x_wconf 85' lang='grc' dir='ltr'>λέγει,</span> <span class='ocrx_word' id='word_1_657' title='bbox 3510 4092 3655 4142; x_wconf 84' lang='grc' dir='ltr'><strong>κατά</strong></span> <span class='ocrx_word' id='word_1_658' title='bbox 3684 4091 3784 4158; x_wconf 79' lang='grc' dir='ltr'>τὴν</span> <span class='ocrx_word' id='word_1_659' title='bbox 3816 4093 4008 4158; x_wconf 74' lang='grc' dir='ltr'>κοινὴν</span> 
     </span>
    </p>
   </div>
   <div class='ocr_carea' id='block_1_85' title="bbox 2418 4181 4009 4250">
    <p class='ocr_par' dir='ltr' id='par_1_85' title="bbox 2418 4181 4009 4250">
     <span class='ocr_line' id='line_1_85' title="bbox 2418 4181 4009 4250; baseline 0 -16"><span class='ocrx_word' id='word_1_660' title='bbox 2418 4182 2711 4235; x_wconf 76' lang='grc' dir='ltr'>ὑπόνοιαν·</span> <span class='ocrx_word' id='word_1_661' title='bbox 2758 4181 2831 4243; x_wconf 90' lang='grc' dir='ltr'><strong>ώς</strong></span> <span class='ocrx_word' id='word_1_662' title='bbox 2877 4182 2972 4233; x_wconf 77' lang='grc' dir='ltr'>καὶ</span> <span class='ocrx_word' id='word_1_663' title='bbox 3010 4184 3037 4234; x_wconf 85' lang='grc' dir='ltr'>ὁ</span> <span class='ocrx_word' id='word_1_664' title='bbox 3079 4181 3305 4235; x_wconf 82' lang='grc' dir='ltr'>Ἰακώϐ’</span> <span class='ocrx_word' id='word_1_665' title='bbox 3348 4200 3367 4233; x_wconf 78' lang='grc' dir='ltr'><strong>ι</strong></span> <span class='ocrx_word' id='word_1_666' title='bbox 3426 4184 3705 4245; x_wconf 81' lang='grc' dir='ltr'>Κατάξετε</span> <span class='ocrx_word' id='word_1_667' title='bbox 3740 4184 3801 4234; x_wconf 66' lang='grc' dir='ltr'>τὸ</span> <span class='ocrx_word' id='word_1_668' title='bbox 3835 4184 4009 4250; x_wconf 70' lang='grc' dir='ltr'>γῆράς</span> 
     </span>
    </p>
   </div>
   <div class='ocr_carea' id='block_1_86' title="bbox 2420 4273 4010 4344">
    <p class='ocr_par' dir='ltr' id='par_1_86' title="bbox 2420 4273 4010 4344">
     <span class='ocr_line' id='line_1_86' title="bbox 2420 4273 4010 4344; baseline 0 -19"><span class='ocrx_word' id='word_1_669' title='bbox 2420 4290 2521 4343; x_wconf 88' lang='grc' dir='ltr'><strong>μου</strong></span> <span class='ocrx_word' id='word_1_670' title='bbox 2560 4273 2677 4343; x_wconf 88' lang='grc' dir='ltr'>μετ’</span> <span class='ocrx_word' id='word_1_671' title='bbox 2709 4273 2901 4340; x_wconf 80' lang='grc' dir='ltr'>ὀδύνης</span> <span class='ocrx_word' id='word_1_672' title='bbox 2926 4274 3004 4335; x_wconf 89' lang='grc' dir='ltr'>εἱς</span> <span class='ocrx_word' id='word_1_673' title='bbox 3033 4273 3196 4344; x_wconf 75' lang='grc' dir='ltr'>ᾅδην·</span> <span class='ocrx_word' id='word_1_674' title='bbox 3236 4293 3255 4325; x_wconf 75' lang='grc' dir='ltr'><strong>ι</strong></span> <span class='ocrx_word' id='word_1_675' title='bbox 3296 4276 3389 4327; x_wconf 78' lang='grc' dir='ltr'><strong>καὶ</strong></span> <span class='ocrx_word' id='word_1_676' title='bbox 3420 4278 3447 4328; x_wconf 79' lang='grc' dir='ltr'>ὁ</span> <span class='ocrx_word' id='word_1_677' title='bbox 3476 4276 3637 4327; x_wconf 84' lang='grc' dir='ltr'>Δαυῖδ</span> <span class='ocrx_word' id='word_1_678' title='bbox 3658 4292 3671 4305; x_wconf 76' lang='grc' dir='ltr'><strong><em>ο</em></strong></span> <span class='ocrx_word' id='word_1_679' title='bbox 3734 4295 3754 4325; x_wconf 76' lang='grc' dir='ltr'><strong>ι</strong></span> <span class='ocrx_word' id='word_1_680' title='bbox 3779 4276 4010 4342; x_wconf 59' lang='grc' dir='ltr'>Ὀμοιιοι-</span> 
     </span>
    </p>
   </div>
   <div class='ocr_carea' id='block_1_87' title="bbox 2419 4366 4008 4437">
    <p class='ocr_par' dir='ltr' id='par_1_87' title="bbox 2419 4366 4008 4437">
     <span class='ocr_line' id='line_1_87' title="bbox 2419 4366 4008 4437; baseline 0 -18"><span class='ocrx_word' id='word_1_681' title='bbox 2419 4366 2657 4437; x_wconf 81' lang='grc' dir='ltr'>θήσομαι</span> <span class='ocrx_word' id='word_1_682' title='bbox 2690 4370 2803 4431; x_wconf 88' lang='grc' dir='ltr'>τοῖς</span> <span class='ocrx_word' id='word_1_683' title='bbox 2852 4366 3277 4419; x_wconf 80' lang='grc' dir='ltr'>καταϐαίνουσιν</span> <span class='ocrx_word' id='word_1_684' title='bbox 3320 4371 3400 4431; x_wconf 79' lang='grc' dir='ltr'><strong>εἰς</strong></span> <span class='ocrx_word' id='word_1_685' title='bbox 3445 4367 3669 4420; x_wconf 73' lang='grc' dir='ltr'>λάκκον.</span> <span class='ocrx_word' id='word_1_686' title='bbox 3709 4387 3728 4419; x_wconf 75' lang='grc' dir='ltr'><strong>ι</strong></span> <span class='ocrx_word' id='word_1_687' title='bbox 3786 4370 4008 4422; x_wconf 69' lang='grc' dir='ltr'>Κατέϐις</span> 
     </span>
    </p>
   </div>
   <div class='ocr_carea' id='block_1_88' title="bbox 729 4432 2298 4528">
    <p class='ocr_par' dir='ltr' id='par_1_88' title="bbox 729 4450 2298 4520">
     <span class='ocr_line' id='line_1_88' title="bbox 729 4450 2298 4520; baseline -0.001 -15"><span class='ocrx_word' id='word_1_688' title='bbox 729 4467 825 4505; x_wconf 90' lang='lat' dir='ltr'><strong>ero</strong></span> <span class='ocrx_word' id='word_1_689' title='bbox 859 4450 1308 4504; x_wconf 85' lang='lat' dir='ltr'><strong>descendentibus</strong></span> <span class='ocrx_word' id='word_1_690' title='bbox 1343 4450 1395 4503; x_wconf 91' lang='lat' dir='ltr'><strong>in</strong></span> <span class='ocrx_word' id='word_1_691' title='bbox 1445 4450 1624 4503; x_wconf 85' lang='lat' dir='ltr'><strong>lacum</strong></span> <span class='ocrx_word' id='word_1_692' title='bbox 1651 4461 1695 4503; x_wconf 77' lang='grc' dir='ltr'>ο.</span> <span class='ocrx_word' id='word_1_693' title='bbox 1738 4469 1756 4501; x_wconf 76' lang='grc' dir='ltr'><strong>ι</strong></span> <span class='ocrx_word' id='word_1_694' title='bbox 1807 4452 2097 4506; x_wconf 84' lang='lat' dir='ltr'><strong>Descendit</strong></span> <span class='ocrx_word' id='word_1_695' title='bbox 2148 4451 2298 4520; x_wconf 79' lang='lat' dir='ltr'><strong>igitut</strong></span> 
     </span>
    </p>
   </div>
   <div class='ocr_carea' id='block_1_89' title="bbox 2409 4432 4009 4528">
    <p class='ocr_par' dir='ltr' id='par_1_89' title="bbox 2422 4459 4009 4528">
     <span class='ocr_line' id='line_1_89' title="bbox 2422 4459 4009 4528; baseline -0.001 -17"><span class='ocrx_word' id='word_1_696' title='bbox 2422 4459 2599 4511; x_wconf 88' lang='grc' dir='ltr'>τοίνυν</span> <span class='ocrx_word' id='word_1_697' title='bbox 2636 4460 2715 4521; x_wconf 86' lang='grc' dir='ltr'><strong>εἰς</strong></span> <span class='ocrx_word' id='word_1_698' title='bbox 2764 4460 2834 4510; x_wconf 77' lang='grc' dir='ltr'><strong>τά</strong></span> <span class='ocrx_word' id='word_1_699' title='bbox 2878 4459 3166 4511; x_wconf 82' lang='grc' dir='ltr'>κατώτατα</span> <span class='ocrx_word' id='word_1_700' title='bbox 3225 4462 3389 4528; x_wconf 74' lang='grc' dir='ltr'>μέρη,</span> <span class='ocrx_word' id='word_1_701' title='bbox 3446 4460 3564 4528; x_wconf 76' lang='grc' dir='ltr'>μεθ’</span> <span class='ocrx_word' id='word_1_702' title='bbox 3616 4460 3651 4512; x_wconf 83' lang='grc' dir='ltr'><strong>ἀ</strong></span> <span class='ocrx_word' id='word_1_703' title='bbox 3707 4460 3814 4511; x_wconf 76' lang='grc' dir='ltr'><strong>οὑκ</strong></span> <span class='ocrx_word' id='word_1_704' title='bbox 3862 4460 4009 4511; x_wconf 78' lang='grc' dir='ltr'>ἐστιν</span> 
     </span>
    </p>
   </div>
   <div class='ocr_carea' id='block_1_90' title="bbox 730 4541 2308 4613">
    <p class='ocr_par' dir='ltr' id='par_1_90' title="bbox 730 4541 2308 4613">
     <span class='ocr_line' id='line_1_90' title="bbox 730 4541 2308 4613; baseline 0.001 -18"><span class='ocrx_word' id='word_1_705' title='bbox 730 4541 797 4595; x_wconf 76' lang='lat' dir='ltr'><strong>ad</strong></span> <span class='ocrx_word' id='word_1_706' title='bbox 844 4541 1054 4594; x_wconf 78' lang='lat' dir='ltr'><strong>intimas</strong></span> <span class='ocrx_word' id='word_1_707' title='bbox 1089 4552 1291 4610; x_wconf 87' lang='lat' dir='ltr'><strong>partes,</strong></span> <span class='ocrx_word' id='word_1_708' title='bbox 1336 4541 1472 4594; x_wconf 88' lang='lat' dir='ltr'><strong>ultra</strong></span> <span class='ocrx_word' id='word_1_709' title='bbox 1508 4556 1644 4611; x_wconf 89' lang='lat' dir='ltr'><strong>quas</strong></span> <span class='ocrx_word' id='word_1_710' title='bbox 1685 4556 1788 4595; x_wconf 88' lang='lat' dir='ltr'><strong>non</strong></span> <span class='ocrx_word' id='word_1_711' title='bbox 1820 4552 1903 4596; x_wconf 91' lang='lat' dir='ltr'><strong>est</strong></span> <span class='ocrx_word' id='word_1_712' title='bbox 1950 4542 2094 4597; x_wconf 85' lang='lat' dir='ltr'><strong>aliud</strong></span> <span class='ocrx_word' id='word_1_713' title='bbox 2123 4545 2250 4613; x_wconf 92' lang='lat' dir='ltr'><strong>quid</strong></span> <span class='ocrx_word' id='word_1_714' title='bbox 2293 4562 2308 4598; x_wconf 89' lang='lat'><strong>:</strong></span> 
     </span>
    </p>
   </div>
   <div class='ocr_carea' id='block_1_91' title="bbox 730 4634 2309 4703">
    <p class='ocr_par' dir='ltr' id='par_1_91' title="bbox 730 4634 2309 4703">
     <span class='ocr_line' id='line_1_91' title="bbox 730 4634 2309 4703; baseline 0.001 -14"><span class='ocrx_word' id='word_1_715' title='bbox 730 4644 785 4689; x_wconf 88' lang='lat' dir='ltr'><strong>et</strong></span> <span class='ocrx_word' id='word_1_716' title='bbox 819 4634 1059 4688; x_wconf 80' lang='lat' dir='ltr'><strong>ascendit</strong></span> <span class='ocrx_word' id='word_1_717' title='bbox 1092 4649 1251 4702; x_wconf 89' lang='lat' dir='ltr'><strong>supra</strong></span> <span class='ocrx_word' id='word_1_718' title='bbox 1294 4635 1499 4699; x_wconf 90' lang='lat' dir='ltr'><strong>omnia,</strong></span> <span class='ocrx_word' id='word_1_719' title='bbox 1532 4634 1670 4688; x_wconf 88' lang='lat' dir='ltr'><strong>ultra</strong></span> <span class='ocrx_word' id='word_1_720' title='bbox 1698 4650 1819 4703; x_wconf 74' lang='lat' dir='ltr'><strong>quze</strong></span> <span class='ocrx_word' id='word_1_721' title='bbox 1861 4649 1965 4689; x_wconf 89' lang='lat' dir='ltr'><strong>non</strong></span> <span class='ocrx_word' id='word_1_722' title='bbox 1999 4645 2123 4689; x_wconf 85' lang='lat' dir='ltr'><strong>sunt</strong></span> <span class='ocrx_word' id='word_1_723' title='bbox 2156 4635 2257 4689; x_wconf 85' lang='lat' dir='ltr'><strong>alia</strong></span> <span class='ocrx_word' id='word_1_724' title='bbox 2295 4655 2309 4691; x_wconf 92' lang='lat'><strong>:</strong></span> 
     </span>
    </p>
   </div>
   <div class='ocr_carea' id='block_1_92' title="bbox 731 4725 2309 4795">
    <p class='ocr_par' dir='ltr' id='par_1_92' title="bbox 731 4725 2309 4795">
     <span class='ocr_line' id='line_1_92' title="bbox 731 4725 2309 4795; baseline 0.001 -17"><span class='ocrx_word' id='word_1_725' title='bbox 731 4739 830 4778; x_wconf 74' lang='lat' dir='ltr'><strong>nec</strong></span> <span class='ocrx_word' id='word_1_726' title='bbox 881 4726 1091 4777; x_wconf 90' lang='lat' dir='ltr'><strong>obstitit</strong></span> <span class='ocrx_word' id='word_1_727' title='bbox 1146 4726 1195 4778; x_wconf 86' lang='lat' dir='ltr'><strong>ci</strong></span> <span class='ocrx_word' id='word_1_728' title='bbox 1243 4725 1559 4791; x_wconf 87' lang='lat' dir='ltr'><strong>descensus,</strong></span> <span class='ocrx_word' id='word_1_729' title='bbox 1624 4728 1917 4795; x_wconf 83' lang='lat' dir='ltr'><strong>quominus</strong></span> <span class='ocrx_word' id='word_1_730' title='bbox 1973 4727 2309 4780; x_wconf 86' lang='lat' dir='ltr'><strong>ascenderet.</strong></span> 
     </span>
    </p>
   </div>
   <div class='ocr_carea' id='block_1_93' title="bbox 732 4816 2306 4885">
    <p class='ocr_par' dir='ltr' id='par_1_93' title="bbox 732 4816 2306 4885">
     <span class='ocr_line' id='line_1_93' title="bbox 732 4816 2306 4885; baseline 0.001 -16"><span class='ocrx_word' id='word_1_731' title='bbox 732 4817 797 4869; x_wconf 83' lang='lat' dir='ltr'><strong>Et</strong></span> <span class='ocrx_word' id='word_1_732' title='bbox 837 4831 934 4870; x_wconf 86' lang='lat' dir='ltr'><strong>vos</strong></span> <span class='ocrx_word' id='word_1_733' title='bbox 984 4816 1166 4885; x_wconf 77' lang='lat' dir='ltr'><strong>igitur,</strong></span> <span class='ocrx_word' id='word_1_734' title='bbox 1223 4818 1268 4871; x_wconf 91' lang='lat' dir='ltr'><strong>si</strong></span> <span class='ocrx_word' id='word_1_735' title='bbox 1321 4817 1719 4882; x_wconf 91' lang='lat' dir='ltr'><strong>humiliemini,</strong></span> <span class='ocrx_word' id='word_1_736' title='bbox 1770 4818 2165 4875; x_wconf 82' lang='lat' dir='ltr'><strong>exaltabimini.</strong></span> <span class='ocrx_word' id='word_1_737' title='bbox 2225 4820 2306 4875; x_wconf 90' lang='lat' dir='ltr'><strong>Ob</strong></span> 
     </span>
    </p>
   </div>
   <div class='ocr_carea' id='block_1_94' title="bbox 732 4910 2308 4975">
    <p class='ocr_par' dir='ltr' id='par_1_94' title="bbox 732 4910 2308 4975">
     <span class='ocr_line' id='line_1_94' title="bbox 732 4910 2308 4975; baseline 0.002 -12"><span class='ocrx_word' id='word_1_738' title='bbox 732 4912 872 4963; x_wconf 90' lang='lat' dir='ltr'><strong>hanc</strong></span> <span class='ocrx_word' id='word_1_739' title='bbox 912 4910 1057 4964; x_wconf 92' lang='lat' dir='ltr'><strong>enim</strong></span> <span class='ocrx_word' id='word_1_740' title='bbox 1110 4924 1328 4963; x_wconf 86' lang='lat' dir='ltr'><strong>causam</strong></span> <span class='ocrx_word' id='word_1_741' title='bbox 1388 4911 1502 4965; x_wconf 78' lang='lat' dir='ltr'><strong>hzec</strong></span> <span class='ocrx_word' id='word_1_742' title='bbox 1544 4911 1727 4965; x_wconf 87' lang='lat' dir='ltr'><strong>omnia</strong></span> <span class='ocrx_word' id='word_1_743' title='bbox 1789 4912 1973 4975; x_wconf 83' lang='lat' dir='ltr'><strong>ellicit,</strong></span> <span class='ocrx_word' id='word_1_744' title='bbox 2021 4923 2079 4963; x_wconf 88' lang='lat' dir='ltr'><strong>ut</strong></span> <span class='ocrx_word' id='word_1_745' title='bbox 2127 4914 2308 4966; x_wconf 85' lang='lat' dir='ltr'><strong>omnia</strong></span> 
     </span>
    </p>
   </div>
   <div class='ocr_carea' id='block_1_95' title="bbox 733 5002 2307 5073">
    <p class='ocr_par' dir='ltr' id='par_1_95' title="bbox 733 5002 2307 5073">
     <span class='ocr_line' id='line_1_95' title="bbox 733 5002 2307 5073; baseline 0.003 -19"><span class='ocrx_word' id='word_1_746' title='bbox 733 5002 955 5071; x_wconf 83' lang='lat' dir='ltr'><strong>impleat</strong></span> <span class='ocrx_word' id='word_1_747' title='bbox 1006 5003 1289 5056; x_wconf 92' lang='lat' dir='ltr'><strong>dominatu</strong></span> <span class='ocrx_word' id='word_1_748' title='bbox 1358 5004 1781 5073; x_wconf 88' lang='lat' dir='ltr'><strong>operationeque</strong></span> <span class='ocrx_word' id='word_1_749' title='bbox 1855 5020 1975 5067; x_wconf 88' lang='lat' dir='ltr'><strong>sua,</strong></span> <span class='ocrx_word' id='word_1_750' title='bbox 2030 5002 2190 5073; x_wconf 88' lang='lat' dir='ltr'><strong>idque</strong></span> <span class='ocrx_word' id='word_1_751' title='bbox 2254 5005 2307 5059; x_wconf 90' lang='lat' dir='ltr'><strong>in</strong></span> 
     </span>
    </p>
   </div>
   <div class='ocr_carea' id='block_1_96' title="bbox 734 5094 2310 5164">
    <p class='ocr_par' dir='ltr' id='par_1_96' title="bbox 734 5094 2310 5164">
     <span class='ocr_line' id='line_1_96' title="bbox 734 5094 2310 5164; baseline 0 -17"><span class='ocrx_word' id='word_1_752' title='bbox 734 5109 918 5157; x_wconf 84' lang='lat' dir='ltr'><strong>carne,</strong></span> <span class='ocrx_word' id='word_1_753' title='bbox 966 5094 1400 5164; x_wconf 81' lang='lat' dir='ltr'><strong>quandoquidem</strong></span> <span class='ocrx_word' id='word_1_754' title='bbox 1438 5096 1723 5149; x_wconf 83' lang='lat' dir='ltr'><strong>divinitate</strong></span> <span class='ocrx_word' id='word_1_755' title='bbox 1763 5094 1873 5161; x_wconf 92' lang='lat' dir='ltr'><strong>jam</strong></span> <span class='ocrx_word' id='word_1_756' title='bbox 1909 5104 2066 5148; x_wconf 89' lang='lat' dir='ltr'><strong>antea</strong></span> <span class='ocrx_word' id='word_1_757' title='bbox 2119 5105 2310 5148; x_wconf 88' lang='lat' dir='ltr'><strong>cuncta</strong></span> 
     </span>
    </p>
   </div>
   <div class='ocr_carea' id='block_1_97' title="bbox 735 5184 2310 5253">
    <p class='ocr_par' dir='ltr' id='par_1_97' title="bbox 735 5184 2310 5253">
     <span class='ocr_line' id='line_1_97' title="bbox 735 5184 2310 5253; baseline 0 -15"><span class='ocrx_word' id='word_1_758' title='bbox 735 5184 1050 5253; x_wconf 89' lang='lat' dir='ltr'><strong>compleret.</strong></span> <span class='ocrx_word' id='word_1_759' title='bbox 1091 5184 1215 5239; x_wconf 76' lang='lat' dir='ltr'><strong>llznc</strong></span> <span class='ocrx_word' id='word_1_760' title='bbox 1264 5199 1444 5241; x_wconf 87' lang='lat' dir='ltr'><strong>autem</strong></span> <span class='ocrx_word' id='word_1_761' title='bbox 1483 5187 1746 5240; x_wconf 72' lang='lat' dir='ltr'><strong>adversus</strong></span> <span class='ocrx_word' id='word_1_762' title='bbox 1791 5185 2018 5239; x_wconf 84' lang='lat' dir='ltr'><strong>Paulum</strong></span> <span class='ocrx_word' id='word_1_763' title='bbox 2055 5186 2310 5239; x_wconf 85' lang='lat' dir='ltr'><strong>Samosa—</strong></span> 
     </span>
    </p>
   </div>
   <div class='ocr_carea' id='block_1_98' title="bbox 736 5260 2311 5345">
    <p class='ocr_par' dir='ltr' id='par_1_98' title="bbox 736 5260 2311 5345">
     <span class='ocr_line' id='line_1_98' title="bbox 736 5260 2311 5345; baseline 0.002 -15"><span class='ocrx_word' id='word_1_764' title='bbox 736 5287 943 5331; x_wconf 86' lang='lat' dir='ltr'><strong>tensem</strong></span> <span class='ocrx_word' id='word_1_765' title='bbox 983 5286 1039 5332; x_wconf 88' lang='lat' dir='ltr'><strong>et</strong></span> <span class='ocrx_word' id='word_1_766' title='bbox 1083 5278 1388 5333; x_wconf 81' lang='lat' dir='ltr'><strong>Nestorium</strong></span> <span class='ocrx_word' id='word_1_767' title='bbox 1440 5289 1583 5333; x_wconf 89' lang='lat' dir='ltr'><strong>sunt.</strong></span> <span class='ocrx_word' id='word_1_768' title='bbox 1643 5279 1743 5345; x_wconf 91' lang='lat' dir='ltr'><strong>Qui</strong></span> <span class='ocrx_word' id='word_1_769' title='bbox 1809 5281 1955 5333; x_wconf 90' lang='lat' dir='ltr'><strong>enim</strong></span> <span class='ocrx_word' id='word_1_770' title='bbox 2014 5260 2311 5343; x_wconf 68' lang='lat' dir='ltr'><strong>descendit,</strong></span> 
     </span>
    </p>
   </div>
   <div class='ocr_carea' id='block_1_99' title="bbox 854 5437 1952 5509">
    <p class='ocr_par' dir='ltr' id='par_1_99' title="bbox 854 5437 1952 5509">
     <span class='ocr_line' id='line_1_99' title="bbox 854 5437 1952 5509; baseline -0.001 -16"><span class='ocrx_word' id='word_1_771' title='bbox 854 5440 1056 5495; x_wconf 77' lang='lat' dir='ltr'><strong>stal.</strong></span> <span class='ocrx_word' id='word_1_772' title='bbox 1091 5455 1200 5505; x_wconf 76' lang='grc' dir='ltr'>ιιιί,</span> <span class='ocrx_word' id='word_1_773' title='bbox 1237 5440 1288 5493; x_wconf 90' lang='grc'><strong>8.</strong></span> <span class='ocrx_word' id='word_1_774' title='bbox 1403 5450 1425 5477; x_wconf 76' lang='grc' dir='ltr'>ι</span> <span class='ocrx_word' id='word_1_775' title='bbox 1482 5438 1713 5509; x_wconf 83' lang='lat' dir='ltr'><strong>Philipp.</strong></span> <span class='ocrx_word' id='word_1_776' title='bbox 1773 5454 1831 5500; x_wconf 87' lang='lat' dir='ltr'><strong>ll,</strong></span> <span class='ocrx_word' id='word_1_777' title='bbox 1899 5437 1952 5493; x_wconf 89' lang='grc'><strong>8.</strong></span> 
     </span>
    </p>
   </div>
   <div class='ocr_carea' id='block_1_100' title="bbox 2064 5438 2585 5503">
    <p class='ocr_par' dir='ltr' id='par_1_100' title="bbox 2064 5438 2585 5503">
     <span class='ocr_line' id='line_1_100' title="bbox 2064 5438 2585 5503; baseline -0.002 -10"><span class='ocrx_word' id='word_1_778' title='bbox 2064 5438 2090 5477; x_wconf 77' lang='grc' dir='ltr'><em>ά</em></span> <span class='ocrx_word' id='word_1_779' title='bbox 2124 5439 2263 5493; x_wconf 66' lang='lat' dir='ltr'><strong>Gen.</strong></span> <span class='ocrx_word' id='word_1_780' title='bbox 2308 5456 2455 5503; x_wconf 68' lang='grc' dir='ltr'>υιν,</span> <span class='ocrx_word' id='word_1_781' title='bbox 2494 5440 2585 5494; x_wconf 82' lang='grc'>58.</span> 
     </span>
    </p>
   </div>
   <div class='ocr_carea' id='block_1_101' title="bbox 2420 4545 4011 4617">
    <p class='ocr_par' dir='ltr' id='par_1_101' title="bbox 2420 4545 4011 4617">
     <span class='ocr_line' id='line_1_101' title="bbox 2420 4545 4011 4617; baseline -0.003 -16"><span class='ocrx_word' id='word_1_782' title='bbox 2420 4548 2608 4617; x_wconf 70' lang='grc' dir='ltr'>ἔτερόν</span> <span class='ocrx_word' id='word_1_783' title='bbox 2634 4565 2723 4600; x_wconf 85' lang='grc' dir='ltr'>τι·</span> <span class='ocrx_word' id='word_1_784' title='bbox 2759 4548 2853 4600; x_wconf 78' lang='grc' dir='ltr'>καὶ</span> <span class='ocrx_word' id='word_1_785' title='bbox 2893 4548 3063 4616; x_wconf 86' lang='grc' dir='ltr'>ἀνέϐη</span> <span class='ocrx_word' id='word_1_786' title='bbox 3108 4550 3362 4617; x_wconf 82' lang='grc' dir='ltr'>ὑπεράνω</span> <span class='ocrx_word' id='word_1_787' title='bbox 3396 4550 3636 4611; x_wconf 83' lang='grc' dir='ltr'>πάντων,</span> <span class='ocrx_word' id='word_1_788' title='bbox 3667 4548 3809 4612; x_wconf 81' lang='grc' dir='ltr'>ὑπὲρ</span> <span class='ocrx_word' id='word_1_789' title='bbox 3829 4545 3881 4598; x_wconf 80' lang='grc' dir='ltr'>-ἀ</span> <span class='ocrx_word' id='word_1_790' title='bbox 3914 4547 4011 4597; x_wconf 70' lang='grc' dir='ltr'>οὐκ</span> 
     </span>
    </p>
   </div>
   <div class='ocr_carea' id='block_1_102' title="bbox 2422 4637 4011 4707">
    <p class='ocr_par' dir='ltr' id='par_1_102' title="bbox 2422 4637 4011 4707">
     <span class='ocr_line' id='line_1_102' title="bbox 2422 4637 4011 4707; baseline -0.002 -14"><span class='ocrx_word' id='word_1_791' title='bbox 2422 4640 2569 4694; x_wconf 76' lang='grc' dir='ltr'>ἔστιν</span> <span class='ocrx_word' id='word_1_792' title='bbox 2603 4640 2796 4707; x_wconf 72' lang='grc' dir='ltr'>ἕτεραο</span> <span class='ocrx_word' id='word_1_793' title='bbox 2836 4638 2930 4691; x_wconf 75' lang='grc' dir='ltr'>καὶ</span> <span class='ocrx_word' id='word_1_794' title='bbox 2969 4640 3069 4690; x_wconf 72' lang='grc' dir='ltr'>οὐκ</span> <span class='ocrx_word' id='word_1_795' title='bbox 3102 4638 3411 4691; x_wconf 78' lang='grc' dir='ltr'>ἐνεπόδισεν</span> <span class='ocrx_word' id='word_1_796' title='bbox 3452 4637 3602 4707; x_wconf 80' lang='grc' dir='ltr'>αὑτῷ</span> <span class='ocrx_word' id='word_1_797' title='bbox 3638 4640 3669 4706; x_wconf 81' lang='grc' dir='ltr'>ὴ</span> <span class='ocrx_word' id='word_1_798' title='bbox 3705 4638 4011 4690; x_wconf 71' lang='grc' dir='ltr'>κατάϐασις</span> 
     </span>
    </p>
   </div>
   <div class='ocr_carea' id='block_1_103' title="bbox 2420 4727 4009 4801">
    <p class='ocr_par' dir='ltr' id='par_1_103' title="bbox 2420 4727 4009 4801">
     <span class='ocr_line' id='line_1_103' title="bbox 2420 4727 4009 4801; baseline -0.004 -16"><span class='ocrx_word' id='word_1_799' title='bbox 2420 4735 2501 4795; x_wconf 89' lang='grc' dir='ltr'><strong>είς</strong></span> <span class='ocrx_word' id='word_1_800' title='bbox 2529 4734 2627 4801; x_wconf 80' lang='grc' dir='ltr'>τὴν</span> <span class='ocrx_word' id='word_1_801' title='bbox 2658 4731 2945 4785; x_wconf 83' lang='grc' dir='ltr'>ἀνάϐασιν.</span> <span class='ocrx_word' id='word_1_802' title='bbox 2975 4732 3085 4785; x_wconf 77' lang='grc' dir='ltr'><strong>Καὶ</strong></span> <span class='ocrx_word' id='word_1_803' title='bbox 3120 4731 3275 4799; x_wconf 88' lang='grc' dir='ltr'>ὑμεῖς</span> <span class='ocrx_word' id='word_1_804' title='bbox 3316 4730 3496 4782; x_wconf 82' lang='grc' dir='ltr'>τοίνυν</span> <span class='ocrx_word' id='word_1_805' title='bbox 3530 4732 3577 4780; x_wconf 78' lang='grc' dir='ltr'><strong>εί</strong></span> <span class='ocrx_word' id='word_1_806' title='bbox 3624 4727 4009 4791; x_wconf 67' lang='grc' dir='ltr'>τατεινοῦσθε,</span> 
     </span>
    </p>
   </div>
   <div class='ocr_carea' id='block_1_104' title="bbox 2417 4819 4009 4894">
    <p class='ocr_par' dir='ltr' id='par_1_104' title="bbox 2417 4819 4009 4894">
     <span class='ocr_line' id='line_1_104' title="bbox 2417 4819 4009 4894; baseline -0.007 -16"><span class='ocrx_word' id='word_1_807' title='bbox 2417 4824 2791 4894; x_wconf 56' lang='grc' dir='ltr'>ὑψωθήσεσθε.</span> <span class='ocrx_word' id='word_1_808' title='bbox 2820 4821 3021 4875; x_wconf 70' lang='grc' dir='ltr'>Τούτου</span> <span class='ocrx_word' id='word_1_809' title='bbox 3053 4822 3161 4891; x_wconf 80' lang='grc' dir='ltr'><strong>γὰρ</strong></span> <span class='ocrx_word' id='word_1_810' title='bbox 3178 4822 3337 4892; x_wconf 86' lang='grc' dir='ltr'>χάριν</span> <span class='ocrx_word' id='word_1_811' title='bbox 3355 4820 3787 4888; x_wconf 69' lang='grc' dir='ltr'>ἐπεξεργάζεται</span> <span class='ocrx_word' id='word_1_812' title='bbox 3812 4819 4009 4879; x_wconf 76' lang='grc' dir='ltr'>ταῖτι,</span> 
     </span>
    </p>
   </div>
   <div class='ocr_carea' id='block_1_105' title="bbox 2419 4913 4009 4989">
    <p class='ocr_par' dir='ltr' id='par_1_105' title="bbox 2419 4913 4009 4989">
     <span class='ocr_line' id='line_1_105' title="bbox 2419 4913 4009 4989; baseline -0.006 -19"><span class='ocrx_word' id='word_1_813' title='bbox 2419 4918 2508 4970; x_wconf 86' lang='grc' dir='ltr'>ἵνα</span> <span class='ocrx_word' id='word_1_814' title='bbox 2559 4916 2823 4989; x_wconf 82' lang='grc' dir='ltr'>πληρώσῃ</span> <span class='ocrx_word' id='word_1_815' title='bbox 2877 4916 2943 4969; x_wconf 76' lang='grc' dir='ltr'>τὰ</span> <span class='ocrx_word' id='word_1_816' title='bbox 2993 4915 3172 4967; x_wconf 90' lang='grc' dir='ltr'>πάντα</span> <span class='ocrx_word' id='word_1_817' title='bbox 3194 4914 3238 4945; x_wconf 83' lang='grc'><strong>³⁸</strong></span> <span class='ocrx_word' id='word_1_818' title='bbox 3277 4915 3377 4981; x_wconf 84' lang='grc' dir='ltr'>τῆς</span> <span class='ocrx_word' id='word_1_819' title='bbox 3435 4913 3761 4974; x_wconf 80' lang='grc' dir='ltr'>δεσποτείας</span> <span class='ocrx_word' id='word_1_820' title='bbox 3816 4913 4009 4973; x_wconf 59' lang='lat' dir='ltr'><strong>ait-.5,</strong></span> 
     </span>
    </p>
   </div>
   <div class='ocr_carea' id='block_1_106' title="bbox 2423 5002 4010 5075">
    <p class='ocr_par' dir='ltr' id='par_1_106' title="bbox 2423 5002 4010 5075">
     <span class='ocr_line' id='line_1_106' title="bbox 2423 5002 4010 5075; baseline -0.005 -16"><span class='ocrx_word' id='word_1_821' title='bbox 2423 5007 2517 5059; x_wconf 72' lang='grc' dir='ltr'><strong>καὶ</strong></span> <span class='ocrx_word' id='word_1_822' title='bbox 2554 5007 2651 5075; x_wconf 73' lang='grc' dir='ltr'>τῆς</span> <span class='ocrx_word' id='word_1_823' title='bbox 2680 5005 2985 5075; x_wconf 80' lang='grc' dir='ltr'>ἐνεργείας,</span> <span class='ocrx_word' id='word_1_824' title='bbox 3011 5006 3105 5056; x_wconf 78' lang='grc' dir='ltr'>καὶ</span> <span class='ocrx_word' id='word_1_825' title='bbox 3137 5005 3194 5055; x_wconf 81' lang='grc' dir='ltr'>ὲν</span> <span class='ocrx_word' id='word_1_826' title='bbox 3231 5004 3415 5073; x_wconf 70' lang='grc' dir='ltr'>σαρκὶ,</span> <span class='ocrx_word' id='word_1_827' title='bbox 3447 5006 3569 5054; x_wconf 71' lang='grc' dir='ltr'>ἐπεὶ</span> <span class='ocrx_word' id='word_1_828' title='bbox 3595 5006 3659 5070; x_wconf 77' lang='grc' dir='ltr'>τῇ</span> <span class='ocrx_word' id='word_1_829' title='bbox 3692 5019 3757 5068; x_wconf 83' lang='grc' dir='ltr'>γε</span> <span class='ocrx_word' id='word_1_830' title='bbox 3787 5002 4010 5068; x_wconf 63' lang='grc' dir='ltr'>Θεότητι</span> 
     </span>
    </p>
   </div>
   <div class='ocr_carea' id='block_1_107' title="bbox 2425 5093 4009 5167">
    <p class='ocr_par' dir='ltr' id='par_1_107' title="bbox 2425 5093 4009 5167">
     <span class='ocr_line' id='line_1_107' title="bbox 2425 5093 4009 5167; baseline -0.006 -15"><span class='ocrx_word' id='word_1_831' title='bbox 2425 5099 2518 5152; x_wconf 76' lang='grc' dir='ltr'>καὶ</span> <span class='ocrx_word' id='word_1_832' title='bbox 2561 5098 2828 5167; x_wconf 79' lang='grc' dir='ltr'>πρότερον</span> <span class='ocrx_word' id='word_1_833' title='bbox 2862 5097 2930 5149; x_wconf 78' lang='grc' dir='ltr'>τὰ</span> <span class='ocrx_word' id='word_1_834' title='bbox 2969 5098 3146 5149; x_wconf 81' lang='grc' dir='ltr'>πάντα</span> <span class='ocrx_word' id='word_1_835' title='bbox 3195 5096 3459 5164; x_wconf 80' lang='grc' dir='ltr'>ἐπλήρου.</span> <span class='ocrx_word' id='word_1_836' title='bbox 3514 5094 3671 5146; x_wconf 84' lang='grc' dir='ltr'>Κατά</span> <span class='ocrx_word' id='word_1_837' title='bbox 3701 5093 3846 5145; x_wconf 69' lang='grc' dir='ltr'>Παὺ)</span> <span class='ocrx_word' id='word_1_838' title='bbox 3861 5111 3923 5144; x_wconf 75' lang='grc' dir='ltr'><strong>ου</strong></span> <span class='ocrx_word' id='word_1_839' title='bbox 3955 5093 4009 5142; x_wconf 80' lang='grc' dir='ltr'>δὲ</span> 
     </span>
    </p>
   </div>
   <div class='ocr_carea' id='block_1_108' title="bbox 2424 5184 4009 5256">
    <p class='ocr_par' dir='ltr' id='par_1_108' title="bbox 2424 5184 4009 5256">
     <span class='ocr_line' id='line_1_108' title="bbox 2424 5184 4009 5256; baseline -0.004 -16"><span class='ocrx_word' id='word_1_840' title='bbox 2424 5188 2517 5240; x_wconf 79' lang='grc' dir='ltr'>τοῦ</span> <span class='ocrx_word' id='word_1_841' title='bbox 2574 5188 2960 5256; x_wconf 83' lang='grc' dir='ltr'>Σαμοσατέως.</span> <span class='ocrx_word' id='word_1_842' title='bbox 3012 5190 3106 5241; x_wconf 77' lang='grc' dir='ltr'>καὶ</span> <span class='ocrx_word' id='word_1_843' title='bbox 3164 5187 3495 5256; x_wconf 77' lang='grc' dir='ltr'>Νεστορίου,</span> <span class='ocrx_word' id='word_1_844' title='bbox 3548 5184 3743 5236; x_wconf 65' lang='grc' dir='ltr'>ταῦτα.</span> <span class='ocrx_word' id='word_1_845' title='bbox 3795 5184 3856 5234; x_wconf 88' lang='grc' dir='ltr'><strong>Ὀ</strong></span> <span class='ocrx_word' id='word_1_846' title='bbox 3903 5184 4009 5251; x_wconf 71' lang='grc' dir='ltr'><strong>γὰρ</strong></span> 
     </span>
    </p>
   </div>
   <div class='ocr_carea' id='block_1_109' title="bbox 2424 5276 4010 5349">
    <p class='ocr_par' dir='ltr' id='par_1_109' title="bbox 2424 5276 4010 5349">
     <span class='ocr_line' id='line_1_109' title="bbox 2424 5276 4010 5349; baseline -0.004 -18"><span class='ocrx_word' id='word_1_847' title='bbox 2424 5280 2689 5343; x_wconf 73' lang='grc' dir='ltr'>καταϐὰς,</span> <span class='ocrx_word' id='word_1_848' title='bbox 2730 5280 2890 5349; x_wconf 77' lang='grc' dir='ltr'>δῆλον</span> <span class='ocrx_word' id='word_1_849' title='bbox 2918 5281 2999 5332; x_wconf 81' lang='grc' dir='ltr'>ὅτι</span> <span class='ocrx_word' id='word_1_850' title='bbox 3039 5280 3151 5332; x_wconf 86' lang='grc' dir='ltr'><strong>ἀνω</strong></span> <span class='ocrx_word' id='word_1_851' title='bbox 3190 5279 3265 5331; x_wconf 81' lang='grc' dir='ltr'>ὢν</span> <span class='ocrx_word' id='word_1_852' title='bbox 3305 5277 3533 5347; x_wconf 80' lang='grc' dir='ltr'>κατέϐη,</span> <span class='ocrx_word' id='word_1_853' title='bbox 3570 5276 3665 5329; x_wconf 52' lang='grc' dir='ltr'><strong>καλ⁹</strong></span> <span class='ocrx_word' id='word_1_854' title='bbox 3698 5276 4010 5342; x_wconf 75' lang='grc' dir='ltr'>σαρκούμε-</span> 
     </span>
    </p>
   </div>
   <div class='ocr_carea' id='block_1_110' title="bbox 2739 5436 3251 5504">
    <p class='ocr_par' dir='ltr' id='par_1_110' title="bbox 2739 5436 3251 5504">
     <span class='ocr_line' id='line_1_110' title="bbox 2739 5436 3251 5504; baseline 0.002 -14"><span class='ocrx_word' id='word_1_855' title='bbox 2739 5451 2759 5476; x_wconf 76' lang='grc' dir='ltr'><strong>ο</strong></span> <span class='ocrx_word' id='word_1_856' title='bbox 2800 5436 2945 5491; x_wconf 90' lang='lat' dir='ltr'><strong>Psal.</strong></span> <span class='ocrx_word' id='word_1_857' title='bbox 2988 5454 3157 5504; x_wconf 73' lang='lat' dir='ltr'><strong>xxv&quot;,</strong></span> <span class='ocrx_word' id='word_1_858' title='bbox 3200 5439 3251 5491; x_wconf 78' lang='grc' dir='ltr'>ί.</span> 
     </span>
    </p>
   </div>
   <div class='ocr_carea' id='block_1_111' title="bbox 2095 5598 2655 5659">
    <p class='ocr_par' dir='ltr' id='par_1_111' title="bbox 2095 5598 2655 5659">
     <span class='ocr_line' id='line_1_111' title="bbox 2095 5598 2655 5659; baseline 0 -3"><span class='ocrx_word' id='word_1_859' title='bbox 2095 5598 2292 5657; x_wconf 69' lang='lat' dir='ltr'><strong>\‘arire</strong></span> <span class='ocrx_word' id='word_1_860' title='bbox 2324 5598 2655 5659; x_wconf 70' lang='lat' dir='ltr'><strong>lectiones,</strong></span> 
     </span>
    </p>
   </div>
   <div class='ocr_carea' id='block_1_112' title="bbox 814 5770 2171 5839">
    <p class='ocr_par' dir='ltr' id='par_1_112' title="bbox 814 5770 2171 5839">
     <span class='ocr_line' id='line_1_112' title="bbox 814 5770 2171 5839; baseline 0.004 -20"><span class='ocrx_word' id='word_1_861' title='bbox 814 5770 855 5797; x_wconf 69' lang='grc' dir='ltr'><strong>δ’</strong></span> <span class='ocrx_word' id='word_1_862' title='bbox 885 5770 910 5815; x_wconf 65' lang='grc' dir='ltr'><strong>ἱ)</strong></span> <span class='ocrx_word' id='word_1_863' title='bbox 937 5772 1041 5837; x_wconf 69' lang='grc' dir='ltr'>γὰρ</span> <span class='ocrx_word' id='word_1_864' title='bbox 1064 5770 1195 5829; x_wconf 64' lang='grc' dir='ltr'>Θεῖις</span> <span class='ocrx_word' id='word_1_865' title='bbox 1226 5770 1409 5834; x_wconf 48' lang='lat' dir='ltr'><strong>inite.</strong></span> <span class='ocrx_word' id='word_1_866' title='bbox 1443 5773 1530 5823; x_wconf 66' lang='grc' dir='ltr'>καὶ</span> <span class='ocrx_word' id='word_1_867' title='bbox 1573 5773 1678 5823; x_wconf 72' lang='grc' dir='ltr'>πάιν</span> <span class='ocrx_word' id='word_1_868' title='bbox 1734 5789 1783 5824; x_wconf 83' lang='grc' dir='ltr'><strong>ιι.</strong></span> <span class='ocrx_word' id='word_1_869' title='bbox 1864 5773 1909 5802; x_wconf 68' lang='grc'><strong>⁸⁵</strong></span> <span class='ocrx_word' id='word_1_870' title='bbox 1938 5770 2079 5839; x_wconf 63' lang='grc' dir='ltr'>λέγει</span> <span class='ocrx_word' id='word_1_871' title='bbox 2122 5786 2171 5824; x_wconf 88' lang='lat'><strong>0.</strong></span> 
     </span>
    </p>
   </div>
   <div class='ocr_carea' id='block_1_113' title="bbox 740 5839 1897 5908">
    <p class='ocr_par' dir='ltr' id='par_1_113' title="bbox 740 5839 1897 5908">
     <span class='ocr_line' id='line_1_113' title="bbox 740 5839 1897 5908; baseline 0.005 -19"><span class='ocrx_word' id='word_1_872' title='bbox 740 5839 928 5908; x_wconf 50' lang='grc' dir='ltr'>ἀργεῖν</span> <span class='ocrx_word' id='word_1_873' title='bbox 957 5859 1006 5893; x_wconf 85' lang='grc' dir='ltr'><strong>ιι.</strong></span> <span class='ocrx_word' id='word_1_874' title='bbox 1086 5844 1128 5871; x_wconf 53' lang='grc' dir='ltr'><strong>³η</strong></span> <span class='ocrx_word' id='word_1_875' title='bbox 1177 5843 1266 5892; x_wconf 75' lang='grc' dir='ltr'>τὸν</span> <span class='ocrx_word' id='word_1_876' title='bbox 1310 5840 1523 5893; x_wconf 51' lang='grc' dir='ltr'>ἅπαντα</span> <span class='ocrx_word' id='word_1_877' title='bbox 1575 5844 1780 5908; x_wconf 78' lang='grc' dir='ltr'>κόσμον</span> <span class='ocrx_word' id='word_1_878' title='bbox 1826 5858 1897 5895; x_wconf 88' lang='grc' dir='ltr'>ιιι.</span> 
     </span>
    </p>
   </div>
   <div class='ocr_carea' id='block_1_114' title="bbox 2252 5759 3527 5841">
    <p class='ocr_par' dir='ltr' id='par_1_114' title="bbox 2252 5759 3527 5841">
     <span class='ocr_line' id='line_1_114' title="bbox 2252 5759 3527 5841; baseline -0.007 -18"><span class='ocrx_word' id='word_1_879' title='bbox 2252 5772 2293 5801; x_wconf 67' lang='lat'><strong>5“</strong></span> <span class='ocrx_word' id='word_1_880' title='bbox 2316 5770 2621 5841; x_wconf 58' lang='grc' dir='ltr'>ἀνθρώποις</span> <span class='ocrx_word' id='word_1_881' title='bbox 2655 5768 2713 5820; x_wconf 69' lang='grc' dir='ltr'>τὰ</span> <span class='ocrx_word' id='word_1_882' title='bbox 2748 5768 3080 5838; x_wconf 71' lang='grc' dir='ltr'>χαρίσματα,</span> <span class='ocrx_word' id='word_1_883' title='bbox 3107 5762 3369 5833; x_wconf 65' lang='grc' dir='ltr'>λαμῧάνει</span> <span class='ocrx_word' id='word_1_884' title='bbox 3394 5777 3442 5812; x_wconf 77' lang='grc' dir='ltr'><strong>τ.</strong></span> <span class='ocrx_word' id='word_1_885' title='bbox 3478 5759 3527 5814; x_wconf 81' lang='grc' dir='ltr'><strong>δ.</strong></span> 
     </span>
    </p>
   </div>
   <div class='ocr_carea' id='block_1_115' title="bbox 3608 5756 4010 5813">
    <p class='ocr_par' dir='ltr' id='par_1_115' title="bbox 3608 5756 4010 5813">
     <span class='ocr_line' id='line_1_115' title="bbox 3608 5756 4010 5813; baseline -0.005 0"><span class='ocrx_word' id='word_1_886' title='bbox 3608 5760 3654 5790; x_wconf 76' lang='grc'><strong>⁵⁷</strong></span> <span class='ocrx_word' id='word_1_887' title='bbox 3686 5760 3790 5813; x_wconf 71' lang='grc' dir='ltr'>οὐκ</span> <span class='ocrx_word' id='word_1_888' title='bbox 3813 5756 3907 5813; x_wconf 68' lang='grc' dir='ltr'>οὖν</span> <span class='ocrx_word' id='word_1_889' title='bbox 3934 5760 4010 5812; x_wconf 81' lang='grc' dir='ltr'><strong>δεῖ</strong></span> 
     </span>
    </p>
   </div>
  </div>
