4226 6440
733 428 867 493 1091

1582 424 2158 485 THEOPIIYLACTI
2196 423 2607 484 BULGARL‘E
2650 424 3000 483 ARCHIEP.

3832 418 3983 484 ιονε

710 552 815 601 est,
851 550 1040 593 testem
1091 536 1373 590 Dominum
1433 535 1593 595 facio.
1622 540 1765 605 quod
1822 552 1926 588 non
1959 536 2276 589 occultarim

2395 536 2474 586 τὸν
2500 535 2702 602 Κύριον
2743 534 3009 602 ποιοῦμαι
3032 533 3098 597 ⁸⁸,
3130 535 3213 586 ὅτι
3255 534 3354 585 οὐκ
3388 531 3803 601 ἀπεκρυψάμην
3832 532 3987 598 πρδς

712 648 774 683 ea
805 647 923 700 qua:
962 631 1113 684 Vobis
1154 630 1379 682 dicenda
1427 628 1654 683 fuerint.
1714 628 1831 681 Non
1884 630 2041 692 dixit,
2083 638 2283 692 autem,

718 720 795 773 Ne
848 734 1008 787 porro
1058 732 1153 771 vos
1203 718 1488 771 ambuletis
1543 719 1992 785 quemadmodum
2044 717 2288 770 ambula-

718 809 877 871 Italis,
918 824 983 861 ne
1036 808 1206 862 irritet
1247 824 1339 864 eos
1374 827 1386 862 :
1426 809 1541 874 sed,
1593 827 1611 859 ι
1655 808 2004 876 Reliquarum
2046 810 2286 875 gentium

716 903 906 964 instar,
953 917 972 949 ι
1010 900 1203 965 inquit,
1256 901 1481 952 aliormn
1535 900 1780 968 exemplo
1838 899 1956 952 illos
2015 910 2290 968 Castigans

717 1000 769 1040 et
800 990 1074 1041 erudiens.
1123 989 1176 1041 In
1226 988 1462 1041 vanitate
1491 1004 1651 1057 porro
1683 988 1878 1041 mentis
1905 989 2292 1042 circumambu-

714 1076 917 1139 labant,
971 1088 1025 1131 et
1071 1079 1200 1147 quia
1238 1077 1377 1130 idola
1426 1080 1694 1139 colebant,
1749 1087 1803 1130 et
1835 1080 1961 1145 quia
2006 1078 2288 1131 adectibus

718 1170 831 1223 suis
886 1171 1269 1231 inserviebam,
1304 1180 1358 1222 et
1397 1171 1521 1238 quia
1558 1168 1739 1221 mundi
1774 1170 2097 1221 vanitatibus
2131 1169 2276 1221 allist

722 1272 897 1313 erant.
959 1260 1088 1325 ρυςυ
1143 1262 1260 1313 ideo
1316 1262 1524 1314 vanitas
1563 1262 1935 1322 dicuntur,eo
1989 1262 2129 1327 quod
2186 1279 2285 1315 nos

719 1351 825 1406 illis
878 1366 1017 1405 vane
1065 1364 1282 1406 utamur
1338 1373 1352 1406 :
1412 1371 1516 1407 non
1575 1357 1718 1409 enim
1759 1372 1854 1409 sua
1909 1366 2099 1411 natura
2158 1374 2291 1412 vana

720 1452 884 1494 sunt:
920 1444 1069 1495 valde
1102 1458 1332 1511 namque
1378 1444 1516 1497 bona
1547 1456 1673 1499 sunt
1706 1446 1937 1498 condita.

791 1534 955 1587 Vsus.
984 1536 1067 1587 18.
1105 1553 1120 1583 ι
1156 1535 1417 1589 Tenebris
1448 1540 1792 1590 obscuratum
1829 1537 2085 1590 habentes
2139 1537 2294 1590 ῑιιιυι-

722 1626 941 1687 lectum,
979 1627 1264 1679 abalienati
1318 1643 1347 1678 a
1400 1628 1507 1679 vita
1567 1626 1681 1680 Dei.
1739 1645 1756 1677 ι
1813 1626 2018 1681 Lumen
2073 1627 2290 1697 quidem

724 1721 934 1772 lucebat
1007 1719 1205 1772 divinae
1250 1720 1576 1784 mgnitionis
1646 1735 1902 1789 pureque
1960 1721 2117 1775 vitai:
2197 1720 2295 1789 ipsi

722 1814 903 1857 autem
934 1804 1361 1859 obtenebrarunt
1398 1807 1628 1876 seipsos,
1668 1810 1993 1865 imbecillem
2044 1812 2307 1869 facientes

721 1890 916 1946 animze
938 1892 1381 1963 perspicuitatem
1411 1912 1505 1964 per
1529 1898 1812 1968 caliginem
1845 1903 2134 1958 affectuum
2157 1921 2309 1958 nttttt-

721 1982 1095 2051 danarmnquc
1144 1999 1418 2037 curarum.
1472 1984 1717 2040 Rheuma
1775 1991 1920 2045 enim
1966 1994 2217 2057 multum,
2251 2006 2306 2050 et

722 2072 1009 2127 dilIlculter
1054 2075 1319 2135 curahile.
1377 2086 1505 2131 sunt
1552 2077 1780 2133 allectus
1810 2092 1865 2135 et
1911 2085 2307 2142 sollicitudines

722 2168 1009 2221 mundanre
1039 2184 1160 2237 qure
1218 2180 1455 2223 mentem
1527 2173 1869 2240 perturbant.
1917 2175 2209 2245 Pmptcrea
2255 2192 2308 2234 et

723 2260 828 2315 vita
864 2259 976 2323 Dei,
1006 2262 1054 2314 id
1084 2272 1164 2315 est
1212 2260 1413 2327 divina,
1456 2280 1574 2333 qua:
1628 2268 1928 2322 secundum
1988 2269 2157 2324 Deum
2201 2283 2303 2335 est,

722 2352 1009 2406 abalienati
1041 2364 1171 2407 sunt
1200 2355 1290 2423 qui
1324 2356 1401 2409 sic
1424 2371 1479 2409 se
1511 2356 1802 2413 habebant.
1833 2360 2130 2417 llationalis
2160 2365 2305 2419 cnim

725 2445 833 2496 vita
858 2454 963 2505 est,
1011 2447 1291 2500 veritatem
1338 2448 1657 2516 intelligere.
1715 2449 1813 2514 Qui
1860 2466 1987 2503 vero
2041 2454 2105 2504 ad
2150 2454 2289 2503 hanc

725 2535 943 2603 caligat,
1000 2537 1293 2589 meritone
1332 2537 1461 2591 vivit
1513 2539 1750 2607 quidem,
1804 2555 1869 2593 eo
1896 2542 2037 2608 quod
2097 2543 2295 2595 \CI'it‘aS

726 2625 798 2679 sit
824 2628 1128 2680 substantia
1164 2637 1217 2680 et
1258 2626 1436 2680 lumen
1474 2630 1719 2684 rationis.

798 2732 819 2766 ι
856 2714 1077 2783 Propter
1117 2714 1474 2786 ignorantiam
1509 2734 1629 2787 qum
1673 2727 1756 2773 est
1801 2720 1850 2773 in
1888 2721 2039 2788 ipsis,
2074 2731 2291 2790 propter

725 2807 1022 2861 caicitatem
1085 2810 1265 2861 cordis
1322 2809 1587 2877 ipsorum,
1645 2830 1663 2861 ι
1717 2812 1771 2865 Si
1822 2812 1988 2880 igitur
2031 2813 2298 2883 ignorant,

726 2899 854 2965 quid
909 2913 1002 2951 eos
1050 2900 1311 2953 accusas?
1363 2903 1616 2968 ignorans
1674 2902 1817 2955 enim
1866 2907 2139 2957 docendus
2195 2912 2300 2967 est,

732 3007 836 3041 non
883 2993 1237 3045 accusandus.
1270 2994 1431 3061 Atqui
1483 2995 1808 3061 ignorantia,
1849 2996 2039 3062 inquit,
2078 3005 2297 3062 propter

727 3082 1023 3135 «ueritatem
1076 3083 1139 3135 iis
1186 3084 1436 3147 accessit,
1465 3084 1518 3138 id
1540 3095 1621 3138 est
1650 3095 1867 3153 propter
1894 3085 2297 3152 stupiditatem;

726 3172 1009 3239 Stupiditas
1031 3182 1212 3225 autem
1234 3188 1297 3225 ex
1345 3173 1554 3225 illorum
1580 3175 1935 3242 propensione
1953 3178 2017 3226 ad
2038 3176 2298 3239 impuram

728 3264 917 3318 vitam.
946 3264 1302 3328 Quamobrem
1342 3266 1761 3333 reprehensione
1805 3266 1948 3333 digni
1980 3279 2123 3319 sunt.
2160 3266 2296 3318 Audi

726 3356 868 3407 enim
898 3364 950 3406 et
976 3370 1095 3423 qua:
1128 3363 1447 3421 sequuntur.

806 3446 961 3498 Vens.
1024 3447 1108 3497 19.
1143 3464 1162 3496 ι
1219 3446 1318 3510 Qui
1377 3448 1749 3515 desperantes,
1808 3448 2015 3514 seipsos
2063 3444 2297 3500 tradide-

733 3552 858 3593 runt
923 3541 1293 3607 impudicitizn,
1370 3542 1422 3594 in
1502 3541 1872 3610 operationem
1945 3540 2298 3594 immunditia:

728 3632 903 3685 omnis
943 3645 1063 3683 cum
1098 3632 1371 3687 aviditate.
1411 3651 1429 3683 ι
1467 3629 1662 3686 Viden’
1710 3648 1777 3685 ex
1813 3632 2087 3685 voluntate
2136 3645 2299 3699 atque

731 3724 1006 3790 proposito
1063 3726 1197 3777 hanc
1234 3726 1315 3778 eis
1370 3726 1743 3793 stupiditatem
1818 3724 1980 3779 esse?
2028 3744 2046 3776 ι
2099 3724 2297 3793 Despe-

730 3827 937 3868 rantes)
967 3817 1135 3879 enim,
1168 3817 1363 3884 inquit,
1394 3818 1496 3869 hoc
1523 3826 1627 3881 est,
1658 3832 1849 3884 segnes
1877 3818 2022 3878 facti,
2058 3818 2298 3869 nolentes

731 3905 983 3959 laborare
1022 3916 1076 3958 ut
1108 3907 1386 3960 inveniant
1423 3907 1648 3973 bonum,
1683 3908 1826 3959 omni
1866 3908 2051 3959 dolore
2090 3918 2295 3959 tantum

732 4012 836 4048 non
889 4007 1163 4059 vacantes,
1198 4012 1260 4049 ac
1305 3997 1468 4050 veluti
1522 4000 1587 4050 ad
1647 3999 1929 4050 stultitiam
1971 3999 2193 4058 redacti,
2241 4012 2300 4051 se

733 4088 832 4153 ipsi
890 4089 1224 4141 tradiderunt
1272 4088 1662 4156 impudicitia:
1702 4097 1758 4141 ut
1790 4089 1915 4157 quid
1953 4088 2186 4141 faciant?
2222 4086 2295 4141 Ut

731 4188 1020 4243 operentur
1052 4180 1415 4247 impuritatem
1449 4195 1464 4231 :
1509 4180 1646 4233 hanc
1680 4180 1823 4231 enim
1867 4180 2116 4233 exercitii
2165 4198 2295 4233 cou-

733 4269 973 4335 tinuique
1024 4271 1203 4334 Operis
1235 4269 1351 4323 loco
1381 4281 1691 4337 posuerunt,
1739 4286 1837 4323 nec
1869 4286 2029 4323 unam
2072 4271 2292 4339 quidem

731 4357 849 4423 ejus
900 4360 1156 4426 speciem,
1208 4362 1301 4413 sed
1337 4362 1699 4429 amnigenam.
1745 4360 1844 4425 Qui
1908 4360 2068 4428 igitur
2102 4377 2203 4413 non
2242 4361 2294 4412 in

732 4465 999 4501 suuunum
1029 4462 1304 4518 stuporem
1343 4454 1550 4504 venturi
1587 4463 1762 4515 erant,
1790 4452 1878 4519 qui
1914 4452 2119 4519 seipsos
2152 4454 2294 4505 omni

2391 626 2535 693 ὑμᾶς
2564 626 2598 678 ἃ
2625 626 2706 677 δεῖ
2740 628 2939 677 εἰπεῖν.
2969 626 3083 677 υὺκ
3110 620 3231 676 εἷπε
3267 625 3344 686 δὲ,
3377 624 3590 691 Μηκέτι
3630 624 3777 690 ὑμᾶς
3811 638 3987 689 περι-

2392 720 2582 768 πατεῖν
2617 718 2691 778 ὡς
2723 720 3127 786 περιεπατεῖτε,
3162 719 3247 769 ἵνα
3281 718 3354 784 μὴ
3381 716 3558 785 πλήξῃ
3586 732 3599 744 ⁶
3625 714 3785 771 ἀλλὰ,
3824 715 3974 765 «Κα-

2392 804 2499 866 θὼς
2534 807 2629 857 καὶ
2661 805 2729 857 τὰ
2769 805 2929 857 λοιπά
2976 806 3125 874 ἔθνη,
3170 825 3188 855 ι
3212 804 3287 873 τῷ
3316 806 3522 871 ἐτέρων
3547 802 3984 872 παραδείγματι

2394 898 2741 965 σωφρονίζων
2768 898 2987 960 αὐτούς.
3033 916 3050 946 ι
3096 898 3185 949 Ἐν
3215 897 3537 963 ματαιότητι
3578 894 3633 945 δὲ
3658 893 3755 945 τοῦ
3792 893 3920 952 νοὸς
3958 912 3979 941 ι

2393 991 2780 1059 περιεπάτουν,
2809 990 2901 1041 καὶ
2942 990 3015 1051 ὡς
3050 990 3118 1041 τὰ
3164 987 3359 1039 εἴδωλα
3412 986 3719 1054 σεϐόμενοι,
3761 989 3865 1035 καὶ
3898 985 3985 1043 ὡς

2390 1084 2501 1142 τοῖς
2537 1080 2731 1132 πάθεσι
2763 1079 3129 1142 δουλεύοντες,
3167 1082 3260 1130 καὶ
3296 1080 3407 1140 τοῖς
3449 1076 3545 1129 τοῦ
3597 1077 3811 1145 κόσμου
3871 1093 3987 1142 μαι

2399 1173 2564 1233 ταίοις
2613 1170 3029 1240 προσηλωμένοι
3058 1186 3072 1199 ⁸
3111 1170 3147 1223 ἃ
3190 1170 3490 1238 ματαιότης
3559 1169 3842 1235 λέγονται,
3907 1166 3987 1219 δι’

2397 1262 2530 1315 αυηιὸ
2556 1260 2739 1322 τοῦτο,
2782 1263 2865 1313 ὅτι
2900 1262 3062 1329 ἡμεῖς
3119 1262 3302 1321 αὐτοῖς
3370 1259 3616 1329 ματαίως
3666 1257 3942 1327 χρώμεθα
3971 1273 3987 1286 ο

2394 1354 2455 1406 οὑ
2478 1354 2583 1423 γὰρ
2617 1356 2682 1423 τῇ
2715 1353 2922 1405 ἑαυτῶν
2951 1353 3111 1421 φύσει
3141 1353 3346 1421 μάταιά
3374 1354 3481 1404 εἰσι
3506 1367 3523 1383 ο
3551 1350 3689 1404 καλὰ
3715 1352 3829 1418 γὰρ
3856 1351 3989 1401 λίαν

2395 1444 2748 1512 ἐκτίσθησαν.

2472 1554 2490 1587 ι
2547 1535 2956 1604 Ἐσκοτισμένοι
2990 1539 3054 1605 τῇ
3078 1534 3845 1607 διανοίᾳ,ἀπηλλοτριωμὲνοι
3879 1535 3985 1601 τῆς

2397 1628 2542 1696 ζωῆς
2572 1627 2665 1680 τοῦ
2692 1626 2851 1680 Θεοῦ.
2892 1647 2909 1677 ι
2950 1626 3023 1679 T6
3058 1627 3159 1695 μὲν
3204 1627 3320 1695 φῶς
3346 1626 3559 1694 ἔλαμπε
3588 1626 3687 1694 τῆς
3748 1643 3809 1677 τε
3859 1624 3989 1676 θεο-

2398 1718 2636 1783 γνωσίας
2666 1720 2760 1769 καὶ
2798 1716 2895 1769 τοῦ
2927 1716 3173 1783 καθαροῦ
3200 1717 3317 1785 βίου
3339 1734 3352 1747 ο
3396 1718 3551 1769 αὐτοὶ
3586 1717 3640 1767 δὲ
3679 1718 3988 1768 ἐσκότισαν

2399 1809 2647 1873 ἑαυτοὺς,
2687 1808 2908 1869 ἀσθενὲς
2940 1809 3270 1875 ποιήσαντες
3316 1806 3377 1857 τὸ
3404 1808 3503 1873 τῆς
3552 1805 3731 1874 ψυχῆς
3785 1805 3990 1872 διορα-

2393 1902 2545 1955 τικὸν
2579 1902 2665 1953 διὰ
2696 1901 2794 1971 τὴν
2841 1901 3009 1970 ἀχλὺν
3060 1900 3168 1952 τῶν
3202 1899 3391 1952 παθῶν
3429 1899 3526 1949 καὶ
3552 1899 3659 1949 τῶν
3693 1898 3988 1963 βιωτικῶν

2397 1993 2716 2062 φροντίδων.
2763 1993 2968 2062 Ῥεῦμα
3024 1991 3133 2060 γὰρ
3197 1990 3331 2042 πολὺ
3368 1992 3464 2043 καὶ
3494 1988 3747 2041 δυσίατόν
3784 1994 3833 2019 ⁵³
3872 1992 3987 2040 εἰσι

2392 2086 2462 2138 τά
2491 2102 2549 2137 τε
2587 2084 2735 2153 πάθη
2769 2086 2863 2136 καὶ
2889 2086 2942 2137 αἱ
2982 2084 3246 2153 μέριμναι
3278 2082 3373 2135 τοῦ
3424 2081 3653 2148 κόσμου,
3688 2080 3989 2134 ἐπιθολοῦ-

2395 2192 2485 2228 σαι
2513 2174 2612 2245 τὴν
2635 2174 2896 2226 διάνοιαν.
2931 2173 3031 2224 Διά
3066 2170 3222 2224 τοῦτο
3255 2172 3347 2223 καὶ
3382 2174 3481 2239 τῆς
3512 2169 3606 2221 τοῦ
3633 2169 3768 2221 Θεοῦ
3800 2168 3982 2235 ζωῆς,

2395 2268 2565 2320 ὅέστι
2619 2267 2718 2334 τῆς
2773 2265 2913 2318 κατὰ
2963 2264 3118 2323 Θεὸν,
3162 2262 3682 2334 ἀπηλλοτριώθησαν
3718 2263 3767 2313 οἱ
3802 2262 3987 2323 οὕτως

2395 2358 2633 2427 ἔχοντες.
2678 2356 2782 2408 Τοῦ
2816 2355 3034 2423 λογικοῦ
3089 2356 3199 2423 γὰρ
3252 2355 3387 2423 ζωὴ,
3448 2356 3510 2407 τὸ
3566 2357 3665 2422 τὴν
3716 2353 3987 2421 ἀλήθειαν

2397 2454 2563 2503 νοεῖν·
2597 2452 2625 2503 6
2661 2450 2717 2502 δὲ
2745 2448 2882 2517 πρὸς
2907 2448 3113 2518 ταύτην
3168 2448 3495 2514 τυφλωθεὶς,
3549 2448 3782 2507 εἰκότως
3850 2446 3982 2496 οὖδέ

2396 2543 2484 2610 ζῇ,
2517 2543 2605 2594 διὰ
2644 2542 2705 2593 τὸ
2748 2540 2845 2609 τὴν
2875 2539 3137 2608 ἀλήθειαν
3168 2534 3308 2591 εἶναι
3360 2540 3551 2592 οὐσίαν
3608 2538 3704 2589 καὶ
3735 2538 3855 2606 φῶς
3884 2537 3986 2588 τοῦ

2397 2631 2580 2697 λόγου.

2477 2742 2494 2773 ι
2540 2724 2638 2775 Διά
2666 2724 2764 2794 τὴν
2792 2724 3020 2791 ἄγνοιαν
3050 2723 3151 2794 τὴν
3177 2718 3343 2776 οὖσαν
3374 2722 3583 2784 αὐτοῖς,
3617 2720 3707 2774 διὰ
3736 2722 3841 2790 τὴν
3866 2720 3987 2772 πῶ-

2407 2830 2574 2884 ρωσιν
2608 2814 2707 2882 τῆς
2744 2816 2973 2882 καρδίας
2998 2815 3199 2867 αὐτῶν.
3239 2834 3256 2861 ι
3294 2814 3353 2865 ΕΞ
3381 2809 3475 2865 οὖν
3499 2812 3779 2878 ἀγνοοῦσι,
3800 2812 3859 2863 τί
3884 2815 3988 2863 αὖ·

2400 2908 2511 2966 τοῖς
2546 2905 2799 2970 ἐγκαλεῖς
2821 2922 2834 2966 ;
2858 2906 2949 2957 τὸν
2968 2907 3077 2975 γὰρ
3100 2906 3398 2971 ἀγνοοῦντα
3439 2903 3791 2957 διδάσκεσθαι
3817 2904 3983 2964 Esi“,

2399 2998 2459 3047 οὺ
2514 2996 2960 3065 κατηγορεῖσθαι.
3002 2995 3141 3046 Ἀλλ’
3173 2998 3205 3064 ἡ
3257 3000 3470 3063 ἄγνοια,
3525 2998 3683 3065 φησι,
3739 2996 3831 3047 διὰ
3884 3002 3986 3062 τὴν

2401 3078 2657 3144 πώρωσιν
2697 3080 2879 3139 αὐτοῖς
2931 3080 3243 3146 ἐπεγένετο,
3272 3081 3299 3131 ὃ
3326 3082 3444 3130 ἐστι
3468 3081 3512 3109 ⁷⁸
3557 3081 3643 3131 διὰ
3689 3081 3790 3147 τὴν
3822 3080 3985 3132 ἀναι-

2407 3171 2670 3239 σθησίαν⁶
2715 3172 2748 3239 ἡ
2788 3171 2845 3222 δὲ
2872 3171 3224 3241 ἀναισθησία,
3277 3174 3341 3223 ἐκ
3374 3171 3472 3237 τῆς
3508 3171 3643 3239 πρὸς
3696 3172 3789 3221 τὸν
3842 3174 3988 3223 ἀκάο

2406 3262 2604 3331 θαρτον
2646 3263 2761 3331 βίον
2782 3264 3076 3325 διαθέσεως
3103 3262 3280 3315 αὐτῶν
3315 3264 3383 3316 ⁷³.
3417 3264 3579 3314 Ὥστε
3625 3263 3984 3328 ἐγκαλεῖσθαι

2402 3355 2569 3418 ἄξιοι.
2608 3356 2805 3405 Ἀκουε
2830 3355 2938 3421 γὰρ
2970 3356 3065 3407 καὶ
3102 3356 3209 3406 τῶν
3241 3354 3365 3422 ἑξῆς
3390 3372 3404 3384 ·

2483 3464 2503 3496 ‹
2542 3447 2754 3508 Οίτινες
2813 3446 3201 3514 ἀπηλγηκότες
3260 3448 3486 3508 ἑαυτοὺς
3526 3447 3861 3516 παρέδωκαν
3916 3450 3983 3515 τῇ

2400 3535 2680 3603 ἀσελγείᾳ,
2704 3538 2782 3596 είς
2826 3538 3093 3606 ἐργασίαν
3117 3538 3297 3605 πάσης
3325 3536 3664 3605 ἀκαθαρσίας
3692 3540 3751 3589 ἐν
3783 3540 3981 3589 πλεον-

2396 3624 2535 3693 εξίᾳ.
2582 3645 2599 3675 ι
2644 3624 2810 3693 Ὁρᾷς
2849 3663 2863 3686 ,
2892 3626 2974 3677 ὅτι
3019 3627 3081 3676 ἐκ
3118 3627 3495 3694 προαιρέσεως
3530 3627 3713 3687 αὐτοῖς
3754 3628 3787 3694 ὴ
3824 3632 3983 3679 αναιο

2402 3716 2596 3784 σθησία
2622 3734 2636 3782 ;
2666 3735 2684 3765 ι
2733 3718 3140 3786 Ἀπηλγηκότες
3168 3740 3185 3769 ι
3218 3719 3349 3789 γὰρ,
3375 3722 3797 3787 φησ“ι,τουτέστι
3852 3738 3985 3772 κατ-

2400 3808 2869 3879 εῤῥᾳθυμηκὸτες,
2894 3811 2987 3861 καὶ
3019 3809 3092 3878 μὴ
3112 3810 3354 3872 θέλοντες
3382 3814 3576 3880 καμεῖν
3605 3813 3742 3879 πρδς
3767 3814 3870 3880 τὴν
3889 3815 3980 3863 εῦ-

2401 3918 2549 3970 ρεσιν
2582 3902 2676 3953 τοῦ
2707 3901 2896 3966 καλοῦ,
2921 3902 3013 3954 καὶ
3036 3903 3353 3969 ἀναλγήτως
3372 3902 3731 3966 διατεθέντες,
3764 3901 3982 3957 καέοἶον

2402 3993 2813 4062 μεμωραμένοι,
2846 4010 2864 4043 ‹
2907 3994 3135 4055 ἑαυτοὺς
3184 3995 3507 4063 παρέδωκαν
3525 3998 3589 4062 τῇ
3624 3995 3912 4063 ἀσελγείᾳ.
3957 4018 3976 4046 ι

2400 4085 2519 4138 Ἵνα
2557 4085 2609 4137 τί
2642 4086 2873 4136 ποιῶσιν
2907 4102 2921 4148 ;
2950 4086 3068 4137 Ἵνα
3097 4086 3441 4155 ἐργάζωνται
3471 4088 3570 4156 τὴν
3591 4088 3937 4155 ἀκαθαρσίαν
3962 4104 3975 4114 ·

2404 4177 2637 4247 μελέτην
2665 4180 2773 4247 γὰρ
2798 4180 2891 4229 καὶ
2943 4178 3101 4244 ἔργον
3136 4179 3383 4245 διηνεκὲς
3409 4176 3454 4209 ⁷³
3488 4178 3672 4230 ἔθεντο
3725 4178 3936 4249 ταύτην
3960 4196 3976 4209 ο

2400 4268 2495 4319 καὶ
2528 4269 2624 4335 οὐχ
2673 4266 2731 4318 ἓν
2762 4262 2922 4330 εἶδος,
2958 4269 3092 4321 ἀλλὰ
3122 4270 3323 4320 πᾶσαν.
3362 4269 3485 4331 Πῶς
3514 4264 3607 4321 οῦν
3650 4270 3754 4321 οὐκ
3818 4272 3979 4338 ἔμελ-

2399 4360 2488 4412 λον
2523 4360 2894 4429 ἀναισθητεῖν,
2927 4362 2975 4412 οἱ
3011 4363 3239 4423 ἑαυτοὺς
3288 4364 3623 4431 παραδόντες
3655 4362 3975 4433 ἀκαθαρσέα

2399 4454 2583 4523 nica;
2625 4451 2681 4503 ὐ
2717 4453 2823 4520 γὰρ
2853 4454 3161 4520 ἀκάθαρτος
3198 4452 3333 4519 βίος,
3363 4456 3454 4506 καὶ
3483 4454 3774 4522 δογμάτων
3810 4474 3977 4522 πονη-

735 4538 1093 4593 immunditiei
1156 4542 1537 4595 tradiderunt?
1587 4543 1796 4595 Etenim
1849 4545 2122 4596 immunda
2187 4547 2292 4597 vita

2406 4542 2516 4609 ρῶν
2576 4541 2768 4604 αἴτιος,
2820 4543 2915 4595 καὶ
2974 4543 3173 4605 παντὸς
3234 4542 3401 4595 καλοῦ
3457 4542 3680 4609 ἄγνοιαν
3731 4546 3975 4612 ἐμποιεῖ.

730 4630 1039 4697 dogmatum
1076 4647 1290 4700 quoque
1340 4648 1625 4699 pravorum
1680 4633 1843 4704 400
1888 4651 2049 4688 eausa
2091 4645 2191 4699 est,
2242 4645 2297 4689 et

734 4726 913 4779 omnis
945 4727 1067 4779 boni
1107 4727 1460 4793 ignorantiam
1501 4730 1660 4795 parit.
1696 4728 1921 4792 Quando
1962 4730 2128 4798 igitur
2186 4730 2293 4781 alio

738 4819 787 4867 in
838 4817 953 4869 loco
1004 4818 1297 4881 audiveris,
1351 4817 1494 4885 quod
1546 4816 1690 4872 Deus
1741 4820 2021 4871 tradiderit
2076 4834 2170 4872 eos
2243 4820 2293 4872 in

738 4908 1019 4974 reprobam
1077 4916 1335 4971 mentem,
1388 4906 1739 4962 reminiscere
1778 4910 1941 4962 etiam
1983 4908 2138 4976 hujus
2172 4910 2292 4973 loci,

734 5011 895 5065 atque
945 5000 1292 5067 compingens
1352 5008 1662 5067 utrumque,
1696 4998 1931 5068 intellige
1974 5000 2115 5068 quod
2157 4999 2296 5053 Deus

733 5086 939 5139 dicatur
987 5088 1198 5140 tradere
1235 5102 1328 5139 eos
1360 5088 1450 5155 qui
1503 5088 1709 5154 seipsos
1763 5088 1999 5150 tradunt,
2062 5088 2164 5141 hoc
2211 5097 2296 5141 est

734 5179 1059 5245 permittere.
1107 5194 1312 5231 necnon
1374 5180 1688 5242 concedere,
1728 5180 2157 5248 quandoquidem
2234 5194 2292 5233 se

738 5270 928 5335 dignos
972 5270 1070 5322 hor
1122 5272 1385 5338 permissu
1440 5270 1703 5324 fecerunt.
1735 5270 1816 5323 Ad
1842 5271 1954 5323 hac
1985 5286 2105 5323 cum
2137 5270 2290 5334 dicit,

743 5381 759 5411 ι
802 5364 933 5415 Cum
992 5364 1263 5427 aviditate,
1320 5382 1338 5413 ι
1378 5364 1738 5416 voluntariam
1795 5363 1875 5417 eis
1924 5364 2288 5429 stupiditatem

734 5453 920 5505 adesse
970 5460 1218 5504 testatur.
1265 5452 1527 5505 Licuisset
1568 5452 1710 5505 enim
1764 5454 1845 5505 eis
1879 5460 1934 5503 et
1966 5451 2212 5519 pecuniis
2241 5460 2296 5505 ct

738 5543 1094 5609 voluptatibus
1135 5546 1407 5597 moderate
1461 5544 1563 5596 frui
1603 5557 1618 5600 :
1656 5544 1729 5596 illi
1760 5558 1887 5597 vero
1935 5544 2296 5611 intemperan-

2403 4634 2574 4685 ὐταν
2611 4632 2791 4684 τοίνυν
2825 4632 3059 4700 ἀλλαχοῦ
3092 4634 3351 4703 ἀκούσῃς,
3382 4633 3463 4685 ὅτι
3488 4636 3514 4685 6
3541 4634 3672 4695 Θεὸς
3724 4636 3975 4701 παρέδω-

2400 4741 2494 4777 κεν
2526 4724 2604 4786 εἰς
2634 4724 2892 4791 ἀδόκιμον
2915 4720 3058 4787 νοῦν,
3100 4724 3345 4793 μέμνησο
3388 4724 3480 4774 καὶ
3525 4724 3720 4775 τούτου
3750 4724 3848 4775 τοῦ
3882 4727 3976 4792 ρη-

2404 4813 2516 4877 τοῦ,
2555 4813 2648 4863 καὶ
2701 4811 3055 4880 συμὸιϐἀςων
3089 4812 3391 4881 ἀμφότερα,
3425 4813 3535 4863 νόει
3599 4814 3679 4864 ὅτι
3713 4814 3844 4874 τοῦς
3872 4831 3975 4865 πα-

2409 4903 2668 4971 ραδόντας
2720 4905 2941 4961 ἑαυτοὺς
2967 4904 2994 4953 ὁ
3024 4902 3155 4963 Θεὸς
3190 4902 3407 4968 λέγεται
3460 4904 3820 4972 παραδοῦναι,
3858 4908 3976 4957 ἀντὶ

2404 4993 2521 5056 τοῦ,
2559 4993 3042 5062 συγκεχωρηκέναι
3068 4994 3164 5045 καὶ
3205 4994 3750 5061 ἐγκαταλελοιπέναι,
3783 4998 3975 5065 ἐπειόη

2405 5084 2590 5147 ἀξίους
2617 5086 2843 5145 ἑαυτοὺς
2881 5085 3069 5137 τούτου
3103 5086 3389 5154 ἐποίησαν.
3423 5088 3533 5138 Καὶ
3560 5086 3638 5157 τῷ
3682 5088 3865 5139 εἰπεῖν
3896 5087 3974 5150 δὲ,

2408 5195 2425 5226 ι
2454 5177 2539 5226 Ἐν
2564 5176 2911 5245 πλεωεξίᾳμ
2952 5176 3345 5245 προαιρετικὴν
3369 5178 3466 5246 τὴν
3490 5178 3853 5246 ἀναισθησίαν
3879 5182 3974 5230 αῦ-

2401 5271 2514 5330 τοῖς
2544 5272 2946 5338 προσματυρεῖ.
2992 5269 3153 5337 Ἐξῆν
3176 5272 3283 5339 γὰρ
3308 5270 3355 5301 ⁷³
3375 5276 3416 5335 ’,
3450 5274 3635 5338 φησιν,
3668 5272 3857 5334 αὐτοῖς
3888 5273 3976 5324 καὶ

2402 5363 2699 5430 χρημάτων
2747 5362 2841 5414 καὶ
2871 5362 3067 5431 ἡδονῆς
3120 5364 3179 5414 ἐν
3214 5364 3527 5433 συμμετρία
3550 5362 3851 5415 ἀπολαύειν
3878 5380 3890 5390 ·
3924 5366 3971 5414 οἱ

2401 5454 2457 5505 δὲ
2489 5453 2586 5523 τὴν
2620 5454 2886 5521 ἀμετρίαν
2913 5454 3181 5521 ἑλόμενοι,
3206 5456 3263 5505 ἐν
3290 5458 3454 5506 πᾶσιν
3484 5456 3563 5514 εἰς
3595 5454 3858 5522 πώρωσιν
3888 5449 3975 5521 ἦλ-

2404 5544 2495 5596 θον
2524 5546 2617 5596 καὶ
2652 5544 3006 5613 ἀναισθησίαν
3039 5545 3234 5607 παντὸς
3255 5544 3482 5610 ἀγαθοῦ.

739 5637 866 5687 tiam
896 5636 1177 5704 eligentes,
1212 5639 1263 5689 in
1300 5638 1547 5690 omnibus
1578 5637 1643 5688 ad
1674 5636 1971 5690 eiecitatem
2004 5645 2286 5701 venerunt,
2330 5646 2380 5691 et
2411 5638 2887 5691 insensibilitatem
2925 5638 3160 5705 cujusvis
3190 5640 3335 5691 boni.

2082 5729 2277 5789 Varia}
2343 5728 2668 5789 lectiones.

817 5828 860 5857 ⁸⁸
888 5829 1117 5898 παρα-μυ
1142 5846 1191 5883 ο.
1272 5832 1312 5862 εε
1338 5831 1599 5883 δύσϐατον
1624 5847 1673 5887 ο.
1755 5833 1797 5859 τθ
1840 5832 1943 5901 χρὴ
1997 5846 2046 5884 0.

2126 5832 2168 5862 ⁷³
2223 5834 2339 5901 ἤτοι
2392 5846 2445 5883 0.

2522 5834 2563 5863 ’³
2595 5833 2775 5893 αὐτοῖς
2809 5848 2860 5885 υ.
2940 5828 2990 5863 ’³
3020 5829 3106 5882 διὰ
3137 5832 3333 5892 παντὸς
3370 5845 3442 5883 in.
3526 5831 3588 5861 7"
3627 5830 3720 5883 οῦν
3759 5846 3811 5884 ο.
