4226 6440
259 392 402 453 1093

1039 397 1442 459 EXPUSITIO
1489 402 1564 460 IN
1607 403 1847 462 EPiST.
1895 406 1992 462 AD
2023 405 2285 463 EPHES.
2321 431 2388 440 --
2414 408 2568 467 CAP.
2609 409 2698 468 1V.

3359 410 3490 474 1094

338 523 357 556 ι
409 506 596 575 Ὑμεῖς
657 509 711 560 δὲ
753 510 848 575 οὐχ
902 509 1073 570 οὕτως
1129 511 1361 578 ἐμάθετε
1428 514 1520 564 τὸν
1570 513 1824 582 Χριστὸν,
1858 523 1900 576 Α
2004 517 2007 523 ’

1822 523 1900 576 ,A
2004 517 2164 570 Vens.
2218 517 2406 569 20-22.
2465 536 2482 567 ι
2539 518 2643 570 Vos
2692 530 2868 569 autem
2927 536 3029 570 non
3088 518 3160 568 ita
3228 520 3491 575 didicistis

253 598 317 646 εἴ
344 615 405 663 γε
446 600 610 650 αὑτὸν
641 600 932 666 ἠκούσατε,
971 602 1064 651 καὶ⁸
1097 604 1152 654 ἐν
1183 603 1330 670 αὑτῷ
1360 604 1697 672 ἐδιδάχθητε,
1731 623 1827 656 κα-

252 687 366 750 θώς
399 690 546 740 ἐστιν
574 690 801 757 ἀλήθεια
849 693 908 742 ὲν
968 692 1047 760 τῷ
1095 693 1294 759 Ἰησοῦ,
1331 694 1628 747 ἀποθέσθαι
1681 697 1826 762 ὑμᾶς

255 780 403 830 κατά
432 780 530 848 τὴν
557 781 829 849 προτέραν
859 783 1208 852 ἀναστροφὴν
1237 785 1328 835 τὸν
1356 787 1584 837 παλαιὸν
1618 786 1826 857 ἄνθρω-

252 885 380 920 πον.
407 887 424 919 ι
447 869 526 921 Τά
552 869 651 937 μὲν
680 869 806 939 ἔθνη
825 872 912 901 ’³⁶·
939 872 1108 935 οὕτως
1133 873 1242 942 ἔχει
1268 891 1280 902 ’
1313 893 1330 924 ι
1362 876 1515 944 ὑμεῖς
1533 877 1587 930 δὲ
1617 880 1714 946 οὐχ
1733 877 1826 929 οῦ-

251 976 364 1021 τως
400 963 630 1029 ἐμάθετε
671 964 763 1015 τὸν
787 965 1045 1033 Χριστὸν,
1071 968 1124 1018 εἴ
1154 985 1216 1032 γε
1258 969 1530 1036 ἠκούσατε
1563 970 1652 1022 τὸν
1693 973 1819 1039 Χρι-

250 1054 398 1113 στὸν,
427 1056 518 1104 καὶ
548 1056 606 1106 ὲν
639 1056 786 1125 αὐτῷ
827 1057 1199 1128 έδιδάχθητετδ
1228 1081 1241 1094 ·
1280 1081 1299 1114 ι
1330 1063 1632 1126 τουτέστιν,
1675 1063 1827 1116 Ἐπεὶ

255 1143 496 1210 ἐμάθετε
530 1145 622 1198 τδν
675 1147 930 1215 Χριστόν.
989 1150 1063 1202 Οὐ
1100 1151 1208 1220 γὰρ
1257 1153 1635 1221 άμφιὸάλλων,
1688 1155 1824 1207 ἀλλά

255 1238 355 1285 καὶ
400 1237 607 1306 σςὸδρα
656 1237 1174 1310 διαϐεϐαιούμενος,
1210 1241 1352 1295 οῦτω
1391 1244 1435 1274 ⁷⁸
1475 1246 1626 1314 φησί.
1654 1244 1826 1298 Τοῦτο

248 1326 362 1394 γάρ
403 1329 518 1380 ἐστι
555 1329 748 1399 μαθεῖν
779 1332 870 1384 τὸν
926 1334 1181 1402 Χριστὸν,
1214 1335 1273 1387 τὸ
1327 1336 1501 1405 ὀρθῶς
1533 1336 1680 1406 βιοῦν
1705 1352 1717 1365 ⁸
1751 1339 1826 1400 ὡς

248 1420 283 1469 ὃ
323 1437 385 1485 γε
439 1423 687 1492 πονηρῶς
748 1423 877 1488 ζῶν,
935 1427 1124 1494 ἀγνοεῖ
1158 1429 1251 1480 τὸν
1302 1429 1555 1499 Χριστόν.
1591 1449 1609 1480 ι
1640 1430 1772 1482 Θεὸν
1801 1451 1818 1483 ι

252 1513 386 1581 γὰρ,
416 1514 605 1581 φησιν,
651 1533 668 1564 ι
703 1516 1059 1584 ὁμολογοῦσιν
1093 1519 1292 1572 εἰδέναι
1370 1524 1480 1582 τοῖς
1527 1522 1583 1574 δὲ
1641 1523 1822 1591 ἔργοις

249 1604 567 1671 ἀρνοῦνται.
607 1626 625 1656 ι
662 1606 733 1658 Τὸ
765 1609 842 1671 δὲ,
879 1628 896 1659 ι
934 1610 1130 1672 Καθὼς
1163 1613 1308 1664 ἐστιν
1339 1613 1586 1682 ἀλήθεια,
1626 1635 1643 1664 ι
1681 1615 1824 1668 οὕτω

248 1695 334 1748 δεῖ
364 1697 553 1762 νοῆσαι
586 1700 653 1762 ⁷⁸,
686 1702 765 1753 ὅτι
792 1704 903 1771 Οὐχ
935 1703 1124 1774 ῶσπερ
1164 1707 1230 1757 τὰ
1254 1705 1381 1774 ἔθνη
1410 1710 1467 1758 ὲν
1501 1708 1822 1776 ματαιότητι

249 1791 670 1856 περιπατοῦσιν,
704 1792 848 1846 οὕτω
887 1795 979 1846 καὶ
1014 1796 1170 1864 ὑμεῖς
1210 1798 1301 1848 ἐπὶ
1341 1802 1452 1859 τοῖς
1484 1801 1666 1860 αὐτοῖς
1694 1817 1817 1850 συν-

1929 605 2248 657 Christum:
2290 603 2566 673 Siquidem
2617 606 2789 671 ipsum
2827 606 3134 668 audivistis,
3186 615 3238 657 et
3271 607 3321 658 in
3373 611 3489 676 ipso

1930 695 2070 746 docti
2112 694 2265 754 estis,
2305 695 2442 746 sicut
2475 704 2557 746 est
2592 695 2794 745 veritas
2831 693 2881 743 in
2907 692 3057 750 .lesu.
3096 695 3363 759 deponere
3398 711 3488 747 vos

1928 784 2223 836 secundum
2280 782 2509 848 priorem
2542 783 3003 835 conversationem
3044 794 3276 834 veterem
3312 783 3488 835 homi-

1929 890 2073 927 nem.
2117 894 2132 924 ι
2178 876 2379 928 Gentes
2439 877 2652 940 quidem
2691 876 2767 927 sic
2800 890 2856 926 se
2903 874 3121 933 habent.
3179 890 3269 926 vos
3310 887 3488 928 autem

1930 979 2034 1016 non
2096 964 2172 1017 sic
2222 964 2484 1017 didicistis
2537 965 2831 1025 Christum,
2883 964 3143 1029 siquidem
3206 965 3490 1016 audivistis

1927 1055 2224 1118 Christum,
2306 1065 2359 1108 et
2411 1056 2462 1107 in
2536 1057 2649 1123 ipso
2714 1058 2941 1108 instituti
2995 1058 3167 1108 estis:
3227 1057 3325 1108 hoc
3382 1065 3487 1117 est,

1928 1149 2363 1217 quandoquidem
2397 1147 2665 1200 didicistis
2698 1148 2993 1200 Christum.
3023 1147 3136 1200 Non
3165 1149 3308 1200 enim
3335 1149 3490 1199 dubi-

1930 1252 2067 1304 tans,
2094 1252 2350 1293 caeterum
2385 1242 2669 1294 admodum
2705 1243 2948 1293 tirmatus
2981 1253 3139 1309 atque
3170 1250 3348 1293 certus
3379 1242 3490 1292 haec

1930 1333 2080 1385 dicit.
2129 1329 2262 1384 Nam
2313 1340 2371 1384 et
2421 1332 2521 1384 hoc
2577 1342 2682 1395 est,
2745 1333 2955 1385 discere
3000 1333 3293 1395 Christum,
3348 1336 3491 1384 recte

1928 1423 2106 1476 vivere
2150 1438 2165 1477 :
2210 1423 2432 1490 perinde
2464 1437 2526 1474 ac
2571 1423 2658 1490 qui
2700 1425 2961 1476 scelerate
3011 1423 3160 1485 vivit,
3216 1421 3487 1473 Christum

1926 1515 2156 1584 ignorat.
2226 1532 2244 1564 ι
2313 1513 2481 1568 Deum
2524 1533 2540 1564 ι
2598 1514 2767 1576 enim,
2830 1515 3020 1580 inquit,
3080 1532 3097 1564 ι
3163 1513 3490 1565 conﬁtentur

1925 1620 1983 1659 se
2032 1622 2212 1667 nosse,
2269 1605 2427 1658 factis
2493 1615 2672 1659 autem
2710 1615 2905 1674 negant
2943 1609 2980 1655 ι.
3027 1623 3043 1654 ι
3101 1604 3248 1668 Quod
3306 1613 3486 1655 autem

1924 1698 2020 1762 ait,
2056 1715 2074 1747 ι
2130 1699 2282 1751 Sicut
2309 1707 2390 1750 est
2449 1699 2661 1759 veritas,
2706 1716 2724 1747 ι
2759 1698 2836 1748 sic
2889 1698 3174 1764 intelliges,
3201 1701 3338 1765 quod
3374 1700 3486 1754 Non

1925 1789 2062 1841 sicut
2119 1801 2304 1857 gentes
2354 1787 2407 1840 in
2459 1789 2693 1841 vanitate
2752 1789 3257 1854 circumambulant,
3306 1791 3384 1844 sic
3435 1802 3491 1845 et

247 1881 461 1935 έθεσθε.
492 1885 564 1935 Οὐ
597 1885 704 1953 γάρ
738 1888 1038 1958 ματαιότης
1095 1893 1163 1940 τά
1221 1890 1316 1942 τοῦ
1376 1890 1637 1960 Χριστοῦ,
1694 1890 1816 1942 ἀλλ’
1854 1883 1892 1936 Β

1809 1890 1816 1909 ⁵
1854 1883 1892 1936 Β
1921 1899 2014 1936 vos
2047 1884 2111 1934 ad
2132 1881 2321 1935 eadem
2355 1895 2489 1933 vana
2519 1880 2650 1933 estis
2677 1881 2958 1946 compositi
2979 1891 3138 1946 atque
3159 1883 3478 1950 comparati.

251 1971 504 2039 ἀλήθεια,
537 1976 630 2026 καὶ
683 1977 751 2027 τὰ
797 1977 1040 2046 δόγματα
1097 1981 1189 2030 καὶ
1218 1982 1246 2030 ὁ
1280 1981 1413 2048 βίος.
1456 1981 1519 2033 Ἠ
1564 1981 1661 2033 μὲν
1712 1981 1819 2051 γὰρ

246 2063 494 2131 ἁμαρτία
547 2064 762 2131 ψεῦδος,
803 2067 878 2128 ὡς
914 2069 1308 2134 ἀνυπόστατος,
1352 2072 1445 2123 καὶ
1500 2072 1574 2140 μὴ
1621 2071 1818 2139 ἔχουσα

243 2155 433 2216 τέλος·
465 2157 496 2224 ἡ
531 2156 587 2208 δὲ
611 2159 778 2227 ἀρετὴ
822 2160 1071 2228 ἀλήθεια,
1117 2161 1192 2223 ὡς
1230 2163 1509 2229 ὑφεστῶσα
1541 2165 1635 2216 καὶ
1664 2163 1816 2224 τέλος

242 2245 464 2312 ἔλουσα.
499 2247 562 2298 Τί
589 2249 643 2300 δὲ
675 2250 1013 2320 ἐδιδάχθητε,
1055 2254 1146 2306 καὶ
1178 2254 1229 2305 τί
1263 2256 1408 2305 ἐστιν
1439 2256 1469 2323 ή
1512 2255 1651 2306 κατὰ
1684 2255 1816 2321 Χρι-

247 2337 374 2384 στδιν
434 2337 699 2405 difﬂata;
730 2339 801 2390 Τὸ
839 2342 1139 2394 ἀποθέσθαι
1195 2345 1336 2414 ὑμᾶς
1370 2346 1410 2376 ⁷⁷
1436 2346 1526 2396 τὸν
1589 2345 1815 2398 παλαιὸν

251 2427 559 2492 ἄνθρωπον,
586 2432 854 2494 τουτέστι,
890 2435 979 2485 τὸν
1020 2437 1120 2503 τῆς
1151 2437 1424 2505 προτέρας
1464 2439 1808 2508 ἀναστροφῆς

239 2516 465 2581 τρόπον,
494 2521 587 2570 καὶ
616 2520 714 2590 τὴν
747 2523 984 2576 παλαιὰν
1012 2523 1157 2595 ζωὴν
1181 2529 1272 2578 καὶ
1299 2530 1630 2597 ὲφάμαρτον.

245 2617 482 2662 veterem
517 2609 810 2675 hominem,
848 2615 949 2670 hoc
984 2628 1087 2684 est,

247 2700 515 2752 rationem
544 2705 780 2768 peccatis
809 2707 1119 2764 obnoxiam.

323 2808 342 2840 ι
382 2791 485 2844 Τὸν
517 2794 873 2866 φθειρόμενον
909 2800 1051 2852 κατὰ
1080 2802 1176 2864 τὰς
1205 2801 1499 2872 ἐπιθυμίας
1538 2805 1633 2872 τῆς
1664 2805 1807 2858 ἀπά-

240 2897 367 2948 της.
405 2900 424 2931 ι
465 2883 636 2952 Διχῶς
662 2886 818 2939 τοῦτο
845 2890 1054 2958 νοήσεις
1081 2907 1092 2920 ·
1122 2891 1152 2960 ἢ
1193 2895 1270 2944 ὅτι
1307 2893 1491 2962 ῶσπερ
1526 2897 1576 2946 αι
1617 2897 1808 2948 ἐπιθυ-

246 2974 371 3040 μίαι
397 2975 728 3044 φθείρονται,
770 2980 911 3032 οὕτω
939 2983 1032 3033 καὶ
1057 2984 1084 3033 ὁ
1132 2986 1294 3047 αὐτὸς
1319 2987 1622 3054 ἅνθρωπος,
1658 3005 1808 3039 τουτ-

243 3065 394 3114 έστιν
439 3066 767 3136 ὸλογισμὸς,
810 3071 1110 3140 φθείρεται.
1147 3076 1268 3137 Πῶς
1320 3078 1374 3129 δὲ
1406 3081 1460 3129 αἱ
1522 3081 1806 3147 ἐπιθυμίαι

245 3156 558 3224 φθείρονται
586 3174 600 3220 ;
635 3160 755 3211 Ὅτι
786 3165 876 3212 καὶ
911 3166 1049 3232 νόσῳ
1076 3166 1118 3194 ⁷⁸
1151 3168 1210 3217 τὸ
1241 3167 1430 3229 κάλλος
1483 3172 1804 3237 μαραίνεται

247 3251 338 3296 καὶ
374 3249 542 3316 γήρᾳ,
579 3251 672 3301 καὶ
708 3254 739 3320 ὴ
779 3254 928 3320 ἰσχὺς
975 3256 1256 3318 ὡσαύτως,
1289 3263 1376 3309 καὶ
1413 3261 1598 3322 ἁπλῶς
1630 3265 1804 3314 πάντα

246 3341 462 3409 θανάτῳ
499 3343 556 3393 τὸ
583 3343 889 3396 τελευταῖον
932 3345 1166 3401 λύονται.
1213 3367 1230 3398 ι
1275 3350 1358 3400 Ἐν
1407 3354 1586 3420 ἐκείνῃ
1623 3372 1639 3402 ι
1675 3357 1800 3420 γὰρ,

245 3431 401 3498 φησὶ,
448 3451 464 3481 ι
497 3437 558 3501 τῇ
593 3436 777 3504 ἡμέρᾳ
810 3437 1007 3498 πάντες
1040 3439 1239 3489 άπολοῦ
1282 3457 1367 3490 ται
1394 3443 1441 3491 οἱ
1466 3443 1805 3510 διαλογισμοὶ

243 3523 431 3576 αυτοῦ.
464 3543 480 3572 ι
524 3526 590 3574 Ἢ
625 3526 702 3588 τὸ,
736 3544 753 3574 ι
787 3527 942 3578 Κατὰ
972 3530 1066 3588 τὰς
1111 3529 1431 3598 ἐπιθυμίας,
1467 3551 1484 3581 ι
1531 3534 1650 3584 ἀντὶ
1690 3536 1804 3599 τοῦ,

244 3618 350 3666 ὑπὸ
380 3615 486 3667 τῶν
515 3617 845 3686 ἐπιθυμιῶν.
878 3621 985 3671 Καὶ
1014 3621 1120 3687 γὰρ
1152 3622 1255 3673 ὑπὸ
1298 3624 1500 3675 τούτων
1528 3627 1806 3690 φθείρεται

241 3712 269 3757 ο
299 3707 520 3768 παλαιὸς
545 3708 699 3777 ἡμῶν
731 3709 1036 3779 ἄνθρωπος,
1066 3711 1255 3781 ὥσπερ
1281 3713 1336 3764 τὸ
1368 3713 1511 3782 ἔριον
1541 3717 1632 3767 καὶ
1663 3719 1690 3768 ὁ
1720 3718 1804 3769 σί-

241 3800 426 3867 δηρος,
463 3801 550 3867 ὑφ’
579 3793 654 3852 ὧν
699 3801 982 3867 γεννῶσιν,
1032 3803 1137 3854 ὑπὸ
1195 3803 1400 3857 τούτων
1458 3807 1802 3862 ἀπολοῦνται.

243 3892 354 3943 Καὶ
398 3893 499 3959 γάρ
532 3893 625 3944 καὶ
678 3892 833 3961 δόξης
897 3895 1037 3963 ἔρως
1071 3897 1354 3961 ἀπόλλυσι,
1413 3905 1506 3951 καὶ
1563 3901 1807 3968 ψυχικῶς

246 3983 347 4050 μὲν
377 3987 615 4049 πάντως,
649 3984 761 4037 ἔστι
788 3986 828 4037 5‘
863 3987 951 4038 ὅτε
980 3987 1074 4039 καὶ
1105 3990 1429 4057 σωματικῶς
1455 4009 1467 4022 ·
1506 3992 1600 4044 καὶ
1626 3993 1807 4061 ἡδοναὶ

242 4075 467 4141 ὁμοίως.
508 4075 701 4138 Καλῶς
734 4077 791 4128 δὲ
839 4078 1056 4146 ἀπάτην
1083 4081 1306 4132 ἐκάλεσε
1359 4081 1458 4150 τὴν
1507 4084 1572 4134 ὲκ
1605 4083 1806 4136 τούτων

243 4162 457 4230 ἡδονήν.
505 4162 823 4232 Ὑπόκρισις
868 4167 977 4234 γάρ
1025 4170 1139 4219 ἐστι
1170 4169 1264 4220 καὶ
1287 4170 1499 4237 ψεῦδος,
1529 4171 1603 4233 ὡς
1643 4173 1803 4240 ἡδονὴ

244 4251 347 4319 μὲν
378 4252 845 4323 σχηματιζομένη,
882 4257 1076 4326 πικρία
1119 4258 1177 4310 δὲ
1209 4259 1377 4322 ὅντως
1428 4257 1581 4315 οὖσα.
1638 4263 1808 4315 Τοῦτο

240 4340 336 4394 οῦν
368 4343 574 4410 ἀπάτη,
608 4344 670 4394 τὸ
699 4345 828 4398 ἄλλο
854 4349 1181 4417 φαινομένη,
1210 4351 1337 4402 ἄλλο
1379 4347 1535 4405 εἶναι.

324 4621 343 4654 ι
387 4604 736 4658 Ἀνανεοῦσθε
768 4607 824 4658 δὲ
874 4608 950 4675 τῷ
986 4612 1255 4679 πνεύματι
1301 4611 1394 4664 τοῦ
1423 4613 1539 4675 νοὸς
1569 4615 1741 4683 ὑμῶν.
1778 4636 1797 4668 ι

240 4695 362 4746 Ἰνα
407 4699 477 4763 μή
509 4713 592 4759 τις
613 4700 810 4770 νομίσῃ
855 4700 937 4751 ὅτι
965 4701 1154 4769 ἓτερον
1183 4705 1465 4772 ἐπεισάγει
1493 4707 1798 4778 ἄνθρωπον,

239 4787 439 4853 φησίνο
476 4807 493 4837 ι
545 4788 893 4840 Ἀνανεοῦσθε
916 4806 929 4818 ·
967 4808 985 4840 ι
1022 4793 1320 4856 τουτέστιν,
1374 4797 1506 4848 αὐτὸ
1552 4797 1611 4849 τὸ
1635 4815 1802 4869 γεγη-

242 4877 412 4943 ρακὸς
449 4877 757 4930 ἀνανεῶσαι
789 4879 833 4908 ⁷⁹
859 4880 953 4931 καὶ
1006 4881 1216 4934 ἀλλοῖον
1265 4888 1505 4954 ποιῆσαι.
1546 4888 1706 4940 Ὥστε
1744 4891 1803 4941 τὸ

241 4965 346 5031 μὲν
377 4967 736 5034 ὑποκείμενον
769 4971 829 5020 τὸ
871 4970 1023 5033 αὐτὸ,
1055 4973 1088 5041 ἡ
1131 4972 1188 5024 δὲ
1231 4976 1522 5046 μεταϐολὴ,
1565 4978 1658 5029 τοῦ
1689 4981 1811 5049 τρό-

238 5072 346 5107 που
370 5059 484 5109 ὲστὶ
508 5061 601 5112 καὶ
628 5061 727 5129 τῆς
750 5060 994 5130 γνώμης.
1013 5063 1134 5126 Πῶς
1159 5064 1202 5117 δ’
1221 5066 1266 5096 ⁸⁰
1306 5066 1372 5119 ἂν
1401 5068 1607 5135 γένοιτο
1632 5072 1663 5141 ἡ
1685 5074 1814 5125 ἁνα-

239 5149 436 5210 νέωσις
465 5167 479 5214 ;
513 5152 612 5203 Διὰ
649 5152 743 5204 τοῦ
805 5155 962 5220 ἁγίου
998 5155 1335 5225 ιΙνεύματος,
1362 5160 1454 5212 τοῦ
1489 5165 1546 5213 ὲν
1591 5162 1668 5232 τῷ
1729 5165 1808 5217 νοῒ

240 5239 401 5306 ἡμῶν
433 5241 833 5304 κατοικοῦντος.
866 5245 938 5296 Τὸ
989 5245 1096 5314 γὰρ
1159 5247 1381 5318 Πνεῦμα
1421 5251 1521 5302 οὐκ
1555 5251 1806 5321 ἀνέχεται

241 5330 491 5382 παλαιῶν
559 5333 830 5400 πράξεων.
861 5336 924 5387 Ὀ
975 5337 1031 5388 δὲ
1097 5337 1266 5403 λέγει,
1320 5341 1562 5394 τοιοῦτόν
1621 5346 1808 5397 ἐστιν’

395 5487 408 5522 ί
459 5483 563 5538 Tit.
611 5501 645 5547 ι,
687 5489 768 5538 l6.
886 5488 1069 5542 tl‘sal.
1110 5506 1270 5556 στιν,
1307 5494 1360 5546 4.

1924 1976 2052 2041 Quae
2103 1975 2246 2027 enim
2282 1973 2483 2027 Christi
2533 1981 2680 2036 sunt,
2715 1985 2823 2024 tum
2881 1975 3155 2041 dogmata,
3211 1984 3322 2026 tum
3359 1975 3489 2037 vita,

1921 2084 2024 2120 non
2055 2077 2181 2120 sunt
2212 2067 2438 2125 vanitas,
2479 2066 2572 2118 sed
2608 2066 2825 2116 veritas.
2868 2063 3153 2117 Peccatum
3186 2074 3365 2117 autem
3406 2076 3489 2119 est

1921 2160 2130 2212 vanitas
2170 2171 2224 2211 et
2255 2158 2617 2217 mendacium,
2653 2167 2709 2208 ut
2752 2158 2892 2223 quod
2927 2156 3224 2208 substantia
3274 2167 3327 2208 et
3360 2159 3488 2210 sub-

1912 2251 2054 2319 jecto
2075 2261 2281 2310 careat.
2319 2265 2418 2301 nec
2441 2251 2630 2300 haheat
2659 2248 3059 2314 perfectionem.
3087 2247 3270 2302 Virtus
3307 2258 3483 2301 autem

1923 2343 2123 2393 veritas
2178 2351 2279 2400 est,
2344 2349 2400 2391 ut
2449 2354 2568 2406 qua:
2643 2338 2920 2400 subsistat,
2989 2348 3041 2388 et
3094 2339 3480 2406 perfectionem

1921 2435 2188 2499 linemque
2220 2430 2433 2483 haheat.
2459 2429 2789 2492 Quidautem
2818 2430 2956 2481 docti
2987 2431 3222 2482 estis?et
3243 2431 3372 2496 quid
3399 2443 3484 2484 est

1918 2525 2116 2577 veritas
2146 2524 2441 2575 secundum
2466 2522 2740 2574 Christum
2760 2524 2781 2571 ’ἐ
2807 2521 3088 2585 Nimirum,
3134 2533 3190 2574 ut
3215 2524 3483 2590 abjiciatis

1163 2620 1360 2687 prioris
1439 2624 1562 2672 vita:
1608 2628 1894 2674 (onversat
1955 2619 2201 2683 ionisque
2251 2629 2451 2678 mores,
2506 2614 2750 2683 adeoque
2824 2615 3212 2682 prmcedeutem
3269 2615 3480 2672 vivendi

1994 2817 2011 2848 ι
2053 2797 2152 2863 Qui
2179 2795 2547 2863 corrumpitur
2571 2795 2864 2847 secundum
2894 2793 3160 2846 desideria
3192 2793 3416 2846 erroris.
3455 2812 3473 2844 ι

1916 2890 2172 2944 Bil'ariam
2214 2891 2313 2942 hoc
2358 2887 2622 2957 intelliges
2657 2905 2668 2939 :
2707 2887 2783 2938 vel
2832 2887 2969 2953 quod
2999 2900 3148 2955 :cque
3183 2895 3237 2936 ut
3273 2885 3480 2950 cupidt-

1914 2996 2052 3038 tates
2099 2992 2537 3050 corrumpuntur,
2572 2983 2648 3032 sic
2712 2990 2764 3031 et
2837 2980 2949 3046 ipse
3008 2979 3186 3040 homo,
3254 2978 3354 3030 hoc
3400 2986 3483 3030 est

1914 3075 2279 3136 ratiocinatio,
2337 3073 2719 3138 corrumpitur.
2778 3072 3054 3137 Quomodo
3101 3082 3277 3123 autem
3328 3071 3478 3137 cupi-

1911 3167 2107 3219 ditates
2155 3163 2614 3230 corrumpuntur?
2645 3162 2840 3228 Nempe
2888 3173 2939 3214 et
2999 3163 3184 3214 morbo
3232 3171 3285 3216 et
3324 3178 3478 3215 senio

1915 3255 2252 3324 pulchritudo
2283 3257 2588 3315 marcescit,
2632 3269 2694 3306 ac
2756 3254 2918 3305 robur
2951 3253 3104 3306 virile
3137 3254 3474 3306 consimilem

1912 3350 1977 3400 ad
2033 3349 2272 3409 modum,
2314 3364 2375 3400 ac
2427 3357 2600 3400 morte
2657 3349 2867 3399 tandem
2922 3346 3240 3412 simpliciter
3295 3361 3474 3398 omnia

1913 3440 2298 3493 dissolvuntur.
2357 3457 2373 3488 ι
2409 3438 2461 3489 In
2507 3440 2592 3488 illa
2622 3440 2760 3490 enim
2802 3439 2905 3500 die,
2942 3457 2958 3486 ι
2998 3441 3192 3505 inquit,
3229 3437 3478 3504 peribunt

1912 3545 2100 3582 omnes
2152 3528 2502 3597 cogitationes
2560 3529 2675 3594 ejus
2730 3528 2775 3581 i.
2838 3547 2854 3576 ι
2891 3528 3040 3589 νει,
3093 3547 3110 3577 ι
3170 3528 3475 3580 Secundum

1913 3621 2408 3686 concupiscentias,
2471 3637 2488 3668 ι
2527 3619 2683 3681 dixit,
2725 3635 2840 3687 pro,
2885 3635 2912 3670 ιι
2963 3618 3470 3684 concupiscentiis:

1912 3717 2108 3769 etenim
2159 3715 2225 3767 ab
2279 3716 2360 3768 his
2415 3716 2776 3782 corrumpitur
2844 3725 3000 3768 vetus
3055 3705 3234 3766 noster
3289 3713 3471 3771 homo.

1911 3807 2363 3875 quemadmodum
2425 3805 2542 3857 lana
2591 3815 2643 3857 ct
2692 3805 2889 3859 ferrum
2931 3808 3098 3858 abiis
3153 3819 3275 3872 quae
3314 3820 3474 3869 gene-

1914 3908 2057 3959 rant,
2102 3895 2170 3949 ad
2206 3897 2288 3950 his
2343 3897 2506 3949 etiam
2548 3908 2985 3964 corrumpuntur.
3037 3897 3167 3950 Nam
3210 3908 3262 3950 et
3293 3898 3475 3964 gloria:

1912 4000 2062 4037 amor
2095 3985 2287 4050 perdit,
2323 3985 2497 4050 quoad
2533 3986 2768 4036 animam
2813 3986 3051 4048 omnino,
3089 4002 3471 4054 nonnunquam

1895 4075 2074 4126 'etiam
2100 4075 2272 4141 quoad
2299 4089 2498 4141 corpus
2526 4093 2537 4127 :
2575 4073 2730 4143 Ml
2767 4091 2827 4127 ac
2865 4081 3164 4144 voluptates
3198 4079 3469 4132 similiter.

1913 4165 2054 4218 Belle
2092 4178 2268 4216 autem
2301 4180 2541 4218 errorem
2583 4166 2795 4219 vocavit
2847 4168 3170 4235 voluptatem
3224 4185 3288 4222 ex
3326 4169 3475 4223 hisce

1915 4266 2346 4323 promanantem.
2398 4255 2578 4309 Fucus
2643 4258 2786 4310 enim
2828 4268 2929 4320 est,
2985 4269 3038 4312 et
3113 4261 3469 4325 mendacium,

1910 4349 2198 4414 voluptatis
2226 4347 2436 4412 quidem
2473 4348 2708 4415 speciem
2742 4359 2793 4402 et
2829 4350 3050 4418 ﬁguram
3089 4352 3314 4416 habens,
3347 4369 3469 4407 cum

1914 4436 2088 4505 reipsa
2125 4435 2256 4487 nihil
2287 4436 2429 4490 aliud
2460 4440 2531 4490 sit
2563 4454 2720 4505 quam
2759 4442 3131 4495 amarulentia.
3177 4441 3301 4498 Haec
3326 4445 3468 4499 enini

1911 4539 1991 4579 est
2021 4527 2262 4594 deceptio
2293 4527 2436 4581 aliud
2468 4529 2657 4593 videri,
2690 4532 2830 4584 aliud
2861 4549 2987 4586 vero
3020 4549 3159 4587 esse.

1983 4615 2142 4672 Vens.
2175 4619 2267 4673 25.
2309 4637 2328 4668 ι
2354 4620 2700 4674 llenovamini
2739 4625 2930 4690 spiritu
2971 4630 3163 4679 mentis
3193 4639 3404 4682 vestrae.
3444 4648 3463 4678 ι

1909 4709 1986 4765 Νε
2019 4711 2140 4779 quis
2192 4712 2462 4764 existimet
2505 4714 2666 4766 alium
2720 4717 2979 4770 introduci
3031 4720 3322 4784 hominem,
3371 4724 3471 4788 ait,

1917 4821 1934 4853 ι
1978 4804 2386 4857 Itenovamini:
2436 4807 2536 4858 hoc
2596 4818 2699 4871 est,
2749 4809 2920 4875 ipsum
2970 4813 3112 4878 quod
3164 4818 3468 4884 consenuit,

1909 4897 2250 4956 resuscitate,
2326 4905 2381 4949 et
2431 4897 2577 4950 aliud
2633 4897 2815 4952 facile.
2877 4900 3108 4956 Proinde
3170 4905 3468 4971 subjectum

1910 4987 2122 5052 quidem
2178 4988 2316 5041 idem
2355 4998 2457 5052 est,
2496 4993 2819 5056 permutatio
2847 5003 3026 5048 autem
3063 5005 3144 5049 est
3177 5012 3386 5052 morum
3418 5012 3473 5053 ct

1910 5078 2124 5131 mentis.
2160 5079 2228 5131 At
2274 5082 2364 5147 qui
2419 5081 2512 5134 ﬁat
2560 5082 2662 5136 ista
2703 5087 3024 5139 renovatio?
3058 5086 3160 5140 Per
3207 5089 3468 5156 Spiritum

1908 5177 2176 5232 sanctum,
2237 5170 2326 5236 qui
2385 5171 2590 5224 habitat
2621 5172 2671 5226 in
2728 5185 2908 5228 mente
2969 5187 3199 5230 nostra:
3238 5177 3470 5247 Spiritus

1907 5259 2048 5310 enim
2092 5275 2199 5313 non
2247 5264 2476 5315 sustinet
2522 5267 2702 5332 priora
2735 5279 2787 5321 et
2821 5279 2999 5322 vetera
3056 5286 3240 5338 opera.
3295 5272 3468 5325 Porro

1918 5351 2057 5418 quod
2107 5353 2204 5416 ait,
2261 5365 2342 5407 est
2393 5356 2738 5423 hujusmodi:
2804 5360 3156 5416 Renovammi
3206 5363 3470 5432 Spirituali

1588 5591 1778 5651 Variee
1810 5594 2134 5656 lectiones.

320 5709 400 5738 ⁷³³⁸
423 5711 452 5761 ὁ
473 5713 568 5780 μὲν
596 5714 807 5774 ἐθνικὸς
848 5731 917 5765 tu.

246 5781 380 5850 ήυῃς
411 5799 462 5833 0.
537 5783 579 5810 ⁷⁷
612 5784 754 5851 ἡμᾶς
787 5800 835 5836 o.
913 5787 957 5815 ⁷⁸⁸
993 5786 1082 5836 καὶ
1116 5787 1222 5855 γάρ
1263 5781 1400 5857 νότῳ
1445 5805 1494 5842 ο.

1031 5717 1076 5796 ’ξ
1106 5717 1263 5796 αῦτὸν
1295 5719 1598 5802 ᾑκοὺσατε·
1637 5723 2138 5794 τουτέστιν,ἐττειδὴ
2177 5729 2337 5780 αὐτὸν
2391 5733 2700 5803 ἐδιδάχθητ;
2739 5756 2785 5787 o.

1575 5795 1614 5821 ⁷³
1659 5794 1976 5855 ἁναζωώσαι
2023 5813 2072 5850 ο.

2898 5741 2935 5762 ⁷⁸
2962 5739 3113 5790 τοῦτο
3147 5758 3192 5791 o.
3317 5743 3358 5770 "'
3384 5759 3467 5792 vo-

2156 5800 2197 5826 "°
2227 5801 2322 5857 μὲν
2369 5824 2398 5854 υ
