4226 6440
221 401 361 464 1105

999 391 1403 455 EXPOSITIO
1443 390 1518 447 1N
1566 389 1804 448 EPIST.
1850 389 1945 446 AD
1986 389 2250 447 EPHES.
2280 411 2346 423 -
2387 390 2545 448 CAP.
2591 391 2648 448 ν.

3341 387 3472 452 1106

213 512 546 579 ἀκάθαρτος.
615 510 645 579 ἢ
709 506 1057 574 πλεονέκτην
1089 507 1144 568 ὃς
1181 506 1329 556 ἐστιν
1377 501 1785 570 εἰδωλολάτρης.
1817 506 1862 560 Α
1891 512 2056 565 cator,
2092 510 2182 553 aut
2215 502 2542 563 immundus,
2585 518 2648 552 an

1824 506 1862 560 Α
1891 512 2056 565 cator,
2092 510 2182 553 aut
2215 502 2542 563 immundus,
2585 512 2676 552 aut
2708 515 2922 560 avarus.
2972 502 3058 566 qui
3093 513 3170 555 est
3211 502 3472 555 idoluruut

213 605 318 655 οὐκ
348 603 458 672 ἔχει
485 602 848 671 κληρονομίαν
874 603 929 652 ὲν
976 601 1040 669 τῇ
1081 597 1329 667 βασιλεία
1389 594 1482 646 τοῦ
1545 590 1786 662 Χριστοῦ

216 694 314 747 καὶ
342 692 497 745 Θεοῦ.
547 692 750 762 Μηδεῖς
795 692 939 760 ὑμᾶς
993 692 1258 743 ἀπατάτω
1313 691 1491 751 κενοῖς
1524 688 1724 754 λόγοις.
1766 705 1780 735 ι

213 781 396 838 Ἷίσάν
428 801 589 846 τινες,
623 785 697 844 ὼς
732 783 927 846 ἔοικεν,
964 785 1011 833 ot
1039 783 1291 849 λέγοντες
1323 781 1448 849 παρ’
1496 777 1787 845 Ἑρμαίοις,

216 874 301 926 ὅτι
351 873 582 940 φοϐῆσαι
618 871 787 923 Θέλων
847 871 875 922 6
930 870 1083 932 Θεὸς,
1122 867 1297 921 ταῦτα
1348 865 1692 933 ἀπηγόρευσε
1723 864 1788 914 τὰ

217 965 435 1032 εύτελῆ.
463 965 527 1016 Τί
564 964 670 1034 γὰρ
709 962 910 1016 ἄτοπον
943 963 1000 1014 τι
1024 963 1219 1023 εἰπεῖν,
1262 957 1448 1026 Mwa,
1481 957 1565 1008 ἵνα
1607 955 1789 1023 ἔνοχος

213 1058 442 1125 γένηται
475 1058 666 1126 γεέννῃ
696 1058 722 1108 6
750 1055 952 1118 εἰπώνς
990 1054 1103 1114 πῶς
1129 1052 1185 1103 δὲ
1220 1052 1247 1102 6
1271 1049 1597 1116 πλεονέκτης
1634 1048 1786 1098 εἰδω-

214 1150 517 1219 λολάτρης;
551 1147 783 1208 Τούτους
814 1145 905 1198 οῦν
939 1144 1235 1197 αἰνίττεται
1275 1145 1302 1194 ὁ
1355 1139 1676 1199 Ἀπόστολος
1710 1138 1786 1202 ¹⁷,·

211 1240 364 1308 δηλοῖ
412 1239 469 1291 δὲ
527 1239 619 1291 καὶ
671 1239 704 1306 ὴ
737 1236 996 1303 ἐπαγωγή
1021 1252 1034 1262 ·
1075 1252 1091 1284 ι
1127 1231 1329 1302 Μηδεὶς
1361 1231 1502 1299 ὑμᾶς
1529 1228 1792 1280 ἀπατάτω

215 1334 389 1394 κενοῖς
422 1330 618 1397 λόγοις.
660 1349 677 1381 ι
723 1330 883 1382 Κενοὶ
908 1329 1013 1396 γὰρ
1045 1327 1192 1393 λόγοι
1241 1326 1287 1376 οἱ
1325 1324 1659 1393 πρόσκαιρον
1691 1320 1790 1389 χά-

215 1444 305 1494 ριν
331 1423 566 1491 ἔχοντες,
594 1421 688 1473 ἐπὶ
707 1421 761 1473 δὲ
790 1420 897 1472 τῶν
925 1419 1099 1488 ἔργων
1131 1418 1393 1486 ἄχρηστοι
1428 1413 1791 1481 δεικνύμενοι,

214 1517 311 1566 καὶ
347 1515 529 1583 ἀπάτη
555 1514 615 1566 τὸ
646 1511 868 1565 τοιαῦτα
890 1510 1232 1581 χαρίζεσθαι.
1270 1510 1392 1560 ’Ότι
1417 1506 1524 1576 γὰρ
1545 1507 1570 1558 6
1601 1505 1791 1556 πλεον-

213 1609 382 1674 έκτης
415 1606 827 1674 εἰδωλολάτρης,
865 1603 1140 1673 μάνθανεο
1202 1620 1218 1651 ι
1262 1601 1334 1653 Ού
1392 1596 1618 1651 δύνασθε
1677 1594 1794 1664 Θεῴ

211 1700 488 1753 δουλεύειν
517 1701 609 1752 καῖ¹
643 1697 962 1766 Μαμμωνᾷ.
987 1715 1003 1744 ι
1054 1693 1290 1762 Ἀπέστη
1316 1692 1422 1762 ἄρα
1464 1692 1569 1744 ἀπὸ
1600 1688 1734 1741 Θεοῦ
1767 1691 1793 1740 6

217 1792 567 1859 πλεονέκτης.
604 1789 848 1840 δουλεύει
878 1787 932 1840 δὲ
976 1783 1162 1856 χρυσῷ
1185 1801 1199 1815 ο
1246 1784 1361 1845 πῶς
1392 1782 1481 1834 οὖν
1514 1783 1613 1834 οὐκ
1644 1780 1793 1831 είδω-

1892 596 2083 657 (·ιι1ιοι·,
2104 609 2208 646 non
2235 595 2394 648 habet
2416 594 2779 647 htereditatem
2802 596 2850 645 in
2875 610 3039 659 regno
3058 594 3254 648 Christi
3283 606 3333 646 ιιι
3363 598 3470 646 lle‘.

1894 685 2058 737 Nemo
2075 701 2168 737 vos
2184 686 2403 738 seducat
2425 685 2677 736 inanibus
2696 686 2892 737 verbis.
2911 704 2925 733 ι
2953 683 3191 738 Fuerunt
3209 688 3470 736 ίιοιὶιιιιίίιο

1893 789 1949 830 ιιι
1985 777 2219 840 videtur,
2255 777 2392 843 apud
2431 776 2714 845 Ephesios,
2746 778 2832 844 qni
2865 777 3107 829 dicerent
3152 780 3290 844 quod
3337 780 3472 830 limes

1895 871 2008 922 haec
2033 868 2166 920 levia
2195 868 2552 936 prohibuerit,
2592 879 2649 921 ut
2678 868 3142 935 perterrefaceret.
3178 869 3306 934 Qua:
3328 872 3466 922 enim

1893 957 2196 1010 absurditas
2225 964 2307 1010 est
2338 955 2542 1017 dicere,
2576 957 2772 1021 Stulte,
2809 966 2861 1008 ut
2893 968 3173 1024 propterea
3205 940 3467 1024 quispiam

1893 1049 2149 1116 gehennae
2203 1047 2470 1100 obnoxius
2520 1047 2656 1100 fiat?
2702 1049 2764 1102 Et
2814 1049 3080 1116 quomodo
3140 1065 3334 1101 avarus
3388 1061 3471 1103 est

1894 1139 2173 1194 idololatra
2213 1138 2376 1193 ?lios
2431 1140 2605 1206 itaque
2643 1150 2790 1194 notat
2831 1141 2932 1194 hoc
2993 1141 3109 1194 loco
3157 1141 3463 1208 Apostolus,

1892 1229 2034 1298 quod
2066 1239 2118 1282 et
2151 1229 2319 1283 illatio
2354 1229 2556 1282 indicat
2600 1247 2611 1282 :
2654 1249 2672 1281 ‹
2717 1229 2884 1284 Nemo
2913 1244 3007 1284 vos
3038 1229 3257 1284 seducat
3301 1231 3464 1281 inani-

1895 1319 1994 1373 bus
2035 1319 2235 1372 verbis.
2271 1337 2288 1370 ι
2317 1319 2502 1372 lnauia
2534 1320 2676 1372 enim
2716 1321 2875 1374 verba
2906 1330 3049 1384 sunt,
3081 1335 3203 1388 qua:
3245 1319 3471 1388 gratiam

1897 1411 2278 1478 temporariam
2341 1411 2574 1477 habent;
2607 1412 2673 1466 ad
2725 1426 2888 1480 opera
2936 1427 3082 1477 vero,
3129 1413 3337 1466 inutilia
3384 1417 3474 1466 de-

1898 1512 2271 1556 monsuantur
2309 1521 2322 1556 :
2359 1513 2548 1571 estque
2612 1505 2909 1572 impostura
2956 1503 3263 1572 hujusmodi
3314 1506 3470 1558 verba

1899 1595 2101 1648 facere.
2143 1593 2296 1660 Quod
2349 1605 2525 1648 autem
2573 1609 2768 1649 avarus
2825 1595 2895 1649 sit
2944 1596 3242 1660 idololatra,
3282 1597 3466 1651 disce:

1901 1706 1920 1738 ‹
1956 1685 2065 1740 )iou
2092 1687 2317 1756 potestis
2361 1684 2469 1739 Deo
2501 1687 2707 1740 servire
2741 1695 2793 1739 et
2813 1701 3129 1742 mammonae
3165 1700 3244 1741 ρ.»
3285 1687 3474 1743 Deﬁcit

1898 1778 2080 1847 itaque
2123 1793 2148 1830 a
2192 1779 2300 1832 Deo
2332 1794 2551 1842 avarus,
2585 1787 2638 1832 et
2694 1778 2920 1832 inservit
2964 1793 3094 1832 auro
3125 1796 3138 1832 :
3167 1781 3257 1849 qui
3308 1779 3470 1848 igitur

211 1884 516 1952 ).ολάτρης;
548 1882 609 1932 Εἰ
640 1880 695 1932 δὲ
728 1879 874 1946 λέγει
915 1880 979 1942 ³⁸,
1014 1879 1095 1929 ὅτι
1125 1878 1238 1929 Οὐκ
1295 1875 1523 1942 ἔστησεν
1560 1873 1600 1902 ¹⁹
1635 1872 1791 1923 εἴδω·
1821 1859 1868 1914 Β
1904 1887 2006 1924 non
2063 1871 2226 1924 fuerit
2269 1871 2532 1925 idolorum
2577 1886 2648 1925 cu

1824 1859 1868 1914 Β
1904 1887 2006 1924 non
2063 1871 2226 1924 fuerit
2269 1871 2532 1925 idolorum
2577 1871 2994 1925 cultoriPorro
3047 1873 3090 1925 si
3126 1872 3294 1936 dicat,
3353 1871 3466 1926 Νυιι

212 1974 329 2036 λον,
370 1973 420 2024 τί
456 1972 645 2035 mito;
683 1971 817 2022 Οὐδὲ
849 1969 956 2038 γὰρ
993 1968 1041 2019 ot
1091 1966 1428 2034 ἀστειότεροι
1455 1961 1563 2014 τῶν
1604 1961 1794 2029 Ἐλλήι

211 2082 322 2116 νων
353 2063 589 2124 εἰδώλοις
615 2064 941 2130 προσκυνεῖν
967 2059 1303 2128 ὡμολόγουν,
1336 2057 1471 2108 ἀλλὰ
1493 2057 1558 2124 τῇ
1604 2054 1794 2124 Ἀφροο

209 2158 332 2227 δίτῃ
369 2155 550 2224 τυχὸν,
589 2155 682 2206 καὶ
711 2153 788 2223 τῷ
832 2153 988 2219 "Aps:
1015 2167 1027 2179 ·
1055 2149 1228 2202 ταῦτα
1252 2150 1307 2202 δὲ
1341 2149 1507 2217 πάθη.
1563 2146 1702 2199 Ἀλλ’
1732 2146 1790 2198 ού

213 2249 415 2317 σφάζει
443 2249 489 2279 ¹⁰
522 2246 769 2316 πρόϐατα
792 2260 804 2272 ·
851 2244 986 2296 ἀλλὰ
1011 2241 1334 2313 ἀνθρώπους
1366 2241 1459 2292 καὶ
1491 2239 1669 2308 ψυχὰς
1703 2237 1791 2288 λο-

213 2343 405 2407 γικάς.
468 2341 531 2392 Οί
583 2339 844 2407 Ἕλληνες
874 2339 986 2396 τοῖς
1025 2334 1118 2386 τοῦ
1152 2331 1287 2385 Θεοῦ
1320 2331 1584 2401 κτίσμασι
1622 2346 1791 2399 προσ-

212 2433 509 2497 εκύνησαν,
569 2431 596 2482 6
657 2430 712 2482 δὲ
769 2428 1102 2496 πλεονέκτης
1150 2425 1227 2494 τῷ
1285 2422 1477 2476 ἑαυτοῦ
1529 2423 1792 2492 ποιήματι

216 2526 532 2593 προσκυνεῖ.
584 2523 656 2575 Ού
689 2524 731 2553 ²¹
768 2522 874 2590 γὰρ
908 2524 934 2573 ὁ
992 2518 1122 2580 Θεὸς
1155 2516 1469 2580 πλεονεξίαν
1516 2513 1791 2583 ἐποίησεν,

211 2617 332 2668 ἀλλ’
364 2617 395 2684 ἠ
431 2614 674 2683 ἡμετέρα
707 2613 1002 2681 ἀπληστια.
1039 2607 1206 2676 Οἶμαι
1246 2607 1300 2658 δὲ
1324 2607 1414 2658 τὸν
1449 2604 1657 2657 Παῦλον
1689 2602 1794 2656 ἀπὸ

212 2708 310 2761 τοῦ
343 2708 506 2760 Δαϐἰδ
543 2707 701 2758 τοῦτο
727 2706 899 2756 εἰπεῖν
929 2702 1128 2771 τρόπον
1157 2700 1365 2767 ἓτερον.
1409 2697 1649 2748 Ἑκείνου
1685 2695 1792 2764 γὰρ

212 2801 491 2868 λέγοντος,
525 2817 543 2850 ι
579 2800 659 2852 Τὰ
690 2797 883 2850 εῖδωλα
911 2794 1018 2847 τῶν
1051 2791 1220 2846 ἐθνῶν
1249 2789 1512 2861 ἀργύριον
1541 2790 1633 2842 καὶ
1658 2806 1791 2859 χρυ-

219 2891 359 2950 σίον,
397 2907 415 2938 ιι
453 2886 810 2954 ἁντιστρέψαι
839 2883 996 2936 τοῦτο
1047 2884 1185 2934 κατά
1217 2880 1314 2951 τὴν
1348 2880 1591 2950 μεγὰὶην
1627 2876 1790 2930 αὐτοῦ

221 2981 438 3047 σοφίαν,
493 2979 572 3031 ὅτι
625 2979 685 3030 τὸ
735 2975 995 3045 ἀργύριον
1049 2974 1139 3026 καὶ
1194 2973 1253 3024 το
1297 2973 1537 3042 χρυσίου,
1578 2967 1789 3022 εἴδωλα.

1897 1963 2044 2017 erexi
2079 1963 2238 2027 idola,
2300 1963 2427 2031 quid
2470 1972 2581 2016 tum
2631 1964 2860 2032 postea?
2915 1977 3088 2032 neque
3129 1965 3270 2017 enim
3303 1967 3473 2034 genti-

1898 2055 1977 2110 les
2027 2055 2343 2109 urbauiores
2396 2069 2454 2109 se
2520 2055 2662 2109 idola
2717 2055 2944 2109 adorare
2993 2055 3320 2121 fatebantur,
3379 2058 3470 2110 sed

1898 2147 2157 2201 Venerem
2185 2145 2414 2202 fortasse
2446 2156 2500 2202 et
2524 2146 2749 2202 Martem
2782 2164 2794 2198 :
2828 2147 2930 2200 ista
2957 2157 3134 2201 autem
3166 2149 3465 2201 animorum

1897 2249 2024 2292 sunt
2061 2236 2307 2292 allectus.
2337 2240 2406 2291 At
2433 2255 2537 2293 non
2570 2247 2769 2292 mactat
2797 2254 2924 2293 oves
2965 2258 2980 2293 :
3013 2241 3258 2293 homines
3295 2249 3468 2294 tamen

1896 2340 2095 2384 mactat
2121 2339 2174 2384 et
2205 2331 2415 2384 animas
2443 2331 2752 2385 rationales.
2796 2331 3039 2387 Gentiles
3073 2331 3164 2386 Dei
3195 2341 3472 2386 creaturas

1896 2423 2196 2477 adorabant
2241 2441 2253 2477 :
2307 2438 2504 2476 avarus
2553 2432 2731 2478 autem
2779 2440 2932 2478 suum
2974 2423 3135 2495 40⁵1
3184 2425 3351 2494 ipsius
3406 2426 3470 2477 ti-

1897 2525 2172 2584 gmentum
2209 2516 2420 2570 adorat.
2472 2514 2588 2570 Non
2621 2517 2763 2570 enim
2803 2517 2942 2571 Deus
2964 2517 3247 2571 avaritiam
3284 2519 3472 2571 condi-

1897 2585 1992 2672 dit,
2024 2609 2113 2662 sed
2139 2619 2318 2660 nostra
2350 2607 2745 2665 insatiabilitas.
2783 2607 2986 2678 Opinor
3011 2617 3192 2663 autem
3243 2597 3465 2662 Paulum

1896 2713 1928 2752 a
1969 2697 2171 2752 Davide
2225 2698 2327 2754 hoc
2360 2700 2560 2764 dicere,
2597 2700 2703 2754 alio
2739 2708 2913 2755 tamen
2960 2704 3139 2755 modo.
3184 2700 3278 2754 lllo
3327 2701 3470 2754 enim

1894 2799 2237 2845 asseverante
2273 2832 2287 2854 ,
2349 2790 2697 2846 «Sitnulacra
2763 2793 3024 2862 gentium,
3081 2803 3361 2862 argentum
3415 2803 3468 2846 et

1895 2896 2084 2933 aurum
2108 2882 2154 2930 P‘
2189 2900 2205 2931 ι
2247 2899 2260 2936 :
2301 2882 2412 2950 ipse
2448 2896 2543 2948 pro
2583 2897 2678 2936 sua
2713 2898 2902 2952 magna
2933 2884 3196 2952 sapientia
3230 2887 3464 2948 invertit,

1895 2973 2217 3042 Argentum,
2261 2975 2537 3043 inquiens,
2568 2984 2621 3027 et
2651 2990 2841 3028 aurum
2887 2983 3014 3029 sunt
3048 2975 3206 3030 idola.
3239 2974 3468 3029 Proinde

221 3069 435 3122 Οὐκοῦν
466 3070 493 3120 6
521 3065 800 3135 λατρεύων
833 3066 1083 3136 ἀργυρίῳ
1117 3065 1209 3118 καὶ
1252 3062 1482 3134 χρυσίῳ,
1516 3059 1794 3112 είδωλολά-
1821 3096 1865 3159 C
1899 3068 1988 3135 qui
2027 3065 2155 3120 colit
2196 3075 2476 3137 argentum
2511 3075 2564 3119 et
2595 3081 2648 3119 at.‘

1824 3096 1865 3159 C
1899 3068 1988 3135 qui
2027 3065 2155 3120 colit
2196 3075 2476 3137 argentum
2511 3075 2564 3119 et
2595 3081 2805 3131 aurum,
2841 3067 3060 3121 omnino
3091 3078 3172 3122 est
3203 3068 3464 3123 ittolotuu

216 3179 353 3232 τρης
387 3163 624 3222 πάντως.

308 3273 326 3303 α
367 3254 465 3305 Διά
513 3255 682 3306 ταῦτα
739 3252 846 3322 γὰρ
888 3252 1106 3321 ἔρχεται
1137 3250 1167 3319 ἡ
1198 3249 1336 3318 ὀργὴ
1385 3247 1478 3300 τοῦ
1512 3243 1646 3298 Θεοῦ
1700 3244 1792 3296 ἐπὶ

221 3345 348 3404 τοὺς
382 3344 529 3404 υἱοὺς
559 3344 651 3409 τῆς
677 3342 972 3402 ἀπειθείας.
1012 3361 1029 3391 ι
1067 3341 1134 3390 Ἢ
1169 3339 1254 3390 διὰ
1276 3337 1372 3402 τὴν
1400 3341 1675 3406 πορνεία-,ι
1703 3334 1796 3386 καὶ

219 3433 322 3496 τὴν
358 3432 721 3500 ἀκαθαρσίαν,
745 3433 838 3485 καὶ
869 3431 964 3500 τὴν
991 3428 1437 3497 εἰδωλολατρείαν
1461 3442 1471 3454 ·
1506 3428 1535 3494 ἢ
1564 3425 1650 3477 διὰ
1673 3425 1797 3485 τοὺς

1382 3513 1691 3573 Ἀπειθείας
1740 3510 1797 3562 δὲ

225 3615 395 3674 υἱοὺς,
429 3613 553 3674 τους
587 3613 791 3681 σφόδρα
814 3611 1076 3673 ἀπειθεῖς,
1108 3611 1234 3672 τοὺς
1257 3609 1332 3678 τῷ
1358 3609 1475 3679 Θεῷ
1507 3606 1798 3661 ἀπιστοῦν-

224 3522 502 3580 τοιούτους
555 3519 744 3584 λόγους
800 3519 907 3569 τῶν
965 3519 1312 3568 ἀπατεώνων.

221 3723 348 3769 τας,
382 3706 501 3767 τοὺς
535 3705 599 3756 τά
625 3704 844 3756 τομαύτα
872 3700 1310 3772 δογματίζοντας.

304 3823 321 3852 ι
356 3803 445 3871 Μὴ
485 3802 574 3855 οὖν
629 3801 844 3869 γίνεσθε
894 3799 1224 3869 συμμέτοχοι
1284 3795 1501 3849 αὐτῶν⁵
1560 3791 1656 3864 ἦτε
1688 3795 1796 3865 γάρ

221 3912 355 3946 ποτε
383 3894 592 3957 σκότος,
622 3894 716 3943 νῦν
765 3892 819 3942 δὲ
870 3890 985 3957 φῶς
1025 3891 1080 3939 ὲν
1123 3886 1334 3956 Κυρίῳ.
1376 3905 1392 3935 ι
1443 3886 1580 3938 Ἀλλ’
1618 3887 1795 3955 ὑμεῖς,

226 3987 380 4053 φησὶ,
438 3985 513 4053 μὴ
587 3983 996 4049 συγκοινωνεῖτε
1053 3983 1257 4042 αὐτοῖς.
1316 3975 1446 4032 Εἶτα
1495 3980 1802 4048 ἀναμιμνή-

227 4093 350 4127 σκει
378 4077 421 4106 ’³
452 4076 647 4137 αὐτους
672 4075 768 4143 τῆς
796 4075 1067 4144 προτέρας
1098 4073 1318 4137 κακίας,
1356 4071 1529 4140 λέγων
1552 4088 1566 4103 ⁸
1615 4073 1801 4124 Ἐννο-

225 4169 396 4235 ἡσατε
430 4167 481 4217 τί
505 4162 625 4236 ἦτε,
655 4166 746 4219 καὶ
785 4163 836 4216 τί
869 4165 1152 4231 γεγόνατε,
1183 4165 1273 4216 καὶ
1306 4164 1386 4215 ὅτι
1416 4162 1524 4214 ἀπὸ
1557 4164 1799 4229 σκότους,

226 4257 363 4324 φῶς.
399 4256 666 4324 Πρότερον
698 4253 741 4284 ’³
773 4253 869 4322 μὲν
893 4253 999 4323 γὰρ
1038 4261 1135 4303 καί
1166 4268 1307 4304 κατα
1337 4251 1403 4304 τὰ
1429 4251 1675 4321 δόγματα
1707 4254 1802 4307 καὶ

225 4345 370 4399 κατά
402 4345 493 4397 τὸν
534 4345 669 4414 βίον,
706 4343 895 4406 σκότος
930 4342 1252 4413 αὐτόχρημα
1285 4338 1381 4412 ἦτε
1409 4358 1422 4372 ⁸
1459 4342 1552 4394 νῦν
1587 4342 1642 4394 δὲ
1689 4344 1802 4411 φῶς

226 4438 373 4502 ἐστε,
403 4436 497 4488 ἆτε
525 4438 615 4488 καὶ
636 4435 767 4488 Θεὸν
792 4436 1186 4502 ἐπεγνωκότες,
1209 4435 1300 4486 καὶ
1323 4433 1461 4503 ἔργα
1478 4433 1654 4498 φωτὸς
1673 4450 1799 4502 μετ-

229 4531 420 4592 ιόντες.
455 4527 628 4581 Τοῦτο
657 4528 713 4580 δὲ
748 4529 972 4596 γέγονεν
1014 4527 1166 4596 ὑμῖν,
1205 4527 1305 4578 οὐκ
1343 4527 1450 4578 ἀπὸ
1471 4526 1570 4594 τῆς
1606 4525 1798 4594 ύμετέυ

228 4644 331 4697 ρας
359 4627 576 4695 ἀρετῆς,
613 4626 725 4676 ἀλλ’
759 4627 818 4676 ὲν
851 4622 1058 4693 Κυρίῳ,
1103 4620 1348 4673 τουτέστι
1399 4620 1484 4673 διὰ
1519 4613 1618 4690 τῆς
1647 4620 1796 4684 Θείας

226 4715 468 4785 χάριτος.
497 4715 608 4767 Ούκ
634 4709 728 4766 οῦν
770 4712 1012 4780 ὀφείλετε
1059 4711 1170 4772 τοῖς
1205 4711 1340 4773 υἱοῖς
1386 4709 1482 4778 τῆς
1516 4709 1796 4773 ἀπειθείας

228 4807 525 4867 κοινωνεῖν,
577 4805 661 4871 ἐφ’
717 4802 806 4865 οὒς
839 4803 1054 4871 ἔρχεται
1094 4801 1126 4870 ἠ
1165 4799 1302 4868 ὀργή
1333 4816 1346 4831 ·
1387 4800 1517 4853 ποτὲ
1562 4802 1669 4871 γὰρ
1696 4785 1794 4872 ἧτε

227 4895 461 4947 τοιοῦτοι
486 4894 578 4946 καὶ
603 4893 740 4957 ἄξιοι
777 4892 943 4962 ὀργῆς
965 4908 979 4923 ο
1015 4890 1109 4943 νῦν
1140 4889 1196 4942 δὲ
1221 4890 1403 4944 ούκέτι
1423 4907 1435 4921 ·
1470 4892 1544 4963 μὴ
1576 4891 1667 4946 οὖν
1694 4910 1796 4946 πα-

227 4985 632 5056 λινδρομήσητε
673 4984 809 5055 πρὸς
831 4982 892 5036 τὸ
921 4983 1126 5045 σκότος.

313 5199 331 5231 ι
381 5180 466 5241 Ὠς
509 5179 674 5233 τέκνα
700 5178 877 5248 φωτὸς
905 5183 1281 5252 περιπατεῖτε.
1315 5200 1333 5234 ι
1360 5181 1670 5247 Τουτέστιν,
1707 5184 1796 5236 εύ-

230 5270 542 5339 σχημὸνως,
577 5269 669 5321 καὶ
706 5269 780 5331 ὼς
810 5270 976 5333 εἰκὸς,
1007 5271 1097 5324 τὸν
1124 5272 1180 5323 ἐν
1203 5271 1342 5338 φωτὶ
1371 5273 1797 5341 περιπατοῦντα.

231 5361 457 5417 Μᾶλλον
489 5361 544 5413 δὲ
577 5361 670 5413 καὶ
697 5360 876 5423 ἄλλοις
911 5361 1024 5428 φῶς
1056 5363 1203 5430 ἡμᾶς
1237 5358 1373 5414 εἶναι
1406 5362 1799 5416 διακελεύεται.

231 5454 310 5506 Τὸ
338 5453 443 5521 γὰρ
476 5451 568 5504 τοῦ
602 5451 775 5520 φωτὸς
808 5451 1016 5512 τέκνον,
1057 5454 1272 5513 πάντως
1304 5451 1398 5504 καὶ
1427 5452 1556 5505 αὐτὸ
1587 5452 1720 5521 φῶς.

343 5574 372 5613 Ρ
402 5563 592 5617 Matth.
627 5578 701 5627 vt,
736 5562 820 5616 Η.
935 5574 961 5612 ν
987 5563 1016 5597 ³*
1040 5561 1180 5618 Psal.
1216 5577 1369 5628 cxtn,
1394 5564 1447 5617 ιι.

1898 3158 2090 3213 cultor.

2034 3251 2258 3320 Propter
2293 3253 2406 3307 haec
2434 3253 2576 3308 enim
2606 3254 2752 3307 venit
2783 3253 2860 3307 ira
2889 3253 2979 3308 Dei
3013 3256 3065 3309 in
3097 3255 3234 3310 tilios
3277 3256 3464 3309 iuohe-

1901 3341 2136 3396 dientiae.
2167 3361 2184 3392 ι
2208 3342 2302 3397 Vel
2324 3353 2542 3412 propter
2568 3341 2986 3400 fornicationem
3011 3348 3464 3415 etimpuritatem,

1901 3433 1982 3486 vel
2021 3441 2239 3503 propter
2275 3435 2537 3488 idolorum
2574 3436 2863 3502 culturam,
2905 3438 2986 3492 vel
3024 3450 3238 3508 propter
3281 3439 3466 3505 hujus-

1901 3528 2042 3581 modi
2065 3528 2718 3597 deeeptorumsermones.
2736 3527 3111 3585 lnobcdientiae
3132 3541 3311 3584 autem
3337 3532 3473 3584 (ilius

1901 3619 2034 3676 dicit
2089 3621 2242 3672 valde
2272 3620 2662 3685 inobedientes,
2694 3637 2724 3675 a
2759 3621 2868 3676 Deo
2903 3623 3240 3690 deficientes,
3273 3641 3335 3679 ac
3363 3635 3472 3678 tra-

1901 3718 2091 3772 dentes
2120 3715 2428 3782 huiusmodi
2457 3719 2728 3786 dogmata.

1969 3807 2134 3863 Vens.
2167 3807 2218 3860 7.
2269 3826 2286 3858 ι
2335 3807 2511 3861 Nolite
2557 3824 2687 3877 ergo
2738 3808 2872 3864 elIici
2925 3811 3217 3880 participes
3259 3826 3469 3866 eorum.

1905 3897 2082 3952 Eratis
2112 3897 2255 3950 enim
2291 3896 2575 3966 aliquando
2609 3901 2864 3962 tenebrae,
2899 3915 3038 3954 nunc
3069 3910 3248 3954 autem
3287 3902 3375 3954 lux
3418 3903 3470 3955 in

1907 3989 2150 4042 Domino.
2210 4006 2226 4038 ι
2281 3987 2350 4040 At
2387 4002 2501 4050 vos,
2553 3987 2749 4056 inquit,
2802 4004 2868 4043 ne
2913 3993 3322 4046 communicetis
3372 3995 3471 4046 eis.

1905 4080 2103 4134 Deinde
2125 4079 2325 4132 scelera
2341 4079 2522 4148 priora
2539 4079 2618 4132 eis
2640 4079 2702 4131 ad
2724 4080 3035 4134 memoriam
3059 4095 3293 4137 revocat.
3311 4083 3472 4153 Cogi-

1907 4180 2036 4233 tate,
2073 4171 2343 4238 inquiens,
2379 4169 2505 4238 quid
2537 4170 2722 4235 eratis,
2752 4178 2803 4224 et
2831 4171 2958 4238 quid
2991 4171 3114 4224 facti
3149 4173 3290 4236 sitis,
3323 4175 3467 4242 quod

1906 4279 1934 4318 a
1975 4264 2208 4318 tenebris
2240 4263 2420 4316 lumen
2456 4262 2579 4317 facti
2617 4263 2758 4317 sitis.
2793 4263 3033 4316 Primum
3070 4265 3288 4333 quidem
3330 4277 3384 4320 et
3417 4267 3467 4319 in

1906 4354 2264 4426 dogmatibus,
2312 4360 2366 4407 et
2413 4354 2464 4406 in
2502 4353 2623 4406 vitae
2671 4355 3099 4417 conversatione,
3138 4355 3371 4410 tenebrae
3416 4373 3472 4411 re

1824 4478 1876 4536 υ
1907 4450 2017 4518 ipsa
2041 4447 2205 4500 eratis
2235 4464 2248 4500 :
2281 4461 2424 4498 nunc
2456 4459 2580 4499 vero
2614 4444 2793 4498 lumen
2825 4447 2975 4508 estis,
3003 4454 3185 4514 utpote
3215 4458 3268 4501 et
3303 4449 3469 4502 Deum

1902 4549 2309 4611 cognoscentes.
2358 4545 2412 4592 et
2452 4551 2613 4607 opera
2648 4536 2783 4591 lucis
2814 4536 3099 4594 facientes.
3131 4539 3245 4596 Hoc
3291 4551 3466 4594 autem

1905 4633 2133 4700 contigit
2156 4629 2308 4684 vobis
2326 4644 2430 4682 non
2452 4643 2480 4681 a
2507 4637 2683 4682 vestra
2704 4627 3029 4693 virtute,sed
3054 4649 3071 4680 (
3092 4631 3144 4683 in
3173 4631 3415 4695 Domino,
3446 4652 3463 4682 ι

1908 4719 2009 4774 hoc
2032 4727 2114 4773 est
2159 4732 2252 4786 per
2275 4718 2508 4772 divinam
2531 4718 2780 4785 gratiam.
2803 4717 2916 4773 Non
2939 4719 3143 4774 debetis
3166 4720 3327 4788 igitur
3352 4724 3473 4777 tilii‘s

1906 4809 2282 4864 inobedientiaa
2309 4818 2362 4863 et
2390 4809 2783 4864 incredulitatis
2807 4811 3225 4875 communicare,
3254 4814 3309 4866 in
3335 4830 3470 4882 quos

1905 4901 2049 4954 venit
2071 4901 2170 4954 ira.
2201 4899 2477 4966 Quondam
2505 4902 2650 4954 enim
2695 4903 2860 4956 eratis
2896 4903 3027 4956 tales
3084 4902 3338 4972 dignique
3368 4907 3468 4970 ira,

1905 5007 2049 5047 nunc
2091 5000 2266 5046 autem
2307 5005 2414 5044 non
2451 5005 2611 5061 porro
2649 5008 2661 5044 :
2704 5006 2768 5045 ne
2809 4993 2971 5062 igitur
3013 5010 3201 5049 rursus
3233 4998 3468 5052 curratis

1905 5084 1971 5138 ad
1998 5084 2268 5138 tenebras.

1973 5175 2213 5228 Venss.
2240 5192 2257 5225 ι
2290 5173 2925 5230 Utliliilueisambulate.
2958 5195 2976 5227 ι
2999 5175 3110 5231 Hoc
3152 5179 3464 5243 estdecore,

1901 5277 1953 5319 et
1982 5265 2433 5334 quemadmodum
2461 5266 2610 5320 decet
2634 5279 2753 5318 eum
2775 5267 2864 5335 qui
2897 5267 2948 5320 in
2973 5266 3174 5321 lumine
3202 5271 3461 5325 ambulat.

1901 5355 2039 5421 Quin
2063 5357 2239 5424 potius
2264 5354 2383 5408 aliis
2405 5356 2568 5408 etiam
2601 5371 2695 5409 nos
2727 5357 2905 5412 lumen
2938 5374 3058 5414 esse
3079 5360 3230 5426 jubet
3260 5380 3272 5414 :
3306 5361 3466 5414 lumi-

1902 5449 1985 5500 nis
2012 5447 2153 5501 euim
2189 5445 2324 5498 filius
2349 5447 2568 5499 omnino
2602 5457 2654 5499 et
2685 5448 2798 5516 ipse
2832 5448 3010 5503 lumen
3045 5459 3148 5504 est.

1582 5657 1778 5716 Variae
1813 5656 2140 5717 lectiones.

311 5761 349 5790 ⁸⁷
380 5758 590 5824 Παῦλος
612 5774 663 5816 0.

229 5846 327 5882 τον
358 5846 410 5883 υ.

744 5761 785 5792 ⁸⁸
814 5760 990 5829 λέγεις
1022 5775 1072 5816 o.
1155 5762 1192 5793 "
1234 5761 1437 5830 ἔστησα
1479 5775 1529 5814 o.

1606 5763 1649 5792 '°
1694 5761 1984 5830 σφαγιάζει
2009 5778 2039 5815 u

2139 5763 2177 5792 ³¹
2215 5761 2331 5814 οὐδὲ
2359 5774 2410 5816 0.
2492 5759 2534 5789 ³³
2567 5759 2648 5810 ἵνα
2678 5760 3062 5831 ἀναμιμνήσκῃ
3090 5776 3141 5815 ο.
3233 5766 3278 5797 ³³
3315 5766 3464 5836 πρῶ-
