  <div class='ocr_page' id='page_1' title='image "/cluster/home/n/w/nwhite01/storage/ocr_20150623/124/nnc1.0046979735/578.png"; bbox 0 0 4226 6440; ppageno 0'>
   <div class='ocr_carea' id='block_1_1' title="bbox 247 414 394 478">
    <p class='ocr_par' dir='ltr' id='par_1_1' title="bbox 247 414 394 478">
     <span class='ocr_line' id='line_1_1' title="bbox 247 414 394 478; baseline 0.027 -3"><span class='ocrx_word' id='word_1_1' title='bbox 247 414 394 478; x_wconf 80' lang='grc'><strong>1109</strong></span> 
     </span>
    </p>
   </div>
   <div class='ocr_carea' id='block_1_2' title="bbox 1035 412 1862 476">
    <p class='ocr_par' dir='ltr' id='par_1_2' title="bbox 1035 412 1862 476">
     <span class='ocr_line' id='line_1_2' title="bbox 1035 412 1862 476; baseline 0.001 -2"><span class='ocrx_word' id='word_1_2' title='bbox 1035 412 1446 476; x_wconf 78' lang='lat' dir='ltr'><strong>EXPOSITIO</strong></span> <span class='ocrx_word' id='word_1_3' title='bbox 1487 414 1572 474; x_wconf 68' lang='grc' dir='ltr'><strong>ΙΝ</strong></span> <span class='ocrx_word' id='word_1_4' title='bbox 1616 416 1862 476; x_wconf 81' lang='lat' dir='ltr'><strong>EPIST.</strong></span> 
     </span>
    </p>
   </div>
   <div class='ocr_carea' id='block_1_3' title="bbox 1909 420 3513 501">
    <p class='ocr_par' dir='ltr' id='par_1_3' title="bbox 1909 420 3513 501">
     <span class='ocr_line' id='line_1_3' title="bbox 1909 420 3513 501; baseline 0.015 -24"><span class='ocrx_word' id='word_1_5' title='bbox 1909 420 2009 478; x_wconf 80' lang='lat' dir='ltr'><strong>AD</strong></span> <span class='ocrx_word' id='word_1_6' title='bbox 2050 421 2321 481; x_wconf 75' lang='lat' dir='ltr'><strong>EPHES.</strong></span> <span class='ocrx_word' id='word_1_7' title='bbox 2347 447 2411 458; x_wconf 60' lang='grc' dir='ltr'><strong>--ε</strong></span> <span class='ocrx_word' id='word_1_8' title='bbox 2448 424 2603 482; x_wconf 74' lang='lat' dir='ltr'><strong>CAP.</strong></span> <span class='ocrx_word' id='word_1_9' title='bbox 2643 429 2705 486; x_wconf 72' lang='grc' dir='ltr'>ν.</span> <span class='ocrx_word' id='word_1_10' title='bbox 3377 438 3513 501; x_wconf 76' lang='grc'>1110</span> 
     </span>
    </p>
   </div>
   <div class='ocr_carea' id='block_1_4' title="bbox 234 524 1805 612">
    <p class='ocr_par' dir='ltr' id='par_1_4' title="bbox 234 524 1803 597">
     <span class='ocr_line' id='line_1_4' title="bbox 234 524 1803 597; baseline -0.004 -15"><span class='ocrx_word' id='word_1_11' title='bbox 234 528 481 597; x_wconf 74' lang='grc' dir='ltr'>δυσώδης</span> <span class='ocrx_word' id='word_1_12' title='bbox 536 527 685 580; x_wconf 72' lang='grc' dir='ltr'>ἐστὶν</span> <span class='ocrx_word' id='word_1_13' title='bbox 737 524 814 589; x_wconf 83' lang='grc' dir='ltr'>ὡς</span> <span class='ocrx_word' id='word_1_14' title='bbox 859 526 886 577; x_wconf 86' lang='grc' dir='ltr'><strong>ὁ</strong></span> <span class='ocrx_word' id='word_1_15' title='bbox 931 526 1143 596; x_wconf 74' lang='grc' dir='ltr'>νεκρὸς,</span> <span class='ocrx_word' id='word_1_16' title='bbox 1197 525 1292 578; x_wconf 78' lang='grc' dir='ltr'>καὶ</span> <span class='ocrx_word' id='word_1_17' title='bbox 1333 524 1717 594; x_wconf 80' lang='grc' dir='ltr'>ἀνενέργητος,</span> <span class='ocrx_word' id='word_1_18' title='bbox 1759 525 1803 576; x_wconf 86' lang='grc' dir='ltr'><strong>ώ</strong></span> 
     </span>
    </p>
   </div>
   <div class='ocr_carea' id='block_1_5' title="bbox 1916 524 3526 612">
    <p class='ocr_par' dir='ltr' id='par_1_5' title="bbox 1939 524 3526 612">
     <span class='ocr_line' id='line_1_5' title="bbox 1939 524 3526 612; baseline 0.014 -35"><span class='ocrx_word' id='word_1_19' title='bbox 1939 539 2056 577; x_wconf 88' lang='lat' dir='ltr'><strong>sum</strong></span> <span class='ocrx_word' id='word_1_20' title='bbox 2094 524 2242 578; x_wconf 76' lang='lat' dir='ltr'><strong>.-li.-it.</strong></span> <span class='ocrx_word' id='word_1_21' title='bbox 2281 524 2455 595; x_wconf 57' lang='lat' dir='ltr'><strong>Eque</strong></span> <span class='ocrx_word' id='word_1_22' title='bbox 2492 542 2725 598; x_wconf 86' lang='lat' dir='ltr'><strong>namque</strong></span> <span class='ocrx_word' id='word_1_23' title='bbox 2779 530 2943 586; x_wconf 70' lang='grc' dir='ltr'>νει-θεῖ</span> <span class='ocrx_word' id='word_1_24' title='bbox 3000 545 3082 590; x_wconf 88' lang='lat' dir='ltr'><strong>est</strong></span> <span class='ocrx_word' id='word_1_25' title='bbox 3131 540 3316 596; x_wconf 76' lang='lat' dir='ltr'><strong>oneris</strong></span> <span class='ocrx_word' id='word_1_26' title='bbox 3363 552 3526 612; x_wconf 83' lang='lat' dir='ltr'><strong>atque</strong></span> 
     </span>
    </p>
   </div>
   <div class='ocr_carea' id='block_1_6' title="bbox 234 611 1830 684">
    <p class='ocr_par' dir='ltr' id='par_1_6' title="bbox 234 611 1830 684">
     <span class='ocr_line' id='line_1_6' title="bbox 234 611 1830 684; baseline -0.001 -14"><span class='ocrx_word' id='word_1_27' title='bbox 234 621 265 670; x_wconf 73' lang='grc' dir='ltr'>ό</span> <span class='ocrx_word' id='word_1_28' title='bbox 299 614 602 681; x_wconf 72' lang='grc' dir='ltr'>καθεύδων,</span> <span class='ocrx_word' id='word_1_29' title='bbox 637 616 730 668; x_wconf 78' lang='grc' dir='ltr'><strong>καὶ</strong></span> <span class='ocrx_word' id='word_1_30' title='bbox 760 611 1092 684; x_wconf 82' lang='grc' dir='ltr'>ὀνειρώττει,</span> <span class='ocrx_word' id='word_1_31' title='bbox 1116 616 1211 668; x_wconf 72' lang='grc' dir='ltr'><strong>καὶ</strong></span> <span class='ocrx_word' id='word_1_32' title='bbox 1246 616 1577 684; x_wconf 70' lang='grc' dir='ltr'>φαντάζεται</span> <span class='ocrx_word' id='word_1_33' title='bbox 1616 615 1684 667; x_wconf 75' lang='grc' dir='ltr'>τὰ</span> <span class='ocrx_word' id='word_1_34' title='bbox 1733 616 1830 669; x_wconf 88' lang='grc' dir='ltr'>ἀν-</span> 
     </span>
    </p>
   </div>
   <div class='ocr_carea' id='block_1_7' title="bbox 237 703 1821 776">
    <p class='ocr_par' dir='ltr' id='par_1_7' title="bbox 237 703 1821 776">
     <span class='ocr_line' id='line_1_7' title="bbox 237 703 1821 776; baseline -0.001 -16"><span class='ocrx_word' id='word_1_35' title='bbox 237 707 546 760; x_wconf 61' lang='grc' dir='ltr'>υπόστατα.</span> <span class='ocrx_word' id='word_1_36' title='bbox 586 706 755 758; x_wconf 82' lang='grc' dir='ltr'>Ὅταν</span> <span class='ocrx_word' id='word_1_37' title='bbox 778 703 875 758; x_wconf 76' lang='grc' dir='ltr'><strong>οὖν</strong></span> <span class='ocrx_word' id='word_1_38' title='bbox 904 704 1103 776; x_wconf 81' lang='grc' dir='ltr'>ἐγερθῇ</span> <span class='ocrx_word' id='word_1_39' title='bbox 1132 722 1214 768; x_wconf 87' lang='grc' dir='ltr'><strong>τις</strong></span> <span class='ocrx_word' id='word_1_40' title='bbox 1254 707 1361 758; x_wconf 77' lang='grc' dir='ltr'><strong>ἀπὸ</strong></span> <span class='ocrx_word' id='word_1_41' title='bbox 1404 707 1500 774; x_wconf 79' lang='grc' dir='ltr'><strong>τῆς</strong></span> <span class='ocrx_word' id='word_1_42' title='bbox 1524 706 1821 776; x_wconf 85' lang='grc' dir='ltr'>ἁμαρτίας,</span> 
     </span>
    </p>
   </div>
   <div class='ocr_carea' id='block_1_8' title="bbox 237 797 1830 870">
    <p class='ocr_par' dir='ltr' id='par_1_8' title="bbox 237 797 1830 870">
     <span class='ocr_line' id='line_1_8' title="bbox 237 797 1830 870; baseline 0.002 -20"><span class='ocrx_word' id='word_1_43' title='bbox 237 799 361 851; x_wconf 72' lang='grc' dir='ltr'>τότε</span> <span class='ocrx_word' id='word_1_44' title='bbox 388 798 684 866; x_wconf 71' lang='grc' dir='ltr'><strong>ἐπιφαύσει</strong></span> <span class='ocrx_word' id='word_1_45' title='bbox 722 797 871 865; x_wconf 81' lang='grc' dir='ltr'>αὐτῷ</span> <span class='ocrx_word' id='word_1_46' title='bbox 902 801 929 849; x_wconf 82' lang='grc' dir='ltr'>ὁ</span> <span class='ocrx_word' id='word_1_47' title='bbox 959 799 1213 866; x_wconf 78' lang='grc' dir='ltr'>Χριστὸς,</span> <span class='ocrx_word' id='word_1_48' title='bbox 1251 799 1554 862; x_wconf 79' lang='grc' dir='ltr'><strong>τουτέστιν,</strong></span> <span class='ocrx_word' id='word_1_49' title='bbox 1596 799 1830 870; x_wconf 76' lang='grc' dir='ltr'>ἐπιλάμ-</span> 
     </span>
    </p>
   </div>
   <div class='ocr_carea' id='block_1_9' title="bbox 235 889 1824 962">
    <p class='ocr_par' dir='ltr' id='par_1_9' title="bbox 235 889 1824 962">
     <span class='ocr_line' id='line_1_9' title="bbox 235 889 1824 962; baseline 0.001 -18"><span class='ocrx_word' id='word_1_50' title='bbox 235 893 356 960; x_wconf 57' lang='grc' dir='ltr'>ζρει,</span> <span class='ocrx_word' id='word_1_51' title='bbox 399 890 589 960; x_wconf 80' lang='grc' dir='ltr'>ὥσπερ</span> <span class='ocrx_word' id='word_1_52' title='bbox 626 891 722 944; x_wconf 74' lang='grc' dir='ltr'>καὶ</span> <span class='ocrx_word' id='word_1_53' title='bbox 761 893 787 942; x_wconf 88' lang='grc' dir='ltr'>ὁ</span> <span class='ocrx_word' id='word_1_54' title='bbox 817 890 969 960; x_wconf 75' lang='grc' dir='ltr'>ἥλιος</span> <span class='ocrx_word' id='word_1_55' title='bbox 1003 893 1116 952; x_wconf 88' lang='grc' dir='ltr'>τοῖς</span> <span class='ocrx_word' id='word_1_56' title='bbox 1168 889 1226 958; x_wconf 78' lang='grc' dir='ltr'>ἐξ</span> <span class='ocrx_word' id='word_1_57' title='bbox 1284 889 1455 944; x_wconf 71' lang='grc' dir='ltr'>ὕπνου</span> <span class='ocrx_word' id='word_1_58' title='bbox 1495 892 1824 962; x_wconf 70' lang='grc' dir='ltr'>ἐγερθεῖσιν.</span> 
     </span>
    </p>
   </div>
   <div class='ocr_carea' id='block_1_10' title="bbox 236 983 1827 1055">
    <p class='ocr_par' dir='ltr' id='par_1_10' title="bbox 236 983 1827 1055">
     <span class='ocr_line' id='line_1_10' title="bbox 236 983 1827 1055; baseline 0 -18"><span class='ocrx_word' id='word_1_59' title='bbox 236 984 390 1038; x_wconf 63' lang='lat' dir='ltr'><strong>&quot;lim:</strong></span> <span class='ocrx_word' id='word_1_60' title='bbox 423 986 530 1055; x_wconf 83' lang='grc' dir='ltr'>γὰρ</span> <span class='ocrx_word' id='word_1_61' title='bbox 556 984 620 1037; x_wconf 80' lang='grc' dir='ltr'>ἂν</span> <span class='ocrx_word' id='word_1_62' title='bbox 656 986 711 1035; x_wconf 81' lang='grc' dir='ltr'><strong>ὲν</strong></span> <span class='ocrx_word' id='word_1_63' title='bbox 744 983 1045 1054; x_wconf 77' lang='grc' dir='ltr'><strong>ἁμαρτίαις</strong></span> <span class='ocrx_word' id='word_1_64' title='bbox 1089 983 1227 1046; x_wconf 72' lang='grc' dir='ltr'>ἐστὶ,</span> <span class='ocrx_word' id='word_1_65' title='bbox 1268 988 1417 1053; x_wconf 85' lang='grc' dir='ltr'>μισεῖ</span> <span class='ocrx_word' id='word_1_66' title='bbox 1449 983 1508 1037; x_wconf 79' lang='grc' dir='ltr'><strong>τὸ</strong></span> <span class='ocrx_word' id='word_1_67' title='bbox 1559 985 1698 1052; x_wconf 82' lang='grc' dir='ltr'>φῶς,</span> <span class='ocrx_word' id='word_1_68' title='bbox 1731 985 1827 1037; x_wconf 77' lang='grc' dir='ltr'><strong>καὶ</strong></span> 
     </span>
    </p>
   </div>
   <div class='ocr_carea' id='block_1_11' title="bbox 233 1076 1828 1147">
    <p class='ocr_par' dir='ltr' id='par_1_11' title="bbox 233 1076 1828 1147">
     <span class='ocr_line' id='line_1_11' title="bbox 233 1076 1828 1147; baseline 0.001 -18"><span class='ocrx_word' id='word_1_69' title='bbox 233 1077 340 1130; x_wconf 84' lang='grc' dir='ltr'><strong>ούκ</strong></span> <span class='ocrx_word' id='word_1_70' title='bbox 374 1076 597 1146; x_wconf 64' lang='grc' dir='ltr'>ἔρχεται</span> <span class='ocrx_word' id='word_1_71' title='bbox 633 1076 767 1147; x_wconf 76' lang='grc' dir='ltr'>πρὸς</span> <span class='ocrx_word' id='word_1_72' title='bbox 793 1077 926 1128; x_wconf 78' lang='grc' dir='ltr'>αὐτό</span> <span class='ocrx_word' id='word_1_73' title='bbox 955 1078 1020 1131; x_wconf 72' lang='grc'><strong>’⁸.</strong></span> <span class='ocrx_word' id='word_1_74' title='bbox 1047 1076 1121 1130; x_wconf 81' lang='grc' dir='ltr'><strong>Οὐ</strong></span> <span class='ocrx_word' id='word_1_75' title='bbox 1153 1078 1282 1146; x_wconf 76' lang='grc' dir='ltr'>περὶ</span> <span class='ocrx_word' id='word_1_76' title='bbox 1312 1078 1554 1132; x_wconf 84' lang='grc' dir='ltr'>ἀπίστων</span> <span class='ocrx_word' id='word_1_77' title='bbox 1575 1078 1630 1132; x_wconf 83' lang='grc' dir='ltr'><strong>δὲ</strong></span> <span class='ocrx_word' id='word_1_78' title='bbox 1651 1079 1828 1132; x_wconf 79' lang='grc' dir='ltr'>ταῦτα</span> 
     </span>
    </p>
   </div>
   <div class='ocr_carea' id='block_1_12' title="bbox 238 1166 1827 1239">
    <p class='ocr_par' dir='ltr' id='par_1_12' title="bbox 238 1166 1827 1239">
     <span class='ocr_line' id='line_1_12' title="bbox 238 1166 1827 1239; baseline 0.001 -19"><span class='ocrx_word' id='word_1_79' title='bbox 238 1169 402 1238; x_wconf 84' lang='grc' dir='ltr'>μόνον</span> <span class='ocrx_word' id='word_1_80' title='bbox 438 1172 624 1238; x_wconf 70' lang='grc' dir='ltr'>φησὶν,</span> <span class='ocrx_word' id='word_1_81' title='bbox 679 1168 815 1221; x_wconf 79' lang='grc' dir='ltr'>ἀλλὰ</span> <span class='ocrx_word' id='word_1_82' title='bbox 864 1167 960 1221; x_wconf 75' lang='grc' dir='ltr'><strong>καὶ</strong></span> <span class='ocrx_word' id='word_1_83' title='bbox 1004 1168 1132 1238; x_wconf 74' lang='grc' dir='ltr'>περὶ</span> <span class='ocrx_word' id='word_1_84' title='bbox 1174 1166 1400 1221; x_wconf 81' lang='grc' dir='ltr'>πιστῶν.</span> <span class='ocrx_word' id='word_1_85' title='bbox 1439 1166 1636 1239; x_wconf 77' lang='grc' dir='ltr'>Εὗροις</span> <span class='ocrx_word' id='word_1_86' title='bbox 1674 1168 1718 1220; x_wconf 89' lang='grc' dir='ltr'>δ’</span> <span class='ocrx_word' id='word_1_87' title='bbox 1760 1168 1827 1222; x_wconf 83' lang='grc' dir='ltr'>ἂν</span> 
     </span>
    </p>
   </div>
   <div class='ocr_carea' id='block_1_13' title="bbox 230 1259 1824 1330">
    <p class='ocr_par' dir='ltr' id='par_1_13' title="bbox 230 1259 1824 1330">
     <span class='ocr_line' id='line_1_13' title="bbox 230 1259 1824 1330; baseline 0.001 -18"><span class='ocrx_word' id='word_1_88' title='bbox 230 1261 498 1328; x_wconf 73' lang='grc' dir='ltr'>διαφορὰν</span> <span class='ocrx_word' id='word_1_89' title='bbox 530 1259 622 1312; x_wconf 77' lang='grc' dir='ltr'><strong>τοῦ</strong></span> <span class='ocrx_word' id='word_1_90' title='bbox 656 1276 715 1311; x_wconf 92' lang='grc' dir='ltr'><strong>τε</strong></span> <span class='ocrx_word' id='word_1_91' title='bbox 750 1259 1106 1323; x_wconf 82' lang='grc' dir='ltr'>καθεύδοντος</span> <span class='ocrx_word' id='word_1_92' title='bbox 1137 1260 1230 1312; x_wconf 70' lang='grc' dir='ltr'>καὶ</span> <span class='ocrx_word' id='word_1_93' title='bbox 1252 1260 1347 1314; x_wconf 84' lang='grc' dir='ltr'>τοῦ</span> <span class='ocrx_word' id='word_1_94' title='bbox 1378 1259 1595 1330; x_wconf 79' lang='grc' dir='ltr'>νεκροῦ.</span> <span class='ocrx_word' id='word_1_95' title='bbox 1635 1259 1824 1313; x_wconf 79' lang='grc' dir='ltr'>Πολλοὶ</span> 
     </span>
    </p>
   </div>
   <div class='ocr_carea' id='block_1_14' title="bbox 232 1351 1822 1424">
    <p class='ocr_par' dir='ltr' id='par_1_14' title="bbox 232 1351 1822 1424">
     <span class='ocr_line' id='line_1_14' title="bbox 232 1351 1822 1424; baseline 0.002 -20"><span class='ocrx_word' id='word_1_96' title='bbox 232 1352 347 1422; x_wconf 79' lang='grc' dir='ltr'>γὰρ</span> <span class='ocrx_word' id='word_1_97' title='bbox 375 1351 436 1404; x_wconf 75' lang='grc' dir='ltr'>τὸ</span> <span class='ocrx_word' id='word_1_98' title='bbox 471 1351 639 1404; x_wconf 80' lang='grc' dir='ltr'>κακὸν</span> <span class='ocrx_word' id='word_1_99' title='bbox 684 1351 782 1422; x_wconf 78' lang='grc' dir='ltr'>μὲν</span> <span class='ocrx_word' id='word_1_100' title='bbox 831 1352 1134 1417; x_wconf 82' lang='grc' dir='ltr'>ποιοῦντες,</span> <span class='ocrx_word' id='word_1_101' title='bbox 1172 1351 1252 1424; x_wconf 81' lang='grc' dir='ltr'>τῷ</span> <span class='ocrx_word' id='word_1_102' title='bbox 1286 1353 1647 1424; x_wconf 78' lang='grc' dir='ltr'><strong>πραττομένῳ</strong></span> <span class='ocrx_word' id='word_1_103' title='bbox 1677 1353 1732 1405; x_wconf 80' lang='grc' dir='ltr'>δὲ</span> <span class='ocrx_word' id='word_1_104' title='bbox 1760 1353 1822 1407; x_wconf 80' lang='grc' dir='ltr'><strong>οὐ</strong></span> 
     </span>
    </p>
   </div>
   <div class='ocr_carea' id='block_1_15' title="bbox 231 1442 1822 1517">
    <p class='ocr_par' dir='ltr' id='par_1_15' title="bbox 231 1442 1822 1517">
     <span class='ocr_line' id='line_1_15' title="bbox 231 1442 1822 1517; baseline 0.003 -21"><span class='ocrx_word' id='word_1_105' title='bbox 231 1442 629 1509; x_wconf 79' lang='grc' dir='ltr'>συναινοῦντες,</span> <span class='ocrx_word' id='word_1_106' title='bbox 654 1445 1007 1508; x_wconf 75' lang='grc' dir='ltr'><strong>καθεύδοντες</strong></span> <span class='ocrx_word' id='word_1_107' title='bbox 1032 1445 1098 1499; x_wconf 82' lang='grc' dir='ltr'><strong>ἂν</strong></span> <span class='ocrx_word' id='word_1_108' title='bbox 1117 1445 1360 1515; x_wconf 78' lang='grc' dir='ltr'>λεχθεῖεν</span> <span class='ocrx_word' id='word_1_109' title='bbox 1377 1465 1389 1477; x_wconf 78' lang='grc' dir='ltr'><strong>ο</strong></span> <span class='ocrx_word' id='word_1_110' title='bbox 1415 1445 1464 1498; x_wconf 86' lang='grc' dir='ltr'><strong>οῖ</strong></span> <span class='ocrx_word' id='word_1_111' title='bbox 1489 1446 1580 1498; x_wconf 72' lang='grc' dir='ltr'><strong>καὶ</strong></span> <span class='ocrx_word' id='word_1_112' title='bbox 1613 1447 1822 1517; x_wconf 82' lang='grc' dir='ltr'>ταχέως</span> 
     </span>
    </p>
   </div>
   <div class='ocr_carea' id='block_1_16' title="bbox 225 1537 1821 1610">
    <p class='ocr_par' dir='ltr' id='par_1_16' title="bbox 225 1537 1821 1610">
     <span class='ocr_line' id='line_1_16' title="bbox 225 1537 1821 1610; baseline 0.003 -21"><span class='ocrx_word' id='word_1_113' title='bbox 225 1537 639 1610; x_wconf 80' lang='grc' dir='ltr'>διυπνίζονται·</span> <span class='ocrx_word' id='word_1_114' title='bbox 675 1539 810 1610; x_wconf 75' lang='grc' dir='ltr'>πρὸς</span> <span class='ocrx_word' id='word_1_115' title='bbox 842 1538 934 1602; x_wconf 85' lang='grc' dir='ltr'><strong>οὓς</strong></span> <span class='ocrx_word' id='word_1_116' title='bbox 966 1538 1046 1601; x_wconf 84' lang='grc' dir='ltr'><strong>τὸ,</strong></span> <span class='ocrx_word' id='word_1_117' title='bbox 1090 1557 1110 1591; x_wconf 73' lang='grc' dir='ltr'><strong>ι</strong></span> <span class='ocrx_word' id='word_1_118' title='bbox 1162 1541 1436 1610; x_wconf 77' lang='grc' dir='ltr'>Ἔγειραι.</span> <span class='ocrx_word' id='word_1_119' title='bbox 1477 1557 1495 1590; x_wconf 72' lang='grc' dir='ltr'><strong>ι</strong></span> <span class='ocrx_word' id='word_1_120' title='bbox 1533 1539 1718 1593; x_wconf 81' lang='grc' dir='ltr'>Ἀλλοι</span> <span class='ocrx_word' id='word_1_121' title='bbox 1764 1539 1821 1594; x_wconf 84' lang='grc' dir='ltr'>δὲ</span> 
     </span>
    </p>
   </div>
   <div class='ocr_carea' id='block_1_17' title="bbox 227 1607 1822 1702">
    <p class='ocr_par' dir='ltr' id='par_1_17' title="bbox 227 1629 1822 1702">
     <span class='ocr_line' id='line_1_17' title="bbox 227 1629 1822 1702; baseline 0.003 -21"><span class='ocrx_word' id='word_1_122' title='bbox 227 1631 331 1683; x_wconf 75' lang='grc' dir='ltr'><strong>καὶ</strong></span> <span class='ocrx_word' id='word_1_123' title='bbox 356 1631 569 1684; x_wconf 83' lang='grc' dir='ltr'>ποιοῦσι</span> <span class='ocrx_word' id='word_1_124' title='bbox 597 1632 658 1684; x_wconf 85' lang='grc' dir='ltr'><strong>τὸ</strong></span> <span class='ocrx_word' id='word_1_125' title='bbox 696 1632 889 1693; x_wconf 69' lang='grc' dir='ltr'>κακὸν,</span> <span class='ocrx_word' id='word_1_126' title='bbox 926 1631 1024 1686; x_wconf 70' lang='grc' dir='ltr'><strong>καὶ</strong></span> <span class='ocrx_word' id='word_1_127' title='bbox 1059 1629 1455 1702; x_wconf 77' lang='grc' dir='ltr'><strong>συνηγοροῦσιν</strong></span> <span class='ocrx_word' id='word_1_128' title='bbox 1477 1648 1492 1663; x_wconf 89' lang='grc'><strong>·</strong></span> <span class='ocrx_word' id='word_1_129' title='bbox 1528 1632 1576 1686; x_wconf 83' lang='grc' dir='ltr'>οἳ</span> <span class='ocrx_word' id='word_1_130' title='bbox 1616 1632 1711 1686; x_wconf 68' lang='grc' dir='ltr'><strong>καὶ</strong></span> <span class='ocrx_word' id='word_1_131' title='bbox 1741 1650 1822 1686; x_wconf 93' lang='grc' dir='ltr'>νε-</span> 
     </span>
    </p>
   </div>
   <div class='ocr_carea' id='block_1_18' title="bbox 226 1723 1820 1796">
    <p class='ocr_par' dir='ltr' id='par_1_18' title="bbox 226 1723 1820 1796">
     <span class='ocr_line' id='line_1_18' title="bbox 226 1723 1820 1796; baseline 0.001 -20"><span class='ocrx_word' id='word_1_132' title='bbox 226 1724 356 1791; x_wconf 76' lang='grc' dir='ltr'>κροὶ</span> <span class='ocrx_word' id='word_1_133' title='bbox 385 1723 451 1776; x_wconf 82' lang='grc' dir='ltr'>ἂν</span> <span class='ocrx_word' id='word_1_134' title='bbox 475 1724 830 1794; x_wconf 82' lang='grc' dir='ltr'>ὀνομασθεῖεν</span> <span class='ocrx_word' id='word_1_135' title='bbox 853 1725 919 1790; x_wconf 75' lang='grc' dir='ltr'>⁸ο,</span> <span class='ocrx_word' id='word_1_136' title='bbox 945 1725 1019 1788; x_wconf 85' lang='grc' dir='ltr'><strong>ὡς</strong></span> <span class='ocrx_word' id='word_1_137' title='bbox 1043 1725 1572 1796; x_wconf 81' lang='grc' dir='ltr'>δυσανακλητό-τεροι</span> <span class='ocrx_word' id='word_1_138' title='bbox 1602 1726 1736 1794; x_wconf 67' lang='grc' dir='ltr'>πρὸς</span> <span class='ocrx_word' id='word_1_139' title='bbox 1759 1726 1820 1778; x_wconf 66' lang='grc' dir='ltr'><strong>τὸ</strong></span> 
     </span>
    </p>
   </div>
   <div class='ocr_carea' id='block_1_19' title="bbox 223 1813 1816 1886">
    <p class='ocr_par' dir='ltr' id='par_1_19' title="bbox 223 1813 1816 1886">
     <span class='ocr_line' id='line_1_19' title="bbox 223 1813 1816 1886; baseline 0.003 -21"><span class='ocrx_word' id='word_1_140' title='bbox 223 1813 456 1880; x_wconf 77' lang='grc' dir='ltr'>ἀγαθόν.</span> <span class='ocrx_word' id='word_1_141' title='bbox 487 1816 681 1885; x_wconf 88' lang='grc' dir='ltr'>Ὅμως</span> <span class='ocrx_word' id='word_1_142' title='bbox 729 1817 826 1868; x_wconf 77' lang='grc' dir='ltr'><strong>καὶ</strong></span> <span class='ocrx_word' id='word_1_143' title='bbox 885 1815 1096 1878; x_wconf 81' lang='grc' dir='ltr'>τούτοις</span> <span class='ocrx_word' id='word_1_144' title='bbox 1144 1818 1172 1869; x_wconf 79' lang='grc'>6</span> <span class='ocrx_word' id='word_1_145' title='bbox 1224 1816 1380 1886; x_wconf 81' lang='grc' dir='ltr'>λόγος</span> <span class='ocrx_word' id='word_1_146' title='bbox 1422 1817 1598 1886; x_wconf 72' lang='grc' dir='ltr'>ἐμϐοᾷ</span> <span class='ocrx_word' id='word_1_147' title='bbox 1627 1817 1702 1880; x_wconf 81' lang='grc' dir='ltr'>ὡς</span> <span class='ocrx_word' id='word_1_148' title='bbox 1751 1817 1816 1871; x_wconf 86' lang='grc' dir='ltr'>ἂν</span> 
     </span>
    </p>
   </div>
   <div class='ocr_carea' id='block_1_20' title="bbox 221 1907 1698 1982">
    <p class='ocr_par' dir='ltr' id='par_1_20' title="bbox 221 1907 1698 1982">
     <span class='ocr_line' id='line_1_20' title="bbox 221 1907 1698 1982; baseline 0.003 -22"><span class='ocrx_word' id='word_1_149' title='bbox 221 1907 522 1963; x_wconf 80' lang='grc' dir='ltr'>ἁνασταῖεν</span> <span class='ocrx_word' id='word_1_150' title='bbox 541 1922 557 1940; x_wconf 77' lang='grc'><strong><em>⁸</em></strong></span> <span class='ocrx_word' id='word_1_151' title='bbox 588 1909 650 1961; x_wconf 85' lang='grc' dir='ltr'><strong>οὐ</strong></span> <span class='ocrx_word' id='word_1_152' title='bbox 677 1909 786 1978; x_wconf 79' lang='grc' dir='ltr'>γὰρ</span> <span class='ocrx_word' id='word_1_153' title='bbox 821 1909 1178 1978; x_wconf 83' lang='grc' dir='ltr'>ἀπογνωστέα</span> <span class='ocrx_word' id='word_1_154' title='bbox 1205 1911 1238 1982; x_wconf 87' lang='grc' dir='ltr'><strong>ἡ</strong></span> <span class='ocrx_word' id='word_1_155' title='bbox 1276 1911 1483 1981; x_wconf 84' lang='grc' dir='ltr'>τρεπτὴ</span> <span class='ocrx_word' id='word_1_156' title='bbox 1517 1909 1698 1980; x_wconf 85' lang='grc' dir='ltr'>φύσις.</span> 
     </span>
    </p>
   </div>
   <div class='ocr_carea' id='block_1_21' title="bbox 302 2173 1810 2253">
    <p class='ocr_par' dir='ltr' id='par_1_21' title="bbox 302 2173 1810 2253">
     <span class='ocr_line' id='line_1_21' title="bbox 302 2173 1810 2253; baseline 0.006 -26"><span class='ocrx_word' id='word_1_157' title='bbox 302 2193 321 2227; x_wconf 77' lang='grc' dir='ltr'><strong>ι</strong></span> <span class='ocrx_word' id='word_1_158' title='bbox 365 2173 601 2228; x_wconf 82' lang='grc' dir='ltr'><strong>Βλέπετε</strong></span> <span class='ocrx_word' id='word_1_159' title='bbox 633 2175 745 2240; x_wconf 75' lang='grc' dir='ltr'>οὖν,</span> <span class='ocrx_word' id='word_1_160' title='bbox 779 2177 895 2240; x_wconf 79' lang='grc' dir='ltr'>πῶς</span> <span class='ocrx_word' id='word_1_161' title='bbox 925 2177 1170 2249; x_wconf 74' lang='grc' dir='ltr'>ἀκριϐῶς</span> <span class='ocrx_word' id='word_1_162' title='bbox 1197 2180 1570 2249; x_wconf 81' lang='grc' dir='ltr'>περιπατεῖτε,</span> <span class='ocrx_word' id='word_1_163' title='bbox 1619 2181 1695 2253; x_wconf 75' lang='grc' dir='ltr'>μὴ</span> <span class='ocrx_word' id='word_1_164' title='bbox 1734 2182 1810 2247; x_wconf 85' lang='grc' dir='ltr'>ὡς</span> 
     </span>
    </p>
   </div>
   <div class='ocr_carea' id='block_1_22' title="bbox 213 2269 1811 2342">
    <p class='ocr_par' dir='ltr' id='par_1_22' title="bbox 213 2269 1811 2342">
     <span class='ocr_line' id='line_1_22' title="bbox 213 2269 1811 2342; baseline 0.003 -19"><span class='ocrx_word' id='word_1_165' title='bbox 213 2269 437 2336; x_wconf 79' lang='grc' dir='ltr'>ἄσοφοι,</span> <span class='ocrx_word' id='word_1_166' title='bbox 489 2269 615 2322; x_wconf 84' lang='grc' dir='ltr'>ἀλλ’</span> <span class='ocrx_word' id='word_1_167' title='bbox 651 2270 726 2332; x_wconf 86' lang='grc' dir='ltr'>ὠς</span> <span class='ocrx_word' id='word_1_168' title='bbox 770 2270 943 2336; x_wconf 74' lang='grc' dir='ltr'>σοφοί.</span> <span class='ocrx_word' id='word_1_169' title='bbox 983 2290 1000 2321; x_wconf 72' lang='grc' dir='ltr'><strong>ι</strong></span> <span class='ocrx_word' id='word_1_170' title='bbox 1048 2271 1157 2323; x_wconf 77' lang='grc' dir='ltr'>Καὶ</span> <span class='ocrx_word' id='word_1_171' title='bbox 1202 2271 1282 2325; x_wconf 77' lang='grc' dir='ltr'>ἔτι</span> <span class='ocrx_word' id='word_1_172' title='bbox 1327 2270 1425 2342; x_wconf 79' lang='grc' dir='ltr'><strong>τὴν</strong></span> <span class='ocrx_word' id='word_1_173' title='bbox 1459 2274 1684 2342; x_wconf 82' lang='grc' dir='ltr'>πικρίαν</span> <span class='ocrx_word' id='word_1_174' title='bbox 1717 2275 1811 2328; x_wconf 79' lang='grc' dir='ltr'><strong>καὶ</strong></span> 
     </span>
    </p>
   </div>
   <div class='ocr_carea' id='block_1_23' title="bbox 211 2359 1808 2430">
    <p class='ocr_par' dir='ltr' id='par_1_23' title="bbox 211 2359 1808 2430">
     <span class='ocr_line' id='line_1_23' title="bbox 211 2359 1808 2430; baseline 0.005 -18"><span class='ocrx_word' id='word_1_175' title='bbox 211 2359 319 2430; x_wconf 77' lang='grc' dir='ltr'><strong>τὴν</strong></span> <span class='ocrx_word' id='word_1_176' title='bbox 359 2361 528 2430; x_wconf 72' lang='grc' dir='ltr'>ὀργὴν</span> <span class='ocrx_word' id='word_1_177' title='bbox 570 2360 914 2430; x_wconf 66' lang='grc' dir='ltr'>ἐκκαθαίρει,</span> <span class='ocrx_word' id='word_1_178' title='bbox 954 2361 1028 2423; x_wconf 87' lang='grc' dir='ltr'>ὼς</span> <span class='ocrx_word' id='word_1_179' title='bbox 1077 2363 1144 2415; x_wconf 85' lang='grc' dir='ltr'><strong>ἂν</strong></span> <span class='ocrx_word' id='word_1_180' title='bbox 1180 2363 1228 2415; x_wconf 88' lang='grc' dir='ltr'><strong>εί</strong></span> <span class='ocrx_word' id='word_1_181' title='bbox 1271 2361 1445 2430; x_wconf 81' lang='grc' dir='ltr'>λέγων</span> <span class='ocrx_word' id='word_1_182' title='bbox 1480 2365 1683 2429; x_wconf 74' lang='grc' dir='ltr'>αὐτοῖς,</span> <span class='ocrx_word' id='word_1_183' title='bbox 1725 2367 1808 2420; x_wconf 83' lang='grc' dir='ltr'><strong>ὅτι</strong></span> 
     </span>
    </p>
   </div>
   <div class='ocr_carea' id='block_1_24' title="bbox 216 2451 1809 2526">
    <p class='ocr_par' dir='ltr' id='par_1_24' title="bbox 216 2451 1809 2526">
     <span class='ocr_line' id='line_1_24' title="bbox 216 2451 1809 2526; baseline 0.003 -20"><span class='ocrx_word' id='word_1_184' title='bbox 216 2451 480 2519; x_wconf 70' lang='grc' dir='ltr'>Προϐατά</span> <span class='ocrx_word' id='word_1_185' title='bbox 535 2453 660 2504; x_wconf 81' lang='grc' dir='ltr'>ἐστε</span> <span class='ocrx_word' id='word_1_186' title='bbox 724 2453 929 2520; x_wconf 68' lang='grc' dir='ltr'>μεταξὺ</span> <span class='ocrx_word' id='word_1_187' title='bbox 983 2453 1184 2516; x_wconf 86' lang='grc' dir='ltr'>λύκων,</span> <span class='ocrx_word' id='word_1_188' title='bbox 1247 2455 1429 2508; x_wconf 77' lang='grc' dir='ltr'>πολλοὶ</span> <span class='ocrx_word' id='word_1_189' title='bbox 1480 2457 1614 2526; x_wconf 65' lang='grc' dir='ltr'>πρὸς</span> <span class='ocrx_word' id='word_1_190' title='bbox 1664 2458 1809 2526; x_wconf 78' lang='grc' dir='ltr'>ὑμᾶς</span> 
     </span>
    </p>
   </div>
   <div class='ocr_carea' id='block_1_25' title="bbox 211 2543 1838 2618">
    <p class='ocr_par' dir='ltr' id='par_1_25' title="bbox 211 2543 1838 2618">
     <span class='ocr_line' id='line_1_25' title="bbox 211 2543 1838 2618; baseline 0.004 -22"><span class='ocrx_word' id='word_1_191' title='bbox 211 2543 583 2613; x_wconf 85' lang='grc' dir='ltr'>ἁγριαίνουσι,</span> <span class='ocrx_word' id='word_1_192' title='bbox 642 2545 738 2597; x_wconf 67' lang='grc' dir='ltr'>καὶ</span> <span class='ocrx_word' id='word_1_193' title='bbox 798 2546 845 2596; x_wconf 78' lang='lat' dir='ltr'><strong>oi</strong></span> <span class='ocrx_word' id='word_1_194' title='bbox 903 2545 1256 2599; x_wconf 83' lang='grc' dir='ltr'>οίκειότατοι·</span> <span class='ocrx_word' id='word_1_195' title='bbox 1324 2547 1576 2616; x_wconf 81' lang='grc' dir='ltr'>βλέπετε,</span> <span class='ocrx_word' id='word_1_196' title='bbox 1614 2549 1838 2618; x_wconf 74' lang='grc' dir='ltr'>μηδενὶ-</span> 
     </span>
    </p>
   </div>
   <div class='ocr_carea' id='block_1_26' title="bbox 210 2635 1805 2710">
    <p class='ocr_par' dir='ltr' id='par_1_26' title="bbox 210 2635 1805 2710">
     <span class='ocr_line' id='line_1_26' title="bbox 210 2635 1805 2710; baseline 0.003 -23"><span class='ocrx_word' id='word_1_197' title='bbox 210 2635 354 2687; x_wconf 85' lang='grc' dir='ltr'>δῶτε</span> <span class='ocrx_word' id='word_1_198' title='bbox 402 2635 658 2706; x_wconf 71' lang='grc' dir='ltr'>ἀφορμὴν</span> <span class='ocrx_word' id='word_1_199' title='bbox 703 2635 934 2708; x_wconf 80' lang='grc' dir='ltr'>ἔχθρας·</span> <span class='ocrx_word' id='word_1_200' title='bbox 985 2637 1123 2707; x_wconf 76' lang='grc' dir='ltr'>πλὴν</span> <span class='ocrx_word' id='word_1_201' title='bbox 1175 2639 1276 2706; x_wconf 69' lang='grc' dir='ltr'>τῆς</span> <span class='ocrx_word' id='word_1_202' title='bbox 1321 2639 1578 2704; x_wconf 84' lang='grc' dir='ltr'>πίστεως,</span> <span class='ocrx_word' id='word_1_203' title='bbox 1617 2642 1805 2710; x_wconf 72' lang='grc' dir='ltr'>μηδεὶς</span> 
     </span>
    </p>
   </div>
   <div class='ocr_carea' id='block_1_27' title="bbox 213 2726 1804 2804">
    <p class='ocr_par' dir='ltr' id='par_1_27' title="bbox 213 2726 1804 2804">
     <span class='ocr_line' id='line_1_27' title="bbox 213 2726 1804 2804; baseline 0.006 -25"><span class='ocrx_word' id='word_1_204' title='bbox 213 2726 372 2796; x_wconf 76' lang='grc' dir='ltr'>ὑμῶν</span> <span class='ocrx_word' id='word_1_205' title='bbox 407 2727 450 2758; x_wconf 67' lang='grc'><em>³³</em></span> <span class='ocrx_word' id='word_1_206' title='bbox 488 2728 675 2798; x_wconf 83' lang='grc' dir='ltr'>’έτερόν</span> <span class='ocrx_word' id='word_1_207' title='bbox 715 2746 765 2780; x_wconf 87' lang='grc' dir='ltr'><strong>τι</strong></span> <span class='ocrx_word' id='word_1_208' title='bbox 821 2728 1145 2796; x_wconf 78' lang='grc' dir='ltr'>ὲγκαλείτω,</span> <span class='ocrx_word' id='word_1_209' title='bbox 1195 2729 1332 2783; x_wconf 74' lang='grc' dir='ltr'>ἀλλὰ</span> <span class='ocrx_word' id='word_1_210' title='bbox 1383 2733 1474 2784; x_wconf 63' lang='grc' dir='ltr'><strong>καὶ⁸</strong></span> <span class='ocrx_word' id='word_1_211' title='bbox 1509 2735 1672 2804; x_wconf 83' lang='grc' dir='ltr'>τιμὴν</span> <span class='ocrx_word' id='word_1_212' title='bbox 1709 2737 1804 2790; x_wconf 73' lang='grc' dir='ltr'>καὶ</span> 
     </span>
    </p>
   </div>
   <div class='ocr_carea' id='block_1_28' title="bbox 211 2818 1804 2894">
    <p class='ocr_par' dir='ltr' id='par_1_28' title="bbox 211 2818 1804 2894">
     <span class='ocr_line' id='line_1_28' title="bbox 211 2818 1804 2894; baseline 0.006 -24"><span class='ocrx_word' id='word_1_213' title='bbox 211 2818 465 2887; x_wconf 81' lang='grc' dir='ltr'>ὑπακοὴν</span> <span class='ocrx_word' id='word_1_214' title='bbox 489 2820 670 2872; x_wconf 79' lang='grc' dir='ltr'>πᾶσαν</span> <span class='ocrx_word' id='word_1_215' title='bbox 704 2819 1103 2884; x_wconf 83' lang='grc' dir='ltr'>ὲπιδείκνυσθε,</span> <span class='ocrx_word' id='word_1_216' title='bbox 1129 2819 1258 2874; x_wconf 78' lang='grc' dir='ltr'>ἔνθα</span> <span class='ocrx_word' id='word_1_217' title='bbox 1292 2823 1365 2894; x_wconf 79' lang='grc' dir='ltr'><strong>μὴ</strong></span> <span class='ocrx_word' id='word_1_218' title='bbox 1396 2825 1428 2894; x_wconf 89' lang='grc' dir='ltr'><strong>ἡ</strong></span> <span class='ocrx_word' id='word_1_219' title='bbox 1459 2825 1638 2888; x_wconf 68' lang='grc' dir='ltr'>πίστις</span> <span class='ocrx_word' id='word_1_220' title='bbox 1670 2826 1804 2894; x_wconf 78' lang='grc' dir='ltr'>βλά-</span> 
     </span>
    </p>
   </div>
   <div class='ocr_carea' id='block_1_29' title="bbox 208 2911 1798 2986">
    <p class='ocr_par' dir='ltr' id='par_1_29' title="bbox 208 2911 1798 2986">
     <span class='ocr_line' id='line_1_29' title="bbox 208 2911 1798 2986; baseline 0.006 -25"><span class='ocrx_word' id='word_1_221' title='bbox 208 2926 442 2980; x_wconf 77' lang='grc' dir='ltr'>πτηται,</span> <span class='ocrx_word' id='word_1_222' title='bbox 475 2912 568 2964; x_wconf 76' lang='grc' dir='ltr'>καὶ</span> <span class='ocrx_word' id='word_1_223' title='bbox 596 2913 923 2983; x_wconf 75' lang='grc' dir='ltr'>περιστεραὶ</span> <span class='ocrx_word' id='word_1_224' title='bbox 954 2911 1194 2979; x_wconf 79' lang='grc' dir='ltr'>γίνεσθε.</span> <span class='ocrx_word' id='word_1_225' title='bbox 1224 2912 1395 2967; x_wconf 82' lang='grc' dir='ltr'>Τοῦτο</span> <span class='ocrx_word' id='word_1_226' title='bbox 1432 2917 1542 2982; x_wconf 66' lang='grc' dir='ltr'><strong>γὰο</strong></span> <span class='ocrx_word' id='word_1_227' title='bbox 1585 2915 1798 2986; x_wconf 73' lang='grc' dir='ltr'>σοφίας,</span> 
     </span>
    </p>
   </div>
   <div class='ocr_carea' id='block_1_30' title="bbox 205 3000 1799 3081">
    <p class='ocr_par' dir='ltr' id='par_1_30' title="bbox 205 3000 1799 3081">
     <span class='ocr_line' id='line_1_30' title="bbox 205 3000 1799 3081; baseline 0.007 -29"><span class='ocrx_word' id='word_1_228' title='bbox 205 3000 334 3071; x_wconf 71' lang='grc' dir='ltr'>ἤτοι</span> <span class='ocrx_word' id='word_1_229' title='bbox 377 3003 714 3073; x_wconf 72' lang='grc' dir='ltr'>φρονήσεως,</span> <span class='ocrx_word' id='word_1_230' title='bbox 762 3003 822 3056; x_wconf 82' lang='grc' dir='ltr'><strong>τὸ</strong></span> <span class='ocrx_word' id='word_1_231' title='bbox 871 3005 1060 3074; x_wconf 87' lang='grc' dir='ltr'>τηρεῖν</span> <span class='ocrx_word' id='word_1_232' title='bbox 1100 3005 1327 3070; x_wconf 78' lang='grc' dir='ltr'>ἑαυτοὺς</span> <span class='ocrx_word' id='word_1_233' title='bbox 1373 3009 1799 3081; x_wconf 72' lang='grc' dir='ltr'>ἀνεπιλήπτους,</span> 
     </span>
    </p>
   </div>
   <div class='ocr_carea' id='block_1_31' title="bbox 210 3093 850 3167">
    <p class='ocr_par' dir='ltr' id='par_1_31' title="bbox 210 3093 850 3167">
     <span class='ocr_line' id='line_1_31' title="bbox 210 3093 850 3167; baseline 0.009 -22"><span class='ocrx_word' id='word_1_234' title='bbox 210 3093 420 3164; x_wconf 78' lang='grc' dir='ltr'><strong>μηδένα</strong></span> <span class='ocrx_word' id='word_1_235' title='bbox 454 3097 850 3167; x_wconf 79' lang='grc' dir='ltr'>ἀμυνομένους.</span> 
     </span>
    </p>
   </div>
   <div class='ocr_carea' id='block_1_32' title="bbox 291 3269 1872 3353">
    <p class='ocr_par' dir='ltr' id='par_1_32' title="bbox 291 3269 1872 3353">
     <span class='ocr_line' id='line_1_32' title="bbox 291 3269 1872 3353; baseline 0.02 -41"><span class='ocrx_word' id='word_1_236' title='bbox 291 3290 310 3323; x_wconf 73' lang='grc' dir='ltr'>σ</span> <span class='ocrx_word' id='word_1_237' title='bbox 368 3271 860 3345; x_wconf 75' lang='grc' dir='ltr'>Ἐξαγοραςόμενοι</span> <span class='ocrx_word' id='word_1_238' title='bbox 919 3281 1012 3332; x_wconf 78' lang='grc' dir='ltr'>τὸν</span> <span class='ocrx_word' id='word_1_239' title='bbox 1056 3282 1267 3352; x_wconf 83' lang='grc' dir='ltr'>καιρόν.</span> <span class='ocrx_word' id='word_1_240' title='bbox 1325 3301 1343 3334; x_wconf 81' lang='grc'><strong>›</strong></span> <span class='ocrx_word' id='word_1_241' title='bbox 1393 3284 1466 3337; x_wconf 84' lang='grc' dir='ltr'>Ού</span> <span class='ocrx_word' id='word_1_242' title='bbox 1520 3285 1799 3353; x_wconf 76' lang='grc' dir='ltr'>ποικίλους</span> <span class='ocrx_word' id='word_1_243' title='bbox 1831 3269 1872 3326; x_wconf 78' lang='lat' dir='ltr'><strong><em>C</em></strong></span> 
     </span>
    </p>
   </div>
   <div class='ocr_carea' id='block_1_33' title="bbox 203 3361 1796 3445">
    <p class='ocr_par' dir='ltr' id='par_1_33' title="bbox 203 3361 1796 3445">
     <span class='ocr_line' id='line_1_33' title="bbox 203 3361 1796 3445; baseline 0.013 -31"><span class='ocrx_word' id='word_1_244' title='bbox 203 3364 362 3431; x_wconf 81' lang='grc' dir='ltr'>ἡμᾶς</span> <span class='ocrx_word' id='word_1_245' title='bbox 396 3361 534 3418; x_wconf 81' lang='grc' dir='ltr'>εἶναι</span> <span class='ocrx_word' id='word_1_246' title='bbox 565 3366 828 3430; x_wconf 80' lang='grc' dir='ltr'>διδάσκει,</span> <span class='ocrx_word' id='word_1_247' title='bbox 873 3371 989 3424; x_wconf 85' lang='grc' dir='ltr'>ἀλλ’</span> <span class='ocrx_word' id='word_1_248' title='bbox 1019 3372 1228 3442; x_wconf 72' lang='grc' dir='ltr'>ἐπειδὴ,</span> <span class='ocrx_word' id='word_1_249' title='bbox 1268 3376 1452 3445; x_wconf 74' lang='grc' dir='ltr'>φησὶν.</span> <span class='ocrx_word' id='word_1_250' title='bbox 1503 3379 1602 3431; x_wconf 86' lang='grc' dir='ltr'><strong>ούκ</strong></span> <span class='ocrx_word' id='word_1_251' title='bbox 1650 3381 1796 3434; x_wconf 83' lang='grc' dir='ltr'>ἔστιν</span> 
     </span>
    </p>
   </div>
   <div class='ocr_carea' id='block_1_34' title="bbox 204 3456 1794 3543">
    <p class='ocr_par' dir='ltr' id='par_1_34' title="bbox 204 3456 1794 3543">
     <span class='ocr_line' id='line_1_34' title="bbox 204 3456 1794 3543; baseline 0.011 -35"><span class='ocrx_word' id='word_1_252' title='bbox 204 3456 518 3528; x_wconf 69' lang='grc' dir='ltr'>ὒμέτεροςὸ</span> <span class='ocrx_word' id='word_1_253' title='bbox 547 3460 756 3530; x_wconf 70' lang='grc' dir='ltr'>καιρὸς,</span> <span class='ocrx_word' id='word_1_254' title='bbox 793 3463 928 3516; x_wconf 83' lang='grc' dir='ltr'><strong>ἀλλά</strong></span> <span class='ocrx_word' id='word_1_255' title='bbox 962 3465 1217 3534; x_wconf 82' lang='grc' dir='ltr'>πάροικοί</span> <span class='ocrx_word' id='word_1_256' title='bbox 1255 3470 1400 3532; x_wconf 85' lang='grc' dir='ltr'>ἐστε,</span> <span class='ocrx_word' id='word_1_257' title='bbox 1427 3471 1519 3523; x_wconf 79' lang='grc' dir='ltr'><strong>καὶ</strong></span> <span class='ocrx_word' id='word_1_258' title='bbox 1552 3476 1794 3543; x_wconf 86' lang='grc' dir='ltr'>παρεπί-</span> 
     </span>
    </p>
   </div>
   <div class='ocr_carea' id='block_1_35' title="bbox 197 3546 1789 3629">
    <p class='ocr_par' dir='ltr' id='par_1_35' title="bbox 197 3546 1789 3629">
     <span class='ocr_line' id='line_1_35' title="bbox 197 3546 1789 3629; baseline 0.012 -31"><span class='ocrx_word' id='word_1_259' title='bbox 197 3546 390 3616; x_wconf 78' lang='grc' dir='ltr'>δημοι,</span> <span class='ocrx_word' id='word_1_260' title='bbox 424 3549 520 3602; x_wconf 72' lang='grc' dir='ltr'><strong>καὶ</strong></span> <span class='ocrx_word' id='word_1_261' title='bbox 564 3550 856 3621; x_wconf 78' lang='grc' dir='ltr'>ἀλλότριοι,</span> <span class='ocrx_word' id='word_1_262' title='bbox 898 3553 972 3624; x_wconf 81' lang='grc' dir='ltr'>μὴ</span> <span class='ocrx_word' id='word_1_263' title='bbox 1016 3555 1229 3622; x_wconf 76' lang='grc' dir='ltr'>ζητεῖτε</span> <span class='ocrx_word' id='word_1_264' title='bbox 1264 3559 1431 3629; x_wconf 75' lang='grc' dir='ltr'>τιμὴν</span> <span class='ocrx_word' id='word_1_265' title='bbox 1471 3561 1563 3613; x_wconf 78' lang='grc' dir='ltr'>καὶ</span> <span class='ocrx_word' id='word_1_266' title='bbox 1612 3563 1789 3628; x_wconf 75' lang='grc' dir='ltr'>δόξαν,</span> 
     </span>
    </p>
   </div>
   <div class='ocr_carea' id='block_1_36' title="bbox 204 3639 1788 3727">
    <p class='ocr_par' dir='ltr' id='par_1_36' title="bbox 204 3639 1788 3727">
     <span class='ocr_line' id='line_1_36' title="bbox 204 3639 1788 3727; baseline 0.015 -38"><span class='ocrx_word' id='word_1_267' title='bbox 204 3639 346 3709; x_wconf 82' lang='grc' dir='ltr'>μηδὲ</span> <span class='ocrx_word' id='word_1_268' title='bbox 385 3641 683 3712; x_wconf 82' lang='grc' dir='ltr'>ἐκδίκησιν,</span> <span class='ocrx_word' id='word_1_269' title='bbox 713 3646 849 3698; x_wconf 79' lang='grc' dir='ltr'><strong>ἀλλὰ</strong></span> <span class='ocrx_word' id='word_1_270' title='bbox 887 3647 1065 3700; x_wconf 79' lang='grc' dir='ltr'>πάντα</span> <span class='ocrx_word' id='word_1_271' title='bbox 1108 3649 1322 3719; x_wconf 81' lang='grc' dir='ltr'>φέρετε,</span> <span class='ocrx_word' id='word_1_272' title='bbox 1358 3654 1462 3705; x_wconf 79' lang='grc' dir='ltr'><strong>κάν</strong></span> <span class='ocrx_word' id='word_1_273' title='bbox 1489 3655 1663 3727; x_wconf 82' lang='grc' dir='ltr'>τούτῳ</span> <span class='ocrx_word' id='word_1_274' title='bbox 1697 3659 1788 3713; x_wconf 79' lang='grc' dir='ltr'>τὸν</span> 
     </span>
    </p>
   </div>
   <div class='ocr_carea' id='block_1_37' title="bbox 198 3730 1788 3804">
    <p class='ocr_par' dir='ltr' id='par_1_37' title="bbox 198 3730 1788 3804">
     <span class='ocr_line' id='line_1_37' title="bbox 198 3730 1788 3804; baseline 0.014 -22"><span class='ocrx_word' id='word_1_275' title='bbox 198 3730 398 3799; x_wconf 81' lang='grc' dir='ltr'>καιρὸν</span> <span class='ocrx_word' id='word_1_276' title='bbox 435 3732 800 3803; x_wconf 72' lang='grc' dir='ltr'>ὲξαγοράζετε</span> <span class='ocrx_word' id='word_1_277' title='bbox 823 3752 837 3766; x_wconf 86' lang='grc'><strong>·</strong></span> <span class='ocrx_word' id='word_1_278' title='bbox 865 3737 1042 3791; x_wconf 86' lang='grc' dir='ltr'>πάντα</span> <span class='ocrx_word' id='word_1_279' title='bbox 1065 3741 1362 3795; x_wconf 76' lang='grc' dir='ltr'>κατάθεσθε</span> <span class='ocrx_word' id='word_1_280' title='bbox 1397 3744 1492 3798; x_wconf 80' lang='grc' dir='ltr'>ὅσα</span> <span class='ocrx_word' id='word_1_281' title='bbox 1523 3745 1589 3800; x_wconf 81' lang='grc' dir='ltr'><strong>ἂν</strong></span> <span class='ocrx_word' id='word_1_282' title='bbox 1619 3748 1788 3804; x_wconf 78' lang='grc' dir='ltr'><strong>θέλωο</strong></span> 
     </span>
    </p>
   </div>
   <div class='ocr_carea' id='block_1_38' title="bbox 197 3823 1784 3902">
    <p class='ocr_par' dir='ltr' id='par_1_38' title="bbox 197 3823 1784 3902">
     <span class='ocr_line' id='line_1_38' title="bbox 197 3823 1784 3902; baseline 0.014 -29"><span class='ocrx_word' id='word_1_283' title='bbox 197 3838 306 3874; x_wconf 87' lang='grc' dir='ltr'>σιν.</span> <span class='ocrx_word' id='word_1_284' title='bbox 336 3823 542 3896; x_wconf 80' lang='grc' dir='ltr'>Ὠσπερ</span> <span class='ocrx_word' id='word_1_285' title='bbox 566 3827 618 3879; x_wconf 79' lang='grc' dir='ltr'><strong>εί</strong></span> <span class='ocrx_word' id='word_1_286' title='bbox 642 3845 722 3889; x_wconf 84' lang='grc' dir='ltr'><strong>τις</strong></span> <span class='ocrx_word' id='word_1_287' title='bbox 745 3829 1017 3897; x_wconf 86' lang='grc' dir='ltr'>πλούσιος,</span> <span class='ocrx_word' id='word_1_288' title='bbox 1039 3832 1181 3902; x_wconf 81' lang='grc' dir='ltr'>δρῶν</span> <span class='ocrx_word' id='word_1_289' title='bbox 1204 3852 1353 3898; x_wconf 86' lang='grc' dir='ltr'>τινας</span> <span class='ocrx_word' id='word_1_290' title='bbox 1371 3838 1620 3902; x_wconf 78' lang='grc' dir='ltr'>ἐπιόντας</span> <span class='ocrx_word' id='word_1_291' title='bbox 1644 3840 1784 3897; x_wconf 84' lang='grc' dir='ltr'>ὥστε</span> 
     </span>
    </p>
   </div>
   <div class='ocr_carea' id='block_1_39' title="bbox 196 3912 1778 3990">
    <p class='ocr_par' dir='ltr' id='par_1_39' title="bbox 196 3912 1778 3990">
     <span class='ocr_line' id='line_1_39' title="bbox 196 3912 1778 3990; baseline 0.016 -26"><span class='ocrx_word' id='word_1_292' title='bbox 196 3912 366 3965; x_wconf 75' lang='grc' dir='ltr'>αὐτὸν</span> <span class='ocrx_word' id='word_1_293' title='bbox 406 3917 635 3979; x_wconf 83' lang='grc' dir='ltr'>ἀνελεῖν,</span> <span class='ocrx_word' id='word_1_294' title='bbox 676 3919 847 3972; x_wconf 79' lang='grc' dir='ltr'>πάντα</span> <span class='ocrx_word' id='word_1_295' title='bbox 883 3921 1044 3976; x_wconf 83' lang='grc' dir='ltr'>δώσει</span> <span class='ocrx_word' id='word_1_296' title='bbox 1083 3925 1178 3976; x_wconf 78' lang='grc' dir='ltr'>καὶ</span> <span class='ocrx_word' id='word_1_297' title='bbox 1228 3925 1491 3990; x_wconf 78' lang='grc' dir='ltr'>ἐξελεῖται</span> <span class='ocrx_word' id='word_1_298' title='bbox 1550 3932 1778 3990; x_wconf 58' lang='grc' dir='ltr'>ἑαυτόν</span> 
     </span>
    </p>
   </div>
   <div class='ocr_carea' id='block_1_40' title="bbox 195 4003 1783 4088">
    <p class='ocr_par' dir='ltr' id='par_1_40' title="bbox 195 4003 1783 4088">
     <span class='ocr_line' id='line_1_40' title="bbox 195 4003 1783 4088; baseline 0.016 -35"><span class='ocrx_word' id='word_1_299' title='bbox 195 4003 344 4055; x_wconf 70' lang='grc' dir='ltr'>οὕτω</span> <span class='ocrx_word' id='word_1_300' title='bbox 377 4005 468 4058; x_wconf 67' lang='grc' dir='ltr'><strong>καῖ⁵</strong></span> <span class='ocrx_word' id='word_1_301' title='bbox 500 4007 656 4076; x_wconf 81' lang='grc' dir='ltr'>ὑμεῖς</span> <span class='ocrx_word' id='word_1_302' title='bbox 690 4011 863 4064; x_wconf 80' lang='grc' dir='ltr'>πάντα</span> <span class='ocrx_word' id='word_1_303' title='bbox 893 4009 1033 4075; x_wconf 74' lang='grc' dir='ltr'>δότε,</span> <span class='ocrx_word' id='word_1_304' title='bbox 1066 4015 1140 4078; x_wconf 83' lang='grc' dir='ltr'>ὡς</span> <span class='ocrx_word' id='word_1_305' title='bbox 1168 4015 1228 4068; x_wconf 78' lang='grc' dir='ltr'>τὸ</span> <span class='ocrx_word' id='word_1_306' title='bbox 1258 4019 1551 4088; x_wconf 72' lang='grc' dir='ltr'>κεφάλαιον</span> <span class='ocrx_word' id='word_1_307' title='bbox 1580 4024 1783 4078; x_wconf 84' lang='grc' dir='ltr'>διασώ-</span> 
     </span>
    </p>
   </div>
   <div class='ocr_carea' id='block_1_41' title="bbox 199 4095 957 4170">
    <p class='ocr_par' dir='ltr' id='par_1_41' title="bbox 199 4095 957 4170">
     <span class='ocr_line' id='line_1_41' title="bbox 199 4095 957 4170; baseline 0.013 -23"><span class='ocrx_word' id='word_1_308' title='bbox 199 4095 422 4156; x_wconf 81' lang='grc' dir='ltr'>σασθαι,</span> <span class='ocrx_word' id='word_1_309' title='bbox 453 4099 551 4168; x_wconf 79' lang='grc' dir='ltr'>τὴν</span> <span class='ocrx_word' id='word_1_310' title='bbox 586 4100 767 4154; x_wconf 86' lang='grc' dir='ltr'>πίστιν</span> <span class='ocrx_word' id='word_1_311' title='bbox 795 4103 957 4170; x_wconf 80' lang='grc' dir='ltr'>λέγω.</span> 
     </span>
    </p>
   </div>
   <div class='ocr_carea' id='block_1_42' title="bbox 277 4185 1778 4271">
    <p class='ocr_par' dir='ltr' id='par_1_42' title="bbox 277 4185 1778 4271">
     <span class='ocr_line' id='line_1_42' title="bbox 277 4185 1778 4271; baseline 0.017 -36"><span class='ocrx_word' id='word_1_312' title='bbox 277 4202 296 4235; x_wconf 72' lang='grc' dir='ltr'><strong>ι</strong></span> <span class='ocrx_word' id='word_1_313' title='bbox 334 4185 456 4238; x_wconf 82' lang='grc' dir='ltr'>Ὅτι</span> <span class='ocrx_word' id='word_1_314' title='bbox 488 4189 542 4240; x_wconf 75' lang='lat' dir='ltr'><strong>ai</strong></span> <span class='ocrx_word' id='word_1_315' title='bbox 583 4188 788 4260; x_wconf 79' lang='grc' dir='ltr'>ἡμέραι</span> <span class='ocrx_word' id='word_1_316' title='bbox 831 4194 1068 4263; x_wconf 80' lang='grc' dir='ltr'>πονηραί</span> <span class='ocrx_word' id='word_1_317' title='bbox 1104 4197 1261 4252; x_wconf 88' lang='grc' dir='ltr'>είσιν.</span> <span class='ocrx_word' id='word_1_318' title='bbox 1300 4216 1318 4250; x_wconf 72' lang='grc' dir='ltr'><strong>ι</strong></span> <span class='ocrx_word' id='word_1_319' title='bbox 1353 4199 1426 4251; x_wconf 82' lang='grc' dir='ltr'>Ού</span> <span class='ocrx_word' id='word_1_320' title='bbox 1465 4200 1564 4271; x_wconf 79' lang='grc' dir='ltr'><strong>τὴν</strong></span> <span class='ocrx_word' id='word_1_321' title='bbox 1589 4203 1778 4260; x_wconf 81' lang='grc' dir='ltr'>οὐσίαν</span> 
     </span>
    </p>
   </div>
   <div class='ocr_carea' id='block_1_43' title="bbox 193 4277 1776 4364">
    <p class='ocr_par' dir='ltr' id='par_1_43' title="bbox 193 4277 1776 4364">
     <span class='ocr_line' id='line_1_43' title="bbox 193 4277 1776 4364; baseline 0.013 -34"><span class='ocrx_word' id='word_1_322' title='bbox 193 4277 306 4330; x_wconf 81' lang='grc' dir='ltr'>τῖν</span> <span class='ocrx_word' id='word_1_323' title='bbox 336 4281 557 4347; x_wconf 78' lang='grc' dir='ltr'>ἡμερῶν</span> <span class='ocrx_word' id='word_1_324' title='bbox 601 4282 909 4336; x_wconf 79' lang='grc' dir='ltr'>διαὸἀλλει·</span> <span class='ocrx_word' id='word_1_325' title='bbox 965 4286 1122 4339; x_wconf 82' lang='grc' dir='ltr'>οὐσία</span> <span class='ocrx_word' id='word_1_326' title='bbox 1175 4292 1284 4360; x_wconf 79' lang='grc' dir='ltr'>γὰρ</span> <span class='ocrx_word' id='word_1_327' title='bbox 1314 4292 1530 4362; x_wconf 83' lang='grc' dir='ltr'>ἡμέρας</span> <span class='ocrx_word' id='word_1_328' title='bbox 1574 4296 1632 4348; x_wconf 81' lang='grc' dir='ltr'><strong>τὸ</strong></span> <span class='ocrx_word' id='word_1_329' title='bbox 1659 4294 1776 4364; x_wconf 86' lang='grc' dir='ltr'><strong>φῶς</strong></span> 
     </span>
    </p>
   </div>
   <div class='ocr_carea' id='block_1_44' title="bbox 189 4368 1771 4458">
    <p class='ocr_par' dir='ltr' id='par_1_44' title="bbox 189 4368 1771 4458">
     <span class='ocr_line' id='line_1_44' title="bbox 189 4368 1771 4458; baseline 0.015 -39"><span class='ocrx_word' id='word_1_330' title='bbox 189 4368 379 4439; x_wconf 73' lang='grc' dir='ltr'>τυχὸν,</span> <span class='ocrx_word' id='word_1_331' title='bbox 428 4373 522 4424; x_wconf 70' lang='grc' dir='ltr'><strong>καὶ</strong></span> <span class='ocrx_word' id='word_1_332' title='bbox 553 4374 608 4425; x_wconf 81' lang='grc' dir='ltr'>αἱ</span> <span class='ocrx_word' id='word_1_333' title='bbox 671 4368 843 4443; x_wconf 80' lang='grc' dir='ltr'>ὧραι·</span> <span class='ocrx_word' id='word_1_334' title='bbox 886 4377 968 4440; x_wconf 88' lang='grc' dir='ltr'><strong>τίς</strong></span> <span class='ocrx_word' id='word_1_335' title='bbox 1000 4374 1096 4432; x_wconf 78' lang='grc' dir='ltr'><strong>οὖν</strong></span> <span class='ocrx_word' id='word_1_336' title='bbox 1143 4383 1375 4451; x_wconf 84' lang='grc' dir='ltr'>πονηρία</span> <span class='ocrx_word' id='word_1_337' title='bbox 1423 4387 1481 4438; x_wconf 85' lang='grc' dir='ltr'>ὲν</span> <span class='ocrx_word' id='word_1_338' title='bbox 1523 4386 1771 4458; x_wconf 87' lang='grc' dir='ltr'>τούτοις;</span> 
     </span>
    </p>
   </div>
   <div class='ocr_carea' id='block_1_45' title="bbox 189 4460 1772 4552">
    <p class='ocr_par' dir='ltr' id='par_1_45' title="bbox 189 4460 1772 4552">
     <span class='ocr_line' id='line_1_45' title="bbox 189 4460 1772 4552; baseline 0.014 -40"><span class='ocrx_word' id='word_1_339' title='bbox 189 4460 332 4512; x_wconf 84' lang='grc' dir='ltr'><strong>ἀλλά</strong></span> <span class='ocrx_word' id='word_1_340' title='bbox 360 4461 448 4514; x_wconf 75' lang='grc' dir='ltr'>διὰ</span> <span class='ocrx_word' id='word_1_341' title='bbox 475 4463 544 4516; x_wconf 74' lang='grc' dir='ltr'>τὰ</span> <span class='ocrx_word' id='word_1_342' title='bbox 591 4468 650 4518; x_wconf 84' lang='grc' dir='ltr'>ὲν</span> <span class='ocrx_word' id='word_1_343' title='bbox 686 4469 807 4530; x_wconf 77' lang='grc' dir='ltr'>ταῖς</span> <span class='ocrx_word' id='word_1_344' title='bbox 841 4471 1079 4540; x_wconf 78' lang='grc' dir='ltr'>ἡμέραις</span> <span class='ocrx_word' id='word_1_345' title='bbox 1109 4472 1385 4543; x_wconf 73' lang='grc' dir='ltr'>γινόμενα,</span> <span class='ocrx_word' id='word_1_346' title='bbox 1427 4476 1526 4541; x_wconf 79' lang='grc' dir='ltr'>τὰς</span> <span class='ocrx_word' id='word_1_347' title='bbox 1560 4481 1772 4552; x_wconf 83' lang='grc' dir='ltr'>ἡμέρας</span> 
     </span>
    </p>
   </div>
   <div class='ocr_carea' id='block_1_46' title="bbox 187 4553 1768 4644">
    <p class='ocr_par' dir='ltr' id='par_1_46' title="bbox 187 4553 1768 4644">
     <span class='ocr_line' id='line_1_46' title="bbox 187 4553 1768 4644; baseline 0.011 -38"><span class='ocrx_word' id='word_1_348' title='bbox 187 4553 341 4606; x_wconf 85' lang='grc' dir='ltr'>δοκεῖ</span> <span class='ocrx_word' id='word_1_349' title='bbox 369 4555 676 4609; x_wconf 77' lang='grc' dir='ltr'>διαόἀλλειν</span> <span class='ocrx_word' id='word_1_350' title='bbox 697 4575 710 4588; x_wconf 87' lang='grc'><strong>·</strong></span> <span class='ocrx_word' id='word_1_351' title='bbox 746 4559 995 4632; x_wconf 79' lang='grc' dir='ltr'>καθάπερ</span> <span class='ocrx_word' id='word_1_352' title='bbox 1022 4563 1292 4634; x_wconf 80' lang='grc' dir='ltr'>εἰώθαμεν</span> <span class='ocrx_word' id='word_1_353' title='bbox 1325 4565 1503 4635; x_wconf 82' lang='grc' dir='ltr'>λέγειν</span> <span class='ocrx_word' id='word_1_354' title='bbox 1525 4587 1539 4602; x_wconf 77' lang='grc' dir='ltr'><strong><em>ο</em></strong></span> <span class='ocrx_word' id='word_1_355' title='bbox 1573 4573 1768 4644; x_wconf 78' lang='grc' dir='ltr'>Κακὴν</span> 
     </span>
    </p>
   </div>
   <div class='ocr_carea' id='block_1_47' title="bbox 1935 623 3516 700">
    <p class='ocr_par' dir='ltr' id='par_1_47' title="bbox 1935 623 3516 700">
     <span class='ocr_line' id='line_1_47' title="bbox 1935 623 3516 700; baseline 0.015 -32"><span class='ocrx_word' id='word_1_356' title='bbox 1935 625 2200 679; x_wconf 60' lang='lat' dir='ltr'><strong>mortuus,</strong></span> <span class='ocrx_word' id='word_1_357' title='bbox 2244 628 2293 668; x_wconf 77' lang='lat' dir='ltr'><strong>et</strong></span> <span class='ocrx_word' id='word_1_358' title='bbox 2348 633 2546 670; x_wconf 75' lang='lat' dir='ltr'><strong>vat-:ms</strong></span> <span class='ocrx_word' id='word_1_359' title='bbox 2579 623 2800 684; x_wconf 70' lang='lat' dir='ltr'><strong>perinde</strong></span> <span class='ocrx_word' id='word_1_360' title='bbox 2853 629 3090 692; x_wconf 77' lang='lat' dir='ltr'><strong>actione,</strong></span> <span class='ocrx_word' id='word_1_361' title='bbox 3122 645 3184 685; x_wconf 92' lang='lat' dir='ltr'><strong>ac</strong></span> <span class='ocrx_word' id='word_1_362' title='bbox 3218 633 3516 700; x_wconf 86' lang='lat' dir='ltr'><strong>dormiens.</strong></span> 
     </span>
    </p>
   </div>
   <div class='ocr_carea' id='block_1_48' title="bbox 1934 709 3517 788">
    <p class='ocr_par' dir='ltr' id='par_1_48' title="bbox 1934 709 3517 788">
     <span class='ocr_line' id='line_1_48' title="bbox 1934 709 3517 788; baseline 0.015 -28"><span class='ocrx_word' id='word_1_363' title='bbox 1934 715 1986 761; x_wconf 87' lang='lat' dir='ltr'><strong>et</strong></span> <span class='ocrx_word' id='word_1_364' title='bbox 2007 709 2210 761; x_wconf 85' lang='lat' dir='ltr'><strong>somnia</strong></span> <span class='ocrx_word' id='word_1_365' title='bbox 2233 709 2395 775; x_wconf 79' lang='lat' dir='ltr'><strong>videt,</strong></span> <span class='ocrx_word' id='word_1_366' title='bbox 2417 720 2470 763; x_wconf 85' lang='lat' dir='ltr'><strong>et</strong></span> <span class='ocrx_word' id='word_1_367' title='bbox 2491 711 2814 780; x_wconf 79' lang='lat' dir='ltr'><strong>int.-ginatur</strong></span> <span class='ocrx_word' id='word_1_368' title='bbox 2836 733 2898 772; x_wconf 88' lang='lat' dir='ltr'><strong>ea</strong></span> <span class='ocrx_word' id='word_1_369' title='bbox 2923 736 3042 788; x_wconf 67' lang='lat' dir='ltr'><strong>qu.e</strong></span> <span class='ocrx_word' id='word_1_370' title='bbox 3067 736 3172 783; x_wconf 88' lang='lat' dir='ltr'><strong>non</strong></span> <span class='ocrx_word' id='word_1_371' title='bbox 3195 729 3517 783; x_wconf 81' lang='lat' dir='ltr'><strong>subsistunt.</strong></span> 
     </span>
    </p>
   </div>
   <div class='ocr_carea' id='block_1_49' title="bbox 1932 798 3514 883">
    <p class='ocr_par' dir='ltr' id='par_1_49' title="bbox 1932 798 3514 883">
     <span class='ocr_line' id='line_1_49' title="bbox 1932 798 3514 883; baseline 0.015 -31"><span class='ocrx_word' id='word_1_372' title='bbox 1932 798 2066 852; x_wconf 82' lang='lat' dir='ltr'><strong>Cum</strong></span> <span class='ocrx_word' id='word_1_373' title='bbox 2097 799 2258 868; x_wconf 60' lang='lat' dir='ltr'><strong>igitur</strong></span> <span class='ocrx_word' id='word_1_374' title='bbox 2281 803 2544 855; x_wconf 77' lang='lat' dir='ltr'><strong>excitatus</strong></span> <span class='ocrx_word' id='word_1_375' title='bbox 2575 802 2736 858; x_wconf 80' lang='lat' dir='ltr'><strong>fuerit</strong></span> <span class='ocrx_word' id='word_1_376' title='bbox 2763 809 3031 877; x_wconf 74' lang='lat' dir='ltr'><strong>quispiam</strong></span> <span class='ocrx_word' id='word_1_377' title='bbox 3066 828 3093 866; x_wconf 68' lang='grc' dir='ltr'><strong>τι</strong></span> <span class='ocrx_word' id='word_1_378' title='bbox 3125 830 3368 883; x_wconf 78' lang='lat' dir='ltr'><strong>peccato,</strong></span> <span class='ocrx_word' id='word_1_379' title='bbox 3403 829 3514 882; x_wconf 83' lang='lat' dir='ltr'><strong>tum</strong></span> 
     </span>
    </p>
   </div>
   <div class='ocr_carea' id='block_1_50' title="bbox 1932 890 3517 983">
    <p class='ocr_par' dir='ltr' id='par_1_50' title="bbox 1932 890 3517 983">
     <span class='ocr_line' id='line_1_50' title="bbox 1932 890 3517 983; baseline 0.015 -38"><span class='ocrx_word' id='word_1_380' title='bbox 1932 890 2209 945; x_wconf 86' lang='lat' dir='ltr'><strong>illuscetei</strong></span> <span class='ocrx_word' id='word_1_381' title='bbox 2229 891 2494 956; x_wconf 80' lang='lat' dir='ltr'><strong>Christus.</strong></span> <span class='ocrx_word' id='word_1_382' title='bbox 2523 895 2626 949; x_wconf 81' lang='lat' dir='ltr'><strong>hoc</strong></span> <span class='ocrx_word' id='word_1_383' title='bbox 2651 908 2757 963; x_wconf 85' lang='lat' dir='ltr'><strong>est,</strong></span> <span class='ocrx_word' id='word_1_384' title='bbox 2793 897 3037 968; x_wconf 78' lang='lat' dir='ltr'><strong>fulgebit,</strong></span> <span class='ocrx_word' id='word_1_385' title='bbox 3064 910 3202 962; x_wconf 89' lang='lat' dir='ltr'><strong>sicut</strong></span> <span class='ocrx_word' id='word_1_386' title='bbox 3229 913 3310 964; x_wconf 85' lang='lat' dir='ltr'><strong>sol</strong></span> <span class='ocrx_word' id='word_1_387' title='bbox 3341 914 3403 967; x_wconf 87' lang='lat' dir='ltr'><strong>iis</strong></span> <span class='ocrx_word' id='word_1_388' title='bbox 3425 917 3517 983; x_wconf 90' lang='lat' dir='ltr'><strong>qui</strong></span> 
     </span>
    </p>
   </div>
   <div class='ocr_carea' id='block_1_51' title="bbox 1931 987 3520 1072">
    <p class='ocr_par' dir='ltr' id='par_1_51' title="bbox 1931 987 3520 1072">
     <span class='ocr_line' id='line_1_51' title="bbox 1931 987 3520 1072; baseline 0.014 -34"><span class='ocrx_word' id='word_1_389' title='bbox 1931 998 2176 1038; x_wconf 84' lang='lat' dir='ltr'><strong>esomno</strong></span> <span class='ocrx_word' id='word_1_390' title='bbox 2213 994 2337 1038; x_wconf 91' lang='lat' dir='ltr'><strong>sunt</strong></span> <span class='ocrx_word' id='word_1_391' title='bbox 2370 987 2612 1042; x_wconf 76' lang='lat' dir='ltr'><strong>excitati.</strong></span> <span class='ocrx_word' id='word_1_392' title='bbox 2650 988 2940 1062; x_wconf 75' lang='lat' dir='ltr'><strong>TantiSper</strong></span> <span class='ocrx_word' id='word_1_393' title='bbox 2968 998 3114 1051; x_wconf 87' lang='lat' dir='ltr'><strong>enim</strong></span> <span class='ocrx_word' id='word_1_394' title='bbox 3146 1006 3270 1053; x_wconf 88' lang='lat' dir='ltr'><strong>dum</strong></span> <span class='ocrx_word' id='word_1_395' title='bbox 3310 1004 3360 1055; x_wconf 92' lang='lat' dir='ltr'><strong>in</strong></span> <span class='ocrx_word' id='word_1_396' title='bbox 3394 1020 3520 1072; x_wconf 81' lang='lat' dir='ltr'><strong>pec-</strong></span> 
     </span>
    </p>
   </div>
   <div class='ocr_carea' id='block_1_52' title="bbox 1930 1076 3518 1158">
    <p class='ocr_par' dir='ltr' id='par_1_52' title="bbox 1930 1076 3518 1158">
     <span class='ocr_line' id='line_1_52' title="bbox 1930 1076 3518 1158; baseline 0.014 -28"><span class='ocrx_word' id='word_1_397' title='bbox 1930 1076 2066 1130; x_wconf 90' lang='lat' dir='ltr'><strong>catis</strong></span> <span class='ocrx_word' id='word_1_398' title='bbox 2108 1086 2212 1141; x_wconf 88' lang='lat' dir='ltr'><strong>est,</strong></span> <span class='ocrx_word' id='word_1_399' title='bbox 2245 1078 2356 1130; x_wconf 90' lang='lat' dir='ltr'><strong>odit</strong></span> <span class='ocrx_word' id='word_1_400' title='bbox 2406 1080 2604 1143; x_wconf 83' lang='lat' dir='ltr'><strong>lucem,</strong></span> <span class='ocrx_word' id='word_1_401' title='bbox 2639 1096 2735 1137; x_wconf 92' lang='lat' dir='ltr'><strong>nec</strong></span> <span class='ocrx_word' id='word_1_402' title='bbox 2774 1087 2922 1139; x_wconf 76' lang='lat' dir='ltr'><strong>venit</strong></span> <span class='ocrx_word' id='word_1_403' title='bbox 2950 1091 3016 1140; x_wconf 88' lang='lat' dir='ltr'><strong>ad</strong></span> <span class='ocrx_word' id='word_1_404' title='bbox 3069 1091 3262 1158; x_wconf 87' lang='lat' dir='ltr'><strong>ipsam.</strong></span> <span class='ocrx_word' id='word_1_405' title='bbox 3302 1092 3415 1149; x_wconf 83' lang='lat' dir='ltr'><strong>Non</strong></span> <span class='ocrx_word' id='word_1_406' title='bbox 3451 1099 3518 1152; x_wconf 88' lang='lat' dir='ltr'><strong>de</strong></span> 
     </span>
    </p>
   </div>
   <div class='ocr_carea' id='block_1_53' title="bbox 1930 1164 3518 1241">
    <p class='ocr_par' dir='ltr' id='par_1_53' title="bbox 1930 1164 3518 1241">
     <span class='ocr_line' id='line_1_53' title="bbox 1930 1164 3518 1241; baseline 0.013 -22"><span class='ocrx_word' id='word_1_407' title='bbox 1930 1164 2236 1221; x_wconf 77' lang='lat' dir='ltr'><strong>infidelibus</strong></span> <span class='ocrx_word' id='word_1_408' title='bbox 2273 1174 2447 1222; x_wconf 86' lang='lat' dir='ltr'><strong>autem</strong></span> <span class='ocrx_word' id='word_1_409' title='bbox 2491 1171 2605 1226; x_wconf 84' lang='lat' dir='ltr'><strong>hec</strong></span> <span class='ocrx_word' id='word_1_410' title='bbox 2656 1181 2862 1226; x_wconf 89' lang='lat' dir='ltr'><strong>tantum</strong></span> <span class='ocrx_word' id='word_1_411' title='bbox 2923 1177 3079 1241; x_wconf 90' lang='lat' dir='ltr'><strong>dicit,</strong></span> <span class='ocrx_word' id='word_1_412' title='bbox 3134 1195 3320 1236; x_wconf 80' lang='lat' dir='ltr'><strong>verum</strong></span> <span class='ocrx_word' id='word_1_413' title='bbox 3364 1195 3417 1239; x_wconf 88' lang='lat' dir='ltr'><strong>et</strong></span> <span class='ocrx_word' id='word_1_414' title='bbox 3451 1187 3518 1241; x_wconf 85' lang='lat' dir='ltr'><strong>de</strong></span> 
     </span>
    </p>
   </div>
   <div class='ocr_carea' id='block_1_54' title="bbox 1930 1261 3514 1332">
    <p class='ocr_par' dir='ltr' id='par_1_54' title="bbox 1930 1261 3514 1332">
     <span class='ocr_line' id='line_1_54' title="bbox 1930 1261 3514 1332; baseline 0.011 -19"><span class='ocrx_word' id='word_1_415' title='bbox 1930 1261 2196 1317; x_wconf 82' lang='lat' dir='ltr'><strong>ﬁdelibus.</strong></span> <span class='ocrx_word' id='word_1_416' title='bbox 2235 1261 2486 1317; x_wconf 73' lang='lat' dir='ltr'><strong>inveniris</strong></span> <span class='ocrx_word' id='word_1_417' title='bbox 2514 1274 2691 1320; x_wconf 67' lang='lat' dir='ltr'><strong>autem</strong></span> <span class='ocrx_word' id='word_1_418' title='bbox 2720 1268 3013 1326; x_wconf 76' lang='lat' dir='ltr'><strong>discriuen</strong></span> <span class='ocrx_word' id='word_1_419' title='bbox 3060 1274 3203 1329; x_wconf 85' lang='lat' dir='ltr'><strong>inter</strong></span> <span class='ocrx_word' id='word_1_420' title='bbox 3232 1278 3514 1332; x_wconf 87' lang='lat' dir='ltr'><strong>dormien-</strong></span> 
     </span>
    </p>
   </div>
   <div class='ocr_carea' id='block_1_55' title="bbox 1937 1356 3516 1438">
    <p class='ocr_par' dir='ltr' id='par_1_55' title="bbox 1937 1356 3516 1438">
     <span class='ocr_line' id='line_1_55' title="bbox 1937 1356 3516 1438; baseline 0.013 -33"><span class='ocrx_word' id='word_1_421' title='bbox 1937 1361 2043 1406; x_wconf 90' lang='lat' dir='ltr'><strong>tem</strong></span> <span class='ocrx_word' id='word_1_422' title='bbox 2075 1365 2127 1406; x_wconf 89' lang='lat' dir='ltr'><strong>et</strong></span> <span class='ocrx_word' id='word_1_423' title='bbox 2159 1363 2452 1409; x_wconf 88' lang='lat' dir='ltr'><strong>mortuum.</strong></span> <span class='ocrx_word' id='word_1_424' title='bbox 2488 1356 2736 1427; x_wconf 70' lang='lat' dir='ltr'><strong>l&quot;l«-rique</strong></span> <span class='ocrx_word' id='word_1_425' title='bbox 2767 1362 2911 1415; x_wconf 91' lang='lat' dir='ltr'><strong>enim</strong></span> <span class='ocrx_word' id='word_1_426' title='bbox 2942 1365 3031 1432; x_wconf 86' lang='lat' dir='ltr'><strong>qui</strong></span> <span class='ocrx_word' id='word_1_427' title='bbox 3065 1366 3264 1422; x_wconf 89' lang='lat' dir='ltr'><strong>malum</strong></span> <span class='ocrx_word' id='word_1_428' title='bbox 3295 1371 3516 1438; x_wconf 73' lang='lat' dir='ltr'><strong>quidem</strong></span> 
     </span>
    </p>
   </div>
   <div class='ocr_carea' id='block_1_56' title="bbox 1925 1451 3516 1524">
    <p class='ocr_par' dir='ltr' id='par_1_56' title="bbox 1925 1451 3516 1524">
     <span class='ocr_line' id='line_1_56' title="bbox 1925 1451 3516 1524; baseline 0.014 -30"><span class='ocrx_word' id='word_1_429' title='bbox 1925 1451 2160 1513; x_wconf 87' lang='lat' dir='ltr'><strong>patrant,</strong></span> <span class='ocrx_word' id='word_1_430' title='bbox 2225 1455 2495 1515; x_wconf 89' lang='lat' dir='ltr'><strong>patratum</strong></span> <span class='ocrx_word' id='word_1_431' title='bbox 2544 1458 2720 1504; x_wconf 87' lang='lat' dir='ltr'><strong>autem</strong></span> <span class='ocrx_word' id='word_1_432' title='bbox 2785 1467 2894 1506; x_wconf 90' lang='lat' dir='ltr'><strong>non</strong></span> <span class='ocrx_word' id='word_1_433' title='bbox 2945 1457 3317 1524; x_wconf 82' lang='lat' dir='ltr'><strong>comprobant,</strong></span> <span class='ocrx_word' id='word_1_434' title='bbox 3388 1463 3516 1516; x_wconf 85' lang='lat' dir='ltr'><strong>dor-</strong></span> 
     </span>
    </p>
   </div>
   <div class='ocr_carea' id='block_1_57' title="bbox 1926 1535 3514 1609">
    <p class='ocr_par' dir='ltr' id='par_1_57' title="bbox 1926 1535 3514 1609">
     <span class='ocr_line' id='line_1_57' title="bbox 1926 1535 3514 1609; baseline 0.011 -19"><span class='ocrx_word' id='word_1_435' title='bbox 1926 1535 2156 1592; x_wconf 87' lang='lat' dir='ltr'><strong>mientes</strong></span> <span class='ocrx_word' id='word_1_436' title='bbox 2189 1538 2292 1594; x_wconf 91' lang='lat' dir='ltr'><strong>dici</strong></span> <span class='ocrx_word' id='word_1_437' title='bbox 2328 1539 2552 1607; x_wconf 86' lang='lat' dir='ltr'><strong>possint,</strong></span> <span class='ocrx_word' id='word_1_438' title='bbox 2580 1541 2671 1609; x_wconf 90' lang='lat' dir='ltr'><strong>qui</strong></span> <span class='ocrx_word' id='word_1_439' title='bbox 2695 1552 2747 1597; x_wconf 92' lang='lat' dir='ltr'><strong>et</strong></span> <span class='ocrx_word' id='word_1_440' title='bbox 2781 1545 3031 1601; x_wconf 78' lang='lat' dir='ltr'><strong>celeriter</strong></span> <span class='ocrx_word' id='word_1_441' title='bbox 3056 1549 3365 1605; x_wconf 81' lang='lat' dir='ltr'><strong>excitantur</strong></span> <span class='ocrx_word' id='word_1_442' title='bbox 3401 1569 3414 1607; x_wconf 93' lang='lat'><strong>:</strong></span> <span class='ocrx_word' id='word_1_443' title='bbox 3448 1556 3514 1608; x_wconf 91' lang='lat' dir='ltr'><strong>ad</strong></span> 
     </span>
    </p>
   </div>
   <div class='ocr_carea' id='block_1_58' title="bbox 1925 1629 3510 1709">
    <p class='ocr_par' dir='ltr' id='par_1_58' title="bbox 1925 1629 3510 1709">
     <span class='ocr_line' id='line_1_58' title="bbox 1925 1629 3510 1709; baseline 0.016 -32"><span class='ocrx_word' id='word_1_444' title='bbox 1925 1640 2063 1695; x_wconf 91' lang='lat' dir='ltr'><strong>quos</strong></span> <span class='ocrx_word' id='word_1_445' title='bbox 2092 1629 2326 1695; x_wconf 82' lang='lat' dir='ltr'><strong>pertinet</strong></span> <span class='ocrx_word' id='word_1_446' title='bbox 2352 1631 2494 1700; x_wconf 87' lang='lat' dir='ltr'><strong>quod</strong></span> <span class='ocrx_word' id='word_1_447' title='bbox 2526 1633 2676 1698; x_wconf 83' lang='lat' dir='ltr'><strong>dicit,</strong></span> <span class='ocrx_word' id='word_1_448' title='bbox 2707 1655 2724 1686; x_wconf 76' lang='grc' dir='ltr'><strong>ι</strong></span> <span class='ocrx_word' id='word_1_449' title='bbox 2758 1634 3172 1709; x_wconf 80' lang='lat' dir='ltr'><strong>Expergiscere.</strong></span> <span class='ocrx_word' id='word_1_450' title='bbox 3205 1662 3223 1694; x_wconf 72' lang='grc' dir='ltr'><strong>ι</strong></span> <span class='ocrx_word' id='word_1_451' title='bbox 3254 1644 3510 1704; x_wconf 83' lang='lat' dir='ltr'><strong>Nonnulli</strong></span> 
     </span>
    </p>
   </div>
   <div class='ocr_carea' id='block_1_59' title="bbox 1923 1716 3507 1797">
    <p class='ocr_par' dir='ltr' id='par_1_59' title="bbox 1923 1716 3507 1797">
     <span class='ocr_line' id='line_1_59' title="bbox 1923 1716 3507 1797; baseline 0.016 -29"><span class='ocrx_word' id='word_1_452' title='bbox 1923 1723 2103 1770; x_wconf 89' lang='lat' dir='ltr'><strong>autem</strong></span> <span class='ocrx_word' id='word_1_453' title='bbox 2133 1716 2300 1790; x_wconf 58' lang='lat'><strong>[‘09</strong></span> <span class='ocrx_word' id='word_1_454' title='bbox 2333 1731 2390 1774; x_wconf 91' lang='lat' dir='ltr'><strong>et</strong></span> <span class='ocrx_word' id='word_1_455' title='bbox 2416 1719 2621 1776; x_wconf 77' lang='lat' dir='ltr'><strong>faciunt</strong></span> <span class='ocrx_word' id='word_1_456' title='bbox 2647 1725 2868 1791; x_wconf 90' lang='lat' dir='ltr'><strong>malum,</strong></span> <span class='ocrx_word' id='word_1_457' title='bbox 2899 1737 2952 1782; x_wconf 83' lang='lat' dir='ltr'><strong>et</strong></span> <span class='ocrx_word' id='word_1_458' title='bbox 2979 1733 3390 1797; x_wconf 89' lang='lat' dir='ltr'><strong>patrocinantur</strong></span> <span class='ocrx_word' id='word_1_459' title='bbox 3417 1737 3467 1792; x_wconf 90' lang='lat' dir='ltr'><strong>ei</strong></span> <span class='ocrx_word' id='word_1_460' title='bbox 3495 1757 3507 1793; x_wconf 92' lang='lat'>:</span> 
     </span>
    </p>
   </div>
   <div class='ocr_carea' id='block_1_60' title="bbox 1922 1810 3501 1889">
    <p class='ocr_par' dir='ltr' id='par_1_60' title="bbox 1922 1810 3501 1889">
     <span class='ocr_line' id='line_1_60' title="bbox 1922 1810 3501 1889; baseline 0.018 -31"><span class='ocrx_word' id='word_1_461' title='bbox 1922 1810 2011 1876; x_wconf 88' lang='lat' dir='ltr'><strong>qui</strong></span> <span class='ocrx_word' id='word_1_462' title='bbox 2047 1815 2241 1865; x_wconf 84' lang='lat' dir='ltr'><strong>mortui</strong></span> <span class='ocrx_word' id='word_1_463' title='bbox 2279 1814 2380 1867; x_wconf 86' lang='lat' dir='ltr'><strong>dici</strong></span> <span class='ocrx_word' id='word_1_464' title='bbox 2419 1828 2642 1883; x_wconf 92' lang='lat' dir='ltr'><strong>queant,</strong></span> <span class='ocrx_word' id='word_1_465' title='bbox 2675 1830 2730 1874; x_wconf 92' lang='lat' dir='ltr'><strong>ut</strong></span> <span class='ocrx_word' id='word_1_466' title='bbox 2760 1821 2849 1889; x_wconf 92' lang='lat' dir='ltr'><strong>qui</strong></span> <span class='ocrx_word' id='word_1_467' title='bbox 2893 1821 3169 1881; x_wconf 82' lang='lat' dir='ltr'><strong>ditIicilius</strong></span> <span class='ocrx_word' id='word_1_468' title='bbox 3201 1829 3266 1880; x_wconf 89' lang='lat' dir='ltr'><strong>ad</strong></span> <span class='ocrx_word' id='word_1_469' title='bbox 3300 1832 3501 1887; x_wconf 88' lang='lat' dir='ltr'><strong>bonum</strong></span> 
     </span>
    </p>
   </div>
   <div class='ocr_carea' id='block_1_61' title="bbox 1847 1896 3510 1989">
    <p class='ocr_par' dir='ltr' id='par_1_61' title="bbox 1847 1896 3510 1989">
     <span class='ocr_line' id='line_1_61' title="bbox 1847 1896 3510 1989; baseline 0.017 -40"><span class='ocrx_word' id='word_1_470' title='bbox 1847 1896 1890 1949; x_wconf 85' lang='grc' dir='ltr'><strong>Β</strong></span> <span class='ocrx_word' id='word_1_471' title='bbox 1924 1905 2162 1958; x_wconf 85' lang='lat' dir='ltr'><strong>revocari</strong></span> <span class='ocrx_word' id='word_1_472' title='bbox 2187 1915 2404 1975; x_wconf 80' lang='lat' dir='ltr'><strong>queant.</strong></span> <span class='ocrx_word' id='word_1_473' title='bbox 2433 1907 2685 1964; x_wconf 76' lang='lat' dir='ltr'><strong>Aatamcn</strong></span> <span class='ocrx_word' id='word_1_474' title='bbox 2713 1924 2765 1966; x_wconf 89' lang='lat' dir='ltr'><strong>ct</strong></span> <span class='ocrx_word' id='word_1_475' title='bbox 2787 1913 2869 1968; x_wconf 85' lang='lat' dir='ltr'><strong>his</strong></span> <span class='ocrx_word' id='word_1_476' title='bbox 2899 1917 3119 1972; x_wconf 82' lang='lat' dir='ltr'><strong>verbum</strong></span> <span class='ocrx_word' id='word_1_477' title='bbox 3148 1919 3422 1989; x_wconf 83' lang='lat' dir='ltr'><strong>inclamat,</strong></span> <span class='ocrx_word' id='word_1_478' title='bbox 3452 1935 3510 1978; x_wconf 88' lang='lat' dir='ltr'><strong>ut</strong></span> 
     </span>
    </p>
   </div>
   <div class='ocr_carea' id='block_1_62' title="bbox 1923 2003 2200 2062">
    <p class='ocr_par' dir='ltr' id='par_1_62' title="bbox 1923 2003 2200 2062">
     <span class='ocr_line' id='line_1_62' title="bbox 1923 2003 2200 2062; baseline 0.011 -16"><span class='ocrx_word' id='word_1_479' title='bbox 1923 2003 2143 2062; x_wconf 82' lang='lat' dir='ltr'><strong>surgant</strong></span> <span class='ocrx_word' id='word_1_480' title='bbox 2188 2014 2200 2049; x_wconf 92' lang='lat'><strong>:</strong></span> 
     </span>
    </p>
   </div>
   <div class='ocr_carea' id='block_1_63' title="bbox 1923 2093 2134 2138">
    <p class='ocr_par' dir='ltr' id='par_1_63' title="bbox 1923 2093 2134 2138">
     <span class='ocr_line' id='line_1_63' title="bbox 1923 2093 2134 2138; baseline 0.019 -4"><span class='ocrx_word' id='word_1_481' title='bbox 1923 2093 2134 2138; x_wconf 77' lang='lat' dir='ltr'><strong>natura.</strong></span> 
     </span>
    </p>
   </div>
   <div class='ocr_carea' id='block_1_64' title="bbox 1999 2175 3501 2256">
    <p class='ocr_par' dir='ltr' id='par_1_64' title="bbox 1999 2175 3501 2256">
     <span class='ocr_line' id='line_1_64' title="bbox 1999 2175 3501 2256; baseline 0.014 -27"><span class='ocrx_word' id='word_1_482' title='bbox 1999 2175 2159 2234; x_wconf 74' lang='lat' dir='ltr'><strong>Vens.</strong></span> <span class='ocrx_word' id='word_1_483' title='bbox 2197 2178 2280 2235; x_wconf 77' lang='lat'><strong>15.</strong></span> <span class='ocrx_word' id='word_1_484' title='bbox 2318 2199 2336 2233; x_wconf 77' lang='grc' dir='ltr'><strong>ι</strong></span> <span class='ocrx_word' id='word_1_485' title='bbox 2382 2179 2567 2238; x_wconf 78' lang='lat' dir='ltr'><strong>Videte</strong></span> <span class='ocrx_word' id='word_1_486' title='bbox 2601 2183 2781 2256; x_wconf 81' lang='lat' dir='ltr'><strong>itaque</strong></span> <span class='ocrx_word' id='word_1_487' title='bbox 2810 2191 3084 2256; x_wconf 90' lang='lat' dir='ltr'><strong>quomodo</strong></span> <span class='ocrx_word' id='word_1_488' title='bbox 3120 2204 3279 2249; x_wconf 82' lang='lat' dir='ltr'><strong>caute</strong></span> <span class='ocrx_word' id='word_1_489' title='bbox 3307 2197 3501 2252; x_wconf 79' lang='lat' dir='ltr'><strong>ambu-</strong></span> 
     </span>
    </p>
   </div>
   <div class='ocr_carea' id='block_1_65' title="bbox 1918 2269 3496 2356">
    <p class='ocr_par' dir='ltr' id='par_1_65' title="bbox 1918 2269 3496 2356">
     <span class='ocr_line' id='line_1_65' title="bbox 1918 2269 3496 2356; baseline 0.012 -33"><span class='ocrx_word' id='word_1_490' title='bbox 1918 2269 2062 2335; x_wconf 82' lang='lat' dir='ltr'><strong>letis,</strong></span> <span class='ocrx_word' id='word_1_491' title='bbox 2098 2287 2204 2326; x_wconf 90' lang='lat' dir='ltr'><strong>non</strong></span> <span class='ocrx_word' id='word_1_492' title='bbox 2248 2277 2400 2342; x_wconf 86' lang='lat' dir='ltr'><strong>quasi</strong></span> <span class='ocrx_word' id='word_1_493' title='bbox 2438 2275 2781 2345; x_wconf 66' lang='lat' dir='ltr'><strong>insipientes,</strong></span> <span class='ocrx_word' id='word_1_494' title='bbox 2816 2285 2908 2336; x_wconf 91' lang='lat' dir='ltr'><strong>sed</strong></span> <span class='ocrx_word' id='word_1_495' title='bbox 2947 2284 3107 2338; x_wconf 73' lang='lat' dir='ltr'><strong>Veluti</strong></span> <span class='ocrx_word' id='word_1_496' title='bbox 3147 2287 3444 2356; x_wconf 82' lang='lat' dir='ltr'><strong>sapientes.</strong></span> <span class='ocrx_word' id='word_1_497' title='bbox 3479 2311 3496 2342; x_wconf 75' lang='grc' dir='ltr'><strong>ι</strong></span> 
     </span>
    </p>
   </div>
   <div class='ocr_carea' id='block_1_66' title="bbox 1917 2359 3503 2447">
    <p class='ocr_par' dir='ltr' id='par_1_66' title="bbox 1917 2359 3503 2447">
     <span class='ocr_line' id='line_1_66' title="bbox 1917 2359 3503 2447; baseline 0.016 -35"><span class='ocrx_word' id='word_1_498' title='bbox 1917 2359 2343 2416; x_wconf 85' lang='lat' dir='ltr'><strong>Amarulentiam</strong></span> <span class='ocrx_word' id='word_1_499' title='bbox 2400 2367 2575 2420; x_wconf 83' lang='lat' dir='ltr'><strong>adhuc</strong></span> <span class='ocrx_word' id='word_1_500' title='bbox 2636 2368 2881 2438; x_wconf 83' lang='lat' dir='ltr'><strong>iramque</strong></span> <span class='ocrx_word' id='word_1_501' title='bbox 2936 2387 3221 2447; x_wconf 77' lang='lat' dir='ltr'><strong>expurgat,</strong></span> <span class='ocrx_word' id='word_1_502' title='bbox 3278 2382 3503 2446; x_wconf 83' lang='lat' dir='ltr'><strong>perinde</strong></span> 
     </span>
    </p>
   </div>
   <div class='ocr_carea' id='block_1_67' title="bbox 1917 2452 3500 2535">
    <p class='ocr_par' dir='ltr' id='par_1_67' title="bbox 1917 2452 3500 2535">
     <span class='ocr_line' id='line_1_67' title="bbox 1917 2452 3500 2535; baseline 0.018 -35"><span class='ocrx_word' id='word_1_503' title='bbox 1917 2452 2071 2520; x_wconf 87' lang='lat' dir='ltr'><strong>quasi</strong></span> <span class='ocrx_word' id='word_1_504' title='bbox 2107 2452 2250 2506; x_wconf 86' lang='lat' dir='ltr'><strong>dicat</strong></span> <span class='ocrx_word' id='word_1_505' title='bbox 2277 2455 2380 2518; x_wconf 74' lang='lat' dir='ltr'><strong>eis,</strong></span> <span class='ocrx_word' id='word_1_506' title='bbox 2409 2456 2554 2512; x_wconf 75' lang='lat' dir='ltr'><strong>Oves</strong></span> <span class='ocrx_word' id='word_1_507' title='bbox 2585 2461 2719 2514; x_wconf 87' lang='lat' dir='ltr'><strong>estis</strong></span> <span class='ocrx_word' id='word_1_508' title='bbox 2752 2462 2804 2516; x_wconf 90' lang='lat' dir='ltr'><strong>in</strong></span> <span class='ocrx_word' id='word_1_509' title='bbox 2831 2462 3079 2532; x_wconf 76' lang='lat' dir='ltr'><strong>luporum</strong></span> <span class='ocrx_word' id='word_1_510' title='bbox 3112 2471 3309 2535; x_wconf 83' lang='lat' dir='ltr'><strong>medio,</strong></span> <span class='ocrx_word' id='word_1_511' title='bbox 3345 2474 3500 2530; x_wconf 88' lang='lat' dir='ltr'><strong>multi</strong></span> 
     </span>
    </p>
   </div>
   <div class='ocr_carea' id='block_1_68' title="bbox 1919 2544 3504 2623">
    <p class='ocr_par' dir='ltr' id='par_1_68' title="bbox 1919 2544 3504 2623">
     <span class='ocr_line' id='line_1_68' title="bbox 1919 2544 3504 2623; baseline 0.016 -25"><span class='ocrx_word' id='word_1_512' title='bbox 1919 2559 2044 2614; x_wconf 83' lang='lat' dir='ltr'><strong>erga</strong></span> <span class='ocrx_word' id='word_1_513' title='bbox 2074 2559 2165 2598; x_wconf 81' lang='lat' dir='ltr'><strong>vos</strong></span> <span class='ocrx_word' id='word_1_514' title='bbox 2197 2544 2362 2602; x_wconf 78' lang='lat' dir='ltr'><strong>feroci</strong></span> <span class='ocrx_word' id='word_1_515' title='bbox 2394 2559 2518 2602; x_wconf 88' lang='lat' dir='ltr'><strong>sunt</strong></span> <span class='ocrx_word' id='word_1_516' title='bbox 2549 2553 2749 2617; x_wconf 87' lang='lat' dir='ltr'><strong>animo,</strong></span> <span class='ocrx_word' id='word_1_517' title='bbox 2781 2556 2870 2623; x_wconf 91' lang='lat' dir='ltr'><strong>qui</strong></span> <span class='ocrx_word' id='word_1_518' title='bbox 2903 2559 3066 2612; x_wconf 89' lang='lat' dir='ltr'><strong>etiam</strong></span> <span class='ocrx_word' id='word_1_519' title='bbox 3093 2560 3504 2623; x_wconf 76' lang='lat' dir='ltr'><strong>familiarissimi</strong></span> 
     </span>
    </p>
   </div>
   <div class='ocr_carea' id='block_1_69' title="bbox 1918 2637 3504 2718">
    <p class='ocr_par' dir='ltr' id='par_1_69' title="bbox 1918 2637 3504 2718">
     <span class='ocr_line' id='line_1_69' title="bbox 1918 2637 3504 2718; baseline 0.017 -32"><span class='ocrx_word' id='word_1_520' title='bbox 1918 2637 2204 2691; x_wconf 79' lang='lat' dir='ltr'><strong>\i.!entur:</strong></span> <span class='ocrx_word' id='word_1_521' title='bbox 2235 2640 2411 2695; x_wconf 78' lang='lat' dir='ltr'><strong>ridete</strong></span> <span class='ocrx_word' id='word_1_522' title='bbox 2439 2653 2618 2696; x_wconf 89' lang='lat' dir='ltr'><strong>antem</strong></span> <span class='ocrx_word' id='word_1_523' title='bbox 2663 2660 2726 2699; x_wconf 88' lang='lat' dir='ltr'><strong>ne</strong></span> <span class='ocrx_word' id='word_1_524' title='bbox 2749 2647 2982 2718; x_wconf 84' lang='lat' dir='ltr'><strong>cuipiam</strong></span> <span class='ocrx_word' id='word_1_525' title='bbox 3003 2651 3140 2707; x_wconf 86' lang='lat' dir='ltr'><strong>detis</strong></span> <span class='ocrx_word' id='word_1_526' title='bbox 3164 2657 3504 2713; x_wconf 79' lang='lat' dir='ltr'><strong>occasionem</strong></span> 
     </span>
    </p>
   </div>
   <div class='ocr_carea' id='block_1_70' title="bbox 1914 2726 3500 2818">
    <p class='ocr_par' dir='ltr' id='par_1_70' title="bbox 1914 2726 3500 2818">
     <span class='ocr_line' id='line_1_70' title="bbox 1914 2726 3500 2818; baseline 0.016 -39"><span class='ocrx_word' id='word_1_527' title='bbox 1914 2726 2243 2785; x_wconf 63' lang='lat' dir='ltr'><strong>inimicitia}:</strong></span> <span class='ocrx_word' id='word_1_528' title='bbox 2273 2730 2706 2800; x_wconf 81' lang='lat' dir='ltr'><strong>uisiiideicausa,</strong></span> <span class='ocrx_word' id='word_1_529' title='bbox 2731 2751 2890 2792; x_wconf 91' lang='lat' dir='ltr'><strong>nemo</strong></span> <span class='ocrx_word' id='word_1_530' title='bbox 2926 2755 3022 2794; x_wconf 75' lang='lat' dir='ltr'><strong>vos</strong></span> <span class='ocrx_word' id='word_1_531' title='bbox 3057 2746 3106 2798; x_wconf 92' lang='lat' dir='ltr'><strong>in</strong></span> <span class='ocrx_word' id='word_1_532' title='bbox 3125 2745 3500 2818; x_wconf 80' lang='lat' dir='ltr'><strong>alioquopiam</strong></span> 
     </span>
    </p>
   </div>
   <div class='ocr_carea' id='block_1_71' title="bbox 1912 2826 3501 2895">
    <p class='ocr_par' dir='ltr' id='par_1_71' title="bbox 1912 2826 3501 2895">
     <span class='ocr_line' id='line_1_71' title="bbox 1912 2826 3501 2895; baseline 0.016 -26"><span class='ocrx_word' id='word_1_533' title='bbox 1912 2828 2154 2884; x_wconf 81' lang='lat' dir='ltr'><strong>accuset,</strong></span> <span class='ocrx_word' id='word_1_534' title='bbox 2185 2830 2436 2876; x_wconf 74' lang='lat' dir='ltr'><strong>cteterum</strong></span> <span class='ocrx_word' id='word_1_535' title='bbox 2479 2833 2534 2877; x_wconf 91' lang='lat' dir='ltr'><strong>et</strong></span> <span class='ocrx_word' id='word_1_536' title='bbox 2587 2826 2848 2882; x_wconf 85' lang='lat' dir='ltr'><strong>honorem</strong></span> <span class='ocrx_word' id='word_1_537' title='bbox 2899 2839 2953 2885; x_wconf 91' lang='lat' dir='ltr'><strong>et</strong></span> <span class='ocrx_word' id='word_1_538' title='bbox 2995 2847 3208 2890; x_wconf 90' lang='lat' dir='ltr'><strong>omnem</strong></span> <span class='ocrx_word' id='word_1_539' title='bbox 3241 2836 3501 2895; x_wconf 79' lang='lat' dir='ltr'><strong>obedien-</strong></span> 
     </span>
    </p>
   </div>
   <div class='ocr_carea' id='block_1_72' title="bbox 1911 2909 3502 2994">
    <p class='ocr_par' dir='ltr' id='par_1_72' title="bbox 1911 2909 3502 2994">
     <span class='ocr_line' id='line_1_72' title="bbox 1911 2909 3502 2994; baseline 0.014 -32"><span class='ocrx_word' id='word_1_540' title='bbox 1911 2909 2043 2962; x_wconf 63' lang='lat' dir='ltr'><strong>tiam</strong></span> <span class='ocrx_word' id='word_1_541' title='bbox 2100 2922 2374 2978; x_wconf 59' lang='lat' dir='ltr'><strong>priestate,</strong></span> <span class='ocrx_word' id='word_1_542' title='bbox 2414 2915 2502 2969; x_wconf 90' lang='lat' dir='ltr'><strong>ubi</strong></span> <span class='ocrx_word' id='word_1_543' title='bbox 2546 2917 2676 2971; x_wconf 84' lang='lat' dir='ltr'><strong>ﬁdes</strong></span> <span class='ocrx_word' id='word_1_544' title='bbox 2734 2935 2839 2975; x_wconf 91' lang='lat' dir='ltr'><strong>non</strong></span> <span class='ocrx_word' id='word_1_545' title='bbox 2877 2922 3259 2994; x_wconf 81' lang='lat' dir='ltr'><strong>labefactetur,</strong></span> <span class='ocrx_word' id='word_1_546' title='bbox 3312 2947 3376 2985; x_wconf 87' lang='lat' dir='ltr'><strong>ac</strong></span> <span class='ocrx_word' id='word_1_547' title='bbox 3407 2947 3502 2986; x_wconf 87' lang='lat' dir='ltr'><strong>co-</strong></span> 
     </span>
    </p>
   </div>
   <div class='ocr_carea' id='block_1_73' title="bbox 1912 3001 3495 3087">
    <p class='ocr_par' dir='ltr' id='par_1_73' title="bbox 1912 3001 3495 3087">
     <span class='ocr_line' id='line_1_73' title="bbox 1912 3001 3495 3087; baseline 0.015 -35"><span class='ocrx_word' id='word_1_548' title='bbox 1912 3001 2216 3057; x_wconf 89' lang='lat' dir='ltr'><strong>lumbarum</strong></span> <span class='ocrx_word' id='word_1_549' title='bbox 2267 3020 2362 3060; x_wconf 80' lang='lat' dir='ltr'><strong>vos</strong></span> <span class='ocrx_word' id='word_1_550' title='bbox 2423 3024 2571 3064; x_wconf 88' lang='lat' dir='ltr'><strong>more</strong></span> <span class='ocrx_word' id='word_1_551' title='bbox 2631 3014 2853 3081; x_wconf 80' lang='lat' dir='ltr'><strong>geratis.</strong></span> <span class='ocrx_word' id='word_1_552' title='bbox 2910 3013 3200 3087; x_wconf 73' lang='lat' dir='ltr'><strong>Sapientia:</strong></span> <span class='ocrx_word' id='word_1_553' title='bbox 3236 3022 3380 3076; x_wconf 85' lang='lat' dir='ltr'><strong>enim</strong></span> <span class='ocrx_word' id='word_1_554' title='bbox 3409 3034 3495 3078; x_wconf 58' lang='lat' dir='ltr'><strong>est</strong></span> 
     </span>
    </p>
   </div>
   <div class='ocr_carea' id='block_1_74' title="bbox 1911 3097 3494 3180">
    <p class='ocr_par' dir='ltr' id='par_1_74' title="bbox 1911 3097 3494 3180">
     <span class='ocr_line' id='line_1_74' title="bbox 1911 3097 3494 3180; baseline 0.016 -34"><span class='ocrx_word' id='word_1_555' title='bbox 1911 3105 2077 3163; x_wconf 80' lang='lat' dir='ltr'><strong>atque</strong></span> <span class='ocrx_word' id='word_1_556' title='bbox 2110 3097 2430 3164; x_wconf 69' lang='lat' dir='ltr'><strong>prudentiae,</strong></span> <span class='ocrx_word' id='word_1_557' title='bbox 2457 3116 2675 3156; x_wconf 74' lang='lat' dir='ltr'><strong>servare</strong></span> <span class='ocrx_word' id='word_1_558' title='bbox 2698 3106 2939 3175; x_wconf 86' lang='lat' dir='ltr'><strong>vosipsos</strong></span> <span class='ocrx_word' id='word_1_559' title='bbox 2968 3111 3494 3180; x_wconf 50' lang='lat' dir='ltr'><strong>inreprehensibiles</strong></span> 
     </span>
    </p>
   </div>
   <div class='ocr_carea' id='block_1_75' title="bbox 1911 3188 2556 3248">
    <p class='ocr_par' dir='ltr' id='par_1_75' title="bbox 1911 3188 2556 3248">
     <span class='ocr_line' id='line_1_75' title="bbox 1911 3188 2556 3248; baseline 0.014 -10"><span class='ocrx_word' id='word_1_560' title='bbox 1911 3188 2179 3242; x_wconf 73' lang='grc' dir='ltr'>ιιι-ιιιίιισηι</span> <span class='ocrx_word' id='word_1_561' title='bbox 2206 3190 2556 3248; x_wconf 75' lang='lat' dir='ltr'><strong>ulciscentes.</strong></span> 
     </span>
    </p>
   </div>
   <div class='ocr_carea' id='block_1_76' title="bbox 1982 3276 3489 3362">
    <p class='ocr_par' dir='ltr' id='par_1_76' title="bbox 1982 3276 3489 3362">
     <span class='ocr_line' id='line_1_76' title="bbox 1982 3276 3489 3362; baseline 0.013 -31"><span class='ocrx_word' id='word_1_562' title='bbox 1982 3276 2144 3333; x_wconf 59' lang='lat' dir='ltr'><strong>Vens.</strong></span> <span class='ocrx_word' id='word_1_563' title='bbox 2188 3281 2275 3335; x_wconf 72' lang='grc'><strong>16.</strong></span> <span class='ocrx_word' id='word_1_564' title='bbox 2330 3301 2348 3333; x_wconf 74' lang='grc' dir='ltr'><strong>ι</strong></span> <span class='ocrx_word' id='word_1_565' title='bbox 2407 3284 2758 3343; x_wconf 73' lang='lat' dir='ltr'><strong>ltedimentes</strong></span> <span class='ocrx_word' id='word_1_566' title='bbox 2805 3301 3033 3362; x_wconf 85' lang='lat' dir='ltr'><strong>tempus.</strong></span> <span class='ocrx_word' id='word_1_567' title='bbox 3083 3315 3100 3345; x_wconf 74' lang='grc' dir='ltr'><strong>ι</strong></span> <span class='ocrx_word' id='word_1_568' title='bbox 3215 3318 3257 3345; x_wconf 78' lang='grc' dir='ltr'><strong>ι·;</strong></span> <span class='ocrx_word' id='word_1_569' title='bbox 3316 3317 3489 3354; x_wconf 53' lang='lat' dir='ltr'><strong>rana.</strong></span> 
     </span>
    </p>
   </div>
   <div class='ocr_carea' id='block_1_77' title="bbox 1911 3373 3486 3454">
    <p class='ocr_par' dir='ltr' id='par_1_77' title="bbox 1911 3373 3486 3454">
     <span class='ocr_line' id='line_1_77' title="bbox 1911 3373 3486 3454; baseline 0.017 -36"><span class='ocrx_word' id='word_1_570' title='bbox 1911 3382 2008 3420; x_wconf 90' lang='lat' dir='ltr'><strong>nos</strong></span> <span class='ocrx_word' id='word_1_571' title='bbox 2039 3383 2161 3424; x_wconf 87' lang='lat' dir='ltr'><strong>esse</strong></span> <span class='ocrx_word' id='word_1_572' title='bbox 2182 3373 2355 3437; x_wconf 89' lang='lat' dir='ltr'><strong>docet,</strong></span> <span class='ocrx_word' id='word_1_573' title='bbox 2386 3389 2570 3428; x_wconf 75' lang='lat' dir='ltr'><strong>rerum</strong></span> <span class='ocrx_word' id='word_1_574' title='bbox 2598 3379 2722 3446; x_wconf 89' lang='lat' dir='ltr'><strong>quia</strong></span> <span class='ocrx_word' id='word_1_575' title='bbox 2743 3390 2955 3450; x_wconf 84' lang='lat' dir='ltr'><strong>tempus</strong></span> <span class='ocrx_word' id='word_1_576' title='bbox 2991 3398 3096 3438; x_wconf 92' lang='lat' dir='ltr'><strong>non</strong></span> <span class='ocrx_word' id='word_1_577' title='bbox 3125 3401 3202 3439; x_wconf 68' lang='lat' dir='ltr'><strong>est</strong></span> <span class='ocrx_word' id='word_1_578' title='bbox 3232 3404 3486 3454; x_wconf 67' lang='lat' dir='ltr'><strong>\i-strutu,</strong></span> 
     </span>
    </p>
   </div>
   <div class='ocr_carea' id='block_1_78' title="bbox 1910 3461 3491 3552">
    <p class='ocr_par' dir='ltr' id='par_1_78' title="bbox 1910 3461 3491 3552">
     <span class='ocr_line' id='line_1_78' title="bbox 1910 3461 3491 3552; baseline 0.015 -40"><span class='ocrx_word' id='word_1_579' title='bbox 1910 3461 2004 3513; x_wconf 84' lang='lat' dir='ltr'><strong>sed</strong></span> <span class='ocrx_word' id='word_1_580' title='bbox 2035 3462 2257 3517; x_wconf 68' lang='lat' dir='ltr'><strong>advena:</strong></span> <span class='ocrx_word' id='word_1_581' title='bbox 2293 3465 2447 3532; x_wconf 86' lang='lat' dir='ltr'><strong>estis,</strong></span> <span class='ocrx_word' id='word_1_582' title='bbox 2480 3480 2528 3520; x_wconf 90' lang='lat' dir='ltr'><strong>et</strong></span> <span class='ocrx_word' id='word_1_583' title='bbox 2569 3472 2872 3539; x_wconf 73' lang='lat' dir='ltr'><strong>peregrini,</strong></span> <span class='ocrx_word' id='word_1_584' title='bbox 2915 3485 2969 3529; x_wconf 89' lang='lat' dir='ltr'><strong>et</strong></span> <span class='ocrx_word' id='word_1_585' title='bbox 3003 3483 3198 3545; x_wconf 78' lang='lat' dir='ltr'><strong>exteri,</strong></span> <span class='ocrx_word' id='word_1_586' title='bbox 3241 3499 3305 3534; x_wconf 83' lang='lat' dir='ltr'><strong>ne</strong></span> <span class='ocrx_word' id='word_1_587' title='bbox 3343 3502 3491 3552; x_wconf 65' lang='lat' dir='ltr'><strong>qua--</strong></span> 
     </span>
    </p>
   </div>
   <div class='ocr_carea' id='block_1_79' title="bbox 1909 3553 3487 3639">
    <p class='ocr_par' dir='ltr' id='par_1_79' title="bbox 1909 3553 3487 3639">
     <span class='ocr_line' id='line_1_79' title="bbox 1909 3553 3487 3639; baseline 0.016 -34"><span class='ocrx_word' id='word_1_588' title='bbox 1909 3553 2043 3606; x_wconf 82' lang='lat' dir='ltr'><strong>ratis</strong></span> <span class='ocrx_word' id='word_1_589' title='bbox 2102 3553 2362 3611; x_wconf 81' lang='lat' dir='ltr'><strong>honorem</strong></span> <span class='ocrx_word' id='word_1_590' title='bbox 2432 3571 2487 3614; x_wconf 94' lang='lat' dir='ltr'><strong>et</strong></span> <span class='ocrx_word' id='word_1_591' title='bbox 2549 3562 2777 3632; x_wconf 72' lang='lat' dir='ltr'><strong>gloriam</strong></span> <span class='ocrx_word' id='word_1_592' title='bbox 2838 3581 3014 3636; x_wconf 88' lang='lat' dir='ltr'><strong>neque</strong></span> <span class='ocrx_word' id='word_1_593' title='bbox 3065 3570 3341 3639; x_wconf 84' lang='lat' dir='ltr'><strong>ultionem,</strong></span> <span class='ocrx_word' id='word_1_594' title='bbox 3391 3584 3487 3631; x_wconf 88' lang='lat' dir='ltr'><strong>sed</strong></span> 
     </span>
    </p>
   </div>
   <div class='ocr_carea' id='block_1_80' title="bbox 1905 3643 3486 3726">
    <p class='ocr_par' dir='ltr' id='par_1_80' title="bbox 1905 3643 3486 3726">
     <span class='ocr_line' id='line_1_80' title="bbox 1905 3643 3486 3726; baseline 0.019 -33"><span class='ocrx_word' id='word_1_595' title='bbox 1905 3643 2085 3696; x_wconf 89' lang='lat' dir='ltr'><strong>omnia</strong></span> <span class='ocrx_word' id='word_1_596' title='bbox 2119 3644 2274 3711; x_wconf 78' lang='lat' dir='ltr'><strong>ferte,</strong></span> <span class='ocrx_word' id='word_1_597' title='bbox 2313 3659 2476 3718; x_wconf 88' lang='lat' dir='ltr'><strong>atque</strong></span> <span class='ocrx_word' id='word_1_598' title='bbox 2517 3653 2568 3705; x_wconf 92' lang='lat' dir='ltr'><strong>in</strong></span> <span class='ocrx_word' id='word_1_599' title='bbox 2603 3656 2703 3709; x_wconf 90' lang='lat' dir='ltr'><strong>hoc</strong></span> <span class='ocrx_word' id='word_1_600' title='bbox 2739 3664 2951 3726; x_wconf 88' lang='lat' dir='ltr'><strong>tempus</strong></span> <span class='ocrx_word' id='word_1_601' title='bbox 2982 3661 3268 3718; x_wconf 88' lang='lat' dir='ltr'><strong>redimite:</strong></span> <span class='ocrx_word' id='word_1_602' title='bbox 3305 3672 3486 3723; x_wconf 81' lang='lat' dir='ltr'><strong>omnia</strong></span> 
     </span>
    </p>
   </div>
   <div class='ocr_carea' id='block_1_81' title="bbox 1903 3736 3483 3816">
    <p class='ocr_par' dir='ltr' id='par_1_81' title="bbox 1903 3736 3483 3816">
     <span class='ocr_line' id='line_1_81' title="bbox 1903 3736 3483 3816; baseline 0.015 -29"><span class='ocrx_word' id='word_1_603' title='bbox 1903 3736 2065 3788; x_wconf 88' lang='lat' dir='ltr'><strong>etiam</strong></span> <span class='ocrx_word' id='word_1_604' title='bbox 2104 3754 2222 3805; x_wconf 72' lang='lat' dir='ltr'><strong>qua:</strong></span> <span class='ocrx_word' id='word_1_605' title='bbox 2257 3740 2546 3806; x_wconf 79' lang='lat' dir='ltr'><strong>voluerint,</strong></span> <span class='ocrx_word' id='word_1_606' title='bbox 2575 3748 2894 3812; x_wconf 89' lang='lat' dir='ltr'><strong>permittite.</strong></span> <span class='ocrx_word' id='word_1_607' title='bbox 2941 3748 3407 3816; x_wconf 81' lang='lat' dir='ltr'><strong>Quemadmodum</strong></span> <span class='ocrx_word' id='word_1_608' title='bbox 3439 3758 3483 3812; x_wconf 87' lang='lat' dir='ltr'><strong>si</strong></span> 
     </span>
    </p>
   </div>
   <div class='ocr_carea' id='block_1_82' title="bbox 1902 3828 3485 3908">
    <p class='ocr_par' dir='ltr' id='par_1_82' title="bbox 1902 3828 3485 3908">
     <span class='ocr_line' id='line_1_82' title="bbox 1902 3828 3485 3908; baseline 0.016 -31"><span class='ocrx_word' id='word_1_609' title='bbox 1902 3828 2026 3895; x_wconf 90' lang='lat' dir='ltr'><strong>quis</strong></span> <span class='ocrx_word' id='word_1_610' title='bbox 2079 3832 2370 3901; x_wconf 85' lang='lat' dir='ltr'><strong>opulentus</strong></span> <span class='ocrx_word' id='word_1_611' title='bbox 2438 3836 2616 3890; x_wconf 85' lang='lat' dir='ltr'><strong>videat</strong></span> <span class='ocrx_word' id='word_1_612' title='bbox 2676 3839 2888 3908; x_wconf 92' lang='lat' dir='ltr'><strong>aliquos</strong></span> <span class='ocrx_word' id='word_1_613' title='bbox 2943 3843 3260 3902; x_wconf 82' lang='lat' dir='ltr'><strong>invadentes</strong></span> <span class='ocrx_word' id='word_1_614' title='bbox 3313 3864 3372 3902; x_wconf 90' lang='lat' dir='ltr'><strong>se</strong></span> <span class='ocrx_word' id='word_1_615' title='bbox 3427 3860 3485 3902; x_wconf 91' lang='lat' dir='ltr'><strong>ut</strong></span> 
     </span>
    </p>
   </div>
   <div class='ocr_carea' id='block_1_83' title="bbox 1899 3921 3482 4007">
    <p class='ocr_par' dir='ltr' id='par_1_83' title="bbox 1899 3921 3482 4007">
     <span class='ocr_line' id='line_1_83' title="bbox 1899 3921 3482 4007; baseline 0.013 -34"><span class='ocrx_word' id='word_1_616' title='bbox 1899 3921 2075 3988; x_wconf 90' lang='lat' dir='ltr'><strong>ipsum</strong></span> <span class='ocrx_word' id='word_1_617' title='bbox 2121 3926 2469 3992; x_wconf 82' lang='lat' dir='ltr'><strong>interﬁciant,</strong></span> <span class='ocrx_word' id='word_1_618' title='bbox 2502 3931 2680 3984; x_wconf 88' lang='lat' dir='ltr'><strong>omnia</strong></span> <span class='ocrx_word' id='word_1_619' title='bbox 2714 3934 2868 3990; x_wconf 84' lang='lat' dir='ltr'><strong>dabit</strong></span> <span class='ocrx_word' id='word_1_620' title='bbox 2933 3952 3099 4006; x_wconf 90' lang='lat' dir='ltr'><strong>seque</strong></span> <span class='ocrx_word' id='word_1_621' title='bbox 3129 3939 3301 4007; x_wconf 88' lang='lat' dir='ltr'><strong>ipsqu</strong></span> <span class='ocrx_word' id='word_1_622' title='bbox 3334 3943 3482 3996; x_wconf 82' lang='lat' dir='ltr'><strong>redi-</strong></span> 
     </span>
    </p>
   </div>
   <div class='ocr_carea' id='block_1_84' title="bbox 1902 4015 3480 4102">
    <p class='ocr_par' dir='ltr' id='par_1_84' title="bbox 1902 4015 3480 4102">
     <span class='ocr_line' id='line_1_84' title="bbox 1902 4015 3480 4102; baseline 0.015 -38"><span class='ocrx_word' id='word_1_623' title='bbox 1902 4021 2046 4066; x_wconf 91' lang='lat' dir='ltr'><strong>met:</strong></span> <span class='ocrx_word' id='word_1_624' title='bbox 2087 4015 2226 4070; x_wconf 88' lang='lat' dir='ltr'><strong>hunc</strong></span> <span class='ocrx_word' id='word_1_625' title='bbox 2257 4019 2320 4072; x_wconf 91' lang='lat' dir='ltr'><strong>ad</strong></span> <span class='ocrx_word' id='word_1_626' title='bbox 2367 4025 2583 4076; x_wconf 88' lang='lat' dir='ltr'><strong>modum</strong></span> <span class='ocrx_word' id='word_1_627' title='bbox 2611 4035 2664 4079; x_wconf 90' lang='lat' dir='ltr'><strong>et</strong></span> <span class='ocrx_word' id='word_1_628' title='bbox 2695 4040 2789 4080; x_wconf 91' lang='lat' dir='ltr'><strong>vos</strong></span> <span class='ocrx_word' id='word_1_629' title='bbox 2822 4029 3002 4080; x_wconf 87' lang='lat' dir='ltr'><strong>omnia</strong></span> <span class='ocrx_word' id='word_1_630' title='bbox 3040 4031 3181 4095; x_wconf 91' lang='lat' dir='ltr'><strong>date,</strong></span> <span class='ocrx_word' id='word_1_631' title='bbox 3233 4042 3291 4086; x_wconf 88' lang='lat' dir='ltr'><strong>ut</strong></span> <span class='ocrx_word' id='word_1_632' title='bbox 3319 4045 3480 4102; x_wconf 85' lang='lat' dir='ltr'><strong>caput</strong></span> 
     </span>
    </p>
   </div>
   <div class='ocr_carea' id='block_1_85' title="bbox 1896 4113 3082 4188">
    <p class='ocr_par' dir='ltr' id='par_1_85' title="bbox 1896 4113 3082 4188">
     <span class='ocr_line' id='line_1_85' title="bbox 1896 4113 3082 4188; baseline 0.014 -30"><span class='ocrx_word' id='word_1_633' title='bbox 1896 4113 1949 4159; x_wconf 89' lang='lat' dir='ltr'><strong>et</strong></span> <span class='ocrx_word' id='word_1_634' title='bbox 1979 4121 2248 4162; x_wconf 88' lang='lat' dir='ltr'><strong>summam</strong></span> <span class='ocrx_word' id='word_1_635' title='bbox 2284 4117 2642 4179; x_wconf 82' lang='lat' dir='ltr'><strong>conservetis,</strong></span> <span class='ocrx_word' id='word_1_636' title='bbox 2678 4134 2867 4188; x_wconf 86' lang='lat' dir='ltr'><strong>nempe</strong></span> <span class='ocrx_word' id='word_1_637' title='bbox 2902 4123 3082 4177; x_wconf 89' lang='lat' dir='ltr'><strong>tidem.</strong></span> 
     </span>
    </p>
   </div>
   <div class='ocr_carea' id='block_1_86' title="bbox 1969 4198 3477 4273">
    <p class='ocr_par' dir='ltr' id='par_1_86' title="bbox 1969 4198 3477 4273">
     <span class='ocr_line' id='line_1_86' title="bbox 1969 4198 3477 4273; baseline 0.017 -25"><span class='ocrx_word' id='word_1_638' title='bbox 1969 4216 1987 4248; x_wconf 75' lang='grc' dir='ltr'><strong>ι</strong></span> <span class='ocrx_word' id='word_1_639' title='bbox 2022 4198 2286 4263; x_wconf 81' lang='lat' dir='ltr'><strong>Quoniam</strong></span> <span class='ocrx_word' id='word_1_640' title='bbox 2325 4206 2442 4259; x_wconf 88' lang='lat' dir='ltr'><strong>dies</strong></span> <span class='ocrx_word' id='word_1_641' title='bbox 2486 4209 2612 4262; x_wconf 88' lang='lat' dir='ltr'><strong>mali</strong></span> <span class='ocrx_word' id='word_1_642' title='bbox 2646 4220 2792 4264; x_wconf 92' lang='lat' dir='ltr'><strong>sunt.</strong></span> <span class='ocrx_word' id='word_1_643' title='bbox 2843 4230 2860 4262; x_wconf 72' lang='grc' dir='ltr'><strong>ι</strong></span> <span class='ocrx_word' id='word_1_644' title='bbox 2901 4211 3015 4267; x_wconf 82' lang='lat' dir='ltr'><strong>Non</strong></span> <span class='ocrx_word' id='word_1_645' title='bbox 3048 4214 3256 4269; x_wconf 90' lang='lat' dir='ltr'><strong>dierum</strong></span> <span class='ocrx_word' id='word_1_646' title='bbox 3290 4232 3477 4273; x_wconf 86' lang='lat' dir='ltr'><strong>essen-</strong></span> 
     </span>
    </p>
   </div>
   <div class='ocr_carea' id='block_1_87' title="bbox 1892 4289 3471 4368">
    <p class='ocr_par' dir='ltr' id='par_1_87' title="bbox 1892 4289 3471 4368">
     <span class='ocr_line' id='line_1_87' title="bbox 1892 4289 3471 4368; baseline 0.015 -25"><span class='ocrx_word' id='word_1_647' title='bbox 1892 4289 2020 4343; x_wconf 88' lang='lat' dir='ltr'><strong>tiam</strong></span> <span class='ocrx_word' id='word_1_648' title='bbox 2066 4295 2429 4363; x_wconf 84' lang='lat' dir='ltr'><strong>reprehendit,</strong></span> <span class='ocrx_word' id='word_1_649' title='bbox 2474 4301 2731 4368; x_wconf 86' lang='lat' dir='ltr'><strong>(essentia</strong></span> <span class='ocrx_word' id='word_1_650' title='bbox 2775 4304 2918 4357; x_wconf 88' lang='lat' dir='ltr'><strong>enim</strong></span> <span class='ocrx_word' id='word_1_651' title='bbox 2957 4306 3061 4360; x_wconf 89' lang='lat' dir='ltr'><strong>diei</strong></span> <span class='ocrx_word' id='word_1_652' title='bbox 3116 4308 3199 4360; x_wconf 79' lang='lat' dir='ltr'><strong>lux</strong></span> <span class='ocrx_word' id='word_1_653' title='bbox 3237 4321 3319 4364; x_wconf 77' lang='lat' dir='ltr'><strong>cst</strong></span> <span class='ocrx_word' id='word_1_654' title='bbox 3357 4313 3471 4367; x_wconf 64' lang='grc' dir='ltr'>ἴοι·-</span> 
     </span>
    </p>
   </div>
   <div class='ocr_carea' id='block_1_88' title="bbox 1889 4383 3470 4472">
    <p class='ocr_par' dir='ltr' id='par_1_88' title="bbox 1889 4383 3470 4472">
     <span class='ocr_line' id='line_1_88' title="bbox 1889 4383 3470 4472; baseline 0.014 -38"><span class='ocrx_word' id='word_1_655' title='bbox 1889 4383 2068 4442; x_wconf 74' lang='lat' dir='ltr'><strong>laesis,</strong></span> <span class='ocrx_word' id='word_1_656' title='bbox 2103 4395 2156 4436; x_wconf 91' lang='lat' dir='ltr'><strong>et</strong></span> <span class='ocrx_word' id='word_1_657' title='bbox 2184 4385 2330 4440; x_wconf 77' lang='lat' dir='ltr'><strong>horae</strong></span> <span class='ocrx_word' id='word_1_658' title='bbox 2385 4406 2398 4443; x_wconf 93' lang='lat'><strong>:</strong></span> <span class='ocrx_word' id='word_1_659' title='bbox 2447 4405 2565 4458; x_wconf 75' lang='lat' dir='ltr'><strong>quae</strong></span> <span class='ocrx_word' id='word_1_660' title='bbox 2599 4393 2762 4459; x_wconf 82' lang='lat' dir='ltr'><strong>igitur</strong></span> <span class='ocrx_word' id='word_1_661' title='bbox 2812 4395 2862 4448; x_wconf 90' lang='lat' dir='ltr'><strong>in</strong></span> <span class='ocrx_word' id='word_1_662' title='bbox 2899 4396 3048 4451; x_wconf 87' lang='lat' dir='ltr'><strong>hisce</strong></span> <span class='ocrx_word' id='word_1_663' title='bbox 3080 4400 3280 4452; x_wconf 88' lang='lat' dir='ltr'><strong>malitia</strong></span> <span class='ocrx_word' id='word_1_664' title='bbox 3306 4403 3470 4472; x_wconf 76' lang='lat' dir='ltr'><strong>est?)</strong></span> 
     </span>
    </p>
   </div>
   <div class='ocr_carea' id='block_1_89' title="bbox 1889 4476 3471 4551">
    <p class='ocr_par' dir='ltr' id='par_1_89' title="bbox 1889 4476 3471 4551">
     <span class='ocr_line' id='line_1_89' title="bbox 1889 4476 3471 4551; baseline 0.013 -23"><span class='ocrx_word' id='word_1_665' title='bbox 1889 4476 1980 4529; x_wconf 85' lang='lat' dir='ltr'><strong>sed</strong></span> <span class='ocrx_word' id='word_1_666' title='bbox 2018 4486 2235 4545; x_wconf 86' lang='lat' dir='ltr'><strong>propter</strong></span> <span class='ocrx_word' id='word_1_667' title='bbox 2268 4493 2329 4533; x_wconf 87' lang='lat' dir='ltr'><strong>ea</strong></span> <span class='ocrx_word' id='word_1_668' title='bbox 2362 4496 2482 4548; x_wconf 71' lang='lat' dir='ltr'><strong>qua:</strong></span> <span class='ocrx_word' id='word_1_669' title='bbox 2511 4483 2564 4536; x_wconf 92' lang='lat' dir='ltr'><strong>in</strong></span> <span class='ocrx_word' id='word_1_670' title='bbox 2589 4485 2776 4540; x_wconf 90' lang='lat' dir='ltr'><strong>diebus</strong></span> <span class='ocrx_word' id='word_1_671' title='bbox 2805 4485 2961 4551; x_wconf 85' lang='lat' dir='ltr'><strong>ﬁunt,</strong></span> <span class='ocrx_word' id='word_1_672' title='bbox 3015 4490 3229 4544; x_wconf 87' lang='lat' dir='ltr'><strong>easdem</strong></span> <span class='ocrx_word' id='word_1_673' title='bbox 3260 4494 3471 4549; x_wconf 87' lang='lat' dir='ltr'><strong>videtur</strong></span> 
     </span>
    </p>
   </div>
   <div class='ocr_carea' id='block_1_90' title="bbox 1888 4567 3465 4642">
    <p class='ocr_par' dir='ltr' id='par_1_90' title="bbox 1888 4567 3465 4642">
     <span class='ocr_line' id='line_1_90' title="bbox 1888 4567 3465 4642; baseline 0.012 -20"><span class='ocrx_word' id='word_1_674' title='bbox 1888 4567 2180 4626; x_wconf 88' lang='lat' dir='ltr'><strong>incusare:</strong></span> <span class='ocrx_word' id='word_1_675' title='bbox 2216 4573 2439 4640; x_wconf 85' lang='lat' dir='ltr'><strong>perinde</strong></span> <span class='ocrx_word' id='word_1_676' title='bbox 2483 4590 2546 4630; x_wconf 88' lang='lat' dir='ltr'><strong>ac</strong></span> <span class='ocrx_word' id='word_1_677' title='bbox 2591 4580 2830 4633; x_wconf 83' lang='lat' dir='ltr'><strong>solemus</strong></span> <span class='ocrx_word' id='word_1_678' title='bbox 2862 4583 3063 4642; x_wconf 85' lang='lat' dir='ltr'><strong>dicere,</strong></span> <span class='ocrx_word' id='word_1_679' title='bbox 3101 4583 3296 4638; x_wconf 81' lang='lat' dir='ltr'><strong>Malunt</strong></span> <span class='ocrx_word' id='word_1_680' title='bbox 3323 4587 3465 4641; x_wconf 87' lang='lat' dir='ltr'><strong>diem</strong></span> 
     </span>
    </p>
   </div>
   <div class='ocr_carea' id='block_1_91' title="bbox 2250 1998 3506 2071">
    <p class='ocr_par' dir='ltr' id='par_1_91' title="bbox 2250 1998 3506 2071">
     <span class='ocr_line' id='line_1_91' title="bbox 2250 1998 3506 2071; baseline 0.015 -22"><span class='ocrx_word' id='word_1_681' title='bbox 2250 2010 2356 2050; x_wconf 88' lang='lat' dir='ltr'><strong>non</strong></span> <span class='ocrx_word' id='word_1_682' title='bbox 2395 1998 2538 2053; x_wconf 89' lang='lat' dir='ltr'><strong>enim</strong></span> <span class='ocrx_word' id='word_1_683' title='bbox 2579 2000 2972 2071; x_wconf 85' lang='lat' dir='ltr'><strong>desperandum</strong></span> <span class='ocrx_word' id='word_1_684' title='bbox 3015 2015 3100 2063; x_wconf 90' lang='lat' dir='ltr'><strong>est</strong></span> <span class='ocrx_word' id='word_1_685' title='bbox 3140 2008 3206 2065; x_wconf 89' lang='lat' dir='ltr'><strong>de</strong></span> <span class='ocrx_word' id='word_1_686' title='bbox 3259 2010 3506 2069; x_wconf 70' lang='lat' dir='ltr'><strong>mutabili</strong></span> 
     </span>
    </p>
   </div>
   <div class='ocr_carea' id='block_1_92' title="bbox 187 4643 1805 4748">
    <p class='ocr_par' dir='ltr' id='par_1_92' title="bbox 187 4643 1805 4732">
     <span class='ocr_line' id='line_1_92' title="bbox 187 4643 1805 4732; baseline 0.017 -38"><span class='ocrx_word' id='word_1_687' title='bbox 187 4643 403 4712; x_wconf 79' lang='grc' dir='ltr'>ἡμέραν</span> <span class='ocrx_word' id='word_1_688' title='bbox 426 4644 704 4714; x_wconf 73' lang='grc' dir='ltr'>διήγαγον,</span> <span class='ocrx_word' id='word_1_689' title='bbox 733 4649 821 4702; x_wconf 73' lang='grc' dir='ltr'><strong>διὰ</strong></span> <span class='ocrx_word' id='word_1_690' title='bbox 845 4650 911 4704; x_wconf 84' lang='grc' dir='ltr'>τὰ</span> <span class='ocrx_word' id='word_1_691' title='bbox 936 4652 994 4703; x_wconf 79' lang='grc' dir='ltr'>ἐν</span> <span class='ocrx_word' id='word_1_692' title='bbox 1031 4653 1196 4725; x_wconf 83' lang='grc' dir='ltr'>ταύτῃ</span> <span class='ocrx_word' id='word_1_693' title='bbox 1234 4655 1516 4726; x_wconf 78' lang='grc' dir='ltr'>συμϐάντα</span> <span class='ocrx_word' id='word_1_694' title='bbox 1543 4643 1768 4732; x_wconf 80' lang='grc' dir='ltr'>δηλαδὴ,</span> <span class='ocrx_word' id='word_1_695' title='bbox 1803 4669 1805 4721; x_wconf 76' lang='grc' dir='ltr'><strong>ξ</strong></span> 
     </span>
    </p>
   </div>
   <div class='ocr_carea' id='block_1_93' title="bbox 1916 4643 3464 4748">
    <p class='ocr_par' dir='ltr' id='par_1_93' title="bbox 1916 4663 3464 4748">
     <span class='ocr_line' id='line_1_93' title="bbox 1916 4663 3464 4748; baseline 0.015 -36"><span class='ocrx_word' id='word_1_696' title='bbox 1916 4663 2148 4732; x_wconf 79' lang='lat' dir='ltr'><strong>rausegi,</strong></span> <span class='ocrx_word' id='word_1_697' title='bbox 2178 4674 2404 4733; x_wconf 90' lang='lat' dir='ltr'><strong>propter</strong></span> <span class='ocrx_word' id='word_1_698' title='bbox 2436 4681 2499 4720; x_wconf 91' lang='lat' dir='ltr'><strong>ea</strong></span> <span class='ocrx_word' id='word_1_699' title='bbox 2535 4668 2789 4723; x_wconf 86' lang='lat' dir='ltr'><strong>nimirum</strong></span> <span class='ocrx_word' id='word_1_700' title='bbox 2827 4687 2946 4740; x_wconf 64' lang='lat' dir='ltr'><strong>qua}</strong></span> <span class='ocrx_word' id='word_1_701' title='bbox 2985 4675 3035 4726; x_wconf 89' lang='lat' dir='ltr'><strong>in</strong></span> <span class='ocrx_word' id='word_1_702' title='bbox 3074 4679 3190 4742; x_wconf 82' lang='lat' dir='ltr'><strong>ipso</strong></span> <span class='ocrx_word' id='word_1_703' title='bbox 3229 4679 3464 4748; x_wconf 83' lang='lat' dir='ltr'><strong>contige-</strong></span> 
     </span>
    </p>
   </div>
   <div class='ocr_carea' id='block_1_94' title="bbox 182 4732 1767 4822">
    <p class='ocr_par' dir='ltr' id='par_1_94' title="bbox 182 4732 1767 4822">
     <span class='ocr_line' id='line_1_94' title="bbox 182 4732 1767 4822; baseline 0.015 -35"><span class='ocrx_word' id='word_1_704' title='bbox 182 4732 223 4787; x_wconf 80' lang='grc' dir='ltr'><strong>ἃ</strong></span> <span class='ocrx_word' id='word_1_705' title='bbox 253 4734 380 4804; x_wconf 85' lang='grc' dir='ltr'>παρ’</span> <span class='ocrx_word' id='word_1_706' title='bbox 408 4735 712 4806; x_wconf 87' lang='grc' dir='ltr'>ἀνθρώπων</span> <span class='ocrx_word' id='word_1_707' title='bbox 737 4741 988 4810; x_wconf 83' lang='grc' dir='ltr'>πονηρῶν</span> <span class='ocrx_word' id='word_1_708' title='bbox 1015 4745 1231 4812; x_wconf 81' lang='grc' dir='ltr'>ἐγένετο</span> <span class='ocrx_word' id='word_1_709' title='bbox 1254 4747 1319 4815; x_wconf 82' lang='grc'><strong>³²,</strong></span> <span class='ocrx_word' id='word_1_710' title='bbox 1342 4749 1403 4801; x_wconf 84' lang='grc' dir='ltr'><strong>οὐ</strong></span> <span class='ocrx_word' id='word_1_711' title='bbox 1429 4751 1580 4822; x_wconf 81' lang='grc' dir='ltr'><strong>παρά</strong></span> <span class='ocrx_word' id='word_1_712' title='bbox 1609 4754 1767 4811; x_wconf 80' lang='grc' dir='ltr'>Θεοῦ.</span> 
     </span>
    </p>
   </div>
   <div class='ocr_carea' id='block_1_95' title="bbox 185 4827 1770 4912">
    <p class='ocr_par' dir='ltr' id='par_1_95' title="bbox 185 4827 1770 4912">
     <span class='ocr_line' id='line_1_95' title="bbox 185 4827 1770 4912; baseline 0.014 -34"><span class='ocrx_word' id='word_1_713' title='bbox 185 4827 288 4878; x_wconf 79' lang='grc' dir='ltr'>Διά</span> <span class='ocrx_word' id='word_1_714' title='bbox 327 4827 483 4881; x_wconf 75' lang='grc' dir='ltr'>τοῦτο</span> <span class='ocrx_word' id='word_1_715' title='bbox 521 4831 702 4883; x_wconf 84' lang='grc' dir='ltr'>τοίνυν</span> <span class='ocrx_word' id='word_1_716' title='bbox 741 4833 796 4884; x_wconf 86' lang='grc' dir='ltr'><strong>αί</strong></span> <span class='ocrx_word' id='word_1_717' title='bbox 847 4834 1051 4906; x_wconf 87' lang='grc' dir='ltr'>ἡμέραι</span> <span class='ocrx_word' id='word_1_718' title='bbox 1091 4841 1331 4909; x_wconf 74' lang='grc' dir='ltr'>πονηραὶ</span> <span class='ocrx_word' id='word_1_719' title='bbox 1375 4841 1645 4911; x_wconf 82' lang='grc' dir='ltr'>λέγονται,</span> <span class='ocrx_word' id='word_1_720' title='bbox 1693 4845 1770 4912; x_wconf 83' lang='grc' dir='ltr'>ὡς</span> 
     </span>
    </p>
   </div>
   <div class='ocr_carea' id='block_1_96' title="bbox 184 4921 1747 5005">
    <p class='ocr_par' dir='ltr' id='par_1_96' title="bbox 184 4921 1747 5005">
     <span class='ocr_line' id='line_1_96' title="bbox 184 4921 1747 5005; baseline 0.013 -34"><span class='ocrx_word' id='word_1_721' title='bbox 184 4921 458 4990; x_wconf 73' lang='grc' dir='ltr'>πονηρους</span> <span class='ocrx_word' id='word_1_722' title='bbox 489 4921 809 4993; x_wconf 82' lang='grc' dir='ltr'>ἀνθρώπους</span> <span class='ocrx_word' id='word_1_723' title='bbox 840 4923 1060 4994; x_wconf 78' lang='grc' dir='ltr'>ἔχουσαι</span> <span class='ocrx_word' id='word_1_724' title='bbox 1091 4930 1150 4981; x_wconf 83' lang='grc' dir='ltr'>ὲν</span> <span class='ocrx_word' id='word_1_725' title='bbox 1179 4931 1368 4996; x_wconf 83' lang='grc' dir='ltr'>αὐταῖς</span> <span class='ocrx_word' id='word_1_726' title='bbox 1407 4935 1747 5005; x_wconf 83' lang='grc' dir='ltr'>κρατοῦντας</span> 
     </span>
    </p>
   </div>
   <div class='ocr_carea' id='block_1_97' title="bbox 261 5102 1766 5185">
    <p class='ocr_par' dir='ltr' id='par_1_97' title="bbox 261 5102 1766 5185">
     <span class='ocr_line' id='line_1_97' title="bbox 261 5102 1766 5185; baseline 0.017 -33"><span class='ocrx_word' id='word_1_727' title='bbox 261 5119 282 5152; x_wconf 74' lang='grc' dir='ltr'>σ</span> <span class='ocrx_word' id='word_1_728' title='bbox 315 5103 412 5156; x_wconf 84' lang='grc' dir='ltr'>Διά</span> <span class='ocrx_word' id='word_1_729' title='bbox 437 5102 593 5158; x_wconf 75' lang='grc' dir='ltr'>τοῦτο</span> <span class='ocrx_word' id='word_1_730' title='bbox 626 5106 698 5176; x_wconf 78' lang='grc' dir='ltr'>μὴ</span> <span class='ocrx_word' id='word_1_731' title='bbox 726 5108 937 5174; x_wconf 76' lang='grc' dir='ltr'>γίνεσθε</span> <span class='ocrx_word' id='word_1_732' title='bbox 963 5110 1217 5183; x_wconf 78' lang='grc' dir='ltr'>ἄφρονες,</span> <span class='ocrx_word' id='word_1_733' title='bbox 1240 5115 1376 5171; x_wconf 84' lang='grc' dir='ltr'><strong>ἀλλά</strong></span> <span class='ocrx_word' id='word_1_734' title='bbox 1407 5118 1680 5185; x_wconf 83' lang='grc' dir='ltr'>συνιέντες</span> <span class='ocrx_word' id='word_1_735' title='bbox 1711 5124 1766 5177; x_wconf 88' lang='grc' dir='ltr'><strong>τί</strong></span> 
     </span>
    </p>
   </div>
   <div class='ocr_carea' id='block_1_98' title="bbox 177 5191 1764 5283">
    <p class='ocr_par' dir='ltr' id='par_1_98' title="bbox 177 5191 1764 5283">
     <span class='ocr_line' id='line_1_98' title="bbox 177 5191 1764 5283; baseline 0.015 -40"><span class='ocrx_word' id='word_1_736' title='bbox 177 5191 244 5244; x_wconf 78' lang='grc' dir='ltr'>τὸ</span> <span class='ocrx_word' id='word_1_737' title='bbox 281 5191 494 5262; x_wconf 80' lang='grc' dir='ltr'>θέλημα</span> <span class='ocrx_word' id='word_1_738' title='bbox 538 5195 634 5247; x_wconf 85' lang='grc' dir='ltr'>τοῦ</span> <span class='ocrx_word' id='word_1_739' title='bbox 684 5196 843 5252; x_wconf 79' lang='grc' dir='ltr'>Θεοῦ.</span> <span class='ocrx_word' id='word_1_740' title='bbox 890 5218 907 5251; x_wconf 74' lang='grc' dir='ltr'><strong>ι</strong></span> <span class='ocrx_word' id='word_1_741' title='bbox 956 5200 1198 5274; x_wconf 84' lang='grc' dir='ltr'>Ἐπειδὴ,</span> <span class='ocrx_word' id='word_1_742' title='bbox 1242 5207 1429 5276; x_wconf 78' lang='grc' dir='ltr'>φησὶν,</span> <span class='ocrx_word' id='word_1_743' title='bbox 1464 5211 1520 5262; x_wconf 83' lang='grc' dir='ltr'><strong>αῖ</strong></span> <span class='ocrx_word' id='word_1_744' title='bbox 1561 5211 1764 5283; x_wconf 87' lang='grc' dir='ltr'>ἡμέραι</span> 
     </span>
    </p>
   </div>
   <div class='ocr_carea' id='block_1_99' title="bbox 178 5287 1760 5372">
    <p class='ocr_par' dir='ltr' id='par_1_99' title="bbox 178 5287 1760 5372">
     <span class='ocr_line' id='line_1_99' title="bbox 178 5287 1760 5372; baseline 0.015 -38"><span class='ocrx_word' id='word_1_745' title='bbox 178 5287 455 5352; x_wconf 71' lang='grc' dir='ltr'>πονηροὺς</span> <span class='ocrx_word' id='word_1_746' title='bbox 509 5287 830 5358; x_wconf 79' lang='grc' dir='ltr'>ἀνθρώπους</span> <span class='ocrx_word' id='word_1_747' title='bbox 887 5290 1126 5361; x_wconf 77' lang='grc' dir='ltr'>ἔχουσιν,</span> <span class='ocrx_word' id='word_1_748' title='bbox 1173 5297 1330 5366; x_wconf 83' lang='grc' dir='ltr'>ὑμεῖς</span> <span class='ocrx_word' id='word_1_749' title='bbox 1376 5298 1452 5362; x_wconf 87' lang='grc' dir='ltr'>ὼς</span> <span class='ocrx_word' id='word_1_750' title='bbox 1506 5303 1760 5372; x_wconf 80' lang='grc' dir='ltr'>φρόνιμοι</span> 
     </span>
    </p>
   </div>
   <div class='ocr_carea' id='block_1_100' title="bbox 177 5376 1760 5459">
    <p class='ocr_par' dir='ltr' id='par_1_100' title="bbox 177 5376 1760 5459">
     <span class='ocr_line' id='line_1_100' title="bbox 177 5376 1760 5459; baseline 0.013 -31"><span class='ocrx_word' id='word_1_751' title='bbox 177 5376 442 5430; x_wconf 81' lang='grc' dir='ltr'>σπεύδετε</span> <span class='ocrx_word' id='word_1_752' title='bbox 492 5381 764 5450; x_wconf 81' lang='grc' dir='ltr'>μηδεμίαν</span> <span class='ocrx_word' id='word_1_753' title='bbox 797 5382 982 5444; x_wconf 82' lang='grc' dir='ltr'>αὐτοῖς</span> <span class='ocrx_word' id='word_1_754' title='bbox 1021 5387 1277 5459; x_wconf 79' lang='grc' dir='ltr'>ἀφορμὴν</span> <span class='ocrx_word' id='word_1_755' title='bbox 1309 5390 1508 5444; x_wconf 85' lang='grc' dir='ltr'>διδόναι</span> <span class='ocrx_word' id='word_1_756' title='bbox 1535 5408 1546 5423; x_wconf 77' lang='grc'><strong><em>⁸</em></strong></span> <span class='ocrx_word' id='word_1_757' title='bbox 1600 5394 1760 5448; x_wconf 86' lang='grc' dir='ltr'>τοῦτο</span> 
     </span>
    </p>
   </div>
   <div class='ocr_carea' id='block_1_101' title="bbox 176 5471 1761 5556">
    <p class='ocr_par' dir='ltr' id='par_1_101' title="bbox 176 5471 1761 5556">
     <span class='ocr_line' id='line_1_101' title="bbox 176 5471 1761 5556; baseline 0.013 -35"><span class='ocrx_word' id='word_1_758' title='bbox 176 5471 292 5540; x_wconf 69' lang='grc' dir='ltr'><strong>γὰρ</strong></span> <span class='ocrx_word' id='word_1_759' title='bbox 331 5471 390 5523; x_wconf 71' lang='grc' dir='ltr'>τὸ</span> <span class='ocrx_word' id='word_1_760' title='bbox 413 5471 624 5542; x_wconf 82' lang='grc' dir='ltr'>θέλημα</span> <span class='ocrx_word' id='word_1_761' title='bbox 649 5475 744 5527; x_wconf 83' lang='grc' dir='ltr'><strong>τοῦ</strong></span> <span class='ocrx_word' id='word_1_762' title='bbox 780 5475 938 5539; x_wconf 82' lang='grc' dir='ltr'>Θεοῦ,</span> <span class='ocrx_word' id='word_1_763' title='bbox 974 5478 1034 5530; x_wconf 82' lang='grc' dir='ltr'><strong>τὸ</strong></span> <span class='ocrx_word' id='word_1_764' title='bbox 1074 5479 1132 5531; x_wconf 84' lang='grc' dir='ltr'>ὲν</span> <span class='ocrx_word' id='word_1_765' title='bbox 1163 5483 1328 5534; x_wconf 81' lang='grc' dir='ltr'>πᾶσιν</span> <span class='ocrx_word' id='word_1_766' title='bbox 1360 5485 1761 5556; x_wconf 83' lang='grc' dir='ltr'>ἀνεπιλήπτους</span> 
     </span>
    </p>
   </div>
   <div class='ocr_carea' id='block_1_102' title="bbox 178 5565 1756 5648">
    <p class='ocr_par' dir='ltr' id='par_1_102' title="bbox 178 5565 1756 5648">
     <span class='ocr_line' id='line_1_102' title="bbox 178 5565 1756 5648; baseline 0.015 -34"><span class='ocrx_word' id='word_1_767' title='bbox 178 5565 408 5628; x_wconf 70' lang='grc' dir='ltr'>ἑαυτοὺς</span> <span class='ocrx_word' id='word_1_768' title='bbox 431 5569 640 5636; x_wconf 80' lang='grc' dir='ltr'>τηρεῖν,</span> <span class='ocrx_word' id='word_1_769' title='bbox 679 5571 820 5638; x_wconf 75' lang='grc' dir='ltr'>μετὰ</span> <span class='ocrx_word' id='word_1_770' title='bbox 850 5570 944 5624; x_wconf 75' lang='grc' dir='ltr'>τοῦ</span> <span class='ocrx_word' id='word_1_771' title='bbox 981 5573 1072 5625; x_wconf 68' lang='grc' dir='ltr'><strong>καὶ</strong></span> <span class='ocrx_word' id='word_1_772' title='bbox 1111 5575 1210 5644; x_wconf 78' lang='grc' dir='ltr'>τὴν</span> <span class='ocrx_word' id='word_1_773' title='bbox 1247 5577 1424 5631; x_wconf 85' lang='grc' dir='ltr'>πίστιν</span> <span class='ocrx_word' id='word_1_774' title='bbox 1449 5581 1756 5648; x_wconf 84' lang='grc' dir='ltr'>φυλάττειν.</span> 
     </span>
    </p>
   </div>
   <div class='ocr_carea' id='block_1_103' title="bbox 1876 4753 3460 4828">
    <p class='ocr_par' dir='ltr' id='par_1_103' title="bbox 1876 4753 3460 4828">
     <span class='ocr_line' id='line_1_103' title="bbox 1876 4753 3460 4828; baseline 0.009 -24"><span class='ocrx_word' id='word_1_775' title='bbox 1876 4757 2021 4814; x_wconf 89' lang='lat' dir='ltr'><strong>runt,</strong></span> <span class='ocrx_word' id='word_1_776' title='bbox 2058 4765 2176 4817; x_wconf 68' lang='lat' dir='ltr'><strong>qua!</strong></span> <span class='ocrx_word' id='word_1_777' title='bbox 2225 4753 2293 4806; x_wconf 88' lang='lat' dir='ltr'><strong>ab</strong></span> <span class='ocrx_word' id='word_1_778' title='bbox 2326 4754 2638 4812; x_wconf 85' lang='lat' dir='ltr'><strong>hominibus</strong></span> <span class='ocrx_word' id='word_1_779' title='bbox 2689 4760 2871 4828; x_wconf 86' lang='lat' dir='ltr'><strong>pravis</strong></span> <span class='ocrx_word' id='word_1_780' title='bbox 2914 4760 3054 4812; x_wconf 73' lang='lat' dir='ltr'><strong>facta</strong></span> <span class='ocrx_word' id='word_1_781' title='bbox 3102 4771 3248 4826; x_wconf 88' lang='lat' dir='ltr'><strong>sunt,</strong></span> <span class='ocrx_word' id='word_1_782' title='bbox 3296 4778 3398 4817; x_wconf 89' lang='lat' dir='ltr'><strong>non</strong></span> <span class='ocrx_word' id='word_1_783' title='bbox 3435 4781 3460 4818; x_wconf 87' lang='lat' dir='ltr'><strong>a</strong></span> 
     </span>
    </p>
   </div>
   <div class='ocr_carea' id='block_1_104' title="bbox 1879 4840 3460 4920">
    <p class='ocr_par' dir='ltr' id='par_1_104' title="bbox 1879 4840 3460 4920">
     <span class='ocr_line' id='line_1_104' title="bbox 1879 4840 3460 4920; baseline 0.009 -26"><span class='ocrx_word' id='word_1_784' title='bbox 1879 4840 2003 4896; x_wconf 91' lang='lat' dir='ltr'><strong>Deo.</strong></span> <span class='ocrx_word' id='word_1_785' title='bbox 2039 4842 2333 4912; x_wconf 83' lang='lat' dir='ltr'><strong>Propterea</strong></span> <span class='ocrx_word' id='word_1_786' title='bbox 2395 4848 2556 4916; x_wconf 79' lang='lat' dir='ltr'><strong>igitur</strong></span> <span class='ocrx_word' id='word_1_787' title='bbox 2615 4851 2727 4904; x_wconf 90' lang='lat' dir='ltr'><strong>dies</strong></span> <span class='ocrx_word' id='word_1_788' title='bbox 2783 4853 2930 4920; x_wconf 86' lang='lat' dir='ltr'><strong>pravi</strong></span> <span class='ocrx_word' id='word_1_789' title='bbox 2995 4853 3286 4918; x_wconf 81' lang='lat' dir='ltr'><strong>dicuntur,</strong></span> <span class='ocrx_word' id='word_1_790' title='bbox 3340 4864 3460 4909; x_wconf 83' lang='lat' dir='ltr'><strong>tan-</strong></span> 
     </span>
    </p>
   </div>
   <div class='ocr_carea' id='block_1_105' title="bbox 1875 4934 3453 5000">
    <p class='ocr_par' dir='ltr' id='par_1_105' title="bbox 1875 4934 3453 5000">
     <span class='ocr_line' id='line_1_105' title="bbox 1875 4934 3453 5000; baseline 0.012 -18"><span class='ocrx_word' id='word_1_791' title='bbox 1875 4945 2036 5000; x_wconf 89' lang='lat' dir='ltr'><strong>quam</strong></span> <span class='ocrx_word' id='word_1_792' title='bbox 2075 4934 2372 4991; x_wconf 83' lang='lat' dir='ltr'><strong>sccleratos</strong></span> <span class='ocrx_word' id='word_1_793' title='bbox 2420 4939 2668 4994; x_wconf 84' lang='lat' dir='ltr'><strong>homines</strong></span> <span class='ocrx_word' id='word_1_794' title='bbox 2718 4941 2769 4995; x_wconf 91' lang='lat' dir='ltr'><strong>in</strong></span> <span class='ocrx_word' id='word_1_795' title='bbox 2823 4941 2928 4996; x_wconf 90' lang='lat' dir='ltr'><strong>illis</strong></span> <span class='ocrx_word' id='word_1_796' title='bbox 2983 4943 3326 5000; x_wconf 81' lang='lat' dir='ltr'><strong>dominantes</strong></span> <span class='ocrx_word' id='word_1_797' title='bbox 3358 4948 3453 5000; x_wconf 55' lang='lat' dir='ltr'><strong>ha.</strong></span> 
     </span>
    </p>
   </div>
   <div class='ocr_carea' id='block_1_106' title="bbox 1873 5029 2054 5083">
    <p class='ocr_par' dir='ltr' id='par_1_106' title="bbox 1873 5029 2054 5083">
     <span class='ocr_line' id='line_1_106' title="bbox 1873 5029 2054 5083; baseline -0.006 0"><span class='ocrx_word' id='word_1_798' title='bbox 1873 5029 2054 5083; x_wconf 84' lang='lat' dir='ltr'><strong>beant.</strong></span> 
     </span>
    </p>
   </div>
   <div class='ocr_carea' id='block_1_107' title="bbox 1951 5118 3449 5196">
    <p class='ocr_par' dir='ltr' id='par_1_107' title="bbox 1951 5118 3449 5196">
     <span class='ocr_line' id='line_1_107' title="bbox 1951 5118 3449 5196; baseline 0.009 -26"><span class='ocrx_word' id='word_1_799' title='bbox 1951 5118 2106 5173; x_wconf 70' lang='lat' dir='ltr'><strong>Vens.</strong></span> <span class='ocrx_word' id='word_1_800' title='bbox 2147 5119 2231 5174; x_wconf 81' lang='lat' dir='ltr'><strong>i7.</strong></span> <span class='ocrx_word' id='word_1_801' title='bbox 2274 5139 2291 5172; x_wconf 77' lang='grc' dir='ltr'><strong>ι</strong></span> <span class='ocrx_word' id='word_1_802' title='bbox 2334 5119 2622 5192; x_wconf 84' lang='lat' dir='ltr'><strong>Propterea</strong></span> <span class='ocrx_word' id='word_1_803' title='bbox 2653 5139 2762 5178; x_wconf 90' lang='lat' dir='ltr'><strong>non</strong></span> <span class='ocrx_word' id='word_1_804' title='bbox 2788 5125 2914 5180; x_wconf 81' lang='lat' dir='ltr'><strong>sitis</strong></span> <span class='ocrx_word' id='word_1_805' title='bbox 2940 5127 3329 5196; x_wconf 81' lang='lat' dir='ltr'><strong>imprudentes,</strong></span> <span class='ocrx_word' id='word_1_806' title='bbox 3355 5133 3449 5184; x_wconf 86' lang='lat' dir='ltr'><strong>sed</strong></span> 
     </span>
    </p>
   </div>
   <div class='ocr_carea' id='block_1_108' title="bbox 1874 5213 3446 5291">
    <p class='ocr_par' dir='ltr' id='par_1_108' title="bbox 1874 5213 3446 5291">
     <span class='ocr_line' id='line_1_108' title="bbox 1874 5213 3446 5291; baseline 0.008 -24"><span class='ocrx_word' id='word_1_807' title='bbox 1874 5213 2238 5283; x_wconf 83' lang='lat' dir='ltr'><strong>intelligentes</strong></span> <span class='ocrx_word' id='word_1_808' title='bbox 2287 5231 2409 5286; x_wconf 67' lang='lat' dir='ltr'><strong>qua:</strong></span> <span class='ocrx_word' id='word_1_809' title='bbox 2457 5220 2528 5273; x_wconf 91' lang='lat' dir='ltr'><strong>sit</strong></span> <span class='ocrx_word' id='word_1_810' title='bbox 2563 5221 2812 5277; x_wconf 84' lang='lat' dir='ltr'><strong>voluntas</strong></span> <span class='ocrx_word' id='word_1_811' title='bbox 2865 5222 2980 5278; x_wconf 89' lang='lat' dir='ltr'><strong>Dei.</strong></span> <span class='ocrx_word' id='word_1_812' title='bbox 3045 5241 3062 5275; x_wconf 77' lang='grc' dir='ltr'><strong>ι</strong></span> <span class='ocrx_word' id='word_1_813' title='bbox 3113 5224 3247 5290; x_wconf 84' lang='lat' dir='ltr'><strong>Quia</strong></span> <span class='ocrx_word' id='word_1_814' title='bbox 3307 5225 3446 5291; x_wconf 89' lang='lat' dir='ltr'><strong>dies,</strong></span> 
     </span>
    </p>
   </div>
   <div class='ocr_carea' id='block_1_109' title="bbox 1873 5306 3448 5385">
    <p class='ocr_par' dir='ltr' id='par_1_109' title="bbox 1873 5306 3448 5385">
     <span class='ocr_line' id='line_1_109' title="bbox 1873 5306 3448 5385; baseline 0.007 -25"><span class='ocrx_word' id='word_1_815' title='bbox 1873 5306 2068 5376; x_wconf 88' lang='lat' dir='ltr'><strong>inquit,</strong></span> <span class='ocrx_word' id='word_1_816' title='bbox 2103 5323 2302 5377; x_wconf 84' lang='lat' dir='ltr'><strong>pravos</strong></span> <span class='ocrx_word' id='word_1_817' title='bbox 2331 5310 2581 5366; x_wconf 85' lang='lat' dir='ltr'><strong>homines</strong></span> <span class='ocrx_word' id='word_1_818' title='bbox 2602 5313 2859 5376; x_wconf 83' lang='lat' dir='ltr'><strong>habeant,</strong></span> <span class='ocrx_word' id='word_1_819' title='bbox 2891 5329 2990 5369; x_wconf 83' lang='lat' dir='ltr'><strong>vos</strong></span> <span class='ocrx_word' id='word_1_820' title='bbox 3022 5316 3196 5370; x_wconf 86' lang='lat' dir='ltr'><strong>instar</strong></span> <span class='ocrx_word' id='word_1_821' title='bbox 3214 5316 3448 5385; x_wconf 83' lang='lat' dir='ltr'><strong>pruden-</strong></span> 
     </span>
    </p>
   </div>
   <div class='ocr_carea' id='block_1_110' title="bbox 1870 5399 3444 5470">
    <p class='ocr_par' dir='ltr' id='par_1_110' title="bbox 1870 5399 3444 5470">
     <span class='ocr_line' id='line_1_110' title="bbox 1870 5399 3444 5470; baseline 0.009 -20"><span class='ocrx_word' id='word_1_822' title='bbox 1870 5399 2002 5452; x_wconf 80' lang='lat' dir='ltr'><strong>tium</strong></span> <span class='ocrx_word' id='word_1_823' title='bbox 2045 5406 2169 5455; x_wconf 84' lang='lat' dir='ltr'><strong>date</strong></span> <span class='ocrx_word' id='word_1_824' title='bbox 2209 5418 2453 5470; x_wconf 83' lang='lat' dir='ltr'><strong>operam,</strong></span> <span class='ocrx_word' id='word_1_825' title='bbox 2508 5421 2573 5459; x_wconf 80' lang='lat' dir='ltr'><strong>ne</strong></span> <span class='ocrx_word' id='word_1_826' title='bbox 2605 5407 2764 5459; x_wconf 89' lang='lat' dir='ltr'><strong>ultam</strong></span> <span class='ocrx_word' id='word_1_827' title='bbox 2802 5408 2881 5461; x_wconf 91' lang='lat' dir='ltr'><strong>eis</strong></span> <span class='ocrx_word' id='word_1_828' title='bbox 2911 5408 3254 5464; x_wconf 85' lang='lat' dir='ltr'><strong>occasionem</strong></span> <span class='ocrx_word' id='word_1_829' title='bbox 3283 5409 3444 5464; x_wconf 79' lang='lat' dir='ltr'><strong>detis.</strong></span> 
     </span>
    </p>
   </div>
   <div class='ocr_carea' id='block_1_111' title="bbox 1867 5491 3443 5558">
    <p class='ocr_par' dir='ltr' id='par_1_111' title="bbox 1867 5491 3443 5558">
     <span class='ocr_line' id='line_1_111' title="bbox 1867 5491 3443 5558; baseline 0.007 -12"><span class='ocrx_word' id='word_1_830' title='bbox 1867 5491 1991 5548; x_wconf 69' lang='lat' dir='ltr'><strong>Hmc</strong></span> <span class='ocrx_word' id='word_1_831' title='bbox 2023 5498 2168 5550; x_wconf 82' lang='lat' dir='ltr'><strong>enim</strong></span> <span class='ocrx_word' id='word_1_832' title='bbox 2226 5509 2309 5552; x_wconf 85' lang='lat' dir='ltr'><strong>cst</strong></span> <span class='ocrx_word' id='word_1_833' title='bbox 2358 5501 2607 5554; x_wconf 80' lang='lat' dir='ltr'><strong>voluntas</strong></span> <span class='ocrx_word' id='word_1_834' title='bbox 2656 5499 2770 5555; x_wconf 88' lang='lat' dir='ltr'><strong>Dei.</strong></span> <span class='ocrx_word' id='word_1_835' title='bbox 2832 5511 2889 5556; x_wconf 89' lang='lat' dir='ltr'><strong>ut</strong></span> <span class='ocrx_word' id='word_1_836' title='bbox 2942 5517 3039 5558; x_wconf 81' lang='lat' dir='ltr'><strong>vos</strong></span> <span class='ocrx_word' id='word_1_837' title='bbox 3097 5503 3148 5558; x_wconf 88' lang='lat' dir='ltr'><strong>in</strong></span> <span class='ocrx_word' id='word_1_838' title='bbox 3194 5503 3443 5558; x_wconf 81' lang='lat' dir='ltr'><strong>omnibus</strong></span> 
     </span>
    </p>
   </div>
   <div class='ocr_carea' id='block_1_112' title="bbox 1861 5571 2870 5655">
    <p class='ocr_par' dir='ltr' id='par_1_112' title="bbox 1861 5571 2870 5655">
     <span class='ocr_line' id='line_1_112' title="bbox 1861 5571 2870 5655; baseline 0.01 -17"><span class='ocrx_word' id='word_1_839' title='bbox 1861 5571 2171 5655; x_wconf 2' lang='lat' dir='ltr'><strong>linculpatos</strong></span> <span class='ocrx_word' id='word_1_840' title='bbox 2205 5589 2350 5642; x_wconf 80' lang='lat' dir='ltr'><strong>salva</strong></span> <span class='ocrx_word' id='word_1_841' title='bbox 2387 5589 2491 5646; x_wconf 86' lang='lat' dir='ltr'><strong>tide</strong></span> <span class='ocrx_word' id='word_1_842' title='bbox 2515 5592 2870 5648; x_wconf 82' lang='lat' dir='ltr'><strong>conservetis.</strong></span> 
     </span>
    </p>
   </div>
   <div class='ocr_carea' id='block_1_113' title="bbox 1532 5737 2101 5805">
    <p class='ocr_par' dir='ltr' id='par_1_113' title="bbox 1532 5737 2101 5805">
     <span class='ocr_line' id='line_1_113' title="bbox 1532 5737 2101 5805; baseline 0.007 -7"><span class='ocrx_word' id='word_1_843' title='bbox 1532 5737 1729 5800; x_wconf 75' lang='lat' dir='ltr'><strong>Variae</strong></span> <span class='ocrx_word' id='word_1_844' title='bbox 1774 5740 2101 5805; x_wconf 83' lang='lat' dir='ltr'><strong>lectiones.</strong></span> 
     </span>
    </p>
   </div>
   <div class='ocr_carea' id='block_1_114' title="bbox 516 5869 1514 5947">
    <p class='ocr_par' dir='ltr' id='par_1_114' title="bbox 516 5869 1514 5947">
     <span class='ocr_line' id='line_1_114' title="bbox 516 5869 1514 5947; baseline 0.015 -31"><span class='ocrx_word' id='word_1_845' title='bbox 516 5883 528 5928; x_wconf 86' lang='lat'><strong>;</strong></span> <span class='ocrx_word' id='word_1_846' title='bbox 566 5881 615 5918; x_wconf 88' lang='lat'><strong>0.</strong></span> <span class='ocrx_word' id='word_1_847' title='bbox 699 5869 739 5899; x_wconf 56' lang='lat'><strong>5°</strong></span> <span class='ocrx_word' id='word_1_848' title='bbox 773 5873 1076 5939; x_wconf 74' lang='grc' dir='ltr'>νομισθεῖεν</span> <span class='ocrx_word' id='word_1_849' title='bbox 1102 5893 1151 5927; x_wconf 86' lang='lat' dir='ltr'><strong>u.</strong></span> <span class='ocrx_word' id='word_1_850' title='bbox 1233 5877 1271 5906; x_wconf 83' lang='grc'><strong>³¹</strong></span> <span class='ocrx_word' id='word_1_851' title='bbox 1308 5879 1435 5947; x_wconf 69' lang='grc' dir='ltr'>ὑμῖν</span> <span class='ocrx_word' id='word_1_852' title='bbox 1465 5896 1514 5934; x_wconf 83' lang='lat'><strong>0.</strong></span> 
     </span>
    </p>
   </div>
   <div class='ocr_carea' id='block_1_115' title="bbox 1598 5882 2033 5951">
    <p class='ocr_par' dir='ltr' id='par_1_115' title="bbox 1598 5882 2033 5951">
     <span class='ocr_line' id='line_1_115' title="bbox 1598 5882 2033 5951; baseline 0.016 -19"><span class='ocrx_word' id='word_1_853' title='bbox 1598 5882 1639 5914; x_wconf 80' lang='grc'><em>³³</em></span> <span class='ocrx_word' id='word_1_854' title='bbox 1696 5883 1934 5951; x_wconf 78' lang='grc' dir='ltr'>γίνονται</span> <span class='ocrx_word' id='word_1_855' title='bbox 1981 5901 2033 5941; x_wconf 91' lang='grc' dir='ltr'>ο.</span> 
     </span>
    </p>
   </div>
  </div>
