4226 6440
797 343 927 410 illi

788 545 1046 616 mrrig‘it:
1079 563 1201 602 nam
1231 559 1284 602 et
1321 548 1428 601 vitii
1469 548 1824 603 immoderata
1876 552 2021 618 potio
2066 551 2356 612 iracundos

785 641 914 694 facit
974 655 1036 695 ac
1095 639 1430 696 temerarios.
1486 639 1636 708 Quod
1702 653 1880 696 autem
1937 642 2352 698 immoderatum

785 748 940 787 usum
969 734 1202 796 damnet,
1233 733 1454 801 planum
1506 741 1586 786 est
1639 746 1702 787 ex
1735 748 1819 797 eo,
1866 734 2006 801 quod
2042 750 2146 788 non
2195 735 2350 797 dixit,

783 825 862 880 Ne
918 825 1119 878 bibite:
1174 825 1289 891 sed,
1334 844 1351 876 ι
1410 825 1489 878 Ne
1539 825 1905 879 iuebriamini.
1939 845 1957 878 ι
2018 825 2351 881 Temuleutia

785 929 961 971 autem
991 926 1073 970 est
1096 916 1166 970 ab
1193 932 1417 971 excessu
1445 935 1458 981 ;
1490 932 1611 971 nam
1649 917 1829 970 vinum
1876 918 2151 974 moderate
2203 934 2354 972 sum-

784 1017 932 1077 “qu
973 1018 1025 1060 et
1061 1008 1346 1062 sanitatem
1379 1006 1540 1062 eﬂicit
1597 1007 1842 1080 (perinde
1865 1023 1924 1062 ac
1957 1010 2244 1078 ipseietiam
2279 1010 2355 1065 ait

783 1102 848 1152 ad
875 1100 1214 1153 Timotheum
1240 1099 1287 1167 1)
1307 1110 1362 1152 et
1392 1099 1650 1163 laetitiam,
1673 1111 1734 1153 ut
1763 1098 1926 1154 David
1951 1101 2025 1154 ait
2049 1108 2092 1156 ³.
2143 1099 2355 1156 Rursus

786 1191 1064 1258 Scriptura
1099 1191 1210 1243 ait:
1243 1193 1259 1225 ί
1292 1190 1454 1244 «Date
1475 1191 1653 1243 vinum
1681 1191 2055 1252 mcerentibus,
2085 1205 2147 1245 ac
2173 1191 2353 1246 ebrie-

784 1293 945 1336 tatem
989 1301 1004 1332 ι
1069 1285 1181 1336 sive
1233 1283 1596 1350 profusionem
1633 1301 1650 1333 ι
1686 1282 2015 1337 dolentibus.
2058 1303 2076 1334 ι
2136 1283 2354 1339 Frontis

783 1374 926 1426 t'llilll
961 1375 1305 1442 asperitatem
1354 1374 1517 1443 410
1547 1384 1603 1427 et
1640 1374 1864 1428 nebulas
1909 1375 2154 1429 dissolvit
2186 1393 2198 1430 :
2231 1391 2356 1445 pro-

784 1476 966 1530 pterea
999 1477 1050 1518 et
1079 1480 1307 1535 corpora
1337 1457 1517 1520 nostra
1554 1466 1696 1520 Deus
1724 1466 1999 1521 moderata
2050 1476 2104 1521 et
2133 1481 2355 1536 prepor-

787 1555 1059 1608 tionabilia
1128 1557 1277 1618 fecit,
1337 1566 1396 1609 ut
1456 1559 1644 1625 paucis
1692 1557 1800 1611 sint
1852 1566 2125 1621 contenta,
2180 1565 2235 1611 et
2289 1559 2353 1612 ad

785 1647 1005 1699 alteram
1047 1647 1210 1700 vitam
1237 1645 1513 1700 festinent.

867 1758 882 1788 ι
919 1739 972 1791 lu
1007 1756 1113 1806 quo
1142 1748 1223 1792 est
1257 1737 1430 1792 luxus.
1466 1758 1482 1789 ι
1522 1737 1634 1793 lloe
1660 1751 1743 1794 est
1791 1742 2176 1797 immoderatus
2204 1757 2350 1796 usus.

1711 349 2286 410 THEOPHYLACTI
2329 350 2738 412 BULGARI/E
2779 352 3134 414 ARCIIIEP.

863 457 1026 510 Vnus.
1053 455 1138 510 18.
1171 475 1187 505 ι
1221 454 1285 509 Et
1317 455 1478 508 nolite
1505 453 1758 509 inebriari
1789 457 1931 510 vino.
1966 475 1983 508 ι
2015 458 2154 511 Iram
2178 457 2355 512 adhuc
2384 462 2429 515 Λ

3908 351 4060 413 11ίέ

2538 477 2555 508 ι
2604 459 2714 512 Καὶ
2748 461 2824 529 μὴ
2859 458 3196 529 μεθύσκεσθε
3230 459 3379 528 οἴνῳ.
3414 476 3431 508 ι
3469 458 3575 511 Καὶ
3604 459 3684 513 ἔτι
3731 462 3833 530 τὴν
3874 461 4060 527 ὀργὴν

2462 549 2714 613 κολάζει·
2762 552 2859 602 καὶ
2913 551 3023 620 γὰρ
3070 548 3161 602 τοῦ
3211 549 3356 602 οίνου
3415 550 3448 620 ὴ
3493 550 3730 618 ἀμετρία
3790 550 4060 618 ὀργίλους

2458 642 2604 691 ποιεί
2655 643 2749 693 καὶ
2792 638 3034 710 θρασεῖς.
3061 641 3184 694 Ὅτι
3210 640 3266 692 δὲ
3299 640 3342 671 ³³
3375 639 3473 709 τὴν
3500 641 3771 709 ἀμετρίαν
3801 641 4056 702 κολάζει,

2455 729 2648 796 δῆλον·
2683 730 2742 781 οὐ
2774 732 2882 799 γὰρ
2924 726 3066 795 εἶπε,
3099 729 3190 800 Μὴ
3229 730 3436 794 πίνετε,
3477 730 3635 794 ἀλλὰ,
3673 750 3692 782 ι
3737 732 3835 800 Μὴ
3876 730 4056 799 μεθύ-

2460 822 2674 877 σκεσθε.
2718 843 2736 874 ι
2774 823 2926 893 Μέθη
2955 823 3009 875 δὲ
3038 824 3094 890 ἐξ
3127 823 3394 894 ἀμετρίας
3419 841 3433 855 ·
3463 826 3582 878 ἐπεί
3615 842 3677 892 γε
3704 825 4056 893 συμμέτρως

2456 913 2740 982 πινόμενος
2764 915 2791 966 ὁ
2816 909 2977 980 οἶνος,
3017 917 3110 968 καὶ
3139 916 3324 982 ὑγείαν
3344 918 3560 985 ἐμποιεῖ
3583 916 3676 979 (ὡς
3697 911 3861 977 οὗτος
3883 918 4056 976 αὑτός

2457 1021 2618 1074 φησιν
2646 1005 2704 1057 ἐν
2733 1007 2800 1076 τῇ
2823 1005 2869 1037 ³⁸
2899 1005 3036 1075 πρὸς
3062 1005 3370 1076 Τιμόθεον),
3399 1008 3494 1060 καὶ
3514 1008 3882 1078 εὐφροσύνην,
3917 1009 3996 1069 ὡς
4026 1009 4054 1058 6

2455 1096 2616 1150 Δαυῒδ
2652 1100 2940 1168 μαρτυρεῖ.
2971 1099 3083 1153 Καὶ
3133 1100 3295 1153 πάλιν
3328 1101 3361 1169 η
3409 1100 3600 1171 Γραφή
3627 1115 3640 1130 ·
3680 1119 3698 1150 ι
3735 1100 3870 1152 Δότε
3900 1095 4054 1152 οἶνον

2454 1192 2567 1253 τοῖς
2592 1191 2648 1243 ὲν
2676 1189 2896 1251 λύπαις,
2922 1189 3013 1242 καὶ
3043 1189 3232 1259 μέθην,
3271 1209 3289 1242 ι
3327 1192 3444 1261 ἢτοι
3474 1191 3742 1261 διάχυσιν,
3793 1211 3811 1242 ε
3848 1194 3964 1244 τοῖς
3995 1194 4053 1242 ἐν

2456 1281 2687 1343 ὀδύναις.
2741 1299 2759 1332 ›
2804 1278 2876 1331 Τὸ
2924 1280 3032 1347 γὰρ
3084 1281 3256 1350 τραχὺ
3301 1281 3397 1333 καὶ
3430 1283 3690 1348 συννεφὲς
3723 1283 3769 1312 ³⁸
3809 1280 4047 1334 διαλύει.

2456 1373 2554 1424 Διά
2599 1370 2758 1423 τοῦτο
2802 1371 2896 1423 καὶ
2933 1370 2960 1422 ὁ
3000 1369 3133 1433 Θεὸς
3167 1371 3456 1442 σύμμετρα
3504 1373 3659 1441 ἡμῶν
3691 1371 3761 1424 τὰ
3817 1373 4051 1441 σώματα

2456 1461 2733 1531 ἐποίησεν,
2768 1461 2909 1514 ὥστε
2950 1460 3151 1529 ὀλίγοις
3197 1462 3508 1532 ἀρκεῖσθαι,
3540 1463 3632 1514 καὶ
3674 1461 3814 1531 πρὶς
3851 1463 4050 1530 ἑτέραν

2459 1553 2602 1623 ζωὴν
2637 1552 2978 1618 ἐπείγεσθαι.

2538 1752 2553 1781 ι
2596 1732 2682 1784 Ἑν
2797 1731 2945 1784 ἐστιν
2972 1731 3202 1785 ἀσωτία.
3238 1751 3256 1782 ι
3293 1733 3604 1796 Τουτέστιν,
3639 1733 3885 1802 ἄμετρος
3917 1737 4053 1802 χρῆ-

785 1831 899 1885 Νοιι
931 1832 1073 1883 cnim
1132 1840 1337 1892 servat,
1381 1829 1473 1884 sed
1523 1831 1698 1899 perdit
1747 1847 1852 1886 non
1905 1848 2103 1900 corpus
2155 1833 2352 1895 solum,

2462 1842 2566 1887 σις.
2601 1826 2675 1876 Οὐ
2707 1825 2816 1897 γὰρ
2849 1824 3033 1888 σώζει,
3069 1824 3183 1877 ἀλλ’
3216 1825 3531 1886 ἀπόλλυσιν,
3564 1826 3627 1877 οὐ
3658 1801 3719 1875 εδ
3754 1825 3919 1892 σῶμα
3953 1825 4048 1890 μά-

715 1906 726 1914 ’
785 1923 879 1976 sed
909 1929 962 1974 et
991 1922 1264 1975 animam:
1299 1922 1414 1976 hmc
1444 1921 1583 1975 enim
1611 1931 1694 1974 est
1726 1922 1919 1987 asmia,
1974 1924 2024 1976 id
2057 1933 2142 1977 cst
2174 1924 2353 1986 luxus,

788 2014 902 2066 sive
952 2013 1179 2065 luxuria.
1217 2012 1314 2069 Vel
1358 2012 1598 2065 ἀσωτίαν
1645 2011 1796 2078 juxta
1843 2013 1984 2082 volgi
2015 2017 2358 2070 consuetudi-

793 2119 913 2155 nem
947 2118 1043 2171 pro
1067 2104 1285 2157 libidine
1311 2103 1546 2171 accipit:
1584 2118 1652 2158 ex
1687 2104 1997 2158 temulentia
2026 2106 2167 2159 enim
2195 2106 2359 2162 libido

787 2206 1044 2249 ιιειεριιιιν.

859 2307 1022 2362 Vens.
1067 2308 1153 2361 19.
1206 2326 1222 2358 ι
1280 2307 1387 2362 Sed
1442 2307 1735 2377 implemini
1791 2309 2019 2379 Spiritu,
2076 2310 2358 2379 loquentes

787 2400 1075 2467 vobisipsis
1116 2399 1166 2452 iu
1205 2399 1448 2466 psalmis,
1486 2409 1541 2455 et
1575 2400 1808 2468 hymnis,
1852 2409 1907 2454 et
1938 2400 2164 2454 canticis
2195 2402 2358 2469 spiri-

786 2491 1042 2554 tualibus,
1093 2498 1375 2544 cantantes
1431 2498 1483 2544 et
1533 2489 1816 2558 psallentes
1856 2490 1909 2544 in
1963 2490 2126 2545 corde
2178 2501 2358 2544 vestro

789 2583 1042 2639 Domino.
1075 2600 1093 2634 ι
1142 2578 1256 2648 Vis,
1309 2580 1505 2649 inquit,
1534 2581 1712 2636 lauari
1737 2581 1759 2634 ?
1789 2579 1933 2651 Fuge
1964 2580 2073 2636 vini
2107 2581 2359 2652 repletio-

786 2691 936 2738 neu»,
953 2683 1008 2729 et
1037 2673 1239 2744 Spiritu
1263 2684 1453 2728 sancto
1475 2674 1748 2742 impleare.
1772 2672 1886 2728 Hoc
1904 2685 2082 2728 autem
2109 2676 2357 2728 obveniat

790 2767 909 2830 tibi,
954 2766 996 2820 si
1051 2765 1280 2834 psallere
1318 2765 1590 2820 didiceris.
1642 2763 1937 2819 Psalleutes
1966 2766 2104 2817 enim
2149 2764 2355 2834 Spiritu

797 2867 988 2912 sancto
1031 2858 1343 2927 implentur,
1382 2857 1604 2926 perinde
1639 2872 1700 2911 ac
1736 2858 1771 2910 ii
1801 2857 1890 2924 qui
1923 2858 2191 2911 satauicas
2229 2872 2360 2910 cau-

790 2948 983 3002 tileuas
1065 2948 1378 3013 concinunt,
1439 2947 1628 3015 spiritu
1699 2946 1979 3000 immundo
2046 2946 2354 3015 implentur.

792 3038 1027 3093 l’sallere
1053 3048 1229 3094 autem
1285 3039 1337 3093 in
1369 3040 1550 3103 corde,
1599 3039 1701 3091 hoc
1737 3047 1840 3102 est,
1873 3051 1994 3091 cum
2023 3036 2248 3090 scientia
2304 3045 2358 3089 et

2462 1927 2573 1976 νον,
2599 1915 2736 1966 ἀλλὰ
2770 1917 2864 1967 καὶ
2893 1914 2991 1983 τὴν
3014 1913 3215 1983 ψυχήν.
3241 1914 3352 1966 Καὶ
3377 1913 3532 1966 τοῦτὸ
3565 1915 3715 1965 ἐστιν
3741 1915 3776 1981 ἡ
3811 1913 4050 1965 ἀσωτία.

2461 2007 2529 2058 Ἢ
2579 2006 2822 2061 ἀσωτίαν
2863 2005 3098 2059 ἐνταῦθα
3132 2005 3274 2058 κατά
3309 2007 3407 2076 τὴν
3452 2005 3560 2058 τῶν
3622 2006 3855 2057 ἰδιωτῶν
3927 2020 4054 2054 suv-

2461 2098 2674 2168 ήθειαν,
2711 2099 2809 2168 τὴν
2840 2097 3136 2152 ἀκολασίαν
3185 2097 3368 2165 φησίν.
3414 2098 3508 2151 Ἐκ
3543 2097 3652 2167 γάρ
3678 2098 3779 2165 τῆς
3812 2096 3985 2166 μέθης
4018 2097 4053 2162 ἡ

2458 2193 2732 2245 ἀκολασία
2766 2193 3025 2244 τίκτεται.

2535 2325 2552 2356 ι
2612 2306 2774 2358 Ἀλλά
2805 2304 3113 2377 πληροῦσθε
3161 2308 3219 2360 ὲν
3257 2305 3557 2376 Πνεῦματι,
3592 2304 3889 2364 λαλοῦντες
3920 2305 4055 2354 ἑαυ-

2459 2400 2568 2459 τοῖς
2598 2398 2852 2467 ψαλμοῖς,
2885 2401 2978 2452 καὶ
3014 2399 3222 2468 ὕμνοις,
3269 2400 3362 2451 καὶ
3407 2399 3568 2468 ᾠδαῖς
3614 2398 4052 2465 πνευματικαῖς,

2460 2493 2680 2563 ᾄδοντες
2732 2492 2827 2545 καὶ
2884 2491 3180 2560 ψάλλοντες
3241 2491 3298 2542 ἐν
3365 2492 3430 2558 τῇ
3491 2489 3686 2558 καρδίᾳ
3743 2488 3906 2557 ὑμῶν
3976 2488 4056 2555 τῷ

2461 2584 2674 2655 Κυρίῳ.
2726 2602 2743 2634 ι
2781 2582 2990 2647 Βούλει,
3028 2581 3218 2650 φησὶν,
3272 2580 3704 2650 εὐφραίνεσθαις
3739 2578 3918 2647 φεῦγε
3953 2582 4055 2646 τὴν

2460 2675 2567 2728 ἀπὸ
2595 2672 2689 2724 τοῦ
2713 2674 2856 2726 οἴνου
2890 2672 3190 2739 πλήρωσιν,
3227 2672 3319 2722 καὶ
3345 2669 3573 2737 θέλησον
3600 2670 3954 2738 πληροῦσθαι
3997 2675 4053 2722 ὲν

2461 2765 2738 2835 Πνεύματι
2774 2765 2935 2831 ἀγίῳ.
2968 2764 3138 2816 Τοῦτο
3163 2764 3216 2816 δὲ
3249 2765 3402 2816 ἔσται
3432 2779 3534 2826 σοι,
3568 2763 3662 2814 ἐὰν
3698 2764 3875 2833 μάθῃς
3911 2763 4057 2830 ψαλ-

2458 2859 2591 2909 λειν.
2657 2859 2720 2909 Οἱ
2787 2855 3079 2925 ψάλλοντες
3139 2856 3270 2924 γὰρ,
3313 2854 3632 2924 Πνεύματος
3701 2854 4056 2923 πληροῦνται

2461 2951 2637 3018 ἁγίου,
2670 2950 2857 3020 ὥσπερ
2880 2952 2925 3003 οί
2956 2951 3171 3020 ᾄδοντες
3198 2949 3298 3013 τάς
3344 2950 3641 3011 σατανικάς
3676 2950 3842 3018 ᾠδὰς,
3877 2950 4055 3001 πνεύ-

2465 3061 2631 3111 ματος
2677 3043 3009 3112 ἀκαθάρτου.
3059 3042 3295 3096 Ψάλλειν
3323 3044 3376 3095 δὲ
3421 3043 3477 3093 ὲν
3521 3045 3585 3109 τῇ
3637 3042 3858 3110 καρδία,
3905 3043 4056 3094 τοῦτ’

793 3133 954 3188 corde
979 3148 1081 3186 non
1115 3132 1217 3185 huc
1243 3130 1366 3183 illuc
1389 3139 1652 3185 versante.
1676 3127 1774 3193 Qui
1798 3127 1938 3182 enim
1969 3129 2147 3180 animo
2172 3129 2348 3181 obser-

2461 3135 2596 3201 ἔστι,
2634 3135 2769 3205 μετά
2809 3135 3098 3199 συνέσεως,
3132 3138 3224 3188 καὶ
3271 3136 3344 3204 μὴ
3391 3135 3739 3206 ῥεμϐομένης
3773 3135 3875 3203 τῆς
3915 3153 4031 3202 καρ

787 3234 879 3278 vat
901 3225 1027 3293 quid
1053 3223 1258 3293 psallat,
1285 3222 1372 3276 ille
1390 3224 1550 3276 corde
1569 3221 1766 3290 psallit.
1789 3221 2039 3288 Expende
2067 3222 2153 3275 hic
2177 3231 2357 3275 autem

791 3318 932 3385 quod
1000 3324 1276 3384 postquam
1315 3313 1549 3366 animam
1609 3311 1676 3364 ab
1725 3312 2074 3365 airarulentia
2134 3311 2359 3378 aliisque

793 3407 1079 3461 affectibus
1134 3407 1314 3476 pravis
1352 3404 1684 3475 purgaverit,
1733 3403 2219 3472 Iniscricordesque
2260 3417 2360 3458 uos

791 3498 1001 3562 fecerit,
1047 3509 1099 3551 et
1125 3497 1190 3550 ad
1230 3496 1644 3551 condonandum
1678 3495 1964 3562 proclives,
2006 3503 2116 3548 tum
2155 3494 2358 3562 Spiritu

791 3602 983 3644 sancto
1012 3589 1219 3658 impleri
1256 3603 1355 3643 nos
1382 3589 1725 3642 adhortatur.
1760 3586 1874 3640 Non
1914 3588 2058 3640 enim
2096 3584 2361 3655 simplici—

793 3695 876 3736 ter
907 3682 1109 3747 veniet,
1148 3681 1240 3734 sed
1292 3681 1535 3749 implebit
1569 3680 1732 3733 corda
1763 3688 1968 3733 nostra.
2009 3679 2143 3734 Cum
2180 3679 2360 3749 itaque

796 3781 1000 3824 tantum
1038 3770 1214 3823 lumen
1252 3769 1304 3822 in
1346 3771 1502 3823 nobis
1532 3769 1713 3834 fuerit,
1748 3769 1952 3836 reliqua
1987 3770 2157 3822 virtus
2189 3767 2362 3824 facilis

793 3873 843 3916 et
871 3865 1022 3930 plana
1059 3862 1180 3915 erit.

869 3975 1028 4026 Vens.
1066 3974 1154 4025 ΞΟ.
1187 3992 1203 4022 ι
1239 3972 1449 4026 Gratius
1486 3982 1708 4041 agentes
1733 3987 1944 4042 semper
1973 3989 2069 4043 pro
2087 3975 2357 4040 omnibus,

799 4067 849 4118 in
873 4066 1086 4118 nomine
1115 4065 1320 4117 Domini
1356 4063 1521 4117 nostri
1546 4063 1670 4118 Jesu
1701 4063 1924 4129 Christi,
1949 4063 2058 4119 Deo
2074 4076 2125 4120 et
2144 4066 2304 4120 Patri.
2337 4087 2355 4119 ι

800 4155 1057 4224 Semper;
1107 4171 1208 4210 nou
1244 4153 1412 4209 solum
1439 4154 1490 4208 in
1535 4155 1941 4226 tranquillitate,
1974 4171 2161 4210 verum
2197 4158 2360 4210 etiam

800 4250 851 4300 in
875 4248 1190 4301 maeroribus
1227 4266 1240 4300 :
1271 4261 1365 4299 nec
1399 4261 1498 4313 pro
1529 4246 1682 4300 bonis
1715 4256 1945 4308 tantum,
1982 4260 2168 4302 verum
2200 4247 2360 4300 etiam

803 4355 899 4408 pro
930 4340 1205 4393 tristibus:
1237 4350 1290 4393 et
1342 4355 1438 4408 pro
1495 4341 1562 4394 iis
1612 4339 1769 4392 rebus
1817 4353 1950 4407 quas
1996 4341 2260 4405 novimus,
2308 4347 2363 4394 et

798 4446 930 4498 quas
963 4445 1067 4484 non
1120 4433 1406 4487 novimus:
1449 4446 1544 4501 per
1595 4443 1782 4484 omnes
1839 4429 1983 4483 enim
2036 4429 2170 4486 bene
2209 4430 2363 4485 nobis

2463 3225 2601 3288 δίας.
2656 3224 2716 3280 'O
2745 3224 2850 3295 γάρ
2887 3224 3191 3296 προσέχων,
3235 3227 3442 3285 ἐκεῖνος
3488 3224 3546 3274 ὲν
3595 3223 3796 3292 καρδία
3826 3221 4056 3289 ψάλλει.

2468 3319 2608 3386 Ὅρα
2638 3317 2713 3380 δὲ,
2743 3318 2823 3369 ὅτι
2858 3316 2994 3385 μετά
3032 3317 3092 3368 τὸ
3137 3315 3431 3384 καθαρίσαι
3467 3314 3567 3385 τὴν
3595 3314 3777 3382 ψυχὴν
3812 3314 3929 3366 ἀπὸ
3966 3329 4055 3364 πι-

2467 3408 2626 3477 κρίας
2659 3408 2702 3472 ⁸ξ
2754 3407 2846 3460 καὶ
2887 3407 2996 3458 τῶν
3043 3407 3217 3460 ἄλλων
3261 3405 3468 3468 παθῶν,
3502 3407 3598 3458 καὶ
3630 3404 4059 3472 εὐσπλάγχνους

2468 3497 2693 3564 ποιῆσαι
2723 3497 2819 3550 καὶ
2854 3496 3356 3563 συγγνοιμονικοίις,
3386 3497 3505 3546 τότε
3537 3495 3633 3563 τὴν
3661 3495 3722 3546 ἑκ
3758 3493 3858 3545 τοῦ
3893 3496 4060 3561 ἁγίου

2469 3584 2784 3655 Πνεύματος
2813 3586 3095 3656 πλήρωσιν
3122 3587 3252 3655 ἡμῖν
3278 3585 3588 3653 ὑφηγεῖται.
3613 3584 3688 3635 Οὐ
3716 3584 3826 3649 γὰρ
3857 3585 4059 3645 ἁπλῶς

2468 3676 2842 3741 ἐπελεύσεται,
2899 3677 3034 3730 ἀλλά
3092 3674 3372 3746 πληρώσει
3432 3675 3524 3744 τὴν
3572 3674 3805 3744 καρδίαν
3863 3676 4057 3745 ἡμῶν.

2468 3769 2734 3823 Τοσοῦτον
2769 3769 2823 3821 δὲ
2862 3771 2919 3822 ἐν
2950 3770 3079 3839 ἡμῖν
3109 3768 3259 3832 ὖντος
3285 3769 3481 3838 φωτὸς,
3508 3767 3666 3838 ῥᾳδία
3701 3769 3795 3820 καὶ
3826 3769 4057 3831 εὖκοὶςς

2468 3862 2623 3916 ἔσται
2660 3865 2750 3916 καὶ
2784 3865 2816 3934 ή
2846 3862 3007 3934 λοιπὴ
3042 3863 3233 3933 ἀρετή.

2546 3995 2565 4027 r
2603 3973 3067 4044 Εὑχαριστοῦντες
3117 3975 3344 4026 πάντοτε
3400 3975 3537 4044 ὑπὲρ
3591 3978 3832 4036 πάντων,
3884 3979 3950 4028 ἐν
3982 3977 4058 4041 τῷ

2467 4067 2691 4136 ὀνόματι
2713 4064 2807 4118 τοῦ
2825 4064 3027 4134 Κυρίου
3051 4064 3206 4133 ἡμῶν
3233 4065 3408 4134 Ἰησοῦ
3431 4064 3688 4136 Χριστοῦ,
3708 4067 3788 4134 τῷ
3812 4066 3942 4135 Θεῷ
3963 4067 4058 4117 καὶ

2468 4159 2661 4231 Πατρί.
2679 4175 2800 4210 I—t
2824 4158 3059 4211 Πάντοτε
3076 4158 3117 4188 ⁸⁷
3139 4173 3153 4185 ·
3169 4175 3187 4208 ι
3212 4157 3272 4210 οὒ
3297 4158 3405 4226 γὰρ
3424 4160 3480 4211 ὲν
3499 4158 3682 4211 ἀνέσει
3703 4159 3894 4225 μόνον,
3918 4158 4057 4212 ἀλλὰ

2472 4252 2568 4306 καὶ
2603 4253 2659 4303 ἑν
2678 4249 2898 4314 λύπαις,
2929 4249 3024 4304 καί⁵
3041 4249 3137 4318 οὐχ
3161 4249 3301 4318 ὑπὲρ
3319 4251 3428 4304 τῶν
3444 4249 3658 4316 ἀγαθῶν
3692 4251 3882 4318 μόνον,
3914 4251 4057 4302 ἀλλά

2470 4341 2563 4394 καὶ
2581 4340 2690 4392 τῶν
2703 4337 2986 4409 λυπηρῶν,
3000 4339 3094 4391 καὶ
3105 4331 3178 4392 ὧν
3194 4337 3340 4410 [μὲν]
3360 4341 3538 4408 ίσμεν,
3553 4339 3645 4392 καὶ
3658 4333 3732 4392 ῶν
3745 4341 3848 4392 οὐκ
3861 4340 3922 4392 ἴσ
3930 4357 4052 4408 μεν.

2469 4433 2579 4487 Καὶ
2608 4432 2716 4501 γὰρ
2740 4431 2828 4485 διὰ
2858 4431 3072 4484 πάντων
3103 4430 3559 4502 εὐεργετούμεθα,
3593 4433 3696 4484 κᾶν
3731 4433 4052 4500 ἀγνοῶμεν.

802 4490 878 4586 tit,
908 4521 1115 4575 etiamsi
1160 4490 1485 4589 ignoremus.
1524 4519 1662 4574 Sunt
1708 4527 1886 4574 autem
1925 4521 2110 4588 gratia:
2142 4519 2353 4590 agenda!

2464 4490 2896 4595 Εὐχαριστέον.³³
2922 4520 2979 4574 δὲ
3022 4520 3100 4591 τῷ
3123 4490 3296 4592 Πὲτρι
3333 4542 3351 4574 ί
3387 4490 3443 4575 έν
3476 4490 3816 4592 ὀνδματιτοῦ
3837 4490 4052 4592 Κυρίου

799 4613 909 4667 Deo
933 4611 1079 4666 Patri
1124 4631 1141 4662 ς
1179 4613 1230 4665 in
1276 4612 1490 4666 nomine
1545 4610 1757 4663 Domini
1805 4612 1972 4663 nostri
2018 4609 2165 4675 Jesu,
2205 4629 2224 4663 ι
2261 4612 2360 4666 hoc

798 4715 902 4770 est,
941 4713 996 4757 ut
1021 4705 1180 4758 simul
1209 4705 1549 4758 nominemus
1583 4701 1865 4755 Dominum
1889 4699 2093 4768 Jesum,
2123 4712 2175 4756 et
2204 4717 2360 4757 assu-

802 4811 1010 4850 mamus
1052 4797 1249 4865 ipsum,
1285 4810 1379 4848 ceu
1406 4795 1756 4848 mediatorem
1785 4809 1905 4848 cum
1929 4794 2217 4862 bonorum,
2250 4806 2361 4850 tum

802 4888 967 4956 ipsius
994 4886 1290 4955 gratiarum
1333 4885 1581 4939 actionis.

871 4998 1033 5053 Vens.
1070 4999 1159 5053 21.
1205 5017 1223 5049 ι
1261 4998 1498 5067 Subjecti
1532 5000 1668 5054 alter
1703 5000 1854 5054 alteri
1887 5000 1937 5054 in
1973 5000 2164 5055 timore
2191 4999 2302 5055 Dei.
2337 5018 2355 5050 ι

803 5091 879 5144 En
917 5106 1102 5146 rursus
1125 5092 1408 5147 charitatis
1437 5093 1762 5146 tuentiouem
1794 5091 1920 5146 facit
1950 5108 1964 5144 :
1997 5105 2062 5147 ex
2093 5092 2192 5146 hac
2217 5092 2360 5145 enim

801 5191 882 5234 est
938 5181 1204 5249 subjectio
1237 5190 1416 5236 mutua
1467 5189 1519 5236 et
1573 5181 1919 5246 obedientia;
1979 5196 2083 5236 nou
2145 5193 2362 5251 propter

805 5272 1124 5325 mundanam
1149 5272 1455 5341 quampiam
1477 5282 1569 5328 aut
1593 5274 1879 5328 humanam
1904 5271 2358 5338 commoditatem,

949 5448 1013 5501 Ἰ
1051 5449 1188 5505 Tim.
1225 5467 1276 5515 v,
1337 5451 1425 5506 25.
1541 5465 1560 5490 ⁸
1599 5450 1741 5508 Psal.
1777 5468 1892 5520 CIII,
1928 5453 2015 5506 15;

2465 4615 2622 4684 ἡμῶν
2663 4611 2860 4683 Ἰησοῦ,
2896 4629 2914 4661 t
2940 4613 3242 4674 τουτέστιν,
3281 4612 3640 4680 ὀνομάζοντες
3682 4613 3775 4662 καὶ
3806 4615 3903 4662 τὸν
3939 4614 4053 4664 Κύ-

2467 4724 2577 4776 ριον
2615 4704 2840 4774 Ἰησοῦν,
2881 4703 2975 4756 καὶ
3011 4703 3644 4773 συμπαραλαμϐάνοντες
3677 4703 3820 4774 [καὶ]
3859 4706 4050 4769 uitia,

2466 4798 2542 4860 ὡς
2585 4799 2809 4866 μεσίτην
2855 4796 2985 4849 ὄντα
3025 4795 3122 4849 καὶ
3156 4795 3265 4847 τῶν
3300 4795 3540 4864 ἀγαθῶν,
3585 4796 3680 4847 καὶ
3721 4797 3907 4865 αὐτῆς
3953 4797 4052 4863 τῆς

2468 4889 2834 4957 εὐχαριστίας.

2549 5019 2566 5051 t
2616 5000 3073 5070 ’Υποτασσόμενοι
3102 4999 3349 5069 ἀλλήλοις
3382 5000 3439 5050 ὲν
3465 4999 3612 5068 φόὁῳ
3642 4999 3802 5054 Θεοῦ.
3848 5021 3866 5052 ι
3917 5003 4046 5055 ’1δοῦ

2469 5092 2632 5144 πάλιν
2665 5093 2698 5160 ἠ
2729 5093 2941 5160 ἀγάπη.
2999 5092 3091 5144 Ἐκ
3131 5092 3335 5159 ταύτης
3368 5091 3476 5160 γάρ
3527 5093 3559 5160 ἡ
3608 5092 3746 5160 πρὸς
3779 5094 4048 5161 ἀλλήλους

2471 5184 2747 5253 ὐποταγή·
2782 5184 2841 5236 οὐ
2883 5183 2970 5236 διὰ
2992 5201 3044 5236 τι
3080 5183 3344 5253 κοσμικὸν
3367 5184 3399 5249 ἢ
3431 5183 3795 5252 ἀνθρώπινον,
3832 5185 3951 5236 ἀλλ’
3990 5186 4048 5236 ἐν

2472 5273 2640 5344 φόϐῳ,
2661 5271 2843 5345 [φησὶ,
2867 5271 2986 5343 τοῦ]
3005 5273 3161 5327 Θεοῦ.
3182 5275 3243 5327 Οἱ
3260 5274 3366 5344 γὰρ
3394 5273 3476 5327 διὰ
3507 5273 3640 5326 Θεὸν
3658 5274 4050 5342 ὑποτασσόμε-

2135 5455 2148 5486 ¹
2186 5449 2343 5504 Prov.
2371 5464 2523 5513 xxxi,
2555 5448 2607 5503 6.

2155 5570 2352 5632 Variae
2392 5568 2726 5631 lectiones.

890 5687 931 5765 '_'
969 5694 1074 5765 γάρ
1128 5709 1178 5748 o.

903 5693 931 5773 ‘_'
969 5694 1074 5765 γάρ
1128 5709 1178 5748 o.
1257 5693 1301 5725 "‘
1355 5696 1464 5759 τοῖς
1519 5709 1550 5748 o
1647 5697 1688 5728 ³³
1722 5697 1986 5766 γνοφῶδες
2047 5715 2114 5754 m.

811 5775 919 5810 ητιι
953 5777 1003 5818 o.

2196 5701 2237 5730 "
2276 5699 2470 5762 κακίας
2497 5712 2547 5753 o.

2659 5692 2700 5726 "
2746 5695 2972 5750 πάντοτε
3031 5697 3197 5767 ἡγουν
3247 5700 3506 5772 διηνεκῶς
3574 5712 3648 5751 In.
3730 5695 3996 5765 "ti-71;:
