4226 6440
205 383 352 454 1113

996 391 1406 454 EXPOSITIO
1446 387 1525 449 ΙΝ
1565 385 1811 449 EPIST.
1852 385 1953 444 AD
1992 385 2258 448 EPIIES.
2305 413 2369 424 -
2402 391 2562 449 CAP.
2602 392 2665 449 V.

3311 393 3447 456 liii

205 523 295 558 νοι
325 506 595 576 ἀλλήλοις.
619 506 872 561 οὐδέποτε
900 506 1454 576 σκανδαλισθήσονται
1482 503 1514 574 ἢ
1541 500 1794 570 διαλυθή·
1820 498 1866 554 Α

1820 498 1866 554 Α
1895 508 2148 553 αξιοι-νηὶ
2179 500 2231 554 in
2263 501 2453 554 timore
2485 499 2601 554 Dei.
2637 498 2738 564 Qui
2766 499 2907 554 enim
2959 497 3052 552 Dei
3089 500 3307 556 nomine
3335 506 3463 559 obe-

207 613 422 662 σονται,
455 599 697 652 τοιοῦτον
741 597 1040 670 σύνδεσμον
1069 597 1306 669 ἔχοντες.

319 799 340 832 ι
379 780 443 834 Δί
473 782 749 846 γυναῖκες,
783 780 896 842 τοῖς
924 778 1074 842 ἰδίοις
1102 777 1362 850 ἀνδράσιν
1393 774 1790 836 ὑποτάσσεσθε,

208 871 292 935 ὡς
330 871 407 940 τῷ
454 871 664 941 Κυρίῳ.
707 890 724 922 ι
760 871 872 940 Οὑχ
914 871 1101 934 ἀπλῶς
1142 871 1238 924 καὶ
1282 870 1401 938 είκῆ
1453 867 1652 937 πολλὴν
1697 867 1794 935 τὴν

216 964 459 1036 σπουδὴν
488 968 724 1018 ποιεῖται
756 967 782 1016 6
813 963 1023 1027 Παῦλος
1058 963 1198 1033 ὑπὲρ
1239 966 1338 1034 τῆς
1366 961 1644 1029 συζυγίας,
1679 958 1792 1011 ἀλλ’

213 1060 408 1126 ἐπειδὴ
470 1057 564 1111 καλ⁵
615 1059 642 1110 6
691 1057 823 1120 Θεὸς
875 1056 1079 1126 ταύτης
1133 1054 1193 1120 ἒξ
1249 1056 1421 1126 ἀρχῆς
1481 1053 1796 1124 ὲφρόντισεν

213 1149 615 1218 ὑπερϐολικῶς.
665 1149 756 1217 Τῷ
806 1149 913 1219 γάρ
958 1146 1129 1216 Ἀδὰμ
1175 1146 1272 1216 τὴν
1321 1144 1557 1214 ἀδελφὴν
1601 1140 1793 1207 αὑτοῦ,

218 1242 426 1311 μᾶλλον
479 1242 534 1296 δὲ
577 1241 670 1312 τὴν
699 1242 993 1310 θυγατέρα.
1028 1242 1121 1294 καὶ
1164 1240 1216 1292 τί
1264 1239 1442 1304 λέγω;
1490 1237 1586 1306 τὴν
1622 1234 1797 1305 σάρκα

216 1335 322 1404 τὴν
357 1332 523 1386 αὑτοῦ
567 1335 797 1402 ἥνωσεν.
842 1327 974 1385 Εἶτα
1031 1330 1420 1401 πληθυνθὲντος
1461 1329 1552 1382 τοῦ
1584 1328 1795 1395 γένους,

218 1427 318 1478 καὶ
347 1427 658 1495 περαιτέρω
678 1425 767 1478 τὸν
792 1427 969 1495 γάμον
996 1424 1282 1489 ἐξέτεινεν,
1318 1421 1403 1474 ῖνα
1430 1421 1504 1490 μὴ
1536 1419 1634 1488 τὴν
1665 1419 1799 1486 ἀγά-

219 1532 333 1583 πην
357 1517 606 1586 συστείλη
637 1520 712 1580 είς
747 1517 941 1587 μόνους
991 1516 1116 1577 τοὺς
1158 1515 1458 1580 συγγενεῖς.
1493 1512 1601 1563 Καὶ
1626 1511 1651 1562 6
1687 1510 1799 1578 βίος

219 1605 282 1657 δὲ
333 1605 490 1675 ἡμῶν
533 1605 618 1658 διὰ
661 1606 767 1659 τῶν
812 1603 1083 1673 συξυγιῶν
1116 1605 1495 1673 συγκροτεῖται
1524 1602 1588 1654 ⁸⁹.
1623 1601 1793 1669 Φησὶν

220 1699 340 1762 ciu,
369 1700 450 1753 ὅτι
490 1719 506 1750 ι
534 1701 598 1751 Δί
629 1700 909 1767 γυναῖκες,
940 1695 1311 1750 ὑποτάσσεσθε
1340 1697 1452 1758 τοῖς
1481 1694 1758 1763 ἀνδράσιν.
1777 1713 1795 1745 ι

234 1791 362 1845 Ἐὰν
401 1791 507 1859 γάρ
541 1793 596 1842 ὲν
639 1791 860 1859 ὁμονοίᾳ
904 1790 936 1858 ἡ
969 1787 1199 1856 συζυγία
1227 1784 1286 1859 ᾖ,
1319 1787 1412 1839 καὶ
1449 1785 1630 1848 παῖδες
1679 1784 1802 1853 τρέ-

219 1898 416 1948 φονται
453 1881 650 1943 καλῶς,
697 1882 788 1933 καὶ
828 1879 1041 1932 οίκέται
1078 1877 1424 1941 εὑτακτοῦσι,
1456 1876 1553 1930 καὶ
1597 1877 1796 1938 πάντα,

221 1973 320 2024 καὶ
366 1973 433 2024 τὰ
465 1971 572 2024 τῶν
607 1971 889 2038 γειτόνων,
932 1972 1024 2022 καὶ
1071 1969 1138 2022 τὰ
1181 1969 1288 2022 τῶν
1340 1969 1528 2038 φίλων,
1571 1964 1628 2021 εὖ
1661 1968 1794 2036 ἔχει.

223 2063 512 2116 Δουλεύετε
540 2064 594 2116 δὲ
630 2064 705 2126 ὡς
733 2063 810 2134 τῷ
841 2063 1047 2132 Κυρίῳ.
1076 2061 1198 2125 Πῶς
1226 2059 1317 2114 οὑν
1342 2061 1572 2130 ἀλλαχοὺ
1605 2060 1800 2128 γέγρα-

224 2175 359 2208 πται
384 2173 396 2186 ·
433 2174 450 2208 ι
487 2157 582 2208 Ἂν
621 2156 693 2226 μή
725 2173 807 2219 τις
837 2155 1173 2223 ἀποτάξηται
1201 2156 1438 2222 γυναικὶ.
1479 2156 1571 2205 καὶ
1605 2149 1786 2223 [γυνὴ]

223 2248 402 2319 ἀνδρὶ,
434 2247 494 2300 οὑ
531 2246 752 2300 δύναταί
787 2263 876 2316 μοι
906 2245 1254 2309 ἀκολουθεῖν;
1301 2261 1318 2293 ι
1361 2242 1422 2295 Εἰ
1469 2243 1576 2312 γάρ
1605 2243 1678 2303 ὡς
1721 2239 1798 2310 τῷ

226 2341 423 2410 Κυρίῳ
455 2339 726 2393 δουλεύειν
755 2339 880 2409 χρὴ,
924 2337 1041 2400 πῶς
1073 2337 1222 2402 λέγει
1271 2336 1380 2389 δεῖν
1401 2335 1729 2404 ἀφίστασθαι
1757 2336 1800 2366 ⁵ο

227 2433 318 2486 διὰ
339 2435 426 2486 τὸν
454 2432 684 2502 Κύριον;
712 2433 835 2484 Ὀτι
861 2431 941 2498 τὸ,
963 2449 980 2482 ι
1019 2430 1128 2494 Ὦς,
1154 2449 1173 2482 ›
1201 2431 1262 2483 οὐ
1285 2430 1499 2492 πάντως
1526 2429 1800 2497 πανταχοῦ

234 2526 506 2594 ισοτιμίας
538 2524 706 2578 ἐστίν.
731 2525 821 2587 Ἤ,
846 2523 931 2576 ὃτι
950 2541 967 2574 ι
1002 2522 1424 2588 ’Υποτάσσεσθε,
1453 2541 1470 2574 ι
1499 2522 1687 2574 εἰδυῖαι
1721 2522 1802 2573 ὅτι

230 2617 312 2686 τῷ
346 2616 464 2688 Θεῷ
506 2616 782 2670 δουλεύετε
812 2631 825 2645 ·
886 2614 1186 2678 τουτέστιν,
1217 2615 1264 2666 εί
1307 2615 1402 2666 καὶ
1461 2615 1532 2682 μὴ
1581 2613 1667 2664 διὰ
1713 2612 1803 2664 τὸν

231 2708 406 2778 ἄνδρα
438 2707 887 2777 προηγουμένως,
921 2704 1054 2758 ἀλλά
1085 2721 1148 2772 γε
1182 2702 1270 2755 διὰ
1296 2704 1386 2756 τὸν
1427 2703 1628 2770 Κύριον
1650 2702 1714 2755 δ’.
1742 2702 1802 2753 Εἰ

235 2797 344 2866 γάρ
378 2799 405 2850 ὀ
437 2799 501 2866 τῇ
541 2797 644 2860 ἔξω
674 2796 814 2864 ἀρχῇ
845 2793 1312 2864 ἀντιταττόμενος,
1340 2795 1402 2862 τῇ
1455 2791 1550 2844 τοῦ
1598 2790 1801 2861 Κυρίου

233 2889 465 2957 διαταγῇ
498 2887 816 2958 ἀνθέστηκε⁶
851 2887 1027 2954 πολλῷ
1064 2886 1261 2955 μᾶλλον
1303 2885 1436 2955 ἠτῷ
1481 2884 1634 2950 ἀιδρλ
1658 2885 1805 2936 ἀντι-

235 2979 559 3049 ταττομένη.
597 2978 755 3030 Ὥστε
782 2979 846 3030 ὲκ
883 2970 985 3031 τοὺ
1032 2975 1274 3029 ἐναντίου
1315 2976 1355 3046 ἡ.
1395 2973 1802 3042 ὑπιταττομένη

234 3071 317 3141 τῷ
341 3072 526 3142 Κυρίῳ
549 3071 934 3124 ὑποτάσσεται.

315 3186 331 3214 ι
372 3165 491 3218 Ὀτι
519 3166 546 3216 6
569 3165 706 3234 ἀνήρ
732 3165 844 3216 ἐστι
884 3163 1095 3232 κεφαλὴ
1151 3161 1249 3229 τῆς
1279 3159 1556 3228 γυναικὸς,
1589 3159 1664 3222 ὡς
1708 3158 1801 3210 καὶ
1829 3201 1871 3258 C

234 3259 263 3310 6
292 3255 522 3326 Χριστὸς
555 3255 763 3323 κεφαλὴ
821 3254 919 3324 τῆς
959 3254 1309 3322 Ἐκκλησίας,
1359 3252 1454 3304 καὶ
1484 3252 1645 3312 αὑτός
1686 3254 1800 3302 ἐστι

239 3349 425 3416 σωτὴρ
452 3347 542 3399 τοῦ
583 3347 856 3415 σώματος.
901 3365 918 3396 ι
981 3346 1115 3399 Ἀπὸ
1164 3344 1440 3413 λογισμῶν
1483 3346 1710 3414 συνεστᾷ
1744 3345 1804 3396 τὸ

237 3443 350 3494 δεῖν
382 3442 782 3492 ὑποτάσσεσθαι
824 3440 922 3502 τὰς
960 3441 1246 3506 γυναῖκας,
1305 3439 1399 3490 καὶ
1445 3437 1543 3507 τοῆς
1587 3438 1805 3505 ἀγάπης

240 3531 502 3582 ὑπόθεσιν
535 3533 627 3582 καὶ
652 3531 905 3598 ἀφορμὴν
929 3529 1133 3596 τίθησι,
1170 3529 1231 3580 τὸ
1258 3528 1346 3580 τὸν
1379 3528 1479 3596 μὲν
1504 3529 1672 3596 ἄνδρα
1708 3527 1805 3595 τὴν

238 3621 476 3691 ἀρχικὴν
529 3622 622 3674 καί
685 3620 1048 3690 προνοητικὴν
1096 3620 1249 3683 τάξιν
1300 3620 1517 3688 ἐπέχειν
1573 3618 1805 3686 (κεφαλὴ

239 3715 351 3783 γάρ
387 3716 522 3776 ὲστι,
567 3716 718 3782 φησὶ,
758 3712 852 3766 καὶ
896 3715 1138 3782 σωτήρ)’
1172 3714 1269 3782 τὴν
1320 3712 1376 3763 δὲ
1431 3713 1662 3777 γυναῖκα
1708 3711 1806 3780 τὴν

241 3809 611 3877 ὑποτακτικήν
637 3824 649 3836 ·
681 3806 836 3874 σῶμα
889 3805 998 3874 γάρ
1045 3806 1214 3857 ἐστιν.
1261 3805 1473 3871 Ὠσπερ
1503 3804 1592 3856 καὶ
1615 3805 1640 3854 6
1672 3803 1804 3870 Χρι-

244 3900 366 3962 στὶς
396 3897 493 3966 τῆς
539 3897 860 3964 Ἐκκλησίας
893 3894 968 3947 ὢν
1001 3894 1231 3966 κεφαλὴ,
1273 3897 1580 3967 προνοεῖται
1607 3894 1807 3961 ταύτης

245 3993 342 4044 καὶ
371 3989 531 4052 σώζει
559 4006 572 4020 ο
614 3989 754 4042 οὑτω
780 3988 956 4040 τοίνυν
987 3987 1077 4039 καὶ
1105 3991 1132 4040 6
1171 3987 1331 4056 ἀνὴρ,
1371 3986 1552 4056 σωτὴρ
1585 3985 1676 4037 τοὺ
1705 3984 1808 4036 σώ-

247 4099 418 4154 ματος
452 4081 640 4145 αὐτοῦ,
677 4080 916 4132 τουτέστι
973 4079 1070 4148 τῆς
1107 4078 1384 4145 γυναικός.
1433 4078 1553 4140 Πῶς
1586 4073 1676 4130 οὑν
1709 4078 1808 4129 οὑκ

239 4173 448 4243 ὀφείλει
481 4169 882 4223 ὑποτάσσεσθαι
923 4171 988 4240 τῇ
1019 4167 1227 4240 κεφαλῇ
1261 4168 1321 4220 τὸ
1352 4166 1532 4237 σῶμα,
1569 4169 1634 4237 τῇ
1672 4183 1804 4235 προ-

240 4280 367 4316 νοου
375 4263 510 4333 μένῃ
545 4263 638 4314 καὶ
675 4258 846 4324 σωζού
856 4276 920 4330 σῃ
941 4277 954 4324 ;

320 4374 340 4406 ι
373 4354 511 4407 Ἀλλ’
527 4353 761 4422 ὥσπερὴ
785 4351 1076 4421 Ἐκκλησία
1091 4349 1452 4403 ὑποτάσσεται
1473 4347 1549 4417 τῷ
1567 4347 1807 4418 Χριστῷ,

237 4448 389 4501 οὕτω
417 4446 510 4498 καὶ
530 4446 588 4498 αῑ
617 4445 871 4513 γυναῖκες
893 4445 1003 4504 τοῖς
1037 4442 1186 4504 ίδίοις
1207 4440 1464 4510 ἀνδράσιν
1491 4441 1546 4493 ὲν
1567 4441 1752 4492 παντί.
1785 4459 1803 4491 ι

1896 591 2072 652 diunt,
2124 606 2397 658 nunquam
2442 589 2783 645 oﬂendentur
2830 599 2922 644 aut
2951 589 3312 644 dissolventur
3338 611 3460 647 cum

1835 746 1840 750 η
1897 682 2054 734 talem
2085 697 2277 734 nexum
2308 683 2612 738 habuerint.

1968 773 2133 828 Vens.
2163 775 2252 829 ‘22.
2293 773 2553 840 «Uxores,
2595 777 2807 830 maritis
2841 780 3072 846 propriis
3095 783 3324 835 subditae
3348 781 3470 834 sit‘s

1895 869 2058 922 veluti
2091 869 2339 922 Domino.
2375 887 2392 920 ι
2426 869 2539 922 Non
2570 870 2887 938 simpliciter
2917 888 2977 923 ac.
3013 884 3214 929 temere
3239 876 3465 927 multum

1897 961 2192 1030 seduloque
2219 961 2429 1014 laborat
2458 960 2651 1013 Paulus
2676 976 2771 1027 pro
2800 962 3031 1029 coniugii
3069 963 3341 1026 firmitate,
3377 967 3468 1018 sed

1897 1057 2021 1122 quia
2059 1053 2198 1107 Deus
2227 1053 2388 1106 etiam
2425 1068 2452 1105 a
2497 1052 2763 1122 principio
2805 1054 2963 1120 hujus
3002 1057 3253 1108 eximiam
3283 1071 3468 1109 curam

1899 1147 2091 1216 gessit.
2123 1146 2329 1198 Adamo
2373 1147 2514 1199 enim
2560 1160 2801 1199 sororem
2847 1162 3020 1207 suam,
3057 1149 3161 1200 imo
3198 1150 3376 1216 potius
3412 1147 3471 1199 (i-

1900 1237 2048 1300 liam,
2075 1247 2128 1291 et
2158 1237 2287 1305 quid
2310 1237 2469 1291 dico?
2504 1253 2723 1291 carnem
2752 1237 2924 1306 ipsius
2952 1241 3240 1306 οοριιιιινίι.
3274 1240 3472 1292 Deinde

1900 1329 2252 1396 multiplicato
2299 1344 2494 1398 genere
2518 1370 2532 1393 ,
2575 1330 2735 1384 latius
2770 1331 3171 1384 matrimonium
3206 1332 3470 1396 extendit,

1898 1423 2056 1495 411
2111 1438 2178 1478 ne
2208 1423 2546 1478 dilectionem
2573 1425 2636 1478 ad
2657 1425 2797 1479 solos
2825 1435 3080 1495 cognatos
3110 1426 3468 1480 contraheret.

1901 1519 2088 1582 Porro,
2141 1518 2248 1570 vita
2303 1526 2487 1572 nostra
2544 1532 2638 1584 per
2689 1519 2937 1588 coniugia
2995 1520 3322 1572 continetur.
3383 1520 3474 1572 Ait

1901 1624 2030 1677 ergo
2062 1632 2072 1664 :
2110 1628 2128 1661 ι
2170 1607 2406 1676 Uxores,
2435 1609 2689 1678 subjecta:
2730 1620 2906 1664 estote
2941 1611 3149 1664 maritis
3188 1612 3403 1665 vestris.
3448 1629 3465 1662 ι

1905 1701 1960 1756 Si
1990 1703 2132 1755 enim
2184 1703 2238 1756 in
2276 1705 2561 1758 concordia
2621 1704 3022 1757 matrimonium
3083 1703 3266 1764 fuerit,
3326 1704 3473 1772 pueri

1907 1795 2042 1846 bene
2085 1794 2407 1855 educantur,
2462 1803 2516 1848 et
2571 1793 2753 1847 famuli
2803 1796 3047 1846 ordinate
3091 1809 3209 1849 sese
3252 1793 3471 1858 habent,

1901 1884 2143 1952 adeoque
2191 1891 2382 1937 cuncta
2435 1895 2542 1936 tam
2590 1883 2891 1937 vicinorum
2951 1899 3111 1951 quam
3180 1885 3472 1938 amicorum

1901 1987 2026 2032 sunt
2085 1978 2135 2029 in
2192 1975 2331 2030 felici
2386 1986 2547 2029 statu.
2609 1975 2818 2029 Servite
2864 1983 3040 2028 autem
3092 1975 3172 2029 eis
3219 1984 3472 2044 tanquam

1905 2068 2152 2123 Domino.
2187 2067 2352 2136 Ecqui
2387 2068 2512 2121 alilii
2548 2070 2807 2132 scriptum
2839 2078 2916 2123 est
2945 2087 2956 2122 :
2996 2087 3012 2118 ι
3050 2068 3161 2122 Nisi
3195 2069 3315 2138 quis
3353 2071 3474 2124 reli-

1904 2163 2082 2232 querit
2118 2178 2338 2217 uxorem
2372 2172 2424 2217 et
2449 2163 2646 2224 virum,
2686 2177 2790 2215 non
2831 2161 3026 2230 poterit
3061 2178 3145 2216 me
3184 2164 3332 2232 sequi
3355 2164 3423 2216 0?
3451 2182 3469 2215 ι

1902 2255 2035 2310 Nam
2076 2256 2120 2309 si
2157 2265 2408 2322 tanquam
2439 2253 2668 2306 Domino
2691 2253 3038 2306 serviendum
3069 2263 3173 2318 est,
3207 2255 3476 2320 quomodo

1903 2346 2286 2403 discedendum
2308 2360 2426 2399 esse
2458 2346 2585 2398 dicit
2610 2357 2829 2414 propter
2860 2345 3184 2399 Dominum?
3211 2346 3474 2410 Quoniam

1904 2437 2258 2500 adverbium,
2319 2455 2337 2488 ι
2375 2435 2572 2502 Veluti,
2625 2455 2642 2488 ι
2713 2453 2816 2490 non
2867 2448 2950 2492 est
3002 2439 3197 2503 ubique
3252 2438 3476 2506 aqualis

1906 2531 2129 2586 honoris
2176 2540 2320 2584 nota.
2364 2527 2453 2582 Vel
2505 2528 2732 2583 subdita:
2785 2529 2924 2594 sitis,
2976 2529 3072 2592 ait,
3113 2548 3130 2580 ι
3165 2528 3408 2584 Scientes
3449 2549 3467 2580 ι

1903 2625 2043 2693 quod
2079 2622 2327 2676 serviatis
2366 2620 2514 2674 Deo:
2551 2623 2650 2675 hoc
2680 2631 2782 2686 est,
2813 2622 2856 2674 si
2893 2637 2996 2675 non
3035 2631 3254 2690 propter
3293 2621 3471 2674 virutn

1904 2713 2190 2782 imprimis,
2223 2717 2442 2780 propter
2485 2710 2766 2764 Dominum
2798 2719 2996 2763 tamen.
3045 2711 3179 2763 Nam
3220 2709 3262 2762 si
3302 2710 3347 2762 is
3382 2710 3474 2777 qui

1904 2802 2160 2857 exteriori
2217 2800 2470 2870 potestati
2523 2801 2754 2863 resistit,
2806 2797 3097 2852 Dominicze
3146 2797 3474 2852 ordinationi

1906 2895 2150 2957 resistit,
2195 2893 2360 2947 multo
2403 2894 2572 2962 magis
2621 2908 2737 2962 quae
2768 2893 2959 2946 marito
3012 2907 3109 2946 suo
3161 2892 3472 2944 reluctatur.

1904 2986 2088 3056 Itaque
2134 3002 2164 3041 e
2212 2984 2505 3048 contrario,
2564 2998 2681 3054 qua:
2731 2984 2923 3038 marito
2980 2983 3194 3047 obedit,
3239 2981 3466 3038 Domino

1905 3078 2107 3132 obedit.

1981 3171 2141 3223 Vens.
2174 3168 2264 3222 23.
2295 3186 2313 3220 ι
2348 3167 2610 3234 Quoniam
2640 3169 2722 3223 vir
2753 3177 2908 3237 caput
2939 3176 3020 3224 est
3046 3167 3308 3230 mulieris,
3333 3167 3475 3222 sicut

1909 3271 1962 3317 et
1992 3261 2238 3316 Christus
2268 3271 2349 3314 est
2377 3272 2537 3328 caput
2572 3259 2840 3322 Ecclesiae,
2875 3269 2927 3312 et
2963 3260 3076 3326 ipse
3116 3269 3196 3312 est
3227 3269 3473 3311 servator

1911 3356 2176 3421 corporis.
2205 3373 2222 3405 ι
2247 3353 2564 3406 Rationibus
2587 3353 2868 3404 confirmat
2892 3352 3029 3420 quod
3052 3360 3258 3417 Oportet
3281 3364 3472 3402 uxores

1910 3447 2179 3513 subjectas
2210 3459 2351 3506 esse,
2386 3444 2795 3512 dilectionisque
2822 3453 3196 3512 argumentum
3235 3453 3287 3496 et
3319 3457 3477 3496 occa-

1909 3541 2116 3594 sionem
2156 3541 2306 3604 ponit
2338 3555 2400 3593 ex
2435 3542 2533 3594 hoc
2569 3540 2710 3607 quod
2748 3541 2973 3593 maritus
3007 3540 3230 3593 rectoris
3266 3550 3320 3592 et
3349 3554 3476 3607 pro-

1909 3630 2173 3699 spectoris
2217 3630 2390 3684 locum
2429 3631 2668 3683 obtineat
2705 3632 2886 3698 (eaput
2930 3631 3074 3683 enim
3128 3639 3233 3692 est,
3286 3631 3380 3691 ait,
3425 3639 3480 3682 et

1909 3725 2197 3790 servator),
2255 3737 2389 3774 uxor
2417 3736 2542 3774 vero
2583 3721 2778 3774 subditi
2832 3721 3050 3785 locum;
3087 3736 3281 3789 corpus
3335 3721 3476 3774 enim

1910 3825 2014 3870 est.
2043 3814 2501 3880 Quemadmodum
2542 3821 2594 3866 et
2633 3813 2905 3877 Christus,
2940 3831 3059 3868 cum
3110 3817 3180 3866 sit
3226 3813 3480 3866 Ecclesiae

1910 3915 2091 3976 caput,
2130 3907 2246 3974 ejus
2295 3919 2480 3957 eurum
2515 3906 2673 3971 gerit,
2730 3919 2956 3972 eamque
3005 3913 3226 3957 servat:
3288 3904 3366 3957 sic
3425 3913 3481 3956 et

1906 3996 2139 4062 ,m'tritus
2170 4004 2412 4048 servator
2444 3995 2524 4046 sui
2570 4005 2652 4047 est
2683 3994 2944 4061 corporis,
2990 3995 3090 4046 hoe
3125 4002 3210 4046 est
3273 3992 3476 4046 uxoris.

1911 4086 2190 4152 Quomodo
2213 4088 2374 4157 igitur
2402 4100 2503 4138 non
2540 4086 2696 4138 debet
2730 4084 2880 4137 subdi
2912 4083 3074 4152 capiti
3108 4097 3327 4153 corpus,
3358 4099 3478 4136 cum

1911 4195 2093 4234 curam
2126 4181 2240 4247 ejus
2273 4189 2447 4250 gerat,
2482 4178 2713 4245 illudque
2739 4186 2915 4230 servet
2942 4175 2964 4229 ?

1982 4353 2149 4409 Vens.
2179 4354 2268 4409 ει.
2303 4373 2320 4404 ι
2354 4352 2458 4407 Sed
2491 4352 2626 4406 sicut
2658 4351 2894 4405 Ecclesia
2931 4350 3214 4420 subjicitur
3239 4351 3480 4417 Christo,

1913 4451 1993 4504 sic
2023 4459 2076 4503 et
2109 4463 2303 4500 uxores
2349 4447 2463 4499 suis
2499 4445 2705 4498 maritis
2743 4445 2797 4497 in
2842 4446 3053 4513 quovis.
3091 4463 3108 4496 ι
3140 4444 3274 4498 liiuc
3304 4447 3482 4500 disces

252 4536 539 4592 Ἐντεῦθεν
602 4535 820 4606 μαθήσῃ
871 4534 1224 4603 σαφέστερον,
1255 4532 1283 4585 6
1331 4533 1588 4601 ἀνωτέρω
1633 4527 1807 4596 εἶπεν,
1835 4540 1921 4600 Ῑ);

1835 4540 1888 4600 D
1915 4541 2149 4611 apertius
2196 4539 2340 4609 quod
2375 4539 2508 4590 dixit
2538 4552 2722 4606 supra,
2766 4554 2783 4586 ι
2826 4535 3207 4605 Obtemperate
3247 4538 3479 4606 propriis

236 4634 326 4684 ὅτι
357 4646 377 4680 ι
427 4627 825 4681 ’Υποτάσσεσθε
863 4628 971 4688 τοῖς
1002 4625 1276 4694 ἀνδράσιν,
1303 4623 1379 4687 ὼς
1408 4623 1485 4688 τῷ
1532 4623 1740 4693 Κυρίῳ.
1783 4641 1802 4674 ι

252 4725 410 4778 Ἐπεὶ
461 4723 568 4792 γὰρ
615 4721 889 4789 ὀφείλουσι
938 4721 1192 4788 γυναῖκες
1247 4716 1648 4773 ὑποτάσσεσθαι
1697 4720 1807 4779 τοῖς

239 4815 526 4886 ἀνδράσιν,
554 4813 628 4876 ὡς
659 4816 691 4882 ἡ
747 4811 1041 4880 Ἐκκλησία
1066 4810 1143 4879 τῷ
1173 4809 1412 4880 Χριστῷ,
1441 4810 1471 4879 ὴ
1495 4809 1552 4862 δὲ
1590 4808 1810 4877 Ἐκκλη-

242 4911 340 4964 σία
367 4911 459 4962 καὶ
492 4907 750 4978 γυναῖκές
774 4908 942 4959 εἰσινο
977 4906 1050 4970 ὡς
1084 4903 1162 4975 τῷ
1187 4905 1408 4975 Χριστῷ
1453 4906 1561 4973 ἄρα
1600 4903 1676 4970 τῷ
1711 4905 1804 4956 ἀν.
1849 4962 1861 4991 ι,

239 5003 334 5071 δρὶ
368 4999 767 5054 ὑποτάσσεσθαι
795 4998 998 5065 ὀφείλει
1027 4999 1058 5066 ὴ
1085 4996 1240 5068 γυνή.
1276 4995 1398 5058 Πῶς
1430 4995 1485 5048 δέ
1515 5011 1530 5060 ;
1597 4989 1707 5065 ἆρα
1751 4997 1810 5048 ἐν

241 5093 411 5147 παντὶ
442 5089 662 5164 [καιρῷ]
696 5090 904 5144 κελεύει
928 5087 1325 5142 ὑποτάσσεσθαι
1349 5105 1364 5154 ;
1400 5083 1510 5157 ἆρα
1537 5085 1693 5158 [γὰρ]
1713 5088 1808 5140 καὶ

241 5187 375 5238 ὅταν
400 5184 479 5244 τίς
526 5179 789 5234 ἀπιστίαν
841 5178 1053 5248 συνωθῇ
1105 5179 1133 5230 ὀ
1181 5178 1354 5247 ἀνήρ;
1405 5175 1542 5228 Ἀλλ’
1584 5177 1644 5229 οὑ
1681 5178 1809 5248 περὶ

243 5277 495 5329 ἀπίστων
530 5272 738 5342 ἀνδρῶν
774 5271 802 5324 6
831 5269 986 5338 λόγος
1020 5269 1113 5322 νὺν
1147 5267 1221 5338 τῷ
1245 5265 1464 5338 Παύλῳ,
1513 5267 1648 5320 ἀλλά
1680 5269 1808 5341 περὶ

246 5369 476 5429 πιστῶν,
517 5367 650 5436 πρὸς
674 5364 767 5428 οὓς
793 5363 991 5434 δηλαδὴ
1024 5361 1119 5417 καὶ
1147 5360 1405 5432 ἔγραφεν.

394 5563 417 5589 ¹³
478 5556 582 5609 Luc
644 5571 753 5620 XIV,
803 5554 894 5606 εδ.

1917 4633 2127 4688 maritis
2180 4642 2432 4697 tanquam
2489 4628 2732 4681 Omnino.
2774 4645 2791 4678 ι
2849 4626 3289 4696 Quandoquidem
3339 4630 3481 4682 enim

1916 4737 2112 4778 uxores
2138 4723 2332 4776 debent
2370 4719 2522 4774 subdi
2555 4719 2787 4780 maritis.
2846 4729 2903 4772 ut
2955 4719 3196 4773 Ecclesia
3241 4718 3480 4782 Christo,

1915 4813 2152 4869 Ecclesia
2186 4823 2361 4866 autem
2394 4821 2448 4865 et
2484 4812 2736 4865 mulieres
2767 4820 2929 4874 sunt;
2980 4821 3236 4878 tanquam
3268 4810 3483 4865 Christ»

1917 4906 2079 4973 Igitur
2109 4904 2300 4971 cunjux
2339 4902 2532 4953 marito
2575 4901 2727 4953 subdi
2763 4901 2940 4952 debet.
2991 4901 3269 4964 Quomodo
3315 4901 3484 4951 vero?

1910 4995 2056 5050 Num
2099 4997 2150 5049 in
2184 4998 2326 5050 omni
2353 4995 2500 5062 jubet
2544 4994 2743 5046 subdi?
2782 4993 2915 5046 Num
2956 4994 3168 5059 quando
3203 4992 3272 5050 ad
3302 4991 3483 5044 incre-

1919 5089 2196 5142 dulitatem
2232 5101 2349 5140 eam
2386 5084 2705 5152 compulerit
2741 5081 3009 5135 maritus?
3044 5080 3201 5147 Atqui
3249 5079 3314 5131 de
3359 5077 3448 5129 inii

1916 5181 2128 5236 delibus
2167 5194 2307 5232 nunc
2337 5194 2438 5230 non
2473 5175 2709 5242 loquitur
2747 5174 2964 5240 Paulus,
2996 5173 3088 5227 sed
3112 5173 3176 5225 de
3213 5171 3479 5233 ﬁdelibus,

1917 5274 1983 5327 ad
2009 5287 2142 5341 quos
2174 5271 2387 5325 scilicet
2411 5268 2685 5322 scrihclia-

1603 5665 1798 5729 Varie;
1832 5666 2156 5729 lectiones.

327 5797 366 5827 "‘
408 5797 713 5851 συνίσταται
751 5814 821 5852 tn.
903 5798 944 5826 ⁸³
969 5798 1146 5864 λέγεις
1182 5797 1261 5848 ότι
1303 5794 1381 5847 δεῖ
1416 5795 1508 5862 ἀφ.
1551 5811 1601 5846 υ.

1681 5792 1722 5822 ⁸⁸
1757 5791 1888 5845 Θεὸν
1915 5808 1966 5845 ο.
