4226 6440
773 441 908 507 1127

773 552 1073 624 Cujnslibet
1119 547 1310 603 domus
1363 548 1443 594 est
1485 537 1754 590 exercitus
1806 554 1817 586 :

772 640 1131 711 potestatibus
1165 631 1450 693 ordinatis,
1508 628 1585 683 sic
1641 624 1938 679 imbellnm
1994 634 2087 673 eas
2136 616 2336 671 educit.

773 742 911 796 Nam
947 750 1065 792 cum
1093 728 1365 799 proprium
1413 722 1656 777 ordinem
1703 730 1858 770 nemo
1902 709 2341 779 transgrediatnr,

781 842 908 887 tunc
948 842 1032 881 res
1065 821 1253 876 bellica
1299 820 1435 871 bene
1466 809 1703 865 habebit.
1753 806 1887 871 Quia
1928 816 2057 855 vero
2087 800 2344 870 pleraque

784 922 1141 987 imperaverat
1170 925 1287 979 qua:
1325 906 1437 957 visa
1476 910 1603 957 sunt
1654 896 1889 952 dillicilia
1927 899 2220 950 transactu,
2272 885 2345 939 Ne

784 1009 1029 1069 tuetuite,
1066 1004 1260 1070 inquit,
1290 997 1385 1051 sed
1434 995 1487 1048 itt
1525 989 1735 1045 Domini
1785 985 2019 1055 putentia
2071 979 2344 1034 conﬁdite.

784 1105 899 1158 Non
938 1101 1080 1155 enim
1134 1091 1449 1160 simpliciter
1513 1084 1560 1138 ei
1617 1084 1779 1134 robur
1810 1089 1909 1139 est,
1963 1074 2056 1128 sed
2110 1069 2348 1139 potentia

788 1193 995 1248 roboris
1027 1207 1041 1243 :
1083 1189 1187 1241 hoc
1212 1191 1317 1244 est,
1349 1174 1671 1233 ineffabilem
1709 1171 1867 1225 habet
1901 1163 2267 1219 fortitudinem
2295 1166 2349 1211 et

786 1300 907 1355 quae
939 1284 989 1336 in
1029 1292 1218 1333 omnes
1255 1272 1581 1328 dominetur.

861 1374 1025 1427 Vens.
1058 1368 1145 1422 ll.
1184 1384 1201 1415 ‹
1242 1355 1817 1415 1ηᾱυίιθ“θνηιιιιιιτιιιη
1864 1347 1982 1409 Dei,
2028 1353 2087 1397 ut
2131 1337 2352 1411 possitis

795 1481 889 1520 vos
924 1474 1068 1517 stare
1101 1460 1360 1511 adversus
1414 1449 1635 1504 insidias
1686 1440 1904 1497 diaboli.
1933 1456 1950 1487 ι
1991 1437 2118 1501 Qua:
2151 1434 2218 1487 sit
2264 1444 2353 1482 ar-

796 1568 1026 1616 matura,
1063 1550 1221 1619 paulo
1275 1554 1399 1615 post
1453 1540 1682 1596 docebit.
1737 1533 2116 1588 Animadverte
2174 1534 2353 1577 autem

794 1614 1075 1720 quomodo
1095 1658 1201 1699 non
1261 1614 1459 1695 dixerit
1512 1644 1719 1702 pugnas
1768 1634 1859 1680 aut
1900 1623 2067 1681 bella,
2098 1620 2189 1671 sed
2224 1614 2355 1667 iusi-

800 1745 961 1799 dias:
998 1737 1204 1792 insidize
1234 1733 1377 1786 enim
1422 1734 1549 1802 sunt
1576 1723 1845 1789 decipere,
1875 1731 1939 1769 ao
1982 1728 2076 1779 per
2114 1709 2356 1763 fraudem

796 1846 1008 1905 capere.
1031 1829 1145 1884 Non
1166 1826 1308 1880 enim
1326 1817 1608 1874 manifesta
1633 1810 1881 1883 proponit
1906 1805 2076 1859 hostis
2097 1810 2313 1871 peccata
2342 1812 2355 1850 :

795 1892 1028 1990 exempli
1055 1917 1227 1989 gratia
1256 1932 1268 1967 :
1304 1912 1382 1966 Ad
1426 1905 1783 1963 idololatriam
1814 1907 1998 1967 aperte
2032 1909 2136 1947 nun
2176 1892 2360 1945 horta-

804 2030 909 2081 tur,
960 2014 1054 2070 sed
1087 2011 1189 2064 alia
1220 2006 1449 2075 quadam
1492 1998 1699 2054 ratione
1750 1990 2086 2061 aggreditur,
2140 1982 2365 2038 insidias

800 2119 1033 2166 struens,
1066 2105 1164 2156 hoc
1188 2106 1290 2160 est,
1312 2089 1621 2148 verisimilia
1644 2086 1805 2139 verba
1837 2081 2061 2143 faciens,
2090 2075 2365 2129 velamen-

802 2211 963 2265 tuque
998 2203 1175 2247 utens.
1228 2183 1483 2245 Proinde,
1542 2192 1663 2233 eum
1721 2171 1955 2229 ostendit
1996 2163 2365 2221 adversarium

802 2302 921 2342 esse
959 2290 1254 2353 potentem,
1288 2270 1623 2327 horrendum
1654 2272 1707 2318 tl.
1740 2262 1969 2325 varium,
2019 2256 2222 2312 excitat
2275 2266 2369 2306 eos

807 2395 869 2433 ac
901 2376 1184 2445 vigilantes
1214 2367 1363 2421 facit.

873 2431 1033 2518 Veiis.
1068 2458 1150 2513 ιε’..
1194 2476 1213 2507 ‹
1249 2452 1510 2520 Quoniam
1564 2462 1671 2500 non
1709 2454 1792 2500 est
1848 2441 2004 2496 nobis
2065 2431 2373 2492 colluctatio

806 2555 1066 2612 adversus
1104 2546 1418 2616 sanguinem
1450 2551 1503 2595 et
1538 2552 1776 2594 carnem.
1820 2552 1838 2585 ι
1904 2532 1967 2585 Et
2014 2531 2133 2593 hoc,
2178 2542 2282 2581 non
2317 2534 2376 2578 ut

809 2642 1238 2715 perterrefaciat,
1275 2650 1461 2691 verum
1500 2641 1555 2686 ut
1599 2627 1912 2684 attentiores
1965 2622 2183 2685 reddat,
2223 2618 2370 2672 dicit.

808 2738 941 2793 Nam
990 2735 1080 2804 qui
1121 2731 1291 2787 hostis
1349 2728 1490 2781 vires
1537 2731 1590 2777 et
1648 2718 1945 2789 potentiam
1983 2722 2186 2774 narrat,
2250 2723 2377 2763 suos

810 2830 940 2883 l‘acit
969 2824 1141 2895 magis
1173 2829 1385 2877 cautos.
1409 2817 1525 2871 Non
1560 2817 1847 2868 adversum
1885 2807 2150 2875 vulgares,
2177 2800 2372 2870 inquit,

810 2917 991 2970 hostes
1027 2891 1180 2966 nobis
1214 2908 1355 2962 lucta
1413 2913 1516 2965 est,
1574 2916 1747 2970 neque
1786 2898 2073 2951 adversum
2131 2891 2376 2944 homines
2411 2942 2417 2956 ,

815 3007 1001 3061 iisdem
1067 3001 1348 3057 nobiscum
1403 2994 1682 3051 aﬂectibus
1733 2988 1991 3052 imbutos,
2026 2982 2377 3055 ejusdemque

813 3097 1088 3151 nobiscum
1119 3091 1395 3162 potentiae.

889 3209 907 3241 ‹
941 3188 1043 3242 Sed
1062 3186 1345 3239 adversum
1369 3178 1721 3250 principatus,
1742 3175 2002 3229 adversus
2022 3178 2368 3240 potestates.»
2403 3182 2448 3241 c

812 3283 1043 3338 Perinde
1082 3292 1145 3331 ac
1180 3276 1323 3329 Deus
1372 3272 1707 3342 principatus
1753 3266 1913 3322 habet
1947 3280 2010 3320 ac
2058 3272 2375 3334 potestates,

814 3379 957 3431 hunc
998 3372 1064 3425 ad
1098 3368 1316 3423 modum
1347 3375 1607 3435 arrogans
1650 3370 1914 3430 tyrannus
1946 3355 2249 3426 hujusmodi
2286 3368 2377 3407 or-

814 3474 969 3529 dines
1010 3469 1155 3523 fecit.
1709 3508 1713 3513 _

893 3581 914 3616 ι
958 3561 1231 3616 Adversus
1302 3553 1486 3608 mundi
1545 3558 1803 3605 rectores.
1862 3564 1881 3598 ι
1953 3542 2069 3598 Νοη
2126 3543 2270 3611 quod
2327 3539 2378 3594 in

815 3653 1074 3711 mundum
1106 3664 1199 3704 seu
1224 3656 1532 3701 creaturam
1569 3640 1933 3703 dominentur,
1968 3638 2151 3705 ejusve
2180 3632 2379 3686 domini

812 3748 956 3803 sint:
986 3743 1077 3798 sed
1101 3740 1383 3810 Scriptura
1405 3736 1658 3789 mundum
1690 3739 1846 3785 vocat
1872 3732 1984 3797 ipsa
2008 3740 2168 3795 prava
2194 3739 2379 3793 opera,

815 3849 869 3895 et
894 3838 987 3907 qui
1019 3849 1079 3887 ea
1113 3836 1444 3903 perpetrant,
1473 3822 1923 3895 quemadmodum
1946 3829 1999 3874 et
2027 3816 2154 3871 illud
2182 3834 2195 3869 :
2228 3833 2245 3867 ι
2276 3812 2382 3868 Vos

817 3946 921 3987 non
966 3929 1098 3983 estis
1146 3940 1211 3980 ex
1258 3921 1457 3978 mundo
1479 3931 1527 3983 α,
1559 3936 1577 3969 ι
1617 3920 1721 3970 hoc
1758 3921 1861 3979 est,
1904 3927 1969 3966 ex
2004 3910 2069 3964 iis
2096 3910 2184 3978 qui
2219 3919 2381 3976 prava

816 4028 1131 4091 operantur.
1190 4016 1244 4070 In
1307 4016 1406 4068 hos
1468 4011 1631 4079 igitttr
1674 4005 1976 4062 voluntario
2034 4003 2085 4057 in
2145 4002 2381 4070 ipsorum

818 4114 1135 4171 servitutem
1193 4109 1440 4164 redactos
1514 4102 1796 4172 imperium
1869 4103 2125 4154 exercent
2179 4095 2382 4148 daemo-

816 4218 934 4258 nes.

896 4314 916 4348 ι
948 4292 1317 4349 Tenebrarum
1352 4286 1535 4344 saeculi
1595 4282 1773 4352 hujus.
1805 4298 1825 4333 ι
1869 4279 2146 4335 Tenebras
2195 4276 2383 4341 nequi-

823 4395 950 4448 tiam
982 4388 1137 4452 dicit,
1164 4400 1283 4455 quae
1319 4384 1370 4436 in
1406 4383 1506 4436 hoc
1538 4378 1734 4434 smculo
1779 4377 1995 4430 videtur
2023 4383 2077 4427 et
2103 4371 2381 4435 consistit;

821 4482 1051 4539 ulterius
1081 4488 1259 4533 autem
1306 4489 1411 4527 non
1451 4471 1643 4541 pergit.

898 4530 1252 4626 «i-deﬁersus
1318 4530 1620 4634 spirilualia
1680 4558 1953 4628 nequitiae.
1999 4574 2017 4607 ι
2067 4554 2177 4609 Hos
2220 4530 2462 4623 4199

823 4669 969 4737 ipsos
998 4665 1276 4717 daemones
1302 4665 1475 4711 vocat.
1522 4654 1653 4708 Cum
1681 4652 1824 4705 enim
1859 4659 1913 4703 et
1935 4647 2107 4715 angeli
2142 4647 2252 4701 sint
2277 4643 2390 4712 spi—

822 4760 981 4823 ritus,
1019 4746 1288 4823 ap'posuit,
1341 4767 1359 4801 ε
1419 4746 1721 4816 Nequitias:
1764 4761 1782 4795 ι
1836 4741 2101 4811 siquidem
2148 4738 2224 4792 illi
2263 4752 2385 4790 cum

824 4847 1105 4910 bonitatis,
1140 4855 1249 4897 tum
1279 4841 1501 4895 luminis
1530 4847 1655 4891 sunt
1688 4835 1935 4905 Spiritus.
1966 4832 2103 4899 Quia
2137 4844 2266 4883 vero
2290 4842 2387 4882 nos

825 4939 1020 4993 bellum
1047 4950 1150 4988 non
1183 4948 1367 5004 gerere
1395 4928 1679 4983 allirma"i‘,
1708 4927 1967 4981 adversus
1992 4921 2309 4989 sanguinem
2332 4927 2388 4972 et

824 5040 1065 5089 carnem,
1105 5038 1135 5077 e
1190 5020 1465 5076 contrario
1510 5016 1719 5084 adjicit,
1775 5014 1870 5068 sed
1926 5014 2186 5065 adversus
2221 5008 2386 5070 leves,

826 5116 1181 5180 invincibiles,
1220 5124 1273 5168 et
1315 5126 1410 5167 eos
1455 5111 1546 5181 qui
1600 5106 1909 5163 dilﬁcillime
1939 5104 2248 5173 capiuntur,
2289 5116 2388 5169 pu-

825 5225 1075 5282 guamtts.

897 5318 915 5349 ς
961 5298 1014 5351 ln
1067 5296 1393 5352 cmlestibus.
1450 5311 1469 5344 ι
1524 5291 1628 5346 Per
1687 5288 1789 5343 hoc
1839 5299 2024 5340 rursus
2089 5283 2387 5337 auditorem

825 5392 1046 5445 excitat.
1103 5389 1179 5443 De
1231 5386 1459 5455 magnis,
1510 5382 1703 5450 inquit,
1749 5377 2048 5449 periculum
2105 5385 2187 5430 est
2227 5393 2240 5427 :
2280 5388 2384 5426 non

823 5482 965 5534 enim
1022 5480 1087 5533 de
1148 5476 1495 5533 terrestribus
1556 5483 1608 5528 et
1660 5468 2115 5540 corruptibilibus,
2172 5464 2265 5521 sed
2322 5463 2387 5516 de

931 5635 954 5661 ι
981 5620 1136 5674 Joau.
1173 5635 1262 5682 xv,
1292 5616 1374 5671 l9.

1685 426 1783 484 Tll
1798 418 2258 482 EOPllYI.ACTl
2301 415 2712 475 BULGARIKE
2754 413 3097 474 ARCHlEP.

1852 531 2101 584 omnibus
2159 528 2338 595 itaque
2368 522 2417 581 Α

2459 522 2603 575 τεδόν
2649 524 2796 575 ἐστιν
2831 525 2862 590 ἡ
2895 521 3039 573 οἰκία
3073 518 3335 572 ἑκάστου·
3360 516 3613 579 (Statii-:1;
3648 513 3739 567 οῦν
3784 513 3890 574 τὰς
3930 514 4036 579 5f.-

2445 616 2546 684 χὰς
2573 615 2773 677 πάσας.
2812 615 2984 674 οὕτως
3022 612 3112 664 ἐπὶ
3135 611 3225 665 τὸν
3270 608 3504 678 πόλεμον
3534 607 3740 676 ἐξάγει.
3781 608 3900 659 Καὶ
3919 607 4036 673 γὰρ

2444 705 2574 757 ὅταν
2616 704 2690 773 μὴ
2734 705 2831 773 τὴν
2873 705 3078 755 οἰκείαν
3113 700 3266 766 τάξιν
3319 699 3721 769 ὑπερϐαίνωσιν
3771 696 4037 755 ἕκασται,

2445 796 2569 848 τότε
2616 796 2709 848 καὶ
2742 795 2811 848 τὰ
2842 795 2934 848 τοῦ
2969 793 3207 862 πολέμου
3228 791 3288 844 εῦ
3321 788 3761 844 κείσεται.⁹Επεὶ
3796 787 3856 839 δὲ
3896 787 4041 837 πολ-

3885 404 4030 467 1123

2448 887 2516 939 λὰ
2568 886 2797 949 ἐπέταξε
2845 884 3105 937 δοκοῦντα
3149 884 3605 951 δυσκατόρθωτα,
3648 880 3742 949 Μὴ
3782 879 4039 947 δείσητε,

2452 980 2636 1048 φησιν,
2663 978 2775 1031 ἀλλ’
2816 980 2873 1029 ἐν
2910 980 2974 1047 τῇ
3005 977 3097 1029 τοῦ
3133 975 3339 1046 Κυρίου
3382 976 3605 1042 δυνάμει
3635 973 3918 1043 θαρῤεἷτε.
3956 970 4039 1022 Οὐ

2450 1072 2559 1141 γάρ
2592 1073 2739 1123 ἐστιν
2779 1069 2933 1137 ἰσχὺς
2974 1068 3162 1131 ἁπλῶς
3208 1067 3375 1136 αὐτῷ,
3409 1066 3546 1119 ἀλλὰ
3578 1067 3777 1134 κράτος
3818 1062 4041 1131 ἰσχὺος,

2450 1162 2753 1225 τουτέστιν,
2789 1163 2997 1229 ἄφατον
3036 1160 3149 1230 ἔχει
3178 1161 3277 1230 τὴν
3307 1159 3479 1229 ἰσχὺν,
3513 1156 3606 1209 καὶ
3642 1156 3865 1209 πάντων
3893 1171 4042 1223 κρα-

2451 1270 2670 1307 τουσαν.

2530 1366 2548 1397 ε
2599 1346 2926 1400 Ἐνδύσασθε
2973 1347 3072 1417 τὴν
3120 1344 3425 1399 πανοπλίαν
3457 1345 3549 1398 τοῦ
3588 1343 3745 1409 θεοῦ,
3794 1343 3940 1413 πρὸς
3978 1343 4049 1395 τὸ

2455 1437 2714 1505 δύνασθαι
2773 1440 2918 1509 ὑμᾶς
2971 1440 3162 1507 στῆναι
3204 1437 3340 1508 πρὸς
3386 1438 3485 1501 τὰς
3540 1435 3825 1507 μεθοδεὶας
3859 1434 3910 1464 ⁷⁸
3943 1433 4045 1485 τοῦ

2456 1526 2729 1580 διαϐόλου.
2773 1546 2790 1579 ι
2833 1527 2928 1591 Τίς
2972 1529 3120 1579 ἐστιν
3162 1529 3195 1597 ή
3234 1526 3529 1588 πανοπλία,
3582 1526 3701 1593 μετ’
3747 1524 3936 1587 ὀλίγον
3964 1524 4043 1574 ει.

2457 1620 2627 1685 δάξει.
2651 1619 2792 1688 Ὅρα
2808 1619 2885 1681 δὲ,
2907 1618 3022 1680 πῶς
3045 1620 3144 1671 οὐκ
3174 1614 3317 1681 εἷπε,
3345 1619 3557 1688 Μάχας,
3580 1618 3690 1687 ﬁ”,
3724 1616 4045 1684 Πολέμους.

2461 1711 2619 1775 ἀλλὰ,
2649 1729 2666 1761 t
2697 1708 3013 1771 Μεθοδείας.
3048 1729 3065 1759 ι
3088 1709 3358 1762 Μεθοξεία
3382 1712 3489 1778 γάρ
3514 1711 3628 1760 ἐστι
3659 1709 3716 1759 τδ
3746 1708 4049 1771 atati-,3:

2464 1805 2558 1857 κοιλ⁸
2580 1804 2667 1857 διὰ
2704 1803 2953 1873 μηχανῆς
2988 1803 3148 1856 ἑλεῖν.
3198 1802 3273 1855 Οὐ
3315 1804 3425 1872 γάρ
3472 1800 3679 1869 φανερὰ
3712 1800 4053 1870 προτίθησιν

2464 1898 2491 1948 ὁ
2512 1892 2707 1965 ἐχθρὸς
2732 1896 2799 1947 τὰ
2824 1895 3201 1963 ἁμαρτήματα
3224 1911 3236 1923 ·
3261 1888 3393 1955 οἷον,
3426 1892 3835 1961 εἰδωλολατρεῖν
3868 1908 4052 1958 φανε-

2461 1986 2571 2057 ρῶς
2615 1987 2675 2038 οὗ
2730 1989 3010 2057 παραινεῖ,
3048 1986 3163 2041 ἀλλ’
3209 1986 3414 2053 ἑτέρως
3462 1987 3593 2038 αὑτό
3634 1982 4053 2044 κατασκευάζει

2465 2078 2792 2147 μεθοδεύων,
2827 2079 3102 2144 τουτέστι,
3136 2078 3360 2131 πιθα·ιόν
3396 2078 3487 2129 τὸν
3533 2077 3688 2145 λόγον
3717 2075 3922 2137 ποιῶν,
3956 2077 4056 2127 καὶ

2461 2171 2885 2239 ὲπικαλύμματι
2925 2170 3226 2249 χρώμενος.
3257 2172 3353 2225 Διὰ
3380 2172 3434 2224 δὲ
3464 2171 3556 2224 τοῦ
3588 2171 3755 2235 δεῖξαι
3781 2170 3876 2221 τὸν
3898 2169 4057 2221 ἁ-ιτὶο

2461 2262 2632 2315 παλον
2688 2263 2862 2317 δεινὸν
2916 2264 3045 2317 ὄντα
3094 2265 3189 2317 καὶ
3235 2264 3502 2329 ποικίλον,
3535 2263 3793 2334 διεγείρει
3842 2262 4060 2323 αὐτοὺς

2464 2357 2560 2410 καὶ
2588 2356 2785 2425 νήφειν
2824 2356 3260 2428 παρασκευάζει.

2545 2464 2563 2498 t
2605 2447 2731 2500 Ὅτι
2755 2447 2855 2499 οὐκ
2879 2446 3029 2500 ἐστιν
3053 2449 3185 2518 ἡμῖν
3218 2449 3250 2516 ὴ
3280 2446 3425 2515 πάλη
3464 2446 3600 2515 πρὸς
3622 2440 3760 2515 αἷμα
3781 2445 3881 2497 καὶ
3914 2444 4059 2512 σάρ·

2470 2556 2561 2594 κα.
2600 2558 2619 2592 ι
2658 2540 2769 2593 Καὶ
2799 2539 2958 2592 τοῦτο
2984 2540 3084 2593 οὐκ
3108 2539 3357 2607 ἐκφοϐῶν
3381 2539 3554 2605 λέγει,
3586 2539 3718 2591 ἀλλὰ
3743 2554 4060 2607 προσεκτισ

2470 2634 2751 2704 κωτὲρους
2813 2632 3007 2686 ποιῶν.
3043 2628 3135 2687 Ὀ“
3160 2633 3270 2702 γὰρ
3308 2632 3404 2685 τοῦ
3447 2630 3641 2701 ἐχθροῦ
3672 2632 3770 2700 τὴν
3812 2630 4061 2699 δύναμιν

2469 2725 2877 2796 ἀφηγούμενος,
2924 2724 3371 2795 ἀσφαλεστέρους
3406 2728 3551 2779 ποιεῖ
3602 2724 3727 2787 τοὺς
3785 2722 4059 2785 οἰκείους.

2473 2815 2550 2867 Οὐ
2599 2815 2738 2885 πρὸς
2767 2815 2897 2878 τοὺς
2931 2816 3197 2885 τυχόντας
3254 2812 3473 2883 ἔχομεν,
3510 2814 3695 2884 φησὶν,
3741 2814 3869 2867 οὐδὲ
3915 2814 4063 2884 πρὸς

2475 2907 2800 2980 ἀνθρώπους
2851 2908 3198 2980 ὁμοιοπαθεῖς
3227 2909 3360 2979 ἡμῖν
3390 2910 3486 2964 καὶ
3532 2908 3921 2978 ισοδυνάμους.

2558 3194 2577 3228 ι
2621 3173 2967 3249 Ἀλλὰ’πρδς
3002 3177 3102 3240 τὰς
3154 3177 3347 3247 ἀρχάς,
3394 3176 3531 3247 πρὸς
3578 3175 3677 3239 τὰς
3718 3174 4007 3239 ἐξουσίας.
4039 3195 4058 3227 ι

2484 3272 2694 3342 Ὥσπερ
2732 3270 2761 3323 ὁ
2800 3270 2932 3333 Θεὸς
2967 3269 3142 3341 ἀρχὰς
3176 3268 3292 3339 ἔχει
3337 3270 3434 3323 καὶ
3475 3267 3742 3333 ἔξουσίας,
3777 3266 3933 3321 οὕτω
3973 3270 4069 3321 καὶ

2482 3366 2511 3417 ὁ
2537 3362 2751 3426 ἀλαζὼν
2778 3360 3045 3434 τύραννος
3072 3361 3302 3417 τοιαῦτα
3340 3361 3637 3432 ἐποιήσατο
3662 3362 3960 3431 τάγματα.

2562 3557 2582 3591 ‹
2618 3539 2763 3614 Πρὸς
2800 3539 2925 3602 τοὺς
2956 3539 3430 3611 κοσμοκράτορας.
3468 3557 3487 3591 ι
3524 3538 3659 3609 Οὐχὶ
3684 3539 3813 3603 τοὺς
3840 3540 3950 3594 τοῦ
3974 3542 4066 3595 κό-

2485 3646 2624 3701 σμου
2650 3670 2666 3693 ,
2706 3632 2874 3700 ἠγουν
2932 3631 3031 3699 τῆς
3089 3630 3321 3694 κτίσεως
3366 3629 3735 3701 κρατοῦντας·
3794 3630 3921 3684 ἀλλ’
3957 3630 4065 3685 οἶδε

2485 3722 2688 3794 κόσμον
2739 3724 2771 3793 ή
2822 3723 3014 3793 Γραφὴ
3046 3722 3145 3786 τὰς
3184 3723 3430 3793 πονηρὰς
3463 3722 3691 3792 πράξεις
3730 3721 3945 3789 λέγειν,
3975 3723 4068 3776 καὶ

2485 3818 2608 3875 τοὺς
2635 3816 2839 3879 ταύτας
2879 3817 3184 3886 μετιόντας,
3224 3815 3300 3877 ὡς
3326 3817 3409 3880 τὸ,
3443 3834 3463 3867 ι
3488 3816 3677 3886 Ὑμεῖς
3702 3817 3803 3869 οὐκ
3834 3818 3970 3869 ὲστὲ
4007 3820 4067 3870 ὲκ

2483 3908 2577 3960 τοῦ
2612 3910 2839 3978 κόσμου,
2868 3925 2888 3959 ι
2927 3906 3231 3969 τουτέστιν,
3261 3908 3326 3960 ὲκ
3364 3906 3473 3960 τῶν
3500 3907 3570 3960 τὰ
3603 3908 3815 3977 πονηρά
3840 3909 4064 3975 μετιόνο

2484 4016 2613 4053 των.
2660 3999 2880 4052 Τούτων
2925 3995 3021 4052 οὖν
3065 3997 3360 4066 κρατοῦσιν
3392 4000 3441 4051 οἱ
3494 3998 3769 4069 δαίμονες,
3802 4000 4064 4071 αὐθαιρὲ-

2484 4108 2593 4153 τως
2633 4088 3122 4145 ὑποδουλωθέντων
3149 4088 3195 4121 ⁷⁷
3234 4088 3438 4151 αὐτοῖς.

2563 4292 2583 4325 ‹
2625 4270 2733 4323 Τοῦ
2770 4268 2995 4331 σκότους
3035 4266 3130 4321 τοῦ
3172 4266 3369 4329 αἰῶνος
3402 4282 3616 4319 τουτου.
3660 4284 3679 4316 ι
3713 4267 3920 4331 Σκότος
3970 4271 4066 4339 τὴν

2488 4361 2752 4432 πονηρίαν
2809 4361 2993 4428 φησιν,
3026 4360 3149 4427 ἥτις
3194 4360 3253 4409 ὲν
3287 4357 3364 4426 τῷ
3417 4356 3574 4410 αἰῶνι
3609 4357 3784 4427 τούτῳ
3813 4360 4066 4427 φαίνεται

2493 4455 2587 4509 καὶ
2625 4451 2960 4505 συνίσταται.
3000 4447 3314 4519 περαιτέρω
3354 4446 3412 4499 δὲ
3455 4447 3516 4499 οὐ
3538 4448 3771 4517 πρόεισι.

2568 4564 2587 4598 ι
2626 4544 2769 4614 Πρὸς
2811 4542 2881 4594 τά
2914 4538 3267 4608 πνευματικὰ
3303 4537 3401 4607 τῆς
3451 4540 3737 4608 πονηρίας.
3779 4559 3798 4593 ι
3827 4541 4065 4607 Τούτους

2490 4636 2691 4698 αὐτοὺς
2729 4634 2856 4695 τοὺς
2892 4630 3156 4700 δαίμονάς
3194 4645 3376 4699 φησιν.
3430 4628 3647 4700 Ἐπειδὴ
3687 4632 3799 4702 γάρ
3826 4637 3938 4687 εἰσι
3975 4640 4067 4690 καὶ

2488 4729 2536 4779 οἱ
2569 4725 2789 4795 ἄγγελοι
2835 4720 3075 4791 πνεῦμα,
3106 4720 3435 4791 προσέθηκε·
3473 4740 3491 4773 ι
3544 4723 3655 4790 Τῆς
3703 4728 3997 4795 πονηρία..
4041 4748 4059 4771 ,

2487 4819 2687 4872 ἐκεῖνοι
2725 4816 2855 4885 γὰρ,
2888 4814 3223 4883 ἀγαθότητος
3267 4817 3356 4869 καὶ
3408 4798 3585 4884 φωτὸς
3623 4818 3939 4887 πνεύματα.
3974 4821 4066 4875 Εἰ-

2489 4910 2604 4964 πὼν
2632 4909 2709 4974 δὲ,
2748 4908 2828 4960 ὅτι
2886 4908 2947 4959 οὐ
2994 4905 3338 4976 πολεμοῦμεν
3383 4908 3518 4977 πρὸς
3548 4904 3687 4979 αἷμα
3734 4914 3829 4965 καὶ
3866 4917 4059 4987 σάρκα,

2487 5000 2933 5064 ἀντιδιαστέλλει,
2966 4998 3057 5054 καί
3092 5017 3279 5068 φησιν,
3306 5000 3390 5053 ὅτι
3438 5000 3599 5055 Ἀλλὰ
3635 5007 3773 5073 πρὸς
3803 5009 4058 5078 κουλςουῆ

2487 5095 2582 5149 καὶ
2610 5095 2901 5165 ἀνικήτους
2935 5092 2981 5123 ⁷⁸
3011 5091 3107 5145 καὶ
3127 5089 3462 5161 δυσαλῴτους
3499 5095 3811 5165 μαχόμεθα.

2565 5292 2583 5324 ‹
2634 5272 2723 5325 Ἐν
2752 5273 2864 5335 τοῖς
2890 5270 3257 5341 ἐπουρανίοις.
3301 5290 3318 5324 ι
3349 5273 3446 5326 Διά
3484 5274 3641 5327 τοῦτο
3682 5277 3846 5330 mihi»
3872 5281 4058 5348 διεγεῖ-

2496 5385 2578 5436 ρει
2600 5369 2691 5419 τὸν
2721 5364 3018 5435 ἀκροατήν.
3052 5365 3186 5435 Περὶ
3228 5365 3481 5434 μεγάλων
3510 5369 3637 5439 γὰρ,
3670 5374 3860 5442 φησὶν,
3892 5376 3919 5426 ξ,
3950 5380 4056 5427 κέν-

2491 5459 2667 5524 δυνος,
2725 5457 2786 5509 οὐ
2845 5458 2973 5526 περὶ
3023 5455 3282 5523 ἐπιγείων
3337 5457 3430 5512 καὶ
3453 5458 3727 5529 φθαρτῶν,
3776 5465 3915 5518 ἀλλὰ
3956 5466 4053 5519 τῶν

2167 5700 2363 5762 Variae
2392 5697 2716 5759 lectiones.

898 5837 941 5866 ”
972 5836 1065 5902 τὴν
1120 5834 1399 5904 μεθοεείαν
1430 5848 1480 5886 0.
1558 5833 1603 5864 ⁷⁸
1656 5833 1748 5884 καὶ
1790 5845 1842 5882 o.

1921 5831 1965 5863 "
2023 5830 2095 5893 ὡς
2138 5828 2387 5881 ὑποδουλ.
2427 5841 2478 5881 0.

2556 5826 2600 5857 ’⁵⁸
2650 5822 2963 5891 ιὺκινήτους
3016 5835 3069 5876 ο.
