4226 6440
239 364 370 427 illi?

1041 363 1443 423 EXPOSITIO
1482 363 1557 421 1N
1604 365 1769 420 Ειδιδ
1789 363 1839 417 Γ.
1884 362 1977 417 AD
2021 362 2280 424 EPlliﬁS.
2323 388 2385 396 -αα
2419 369 2572 425 CAP.
2617 368 2711 425 VI.

3338 367 3482 431 1138.

232 487 286 553 ἢ,
324 486 350 532 ὁ
409 481 632 548 ἀδελφὸς
691 482 747 532 ἐν
807 483 1015 550 Rupit),
1058 482 1334 533 τουτέστιν
1380 482 1405 531 ὁ
1437 476 1804 545 πνευματικὸς
1840 477 1882 529 Α
1914 472 1963 525 in
1986 475 2183 528 divinis
2227 478 2406 539 rebus,
2439 494 2541 530 non
2579 493 2708 546 prop

1866 489 1882 529 ι
1914 472 1963 525 in
1986 475 2183 528 divinis
2227 478 2406 539 rebus,
2439 494 2541 530 non
2579 493 2797 546 propter
2832 479 3060 542 nliqttnttt
3107 494 3215 531 rem
3249 483 3474 532 Inunda-

232 573 480 640 ἀδελφός.

314 770 329 800 ι
371 754 466 800 ἰιν
519 749 738 819 ἔπεμψα
793 752 927 818 προς
995 752 1137 816 ὑμᾶς
1188 753 1264 812 εις
1315 750 1448 803 αὐτὸ
1502 750 1682 813 τοῦτο,
1721 751 1809 803 ἵνα

234 845 412 910 γνῶτε
443 844 461 871 ⁵
488 842 555 895 τὰ
585 843 711 909 περὶ
741 843 896 911 ήμῶν
936 844 978 906 ⁵,
1019 842 1112 895 καὶ
1143 842 1497 912 παρακαλέσῃ
1541 843 1634 904 τὰς
1672 859 1809 909 καρ-

232 935 354 994 δίας
382 933 552 1001 ὑμῶν.
584 951 600 982 ι
637 932 692 984 Ὀ
710 931 862 999 ἀγιος
899 932 1150 1002 Ἰωάννης
1173 932 1343 995 οὕτως
1375 933 1582 1001 ἀνέγνω
1601 950 1612 960 ·
1655 953 1672 983 ι
1697 933 1810 987 Ἵνα.

234 1024 424 1091 γνῶτε
475 1023 543 1075 τὰ
590 1022 717 1092 περὶ
767 1022 967 1091 ἡμῶν·
999 1024 1297 1089 τουτέστιν,
1355 1023 1442 1076 ῖνα
1496 1025 1806 1096 ἀπαγγείλῃ

234 1119 368 1187 ὑμῖν
389 1118 452 1169 τά
477 1118 602 1186 περὶ
626 1116 778 1185 ἐμοῦ,
806 1118 897 1169 καὶ
924 1126 996 1187 μη
1022 1117 1132 1186 ἀφῇ
1153 1117 1294 1186 ὑμᾶς
1317 1119 1644 1169 καταπεσεῖν
1672 1119 1811 1188 ὑπὲρ

236 1212 397 1280 ἐμοῦ,
461 1212 534 1273 ὡς
589 1215 644 1264 ὲν
676 1210 867 1274 δεινοῖς
904 1211 1077 1273 ὄντος,
1107 1210 1202 1264 καὶ
1259 1209 1448 1264 ἅλυσιν
1499 1209 1808 1278 φοροῦντος.

236 1305 412 1358 Τοῦτο
439 1306 494 1357 δὲ
515 1306 613 1377 τὴν
646 1304 866 1375 ἀγάπην
909 1305 1079 1375 δηλοῖ,
1113 1305 1213 1375 τήν
1241 1322 1298 1357 τε
1327 1304 1491 1359 αὑτοῦ
1526 1307 1656 1373 πρὸς
1713 1308 1777 1358 αὑ
1797 1336 1810 1344 ο

238 1403 386 1461 τοὺς,
417 1399 511 1451 καὶ
547 1401 644 1468 την
674 1400 899 1451 ἐκείνων
936 1398 1070 1469 πρὸς
1093 1399 1275 1452 αὐτόν.

318 1600 336 1630 ε
381 1582 586 1650 Εἰρήνη
618 1584 721 1644 τοῖς
748 1583 993 1650 ἀδελφοῖς
1038 1582 1130 1634 καὶ
1171 1582 1357 1650 ἀγάπη
1389 1584 1522 1650 μετά
1557 1585 1813 1646 πίστεως,

238 1676 350 1728 ἀπὸ
400 1677 533 1729 Θεοῦ
578 1680 808 1749 Πατρὸς,
863 1681 955 1730 καὶ
1012 1678 1215 1748 Κυρίου
1274 1681 1449 1749 Ἰησοῦ
1487 1679 1740 1749 Χριστοῦ.
1793 1698 1808 1729 ι

254 1766 598 1836 Ἐπεύχεται,
634 1771 814 1831 αὐτοῖς
849 1773 1071 1839 εἰρήνην
1102 1773 1196 1824 καὶ
1245 1771 1344 1838 τὴν
1393 1771 1530 1839 μετά
1585 1771 1816 1831 πίστεως

237 1859 482 1930 ἀγάπην.
516 1860 682 1913 Τοῦτο
702 1861 757 1913 δὲ
786 1861 1026 1913 τοιοῦτόν
1055 1865 1219 1924 ἐστιν,
1244 1862 1274 1931 ἦ
1303 1863 1383 1914 ὅτι
1412 1864 1496 1913 ἵνα
1524 1862 1596 1930 μὴ
1637 1865 1818 1929 ἑτερο⁹

238 1951 425 2014 δόξους
459 1952 766 2018 ἀγαπῶσιν,
799 1953 934 2004 ἀ).λά
981 1955 1175 2020 μόνους
1210 1953 1228 1982 ⁶
1262 1953 1484 2015 πιστούς
1506 1969 1518 1982 ·
1549 1953 1579 2022 ἢ
1611 1954 1691 2004 ὅτι
1740 1952 1818 2003 δεῖ

240 2040 338 2090 καὶ
361 2039 541 2090 πίστιν
571 2040 714 2109 ἔχειν
746 2041 963 2105 αὐτοὺς,
991 2041 1131 2094 ὥστε
1161 2043 1256 2093 καὶ
1300 2041 1520 2112 θαρρεῖν
1555 2042 1682 2111 περὶ
1708 2041 1816 2094 τῶν

243 2131 568 2199 μελλόντων.
636 2132 818 2201 Χωρὶς
869 2135 974 2204 γάρ
1030 2134 1262 2194 πίστεως
1330 2136 1480 2187 οὐδὲν
1540 2135 1739 2202 ὠφελεί
1784 2136 1815 2203 ἡ

241 2222 455 2291 ἀγάπη,
495 2223 693 2291 μᾶλλον
720 2224 774 2274 δὲ
804 2224 912 2275 οὐδ’
942 2223 1007 2276 ἀν
1042 2225 1250 2292 γένοιτο
1282 2226 1470 2296 ἀγάπη
1525 2227 1690 2296 χωρὶς
1726 2225 1816 2277 πε-

245 2330 441 2374 στεως.
478 2315 654 2383 Ὅπερ
690 2315 705 2344 ⁷
733 2311 885 2367 εἶπεν
907 2317 1146 2386 εἰρήνην,
1180 2318 1271 2369 καὶ
1295 2317 1390 2387 τὴν
1417 2318 1554 2386 μετά
1587 2319 1819 2379 πίστεως

243 2405 487 2472 ἀγάπην.
525 2405 798 2462 Διδάσκων
838 2407 893 2459 δὲ
945 2408 1059 2470 πῶς
1095 2409 1159 2461 ἂν
1184 2410 1391 2476 γένοιτο
1418 2410 1578 2477 αὕτη,
1609 2409 1818 2476 ἐπήγα-

245 2515 364 2564 γεν,
396 2499 476 2551 ὅτι
530 2500 615 2552 διὰ
664 2500 763 2570 τῆς
811 2501 1049 2570 ἀγάπης.
1097 2502 1160 2555 Ἦ
1204 2503 1394 2572 ἀγάπη
1429 2502 1483 2554 δὲ
1507 2501 1658 2567 πῶς;
1697 2501 1818 2555 Ἐὰν

246 2591 434 2644 πίστιν
457 2592 685 2661 ἔχωμεν.

333 2702 350 2734 ι
387 2683 448 2735 'il
477 2685 634 2752 χάρις
671 2687 807 2753 μετά
843 2686 1058 2739 πάντων
1081 2687 1190 2740 τῶν
1223 2689 1556 2756 ἀγαπώντων
1590 2691 1679 2743 τὸν
1710 2690 1818 2744 Κύ-

248 2790 366 2840 ριον
399 2774 552 2841 ἡμῶν
595 2776 799 2844 Ἰησοῦν
830 2777 1063 2846 Χριστὸν
1112 2779 1170 2831 ὲν
1222 2780 1516 2851 ἀφθαρσίᾳ.
1568 2783 1761 2850 Ἀμήν.
1795 2802 1811 2833 ι

260 2863 528 2916 Ἐνταῦθα
555 2866 574 2896 ⁸
601 2865 760 2919 διεῖλε
785 2869 882 2937 τὴν
917 2870 1142 2940 εἰρήνην
1180 2871 1288 2924 ἀπὸ
1322 2872 1420 2941 τῆς
1448 2890 1686 2941 χαριτος.
1716 2875 1820 2944 ὶδτᾳ

249 2954 366 3016 θεὶς
395 2956 730 3028 ἀμφοτέρας,
766 2961 943 3013 καίτοι
989 2961 1262 3032 πανταχοῦ
1290 2963 1592 3018 συνάπτων.
1628 2966 1699 3016 Τὸ
1740 2966 1817 3028 δὲ,

253 3066 272 3096 ι
321 3047 409 3099 Ἐν
449 3049 752 3120 ἀφθαρσίᾳ,
787 3071 803 3103 ι
840 3053 957 3123 ἦτοι
993 3054 1049 3104 ὲν
1097 3057 1434 3126 κοσμιότητι,
1484 3057 1514 3125 ἦ
1549 3057 1657 3109 τῶν
1685 3059 1822 3125 ἀγα-

1914 580 2057 626 nam,
2088 567 2168 618 vel
2201 567 2270 620 οι)
2296 569 2598 635 quampiam
2649 584 2760 621 rem
2800 578 3108 620 terrestrem
3137 587 3148 621 :
3198 569 3278 622 vel
3313 569 3476 624 frater

1912 660 1962 708 in
1994 655 2241 720 Domino,
2266 658 2407 724 quod
2435 669 2539 720 est,
2571 659 2871 724 spiritualis
2903 658 3086 710 iratei.

1986 745 2146 800 Vens.
2184 748 2273 802 9.2.
2309 768 2325 799 ‹
2375 751 2546 813 Quem
2577 751 2693 802 misi
2730 753 2791 802 ad
2829 766 2921 804 vos
2954 752 3005 802 in
3043 753 3142 805 hoc
3178 768 3372 818 ipsum,
3425 759 3481 803 ut

1913 846 2253 912 cognoscatis
2277 862 2394 912 qum
2427 847 2568 899 circa
2600 863 2697 898 nos
2719 859 2864 907 sum,
2895 857 2947 900 et
2978 847 3289 899 ronsoietur
3319 846 3477 897 corda

1913 943 2109 987 vestra.
2155 953 2173 985 ι
2209 935 2370 988 Divus
2399 936 2633 991 Joannes
2664 939 2743 990 sic
2771 937 2896 1006 legit
2936 956 2949 991 :
2990 957 3006 987 ι
3050 938 3116 991 Lit
3140 939 3483 1004 cognoscatis

1915 1040 2035 1094 quae
2065 1026 2208 1080 circa
2237 1040 2332 1080 nos
2376 1037 2522 1090 sunt,
2560 1047 2577 1078 ι
2615 1027 2716 1081 lioc
2748 1039 2850 1092 est,
2898 1027 2966 1081 Ut
3002 1030 3150 1082 vobis
3175 1030 3238 1081 de
3271 1044 3354 1080 me
3386 1043 3484 1080 au-

1916 1117 2146 1179 nuntiet,
2184 1132 2284 1170 nec
2311 1117 2453 1170 sinat
2499 1134 2590 1172 vos
2627 1121 2728 1170 nivi
2763 1136 2925 1172 causa
2981 1120 3356 1178 succumbere,
3404 1120 3485 1169 ni-

1919 1211 2154 1263 Ittitzmve
2193 1210 2532 1271 contristari,
2576 1215 2770 1279 quippe
2805 1214 2893 1281 qui
2943 1211 3050 1276 jam
3082 1213 3264 1280 gravia
3304 1212 3485 1262 admu-

1917 1305 2038 1355 tlum
2098 1303 2292 1370 patiar,
2325 1315 2676 1369 catcnamque
2726 1305 2914 1356 feram.
2961 1305 3072 1356 lloe
3135 1316 3311 1356 autem
3360 1302 3490 1354 dile-

1917 1394 2148 1446 ctionem
2185 1393 2403 1453 indicat,
2437 1409 2558 1446 cum
2616 1391 2730 1460 ejus
2756 1409 2876 1462 erga
2912 1394 3074 1460 ipsos,
3111 1402 3218 1446 tum
3278 1393 3487 1443 ilittl'tlttt

1916 1506 2040 1555 (rga
2085 1489 2276 1556 ipsum.

1996 1577 2159 1642 Vtilis,
2185 1579 2274 1634 25.
2328 1600 2344 1631 ι
2400 1580 2508 1634 Pax
2549 1581 2828 1643 fratribus,
2869 1593 2920 1634 et
2958 1585 3195 1636 Charitas
3226 1599 3343 1634 cum
3391 1587 3490 1636 title

1920 1688 1944 1725 a
1974 1672 2082 1725 Deo
2114 1671 2292 1733 Patre,
2328 1684 2380 1726 et
2420 1673 2652 1727 Domitio
2680 1674 2803 1728 Jesu
2830 1676 3067 1728 Clu-isto.
3115 1695 3130 1726 ι
3170 1677 3362 1728 Paconi
3414 1680 3490 1727 eis

1920 1775 2156 1833 exoiitat,
2213 1776 2373 1834 atque
2412 1782 2533 1819 cum
2589 1768 2693 1820 title
2740 1767 3104 1821 dilectionem.
3152 1768 3262 1820 lloc
3313 1781 3489 1820 autem

1925 1859 2027 1912 tale
2056 1868 2154 1919 est,
2188 1860 2267 1912 vel
2298 1868 2352 1911 tit
2383 1860 2609 1913 diversae
2640 1861 2908 1928 Opinionis
2936 1861 3184 1914 homines
3234 1876 3336 1914 non
3369 1861 3488 1911 dili-

1925 1959 2073 2017 gant,
2113 1950 2204 2003 scd
2254 1950 2397 2004 solos
2453 1951 2674 2004 lideles:
2711 1952 2790 2003 vel
2817 1954 2941 2018 quia
2978 1960 3189 2019 oportet
3245 1961 3296 2003 et
3335 1952 3491 2003 ﬁdem

1928 2044 2124 2096 habere
2157 2059 2270 2109 eos,
2306 2051 2362 2096 ut
2392 2043 2456 2097 de
2491 2043 2685 2096 futuris
2718 2045 3011 2097 conlidant.
3047 2045 3175 2097 Sine
3218 2046 3319 2096 title
3350 2044 3490 2095 enim

1929 2137 2061 2189 nihil
2092 2135 2587 2204 prodestcltaritas,
2619 2137 2727 2190 imo
2762 2153 2825 2189 ne
2852 2137 3069 2189 dilectio
3087 2136 3301 2203 quidem
3335 2135 3496 2187 fuerit

1926 2231 2040 2283 sine
2073 2230 2213 2282 fide:
2252 2227 2303 2281 id
2333 2229 2473 2297 quod
2503 2242 2686 2296 pacem
2726 2229 2879 2288 dixit,
2910 2238 2960 2281 et
3002 2243 3123 2282 eum
3170 2227 3273 2280 fide
3310 2228 3493 2280 chari-

1928 2330 2115 2374 tatem.
2151 2321 2354 2374 Doccns
2376 2328 2556 2373 autem
2579 2319 2851 2387 quomodo
2876 2319 2987 2372 lucc
3016 2319 3126 2386 ipsa
3150 2318 3260 2381 iiut,
3293 2317 3494 2379 intulit,

1926 2414 2030 2467 Per
2056 2412 2397 2468 charitatem.
2442 2412 2511 2464 At
2543 2412 2682 2465 unde
2717 2410 2993 2465 Charitas?
3028 2409 3084 2466 Si
3111 2410 3265 2463 Iidem
3296 2409 3494 2462 habea-

1929 2523 2065 2560 IIIUS.

2002 2689 2157 2742 Vens.
2208 2689 2298 2742 24.
2363 2708 2378 2739 ι
2433 2687 2605 2743 Iratia
2657 2703 2776 2741 cum
2835 2686 3085 2740 omnibus
3125 2686 3213 2753 qui
3274 2685 3501 2751 diligunt

1930 2784 2210 2835 Dominum
2243 2792 2485 2834 nostrum
2517 2780 2703 2834 Jesum
2739 2779 3013 2833 Christum
3047 2779 3097 2831 in
3144 2778 3498 2845 incorruptio-

1928 2891 2014 2930 ne.
2049 2875 2238 2928 Amen.
2279 2893 2296 2924 ›
2339 2872 2433 2926 Hic
2457 2886 2643 2941 pacem
2671 2889 2696 2924 a
2732 2874 2900 2938 gratia
2944 2872 3255 2939 distinguit,
3293 2881 3499 2924 utram-

1930 2983 2034 3035 que
2056 2966 2279 3020 seorsitn
2309 2978 2536 3034 penens,
2568 2963 2776 3017 etiamsi
2809 2963 2999 3028 ubique
3033 2962 3165 3015 alias
3195 2969 3499 3025 contrectat.

1929 3061 2059 3113 Illud
2094 3073 2261 3118 vero,
2337 3074 2354 3106 ι
2412 3055 2469 3108 In
2529 3055 2952 3120 incorruptione,
2991 3071 3008 3103 ›
3070 3053 3182 3106 sive
3245 3052 3498 3119 puritate,

252 3137 481 3190 πὼντων
515 3140 601 3190 τὸν
633 3143 867 3210 Χριστὸν
903 3146 943 3207 ⁸,
972 3144 1044 3213 μὴ
1070 3147 1124 3196 ἐν
1152 3145 1419 3218 πλούτῳ
1445 3149 1500 3198 ἐν
1529 3148 1674 3217 δόξῃ,
1707 3150 1820 3202 ἀλλ’
1855 3179 1900 3241 c
1931 3150 2083 3216 dicit,
2115 3148 2198 3203 vel
2225 3147 2565 3216 diligentium
2593 3145 2711 3199 Cliri

1866 3179 1900 3241 Β
1931 3150 2083 3216 dicit,
2115 3148 2198 3203 vel
2225 3147 2565 3216 diligentium
2593 3145 2891 3205 Christum,
2928 3160 3032 3198 non
3069 3142 3122 3197 in
3157 3142 3360 3195 divitiis
3411 3150 3501 3195 aut

251 3232 312 3279 ἐν
345 3232 454 3290 τοῖς
486 3229 805 3298 ἀφθάρτοις,
840 3233 1106 3296 τουτέστι,
1143 3235 1232 3286 διὰ
1265 3237 1330 3287 τά
1357 3236 1606 3305 ἄφθαρτα
1632 3255 1643 3266 ’
1687 3238 1824 3306 ἦὸτι

251 3324 280 3372 ὁ
307 3321 534 3388 ἀγαπῶν
569 3323 657 3375 τὸν
679 3325 912 3394 Χριστὸν
960 3326 1048 3379 διά
1077 3329 1173 3397 τῆς
1200 3329 1400 3397 ἀρετῆς
1423 3329 1584 3381 αὐτὸν
1615 3331 1823 3400 ἀγαπᾷ.

263 3409 332 3462 'H
367 3410 464 3479 μὲν
488 3411 595 3481 γὰρ
623 3413 887 3483 ἁμαρτία,
918 3415 1091 3484 φθορά
1114 3433 1128 3446 ·
1162 3419 1193 3485 ἡ
1220 3418 1274 3468 δὲ
1303 3417 1493 3488 ἀρετὴ,
1525 3420 1824 3489 ἀφθαρσία.

266 3503 356 3563 Ὠς
380 3503 487 3573 γὰρ
523 3504 619 3573 τὴν
655 3506 920 3575 παρθένον
947 3508 1262 3578 φθείρεσθαι
1288 3510 1538 3579 λέγομεν,
1563 3511 1703 3565 οὓτω
1737 3514 1828 3565 καὶ

252 3594 354 3660 τὴν
389 3593 603 3661 ψυχήνο
652 3594 731 3649 διὸ
792 3596 884 3648 καὶ
953 3597 1197 3661 Παῦλος·
1250 3617 1267 3649 ι
1302 3601 1510 3667 Μήπως
1543 3600 1745 3671 φθαρῇ,
1803 3621 1820 3652 ι

253 3686 412 3754 φησι,
446 3703 464 3736 ι
507 3685 575 3739 τά
603 3688 848 3756 νοήματα
883 3689 1034 3758 ὑμῶν
1056 3706 1069 3719 ·
1110 3709 1127 3740 ι
1160 3695 1270 3754 καὶ,
1331 3713 1347 3743 ι
1378 3694 1828 3762 Κατεφθαρμένοι

253 3778 349 3828 τὸν
369 3776 511 3833 νοῦν.
550 3797 568 3830 ι
603 3779 818 3832 Γένοιτο
846 3776 938 3834 οὖν
969 3784 1065 3834 καὶ
1098 3785 1242 3852 ἡμᾶς
1273 3785 1371 3854 τὴν
1405 3786 1539 3855 πρὸς
1568 3787 1660 3838 τὸν
1692 3788 1827 3856 Χρι-

255 3870 382 3922 στὸν
407 3871 625 3940 ἀγάπην
664 3871 949 3937 δεικνύειν,
985 3875 1070 3928 διά
1117 3893 1176 3929 τε
1218 3879 1572 3949 κοσμιότητος
1601 3881 1641 3910 ¹⁰
1691 3879 1829 3949 βίου,

255 3963 356 4016 καὶ
408 3963 491 4018 διὰ
523 3964 615 4017 τοῦ
651 3965 718 4017 τὰ
759 3965 1011 4036 ἄφθαρτα
1043 3971 1222 4022 ἐκεῖνα
1260 3969 1442 4040 ζητεῖν
1490 3972 1666 4038 ἀγαθά
1691 3991 1703 4003 ·
1740 3976 1831 4026 καὶ

255 4055 466 4120 ἀτελῶς,
521 4057 607 4109 διὰ
654 4059 834 4128 πάσης
891 4061 989 4128 τῆς
1037 4063 1291 4130 ιναρέτου
1353 4065 1653 4129 πολιτείας,
1711 4067 1831 4136 ἧτις

256 4150 537 4218 ἄφθαρτον
585 4155 743 4220 τηρεῖ
785 4153 882 4222 τὴν
929 4152 1126 4223 ψυχὴν,
1177 4155 1248 4225 μὴ
1277 4155 1730 4227 διαφθειρομένην
1774 4160 1831 4209 ἐν

257 4240 656 4309 ἐπιτηδεύμασι
689 4243 782 4294 καὶ
815 4245 1087 4312 ἀνομίαις,
1114 4247 1170 4296 ὲν
1192 4247 1339 4316 αὐτῷ
1367 4247 1444 4318 τῷ
1497 4250 1712 4320 Χριστῷ
1755 4249 1833 4319 τῷ

261 4331 525 4402 ἀφθάρτῳ
575 4335 792 4404 νυμφίῳ
841 4335 950 4389 τῶν
1009 4337 1294 4408 παρθένων
1351 4340 1447 4393 καὶ
1496 4342 1833 4412 ἀδιαφθόρων

258 4425 469 4491 ιξυχών.
527 4421 594 4494 ᾮ
648 4427 842 4497 ήδόξα
894 4430 973 4490 εἰς
1029 4430 1154 4491 τοὺς
1204 4429 1406 4494 αἰῶνας
1456 4432 1563 4485 τῶν
1602 4435 1832 4487 αἰώνων.

274 4517 465 4586 Ἀμήν.

413 4768 494 4821 ill
526 4769 650 4824 (lor.
689 4772 839 4836 “,5.
956 4773 982 4812 κ
1025 4772 1061 4826 ιι
1098 4773 1237 4831 Tim.
1274 4790 1354 4840 lli,
1388 4777 1419 4833 8

1928 3241 2116 3311 gloria,
2171 3241 2263 3294 sed
2311 3242 2361 3293 in
2417 3236 2942 3307 incorruptibilibus,
2996 3236 3095 3290 hoc
3140 3245 3243 3301 est,
3285 3242 3499 3303 propter

1930 3330 2354 3400 incorruptibilia
2392 3349 2404 3388 ;
2443 3329 2523 3383 vel
2548 3331 2673 3397 quia
2706 3328 2932 3397 diligens
2961 3326 3256 3389 Christum,
3288 3339 3502 3393 propter

1932 3422 2182 3475 virtutem
2237 3420 2409 3489 ipsmn
2443 3420 2637 3488 diligit.
2689 3417 2969 3472 Peccatum
3002 3416 3144 3471 enim
3197 3426 3277 3470 est
3310 3430 3499 3470 corru-

1932 3514 2063 3584 ptio,
2124 3513 2292 3565 virtus
2357 3522 2531 3565 antem
2590 3509 3087 3579 incorruptibilitas.
3156 3506 3307 3561 Sicut
3356 3508 3502 3560 enim

1933 3605 2193 3675 virginem
2227 3602 2392 3675 424
2417 3604 2688 3669 corrumpi
2724 3603 2973 3666 dicimus,
3009 3602 3213 3656 itemet
3239 3600 3499 3653 animam.

1932 3696 2219 3766 Propterea
2279 3705 2332 3750 et
2396 3694 2608 3756 Paulus,
2652 3715 2667 3746 ι
2727 3693 2804 3748 Ne
2857 3710 2962 3764 quo
3016 3694 3196 3756 modo,
3237 3712 3254 3744 ι
3307 3692 3502 3761 inquit.

1940 3808 1956 3840 ι
1999 3799 2416 3856 corrumpantur
2451 3802 2642 3841 sensus
2688 3788 2849 3841 vestri
2888 3790 2902 3838 l
2941 3807 2955 3842 :
3015 3807 3032 3838 ι
3084 3797 3161 3850 et,
3199 3805 3215 3836 (
3258 3785 3504 3851 Corrupti

1935 3889 2113 3934 mente
2140 3880 2188 3931 Ιι.
2255 3898 2272 3929 ›
2339 3879 2628 3947 Contingat
2706 3881 2868 3948 igitur
2960 3890 3013 3934 et
3097 3894 3192 3932 nos
3256 3878 3504 3931 dilectio-

1934 3989 2058 4040 nem
2101 3987 2227 4039 erga
2260 3970 2539 4025 Christum
2571 3973 2877 4034 ostendere,
2911 3987 3028 4023 cum
3065 3984 3157 4036 per
3190 3970 3308 4021 vitae
3339 3983 3503 4022 orna-

1939 4076 2047 4117 tum
2085 4075 2137 4117 et
2176 4063 2486 4132 puritatem,
2517 4073 2624 4115 tum
2653 4078 2752 4128 per,
2784 4064 2882 4115 hoc
2906 4062 3044 4130 quod
3081 4059 3505 4126 incorruptibilia

1942 4158 2028 4211 illa
2087 4157 2226 4210 bona
2278 4155 2663 4221 inquiramus:
2727 4169 2788 4208 ac
2844 4152 3180 4220 simpliciter,
3223 4165 3317 4218 per
3345 4150 3508 4204 vitam

1937 4249 2080 4301 omni
2111 4248 2304 4300 virtute
2333 4248 2704 4312 conspicuam,
2739 4263 2857 4314 qua:
2904 4247 3268 4313 incorruptam
3327 4253 3508 4297 servat

1939 4338 2196 4400 animam,
2229 4351 2335 4389 non
2377 4346 2684 4402 corruptam
2713 4336 2906 4388 studiis
2944 4347 2997 4388 et
3026 4335 3420 4402 iniquitatibus,
3457 4336 3508 4384 in

1941 4434 2056 4500 ipso
2122 4428 2343 4482 Christo
2430 4427 2827 4494 incorruptibili
2885 4441 3084 4493 sponso
3134 4426 3400 4492 virginum
3458 4433 3509 4475 et

1866 4509 2382 4590 Dincorruptarnm
2438 4521 2762 4582 animatum,
2814 4519 2898 4571 cui
2949 4519 3117 4587 gloria
3179 4519 3230 4570 in
3292 4515 3506 4570 swcula.

1949 4617 2136 4669 Amen.

1674 4903 1862 4962 {ariae
1897 4902 2222 4965 lectiones.

340 5007 361 5034 ¹⁵
398 5007 507 5077 γνῴ
531 5023 582 5061 0.
681 5010 700 5040 ⁵
744 5011 897 5079 ὑμῶν
926 5027 979 5067 ο.

340 5016 361 5034 ⁸
398 5016 507 5077 γνῲ
531 5023 582 5061 0.
681 5016 700 5040 '
744 5016 897 5079 ὑμῶν
926 5027 979 5067 ο.
1076 5016 1094 5045 ⁶
1129 5016 1290 5088 μόνον
1313 5035 1364 5075 ο.

270 5095 388 5149 ριον
417 5095 466 5133 o.
549 5079 589 5111 ¹⁰
612 5109 677 5120 -
705 5099 837 5154 τητα
868 5099 921 5138 0.

1447 5023 1463 5052 ⁷
1494 5023 1592 5090 ὅρα
1651 5023 1705 5076 ὀὶ
1741 5024 1855 5088 πῶς
1887 5021 2037 5077 εἶπεν
2078 5026 2317 5095 εἰρήνην.
2349 5024 2625 5077 Διὸἀπκων
2649 5020 2703 5073 δὲ
2730 5035 2781 5072 ο.

2862 5020 2880 5047 ⁸
2915 5018 3016 5084 ὅρα
3048 5015 3161 5076 πῶς
3201 5030 3272 5066 in.
3350 5013 3371 5040 ’
3398 5013 3507 5064 lxi}-
