4226 6440
225 382 355 443 iiii
1070 385 1476 445 EXPOSITIO
1518 386 1597 447 IN
1633 388 1872 449 EPIST.
1914 391 2010 450 AD
2038 394 2368 456 PIIILIPP.
2406 420 2474 431 -··
2504 399 2660 460 CAP.
2697 403 2742 460 Ι.
3343 408 3474 473 111;}

215 499 346 565 στῷ
372 501 520 570 μετὰ
549 500 661 568 τῆς
712 504 904 567 οἰκίας
944 501 1088 567 ὅλης
1115 519 1127 530 ·
1169 502 1429 558 ἐνταῦθα
1477 505 1530 558 οἱ
1584 521 1800 572 στρατ-
1829 513 1878 567 Α

1829 510 2013 577 Aejas
2043 511 2373 577 splendidum
2434 515 2710 568 exordium
2769 519 2974 572 habuit.
3014 521 3183 590 Atque
3246 525 3356 577 Ita'c
3411 544 3473 579 ex

214 592 351 657 nroi
393 590 784 659 ἐφοϐήθησαν
808 591 914 644 τὸν
944 593 1203 657 Παῦλον,
1229 593 1326 646 καὶ
1343 594 1615 660 ἠξίωσαν
1638 596 1803 660 ἐξελ-

1905 603 2045 656 Aclis
2087 605 2361 658 discimus.
2412 607 2710 660 Atlestatur
2745 620 2917 662 autem
2963 612 3088 679 ipsis
3134 612 3336 667 Paulus
3375 633 3474 669 non

214 682 379 734 θεῖν·
422 682 518 734 καὶ
544 682 697 748 ὅλως
726 683 1009 751 λαμπρὰν
1029 686 1178 752 ἔσχε
1239 685 1302 738 τὸ
1360 686 1637 754 κήρυγμα
1689 691 1802 756 τὴν

1905 695 2055 748 modo
2077 695 2234 761 ﬁdem
2279 707 2498 760 rectam,
2537 701 2768 768 adeoque
2799 703 3053 768 pericula,
3086 721 3264 758 verum
3315 707 3473 760 etiam

213 774 450 842 ἀρχήν·
495 774 592 828 καί
630 776 816 829 ταῦτα
843 776 960 829 ἀπὸ
1012 775 1131 828 τῶν
1188 776 1470 844 Πράξεων
1504 778 1798 846 μανθάνο-

1902 787 2246 852 voluntatem,
2277 805 2394 857 qure
2434 788 2654 843 libenter
2689 793 2954 859 impertiat
2997 796 3280 863 egentibus.
3315 797 3473 862 Quo-

215 881 351 929 μεν.
385 865 845 933 Προσμαρτυρεῖ
879 865 947 918 δὲ
996 865 1201 930 αὐτοῖς
1240 869 1272 919 ό
1301 865 1566 931 Παῦλος,
1604 869 1676 919 οὐ
1696 869 1802 935 μό·

1903 895 2019 932 rum
2044 882 2274 934 omnium
2307 899 2469 936 causa
2503 884 2824 939 vehementer
2855 903 2941 940 eos
2980 903 3096 940 cum
3132 905 3329 954 amare,
3361 901 3471 944 tum

213 973 330 1008 νον
356 957 565 1010 πίστιν
593 958 782 1026 ὀρθὴν
807 959 907 1012 καὶ
939 958 1280 1023 κινδύνους,
1312 960 1470 1013 ἀλλὰ
1497 960 1594 1013 καὶ
1627 962 1798 1027 εῦμεο
1905 973 2162 1026 honorare
2198 974 2418 1028 videtur,

216 1049 472 1103 τιὲδοτον
497 1052 868 1120 προαίρεσιν.
902 1045 1016 1105 Ὧν
1053 1051 1262 1105 ἕνεκεν
1321 1053 1608 1106 ἁπάντων
1635 1054 1788 1121 σφόο

216 1141 331 1210 δρα
364 1145 560 1213 φιλῶν
598 1145 821 1210 αὐτοὺς
845 1146 940 1199 καὶ
974 1143 1160 1213 τιμῶν
1190 1147 1484 1213 φαίνεται.

1149 1713 1226 1773 ΙΝ
1281 1713 1732 1774 EPISTOLAM
1791 1714 1892 1772 AD
1948 1715 2538 1776 PHILIPPENSES.

638 2037 864 2091 ΚΕΦΑΛ
877 2038 1037 2091 ΑΙΩΝ
1094 2037 1388 2092 ΠΡΩΤΟΝ.
1815 2047 1853 2099 Β
2303 2080 2307 2104 l

1382 2077 1388 2092 .
1815 2047 1853 2099 Β
2303 2042 2463 2114 427
2498 2040 2723 2098 CAPUT
2765 2042 3051 2100 PRIMUM.

287 2151 528 2216 Παῦλος
578 2151 676 2204 καὶ
718 2152 994 2218 Τιμόθεος
1023 2151 1231 2207 δοῦλοι
1281 2155 1485 2220 Ἰησοῦ
1516 2159 1793 2224 Χριστοῦ.

1973 2156 2129 2210 Vens.
2171 2156 2218 2209 1.
2253 2155 2454 2210 Paulus
2478 2166 2522 2209 et
2560 2155 2880 2220 Timotheus,
2919 2159 3052 2212 servi
3081 2157 3208 2214 Iesu
3245 2160 3462 2214 Christi.

227 2243 495 2297 Ἐνταῦθα
523 2243 583 2296 οὐ
615 2243 869 2314 τίθησιτὺ
888 2243 1052 2298 αὑτοῦ
1085 2243 1301 2316 ἀξίωμα
1329 2245 1454 2319 [ὅτι]
1478 2251 1504 2302 ό
1544 2251 1798 2305 Ἀπόστο-

1775 2283 1798 2294 -
1901 2246 1999 2302 Hic
2028 2262 2131 2300 non
2150 2247 2300 2315 ponit
2331 2247 2648 2316 dignitatem
2671 2250 3120 2305 auctoritatemve
3145 2266 3296 2304 suam
3327 2253 3444 2319 Apo

214 2337 332 2402 λος,
369 2337 502 2390 ἀλλά
531 2336 716 2390 δοῦλον
750 2337 927 2406 Ἰησοῦ
960 2337 1198 2408 Χριστοῦ
1231 2341 1423 2394 ἐαυτὸν
1454 2346 1792 2412 προγράφει’

1901 2339 2093 2404 stolus,
2125 2353 2310 2394 verum
2353 2353 2411 2394 se
2463 2353 2676 2394 servum
2727 2338 2854 2395 Jesu
2895 2340 3097 2397 Christi
3129 2343 3337 2398 scribit.
3367 2343 3473 2396 Ma-

221 2430 368 2498 μέγα
405 2429 502 2496 μὲν
533 2428 814 2481 καὶτοῦτο
842 2427 924 2493 ὃν,
969 2430 1108 2500 πλὴν
1159 2431 1487 2503 κοινότερον.
1539 2435 1794 2506 Τιμοθέῳ

1900 2444 2061 2500 gnum
2120 2428 2336 2497 quidem
2415 2430 2579 2484 etiam
2637 2429 2738 2485 hoc
2794 2440 2899 2499 est,
2958 2432 3051 2485 sed
3109 2433 3471 2486 communius.

213 2521 272 2572 δὲ
296 2521 522 2589 γρόιςρων
554 2520 646 2574 καὶ
679 2521 1012 2589 Κορινθίοις,
1061 2523 1361 2577 ἀπόστολον
1389 2526 1583 2579 ἑαυτὸν
1616 2530 1792 2583 καλεῖ.

1901 2522 2184 2577 Timotheo
2205 2531 2384 2577 autem
2436 2521 2682 2577 scribens
2705 2531 2760 2577 et
2805 2522 3120 2588 Corinthiis,
3165 2525 3469 2593 apostolum

217 2612 283 2663 Τί
310 2611 546 2680 δήποτε;
582 2613 706 2666 Ὀτι
756 2614 874 2666 ἐκεῖ
929 2614 1030 2683 μὲν
1083 2614 1275 2684 ἔμελλε
1310 2615 1479 2672 πολλὰ
1528 2619 1800 2674 διατάττε-

1900 2628 2017 2668 sese
2044 2623 2224 2668 vocat.
2250 2613 2422 2679 Quam
2448 2614 2515 2668 ob
2549 2615 2802 2668 causam?
2831 2614 2965 2681 Quia
3000 2615 3108 2669 illic
3134 2616 3299 2670 multa
3327 2617 3473 2671 ordi-

219 2702 369 2766 σθαι,
404 2704 498 2757 καὶ
540 2703 628 2756 διὰ
665 2705 825 2757 τοῦτο
881 2705 1177 2760 ἀνελάϐετο
1223 2708 1285 2760 τὸ
1341 2709 1433 2761 τοῦ
1491 2711 1790 2766 ἀποστόλου

1902 2713 2125 2760 naturus
2146 2713 2284 2769 erat,
2305 2713 2585 2774 propterea
2607 2705 2835 2772 apostoli
2861 2706 3238 2760 auctoritatem
3267 2722 3477 2761 assmu-

217 2795 465 2864 ἀξίωμα·
500 2796 734 2848 ἐνταῦθα
763 2795 819 2849 δὲ
867 2796 1017 2850 οὐδὲν
1053 2798 1296 2853 τοιοῦτον
1339 2801 1639 2868 ἐπιτάττει,
1682 2805 1797 2858 ἀλλ’

1901 2799 2026 2868 psit.
2058 2798 2155 2852 Hic
2185 2807 2364 2852 autem
2405 2796 2540 2851 nihil
2577 2797 2681 2852 tale
2710 2797 2962 2867 iniungit,
3004 2799 3098 2853 sed
3129 2799 3276 2852 ve!ut
3318 2813 3475 2868 pares

218 2885 296 2949 ὡς
330 2886 625 2956 ὁμοτίμους
649 2890 802 2959 τιμᾷ.

1901 2891 2106 2945 honore
2131 2888 2494 2958 prosequitur.

292 2978 453 3033 Πᾶσι
478 2980 604 3044 τοῖς
636 2981 825 3048 ἁγίοις
846 2982 916 3034 ἐν
935 2983 1169 3051 Χριστῷ
1211 2986 1438 3052 Ἰησοῦ,
1465 2987 1590 3054 τοῖς
1620 2983 1799 3042 οὖσιν

1975 2983 2229 3037 Omnibus
2258 2982 2453 3035 sanctis
2494 2981 2548 3033 in
2583 2979 2790 3035 Christo
2819 2980 2973 3046 Iesu,
3004 2982 3093 3051 qui
3119 2992 3240 3036 sunt
3268 2980 3475 3050 Philip-

219 3070 289 3123 ἐν
319 3072 660 3138 Φιλίπποις.
698 3071 917 3144 Ἐπειδὴ
947 3075 1042 3126 καὶ
1085 3075 1325 3130 Ἰουδαῖοι
1345 3079 1574 3144 ἑαυτοὺς
1608 3080 1797 3148 ἁγίους

1900 3077 1998 3146 pis.
2025 3076 2156 3142 Quia
2187 3074 2352 3129 Judaei
2394 3076 2600 3143 seipsos
2627 3083 2846 3128 sanctos
2879 3074 3243 3143 appellabant,
3279 3077 3477 3145 quippe

217 3161 469 3228 ἐκάλουν,
505 3162 578 3225 ὡς
606 3163 732 3226 λαὸς
761 3164 934 3232 ἅγιος,
969 3166 1054 3219 διὰ
1087 3167 1243 3220 τοῦτο
1276 3171 1614 3241 προσέθηκεν
1644 3188 1658 3202 ο
1695 3170 1799 3226 Ἐν

1901 3166 2025 3234 quia
2068 3166 2294 3235 populus
2339 3172 2560 3219 sanctus
2593 3170 2768 3228 erant,
2821 3178 2941 3218 eam
2993 3165 3064 3220 ob
3108 3179 3220 3219 rem
3258 3166 3472 3233 adjecit,

219 3254 450 3320 Χριστῷ
519 3255 734 3323 Ἰησοῦ.
785 3258 848 3309 Οί
906 3259 1012 3328 γὰρ
1040 3261 1098 3313 ἐν
1130 3261 1353 3332 Χριστῷ
1419 3263 1615 3334 ⁹ιησοῦ,
1654 3268 1797 3335 ἅγιοι

1905 3252 1968 3306 In
2013 3253 2219 3306 Christo
2246 3253 2392 3306 Jesu.
2437 3251 2536 3317 Qui
2569 3253 2715 3306 enim
2754 3253 2806 3307 in
2835 3252 3050 3309 Christo
3074 3252 3201 3310 Iesu
3250 3266 3399 3322 sunt,
3441 3258 3478 3309 ii

217 3346 393 3407 ὅντως
423 3345 583 3409 εἰσὶν,
618 3348 817 3401 ἐκεῖνοι
847 3347 903 3401 δὲ
936 3348 1176 3420 βέϐηλοι.
1824 3393 1863 3420 ,η

1824 3393 1863 3420 ρ
1904 3358 2029 3397 vere
2065 3352 2190 3396 sunt
2220 3342 2416 3406 sancti,
2449 3341 2526 3395 illi
2566 3351 2742 3395 autem
2767 3341 2997 3411 profani.

291 3437 772 3502 Συνεπισκόποις
825 3393 1289 3507 καὶΓδιιέκόνοις.
1355 3446 1796 3512 Συνεπισκόπους
1823 3393 1865 3450 C
1972 3431 2305 3500 σοερίδεορίε
2341 3439 2389 3485 εί
2441 3431 2699 3486 άίαεοηίδο
2740 3432 3101 3503 ευθΡῙδθοροε
3133 3437 3478 3505 Ρνθδδὶίθιόδ

218 3520 342 3579 εἷπε
395 3527 520 3590 τοὺς
571 3529 978 3601 πρεσϐυτέρους
1016 3547 1030 3562 ·
1065 3533 1125 3586 οὐ
1160 3535 1270 3607 γὰρ
1314 3536 1376 3606 δὴ
1424 3540 1481 3591 ἐν
1517 3542 1616 3610 μιᾷ
1644 3542 1795 3594 πόλει

1898 3525 2184 3594 appellarit
2231 3540 2246 3579 :
2285 3539 2390 3580 non
2429 3525 2574 3579 enim
2628 3525 2682 3579 in
2718 3539 2840 3579 una'
2869 3525 3000 3580 urbe
3031 3526 3183 3580 multi
3234 3529 3472 3596 episcopi

223 3618 412 3672 πολλοὶ
451 3615 592 3689 ἦσαν
632 3621 944 3678 ἐπίσκοποι.
982 3623 1149 3679 Οῦπω
1196 3629 1306 3698 γὰρ
1340 3623 1482 3698 ἦσαν
1514 3631 1796 3703 διακεκριο

1900 3621 2136 3673 fuerunt.
2191 3617 2439 3672 Nondum
2491 3619 2636 3679 enim
2694 3627 2851 3673 erant
2897 3618 3151 3673 distincta
3231 3621 3471 3684 nomina,

223 3711 364 3780 μένα
396 3712 464 3765 τὰ
493 3714 757 3782 ὀνόματα,
786 3715 920 3769 ἀλλὰ
968 3718 1060 3772 καὶ
1117 3720 1166 3770 οἱ
1210 3720 1520 3788 ἐπίσκοποι,
1561 3725 1798 3779 διάκονοι
1898 3726 2082 3765 verum
2107 3712 2208 3781 iP3i
2241 3711 2733 3781 εβίδεοβίνάίθεοηί
2773 3723 2825 3766 εἴ
2859 3713 3158 3783 ΡτθειὟίθΓῘ
3200 3715 3472 3768 "ocaban'

222 3805 318 3856 καὶ
347 3805 707 3876 πρεσϐύτεροι
746 3807 1062 3866 ἐκαλοῦντο.
1112 3809 1202 3881 Τῷ
1253 3813 1361 3883 γὰρ
1403 3815 1654 3885 Τιμοθέῳ
1677 3819 1799 3870 ἐπι-

1901 3814 2005 3858 tur.
2033 3801 2314 3857 Timotheo
2348 3804 2490 3857 enim
2518 3803 2770 3871 episcopo
2800 3804 3043 3859 scribens
3076 3805 3250 3874 inquit
3281 3824 3294 3861 :
3319 3804 3476 3861 Mini-

223 3895 412 3962 σκόπῳ
452 3897 563 3950 δντι
595 3897 754 3968 φησί·
791 3898 909 3965 Τὴν
931 3900 1244 3955 διακονίαν
1272 3919 1388 3958 σου
1419 3909 1799 3976 πληροφόρη-

1898 3895 2112 3947 sterium
2155 3903 2301 3946 tuum
2354 3894 2511 3963 imple
2539 3893 2581 3947 ι.
2631 3892 2697 3946 Ει
2733 3909 2915 3949 rursus
2947 3913 2960 3949 :
3003 3894 3155 3960 Quod
3184 3896 3367 3950 datum
3401 3907 3474 3951 est

222 4001 359 4039 σον·
391 3989 484 4040 καὶ
508 3990 690 4054 πάλιν,
715 3992 786 4045 ’Ὀ
813 3991 989 4060 ἐδόθη
1008 4008 1104 4046 σοι
1131 3997 1281 4064 μετὰ
1317 3997 1654 4066 ἐπιθέσεως
1681 4000 1801 4055 τῶν

1900 3985 1989 4037 tibi
2021 4001 2135 4037 cum
2164 3985 2494 4054 impositione
2529 4001 2780 4039 manuum
2808 3986 3163 4056 presbyteriim
3183 4026 3198 4052 ,
3235 3986 3334 4042 hoc
3393 3996 3475 4041 est

222 4077 442 4146 χειρῶν
468 4080 571 4134 τοῦ
620 4085 1050 4153 πρεσϐυτερίου
1096 4103 1109 4118 ·
1165 4088 1407 4141 τουτέστι
1443 4091 1552 4144 τῶν
1583 4094 1802 4147 ἐπισκό-

1902 4079 2273 4148 episcoporum
2338 4096 2348 4130 :
2403 4092 2508 4132 non
2571 4078 2713 4132 enim
2790 4078 3090 4147 presbyteri
3165 4079 3474 4148 episcopum

225 4187 366 4222 πων·
397 4171 457 4222 οὐ
505 4171 620 4244 ’γὰρ
657 4175 1015 4246 πρεσϐύτεροι
1062 4178 1154 4231 τὸν
1202 4180 1499 4234 ἐπίσκοπον
1531 4184 1800 4256 ἐχειροτό-

1901 4171 2243 4226 ordinabant.
2302 4168 2508 4224 Rursus
2533 4167 2833 4239 presbyteri
2869 4169 3111 4237 episcopi
3143 4168 3310 4222 etiam
3334 4169 3478 4223 dice-

225 4280 374 4319 vouv.
399 4263 510 4316 Καὶ
542 4260 608 4317 αὖ
629 4265 691 4328 ⁸⁵,
715 4267 764 4318 οί
792 4268 1174 4340 πρεσϐύτεροι,
1207 4273 1499 4327 ἐπίσκοποι
1529 4275 1796 4344 ἐλέγοντο,

1903 4265 2119 4328 bantur,
2157 4270 2214 4316 ut
2238 4262 2329 4330 qui
2354 4270 2407 4315 et
2431 4262 2527 4330 ipsi
2556 4261 2806 4330 populum
2844 4261 3231 4329 inspectarent,
3256 4260 3475 4329 ejusque

225 4353 302 4416 ὡς
333 4355 758 4422 ἐπισκοποῦντες
801 4358 1004 4431 δηλαδὴ
1051 4363 1146 4415 καὶ
1181 4363 1336 4417 αὐτοὶ
1359 4364 1449 4418 τὸν
1481 4365 1628 4432 λαὸν,
1658 4368 1798 4424 ὥστε
1904 4369 2086 4410 οιπθηῖ
2121 4362 2393 4423 εθτυτεηι,
2442 4361 2498 4406 “'-
2559 4361 2851 4422 ιιιινεετθηι
2904 4351 3351 4421 Ῐίίυειτθτθηίίῖυθ
3384 4368 3478 4408 eos

227 4447 516 4518 καθαίρειν
562 4451 656 4502 καὶ
699 4450 958 4518 φωτίζειν
1015 4455 1142 4511 τοὺς
1201 4455 1510 4526 δεομένους.
1548 4461 1708 4522 Τίνος
1745 4462 1801 4515 δὲ

1903 4464 2036 4519 quos
2087 4457 2230 4504 esset
2276 4459 2518 4502 necesse.
2565 4445 2732 4514 Cujus
2778 4456 2956 4499 autem
3011 4446 3087 4500 rei
3132 4446 3300 4516 gratia
3332 4461 3474 4500 nunc

225 4536 390 4606 χάριν
415 4537 492 4606 τῷ
523 4537 708 4608 κλήρῳ
739 4539 833 4593 νῦν
860 4541 1083 4610 γράφει,
1117 4542 1254 4614 ὅπερ
1283 4547 1524 4616 οὐδαμοῦ
1562 4550 1799 4621 ἀλλαχοῦ

1905 4545 2053 4600 clero
2101 4541 2291 4598 scribit
2321 4541 2422 4611 (i),
2476 4541 2618 4608 quod
2671 4552 2933 4607 nusquam
2979 4538 3104 4592 alibi
3153 4537 3473 4605 fecit?Quia

227 4629 520 4697 ἐποίησενς
565 4631 687 4683 Ὅτι
741 4633 894 4686 αὐτοὶ
936 4635 1028 4687 τὸν
1070 4637 1463 4705 Ἐπαφρόδιτον
1522 4640 1798 4711 ἔπεμψαν,

1908 4636 2006 4706 ipsi
2043 4633 2467 4705 Epaphroditum
2501 4631 2906 4701 ablegaverant,
2939 4630 3028 4698 qui
3077 4645 3197 4698 quae
3228 4632 3473 4699 apostolo

225 4722 575 4792 ἐπαγόμενον
609 4725 678 4776 τὰ
713 4725 848 4795 πρὸς
878 4727 1068 4795 χρείαν
1101 4727 1180 4798 τῷ
1222 4728 1552 4802 Ἀποστόλῳ.
1837 4735 1876 4789 D

878 4727 1068 4795 χρείαν
1101 4727 1180 4798 τῷ
1222 4728 1552 4802 Ἀποστόλῳ.
1837 4735 1876 4789 D
1906 4732 2088 4781 essent
2121 4723 2260 4786 usui,
2287 4721 2522 4776 aiIerret.

299 4813 479 4881 Χάρις
503 4815 645 4884 ὑμῖν
666 4817 765 4869 καὶ
795 4817 1004 4885 εἰρήνη
1033 4819 1150 4873 ἀπὸ
1177 4821 1325 4876 Θεοῦ
1351 4824 1582 4891 Πατρός
1609 4825 1797 4894 ἡμῶν,

1978 4820 2137 4872 Vsus.
2169 4817 2224 4871 2.
2254 4813 2438 4869 Gratia
2473 4815 2613 4868 vobis
2644 4824 2690 4868 et
2723 4830 2827 4881 pax
2855 4832 2885 4867 a
2925 4813 3032 4867 Deo
3082 4813 3242 4867 Patre
3269 4822 3471 4882 nostra,

226 4906 326 4959 καὶ
364 4908 582 4976 Κυρίου
629 4909 831 4976 Ἰησοῦ
862 4911 1139 4978 Χριστοῦ.
1186 4913 1259 4966 Τὸ
1294 4913 1522 4984 σύνηθες
1561 4923 1802 4991 πρόσρη-

1904 4924 1952 4968 et
2008 4912 2228 4966 Domino
2280 4908 2407 4964 Iesu
2439 4909 2671 4964 Christo.
2711 4907 3037 4962 Consuetam
3095 4907 3471 4961 salutationem

230 5018 309 5068 μα
340 4999 684 5071 προτίθησιν,
726 5005 1090 5074 ἐπευχόμενος
1127 5005 1313 5069 αὐτοῖς
1377 5009 1464 5062 ἵνα
1499 5027 1802 5082 κεχαριτω-

1905 5005 2142 5076 apponit,
2169 5017 2523 5073 comprecans
2556 5001 2634 5057 eis
2663 5007 2721 5055 ut
2774 5000 2945 5071 gratia
2980 4999 3272 5062 donentur,
3317 5007 3371 5052 et
3409 5014 3472 5051 nc

234 5091 390 5160 μένοι
424 5087 554 5153 εἷεν,
594 5093 689 5146 καὶ
719 5094 794 5163 μὴ
822 5095 1154 5166 ἐπαρθέντες
1204 5099 1326 5152 κατ’
1366 5100 1613 5171 ἀλλήλων
1636 5104 1803 5157 ἐκπέο

1799 5134 1803 5145 .
1905 5099 2039 5152 alter
2076 5097 2128 5150 in
2155 5096 2385 5150 alterum
2418 5093 2542 5147 elati
2585 5092 2834 5148 excidant
2861 5106 2890 5145 a
2915 5105 3046 5160 pace
3073 5099 3127 5145 et
3162 5088 3468 5145 concordia.

232 5198 367 5234 σωσι
399 5181 497 5250 τῆς
519 5183 741 5253 εἰρήνης
790 5184 894 5237 καὶ
944 5186 1043 5256 τῆς
1087 5187 1363 5257 ὁμονοίας.
1398 5190 1479 5243 Τὰ
1509 5192 1618 5262 γὰρ
1647 5196 1804 5264 χαρί-

1802 5224 1804 5232 ι
1903 5192 2240 5248 Charismata
2276 5188 2418 5242 enim
2454 5202 2559 5242 non
2597 5183 2998 5240 attendentibus
3036 5181 3236 5239 fastum
3274 5189 3329 5235 et
3361 5178 3471 5234 ela-

236 5287 415 5338 τματα
436 5274 548 5334 τοῖς
577 5274 651 5343 μὴ
675 5274 718 5306 ³⁵
757 5276 1086 5346 προσέχουσι
1120 5278 1289 5346 τύφου
1321 5281 1576 5350 πρόξενα.

766 5276 1086 5346 προσέχουσι
1120 5278 1289 5346 τύφου
1321 5281 1576 5350 πρόξενα.
1909 5285 2107 5337 tionem
2142 5279 2435 5334 advehunt.

381 5387 470 5444 ι11
510 5391 650 5446 Tim.
688 5408 758 5458 tv,
801 5395 854 5449 5.
966 5404 1004 5426 ’³
1041 5395 1058 5449 l
1103 5395 1240 5453 Tim.
1272 5416 1345 5464 tv,
1374 5402 1426 5454 4.

1596 5494 1792 5557 Variae
1823 5495 2146 5558 lectiones.

310 5613 354 5643 "
378 5611 534 5676 αὖθις
565 5629 618 5668 0.
700 5616 742 5647 ¹⁶
785 5619 886 5687 μὲν
915 5633 966 5673 ο.

313 5729 386 5797 (Ι)
423 5730 539 5804 Quo
573 5741 919 5804 argumenta
960 5739 1210 5795 constet,
1282 5748 1309 5787 a
1379 5732 1541 5798 clero,
1598 5746 1704 5788 non
1743 5747 1770 5786 a
1807 5733 2001 5804 populo
2050 5734 2270 5790 missum
2322 5731 2761 5802 Epaphraditum,
2800 5744 2897 5799 ego
2981 5727 3192 5796 quidem
3235 5727 3474 5782 nondum

237 5815 375 5865 queo
406 5803 603 5855 videre.
643 5801 873 5856 LATINU:
904 5800 1180 5856 Lntmus.
