  <div class='ocr_page' id='page_1' title='image "/cluster/home/n/w/nwhite01/storage/ocr_20150623/124/nnc1.0046979735/595.png"; bbox 0 0 4226 6440; ppageno 0'>
   <div class='ocr_carea' id='block_1_1' title="bbox 739 402 873 464">
    <p class='ocr_par' dir='ltr' id='par_1_1' title="bbox 739 402 873 464">
     <span class='ocr_line' id='line_1_1' title="bbox 739 402 873 464; baseline -0.007 -1"><span class='ocrx_word' id='word_1_1' title='bbox 739 402 873 464; x_wconf 64' lang='lat' dir='ltr'><strong>ll&#39;t&#39;l</strong></span> 
     </span>
    </p>
   </div>
   <div class='ocr_carea' id='block_1_2' title="bbox 1688 393 3137 458">
    <p class='ocr_par' dir='ltr' id='par_1_2' title="bbox 1688 393 3137 458">
     <span class='ocr_line' id='line_1_2' title="bbox 1688 393 3137 458; baseline -0.002 0"><span class='ocrx_word' id='word_1_2' title='bbox 1688 395 2266 458; x_wconf 75' lang='lat' dir='ltr'><strong>THEOPHYLACTI</strong></span> <span class='ocrx_word' id='word_1_3' title='bbox 2302 396 2712 456; x_wconf 69' lang='lat' dir='ltr'><strong>BULGARI/E</strong></span> <span class='ocrx_word' id='word_1_4' title='bbox 2782 393 3137 457; x_wconf 79' lang='lat' dir='ltr'><strong>ARCHIEP.</strong></span> 
     </span>
    </p>
   </div>
   <div class='ocr_carea' id='block_1_3' title="bbox 3872 391 4014 457">
    <p class='ocr_par' dir='ltr' id='par_1_3' title="bbox 3872 391 4014 457">
     <span class='ocr_line' id='line_1_3' title="bbox 3872 391 4014 457; baseline -0.028 -1"><span class='ocrx_word' id='word_1_5' title='bbox 3872 391 4014 457; x_wconf 61' lang='lat' dir='ltr'><strong>115A</strong></span> 
     </span>
    </p>
   </div>
   <div class='ocr_carea' id='block_1_4' title="bbox 810 507 2479 583">
    <p class='ocr_par' dir='ltr' id='par_1_4' title="bbox 810 511 2388 583">
     <span class='ocr_line' id='line_1_4' title="bbox 810 511 2388 583; baseline -0.001 -16"><span class='ocrx_word' id='word_1_6' title='bbox 810 514 968 569; x_wconf 30' lang='lat' dir='ltr'><strong>Vinus.</strong></span> <span class='ocrx_word' id='word_1_7' title='bbox 994 516 1048 580; x_wconf 84' lang='grc'>5,</span> <span class='ocrx_word' id='word_1_8' title='bbox 1081 516 1133 569; x_wconf 75' lang='grc' dir='ltr'><strong>ι.</strong></span> <span class='ocrx_word' id='word_1_9' title='bbox 1167 511 1380 566; x_wconf 80' lang='lat' dir='ltr'><strong>Gratias</strong></span> <span class='ocrx_word' id='word_1_10' title='bbox 1415 530 1513 583; x_wconf 84' lang='lat' dir='ltr'><strong>ago</strong></span> <span class='ocrx_word' id='word_1_11' title='bbox 1549 513 1655 567; x_wconf 83' lang='lat' dir='ltr'><strong>Deo</strong></span> <span class='ocrx_word' id='word_1_12' title='bbox 1684 529 1793 566; x_wconf 90' lang='lat' dir='ltr'><strong>meo</strong></span> <span class='ocrx_word' id='word_1_13' title='bbox 1816 514 1868 565; x_wconf 84' lang='lat' dir='ltr'><strong>in</strong></span> <span class='ocrx_word' id='word_1_14' title='bbox 1897 511 2040 565; x_wconf 87' lang='lat' dir='ltr'><strong>omni</strong></span> <span class='ocrx_word' id='word_1_15' title='bbox 2061 512 2310 566; x_wconf 84' lang='lat' dir='ltr'><strong>memoria</strong></span> <span class='ocrx_word' id='word_1_16' title='bbox 2337 512 2388 573; x_wconf 80' lang='grc' dir='ltr'>Α</span> 
     </span>
    </p>
   </div>
   <div class='ocr_carea' id='block_1_5' title="bbox 2348 507 4017 583">
    <p class='ocr_par' dir='ltr' id='par_1_5' title="bbox 2348 507 4017 578">
     <span class='ocr_line' id='line_1_5' title="bbox 2348 507 4017 578; baseline -0.003 -13"><span class='ocrx_word' id='word_1_17' title='bbox 2348 512 2388 573; x_wconf 72' lang='grc' dir='ltr'>Α</span> <span class='ocrx_word' id='word_1_18' title='bbox 2486 510 2840 578; x_wconf 81' lang='grc' dir='ltr'>Εὐχαριστῶ</span> <span class='ocrx_word' id='word_1_19' title='bbox 2882 511 2963 575; x_wconf 84' lang='grc' dir='ltr'>τῷ</span> <span class='ocrx_word' id='word_1_20' title='bbox 3017 509 3139 575; x_wconf 84' lang='grc' dir='ltr'>Θεῷ</span> <span class='ocrx_word' id='word_1_21' title='bbox 3174 526 3316 578; x_wconf 67' lang='grc' dir='ltr'>μου,</span> <span class='ocrx_word' id='word_1_22' title='bbox 3351 508 3451 563; x_wconf 69' lang='grc' dir='ltr'><strong>ἐπὶ</strong></span> <span class='ocrx_word' id='word_1_23' title='bbox 3505 507 3678 576; x_wconf 77' lang='grc' dir='ltr'>πάσῃ</span> <span class='ocrx_word' id='word_1_24' title='bbox 3707 507 3789 575; x_wconf 76' lang='grc' dir='ltr'>τῇ</span> <span class='ocrx_word' id='word_1_25' title='bbox 3830 510 4017 576; x_wconf 78' lang='grc' dir='ltr'>μνειά</span> 
     </span>
    </p>
   </div>
   <div class='ocr_carea' id='block_1_6' title="bbox 731 603 2309 673">
    <p class='ocr_par' dir='ltr' id='par_1_6' title="bbox 731 603 2309 673">
     <span class='ocr_line' id='line_1_6' title="bbox 731 603 2309 673; baseline -0.001 -15"><span class='ocrx_word' id='word_1_26' title='bbox 731 607 917 669; x_wconf 76' lang='lat' dir='ltr'><strong>vestri,</strong></span> <span class='ocrx_word' id='word_1_27' title='bbox 970 621 1170 673; x_wconf 87' lang='lat' dir='ltr'><strong>semper</strong></span> <span class='ocrx_word' id='word_1_28' title='bbox 1201 603 1255 657; x_wconf 82' lang='lat' dir='ltr'><strong>in</strong></span> <span class='ocrx_word' id='word_1_29' title='bbox 1300 606 1442 658; x_wconf 89' lang='lat' dir='ltr'><strong>omni</strong></span> <span class='ocrx_word' id='word_1_30' title='bbox 1500 604 1737 657; x_wconf 86' lang='lat' dir='ltr'><strong>oratione</strong></span> <span class='ocrx_word' id='word_1_31' title='bbox 1783 619 1895 657; x_wconf 85' lang='lat' dir='ltr'><strong>utea</strong></span> <span class='ocrx_word' id='word_1_32' title='bbox 1936 620 2031 671; x_wconf 86' lang='lat' dir='ltr'><strong>pro</strong></span> <span class='ocrx_word' id='word_1_33' title='bbox 2069 604 2309 657; x_wconf 83' lang='lat' dir='ltr'><strong>omnibus</strong></span> 
     </span>
    </p>
   </div>
   <div class='ocr_carea' id='block_1_7' title="bbox 733 692 2311 765">
    <p class='ocr_par' dir='ltr' id='par_1_7' title="bbox 733 692 2311 765">
     <span class='ocr_line' id='line_1_7' title="bbox 733 692 2311 765; baseline -0.001 -16"><span class='ocrx_word' id='word_1_34' title='bbox 733 696 897 749; x_wconf 83' lang='lat' dir='ltr'><strong>vobis.</strong></span> <span class='ocrx_word' id='word_1_35' title='bbox 934 694 1178 761; x_wconf 93' lang='lat' dir='ltr'><strong>Quoties,</strong></span> <span class='ocrx_word' id='word_1_36' title='bbox 1205 693 1405 763; x_wconf 90' lang='lat' dir='ltr'><strong>inquit,</strong></span> <span class='ocrx_word' id='word_1_37' title='bbox 1441 692 1603 748; x_wconf 92' lang='lat' dir='ltr'><strong>vestri</strong></span> <span class='ocrx_word' id='word_1_38' title='bbox 1646 694 1904 749; x_wconf 85' lang='lat' dir='ltr'><strong>recordor</strong></span> <span class='ocrx_word' id='word_1_39' title='bbox 1929 693 2167 765; x_wconf 83' lang='lat' dir='ltr'><strong>(semper</strong></span> <span class='ocrx_word' id='word_1_40' title='bbox 2211 708 2311 748; x_wconf 84' lang='lat' dir='ltr'><strong>au-</strong></span> 
     </span>
    </p>
   </div>
   <div class='ocr_carea' id='block_1_8' title="bbox 735 784 2315 856">
    <p class='ocr_par' dir='ltr' id='par_1_8' title="bbox 735 784 2315 856">
     <span class='ocr_line' id='line_1_8' title="bbox 735 784 2315 856; baseline 0 -17"><span class='ocrx_word' id='word_1_41' title='bbox 735 797 843 842; x_wconf 88' lang='lat' dir='ltr'><strong>tem</strong></span> <span class='ocrx_word' id='word_1_42' title='bbox 877 788 977 841; x_wconf 92' lang='lat' dir='ltr'><strong>hoc</strong></span> <span class='ocrx_word' id='word_1_43' title='bbox 997 784 1187 856; x_wconf 86' lang='lat' dir='ltr'><strong>facio),</strong></span> <span class='ocrx_word' id='word_1_44' title='bbox 1226 785 1469 856; x_wconf 81' lang='lat' dir='ltr'><strong>glorifico</strong></span> <span class='ocrx_word' id='word_1_45' title='bbox 1500 784 1689 853; x_wconf 83' lang='lat' dir='ltr'><strong>Deum,</strong></span> <span class='ocrx_word' id='word_1_46' title='bbox 1722 786 1865 856; x_wconf 94' lang='lat' dir='ltr'><strong>quod</strong></span> <span class='ocrx_word' id='word_1_47' title='bbox 1885 786 2018 840; x_wconf 92' lang='lat' dir='ltr'><strong>adeo</strong></span> <span class='ocrx_word' id='word_1_48' title='bbox 2038 788 2089 839; x_wconf 93' lang='lat' dir='ltr'><strong>in</strong></span> <span class='ocrx_word' id='word_1_49' title='bbox 2115 785 2315 839; x_wconf 88' lang='lat' dir='ltr'><strong>virtute</strong></span> 
     </span>
    </p>
   </div>
   <div class='ocr_carea' id='block_1_9' title="bbox 734 876 2313 947">
    <p class='ocr_par' dir='ltr' id='par_1_9' title="bbox 734 876 2313 947">
     <span class='ocr_line' id='line_1_9' title="bbox 734 876 2313 947; baseline -0.003 -12"><span class='ocrx_word' id='word_1_50' title='bbox 734 878 1019 935; x_wconf 75' lang='lat' dir='ltr'><strong>creveritis</strong></span> <span class='ocrx_word' id='word_1_51' title='bbox 1068 896 1081 933; x_wconf 92' lang='lat'>:</span> <span class='ocrx_word' id='word_1_52' title='bbox 1126 891 1300 946; x_wconf 86' lang='lat' dir='ltr'><strong>neque</strong></span> <span class='ocrx_word' id='word_1_53' title='bbox 1336 885 1516 933; x_wconf 88' lang='lat' dir='ltr'><strong>tamen</strong></span> <span class='ocrx_word' id='word_1_54' title='bbox 1568 891 1689 932; x_wconf 92' lang='lat' dir='ltr'><strong>cum</strong></span> <span class='ocrx_word' id='word_1_55' title='bbox 1745 876 1825 932; x_wconf 84' lang='lat' dir='ltr'><strong>sic</strong></span> <span class='ocrx_word' id='word_1_56' title='bbox 1862 878 2075 947; x_wconf 94' lang='lat' dir='ltr'><strong>probati</strong></span> <span class='ocrx_word' id='word_1_57' title='bbox 2111 877 2230 932; x_wconf 88' lang='lat' dir='ltr'><strong>sitis</strong></span> <span class='ocrx_word' id='word_1_58' title='bbox 2261 877 2313 931; x_wconf 93' lang='lat' dir='ltr'><strong>in</strong></span> 
     </span>
    </p>
   </div>
   <div class='ocr_carea' id='block_1_10' title="bbox 736 965 2314 1039">
    <p class='ocr_par' dir='ltr' id='par_1_10' title="bbox 736 965 2314 1039">
     <span class='ocr_line' id='line_1_10' title="bbox 736 965 2314 1039; baseline -0.002 -15"><span class='ocrx_word' id='word_1_59' title='bbox 736 966 936 1025; x_wconf 81' lang='lat' dir='ltr'><strong>divinis</strong></span> <span class='ocrx_word' id='word_1_60' title='bbox 1000 969 1180 1031; x_wconf 87' lang='lat' dir='ltr'><strong>rebus,</strong></span> <span class='ocrx_word' id='word_1_61' title='bbox 1238 965 1408 1039; x_wconf 68' lang='grc'><strong>428</strong></span> <span class='ocrx_word' id='word_1_62' title='bbox 1482 967 1670 1022; x_wconf 86' lang='lat' dir='ltr'><strong>desino</strong></span> <span class='ocrx_word' id='word_1_63' title='bbox 1734 967 1975 1037; x_wconf 84' lang='lat' dir='ltr'><strong>precari,</strong></span> <span class='ocrx_word' id='word_1_64' title='bbox 2050 968 2144 1022; x_wconf 87' lang='lat' dir='ltr'><strong>sed</strong></span> <span class='ocrx_word' id='word_1_65' title='bbox 2217 982 2314 1037; x_wconf 90' lang='lat' dir='ltr'><strong>pro</strong></span> 
     </span>
    </p>
   </div>
   <div class='ocr_carea' id='block_1_11' title="bbox 738 1058 2011 1131">
    <p class='ocr_par' dir='ltr' id='par_1_11' title="bbox 738 1058 2011 1131">
     <span class='ocr_line' id='line_1_11' title="bbox 738 1058 2011 1131; baseline -0.002 -16"><span class='ocrx_word' id='word_1_66' title='bbox 738 1063 991 1117; x_wconf 89' lang='lat' dir='ltr'><strong>omnibus</strong></span> <span class='ocrx_word' id='word_1_67' title='bbox 1014 1075 1165 1131; x_wconf 89' lang='lat' dir='ltr'><strong>rogo,</strong></span> <span class='ocrx_word' id='word_1_68' title='bbox 1207 1069 1266 1114; x_wconf 89' lang='lat' dir='ltr'><strong>ut</strong></span> <span class='ocrx_word' id='word_1_69' title='bbox 1297 1075 1462 1129; x_wconf 90' lang='lat' dir='ltr'><strong>porro</strong></span> <span class='ocrx_word' id='word_1_70' title='bbox 1498 1058 1725 1113; x_wconf 77' lang='lat' dir='ltr'><strong>feliciter</strong></span> <span class='ocrx_word' id='word_1_71' title='bbox 1757 1060 2011 1128; x_wconf 79' lang='lat' dir='ltr'><strong>pergatis.</strong></span> 
     </span>
    </p>
   </div>
   <div class='ocr_carea' id='block_1_12' title="bbox 812 1150 2317 1223">
    <p class='ocr_par' dir='ltr' id='par_1_12' title="bbox 812 1150 2317 1223">
     <span class='ocr_line' id='line_1_12' title="bbox 812 1150 2317 1223; baseline 0.001 -17"><span class='ocrx_word' id='word_1_72' title='bbox 812 1154 945 1207; x_wconf 80' lang='lat' dir='ltr'><strong>Cum</strong></span> <span class='ocrx_word' id='word_1_73' title='bbox 993 1154 1191 1223; x_wconf 85' lang='lat' dir='ltr'><strong>gaudio</strong></span> <span class='ocrx_word' id='word_1_74' title='bbox 1252 1152 1602 1221; x_wconf 79' lang='lat' dir='ltr'><strong>precationem</strong></span> <span class='ocrx_word' id='word_1_75' title='bbox 1656 1168 1828 1205; x_wconf 89' lang='lat' dir='ltr'><strong>meam</strong></span> <span class='ocrx_word' id='word_1_76' title='bbox 1867 1154 2088 1223; x_wconf 74' lang='lat' dir='ltr'><strong>faciens.</strong></span> <span class='ocrx_word' id='word_1_77' title='bbox 2132 1150 2317 1207; x_wconf 82' lang='lat' dir='ltr'><strong>Potest</strong></span> 
     </span>
    </p>
   </div>
   <div class='ocr_carea' id='block_1_13' title="bbox 736 1243 2318 1312">
    <p class='ocr_par' dir='ltr' id='par_1_13' title="bbox 736 1243 2318 1312">
     <span class='ocr_line' id='line_1_13' title="bbox 736 1243 2318 1312; baseline -0.003 -12"><span class='ocrx_word' id='word_1_78' title='bbox 736 1247 880 1300; x_wconf 72' lang='lat' dir='ltr'><strong>cutim</strong></span> <span class='ocrx_word' id='word_1_79' title='bbox 915 1257 972 1300; x_wconf 89' lang='lat' dir='ltr'><strong>et</strong></span> <span class='ocrx_word' id='word_1_80' title='bbox 1015 1262 1140 1301; x_wconf 91' lang='lat' dir='ltr'><strong>cum</strong></span> <span class='ocrx_word' id='word_1_81' title='bbox 1198 1260 1434 1301; x_wconf 64' lang='lat' dir='ltr'><strong>maerore</strong></span> <span class='ocrx_word' id='word_1_82' title='bbox 1496 1244 1701 1299; x_wconf 88' lang='lat' dir='ltr'><strong>mentio</strong></span> <span class='ocrx_word' id='word_1_83' title='bbox 1746 1243 2050 1312; x_wconf 77' lang='lat' dir='ltr'><strong>cujuSpiam</strong></span> <span class='ocrx_word' id='word_1_84' title='bbox 2086 1243 2225 1310; x_wconf 86' lang='lat' dir='ltr'><strong>fieri,</strong></span> <span class='ocrx_word' id='word_1_85' title='bbox 2260 1254 2318 1297; x_wconf 93' lang='lat' dir='ltr'><strong>ut</strong></span> 
     </span>
    </p>
   </div>
   <div class='ocr_carea' id='block_1_14' title="bbox 739 1336 2318 1406">
    <p class='ocr_par' dir='ltr' id='par_1_14' title="bbox 739 1336 2318 1406">
     <span class='ocr_line' id='line_1_14' title="bbox 739 1336 2318 1406; baseline -0.003 -13"><span class='ocrx_word' id='word_1_86' title='bbox 739 1356 860 1393; x_wconf 89' lang='lat' dir='ltr'><strong>cum</strong></span> <span class='ocrx_word' id='word_1_87' title='bbox 884 1339 1010 1394; x_wconf 83' lang='lat' dir='ltr'><strong>alibi</strong></span> <span class='ocrx_word' id='word_1_88' title='bbox 1028 1340 1173 1394; x_wconf 89' lang='lat' dir='ltr'><strong>dicat</strong></span> <span class='ocrx_word' id='word_1_89' title='bbox 1198 1356 1213 1394; x_wconf 90' lang='lat'><strong>:</strong></span> <span class='ocrx_word' id='word_1_90' title='bbox 1242 1336 1384 1392; x_wconf 89' lang='lat' dir='ltr'><strong>Nam</strong></span> <span class='ocrx_word' id='word_1_91' title='bbox 1408 1353 1471 1392; x_wconf 74' lang='lat' dir='ltr'><strong>ea</strong></span> <span class='ocrx_word' id='word_1_92' title='bbox 1493 1339 1658 1390; x_wconf 87' lang='lat' dir='ltr'><strong>multa</strong></span> <span class='ocrx_word' id='word_1_93' title='bbox 1685 1336 1964 1406; x_wconf 75' lang='lat' dir='ltr'><strong>afﬂictione</strong></span> <span class='ocrx_word' id='word_1_94' title='bbox 1979 1345 2028 1390; x_wconf 89' lang='lat' dir='ltr'><strong>et</strong></span> <span class='ocrx_word' id='word_1_95' title='bbox 2053 1336 2318 1390; x_wconf 72' lang='lat' dir='ltr'><strong>anxietate</strong></span> 
     </span>
    </p>
   </div>
   <div class='ocr_carea' id='block_1_15' title="bbox 740 1426 2318 1499">
    <p class='ocr_par' dir='ltr' id='par_1_15' title="bbox 740 1426 2318 1499">
     <span class='ocr_line' id='line_1_15' title="bbox 740 1426 2318 1499; baseline -0.001 -16"><span class='ocrx_word' id='word_1_96' title='bbox 740 1432 915 1483; x_wconf 78' lang='lat' dir='ltr'><strong>cordis</strong></span> <span class='ocrx_word' id='word_1_97' title='bbox 963 1430 1063 1483; x_wconf 90' lang='lat' dir='ltr'><strong>mei</strong></span> <span class='ocrx_word' id='word_1_98' title='bbox 1114 1430 1303 1499; x_wconf 81' lang='lat' dir='ltr'><strong>scripsi</strong></span> <span class='ocrx_word' id='word_1_99' title='bbox 1355 1429 1498 1483; x_wconf 81' lang='lat' dir='ltr'><strong>vobis</strong></span> <span class='ocrx_word' id='word_1_100' title='bbox 1530 1438 1575 1481; x_wconf 73' lang='grc' dir='ltr'>τι.</span> <span class='ocrx_word' id='word_1_101' title='bbox 1629 1426 1862 1481; x_wconf 82' lang='lat' dir='ltr'><strong>Proinde</strong></span> <span class='ocrx_word' id='word_1_102' title='bbox 1936 1442 2060 1482; x_wconf 91' lang='lat' dir='ltr'><strong>cum</strong></span> <span class='ocrx_word' id='word_1_103' title='bbox 2124 1427 2318 1497; x_wconf 90' lang='lat' dir='ltr'><strong>gaudio</strong></span> 
     </span>
    </p>
   </div>
   <div class='ocr_carea' id='block_1_16' title="bbox 742 1517 1954 1590">
    <p class='ocr_par' dir='ltr' id='par_1_16' title="bbox 742 1517 1954 1590">
     <span class='ocr_line' id='line_1_16' title="bbox 742 1517 1954 1590; baseline -0.002 -17"><span class='ocrx_word' id='word_1_104' title='bbox 742 1520 1077 1583; x_wconf 85' lang='lat' dir='ltr'><strong>meminisse,</strong></span> <span class='ocrx_word' id='word_1_105' title='bbox 1114 1521 1328 1590; x_wconf 83' lang='lat' dir='ltr'><strong>signum</strong></span> <span class='ocrx_word' id='word_1_106' title='bbox 1360 1528 1442 1571; x_wconf 85' lang='lat' dir='ltr'><strong>est</strong></span> <span class='ocrx_word' id='word_1_107' title='bbox 1480 1517 1691 1570; x_wconf 91' lang='lat' dir='ltr'><strong>illorum</strong></span> <span class='ocrx_word' id='word_1_108' title='bbox 1720 1517 1954 1570; x_wconf 89' lang='lat' dir='ltr'><strong>virtutis.</strong></span> 
     </span>
    </p>
   </div>
   <div class='ocr_carea' id='block_1_17' title="bbox 813 1609 2316 1679">
    <p class='ocr_par' dir='ltr' id='par_1_17' title="bbox 813 1609 2316 1679">
     <span class='ocr_line' id='line_1_17' title="bbox 813 1609 2316 1679; baseline -0.003 -12"><span class='ocrx_word' id='word_1_109' title='bbox 813 1611 979 1667; x_wconf 69' lang='lat' dir='ltr'><strong>Vens.</strong></span> <span class='ocrx_word' id='word_1_110' title='bbox 1014 1612 1065 1666; x_wconf 82' lang='lat'><strong>5.</strong></span> <span class='ocrx_word' id='word_1_111' title='bbox 1095 1611 1263 1679; x_wconf 91' lang='lat' dir='ltr'><strong>Super</strong></span> <span class='ocrx_word' id='word_1_112' title='bbox 1284 1610 1757 1663; x_wconf 77' lang='lat' dir='ltr'><strong>communicatione</strong></span> <span class='ocrx_word' id='word_1_113' title='bbox 1793 1618 1961 1663; x_wconf 83' lang='lat' dir='ltr'><strong>vestra</strong></span> <span class='ocrx_word' id='word_1_114' title='bbox 1984 1609 2052 1662; x_wconf 86' lang='lat' dir='ltr'><strong>ad</strong></span> <span class='ocrx_word' id='word_1_115' title='bbox 2082 1609 2316 1679; x_wconf 81' lang='lat' dir='ltr'><strong>Evange-</strong></span> 
     </span>
    </p>
   </div>
   <div class='ocr_carea' id='block_1_18' title="bbox 741 1703 2319 1775">
    <p class='ocr_par' dir='ltr' id='par_1_18' title="bbox 741 1703 2319 1775">
     <span class='ocr_line' id='line_1_18' title="bbox 741 1703 2319 1775; baseline -0.001 -16"><span class='ocrx_word' id='word_1_116' title='bbox 741 1710 894 1769; x_wconf 83' lang='lat' dir='ltr'><strong>lium,</strong></span> <span class='ocrx_word' id='word_1_117' title='bbox 928 1724 959 1760; x_wconf 87' lang='grc' dir='ltr'><strong>ιι</strong></span> <span class='ocrx_word' id='word_1_118' title='bbox 989 1708 1157 1775; x_wconf 85' lang='lat' dir='ltr'><strong>prima</strong></span> <span class='ocrx_word' id='word_1_119' title='bbox 1182 1706 1268 1760; x_wconf 86' lang='lat' dir='ltr'><strong>die</strong></span> <span class='ocrx_word' id='word_1_120' title='bbox 1302 1721 1463 1774; x_wconf 86' lang='lat' dir='ltr'><strong>usque</strong></span> <span class='ocrx_word' id='word_1_121' title='bbox 1487 1722 1645 1760; x_wconf 88' lang='lat' dir='ltr'><strong>nunc.</strong></span> <span class='ocrx_word' id='word_1_122' title='bbox 1688 1703 1895 1774; x_wconf 63' lang='lat' dir='ltr'><strong>Magum</strong></span> <span class='ocrx_word' id='word_1_123' title='bbox 1938 1720 2003 1760; x_wconf 89' lang='lat' dir='ltr'><strong>ac</strong></span> <span class='ocrx_word' id='word_1_124' title='bbox 2037 1719 2161 1760; x_wconf 78' lang='lat' dir='ltr'><strong>vere</strong></span> <span class='ocrx_word' id='word_1_125' title='bbox 2193 1720 2319 1775; x_wconf 88' lang='lat' dir='ltr'><strong>apo-</strong></span> 
     </span>
    </p>
   </div>
   <div class='ocr_carea' id='block_1_19' title="bbox 742 1795 2317 1866">
    <p class='ocr_par' dir='ltr' id='par_1_19' title="bbox 742 1795 2317 1866">
     <span class='ocr_line' id='line_1_19' title="bbox 742 1795 2317 1866; baseline -0.003 -13"><span class='ocrx_word' id='word_1_126' title='bbox 742 1800 950 1853; x_wconf 72' lang='lat' dir='ltr'><strong>stolica:</strong></span> <span class='ocrx_word' id='word_1_127' title='bbox 994 1800 1070 1852; x_wconf 88' lang='lat' dir='ltr'><strong>rei</strong></span> <span class='ocrx_word' id='word_1_128' title='bbox 1130 1798 1501 1853; x_wconf 87' lang='lat' dir='ltr'><strong>testimonium</strong></span> <span class='ocrx_word' id='word_1_129' title='bbox 1538 1796 1646 1851; x_wconf 88' lang='lat' dir='ltr'><strong>illis</strong></span> <span class='ocrx_word' id='word_1_130' title='bbox 1682 1795 1834 1861; x_wconf 88' lang='lat' dir='ltr'><strong>dicit,</strong></span> <span class='ocrx_word' id='word_1_131' title='bbox 1887 1798 2144 1851; x_wconf 87' lang='lat' dir='ltr'><strong>nimirum</strong></span> <span class='ocrx_word' id='word_1_132' title='bbox 2175 1798 2317 1866; x_wconf 90' lang='lat' dir='ltr'><strong>quod</strong></span> 
     </span>
    </p>
   </div>
   <div class='ocr_carea' id='block_1_20' title="bbox 2423 599 4020 674">
    <p class='ocr_par' dir='ltr' id='par_1_20' title="bbox 2423 599 4020 674">
     <span class='ocr_line' id='line_1_20' title="bbox 2423 599 4020 674; baseline -0.005 -14"><span class='ocrx_word' id='word_1_133' title='bbox 2423 602 2613 674; x_wconf 84' lang='grc' dir='ltr'>ὑμῶν,</span> <span class='ocrx_word' id='word_1_134' title='bbox 2641 603 2899 657; x_wconf 77' lang='grc' dir='ltr'>πάντοτε</span> <span class='ocrx_word' id='word_1_135' title='bbox 2922 605 2993 657; x_wconf 85' lang='grc' dir='ltr'>ἐν</span> <span class='ocrx_word' id='word_1_136' title='bbox 3011 603 3179 671; x_wconf 78' lang='grc' dir='ltr'>πάσῃ</span> <span class='ocrx_word' id='word_1_137' title='bbox 3209 603 3415 671; x_wconf 75' lang='grc' dir='ltr'>δεήσει</span> <span class='ocrx_word' id='word_1_138' title='bbox 3440 620 3560 671; x_wconf 84' lang='grc' dir='ltr'><strong>μου</strong></span> <span class='ocrx_word' id='word_1_139' title='bbox 3584 599 3738 669; x_wconf 79' lang='grc' dir='ltr'>ὑπὲρ</span> <span class='ocrx_word' id='word_1_140' title='bbox 3762 600 4020 653; x_wconf 73' lang='grc' dir='ltr'>πάντων</span> 
     </span>
    </p>
   </div>
   <div class='ocr_carea' id='block_1_21' title="bbox 2424 690 4020 763">
    <p class='ocr_par' dir='ltr' id='par_1_21' title="bbox 2424 690 4020 763">
     <span class='ocr_line' id='line_1_21' title="bbox 2424 690 4020 763; baseline -0.005 -13"><span class='ocrx_word' id='word_1_141' title='bbox 2424 692 2612 763; x_wconf 78' lang='grc' dir='ltr'>ὑμῶν.</span> <span class='ocrx_word' id='word_1_142' title='bbox 2667 693 2887 756; x_wconf 82' lang='grc' dir='ltr'><strong>Ὁσάκις</strong></span> <span class='ocrx_word' id='word_1_143' title='bbox 2914 693 3069 761; x_wconf 82' lang='grc' dir='ltr'>ὑμῶν</span> <span class='ocrx_word' id='word_1_144' title='bbox 3089 691 3447 760; x_wconf 78' lang='grc' dir='ltr'>ἀναμνησθῶ,</span> <span class='ocrx_word' id='word_1_145' title='bbox 3492 692 3627 760; x_wconf 80' lang='grc' dir='ltr'>φησὶ</span> <span class='ocrx_word' id='word_1_146' title='bbox 3658 691 3931 759; x_wconf 82' lang='grc' dir='ltr'>(πάντοτε</span> <span class='ocrx_word' id='word_1_147' title='bbox 3963 690 4020 742; x_wconf 78' lang='grc' dir='ltr'><strong>δέ</strong></span> 
     </span>
    </p>
   </div>
   <div class='ocr_carea' id='block_1_22' title="bbox 2423 783 4023 855">
    <p class='ocr_par' dir='ltr' id='par_1_22' title="bbox 2423 783 4023 855">
     <span class='ocr_line' id='line_1_22' title="bbox 2423 783 4023 855; baseline -0.003 -18"><span class='ocrx_word' id='word_1_148' title='bbox 2423 784 2583 838; x_wconf 83' lang='grc' dir='ltr'>τοῦτο</span> <span class='ocrx_word' id='word_1_149' title='bbox 2640 784 2828 855; x_wconf 86' lang='grc' dir='ltr'>ποιῶ),</span> <span class='ocrx_word' id='word_1_150' title='bbox 2879 783 3091 849; x_wconf 85' lang='grc' dir='ltr'>δοξάζω</span> <span class='ocrx_word' id='word_1_151' title='bbox 3132 783 3227 836; x_wconf 85' lang='grc' dir='ltr'><strong>τὸν</strong></span> <span class='ocrx_word' id='word_1_152' title='bbox 3277 783 3433 846; x_wconf 85' lang='grc' dir='ltr'>Θεὸν,</span> <span class='ocrx_word' id='word_1_153' title='bbox 3498 783 3581 836; x_wconf 86' lang='grc' dir='ltr'>ὅτι</span> <span class='ocrx_word' id='word_1_154' title='bbox 3628 784 3899 837; x_wconf 89' lang='grc' dir='ltr'>τοσοῦτον</span> <span class='ocrx_word' id='word_1_155' title='bbox 3943 784 4023 839; x_wconf 81' lang='grc' dir='ltr'>εἰς</span> 
     </span>
    </p>
   </div>
   <div class='ocr_carea' id='block_1_23' title="bbox 2423 874 4018 949">
    <p class='ocr_par' dir='ltr' id='par_1_23' title="bbox 2423 874 4018 949">
     <span class='ocr_line' id='line_1_23' title="bbox 2423 874 4018 949; baseline -0.005 -17"><span class='ocrx_word' id='word_1_156' title='bbox 2423 876 2625 949; x_wconf 79' lang='grc' dir='ltr'>ἀρετὴν</span> <span class='ocrx_word' id='word_1_157' title='bbox 2686 874 3069 929; x_wconf 80' lang='grc' dir='ltr'>ὲπιδεδώκατε.</span> <span class='ocrx_word' id='word_1_158' title='bbox 3105 876 3179 928; x_wconf 80' lang='grc' dir='ltr'><strong>Οὐ</strong></span> <span class='ocrx_word' id='word_1_159' title='bbox 3209 874 3315 945; x_wconf 79' lang='grc' dir='ltr'><strong>μὴν</strong></span> <span class='ocrx_word' id='word_1_160' title='bbox 3352 875 3544 945; x_wconf 78' lang='grc' dir='ltr'>ἐπεδὴ</span> <span class='ocrx_word' id='word_1_161' title='bbox 3575 874 3752 938; x_wconf 77' lang='grc' dir='ltr'>οὕτως</span> <span class='ocrx_word' id='word_1_162' title='bbox 3789 874 4018 926; x_wconf 72' lang='grc' dir='ltr'>εὐδόκι-</span> 
     </span>
    </p>
   </div>
   <div class='ocr_carea' id='block_1_24' title="bbox 2428 966 4017 1039">
    <p class='ocr_par' dir='ltr' id='par_1_24' title="bbox 2428 966 4017 1039">
     <span class='ocr_line' id='line_1_24' title="bbox 2428 966 4017 1039; baseline -0.003 -17"><span class='ocrx_word' id='word_1_163' title='bbox 2428 971 2517 1039; x_wconf 80' lang='grc' dir='ltr'><strong>μοί</strong></span> <span class='ocrx_word' id='word_1_164' title='bbox 2552 970 2674 1022; x_wconf 83' lang='grc' dir='ltr'>ἐστε</span> <span class='ocrx_word' id='word_1_165' title='bbox 2706 968 2763 1021; x_wconf 84' lang='grc' dir='ltr'><strong>ἐν</strong></span> <span class='ocrx_word' id='word_1_166' title='bbox 2784 970 2897 1031; x_wconf 82' lang='grc' dir='ltr'>τοῖς</span> <span class='ocrx_word' id='word_1_167' title='bbox 2926 967 3111 1031; x_wconf 86' lang='grc' dir='ltr'>θείοις,</span> <span class='ocrx_word' id='word_1_168' title='bbox 3142 966 3387 1036; x_wconf 79' lang='grc' dir='ltr'>παύομαι</span> <span class='ocrx_word' id='word_1_169' title='bbox 3420 967 3695 1037; x_wconf 74' lang='grc' dir='ltr'>δεόμενος,</span> <span class='ocrx_word' id='word_1_170' title='bbox 3733 967 3879 1021; x_wconf 75' lang='grc' dir='ltr'><strong>ἀλλά</strong></span> <span class='ocrx_word' id='word_1_171' title='bbox 3918 967 4017 1019; x_wconf 75' lang='grc' dir='ltr'><strong>καὶ</strong></span> 
     </span>
    </p>
   </div>
   <div class='ocr_carea' id='block_1_25' title="bbox 2424 1059 3650 1132">
    <p class='ocr_par' dir='ltr' id='par_1_25' title="bbox 2424 1059 3650 1132">
     <span class='ocr_line' id='line_1_25' title="bbox 2424 1059 3650 1132; baseline -0.002 -17"><span class='ocrx_word' id='word_1_172' title='bbox 2424 1063 2614 1131; x_wconf 80' lang='grc' dir='ltr'>δέομαι</span> <span class='ocrx_word' id='word_1_173' title='bbox 2638 1060 2782 1132; x_wconf 79' lang='grc' dir='ltr'>ὑπὲρ</span> <span class='ocrx_word' id='word_1_174' title='bbox 2817 1061 3056 1117; x_wconf 83' lang='grc' dir='ltr'>πάντων.</span> <span class='ocrx_word' id='word_1_175' title='bbox 3092 1060 3180 1113; x_wconf 77' lang='grc' dir='ltr'><strong>ἵνα</strong></span> <span class='ocrx_word' id='word_1_176' title='bbox 3216 1059 3293 1113; x_wconf 69' lang='grc' dir='ltr'>ἔτι</span> <span class='ocrx_word' id='word_1_177' title='bbox 3324 1059 3650 1129; x_wconf 77' lang='grc' dir='ltr'>εὖοδωθῆτε.</span> 
     </span>
    </p>
   </div>
   <div class='ocr_carea' id='block_1_26' title="bbox 2495 1151 4022 1223">
    <p class='ocr_par' dir='ltr' id='par_1_26' title="bbox 2495 1151 4022 1223">
     <span class='ocr_line' id='line_1_26' title="bbox 2495 1151 4022 1223; baseline -0.003 -15"><span class='ocrx_word' id='word_1_178' title='bbox 2495 1154 2653 1208; x_wconf 84' lang='grc' dir='ltr'><em>Μετὰ</em></span> <span class='ocrx_word' id='word_1_179' title='bbox 2686 1153 2879 1223; x_wconf 83' lang='grc' dir='ltr'>χαρᾶς</span> <span class='ocrx_word' id='word_1_180' title='bbox 2908 1152 3022 1221; x_wconf 70' lang='grc' dir='ltr'><strong>τὴν</strong></span> <span class='ocrx_word' id='word_1_181' title='bbox 3042 1151 3258 1219; x_wconf 74' lang='grc' dir='ltr'>δέησίν</span> <span class='ocrx_word' id='word_1_182' title='bbox 3283 1170 3403 1221; x_wconf 82' lang='grc' dir='ltr'><strong>μου</strong></span> <span class='ocrx_word' id='word_1_183' title='bbox 3434 1152 3820 1221; x_wconf 74' lang='grc' dir='ltr'>ποιούμενος.</span> <span class='ocrx_word' id='word_1_184' title='bbox 3853 1152 4022 1203; x_wconf 77' lang='grc' dir='ltr'>Ἐστι</span> 
     </span>
    </p>
   </div>
   <div class='ocr_carea' id='block_1_27' title="bbox 2425 1243 4022 1318">
    <p class='ocr_par' dir='ltr' id='par_1_27' title="bbox 2425 1243 4022 1318">
     <span class='ocr_line' id='line_1_27' title="bbox 2425 1243 4022 1318; baseline -0.003 -20"><span class='ocrx_word' id='word_1_185' title='bbox 2425 1246 2533 1318; x_wconf 74' lang='grc' dir='ltr'>γὰρ</span> <span class='ocrx_word' id='word_1_186' title='bbox 2570 1247 2662 1301; x_wconf 74' lang='grc' dir='ltr'><strong>καὶ</strong></span> <span class='ocrx_word' id='word_1_187' title='bbox 2722 1248 2861 1315; x_wconf 77' lang='grc' dir='ltr'><strong>μετά</strong></span> <span class='ocrx_word' id='word_1_188' title='bbox 2884 1245 3065 1316; x_wconf 75' lang='grc' dir='ltr'>λύπης</span> <span class='ocrx_word' id='word_1_189' title='bbox 3104 1244 3441 1315; x_wconf 83' lang='grc' dir='ltr'>μεμνῆσθαι,</span> <span class='ocrx_word' id='word_1_190' title='bbox 3493 1245 3568 1307; x_wconf 86' lang='grc' dir='ltr'><strong>ὡς</strong></span> <span class='ocrx_word' id='word_1_191' title='bbox 3605 1247 3734 1298; x_wconf 81' lang='grc' dir='ltr'>ὅταν</span> <span class='ocrx_word' id='word_1_192' title='bbox 3772 1243 4022 1313; x_wconf 79' lang='grc' dir='ltr'>ἀλλαχοῦ</span> 
     </span>
    </p>
   </div>
   <div class='ocr_carea' id='block_1_28' title="bbox 2426 1336 4026 1409">
    <p class='ocr_par' dir='ltr' id='par_1_28' title="bbox 2426 1336 4026 1409">
     <span class='ocr_line' id='line_1_28' title="bbox 2426 1336 4026 1409; baseline -0.003 -18"><span class='ocrx_word' id='word_1_193' title='bbox 2426 1341 2574 1408; x_wconf 83' lang='grc' dir='ltr'><strong>λέγει</strong></span> <span class='ocrx_word' id='word_1_194' title='bbox 2605 1357 2619 1372; x_wconf 87' lang='grc'><strong>·</strong></span> <span class='ocrx_word' id='word_1_195' title='bbox 2663 1341 2759 1392; x_wconf 82' lang='grc' dir='ltr'>Ἐκ</span> <span class='ocrx_word' id='word_1_196' title='bbox 2821 1337 2933 1409; x_wconf 79' lang='grc' dir='ltr'>γὰρ</span> <span class='ocrx_word' id='word_1_197' title='bbox 2990 1337 3231 1406; x_wconf 72' lang='grc' dir='ltr'>πολλῆς</span> <span class='ocrx_word' id='word_1_198' title='bbox 3287 1338 3552 1406; x_wconf 73' lang='grc' dir='ltr'>θλίψεως</span> <span class='ocrx_word' id='word_1_199' title='bbox 3589 1339 3691 1391; x_wconf 79' lang='grc' dir='ltr'>καὶ</span> <span class='ocrx_word' id='word_1_200' title='bbox 3730 1336 4026 1405; x_wconf 72' lang='grc' dir='ltr'>συνοχῆς</span> 
     </span>
    </p>
   </div>
   <div class='ocr_carea' id='block_1_29' title="bbox 2426 1429 4023 1501">
    <p class='ocr_par' dir='ltr' id='par_1_29' title="bbox 2426 1429 4023 1501">
     <span class='ocr_line' id='line_1_29' title="bbox 2426 1429 4023 1501; baseline -0.003 -17"><span class='ocrx_word' id='word_1_201' title='bbox 2426 1430 2673 1500; x_wconf 75' lang='grc' dir='ltr'><strong>καρδίας</strong></span> <span class='ocrx_word' id='word_1_202' title='bbox 2697 1430 2929 1501; x_wconf 69' lang='grc' dir='ltr'>ἔγραψα</span> <span class='ocrx_word' id='word_1_203' title='bbox 2959 1430 3121 1498; x_wconf 79' lang='grc' dir='ltr'>ὑμῖν.</span> <span class='ocrx_word' id='word_1_204' title='bbox 3144 1429 3308 1482; x_wconf 82' lang='grc' dir='ltr'>Ὥστε</span> <span class='ocrx_word' id='word_1_205' title='bbox 3332 1429 3391 1482; x_wconf 87' lang='grc' dir='ltr'><strong>τὸ</strong></span> <span class='ocrx_word' id='word_1_206' title='bbox 3421 1431 3559 1501; x_wconf 86' lang='grc' dir='ltr'><strong>μετά</strong></span> <span class='ocrx_word' id='word_1_207' title='bbox 3578 1433 3754 1501; x_wconf 73' lang='grc' dir='ltr'>χαρᾶς</span> <span class='ocrx_word' id='word_1_208' title='bbox 3792 1448 3859 1500; x_wconf 83' lang='grc' dir='ltr'><strong>με</strong></span> <span class='ocrx_word' id='word_1_209' title='bbox 3872 1429 4023 1501; x_wconf 77' lang='grc' dir='ltr'>μ.νῆ-</span> 
     </span>
    </p>
   </div>
   <div class='ocr_carea' id='block_1_30' title="bbox 2430 1521 3493 1593">
    <p class='ocr_par' dir='ltr' id='par_1_30' title="bbox 2430 1521 3493 1593">
     <span class='ocr_line' id='line_1_30' title="bbox 2430 1521 3493 1593; baseline 0 -18"><span class='ocrx_word' id='word_1_210' title='bbox 2430 1523 2577 1585; x_wconf 84' lang='grc' dir='ltr'>σθαι,</span> <span class='ocrx_word' id='word_1_211' title='bbox 2615 1525 2842 1593; x_wconf 84' lang='grc' dir='ltr'>σημεῖον</span> <span class='ocrx_word' id='word_1_212' title='bbox 2874 1522 2971 1592; x_wconf 82' lang='grc' dir='ltr'>τῆς</span> <span class='ocrx_word' id='word_1_213' title='bbox 3007 1521 3235 1573; x_wconf 80' lang='grc' dir='ltr'><strong>ἐκείνων</strong></span> <span class='ocrx_word' id='word_1_214' title='bbox 3266 1522 3493 1591; x_wconf 82' lang='grc' dir='ltr'>ἀρετῆς.</span> 
     </span>
    </p>
   </div>
   <div class='ocr_carea' id='block_1_31' title="bbox 2510 1613 4026 1685">
    <p class='ocr_par' dir='ltr' id='par_1_31' title="bbox 2510 1613 4026 1685">
     <span class='ocr_line' id='line_1_31' title="bbox 2510 1613 4026 1685; baseline -0.002 -14"><span class='ocrx_word' id='word_1_215' title='bbox 2510 1617 2639 1671; x_wconf 74' lang='grc' dir='ltr'><strong>Ἐπὶ</strong></span> <span class='ocrx_word' id='word_1_216' title='bbox 2665 1615 2739 1683; x_wconf 78' lang='grc' dir='ltr'>τῇ</span> <span class='ocrx_word' id='word_1_217' title='bbox 2761 1617 3037 1681; x_wconf 81' lang='grc' dir='ltr'><strong>κοινωνίᾳ</strong></span> <span class='ocrx_word' id='word_1_218' title='bbox 3064 1613 3232 1683; x_wconf 83' lang='grc' dir='ltr'>ὑμῶν</span> <span class='ocrx_word' id='word_1_219' title='bbox 3260 1616 3348 1680; x_wconf 84' lang='grc' dir='ltr'><strong>είς</strong></span> <span class='ocrx_word' id='word_1_220' title='bbox 3374 1616 3440 1668; x_wconf 86' lang='grc' dir='ltr'><strong>τὸ</strong></span> <span class='ocrx_word' id='word_1_221' title='bbox 3467 1615 3861 1685; x_wconf 67' lang='grc' dir='ltr'>Εὐαγγέλιον,</span> <span class='ocrx_word' id='word_1_222' title='bbox 3897 1615 4026 1668; x_wconf 72' lang='grc' dir='ltr'>ἀπὸ</span> 
     </span>
    </p>
   </div>
   <div class='ocr_carea' id='block_1_32' title="bbox 2428 1705 4027 1776">
    <p class='ocr_par' dir='ltr' id='par_1_32' title="bbox 2428 1705 4027 1776">
     <span class='ocr_line' id='line_1_32' title="bbox 2428 1705 4027 1776; baseline -0.003 -15"><span class='ocrx_word' id='word_1_223' title='bbox 2428 1708 2664 1776; x_wconf 83' lang='grc' dir='ltr'><strong>πρώτης</strong></span> <span class='ocrx_word' id='word_1_224' title='bbox 2692 1706 2917 1775; x_wconf 73' lang='grc' dir='ltr'>ἡμέρας</span> <span class='ocrx_word' id='word_1_225' title='bbox 2946 1706 3084 1774; x_wconf 79' lang='grc' dir='ltr'>ἄχρι</span> <span class='ocrx_word' id='word_1_226' title='bbox 3112 1705 3220 1758; x_wconf 81' lang='grc' dir='ltr'><strong>τοῦ</strong></span> <span class='ocrx_word' id='word_1_227' title='bbox 3251 1706 3388 1760; x_wconf 79' lang='grc' dir='ltr'>νῦν.</span> <span class='ocrx_word' id='word_1_228' title='bbox 3420 1707 3579 1773; x_wconf 85' lang='grc' dir='ltr'>Μέγα</span> <span class='ocrx_word' id='word_1_229' title='bbox 3602 1708 3791 1770; x_wconf 81' lang='grc' dir='ltr'>αὐτοῖς</span> <span class='ocrx_word' id='word_1_230' title='bbox 3824 1707 4027 1759; x_wconf 77' lang='grc' dir='ltr'>ἐνταῦ-</span> 
     </span>
    </p>
   </div>
   <div class='ocr_carea' id='block_1_33' title="bbox 2432 1798 4025 1872">
    <p class='ocr_par' dir='ltr' id='par_1_33' title="bbox 2432 1798 4025 1872">
     <span class='ocr_line' id='line_1_33' title="bbox 2432 1798 4025 1872; baseline -0.003 -17"><span class='ocrx_word' id='word_1_231' title='bbox 2432 1802 2501 1855; x_wconf 89' lang='grc' dir='ltr'><strong>θα</strong></span> <span class='ocrx_word' id='word_1_232' title='bbox 2515 1802 2955 1872; x_wconf 82' lang='grc' dir='ltr'><strong>προσμαρτυρεῖ,</strong></span> <span class='ocrx_word' id='word_1_233' title='bbox 2978 1802 3071 1853; x_wconf 79' lang='grc' dir='ltr'><strong>καὶ</strong></span> <span class='ocrx_word' id='word_1_234' title='bbox 3089 1798 3449 1853; x_wconf 81' lang='grc' dir='ltr'>ἀποστολικὸν</span> <span class='ocrx_word' id='word_1_235' title='bbox 3469 1799 3545 1869; x_wconf 84' lang='grc' dir='ltr'><strong>τῷ</strong></span> <span class='ocrx_word' id='word_1_236' title='bbox 3568 1801 3702 1862; x_wconf 75' lang='grc' dir='ltr'>ὄντι,</span> <span class='ocrx_word' id='word_1_237' title='bbox 3722 1800 3830 1863; x_wconf 77' lang='grc' dir='ltr'>ὅτι,</span> <span class='ocrx_word' id='word_1_238' title='bbox 3855 1798 4025 1867; x_wconf 57' lang='grc' dir='ltr'>φησι,</span> 
     </span>
    </p>
   </div>
   <div class='ocr_carea' id='block_1_34' title="bbox 742 1881 2411 1962">
    <p class='ocr_par' dir='ltr' id='par_1_34' title="bbox 742 1881 2397 1960">
     <span class='ocr_line' id='line_1_34' title="bbox 742 1881 2397 1960; baseline -0.001 -17"><span class='ocrx_word' id='word_1_239' title='bbox 742 1890 911 1953; x_wconf 82' lang='lat' dir='ltr'><strong>socii,</strong></span> <span class='ocrx_word' id='word_1_240' title='bbox 953 1889 1143 1960; x_wconf 89' lang='lat' dir='ltr'><strong>inquit,</strong></span> <span class='ocrx_word' id='word_1_241' title='bbox 1191 1890 1297 1943; x_wconf 83' lang='lat' dir='ltr'><strong>mei</strong></span> <span class='ocrx_word' id='word_1_242' title='bbox 1328 1889 1481 1954; x_wconf 81' lang='lat' dir='ltr'><strong>estis,</strong></span> <span class='ocrx_word' id='word_1_243' title='bbox 1532 1905 1594 1943; x_wconf 86' lang='lat' dir='ltr'><strong>ac</strong></span> <span class='ocrx_word' id='word_1_244' title='bbox 1625 1888 1917 1958; x_wconf 92' lang='lat' dir='ltr'><strong>participes</strong></span> <span class='ocrx_word' id='word_1_245' title='bbox 1965 1888 2320 1958; x_wconf 90' lang='lat' dir='ltr'><strong>laborumqui</strong></span> <span class='ocrx_word' id='word_1_246' title='bbox 2358 1881 2397 1934; x_wconf 84' lang='grc' dir='ltr'><strong>Β</strong></span> 
     </span>
    </p>
   </div>
   <div class='ocr_carea' id='block_1_35' title="bbox 2359 1881 4028 1962">
    <p class='ocr_par' dir='ltr' id='par_1_35' title="bbox 2359 1881 4028 1962">
     <span class='ocr_line' id='line_1_35' title="bbox 2359 1881 4028 1962; baseline -0.004 -14"><span class='ocrx_word' id='word_1_247' title='bbox 2359 1881 2397 1934; x_wconf 75' lang='grc' dir='ltr'><strong>Β</strong></span> <span class='ocrx_word' id='word_1_248' title='bbox 2428 1895 2523 1947; x_wconf 69' lang='grc' dir='ltr'>καὶ</span> <span class='ocrx_word' id='word_1_249' title='bbox 2560 1893 2821 1947; x_wconf 70' lang='grc' dir='ltr'>Κοινωνοί</span> <span class='ocrx_word' id='word_1_250' title='bbox 2856 1909 2956 1962; x_wconf 90' lang='grc' dir='ltr'><strong>μου</strong></span> <span class='ocrx_word' id='word_1_251' title='bbox 2985 1891 3206 1959; x_wconf 79' lang='grc' dir='ltr'><strong>γίνεσθε</strong></span> <span class='ocrx_word' id='word_1_252' title='bbox 3244 1891 3341 1943; x_wconf 69' lang='grc' dir='ltr'><strong>καὶ</strong></span> <span class='ocrx_word' id='word_1_253' title='bbox 3376 1892 3746 1961; x_wconf 70' lang='grc' dir='ltr'>συμμερισταὶ</span> <span class='ocrx_word' id='word_1_254' title='bbox 3772 1892 3885 1942; x_wconf 76' lang='grc' dir='ltr'>τῶν</span> <span class='ocrx_word' id='word_1_255' title='bbox 3930 1892 4028 1942; x_wconf 72' lang='grc' dir='ltr'><strong>ἐπὶ</strong></span> 
     </span>
    </p>
   </div>
   <div class='ocr_carea' id='block_1_36' title="bbox 741 1978 2317 2049">
    <p class='ocr_par' dir='ltr' id='par_1_36' title="bbox 741 1978 2317 2049">
     <span class='ocr_line' id='line_1_36' title="bbox 741 1978 2317 2049; baseline 0 -16"><span class='ocrx_word' id='word_1_256' title='bbox 741 1982 811 2034; x_wconf 91' lang='lat' dir='ltr'><strong>ob</strong></span> <span class='ocrx_word' id='word_1_257' title='bbox 842 1978 1194 2049; x_wconf 80' lang='lat' dir='ltr'><strong>Evangelium</strong></span> <span class='ocrx_word' id='word_1_258' title='bbox 1224 1988 1547 2037; x_wconf 87' lang='lat' dir='ltr'><strong>sumuntur:</strong></span> <span class='ocrx_word' id='word_1_259' title='bbox 1582 1996 1687 2035; x_wconf 92' lang='lat' dir='ltr'><strong>non</strong></span> <span class='ocrx_word' id='word_1_260' title='bbox 1717 1995 1823 2034; x_wconf 92' lang='lat' dir='ltr'><strong>una</strong></span> <span class='ocrx_word' id='word_1_261' title='bbox 1859 1989 1953 2033; x_wconf 88' lang='lat' dir='ltr'><strong>aut</strong></span> <span class='ocrx_word' id='word_1_262' title='bbox 1982 1980 2150 2035; x_wconf 88' lang='lat' dir='ltr'><strong>altera</strong></span> <span class='ocrx_word' id='word_1_263' title='bbox 2183 1981 2317 2046; x_wconf 86' lang='lat' dir='ltr'><strong>vice,</strong></span> 
     </span>
    </p>
   </div>
   <div class='ocr_carea' id='block_1_37' title="bbox 743 2072 2320 2141">
    <p class='ocr_par' dir='ltr' id='par_1_37' title="bbox 743 2072 2320 2141">
     <span class='ocr_line' id='line_1_37' title="bbox 743 2072 2320 2141; baseline 0.001 -16"><span class='ocrx_word' id='word_1_264' title='bbox 743 2085 1001 2127; x_wconf 70' lang='lat' dir='ltr'><strong>caeterum</strong></span> <span class='ocrx_word' id='word_1_265' title='bbox 1037 2087 1065 2125; x_wconf 89' lang='lat' dir='ltr'><strong>a</strong></span> <span class='ocrx_word' id='word_1_266' title='bbox 1101 2082 1341 2140; x_wconf 89' lang='lat' dir='ltr'><strong>tempore</strong></span> <span class='ocrx_word' id='word_1_267' title='bbox 1378 2087 1486 2140; x_wconf 91' lang='lat' dir='ltr'><strong>quo</strong></span> <span class='ocrx_word' id='word_1_268' title='bbox 1522 2072 1834 2127; x_wconf 87' lang='lat' dir='ltr'><strong>credidistis</strong></span> <span class='ocrx_word' id='word_1_269' title='bbox 1888 2072 1939 2126; x_wconf 92' lang='lat' dir='ltr'><strong>in</strong></span> <span class='ocrx_word' id='word_1_270' title='bbox 1976 2073 2119 2126; x_wconf 92' lang='lat' dir='ltr'><strong>hunc</strong></span> <span class='ocrx_word' id='word_1_271' title='bbox 2146 2088 2320 2141; x_wconf 86' lang='lat' dir='ltr'><strong>usque</strong></span> 
     </span>
    </p>
   </div>
   <div class='ocr_carea' id='block_1_38' title="bbox 743 2161 2321 2231">
    <p class='ocr_par' dir='ltr' id='par_1_38' title="bbox 743 2161 2321 2231">
     <span class='ocr_line' id='line_1_38' title="bbox 743 2161 2321 2231; baseline 0 -15"><span class='ocrx_word' id='word_1_272' title='bbox 743 2166 908 2217; x_wconf 80' lang='lat' dir='ltr'><strong>diem.</strong></span> <span class='ocrx_word' id='word_1_273' title='bbox 963 2163 1245 2231; x_wconf 85' lang='lat' dir='ltr'><strong>Quomodo</strong></span> <span class='ocrx_word' id='word_1_274' title='bbox 1298 2173 1478 2218; x_wconf 89' lang='lat' dir='ltr'><strong>autem</strong></span> <span class='ocrx_word' id='word_1_275' title='bbox 1540 2162 1991 2218; x_wconf 81' lang='lat' dir='ltr'><strong>communicatis?</strong></span> <span class='ocrx_word' id='word_1_276' title='bbox 2045 2161 2321 2217; x_wconf 76' lang='lat' dir='ltr'><strong>Mittenles</strong></span> 
     </span>
    </p>
   </div>
   <div class='ocr_carea' id='block_1_39' title="bbox 745 2253 2319 2324">
    <p class='ocr_par' dir='ltr' id='par_1_39' title="bbox 745 2253 2319 2324">
     <span class='ocr_line' id='line_1_39' title="bbox 745 2253 2319 2324; baseline 0.001 -17"><span class='ocrx_word' id='word_1_277' title='bbox 745 2256 875 2308; x_wconf 89' lang='lat' dir='ltr'><strong>mihi</strong></span> <span class='ocrx_word' id='word_1_278' title='bbox 912 2256 1242 2319; x_wconf 82' lang='lat' dir='ltr'><strong>necessaria,</strong></span> <span class='ocrx_word' id='word_1_279' title='bbox 1277 2256 1495 2323; x_wconf 79' lang='lat' dir='ltr'><strong>meique</strong></span> <span class='ocrx_word' id='word_1_280' title='bbox 1515 2269 1703 2308; x_wconf 91' lang='lat' dir='ltr'><strong>curam</strong></span> <span class='ocrx_word' id='word_1_281' title='bbox 1734 2263 2002 2324; x_wconf 79' lang='lat' dir='ltr'><strong>gerentes.</strong></span> <span class='ocrx_word' id='word_1_282' title='bbox 2038 2253 2139 2321; x_wconf 88' lang='lat' dir='ltr'><strong>Qui</strong></span> <span class='ocrx_word' id='word_1_283' title='bbox 2174 2254 2319 2310; x_wconf 90' lang='lat' dir='ltr'><strong>enim</strong></span> 
     </span>
    </p>
   </div>
   <div class='ocr_carea' id='block_1_40' title="bbox 744 2347 2322 2418">
    <p class='ocr_par' dir='ltr' id='par_1_40' title="bbox 744 2347 2322 2418">
     <span class='ocr_line' id='line_1_40' title="bbox 744 2347 2322 2418; baseline -0.002 -15"><span class='ocrx_word' id='word_1_284' title='bbox 744 2348 871 2403; x_wconf 80' lang='lat' dir='ltr'><strong>boni</strong></span> <span class='ocrx_word' id='word_1_285' title='bbox 918 2349 1210 2418; x_wconf 84' lang='lat' dir='ltr'><strong>quidquam</strong></span> <span class='ocrx_word' id='word_1_286' title='bbox 1259 2347 1549 2402; x_wconf 89' lang='lat' dir='ltr'><strong>attentanti</strong></span> <span class='ocrx_word' id='word_1_287' title='bbox 1599 2348 1911 2411; x_wconf 80' lang='lat' dir='ltr'><strong>auxiliatur,</strong></span> <span class='ocrx_word' id='word_1_288' title='bbox 1964 2348 2322 2415; x_wconf 87' lang='lat' dir='ltr'><strong>omnibusque</strong></span> 
     </span>
    </p>
   </div>
   <div class='ocr_carea' id='block_1_41' title="bbox 748 2443 2321 2514">
    <p class='ocr_par' dir='ltr' id='par_1_41' title="bbox 748 2443 2321 2514">
     <span class='ocr_line' id='line_1_41' title="bbox 748 2443 2321 2514; baseline 0.001 -17"><span class='ocrx_word' id='word_1_289' title='bbox 748 2445 920 2499; x_wconf 90' lang='lat' dir='ltr'><strong>modis</strong></span> <span class='ocrx_word' id='word_1_290' title='bbox 943 2446 1236 2508; x_wconf 80' lang='lat' dir='ltr'><strong>succurrit,</strong></span> <span class='ocrx_word' id='word_1_291' title='bbox 1272 2444 1543 2514; x_wconf 78' lang='lat' dir='ltr'><strong>particeps</strong></span> <span class='ocrx_word' id='word_1_292' title='bbox 1584 2444 1633 2497; x_wconf 82' lang='lat' dir='ltr'><strong>ei</strong></span> <span class='ocrx_word' id='word_1_293' title='bbox 1672 2445 1729 2497; x_wconf 85' lang='lat' dir='ltr'><strong>lit</strong></span> <span class='ocrx_word' id='word_1_294' title='bbox 1757 2445 1960 2514; x_wconf 88' lang='lat' dir='ltr'><strong>operis.</strong></span> <span class='ocrx_word' id='word_1_295' title='bbox 1993 2443 2087 2499; x_wconf 91' lang='lat' dir='ltr'><strong>Sic</strong></span> <span class='ocrx_word' id='word_1_296' title='bbox 2114 2444 2188 2499; x_wconf 91' lang='lat' dir='ltr'><strong>illi</strong></span> <span class='ocrx_word' id='word_1_297' title='bbox 2228 2444 2321 2514; x_wconf 91' lang='lat' dir='ltr'><strong>qui</strong></span> 
     </span>
    </p>
   </div>
   <div class='ocr_carea' id='block_1_42' title="bbox 751 2536 2324 2607">
    <p class='ocr_par' dir='ltr' id='par_1_42' title="bbox 751 2536 2324 2607">
     <span class='ocr_line' id='line_1_42' title="bbox 751 2536 2324 2607; baseline 0.003 -20"><span class='ocrx_word' id='word_1_298' title='bbox 751 2536 1085 2607; x_wconf 86' lang='lat' dir='ltr'><strong>martyribus</strong></span> <span class='ocrx_word' id='word_1_299' title='bbox 1132 2537 1443 2607; x_wconf 80' lang='lat' dir='ltr'><strong>provident,</strong></span> <span class='ocrx_word' id='word_1_300' title='bbox 1472 2536 1557 2590; x_wconf 82' lang='lat' dir='ltr'><strong>vel</strong></span> <span class='ocrx_word' id='word_1_301' title='bbox 1607 2536 1663 2591; x_wconf 89' lang='lat' dir='ltr'><strong>iu</strong></span> <span class='ocrx_word' id='word_1_302' title='bbox 1694 2550 1878 2591; x_wconf 89' lang='lat' dir='ltr'><strong>eremo</strong></span> <span class='ocrx_word' id='word_1_303' title='bbox 1922 2536 2324 2591; x_wconf 80' lang='lat' dir='ltr'><strong>diversantibus</strong></span> 
     </span>
    </p>
   </div>
   <div class='ocr_carea' id='block_1_43' title="bbox 746 2626 2320 2696">
    <p class='ocr_par' dir='ltr' id='par_1_43' title="bbox 746 2626 2320 2696">
     <span class='ocr_line' id='line_1_43' title="bbox 746 2626 2320 2696; baseline -0.001 -15"><span class='ocrx_word' id='word_1_304' title='bbox 746 2643 961 2683; x_wconf 71' lang='lat' dir='ltr'><strong>omnem</strong></span> <span class='ocrx_word' id='word_1_305' title='bbox 987 2630 1232 2683; x_wconf 86' lang='lat' dir='ltr'><strong>adimunt</strong></span> <span class='ocrx_word' id='word_1_306' title='bbox 1262 2627 1440 2683; x_wconf 76' lang='lat' dir='ltr'><strong>saeculi</strong></span> <span class='ocrx_word' id='word_1_307' title='bbox 1461 2642 1646 2680; x_wconf 90' lang='lat' dir='ltr'><strong>curam</strong></span> <span class='ocrx_word' id='word_1_308' title='bbox 1671 2668 1685 2691; x_wconf 93' lang='lat'><strong>,</strong></span> <span class='ocrx_word' id='word_1_309' title='bbox 1718 2642 1782 2681; x_wconf 92' lang='lat' dir='ltr'><strong>ac</strong></span> <span class='ocrx_word' id='word_1_310' title='bbox 1810 2626 2123 2681; x_wconf 81' lang='lat' dir='ltr'><strong>doctoribus</strong></span> <span class='ocrx_word' id='word_1_311' title='bbox 2144 2626 2235 2696; x_wconf 89' lang='lat' dir='ltr'><strong>qui</strong></span> <span class='ocrx_word' id='word_1_312' title='bbox 2269 2626 2320 2680; x_wconf 90' lang='lat' dir='ltr'><strong>in</strong></span> 
     </span>
    </p>
   </div>
   <div class='ocr_carea' id='block_1_44' title="bbox 747 2719 2316 2789">
    <p class='ocr_par' dir='ltr' id='par_1_44' title="bbox 747 2719 2316 2789">
     <span class='ocr_line' id='line_1_44' title="bbox 747 2719 2316 2789; baseline -0.001 -15"><span class='ocrx_word' id='word_1_313' title='bbox 747 2735 913 2775; x_wconf 89' lang='lat' dir='ltr'><strong>causa</strong></span> <span class='ocrx_word' id='word_1_314' title='bbox 948 2730 1072 2775; x_wconf 91' lang='lat' dir='ltr'><strong>sunt</strong></span> <span class='ocrx_word' id='word_1_315' title='bbox 1107 2729 1164 2773; x_wconf 93' lang='lat' dir='ltr'><strong>ut</strong></span> <span class='ocrx_word' id='word_1_316' title='bbox 1212 2735 1322 2773; x_wconf 90' lang='lat' dir='ltr'><strong>non</strong></span> <span class='ocrx_word' id='word_1_317' title='bbox 1375 2719 1767 2786; x_wconf 74' lang='lat' dir='ltr'><strong>distrahantur,</strong></span> <span class='ocrx_word' id='word_1_318' title='bbox 1798 2734 2121 2775; x_wconf 90' lang='lat' dir='ltr'><strong>coronarum</strong></span> <span class='ocrx_word' id='word_1_319' title='bbox 2152 2720 2316 2789; x_wconf 81' lang='lat' dir='ltr'><strong>parti-</strong></span> 
     </span>
    </p>
   </div>
   <div class='ocr_carea' id='block_1_45' title="bbox 749 2810 1259 2879">
    <p class='ocr_par' dir='ltr' id='par_1_45' title="bbox 749 2810 1259 2879">
     <span class='ocr_line' id='line_1_45' title="bbox 749 2810 1259 2879; baseline -0.002 -15"><span class='ocrx_word' id='word_1_320' title='bbox 749 2810 901 2879; x_wconf 85' lang='lat' dir='ltr'><strong>cipes</strong></span> <span class='ocrx_word' id='word_1_321' title='bbox 941 2812 1259 2864; x_wconf 90' lang='lat' dir='ltr'><strong>redduntur.</strong></span> 
     </span>
    </p>
   </div>
   <div class='ocr_carea' id='block_1_46' title="bbox 826 2902 2323 2974">
    <p class='ocr_par' dir='ltr' id='par_1_46' title="bbox 826 2902 2323 2974">
     <span class='ocr_line' id='line_1_46' title="bbox 826 2902 2323 2974; baseline 0.002 -20"><span class='ocrx_word' id='word_1_322' title='bbox 826 2903 986 2957; x_wconf 68' lang='lat' dir='ltr'><strong>Vnus.</strong></span> <span class='ocrx_word' id='word_1_323' title='bbox 1012 2902 1067 2957; x_wconf 84' lang='lat'><strong>6.</strong></span> <span class='ocrx_word' id='word_1_324' title='bbox 1095 2902 1376 2971; x_wconf 75' lang='lat' dir='ltr'><strong>Conﬁdens</strong></span> <span class='ocrx_word' id='word_1_325' title='bbox 1405 2904 1501 2958; x_wconf 84' lang='lat' dir='ltr'><strong>hoc</strong></span> <span class='ocrx_word' id='word_1_326' title='bbox 1539 2906 1727 2971; x_wconf 82' lang='lat' dir='ltr'><strong>ipsum,</strong></span> <span class='ocrx_word' id='word_1_327' title='bbox 1766 2903 1906 2973; x_wconf 83' lang='lat' dir='ltr'><strong>quod</strong></span> <span class='ocrx_word' id='word_1_328' title='bbox 1935 2904 2025 2974; x_wconf 87' lang='lat' dir='ltr'><strong>qui</strong></span> <span class='ocrx_word' id='word_1_329' title='bbox 2058 2905 2208 2972; x_wconf 73' lang='lat' dir='ltr'><strong>coepit</strong></span> <span class='ocrx_word' id='word_1_330' title='bbox 2264 2902 2323 2957; x_wconf 82' lang='lat' dir='ltr'><strong>in</strong></span> 
     </span>
    </p>
   </div>
   <div class='ocr_carea' id='block_1_47' title="bbox 746 2994 2327 3065">
    <p class='ocr_par' dir='ltr' id='par_1_47' title="bbox 746 2994 2327 3065">
     <span class='ocr_line' id='line_1_47' title="bbox 746 2994 2327 3065; baseline -0.001 -16"><span class='ocrx_word' id='word_1_331' title='bbox 746 2995 892 3049; x_wconf 73' lang='lat' dir='ltr'><strong>vobis</strong></span> <span class='ocrx_word' id='word_1_332' title='bbox 927 2995 1119 3046; x_wconf 89' lang='lat' dir='ltr'><strong>bonum</strong></span> <span class='ocrx_word' id='word_1_333' title='bbox 1140 3010 1294 3061; x_wconf 87' lang='lat' dir='ltr'><strong>opus,</strong></span> <span class='ocrx_word' id='word_1_334' title='bbox 1336 2994 1588 3063; x_wconf 78' lang='lat' dir='ltr'><strong>perﬁciet.</strong></span> <span class='ocrx_word' id='word_1_335' title='bbox 1626 2994 1845 3050; x_wconf 88' lang='lat' dir='ltr'><strong>Gratias</strong></span> <span class='ocrx_word' id='word_1_336' title='bbox 1878 3010 2000 3065; x_wconf 89' lang='lat' dir='ltr'><strong>ago,</strong></span> <span class='ocrx_word' id='word_1_337' title='bbox 2030 2994 2226 3063; x_wconf 88' lang='lat' dir='ltr'><strong>inquit,</strong></span> <span class='ocrx_word' id='word_1_338' title='bbox 2271 3003 2327 3047; x_wconf 90' lang='lat' dir='ltr'><strong>et</strong></span> 
     </span>
    </p>
   </div>
   <div class='ocr_carea' id='block_1_48' title="bbox 750 3082 2323 3154">
    <p class='ocr_par' dir='ltr' id='par_1_48' title="bbox 750 3082 2323 3154">
     <span class='ocr_line' id='line_1_48' title="bbox 750 3082 2323 3154; baseline -0.001 -18"><span class='ocrx_word' id='word_1_339' title='bbox 750 3085 925 3148; x_wconf 70' lang='lat' dir='ltr'><strong>laetor,</strong></span> <span class='ocrx_word' id='word_1_340' title='bbox 948 3082 1229 3138; x_wconf 85' lang='lat' dir='ltr'><strong>confidens</strong></span> <span class='ocrx_word' id='word_1_341' title='bbox 1257 3082 1401 3151; x_wconf 91' lang='lat' dir='ltr'><strong>quod</strong></span> <span class='ocrx_word' id='word_1_342' title='bbox 1433 3084 1594 3149; x_wconf 86' lang='lat' dir='ltr'><strong>Deus,</strong></span> <span class='ocrx_word' id='word_1_343' title='bbox 1620 3086 1711 3154; x_wconf 91' lang='lat' dir='ltr'><strong>qui</strong></span> <span class='ocrx_word' id='word_1_344' title='bbox 1738 3084 1791 3137; x_wconf 93' lang='lat' dir='ltr'><strong>in</strong></span> <span class='ocrx_word' id='word_1_345' title='bbox 1821 3083 1971 3138; x_wconf 83' lang='lat' dir='ltr'><strong>vobis</strong></span> <span class='ocrx_word' id='word_1_346' title='bbox 1992 3083 2132 3138; x_wconf 90' lang='lat' dir='ltr'><strong>bona</strong></span> <span class='ocrx_word' id='word_1_347' title='bbox 2160 3097 2323 3153; x_wconf 90' lang='lat' dir='ltr'><strong>opera</strong></span> 
     </span>
    </p>
   </div>
   <div class='ocr_carea' id='block_1_49' title="bbox 750 3172 2327 3245">
    <p class='ocr_par' dir='ltr' id='par_1_49' title="bbox 750 3172 2327 3245">
     <span class='ocr_line' id='line_1_49' title="bbox 750 3172 2327 3245; baseline 0.002 -17"><span class='ocrx_word' id='word_1_348' title='bbox 750 3173 931 3229; x_wconf 89' lang='lat' dir='ltr'><strong>facere</strong></span> <span class='ocrx_word' id='word_1_349' title='bbox 969 3172 1194 3241; x_wconf 85' lang='lat' dir='ltr'><strong>incepit,</strong></span> <span class='ocrx_word' id='word_1_350' title='bbox 1237 3174 1355 3241; x_wconf 89' lang='lat' dir='ltr'><strong>ipse</strong></span> <span class='ocrx_word' id='word_1_351' title='bbox 1405 3172 1569 3228; x_wconf 91' lang='lat' dir='ltr'><strong>etiam</strong></span> <span class='ocrx_word' id='word_1_352' title='bbox 1614 3174 1905 3243; x_wconf 77' lang='lat' dir='ltr'><strong>complebit</strong></span> <span class='ocrx_word' id='word_1_353' title='bbox 1941 3188 2009 3229; x_wconf 90' lang='lat' dir='ltr'><strong>:a</strong></span> <span class='ocrx_word' id='word_1_354' title='bbox 2039 3173 2327 3245; x_wconf 75' lang='lat' dir='ltr'><strong>praeteritis</strong></span> 
     </span>
    </p>
   </div>
   <div class='ocr_carea' id='block_1_50' title="bbox 2427 1979 4030 2053">
    <p class='ocr_par' dir='ltr' id='par_1_50' title="bbox 2427 1979 4030 2053">
     <span class='ocr_line' id='line_1_50' title="bbox 2427 1979 4030 2053; baseline -0.004 -17"><span class='ocrx_word' id='word_1_355' title='bbox 2427 1981 2505 2053; x_wconf 83' lang='grc' dir='ltr'>τῷ</span> <span class='ocrx_word' id='word_1_356' title='bbox 2567 1980 2888 2051; x_wconf 76' lang='grc' dir='ltr'>Εὑαγγελίῳ</span> <span class='ocrx_word' id='word_1_357' title='bbox 2927 1980 3105 2034; x_wconf 81' lang='grc' dir='ltr'>πόνων</span> <span class='ocrx_word' id='word_1_358' title='bbox 3136 1998 3148 2009; x_wconf 92' lang='grc'><strong>·</strong></span> <span class='ocrx_word' id='word_1_359' title='bbox 3200 1980 3300 2051; x_wconf 82' lang='grc' dir='ltr'><strong>οὐχ</strong></span> <span class='ocrx_word' id='word_1_360' title='bbox 3332 1980 3426 2034; x_wconf 72' lang='grc' dir='ltr'>ἕνα</span> <span class='ocrx_word' id='word_1_361' title='bbox 3464 1980 3678 2050; x_wconf 76' lang='grc' dir='ltr'>χρόνον,</span> <span class='ocrx_word' id='word_1_362' title='bbox 3727 1980 3850 2031; x_wconf 69' lang='grc' dir='ltr'>οὐδὲ</span> <span class='ocrx_word' id='word_1_363' title='bbox 3903 1979 4030 2031; x_wconf 72' lang='grc' dir='ltr'>δεῦ-</span> 
     </span>
    </p>
   </div>
   <div class='ocr_carea' id='block_1_51' title="bbox 2425 2067 4029 2146">
    <p class='ocr_par' dir='ltr' id='par_1_51' title="bbox 2425 2067 4029 2146">
     <span class='ocr_line' id='line_1_51' title="bbox 2425 2067 4029 2146; baseline -0.002 -19"><span class='ocrx_word' id='word_1_364' title='bbox 2425 2092 2585 2146; x_wconf 85' lang='grc' dir='ltr'>τερον</span> <span class='ocrx_word' id='word_1_365' title='bbox 2606 2077 2671 2137; x_wconf 70' lang='grc'>⁸⁷,</span> <span class='ocrx_word' id='word_1_366' title='bbox 2693 2075 2805 2127; x_wconf 80' lang='grc' dir='ltr'>ἀλλ’</span> <span class='ocrx_word' id='word_1_367' title='bbox 2831 2074 2923 2141; x_wconf 64' lang='grc' dir='ltr'><strong>ἀφ’</strong></span> <span class='ocrx_word' id='word_1_368' title='bbox 2942 2067 3003 2126; x_wconf 74' lang='grc' dir='ltr'><strong>οὗ</strong></span> <span class='ocrx_word' id='word_1_369' title='bbox 3035 2072 3398 2127; x_wconf 76' lang='grc' dir='ltr'><strong>ἐπιστεύσατε</strong></span> <span class='ocrx_word' id='word_1_370' title='bbox 3432 2073 3591 2142; x_wconf 80' lang='grc' dir='ltr'>μέχρι</span> <span class='ocrx_word' id='word_1_371' title='bbox 3620 2072 3712 2125; x_wconf 88' lang='grc' dir='ltr'><strong>τοῦ</strong></span> <span class='ocrx_word' id='word_1_372' title='bbox 3736 2071 3852 2127; x_wconf 82' lang='grc' dir='ltr'>νῦν.</span> <span class='ocrx_word' id='word_1_373' title='bbox 3894 2072 4029 2136; x_wconf 82' lang='grc' dir='ltr'>Πῶς</span> 
     </span>
    </p>
   </div>
   <div class='ocr_carea' id='block_1_52' title="bbox 2426 2163 4029 2235">
    <p class='ocr_par' dir='ltr' id='par_1_52' title="bbox 2426 2163 4029 2235">
     <span class='ocr_line' id='line_1_52' title="bbox 2426 2163 4029 2235; baseline -0.002 -16"><span class='ocrx_word' id='word_1_374' title='bbox 2426 2166 2483 2219; x_wconf 72' lang='grc' dir='ltr'>δὲ</span> <span class='ocrx_word' id='word_1_375' title='bbox 2504 2168 2842 2231; x_wconf 82' lang='grc' dir='ltr'>κοινωνεῖτε;</span> <span class='ocrx_word' id='word_1_376' title='bbox 2885 2164 3205 2235; x_wconf 79' lang='grc' dir='ltr'>[Ιέμποντές</span> <span class='ocrx_word' id='word_1_377' title='bbox 3234 2182 3323 2235; x_wconf 89' lang='grc' dir='ltr'><strong>μοι</strong></span> <span class='ocrx_word' id='word_1_378' title='bbox 3352 2166 3422 2217; x_wconf 71' lang='grc' dir='ltr'>τὰ</span> <span class='ocrx_word' id='word_1_379' title='bbox 3454 2165 3589 2233; x_wconf 86' lang='grc' dir='ltr'>πρὸς</span> <span class='ocrx_word' id='word_1_380' title='bbox 3624 2163 3814 2234; x_wconf 91' lang='grc' dir='ltr'>χρείαν</span> <span class='ocrx_word' id='word_1_381' title='bbox 3848 2163 4029 2235; x_wconf 78' lang='grc' dir='ltr'>[χρη-</span> 
     </span>
    </p>
   </div>
   <div class='ocr_carea' id='block_1_53' title="bbox 2428 2254 4024 2327">
    <p class='ocr_par' dir='ltr' id='par_1_53' title="bbox 2428 2254 4024 2327">
     <span class='ocr_line' id='line_1_53' title="bbox 2428 2254 4024 2327; baseline -0.001 -18"><span class='ocrx_word' id='word_1_382' title='bbox 2428 2254 2665 2327; x_wconf 79' lang='grc' dir='ltr'>ζομένῳ]</span> <span class='ocrx_word' id='word_1_383' title='bbox 2685 2257 2778 2311; x_wconf 81' lang='grc' dir='ltr'>καὶ</span> <span class='ocrx_word' id='word_1_384' title='bbox 2806 2255 3094 2326; x_wconf 79' lang='grc' dir='ltr'>κὴδόμενοί</span> <span class='ocrx_word' id='word_1_385' title='bbox 3112 2274 3233 2326; x_wconf 89' lang='grc' dir='ltr'>μου.</span> <span class='ocrx_word' id='word_1_386' title='bbox 3254 2256 3313 2309; x_wconf 85' lang='grc' dir='ltr'>Ὀ</span> <span class='ocrx_word' id='word_1_387' title='bbox 3337 2256 3445 2325; x_wconf 82' lang='grc' dir='ltr'><strong>γάρ</strong></span> <span class='ocrx_word' id='word_1_388' title='bbox 3470 2255 3549 2325; x_wconf 82' lang='grc' dir='ltr'>τῷ</span> <span class='ocrx_word' id='word_1_389' title='bbox 3573 2255 3736 2309; x_wconf 87' lang='grc' dir='ltr'>καλόν</span> <span class='ocrx_word' id='word_1_390' title='bbox 3760 2272 3817 2306; x_wconf 87' lang='grc' dir='ltr'><strong>τι</strong></span> <span class='ocrx_word' id='word_1_391' title='bbox 3842 2269 4024 2323; x_wconf 71' lang='grc' dir='ltr'>μετα-</span> 
     </span>
    </p>
   </div>
   <div class='ocr_carea' id='block_1_54' title="bbox 2428 2346 4028 2417">
    <p class='ocr_par' dir='ltr' id='par_1_54' title="bbox 2428 2346 4028 2417">
     <span class='ocr_line' id='line_1_54' title="bbox 2428 2346 4028 2417; baseline -0.002 -16"><span class='ocrx_word' id='word_1_392' title='bbox 2428 2348 2786 2417; x_wconf 82' lang='grc' dir='ltr'>χειριζομὲνῳ</span> <span class='ocrx_word' id='word_1_393' title='bbox 2831 2346 3132 2417; x_wconf 86' lang='grc' dir='ltr'>συνεργῶν,</span> <span class='ocrx_word' id='word_1_394' title='bbox 3189 2347 3284 2401; x_wconf 76' lang='grc' dir='ltr'><strong>καὶ</strong></span> <span class='ocrx_word' id='word_1_395' title='bbox 3340 2346 3551 2416; x_wconf 79' lang='grc' dir='ltr'><strong>βοηθῶν</strong></span> <span class='ocrx_word' id='word_1_396' title='bbox 3581 2348 3715 2400; x_wconf 74' lang='grc' dir='ltr'>πᾶσι</span> <span class='ocrx_word' id='word_1_397' title='bbox 3759 2349 4028 2416; x_wconf 77' lang='grc' dir='ltr'>τρόποις,</span> 
     </span>
    </p>
   </div>
   <div class='ocr_carea' id='block_1_55' title="bbox 2432 2435 4029 2508">
    <p class='ocr_par' dir='ltr' id='par_1_55' title="bbox 2432 2435 4029 2508">
     <span class='ocr_line' id='line_1_55' title="bbox 2432 2435 4029 2508; baseline -0.002 -19"><span class='ocrx_word' id='word_1_398' title='bbox 2432 2436 2696 2508; x_wconf 72' lang='grc' dir='ltr'><strong>μεριστῆς</strong></span> <span class='ocrx_word' id='word_1_399' title='bbox 2730 2436 2881 2506; x_wconf 80' lang='grc' dir='ltr'>αὐτῷ</span> <span class='ocrx_word' id='word_1_400' title='bbox 2916 2435 3013 2489; x_wconf 88' lang='grc' dir='ltr'><strong>τοῦ</strong></span> <span class='ocrx_word' id='word_1_401' title='bbox 3052 2436 3218 2507; x_wconf 75' lang='grc' dir='ltr'>ἔργου</span> <span class='ocrx_word' id='word_1_402' title='bbox 3267 2436 3501 2504; x_wconf 86' lang='grc' dir='ltr'>γίνεται.</span> <span class='ocrx_word' id='word_1_403' title='bbox 3550 2435 3707 2488; x_wconf 77' lang='grc' dir='ltr'>Οὕτω</span> <span class='ocrx_word' id='word_1_404' title='bbox 3755 2437 3851 2487; x_wconf 71' lang='grc' dir='ltr'><strong>καὶ</strong></span> <span class='ocrx_word' id='word_1_405' title='bbox 3906 2436 4029 2494; x_wconf 80' lang='grc' dir='ltr'>τοῖς</span> 
     </span>
    </p>
   </div>
   <div class='ocr_carea' id='block_1_56' title="bbox 2432 2526 4029 2601">
    <p class='ocr_par' dir='ltr' id='par_1_56' title="bbox 2432 2526 4029 2601">
     <span class='ocr_line' id='line_1_56' title="bbox 2432 2526 4029 2601; baseline -0.003 -19"><span class='ocrx_word' id='word_1_406' title='bbox 2432 2530 2723 2601; x_wconf 88' lang='grc' dir='ltr'>μάρτυσιν,</span> <span class='ocrx_word' id='word_1_407' title='bbox 2745 2529 2793 2581; x_wconf 89' lang='grc' dir='ltr'>οἱ</span> <span class='ocrx_word' id='word_1_408' title='bbox 2812 2527 3040 2591; x_wconf 80' lang='grc' dir='ltr'>τούτους</span> <span class='ocrx_word' id='word_1_409' title='bbox 3066 2527 3356 2599; x_wconf 86' lang='grc' dir='ltr'>μελοῦντες</span> <span class='ocrx_word' id='word_1_410' title='bbox 3388 2526 3453 2592; x_wconf 74' lang='grc'><strong>⁸⁸,</strong></span> <span class='ocrx_word' id='word_1_411' title='bbox 3489 2527 3716 2589; x_wconf 78' lang='grc' dir='ltr'>καὶτοῖς</span> <span class='ocrx_word' id='word_1_412' title='bbox 3739 2527 4029 2595; x_wconf 78' lang='grc' dir='ltr'>ἀσκηταῖς</span> 
     </span>
    </p>
   </div>
   <div class='ocr_carea' id='block_1_57' title="bbox 2428 2616 4031 2690">
    <p class='ocr_par' dir='ltr' id='par_1_57' title="bbox 2428 2616 4031 2690">
     <span class='ocr_line' id='line_1_57' title="bbox 2428 2616 4031 2690; baseline -0.004 -17"><span class='ocrx_word' id='word_1_413' title='bbox 2428 2622 2476 2674; x_wconf 82' lang='grc' dir='ltr'><strong>οι</strong></span> <span class='ocrx_word' id='word_1_414' title='bbox 2505 2622 2685 2673; x_wconf 80' lang='grc' dir='ltr'>πᾶσαν</span> <span class='ocrx_word' id='word_1_415' title='bbox 2738 2620 3077 2690; x_wconf 80' lang='grc' dir='ltr'><strong>ἀμεριμνίαν</strong></span> <span class='ocrx_word' id='word_1_416' title='bbox 3134 2618 3321 2681; x_wconf 77' lang='grc' dir='ltr'>αὐτοῖς</span> <span class='ocrx_word' id='word_1_417' title='bbox 3357 2616 3738 2688; x_wconf 73' lang='grc' dir='ltr'><strong>ἐμποιοῦντες,</strong></span> <span class='ocrx_word' id='word_1_418' title='bbox 3773 2616 3869 2668; x_wconf 75' lang='grc' dir='ltr'>καὶ</span> <span class='ocrx_word' id='word_1_419' title='bbox 3906 2618 4031 2678; x_wconf 75' lang='grc' dir='ltr'>τοῖς</span> 
     </span>
    </p>
   </div>
   <div class='ocr_carea' id='block_1_58' title="bbox 2432 2706 4029 2780">
    <p class='ocr_par' dir='ltr' id='par_1_58' title="bbox 2432 2706 4029 2780">
     <span class='ocr_line' id='line_1_58' title="bbox 2432 2706 4029 2780; baseline -0.004 -16"><span class='ocrx_word' id='word_1_420' title='bbox 2432 2710 2775 2774; x_wconf 70' lang='grc' dir='ltr'>διδασκάλοις</span> <span class='ocrx_word' id='word_1_421' title='bbox 2838 2712 2887 2763; x_wconf 76' lang='grc' dir='ltr'><strong>οἱ</strong></span> <span class='ocrx_word' id='word_1_422' title='bbox 2938 2710 3391 2780; x_wconf 78' lang='grc' dir='ltr'>ἀπερισπάστους</span> <span class='ocrx_word' id='word_1_423' title='bbox 3435 2710 3634 2773; x_wconf 70' lang='grc' dir='ltr'>αὐτοὺς</span> <span class='ocrx_word' id='word_1_424' title='bbox 3705 2706 4029 2772; x_wconf 80' lang='grc' dir='ltr'>ποιοῦντες,</span> 
     </span>
    </p>
   </div>
   <div class='ocr_carea' id='block_1_59' title="bbox 2433 2800 3456 2870">
    <p class='ocr_par' dir='ltr' id='par_1_59' title="bbox 2433 2800 3456 2870">
     <span class='ocr_line' id='line_1_59' title="bbox 2433 2800 3456 2870; baseline 0.003 -17"><span class='ocrx_word' id='word_1_425' title='bbox 2433 2800 2684 2855; x_wconf 78' lang='grc' dir='ltr'>κοινωνοὶ</span> <span class='ocrx_word' id='word_1_426' title='bbox 2720 2800 2831 2854; x_wconf 84' lang='grc' dir='ltr'>τῶν</span> <span class='ocrx_word' id='word_1_427' title='bbox 2872 2800 3157 2870; x_wconf 78' lang='grc' dir='ltr'>στεφάνων</span> <span class='ocrx_word' id='word_1_428' title='bbox 3188 2801 3456 2870; x_wconf 85' lang='grc' dir='ltr'>γίνονται.</span> 
     </span>
    </p>
   </div>
   <div class='ocr_carea' id='block_1_60' title="bbox 2502 2891 4033 2961">
    <p class='ocr_par' dir='ltr' id='par_1_60' title="bbox 2502 2891 4033 2961">
     <span class='ocr_line' id='line_1_60' title="bbox 2502 2891 4033 2961; baseline -0.003 -12"><span class='ocrx_word' id='word_1_429' title='bbox 2502 2896 2805 2960; x_wconf 83' lang='grc' dir='ltr'>Πεποιθὼς</span> <span class='ocrx_word' id='word_1_430' title='bbox 2828 2894 2975 2948; x_wconf 82' lang='grc' dir='ltr'>αὐτὸ</span> <span class='ocrx_word' id='word_1_431' title='bbox 3027 2894 3227 2958; x_wconf 85' lang='grc' dir='ltr'>τοῦτο,</span> <span class='ocrx_word' id='word_1_432' title='bbox 3257 2893 3346 2946; x_wconf 83' lang='grc' dir='ltr'>ὅτι</span> <span class='ocrx_word' id='word_1_433' title='bbox 3403 2896 3436 2947; x_wconf 85' lang='grc' dir='ltr'><em>ό</em></span> <span class='ocrx_word' id='word_1_434' title='bbox 3487 2891 3903 2961; x_wconf 76' lang='grc' dir='ltr'>ἐναρξάμενος</span> <span class='ocrx_word' id='word_1_435' title='bbox 3958 2892 4033 2945; x_wconf 76' lang='grc' dir='ltr'>ἐν</span> 
     </span>
    </p>
   </div>
   <div class='ocr_carea' id='block_1_61' title="bbox 2431 2984 4032 3057">
    <p class='ocr_par' dir='ltr' id='par_1_61' title="bbox 2431 2984 4032 3057">
     <span class='ocr_line' id='line_1_61' title="bbox 2431 2984 4032 3057; baseline -0.004 -15"><span class='ocrx_word' id='word_1_436' title='bbox 2431 2987 2575 3057; x_wconf 79' lang='grc' dir='ltr'><strong>ὑμῖν</strong></span> <span class='ocrx_word' id='word_1_437' title='bbox 2594 2989 2772 3056; x_wconf 78' lang='grc' dir='ltr'>ἔργον</span> <span class='ocrx_word' id='word_1_438' title='bbox 2802 2987 3051 3055; x_wconf 77' lang='grc' dir='ltr'>ἀγαθὸν,</span> <span class='ocrx_word' id='word_1_439' title='bbox 3085 2986 3444 3041; x_wconf 77' lang='grc' dir='ltr'>ἐπιτελέσει.</span> <span class='ocrx_word' id='word_1_440' title='bbox 3472 2984 3816 3056; x_wconf 80' lang='grc' dir='ltr'>Εὐχαριστῶ,</span> <span class='ocrx_word' id='word_1_441' title='bbox 3849 2984 4032 3049; x_wconf 62' lang='grc' dir='ltr'>φησι,</span> 
     </span>
    </p>
   </div>
   <div class='ocr_carea' id='block_1_62' title="bbox 2432 3077 4036 3150">
    <p class='ocr_par' dir='ltr' id='par_1_62' title="bbox 2432 3077 4036 3150">
     <span class='ocr_line' id='line_1_62' title="bbox 2432 3077 4036 3150; baseline -0.004 -17"><span class='ocrx_word' id='word_1_442' title='bbox 2432 3081 2528 3133; x_wconf 72' lang='grc' dir='ltr'><strong>καὶ</strong></span> <span class='ocrx_word' id='word_1_443' title='bbox 2578 3081 2779 3150; x_wconf 86' lang='grc' dir='ltr'>χαίρω,</span> <span class='ocrx_word' id='word_1_444' title='bbox 2812 3078 3037 3149; x_wconf 65' lang='grc' dir='ltr'>θαρρῶν</span> <span class='ocrx_word' id='word_1_445' title='bbox 3074 3080 3158 3133; x_wconf 78' lang='grc' dir='ltr'>ὅτι</span> <span class='ocrx_word' id='word_1_446' title='bbox 3188 3081 3216 3132; x_wconf 87' lang='grc' dir='ltr'>ὁ</span> <span class='ocrx_word' id='word_1_447' title='bbox 3246 3079 3402 3143; x_wconf 85' lang='grc' dir='ltr'>Θεὸς,</span> <span class='ocrx_word' id='word_1_448' title='bbox 3441 3079 3502 3143; x_wconf 78' lang='grc' dir='ltr'>ὃς</span> <span class='ocrx_word' id='word_1_449' title='bbox 3544 3077 3809 3148; x_wconf 77' lang='grc' dir='ltr'>ἐνήρξατο</span> <span class='ocrx_word' id='word_1_450' title='bbox 3842 3079 4036 3129; x_wconf 77' lang='grc' dir='ltr'>ποιεῖν</span> 
     </span>
    </p>
   </div>
   <div class='ocr_carea' id='block_1_63' title="bbox 2433 3168 4035 3242">
    <p class='ocr_par' dir='ltr' id='par_1_63' title="bbox 2433 3168 4035 3242">
     <span class='ocr_line' id='line_1_63' title="bbox 2433 3168 4035 3242; baseline -0.003 -16"><span class='ocrx_word' id='word_1_451' title='bbox 2433 3174 2492 3226; x_wconf 92' lang='grc' dir='ltr'><strong>ἐν</strong></span> <span class='ocrx_word' id='word_1_452' title='bbox 2519 3173 2647 3242; x_wconf 78' lang='grc' dir='ltr'>ὑμῖν</span> <span class='ocrx_word' id='word_1_453' title='bbox 2682 3172 2750 3226; x_wconf 79' lang='grc' dir='ltr'>τὰ</span> <span class='ocrx_word' id='word_1_454' title='bbox 2807 3171 2988 3234; x_wconf 82' lang='grc' dir='ltr'>ἀγαθά</span> <span class='ocrx_word' id='word_1_455' title='bbox 3034 3172 3195 3242; x_wconf 73' lang='grc' dir='ltr'>ἔργα,</span> <span class='ocrx_word' id='word_1_456' title='bbox 3227 3171 3389 3235; x_wconf 77' lang='grc' dir='ltr'>αὐτὸς</span> <span class='ocrx_word' id='word_1_457' title='bbox 3424 3172 3522 3224; x_wconf 72' lang='grc' dir='ltr'><strong>καὶ</strong></span> <span class='ocrx_word' id='word_1_458' title='bbox 3575 3168 3876 3240; x_wconf 78' lang='grc' dir='ltr'>πληρώσει·</span> <span class='ocrx_word' id='word_1_459' title='bbox 3914 3168 4035 3223; x_wconf 75' lang='grc' dir='ltr'><strong>ἀπὸ</strong></span> 
     </span>
    </p>
   </div>
   <div class='ocr_carea' id='block_1_64' title="bbox 751 3243 2420 3339">
    <p class='ocr_par' dir='ltr' id='par_1_64' title="bbox 751 3243 2398 3333">
     <span class='ocr_line' id='line_1_64' title="bbox 751 3243 2398 3333; baseline 0 -13"><span class='ocrx_word' id='word_1_460' title='bbox 751 3265 898 3320; x_wconf 85' lang='lat' dir='ltr'><strong>enim</strong></span> <span class='ocrx_word' id='word_1_461' title='bbox 930 3266 995 3329; x_wconf 87' lang='lat' dir='ltr'><strong>de</strong></span> <span class='ocrx_word' id='word_1_462' title='bbox 1016 3263 1212 3321; x_wconf 88' lang='lat' dir='ltr'><strong>futuris</strong></span> <span class='ocrx_word' id='word_1_463' title='bbox 1255 3264 1627 3333; x_wconf 85' lang='lat' dir='ltr'><strong>conjecturam</strong></span> <span class='ocrx_word' id='word_1_464' title='bbox 1676 3266 1835 3320; x_wconf 86' lang='lat' dir='ltr'><strong>facio.</strong></span> <span class='ocrx_word' id='word_1_465' title='bbox 1866 3243 2103 3321; x_wconf 78' lang='lat' dir='ltr'><strong>Observa</strong></span> <span class='ocrx_word' id='word_1_466' title='bbox 2148 3275 2326 3321; x_wconf 88' lang='lat' dir='ltr'><strong>autem</strong></span> <span class='ocrx_word' id='word_1_467' title='bbox 2355 3243 2398 3302; x_wconf 68' lang='grc' dir='ltr'>ο</span> 
     </span>
    </p>
   </div>
   <div class='ocr_carea' id='block_1_65' title="bbox 2366 3243 4035 3339">
    <p class='ocr_par' dir='ltr' id='par_1_65' title="bbox 2366 3243 4035 3339">
     <span class='ocr_line' id='line_1_65' title="bbox 2366 3243 4035 3339; baseline -0.004 -18"><span class='ocrx_word' id='word_1_468' title='bbox 2366 3243 2398 3302; x_wconf 65' lang='grc' dir='ltr'><strong>Β</strong></span> <span class='ocrx_word' id='word_1_469' title='bbox 2430 3268 2542 3339; x_wconf 75' lang='grc' dir='ltr'>γὰρ</span> <span class='ocrx_word' id='word_1_470' title='bbox 2567 3266 2676 3319; x_wconf 80' lang='grc' dir='ltr'>τῶν</span> <span class='ocrx_word' id='word_1_471' title='bbox 2703 3266 3085 3336; x_wconf 74' lang='grc' dir='ltr'>παρελθόντων</span> <span class='ocrx_word' id='word_1_472' title='bbox 3121 3266 3218 3319; x_wconf 75' lang='grc' dir='ltr'><strong>καὶ</strong></span> <span class='ocrx_word' id='word_1_473' title='bbox 3251 3265 3519 3335; x_wconf 71' lang='grc' dir='ltr'>περὶτῶν</span> <span class='ocrx_word' id='word_1_474' title='bbox 3550 3264 3855 3334; x_wconf 79' lang='grc' dir='ltr'>μελλόντων</span> <span class='ocrx_word' id='word_1_475' title='bbox 3899 3280 4035 3315; x_wconf 82' lang='grc' dir='ltr'>στο-</span> 
     </span>
    </p>
   </div>
   <div class='ocr_carea' id='block_1_66' title="bbox 751 3357 2329 3429">
    <p class='ocr_par' dir='ltr' id='par_1_66' title="bbox 751 3357 2329 3429">
     <span class='ocr_line' id='line_1_66' title="bbox 751 3357 2329 3429; baseline 0.001 -18"><span class='ocrx_word' id='word_1_476' title='bbox 751 3358 1026 3425; x_wconf 87' lang='lat' dir='ltr'><strong>quomodo</strong></span> <span class='ocrx_word' id='word_1_477' title='bbox 1072 3371 1165 3412; x_wconf 87' lang='lat' dir='ltr'><strong>eos</strong></span> <span class='ocrx_word' id='word_1_478' title='bbox 1208 3358 1485 3413; x_wconf 88' lang='lat' dir='ltr'><strong>moderata</strong></span> <span class='ocrx_word' id='word_1_479' title='bbox 1523 3373 1713 3429; x_wconf 88' lang='lat' dir='ltr'><strong>sapere</strong></span> <span class='ocrx_word' id='word_1_480' title='bbox 1744 3358 1957 3423; x_wconf 88' lang='lat' dir='ltr'><strong>doceat,</strong></span> <span class='ocrx_word' id='word_1_481' title='bbox 1996 3357 2107 3413; x_wconf 91' lang='lat' dir='ltr'><strong>Deo</strong></span> <span class='ocrx_word' id='word_1_482' title='bbox 2134 3367 2329 3413; x_wconf 89' lang='lat' dir='ltr'><strong>cuncta</strong></span> 
     </span>
    </p>
   </div>
   <div class='ocr_carea' id='block_1_67' title="bbox 755 3448 2329 3520">
    <p class='ocr_par' dir='ltr' id='par_1_67' title="bbox 755 3448 2329 3520">
     <span class='ocr_line' id='line_1_67' title="bbox 755 3448 2329 3520; baseline -0.001 -16"><span class='ocrx_word' id='word_1_483' title='bbox 755 3460 976 3518; x_wconf 89' lang='lat' dir='ltr'><strong>accepta</strong></span> <span class='ocrx_word' id='word_1_484' title='bbox 1011 3448 1276 3515; x_wconf 86' lang='lat' dir='ltr'><strong>referens,</strong></span> <span class='ocrx_word' id='word_1_485' title='bbox 1320 3465 1428 3505; x_wconf 87' lang='lat' dir='ltr'><strong>non</strong></span> <span class='ocrx_word' id='word_1_486' title='bbox 1466 3451 1597 3519; x_wconf 90' lang='lat' dir='ltr'><strong>ipsis</strong></span> <span class='ocrx_word' id='word_1_487' title='bbox 1634 3450 1765 3505; x_wconf 89' lang='lat' dir='ltr'><strong>solis</strong></span> <span class='ocrx_word' id='word_1_488' title='bbox 1798 3465 2011 3520; x_wconf 88' lang='lat' dir='ltr'><strong>:ueque</strong></span> <span class='ocrx_word' id='word_1_489' title='bbox 2040 3450 2122 3505; x_wconf 87' lang='lat' dir='ltr'><strong>sic</strong></span> <span class='ocrx_word' id='word_1_490' title='bbox 2153 3459 2329 3505; x_wconf 87' lang='lat' dir='ltr'><strong>tamen</strong></span> 
     </span>
    </p>
   </div>
   <div class='ocr_carea' id='block_1_68' title="bbox 753 3538 2332 3612">
    <p class='ocr_par' dir='ltr' id='par_1_68' title="bbox 753 3538 2332 3612">
     <span class='ocr_line' id='line_1_68' title="bbox 753 3538 2332 3612; baseline 0 -19"><span class='ocrx_word' id='word_1_491' title='bbox 753 3555 848 3596; x_wconf 90' lang='lat' dir='ltr'><strong>eos</strong></span> <span class='ocrx_word' id='word_1_492' title='bbox 900 3556 995 3594; x_wconf 91' lang='lat' dir='ltr'><strong>sua</strong></span> <span class='ocrx_word' id='word_1_493' title='bbox 1045 3540 1201 3596; x_wconf 88' lang='lat' dir='ltr'><strong>laude</strong></span> <span class='ocrx_word' id='word_1_494' title='bbox 1250 3542 1507 3612; x_wconf 86' lang='lat' dir='ltr'><strong>privavit.</strong></span> <span class='ocrx_word' id='word_1_495' title='bbox 1543 3538 1691 3595; x_wconf 83' lang='lat' dir='ltr'><strong>Dixit</strong></span> <span class='ocrx_word' id='word_1_496' title='bbox 1721 3541 1866 3597; x_wconf 89' lang='lat' dir='ltr'><strong>enim</strong></span> <span class='ocrx_word' id='word_1_497' title='bbox 1912 3559 1925 3595; x_wconf 92' lang='lat'><strong>:</strong></span> <span class='ocrx_word' id='word_1_498' title='bbox 1958 3542 2049 3612; x_wconf 88' lang='lat' dir='ltr'><strong>qui</strong></span> <span class='ocrx_word' id='word_1_499' title='bbox 2085 3541 2237 3611; x_wconf 73' lang='lat' dir='ltr'><strong>coepit</strong></span> <span class='ocrx_word' id='word_1_500' title='bbox 2277 3540 2332 3594; x_wconf 89' lang='lat' dir='ltr'><strong>in</strong></span> 
     </span>
    </p>
   </div>
   <div class='ocr_carea' id='block_1_69' title="bbox 754 3631 2333 3703">
    <p class='ocr_par' dir='ltr' id='par_1_69' title="bbox 754 3631 2333 3703">
     <span class='ocr_line' id='line_1_69' title="bbox 754 3631 2333 3703; baseline 0.001 -18"><span class='ocrx_word' id='word_1_501' title='bbox 754 3631 920 3697; x_wconf 82' lang='lat' dir='ltr'><strong>vobis,</strong></span> <span class='ocrx_word' id='word_1_502' title='bbox 956 3631 1061 3687; x_wconf 89' lang='lat' dir='ltr'><strong>hoc</strong></span> <span class='ocrx_word' id='word_1_503' title='bbox 1096 3641 1212 3700; x_wconf 87' lang='lat' dir='ltr'><strong>est,</strong></span> <span class='ocrx_word' id='word_1_504' title='bbox 1262 3648 1360 3703; x_wconf 89' lang='lat' dir='ltr'><strong>per</strong></span> <span class='ocrx_word' id='word_1_505' title='bbox 1404 3642 1639 3688; x_wconf 87' lang='lat' dir='ltr'><strong>vestram</strong></span> <span class='ocrx_word' id='word_1_506' title='bbox 1685 3633 2039 3689; x_wconf 85' lang='lat' dir='ltr'><strong>voluntatem.</strong></span> <span class='ocrx_word' id='word_1_507' title='bbox 2085 3633 2142 3689; x_wconf 89' lang='lat' dir='ltr'><strong>Si</strong></span> <span class='ocrx_word' id='word_1_508' title='bbox 2186 3633 2333 3688; x_wconf 91' lang='lat' dir='ltr'><strong>enim</strong></span> 
     </span>
    </p>
   </div>
   <div class='ocr_carea' id='block_1_70' title="bbox 758 3723 2329 3797">
    <p class='ocr_par' dir='ltr' id='par_1_70' title="bbox 758 3723 2329 3797">
     <span class='ocr_line' id='line_1_70' title="bbox 758 3723 2329 3797; baseline 0.004 -21"><span class='ocrx_word' id='word_1_509' title='bbox 758 3724 995 3779; x_wconf 84' lang='lat' dir='ltr'><strong>hominis</strong></span> <span class='ocrx_word' id='word_1_510' title='bbox 1023 3723 1274 3780; x_wconf 85' lang='lat' dir='ltr'><strong>voluntas</strong></span> <span class='ocrx_word' id='word_1_511' title='bbox 1296 3740 1403 3779; x_wconf 92' lang='lat' dir='ltr'><strong>non</strong></span> <span class='ocrx_word' id='word_1_512' title='bbox 1434 3724 1597 3790; x_wconf 90' lang='lat' dir='ltr'><strong>adsit,</strong></span> <span class='ocrx_word' id='word_1_513' title='bbox 1623 3740 1799 3797; x_wconf 90' lang='lat' dir='ltr'><strong>neque</strong></span> <span class='ocrx_word' id='word_1_514' title='bbox 1827 3725 1969 3783; x_wconf 90' lang='lat' dir='ltr'><strong>Deus</strong></span> <span class='ocrx_word' id='word_1_515' title='bbox 1997 3728 2329 3797; x_wconf 88' lang='lat' dir='ltr'><strong>operabitur.</strong></span> 
     </span>
    </p>
   </div>
   <div class='ocr_carea' id='block_1_71' title="bbox 758 3812 2334 3886">
    <p class='ocr_par' dir='ltr' id='par_1_71' title="bbox 758 3812 2334 3886">
     <span class='ocr_line' id='line_1_71' title="bbox 758 3812 2334 3886; baseline 0.002 -20"><span class='ocrx_word' id='word_1_516' title='bbox 758 3812 894 3869; x_wconf 85' lang='lat' dir='ltr'><strong>Nam</strong></span> <span class='ocrx_word' id='word_1_517' title='bbox 954 3815 999 3869; x_wconf 90' lang='lat' dir='ltr'><strong>si</strong></span> <span class='ocrx_word' id='word_1_518' title='bbox 1050 3814 1371 3885; x_wconf 85' lang='lat' dir='ltr'><strong>simpliciter</strong></span> <span class='ocrx_word' id='word_1_519' title='bbox 1417 3826 1761 3884; x_wconf 88' lang='lat' dir='ltr'><strong>operaretur,</strong></span> <span class='ocrx_word' id='word_1_520' title='bbox 1841 3816 1974 3871; x_wconf 84' lang='lat' dir='ltr'><strong>nihil</strong></span> <span class='ocrx_word' id='word_1_521' title='bbox 2022 3818 2334 3886; x_wconf 85' lang='lat' dir='ltr'><strong>prohiberet</strong></span> 
     </span>
    </p>
   </div>
   <div class='ocr_carea' id='block_1_72' title="bbox 758 3904 2333 3977">
    <p class='ocr_par' dir='ltr' id='par_1_72' title="bbox 758 3904 2333 3977">
     <span class='ocr_line' id='line_1_72' title="bbox 758 3904 2333 3977; baseline 0.001 -20"><span class='ocrx_word' id='word_1_522' title='bbox 758 3906 1051 3973; x_wconf 86' lang='lat' dir='ltr'><strong>quominus</strong></span> <span class='ocrx_word' id='word_1_523' title='bbox 1074 3904 1128 3959; x_wconf 89' lang='lat' dir='ltr'><strong>in</strong></span> <span class='ocrx_word' id='word_1_524' title='bbox 1159 3906 1436 3975; x_wconf 77' lang='lat' dir='ltr'><strong>gentibus,</strong></span> <span class='ocrx_word' id='word_1_525' title='bbox 1466 3905 1709 3974; x_wconf 88' lang='lat' dir='ltr'><strong>adeoque</strong></span> <span class='ocrx_word' id='word_1_526' title='bbox 1757 3906 1969 3962; x_wconf 90' lang='lat' dir='ltr'><strong>cunctis</strong></span> <span class='ocrx_word' id='word_1_527' title='bbox 1996 3905 2157 3977; x_wconf 89' lang='lat' dir='ltr'><strong>plane</strong></span> <span class='ocrx_word' id='word_1_528' title='bbox 2186 3921 2333 3960; x_wconf 87' lang='lat' dir='ltr'><strong>mor-</strong></span> 
     </span>
    </p>
   </div>
   <div class='ocr_carea' id='block_1_73' title="bbox 761 3995 2337 4069">
    <p class='ocr_par' dir='ltr' id='par_1_73' title="bbox 761 3995 2337 4069">
     <span class='ocr_line' id='line_1_73' title="bbox 761 3995 2337 4069; baseline 0.003 -22"><span class='ocrx_word' id='word_1_529' title='bbox 761 3995 959 4050; x_wconf 86' lang='lat' dir='ltr'><strong>talibus</strong></span> <span class='ocrx_word' id='word_1_530' title='bbox 990 4006 1329 4065; x_wconf 87' lang='lat' dir='ltr'><strong>operaretur.</strong></span> <span class='ocrx_word' id='word_1_531' title='bbox 1375 3996 1524 4051; x_wconf 78' lang='lat' dir='ltr'><strong>[laud</strong></span> <span class='ocrx_word' id='word_1_532' title='bbox 1566 4012 1755 4067; x_wconf 88' lang='lat' dir='ltr'><strong>parum</strong></span> <span class='ocrx_word' id='word_1_533' title='bbox 1792 3998 1957 4069; x_wconf 87' lang='lat' dir='ltr'><strong>igitur</strong></span> <span class='ocrx_word' id='word_1_534' title='bbox 2005 3997 2182 4053; x_wconf 88' lang='lat' dir='ltr'><strong>laudis</strong></span> <span class='ocrx_word' id='word_1_535' title='bbox 2213 3998 2337 4053; x_wconf 89' lang='lat' dir='ltr'><strong>hinc</strong></span> 
     </span>
    </p>
   </div>
   <div class='ocr_carea' id='block_1_74' title="bbox 763 4086 2335 4161">
    <p class='ocr_par' dir='ltr' id='par_1_74' title="bbox 763 4086 2335 4161">
     <span class='ocr_line' id='line_1_74' title="bbox 763 4086 2335 4161; baseline 0.004 -20"><span class='ocrx_word' id='word_1_536' title='bbox 763 4086 869 4142; x_wconf 87' lang='lat' dir='ltr'><strong>illis</strong></span> <span class='ocrx_word' id='word_1_537' title='bbox 894 4088 1160 4155; x_wconf 85' lang='lat' dir='ltr'><strong>nascitur,</strong></span> <span class='ocrx_word' id='word_1_538' title='bbox 1185 4098 1243 4142; x_wconf 95' lang='lat' dir='ltr'><strong>ut</strong></span> <span class='ocrx_word' id='word_1_539' title='bbox 1267 4090 1359 4159; x_wconf 84' lang='lat' dir='ltr'><strong>qui</strong></span> <span class='ocrx_word' id='word_1_540' title='bbox 1388 4089 1481 4144; x_wconf 87' lang='lat' dir='ltr'><strong>Dei</strong></span> <span class='ocrx_word' id='word_1_541' title='bbox 1510 4090 1739 4159; x_wconf 83' lang='lat' dir='ltr'><strong>gratiam</strong></span> <span class='ocrx_word' id='word_1_542' title='bbox 1764 4090 2090 4146; x_wconf 80' lang='lat' dir='ltr'><strong>attraxerint</strong></span> <span class='ocrx_word' id='word_1_543' title='bbox 2128 4091 2335 4161; x_wconf 89' lang='lat' dir='ltr'><strong>utipsis</strong></span> 
     </span>
    </p>
   </div>
   <div class='ocr_carea' id='block_1_75' title="bbox 762 4181 2335 4252">
    <p class='ocr_par' dir='ltr' id='par_1_75' title="bbox 762 4181 2335 4252">
     <span class='ocr_line' id='line_1_75' title="bbox 762 4181 2335 4252; baseline 0.003 -21"><span class='ocrx_word' id='word_1_544' title='bbox 762 4190 1148 4250; x_wconf 79' lang='lat' dir='ltr'><strong>cooperaretnr</strong></span> <span class='ocrx_word' id='word_1_545' title='bbox 1189 4198 1203 4236; x_wconf 91' lang='lat'><strong>:</strong></span> <span class='ocrx_word' id='word_1_546' title='bbox 1237 4190 1292 4236; x_wconf 90' lang='lat' dir='ltr'><strong>et</strong></span> <span class='ocrx_word' id='word_1_547' title='bbox 1338 4181 1463 4250; x_wconf 89' lang='lat' dir='ltr'><strong>quia</strong></span> <span class='ocrx_word' id='word_1_548' title='bbox 1504 4181 1629 4235; x_wconf 89' lang='lat' dir='ltr'><strong>talia</strong></span> <span class='ocrx_word' id='word_1_549' title='bbox 1666 4190 1922 4252; x_wconf 84' lang='lat' dir='ltr'><strong>tantaque</strong></span> <span class='ocrx_word' id='word_1_550' title='bbox 1982 4190 2112 4238; x_wconf 86' lang='lat' dir='ltr'><strong>sunt</strong></span> <span class='ocrx_word' id='word_1_551' title='bbox 2149 4196 2335 4252; x_wconf 86' lang='lat' dir='ltr'><strong>opera,</strong></span> 
     </span>
    </p>
   </div>
   <div class='ocr_carea' id='block_1_76' title="bbox 765 4274 2336 4344">
    <p class='ocr_par' dir='ltr' id='par_1_76' title="bbox 765 4274 2336 4344">
     <span class='ocr_line' id='line_1_76' title="bbox 765 4274 2336 4344; baseline 0.001 -19"><span class='ocrx_word' id='word_1_552' title='bbox 765 4285 950 4326; x_wconf 79' lang='lat' dir='ltr'><strong>utnon</strong></span> <span class='ocrx_word' id='word_1_553' title='bbox 987 4275 1056 4327; x_wconf 90' lang='lat' dir='ltr'><strong>ab</strong></span> <span class='ocrx_word' id='word_1_554' title='bbox 1090 4274 1341 4329; x_wconf 87' lang='lat' dir='ltr'><strong>humanis</strong></span> <span class='ocrx_word' id='word_1_555' title='bbox 1386 4274 1603 4343; x_wconf 84' lang='lat' dir='ltr'><strong>quidem</strong></span> <span class='ocrx_word' id='word_1_556' title='bbox 1636 4274 1840 4330; x_wconf 86' lang='lat' dir='ltr'><strong>viribus</strong></span> <span class='ocrx_word' id='word_1_557' title='bbox 1871 4275 2095 4343; x_wconf 81' lang='lat' dir='ltr'><strong>transigi</strong></span> <span class='ocrx_word' id='word_1_558' title='bbox 2118 4284 2336 4344; x_wconf 86' lang='lat' dir='ltr'><strong>queant,</strong></span> 
     </span>
    </p>
   </div>
   <div class='ocr_carea' id='block_1_77' title="bbox 2434 3355 4035 3431">
    <p class='ocr_par' dir='ltr' id='par_1_77' title="bbox 2434 3355 4035 3431">
     <span class='ocr_line' id='line_1_77' title="bbox 2434 3355 4035 3431; baseline -0.002 -19"><span class='ocrx_word' id='word_1_559' title='bbox 2434 3361 2694 3430; x_wconf 78' lang='grc' dir='ltr'>χάζομαι.</span> <span class='ocrx_word' id='word_1_560' title='bbox 2743 3360 2890 3431; x_wconf 83' lang='grc' dir='ltr'>Ὅρα</span> <span class='ocrx_word' id='word_1_561' title='bbox 2922 3359 2998 3423; x_wconf 85' lang='grc' dir='ltr'><strong>δὲ,</strong></span> <span class='ocrx_word' id='word_1_562' title='bbox 3036 3358 3155 3422; x_wconf 73' lang='grc' dir='ltr'><strong>πῶς</strong></span> <span class='ocrx_word' id='word_1_563' title='bbox 3188 3360 3597 3429; x_wconf 74' lang='grc' dir='ltr'>μετριοφρονεῖν</span> <span class='ocrx_word' id='word_1_564' title='bbox 3639 3357 3833 3417; x_wconf 72' lang='grc' dir='ltr'>αὐτοὺς</span> <span class='ocrx_word' id='word_1_565' title='bbox 3872 3355 4035 3408; x_wconf 70' lang='grc' dir='ltr'>διδά-</span> 
     </span>
    </p>
   </div>
   <div class='ocr_carea' id='block_1_78' title="bbox 2437 3446 4036 3521">
    <p class='ocr_par' dir='ltr' id='par_1_78' title="bbox 2437 3446 4036 3521">
     <span class='ocr_line' id='line_1_78' title="bbox 2437 3446 4036 3521; baseline -0.006 -15"><span class='ocrx_word' id='word_1_566' title='bbox 2437 3469 2579 3516; x_wconf 86' lang='grc' dir='ltr'>σκει,</span> <span class='ocrx_word' id='word_1_567' title='bbox 2604 3450 2682 3521; x_wconf 83' lang='grc' dir='ltr'>τῷ</span> <span class='ocrx_word' id='word_1_568' title='bbox 2714 3450 2834 3520; x_wconf 81' lang='grc' dir='ltr'>Θεῷ</span> <span class='ocrx_word' id='word_1_569' title='bbox 2868 3452 3050 3505; x_wconf 87' lang='grc' dir='ltr'>πάντα</span> <span class='ocrx_word' id='word_1_570' title='bbox 3100 3450 3347 3514; x_wconf 77' lang='grc' dir='ltr'>ἀναθεὶς,</span> <span class='ocrx_word' id='word_1_571' title='bbox 3409 3449 3505 3502; x_wconf 78' lang='grc' dir='ltr'>καὶ</span> <span class='ocrx_word' id='word_1_572' title='bbox 3538 3449 3638 3502; x_wconf 78' lang='grc' dir='ltr'><strong>οὐκ</strong></span> <span class='ocrx_word' id='word_1_573' title='bbox 3690 3447 3879 3509; x_wconf 71' lang='grc' dir='ltr'>αὺτοῖς</span> <span class='ocrx_word' id='word_1_574' title='bbox 3936 3446 4036 3516; x_wconf 80' lang='grc' dir='ltr'><strong>μό-</strong></span> 
     </span>
    </p>
   </div>
   <div class='ocr_carea' id='block_1_79' title="bbox 2436 3541 4039 3614">
    <p class='ocr_par' dir='ltr' id='par_1_79' title="bbox 2436 3541 4039 3614">
     <span class='ocr_line' id='line_1_79' title="bbox 2436 3541 4039 3614; baseline -0.005 -16"><span class='ocrx_word' id='word_1_575' title='bbox 2436 3562 2567 3606; x_wconf 88' lang='grc' dir='ltr'>νοις.</span> <span class='ocrx_word' id='word_1_576' title='bbox 2602 3545 2677 3597; x_wconf 82' lang='grc' dir='ltr'><strong>Οὐ</strong></span> <span class='ocrx_word' id='word_1_577' title='bbox 2728 3543 2834 3614; x_wconf 81' lang='grc' dir='ltr'>μὴν</span> <span class='ocrx_word' id='word_1_578' title='bbox 2864 3544 2983 3596; x_wconf 80' lang='grc' dir='ltr'>οὐδὲ</span> <span class='ocrx_word' id='word_1_579' title='bbox 3021 3542 3195 3607; x_wconf 75' lang='grc' dir='ltr'>οὕτως</span> <span class='ocrx_word' id='word_1_580' title='bbox 3223 3542 3597 3613; x_wconf 83' lang='grc' dir='ltr'>ἀπεστέρησεν</span> <span class='ocrx_word' id='word_1_581' title='bbox 3626 3541 3824 3601; x_wconf 72' lang='grc' dir='ltr'>αὐτοὺς</span> <span class='ocrx_word' id='word_1_582' title='bbox 3845 3541 4039 3608; x_wconf 79' lang='grc' dir='ltr'>ἐγκωο</span> 
     </span>
    </p>
   </div>
   <div class='ocr_carea' id='block_1_80' title="bbox 2439 3630 4041 3711">
    <p class='ocr_par' dir='ltr' id='par_1_80' title="bbox 2439 3630 4041 3711">
     <span class='ocr_line' id='line_1_80' title="bbox 2439 3630 4041 3711; baseline -0.005 -19"><span class='ocrx_word' id='word_1_583' title='bbox 2439 3640 2576 3711; x_wconf 83' lang='grc' dir='ltr'>μίων</span> <span class='ocrx_word' id='word_1_584' title='bbox 2608 3656 2622 3671; x_wconf 87' lang='grc'><strong>·</strong></span> <span class='ocrx_word' id='word_1_585' title='bbox 2659 3633 2777 3691; x_wconf 71' lang='grc' dir='ltr'>εἷπε</span> <span class='ocrx_word' id='word_1_586' title='bbox 2811 3637 2919 3706; x_wconf 87' lang='grc' dir='ltr'><strong>γάρ</strong></span> <span class='ocrx_word' id='word_1_587' title='bbox 2960 3652 2975 3667; x_wconf 74' lang='grc' dir='ltr'><strong><em>ο</em></strong></span> <span class='ocrx_word' id='word_1_588' title='bbox 3028 3636 3091 3689; x_wconf 84' lang='grc'><strong>’0</strong></span> <span class='ocrx_word' id='word_1_589' title='bbox 3120 3634 3527 3704; x_wconf 77' lang='grc' dir='ltr'>ἐναρξάμενος</span> <span class='ocrx_word' id='word_1_590' title='bbox 3555 3633 3625 3687; x_wconf 81' lang='grc' dir='ltr'>ἐν</span> <span class='ocrx_word' id='word_1_591' title='bbox 3646 3630 3790 3701; x_wconf 77' lang='grc' dir='ltr'><strong>ὑμῖν</strong></span> <span class='ocrx_word' id='word_1_592' title='bbox 3818 3647 3832 3661; x_wconf 87' lang='grc'><strong>·</strong></span> <span class='ocrx_word' id='word_1_593' title='bbox 3867 3649 4041 3685; x_wconf 81' lang='grc' dir='ltr'>τουτ-</span> 
     </span>
    </p>
   </div>
   <div class='ocr_carea' id='block_1_81' title="bbox 2436 3724 4035 3799">
    <p class='ocr_par' dir='ltr' id='par_1_81' title="bbox 2436 3724 4035 3799">
     <span class='ocr_line' id='line_1_81' title="bbox 2436 3724 4035 3799; baseline -0.008 -11"><span class='ocrx_word' id='word_1_594' title='bbox 2436 3734 2576 3797; x_wconf 86' lang='grc' dir='ltr'>έστι,</span> <span class='ocrx_word' id='word_1_595' title='bbox 2612 3730 2709 3785; x_wconf 88' lang='grc' dir='ltr'>Διά</span> <span class='ocrx_word' id='word_1_596' title='bbox 2766 3730 2864 3798; x_wconf 82' lang='grc' dir='ltr'>τῆς</span> <span class='ocrx_word' id='word_1_597' title='bbox 2907 3728 3063 3799; x_wconf 81' lang='grc' dir='ltr'>ὑμῶν</span> <span class='ocrx_word' id='word_1_598' title='bbox 3121 3729 3534 3799; x_wconf 85' lang='grc' dir='ltr'>προαιρέσεως·</span> <span class='ocrx_word' id='word_1_599' title='bbox 3582 3727 3629 3779; x_wconf 82' lang='grc' dir='ltr'><strong>εί</strong></span> <span class='ocrx_word' id='word_1_600' title='bbox 3680 3724 3789 3793; x_wconf 78' lang='grc' dir='ltr'>γὰρ</span> <span class='ocrx_word' id='word_1_601' title='bbox 3854 3726 3938 3794; x_wconf 75' lang='grc' dir='ltr'><strong>μὴ</strong></span> <span class='ocrx_word' id='word_1_602' title='bbox 4002 3725 4035 3793; x_wconf 79' lang='grc' dir='ltr'><strong>ή</strong></span> 
     </span>
    </p>
   </div>
   <div class='ocr_carea' id='block_1_82' title="bbox 2439 3815 4035 3894">
    <p class='ocr_par' dir='ltr' id='par_1_82' title="bbox 2439 3815 4035 3894">
     <span class='ocr_line' id='line_1_82' title="bbox 2439 3815 4035 3894; baseline -0.008 -17"><span class='ocrx_word' id='word_1_603' title='bbox 2439 3823 2762 3894; x_wconf 88' lang='grc' dir='ltr'>προαίρεσις</span> <span class='ocrx_word' id='word_1_604' title='bbox 2787 3819 2882 3873; x_wconf 85' lang='grc' dir='ltr'><strong>τοῦ</strong></span> <span class='ocrx_word' id='word_1_605' title='bbox 2913 3819 3206 3888; x_wconf 83' lang='grc' dir='ltr'>ἀνθρώπου</span> <span class='ocrx_word' id='word_1_606' title='bbox 3240 3819 3348 3888; x_wconf 75' lang='grc' dir='ltr'>εἴη,</span> <span class='ocrx_word' id='word_1_607' title='bbox 3381 3816 3504 3870; x_wconf 82' lang='grc' dir='ltr'>οὐδε</span> <span class='ocrx_word' id='word_1_608' title='bbox 3536 3817 3565 3868; x_wconf 86' lang='grc' dir='ltr'>ὁ</span> <span class='ocrx_word' id='word_1_609' title='bbox 3608 3815 3741 3876; x_wconf 85' lang='grc' dir='ltr'>Θεὸς</span> <span class='ocrx_word' id='word_1_610' title='bbox 3789 3815 4035 3885; x_wconf 71' lang='grc' dir='ltr'>ἐνεργή-</span> 
     </span>
    </p>
   </div>
   <div class='ocr_carea' id='block_1_83' title="bbox 2440 3904 4037 3979">
    <p class='ocr_par' dir='ltr' id='par_1_83' title="bbox 2440 3904 4037 3979">
     <span class='ocr_line' id='line_1_83' title="bbox 2440 3904 4037 3979; baseline -0.006 -12"><span class='ocrx_word' id='word_1_611' title='bbox 2440 3931 2546 3969; x_wconf 88' lang='grc' dir='ltr'>σει.</span> <span class='ocrx_word' id='word_1_612' title='bbox 2595 3912 2751 3965; x_wconf 82' lang='grc' dir='ltr'>Ἐπεὶ</span> <span class='ocrx_word' id='word_1_613' title='bbox 2793 3912 2841 3963; x_wconf 85' lang='grc' dir='ltr'><strong>εί</strong></span> <span class='ocrx_word' id='word_1_614' title='bbox 2874 3909 3063 3973; x_wconf 83' lang='grc' dir='ltr'>ἁπλῶς</span> <span class='ocrx_word' id='word_1_615' title='bbox 3110 3910 3353 3979; x_wconf 89' lang='grc' dir='ltr'>ἐνήργει,</span> <span class='ocrx_word' id='word_1_616' title='bbox 3395 3906 3548 3961; x_wconf 78' lang='grc' dir='ltr'>οὐδὲν</span> <span class='ocrx_word' id='word_1_617' title='bbox 3590 3906 3655 3959; x_wconf 77' lang='grc' dir='ltr'><strong>ἂν</strong></span> <span class='ocrx_word' id='word_1_618' title='bbox 3690 3904 3903 3959; x_wconf 81' lang='grc' dir='ltr'>ἐκώλυε</span> <span class='ocrx_word' id='word_1_619' title='bbox 3938 3908 4037 3957; x_wconf 73' lang='grc' dir='ltr'>καὶ</span> 
     </span>
    </p>
   </div>
   <div class='ocr_carea' id='block_1_84' title="bbox 2439 3996 4034 4076">
    <p class='ocr_par' dir='ltr' id='par_1_84' title="bbox 2439 3996 4034 4076">
     <span class='ocr_line' id='line_1_84' title="bbox 2439 3996 4034 4076; baseline -0.008 -17"><span class='ocrx_word' id='word_1_620' title='bbox 2439 4004 2707 4076; x_wconf 82' lang='grc' dir='ltr'>Ἕλληνας</span> <span class='ocrx_word' id='word_1_621' title='bbox 2726 4003 2817 4056; x_wconf 73' lang='grc' dir='ltr'>καὶ</span> <span class='ocrx_word' id='word_1_622' title='bbox 2852 4002 3062 4063; x_wconf 85' lang='grc' dir='ltr'>πάντας</span> <span class='ocrx_word' id='word_1_623' title='bbox 3088 3998 3412 4069; x_wconf 78' lang='grc' dir='ltr'>ἀνθρώπους</span> <span class='ocrx_word' id='word_1_624' title='bbox 3449 3996 3819 4069; x_wconf 75' lang='grc' dir='ltr'>ἐνεργεῖσθαι.</span> <span class='ocrx_word' id='word_1_625' title='bbox 3859 3997 4034 4048; x_wconf 64' lang='grc' dir='ltr'><strong>Ὠς-ξε</strong></span> 
     </span>
    </p>
   </div>
   <div class='ocr_carea' id='block_1_85' title="bbox 2440 4086 4039 4164">
    <p class='ocr_par' dir='ltr' id='par_1_85' title="bbox 2440 4086 4039 4164">
     <span class='ocr_line' id='line_1_85' title="bbox 2440 4086 4039 4164; baseline -0.008 -16"><span class='ocrx_word' id='word_1_626' title='bbox 2440 4094 2501 4148; x_wconf 80' lang='grc' dir='ltr'><strong>οὐ</strong></span> <span class='ocrx_word' id='word_1_627' title='bbox 2532 4091 2746 4164; x_wconf 84' lang='grc' dir='ltr'>μικρῶς</span> <span class='ocrx_word' id='word_1_628' title='bbox 2777 4091 2882 4143; x_wconf 88' lang='grc' dir='ltr'><strong>κάν</strong></span> <span class='ocrx_word' id='word_1_629' title='bbox 2908 4091 3086 4159; x_wconf 86' lang='grc' dir='ltr'>τούτῳ</span> <span class='ocrx_word' id='word_1_630' title='bbox 3107 4089 3150 4120; x_wconf 70' lang='grc' dir='ltr'>η</span> <span class='ocrx_word' id='word_1_631' title='bbox 3179 4086 3518 4158; x_wconf 75' lang='grc' dir='ltr'>ἐγκωμιάζει</span> <span class='ocrx_word' id='word_1_632' title='bbox 3545 4086 3765 4147; x_wconf 75' lang='grc' dir='ltr'>αὐτοὺς,</span> <span class='ocrx_word' id='word_1_633' title='bbox 3794 4086 3871 4145; x_wconf 86' lang='grc' dir='ltr'>ὡς</span> <span class='ocrx_word' id='word_1_634' title='bbox 3910 4086 4039 4137; x_wconf 81' lang='grc' dir='ltr'>ἐπι-</span> 
     </span>
    </p>
   </div>
   <div class='ocr_carea' id='block_1_86' title="bbox 2442 4176 4037 4255">
    <p class='ocr_par' dir='ltr' id='par_1_86' title="bbox 2442 4176 4037 4255">
     <span class='ocr_line' id='line_1_86' title="bbox 2442 4176 4037 4255; baseline -0.008 -15"><span class='ocrx_word' id='word_1_635' title='bbox 2442 4184 2828 4255; x_wconf 82' lang='grc' dir='ltr'>σπασαμένους</span> <span class='ocrx_word' id='word_1_636' title='bbox 2861 4182 2957 4235; x_wconf 88' lang='grc' dir='ltr'><strong>τοῦ</strong></span> <span class='ocrx_word' id='word_1_637' title='bbox 2998 4180 3135 4234; x_wconf 84' lang='grc' dir='ltr'>Θεοῦ</span> <span class='ocrx_word' id='word_1_638' title='bbox 3172 4182 3269 4249; x_wconf 82' lang='grc' dir='ltr'><strong>τὴν</strong></span> <span class='ocrx_word' id='word_1_639' title='bbox 3298 4180 3459 4250; x_wconf 83' lang='grc' dir='ltr'>χάριν</span> <span class='ocrx_word' id='word_1_640' title='bbox 3491 4176 3880 4247; x_wconf 80' lang='grc' dir='ltr'>συμπράττειν</span> <span class='ocrx_word' id='word_1_641' title='bbox 3933 4178 4037 4228; x_wconf 72' lang='grc' dir='ltr'><strong>αὖ-</strong></span> 
     </span>
    </p>
   </div>
   <div class='ocr_carea' id='block_1_87' title="bbox 2439 4267 4035 4344">
    <p class='ocr_par' dir='ltr' id='par_1_87' title="bbox 2439 4267 4035 4344">
     <span class='ocr_line' id='line_1_87' title="bbox 2439 4267 4035 4344; baseline -0.009 -12"><span class='ocrx_word' id='word_1_642' title='bbox 2439 4279 2552 4341; x_wconf 84' lang='grc' dir='ltr'>τοίς</span> <span class='ocrx_word' id='word_1_643' title='bbox 2574 4293 2590 4309; x_wconf 80' lang='lat'><strong><em>°</em></strong></span> <span class='ocrx_word' id='word_1_644' title='bbox 2632 4276 2727 4329; x_wconf 75' lang='grc' dir='ltr'>καὶ</span> <span class='ocrx_word' id='word_1_645' title='bbox 2757 4276 2838 4329; x_wconf 81' lang='grc' dir='ltr'>ὅτι</span> <span class='ocrx_word' id='word_1_646' title='bbox 2864 4271 3172 4344; x_wconf 83' lang='grc' dir='ltr'>τηλικαῦτά</span> <span class='ocrx_word' id='word_1_647' title='bbox 3199 4269 3392 4324; x_wconf 76' lang='grc' dir='ltr'>εἰσιτά</span> <span class='ocrx_word' id='word_1_648' title='bbox 3419 4267 3848 4339; x_wconf 81' lang='grc' dir='ltr'>κατορθώματα,</span> <span class='ocrx_word' id='word_1_649' title='bbox 3884 4267 4035 4319; x_wconf 75' lang='grc' dir='ltr'>ὥστε</span> 
     </span>
    </p>
   </div>
   <div class='ocr_carea' id='block_1_88' title="bbox 765 4358 2434 4440">
    <p class='ocr_par' dir='ltr' id='par_1_88' title="bbox 765 4362 2335 4437">
     <span class='ocr_line' id='line_1_88' title="bbox 765 4362 2335 4437; baseline 0.003 -22"><span class='ocrx_word' id='word_1_650' title='bbox 765 4362 857 4416; x_wconf 88' lang='lat' dir='ltr'><strong>sed</strong></span> <span class='ocrx_word' id='word_1_651' title='bbox 883 4377 913 4416; x_wconf 91' lang='lat' dir='ltr'><strong>a</strong></span> <span class='ocrx_word' id='word_1_652' title='bbox 940 4362 1070 4417; x_wconf 90' lang='lat' dir='ltr'><strong>Deo.</strong></span> <span class='ocrx_word' id='word_1_653' title='bbox 1100 4363 1272 4419; x_wconf 87' lang='lat' dir='ltr'><strong>Simul</strong></span> <span class='ocrx_word' id='word_1_654' title='bbox 1298 4375 1479 4420; x_wconf 78' lang='lat' dir='ltr'><strong>autem</strong></span> <span class='ocrx_word' id='word_1_655' title='bbox 1513 4366 1719 4420; x_wconf 83' lang='lat' dir='ltr'><strong>animat</strong></span> <span class='ocrx_word' id='word_1_656' title='bbox 1740 4380 1856 4431; x_wconf 89' lang='lat' dir='ltr'><strong>eos,</strong></span> <span class='ocrx_word' id='word_1_657' title='bbox 1885 4380 1953 4421; x_wconf 89' lang='lat' dir='ltr'><strong>ne</strong></span> <span class='ocrx_word' id='word_1_658' title='bbox 1983 4365 2036 4420; x_wconf 93' lang='lat' dir='ltr'><strong>in</strong></span> <span class='ocrx_word' id='word_1_659' title='bbox 2062 4374 2335 4437; x_wconf 88' lang='lat' dir='ltr'><strong>torporem</strong></span> 
     </span>
    </p>
   </div>
   <div class='ocr_carea' id='block_1_89' title="bbox 2364 4358 4033 4440">
    <p class='ocr_par' dir='ltr' id='par_1_89' title="bbox 2444 4358 4033 4440">
     <span class='ocr_line' id='line_1_89' title="bbox 2444 4358 4033 4440; baseline -0.01 -16"><span class='ocrx_word' id='word_1_660' title='bbox 2444 4369 2581 4440; x_wconf 85' lang='grc' dir='ltr'>μηδέ</span> <span class='ocrx_word' id='word_1_661' title='bbox 2622 4368 2718 4422; x_wconf 77' lang='grc' dir='ltr'>ὑπ’</span> <span class='ocrx_word' id='word_1_662' title='bbox 2773 4365 3133 4437; x_wconf 75' lang='grc' dir='ltr'>ἀνθρωπίνης</span> <span class='ocrx_word' id='word_1_663' title='bbox 3186 4360 3528 4432; x_wconf 77' lang='grc' dir='ltr'>ἐνεργεῖσθαι</span> <span class='ocrx_word' id='word_1_664' title='bbox 3563 4358 3877 4428; x_wconf 76' lang='grc' dir='ltr'>δυνάμεως,</span> <span class='ocrx_word' id='word_1_665' title='bbox 3913 4358 4033 4410; x_wconf 79' lang='grc' dir='ltr'>ἀλλ’</span> 
     </span>
    </p>
   </div>
   <div class='ocr_carea' id='block_1_90' title="bbox 765 4449 2434 4528">
    <p class='ocr_par' dir='ltr' id='par_1_90' title="bbox 765 4456 2336 4526">
     <span class='ocr_line' id='line_1_90' title="bbox 765 4456 2336 4526; baseline 0.001 -17"><span class='ocrx_word' id='word_1_666' title='bbox 765 4456 1123 4509; x_wconf 72' lang='lat' dir='ltr'><strong>devolvuntur</strong></span> <span class='ocrx_word' id='word_1_667' title='bbox 1172 4470 1348 4512; x_wconf 88' lang='lat' dir='ltr'><strong>:uam</strong></span> <span class='ocrx_word' id='word_1_668' title='bbox 1401 4457 1444 4511; x_wconf 87' lang='lat' dir='ltr'><strong>si</strong></span> <span class='ocrx_word' id='word_1_669' title='bbox 1488 4456 1629 4512; x_wconf 87' lang='lat' dir='ltr'><strong>Deus</strong></span> <span class='ocrx_word' id='word_1_670' title='bbox 1675 4456 2014 4526; x_wconf 88' lang='lat' dir='ltr'><strong>perfecturus</strong></span> <span class='ocrx_word' id='word_1_671' title='bbox 2068 4464 2173 4522; x_wconf 84' lang='lat' dir='ltr'><strong>est,</strong></span> <span class='ocrx_word' id='word_1_672' title='bbox 2230 4472 2336 4511; x_wconf 93' lang='lat' dir='ltr'><strong>non</strong></span> 
     </span>
    </p>
   </div>
   <div class='ocr_carea' id='block_1_91' title="bbox 2367 4449 4036 4528">
    <p class='ocr_par' dir='ltr' id='par_1_91' title="bbox 2444 4449 4036 4528">
     <span class='ocr_line' id='line_1_91' title="bbox 2444 4449 4036 4528; baseline -0.008 -14"><span class='ocrx_word' id='word_1_673' title='bbox 2444 4460 2549 4514; x_wconf 83' lang='grc' dir='ltr'><strong>ὑπὸ</strong></span> <span class='ocrx_word' id='word_1_674' title='bbox 2578 4458 2737 4513; x_wconf 88' lang='grc' dir='ltr'>Θεοῦ.</span> <span class='ocrx_word' id='word_1_675' title='bbox 2772 4457 2925 4528; x_wconf 76' lang='grc' dir='ltr'>’Ἅμα</span> <span class='ocrx_word' id='word_1_676' title='bbox 2950 4457 3007 4511; x_wconf 85' lang='grc' dir='ltr'><strong>δέ</strong></span> <span class='ocrx_word' id='word_1_677' title='bbox 3056 4456 3153 4509; x_wconf 72' lang='grc' dir='ltr'>καὶ</span> <span class='ocrx_word' id='word_1_678' title='bbox 3183 4450 3603 4525; x_wconf 76' lang='grc' dir='ltr'>παραθαρῤύνει</span> <span class='ocrx_word' id='word_1_679' title='bbox 3651 4450 3855 4511; x_wconf 71' lang='grc' dir='ltr'>αὐτοὺς</span> <span class='ocrx_word' id='word_1_680' title='bbox 3885 4449 4036 4501; x_wconf 65' lang='grc' dir='ltr'>ὥστε</span> 
     </span>
    </p>
   </div>
   <div class='ocr_carea' id='block_1_92' title="bbox 765 4540 2434 4639">
    <p class='ocr_par' dir='ltr' id='par_1_92' title="bbox 765 4547 2414 4639">
     <span class='ocr_line' id='line_1_92' title="bbox 765 4547 2414 4639; baseline -0.001 -36"><span class='ocrx_word' id='word_1_681' title='bbox 765 4548 993 4615; x_wconf 87' lang='lat' dir='ltr'><strong>perinde</strong></span> <span class='ocrx_word' id='word_1_682' title='bbox 1016 4547 1242 4604; x_wconf 90' lang='lat' dir='ltr'><strong>multum</strong></span> <span class='ocrx_word' id='word_1_683' title='bbox 1275 4547 1477 4604; x_wconf 87' lang='lat' dir='ltr'><strong>laboris</strong></span> <span class='ocrx_word' id='word_1_684' title='bbox 1502 4548 1583 4603; x_wconf 81' lang='lat' dir='ltr'><strong>vel</strong></span> <span class='ocrx_word' id='word_1_685' title='bbox 1609 4547 1808 4617; x_wconf 85' lang='lat' dir='ltr'><strong>negotii</strong></span> <span class='ocrx_word' id='word_1_686' title='bbox 1838 4548 1961 4603; x_wconf 89' lang='lat' dir='ltr'><strong>erit.</strong></span> <span class='ocrx_word' id='word_1_687' title='bbox 2369 4583 2414 4639; x_wconf 66' lang='grc' dir='ltr'>Β</span> 
     </span>
    </p>
   </div>
   <div class='ocr_carea' id='block_1_93' title="bbox 2365 4540 4034 4639">
    <p class='ocr_par' dir='ltr' id='par_1_93' title="bbox 2369 4540 4034 4639">
     <span class='ocr_line' id='line_1_93' title="bbox 2369 4540 4034 4639; baseline -0.007 -35"><span class='ocrx_word' id='word_1_688' title='bbox 2369 4583 2414 4639; x_wconf 75' lang='lat' dir='ltr'><strong>D</strong></span> <span class='ocrx_word' id='word_1_689' title='bbox 2448 4551 2521 4620; x_wconf 81' lang='grc' dir='ltr'>μὴ</span> <span class='ocrx_word' id='word_1_690' title='bbox 2552 4548 2886 4621; x_wconf 75' lang='grc' dir='ltr'>ρᾳθυμῆσαιο</span> <span class='ocrx_word' id='word_1_691' title='bbox 2940 4548 2989 4601; x_wconf 83' lang='grc' dir='ltr'>εἰ</span> <span class='ocrx_word' id='word_1_692' title='bbox 3043 4546 3155 4617; x_wconf 84' lang='grc' dir='ltr'>γὰρ</span> <span class='ocrx_word' id='word_1_693' title='bbox 3191 4554 3219 4600; x_wconf 82' lang='grc' dir='ltr'><strong>ὸ</strong></span> <span class='ocrx_word' id='word_1_694' title='bbox 3258 4545 3391 4608; x_wconf 89' lang='grc' dir='ltr'>Θεὸς</span> <span class='ocrx_word' id='word_1_695' title='bbox 3436 4542 3708 4597; x_wconf 83' lang='grc' dir='ltr'>ἐπιτελεῖν</span> <span class='ocrx_word' id='word_1_696' title='bbox 3726 4542 3772 4574; x_wconf 79' lang='grc'><strong>³⁸</strong></span> <span class='ocrx_word' id='word_1_697' title='bbox 3819 4540 4034 4611; x_wconf 78' lang='grc' dir='ltr'>μέλλει,</span> 
     </span>
    </p>
   </div>
   <div class='ocr_carea' id='block_1_94' title="bbox 2452 4637 3253 4705">
    <p class='ocr_par' dir='ltr' id='par_1_94' title="bbox 2452 4637 3253 4705">
     <span class='ocr_line' id='line_1_94' title="bbox 2452 4637 3253 4705; baseline -0.005 -14"><span class='ocrx_word' id='word_1_698' title='bbox 2452 4638 2573 4692; x_wconf 81' lang='grc' dir='ltr'>οὐδὲ</span> <span class='ocrx_word' id='word_1_699' title='bbox 2607 4637 2773 4702; x_wconf 70' lang='grc' dir='ltr'>πολὺς</span> <span class='ocrx_word' id='word_1_700' title='bbox 2808 4637 2961 4691; x_wconf 70' lang='grc' dir='ltr'>ἔσται</span> <span class='ocrx_word' id='word_1_701' title='bbox 2987 4637 3253 4705; x_wconf 82' lang='grc' dir='ltr'>κάματος.</span> 
     </span>
    </p>
   </div>
   <div class='ocr_carea' id='block_1_95' title="bbox 841 4722 2510 4798">
    <p class='ocr_par' dir='ltr' id='par_1_95' title="bbox 841 4722 2340 4797">
     <span class='ocr_line' id='line_1_95' title="bbox 841 4722 2340 4797; baseline 0.005 -19"><span class='ocrx_word' id='word_1_702' title='bbox 841 4722 1012 4794; x_wconf 75' lang='lat' dir='ltr'><strong>Usque</strong></span> <span class='ocrx_word' id='word_1_703' title='bbox 1056 4727 1109 4779; x_wconf 92' lang='lat' dir='ltr'><strong>in</strong></span> <span class='ocrx_word' id='word_1_704' title='bbox 1163 4726 1305 4780; x_wconf 87' lang='lat' dir='ltr'><strong>diem</strong></span> <span class='ocrx_word' id='word_1_705' title='bbox 1340 4725 1467 4781; x_wconf 78' lang='lat' dir='ltr'><strong>Iesu</strong></span> <span class='ocrx_word' id='word_1_706' title='bbox 1500 4726 1719 4781; x_wconf 80' lang='lat' dir='ltr'><strong>Christi.</strong></span> <span class='ocrx_word' id='word_1_707' title='bbox 1779 4730 1896 4783; x_wconf 80' lang='lat' dir='ltr'><strong>Hoc</strong></span> <span class='ocrx_word' id='word_1_708' title='bbox 1928 4737 2033 4791; x_wconf 85' lang='lat' dir='ltr'><strong>est,</strong></span> <span class='ocrx_word' id='word_1_709' title='bbox 2074 4742 2245 4797; x_wconf 87' lang='lat' dir='ltr'><strong>usque</strong></span> <span class='ocrx_word' id='word_1_710' title='bbox 2274 4729 2340 4785; x_wconf 87' lang='lat' dir='ltr'><strong>ad</strong></span> 
     </span>
    </p>
   </div>
   <div class='ocr_carea' id='block_1_96' title="bbox 2370 4722 4039 4798">
    <p class='ocr_par' dir='ltr' id='par_1_96' title="bbox 2526 4723 4039 4798">
     <span class='ocr_line' id='line_1_96' title="bbox 2526 4723 4039 4798; baseline -0.007 -14"><span class='ocrx_word' id='word_1_711' title='bbox 2526 4731 2736 4798; x_wconf 76' lang='grc' dir='ltr'>Ἀχρις</span> <span class='ocrx_word' id='word_1_712' title='bbox 2762 4728 2989 4797; x_wconf 73' lang='grc' dir='ltr'>ἡμέρας</span> <span class='ocrx_word' id='word_1_713' title='bbox 3027 4728 3222 4795; x_wconf 83' lang='grc' dir='ltr'>Ἰησοῦ</span> <span class='ocrx_word' id='word_1_714' title='bbox 3245 4726 3527 4795; x_wconf 75' lang='grc' dir='ltr'>Χριστοῦ.</span> <span class='ocrx_word' id='word_1_715' title='bbox 3550 4723 3869 4784; x_wconf 85' lang='grc' dir='ltr'>Τουτέστιν,</span> <span class='ocrx_word' id='word_1_716' title='bbox 3903 4723 4039 4791; x_wconf 53' lang='lat' dir='ltr'><strong>axe.</strong></span> 
     </span>
    </p>
   </div>
   <div class='ocr_carea' id='block_1_97' title="bbox 767 4816 2436 4891">
    <p class='ocr_par' dir='ltr' id='par_1_97' title="bbox 767 4816 2341 4890">
     <span class='ocr_line' id='line_1_97' title="bbox 767 4816 2341 4890; baseline 0.002 -20"><span class='ocrx_word' id='word_1_717' title='bbox 767 4820 1060 4873; x_wconf 78' lang='lat' dir='ltr'><strong>adventant</strong></span> <span class='ocrx_word' id='word_1_718' title='bbox 1098 4816 1332 4873; x_wconf 89' lang='lat' dir='ltr'><strong>Domini.</strong></span> <span class='ocrx_word' id='word_1_719' title='bbox 1387 4818 1501 4883; x_wconf 89' lang='lat' dir='ltr'><strong>Sic,</strong></span> <span class='ocrx_word' id='word_1_720' title='bbox 1556 4819 1755 4889; x_wconf 85' lang='lat' dir='ltr'><strong>inquit,</strong></span> <span class='ocrx_word' id='word_1_721' title='bbox 1799 4818 2030 4883; x_wconf 82' lang='lat' dir='ltr'><strong>confido,</strong></span> <span class='ocrx_word' id='word_1_722' title='bbox 2066 4820 2210 4890; x_wconf 88' lang='lat' dir='ltr'><strong>quod</strong></span> <span class='ocrx_word' id='word_1_723' title='bbox 2237 4835 2341 4875; x_wconf 91' lang='lat' dir='ltr'><strong>non</strong></span> 
     </span>
    </p>
   </div>
   <div class='ocr_carea' id='block_1_98' title="bbox 2367 4816 4036 4891">
    <p class='ocr_par' dir='ltr' id='par_1_98' title="bbox 2450 4816 4036 4891">
     <span class='ocr_line' id='line_1_98' title="bbox 2450 4816 4036 4891; baseline -0.005 -16"><span class='ocrx_word' id='word_1_724' title='bbox 2450 4823 2548 4891; x_wconf 79' lang='grc' dir='ltr'>τῆς</span> <span class='ocrx_word' id='word_1_725' title='bbox 2583 4822 2885 4891; x_wconf 86' lang='grc' dir='ltr'>παρουσίας</span> <span class='ocrx_word' id='word_1_726' title='bbox 2911 4820 3003 4874; x_wconf 90' lang='grc' dir='ltr'><strong>τοῦ</strong></span> <span class='ocrx_word' id='word_1_727' title='bbox 3028 4820 3259 4890; x_wconf 83' lang='grc' dir='ltr'>Κυρίου.</span> <span class='ocrx_word' id='word_1_728' title='bbox 3295 4818 3473 4880; x_wconf 79' lang='grc' dir='ltr'>Οὕτω,</span> <span class='ocrx_word' id='word_1_729' title='bbox 3507 4818 3665 4889; x_wconf 71' lang='grc' dir='ltr'>φησι,</span> <span class='ocrx_word' id='word_1_730' title='bbox 3700 4816 3919 4887; x_wconf 71' lang='grc' dir='ltr'>θαρρῶ,</span> <span class='ocrx_word' id='word_1_731' title='bbox 3952 4817 4036 4868; x_wconf 76' lang='grc' dir='ltr'><strong>ὅτι</strong></span> 
     </span>
    </p>
   </div>
   <div class='ocr_carea' id='block_1_99' title="bbox 772 4907 2441 4981">
    <p class='ocr_par' dir='ltr' id='par_1_99' title="bbox 772 4907 2343 4980">
     <span class='ocr_line' id='line_1_99' title="bbox 772 4907 2343 4980; baseline 0.003 -19"><span class='ocrx_word' id='word_1_732' title='bbox 772 4909 830 4963; x_wconf 88' lang='lat' dir='ltr'><strong>in</strong></span> <span class='ocrx_word' id='word_1_733' title='bbox 865 4907 994 4963; x_wconf 89' lang='lat' dir='ltr'><strong>solis</strong></span> <span class='ocrx_word' id='word_1_734' title='bbox 1031 4907 1183 4963; x_wconf 88' lang='lat' dir='ltr'><strong>vobis</strong></span> <span class='ocrx_word' id='word_1_735' title='bbox 1222 4907 1364 4963; x_wconf 90' lang='lat' dir='ltr'><strong>Deus</strong></span> <span class='ocrx_word' id='word_1_736' title='bbox 1395 4908 1731 4978; x_wconf 78' lang='lat' dir='ltr'><strong>operabitur.</strong></span> <span class='ocrx_word' id='word_1_737' title='bbox 1770 4912 1866 4965; x_wconf 88' lang='lat' dir='ltr'><strong>sed</strong></span> <span class='ocrx_word' id='word_1_738' title='bbox 1908 4920 1963 4964; x_wconf 91' lang='lat' dir='ltr'><strong>et</strong></span> <span class='ocrx_word' id='word_1_739' title='bbox 1991 4911 2043 4965; x_wconf 92' lang='lat' dir='ltr'><strong>in</strong></span> <span class='ocrx_word' id='word_1_740' title='bbox 2070 4910 2136 4965; x_wconf 94' lang='lat' dir='ltr'><strong>iis</strong></span> <span class='ocrx_word' id='word_1_741' title='bbox 2165 4912 2255 4980; x_wconf 91' lang='lat' dir='ltr'><strong>qui</strong></span> <span class='ocrx_word' id='word_1_742' title='bbox 2312 4926 2343 4965; x_wconf 94' lang='lat' dir='ltr'><strong>e</strong></span> 
     </span>
    </p>
   </div>
   <div class='ocr_carea' id='block_1_100' title="bbox 2366 4907 4035 4981">
    <p class='ocr_par' dir='ltr' id='par_1_100' title="bbox 2452 4908 4035 4981">
     <span class='ocr_line' id='line_1_100' title="bbox 2452 4908 4035 4981; baseline -0.004 -16"><span class='ocrx_word' id='word_1_743' title='bbox 2452 4912 2551 4965; x_wconf 77' lang='grc' dir='ltr'><strong>οὐκ</strong></span> <span class='ocrx_word' id='word_1_744' title='bbox 2584 4913 2641 4964; x_wconf 87' lang='grc' dir='ltr'><strong>ὲν</strong></span> <span class='ocrx_word' id='word_1_745' title='bbox 2690 4911 2869 4981; x_wconf 79' lang='grc' dir='ltr'>μόνοις</span> <span class='ocrx_word' id='word_1_746' title='bbox 2905 4912 3032 4981; x_wconf 81' lang='grc' dir='ltr'>ὑμῖν</span> <span class='ocrx_word' id='word_1_747' title='bbox 3066 4913 3093 4963; x_wconf 84' lang='grc' dir='ltr'>ὁ</span> <span class='ocrx_word' id='word_1_748' title='bbox 3128 4911 3261 4973; x_wconf 85' lang='grc' dir='ltr'>Θεὸς</span> <span class='ocrx_word' id='word_1_749' title='bbox 3312 4910 3620 4979; x_wconf 81' lang='grc' dir='ltr'>ἐνεργήσει,</span> <span class='ocrx_word' id='word_1_750' title='bbox 3655 4908 3794 4961; x_wconf 73' lang='grc' dir='ltr'>ἀλλὰ</span> <span class='ocrx_word' id='word_1_751' title='bbox 3826 4910 3927 4960; x_wconf 72' lang='grc' dir='ltr'><strong>καὶ</strong></span> <span class='ocrx_word' id='word_1_752' title='bbox 3976 4908 4035 4958; x_wconf 87' lang='grc' dir='ltr'><strong>ἐν</strong></span> 
     </span>
    </p>
   </div>
   <div class='ocr_carea' id='block_1_101' title="bbox 768 4998 2343 5068">
    <p class='ocr_par' dir='ltr' id='par_1_101' title="bbox 768 4998 2343 5068">
     <span class='ocr_line' id='line_1_101' title="bbox 768 4998 2343 5068; baseline 0.003 -18"><span class='ocrx_word' id='word_1_753' title='bbox 768 4998 924 5053; x_wconf 90' lang='lat' dir='ltr'><strong>vobis</strong></span> <span class='ocrx_word' id='word_1_754' title='bbox 950 4999 1209 5053; x_wconf 89' lang='lat' dir='ltr'><strong>credituri</strong></span> <span class='ocrx_word' id='word_1_755' title='bbox 1237 5005 1385 5063; x_wconf 89' lang='lat' dir='ltr'><strong>sunt,</strong></span> <span class='ocrx_word' id='word_1_756' title='bbox 1412 4999 1477 5053; x_wconf 90' lang='lat' dir='ltr'><strong>ad</strong></span> <span class='ocrx_word' id='word_1_757' title='bbox 1505 4999 1689 5053; x_wconf 90' lang='lat' dir='ltr'><strong>mundi</strong></span> <span class='ocrx_word' id='word_1_758' title='bbox 1720 5014 1888 5068; x_wconf 82' lang='lat' dir='ltr'><strong>usque.</strong></span> <span class='ocrx_word' id='word_1_759' title='bbox 1916 5000 2343 5055; x_wconf 81' lang='lat' dir='ltr'><strong>consummatio-</strong></span> 
     </span>
    </p>
   </div>
   <div class='ocr_carea' id='block_1_102' title="bbox 770 5087 2340 5159">
    <p class='ocr_par' dir='ltr' id='par_1_102' title="bbox 770 5087 2340 5159">
     <span class='ocr_line' id='line_1_102' title="bbox 770 5087 2340 5159; baseline 0.001 -17"><span class='ocrx_word' id='word_1_760' title='bbox 770 5104 914 5143; x_wconf 89' lang='lat' dir='ltr'><strong>nem.</strong></span> <span class='ocrx_word' id='word_1_761' title='bbox 954 5088 1043 5143; x_wconf 66' lang='grc' dir='ltr'><strong>νει</strong></span> <span class='ocrx_word' id='word_1_762' title='bbox 1075 5105 1230 5144; x_wconf 89' lang='lat' dir='ltr'><strong>suum</strong></span> <span class='ocrx_word' id='word_1_763' title='bbox 1258 5088 1528 5159; x_wconf 84' lang='lat' dir='ltr'><strong>cujusque</strong></span> <span class='ocrx_word' id='word_1_764' title='bbox 1558 5090 1787 5154; x_wconf 89' lang='lat' dir='ltr'><strong>obitum,</strong></span> <span class='ocrx_word' id='word_1_765' title='bbox 1814 5089 1953 5144; x_wconf 87' lang='lat' dir='ltr'><strong>diem</strong></span> <span class='ocrx_word' id='word_1_766' title='bbox 1978 5087 2105 5146; x_wconf 83' lang='lat' dir='ltr'><strong>Jesu</strong></span> <span class='ocrx_word' id='word_1_767' title='bbox 2138 5088 2340 5146; x_wconf 90' lang='lat' dir='ltr'><strong>Christi</strong></span> 
     </span>
    </p>
   </div>
   <div class='ocr_carea' id='block_1_103' title="bbox 772 5183 1849 5253">
    <p class='ocr_par' dir='ltr' id='par_1_103' title="bbox 772 5183 1849 5253">
     <span class='ocr_line' id='line_1_103' title="bbox 772 5183 1849 5253; baseline -0.002 -17"><span class='ocrx_word' id='word_1_768' title='bbox 772 5183 1029 5253; x_wconf 88' lang='lat' dir='ltr'><strong>iutellige,</strong></span> <span class='ocrx_word' id='word_1_769' title='bbox 1059 5183 1160 5240; x_wconf 88' lang='lat' dir='ltr'><strong>hoc</strong></span> <span class='ocrx_word' id='word_1_770' title='bbox 1200 5192 1282 5239; x_wconf 88' lang='lat' dir='ltr'><strong>est</strong></span> <span class='ocrx_word' id='word_1_771' title='bbox 1308 5183 1849 5238; x_wconf 89' lang='lat' dir='ltr'><strong>consummationem.</strong></span> 
     </span>
    </p>
   </div>
   <div class='ocr_carea' id='block_1_104' title="bbox 843 5266 2343 5341">
    <p class='ocr_par' dir='ltr' id='par_1_104' title="bbox 843 5266 2343 5341">
     <span class='ocr_line' id='line_1_104' title="bbox 843 5266 2343 5341; baseline 0.001 -14"><span class='ocrx_word' id='word_1_772' title='bbox 843 5276 1005 5329; x_wconf 68' lang='lat' dir='ltr'><strong>Vens.</strong></span> <span class='ocrx_word' id='word_1_773' title='bbox 1040 5275 1090 5329; x_wconf 87' lang='lat'><strong>7.</strong></span> <span class='ocrx_word' id='word_1_774' title='bbox 1139 5274 1289 5329; x_wconf 85' lang='lat' dir='ltr'><strong>Sicut</strong></span> <span class='ocrx_word' id='word_1_775' title='bbox 1348 5286 1423 5329; x_wconf 86' lang='lat' dir='ltr'><strong>est</strong></span> <span class='ocrx_word' id='word_1_776' title='bbox 1456 5275 1585 5329; x_wconf 79' lang='lat' dir='ltr'><strong>mihi</strong></span> <span class='ocrx_word' id='word_1_777' title='bbox 1636 5266 1853 5341; x_wconf 79' lang='lat' dir='ltr'><strong>justum</strong></span> <span class='ocrx_word' id='word_1_778' title='bbox 1887 5274 1983 5327; x_wconf 84' lang='lat' dir='ltr'><strong>hoc</strong></span> <span class='ocrx_word' id='word_1_779' title='bbox 2033 5276 2228 5329; x_wconf 86' lang='lat' dir='ltr'><strong>sentire</strong></span> <span class='ocrx_word' id='word_1_780' title='bbox 2280 5278 2343 5329; x_wconf 87' lang='lat' dir='ltr'><strong>de</strong></span> 
     </span>
    </p>
   </div>
   <div class='ocr_carea' id='block_1_105' title="bbox 772 5366 2337 5437">
    <p class='ocr_par' dir='ltr' id='par_1_105' title="bbox 772 5366 2337 5437">
     <span class='ocr_line' id='line_1_105' title="bbox 772 5366 2337 5437; baseline -0.002 -16"><span class='ocrx_word' id='word_1_781' title='bbox 772 5370 1009 5421; x_wconf 83' lang='lat' dir='ltr'><strong>omnibus</strong></span> <span class='ocrx_word' id='word_1_782' title='bbox 1045 5368 1210 5433; x_wconf 80' lang='lat' dir='ltr'><strong>vobis,</strong></span> <span class='ocrx_word' id='word_1_783' title='bbox 1252 5384 1312 5421; x_wconf 89' lang='lat' dir='ltr'><strong>eo</strong></span> <span class='ocrx_word' id='word_1_784' title='bbox 1344 5369 1481 5437; x_wconf 86' lang='lat' dir='ltr'><strong>quod</strong></span> <span class='ocrx_word' id='word_1_785' title='bbox 1522 5368 1739 5419; x_wconf 80' lang='lat' dir='ltr'><strong>habeam</strong></span> <span class='ocrx_word' id='word_1_786' title='bbox 1772 5382 1859 5419; x_wconf 82' lang='lat' dir='ltr'><strong>vos</strong></span> <span class='ocrx_word' id='word_1_787' title='bbox 1890 5366 1943 5418; x_wconf 91' lang='lat' dir='ltr'><strong>in</strong></span> <span class='ocrx_word' id='word_1_788' title='bbox 1966 5366 2140 5431; x_wconf 83' lang='lat' dir='ltr'><strong>corde,</strong></span> <span class='ocrx_word' id='word_1_789' title='bbox 2180 5375 2233 5419; x_wconf 85' lang='lat' dir='ltr'><strong>et</strong></span> <span class='ocrx_word' id='word_1_790' title='bbox 2281 5367 2337 5421; x_wconf 80' lang='lat' dir='ltr'><strong>in</strong></span> 
     </span>
    </p>
   </div>
   <div class='ocr_carea' id='block_1_106' title="bbox 883 5500 1304 5563">
    <p class='ocr_par' dir='ltr' id='par_1_106' title="bbox 883 5500 1304 5563">
     <span class='ocr_line' id='line_1_106' title="bbox 883 5500 1304 5563; baseline 0.005 -8"><span class='ocrx_word' id='word_1_791' title='bbox 883 5511 906 5536; x_wconf 81' lang='grc' dir='ltr'>ι’</span> <span class='ocrx_word' id='word_1_792' title='bbox 938 5500 973 5555; x_wconf 93' lang='lat' dir='ltr'>II</span> <span class='ocrx_word' id='word_1_793' title='bbox 1005 5502 1135 5556; x_wconf 87' lang='lat' dir='ltr'><strong>Cor.</strong></span> <span class='ocrx_word' id='word_1_794' title='bbox 1172 5519 1208 5563; x_wconf 89' lang='lat' dir='ltr'><strong>I,</strong></span> <span class='ocrx_word' id='word_1_795' title='bbox 1251 5504 1304 5557; x_wconf 68' lang='lat' dir='ltr'><strong>Il.</strong></span> 
     </span>
    </p>
   </div>
   <div class='ocr_carea' id='block_1_107' title="bbox 2453 4997 4036 5073">
    <p class='ocr_par' dir='ltr' id='par_1_107' title="bbox 2453 4997 4036 5073">
     <span class='ocr_line' id='line_1_107' title="bbox 2453 4997 4036 5073; baseline -0.003 -18"><span class='ocrx_word' id='word_1_796' title='bbox 2453 5005 2566 5066; x_wconf 82' lang='grc' dir='ltr'>τοῖς</span> <span class='ocrx_word' id='word_1_797' title='bbox 2598 5002 2657 5068; x_wconf 78' lang='grc' dir='ltr'><strong>ἐξ</strong></span> <span class='ocrx_word' id='word_1_798' title='bbox 2711 5003 2863 5073; x_wconf 82' lang='grc' dir='ltr'>ὑμῶν</span> <span class='ocrx_word' id='word_1_799' title='bbox 2889 5002 2955 5069; x_wconf 85' lang='grc'><strong>¹¹,</strong></span> <span class='ocrx_word' id='word_1_800' title='bbox 3013 5001 3142 5073; x_wconf 83' lang='grc' dir='ltr'>ἄχρι</span> <span class='ocrx_word' id='word_1_801' title='bbox 3184 5002 3283 5071; x_wconf 81' lang='grc' dir='ltr'>τῆς</span> <span class='ocrx_word' id='word_1_802' title='bbox 3324 5000 3634 5061; x_wconf 82' lang='grc' dir='ltr'>συντελείας</span> <span class='ocrx_word' id='word_1_803' title='bbox 3666 4997 3760 5051; x_wconf 85' lang='grc' dir='ltr'><strong>τοῦ</strong></span> <span class='ocrx_word' id='word_1_804' title='bbox 3793 4998 4036 5067; x_wconf 68' lang='grc' dir='ltr'>κόσμου.</span> 
     </span>
    </p>
   </div>
   <div class='ocr_carea' id='block_1_108' title="bbox 2449 5086 4037 5165">
    <p class='ocr_par' dir='ltr' id='par_1_108' title="bbox 2449 5086 4037 5165">
     <span class='ocr_line' id='line_1_108' title="bbox 2449 5086 4037 5165; baseline -0.006 -17"><span class='ocrx_word' id='word_1_805' title='bbox 2449 5096 2518 5148; x_wconf 86' lang='grc' dir='ltr'><em>Ἢ</em></span> <span class='ocrx_word' id='word_1_806' title='bbox 2548 5094 2645 5165; x_wconf 82' lang='grc' dir='ltr'><strong>τὴν</strong></span> <span class='ocrx_word' id='word_1_807' title='bbox 2677 5094 2906 5147; x_wconf 87' lang='grc' dir='ltr'>ἐκάστου</span> <span class='ocrx_word' id='word_1_808' title='bbox 2938 5091 3215 5162; x_wconf 77' lang='grc' dir='ltr'>τελευτὴν,</span> <span class='ocrx_word' id='word_1_809' title='bbox 3274 5090 3488 5162; x_wconf 79' lang='grc' dir='ltr'>ἡμέραν</span> <span class='ocrx_word' id='word_1_810' title='bbox 3544 5088 3723 5158; x_wconf 79' lang='grc' dir='ltr'>Ἰησοῦ</span> <span class='ocrx_word' id='word_1_811' title='bbox 3785 5086 4037 5159; x_wconf 76' lang='grc' dir='ltr'>Χριστοῦ</span> 
     </span>
    </p>
   </div>
   <div class='ocr_carea' id='block_1_109' title="bbox 2447 5182 3235 5249">
    <p class='ocr_par' dir='ltr' id='par_1_109' title="bbox 2447 5182 3235 5249">
     <span class='ocr_line' id='line_1_109' title="bbox 2447 5182 3235 5249; baseline -0.005 -10"><span class='ocrx_word' id='word_1_812' title='bbox 2447 5184 2578 5249; x_wconf 79' lang='grc' dir='ltr'>νόει,</span> <span class='ocrx_word' id='word_1_813' title='bbox 2620 5185 2867 5237; x_wconf 81' lang='grc' dir='ltr'>τουτέστι</span> <span class='ocrx_word' id='word_1_814' title='bbox 2902 5182 3235 5237; x_wconf 81' lang='grc' dir='ltr'>συντέλειαν.</span> 
     </span>
    </p>
   </div>
   <div class='ocr_carea' id='block_1_110' title="bbox 2524 5268 4037 5341">
    <p class='ocr_par' dir='ltr' id='par_1_110' title="bbox 2524 5268 4037 5341">
     <span class='ocr_line' id='line_1_110' title="bbox 2524 5268 4037 5341; baseline -0.007 -11"><span class='ocrx_word' id='word_1_815' title='bbox 2524 5274 2727 5341; x_wconf 83' lang='grc' dir='ltr'>Καθὼς</span> <span class='ocrx_word' id='word_1_816' title='bbox 2758 5274 2892 5328; x_wconf 84' lang='grc' dir='ltr'>ἐστι</span> <span class='ocrx_word' id='word_1_817' title='bbox 2931 5274 3167 5327; x_wconf 82' lang='grc' dir='ltr'>δίκαιον</span> <span class='ocrx_word' id='word_1_818' title='bbox 3195 5272 3324 5340; x_wconf 72' lang='grc' dir='ltr'>ἐμοὶ</span> <span class='ocrx_word' id='word_1_819' title='bbox 3364 5271 3544 5326; x_wconf 73' lang='grc' dir='ltr'>τοῦτο</span> <span class='ocrx_word' id='word_1_820' title='bbox 3592 5268 3841 5340; x_wconf 63' lang='grc' dir='ltr'>φρονεῖν</span> <span class='ocrx_word' id='word_1_821' title='bbox 3875 5269 4037 5333; x_wconf 71' lang='grc' dir='ltr'>ὑπὲρ</span> 
     </span>
    </p>
   </div>
   <div class='ocr_carea' id='block_1_111' title="bbox 2451 5360 4037 5436">
    <p class='ocr_par' dir='ltr' id='par_1_111' title="bbox 2451 5360 4037 5436">
     <span class='ocr_line' id='line_1_111' title="bbox 2451 5360 4037 5436; baseline -0.008 -13"><span class='ocrx_word' id='word_1_822' title='bbox 2451 5367 2734 5423; x_wconf 79' lang='grc' dir='ltr'>ἁπάντων</span> <span class='ocrx_word' id='word_1_823' title='bbox 2762 5366 2949 5436; x_wconf 83' lang='grc' dir='ltr'>ὑμῶν,</span> <span class='ocrx_word' id='word_1_824' title='bbox 2985 5366 3083 5421; x_wconf 82' lang='grc' dir='ltr'>διὰ</span> <span class='ocrx_word' id='word_1_825' title='bbox 3136 5367 3202 5419; x_wconf 81' lang='grc' dir='ltr'><strong>τὸ</strong></span> <span class='ocrx_word' id='word_1_826' title='bbox 3248 5365 3505 5434; x_wconf 77' lang='grc' dir='ltr'>ἕχεινμε</span> <span class='ocrx_word' id='word_1_827' title='bbox 3557 5364 3629 5419; x_wconf 78' lang='grc' dir='ltr'>ἐν</span> <span class='ocrx_word' id='word_1_828' title='bbox 3682 5362 3755 5429; x_wconf 79' lang='grc' dir='ltr'>τῇ</span> <span class='ocrx_word' id='word_1_829' title='bbox 3814 5360 4037 5429; x_wconf 46' lang='lat' dir='ltr'><strong>rapat:</strong></span> 
     </span>
    </p>
   </div>
   <div class='ocr_carea' id='block_1_112' title="bbox 2062 5616 2727 5681">
    <p class='ocr_par' dir='ltr' id='par_1_112' title="bbox 2062 5616 2727 5681">
     <span class='ocr_line' id='line_1_112' title="bbox 2062 5616 2727 5681; baseline 0.009 -6"><span class='ocrx_word' id='word_1_830' title='bbox 2062 5656 2066 5661; x_wconf 89' lang='grc'><strong>-</strong></span> <span class='ocrx_word' id='word_1_831' title='bbox 2170 5617 2369 5679; x_wconf 65' lang='lat' dir='ltr'><strong>Varia)</strong></span> <span class='ocrx_word' id='word_1_832' title='bbox 2401 5616 2727 5681; x_wconf 88' lang='lat' dir='ltr'><strong>lectiones.</strong></span> 
     </span>
    </p>
   </div>
   <div class='ocr_carea' id='block_1_113' title="bbox 847 5740 1375 5810">
    <p class='ocr_par' dir='ltr' id='par_1_113' title="bbox 847 5740 1375 5810">
     <span class='ocr_line' id='line_1_113' title="bbox 847 5740 1375 5810; baseline 0 -18"><span class='ocrx_word' id='word_1_833' title='bbox 847 5742 887 5770; x_wconf 78' lang='grc'>⁸⁷</span> <span class='ocrx_word' id='word_1_834' title='bbox 928 5740 1140 5810; x_wconf 78' lang='grc' dir='ltr'>πόνονῆ</span> <span class='ocrx_word' id='word_1_835' title='bbox 1170 5740 1283 5793; x_wconf 76' lang='grc' dir='ltr'>δεύ.</span> <span class='ocrx_word' id='word_1_836' title='bbox 1325 5754 1375 5792; x_wconf 90' lang='grc' dir='ltr'><strong>ο.</strong></span> 
     </span>
    </p>
   </div>
   <div class='ocr_carea' id='block_1_114' title="bbox 1487 5736 1972 5807">
    <p class='ocr_par' dir='ltr' id='par_1_114' title="bbox 1487 5736 1972 5807">
     <span class='ocr_line' id='line_1_114' title="bbox 1487 5736 1972 5807; baseline 0 -16"><span class='ocrx_word' id='word_1_837' title='bbox 1487 5740 1528 5773; x_wconf 80' lang='grc'><strong>¹⁸</strong></span> <span class='ocrx_word' id='word_1_838' title='bbox 1565 5736 1972 5807; x_wconf 77' lang='grc' dir='ltr'>ἐπιμελοῦντες,</span> 
     </span>
    </p>
   </div>
   <div class='ocr_carea' id='block_1_115' title="bbox 776 5810 1089 5881">
    <p class='ocr_par' dir='ltr' id='par_1_115' title="bbox 776 5810 1089 5881">
     <span class='ocr_line' id='line_1_115' title="bbox 776 5810 1089 5881; baseline 0.01 -20"><span class='ocrx_word' id='word_1_839' title='bbox 776 5812 816 5843; x_wconf 81' lang='grc'><strong><em>⁸⁸</em></strong></span> <span class='ocrx_word' id='word_1_840' title='bbox 859 5810 1011 5881; x_wconf 77' lang='grc' dir='ltr'>ἡμῶν</span> <span class='ocrx_word' id='word_1_841' title='bbox 1040 5827 1089 5864; x_wconf 86' lang='lat'><strong>0.</strong></span> 
     </span>
    </p>
   </div>
   <div class='ocr_carea' id='block_1_116' title="bbox 2037 5737 2743 5810">
    <p class='ocr_par' dir='ltr' id='par_1_116' title="bbox 2037 5737 2743 5810">
     <span class='ocr_line' id='line_1_116' title="bbox 2037 5737 2743 5810; baseline 0.006 -17"><span class='ocrx_word' id='word_1_842' title='bbox 2037 5739 2157 5805; x_wconf 75' lang='grc' dir='ltr'>καὶ,</span> <span class='ocrx_word' id='word_1_843' title='bbox 2216 5737 2664 5810; x_wconf 80' lang='grc' dir='ltr'>πλημμελοῦντες</span> <span class='ocrx_word' id='word_1_844' title='bbox 2694 5757 2743 5797; x_wconf 94' lang='grc' dir='ltr'><strong>ο.</strong></span> 
     </span>
    </p>
   </div>
   <div class='ocr_carea' id='block_1_117' title="bbox 2854 5737 4029 5798">
    <p class='ocr_par' dir='ltr' id='par_1_117' title="bbox 2854 5737 4029 5798">
     <span class='ocr_line' id='line_1_117' title="bbox 2854 5737 4029 5798; baseline 0.003 -3"><span class='ocrx_word' id='word_1_845' title='bbox 2854 5744 2896 5776; x_wconf 71' lang='grc' dir='ltr'><strong><em>η</em></strong></span> <span class='ocrx_word' id='word_1_846' title='bbox 2953 5741 3059 5795; x_wconf 77' lang='grc' dir='ltr'>κάκ</span> <span class='ocrx_word' id='word_1_847' title='bbox 3120 5739 3308 5794; x_wconf 81' lang='grc' dir='ltr'>τούτου</span> <span class='ocrx_word' id='word_1_848' title='bbox 3360 5753 3412 5795; x_wconf 89' lang='grc' dir='ltr'><strong>ο.</strong></span> <span class='ocrx_word' id='word_1_849' title='bbox 3505 5737 3948 5793; x_wconf 61' lang='grc' dir='ltr'>⁹⁰ἐπμτελέτειν</span> <span class='ocrx_word' id='word_1_850' title='bbox 3976 5754 4029 5798; x_wconf 91' lang='lat' dir='ltr'><strong>o.</strong></span> 
     </span>
    </p>
   </div>
  </div>
