  <div class='ocr_page' id='page_1' title='image "/cluster/home/n/w/nwhite01/storage/ocr_20150623/124/nnc1.0046979735/596.png"; bbox 0 0 4226 6440; ppageno 0'>
   <div class='ocr_carea' id='block_1_1' title="bbox 194 360 334 426">
    <p class='ocr_par' dir='ltr' id='par_1_1' title="bbox 194 360 334 426">
     <span class='ocr_line' id='line_1_1' title="bbox 194 360 334 426; baseline 0.007 -4"><span class='ocrx_word' id='word_1_1' title='bbox 194 360 334 426; x_wconf 63' lang='lat' dir='ltr'><strong>lli-5</strong></span> 
     </span>
    </p>
   </div>
   <div class='ocr_carea' id='block_1_2' title="bbox 964 358 2641 423">
    <p class='ocr_par' dir='ltr' id='par_1_2' title="bbox 964 358 2641 423">
     <span class='ocr_line' id='line_1_2' title="bbox 964 358 2641 423; baseline -0.001 0"><span class='ocrx_word' id='word_1_2' title='bbox 964 359 1371 423; x_wconf 77' lang='lat' dir='ltr'><strong>EXPOSITIO</strong></span> <span class='ocrx_word' id='word_1_3' title='bbox 1415 360 1496 420; x_wconf 81' lang='lat' dir='ltr'><strong>IN</strong></span> <span class='ocrx_word' id='word_1_4' title='bbox 1533 359 1771 419; x_wconf 82' lang='lat' dir='ltr'><strong>EPIST.</strong></span> <span class='ocrx_word' id='word_1_5' title='bbox 1810 358 1909 417; x_wconf 86' lang='lat' dir='ltr'><strong>AD</strong></span> <span class='ocrx_word' id='word_1_6' title='bbox 1937 359 2269 423; x_wconf 81' lang='lat' dir='ltr'><strong>PHILIPP.</strong></span> <span class='ocrx_word' id='word_1_7' title='bbox 2301 388 2366 397; x_wconf 86' lang='lat'><strong>—</strong></span> <span class='ocrx_word' id='word_1_8' title='bbox 2390 361 2547 423; x_wconf 83' lang='lat' dir='ltr'><strong>CAP.</strong></span> <span class='ocrx_word' id='word_1_9' title='bbox 2594 361 2641 421; x_wconf 89' lang='grc' dir='ltr'><strong>Ι.</strong></span> 
     </span>
    </p>
   </div>
   <div class='ocr_carea' id='block_1_3' title="bbox 3318 356 3453 423">
    <p class='ocr_par' dir='ltr' id='par_1_3' title="bbox 3318 356 3453 423">
     <span class='ocr_line' id='line_1_3' title="bbox 3318 356 3453 423; baseline 0 0"><span class='ocrx_word' id='word_1_10' title='bbox 3318 356 3453 423; x_wconf 69' lang='grc'><strong>1146</strong></span> 
     </span>
    </p>
   </div>
   <div class='ocr_carea' id='block_1_4' title="bbox 186 469 1923 545">
    <p class='ocr_par' dir='ltr' id='par_1_4' title="bbox 186 469 1923 543">
     <span class='ocr_line' id='line_1_4' title="bbox 186 469 1923 543; baseline -0.003 -15"><span class='ocrx_word' id='word_1_11' title='bbox 186 474 370 543; x_wconf 74' lang='grc' dir='ltr'>ὑμᾶς,</span> <span class='ocrx_word' id='word_1_12' title='bbox 396 472 466 526; x_wconf 76' lang='grc' dir='ltr'>ἔν</span> <span class='ocrx_word' id='word_1_13' title='bbox 495 488 558 526; x_wconf 80' lang='grc' dir='ltr'><strong>τε</strong></span> <span class='ocrx_word' id='word_1_14' title='bbox 579 471 701 538; x_wconf 85' lang='grc' dir='ltr'>τοῖς</span> <span class='ocrx_word' id='word_1_15' title='bbox 736 470 983 541; x_wconf 80' lang='grc' dir='ltr'><strong>δεσμοῖς</strong></span> <span class='ocrx_word' id='word_1_16' title='bbox 1022 492 1164 543; x_wconf 82' lang='grc' dir='ltr'>μου,</span> <span class='ocrx_word' id='word_1_17' title='bbox 1198 473 1295 526; x_wconf 74' lang='grc' dir='ltr'>καὶ</span> <span class='ocrx_word' id='word_1_18' title='bbox 1343 470 1417 539; x_wconf 66' lang='grc' dir='ltr'>τῖε</span> <span class='ocrx_word' id='word_1_19' title='bbox 1452 469 1771 539; x_wconf 74' lang='grc' dir='ltr'>ἀπολογίᾳ,</span> <span class='ocrx_word' id='word_1_20' title='bbox 1806 473 1854 526; x_wconf 72' lang='grc' dir='ltr'><strong>Α·</strong></span> <span class='ocrx_word' id='word_1_21' title='bbox 1878 472 1923 523; x_wconf 85' lang='lat' dir='ltr'><strong>vi</strong></span> 
     </span>
    </p>
   </div>
   <div class='ocr_carea' id='block_1_5' title="bbox 1829 469 3450 545">
    <p class='ocr_par' dir='ltr' id='par_1_5' title="bbox 1829 471 3450 545">
     <span class='ocr_line' id='line_1_5' title="bbox 1829 471 3450 545; baseline -0.001 -19"><span class='ocrx_word' id='word_1_22' title='bbox 1829 479 1854 526; x_wconf 70' lang='grc' dir='ltr'>ι·</span> <span class='ocrx_word' id='word_1_23' title='bbox 1878 472 2100 524; x_wconf 78' lang='lat' dir='ltr'><strong>vinculis</strong></span> <span class='ocrx_word' id='word_1_24' title='bbox 2126 474 2276 536; x_wconf 84' lang='lat' dir='ltr'><strong>meis,</strong></span> <span class='ocrx_word' id='word_1_25' title='bbox 2296 484 2344 526; x_wconf 83' lang='lat' dir='ltr'><strong>et</strong></span> <span class='ocrx_word' id='word_1_26' title='bbox 2378 475 2760 545; x_wconf 65' lang='lat' dir='ltr'><strong>in‘defensione</strong></span> <span class='ocrx_word' id='word_1_27' title='bbox 2784 482 2830 527; x_wconf 82' lang='lat' dir='ltr'><strong>et</strong></span> <span class='ocrx_word' id='word_1_28' title='bbox 2854 471 3256 541; x_wconf 78' lang='lat' dir='ltr'><strong>conﬁrmatione</strong></span> <span class='ocrx_word' id='word_1_29' title='bbox 3278 471 3450 526; x_wconf 77' lang='lat' dir='ltr'><strong>Eran-</strong></span> 
     </span>
    </p>
   </div>
   <div class='ocr_carea' id='block_1_6' title="bbox 188 566 1772 636">
    <p class='ocr_par' dir='ltr' id='par_1_6' title="bbox 188 566 1772 636">
     <span class='ocr_line' id='line_1_6' title="bbox 188 566 1772 636; baseline -0.002 -17"><span class='ocrx_word' id='word_1_30' title='bbox 188 566 637 631; x_wconf 75' lang='grc' dir='ltr'>καίβεόαιώσει</span> <span class='ocrx_word' id='word_1_31' title='bbox 683 566 788 621; x_wconf 84' lang='grc' dir='ltr'><strong>τοῦ</strong></span> <span class='ocrx_word' id='word_1_32' title='bbox 830 569 1225 636; x_wconf 70' lang='grc' dir='ltr'>Εὑαγγελίου.</span> <span class='ocrx_word' id='word_1_33' title='bbox 1266 567 1531 630; x_wconf 81' lang='grc' dir='ltr'>Πὲποιθα,</span> <span class='ocrx_word' id='word_1_34' title='bbox 1585 567 1772 634; x_wconf 65' lang='grc' dir='ltr'>φησιν,</span> 
     </span>
    </p>
   </div>
   <div class='ocr_carea' id='block_1_7' title="bbox 189 658 1776 730">
    <p class='ocr_par' dir='ltr' id='par_1_7' title="bbox 189 658 1776 730">
     <span class='ocr_line' id='line_1_7' title="bbox 189 658 1776 730; baseline -0.002 -18"><span class='ocrx_word' id='word_1_35' title='bbox 189 660 283 712; x_wconf 83' lang='grc' dir='ltr'><strong>ὅτι</strong></span> <span class='ocrx_word' id='word_1_36' title='bbox 318 658 445 727; x_wconf 76' lang='grc' dir='ltr'>ἄχρι</span> <span class='ocrx_word' id='word_1_37' title='bbox 488 658 675 721; x_wconf 85' lang='grc' dir='ltr'><strong>τέλους</strong></span> <span class='ocrx_word' id='word_1_38' title='bbox 731 659 963 712; x_wconf 83' lang='grc' dir='ltr'>τοιοῦτοι</span> <span class='ocrx_word' id='word_1_39' title='bbox 1005 658 1219 725; x_wconf 77' lang='grc' dir='ltr'>ἔσεσθε,</span> <span class='ocrx_word' id='word_1_40' title='bbox 1270 660 1364 712; x_wconf 75' lang='grc' dir='ltr'><strong>καὶ</strong></span> <span class='ocrx_word' id='word_1_41' title='bbox 1394 658 1577 730; x_wconf 82' lang='grc' dir='ltr'>φρονῶ</span> <span class='ocrx_word' id='word_1_42' title='bbox 1618 658 1776 710; x_wconf 72' lang='grc' dir='ltr'>τοῦτο</span> 
     </span>
    </p>
   </div>
   <div class='ocr_carea' id='block_1_8' title="bbox 194 751 1777 822">
    <p class='ocr_par' dir='ltr' id='par_1_8' title="bbox 194 751 1777 822">
     <span class='ocr_line' id='line_1_8' title="bbox 194 751 1777 822; baseline -0.001 -19"><span class='ocrx_word' id='word_1_43' title='bbox 194 752 344 822; x_wconf 75' lang='grc' dir='ltr'>ὑπὲρ</span> <span class='ocrx_word' id='word_1_44' title='bbox 373 752 548 818; x_wconf 84' lang='grc' dir='ltr'>ὑμῶν,</span> <span class='ocrx_word' id='word_1_45' title='bbox 578 752 713 805; x_wconf 85' lang='grc' dir='ltr'>διότι</span> <span class='ocrx_word' id='word_1_46' title='bbox 758 754 844 804; x_wconf 71' lang='grc' dir='ltr'><strong>ἀεὶ</strong></span> <span class='ocrx_word' id='word_1_47' title='bbox 873 752 981 821; x_wconf 73' lang='grc' dir='ltr'><strong>ἔχω</strong></span> <span class='ocrx_word' id='word_1_48' title='bbox 1030 753 1086 803; x_wconf 81' lang='grc' dir='ltr'>ὲν</span> <span class='ocrx_word' id='word_1_49' title='bbox 1117 754 1181 822; x_wconf 81' lang='grc' dir='ltr'>τῇ</span> <span class='ocrx_word' id='word_1_50' title='bbox 1235 751 1435 821; x_wconf 83' lang='grc' dir='ltr'>καρδίᾳ</span> <span class='ocrx_word' id='word_1_51' title='bbox 1480 751 1648 820; x_wconf 80' lang='grc' dir='ltr'>ὑμᾶς,</span> <span class='ocrx_word' id='word_1_52' title='bbox 1680 752 1777 803; x_wconf 69' lang='grc' dir='ltr'><strong>καὶ</strong></span> 
     </span>
    </p>
   </div>
   <div class='ocr_carea' id='block_1_9' title="bbox 192 840 1777 915">
    <p class='ocr_par' dir='ltr' id='par_1_9' title="bbox 192 840 1777 915">
     <span class='ocr_line' id='line_1_9' title="bbox 192 840 1777 915; baseline -0.001 -17"><span class='ocrx_word' id='word_1_53' title='bbox 192 840 318 898; x_wconf 67' lang='grc' dir='ltr'>οῖδα</span> <span class='ocrx_word' id='word_1_54' title='bbox 344 846 411 898; x_wconf 75' lang='grc' dir='ltr'>τὰ</span> <span class='ocrx_word' id='word_1_55' title='bbox 443 845 687 913; x_wconf 85' lang='grc' dir='ltr'>ὑμέτερα</span> <span class='ocrx_word' id='word_1_56' title='bbox 713 846 1141 915; x_wconf 72' lang='grc' dir='ltr'><strong>κατορθώματα,</strong></span> <span class='ocrx_word' id='word_1_57' title='bbox 1197 844 1292 896; x_wconf 78' lang='grc' dir='ltr'><strong>καὶ</strong></span> <span class='ocrx_word' id='word_1_58' title='bbox 1333 846 1416 898; x_wconf 89' lang='grc' dir='ltr'><strong>ὃτι</strong></span> <span class='ocrx_word' id='word_1_59' title='bbox 1446 843 1777 906; x_wconf 78' lang='grc' dir='ltr'><strong>σπουδάζετε</strong></span> 
     </span>
    </p>
   </div>
   <div class='ocr_carea' id='block_1_10' title="bbox 194 936 1778 1005">
    <p class='ocr_par' dir='ltr' id='par_1_10' title="bbox 194 936 1778 1005">
     <span class='ocr_line' id='line_1_10' title="bbox 194 936 1778 1005; baseline -0.001 -17"><span class='ocrx_word' id='word_1_60' title='bbox 194 937 297 988; x_wconf 74' lang='grc' dir='ltr'><strong>καὶ</strong></span> <span class='ocrx_word' id='word_1_61' title='bbox 350 937 580 999; x_wconf 80' lang='grc' dir='ltr'><strong>ἀπόντες</strong></span> <span class='ocrx_word' id='word_1_62' title='bbox 610 937 964 1004; x_wconf 87' lang='grc' dir='ltr'>συγκοινωνοί</span> <span class='ocrx_word' id='word_1_63' title='bbox 999 954 1101 1005; x_wconf 86' lang='grc' dir='ltr'><strong>μου</strong></span> <span class='ocrx_word' id='word_1_64' title='bbox 1134 936 1389 1005; x_wconf 77' lang='grc' dir='ltr'>γενέσθαι</span> <span class='ocrx_word' id='word_1_65' title='bbox 1429 936 1529 1003; x_wconf 80' lang='grc' dir='ltr'><strong>τῆς</strong></span> <span class='ocrx_word' id='word_1_66' title='bbox 1554 936 1778 1004; x_wconf 83' lang='grc' dir='ltr'>χάριτος</span> 
     </span>
    </p>
   </div>
   <div class='ocr_carea' id='block_1_11' title="bbox 193 1026 1780 1098">
    <p class='ocr_par' dir='ltr' id='par_1_11' title="bbox 193 1026 1780 1098">
     <span class='ocr_line' id='line_1_11' title="bbox 193 1026 1780 1098; baseline -0.003 -16"><span class='ocrx_word' id='word_1_67' title='bbox 193 1028 295 1082; x_wconf 79' lang='grc' dir='ltr'><strong>τοῦ</strong></span> <span class='ocrx_word' id='word_1_68' title='bbox 357 1028 691 1098; x_wconf 79' lang='grc' dir='ltr'>Εὑαγγελίου</span> <span class='ocrx_word' id='word_1_69' title='bbox 740 1031 830 1083; x_wconf 69' lang='grc' dir='ltr'>καὶ</span> <span class='ocrx_word' id='word_1_70' title='bbox 893 1029 1001 1081; x_wconf 85' lang='grc' dir='ltr'><strong>τῶν</strong></span> <span class='ocrx_word' id='word_1_71' title='bbox 1053 1028 1290 1098; x_wconf 84' lang='grc' dir='ltr'><strong>δεσμῶν.</strong></span> <span class='ocrx_word' id='word_1_72' title='bbox 1350 1028 1517 1081; x_wconf 81' lang='grc' dir='ltr'>Ὥστε</span> <span class='ocrx_word' id='word_1_73' title='bbox 1573 1026 1780 1080; x_wconf 85' lang='grc' dir='ltr'>δίκαιόν</span> 
     </span>
    </p>
   </div>
   <div class='ocr_carea' id='block_1_12' title="bbox 196 1119 1782 1191">
    <p class='ocr_par' dir='ltr' id='par_1_12' title="bbox 196 1119 1782 1191">
     <span class='ocr_line' id='line_1_12' title="bbox 196 1119 1782 1191; baseline -0.002 -16"><span class='ocrx_word' id='word_1_74' title='bbox 196 1126 352 1175; x_wconf 81' lang='grc' dir='ltr'>ἐστιν</span> <span class='ocrx_word' id='word_1_75' title='bbox 380 1122 477 1191; x_wconf 76' lang='grc' dir='ltr'>ἐμὲ</span> <span class='ocrx_word' id='word_1_76' title='bbox 510 1122 736 1175; x_wconf 82' lang='grc' dir='ltr'>τοιαῦτα</span> <span class='ocrx_word' id='word_1_77' title='bbox 772 1120 1132 1191; x_wconf 76' lang='grc' dir='ltr'>στοχάζεσθαι</span> <span class='ocrx_word' id='word_1_78' title='bbox 1166 1121 1308 1186; x_wconf 82' lang='grc' dir='ltr'>ὑπὲρ</span> <span class='ocrx_word' id='word_1_79' title='bbox 1340 1121 1516 1191; x_wconf 81' lang='grc' dir='ltr'>ὑμῶν,</span> <span class='ocrx_word' id='word_1_80' title='bbox 1550 1121 1644 1173; x_wconf 77' lang='grc' dir='ltr'>καὶ</span> <span class='ocrx_word' id='word_1_81' title='bbox 1674 1119 1782 1173; x_wconf 83' lang='grc' dir='ltr'><strong>ἀπὸ</strong></span> 
     </span>
    </p>
   </div>
   <div class='ocr_carea' id='block_1_13' title="bbox 198 1212 1783 1282">
    <p class='ocr_par' dir='ltr' id='par_1_13' title="bbox 198 1212 1783 1282">
     <span class='ocr_line' id='line_1_13' title="bbox 198 1212 1783 1282; baseline 0.001 -18"><span class='ocrx_word' id='word_1_82' title='bbox 198 1213 311 1264; x_wconf 88' lang='grc' dir='ltr'><strong>τῶν</strong></span> <span class='ocrx_word' id='word_1_83' title='bbox 357 1212 660 1281; x_wconf 72' lang='grc' dir='ltr'><strong>προοιμίων</strong></span> <span class='ocrx_word' id='word_1_84' title='bbox 687 1212 1087 1282; x_wconf 77' lang='grc' dir='ltr'><strong>τεκμαίρεσθαι</strong></span> <span class='ocrx_word' id='word_1_85' title='bbox 1114 1213 1158 1243; x_wconf 84' lang='grc'>¹¹</span> <span class='ocrx_word' id='word_1_86' title='bbox 1194 1214 1287 1266; x_wconf 56' lang='grc' dir='ltr'><strong>καὶ⁵</strong></span> <span class='ocrx_word' id='word_1_87' title='bbox 1318 1212 1378 1264; x_wconf 80' lang='grc' dir='ltr'>τὸ</span> <span class='ocrx_word' id='word_1_88' title='bbox 1416 1212 1591 1275; x_wconf 86' lang='grc' dir='ltr'>τέλος.</span> <span class='ocrx_word' id='word_1_89' title='bbox 1619 1212 1783 1265; x_wconf 84' lang='grc' dir='ltr'>Ὅσον</span> 
     </span>
    </p>
   </div>
   <div class='ocr_carea' id='block_1_14' title="bbox 200 1302 1784 1377">
    <p class='ocr_par' dir='ltr' id='par_1_14' title="bbox 200 1302 1784 1377">
     <span class='ocr_line' id='line_1_14' title="bbox 200 1302 1784 1377; baseline 0.001 -20"><span class='ocrx_word' id='word_1_90' title='bbox 200 1306 261 1357; x_wconf 81' lang='grc' dir='ltr'><strong>δὲ</strong></span> <span class='ocrx_word' id='word_1_91' title='bbox 312 1305 586 1373; x_wconf 81' lang='grc' dir='ltr'>ἐγκώμιον</span> <span class='ocrx_word' id='word_1_92' title='bbox 616 1306 677 1358; x_wconf 83' lang='grc' dir='ltr'>τὸ</span> <span class='ocrx_word' id='word_1_93' title='bbox 736 1306 793 1357; x_wconf 77' lang='grc' dir='ltr'>ἐν</span> <span class='ocrx_word' id='word_1_94' title='bbox 843 1306 1042 1377; x_wconf 77' lang='grc' dir='ltr'>καρδίᾳ</span> <span class='ocrx_word' id='word_1_95' title='bbox 1094 1302 1233 1359; x_wconf 82' lang='grc' dir='ltr'>εἶναι</span> <span class='ocrx_word' id='word_1_96' title='bbox 1290 1306 1528 1369; x_wconf 85' lang='grc' dir='ltr'><strong>Παύλου,</strong></span> <span class='ocrx_word' id='word_1_97' title='bbox 1576 1305 1670 1358; x_wconf 82' lang='grc' dir='ltr'><strong>τοῦ</strong></span> <span class='ocrx_word' id='word_1_98' title='bbox 1709 1304 1784 1376; x_wconf 87' lang='grc' dir='ltr'>μὴ</span> 
     </span>
    </p>
   </div>
   <div class='ocr_carea' id='block_1_15' title="bbox 203 1396 1786 1469">
    <p class='ocr_par' dir='ltr' id='par_1_15' title="bbox 203 1396 1786 1469">
     <span class='ocr_line' id='line_1_15' title="bbox 203 1396 1786 1469; baseline 0 -19"><span class='ocrx_word' id='word_1_99' title='bbox 203 1397 393 1459; x_wconf 76' lang='grc' dir='ltr'>ἁπλῶς</span> <span class='ocrx_word' id='word_1_100' title='bbox 418 1398 613 1462; x_wconf 77' lang='grc' dir='ltr'>οὕτως,</span> <span class='ocrx_word' id='word_1_101' title='bbox 640 1396 777 1451; x_wconf 84' lang='grc' dir='ltr'><strong>ἀλλά</strong></span> <span class='ocrx_word' id='word_1_102' title='bbox 805 1399 943 1468; x_wconf 74' lang='grc' dir='ltr'>μετὰ</span> <span class='ocrx_word' id='word_1_103' title='bbox 994 1398 1250 1469; x_wconf 84' lang='grc' dir='ltr'>κρίσεως,</span> <span class='ocrx_word' id='word_1_104' title='bbox 1299 1400 1394 1453; x_wconf 70' lang='grc' dir='ltr'><strong>καὶ</strong></span> <span class='ocrx_word' id='word_1_105' title='bbox 1439 1400 1564 1460; x_wconf 77' lang='grc' dir='ltr'>τοὺς</span> <span class='ocrx_word' id='word_1_106' title='bbox 1600 1398 1786 1464; x_wconf 79' lang='grc' dir='ltr'>ἀξίους</span> 
     </span>
    </p>
   </div>
   <div class='ocr_carea' id='block_1_16' title="bbox 203 1488 1785 1559">
    <p class='ocr_par' dir='ltr' id='par_1_16' title="bbox 203 1488 1785 1559">
     <span class='ocr_line' id='line_1_16' title="bbox 203 1488 1785 1559; baseline 0 -18"><span class='ocrx_word' id='word_1_107' title='bbox 203 1489 531 1557; x_wconf 74' lang='grc' dir='ltr'>ἀγαπῶντος</span> <span class='ocrx_word' id='word_1_108' title='bbox 555 1506 571 1555; x_wconf 88' lang='grc'>;</span> <span class='ocrx_word' id='word_1_109' title='bbox 618 1489 758 1542; x_wconf 79' lang='grc' dir='ltr'>Ἀλλ’</span> <span class='ocrx_word' id='word_1_110' title='bbox 784 1489 892 1542; x_wconf 82' lang='grc' dir='ltr'>οὐδ’</span> <span class='ocrx_word' id='word_1_111' title='bbox 914 1490 1026 1555; x_wconf 83' lang='grc' dir='ltr'>ὅτε,</span> <span class='ocrx_word' id='word_1_112' title='bbox 1047 1490 1237 1559; x_wconf 80' lang='grc' dir='ltr'>φησὶν,</span> <span class='ocrx_word' id='word_1_113' title='bbox 1269 1488 1652 1558; x_wconf 80' lang='grc' dir='ltr'><strong>ἀπελογούμην</strong></span> <span class='ocrx_word' id='word_1_114' title='bbox 1678 1489 1785 1542; x_wconf 84' lang='grc' dir='ltr'><strong>Νέ-</strong></span> 
     </span>
    </p>
   </div>
   <div class='ocr_carea' id='block_1_17' title="bbox 208 1579 1785 1653">
    <p class='ocr_par' dir='ltr' id='par_1_17' title="bbox 208 1579 1785 1653">
     <span class='ocr_line' id='line_1_17' title="bbox 208 1579 1785 1653; baseline -0.001 -19"><span class='ocrx_word' id='word_1_115' title='bbox 208 1600 365 1649; x_wconf 84' lang='grc' dir='ltr'>ρωνι,</span> <span class='ocrx_word' id='word_1_116' title='bbox 402 1581 656 1651; x_wconf 84' lang='grc' dir='ltr'>ὲξέστητέ</span> <span class='ocrx_word' id='word_1_117' title='bbox 688 1600 793 1651; x_wconf 82' lang='grc' dir='ltr'><strong>μου</strong></span> <span class='ocrx_word' id='word_1_118' title='bbox 829 1583 928 1651; x_wconf 76' lang='grc' dir='ltr'>τῆς</span> <span class='ocrx_word' id='word_1_119' title='bbox 982 1583 1227 1653; x_wconf 83' lang='grc' dir='ltr'>μνήμης.</span> <span class='ocrx_word' id='word_1_120' title='bbox 1272 1581 1575 1635; x_wconf 79' lang='grc' dir='ltr'>Βεὸαίωσιν</span> <span class='ocrx_word' id='word_1_121' title='bbox 1596 1580 1653 1634; x_wconf 84' lang='grc' dir='ltr'><strong>δὲ</strong></span> <span class='ocrx_word' id='word_1_122' title='bbox 1690 1579 1785 1633; x_wconf 80' lang='grc' dir='ltr'><strong>τοῦ</strong></span> 
     </span>
    </p>
   </div>
   <div class='ocr_carea' id='block_1_18' title="bbox 206 1672 1788 1743">
    <p class='ocr_par' dir='ltr' id='par_1_18' title="bbox 206 1672 1788 1743">
     <span class='ocr_line' id='line_1_18' title="bbox 206 1672 1788 1743; baseline 0 -19"><span class='ocrx_word' id='word_1_123' title='bbox 206 1672 543 1740; x_wconf 77' lang='grc' dir='ltr'>Εύαγγελίου</span> <span class='ocrx_word' id='word_1_124' title='bbox 599 1672 667 1725; x_wconf 79' lang='grc' dir='ltr'>τὰ</span> <span class='ocrx_word' id='word_1_125' title='bbox 696 1672 870 1742; x_wconf 87' lang='grc' dir='ltr'>δεσμά</span> <span class='ocrx_word' id='word_1_126' title='bbox 910 1690 1044 1743; x_wconf 80' lang='grc' dir='ltr'>φησι</span> <span class='ocrx_word' id='word_1_127' title='bbox 1098 1675 1194 1728; x_wconf 72' lang='grc' dir='ltr'>καὶ</span> <span class='ocrx_word' id='word_1_128' title='bbox 1239 1673 1340 1735; x_wconf 83' lang='grc' dir='ltr'>τὰς</span> <span class='ocrx_word' id='word_1_129' title='bbox 1396 1672 1625 1742; x_wconf 71' lang='grc' dir='ltr'>θλίψεις.</span> <span class='ocrx_word' id='word_1_130' title='bbox 1678 1674 1788 1726; x_wconf 79' lang='grc' dir='ltr'><strong>Καὶ</strong></span> 
     </span>
    </p>
   </div>
   <div class='ocr_carea' id='block_1_19' title="bbox 206 1762 1783 1835">
    <p class='ocr_par' dir='ltr' id='par_1_19' title="bbox 206 1762 1783 1835">
     <span class='ocr_line' id='line_1_19' title="bbox 206 1762 1783 1835; baseline 0 -20"><span class='ocrx_word' id='word_1_131' title='bbox 206 1762 506 1833; x_wconf 83' lang='grc' dir='ltr'>ἀπολογίαν</span> <span class='ocrx_word' id='word_1_132' title='bbox 538 1764 593 1817; x_wconf 86' lang='grc' dir='ltr'>δὲ</span> <span class='ocrx_word' id='word_1_133' title='bbox 643 1764 780 1818; x_wconf 83' lang='grc' dir='ltr'><strong>αὑτά</strong></span> <span class='ocrx_word' id='word_1_134' title='bbox 811 1764 983 1817; x_wconf 82' lang='grc' dir='ltr'>ταῦτα</span> <span class='ocrx_word' id='word_1_135' title='bbox 1018 1764 1193 1827; x_wconf 79' lang='grc' dir='ltr'>εἴποις</span> <span class='ocrx_word' id='word_1_136' title='bbox 1230 1767 1318 1819; x_wconf 83' lang='grc' dir='ltr'>ἄν.</span> <span class='ocrx_word' id='word_1_137' title='bbox 1352 1765 1626 1835; x_wconf 75' lang='grc' dir='ltr'>Πρόδηλον</span> <span class='ocrx_word' id='word_1_138' title='bbox 1653 1764 1783 1833; x_wconf 70' lang='grc' dir='ltr'>γὰρ,</span> 
     </span>
    </p>
   </div>
   <div class='ocr_carea' id='block_1_20' title="bbox 206 1853 1785 1928">
    <p class='ocr_par' dir='ltr' id='par_1_20' title="bbox 206 1853 1785 1928">
     <span class='ocr_line' id='line_1_20' title="bbox 206 1853 1785 1928; baseline -0.002 -19"><span class='ocrx_word' id='word_1_139' title='bbox 206 1858 289 1909; x_wconf 76' lang='grc' dir='ltr'><strong>ὅτι</strong></span> <span class='ocrx_word' id='word_1_140' title='bbox 316 1858 363 1909; x_wconf 85' lang='grc' dir='ltr'><strong>εί</strong></span> <span class='ocrx_word' id='word_1_141' title='bbox 410 1856 484 1927; x_wconf 85' lang='grc' dir='ltr'>μὴ</span> <span class='ocrx_word' id='word_1_142' title='bbox 527 1856 819 1910; x_wconf 75' lang='grc' dir='ltr'>ἐπέπειστο</span> <span class='ocrx_word' id='word_1_143' title='bbox 853 1858 1129 1928; x_wconf 72' lang='grc' dir='ltr'>ἀρρήτους</span> <span class='ocrx_word' id='word_1_144' title='bbox 1163 1853 1304 1911; x_wconf 80' lang='grc' dir='ltr'>εἶναι</span> <span class='ocrx_word' id='word_1_145' title='bbox 1336 1856 1655 1917; x_wconf 75' lang='grc' dir='ltr'>ἀντιδόσεις,</span> <span class='ocrx_word' id='word_1_146' title='bbox 1690 1855 1785 1907; x_wconf 78' lang='grc' dir='ltr'>καὶ</span> 
     </span>
    </p>
   </div>
   <div class='ocr_carea' id='block_1_21' title="bbox 204 1947 1785 2018">
    <p class='ocr_par' dir='ltr' id='par_1_21' title="bbox 204 1947 1785 2018">
     <span class='ocr_line' id='line_1_21' title="bbox 204 1947 1785 2018; baseline -0.001 -17"><span class='ocrx_word' id='word_1_147' title='bbox 204 1950 390 2015; x_wconf 57' lang='grc' dir='ltr'>ἄφατα</span> <span class='ocrx_word' id='word_1_148' title='bbox 420 1948 621 2016; x_wconf 73' lang='grc' dir='ltr'>ἀγαθὰ,</span> <span class='ocrx_word' id='word_1_149' title='bbox 650 1950 749 2002; x_wconf 72' lang='grc' dir='ltr'>οὒκ</span> <span class='ocrx_word' id='word_1_150' title='bbox 776 1951 841 2002; x_wconf 85' lang='grc' dir='ltr'><strong>ἂν</strong></span> <span class='ocrx_word' id='word_1_151' title='bbox 861 1951 1163 2018; x_wconf 81' lang='grc' dir='ltr'>ἐδεσμείτο·</span> <span class='ocrx_word' id='word_1_152' title='bbox 1189 1949 1289 2001; x_wconf 72' lang='grc' dir='ltr'><strong>οὐκ</strong></span> <span class='ocrx_word' id='word_1_153' title='bbox 1314 1949 1358 1980; x_wconf 80' lang='grc'><strong>⁸³</strong></span> <span class='ocrx_word' id='word_1_154' title='bbox 1387 1949 1453 2001; x_wconf 82' lang='grc' dir='ltr'>ἂν</span> <span class='ocrx_word' id='word_1_155' title='bbox 1485 1948 1560 2018; x_wconf 83' lang='grc' dir='ltr'>τῷ</span> <span class='ocrx_word' id='word_1_156' title='bbox 1595 1947 1785 2017; x_wconf 83' lang='grc' dir='ltr'>θηριώ·</span> 
     </span>
    </p>
   </div>
   <div class='ocr_carea' id='block_1_22' title="bbox 205 2040 1784 2112">
    <p class='ocr_par' dir='ltr' id='par_1_22' title="bbox 205 2040 1784 2112">
     <span class='ocr_line' id='line_1_22' title="bbox 205 2040 1784 2112; baseline 0.001 -21"><span class='ocrx_word' id='word_1_157' title='bbox 205 2042 285 2092; x_wconf 79' lang='grc' dir='ltr'><strong>δει</strong></span> <span class='ocrx_word' id='word_1_158' title='bbox 317 2042 533 2111; x_wconf 84' lang='grc' dir='ltr'>Νέρωνι</span> <span class='ocrx_word' id='word_1_159' title='bbox 564 2043 953 2111; x_wconf 83' lang='grc' dir='ltr'>προσέκρουεν,</span> <span class='ocrx_word' id='word_1_160' title='bbox 998 2044 1045 2094; x_wconf 87' lang='grc' dir='ltr'><strong>εί</strong></span> <span class='ocrx_word' id='word_1_161' title='bbox 1076 2040 1150 2112; x_wconf 82' lang='grc' dir='ltr'>μὴ</span> <span class='ocrx_word' id='word_1_162' title='bbox 1185 2041 1341 2093; x_wconf 74' lang='grc' dir='ltr'>ἄλλον</span> <span class='ocrx_word' id='word_1_163' title='bbox 1378 2040 1599 2110; x_wconf 75' lang='grc' dir='ltr'>βασιλέα</span> <span class='ocrx_word' id='word_1_164' title='bbox 1633 2058 1784 2109; x_wconf 64' lang='grc' dir='ltr'>μονι-</span> 
     </span>
    </p>
   </div>
   <div class='ocr_carea' id='block_1_23' title="bbox 212 2130 1786 2207">
    <p class='ocr_par' dir='ltr' id='par_1_23' title="bbox 212 2130 1786 2207">
     <span class='ocr_line' id='line_1_23' title="bbox 212 2130 1786 2207; baseline -0.003 -20"><span class='ocrx_word' id='word_1_165' title='bbox 212 2130 529 2204; x_wconf 69' lang='grc' dir='ltr'>μώτέρον⁹⁵</span> <span class='ocrx_word' id='word_1_166' title='bbox 565 2136 841 2207; x_wconf 84' lang='grc' dir='ltr'>προεώρα.</span> <span class='ocrx_word' id='word_1_167' title='bbox 897 2135 1060 2187; x_wconf 83' lang='grc' dir='ltr'>Ὥστε</span> <span class='ocrx_word' id='word_1_168' title='bbox 1122 2134 1179 2188; x_wconf 79' lang='grc' dir='ltr'>αἱ</span> <span class='ocrx_word' id='word_1_169' title='bbox 1237 2131 1445 2202; x_wconf 43' lang='lat' dir='ltr'><strong>Oli-bss;</strong></span> <span class='ocrx_word' id='word_1_170' title='bbox 1492 2131 1786 2202; x_wconf 73' lang='grc' dir='ltr'>βεϐαίωσις</span> 
     </span>
    </p>
   </div>
   <div class='ocr_carea' id='block_1_24' title="bbox 206 2228 687 2295">
    <p class='ocr_par' dir='ltr' id='par_1_24' title="bbox 206 2228 687 2295">
     <span class='ocr_line' id='line_1_24' title="bbox 206 2228 687 2295; baseline 0.004 -14"><span class='ocrx_word' id='word_1_171' title='bbox 206 2228 304 2281; x_wconf 77' lang='grc' dir='ltr'><strong>τοῦ</strong></span> <span class='ocrx_word' id='word_1_172' title='bbox 335 2229 687 2295; x_wconf 75' lang='grc' dir='ltr'>Εὐαγγελίου.</span> 
     </span>
    </p>
   </div>
   <div class='ocr_carea' id='block_1_25' title="bbox 281 2316 1786 2390">
    <p class='ocr_par' dir='ltr' id='par_1_25' title="bbox 281 2316 1786 2390">
     <span class='ocr_line' id='line_1_25' title="bbox 281 2316 1786 2390; baseline -0.001 -21"><span class='ocrx_word' id='word_1_173' title='bbox 281 2320 734 2385; x_wconf 76' lang='grc' dir='ltr'>Συγκοινωνούς</span> <span class='ocrx_word' id='word_1_174' title='bbox 783 2337 885 2387; x_wconf 82' lang='grc' dir='ltr'><strong>μοι</strong></span> <span class='ocrx_word' id='word_1_175' title='bbox 926 2319 1038 2390; x_wconf 82' lang='grc' dir='ltr'>τῆς</span> <span class='ocrx_word' id='word_1_176' title='bbox 1084 2321 1325 2388; x_wconf 84' lang='grc' dir='ltr'>χάριτος</span> <span class='ocrx_word' id='word_1_177' title='bbox 1364 2317 1598 2381; x_wconf 75' lang='grc' dir='ltr'>πάντας</span> <span class='ocrx_word' id='word_1_178' title='bbox 1633 2316 1786 2385; x_wconf 78' lang='grc' dir='ltr'>ὑμᾶς</span> 
     </span>
    </p>
   </div>
   <div class='ocr_carea' id='block_1_26' title="bbox 208 2408 1787 2480">
    <p class='ocr_par' dir='ltr' id='par_1_26' title="bbox 208 2408 1787 2480">
     <span class='ocr_line' id='line_1_26' title="bbox 208 2408 1787 2480; baseline -0.001 -19"><span class='ocrx_word' id='word_1_179' title='bbox 208 2408 412 2474; x_wconf 79' lang='grc' dir='ltr'>ὄντας.</span> <span class='ocrx_word' id='word_1_180' title='bbox 446 2412 728 2464; x_wconf 87' lang='grc' dir='ltr'>Δείκνυσιν</span> <span class='ocrx_word' id='word_1_181' title='bbox 760 2411 1015 2477; x_wconf 76' lang='grc' dir='ltr'>ἐνταῦθα,</span> <span class='ocrx_word' id='word_1_182' title='bbox 1060 2411 1141 2464; x_wconf 84' lang='grc' dir='ltr'><strong>ὅτι</strong></span> <span class='ocrx_word' id='word_1_183' title='bbox 1178 2413 1278 2465; x_wconf 79' lang='grc' dir='ltr'><strong>οὐκ</strong></span> <span class='ocrx_word' id='word_1_184' title='bbox 1306 2411 1546 2480; x_wconf 75' lang='grc' dir='ltr'>ἀκρίτως</span> <span class='ocrx_word' id='word_1_185' title='bbox 1590 2410 1787 2472; x_wconf 67' lang='grc' dir='ltr'>αὐτοὺς</span> 
     </span>
    </p>
   </div>
   <div class='ocr_carea' id='block_1_27' title="bbox 209 2497 1789 2571">
    <p class='ocr_par' dir='ltr' id='par_1_27' title="bbox 209 2497 1789 2571">
     <span class='ocr_line' id='line_1_27' title="bbox 209 2497 1789 2571; baseline 0.001 -22"><span class='ocrx_word' id='word_1_186' title='bbox 209 2499 423 2568; x_wconf 76' lang='grc' dir='ltr'>ἀγαπᾷ.</span> <span class='ocrx_word' id='word_1_187' title='bbox 466 2499 563 2551; x_wconf 83' lang='grc' dir='ltr'>Διά</span> <span class='ocrx_word' id='word_1_188' title='bbox 610 2497 770 2552; x_wconf 81' lang='grc' dir='ltr'>τοῦτο</span> <span class='ocrx_word' id='word_1_189' title='bbox 790 2501 921 2571; x_wconf 83' lang='grc' dir='ltr'>γὰρ,</span> <span class='ocrx_word' id='word_1_190' title='bbox 946 2503 1134 2570; x_wconf 76' lang='grc' dir='ltr'>φησιν,</span> <span class='ocrx_word' id='word_1_191' title='bbox 1159 2501 1268 2569; x_wconf 74' lang='grc' dir='ltr'>ἔχω</span> <span class='ocrx_word' id='word_1_192' title='bbox 1303 2501 1448 2568; x_wconf 83' lang='grc' dir='ltr'>ὑμᾶς</span> <span class='ocrx_word' id='word_1_193' title='bbox 1484 2501 1542 2551; x_wconf 81' lang='grc' dir='ltr'><strong>ἐν</strong></span> <span class='ocrx_word' id='word_1_194' title='bbox 1560 2502 1625 2566; x_wconf 77' lang='grc' dir='ltr'>τῇ</span> <span class='ocrx_word' id='word_1_195' title='bbox 1654 2516 1789 2564; x_wconf 87' lang='grc' dir='ltr'>καρ-</span> 
     </span>
    </p>
   </div>
   <div class='ocr_carea' id='block_1_28' title="bbox 206 2591 1783 2662">
    <p class='ocr_par' dir='ltr' id='par_1_28' title="bbox 206 2591 1783 2662">
     <span class='ocr_line' id='line_1_28' title="bbox 206 2591 1783 2662; baseline 0.002 -20"><span class='ocrx_word' id='word_1_196' title='bbox 206 2592 321 2662; x_wconf 81' lang='grc' dir='ltr'>δίᾳ,</span> <span class='ocrx_word' id='word_1_197' title='bbox 351 2593 483 2645; x_wconf 80' lang='grc' dir='ltr'>διότι</span> <span class='ocrx_word' id='word_1_198' title='bbox 516 2592 870 2661; x_wconf 80' lang='grc' dir='ltr'>συγκοινωνοί</span> <span class='ocrx_word' id='word_1_199' title='bbox 902 2593 991 2662; x_wconf 86' lang='grc' dir='ltr'><strong>μοί</strong></span> <span class='ocrx_word' id='word_1_200' title='bbox 1019 2594 1143 2646; x_wconf 76' lang='grc' dir='ltr'>ἐστε</span> <span class='ocrx_word' id='word_1_201' title='bbox 1182 2595 1283 2662; x_wconf 78' lang='grc' dir='ltr'>τῆς</span> <span class='ocrx_word' id='word_1_202' title='bbox 1313 2592 1537 2662; x_wconf 81' lang='grc' dir='ltr'>χάριτος</span> <span class='ocrx_word' id='word_1_203' title='bbox 1557 2591 1783 2658; x_wconf 79' lang='grc' dir='ltr'>ταύτης,</span> 
     </span>
    </p>
   </div>
   <div class='ocr_carea' id='block_1_29' title="bbox 208 2684 1786 2756">
    <p class='ocr_par' dir='ltr' id='par_1_29' title="bbox 208 2684 1786 2756">
     <span class='ocr_line' id='line_1_29' title="bbox 208 2684 1786 2756; baseline -0.001 -19"><span class='ocrx_word' id='word_1_204' title='bbox 208 2686 457 2738; x_wconf 83' lang='grc' dir='ltr'>τουτέστι</span> <span class='ocrx_word' id='word_1_205' title='bbox 511 2685 618 2737; x_wconf 89' lang='grc' dir='ltr'><strong>τῶν</strong></span> <span class='ocrx_word' id='word_1_206' title='bbox 654 2684 885 2754; x_wconf 81' lang='grc' dir='ltr'>θλίψεων</span> <span class='ocrx_word' id='word_1_207' title='bbox 919 2685 1018 2740; x_wconf 76' lang='grc' dir='ltr'>καὶ</span> <span class='ocrx_word' id='word_1_208' title='bbox 1053 2685 1163 2739; x_wconf 90' lang='grc' dir='ltr'><strong>τῶν</strong></span> <span class='ocrx_word' id='word_1_209' title='bbox 1194 2684 1409 2756; x_wconf 84' lang='grc' dir='ltr'>δεσμῶν</span> <span class='ocrx_word' id='word_1_210' title='bbox 1444 2701 1456 2714; x_wconf 69' lang='grc'><strong><em>⁵</em></strong></span> <span class='ocrx_word' id='word_1_211' title='bbox 1492 2685 1586 2737; x_wconf 72' lang='grc' dir='ltr'><strong>καὶ</strong></span> <span class='ocrx_word' id='word_1_212' title='bbox 1618 2701 1786 2736; x_wconf 83' lang='grc' dir='ltr'>σπου-</span> 
     </span>
    </p>
   </div>
   <div class='ocr_carea' id='block_1_30' title="bbox 209 2764 1786 2848">
    <p class='ocr_par' dir='ltr' id='par_1_30' title="bbox 209 2764 1786 2848">
     <span class='ocr_line' id='line_1_30' title="bbox 209 2764 1786 2848; baseline 0.001 -21"><span class='ocrx_word' id='word_1_213' title='bbox 209 2776 404 2839; x_wconf 73' lang='grc' dir='ltr'>δάζετε</span> <span class='ocrx_word' id='word_1_214' title='bbox 464 2774 538 2847; x_wconf 84' lang='grc' dir='ltr'><strong>μὴ</strong></span> <span class='ocrx_word' id='word_1_215' title='bbox 593 2776 988 2846; x_wconf 77' lang='grc' dir='ltr'>ἀπολειφθῆναι</span> <span class='ocrx_word' id='word_1_216' title='bbox 1042 2776 1200 2848; x_wconf 79' lang='grc' dir='ltr'>ἡμῶν</span> <span class='ocrx_word' id='word_1_217' title='bbox 1232 2778 1291 2830; x_wconf 80' lang='grc' dir='ltr'>ἐν</span> <span class='ocrx_word' id='word_1_218' title='bbox 1336 2764 1461 2838; x_wconf 76' lang='grc' dir='ltr'>ταῖς</span> <span class='ocrx_word' id='word_1_219' title='bbox 1519 2774 1786 2845; x_wconf 65' lang='grc' dir='ltr'>θλίψεσιν,</span> 
     </span>
    </p>
   </div>
   <div class='ocr_carea' id='block_1_31' title="bbox 210 2866 1788 2937">
    <p class='ocr_par' dir='ltr' id='par_1_31' title="bbox 210 2866 1788 2937">
     <span class='ocr_line' id='line_1_31' title="bbox 210 2866 1788 2937; baseline 0.001 -19"><span class='ocrx_word' id='word_1_220' title='bbox 210 2867 349 2918; x_wconf 76' lang='grc' dir='ltr'>ἀλλὰ</span> <span class='ocrx_word' id='word_1_221' title='bbox 384 2867 491 2919; x_wconf 81' lang='grc' dir='ltr'><strong>τῶν</strong></span> <span class='ocrx_word' id='word_1_222' title='bbox 532 2867 672 2936; x_wconf 84' lang='grc' dir='ltr'>ὑπὲρ</span> <span class='ocrx_word' id='word_1_223' title='bbox 716 2867 809 2920; x_wconf 86' lang='grc' dir='ltr'><strong>τοῦ</strong></span> <span class='ocrx_word' id='word_1_224' title='bbox 855 2866 1189 2934; x_wconf 81' lang='grc' dir='ltr'>Εὑαγγελίου</span> <span class='ocrx_word' id='word_1_225' title='bbox 1234 2867 1559 2937; x_wconf 68' lang='grc' dir='ltr'>πειρασμῶν</span> <span class='ocrx_word' id='word_1_226' title='bbox 1594 2883 1788 2919; x_wconf 83' lang='grc' dir='ltr'>κοινω-</span> 
     </span>
    </p>
   </div>
   <div class='ocr_carea' id='block_1_32' title="bbox 213 2958 1789 3030">
    <p class='ocr_par' dir='ltr' id='par_1_32' title="bbox 213 2958 1789 3030">
     <span class='ocr_line' id='line_1_32' title="bbox 213 2958 1789 3030; baseline 0.003 -21"><span class='ocrx_word' id='word_1_227' title='bbox 213 2959 531 3028; x_wconf 79' lang='grc' dir='ltr'>νῆσαι.’⁸()τι</span> <span class='ocrx_word' id='word_1_228' title='bbox 565 2959 621 3012; x_wconf 75' lang='grc' dir='ltr'>δὲ</span> <span class='ocrx_word' id='word_1_229' title='bbox 643 2962 688 2993; x_wconf 78' lang='grc'><strong>’⁵</strong></span> <span class='ocrx_word' id='word_1_230' title='bbox 712 2958 873 3030; x_wconf 78' lang='grc' dir='ltr'>χάρις</span> <span class='ocrx_word' id='word_1_231' title='bbox 902 2958 972 3013; x_wconf 84' lang='grc' dir='ltr'>τὰ</span> <span class='ocrx_word' id='word_1_232' title='bbox 1000 2958 1199 3029; x_wconf 85' lang='grc' dir='ltr'>δεσμὰ,</span> <span class='ocrx_word' id='word_1_233' title='bbox 1227 2958 1386 3029; x_wconf 80' lang='grc' dir='ltr'>δῆλον</span> <span class='ocrx_word' id='word_1_234' title='bbox 1419 2977 1433 2992; x_wconf 89' lang='grc'><strong>·</strong></span> <span class='ocrx_word' id='word_1_235' title='bbox 1471 2958 1664 3026; x_wconf 77' lang='grc' dir='ltr'>Ἀρκεῖ</span> <span class='ocrx_word' id='word_1_236' title='bbox 1688 2972 1789 3013; x_wconf 88' lang='grc' dir='ltr'><strong>σοι</strong></span> 
     </span>
    </p>
   </div>
   <div class='ocr_carea' id='block_1_33' title="bbox 209 3049 1790 3119">
    <p class='ocr_par' dir='ltr' id='par_1_33' title="bbox 209 3049 1790 3119">
     <span class='ocr_line' id='line_1_33' title="bbox 209 3049 1790 3119; baseline 0 -16"><span class='ocrx_word' id='word_1_237' title='bbox 209 3052 248 3117; x_wconf 70' lang='grc' dir='ltr'><strong><em>ἡ</em></strong></span> <span class='ocrx_word' id='word_1_238' title='bbox 310 3050 479 3117; x_wconf 74' lang='grc' dir='ltr'>χάρις</span> <span class='ocrx_word' id='word_1_239' title='bbox 514 3067 651 3117; x_wconf 85' lang='grc' dir='ltr'>μου.</span> <span class='ocrx_word' id='word_1_240' title='bbox 691 3051 765 3104; x_wconf 85' lang='grc' dir='ltr'>Ἡ</span> <span class='ocrx_word' id='word_1_241' title='bbox 812 3049 921 3119; x_wconf 81' lang='grc' dir='ltr'>γὰρ</span> <span class='ocrx_word' id='word_1_242' title='bbox 978 3050 1234 3117; x_wconf 80' lang='grc' dir='ltr'>δύναμίς</span> <span class='ocrx_word' id='word_1_243' title='bbox 1257 3068 1379 3119; x_wconf 85' lang='grc' dir='ltr'>μου</span> <span class='ocrx_word' id='word_1_244' title='bbox 1414 3049 1483 3103; x_wconf 80' lang='grc' dir='ltr'>ἐν</span> <span class='ocrx_word' id='word_1_245' title='bbox 1505 3052 1790 3117; x_wconf 71' lang='grc' dir='ltr'>ἀσθενείᾳ</span> 
     </span>
    </p>
   </div>
   <div class='ocr_carea' id='block_1_34' title="bbox 1877 563 3446 634">
    <p class='ocr_par' dir='ltr' id='par_1_34' title="bbox 1877 563 3446 634">
     <span class='ocr_line' id='line_1_34' title="bbox 1877 563 3446 634; baseline 0.001 -18"><span class='ocrx_word' id='word_1_246' title='bbox 1877 565 2018 634; x_wconf 82' lang='lat' dir='ltr'><strong>gelii.</strong></span> <span class='ocrx_word' id='word_1_247' title='bbox 2049 563 2297 629; x_wconf 73' lang='lat' dir='ltr'><strong>Conﬁdo,</strong></span> <span class='ocrx_word' id='word_1_248' title='bbox 2329 566 2521 634; x_wconf 90' lang='lat' dir='ltr'><strong>inquit,</strong></span> <span class='ocrx_word' id='word_1_249' title='bbox 2556 582 2649 620; x_wconf 81' lang='lat' dir='ltr'><strong>vos</strong></span> <span class='ocrx_word' id='word_1_250' title='bbox 2679 567 2745 619; x_wconf 88' lang='lat' dir='ltr'><strong>ad</strong></span> <span class='ocrx_word' id='word_1_251' title='bbox 2774 566 2933 618; x_wconf 88' lang='lat' dir='ltr'><strong>finem</strong></span> <span class='ocrx_word' id='word_1_252' title='bbox 2968 578 3137 634; x_wconf 88' lang='lat' dir='ltr'><strong>usque</strong></span> <span class='ocrx_word' id='word_1_253' title='bbox 3157 565 3292 619; x_wconf 88' lang='lat' dir='ltr'><strong>tales</strong></span> <span class='ocrx_word' id='word_1_254' title='bbox 3310 563 3446 629; x_wconf 81' lang='lat' dir='ltr'><strong>fore,</strong></span> 
     </span>
    </p>
   </div>
   <div class='ocr_carea' id='block_1_35' title="bbox 1879 657 3453 731">
    <p class='ocr_par' dir='ltr' id='par_1_35' title="bbox 1879 657 3453 731">
     <span class='ocr_line' id='line_1_35' title="bbox 1879 657 3453 731; baseline 0 -20"><span class='ocrx_word' id='word_1_255' title='bbox 1879 669 2039 727; x_wconf 86' lang='lat' dir='ltr'><strong>atque</strong></span> <span class='ocrx_word' id='word_1_256' title='bbox 2075 659 2175 712; x_wconf 88' lang='lat' dir='ltr'><strong>hoc</strong></span> <span class='ocrx_word' id='word_1_257' title='bbox 2202 658 2268 712; x_wconf 90' lang='lat' dir='ltr'><strong>de</strong></span> <span class='ocrx_word' id='word_1_258' title='bbox 2311 660 2461 711; x_wconf 85' lang='lat' dir='ltr'><strong>vobis</strong></span> <span class='ocrx_word' id='word_1_259' title='bbox 2485 661 2679 722; x_wconf 90' lang='lat' dir='ltr'><strong>sentio,</strong></span> <span class='ocrx_word' id='word_1_260' title='bbox 2712 658 2878 731; x_wconf 59' lang='lat'><strong>5,29</strong></span> <span class='ocrx_word' id='word_1_261' title='bbox 2902 657 3338 727; x_wconf 81' lang='lat' dir='ltr'><strong>quandoquidem</strong></span> <span class='ocrx_word' id='word_1_262' title='bbox 3361 673 3453 711; x_wconf 86' lang='lat' dir='ltr'><strong>vos</strong></span> 
     </span>
    </p>
   </div>
   <div class='ocr_carea' id='block_1_36' title="bbox 1882 749 3453 821">
    <p class='ocr_par' dir='ltr' id='par_1_36' title="bbox 1882 749 3453 821">
     <span class='ocr_line' id='line_1_36' title="bbox 1882 749 3453 821; baseline 0 -19"><span class='ocrx_word' id='word_1_263' title='bbox 1882 749 1934 804; x_wconf 90' lang='lat' dir='ltr'><strong>in</strong></span> <span class='ocrx_word' id='word_1_264' title='bbox 1967 751 2127 803; x_wconf 89' lang='lat' dir='ltr'><strong>corde</strong></span> <span class='ocrx_word' id='word_1_265' title='bbox 2182 765 2300 805; x_wconf 85' lang='lat' dir='ltr'><strong>meo</strong></span> <span class='ocrx_word' id='word_1_266' title='bbox 2360 766 2577 820; x_wconf 83' lang='lat' dir='ltr'><strong>semper</strong></span> <span class='ocrx_word' id='word_1_267' title='bbox 2630 768 2779 821; x_wconf 84' lang='lat' dir='ltr'><strong>gero,</strong></span> <span class='ocrx_word' id='word_1_268' title='bbox 2832 762 2995 817; x_wconf 87' lang='lat' dir='ltr'><strong>atque</strong></span> <span class='ocrx_word' id='word_1_269' title='bbox 3045 751 3158 803; x_wconf 86' lang='lat' dir='ltr'><strong>scio</strong></span> <span class='ocrx_word' id='word_1_270' title='bbox 3192 750 3453 818; x_wconf 67' lang='lat' dir='ltr'><strong>praeclara</strong></span> 
     </span>
    </p>
   </div>
   <div class='ocr_carea' id='block_1_37' title="bbox 1881 844 3450 912">
    <p class='ocr_par' dir='ltr' id='par_1_37' title="bbox 1881 844 3450 912">
     <span class='ocr_line' id='line_1_37' title="bbox 1881 844 3450 912; baseline -0.001 -14"><span class='ocrx_word' id='word_1_271' title='bbox 1881 857 2044 911; x_wconf 86' lang='lat' dir='ltr'><strong>opera</strong></span> <span class='ocrx_word' id='word_1_272' title='bbox 2074 852 2273 907; x_wconf 69' lang='lat' dir='ltr'><strong>vestra,</strong></span> <span class='ocrx_word' id='word_1_273' title='bbox 2314 852 2368 899; x_wconf 90' lang='lat' dir='ltr'><strong>et</strong></span> <span class='ocrx_word' id='word_1_274' title='bbox 2409 845 2553 911; x_wconf 89' lang='lat' dir='ltr'><strong>quod</strong></span> <span class='ocrx_word' id='word_1_275' title='bbox 2582 846 2830 898; x_wconf 90' lang='lat' dir='ltr'><strong>absentes</strong></span> <span class='ocrx_word' id='word_1_276' title='bbox 2862 846 3023 897; x_wconf 84' lang='lat' dir='ltr'><strong>etiam</strong></span> <span class='ocrx_word' id='word_1_277' title='bbox 3059 844 3197 897; x_wconf 89' lang='lat' dir='ltr'><strong>detis</strong></span> <span class='ocrx_word' id='word_1_278' title='bbox 3230 858 3450 912; x_wconf 86' lang='lat' dir='ltr'><strong>operam</strong></span> 
     </span>
    </p>
   </div>
   <div class='ocr_carea' id='block_1_38' title="bbox 1883 935 3456 1006">
    <p class='ocr_par' dir='ltr' id='par_1_38' title="bbox 1883 935 3456 1006">
     <span class='ocr_line' id='line_1_38' title="bbox 1883 935 3456 1006; baseline 0.001 -19"><span class='ocrx_word' id='word_1_279' title='bbox 1883 944 2159 988; x_wconf 78' lang='lat' dir='ltr'><strong>consortes</strong></span> <span class='ocrx_word' id='word_1_280' title='bbox 2184 936 2313 988; x_wconf 89' lang='lat' dir='ltr'><strong>mihi</strong></span> <span class='ocrx_word' id='word_1_281' title='bbox 2341 935 2455 989; x_wconf 91' lang='lat' dir='ltr'><strong>fieri</strong></span> <span class='ocrx_word' id='word_1_282' title='bbox 2482 936 2668 1003; x_wconf 74' lang='lat' dir='ltr'><strong>gratise</strong></span> <span class='ocrx_word' id='word_1_283' title='bbox 2688 935 2963 1006; x_wconf 75' lang='lat' dir='ltr'><strong>Evangelii</strong></span> <span class='ocrx_word' id='word_1_284' title='bbox 2986 935 3456 1003; x_wconf 88' lang='lat' dir='ltr'><strong>vinculorumque.</strong></span> 
     </span>
    </p>
   </div>
   <div class='ocr_carea' id='block_1_39' title="bbox 1882 1023 3453 1093">
    <p class='ocr_par' dir='ltr' id='par_1_39' title="bbox 1882 1023 3453 1093">
     <span class='ocr_line' id='line_1_39' title="bbox 1882 1023 3453 1093; baseline -0.001 -16"><span class='ocrx_word' id='word_1_285' title='bbox 1882 1023 2117 1078; x_wconf 78' lang='lat' dir='ltr'><strong>Proinde</strong></span> <span class='ocrx_word' id='word_1_286' title='bbox 2157 1024 2359 1092; x_wconf 87' lang='lat' dir='ltr'><strong>justum</strong></span> <span class='ocrx_word' id='word_1_287' title='bbox 2389 1036 2472 1080; x_wconf 84' lang='lat' dir='ltr'><strong>est</strong></span> <span class='ocrx_word' id='word_1_288' title='bbox 2527 1042 2611 1081; x_wconf 91' lang='lat' dir='ltr'><strong>me</strong></span> <span class='ocrx_word' id='word_1_289' title='bbox 2650 1026 2775 1081; x_wconf 86' lang='lat' dir='ltr'><strong>talia</strong></span> <span class='ocrx_word' id='word_1_290' title='bbox 2831 1027 2893 1080; x_wconf 92' lang='lat' dir='ltr'><strong>de</strong></span> <span class='ocrx_word' id='word_1_291' title='bbox 2946 1028 3098 1080; x_wconf 76' lang='lat' dir='ltr'><strong>vobis</strong></span> <span class='ocrx_word' id='word_1_292' title='bbox 3156 1026 3453 1093; x_wconf 70' lang='lat' dir='ltr'><strong>conjicere,</strong></span> 
     </span>
    </p>
   </div>
   <div class='ocr_carea' id='block_1_40' title="bbox 1886 1119 3459 1190">
    <p class='ocr_par' dir='ltr' id='par_1_40' title="bbox 1886 1119 3459 1190">
     <span class='ocr_line' id='line_1_40' title="bbox 1886 1119 3459 1190; baseline 0 -19"><span class='ocrx_word' id='word_1_293' title='bbox 1886 1128 2047 1187; x_wconf 86' lang='lat' dir='ltr'><strong>atque</strong></span> <span class='ocrx_word' id='word_1_294' title='bbox 2078 1133 2142 1171; x_wconf 80' lang='lat' dir='ltr'><strong>ex</strong></span> <span class='ocrx_word' id='word_1_295' title='bbox 2174 1119 2485 1185; x_wconf 83' lang='lat' dir='ltr'><strong>primordiis</strong></span> <span class='ocrx_word' id='word_1_296' title='bbox 2515 1122 2673 1174; x_wconf 81' lang='lat' dir='ltr'><strong>liuent</strong></span> <span class='ocrx_word' id='word_1_297' title='bbox 2723 1120 2992 1190; x_wconf 78' lang='lat' dir='ltr'><strong>:olligere.</strong></span> <span class='ocrx_word' id='word_1_298' title='bbox 3037 1121 3246 1186; x_wconf 84' lang='lat' dir='ltr'><strong>Quanta</strong></span> <span class='ocrx_word' id='word_1_299' title='bbox 3280 1130 3459 1173; x_wconf 89' lang='lat' dir='ltr'><strong>autent</strong></span> 
     </span>
    </p>
   </div>
   <div class='ocr_carea' id='block_1_41' title="bbox 1885 1208 3460 1281">
    <p class='ocr_par' dir='ltr' id='par_1_41' title="bbox 1885 1208 3460 1281">
     <span class='ocr_line' id='line_1_41' title="bbox 1885 1208 3460 1281; baseline 0 -20"><span class='ocrx_word' id='word_1_300' title='bbox 1885 1208 2001 1263; x_wconf 90' lang='lat' dir='ltr'><strong>laus</strong></span> <span class='ocrx_word' id='word_1_301' title='bbox 2040 1218 2125 1264; x_wconf 89' lang='lat' dir='ltr'><strong>est</strong></span> <span class='ocrx_word' id='word_1_302' title='bbox 2166 1208 2333 1264; x_wconf 87' lang='lat' dir='ltr'><strong>Paulo</strong></span> <span class='ocrx_word' id='word_1_303' title='bbox 2364 1225 2483 1265; x_wconf 88' lang='lat' dir='ltr'><strong>esse</strong></span> <span class='ocrx_word' id='word_1_304' title='bbox 2512 1213 2684 1274; x_wconf 92' lang='lat' dir='ltr'><strong>cordi,</strong></span> <span class='ocrx_word' id='word_1_305' title='bbox 2724 1211 2813 1281; x_wconf 91' lang='lat' dir='ltr'><strong>qni</strong></span> <span class='ocrx_word' id='word_1_306' title='bbox 2861 1226 2966 1263; x_wconf 91' lang='lat' dir='ltr'><strong>non</strong></span> <span class='ocrx_word' id='word_1_307' title='bbox 3005 1211 3074 1263; x_wconf 88' lang='lat' dir='ltr'><strong>ita</strong></span> <span class='ocrx_word' id='word_1_308' title='bbox 3117 1210 3460 1277; x_wconf 80' lang='lat' dir='ltr'><strong>simpliciter,</strong></span> 
     </span>
    </p>
   </div>
   <div class='ocr_carea' id='block_1_42' title="bbox 1887 1301 3465 1373">
    <p class='ocr_par' dir='ltr' id='par_1_42' title="bbox 1887 1301 3465 1373">
     <span class='ocr_line' id='line_1_42' title="bbox 1887 1301 3465 1373; baseline -0.001 -19"><span class='ocrx_word' id='word_1_309' title='bbox 1887 1303 1981 1355; x_wconf 84' lang='lat' dir='ltr'><strong>sed</strong></span> <span class='ocrx_word' id='word_1_310' title='bbox 2006 1319 2129 1357; x_wconf 88' lang='lat' dir='ltr'><strong>cum</strong></span> <span class='ocrx_word' id='word_1_311' title='bbox 2166 1302 2393 1372; x_wconf 87' lang='lat' dir='ltr'><strong>judicio,</strong></span> <span class='ocrx_word' id='word_1_312' title='bbox 2438 1312 2493 1357; x_wconf 88' lang='lat' dir='ltr'><strong>et</strong></span> <span class='ocrx_word' id='word_1_313' title='bbox 2520 1305 2711 1373; x_wconf 77' lang='lat' dir='ltr'><strong>dignos</strong></span> <span class='ocrx_word' id='word_1_314' title='bbox 2746 1302 2963 1372; x_wconf 78' lang='lat' dir='ltr'><strong>diligit?</strong></span> <span class='ocrx_word' id='word_1_315' title='bbox 2988 1303 3055 1356; x_wconf 87' lang='lat' dir='ltr'><strong>At</strong></span> <span class='ocrx_word' id='word_1_316' title='bbox 3086 1318 3150 1355; x_wconf 90' lang='lat' dir='ltr'><strong>ne</strong></span> <span class='ocrx_word' id='word_1_317' title='bbox 3181 1312 3290 1355; x_wconf 88' lang='lat' dir='ltr'><strong>tum</strong></span> <span class='ocrx_word' id='word_1_318' title='bbox 3341 1301 3465 1370; x_wconf 88' lang='lat' dir='ltr'><strong>qui-</strong></span> 
     </span>
    </p>
   </div>
   <div class='ocr_carea' id='block_1_43' title="bbox 1889 1393 3463 1464">
    <p class='ocr_par' dir='ltr' id='par_1_43' title="bbox 1889 1393 3463 1464">
     <span class='ocr_line' id='line_1_43' title="bbox 1889 1393 3463 1464; baseline -0.003 -16"><span class='ocrx_word' id='word_1_319' title='bbox 1889 1394 2030 1457; x_wconf 86' lang='lat' dir='ltr'><strong>dem,</strong></span> <span class='ocrx_word' id='word_1_320' title='bbox 2064 1394 2259 1461; x_wconf 81' lang='lat' dir='ltr'><strong>inquit,</strong></span> <span class='ocrx_word' id='word_1_321' title='bbox 2316 1396 2532 1464; x_wconf 79' lang='lat' dir='ltr'><strong>quando</strong></span> <span class='ocrx_word' id='word_1_322' title='bbox 2578 1395 2717 1461; x_wconf 88' lang='lat' dir='ltr'><strong>apttd</strong></span> <span class='ocrx_word' id='word_1_323' title='bbox 2775 1394 3038 1449; x_wconf 80' lang='lat' dir='ltr'><strong>Neronem</strong></span> <span class='ocrx_word' id='word_1_324' title='bbox 3095 1393 3463 1446; x_wconf 78' lang='lat' dir='ltr'><strong>defensionem</strong></span> 
     </span>
    </p>
   </div>
   <div class='ocr_carea' id='block_1_44' title="bbox 1891 1483 3466 1547">
    <p class='ocr_par' dir='ltr' id='par_1_44' title="bbox 1891 1483 3466 1547">
     <span class='ocr_line' id='line_1_44' title="bbox 1891 1483 3466 1547; baseline -0.001 -10"><span class='ocrx_word' id='word_1_325' title='bbox 1891 1500 2064 1537; x_wconf 89' lang='lat' dir='ltr'><strong>meam</strong></span> <span class='ocrx_word' id='word_1_326' title='bbox 2104 1483 2228 1547; x_wconf 82' lang='lat' dir='ltr'><strong>feci,</strong></span> <span class='ocrx_word' id='word_1_327' title='bbox 2259 1488 2517 1539; x_wconf 84' lang='lat' dir='ltr'><strong>memoria</strong></span> <span class='ocrx_word' id='word_1_328' title='bbox 2565 1500 2685 1539; x_wconf 85' lang='lat' dir='ltr'><strong>mea</strong></span> <span class='ocrx_word' id='word_1_329' title='bbox 2733 1486 3031 1540; x_wconf 76' lang='lat' dir='ltr'><strong>excidistis.</strong></span> <span class='ocrx_word' id='word_1_330' title='bbox 3078 1483 3466 1540; x_wconf 83' lang='lat' dir='ltr'><strong>Contirmatio-</strong></span> 
     </span>
    </p>
   </div>
   <div class='ocr_carea' id='block_1_45' title="bbox 1891 1574 3463 1645">
    <p class='ocr_par' dir='ltr' id='par_1_45' title="bbox 1891 1574 3463 1645">
     <span class='ocr_line' id='line_1_45' title="bbox 1891 1574 3463 1645; baseline 0 -16"><span class='ocrx_word' id='word_1_331' title='bbox 1891 1590 2009 1629; x_wconf 81' lang='lat' dir='ltr'><strong>netu</strong></span> <span class='ocrx_word' id='word_1_332' title='bbox 2032 1584 2211 1628; x_wconf 89' lang='lat' dir='ltr'><strong>autem</strong></span> <span class='ocrx_word' id='word_1_333' title='bbox 2246 1574 2517 1645; x_wconf 82' lang='lat' dir='ltr'><strong>Evangelii</strong></span> <span class='ocrx_word' id='word_1_334' title='bbox 2554 1577 2763 1630; x_wconf 77' lang='lat' dir='ltr'><strong>vincula</strong></span> <span class='ocrx_word' id='word_1_335' title='bbox 2796 1584 2850 1630; x_wconf 84' lang='lat' dir='ltr'><strong>et</strong></span> <span class='ocrx_word' id='word_1_336' title='bbox 2907 1575 3227 1630; x_wconf 83' lang='lat' dir='ltr'><strong>amictiones</strong></span> <span class='ocrx_word' id='word_1_337' title='bbox 3263 1584 3419 1628; x_wconf 85' lang='lat' dir='ltr'><strong>vocat</strong></span> <span class='ocrx_word' id='word_1_338' title='bbox 3449 1615 3463 1629; x_wconf 92' lang='lat'><strong>.</strong></span> 
     </span>
    </p>
   </div>
   <div class='ocr_carea' id='block_1_46' title="bbox 1890 1667 3464 1739">
    <p class='ocr_par' dir='ltr' id='par_1_46' title="bbox 1890 1667 3464 1739">
     <span class='ocr_line' id='line_1_46' title="bbox 1890 1667 3464 1739; baseline -0.003 -17"><span class='ocrx_word' id='word_1_339' title='bbox 1890 1677 1943 1722; x_wconf 91' lang='lat' dir='ltr'><strong>et</strong></span> <span class='ocrx_word' id='word_1_340' title='bbox 1976 1668 2090 1722; x_wconf 67' lang='lat' dir='ltr'><strong>haec</strong></span> <span class='ocrx_word' id='word_1_341' title='bbox 2120 1668 2233 1736; x_wconf 88' lang='lat' dir='ltr'><strong>ipsa</strong></span> <span class='ocrx_word' id='word_1_342' title='bbox 2257 1667 2627 1722; x_wconf 71' lang='lat' dir='ltr'><strong>defensionem</strong></span> <span class='ocrx_word' id='word_1_343' title='bbox 2653 1668 2827 1722; x_wconf 82' lang='lat' dir='ltr'><strong>dicere</strong></span> <span class='ocrx_word' id='word_1_344' title='bbox 2856 1670 3078 1739; x_wconf 87' lang='lat' dir='ltr'><strong>poteris.</strong></span> <span class='ocrx_word' id='word_1_345' title='bbox 3112 1667 3464 1734; x_wconf 83' lang='lat' dir='ltr'><strong>Perspicuum</strong></span> 
     </span>
    </p>
   </div>
   <div class='ocr_carea' id='block_1_47' title="bbox 1891 1759 3465 1831">
    <p class='ocr_par' dir='ltr' id='par_1_47' title="bbox 1891 1759 3465 1831">
     <span class='ocr_line' id='line_1_47' title="bbox 1891 1759 3465 1831; baseline 0.001 -21"><span class='ocrx_word' id='word_1_346' title='bbox 1891 1759 2036 1812; x_wconf 88' lang='lat' dir='ltr'><strong>enim</strong></span> <span class='ocrx_word' id='word_1_347' title='bbox 2072 1770 2175 1823; x_wconf 84' lang='lat' dir='ltr'><strong>est,</strong></span> <span class='ocrx_word' id='word_1_348' title='bbox 2207 1761 2305 1815; x_wconf 89' lang='lat' dir='ltr'><strong>nisi</strong></span> <span class='ocrx_word' id='word_1_349' title='bbox 2331 1761 2519 1814; x_wconf 86' lang='lat' dir='ltr'><strong>fuisset</strong></span> <span class='ocrx_word' id='word_1_350' title='bbox 2559 1776 2849 1831; x_wconf 85' lang='lat' dir='ltr'><strong>persuasus</strong></span> <span class='ocrx_word' id='word_1_351' title='bbox 2896 1760 3197 1814; x_wconf 81' lang='lat' dir='ltr'><strong>inell&#39;abiles</strong></span> <span class='ocrx_word' id='word_1_352' title='bbox 3228 1773 3352 1813; x_wconf 76' lang='lat' dir='ltr'><strong>esse</strong></span> <span class='ocrx_word' id='word_1_353' title='bbox 3380 1774 3465 1811; x_wconf 79' lang='lat' dir='ltr'><strong>rc-</strong></span> 
     </span>
    </p>
   </div>
   <div class='ocr_carea' id='block_1_48' title="bbox 1894 1852 3467 1919">
    <p class='ocr_par' dir='ltr' id='par_1_48' title="bbox 1894 1852 3467 1919">
     <span class='ocr_line' id='line_1_48' title="bbox 1894 1852 3467 1919; baseline -0.001 -14"><span class='ocrx_word' id='word_1_354' title='bbox 1894 1853 2234 1917; x_wconf 89' lang='lat' dir='ltr'><strong>tributiones,</strong></span> <span class='ocrx_word' id='word_1_355' title='bbox 2269 1861 2322 1906; x_wconf 91' lang='lat' dir='ltr'><strong>et</strong></span> <span class='ocrx_word' id='word_1_356' title='bbox 2376 1854 2537 1907; x_wconf 88' lang='lat' dir='ltr'><strong>nullis</strong></span> <span class='ocrx_word' id='word_1_357' title='bbox 2568 1854 2749 1907; x_wconf 86' lang='lat' dir='ltr'><strong>verbis</strong></span> <span class='ocrx_word' id='word_1_358' title='bbox 2790 1854 3118 1907; x_wconf 87' lang='lat' dir='ltr'><strong>euarrabilia</strong></span> <span class='ocrx_word' id='word_1_359' title='bbox 3172 1852 3310 1904; x_wconf 87' lang='lat' dir='ltr'><strong>bona</strong></span> <span class='ocrx_word' id='word_1_360' title='bbox 3346 1865 3467 1919; x_wconf 71' lang='lat' dir='ltr'><strong>qnte</strong></span> 
     </span>
    </p>
   </div>
   <div class='ocr_carea' id='block_1_49' title="bbox 1890 1942 3466 2013">
    <p class='ocr_par' dir='ltr' id='par_1_49' title="bbox 1890 1942 3466 2013">
     <span class='ocr_line' id='line_1_49' title="bbox 1890 1942 3466 2013; baseline -0.003 -14"><span class='ocrx_word' id='word_1_361' title='bbox 1890 1953 2246 2013; x_wconf 75' lang='lat' dir='ltr'><strong>exspectaret,</strong></span> <span class='ocrx_word' id='word_1_362' title='bbox 2290 1961 2398 1999; x_wconf 89' lang='lat' dir='ltr'><strong>non</strong></span> <span class='ocrx_word' id='word_1_363' title='bbox 2441 1946 2634 2000; x_wconf 80' lang='lat' dir='ltr'><strong>fuisset</strong></span> <span class='ocrx_word' id='word_1_364' title='bbox 2679 1948 2932 2001; x_wconf 87' lang='lat' dir='ltr'><strong>vinctus:</strong></span> <span class='ocrx_word' id='word_1_365' title='bbox 2991 1945 3201 2000; x_wconf 79' lang='lat' dir='ltr'><strong>ell&#39;erati</strong></span> <span class='ocrx_word' id='word_1_366' title='bbox 3238 1942 3466 1996; x_wconf 79' lang='lat' dir='ltr'><strong>Neronis</strong></span> 
     </span>
    </p>
   </div>
   <div class='ocr_carea' id='block_1_50' title="bbox 1888 2036 3463 2103">
    <p class='ocr_par' dir='ltr' id='par_1_50' title="bbox 1888 2036 3463 2103">
     <span class='ocr_line' id='line_1_50' title="bbox 1888 2036 3463 2103; baseline -0.001 -14"><span class='ocrx_word' id='word_1_367' title='bbox 1888 2037 2240 2092; x_wconf 73' lang='lat' dir='ltr'><strong>offensionem</strong></span> <span class='ocrx_word' id='word_1_368' title='bbox 2279 2052 2382 2090; x_wconf 88' lang='lat' dir='ltr'><strong>non</strong></span> <span class='ocrx_word' id='word_1_369' title='bbox 2423 2036 2769 2101; x_wconf 87' lang='lat' dir='ltr'><strong>incurrisset,</strong></span> <span class='ocrx_word' id='word_1_370' title='bbox 2804 2037 2903 2092; x_wconf 88' lang='lat' dir='ltr'><strong>nisi</strong></span> <span class='ocrx_word' id='word_1_371' title='bbox 2959 2037 3121 2091; x_wconf 88' lang='lat' dir='ltr'><strong>alium</strong></span> <span class='ocrx_word' id='word_1_372' title='bbox 3162 2038 3463 2103; x_wconf 83' lang='lat' dir='ltr'><strong>imperato-</strong></span> 
     </span>
    </p>
   </div>
   <div class='ocr_carea' id='block_1_51' title="bbox 1891 2129 3464 2197">
    <p class='ocr_par' dir='ltr' id='par_1_51' title="bbox 1891 2129 3464 2197">
     <span class='ocr_line' id='line_1_51' title="bbox 1891 2129 3464 2197; baseline -0.001 -15"><span class='ocrx_word' id='word_1_373' title='bbox 1891 2144 2001 2183; x_wconf 85' lang='lat' dir='ltr'><strong>rem</strong></span> <span class='ocrx_word' id='word_1_374' title='bbox 2057 2129 2259 2183; x_wconf 76' lang='lat' dir='ltr'><strong>diutius</strong></span> <span class='ocrx_word' id='word_1_375' title='bbox 2323 2133 2641 2185; x_wconf 87' lang='lat' dir='ltr'><strong>duratnrum</strong></span> <span class='ocrx_word' id='word_1_376' title='bbox 2683 2130 2867 2183; x_wconf 87' lang='lat' dir='ltr'><strong>animo</strong></span> <span class='ocrx_word' id='word_1_377' title='bbox 2925 2146 3024 2184; x_wconf 85' lang='lat' dir='ltr'><strong>suo</strong></span> <span class='ocrx_word' id='word_1_378' title='bbox 3068 2129 3464 2197; x_wconf 79' lang='lat' dir='ltr'><strong>proSpexisset.</strong></span> 
     </span>
    </p>
   </div>
   <div class='ocr_carea' id='block_1_52' title="bbox 1889 2222 3245 2294">
    <p class='ocr_par' dir='ltr' id='par_1_52' title="bbox 1889 2222 3245 2294">
     <span class='ocr_line' id='line_1_52' title="bbox 1889 2222 3245 2294; baseline 0.001 -18"><span class='ocrx_word' id='word_1_379' title='bbox 1889 2224 2072 2293; x_wconf 85' lang='lat' dir='ltr'><strong>Itaque</strong></span> <span class='ocrx_word' id='word_1_380' title='bbox 2099 2222 2412 2278; x_wconf 80' lang='lat' dir='ltr'><strong>aillictioues</strong></span> <span class='ocrx_word' id='word_1_381' title='bbox 2439 2234 2563 2278; x_wconf 89' lang='lat' dir='ltr'><strong>sunt</strong></span> <span class='ocrx_word' id='word_1_382' title='bbox 2590 2225 2930 2278; x_wconf 86' lang='lat' dir='ltr'><strong>confirmatio</strong></span> <span class='ocrx_word' id='word_1_383' title='bbox 2954 2225 3245 2294; x_wconf 76' lang='lat' dir='ltr'><strong>Evangelii.</strong></span> 
     </span>
    </p>
   </div>
   <div class='ocr_carea' id='block_1_53' title="bbox 1963 2316 3469 2385">
    <p class='ocr_par' dir='ltr' id='par_1_53' title="bbox 1963 2316 3469 2385">
     <span class='ocr_line' id='line_1_53' title="bbox 1963 2316 3469 2385; baseline -0.002 -14"><span class='ocrx_word' id='word_1_384' title='bbox 1963 2316 2101 2371; x_wconf 88' lang='lat' dir='ltr'><strong>Dum</strong></span> <span class='ocrx_word' id='word_1_385' title='bbox 2130 2316 2358 2371; x_wconf 85' lang='lat' dir='ltr'><strong>consocii</strong></span> <span class='ocrx_word' id='word_1_386' title='bbox 2411 2318 2597 2385; x_wconf 75' lang='lat' dir='ltr'><strong>gratia:</strong></span> <span class='ocrx_word' id='word_1_387' title='bbox 2628 2332 2755 2370; x_wconf 69' lang='lat' dir='ltr'><strong>mea:</strong></span> <span class='ocrx_word' id='word_1_388' title='bbox 2782 2333 2869 2370; x_wconf 87' lang='lat' dir='ltr'><strong>vos</strong></span> <span class='ocrx_word' id='word_1_389' title='bbox 2906 2334 3081 2370; x_wconf 82' lang='lat' dir='ltr'><strong>omnes</strong></span> <span class='ocrx_word' id='word_1_390' title='bbox 3128 2320 3271 2373; x_wconf 73' lang='lat' dir='ltr'><strong>sitas.</strong></span> <span class='ocrx_word' id='word_1_391' title='bbox 3310 2316 3469 2372; x_wconf 80' lang='lat' dir='ltr'><strong>Ponit</strong></span> 
     </span>
    </p>
   </div>
   <div class='ocr_carea' id='block_1_54' title="bbox 1891 2406 3460 2476">
    <p class='ocr_par' dir='ltr' id='par_1_54' title="bbox 1891 2406 3460 2476">
     <span class='ocr_line' id='line_1_54' title="bbox 1891 2406 3460 2476; baseline -0.002 -14"><span class='ocrx_word' id='word_1_392' title='bbox 1891 2409 1978 2463; x_wconf 92' lang='lat' dir='ltr'><strong>hic</strong></span> <span class='ocrx_word' id='word_1_393' title='bbox 2011 2411 2079 2462; x_wconf 92' lang='lat' dir='ltr'><strong>ob</strong></span> <span class='ocrx_word' id='word_1_394' title='bbox 2112 2408 2318 2473; x_wconf 88' lang='lat' dir='ltr'><strong>oculos,</strong></span> <span class='ocrx_word' id='word_1_395' title='bbox 2364 2423 2421 2462; x_wconf 89' lang='lat' dir='ltr'><strong>se</strong></span> <span class='ocrx_word' id='word_1_396' title='bbox 2449 2409 2583 2463; x_wconf 84' lang='lat' dir='ltr'><strong>citra</strong></span> <span class='ocrx_word' id='word_1_397' title='bbox 2606 2408 2864 2476; x_wconf 76' lang='lat' dir='ltr'><strong>iudicium</strong></span> <span class='ocrx_word' id='word_1_398' title='bbox 2891 2406 3032 2460; x_wconf 90' lang='lat' dir='ltr'><strong>haud</strong></span> <span class='ocrx_word' id='word_1_399' title='bbox 3068 2422 3160 2461; x_wconf 90' lang='lat' dir='ltr'><strong>eos</strong></span> <span class='ocrx_word' id='word_1_400' title='bbox 3197 2407 3460 2476; x_wconf 72' lang='lat' dir='ltr'><strong>diligere°</strong></span> 
     </span>
    </p>
   </div>
   <div class='ocr_carea' id='block_1_55' title="bbox 1892 2498 3471 2568">
    <p class='ocr_par' dir='ltr' id='par_1_55' title="bbox 1892 2498 3471 2568">
     <span class='ocr_line' id='line_1_55' title="bbox 1892 2498 3471 2568; baseline -0.003 -16"><span class='ocrx_word' id='word_1_401' title='bbox 1892 2511 2197 2567; x_wconf 85' lang='lat' dir='ltr'><strong>propterea,</strong></span> <span class='ocrx_word' id='word_1_402' title='bbox 2236 2499 2431 2568; x_wconf 87' lang='lat' dir='ltr'><strong>inquit,</strong></span> <span class='ocrx_word' id='word_1_403' title='bbox 2486 2498 2659 2552; x_wconf 86' lang='lat' dir='ltr'><strong>habeo</strong></span> <span class='ocrx_word' id='word_1_404' title='bbox 2692 2513 2787 2552; x_wconf 89' lang='lat' dir='ltr'><strong>vos</strong></span> <span class='ocrx_word' id='word_1_405' title='bbox 2842 2515 2891 2551; x_wconf 88' lang='lat' dir='ltr'><strong>tu</strong></span> <span class='ocrx_word' id='word_1_406' title='bbox 2927 2499 3113 2559; x_wconf 88' lang='lat' dir='ltr'><strong>corde,</strong></span> <span class='ocrx_word' id='word_1_407' title='bbox 3146 2498 3286 2565; x_wconf 88' lang='lat' dir='ltr'><strong>quod</strong></span> <span class='ocrx_word' id='word_1_408' title='bbox 3341 2499 3471 2552; x_wconf 78' lang='lat' dir='ltr'><strong>estis</strong></span> 
     </span>
    </p>
   </div>
   <div class='ocr_carea' id='block_1_56' title="bbox 1891 2589 3472 2660">
    <p class='ocr_par' dir='ltr' id='par_1_56' title="bbox 1891 2589 3472 2660">
     <span class='ocr_line' id='line_1_56' title="bbox 1891 2589 3472 2660; baseline -0.001 -15"><span class='ocrx_word' id='word_1_409' title='bbox 1891 2592 2021 2645; x_wconf 92' lang='lat' dir='ltr'><strong>mihi</strong></span> <span class='ocrx_word' id='word_1_410' title='bbox 2079 2590 2316 2645; x_wconf 90' lang='lat' dir='ltr'><strong>consocii</strong></span> <span class='ocrx_word' id='word_1_411' title='bbox 2359 2591 2546 2660; x_wconf 67' lang='lat' dir='ltr'><strong>gratia:</strong></span> <span class='ocrx_word' id='word_1_412' title='bbox 2601 2589 2780 2658; x_wconf 87' lang='lat' dir='ltr'><strong>hujus,</strong></span> <span class='ocrx_word' id='word_1_413' title='bbox 2813 2589 2863 2644; x_wconf 94' lang='lat' dir='ltr'><strong>id</strong></span> <span class='ocrx_word' id='word_1_414' title='bbox 2899 2600 2982 2645; x_wconf 90' lang='lat' dir='ltr'><strong>est</strong></span> <span class='ocrx_word' id='word_1_415' title='bbox 3028 2590 3378 2644; x_wconf 83' lang='lat' dir='ltr'><strong>amictionum</strong></span> <span class='ocrx_word' id='word_1_416' title='bbox 3416 2600 3472 2643; x_wconf 84' lang='lat' dir='ltr'><strong>et</strong></span> 
     </span>
    </p>
   </div>
   <div class='ocr_carea' id='block_1_57' title="bbox 1890 2682 3470 2753">
    <p class='ocr_par' dir='ltr' id='par_1_57' title="bbox 1890 2682 3470 2753">
     <span class='ocr_line' id='line_1_57' title="bbox 1890 2682 3470 2753; baseline -0.002 -15"><span class='ocrx_word' id='word_1_417' title='bbox 1890 2684 2228 2740; x_wconf 82' lang='lat' dir='ltr'><strong>vinculorum</strong></span> <span class='ocrx_word' id='word_1_418' title='bbox 2256 2701 2271 2738; x_wconf 89' lang='lat'><strong>:</strong></span> <span class='ocrx_word' id='word_1_419' title='bbox 2298 2684 2616 2752; x_wconf 82' lang='lat' dir='ltr'><strong>navalisque</strong></span> <span class='ocrx_word' id='word_1_420' title='bbox 2632 2699 2877 2753; x_wconf 88' lang='lat' dir='ltr'><strong>operam,</strong></span> <span class='ocrx_word' id='word_1_421' title='bbox 2918 2697 2984 2737; x_wconf 89' lang='lat' dir='ltr'><strong>ne</strong></span> <span class='ocrx_word' id='word_1_422' title='bbox 3013 2698 3041 2737; x_wconf 87' lang='lat' dir='ltr'><strong>a</strong></span> <span class='ocrx_word' id='word_1_423' title='bbox 3080 2684 3308 2737; x_wconf 88' lang='lat' dir='ltr'><strong>nobisin</strong></span> <span class='ocrx_word' id='word_1_424' title='bbox 3335 2682 3470 2736; x_wconf 84' lang='lat' dir='ltr'><strong>aflli—</strong></span> 
     </span>
    </p>
   </div>
   <div class='ocr_carea' id='block_1_58' title="bbox 1890 2773 3458 2842">
    <p class='ocr_par' dir='ltr' id='par_1_58' title="bbox 1890 2773 3458 2842">
     <span class='ocr_line' id='line_1_58' title="bbox 1890 2773 3458 2842; baseline -0.003 -10"><span class='ocrx_word' id='word_1_425' title='bbox 1890 2777 2159 2832; x_wconf 76' lang='lat' dir='ltr'><strong>Ctionibus</strong></span> <span class='ocrx_word' id='word_1_426' title='bbox 2178 2775 2459 2841; x_wconf 86' lang='lat' dir='ltr'><strong>deﬁciatis,</strong></span> <span class='ocrx_word' id='word_1_427' title='bbox 2487 2790 2672 2829; x_wconf 89' lang='lat' dir='ltr'><strong>verum</strong></span> <span class='ocrx_word' id='word_1_428' title='bbox 2706 2787 2764 2829; x_wconf 89' lang='lat' dir='ltr'><strong>ut</strong></span> <span class='ocrx_word' id='word_1_429' title='bbox 2800 2773 3159 2829; x_wconf 88' lang='lat' dir='ltr'><strong>tentationum</strong></span> <span class='ocrx_word' id='word_1_430' title='bbox 3191 2790 3329 2841; x_wconf 84' lang='lat' dir='ltr'><strong>quas</strong></span> <span class='ocrx_word' id='word_1_431' title='bbox 3360 2789 3458 2842; x_wconf 90' lang='lat' dir='ltr'><strong>pro</strong></span> 
     </span>
    </p>
   </div>
   <div class='ocr_carea' id='block_1_59' title="bbox 1890 2866 3467 2941">
    <p class='ocr_par' dir='ltr' id='par_1_59' title="bbox 1890 2866 3467 2941">
     <span class='ocr_line' id='line_1_59' title="bbox 1890 2866 3467 2941; baseline -0.003 -16"><span class='ocrx_word' id='word_1_432' title='bbox 1890 2869 2187 2941; x_wconf 83' lang='lat' dir='ltr'><strong>Evangelio</strong></span> <span class='ocrx_word' id='word_1_433' title='bbox 2212 2870 2566 2933; x_wconf 86' lang='lat' dir='ltr'><strong>sustinemus,</strong></span> <span class='ocrx_word' id='word_1_434' title='bbox 2604 2869 2783 2936; x_wconf 83' lang='lat' dir='ltr'><strong>patins</strong></span> <span class='ocrx_word' id='word_1_435' title='bbox 2810 2868 3101 2937; x_wconf 83' lang='lat' dir='ltr'><strong>participes</strong></span> <span class='ocrx_word' id='word_1_436' title='bbox 3129 2866 3467 2921; x_wconf 82' lang='lat' dir='ltr'><strong>eiliciamini.</strong></span> 
     </span>
    </p>
   </div>
   <div class='ocr_carea' id='block_1_60' title="bbox 1890 2960 3472 3029">
    <p class='ocr_par' dir='ltr' id='par_1_60' title="bbox 1890 2960 3472 3029">
     <span class='ocr_line' id='line_1_60' title="bbox 1890 2960 3472 3029; baseline -0.003 -13"><span class='ocrx_word' id='word_1_437' title='bbox 1890 2960 2042 3028; x_wconf 86' lang='lat' dir='ltr'><strong>Quod</strong></span> <span class='ocrx_word' id='word_1_438' title='bbox 2074 2970 2252 3015; x_wconf 87' lang='lat' dir='ltr'><strong>autem</strong></span> <span class='ocrx_word' id='word_1_439' title='bbox 2280 2962 2492 3014; x_wconf 89' lang='lat' dir='ltr'><strong>vincula</strong></span> <span class='ocrx_word' id='word_1_440' title='bbox 2521 2963 2633 3014; x_wconf 90' lang='lat' dir='ltr'><strong>sint</strong></span> <span class='ocrx_word' id='word_1_441' title='bbox 2688 2962 2881 3028; x_wconf 85' lang='lat' dir='ltr'><strong>gratia,</strong></span> <span class='ocrx_word' id='word_1_442' title='bbox 2915 2961 3131 3029; x_wconf 87' lang='lat' dir='ltr'><strong>planum</strong></span> <span class='ocrx_word' id='word_1_443' title='bbox 3188 2968 3271 3013; x_wconf 86' lang='lat' dir='ltr'><strong>est</strong></span> <span class='ocrx_word' id='word_1_444' title='bbox 3315 2974 3379 3012; x_wconf 76' lang='lat' dir='ltr'><strong>ex</strong></span> <span class='ocrx_word' id='word_1_445' title='bbox 3410 2974 3472 3011; x_wconf 86' lang='lat' dir='ltr'><strong>eo</strong></span> 
     </span>
    </p>
   </div>
   <div class='ocr_carea' id='block_1_61' title="bbox 1893 3052 3473 3125">
    <p class='ocr_par' dir='ltr' id='par_1_61' title="bbox 1893 3052 3473 3125">
     <span class='ocr_line' id='line_1_61' title="bbox 1893 3052 3473 3125; baseline -0.002 -18"><span class='ocrx_word' id='word_1_446' title='bbox 1893 3054 2033 3125; x_wconf 87' lang='lat' dir='ltr'><strong>quod</strong></span> <span class='ocrx_word' id='word_1_447' title='bbox 2072 3054 2332 3109; x_wconf 89' lang='lat' dir='ltr'><strong>Dominus</strong></span> <span class='ocrx_word' id='word_1_448' title='bbox 2363 3055 2435 3106; x_wconf 89' lang='lat' dir='ltr'><strong>ait</strong></span> <span class='ocrx_word' id='word_1_449' title='bbox 2461 3070 2475 3108; x_wconf 89' lang='lat'>:</span> <span class='ocrx_word' id='word_1_450' title='bbox 2502 3052 2699 3123; x_wconf 72' lang='lat' dir='ltr'><strong>Sit/ﬁcit</strong></span> <span class='ocrx_word' id='word_1_451' title='bbox 2734 3055 2827 3107; x_wconf 85' lang='lat' dir='ltr'><strong>tibi</strong></span> <span class='ocrx_word' id='word_1_452' title='bbox 2857 3054 3027 3122; x_wconf 85' lang='lat' dir='ltr'><strong>gratia</strong></span> <span class='ocrx_word' id='word_1_453' title='bbox 3054 3068 3209 3116; x_wconf 85' lang='lat' dir='ltr'><strong>mea;</strong></span> <span class='ocrx_word' id='word_1_454' title='bbox 3240 3052 3473 3119; x_wconf 79' lang='lat' dir='ltr'><strong>potentia</strong></span> 
     </span>
    </p>
   </div>
   <div class='ocr_carea' id='block_1_62' title="bbox 211 3142 1923 3216">
    <p class='ocr_par' dir='ltr' id='par_1_62' title="bbox 211 3142 1923 3213">
     <span class='ocr_line' id='line_1_62' title="bbox 211 3142 1923 3213; baseline 0.002 -19"><span class='ocrx_word' id='word_1_455' title='bbox 211 3142 564 3195; x_wconf 73' lang='grc' dir='ltr'>τελειοῦται.</span> <span class='ocrx_word' id='word_1_456' title='bbox 588 3143 659 3194; x_wconf 91' lang='grc' dir='ltr'><em>Ἢ</em></span> <span class='ocrx_word' id='word_1_457' title='bbox 680 3143 706 3196; x_wconf 86' lang='grc' dir='ltr'><strong>δ</strong></span> <span class='ocrx_word' id='word_1_458' title='bbox 731 3144 826 3196; x_wconf 69' lang='grc' dir='ltr'><strong>καὶ</strong></span> <span class='ocrx_word' id='word_1_459' title='bbox 852 3142 1073 3213; x_wconf 81' lang='grc' dir='ltr'>μᾶλλον,</span> <span class='ocrx_word' id='word_1_460' title='bbox 1106 3145 1181 3207; x_wconf 84' lang='grc' dir='ltr'>ὡς</span> <span class='ocrx_word' id='word_1_461' title='bbox 1215 3143 1522 3213; x_wconf 83' lang='grc' dir='ltr'>προκατιὼν</span> <span class='ocrx_word' id='word_1_462' title='bbox 1544 3146 1589 3175; x_wconf 73' lang='grc'><strong>³⁸</strong></span> <span class='ocrx_word' id='word_1_463' title='bbox 1614 3144 1780 3213; x_wconf 82' lang='grc' dir='ltr'>λέγει,</span> <span class='ocrx_word' id='word_1_464' title='bbox 1815 3144 1859 3202; x_wconf 89' lang='lat' dir='ltr'><strong><em>C</em></strong></span> <span class='ocrx_word' id='word_1_465' title='bbox 1892 3164 1923 3201; x_wconf 14' lang='lat' dir='ltr'><strong>et</strong></span> 
     </span>
    </p>
   </div>
   <div class='ocr_carea' id='block_1_63' title="bbox 1829 3142 3477 3216">
    <p class='ocr_par' dir='ltr' id='par_1_63' title="bbox 1829 3143 3477 3216">
     <span class='ocr_line' id='line_1_63' title="bbox 1829 3143 3477 3216; baseline -0.003 -14"><span class='ocrx_word' id='word_1_466' title='bbox 1829 3144 1859 3202; x_wconf 73' lang='grc' dir='ltr'><strong><em>Β</em></strong></span> <span class='ocrx_word' id='word_1_467' title='bbox 1892 3147 2027 3201; x_wconf 83' lang='lat' dir='ltr'><strong>enim</strong></span> <span class='ocrx_word' id='word_1_468' title='bbox 2074 3164 2186 3200; x_wconf 83' lang='lat' dir='ltr'><strong>mea</strong></span> <span class='ocrx_word' id='word_1_469' title='bbox 2232 3148 2287 3199; x_wconf 82' lang='lat' dir='ltr'><strong>in</strong></span> <span class='ocrx_word' id='word_1_470' title='bbox 2337 3146 2650 3214; x_wconf 76' lang='lat' dir='ltr'><strong>inﬁrmitate</strong></span> <span class='ocrx_word' id='word_1_471' title='bbox 2680 3146 3012 3216; x_wconf 38' lang='lat' dir='ltr'><strong>perﬁczturi.</strong></span> <span class='ocrx_word' id='word_1_472' title='bbox 3060 3143 3157 3198; x_wconf 83' lang='lat' dir='ltr'><strong>Vel</strong></span> <span class='ocrx_word' id='word_1_473' title='bbox 3205 3146 3345 3212; x_wconf 88' lang='lat' dir='ltr'><strong>quod</strong></span> <span class='ocrx_word' id='word_1_474' title='bbox 3382 3160 3477 3213; x_wconf 89' lang='lat' dir='ltr'><strong>po-</strong></span> 
     </span>
    </p>
   </div>
   <div class='ocr_carea' id='block_1_64' title="bbox 208 3233 1778 3304">
    <p class='ocr_par' dir='ltr' id='par_1_64' title="bbox 208 3233 1778 3304">
     <span class='ocr_line' id='line_1_64' title="bbox 208 3233 1778 3304; baseline 0.001 -18"><span class='ocrx_word' id='word_1_475' title='bbox 208 3234 295 3286; x_wconf 81' lang='grc' dir='ltr'>ὅτι</span> <span class='ocrx_word' id='word_1_476' title='bbox 338 3233 507 3300; x_wconf 82' lang='grc' dir='ltr'>Ὑμῖν</span> <span class='ocrx_word' id='word_1_477' title='bbox 547 3233 836 3301; x_wconf 77' lang='grc' dir='ltr'>ἐχαρίσθη</span> <span class='ocrx_word' id='word_1_478' title='bbox 886 3234 949 3287; x_wconf 83' lang='grc' dir='ltr'><strong>τό</strong></span> <span class='ocrx_word' id='word_1_479' title='bbox 980 3234 1132 3302; x_wconf 77' lang='grc' dir='ltr'>ὑπὲρ</span> <span class='ocrx_word' id='word_1_480' title='bbox 1191 3235 1450 3301; x_wconf 63' lang='grc' dir='ltr'>Χριστοῦ</span> <span class='ocrx_word' id='word_1_481' title='bbox 1494 3234 1778 3304; x_wconf 82' lang='grc' dir='ltr'><strong>πάσχειν.</strong></span> 
     </span>
    </p>
   </div>
   <div class='ocr_carea' id='block_1_65' title="bbox 210 3321 1791 3395">
    <p class='ocr_par' dir='ltr' id='par_1_65' title="bbox 210 3321 1791 3395">
     <span class='ocr_line' id='line_1_65' title="bbox 210 3321 1791 3395; baseline 0.001 -18"><span class='ocrx_word' id='word_1_482' title='bbox 210 3323 359 3393; x_wconf 84' lang='grc' dir='ltr'>Ὅρα</span> <span class='ocrx_word' id='word_1_483' title='bbox 389 3324 464 3388; x_wconf 83' lang='grc' dir='ltr'>δὲ,</span> <span class='ocrx_word' id='word_1_484' title='bbox 498 3323 727 3393; x_wconf 60' lang='grc' dir='ltr'>πῶςιούκ</span> <span class='ocrx_word' id='word_1_485' title='bbox 754 3321 894 3391; x_wconf 80' lang='grc' dir='ltr'>εἷπε,</span> <span class='ocrx_word' id='word_1_486' title='bbox 923 3327 1245 3389; x_wconf 71' lang='grc' dir='ltr'>Κοινωνοὺς,</span> <span class='ocrx_word' id='word_1_487' title='bbox 1272 3326 1427 3387; x_wconf 77' lang='grc' dir='ltr'>ἀλλὰ,</span> <span class='ocrx_word' id='word_1_488' title='bbox 1456 3326 1791 3395; x_wconf 75' lang='grc' dir='ltr'>«Συγκοινωο</span> 
     </span>
    </p>
   </div>
   <div class='ocr_carea' id='block_1_66' title="bbox 209 3414 1792 3481">
    <p class='ocr_par' dir='ltr' id='par_1_66' title="bbox 209 3414 1792 3481">
     <span class='ocr_line' id='line_1_66' title="bbox 209 3414 1792 3481; baseline 0.003 -14"><span class='ocrx_word' id='word_1_489' title='bbox 209 3414 391 3477; x_wconf 57' lang='grc' dir='ltr'>νοῦςη</span> <span class='ocrx_word' id='word_1_490' title='bbox 428 3414 643 3477; x_wconf 73' lang='grc' dir='ltr'>δεικνὺς</span> <span class='ocrx_word' id='word_1_491' title='bbox 673 3415 753 3467; x_wconf 84' lang='grc' dir='ltr'><strong>ὅτι</strong></span> <span class='ocrx_word' id='word_1_492' title='bbox 788 3415 879 3469; x_wconf 73' lang='grc' dir='ltr'><strong>καὶ</strong></span> <span class='ocrx_word' id='word_1_493' title='bbox 898 3414 1061 3478; x_wconf 75' lang='grc' dir='ltr'>αὐτὸς</span> <span class='ocrx_word' id='word_1_494' title='bbox 1087 3416 1131 3446; x_wconf 86' lang='grc'><strong>²⁷</strong></span> <span class='ocrx_word' id='word_1_495' title='bbox 1161 3414 1342 3479; x_wconf 82' lang='grc' dir='ltr'>ἄλλοις</span> <span class='ocrx_word' id='word_1_496' title='bbox 1376 3416 1491 3470; x_wconf 70' lang='grc' dir='ltr'>ἐστὶ</span> <span class='ocrx_word' id='word_1_497' title='bbox 1515 3417 1792 3481; x_wconf 73' lang='grc' dir='ltr'>κοινωνὸς,</span> 
     </span>
    </p>
   </div>
   <div class='ocr_carea' id='block_1_67' title="bbox 211 3505 1795 3577">
    <p class='ocr_par' dir='ltr' id='par_1_67' title="bbox 211 3505 1795 3577">
     <span class='ocr_line' id='line_1_67' title="bbox 211 3505 1795 3577; baseline 0.003 -18"><span class='ocrx_word' id='word_1_498' title='bbox 211 3505 363 3559; x_wconf 80' lang='grc' dir='ltr'>ὥσπε</span> <span class='ocrx_word' id='word_1_499' title='bbox 373 3523 403 3577; x_wconf 89' lang='grc' dir='ltr'><strong>ρ</strong></span> <span class='ocrx_word' id='word_1_500' title='bbox 427 3505 659 3575; x_wconf 77' lang='grc' dir='ltr'>ἀλλαχοῦ</span> <span class='ocrx_word' id='word_1_501' title='bbox 686 3522 871 3576; x_wconf 81' lang='grc' dir='ltr'>φησιν·</span> <span class='ocrx_word' id='word_1_502' title='bbox 889 3506 1024 3560; x_wconf 79' lang='grc' dir='ltr'>Ἵνα</span> <span class='ocrx_word' id='word_1_503' title='bbox 1048 3506 1459 3575; x_wconf 80' lang='grc' dir='ltr'>συγκοινωνὸς</span> <span class='ocrx_word' id='word_1_504' title='bbox 1476 3507 1582 3561; x_wconf 88' lang='grc' dir='ltr'><strong>τοῦ</strong></span> <span class='ocrx_word' id='word_1_505' title='bbox 1601 3510 1795 3575; x_wconf 76' lang='grc' dir='ltr'>Εὐαγ-</span> 
     </span>
    </p>
   </div>
   <div class='ocr_carea' id='block_1_68' title="bbox 218 3599 1795 3671">
    <p class='ocr_par' dir='ltr' id='par_1_68' title="bbox 218 3599 1795 3671">
     <span class='ocr_line' id='line_1_68' title="bbox 218 3599 1795 3671; baseline 0.001 -18"><span class='ocrx_word' id='word_1_506' title='bbox 218 3601 428 3669; x_wconf 77' lang='grc' dir='ltr'>γελίου</span> <span class='ocrx_word' id='word_1_507' title='bbox 494 3599 770 3669; x_wconf 73' lang='grc' dir='ltr'>γένωμαι,</span> <span class='ocrx_word' id='word_1_508' title='bbox 805 3599 1106 3665; x_wconf 83' lang='grc' dir='ltr'>τουτέστιν,</span> <span class='ocrx_word' id='word_1_509' title='bbox 1168 3600 1286 3654; x_wconf 74' lang='grc' dir='ltr'>Ἵνα</span> <span class='ocrx_word' id='word_1_510' title='bbox 1329 3602 1647 3671; x_wconf 86' lang='grc' dir='ltr'>κοινωνήσω</span> <span class='ocrx_word' id='word_1_511' title='bbox 1686 3601 1795 3654; x_wconf 90' lang='grc' dir='ltr'><strong>τῶν</strong></span> 
     </span>
    </p>
   </div>
   <div class='ocr_carea' id='block_1_69' title="bbox 214 3689 1794 3762">
    <p class='ocr_par' dir='ltr' id='par_1_69' title="bbox 214 3689 1794 3762">
     <span class='ocr_line' id='line_1_69' title="bbox 214 3689 1794 3762; baseline 0.001 -19"><span class='ocrx_word' id='word_1_512' title='bbox 214 3690 601 3762; x_wconf 77' lang='grc' dir='ltr'>ἀποκειμένων</span> <span class='ocrx_word' id='word_1_513' title='bbox 631 3690 874 3760; x_wconf 84' lang='grc' dir='ltr'>ἀγαθῶν,</span> <span class='ocrx_word' id='word_1_514' title='bbox 894 3692 1009 3753; x_wconf 85' lang='grc' dir='ltr'>τοῖς</span> <span class='ocrx_word' id='word_1_515' title='bbox 1032 3689 1093 3743; x_wconf 82' lang='grc' dir='ltr'><strong>τὸ</strong></span> <span class='ocrx_word' id='word_1_516' title='bbox 1116 3691 1304 3761; x_wconf 84' lang='grc' dir='ltr'>Εὑαγγ</span> <span class='ocrx_word' id='word_1_517' title='bbox 1315 3691 1455 3745; x_wconf 83' lang='grc' dir='ltr'>έλιον</span> <span class='ocrx_word' id='word_1_518' title='bbox 1485 3691 1794 3761; x_wconf 80' lang='grc' dir='ltr'>καταγγέλ-</span> 
     </span>
    </p>
   </div>
   <div class='ocr_carea' id='block_1_70' title="bbox 213 3784 387 3839">
    <p class='ocr_par' dir='ltr' id='par_1_70' title="bbox 213 3784 387 3839">
     <span class='ocr_line' id='line_1_70' title="bbox 213 3784 387 3839; baseline 0.006 -1"><span class='ocrx_word' id='word_1_519' title='bbox 213 3784 387 3839; x_wconf 79' lang='grc' dir='ltr'>λουσι.</span> 
     </span>
    </p>
   </div>
   <div class='ocr_carea' id='block_1_71' title="bbox 286 3874 1796 3946">
    <p class='ocr_par' dir='ltr' id='par_1_71' title="bbox 286 3874 1796 3946">
     <span class='ocr_line' id='line_1_71' title="bbox 286 3874 1796 3946; baseline 0 -16"><span class='ocrx_word' id='word_1_520' title='bbox 286 3875 528 3944; x_wconf 81' lang='grc' dir='ltr'>Μάρτυς</span> <span class='ocrx_word' id='word_1_521' title='bbox 581 3874 692 3946; x_wconf 66' lang='grc' dir='ltr'><strong>γάρ</strong></span> <span class='ocrx_word' id='word_1_522' title='bbox 727 3875 845 3946; x_wconf 83' lang='grc' dir='ltr'><strong>μού</strong></span> <span class='ocrx_word' id='word_1_523' title='bbox 875 3874 1050 3929; x_wconf 81' lang='grc' dir='ltr'>ἐστιν</span> <span class='ocrx_word' id='word_1_524' title='bbox 1100 3877 1135 3929; x_wconf 84' lang='grc' dir='ltr'><strong>ό</strong></span> <span class='ocrx_word' id='word_1_525' title='bbox 1168 3874 1337 3941; x_wconf 82' lang='grc' dir='ltr'>Θεὸς,</span> <span class='ocrx_word' id='word_1_526' title='bbox 1395 3876 1476 3942; x_wconf 83' lang='grc' dir='ltr'>ὡς</span> <span class='ocrx_word' id='word_1_527' title='bbox 1530 3875 1796 3931; x_wconf 79' lang='grc' dir='ltr'>ἐπιποθῶ</span> 
     </span>
    </p>
   </div>
   <div class='ocr_carea' id='block_1_72' title="bbox 216 3967 1792 4039">
    <p class='ocr_par' dir='ltr' id='par_1_72' title="bbox 216 3967 1792 4039">
     <span class='ocr_line' id='line_1_72' title="bbox 216 3967 1792 4039; baseline 0.003 -18"><span class='ocrx_word' id='word_1_528' title='bbox 216 3967 450 4035; x_wconf 81' lang='grc' dir='ltr'>πάντας</span> <span class='ocrx_word' id='word_1_529' title='bbox 476 3967 631 4036; x_wconf 79' lang='grc' dir='ltr'>ὑμᾶς</span> <span class='ocrx_word' id='word_1_530' title='bbox 675 3969 745 4022; x_wconf 83' lang='grc' dir='ltr'>ἐν</span> <span class='ocrx_word' id='word_1_531' title='bbox 787 3968 1170 4037; x_wconf 78' lang='grc' dir='ltr'>σπλάγχνοις</span> <span class='ocrx_word' id='word_1_532' title='bbox 1238 3968 1446 4035; x_wconf 87' lang='grc' dir='ltr'>Ἰησοῦ</span> <span class='ocrx_word' id='word_1_533' title='bbox 1513 3970 1792 4039; x_wconf 80' lang='grc' dir='ltr'>Χριστοῦ.</span> 
     </span>
    </p>
   </div>
   <div class='ocr_carea' id='block_1_73' title="bbox 218 4060 1796 4132">
    <p class='ocr_par' dir='ltr' id='par_1_73' title="bbox 218 4060 1796 4132">
     <span class='ocr_line' id='line_1_73' title="bbox 218 4060 1796 4132; baseline 0.001 -16"><span class='ocrx_word' id='word_1_534' title='bbox 218 4064 330 4132; x_wconf 81' lang='grc' dir='ltr'>υύχ</span> <span class='ocrx_word' id='word_1_535' title='bbox 361 4062 434 4124; x_wconf 82' lang='grc' dir='ltr'>ὼς</span> <span class='ocrx_word' id='word_1_536' title='bbox 464 4060 859 4131; x_wconf 81' lang='grc' dir='ltr'>ἀπιστούμενος</span> <span class='ocrx_word' id='word_1_537' title='bbox 898 4063 1152 4132; x_wconf 86' lang='grc' dir='ltr'>μάρτυρα</span> <span class='ocrx_word' id='word_1_538' title='bbox 1188 4062 1346 4116; x_wconf 85' lang='grc' dir='ltr'>καλεῖ</span> <span class='ocrx_word' id='word_1_539' title='bbox 1376 4061 1464 4116; x_wconf 71' lang='grc' dir='ltr'><strong>τὸν</strong></span> <span class='ocrx_word' id='word_1_540' title='bbox 1482 4060 1635 4127; x_wconf 84' lang='grc' dir='ltr'>Θεὸν,</span> <span class='ocrx_word' id='word_1_541' title='bbox 1662 4063 1796 4117; x_wconf 81' lang='grc' dir='ltr'>ἀλλὰ</span> 
     </span>
    </p>
   </div>
   <div class='ocr_carea' id='block_1_74' title="bbox 216 4151 1792 4224">
    <p class='ocr_par' dir='ltr' id='par_1_74' title="bbox 216 4151 1792 4224">
     <span class='ocr_line' id='line_1_74' title="bbox 216 4151 1792 4224; baseline 0 -17"><span class='ocrx_word' id='word_1_542' title='bbox 216 4152 318 4223; x_wconf 81' lang='grc' dir='ltr'>τὴν</span> <span class='ocrx_word' id='word_1_543' title='bbox 348 4151 546 4220; x_wconf 82' lang='grc' dir='ltr'>πολλὴν</span> <span class='ocrx_word' id='word_1_544' title='bbox 566 4152 804 4204; x_wconf 76' lang='grc' dir='ltr'>διάθεσιν</span> <span class='ocrx_word' id='word_1_545' title='bbox 828 4152 941 4204; x_wconf 82' lang='grc' dir='ltr'>Ούκ</span> <span class='ocrx_word' id='word_1_546' title='bbox 965 4151 1105 4222; x_wconf 76' lang='grc' dir='ltr'>ἔχων</span> <span class='ocrx_word' id='word_1_547' title='bbox 1136 4154 1481 4224; x_wconf 81' lang='grc' dir='ltr'>παραστῆσαι</span> <span class='ocrx_word' id='word_1_548' title='bbox 1501 4153 1589 4207; x_wconf 73' lang='grc' dir='ltr'>διὰ</span> <span class='ocrx_word' id='word_1_549' title='bbox 1610 4153 1792 4222; x_wconf 83' lang='grc' dir='ltr'>λόγου,</span> 
     </span>
    </p>
   </div>
   <div class='ocr_carea' id='block_1_75' title="bbox 216 4242 1797 4318">
    <p class='ocr_par' dir='ltr' id='par_1_75' title="bbox 216 4242 1797 4318">
     <span class='ocr_line' id='line_1_75' title="bbox 216 4242 1797 4318; baseline -0.001 -20"><span class='ocrx_word' id='word_1_550' title='bbox 216 4243 300 4316; x_wconf 79' lang='grc' dir='ltr'>τῷ</span> <span class='ocrx_word' id='word_1_551' title='bbox 330 4242 450 4311; x_wconf 80' lang='grc' dir='ltr'>Θεῷ</span> <span class='ocrx_word' id='word_1_552' title='bbox 510 4242 916 4313; x_wconf 76' lang='grc' dir='ltr'>καταλιμπάνει</span> <span class='ocrx_word' id='word_1_553' title='bbox 970 4245 1154 4305; x_wconf 80' lang='grc' dir='ltr'>τοῦτο,</span> <span class='ocrx_word' id='word_1_554' title='bbox 1191 4243 1269 4314; x_wconf 83' lang='grc' dir='ltr'><strong>τῷ</strong></span> <span class='ocrx_word' id='word_1_555' title='bbox 1296 4245 1391 4305; x_wconf 82' lang='grc' dir='ltr'>τὰς</span> <span class='ocrx_word' id='word_1_556' title='bbox 1432 4245 1678 4318; x_wconf 69' lang='grc' dir='ltr'><strong>καρδίελιςι</strong></span> <span class='ocrx_word' id='word_1_557' title='bbox 1711 4248 1797 4311; x_wconf 80' lang='grc' dir='ltr'><strong>ἐξ-</strong></span> 
     </span>
    </p>
   </div>
   <div class='ocr_carea' id='block_1_76' title="bbox 217 4331 1794 4406">
    <p class='ocr_par' dir='ltr' id='par_1_76' title="bbox 217 4331 1794 4406">
     <span class='ocr_line' id='line_1_76' title="bbox 217 4331 1794 4406; baseline 0.003 -20"><span class='ocrx_word' id='word_1_558' title='bbox 217 4333 483 4397; x_wconf 78' lang='grc' dir='ltr'>ετάζοντι.</span> <span class='ocrx_word' id='word_1_559' title='bbox 518 4332 688 4385; x_wconf 82' lang='grc' dir='ltr'>Τοῦτο</span> <span class='ocrx_word' id='word_1_560' title='bbox 738 4332 795 4385; x_wconf 83' lang='grc' dir='ltr'>δὲ</span> <span class='ocrx_word' id='word_1_561' title='bbox 819 4331 914 4385; x_wconf 81' lang='grc' dir='ltr'>τοῦ</span> <span class='ocrx_word' id='word_1_562' title='bbox 961 4332 1248 4403; x_wconf 77' lang='grc' dir='ltr'>ἀληθεύειν</span> <span class='ocrx_word' id='word_1_563' title='bbox 1278 4334 1440 4386; x_wconf 77' lang='grc' dir='ltr'>αὐτὸν</span> <span class='ocrx_word' id='word_1_564' title='bbox 1473 4337 1794 4406; x_wconf 83' lang='grc' dir='ltr'>τεκμήριον.</span> 
     </span>
    </p>
   </div>
   <div class='ocr_carea' id='block_1_77' title="bbox 218 4423 1795 4497">
    <p class='ocr_par' dir='ltr' id='par_1_77' title="bbox 218 4423 1795 4497">
     <span class='ocr_line' id='line_1_77' title="bbox 218 4423 1795 4497; baseline 0.003 -20"><span class='ocrx_word' id='word_1_565' title='bbox 218 4424 296 4477; x_wconf 85' lang='grc' dir='ltr'><strong>Οὺ</strong></span> <span class='ocrx_word' id='word_1_566' title='bbox 354 4423 462 4493; x_wconf 74' lang='grc' dir='ltr'>γὰρ</span> <span class='ocrx_word' id='word_1_567' title='bbox 504 4423 593 4489; x_wconf 83' lang='grc' dir='ltr'><strong>ἂν,</strong></span> <span class='ocrx_word' id='word_1_568' title='bbox 648 4425 695 4476; x_wconf 81' lang='grc' dir='ltr'><strong>εἰ</strong></span> <span class='ocrx_word' id='word_1_569' title='bbox 738 4423 1064 4476; x_wconf 79' lang='grc' dir='ltr'>ἐκολάκευεν</span> <span class='ocrx_word' id='word_1_570' title='bbox 1112 4425 1331 4491; x_wconf 80' lang='grc' dir='ltr'>αὐτοὺς,</span> <span class='ocrx_word' id='word_1_571' title='bbox 1398 4427 1653 4497; x_wconf 84' lang='grc' dir='ltr'>μάρτυρα</span> <span class='ocrx_word' id='word_1_572' title='bbox 1705 4430 1795 4483; x_wconf 74' lang='grc' dir='ltr'><strong>τὸν</strong></span> 
     </span>
    </p>
   </div>
   <div class='ocr_carea' id='block_1_78' title="bbox 219 4514 1793 4586">
    <p class='ocr_par' dir='ltr' id='par_1_78' title="bbox 219 4514 1793 4586">
     <span class='ocr_line' id='line_1_78' title="bbox 219 4514 1793 4586; baseline 0.004 -18"><span class='ocrx_word' id='word_1_573' title='bbox 219 4516 355 4568; x_wconf 82' lang='grc' dir='ltr'>Θεὸν</span> <span class='ocrx_word' id='word_1_574' title='bbox 382 4514 659 4569; x_wconf 76' lang='grc' dir='ltr'>ἐκάλεσεν.</span> <span class='ocrx_word' id='word_1_575' title='bbox 694 4516 803 4569; x_wconf 87' lang='grc' dir='ltr'><strong>Ἐν</strong></span> <span class='ocrx_word' id='word_1_576' title='bbox 840 4516 1219 4585; x_wconf 76' lang='grc' dir='ltr'>σπλάγχνοις</span> <span class='ocrx_word' id='word_1_577' title='bbox 1268 4517 1347 4581; x_wconf 85' lang='grc' dir='ltr'><strong>δὲ,</strong></span> <span class='ocrx_word' id='word_1_578' title='bbox 1382 4514 1554 4583; x_wconf 76' lang='grc' dir='ltr'>εἶπεν,</span> <span class='ocrx_word' id='word_1_579' title='bbox 1588 4520 1793 4586; x_wconf 81' lang='grc' dir='ltr'>Ἰησοῦ</span> 
     </span>
    </p>
   </div>
   <div class='ocr_carea' id='block_1_79' title="bbox 218 4591 1791 4681">
    <p class='ocr_par' dir='ltr' id='par_1_79' title="bbox 218 4591 1791 4681">
     <span class='ocr_line' id='line_1_79' title="bbox 218 4591 1791 4681; baseline 0.003 -20"><span class='ocrx_word' id='word_1_580' title='bbox 218 4591 481 4676; x_wconf 79' lang='grc' dir='ltr'>Χριστοῦ</span> <span class='ocrx_word' id='word_1_581' title='bbox 506 4625 520 4639; x_wconf 76' lang='grc' dir='ltr'><strong>ο</strong></span> <span class='ocrx_word' id='word_1_582' title='bbox 549 4608 825 4663; x_wconf 80' lang='grc' dir='ltr'>τουτέστιν</span> <span class='ocrx_word' id='word_1_583' title='bbox 844 4649 858 4674; x_wconf 94' lang='grc'><strong>,</strong></span> <span class='ocrx_word' id='word_1_584' title='bbox 893 4610 1027 4679; x_wconf 72' lang='grc' dir='ltr'><strong>Οὐχὶ</strong></span> <span class='ocrx_word' id='word_1_585' title='bbox 1055 4610 1144 4664; x_wconf 81' lang='grc' dir='ltr'><strong>διά</strong></span> <span class='ocrx_word' id='word_1_586' title='bbox 1176 4627 1226 4663; x_wconf 89' lang='grc' dir='ltr'><strong>τι</strong></span> <span class='ocrx_word' id='word_1_587' title='bbox 1276 4610 1638 4681; x_wconf 80' lang='grc' dir='ltr'>ἀνθρώπινον,</span> <span class='ocrx_word' id='word_1_588' title='bbox 1683 4612 1791 4665; x_wconf 86' lang='grc' dir='ltr'>οὐδ’</span> 
     </span>
    </p>
   </div>
   <div class='ocr_carea' id='block_1_80' title="bbox 216 4700 1790 4772">
    <p class='ocr_par' dir='ltr' id='par_1_80' title="bbox 216 4700 1790 4772">
     <span class='ocr_line' id='line_1_80' title="bbox 216 4700 1790 4772; baseline -0.001 -17"><span class='ocrx_word' id='word_1_589' title='bbox 216 4702 302 4755; x_wconf 81' lang='grc' dir='ltr'>ὅτι</span> <span class='ocrx_word' id='word_1_590' title='bbox 331 4700 614 4770; x_wconf 70' lang='grc' dir='ltr'>ἐπέμψατε</span> <span class='ocrx_word' id='word_1_591' title='bbox 645 4719 733 4771; x_wconf 86' lang='grc' dir='ltr'><strong>μοι</strong></span> <span class='ocrx_word' id='word_1_592' title='bbox 772 4700 840 4753; x_wconf 73' lang='grc' dir='ltr'>τὰ</span> <span class='ocrx_word' id='word_1_593' title='bbox 870 4701 1005 4771; x_wconf 74' lang='grc' dir='ltr'>πρὸς</span> <span class='ocrx_word' id='word_1_594' title='bbox 1039 4702 1249 4772; x_wconf 87' lang='grc' dir='ltr'>χρείαν,</span> <span class='ocrx_word' id='word_1_595' title='bbox 1300 4702 1416 4755; x_wconf 85' lang='grc' dir='ltr'>ἀλλ’</span> <span class='ocrx_word' id='word_1_596' title='bbox 1448 4704 1506 4756; x_wconf 84' lang='grc' dir='ltr'>ὲν</span> <span class='ocrx_word' id='word_1_597' title='bbox 1549 4706 1613 4772; x_wconf 79' lang='grc' dir='ltr'>τῇ</span> <span class='ocrx_word' id='word_1_598' title='bbox 1648 4702 1790 4756; x_wconf 75' lang='grc' dir='ltr'>κατὰ</span> 
     </span>
    </p>
   </div>
   <div class='ocr_carea' id='block_1_81' title="bbox 218 4793 1792 4865">
    <p class='ocr_par' dir='ltr' id='par_1_81' title="bbox 218 4793 1792 4865">
     <span class='ocr_line' id='line_1_81' title="bbox 218 4793 1792 4865; baseline 0.001 -18"><span class='ocrx_word' id='word_1_599' title='bbox 218 4796 355 4847; x_wconf 63' lang='grc' dir='ltr'>Θεὸν</span> <span class='ocrx_word' id='word_1_600' title='bbox 383 4795 594 4864; x_wconf 82' lang='grc' dir='ltr'>ἀγάπῃ.</span> <span class='ocrx_word' id='word_1_601' title='bbox 632 4793 723 4856; x_wconf 85' lang='grc' dir='ltr'>Ἢ,</span> <span class='ocrx_word' id='word_1_602' title='bbox 767 4793 848 4846; x_wconf 85' lang='grc' dir='ltr'>ὅτι</span> <span class='ocrx_word' id='word_1_603' title='bbox 876 4794 1066 4862; x_wconf 80' lang='grc' dir='ltr'>Πατὴρ</span> <span class='ocrx_word' id='word_1_604' title='bbox 1103 4793 1258 4862; x_wconf 87' lang='grc' dir='ltr'>ὑμῶν</span> <span class='ocrx_word' id='word_1_605' title='bbox 1305 4793 1543 4862; x_wconf 85' lang='grc' dir='ltr'>γεγονὼς</span> <span class='ocrx_word' id='word_1_606' title='bbox 1575 4795 1662 4847; x_wconf 78' lang='grc' dir='ltr'><strong>διὰ</strong></span> <span class='ocrx_word' id='word_1_607' title='bbox 1690 4796 1792 4865; x_wconf 83' lang='grc' dir='ltr'>τῆς</span> 
     </span>
    </p>
   </div>
   <div class='ocr_carea' id='block_1_82' title="bbox 218 4884 1790 4957">
    <p class='ocr_par' dir='ltr' id='par_1_82' title="bbox 218 4884 1790 4957">
     <span class='ocr_line' id='line_1_82' title="bbox 218 4884 1790 4957; baseline 0.002 -20"><span class='ocrx_word' id='word_1_608' title='bbox 218 4885 460 4948; x_wconf 82' lang='grc' dir='ltr'>πίστεως</span> <span class='ocrx_word' id='word_1_609' title='bbox 485 4886 582 4953; x_wconf 78' lang='grc' dir='ltr'><strong>τῆς</strong></span> <span class='ocrx_word' id='word_1_610' title='bbox 620 4885 699 4945; x_wconf 87' lang='grc' dir='ltr'><strong>είς</strong></span> <span class='ocrx_word' id='word_1_611' title='bbox 728 4884 984 4953; x_wconf 83' lang='grc' dir='ltr'>Χριστὸν,</span> <span class='ocrx_word' id='word_1_612' title='bbox 1022 4884 1304 4953; x_wconf 83' lang='grc' dir='ltr'>σπλάγχνα</span> <span class='ocrx_word' id='word_1_613' title='bbox 1356 4884 1465 4955; x_wconf 81' lang='grc' dir='ltr'>ἔχω</span> <span class='ocrx_word' id='word_1_614' title='bbox 1522 4887 1606 4955; x_wconf 73' lang='grc' dir='ltr'><strong>ἐφ’</strong></span> <span class='ocrx_word' id='word_1_615' title='bbox 1639 4888 1790 4957; x_wconf 82' lang='grc' dir='ltr'>ὑμῖν,</span> 
     </span>
    </p>
   </div>
   <div class='ocr_carea' id='block_1_83' title="bbox 216 4972 1797 5050">
    <p class='ocr_par' dir='ltr' id='par_1_83' title="bbox 216 4972 1797 5050">
     <span class='ocr_line' id='line_1_83' title="bbox 216 4972 1797 5050; baseline -0.001 -17"><span class='ocrx_word' id='word_1_616' title='bbox 216 4980 283 5033; x_wconf 83' lang='grc' dir='ltr'>οὐ</span> <span class='ocrx_word' id='word_1_617' title='bbox 314 4978 541 5047; x_wconf 74' lang='grc' dir='ltr'>φυσικὰ,</span> <span class='ocrx_word' id='word_1_618' title='bbox 575 4976 690 5031; x_wconf 79' lang='grc' dir='ltr'>ἀλλ’</span> <span class='ocrx_word' id='word_1_619' title='bbox 712 4972 800 5029; x_wconf 76' lang='grc' dir='ltr'>οἵα</span> <span class='ocrx_word' id='word_1_620' title='bbox 832 4977 1066 5048; x_wconf 80' lang='grc' dir='ltr'>Χριστὸς</span> <span class='ocrx_word' id='word_1_621' title='bbox 1090 4977 1388 5047; x_wconf 78' lang='grc' dir='ltr'>χαρίζεται</span> <span class='ocrx_word' id='word_1_622' title='bbox 1412 4981 1522 5041; x_wconf 82' lang='grc' dir='ltr'>τοῖς</span> <span class='ocrx_word' id='word_1_623' title='bbox 1553 4981 1797 5050; x_wconf 85' lang='grc' dir='ltr'>γνησίοις</span> 
     </span>
    </p>
   </div>
   <div class='ocr_carea' id='block_1_84' title="bbox 222 5067 1796 5140">
    <p class='ocr_par' dir='ltr' id='par_1_84' title="bbox 222 5067 1796 5140">
     <span class='ocr_line' id='line_1_84' title="bbox 222 5067 1796 5140; baseline 0.001 -16"><span class='ocrx_word' id='word_1_624' title='bbox 222 5069 393 5125; x_wconf 78' lang='grc' dir='ltr'>αὑτοῦ</span> <span class='ocrx_word' id='word_1_625' title='bbox 423 5068 652 5131; x_wconf 83' lang='grc' dir='ltr'>δούλοις,</span> <span class='ocrx_word' id='word_1_626' title='bbox 677 5069 788 5130; x_wconf 82' lang='grc' dir='ltr'>τοῖς</span> <span class='ocrx_word' id='word_1_627' title='bbox 820 5067 969 5137; x_wconf 81' lang='grc' dir='ltr'>αὐτῷ</span> <span class='ocrx_word' id='word_1_628' title='bbox 999 5067 1229 5135; x_wconf 86' lang='grc' dir='ltr'>γεννῶσι</span> <span class='ocrx_word' id='word_1_629' title='bbox 1256 5068 1325 5122; x_wconf 80' lang='grc' dir='ltr'><strong>τὰ</strong></span> <span class='ocrx_word' id='word_1_630' title='bbox 1345 5068 1438 5122; x_wconf 81' lang='grc' dir='ltr'><strong>τοῦ</strong></span> <span class='ocrx_word' id='word_1_631' title='bbox 1464 5069 1796 5140; x_wconf 84' lang='grc' dir='ltr'>Εὑαγγελίου</span> 
     </span>
    </p>
   </div>
   <div class='ocr_carea' id='block_1_85' title="bbox 221 5156 1800 5228">
    <p class='ocr_par' dir='ltr' id='par_1_85' title="bbox 221 5156 1800 5228">
     <span class='ocr_line' id='line_1_85' title="bbox 221 5156 1800 5228; baseline 0 -14"><span class='ocrx_word' id='word_1_632' title='bbox 221 5160 410 5214; x_wconf 84' lang='grc' dir='ltr'>τέκνα.</span> <span class='ocrx_word' id='word_1_633' title='bbox 446 5158 660 5220; x_wconf 81' lang='grc' dir='ltr'>Πάντας</span> <span class='ocrx_word' id='word_1_634' title='bbox 690 5157 747 5210; x_wconf 72' lang='grc' dir='ltr'><strong>δὲ</strong></span> <span class='ocrx_word' id='word_1_635' title='bbox 779 5156 949 5223; x_wconf 68' lang='grc' dir='ltr'>ποθῶ,</span> <span class='ocrx_word' id='word_1_636' title='bbox 983 5156 1170 5228; x_wconf 72' lang='grc' dir='ltr'>ἐπειδὴ</span> <span class='ocrx_word' id='word_1_637' title='bbox 1201 5160 1296 5211; x_wconf 67' lang='grc' dir='ltr'><strong>καὶ</strong></span> <span class='ocrx_word' id='word_1_638' title='bbox 1331 5159 1534 5225; x_wconf 80' lang='grc' dir='ltr'>πάντες</span> <span class='ocrx_word' id='word_1_639' title='bbox 1567 5162 1800 5217; x_wconf 82' lang='grc' dir='ltr'>τοιοῦτοί</span> 
     </span>
    </p>
   </div>
   <div class='ocr_carea' id='block_1_86' title="bbox 219 5267 370 5303">
    <p class='ocr_par' dir='ltr' id='par_1_86' title="bbox 219 5267 370 5303">
     <span class='ocr_line' id='line_1_86' title="bbox 219 5267 370 5303; baseline 0 0"><span class='ocrx_word' id='word_1_640' title='bbox 219 5267 370 5303; x_wconf 85' lang='grc' dir='ltr'>εστε.</span> 
     </span>
    </p>
   </div>
   <div class='ocr_carea' id='block_1_87' title="bbox 293 5338 1797 5413">
    <p class='ocr_par' dir='ltr' id='par_1_87' title="bbox 293 5338 1797 5413">
     <span class='ocr_line' id='line_1_87' title="bbox 293 5338 1797 5413; baseline 0.004 -19"><span class='ocrx_word' id='word_1_641' title='bbox 293 5341 404 5395; x_wconf 76' lang='grc' dir='ltr'><strong>Καὶ</strong></span> <span class='ocrx_word' id='word_1_642' title='bbox 451 5338 627 5394; x_wconf 80' lang='grc' dir='ltr'>τοῦτο</span> <span class='ocrx_word' id='word_1_643' title='bbox 668 5340 1101 5409; x_wconf 82' lang='grc' dir='ltr'>προσεύχομαι,</span> <span class='ocrx_word' id='word_1_644' title='bbox 1155 5341 1257 5397; x_wconf 74' lang='grc' dir='ltr'>ἵνα</span> <span class='ocrx_word' id='word_1_645' title='bbox 1306 5342 1343 5408; x_wconf 79' lang='grc' dir='ltr'><em>ἠ</em></span> <span class='ocrx_word' id='word_1_646' title='bbox 1393 5343 1594 5413; x_wconf 78' lang='grc' dir='ltr'>ἀγάπη</span> <span class='ocrx_word' id='word_1_647' title='bbox 1628 5344 1797 5413; x_wconf 84' lang='grc' dir='ltr'>ὑμῶν</span> 
     </span>
    </p>
   </div>
   <div class='ocr_carea' id='block_1_88' title="bbox 220 5431 1798 5505">
    <p class='ocr_par' dir='ltr' id='par_1_88' title="bbox 220 5431 1798 5505">
     <span class='ocr_line' id='line_1_88' title="bbox 220 5431 1798 5505; baseline 0.002 -16"><span class='ocrx_word' id='word_1_648' title='bbox 220 5436 311 5489; x_wconf 78' lang='grc' dir='ltr'>ἔτι</span> <span class='ocrx_word' id='word_1_649' title='bbox 336 5432 580 5503; x_wconf 75' lang='grc' dir='ltr'>μᾶλλον</span> <span class='ocrx_word' id='word_1_650' title='bbox 634 5431 733 5498; x_wconf 69' lang='grc' dir='ltr'>καὶ</span> <span class='ocrx_word' id='word_1_651' title='bbox 769 5431 1012 5501; x_wconf 69' lang='grc' dir='ltr'>μᾶλλον</span> <span class='ocrx_word' id='word_1_652' title='bbox 1047 5436 1402 5505; x_wconf 79' lang='grc' dir='ltr'>περισσεύῃ.</span> <span class='ocrx_word' id='word_1_653' title='bbox 1439 5439 1628 5490; x_wconf 83' lang='grc' dir='ltr'>Καίτοι</span> <span class='ocrx_word' id='word_1_654' title='bbox 1656 5439 1798 5493; x_wconf 76' lang='grc' dir='ltr'>οὓτω</span> 
     </span>
    </p>
   </div>
   <div class='ocr_carea' id='block_1_89' title="bbox 333 5573 795 5639">
    <p class='ocr_par' dir='ltr' id='par_1_89' title="bbox 333 5573 795 5639">
     <span class='ocr_line' id='line_1_89' title="bbox 333 5573 795 5639; baseline 0 -11"><span class='ocrx_word' id='word_1_655' title='bbox 333 5581 359 5610; x_wconf 85' lang='grc' dir='ltr'><strong>ο</strong></span> <span class='ocrx_word' id='word_1_656' title='bbox 386 5573 428 5629; x_wconf 91' lang='lat' dir='ltr'><strong>ll</strong></span> <span class='ocrx_word' id='word_1_657' title='bbox 458 5574 584 5631; x_wconf 91' lang='lat' dir='ltr'><strong>Cor.</strong></span> <span class='ocrx_word' id='word_1_658' title='bbox 615 5589 715 5639; x_wconf 79' lang='lat' dir='ltr'><strong>xu,</strong></span> <span class='ocrx_word' id='word_1_659' title='bbox 741 5574 795 5630; x_wconf 85' lang='lat'><strong>9.</strong></span> 
     </span>
    </p>
   </div>
   <div class='ocr_carea' id='block_1_90' title="bbox 1899 3237 3475 3307">
    <p class='ocr_par' dir='ltr' id='par_1_90' title="bbox 1899 3237 3475 3307">
     <span class='ocr_line' id='line_1_90' title="bbox 1899 3237 3475 3307; baseline -0.005 -13"><span class='ocrx_word' id='word_1_660' title='bbox 1899 3240 2006 3295; x_wconf 90' lang='lat' dir='ltr'><strong>tius</strong></span> <span class='ocrx_word' id='word_1_661' title='bbox 2031 3246 2137 3303; x_wconf 88' lang='lat' dir='ltr'><strong>est,</strong></span> <span class='ocrx_word' id='word_1_662' title='bbox 2159 3247 2216 3292; x_wconf 93' lang='lat' dir='ltr'><strong>ut</strong></span> <span class='ocrx_word' id='word_1_663' title='bbox 2243 3237 2294 3292; x_wconf 92' lang='lat' dir='ltr'><strong>in</strong></span> <span class='ocrx_word' id='word_1_664' title='bbox 2318 3252 2607 3307; x_wconf 82' lang='lat' dir='ltr'><strong>progressu</strong></span> <span class='ocrx_word' id='word_1_665' title='bbox 2635 3237 2788 3301; x_wconf 77' lang='lat' dir='ltr'><strong>dicit,</strong></span> <span class='ocrx_word' id='word_1_666' title='bbox 2823 3237 2980 3291; x_wconf 76' lang='lat' dir='ltr'><strong>Vobis</strong></span> <span class='ocrx_word' id='word_1_667' title='bbox 3005 3237 3259 3290; x_wconf 84' lang='lat' dir='ltr'><strong>donatum</strong></span> <span class='ocrx_word' id='word_1_668' title='bbox 3286 3244 3384 3292; x_wconf 78' lang='lat' dir='ltr'><strong>est.</strong></span> <span class='ocrx_word' id='word_1_669' title='bbox 3421 3243 3475 3287; x_wconf 81' lang='lat' dir='ltr'><strong>ut</strong></span> 
     </span>
    </p>
   </div>
   <div class='ocr_carea' id='block_1_91' title="bbox 1895 3328 3476 3399">
    <p class='ocr_par' dir='ltr' id='par_1_91' title="bbox 1895 3328 3476 3399">
     <span class='ocr_line' id='line_1_91' title="bbox 1895 3328 3476 3399; baseline -0.002 -17"><span class='ocrx_word' id='word_1_670' title='bbox 1895 3348 1988 3399; x_wconf 84' lang='lat' dir='ltr'><strong>pro</strong></span> <span class='ocrx_word' id='word_1_671' title='bbox 2049 3330 2258 3385; x_wconf 80' lang='lat' dir='ltr'><strong>Christo</strong></span> <span class='ocrx_word' id='word_1_672' title='bbox 2314 3330 2617 3398; x_wconf 83' lang='lat' dir='ltr'><strong>patiamini.</strong></span> <span class='ocrx_word' id='word_1_673' title='bbox 2672 3328 3062 3383; x_wconf 84' lang='lat' dir='ltr'><strong>Animadverte</strong></span> <span class='ocrx_word' id='word_1_674' title='bbox 3110 3340 3290 3380; x_wconf 72' lang='lat' dir='ltr'><strong>autem</strong></span> <span class='ocrx_word' id='word_1_675' title='bbox 3360 3328 3476 3388; x_wconf 87' lang='lat' dir='ltr'><strong>hic,</strong></span> 
     </span>
    </p>
   </div>
   <div class='ocr_carea' id='block_1_92' title="bbox 1898 3416 3477 3488">
    <p class='ocr_par' dir='ltr' id='par_1_92' title="bbox 1898 3416 3477 3488">
     <span class='ocr_line' id='line_1_92' title="bbox 1898 3416 3477 3488; baseline 0.001 -19"><span class='ocrx_word' id='word_1_676' title='bbox 1898 3418 2168 3488; x_wconf 87' lang='lat' dir='ltr'><strong>quomodo</strong></span> <span class='ocrx_word' id='word_1_677' title='bbox 2196 3433 2299 3471; x_wconf 87' lang='lat' dir='ltr'><strong>non</strong></span> <span class='ocrx_word' id='word_1_678' title='bbox 2334 3416 2559 3481; x_wconf 83' lang='lat' dir='ltr'><strong>dixerit,</strong></span> <span class='ocrx_word' id='word_1_679' title='bbox 2598 3419 2753 3481; x_wconf 82' lang='lat' dir='ltr'><strong>socii,</strong></span> <span class='ocrx_word' id='word_1_680' title='bbox 2790 3418 2905 3480; x_wconf 91' lang='lat' dir='ltr'><strong>sed,</strong></span> <span class='ocrx_word' id='word_1_681' title='bbox 2940 3418 3203 3477; x_wconf 82' lang='lat' dir='ltr'><strong>consocii,</strong></span> <span class='ocrx_word' id='word_1_682' title='bbox 3232 3418 3477 3469; x_wconf 75' lang='lat' dir='ltr'><strong>iudicans</strong></span> 
     </span>
    </p>
   </div>
   <div class='ocr_carea' id='block_1_93' title="bbox 1898 3511 3477 3568">
    <p class='ocr_par' dir='ltr' id='par_1_93' title="bbox 1898 3511 3477 3568">
     <span class='ocr_line' id='line_1_93' title="bbox 1898 3511 3477 3568; baseline -0.003 0"><span class='ocrx_word' id='word_1_683' title='bbox 1898 3526 1957 3568; x_wconf 87' lang='lat' dir='ltr'><strong>se</strong></span> <span class='ocrx_word' id='word_1_684' title='bbox 1989 3512 2112 3567; x_wconf 88' lang='lat' dir='ltr'><strong>aliis</strong></span> <span class='ocrx_word' id='word_1_685' title='bbox 2130 3512 2292 3567; x_wconf 84' lang='lat' dir='ltr'><strong>etiam</strong></span> <span class='ocrx_word' id='word_1_686' title='bbox 2329 3512 2756 3567; x_wconf 83' lang='lat' dir='ltr'><strong>communicare.</strong></span> <span class='ocrx_word' id='word_1_687' title='bbox 2785 3511 3017 3565; x_wconf 88' lang='lat' dir='ltr'><strong>Perinde</strong></span> <span class='ocrx_word' id='word_1_688' title='bbox 3043 3526 3107 3565; x_wconf 87' lang='lat' dir='ltr'><strong>ac</strong></span> <span class='ocrx_word' id='word_1_689' title='bbox 3139 3512 3189 3565; x_wconf 91' lang='lat' dir='ltr'><strong>in</strong></span> <span class='ocrx_word' id='word_1_690' title='bbox 3224 3513 3326 3563; x_wconf 74' lang='lat' dir='ltr'><strong>alio</strong></span> <span class='ocrx_word' id='word_1_691' title='bbox 3362 3511 3477 3563; x_wconf 69' lang='lat' dir='ltr'><strong>loco</strong></span> 
     </span>
    </p>
   </div>
   <div class='ocr_carea' id='block_1_94' title="bbox 1896 3600 3477 3672">
    <p class='ocr_par' dir='ltr' id='par_1_94' title="bbox 1896 3600 3477 3672">
     <span class='ocr_line' id='line_1_94' title="bbox 1896 3600 3477 3672; baseline -0.004 -14"><span class='ocrx_word' id='word_1_692' title='bbox 1896 3605 1992 3666; x_wconf 87' lang='lat' dir='ltr'><strong>ait,</strong></span> <span class='ocrx_word' id='word_1_693' title='bbox 2034 3602 2101 3658; x_wconf 87' lang='lat' dir='ltr'><strong>Ut</strong></span> <span class='ocrx_word' id='word_1_694' title='bbox 2150 3620 2363 3657; x_wconf 78' lang='lat' dir='ltr'><strong>consors</strong></span> <span class='ocrx_word' id='word_1_695' title='bbox 2414 3601 2691 3672; x_wconf 82' lang='lat' dir='ltr'><strong>Evangelii</strong></span> <span class='ocrx_word' id='word_1_696' title='bbox 2731 3602 2876 3667; x_wconf 75' lang='lat' dir='ltr'><strong>ﬁam,</strong></span> <span class='ocrx_word' id='word_1_697' title='bbox 2914 3602 3017 3656; x_wconf 88' lang='lat' dir='ltr'><strong>hoc</strong></span> <span class='ocrx_word' id='word_1_698' title='bbox 3060 3610 3164 3662; x_wconf 86' lang='lat' dir='ltr'><strong>est.</strong></span> <span class='ocrx_word' id='word_1_699' title='bbox 3200 3601 3270 3655; x_wconf 88' lang='lat' dir='ltr'><strong>Ut</strong></span> <span class='ocrx_word' id='word_1_700' title='bbox 3310 3600 3477 3667; x_wconf 71' lang='lat' dir='ltr'><strong>parti.</strong></span> 
     </span>
    </p>
   </div>
   <div class='ocr_carea' id='block_1_95' title="bbox 1897 3693 3474 3765">
    <p class='ocr_par' dir='ltr' id='par_1_95' title="bbox 1897 3693 3474 3765">
     <span class='ocr_line' id='line_1_95' title="bbox 1897 3693 3474 3765; baseline -0.003 -15"><span class='ocrx_word' id='word_1_701' title='bbox 1897 3711 2025 3763; x_wconf 87' lang='lat' dir='ltr'><strong>ceps</strong></span> <span class='ocrx_word' id='word_1_702' title='bbox 2056 3696 2180 3749; x_wconf 84' lang='lat' dir='ltr'><strong>ﬁam</strong></span> <span class='ocrx_word' id='word_1_703' title='bbox 2215 3697 2477 3751; x_wconf 88' lang='lat' dir='ltr'><strong>bonorum</strong></span> <span class='ocrx_word' id='word_1_704' title='bbox 2523 3693 2798 3765; x_wconf 82' lang='lat' dir='ltr'><strong>Evangelii</strong></span> <span class='ocrx_word' id='word_1_705' title='bbox 2827 3694 3273 3763; x_wconf 66' lang='lat' dir='ltr'><strong>praedicatoribus</strong></span> <span class='ocrx_word' id='word_1_706' title='bbox 3315 3706 3474 3759; x_wconf 85' lang='lat' dir='ltr'><strong>repo-</strong></span> 
     </span>
    </p>
   </div>
   <div class='ocr_carea' id='block_1_96' title="bbox 1896 3788 2151 3843">
    <p class='ocr_par' dir='ltr' id='par_1_96' title="bbox 1896 3788 2151 3843">
     <span class='ocr_line' id='line_1_96' title="bbox 1896 3788 2151 3843; baseline -0.004 0"><span class='ocrx_word' id='word_1_707' title='bbox 1896 3788 2151 3843; x_wconf 89' lang='lat' dir='ltr'><strong>sitorum.</strong></span> 
     </span>
    </p>
   </div>
   <div class='ocr_carea' id='block_1_97' title="bbox 1968 3875 3478 3945">
    <p class='ocr_par' dir='ltr' id='par_1_97' title="bbox 1968 3875 3478 3945">
     <span class='ocr_line' id='line_1_97' title="bbox 1968 3875 3478 3945; baseline -0.005 -10"><span class='ocrx_word' id='word_1_708' title='bbox 1968 3880 2135 3937; x_wconf 71' lang='lat' dir='ltr'><strong>Vens.</strong></span> <span class='ocrx_word' id='word_1_709' title='bbox 2168 3880 2222 3935; x_wconf 92' lang='lat'><strong>8.</strong></span> <span class='ocrx_word' id='word_1_710' title='bbox 2258 3881 2422 3936; x_wconf 79' lang='lat' dir='ltr'><strong>Testis</strong></span> <span class='ocrx_word' id='word_1_711' title='bbox 2462 3882 2599 3934; x_wconf 78' lang='lat' dir='ltr'><strong>enim</strong></span> <span class='ocrx_word' id='word_1_712' title='bbox 2632 3880 2760 3933; x_wconf 88' lang='lat' dir='ltr'><strong>mihi</strong></span> <span class='ocrx_word' id='word_1_713' title='bbox 2791 3890 2867 3933; x_wconf 84' lang='lat' dir='ltr'><strong>est</strong></span> <span class='ocrx_word' id='word_1_714' title='bbox 2898 3878 3061 3939; x_wconf 82' lang='lat' dir='ltr'><strong>Dens,</strong></span> <span class='ocrx_word' id='word_1_715' title='bbox 3092 3875 3354 3945; x_wconf 84' lang='lat' dir='ltr'><strong>quomodo</strong></span> <span class='ocrx_word' id='word_1_716' title='bbox 3382 3892 3478 3929; x_wconf 79' lang='lat' dir='ltr'><strong>cu-</strong></span> 
     </span>
    </p>
   </div>
   <div class='ocr_carea' id='block_1_98' title="bbox 1895 3969 3477 4042">
    <p class='ocr_par' dir='ltr' id='par_1_98' title="bbox 1895 3969 3477 4042">
     <span class='ocr_line' id='line_1_98' title="bbox 1895 3969 3477 4042; baseline -0.003 -16"><span class='ocrx_word' id='word_1_717' title='bbox 1895 3975 2039 4042; x_wconf 87' lang='lat' dir='ltr'><strong>piam</strong></span> <span class='ocrx_word' id='word_1_718' title='bbox 2070 3990 2247 4028; x_wconf 83' lang='lat' dir='ltr'><strong>omnes</strong></span> <span class='ocrx_word' id='word_1_719' title='bbox 2280 3990 2365 4027; x_wconf 84' lang='lat' dir='ltr'><strong>vos</strong></span> <span class='ocrx_word' id='word_1_720' title='bbox 2397 3974 2453 4027; x_wconf 85' lang='lat' dir='ltr'><strong>in</strong></span> <span class='ocrx_word' id='word_1_721' title='bbox 2481 3972 2763 4028; x_wconf 78' lang='lat' dir='ltr'><strong>visceribus</strong></span> <span class='ocrx_word' id='word_1_722' title='bbox 2789 3970 2918 4025; x_wconf 83' lang='lat' dir='ltr'><strong>Jesu</strong></span> <span class='ocrx_word' id='word_1_723' title='bbox 2943 3970 3166 4025; x_wconf 84' lang='lat' dir='ltr'><strong>Christi.</strong></span> <span class='ocrx_word' id='word_1_724' title='bbox 3201 3969 3477 4035; x_wconf 81' lang='lat' dir='ltr'><strong>Nonquod</strong></span> 
     </span>
    </p>
   </div>
   <div class='ocr_carea' id='block_1_99' title="bbox 1897 4063 3475 4129">
    <p class='ocr_par' dir='ltr' id='par_1_99' title="bbox 1897 4063 3475 4129">
     <span class='ocr_line' id='line_1_99' title="bbox 1897 4063 3475 4129; baseline -0.003 -9"><span class='ocrx_word' id='word_1_725' title='bbox 1897 4066 1944 4120; x_wconf 88' lang='lat' dir='ltr'><strong>ei</strong></span> <span class='ocrx_word' id='word_1_726' title='bbox 1989 4082 2096 4121; x_wconf 91' lang='lat' dir='ltr'><strong>non</strong></span> <span class='ocrx_word' id='word_1_727' title='bbox 2151 4066 2503 4120; x_wconf 87' lang='lat' dir='ltr'><strong>adhiberetur</strong></span> <span class='ocrx_word' id='word_1_728' title='bbox 2565 4066 2719 4129; x_wconf 79' lang='lat' dir='ltr'><strong>ﬁdes,</strong></span> <span class='ocrx_word' id='word_1_729' title='bbox 2780 4066 2943 4118; x_wconf 89' lang='lat' dir='ltr'><strong>Deum</strong></span> <span class='ocrx_word' id='word_1_730' title='bbox 2985 4074 3173 4117; x_wconf 82' lang='lat' dir='ltr'><strong>testem</strong></span> <span class='ocrx_word' id='word_1_731' title='bbox 3206 4063 3425 4115; x_wconf 84' lang='lat' dir='ltr'><strong>adducit</strong></span> <span class='ocrx_word' id='word_1_732' title='bbox 3462 4081 3475 4116; x_wconf 91' lang='lat'><strong>:</strong></span> 
     </span>
    </p>
   </div>
   <div class='ocr_carea' id='block_1_100' title="bbox 1898 4152 3480 4225">
    <p class='ocr_par' dir='ltr' id='par_1_100' title="bbox 1898 4152 3480 4225">
     <span class='ocr_line' id='line_1_100' title="bbox 1898 4152 3480 4225; baseline -0.005 -14"><span class='ocrx_word' id='word_1_733' title='bbox 1898 4156 1993 4211; x_wconf 86' lang='lat' dir='ltr'><strong>sed</strong></span> <span class='ocrx_word' id='word_1_734' title='bbox 2032 4156 2158 4225; x_wconf 87' lang='lat' dir='ltr'><strong>quia</strong></span> <span class='ocrx_word' id='word_1_735' title='bbox 2201 4170 2457 4221; x_wconf 78' lang='lat' dir='ltr'><strong>maguum</strong></span> <span class='ocrx_word' id='word_1_736' title='bbox 2495 4155 2663 4208; x_wconf 88' lang='lat' dir='ltr'><strong>animi</strong></span> <span class='ocrx_word' id='word_1_737' title='bbox 2690 4155 2772 4209; x_wconf 91' lang='lat' dir='ltr'><strong>sui</strong></span> <span class='ocrx_word' id='word_1_738' title='bbox 2811 4152 3064 4207; x_wconf 77' lang='lat' dir='ltr'><strong>affectum</strong></span> <span class='ocrx_word' id='word_1_739' title='bbox 3095 4153 3273 4206; x_wconf 84' lang='lat' dir='ltr'><strong>verbis</strong></span> <span class='ocrx_word' id='word_1_740' title='bbox 3302 4154 3480 4217; x_wconf 80' lang='lat' dir='ltr'><strong>expri-</strong></span> 
     </span>
    </p>
   </div>
   <div class='ocr_carea' id='block_1_101' title="bbox 1900 4245 3475 4319">
    <p class='ocr_par' dir='ltr' id='par_1_101' title="bbox 1900 4245 3475 4319">
     <span class='ocr_line' id='line_1_101' title="bbox 1900 4245 3475 4319; baseline -0.005 -17"><span class='ocrx_word' id='word_1_741' title='bbox 1900 4264 2045 4303; x_wconf 88' lang='lat' dir='ltr'><strong>mere</strong></span> <span class='ocrx_word' id='word_1_742' title='bbox 2078 4263 2185 4302; x_wconf 90' lang='lat' dir='ltr'><strong>non</strong></span> <span class='ocrx_word' id='word_1_743' title='bbox 2220 4258 2423 4319; x_wconf 78' lang='lat' dir='ltr'><strong>posset,</strong></span> <span class='ocrx_word' id='word_1_744' title='bbox 2470 4247 2578 4301; x_wconf 88' lang='lat' dir='ltr'><strong>Deo</strong></span> <span class='ocrx_word' id='word_1_745' title='bbox 2634 4248 2735 4301; x_wconf 91' lang='lat' dir='ltr'><strong>hoc</strong></span> <span class='ocrx_word' id='word_1_746' title='bbox 2797 4247 3073 4315; x_wconf 89' lang='lat' dir='ltr'><strong>relinquit,</strong></span> <span class='ocrx_word' id='word_1_747' title='bbox 3102 4246 3262 4299; x_wconf 88' lang='lat' dir='ltr'><strong>corda</strong></span> <span class='ocrx_word' id='word_1_748' title='bbox 3293 4245 3475 4312; x_wconf 77' lang='lat' dir='ltr'><strong>explo-</strong></span> 
     </span>
    </p>
   </div>
   <div class='ocr_carea' id='block_1_102' title="bbox 1899 4340 3479 4410">
    <p class='ocr_par' dir='ltr' id='par_1_102' title="bbox 1899 4340 3479 4410">
     <span class='ocr_line' id='line_1_102' title="bbox 1899 4340 3479 4410; baseline -0.006 -15"><span class='ocrx_word' id='word_1_749' title='bbox 1899 4342 2059 4395; x_wconf 87' lang='lat' dir='ltr'><strong>ranti.</strong></span> <span class='ocrx_word' id='word_1_750' title='bbox 2098 4342 2300 4410; x_wconf 88' lang='lat' dir='ltr'><strong>Estque</strong></span> <span class='ocrx_word' id='word_1_751' title='bbox 2358 4341 2459 4395; x_wconf 92' lang='lat' dir='ltr'><strong>hoc</strong></span> <span class='ocrx_word' id='word_1_752' title='bbox 2506 4340 2727 4394; x_wconf 88' lang='lat' dir='ltr'><strong>evidens</strong></span> <span class='ocrx_word' id='word_1_753' title='bbox 2767 4350 3145 4407; x_wconf 75' lang='lat' dir='ltr'><strong>argumentum</strong></span> <span class='ocrx_word' id='word_1_754' title='bbox 3202 4354 3321 4391; x_wconf 89' lang='lat' dir='ltr'><strong>eum</strong></span> <span class='ocrx_word' id='word_1_755' title='bbox 3361 4353 3479 4390; x_wconf 54' lang='grc' dir='ltr'>εδει)</span> 
     </span>
    </p>
   </div>
   <div class='ocr_carea' id='block_1_103' title="bbox 1898 4430 3478 4497">
    <p class='ocr_par' dir='ltr' id='par_1_103' title="bbox 1898 4430 3478 4497">
     <span class='ocr_line' id='line_1_103' title="bbox 1898 4430 3478 4497; baseline -0.001 -14"><span class='ocrx_word' id='word_1_756' title='bbox 1898 4447 2146 4487; x_wconf 83' lang='lat' dir='ltr'><strong>veracent</strong></span> <span class='ocrx_word' id='word_1_757' title='bbox 2174 4452 2187 4486; x_wconf 86' lang='lat'>:</span> <span class='ocrx_word' id='word_1_758' title='bbox 2217 4447 2321 4485; x_wconf 90' lang='lat' dir='ltr'><strong>non</strong></span> <span class='ocrx_word' id='word_1_759' title='bbox 2361 4433 2505 4487; x_wconf 88' lang='lat' dir='ltr'><strong>enim</strong></span> <span class='ocrx_word' id='word_1_760' title='bbox 2538 4434 2582 4486; x_wconf 88' lang='lat' dir='ltr'><strong>si</strong></span> <span class='ocrx_word' id='word_1_761' title='bbox 2614 4432 2693 4486; x_wconf 90' lang='lat' dir='ltr'><strong>eis</strong></span> <span class='ocrx_word' id='word_1_762' title='bbox 2726 4432 3061 4497; x_wconf 87' lang='lat' dir='ltr'><strong>adularetur,</strong></span> <span class='ocrx_word' id='word_1_763' title='bbox 3098 4430 3263 4483; x_wconf 78' lang='lat' dir='ltr'><strong>Deum</strong></span> <span class='ocrx_word' id='word_1_764' title='bbox 3292 4446 3478 4481; x_wconf 80' lang='lat' dir='ltr'><strong>vocas—</strong></span> 
     </span>
    </p>
   </div>
   <div class='ocr_carea' id='block_1_104' title="bbox 1829 4499 3476 4588">
    <p class='ocr_par' dir='ltr' id='par_1_104' title="bbox 1829 4499 3476 4588">
     <span class='ocr_line' id='line_1_104' title="bbox 1829 4499 3476 4588; baseline -0.003 -9"><span class='ocrx_word' id='word_1_765' title='bbox 1829 4499 1875 4556; x_wconf 74' lang='grc' dir='ltr'><strong><em>υ</em></strong></span> <span class='ocrx_word' id='word_1_766' title='bbox 1902 4532 1984 4579; x_wconf 85' lang='lat' dir='ltr'><strong>sel</strong></span> <span class='ocrx_word' id='word_1_767' title='bbox 2023 4532 2237 4578; x_wconf 84' lang='lat' dir='ltr'><strong>testem.</strong></span> <span class='ocrx_word' id='word_1_768' title='bbox 2277 4521 2342 4576; x_wconf 85' lang='lat' dir='ltr'><strong>In</strong></span> <span class='ocrx_word' id='word_1_769' title='bbox 2376 4524 2656 4577; x_wconf 79' lang='lat' dir='ltr'><strong>visceribus</strong></span> <span class='ocrx_word' id='word_1_770' title='bbox 2686 4535 2867 4578; x_wconf 87' lang='lat' dir='ltr'><strong>autem</strong></span> <span class='ocrx_word' id='word_1_771' title='bbox 2909 4523 3048 4577; x_wconf 75' lang='lat' dir='ltr'><strong>dixit</strong></span> <span class='ocrx_word' id='word_1_772' title='bbox 3104 4522 3232 4576; x_wconf 81' lang='lat' dir='ltr'><strong>Jesu</strong></span> <span class='ocrx_word' id='word_1_773' title='bbox 3261 4522 3476 4588; x_wconf 79' lang='lat' dir='ltr'><strong>Christi,</strong></span> 
     </span>
    </p>
   </div>
   <div class='ocr_carea' id='block_1_105' title="bbox 1901 4617 3479 4685">
    <p class='ocr_par' dir='ltr' id='par_1_105' title="bbox 1901 4617 3479 4685">
     <span class='ocr_line' id='line_1_105' title="bbox 1901 4617 3479 4685; baseline -0.003 -14"><span class='ocrx_word' id='word_1_774' title='bbox 1901 4617 2005 4671; x_wconf 87' lang='lat' dir='ltr'><strong>hoc</strong></span> <span class='ocrx_word' id='word_1_775' title='bbox 2042 4627 2147 4683; x_wconf 90' lang='lat' dir='ltr'><strong>est,</strong></span> <span class='ocrx_word' id='word_1_776' title='bbox 2185 4632 2290 4671; x_wconf 89' lang='lat' dir='ltr'><strong>non</strong></span> <span class='ocrx_word' id='word_1_777' title='bbox 2345 4618 2414 4671; x_wconf 82' lang='lat'><strong>0|)</strong></span> <span class='ocrx_word' id='word_1_778' title='bbox 2453 4618 2740 4670; x_wconf 85' lang='lat' dir='ltr'><strong>humanam</strong></span> <span class='ocrx_word' id='word_1_779' title='bbox 2778 4618 3085 4685; x_wconf 86' lang='lat' dir='ltr'><strong>quampiam</strong></span> <span class='ocrx_word' id='word_1_780' title='bbox 3119 4617 3479 4668; x_wconf 88' lang='lat' dir='ltr'><strong>commodita—</strong></span> 
     </span>
    </p>
   </div>
   <div class='ocr_carea' id='block_1_106' title="bbox 1899 4707 3476 4776">
    <p class='ocr_par' dir='ltr' id='par_1_106' title="bbox 1899 4707 3476 4776">
     <span class='ocr_line' id='line_1_106' title="bbox 1899 4707 3476 4776; baseline -0.003 -14"><span class='ocrx_word' id='word_1_781' title='bbox 1899 4716 2027 4775; x_wconf 87' lang='lat' dir='ltr'><strong>tem,</strong></span> <span class='ocrx_word' id='word_1_782' title='bbox 2077 4724 2177 4762; x_wconf 89' lang='lat' dir='ltr'><strong>nec</strong></span> <span class='ocrx_word' id='word_1_783' title='bbox 2211 4711 2333 4776; x_wconf 88' lang='lat' dir='ltr'><strong>quia</strong></span> <span class='ocrx_word' id='word_1_784' title='bbox 2394 4707 2773 4762; x_wconf 84' lang='lat' dir='ltr'><strong>transmisistis</strong></span> <span class='ocrx_word' id='word_1_785' title='bbox 2825 4707 2956 4761; x_wconf 89' lang='lat' dir='ltr'><strong>mihi</strong></span> <span class='ocrx_word' id='word_1_786' title='bbox 2990 4708 3185 4775; x_wconf 87' lang='lat' dir='ltr'><strong>quibus</strong></span> <span class='ocrx_word' id='word_1_787' title='bbox 3223 4707 3476 4759; x_wconf 87' lang='lat' dir='ltr'><strong>haberem</strong></span> 
     </span>
    </p>
   </div>
   <div class='ocr_carea' id='block_1_107' title="bbox 1896 4798 3480 4870">
    <p class='ocr_par' dir='ltr' id='par_1_107' title="bbox 1896 4798 3480 4870">
     <span class='ocr_line' id='line_1_107' title="bbox 1896 4798 3480 4870; baseline -0.003 -15"><span class='ocrx_word' id='word_1_788' title='bbox 1896 4814 2053 4870; x_wconf 84' lang='lat' dir='ltr'><strong>Opus,</strong></span> <span class='ocrx_word' id='word_1_789' title='bbox 2081 4798 2172 4854; x_wconf 86' lang='lat' dir='ltr'><strong>sed</strong></span> <span class='ocrx_word' id='word_1_790' title='bbox 2212 4800 2280 4853; x_wconf 91' lang='lat' dir='ltr'><strong>ob</strong></span> <span class='ocrx_word' id='word_1_791' title='bbox 2315 4799 2549 4852; x_wconf 85' lang='lat' dir='ltr'><strong>divinam</strong></span> <span class='ocrx_word' id='word_1_792' title='bbox 2594 4800 2955 4853; x_wconf 86' lang='lat' dir='ltr'><strong>dilectionem.</strong></span> <span class='ocrx_word' id='word_1_793' title='bbox 3007 4800 3100 4853; x_wconf 82' lang='lat' dir='ltr'><strong>Vel</strong></span> <span class='ocrx_word' id='word_1_794' title='bbox 3153 4801 3277 4868; x_wconf 88' lang='lat' dir='ltr'><strong>quia</strong></span> <span class='ocrx_word' id='word_1_795' title='bbox 3324 4809 3480 4866; x_wconf 88' lang='lat' dir='ltr'><strong>pater</strong></span> 
     </span>
    </p>
   </div>
   <div class='ocr_carea' id='block_1_108' title="bbox 1893 4890 3477 4959">
    <p class='ocr_par' dir='ltr' id='par_1_108' title="bbox 1893 4890 3477 4959">
     <span class='ocr_line' id='line_1_108' title="bbox 1893 4890 3477 4959; baseline 0 -15"><span class='ocrx_word' id='word_1_796' title='bbox 1893 4898 2072 4947; x_wconf 86' lang='lat' dir='ltr'><strong>vester</strong></span> <span class='ocrx_word' id='word_1_797' title='bbox 2100 4890 2275 4944; x_wconf 85' lang='lat' dir='ltr'><strong>factus</strong></span> <span class='ocrx_word' id='word_1_798' title='bbox 2307 4905 2402 4959; x_wconf 90' lang='lat' dir='ltr'><strong>per</strong></span> <span class='ocrx_word' id='word_1_799' title='bbox 2436 4891 2594 4944; x_wconf 74' lang='lat' dir='ltr'><strong>[idem</strong></span> <span class='ocrx_word' id='word_1_800' title='bbox 2624 4891 2671 4944; x_wconf 93' lang='lat' dir='ltr'><strong>in</strong></span> <span class='ocrx_word' id='word_1_801' title='bbox 2702 4890 3001 4949; x_wconf 77' lang='lat' dir='ltr'><strong>Christum.</strong></span> <span class='ocrx_word' id='word_1_802' title='bbox 3043 4892 3248 4945; x_wconf 86' lang='lat' dir='ltr'><strong>viscera</strong></span> <span class='ocrx_word' id='word_1_803' title='bbox 3302 4891 3477 4945; x_wconf 89' lang='lat' dir='ltr'><strong>habeo</strong></span> 
     </span>
    </p>
   </div>
   <div class='ocr_carea' id='block_1_109' title="bbox 1893 4985 3471 5054">
    <p class='ocr_par' dir='ltr' id='par_1_109' title="bbox 1893 4985 3471 5054">
     <span class='ocr_line' id='line_1_109' title="bbox 1893 4985 3471 5054; baseline -0.001 -15"><span class='ocrx_word' id='word_1_804' title='bbox 1893 4998 2020 5053; x_wconf 77' lang='lat' dir='ltr'><strong>erga</strong></span> <span class='ocrx_word' id='word_1_805' title='bbox 2053 4997 2169 5044; x_wconf 87' lang='lat' dir='ltr'><strong>vos,</strong></span> <span class='ocrx_word' id='word_1_806' title='bbox 2194 4999 2300 5037; x_wconf 93' lang='lat' dir='ltr'><strong>non</strong></span> <span class='ocrx_word' id='word_1_807' title='bbox 2334 4985 2623 5049; x_wconf 88' lang='lat' dir='ltr'><strong>naturalia,</strong></span> <span class='ocrx_word' id='word_1_808' title='bbox 2652 4985 2744 5038; x_wconf 88' lang='lat' dir='ltr'><strong>sed</strong></span> <span class='ocrx_word' id='word_1_809' title='bbox 2780 4986 2957 5054; x_wconf 86' lang='lat' dir='ltr'><strong>qualia</strong></span> <span class='ocrx_word' id='word_1_810' title='bbox 2988 4985 3239 5040; x_wconf 88' lang='lat' dir='ltr'><strong>Christus</strong></span> <span class='ocrx_word' id='word_1_811' title='bbox 3281 4985 3471 5054; x_wconf 74' lang='lat' dir='ltr'><strong>genui-</strong></span> 
     </span>
    </p>
   </div>
   <div class='ocr_carea' id='block_1_110' title="bbox 1896 5074 3459 5146">
    <p class='ocr_par' dir='ltr' id='par_1_110' title="bbox 1896 5074 3459 5146">
     <span class='ocr_line' id='line_1_110' title="bbox 1896 5074 3459 5146; baseline -0.004 -13"><span class='ocrx_word' id='word_1_812' title='bbox 1896 5078 1979 5133; x_wconf 89' lang='lat' dir='ltr'><strong>nis</strong></span> <span class='ocrx_word' id='word_1_813' title='bbox 2020 5077 2131 5131; x_wconf 91' lang='lat' dir='ltr'><strong>suis</strong></span> <span class='ocrx_word' id='word_1_814' title='bbox 2168 5078 2340 5131; x_wconf 86' lang='lat' dir='ltr'><strong>servis</strong></span> <span class='ocrx_word' id='word_1_815' title='bbox 2369 5076 2629 5146; x_wconf 89' lang='lat' dir='ltr'><strong>impertit,</strong></span> <span class='ocrx_word' id='word_1_816' title='bbox 2663 5079 3051 5145; x_wconf 80' lang='lat' dir='ltr'><strong>generantibus</strong></span> <span class='ocrx_word' id='word_1_817' title='bbox 3083 5077 3180 5144; x_wconf 89' lang='lat' dir='ltr'><strong>ipsi</strong></span> <span class='ocrx_word' id='word_1_818' title='bbox 3208 5074 3459 5143; x_wconf 82' lang='lat' dir='ltr'><strong>Evange—</strong></span> 
     </span>
    </p>
   </div>
   <div class='ocr_carea' id='block_1_111' title="bbox 1900 5168 3470 5231">
    <p class='ocr_par' dir='ltr' id='par_1_111' title="bbox 1900 5168 3470 5231">
     <span class='ocr_line' id='line_1_111' title="bbox 1900 5168 3470 5231; baseline -0.002 -7"><span class='ocrx_word' id='word_1_819' title='bbox 1900 5170 1957 5224; x_wconf 86' lang='lat' dir='ltr'><strong>lii</strong></span> <span class='ocrx_word' id='word_1_820' title='bbox 2001 5168 2159 5223; x_wconf 84' lang='lat' dir='ltr'><strong>filios.</strong></span> <span class='ocrx_word' id='word_1_821' title='bbox 2184 5168 2386 5223; x_wconf 86' lang='lat' dir='ltr'><strong>Omnes</strong></span> <span class='ocrx_word' id='word_1_822' title='bbox 2415 5180 2592 5223; x_wconf 91' lang='lat' dir='ltr'><strong>autem</strong></span> <span class='ocrx_word' id='word_1_823' title='bbox 2614 5171 2864 5225; x_wconf 89' lang='lat' dir='ltr'><strong>desidero</strong></span> <span class='ocrx_word' id='word_1_824' title='bbox 2885 5181 2938 5224; x_wconf 89' lang='lat' dir='ltr'><strong>et</strong></span> <span class='ocrx_word' id='word_1_825' title='bbox 2956 5174 3302 5224; x_wconf 87' lang='lat' dir='ltr'><strong>vehementer</strong></span> <span class='ocrx_word' id='word_1_826' title='bbox 3328 5185 3470 5231; x_wconf 80' lang='lat' dir='ltr'><strong>amo,</strong></span> 
     </span>
    </p>
   </div>
   <div class='ocr_carea' id='block_1_112' title="bbox 1906 5260 2996 5328">
    <p class='ocr_par' dir='ltr' id='par_1_112' title="bbox 1906 5260 2996 5328">
     <span class='ocr_line' id='line_1_112' title="bbox 1906 5260 2996 5328; baseline 0.005 -18"><span class='ocrx_word' id='word_1_827' title='bbox 1906 5260 2338 5328; x_wconf 87' lang='lat' dir='ltr'><strong>quandoquidem</strong></span> <span class='ocrx_word' id='word_1_828' title='bbox 2373 5268 2424 5313; x_wconf 91' lang='lat' dir='ltr'><strong>et</strong></span> <span class='ocrx_word' id='word_1_829' title='bbox 2450 5274 2640 5315; x_wconf 84' lang='lat' dir='ltr'><strong>omnes</strong></span> <span class='ocrx_word' id='word_1_830' title='bbox 2674 5260 2809 5314; x_wconf 88' lang='lat' dir='ltr'><strong>tales</strong></span> <span class='ocrx_word' id='word_1_831' title='bbox 2843 5261 2996 5316; x_wconf 86' lang='lat' dir='ltr'><strong>estis.</strong></span> 
     </span>
    </p>
   </div>
   <div class='ocr_carea' id='block_1_113' title="bbox 1978 5348 3470 5423">
    <p class='ocr_par' dir='ltr' id='par_1_113' title="bbox 1978 5348 3470 5423">
     <span class='ocr_line' id='line_1_113' title="bbox 1978 5348 3470 5423; baseline 0 -22"><span class='ocrx_word' id='word_1_832' title='bbox 1978 5348 2141 5403; x_wconf 75' lang='lat' dir='ltr'><strong>Vsus.</strong></span> <span class='ocrx_word' id='word_1_833' title='bbox 2175 5349 2229 5402; x_wconf 83' lang='grc'>9.</span> <span class='ocrx_word' id='word_1_834' title='bbox 2264 5350 2329 5403; x_wconf 84' lang='lat' dir='ltr'><strong>Et</strong></span> <span class='ocrx_word' id='word_1_835' title='bbox 2360 5351 2455 5402; x_wconf 88' lang='lat' dir='ltr'><strong>hoc</strong></span> <span class='ocrx_word' id='word_1_836' title='bbox 2485 5366 2598 5414; x_wconf 87' lang='lat' dir='ltr'><strong>oro,</strong></span> <span class='ocrx_word' id='word_1_837' title='bbox 2631 5360 2684 5403; x_wconf 82' lang='lat' dir='ltr'><strong>ut</strong></span> <span class='ocrx_word' id='word_1_838' title='bbox 2710 5351 2937 5405; x_wconf 71' lang='lat' dir='ltr'><strong>Charitas</strong></span> <span class='ocrx_word' id='word_1_839' title='bbox 2964 5361 3136 5406; x_wconf 78' lang='lat' dir='ltr'><strong>restra</strong></span> <span class='ocrx_word' id='word_1_840' title='bbox 3158 5350 3323 5423; x_wconf 59' lang='lat'><strong>530</strong></span> <span class='ocrx_word' id='word_1_841' title='bbox 3356 5365 3470 5401; x_wconf 87' lang='lat' dir='ltr'><strong>ma-</strong></span> 
     </span>
    </p>
   </div>
   <div class='ocr_carea' id='block_1_114' title="bbox 1906 5441 3474 5513">
    <p class='ocr_par' dir='ltr' id='par_1_114' title="bbox 1906 5441 3474 5513">
     <span class='ocr_line' id='line_1_114' title="bbox 1906 5441 3474 5513; baseline 0.001 -21"><span class='ocrx_word' id='word_1_842' title='bbox 1906 5443 1982 5513; x_wconf 89' lang='lat' dir='ltr'><strong>gis</strong></span> <span class='ocrx_word' id='word_1_843' title='bbox 2022 5459 2082 5494; x_wconf 87' lang='lat' dir='ltr'><strong>ac</strong></span> <span class='ocrx_word' id='word_1_844' title='bbox 2117 5444 2281 5510; x_wconf 84' lang='lat' dir='ltr'><strong>magis</strong></span> <span class='ocrx_word' id='word_1_845' title='bbox 2330 5441 2579 5495; x_wconf 81' lang='lat' dir='ltr'><strong>abundet.</strong></span> <span class='ocrx_word' id='word_1_846' title='bbox 2627 5442 2851 5498; x_wconf 86' lang='lat' dir='ltr'><strong>Etiamsi</strong></span> <span class='ocrx_word' id='word_1_847' title='bbox 2905 5444 2973 5498; x_wconf 84' lang='lat' dir='ltr'><strong>ita</strong></span> <span class='ocrx_word' id='word_1_848' title='bbox 3009 5446 3291 5498; x_wconf 76' lang='lat' dir='ltr'><strong>adamatus</strong></span> <span class='ocrx_word' id='word_1_849' title='bbox 3333 5451 3474 5508; x_wconf 82' lang='lat' dir='ltr'><strong>erat,</strong></span> 
     </span>
    </p>
   </div>
   <div class='ocr_carea' id='block_1_115' title="bbox 1566 5692 2122 5758">
    <p class='ocr_par' dir='ltr' id='par_1_115' title="bbox 1566 5692 2122 5758">
     <span class='ocr_line' id='line_1_115' title="bbox 1566 5692 2122 5758; baseline 0.005 -5"><span class='ocrx_word' id='word_1_850' title='bbox 1566 5692 1765 5757; x_wconf 75' lang='lat' dir='ltr'><strong>Varite</strong></span> <span class='ocrx_word' id='word_1_851' title='bbox 1794 5694 2122 5758; x_wconf 76' lang='lat' dir='ltr'><strong>.ectiones.</strong></span> 
     </span>
    </p>
   </div>
   <div class='ocr_carea' id='block_1_116' title="bbox 296 5791 1767 5864">
    <p class='ocr_par' dir='ltr' id='par_1_116' title="bbox 296 5791 1767 5864">
     <span class='ocr_line' id='line_1_116' title="bbox 296 5791 1767 5864; baseline 0.001 -19"><span class='ocrx_word' id='word_1_852' title='bbox 296 5793 342 5825; x_wconf 81' lang='grc'><strong>²²</strong></span> <span class='ocrx_word' id='word_1_853' title='bbox 370 5791 741 5861; x_wconf 73' lang='grc' dir='ltr'>τεκμαίρομαι</span> <span class='ocrx_word' id='word_1_854' title='bbox 772 5808 822 5849; x_wconf 90' lang='lat'><strong>0.</strong></span> <span class='ocrx_word' id='word_1_855' title='bbox 907 5793 949 5824; x_wconf 77' lang='grc'><strong>³³</strong></span> <span class='ocrx_word' id='word_1_856' title='bbox 988 5793 1093 5847; x_wconf 64' lang='grc' dir='ltr'>οὐδ’</span> <span class='ocrx_word' id='word_1_857' title='bbox 1131 5808 1181 5848; x_wconf 92' lang='lat'><strong>0.</strong></span> <span class='ocrx_word' id='word_1_858' title='bbox 1262 5792 1306 5824; x_wconf 75' lang='lat'>“</span> <span class='ocrx_word' id='word_1_859' title='bbox 1333 5792 1684 5864; x_wconf 75' lang='grc' dir='ltr'>μονιμώτατοι</span> <span class='ocrx_word' id='word_1_860' title='bbox 1718 5811 1767 5849; x_wconf 89' lang='lat'><strong>0.</strong></span> 
     </span>
    </p>
   </div>
   <div class='ocr_carea' id='block_1_117' title="bbox 1847 5795 2120 5865">
    <p class='ocr_par' dir='ltr' id='par_1_117' title="bbox 1847 5795 2120 5865">
     <span class='ocr_line' id='line_1_117' title="bbox 1847 5795 2120 5865; baseline 0.004 -37"><span class='ocrx_word' id='word_1_861' title='bbox 1847 5798 1890 5829; x_wconf 75' lang='lat' dir='ltr'><strong>ss</strong></span> <span class='ocrx_word' id='word_1_862' title='bbox 1927 5795 2031 5865; x_wconf 61' lang='grc' dir='ltr'><strong>γὰρ</strong></span> <span class='ocrx_word' id='word_1_863' title='bbox 2069 5812 2120 5851; x_wconf 50' lang='grc' dir='ltr'><strong>ο.</strong></span> 
     </span>
    </p>
   </div>
   <div class='ocr_carea' id='block_1_118' title="bbox 2201 5789 3111 5866">
    <p class='ocr_par' dir='ltr' id='par_1_118' title="bbox 2201 5789 3111 5866">
     <span class='ocr_line' id='line_1_118' title="bbox 2201 5789 3111 5866; baseline -0.002 -17"><span class='ocrx_word' id='word_1_864' title='bbox 2201 5797 2243 5829; x_wconf 71' lang='grc' dir='ltr'><strong>ὀ</strong></span> <span class='ocrx_word' id='word_1_865' title='bbox 2280 5812 2635 5866; x_wconf 62' lang='lat' dir='ltr'><strong>mpm-unm</strong></span> <span class='ocrx_word' id='word_1_866' title='bbox 2677 5811 2723 5851; x_wconf 80' lang='grc' dir='ltr'><strong>ο.</strong></span> <span class='ocrx_word' id='word_1_867' title='bbox 2806 5795 2850 5829; x_wconf 78' lang='grc'><strong>³⁷</strong></span> <span class='ocrx_word' id='word_1_868' title='bbox 2873 5789 3029 5857; x_wconf 66' lang='grc' dir='ltr'>οὗτος</span> <span class='ocrx_word' id='word_1_869' title='bbox 3060 5810 3111 5847; x_wconf 86' lang='lat'><strong>0.</strong></span> 
     </span>
    </p>
   </div>
  </div>
