4226 6440
767 410 905 476 1147
1684 412 2257 473 THEOPIIYLACTI
2290 411 2698 473 BULGARI/E
2736 413 3090 473 ARCHIEP.
3890 406 3909 468 l
3932 409 4027 469 ῐιδ

761 530 938 584 adhuc
995 535 1172 581 tamen
1202 525 1573 582 Vehementius
1642 527 1755 582 vult
1803 528 1991 582 amari.
2038 527 2335 584 Charitatis
2364 547 2408 602 Α

2364 547 2408 602 Α
2441 514 2787 595 φιλοῦμενος,
2849 527 2997 596 ὅμως
3038 526 3120 578 ἐτι
3175 524 3375 594 μᾶλλον
3419 522 3667 592 βούλεται
3715 520 4026 590 φιλεῖσθαι.

758 620 901 674 enim
946 619 1136 672 modus
1180 626 1299 679 cst,
1348 631 1623 686 nunquam
1702 620 1891 684 pedem
1958 617 2140 687 ligere.
2198 618 2328 673 Vide

2450 622 2693 691 Ἀγάπης
2744 621 2855 690 γὰρ
2910 620 3114 692 μέτρον
3154 620 3216 673 τὸ
3247 618 3517 688 μηδέποτε
3562 614 3839 667 ἵστασθαι.
3882 616 4029 683 Ὅρα

760 720 940 762 autem
972 709 1044 762 uti
1068 707 1395 761 dictionibus
1437 708 1694 774 maiorem
1726 708 2085 763 ittlensionem
2122 709 2330 763 haben-

2436 712 2512 776 δὲ,
2544 712 2663 774 πῶς
2691 712 3183 781 ὲπιτατικωτέραις
3214 709 3259 741 ’³
3302 709 3574 779 ἐχρήσατο
3616 709 3756 769 ταῖς.
3780 706 4028 769 λέξεσιν,

765 801 904 853 libus
935 813 1061 853 usus
1103 799 1194 864 sit,
1229 802 1433 865 dicens,
1490 799 1700 863 Adhuc,
1731 800 1897 868 magis
1933 802 2216 868 magisque,
2252 813 2327 866 et,

2438 802 2629 865 εἰπὼν,
2663 804 2813 863 Ἔτι.
2847 805 2962 869 καὶ,
3011 803 3275 871 μᾶλλον,
3312 804 3425 863 καὶ,
3478 800 3845 868 περισσεύῃ.
3884 800 4030 868 Φησὶ

760 892 1025 947 Abundet.
1066 893 1191 945 Hazc
1226 903 1399 944 autem
1434 891 1529 955 ait,
1584 906 1688 945 non
1731 903 1789 945 ut
1838 892 2011 960 ipsum
2045 893 2216 947 solum
2250 895 2333 949 di-

2437 894 2493 947 δὲ
2520 894 2712 959 ταῦτα,
2756 895 2818 946 οὑ
2873 896 3036 965 μόνον
3064 896 3150 947 ἵνα
3195 893 3359 947 αὑτὸν
3407 892 3718 960 ἀγαπῶσιν,
3756 891 3903 944 ἀλλὰ
3940 892 4031 943 καὶ

765 982 959 1051 ligant,
988 997 1172 1037 verum
1202 983 1366 1037 etiam
1400 983 1555 1037 alios.

1213 983 1366 1037 etiam
1400 983 1555 1037 alios.
2438 987 2565 1050 τοὺς
2598 987 2790 1049 ἄλλους
2816 988 2882 1040 η.

838 1073 901 1126 1η
934 1076 1202 1145 agnitione
1230 1085 1279 1129 et
1318 1077 1459 1128 omni
1480 1092 1654 1132 sensu.
1703 1075 1815 1130 Hoc
1836 1086 1939 1144 est,
1976 1087 2036 1132 ut
2065 1094 2168 1133 non
2199 1082 2331 1135 sim-

2512 1084 2616 1138 Ἐν
2652 1084 2971 1153 ἐπιγνώσει
3012 1083 3110 1137 καὶ
3141 1082 3312 1150 πάσῃ
3356 1082 3662 1149 αἰσθήσει.
3699 1080 4031 1139 Τουτέστιν,

768 1167 979 1232 pliciter
1019 1169 1243 1237 quosvis
1294 1171 1555 1240 diligatis,
1611 1172 1704 1224 sed
1753 1186 1874 1226 cum
1927 1172 2242 1241 probatione
2281 1182 2336 1231 et

2443 1178 2561 1231 Ἵνα
2598 1178 2672 1247 μὴ
2704 1177 2891 1240 ἁπλῶς
2919 1178 3127 1239 πάντας
3185 1176 3462 1244 ἀγαπᾶτε,
3528 1175 3667 1229 ἀλλὰ
3700 1172 3847 1243 μετά
3880 1172 4033 1224 δοκι-

771 1260 1078 1327 cognitione
1103 1272 1156 1315 et
1182 1262 1383 1331 judicio
1410 1283 1420 1317 :
1450 1265 1693 1333 plerique
1718 1268 1861 1321 enim
1894 1267 2036 1322 citra
2069 1270 2334 1325 rationein

2448 1269 2669 1339 μασῑας,
2704 1268 2797 1321 καὶ
2830 1269 3110 1336 γνώσεως,
3143 1270 3239 1321 καὶ
3269 1268 3523 1337 κρίσεως.
3552 1267 3673 1319 Εἰσὶ
3692 1266 3803 1335 γὰρ
3842 1263 4037 1316 πολλοὶ

770 1350 999 1417 diligunt
1029 1370 1042 1406 :
1085 1354 1212 1406 hinc
1239 1368 1411 1423 neque
1442 1356 1667 1413 stabiles
1694 1367 1818 1412 sunt
1847 1359 2029 1413 talium
2061 1361 2334 1416 amicitiae.

2444 1358 2654 1427 ἀλόγως
2689 1358 2971 1428 φιλοῦντες
2995 1374 3009 1388 ⁸
3051 1356 3176 1411 ὅθεν
3219 1360 3375 1412 οὐδὲν
3420 1358 3639 1427 μόνιμοι
3676 1358 3731 1410 αἱ
3774 1354 4036 1408 τοιαῦται

772 1441 886 1505 Vel,
917 1441 981 1497 Ut
1008 1445 1287 1498 hmreticos
1311 1461 1415 1501 non
1442 1447 1701 1518 diligatis.

2445 1451 2636 1520 φιλίαι.
2664 1451 2753 1519 Ἢ,
2785 1453 2868 1506 ὅτι
2897 1452 3013 1505 Ἵνα
3045 1452 3118 1524 μὴ
3140 1450 3450 1522 αἱρετικοὺς
3476 1451 3748 1517 ἀγαπᾶτε.

844 1530 1003 1586 Vens.
1042 1535 1124 1588 l0.
1165 1532 1233 1589 Ut
1255 1536 1484 1603 probetis
1504 1541 1733 1605 potiora.
1763 1538 1876 1595 Hoc
1908 1551 2010 1605 est,
2037 1558 2155 1611 qua:
2189 1546 2339 1600 utilia

2517 1547 2621 1609 Εἰς
2655 1543 2722 1597 τὸ
2775 1543 3113 1613 δοκιμάζειν
3146 1544 3303 1613 ὑμᾶς
3342 1544 3413 1597 τὰ
3450 1542 3834 1610 διαφέροντα.
3866 1540 4041 1591 Τουτ-

772 1623 901 1675 siut.
937 1621 991 1677 Si
1021 1626 1164 1678 enim
1193 1641 1314 1680 cum
1353 1629 1724 1696 exploratione
1752 1644 1815 1685 ac
1843 1630 2052 1700 judicio
2080 1633 2333 1702 diligatis,

2448 1632 2564 1686 ἐστι
2590 1633 2658 1686 τὰ
2715 1634 3084 1705 συμφέροντα.
3104 1635 3231 1688 Ἐὰν
3259 1635 3370 1701 γὰρ
3406 1631 3545 1704 μετὰ
3576 1631 3918 1700 δοκιμασίας
3950 1631 4040 1681 καὶ

774 1712 998 1775 potestis
1026 1716 1164 1782 quod
1191 1714 1401 1771 confert
1443 1720 1758 1775 examinare
1784 1732 1837 1775 et
1890 1736 2187 1792 agnoscere
2218 1725 2340 1792 qui-

2448 1724 2683 1794 κρίσεως
2715 1724 2989 1791 ἀγαπᾶτε,
3029 1726 3257 1779 δύνασθε
3288 1726 3347 1778 τὸ
3395 1724 3674 1794 συμφέρον
3706 1722 4038 1791 δοκιμάσαι.

776 1816 899 1853 nam
928 1803 1180 1872 diligendi
1214 1805 1344 1868 sint,
1411 1808 1593 1863 fideles
1638 1812 1891 1865 nimirum
1922 1831 1935 1867 :
1968 1824 2021 1868 et
2059 1816 2150 1884 qui
2211 1832 2339 1882 non,

2450 1815 2545 1867 καὶ
2568 1816 2869 1883 ἐπιγνῶναι
2906 1816 3059 1879 τίνας
3121 1816 3220 1885 μὲν
3254 1815 3362 1886 χρὴ
3409 1815 3605 1884 φιλεῖν,
3652 1814 3733 1865 ὅτι
3772 1815 3913 1874 τοὺς
3957 1831 4041 1863 7::-

776 1891 1024 1947 infideles
1051 1896 1320 1950 videlicet.
1356 1900 1634 1963 Quomodo
1668 1903 1832 1973 igitur
1869 1905 1974 1959 alio
2009 1906 2062 1960 in
2090 1908 2208 1963 loco
2240 1910 2335 1976 ait,
2369 1905 2415 1964 B

2373 1905 2415 1964 B
2446 1905 2602 1969 στοὺς
2635 1923 2648 1937 ι
2683 1906 2777 1959 καὶ
2808 1906 2961 1970 τίνας
2988 1907 3086 1977 μὴ,
3118 1906 3200 1959 ὅτι
3251 1906 3379 1968 τοὺς
3414 1905 3701 1964 ἀπίστους.
3761 1902 3897 1965 Πῶς
3952 1898 4042 1955 οἷον

774 1980 908 2034 Cum
946 1986 1181 2038 omnibus
1216 1988 1511 2042 hominibus
1570 2008 1750 2057 pacem
1797 1994 2065 2050 habeleP?
2106 1997 2341 2054 Primum

2446 1999 2678 2068 ἀλλαχοῦ
2697 2015 2849 2068 φησι,
2874 1999 3031 2052 Μετὰ
3053 1998 3297 2053 πάντων
3309 1995 3637 2064 ἀνθρώπων
3658 1996 4042 2064 ειρηνεύετες

770 2072 990 2137 quidem
1024 2090 1126 2129 nou
1160 2076 1478 2145 simpliciter
1503 2081 1656 2145 dixit,
1687 2084 1779 2136 sed
1810 2099 1933 2139 cum
1960 2086 2339 2143 distinctione:

2448 2091 2670 2161 Πρῶτον
2696 2091 2814 2160 μὲν,
2853 2091 2952 2160 οὑχ
2984 2089 3171 2151 ἁπλῶς
3214 2086 3389 2153 εἶπεν,
3423 2088 3560 2141 ἀλλὰ
3603 2088 4038 2158 προσδιώρισεν·

775 2162 833 2217 Si
862 2164 981 2232 ﬁeri
1001 2170 1185 2232 possit,
1209 2185 1324 2222 cum
1367 2172 1609 2225 omnibus
1662 2191 1839 2240 pacem
1881 2178 2081 2232 habete.
2122 2179 2340 2247 Deinde,
2442 2220 2444 2229 ι

2442 2181 2508 2233 El
2552 2179 2834 2244 δυνατὸν,
2891 2180 3041 2248 μετὰ
3090 2180 3332 2233 πάντων
3379 2180 3738 2249 εἰρηνεύετε.
3778 2180 4045 2242 Ἔπειτα,

771 2256 918 2309 aliud
961 2268 1043 2311 est
1075 2258 1272 2312 habere
1303 2276 1516 2329 pacem,
1550 2263 1693 2319 aliud
1728 2266 1975 2337 diligere.
2036 2269 2167 2326 Illud
2201 2273 2342 2327 enim

2447 2274 2574 2328 ἄλλο
2595 2274 2713 2326 ἐστὶ
2743 2275 2803 2326 τὸ
2832 2274 3157 2345 εἰρηνεύειν,
3186 2274 3281 2327 καὶ
3313 2274 3441 2326 ἄλλο
3464 2273 3525 2326 τὺ
3550 2274 3802 2343 ἀγαπᾷν.
3834 2273 3919 2325 Τὸ
3949 2274 4046 2342 μὲν

773 2362 802 2398 a
833 2349 1179 2402 contentione
1204 2352 1410 2407 alienos
1443 2370 1543 2409 nos
1569 2371 1692 2411 esse
1716 2358 1910 2425 jubet:
1943 2361 2162 2431 diligere
2194 2379 2342 2431 vero,

2448 2365 2575 2435 γὰρ,
2607 2365 2667 2417 τὸ
2695 2365 2769 2436 μὴ
2808 2365 3077 2436 μάχεσθαι
3111 2381 3125 2396 ⁸
3159 2367 3217 2418 τὸ
3239 2365 3295 2417 δὲ
3320 2365 3561 2436 ἀγαπᾷν,
3592 2363 3838 2418 διάθεσιν
3862 2364 4048 2435 ψυχῆς

777 2437 937 2489 animi
975 2436 1315 2495 aﬂ‘ectioncm
1360 2444 1621 2512 postulat,
1657 2461 1721 2501 ac
1751 2448 1910 2503 veluti
1972 2463 2347 2522 contempera-

2448 2458 2689 2520 ἀπαιτεῖ,
2715 2458 2809 2510 καὶ
2840 2452 2953 2509 οἷον
2980 2455 3304 2527 σύγκρασιν,
3325 2456 3422 2510 καὶ
3446 2456 3613 2527 ήθονς
3641 2457 3957 2526 ὁμοιότητα
3978 2456 4044 2487 ⁸³⁸

778 2528 1001 2591 tionem,
1056 2546 1377 2601 morumque
1428 2536 1869 2604 similitudinem;
1903 2556 2023 2610 qua:
2067 2543 2342 2603 haereticis

2448 2548 2584 2618 ὅπερ
2623 2549 2758 2617 πρὸς
2801 2548 3113 2619 αἱρετικοὺς
3157 2549 3217 2601 οὑ
3251 2548 3331 2601 δεῖ
3364 2547 3763 2603 ἐνδείκνυσθαι.
3817 2550 3895 2602 El
3942 2550 4050 2619 γαρ

778 2634 879 2671 nou
910 2629 994 2673 est
1026 2623 1350 2678 exhibenda.
1382 2623 1441 2680 Si
1492 2628 1630 2681 enim
1661 2630 1843 2685 oculus
1877 2642 1997 2686 tuus
2029 2636 2243 2703 oﬂ‘endit
2276 2649 2345 2708 te,

2451 2640 2483 2691 ὀ
2514 2639 2822 2707 ὀφθαλμός
2856 2652 2974 2693 σου
3000 2628 3386 2701 σκανδαλίζει
3412 2656 3506 2707 σε,
3531 2641 3809 2708 ἔκκοψον
3832 2642 4048 2696 αὐτόν.

776 2714 1018 2767 exscinde
1042 2715 1210 2779 ipsum
1235 2728 1284 2771 οι.

850 2802 917 2857 Ut
951 2806 1066 2860 sitis
1114 2810 1327 2876 sinceri,
1362 2820 1413 2865 et
1446 2814 1556 2867 sine
1604 2815 1805 2883 offensa
1854 2818 1908 2871 in
1954 2820 2093 2874 diem
2124 2820 2341 2879 Christi.

2525 2820 2658 2873 Ἵνα
2682 2815 2787 2891 ἦτε
2840 2822 3181 2891 εἰλικρινεῖς
3214 2822 3314 2875 καὶ
3350 2822 3732 2891 ἀπρόσκοποι
3767 2824 3859 2887 εις
3903 2822 4049 2891 ἡμέ-

780 2895 892 2949 Non
919 2899 970 2950 in
1006 2914 1181 2954 meum
1210 2903 1309 2956 hoc
1332 2908 1673 2961 commodum
1698 2911 1839 2975 dico,
1872 2914 1964 2965 sed
1989 2929 2054 2967 ne
2079 2931 2174 2969 vos
2195 2918 2348 2971 adul-

2457 2929 2575 2981 ραν
2606 2912 2885 2980 Χριστοῦ.
2916 2916 2992 2967 Οὑ
3028 2915 3163 2984 πρὸς
3193 2914 3253 2967 τὸ
3280 2914 3411 2984 ὲμὺν
3445 2915 3724 2983 συμφέρον
3746 2915 3933 2968 ταῦτα
3964 2915 4054 2967 λέ-

782 2989 1015 3041 terinnm
1042 2990 1258 3059 aliquod
1281 2992 1473 3061 dogma
1505 2995 1789 3052 charitatis
1816 3010 2079 3069 praetextu
2111 3008 2342 3074 recipia-

2452 3020 2554 3071 γω,
2578 3004 2693 3057 ἀλλ’
2737 3005 2824 3058 ἵνα
2849 3006 3006 3073 ὑμεῖς
3044 3006 3212 3074 μηδὲν
3262 3006 3414 3058 νόθον
3456 3006 3632 3073 δόγμα
3666 3004 3745 3073 τῷ
3778 3007 3884 3074 τῆς
3914 3008 4054 3073 ἀγα-

782 3082 869 3135 '.is.
891 3081 1033 3136 Dixit
1060 3095 1264 3150 autem,
1285 3088 1492 3154 sinceri,
1526 3093 1702 3159 quoad
1733 3093 1896 3149 Deum
1925 3114 1937 3149 :
1964 3094 2089 3152 Sine
2124 3100 2347 3167 o/fensa,

2452 3111 2561 3164 πης
2604 3098 2953 3167 προσχήματι
2986 3098 3385 3167 παραδέξησθε.
3413 3094 3547 3150 Eii-:5
3573 3099 3613 3130 ³⁸
3650 3098 3705 3151 δὲ
3735 3138 3749 3161 ,
3792 3102 4057 3167 Ευικρι-

778 3176 957 3242 quoad
990 3175 1257 3232 homines.
1306 3180 1528 3237 Etiamsi
1582 3187 1727 3239 cnim
1790 3197 1842 3240 te
1899 3204 2003 3243 non
2042 3190 2199 3245 ltedat
2230 3208 2349 3261 qure

2452 3189 2596 3253 νεῖς,
2616 3190 2690 3252 ὼς
2719 3190 2855 3259 πρὸς
2875 3191 2966 3242 τὸν
2997 3190 3127 3243 Θεόν
3151 3206 3164 3220 ·
3216 3191 3620 3257 ἀπρόσκοποι,
3649 3190 3724 3253 ὡς
3751 3193 3901 3261 πρὸς
3932 3193 4057 3253 τοὺς

783 3266 876 3317 tibi
908 3280 1029 3320 cum
1059 3267 1313 3323 hmretico
1354 3274 1590 3328 amicitia
1633 3275 1942 3342 intercedit,
1980 3280 2139 3334 alium
2174 3293 2349 3337 tamen
2380 3269 2421 3324 Ο

2389 3269 2421 3324 C
2459 3277 2798 3347 ἀνθρώπους.
2836 3280 2896 3332 Ei
2953 3280 3062 3350 γὰρ
3092 3279 3187 3332 καὶ
3216 3282 3288 3350 μή
3343 3297 3402 3333 σε
3444 3280 3675 3350 βλάπτει
3716 3283 3751 3350 η
3794 3283 3942 3345 πρὲς
3967 3282 4058 3333 τὸν

779 3354 1027 3415 offendit.
1058 3359 1337 3425 Quomodo
1393 3364 1555 3432 igitur
1597 3366 1649 3419 in
1681 3368 1768 3421 die
1805 3368 2008 3424 Christi
2064 3375 2355 3430 invenieris

2458 3372 2731 3441 αἱρετικὸν
2781 3370 2953 3440 φιλία,
2996 3373 3111 3425 ἀλλ’
3153 3373 3346 3442 ἕτερον
3401 3371 3751 3435 σκανδαλίζει
3780 3375 3852 3426 ³⁸,
3890 3375 4056 3426 Ὥστε

785 3448 1051 3513 sincerus,
1089 3450 1349 3506 fratribus
1382 3455 1483 3510 tuis
1512 3456 1893 3515 ollendiculum
1925 3463 2169 3530 ponens?

2458 3461 2579 3525 πῶς
2621 3464 2678 3514 ὲν
2710 3466 2775 3531 τῇ
2835 3464 3016 3534 ἡμέρα
3078 3463 3317 3534 Χριστοῦ
3363 3464 3594 3536 εὑρεθῇς
3615 3466 3684 3496 ³²⁹
3718 3465 4056 3537 εἰλικρινὴς,

2462 3554 2833 3619 σκανδαλίζων
2858 3556 2983 3618 τοὺς
3010 3555 3273 3623 ἀδελφούς
3300 3571 3314 3619 ;

848 3630 1016 3688 Vsus.
1056 3632 1143 3687 ll.
1177 3632 1380 3703 Περιείιὶ
1428 3637 1683 3707 fructibus
1709 3640 1954 3709 justitia',
1996 3645 2087 3713 qui
2118 3654 2238 3697 sunt
2268 3663 2359 3714 per

2532 3645 2991 3714 Πεπληρωμένοι
3022 3644 3267 3714 καρπῶν
3320 3644 3741 3713 δικαιοσύνης,
3798 3646 3929 3699 τῶν
3968 3647 4062 3701 διὰ

781 3726 961 3779 Jesum
992 3725 1277 3794 Christum,
1309 3734 1377 3783 ad
1410 3734 1629 3800 gloriam
1653 3746 1699 3787 et
1731 3735 1938 3789 laudem
1965 3737 2078 3791 Dei.
2117 3738 2226 3793 lloc
2255 3752 2357 3808 est,

2460 3736 2666 3803 Ἰησοῦ
2725 3738 2983 3804 Χριστοῦ
3041 3740 3133 3803 εὶς
3193 3737 3384 3799 δόξαν
3425 3738 3523 3791 καὶ
3557 3739 3819 3792 ἔπαινον
3884 3740 4056 3794 Θεοῦ.

789 3818 1001 3872 Utcuin
1040 3820 1299 3875 doctrina:
1340 3824 1663 3879 rectitudine
1714 3828 1877 3880 vitam
1920 3830 2083 3883 etiam
2142 3833 2360 3887 minime

2461 3830 2772 3894 Τουτέστιν,
2831 3828 2945 3881 Ἵνα
2985 3830 3124 3898 μετὰ
3161 3830 3257 3898 τῆς
3290 3830 3396 3883 τῶν
3428 3830 3712 3900 δογμάτων
3761 3830 4062 3902 ὀρθότητος

786 3912 1251 3966 condemnandam
1284 3914 1491 3969 duratis
1521 3931 1536 3969 :
1562 3931 1658 3985 per
1680 3918 1789 3983 just
1813 3919 1940 3972 tiam
1979 3920 2121 3973 enim
2146 3937 2358 3976 onmem

2467 3921 2562 3971 καὶ
2609 3918 2721 3989 βίον
2779 3920 2942 3989 ἔχητε
3000 3920 3446 3988 ἀκατάγνωστον.
3520 3923 3897 3994 Δικαιοσύνην
3954 3927 4062 3997 γὰρ

786 4002 1038 4056 virtutem
1077 4005 1346 4073 intelligit,
1370 4007 1453 4059 vel
1481 4008 1879 4080 eleemosyuam
1920 4014 2220 4080 Speciatim.
2246 4013 2359 4069 Non

2467 4012 2565 4081 τὴν
2588 4014 2772 4065 πᾶσαν
2804 4014 3007 4083 ἀρετήν
3034 4030 3223 4083 φησιν,
3259 4014 3291 4083 ἢ
3325 4014 3422 4083 τὴν
3450 4013 3835 4083 ἐλεημοσύνην
3870 4018 4062 4070 latnte-

787 4104 968 4151 autcm
1026 4107 1084 4151 ut
1122 4099 1437 4168 imperfecte
1499 4103 1753 4157 virtutem
1825 4115 1919 4159 aut
1965 4106 2359 4178 cleemosynam

2462 4121 2637 4171 τερον.
2664 4105 2776 4174 Οὑχ
2809 4106 2898 4158 ἵνα
2930 4105 2986 4158 δὲ
3007 4106 3211 4168 ἀτελῶς
3264 4106 3362 4175 τὴν
3402 4107 3601 4177 ἀρετὴν
3632 4107 3664 4173 ἦ
3692 4108 3794 4176 τὴν
3823 4109 4062 4178 ἐλεημο-

788 4191 1110 4259 operemiui,
1148 4193 1241 4246 sed
1281 4202 1338 4246 ut
1377 4193 1496 4248 sitis
1536 4195 1749 4258 repleti.
1783 4194 2227 4263 Quandoquidem
2264 4216 2363 4252 au-

2466 4196 2633 4266 σύνην
2656 4197 2987 4267 ὲργάζησθε,
3010 4197 3125 4250 ἀλλ’
3149 4198 3236 4251 ἵνα
3257 4194 3355 4267 ἦτε
3385 4197 3563 4267 πεπλη
3575 4199 3835 4267 ρωμένοι.
3875 4201 4063 4254 Ἐπει-

791 4297 897 4339 tem
926 4293 981 4338 et
1008 4284 1252 4339 inﬁdeles
1280 4287 1603 4340 videbantur
1632 4290 1733 4343 sibi
1775 4299 1828 4343 et
1852 4291 2108 4344 virtutem
2138 4301 2191 4345 et
2222 4292 2364 4345 elue-

2463 4289 2528 4357 δὴ
2562 4288 2617 4340 δὲ
2642 4289 2738 4341 καὶ
2768 4292 2815 4341 οἱ
2850 4290 3109 4360 Ἕλληνες
3140 4290 3593 4359 ἐδόκουνάρετῆς
3627 4294 4063 4358 μεταποιεῖσθαι

788 4393 1067 4449 mosyuam
1122 4379 1415 4444 vindicare,
1451 4380 1665 4448 adjecit,
1716 4380 1816 4446 Qui
1868 4393 1989 4436 sum
2044 4400 2135 4451 per
2179 4382 2363 4438 Iesum

2466 4380 2560 4434 καὶ
2627 4381 3024 4449 ὲλεημοσύνης,
3062 4382 3374 4451 προσέθηκε
3424 4399 3438 4413 ο
3506 4381 3630 4435 Τῶν
3685 4381 3787 4435 διὰ
3846 4383 4062 4448 Ἰησοῦ

790 4469 1333 4522 Christum:illornm
1364 4470 1505 4523 enim
1547 4486 1709 4537 opera
1752 4488 1854 4525 non
1904 4482 2027 4527 sunt
2064 4476 2361 4528 secundum

2468 4473 2753 4541 Χριστοῦ·
2785 4474 2853 4526 τὰ
2883 4473 3114 4527 ἐκείνων
3162 4474 3270 4543 γὰρ
3322 4474 3382 4526 οὑ
3408 4474 3550 4526 κατὰ
3603 4474 3863 4540 Χριστὸν,
3925 4477 4064 4528 ἀλλὰ

792 4560 1094 4624 Christum,
1124 4561 1215 4615 sed
1254 4562 1322 4613 ob
1359 4576 1546 4613 vanam
1577 4562 1824 4631 gloriam,
1862 4576 1915 4617 et
1970 4576 2026 4619 ut
2053 4565 2362 4619 hominibus

2466 4562 2553 4614 διὰ
2588 4560 2900 4625 κενοδοξίαν
2932 4562 3028 4613 καὶ
3057 4561 3603 4632 ἀνθρωπαρέσκειαν.
3644 4566 3748 4627 Εἰς
3781 4563 3984 4621 δόξαν
4009 4566 4059 4619 δὲ

792 4653 1061 4722 placeant.
1110 4653 1174 4706 lu
1220 4656 1441 4723 gloriam
1479 4666 1658 4710 autem
1692 4655 1806 4719 Dei,
1841 4658 1943 4711 hoc
1965 4666 2070 4722 est,
2123 4656 2239 4711 Non
2305 4660 2356 4712 in
2401 4638 2438 4689 υ

2401 4638 2438 4689 υ
2472 4657 2577 4709 τοῦ
2607 4656 2783 4719 Θεοῦ,
2820 4655 3120 4716 τουτέστιν,
3155 4656 3269 4707 Οὐκ
3302 4658 3379 4717 εἰς
3420 4654 3561 4725 ἐμὴν
3586 4655 3679 4707 τοῦ
3704 4656 4060 4721 διδάσκοντος

793 4762 967 4798 meum
1016 4745 1106 4814 qui
1160 4749 1273 4800 haec
1332 4750 1515 4802 doceo.
1570 4749 1750 4815 Quare
1811 4764 1915 4802 non
1954 4758 2037 4803 est
2080 4749 2222 4817 quod
2274 4766 2365 4805 \os

2467 4747 2662 4802 ταῦτα.
2697 4749 2860 4800 Ὥστε
2910 4748 2971 4800 οὑ
3009 4747 3090 4799 δεῖ
3141 4748 3431 4817 ἐμποδίσαι
3490 4748 3632 4816 ὑμᾶς
3690 4750 3758 4817 τῇ
3793 4749 3931 4819 δόξῃ
3970 4750 4059 4801 το]

792 4840 1072 4895 obsistatis
1125 4840 1305 4907 glorize
1357 4841 1471 4896 Dei.
1544 4840 1717 4895 Simul
1770 4852 1950 4895 autem
1994 4843 2196 4896 animat
2249 4858 2361 4907 eos,

2466 4837 2621 4891 Θεοῦ.
2678 4840 2830 4906 ’Ἅμα
2870 4838 2925 4891 δὲ
2970 4839 3064 4891 καὶ
3123 4837 3547 4907 παραθαῤῥύνει
3579 4838 3801 4899 αὐτοὺς,
3836 4838 3919 4901 ὡς
3966 4840 4058 4892 τοῦ

793 4932 1013 5001 perinde
1033 4932 1186 4999 quasi
1215 4932 1355 4987 Deus
1377 4934 1443 4987 sit
1462 4934 1736 5003 suppetias
1761 4934 1867 4987 illis
1892 4933 2095 4987 laturus
2115 4934 2165 4986 iu
2196 4949 2363 5003 opere

2469 4931 2602 4985 Θεοῦ
2668 4931 2954 5002 μέλλοντος
3014 4932 3298 5002 συνεργεῖν
3352 4931 3407 4982 ὲν
3452 4930 3528 4999 τῷ
3571 4932 3648 4992 εἰς
3678 4929 3841 4994 δόξαν
3890 4933 4058 4983 αὑτοῦ

793 5021 934 5089 quod
963 5022 1028 5074 ad
1054 5021 1278 5091 gloriam
1307 5023 1424 5092 ejus
1456 5026 1565 5079 sint
1597 5025 1894 5094 peracturi.
2472 5024 2640 5094 ἔργῳ.

870 5114 1029 5168 Vens.
1054 5116 1140 5170 19..
1164 5115 1313 5169 Scire
1336 5126 1508 5171 autent
1531 5136 1619 5173 vos
1646 5118 1777 5183 volo,
1804 5119 2017 5187 fratres,
2035 5118 2193 5190 431
2226 5119 2365 5189 quod

2544 5115 2876 5170 Γινώσκειν
2911 5114 2978 5167 δὲ
3012 5112 3167 5184 ὑμᾶς
3183 5115 3504 5183 βούλομαι,
3534 5112 3812 5182 ἀδελφοὶ.
3841 5113 3939 5164 ὅτι
3991 5114 4058 5166 τὰ

798 5223 914 5275 qua:
945 5206 1073 5260 mihi
1115 5210 1441 5274 acciderunt,
1492 5212 1657 5280 magis
1703 5212 1772 5264 ad
1805 5210 2092 5280 profectum
2121 5221 2365 5265 venerunt

2474 5208 2600 5259 κατ’
2629 5206 2733 5274 ἐμὲ
2776 5205 3015 5274 μᾶλλον
3037 5207 3124 5271 εἰς
3164 5203 3485 5272 προκοπὴν
3531 5203 3635 5257 τοῦ
3670 5204 4056 5270 Εὑαγγελιόυ

805 5296 1095 5367 Evangelii.
1151 5299 1452 5354 Verisimile
1503 5310 1620 5355 erat
1676 5317 1788 5366 eos,
1840 5302 1926 5354 tibi
1987 5302 2365 5368 cognovissent
2473 5338 2474 5343 η

2473 5298 2797 5367 ἐλήλυθεν.
2834 5298 2994 5361 Εἰκὸς
3048 5293 3116 5367 ἦν
3152 5296 3351 5358 αὐτοὺς
3394 5295 3670 5364 μαθόντας
3707 5294 3789 5345 ὅτι
3813 5292 4053 5357 δέδεται,

799 5402 922 5441 cum
950 5390 1189 5444 vinctmn
1221 5407 1360 5456 esse,
1398 5393 1621 5457 turbari,
1668 5393 1820 5463 quasi
1862 5394 2134 5463 Evangelii
2174 5394 2365 5459 praedi-

2475 5388 2839 5460 θορυϐεῖσθαι,
2906 5387 2981 5451 ὡς
3032 5387 3125 5439 τοῦ
3199 5385 3557 5456 κηρύγματος
3617 5382 4052 5451 ὲγκοπτομένον.

801 5479 943 5531 t-atio
972 5481 1340 5549 impediretur.
1371 5483 1523 5537 lianc
1551 5484 1733 5553 itaque
1762 5484 1954 5541 tollens
1980 5485 2362 5554 suspicionem,

2489 5482 2754 5554 Ἀναιρῶν
2780 5477 2872 5535 οὖν
2911 5481 3009 5550 τὴν
3066 5478 3322 5533 ὑπόνοιαν
3352 5478 3579 5548 ταύτην,
3612 5474 3803 5546 ςησὶν,
3863 5475 3954 5525 ὅτι
3980 5475 4052 5526 US

874 5609 901 5647 ιι
931 5591 1087 5651 llum.
1110 5611 1207 5660 xu,
1230 5595 1311 5650 l8.
1424 5608 1451 5647 ς
1475 5595 1665 5653 Matth.
1688 5616 1738 5667 ν,
1763 5601 1854 5655 ‘39.

2149 5667 2351 5729 Varia)
2370 5665 2701 5729 lectiones.

875 5771 921 5800 ³⁸
953 5769 1413 5843 ὲπιτατικὼτερον
1446 5789 1496 5828 ο.
1575 5776 1620 5809 ¹⁹
1652 5776 1765 5830 ἀλλ’
1794 5776 1879 5829 ἵνα
1909 5774 2003 5829 καὶ
2029 5766 2299 5845 ἀλλήλους’
2327 5790 2397 5827 tu.
2476 5771 2519 5803 ³ο
2555 5769 2865 5842 ἡμερότητα
2903 5785 2955 5825 0.
3033 5771 3073 5803 ³¹
3116 5766 3211 5839 ἦτε
3250 5782 3297 5825 o.
3381 5769 3423 5803 ³⁸
3457 5768 3643 5839 ἔτερος
3694 5767 4053 5830 σκανέαέέζε-

801 5861 885 5895 ’ὶλί
919 5861 967 5899 o.
1047 5848 1108 5877 δ”
1139 5847 1405 5915 εὑρεθήσῃ
1433 5864 1484 5901 σι.
