4226 6440
245 359 380 422 ιιι)

1025 361 1430 423 EXI’OSITIO
1473 361 1551 420 IN
1581 360 1815 419 EPIST.
1854 359 1951 418 AD
1991 355 2316 418 PHILIPP.
2357 381 2426 394 -
2452 360 2608 420 CAP.
2659 360 2698 419 l.

3360 363 3494 429 1150

241 476 404 541 μόνον
426 472 527 525 οὐκ
553 473 871 528 ὲνεπόδισαν
925 475 992 528 τὰ
1020 475 1196 545 δεσμά
1233 494 1332 545 μου
1365 474 1441 545 τῷ
1481 472 1812 542 Ενὲαγγεὶλῳ,
1842 470 1888 526 Α
1916 467 1990 520 uit

1930 467 1990 520 iit
2020 486 2035 524 :
2072 472 2184 526 Non
2219 471 2390 525 solum
2423 488 2525 525 non
2560 473 2956 540 impediverunt
2996 474 3342 541 Evangelium
3377 481 3496 532 vin-

237 564 375 616 ἀλλὰ
403 565 497 615 καὶ
532 564 734 632 μᾶλλον
765 566 843 626 εἰς
875 567 1160 637 προκοπὴν
1190 568 1454 634 ἐγένοντο.

308 657 492 710 Ὥστε
521 658 660 722 τοὺς
684 658 945 726 δεσμούς
965 676 1083 726 μου
1113 659 1410 726 φανεροὺς
1439 658 1717 726 γενέσθαι
1747 657 1815 708 ἐν

236 747 470 816 Χριστῷ
508 750 578 802 ἐν
619 751 740 812 ὅλῳ
784 749 861 814 τῷ
888 753 1241 817 πραιτωρίῳ.
1273 752 1371 804 καὶ
1417 750 1541 815 τοῖς
1581 748 1816 812 λοιποῖς
1862 750 1869 753 ⁷

238 842 411 895 πᾶσι.
451 843 763 905 Τουτέστιν,
800 843 961 896 Ὥστε
991 845 1082 896 καὶ
1105 843 1387 912 δεδεμένον
1414 845 1540 895 ὄντα
1567 859 1634 910 με
1655 841 1815 892 πλέον

237 934 738 1004 παρρησιάζεσθαι,
771 935 865 987 καὶ
898 935 972 1005 μὴ
1005 935 1225 1005 σιγῆσαί
1262 952 1352 1002 με,
1384 935 1521 988 ἀλλὰ
1553 933 1614 986 τὸ
1648 935 1818 1002 κήρυ-

237 1045 355 1095 γμα
395 1027 488 1078 τοῦ
525 1027 684 1094 λόγου
718 1029 809 1079 καὶ
835 1029 992 1098 ἄχρις
1019 1027 1186 1080 αὑτοῦ
1219 1027 1420 1096 φθάσαι
1451 1026 1543 1080 τοῦ
1570 1042 1815 1094 πραιτω-

238 1121 382 1190 ρίου,
407 1123 647 1173 τουτέστι
695 1122 803 1173 τῶν
827 1120 1134 1189 βασιλείων,
1171 1121 1264 1174 καὶ
1295 1122 1351 1174 ὲν
1370 1123 1435 1190 τῇ
1471 1120 1626 1172 πόλει
1646 1120 1813 1188 πάσῃ.

237 1214 412 1266 Τοῦτο
448 1214 502 1266 δὲ
539 1216 597 1267 ἐν
643 1213 865 1284 Χριστῷ
900 1214 1089 1281 γέγονε
1115 1230 1128 1244 ·
1175 1214 1474 1277 τουτέστιν,
1523 1214 1636 1266 Οὐκ
1687 1211 1819 1280 ἐμὸν

236 1306 593 1375 κατόρθωμα,
614 1305 748 1359 ἀλλὰ
777 1305 868 1358 τοῦ
892 1305 1149 1378 Χριστοῦ.
1179 1307 1269 1370 Ἢ,
1295 1304 1433 1367 Τοὺς
1465 1304 1694 1375 δεσμούς
1716 1321 1814 1374 μου.Ι

233 1398 361 1459 τοὺς
396 1400 452 1450 ἐν
479 1398 717 1469 Χριστῷ.
761 1400 1027 1457 τουτέστι,
1059 1397 1185 1458 τοὺς
1211 1397 1296 1449 διὰ
1330 1397 1582 1464 Χριστόν.

309 1491 416 1543 Καὶ
458 1490 600 1554 τοὺς
640 1491 931 1556 πλείονας
987 1489 1106 1542 τῶν
1162 1488 1444 1558 ἀδελφῶν
1491 1488 1560 1540 ἐν
1602 1486 1813 1554 Κυρίῳ,

235 1585 599 1646 πεποιθότας
624 1584 743 1647 τοῖς
775 1583 1013 1651 δεσμοῖς
1040 1599 1174 1647 μου,
1205 1579 1434 1648 τολμᾷν
1467 1579 1817 1646 περισσοτέ-

228 1695 352 1743 ρως
386 1678 622 1744 ἀφόϐως
659 1677 873 1729 λαλεῖν
906 1676 1013 1728 τὸν
1043 1676 1246 1744 λόγον,
1287 1676 1392 1726 Καὶ
1421 1674 1684 1743 πρότερον
1721 1672 1818 1739 μὲν

234 1768 728 1839 ἑπαρῤητιάζοντο,
774 1769 869 1822 νῦν
901 1770 955 1823 δὲ
990 1769 1378 1837 περισσότερον
1398 1767 1443 1800 ³³
1474 1769 1538 1819 ὲκ
1584 1765 1678 1818 τοῦ
1718 1765 1815 1834 ἐμὲ

1919 564 2040 618 cn‘a
2067 577 2203 624 mea,
2236 564 2329 615 sed
2359 573 2413 616 et
2450 563 2500 615 in
2538 566 2934 631 prmuotioneln
2974 566 3152 630 potius
3183 580 3488 623 cesserunt.

1997 654 2154 706 \Ens.
2186 654 2266 706 15.
2304 653 2389 706 Ita
2417 665 2468 706 ut
2512 658 2715 709 vincula
2747 673 2858 709 utea
2887 659 3167 724 manifesta
3221 661 3399 725 ﬁerent
3444 665 3498 714 ii:

1922 745 2128 801 Christo
2154 748 2203 797 in
2234 756 2344 799 toto
2373 748 2641 813 prtetorio,
2674 759 2718 798 et
2751 752 2951 800 ca'teris
2974 750 3232 802 omnibus.
3255 749 3365 804 Hoc
3396 763 3496 814 est,

1925 847 1981 890 ut
2012 837 2218 889 vinctus
2251 851 2369 888 cum
2410 839 2536 898 sim,
2589 839 2776 903 majori
2833 840 3026 892 fiducia
3071 843 3280 905 loquar,
3327 860 3500 911 neque

1924 929 2312 992 conticescam,
2358 933 2449 983 scd
2510 940 2568 983 ut
2629 930 2934 998 praedicatio
2996 933 3142 984 verbi
3197 935 3260 984 ad
3326 937 3499 1002 ipsum

1927 1036 2095 1089 Usque
2123 1020 2430 1088 przetorium
2477 1023 2802 1090 pervenerit,
2840 1022 2936 1074 hoc
2990 1033 3068 1077 cst
3099 1025 3164 1077 ad
3209 1027 3378 1092 ipsam
3421 1042 3503 1078 re-

1925 1115 2088 1183 giam,
2120 1125 2281 1181 alque
2312 1116 2444 1166 adeo
2487 1117 2792 1168 universam
2828 1116 3034 1167 urbem.
3082 1115 3192 1170 Hoc
3231 1130 3411 1172 autem
3449 1119 3500 1171 in

1924 1206 2141 1260 Christo
2173 1208 2374 1260 factum
2405 1216 2511 1269 est,
2547 1207 2595 1259 id
2622 1216 2720 1270 est,
2753 1206 2866 1260 Non
2898 1221 3074 1259 memn
3106 1219 3188 1262 est
3209 1225 3366 1276 opus.
3409 1212 3502 1264 scd

1925 1299 2149 1352 Christi.
2188 1299 2300 1360 νει,
2335 1297 2563 1351 Vincula
2600 1313 2715 1351 mea
2766 1300 2814 1352 in
2861 1299 3099 1365 Christo,
3140 1300 3192 1354 id
3243 1313 3346 1363 εει,
3387 1317 3506 1371 qua:

1931 1402 2150 1459 promer
2174 1393 2450 1446 Christum
2485 1391 2776 1458 perpetior.

1999 1485 2157 1537 Vens.
2184 1485 2267 1538 Μ.
2303 1485 2369 1538 Et
2400 1497 2451 1536 ut
2482 1485 2654 1550 plures
2689 1501 2714 1537 e
2742 1485 2997 1553 fratribus
3030 1487 3082 1538 in
3111 1486 3354 1551 Domino,
3383 1503 3508 1539 con-

1924 1574 2142 1642 fidentes
2174 1577 2394 1629 vinculis
2430 1579 2575 1635 meis.
2609 1576 2967 1630 abundantius
2997 1581 3250 1630 auderent
3286 1579 3395 1631 sine
3443 1579 3507 1630 ti-

1926 1687 2067 1724 more
2099 1687 2384 1723 sermonem
2414 1671 2572 1738 loqui.
2613 1669 2676 1722 Et
2711 1680 2864 1724 antea
2901 1673 3115 1737 quidem
3150 1670 3317 1723 libere
3341 1671 3502 1724 doce-

1927 1763 2055 1816 bant
2090 1765 2336 1827 verbum,
2376 1779 2520 1818 nunc
2549 1779 2675 1818 vero
2710 1765 2758 1816 id
2800 1773 2965 1832 agunt
2998 1765 3192 1832 majori
3229 1763 3420 1816 liducia
3455 1773 3509 1816 et

239 1861 372 1912 ἰδεῖν
406 1860 564 1913 πλέον
608 1859 1143 1931 παρρησιαζόμενον,
1183 1860 1278 1912 καὶ
1308 1857 1479 1910 ταῦτα
1509 1854 1808 1925 δεδεμένον.
1845 1841 1888 1895 Β
1920 1854 2002 1907 ala

1930 1854 2220 1918 alacritate,
2269 1865 2553 1924 postquam
2590 1869 2676 1908 me
2707 1856 3152 1907 animadvertunt
3181 1869 3302 1906 esse
3330 1854 3506 1905 conli-

249 1952 401 2004 Ἐπεὶ
432 1952 540 2022 γὰρ
575 1949 712 2004 εἶδον
748 1953 847 2022 ἐμὲ
896 1953 1200 2020 δεδεμένον,
1241 1950 1670 2021 ἁνερῤώσθησαν
1714 1949 1813 2002 κὰ-

238 2042 407 2091 κεῖνοι
444 2040 522 2102 εἰς
572 2040 751 2109 ζῆλον.
797 2041 952 2095 Ἐπεὶ
985 2043 1042 2094 δὲ
1089 2042 1230 2110 μέγα
1278 2041 1456 2094 ἐδόκει
1492 2040 1696 2107 λέγειν,
1732 2041 1813 2093 ὅτι

251 2131 393 2195 Ἐγὼ
427 2130 621 2192 αὐτοὺς
672 2133 946 2202 ἐθάρρυνε
964 2134 1031 2198 ³⁵,
1082 2129 1235 2186 εἶπεν
1279 2149 1292 2163 ·
1337 2134 1440 2187 Ἐν
1479 2132 1693 2200 Κυρίῳ.
1749 2133 1809 2185 Ei

237 2223 420 2275 τοίνυν
448 2223 495 2275 οἱ
540 2224 704 2291 ὲγγὺς
749 2224 902 2286 ὄντες
951 2225 1058 2276 τῶν
1102 2223 1319 2293 δεσμῶν
1353 2240 1454 2293 μου
1505 2225 1564 2276 οὐ
1599 2225 1816 2295 ταράτ-

237 2333 442 2378 τονται,
480 2315 615 2368 ἀλλὰ
654 2316 852 2387 μᾶλλον
884 2317 1068 2370 πλεῖον
1103 2315 1303 2386 θάρσος
1332 2316 1598 2388 δέχονται,
1637 2317 1817 2386 πολλῷ

245 2404 446 2473 μᾶλλον
475 2405 617 2474 ὑμᾶς
647 2406 774 2476 χρή.

321 2587 486 2651 Τινὲς
507 2587 623 2653 μὲν
656 2587 749 2640 καὶ
784 2587 880 2641 διὰ
903 2592 1130 2656 φθόνον
1156 2592 1253 2642 καὶ
1284 2591 1433 2658 ἔριν,
1456 2591 1619 2655 τινὲς
1648 2590 1715 2642 δὲ
1743 2591 1816 2643 δι’

238 2676 524 2731 εὐδοκίαν
549 2680 654 2732 τὸν
684 2681 940 2747 Χριστὸν
969 2683 1406 2748 κηρύσσουσιν.
1437 2683 1652 2751 Ἐπειδὴ
1685 2701 1818 2738 κατ-

243 2769 443 2837 εσχέθη
487 2772 515 2823 ὁ
565 2771 795 2835 Παῦλος,
838 2773 1020 2825 πολλοὶ
1071 2775 1179 2828 τῶν
1228 2777 1475 2829 ἀπίστων
1523 2779 1819 2848 ἐκήρυττον

245 2864 343 2914 καὶ
370 2863 523 2916 αὐτοὶ
553 2863 643 2916 τὸν
675 2865 929 2934 Χριστὸν,
963 2865 1273 2937 βουλόμενοι
1297 2870 1376 2930 εἰς
1409 2869 1529 2921 πλεε
1549 2887 1629 2921 ινα
1652 2869 1822 2940 ὀργὴν

244 2957 514 3009 ἐκκαῦσαι
543 2956 634 3008 τὸν
668 2958 914 3026 Νέρωνα,
942 2957 1082 3010 ὥστε
1121 2960 1308 3029 τάχιον
1339 2959 1430 3012 τὸν
1487 2959 1698 3014 Παῦλον
1728 2964 1822 3013 ἁν-

240 3051 405 3114 ελείν,
447 3050 518 3111 ὡς
555 3051 648 3102 τοῦ
684 3052 1040 3119 κηρύγματος
1078 3053 1351 3121 πανταχοῦ
1384 3053 1511 3107 δι’³⁸
1535 3054 1699 3108 αὒτοῦ
1729 3073 1825 3108 κα-

1923 1947 2248 2012 dentiorem,
2284 1949 2444 2014 idque
2475 1963 2595 1999 cum
2633 1947 2845 1999 vinctus
2871 1948 2970 1998 sim
3002 1960 3016 1998 :
3053 1955 3107 2000 et
3135 1946 3209 1998 illi
3245 1946 3310 1998 ad
3344 1960 3511 1998 a-mu-

1926 2040 2179 2093 latimtem
2229 2039 2520 2094 confortati
2577 2050 2724 2102 sunt,
2772 2050 3056 2108 postquam
3117 2053 3200 2090 me
3257 2037 3510 2090 viderunt

1926 2135 2182 2188 vinclum.
2247 2133 2379 2198 Quia
2453 2147 2583 2186 vero
2644 2146 2899 2196 magnum
2943 2132 3229 2184 videbatur
3293 2131 3510 2191 dicere,

1927 2238 2137 2290 nempe,
2183 2223 2294 2288 Ego
2345 2223 2488 2290 ipsos
2537 2223 2807 2287 animavi;
2859 2221 2921 2275 In
2966 2222 3219 2284 Domino,
3259 2221 3414 2273 dixit.
3453 2218 3508 2273 Si

1926 2317 2086 2384 igitur
2102 2317 2191 2384 qui
2220 2317 2462 2384 proxime
2491 2323 2618 2369 sunt
2645 2315 2709 2367 ad
2745 2330 2862 2368 mea
2895 2314 3132 2374 vincula.
3162 2329 3266 2368 non
3299 2313 3512 2366 turban-

1927 2419 2032 2471 tur,
2056 2409 2150 2463 sed
2190 2406 2450 2476 majorem
2497 2406 2674 2474 potius
2719 2405 2971 2460 ﬁduciam
3014 2405 3303 2474 recipiunt,
3340 2407 3513 2458 multo

1925 2502 2096 2569 magis
2125 2516 2220 2554 vos
2255 2501 2505 2554 convenit
2543 2514 2661 2551 esse
2691 2499 3046 2553 conﬁdentes.

2000 2595 2156 2648 Vens.
2200 2595 2284 2647 15.
2316 2594 2543 2659 Quidam
2584 2594 2793 2663 quidem
2827 2605 2870 2646 et
2925 2604 3137 2661 propter
3168 2593 3424 2646 invidiam
3466 2606 3512 2647 et

1927 2691 2327 2751 contentionem,
2361 2691 2573 2755 quitiam
2601 2699 2772 2740 autem
2808 2697 3020 2755 prapter
3050 2687 3238 2741 bonam
3270 2688 3512 2741 volunta-

1927 2791 2027 2835 tem
2057 2779 2327 2835 Christum
2368 2782 2677 2847 pra’dicnnt.
2734 2780 2866 2835 Cum
2914 2779 3337 2848 comprehensus
3368 2789 3514 2834 esset

1927 2873 2148 2934 Paulus,
2183 2873 2325 2926 haud
2375 2873 2530 2939 pauci
2577 2872 2740 2925 etiam
2792 2871 3088 2925 infidelium
3119 2870 3514 2923 annuntiabant

1925 2966 2224 3029 Christum,
2250 2966 2494 3020 volentes
2517 2965 2580 3017 ad
2614 2965 2870 3032 majorem
2902 2966 3037 3017 iram
3065 2967 3366 3017 accendere
3401 2963 3506 3015 Nc-

1931 3073 2136 3121 ronem,
2190 3067 2249 3111 ut
2301 3071 2364 3112 eo
2419 3059 2653 3111 celerius
2709 3057 2932 3110 Paulum
2981 3073 3009 3110 e
3066 3057 3242 3108 modio
3274 3056 3510 3118 tolleret,

244 3145 703 3211 τασπειρομένου.
733 3145 904 3198 Τοῦτο
938 3140 1030 3198 οὖν
1064 3147 1182 3198 ἐστι
1213 3147 1293 3210 τὸ,
1323 3147 1426 3200 Διά
1465 3149 1688 3215 φθόνον
1723 3149 1821 3202 καὶ
1852 3182 1896 3243 c
1933 3153 2009 3207 vel

1933 3152 2090 3207 veluti
2149 3150 2529 3218 praedicatione
2557 3149 2757 3217 ubique
2788 3161 2882 3215 per
2915 3164 3035 3202 eum
3094 3130 3371 3216 dispersa:
3403 3148 3511 3202 Iloc

252 3235 394 3300 εριν.
440 3237 531 3298 Ἢ,
581 3238 663 3289 ὃτι
704 3237 1027 3306 Βουλόμενοι
1071 3239 1166 3292 καὶ
1205 3239 1358 3293 αὐτοὶ
1408 3241 1690 3309 τιμᾶσοαι,
1729 3245 1821 3294 καὶ

248 3329 504 3397 ὑποσπᾷν
526 3345 577 3382 τι
596 3330 692 3397 τῆς
722 3331 858 3399 ὲμῆς
886 3330 1062 3400 δόξης.
1089 3331 1269 3384 Ἀλλοι
1291 3332 1366 3394 δὲ,
1398 3334 1817 3400 «Διέὐδοκία.ν,›

247 3421 406 3487 φησι,
461 3422 732 3484 τουτέστι,
777 3423 944 3491 χωρὶς
1001 3423 1360 3493 ὑποκρῐσεως,
1409 3427 1502 3477 καὶ
1545 3425 1684 3494 μετὰ
1736 3427 1824 3478 εὑ-

249 3512 459 3574 θεξας⁸⁶
490 3513 734 3582 γνώμης.

320 3695 384 3745 01
408 3693 524 3762 μὲν
560 3693 630 3758 ἐξ
668 3693 922 3761 ἐριθείας
953 3695 1060 3747 τὸν
1090 3696 1347 3764 Χριστὸν
1383 3698 1827 3766 καταγγέλλουσ-

248 3802 378 3848 σιν,
399 3789 511 3853 οὐχ
543 3786 758 3855 ἁγνῶς.
791 3786 1219 3853 Τουτέστιν,οὑκ
1249 3789 1578 3859 εἰλικρινῶς,
1609 3792 1729 3844 οὐδὲ
1762 3793 1828 3844 δι’

247 3878 384 3932 αὐτὸ
417 3880 475 3931 τὸ
508 3879 688 3935 καλόν.

318 3971 587 4038 Οιόμενοι
623 3973 831 4041 θλῖψιν
867 3974 1174 4042 ἐπιφέρειν
1189 3976 1232 4008 ³⁷
1258 3974 1380 4040 τοῖς
1413 3975 1654 4046 δεσμοῖς
1691 3996 1830 4046 μου.

252 4065 606 4131 κομίζοντες,
657 4069 842 4134 φησὶν,
887 4067 1029 4120 οὕτω
1080 4086 1146 4136 με
1184 4071 1263 4132 εἰς
1302 4070 1526 4138 μείζονα
1575 4073 1835 4139 ἐμϐαλεῖν

252 4157 498 4209 κίνδυνον
517 4158 581 4221 ³⁸,
620 4160 713 4212 καὶ
744 4158 920 4227 θλῐψιν
945 4159 1038 4212 ἐπὶ
1073 4161 1251 4230 vitae;
1285 4164 1546 4230 ἐπάγειν
1582 4165 1697 4217 ἀλλ’
1738 4168 1835 4236 οὐχ

252 4246 401 4302 οὕτω
431 4247 712 4317 προϐαίνει
765 4251 949 4311 αὐτοῖς
986 4251 1046 4302 τὸ
1093 4250 1395 4321 τέχνασμα.
1442 4254 1837 4323 Λαμπρότερον

255 4337 371 4406 γὰρ
416 4339 479 4389 ὲκ
511 4335 705 4389 τούτου
741 4339 799 4390 τὸ
825 4340 1085 4408 κήρυγμα
1111 4341 1342 4406 γίνεται,
1376 4342 1470 4394 καὶ
1498 4344 1529 4411 ἡ
1556 4343 1660 4411 ἐμὴ
1695 4344 1838 4413 χαρὰ

256 4429 346 4481 διὰ
379 4429 536 4481 τοῦτο
587 4431 808 4498 μείζων.
863 4429 1049 4501 Ὀρᾷς,
1092 4433 1174 4485 ὅτι
1225 4432 1373 4485 ἐστιν
1414 4434 1574 4505 ἔργον
1609 4437 1834 4500 ποιῆσαι

1927 3246 2068 3298 enim
2101 3254 2183 3298 est
2220 3244 2361 3310 quod
2412 3243 2506 3304 ait,
2556 3242 2655 3295 Per
2705 3242 2952 3294 invidiam
3011 3251 3057 3294 et
3107 3243 3510 3294 contentionem.

1927 3336 2021 3390 Vel
2055 3344 2308 3403 tauquam
2345 3345 2398 3387 et
2438 3335 2534 3402 ipsi
2565 3335 2819 3388 honorari
2873 3334 3159 3392 voluerint.
3205 3344 3364 3401 atque
3404 3333 3503 3385 ali-

1926 3428 2053 3497 quid
2087 3442 2201 3480 mea
2236 3427 2402 3495 gloria
2441 3427 2745 3479 detrahere.
2785 3426 2885 3478 Alii
2921 3435 3099 3477 autem
3169 3427 3268 3478 Per
3317 3425 3510 3477 bonam

1929 3522 2279 3580 voluntatem.
2331 3519 2526 3585 inquit.
2582 3518 2682 3570 hoc
2727 3527 2832 3578 est,
2879 3517 2998 3571 sine
3049 3515 3415 3576 simulatione.
3449 3533 3512 3570 ex

1930 3614 2108 3666 animo
2135 3621 2388 3679 rectaque
2420 3610 2708 3662 sententia.
3151 3675 3160 3680 _

2006 3703 2164 3756 Vens.
2193 3701 2278 3755 16.
2310 3702 2411 3754 Alii
2438 3701 2645 3766 quidem
2670 3717 2733 3754 ex
2766 3701 3100 3754 contentione
3129 3683 3393 3753 Christum
3421 3716 3517 3751 an-

1934 3796 2196 3858 nuntiant,
2254 3811 2355 3846 non
2388 3796 2609 3847 sincere.
2662 3792 2774 3848 Hoc
2821 3802 2922 3859 est,
2974 3808 3080 3847 non
3135 3808 3286 3861 pure,
3343 3806 3517 3860 neque

1935 3896 2152 3952 propter
2187 3886 2357 3954 ipsum
2388 3886 2607 3938 bonum.

2012 3977 2330 4031 Existimant
2369 3993 2668 4044 pressuram
2712 3980 2905 4046 a/ferre
2937 3980 3157 4033 vinculis
3200 3979 3348 4031 meis.
3391 3978 3518 4030 Exi-

1936 4069 2221 4123 stitnantes
2254 4081 2338 4119 me
2368 4067 2466 4119 hoc
2498 4079 2675 4134 pacto,
2715 4069 2911 4135 inquit,
2946 4071 2998 4123 in
3037 4070 3272 4135 pericula
3316 4069 3520 4137 majora

1939 4160 2179 4229 injicere,
2211 4169 2265 4212 et
2298 4157 2641 4212 alllictionem
2672 4158 2947 4213 alllictioni
2981 4161 3252 4213 adducere
3295 4177 3308 4211 :
3336 4175 3519 4210 verum

1938 4262 2166 4306 conatus
2190 4251 2397 4304 illorum
2431 4251 2557 4316 ipsis
2589 4252 2688 4304 hac
2723 4253 2929 4304 ratione
2960 4267 3064 4304 non
3091 4251 3355 4319 procedit.
3386 4251 3520 4304 Nam

1940 4345 2063 4398 inde
2094 4345 2402 4412 praedicatio
2427 4344 2576 4397 verbi
2600 4345 2841 4396 redditur
2865 4345 3198 4409 prznclarior.
3229 4361 3519 4410 meumque

1941 4441 2188 4509 gaudium
2222 4448 2508 4508 propterea
2547 4437 2720 4504 majus
2760 4448 2862 4492 est.
2915 4438 3106 4491 Viden‘
3142 4441 3283 4507 quod
3323 4441 3521 4491 bonum

256 4521 462 4588 ἀγαθὸν
489 4523 588 4575 οὐκ
615 4522 722 4575 ἀπὺ
759 4523 1129 4593 προαιρέσεως
1167 4523 1400 4594 ἀγαθῆς,
1453 4528 1546 4580 καὶ
1576 4529 1637 4579 οὐ
1677 4531 1836 4599 μόνον
1869 4523 1913 4578 D
1939 4548 2006 4599 op

1939 4548 2072 4599 opus
2100 4531 2278 4584 facere
2302 4544 2405 4584 non
2439 4529 2594 4583 liceat
2625 4530 2827 4597 absque
2854 4531 2988 4582 bona
3019 4531 3332 4584 voluntate?
3363 4543 3523 4597 atque

263 4614 454 4684 μισθὸν
482 4614 554 4685 μὴ
583 4614 898 4678 ἀπολαϐεῖν,
928 4616 1063 4670 ἀλλὰ
1095 4616 1190 4670 καὶ
1221 4616 1581 4688 κολασθῆναι;

337 4796 401 4847 Οἱ
423 4795 489 4848 δὲ
512 4795 580 4858 ἐξ
603 4793 862 4864 ἀγάπης,
887 4796 1110 4862 εἰδότες
1144 4799 1232 4851 ὅτι
1253 4801 1342 4863 εις
1372 4800 1706 4869 ἀπολογίαν
1732 4805 1840 4857 τοῦ

259 4890 632 4959 Εὐαγγελίου
674 4890 888 4960 κεῖμαι.
915 4891 1224 4956 Τουτέστιν,
1266 4894 1330 4946 Ol
1364 4893 1420 4946 δὲ
1445 4895 1552 4948 ἀπὸ
1575 4897 1672 4964 τῆς
1704 4898 1841 4965 ἁγά-

265 5000 379 5050 πης
423 4983 524 5051 τῆς
555 4983 635 5046 εἷς
676 5001 734 5036 τε
767 4985 856 5036 τὸν
884 4983 1087 5053 Κύριον
1122 4986 1215 5038 καὶ
1247 4987 1328 5050 εἰς
1375 4987 1497 5056 ἐμὲ,
1536 4989 1838 5058 κηρύττου-

267 5094 376 5138 σιν,
435 5076 634 5139 εἰδότες
688 5078 770 5130 ὅτι
816 5077 1008 5146 λόγους
1063 5079 1239 5148 μέλλω
1286 5080 1508 5148 ποιῆσαι
1564 5082 1705 5152 ὑπὲρ
1745 5083 1839 5135 τοῦ

264 5171 644 5240 κηρύγματος,
665 5171 757 5224 καὶ
774 5172 863 5224 διὰ
877 5171 1036 5225 τοῦτο
1055 5173 1397 5242 συναίρονταί
1418 5192 1506 5242 μοι
1532 5176 1625 5229 τοῦ
1653 5177 1840 5247 ἔργον.

280 5261 408 5317 Ἐὰν
437 5261 545 5330 γὰρ
579 5261 761 5314 πολλοὶ
804 5257 938 5315 ὦσιν
985 5264 1034 5314 οἱ
1076 5263 1154 5332 τῷ
1190 5264 1507 5335 κηρύγματι
1543 5284 1644 5335 μου
1673 5285 1844 5336 προτ-

271 5353 464 5415 ιὸντες,
491 5354 708 5417 εὔκολός
739 5373 826 5423 μοι
862 5357 894 5426 ἡ
921 5356 1182 5422 ἀπολογία
1208 5357 1380 5411 ἔσται.
1444 5356 1537 5421 Εἰς
1566 5358 1722 5412 τοῦτο
1753 5359 1845 5413 οὖν

271 5446 469 5497 ἐκεῖνοι
508 5443 852 5515 συνεργοῦσι,
887 5447 1257 5517 κατηχοῦντες
1289 5449 1536 5512 πολλούς.

1939 4638 2043 4676 non
2086 4623 2257 4675 solum
2288 4627 2590 4678 mercedem
2627 4621 2788 4692 432
2832 4637 2936 4675 non
2966 4623 3205 4690 recipere
3229 4663 3242 4686 ,
3268 4634 3522 4675 etcterum

1940 4729 2091 4783 paena
2113 4713 2274 4766 etiam
2300 4713 2473 4766 allici?

2009 4805 2171 4857 Vens.
2208 4804 2294 4856 Π.
2340 4804 2448 4856 Atii
2486 4813 2660 4856 autem
2690 4818 2755 4856 ea:
2808 4805 3083 4864 rltnritate,
3117 4803 3337 4854 scientes
3382 4803 3524 4872 quod

1940 4893 2007 4946 ad
2032 4892 2307 4961 Evangelii
2340 4893 2688 4961 defensionem
2713 4897 2912 4958 positus
2948 4896 3064 4946 sim.
3106 4893 3214 4948 lloc
3247 4903 3348 4957 est,
3382 4894 3528 4946 Non-

1943 4987 2068 5039 nulli
2091 5001 2153 5039 ex
2179 4986 2444 5039 charilate
2469 5002 2590 5039 cum
2620 5000 2750 5055 erga
2781 4986 3094 5048 Dominum,
3130 4998 3238 5037 tum
3265 5001 3388 5054 erga
3420 5002 3524 5046 mc,

1943 5080 2291 5148 Evangelium
2335 5079 2650 5146 praedicant,
2693 5089 3029 5146 compertum
3075 5078 3337 5131 habentes
3385 5077 3527 5143 quod

1945 5172 2204 5225 rationem
2226 5172 2497 5239 praedicati
2527 5171 2674 5225 verbi
2713 5171 3019 5224 redditurus
3042 5171 3166 5232 sim,
3193 5184 3256 5222 ac
3286 5180 3535 5237 propter-

1945 5277 2004 5316 ca
2061 5263 2187 5315 mihi
2232 5264 2561 5315 auxiliantur
2614 5264 2666 5315 in
2720 5265 2820 5316 hoc
2853 5277 3036 5330 opere.
3090 5261 3146 5315 Si
3182 5263 3325 5312 enim
3373 5261 3527 5314 multi

1949 5355 2148 5410 fuerint.
2182 5358 2502 5411 accedentes
2551 5355 2918 5424 praedicationi
2963 5370 3115 5412 mea).
3170 5354 3343 5407 facilis
3396 5353 3527 5405 mibi

1952 5447 2196 5503 defensio
2235 5450 2352 5501 crit.
2399 5448 2452 5500 ln
2497 5449 2598 5500 boc
2629 5449 2792 5518 igitur
2834 5448 2930 5514 ipsi
2973 5456 3353 5515 cooperantur,
3388 5446 3529 5499 baud

1956 5556 2151 5610 paucos
2182 5541 2544 5596 instituentes.

1632 5678 1826 5739 Vat-ite
1862 5679 2193 5742 lectiones.

351 5799 395 5830 ⁸³
429 5799 828 5870 περισσοτέρως
885 5815 935 5854 o.
1014 5801 1059 5833 ³³
1096 5799 1202 5870 γὰρ
1261 5802 1526 5872 παρεθάῤ.
1563 5823 1610 5858 υ.

1693 5806 1736 5837 ³⁸
1789 5808 1880 5860 ὑπ’
1921 5825 1970 5862 0.

2048 5808 2091 5839 ³⁵
2132 5805 2300 5877 ὀρθῆς
2351 5821 2402 5862 o.
2485 5806 2523 5838 ³⁷
2565 5804 2901 5876 προεφέρειν
2943 5822 2992 5860 υ.
3082 5806 3126 5838 ³⁸
3165 5805 3401 5875 πόλεμον
3433 5819 3487 5858 0.
