4226 6440
198 407 336 468 1153

1008 400 1411 461 EXPOSITIO
1443 403 1523 460 IN
1577 401 1814 460 EPIST.
1855 403 1953 462 AD
1991 405 2318 465 PlIlLlPP.
2345 432 2412 441 —
2444 406 2600 466 CAP.
2644 406 2690 464 Ι.

3318 402 3453 468 115i

192 519 542 585 περιέσονται
577 516 624 566 οἱ
661 513 862 583 ἐχθροί.
895 513 1013 564 Κᾶν
1063 513 1170 580 γὰρ
1207 513 1480 571 κτείνωσι,
1521 513 1639 563 τότε
1690 528 1780 576 μοι
1809 510 1887 569 At

1812 510 1859 569 Α
1886 513 2026 564 enim
2052 516 2384 580 superabunt
2411 517 2611 568 lt05tes.
2641 515 2749 566 Etsi
2780 515 2920 567 cnim
2949 515 3263 576 occiderint,
3286 519 3456 584 major

198 611 400 678 μᾶλλον
425 611 456 676 ἡ
489 607 914 675 ἀνεπαίσχυντος
945 605 1071 669 δόξα
1095 621 1108 634 ο
1132 605 1276 669 ὅμως
1303 603 1402 654 οὐκ
1425 604 1574 654 ἔσται
1593 602 1712 654 οὐδὲ
1734 602 1777 632 δ’

191 703 355 752 τοῦτο
385 699 590 759 αὐτοῖς.

285 876 443 929 Ἀλλ’
507 875 577 926 ἐν
653 874 822 938 πάσῃ
890 872 1195 940 παρρησίᾳ
1259 868 1779 938 μεγαλυνθήσεται

198 969 453 1034 Χριστὸς
490 967 558 1018 ἐν
595 964 671 1029 τῷ
695 964 922 1032 σώματί
953 981 1093 1030 μου,
1145 963 1263 1015 εἶτε
1330 961 1428 1013 διὰ
1461 960 1627 1026 ζωῆς,
1660 962 1780 1012 εἴτε

193 1060 296 1111 διὰ
344 1058 628 1112 θανάτου.
667 1058 895 1108 Ἐκεῖνοι
947 1055 1063 1124 μὲν,
1119 1055 1270 1121 φησὶ,
1314 1053 1401 1104 διὰ
1451 1052 1545 1103 τοῦ
1599 1052 1779 1104 αὐτῶν

192 1151 350 1202 δόλου
386 1150 647 1220 ᾠήθησαν
680 1151 759 1212 εἰς
789 1147 1068 1207 κινδύνους
1099 1146 1194 1198 καὶ
1242 1143 1471 1196 θάνατόν
1507 1161 1570 1212 με
1606 1144 1775 1211 ἐμϐα-

193 1243 310 1294 λεῖν
331 1259 345 1273 °
382 1244 442 1294 οὐ
476 1242 821 1311 προχωρήσει
851 1239 907 1291 δὲ
943 1239 1124 1299 αὐτοῖς
1153 1236 1213 1288 τὸ
1248 1236 1589 1304 σπούδασμα,
1616 1237 1779 1289 ’.ἁλλ’

192 1336 267 1386 ἐν
306 1336 471 1401 πάσῃ
538 1336 861 1401 παρρησίᾳ,
900 1331 1148 1382 τουτέστι
1198 1328 1443 1398 φανερῶς
1489 1345 1581 1380 και
1621 1330 1781 1380 ἀναν-

193 1428 490 1496 τιρρήτως,
520 1425 1044 1494 μεγαλυνθήσεται
1076 1426 1326 1492 Χριστὸς
1348 1426 1417 1477 ἐν
1445 1423 1522 1490 τῷ
1553 1425 1782 1493 σώμαι-ἰ

187 1538 314 1587 μου
337 1537 349 1550 ο
389 1520 654 1579 τουτέστι,
691 1519 896 1581 Ζῶντός
933 1537 1056 1587 μου,
1093 1521 1186 1571 καὶ
1217 1518 1273 1569 τὸ
1305 1516 1463 1586 σῶμα
1491 1519 1648 1569 τοῦτο
1681 1533 1778 1568 πε-

195 1613 542 1680 ριφέροντος’
593 1611 653 1663 οὐ
706 1613 814 1677 γὰρ
869 1611 1266 1678 ἀποθανοῦμαι.
1302 1610 1419 1662 Ἵνα
1455 1610 1509 1660 δὲ
1576 1611 1648 1678 μή
1699 1627 1779 1671 τις

195 1705 348 1772 εἴπῃ·
379 1703 440 1753 Τί
468 1701 591 1766 οῦν;
630 1702 753 1754 Ἐὰν
777 1704 840 1755 σὺ
858 1701 1153 1772 ἀποθάνῃς,
1182 1701 1240 1752 ού
1270 1701 1736 1771 μεγαλυνθήσεται
1761 1719 1774 1766 ;

193 1783 422 1861 ἐπάγει,
450 1797 531 1847 ὅτι
575 1796 681 1848 Καὶ
711 1795 795 1846 διὰ
823 1793 914 1845 τοῦ
949 1794 1176 1846 θανάτου
1203 1796 1301 1862 μὲν
1328 1793 1420 1845 τοῦ
1450 1793 1581 1863 ἐμοῦ
1610 1812 1776 1863 μεγα-

193 1886 542 1957 λυνθήσεται,
583 1888 662 1939 ὅτι
718 1905 784 1956 με
843 1887 934 1938 καὶ
985 1885 1078 1938 τοῦ
1134 1887 1366 1937 θανάτου
1423 1887 1776 1956 ἰσχυρότερον

193 1980 422 2048 ἐποίησε
447 1995 458 2008 ·
498 1979 636 2048 πλὴν
665 1979 800 2041 τέως
831 1978 916 2030 διὰ
950 1979 1045 2044 τῆς
1073 1977 1216 2046 ζωῆς
1247 1976 1363 2042 νῦν,
1392 1979 1472 2029 ὅτι
1504 1979 1708 2044 ταύτην
1731 1978 1775 2007 ³³

195 2086 288 2136 μοι
331 2069 620 2137 ἐχαρίσατο
662 2068 974 2136 ἐξελόμενος
1019 2065 1128 2117 τῶν
1180 2065 1464 2117 κινδύνων.
1513 2066 1678 2130 Λέγει
1719 2065 1774 2117 δὲ

192 2163 326 2230 περὶ
369 2161 460 2212 τοῦ
510 2162 764 2225 Θανάτου,
810 2161 905 2229 οὐχ
952 2159 1027 2221 ὡς
1070 2157 1273 2220 εὐθέως
1311 2158 1771 2227 ἀποθανούμενος,

343 2254 446 2314 ἵνα,
480 2253 527 2304 εί
554 2254 646 2304 καὶ
674 2252 921 2320 γένηται,
951 2252 1025 2319 μὴ
1046 2247 1362 2318 ταραχοὼσι
1387 2263 1399 2275 ·
1431 2249 1638 2320 σφόδρα
1668 2251 1774 2319 γὰρ

189 2346 362 2396 αὑτοῦ
392 2362 451 2395 πε
463 2344 744 2413 ριείχοντο.

281 2438 443 2505 Ἐμοὶ
477 2438 583 2506 γὰρ
612 2439 674 2491 τὸ
702 2435 827 2504 ζῇν,
869 2437 1141 2504 Χριστὸς,
1183 2440 1281 2493 καί
1311 2439 1395 2492 ’τὸ
1427 2436 1772 2502 ἀποθανεῖν,

193 2525 435 2594 κέρδος.
469 2528 754 2590 Τουτέστι,
782 2529 988 2593 Καινήν
1015 2544 1136 2580 τινα
1163 2529 1306 2597 ζωὴν
1337 2527 1434 2591 ζῶ,
1467 2528 1561 2579 καὶ
1591 2530 1618 2579 ὁ
1642 2529 1772 2594 Χρι-

193 2619 322 2680 στός
361 2620 448 2688 μοί
491 2622 603 2671 ἐστι
653 2620 720 2670 τὰ
755 2619 949 2682 πάντα,
987 2621 1080 2671 καὶ
1132 2622 1292 2689 πνοὴ,
1342 2621 1440 2671 καὶ
1488 2619 1625 2688 ζωὴ,
1679 2621 1774 2670 καὶ

192 2711 333 2778 φῶς.
368 2712 441 2762 Τὸ
471 2712 577 2780 γὰρ
612 2712 706 2780 τῆς
739 2710 883 2780 ζωῆς
917 2712 1090 2780 δνομα
1125 2713 1382 2782 σημαίνει
1410 2714 1508 2781 μὲν
1553 2716 1646 2763 καί
1676 2713 1774 2781 τὴν

193 2805 434 2873 φυσικὴν
463 2805 608 2872 ζωὴν
643 2806 774 2872 (Ἐν
799 2804 958 2869 αὐτῷ
983 2806 1110 2874 γὰρ,
1139 2806 1294 2875 φησὶ,
1339 2804 1523 2875 ζὼμυν
1557 2807 1655 2858 καὶ
1687 2824 1772 2859 κι-

190 2897 512 2965 νούμεθα)·
549 2897 800 2966 σημαίνει
828 2899 883 2951 δὲ
936 2898 1029 2950 καὶ
1067 2899 1166 2968 τὴν
1199 2902 1297 2966 τῆς
1350 2900 1655 2968 ἁμαρτίας⁶
1699 2899 1775 2962 ὡς

189 2991 324 3040 ὅταν
357 2989 489 3060 λέγῃ
512 3005 523 3016 ·
553 2991 780 3055 Οῖτινες
808 2990 1186 3059 ἀπεθάνομεν
1218 2991 1290 3058 τῇ
1327 2993 1598 3060 ἁμαρτίᾳ,
1650 2993 1774 3057 πῶς

193 3080 281 3132 ἑτι
313 3081 570 3150 ζήσομεν
590 3085 658 3136 ἐν
683 3084 875 3151 αὑτῇ;
908 3085 1164 3153 σημαίνει
1188 3084 1244 3136 δὲ
1274 3087 1369 3138 καὶ
1401 3086 1496 3153 τὴν
1533 3085 1771 3148 αἰώνιον,

195 3171 319 3240 ἤτοι
362 3175 463 3240 τὴν
505 3177 644 3226 κατα
681 3175 949 3241 Χριστόν·
986 3175 1082 3236 ὡς,
1121 3175 1190 3227 Τὸ
1235 3173 1404 3241 ἡμῶν
1442 3176 1774 3242 πολίτευμα

189 3265 264 3316 ἐν
333 3264 608 3330 οὐρανοῖς
655 3264 930 3332 ὑπάρχει.
998 3264 1265 3318 Ἐνταῦθα
1318 3265 1496 3317 τοίνυν
1555 3268 1613 3318 ού
1675 3267 1772 3336 τὴν

195 3357 434 3425 ᾳυσικὴν
477 3357 621 3423 ζωὴν
669 3358 912 3426 ἀρνεῖται
955 3359 981 3409 ὁ
1033 3356 1264 3422 Παῦλος,
1308 3357 1444 3410 ἀλλὰ
1472 3359 1569 3428 τὴν
1615 3362 1671 3410 ὲν
1705 3361 1770 3429 τῇ

195 3447 462 3517 ἁμαρτίᾳ,
517 3450 614 3516 τὴν
663 3448 1034 3517 προσέχουσαν
1081 3451 1145 3518 τῇ
1198 3451 1437 3518 κοσμικῇ
1499 3449 1768 3519 ἁπάτῃδθ.

196 3539 306 3592 Τὸν
331 3540 561 3608 Χριστὸν
587 3539 642 3591 δὲ
670 3538 920 3608 ὁμολογεῖ
939 3533 1077 3592 εἶναι
1098 3537 1201 3608 [ὲν]
1223 3538 1371 3607 αὐτῷ
1403 3539 1566 3607 ζωὴν,
1585 3540 1771 3607 ὥσπερ

194 3632 293 3685 οὖν
315 3633 407 3684 καὶ
432 3631 663 3699 ἀλλαχοῦ
691 3647 853 3698 φησιν
872 3646 885 3659 ⁸
926 3633 1028 3683 Ἐν
1046 3633 1246 3684 πίστει
1280 3629 1359 3694 ζῶ
1383 3629 1453 3698 τῇ
1486 3632 1591 3684 τοῦ
1641 3632 1772 3684 Υιοῦ

197 3722 305 3777 τοῦ
341 3723 508 3778 Θεοῦ.
541 3752 610 3762 —
654 3726 724 3775 Τὸ
749 3723 805 3776 δὲ
834 3721 1180 3784 ἀποθανεῖν,
1218 3721 1448 3787 κέρδος,
1482 3724 1560 3773 ὅτι
1598 3721 1768 3788 αὐτῷ,

199 3815 354 3883 φησὶ,
396 3815 515 3866 τότε
545 3816 876 3882 σαφέστερον
903 3813 1224 3881 συνέσομαι.
1259 3813 1422 3864 Ὥστε
1453 3813 1645 3882 κέρδος
1682 3832 1772 3881 μοι

198 3908 626 3977 προξενήσουσιν
671 3908 717 3957 oi
750 3907 845 3971 τῆς
890 3907 945 3956 ὲν
974 3905 1051 3973 τῷ
1101 3905 1291 3973 κόσμῳ
1338 3905 1482 3972 ζωῆς
1518 3906 1771 3958 ἐκϐαλεῖν

199 3999 542 4060 σπεύδοντες,
590 3997 666 4066 τῷ
713 3996 952 4068 Χριστῷ,
999 3997 1057 4059 ὃς
1088 4000 1234 4049 ἐστιν
1263 3998 1371 4066 ἐμὴ
1425 3997 1560 4066 ζωὴ,
1597 4015 1773 4068 παρα-

201 4093 265 4145 πέ
277 4091 510 4161 μποντές
543 4107 629 4158 με.

275 4191 343 4242 El
386 4187 453 4239 δὲ
484 4187 550 4238 τὸ
581 4185 688 4252 ζῇν
717 4184 918 4253 σαρκὶ,
948 4184 1126 4238 τοῦτό
1162 4200 1264 4252 μοι
1296 4184 1523 4251 καρπὸς
1570 4186 1770 4252 ἔργου,

200 4282 299 4334 καὶ
340 4282 396 4332 τί
445 4279 762 4348 αἱρήσομαι
809 4280 879 4330 οὺ
927 4275 1200 4345 γνωρίζω.
1253 4275 1369 4328 Ἵνα
1419 4276 1493 4344 μὴ
1546 4276 1772 4344 νομίσῃς

199 4372 504 4425 διαϐάλλειν
531 4372 692 4424 αὑτὸν
718 4370 816 4438 τὴν
841 4369 1122 4438 παροῦσαν
1153 4368 1320 4437 ζωὴν,
1369 4369 1560 4436 φησίν·
1595 4371 1660 4420 ει
1705 4367 1774 4418 δὲ

201 4466 268 4518 τὸ
297 4462 404 4532 ζῇν
443 4464 511 4516 ἐν
552 4462 754 4530 σαρκὶ,
796 4461 972 4514 τοῦτό
986 4477 1088 4528 μοι
1126 4460 1353 4527 καρπὸς
1377 4461 1587 4525 ἔργουο
1618 4475 1773 4510 τουτ-

203 4559 371 4617 ἐστιν,
403 4552 566 4607 Εἶπον
618 4555 715 4622 μὲν
775 4555 856 4606 ὅτι
904 4553 1096 4620 κέρδος
1131 4568 1221 4619 μοι
1276 4553 1337 4604 τδ
1385 4553 1583 4616 Θανεῖν,
1636 4551 1774 4619 πλὴν
1806 4578 1848 4631 D

201 4645 392 4714 ἐπειδὴ
440 4645 533 4697 καὶ
596 4645 656 4695 τὸ
714 4642 814 4712 ζῇν
867 4644 924 4693 ὲν
983 4642 1149 4710 σαρκὶ
1209 4642 1308 4694 οὐκ
1375 4641 1624 4711 ἄκαρπόν
1685 4641 1772 4710 μοι

203 4741 321 4790 ἐστι
386 4734 756 4806 (καρποφορῶ
823 4734 952 4803 γὰρ,
1019 4732 1286 4785 διδάσκων
1358 4733 1451 4785 καὶ
1523 4731 1772 4799 φωτίζων

204 4830 471 4896 πάντας),
518 4829 619 4880 οὐκ
686 4823 802 4879 οῖδα
872 4827 924 4877 τί
989 4826 1307 4895 αἱρήσομαι.
1388 4823 1650 4876 Ἐνταῦθα
1717 4823 1774 4876 δὲ

207 4920 536 4988 φράττονται
566 4917 658 4970 καὶ
695 4916 805 4969 τῶν
839 4915 936 4986 τὴν
963 4917 1242 4985 παροῦσαν
1274 4916 1420 4986 ζωὴν
1459 4913 1776 4968 διαϐαλλόν-

205 5027 315 5064 των
369 5010 662 5080 αἱρετικῶν
710 5011 779 5063 τὰ
831 5009 1108 5078 στόματα·
1142 5007 1235 5060 καὶ
1293 5009 1399 5076 γὰρ
1445 5007 1505 5059 οὑ
1563 5008 1777 5078 πονηρά

207 5107 377 5168 ἐστιν,
410 5105 460 5154 εἰ
505 5119 566 5170 γε
592 5104 836 5173 καρποὺς
878 5103 1010 5172 ἡμῖν
1041 5100 1273 5154 δίδωσιν.
1317 5100 1478 5152 Ὥστε
1509 5101 1607 5169 οὐχ
1635 5099 1773 5170 αῦτη

207 5190 378 5254 αἰτία,
406 5190 521 5245 ἀλλ’
549 5192 582 5261 ὴ
615 5190 930 5262 προαίρεσις
956 5190 1063 5242 τῶν
1089 5190 1274 5253 κακῶς
1293 5191 1591 5260 χρωμένων
1612 5191 1773 5259 αὐτῇ.

207 5285 320 5338 Καὶ
349 5286 647 5354 μυστήριον
675 5284 730 5336 δέ
760 5301 812 5336 τι
835 5281 1254 5346 ἀποκαλύπτων,
1277 5281 1547 5335 δείκνυσιν
1581 5283 1772 5334 ἑαυτὸν

207 5375 398 5447 κύριον
430 5377 557 5428 δντα
597 5374 690 5427 τοῦ
718 5375 817 5446 ζῇν
845 5374 1048 5428 καὶτοῦ
1080 5375 1389 5430 ἀποθανεῖν.
1421 5375 1482 5426 Et
1508 5375 1615 5444 γὰρ
1647 5375 1771 5444 βου-

205 5467 422 5538 λοίμην,
454 5467 639 5536 φησὶν,
687 5465 1014 5536 αἰτήσασθαι
1051 5466 1142 5518 τὸν
1187 5465 1340 5530 Θεὸν,
1387 5464 1546 5517 δώσει
1579 5464 1769 5534 χάρινο

348 5602 375 5629 ἰ
414 5603 534 5656 Act.
603 5617 734 5668 xvn,
773 5602 861 5658 28.
1007 5610 1036 5640 '
1068 5603 1223 5656 Rom.
1269 5617 1340 5668 vr,
1365 5604 1420 5657 2.

1537 5617 1562 5645 ι
1598 5604 1756 5659 Rom.
1797 5617 1880 5674 ιιι,
1931 5603 2022 5658 20.

1882 604 2012 656 mihi
2055 606 2236 672 potius
2279 606 2401 656 inde
2440 607 2610 673 gloria
2643 617 2869 667 creSt-ct,
2907 622 3022 672 quae
3065 607 3210 657 nullo
3244 623 3325 659 me
3357 625 3453 674 pu-

1881 697 2012 748 dore
2052 713 2226 765 neque
2257 699 2546 764 iglltlltttlti-t
2582 698 2798 751 allicit-t.
2830 701 3081 750 Attamen
3114 714 3286 765 neque
3316 701 3455 752 istud

1810 777 1814 781 ⁴
1881 789 2095 854 quidem
2125 789 2229 840 illis
2257 788 2492 839 dahitnr.

1953 877 2058 930 Sed
2117 882 2167 930 in
2219 880 2365 930 omni
2417 880 2612 943 ﬁducia
2665 883 3092 948 magniﬁcalvitur
3139 885 3191 935 in
3243 899 3459 951 corpore

1883 985 1996 1022 meo
2025 969 2288 1036 Christus,
2325 973 2431 1023 sive
2463 988 2553 1038 per
2585 974 2762 1031 citam,
2820 977 2924 1026 sire
2969 992 3060 1039 per
3089 987 3319 1028 mortem.
3358 976 3459 1037 Illi,

1886 1061 2077 1129 inquit,
2129 1063 2249 1114 dolo
2290 1079 2388 1116 suo
2433 1074 2686 1132 putarunt
2738 1081 2855 1118 sese
2909 1083 2992 1117 me
3027 1068 3076 1118 in
3115 1069 3350 1133 pericula
3407 1078 3462 1119 et

1883 1163 2110 1207 mortem
2138 1155 2479 1223 coiijecturos
2511 1173 2523 1206 :
2562 1171 2664 1207 non
2695 1157 2948 1208 sui-cedet
2978 1168 3154 1210 autem
3183 1158 3264 1210 eis
3295 1173 3464 1210 ροηδ-

1883 1253 1992 1306 tus,
2026 1247 2118 1298 sed
2155 1247 2206 1296 in
2240 1247 2378 1296 omni
2426 1246 2643 1312 ﬁducia,
2676 1248 2773 1298 hoc
2802 1257 2905 1308 cst,
2942 1247 3110 1312 palam
3144 1259 3198 1298 et
3239 1249 3461 1299 irrcfra-

1883 1335 2125 1402 gahilitcr
2173 1338 2594 1403 magni/imbitur
2642 1337 2888 1391 Christus
2933 1339 2984 1387 in
3049 1353 3262 1402 corpore
3311 1354 3455 1392 meo:

1885 1429 1983 1480 hoc
2014 1437 2117 1490 est,
2153 1432 2418 1496 tantisper
2457 1432 2581 1482 dum
2621 1433 2757 1492 vivo,
2795 1445 2994 1498 corpus
3030 1431 3128 1481 hoc
3163 1429 3456 1481 circumic-

1884 1534 2009 1572 rens
2037 1536 2049 1572 :
2084 1535 2187 1572 non
2219 1523 2361 1572 enim
2405 1526 2626 1575 moriar.
2659 1521 2734 1576 Ne
2760 1535 2935 1577 autem
2973 1526 3259 1590 quisquam
3293 1528 3456 1586 dicat,

1883 1611 2018 1676 Quid
2053 1615 2248 1681 igitur?
2288 1615 2332 1667 si
2373 1626 2424 1667 tu
2459 1616 2712 1677 moriare,
2765 1632 2868 1669 non
2905 1618 3218 1682 magniﬁci?
3250 1617 3410 1669 inl'crt
3442 1634 3457 1670 :

1884 1703 1992 1758 luto
2017 1717 2067 1758 et
2101 1722 2193 1774 per
2222 1717 2447 1759 mortem
2481 1723 2650 1759 lttt‘aill
2683 1709 2981 1774 nmgniliet,
3016 1711 3138 1775 quia
3176 1721 3348 1763 morte
3379 1726 3462 1764 me

1885 1797 2162 1852 fortiorem
2214 1799 2339 1852 fecit
2388 1817 2401 1852 :
2451 1813 2820 1852 verumtamen
2875 1803 3090 1853 interim
3147 1817 3242 1868 per
3297 1805 3459 1855 vitam

1812 1863 1853 1920 Β
1890 1906 2062 1943 mcam
2099 1892 2453 1956 gloriﬁcatur,
2491 1893 2741 1955 quoniam
2791 1894 2926 1944 hanc
2979 1893 3107 1943 mihi
3156 1893 3398 1958 donavit,
3433 1909 3462 1946 e

1887 1985 2136 2052 periculis
2180 1999 2400 2037 eruens.
2454 1982 2526 2036 Ue
2569 1994 2741 2034 morte
2806 1994 2984 2036 autem
3035 1985 3304 2051 loquitur,
3355 2001 3458 2040 non

1884 2075 2045 2127 veluti
2073 2075 2252 2127 statim
2285 2077 2600 2135 moriturus,
2639 2093 2823 2127 verum
2867 2084 2921 2128 ut
2969 2078 3174 2130 etiarnsi
3208 2078 3322 2139 ﬁat,
3357 2095 3459 2132 non

1887 2167 2210 2220 turbentur:
2248 2166 2592 2220 vehementer
2633 2168 2774 2219 enim
2813 2182 2935 2220 cum
2972 2173 3454 2235 amplectebantur.

1957 2437 2117 2491 Vens.
2171 2437 2261 2492 21.
2310 2436 2440 2490 Mihi
2473 2437 2607 2489 enim
2641 2437 2799 2490 virere
2823 2437 3062 2491 Christus
3111 2449 3207 2500 est,
3238 2451 3283 2491 et
3328 2441 3462 2493 mori

1884 2531 2107 2583 lucrum.
2144 2529 2252 2582 Hoc
2299 2540 2403 2592 est,
2453 2529 2657 2582 Novam
2707 2533 2991 2597 quamdam
3043 2534 3204 2582 vitam
3235 2535 3374 2594 vivo,
3410 2543 3463 2586 et

1881 2622 2130 2676 Christus
2165 2632 2250 2676 est
2284 2621 2413 2674 mihi
2458 2623 2658 2684 omnia,
2685 2631 2737 2674 et
2778 2622 3021 2689 Spiritus,
3050 2634 3102 2674 et
3140 2626 3268 2685 vita,
3299 2635 3352 2675 et
3383 2626 3461 2675 ln-

1884 2731 2026 2767 men.
2066 2713 2198 2766 Vitae
2244 2716 2386 2766 enim
2419 2727 2614 2765 nomen
2645 2715 2947 2766 naturalem
2985 2716 3145 2768 etiam
3184 2718 3344 2768 \itam
3388 2721 3462 2769 si-

1883 2805 2098 2874 gnificat
2130 2820 2142 2856 :
2185 2801 2322 2855 Nam
2364 2805 2417 2854 in
2449 2803 2582 2870 ipso,
2611 2801 2803 2870 inquit,
2838 2812 2884 2853 et
2924 2805 3160 2865 vit-imus,
3195 2815 3240 2854 et
3293 2821 3437 2856 move

1883 2915 1998 2951 mur
2033 2911 2082 2951 ιι.
2107 2896 2388 2966 Signiﬁcat
2414 2899 2577 2950 etiam
2611 2898 2772 2947 vitam
2798 2896 2848 2947 in
2875 2896 3132 2963 peccatis,
3162 2908 3215 2947 ut
3235 2913 3353 2949 cum
3381 2899 3461 2950 di-

1881 2993 1976 3055 cit,
2011 2991 2113 3056 Qui
2146 2994 2334 3042 mortui
2359 3006 2540 3041 sumus
2569 2999 2800 3059 peccato,
2835 2990 3094 3056 quomodo
3126 2991 3298 3042 adhuc
3323 2991 3458 3043 vive-

1881 3101 1998 3137 mus
2032 3085 2086 3134 in
2120 3082 2308 3148 ipso'?
2333 3083 2611 3151 Signiﬁcat
2642 3093 2694 3135 et
2724 3086 2887 3133 vitam
2913 3085 3316 3149 sempiternam.
3344 3083 3460 3138 sive

1882 3191 1999 3230 eam
2031 3191 2151 3244 qua:
2189 3175 2480 3229 secundum
2516 3174 2793 3227 Christum
2825 3183 2950 3225 est:
2990 3186 3066 3235 nt,
3113 3161 3452 3228 Conversatto

1884 3279 2063 3322 nostra
2120 3269 2173 3320 in
2223 3268 2364 3319 caelis
2413 3278 2486 3318 est
2515 3275 2561 3318 ι.
2599 3265 2693 3318 llic
2748 3267 2908 3330 igitur
2952 3266 3249 3318 naturalem
3293 3270 3457 3319 vitam

1881 3359 2079 3413 Paulus
2122 3375 2224 3412 non
2260 3360 2451 3424 rejicit,
2500 3357 2593 3410 sed
2641 3357 2802 3408 vitam
2843 3372 2960 3423 ψιςε
3017 3367 3237 3422 peccato
3274 3357 3456 3410 dedita

1880 3465 1981 3514 eat,
2009 3452 2168 3520 hujus
2204 3450 2384 3503 mundi
2423 3451 2729 3516 itnposturar
2755 3451 3142 3502 attendentem.
3179 3448 3456 3503 Christum

1883 3556 2061 3598 autem
2091 3546 2381 3597 conﬁtetur
2405 3542 2504 3594 sibi
2543 3557 2661 3594 esse
2691 3540 2878 3603 vitam,
2921 3541 3372 3607 quemadmodum
3402 3553 3459 3595 et

1881 3637 1984 3689 alio
2013 3637 2063 3688 in
2099 3635 2214 3687 loco
2245 3633 2374 3686 dicit
2414 3651 2426 3684 :
2470 3632 2532 3683 In
2565 3632 2668 3697 ﬁde
2707 3632 2814 3683 viro
2841 3628 2964 3683 Filii
2996 3629 3087 3682 Dei
3115 3640 3164 3681 γ.
3202 3629 3333 3683 Mori
3359 3647 3457 3683 au-

1883 3737 1988 3780 tem
2024 3726 2227 3779 lucrum
2259 3735 2363 3786 est,
2396 3725 2520 3792 quia
2546 3733 2673 3776 tunc
2707 3724 2948 3790 apertius
2972 3705 3099 3776 cuni
3131 3727 3244 3791 ipso
3269 3740 3454 3778 versi-

1883 3817 1998 3870 Lor.
2023 3815 2252 3869 Lucrum
2291 3815 2470 3881 itaque
2495 3814 2622 3866 mihi
2651 3813 2989 3882 praebebunt,
3025 3815 3347 3868 festinantes
3371 3829 3455 3868 me

1880 3921 1944 3960 ex
1977 3908 2134 3975 hujus
2182 3905 2364 3958 mundi
2420 3907 2524 3956 vita
2568 3903 2787 3972 ejicere,
2833 3903 3070 3970 Christo,
3112 3909 3314 3973 quiest
3349 3906 3453 3957 vita

1882 4014 2022 4062 mea,
2053 4011 2135 4049 inc
2166 3997 2480 4064 allegantes.

1951 4179 2113 4232 Vens.
2145 4178 2236 4230 22.
2260 4175 2314 4231 Si
2335 4186 2504 4228 autem
2527 4177 2689 4228 vitwe
2725 4177 2775 4226 in
2806 4191 2982 4238 carne,
3011 4175 3105 4227 hoc
3136 4174 3300 4247 434
3328 4176 3455 4228 milii

1881 4273 2083 4339 fructus
2111 4280 2185 4323 est
2219 4272 2410 4330 operis,
2447 4279 2488 4320 et
2526 4269 2648 4335 quid
2682 4267 2893 4334 eligam,
2923 4269 3123 4335 ignoro.
3160 4269 3234 4320 δε
3265 4270 3454 4322 existi-

1882 4381 1992 4419 mes
2028 4366 2201 4432 ipsum
2238 4371 2554 4427 przesentem
2590 4362 2751 4410 vitam
2789 4361 3202 4426 rcprehenlere,
3244 4362 3449 4429 inquit:

1882 4455 1937 4508 Si
1966 4457 2127 4508 vivere
2168 4456 2220 4504 in
2253 4468 2430 4512 carne,
2472 4452 2567 4502 hoc
2599 4451 2723 4500 mihi
2769 4449 2968 4515 fructus
3004 4459 3080 4502 est
3131 4453 3320 4516 operis,
3353 4453 3454 4505 hoc

1880 4558 1982 4612 est,
2020 4547 2136 4599 Dixi
2182 4546 2396 4614 quidem
2446 4544 2652 4596 lucrum
2694 4557 2812 4595 esse
2863 4543 3023 4604 mori,
3080 4553 3448 4596 verumtamen

1881 4649 2162 4708 postquam
2199 4637 2377 4690 vivere
2410 4637 2460 4688 in
2484 4650 2646 4688 carne
2669 4649 2773 4687 non
2812 4636 2879 4687 sit
2911 4634 3282 4704 infrugiieruni
3317 4638 3447 4689 mihi

1882 4731 2144 4802 (fructum
2173 4730 2314 4781 enim
2346 4726 2481 4792 iero,
2510 4725 2709 4779 docens
2755 4725 3172 4794 illuminansque
3202 4728 3446 4795 omnes),

1883 4838 1988 4876 non
2019 4821 2137 4873 novi
2178 4819 2303 4888 quid
2344 4818 2558 4888 eligam.
2593 4816 2690 4870 llic
2720 4825 2896 4869 autem
2927 4818 3279 4870 obstruuntur
3311 4833 3448 4885 prte-

1882 4923 2086 4967 sentem
2117 4912 2277 4964 vitam
2306 4909 2748 4964 calumniantium
2772 4908 3144 4961 haereticorum
3167 4923 3258 4961 ora
3285 4925 3299 4960 :
3325 4925 3446 4962 nam

1884 5020 1986 5058 non
2035 5013 2117 5057 est
2162 5017 2347 5071 prava,
2387 5016 2506 5055 cum
2544 5001 2752 5054 fructus
2788 5001 2942 5054 nobis
2979 5002 3267 5067 impertiat.
3301 5001 3448 5065 Quo-

1882 5097 2021 5150 circa
2070 5094 2182 5162 ipsa
2239 5107 2345 5145 non
2385 5101 2466 5145 est
2514 5106 2703 5151 causa,
2737 5093 2828 5144 sed
2876 5091 3121 5142 voluntas
3170 5092 3309 5142 male
3359 5091 3446 5143 illa

1883 5190 2164 5242 utentium.
2223 5187 2412 5250 Porro,
2472 5184 2785 5253 mysterium
2846 5183 3113 5250 quoddam
3176 5181 3444 5242 revelans,

1886 5282 2083 5334 indicat
2123 5293 2183 5332 se
2229 5293 2348 5333 esse
2389 5277 2663 5330 dominum
2717 5277 2839 5327 vitae
2881 5274 3218 5340 mortisque:
3250 5289 3370 5325 nam
3402 5275 3446 5325 si

1881 5373 2060 5436 velim,
2093 5372 2286 5438 inquit,
2323 5369 2423 5422 hoc
2450 5383 2514 5421 ex
2549 5368 2654 5420 Deo
2686 5378 2885 5431 petere,
2919 5368 3334 5435 dahitgratiam.
3368 5365 3447 5419 Ex

1887 5466 1986 5519 hoc
2039 5478 2168 5532 ergo
2224 5461 2429 5515 debetis
2489 5460 2917 5515 consolationem
2975 5461 3249 5528 accipere,
3302 5459 3445 5529 quod

2101 5611 2129 5651 1
2161 5600 2335 5656 Galat.
2371 5615 2430 5668 ιι,
2459 5598 2550 5656 29.

1548 5718 1753 5779 Varia)
1795 5718 2130 5783 lectiones.

277 5814 324 5846 "
352 5814 504 5868 οὐδὲν
539 5831 590 5872 o.
670 5818 726 5874 “.
744 5819 917 5874 πάντα
954 5831 1004 5873 ο.
1083 5818 1129 5850 ⁸⁵
1157 5817 1345 5890 ἀγάπῃ
1375 5835 1426 5874 ο.
