4226 6440
784 396 927 458 ’1163

1664 395 2237 457 THEOPHYLACTI
2284 397 2691 457 BULGARHE
2736 400 3088 461 ARCIIIEP.

3898 404 4041 465 ιιει

787 506 1047 575 rapuerit,
1100 506 1285 559 metuit
1331 505 1601 573 deponere
1638 506 1785 572 illud,
1844 522 1909 560 ne
1955 507 2190 567 amittat,
2222 513 2404 569 tau-1

2456 508 2595 577 ϐήθη
2630 512 2936 581 καταϐῆναι
2966 512 3059 565 τοῦ
3098 512 3300 567 οἰκείου
3324 516 3657 587 ἀξιώματος,
3696 518 3815 570 δι“ὂ
3848 518 3894 548 ⁷⁸
3935 521 4045 570 οὖν

783 614 944 663 quam
990 599 1158 666 ipsius
1197 611 1299 650 non
1350 598 1440 650 sil.
1488 596 1583 650 Sin
1616 599 1908 667 quiduuam
1960 612 1989 649 a
2020 608 2209 649 natura
2254 598 2349 649 ha-

788 690 930 750 heat,
989 689 1140 742 facile
1175 687 1303 741 illud
1348 698 1691 754 aspernatur,
1728 687 1905 742 sciens
1935 688 1986 742 id
2049 704 2107 742 se
2153 689 2349 743 habere

785 785 929 849 quod
962 781 1130 835 amitti
1164 791 1428 849 nequeat;
1456 791 1509 835 et
1552 782 1593 835 si
1631 781 1897 847 deponere
1928 782 2189 845 videatur,
2224 796 2347 834 rur-

784 889 900 926 sum
940 875 1110 940 ipsmn
1143 873 1387 942 recipiet.
1410 875 1498 925 Ait
1523 886 1684 940 ergo:
1708 870 1876 926 Filius
1907 871 1999 925 Dei
2026 886 2129 924 non
2154 872 2345 925 metuit

2452 596 2597 667 εἶχεν
2621 600 2680 663 ἐξ
2702 603 2962 672 ἁρπαγῆς
2986 605 3144 657 τοῦτο
3165 607 3231 666 τ’,
3267 611 3409 675 φημὶ
3434 607 3497 678 δὴ
3518 609 3599 672 τὸ,
3637 610 3698 661 τὸ
3736 605 3887 661 εἶναι
3916 604 4046 671 ἶσος

2449 691 2527 761 τῷ
2558 691 2674 757 Θεῷ
2706 696 2798 746 καὶ
2850 696 3045 764 “arpi,
3109 698 3245 750 ἀλλὰ
3306 701 3534 766 φυσικὸν
3588 701 3757 753 αὑτοῦ
3808 701 4044 769 ἀξίωμα

2452 781 2608 834 τοῦτο
2638 784 2923 850 ἐγίνωσκε.
2985 786 3073 838 Διὸ
3110 790 3205 841 καὶ
3234 792 3638 861 ταπεινωθῆναι
3695 793 3905 859 εἵλετο,
3957 793 4043 857 ὡς

2450 874 2546 926 καὶ
2575 875 2631 927 ἐν
2663 879 2728 946 τῇ
2756 878 3163 931 ταπεινώσειτὸ
3194 879 3328 949 ὕψος
3351 882 3516 936 αὐτοῦ
3550 883 3734 953 τηρῶν
3751 884 3827 937 ⁷³.

780 964 1110 1018 descendere
1132 965 1199 1019 dc
1226 966 1434 1035 pmpria
1456 966 1738 1035 dignitate,
1762 966 2195 1037 quandoquidem
2222 981 2340 1022 eam
2381 982 2489 1023 non
2561 971 2792 1026 habebat
2855 986 2919 1026 ex
2955 974 3162 1043 rapina,
3186 975 3441 1031 nimirum
3463 981 3602 1045 quod
3631 986 3773 1034 esset
3798 979 4038 1047 aequalis

785 1056 891 1108 lteo
948 1054 1113 1121 Patri,
1171 1061 1263 1112 scd
1318 1059 1617 1112 naturalem
1679 1060 1780 1115 sibi
1844 1060 1983 1112 hanc
2029 1058 2339 1128 dignitatem
2385 1064 2728 1130 agnoscebat.
2772 1064 3063 1133 Propterea
3099 1075 3155 1121 et
3204 1068 3475 1124 humiliari
3516 1069 3696 1141 elegit,
3760 1072 4036 1140 tauq'uaus

781 1150 832 1198 iu
867 1148 965 1199 ista
1003 1147 1371 1201 humiliatione
1398 1148 1736 1205 altitudinem
1765 1165 1917 1204 suam
1949 1164 2196 1204 servans.

858 1239 1015 1294 νίας.
1050 1241 1095 1292 7.
1134 1240 1238 1293 Sed
1272 1242 1600 1309 semetipsum
1620 1244 1930 1307 exinanivit,
1956 1243 2181 1311 [orntum
2210 1244 2344 1297 servi

774 1334 1061 1400 accipiens.
1130 1331 1228 1386 Ubi
1293 1344 1419 1386 sunt
1470 1335 1559 1400 qui
1604 1332 1811 1397 dicunt,
1868 1335 2009 1403 quod
2045 1333 2246 1389 invitus
2287 1345 2343 1389 et

782 1424 1092 1475 mandatum
1120 1422 1346 1492 impleus
1367 1424 1739 1479 descenderit?
1771 1424 2008 1479 Audiant
2037 1428 2177 1495 quod
2201 1426 2340 1493 seip-

780 1529 894 1566 sum
935 1514 1310 1577 exinaniverit,
1358 1530 1454 1567 ceu
1511 1513 1805 1583 Dominus,
1854 1531 1918 1571 ac
1954 1528 2205 1584 tanquam
2253 1516 2337 1570 sui

777 1604 940 1670 juris.
982 1603 1231 1658 Formam
1264 1615 1442 1659 autem
1502 1608 1634 1659 servi
1688 1608 1894 1673 dicens,
1946 1607 2335 1675 Apollinarium

779 1696 1070 1764 pudt-facit.
1099 1695 1199 1761 Qui
1221 1695 1364 1751 enim
1390 1697 1617 1752 formam
1653 1698 1767 1751 sive
1810 1698 2167 1751 substantiam
2194 1697 2334 1751 servi

775 1790 992 1855 accipit,
1030 1787 1345 1843 rationalem
1379 1788 1597 1841 omnino
1620 1787 1852 1841 animam
1879 1788 2059 1841 habet.

846 1881 913 1935 In
931 1881 1275 1933 similitudine
1305 1879 1569 1931 hominum
1602 1878 1795 1947 factus.
1843 1876 1943 1932 llic
1976 1877 2333 1932 Marcionistm
2366 1879 2409 1937 Β

778 1972 982 2036 dicunt,
1037 1972 1177 2038 quod
1227 1978 1553 2036 apparenter
1608 1976 1920 2022 incarnatus
1975 1978 2112 2023 erat.
2174 1966 2334 2022 Vides

774 2064 936 2127 enim,
958 2062 1226 2128 inquiunt,
1263 2062 1531 2130 quomodo
1558 2058 1756 2114 Paulus
1774 2069 2048 2114 asseverat
2072 2060 2331 2114 similitu-

775 2157 953 2207 dinem
989 2168 1113 2207 eum
1161 2153 1393 2207 hominis
1443 2152 1734 2219 accepisse,
1775 2164 1839 2204 ac
1870 2150 1924 2203 in
1969 2151 2193 2216 liguram
2238 2151 2336 2204 ltu-

778 2246 1455 2300 manamtransformatum
1487 2258 1632 2305 esse,
1692 2257 1795 2296 non
1852 2242 2086 2297 essentia
2136 2242 2335 2296 factum

780 2339 1088 2395 hominem?
1119 2337 1253 2404 Quid
1307 2339 1470 2406 igitur
1523 2336 1650 2391 est?
1702 2335 1960 2390 Dominus
2005 2349 2110 2388 non
2156 2336 2335 2388 omnia

775 2442 951 2484 nostra
983 2431 1213 2484 habebat
1236 2427 1425 2500 439,
1467 2426 1560 2480 sed
1597 2441 1648 2480 et
1671 2425 1915 2494 quaedam
1950 2440 2054 2479 non
2085 2425 2332 2488 habebat,

774 2520 937 2572 veluti
993 2518 1140 2572 nasci
1182 2532 1246 2570 es
1298 2516 1581 2570 concubitu
1628 2526 1682 2568 et
1723 2528 1965 2582 peccare.
2046 2512 2162 2567 Non
2218 2526 2336 2569 erat

774 2621 954 2664 autem
1005 2606 1346 2663 solummodo
1381 2604 1524 2675 quod
1577 2604 1874 2674 apparebat
1928 2613 1981 2659 et
2028 2605 2333 2669 videbatur,

776 2701 1124 2755 verumetiam
1178 2700 1322 2753 Deus
1355 2714 1368 2748 :
1407 2711 1509 2749 non
1557 2707 1675 2749 erat
1734 2697 1909 2750 nudus
1961 2699 2139 2749 homo.
2202 2694 2337 2748 Pro-

775 2803 955 2860 pterea
997 2790 1191 2857 inquit,
1236 2786 1303 2841 In
1335 2786 1679 2840 similitudine
1711 2785 2006 2840 hominum.
2045 2785 2152 2841 Nos
2192 2788 2331 2841 enim

777 2883 957 2936 anima
988 2890 1042 2934 et
1075 2895 1272 2949 corpus
1294 2893 1516 2945 sumus;
1543 2878 1589 2931 is
1610 2886 1787 2930 autem
1818 2878 1997 2931 anima
2025 2886 2079 2931 et
2111 2891 2331 2945 corpus,

774 2983 825 3027 et
862 2974 1018 3026 Deus.
1048 2970 1183 3025 Nam
1210 2986 1331 3025 cum
1370 2970 1535 3034 dicat,
1557 2968 1621 3023 In
1652 2969 1998 3022 similitudine
2016 2969 2189 3021 carnis
2224 2983 2335 3036 pec-

773 3064 899 3127 cati,
943 3077 1049 3116 non
1087 3061 1188 3115 hoc
1238 3062 1391 3126 dicit,
1448 3060 1592 3129 quod
1646 3074 1866 3114 carnem
1907 3074 2013 3113 non
2065 3058 2330 3122 habuerit,

777 3168 959 3207 verum
990 3152 1131 3221 quod
1159 3166 1287 3205 caro
1317 3150 1404 3204 illa
1438 3164 1544 3203 non
1577 3149 1837 3218 peccarit,
1872 3147 1964 3201 sed
1995 3146 2189 3202 similis
2214 3155 2332 3202 erat

776 3244 1059 3309 peccatrici
1092 3243 1389 3297 secundum
1432 3250 1705 3303 naturam,
1752 3254 1856 3293 nou
1898 3239 2190 3294 secundum
2223 3253 2331 3291 ma-
2361 3211 2403 3269 θ

775 3336 966 3386 titiam.
1013 3333 1475 3399 Quemadmodum
1534 3332 1696 3400 igitur
1746 3330 1855 3384 illic
1905 3329 2083 3383 simile
2128 3339 2231 3394 est,
2271 3344 2336 3384 eo

768 3424 913 3491 quod
943 3438 1044 3478 non
1075 3425 1256 3478 omnia
1288 3425 1396 3479 sint
1425 3422 1652 3492 aequalia
1685 3438 1700 3474 :
1734 3420 1812 3476 sic
1853 3429 1907 3476 et
1946 3422 2033 3476 hic
2082 3421 2335 3475 similitu-

775 3513 951 3565 dinem
980 3512 1131 3579 dicit,
1158 3516 1301 3582 quod
1352 3527 1461 3566 non
1486 3512 1558 3566 sit
1604 3520 1759 3565 natus
1806 3524 1874 3564 ex
1920 3510 2232 3575 concubitu,
2283 3520 2338 3566 et

778 3603 900 3671 quia
932 3602 987 3655 in
1017 3617 1145 3656 eum
1182 3618 1287 3659 non
1320 3607 1475 3658 cadat
1506 3612 1809 3673 peccatum,
1839 3609 1893 3657 et
1941 3600 2081 3673 quod
2116 3616 2219 3655 non
2265 3600 2335 3656 sit

772 3695 951 3748 nudus
983 3694 1164 3748 homo.

841 3784 1000 3840 Vens.
1038 3784 1093 3839 8.
1122 3788 1186 3838 Et
1217 3785 1388 3854 ﬁgura
1444 3787 1684 3840 inventus
1716 3792 1774 3839 ut
1812 3786 1984 3838 homo.
2015 3781 2149 3849 Quia
2183 3782 2331 3836 dixe-

771 3887 904 3939 rat,
968 3877 1207 3944 Seipsum
1269 3878 1551 3931 exinanivit
1584 3916 1599 3941 ,
1656 3892 1722 3931 ne
1773 3875 2215 3945 permutationem
2281 3880 2334 3925 et

772 3965 1303 4021 translormationem
1360 3969 1629 4035 negotium
1692 3980 1814 4021 esse
1877 3963 2180 4023 arbitreris,
2208 3961 2326 4016 ait:

770 4059 988 4113 Maneus
1013 4058 1155 4127 quod
1185 4066 1320 4122 erat,
1351 4057 1640 4128 assumpsit
1667 4057 1811 4127 quod
1839 4070 1943 4110 non
1973 4060 2109 4119 erat,
2138 4064 2328 4106 natura

769 4164 876 4203 non
908 4150 1069 4202 estin
1108 4148 1252 4201 aliud
1286 4158 1515 4210 mutata,
1550 4148 1646 4200 sed
1698 4147 1749 4199 in
1792 4145 1959 4213 ligura
2001 4144 2171 4199 lactus
2226 4154 2327 4209 cst,

768 4244 866 4294 hoc
895 4250 997 4304 est,
1031 4239 1085 4292 in
1125 4252 1289 4291 carne
1320 4251 1333 4287 :
1369 4251 1549 4290 carius
1602 4250 1744 4289 ctum
1777 4244 1863 4289 est
1922 4235 2160 4304 ﬁgurari.
2194 4234 2330 4290 Cum

765 4334 910 4385 enim
961 4330 1204 4392 dixisset,
1264 4326 1518 4381 Formam
1565 4327 1699 4380 servi
1750 4327 1975 4394 accepit,
2032 4340 2193 4381 ausus
2251 4335 2334 4380 est

768 4423 989 4491 posthac
1018 4431 1071 4475 et
1102 4422 1243 4476 istud
1286 4422 1484 4481 dicere,
1522 4429 1775 4488 tauquam
1808 4417 1935 4471 illud
1981 4417 2127 4472 hisce
2161 4418 2329 4472 silen-

769 4516 899 4568 tium
928 4514 1208 4568 indiceret.
1245 4512 1479 4565 Pulchre
1513 4521 1690 4563 autem
1723 4509 1879 4574 dixit,
1906 4508 1974 4562 Ut
1996 4508 2190 4562 homo:
2223 4522 2327 4561 non
2358 4535 2406 4594 υ

765 4606 907 4659 enim
934 4612 1050 4658 erat
1077 4618 1211 4658 unus
1236 4619 1298 4658 ex
1322 4603 1527 4667 multis,
1557 4602 1672 4667 sed,
1704 4601 1847 4655 velut
1879 4615 2012 4655 unus
2037 4614 2103 4655 ex
2129 4600 2327 4655 multis.

763 4695 877 4749 l‘ton
906 4694 1050 4748 enim
1082 4694 1135 4747 in
1168 4693 1437 4747 hominem
1472 4692 1718 4745 transivit
1750 4690 1891 4746 Deus
1934 4687 2202 4755 Verbum;
2235 4689 2329 4743 sed

764 4787 928 4843 veluti
979 4788 1140 4840 homo
1187 4784 1481 4854 apparuit:
1516 4798 1579 4837 ac
1606 4781 1954 4852 iutigurabilis
2004 4796 2123 4835 cum
2164 4791 2326 4848 esset,

765 4881 867 4934 sub
902 4879 1128 4947 ﬁguram
1168 4877 1342 4932 factus
1390 4884 1493 4930 est.
1532 4874 1782 4929 Nonnulli
1838 4883 2019 4928 autem
2072 4872 2215 4927 hunc
2261 4872 2328 4927 ad

764 4970 981 5025 modum
1018 4968 1353 5038 interpretati
1405 4977 1529 5022 sunt
1573 4966 1755 5021 istud:
1816 4964 2019 5033 Figura
2065 4964 2324 5029 inventus,

767 5077 1017 5133 tanquam
1052 5061 1163 5131 jam
1196 5076 1316 5115 vere
1347 5060 1528 5124 homo,
1559 5058 1782 5127 perinde
1817 5072 1878 5110 ac
1911 5056 2066 5111 divus
2092 5055 2326 5111 Joannes

764 5156 836 5208 ait
866 5172 879 5209 :
907 5155 1145 5210 Gloriam
1179 5163 1424 5223 tanquam
1450 5151 1720 5221 Unigeniti
1755 5166 1786 5203 a
1811 5148 1971 5203 Patre
1994 5159 2017 5187 ο
2047 5165 2060 5201 :
2091 5148 2194 5203 hoc
2221 5156 2322 5212 est,

763 5248 970 5318 qualem
1008 5247 1161 5301 decet
1208 5246 1407 5300 habere
1458 5241 1822 5313 Unigenitum.
1869 5240 2136 5311 Tanquam
2179 5240 2322 5293 enim

761 5344 1091 5409 adverbium,
1127 5357 1252 5398 cum
1284 5340 1672 5397 dubitationem
1702 5338 1995 5407 signiﬁcat,
2046 5347 2155 5390 tum
2190 5348 2321 5390 cou-

762 5436 1139 5489 (irritationem.

836 5583 857 5609 ε
890 5571 1041 5625 Joau.
1079 5586 1116 5636 I,
1156 5570 1242 5623 H.

2534 1239 2685 1291 Ἀλλ’
2703 1240 2922 1294 ἑαυτὸν
2942 1240 3226 1303 ἐκένωσε,
3252 1243 3495 1311 μορφὴν
3525 1244 3751 1299 δούλου
3792 1249 4033 1300 λαϐὼν·

2450 1330 2560 1384 Ποῦ
2600 1331 2646 1383 οἱ
2675 1329 2947 1398 λέγοντες,
3007 1334 3088 1385 ὅτι
3142 1332 3293 1385 ἄκων
3333 1336 3428 1387 καὶ
3462 1335 3747 1405 ἐπίταγμα
3791 1338 4033 1407 πληρῶν

2448 1422 2685 1490 itast-561;;
2746 1422 3121 1477 ’Δκουέτωσαν
3199 1426 3281 1477 ὃτι
3323 1427 3520 1479 ἑαυτὸν
3584 1428 3887 1493 ἐκένωσεν,
3950 1430 4031 1491 ὡς

2447 1515 2671 1583 Κύριος,
2706 1513 2782 1576 ὡς
2801 1512 3170 1577 αὑτεξούσιος.
3190 1516 3445 1585 Μορφὴν
3467 1517 3519 1569 δὲ
3552 1517 3801 1584 δούλου,
3824 1521 4024 1581 εἰπὼν,

2459 1601 2865 1671 Ἀπολλινὰριον
2902 1604 3175 1674 ἐντρέπει,
3231 1606 3290 1656 Ὀ
3325 1606 3372 1636 ⁷⁵
3426 1606 3531 1675 γὰρ
3604 1610 3847 1677 μορφὴν,
3906 1611 4028 1677 ἦτοι

2443 1690 2728 1761 τὴνφύσιν
2785 1693 2879 1746 τοῦ
2913 1694 3099 1747 δούλου
3149 1693 3354 1761 λαϐὼν,
3413 1697 3507 1748 καὶ
3560 1698 3754 1767 νοερὰν
3798 1700 4027 1762 παντως

2442 1780 2618 1852 ψυχὴν
2651 1780 2783 1851 ἔχει.

2520 1875 2622 1927 Ἐν
2646 1872 2963 1943 ὁμοιώματι
2989 1876 3317 1944 ἀνθρώπων
3367 1877 3707 1946 γενόμενος.
3749 1878 4027 1931 Ἐνταῦοα

2442 1966 2494 2019 οί
2522 1968 2937 2036 Μαρκιωνισταί
2967 1983 3155 2036 φασιν,
3188 1970 3273 2023 ὅτι
3315 1971 3460 2024 κατὰ
3511 1971 3817 2039 φαντασίαν
3852 1974 4025 2040 isag-

2443 2057 2616 2127 κώθη.
2652 2060 2813 2130 Ὁρᾷς
2833 2058 2962 2129 γὰρ,
2996 2060 3152 2129 φασὶ,
3186 2060 3304 2124 πῶς
3328 2064 3356 2115 ὁ
3381 2061 3588 2125 Παῦλος
3619 2065 3879 2132 ὁμοίωμα
3924 2066 4025 2117 ἁν-

2441 2148 2659 2219 θρώπου
2694 2149 2803 2221 [οὐ]
2828 2151 3012 2203 λαὸεῖν
3036 2169 3200 2222 φησιν
3217 2154 3400 2219 αὑτὸν,
3423 2154 3518 2206 καὶ
3543 2156 4023 2224 σχηματίσασθαι,

2439 2241 2559 2311 οὐχὶ
2595 2241 2754 2311 οὐσίᾳ
2775 2241 3031 2308 γενέσθαι
3086 2243 3408 2314 άνθρωπονς
3464 2245 3530 2298 Τί
3581 2241 3673 2298 οὖν
3729 2247 3924 2312 samo;
3981 2254 4025 2300 υ

2441 2333 2644 2404 Κύριος
2672 2334 2730 2386 οὺ
2756 2336 2934 2388 πάντα
2959 2333 3026 2387 τὰ
3056 2336 3305 2407 ἡμέτερα
3353 2333 3519 2408 εἶχεν,
3560 2338 3700 2393 ἀλλὰ
3765 2341 3865 2393 καί
3898 2357 4027 2394 τινα

2436 2426 2535 2478 οὐκ
2566 2422 2730 2494 εἶχεν,
2769 2421 2900 2489 οἷον,
2935 2426 2995 2478 τὸ
3024 2426 3130 2479 ἀπὸ
3158 2430 3442 2493 συνουσίας
3489 2428 3615 2502 [μὴ]
3643 2432 3936 2502 τεχθῆναι,
3964 2434 4027 2484 τὸ

2436 2516 2708 2586 ἁμαρτίαν
2736 2514 2859 2588 [μὴ]
2887 2518 3129 2587 ποιῆσαι.
3156 2519 3267 2571 Οὐκ
3299 2514 3367 2591 ἦν
3392 2521 3449 2573 δὲ
3468 2521 3528 2573 τὸ
3556 2524 3890 2592 φαινόμενον
3923 2525 4025 2594 μὲ-

2438 2624 2547 2670 νον,
2570 2607 2705 2659 ἀλλὰ
2738 2609 2831 2659 καὶ
2865 2607 2996 2670 Θεός
3022 2624 3037 2639 ι
3088 2610 3189 2663 οὐκ
3230 2606 3299 2681 ἦν
3355 2611 3510 2681 ψιλὸς
3546 2612 3862 2683 ἄνθρωπος.
3920 2620 4023 2667 Διά

2435 2700 2594 2752 τοῦτό
2645 2716 2809 2770 φησιν
2844 2716 2859 2732 ·
2917 2701 3020 2755 Ἐν
3039 2701 3357 2772 ὁμοιώματι
3415 2703 3766 2773 ἀνθρώπων.
3824 2707 4023 2775 Ἡμεῖς

2439 2791 2538 2861 μὲν
2567 2794 2676 2862 γὰρ
2693 2792 2841 2864 ψυχὴ
2870 2794 2963 2848 καὶ
2997 2792 3157 2864 σῶμα
3175 2808 3190 2823 ο
3222 2797 3427 2859 ἐκεῖνος
3446 2796 3501 2849 δὲ
3528 2797 3674 2867 ψυχὴ
3706 2799 3803 2851 καὶ
3828 2799 4019 2866 σῶμα,

2434 2884 2528 2937 καὶ
2552 2883 2684 2945 Θεός
2702 2900 2717 2915 ο
2752 2885 2874 2937 ἐπεὶ
2906 2885 2999 2938 καὶ
3021 2886 3151 2939 ὅταν
3176 2885 3335 2958 λέγῃ,
3378 2886 3476 2943 Ἐν
3503 2892 3825 2959 ὁμοιώματι
3869 2909 4021 2960 σαρ-

2434 2974 2541 3040 κὸς
2601 2976 2912 3044 ἁμαρτίας,
2969 2978 3030 3029 οὐ
3103 2977 3263 3031 τοῦτο
3328 2980 3497 3048 λέγει,
3554 2983 3636 3033 ὃτι
3691 2985 3877 3052 σάρκα
3915 2986 4022 3037 οὐκ

2434 3062 2606 3136 εἶχεν,
2641 3066 2757 3119 ἀλλ’
2788 3068 2871 3120 ὅτι
2914 3069 2947 3138 ἡ
2985 3067 3125 3136 σὰρξ
3174 3070 3360 3141 ἐκείνη
3415 3073 3509 3140 οὐχ
3564 3073 3843 3143 ἥμαρτεν,
3898 3076 4022 3128 ἀλλ’

2436 3157 2599 3227 ὁμοία
2623 3152 2693 3228 ἦν
2716 3160 2781 3228 τῇ
2818 3159 3124 3230 ἀμαρτωλῴ
3148 3162 3289 3213 κατὰ
3317 3163 3416 3230 τὴν
3442 3164 3623 3231 φύσιν,
3646 3166 3705 3216 οὐ
3744 3168 3894 3219 κατᾶ
3916 3169 4023 3234 τὴν

2436 3250 2654 3302 κακίαν.
2683 3248 2892 3319 Ὥσπερ
2930 3250 3021 3303 οὖν
3054 3254 3170 3305 ἐκεῖ
3194 3252 3251 3305 τὸ
3272 3253 3479 3322 ὅμοιον,
3514 3254 3602 3308 διὰ
3626 3256 3689 3307 τὸ
3722 3257 3798 3324 μὴ
3836 3259 4021 3310 πάντα

2435 3334 2575 3391 εἶναι
2600 3334 2698 3392 ἶσα
2721 3353 2736 3369 .
2767 3339 2911 3393 οὕτω
2942 3342 3037 3394 καὶ
3064 3342 3303 3396 ἐνταῦθα
3326 3344 3384 3395 τὸ
3408 3344 3683 3413 ὁμοίωμα,
3720 3347 3810 3399 διὰ
3839 3348 3904 3399 τὸ
3944 3352 4021 3417 μὴ

2436 3428 2501 3481 ἐκ
2537 3429 2821 3493 συνουσίας
2844 3433 3123 3500 τεχθῆναι,
3156 3431 3243 3485 διὰ
3276 3433 3337 3485 τὸ
3364 3434 3776 3507 ἀναμάρτητον,
3806 3438 3904 3492 διὰ
3956 3442 4019 3492 τὸ

2438 3518 2512 3590 μὴ
2536 3519 2690 3588 ψιλὸν
2721 3521 3010 3591 ἄνθρωπον
3037 3518 3198 3576 εἶναι.

2504 3782 2613 3833 Καί
2651 3779 2916 3847 σχήματι
2966 3780 3229 3847 εὑρεθείς
3270 3781 3350 3847 ὠς
3402 3782 3738 3852 ἄνθρωπος.
3787 3789 4019 3861 Ἐπειδὴ

2433 3867 2605 3937 εἶπεν,
2643 3872 2726 3923 ὅτι
2768 3869 3093 3924 Ἐκένωσεν
3123 3871 3365 3937 ἑαυτὸν,
3420 3874 3505 3926 ἵνα
3564 3876 3639 3945 μὴ
3697 3881 4013 3951 μεταϐολὴν

2433 3964 2662 4033 νομίσῃς
2690 3961 2751 4014 τὸ
2779 3963 3012 4031 πρᾶγμα
3073 3964 3167 4017 καὶ
3200 3963 3571 4033 μετάπτωσιν,
3602 3970 3737 4037 φησί
3765 3988 3779 4001 ·
3815 3973 4017 4024 Μένων

2434 4054 2462 4107 ὃ
2498 4050 2588 4126 ἦν,
2617 4054 2808 4108 ἐλαϐεν
2836 4055 2864 4107 ὃ
2891 4056 2991 4108 οὐκ
3017 4050 3104 4127 ἦν.
3128 4057 3238 4126 Οὐχ
3268 4058 3300 4124 ἡ
3331 4057 3490 4125 φύσις
3525 4060 3852 4129 μετέπεσεν,
3892 4066 4014 4117 ἀλλ’

2433 4150 2489 4201 ὲν
2523 4151 2763 4218 σχήματι
2791 4148 3026 4215 ἐγένετο,
3074 4148 3372 4212 τουτέστιν,
3410 4150 3467 4201 ὲν
3520 4152 3681 4219 σαρκί
3716 4166 3729 4179 ·
3797 4158 4012 4223 σαρκὸς

2432 4240 2539 4309 γὰρ
2571 4239 2631 4292 τὸ
2663 4238 3059 4308 ἐσχηματίσθαι
3080 4240 3145 4291 ⁷⁵.
3187 4239 3404 4309 Ἐπειδὴ
3435 4240 3544 4311 γὰρ
3569 4239 3715 4301 εἷπε,
3763 4243 4011 4314 Μορςεὴν

2430 4329 2617 4383 δούλου
2664 4330 2875 4395 ἐλαϐεν,
2914 4331 3187 4401 ἐθάρσησε
3243 4330 3430 4385 λοιπὸν
3459 4338 3551 4385 καὶ
3606 4335 3767 4387 τοῦτο
3801 4340 4009 4401 εἰπεῖν,

2431 4421 2505 4484 ὡς
2539 4423 2747 4474 ἐκείνου
2779 4420 2951 4476 ταῦτα
2994 4421 3460 4491 ἐπιστομίζοντος.
3518 4425 3714 4488 Καλῶς
3774 4428 3833 4479 δὲ
3884 4426 4011 4482 εἶπε

2431 4511 2511 4577 τὸ,
2576 4510 2675 4575 Ὠς
2719 4512 3048 4579 ἇνθρωπις.
3105 4512 3176 4565 Ob
3228 4513 3334 4583 γὰρ
3371 4508 3438 4584 ἦν
3484 4507 3563 4576 εἷς
3610 4515 3720 4567 τῶν
3761 4517 4009 4583 πολλῶν,

2438 4601 2551 4655 ἀλλ’
2579 4601 2653 4665 ὡς
2688 4596 2767 4664 εἷς
2793 4601 2900 4653 τῶν
2925 4600 3132 4654 πολλῶν
3158 4618 3171 4632 °
3194 4603 3253 4654 οὐ
3290 4603 3400 4673 γὰρ
3421 4604 3499 4665 εἰς
3534 4604 3824 4673 ἄνθρωπον
3876 4624 4013 4674 μετ-

2438 4693 2632 4745 έπεσεν
2694 4692 2721 4743 ὁ
2769 4690 2900 4753 Θεὸς
2946 4692 3140 4758 Λόγος,
3182 4691 3295 4744 ἀλλ’
3328 4692 3403 4754 ὼς
3435 4693 3719 4763 ἄνθρωπος
3776 4698 3957 4763 ἐφάνη
3994 4720 4007 4729 ·

2436 4783 2531 4836 καὶ
2552 4782 2951 4851 ἀσχημάτιστο,
2980 4778 3075 4843 ὢν,
3104 4781 3205 4833 ὑπὸ
3236 4781 3424 4851 σχῆμα
3472 4784 3710 4849 ἐγένετο.
3748 4784 3909 4849 Τινὲς
3950 4789 4010 4839 δὲ

2435 4872 2608 4935 οὕτως
2639 4871 2989 4943 ἡρμήνευσλν
3012 4886 3026 4899 °
3057 4871 3166 4924 Καὶ
3195 4872 3462 4940 σχήματι
3491 4872 3779 4939 εὑρεθείς,
3820 4869 3910 4927 οἷα
3940 4878 4007 4951 6i;

2431 4962 2712 5033 ἄνθρωπος
2736 4960 2974 5031 ἀληθῶς,
3007 4961 3147 5015 καθὰ
3174 4964 3269 5015 καὶ
3306 4964 3556 5035 Ἰωάννης
3583 4965 3733 5031 λέγει
3761 4983 3773 4996 ·
3803 4969 4009 5033 Δόξαν

2430 5053 2510 5119 ὠς
2557 5053 2921 5122 μονογενοῦς
2968 5054 3127 5121 παρὰ
3193 5055 3456 5122 Πατρόςυ
3518 5057 3641 5109 ἀντὶ
3702 5056 3825 5123 τοῦ,
3882 5063 4005 5113 οἷαν

2430 5146 2633 5214 πρέπει
2665 5144 2807 5215 ἔχειν
2837 5143 2927 5197 τὸν
2956 5146 3257 5215 Μονογενῆ.
3288 5146 3361 5199 Τὸ
3410 5146 3537 5217 γὰρ,
3584 5147 3705 5215 Ὧς,
3744 5153 4005 5222 σημαίνει

2432 5238 2526 5290 καὶ
2556 5235 2872 5307 δισταγμὸν,
2904 5237 3159 5308 σημαίνει
3191 5237 3284 5292 καὶ
3316 5236 3633 5309 βεϐαίωσιν.

2099 5679 2294 5740 Variae
2325 5676 2651 5739 lectiones.

830 5794 870 5821 τί
900 5792 1032 5843 διότι
1064 5805 1113 5843 o.
1190 5791 1232 5821 "
1270 5788 1401 5841 αὐτὸ
1429 5801 1483 5842 ο.
1561 5784 1813 5853 ’³κυρῶν
1841 5797 1893 5837 o.
1972 5781 2018 5813 ⁷⁵
2047 5781 2137 5834 καὶ
2168 5796 2220 5836 o.
2300 5782 2343 5813 "
2377 5797 2404 5833 σ

2447 5778 2806 5849 ηματίζεσθαι
2841 5796 2888 5830 o.
