4226 6440
237 408 380 470 1165

316 515 752 572 Ἐταπείνωσεν
785 515 1023 575 ἑαυτὸν,
1054 516 1374 584 γενόμενος
1403 513 1674 581 ὑπήκοος
1709 514 1809 582 μέ-
1844 520 1884 572 Α

232 627 340 679 χρι
393 607 674 670 θανάτου,
741 608 1002 661 θανάτου
1056 607 1123 660 δὲ
1171 608 1460 674 σταυροῦ.
1519 607 1688 660 Πάλιν
1728 609 1807 670 τὸ,

233 701 689 752 Ἐτιιπείγωσεν
719 699 956 763 ἑαυτὸν,
993 700 1078 750 ἵνα
1133 698 1207 768 μὴ
1261 698 1336 758 ὡς
1389 699 1537 750 ἄκων
1581 699 1808 767 νομισθῇ

1315 791 1601 860 ’Λρειανοὶ,

1296 876 1321 896 τ’

234 885 486 953 ὑπήκοος
543 884 782 948 λέγεται.
819 883 928 934 Καὶ
964 884 1012 934 τί
1062 882 1239 945 τοῦτο,
1290 882 1333 935 ὦ
1387 882 1663 952 aventem"
1718 884 1811 933 καὶ

231 791 670 860 συγκαταϐῆναι.
739 791 918 853 Ἀλλὰ,
976 791 1136 859 φασιν
1185 791 1233 842 οἱ

231 977 416 1043 φίλοις
441 976 811 1044 ὑπακούομεν,
877 977 968 1026 καὶ
1001 974 1151 1027 οὐδὲν
1183 974 1342 1026 τοῦτο
1373 975 1629 1036 ἐλάττους
1671 977 1810 1025 ποιεῖ

233 1074 410 1141 ἡμᾶς.
452 1071 537 1132 Ὠς
561 1071 684 1133 Υἱὸς
717 1071 891 1140 Πατρὶ
922 1071 1232 1138 ὑπήκουσεν
1263 1068 1425 1134 ἑκὼν,
1473 1070 1565 1121 καὶ
1603 1073 1657 1121 ἐν
1692 1069 1809 1120 τού-

231 1183 318 1234 τῳ
349 1165 493 1232 αὑτῷ
523 1163 736 1226 δεικνὺς
757 1163 854 1233 τὴν
891 1162 1218 1230 γνησιὸτητα
1249 1180 1258 1187 ·
1286 1161 1402 1213 υἱοῦ
1452 1162 1559 1229 γὰρ
1589 1161 1810 1229 γνησίου

231 1262 301 1310 τὸ
329 1261 490 1328 τιμᾷν
528 1259 617 1310 τὸν
676 1260 910 1324 πατέρα.
971 1258 1114 1326 Ὅρα
1165 1256 1219 1307 δὲ
1250 1256 1562 1317 ἐπιτάσεις·
1617 1255 1808 1318 Δοῦλος

231 1355 479 1417 ἐγένετο,
517 1351 656 1404 ἀλλὰ
689 1353 780 1402 καὶ
808 1350 1038 1402 Θάνατον
1069 1348 1286 1411 ἐδέξατο
1308 1363 1320 1376 ·
1352 1348 1444 1399 καί
1472 1349 1530 1399 τὸ
1560 1348 1638 1399 ἔτι
1684 1348 1809 1400 τοῦ-

232 1463 334 1496 του
372 1444 576 1512 μεῖξιν,
629 1442 1008 1495 ἐπονείδιστον.
1069 1438 1337 1491 Θανάτου
1379 1439 1483 1508 γὰρ
1514 1440 1806 1508 σταυροῦ·

231 1534 508 1594 τουτέστι,
540 1533 633 1586 τοῦ
666 1533 1098 1601 ὲπικαταρὰτου,
1136 1529 1229 1582 τοῦ
1278 1533 1392 1593 τοῖς
1425 1532 1647 1600 ἀνόμοις
1707 1535 1800 1598 ἁφ-

231 1628 565 1692 ωρισμένου.

313 1723 410 1770 Διὸ
437 1721 535 1772 καὶ
569 1724 600 1774 ό
644 1723 785 1787 Θεὸς
816 1724 1000 1775 αὺτδν
1029 1727 1410 1791 dxeram-(oce,
1471 1724 1567 1775 καὶ
1615 1723 1807 1790 ἐχαρί-

235 1824 393 1860 σατο
424 1809 583 1874 αὐτῷ
614 1811 820 1880 ὄνομα,
848 1811 912 1863 τὸ
940 1812 1090 1879 ὑπὲρ
1139 1811 1260 1867 πᾶν
1288 1813 1492 1880 ὄνομα.
1521 1812 1687 1864 Ὅταν
1710 1807 1806 1876 τῆς

239 1899 444 1966 σαρκὸς
469 1901 791 1971 ἐπιλάϐηται
813 1905 840 1955 ὀ
869 1903 1098 1968 Παῦλος,
1120 1903 1287 1966 ἀδεῶς
1310 1906 1616 1957 ταταπεινα
1633 1902 1811 1955 πάντα

236 1992 558 2058 φθέγγεται,
582 1994 656 2057 ὡς
689 1995 788 2063 τῆς
814 1997 1013 2064 σαρκὸς
1049 1995 1223 2048 ταῦτα
1253 1995 1568 2065 δεχομένης.
1623 1994 1808 2056 Οὖτως

235 2082 335 2136 οὑν
359 2085 506 2148 δέξαι
544 2085 716 2138 ταῦτα
737 2086 888 2155 ιπερὶ
917 2087 1012 2155 τῆς
1042 2090 1263 2157 σαρκὸς,
1302 2087 1552 2157 μηδαμοῦ
1585 2087 1809 2154 διαιρῶν

234 2178 331 2230 τὸν
365 2179 460 2231 ἕνα
494 2179 749 2249 Χριστόν.
792 2181 947 2233 Ποῖον
975 2181 1029 2233 δὲ
1055 2181 1112 2231 τὸ
1143 2180 1399 2250 χαρισθὲν
1421 2180 1588 2248 ὄνομα
1614 2182 1678 2248 τῇ
1716 2183 1807 2233 ἁν-

232 2271 485 2340 Θρωπίνῃ
532 2270 689 2340 φύσει
721 2271 814 2324 τοῦ
868 2272 984 2334 ἐνὸς
1041 2271 1314 2341 Χριστοῦ;
1369 2273 1460 2334 Τὸ,
1515 2274 1663 2335 Υἱὸς,
1723 2271 1805 2328 τὸ,

234 2365 406 2429 Θεός.
440 2365 548 2417 Καὶ
579 2365 685 2432 γὰρ
709 2364 736 2414 δ
759 2365 1040 2433 ἄνθρωπος
1073 2365 1196 2424 Υἱὸς
1233 2363 1390 2427 Θεοῦ,
1429 2362 1605 2424 καθὼς
1660 2363 1752 2414 καὶ
1780 2363 1808 2411 ὁ

234 2455 469 2522 ἄγγελος
502 2452 662 2508 εἷπε·
717 2457 823 2509 Kal
859 2455 926 2508 τὸ
989 2454 1363 2524 γεννώμενον
1409 2455 1600 2522 ἅγιον,
1662 2455 1808 2520 κλη-

231 2550 483 2614 θήσεται
522 2550 655 2616 Υἱὸς
696 2549 866 2604 Θεοῦ.

312 2643 436 2695 Ἵνα
467 2643 537 2694 ἐν
573 2641 652 2706 τῷ
684 2642 926 2710 ὀνόματι
957 2640 1166 2707 Ἰησοῦ
1226 2638 1348 2694 πᾶν
1379 2639 1525 2706 γόνυ
1574 2636 1802 2704 κάμψῃ,

228 2734 624 2802 ἐπουρανίων,
649 2733 1048 2801 καὶὲπιγείων,
1073 2731 1170 2784 καὶ
1194 2729 1618 2798 καταχθονίων.
1640 2728 1806 2780 Τουτ-

233 2829 406 2892 έστιν,
448 2829 475 2880 ὁ
507 2826 710 2896 κόσμος
750 2828 878 2890 πσῖς,
938 2827 1030 2877 καὶ
1079 2825 1319 2892 ἄγγελοι,
1370 2824 1463 2876 καὶ
1507 2821 1802 2891 ἂνθρωποι,

231 2921 331 2970 καὶ
357 2917 609 2986 δαίμονες
637 2932 649 2945 °
689 2917 720 2987 ἢ
746 2920 827 2970 ὅτι
850 2917 944 2970 καὶ
969 2919 1016 2969 ol
1045 2917 1242 2969 δίκαιοι
1267 2917 1359 2969 καὶ
1383 2918 1432 2968 ol
1463 2912 1798 2984 ἁμαρτωλοί.

234 3013 349 3065 Καὶ
377 3011 630 3080 δαίμονες
653 3011 762 3081 γὰρ
800 3010 1215 3079 ὲπιγνὼσονται,
1272 3010 1366 3062 καὶ⁵
1413 3009 1636 3071 ἄκοντες
1665 3008 1800 3060 ὑποο

231 3103 610 3172 κλιθήσονται,
640 3102 822 3156 οὐκέτι
855 3105 918 3173 τῇ
941 3102 1168 3172 ἀληθεία
1198 3101 1643 3170 ἀντιμαχόμενοι,
1669 3099 1800 3165 οἵγε

1011 405 1407 467 ΕΧΡΟΞΙΤΙΟ
1448 407 1526 466 ΙΝ
1570 406 1803 467 EPIST.
1849 407 1945 461 Al)
1985 406 2315 466 PIIIIJPP.

1678 790 1808 853 ἰδοῦ,
1847 784 1850 787 ’

2440 408 2594 468 CAl’.
2629 410 2708 469 ll.
3350 412 3483 472 1166

1988 513 2300 566 Humiliartt
2346 518 2696 582 semetipsum,
2735 519 2902 583 factus
2956 520 3194 570 obetliens
3228 536 3383 586 usque
3415 524 3482 572 ad

1915 617 2153 669 mortem,
2179 618 2396 659 mortem
2426 619 2599 660 autem
2631 611 2823 663 crucis.
2856 608 3084 662 llursum
3113 611 3264 672 dicit,
3298 611 3481 663 Humi-

1915 697 2059 747 liavit
2110 714 2237 758 sese,
2279 713 2342 749 ne
2376 697 2522 751 velut
2579 701 2776 753 invitus
2805 702 3200 753 obsecundasse
3243 714 3479 769 putetur.

1913 791 2000 852 At,
2039 790 2224 843 dicunt
2256 793 2458 853 Ariani,
2506 808 2652 852 ecce.
2709 793 2966 848 obedicns
3008 795 3222 850 dicitur.
3256 800 3322 849 At
3354 799 3482 866 quid

1913 884 2034 948 hoc,
2077 902 2108 936 0
2161 885 2740 952 insipientes?N:nnct
2797 889 2979 940 amicis
3032 890 3333 954 obedimus,
3385 907 3481 944 nec

1912 979 2196 1044 quicquam
2250 977 2374 1029 Illud
2407 979 2718 1048 dignitatem
2755 989 2989 1031 nostram
3017 981 3306 1037 imminuit.
3342 982 3483 1034 Tan-

1913 1085 2071 1136 quam
2104 1069 2269 1122 Filius
2301 1069 2438 1123 Patri
2489 1083 2673 1140 sponte
2705 1073 2928 1131 obediit,
2960 1085 3117 1142 atque
3157 1077 3205 1128 in
3244 1077 3342 1129 hoc
3366 1077 3482 1144 ipso

1916 1163 2114 1214 indit-at
2165 1178 2223 1215 se
2258 1176 2378 1216 esse
2439 1165 2725 1233 genuinum
2766 1182 2778 1217 :
2828 1167 3042 1235 genuini
3076 1170 3215 1220 enim
3274 1169 3364 1222 lilii
3403 1181 3486 1222 est

1915 1265 2118 1322 patrem
2176 1255 2377 1310 h0n0re
2431 1256 2664 1310 allicere.
2713 1259 3095 1314 Animadverte
3159 1272 3336 1314 autem
3397 1263 3484 1315 hic

1913 1347 2179 1415 epitases:
2212 1349 2409 1404 Servus
2436 1350 2602 1403 factus
2634 1363 2712 1404 est
2740 1369 2751 1405 :
2783 1353 3078 1420 quinetiam
3110 1366 3333 1407 mortem
3367 1370 3485 1408 sns-

1912 1441 2053 1504 cepit
2084 1458 2095 1491 :
2122 1449 2174 1493 ct
2200 1445 2336 1508 quod
2369 1442 2468 1495 hoc
2501 1445 2675 1496 adhuc
2707 1445 2876 1512 majus
2893 1457 2996 1508 est,
3042 1447 3481 1514 ignominiosam:

1913 1544 2127 1585 mortem
2169 1535 2309 1585 enim
2342 1536 2535 1597 crucis,
2575 1535 2673 1590 hoc
2706 1548 2807 1597 εει,
2872 1539 3276 1603 exsecrandum,
3317 1541 3484 1593 scele-

1917 1626 2046 1678 ratis
2070 1626 2412 1680 destinatam.

1989 1720 2144 1774 Vens.
2180 1721 2230 1775 9.
2274 1719 2496 1788 Propter
2523 1727 2660 1789 quod
2696 1735 2740 1776 et
2791 1723 2926 1775 Deus
2962 1724 3206 1777 exaltari!
3239 1725 3408 1786 illum,
3435 1735 3483 1776 et

1914 1813 2121 1866 donavit
2153 1815 2228 1865 illi
2250 1831 2433 1868 nomen
2457 1818 2593 1880 quod
2619 1824 2693 1866 est
2718 1831 2870 1882 super
2893 1833 3040 1869 omne
3072 1833 3277 1870 nomen.
3306 1815 3484 1882 Quan-

1917 1906 1983 1957 do
2024 1906 2200 1956 carnis
2235 1908 2558 1958 mentionem
2595 1908 2718 1961 facit
2763 1905 2980 1970 Paulus,
3013 1908 3274 1972 intrepide
3303 1909 3480 1960 omnia

1916 1996 2132 2049 humilia
2173 1996 2431 2064 loquitur,
2481 2007 2730 2064 tanquam
2788 2013 2912 2050 caro
2955 2000 3066 2052 lucc
3118 1999 3358 2065 recipiat.
3397 1998 3485 2052 Sic

1915 2089 2076 2157 igitur
2112 2089 2224 2143 htt-c
2262 2093 2324 2143 de
2375 2105 2537 2143 carne
2596 2090 2797 2158 accipe,
2827 2089 2990 2161 ήᾷθ
3014 2105 3273 2159 nusquam
3320 2106 3482 2142 ttttttttt

1910 2181 2182 2235 Christum
2235 2183 2496 2236 dividens.
2552 2183 2720 2248 Quale
2769 2195 2949 2237 autem
2983 2197 3175 2235 nomen
3229 2184 3482 2236 donatum

1913 2282 1993 2328 est
2050 2274 2298 2328 humana:
2354 2286 2556 2329 natura:
2611 2277 2767 2330 unius
2827 2275 3270 2339 Christi?Filius,
3324 2276 3482 2328 Deus.

1913 2366 2122 2420 Etenim
2186 2369 2342 2419 homo
2397 2367 2562 2421 Filius
2606 2369 2718 2428 Dei,
2768 2367 3215 2434 quemadmodum
3267 2369 3486 2434 angelus

1907 2459 2044 2510 dixit
2079 2459 2177 2511 :Iz‘t
2201 2462 2337 2527 quod
2385 2473 2624 2513 nascetur
2672 2471 2931 2524 sanctum,
2972 2459 3145 2514 Filius
3205 2460 3294 2513 Dei
3336 2479 3486 2513 voca-

1911 2554 2045 2603 bitur
2074 2552 2115 2604 ί.

1985 2645 2140 2696 V'tztts.
2183 2644 2268 2696 10.
2306 2643 2367 2697 Ut
2405 2647 2453 2698 in
2503 2647 2706 2698 nomine
2740 2644 2863 2697 Jcsu
2906 2644 3100 2698 Christi
3155 2662 3302 2698 omne
3355 2662 3486 2714 genu

1907 2739 2144 2804 ﬂectatur
2192 2737 2478 2790 rte/estiam
2530 2755 2589 2789 ac
2649 2741 2973 2790 terrestrium
3035 2749 3080 2790 et
3137 2740 3484 2803 infensorum.

1908 2830 2019 2885 Hoc
2049 2843 2151 2896 est,
2181 2833 2464 2886 universus
2491 2832 2722 2884 mundus
2749 2840 2803 2885 ct
2851 2831 3022 2899 angeli
3053 2843 3108 2884 et
3152 2831 3397 2883 homines
3431 2843 3483 2883 et

1906 2927 2206 2991 daemones;
2249 2926 2333 2978 vel
2361 2925 2500 2995 quod
2533 2936 2584 2979 et
2611 2927 2739 2994 justi
2795 2936 2846 2978 ct
2886 2936 3214 2994 peccatores.
3271 2926 3400 2978 Nam
3433 2936 3482 2976 ct

1905 3016 2180 3073 daemones
2216 3029 2535 3088 agnoscent,
2567 3029 2620 3071 et
2657 3019 2803 3072 inviti
2839 3018 3200 3079 inllectentur,
3240 3036 3343 3071 non
3368 3035 3481 3068 ant—

1906 3109 2042 3178 plius
2077 3112 2286 3164 veritati
2329 3122 2706 3181 repugnantes,
2743 3111 2830 3177 qui
2863 3120 2917 3164 et
2956 3119 3081 3164 ante
3112 3122 3320 3178 tempus
3355 3109 3484 3162 illul

231 3196 326 3247 καὶ
368 3194 473 3263 πρὸ
524 3193 617 3246 τοῦ
675 3193 869 3265 καιροῦ
910 3194 1124 3246 ἐκείνου
1156 3192 1339 3259 ελεγον
1369 3208 1383 3221 ·
1442 3189 1699 3260 Οῑὸαμέν
1729 3204 1801 3241 σε
1831 3220 1872 3280 c
1909 3201 2198 3257 dicebam;
2236 3202 2487 3256 Νουεηηη
2519 3212 2565 3255 ιε
2585 3203 2673 3271 qui
2706 3205 2776 3255 δίε
2815 3204 2860 3256 8,

228 3287 323 3350 τίς
355 3282 426 3339 εἷ.

307 3379 413 3432 Καὶ
440 3376 606 3431 πᾶσα
627 3375 874 3444 γλῶσσα
901 3377 1428 3444 ἐξομολογήσεται,
1458 3376 1546 3428 ὅτι
1586 3377 1800 3440 Κύριος

247 3472 489 3539 Ἰησοῦς
537 3473 787 3540 Χριστὸς
827 3475 906 3536 εις
964 3471 1152 3533 δόξαν
1187 3471 1435 3539 Πατρός.
1485 3469 1799 3529 Τουτέστιν,

233 3568 320 3618 ἵνα
375 3567 572 3627 πάντες
598 3564 756 3618 τοῦτο
799 3565 1139 3625 εἷπωσιν’⁸⁶,
1200 3565 1282 3615 ὅτι
1335 3561 1536 3631 Κύριος
1595 3560 1801 3629 Ἰησοῦς

231 3659 487 3728 Χριστὸς,
517 3658 718 3726 Κύριος
754 3657 847 3709 καὶ
874 3655 1006 3718 Θεός
1033 3657 1167 3709 ἐστι.
1194 3654 1366 3706 Τοῦτο
1419 3655 1474 3706 δὲ
1527 3652 1652 3718 δόξα
1684 3653 1798 3704 ἐστὶ

233 3751 326 3804 τοῦ
370 3750 602 3820 Πατρὺς,
649 3749 731 3804 ὅτι
779 3749 1023 3800 τοιοῦτον
1083 3747 1195 3816 ἔχει
1243 3747 1387 3810 Υῑὺν,
1419 3738 1462 3812 ᾧ
1508 3745 1576 3798 τὰ
1622 3745 1802 3797 πάντα

233 3843 630 3896 ὑποκλίνονται.
684 3839 868 3911 Ὀρᾷς.
931 3841 1012 3892 ὅτι
1061 3841 1092 3908 ἡ
1145 3839 1444 3909 ἁνάρῥησις
1495 3838 1588 3890 τοῦ
1629 3839 1800 3891 Μονο-

234 3931 444 3999 γενοῦς,
487 3931 614 3995 δόξα
651 3931 766 3982 ἐστὶ
798 3928 891 3981 τοῦ
919 3929 1160 3996 Πατρόςς
1195 3928 1357 3979 Ὥστε
1394 3926 1726 3988 τούναντίον,
1769 3928 1800 3996 ἠ

232 4025 526 4087 ἐλάττωσις
565 4022 752 4085 αὑτοῦ,
775 4021 966 4092 ἀτιμία
993 4021 1085 4074 τοῦ
1118 4021 1350 4089 Πατρός.

305 4117 507 4181 Ὥστε,
536 4115 829 4183 ἀγαπητοί
852 4132 992 4183 μου,
1023 4115 1216 4179 καθὼς
1250 4113 1506 4166 πάντοτε
1533 4114 1798 4180 ὑπηκού-

233 4227 401 4264 σατε.
421 4211 531 4272 Τὰς
549 4209 902 4278 παραινέσεις
928 4208 1063 4276 μετὰ
1085 4207 1377 4275 ἐγκωμίων
1394 4207 1474 4259 δεῖ
1494 4207 1762 4258 ποιεῖσθαι
1783 4224 1795 4238 ·

233 4303 379 4357 οὑτω
416 4303 522 4372 γὰρ
566 4302 962 4371 εὑπαράδεκτοι
1028 4300 1289 4366 γίνονται.
1333 4299 1424 4352 Διὸ
1479 4301 1572 4351 καὶ
1638 4299 1799 4360 αὑτὸς

231 4400 430 4459 αὑτοὺς
456 4397 813 4466 ἐγκωμιάζει,
842 4396 1158 4464 ἀγαπητοὺς
1188 4394 1392 4457 καλῶν,
1425 4395 1540 4456 καὶ,
1568 4390 1797 4455 Καθὼς,

228 4489 384 4558 φησι,
440 4488 697 4541 πάντοτε
742 4489 1131 4552 ὑπηκούσατε
1164 4503 1177 4516 ·
1241 4485 1399 4539 τοῦτο
1461 4486 1656 4552 λέγων,
1717 4485 1797 4536 ὅτι

1975 3379 2137 3431 Vens.
2174 3378 2257 3430 11.
2294 3376 2358 3429 Et
2391 3379 2558 3429 omnis
2589 3378 2771 3445 lingua
2820 3380 3152 3439 conﬁteatur,
3201 3382 3338 3446 quod
3380 3379 3482 3432 Do-

1905 3471 2076 3522 minus
2103 3467 2258 3520 Jesus
2292 3464 2533 3519 Christus
2559 3477 2630 3517 est
2653 3468 2704 3518 in
2739 3467 2961 3535 gloriam
3002 3467 3092 3520 Dei
3143 3468 3339 3521 Patris.
3372 3469 3482 3523 Hoc

1905 3573 2005 3625 est,
2067 3571 2124 3614 ut
2181 3576 2368 3616 omnes
2411 3562 2509 3614 hoc
2561 3561 2763 3622 dicant,
2827 3561 2965 3630 quod
3025 3561 3284 3616 Dominus
3324 3561 3482 3617 Jesus

1905 3652 2174 3714 Christus,
2230 3651 2485 3704 Dominus
2509 3664 2562 3704 et
2599 3649 2738 3705 Dens
2761 3661 2864 3705 est.
2918 3653 3044 3706 H330
3078 3663 3254 3729 autem
3313 3655 3480 3722 gloria

1905 3755 1988 3800 est
2018 3744 2218 3808 Patris,
2244 3745 2384 3814 quod
2414 3742 2714 3810 huiusmodi
2747 3745 2938 3796 habeat
2966 3743 3158 3797 Filium
3191 3745 3273 3798 cui
3299 3745 3478 3799 omnia

1909 3837 2266 3892 inlleclantur.
2299 3835 2698 3888 Animadvertis
2746 3835 2886 3903 quod
2925 3836 3250 3903 praeconium
3279 3835 3476 3903 Unigc-

1906 3931 2022 3993 niti,
2053 3929 2219 4000 gloria
2246 3939 2328 3984 est
2364 3927 2578 3981 Patris?
2603 3927 2691 3980 Sic
2724 3942 2752 3980 e
2787 3927 3002 3980 diverso
3033 3927 3335 3981 imminutio
3362 3943 3478 3995 eius

1903 4031 1986 4078 est
2027 4021 2314 4090 ignominia
2349 4021 2544 4073 Patris.

1974 4115 2133 4168 Vens.
2162 4115 2247 4166 ιε.
2279 4113 2487 4181 Itaque,
2520 4114 2692 4167 dilecti
2733 4115 2851 4177 mei,
2888 4113 3020 4167 sicut
3069 4129 3264 4180 semper
3299 4114 3477 4166 obedi-

1901 4209 2014 4261 stis.
2070 4207 2488 4258 Adhortationes
2541 4221 2662 4258 cum
2722 4206 2876 4257 laude
2923 4214 2976 4257 et
3024 4205 3307 4271 praeconiis
3362 4206 3475 4258 lieri

1903 4299 2154 4353 convenit
2188 4314 2205 4354 :
2252 4298 2328 4352 sic
2353 4297 2496 4350 enim
2538 4298 2595 4348 ﬁt
2629 4305 2686 4349 ut
2715 4294 2871 4350 facile
2906 4297 3234 4363 recipiantur
3279 4314 3290 4346 :
3347 4311 3472 4363 pro-

1903 4401 2086 4462 pterea
2109 4402 2160 4444 et
2177 4394 2290 4458 ipse
2307 4404 2398 4443 eos
2419 4389 2674 4449 celebrat,
2700 4389 2922 4443 dilectos
2941 4404 3157 4450 vocans,
3184 4398 3257 4452 et,
3277 4389 3473 4452 Quem-

1903 4483 2183 4536 admodum
2219 4521 2232 4545 ,
2286 4481 2505 4548 inquit,
2562 4496 2764 4546 semper
2836 4481 3135 4535 obedivistis
3183 4497 3199 4533 :
3249 4481 3470 4547 perinde

231 4579 454 4644 Ἐδειξα
487 4581 636 4648 ὑμῖν,
672 4579 752 4631 ὅτι
779 4580 806 4629 ὁ
832 4579 956 4640 Υἱὸς
979 4577 1072 4631 τοῦ
1121 4577 1257 4631 Θεοῦ
1287 4579 1528 4646 ὑπήκοος
1559 4578 1749 4646 γέγονε
1777 4593 1791 4608 ο
1830 4573 1872 4627 D
1899 4611 1900 4616 η

1830 4573 1872 4627 D
1899 4575 2053 4643 quasi
2087 4575 2248 4637 dicat,
2281 4572 2502 4627 Ostendi
2538 4572 2690 4626 vobis
2717 4576 2856 4641 quod
2892 4573 3061 4626 Filius
3095 4573 3183 4626 Dei
3210 4572 3469 4625 ohedicns

230 4671 548 4743 μιμήσασθε
607 4671 706 4740 μὲν
753 4669 846 4724 οὑν
911 4672 1139 4736 ἐκεῖνον,
1205 4669 1519 4741 μιμήσασθε
1579 4670 1635 4722 δὲ
1703 4672 1795 4722 καὶ

224 4763 476 4824 ἑαυτούς.

301 4851 393 4918 Μὴ
422 4851 501 4916 ὡς
513 4851 583 4903 ἐν
607 4850 679 4919 τῇ
703 4851 1000 4918 παρουσίᾳ
1020 4868 1137 4918 μου
1161 4849 1370 4920 μόνον,
1399 4851 1560 4905 ἀλλὰ
1586 4849 1795 4913 πολλῴ

221 4945 464 5014 μᾶλλον
495 4945 562 4998 ἐν
591 4943 666 5012 τῇ
697 4945 964 5011 ἀπουσίᾳ
998 4961 1138 5013 μου.
1193 4944 1325 4996 Τότε
1381 4944 1479 5013 μὲν
1526 4945 1633 5012 γὰρ
1667 4945 1796 5006 ἴσως

226 5038 468 5090 ἐδοκεῖτε
497 5035 586 5088 διὰ
639 5035 738 5105 τὴν
781 5037 919 5105 πρὸς
964 5036 1062 5104 ἐμὲ
1096 5034 1229 5086 αἰδὼ
1275 5034 1448 5086 πάντα
1489 5037 1749 5102 πράττειν
1781 5051 1793 5064 ⁸

225 5128 324 5180 νῦν
350 5127 405 5179 δὲ
435 5129 530 5180 ἐὰν
552 5127 688 5197 πρὸς
717 5130 915 5197 ἀρετὴν
947 5128 1273 5196 ὲπιτείνητε,
1305 5125 1508 5192 δείξετε
1530 5127 1611 5178 ὃτι
1639 5127 1700 5178 οὑ
1726 5127 1794 5178 δι’

227 5220 353 5289 ἐμὲ,
385 5220 519 5272 ἀλλά
548 5221 634 5272 διὰ
663 5219 753 5273 τὸν
780 5221 929 5272 Θεὸν.

302 5308 461 5362 Μετὰ
488 5311 676 5377 φόϐου
706 5311 805 5363 καὶ
834 5312 1050 5377 τρόμου
1085 5311 1199 5377 τὴν
1243 5310 1472 5364 ἑαυτῶν
1499 5311 1799 5377 σωτηρίαν

226 5401 678 5469 κατεργάζεσθε.
719 5404 792 5456 Οὑ
821 5403 888 5456 δι’
919 5405 1155 5472 ἐμαυτὸν
1187 5405 1252 5470 ⁷⁸,
1299 5405 1454 5473 φησι,
1493 5405 1798 5474 παρακαλῶ

226 5495 395 5562 ὑμᾶς.
453 5493 570 5547 ἀλλ’
623 5496 707 5547 ἵνα
747 5498 815 5549 τὰ
866 5497 999 5566 πρὸς
1052 5498 1149 5565 τὴν
1183 5497 1457 5566 ὑμετέραν
1520 5498 1796 5566 σωτηρίαν

346 5627 361 5664 ί
399 5627 531 5682 Luc.
570 5643 610 5695 ι,
646 5629 735 5682 55.
849 5638 874 5677 α
913 5631 1042 5684 Luc.
1074 5646 1146 5694 tv,
1179 5632 1266 5686 35.

1899 4668 2075 4724 factus
2100 4678 2180 4723 est
2211 4687 2224 4721 :
2255 4667 2536 4721 imitamini
2569 4669 2730 4739 igitur
2755 4668 2922 4731 illum,
2976 4668 3258 4720 imitamini
3294 4679 3470 4720 autem

1897 4771 1950 4815 et
1990 4776 2082 4814 vos
2121 4761 2280 4827 ipsos.

1969 4849 2092 4904 Non
2118 4861 2366 4919 tanquam
2397 4853 2451 4903 in
2481 4853 2759 4918 prtesentia
2799 4868 2912 4904 mea
2941 4853 3132 4914 solum,
3174 4854 3264 4905 sed
3303 4856 3467 4907 multo

1896 4943 2064 5012 potius
2097 4943 2152 4994 in
2194 4942 2428 4994 absentia
2462 4959 2594 4995 mea.
2628 4942 2760 4995 Tum
2791 4944 2933 4996 enim
2979 4943 3206 4997 fortasse
3259 4945 3470 4999 videre-

1900 5035 2028 5087 tnini
2061 5045 2278 5102 propter
2325 5035 2682 5086 reverentiam
2739 5049 2864 5103 erga
2894 5050 2998 5100 me,
3047 5036 3224 5088 omnia
3261 5050 3419 5104 agere
3451 5077 3462 5090 .

1901 5137 2040 5176 nunc
2069 5135 2247 5177 autem
2280 5123 2324 5178 si
2356 5123 2420 5175 ad
2455 5123 2705 5177 virtutem
2739 5125 3048 5187 intendatis,
3085 5128 3457 5180 monstrabitis

1897 5214 2035 5283 quod
2071 5229 2175 5268 non
2211 5225 2427 5284 propter
2454 5231 2559 5278 me,
2592 5216 2683 5270 sed
2710 5226 2926 5285 pr0pter
2961 5217 3145 5270 Deum.

1993 5304 2122 5359 Cum
2157 5309 2341 5360 timore
2385 5323 2445 5360 ae
2475 5318 2696 5361 tremore
2719 5320 2942 5360 vestram
2975 5313 3207 5376 ipsorum
3237 5311 3460 5363 salutem

1895 5402 2197 5470 aperemini.
2241 5402 2354 5456 Non
2386 5413 2604 5471 propter
2639 5404 2923 5473 meipsum,
2959 5407 3148 5474 inquit,
3205 5405 3463 5459 adhortor

1895 5510 2008 5561 vos,
2045 5496 2139 5550 sed
2169 5506 2226 5550 ttt
2270 5510 2331 5551 ea
2362 5511 2482 5566 qua:
2508 5496 2573 5549 ad
2604 5506 2834 5551 vestram
2867 5497 3092 5553 salutem
3124 5509 3268 5564 sunt,
3302 5490 3482 5552 racia?

1579 5747 1776 5807 Varia
1820 5745 2149 5808 lectiones.

937 5849 981 5881 "
1019 5848 1116 5917 ἐμὲ
1145 5863 1196 5902 0.

334 5849 402 5876 ⁷⁵·
439 5847 750 5916 κηρύξωσιν
788 5865 862 5903 tn.
