4226 6440
201 407 335 469 1169

936 404 1339 467 EXPOSlTlO
1384 405 1462 466 IN
1507 406 1737 466 El’lST.
1788 407 1882 465 Al)
1920 408 2250 474 PHILIPP.
2280 415 2517 476 —CAP.
2567 416 2644 475 ll.

3311 416 3446 480 1170

209 524 267 572 ’0
307 520 415 588 γάρ
437 518 747 587 γογγύζων,
792 519 1085 590 ἀχάριστος
1122 522 1218 574 καὶ
1250 521 1553 591 δύσφημος.
1585 523 1774 576 Διαλο-
1803 522 1851 582 Α

1803 522 1851 582 Α
1883 528 2408 591 nmrmnrationibus,
2462 529 2660 599 inquit.
2721 531 2895 582 omnia
2934 531 3107 599 facile.
3161 531 3257 595 Qui
3303 532 3444 584 viain.

195 612 426 681 γισμοὺς
475 610 551 671 δὲ,
585 611 684 680 τὴν
735 612 1013 682 διάκρισιν
1046 629 1179 681 φησι
1206 614 1299 665 καὶ
1334 612 1424 666 τὸν
1449 613 1767 681 δισταγμὸν.

196 701 356 757 (How
392 706 561 756 Ὅταν
611 704 833 774 ἐντολῆς
876 708 1243 775 προκειμένης
1280 706 1413 776 λέγῃ
1448 723 1530 770 τις
1558 723 1569 735 ·
1605 704 1769 776 Ἀρά,

198 798 292 849 ἐὰν
315 797 432 849 τόδε
468 796 701 865 ποιήσω,
730 796 836 859 ἔξω
865 797 1054 866 μισθόν
1089 816 1101 860 ;
1131 794 1241 865 ἆρα
1286 797 1443 850 καλόν
1476 798 1655 859 tactv;
1697 798 1770 849 Ub

198 892 280 942 δεῖ
304 890 408 959 γὰρ
432 893 489 941 ἐν
518 894 629 954 τοῖς
668 890 932 953 τοιούτοις
950 890 1248 954 διστάζειν,
1280 892 1415 944 ἀλλὰ
1436 892 1773 954 πεποιθότως

200 984 376 1035 ποιεῖν
406 999 421 1013 ⁸
462 983 567 1037 κᾶν
612 984 771 1047 πόνος
806 980 863 1058 ᾗ,
927 982 1027 1037 κᾶν
1077 984 1343 1054 κάματος,
1389 984 1550 1054 μηδὲν
1593 985 1773 1038 διαλο-

199 1076 466 1143 γίζεσθαι.

273 1255 405 1308 Ἵνα
443 1253 700 1321 γένησθε
750 1254 1039 1323 ἄμεμπτοι
1095 1256 1189 1308 καὶ
1255 1256 1534 1322 ἀκέραιοι.
1608 1259 1772 1309 Τουτ-

199 1348 367 1412 ἐστιν,
404 1347 760 1415 ἀνεπίληπτοι
783 1349 873 1400 καὶ
899 1348 1114 1401 ἄσπιλοι
1141 1365 1154 1379 ο
1187 1349 1246 1400 οὐ
1286 1351 1390 1419 γάρ
1418 1350 1589 1420 μικρὰ
1617 1350 1769 1417 κηλὶς

198 1444 224 1492 ὁ
254 1442 585 1511 γογγυσμὸς.
622 1442 734 1493 Οὐκ
767 1436 888 1493 εἶπε
924 1441 998 1501 δὲ,
1046 1440 1238 1510 ὥσπερ
1263 1443 1319 1493 ὲν
1378 1445 1441 1511 τῇ
1480 1443 1615 1512 πρὸς
1655 1445 1758 1495 Κο-

202 1532 457 1602 ρινθίους,
501 1534 582 1585 ὅτι
608 1534 831 1595 κόλασις
864 1532 1156 1586 ἀπόκειται
1186 1532 1265 1602 τῷ
1296 1534 1617 1604 γογγυσμῴ,
1640 1534 1772 1588 διότι

197 1625 272 1688 ὡς
300 1626 607 1695 ἐλευθέροις
650 1626 863 1689 τούτοις
900 1626 1232 1694 διαλέγεται.
1272 1627 1472 1679 "Ancus
1526 1629 1632 1699 γὰρ
1682 1630 1775 1683 καὶ

197 1718 306 1771 τῶν
331 1718 458 1786 ἑξῆς
479 1733 493 1748 ο

276 1810 461 1865 Τέκνα
491 1811 639 1865 Θεοῦ
666 1810 974 1880 ἀμώμητα.
1028 1812 1192 1865 Ὥστε
1225 1812 1427 1867 δούλων
1472 1816 1565 1867 καὶ
1596 1815 1775 1883 ἀγνωοο

1879 627 2204 683 murmurat,
2240 620 2479 690 ingratus
2507 631 2561 675 et
2597 620 2890 675 maledicus
2922 632 3022 675 est.
3063 621 3445 676 [laesitationes

1876 721 2076 776 autem,
2112 711 2552 782 dijudicationem
2585 716 2713 769 dicit
2735 730 2798 769 ac
2826 715 3213 770 dubitationem
3252 717 3447 771 :veluti

1875 804 1920 856 si
1977 806 2230 861 mandato
2281 808 2557 877 proposito
2605 809 2749 863 dicat
2798 810 3040 878 aliquis:
3083 808 3218 862 Num
3257 810 3299 863 si
3349 810 3448 863 boe

1874 896 2076 961 fecero,
2134 899 2344 954 bauebo
2392 902 2733 957 mercedem?
2765 902 3034 970 Numquid
3084 903 3187 956 hoc
3246 904 3444 954 bonum

1874 983 2066 1040 est?ln
2100 986 2296 1043 talibus
2332 991 2475 1044 enim
2516 1006 2621 1045 non
2654 1001 2737 1045 est
2768 992 3150 1054 dubitandum,
3186 992 3279 1045 sed
3314 1006 3446 1044 cou-

1877 1079 2104 1133 tideutcr
2132 1081 2419 1147 agendum,
2452 1097 2515 1136 ac
2539 1085 2654 1138 sive
2677 1084 2747 1138 sit
2776 1084 2947 1147 labor,
2978 1084 3090 1138 sive
3113 1083 3446 1154 defatigatio,

1876 1170 2006 1224 nihil
2049 1180 2133 1224 est
2157 1170 2587 1239 disceptandum.

1952 1261 2107 1317 Vens.
2140 1262 2224 1316 15.
2256 1262 2323 1316 Ut
2375 1265 2487 1317 sitis
2522 1268 2631 1319 sine
2685 1266 2896 1334 querela
2924 1276 2969 1318 et
3020 1266 3300 1330 simplices.
3338 1266 3450 1321 Hoc

1878 1366 1980 1419 ρει,
2040 1357 2551 1425 irrepreltensibiles
2597 1368 2650 1412 et
2699 1360 3031 1415 immaculati
3060 1378 3073 1423 ;
3104 1361 3240 1413 baud
3286 1377 3449 1428 parva

1875 1446 2018 1499 enim
2053 1447 2257 1500 macula
2291 1460 2371 1503 est
2410 1449 2861 1504 obmurmuratio.
2906 1448 3020 1503 Non
3073 1450 3208 1503 dixit
3249 1461 3447 1514 autem,

1881 1547 1935 1590 ut
1972 1538 2024 1592 iu
2054 1537 2218 1609 442
2247 1538 2484 1607 Epistola
2518 1540 2583 1594 ad
2624 1540 2955 1605 Corinthios,
2996 1557 3209 1609 pmuum
3241 1541 3448 1608 reposi-

1881 1641 1986 1685 tam
2040 1646 2158 1686 esse
2188 1634 2476 1696 murmuri,
2525 1649 2590 1687 eo
2630 1635 2771 1702 quod
2797 1634 2947 1688 hisce
2982 1644 3234 1703 tanquam
3269 1634 3451 1687 liberis

1881 1726 2150 1795 loquatur.
2185 1726 2319 1779 Audi
2362 1727 2505 1780 enim
2531 1728 2832 1795 sequentia.

1953 1815 2084 1871 Filii
2119 1818 2215 1872 Dei
2243 1820 2354 1872 sine
2386 1819 2802 1884 reprehensione.
2846 1819 3136 1873 Serrorum
3170 1818 3352 1887 itaque
3399 1828 3453 1869 et

205 1899 383 1967 μόνων
434 1898 496 1951 τὸ
546 1898 860 1967 γογγύζειν.
915 1900 1073 1962 Ποῖος
1118 1901 1224 1971 γὰρ
1260 1902 1373 1964 υίὸς
1409 1903 1467 1955 ὲν
1524 1906 1635 1966 τοῖς
1683 1904 1775 1958 τοῦ
1811 1884 1850 1939 Β

1811 1884 1850 1939 Β
1881 1912 2215 1981 ingratorum
2249 1924 2333 1965 est
2366 1928 2727 1967 nmrmurare.
2783 1911 2969 1979 Qualis
3010 1911 3154 1964 enim
3208 1912 3347 1963 titius
3397 1912 3447 1962 iu

205 1990 406 2059 πατρὸς
438 1989 671 2075 [πονῶνὶ
697 1992 790 2045 καὶ
819 1992 995 2061 ἐαυτῷ
1026 1994 1272 2062 κάμνων,
1308 1994 1596 2062 ventitet;

284 2082 389 2136 Ἐν
415 2082 584 2152 μέσῳ
608 2081 814 2151 γενεᾶς
855 2084 1113 2150 σκολιᾶς
1145 2086 1243 2139 καὶ
1282 2086 1771 2160 διεστραμμένης.

202 2170 357 2237 Οἶδα,
398 2173 584 2241 φησιν,
620 2174 700 2226 ὅτι
735 2172 922 2226 πολλοὶ
953 2175 1003 2227 οἱ
1026 2176 1414 2245 πολεμοῦντες,
1467 2181 1562 2233 καὶ
1590 2184 1669 2245 είς
1716 2184 1776 2234 τὸ

202 2264 495 2333 γογγύζειν
523 2267 666 2335 ὑμᾶς
695 2265 1077 2337 ἐκϐιαζόμενοι
1110 2286 1125 2301 ο
1158 2270 1295 2323 ἀλλὰ
1343 2270 1501 2325 τοῦτο
1534 2272 1774 2342 μάλιστα

201 2358 510 2421 ἐπαινετὸν,
540 2359 665 2411 ὅταν
683 2377 766 2422 τις
793 2361 888 2412 καὶ
907 2362 1400 2433 παρακνιζόμενος,
1425 2365 1579 2419 οὐδὲν
1598 2367 1778 2421 τοιοῦ-

202 2466 295 2501 τον
325 2451 531 2521 πάσχῃ.

272 2540 373 2594 Ἐν
396 2539 785 2611 οἵςφαίνεσθε
806 2546 885 2611 ὡς
903 2545 1215 2616 φωστῆρες
1246 2550 1316 2604 ἐν
1335 2553 1561 2619 κόσμῳ,
1592 2556 1779 2624 λόγον

206 2635 357 2703 ζωῆς
386 2637 652 2706 ἔχοντες.
690 2639 903 2709 Ὠσπερ
936 2642 985 2693 οι
1022 2643 1311 2713 ᾳωστῆρες
1336 2646 1393 2696 ἐν
1425 2646 1608 2701 σκότει
1637 2647 1776 2719 λάμ-

208 2748 419 2795 πουσιν,
437 2728 577 2783 οὕτω
608 2733 702 2783 καὶ
728 2731 886 2797 ὑμεῖς
913 2732 971 2783 ὲν
1004 2733 1153 2805 μέσῳ
1176 2734 1282 2787 τῶν
1311 2736 1564 2804 σκολιῶν,
1604 2740 1779 2804 εὐθεῖς

204 2822 379 2884 ὄντες,
426 2822 627 2891 μᾶλλον
677 2822 1032 2893 άπολάμπειν
1102 2826 1460 2881 σπουδάσατε.
1514 2830 1586 2882 Τὸ
1645 2832 1778 2901 γὰρ,

206 2913 520 2975 Φαίνεσθε,
550 2912 953 2981 προστακτικὸν
984 2911 1132 2965 δοκεῖ
1156 2931 1265 2983 μοι.
1295 2916 1473 2982 Λόγοι
1525 2916 1578 2969 δὲ
1631 2916 1779 2985 ζωῆς

205 3005 453 3071 ἔχοντες
471 3004 541 3066 δ’,
563 3002 705 3055 τοῦτ’
732 3004 869 3067 ἔστι,
893 3000 1123 3073 Σπέρμα
1154 3005 1302 3073 ζωῆς
1331 3008 1389 3058 ὲν
1417 3007 1544 3075 ὑμῖν
1579 3008 1762 3072 αὐτοῖς

203 3096 443 3162 ελοντες,
470 3095 564 3147 καὶ
598 3093 885 3163 μέλλοντες
950 3093 1235 3163 ζήσεσθαι,
1268 3096 1360 3148 καὶ
1391 3096 1639 3150 ἐντεῦθεν
1675 3099 1774 3168 ήδη

203 3188 276 3257 ae
291 3186 504 3239 ΰαὸὦνα
528 3186 625 3255 τῆς
661 3185 935 3253 σωτηρίας
967 3185 1243 3249 λαϐόντες.
1311 3189 1403 3255 Ἦ,
1437 3188 1519 3241 ὅτι
1565 3190 1773 3262 Ὠσπερ

204 3281 251 3330 οἱ
292 3277 573 3346 σωστῆρες
606 3278 703 3330 καὶ
729 3275 1026 3343 φωτίζουσι
1069 3279 1162 3331 καὶ
1201 3278 1509 3343 άναζωοῦσι
1537 3282 1606 3335 τά
1668 3282 1770 3336 ad)-

209 3383 357 3433 ματα
390 3370 456 3436 τῇ
490 3366 765 3436 estest".
797 3367 938 3420 οὕτω
974 3369 1067 3421 καὶ
1102 3368 1261 3439 ὑμεῖς
1311 3373 1584 3427 σπεύσατε
1634 3372 1776 3430 εἶναι

206 3456 415 3527 ζωτικὴ
442 3460 554 3521 τοῖς
589 3458 770 3520 ἄλλοις
803 3458 1110 3529 ἀνθρώποις
1139 3459 1385 3532 δύναμις.

280 3547 383 3612 Εἰς
408 3549 689 3618 καύχημα
701 3550 827 3618 ἐμοὶ
851 3553 938 3616 εἰς
956 3551 1183 3620 ἡμέραν
1198 3556 1475 3622 Χριστοῦ.
1505 3559 1774 3631 Τοσαύτη,

208 3640 393 3709 φησιν,
430 3642 461 3709 ἡ
496 3642 736 3709 ὑμετέρα
766 3643 937 3713 ἁρετὴ
974 3644 1294 3709 {arundine
1330 3648 1403 3716 μὴ
1437 3650 1599 3718 μόνον
1631 3652 1773 3722 ὑμᾶς

205 3737 286 3793 εἰς
313 3733 406 3803 τὴν
430 3734 572 3805 ζωὴν
603 3734 777 3803 ἄγειν,
802 3735 936 3789 ἀλλὰ
954 3738 1049 3789 καὶ
1074 3737 1174 3806 ἐμὲ
1195 3736 1578 3812 λαμπρότερον
1599 3747 1772 3797 ποιεῖν

206 3827 265 3876 ἐν
291 3827 355 3892 τῇ
389 3826 664 3897 παρουσίᾳ
694 3826 787 3879 τοῦ
822 3827 1083 3897 Χριστοῦ.

306 3916 433 3969 "Ott
461 3920 571 3970 οὐκ
624 3922 709 3983 εις
747 3919 927 3971 κενὸν
962 3919 1242 3990 ἔδραμον,
1281 3922 1424 3978 οὐδὲ
1479 3928 1567 3992 είς
1596 3930 1777 3984 κενὸν

202 4010 524 4063 ἐκοπίασα.
562 4011 731 4068 raw
767 4029 857 4081 μοι
882 4012 1163 4085 καύχημα,
1209 4016 1290 4069 ὅτι
1328 4019 1602 4085 τοιούτους
1633 4024 1775 4092 ὑμᾶς

203 4100 527 4167 ἐπαίδευσα,
564 4105 657 4155 καὶ
700 4105 760 4155 οὐ
799 4107 956 4168 κενός
1015 4106 1181 4175 pou“
1225 4110 1253 4161 ό
1288 4110 1374 4178 ἐφ’
1431 4112 1560 4181 ὑμῖν
1609 4117 1775 4181 κόπος

204 4194 450 4261 γέγονεν.

284 4285 447 4337 Ἀλλ’
478 4289 529 4339 εὶ
574 4288 668 4340 καὶ
708 4290 1041 4360 σπένδομαι
1079 4295 1179 4347 ἐπὶ
1209 4294 1283 4364 τῇ
1304 4297 1482 4364 θυσίᾳ
1534 4300 1632 4351 καὶ
1661 4304 1777 4354 λει-

207 4375 452 4441 τοινργίᾳ
482 4374 590 4441 τῆς
618 4379 879 4445 πίστεως
900 4381 1090 4450 ὐμῶν,
1131 4385 1313 4453 χαίρω
1338 4387 1436 4439 καὶ
1465 4392 1771 4458 συγχαίρω

203 4466 397 4519 πᾶσιν
451 4469 610 4536 ὑμῖν.
649 4471 709 4522 Εἰ
752 4474 842 4524 καὶ
886 4475 1147 4539 τελευτῶ,
1221 4478 1385 4546 φησιν
1445 4479 1602 4533 τοῦτο
1667 4483 1776 4553 γὰρ

1881 2002 2109 2071 negotiis
2136 2002 2377 2070 paternis
2411 2002 2623 2071 sibique
2649 2004 2760 2072 ipse
2810 2002 3062 2055 laborans
3115 2002 3456 2055 murmurat?

1936 2095 2002 2149 In
2032 2097 2202 2150 medio
2224 2096 2455 2149 nationis
2484 2112 2661 2164 prava:
2690 2105 2737 2149 et
2770 2110 3041 2163 perversaz.
3075 2093 3231 2158 Novi,
3260 2093 3451 2160 inquit,

1880 2188 2075 2243 multos
2104 2203 2226 2243 esse
2268 2189 2357 2257 qui
2410 2189 2608 2242 bellant
2640 2198 2831 2257 gerant
2872 2188 3161 2241 adversum
3208 2200 3321 2249 vos,
3359 2201 3453 2238 co-

1879 2287 2069 2348 gentes
2102 2278 2175 2332 ita
2207 2291 2302 2331 vos
2338 2292 2713 2343 murmurare;
2740 2292 2923 2330 verum
2970 2275 3309 2344 potissimum
3353 2276 3453 2329 hoc

1879 2379 1962 2428 est
1987 2369 2333 2433 laudandum,
2360 2369 2403 2423 si
2428 2369 2553 2439 quis
2580 2369 2822 2423 irritatus
2849 2369 2922 2422 uit
2953 2369 3055 2422 tale
3090 2369 3272 2422 faciat.

1955 2544 2118 2601 Vsus.
2156 2545 2243 2611 15,
2275 2545 2360 2600 16.
2399 2544 2463 2599 1η
2492 2545 2677 2615 quibus
2709 2545 2871 2597 lucete
2901 2551 3035 2597 sicut
3066 2544 3353 2597 luminaria
3401 2548 3453 2596 tn

1882 2640 2094 2702 mundo,
2146 2641 2264 2691 vita:
2299 2636 2506 2691 verbum
2541 2637 2804 2691 habentes.
2864 2635 3039 2705 Eque
3075 2651 3135 2689 ac
3169 2636 3452 2690 luminaria

1881 2730 1933 2783 in
1970 2731 2209 2785 tenebris
2242 2729 2442 2794 lucent,
2479 2730 2622 2783 hunc
2652 2729 2716 2783 ad
2750 2730 2962 2783 modum
2987 2738 3041 2782 et
3075 2744 3169 2782 vos
3196 2729 3248 2782 iu
3282 2730 3456 2781 medio

1881 2838 2280 2892 perversurum,
2302 2823 2432 2877 recti
2460 2822 2923 2892 cumlsitis,‘magis
2945 2820 3200 2889 eﬂulgere
3226 2821 3453 2873 studete.

1882 2914 1993 2970 lloc
2027 2916 2170 2968 enim
2204 2914 2345 2982 quod
2374 2914 2471 2977 ait,
2499 2912 2714 2979 Luccte,
2752 2913 3130 2981 imperativum
3165 2928 3287 2966 esse
3325 2912 3454 2965 inibi

1884 3008 2113 3062 videtur.
2140 3006 2225 3068 Et,
2264 3004 2488 3061 Verbum
2518 3007 2633 3059 vita
2660 3006 2926 3070 habentes,
2979 3006 3080 3058 hoc
3119 3017 3228 3070 εει,
3256 3006 3453 3057 Summ

1880 3102 2002 3155 vita":
2036 3101 2087 3154 in
2121 3100 2271 3155 vobis
2302 3100 2432 3167 ipsis
2478 3100 2759 3162 habentes,
2787 3108 2843 3152 et
2886 3097 3075 3151 victuri
3126 3098 3367 3163 pestium,
3402 3106 3455 3149 et

1883 3194 2239 3248 arrbabonem
2315 3192 2506 3247 salutis
2546 3192 2658 3260 jam
2718 3207 2861 3245 nunc
2911 3190 3285 3257 accipientes.‘
3316 3190 3450 3242 νοις

1885 3283 2348 3351 Quemadmodum
2374 3282 2655 3336 luminaria
2686 3290 2740 3335 et
2764 3281 2965 3345 lucent,
2994 3292 3285 3349 etcorpora
3307 3278 3420 3333 relo
3440 3306 3454 3321 -

1885 3376 2166 3432 cillatione
2189 3374 2461 3429 viviticaut
2486 3392 2497 3427 :
2528 3376 2606 3429 sic
2635 3382 2689 3429 et
2712 3390 2804 3429 vos
2824 3373 3096 3429 conamini
3132 3386 3251 3427 esse
3270 3371 3444 3425 vitalis

1884 3470 2002 3525 aliis
2033 3469 2341 3525 hominibus
2372 3470 2633 3540 potentia.

1954 3568 2034 3619 Ad
2056 3566 2421 3637 gloriatione»:
2458 3564 2583 3618 mihi
2604 3565 2657 3617 in
2683 3562 2769 3617 die
2795 3562 3008 3617 Christi.
3043 3558 3235 3624 Tanta,
3263 3560 3453 3628 inquit,

1884 3668 2063 3713 vestra
2100 3661 2266 3714 virtus
2291 3659 2381 3719 sit,
2415 3667 2472 3709 ut
2500 3672 2604 3711 non
2637 3657 2809 3711 solum
2848 3671 2939 3710 vos
2974 3655 3040 3709 ad
3072 3655 3232 3708 vitam
3269 3654 3452 3715 ducat,

1884 3766 2068 3804 verum
2110 3750 2271 3804 etiam
2338 3765 2424 3803 me.
2474 3748 2845 3819 fulgentiorem
2916 3730 3163 3801 laciatin
3226 3748 3454 3799 advequ

1881 3842 2103 3899 Christi.

1956 3938 2218 4003 Quoniam
2259 3954 2359 3990 non
2399 3937 2452 3989 in
2480 3952 2674 3990 vanum
2706 3935 2935 3998 rueurri,
2974 3948 3138 4003 neque
3177 3935 3230 3985 in
3266 3948 3457 3985 vanum

1885 4032 2153 4085 laborati.
2201 4030 2325 4085 Haec
2362 4045 2480 4084 mea
2536 4029 2787 4099 gloriatio
2823 4038 2929 4093 est,
2983 4030 3124 4096 quod
3179 4027 3312 4081 tales
3363 4042 3456 4079 vos

1883 4123 2110 4189 institui,
2143 4138 2241 4177 nec
2282 4122 2458 4176 inanis
2492 4121 2625 4175 mihi
2656 4121 2810 4175 labor
2830 4121 2971 4190 apud
3003 4136 3096 4173 vos
3131 4118 3311 4174 fuerit.

1957 4300 2116 4354 Vens.
2198 4300 2287 4352 l7.
2344 4298 2447 4352 Sed
2521 4298 2618 4351 etsi
2673 4295 2922 4348 immoior
2962 4310 3118 4362 super
3173 4293 3344 4345 hostia
3406 4302 3455 4343 et

1882 4392 2143 4460 sacriﬁcio
2172 4391 2295 4457 ﬁdei
2327 4401 2530 4449 vestrw,
2577 4387 2801 4457 gaudeo,
2827 4397 2874 4439 et
2902 4385 3242 4454 congratulor
3281 4386 3454 4435 omni—

1883 4487 1974 4539 bus
2006 4485 2164 4539 vobis.
2212 4484 2322 4536 Etsi
2377 4481 2602 4546 morior,
2635 4480 2809 4547 inquit
2843 4495 2856 4531 :
2884 4478 2983 4531 hoc
3016 4478 3158 4530 enim
3211 4475 3454 4529 immolu.

207 4557 443 4628 σπονδὴν
475 4560 649 4624 καλεῖ,
678 4562 776 4631 τὴν
815 4564 1094 4635 τελευτήν.
1124 4567 1462 4638 Σπένδομαι
1491 4571 1548 4623 δὲ
1574 4570 1672 4625 ἐπὶ
1700 4572 1777 4641 τῇ
1812 4594 1854 4648 ι)

1812 4594 1854 4648 ι)
1885 4579 2084 4632 tionem
2136 4586 2308 4637 vocat,
2344 4582 2568 4626 mortem
2648 4570 2903 4624 nimirum
2950 4571 3139 4635 ipsam.
3195 4566 3452 4620 Immolor

202 4650 387 4715 θυσίᾳ
418 4650 514 4703 καὶ
547 4655 885 4723 λειτουργίᾳ
936 4657 1045 4725 τῆς
1075 4660 1331 4728 πίστεως
1372 4663 1538 4733 ὑμῶν
1559 4680 1573 4694 ’
1617 4683 1779 4720 τουτ-

203 4742 341 4801 έστι,
398 4743 666 4813 Πρότερον
734 4746 878 4814 ὑμᾶς
930 4748 1097 4812 θύσας
1121 4750 1190 4814 ⁸³,
1264 4756 1361 4807 καὶ
1436 4755 1775 4827 λειτουργίαν

205 4830 405 4902 [ὑμᾶς]
446 4836 846 4905 προσενεγκὼν,
896 4840 989 4892 καὶ
1030 4843 1249 4906 πιστοὺς
1302 4847 1534 4916 ποιήσας
1566 4866 1579 4879 ·
1630 4850 1779 4918 ὅμως

201 4924 301 4990 οὐχ
320 4922 392 4984 ὡς
410 4925 437 4974 ὁ
464 4925 899 4997 ἀποθανούμενος
930 4929 1227 5000 λυποῦμαι,
1253 4932 1389 4987 ἀλλὰ
1432 4954 1449 4987 ι
1480 4937 1573 4989 καὶ
1602 4939 1779 5009 χαίρω

203 5016 300 5067 καὶ
341 5018 620 5086 συγχαίρω
658 5021 821 5073 πᾶσιν
869 5022 1015 5091 ὑμῖν.
1053 5042 1072 5074 s
1120 5025 1309 5096 Χαίρω
1360 5029 1460 5097 μὲν
1518 5026 1629 5095 οὖν,
1694 5033 1776 5085 ὅτι

204 5108 407 5179 σπονδὴ
446 5111 666 5181 γίνομαι
699 5130 713 5145 ·
747 5116 1026 5186 συγχαίρω
1051 5118 1128 5181 δὲ,
1161 5119 1252 5172 ὅτι
1281 5121 1380 5191 τὴν
1409 5122 1594 5177 πίστιν
1622 5125 1774 5194 ὑμῶν

201 5196 278 5258 ὡς
311 5196 500 5252 ουσίαν
536 5204 797 5270 προσάγω
826 5204 903 5275 τῷ
934 5207 1175 5277 Χριστῷ.

284 5290 352 5341 Τὸ
381 5289 432 5340 δ’
463 5292 609 5344 αὐτὸ
653 5295 751 5348 καὶ
783 5296 952 5365 ὑμεῖς
974 5299 1229 5366 χαίρετε.
1257 5301 1376 5355 Ὅτι
1408 5304 1455 5336 ’⁸
1492 5306 1585 5358 καὶ
1618 5307 1773 5361 αὐτοὶ

206 5385 638 5453 προτηνὲχθητε.

284 5475 391 5527 Καὶ
434 5483 791 5551 συγχαίρετέ
829 5505 951 5555 μοι.
996 5490 1119 5543 ’Ὁτι
1180 5490 1500 5545 σπένδεσθαι
1565 5493 1773 5563 μέλλων

204 5569 385 5637 Ilipa)
412 5575 499 5624 ιη’
530 5577 678 5647 αὐτῷ
702 5580 768 5631 ⁸⁷.

1880 4678 2059 4722 autem
2108 4684 2262 4733 super
2310 4666 2517 4720 victima
2548 4673 2595 4716 et
2636 4661 2897 4730 sacriﬁcio
2937 4661 3059 4729 ﬁdei
3084 4668 3267 4713 vestra:
3305 4676 3323 4713 :
3354 4662 3454 4712 hoc

1878 4768 1984 4819 est.
2026 4756 2123 4812 Ubi
2161 4757 2307 4822 prius
2334 4770 2427 4808 vos
2467 4754 2739 4806 victimam
2779 4763 2833 4804 et
2858 4765 3073 4804 sacrum
3108 4749 3217 4803 Deo
3242 4749 3452 4802 obtule-

1880 4866 1964 4911 ro,
1994 4848 2174 4902 tldeles
2203 4862 2295 4901 vos
2343 4846 2548 4900 faciens
2572 4862 2585 4897 :
2611 4854 2848 4897 attamen
2881 4856 2991 4894 nou
3034 4851 3289 4907 tanquam
3336 4855 3450 4889 mo-

1884 4941 2086 4992 riturus
2119 4937 2335 4990 tristitia
2372 4934 2595 5000 allicior,
2633 4948 2818 4986 verum
2848 4932 2999 4986 ketor
3036 4941 3091 4983 et
3137 4929 3451 4998 cougaudeo

1883 5031 2134 5084 omnibus
2168 5030 2339 5083 vobis.
2378 5028 2554 5081 Laetor
2585 5027 2801 5095 quidem
2830 5025 2972 5094 quod
3002 5023 3232 5077 libamen
3277 5022 3398 5073 liam
3435 5039 3448 5074 :

1882 5122 2120 5175 collzntor
2158 5130 2360 5186 autem,
2392 5119 2646 5187 quoniam
2688 5118 2845 5171 ﬁdem
2880 5124 3111 5170 vestram
3142 5112 3303 5166 veluti
3329 5112 3454 5165 bos-

1883 5211 2006 5264 tiatn
2040 5208 2209 5264 ollero
2238 5210 2473 5288 Qbristo.

1954 5306 2111 5359 Vens.
2152 5304 2237 5357 18.
2273 5304 2336 5355 l.l
2370 5307 2539 5370 ipsum
2585 5315 2760 5357 autem
2806 5310 2855 5356 et
2894 5318 2978 5356 ros
3019 5300 3261 5369 gaudete.
3297 5295 3449 5361 Quod

1882 5411 1933 5454 et
1965 5399 2060 5467 ipsi
2092 5399 2252 5452 oblati
2295 5397 2431 5451 sitis.

1958 5490 2021 5542 Et
2060 5488 2377 5557 congaudcte
2401 5487 2551 5539 mihi.
2598 5486 2864 5551 Quoniam
2916 5497 3016 5553 ego
3060 5477 3445 5539 imntolaudus,

1882 5586 1950 5637 ob
1993 5586 2043 5637 td
2080 5584 2249 5649 ipsum
2282 5584 2450 5637 laetor.

1560 5727 1761 5788 Varitu
1790 5728 2117 5787 lectiones.

271 5838 314 5871 "
368 5841 649 5911 ἐπέχο·ιτ.ς
683 5865 731 5899 υ.
812 5847 856 5879 ⁸⁵
889 5847 1059 5917 Ολίπξει
1097 5868 1145 5903 υ.

1227 5852 1268 5881 ε’*
1311 5870 1472 5919 μοιι).
1544 5854 1586 5885 ⁵⁵
1629 5852 1838 5906 θυσίαν.
1904 5867 1952 5907 0.
2035 5854 2064 5881 "‘
2117 5851 2191 5903 Ξτι
2228 5870 2276 5905 ιι.

2358 5851 2396 5879 ³⁷
2434 5850 2653 5920 Ξςιχυτιξι
2686 5870 2737 5899 ιι.
