4226 6440
242 371 379 434 1181

987 361 1511 439 EXPOSITIOJX
1551 359 1789 421 EPIST.
1836 358 1937 420 AD
1978 359 2308 422 Pl-IlLlPP.
2349 384 2413 394 -
2448 359 2606 419 CAP.
2650 358 2764 419 lli.

3375 353 3512 416 1182

317 490 479 544 Κατὰ
534 487 932 551 δικαιοσύνην
990 482 1107 550 τὴν
1160 481 1231 534 ἐν
1287 460 1448 555 νόμω
1506 477 1828 547 γενόμενος

2003 474 2303 529 Secundum
2329 473 2598 542 justitiam
2624 489 2739 541 qum
2789 473 2843 524 in
2883 471 2993 541 lege
3036 481 3513 537 est,.conrcrsa.'us

235 588 571 657 ἄμεμπτος.
629 581 847 650 Ἐπειδὴ
891 578 1075 631 πολλοὶ
1124 578 1218 629 καὶ
1261 572 1350 626 διὰ
1401 572 1692 643 φιλαρχίαν
1731 570 1828 641 ζη-

236 677 417 739 λοῦσι,
442 677 535 728 καὶ
558 674 623 727 δι’
650 673 816 736 ἄλλας
838 670 1037 732 αἰτίας,
1067 668 1162 720 καὶ
1188 665 1310 735 οὐχὶ
1338 665 1482 733 ὑπὲρ
1513 661 1608 716 τοῦ
1638 661 1823 730 νόμον,

238 769 410 836 φησιν
432 806 447 830 ,
487 767 568 820 ὅτι
603 764 891 835 ἄμεμπτος
924 761 999 815 ὢν
1043 758 1185 812 κατὰ
1218 758 1315 829 τὴν
1355 759 1413 810 ὲν
1444 754 1593 826 νόμῳ
1625 754 1825 806 δικαιο-

239 859 449 927 σύνην,
502 856 618 919 πῶς
652 856 717 910 ἂν
752 855 841 909 ὃιὰ
875 872 927 907 τι
968 851 1307 923 ἀνθρώπινον
1337 847 1557 901 ἐδίωκον
1584 887 1598 912 ,
1632 846 1725 898 καὶ
1764 844 1824 896 οὺ

239 953 387 1006 κατὰ
419 952 559 1004 θεῖον
599 949 759 1017 ζῆλον
780 965 795 1015 ;

332 1044 483 1099 Ἀλλ’
515 1043 691 1098 ἅτινα
727 1038 807 1111 ἦν
843 1057 946 1108 μοι
990 1037 1173 1107 κέρδη
1201 1078 1217 1103 ,
1252 1035 1442 1090 ταῦτα
1472 1033 1693 1102 ἥγημαι
1729 1030 1828 1084 διὰ

236 1137 353 1191 τὸν
386 1135 646 1203 Χριστὸν
695 1133 928 1200 ζημίαν.
957 1128 1137 1185 Ἀλλὰ
1181 1128 1479 1198 μενοῦνγε
1508 1124 1605 1177 καὶ
1643 1122 1823 1192 ἠγοῦ-

231 1246 346 1298 μαι
370 1229 568 1282 πάντα
596 1226 809 1295 ζημίαν
832 1221 985 1279 εἶναι
1007 1222 1107 1277 διὰ
1127 1222 1195 1276 τὸ
1227 1219 1522 1289 ὑπερέχον
1546 1216 1653 1286 τῆς
1682 1215 1829 1286 γνώ-

238 1336 397 1385 σεως
435 1318 632 1386 Ἰησοῦ
657 1317 915 1385 Χριστοῦ
939 1315 1046 1369 τοῦ
1065 1315 1287 1383 Κυρίου
1312 1328 1454 1380 μου.
1489 1308 1755 1364 Ἐνταῦθα
1780 1308 1827 1360 oi

240 1416 340 1467 τὸν
362 1416 525 1484 νόμον
544 1411 925 1472 διαϐάλλοντες
947 1407 1213 1481 αἱρετικοὶ
1238 1402 1631 1473 ἐπιπηδῶντες,
1672 1402 1826 1464 Ἰδοὺ,

242 1508 405 1576 φασὶ,
431 1506 635 1576 ζημίαν
664 1502 917 1575 ὀνομάζει
947 1501 1038 1557 τὸν
1066 1501 1230 1571 νόμον
1251 1498 1367 1572 [καὶ
1388 1494 1631 1552 σκύϐαλα
1648 1495 1691 1567 ο]
1714 1495 1829 1556 πῶς

241 1597 342 1654 οὖν
389 1600 539 1669 παρὰ
572 1597 667 1651 τοῦ
706 1596 841 1651 Θεοῦ
878 1594 1071 1664 ὲδόθης
1125 1592 1347 1663 Πρῶτον
1397 1591 1495 1660 μὲν
1533 1589 1625 1642 οὖν
1671 1589 1829 1657 εὔχα-

242 1692 631 1762 ριστήσωμεν,
674 1690 754 1742 ὅτι
792 1689 854 1741 τὸ
901 1686 1125 1756 Πνεῦμα
1170 1683 1230 1737 τὸ
1274 1683 1426 1752 ἆγιον
1478 1678 1826 1751 ᾠκονόμησεν

240 1786 443 1846 αὐτοὺς
486 1781 894 1853 παραδέξασθαι
937 1780 1007 1833 τὰ
1050 1780 1272 1850 ῥήματα
1298 1816 1312 1840 ,
1356 1776 1432 1839 ὡς
1475 1775 1611 1843 ὑπὲρ
1646 1772 1825 1827 αὐτῶν

240 1877 395 1930 ὄντα.
425 1834 955 1946 ἘίγνγΓὰ-ρμὴτοῦτο
984 1834 1080 1941 ἦν’,
1106 1834 1427 1940 ’έξήλείψανῄ
1467 1865 1532 1919 ἂν
1579 1834 1647 1918 τὰ
1690 1864 1827 1934 ῥητὰ
1858 1834 1902 1893 Β

239 1970 419 2024 ταῦτα
442 2010 454 2032 ,
486 1968 676 2039 ῶσπερ
726 1968 819 2020 »αἱ
864 1966 1000 2018 ἄλλα
1037 1964 1228 2017 πολλὰ.
1285 1960 1519 2014 Ἔπειτα
1555 1959 1823 2028 πρόσχες·

240 2062 346 2114 οὐκ
374 2055 525 2113 εἶπεν
560 2058 770 2123 ἁπλῶς,
810 2057 891 2110 ὅτι
927 2054 1110 2125 Ζημία
1154 2052 1299 2105 ἐστὶν
1326 2051 1355 2103 6
1395 2052 1579 2119 νόμος,
1606 2048 1720 2102 ἀλλ’
1748 2048 1827 2100 ὅτι

244 2154 498 2220 Ἦγημαι
521 2150 682 2203 αὑτὸν
700 2135 942 2216 ζημίαν·
973 2146 1132 2215 φύσει
1171 2144 1268 2215 μὲν
1299 2144 1408 2211 γὰρ
1450 2141 1551 2193 οὐκ
1586 2138 1700 2191 ἔστι
1730 2137 1822 2207 ζη-

247 2246 367 2315 μία.
403 2244 526 2306 Πῶς
562 2242 695 2313 γὰρ,
726 2241 784 2304 ὃς
808 2241 887 2304 εἰς
905 2237 1138 2309 Χριστὸν
1156 2238 1275 2303 ἄγει
1295 2234 1475 2295 καλῶς
1500 2231 1783 2300 νοούμενος
1810 2247 1823 2297 ;

257 2337 412 2391 Ἐπεὶ
429 2337 484 2389 δὲ
518 2336 627 2402 ἐγὼ
654 2334 921 2404 πρότερον
943 2329 1130 2392 κακῶς
1147 2327 1283 2381 νοῶν
1309 2325 1545 2380 αὑτὸνού
1571 2323 1829 2394 προσῄειν

242 2430 489 2502 Χριστῷ,
512 2423 631 2483 εἶτα
665 2428 911 2497 ὕστερον,
945 2424 1196 2492 ἐπιγνοὺς
1227 2422 1326 2491 τὴν
1353 2419 1640 2490 ἂλήθειαν,
1659 2433 1827 2486 πρεσ-

235 2526 401 2595 ἧλθον
428 2522 668 2593 Χριστῷ,
712 2522 805 2573 καὶ
832 2518 977 2583 ἔδοξέ
1009 2536 1099 2588 μοι
1127 2514 1379 2585 γενέσθαι
1402 2512 1574 2582 ζημία
1602 2513 1630 2564 6
1666 2511 1829 2579 νόμος

239 2620 332 2672 e’u
348 2616 777 2687 χρόνονέκεῖνον,
804 2611 923 2665 καθ’
941 2611 999 2662 ὃν
1018 2608 1203 2670 κακῶς
1220 2606 1352 2660 νοῶν
1365 2605 1547 2665 αὑτὸν,
1572 2604 1632 2654 οὗ
1662 2618 1829 2670 προσ-

238 2711 402 2781 ῆλθον
443 2706 685 2779 Χριστῷ.
738 2704 890 2758 Ἐπεὶ
908 2706 973 2772 τῇ
1001 2718 1064 2765 γε
1088 2699 1480 2767 οἰκείαφύσειὸ
1510 2697 1671 2765 νόμος
1698 2695 1825 2765 κέρ-

241 2802 330 2863 δος
377 2800 513 2852 ὲστί.
566 2796 677 2852 Καὶ
710 2796 873 2850 ἄκουε
902 2808 917 2823 ⁸
957 2792 1057 2844 οὐκ
1107 2783 1281 2853 εἶπεν,
1326 2787 1522 2841 Ἀτινα
1577 2783 1827 2854 ἡγούμην

243 2893 438 2962 κέρδη,
482 2891 618 2953 ἀλλ’,
654 2890 855 2941 “Aura
886 2880 986 2954 ἦν.
1036 2882 1273 2951 ⁹Αληθῶς
1314 2882 1423 2950 γὰρ
1459 2878 1647 2943 κέρεος
1682 2878 1827 2929 ἐστὶν

240 2989 267 3039 ὁ
291 2987 476 3053 νόμος,
502 2980 796 3051 θηριωδίας
830 2976 1195 3031 ἀπαλλάττων
1222 2972 1345 3034 τοὺς
1380 2968 1701 3038 ἀνθρώπους
1733 2966 1827 3018 καὶ

241 3073 683 3143 δεισιδαιμονίας,
721 3071 815 3123 καὶ
844 3063 956 3120 οἷον
987 3063 1188 3133 κλίμαξ
1218 3060 1532 3131 γενόμενος,
1566 3060 1659 3110 καὶ
1698 3058 1827 3109 ἀνα-

244 3169 434 3238 γαγὼν
467 3168 616 3237 ἡμᾶς
655 3164 747 3216 ἐπὶ
782 3162 883 3233 τὴν
933 3156 1077 3212 κατὰ
1125 3152 1359 3225 Χριστὸν
1391 3152 1557 3221 ζωήν.
1616 3149 1827 3218 Ὠσπερ

242 3260 336 3317 οὖν
377 3265 404 3314 ὁ
434 3260 521 3313 διὰ
565 3258 834 3326 κλίμακος
874 3248 1147 3311 ἀνελθὼν,
1189 3246 1248 3299 ού
1283 3243 1535 3298 διαπτύει
1575 3242 1674 3312 τὴν
1704 3239 1825 3293 κλί-

248 3373 422 3425 μακα,
461 3352 597 3407 ἀλλὰ
640 3350 733 3404 καὶ
764 3352 925 3418 χάριν
971 3344 1107 3412 αὐτῇ
1141 3339 1311 3394 οἶδεν·
1344 3339 1393 3390 εἰ
1428 3338 1501 3405 μὴ
1533 3336 1642 3405 γὰρ
1688 3334 1825 3425 etiam.

242 3421 332 3519 iw,
361 3449 460 3501 οὐκ
500 3446 564 3500 ἂν
600 3442 766 3509 ἀνέϐη
787 3457 800 3470 ·
834 3439 977 3492 οὕτω
1007 3436 1101 3488 καὶ
1130 3436 1157 3487 6
1188 3432 1349 3503 νόμος
1381 3429 1570 3500 κέρδος
1604 3428 1703 3494 μὲν
1737 3421 1824 3497 ἦν,

246 3542 341 3593 νῦν
373 3540 430 3593 δὲ
475 3538 676 3607 ζημίαν
719 3534 880 3588 αὐτὸν
910 3527 1230 3600 ἡγούμεθα,
1261 3525 1359 3594 οὑχ
1390 3523 1472 3575 ὅτι
1518 3519 1757 3579 τοιοῦτός
1784 3519 1825 3549 ι’)

245 3640 415 3695 ἐστιν,
473 3628 584 3683 ἀλλ’
632 3625 819 3695 ἐπειδὴ
876 3623 1076 3695 μείζων
1127 3624 1161 3689 ἡ
1220 3618 1399 3688 χάρις.
1453 3615 1666 3685 Ὥσπερ
1718 3615 1826 3682 γὰρ

247 3725 512 3799 ἀργύριόν
542 3740 625 3785 τις
653 3719 917 3789 κατέχων,
955 3714 1171 3768 ἐπειδὰν
1192 3712 1412 3783 χρυσίον
1436 3708 1593 3781 εὕρῃ,
1621 3709 1714 3761 καὶ
1751 3709 1826 3778 μὴ

246 3823 342 3891 ἐξῇ
374 3819 658 3889 ἀμφότερα
688 3813 1001 3881 κατασχεῖν,
1024 3807 1230 3877 ζημίαν
1254 3808 1467 3876 ἡγεῖται
1493 3805 1554 3857 τὸ
1578 3803 1828 3871 κατέχειν

248 3917 444 3976 ἐκεῖνο,
479 3912 574 3963 καὶ
603 3906 788 3960 λοιπὸν
820 3903 980 3972 ἀφεὶς
1006 3901 1159 3963 αὐτὸ,
1189 3897 1455 3967 λαμϐάνει
1480 3895 1539 3948 τὸ
1571 3894 1791 3963 χρυσίον
1811 3908 1825 3925 ’

249 4005 393 4060 οὕτω
433 4006 526 4056 καὶ
555 3998 789 4054 ἐνταῦθα
830 3994 1003 4064 ζημία
1032 3995 1059 4045 6
1092 3991 1278 4060 νόμος,
1309 3990 1436 4043 ὅταν
1468 3990 1660 4060 ἀπάγῃ
1692 3987 1828 4055 Χρι-

253 4096 381 4152 στοῦ
403 4112 416 4124 '
444 4097 508 4149 ἂν
534 4094 591 4145 δὲ
620 4089 984 4160 παραπέμπῃ.
1012 4084 1219 4137 οὐκέτι.
1244 4084 1319 4135 Οὐ
1349 4082 1506 4151 μόνον
1526 4078 1642 4145 οὖν,
1672 4082 1826 4149 φησὶ,

251 4194 422 4245 παλαι
449 4192 664 4261 ἥγημαι
696 4182 901 4253 ζημίαν
930 4180 1019 4233 τὸν
1050 4179 1235 4247 νόμον,
1261 4176 1395 4229 ἀλλὰ
1423 4176 1516 4227 καὶ
1537 4173 1631 4226 νῦν
1663 4171 1830 4242 ἡγοῦ.

256 4301 376 4353 μαι.
421 4280 518 4332 Διὰ
545 4276 625 4335 τίς
669 4276 766 4327 Διὰ
813 4272 873 4324 τὸ
908 4270 1173 4339 ὑπερέχον
1205 4268 1304 4337 τῆς
1351 4265 1595 4337 χάριτος.
1645 4263 1827 4333 Ὁρᾷς,

251 4378 333 4429 ὃτι
367 4372 651 4439 σύγκρισιν
685 4368 918 4419 ποιεῖται
940 4380 977 4429 ;·
1002 4362 1067 4414 Ἦ
1102 4361 1158 4413 δὲ
1191 4359 1478 4429 σύγκρισις
1502 4395 1517 4422 ,
1555 4354 1829 4426 ὁμογενῶν

256 4464 599 4534 πραγμάτων
621 4478 633 4490 ·
686 4458 779 4511 καὶ
810 4456 871 4508 τὸ
897 4453 1181 4523 ὑπερέχον,
1217 4446 1512 4519 ὁμογενοῦς
1548 4448 1827 4515 ὑπερέχει.

1929 565 2041 618 sine
2063 565 2296 633 querela.
2327 563 2459 629 Quia
2491 562 2730 632 plerique
2765 563 3097 630 principatus
3148 575 3307 614 causa
3356 568 3409 612 et
3444 561 3513 612 oh

1929 657 2063 710 alias
2095 656 2352 724 quasdam
2382 671 2466 709 res
2494 652 2835 715 aunnlautur,
2862 662 2914 706 et
2946 668 3050 705 non
3082 662 3297 719 propter
3318 653 3508 718 legem,

1929 750 2051 801 ait:
2093 746 2227 801 Cum
2273 746 2575 814 inculpatus
2619 760 2795 800 essem
2844 745 2895 797 in
2938 745 3141 813 justitia
3199 742 3344 811 legis,
3376 761 3510 812 quo-

1930 839 2089 894 modo
2123 840 2190 892 ob
2216 840 2505 892 humanum
2534 836 2772 905 aliquod,
2797 846 2849 890 et
2878 852 2977 888 non
3013 846 3231 905 propter
3266 836 3504 887 divinum

1930 934 2103 987 zelum
2141 943 2462 1003 persecutus
2502 932 2655 985 sum?

2002 1026 2164 1080 Vens.
2196 1027 2248 1091 7,
2284 1024 2336 1079 8.
2383 1023 2486 1079 Sed
2515 1039 2629 1091 qui?
2662 1023 2788 1076 mihi
2814 1023 2959 1076 lucra
2989 1022 3229 1089 fuerunt,
3274 1022 3382 1075 hinc
3416 1036 3505 1073 ar-

1930 1120 2152 1173 bitratus
2186 1135 2299 1171 sum
2334 1126 2545 1186 propter
2576 1114 2843 1168 Christum
2898 1113 3171 1166 damnum.
3233 1111 3504 1165 Verumta-

1930 1231 2045 1267 men
2076 1214 2315 1267 eristimo
2348 1214 2523 1265 omnia
2553 1211 2804 1264 damnum
2839 1227 2947 1263 esse
2968 1251 2980 1271 ,
3016 1217 3231 1278 propter
3257 1207 3509 1261 excellen-

1932 1306 2059 1359 tiam
2091 1306 2395 1375 cognitionis
2422 1304 2548 1357 Iesu
2578 1302 2775 1357 Christi
2813 1303 3018 1355 Domini
3051 1304 3167 1356 mei.
3210 1301 3304 1355 ilic
3340 1305 3510 1355 hatre-

1932 1401 2019 1454 tici
2083 1399 2168 1467 qui
2216 1398 2383 1469 legem
2438 1397 2836 1453 calumniantur
2889 1397 3224 1465 insui-gentes
3286 1395 3505 1460 dicunt,

1930 1493 2068 1548 Ecce
2119 1492 2288 1561 legem
2355 1493 2608 1543 damnmn
2675 1498 2833 1543 vocat
2884 1506 2898 1543 :
2951 1489 3222 1557 quomodo
3275 1488 3434 1555 igitur
3479 1502 3506 1539 a

1930 1586 2041 1641 Deo
2079 1587 2199 1639 data
2235 1584 2355 1639 est?
2399 1583 2637 1637 Primum
2672 1585 2834 1652 igitur
2870 1583 3073 1652 gratias
3102 1574 3326 1651 agamus
3365 1582 3509 1649 quod

1930 1682 2164 1750 Spiritus
2196 1690 2414 1735 sanctus
2446 1679 2515 1731 ita
2551 1677 2840 1739 ordinavit,
2880 1687 2935 1728 ut
2971 1676 3310 1740 susciperent
3349 1675 3507 1725 vcrha

1932 1786 2183 1842 tauquam
2214 1789 2308 1841 pro
2356 1773 2421 1824 iis
2448 1782 2647 1825 essent.
2687 1767 2797 1822 Nisi
2835 1770 2977 1821 enim
3030 1767 3364 1836 providentia
3417 1768 3507 1821 Dei

1932 1868 2243 1924 accessisset
2267 1865 2476 1942 ,_verha
2514 1864 2611 1918 ista
2634 1905 2649 1929 ,
2687 1872 2744 1916 ut
2776 1862 2875 1914 alia
2913 1862 3198 1929 pleraque,
3233 1875 3510 1928 expunge-

1933 1973 2071 2016 rent.
2106 1960 2304 2013 Deinde
2347 1958 2576 2012 observa
2615 1974 2628 2009 :
2677 1969 2782 2008 non
2818 1954 2948 2006 dixit
2984 1952 3302 2017 simpliciter
3342 1953 3509 2018 legent

1931 2067 2053 2108 csse
2082 2052 2372 2113 damnum,
2398 2048 2491 2103 sed
2512 2088 2527 2110 ,
2562 2046 2863 2100 Arbitrium
2892 2060 3005 2097 sum
3044 2044 3184 2095 illam
3216 2056 3334 2095 esse
3365 2045 3513 2093 dant-

1934 2161 2054 2198 num
2082 2160 2098 2197 :
2129 2158 2250 2195 nam
2277 2152 2465 2194 natura
2496 2154 2600 2192 non
2628 2147 2711 2191 cst
2736 2137 3012 2187 damnum.
3042 2132 3321 2198 Quomodo
3342 2133 3513 2195 enim,

1932 2255 2055 2294 Cum
2090 2240 2154 2292 ad
2186 2237 2460 2291 Christum
2494 2235 2677 2298 ducat,
2714 2235 2759 2287 si
2810 2240 2956 2285 recte
2994 2229 3352 2298 intelligatur?
3378 2228 3508 2280 Nam

1933 2342 2091 2385 antea
2119 2347 2217 2401 ego
2249 2345 2527 2400 perperam
2551 2343 2669 2382 eam
2703 2326 3025 2394 intelligens,
3055 2338 3159 2377 non
3192 2321 3510 2375 accedebam

1933 2426 2148 2478 Christo
2203 2439 2215 2474 :
2280 2421 2472 2475 deinde
2533 2435 2662 2473 vero
2720 2418 3000 2470 veritatem
3058 2428 3395 2482 agnoscens,
3445 2412 3509 2464 ad

1932 2516 2205 2572 Christum
2240 2513 2467 2573 accessi.
2503 2527 2564 2565 ac
2600 2512 2712 2563 visa
2744 2518 2824 2562 est
2855 2509 2934 2562 lex
2965 2508 3090 2560 mihi
3126 2506 3510 2559 detrimentum

1933 2623 2026 2677 per
2065 2606 2189 2660 illud
2245 2604 2538 2672 temporis,
2581 2616 2689 2671 quo
2724 2601 2861 2654 male
2897 2600 3040 2652 illam
3091 2598 3398 2665 intelligens
3444 2597 3508 2647 ai

1930 2699 2208 2754 Christum
2261 2712 2366 2750 non
2424 2695 2649 2749 accessi.
2698 2691 2829 2745 Nam
2886 2693 3179 2745 secundum
3238 2688 3509 2757 proprium

1932 2802 2186 2845 naturam
2225 2790 2306 2843 lex
2362 2799 2444 2843 εει
2483 2787 2715 2841 lucrum.
2753 2784 2891 2837 Audi
2930 2798 3093 2847 porro
3132 2798 3145 2834 :
3198 2797 3301 2834 non
3344 2780 3506 2840 dixit,

1932 2885 2063 2949 Quae
2093 2882 2346 2950 putabam
2375 2895 2495 2934 esse
2523 2880 2700 2941 lucra,
2736 2878 2826 2930 sed
2848 2917 2860 2936 ,
2892 2875 3023 2940 Qum
3058 2884 3207 2928 erant
3256 2891 3271 2927 :
3323 2888 3511 2925 revera

1931 2977 2073 3032 etiim
2115 2976 2196 3029 lex
2229 2984 2313 3027 est
2344 2973 2588 3037 lucrum,
2616 2986 2643 3024 a
2673 2970 2905 3024 helluiua
2949 2978 3138 3020 natura
3170 2979 3222 3019 et
3252 2965 3510 3033 superstio

1932 3070 2076 3123 tione
2094 3068 2336 3121 homines
2356 3065 2614 3124 lihcrans,
2640 3079 2700 3116 ac
2728 3063 2889 3115 veluti
2917 3062 3188 3114 scalarum
3217 3061 3332 3111 loco
3352 3061 3510 3119 facta,

1931 3170 1985 3216 et
2018 3163 2081 3215 ad
2107 3161 2271 3214 vitam
2296 3159 2515 3214 Christo
2538 3158 2753 3228 dignam
2780 3171 2877 3209 nos
2901 3157 3219 3225 perducens.
3252 3153 3315 3207 Ut
3352 3153 3515 3220 igitur

1929 3258 2021 3327 qui
2065 3272 2161 3325 per
2194 3254 2369 3309 scalas
2399 3252 2746 3314 conscendit,
2780 3265 2883 3302 non
2916 3248 3129 3316 ἀρειξυίι
3156 3245 3384 3315 gradus,
3419 3245 3511 3298 sed

1931 3350 2157 3419 gratiam
2194 3348 2373 3415 potius
2405 3346 2508 3399 illis
2537 3346 2696 3397 habet
2727 3345 2742 3409 (
2774 3342 2873 3395 nisi
2918 3342 3059 3394 enim
3103 3341 3218 3393 ista:
3262 3338 3511 3399 fuissent,

1932 3459 2036 3496 non
2076 3443 2338 3510 potuisset
2365 3435 2709 3505 ascettdere),
2748 3435 2885 3488 hunc
2916 3435 2980 3486 ad
3012 3431 3227 3485 modum
3262 3430 3344 3484 lex
3390 3429 3512 3496 qui-

1930 3536 2051 3589 dem
2090 3535 2294 3587 lucrmn
2324 3539 2439 3584 erat
2463 3571 2476 3594 ,
2508 3528 2616 3597 jam
2651 3542 2781 3579 vero
2828 3524 3205 3577 detrimentum
3236 3531 3288 3573 et
3319 3534 3512 3572 noxam

1929 3641 2046 3682 eam
2087 3640 2204 3678 isse
2243 3637 2554 3685 censenms,
2611 3636 2713 3674 non
2751 3620 2891 3687 quod
2941 3616 3243 3685 hujusmodi
3296 3614 3385 3673 sit,
3422 3613 3514 3665 sed

1930 3720 2071 3789 quod
2107 3716 2275 3784 major
2308 3717 2376 3769 sit
2404 3715 2599 3785 gratia.
2629 3710 3095 3777 Quemadmodum
3142 3708 3286 3761 enim
3318 3706 3514 3773 aliquis

1930 3824 2210 3884 argentum
2246 3811 2529 3863 continens
2552 3847 2567 3871 ,
2601 3809 2687 3860 uhi
2716 3821 2907 3859 aurum
2939 3802 3228 3863 invenerit,
3263 3816 3360 3854 nec
3393 3799 3515 3851 licet

1931 3916 2158 3973 utraque
2185 3902 2453 3964 oblinere,
2495 3900 2750 3953 damnum
2777 3909 2963 3952 censet
2998 3896 3234 3949 retinere
3269 3893 3420 3952 illud,
3451 3906 3515 3943 ac

1934 3997 2185 4063 deinceps
2221 3995 2408 4047 relicto
2457 3992 2548 4046 illo
2580 4006 2768 4044 aurum
2800 3991 2990 4056 accipit
3040 4004 3052 4039 :
3108 3987 3249 4039 hunc
3298 3985 3361 4036 ad
3397 3998 3515 4035 mo-

1933 4088 2057 4141 dum
2091 4086 2172 4139 lex
2196 4094 2278 4139 est
2304 4085 2520 4147 damno,
2544 4082 2585 4136 si
2620 4098 2647 4133 a
2672 4081 2889 4135 Christo
2915 4078 3231 4141 abduxerit;
3263 4077 3307 4129 si
3333 4084 3514 4127 autem

1932 4177 2252 4237 adduxerit,
2308 4190 2414 4228 non
2459 4187 2642 4241 porro.
2692 4170 2807 4224 Non
2858 4170 3030 4223 solum
3087 4168 3269 4237 igitur,
3306 4165 3511 4233 inquit,

1931 4267 2095 4341 449
2124 4269 2247 4321 olim
2282 4268 2575 4321 arbitratus
2600 4281 2715 4318 sum
2751 4266 2917 4332 legem
2950 4278 3069 4317 esse
3094 4263 3349 4315 damnum
3374 4300 3386 4321 ,
3424 4274 3515 4313 ve-

1936 4377 2050 4415 rmn
2084 4360 2375 4414 etiamnum
2414 4358 2667 4410 arhitror.
2703 4357 2873 4421 Quam
2902 4356 2971 4407 ob
2998 4352 3258 4407 causam?
3290 4352 3514 4418 Propter

1935 4449 2307 4505 excellentiam
2352 4448 2557 4517 gratiae.
2621 4444 2808 4498 Videu‘
2856 4444 2995 4513 quod
3051 4442 3512 4508 cmuparationem

257 4558 421 4609 Ὥστε
464 4553 560 4605 καὶ
587 4553 614 4603 6
648 4550 810 4618 νόμος
850 4544 1076 4614 γνῶσις,
1115 4542 1229 4595 ἀλλ’
1260 4541 1526 4593 ἐλάττων·
1559 4537 1633 4600 ὡς
1669 4539 1761 4591 καὶ
1803 4538 1830 4590 6

1938 4543 2138 4597 faciat?
2165 4540 2512 4608 Comparatio
2554 4548 2733 4591 autem
2784 4552 2961 4590 rerum
3010 4545 3093 4589 est
3147 4535 3385 4603 ejusdem
3418 4549 3513 4603 ge-

254 4650 446 4717 λύχνος
478 4643 630 4715 φῶς,
660 4640 775 4695 ἀλλ’
805 4640 846 4670 ¹¹
891 4637 989 4707 οὐχ
1022 4629 1133 4689 οἷον
1162 4634 1222 4687 τὸ
1254 4631 1345 4687 τοῦ
1387 4630 1569 4703 ἡλίου,
1613 4630 1727 4699 φῶς
1775 4630 1832 4683 δὲ

254 4742 424 4809 ὅμως.

327 5016 406 5070 Δι’
446 5014 518 5067 ὃν
550 5012 621 5067 τὰ
650 5011 845 5066 πάντα
881 5006 1239 5077 ἐζημιώθην,
1274 5004 1371 5058 καὶ
1401 5003 1656 5073 ἠγοῦμαι
1688 5004 1834 5057 σκύ-

257 5112 413 5164 ϐαλα
434 5104 603 5170 εἶναι,
627 5108 727 5159 ἵνα
750 5103 1007 5171 Χριστὸν
1027 5098 1327 5167 κερδήσω.
1347 5098 1443 5150 Διὰ
1466 5099 1555 5150 τὸν
1577 5097 1831 5168 Χριστὸν,

255 5203 442 5271 φησὶν,
506 5197 853 5267 ἐζημιώθην
916 5193 1198 5257 τουτέστι,
1270 5190 1481 5260 Ζημίαν
1535 5191 1834 5260 ἡγησάμην

256 5294 455 5346 πάντα·
493 5290 525 5360 ἢ
550 5291 632 5343 ὅτι
658 5286 1030 5356 ἀπεϐαλόμην.
1067 5283 1255 5353 Ὁρᾷς,
1281 5282 1361 5335 ὃτι
1385 5283 1443 5334 οὐ
1478 5281 1637 5351 φύσει
1663 5283 1834 5351 ζημία

253 5389 284 5439 6
313 5389 497 5457 νόμος,
528 5384 661 5439 ἀλλὰ
683 5383 768 5435 διὰ
791 5382 882 5433 τὸν
904 5378 1156 5448 Χριστόν.
1176 5376 1427 5429 Σκύϐαλα
1448 5376 1525 5439 δὲ,
1551 5375 1702 5429 οὔπω
1734 5377 1834 5447 μὲν

256 5478 415 5548 δῆλον
459 5477 508 5528 εί
540 5474 630 5527 τὸν
665 5472 829 5541 νόμον
875 5470 1179 5540 ὠνόμασεν.
1220 5467 1378 5529 Εἰκὸς
1414 5467 1522 5536 γὰρ
1562 5470 1689 5537 περὶ
1721 5468 1831 5519 τῶν

255 5568 535 5638 κοσμικῶν
568 5565 907 5636 πραγμάτων
938 5548 1115 5631 λέγειν
1137 5578 1150 5592 ·
1185 5559 1328 5614 οὓτω
1358 5560 1399 5591 ¹¹
1427 5562 1536 5629 γὰρ
1565 5564 1791 5629 προεῖπε
1813 5578 1826 5592 ’

1941 4638 2103 4698 neris,
2144 4648 2195 4689 et
2229 4638 2371 4704 quod
2412 4633 2660 4694 excellit,
2703 4631 2845 4684 aliud
2887 4632 3127 4697 ejusdem
3163 4628 3374 4697 generis
3420 4642 3516 4679 ex-

1941 4730 2102 4784 cellit.
2136 4728 2365 4782 Proinde
2397 4727 2474 4779 lex
2510 4724 2748 4792 cognitio
2776 4732 2878 4785 est,
2916 4722 3006 4775 sed
3044 4721 3218 4773 minor
3248 4737 3260 4773 :
3294 4720 3517 4788 perinde

1941 4838 2003 4877 ac
2033 4823 2246 4875 lucerna
2282 4820 2459 4873 lumen
2496 4826 2597 4882 est,
2636 4818 2728 4871 sed
2763 4830 2867 4870 non
2907 4813 3061 4883 quale
3104 4813 3234 4867 solis
3263 4822 3366 4878 est,
3428 4811 3514 4864 lu-

1943 4931 2062 4970 men
2098 4926 2272 4967 tamen
2302 4920 2401 4965 est.

2015 5004 2234 5069 Propter
2259 5017 2406 5070 quem
2442 5000 2617 5053 omnia
2646 5016 2740 5065 pro
2770 4997 2979 5050 damnis
3023 4997 3151 5048 duxi
3171 5039 3184 5057 ,
3208 5004 3252 5046 et
3280 4994 3513 5046 arbitror

1935 5116 2044 5153 esse
2081 5099 2471 5165 rejectamenta,
2510 5106 2561 5146 ut
2588 5092 2856 5147 Christum
2898 5090 3249 5155 lucrifaciam.
3285 5086 3512 5152 Propter

1937 5194 2236 5258 Christum,
2272 5189 2467 5258 inquit,
2509 5203 2604 5258 pro
2634 5185 2845 5241 damnis
2877 5182 3025 5247 duxi,
3061 5183 3159 5235 hoc
3191 5191 3313 5244 est,
3345 5178 3513 5235 delri-

1939 5296 2177 5341 mentum
2207 5298 2329 5337 esse
2358 5282 2559 5350 putavi,
2585 5279 2662 5331 vel
2688 5277 2868 5330 omnia
2902 5274 3082 5343 rejeci.
3116 5269 3513 5325 Animadvertis

1937 5380 2079 5450 quod
2126 5378 2204 5430 lex
2236 5390 2339 5428 nou
2383 5382 2466 5426 est
2512 5381 2698 5425 natura
2736 5371 3141 5430 detrimentum,
3174 5364 3265 5417 sed
3307 5362 3509 5415 Christi

1938 5485 2121 5527 causa.
2156 5467 2553 5534 “eiectamenta
2601 5478 2725 5515 vero
2755 5461 2870 5515 sive
2906 5469 3144 5512 stercora
3177 5470 3303 5509 num
3338 5455 3509 5521 legem

1941 5558 2333 5624 nominaverit,
2390 5556 2622 5611 nondum
2665 5553 2832 5622 liquet
2868 5568 2883 5606 :
2936 5566 3056 5604 nam
3095 5547 3388 5604 verisimile
3428 5554 3511 5601 est

1482 5702 1681 5763 Varia:
1714 5702 2046 5765 lectiones.

334 5840 373 5869 ¹³
403 5835 559 5891 τοῦτό
592 5850 642 5890 ο.
722 5835 758 5865 ¹¹
797 5832 909 5887 ἀλλ’
946 5826 1091 5896 οἷονς
1127 5845 1179 5886 0.
1263 5832 1301 5861 ¹²
1338 5828 1489 5882 οὔπω
1518 5845 1568 5883 o.
