4226 6440
244 410 381 473 1185

1022 405 1425 467 ΕΧΡΟΞΙΤΙΟ
1458 406 1539 467 IN
1572 405 1808 467 EPIST.
1847 408 1946 468 AD
1986 408 2320 469 PIIILIPP.
2355 433 2415 444 -
2448 409 2601 471 CAP.
2644 412 2758 472 IlI.

3368 417 3499 481 1186

236 521 329 582 λες
358 518 689 589 ἁε.αστῆναι;
736 519 877 572 Ἀλλ’
906 520 1264 583 ἐξανάστασιν
1291 518 1527 572 ἐνταῦθα
1567 517 1697 580 νόει,
1723 518 1819 587 τὴν
1844 520 1900 584 Δ

1844 520 1900 584 Δ
1925 534 2028 573 non
2063 536 2186 575 eras
2215 524 2657 575 resurrecturus?
2700 525 2896 577 Verum
2924 528 3381 582 resurrectionem
3416 531 3499 587 hic

237 611 485 676 ἔνδοξον,
522 611 619 680 τὴν
665 613 723 662 ὲν
765 609 1016 677 νεφέλαις
1050 610 1292 678 ἔξαρσιν.
1327 610 1534 672 Πάντες
1566 610 1667 679 μὲν
1709 608 1818 678 γὰρ

236 706 577 769 ἀνίστανται,
607 706 665 756 οὐ
702 709 898 765 πάντες
928 705 981 757 δὲ
1014 706 1163 756 xui."
1195 703 1598 767 ἐξανίστανται·
1627 704 1741 755 ἀλλ’
1772 704 1819 755 οί

240 798 344 863 μὲν
391 796 731 865 ἁμαρτωλοὶ,
786 798 934 849 κάτω
975 798 1194 864 μένουσι
1239 796 1329 848 τὸν
1384 796 1589 864 Κριτήν
1617 814 1629 825 ·

236 891 408 955 ἄξιοι,
465 890 797 959 ἁρπάζονται
846 891 901 940 ἐν
944 890 1193 953 vegetat;
1241 890 1319 949 εἰς
1367 887 1672 957 ἀπάντησιν
1726 886 1819 938 τοῦ

240 982 471 1050 Κυρίου.
508 984 738 1053 Νοήσεις
770 982 825 1033 δὲ
857 983 949 1033 καὶ
984 981 1089 1034 ἀπὸ
1120 983 1215 1050 τῆς
1239 980 1558 1043 ἀκολουθίας
1583 980 1641 1031 τὸ
1665 978 1821 1046 λεγό-

240 1093 420 1143 μενον.
490 1076 790 1138 Ἀπέθανε,
837 1076 1033 1144 φησιν,
1083 1076 1110 1126 ὁ
1171 1072 1403 1142 Χριστός
1432 1091 1443 1103 ·
1488 1072 1819 1143 ἀποθνήσκω

238 1168 417 1237 κάγώ.
479 1170 700 1238 Ἀνέστη
754 1170 958 1230 ἐκεῖνος
1014 1168 1267 1231 ἐνδόξως,
1325 1166 1610 1229 σπουδάζω
1665 1164 1819 1231 κάγὼ

237 1262 498 1330 τοιαύτης
529 1262 878 1323 ἀναστάσεως
927 1263 1109 1331 τυχεῖν
1159 1261 1392 1325 ἐνδόξου.
1437 1258 1575 1329 Ὅρα
1618 1258 1673 1310 δὲ
1725 1258 1820 1311 καὶ

238 1354 529 1406 εὐλάϐειαν
580 1353 673 1406 τοῦ
730 1353 966 1406 τοσαῦτα
1021 1351 1503 1420 κατορθώσαντος,
1549 1351 1642 1403 τοῦ
1681 1352 1821 1422 ὑπὲρ

246 1448 369 1508 τους
396 1448 440 1477 ³¹
478 1446 799 1514 ἀνθρώπους
830 1446 979 1509 ὄντος
1001 1462 1014 1475 '
1049 1446 1245 1509 Εἴπως
1272 1442 1501 1513 φθάσω.
1523 1446 1596 1497 Οὐ
1631 1444 1821 1516 θαρῤώ

238 1544 371 1612 γὰρ,
410 1546 597 1611 φησὶν,
627 1542 779 1594 οὔπω
805 1556 816 1567 ·
843 1541 1014 1603 οὕτως
1044 1540 1484 1607 ὲταπεινοφρόνει
1506 1555 1519 1568 ’
1562 1538 1698 1608 ὅπερ
1723 1540 1821 1592 ἁλ-

237 1636 405 1707 λαχοῦ
431 1637 608 1705 λέγει’
646 1638 698 1688 Ὀ
724 1635 918 1689 δοκῶν
934 1635 1202 1699 ἑστάναι,
1223 1633 1501 1698 βλεπέτω
1520 1633 1604 1702 μὴ
1627 1636 1786 1704 πέσῃ
1804 1650 1818 1664 ⁶

238 1734 367 1795 καὶ,
419 1730 641 1795 Μήπως
690 1730 903 1796 ἄλλοις
955 1728 1246 1797 κηρύξας,
1294 1729 1476 1794 αὐτὸς
1532 1729 1821 1798 ἀδόκιμος

244 1826 494 1893 γένωμαι
504 1865 518 1879 .

316 2008 438 2074 Οὐχ
466 2008 552 2059 ἔτι
575 2006 689 2073 ἤδη
720 2010 961 2071 “ador,
988 2008 1022 2075 ἢ
1048 2008 1161 2076 ἤδη
1187 2011 1579 2077 τετελείωμαι.
1614 2008 1817 2073 Εἰπὼν,

239 2101 322 2152 ὁτι
349 2101 419 2153 ΕΖ
443 2115 568 2165 πως
596 2100 951 2165 καταντήσω
976 2104 1040 2163 ’³,
1075 2104 1473 2165 κατασκευάζει
1501 2102 1686 2167 τοῦτο,
1726 2102 1819 2156 καί

240 2209 429 2260 φησιν,
473 2193 553 2243 ὅτι
595 2194 693 2244 Διά
731 2192 889 2245 τοῦτο
920 2193 1089 2255 οὕτως
1123 2190 1275 2247 εἶπον
1305 2192 1701 2260 διστακτικῶς,
1736 2195 1817 2247 ὅτι

238 2284 393 2337 οῡπω
420 2283 609 2339 ἔλαϐον
636 2286 694 2337 τὸ
718 2284 990 2355 βραϐεῖον,
1018 2286 1169 2339 οὔπω
1191 2288 1566 2357 τετελείωμαι.

312 2466 505 2520 Διώκω
547 2466 634 2530 δὲ,
668 2469 719 2520 εί
760 2465 856 2518 καὶ
898 2464 1238 2528 καταλάϐω,
1299 2465 1392 2533 ἐφ’
1444 2457 1493 2531 ᾧ
1542 2463 1639 2517 καί
1678 2480 1818 2517 κατ-

240 2558 517 2626 ελήφθην
540 2557 655 2611 ὑπὸ
690 2556 1011 2623 Χριστοῦ²³
1056 2555 1270 2623 Ἰησοῦ.
1309 2556 1449 2618 Ἔτι,
1491 2556 1677 2625 φησὶν,
1728 2556 1817 2607 ἰν-

247 2650 477 2715 αγώνιός
498 2650 645 2718 εἰμι,
677 2648 755 2700 ἔτι
784 2648 985 2714 διώκω,
1018 2648 1069 2699 εἴ
1100 2665 1214 2709 πως
1249 2646 1451 2716 ἱσχύσω
1493 2646 1817 2699 καταλαϐεῖν

240 2742 301 2793 τὸ
340 2742 490 2802 τέλος
531 2742 624 2794 καὶ
664 2742 723 2793 τὸ
762 2740 1031 2810 βραϐεῖον.
1072 2737 1202 2791 Εἶτα
1245 2739 1457 2800 δεικνὺς
1506 2740 1585 2789 ὃτι
1625 2738 1814 2807 ὀφειλή

242 2836 359 2885 ἐστι
390 2832 448 2884 τὸ
474 2833 725 2901 πρᾶγμα,
764 2832 927 2901 φησί’
967 2832 1118 2881 Attin
1154 2829 1248 2883 καὶ
1282 2828 1670 2895 κατελήίθην
1700 2826 1815 2881 ὑπὸ

241 2927 533 2993 Χριστοῦ·
578 2925 845 2988 τουτέστι,
881 2924 998 2974 Τὼν
1048 2923 1435 2992 ἀπολλυμένων
1473 2922 1550 2993 ἡ,ι
1567 2940 1661 2991 -ιν,
1708 2921 1815 2974 τῶν

240 3020 715 3087 ἀπεγνωσμένων
752 3016 1039 3077 κατεδίωξέ
1076 3032 1141 3084 με
1176 3015 1205 3066 ὁ
1248 3015 1482 3086 Χριστὸς
1512 3069 1521 3079 ,
1558 3014 1653 3066 καὶ
1684 3013 1817 3082 φεύ-

240 3131 407 3181 γοντα
434 3112 527 3164 ἀπ’
550 3108 717 3162 αὑτοῦ
751 3107 1040 3170 κατέλαϐε,
1070 3110 1164 3159 καὶ
1193 3108 1549 3176 ἐπέστρεφεν.
1589 3105 1817 3173 Ὀφείλω

1681 796 1728 846 οί
1766 788 1847 846 δὲ’

1924 616 2160 685 intelligo
2197 617 2464 671 celebrem
2520 618 2571 671 in
2620 621 2853 674 nubibus
2886 621 3266 677 sublationem.
3300 624 3502 680 Omnes

1920 710 2119 762 etenim
2153 720 2459 778 resurgunt,
2492 720 2549 763 at
2586 727 2688 763 nou
2733 728 2923 766 omnes
2959 716 3287 783 resurgendo
3319 717 3501 771 suble-

1924 802 2193 853 vabuntur
2221 802 2271 853 in
2304 803 2473 857 nubes
2506 822 2519 857 :
2557 820 2739 860 verum
2772 820 3079 871 peceatores
3117 807 3254 861 iul'ra
3282 809 3498 874 quidem

1919 892 2521 961 exspectantludicem.
2567 899 2734 950 sancti
2775 914 2899 949 veru
2932 900 2982 951 itt
3018 900 3187 953 nubes
3216 902 3501 968 rapiuntur

1923 987 1972 1040 iu
2006 1002 2294 1041 occursum
2324 987 2559 1042 Domini.
2594 989 2861 1060 lntelliges
2895 1003 3074 1044 autem
3105 994 3249 1060 quod
3279 994 3495 1057 dicitur,

1920 1095 1984 1134 ex
2017 1080 2081 1133 iis
2115 1096 2232 1148 qua:
2263 1093 2581 1150 sequuntur.
2635 1082 2873 1137 Mortuus
2904 1094 3023 1148 est,
3070 1085 3276 1153 inquit,
3309 1086 3499 1139 Cirris-

1923 1182 2007 1226 tus
2039 1189 2054 1226 :
2091 1174 2293 1227 morior
2318 1182 2507 1242 etego.
2539 1173 2857 1227 Resurrextt
2884 1176 2969 1229 ille
2995 1178 3310 1242 honorilice,
3334 1194 3501 1233 conor

1920 1276 1975 1320 et
2025 1282 2122 1336 ego
2173 1265 2477 1332 huiusmodi
2525 1267 2783 1333 consequi
2845 1271 3300 1323 resurrectionem
3357 1271 3496 1323 cele-

1921 1358 2093 1412 brem.
2127 1357 2261 1411 Vide
2288 1368 2467 1411 autem
2512 1358 2771 1412 cautelam
2804 1358 2923 1427 ejus
2956 1361 3043 1426 qui
3081 1372 3227 1413 tanta
3258 1362 3327 1414 sit
3373 1377 3500 1429 ope-

1922 1462 2108 1515 ratus,
2160 1450 2249 1519 qui
2293 1451 2365 1503 sit
2409 1467 2570 1519 supra
2621 1452 2884 1505 homines.
2924 1452 2983 1505 Si
3012 1468 3112 1520 quo
3144 1456 3296 1506 modo
3325 1469 3500 1521 perve-

1923 1544 2086 1597 niant.
2163 1542 2411 1596 Nondum
2479 1541 2622 1595 enim
2677 1545 2851 1596 audax
2903 1551 2957 1597 et
3013 1542 3288 1597 conlidens
3343 1559 3496 1606 sum,

1924 1635 2095 1703 inquit
2131 1637 2304 1689 :adeo
2336 1634 2520 1688 humili
2562 1635 2751 1702 spiritu
2804 1637 3040 1689 imbutus
3077 1647 3194 1690 erat
3224 1653 3236 1689 :
3271 1639 3411 1705 quod
3446 1646 3501 1691 et

1923 1728 2027 1781 alio
2063 1729 2116 1780 in
2143 1728 2259 1781 loco
2283 1729 2378 1787 ait,
2412 1727 2515 1791 Qui
2541 1729 2744 1780 videtur
2764 1740 2925 1790 sturc,
2958 1731 3123 1780 videat
3150 1745 3212 1782 ue
3247 1733 3401 1782 cadat
3431 1727 3443 1767 ι
3478 1747 3491 1782 ;

1922 1829 1996 1883 et,
2031 1819 2110 1871 Λέ
2150 1835 2250 1887 quo
2294 1822 2445 1871 modo
2477 1819 2597 1873 aliis
2628 1821 2943 1886 prtt'dicaus,
2976 1822 3086 1887 ipse
3121 1822 3361 1887 reprobus
3387 1823 3495 1890 e/ﬁ-

1848 1885 1894 1943 B
1923 1927 2034 1963 Ctar
2060 1920 2117 1962 π’.

1996 2002 2156 2057 Vens.
2192 2004 2279 2057 1‘2.
2322 2004 2442 2058 Non
2466 2007 2603 2072 quod
2628 2006 2744 2073 jam
2776 2005 3081 2070 acceperim,
3116 2006 3337 2073 autjam
3378 2023 3496 2072 per-

1920 2095 2085 2164 fectus
2131 2096 2250 2148 sim.
2308 2095 2442 2150 Cutn
2479 2098 2735 2160 dixisset,
2781 2097 2836 2149 Si
2868 2114 2968 2165 quo
3000 2099 3152 2150 modo
3186 2115 3493 2161 occurrant,

1919 2189 2210 2242 coutirmat
2263 2190 2363 2243 hoc
2391 2229 2403 2253 ,
2451 2190 2701 2257 inquiens
2755 2207 2767 2242 :
2814 2189 3105 2257 Propterea
3147 2185 3225 2241 sic
3258 2189 3367 2242 dixi
3402 2204 3498 2257 per

1919 2282 2323 2349 ambiguitatem
2345 2322 2357 2345 ,
2392 2286 2516 2351 quia
2552 2287 2788 2335 nondum
2818 2283 3001 2350 accepi
3028 2283 3285 2335 brabequ
3311 2320 3325 2345 ,
3362 2296 3497 2335 non-

1920 2374 2043 2425 dttttt
2081 2374 2352 2440 perfectus
2378 2390 2517 2427 smn.

1990 2463 2287 2527 Persequor
2320 2474 2497 2517 autem
2518 2503 2532 2526 ,
2562 2465 2609 2517 si
2648 2472 2695 2517 et
2740 2462 3173 2527 comprehendam
3193 2501 3209 2525 ,
3241 2473 3496 2531 quatenus

1918 2565 1963 2608 et
1988 2560 2387 2621 compte/tensus
2425 2575 2538 2609 sum
2565 2574 2594 2609 α
2618 2555 3005 2621 Clu-istdlesu.
3053 2554 3183 2624 Ego,
3223 2555 3415 2623 inquit,
3442 2556 3494 2606 in

1919 2653 2215 2705 certamine
2246 2654 2422 2704 adlmc
2454 2667 2661 2713 versor,
2693 2653 2868 2705 adhuc
2890 2664 3109 2717 sequor,
3136 2649 3179 2704 si
3206 2664 3314 2718 qun
3338 2652 3497 2701 modo

1918 2757 2109 2811 queam
2163 2742 2625 2811 comprehendere
2661 2745 2820 2796 linem
2864 2753 2917 2796 et
2964 2744 3243 2796 brabeum.
3295 2742 3497 2795 Deinde

1918 2836 2209 2889 ostendens
2252 2850 2360 2888 rem
2394 2836 2562 2904 ipsam
2611 2850 2733 2889 esse
2774 2834 3034 2897 debitum,
3082 2835 3266 2888 subdit
3300 2850 3313 2887 :
3345 2832 3495 2899 Quo-

1919 2930 2059 2980 niam
2094 2940 2138 2980 et
2174 2928 2572 2990 comprehensus
2609 2944 2723 2980 sum
2770 2946 2799 2979 α
2833 2926 3042 2979 Christo
3068 2942 3086 2978 :
3125 2928 3173 2980 id
3206 2934 3323 2988 est,
3357 2926 3493 2981 Cum

1917 3036 2093 3077 essem
2143 3037 2207 3076 ex
2246 3023 2599 3090 pereuntibus
2640 3032 2693 3074 et
2735 3020 3102 3074 condemnatis
3127 3059 3141 3084 ,
3180 3030 3496 3088 persecutus

1917 3124 1999 3170 est
2032 3129 2114 3169 me
2139 3114 2407 3178 Christus,
2446 3124 2499 3168 et
2526 3114 2818 3182 fugientem
2854 3114 2921 3166 ab
2950 3128 3013 3165 eo
3056 3112 3495 3179 cmnprehendit,

240 3210 422 3258 town
462 3206 554 3255 καί
579 3203 735 3263 αὐτὸς
768 3198 979 3252 διώκειν
1006 3200 1168 3253 αὑτὸν
1196 3199 1401 3263 λοιπὸν,
1433 3199 1507 3261 ώς
1542 3200 1609 3252 ἂν
1645 3215 1813 3250 κατα·
1839 3238 1885 3299 C

1839 3238 1885 3299 Ο
1917 3212 2064 3275 ΘιλΩιΙ
2100 3223 2217 3263 sese
2241 3207 2525 3262 convertit.
2564 3207 2744 3259 Debeo
2777 3208 2958 3275 itaque
2987 3215 3039 3258 et
3071 3220 3169 3273 ego
3205 3195 3376 3270 ipsum
3405 3220 3496 3257 se-

242 3297 411 3351 λάϐω.
474 3294 958 3363 Ἐμφαντικώτατα
988 3291 1045 3345 δὲ
1074 3292 1133 3344 τὸ
1158 3291 1371 3344 διώκειν
1400 3286 1572 3344 εἶπεν.
1616 3290 1672 3343 '0
1710 3292 1813 3361 γὰρ

239 3393 474 3448 διώκων.
506 3391 653 3442 οὐδὲν
687 3388 814 3441 ἄλλο
845 3387 947 3456 ὁρᾷ
992 3385 1022 3454 ἢ
1060 3385 1193 3456 πρὸς
1225 3386 1253 3436 ὃ
1288 3384 1526 3449 σπεύδει,
1563 3384 1736 3436 πάντα
1760 3382 1816 3436 δὲ

242 3493 601 3556 παρέρχεται,
646 3485 738 3537 καὶ
784 3485 847 3536 τα
876 3484 1105 3549 φίλτατα
1150 3483 1243 3534 καὶ
1283 3482 1351 3534 τὰ
1393 3483 1812 3548 ἀναγκαιότατα.

242 3583 434 3640 Οὖτως
466 3578 751 3647 ὀφείλομεν
787 3578 879 3627 καὶ
917 3576 1078 3645 ἡμεῖς
1124 3573 1371 3627 σπεύδειν
1394 3616 1407 3641 ,
1464 3574 1554 3627 ὑπ’
1606 3575 1816 3636 οὐδενὸς

241 3670 680 3739 διακοπτόμενοι.

316 3842 616 3911 Ἀδελφοί,
654 3840 767 3910 ἐγὼ
798 3839 1061 3909 ἐμαυτὸν
1088 3840 1253 3893 οὔπω
1282 3838 1581 3908 λογίζομαι
1620 3855 1812 3893 κατει-

241 3937 520 4006 ληφέναι.
599 3935 813 4002 Ἐπειδὴ
867 3934 1034 3986 πολλὰ
1100 3933 1329 4003 ἐπῄνεσε
1386 3933 1811 3999 Φιλιππησίους,

242 4032 338 4081 νῦν
389 4029 761 4081 καταστέλλων
821 4027 1000 4079 αὐτῶν
1043 4025 1104 4077 τὸ
1160 4026 1433 4094 φρόνημα,
1488 4024 1675 4093 φησὶν,
1731 4025 1814 4077 δτι

256 4120 397 4186 Ἐγὼ
458 4120 485 4169 ὁ
549 4116 801 4179 τοσοῦτος
861 4118 952 4169 καὶ
1014 4114 1384 4185 τηλικοὺτος,ο
1416 4117 1443 4169 ὁ
1500 4115 1815 4179 διδάσκαλος

242 4214 432 4281 ὑμῶν,
507 4209 659 4263 οὔπω
733 4210 1016 4278 λογίζομαι
1074 4209 1463 4279 κατειληφέναι
1524 4208 1621 4278 τὴν
1686 4210 1812 4282 ἁρεέ

236 4308 340 4373 τὴν
374 4305 623 4355 ἃπασαν·
656 4303 729 4364 ὼς
756 4304 820 4355 ἂν
853 4304 901 4353 εἰ
931 4303 1023 4355 ἐπὶ
1042 4301 1288 4371 δρομέως
1319 4303 1461 4353 εἴποι
1495 4317 1578 4362 τις
1601 4317 1614 4330 ·
1646 4298 1812 4353 Οὔπω

237 4398 303 4449 τὸ
332 4398 439 4449 πᾶν
464 4397 649 4467 ἡνυσε.
678 4395 803 4457 Πῶς
831 4394 937 4447 οὖν
962 4394 1197 4463 ἀλλαχοῦ
1229 4410 1363 4462 φησι
1392 4411 1405 4425 ·
1456 4394 1567 4447 Τὸν
1592 4392 1814 4461 δρόμον

244 4490 526 4543 τετέλεκα
551 4504 570 4551 ;
625 4489 830 4539 Ἐκεῖνο
861 4488 995 4556 πρὸς
1024 4490 1091 4557 τῇ
1124 4488 1347 4556 τελευτῇ
1382 4485 1455 4537 ὢν
1486 4487 1616 4553 ἔφη.

318 4583 387 4633 Ἐ
393 4598 425 4631 ν
450 4580 537 4642 δὲ,
557 4577 673 4631 τῶν
691 4579 805 4646 μὲν
828 4577 1665 4647 ὅπισθεηέπιλανθανόμενος,
1687 4576 1812 4642 τοῖς

236 4675 307 4727 δὲ
347 4675 683 4742 ἔμπροσθεν
728 4672 1237 4740 ἐπεκτεινόμενος.
1284 4671 1379 4722 Ἒν
1431 4669 1588 4735 ποιῶ,
1624 4674 1811 4740 φησὶν,

236 4769 356 4831 ἐνὸς
392 4770 614 4836 γίνομαι
648 4769 831 4837 μόνου,
854 4768 998 4829 ὅπως
1034 4768 1121 4820 ἀεὶ
1162 4766 1561 4837 προκόπτοιμι”
1601 4766 1815 4820 ἐπιλαν-

237 4862 472 4927 θάνομαι
490 4859 597 4911 τῶν
626 4858 1082 4928 κατορθωμάτων,
1110 4859 1203 4911 καὶ
1224 4858 1425 4927 ἀφίημι
1444 4858 1583 4911 αὐτὰ
1613 4858 1808 4924 ὀπίσω,

239 4957 335 5005 καὶ
374 4954 493 5005 οὐδὲ
558 4952 843 5022 μέμνημαι
880 4952 1012 5013 ὅλως
1048 4949 1249 5013 αὐτῶν,
1281 4950 1377 5003 καὶ
1408 4948 1552 5001 οὕτω
1595 4954 1663 5002 τὰ
1714 4949 1811 5017 ἔμ-

239 5047 475 5119 προσθεν
501 5045 703 5112 διώκω,
726 5044 801 5106 ὡς
833 5044 1086 5096 λείποντά
1117 5058 1231 5111 μοι·
1249 5044 1367 5107 ὼςό
1393 5060 1453 5111 γε
1484 5043 1634 5115 [Mn]
1660 5060 1808 5096 τετε-

238 5139 496 5191 λειῶσθαι
526 5138 785 5207 νομίζων,
819 5138 1094 5191 παύσεται
1120 5136 1351 5209 τρέχων,
1380 5138 1455 5200 ώς
1475 5138 1575 5208 ἤδη
1606 5138 1666 5190 τὸ
1700 5139 1807 5189 πᾶν

237 5233 642 5302 κατωρθωκώς.
710 5232 774 5284 Τί
836 5233 895 5285 δέ
948 5234 1065 5286 ἐστι
1120 5233 1201 5291 τὸ.
1247 5233 1809 5301 Ἔπεκτεινόμενος;

235 5326 396 5379 Τουτ⁸
423 5325 563 5378 ἐστι·
599 5325 733 5397 Πρὶν
766 5324 970 5394 φθάσαι
996 5325 1066 5391 ³⁸,
1120 5324 1304 5377 λαϐεῖν
1318 5324 1675 5395 ίσπουδαζων,
1716 5328 1810 5378 καὶ

236 5420 363 5484 τοὺς
411 5418 598 5485 πόδας,
658 5416 834 5471 καίτοι
889 5416 1203 5489 τρέχοντας,
1253 5416 1331 5487 τῷ
1376 5417 1549 5488 λοιπῷ
1599 5420 1811 5486 σώματι

386 5587 404 5626 ι
438 5586 454 5641 l
487 5588 611 5642 Cor.
682 5603 736 5653 κ,
779 5585 864 5641 12.
1012 5594 1046 5615 ’³
1081 5581 1101 5636 1
1154 5583 1279 5639 Cor.
1324 5584 1515 5652 11,27.

1918 3300 2009 3369 qui
2061 3300 2349 3367 deinceps,
2389 3306 2444 3351 ut
2497 3297 2925 3365 apprehendam.
2983 3293 3496 3363 Significautissime

1920 3400 2099 3444 autem
2136 3391 2298 3451 dixit,
2331 3389 2571 3441 διώκειν.
2607 3389 2704 3452 Qui
2750 3388 2894 3440 enim
2942 3384 3285 3455 persequitur
3309 3426 3323 3449 ,
3364 3384 3496 3436 nihil

1920 3485 2064 3537 aliud
2092 3486 2346 3544 intuetur,
2380 3497 2542 3550 quant
2573 3482 2638 3533 ad
2678 3481 2821 3549 qttod
2854 3480 3152 3543 accelerat,
3182 3477 3276 3530 sed
3310 3477 3495 3531 omnia

1920 3574 2160 3643 prmterit
2191 3588 2312 3625 cum
2344 3570 2683 3631 charissima,
2721 3580 2832 3622 tum
2860 3570 3097 3621 maxime
3132 3566 3442 3619 necessaria
3477 3583 3492 3619 :

1922 3670 2061 3720 hunc
2087 3665 2155 3718 ad
2183 3664 2397 3718 modum
2442 3673 2497 3716 et
2541 3677 2638 3717 nos
2668 3662 2925 3715 festinare
2960 3661 3217 3738 debemus
3250 3658 3393 3711 nulla
3438 3672 3495 3710 re

1920 3760 2181 3826 impediti.

1987 3848 2413 3923 551V£ns.13.
2434 3847 2669 3912 Fratres,
2688 3864 2777 3917 ego
2794 3863 2871 3899 me
2891 3844 3115 3898 nondum
3135 3844 3333 3896 arbitor
3348 3858 3494 3896 com-

1917 3945 2268 4011 prehendisse.
2293 3942 2426 4007 Quia
2456 3941 2744 4007 pluritnum
2770 3939 3078 3990 laudaverat
3098 3935 3493 4003 Philippenses,

1919 4052 2059 4091 nunc
2092 4037 2325 4103 ipsorum
2356 4032 2613 4099 dejiciens
2636 4032 2910 4093 alit-itum,
2956 4029 3088 4097 Ego,
3123 4028 3314 4095 inquit,
3370 4027 3494 4081 talis

1919 4144 1981 4183 ac
2017 4138 2219 4190 tantus,
2276 4135 2574 4195 praeceptor
2634 4134 2830 4186 vester,
2885 4127 3123 4173 nondum
3175 4119 3366 4186 opinor
3407 4131 3494 4170 me

1916 4220 2337 4289 apprehendisse
2372 4219 2625 4269 virtutem
2661 4215 2967 4267 univerSnm
3003 4230 3014 4264 :
3052 4211 3275 4279 perinde
3336 4210 3491 4276 quasi

1916 4316 1981 4370 de
2009 4327 2229 4368 cursore
2269 4310 2468 4379 aiiquis
2505 4310 2647 4362 dicat
2680 4323 2693 4359 :
2732 4306 2978 4359 Nondum
3014 4314 3179 4356 totum
3244 4298 3490 4367 perfecit.

1920 4406 2024 4473 Qui
2067 4405 2226 4474 igitur
2256 4403 2361 4455 alio
2401 4401 2450 4454 iu
2495 4400 2611 4453 loco
2649 4399 2743 4458 ait,
2778 4396 3002 4449 Cursum
3037 4394 3392 4446 consummavi
3421 4389 3493 4442 "?

1845 4528 1889 4583 ι)
1920 4500 1989 4553 At
2019 4499 2146 4551 illud
2184 4495 2341 4550 morti
2367 4492 2576 4546 vicinus
2608 4491 2763 4543 dixit.

1998 4591 2161 4644 Vnus.
2196 4587 2283 4641 N.
2321 4584 2490 4638 Unum
2518 4593 2711 4639 autem.
2744 4596 2860 4647 qui:
2904 4578 3111 4645 quidem
3166 4587 3304 4627 retro
3343 4581 3488 4634 sunt,

1924 4684 2249 4740 obliviscaris,
2309 4677 2375 4730 ad
2406 4693 2463 4729 ea
2495 4691 2610 4727 vero
2646 4690 2760 4741 qua:
2807 4680 2929 4723 sunt
2976 4671 3173 4736 priora,
3207 4665 3488 4717 extendens

1922 4777 2196 4843 meipsum.
2242 4770 2438 4834 Unum,
2491 4770 2685 4835 inquit,
2736 4764 2893 4827 iacio,
2929 4775 3091 4814 unum
3141 4762 3239 4810 hoc
3289 4760 3491 4810 solum-

1920 4869 2078 4922 modo
2109 4865 2395 4926 conteudo,
2430 4873 2487 4915 ut
2516 4873 2731 4928 semper
2768 4869 3108 4925 promovi-am
3154 4868 3167 4905 :
3202 4851 3491 4903 obliviscor

1923 4974 2145 5028 operum
2176 4965 2596 5012 transactorum,
2625 4966 2795 5018 eaque
2829 4957 2951 5015 post
2979 4956 3187 5013 tergum
3221 4942 3489 5008 relinquo,

1918 5064 1972 5105 et
1996 5064 2181 5104 eorum
2229 5060 2452 5113 prorsus
2483 5059 2549 5097 ne
2578 5040 2827 5094 recordor
2855 5039 3095 5106 quidem,
3123 5049 3184 5087 ac
3209 5034 3288 5087 sic
3309 5034 3489 5100 priora

1914 5155 1969 5197 et
1997 5157 2117 5212 qua:
2150 5150 2275 5193 ante
2304 5152 2389 5191 tne
2421 5145 2568 5199 Sunt,
2602 5147 2919 5200 persequor,
2945 5144 3039 5183 ceu
3072 5142 3135 5180 ea
3165 5140 3284 5194 qua!
3312 5126 3490 5177 desint

1917 5237 2071 5291 mihi.
2101 5234 2233 5288 Nam
2266 5231 2356 5302 qui
2378 5245 2434 5284 se
2462 5243 2680 5284 cursum
2718 5224 3012 5280 absolvisse
3042 5228 3214 5289 putat,
3249 5234 3277 5271 ε
3323 5231 3484 5271 cursu

1919 5330 2148 5392 desistit,
2184 5338 2435 5393 tanquam
2466 5322 2554 5390 qui
2608 5332 2776 5373 totum
2805 5320 2912 5385 jam
2969 5313 3283 5368 confecerit.
3346 5308 3485 5373 Quid

1921 5439 2048 5478 veru
2078 5430 2178 5483 est,
2214 5417 2509 5471 Extendens
2534 5413 2559 5466 ?
2583 5410 2693 5467 Hoe
2723 5421 2825 5474 cst,
2847 5408 3164 5475 Priusquam
3190 5411 3485 5474 pervenero

1626 5594 1651 5621 η
1690 5584 1731 5638 ll
1799 5585 1938 5640 Tim.
1976 5600 2047 5645 tv,
2081 5582 2133 5634 7.

1587 5727 1793 5791 Variae
1829 5729 2159 5791 lectiones.

310 5857 353 5887 ’°
390 5856 448 5909 οὐ
487 5857 669 5926 μέντοι
709 5858 907 5921 πάντες
971 5872 1023 5913 o.
1126 5857 1168 5889 ¹¹
1207 5857 1334 5921 τοὺς
1388 5857 1650 5927 οὐρανοὺς
1691 5869 1745 5913 0.

1870 5856 1916 5889 ⁹¹
1984 5851 2172 5919 φθάσω
2244 5865 2293 5902 0.

2445 5848 2492 5881 ³³
2561 5849 2618 5899 ἐν
2676 5844 2897 5915 Χριστῷ
2954 5860 3005 5898 0.
3120 5843 3163 5878 ”
3204 5839 3393 5911 φθάσω
3426 5854 3482 5895 ο.
