4226 6440
215 408 360 468 1183

1022 408 1423 469 EXPOSITIO
1462 410 1540 467 IN
1576 408 1812 468 EPIST.
1866 409 1964 467 AD
2000 409 2326 474 PIllLlPP.
2368 437 2432 450 “-
2459 417 2615 479 CAP.
2657 420 2775 481 ΙΙῘ.

3315 426 3335 488 1
3354 427 3369 487 1
3384 430 3451 489 1‘10

210 516 278 566 δὲ
310 517 399 567 και
425 515 602 568 ἀνέσει
643 513 875 578 ζῶντεςο
908 515 1131 580 τοὺτους
1173 516 1399 586 ἐχυροὺς
1419 515 1512 568 τοῦ
1552 514 1784 584 ετέτλιυροὖ
1819 523 1859 573 Α

1779 515 1784 561 l
1819 523 1859 573 A
1891 518 2146 583 viventes,
2184 522 2277 576 hos
2305 521 2484 579 hostes
2514 528 2690 580 crucis
2736 528 2985 596 appellat.
3018 529 3140 585 "rec
3160 533 3300 587 enim
3332 542 3448 592 ani-

216 622 407 672 φησιν.
447 607 503 657 '0
529 605 626 674 μὲν
650 606 754 675 γὰρ
774 607 949 676 ψυχὴν
973 608 1219 675 ἐπιζητεῖ
1240 610 1691 676 παρατεταμένην
1712 610 1788 668 εἰς

219 692 473 753 θάνατον,
504 694 744 761 διψῶσαν
781 695 1019 747 κίνδυνον
1044 711 1056 724 °
1076 694 1230 747 αὐτοὶ
1266 694 1318 746 δὲ
1357 694 1668 747 ἐκλέλυνται
1697 696 1788 746 καὶ

218 786 552 847 ἀπεναντίας
582 786 774 852 ἐκείνῳ
799 786 1188 839 πολιτεύονται.
1216 787 1277 839 Ei
1307 786 1412 857 γὰρ
1444 787 1532 838 τὸν
1558 786 1787 854 σταυρὸν

220 876 469 940 ἐφίλουν,
494 874 821 937 ἐσπούδαζον
853 874 917 927 ἂν
948 875 1034 926 τὸν
1076 875 1484 945 ἐσταυρωμένον
1519 874 1630 943 βίον
1667 875 1784 943 ζῇν,

218 964 315 1015 τὸν
370 965 726 1031 κατάπικρον.
776 964 848 1014 Οὐ
890 964 1181 1034 φρίττομεν
1215 964 1418 1027 λοιπὸν,
1461 964 1514 1014 εἴ
1546 980 1606 1031 γε
1636 967 1662 1015 ό
1690 965 1788 1032 τῆς

219 1059 432 1124 τρυφῆς
469 1055 640 1123 φίλος,
690 1055 784 1106 καὶ
811 1057 906 1124 τῆς
938 1055 1171 1108 ἐνταῦθα
1202 1055 1456 1120 ἀνέσεως,
1488 1055 1581 1106 καὶ
1610 1054 1788 1121 ἀσφα-

218 1148 393 1208 λείας,
430 1147 619 1216 ἐχθρός
647 1148 761 1198 ὲστι
795 1147 886 1198 τοῦ
917 1146 1151 1213 σταυροῦ
1176 1146 1271 1198 τοῦ
1299 1146 1533 1214 Χριστοῦ
1563 1163 1577 1210 ;

297 1231 409 1291 Ὧν
448 1239 633 1301 ὀθεός
672 1237 709 1304 ἡ
761 1238 977 1289 κοιλία.
1024 1236 1357 1305 Λατρεύουσι
1397 1236 1505 1305 γὰρ
1552 1235 1626 1296 ὠς
1681 1232 1786 1303 θεῷ

218 1332 416 1401 ταύτῃ,
461 1330 553 1383 καὶ
603 1331 779 1382 πᾶσαν
814 1327 1106 1398 θεραπείαν
1147 1326 1503 1397 προσάγουσι.
1537 1324 1661 1385 Τοῖς
1690 1324 1786 1391 μὲν

224 1422 299 1474 τὰ
328 1422 606 1489 χρήρατα,
637 1421 746 1479 τοῖς
785 1417 893 1487 δὲή
929 1416 1104 1470 κοιλία
1159 1416 1309 1477 θεός·
1352 1414 1478 1485 περὶ
1509 1408 1581 1465 ὧν
1622 1411 1784 1465 ἀλλα-

218 1511 323 1580 χοῦ
354 1528 482 1578 φησι
508 1525 520 1538 '
553 1508 830 1578 Φιὶγωμεν
851 1506 947 1558 καὶ
976 1508 1199 1574 πίωμεν
1223 1520 1235 1533 ·
1265 1504 1472 1573 αὔριον
1502 1502 1610 1571 γὰρ
1639 1502 1785 1554 ἁπο-

217 1602 590 1669 υνήσκομεν.
638 1599 767 1651 Ἰδοὺ
793 1599 887 1649 καὶ
911 1596 1071 1667 ἑτέρα
1103 1595 1535 1662 εἰδωλολατρεία.

294 1689 401 1743 Καὶ
435 1689 469 1754 ἡ
502 1688 672 1750 δόξα,
704 1686 772 1739 ἑν
794 1683 867 1751 τῇ
911 1685 1174 1753 αἰσχύνῃ
1224 1682 1440 1737 αὐτῶν.
1474 1680 1625 1751 Τινὲς
1658 1681 1786 1752 περὶ

213 1780 320 1850 τῆς
350 1777 646 1850 περιτομῆς
668 1794 797 1845 φασι
828 1777 1002 1840 τοῦτο,
1027 1778 1092 1845 ἢν
1116 1775 1265 1826 αὐτοὶ
1297 1774 1395 1842 μὲν
1422 1774 1576 1839 δόξαν
1613 1768 1780 1843 εἶχον,

1895 624 2033 661 mam
2071 612 2293 677 inquirit
2316 622 2594 668 extensam
2628 620 2693 670 ad
2724 629 2968 685 mortem,
3004 624 3274 680 sitientem
3309 633 3450 695 peri-

1891 699 2007 751 cula
2044 718 2057 752 :
2091 700 2188 767 ipsi
2224 715 2400 757 autem
2448 707 2605 759 soluti
2672 719 2815 771 sunt,
2849 727 2910 765 ac
2970 728 3243 771 contrario
3294 721 3449 787 plane

1890 792 2050 840 modo
2069 804 2453 847 conversantur
2476 810 2540 849 ac
2564 797 2769 850 vivunt.
2806 798 2859 851 Si
2886 802 3026 854 enim
3057 821 3269 859 crucem
3293 824 3443 860 ama-

1892 887 2032 940 reut,
2062 881 2371 934 cruciﬁxam
2421 887 2577 939 simul
2636 891 2798 942 vitant
2858 910 3099 960 qunerere
3147 900 3444 964 studerent,

1890 971 2273 1025 amarulentam
2343 975 2602 1030 videlicet.
2660 978 2773 1033 Non
2831 982 3109 1038 horremus
3170 988 3328 1054 igitur
3391 991 3442 1041 iu

1889 1070 2182 1128 p0sterum,
2222 1065 2485 1133 siquidem
2515 1069 2827 1126 deliciarum
2862 1086 2911 1128 et
2943 1079 3139 1143 qutietis
3168 1079 3447 1133 inundanm

1888 1159 1939 1202 et
1966 1152 2271 1207 securitatis
2307 1157 2533 1221 amicus,
2574 1168 2656 1212 est
2688 1162 2856 1215 hostis
2892 1167 3070 1219 crucis
3104 1167 3341 1220 (ThriSti?

1960 1241 2119 1293 Vens.
2166 1241 2250 1295 19.
2282 1242 2513 1305 Quorum
2539 1246 2668 1301 deus
2693 1262 2873 1303 venter
2901 1264 2995 1305 est.
3024 1255 3276 1308 Serviunt
3302 1258 3444 1309 enim

1890 1331 2015 1384 huic
2048 1340 2300 1397 tanquam
2329 1332 2449 1398 deo,
2489 1344 2541 1388 et
2564 1353 2775 1390 onmem
2802 1326 2985 1394 curaui
3009 1343 3281 1398 adhibent.
3313 1348 3447 1400 Aliis

1888 1420 2102 1486 quidem
2159 1420 2407 1489 pecunia,
2453 1424 2572 1477 aliis
2619 1441 2747 1481 vero
2803 1442 2989 1483 venter
3037 1431 3169 1485 deus
3229 1444 3330 1496 est,
3382 1438 3447 1489 de

1888 1511 2083 1576 quibus
2114 1519 2168 1563 et
2222 1513 2328 1564 alio
2370 1513 2423 1565 in
2460 1512 2575 1567 loco
2619 1516 2691 1567 ait
2727 1535 2739 1570 :
2807 1510 3040 1573 Edamus
3069 1532 3115 1573 et
3191 1522 3444 1588 bibamus,

1887 1616 2002 1653 eras
2029 1603 2161 1654 enim
2189 1605 2526 1661 morimur".
2554 1605 2690 1660 Ecce
2722 1608 2941 1662 alteram
2966 1612 3336 1667 idololatriain.

1960 1691 2025 1745 Et
2052 1693 2220 1763 gloria
2255 1696 2309 1747 in
2343 1697 2649 1764 confusione
2678 1699 2935 1765 ipsorum.
2985 1702 3208 1765 Quidam
3247 1706 3347 1758 hoc
3381 1706 3445 1758 de

1888 1783 2297 1837 circumcisione
2326 1784 2530 1850 dicunt,
2556 1803 2713 1855 quam
2761 1789 2858 1856 ipsi
2910 1788 3133 1855 gloriam
3165 1795 3442 1859 putabant,

215 1838 449 1939 αἰσχύνη
481 1869 535 1920 δὲ
561 1870 724 1930 ὅντως
763 1868 927 1919 ἐστίν.
969 1865 1083 1920 Οὐκ
1108 1863 1223 1917 ἔστι
1258 1864 1313 1916 δε
1358 1864 1515 1916 τοῦτο
1544 1864 1611 1927 ’⁸,
1648 1863 1786 1916 ἀλλὰ
1816 1838 1859 1897 Β

2519 1838 2530 1850 ,
2762 1838 2858 1856 -τυ
2911 1838 3133 1855 ..επ-η-
3165 1838 3441 1859 τ---------.

1772 1881 1786 1916 ι
1816 1838 1859 1897 Β
1890 1887 2074 1925 revera
2105 1884 2280 1927 autem
2309 1876 2599 1943 ignominia
2634 1887 2734 1929 est.
2787 1878 2897 1933 Hoc
2944 1893 3069 1933 vero
3099 1896 3201 1934 non
3237 1884 3309 1935 ita
3341 1893 3441 1947 est,

212 1964 317 2031 τὴν
348 1962 677 2028 ἀναλγησίαν
709 1958 885 2013 αὐτῶν
911 1958 997 2011 διὰ
1027 1956 1228 2010 τούτων
1250 1956 1508 2010 δείκνυσι.
1545 1957 1656 2009 Καὶ
1681 1956 1785 2025 γὰρ

213 2054 652 2122 ἁμαρτάνοντας,
687 2052 837 2121 φησὶ,
867 2050 983 2103 δέον
1016 2047 1452 2129 εὶγκαλύπτεσθαι
1502 2048 1598 2100 καὶ
1627 2047 1785 2102 ἐπαι-

218 2141 540 2212 σχύνεσθαι,
574 2142 624 2193 οἱ
650 2141 706 2194 δὲ
735 2141 890 2207 δόξαν
924 2158 1095 2194 ταυτα
1126 2140 1407 2210 ἡγοῦνται.

292 2239 357 2288 Οἱ
392 2236 462 2289 τὰ
516 2235 741 2305 ἐπίγεια
796 2235 1186 2304 φρονοῦντες.
1242 2227 1403 2287 Οὗτοι
1450 2231 1558 2303 γὰρ
1604 2233 1784 2302 ἔχουσι

214 2323 342 2376 θεὸν
386 2325 484 2390 τὴν
533 2324 760 2387 κοιλίαν,
798 2324 846 2375 οἱ
882 2321 1047 2391 μηδὲν
1085 2321 1448 2391 πνευματικὸν
1476 2321 1507 2392 ἤ
1535 2322 1784 2391 οὐράνιον

219 2413 525 2481 νοούμενοι.

309 2501 503 2568 Ἠμῶν
538 2499 605 2551 δὲ
644 2500 687 2531 ’⁷
715 2499 781 2553 τὸ
807 2499 1134 2567 πολίτευμα
1167 2499 1235 2552 ἐν
1263 2497 1543 2564 οὐρανοῖς
1598 2498 1783 2564 ὺπὰρι

217 2607 335 2658 χει,
389 2590 457 2653 ἐξ
514 2585 586 2643 οὗ
642 2588 739 2641 καὶ
785 2587 1025 2655 Σωτῆρα
1072 2586 1520 2655 ἀπεκδεχόμεθα
1564 2588 1784 2654 Κύριον

234 2680 475 2748 Ἰησοῦν
515 2680 789 2747 Χριστόν.
828 2680 987 2731 Ὥστε
1019 2678 1085 2729 τὰ
1118 2677 1231 2730 ἄνω
1253 2677 1333 2729 δεῖ
1360 2677 1508 2746 ἡμᾶς
1541 2678 1777 2745 φρονεῖν,

215 2777 360 2845 πρὸς
406 2776 504 2843 τὴν
534 2773 765 2841 πατρίδα
813 2769 973 2839 ἡμῶν
1004 2769 1275 2835 σπεύδειν,
1312 2768 1441 2822 ἔνθα
1495 2770 1584 2821 καὶ
1631 2769 1780 2820 πολι-

211 2866 468 2919 τεύεσθαι
502 2863 808 2933 ἐτάχθημεν
828 2876 842 2891 ⁶
871 2863 991 2913 ἐπεὶ
1021 2862 1113 2912 καὶ
1136 2862 1163 2912 ὁ
1188 2859 1462 2929 Δεσπότης
1495 2861 1586 2912 καὶ
1616 2859 1782 2909 Βασι-

212 2959 345 3019 λεὺς
384 2955 540 3026 ἡμῶν
572 2957 707 3017 ἐκεῖ,
741 2954 832 3005 καὶ
877 2951 1085 3004 ἐκεῖθεν
1111 2952 1272 3004 αὑτὸν
1299 2952 1452 3019 ἥξειν
1478 2950 1781 3020 προσδοκῶ-

218 3066 323 3118 μεν
346 3050 402 3098 ὲν
426 3050 489 3115 τῇ
519 3047 642 3114 δόξῃ
673 3047 737 3113 τῇ
769 3045 1009 3112 Πατρικῇ
1038 3045 1173 3108 μετὰ
1195 3042 1300 3093 τῶν
1318 3041 1486 3109 ἁγίων
1504 3041 1774 3109 ἀγγέλων.

1886 1963 1982 2018 sed
2012 1962 2298 2016 stultitiam
2319 1965 2562 2033 ipsorum
2594 1967 2852 2022 ostendit.
2910 1967 3042 2023 Nam
3071 1971 3161 2039 qui
3194 1983 3441 2039 peccant,

1886 2053 2050 2105 velari
2074 2068 2167 2107 eos
2211 2067 2275 2106 ac
2304 2054 2557 2121 pudetieri
2589 2066 2836 2125 oportet;
2871 2058 2961 2113 isti
3018 2074 3147 2114 vero
3176 2061 3287 2115 haec
3341 2064 3443 2117 sibi

1883 2142 2066 2210 gloria:
2095 2144 2319 2196 ducunt.

1958 2232 2063 2296 Qui
2113 2242 2317 2288 terrena
2371 2238 2607 2305 sapiunt.
2642 2238 2705 2295 lii
2778 2243 2920 2297 enim
2977 2256 3219 2303 ventrem
3283 2249 3441 2305 deum

1885 2322 2104 2389 habent,
2125 2325 2217 2394 qui
2251 2327 2381 2382 nihil
2411 2330 2691 2400 spirituale
2722 2342 2814 2387 aut
2838 2336 3055 2391 cmleste
3078 2341 3336 2408 cogitant.

1954 2500 2116 2555 Vens.
2146 2502 2237 2556 20.
2274 2502 2474 2558 Nostra
2498 2518 2674 2561 autent
2707 2512 3029 2565 conversatio
3071 2514 3127 2566 in
3163 2516 3302 2569 cretis
3342 2528 3441 2581 est,

1881 2594 2019 2645 unde
2040 2594 2196 2644 etiam
2219 2592 2543 2649 Salvatorem
2582 2613 2936 2665 exspectamus
2959 2602 3236 2657 Dominum
3259 2606 3443 2661 Jesum

1883 2682 2171 2737 Christum.
2207 2683 2388 2753 Itaque
2421 2701 2542 2755 quae
2579 2704 2811 2759 superna
2848 2701 2995 2756 sunt,
3044 2710 3140 2749 nos
3176 2711 3363 2764 sapere
3393 2709 3447 2752 et

1883 2773 2131 2829 alrectare
2175 2786 2408 2845 Oportet,
2448 2789 2501 2832 et
2524 2780 2591 2834 ad
2619 2782 2845 2846 patriam
2872 2795 3111 2839 nosuam
3164 2787 3442 2855 festinare,

1884 2869 1973 2921 ubi
2033 2870 2216 2923 vivere
2280 2881 2330 2924 et
2385 2875 2708 2927 commorari
2761 2879 2915 2931 nobis
2963 2881 3269 2935 ordinatum
3338 2895 3443 2949 est,

1880 2957 2305 3027 quandoquidem
2336 2972 2389 3015 et
2426 2960 2685 3019 Dominus
2725 2974 2780 3019 et
2815 2965 2930 3021 Rex
2982 2980 3165 3024 noster
3199 2972 3305 3026 illic
3352 2977 3443 3039 sit,

1881 3058 2042 3115 atque
2075 3050 2218 3105 illinc
2265 3053 2436 3121 ipsum
2461 3067 2746 3108 venturum
2780 3069 3156 3127 exspectamus
3183 3063 3232 3114 io
3274 3064 3440 3129 gloria

218 3141 388 3191 ’Ὠστε
425 3140 516 3189 καὶ
559 3136 665 3189 ἀπὸ
708 3135 801 3186 τοῦ
830 3134 1018 3197 τόπου,
1050 3135 1141 3185 καὶ
1180 3134 1288 3185 ἀπὸ
1334 3133 1424 3184 τοῦ
1460 3132 1773 3201 προσώπου.
1805 3159 1847 3217 C
1878 3164 1887 3196 ι

1805 3159 1847 3217 C
1878 3136 2036 3207 453
2062 3138 2289 3194 Paterna
2315 3157 2434 3196 cum
2466 3145 2667 3199 sanetis
2689 3148 2913 3216 angelis.
2953 3148 3134 3217 Itaque
3178 3161 3232 3205 et
3265 3171 3293 3205 ιι
3324 3153 3442 3206 loco

212 3232 590 3301 δυσωπῂθητε.

294 3328 399 3389 Ὃς
428 3324 933 3392 μετασχηματίσει
964 3334 1027 3374 το
1052 3335 1223 3386 σωμα
1249 3317 1351 3384 τῆς
1377 3316 1778 3382 ταπεινώσεως

212 3412 405 3480 ἡμῶν.
448 3412 621 3463 ΠΟ)λά
658 3410 751 3462 νῦν
780 3410 973 3477 πάσχει
1000 3408 1059 3459 τὸ
1093 3407 1252 3475 σῶμα
1283 3423 1297 3434 ’
1326 3406 1624 3473 δεσμεῖται,
1673 3422 1777 3472 μα-

216 3504 478 3565 στίζεται,
540 3501 755 3569 μυρίοις
805 3499 995 3559 δεινοῖς
1044 3496 1421 3550 ὑποϐάλλει-τι.
1472 3498 1567 3546 Διὰ
1620 3494 1777 3546 τοῦτο

212 3590 592 3651 ταπεινώσεως
622 3590 801 3657 σῶμα,
826 3590 905 3641 ὃτι
938 3588 1110 3655 φθορᾷ
1144 3587 1233 3637 καὶ
1259 3586 1544 3655 ἀλγηδόσιν
1568 3586 1613 3616 ⁸³
1643 3586 1775 3637 ὑπό-

214 3698 428 3735 κειταιο
484 3682 619 3734 ἀλλὰ
674 3678 1334 3749 μετασχηματισθήσεται,
1412 3681 1673 3740 τουτέστι,
1718 3676 1779 3731 τὺ

214 3772 349 3825 αὐτὸ
382 3773 539 3841 μένον
573 3772 845 3824 ἐνδύσεται
874 3770 1216 3838 ἀφθαρσίαν·
1254 3768 1776 3837 μετασχηματισμὸν

214 3864 347 3930 γὰρ,
370 3865 466 3932 τὴν
498 3863 603 3913 ἀπὸ
635 3861 834 3929 φθορᾶς
868 3860 1105 3927 ἀλλαγὴν
1139 3860 1349 3927 νόησον.

283 3955 385 4017 Εις
432 3953 497 4005 τὸ
540 3952 816 4019 γενέσθαι
856 3951 1003 4005 αὐτὸ
1050 3951 1402 4018 σύμμορφον
1432 3948 1511 4014 τῷ
1553 3948 1775 4017 σώματι

212 4042 323 4110 τῆς
348 4044 533 4107 δόξης
554 4041 760 4095 αὑτοῦ.
798 4041 1009 4109 Ἐπειδὴ
1036 4041 1355 4109 σύμμορφον
1378 4040 1565 4105 αὑτοῦ,
1590 4043 1772 4109 φησὶν,

214 4136 431 4201 ἐγένετο
459 4135 546 4186 διὰ
576 4135 673 4201 τῆς
719 4131 999 4192 κοινωνίας
1046 4148 1153 4183 των
1200 4131 1405 4195 παθῶν,
1456 4134 1774 4201 σύμμορφον

213 4230 502 4296 γενήσεται
534 4228 627 4277 καὶ
653 4226 718 4294 τῇ
753 4223 898 4294 δόξῃ.
931 4222 1131 4274 Βαϐαίῐ
1162 4222 1211 4273 τί
1245 4217 1397 4286 sine;
1425 4222 1513 4291 Τῷ
1542 4224 1644 4274 ὑπὸ
1666 4223 1773 4274 τῶν

215 4319 462 4385 ἀγγέλων
504 4319 978 4385 προσκυνουμένῳ,
1008 4316 1086 4382 τῷ
1124 4316 1181 4365 ἐν
1220 4312 1370 4383 δεξιᾷ
1411 4313 1504 4365 τοῦ
1562 4314 1775 4383 Πατρὸς

213 4408 529 4476 καθημένῳ,
573 4406 650 4473 τῷ
701 4404 799 4473 τῆς
838 4405 993 4473 δόξης
1030 4404 1142 4455 ὄντι
1191 4402 1404 4471 σώματι
1457 4403 1775 4472 σύμμορφον

1885 3238 1939 3283 et
1966 3247 1993 3282 a
2036 3247 2262 3298 persona
2287 3236 2353 3287 ad
2386 3238 2642 3304 pudorem
2688 3246 3159 3300 cummoveamini.

1944 3319 2104 3374 Vens.
2124 3321 2323 3387 21.Ωιιὶ
2343 3333 2485 3379 trans
2499 3328 2745 3396 ﬁgnrabit
2764 3345 2945 3397 corpus
2958 3332 3333 3387 humiliationis
3348 3352 3444 3390 no-

1881 3414 2203 3465 strw.Mn|ta
2220 3430 2359 3467 nunc
2382 3417 2580 3482 patitur
2596 3434 2824 3489 corpus:
2850 3425 3101 3487 vincitur,
3121 3424 3437 3494 ﬂagellatur,

1882 3501 2180 3557 innumeris
2200 3504 2356 3559 malis
2377 3508 2648 3575 objicitur.
2671 3509 2749 3563 0b
2765 3512 2901 3565 hanc
2928 3529 3037 3565 rem
3060 3515 3442 3569 humiliatiouis

1884 3608 2082 3661 coqzus
2114 3605 2214 3659 est,
2243 3598 2382 3666 quod
2404 3599 2735 3668 corruptioui
2762 3609 2919 3670 atque
2944 3603 3115 3656 dolori
3141 3605 3440 3673 subjectum

1883 3683 1952 3736 sit
1997 3704 2009 3736 :
2044 3685 2135 3737 sed
2176 3688 2669 3756 transﬁgurabitur,
2706 3690 2755 3744 id
2802 3700 2904 3754 est,
2949 3693 3088 3746 idem
3124 3710 3443 3762 permanens

1886 3775 2070 3828 induet
2104 3778 2686 3847 incorruptibilitatem.
2739 3780 2844 3835 Per
2904 3784 3439 3850 trausﬁgurationem

1884 3870 2025 3918 enim
2049 3882 2076 3920 a
2112 3870 2457 3937 corruptione
2484 3873 2837 3926 mutationem
2898 3874 3156 3943 intelligo.

1955 3956 2020 4010 Ut
2052 3961 2313 4026 efficiatur
2338 3964 2601 4029 conformo
2623 3963 2787 4031 ipsum
2811 3967 3018 4032 corpori
3054 3967 3237 4034 gloria:
3257 3972 3441 4035 ipsius.

1882 4048 2349 4118 Quandoquidem,
2384 4053 2577 4119 inquit,
2624 4052 2903 4108 conformo
2948 4058 3045 4122 ipsi
3109 4059 3311 4112 factum
3362 4070 3444 4114 est

1884 4161 1975 4212 per
2006 4145 2349 4200 aﬂlicriouum
2383 4149 2947 4213 communicationem,
2986 4151 3260 4207 conformo
3279 4155 3439 4207 etiam

1881 4233 2140 4289 cﬂicietur
2172 4237 2354 4304 gloria:
2386 4237 2572 4305 ipsius.
2594 4236 2781 4305 Papa!
2811 4241 2936 4307 quid
2988 4241 3159 4295 dixit?
3183 4241 3242 4295 Ei
3296 4244 3439 4311 quod

1881 4324 1948 4377 ab
1988 4324 2187 4392 angelis
2214 4327 2491 4387 adoratur,
2520 4328 2659 4394 quod
2681 4330 2746 4378 ad
2776 4328 3020 4380 dextram
3049 4329 3220 4384 Patris
3264 4336 3436 4394 sedet,

1882 4416 2062 4483 gloria:
2103 4415 2316 4483 corpori
2366 4416 2640 4469 conforme
2676 4417 2734 4469 (it
2792 4433 2990 4484 corpus
3050 4431 3319 4486 nostrum,
3378 4438 3441 4475 ac

214 4503 424 4568 γίνεται
449 4502 506 4551 τὸ
520 4499 675 4566 σῶμα
699 4498 874 4566 ἡμῶν,
894 4500 983 4547 καὶ
1004 4495 1142 4547 οὕτω
1157 4496 1458 4559 δοξάζεται,
1478 4498 1550 4557 ὡς
1568 4499 1741 4548 ἐκεῖνο
1812 4498 1860 4557 D

1812 4498 1860 4557 Β
1889 4506 2106 4574 perinde
2128 4505 2457 4575 gloriticatur
2482 4518 2533 4558 ut
2562 4508 2687 4559 illud
2712 4508 2725 4558 l
2756 4507 2943 4561 Nonne
2967 4510 3126 4575 igitur
3150 4511 3194 4563 si
3224 4511 3440 4564 univer-

214 4590 361 4660 τ[ἕδρα.
392 4590 456 4643 ἂν
489 4592 633 4642 πᾶσι
661 4592 693 4658 ἡ
716 4589 1007 4657 οἰκουμένη
1039 4586 1131 4638 ἐπὶ
1160 4587 1220 4638 τὸ
1249 4588 1380 4638 αὐτὸ
1419 4587 1624 4656 δακρύῃ
1646 4599 1776 4649 τους

217 4684 576 4742 ἐκπίπτοντας
625 4680 725 4747 τῆς
776 4680 1031 4747 τοιαύτης
1076 4674 1251 4745 δόξης,
1279 4678 1442 4740 ἀξίως
1482 4677 1775 4745 δακρύσει;

289 4776 450 4829 Κατὰ
495 4774 608 4840 τὴν
632 4774 940 4841 ἐνέργειαν
978 4770 1082 4823 τοῦ
1116 4770 1414 4824 δύνασθαι
1458 4771 1646 4824 αὑτὸν
1678 4769 1777 4825 καὶ

216 4867 507 4930 ὑποτάξαι
548 4862 736 4929 ἐαυτῷ
763 4865 834 4917 τὰ
864 4861 1078 4916 πάντα.
1118 4862 1333 4933 Ἐπειδὴ
1362 4862 1503 4932 μέγα
1542 4858 1658 4914 εἷπε
1685 4880 1779 4916 και

217 4960 404 5029 σχεδὸν
434 4961 679 5021 ἄπιστον,
703 4956 864 5025 φησί·
892 4955 981 5023 Μὴ
1010 4956 1347 5025 ἁπιστήσῃς’
1392 4954 1619 5024 δύναμιν
1667 4956 1778 5024 γὰρ

218 5052 351 5120 ἔχει,
369 5046 513 5120 δι’ἧς
540 5052 751 5121 ἐνεργεῖ
774 5050 842 5101 τὰ
865 5049 1062 5116 πάντα,
1088 5049 1176 5102 καὶ
1202 5049 1465 5114 ὑπέταξεν
1490 5047 1774 5116 ἀγγέλους,

218 5144 314 5193 καὶ
341 5139 731 5209 ἀρχαγγέλους,
759 5140 852 5191 καὶ
889 5139 1142 5209 δαίμονας
1160 5154 1175 5169 ·
1210 5138 1349 5191 ὥστε
1369 5139 1486 5190 ἐπεὶ
1501 5139 1682 5190 ἐκεῖνα
1710 5137 1777 5190 τὰ

222 5232 392 5301 μείζω
421 5234 664 5301 ἐποίησε,
687 5231 868 5301 πολλῷ
902 5231 1098 5301 μᾶλλον
1125 5228 1284 5283 τοῦτο
1309 5230 1368 5283 τὸ
1389 5229 1607 5284 ἔλαττον
1632 5231 1774 5283 ὲκεί-

218 5342 324 5375 νων
340 5324 573 5394 ποιήσει.
597 5323 685 5385 Tt,-
700 5323 757 5376 δὲ
776 5322 1042 5387 ὑπέταξεν
1063 5340 1077 5388 ;
1108 5323 1174 5375 Ol.
1200 5321 1296 5390 μέν
1314 5323 1629 5390 φασιν.ὃειό
1646 5322 1775 5385 Θεὸς

219 5418 315 5469 καὶ
342 5416 527 5486 Πατὴρ
560 5414 824 5481 ὑπέταξεν
864 5415 1035 5484 αὐτῷ,
1081 5413 1157 5482 τῷ
1194 5411 1414 5485 Χριστῷ
1455 5412 1679 5482 δηλαδὴ,
1708 5414 1776 5464 τὰ

360 5566 381 5587 ⁸
410 5554 429 5610 ι
458 5555 584 5611 Cor.
629 5570 717 5621 tv,
748 5552 837 5609 '52.

1883 4612 1972 4651 sus
1995 4597 2223 4650 mundus
2251 4597 2410 4650 simul
2438 4597 2769 4666 lacrymetnr
2828 4613 2891 4652 ac
2920 4598 3116 4653 deﬂeat
3159 4614 3254 4655 eos
3287 4602 3375 4668 qui
3409 4618 3437 4655 a

1887 4689 2049 4759 gloria
2084 4689 2183 4742 hac
2210 4691 2486 4755 excidunt,
2512 4691 2673 4758 digne
2705 4690 3126 4760 lacryniabitur?

1955 4779 2249 4834 Secundum
2279 4783 2621 4848 Operationem
2646 4798 2747 4849 qua
2773 4793 2937 4847 potest
2970 4782 3079 4848 ipse
3109 4783 3266 4834 etiam
3318 4798 3441 4835 suo-

1874 4889 2037 4941 Jicere
2074 4872 2172 4925 sibi
2206 4873 2404 4925 omnia.
2451 4870 2585 4936 Quia
2633 4886 2880 4939 maguum
2926 4872 3153 4933 dixerat,
3205 4885 3267 4925 ac
3299 4887 3428 4939 pro-

1885 4965 2169 5033 pemodum
2201 4962 2551 5024 incredibile,
2600 4960 2676 5015 Ne
2710 4962 2941 5024 dubites,
2982 4962 3155 5029 inquit
3209 4978 3221 5013 :
3279 4961 3439 5014 habet

1883 5058 2024 5109 enim
2055 5054 2364 5123 potentiam,
2396 5070 2489 5123 per
2515 5067 2673 5122 quam
2715 5062 2966 5120 Operatur
2988 5052 3189 5114 omnia,
3216 5065 3280 5104 ac
3308 5054 3436 5102 sub-

1882 5147 2013 5215 jecit
2042 5146 2261 5213 angelos
2287 5158 2341 5199 et
2380 5145 2730 5213 arehangelos
2766 5154 2818 5197 et
2846 5143 3139 5197 daemones.
3180 5140 3356 5206 Quare
3390 5142 3438 5194 si

1884 5238 1971 5291 illa
2003 5234 2203 5302 majora
2233 5233 2380 5299 fecit,
2414 5235 2582 5287 multo
2606 5234 2773 5303 magis
2797 5234 2919 5297 hoc,
2946 5233 3086 5302 quod
3107 5232 3281 5285 minus
3310 5230 3436 5291 illis,

1882 5326 2061 5379 faciet.
2086 5322 2220 5389 Quis
2246 5338 2372 5377 vero
2397 5321 2931 5389 subjecit?Nonuulli
2956 5328 3269 5375 asseverant
3295 5321 3437 5387 quod

1882 5417 2022 5472 Deus
2042 5415 2204 5471 Pater
2232 5413 2525 5483 subjecerit
2551 5413 2672 5482 ipsi,
2700 5412 2913 5468 Christo
2930 5412 3201 5476 videlicet,
3228 5410 3434 5465 omnia.

1562 5664 1758 5727 Varite
1797 5664 2123 5727 lectiones.

291 5780 333 5810 "
360 5779 469 5831 ἀλλ’
508 5782 604 5833 οὐκ
637 5778 749 5831 ἔστι
788 5776 941 5831 τοῦτο
962 5792 1011 5829 ο.
1089 5776 1129 5806 ’⁷
1168 5774 1270 5843 γὰρ
1302 5789 1353 5827 0.

1432 5773 1476 5803 "
1506 5804 1526 5814 ο
1548 5770 1728 5839 γηδόνι
1767 5788 1818 5825 υ.
