4226 6440
717 377 850 442 1195

714 583 845 637 dita.
907 582 1104 635 Vitium
1160 583 1299 636 enim
1369 582 1709 638 mendacium
1775 593 1892 649 est,
1947 592 2001 637 et
2047 584 2293 652 voluptas

711 676 845 737 eius.

783 766 1112 835 Qua‘cunque
1155 783 1331 820 severa
1381 776 1521 821 sunt.
1594 767 1676 821 Ad
1710 781 1803 823 eos
1832 769 1924 838 qui
1959 778 2170 823 terrena
2201 784 2290 823 sa-

714 863 885 925 piunt.

783 950 1119 1017 Quaecunque
1170 962 1333 1001 casta.
1403 948 1481 1001 Ad
1540 961 1636 1002 eos
1681 961 1908 1017 quorum
1971 947 2104 1004 deus
2152 962 2285 1004 ven-

714 1056 794 1093 it‘l'
825 1052 928 1093 est.

784 1132 1121 1202 Qua’cunque
1170 1130 1445 1183 amabilia.
1510 1130 1566 1184 ld
1618 1139 1719 1195 est,
1756 1131 1866 1186 Deo
1900 1141 1955 1186 et
1983 1129 2290 1187 hominibus

710 1237 882 1291 grata.
922 1223 1032 1277 Hoc
1067 1238 1212 1287 vero,
1245 1237 1311 1278 ne
1341 1223 1617 1277 oﬂ'endant
1645 1223 1873 1292 aliquos.

787 1323 1114 1386 Qmecunque
1144 1313 1265 1366 boni
1310 1313 1534 1366 nominis
1560 1329 1578 1365 .'
1613 1318 1655 1367 si
1680 1332 1783 1382 qua
1816 1316 2004 1380 virtus,
2033 1326 2081 1368 et
2110 1317 2155 1369 si
2184 1332 2287 1386 qua

710 1410 851 1459 laus.
923 1404 1110 1461 Viden‘
1142 1405 1283 1475 quod
1314 1414 1365 1458 et
1394 1420 1580 1459 eorum
1609 1420 1729 1475 qua:
1762 1406 1991 1461 attinent
2020 1409 2084 1461 ad
2118 1410 2288 1462 homi-

710 1515 804 1553 nes
841 1498 1105 1554 rationem
1141 1500 1339 1552 habere
1374 1510 1468 1551 eos
1499 1497 1663 1551 velit?
1689 1500 1783 1551 sed
1815 1516 1917 1551 non
1951 1499 2285 1567 simpliciter,

708 1606 893 1645 verum
929 1607 1048 1648 cum
1077 1593 1371 1662 appendice
1400 1594 1522 1655 hac,
1565 1590 1621 1645 Si
1650 1608 1754 1660 qua
1785 1591 1971 1646 virtus.

781 1688 912 1741 lla'c
944 1687 1190 1756 cogitate.
1225 1687 1356 1752 Quia
1382 1702 1411 1740 e
1439 1686 1859 1756 cegitationibus
1909 1701 2071 1757 prava
2122 1702 2284 1758 opera

709 1790 1039 1845 nascuntur,
1096 1779 1223 1833 liwc
1263 1778 1525 1848 cogitate,
1570 1779 1775 1846 inquit,
1826 1793 1943 1847 quze
1991 1789 2114 1833 sunt
2149 1795 2285 1847 prte-

706 1877 871 1929 dictu.

774 1967 941 2039 456
978 1965 1139 2019 Vens.
1172 1964 1225 2019 9.
1269 1962 1400 2028 Qum
1430 1972 1477 2016 et
1508 1961 1795 2027 didicistis,
1825 1972 1870 2015 et
1903 1963 2202 2031 accepistis,
2236 1970 2285 2016 et

705 2060 1005 2122 audivistis,
1038 2066 1088 2111 et
1138 2057 1343 2111 vidistis
1394 2056 1447 2108 in
1490 2071 1593 2109 me.
1640 2055 1776 2120 Quia
1825 2069 1926 2109 non
1976 2055 2169 2109 licebat
2221 2056 2284 2111 de

706 2151 959 2207 Omnibus
1000 2157 1189 2202 exacte
1245 2149 1447 2209 dicere,
1498 2148 1561 2199 de
1614 2146 1968 2216 ingressibus,
2024 2147 2281 2211 exitibus,

708 2245 895 2309 verbo,
930 2243 1139 2304 habitu,
1171 2240 1224 2293 in
1259 2255 1467 2293 summa
1498 2239 1673 2308 inquit
1710 2256 1723 2291 :
1759 2239 2103 2309 Quaecunque
2145 2239 2284 2293 didi-

705 2336 857 2390 cistis
887 2344 941 2389 et
969 2333 1255 2389 audivistis
1307 2347 1402 2402 per
1456 2332 1779 2393 doctrinam,
1821 2338 1889 2385 et“
1910 2331 2197 2400 accepistis
2230 2330 2283 2385 in

705 2428 944 2495 scriptis,
973 2437 1026 2477 et
1057 2423 1261 2477 vidistis
1282 2422 1332 2475 in
1359 2436 1443 2476 me
1464 2437 1561 2490 per
1594 2422 1705 2490 ipsa
1736 2436 1921 2491 opera.
1957 2421 2086 2474 Hmc
2112 2421 2280 2485 enim,

705 2529 760 2572 ut
806 2532 947 2587 saepe
978 2524 1461 2569 commemoratum
1492 2522 1599 2577 est,
1645 2514 1845 2583 optima
1893 2521 1975 2567 est
2016 2511 2281 2581 doctrina,

704 2608 938 2675 seipsum
966 2605 1243 2672 exemplar
1275 2604 1554 2658 exhibere.

778 2699 908 2752 "(cc
955 2699 1113 2766 agite.
1148 2696 1266 2749 Non
1318 2695 1489 2749 solum
1535 2695 1790 2765 cogitate,
1841 2704 1899 2749 ut
1946 2696 2108 2766 paulo
2160 2707 2282 2755 ante

706 2795 940 2856 dii-tum,
997 2803 1168 2858 neque
1214 2788 1375 2843 dicite
1435 2787 1814 2852 solummodo,
1882 2803 2068 2843 verum
2115 2790 2280 2845 etiam

704 2884 885 2938 facite.

776 2982 841 3035 Et
889 2982 1025 3034 Deus
1071 2981 1217 3049 pacis
1262 2981 1361 3034 erit
1416 2979 1701 3039 vobiscum.
1741 2980 1852 3036 Hoc
1885 2991 1989 3047 est,
2040 2983 2096 3036 1η
2133 2992 2283 3038 tran-

704 3076 970 3144 quillitate
1022 3072 1238 3138 vivetis,
1274 3073 1316 3127 si
1351 3073 1467 3127 haec
1511 3073 1757 3142 egeritis.
1806 3072 1865 3129 Si
1896 3074 2040 3127 enim
2095 3088 2280 3144 pacem

706 3172 1023 3232 habeamus,
1057 3176 1111 3220 et
1143 3168 1283 3236 apud
1335 3165 1525 3231 Deum,
1584 3165 1836 3221 videlicet
1883 3182 1977 3234 per
2002 3167 2280 3232 virtutem,

704 3273 757 3316 et
788 3260 927 3329 apud
960 3257 1202 3311 homines
1231 3254 1384 3326 (Cum
1416 3255 1709 3309 odientibus
1750 3254 1887 3308 enim
1905 3270 2084 3322 pacem
2109 3270 2277 3319 erant,

706 3352 913 3421 inquit,
959 3348 1209 3418 paciﬁcus
1238 3349 1318 3416 ιι),
1376 3348 1480 3401 erit
1527 3347 1640 3416 ipse
1673 3346 1816 3400 Deus
1858 3346 2158 3400 nobiscum.
2184 3343 2285 3411 Qui

704 3447 847 3500 enim
924 3442 1192 3511 fugientes
1247 3447 1529 3505 sectatur,
1579 3440 1674 3509 qui
1730 3440 2108 3494 accedentibus
2170 3452 2280 3493 non

706 3536 913 3591 adet-it?

778 3629 940 3685 Vens.
980 3628 1066 3685 10.
1100 3625 1322 3684 Gavisus
1378 3640 1494 3678 sum
1540 3624 1593 3676 in
1666 3621 1889 3676 Domino
1941 3623 2284 3686 vehementer,

704 3722 842 3793 quod
878 3720 1087 3772 tandem
1121 3715 1407 3785 aliquando
1442 3713 1755 3783 reﬂoruistis
1792 3728 1888 3780 pro
1937 3728 2017 3765 me
2071 3716 2283 3765 sentire.

706 3815 825 3865 Non
862 3811 1133 3863 mundano
1166 3820 1314 3861 more
1343 3804 1558 3876 gavisus
1585 3818 1729 3870 sum,
1763 3803 1952 3871 inquit,
1991 3817 2168 3872 neque
2187 3817 2285 3870 pro

706 3903 861 3970 hujus
891 3900 1072 3956 saeculi
1102 3899 1332 3963 ratione,
1362 3894 1479 3959 sed,
1520 3893 1582 3948 I-t
1606 3892 1827 3946 Domino
1847 3932 1861 3955 ,
1891 3908 1995 3946 non
2020 3893 2164 3963 quod
2187 3905 2285 3962 ego

707 3994 1153 4048 rcfociilationem
1210 3989 1513 4053 habuerim,
1568 4000 1756 4041 verum
1806 3985 1947 4053 quod
2001 4000 2098 4040 vos
2155 3999 2283 4055 pro-

706 4088 877 4159 gressi
932 4085 1085 4141 estis.
1134 4081 1428 4152 Propterea
1474 4089 1530 4134 et
1566 4079 1912 4134 vehementer
1958 4077 2108 4143 dicit,
2159 4078 2283 4148 quia

706 4197 806 4252 pro
854 4180 1093 4247 ipsorum
1130 4175 1385 4229 utilitate.
1437 4172 1573 4226 Cum
1627 4181 1807 4224 autem
1843 4170 1914 4225 ob
1953 4171 2281 4259 praeteritum

710 4288 923 4343 tempus
967 4268 1274 4325 clanculum
1323 4279 1416 4321 eos
1448 4264 1806 4333 objurgasset,
1844 4274 1903 4316 ut
1942 4262 2199 4317 continuo
2231 4271 2286 4317 et

706 4378 923 4435 semper
967 4360 1247 4432 impertire
1294 4357 1509 4418 doceat,
1560 4353 1701 4409 idem
1761 4368 1951 4408 rursus
1996 4353 2283 4408 adumbra-

707 4460 803 4510 vit.
864 4453 997 4508 Nam
1071 4449 1237 4516 istud,
1313 4447 1547 4501 Tandem
1598 4444 1903 4514 aliquando,
1952 4443 2092 4515 longi
2144 4453 2280 4499 lem-

1594 377 2171 440 THEOPHYLACTI
2206 378 2618 440 BULGARI/E
2657 381 3015 443 ARCHIEP.

786 491 1117 559 Qua'cunque
1167 506 1289 543 vera
1341 500 1483 545 sunt.
1538 490 1650 546 Hoc
1677 501 1777 558 est,
1824 491 2115 547 virtutibus
2157 494 2367 562 [παι-Α

3843 383 4009 451 1196

2467 495 2623 549 Ὅσα
2654 496 2876 565 ἀληθῆ.
2911 495 3222 565 Τουτέστιν,
3262 497 3514 569 ὲνάρετα.
3574 498 3639 553 Ἦ
3668 498 3781 571 γάρ
3816 501 4012 554 κακία

2393 586 2609 654 ψεῦδος,
2642 588 2737 641 καὶ
2767 590 2799 659 ἡ
2834 588 2996 659 ἡδονὴ
3037 588 3231 658 αὐτῆς.

2491 767 2649 821 Ὅσα
2698 768 2912 837 σεμνά.
2953 769 3095 839 Πρὸς
3149 770 3275 833 τοὺς
3325 769 3394 823 τά
3440 770 3660 840 ἐπίγεια
3718 772 4015 844 φρονοῦν-

2391 876 2488 922 τας
2527 858 2627 929 (2).

2464 952 2619 1005 Ὅσα
2645 952 2818 1023 ἁγνά.
2851 955 2994 1026 Πρὸς
3022 956 3165 1019 τοὺς,
3195 948 3269 1009 ὧν
3303 957 3330 1008 ὀ
3362 955 3479 1020 θεὸς
3503 957 3536 1009 it
3567 957 3772 1010 κοιλία.

2464 1134 2620 1186 ’Ὅσα
2649 1134 2980 1202 προσφιλῆ.
3032 1136 3316 1201 Τουτὲστι,
3346 1138 3439 1192 καὶ
3469 1139 3588 1210 Θεῷ
3634 1141 3731 1195 καὶ
3765 1141 4005 1213 ἀνθρώ-

2394 1241 2536 1286 ποις.
2564 1224 2735 1277 Τοῦτο
2765 1225 2843 1289 δὲ,
2872 1225 2960 1277 διὰ
2982 1225 3041 1278 τὸ
3076 1227 3150 1297 μὴ
3177 1229 3539 1298 προσκρούειν
3561 1231 3695 1284 τισί.

2463 1316 2620 1369 Ὅσα
2665 1317 2903 1385 εὕρημα
2922 1334 2935 1346 ο
2962 1316 3019 1369 εἴ
3044 1335 3135 1384 τις
3160 1318 3363 1387 ἀρετὴ,
3389 1322 3486 1374 καὶ
3514 1322 3570 1374 ετ
3587 1339 3680 1388 τις
3706 1324 3999 1392 ἔπαινος.

2400 1409 2585 1479 Ὁρᾷς,
2616 1409 2697 1462 ὅτι
2729 1412 2821 1463 καὶ
2850 1409 2958 1463 τῶν
2986 1412 3121 1480 πρὸς
3156 1412 3477 1483 ἀνθρώπους
3504 1421 3759 1485 προνοεῖν
3785 1420 4003 1481 αὐτοὺς

2393 1500 2670 1572 βούλεται;
2698 1502 2812 1554 ἀλλ’
2834 1502 2931 1571 οὐχ
2952 1503 3159 1569 ἁπλῶς,
3179 1503 3315 1557 ἀλλά
3333 1505 3471 1574 μετά
3488 1507 3545 1558 τὸ
3566 1510 3763 1561 εἰπεῖν·
3800 1511 3877 1562 EI
3901 1528 4002 1576 τις

2391 1593 2596 1662 ἀρετή.

2466 1685 2659 1739 Ταῦτα
2689 1686 3021 1757 λογίζεσθε.
3069 1689 3289 1760 Ἐπειδὴ
3326 1692 3437 1745 ἀπὸ
3472 1693 3693 1746 ἐννοιῶν
3721 1695 3783 1747 αἱ
3813 1712 3999 1765 πονη-

2392 1776 2485 1847 ραὶ
2507 1777 2734 1845 πράξεις
2787 1779 3055 1849 γίνονται,
3108 1781 3298 1837 Ταῦτα
3347 1784 3678 1852 λογίζεσθε,
3720 1786 3884 1855 φησὶ,
3924 1790 3998 1839 τὰ

2389 1872 2788 1942 προειρημένα.

2465 1967 2532 2019 "A
2565 1965 2665 2018 καὶ
2697 1964 2962 2035 ἐμάθετε,
2994 1968 3090 2021 καὶ
3116 1970 3499 2037 παρελάϐετε,
3526 1973 3621 2027 καὶ
3648 1972 3996 2040 ἠκούσατε,

2390 2056 2489 2109 καὶ
2525 2056 2715 2110 εἴδετε
2741 2057 2811 2109 ἐν
2846 2058 2998 2127 ἐμοί.
3045 2058 3262 2130 Ἐπειδὴ
3290 2060 3388 2114 οὐκ
3421 2062 3545 2133 ὲνῆν
3586 2063 3716 2133 περὶ
3760 2062 3995 2116 πάντων

2388 2145 2887 2218 ἀκριϐολογεῖσθαι,
2930 2150 3059 2221 περὶ
3088 2151 3334 2217 εἰσόδων,
3377 2154 3506 2222 περὶ
3537 2154 3763 2219 ἐξόδων,
3801 2156 3997 2226 ῥήμα-

2387 2254 2498 2303 τος,
2532 2238 2811 2308 σχήματος
2836 2238 2902 2302 ³⁷,
2932 2238 2990 2290 ὲν
3015 2238 3298 2309 κεφαλαίῳ
3327 2241 3491 2309 φησίν
3516 2257 3529 2270 ο
3562 2240 3709 2294 Ὅσα
3737 2242 3993 2309 ἐμάθετε

2388 2330 2485 2383 καὶ
2534 2328 2808 2399 ἠκούσατε
2844 2329 2931 2382 διὰ
2960 2329 3336 2395 διδασκαλίας,
3384 2331 3479 2384 καὶ
3516 2331 3862 2400 παρεῗιάεετε
3894 2334 3994 2400 ἑγ-

2387 2422 2617 2493 γράφως
2646 2422 2714 2487 ³⁸,
2739 2421 2837 2475 καὶ
2856 2422 3025 2474 εἴδετε
3051 2422 3108 2474 ὲν
3141 2421 3265 2492 ἐμοὶ
3288 2420 3355 2474 δι’
3381 2421 3559 2492 ἔργων
3584 2424 3791 2476 αὐτῶν.
3809 2425 3995 2476 Τοῦτο

2387 2515 2517 2586 γὰρ,
2553 2514 2629 2578 ὼς
2659 2513 2922 2578 πολλάκις
2977 2514 3220 2585 εἴρηται,
3279 2512 3599 2567 διδασκαλία
3654 2516 3882 2587 ἀρίστη,
3922 2518 3990 2569 τὸ

2389 2605 2580 2660 ἑαυτὸν
2606 2604 2775 2659 τύπον
2808 2605 3094 2676 παρέχειν.

2464 2697 2657 2752 Ταῦτα
2694 2697 3022 2766 πράσσετε.
3064 2698 3156 2768 Μὴ
3192 2698 3351 2768 μόνον
3389 2698 3694 2768 λογίζεσθε,
3731 2700 3811 2763 ὼς
3840 2701 3991 2753 ἀνωο

2387 2789 2531 2861 τέρω
2564 2790 2806 2861 εἴρηται,
2845 2790 2982 2863 μηδὲ
3019 2790 3207 2859 λέγετε
3261 2794 3453 2862 μόνον,
3488 2793 3621 2846 ἀλλὰ
3658 2794 3755 2847 καὶ
3802 2795 3990 2865 πράτ-

2386 2898 2528 2937 τετε.

2463 2975 2575 3029 Καὶ
2605 2978 2638 3029 ὁ
2662 2974 2805 3043 Θεὸς
2838 2976 2950 3045 τῆς
2974 2975 3221 3046 ειρήνης
3242 2977 3413 3031 ἔσται
3430 2978 3559 3046 μεθ’
3576 2981 3764 3046 ὐμων.
3810 2979 3987 3031 Τουτ-

2388 3066 2557 3133 ἐστιν,
2616 3065 2706 3120 Ἐν
2753 3066 2963 3140 γαλήνῃ
3008 3067 3237 3132 ἐσεσοε,
3297 3068 3394 3121 ἐὰν
3437 3068 3611 3121 ταῦτα
3666 3070 3982 3139 πράσσητε.

2402 3157 2529 3211 Ἐὰν
2558 3158 2667 3228 γάρ
2700 3157 3092 3228 εἰρηνεύωμεν,
3143 3160 3239 3213 καὶ
3264 3160 3401 3230 πρὸς
3434 3160 3524 3213 τὸν
3554 3161 3708 3224 Θεὸν,
3743 3160 3814 3213 δι’
3842 3163 3981 3231 ἀρε-

2388 3250 2487 3321 τῆς
2519 3249 2756 3320 δηλαδὴ,
2800 3251 2896 3304 καὶ
2934 3250 3075 3320 πρὸς
3104 3251 3228 3313 τοὺς
3273 3251 3593 3321 ἀνθρώπους
3628 3255 3815 3322 (Μετὰ
3859 3255 3987 3307 τῶν

2384 3342 2728 3409 μισούντων
2752 3342 2880 3411 γὰρ,
2928 3342 3081 3411 φησὶ,
3116 3341 3230 3409 τὴν
3269 3344 3536 3410 εἰρήνην,
3569 3344 3732 3413 ἤμην
3759 3349 3987 3413 εἰρηνι-

2389 3434 2540 3503 κὸς),
2568 3433 2719 3486 ἔσται
2747 3434 2912 3497 αὐτὸς
2944 3433 3065 3504 μεθ’
3091 3433 3263 3503 ὑμῶν.
3298 3436 3395 3496 Ὃς
3426 3434 3534 3505 γὰρ
3557 3437 3648 3488 καὶ
3670 3436 3985 3504 φεᾷγοντες

2388 3524 2593 3590 διώκει,
2619 3525 2732 3588 πῶς
2765 3527 2824 3579 οὐ
2862 3526 3146 3597 προσιοῦσι
3179 3526 3433 3580 συνέσται
3462 3529 3541 3589 ³⁹;

2471 3619 2733 3687 Ἑχάρην
2765 3618 2835 3671 δὲ
2865 3618 2935 3670 ἐν
2952 3618 3150 3687 Κυρίῳ
3200 3618 3497 3687 μεγάλως,
3546 3617 3632 3671 ὅτι
3662 3618 3781 3688 ἤδη
3830 3623 3988 3676 ποτὲ

2388 3709 2708 3766 ἀνεθάλετε
2729 3712 2813 3775 εις
2837 3710 2906 3763 τὸ
2935 3710 3087 3779 ὑπὲρ
3115 3710 3261 3779 ἐμοῦ
3290 3710 3556 3778 φρονεῖν.
3586 3713 3659 3764 Οὐ
3698 3714 3983 3782 κοσμικῶς

2388 3805 2617 3875 ἐχάρην,
2675 3804 2863 3873 φησὶν,
2918 3803 3039 3856 οὐδὲ
3096 3802 3391 3873 βιωτικῶς,
3444 3802 3583 3867 ἀλλ’,
3626 3805 3703 3856 ἐν
3740 3808 3977 3874 Κιρίῳ·

2386 3900 2486 3968 οὐχ
2505 3899 2586 3951 ὃτι
2617 3898 2925 3951 ἀνάπαυσιν
2956 3895 3113 3965 ἔσχον
3144 3895 3275 3962 ἐγὼ,
3308 3894 3423 3949 ἀλλ’
3442 3896 3524 3947 ὃτι
3554 3896 3716 3964 ὑμεῖς
3746 3902 3983 3967 προεκέ-

2387 3990 2546 4061 ψατε.
2579 3989 2677 4042 Διὰ
2713 3988 2872 4042 τοῦτο
2899 3987 2995 4041 καὶ
3032 3986 3306 4057 μεγάλως,
3342 3988 3426 4040 ὅτι
3450 3986 3594 4057 ὑπὲρ
3624 3988 3722 4057 τῆς
3746 3989 3979 4041 ἐκείνων

2386 4081 2674 4150 ὠφελείας.
2711 4080 2923 4148 Ἠρὲμα
2947 4078 3002 4130 δὲ
3025 4078 3357 4148 ἐπιτιμήσας
3384 4076 3528 4147 ὑπὲρ
3552 4076 3647 4130 τοῦ
3671 4079 3976 4148 παρελθόν-

2386 4192 2475 4238 τος
2506 4173 2551 4205 ⁸ο
2585 4173 2800 4243 χρόνον,
2830 4170 2905 4235 ὡς
2929 4172 2996 4225 ἂν
3023 4170 3208 4240 διδάξῃ
3251 4169 3492 4239 συνεχῶς
3531 4170 3625 4223 καὶ
3677 4170 3975 4234 διαπαντὸς

2390 4266 2725 4338 μεταδιδόναι
2752 4306 2766 4329 ,
2796 4265 2958 4318 πάλιν
2988 4263 3118 4317 αὐτὸ
3152 4262 3495 4317 συνεσκίασε.
3528 4263 3600 4315 Τὸ
3629 4263 3760 4333 γὰρ.
3816 4263 3974 4331 Ἤδη

2384 4362 2551 4430 ποτε,
2586 4361 2776 4432 χρόνον
2803 4361 2955 4431 δηλοί
2986 4358 3218 4429 μακρόν.
3254 4358 3364 4411 Καὶ
3392 4357 3473 4420 τὸ,
3518 4356 3873 4412 Ἀνεθάλετε
3895 4358 3973 4423 δὲ,

2385 4459 2461 4521 ὡς
2488 4459 2578 4510 ἐπί
2618 4455 2801 4525 φυτῶν
2854 4452 3277 4523 βλαστησάντων
3302 4450 3371 4515 δι,
3405 4446 3523 4503 εἶτα
3570 4449 3972 4521 ξηρανθέντων,

707 4547 854 4618 poris
920 4545 1130 4613 lapsum
1202 4539 1559 4594 demonstrat.
1608 4535 1937 4605 Reﬂoruistis
1991 4546 2170 4591 autem
2201 4536 2283 4592 di-
2324 4563 2367 4617 ι)

2324 4563 2367 4617 D
2396 4550 2487 4603 καὶ
2542 4547 2700 4608 αὖθις
2740 4543 3171 4598 ἀναθαλλόντων.
3206 4539 3317 4593 Καὶ
3349 4540 3526 4609 ὑμεῖς,
3577 4540 3765 4609 φησὶν,
3822 4540 3975 4602 ὄντες

709 4640 821 4702 xit,
881 4636 1044 4691 veluti
1105 4633 1172 4687 de
1218 4630 1453 4703 plantis,
1531 4638 1815 4699 postquam
1865 4628 2282 4696 germinassent,

711 4729 987 4792 arel‘acds,
1020 4742 1084 4779 ac
1113 4726 1289 4778 denuo
1326 4721 1893 4793 repullulascentibus.
1928 4719 1995 4774 Et
2038 4734 2156 4786 vos,
2199 4721 2275 4774 in-

709 4822 845 4891 quit,
892 4832 1011 4869 cum
1039 4814 1231 4869 essetis
1261 4812 1460 4878 ﬂoridi,
1510 4812 1875 4875 emarcuistis,
1909 4811 2100 4866 deinde
2133 4810 2284 4866 reﬂu-

712 4908 919 4963 ruistis.
951 4902 1136 4972 Itaque
1161 4906 1259 4958 hoc
1278 4902 1481 4972 pariter
1502 4900 1807 4970 obiurgatio
1826 4910 1977 4955 estet
1999 4902 2113 4956 laus
2136 4921 2149 4956 :
2179 4916 2281 4957 non

712 5001 855 5052 enim
896 5012 1084 5065 parum
1116 5003 1218 5060 est,
1258 5009 1403 5061 eum,
1434 4994 1524 5064 qui
1561 4994 1795 5058 exaruit,
1848 4992 2281 5063 repnllulascere.

713 5091 793 5144 Ne
823 5104 949 5145 vero
999 5088 1271 5144 existimet
1322 5087 1515 5155 aliquis
1560 5090 1702 5154 quod
1738 5096 1789 5139 et
1824 5085 1875 5138 in
1911 5086 2132 5156 reliquis
2168 5103 2293 5142 exii-

714 5184 920 5239 ruerint
944 5223 960 5249 ,
1009 5181 1221 5246 intulit,
1253 5178 1356 5232 Pro
1406 5195 1485 5231 me
1520 5178 1751 5231 sentire:
1782 5180 1831 5231 in
1879 5180 1979 5234 hoc
2010 5181 2203 5247 solum,
2237 5192 2293 5238 ut

788 5334 815 5363 υ
838 5325 979 5379 Ρῖπ31.
1002 5339 1149 5388 cxtx,
1178 5323 1225 5376 7.

2392 4637 2617 4707 ἀνθηροὶ
2648 4630 3016 4704 ὲμαράνθητε,
3047 4626 3167 4683 εἶτα
3187 4627 3495 4683 ἀνεθάλετε.
3531 4628 3694 4679 Ὥστε
3724 4627 3823 4679 καὶ
3850 4630 3975 4680 tm-

2390 4724 2613 4798 τίμησις
2650 4725 2763 4776 ἐστι
2799 4722 2895 4776 καὶ
2942 4721 3164 4781 ἔπαινος
3200 4718 3358 4772 τοῦτο
3388 4718 3453 4770 ⁴¹.
3489 4718 3563 4770 Οὐ
3610 4717 3721 4788 γάρ
3773 4718 3974 4787 μικρὸν

2391 4818 2451 4871 ab
2475 4814 2819 4888 μαρανθέντα
2842 4812 3107 4882 ἀναθῆλαι
3135 4810 3315 4865 πάλιν.
3344 4810 3463 4863 Ἵνα
3485 4808 3541 4862 δὲ
3562 4808 3638 4878 μὴ
3659 4809 3862 4880 νομίσῃ
3892 4826 3974 4872 τις

2390 4911 2472 4964 ὅτι
2508 4909 2554 4940 ⁸³
2591 4907 2684 4962 καὶ
2712 4907 2769 4958 ὲν
2798 4907 2909 4966 τοῖς
2956 4903 3166 4965 λοιποῖς
3211 4901 3619 4972 ἐμαράνθησαν,
3651 4901 3967 4970 ἐπήγαγεν·

2391 5000 2496 5063 Εἰς
2518 4995 2580 5049 τὸ
2607 4995 2758 5061 ὑπὲρ
2780 4992 2925 5062 ἐμοῦ
2954 4991 3199 5061 φρονεῖν
3220 5007 3231 5019 ·
3251 4991 3331 5052 εἰς
3352 4989 3511 5043 τοῦτο
3542 4989 3705 5060 μόνον
3728 4991 3789 5044 τὸ
3811 5007 3975 5059 φρον-

2390 5089 2559 5153 τίζειν
2591 5103 2691 5157 μου
2721 5086 2817 5155 τῆς
2850 5083 3151 5152 ἀναγκαίας
3184 5082 3392 5152 χρείας.
3436 5082 3710 5151 Ζητητέον
3739 5081 3820 5148 δὲ,
3858 5083 3971 5147 sub;

2391 5184 2420 5236 ὁ
2448 5182 2642 5250 λέγων,
2673 5177 2979 5247 Μακάριόν
3003 5178 3133 5231 ἐστι
3158 5175 3385 5230 διδόναι
3411 5173 3653 5245 μᾶλλον
3682 5174 3717 5244 ἢ
3747 5176 3970 5245 λαμϐά-

2068 5422 2262 5482 Vat-ia:
2293 5421 2618 5483 lectiones.

791 5522 832 5553 ³⁷
871 5522 1111 5590 ῥήματα,
1147 5520 1403 5588 σχήματα
1427 5534 1478 5573 ο.
1556 5520 1601 5551 ³⁸
1632 5519 1895 5589 ἀγράφως
1945 5535 1996 5573 0.
2078 5521 2119 5553 ³⁵
2153 5539 2333 5576 -σεται
2371 5538 2423 5576 ο.
2505 5522 2550 5551 ⁸ο
2578 5519 2842 5581 παρόντος
2874 5532 2927 5572 ο.
3006 5514 3051 5548 ⁸⁸
3076 5512 3180 5568 τῶν
3230 5511 3496 5582 βλαστησ.
3538 5527 3592 5567 0.
3648 5512 3695 5544 ⁸¹
3728 5503 3888 5577 οὗτος
3916 5530 3961 5568 ο.

717 5594 762 5625 ⁸³
794 5594 1021 5662 νομίσῃ,
1048 5592 1129 5641 ὅτι
1159 5609 1211 5642 υ.

799 5722 875 5794 (2)
898 5722 1000 5777 Vix
1034 5722 1276 5794 dubitari
1292 5732 1486 5789 potest,
1532 5723 1777 5777 mutilum
1807 5723 2033 5794 hicesse
2061 5733 2285 5777 textum.

718 5791 866 5853 Alide
895 5809 956 5849 ex
991 5793 1111 5848 cod.
1146 5791 1202 5847 S.
1233 5791 1393 5847 Marci
1437 5794 1618 5849 \‘eneli
1651 5810 1665 5845 :
1701 5794 1857 5846 Ὅσα
1891 5792 2106 5847 δίκαια.
2146 5796 2286 5864 Πρὸς

2399 5725 2527 5846 Fab;
2585 5721 2929 5784 ἀδικοῦντας.
2974 5740 2991 5771 ι
3034 5718 3381 5789 lQuwcuuque
3424 5718 3594 5787 justa.
3658 5720 3738 5773 Ad
3771 5721 3971 5777 iniuste

2422 5807 2679 5846 :tt'tifzttt's.
2716 5812 2732 5843 ι

2422 5807 2679 5848 :tt'titzttt's.
2716 5812 2732 5843 ι
