4226 6440
679 439 807 499 ἱεὶθῖ

1554 431 2129 490 ἹῚΙΕΟΡΗΥΙΑΟἸῚ
2169 429 2577 491 BULGARl/E
2620 428 2977 489 ARCHIEP.

3787 425 3943 490 1203

889 582 3949 613 Μ

1122 782 2245 898 THEOPHYLACT!
2334 774 3479 893 COMMENTARIUS

1628 1007 1703 1067 IN
1740 1002 2196 1066 EPISTOLAM
2242 1003 2347 1063 AD
2395 998 2968 1064 COLOSSENSES.

1066 1310 1227 1382 463
1249 1308 1474 1365 CAPUT
1531 1307 1818 1366 PRIMUM.
1879 1373 1883 1377 ,

749 1427 917 1482 Vens.
950 1428 1001 1482 1.
1040 1426 1242 1481 Paulus
1263 1426 1531 1493 apostolus
1546 1423 1673 1478 Jestt
1712 1423 1929 1489 Christi,
1952 1441 2044 1495 per
2064 1426 2248 1479 volun-

675 1530 832 1573 tutt'm
859 1518 973 1573 Dei.
1002 1517 1191 1571 Statim
1212 1518 1263 1568 in
1297 1515 1559 1600 principio
1586 1514 1795 1568 illorum
1826 1516 2076 1583 dogmata
2099 1513 2247 1566 clan-

674 1617 850 1665 t'ttlum
880 1612 1035 1667 tollit.
1065 1608 1181 1664 Non
1216 1609 1357 1664 enim
1385 1609 1694 1677 angelorum
1720 1616 1804 1661 est
1835 1606 2128 1674 apostolus,
2152 1605 2246 1659 sed

674 1708 798 1760 Jesu
830 1704 1063 1759 Christi:
1114 1712 1277 1770 atque
1319 1702 1430 1753 hinc
1461 1708 1540 1754 est
1584 1699 1831 1753 voluntas
1858 1699 1974 1762 Dei,
2014 1707 2073 1752 ut
2106 1697 2249 1751 iliius

672 1799 747 1850 sit
774 1795 1067 1864 apostolus,
1112 1810 1218 1848 non
1259 1792 1593 1861 angelorum.
1652 1788 1804 1855 Quod
1852 1789 1898 1844 si
1933 1788 2036 1842 Per
2066 1788 2249 1843 rotun-

673 1900 831 1941 tatcm
880 1886 973 1939 Dei
1029 1901 1147 1938 sum
1195 1882 1492 1952 apostolus,
1526 1880 1741 1949 planum
1778 1889 1860 1934 est
1918 1881 2059 1947 quod
2120 1894 2246 1933 vera

674 1978 925 2046 pra-dico.
956 1977 1085 2042 Qua:
1102 1983 1278 2029 autem
1308 1980 1432 2028 sunt
1456 1972 1602 2025 Iunci!
1628 1970 1778 2037 Quod
1810 1987 1839 2023 a
1869 1969 2007 2025 Filio
2032 1969 2250 2024 adducti

673 2086 859 2125 sumus
886 2070 949 2122 ad
970 2068 1187 2123 Patrem
1221 2085 1234 2121 :
1268 2066 1411 2136 quod
1436 2064 1645 2119 liberati
1670 2078 1857 2117 sumus
1886 2072 1936 2117 et
1962 2078 1989 2115 a
2011 2061 2251 2118 Judaicis

674 2169 726 2211 ct
760 2178 786 2212 ιι
821 2160 1024 2213 Graecis
1048 2156 1535 2213 observationibus.
1568 2154 1955 2208 Animadverte
1980 2153 2088 2219 hic,
2108 2156 2249 2224 quod

672 2250 1102 2319 praepositionem
1141 2246 1289 2318 (Per)
1329 2246 1472 2301 Patri
1502 2245 1771 2301 tribuerit.

744 2341 814 2395 Et
836 2340 1130 2394 Timotheus
1180 2341 1365 2407 frater.
1397 2336 1565 2407 Igitur
1590 2348 1642 2391 et
1669 2338 1783 2406 ipse
1810 2339 2085 2407 apostolus
2121 2338 2243 2392 luit.

677 2431 987 2488 Verisimile
1015 2444 1194 2486 autem
1228 2437 1426 2485 eratet
1457 2430 1597 2483 hunc
1639 2430 1769 2498 ipsis
1822 2429 2177 2487 innotescere.

746 2614 909 2668 Vsus.
938 2614 993 2666 2.
1019 2611 1095 2667 Iis
1120 2613 1209 2681 qui
1231 2620 1353 2667 sunt
1376 2612 1610 2667 Colossis
1637 2612 1833 2665 sanctis
1859 2612 2165 2680 etﬁdelibus
2193 2613 2246 2665 iu

2780 1308 3180 1365 ΚΕΦΑΛΛΙΟΝ
3215 1307 3513 1363 ΠΡΩΤΟΝ.

2424 1424 2663 1491 Παῦλος
2683 1426 3025 1491 ἀπόστολος
3060 1424 3267 1491 Ἰησοῦ
3310 1420 3593 1490 Χριστοῦ⁹
3618 1421 3716 1475 διὰ
3754 1426 3945 1489 θελη-

2351 1530 2534 1583 ματος
2566 1514 2736 1568 Θεοῦ.
2792 1514 2969 1578 Εὐθὺς
3023 1514 3081 1566 ὲν
3132 1514 3274 1584 ἀρχῇ
3317 1514 3573 1582 καθαιρεῖ
3631 1512 3951 1583 λεληθότως

2352 1606 2421 1660 τὰ
2451 1607 2697 1676 δόγματα
2731 1607 2778 1639 ⁸⁸
2803 1608 3003 1660 αὐτῶν.
3044 1608 3119 1661 Οὐ
3161 1608 3270 1677 γὰρ
3301 1606 3556 1674 ἀγγέλων
3608 1607 3948 1667 ἀπόστολος.

2353 1697 2469 1752 ἀλλ’
2520 1698 2724 1765 ἰησοῦ
2748 1698 3005 1766 Χριστοῦ
3030 1713 3045 1729 ·
3070 1699 3167 1750 καὶ
3195 1698 3355 1750 τοῦτο
3414 1696 3627 1765 etiam
3677 1696 3842 1760 Θεοῦ,
3886 1700 3950 1747 τὴ

2355 1791 2568 1843 ἐκείνου
2602 1786 2741 1844 εἶναι
2770 1790 3086 1853 ἀπόστολον,
3129 1788 3253 1858 οὐχὶ
3291 1788 3559 1857 ἀγγέλων.
3610 1789 3672 1841 ΕΞ
3705 1784 3803 1841 οὖν
3842 1789 3952 1841 διὰ

2354 1882 2685 1951 θελήματος
2712 1881 2861 1936 Θεοῦ
2913 1883 3029 1949 ειμι
3054 1880 3375 1945 ἀπόστολος,
3400 1878 3625 1948 εὔδηλον
3653 1880 3729 1943 ὡς
3760 1881 3947 1949 ἀληθῆ

2355 1972 2632 2043 κηρύττω.
2667 1973 2800 2026 Τίνα
2849 1972 2905 2024 δέ
2963 1974 3070 2025 είσι
3122 1970 3335 2038 ταῦτα;
3373 1972 3497 2025 Ὀτι
3530 1970 3634 2023 ὑπὸ
3659 1971 3751 2024 τοῦ
3808 1971 3952 2024 Υἱοῦ

2355 2066 2748 2135 προσήχθημεν
2777 2081 2791 2095 ⁶
2819 2065 2902 2118 ὅτι
2944 2063 3295 2135 ὲρρύσθημεν
3330 2063 3439 2116 τῶν
3482 2062 3793 2115 Ὶουδαῑκῶν
3845 2066 3951 2115 καὶ

2364 2156 2698 2227 Ἑλληνικῶν
2746 2156 3204 2228 παρατηρήσεων.
3238 2154 3554 2226 Σημείωσαι
3599 2155 3655 2207 δὲ
3692 2155 3775 2219 τὸ,
3815 2156 3951 2221 Διὰ,

2354 2248 2448 2301 ἐπὶ
2472 2248 2689 2319 Πατρὸς
2710 2248 2986 2317 κείμενον.

2426 2342 2533 2395 Καὶ
2568 2342 2843 2409 Τιμόθεος
2873 2342 2905 2393 d
2957 2338 3241 2408 ἀδελφός.
3274 2341 3418 2411 Ἀρα
3474 2338 3568 2394 οὖν
3618 2341 3713 2393 καὶ
3775 2338 3953 2399 αὐτὸς

2354 2433 2650 2497 ἀπόστολος
2675 2450 2690 2464 θ
2729 2432 2875 2496 eno;
2902 2432 2959 2486 δὲ
2986 2426 3075 2501 ἦν,
3108 2432 3203 2484 καὶ
3251 2432 3439 2486 τοῦτον
3497 2434 3681 2496 αὐτοῖς
3735 2434 3955 2505 γνωρί-

2358 2526 2573 2594 ζεσθαι,

2441 2620 2568 2685 Τοῖς
2596 2620 2669 2672 ἐν
2697 2618 3220 2673 Κολοσσαεῦσινδθ
3240 2618 3431 2685 sip-"ou;
3462 2621 3560 2673 καί
3600 2622 3845 2687 ,πιστοῖς
3877 2622 3957 2674 ἐν

672 2706 903 2764 Christo.
955 2705 1201 2775 Phrygia:
1249 2705 1377 2759 urbs
1426 2716 1509 2761 est
1552 2704 1807 2768 Colossar,
1846 2720 1967 2774 qua:
2003 2721 2141 2758 nunc
2170 2706 2249 2760 di-
2287 2695 2326 2749 Β

2287 2695 2326 2749 Β
2352 2710 2612 2777 Χριστῷ.
2650 2712 2811 2775 Πόλις
2839 2711 3081 2782 Φρυγίας
3126 2713 3183 2764 αἱ
3211 2711 3508 2777 Κολοσσαὶ,
3538 2716 3594 2766 at
3647 2712 3741 2767 νῦν
3787 2714 3955 2782 λεγόο

671 2804 819 2856 citur
866 2801 1050 2856 Chone
1101 2818 1115 2856 :
1166 2801 1311 2870 quod
1372 2801 1495 2855 inde
1557 2800 1900 2870 perspicuum
1950 2808 2056 2861 est,
2105 2802 2247 2869 quod

670 2894 937 2949 Laodicea
981 2895 1106 2949 liuic
1135 2895 1208 2948 sit
1250 2894 1446 2946 vicina.
1484 2892 1638 2948 Unde
1694 2902 1872 2945 autem
1909 2893 2082 2946 sancti
2121 2891 2246 2946 facti

670 2987 843 3041 esus?
890 2985 1075 3047 Nonne
1135 3001 1231 3054 per
1287 2985 1551 3054 baptisma
1604 2986 1653 3038 in
1719 2996 1945 3039 mortem
2005 2985 2249 3039 Christi?

674 3078 828 3133 Unde
856 3078 1041 3135 ﬁdeles
1078 3078 1102 3132 τ
1139 3077 1330 3133 Nonne
1385 3078 1510 3147 quia
1557 3077 1610 3131 in
1662 3077 1935 3132 Christum
1987 3077 2252 3132 creditis?

671 3186 852 3226 nonne
885 3171 1007 3238 quia
1046 3181 1191 3227 tanta
1226 3178 1352 3226 sunt
1392 3170 1544 3224 vobis
1577 3186 1605 3222 a
1631 3170 1846 3224 Christo
1875 3170 2079 3224 credita
2136 3184 2251 3240 my-

672 3261 875 3315 steria?
897 3260 1110 3317 Fideies
1132 3262 1278 3317 enim
1305 3277 1407 3315 non
1442 3260 1558 3315 ideo
1586 3270 1792 3314 tantum
1821 3276 2095 3325 vocamur,
2125 3260 2250 3329 quia

673 3353 966 3419 credimus,
996 3354 1089 3409 sed
1123 3353 1247 3423 quia
1298 3351 1551 3421 mysteria
1604 3352 1756 3405 nobis
1812 3366 1840 3404 a
1884 3348 1991 3404 Deo
2044 3351 2249 3404 credita

674 3453 821 3510 sunt,
861 3458 983 3513 quae
1032 3459 1097 3499 ne
1128 3442 1303 3515 angeli
1340 3444 1555 3512 quidem
1585 3453 1803 3497 norant.
1836 3442 1988 3498 Unde
2015 3442 2250 3498 fratres?

672 3538 812 3592 Num
879 3553 975 3608 per
1027 3537 1246 3608 prepria
1298 3553 1487 3609 opera.
1542 3537 1820 3591 virtutisve
1861 3536 2252 3606 operatioues?

673 3629 913 3694 Minime,
934 3644 1117 3684 verum
1135 3631 1187 3683 in
1210 3629 1448 3685 Christo.
1476 3629 1643 3698 Ecqui
1663 3628 1824 3699 igitur
1841 3629 2046 3698 angelis
2084 3628 2245 3683 ascri-

671 3722 806 3776 bitis
838 3736 1116 3777 accessum
1162 3721 1228 3774 ad
1271 3719 1481 3775 Deum?

745 3813 936 3868 Gratia
982 3812 1123 3866 vobis
1160 3820 1209 3866 et
1229 3826 1335 3881 pax
1382 3828 1423 3865 a
1457 3810 1561 3866 Deo
1590 3811 1747 3865 Patre
1805 3820 2003 3864 nostro.
2039 3810 2243 3865 Christi

673 3915 873 3955 nomen
902 3900 990 3955 hic
1016 3915 1123 3955 non
1154 3900 1393 3971 apponit,
1430 3899 1556 3955 licet
1576 3900 1627 3955 id
1656 3901 1701 3955 ei
1735 3900 1873 3955 sitin
1909 3914 2077 3965 more,
2109 3916 2174 3955 ne
2205 3899 2247 3955 si

673 3993 858 4047 statim
912 3992 966 4046 in
997 3992 1238 4061 epistolae
1264 3990 1488 4047 exordio
1528 3993 1609 4047 eis
1649 4003 1837 4062 aperte
1896 4003 2180 4063 repugnet,
2219 4008 2247 4046 a

674 4080 887 4150 reliquo
935 4090 1255 4149 argumento
1311 4082 1502 4137 harum
1545 4083 1847 4136 litterarum
1899 4096 1995 4136 eos
2041 4081 2249 4137 resilire

674 4172 856 4225 faciat.
892 4171 1081 4227 Dicant
1108 4181 1284 4227 autem
1317 4172 1403 4227 hic
1429 4173 1519 4243 qui
1551 4173 1806 4242 Spiritum
1841 4172 2076 4238 elevant,
2111 4174 2252 4228 unde

674 4264 836 4319 Pater
870 4275 1055 4320 noster
1108 4265 1246 4321 Deus
1291 4266 1537 4321 dicatur?
1585 4264 1774 4321 Nonne
1813 4280 1908 4333 per
1949 4265 2253 4335 Spiritum?

674 4354 886 4427 Magna,
915 4358 1156 4426 adeoque
1212 4357 1411 4429 ingenii
1449 4358 1621 4412 nostri
1670 4366 1887 4425 captuni
1937 4356 2252 4412 excedentia

673 4450 799 4517 quis
827 4449 1086 4503 donavit?
1113 4448 1300 4505 Nonne
1336 4450 1609 4518 Spiritus?
1648 4448 1932 4515 Quomodo
1966 4450 2128 4519 igitur
2157 4465 2254 4504 au-

673 4536 981 4591 ctoritatem
1007 4535 1124 4605 ejus
1160 4536 1478 4592 imminuis?

751 4626 914 4683 Vsus.
951 4630 1006 4686 5.
1040 4628 1259 4683 Gratias
1311 4630 1514 4698 agimus
1565 4628 1671 4683 Deo
1726 4639 1773 4683 et
1822 4628 1980 4683 Patri
2033 4629 2251 4685 Domini

673 4721 844 4773 nostri
902 4718 1031 4773 Jesu
1067 4719 1282 4787 Christi,
1314 4736 1516 4787 semper
1544 4736 1638 4788 pro
1669 4721 1809 4775 vobis
1835 4729 2065 4775 orantes.
2098 4720 2255 4776 Jesus

673 4811 925 4865 Christus
965 4820 1050 4866 est
1083 4811 1343 4867 Dominus
1376 4821 1587 4876 noster,
1638 4828 1742 4865 nou
1788 4813 1965 4881 angeli
1998 4815 2087 4883 qui
2130 4825 2255 4870 sunt

674 4903 840 4956 servi.
894 4901 1011 4956 Non
1053 4902 1229 4957 solum
1266 4914 1447 4958 autem
1484 4920 1580 4973 per
1626 4904 1925 4973 gratiarum
1959 4907 2251 4972 actionem,

690 5007 870 5048 rerum
906 4995 1066 5049 etiam
1109 5010 1204 5065 per
1254 4997 1528 5052 assiduam
1560 5012 1657 5065 pro
1710 4998 1840 5067 ipsis
1884 5000 2250 5067 precationem

674 5086 994 5141 eharitatem
1026 5102 1178 5142 suam
1228 5089 1485 5151 ostendit,
1539 5091 1737 5159 quippe
1778 5089 1943 5161 464
1972 5091 2095 5160 quia
2121 5108 2254 5162 quos

675 5193 779 5234 non
815 5180 1041 5245 viderat,
1072 5180 1170 5236 hos
1192 5194 1404 5251 semper
1436 5181 1486 5234 in
1513 5181 1687 5249 seipso
1719 5181 1969 5237 habebat.

748 5270 911 5328 Vens.
958 5273 1012 5327 4.
1070 5271 1354 5327 Audientes
1403 5274 1559 5341 ﬁdem
1606 5283 1850 5342 uestram,
1896 5290 2013 5344 qua
2074 5285 2149 5330 est
2200 5276 2253 5327 in

678 5363 882 5419 Christo
899 5364 1337 5422 leua—Gratias
1367 5367 1592 5436 agimus,
1619 5366 1810 5436 inquit,
1841 5382 1906 5423 eo
1934 5370 2075 5437 quod
2099 5369 2251 5423 aud?-

681 5456 842 5510 vcrim
852 5474 913 5512 us
928 5457 995 5512 ab
1009 5458 1372 5528 Epaphrodito
1385 5460 1536 5526 ﬁdem
1557 5468 1803 5526 vestram,
1823 5476 1926 5514 non
1952 5476 2067 5514 eam
2091 5476 2249 5530 quam

678 5548 989 5619 inangelos,
1008 5552 1277 5619 sethuatn
1298 5551 1349 5605 iu
1382 5549 1657 5605 Dominum
1678 5549 1859 5605 Iesum
1894 5552 2124 5606 habetis.
2149 5550 2253 5606 Per

2356 2821 2515 2874 μεναι
2550 2804 2735 2858 Χῶναι
2768 2820 2780 2834 ο
2813 2804 2911 2858 καὶ
2938 2804 3095 2873 δῆλον
3126 2805 3191 2856 ἐκ
3224 2802 3319 2857 τοῦ
3353 2803 3453 2875 τὴν
3491 2805 3816 2859 Λαοδίκειαν
3846 2802 3955 2859 εἷ-

2356 2915 2444 2950 ναι
2489 2896 2738 2966 πλησίον.
2788 2895 2959 2949 Πόθεν
2997 2894 3054 2948 δὲ
3087 2894 3232 2962 ἅγιοι
3288 2896 3550 2963 γεγόνατε
3577 2914 3591 2961 ;
3618 2897 3678 2948 οὐ
3718 2897 3814 2950 διὰ
3843 2898 3953 2950 τοῦ

2355 2987 2733 3058 βαπτίσματος
2758 2986 2852 3039 τοῦ
2886 2987 2969 3049 είς
2998 2987 3092 3039 τον
3145 2986 3375 3039 θάνατον
3400 2984 3495 3038 τοῦ
3534 2986 3806 3057 Χριστοῦς
3834 2988 3951 3040 Πί-

2352 3078 2443 3130 θεν
2474 3078 2654 3130 πιστοί
2683 3094 2697 3143 ;
2722 3076 2819 3147 οὐχ
2847 3077 2928 3131 ὅτι
2958 3079 3037 3139 είς
3067 3077 3303 3147 Χριστὸν
3354 3078 3639 3131 πιστεύετε
3665 3097 3679 3145 ;
3712 3080 3815 3149 οὐχ
3853 3083 3951 3133 ὅτι

2352 3166 2589 3220 τοσαῦτα
2615 3166 3038 3235 ὲνεπιστεύθητε
3086 3168 3363 3238 μυστήρια
3412 3168 3565 3238 παρὰ
3587 3169 3631 3199 ⁸⁸
3659 3168 3754 3222 τοῦ
3792 3171 3949 3243 Χρι-

2353 3256 2516 3323 στοῦ;
2560 3257 2752 3311 Πιστοὶ
2796 3257 2925 3327 γὰρ,
2959 3257 3019 3310 οῦ
3065 3257 3153 3310 διὰ
3191 3259 3251 3311 τὸ
3285 3258 3577 3312 πιστεῦσαι
3620 3260 3786 3330 μόνον
3852 3278 3954 3313 κε-

2352 3349 2607 3419 κλήμεθα
2634 3350 2704 3411 “,
2769 3348 2903 3401 ἀλλὰ
2967 3349 3059 3401 καὶ
3120 3348 3205 3401 διὰ
3262 3348 3323 3400 τὸ
3374 3347 3731 3417 πιστευθῆναι
3788 3350 3956 3420 παρὰ

2357 3442 2401 3472 ⁵⁸
2428 3440 2564 3493 Θεοῦ
2599 3443 2897 3511 μυστήρια,
2930 3439 2967 3493 ἃ.
2998 3439 3117 3492 οὐδὲ
3151 3440 3201 3492 οἱ
3252 3438 3474 3507 ἄγγελοι
3513 3440 3731 3509 ᾔδεσαν.
3767 3440 3956 3495 Πόθεν

2354 3531 2573 3599 ἀδελφοί
2600 3549 2614 3598 ;
2662 3527 2774 3602 ἆρα
2828 3533 2886 3583 ὲν
2916 3530 3100 3602 ἔργοις
3125 3530 3352 3599 ίδίοις,ἣ
3380 3531 3441 3584 ὲν
3468 3531 3905 3602 κατορθώμασιν
3936 3553 3954 3594 ;

2358 3625 2473 3677 Οὐκ
2498 3623 2643 3676 ἔστιν
2670 3640 2681 3652 ·
2708 3623 2822 3676 ἀλλ’
2848 3625 2907 3677 ὲν
2951 3623 3197 3694 Χριστῷ.
3224 3623 3349 3686 Πῶς
3398 3623 3491 3677 οὖν
3521 3624 3778 3693 ἀγγέλοις
3819 3629 3953 3680 ὲπι-

2352 3716 2596 3789 γράφετε
2624 3716 2724 3787 τὴν
2752 3717 3124 3787 προσαγωγὴν
3148 3734 3163 3783 ;

2422 3808 2601 3877 Χάρις
2639 3808 2782 3877 ὑμῖν
2804 3808 2901 3861 καὶ
2929 3808 3140 3878 είρήνη
3162 3809 3281 3863 ἀπὸ
3305 3808 3453 3864 Θεοῦ
3483 3809 3716 3878 Πατρός
3744 3809 3951 3878 ἡμῶν.

2355 3900 2430 3953 Τὸ
2456 3899 2552 3952 τοῦ
2580 3898 2816 3970 Χριστοῦ
2847 3899 3021 3969 ὄνομα
3056 3901 3291 3955 ἐνταῦθα
3331 3903 3391 3955 οὐ
3425 3904 3778 3975 προστίθησι,
3817 3908 3951 3958 xui-

2351 4007 2434 4044 τοι
2482 3988 2669 4053 εἰωθὸς
2717 3990 2868 4060 αὐτῷ
2912 3990 2991 4055 ὃν,
3030 3992 3117 4045 ἴνα
3180 3994 3256 4062 μὴ
3318 3994 3481 4057 εὐθὺς
3531 3996 3595 4047 ἐκ
3632 3997 3953 4067 προοιμίων

2357 4074 2604 4158 φανερῶς
2633 4077 2819 4139 αὐτοῖς
2863 4079 3149 4150 ἀντιπέσῃ,
3198 4081 3291 4133 καὶ
3334 4082 3687 4153 ἀποπηδῆσαι
3732 4088 3952 4157 ποιήσῃ

2356 4166 2451 4221 τοῦ
2486 4167 2675 4220 λοιποῦ
2705 4168 2863 4237 λόγου
2888 4170 2954 4224 ⁸³.
2983 4170 3308 4224 Είπάτωσαν
3334 4173 3389 4226 δὲ
3413 4176 3461 4227 οἱ
3485 4174 3546 4227 τὸ
3573 4175 3803 4246 Πνεῦμα
3837 4194 3947 4230 κα-

2355 4259 2851 4330 τασμικρύνοντες,
2895 4261 3060 4315 πόθεν
3100 4264 3292 4332 Πατὴρ
3324 4265 3484 4335 ἡμῶν
3514 4267 3542 4319 ό
3579 4266 3711 4329 Θεός
3744 4285 3761 4330 ;
3800 4269 3947 4339 Οὐχὶ

2355 4350 2445 4406 διὰ
2476 4350 2570 4403 τοῦ
2600 4350 2962 4421 Πνεῦματοςς
2992 4352 3073 4407 Τὰ
3125 4354 3340 4423 μεγάλα
3383 4357 3478 4409 καὶ
3518 4357 3659 4427 ὑπὲρ
3690 4360 3820 4412 νοῦν
3853 4363 3948 4425 τίς

2355 4442 2690 4513 ἐχαρίσατο;
2739 4443 2860 4514 οὐχὶ
2902 4444 2965 4496 τὸ
3020 4444 3292 4515 Πνεῦμα;
3326 4446 3451 4509 Πῶς
3493 4442 3587 4500 οὖν
3644 4449 3778 4502 αὐτὸ
3817 4468 3923 4520 σμι

2358 4534 2581 4605 κρύνεις
2605 4553 2620 4603 ;

2428 4629 2926 4697 Εὐχαριστοῦμεν
2956 4628 3038 4695 τῷ
3073 4629 3194 4693 Θεῷ
3231 4630 3329 4683 καί
3357 4631 3541 4699 Πατρὶ
3574 4632 3682 4686 τοῦ
3713 4634 3945 4701 Κυρίου

2355 4719 2525 4790 ἡμῶν
2559 4720 2761 4788 Ἰησοῦ
2785 4721 3064 4788 Χριστοῦ,
3095 4719 3355 4775 πάντοτε
3376 4722 3529 4791 ὑπὲρ
3548 4722 3715 4794 ὑμῶν
3739 4740 3948 4792 προσ-

2356 4811 2685 4879 ευχόμενοι.
2718 4810 2924 4881 Ἰησοῦς
2954 4812 3191 4881 Χριστός
3235 4816 3351 4868 ἐστι
3390 4816 3594 4887 Κύριος
3621 4818 3807 4888 ἡμῶν,
3838 4821 3949 4891 οὐχ

2356 4902 2401 4954 οἱ
2425 4902 2601 4955 δοῦλοι
2629 4901 2871 4971 ἄγγελοι.
2926 4903 3000 4956 Οῦ
3042 4904 3131 4956 διὰ
3158 4903 3204 4936 ⁵⁸
3230 4904 3330 4975 τῆς
3368 4906 3725 4977 εὐχαριστίας
3747 4910 3807 4962 δὲ
3838 4912 3944 4979 μόο

2358 5010 2466 5060 νον,
2502 4994 2636 5048 ἀλλὰ
2670 4994 2761 5048 καὶ
2792 4995 2893 5064 τῆς
2926 4994 3209 5065 διηνεκοῦς
3243 4996 3383 5067 ὑπὲρ
3436 4999 3615 5051 αὐτῶν
3645 4999 3814 5070 εὐχῆς
3838 5002 3948 5070 τὴν

2357 5086 2578 5156 ἀγάπην
2630 5087 2923 5153 δείκνυσιν,
2975 5090 3058 5143 ὅτι
3112 5091 3207 5143 καὶ
3236 5089 3331 5155 οῦς
3375 5092 3473 5162 οὐχ
3506 5090 3677 5161 ἑώρα,
3709 5093 3945 5157 τούτους

2358 5179 2470 5251 εἶχε
2506 5183 2801 5247 διαπαντὸς
2827 5184 2885 5237 ἐν
2917 5184 3115 5253 ἐαυτῷ.

2427 5277 2833 5345 Ἀκούσαντες
2861 5279 2978 5347 τὴν
3003 5281 3213 5333 πίστιν
3239 5280 3406 5349 ὑμῶν
3436 5280 3569 5348 τὴν·
3590 5280 3662 5334 ἐν
3699 5279 3942 5347 Χριστῷ

2370 5368 2584 5436 Ἰησοῦ.
2609 5400 2679 5410 -
2705 5371 3215 5440 Εὺχσριστοῦμεν,
3254 5372 3407 5442 φησὶ,
3440 5372 3574 5425 διότι
3612 5363 3942 5441 ἠκούσαμεν

2360 5459 2510 5530 παρὰ
2538 5461 2631 5513 τοῦ
2674 5462 3065 5533 Ἐπαφροδίτου
3098 5463 3211 5527 τὴν
3267 5462 3477 5516 πίστιν
3508 5458 3695 5531 ὑμῶν,
3740 5462 3804 5513 οὐ
3833 5460 3938 5528 τὴν

2360 5553 2719 5620 ἑνάγγέλοις,
2783 5556 2919 5609 ἀλλὰ
2964 5555 3033 5607 ἐν
3086 5554 3316 5622 Χριστῷ
3349 5553 3579 5620 Ἰησοῦ.
3646 5554 3939 5623 Προκατα-

2005 5690 2209 5751 Variae
2235 5691 2568 5753 lectiones.

748 5816 792 5846 ολ
818 5815 872 5897 τις
907 5814 1084 5897 δόγμα
1109 5830 1159 5897 ς).
1321 5816 1617 5897 Κολοσσαῖς
1647 5834 1696 5871 .).
1774 5818 1817 5848 ⁶⁰
1844 5818 1930 5871 διὶι
1963 5833 2011 5873 ο.
2093 5818 2133 5848 ⁶¹
2161 5816 2473 5888 καλούμεθα
2502 5832 2550 5872 o.

681 5890 718 5918 ‘-
757 5887 881 5949 πέςῖι
907 5904 957 5939 υ.
1036 5888 1078 5917 ⁸⁵
1107 5886 1172 5939 ἵσ
1232 5886 1479 5956 Ἕκας,εᾶ
1513 5905 1560 5941 υ.

2674 5818 2715 5848 ⁶²
2755 5819 2875 5885 :zp‘:
2918 5831 2967 5871 0.
3070 5818 3113 5849 ⁵³
3136 5815 3527 5886 ἀποπηδήσωσι
3555 5810 3649 5866 τοῦ
3683 5811 3847 5880 λόγου
3872 5826 3929 5868 0.
