4226 6440
300 422 438 485 1303

1076 428 1482 492 EXPOSITIO
1523 430 1599 489 ῘΝ
1644 431 1883 493 EPIS'I‘.
1924 436 2023 494 AD
2056 438 2351 503 COLOSS.
2389 469 2455 477 —
2485 447 2643 509 CAP.
2687 451 2729 510 [.

3392 455 3531 522 1210

291 532 559 601 λαμῦἁνει
589 531 644 586 δῖ
681 532 874 595 αὐτοῦς
905 532 947 564 ⁵⁷⁸
974 533 1061 586 διὰ
1104 535 1316 588 τούτου.
1362 538 1472 589 Καὶ
1526 537 1592 591 τὸ.
1623 538 1860 607 ὀνόματα
1891 541 1939 599 Α

1891 541 1939 599 Λ
1972 546 2083 599 hare
2114 559 2287 603 autem
2317 564 2654 620 prmoccupat
2682 570 2791 607 eos.
2826 556 3131 621 Quiut-tiam
3158 563 3370 617 nomina
3405 567 3534 634 Ilzt‘t‘,

292 624 349 675 δὲ
384 621 575 687 ταῦτα,
612 624 693 684 τὸ,
732 623 985 691 Χριστὸς,
1020 627 1114 676 καὶ
1166 626 1245 689 τὸ,
1288 628 1518 697 Ἰησοῦς,
1569 630 1668 697 τῆς
1714 630 1861 701 εὐερ-

290 716 475 781 γεσέας
510 715 774 783 σύμϐολα.
798 716 965 778 Αὐτός
989 734 1047 769 τε
1075 718 1181 787 γὰρ
1205 720 1428 790 ἐχρέσθη
1452 722 1495 752 ⁸⁷
1527 722 1665 789 ὑπὲρ
1683 723 1857 792 ἡμῶν,

290 808 386 860 καὶ
424 808 589 869 αὐτὸς
627 808 799 860 ἔσωσε
838 809 927 862 τὸν
965 810 1091 864 λαὸν
1132 812 1237 863 ἀπὸ
1269 813 1377 865 τῶν
1415 814 1717 883 ἁμαρτιῶν.

363 900 469 954 Καὶ
508 900 624 967 τὴν
648 901 910 968 ἀγάπην,
939 901 1054 968 τὴν
1084 905 1171 969 εἰς
1201 904 1432 972 πάντας
1466 906 1607 972 τοὺς
1632 907 1858 974 ἁγίους.

289 993 404 1044 (Ιῦκ
431 993 509 1055 εἰς
541 992 693 1046 τόνδε
721 993 750 1061 ἤ
789 993 959 1058 τόνδε,
996 994 1110 1047 ἀλλ’
1135 997 1213 1058 εἰς
1260 997 1490 1060 πάντας.
1523 998 1733 1051 Οὐκοῦν
1768 1001 1858 1052 καὶ

289 1086 456 1153 ἡμᾶς.
494 1085 654 1136 Ὥστε
696 1085 789 1137 καὶ
824 1087 1124 1139 ἀκούσεσθε
1174 1089 1329 1159 ἡμῶν
1369 1090 1559 1158 ἡδέως.
1616 1092 1862 1144 Οἰκειον-

293 1175 455 1242 μένου
485 1175 540 1228 δὲ
570 1176 767 1239 αὐτοὺς
792 1177 964 1229 ταῦτα
983 1178 1050 1230 τὰ
1081 1180 1321 1249 ῥήματα.
1356 1182 1513 1234 Δοκεῖ
1541 1182 1594 1235 δέ
1622 1201 1710 1252 μοι
1728 1184 1860 1250 ἁγά-

290 1282 400 1332 πην
431 1266 527 1335 τὴν
562 1266 931 1338 ἐλεημοσύνην
970 1270 1063 1321 καὶ
1096 1271 1154 1322 τὸ
1207 1273 1521 1326 κοινωνικὸν
1557 1274 1757 1342 λέγειν,
1786 1275 1860 1336 ὡς

292 1359 386 1410 καὶ
411 1357 669 1427 ἀλλαχοῦ.

356 1448 459 1502 Διὰ
491 1449 604 1516 τὴν
628 1450 847 1504 ἐλπίδα
876 1451 989 1519 τὴν
1014 1453 1417 1521 ἀποκειμένην
1463 1458 1607 1526 ὑμῖν
1630 1458 1699 1511 ἐν
1733 1461 1859 1525 τοῖς

286 1540 585 1609 οὐρανοῖς.
633 1543 931 1609 Ἀγαπᾶτε,
990 1545 1145 1612 φησὶ,
1176 1545 1304 1607 τοὺς
1350 1545 1556 1614 ἁγίους,
1594 1549 1655 1601 ού
1686 1548 1771 1601 διά
1809 1566 1860 1603 τι

194 1622 208 1637 ’
284 1633 644 1704 ἀνθρώπινον,
686 1636 822 1688 ἀλλὰ
862 1636 949 1689 διὰ
980 1638 1038 1688 τὸ
1068 1636 1305 1702 ἐλπίζειν
1343 1640 1409 1691 τὰ
1444 1642 1705 1709 μέλλοντα
1726 1644 1861 1710 ἀγα-

287 1726 475 1794 θά·ἥ,
511 1728 592 1780 ὅτι
641 1728 1087 1799 Εὑχαριστοῦμεν
1129 1730 1262 1783 διότι
1328 1732 1549 1800 μέλλετε
1602 1734 1859 1805 κληρονο-

286 1819 482 1887 μήσειν
514 1819 555 1850 ⁶⁹
579 1819 685 1871 τῶν
735 1818 1047 1889 ἀφθάρτων.
1086 1821 1160 1873 υῦ
1227 1821 1336 1890 γὰρ
1386 1823 1445 1876 ὲν
1503 1828 1568 1894 τῇ
1622 1829 1692 1897 γῇ
1721 1828 1857 1880 ἀπό-

284 1923 518 1969 κεινται,
563 1908 648 1961 ἵνα
685 1908 992 1978 φθαρῶσιν,
1017 1911 1132 1963 ἀλλ’
1159 1913 1216 1965 ἐν
1256 1914 1371 1975 τοῖς
1418 1914 1685 1983 οὐρανοῖς,
1717 1918 1857 1971 ὥστε
1886 1898 1932 1956 Β

283 2002 345 2050 τὸ
379 1998 594 2067 βέϐαιον
631 2000 835 2069 ἔχουσι.
868 2001 959 2070 Μὴ
1010 1998 1104 2055 οὖν
1161 2003 1539 2072 ἀμφιόάλλετε
1590 2009 1718 2077 περὶ¹
1758 2009 1858 2078 τῆς

281 2089 532 2152 ἐλπίδος·
573 2092 884 2160 ὲνάσςραλεί
924 2094 1032 2162 γὰρ
1072 2095 1384 2149 ἀπόκειται.
1429 2097 1604 2151 Τοῦτο
1638 2100 1694 2152 δὲ
1723 2101 1857 2171 πρὸς

281 2182 410 2243 τοὺς
451 2182 900 2254 πειραζομένους,
930 2183 1069 2237 ὥστε
1125 2184 1200 2256 μὴ
1238 2187 1474 2264 ἐνταῦθα
1510 2185 1693 2259 ζητεῖν
1756 2193 1857 2263 τὴν

280 2274 488 2339 ἄνεσιν,
545 2275 679 2345 μηδὲ
736 2277 996 2330 ὲκκακείν
1044 2277 1180 2348 πρὸς
1232 2280 1355 2342 τοὺς
1385 2285 1748 2353 πειρασμοὺς,
1782 2284 1858 2351 ὡς

282 2367 528 2437 μεγάλην
562 2366 782 2437 ἔχοντας
811 2367 908 2437 τὴν
961 2368 1330 2438 ἀντιμισθίαν.

360 2458 475 2510 Ἦν
513 2458 931 2522 προηκούσατε
974 2457 1042 2510 ἐν
1077 2458 1156 2524 τῷ
1211 2463 1373 2529 λόγῳ
1420 2463 1530 2530 τῆς
1573 2465 1858 2534 ἀληθείας

280 2548 388 2602 τοῦ
417 2550 808 2618 Εὺατγελίου.
843 2552 954 2605 Οῶκ
976 2548 1119 2618 εἷπε,
1148 2555 1253 2609 Τοῦ
1287 2556 1662 2627 κηρύγματος,
1699 2560 1855 2625 ἀλλὰ,

287 2639 400 2693 Τοῦ
426 2642 815 2710 Εὐαγγελίου,
858 2644 944 2695 ἴνα
975 2647 1268 2720 ἀναμνήσῃ
1326 2649 1522 2712 αὐτοὺς
1560 2650 1667 2703 τῶν
1697 2654 1855 2722 εὐερ-

291 2732 482 2798 γεσιῶν
506 2732 600 2786 τοῦ
636 2732 770 2787 Θεοῦ
793 2752 807 2765 ο
856 2736 951 2789 ἐπὶ
995 2737 1103 2805 γὰρ
1132 2740 1243 2800 τοῖς
1271 2741 1492 2807 ἀγαθοῖς
1522 2743 1582 2795 τὸ
1612 2744 1856 2811 Εὐαγγέ-

285 2824 422 2877 λιον.
460 2825 523 2878 Εἰ
554 2825 610 2879 δὲ
639 2826 799 2895 λόγος
828 2828 1086 2899 ἀληθείας
1144 2832 1315 2899 ἐστὶν,
1375 2833 1525 2887 οὐδὲν
1578 2835 1769 2902 ψεῦδος
1798 2840 1854 2889 ὲν

280 2916 457 2986 αὐτῷ.
492 2917 616 2981 Πῶς
645 2916 736 2971 οὖν
794 2918 951 2988 ὑμεῖς
990 2921 1159 2991 ψευδῆ
1202 2923 1365 2979 αὐτὸν
1390 2930 1613 2992 ποιεῖτε,
1655 2929 1728 2998 μὴ
1762 2947 1855 2982 πι-

281 3006 589 3075 στιύοντες,
617 3008 691 3072 ὡς
722 3010 1143 3083 προεδιδάχθητε
1175 3015 1305 3084 παρ’
1331 3017 1521 3083 αὑτοῦ,
1545 3020 1626 3071 ὅτι
1655 3019 1742 3072 διὰ
1759 3021 1852 3073 τοῦ

281 3099 515 3169 Χριστοῦ
556 3102 589 3171 ή
622 3102 901 3173 σωτηρία;
963 3102 1058 3168 Τίς
1096 3105 1153 3159 δὲ
1181 3101 1250 3176 ἦν
1280 3107 1307 3160 ὀ
1334 3109 1577 3180 κηρύξας
1601 3114 1755 3179 ὲκεῖς
1798 3115 1855 3167 '0

295 3191 605 3261 Ἐπαφρᾶς,
635 3190 710 3255 ὼς
736 3193 801 3244 ὲκ
837 3193 948 3247 τῶν
974 3194 1101 3263 ἑξῆς
1136 3198 1406 3265 φαίνεται.

1970 639 2236 707 Clnistns,
2271 655 2346 706 et,
2373 643 2548 707 Jesus,
2585 646 2945 701 beneﬁcentia:
2975 658 3101 704 sunt
3132 656 3394 723 symbola.
3428 658 3545 726 Ipse

1970 733 2113 786 enim
2144 745 2334 787 unctus
2359 747 2435 789 est
2464 752 2560 806 pro
2591 738 2768 801 nobis,
2794 751 2842 791 et
2875 740 2987 807 ipse
3016 746 3258 797 servavit
3284 751 3539 817 populum

1970 839 1997 877 a
2029 834 2285 891 pttt‘CJItIS.

2042 916 2105 969 Et
2137 919 2462 971 dilectionem
2488 936 2642 989 quam
2659 920 2859 974 habetis
2885 923 2937 974 in
2957 934 3167 978 sanctos
3193 943 3393 984 omnes.
3425 930 3539 983 Non

1968 1024 2091 1079 erga
2125 1010 2263 1063 hunc
2300 1012 2379 1064 vel
2434 1012 2610 1075 illum,
2669 1014 2763 1067 sed
2814 1029 2939 1082 erga
2971 1030 3180 1073 omnes.
3214 1019 3354 1089 Ergo
3393 1031 3449 1074 et
3492 1024 3542 1076 in

1972 1118 2065 1155 nos
2098 1118 2261 1169 quare
2285 1104 2512 1157 audietis
2550 1121 2645 1157 nos
2679 1106 2924 1161 libenter.
2954 1109 3307 1167 Conciliantis
3350 1126 3534 1170 autem

1969 1209 2061 1249 eos
2114 1197 2223 1249 hazc
2263 1199 2421 1252 verba
2458 1209 2607 1253 sunt.
2647 1201 2867 1255 Videtur
2898 1212 3073 1257 autem
3118 1206 3247 1259 mihi
3280 1223 3376 1274 per
3402 1210 3540 1264 dile-

1979 1288 2212 1341 ctionem
2248 1289 2649 1359 eleemosynam
2681 1303 2731 1346 et
2757 1296 3305 1352 communicationem
3333 1300 3536 1369 dicere,

1968 1381 2190 1449 perinde
2214 1397 2277 1435 ac
2311 1381 2362 1435 in
2398 1383 2517 1437 aliis
2547 1384 2702 1438 locis.

2039 1470 2200 1529 Vens.
2235 1474 2287 1527 5.
2331 1470 2553 1543 Pmpter
2584 1492 2721 1543 spem
2754 1494 2870 1545 qua
2911 1482 3136 1547 reposita
3177 1493 3252 1537 est
3302 1487 3441 1540 vobis
3485 1488 3539 1541 in

1968 1563 2129 1617 caelis.
2183 1562 2435 1633 Diligitis,
2462 1565 2653 1634 inquit,
2695 1578 2932 1633 sanctos,
2994 1587 3097 1625 non
3149 1573 3218 1627 ob
3249 1575 3537 1631 humanum

1968 1653 2188 1722 aliquid,
2229 1657 2321 1708 sed
2356 1655 2481 1722 quia
2511 1654 2687 1708 futura
2718 1657 2856 1709 bona
2886 1665 3117 1723 speratis
3149 1681 3163 1717 :
3193 1665 3299 1731 vel,
3332 1670 3540 1735 gratias

1969 1747 2195 1814 agimus,
2225 1748 2349 1815 quia
2383 1748 2806 1819 iucorruptibilia
2834 1754 2973 1807 bona
3006 1759 3348 1810 consecuturi
3385 1761 3538 1813 estis.

1968 1835 2081 1889 Non
2112 1839 2253 1891 cnim
2295 1840 2345 1892 in
2383 1849 2523 1894 terra
2556 1853 2681 1896 sunt
2706 1845 2964 1912 reposita,
3004 1854 3061 1899 ut
3088 1861 3534 1916 corrumpantur,

1962 1930 2055 1984 sed
2080 1930 2132 1983 in
2163 1930 2335 1998 caelis,
2368 1933 2790 1989 utstabilitatem
2823 1936 3077 1992 habeant.
3115 1938 3191 1991 Nc
3231 1939 3395 2009 igitur
3428 1957 3541 1995 ant-

1966 2019 2159 2089 bigatis
2206 2021 2274 2075 de
2308 2037 2441 2092 Spe:
2476 2025 2529 2078 in
2565 2033 2676 2080 tuto
2714 2026 2857 2080 enim
2890 2026 3129 2097 reposita
3163 2040 3265 2083 est.
3300 2029 3411 2084 lloc
3441 2047 3539 2085 an-

1965 2121 2067 2164 tem
2106 2113 2338 2181 pertinet
2374 2114 2440 2168 ad
2472 2129 2565 2169 eos
2594 2116 2685 2183 qui
2731 2124 3031 2182 tentantur,
3073 2135 3139 2173 ne
3182 2121 3269 2174 hic
3299 2122 3536 2190 quietem

1962 2215 2295 2273 exsttectent,
2341 2224 2515 2276 neque
2554 2211 2948 2266 tentationibus
3001 2215 3383 2279 succumbant,
3412 2216 3535 2284 quin

1962 2314 2210 2369 magnam
2246 2303 2653 2359 retributionem
2690 2307 2913 2362 habent.

2033 2482 2200 2547 Quam
2222 2484 2366 2552 prius
2395 2485 2666 2539 audivistis
2694 2486 2747 2539 in
2781 2490 2938 2541 verbo
2963 2486 3199 2541 veritatis
3230 2487 3531 2557 Evangelii.

1957 2572 2072 2627 Non
2116 2575 2269 2637 dixit,
2306 2576 2743 2641 Praedicationis,
2792 2579 2889 2633 sed
2939 2577 3235 2648 Evangelii,
3276 2588 3336 2632 ut
3383 2594 3534 2632 com-

1960 2665 2287 2720 tnoncfaciat
2342 2682 2435 2722 eos
2490 2668 2874 2724 beneﬁciorum
2932 2671 3023 2724 Dei
3059 2689 3072 2725 :
3107 2680 3331 2740 propter
3394 2670 3537 2726 bona

1959 2758 2101 2809 enim
2126 2756 2472 2826 Evangelium
2499 2768 2599 2814 est.
2626 2760 2681 2815 Si
2706 2772 2885 2814 autem
2916 2763 3137 2815 verbum
3164 2762 3410 2816 veritatis
3430 2771 3535 2831 est,

1960 2849 2160 2901 nullum
2196 2851 2532 2903 mendacium
2557 2861 2641 2905 est
2669 2852 2721 2904 in
2754 2852 2889 2921 ipso.
2924 2851 3206 2917 Quomodo
3244 2854 3409 2923 igitur
3440 2872 3537 2910 vos

1960 2939 2186 2991 mendax
2211 2940 2383 3007 ipsum
2408 2940 2606 3005 facitis,
2630 2955 2732 2995 non
2752 2944 3052 3007 credentes,
3077 2947 3531 3012 quemadmodum

1953 3027 2061 3095 jam
2091 3041 2249 3085 antea
2276 3031 2505 3085 instituti
2533 3034 2663 3086 estis
2688 3034 2753 3085 ab
2785 3034 2921 3102 ipso,
2951 3036 3092 3103 quod
3126 3050 3223 3105 per
3247 3034 3525 3089 Christum

1960 3125 2031 3176 sit
2082 3122 2269 3177 salus?
2304 3121 2436 3188 Quis
2472 3132 2648 3177 autem
2695 3135 2814 3177 erat
2855 3126 2945 3193 qui
2976 3126 3082 3181 illic
3115 3125 3540 3194 praedicaverat?

1963 3213 2255 3283 Epaphras,
2292 3215 2515 3281 perinde
2547 3231 2612 3270 ac
2648 3218 2699 3268 in
2743 3218 3100 3285 sequentibus
3138 3219 3354 3286 planum
3383 3218 3463 3272 ﬁt.

358 3283 469 3338 Τοῦ
498 3285 797 3352 παρόντος
824 3288 910 3352 εὶς
960 3263 1365 3359 ὑμᾶςξκαθὼς
1407 3293 1508 3347 καὶ
1545 3296 1614 3349 ἐν
1670 3298 1852 3351 παντὶ
1877 3263 1921 3325 C
1963 3263 2021 3282 Ἵ

1877 3263 1921 3325 C
1963 3263 2268 3360 Ἵνὲἇὲί
2293 3263 2711 3375 Qtio'd—prazsem
2729 3263 2965 3375 estjapud
2986 3323 3073 3361 vos
3096 3263 3535 3376 themadmodum

281 3371 364 3437 τῷ
388 3373 614 3442 κόσμῳ.
661 3374 750 3438 Ὠς
803 3376 895 3427 ἐπὶ
951 3376 1194 3447 ἐμψύχου
1232 3382 1378 3446 τινὸς
1433 3380 1554 3437 εἷπε
1611 3387 1692 3451 τὸ,
1733 3391 1854 3441 Πα-

279 3464 518 3533 ρόντος.
558 3465 633 3518 Οὐ
666 3467 1023 3536 παρεγένετο,
1071 3474 1226 3541 φησὶ,
1260 3474 1393 3544 πρὸς
1425 3475 1591 3546 ὑμᾶς,
1627 3480 1718 3531 καὶ
1747 3482 1855 3533 ἀπ-

280 3554 437 3622 έστη,
469 3556 604 3609 ἀλλὰ
634 3557 867 3628 πάρεστι
898 3560 993 3613 καὶ
1026 3565 1218 3631 κρατεῖ
1245 3566 1301 3617 ἐν
1332 3565 1485 3634 ὑμῖν.
1528 3569 1626 3622 Διὰ
1649 3571 1855 3625 τούτων

279 3646 341 3699 δὲ
402 3647 638 3716 ἱλαρύνει
690 3649 909 3713 αὐτούς.
954 3652 1174 3722 Ἐπειδὴ
1229 3656 1285 3709 δὲ
1339 3658 1388 3709 οι
1431 3659 1615 3713 πολλοὶ
1655 3663 1856 3730 μᾶλλον

284 3740 651 3809 στηρίζονται,
678 3741 809 3795 ὅταν
838 3744 932 3795 καὶ
984 3748 1275 3810 κοινωνοὺς
1306 3747 1471 3819 ἔχωσι
1522 3751 1629 3805 τῶν
1653 3752 1856 3824 δογμά-

281 3846 413 3896 των,
450 3832 582 3899 φησι
608 3849 621 3863 ο
656 3832 763 3886 Καὶ
803 3834 872 3886 ἐν
937 3835 1115 3889 παντὶ
1170 3835 1251 3903 τῷ
1296 3841 1522 3910 κόσμῳ.
1577 3844 1855 3916 Πανταχοῦ

282 3921 393 3992 γάρ
424 3924 560 3988 ἐστι,
597 3924 879 3995 πανταχοῦ
927 3925 1151 3998 ἕστηκε.

354 4014 465 4068 Καὶ
500 4015 635 4068 ἐστι
665 4020 1236 4088 καρποφορούμενον
1256 4021 1356 4075 καὶ
1418 4025 1851 4097 αὐξανόμενον.

282 4109 932 4176 -Καρποφορούμενον
948 4111 1033 4164 διὰ
1049 4112 1118 4166 τὰ
1133 4111 1290 4182 ἔργα,
1309 4116 1744 4187 αὐξανόμενον,
1771 4123 1858 4176 διὰ

282 4194 581 4259 τὸπολλοὺς
604 4198 683 4260 εἱς
709 4198 805 4269 τὴν
823 4199 1005 4253 πίστιν
1020 4204 1536 4273 προσλαμϐάνεσθαι
1567 4210 1853 4265 ἑκάστοτε.

284 4288 399 4339 Οὐκ
426 4288 493 4341 ἂν
525 4288 580 4340 δὲ
609 4292 999 4363 ὲκαρποςρόρει,
1030 4295 1078 4346 εἰ
1135 4295 1211 4366 μὴ
1243 4298 1582 4369 ἐστήρικται.
1611 4304 1720 4356 Καὶ
1751 4307 1857 4375 γὰρ

283 4379 352 4432 τὰ
384 4379 575 4450 δένδρα
594 4382 719 4434 ὅταν
745 4385 1026 4454 στηριχθῇ,
1062 4388 1183 4440 τότε
1220 4390 1387 4445 πλείω
1416 4394 1631 4463 καρπὸν
1671 4396 1849 4468 φέρει.

353 4470 562 4536 Καθὼς
596 4472 693 4526 καὶ
741 4474 809 4527 ἐν
833 4475 995 4544 ὑμῖν.
1053 4479 1597 4553 Προκαταλαμῢάνει,
1630 4488 1704 4552 ὠς
1763 4491 1856 4543 καὶ

1954 3397 2009 3449 in
2042 3396 2283 3450 universo
2332 3398 2549 3450 mundo.
2583 3395 2860 3465 Tanquam
2894 3397 2960 3452 de
2993 3411 3049 3451 re
3084 3398 3260 3468 aliqua
3295 3400 3534 3455 animata

1955 3487 2109 3552 dixit,
2144 3486 2296 3552 Quod
2317 3488 2669 3555 pra'sem‘est.
2703 3485 2820 3538 Non
2841 3487 3053 3541 advenit
3082 3490 3147 3542 ad
3182 3503 3296 3554 vos,
3329 3490 3528 3557 inquit,

1954 3592 2020 3631 ac
2050 3578 2246 3633 defecit
2276 3593 2305 3630 a
2341 3580 2495 3634 vobis
2529 3597 2544 3634 ι
2592 3582 2685 3634 sed
2719 3596 2959 3650 prtesens
2986 3589 3090 3647 est,
3125 3595 3187 3635 ac
3214 3580 3535 3637 dominatur

1956 3671 2009 3723 in
2036 3670 2211 3724 vobis.
2243 3669 2348 3724 Per
2374 3671 2487 3725 haec
2534 3680 2714 3727 autem
2758 3672 3028 3727 exhilarat
3057 3687 3169 3727 eos.
3224 3671 3359 3739 Quia
3394 3686 3532 3725 vero

1958 3764 2197 3833 plerique
2244 3762 2595 3818 stabiliuntur
2645 3764 2838 3833 magis,
2885 3766 3099 3834 quando
3135 3775 3187 3819 et
3239 3764 3534 3834 participes

1957 3855 2251 3908 habuerint
2302 3855 2635 3923 dogmatnm,
2672 3855 2820 3907 addit
2854 3864 3164 3924 propterea,
3217 3861 3346 3911 etin
3392 3860 3536 3913 omni

1959 3952 2171 4005 mundo.
2215 3950 2421 4021 Ubique
2445 3952 2586 4005 enim
2616 3962 2717 4018 est,
2742 3961 2796 4006 et
2820 3952 3019 4020 ubique
3048 3951 3319 4007 consistit.

2030 4042 2095 4096 Et
2113 4042 2399 4110 frurtiﬁcat
2423 4050 2472 4095 et
2493 4043 2700 4095 crescit.
2724 4040 3041 4111 Fructi/icat
3075 4057 3169 4111 per
3199 4055 3361 4111 opera
3382 4058 3396 4108 ;
3417 4057 3535 4095 cre-

1956 4137 2051 4189 scit
2070 4142 2271 4199 autem,
2303 4133 2447 4202 quod
2475 4133 2626 4187 multi
2649 4133 2713 4187 ad
2740 4133 2896 4187 ﬁdem
2926 4135 3162 4202 undique
3181 4134 3531 4204 recipiantur.

1954 4224 2117 4293 Atqui
2141 4222 2376 4277 fructum
2400 4237 2506 4276 non
2533 4224 2859 4290 protulisset,
2889 4222 2991 4277 nisi
3017 4223 3530 4280 lirtnatumfuisset:

1956 4315 2177 4368 arbores
2210 4314 2376 4372 enim.
2409 4314 2621 4380 quando
2644 4315 3007 4368 corroborat-ae
3041 4313 3262 4381 fuerint,
3285 4314 3531 4385 tutnplu-

1957 4407 2153 4461 rimum
2186 4404 2393 4459 fructus
2424 4403 2725 4473 proferunt.

2028 4496 2175 4552 Sicut
2195 4505 2244 4550 et
2279 4497 2516 4550 inmobis.
2544 4495 2838 4561 Laudibus,
2876 4507 2933 4551 ut
2965 4512 3150 4567 supra,
3177 4498 3340 4569 465
3374 4509 3527 4552 ante-

283 4561 563 4633 ἀνωτέρω,
599 4564 799 4628 αὐτοὺς
828 4569 941 4630 τοῖς
963 4569 1230 4636 ἐπαίνοις,
1260 4570 1401 4627 ὥστε
1437 4577 1571 4647 μηδὲ
1599 4578 1850 4645 θέλοντας
1883 4601 1926 4656 ι)

1883 4601 1926 4656 ι)
1957 4592 2118 4645 vertit
2143 4604 2258 4654 eos,
2296 4600 2354 4643 ut
2389 4591 2605 4644 etiamsi
2651 4591 2946 4655 voluerint,
2981 4607 3089 4645 non
3141 4592 3419 4646 deﬁciant.
3470 4590 3530 4645 Si

283 4654 607 4724 ἀποστῆναι.
637 4656 699 4709 Εἰ
734 4659 841 4727 γὰρ
877 4665 972 4713 καὶ
1029 4663 1108 4725 εις
1167 4664 1396 4733 πάντας,
1425 4670 1520 4721 καὶ
1581 4673 1659 4734 εἰς
1711 4673 1856 4741 ὑμᾶς

281 4743 457 4809 οὕτως
483 4747 765 4819 ἐκηρύχθη
793 4750 855 4802 τὸ
880 4751 1233 4822 Εὐαγγέλιον,
1264 4758 1381 4822 πῶς
1424 4760 1521 4815 νῦν
1566 4762 1740 4827 ἄλλως
1771 4766 1855 4820 δο-

285 4837 617 4907 γματίζουσι
650 4858 797 4904 τινες
820 4858 834 4905 ;

365 4929 481 4997 Ἀφ’
527 4925 602 4999 ἧς
633 4932 859 5001 ἡμέρας
908 4934 1212 5001 ἠκούσατε
1266 4940 1365 4993 καὶ
1402 4943 1700 5014 ἐπέγνωτε
1740 4948 1855 5017 τὴν

282 5017 459 5087 χάριν
484 5020 592 5075 τοῦ
614 5023 761 5077 Θεοῦ
795 5024 865 5077 ἐν
895 5026 1164 5095 ἀληθείᾳ.
1199 5030 1666 5104 Καρποφορείται,
1688 5042 1840 5107 φησὶ.

283 5110 374 5161 καὶ
407 5110 702 5176 αὐξάνεται
728 5115 787 5167 τὸ
816 5116 1149 5186 Εὑαγγέλιον
1177 5120 1234 5172 ὲν
1263 5123 1391 5191 ὑμῖν
1419 5126 1511 5194 ἀφ’
1538 5122 1605 5198 ἧς
1635 5131 1849 5201 ἡμέρας

282 5199 554 5269 ἐπέγνωτε
581 5202 679 5274 τὴν
715 5205 897 5275 χάριν.
928 5208 1087 5273 Πῶ;;
1120 5211 1233 5263 Οὐκ
1259 5214 1315 5265 ἐν
1342 5213 1525 5287 ἀπάτῃ
1556 5219 1650 5270 καὶ
1674 5199 1851 5289 λόγοις

282 5290 534 5357 εἰκαίοις,
574 5294 694 5347 ἁλλ’
727 5297 784 5348 ὲν
835 5295 1101 5367 ἀληθείᾳ,
1151 5302 1421 5368 τουτέστι,
1460 5309 1706 5378 σημείοις
1758 5313 1853 5365 καὶ

279 5380 462 5451 ἔργοις
490 5387 835 5455 παραδόξοις.

350 5477 556 5544 Καθὼς
613 5480 712 5533 καὶ
758 5482 1003 5551 ἐμάθετε
1042 5486 1162 5540 ἀπὸ
1202 5490 1493 5559 Ἐπαφρᾶ.
1542 5493 1728 5558 Οῦτως
1763 5499 1861 5550 ὲπο

282 5574 506 5637 εγνωτε,
540 5559 728 5641 φησιν,
757 5575 941 5640 αὐτοῖς
967 5579 1081 5642 τοῖς
1114 5578 1297 5650 ἔργοις
1330 5584 1430 5652 τὴν
1456 5586 1636 5655 χάριν,
1670 5588 1860 5661 ὥσπερ

1953 4682 2094 4735 enim
2122 4695 2242 4734 cum
2309 4680 2375 4733 ad
2406 4695 2620 4742 omnes,
2664 4692 2777 4734 tum
2805 4681 2871 4734 ad
2898 4697 2993 4737 vos
3034 4683 3176 4735 hunc
3204 4682 3257 4736 in
3314 4685 3531 4735 modum

1951 4771 2296 4840 prmdicatnm
2329 4769 2488 4824 fuerit
2516 4769 2891 4836 Evangelium,
2929 4772 3070 4824 unde
3119 4770 3176 4825 tit
3212 4771 3355 4840 quod
3394 4786 3531 4824 non-

1954 4862 2081 4916 nulli
2116 4877 2257 4915 nunc
2288 4863 2499 4916 diversa
2532 4862 2794 4915 tradunt?

2026 4955 2108 5007 Ex
2129 4972 2188 5007 ea
2220 4956 2303 5006 die
2331 4971 2435 5021 qua
2472 4955 2752 5007 audivistis
2781 4963 2830 5007 et
2849 4953 3135 5023 agnovistis
3163 4953 3389 5023 gratiam
3434 4950 3527 5004 Dei

1955 5048 2011 5100 in
2064 5047 2300 5100 veritate.
2339 5044 2625 5110 FruCtum,
2697 5046 2891 5114 inquit,
2942 5044 3170 5114 profert,
3213 5060 3275 5097 ac
3332 5044 3528 5097 crescit

1956 5138 2304 5203 Evangeliutn
2335 5138 2385 5189 in
2419 5137 2593 5200 vobis,
2628 5140 2693 5191 ab
2733 5152 2801 5192 eo
2825 5138 2909 5191 die
2940 5150 3046 5206 quo
3075 5135 3371 5206 agnovistis
3405 5150 3529 5204 gnt-

1960 5232 2109 5283 tiant.
2145 5228 2463 5294 Quomodo?
2505 5227 2619 5281 Non
2647 5227 2698 5281 in
2732 5229 3032 5297 impostura
3065 5236 3119 5281 et
3140 5227 3321 5281 verbis
3354 5234 3522 5279 teme-

1954 5322 2134 5386 rariis,
2172 5324 2263 5375 sed
2298 5324 2350 5375 in
2400 5321 2650 5388 veritate,
2692 5322 2792 5376 hoc
2831 5331 2933 5390 est,
2967 5325 3136 5397 signis
3187 5332 3239 5376 et
3269 5321 3523 5390 operibus

1954 5415 2306 5471 admirandis.

2030 5505 2194 5561 Vens.
2234 5510 2286 5561 7.
2331 5507 2479 5563 Sicut
2513 5519 2557 5563 et
2615 5508 2873 5562 didicistis
2923 5508 2985 5561 ab
3026 5505 3296 5576 Epaphra.
3359 5503 3520 5572 Ipsis.

1959 5600 2163 5667 inquit,
2214 5602 2473 5672 operibus
2510 5602 2590 5657 sic
2619 5602 2886 5658 habuistis
2917 5601 3168 5673 gratiam,
3209 5598 3428 5669 perinde
3459 5610 3520 5648 ac

1628 5721 1827 5788 Varias
1857 5719 2187 5796 lectiones.

351 5823 395 5854 “
436 5823 597 5889 αὐτὸς
625 5839 675 5881 ο.
752 5829 795 5860 ⁶⁷
833 5831 1139 5904 ὲρῤαπίοθη
1172 5848 1223 5889 ο.
1304 5837 1345 5869 ⁸⁸
1380 5839 1584 5910 -μῆσαι
1623 5858 1676 5898 ο.
