4226 6440
259 428 400 495 1213

1043 417 1450 480 EXPOSITIO
1494 416 1573 477 ΙΝ
1620 415 1859 474 El’lST.
1905 414 2005 474 AD
2045 411 2342 473 COLOSS.
2380 432 2431 446 ’τ
2485 408 2643 467 CAP.
2697 404 2752 464 Ι.

3374 387 3512 457 12ὶᾶ

258 543 620 616 καταμαθὼν,
650 541 743 595 καὶ
775 542 857 594 ὅτι
899 539 987 592 τὸν
1020 540 1149 591 ram
1180 537 1346 590 αὐτοῦ
1390 536 1652 600 ἐξέδωκεν
1697 531 1836 598 ὑπὲρ
1867 531 1911 586 Δ
1945 528 2034 589 rit,
2073 540 2125 582 et
2158 527 2299 596 quod

1945 528 2034 589 rit,
2073 540 2125 582 et
2158 527 2299 596 quod
2337 522 2530 576 Filium
2563 533 2722 574 suum
2767 526 2862 582 pro
2897 510 3051 565 nobis
3099 506 3329 571 dederit,
3376 523 3510 576 quo-

258 637 438 708 ἡμῶν,
499 635 615 694 πῶς
673 633 773 686 οὐκ
826 631 891 684 ἂν
927 629 1283 682 σπουδάπειεν
1343 625 1535 678 ἑαυτὸν
1586 619 1833 673 ἐκδοῦναι

258 731 371 789 τοῖς
431 730 530 796 τῆς
585 724 784 794 ἀρετῆς
816 722 1018 783 πόνοις,
1078 721 1171 770 καὶ
1228 716 1320 768 τὸν
1369 713 1532 766 αὑτοῦ
1606 712 1837 780 σταυρῦν

260 817 436 890 ἆραι;
486 819 559 869 Τὸ
592 818 722 884 γὰρ,
766 810 1196 883 Πεγῖιπατῆσαι,
1235 808 1362 877 περὶ
1398 806 1511 877 βίου
1563 805 1655 857 καὶ
1692 799 1867 854 πο).ι-’

261 911 412 974 τείας
446 913 615 972 ἐστὶν,
644 909 718 972 ὼς
752 908 993 978 εἴρηται.
1028 908 1135 958 Καὶ
1171 902 1449 972 πανταχοῦ
1476 900 1530 953 δὲ
1557 901 1620 968 τῇ
1661 898 1839 949 πίστει

266 1005 529 1056 συνάπτει
561 1003 660 1071 τὴν
708 999 1004 1052 πολιτείαν.
1041 999 1146 1049 Καὶ
1177 996 1354 1056 ἄλλως
1409 993 1485 1055 δὲ.
1532 990 1648 1045 Οῧκ
1684 989 1840 1058 εὐχό-

269 1098 430 1168 μεθα,
468 1096 623 1166 φησὶ,
654 1096 813 1165 μόνον
851 1093 936 1145 ἵνα
973 1091 1203 1162 μάθητε,
1238 1088 1351 1142 ἀλλ’
1379 1088 1463 1140 ἵνα
1497 1087 1589 1139 καὶ
1614 1086 1705 1137 ἐπὶ
1733 1083 1842 1136 τῶν

266 1191 447 1259 ἔργων
482 1187 844 1240 ἐπιδείκνυτε.
894 1186 950 1238 Ὀ
987 1185 1091 1253 γὰρ
1131 1181 1283 1243 εἰδὼς
1320 1180 1489 1250 χωρὶς
1525 1177 1617 1229 τοῦ
1646 1178 1838 1238 ποιεῖν,

268 1281 599 1344 κολάζεσθαι
659 1277 862 1349 μέλλει.
897 1277 1073 1328 Βλέπε
1105 1275 1178 1335 δὲ,
1231 1273 1345 1334 πῶς
1417 1270 1710 1339 περίπατον
1759 1267 1845 1319 ἀεὶ

270 1376 369 1442 τὴν
406 1371 678 1425 πολιτείαν
713 1371 886 1431 καλεῖ,
918 1369 1128 1430 δεικνὺς
1152 1368 1231 1419 ὅτι
1253 1366 1442 1434 ὥσπερ
1475 1365 1562 1416 ἀεὶ
1587 1363 1647 1415 τι)
1672 1379 1838 1431 περι-

271 1469 464 1520 πατεῖν
524 1467 822 1534 αναγκαῖον
901 1464 1052 1532 ἡμῖν,
1095 1461 1237 1513 οὕτω
1291 1458 1679 1526 καὶὸἇριοτος
1711 1455 1842 1524 βίος.

345 1739 445 1801 Εἰς
480 1735 686 1791 πᾶσαν
718 1733 1041 1800 ἀρέσκειαν
1089 1730 1157 1784 ἐν
1205 1728 1381 1782 παντὶ
1430 1729 1578 1797 ἔργῳ
1627 1725 1844 1794 ἀγαθῷ.

283 1830 400 1882 ’Ί-εα
447 1830 611 1888 οὕτω,
655 1827 813 1895 φησι,
854 1827 1008 1892 ζῆτε,
1035 1824 1174 1876 ὥστε
1219 1823 1306 1875 διὰ
1339 1823 1555 1875 πάντων
1591 1822 1846 1888 ἀρέσκειν

1945 625 2104 678 modo
2141 636 2244 673 non
2283 616 2527 674 studebit
2565 614 2797 681 seipsum
2832 607 3028 660 dedere
3060 602 3271 656 virtutis
3311 600 3510 653 labori-

1943 717 2066 779 hus,
2089 715 2329 779 adeoque
2358 723 2571 764 crucem
2601 704 2765 771 ipsius
2785 701 2970 756 tollere
2994 698 3016 749 ?
3052 694 3335 747 Ambulare
3371 692 3512 746 enim

1943 811 2008 862 ad
2044 809 2205 859 vitam
2260 813 2313 856 et
2348 799 2819 854 conversationem
2872 791 3134 859 pertinet,
3191 787 3267 839 uti
3309 785 3514 838 dictum

1943 909 2046 954 est.
2085 896 2297 964 Ubique
2336 900 2515 943 autem
2549 887 2693 949 ﬁdei,
2726 883 2847 936 vita:
2887 878 3150 931 rationem
3207 882 3260 925 et
3290 885 3517 924 conver-

1945 992 2211 1046 sationem
2250 980 2545 1039 connectit.
2571 976 2865 1036 Praeterea,
2901 985 3007 1023 non
3043 979 3283 1026 oramus,
3323 961 3514 1029 inquit,

1945 1092 2003 1135 ut
2028 1077 2251 1134 discatis
2283 1068 2680 1130 tantummodo,
2716 1077 2904 1117 verum
2936 1067 2991 1112 ut
3020 1057 3274 1125 operibus
3304 1063 3519 1122 quoque

1948 1169 2363 1230 demonstretis,
2416 1165 2518 1230 Qui
2573 1161 2717 1215 enim
2762 1157 2926 1218 novit,
2970 1161 3023 1206 et
3079 1165 3184 1202 non
3225 1147 3372 1208 facit,
3429 1160 3520 1212 pu—

1949 1270 2149 1321 nietur.
2185 1259 2570 1315 Animadverte
2617 1261 2818 1313 autem,
2859 1243 3130 1315 quomodo
3168 1251 3382 1304 semper
3414 1251 3522 1285 ain-

1948 1359 2277 1414 bnlationem
2351 1352 2512 1402 vitam
2585 1342 3162 1404 conversationemque
3252 1328 3519 1399 appellat,

1950 1452 2238 1506 ostendens
2268 1447 2412 1516 quod
2436 1441 2661 1511 perinde
2686 1454 2747 1490 ac
2785 1447 3059 1500 nunquam
3100 1442 3205 1482 non
3245 1421 3520 1476 ambulare

1952 1546 2105 1598 nobis
2157 1537 2524 1595 necessarium
2565 1541 2670 1598 est,
2706 1529 2784 1583 sic
2828 1535 2881 1579 et
2921 1523 3122 1592 optima
3179 1517 3286 1570 vita
3328 1527 3518 1567 neces-

1951 1636 2090 1690 saria
2130 1642 2229 1686 est.

2026 1728 2128 1781 Per
2163 1725 2335 1777 omnia
2366 1722 2650 1789 placentes,
2689 1716 2742 1766 in
2771 1711 2908 1764 omni
2941 1721 3090 1770 opere
3129 1707 3281 1754 bono.
3316 1697 3386 1751 Ut
3418 1696 3517 1749 sic.

1957 1822 2157 1890 inquit,
2209 1816 2427 1875 vivatis,
2466 1820 2521 1863 ut
2574 1823 2668 1876 per
2701 1806 2880 1859 omnia
2941 1795 3199 1867 placeatis
3243 1794 3371 1846 Deo.
3422 1788 3518 1853 Qui

277 1923 356 1989 τῷ
387 1921 524 1988 Θεῷ.
566 1919 687 1981 Πῶς
722 1919 778 1971 δὲ
823 1917 977 1970 ἔσται
1027 1917 1225 1980 τοῦτο;
1269 1916 1382 1966 Οὐκ
1405 1914 1577 1974 ἄλλως
1607 1916 1654 1964 εἰ
1686 1913 1758 1981 μὴ
1793 1914 1847 1964 ἐν
1881 1885 1921 1939 Β
1952 1883 2079 1964 vero
2115 1910 2215 1960 hoc
2249 1904 2308 1957 ﬁt

1911 1889 1921 1937 ⁵
1952 1925 2079 1964 vero
2115 1910 2215 1960 hoc
2249 1903 2350 1957 ﬁt?
2383 1900 2496 1953 Non
2529 1898 2704 1956 aliter,
2741 1892 2842 1945 nisi
2886 1891 2936 1941 in
2970 1885 3113 1940 omni
3156 1895 3317 1948 opere
3349 1883 3520 1932 nono:

2641 1985 2650 1989 “
2948 1987 2954 1989 Α
3033 1975 3102 1989 ⁸-⁸
3177 1982 3187 1989 -
3239 1970 3388 1989 κΙ--.Δ
3434 1968 3520 1989 l\.:

279 2016 444 2067 παντὶ
492 2015 638 2085 ἔργῳ
670 2011 881 2082 ἀγαθῷ.
921 2012 1093 2063 Ὅπου
1131 2013 1238 2078 γὰρ
1277 2010 1384 2060 πᾶν
1417 2009 1574 2078 ἔργον
1624 2005 1846 2074 ἀγαθὸν,

279 2111 400 2163 ἐκεῖ
435 2110 578 2160 πᾶσα
613 2107 878 2175 ἀρέσκεια
901 2103 1056 2156 Θεοῦ.
1092 2104 1291 2157 Σκόπει
1323 2103 1401 2167 δὲ,
1437 2101 1552 2163 πῶς
1575 2098 1850 2168 πανταχοῦ

283 2205 366 2265 τὸ,
418 2202 566 2267 Πᾶν,
603 2200 993 2273 προστίθησιν
1027 2201 1096 2253 ἐν
1149 2196 1316 2264 πάσῃ
1360 2195 1545 2263 σοφίᾳ
1577 2209 1589 2221 °
1629 2193 1741 2257 καὶ,
1781 2191 1850 2243 ὲν

283 2295 466 2349 παντὶ
519 2293 668 2361 ἔργῳ
697 2289 896 2360 ἀγαθῷ
922 2308 935 2322 ·
980 2290 1096 2354 καὶ,
1134 2291 1219 2352 εις
1262 2285 1468 2342 πᾶσαν
1496 2285 1815 2353 ἀρέσκειαν
1836 2298 1849 2312 °

286 2390 404 2448 καὶ,
445 2389 530 2449 εἰς
577 2384 784 2438 πᾶσαν
823 2382 1277 2452 μακροθυμιάνο
1313 2381 1528 2442 δεικνὺς
1567 2380 1648 2432 ὅτι
1673 2377 1854 2446 ἔχουσι

289 2481 390 2554 μὲν
417 2478 512 2532 καὶ
541 2477 658 2542 νῦν,
704 2477 764 2528 οὐ
809 2475 912 2545 μὴν
943 2476 1002 2527 τὸ
1054 2477 1182 2528 πᾶν.
1236 2475 1395 2528 Ὥστε
1424 2474 1505 2526 δεῖ
1549 2473 1745 2534 αὐτοὺς
1796 2471 1856 2523 τὸ

287 2571 492 2626 τέλειον
523 2571 570 2602 ’⁸
603 2568 950 2642 προαλαὸεῖν.

361 2661 895 2731 Καρποφοροῦντες
919 2658 1015 2712 καὶ
1044 2657 1441 2725 αὐξανόμενοι
1475 2657 1561 2721 εις
1587 2654 1700 2722 τὴν
1733 2655 1858 2709 ἐπί-

290 2772 519 2824 γνωσιν
562 2755 668 2807 τοῦ
712 2752 882 2806 Θεοῦ.
928 2751 1159 2818 Ὠσπερ,
1211 2750 1394 2817 φησιν,
1447 2748 1722 2815 ἐπέγνωτε
1768 2747 1859 2800 τὸν

293 2848 426 2901 Θεὸν
461 2847 722 2917 μειζόνως
757 2845 791 2916 ἦ
829 2846 876 2897 οἱ
924 2843 1143 2896 παλαιοί
1172 2842 1241 2907 ⁷⁸,
1279 2840 1450 2904 οὕτως
1478 2840 1722 2909 όςείλετε
1766 2841 1862 2893 καὶ

295 2941 351 2993 ὲν
385 2941 461 3010 τῷ
496 2941 595 3010 βίῳ
618 2938 804 3003 αὔξειν
842 2937 982 2989 κατὰ
1013 2935 1073 2987 τὸ
1107 2937 1308 3006 μέτρον
1343 2935 1440 3000 τῆς
1484 2932 1758 3001 γνώσεως.
1800 2932 1862 2985 Ὀ

296 3033 404 3101 γὰρ
433 3031 790 3112 κςιταξιωθε“ις
826 3029 1020 3081 εἰδέναι
1039 3027 1192 3088 Θεὸν,
1220 3026 1361 3078 ὥστε
1386 3027 1432 3055 ’⁷³
1465 3032 1554 3077 aut
1583 3024 1696 3088 υἱὸς
1725 3019 1863 3077 εἶναι

297 3125 456 3186 Θεοῦ,
489 3124 660 3191 πόσης
691 3122 892 3192 ἀρετῆς
926 3121 1136 3184 δεῖται;
1169 3120 1260 3182 Ἣ,
1292 3119 1372 3169 ὃτι
1406 3119 1496 3170 Δεῖ
1528 3117 1626 3186 μὲν
1655 3133 1864 3184 καρπο-

1954 2000 2041 2053 ubi
2079 1997 2224 2050 enim
2260 2006 2423 2047 omne
2453 2001 2587 2056 opus
2641 1985 2846 2037 bonum
2881 1987 2984 2042 est,
3031 1975 3104 2028 ibi
3141 1982 3193 2028 et
3237 1970 3393 2041 plena
3434 1968 3523 2020 Dei

1955 2087 2370 2159 complacentia.
2426 2079 2722 2137 Considera
2758 2087 2938 2127 autem
2997 2067 3268 2138 quomodo
3332 2061 3526 2129 ubique

1954 2201 2101 2240 omne
2155 2187 2386 2250 apponat
2431 2172 2546 2229 :ln
2609 2169 2750 2224 omni
2800 2164 3107 2232 sapientia:
3147 2168 3224 2218 et,
3278 2154 3343 2209 In
3385 2153 3524 2206 omni

1955 2294 2105 2347 opere
2133 2277 2262 2328 bono
2287 2288 2304 2324 :
2328 2280 2380 2323 et
2405 2268 2508 2322 Per
2537 2264 2710 2318 omnia
2737 2260 2993 2330 placentes
3026 2271 3042 2306 :
3078 2261 3148 2315 et,
3191 2250 3269 2302 Ad
3322 2260 3522 2300 omnem

1957 2367 2416 2437 longanimitatem
2443 2378 2458 2414 :
2483 2357 2777 2413 ostendens
2803 2350 2942 2420 quod
2967 2347 3202 2401 habeant
3231 2339 3444 2409 quidem
3476 2347 3527 2387 ct

1960 2475 2123 2525 nunc,
2159 2456 2395 2511 nondum
2432 2463 2610 2505 tamen
2655 2456 2824 2500 totum
2869 2454 3076 2508 :quare
3107 2426 3526 2488 consummatio-

1959 2570 2080 2609 nem
2109 2567 2206 2606 COS
2237 2557 2516 2601 assumere
2548 2543 2783 2608 Oportet.

2032 2641 2438 2708 Fructiﬁcantes
2496 2643 2542 2686 et
2603 2631 2888 2682 crescentes
2936 2622 2989 2674 in
3044 2616 3360 2688 agnitionem
3413 2609 3528 2663 Dei.

1971 2731 2464 2805 Quemadmodum,
2523 2722 2718 2790 inquit,
2767 2714 2991 2770 novistis
3044 2713 3208 2765 Deum
3245 2702 3534 2774 perfectius

1962 2846 2122 2902 quam
2158 2827 2248 2898 qui
2273 2824 2401 2876 olim
2431 2820 2632 2878 vixere,
2669 2814 2811 2866 hanc
2843 2809 2908 2861 ad
2940 2804 3208 2858 rationem
3250 2795 3456 2849 debetis
3482 2803 3536 2844 et

1964 2923 2154 2979 invita
2186 2927 2434 2972 crescere
2477 2911 2632 2980 juxta
2684 2913 2990 2960 mensuram
3039 2889 3386 2961 cognitionis.
3433 2883 3534 2950 Qui

1965 3015 2110 3070 enim
2145 3008 2308 3064 tantis
2345 3013 2433 3060 est
2491 3004 2745 3060 donatus,
2794 3002 2853 3046 ut
2909 2989 3080 3043 Deum
3133 2985 3318 3044 sciret,
3369 2985 3536 3046 utque

1968 3065 2111 3159 illius
2157 3098 2248 3153 Dei
2300 3103 2466 3161 esset,
2516 3096 2717 3161 quanta
2753 3084 2960 3138 virtute
3004 3091 3140 3145 opus
3188 3069 3386 3128 habet?
3417 3065 3533 3131 Vel,

299 3218 486 3285 φορεῖν
519 3215 662 3282 ὑμᾶς
719 3213 814 3274 τὰς
862 3211 1071 3278 ἀγαθὰς
1122 3168 1370 3277 ἶπράξεις,
1427 3168 1546 3260 ἀλλζ
1770 3206 1864 3259 καὶ
1890 3217 1932 3276 α
1965 3202 2095 3272 quia
2128 3197 2309 3267 Oportl

1911 3217 1932 3276 ι
1965 3202 2095 3272 quia
2128 3197 2474 3267 OportetVos
2501 3185 2744 3256 proferre
2773 3180 2990 3250 quidem
3018 3175 3252 3228 fructum
3274 3168 3536 3221 bonorum

296 3308 397 3377 τὴν
438 3306 732 3374 ἐπίγνωσιν
766 3303 860 3355 τοῦ
901 3301 1037 3354 Θεοῦ
1072 3301 1214 3369 ἔχειν
1248 3301 1321 3360 ὡς
1374 3300 1472 3364 δεῖ,
1529 3301 1623 3351 καὶ
1657 3299 1753 3366 οὐχ
1787 3298 1860 3361 ὡς

301 3397 396 3449 νῦν
429 3398 632 3449 δοκεῖτε
665 3396 829 3464 ἔχειν.
865 3395 930 3446 Τί
958 3395 1065 3461 γὰρ
1093 3394 1280 3459 ὄφελος
1314 3392 1427 3460 βίου
1455 3394 1550 3444 καὶ
1572 3391 1861 3455 πολιτείας,

302 3491 397 3542 ἐὰν
452 3489 681 3556 ἀγνοῆτε
728 3486 818 3537 τὶν
866 3486 992 3538 Υιδν
1029 3484 1120 3537 τοῦ
1162 3485 1332 3550 Θεοῦ;
1381 3484 1580 3536 Σκόπει
1624 3484 1702 3547 δὲ,
1753 3485 1866 3547 πῶς

305 3581 559 3647 ἀνωτέρω
587 3577 687 3645 τῆς
722 3576 1067 3642 ἐπιγνώσεως
1097 3577 1263 3644 ἔφησε
1288 3576 1492 3629 δεῖσθαι
1520 3580 1597 3636 εἰς
1628 3576 1687 3627 τὸ
1720 3593 1872 3644 περιο

309 3672 546 3739 πατῆσαι
581 3667 746 3733 ἀξίως
798 3668 890 3720 τοῦ
925 3668 1132 3736 Κυρίου
1156 3685 1167 3698 ·
1206 3668 1301 3719 νῦν
1328 3664 1484 3729 αὖθις
1511 3669 1733 3720 ἀπαιτεῖ
1762 3669 1872 3718 αὺ-

309 3764 486 3828 ξανειν
532 3764 588 3814 έν
646 3763 758 3823 τοῖς
802 3760 1027 3828 ἀγαθοῖς
1070 3760 1273 3829 ἔργοις,
1318 3763 1396 3822 εἰς
1427 3760 1488 3811 τὸ
1517 3759 1633 3828 ἅμα
1666 3759 1872 3812 καὶτὸν

308 3857 441 3908 Θεὶν
493 3853 910 3923 ἐπιγινώσκειν·
966 3853 1228 3922 ἑκάτερον
1284 3852 1392 3921 γὰρ
1455 3853 1721 3920 ἐκατέρου
1775 3865 1871 3902 συ-

310 3945 589 3998 στατικόν.

392 4133 494 4186 Ἐν
543 4130 710 4198 πάσῃ
764 4127 1012 4197 δυνάμει
1068 4125 1530 4194 δυναμούμενοι.
1592 4120 1876 4191 Εὖχόμεθα

312 4226 397 4279 ira.
431 4223 756 4292 πληρωθῆτε
791 4239 809 4272 ι
854 4223 913 4273 ἐν
964 4220 1114 4291 πάσῃ
1143 4219 1369 4287 δυνάμει
1400 4215 1817 4284 δυναμούμενοι.
1852 4231 1870 4263 ι

310 4317 453 4386 Πρὸς
483 4315 533 4367 τί
558 4330 572 4380 ;
603 4314 742 4383 [Ιρδς
766 4312 892 4376 τοὺς
917 4310 1257 4382 πειρασμοὺς
1294 4308 1390 4361 καὶ
1428 4305 1554 4369 τοὺς
1582 4304 1874 4373 διωγμοὺς,

311 4412 454 4465 ὥστε
497 4409 571 4480 μὴ
604 4405 920 4476 ἀκηδιάσαι,
957 4402 1090 4474 μηδὲ
1119 4401 1454 4467 ἀπογνῶναι.

382 4503 539 4558 Κατὰ
566 4501 633 4553 τὸ
659 4498 875 4568 κράτος
905 4495 1014 4562 τῆς
1035 4493 1221 4559 δόξης
1240 4490 1444 4545 αὑτοῦ.
1476 4489 1594 4542 ἰνα
1623 4488 1876 4557 τοιαύτην

315 4595 542 4664 δύναμιν
571 4590 648 4661 δῷ
686 4591 837 4659 ὑμῖν,
876 4587 993 4644 οταν
1018 4584 1217 4655 πρέπει
1247 4582 1396 4652 αὐτῷ
1417 4582 1636 4645 διδόναι,
1668 4581 1876 4647 ἄφατον

313 4688 410 4742 καὶ
434 4687 660 4754 ἄπειρον
679 4681 880 4751 δηλαδή
899 4696 913 4711 ο
938 4678 1079 4749 πλὴν
1101 4679 1176 4740 ὼς
1205 4675 1479 4745 ἀνθρώπῳ
1503 4673 1726 4726 δυνατὸν
1746 4671 1874 4724 ταύ-

312 4795 413 4848 την
444 4775 647 4830 λαϐεῖν.
701 4771 878 4840 Πολλὴ
907 4771 964 4824 δὲ
999 4771 1032 4840 ἡ
1071 4767 1412 4837 παραμυθία.
1446 4766 1522 4818 Οὐ
1567 4765 1673 4834 γὰρ
1717 4759 1838 4816 εἷπε
1861 4804 1873 4828 ,

315 4872 573 4940 Δύναμιν,
627 4864 784 4929 ἀλλὰ,
829 4863 1078 4932 Κράτος,
1103 4861 1132 4914 ὃ
1186 4859 1366 4928 μεῖζόν
1396 4858 1574 4910 ἔστιν’
1612 4856 1685 4918 ὼς
1729 4855 1796 4907 ἂν
1831 4855 1878 4905 εἰ

316 4961 502 5028 ελεγεο
546 4955 832 5027 Πανταχώ
883 4956 917 5026 ἡ
949 4953 1077 5017 δόξα
1119 4950 1283 5006 αὑτοῦ
1321 4951 1530 5020 κρατεῖ.
1571 4948 1663 5018 Μὴ
1704 4946 1881 4999 τοίνυν

320 5052 458 5122 μηδὲ
488 5051 649 5121 ὑμεῖς
684 5050 742 5102 ἐν
776 5048 889 5110 τοῖς
914 5046 1108 5108 δεινοῖς
1132 5041 1495 5114 μαλακῖζεσθε
1516 5055 1533 5074 ο
1562 5039 1884 5108 δυναμωθή-

321 5144 480 5198 σεσθε
524 5143 654 5211 γὰρ,
683 5141 758 5203 ὡς
810 5138 956 5200 εἰκὸς
1001 5136 1127 5199 τοὺς
1156 5134 1402 5206 Δεσπότῃ
1453 5131 1594 5184 οὕτω
1637 5130 1882 5202 κραταιῷ

321 5235 417 5290 καὶ
452 5232 648 5301 ἐνδόξῳ
680 5227 1047 5288 δουλεύοντας.

383 5330 490 5392 Εὶς
512 5324 718 5383 πᾶσαν
742 5320 1058 5390 ὑπομονὴν
1081 5316 1178 5372 καὶ
1207 5313 1639 5386 μακροθυμίαν.
1664 5331 1682 5364 ι
1716 5315 1882 5366 Δυνα-

326 5419 586 5492 μοὺμινοι
614 5417 692 5479 εἰς
713 5416 892 5469 πᾶσαν
922 5411 1218 5480 ὑπομονὴν,
1256 5427 1275 5461 ι
1303 5410 1399 5479 τὴν
1430 5405 1564 5478 πρὸς
1586 5406 1709 5468 τοὺς
1740 5404 1842 5469 ἔξω
1866 5419 1881 5434 ο

330 5530 351 5565 ι
372 5508 771 5582 μακροθυμίαν,
798 5524 816 5557 ι
836 5503 933 5575 τὴν
951 5502 1087 5572 πρὸς
1109 5499 1394 5569 ἀλλήλους.
1408 5497 1768 5568 Μακροθυμεῖ
1788 5495 1886 5565 μέν

323 5603 432 5672 γάρ
487 5619 562 5665 τις
612 5600 748 5669 προς
798 5596 1060 5658 έκεινους,
1108 5591 1202 5656 οὓς
1250 5589 1474 5644 δυνατὸν
1528 5587 1883 5658 ἀμύνασθαι·

1967 3305 2213 3361 Operam,
2235 3286 2328 3341 sed
2362 3285 2434 3337 ita
2458 3290 2517 3335 ut
2538 3288 2591 3334 et
2612 3273 2945 3346 agnitionem
2973 3266 3066 3321 Dei
3091 3260 3334 3318 habeatis
3361 3270 3540 3325 quem-

1967 3383 2252 3439 admodum
2293 3375 2590 3435 convenit,
2644 3377 2696 3422 et
2739 3380 2843 3419 non
2897 3354 3347 3429 quemadmodum
3398 3361 3538 3401 nunc

1970 3475 2222 3532 videmini
2286 3469 2505 3525 habere.
2556 3464 2686 3530 Quae
2730 3459 2874 3513 enim
2924 3448 3280 3506 commoditas
3309 3443 3432 3495 vita:
3485 3447 3539 3489 et

1970 3563 2398 3625 conversationis
2445 3567 2659 3619 vestrm,
2720 3551 2764 3605 si
2832 3542 3092 3617 ignoretis
3159 3537 3354 3592 Filium
3410 3529 3543 3584 Dei?

1973 3662 2106 3716 \‘ide
2138 3668 2314 3711 autem
2350 3648 2620 3721 quomodo
2652 3657 2814 3711 supra
2865 3651 2957 3692 eos
2996 3629 3303 3698 cognitione
3347 3624 3542 3676 dixerit

1975 3755 2216 3821 indigere
2245 3748 2310 3800 ad
2336 3716 2438 3798 hoc
2461 3750 2520 3795 ut
2544 3740 2704 3807 digne
2731 3731 2954 3788 Domino
2980 3716 3501 3797 “Tanibularent
3526 3729 3537 3761 :

1977 3859 2121 3899 nunc
2156 3853 2346 3894 rursus
2379 3835 2547 3902 exigit
2581 3832 2647 3884 ab
2701 3828 2781 3882 eis
2829 3833 2888 3877 ut
2922 3822 3174 3873 crescant
3207 3813 3258 3864 in
3291 3804 3541 3874 operibus

1975 3935 2157 3996 bonis,
2192 3939 2252 3984 ut
2290 3927 2448 3982 simul
2487 3923 2653 3976 Deum
2685 3918 2846 3972 etiam
2887 3912 3202 3981 agnoscant.
3241 3899 3544 3964 Utrumque

1978 4025 2116 4080 enim
2151 4020 2430 4085 utriusque
2453 4022 2536 4068 est
2563 4007 2991 4064 constitutivum.

2049 4112 2208 4165 Vens.
2253 4080 2444 4160 “(In
2467 4101 2606 4154 omni
2638 4095 2869 4164 potentia
2895 4085 3206 4156 confortati.
3247 4080 3542 4147 Precamur

1977 4217 2035 4261 ut
2089 4198 2420 4271 impleamini
2469 4196 2521 4248 in
2585 4190 2733 4246 omni
2784 4185 3024 4256 potentia
3093 4172 3379 4232 confortati
3431 4170 3543 4224 :all

1978 4296 2142 4368 quid?
2180 4295 2452 4347 Adversus
2518 4283 2848 4340 tentationes
2897 4286 2951 4331 et
2998 4267 3424 4343 persecutiones,
3476 4273 3544 4312 ne

1979 4385 2242 4457 torpeatis
2276 4393 2456 4451 neque
2489 4373 2810 4444 desperetis.

2049 4443 2672 4537 éecundum-potentiam
2721 4461 2904 4532 gloria:
2947 4457 3081 4525 ejus.
3120 4452 3187 4506 Ut
3237 4443 3539 4516 huiusmodi

1911 4549 1951 4603 θ
1981 4573 2070 4624 det
2111 4566 2262 4621 vobis
2293 4532 2612 4632 potentiam,
2649 4554 2863 4622 qualem
2896 4551 3049 4603 decet
3069 4557 3191 4598 eum
3224 4541 3376 4597 dare,
3412 4532 3544 4588 inel-

1985 4661 2204 4717 fabilem
2241 4626 2584 4711 et‘inl‘mitam
2618 4646 2866 4702 videlicet
2892 4660 2904 4695 :
2927 4645 3296 4694 verumtamen
3334 4626 3542 4696 qualem

1985 4751 2234 4826 possibile
2266 4758 2349 4802 est
2379 4747 2448 4800 ab
2497 4743 2716 4798 homine
2767 4733 2958 4803 accipi.
3017 4729 3205 4798 Magna
3259 4730 3438 4776 autem
3468 4726 3545 4770 est

1984 4810 2300 4900 consolatio.
2346 4834 2462 4891 Non
2502 4833 2645 4888 enim
2681 4823 3115 4889 dixit,Ativa.p.tv,
3147 4815 3260 4878 sed,
3293 4810 3543 4874 Κράτος,

1985 4935 2124 5004 quod
2167 4931 2342 4999 majus
2370 4939 2454 4982 est
2497 4922 2682 4993 :quasi
2716 4919 2939 4980 diceret,
2986 4911 3195 4978 Ubique
3227 4904 3344 4972 ejus
3378 4899 3544 4968 gloria

1982 5027 2309 5084 dominatur.
2342 5019 2517 5073 Nolite
2546 5017 2709 5083 igitur
2737 5025 2830 5064 vos
2866 5009 2920 5061 in
2952 5000 3205 5074 periculis
3245 4996 3502 5063 languere
3530 5005 3544 5038 :

1983 5113 2420 5173 confortabimini
2438 5112 2678 5169 euim,ut
2696 5118 2790 5173 par
2815 5109 2894 5156 est
2920 5111 3015 5152 eos
3040 5093 3132 5163 qui
3163 5083 3547 5142 Domino'adeo

1992 5206 2116 5261 forti
2149 5219 2210 5258 ac
2241 5201 2439 5257 celebri
2472 5197 2737 5252 serviant.

2061 5297 2140 5350 Ad
2172 5311 2374 5350 omnem
2404 5289 2712 5360 patientiam
2736 5294 2784 5338 et
2812 5270 3283 5350 longanimitatem.
3314 5261 3547 5321 Confor-

1996 5392 2086 5446 tati
2113 5390 2177 5444 ad
2207 5401 2424 5444 omnem
2460 5382 2799 5455 patientiam,
2822 5390 2948 5445 erga
2985 5385 3079 5426 eos
3103 5365 3193 5437 qui
3229 5355 3362 5416 faris
3392 5360 3546 5415 sunt;

2000 5483 2489 5552 longanimitatem,
2528 5476 2668 5530 inter
2702 5485 2798 5525 vos
2827 5444 3036 5522 mutuo.
3069 5461 3163 5515 Est
3184 5455 3326 5511 enim
3357 5444 3551 5515 aliquis

1992 5575 2318 5645 longanimis
2364 5585 2492 5642 erga
2522 5583 2615 5625 eos
2659 5578 2793 5635 quos
2826 5557 3010 5617 ulcisci
3052 5550 3223 5624 possit
3257 5565 3269 5600 :
3323 5541 3550 5599 sustinet

1657 5721 1853 5785 Variae
1876 5717 2199 5781 lectiones.

1175 5855 1219 5888 "
1250 5852 1393 5906 οὕτω
1419 5865 1470 5906 o.

403 5863 448 5897 -"
473 5862 624 5924 τέλος
654 5875 703 5917 o.
789 5861 825 5894 “
859 5858 1022 5915 πάλαι
1048 5871 1099 5914 o.
