4220 6444
270 376 405 442 1221

1056 379 1466 440 EXPOSITIO
1511 382 1588 441 IN
1630 384 1868 443 EPIST.
1916 387 2014 446 AD
2051 389 2350 453 COLOSS.
2393 415 2452 424 ·-
2501 395 2660 455 CAP.
2705 396 2753 454 Ῑ.

3386 406 3522 471 1222

267 508 372 543 σιν.
415 487 479 541 Τί
517 486 609 541 οὖν
645 488 792 540 ἐστιν
825 489 850 540 ὅ
897 504 1060 558 φησιν
1105 491 1133 540 6
1183 490 1395 552 Παῦλος
1422 491 1535 556 νῦν,
1591 494 1724 563 πρὸς
1747 494 1844 560 τὴν
1872 523 1887 554 Α

1950 499 2184 554 cundum
2226 516 2521 569 supernam
2569 503 2730 557 etiam
2776 506 3138 566 nativitatem.
3175 511 3313 578 Quid
3361 518 3530 587 igitur

267 579 712 645 κατεπείγουσαν
743 577 998 631 ὑπόθεσιν
1029 579 1404 647 ἐνιστάμενος,
1429 583 1522 634 καὶ
1549 583 1851 638 ἀνασκευά-

268 667 378 732 ζων
421 671 519 740 τὴν
553 672 825 740 ὑπόληψιν
855 672 963 724 τῶν
995 672 1349 724 Κολοσσαέων
1377 691 1390 737 ;
1437 675 1552 727 Ἵνα
1596 677 1669 744 μὴ
1701 677 1851 745 νομί-

270 779 442 814 σωσιν
466 765 545 814 ὅτι
569 762 835 834 νεώτερός
859 765 976 816 ἐστι
1007 763 1114 816 τῶν
1146 765 1415 831 ἀγγέλων,
1454 767 1586 833 εἴγε
1613 769 1660 819 οἱ
1688 768 1849 820 πάλαι

271 853 376 921 μὲν
406 854 475 906 δι’
505 856 731 907 ἐκείνων
755 857 1120 926 προσήγοντο,
1154 856 1249 908 νῦν
1272 857 1326 908 δὲ
1363 857 1521 921 αὐτὸς
1553 861 1850 929 προσάγειν

269 943 512 1011 λέγεται·
561 945 812 1016 βούλεται
846 947 1037 1012 δεῖξαι,
1089 947 1170 999 ὅτι
1224 949 1330 1017 πρὸ
1370 949 1550 1017 πάσης
1589 951 1686 1017 τῆς
1737 950 1850 1002 κτί-

271 1033 412 1098 σεώς
443 1038 595 1089 ἐστιν
625 1038 651 1088 6
683 1036 829 1098 Υίός.
853 1036 977 1098 Πῶς
1012 1035 1120 1100 ὥν;
1155 1038 1253 1089 Διὰ
1280 1040 1612 1106 γεννήσεως.
1639 1040 1848 1092 Οὐκοῦν

268 1128 370 1180 καὶ
398 1128 505 1180 τῶν
532 1129 789 1196 ἀγγέλων
819 1129 1082 1200 πρότερος
1116 1130 1186 1194 ⁸⁸,
1218 1133 1312 1183 κα)¹
1344 1131 1537 1197 οὕτως,
1579 1131 1716 1184 ὥστε
1759 1135 1850 1186 καὶ

265 1217 430 1281 αὐτὸς
460 1221 674 1273 ἔκτισεν
704 1220 925 1282 αὐτούς.
967 1223 1106 1291 Ι’Δρα
1148 1221 1239 1274 οὖν
1270 1223 1364 1275 καὶ
1402 1223 1455 1273 εἴ
1475 1240 1526 1274 τι
1559 1223 1606 1274 οἱ
1631 1224 1848 1291 ἄγγελοι

266 1311 327 1364 ἐν
355 1313 421 1380 τῇ
449 1313 661 1382 Παλαιᾷ
688 1311 1043 1381 διηκόνησαν,
1074 1313 1239 1364 αὑτοῦ
1269 1315 1436 1365 ἐστιν.
1466 1315 1608 1385 Ὅρα
1636 1316 1727 1368 οὖν
1752 1317 1850 1386 τὴν

268 1402 464 1467 σοφίαν
495 1402 587 1454 τοῦ
632 1403 956 1468 ’Δποστόλου
986 1421 998 1433 ·
1044 1404 1160 1457 Ἵνα
1191 1405 1264 1477 μὴ
1308 1406 1566 1468 ἀκούσας,
1612 1409 1692 1459 ὃτι
1744 1409 1848 1478 πρὸ

268 1491 453 1561 πάσης
500 1494 615 1546 ἐστὶ
659 1495 758 1564 τῆς
807 1495 1064 1560 κτίσεως,
1116 1498 1355 1566 ἄναρχον
1388 1499 1548 1550 αὐτὸν
1596 1501 1846 1571 νομίσῃς,

270 1583 516 1636 διδάσκει
549 1602 631 1649 σε,
673 1586 764 1651 ,ὅτι
811 1586 1036 1656 Πατέρα
1085 1586 1222 1655 ἔχει,
1275 1589 1370 1640 καὶ
1419 1588 1475 1653 ἐξ
1519 1590 1684 1642 αὐτοῦ
1732 1593 1848 1642 ἐστι

267 1676 556 1743 γεννητὸς.
604 1675 825 1746 Ἐπειδὴ
867 1678 973 1748 γὰρ
1009 1680 1102 1730 καὶ
1151 1678 1313 1742 αὐτὸς
1359 1681 1450 1731 καὶ
1486 1680 1554 1732 τὰ
1583 1682 1760 1734 πάντα
1785 1683 1847 1733 ἐκ

262 1765 360 1817 τοῦ
387 1767 543 1832 Θεοῦ,
579 1769 713 1820 αὐτὸ
736 1771 894 1823 τοῦτο
917 1770 1213 1836 δείκνυσιν,
1249 1771 1328 1823 ὅτι
1354 1770 1512 1834 ἄλλος
1543 1767 1717 1836 οὗτος,
1749 1773 1844 1826 καὶ

263 1854 426 1908 ἄλλος
464 1858 668 1919 ἐκεῖνος
691 1856 770 1890 ⁸⁸⁸
803 1862 895 1912 καὶ
921 1860 1002 1912 ὅτι
1037 1859 1063 1911 6
1090 1861 1208 1930 μὲν,
1242 1860 1316 1922 ὡς
1359 1862 1421 1913 ὲκ
1445 1863 1656 1930 Πατρός
1679 1863 1838 1925 Υίός·

262 1947 334 1998 τὰ
366 1949 440 2012 δὲ,
473 1949 548 2010 ὼς
583 1950 862 2020 κτίσματα
907 1952 974 2004 δι’
1001 1951 1167 2005 αὑτοῦ
1199 1951 1394 2004 τούτου
1434 1953 1528 2004 τοῦ
1562 1953 1694 2004 Υίοῦ
1725 1971 1844 2006 κτισ-

261 2038 480 2092 σθέντα.
520 2040 803 2112 Ἐπιφέρει
826 2042 919 2096 οὖν
940 2059 953 2073 ·

336 2216 454 2268 ’Ὁτι
493 2217 562 2269 ἐν
593 2217 752 2284 αὐτῷ
805 2221 1051 2290 ἐκτίσθη
1100 2226 1169 2277 τὰ
1221 2224 1441 2290 πάντα,
1500 2222 1571 2277 τὰ
1608 2224 1677 2276 ἐν
1717 2222 1843 2286 τοῖς

251 2311 558 2378 οὐρανοῖς,
594 2314 693 2366 καὶ
722 2314 793 2367 τὰ
821 2316 920 2370 ἐπὶ
948 2317 1060 2384 τῆς
1087 2318 1220 2387 γῆς.
1256 2320 1348 2384 Τὸ,
1372 2319 1474 2371 Ἐν
1511 2319 1691 2384 αὐτῷ,
1721 2320 1843 2372 ἀντὶ

255 2404 373 2466 τοῦ,
406 2406 472 2456 δι’
507 2407 806 2471 αὑτοῦ.,ὼς
835 2411 994 2473 αὐτὸς
1028 2412 1225 2482 ἑφεξῆς
1251 2412 1412 2475 δείξει
1437 2413 1503 2465 ⁸⁷.
1559 2414 1731 2480 Ὅπερ
1779 2412 1836 2464 δὲ

255 2496 564 2562 ἀμφίϐολον
593 2493 680 2568 ἦν,
717 2501 777 2552 τὸ
823 2503 954 2571 περὶ
991 2503 1097 2555 τῶν
1147 2506 1205 2556 ὲν
1238 2505 1507 2573 οὐρανοῖς,
1555 2502 1713 2555 τοῦτο
1754 2503 1842 2556 τέ-

258 2585 411 2639 Θεικε
444 2590 680 2660 πρῶτον.
722 2593 781 2644 Et
826 2593 918 2647 οὖν
950 2597 996 2646 οἱ
1029 2596 1250 2663 ἄγγελοι
1284 2596 1350 2648 δι’
1376 2595 1542 2649 αὐτοῦ
1585 2595 1838 2666 ἐκτίσθη-

255 2693 380 2743 σαν,
423 2679 538 2743 πῶς
572 2683 821 2753 πρότεροι
854 2684 1020 2735 αὐτοῦ
1047 2701 1061 2749 ;

334 2849 408 2903 Τὰ
451 2853 653 2919 ὁρατὰ,
694 2853 792 2906 καὶ
839 2856 908 2908 τὰ
963 2856 1206 2922 ἀόρατα,
1263 2855 1384 2909 εἴτε
1441 2857 1658 2923 Optime,
1718 2859 1837 2912 εἴτε

252 2944 620 3008 κυριότητες,
645 2944 764 2996 εἴτε
792 2945 990 3013 ἀρχαί,
1024 2946 1142 2998 εἴτε
1164 2947 1457 3010 ἐξουσίαι.
1482 2947 1553 2996 Τὸ
1583 2947 1836 3000 λεπτολο-

253 3035 372 3098 γεῖν
409 3037 534 3103 περὶ
564 3034 672 3086 τῶν
705 3036 918 3102 ὁρατῶν
955 3038 1141 3105 ἀφεὶς,
1191 3037 1264 3099 ὡς
1296 3036 1680 3107 άναμφίϐολον,
1709 3039 1836 3110 περὶ

250 3123 347 3175 τοῦ
375 3124 869 3195 ἅμφιὸαλλομένου,
889 3128 996 3180 τῶν
1021 3128 1283 3200 ἀοράτων,
1308 3130 1471 3197 φημὶ,
1492 3129 1633 3181 κατὰ
1664 3131 1827 3199 μέρος

250 3213 526 3276 διέξεισιν.
556 3218 630 3268 Οὐ
665 3217 872 3280 πάντας
903 3219 959 3270 δὲ
991 3221 1116 3280 τοὺς
1148 3219 1259 3272 ἅνω
1289 3219 1616 3289 διακόσμους
1653 3221 1833 3285 ίδικῶς

251 3303 516 3370 τέθεικεν,
552 3307 648 3359 at:
702 3308 809 3359 ἀπὸ
857 3308 965 3362 τῶν
1000 3309 1264 3378 μειζόνων
1316 3310 1410 3360 καὶ
1448 3310 1515 3361 τὰ
1571 3311 1833 3365 ἐλάττονα

251 3390 445 3462 [τιθεὶς
477 3394 596 3467 καὶ]
628 3396 858 3460 δεικνύς.
909 3399 1138 3468 Ἀόρατα
1170 3399 1276 3466 γὰρ
1295 3399 1486 3468 δήπου,
1512 3399 1607 3451 καὶ
1626 3401 1832 3470 ἀρχάγ-

249 3485 399 3550 γελοι
421 3488 510 3538 καὶ
535 3487 777 3556 ἄγγελοι,
811 3492 905 3542 καὶ
951 3492 1005 3543 αἱ
1047 3491 1312 3561 ἡμέτεραι
1341 3491 1531 3561 ψυχαί*
1559 3491 1698 3544 ὥστε
1726 3492 1833 3545 άπὸ

247 3577 478 3629 ἐκείνων
511 3579 602 3630 καὶ
633 3581 762 3649 περὶ
801 3579 1006 3632 τούτων
1033 3580 1209 3648 δῆλον.

327 3667 402 3718 Τὰ
434 3668 630 3721 πάντα
675 3669 750 3722 δι’
799 3670 983 3726 αὑτοῦ
1033 3670 1130 3722 καὶ
1168 3672 1255 3734 εἰς
1305 3672 1491 3722 αὑτὸν
1542 3671 1826 3726 ἔκτισται.

261 3758 394 3811 Ἰδοὺ
443 3761 581 3829 ὅπερ
631 3762 890 3831 ἀνωτέρω
947 3759 1120 3826 εἶπεν,
1163 3761 1264 3814 Ἐν
1305 3763 1485 3828 αὐτῷ,
1537 3763 1692 3816 τοῦτο
1737 3765 1830 3818 νῦν

252 3851 422 3917 ὶέγει,
463 3854 542 3906 Δι’
584 3852 791 3905 αὐτοῦ’
821 3854 967 3905 καΟὰ
1010 3855 1102 3905 καὶ
1149 3853 1177 3903 ὁ
1221 3855 1609 3926 εὐαγγελιστὴς
1652 3857 1831 3909 Ἰωάν-

246 3957 365 4011 νηςο
412 3943 617 3995 Πάντα
672 3943 747 3994 δι’
808 3943 996 3996 αὑτοῦ
1049 3944 1304 4012 ἐγένετο.
1363 3977 1434 3985 -
1490 3948 1693 3998 Πάντα
1743 3947 1826 4013 δὲ,

243 4031 436 4096 εἰπὼν,
484 4033 544 4084 οὐ
598 4034 1001 4105 συμπεριὲλαὸε
1061 4037 1120 4086 τὸ
1180 4036 1431 4106 Πνεῦμα.
1480 4037 1567 4100 ΟὑΙ
1602 4038 1710 4107 γὰρ
1773 4037 1830 4090 ἓν

245 4122 358 4172 τῶν
411 4124 629 4176 πάντων
676 4125 795 4175 ἐστὶ
840 4125 899 4176 τὸ
942 4124 1189 4193 Πνεῦμα,
1243 4127 1355 4178 ἀλλ’
1400 4126 1466 4179 ’ἓν
1525 4127 1826 4192 ἀπολύτως,

242 4215 434 4280 ὥσπερ
481 4209 559 4276 εἷς
607 4217 760 4279 Θεὸς,
811 4217 905 4269 καὶ
957 4211 1037 4278 εἷς
1085 4217 1308 4286 Κύριος.
1360 4219 1563 4271 Πάντα
1607 4218 1699 4271 οὖν
1731 4221 1829 4272 ὅσα

246 4312 434 4374 γέγονε
457 4347 471 4371 ,
528 4308 601 4360 δι’
631 4308 816 4361 αὑτοῦ
862 4308 1148 4361 ἔκτισται.
1197 4307 1348 4375 Εἶτα,
1380 4311 1465 4363 ἵνα
1504 4313 1576 4381 μὴ
1605 4312 1829 4384 νομίσῃς

246 4402 516 4472 ὑπουργὸν
550 4403 710 4454 αὐτὸν
767 4398 926 4465 εἶναι,
978 4400 1087 4454 Kal
1117 4404 1203 4467 εἰς
1242 4405 1448 4469 αὐτὸν,
1484 4404 1637 4473 φησι,
1676 4420 1830 4456 τουτ-

244 4493 414 4557 έστιν,
446 4497 524 4555 εἰς
571 4492 731 4545 αὐτὸν
764 4493 1035 4563 κρέμαται
1073 4494 1140 4546 τὰ
1172 4495 1368 4547 πάντα.

244 4588 500 4656 ἐποίησεν
549 4586 730 4650 αὐτὸς,
767 4588 902 4640 ἀλλὰ
957 4588 1050 4640 καὶ
1080 4588 1242 4651 αὐτὸς
1305 4590 1446 4641 αὐτὰ
1479 4593 1817 4658 συγκρατεῖ,

245 4677 386 4730 ὥστε
422 4678 487 4729 ἂν
537 4677 828 4748 ἀποσπαθῇ
867 4678 965 4746 τῆς
1001 4679 1165 4731 αὑτοῦ
1203 4680 1480 4748 προνοίας,
1521 4682 1818 4737 ἀπόλωλεν.

245 4770 361 4823 Οὐκ
413 4765 534 4821 εἷπε
582 4768 658 4833 δὲ,
710 4770 1024 4839 Διακρατεῖ,
1078 4770 1211 4823 ἀλλὰ
1253 4772 1311 4824 τὸ
1356 4772 1693 4846 λεπτότερον,
1727 4775 1822 4838 Εἰς

245 4863 410 4916 αὐτὸν
442 4860 697 4916 ἁπονεύει
727 4863 822 4912 καὶ
877 4861 1172 4930 κρέμαται·
1214 4864 1309 4916 καὶ
1357 4865 1515 4917 τοῦτο
1560 4865 1717 4935 μόνον
1759 4868 1822 4918 τὸ

245 4957 381 5026 πρὸς
432 4953 593 5008 αὐτὸν
639 4953 945 5018 ἀπονεύειν,
994 4954 1180 5008 ἱκανόν
1215 4958 1332 5010 ἐστι
1372 4957 1685 5027 διακρατεῖν
1721 4960 1816 5010 καὶ

245 5047 566 5115 συσφίγγειν
613 5046 769 5099 αὐτά.
809 5045 979 5098 Τοῦτο
1011 5046 1067 5099 δὲ
1100 5049 1198 5117 οὐχ
1224 5043 1389 5118 ἦττον
1419 5049 1512 5103 τοῦ
1557 5051 1819 5120 δημιουρ-

245 5140 413 5209 γῆσαί
447 5143 584 5192 ἐστι·
620 5139 818 5209 μᾶλλον
844 5140 899 5191 δὲ
921 5141 1041 5194 ὅσον
1065 5141 1174 5194 ἀπὸ
1201 5141 1308 5192 τῶν
1340 5143 1461 5196 καθ’
1501 5145 1669 5213 ἡμᾶς,
1725 5145 1819 5197 καὶ

245 5232 450 5299 μεῖζον.
488 5232 596 5284 Καὶ
621 5232 730 5301 γὰρ
760 5231 918 5301 ἡμεῖς
949 5233 1292 5302 ἐργαζόμεθα
1319 5235 1415 5303 μὲν
1449 5236 1684 5304 ἱμάτιον,
1716 5255 1808 5290 τυ-

241 5325 355 5388 χὸν,
392 5321 423 5388 ἢ
453 5323 676 5388 οἴκημα·
716 5321 1048 5390 συντηρῆσαι
1081 5321 1138 5372 δὲ
1168 5324 1274 5375 ἀπὸ
1305 5324 1400 5392 τῆς
1435 5325 1640 5395 φθορᾶς
1684 5329 1815 5381 αὐτὸ

237 5414 300 5463 οὐ
326 5413 616 5480 δυνάμεθαο
641 5412 800 5475 αὐτὸς
825 5413 880 5465 δὲ
910 5415 998 5464 καὶ
1028 5414 1249 5485 ἐποίησε
1279 5417 1371 5467 καὶ
1400 5423 1667 5487 συντηρεί.

349 5593 362 5634 l
405 5585 559 5640 .Ioan.
597 5605 631 5653 Ι,
652 5589 701 5643 5.

1955 599 2039 644 est
2069 593 2210 658 quod
2247 592 2452 648 Paulus
2483 603 2860 664 argumentum
2899 615 3004 668 quo
3035 604 3328 672 urgebatur
3353 608 3531 679 impu-

1954 684 2192 750 gnando,
2282 686 2796 759 Colossensiumque
2879 693 3187 760 Opinionem
3246 700 3532 757 relutando

1953 789 2099 828 nunc
2138 775 2312 829 dicit?
2343 776 2420 831 Nc
2453 780 2763 833 existiment
2792 781 3072 837 Christum
3117 801 3236 842 esse
3259 789 3528 855 juniorem

1953 867 2200 936 angelis;
2261 869 2698 938 quandoquidem
2735 884 2944 930 veteres
2991 878 3208 944 quidem
3260 896 3355 948 per
3409 885 3530 939 illos

1954 959 2369 1014 adducebantur
2417 964 2483 1016 ad
2520 961 2715 1027 Deum,
2751 980 2892 1019 nunc
2923 981 3050 1022 vero
3100 969 3215 1037 ipse
3265 973 3533 1030 adducere

1953 1050 2183 1114 dicitur,
2247 1052 2362 1107 vult
2422 1065 2886 1122 commonstrare,
2942 1061 3084 1126 quod
3137 1071 3261 1117 ante
3313 1080 3531 1119 onmem

1953 1154 2280 1209 creaturam,
2317 1148 2561 1216 adeoque
2609 1149 2888 1203 conditum
2937 1153 3194 1205 mundum
3233 1155 3302 1209 sit
3334 1157 3532 1217 Filius.

1951 1234 2232 1300 Quomodo
2280 1236 2442 1291 ?Per
2499 1240 2923 1308 generationem.
2999 1243 3176 1308 Quare
3215 1253 3268 1297 et
3322 1249 3529 1316 angelis

1951 1337 2035 1380 est
2067 1327 2235 1396 prior,
2264 1337 2427 1398 atque
2459 1329 2556 1392 ita,
2588 1341 2645 1383 ut
2675 1341 2727 1385 et
2756 1333 2871 1401 ipse
2891 1347 2986 1388 cos
3014 1335 3334 1391 condiderit.
3363 1338 3532 1406 Igitur

1952 1419 1994 1471 si
2019 1419 2146 1486 quid
2183 1419 2357 1489 angeli
2391 1419 2446 1473 in
2474 1419 2654 1475 Veteri
2687 1421 3035 1479 Testamento
3057 1427 3524 1494 administrarunt,

1953 1509 2125 1577 ipsius
2155 1519 2256 1562 est.
2298 1509 2635 1578 Sapientiam
2676 1513 2856 1582 itaque
2891 1516 3130 1584 Apostoli
3162 1518 3249 1570 bic
3277 1520 3528 1574 animad-

1952 1613 2118 1655 verte.
2169 1601 2248 1654 Ne
2286 1603 2590 1667 arbitreris,
2623 1619 2741 1657 cum
2775 1606 2931 1659 audis
2978 1624 3101 1661 eum
3152 1621 3277 1663 ante
3310 1625 3528 1665 Omnem

1953 1706 2069 1745 esse
2126 1702 2455 1756 creaturam,
2492 1705 2773 1763 propterea
2815 1712 3003 1752 carere
3048 1700 3333 1769 principio,
3372 1705 3530 1758 docnt

1955 1793 2004 1836 te
2026 1784 2167 1852 quod
2200 1782 2415 1838 Patrem
2448 1785 2660 1850 habeat,
2697 1797 2750 1840 et
2777 1788 2842 1840 ab
2869 1789 2985 1856 ipso
3015 1798 3099 1844 est
3129 1792 3361 1860 genitus.
3390 1794 3525 1848 Cum

1947 1876 2091 1930 enim
2124 1886 2178 1930 et
2210 1878 2323 1944 ipse
2353 1887 2405 1930 et
2436 1879 2616 1932 omnia
2643 1894 2706 1932 cx
2751 1881 2860 1935 Deo
2896 1883 3023 1947 sint,
3059 1885 3185 1937 illud
3232 1886 3404 1953 ipsum
3439 1888 3526 1940 iu-

1947 1969 2117 2030 dicat,
2161 1970 2303 2034 quod
2346 1968 2487 2023 alius
2528 1969 2649 2035 iste,
2700 1980 2751 2024 et
2783 1973 2918 2026 alius
2959 1974 3070 2038 ille,
3107 1986 3161 2028 et
3208 1980 3349 2044 quod
3399 1980 3524 2042 istc,

1945 2074 2041 2112 ceu
2077 2075 2142 2113 ex
2173 2057 2336 2114 Patre
2364 2059 2534 2114 Filius
2572 2078 2584 2114 :
2618 2063 2734 2116 haec
2792 2078 2940 2129 vero,
2984 2080 3079 2118 ccu
3133 2079 3394 2122 creaturae
3431 2086 3526 2139 per

1944 2153 2086 2207 hunc
2116 2155 2286 2221 ipsum
2326 2151 2520 2208 Filium
2555 2156 2807 2210 conditas.
2838 2155 3007 2211 Infert
3048 2160 3210 2228 igitur
3239 2178 3251 2212 :

2012 2242 2170 2312 471
2210 2242 2371 2296 Vens.
2415 2244 2500 2297 16.
2555 2244 2813 2307 Quoniam
2869 2249 2920 2300 in
2968 2249 3080 2316 ipso
3131 2252 3342 2304 condita
3400 2262 3523 2306 sunt

1942 2336 2183 2386 universa
2210 2350 2325 2404 qua:
2353 2345 2474 2388 sunt
2518 2337 2573 2388 in
2613 2337 2774 2403 ralis,
2806 2349 2852 2392 et
2891 2356 3008 2408 quae
3038 2343 3090 2394 in
3129 2353 3290 2399 terra.
3347 2377 3414 2387 —-
3457 2344 3524 2398 In

1941 2426 2075 2493 ipso,
2113 2435 2197 2480 est
2230 2442 2344 2494 pro,
2384 2442 2481 2494 per
2515 2428 2711 2497 ipsum,
2744 2431 2966 2496 perinde
2998 2447 3061 2486 ac
3089 2433 3139 2486 in
3170 2439 3523 2504 sequentibus

1941 2520 2056 2588 ipsc
2099 2519 2378 2572 indicabit.
2418 2521 2569 2586 Quod
2607 2530 2785 2575 autem
2822 2524 3127 2592 ambiguum
3159 2537 3295 2590 erat,
3329 2529 3395 2583 de
3437 2546 3524 2584 re-

1937 2612 2038 2665 bus
2086 2625 2279 2679 nempe
2326 2611 2656 2678 coelestibus,
2709 2616 2941 2682 primum
2987 2618 3184 2684 posuit.
3246 2619 3302 2674 Si
3357 2622 3526 2691 igitur

1937 2704 2113 2772 angeli
2147 2717 2243 2772 per
2274 2719 2396 2758 eum
2433 2706 2635 2760 conditi
2668 2715 2812 2773 sunt,
2848 2710 3116 2778 quomodo
3154 2723 3281 2765 sunt
3311 2715 3521 2780 priores

1937 2795 2091 2865 ipso?

2018 2886 2277 2954 Visibilia,
2320 2898 2370 2942 et
2407 2890 2718 2954 invisibilia,
2760 2893 2865 2946 sive
2901 2893 3096 2957 throni,
3135 2895 3242 2948 sive
3274 2897 3522 2950 domina-

1936 2980 2121 3044 tiones,
2149 2981 2252 3034 sive
2277 2983 2622 3050 principatus,
2655 2983 2760 3035 sive
2789 2993 3091 3051 potestates.
3119 2984 3194 3039 De
3215 2987 3522 3044 visibilibus

1939 3069 2205 3123 subtiliter
2255 3070 2401 3139 loqui
2453 3073 2893 3141 praetermittens,
2940 3084 2996 3128 ut
3048 3077 3112 3130 de
3144 3077 3341 3144 quibus
3386 3080 3522 3133 nihil

1857 3176 1901 3237 ρ
1939 3168 2082 3212 esset
2110 3163 2521 3226 controversiae,
2557 3162 2620 3216 de
2653 3164 2935 3232 ambiguis,
2969 3164 3330 3221 invisibilibus
3361 3169 3521 3222 nimi-

1938 3266 2078 3314 rum,
2111 3253 2393 3321 speciatim
2422 3253 2659 3308 disserit.
2689 3253 2803 3308 Non
2833 3266 3008 3308 tamen
3037 3271 3223 3311 omnes
3252 3273 3518 3327 supernos

1935 3351 2159 3396 ornatus
2189 3344 2460 3413 sigillatim
2489 3345 2688 3412 posuit,
2721 3346 2916 3414 quippe
2945 3347 3089 3415 quod
3121 3362 3188 3401 ex
3215 3347 3515 3414 majoribus

1937 3434 2141 3487 minora
2171 3437 2332 3489 etiam
2358 3436 2615 3489 ostendit.
2646 3435 2937 3490 lnvisibilia
2966 3439 3217 3492 nimirum
3249 3450 3370 3492 sunt
3392 3455 3515 3494 cum

1936 3526 2274 3595 archangeli,
2314 3538 2423 3579 tum
2469 3529 2665 3597 angeli,
2693 3530 2992 3597 animaeque
3030 3542 3248 3585 nostrae.
3285 3531 3517 3588 Proinde

1934 3633 1997 3670 ex
2031 3618 2134 3671 illis
2168 3619 2232 3671 de
2269 3618 2387 3672 istis
2419 3620 2581 3672 etiam
2613 3619 2903 3675 manifeste
2933 3621 3224 3692 colligitur.

2006 3707 2198 3761 Omnia
2240 3725 2330 3774 per
2377 3710 2548 3776 ipsum
2595 3719 2642 3761 et
2675 3711 2729 3761 in
2763 3712 2932 3778 ipsum
2980 3722 3102 3766 sunt
3135 3716 3371 3770 condita.
3408 3717 3514 3784 En,

1934 3799 2075 3866 quod
2100 3813 2262 3867 supra
2289 3799 2445 3864 dixit,
2466 3799 2528 3852 In
2552 3801 2686 3867 ipso,
2712 3801 2844 3870 jam,
2881 3801 2982 3854 Per
3013 3804 3201 3871 ipsum,
3228 3807 3304 3860 ait
3330 3825 3344 3861 :
3376 3811 3516 3863 sicut

1933 3899 1988 3945 et
2046 3889 2388 3959 Evangelista
2436 3891 2672 3947 Joannes
2711 3911 2723 3946 :
2775 3893 2965 3946 Omnia
3007 3913 3098 3961 per
3145 3898 3318 3964 ipsum
3370 3901 3513 3969 facta

1932 3990 2051 4033 sunt
2081 3979 2126 4032 i.
2162 4010 2232 4021 —-
2266 3981 2456 4035 Omnia
2485 3992 2660 4035 autem
2717 3984 2920 4050 dicens,
2957 3984 3214 4052 Spiritum
3241 4005 3342 4043 non
3367 4007 3513 4045 com-

1934 4073 2216 4140 prehendit
2260 4091 2272 4126 :
2333 4088 2436 4125 non
2490 4073 2631 4126 enim
2693 4073 2928 4141 Spiritus
2976 4091 3115 4130 unus
3160 4089 3241 4132 est
3286 4095 3351 4133 ex
3407 4082 3510 4138 illis

1933 4165 2200 4224 omnibus,
2248 4165 2341 4224 sed,
2395 4178 2532 4216 unus
2591 4174 2671 4218 est
2729 4165 2994 4229 absolute,
3057 4171 3507 4234 quemadmodum

1933 4270 2068 4306 unus
2101 4253 2238 4306 Deus
2268 4263 2320 4307 et
2356 4269 2491 4308 unus
2515 4254 2792 4309 Dominus.
2831 4258 3021 4309 Omnia
3056 4259 3218 4324 igitur
3249 4276 3507 4328 qttmcun-

1932 4360 2034 4412 que
2065 4345 2204 4399 facta
2243 4354 2386 4411 sunt,
2425 4362 2516 4414 per
2544 4347 2714 4414 ipsum
2741 4356 2864 4400 sunt
2909 4351 3143 4403 condita.
3181 4349 3404 4416 Deinde,
3442 4371 3507 4408 ne

1933 4446 2086 4504 putes
2138 4438 2309 4505 ipsum
2368 4452 2491 4492 esse
2550 4439 2852 4492 ministrum
2909 4439 2991 4493 vel
3041 4441 3502 4510 subconditorem,

1420 4496 1528 4601 ξίαὶ
1565 4497 1625 4547 οὐ
1655 4496 1816 4601 μόνξθν
1843 4511 1896 4570 Ῑ)
1923 4496 2123 4594 adjicit,
2158 4496 2204 4580 et
2243 4529 2298 4580 in
2332 4528 2526 4596 ipsum,
2560 4528 2610 4581 id
2641 4539 2743 4593 est,
2787 4531 2855 4584 ab
2889 4531 3007 4599 ipso
3041 4535 3272 4601 pcstdent
3301 4496 3501 4591 omnia:

1927 4618 2036 4671 Nec
2085 4619 2201 4686 ipse
2225 4634 2286 4672 ea
2327 4628 2532 4672 tantum
2563 4620 2835 4683 condidit,
2869 4636 3054 4676 verum
3091 4625 3254 4676 etiam
3292 4640 3354 4678 ea
3391 4628 3506 4693 ipse

1928 4710 2189 4775 continet,
2236 4711 2309 4764 ita
2346 4720 2402 4763 ut
2448 4711 2490 4765 si
2539 4712 2606 4764 ab
2649 4711 2763 4778 ejus
2797 4713 3130 4782 providentia
3181 4715 3500 4783 avellantur,

1928 4809 2170 4869 pereant.
2201 4798 2315 4853 Non
2352 4801 2486 4853 dixit
2511 4813 2686 4854 autem
2717 4803 3026 4872 Διακρατεῖ,
3060 4803 3111 4856 id
3171 4815 3252 4858 est
3283 4819 3503 4860 conser-

1931 4899 2037 4950 vat,
2079 4889 2171 4945 sed
2200 4893 2340 4958 quod
2367 4890 2613 4944 subtilius
2645 4901 2746 4956 est,
2781 4891 2840 4945 In
2877 4895 3049 4961 ipsum
3078 4905 3327 4964 vergunt,
3354 4907 3406 4949 et
3435 4899 3502 4951 ab

1925 5001 1990 5040 eo
2023 4990 2273 5054 pendent.
2329 4988 2504 5055 Atque
2565 4987 2665 5042 boc
2711 4987 2880 5041 solum
2929 4989 2979 5042 in
3031 5005 3152 5043 eum
3208 4994 3496 5062 respicere,

1927 5081 2057 5133 satis
2090 5088 2173 5131 cst
2205 5089 2259 5132 ut
2290 5084 2564 5134 contineat
2590 5090 2643 5134 et
2678 5080 3012 5147 constringat
3048 5082 3155 5135 illa.
3186 5082 3295 5137 Hoc
3318 5098 3496 5139 autem

1925 5187 2025 5223 nou
2060 5172 2235 5223 minus
2265 5180 2347 5225 est
2379 5186 2539 5239 quam
2562 5187 2748 5226 creare
2777 5191 2789 5225 :
2827 5171 2937 5226 imo
2965 5174 3142 5242 potius
3170 5176 3345 5243 quoad
3375 5193 3492 5241 nos,

1921 5273 1974 5315 et
2014 5262 2186 5332 majus
2230 5273 2332 5317 est.
2380 5262 2587 5317 Etenim
2630 5279 2730 5318 nos
2759 5265 3076 5320 conficimus
3117 5267 3335 5335 pallium
3381 5267 3493 5321 for-

1921 5363 2082 5419 tasse,
2114 5354 2200 5407 vel
2235 5355 2450 5408 domum
2479 5370 2492 5408 :
2525 5369 2848 5411 conservare
2879 5365 3054 5411 autem
3097 5357 3268 5426 ipsum
3295 5362 3340 5413 'a
3373 5375 3496 5412 cor-

1921 5446 2166 5512 rttptione
2215 5460 2320 5499 non
2361 5458 2668 5514 possumus.
2709 5445 2828 5516 lpse
2860 5461 2986 5503 vero
3024 5457 3076 5504 et
3108 5447 3232 5503 fecit
3275 5459 3327 5502 et
3366 5464 3494 5506 cou-

1917 5547 2113 5588 SCI'Véli.

1579 5693 1776 5755 Varia:
1797 5694 2119 5759 lectiones.

310 5791 352 5820 ³⁵
383 5788 602 5859 πρώτης
628 5804 679 5845 ο.
793 5790 838 5821 ⁸⁸
867 5789 954 5843 la.
1004 5790 1136 5842 ἄλλα
1188 5793 1373 5845 ἐκεῖνα
1427 5809 1479 5847 ο.

1593 5797 1635 5827 ετ
1667 5798 1818 5866 δηλοῖ
1861 5815 1912 5852 o.
