4220 6444
215 416 355 478 Ῑῖἓθ
984 413 1388 471 ΕΧΙῸΞΙῚῚΟ
1433 411 1505 468 ΙΝ
1547 407 1782 467 EPIST.
1825 406 1881 461 A‘

1825 406 1924 464 AD
1962 405 2259 465 COLOSS.
2299 432 2361 441 -
2392 408 2549 465 CAP.
2588 408 2636 466 Ῐ.
3323 406 3457 467 1230

204 527 584 590 πιστευθέντος
607 528 726 598 ἤδη.
747 529 907 580 Ὥστε
927 527 1252 597 αἰσχύνθητε
1296 529 1387 580 καὶ
1426 527 1651 578 ἑαυτοὺς
1685 524 1777 575 καὶ
1809 529 1847 578 Α

1809 529 1847 578 Α
1882 525 1977 576 hoc
2005 534 2105 588 est,
2139 524 2406 592 quodjam
2430 537 2516 575 cre
2539 523 2690 574 lituzn
2718 532 2817 574 est.
2859 519 3019 592 475
3049 519 3229 589 inque
3257 525 3456 590 pudore

201 624 414 684 πάντας
437 621 626 683 ἄλλους
649 619 987 689 ἀνθρώπους,
1034 621 1235 687 ἑτέρως
1277 620 1618 680 πιστεύοντες
1650 618 1716 669 Μ.

1887 615 2097 669 allicitis
2145 627 2198 669 et
2236 631 2351 685 vos,
2404 625 2457 667 et
2509 629 2696 668 omnes
2733 613 2861 666 alios
2915 615 3181 675 homines,
3217 615 3256 665 si
3304 615 3452 667 aliter

281 791 361 848 Οὖ
388 794 682 862 ἐγενόμην
717 791 830 861 ἐγὼ
877 793 1115 858 Παῦλος
1149 794 1447 858 διάκονος.
1488 796 1524 845 κ
1540 798 1591 845 αἰ
1630 795 1780 846 τοῦτο

201 891 284 944 εἰς
316 886 660 950 ἀξιοπιστίαν
695 887 935 942 συντελεῖ
954 887 998 917 ’θ
1031 886 1122 938 τοῦ
1153 887 1505 953 Εὑαγγελίου,
1539 888 1596 938 τὸ
1625 888 1780 938 αὑτὸν

201 979 417 1032 Παῦλον
464 974 602 1030 εἶναι
635 979 875 1048 κήρυκα.
909 977 1065 1043 Μέγα
1118 979 1224 1047 γάρ
1278 979 1336 1031 τὸ
1382 980 1549 1031 αὑτοῦ
1590 979 1778 1048 ενομα,

211 1068 493 1139 πανταχοῦ
523 1068 809 1138 ᾀδομένου,
849 1068 942 1120 καὶ
974 1070 1071 1137 τὴν
1106 1070 1431 1140 οἰκουμένην
1460 1071 1780 1139 περιλαϐόνο

200 1179 296 1224 τος
332 1162 538 1214 λοιπόν.
574 1161 831 1214 Διάκονον
888 1160 943 1213 δὲ
998 1161 1186 1214 ἑαυτὸν
1217 1161 1409 1225 εἰπὼν,
1447 1164 1647 1230 μᾶλλον
1681 1166 1784 1217 αῦ-

211 1256 332 1316 τοῦς
364 1253 596 1306 συνωθεῖ
630 1256 709 1316 εἰς
742 1254 803 1304 τὸ
855 1253 1162 1322 πεισθῆναι.
1201 1255 1274 1306 Οὐ
1311 1256 1418 1324 γὰρ
1453 1255 1591 1323 spat,
1626 1258 1780 1324 φησὶ,

200 1347 372 1412 λέγω.
406 1347 521 1400 ἀλλ’
555 1348 726 1417 ἑτέρῳ
763 1347 1021 1413 διακονῶ,
1063 1347 1140 1416 τῷ
1187 1346 1305 1414 Θεῷ
1346 1347 1565 1416 δηλαδή.
1621 1349 1781 1399 Ὥστε

195 1437 395 1505 ἐκείνῳ
440 1435 821 1505 πεισθήσεσθε.

270 1530 400 1582 Νῦν
431 1531 617 1597 χαίρω
649 1530 717 1583 ἐν
741 1531 865 1595 τοῖς
899 1529 1211 1596 παθήμασί
1250 1539 1368 1598 μοὶν
1396 1532 1548 1595 ὑπὲρ
1595 1530 1776 1599 ὑμῶν.

195 1624 358 1671 Δοκεῖ
392 1621 488 1688 μὲν
523 1622 887 1675 ἀνακόλουθον
919 1619 1060 1673 εἶναι
1090 1621 1246 1674 τοῦτο
1271 1638 1282 1649 ·
1322 1621 1437 1673 ἔστι
1468 1621 1524 1672 δὲ
1555 1623 1784 1674 ἀκόλου-

203 1713 297 1764 θον
335 1714 563 1782 στόδδοα.
621 1715 843 1779 Ἐπειδὴ
878 1715 985 1784 γὰρ
1032 1711 1207 1774 εἶπεν,
1239 1715 1320 1766 ὃτι
1373 1714 1623 1775 Διάκονος
1662 1715 1783 1780 ἐγε-

197 1807 373 1872 νόμην
407 1805 505 1856 τοῦ
537 1805 871 1872 Εὑαγγελίου
898 1849 912 1870 ,
945 1801 1006 1860 οὗ
1046 1809 1119 1877 μὴ
1150 1809 1400 1861 ἐκπεσεῖν
1449 1809 1593 1877 ὑμᾶς
1624 1806 1778 1870 ἀξιῶ,

193 1897 493 1962 δείκνυσιν,
546 1897 630 1948 ὅτι
672 1896 938 1949 Τοσοῦτον
990 1900 1137 1950 ἐστιν
1203 1900 1437 1966 ἀληθὲς,
1494 1899 1633 1951 ὥστε
1683 1901 1777 1951 καὶ

195 1988 393 2056 πάσχω
426 1990 565 2059 ὑπὲρ
599 1989 788 2042 τούτου
811 2007 822 2019 ·
864 1989 957 2042 καὶ
985 1991 1043 2042 οὐ
1080 1991 1240 2059 μόνον
1272 1993 1484 2060 πάσχω,
1519 1993 1651 2043 ἀλλᾶ
1685 1995 1777 2045 καὶ

200 2081 383 2148 χαίρω
419 2082 476 2132 ὲν
515 2084 626 2142 τοῖς
673 2082 984 2151 παθήμασι.
1042 2083 1123 2133 Τὰ
1153 2083 1207 2135 δὲ
1261 2084 1556 2154 παθήματα
1604 2085 1775 2136 ταῦτα

197 2173 342 2241 ὑπὲρ
376 2173 528 2242 ὑμῶν
564 2175 722 2237 εἰσιν,
767 2174 853 2226 ἵνα
884 2175 1024 2244 ὑμᾶς
1066 2173 1349 2245 ὠφελῆσαι
1380 2176 1611 2246 δυνηθῶ.

267 2287 378 2341 Καὶ
427 2288 871 2357 ἀνταναπληρῶ
913 2291 984 2343 τὰ
1038 2291 1419 2359 ὑστερήματα
1472 2292 1589 2344 τῶν
1634 2295 1775 2346 θλί-

193 2383 364 2447 grator
393 2382 498 2434 τοῦ
527 2383 785 2449 Χριστοῦ
807 2385 819 2412 ¹
839 2384 907 2435 ἐν
936 2383 1008 2451 τῇ
1036 2388 1216 2451 σαρκί
1227 2403 1366 2453 μου.
1398 2388 1556 2438 Δοκεῖ
1583 2386 1774 2449 ἀὶαζο-

196 2472 348 2533 νικος
385 2474 479 2525 καὶ
510 2475 943 2542 ἀπονενοημένος
971 2471 1109 2529 εἶναι
1140 2479 1166 2528 6
1198 2477 1380 2542 λόγος·
1412 2478 1510 2529 οὐκ
1540 2477 1652 2529 ἔστι
1679 2479 1730 2531 δὲ
1755 2518 1770 2542 ,

196 2565 337 2616 ἀλλὰ
377 2565 469 2616 καὶ
499 2565 700 2634 πολλῆς
735 2567 894 2634 γέμει
930 2568 1027 2634 τῆς
1060 2568 1193 2638 πρὸς
1223 2571 1456 2639 Χριστὸν
1489 2573 1770 2641 φιλοστορο

189 2656 340 2721 γὶας.
376 2656 484 2708 Καὶ
513 2656 619 2727 γὰρ
646 2656 893 2726 βούλεται
925 2663 1110 2712 πεῖσαι
1134 2660 1350 2723 αὐτοὺς,
1383 2663 1464 2713 ὅτι
1487 2664 1514 2713 6
1541 2663 1772 2731 Χριστὲς

188 2745 278 2798 ἐτι
312 2748 407 2799 καὶ
455 2745 550 2800 νῦν
585 2749 723 2819 ὑπὲρ
761 2750 940 2802 αὐτῶν
984 2752 1206 2820 πάσχει,
1259 2753 1353 2804 καὶ
1395 2752 1468 2805 Οὐ
1517 2752 1582 2805 δι’
1615 2754 1771 2823 ἡμῶν

189 2838 308 2889 τῶν
340 2840 654 2892 ἀποστόλων
687 2842 1053 2911 προσάγεσθε,
1103 2844 1238 2897 ἀλλά
1284 2845 1352 2898 δι’
1385 2845 1617 2912 ἐκείνου,
1671 2847 1771 2899 κᾶν

192 2933 359 2998 ἡμεῖς
391 2933 448 2983 ἐν
481 2932 559 3002 τῷ
594 2933 744 3003 μέσῳ
785 2932 932 3002 ὦμεν
959 2936 1000 2988 ³.
1031 2936 1193 2989 Ὥστε
1221 2936 1273 2988 τί
1312 2943 1513 2990 ποιεῖτε
1553 2939 1769 3006 ἀποπη-

186 3023 395 3088 δῶντες
445 3025 678 3090 τούτου,
727 3027 819 3080 τοῦ
866 3031 961 3081 καὶ
1016 3029 1155 3098 μετά
1206 3030 1267 3081 τὸ
1301 3030 1594 3083 ἀποθανεῖν
1630 3031 1770 3099 ὑπὲρ

190 3115 353 3183 ὑμῶν
385 3116 822 3182 κινδυνεύοντος;
874 3121 936 3171 Ὃ
967 3120 1023 3172 δὲ
1050 3120 1197 3187 λέγει
1230 3119 1468 3172 τοιοῦτόν
1494 3122 1640 3173 ἐστιν
1661 3138 1672 3149 ·
1706 3119 1769 3173 Εἰ

1885 711 2123 764 creditis.

1957 801 2122 870 Cujus
2158 803 2325 866 factus
2362 819 2477 855 sum
2509 818 2598 871 ego
2633 799 2835 852 Paulus
2871 800 3122 852 minister.
3155 804 3325 868 Atque
3358 803 3458 853 hoc

1887 893 1950 943 ad
1982 892 2358 946 auctoritatem
2393 892 2665 962 Evangelii
2702 892 2849 955 facit,
2882 889 3102 942 Pattlum
3138 894 3309 958 ipsum
3337 907 3456 945 esse

1886 995 2208 1050 praeconem.
2244 984 2439 1051 lugens
2487 982 2627 1034 enim
2675 980 2789 1048 ejus
2827 996 3021 1034 nomen
3073 990 3227 1044 eral;
3270 992 3457 1049 utpote

1885 1079 1976 1144 qui
2019 1078 2157 1145 apud
2185 1090 2372 1130 omnes
2405 1075 2727 1130 decantatus
2755 1087 2866 1129 erat
2890 1118 2903 1139 ,
2935 1087 3097 1145 atque
3124 1074 3236 1142 jam
3286 1084 3456 1131 terra-

1890 1185 2003 1221 rum
2027 1169 2211 1223 orbem
2235 1179 2612 1240 occupaverat.
2656 1168 2956 1222 Ministrum
2996 1177 3172 1222 autem
3217 1170 3454 1237 seipsum

1885 1264 2090 1327 dicens,
2124 1263 2293 1333 magis
2330 1278 2422 1317 eos
2456 1272 2512 1317 ut
2558 1262 2782 1317 credant
2818 1263 3113 1331 compellit.
3147 1260 3260 1314 Non
3306 1263 3453 1314 enim

1888 1370 2024 1419 mea,
2059 1355 2250 1423 inquit,
2285 1355 2427 1413 dico.
2461 1355 2553 1409 sed
2592 1355 2679 1406 alii
2711 1353 2985 1418 ministro,
3022 1352 3129 1405 Deo
3159 1352 3450 1408 videlicet:

1885 1448 2064 1512 itaque
2087 1445 2159 1496 illi
2196 1444 2445 1496 credetis.

1959 1537 2115 1590 Vens.
2149 1536 2239 1591 ‘24.
2277 1533 2431 1588 Nunc
2475 1534 2674 1603 gaudeo
2709 1534 2762 1587 in
2814 1534 3140 1599 passionibns
3191 1535 3312 1586 meis
3359 1548 3453 1596 pro

1884 1627 2046 1680 vobis.
2091 1625 2322 1681 Videtur
2347 1625 2565 1694 quidem
2606 1628 2707 1678 hoc
2745 1640 2865 1679 esse
2919 1628 3340 1692 inconsequens;
3373 1636 3456 1677 cst

1887 1731 2067 1773 autem
2120 1734 2456 1787 consequens
2501 1719 2675 1771 valde.
2711 1718 3006 1786 Postquam
3048 1719 3191 1768 enim
3240 1715 3453 1766 dixerat.

1889 1827 2006 1865 sese
2043 1810 2243 1864 factum
2275 1809 2550 1880 Evangelit
2603 1811 2950 1871 ministrum,
2986 1824 3012 1860 a
3054 1823 3160 1874 quo
3211 1823 3314 1859 non
3345 1808 3457 1857 vult.

1886 1919 1979 1954 eos
2023 1901 2271 1954 excidere
2298 1942 2311 1966 ,
2364 1908 2630 1954 tnenstrat
2682 1902 2780 1952 hoc
2817 1900 2948 1951 adeo
2977 1913 3097 1951 esse
3142 1912 3358 1958 verum,
3399 1906 3456 1947 ut

1886 2013 1982 2065 pro
2024 1997 2122 2049 hoc
2158 1997 2318 2048 etiam
2361 1995 2534 2063 patiar
2579 2012 2590 2046 :
2644 2009 2742 2045 nec
2790 1992 2957 2044 Sltlttllt
3009 1993 3199 2059 patior,
3256 1991 3452 2058 inquit,

1887 2105 2069 2141 verum
2102 2089 2253 2140 Letor
2275 2089 2436 2140 etiam
2477 2087 2528 2140 in
2574 2085 2972 2138 afﬂictionibus.
3003 2084 3333 2135 Atllictioncs
3355 2097 3452 2130 au-

1887 2192 1990 2235 lt‘lll
2023 2181 2100 2234 Ita:
2149 2196 2278 2233 mea:
2311 2195 2405 2248 pro
2439 2178 2589 2232 vobis
2620 2189 2766 2240 sunt,
2803 2187 2858 2229 ttt
2890 2192 2982 2228 vos
3009 2177 3197 2244 juvare
3233 2189 3449 2242 queam.

1955 2295 2017 2348 Et
2064 2295 2321 2362 adimplen
2366 2311 2424 2346 ea
2455 2310 2569 2362 qua:
2615 2295 2797 2346 desunt
2833 2294 3135 2360 passionum
3177 2289 3370 2342 Christi
3401 2292 3454 2342 in

1883 2406 2038 2442 carne
2084 2406 2218 2442 mea.
2269 2388 2493 2442 Videtur
2531 2385 2886 2439 ostentatoris
2936 2393 3097 2452 atque
3145 2383 3454 2450 arrogantis

1884 2483 1969 2534 hic
2019 2495 2197 2534 sermo
2230 2494 2349 2532 esse
2405 2496 2418 2531 :
2474 2476 2620 2545 atqui
2663 2492 2769 2529 non
2809 2486 2920 2539 est;
2973 2476 3247 2527 enimvero
3286 2474 3448 2525 turrita

1882 2572 2112 2626 refertus
2143 2579 2226 2624 est
2251 2584 2377 2638 erga
2405 2567 2684 2620 Christum
2714 2553 3026 2618 dilemiouc.
3068 2563 3200 2617 Nam
3233 2564 3312 2617 eis
3339 2565 3452 2616 vult

1881 2663 2226 2734 persuadere,
2259 2662 2400 2728 quod
2437 2661 2688 2713 Christus
2717 2662 2880 2713 etiam
2915 2673 3011 2727 pio
3043 2658 3110 2711 iis
3153 2656 3311 2710 hodie
3353 2671 3450 2722 pa-

1883 2757 2065 2819 tiatur,
2101 2765 2154 2808 et
2187 2756 2327 2821 quod
2362 2770 2455 2823 per
2485 2768 2583 2807 nos
2609 2751 2881 2824 apostolos
2917 2767 3020 2804 non
3047 2751 3178 2804 estis
3205 2748 3448 2807 addueti,

1878 2848 1972 2904 sed
2003 2865 2098 2917 per
2132 2848 2302 2912 illum,
2338 2849 2550 2902 etiamsi
2586 2863 2683 2902 nos
2715 2849 2816 2902 ista
2867 2845 3153 2900 faciamus.
3182 2844 3322 2911 Quid
3351 2845 3452 2914 igi-

1878 2951 1962 2997 tur
1998 2943 2175 2998 faeitis
2213 2943 2510 2996 resilientes
2538 2942 2605 2996 ab
2635 2956 2718 3007 eo,
2758 2942 2844 3009 qui
2877 2941 3038 2994 etiam
3071 2951 3193 3009 post
3222 2949 3446 2993 mortem

1880 3051 1976 3105 pro
2008 3037 2161 3089 vobis
2193 3036 2430 3103 pericula
2461 3035 2693 3090 subeat?
2728 3033 2878 3099 Quod
2925 3047 3051 3086 vero
3084 3032 3179 3096 ait,
3215 3041 3297 3084 est
3346 3031 3448 3084 hu-

1874 3129 2110 3198 jusmodi
2148 3148 2159 3181 :
2196 3126 2252 3181 Si
2279 3128 2456 3183 adhuc
2483 3129 2703 3182 deberet
2727 3126 2834 3195 pati
2864 3141 2960 3194 pro
2997 3125 3149 3178 nobis
3173 3125 3446 3184 Christus,

191 3207 280 3259 ἔτι
310 3208 604 3278 ἐχρεώστει
630 3209 822 3263 παθεῖν
858 3210 1002 3280 ὑπὲρ
1033 3212 1188 3280 ἡμῶν
1215 3214 1242 3264 6
1272 3212 1525 3280 Χριστὸς,
1560 3213 1769 3281 ἀπῆλθε
1798 3215 1840 3272 C

1798 3215 1840 3272 C
1875 3221 2100 3274 abiissct
2127 3231 2307 3273 autem
2334 3261 2348 3281 ,
2383 3235 2480 3273 nec
2527 3219 2852 3274 reddidisset
2894 3216 3134 3270 debitum
3160 3259 3172 3281 ,
3208 3231 3306 3285 ego
3348 3217 3449 3268 hoc

188 3298 252 3350 δὲ
285 3301 378 3352 καὶ
409 3300 506 3352 οὐκ
541 3301 787 3354 ἀπέδωκε
812 3303 870 3354 τὸ
897 3304 1078 3372 χρέος,
1107 3303 1217 3370 ἐγὼ
1244 3303 1402 3355 τοῦτο
1428 3304 1762 3371 ἀποδίδωμι·

188 3389 381 3458 ὡσπερ
411 3389 478 3442 ἂν
523 3391 572 3442 εἰ
618 3390 712 3442 τοῦ
742 3393 1049 3461 στρατηγοῦ
1092 3395 1321 3458 ἀπόντος
1339 3395 1381 3461 ³,
1402 3397 1430 3447 6
1457 3395 1765 3465 ὑποστρέτ-

188 3497 329 3549 ηγος
389 3482 486 3548 τῆς
544 3482 821 3551 φάλαγγος
872 3485 1233 3556 ὑπερμαχῶν,
1294 3489 1373 3549 είς
1417 3487 1505 3538 τὺν
1556 3489 1764 3539 ἐκείνου

186 3570 356 3618 τόπον
386 3568 540 3635 στὰς,
570 3572 637 3622 τὰ
671 3572 881 3623 ἐκείνου
915 3573 1210 3642 τραύματα.
1237 3574 1398 3637 αὐτὸς
1432 3575 1763 3645 ἀναδέχοιτο.

187 3661 291 3709 Διὰ
322 3660 480 3712 τοῦτο
515 3661 622 3732 γὰρ
653 3664 745 3714 καὶ
772 3663 1125 3732 ὑστερήματα
1157 3659 1330 3729 εἶπεν,
1362 3665 1447 3718 ἵνα
1485 3667 1651 3737 δείξῃ,
1683 3667 1764 3718 ὅτι

185 3750 312 3802 οὐδὲ
345 3752 404 3803 τὸ
435 3754 542 3804 πᾶν
578 3756 796 3822 ἡγεῖται
843 3756 1058 3808 οὐδέπω
1107 3757 1450 3811 πεπονθέναι.
1499 3759 1764 3812 Τοσοῦτον

190 3843 384 3913 ἀγαπᾷ
433 3845 578 3912 ἡμᾶς
604 3845 646 3910 δ,
699 3845 840 3898 ὥστε
898 3849 971 3917 μὴ
1023 3848 1335 3917 ἀρκούντων
1385 3850 1492 3900 τῶν
1534 3850 1761 3920 πρώην⁵

187 3933 403 3998 παθῶν,
441 3936 538 3987 καὶ
589 3937 724 4005 μετὰ
777 3937 1002 3991 θάνατον
1038 3939 1269 4008 πάσχειν
1299 3941 1357 3992 ὲν
1403 3939 1479 4008 τῷ
1518 3941 1633 4010 ἐμῷ
1664 3940 1764 3992 σώ-

189 4040 365 4092 ματι·
404 4027 462 4077 οὐ
501 4028 608 4098 γὰρ
661 4029 905 4100 ἠρκέσθη
959 4030 1035 4100 τῷ
1078 4031 1315 4102 θανάτῳ,
1365 4033 1499 4086 ἀλλὰ
1545 4034 1638 4085 καὶ
1683 4035 1762 4086 ἔτι

187 4118 366 4185 μυρία
407 4122 565 4171 ποιεῖ.
623 4121 734 4190 Οὐχ
793 4122 986 4174 ἑαυτὸν
1039 4119 1130 4175 οῦν
1182 4126 1424 4194 ἐπαίρων
1479 4130 1505 4178 ὀ
1553 4128 1762 4189 Παῦλος

184 4208 362 4260 ταῦτὰ
403 4227 586 4276 φησιν,
620 4212 754 4264 ἀλλὰ
799 4214 889 4264 τὸν
936 4215 1171 4284 Χριστὸν
1223 4217 1392 4284 δεῖξαι
1440 4219 1762 4289 βουλόμενος

183 4299 272 4352 ἔτι
307 4304 395 4354 καὶ
418 4303 514 4355 νῦν
546 4304 687 4373 ὑπὲρ
718 4305 897 4357 αὐτῶν
928 4305 1300 4375 φροντίζοντα.

273 4413 452 4482 ’Υπὲρ
492 4417 598 4470 τοῦ
628 4417 902 4485 σώματος
928 4421 1134 4485 αὑτοῦ,
1166 4422 1198 4473 ὅ
1228 4424 1396 4476 ἐστιν
1433 4427 1468 4492 ἡ
1511 4427 1761 4494 Ἐκκληο

184 4505 319 4557 σία.
375 4505 595 4578 Ἐπειδὴ
634 4504 809 4573 εἶπεν,
848 4511 930 4563 ὅτι
978 4512 1040 4563 El
1084 4513 1182 4564 δὲ⁶
1229 4514 1338 4581 ἐγὼ
1380 4519 1596 4586 πάσχω,
1644 4520 1758 4570 ἀλλ’

183 4593 286 4650 οὖν
309 4597 402 4650 τοῦ
429 4601 666 4668 Χριστοῦ
713 4604 820 4654 εἰσι
869 4604 936 4656 τὰ
965 4607 1285 4675 παθήματα,
1316 4607 1627 4672 ἀξιόπιστον
1669 4612 1758 4664 τὸν

187 4691 349 4758 λόγον
381 4695 542 4756 ποιεῖ,
570 4695 663 4746 καί
689 4711 873 4764 φησιν,
911 4697 991 4748 ὅτι
1026 4699 1165 4767 ὑπὲρ
1195 4699 1286 4751 τοῦ
1316 4701 1564 4770 σώματος
1594 4703 1758 4755 αὑτοῦ

189 4782 290 4835 καὶ
322 4784 492 4836 ταῦτα
524 4785 782 4850 γίνονται.
829 4789 920 4856 Μὴ
957 4790 1135 4842 τοίνυν
1171 4793 1454 4862 κομπηρὸν
1492 4794 1630 4846 εἶναι
1670 4812 1757 4848 νο·-

189 4875 390 4945 μίσητε
418 4876 509 4928 τὸν
535 4877 711 4944 λόγον,
735 4879 868 4933 ἀλλά
892 4881 983 4933 τὸν
1010 4881 1084 4950 μὴ
1116 4883 1500 4946 ἀπαξιώσαντα
1526 4887 1756 4954 συνάψαι

188 4967 370 5038 ἑαυτῷ
421 4970 520 5040 τὴν
552 4969 902 5041 Ἐκκλησίαν,
953 4975 1280 5029 πιστεύσατε
1336 4979 1430 5030 καὶ
1475 4980 1569 5031 νῦν
1620 4981 1760 5052 ὑπὲρ

186 5061 359 5132 αὐτῆς
389 5063 471 5115 ἔτι
504 5065 735 5134 πάσχειν
768 5067 825 5120 ὲν
850 5070 916 5138 τῇ
952 5071 1060 5140 ἐμῇ
1103 5070 1284 5139 σαρκί.
1315 5072 1375 5124 Εἰ
1399 5071 1454 5123 δὲ
1480 5073 1638 5142 σῶμα
1665 5075 1757 5126 τοῦ

187 5155 429 5224 Χριστοῦ
479 5157 513 5227 ἠ
569 5158 892 5228 Ἐκκλησία,
963 5164 1057 5214 καὶ
1102 5162 1306 5231 ἥνωται
1355 5165 1501 5233 αὐτῷ
1551 5166 1758 5236 κεφαλὴ

185 5246 325 5311 ὄντι,
366 5248 482 5309 πῶς
540 5250 696 5319 ὑμεῖς
742 5253 1062 5321 ὲπεισὰγετε
1118 5254 1206 5307 διὰ
1258 5255 1422 5325 μέσον
1467 5258 1753 5326 ἀγγέλους,

189 5340 284 5393 καὶ
318 5341 631 5411 διατέμνετε
665 5344 764 5415 τὴν
800 5346 1066 5415 ένότητας

262 5425 377 5498 ἿΙς
396 5434 692 5503 ἐγενόμην
718 5435 834 5505 ἐγὼ
855 5436 1155 5506 διάκονος.
1193 5441 1472 5495 Δείκνυσιν
1497 5444 1575 5496 ὅτι
1608 5443 1760 5496 οὐδὲν

1879 3314 2045 3366 reddo
2079 3329 2090 3363 :
2129 3312 2581 3380 quemadmodum
2623 3311 2666 3364 si
2704 3311 2837 3364 duce
2869 3309 3140 3361 exercitus
3189 3308 3449 3372 abeunt",

1878 3402 2273 3468 sultimperator
2315 3414 2410 3469 pro
2440 3398 2707 3469 phalange
2757 3398 3021 3453 dimicans
3045 3435 3058 3460 ,
3095 3397 3240 3449 illius
3272 3398 3446 3451 locum

1877 3493 2235 3557 constitutus,
2288 3493 2510 3545 vulnera
2548 3492 2719 3561 ipsius
2768 3490 3012 3559 recipiat.
3063 3488 3349 3558 Propterea
3395 3500 3448 3540 et

1881 3588 2235 3656 ὑστερήματα
2261 3625 2273 3647 ,
2318 3587 2419 3639 hoc
2461 3593 2540 3638 est.
2590 3585 2861 3649 defectus,
2898 3583 3050 3647 dixit,
3091 3591 3147 3634 ut
3176 3580 3444 3639 ostendat.

1875 3681 2015 3749 quod
2073 3679 2345 3730 existimet
2399 3693 2456 3730 se
2517 3677 2750 3729 nondunt
2801 3676 2978 3728 omnia
3038 3689 3252 3743 passum
3301 3688 3443 3726 esse.

1876 3772 2044 3831 Adro,
2084 3771 2275 3838 inquit,
2310 3769 2479 3836 diligit
2519 3784 2634 3830 vos,
2664 3778 2719 3819 ut
2757 3775 3010 3834 tanquam
3041 3781 3142 3819 nou
3177 3763 3446 3816 sumi-iant

1874 3864 2081 3930 priores
2110 3862 2385 3929 passiones
2414 3873 2470 3913 et
2504 3859 2840 3921 adﬂictiones,
2878 3868 2993 3925 post
3027 3865 3248 3909 mortem
3277 3857 3441 3908 etiam

1875 3955 2114 4022 patiatur
2166 3954 2214 4003 in
2251 3967 2371 4005 meo
2405 3967 2632 4017 corpore
2665 3968 2676 4002 :
2717 3950 2949 4002 nondum
2983 3949 3124 4001 enim
3155 3958 3438 4001 contentus

1873 4058 1956 4100 est
1993 4057 2181 4110 morte,
2233 4047 2324 4097 sed
2362 4045 2538 4096 adhuc
2578 4047 2855 4094 innumera
2915 4040 3063 4094 facit.
3114 4038 3226 4092 Non
3278 4040 3441 4108 igitur

1873 4139 2107 4203 Seipsunt
2148 4135 2422 4196 attollens,
2457 4132 2654 4184 Paulus
2688 4133 2800 4183 hu-e
2827 4131 2977 4193 dicit,
3004 4131 3097 4183 sed
3134 4139 3440 4182 monstrare

1872 4229 2058 4282 volens
2108 4228 2249 4295 quod
2301 4227 2554 4281 Christus
2593 4228 2887 4280 etiamnum
2934 4241 3029 4294 pro
3065 4224 3194 4292 ipsis
3249 4239 3433 4276 curaui

1869 4334 2043 4389 gerat.

1945 4436 2047 4490 Pro
2079 4452 2295 4500 corpore
2324 4434 2507 4502 ipsius,
2540 4431 2677 4502 quod
2700 4441 2774 4484 est
2824 4428 3081 4483 Ecclesia.
3115 4429 3247 4493 Quia
3279 4427 3433 4481 dixe-

1871 4543 1985 4594 rat,
2031 4529 2254 4582 Etiamsi
2300 4541 2398 4596 ego
2432 4528 2628 4595 patior,
2665 4523 2868 4578 Christi
2916 4531 3096 4574 tamen
3132 4531 3254 4574 sunt
3298 4519 3434 4572 amis

1868 4623 2094 4686 ctiones,
2136 4623 2289 4674 fidem
2343 4621 2469 4671 huic
2517 4617 2749 4671 sermoni
2800 4613 2967 4675 facit,
3003 4612 3273 4680 inquiens,
3330 4611 3436 4665 Pro

1867 4731 2095 4782 corpore
2138 4713 2254 4782 ejus
2292 4713 2404 4766 haec
2432 4713 2584 4764 tiunt.
2623 4709 2795 4762 Nolite
2825 4708 2986 4776 igitur
3017 4719 3206 4772 putare
3234 4704 3436 4757 fustua-

1867 4823 1982 4859 sum
2019 4823 2140 4860 esse
2168 4819 2498 4867 sermonem,
2533 4816 2716 4854 verum
2748 4816 2892 4861 eum,
2925 4799 3015 4867 qui
3051 4814 3153 4850 non
3182 4797 3435 4862 dedigna-

1868 4905 1957 4951 tus
1991 4908 2076 4951 est
2109 4899 2210 4951 sibi
2245 4897 2495 4965 copulare
2534 4893 2861 4954 Ecclesiam,
2892 4891 3092 4944 credite
3137 4891 3432 4942 etiamnum

1865 5005 1961 5057 pro
1990 4989 2102 5057 ipsa
2148 4989 2256 5057 pati
2286 4988 2337 5040 in
2368 5001 2529 5040 carne
2558 5000 2696 5038 mea.
2732 4983 2786 5036 Si
2826 4982 2988 5048 igitur
3013 4995 3208 5046 corpus
3231 4976 3434 5029 Christi

1865 5083 2102 5136 Ecclesia
2142 5090 2262 5140 est,
2316 5080 2474 5146 eique
2513 5078 2799 5146 conjuncta
2835 5082 2950 5138 est,
2993 5073 3080 5140 qui
3123 5080 3285 5138 caput
3326 5079 3430 5128 est,

1865 5173 2132 5241 quomodo
2163 5186 2258 5224 vos
2293 5170 2510 5238 angelos
2542 5169 2596 5222 in
2624 5167 2855 5221 medium
2894 5165 3165 5235 profertis,
3196 5163 3434 5214 dissecan-

1866 5266 2038 5332 tisque
2067 5263 2370 5316 unitatem?

1934 5443 2099 5515 476
2135 5442 2298 5500 VERS-
2342 5443 2431 5498 25.
2464 5441 2630 5510 Cujus
2681 5442 2850 5510 factus
2893 5455 3007 5491 sum
3053 5452 3143 5505 ego
3170 5435 3426 5490 minister,

1523 5603 1719 5663 Variae
1753 5603 2079 5666 lectiones.

928 5744 972 5776 ”
1005 5744 1145 5795 τελεῖ
1169 5761 1220 5799 0.

548 5814 570 5844 ⁸
612 5814 844 5881 πρώτων
879 5829 930 5867 ο.

267 5737 313 5768 ’⁸
352 5739 752 5806 πιστεύσαντας
793 5758 844 5794 o.

192 5806 217 5838 ⁴
248 5807 391 5874 ὑμᾶς
421 5825 473 5864 ο.
548 5814 570 5844 ⁸
612 5814 844 5874 πρώτων
879 5829 930 5867 o.
1011 5816 1032 5845 ‘
1059 5816 1106 5866 εἰ
1143 5817 1234 5868 καὶ
1273 5833 1306 5870 ο

1302 5747 1317 5777 ¹
1353 5750 1625 5820 στίγματα
1683 5749 1776 5801 τοῦ
1824 5748 2061 5821 Χριστοῦ
2095 5763 2147 5802 ο.

2257 5746 2468 5799 ’ταῦτα
2532 5745 2775 5815 ποιῶμεν
2806 5762 2856 5799 0.
2965 5749 2980 5778 '
3021 5746 3340 5802 ἀπελθόντος
3372 5761 3428 5799 ο.
