4220 6444
217 416 346 476 125Ἶ

997 397 1393 464 EXPOSI‘TIO
1434 397 1509 456 IN
1556 393 1787 453 EPIST.
1829 390 1923 449 AD
1962 389 2252 449 CULOSS.
2293 414 2361 423 --
2394 391 2549 447 CAP.
2598 388 2706 445 lli.

3335 377 3464 438 125R

217 533 315 596 τῆς
344 526 716 596 προαιρέσεως
747 524 854 583 τοῖς
877 522 1140 580 τοιοὺτοις
1190 517 1346 580 ζώοις
1394 512 1789 581 ὁμοιωθέντας.
1826 509 1870 565 Α
1903 510 2063 571 mine,
2104 509 2262 575 hujus

1841 509 1870 563 λ
1903 510 2063 571 mine,
2104 507 2408 575 lmjusmodi
2451 506 2640 557 IH'HUiS
2667 503 2789 557 facti
2821 511 2944 557 sunt
2976 500 3202 555 similes.
3237 497 3465 549 Proinde

219 621 328 672 Rat
365 618 443 678 είς
470 617 693 683 γέενναν
730 613 807 673 δὲ,
836 613 927 663 καὶ
959 612 1037 670 εἰς
1070 608 1345 676 βασιλείαν
1378 605 1523 672 ἡμᾶς
1572 601 1782 665 εἰσάγει

213 710 612 782 ἡπροαίρεεις,
649 705 800 773 οὖχὴ
839 703 1013 756 οὐσία.
1075 699 1310 752 Παλαιὸν
1357 696 1450 748 οὖν
1505 710 1669 763 φησιν
1697 691 1790 743 ἄν·
1831 758 1833 760 η

215 807 454 874 θρωπον,
514 802 613 868 τὴν
678 795 1086 864 διεφθαρμένην
1141 791 1484 865 προαίρεσιν.
1544 785 1636 837 Διὸ
1697 787 1788 837 καὶ⁴

216 899 494 962 ἐπήγαγε·
530 891 653 945 Σὺν
682 890 806 954 ταῖς
852 887 1105 954 πράξεσι
1125 903 1141 918 ο
1169 883 1441 943 τουτέστι,
1469 880 1567 948 τὴν
1602 877 1792 946 11pan—

223 1003 371 1055 ρεσιν
431 983 567 1050 μετᾶ
623 979 730 1032 τῶν
779 981 974 1047 ἔργων.
1023 975 1254 1028 Παλαιὸν
1299 972 1356 1024 δὲ
1409 970 1683 1035 ὠνόμασε,
1735 968 1792 1017 τὸ

218 1076 445 1146 αἰσχρὸν
470 1072 631 1127 αὑτοῦ
666 1071 992 1141 βουλόμενος
1031 1067 1222 1130 δεῖξαι,
1260 1065 1352 1116 καὶ
1410 1061 1472 1114 τὸ
1526 1060 1789 1118 δυσειδὲς,

219 1174 317 1224 καὶ
349 1171 406 1221 τὸ
453 1166 777 1237 ὴσθενηκός.
832 1163 975 1232 "Op:
1018 1161 1097 1225 δὲ,
1139 1157 1251 1220 πῶς
1286 1157 1379 1209 τοῦ
1425 1150 1656 1206 παλαιοῦ
1700 1152 1793 1202 ἀν·-

223 1263 445 1329 θρώπον
493 1261 560 1311 τὰ
625 1260 756 1326 μέλη
801 1254 1054 1316 κατέλεξε
1082 1268 1095 1281 ·
1157 1250 1256 1318 τὴν
1291 1249 1530 1300 διάνοιαν
1582 1243 1668 1294 διὰ
1700 1239 1792 1290 τοῦ

222 1356 488 1424 Gratiam;-
523 1352 621 1420 τὴν
666 1349 917 1419 καρδίαν,
965 1346 1053 1397 διὰ
1102 1343 1196 1395 τοῦ
1242 1337 1454 1409 θυμοῦ·
1491 1336 1551 1387 τὸ
1598 1333 1791 1400 στόμα,

224 1452 322 1500 καί
367 1446 454 1499 διὰ
492 1444 584 1496 τοῦ
637 1443 866 1513 ψεύδους
917 1440 1014 1491 καὶ
1070 1436 1168 1504 τῆς
1228 1430 1615 1504 βλασφημίας·
1671 1424 1795 1485 τοὺς

224 1541 558 1608 ὀφθαλμοὺς,
589 1537 676 1589 διὰ
705 1538 802 1604 τῆς
828 1532 1106 1604 πορνείας,
1149 1530 1241 1582 καὶ
1271 1529 1339 1579 τὰ
1377 1521 1591 1594 κρυπτὰ
1622 1517 1754 1588 μέλη
1780 1535 1794 1549 ο

226 1636 286 1686 ea
321 1629 493 1702 ἧπαρ,
530 1631 616 1682 διὰ
640 1628 735 1698 τῆς
768 1627 942 1695 κακῆς
983 1621 1308 1691 ἐπιθυμίαςι
1339 1617 1435 1680 τὰς
1469 1616 1678 1685 χεῖρας,
1711 1610 1798 1661 διὰ

227 1727 329 1793 τῆς
361 1722 689 1784 πλεονεξίας.

305 1814 409 1868 Καὶ
440 1811 830 1880 ἐνδυσάμενοι
862 1809 962 1860 τόν
977 1807 1138 1869 νέον,
1169 1804 1272 1856 τὸν
1293 1799 1800 1865 ἀνακαινούμενον

1896 613 1949 652 et
1985 603 2034 652 in
2069 603 2386 668 gehennam,
2426 609 2478 652 et
2522 599 2588 650 ad
2631 606 2891 650 aeternum
2927 608 3146 661 regnum
3175 589 3340 659 490
3370 603 3466 640 nos

1893 693 2041 744 ducit
2071 690 2334 754 voluntas,
2363 706 2467 741 non
2497 687 2754 742 essentia.
2804 686 3052 737 Veterem
3085 685 3248 750 igitur
3284 681 3464 733 horni-

1897 797 2037 841 ncm,
2069 793 2376 848 corruptam
2411 782 2739 833 voluntatem
2787 779 2917 830 dicit
2950 793 2964 829 :
3000 777 3288 843 Propterea
3324 773 3466 824 intu-

1899 875 1975 934 lit,
2007 873 2134 926 Cum
2157 873 2419 937 operibus,
2444 874 2541 923 hoc
2565 882 2668 934 est,
2690 872 3018 922 voluntatem
3042 884 3160 921 cum
3187 866 3461 934 operibus.

1900 967 2141 1018 Veterem
2183 972 2362 1018 autem
2426 965 2746 1026 nominavit,
2805 960 3187 1029 turpitudinem
3244 959 3361 1026 ejus
3401 971 3464 1010 ac

1896 1059 2292 1114 deformitatem
2360 1068 2412 1112 et
2498 1057 2862 1109 ittiit‘tltitutetu
2915 1056 3202 1108 ostendere
3255 1053 3462 1103 volens.

1897 1149 2134 1204 Observa
2164 1160 2341 1228 autem
2390 1147 2662 1216 quomodo
2719 1149 2917 1200 veteris
2956 1145 3192 1200 hominis
3225 1143 3463 1195 membra

1901 1244 2232 1297 recensuerit
2292 1259 2302 1292 :
2356 1253 2613 1301 mentem,
2656 1255 2750 1304 per
2803 1239 3179 1292 mendacium:
3229 1251 3342 1297 cor,
3373 1249 3469 1303 per

1899 1335 2318 1402 indignationem
2351 1352 2364 1386 :
2396 1349 2475 1397 os,
2508 1344 2559 1386 et
2600 1349 2693 1400 per
2745 1332 3129 1400 blasphemiam
3156 1341 3208 1382 et
3242 1328 3464 1381 menda-

1898 1429 2038 1480 cium
2077 1447 2089 1479 :
2120 1426 2305 1480 oculos
2328 1436 2380 1482 et
2405 1426 2582 1479 abdita
2606 1427 2865 1489 membra,
2893 1440 2986 1494 per
3011 1423 3422 1477 fornicationem
3449 1439 3463 1475 :

1902 1523 2089 1586 hepar,
2139 1535 2233 1589 per
2289 1521 2775 1589 concupiscentiam
2846 1539 2858 1574 :
2919 1534 3130 1584 manus,
3197 1532 3292 1586 per
3342 1532 3471 1570 avao

1904 1625 2099 1665 Γιιιίιιιι.

1979 1798 2138 1850 Vens.
2174 1797 2257 1849 10.
2295 1796 2357 1848 Et
2382 1797 2650 1849 induentes
2683 1813 2868 1848 novum
2899 1811 3017 1848 eum
3056 1797 3144 1864 qui
3187 1802 3472 1849 renovatur

229 1909 319 1971 εἰς
350 1908 694 1972 ἐπίγνωσιν.
739 1903 872 1961 Nic;
903 1901 1186 1968 ἄνθρωπος
1218 1897 1249 1963 ἡ
1280 1893 1419 1944 κατὰ
1448 1891 1580 1942 Θεὸν
1608 1886 1800 1956 προαί-
1833 1872 1871 1924 Β
1905 1890 1958 1940 in
1991 1890 2269 1956 agnitione.

1841 1872 1871 1924 Β
1905 1890 1958 1940 in
1991 1890 2278 1956 agnitione.
2314 1886 2491 1940 Novus
2551 1887 2712 1939 homo
2747 1897 2831 1941 est
2877 1887 3121 1941 voluntas
3175 1886 3467 1941 secundum

237 2017 406 2070 ρεσις,
438 1997 559 2065 ἥτις
595 1995 653 2046 οὐ
701 1991 1047 2049 παλαιοῦται,
1094 1985 1208 2038 ἀλλ’
1253 1983 1340 2038 ἀεὶ
1389 1978 1630 2048 ἀκμάζει
1666 1976 1800 2045 πρὸς

229 2093 333 2160 τὴν
365 2088 456 2140 τοῦ
486 2086 619 2139 Θεοῦ
649 2087 741 2137 καὶ
765 2084 871 2136 τῶν
904 2081 1062 2134 θείων
1101 2077 1416 2144 ἐπίγνωσιν,
1451 2072 1540 2124 ἀεὶ
1588 2070 1680 2124 καὶ
1716 2071 1802 2121 ἀεὶ

233 2181 474 2247 νεωτέρα
501 2177 848 2246 δεικνυμένη,
891 2174 983 2226 καὶ
1008 2174 1134 2225 ὅταν
1167 2169 1335 2221 πλείω
1360 2165 1499 2234 λάϐῃ
1532 2163 1626 2232 τὴν
1659 2161 1800 2229 γνῶ·

234 2291 323 2326 σιν
357 2277 446 2326 καὶ
486 2271 748 2341 μειζόνων
774 2267 1022 2331 ὰξιῶται,
1067 2263 1265 2335 μᾶλλον
1301 2258 1581 2329 ἰσχύουσα.

309 2454 444 2506 Κατ’
496 2453 697 2505 εἰκόνα
742 2449 846 2501 τοῦ
906 2448 1224 2509 κτίσαντος
1291 2441 1493 2495 αὐτόν.
1548 2437 1805 2490 Τοντέστι

231 2544 497 2612 Χριστοῦ.
538 2543 658 2592 ἐπεὶ
701 2542 794 2592 καὶ
840 2541 867 2590 ὁ
890 2538 1120 2606 Χριστὸς
1153 2538 1211 2587 οὑ
1240 2533 1371 2602 πρὸς
1397 2532 1575 2600 γῆρας
1623 2524 1805 2596 ἦλθεν,

233 2635 351 2690 ἀλλ’
384 2633 554 2695 οὕτως
578 2629 643 2702 ἦν
672 2632 855 2693 καλὸς,
880 2630 952 2691 ὡς
986 2629 1104 2680 ορδὲ
1139 2627 1286 2678 ἐστιν
1325 2625 1498 2676 εἰπεῖν
1519 2640 1532 2652 ν
1577 2619 1804 2686 Ὠραῖος

233 2727 448 2780 κάλλει
485 2731 643 2790 παρὰ
678 2722 814 2786 τοὺς
866 2721 1035 2783 υἱοὺς
1075 2718 1192 2771 τῶν
1224 2714 1565 2784 ἀνθρώπων.
1603 2712 1808 2780 Ἀμαρ-

233 2821 358 2870 τίαν
387 2818 494 2885 γὰρ
524 2817 622 2868 οὐκ
663 2814 941 2874 ἐποίησεν,
1004 2812 1123 2880 ἥτις
1158 2808 1386 2861 παλαιοί
1434 2813 1523 2860 καὶ
1571 2804 1804 2873 φθείρει.

240 2911 349 2963 Καὶ
375 2911 533 2977 ἡμεῖς
557 2905 647 2959 οὖν
679 2907 726 2958 oi
755 2906 844 2957 ὑπ’
876 2903 1087 2956 ἐκείνου
1128 2901 1441 2962 κτισθέντες
1468 2916 1540 2951 κα
1555 2897 1592 2943 τ’
1624 2895 1808 2948 εἰκόνα

237 3000 432 3061 αὑτοῦ,
464 2998 748 3068 ὀφείλομεν
790 2993 1124 3060 ἀποξύεσθαι
1162 2993 1260 3061 τὴν
1300 2993 1361 3043 ὲκ
1395 2989 1502 3042 τῶν
1527 2986 1810 3057 ἁμαρτιῶν

240 3094 450 3161 φθορὰν
485 3093 577 3142 καὶ
616 3090 941 3141 παλαίωσιν.
987 3084 1181 3138 Κτίσιν
1226 3083 1283 3135 δὲ
1333 3083 1426 3135 καὶ
1453 3081 1550 3149 τὴν
1593 3078 1687 3130 τοῦ
1713 3077 1811 3146 βα-

244 3184 571 3251 πτίσματος,
604 3181 698 3232 καὶ
729 3179 827 3246 τὴν
859 3178 956 3245 τῆς
984 3176 1211 3245 ἀρίστης
1244 3172 1518 3234 πολιτείας
1549 3171 1679 3222 νόει.

322 3463 513 3512 Ὅπου
538 3459 648 3509 οὑκ
669 3458 759 3510 ἔνι
792 3458 1044 3518 ”Ελλην,
1072 3453 1166 3506 καὶ
1202 3448 1508 3511 Ἰουδαῖος.
1558 3448 1812 3502 Τουτέττι

251 3552 607 3619 προσήλντος,
645 3547 736 3599 καὶ
789 3545 1037 3604 Ἰουδαῖος
1061 3547 1123 3594 έκ
1147 3541 1449 3612 προγόνων.

324 3641 612 3708 Περιτομὴ
645 3640 741 3691 καὶ
782 3636 1170 3703 ἀκροϐυστία,
1211 3633 1532 3700 Βὰρὸαρος,
1560 3631 1815 3693 Σκύθης,

248 3732 493 3796 δοῦλος,
517 3730 828 3795 ἐλεύθερος
849 3744 861 3756 ο
889 3725 1048 3778 ἀλλὰ
1077 3724 1146 3775 τὰ
1185 3721 1405 3782 πάντα,
1437 3721 1534 3773 καί
1573 3721 1641 3772 ἐν
1672 3718 1816 3774 πᾶσι

250 3825 524 3891 Χμστός.
571 3819 699 3873 ἰδοίι
733 3820 823 3872 καὶ
855 3817 983 3870 ἄλλο
1009 3813 1282 3884 ἐγκώμιον
1307 3813 1402 3866 τοῦ
1432 3812 1574 3866 κατὰ
1591 3811 1820 3882 Χριστὸν

253 3918 373 3968 νέου
414 3913 720 3983 ἀνθρώπου,
769 3911 829 3960 τὸ
864 3910 997 3977 μήτε
1057 3908 1263 3968 ἔθνους,
1303 3906 1438 3974 μήτε
1478 3903 1815 3972 ἀξιώματος,

257 4009 393 4075 μήτε
426 4002 704 4072 προγόνων
727 4000 988 4069 διαφορὰν
1011 3996 1392 4066 ὲνθεωρεῖσθαι
1418 3998 1460 4027 ⁸⁸
1486 3994 1655 4063 αὐτῷ,
1687 3993 1821 4046 ἀλλὰ

252 4099 347 4146 τὸν
373 4092 604 4163 Χριστὸν
635 4086 774 4143 εἶναι
817 4091 1138 4158 χαρακτῆρα
1169 4085 1358 4139 αὑτοῦ.
1410 4086 1499 4138 Ἐν
1548 4086 1679 4136 πᾶσι
1715 4083 1822 4152 γὰρ

254 4190 366 4248 τοῖς
403 4188 492 4240 τὸν
528 4185 783 4254 ἐνάρετον
818 4182 931 4251 βίον
962 4180 1296 4250 μορφωθείσι
1351 4179 1418 4230 τὰ
1467 4179 1640 4230 πάντα
1676 4178 1823 4228 ὲστῖν

257 4284 285 4332 ὁ
317 4279 567 4347 Χριστὸς,
597 4275 863 4338 τουτέστι,
899 4277 990 4327 καὶ
1016 4274 1193 4340 γένος,
1226 4273 1320 4324 καὶ
1349 4269 1591 4337 ἀξίωμα.
1630 4269 1699 4320 Ἦ
1730 4271 1824 4320 καὶ

261 4371 480 4435 ἑτέρως,
513 4368 595 4418 ὅτι
625 4364 830 4426 Πάντες
862 4358 942 4425 εἷς
975 4363 1208 4432 Χριστὸς
1237 4359 1510 4427 ἐγένεσθε,
1543 4357 1703 4426 σῶμα
1730 4358 1824 4409 αὺ-

260 4459 352 4510 τοῦ
381 4459 550 4516 ὀντες.

343 4547 716 4602 Ἐνδύσασθε
749 4542 882 4606 οὖν,
905 4545 982 4609 ὡς
1006 4545 1275 4597 ἐκλεκτοὶ
1311 4546 1416 4598 τοῦ
1451 4546 1622 4608 Θεοῦ,
1673 4545 1823 4613 ἅγιοι
1860 4537 1900 4588 1)

263 4641 358 4692 καί
394 4637 783 4705 ἠγαπημένοι.
825 4636 898 4689 Τὸ
929 4635 1148 4688 εὔκολον
1188 4637 1274 4688 ἀεὶ
1304 4637 1542 4689 δείκνυσι
1574 4638 1671 4705 τῆς
1694 4638 1825 4705 ἀρε-

263 4731 389 4798 τῆςο
416 4728 604 4796 ὥσπερ
622 4728 728 4795 γὰρ
757 4729 990 4794 ἱμάτιον,
1022 4727 1165 4778 οὕτω
1193 4727 1285 4778 καὶ
1307 4727 1508 4796 ταύτην
1532 4726 1824 4780 ἀναλαϐεῖν

264 4817 573 4885 δυνάμεθα·
603 4816 740 4868 ἀλλὰ
763 4817 872 4868 ’καὶ
904 4816 985 4867 ὅτι
1026 4816 1108 4868 δεῖ
1147 4819 1318 4889 αὐτὴν
1358 4819 1625 4889 διηνεκῶς
1659 4821 1822 4890 ἔχειν,

267 4911 363 4961 καὶ
394 4909 468 4970 ὡς
502 4907 688 4977 κόσμῳ
727 4908 994 4978 χρῆσθαι·
1038 4909 1112 4969 ὡς
1148 4910 1176 4961 ὅ
1229 4927 1291 4977 γε
1337 4912 1412 4982 μὴ
1447 4912 1585 4981 έχων
1604 4914 1827 4983 ταύτην,

267 5004 530 5070 ἀσχήμων
562 5002 657 5053 καὶ
686 5000 948 5069 ἄκοσμος.
983 5001 1092 5051 Καὶ
1126 5000 1241 5069 μετ’
1269 5003 1596 5072 ἐγκωμίουὴ
1629 5007 1825 5072 παραί-

267 5112 413 5156 νεσις
442 5093 534 5146 καὶ
581 5093 977 5162 ὑπερϐολικῶς.
1035 5093 1313 5159 Ἐγένοντο
1358 5096 1456 5164 μὲν
1504 5096 1611 5164 γὰρ
1658 5096 1827 5164 ἆγιοι,

268 5182 382 5234 ἁλλ’
409 5183 510 5234 οὐκ
527 5182 789 5246 ἐκλεκτοὶ,
808 5181 929 5234 οὐδὲ
946 5183 1288 5252 ἠγαπημένοι
1305 5184 1370 5216 ⁵³·
1400 5185 1553 5253 ὑμεῖς
1579 5185 1633 5237 δὲ
1655 5194 1826 5240 ταῦτα

270 5276 466 5329 πάντα.

339 5365 665 5434 Σπλὰγχνα
719 5369 1051 5435 οὶκτιρμῶν.
1097 5369 1211 5422 Οὐκ
1265 5364 1437 5436 εἶπεν,
1510 5371 1827 5425 Ἐνδύσασθε

271 5457 319 5508 ἒ)
333 5475 438 5522 εον,
465 5459 619 5519 ἀλλὰ,
661 5459 985 5525 Σπλάγχνα
1018 5460 1331 5528 οἰκτιρμῶν
1361 5462 1433 5490 ⁸³·
1462 5464 1576 5531 ἅμα
1599 5466 1712 5532 μὲν,
1744 5465 1826 5514 ἵνα

376 5592 402 5633 ιι
425 5594 565 5650 Psal.
620 5612 765 5655 xuv,
798 5597 849 5648 5.

1910 1982 2096 2041 Deum,
2130 1995 2246 2046 quae
2274 1994 2376 2031 non
2407 1979 2771 2042 consenescit,
2801 1979 2892 2032 sed
2943 1994 3216 2046 nunquam
3245 1994 3348 2030 non
3392 1978 3473 2029 vi-

1907 2080 1994 2139 get
2046 2072 2109 2124 ad
2145 2069 2232 2122 Dci
2263 2079 2315 2123 et
2348 2071 2645 2122 divinarum
2681 2085 2858 2124 rerum
2904 2071 3256 2139 agnitionem,
3279 2080 3332 2123 et
3355 2084 3475 2138 qua:

1909 2167 1961 2218 in
1989 2165 2102 2217 dies
2125 2163 2293 2231 magis
2312 2161 2588 2229 magisque
2621 2177 2752 2215 nova
2787 2164 3225 2216 demonstratur:
3252 2177 3315 2215 ac
3349 2177 3471 2214 cum

1910 2258 2164 2323 majorem
2191 2257 2460 2324 acceperit
2486 2257 2871 2324 cognitionem,
2900 2256 3251 2326 pluribusque
3278 2257 3473 2310 donata

1910 2348 2090 2408 fuerit,
2130 2347 2476 2400 valentiorem
2500 2360 2618 2400 sese
2642 2347 2881 2401 exhibet.

1983 2440 2281 2494 Secundum
2311 2440 2591 2507 imaginem
2631 2440 2746 2508 ejus
2794 2441 2884 2505 qui
2922 2441 3113 2494 creavit
3158 2443 3331 2496 illum.
3366 2443 3475 2496 lloc

1911 2544 1991 2589 est
2019 2533 2253 2597 Christi;
2313 2533 2749 2599 quandoquidem
2797 2541 2850 2585 et
2890 2531 3002 2598 ipse
3027 2532 3092 2585 ad
3119 2533 3336 2587 senium
3369 2550 3474 2588 non

1912 2626 2236 2694 pervenerit,
2291 2625 2382 2678 sed
2439 2625 2572 2677 adeo
2627 2623 2893 2676 formosus
2949 2633 3088 2684 erat,
3148 2634 3203 2677 nt
3249 2639 3315 2677 ne
3374 2625 3478 2678 dici

1910 2716 2129 2786 quidem
2171 2723 2384 2782 potest:
2444 2714 2721 2780 Speciosus
2772 2714 2940 2782 [arma
2972 2730 3081 2781 prce
3117 2714 3244 2780 [iliis
3303 2716 3478 2768 hami--

1913 2824 2033 2861 num
2059 2807 2105 2859 ἀ.
2143 2806 2425 2861 Peccatum
2466 2806 2607 2859 enim
2659 2819 2761 2858 non
2811 2803 2961 2869 fecit,
3021 2805 3164 2872 quod
3206 2806 3478 2859 hominem

1914 2900 2065 2954 senio
2092 2899 2312 2952 conficit
2349 2913 2412 2951 ac
2453 2897 2771 2964 corrumpit.
2829 2897 2893 2949 Et
2942 2912 3037 2950 nos
3083 2898 3243 2963 igitur
3292 2896 3482 2950 abillo

1914 2991 2118 3046 conditi
2146 2991 2440 3046 secundum
2479 2989 2767 3057 imaginem
2802 2989 2939 3056 ejus,
2987 3003 3186 3042 exuere
3216 2999 3270 3043 et
3321 2991 3483 3043 abra-

1915 3086 2041 3139 dere
2073 3085 2350 3144 debemus,
2379 3098 2500 3151 qute
2541 3098 2606 3136 ex
2634 3083 2869 3151 peccatis
2889 3082 3152 3145 nascitur,
3178 3085 3482 3152 corruptio-

1841 3203 1883 3258 ς
1919 3194 2037 3232 nem
2067 3187 2121 3230 et
2153 3177 2612 3230 inveterationem.
2650 3174 2990 3229 Creationem
3022 3185 3201 3229 autem
3224 3176 3481 3246 intellige,

1918 3287 2035 3342 qua:
2079 3272 2135 3323 fit
2189 3286 2286 3340 per
2334 3270 2657 3339 baptismum
2716 3278 2769 3323 et
2819 3270 3072 3339 optimam
3131 3271 3343 3325 vivendi
3396 3287 3488 3323 ra-

1921 3365 2144 3416 tionem.

1995 3454 2156 3507 \'ens.
2191 3454 2276 3507 il.
2311 3452 2406 3507 Ubi
2440 3470 2542 3508 non
2568 3463 2644 3508 est
2666 3452 2878 3507 Crwcus
2905 3465 2951 3507 et
2984 3452 3227 3507 ludens.
3251 3452 3362 3508 lloc
3381 3463 3484 3518 est,

1923 3547 2224 3611 proselytns
2258 3554 2308 3596 ct
2335 3541 2558 3597 Judaeus
2585 3557 2646 3596 ex
2693 3543 2984 3612 majoribus
3009 3545 3292 3597 oriundus.

1992 3631 2337 3688 Circumcisio
2391 3643 2438 3685 et
2492 3635 2803 3700 prwputium
2838 3673 2852 3696 ,
2913 3633 3199 3693 Barbarus.
3265 3632 3486 3703 Scytha,

1922 3745 2115 3788 servus.
2147 3728 2313 3778 liber:
2364 3726 2451 3779 sed
2483 3726 2677 3785 omnia,
2707 3733 2753 3778 et
2781 3727 2831 3776 in
2859 3725 3096 3777 omnibus
3118 3724 3380 3779 Christus.
3411 3726 3487 3779 Eu

1926 3820 2067 3870 aliud
2097 3819 2403 3870 encominm
2430 3817 2551 3869 novi
2601 3819 2894 3869 secundum
2929 3815 3204 3869 Christum
3233 3818 3489 3880 hominis,

1924 3909 2064 3977 quod
2095 3922 2270 3977 neque
2299 3908 2488 3976 gentis,
2509 3923 2682 3974 neque
2710 3908 3008 3975 dignitatis,
3029 3923 3200 3977 neque
3226 3908 3489 3977 majorum

1925 4001 1993 4054 ab
2023 4001 2140 4068 ipso
2170 4000 2462 4053 discrimen
2500 3999 2785 4064 habeatur,
2818 3999 2909 4052 sed
2933 3999 3207 4053 Christum
3237 4001 3354 4069 ejus
3372 4014 3492 4056 esse

1927 4090 2156 4158 signum.
2187 4087 2238 4140 lc
2267 4089 2517 4142 omnibus
2565 4090 2705 4142 enim
2745 4091 2836 4157 qui
2869 4091 2977 4143 vita
3015 4090 3309 4147 virtutibus
3362 4107 3492 4145 con-

1927 4183 2108 4250 spicua
2135 4190 2256 4234 sunt
2286 4180 2573 4241 eﬂ'ormati,
2606 4183 2784 4235 omnia
2811 4193 2892 4236 est
2925 4181 3197 4245 Christus,
3242 4184 3343 4238 hoc
3384 4194 3490 4250 est,

1927 4283 1979 4325 et
2008 4286 2194 4339 genus,
2224 4279 2277 4323 et
2304 4271 2557 4336 dignitas.
2616 4269 2709 4323 νει
2743 4273 2900 4325 aliam
2937 4275 3002 4326 ad
3033 4273 3298 4328 rationem
3326 4275 3490 4329 intel-

1931 4365 2062 4433 ligas
2095 4364 2311 4417 licebit:
2356 4378 2546 4432 nempe
2591 4368 2734 4433 quod
2791 4365 2990 4420 Omnes
3051 4383 3188 4422 unus
3243 4367 3492 4422 Christus

1932 4457 2051 4511 facti
2087 4457 2229 4520 sitis,
2262 4473 2381 4510 cum
2412 4471 2606 4524 corpus
2626 4457 2741 4524 ejns
2771 4459 2921 4511 estis.

2003 4546 2162 4600 VERS.
2197 4547 2281 4599 1‘2.
2318 4547 2532 4599 lndnite
2561 4564 2704 4614 ergo,
2734 4550 2868 4599 sicut
2906 4549 3054 4600 electi
3086 4549 3202 4614 Dei,
3233 4552 3398 4603 sancti
3445 4565 3492 4602 et

1929 4641 2126 4691 ditt-cli.
2164 4639 2635 4706 Facilenyvirtutis
2666 4651 2981 4706 apparatum
3010 4656 3221 4710 semper
3250 4643 3449 4696 indicat
3481 4661 3491 4694 :

1932 4739 1988 4783 ut
2017 4732 2157 4781 enim
2191 4730 2431 4796 pallium,
2469 4729 2547 4782 sic
2577 4739 2628 4781 et
2655 4733 2791 4784 hanc
2838 4747 3114 4786 assumere
3164 4748 3450 4800 possumus
3479 4750 3492 4785 :

1936 4828 2125 4881 deinde
2150 4841 2246 4880 nos
2265 4837 2512 4895 oportere
2531 4842 2649 4879 eam
2686 4828 2898 4881 assidue
2939 4828 3158 4891 habere,
3185 4845 3358 4896 eaque
3397 4845 3494 4883 ceu

1936 4930 2255 4973 ornamento
2283 4920 2390 4979 uti;
2420 4918 2553 4971 adeo
2581 4928 2638 4970 ut
2669 4918 2758 4985 qui
2785 4919 2884 4971 hac
2918 4927 3121 4982 careat,
3155 4921 3411 4975 deformis
3443 4930 3497 4975 et

1939 5013 2223 5064 indecorus
2248 5012 2335 5063 sit.
2372 5010 2665 5063 Encomion
2705 5021 2885 5064 autem
2926 5012 3188 5066 admiscet
3237 5014 3494 5067 adhorta-

1940 5103 2069 5156 tioni
2103 5104 2380 5157 eximium.
2430 5101 2562 5154 Nam
2612 5103 2881 5171 plerisque
2940 5104 3226 5171 contingit,
3277 5112 3332 5156 ut
3377 5103 3496 5157 sint

1939 5193 2133 5256 sancti,
2163 5193 2257 5246 sed
2310 5207 2412 5245 non
2456 5192 2634 5254 electi,
2695 5207 2867 5262 neque
2899 5194 3064 5248 etiam
3100 5193 3278 5247 dilecti
3319 5203 3444 5247 sunt
3482 5210 3494 5246 :

1939 5297 2031 5334 vos
2062 5295 2238 5335 autem
2277 5283 2406 5334 estis
2431 5283 2542 5336 haec
2566 5285 2768 5336 omnia.

2010 5373 2166 5443 491
2225 5373 2434 5426 Viscera
2488 5375 2877 5427 miseriwrdiaz.
2899 5375 3015 5429 Non
3069 5377 3227 5438 dixit,
3289 5375 3498 5428 lnduite

1942 5466 2386 5529 misericordiam,
2418 5466 2533 5526 sed,
2574 5465 2951 5519 Misericordia.-
2999 5470 3194 5520 viscera
3229 5467 3496 5536 :partim,

1596 5719 1792 5779 Variae
1846 5721 2148 5781 lectiones

344 5807 389 5842 ⁵⁸
435 5811 728 5882 διαφθορὰν
758 5814 836 5866 ἔτι
871 5815 997 5868 θεω.
1033 5832 1085 5868 o.
1162 5818 1206 5847 "
1241 5817 1610 5888 ἠγαπήθησαν
1633 5835 1681 5873 o.

516 5907 782 5966 lumen.
829 5910 944 5968 Gn.
984 5908 1257 5973 CXXIV.

1762 5821 1806 5851 ⁸³
1845 5821 2023 5882 ἐλέους
2056 5836 2103 5873 ο.

3033 5911 3105 5968 40
