4220 6444
243 407 378 472 1321

987 405 1401 465 EXPOSITIO
1440 404 1517 464 ΙΝ
1573 405 1807 463 EPIST.
1853 405 1878 461 ί
1923 405 2022 462 AD
2060 404 2322 463 THESS.

2401 431 2432 437 ί·
2464 406 2619 464 C.—\P.
2658 409 2718 467 Υ.
3335 408 3466 468 1322

3365 437 3465 468 ι).ζέ

241 520 388 583 τοῖς,
424 516 691 580 τουτέστι,
742 518 852 578 τοῖς
887 515 1246 575 διδασκάλοις.
1307 508 1425 565 Οἵδε
1473 514 1578 579 γὰρ
1621 512 1814 578 ἔχθρας
1849 521 1884 571 Α

1813 521 1884 571 Α
1919 512 2066 578 ipsis,
2111 513 2209 564 huc
2239 522 2342 573 est,
2403 515 2730 566 doctoribus.
2778 511 2931 567 Novit
2980 514 3123 568 enim
3172 513 3479 570 inimicitias

240 613 378 681 πρὸς
426 610 646 671 τούτους
677 610 999 678 τικτομένας
1025 624 1037 638 ”
1076 609 1134 670 ἐξ
1176 601 1250 659 ὧν
1291 607 1395 676 γὰρ
1437 605 1716 672 ἐλέγχουσι
1740 605 1807 667 '9,

242 703 337 753 καὶ
361 701 465 752 τῶν
489 701 672 752 κακῶν
703 699 1041 767 ἀπείργουσι,
1079 697 1388 766 μισοῦνται.
1425 697 1514 746 Δεῖ
1543 693 1633 745 οὖν
1661 694 1810 762 είρη-

241 793 416 844 νεύειν
444 794 558 861 μετ’
593 791 790 856 αὐτῶν,
827 789 919 842 καὶ
946 790 1005 841 οὐ
1040 788 1118 858 τῷ
1148 787 1253 854 ἔξω
1283 789 1543 857 σχήματι,
1580 785 1692 838 ἀλλ’
1750 788 1808 837 ἐν

236 884 476 945 ἑαυτοῖς.

317 972 783 1040 Παρακαλοῦμεν
818 969 886 1022 δὲ
912 968 1086 1038 ὑμᾶς,
1137 967 1389 1036 ἀδελφοὶ
1419 1008 1432 1032 ,
1479 965 1811 1020 νουθετεῖτε

241 1066 386 1132 τοὺς
417 1065 734 1129 ἀτάκτους.
796 1061 1062 1116 Ἐνταῦθα
1094 1060 1231 1131 πρὸς
1283 1059 1409 1121 τοὺς
1461 1058 1812 1119 διδασκάλους

244 1159 610 1212 ἁποτεινεται.
649 1155 739 1223 Μὴ
800 1153 894 1206 ἀπ’
938 1151 1207 1215 ἐξουσίας,
1240 1149 1422 1218 φησιν,
1455 1149 1488 1215 ἢ
1519 1147 1812 1208 αὐθαδείας

245 1248 628 1317 ἐπιπλήττετε,
655 1245 789 1297 ἀλλὰ
823 1243 1010 1312 πράως
1036 1242 1358 1294 νουθετεῖτε.
1400 1241 1461 1292 '0
1484 1238 1590 1308 γὰρ
1621 1242 1813 1290 ἀπονε-

243 1336 524 1403 νοημένος,
577 1333 908 1402 θρασύτερος
954 1331 1180 1399 γίνεται,
1221 1329 1349 1382 ὅταν
1394 1327 1809 1397 ὲπιπλὴσσεται.

249 1432 505 1478 ’Λτακτοι
533 1426 589 1477 δέ
619 1427 723 1477 εἰσι
751 1424 950 1484 πάντες
986 1423 1038 1474 oi.
1072 1422 1225 1486 παρὰ
1259 1422 1330 1473 τὰ
1383 1419 1462 1489 τῷ
1490 1418 1607 1487 Θεῷ
1629 1419 1814 1486 διωρι-

245 1519 420 1587 σμένα
451 1517 800 1586 πράττοντες.
854 1514 1022 1578 Τάξιν
1076 1514 1184 1583 γὰρ
1211 1512 1410 1582 ὥρισεν
1439 1511 1676 1580 ἑκάστῳ,
1701 1511 1766 1578 ἣν
1785 1511 1813 1560 ὁ

242 1608 621 1679 παραϐαίνων,
678 1607 930 1669 ἄτακτος.
995 1607 1054 1657 Ὀ
1102 1604 1338 1674 μεθύων,
1397 1604 1426 1655 ὁ
1474 1603 1734 1668 λοίδορος,
1783 1602 1813 1650 ὁ

244 1700 593 1767 πλεονέκτης,
648 1696 745 1750 καὶ
805 1696 1004 1758 πάντες
1052 1695 1101 1746 oi.
1128 1695 1552 1764 ἁμαρτάνοντες,
1587 1691 1690 1754 ἔξω
1711 1689 1810 1756 τῆς

242 1786 449 1851 τάξεως
473 1786 736 1855 βαίνουσι.

315 1874 764 1943 Παραμυθεῖσθε
805 1873 948 1938 τοὺς
982 1874 1410 1942 ὀλιγοψύχους.
1463 1874 1810 1944 Ὀλιγόψυχὸς

243 1970 389 2021 ἐστιν
417 1972 444 2020 ὁ
483 1967 558 2036 μὴ
587 1966 767 2036 φέρων
798 1965 1126 2034 πειρασμόν.
1161 1960 1333 2027 Οὗτός
1357 1968 1505 2018 ἐστιν
1543 1968 1570 2017 ὁ
1600 1967 1690 2018 ἐπὶ
1712 1967 1812 2031 τῆς

241 2062 450 2129 πέτρας
488 2058 734 2126 σπαρείς.
772 2059 953 2109 Δεῖται
989 2056 1082 2111 οὖν
1113 2059 1208 2110 καὶ
1235 2051 1387 2119 οὗτος
1440 2057 1812 2120 ἀναϐαστὰζε-

242 2149 391 2204 σθαι.

334 2244 674 2311 Ἄντέχεσθε
701 2242 820 2296 τῶν
846 2241 1138 2298 ἀσθενῶν.
1181 2242 1494 2304 Τουτέστιν,
1545 2241 1813 2309 Ὑποστη-

236 2333 422 2402 ρίζετε
450 2335 573 2395 τοὺς
598 2333 954 2396 ἀσθενοῦντας
979 2334 1108 2402 περὶ
1136 2332 1233 2402 τὴν
1257 2332 1462 2394 πίστιν,
1487 2331 1560 2393 ὡς
1604 2331 1696 2382 καὶ
1723 2331 1814 2382 ἁλ-

242 2423 430 2492 λαχοῦ,
469 2425 579 2477 Τὸν
609 2423 986 2478 ἀσθενοῦντα
1015 2420 1090 2488 τῇ
1121 2423 1321 2474 πίστει
1361 2421 1814 2489 προσλαμϐάνε-

236 2519 374 2578 σθε,
413 2516 564 2584 φησί.

315 2606 756 2674 Μακροθυμεῖτε
783 2607 936 2673 πρὸς
968 2606 1217 2671 πάντας.
1243 2609 1352 2660 Καὶ
1380 2609 1514 2678 πρὸς
1530 2610 1651 2670 τούς
1678 2610 1810 2660 ἀτα-

248 2715 427 2762 κτους,
483 2699 576 2750 καὶ
626 2699 760 2767 πρὸς
799 2699 924 2758 τοὺς
969 2697 1344 2766 ὀλιγοψύχους,
1387 2700 1642 2768 καὶπρὸς
1689 2699 1814 2759 τοὺς

242 2788 510 2851 ἀσθενεῖς.
544 2789 714 2841 Τοῦτο
747 2789 860 2859 γὰρ
887 2789 1188 2859 διδασκάλῳ
1223 2788 1646 2860 ἁρμοδιώτατον,
1682 2789 1814 2842 πάν-

244 2895 344 2940 τας
380 2878 634 2947 ὲντρέψαι
661 2879 865 2947 ἰσχύον,
898 2880 990 2933 καὶ
1022 2881 1144 2942 τοὺς
1169 2881 1554 2950 ἀγριωτάτους.

327 3051 530 3119 Ὀρᾶτε
554 3052 638 3121 μή
691 3069 779 3115 τις
811 3055 1004 3106 κακὸν
1040 3054 1174 3108 ἀντὶ
1224 3053 1410 3106 κακοῦ
1441 3070 1553 3106 τινι
1585 3054 1810 3118 ἀποδῷ.

247 3144 309 3195 Εἰ
351 3142 516 3194 κακὸν
541 3144 662 3195 ἀντὶ
713 3143 884 3196 κακοῦ
915 3144 1015 3197 οὐκ
1040 3143 1350 3208 ἀποδοτέον,
1398 3144 1577 3213 πολλῷ
1609 3145 1810 3215 μᾶλλον

1915 602 2175 655 adversus
2210 602 2306 655 hos
2332 604 2483 655 oriri.
2517 602 2652 667 Quia
2706 604 2848 656 enim
2907 606 3329 672 reprehendunt,
3363 620 3414 661 et
3449 629 3476 662 ιι

1917 693 2072 747 malis
2106 704 2310 756 arcem,
2339 694 2462 748 odio
2507 694 2788 747 habentur.
2843 693 3065 761 Oportet
3106 697 3268 763 igitur
3292 713 3476 764 pacem

1915 798 2009 838 vos
2060 785 2260 839 habere
2292 801 2412 839 cum
2449 787 2600 852 ipsis,
2643 789 2800 856 idque
2846 801 2951 840 non
3009 795 3230 842 externa
3279 794 3475 857 specie,

1914 875 2006 930 sed
2043 877 2093 928 in
2131 877 2283 929 vobis
2319 879 2468 945 ipsis.

1989 966 2146 1020 Vens.
2178 969 2264 1020 M.
2292 968 2551 1037 Rogamus
2580 975 2752 1024 autem
2799 990 2906 1040 vos,
2962 973 3173 1042 fratres,
3207 977 3427 1029 admone
3452 995 3478 1028 e

1915 1062 2261 1114 inordinatos.
2319 1058 2414 1114 Hic
2460 1061 2526 1114 ad
2575 1063 2823 1119 doctores
2869 1070 3134 1122 convertit
3184 1083 3322 1124 sese.
3381 1070 3475 1130 Νη,

1917 1147 2108 1216 inquit,
2143 1165 2237 1218 per
2262 1151 2530 1205 licentiam
2554 1151 2631 1204 vel
2668 1158 3028 1223 arrogantiam
3054 1174 3146 1212 eos
3177 1159 3476 1226 obiurgata,

1915 1239 2006 1291 sed
2062 1249 2340 1293 mansuete
2378 1241 2681 1298 admonete.
2732 1244 2832 1309 Qui
2862 1248 3003 1301 enim
3039 1263 3226 1304 vecors
3271 1261 3374 1316 est,
3423 1257 3480 1304 ιιι

1916 1329 2182 1396 asperior,
2247 1330 2292 1384 si
2341 1331 2678 1400 obiurgetur.
2740 1334 3032 1390 lnordinati
3106 1349 3284 1393 autem
3353 1353 3474 1396 suut

1909 1434 2100 1474 onmes
2124 1421 2212 1488 qui
2243 1419 2396 1475 aliter
2424 1433 2590 1490 agunt
2616 1439 2775 1492 quam
2812 1441 2839 1480 a
2875 1426 2984 1481 Deo
3015 1429 3085 1483 sit
3115 1432 3417 1485 ordinatum
3457 1452 3474 1487 ε

1914 1512 2158 1564 ordinem
2202 1511 2345 1565 enim
2383 1514 2673 1582 unicuique
2725 1520 2934 1584 statuit,
2966 1535 3123 1588 quem
3167 1525 3254 1590 qui
3304 1533 3475 1578 trans-

1910 1604 2173 1672 greditur,
2207 1604 2540 1660 inordinatus
2580 1617 2681 1662 est.
2715 1607 3087 1676 Temulentus,
3119 1617 3475 1676 conviciator.

1910 1710 2131 1760 avarus,
2158 1698 2398 1768 adeoque
2434 1714 2622 1754 omnes
2649 1713 2871 1770 peccata
2907 1709 3308 1764 committentes
3331 1712 3476 1765 ordi-

1920 1801 2040 1839 nem
2077 1789 2562 1857 transgrediuntur.

1841 1849 1883 1902 Β
1986 1849 2346 1933 Consolamini
2396 1883 2772 1948 pusillanimes.
2831 1887 3200 1945 Pusillauimis
3237 1901 3336 1957 est,
3389 1899 3478 1963 qui

1917 1985 2021 2022 non
2061 1970 2290 2023 sustinet
2325 1972 2695 2025 tentationem.
2731 1973 2826 2029 llic
2852 1987 2935 2029 est
2959 1980 3051 2046 qui
3085 1996 3248 2050 super
3273 1993 3477 2050 petram

1914 2060 2210 2112 semiuatus
2247 2069 2330 2114 est
2358 2067 2403 2113 ο.
2435 2059 2536 2116 Iste
2564 2063 2744 2132 itaque
2783 2072 3189 2136 supportatione
3216 2064 3436 2144 indiget.

1989 2237 2256 2292 Sustinete
2286 2239 2541 2307 inﬁrmos.
2577 2241 2686 2295 Hoc
2718 2253 2821 2308 est,
2858 2244 3063 2302 Fulcitc
3094 2250 3338 2306 inﬁrmos
3374 2256 3482 2308 cir-

1917 2345 1976 2383 ca
2009 2333 2188 2393 iidem,
2224 2333 2446 2399 perinde
2473 2349 2536 2389 ac
2567 2335 2671 2390 alio
2701 2338 2750 2390 in
2783 2339 2919 2404 luco,
2966 2339 3248 2408 Inﬁrmum
3298 2348 3350 2399 in
3379 2348 3481 2415 ﬁde

1917 2424 2163 2490 suscipite
2193 2433 2242 2483 Ρ,
2266 2424 2454 2492 inquit.

1995 2595 2253 2650 Patientes
2285 2608 2447 2652 estote
2471 2617 2593 2670 erga
2645 2620 2839 2660 omnes.
2874 2606 2934 2660 Et
2973 2623 3098 2677 erga
3131 2613 3478 2674 inordinatos.

1917 2694 1971 2737 et
2021 2700 2147 2753 erga
2183 2687 2569 2754 pusillanimes,
2599 2699 2651 2744 et
2675 2692 2835 2765 526
2864 2710 2990 2766 erga
3023 2699 3264 2758 inlirmos
3313 2721 3327 2756 :
3381 2708 3482 2760 hoc

1917 2777 2061 2831 enim
2113 2777 2320 2833 doctori
2376 2791 2460 2834 est
2519 2787 3104 2855 convenientissimum,
3177 2808 3366 2849 omnes
3415 2800 3482 2851 ad

1919 2868 2176 2935 pudorem
2234 2879 2551 2929 convertere
2612 2877 2812 2940 valens,
2877 2880 3036 2933 etiam
3110 2886 3188 2938 vel
3249 2891 3480 2944 maxime

1916 2970 2176 3027 agrestes.

1993 3048 2150 3105 Vens.
2181 3053 2266 3107 15.
2308 3054 2484 3109 Videte
2517 3040 2578 3111 ne
2607 3061 2720 3126 quis
2762 3066 2954 3115 malum
3005 3082 3098 3130 pro
3129 3072 3266 3121 malo
3320 3072 3484 3126 atictu'

1919 3144 2126 3196 reddat.
2154 3144 2210 3198 Si
2249 3146 2446 3200 malum
2493 3164 2589 3218 pro
2641 3151 2780 3207 malo
2826 3171 2932 3210 non
2983 3168 3070 3213 est
3124 3163 3476 3232 reddendum,

245 3233 414 3284 κακὸν
446 3235 568 3285 ἀντὶ
612 3234 842 3300 ἀγαθοῦ,
876 3235 908 3304 ἢ
943 3235 1105 3303 ἄρξαι
1157 3235 1350 3299 κακοῦ,
1395 3238 1488 3290 καὶ
1515 3208 1622 3290 rev-
1639 3237 1806 3306 μηδὲν
1839 3208 1881 3267 c

1839 3208 1881 3267 (ἶ
1917 3235 2089 3289 multo
2116 3237 2282 3305 magis
2316 3252 2414 3308 pro
2448 3208 2586 3296 bona
2619 3243 2842 3300 reddere
2881 3249 3101 3312 malum,
3135 3262 3228 3308 aut
3275 3208 3474 3314 malum

246 3324 534 3392 βλάψαντα
565 3325 950 3393 κακοποιῆσαι.

330 3499 514 3552 Ἀλλὰ
555 3498 810 3551 πάντοτε
834 3500 896 3552 τὸ
928 3501 1152 3568 ἀγαθὸν
1174 3501 1430 3569 διώκετε,
1459 3507 1555 3558 καὶ
1591 3510 1676 3572 εὶς
1704 3509 1812 3560 ἁλ-

242 3581 499 3658 λήλουξ,
523 3591 618 3644 καὶ
644 3592 856 3656 εὶςπάν
877 3608 1000 3656 τας.
1027 3593 1138 3645 Οὐκ
1159 3596 1396 3663 ἀρκεῖτύ
1424 3598 1497 3668 μὴ
1524 3598 1813 3652 ἀποδοῦναι

245 3685 394 3735 κακὰ
435 3685 552 3735 ἀντὶ
587 3682 796 3748 κακῶν,
861 3682 994 3735 ἀλλὰ
1049 3685 1174 3756 χρὴ,
1208 3688 1360 3756 φησι,
1430 3690 1522 3740 καὶ
1590 3689 1813 3755 ἀγαθοῖς

243 3775 565 3844 ἀμείεεςθαι
590 3774 680 3827 τὸν
706 3777 1165 3844 κακοποιῆσαντα.
1199 3780 1365 3832 Τοῦτο
1409 3783 1518 3848 γὰρ
1548 3783 1697 3849 δηλοῖ
1725 3783 1811 3835 διὰ

243 3867 340 3918 τοῦ
368 3870 557 3932 εἰπεῖν,
607 3866 849 3919 Διώκετε
879 3872 945 3920 τὸ
968 3869 1212 3935 ἀγαθόν·
1246 3872 1542 3934 τουτέστιν,
1598 3874 1811 3925 Ἐπιτε-

242 3960 494 4027 captiva);
531 3959 857 4020 σπουδάζετε
888 3960 1259 4026 ἁγαθοποιεῖν,
1293 3965 1387 4015 καὶ
1420 3968 1498 4027 είς
1527 3965 1808 4033 ἀλλήλους,

241 4051 544 4113 τουτέστιν,
573 4051 651 4113 είς
672 4051 795 4111 τοὺς
817 4053 1062 4116 πιστοὺς,
1087 4056 1178 4104 καὶ
1201 4057 1280 4116 εἰς
1305 4056 1808 4123 πάντας,τουτέστι,

244 4143 342 4193 καὶ
367 4146 444 4202 εἰς
477 4141 752 4202 ἀπίττους.

319 4232 579 4287 Πάντοτε
627 4239 883 4305 χαίρετε.
921 4239 1038 4292 Κᾶν
1069 4241 1394 4309 πειρασμοῖς
1450 4241 1806 4310 περιπέσητε.

249 4324 394 4391 ’Ὅρα
421 4325 493 4387 δὲ,
531 4327 610 4377 ὅτι
646 4329 784 4394 μετὰ
817 4330 877 4381 τὸ
922 4331 1119 4393 εἰπεῖν,
1173 4331 1338 4383 ὅτιού
1368 4332 1447 4382 δεῖ
1496 4337 1664 4384 κακὸν
1690 4335 1809 4385 ἀντὶ

245 4413 416 4464 κακοῦ
465 4415 757 4469 ἀποδοῦναι
814 4418 882 4480 ⁶⁰,
923 4420 1042 4470 τότε
1093 4422 1302 4490 χαίρειν
1358 4422 1705 4490 προσέταξεν.
1750 4423 1808 4475 Ὀ

1919 3324 2202 3390 inchoare,
2226 3339 2279 3381 et
2309 3344 2452 3393 eum,
2473 3333 2565 3399 qui
2600 3349 2703 3388 non
2736 3334 2890 3403 lazsit,
2922 3339 3353 3405 injuria'allicere
3373 3365 3479 3406 non

1914 3425 2143 3483 oportet.

1988 3506 2089 3561 Sed
2117 3526 2315 3578 semper
2360 3516 2498 3582 quod
2530 3519 2718 3572 bonum
2743 3531 2818 3575 est
2839 3529 3112 3582 sectamini
3143 3531 3197 3584 in
3235 3535 3474 3602 invicem,

1914 3600 2036 3652 etin
2058 3617 2251 3655 omnes.
2285 3603 2398 3658 Non
2436 3610 2569 3664 satis
2593 3621 2697 3678 est,
2729 3615 2865 3668 mala
2897 3632 2992 3686 pro
3019 3623 3172 3676 malis
3206 3641 3311 3681 non
3353 3600 3473 3686 red;

1915 3690 2060 3754 dere,
2088 3693 2180 3747 sed
2203 3705 2433 3761 oportet,
2462 3700 2655 3769 inquit,
2686 3708 2848 3760 etiam
2885 3709 3038 3765 bonis
3069 3717 3468 3775 malefactorem

1915 3795 2284 3851 compensare.
2320 3786 2428 3844 Hoc
2460 3793 2603 3846 enim
2639 3796 2839 3851 indicat
2881 3813 3003 3854 cum
3048 3806 3140 3870 ait,
3193 3807 3475 3867 Sectamim'

1913 3877 2050 3940 quod
2083 3876 2272 3930 bonum
2306 3893 2406 3944 est,
2447 3884 2548 3937 hoc
2571 3897 2672 3948 est,
2717 3889 2958 3958 Impense
3001 3899 3210 3954 studete
3254 3902 3477 3959 benefa-

1914 3978 2054 4032 cere,
2108 3979 2161 4021 et
2207 3971 2257 4023 iu
2288 3973 2534 4040 invicem,
2592 3978 2695 4034 hoc
2750 3993 2851 4046 est,
2900 3999 3026 4055 erga
3090 3991 3295 4058 ﬁdeles,
3332 4007 3386 4052 et
3423 4002 3473 4053 iu

1915 4076 2125 4127 omnes,
2157 4067 2209 4118 id
2239 4078 2341 4131 est,
2369 4085 2491 4138 erga
2527 4075 2687 4128 etiam
2724 4077 2980 4137 inﬁdeles.

1984 4233 2146 4289 Vens.
2177 4237 2261 4291 16.
2292 4240 2506 4310 Semper
2533 4247 2771 4314 gaudete.
2813 4251 3032 4310 Etiamsi
3065 4257 3117 4311 in
3153 4263 3476 4321 tentationes

1913 4325 2228 4381 incideritis.
2263 4329 2500 4387 Observa
2546 4347 2724 4392 autem
2751 4344 2894 4409 quod
2934 4357 3282 4418 posteaquam
3311 4355 3477 4410 dixis-

1913 4423 1994 4466 set
2021 4429 2124 4467 non
2158 4430 2278 4470 esse
2310 4422 2503 4475 malum
2545 4427 2688 4480 malo
2726 4433 3076 4498 pensandum,
3115 4448 3240 4492 tuuc
3278 4457 3475 4508 praece-

243 4502 355 4572 γάρ
391 4502 697 4564 παιδευθεὶς
730 4505 932 4573 μηδένα
962 4507 1282 4574 ἀμύνεσθαι,
1320 4508 1456 4561 ἀλλὰ
1486 4510 1683 4578 μᾶλλον
1714 4512 1807 4563 καὶ
1834 4525 1886 4584 D

1805 4525 1886 4584 ,Β
1913 4503 2049 4568 perit
2100 4505 2382 4561 laetandum
2419 4525 2558 4566 esse.
2601 4515 2735 4570 Nam
2779 4523 2867 4587 qui
2903 4523 3174 4581 institutus
3204 4502 3292 4585 est
3315 4544 3374 4587 ut
3407 4537 3471 4590 dc

242 4591 551 4657 εὐεργετεῖν
587 4595 674 4644 τὸν
697 4595 1030 4665 λυπήσαντα,
1062 4598 1221 4651 πόθεν
1264 4601 1324 4652 τὸ
1345 4602 1439 4671 τῆς
1466 4600 1640 4672 λύπης
1682 4605 1804 4655 κέν-

243 4698 373 4749 τρον
402 4683 736 4752 είσδέξεται;
808 4704 818 4711 ·

330 4869 734 4938 Ἀδιαλείπτως
760 4876 1167 4942 προσεύχεσθε
1200 4892 1211 4904 ·
1244 4878 1315 4930 ἐν
1351 4879 1528 4936 παντὶ
1572 4881 1805 4947 εὐχαρι-

245 4958 462 5012 στεῖτε.
494 4960 602 5029 Τὴν
637 4962 755 5014 ὁδὸν
785 4963 951 5028 ἔδειξε
989 4966 1084 5018 τοῦ
1119 4968 1208 5019 ἀεὶ
1236 4968 1468 5036 χαίρειν,
1505 4968 1602 5038 τὴν
1654 4971 1804 5021 ἀδιά-

247 5049 463 5100 λειπτον
494 5053 800 5122 προσευχὴν
847 5057 938 5106 καὶ
989 5058 1358 5125 εὐχαριστίαν.
1421 5059 1478 5111 ’0
1524 5061 1632 5127 γὰρ
1692 5060 1804 5110 ἐθι-

251 5137 395 5198 σθεὶς
449 5140 656 5206 ὁμιλεῖν
717 5142 796 5212 τῷ
849 5144 988 5213 Θεῷ,
1051 5149 1141 5198 καὶ
1169 5147 1510 5218 εὐχαριστεῖν
1540 5151 1686 5218 αὐτῷ
1714 5151 1807 5201 ἐπὶ

248 5230 432 5292 πᾶσιν,
485 5231 558 5292 ὡς
589 5237 970 5302 συμφερόντως
1028 5238 1400 5306 συμϐαίνουσι,
1428 5242 1689 5310 πρόδηλον
1723 5243 1804 5293 ὅτι

248 5321 419 5387 χαρὰν
444 5321 551 5386 ἕξει
583 5322 823 5391 διηνεκῆ.

387 5547 408 5567 ⁶
435 5537 624 5594 Matth.
655 5558 772 5604 xm,
805 5544 855 5597 5.
1006 5556 1030 5593 Ρ
1065 5546 1218 5600 Rom.
1264 5564 1369 5614 le,
1406 5549 1454 5602 1.

1916 4597 2131 4648 nemine
2178 4612 2237 4651 se
2280 4599 2587 4667 ulciscatur,
2624 4609 2714 4661 sed
2759 4612 3032 4669 beneﬁciis
3066 4621 3242 4684 potius
3286 4639 3472 4692 prose-

1913 4695 2106 4752 quatur
2133 4702 2254 4741 eum
2285 4692 2373 4757 qui
2402 4695 2801 4754 contristaverit
2823 4717 2901 4769 se,
2930 4709 3193 4764 uudenam
3226 4720 3475 4772 mmroris

1916 4778 2194 4832 Stimulqu
2221 4783 2483 4851 accipiet?

1985 4870 2144 4924 Vens.
2174 4872 2256 4925 17.
2304 4873 2425 4928 Sine
2459 4878 2836 4937 intermissione
2891 4898 3038 4943 orate
3075 4909 3091 4944 :
3144 4895 3196 4948 in
3237 4903 3473 4955 omnibus

1914 4962 2114 5027 gratias
2171 4967 2324 5032 agite.
2381 4967 2528 5021 Viam
2572 4983 2834 5030 monstrat
2869 4995 2974 5048 qua
3029 4983 3121 5039 liat
3166 4997 3224 5042 ut
3264 5005 3473 5062 semper

1915 5053 2262 5117 gaudeamus,
2299 5059 2601 5115 orationem
2644 5065 2894 5122 nimirum
2930 5072 3045 5127 sine
3073 5053 3473 5137 intermissione

1913 5149 2072 5208 atque
2109 5145 2400 5209 gratiarum
2437 5152 2721 5209 actionem.
2761 5157 2862 5222 Qui
2899 5163 3040 5216 enim
3083 5171 3320 5225 assuevit
3347 5187 3468 5228 cum

1914 5230 2021 5284 Deo
2056 5237 2276 5301 versari,
2315 5239 2471 5308 eique
2494 5247 2692 5312 gratias
2720 5262 2877 5317 agere
2913 5254 2966 5307 in
3005 5259 3254 5316 omnibus
3289 5264 3467 5328 rebus,

1919 5328 2170 5388 tanquam
2219 5328 2423 5381 utiliter
2465 5334 2911 5406 contingentibus,
2949 5345 3164 5413 planum
3214 5359 3297 5406 est
3327 5355 3468 5422 quod

1919 5425 2232 5483 perpetuum
2270 5421 2518 5485 gaudium
2554 5425 2829 5486 habiturus
2859 5445 2960 5487 est.

1564 5665 1760 5724 Variae
1799 5663 2122 5728 lectiones.

322 5780 366 5811 ua
393 5780 699 5849 ἐλέγχονται
730 5799 782 5837 ο,
861 5784 904 5812 δ’
925 5785 1232 5838 ἀποδιδόναι
1265 5804 1315 5840 0.

570 5880 829 5940 ΡΑτιιοι.
882 5881 995 5940 Gn.
1048 5881 1307 5946 CXXIV.

3078 5907 3152 5969 42
