4220 6444
754 385 889 447 1393

1663 377 2133 437 TilEOPllYl.At
2149 378 2240 435 l'l'l
2276 375 2372 435 ΒΕ
2386 374 2682 433 [.GARHS
2721 374 3073 437 ARCIIIEP.

3872 376 4017 442 133’s

822 483 980 537 Vens.
1012 479 1092 534 l8.
1146 475 1273 532 Haec
1316 476 1451 530 enim
1497 486 1569 531 est
1617 477 1853 531 roiuntas
1892 477 1984 530 Dei
2022 479 2075 530 in
2109 476 2317 531 Christo
2350 482 2381 535 Α

2498 474 2677 529 Τοῦτο
2711 475 2821 545 γὰρ
2848 475 3076 547 θέλημα
3106 478 3252 532 Θεοῦ
3280 478 3349 531 ἐι·
3379 474 3609 547 Χριστῷ
3656 479 3867 548 Ἰησοῦ
3924 488 4019 549 εις

746 576 871 631 Jesn
900 589 1019 641 erga
1040 586 1143 625 vos.
1178 569 1459 634 Quomodo
1487 577 1666 625 autem
1691 583 1905 638 semper
1928 571 2128 637 gratias
2154 571 2317 637 ages?

750 664 803 717 Si
827 661 1108 731 agnoveris
1139 659 1277 713 hanc
1305 673 1422 713 esse
1448 659 1778 711 voluntatem
1809 658 1920 722 Dei,
1950 668 2005 712 ut
2032 659 2107 711 sis
2133 669 2318 727 gratus

746 765 870 818 erga
910 751 1105 818 ipsum,
1131 763 1227 802 ceu
1255 762 1375 801 eum
1411 748 1500 816 qui
1531 762 1743 816 semper
1788 747 1881 801 tibi
1934 749 2235 802 benet‘aciat
2264 748 2315 801 in

745 841 965 895 Chrism
1000 838 1123 894 Jcsn
1148 880 1162 903 ,
1203 839 1303 892 hoc
1329 846 1433 902 est,
1463 852 1555 904 per
1581 835 1790 891 Domini
1821 836 1942 893 Jesn
1972 837 2170 892 Christi
2196 852 2319 892 coo-

746 932 1102 999 perationem.
1139 928 1346 982 Etenim
1377 928 1490 996 ipse
1525 928 1678 982 nobis
1716 928 1780 981 ad
1818 929 2111 998 gratiarum
2143 930 2317 983 actio-

748 1041 869 1078 nem
901 1020 1113 1089 adjutor
1140 1029 1243 1084 est,
1279 1019 1367 1087 qui
1413 1028 1469 1072 et
1510 1019 1691 1073 docuit
1725 1033 1823 1073 nos
1855 1019 1991 1074 istuc
2018 1020 2214 1086 facere,
2260 1029 2317 1073 ut

745 1130 809 1168 ex
842 1111 1131 1182 Evangelia
1160 1110 1467 1165 didicimus.

820 1206 978 1259 Vens.
1006 1204 1094 1269 l9,
1115 1203 1205 1257 20.
1233 1201 1490 1269 Spiritum
1516 1202 1671 1256 nolite
1691 1210 2040 1273 exstinguere.
2084 1201 2318 1271 Prop/te-

748 1296 845 1345 tias
883 1296 1041 1346 nolite
1072 1308 1330 1360 spernere.
1369 1292 1501 1357 Quia
1542 1306 1642 1344 nox
1674 1302 1755 1346 cst
1782 1308 2017 1361 praesens
2046 1297 2157 1347 haec
2182 1296 2313 1358 vita,

746 1387 891 1440 dedit
946 1386 1098 1438 nobis
1152 1383 1450 1452 lampadem
1491 1383 1649 1445 Dens,
1704 1384 1964 1453 Spiritum
2018 1396 2313 1440 sanctum:

746 1480 839 1531 sed
893 1478 1031 1529 hanc
1083 1475 1171 1528 alii
1221 1475 1440 1543 quidem
1493 1474 1906 1543 splendidiorem
1942 1476 2205 1539 fecerunt,
2258 1488 2317 1533 ut

749 1583 936 1622 omnes
974 1567 1144 1621 sancti
1177 1566 1303 1620 :alii
1338 1581 1466 1622 vero
1504 1568 1915 1645 .exstinxerunt,
1964 1578 2023 1623 ut
2078 1572 2315 1639 quinque

746 1656 1000 1726 virgines,
1037 1655 1137 1709 olei
1197 1657 1411 1711 inanem
1461 1657 1595 1709 hanc
1636 1656 1968 1712 dimittentes
1994 1674 2008 1712 :
2035 1671 2091 1713 ut
2134 1661 2178 1714 is
2220 1661 2313 1730 qui

745 1748 992 1822 Qorintbi
1030 1746 1328 1803 fornicatus
1369 1758 1507 1811 erat,
1534 1761 1749 1802 omnum
1787 1765 1916 1805 sane
1954 1751 2078 1805 huic
2127 1767 2314 1822 super-

744 1818 998 1893 faudens.
1042 1838 1134 1892 Ait
1178 1839 1377 1906 itaque,
1431 1838 1689 1907 Spiritum
1735 1855 1796 1893 ne
1839 1841 2170 1912 exstinguite,
2194 1818 2317 1899 -hoc

744 1939 829 1986 est
855 1931 1050 1985 donum
1087 1930 1360 1984 :claudite
1409 1931 1605 2000 januas
1634 1932 1749 1986 sive
1778 1946 1994 1997 sensus,
2026 1948 2094 1989 ne
2137 1936 2317 2003 ingre-

752 2021 931 2076 diatur
970 2022 1198 2091 spiritus
1250 2021 1489 2087 malitiae,
1534 2036 1636 2077 nec
1667 2023 2042 2093 esstinguatur
2086 2024 2311 2094 lampas.

743 2111 824 2168 Ne
856 2112 1113 2181 injiciatis
1146 2112 1424 2181 pulverem
1458 2128 1551 2167 seu
1595 2124 1840 2169 terrenas
1868 2130 2031 2171 curas
2065 2134 2078 2169 :
2116 2117 2194 2170 sic
2225 2117 2317 2171 lict

748 2214 808 2258 ut
842 2203 1297 2274 inexstinguibilis
1328 2215 1699 2262 conservetur.
1726 2204 1822 2261 Vel
1844 2208 1987 2263 [tunc
2008 2207 2073 2262 ad
2096 2210 2312 2263 modum

746 2297 1090 2364 interpretari
1143 2298 1318 2366 possis
1352 2314 1365 2349 :
1398 2296 1633 2351 Fuerunt
1669 2299 1808 2366 apud
1846 2299 1988 2367 ipsos
2038 2301 2314 2370 propheta

744 2385 861 2449 Dei,
893 2397 946 2440 et
991 2386 1269 2455 propheta:
1306 2387 1426 2440 vani
1461 2405 1473 2441 :
1503 2390 1756 2455 quoniam
1808 2398 1986 2441 autem
2049 2389 2310 2444 incertum

744 2486 889 2529 esset
915 2479 1019 2530 utri
1063 2488 1247 2533 essent
1284 2480 1417 2541 veri,
1450 2493 1639 2532 omnes
1689 2479 1843 2532 simul
1904 2480 2312 2539 aversabantur.

748 2565 908 2636 527
939 2568 1029 2621 Ait
1076 2568 1257 2638 itaque
1295 2569 1425 2636 ipsis
1452 2586 1466 2623 :
1493 2567 1772 2637 Spiritum,
1825 2571 1925 2624 hoc
1980 2582 2063 2625 est
2114 2572 2311 2626 donum

744 2663 883 2730 quod
904 2674 987 2717 est
1010 2663 1065 2716 in
1088 2664 1231 2720 veris
1256 2664 1550 2733 prophetis,
1575 2680 1638 2719 ne
1660 2666 1995 2735 exstinguite,
2024 2681 2120 2720 eos
2159 2682 2313 2735 atque

745 2770 807 2807 ac
830 2755 1323 2825 pseudOprophetas
1364 2758 1889 2826 aversando;neque
1921 2758 2159 2827 spernite
2195 2774 2312 2813 ma-

746 2856 935 2902 nantes
968 2862 1034 2901 ει
1065 2846 1267 2916 Spiritu
1292 2859 1480 2904 sancto
1512 2850 1848 2919 prephetias.

820 2936 1090 2990 Vens.21.
1137 2937 1329 2992 Omnia
1391 2949 1569 2994 autem
1633 2941 1884 3009 probate:
1923 2944 2061 3014 quod
2120 2944 2311 2998 bonum

743 3039 819 3082 est
844 3037 1027 3084 tenete.
1074 3028 1211 3094 Quid
1247 3031 1447 3100 igitur?
1470 3033 1791 3102 recipiemus
1824 3049 1953 3104 ergo
1991 3046 2044 3089 ct
2079 3038 2311 3105 pseudo-

745 3120 1319 3190 prOphetaleinime,
1348 3124 1539 3192 inquit.
1571 3123 1676 3178 Sed
1708 3126 1889 3179 omnia
1920 3128 2181 3194 probate;
2209 3130 2309 3185 hoc
2337 3146 2381 3207 ο

744 3220 847 3273 est,
872 3220 925 3266 et
964 3226 1097 3265 vana
1134 3223 1187 3265 et
1218 3226 1344 3266 vera
1378 3228 1499 3266 cum
1531 3215 1929 3270 examinatione
1968 3217 2230 3286 judicate,
2259 3229 2309 3273 et

745 3311 857 3354 tum
904 3303 1045 3371 quod
1085 3304 1259 3358 visum
1288 3313 1372 3358 est
1402 3305 1554 3360 vobis
1607 3306 1831 3371 bonum,
1868 3308 1966 3362 hoc
1993 3320 2094 3374 est,
2155 3324 2311 3366 veras

745 3391 1053 3461 prophetias
1076 3394 1368 3458 continete,
1406 3396 1504 3449 hoc
1524 3404 1627 3461 est,
1656 3398 1934 3462 honorate,
1962 3407 2166 3452 curate.

816 3565 979 3620 Vens.
1008 3566 1097 3619 2'2.
1130 3567 1205 3619 Ab
1242 3568 1381 3619 omni
1408 3568 1572 3635 specie
1611 3568 1752 3621 mala
1783 3570 2058 3623 abstinete.
2091 3568 2207 3625 Non
2246 3571 2313 3625 ab

744 3646 847 3711 hac
870 3658 950 3710 vel
984 3658 1053 3711 ab
1093 3659 1178 3711 illa
1214 3666 1437 3724 tantum,
1472 3674 1656 3713 verum
1685 3660 2002 3731 simpliciter
2026 3661 2093 3717 ab
2138 3664 2310 3730 omni,

746 3755 798 3798 et
830 3761 856 3797 a
886 3748 1143 3815 propheta
1176 3748 1460 3811 mendacii,
1490 3758 1539 3802 et
1563 3764 1591 3801 a
1620 3760 1857 3817 peceato.

820 3837 982 3892 Vnus.
1018 3839 1108 3891 25.
1167 3838 1286 3907 Ipse
1329 3849 1507 3893 autem
1556 3839 1695 3895 Deus
1725 3842 1869 3909 pacis
1902 3845 2188 3914 sanctiﬁret
2224 3862 2310 3900 vos

743 3942 837 3994 per
859 3927 1057 3979 omnia.
1089 3926 1212 3979 Post
1255 3928 1685 3983 exhortationem
1741 3929 2102 3997 precationem
2145 3932 2313 3984 addu-

748 4018 841 4078 cit,
879 4028 985 4083 quo
1031 4014 1284 4082 utrinque
1328 4016 1673 4069 securitatem
1726 4016 1980 4070 habeant.
2014 4016 2152 4082 Quid
2186 4032 2312 4071 vero

740 4117 847 4167 est,
880 4122 971 4170 per
992 4107 1164 4157 omnia
1191 4107 1215 4158 ?
1238 4105 1349 4159 Hoc
1380 4117 1482 4173 est,
1505 4122 1728 4175 corpore
1751 4117 1805 4160 et
1833 4108 2032 4172 animo,
2068 4119 2124 4160 ut
2159 4108 2312 4160 dein-

744 4211 873 4264 ceps
896 4198 1090 4250 disces.

815 4290 892 4341 Ac
944 4291 1138 4354 integer
1190 4298 1350 4341 rester
1402 4289 1640 4355 spiritus,
1687 4299 1733 4341 et
1783 4291 1981 4353 anima,
2026 4297 2075 4342 et
2125 4305 2311 4358 corpus

745 4381 1003 4448 inculpata
1030 4382 1083 4433 in
1105 4383 1326 4433 adventu
1356 4379 1562 4432 Domini
1594 4380 1761 4433 nostri
1802 4376 1928 4433 Jesn
1955 4378 2148 4433 Christi
2186 4397 2311 4434 ser-

2424 562 2598 633 ῠμᾶς.
2636 565 2759 627 Πῶς
2788 565 2842 618 δὲ
2867 567 2953 619 ἀεὶ
2978 568 3429 637 εὐχαριστήσεις
3488 571 3612 621 Ἐὰν
3647 573 3893 643 έπιγνῷς
3930 577 4019 627 ὅτι

2420 654 2578 707 τοῦτο
2610 655 2797 707 θέλειὸ
2827 656 2978 718 Θεὸς,
3004 657 3064 708 τὸ
3088 653 3228 708 εἶναί
3260 674 3317 710 σε
3357 660 3680 729 εὐχάριστον
3730 663 3873 731 πρὸς
3906 666 4014 715 αὖ-

2420 744 2630 808 τδν,ὼς
2672 747 2757 798 ἀεὶ
2802 746 3197 815 εὐεργετοῦντα
3228 751 3286 800 ὲν
3335 750 3556 819 Χριστῷ
3594 752 3793 820 Ἰησοῦ,
3852 770 4015 806 τουτ-

2422 836 2557 901 έστι,
2585 837 2670 890 διὰ
2699 841 2798 907 τῆς
2826 838 2917 890 τοῦ
2945 840 3148 907 Κυρίου
3196 839 3365 908 Ἰησοῦ
3421 845 3732 911 συνεργίας.
3764 846 3879 897 Καὶ
3902 849 4017 915 γὰρ

2422 930 2516 980 καὶ
2551 931 2685 997 πρὸς
2713 928 2772 980 τὸ
2802 930 3144 997 εὐχαριστεῖν
3178 930 3339 988 αὐτὸς
3364 932 3501 1001 ἡμῖν
3528 935 3816 1001 συνεργὸς,
3851 937 3913 998 ὃς
3947 953 4015 1002 γε

2422 1022 2516 1072 καὶ
2543 1020 2782 1086 ἐδίδαξεν
2811 1022 2959 1090 ἡμᾶς
3011 1022 3168 1075 τοῦτο
3200 1026 3393 1089 ποιεῖν,
3428 1024 3502 1087 ὡς
3532 1027 3595 1079 ὲκ
3621 1026 3716 1078 τοῦ
3755 1028 4015 1095 Εὑαγγεο

2418 1110 2532 1163 λίου
2568 1112 2995 1181 μεμαθήκαμεν.

2493 1200 2564 1253 T6
2582 1201 2823 1269 Πνεῦμα
2843 1202 2927 1270 μὴ
2946 1202 3259 1257 σϐέννυτε.
3281 1208 3645 1274 Προφητείας
3668 1210 3712 1241 ⁶¹
3728 1212 3818 1278 μὴ
3836 1213 3987 1276 ἐξου
4004 1244 4015 1255 -

2418 1292 2653 1346 θενεῒτε.
2684 1293 2902 1364 Ἐπειδὴ
2932 1294 3026 1359 νύξ
3053 1296 3198 1347 ἐστιν
3217 1297 3245 1348 6
3263 1297 3451 1367 παρὼν
3475 1298 3606 1367 βίος,
3640 1300 3845 1354 ἔδωκεν
3877 1307 4014 1373 ἡμῖν

2421 1386 2448 1437 6
2475 1383 2606 1446 Θεὸς
2638 1383 2916 1451 λαμπάδα,
2944 1386 3005 1437 τὸ
3033 1386 3255 1455 Πνεῦμα
3286 1389 3346 1440 τὸ
3388 1389 3575 1456 ἆγιον·
3626 1392 3763 1444 ἀλλὰ
3792 1396 4012 1462 ταύτην

2418 1476 2467 1527 οἱ
2506 1475 2605 1543 μὲν
2626 1474 3012 1544 λαμπροτέραν
3036 1478 3383 1544 εἰργάσαντο,
3415 1479 3489 1542 ὼς
3517 1482 3718 1544 πάντες
3749 1486 3795 1534 οἱ
3834 1484 4011 1549 ᾰγιοι·

2420 1564 2473 1617 οί
2510 1565 2566 1618 δὲ
2596 1563 2848 1628 ἔσόεσαν,
2874 1564 2947 1627 ὡς
2978 1565 3035 1618 αἱ
3060 1566 3219 1617 πέντε
3249 1567 3526 1638 παρθένοι,
3562 1571 3817 1624 ἀνέλαιον
3871 1575 4007 1625 ταὺ-

2415 1670 2519 1724 την
2546 1655 2765 1721 ἀφεῖσαι
2791 1669 2806 1684 ο
2833 1654 2907 1717 ὼς
2932 1657 2960 1707 6
2990 1657 3048 1707 ὲν
3076 1655 3325 1726 Κορίνθῳ
3354 1661 3771 1729 πεπορνευκὼς.
3809 1664 4010 1733 βορῶ-

2430 1761 2522 1814 ρον
2572 1743 2747 1817 ταύτῃ
2816 1744 3065 1811 ἐπιχέας.
3121 1747 3289 1817 Φησὶν
3342 1744 3471 1801 οὖν·
3529 1753 3597 1803 Τὸ
3630 1752 3879 1821 Πνεῦμα
3912 1757 4006 1822 μὴ

2357 1816 2400 1872 Β
2429 1816 2742 1899 σϐέννυτε,
2795 1836 3041 1890 τουτέστι
3097 1836 3158 1889 τὸ
3190 1816 3459 1909 χάρισμα.
3500 1841 3724 1895 κλείετε
3754 1816 3859 1906 τας
3909 1816 4010 1897 θιέέ

2420 1944 2541 1996 ρας,
2578 1926 2697 1996 ἦτοι
2753 1926 2850 1989 τὰς
2902 1926 3205 1996 αἰσθήσεις,
3264 1929 3352 1982 ἵνα
3412 1930 3487 2001 μὴ
3516 1932 3733 2003 είσέλθῃ
3772 1934 4005 2004 πνεῦμα

2418 2018 2705 2089 πονηρίας,
2755 2018 2849 2071 καὶ
2899 2018 2960 2071 οὐ
2991 2019 3065 2089 μὴ
3100 2018 3302 2091 σϐεσθῇ
3334 2021 3638 2092 ήλαμπάς,
3675 2025 3770 2095 Μὴ
3806 2026 4005 2080 tensa.

2417 2109 2545 2179 λητε
2576 2108 2667 2161 τὸν
2693 2107 2842 2177 χοῦν,
2870 2110 2987 2179 ἦτοι
3040 2111 3309 2181 μερίμνας
3350 2113 3563 2181 γηῖνας,
3595 2116 3693 2167 καὶ
3726 2116 4001 2179 ἄσϐεστος

2413 2200 2804 2272 τηρηθήσεται.
2832 2201 2909 2254 “ll
2939 2202 3034 2254 καὶ
3061 2202 3233 2266 οὕτως
3254 2219 3268 2232 ·
3288 2199 3469 2257 Ἦσαν
3496 2205 3628 2275 παρ’
3655 2205 3840 2269 αὐτοῖς
3864 2224 4001 2276 ειιρε⁸

2416 2293 2586 2363 φῆται
2620 2292 2711 2346 τοῦ
2739 2292 2899 2356 Θεοῦ,
2950 2294 3045 2346 καὶ
3077 2293 3537 2366 ψευδοπροφῆται.
3590 2297 3744 2350 Ἐπεὶ
3772 2298 3833 2351 δὲ
3864 2300 4001 2361 άδη-

2414 2384 2504 2437 λον
2536 2380 2605 2455 ἦν
2632 2387 2713 2447 τίς
2750 2388 2778 2439 6
2807 2385 3009 2455 ἀληθὴς
3044 2386 3110 2446 ⁸⁸,
3148 2385 3356 2449 πάντας
3396 2387 3531 2456 ὁμοῦ
3559 2389 3998 2458 ἀπεστρέφοντο.

2414 2478 2582 2545 Φησιν
2613 2476 2707 2530 οὖν
2736 2477 2918 2539 αὐτοῖς
2941 2491 2954 2506 ·
2990 2475 3064 2529 Τὸ
3092 2476 3351 2545 Πνεῦμα,
3390 2480 3654 2541 τουτέστι,
3685 2482 3747 2532 τε
3775 2484 3835 2533 ἐν
3883 2485 4000 2544 τοῖς

2413 2566 2629 2636 ἀληθῶς
2675 2570 2982 2636 προφήταις
3026 2565 3295 2636 χάρισμα,
3321 2567 3401 2635 μὴ
3428 2570 3747 2635 σϐέννυτε,
3776 2571 3867 2624 διὰ
3896 2572 3997 2625 τοῦ

2415 2659 2853 2729 ἀποστρέφεσθαι
2882 2660 3065 2722 αὐτοῖς
3098 2660 3165 2731 [Ῑ.
3194 2660 3415 2732 αὐτοὺς]
3467 2663 3663 2732 ἐπίσης
3697 2667 3815 2727 τοῖς
3864 2664 3978 2733 ψευ

2412 2748 2808 2818 δοπροφήταις·
2852 2750 2985 2818 μηδὲ
3020 2751 3351 2814 ἐξουθενεῖτε
3392 2754 3490 2814 τὰς
3556 2755 3621 2807 ἐκ
3671 2755 3997 2826 Πνεύματος

2413 2841 2570 2907 ἁγίου
2604 2842 2963 2910 προφητείας.

2483 2932 2686 2985 Πάντα
2706 2931 2774 2984 δὲ
2802 2931 3140 3001 δοκιμάζετε
3172 2952 3187 2965 ·
3230 2936 3297 2987 τὸ
3348 2937 3542 2990 καλὸν
3586 2940 3889 3005 κατέχετε.
3924 2941 3995 2991 Τί

2412 3018 2534 3087 οὗν;
2565 3021 2983 3090 παραδεξόμεθα
3025 3024 3271 3084 καὶτοὺς
3312 3024 3795 3097 ψευδοπροφήταςς
3831 3033 3992 3099 υῷχδ,

2413 3115 2610 3186 φησίν·
2646 3113 2781 3167 ἀλλὰ
2808 3115 2984 3169 πάντα
3042 3114 3361 3185 δοκιμάζετε
3391 3132 3406 3146 ·
3459 3119 3729 3182 τουτέστι,
3774 3121 3884 3172 Καὶ
3923 3123 3996 3174 τὰ

2414 3205 2606 3274 ψευδῆ,
2645 3206 2740 3258 κα)⁵
2763 3205 2830 3257 τά
2860 3204 3037 3274 ἀληθῆ
3064 3206 3204 3272 μετά
3240 3205 3567 3275 δοκιμασίας
3597 3209 3836 3279 κρίνετε,
3894 3214 3994 3263 καὶ

2413 3295 2532 3347 τότε
2564 3293 2623 3345 τὸ
2659 3291 2819 3356 δόξαν
2869 3294 2997 3363 ὑμῖν
3046 3294 3230 3358 καλὸν,
3300 3297 3545 3349 τουτέστι
3607 3303 3707 3359 τὰς
3762 3301 3991 3371 ἀληθείς

2413 3385 2771 3457 προφητείας,
2799 3386 3080 3456 κατέχετε,
3113 3389 3380 3451 τουτέστι,
3455 3391 3672 3457 τιμᾶτε,
3704 3392 3792 3445 διὰ
3828 3410 3991 3461 φρον-

2411 3493 2440 3528 τ
2452 3474 2558 3537 ίδος
2590 3474 2853 3529 ποιεῖσθε.

2499 3566 2645 3621 Ἀπὸ
2682 3566 2909 3632 παντὸς
2952 3566 3155 3634 διδους
3198 3569 3467 3637 πονηροῦ
3514 3572 3837 3641 ἀπέχεσθε.
3892 3579 3987 3631 Mi-

2412 3657 2604 3711 τούτου
2641 3657 2674 3727 ἢ
2709 3659 2938 3724 ἑκείνου,
2966 3657 3082 3711 ἀλλ’
3110 3659 3297 3724 ἁπλῶς
3320 3665 3542 3728 παντὸς,
3576 3668 3673 3719 καὶ
3702 3671 3985 3738 προφήτου

2413 3748 2664 3819 ψευδοῦς,
2691 3749 2787 3803 καὶ
2818 3750 3223 3821 ἁμαρτήματος
3252 3752 3317 3807 ⁸³.

2483 3841 2676 3906 Αὐτὸς
2696 3840 2764 3894 δὲ
2787 3844 2819 3894 d
2839 3841 2984 3907 Θεὸς
3014 3839 3125 3908 τῆς
3145 3843 3390 3912 είρήνης
3414 3846 3656 3917 ἁγιάσαι
3674 3849 3831 3919 ὑμᾶς
3851 3854 3986 3906 όηο-

2413 3932 2627 3998 τελεῖς.
2682 3932 2838 3984 Μετὰ
2870 3934 2968 4000 τὴν
3002 3933 3343 4000 παραίνεσιν,
3393 3940 3487 3991 καὶ
3538 3941 3704 4011 εὐχὴν
3758 3944 3983 4011 έπάγει,

2414 4024 2501 4075 ἵνα
2531 4026 2625 4076 καὶ
2652 4021 3042 4091 ἀμφοτέρωθεν
3089 4024 3150 4074 τὸ
3176 4025 3413 4091 ἀσφαλὲς
3460 4029 3678 4099 ἔχωσιν,
3749 4033 3981 4088 ὀλοτε-

2412 4112 2541 4176 ,ιεῑς
2564 4112 2621 4163 δὲ
2660 4114 2710 4163 τί
2740 4115 2890 4175 tota;
2920 4108 3078 4162 Τοῦτ’
3114 4111 3251 4179 ἐστι,
3294 4117 3507 4186 σώματι
3555 4124 3649 4174 καὶ
3674 4123 3820 4193 ψυχῇ
3844 4142 3858 4155 .
3888 4130 3981 4178 καὶ

2414 4201 2609 4269 έφεξῆς
2638 4201 2694 4254 δὲ
2718 4201 2958 4276 μαθήσῃ.

2484 4292 2591 4345 Καὶ
2626 4295 2965 4364 ὀλόκληρον
2996 4298 3159 4368 ὑμῶν
3188 4301 3254 4354 τὸ
3280 4302 3540 4372 Πνεῦμα,
3573 4305 3671 4358 καί
3711 4306 3750 4371 ἡ
3786 4311 3978 4375 ψυχὴ,

2413 4384 2509 4435 καί
2538 4383 2604 4435 τὸ
2633 4384 2803 4454 σῶμα
2827 4388 3139 4458 ἀμέμπτως
3175 4392 3245 4445 ἐν
3275 4392 3345 4462 τῇ
3390 4399 3691 4464 παρουσίᾳ
3726 4400 3831 4453 τοῦ
3864 4404 3981 4453 Κυ-

746 4482 910 4525 veter.
947 4470 1182 4539 Spiritus
1229 4483 1312 4524 est
1344 4472 1610 4524 charisma
1653 4470 1795 4538 quod
1844 4473 2149 4539 accepimus
2216 4487 2310 4540 per
2336 4466 2381 4525 Ῑ]

2414 4472 2544 4539 ρίου
2574 4473 2741 4542 ἡμῶν
2784 4476 2987 4543 Ἰησοῦ
3017 4482 3274 4548 Χριστοῦ
3307 4489 3603 4552 τηρηθείη.
3638 4488 3711 4541 T6
3736 4491 3779 4541 Il
3815 4491 3976 4560 εὖμα,

747 4556 1032 4625 baptisma.
1051 4556 1105 4609 Si
1121 4557 1261 4610 enim
1282 4556 1510 4609 lucidam
1536 4558 1690 4610 istius
1708 4559 2002 4625 lampadem
2021 4574 2309 4613 conserva-

748 4649 984 4699 verimus
1010 4654 1063 4700 et
1096 4646 1609 4715 inexstingnibilem,
1648 4648 2009 4716 iugrediemur
2036 4649 2089 4702 in
2139 4650 2309 4705 thala-

746 4751 893 4789 mum
924 4754 936 4789 :
966 4751 1129 4806 porro
1165 4746 1220 4790 et
1270 4738 1444 4789 anima
1492 4746 1545 4790 et
1568 4751 1762 4805 corpus
1806 4747 1914 4791 tum
1962 4738 2304 4796 immaculata

745 4835 925 4890 erunt,
959 4828 1003 4880 si
1032 4826 1265 4895 Spiritus
1291 4827 1343 4879 in
1373 4827 1524 4881 nobis
1546 4825 1775 4883 fulserit.
1806 4827 2097 4898 Gregorius
2126 4842 2305 4888 autem

744 4910 1013 4983 Nysseuus
1064 4915 1237 4983 inquit
1282 4932 1296 4969 :
1333 4915 1467 4982 Quia
1496 4918 1654 4971 homo
1706 4932 1773 4972 ex
1817 4920 1965 4973 omni
2011 4923 2307 4978 animarum

745 5004 928 5072 specie
961 5006 1321 5074 componitur,
1360 5009 1678 5077 vegetativa,
1704 5010 1959 5065 sensitiva
1989 5021 2044 5064 et
2077 5013 2313 5070 intellec-

746 5092 901 5158 tuali,
945 5094 1190 5163 spiritum
1218 5096 1404 5153 dicens
1428 5099 1735 5169 Apostolus,
1763 5102 2078 5174 rationalem
2101 5117 2306 5172 partem

748 5186 1003 5239 indicavit
1034 5200 1047 5239 :
1083 5188 1315 5241 aninmn
1344 5203 1489 5253 vero,
1522 5190 1832 5246 sensitivatn
1864 5210 1877 5246 :
1905 5208 2122 5262 corpus,
2143 5197 2307 5249 vitam

748 5287 990 5331 nostram
1029 5282 1403 5348 regetativam.
1427 5281 1594 5337 Totos
1624 5282 1787 5351 igitur
1818 5300 1911 5352 per
1939 5287 2116 5340 omnia
2148 5288 2312 5341 incul.

750 5377 905 5434 patos
933 5368 1077 5438 ipsos
1103 5374 1411 5427 conservari
1444 5381 1718 5441 precatttr,
1746 5379 1986 5446 adeoque
2010 5392 2109 5446 per
2128 5382 2309 5433 etiinia

746 5457 857 5513 Deo
893 5458 1185 5528 placentes.

2415 4566 2681 4628 τουτέστι,
2717 4565 2777 4618 τὸ
2798 4569 3041 4638 χάρισμα
3062 4574 3089 4625 ὃ
3118 4575 3383 4644 ἐλάϐομεν
3410 4578 3497 4631 διὰ
3526 4579 3621 4631 τοῦ
3664 4580 3978 4649 βαπτίσμα-

2415 4670 2529 4717 τος.
2569 4656 2694 4710 Ἐὰν
2720 4658 2827 4727 γὰρ
2870 4660 3246 4732 λαμπράντὴν
3271 4666 3526 4736 λαμπάδα
3582 4670 3769 4724 τούτου
3804 4674 3978 4741 «θυλά-

2416 4745 2595 4815 ξωμεν
2612 4748 2705 4799 καὶ
2726 4749 3009 4815 ἄσϐεστον,
3032 4754 3450 4827 εἰσελευσόμεθα
3467 4762 3543 4822 είς
3570 4764 3660 4814 τὸν
3688 4767 3974 4833 νυμφὼνα·

2417 4836 2567 4907 καὶὴ
2597 4834 2746 4906 ψυχὴ
2770 4837 2829 4891 δὴ
2861 4840 3042 4893 καὶτὸ
3075 4842 3234 4912 σῶμα
3266 4846 3387 4897 τότε
3422 4847 3687 4917 ἄμεμπτα
3738 4850 3975 4911 ἔσονται,

2416 4925 2511 4979 ὲάν
2540 4925 2600 4978 τὸ
2630 4926 2856 4998 Πνεῦμα
2880 4930 2938 4984 ὲν
2962 4932 3095 5002 ἡμῖν
3123 4933 3335 5006 λάμπῃ.
3392 4936 3451 4989 ’0
3495 4938 3551 4991 δὲ
3582 4940 3805 5010 Νὑσσης
3836 4942 3973 5012 Γρη-

2415 5018 2619 5088 γόριος,
2658 5020 2896 5091 Ἐπειδὴ,
2931 5025 3114 5093 φησιν,
3146 5028 3174 5079 6
3204 5027 3490 5097 ἄνθρωπος
3511 5031 3596 5085 διὰ
3621 5033 3801 5104 πάσης
3837 5035 3976 5095 ἰδέ;;

2414 5107 2526 5161 τῶν
2559 5110 2745 5179 ψυχῶν
2772 5118 3188 5185 κατακιρνᾶται,
3222 5119 3319 5185 τῆς
3345 5136 3404 5172 τε
3461 5124 3715 5192 φυσικῆς,
3749 5128 3843 5177 καὶ
3880 5130 3974 5196 τῆς

2415 5200 2759 5270 αἱσθητικῆς,
2792 5206 2883 5256 καὶ
2932 5204 3033 5275 τῆς
3088 5211 3304 5275 νοερᾶς,
3347 5210 3564 5281 πνεῦμα
3610 5216 3708 5282 μὲν
3755 5218 3976 5272 statim}.

2426 5292 2768 5356 Ἀπόστολος,
2799 5296 2857 5347 τὸ
2882 5299 3068 5367 νοερὸν
3106 5301 3270 5369 μέρος
3293 5302 3526 5370 ἐδήλωσε
3545 5323 3559 5338 ο
3588 5305 3764 5376 ψυχὴν
3794 5308 3870 5371 δὲ,
3917 5314 3974 5362 τι

2415 5382 2729 5450 αἰσθητικόν
2752 5400 2763 5414 ·
2826 5385 2985 5455 σῶμα
3033 5388 3109 5451 δὲ,
3168 5392 3268 5460 τὴν
3302 5395 3530 5463 φυσικὴν
3559 5397 3618 5448 ὲν
3643 5398 3776 5465 ἡμῖν
3810 5398 3972 5469 ζωήν.

2420 5472 2614 5533 Ὅλους
2648 5469 2739 5526 οὖν
2768 5474 2836 5527 δι’
2868 5476 3001 5528 ὅλων
3049 5481 3351 5551 τηρηθῆναι
3412 5487 3737 5555 ἀμέμπτους
3783 5492 3976 5555 αὐτοὺς

2419 5561 2726 5630 έπεύχεται,
2763 5564 2851 5619 διὰ
2873 5568 3087 5623 πάντων
3108 5571 3184 5641 τῷ
3211 5572 3329 5643 Θεῷ
3358 5576 3819 5649 εὑηρεστηκότας.

2062 5676 2260 5737 Vana:
2291 5680 2611 5741 lectiones.

817 5760 858 5791 ⁶¹
885 5764 1170 5834 προφήτας
1192 5780 1241 5819 o.
1321 5766 1364 5799 "
1389 5766 1579 5837 ἄδηλος
1600 5763 1668 5838 ἦν
1701 5775 1727 5822 6
1750 5772 1834 5825 ἀλ.
1866 5790 1916 5827 o.

1997 5776 2039 5805 “
2062 5778 2491 5849 ἁμαρτήσαντος
2527 5795 2598 5829 ιιι.
