4220 6444
209 397 349 462 131.3

930 393 1331 457 EXPOSITIO
1379 393 1456 451 ΙΝ
1503 393 1748 453 EPIST.
1797 391 1852 448 Il
1897 392 1992 450 Λῐ)
2023 391 2286 451 THESS.
2330 392 2582 450 --CAP.
2630 392 2714 450 ll.

3338 392 3473 456 1346

210 514 368 564 λιστα
395 510 528 580 πρὸς
562 509 606 539 9"
633 506 909 568 Ἰουδαίοις
945 504 1152 574 ἰσχύσει
1180 507 1206 557 6
1234 504 1431 566 πλάνος
1454 522 1468 534 ·
1501 497 1645 557 οὗτοι
1675 503 1784 572 γὰρ

1906 504 1969 554 sit
2013 502 2225 555 roboris
2269 501 2550 555 habiturus
2588 502 2850 570 impostor
2901 503 2987 556 illc
3028 503 3166 571 apud
3203 502 3414 558 Jttdteos
3456 525 3470 559 :

203 604 307 653 οὐκ
341 602 590 666 ἐδέξαντο
637 600 731 652 τὸν
779 598 1047 667 Χριστὸν,
1089 597 1212 650 οὔτε
1255 599 1580 650 ἐπίστευσαν
1614 595 1784 663 αὐτῷ.

206 692 382 744 Τοῦτο
412 692 520 761 γὰρ
548 692 642 742 καὶ
663 695 689 742 6
719 687 954 759 Χριστὸς
984 689 1169 750 αὐτοῖς
1193 687 1375 755 λέγει·
1427 686 1566 754 Ἐγὼ
1599 681 1789 754 ἦλθον

207 783 280 835 ἐν
326 779 405 843 τῷ
446 781 688 848 ὀνόματι
741 778 847 831 τοῦ
892 778 1122 843 Πατρός
1164 791 1314 845 μου,
1373 776 1469 828 καὶ
1509 777 1620 826 οὐκ
1666 774 1790 826 eos-

210 870 404 937 ξασθέ
441 887 546 940 με·
579 869 688 923 ἐὰν
727 869 919 935 ἄλλος
957 868 1106 935 ἔλθῃ
1145 868 1212 920 ὲν
1241 865 1319 931 τῷ
1365 866 1494 930 ἰδίῳ
1525 866 1787 932 ὀνόματι,

207 966 450 1020 ἐκεῖνον
483 964 782 1032 λήψεσθε.

284 1058 394 1112 Καὶ
430 1056 527 1110 διὰ
560 1055 738 1108 τοῦτο
767 1052 990 1124 πέμψει
1023 1051 1227 1118 αὐτοῖς
1252 1055 1285 1105 ὀ
1316 1052 1456 1117 Θεὸς
1485 1051 1792 1120 ἐνέργειαν

213 1149 491 1217 πλάνης,
540 1151 628 1211 εὶς
675 1146 740 1199 τὸ
786 1146 1113 1200 πιστεῦσαι
1158 1145 1381 1208 αὐτοὺς
1429 1141 1509 1208 τῷ
1558 1144 1788 1211 ψεύδει.

214 1243 453 1313 Πέμψει,
486 1243 604 1294 ἀντὶ
637 1240 752 1305 τοῦ,
787 1238 1183 1310 παραχωρήσει
1225 1237 1388 1290 αὐτὸν
1416 1236 1608 1289 ἐλθεῖν.
1650 1237 1792 1306 Ὅρα

215 1330 298 1392 δὲ,
325 1331 407 1383 ὅτι
447 1329 662 1398 πρῶτον
697 1331 897 1382 ἐκεῖνοι
932 1326 1222 1380 ἀπώσαντο
1261 1326 1358 1396 τὴν
1385 1327 1667 1397 ἀλήθειαν,
1700 1329 1794 1381 καὶ

217 1421 341 1471 τότε
372 1419 730 1487 ἐγκατέλιπεν
759 1419 955 1480 αὐτοὺς
987 1420 1014 1470 6
1052 1417 1207 1481 Θεὸς,
1241 1419 1335 1470 καὶ
1359 1417 1665 1486 ἐκράτησεν
1691 1418 1792 1470 αὐ-

217 1511 332 1564 τῶν
381 1512 440 1564 τὸ
474 1511 690 1580 ψεῦδος.
755 1511 1094 1582 Ἐνέργειαν
1138 1511 1194 1564 δὲ
1241 1511 1504 1578 πλάνης,
1536 1514 1603 1565 τὰ
1653 1511 1788 1582 ἔργα

221 1606 387 1675 φησὶν
429 1603 831 1674 Ἀντιχρίστου,
863 1603 900 1657 ὃ.
928 1605 1072 1656 ποιεῖ
1092 1604 1173 1665 είς
1202 1603 1263 1654 τὸ
1289 1603 1600 1671 πλανῆσαι·
1630 1604 1662 1672 ἢ
1700 1604 1794 1657 καὶ

220 1697 384 1748 αὐτὸν
418 1696 606 1748 τοῦτον
638 1697 683 1727 ’³⁵
718 1693 892 1758 οὕτως
921 1694 1226 1764 ὠνόμασεν,
1262 1694 1651 1765 ὲνεργούμενον
1692 1696 1796 1749 ὑπὸ

219 1788 313 1840 τοῦ
347 1788 581 1850 Σατανᾶ,
617 1786 704 1838 διὰ
740 1786 798 1838 τὸ
835 1785 1104 1854 πλανῆσαι
1142 1784 1388 1844 πολλούς.

292 1880 428 1931 Ἵνα
475 1876 723 1946 κριθῶσι
778 1876 1003 1942 πάντες
1043 1880 1096 1930 ol
1130 1877 1214 1945 μὴ
1244 1877 1685 1942 πιστεύσαντες
1725 1874 1797 1945 τῇ
1831 1868 1871 1921 Β

217 1971 492 2037 ἀληθείᾳ,
528 1968 665 2023 ἀλλ’
707 1968 1158 2036 εὐδοκήσαντες
1190 1969 1257 2021 ἐν
1300 1967 1373 2036 τῇ
1405 1968 1630 2033 ἀδικίᾳ.
1687 1968 1800 2020 Οὐκ

214 2056 392 2123 εἶπεν,
420 2060 536 2112 Ἵνα
552 2057 857 2112 κολασθῶσι
884 2061 899 2127 (
922 2058 1016 2110 καὶ
1042 2057 1150 2126 γὰρ
1186 2059 1278 2110 καὶ
1299 2053 1394 2110 τοῦ
1430 2057 1798 2127 ’Δντιχρίστου

217 2154 296 2222 μὴ
345 2151 610 2216 ἐλθόντος,
649 2150 872 2220 ἔμελλον
898 2152 943 2182 ⁸⁸
995 2150 1330 2220 κολασθῆναι
1365 2151 1439 2201 ὀἱ
1481 2149 1796 2217 ἀπειθεῖς),

213 2242 356 2306 ἀλλ’,
400 2242 539 2307 Ἵνα,
583 2241 746 2310 φησι,
790 2239 1216 2310 κατακριοῶσιν,
1260 2239 1397 2291 ὥστε
1433 2234 1571 2291 εἶναι
1604 2239 1800 2298 αὐτοὺς

215 2333 682 2401 ἀναπολογήτους.
719 2332 784 2382 Τί
821 2332 929 2400 γὰρ
979 2331 1044 2383 ἂν
1085 2331 1322 2392 εἴποιεν,
1374 2332 1458 2383 ὅτι
1493 2330 1591 2383 Διὰ
1639 2330 1799 2382 τοῦτο

214 2427 318 2480 οὐκ
368 2424 770 2493 ἐπιστεύσαμεν
811 2423 890 2492 τῷ
924 2423 1146 2493 Χριστῷ
1168 2464 1182 2485 ,
1213 2422 1348 2475 διότι
1379 2422 1512 2475 Θεὸν
1560 2423 1722 2476 αὐτὸν
1749 2424 1799 2475 oi

219 2518 465 2588 μαθηταὶ
515 2516 811 2587 ἐκήρυξαν,
865 2517 1027 2585 ἡμεῖς
1083 2515 1140 2568 δὲ
1192 2515 1527 2584 ἠκούσαμεν,
1585 2515 1666 2568 ὅτι
1719 2508 1798 2577 εἷς

216 2610 375 2672 Θεὸς,
417 2609 476 2672 ἐξ
520 2604 578 2661 οὒ
633 2607 702 2659 τὰ
753 2607 960 2671 «avra;
1001 2607 1125 2669 Πῶς
1173 2603 1266 2660 οὗν
1313 2607 1675 2659 ἐπιστεύσατε
1722 2606 1800 2676 τῷ

233 2700 593 2770 Ἀντιχρίστῳ
645 2700 779 2752 Θεὸν
833 2699 1026 2752 ἑαυτὸν
1079 2699 1355 2763 ποιοῦντι;
1426 2701 1484 2752 '0
1541 2701 1638 2769 μὲν
1692 2700 1801 2772 γάρ

217 2793 456 2862 Χριστὸς
481 2791 560 2859 τῷ
592 2792 768 2861 Πατρὶ
797 2792 972 2845 πάντα
1004 2791 1262 2853 ἀνετίθει,
1294 2783 1448 2854 οὗτος
1479 2791 1538 2843 δὲ
1570 2792 1800 2844 τούναν-

217 2884 354 2937 τίον.
405 2883 564 2936 una
618 2886 903 2954 φήσουσιν,
946 2884 1029 2935 ὅτι
1083 2883 1294 2952 Σημεῖα
1327 2883 1565 2952 εἴδομεν.
1639 2883 1802 2938 Ἀλλὰ

219 2978 318 3030 καὶ
349 2978 442 3028 ἐπὶ
472 2977 565 3030 τοῦ
595 2977 831 3047 Χριστοῦ
859 2978 1048 3044 γέγονε
1077 2977 1250 3030 πολλὰ
1274 2977 1366 3030 καὶ
1399 2993 1493 3046 ps}
1517 2977 1633 3030 ina.
1665 2975 1800 3030 Καί-

216 3088 302 3123 τοι
351 3072 378 3122 6
431 3069 528 3138 μὲν
581 3070 813 3139 Χριστὸς
861 3070 1052 3138 Σωτὴρ
1119 3069 1452 3138 ἐκηρύττετο
1502 3069 1652 3138 παρά
1692 3069 1802 3120 τῶν

221 3161 518 3231 προφητῶν
543 3178 555 3190 ·
590 3156 744 3222 οὗτος
795 3160 887 3223 δὲ,
926 3161 1041 3222 υίὸς
1093 3161 1324 3228 ἀνομίας
1357 3160 1452 3213 καὶ
1502 3160 1799 3224 ἀπωλείας.

220 3253 321 3305 Διά
354 3252 522 3305 ταῦτα
553 3251 1075 3321 κατακριοὴσονται,
1111 3252 1312 3319 ὅτιτην
1345 3252 1604 3320 ἀλήθειαν
1630 3251 1802 3319 ἀφέν-

221 3359 335 3406 τες,
369 3342 688 3409 εὐδόκησαν,
720 3341 1023 3402 τουτέστιν,
1065 3341 1379 3411 ἡρέσοησαν
1412 3342 1506 3394 καὶ
1537 3342 1802 3410 προσετέ-

222 3434 398 3499 Οησαν
432 3431 682 3500 ἀσμένως
701 3432 764 3498 τῇ
791 3430 996 3500 ἀδικίᾳ,
1030 3431 1300 3494 τουτέστι,
1334 3431 1412 3500 τῷ
1435 3431 1697 3500 λυμεῶνι,
1723 3431 1802 3502 τῷ

223 3524 407 3575 πᾶσαν
434 3522 648 3575 ἀδικίαν
680 3521 818 3573 κατὰ
840 3521 949 3574 τῶν
975 3520 1333 3591 ἀνθρωπίνων
1363 3523 1552 3592 ψυχῶν
1572 3525 1799 3576 ἐπισυν-

222 3616 514 3683 αγαγὸντι,
543 3615 621 3684 τῷ
650 3614 970 3683 αὐτόχρημα
1005 3614 1184 3666 ἀδικία
1209 3613 1348 3668 ὄντι.

306 3707 496 3776 Ἡμεῖς
525 3706 593 3758 δὲ
626 3707 946 3774 ὀφείλομεν
971 3705 1355 3773 εὐχαριστεῖν
1386 3704 1462 3769 τῷ
1505 3704 1626 3770 Θεῷ
1653 3705 1805 3758 πάν-

223 3819 358 3856 τοτε
385 3802 517 3868 περὶ
542 3799 728 3869 ὐμῶν,
754 3798 1008 3866 ἀδελφοὶ
1033 3797 1402 3865 ἠγαπημένοι
1423 3798 1536 3852 ὑπὸ
1557 3799 1804 3866 Κυρίου.

237 3896 457 3966 Ἐπειδὴ
493 3897 700 3966 φοϐερά
723 3913 844 3948 τινα
871 3891 991 3947 εἶπε
1034 3894 1131 3946 καὶ
1167 3895 1444 3963 δυνάμενα
1480 3898 1805 3948 κατασεῖσαι

223 3986 468 4039 διάνοιαν
500 3987 738 4054 ἀκρατῆ,
767 3985 863 4037 νῦν
891 3985 1095 4037 λεαίνει
1125 3984 1222 4046 τὰς
1253 3984 1503 4054 καρδίας,
1537 3985 1806 4038 διδάσκων

226 4080 310 4130 ὅτι
339 4076 522 4130 Ταῦτα
557 4078 655 4146 μὲν
681 4079 860 4139 ἄλλοις
887 4077 1129 4129 ἔστωσαν
1164 4076 1393 4145 φοϐερὰ,
1425 4079 1536 4138 τοῖς
1570 4076 1807 4129 ἀπολλυ-

231 4169 434 4237 μένοις,
477 4169 598 4221 καθ’
635 4163 710 4222 ὧν
742 4171 834 4221 καὶ
868 4169 1170 4238 ἰσχύουσιν·
1225 4171 1383 4238 ἡμεῖς
1421 4168 1475 4219 δὲ
1519 4168 1807 4236 ὀφείλομεν

232 4263 574 4332 εὐχαριστεῖν
608 4262 684 4330 τῷ
724 4262 842 4330 Θεῷ
875 4261 1005 4331 περὶ
1047 4261 1221 4328 ὑμῶν,
1253 4262 1334 4312 ὅτι
1378 4260 1684 4330 ἐξελέγητε,
1726 4260 1806 4311 ὅτι

226 4357 550 4425 ἠγαπήθητε
583 4355 686 4407 ὑπὸ
717 4354 875 4406 Θεοῦ.
911 4354 972 4405 El
1002 4354 1057 4405 δὲ
1095 4354 1253 4421 ἡμεῖς
1284 4353 1424 4420 ὑπὲρ
1459 4353 1624 4420 ὑμῶν⁴
1648 4353 1807 4420 εὐχα-

236 4447 551 4515 ριστοῦμεν,
587 4443 766 4512 πολλῷ
796 4443 994 4512 μᾶλλον
1021 4444 1177 4509 ὑμεῖς
1192 4441 1347 4494 τοῦτο
1369 4443 1609 4509 ὀφείλετε
1635 4445 1806 4494 ποιεῖν

231 4542 255 4590 ἐ
268 4544 312 4605 ρ⁴
341 4542 468 4608 ὑμῖν
495 4539 698 4600 αὐτοῖς.

304 4633 430 4684 ’Ὁτι
466 4633 659 4683 εἵλετο
707 4628 859 4697 ὑμᾶς
900 4632 930 4681 ό
976 4628 1118 4692 Θεὸς
1148 4626 1248 4680 ἀπ’
1287 4625 1479 4694 ἀρχῆς
1509 4628 1595 4691 είς
1621 4642 1811 4693 σωτη-

223 4727 368 4794 ρίαι-
391 4727 458 4777 ἑν
474 4722 745 4792 ἁγιασμῷ
763 4721 1129 4788 Πνεύματος,
1162 4719 1260 4771 καὶ
1282 4720 1483 4771 πίστει
1501 4720 1808 4784 ἀληθείας.

234 4822 291 4867 Ai
309 4821 328 4868 ⁵(
351 4815 507 4867 τοῦτο
535 4813 986 4883 εὐχαριστοῦμεν,
1015 4814 1094 4864 ὃτι
1120 4810 1402 4874 ἐξελέξατο
1427 4811 1571 4878 ὑμᾶς
1604 4813 1630 4862 6
1652 4811 1809 4874 Θεὸς,

237 4911 327 4960 καὶ
378 4908 683 4977 προώρισεν
725 4908 804 4967 εἰς
850 4903 1146 4972 σωτηρίαν,
1199 4903 1383 4966 ἀξίους
1426 4902 1629 4971 δηλαδὴ
1671 4920 1807 4970 προ-

235 4998 415 5064 γνούς.
449 4996 603 5060 Πῶς;
657 4998 757 5047 Ἐν
790 4991 1061 5062 ἁγιασμῷ
1093 4993 1440 5060 Πνεύματος
1463 5007 1474 5019 ·
1507 4992 1805 5055 τουτέστιν,

238 5091 476 5142 ’Ἐςωσεν
505 5089 670 5155 ὑμᾶς,
695 5087 925 5152 ἁγιάσας
943 5085 1031 5136 διὰ
1055 5085 1146 5136 τοῦ
1178 5082 1509 5152 Πνευματος.
1543 5078 1692 5145 Εἶτα,
1719 5084 1806 5137 ἵνα

238 5194 397 5253 μήτις
455 5183 615 5250 εἴπῃ·
676 5181 738 5232 Τί
799 5178 920 5240 οὒν;
969 5180 1132 5246 ἡμᾶς
1179 5177 1328 5229 οὐδὲν
1366 5177 1804 5245 είσηνέγκαμενς

233 5279 425 5342 ἐπάτει
448 5294 459 5304 ·
503 5274 608 5328 Καὶ
637 5273 834 5324 πίστει
861 5270 1167 5335 ἀληθείας·
1203 5268 1501 5329 τουτέστιν,
1547 5267 1806 5334 Ἠγίασεν

232 5372 380 5438 ἡμᾶς
416 5364 930 5434 προεισενεγκόντας
963 5362 1146 5413 πίστιν
1179 5359 1467 5430 ἀληθείας,
1527 5359 1803 5411 τουτέστιν

235 5459 503 5529 ἁληθενῶν
529 5456 888 5527 πραγμάτων.
920 5454 994 5506 Οὐ
1020 5457 1126 5525 γὰρ
1149 5453 1367 5521 ψεύδεσί
1394 5469 1530 5506 τισιν
1559 5451 1803 5503 ἐπιστεύ-

235 5568 427 5621 σαμεν,
463 5549 595 5603 ἀλλὰ
627 5551 691 5619 τῇ
736 5545 964 5618 ἀληθείᾳ
1003 5546 1160 5616 αὐτῇ.
1203 5546 1312 5599 Καὶ
1347 5545 1522 5607 ἄλλως
1552 5544 1629 5609 δὲ,
1679 5543 1802 5594 δευ-

306 5674 330 5703 κ
365 5665 519 5720 Joan.
552 5681 604 5729 v,
641 5665 730 5718 45.

1901 593 1974 647 illi
2029 594 2172 646 enim
2215 609 2318 646 non
2360 603 2682 662 receperunt
2723 594 3022 660 Christum,
3077 612 3252 664 neque
3294 600 3471 651 credi-

1899 687 2095 739 derunt
2127 687 2200 749 ei,
2231 684 2281 739 id
2319 685 2460 754 quod
2491 685 2740 740 Christus
2772 689 2850 742 eis
2873 689 3005 744 dicit
3065 709 3076 743 :
3132 690 3239 759 Ego
3268 690 3381 743 veni
3419 691 3474 742 in

1899 778 2106 830 nomine
2139 776 2319 829 Patris
2369 779 2488 842 mei,
2524 787 2574 830 et
2610 794 2712 830 non
2748 781 3048 846 suscepistis
3078 797 3176 835 me.
3228 780 3288 835 Si
3333 782 3474 835 alius

1899 870 2098 922 venerit
2134 869 2188 922 in
2222 871 2429 924 nomine
2455 886 2570 935 suo,
2610 870 2769 922 istum
2795 870 3054 937 recipietis
3077 881 3124 926 ι.

1972 1051 2136 1107 Vens.
2177 1053 2260 1107 ll.
2300 1052 2367 1105 Et
2409 1053 2525 1105 ideo
2558 1055 2727 1106 mittet
2776 1053 2884 1106 illis
2933 1054 3074 1108 Deus
3120 1056 3478 1123 operationem

1901 1146 2118 1211 erroris,
2148 1155 2202 1198 ut
2225 1147 2326 1214 ipsi
2358 1146 2577 1198 credant
2607 1145 2904 1198 mendacio.
2940 1144 3139 1210 Mittet,
3184 1161 3301 1215 pro,
3339 1148 3482 1202 sinet

1902 1239 2075 1306 ipsum
2109 1238 2313 1292 venire.
2347 1237 2736 1292 Animadverte
2764 1246 2967 1300 autem,
2996 1240 3134 1305 quod
3172 1238 3271 1306 ipsi
3307 1238 3482 1307 primo

1901 1331 2200 1401 repulerint
2234 1332 2540 1395 veritatem,
2592 1338 2646 1384 et
2696 1340 2809 1382 tum
2865 1336 3053 1398 postea
3112 1329 3333 1397 reliquit
3387 1344 3482 1385 eos

1903 1420 2068 1487 Deus,
2096 1436 2158 1476 ac
2185 1420 2518 1473 dominatum
2550 1428 2636 1474 cst
2665 1420 2715 1473 in
2747 1433 2842 1473 eos
2875 1418 3239 1472 mendacium.
3273 1419 3480 1486 Opera—

1903 1514 2094 1566 tioneiu
2126 1522 2303 1565 autem
2339 1510 2536 1563 erroris
2591 1523 2753 1577 opera
2787 1510 3106 1565 Antichristi
3148 1521 3326 1576 vocat,
3359 1525 3482 1579 qua:

1905 1606 2033 1658 iacit
2070 1614 2128 1658 ut
2161 1604 2394 1672 decipiat
2429 1619 2441 1656 :
2480 1603 2560 1657 vel
2613 1603 2764 1656 ἰΙΙιιιιι
2801 1602 2974 1672 ipsum
3037 1604 3117 1656 sic
3186 1602 3486 1656 nominavit

1905 1707 2108 1752 motum
2144 1705 2200 1750 et
2233 1696 2496 1766 agitatum
2528 1710 2557 1748 a
2588 1695 2817 1757 Satana,
2851 1705 2908 1748 ut
2939 1694 3138 1748 multos
3167 1695 3410 1749 seducat.

1975 1876 2139 1930 Vens.
2175 1876 2262 1930 12.
2307 1873 2372 1929 Ut
2393 1875 2709 1943 judicentnr
2741 1891 2918 1929 omnes
2945 1873 3057 1943 'qui
3091 1889 3197 1927 non
3239 1873 3484 1925 credide-

1904 1978 2023 2022 runt
2056 1967 2290 2029 veritati,
2324 1964 2415 2018 sed
2442 1973 2814 2017 consenserunt
2844 1963 3134 2032 iniquitati.
3175 1960 3291 2015 Non
3324 1961 3487 2025 dixit,

1903 2061 1976 2118 Ut
2015 2061 2310 2130 puniantur
2355 2059 2512 2128 (nam
2561 2055 2775 2109 etiamsi
2813 2055 3184 2108 Antichristus
3237 2067 3342 2105 non
3394 2066 3488 2107 ve-

1903 2154 2104 2215 nisset,
2145 2148 2408 2205 increduli
2445 2147 2702 2218 puniendi
2756 2146 2966 2212 erant),
3018 2158 3203 2199 verum
3256 2141 3326 2198 Ut
3355 2158 3489 2198 rou-

1904 2245 2248 2306 demnentur,
2287 2241 2486 2309 inquit,
2518 2248 2576 2293 ut
2608 2240 2717 2292 sint
2749 2238 2848 2307 ipsi
2889 2235 3308 2291 inexcusabiles.
3343 2235 3486 2302 Quid

1903 2335 2050 2391 enim
2083 2334 2347 2394 dicerent,
2387 2330 2680 2400 Proiiterea
2723 2344 2831 2384 non
2866 2329 3200 2384 credidimus
3228 2328 3483 2390 Christo,

1904 2426 2046 2496 quod
2064 2423 2312 2493 discipuli
2335 2437 2459 2478 eum
2483 2421 2651 2476 Deum
2676 2421 3043 2491 prazdicarint,
3074 2436 3171 2475 nos
3190 2429 3368 2475 autem
3391 2435 3490 2474 au-

1903 2519 2135 2575 divimus
2164 2533 2328 2570 unum
2358 2529 2478 2572 esse
2513 2515 2700 2579 Deum,
2729 2529 2793 2568 cx
2827 2528 2935 2583 quo
2964 2513 3180 2568 omnia?
3207 2513 3490 2580 Quomodo

1905 2611 2066 2682 igitur
2112 2608 2425 2664 credidistis
2458 2607 2832 2669 Antichristo,
2885 2606 2977 2675 qui
3019 2606 3260 2675 seipsum
3319 2606 3488 2660 Deum

1904 2701 2068 2757 facit?
2091 2700 2340 2756 Christus
2365 2699 2510 2754 enim
2536 2698 2683 2753 Patri
2711 2699 2893 2753 omnia
2927 2697 3197 2752 referebat
3221 2706 3442 2765 accepta
3473 2715 3486 2749 :

1905 2795 1991 2849 hic
2036 2809 2164 2849 vero
2209 2809 2238 2849 θ
2282 2793 2517 2848 diverso.
2570 2791 2674 2845 Sed
2721 2791 2936 2856 dicent,
2990 2789 3153 2859 Signa
3205 2791 3322 2861 ejus
3363 2805 3490 2859 per-

1905 2889 2196 2958 speximus.
2214 2886 2375 2956 Atqui
2402 2899 2499 2954 per
2526 2883 2798 2939 Christum
2824 2883 2963 2937 facta
2987 2892 3111 2937 sunt
3136 2883 3298 2936 etiam
3321 2885 3488 2936 multa

1905 2990 1954 3034 et
1992 2994 2204 3048 magna.
2243 2978 2404 3048 Atqui
2446 2975 2696 3031 Christus
2727 2976 2946 3045 quidem
3009 2973 3268 3028 Senator
3295 2987 3324 3026 a
3359 2987 3489 3042 pro-

1904 3071 2081 3140 phetis
2136 3069 2584 3138 prtedicabatur:
2641 3069 2744 3122 iste
2790 3082 2950 3133 vero,
2991 3066 3134 3120 ﬁlius
3188 3065 3489 3134 iniquitatis

1906 3169 1960 3215 et
2017 3161 2292 3215 interitus.
2360 3158 2509 3212 lianc
2566 3158 2634 3211 oh
2684 3171 2905 3211 causam
2956 3158 3487 3220 condemnabuntur,

1907 3253 2163 3322 quoniam
2199 3253 2482 3306 veritatem
2515 3251 2849 3305 dimittentes
2871 3291 2885 3315 ,
2926 3259 3356 3314 consenserunt,
3389 3250 3493 3303 hoc

1909 3352 2012 3405 est,
2055 3343 2258 3411 placuit
2284 3342 2385 3404 eis,
2417 3356 2480 3394 ac
2519 3337 2993 3409 lubenterﬁaddicti
3028 3347 3155 3392 sunt
3191 3337 3491 3404 injustititn,

1911 3438 2011 3490 hoc
2070 3445 2155 3491 est
2226 3432 2522 3498 vastatori,
2581 3445 2796 3485 onmem
2856 3428 3174 3498 injustitiam
3230 3429 3493 3482 adversus

1909 3528 2224 3582 mortalium
2265 3527 2476 3581 animos
2522 3521 2844 3586 adducenti,
2898 3523 2993 3590 qui
3053 3521 3232 3590 reipsa
3276 3530 3361 3576 est
3404 3520 3492 3572 in-

1903 3618 2142 3685 justitia.

1983 3710 2150 3764 Vens.
2190 3709 2275 3762 ‘15.
2312 3706 2426 3759 Nos
2468 3715 2644 3759 autent
2677 3704 2922 3758 debemus
2957 3703 3155 3772 gratias
3193 3717 3347 3771 agere
3387 3699 3493 3753 Deo

1910 3816 2113 3867 semper
2134 3815 2229 3867 pro
2254 3798 2415 3861 vobis,
2449 3798 2642 3866 fratres
2667 3797 2847 3849 dilecti
2873 3813 2903 3848 a
2933 3795 3176 3847 Domino.
3215 3793 3349 3858 Quia
3381 3792 3492 3846 for-

1913 3894 2187 3948 nzidabilia
2212 3894 2458 3961 quaedam
2488 3891 2717 3951 dixerat,
2745 3897 2798 3942 et
2826 3903 2945 3958 qua:
2974 3894 3191 3954 possent
3216 3885 3490 3938 inﬁrmum

1911 3988 2150 4040 animum
2186 3991 2500 4043 concutere,
2531 3997 2676 4035 nunc
2705 3981 2911 4050 mitigat
2945 3978 3108 4033 corda
3131 3992 3318 4030 eorum
3343 4018 3357 4042 ,
3393 3979 3494 4030 do-

1913 4092 2042 4130 cens
2076 4075 2218 4144 quod
2277 4075 2402 4127 licet
2442 4073 2555 4126 haec
2603 4072 2725 4125 aliis
2768 4071 2984 4138 quidem
3043 4069 3306 4123 terribilia
3347 4069 3490 4131 sint,

1915 4183 2105 4234 nempe
2142 4165 2209 4219 iis
2241 4167 2329 4232 qui
2366 4175 2617 4233 pereunt,
2665 4163 2953 4214 adversum
2992 4175 3129 4227 quos
3169 4159 3333 4212 etiam
3372 4158 3491 4226 plu-

1916 4262 2109 4312 rimum
2139 4259 2341 4320 Valent,
2392 4270 2490 4309 nos
2521 4270 2649 4308 vero
2676 4254 2936 4307 debemus
2959 4253 3162 4320 gratias
3193 4266 3354 4318 agere
3385 4251 3493 4304 Deo

1912 4365 2009 4418 pro
2030 4350 2204 4412 vobis,
2234 4347 2376 4418 quod
2408 4344 2560 4400 electi
2585 4344 2742 4407 sitis,
2774 4342 2918 4412 quod
2949 4340 3127 4394 dilecti
3154 4341 3274 4394 sitis
3300 4355 3327 4391 a
3361 4340 3488 4393 Deo.

1913 4442 1968 4495 Si
2003 4442 2180 4494 autem
2213 4454 2308 4492 nos
2335 4453 2429 4505 pro
2452 4437 2603 4490 vobis
2632 4435 2836 4502 gratias
2863 4434 3095 4503 agimus,
3130 4430 3295 4501 5&0
3324 4431 3492 4484 multo

1830 4543 1882 4602 ι)
1912 4531 2081 4600 magis
2114 4546 2206 4582 vos
2236 4529 2372 4582 istuc
2413 4527 2590 4581 facere
2623 4525 2780 4579 decet
2810 4538 2907 4593 pro
2936 4522 3091 4577 vobis
3124 4522 3279 4590 ipsis.

1981 4623 2244 4688 Quoniam
2299 4619 2449 4688 elegit
2489 4635 2574 4671 vos
2633 4617 2770 4669 Deus
2801 4633 2834 4668 α
2865 4616 3128 4683 principio
3174 4617 3241 4667 ad
3266 4613 3491 4666 salutem

1907 4718 1963 4768 in
1990 4711 2409 4778 sanctiﬁcatione
2440 4707 2694 4775 Spiritus,
2726 4716 2773 4760 et
2804 4707 2908 4773 ﬁde
2937 4705 3199 4758 veritatis.
3243 4705 3398 4757 Haiic
3422 4705 3491 4757 ob

1912 4823 2025 4861 rem
2065 4806 2271 4874 gratias
2305 4803 2535 4872 agimus,
2575 4802 2700 4869 quia
2734 4797 2896 4867 elegit
2927 4812 3022 4851 vos
3059 4795 3218 4860 Deus,
3253 4803 3306 4848 et
3347 4810 3487 4863 pne-

1910 4899 2204 4954 destinavit
2253 4897 2318 4948 ad
2359 4891 2612 4956 salutem,
2664 4906 2786 4945 cum
2832 4889 3022 4957 dignos
3057 4886 3304 4941 videlicet
3354 4902 3492 4954 prae-

1910 4993 2125 5046 scisset.
2159 4985 2477 5054 Quomodo?
2516 4984 2584 5038 1η
2619 4982 3036 5049 sanctiﬁcatione
3065 4980 3301 5046 Spiritus
3341 4994 3361 5033 :
3391 4980 3493 5034 hoc

1918 5093 2021 5147 cst,
2045 5081 2283 5137 servavit
2311 5093 2430 5141 vos.
2459 5076 2805 5132 sanctiﬁcans
2833 5090 2927 5143 per
2956 5073 3237 5144 Spiritum.
3268 5071 3487 5135 Deinde,

1917 5188 1983 5228 ne
2014 5173 2134 5241 quis
2166 5171 2334 5237 dicat,
2369 5170 2507 5236 Quid
2565 5168 2724 5222 inde?
2773 5167 2978 5220 nihilne
3030 5179 3128 5218 nos
3173 5162 3490 5215 attulimus?

1917 5265 2119 5328 subdit,
2173 5261 2241 5315 Et
2279 5263 2384 5329 ﬁde
2418 5260 2674 5324 veritatis,
2731 5259 2779 5311 id
2829 5267 2933 5323 est,
2989 5255 3361 5310 Sanctificavit
3394 5269 3490 5306 uos

1918 5357 2010 5423 qui
2063 5353 2344 5408 attulimus
2414 5353 2572 5407 ﬁdem
2627 5350 2894 5412 veritatis,
2946 5349 3046 5403 hoc
3095 5358 3174 5400 est
3234 5361 3487 5400 verarum

1918 5463 2119 5503 rerum.
2154 5447 2269 5502 Non
2295 5445 2438 5501 enim
2470 5442 2766 5499 mendaciis
2791 5441 3112 5509 quibusdam
3149 5438 3308 5490 ﬁdem
3340 5435 3488 5488 adhi-

1915 5541 2149 5604 buimus,
2191 5541 2284 5595 sed
2313 5536 2524 5594 veritati
2557 5534 2682 5606 ipsi.
2730 5534 3017 5597 Prancrca,
3066 5527 3317 5584 secundae
3359 5526 3483 5580 ﬁdei

1563 5727 1756 5787 Varia:
1821 5723 2146 5788 lectiones.

303 5838 349 5873 ’⁸
381 5840 512 5908 παρ’
552 5855 602 5892 o.
682 5839 724 5869 9’
776 5835 983 5889 ἐκεῖνον
1013 5848 1064 5888 0.
1143 5833 1186 5866 ³⁵
1220 5828 1451 5899 (beenlost
1487 5843 1539 5884 0.
