4220 6444
754 358 885 423 13ἴι1

757 475 997 535 Facitis;
1056 466 1148 524 sc‘d
1198 467 1411 537 adjecit,
1466 468 1697 522 Facietis
1748 485 1764 523 :

755 570 820 620 ad
853 576 1151 622 extremum
1203 577 1375 631 usque
1413 562 1660 631 spirituum
1711 562 1964 614 virtutem
2000 559 2187 612 adesse
2224 559 2320 611 de-

757 657 904 712 bere.

824 746 989 800 Vens.
1023 744 1077 798 5.
1127 742 1379 796 Dominus
1422 752 1595 793 autem
1637 741 1830 810 dirigat
1862 743 2025 794 corda
2058 748 2222 793 nostra
2255 740 2324 791 ad

753 837 1085 891 dilectionem
1126 834 1244 894 Dei,
1300 842 1351 897 et
1388 833 1457 886 ad
1508 834 1810 901 patientiam
1868 833 2081 889 Christi.
2127 831 2323 886 Iterum

756 944 855 997 pro
891 929 969 983 eis
1012 926 1318 990 intercedit,
1355 933 1562 993 quanta
1610 924 1822 978 illorum
1866 939 1995 977 cura
2050 931 2321 992 tangatur,

758 1021 1021 1076 indicans.
1059 1018 1194 1083 Quia
1224 1016 1366 1071 enim
1404 1015 1694 1069 nonnullos
1719 1030 1905 1070 eorum
1936 1015 2325 1083 objurgaturus

755 1122 860 1174 est,
925 1110 1089 1165 corda
1148 1110 1392 1180 ipsorum
1446 1108 1794 1177 praemitigat.
1860 1116 1917 1161 ut
1962 1108 2209 1159 videatur
2259 1120 2325 1158 ex

756 1203 920 1257 multa
981 1201 1248 1256 eharitate
1310 1198 1618 1269 obiurgare.
1673 1200 1762 1251 Ait
1823 1199 2003 1268 igitur,
2070 1198 2325 1252 Dominus

756 1295 953 1363 dirigat
1002 1292 1164 1346 corda
1192 1300 1364 1345 vestra
1388 1306 1405 1343 :
1433 1290 1535 1343 hoc
1572 1298 1676 1353 est,
1716 1289 1878 1344 Recta
1939 1292 2123 1344 venire
2171 1290 2330 1343 faciat

757 1398 814 1443 et
878 1403 984 1443 non
1041 1388 1312 1440 aberrare.
1358 1383 1522 1437 Multa
1563 1384 1705 1437 enim
1769 1391 1893 1437 sunt
1928 1398 2050 1451 quae
2104 1398 2134 1435 a
2182 1396 2330 1437 recto

758 1478 1039 1533 charitatis
1059 1476 1195 1531 calle
1216 1475 1511 1537 abducunt,
1528 1484 1582 1527 ut
1604 1476 1850 1542 pecunia,
1875 1475 2327 1539 facultates,vana

760 1571 952 1639 gloria,
1015 1566 1255 1629 afﬂictio,
1321 1567 1664 1620 tentationes.
1715 1567 1839 1620 Haec
1909 1567 2050 1619 enim
2121 1566 2329 1634 aliaque

762 1660 927 1713 multa
985 1675 1089 1713 non
1120 1659 1424 1713 sinnutnos
1463 1660 1528 1710 ad
1564 1658 1905 1713 dilectionem
1938 1658 2028 1713 Dei
2052 1666 2195 1712 recta
2236 1673 2329 1713 ae-

761 1755 972 1816 cedere.
1009 1752 1335 1822 diligereque
1387 1753 1556 1816 ipsum
1602 1750 1823 1816 perinde
1869 1763 1931 1802 ac
1962 1750 2327 1804 necessarium

1665 355 2237 420 THEOPHYLACTI
2278 353 2688 415 BULGARIE
2724 358 3069 420 ARCHIEP.

3863 356 4021 424 135:2

1821 470 2131 531 oswndens,
2170 468 2324 520 nobis
2350 483 2402 536 Α
2428 468 2481 517 δὲ
2506 468 2672 521 εἰπὼν
2696 471 2778 536 τὸ,
2814 472 3057 536 Ποιεῒτε,
3083 472 3217 526 ἀλλά
3249 472 3487 543 προσέθη

2358 483 2402 536 Α
2428 468 2481 517 δὲ
2506 468 2672 521 εἰπὼν
2696 471 2778 536 τὸ,
2814 472 3057 536 Ποιεῒτε,
3083 472 3217 526 ἀλλά
3249 472 3553 543 προσέθηκε
3586 472 3681 526 καὶ
3702 472 3784 539 τὸ,
3831 476 4024 539 Han}-

2423 576 2596 611 σετε·
2653 561 2868 625 δεικνὺς
2918 563 2999 615 ὅτι
3028 564 3110 617 δεῖ
3138 566 3272 634 ἡμῖν
3301 564 3428 634 ἄχρι
3475 564 3569 619 καὶ
3603 567 3703 633 τῆς
3762 564 4024 634 ἐσχάτης

2423 651 2698 720 ἀναπνοῆς
2726 654 2983 721 παρεῖναι
3014 654 3113 724 τὴν
3144 656 3367 725 ἀρετήν.

2508 741 2561 795 Ὀ
2593 742 2662 796 δὲ
2720 746 2933 812 Κύριος
2968 748 3321 800 κατευθύναι
3382 747 3549 814 ὑμῶν
3596 750 3708 814 τὰς
3756 750 4031 819 καρδίας

2423 836 2510 899 είς
2547 832 2661 900 τὴν
2692 834 2935 903 ἀγάπην
2974 836 3077 889 τοῦ
3103 837 3269 899 Θεοῦ,
3298 837 3399 889 καὶ
3423 839 3501 902 εἰς
3541 836 3657 903 τὴν
3684 838 4031 905 ὑπομονὴν

2424 924 2532 976 τοῦ
2573 924 2850 992 Χριστοῦ.
2886 926 3057 982 Πάλιν
3106 926 3397 996 ἐπεύχεται
3434 928 3639 992 αὐτοῖς,
3664 928 3891 991 δεικνὺς
3919 929 4030 993 τὴν

2427 1014 2589 1069 αὐτοῦ
2625 1016 2971 1087 κηδεμονίαν.
3013 1017 3233 1089 Ἐπειδὴ
3282 1019 3393 1089 γάρ
3439 1019 3621 1088 μέλλει
3649 1022 3799 1073 τισὶν
3828 1021 4029 1073 αὐτῶν

2427 1108 2713 1178 ἐπιτιμᾷν,
2747 1108 3057 1178 προλεαίνει
3086 1109 3184 1173 τὰς
3215 1109 3441 1181 καρδίας
3486 1110 3689 1177 αὐτῶν,
3721 1113 3813 1164 ἴνα
3841 1112 3979 1181 δόξῃ
4010 1114 4030 1143 ⁸

2428 1199 2509 1251 ὅτι
2541 1198 2646 1250 ἀπὸ
2666 1200 2886 1270 ἀγάπης
2916 1200 3117 1270 πολλῆς
3148 1201 3400 1273 ἐπιτιμᾷ.
3458 1204 3625 1271 Φησὶν
3655 1203 3771 1265 οὖν,
3812 1206 3897 1256 ὅτι
3969 1202 4030 1255 Ὅ

2429 1289 2643 1356 Κύριος
2668 1293 3025 1345 κατευθύναι
3059 1292 3166 1358 τὰς
3205 1293 3453 1359 καρδίας
3489 1293 3681 1362 ὑμῶν,
3708 1296 4028 1351 «etiam».

2430 1378 2519 1428 ἐπ’
2544 1378 2760 1443 εὐθείας
2787 1380 2959 1433 ἐλθεῖν
2991 1384 3237 1450 ποιήσειε
3266 1383 3310 1445 ⁵,
3328 1385 3422 1437 καὶ
3446 1384 3521 1453 μὴ
3554 1386 4030 1454 παρατραπῆναι.

2433 1467 2610 1520 Πολλὰ
2638 1468 2747 1538 γάρ
2775 1471 2880 1522 εἰσι
2930 1471 3029 1539 τῆς
3080 1474 3217 1543 πρδς
3276 1475 3376 1543 τὴν
3427 1475 3648 1544 ἀγάπην
3683 1476 3859 1545 ὀρθῆς
3894 1477 4030 1529 δὸςῦ

2435 1558 2790 1627 ὲκτρέποντα,
2824 1562 2916 1613 καὶ
2945 1563 3222 1632 χρήματα,
3277 1565 3376 1617 καὶ
3424 1567 3721 1630 κενοδοξία,
3758 1569 3859 1619 καὶ
3904 1568 4033 1620 θλί-

2433 1646 2578 1714 ψεις,
2614 1648 2710 1700 καὶ
2734 1652 3053 1720 πειρασμοί.
3085 1653 3272 1706 Ταῦτα
3296 1654 3406 1726 γὰρ
3437 1658 3531 1708 καὶ
3552 1656 3690 1710 ἄλλα
3716 1658 3895 1712 πλείω
3922 1660 4032 1711 οὐκ

2438 1739 2598 1791 ἐῶσιν
2631 1741 2776 1808 ἡμᾶς
2808 1742 2886 1803 εἰς
2913 1741 3137 1811 ἀγάπην
3162 1744 3257 1797 τοῦ
3309 1744 3445 1798 Θεοῦ
3495 1746 3902 1817 εὐθυπορῆσαι,
3932 1750 4035 1802 καὶ

762 1853 861 1900 est.
904 1843 1034 1897 Illud
1064 1857 1211 1905 vero,
1247 1841 1328 1895 Ad
1376 1841 1685 1909 patientiam
1732 1837 1950 1904 Clu-isti,
2014 1841 2095 1894 vel
2125 1842 2204 1896 sic
2250 1840 2334 1895 in-
2366 1837 2408 1890 Β

2369 1837 2408 1890 Β
2437 1828 2718 1899 ἀγαπῆσαι
2754 1830 2915 1883 αὐτὸν
2943 1832 3018 1894 ὡς
3047 1832 3145 1886 δεῖ.
3190 1834 3234 1885 Τ
3237 1835 3264 1887 δ
3311 1835 3388 1900 δὲ,
3413 1837 3516 1902 Εἰς
3545 1838 3661 1904 τὴν
3696 1842 4035 1907 ὑπομονὴν

764 1933 977 2000 telliges
1014 1940 1073 1984 ut
1121 1930 1485 1985 sustineamus
1514 1939 1566 1983 et
1610 1942 1726 1991 nos,
1767 1930 2216 1996 quemadmodum
2248 1929 2335 1982 ille

772 2023 1032 2079 sustinuit
1065 2039 1079 2076 :
1110 2021 1194 2076 vel
1235 2031 1293 2075 ut
1327 2036 1451 2075 eum
1488 2020 1740 2087 patientia
1776 2030 2150 2087 exspectemus
2180 2020 2335 2075 Chri-

767 2126 909 2171 stum
961 2125 1016 2169 et
1053 2130 1158 2169 non
1207 2113 1580 2182 desperemus,
1614 2113 1707 2165 sed
1756 2112 1985 2165 firmiter
2028 2112 2333 2178 credamus,

765 2210 906 2278 quod
950 2221 1068 2275 quae
1113 2204 1443 2272 promiserit.
1500 2204 1865 2273 completur-us
1911 2204 1999 2257 sit.
2044 2202 2335 2269 Praeterea,

769 2299 1042 2367 patientiae
1090 2296 1417 2350 mentionem
1481 2294 1710 2363 faciens,
1772 2294 2092 2350 aﬂlietioncs
2139 2296 2334 2351 innuit.

765 2387 1026 2443 Charitati
1087 2397 1266 2441 autem
1349 2386 1439 2439 Dei
1493 2385 1739 2454 adjunxit
1791 2386 2108 2454 patientiam
2169 2408 2179 2441 :
2238 2391 2339 2445 hoc

768 2482 910 2535 enim
959 2490 1041 2535 est
1082 2480 1307 2549 diligere
1361 2478 1551 2543 Deum,
1611 2488 1830 2548 propter
1881 2479 2052 2547 ipsum
2114 2482 2339 2550 patienti

769 2573 952 2627 animo
1026 2585 1170 2636 esse,
1243 2582 1297 2627 et
1348 2587 1452 2626 non
1512 2570 1851 2625 contristari.
1903 2571 2006 2626 Per
2058 2572 2340 2630 Dominum

771 2674 948 2720 autem
1020 2665 1109 2720 hic
1152 2666 1411 2734 Spiritum
1454 2664 1711 2731 intellige,
1750 2664 1972 2732 perinde
2018 2681 2081 2722 ac
2118 2684 2343 2740 magnus

769 2758 1052 2812 annotavit
1086 2758 1339 2813 Basilius.

842 2850 1003 2903 Vens.
1049 2848 1109 2903 6.
1176 2848 1527 2918 Prtecipimus
1593 2864 1765 2907 autem
1806 2856 1973 2923 vobis,
2022 2856 2237 2923 fratres,
2289 2859 2345 2910 in

774 2942 979 2993 nomine
1027 2940 1233 2994 Domini
1294 2941 1464 2994 nostri
1526 2941 1656 2996 Jesu
1697 2944 1920 2999 Christi.
1997 2945 2114 3001 Non
2177 2948 2345 3001 semel

774 3032 1134 3087 indicavimus
1186 3033 1408 3087 Paulum
1454 3036 1782 3090 severiorem
1823 3038 2216 3094 institutionem
2245 3054 2343 3110 ap-

774 3125 975 3193 pellare
1025 3134 1374 3193 prmceptum.
1437 3124 1596 3196 543
1652 3126 1803 3182 Nune
1850 3131 2029 3199 itaque
2075 3130 2335 3187 formida-

774 3215 1018 3269 biliorem
1039 3215 1466 3269 adhortationem
1486 3217 1708 3284 iaciens,
1733 3219 1845 3274 Non
1873 3236 1968 3276 nos
1987 3224 2345 3292 praecipimus.

777 3304 965 3371 inquit,
1050 3303 1142 3357 sed
1188 3303 1458 3357 Christus.
1519 3303 1648 3369 ρυω
1700 3309 1843 3360 enim
1898 3324 1999 3379 ego
2064 3309 2207 3369 dico.
2262 3312 2352 3367 illc

775 3394 1018 3464 profecto
1062 3395 1213 3449 dicit.
1268 3394 1402 3448 Nam
1456 3407 1512 3450 ut
1560 3397 1721 3452 Otiosi
1773 3413 2036 3465 essemus,
2086 3416 2349 3472 nusquam

780 3486 867 3538 ill..-
901 3488 1177 3555 praecepit.

854 3577 920 3631 Ut
985 3580 1314 3635 subtraltatis
1374 3598 1460 3636 t'os
1526 3584 1591 3635 ab
1621 3585 1760 3637 omni
1823 3583 1991 3651 fratre
2055 3586 2354 3638 inordinate

780 3672 1100 3728 ambulante.
1140 3673 1255 3729 Hoc
1285 3684 1389 3739 est,
1428 3684 1485 3729 ut
1515 3676 1835 3744 separemini
1867 3691 1898 3730 a
1932 3680 2121 3746 quovis
2155 3678 2356 3731 inordi-

783 3770 928 3825 nate,
977 3763 1077 3816 hoc
1136 3773 1218 3817 est
1285 3765 1484 3828 otiose,
1544 3768 1776 3825 vivente.
1839 3768 1952 3821 sive
2014 3768 2185 3832 dives,
2243 3768 2356 3822 sive

780 3868 1005 3923 pauper,
1050 3856 1164 3910 sive
1207 3868 1428 3912 sanctus
1481 3859 1659 3911 fuerit.
1692 3857 1793 3924 Qui
1844 3860 1988 3913 enim
2020 3860 2089 3914 ab
2135 3860 2357 3918 utilibus

780 3945 1035 4011 operibus
1077 3944 1372 4009 abstinent,
1433 3948 1485 3999 in
1534 3947 1883 4001 dicacitatem
1934 3948 2250 4019 plerumque
2299 3962 2355 4006 et

783 4033 1165 4088 scurrilitatem
1197 4036 1499 4104 praecipites
1534 4046 1789 4105 aguntur.
1826 4037 1936 4092 [lac
1969 4048 2149 4093 autem
2201 4041 2354 4096 inor-

782 4123 966 4177 dinata
1008 4136 1155 4179 sunt.
1212 4126 1532 4192 Quomodo?
1575 4125 1801 4195 Propter
1839 4130 1939 4182 hoc
1974 4130 2170 4199 ipsum,
2219 4131 2361 4199 quod

785 4214 917 4267 nihil
952 4224 1095 4285 agat,
1148 4227 1199 4270 et
1235 4219 1360 4285 quia
1401 4220 1646 4273 ordinem
1685 4234 1712 4271 a
1743 4230 2069 4289 praeceptore
2116 4223 2355 4290 positum

784 4307 1033 4361 excedat.
1068 4306 1234 4361 lnfcrt
1280 4310 1444 4379 igitur
1487 4328 1499 4361 :

861 4399 927 4451 Et
976 4418 1077 4454 non
1114 4402 1395 4455 secundum
1421 4404 1759 4457 traditionem
1800 4420 1957 4474 quam
1992 4418 2300 4474 acceperunt
2330 4424 2362 4459 a

2437 1920 2544 1973 τοῦ
2566 1921 2845 1989 Χριστοῦ,
2874 1922 2907 1991 ἦ
2933 1921 3080 1976 οὕτω
3109 1924 3347 1994 νοήσεις,
3381 1927 3499 1980 Ἵνα
3530 1929 3925 1998 ὑπομένωμεν,
3953 1932 4035 1993 ὡς

2439 2012 2644 2073 ἐκεῖνος
2668 2012 2962 2083 ὑπέμεινεν
2985 2030 2998 2043 ·
3028 2015 3086 2085 ἢ,
3129 2016 3247 2069 Ἵνα
3276 2018 3397 2088 μεθ’
3427 2019 3708 2090 ὑπομονῆς
3731 2022 4037 2091 ἀναμένω-

2440 2121 2539 2174 μεν
2591 2106 2681 2159 τὸν
2714 2107 2965 2177 Χριστὸν,
3003 2110 3097 2163 καὶ
3155 2110 3230 2178 μὴ
3278 2111 3706 2184 ἀπελπίζωμεν,
3760 2114 3903 2168 ἀλλὰ
3935 2136 4032 2168 1::-

2441 2198 2718 2267 στεύωμεν
2780 2199 3032 2268 βεϐαίως,
3090 2203 3172 2255 ὅτι
3226 2204 3261 2257 ἂ
3296 2206 3657 2273 ἐπηγγείλατο
3714 2206 4030 2276 πληρώσει.

2440 2287 2620 2341 Εἰπὼν
2635 2289 2691 2342 δὲ
2715 2291 3010 2362 ὑπομονὴν,
3036 2293 3242 2362 θλίψεις
3260 2296 3501 2367 ᾐνίξατο.
3527 2298 3608 2369 Τῇ
3628 2298 3826 2370 ἀγάπῃ
3852 2299 3910 2352 δὲ
3934 2302 4032 2352 τοῦ

2439 2377 2574 2430 Θεοῦ
2609 2380 2892 2445 συνέζευξε
2940 2383 3039 2452 τὴν
3088 2386 3398 2456 ὑπομονήνο
3451 2388 3609 2441 τοῦτο
3658 2389 3769 2459 γάρ
3820 2394 3943 2445 ists
3973 2393 4034 2443 τὸ

2440 2468 2659 2537 ἀγαπᾷν
2688 2472 2777 2521 τὸν
2807 2471 2960 2538 Θεὸν,
2992 2475 3053 2526 τὸ
3084 2476 3377 2545 ὑπομένειν
3403 2479 3469 2530 δι’
3495 2480 3678 2545 αῦτδν,
3704 2486 3801 2533 καὶ
3832 2486 3907 2550 μὴ
3941 2482 4036 2534 θοι

2443 2558 2743 2627 ρυϐεῖσθαι.
2780 2564 2995 2630 Κύριον
3018 2565 3097 2629 δὲ,
3123 2567 3184 2619 τὸ
3217 2568 3438 2637 Πνεῦμα
3464 2571 3571 2623 νόει
3602 2572 3865 2637 ἐνταῦθα,
3896 2575 3977 2637 ὡς
4006 2576 4036 2627 ὁ

2447 2651 2620 2717 μέγας
2644 2656 3079 2723 παρεσημήνατο
3114 2658 3417 2722 Βασίλειος.

2509 2836 3011 2906 Παραγγέλλομεν
3043 2839 3110 2891 δὲ
3155 2840 3320 2908 ὑμῖν,
3352 2842 3624 2913 ἀδελφοί,
3679 2844 3749 2897 ἐν
3778 2847 4030 2916 ὀνόματι

2448 2927 2550 2979 τοῦ
2581 2929 2798 2994 Κυρίου
2823 2929 2991 2998 ἡμῶν
3036 2932 3239 2999 Ἰησοῦ
3269 2936 3545 3003 Χριστοῦ.
3578 2937 3848 3001 Πολλάκις
3880 2940 4033 2992 εἷπο-

2448 3037 2569 3088 μεν,
2608 3021 2688 3073 ὅτι
2726 3024 3104 3092 παραγγελίαν
3127 3026 3155 3078 ὁ
3186 3026 3400 3089 Παῦλος
3426 3028 3575 3096 λέγει
3612 3030 3711 3100 τὴν
3748 3032 4029 3102 αὐστηροο

2447 3110 2999 3180 τέρανδιδασκαλίαν.
3033 3118 3144 3170 Καὶ
3198 3116 3292 3170 νῦν
3356 3116 3449 3172 οῦν
3507 3122 3892 3194 φοϐερωτέραν
3930 3127 4027 3196 τὴν

2454 3205 2829 3272 παραγγελίαν
2889 3208 3082 3272 ποιῶν,
3116 3211 3303 3279 φησὶν,
3351 3212 3433 3264 ὅτι
3467 3213 3579 3283 Οὐχ
3611 3216 3774 3283 ἡμεῖς
3809 3234 4028 3287 παραγ-

2451 3294 2731 3363 γέλλομεν,
2756 3298 2869 3349 ἀλλ’
2899 3300 2926 3350 ὁ
2954 3288 3208 3369 Χριστᾶς.
3242 3302 3310 3353 Ἀ
3335 3303 3443 3373 γὰρ
3474 3304 3583 3370 ἐγὼ
3614 3304 3781 3372 λέγω,
3820 3310 4029 3373 ἐκεῖνος

2452 3385 2620 3452 λέγει.
2661 3388 2913 3458 Οὑδαμοῦ
2938 3391 3052 3460 γὰρ
3076 3392 3409 3461 προσέταξεν
3440 3396 3641 3458 ἐκεῖνος
3668 3398 3884 3467 ἀργεῖν.

2525 3568 2887 3624 Στέλλεσθαι
2906 3571 3058 3641 ὑμᾶς
3083 3573 3202 3627 ἀπὸ
3228 3577 3451 3643 πάντές
3475 3577 3743 3648 ἀδελφοῦ
3762 3582 4027 3648 ἀτάκτως

2457 3662 2943 3727 περιπατοῦντος.
2979 3664 3259 3731 Τουτέστι,
3285 3668 3614 3737 χωρίζεσθαι
3638 3672 3746 3724 ἀπὸ
3776 3673 3873 3725 τοῦ
3902 3674 4029 3726 ἀτα-

2460 3768 2627 3814 κτως,
2670 3755 2950 3806 τουτέστιν
3000 3756 3019 3786 ⁶
3065 3757 3272 3826 ἀργῶς,
3337 3758 3578 3828 βιοῦντος
3644 3765 3867 3827 παντὸς,
3927 3765 4027 3818 κᾶν

2460 3842 2713 3907 πλούσιος
2744 3842 2798 3915 ᾖ,
2828 3846 2929 3899 κᾶν
2964 3849 3151 3916 πένης,
3185 3849 3289 3902 κᾶν
3318 3849 3472 3918 ἅγιος
3501 3853 3542 3906 ⁷.
3584 3855 3643 3906 Οἱ
3680 3854 3789 3924 γὰρ
3827 3856 4022 3926 ἀπεχό-

2462 3955 2613 4007 μενοι
2638 3938 2747 3991 τῶν
2769 3939 3084 4009 εὐχρήστων
3113 3941 3310 4011 ἔργων,
3334 3943 3409 4004 ὡς
3430 3943 3630 3996 ἐπίπαν
3659 3949 3736 4008 είς
3760 3949 4025 4018 εὐτραπε-

2458 4031 2579 4092 λίας
2606 4031 2699 4081 καὶ
2732 4029 3055 4100 ἀδιαφορίας
3083 4033 3582 4102 ἐκτραχηλίζονται.
3610 4036 3797 4090 Ταῦτα
3823 4040 3876 4091 δὲ
3903 4041 4026 4093 ἀτα-

2463 4121 2580 4185 ξίας
2606 4123 2733 4177 είσί.
2766 4122 2922 4187 Πῶςς
2957 4123 3034 4173 Δι’
3062 4125 3191 4175 αὐτὸ
3230 4125 3386 4177 τοῦτο
3431 4128 3493 4179 τὸ
3521 4129 3734 4197 ἀργεῖν,
3769 4130 3862 4182 καὶ
3899 4133 4024 4184 καθὸ

2461 4211 2703 4265 ἐκϐαίνει
2730 4213 2827 4283 τὴν
2877 4212 3029 4282 παρὰ
3080 4212 3173 4265 τοῦ
3200 4213 3521 4268 διδασκάλου
3574 4219 3824 4272 τεθεῖσαν
3883 4222 4021 4291 αὖτῇ

2462 4303 2638 4369 τάξιν.
2679 4304 2959 4373 Ἐπιφέρει
2989 4303 3113 4357 οὖν·

2543 4396 2652 4449 Kal
2684 4397 2771 4463 μὴ
2815 4397 2965 4450 κατὰ
3008 4396 3126 4462 τὴν
3171 4397 3507 4463 παράδοσιν
3551 4399 3629 4467 ἢν
3691 4405 4021 4472 παρέλαϐεν

789 4492 960 4546 nobis.
1010 4492 1178 4558 Quam
1230 4509 1325 4563 per
1395 4508 1557 4562 opera
1608 4496 1761 4550 vobis
1809 4497 2025 4563 tradidi,
2084 4499 2361 4568 exemplar
2393 4508 2437 4562 ι)

2355 4508 2437 4562 .D
2466 4488 2602 4555 παρ’
2634 4486 2822 4554 ἡμῶν.
2893 4488 2996 4539 Ἦν
3043 4486 3131 4540 διὰ
3181 4487 3290 4539 τῶν
3346 4487 3521 4557 ἔργων
3567 4491 3696 4560 ὑμῖν
3721 4496 4021 4563 παρέδωκα,

790 4583 941 4635 vobis
965 4582 1169 4638 factus:
1205 4585 1419 4651 proprie
1452 4585 1594 4638 enim
1660 4586 1879 4641 traditio
1912 4597 1998 4642 est
2026 4588 2355 4657 huiusmodi.

862 4758 1023 4812 Vens.
1061 4760 1111 4812 7.
1160 4758 1270 4825 Ipsi
1304 4761 1439 4812 enim
1474 4761 1617 4815 scitis
1645 4764 2083 4831 quemadmodum
2130 4774 2363 4832 oporteat

791 4850 991 4901 imitari
1030 4864 1142 4910 nos,
1187 4852 1433 4917 quoniam
1467 4868 1565 4904 non
1646 4854 1946 4908 inordinate
1980 4871 2071 4908 nos
2111 4858 2361 4924 gessimus

793 4942 934 5004 apud
983 4956 1094 5002 vos,
1155 4956 1315 5007 neque
1371 4944 1538 5011 gratis
1596 4959 1783 5009 panem
1825 4947 2248 5001 manducavimus
2302 4950 2365 5000 ab

795 5031 993 5100 aliqua.
1042 5031 1156 5085 Non
1216 5034 1529 5089 inordinate
1576 5052 1675 5091 nos
1759 5038 2072 5107 gessimus,
2136 5041 2186 5093 id
2264 5049 2366 5103 est,

798 5137 904 5177 non
958 5121 1159 5176 fuimus
1231 5124 1411 5179 otiosi.
1468 5124 1922 5182 lnordinationem
1986 5132 2128 5182 enim
2197 5132 2367 5184 otium

802 5214 1063 5278 nominat,
1102 5226 1153 5267 ut
1200 5229 1359 5281 supra
1392 5234 1405 5270 :
1440 5229 1600 5286 atque
1642 5219 1711 5271 ita
1752 5236 1881 5273 sane
1922 5235 1979 5274 se
2041 5236 2126 5275 res
2163 5222 2367 5275 habet:

803 5320 923 5357 nam
958 5304 1094 5358 Deus
1122 5308 1299 5373 posuit
1324 5308 1593 5365 hominem
1624 5311 1690 5363 ad
1732 5312 1992 5374 laborem,
2026 5326 2281 5381 artusque
2309 5314 2375 5364 ad

804 5396 904 5449 hoc
948 5394 1160 5449 cllinxit
1197 5412 1210 5451 :
1253 5398 1511 5465 quocirca
1550 5400 1637 5466 qui
1693 5402 1897 5455 otiosus
1926 5403 2141 5465 est,.ab
2187 5402 2377 5454 ordine

2467 4577 2636 4640 τύπος
2670 4578 2959 4646 γενόμενος
2987 4578 3137 4648 ὑμῖν.
3170 4577 3389 4647 κυρίως
3418 4580 3525 4650 γὰρ
3554 4584 3587 4651 ἡ
3613 4584 3833 4654 τοιαύτη
3857 4591 4022 4658 παρέ-

2467 4666 2631 4730 δοσις.

2532 4758 2709 4812 Αὐτοὶ
2744 4758 2853 4827 γὰρ
2887 4757 3085 4813 οἴδατε
3118 4758 3243 4826 πῶς
3286 4761 3371 4813 δει
3396 4766 3702 4829 μιμεισθαι
3733 4764 3906 4833 ἡμᾶς,
3946 4768 4023 4820 ἐτι

2473 4851 2582 4903 οὐκ
2625 4850 3048 4917 ἠτακτήσαμεν
3097 4852 3166 4903 ἐν
3216 4851 3375 4919 ὑμῖν,
3409 4854 3550 4907 οὐδὲ
3601 4854 3827 4923 δωρεὰν
3862 4859 4028 4925 ᾶρτςν

2476 4938 2775 5008 ἐφάγομεν
2792 4939 2950 5008 παρὰ
2970 4957 3125 5005 τινος
3139 4981 3152 4994 .
3179 4942 3290 4994 Οὐκ
3320 4944 3725 5014 ἠτακτήσαμεν,
3744 4948 4024 5016 tentiam,

2475 5034 2575 5083 οὐκ
2610 5032 2953 5101 ἠργήααμεν.
2999 5032 3253 5096 ’Λταξίαν
3282 5035 3389 5102 γὰρ
3410 5036 3508 5102 τὴν
3538 5036 3738 5104 ἀργίαν
3761 5038 4022 5107 ὀνομάζει,

2478 5124 2552 5186 ὡς
2582 5128 2671 5176 καὶ
2691 5125 2948 5196 ἀνωτέρω
2970 5141 2982 5153 ·
3018 5126 3110 5176 καὶ
3135 5124 3308 5188 οὕτως
3339 5127 3471 5197 ἔχει.
3506 5128 3566 5179 Ὀ
3597 5130 3702 5197 γὰρ
3724 5130 3856 5191 Θεὸς
3887 5134 4023 5196 ἔταξε

2479 5219 2571 5268 τὸν
2592 5216 2876 5285 ἄνθρωπον
2924 5218 3270 5285 ἐργάζεσθαι.
3298 5221 3393 5271 καὶ
3443 5219 3511 5270 τὰ
3545 5221 3680 5289 μέλη
3716 5224 3848 5287 πρὸς
3889 5225 4023 5276 τοῦτο

2482 5308 2766 5359 διέπλασεν
2820 5308 2861 5360 ⁸.
2917 5309 3077 5359 Ὥστε
3123 5310 3151 5360 ὁ
3202 5310 3385 5379 ἀργῶν
3419 5310 3702 5363 ἐκλέλοιπε
3735 5313 3833 5381 τὴν
3874 5316 4022 5380 τάξι-ι.

2488 5400 2629 5468 Ὅρα
2662 5401 2739 5462 δὲ,
2774 5401 2888 5462 πῶς
2926 5400 3133 5468 δωρεὰν
3168 5403 3357 5467 φαγεῖν
3409 5400 3633 5453 ἐκάλεσε
3689 5403 3749 5455 τὸ
3796 5407 3916 5475 παρ’
3949 5409 4023 5456 2;-

2071 5567 2267 5626 Varite
2308 5562 2637 5624 iectioncs.

878 5686 897 5711 ³
921 5685 1066 5755 δείξῃ
1092 5704 1142 5739 o.
1234 5688 1254 5717 ”
1288 5690 1544 5755 τηρήσειε
1574 5703 1625 5741 o.
1705 5691 1723 5717 θ
1758 5692 1849 5741 καὶ
1884 5704 1935 5742 ο.

2051 5692 2067 5719 ⁷
2102 5691 2202 5742 κᾶν
2231 5692 2407 5758 ἅγιος.
2444 5691 2715 5750 "At-astro;
2740 5691 2862 5761 πγᾲρ
2894 5690 3009 5741 ἐστι
3034 5691 3139 5753 πᾶς
3164 5691 3285 5743 κατ’
3327 5692 3455 5745 αὐτὸ
3496 5691 3651 5745 τοῦτο
3684 5694 3742 5744 τὶ
3764 5694 3937 5761 ἀργεῖν
3963 5710 4001 5745 ιι.

811 5755 889 5807 in.
912 5758 1148 5808 minutus
1192 5760 1326 5809 enim
1356 5762 1566 5824 estquis
1603 5760 1672 5811 t'el
1695 5776 1793 5826 per
1832 5759 1925 5811 hoc
1956 5760 2124 5824 ipsum
2156 5755 2297 5827 quod
2333 5762 2530 5813 otiosus
2571 5760 2657 5811 sit.

2738 5758 2757 5787 ⁸
2787 5760 3104 5813 διεπέτανεν
3127 5779 3177 5814 o.
