4220 6444
301 364 436 433 1353

1088 361 1492 424 EXPOSITIO
1529 360 1606 420 IN
1651 359 1888 419 El‘iST.
1925 356 1979 414 Ῐῐ
2023 355 2120 413 ΛΓ)
2152 352 2410 413 TIIESS.
2444 377 2508 387 -
2536 352 2690 411 CAP.
2733 351 2844 410 III.

3421 352 3556 417 1354

294 477 406 530 τῶν
432 477 726 547 τραφῆναι.
757 475 949 530 Καίτοι
975 475 1074 529 οὐκ
1099 489 1166 546 ην
1190 477 1421 546 δωρεὰν.
1454 476 1720 545 ἐκήρυττε
1750 471 1878 540 γάρ’
1911 475 1956 528 Α

1911 475 1956 528 Α
1986 482 2082 520 suo
2115 461 2332 520 (lt-fecit.
2365 465 2604 518 Observa
2631 471 2830 524 autem,
2880 461 3148 531 quomodo
3181 462 3350 533 gratis
3397 468 3555 521 edere

302 565 486 630 Ἄξιος
513 567 568 620 δὲ
598 570 624 621 ὁ
645 567 880 638 ἐργάτης
910 567 1010 636 τῆς
1043 568 1249 638 τροφῆς
1279 565 1466 618 αὑτοῦ.

388 833 544 886 Ἀλλ’
575 832 642 882 ἐν
700 833 864 892 κόπῳ
917 830 1011 882 καί
1049 831 1254 897 μόχθῳ
1286 829 1478 881 νύκτα
1507 827 1601 879 aut
1659 824 1882 894 ἡμέραν

304 922 695 992 ἐργαζόμενοι.
735 923 876 990 Ὅρα
899 922 993 984 τὰς
1020 921 1317 982 ἐπιτάσεις.
1365 920 1557 990 Ἡμεῖς
1612 918 1666 970 δὲ
1700 921 1746 969 εἰ
1808 918 1881 986 μὴ

303 1017 397 1068 τοῦ
431 1016 566 1067 Ε)εοῦ
605 1014 1003 1084 προτιμώμεϐα
1031 1014 1181 1083 παρὰ
1230 1014 1338 1066 τῶν
1394 1010 1753 1080 διδαχθέντων
1783 1011 1802 1040 ⁹
1832 1028 1881 1061 τι

306 1107 394 1164 ὑφ’
425 1107 608 1175 ἡμῶν,
640 1103 1090 1173 δυσχεραίνομεν,
1150 1103 1340 1166 ὡς’τὰ
1400 1104 1630 1172 μέγιστα
1664 1098 1884 1153 ἀδικού-

309 1215 479 1266 μενοι.
834 1191 840 1200 ’

374 1291 530 1357 Πρὸς
575 1292 640 1343 τὸ
658 1291 744 1360 μὴ
776 1288 1140 1358 ἐπιϐαρῆσαί
1167 1306 1299 1342 τινα
1324 1287 1509 1357 ὑμῶν.
1537 1287 1756 1359 Κυρίως
1788 1288 1887 1358 μὲν

309 1380 472 1448 βάρος
513 1385 629 1457 ἐστὶ
684 1383 743 1434 τὸ
786 1382 914 1450 παρ’
966 1381 1211 1433 ἀκόντων
1241 1379 1444 1435 λαϐεῖν.
1481 1380 1614 1434 Νυνὶ
1646 1379 1702 1432 δὲ
1731 1379 1887 1433 τοῦτο

306 1474 474 1539 λέγει,
508 1473 642 1526 διότι
672 1475 900 1545 πένητες
929 1470 1090 1545 ἦσαν.

380 1569 501 1632 Οὐχ
543 1565 630 1618 ὅτι
663 1568 775 1619 οὐκ
819 1566 1040 1633 ἔχομεν
1089 1567 1398 1631 ἐξουσίαν,
1434 1566 1573 1620 ἀλλ’
1630 1567 1728 1618 ἵνα
1756 1567 1890 1620 ἐαυ-

307 1658 446 1724 τοίνς
477 1660 670 1712 τύπον
699 1659 892 1728 δῶμεν
927 1659 1066 1727 ὑμῖν
1098 1662 1186 1726 είς
1235 1661 1301 1712 τὸ
1347 1660 1651 1729 μιμεῖσθαι
1710 1661 1888 1729 ἡμᾶς.

311 1745 436 1819 Εἶχε
467 1753 575 1818 γάρ
615 1751 860 1816 ὲξουσξαν
888 1755 1102 1822 ἀργεῖν,
1129 1755 1221 1804 ἆτε
1249 1754 1455 1821 μείζονι
1482 1753 1627 1824 ἔργῳ
1656 1754 1886 1824 ἠσχολη-

1987 557 2084 610 ltoc
2115 556 2286 622 ipsum
2319 557 2555 613 voravit,
2585 554 2650 605 ab
2680 553 2784 605 illis
2814 553 3121 606 alimoniam
3148 570 3380 608 sumere.
3401 558 3558 624 Atqui

1984 663 2088 698 non
2145 647 2311 714 gratis
2361 645 2822 714 snppiditaliatur,
2885 645 3208 712 prtedicztbat
3253 649 3414 702 enim.
3472 650 3562 701 Est

1983 745 2159 789 autem
2188 737 2379 806 dignus
2411 740 2691 802 operarius
2715 739 2979 789 alimento
3017 752 3132 790 suo.

2061 828 2224 882 Vens.
2276 828 2327 881 8.
2373 826 2562 882 Verum
2594 831 2645 881 in
2684 829 2863 881 labore
2916 839 2962 882 et
2986 829 3298 898 fatigatione
3337 844 3482 886 nocte
3516 843 3562 886 et

1985 921 2064 972 die
2087 932 2378 988 operantes.
2424 920 2554 972 Vide
2625 922 3084 988 cxaggcrationes.
3147 921 3256 974 Nos
3296 938 3422 976 vero
3464 927 3561 976 nisi

1987 1011 2073 1064 vcl
2129 1013 2232 1080 ipsi
2273 1011 2380 1065 Deo
2413 1010 2771 1082 prteferamur
2804 1013 2869 1064 ab
2903 1012 2968 1066 iis
2997 1012 3086 1082 qui
3121 1013 3320 1081 aliquid
3351 1031 3380 1068 a
3413 1015 3564 1068 nobis

1993 1104 2254 1168 didicere,
2292 1119 2437 1175 agro
2466 1105 2646 1156 animo
2687 1103 2932 1167 ferimus,
2970 1118 3068 1158 ccu
3103 1105 3331 1158 maxima
3371 1106 3563 1176 injuria

1989 1193 2183 1248 aﬂbcﬁ.

2067 1287 2148 1339 Ne
2177 1303 2326 1355 quem
2365 1297 2592 1340 vestrum
2623 1305 2976 1356 grai-aremus.
3016 1287 3318 1340 Gravamen
3353 1290 3565 1359 proprie

1990 1389 2092 1442 est,
2131 1381 2196 1432 ab
2225 1379 2411 1432 inritis
2437 1380 2705 1445 accipere.
2740 1380 2892 1436 Nunc
2917 1381 3210 1435 antemhoc
3240 1381 3388 1445 dicit,
3423 1384 3563 1448 quod

1992 1485 2259 1538 pauperes
2293 1471 2492 1524 fuerint
2527 1471 3061 1526 ThessalonicenSes.

2065 1562 2226 1617 Vsus.
2256 1564 2307 1618 9.
2361 1563 2480 1617 Non
2510 1567 2649 1630 quod
2691 1581 2790 1616 non
2837 1566 3085 1620 habemus
3119 1579 3441 1635 potestatem,
3480 1586 3566 1622 sea

1993 1664 2049 1707 ut
2103 1673 2194 1708 nos
2243 1657 2382 1724 ipsos
2418 1656 2645 1726 formam
2700 1658 2945 1712 daremus
2977 1663 3118 1713 vobis
3143 1663 3210 1713 ad
3247 1662 3558 1714 imitandum

1996 1760 2109 1798 nos.
2173 1744 2298 1798 Erat
2342 1747 2486 1799 enim
2538 1747 2586 1800 ei
2649 1747 2875 1802 facultas
2926 1751 3153 1812 otiandi,
3191 1753 3316 1820 quia
3370 1754 3561 1820 majori

311 1844 489 1910 μενος,
515 1843 603 1912 τῷ
629 1844 966 1914 κηρύγματι,
988 1845 1085 1907 καὶ
1135 1845 1433 1913 τρέφεσθαι
1461 1845 1745 1920 παραιτῶν
1783 1862 1878 1913 μαι
1919 1812 1966 1871 Β

1919 1812 1966 1871 Β
1996 1851 2160 1903 opere
2216 1847 2510 1904 occupatus
2559 1849 2720 1902 esset,
2789 1841 3426 1908 prtetlicationisnempe
3462 1847 3559 1898 ιιιίο

309 1933 724 2004 Θητευομένωνθ
775 1938 923 2004 ὅμως
989 1940 1051 1988 ἐκ
1102 1939 1416 2006 φιλοτιμίας
1447 1939 1762 2008 εἰργάσατο,
1797 1939 1889 1990 καὶ

309 2026 495 2077 ἑαυτὸν
527 2027 764 2088 καὶτοὺς
791 2030 886 2079 σὺν
917 2026 1064 2095 αὑτῴ
1098 2029 1403 2098 διέτρεφεν,
1436 2026 1510 2088 ὡς
1543 2027 1609 2079 ἂν
1648 2027 1911 2090 καὶτοὺς-

314 2119 408 2186 μα
427 2117 561 2186 qui;
592 2117 754 2169 τοῦτο
783 2117 1071 2189 παιδεύσῃ.

376 2297 478 2352 Καὶ
503 2298 610 2365 γὰρ
642 2298 740 2350 ὅτε
772 2295 923 2366 ἦμεν
953 2297 1102 2366 πρὸς
1132 2295 1310 2365 ὑμᾶς,
1343 2296 1518 2350 τοῦτο
1553 2296 1890 2366 παρηγγέλ-

312 2395 501 2456 λομεν
523 2391 685 2460 ὑμῖν,
714 2391 800 2443 ὅτι
833 2391 888 2443 εἴ
920 2408 1008 2456 τις
1043 2392 1114 2444 οὐ
1147 2390 1305 2444 θέλει
1350 2388 1716 2457 ἐργάζεσθαι,
1737 2389 1894 2455 μηδὲ

313 2483 578 2538 ἐσθιέτω.
613 2514 682 2523 -
704 2486 857 2550 Πρ;’ς
894 2482 1069 2552 ὑμᾶς,
1101 2484 1222 2536 ἀντὶ
1248 2482 1363 2546 τοῦ,
1416 2481 1553 2551 Παρ’
1587 2482 1736 2550 ὑμῖν,
1775 2480 1892 2550 μεθ’

322 2577 494 2643 ὑμῶν.
522 2577 611 2626 Ἐν
643 2577 739 2644 μὲν
774 2575 867 2627 οὖν
895 2578 959 2645 τῇ
1010 2577 1252 2644 προτέρα
1288 2573 1578 2644 Ἐπιστολῇ
1628 2573 1893 2642 προσηνέ·

318 2685 508 2736 στερον
542 2669 670 2736 περὶ
695 2667 900 2720 τούτων
936 2667 1202 2736 δ·.ε).έχθη,
1251 2665 1485 2719 ἐνταῦθα
1535 2666 1590 2719 δὲ
1625 2666 1894 2736 αὐστηρό-

315 2778 489 2831 τερον.
515 2759 577 2813 Εἰ
631 2761 738 2830 γὰρ
793 2761 949 2822 αὐτὸς
1001 2760 1094 2812 καὶ
1138 2760 1306 2811 νύκτα
1360 2759 1454 2812 καὶ
1481 2757 1693 2828 ἡμέραν
1717 2759 1898 2826 εἰργά-

317 2851 458 2911 ζετο,
497 2852 674 2902 καίτοι
717 2850 985 2919 μηδεμίαν
1016 2851 1153 2918 ἔχων
1192 2849 1459 2920 ἀνάγκην.
1492 2848 1672 2918 πολλῷ
1699 2849 1897 2918 μᾶλλον

316 2942 441 3003 τοὺς
474 2942 668 3004 ἄλλους
700 2943 866 3010 ἐχρῆν
892 2941 1050 2993 τοῦτο
1084 2943 1276 2994 ποιεῖν.

403 3055 716 3122 Ἀκούομεν
772 3054 880 3122 γάρ
911 3069 1080 3118 τινας
1120 3052 1597 3120 περιπατοῦντας
1626 3052 1695 3105 ἐν
1761 3051 1902 3120 ὑμῖν

1999 1929 2248 1990 nisterio,
2285 1941 2447 1996 atque
2500 1941 2556 1982 nt
2603 1931 2842 1985 aleretur
2893 1947 2920 1985 a
2959 1933 3239 2000 discipulis
3276 1953 3288 1988 :
3327 1947 3566 1992 attamen

1993 2037 2102 2090 prae
2151 2021 2475 2075 liberalitate
2515 2024 2745 2091 quadam
2792 2026 3138 2092 operabatur,
3185 2042 3350 2095 seque
3393 2029 3564 2096 ipsum

1993 2122 2046 2164 et
2072 2127 2166 2166 eos
2199 2114 2286 2180 qui
2322 2128 2501 2166 secum
2534 2124 2711 2179 erant,
2744 2113 3081 2180 enutiiebat,‘
3125 2125 3180 2169 ttt
3233 2117 3356 2172 illud
3395 2120 3565 2188 ipsum

1996 2202 2295 2270 discipulos
2331 2206 2493 2257 etiam
2529 2206 2767 2260 doceret.
3227 2235 3235 2243 «
3398 2274 3402 2282 _

2073 2294 2229 2348 Vens.
2261 2295 2345 2350 10.
2383 2295 2521 2347 Nam
2557 2313 2672 2349 cum
2694 2315 2921 2354 essemus
2956 2303 3097 2367 apud
3124 2319 3231 2364 vos,
3267 2305 3362 2356 hoc
3387 2307 3572 2372 prwci-

1994 2387 2262 2452 picbamus
2296 2387 2470 2440 vobis:
2501 2390 2640 2458 quod
2667 2391 2710 2441 si
2742 2393 2858 2459 quis
2888 2407 2988 2445 non
3014 2393 3117 2446 vult
3147 2397 3376 2462 operari,
3409 2414 3572 2466 neque

1995 2481 2324 2533 manducet.'.
2347 2481 2488 2550 Πρὸς
2538 2482 2701 2550 ὑμᾶς,
2732 2483 2780 2534 id
2812 2494 2916 2550 cst,
2949 2485 3100 2554 Apud
3139 2501 3252 2552 vos,
3285 2488 3368 2540 ιιι-Ι
3395 2489 3576 2542 vobis-

1996 2587 2138 2626 cum.
2177 2574 2232 2626 ln
2282 2575 2448 2640 priori
2486 2581 2616 2628 sane
2661 2573 2902 2644 Epistola
2959 2577 3279 2633 clementius
3329 2591 3382 2633 et
3419 2597 3571 2634 man-

1996 2665 2205 2718 suetius
2234 2666 2298 2717 de
2334 2666 2414 2719 his
2444 2666 2714 2729 disseru't,
2745 2668 2831 2722 hic
2865 2683 2993 2723 vero
3045 2671 3316 2724 austerius
3346 2672 3476 2741 agit.
3513 2673 3567 2728 Si

1997 2757 2138 2809 enim
2177 2757 2292 2825 ipse
2329 2765 2484 2811 nocte
2523 2773 2586 2812 ac
2635 2759 2722 2811 die
2751 2761 3098 2828 operabatur,
3132 2761 3277 2816 nulla
3336 2765 3462 2819 licet
3497 2766 3570 2820 illi

1999 2849 2295 2902 necessitas
2327 2848 2692 2915 incumberet,
2727 2851 2894 2906 multo
2925 2854 3096 2922 magis
3129 2853 3264 2910 alios
3285 2858 3572 2927 oportebat

2001 2942 2101 2994 hoc
2137 2940 2336 2994 facere.

2089 3053 2256 3125 544
2285 3052 2448 3108 Vens.
2495 3055 2581 3109 Η.
2611 3055 2870 3110 Audimus
2897 3073 3028 3110 enim
3053 3059 3186 3112 inter
3212 3075 3297 3113 vos
3321 3063 3574 3128 quosdam

321 3145 608 3210 ἀτάκτως.
631 3146 824 3212 μηδὲν
845 3143 1294 3214 ἐργαζομένους,
1332 3145 1493 3197 ἀλλὰ
1537 3141 1901 3212 περιεργαζο-
1928 3165 1971 3222 ο

1928 3165 1971 3222 ο
2003 3145 2404 3218 obambulantes
2422 3147 2748 3215 inordinate,
2774 3148 2908 3202 nihil
2929 3159 3224 3217 operantes,
3252 3153 3341 3204 sed
3371 3157 3573 3208 curiose

319 3239 564 3304 μένους.
619 3237 836 3304 Ἐπειδὴ
872 3239 977 3306 γὰρ
1009 3240 1034 3287 ὁ
1061 3235 1182 3298 νοῦς
1213 3235 1372 3304 ἡμῶν
1403 3235 1706 3303 ἀεικίνητὸς
1727 3237 1896 3298 ἐστιν,

322 3332 560 3398 ἀνάγκη,
587 3330 714 3380 ὅταν
749 3328 1047 3397 εὗχρηστον
1076 3328 1236 3398 ἔργον
1264 3327 1338 3396 μὴ
1363 3327 1812 3397 μεταχειρίζηται
1835 3327 1898 3389 ¹⁰,

325 3422 390 3470 τα
422 3422 671 3488 ἀχρηστα
707 3420 972 3487 μετιέναι,
1009 3418 1083 3480 ὡς
1117 3419 1211 3470 καὶ
1250 3418 1509 3488 ἀνωτέρω
1535 3419 1768 3488 εἴρηται,
1809 3419 1900 3472 καὶ

328 3510 792 3579 περιεργάζεσθαι
851 3512 976 3569 τοὺς
1035 3509 1240 3578 ἑτέρων
1273 3507 1443 3577 βίους,
1499 3508 1791 3560 κάντεῦθεν
1823 3508 1903 3570 είς

328 3603 684 3667 καταλαλιάς,
719 3601 1068 3671 ἀργολογίας,
1099 3600 1464 3671 εὐτραπελίας
1515 3599 1902 3670 ἐκτραχηλίζε-

329 3696 474 3749 α’)αι.
526 3693 892 3764 Ἐργάζεσθαι
921 3692 1012 3744 οὖν
1040 3693 1122 3745 δεῖ
1152 3692 1218 3744 τὰ
1245 3693 1334 3744 διὰ
1368 3692 1473 3743 τῶν
1519 3691 1718 3760 χειρῶν
1744 3690 1899 3760 ἔργα.

329 3790 404 3841 Οὐ
437 3791 476 3819 ¹¹
507 3791 614 3855 γάρ
640 3787 908 3840 ἐλεεῖσθαι
934 3787 1014 3839 δεῖ
1036 3787 1126 3838 τὸν
1161 3785 1458 3856 δυνάμενον
1483 3785 1573 3836 καὶ
1606 3782 1901 3851 ἀργοῦντα.

342 3880 482 3931 “Λ>.λ’
516 3879 768 3948 εὔχομαι,
799 3879 952 3946 φησι,
989 3877 1083 3930 καὶ
1111 3861 1381 3945 νηστεύωέ
1407 3873 1571 3927 Ἀλλά
1620 3872 1714 3926 καὶ
1745 3871 1903 3924 τοῦτο

328 3974 428 4023 οὐκ
452 3974 598 4022 ἐστιν
619 3973 777 4041 ἔργον
809 3970 1007 4040 χειρῶν
1033 3985 1045 3998 ·
1083 3969 1258 4029 ἄλλως
1285 3983 1343 4018 τε
1375 3966 1602 4018 δύνασαι
1645 3965 1781 4033 μετά
1806 3963 1898 4016 τοῦ

331 4065 503 4118 ταῦτα
536 4068 707 4116 ποιεῖν
729 4063 933 4116 ἐτικαὶ
981 4060 1330 4131 ἐργάζεσθαι.
1385 4058 1541 4110 Ἐπεὶ
1598 4055 1689 4109 οὖν
1745 4054 1903 4108 τοῦτο

336 4157 642 4222 ὃιαπτύεις,
671 4156 745 4217 ὼς
795 4154 963 4224 ἀργὸς
994 4153 1319 4221 κατακρίνῃ.
1353 4151 1462 4202 Καὶ
1500 4147 1638 4212 πῶς,
1665 4146 1846 4216 φασὶν,
1879 4147 1904 4196 ὁ

335 4245 599 4297 διδάσκων
625 4245 724 4297 οὐκ
753 4243 1125 4310 ἀναγκάζεται
1150 4239 1510 4310 ἐργάζεσθαι;
1544 4239 1665 4289 Ὅτι
1687 4254 1766 4288 τοι
1791 4237 1906 4304 μεί-

335 4337 462 4398 ζονα
501 4336 763 4404 ἐργασίαν
815 4338 909 4387 καὶ
961 4331 1392 4401 δυσχερεστέραν
1447 4327 1903 4399 μεταχειρίζεται,

335 4428 453 4494 ἥτις
480 4431 572 4476 καὶ
597 4424 878 4493 ἐμποδίζει
911 4423 1058 4492 αὑτῷ
1081 4423 1217 4491 πρὸς
1248 4419 1344 4491 τὴν
1373 4418 1480 4471 τῶν
1515 4418 1711 4488 χειρῶν
1742 4418 1905 4485 ἐργα-

2005 3249 2232 3306 agentes.
2266 3237 2401 3290 Cum
2430 3239 2571 3309 enim
2602 3252 2753 3292 mens
2779 3249 2960 3292 nostra
2997 3255 3210 3308 semper
3234 3243 3448 3297 mobilis
3479 3247 3568 3306 sit,

2004 3309 2360 3392 ιιυιειιεεείεειξ
2399 3315 2606 3381 ιιιίιιιιιι
2631 3329 2793 3381 'utilia
2831 3345 2934 3384 non
2968 3331 3332 3400 aggrediatur,
3364 3334 3451 3386 inn
3484 3335 3572 3387 ilia

2003 3431 2267 3488 capessat,
2305 3431 2358 3474 ttt
2393 3437 2556 3487 supra
2591 3422 2789 3476 dictum
2826 3431 2929 3488 est,
2967 3425 3210 3492 adeoque
3241 3425 3306 3478 de
3344 3426 3570 3479 aliorum

2003 3511 2128 3564 vitis
2158 3511 2369 3564 curiose
2412 3511 2707 3580 inquirere,
2760 3520 2814 3565 et
2863 3512 2988 3565 hinc
3023 3514 3088 3564 ad
3125 3516 3569 3581 obtrectationes,

2004 3602 2210 3652 otiosos
2254 3614 2535 3654 sermones
2565 3609 2727 3669 atque
2761 3601 3148 3654 scurrilitatem
3183 3602 3402 3657 deferri.
3436 3605 3576 3675 Ope-

2008 3689 2118 3742 rari
2171 3690 2335 3759 igitur
2385 3699 2603 3759 oportet
2648 3704 2808 3758 opera
2863 3692 3157 3745 manibus:
3207 3694 3381 3762 nequ
3431 3697 3574 3750 enim

2006 3783 2349 3850 cleetnosyna
2381 3791 2464 3836 est
2498 3783 2854 3850 impartienda
2885 3783 3018 3836 bene
3046 3783 3266 3850 valenti,
3300 3789 3388 3855 qui
3429 3788 3574 3843 labo-

2011 3887 2130 3926 tare
2153 3882 2347 3941 potest,
2382 3882 2545 3942 atque
2563 3875 2784 3927 otiatur.
2806 3875 2875 3928 At
2898 3889 3012 3940 oro,
3043 3875 3238 3946 inquit,
3261 3889 3316 3933 et
3365 3879 3571 3949 jejuno.

2009 3961 2168 4028 Atqui
2209 3963 2349 4016 istud
2393 3977 2497 4016 nou
2529 3972 2613 4017 est
2641 3977 2778 4032 Opus
2805 3979 3081 4029 manuum,
3115 3969 3414 4035 praesertim
3452 3986 3575 4025 cum

2007 4063 2062 4107 et
2087 4054 2201 4108 haec
2233 4064 2490 4122 przestare
2522 4056 2720 4124 possis,
2743 4065 2902 4124 atque
2933 4058 3148 4111 interim
3180 4065 3411 4128 operari.
3439 4061 3575 4128 Quia

2008 4144 2190 4214 itaque
2220 4147 2356 4200 Istud
2389 4149 2714 4213 aspernaris,
2742 4157 2993 4216 tanquam
3018 4152 3221 4203 otiosus
3247 4155 3574 4207 condemna-

2010 4239 2102 4291 ris.
2135 4239 2222 4300 At,
2261 4254 2447 4306 quare,
2477 4238 2747 4306 inquiunt,
2780 4239 2826 4292 is
2879 4241 2969 4308 qui
2994 4242 3172 4306 docet,
3227 4257 3330 4296 non
3364 4247 3578 4314 cogitur

2008 4331 2260 4400 operari?
2285 4331 2422 4393 Quia
2457 4329 2726 4384 dillicilius
2758 4345 2891 4399 opus
2931 4333 3259 4400 aggreditur,
3293 4339 3434 4403 quod
3472 4340 3575 4390 int-

2010 4423 2156 4489 pedit
2218 4422 2391 4488 ipsum
2445 4437 2473 4474 a
2529 4436 2780 4475 manuum
2825 4425 3158 4490 operatione.
3222 4425 3342 4480 Tibi
3395 4440 3575 4483 autem

339 4519 478 4571 σίαν.
509 4519 597 4569 Σοὶ
629 4519 682 4569 δὲ
722 4517 800 4587 τῷ
835 4517 1045 4586 ἰδιαστῇ
1073 4514 1225 4566 οὐδὲν
1252 4511 1512 4565 τοιοῦτον.
1543 4511 1704 4563 Ὥστε
1726 4509 1908 4579 ἁμαρ-
1937 4514 1982 4570 D

1937 4514 1982 4570 Ι)
2012 4513 2259 4582 privatim
2309 4514 2473 4565 vitam
2518 4500 2717 4582 agenti,
2755 4512 2892 4566 nihil
2933 4513 3241 4582 bujusmodi
3294 4517 3577 4576 incumbit.

334 4615 512 4672 τάνεις
543 4609 636 4662 τοῦ
661 4609 822 4678 ἔργου
857 4608 1096 4677 ἀμελῶν.

411 4725 540 4790 Τοῖς
570 4725 638 4777 δὲ
688 4726 974 4788 τοιούτοις
999 4720 1492 4790 παραγγέλλομεν
1525 4717 1621 4771 καί
1643 4729 1906 4783 παρακα-

334 4816 561 4882 λοῦμεν
602 4815 698 4868 διὰ
752 4815 857 4868 τοῦ
912 4815 1130 4882 Κυρίου
1161 4811 1330 4881 ἡμῶν
1371 4810 1572 4877 Ἰησοῦ
1623 4807 1904 4876 Χριστοῦ.

349 4908 570 4978 ’ἐπειδὴ
601 4907 904 4976 καθήψατε,
951 4905 1141 4968 εἰπὼν,
1190 4900 1710 4971 Παρατγέλλομεν,
1745 4915 1907 4968 προσ-

340 4999 631 5070 ηνέστερον
689 5000 850 5052 πάλιν
877 5000 1022 5050 ποιεῖ
1059 4998 1148 5050 τὸν
1184 4996 1362 5062 λόγον,
1389 4993 1482 5046 καί
1513 5009 1643 5062 φησι
1665 5005 1678 5019 °
1714 4993 1908 5057 [lapa-

338 5091 659 5160 καλοῦμεν.
684 5092 958 5160 Φοϐερωτέ
970 5106 1035 5160 ρα
1064 5087 1209 5157 οὖνὴ
1249 5085 1613 5154 παράκλησις,
1637 5082 1731 5134 καὶ
1759 5079 1908 5146 ἀξιο-

341 5185 650 5253 πιστοτέρα.

413 5301 544 5353 ’⁸1ιά
597 5300 746 5368 μετὰ
803 5298 1068 5366 ἡσυχίας
1113 5293 1505 5364 ἐργαζόμενοι,
1535 5291 1642 5342 τὸν
1681 5284 1910 5339 ἑαυτῶν

342 5393 522 5460 ῠρτοι·
551 5392 854 5445 ἐσθίωσιν.
922 5391 1232 5460 Ἀμφότερα
1261 5387 1502 5445 ἀπαιτεῖ,
1528 5383 1601 5444 ὡς
1641 5380 1739 5451 μὲν
1773 5381 1908 5430 ἀτα-

346 5485 627 5544 κτοῦντας,
661 5485 721 5535 τὸ
751 5483 1082 5551 ἡσυχάζειν·
1118 5480 1190 5542 ὡς
1235 5479 1290 5530 δὲ
1319 5477 1542 5548 ἀργοὺς,
1578 5472 1634 5525 τὸ
1681 5468 1909 5540 ἐργάζε’

2016 4604 2214 4657 l’eceas
2240 4604 2447 4669 itaque,
2481 4604 2520 4656 si
2543 4604 2779 4657 laborem
2818 4605 3080 4673 negligas.

2085 4715 2249 4770 Vens.
2285 4716 2370 4770 ιε.
2399 4717 2474 4771 Iis
2498 4729 2665 4769 autem
2694 4717 2777 4785 qui
2800 4717 3058 4784 ejusmodi
3084 4732 3200 4772 sunt
3224 4725 3571 4787 prtecuumt...

2015 4821 2061 4863 et
2094 4809 2415 4861 obtestantur
2455 4823 2546 4876 per
2595 4809 2870 4860 Dominum
2906 4822 3143 4862 nostrum
3177 4809 3357 4866 Jesum
3404 4815 3583 4870 Claris-

2019 4910 2147 4964 tmn.
2177 4901 2313 4963 Quia
2362 4893 2604 4952 severius
2649 4912 2740 4950 eos
2775 4899 3070 4966 invaserat,
3111 4901 3322 4966 dicens,
3379 4901 3583 4958 Praci-

2018 4994 2189 5060 pimus
2229 4991 2408 5054 vobis;
2451 5003 2636 5043 rursus
2687 4989 3022 5046 blandiorem
3070 4993 3200 5047 facit
3248 5008 3580 5064 Sermonem,

2022 5080 2393 5144 Obsecremus,
2428 5080 2698 5149 inquiens.
2732 5081 2906 5148 Atque
2931 5085 3035 5137 hoc
3073 5097 3232 5149 pacto
3271 5087 3584 5143 formidabi-

2020 5173 2122 5226 lior
2153 5182 2254 5234 est,
2289 5183 2341 5226 et
2375 5171 2491 5239 plus
2523 5171 2776 5239 ponderis
2810 5172 2970 5226 habet
2999 5172 3117 5240 ejus
3146 5177 3473 5230 exhortatio.

2091 5285 2154 5338 Ut
2210 5303 2323 5338 cum
2357 5285 2527 5354 quiete
2579 5298 2869 5352 operantes,
2906 5301 3059 5337 suum
3109 5286 3342 5354 ipsorum
3398 5305 3584 5353 panem

2019 5376 2353 5427 manducent.
2413 5371 2713 5442 Utrumque
2769 5376 2956 5442 exigit,
2987 5385 3120 5438 tum,
3166 5388 3222 5429 ut
3273 5377 3578 5432 inordinate

2020 5483 2078 5520 se
2115 5479 2364 5535 gerentes
2394 5467 2500 5521 sint
2529 5466 2718 5535 quieti,
2753 5477 2861 5520 tum
2895 5476 2952 5518 ut
2979 5467 3136 5522 otiosi
3176 5467 3442 5534 laborent,
3477 5486 3584 5538 quo

1630 5612 1824 5672 Varia:
1871 5608 2198 5669 lectiones.

422 5779 442 5806 ⁹
477 5776 609 5844 μηδὲ
641 5775 817 5841 ὃιδαχ.
858 5773 990 5826 ποτέ
1012 5789 1064 5824 τι
1095 5773 1150 5826 ὑ.
1183 5773 1216 5841 ὴ
1253 5789 1306 5824 n.
1388 5773 1428 5802 ¹⁰
1458 5767 1767 5840 ..ριζόμεοα
1799 5783 1848 5820 o.

629 5875 900 5932 l‘nnOL.
936 5874 984 5932 G
1039 5917 1051 5931 .
1093 5870 1365 5931 CXXIV.

1931 5767 1968 5797 ¹¹
2000 5764 2117 5817 οὐδὲ
2146 5779 2196 5813 o.

3199 5853 3275 5910 Is3
