4220 6444
775 377 905 443 1351

777 494 1017 555 Facitis;
1076 485 1168 542 se‘d
1218 486 1431 556 adjecit,
1486 487 1718 542 Facietis
1768 505 1785 542 :

775 588 841 639 ad
873 595 1170 641 extremum
1223 596 1395 651 usque
1433 582 1680 649 spiritum
1732 582 1984 633 virtutem
2020 578 2207 631 adesse
2244 578 2340 630 de-

778 676 925 730 bere.

845 764 1008 818 Vens.
1044 763 1097 817 5.
1147 760 1400 815 Dominus
1442 771 1615 813 autem
1658 761 1850 829 dirigat
1881 762 2045 814 corda
2078 767 2243 813 vestra
2275 759 2344 810 ad

775 855 1105 910 dilectionem
1146 852 1264 913 Dei,
1321 862 1371 916 et
1409 852 1477 906 ad
1528 853 1830 921 patientiam
1887 852 2102 908 Christi.
2148 850 2343 905 lterum

777 963 876 1016 pro
912 947 989 1001 eis
1033 945 1339 1009 intercedit,
1377 952 1582 1012 quanta
1630 943 1842 997 illorum
1886 958 2015 996 cura
2071 949 2341 1011 tangatur,

778 1039 1041 1094 indicans.
1079 1036 1214 1102 Quia
1244 1034 1386 1089 enim
1426 1034 1714 1089 nonnullos
1739 1049 1925 1089 eorum
1956 1034 2345 1103 ohjurgaturus

776 1141 881 1192 cst,
945 1128 1109 1184 corda
1169 1128 1413 1199 ipsorum
1468 1126 1814 1195 prmmitigat,
1880 1135 1937 1179 ut
1982 1127 2229 1178 videatur
2278 1139 2345 1179 ex

777 1222 940 1276 multa
1002 1220 1269 1275 charitate
1331 1217 1638 1287 obiurgare.
1694 1218 1783 1270 Ait
1844 1218 2023 1287 igitur,
2090 1217 2345 1271 Dominus

778 1313 973 1381 dirigat
1023 1311 1185 1365 corda
1212 1319 1384 1363 vestra
1408 1324 1427 1361 :
1454 1309 1555 1361 hoc
1593 1317 1696 1371 est,
1736 1308 1899 1363 Recta
1959 1311 2143 1363 venire
2190 1308 2350 1362 faciat

778 1417 835 1462 et
898 1422 1005 1461 non
1062 1407 1334 1459 aberrare.
1378 1402 1543 1456 Multa
1583 1403 1725 1456 enim
1789 1410 1913 1456 sunt
1948 1417 2070 1469 qua:
2124 1417 2153 1454 a
2202 1415 2350 1456 recto

779 1497 1059 1552 charitatis
1080 1494 1215 1550 calle
1237 1494 1531 1555 abducunt,
1549 1502 1602 1545 ut
1624 1495 1871 1560 pecunia,
1895 1493 2347 1558 facultates,vana

781 1589 973 1657 gloria,
1036 1584 1276 1649 afﬂictio,
1341 1585 1685 1638 tentatioues.
1735 1586 1860 1639 Hmc
1930 1585 2070 1637 enim
2140 1585 2349 1654 aliaque

782 1679 948 1732 multa
1006 1694 1109 1731 non
1140 1678 1325 1731 sinunt
1348 1691 1444 1730 nos
1483 1678 1548 1729 ad
1585 1676 1925 1731 dilectionem
1958 1677 2048 1731 Dei
2073 1685 2215 1731 recta
2256 1693 2349 1733 ac-

782 1774 993 1836 cedere,
1029 1771 1354 1841 diligereque
1407 1771 1576 1835 ipsum
1622 1768 1844 1835 perinde
1890 1781 1951 1821 ac
1983 1769 2347 1824 necessarium

1685 374 2258 440 THEOPHYLACTI
2298 373 2708 434 BULGARIE
2743 378 3089 440 ARClIlEl’.

3883 376 4022 443 1352

1842 488 2151 551 ostendens,
2190 487 2349 539 nobis
2370 500 2423 555 Α
2449 487 2501 536 δὲ
2527 487 2692 540 εἰπὼν
2717 490 2798 555 τὸ,
2834 492 3076 556 Ποιεῖτε,
3103 491 3239 545 ἀλλὰ
3270 492 3508 562 προσέϐη

2370 500 2423 555 Α
2449 487 2501 536 δὲ
2527 487 2692 540 εἰπὼν
2717 490 2798 555 τὸ,
2834 492 3076 556 Ποιεῖτε,
3103 491 3239 545 ἀλλὰ
3270 492 3574 562 προσέθηκε
3607 492 3703 545 καὶ
3724 491 3804 558 τὸ,
3851 495 4026 558 Ποιή-

2444 594 2582 631 σετε
2604 595 2616 609 ·
2674 580 2888 645 δεικνὺς
2938 582 3020 634 ὅτι
3048 583 3131 636 δεῖ
3158 586 3293 653 ἡμῖν
3322 584 3449 653 ἄχρι.
3496 584 3589 638 καὶ
3623 586 3724 652 τῆς
3784 584 4026 654 ἐσχάτης

2443 670 2718 739 ἀναπνοῆς
2746 673 3003 740 παρεῖναι
3034 673 3134 743 τὴν
3164 675 3388 744 ἀρετήν.

2529 760 2582 813 '0
2614 761 2682 814 δὲ
2740 764 2954 831 Κύριος
2988 767 3343 819 κατευθύναι
3402 767 3570 833 ὑμῶν
3616 770 3729 833 τὰς
3778 769 4032 839 καρδίας

2444 855 2531 917 εις
2568 851 2681 919 τὴν
2712 853 2956 922 ἀγάπην
2994 856 3098 908 τοῦ
3124 856 3291 919 Θεοῦ,
3320 857 3419 909 καὶ
3444 859 3523 921 εἰς
3563 856 3677 923 τὴν
3704 857 4033 924 ὑπομονὴν

2444 943 2552 995 τοῦ
2593 943 2870 1011 Χριστοῦ,
2906 946 3078 1001 Πάλιν
3127 946 3418 1016 ἐπεύχεται
3455 948 3659 1011 αὐτοῖς,
3684 947 3908 1010 δεικνὺς
3930 949 4033 1012 τὴν

2446 1033 2609 1088 αὐτοῦ
2646 1035 2993 1105 κηδεμονίαν.
3033 1037 3255 1108 Ἐπειδὴ
3304 1039 3414 1107 γὰρ
3460 1039 3642 1107 μέλλει
3670 1041 3819 1092 τισὶν
3846 1039 4031 1092 αὐτῶν

2448 1127 2733 1197 ἐπιτιμᾷν,
2767 1128 3078 1197 προλεαίνει
3106 1128 3206 1193 τὰς
3236 1128 3461 1200 καρδίας
3506 1129 3709 1195 αὐτῶν,
3742 1131 3831 1183 ἵνα
3859 1130 3987 1201 δόξῃ
4014 1132 4033 1161 ⁸

2448 1218 2528 1270 ὅτι
2560 1218 2667 1269 ἀπὸ
2686 1219 2906 1289 ἀγάπης
2937 1219 3138 1289 πολλῆς
3169 1220 3421 1291 ἐπιτιμᾷ,
3478 1222 3645 1290 Φησὶν
3674 1222 3790 1285 οὖν,
3830 1224 3913 1275 ὃτι
3977 1221 4034 1273 Ὅ

2449 1309 2663 1375 Κύριος
2688 1312 3047 1364 κατευθύναι
3080 1312 3187 1377 τὰς
3227 1312 3474 1378 καρδίας
3510 1312 3700 1380 ὑμῶν,
3727 1315 4033 1371 τουτέστι-ν.

2450 1397 2538 1448 ἐπ’
2564 1398 2779 1462 εὐθείας
2808 1400 2981 1453 ἐλθεῖν
3012 1403 3259 1469 ποιήσειε
3287 1402 3331 1463 ⁸,
3349 1403 3443 1455 καὶ
3466 1402 3541 1472 μὴ
3575 1405 4034 1473 παρατραπῆναι.

2452 1486 2630 1540 Πολλὰ
2658 1488 2768 1557 γάρ
2795 1491 2901 1542 εἰσι
2951 1490 3051 1559 τῆς
3100 1493 3238 1562 πρὸς
3297 1494 3396 1561 τὴν
3446 1494 3668 1563 ἀγάπην
3704 1494 3878 1565 ὀρθῆς
3913 1496 4037 1547 ὁδοῦ

2455 1577 2810 1646 ὲκτρέποντα,
2844 1581 2936 1633 καὶ
2965 1583 3243 1652 χρήματα,
3299 1584 3395 1636 καὶ
3445 1586 3741 1649 κενοδοξία,
3779 1587 3879 1638 καὶ
3922 1586 4039 1639 θλί-

2454 1665 2599 1733 ψεις,
2634 1667 2730 1720 καὶ
2754 1671 3073 1739 πειρασμοί.
3105 1672 3293 1726 Ταῦτα
3317 1673 3426 1745 γὰρ
3457 1677 3552 1727 καὶ
3573 1676 3710 1729 ἄλλα
3737 1678 3913 1730 πλεέω
3938 1680 4039 1730 οὐκ

2458 1758 2618 1811 ὲᾱςσιν
2651 1760 2797 1827 ἡμᾶς
2828 1761 2907 1822 είς
2933 1761 3157 1831 ἀγάπην
3183 1764 3278 1816 τοῦ
3329 1764 3464 1817 Θεοῦ
3516 1765 3920 1836 εὐθυπορῆσαι,
3947 1768 4044 1821 καὶ

782 1872 881 1918 est.
924 1862 1055 1916 Illud
1085 1876 1231 1923 vero,
1269 1860 1348 1913 Ad
1395 1859 1705 1928 patientiam
1752 1856 1971 1923 Christi,
2035 1860 2115 1913 vel
2145 1860 2223 1915 sic
2270 1859 2355 1914 in-
2387 1856 2428 1910 Β

2387 1856 2428 1910 Β
2457 1848 2738 1918 ἀγαπῆσαι
2774 1850 2935 1903 αὐτὸν
2963 1851 3038 1914 ὡς
3067 1852 3165 1906 δεῖ.
3211 1854 3284 1906 Τὸ
3331 1854 3408 1919 δὲ,
3432 1856 3536 1921 Εἰς
3564 1857 3681 1923 τὴν
3716 1860 4042 1926 ὑπομονὴν

784 1952 998 2018 telliges
1035 1958 1094 2003 ut
1141 1949 1504 2003 sustineamus
1534 1958 1586 2002 et
1630 1962 1746 2010 nos,
1787 1948 2237 2015 quemadmodum
2269 1948 2355 2000 ille

792 2042 1053 2098 sustinuit
1086 2058 1100 2095 :
1131 2040 1215 2095 vel
1255 2050 1313 2094 ιιι
1347 2055 1470 2095 cum
1508 2039 1760 2107 patientia
1796 2048 2170 2105 exspectemus
2200 2039 2355 2095 Chri-

788 2144 930 2189 stum
982 2143 1037 2188 et
1074 2148 1179 2187 non
1227 2132 1599 2201 desperemus,
1634 2132 1727 2184 sed
1776 2130 2006 2183 ﬁrmiter
2048 2132 2353 2197 credamus,

785 2228 927 2296 quod
970 2240 1089 2294 qua:
1134 2224 1463 2291 promiserit.
1520 2222 1885 2292 completurus
1931 2223 2020 2276 sit.
2066 2221 2355 2288 Praeterea,

790 2318 1062 2386 patientia:
1111 2315 1436 2369 mentionem
1500 2313 1730 2382 faciens,
1792 2312 2113 2370 aﬂlictiones
2160 2315 2354 2370 immit.

786 2406 1047 2462 Charitati
1108 2415 1287 2460 autem
1369 2405 1458 2458 Dei
1513 2404 1759 2473 adjunxit
1812 2405 2129 2472 patientiam
2189 2427 2199 2459 :
2259 2410 2359 2464 hoc

788 2501 930 2554 enim
979 2508 1061 2553 est
1102 2499 1327 2568 diligere
1381 2497 1570 2562 Deum,
1630 2508 1851 2567 propter
1901 2498 2073 2566 ipsum
2135 2502 2358 2569 patienti

789 2592 972 2646 animo
1046 2604 1191 2655 esse,
1263 2601 1317 2645 et
1368 2606 1472 2645 non
1531 2590 1871 2644 contristari.
1923 2590 2027 2645 Per
2078 2591 2361 2649 Dominum

792 2693 969 2738 autem
1039 2684 1129 2738 hic
1172 2684 1431 2752 Spiritum
1473 2683 1731 2751 iutellige,
1770 2684 1992 2751 perinde
2038 2700 2100 2741 ac
2139 2703 2363 2759 magnus

790 2777 1072 2831 annotavit
1105 2776 1359 2831 Basilius.

863 2869 1023 2923 Vens.
1069 2867 1129 2923 6.
1197 2866 1547 2937 Principiam:
1612 2883 1785 2927 autem
1827 2875 1992 2942 vobis,
2042 2875 2256 2943 fratres,
2309 2877 2365 2928 in

794 2961 999 3012 nomine
1046 2959 1253 3013 Domini
1314 2960 1484 3013 nostri
1546 2961 1676 3015 Jesu
1717 2963 1940 3019 Christi.
2017 2964 2134 3020 Non
2197 2967 2365 3020 semel

795 3052 1155 3107 indicavimus
1206 3052 1428 3107 Paulum
1474 3055 1802 3109 severiorem
1842 3057 2235 3113 institutionem
2264 3074 2362 3129 ap-

794 3144 995 3213 pellare
1045 3153 1393 3212 praeceptum.
1457 3143 1616 3215 553
1672 3146 1822 3202 Nunc
1869 3150 2049 3219 itaque
2095 3149 2355 3206 formida-

794 3234 1038 3288 biliorem
1058 3235 1486 3289 adhortationem
1506 3236 1728 3303 iaciens,
1752 3238 1865 3293 Non
1893 3255 1988 3295 nos
2006 3242 2364 3311 praecipimus,

797 3323 985 3390 inquit,
1069 3323 1162 3377 sed
1208 3323 1477 3377 Christus.
1538 3322 1668 3389 Qua:
1720 3328 1863 3380 enim
1918 3343 2018 3398 ego
2084 3328 2226 3388 dico.
2282 3331 2372 3385 illc

796 3413 1037 3483 proiecto
1081 3414 1233 3468 dicit.
1288 3413 1422 3468 Nam
1475 3427 1532 3470 ut
1580 3416 1741 3472 Otiosi
1793 3432 2055 3484 essemus,
2105 3435 2368 3490 nusquam

800 3504 887 3556 ille
922 3507 1197 3574 praecepit.

874 3595 940 3649 Ut
1005 3599 1333 3654 subtrahatis
1394 3618 1480 3655 ros
1546 3603 1610 3655 ab
1641 3604 1780 3655 omni
1842 3602 2010 3670 fratre
2074 3604 2374 3657 inordinate

800 3691 1120 3747 ambulante.
1160 3692 1274 3748 ΙΙοο
1304 3704 1409 3758 εει,
1448 3704 1505 3748 ιιι
1534 3695 1854 3763 scparcmini
1886 3710 1917 3749 a
1951 3699 2140 3764 quovis
2174 3697 2376 3751 inordi-

804 3789 948 3844 nate,
997 3781 1097 3835 hoc
1156 3792 1238 3836 est
1305 3783 1504 3847 otiose,
1564 3786 1795 3843 vivente.
1858 3786 1971 3839 sive
2033 3786 2204 3850 dives,
2263 3787 2375 3840 sive

800 3888 1025 3942 pauper,
1071 3874 1184 3929 sive
1226 3886 1447 3930 sanctus
1500 3877 1678 3930 fuerit.
1712 3876 1813 3942 Qui
1863 3878 2008 3931 enim
2040 3879 2108 3932 ab
2154 3879 2377 3937 utilibus

800 3964 1055 4030 operibus
1097 3962 1391 4027 abstinent,
1453 3966 1505 4016 in
1554 3965 1903 4019 dicacitatem
1954 3966 2270 4037 plerumque
2318 3980 2374 4025 et

802 4052 1185 4107 scurrilitatem
1217 4054 1519 4123 praecipites
1554 4064 1807 4123 aguntur.
1845 4054 1955 4110 llac
1988 4066 2168 4111 autem
2220 4058 2374 4115 inor-

801 4142 985 4196 dinata
1027 4154 1175 4197 sunt.
1231 4144 1551 4210 Quomodo?
1595 4143 1820 4213 Proriter
1858 4148 1959 4201 hoc
1993 4147 2190 4218 ipsum,
2238 4150 2381 4217 quod

804 4233 936 4285 nihil
971 4242 1114 4304 agat,
1168 4245 1218 4288 ct
1254 4236 1380 4303 quia
1421 4237 1666 4290 ordinem
1705 4252 1731 4289 a
1762 4248 2089 4307 prteceptore
2136 4242 2375 4309 positum

804 4326 1051 4379 excedat.
1087 4325 1252 4380 infert
1300 4328 1464 4397 igitur
1507 4345 1520 4379 :

880 4417 945 4469 Et
995 4437 1097 4473 non
1132 4420 1414 4473 secundum
1441 4421 1779 4476 traditionem
1820 4440 1977 4493 quam
2012 4438 2321 4493 acceperunt
2349 4443 2381 4479 a

2457 1939 2563 1993 τοῦ
2586 1941 2865 2008 Χριστοῦ,
2894 1941 2927 2011 ἦ
2954 1941 3100 1995 οὓτω
3129 1944 3366 2013 νοήσεις,
3401 1946 3519 1999 Ἵνα
3550 1947 3941 2017 ὑπομένωμεν,
3967 1951 4043 2011 ὡς

2459 2031 2664 2092 ἐκεῖνος
2688 2032 2982 2102 ὑπέμεινεν
3004 2049 3017 2062 ’
3048 2034 3105 2104 ἢ,
3149 2036 3267 2089 Ἵνα
3296 2037 3416 2107 μεθ’
3447 2038 3728 2108 ὑπομονῆς
3751 2041 4045 2109 ἀναμένω-

2461 2141 2559 2193 μεν
2611 2126 2701 2178 τὸν
2734 2126 2985 2196 Χριστὸν,
3022 2130 3117 2182 καὶ
3175 2130 3250 2197 μὴ
3298 2130 3726 2203 ἀπελπίζωμεν,
3779 2134 3922 2187 ἀλλὰ
3951 2155 4041 2187 πι-

2461 2218 2737 2286 στεύωμεν
2799 2202 3052 2288 βεϐαίως,
3109 2223 3191 2274 ὅτι
3246 2223 3280 2276 ἂ
3315 2202 3677 2292 ἐπηγγείλατο
3735 2226 4040 2296 πληρώσει.

2460 2307 2641 2359 Εἰπὼν
2655 2308 2712 2361 δὲ,
2735 2311 3029 2380 ὑπομονὴν,
3056 2312 3261 2381 θλίψεις
3281 2315 3521 2385 ᾐνίξατο.
3546 2317 3627 2388 Τῇ
3648 2318 3847 2389 ἀγάπῃ
3873 2319 3929 2372 δὲ
3952 2321 4043 2371 τοῦ

2459 2396 2594 2449 Θεοῦ
2628 2399 2911 2464 συνέζευξε
2959 2402 3059 2471 τὴν
3107 2404 3417 2475 ὑπομονήν·
3470 2408 3629 2460 τοῦτο
3678 2408 3790 2477 γάρ
3840 2412 3961 2463 ἐστι
3986 2412 4045 2463 τὸ

2461 2487 2679 2557 ἀγαπᾷν
2708 2491 2797 2541 τὸν
2826 2490 2979 2556 Θεὸν,
3011 2494 3072 2545 τὸ
3104 2494 3395 2564 ὑπομένειν
3422 2497 3488 2548 δι’
3514 2499 3699 2564 αὑτὸν,
3724 2505 3821 2552 καὶ
3851 2505 3925 2570 μὴ
3958 2501 4048 2553 οο-

2463 2578 2763 2646 ρυῦεἰσθαι.
2799 2582 3015 2648 Κύριον
3036 2584 3116 2648 δὲ,
3142 2586 3202 2637 τὸ
3236 2587 3459 2656 Πνεῦμα
3483 2590 3591 2642 νόει
3622 2591 3885 2656 ἐνταῦθα,
3916 2594 3993 2656 ὡς
4020 2595 4048 2646 6

2467 2670 2640 2737 μέγας
2664 2675 3098 2742 παρεσημήνατο
3132 2677 3437 2741 Βασίλειος.

2529 2855 3031 2925 Παραγγέλλομεν
3062 2857 3129 2910 δὲ
3174 2859 3339 2927 ὑμῖν,
3370 2861 3645 2932 ἀδελφοί,
3699 2864 3769 2917 ὲν
3798 2866 4045 2935 ὀνόματι

2468 2945 2570 2999 τοῦ
2601 2949 2817 3013 Κυρίου
2841 2948 3010 3018 ἡμῶν
3055 2951 3258 3019 Ἰησοῦ
3288 2955 3565 3023 Χριστοῦ.
3599 2956 3866 3021 Πολλάκις
3899 2960 4048 3011 εἷπο-

2468 3056 2589 3107 μεν,
2628 3040 2708 3092 ὅτι
2746 3043 3122 3112 παραγγελίαν
3146 3046 3173 3097 ὁ
3205 3046 3419 3108 Παῦλος
3447 3046 3595 3115 λέγει
3632 3050 3730 3119 τὴν
3768 3051 4043 3122 αὐστηρο-

2467 3129 2629 3200 τέραν
2654 3132 3018 3188 διδασκαλίαν.
3052 3138 3163 3189 Καὶ
3218 3136 3311 3189 νῦν
3375 3135 3469 3191 οὖν
3527 3142 3912 3214 φοϐερωτέραν
3949 3147 4045 3216 τὴν

2473 3224 2849 3292 παραγγελίαν
2908 3227 3101 3291 ποιῶν,
3135 3230 3321 3298 φησὶν,
3370 3231 3452 3283 ’ὅτι
3486 3232 3598 3302 Οὐχ
3632 3236 3797 3302 ἡμεῖς
3830 3254 4046 3307 παραγ-

2472 3314 2751 3383 γέλλομεν,
2775 3316 2888 3369 ἀλλ’
2918 3319 2945 3369 ὁ
2973 3307 3226 3388 Χριστός.
3261 3321 3329 3372 Ἀ
3355 3322 3462 3393 γὰρ
3493 3323 3603 3390 ἐγὼ
3634 3324 3803 3392 λέγω,
3841 3330 4049 3393 ἐκεῖ.ος

2472 3404 2640 3471 λέγει.
2681 3407 2932 3477 Οὑδαμοῦ
2958 3411 3071 3479 γὰρ
3094 3411 3427 3481 προσέταξεν
3459 3415 3663 3478 ἐκεῖνος
3690 3418 3906 3486 ἀργεῖν.

2546 3588 2907 3643 Στέλλεσθαι
2926 3590 3077 3659 ὑμᾶς
3102 3593 3221 3646 ἀπὸ
3246 3596 3471 3662 παν-τὶς
3495 3597 3764 3667 ἀδελφοῦ
3784 3601 4050 3668 ἀτάκτως

2476 3680 2963 3746 περιπατοῦντος.
2999 3682 3277 3750 Τουτέστι,
3303 3688 3634 3756 χωρίζεσθαι
3658 3691 3768 3743 ἀπὸ
3800 3693 3898 3745 τοῦ
3928 3694 4053 3746 ἀτά-

2480 3787 2646 3832 κτως,
2690 3774 2969 3825 τουτέστιν
3020 3776 3039 3804 ⁶
3085 3776 3291 3845 ἀργῶς,
3355 3778 3598 3847 βιοῦντος
3664 3785 3892 3847 παντὸς,
3954 3786 4052 3837 κᾶν

2478 3860 2732 3926 πλούσιος
2847 3864 2948 3918 κᾶν
2983 3868 3171 3935 πένης,
3205 3868 3308 3921 κᾶν
3337 3868 3491 3937 ἆγιος
3520 3873 3562 3926 ⁷.
3604 3874 3664 3925 Οἱ
3702 3875 3814 3945 γὰρ
3851 3876 4046 3946 ἀπεχό-

2481 3974 2633 4026 μενοι
2658 3958 2766 4010 τῶν
2788 3958 3103 4028 εὐχρήστων
3133 3959 3329 4031 ἔργων,
3353 3962 3428 4023 ὡς
3449 3963 3649 4017 ἐπίπαν
3680 3968 3758 4028 είς
3784 3969 4049 4038 εὐτραπε-

2478 4050 2599 4112 λίας
2626 4050 2718 4101 καὶ
2752 4049 3074 4120 ἀδιαφορίας
3103 4052 3603 4121 ἐκτραχηλίζονται.
3630 4056 3822 4111 Ταῦτα
3848 4060 3903 4112 δί
3931 4062 4051 4113 ἀτα-

2483 4140 2600 4205 ξίας
2626 4142 2752 4196 είσί.
2786 4141 2941 4205 Πῶς;
2977 4142 3054 4193 Δι’
3081 4144 3211 4194 αὐτὸ
3248 4144 3406 4196 τοῦτο
3450 4147 3512 4197 τὸ
3541 4148 3755 4217 ἀργεῖν,
3794 4152 3888 4203 καὶ
3926 4153 4049 4204 καίιδ

2482 4230 2724 4284 ἐκϐαίνει
2750 4232 2846 4301 τὴν
2897 4232 3048 4301 παρὰ
3100 4232 3192 4284 τοῦ
3220 4232 3541 4288 διδασκάλου
3594 4239 3850 4293 τεθεῖσαν
3910 4243 4047 4311 αἱ.τῇ

2482 4323 2658 4388 τάξιν.
2699 4323 2979 4392 Ἐπιφέρει
3009 4322 3132 4376 οὖν·

2562 4415 2672 4468 Kal
2704 4416 2790 4483 μὴ
2835 4416 2985 4469 κατὰ
3027 4415 3145 4481 τὴν
3190 4416 3527 4483 παράδοσιν
3570 4419 3648 4486 ἢν
3712 4426 4047 4492 παρέλαϐεν

809 4510 979 4565 nobis.
1030 4510 1197 4577 Quam
1248 4527 1345 4581 per
1414 4526 1577 4581 opera
1627 4514 1780 4568 vobis
1828 4516 2045 4582 tradidi,
2104 4518 2381 4587 exemplar
2413 4527 2457 4581 ι)

2413 4527 2457 4581 ι)
2486 4507 2622 4575 παρ’
2653 4505 2841 4574 ἡμῶν.
2912 4507 3015 4558 Ἦν
3062 4505 3150 4559 διὰ
3200 4506 3310 4558 τῶν
3365 4507 3540 4576 ἔργων
3587 4511 3717 4579 ὑμῖν
3742 4517 4049 4583 παρέδωκε,

810 4602 960 4653 vobis
984 4600 1189 4656 factus:
1224 4604 1439 4670 proprie
1471 4604 1613 4657 enim
1680 4604 1899 4659 traditio
1932 4617 2018 4661 est
2046 4607 2375 4676 huiusmodi.

881 4776 1042 4830 Vens.
1080 4778 1131 4831 7.
1179 4776 1289 4844 Ipsi
1324 4779 1459 4831 enim
1493 4780 1635 4833 scitis
1664 4782 2103 4850 quemadmodum
2150 4794 2382 4852 oporteat

810 4868 1010 4920 imitari
1049 4882 1161 4929 nos,
1206 4870 1453 4935 quoniam
1486 4886 1585 4924 non
1664 4873 1965 4927 inordinate
1999 4890 2091 4927 nos
2131 4877 2381 4943 gessimus

812 4961 953 5023 apud
1003 4975 1113 5020 vos,
1174 4975 1335 5026 neque
1391 4962 1557 5029 gratis
1615 4978 1802 5028 partem
1844 4966 2269 5021 manducavitnut
2322 4969 2385 5020 ab

814 5050 1013 5118 aliqua.
1061 5050 1176 5103 Non
1236 5052 1549 5107 inordinate
1596 5070 1695 5109 nos
1778 5056 2092 5125 gessimus,
2156 5060 2206 5112 id
2284 5068 2386 5122 est,

817 5156 924 5196 non
978 5140 1178 5195 iuinms
1251 5143 1430 5197 otiosi.
1487 5142 1942 5201 lnordinationem
2006 5152 2148 5201 enim
2217 5150 2387 5203 otium

822 5233 1081 5297 nominat,
1121 5244 1173 5285 ut
1219 5248 1378 5300 supra
1412 5253 1424 5288 :
1460 5247 1619 5304 atque
1662 5237 1731 5290 ita
1771 5254 1900 5292 sane
1940 5254 1999 5293 se
2060 5256 2146 5294 res
2184 5241 2387 5294 habet:

822 5338 942 5375 nam
977 5323 1113 5377 Deus
1141 5326 1318 5392 posuit
1342 5327 1611 5384 hominem
1643 5329 1709 5382 ad
1751 5330 2011 5392 laborem,
2046 5345 2301 5400 artusque
2329 5334 2394 5383 ad

824 5414 924 5468 hoc
967 5412 1179 5468 ellinxit
1215 5430 1230 5468 :
1272 5416 1530 5484 quocirca
1568 5418 1656 5485 qui
1712 5422 1916 5473 otiosus
1945 5422 2161 5484 est,.ab
2208 5420 2396 5473 ordine

2488 4596 2657 4659 τύπος
2689 4597 2979 4665 γενόμενος
3006 4597 3156 4666 ὑμῖν.
3190 4596 3409 4666 Κυρίως
3437 4600 3543 4669 γὰρ
3574 4603 3606 4670 ἠ
3632 4604 3858 4674 τοιαύτη
3882 4610 4051 4677 παρέ-

2487 4686 2650 4750 δοσις.

2552 4779 2728 4831 Αὐτοὶ
2763 4779 2872 4847 γὰρ
2905 4777 3103 4832 οἴδατε
3137 4778 3262 4846 πῶς
3306 4780 3391 4834 δει
3416 4786 3721 4849 μιμείσθω
3752 4784 3934 4852 ἡμᾶς,
3976 4787 4055 4840 ἑτι

2494 4871 2602 4923 οὐκ
2644 4869 3066 4937 ἠτακτήσαμεν
3115 4871 3185 4922 ἐν
3236 4870 3394 4939 ὑμῖν,
3428 4873 3569 4926 οὐδὲ
3619 4872 3851 4941 damur
3888 4880 4062 4945 ἄρτοι

2496 4957 2794 5027 ἐφάγομεν
2810 4959 2968 5026 παρά
2989 4977 3171 5024 τινος.
3198 4961 3309 5014 Οὐκ
3339 4963 3743 5032 ἠτακτήσαμεν,
3764 4970 4061 5035 τοντὲστεν,

2494 5053 2593 5103 οὐκ
2629 5051 2972 5119 ὴργήπαμεν.
3018 5051 3272 5115 ’Λταξίαν
3302 5054 3407 5121 γὰρ
3429 5055 3525 5121 τὴν
3556 5056 3757 5123 ἀργίαν
3783 5057 4060 5127 ὀνομαζε.,

2498 5143 2570 5204 ὡς
2601 5147 2690 5195 καὶ
2710 5144 3000 5214 ἀνωτέρω·
3038 5144 3129 5195 καὶ
3154 5142 3326 5207 οὕτως
3358 5146 3489 5215 ἔχει.
3524 5147 3584 5199 '0
3614 5149 3721 5217 γὰρ
3743 5149 3883 5212 θεδς
3916 5154 4062 5216 ξτιξε

2498 5238 2589 5287 τὸν
2610 5234 2894 5304 ἄνθρωπον
2943 5235 3289 5303 ἐργάζεσθαι.
3317 5239 3411 5289 καὶ
3461 5238 3528 5289 τὰ
3563 5240 3700 5309 μέλη
3734 5244 3873 5308 πρὸς
3920 5246 4062 5297 τρίτη

2502 5327 2785 5378 διέπλασεν
2839 5326 2880 5378 ⁸.
2936 5328 3096 5378 Ὥστε
3142 5329 3170 5379 ὁ
3222 5329 3404 5397 ἀργῶν
3437 5329 3721 5383 ἐκλέλοιπε
3754 5333 3859 5401 τὴν
3904 5336 4061 5400 τάξι-ι.

2506 5419 2646 5486 Ὅρα
2679 5419 2757 5481 δὲ,
2792 5420 2907 5481 πῶς
2944 5419 3152 5487 δωρεὰν
3187 5422 3375 5486 φαγεῖν
3426 5419 3651 5473 ἐκάλεσε
3708 5423 3770 5474 τὸ
3820 5429 3951 5495 παρ’
3985 5431 4064 5477 1;-

2090 5586 2287 5643 Varite
2327 5580 2655 5643 lectiones.

896 5704 916 5731 ³
940 5704 1084 5775 δείξῃ
1111 5723 1161 5758 o.
1254 5707 1273 5735 "
1307 5708 1563 5773 τηρήσειε
1594 5722 1643 5761 o.
1724 5710 1742 5735 “
1778 5711 1869 5760 καὶ
1904 5723 1955 5761 0.

2070 5711 2087 5738 ⁷
2121 5710 2222 5761 κᾶν
2251 5710 2425 5776 ἅγιος.
2462 5709 2733 5769 “Arcturo;
2757 5710 2880 5781 ’,γὰρ
2913 5710 3028 5760 ἐστι
3054 5710 3159 5771 πᾶς
3184 5710 3305 5761 κατ’
3345 5711 3474 5763 αὐτὸ
3513 5710 3671 5764 τοῦτο
3704 5729 3728 5761 τ

2372 5727 2425 5771 ις.
2462 5709 2733 5769 “Arcturo;
2773 5710 2880 5776 γὰρ
2913 5710 3028 5760 ἐστι
3054 5710 3159 5771 πᾶς
3184 5710 3305 5761 κατ’
3345 5711 3474 5763 αὐτὸ
3513 5710 3671 5764 τοῦτο
3704 5713 3763 5763 τὶ
3787 5715 3973 5781 ἀργεῖ-ι
4002 5732 4038 5765 ιι.

830 5774 908 5825 iu.
932 5778 1167 5827 nti-mtas
1212 5778 1347 5828 enim
1376 5786 1449 5827 est
1473 5780 1586 5843 quis
1622 5779 1812 5845 velpcr
1851 5779 1945 5830 hoc
1976 5780 2144 5843 ipsum
2176 5774 2316 5845 quod
2351 5780 2547 5831 otiosus
2590 5779 2676 5830 sit.

2756 5778 2776 5806 ⁸
2805 5779 3123 5831 διεπέτανεν
3147 5798 3197 5833 υ.
