4060 6614
402 498 3645 553 W

830 682 2096 815 COMMENTARIUS
2211 688 2376 812 IN
2464 683 3199 815 JOANNEM

1730 920 2313 1002 (CONTINUATIOJ

988 1245 1242 1301 ΚΕΦΛΛ.
1290 1245 1374 1300 H'.

386 1378 531 1447 Περὶ
581 1377 702 1432 τῶν
727 1375 1077 1447 ἐρωτώντων
1104 1379 1213 1447 τὸν
1251 1377 1499 1447 Ἰησοῦν
1532 1377 1663 1447 περὶ
1705 1376 1810 1430 τοῦ
1852 1378 1971 1430 Πα-

464 1446 609 1535 τρός
626 1446 840 1535 αὐροῦ.
864 1448 1001 1528 Περὶ
1021 1446 1128 1535 to?
1162 1446 1356 1535 Ἱηξγοῦ
1376 1446 1973 1535 ἐλεγθέρωεινὶέπιξγ-

461 1518 835 1587 τελλομένου
893 1517 1020 1583 τοῖς
1074 1515 1387 1586 ἑπομένοις
1430 1515 1611 1581 αὐτῷ.
1661 1518 1799 1585 Περὶ
1851 1516 1973 1570 τῶν

463 1590 756 1643 ειπὸντων
787 1588 877 1642 ὅτι
915 1587 1224 1655 δαιμόνιον
1263 1586 1389 1654 ἔχει
1434 1590 1468 1641 ὁ
1510 1586 1769 1654 Ἰησοῦς.
1831 1586 1971 1650 Περὶ

464 1657 584 1712 τῶν
655 1658 1034 1725 πειρωμένων
1100 1656 1398 1711 Ἰουδαίων
1466 1657 1809 1712 ,λιθοϐολεῖν
1862 1656 1972 1710 τὸν

477 1728 743 1797 Ἰησοῦν,
770 1728 858 1782 ὅτι
884 1727 963 1793 τῷ
1004 1727 1256 1796 Ἀϐραὰμ
1282 1725 1638 1795 προέκρινεν
1675 1726 1882 1781 αὐτόν.

469 1861 492 1895 ι
530 1841 938 1912 Ἀπεκρίθησαν
971 1840 1062 1895 καὶ
1078 1835 1230 1894 εἷπον
1253 1839 1401 1913 αὐτῷ
1423 1856 1437 1871 ⁶
1455 1841 1547 1911 Μὴ
1583 1841 1678 1895 καὶ
1700 1842 1764 1896 σὺ
1787 1843 1851 1896 ὲκ
1872 1841 1971 1913 τῆς

394 1931 686 1995 Γαλιλαίας
731 1924 817 1994 εἷς
890 1930 1216 2000 Ἐρεύνησον
1262 1929 1357 1982 καὶ
1411 1929 1509 1996 ἴδε,
1547 1928 1628 1982 ότι
1683 1929 1972 2000 προφήτης

394 2022 461 2074 ἐκ
500 2020 601 2090 τῆς
628 2017 920 2083 Γαλιλαίας
967 2019 1069 2073 οὐκ
1110 2021 1433 2091 ἐγήγερται.
1476 2019 1645 2074 Πάλιν
1670 2015 1764 2073 οὖν
1793 2023 1820 2075 ό
1865 2020 1970 2090 Ἰη-

396 2111 524 2175 σοῦς
552 2111 819 2182 ἐλάλησεν
875 2112 1081 2177 αὐτοῖς,
1138 2112 1333 2181 λέγων’
1379 2112 1519 2182 Ἐγώ
1576 2115 1691 2184 εἰμι
1727 2112 1790 2167 τδ
1857 2113 1970 2182 φῶς

390 2203 488 2257 τοῦ
528 2204 734 2273 κόσμου
768 2220 782 2235 ⁸
819 2203 848 2256 ό
870 2204 1180 2259 ἀκολουθῶν
1205 2206 1352 2276 ἐμοὶ,
1384 2206 1446 2258 οὐ
1482 2204 1558 2276 μὴ
1602 2206 1969 2277 περιπατήσει

392 2298 451 2350 ὲν
472 2298 540 2367 τῇ
588 2297 800 2367 σκοτίᾳ,
828 2296 944 2350 ἀλλ’
974 2297 1085 2364 ἕξει
1113 2297 1174 2350 τὸ
1197 2298 1313 2366 φῶς
1342 2300 1443 2369 τῆς
1474 2297 1639 2367 ζωῆς.
1675 2317 1694 2350 ι
1722 2298 1841 2368 ,Τοῦ
1869 2299 1971 2353 Nt-

393 2390 635 2459 κοδήμου
683 2389 1029 2444 συνετώτατα
1081 2391 1207 2454 τοὺς
1255 2390 1589 2461 Φαρισαίους
1623 2390 1966 2462 ἐλέγξαντος,

294 2539 299 2543 ,
393 2482 470 2546 ὡς
502 2481 793 2553 παράνομα
826 2480 1299 2551 διαταττομένους,
1335 2481 1765 2553 ὲξαπορηθέντες
1820 2483 1970 2536 ἐκεῖ·

393 2590 496 2636 νοι,
520 2573 804 2646 ἁγροικότε
815 2590 925 2644 ρον,
945 2572 1143 2644 μᾶλλον
1158 2573 1214 2627 δὲ
1232 2572 1554 2645 θηριωδέστε
1566 2592 1654 2646 ρον
1671 2574 1969 2646 κέχρηνται
2001 2611 2043 2666 Β

393 2667 462 2737 τῇ
498 2664 815 2736 ἀποκρίσει,
836 2664 1089 2734 λέγοντες
1123 2683 1138 2699 ο
1172 2684 1192 2717 ι
1226 2666 1317 2737 Μὴ
1348 2666 1443 2718 καὶ
1467 2665 1532 2719 σὺ
1561 2666 1624 2719 ἐκ
1650 2666 1752 2734 τῆς
1803 2666 1968 2720 Γαλι-

393 2757 555 2818 λαίας
586 2755 663 2825 εἷς
699 2777 718 2810 ι
759 2758 926 2812 Ποίαν
971 2757 1082 2828 γὰρ
1113 2757 1438 2811 ἀκολουθίαν
1481 2757 1595 2828 ἔχει
1624 2757 1783 2812 τοῦτο
1833 2758 1971 2831 πρὸς

394 2852 462 2905 τὰ
495 2849 602 2905 ὑπὸ
637 2849 731 2905 τοῦ
760 2850 1076 2922 Νικοδήμου
1111 2849 1377 2922 ῥηθέντας
1420 2851 1657 2914 Ἐκεῖνος
1688 2847 1862 2913 εἴπεν,
1886 2852 1970 2905 ὅτι

391 2944 458 2997 οὐ
491 2943 573 2997 δεῖ
598 2942 973 3010 ἀνεξετάστως
1002 2943 1100 2998 καὶ
1151 2943 1397 3012 ἀκρίτως
1446 2942 1834 3008 καταδικάζειν
1878 2944 1972 2997 τὸν

393 3033 682 3105 ἄνθρωπον
713 3049 729 3065 ο
767 3034 873 3087 ἔδει
921 3034 1139 3098 πάντως
1190 3033 1389 3095 αὐτοὺς
1436 3035 1573 3104 πρὸς
1632 3034 1790 3088 τοῦτο
1834 3034 1973 3088 ἀπο-

393 3125 688 3197 κρίνασθαι
740 3125 837 3179 καὶ
871 3125 1063 3191 δεῖξαι,
1106 3127 1190 3179 ότι
1233 3126 1333 3180 οὐκ
1385 3126 1624 3197 ἀκρίτως
1678 3126 1977 3180 καταδικάο

396 3217 550 3281 ζουσι
573 3219 665 3272 τὸν
702 3218 934 3287 Ἰησοῦν,
968 3218 1084 3273 ἀλλ’
1114 3218 1378 3290 ἐννόμως,
1418 3219 1514 3273 καὶ
1551 3218 1677 3283 τοὺς
1697 3218 1976 3292 ὑπηρέτας

395 3308 655 3379 ἔπεμψαν
686 3308 973 3364 συλλαϐεῖν
999 3311 1185 3377 αὐτὸν,
1217 3313 1316 3364 καὶ
1353 3310 1532 3365 πάντα
1560 3311 1705 3365 κατὰ
1747 3311 1809 3365 τὸ
1839 3329 1977 3384 προ-

397 3401 565 3471 σῆκον
588 3400 858 3457 ποιοῦσιν.
893 3401 959 3458 Οἱ
982 3403 1038 3456 δὲ
1061 3403 1115 3456 τί
1156 3419 1326 3472 φασι;
1362 3422 1383 3456 ‹
1420 3402 1512 3474 Μὴ
1558 3403 1653 3458 καὶ
1689 3403 1753 3457 σὺ
1783 3404 1848 3458 ὲκ
1877 3403 1978 3475 τῆς

397 3492 689 3559 Γαλιλαίας
720 3489 804 3562 si;
843 3513 862 3547 ι
912 3493 1077 3566 Ὁρᾷς
1113 3493 1211 3566 τὴν
1245 3495 1539 3564 ἀνοησίαν;
1573 3496 1708 3566 ὁρᾷς
1755 3494 1816 3549 τὸ
1842 3496 1975 3549 ἀνα-

397 3585 654 3640 κόλουθον
704 3585 816 3642 τῶν
864 3586 1068 3656 λόγων;
1128 3586 1264 3640 Εἶτα
1315 3586 1631 3658 ὑϐρίζοντες
1685 3586 1847 3641 αὐτὸν
1902 3587 1979 3652 ὼς

394 3678 607 3750 ἀμαθῆ,
638 3679 825 3748 φασίν
868 3698 888 3732 ι
938 3678 1287 3751 Ἐρεύνησον,
1320 3678 1417 3733 καὶ
1445 3679 1548 3744 ίδε,
1577 3679 1976 3750 ὄτι-προφήτης

396 3770 462 3823 ὲκ
475 3770 574 3840 τῆς
590 3769 879 3834 Γαλιλαίας
891 3771 990 3826 οὐκ
1008 3771 1172 3842 ὲγήγε
1180 3786 1323 3842 ρταν
1358 3788 1377 3823 t
1395 3769 1702 3837 τουτέστιν,
1720 3769 1977 3832 ’Δπελθε,

396 3860 561 3932 μάθε,
601 3861 788 3934 ἐπειδὴ
817 3862 1062 3934 ἄχρι.τοῦ
1107 3863 1203 3916 νῦν
1234 3862 1334 3916 οὐκ
1364 3861 1588 3933 ἔμαθες,
1636 3864 1720 3916 ὅτι
1767 3880 1785 3913 ι
1823 3861 1978 3932 Προ-

2001 1260 2050 1310 Α

3272 1094 3330 1132 ’κ

2670 1249 2902 1309 CAPUT
2939 1249 3081 1319 VIII,

2068 1358 2235 1437 315
2258 1361 2424 1437 Deiit
2449 1365 2542 1437 qui
2571 1363 2859 1437 Dominum
2915 1367 3309 1437 interrogabant
3354 1367 3421 1421 de
3461 1366 3643 1424 Patre.

2193 1435 2439 1508 uorttpdo_
2453 1433 2690 1508 Christus
2713 1436 3046 1508 sequentibus
3073 1433 3134 1491 se
3174 1437 3470 1493 libertatem
3524 1455 3649 1506 pra-

2142 1502 2359 1576 misert‘t.
2390 1503 2477 1576 pe
2501 1505 2567 1576 iis
2596 1507 2688 1576 qui
2715 1502 2954 1560 dicebant
3013 1507 3280 1564 Christum
3331 1502 3648 1564 daemonium

2142 1572 2455 1650 habere.De
2495 1572 2702 1650 ludatis
2764 1578 3080 1650 certantibus
3130 1577 3316 1634 letum
3385 1579 3645 1650 lapidare,

2146 1642 2273 1712 quia
2305 1660 2359 1698 se
2378 1645 2607 1700 Abrahae
2626 1646 2966 1714 praetulisset.

2143 1818 2270 1877 CAP.
2336 1817 2449 1884 VII,
2503 1820 2619 1888 52;
2681 1820 2815 1885 VIII,
2872 1823 2938 1878 I2
3002 1823 3097 1896 (a).
3150 1827 3200 1891 ft
3237 1824 3652 1896 Responderunt

2072 1921 2128 1968 et
2174 1912 2424 1969 dixerunt
2462 1914 2512 1969 ei
2551 1930 2566 1968 :
2598 1912 2737 1969 Nunt
2774 1925 2827 1971 et
2852 1927 2904 1970 tu
2945 1917 3198 1974 Galilaeus
3254 1919 3356 1976 es?
3389 1918 3653 1976 Scrutare

2071 2012 2127 2058 et
2148 2002 2267 2059 vide
2317 2005 2460 2074 quod
2491 2021 2521 2059 a
2571 2005 2786 2061 Galilma
2839 2010 3099 2078 pmpheta
3165 2024 3274 2065 non
3329 2010 3649 2069 surrexerit.

2073 2094 2273 2152 Iterum
2314 2097 2477 2168 igitur
2506 2099 2585 2153 eis
2624 2099 2835 2156 locutus
2886 2110 2972 2157 est
3000 2100 3179 2169 Iesus,
3242 2102 3430 2159 dicens
3466 2120 3482 2157 :
3538 2102 3651 2173 Ego

2072 2202 2192 2242 sum
2242 2188 2333 2243 lux
2390 2190 2574 2245 mttndi
2610 2191 2742 2261 :qni
2778 2192 3022 2262 sequitur
3056 2207 3161 2259 me,
3195 2209 3300 2249 non
3354 2192 3651 2249 ambulabit

2074 2283 2129 2338 in
2187 2284 2447 2352 tenebris,
2483 2286 2576 2341 sed
2605 2286 2825 2343 habebit
2874 2268 3054 2342 lumen
3096 2288 3238 2343 vitae.
3271 2308 3291 2341 ι
3350 2288 3648 2346 Nicodemo

2073 2377 2494 2446 prudentissime
2527 2379 2833 2436 Pharisaeos
2861 2381 3238 2452 redarguente,
3303 2390 3492 2453 utpote
3543 2382 3651 2437 ini-

2073 2486 2177 2538 qua
2219 2481 2615 2541 perpetrantes,
2647 2473 2721 2529 illi
2755 2475 2995 2545 perplexi
3031 2475 3179 2536 facti.
3211 2454 3500 2546 agrestius,
3534 2479 3650 2532 imo

2077 2560 2314 2620 ferocius
2343 2569 2758 2635 responderunt,
2816 2568 3056 2624 dicentes
3089 2586 3103 2623 :
3134 2586 3153 2622 ι
3185 2567 3323 2624 Num
3376 2578 3431 2625 et
3480 2578 3534 2625 tu
3582 2584 3651 2625 ex

2074 2654 2292 2711 Galilrea
2327 2656 2429 2713 es?
2465 2676 2484 2711 ι
2522 2657 2746 2724 Qualem
2792 2661 2938 2715 enim
2996 2660 3440 2731 consequentiam
3493 2659 3656 2716 habet

2073 2748 2180 2803 hoe
2213 2750 2278 2803 ad
2301 2764 2362 2804 ea
2399 2764 2519 2818 quae
2541 2766 2567 2805 a
2583 2749 2876 2808 Nicodemo
2898 2752 3079 2808 dicta?
3109 2752 3201 2808 Ille
3227 2753 3358 2807 dixit
3377 2753 3518 2823 quod
3544 2766 3649 2807 non

2074 2851 2319 2909 oporteat
2352 2840 2555 2910 absque
2584 2844 2833 2897 examine
2862 2842 3133 2911 etjndicio
3161 2845 3529 2900 condemnare
3555 2845 3654 2898 ho-

2078 2935 2278 2989 minem
2304 2951 2320 2988 :
2352 2936 2634 3005 oportebat
2659 2936 2806 3006 ipsos
2825 2935 2893 2991 ad
2918 2937 3020 2993 hoc
3054 2939 3380 3010 respondere
3396 2947 3449 2993 et
3472 2948 3653 2994 osten-

2076 3027 2208 3083 dere
2229 3028 2371 3098 quod
2392 3044 2497 3084 non
2523 3030 2641 3086 sine
2660 3029 2866 3100 judicio
2883 3031 3306 3086 condemnarent
3325 3031 3535 3096 Jcsum,
3559 3032 3651 3088 sed

2074 3125 2336 3197 legitime,
2373 3136 2429 3181 et
2474 3126 2751 3182 ministros
2797 3127 3003 3183 miserit
3065 3127 3133 3181 ad
3188 3128 3656 3200 comprehenden-

2077 3220 2203 3272 dum
2232 3217 2403 3282 illum,
2437 3226 2491 3272 et
2510 3218 2712 3282 omnia,
2741 3218 3063 3286 utdecebat,
3086 3217 3331 3276 fecerint.
3384 3220 3449 3274 Hi
3472 3231 3652 3277 autem

2078 3310 2263 3363 dicunt
2301 3327 2316 3364 :
2351 3329 2370 3362 ι
2405 3309 2543 3365 Num
2573 3320 2624 3366 et
2658 3321 2712 3365 tu
2742 3326 2807 3366 ex
2835 3311 3051 3368 Galilaaa
3081 3327 3140 3367 es
3164 3313 3188 3366 ?
3211 3311 3652 3383 Videsinsipien-

2082 3399 2436 3477 tiam‘lVides
2485 3417 2645 3471 quam
2682 3401 2825 3456 nulla
2882 3401 3167 3457 verborum
3219 3404 3655 3475 consequentia?

2080 3491 2282 3548 Deinde
2315 3494 2614 3565 ignominia
2648 3509 2769 3551 eum
2804 3493 3099 3551 allicientes
3128 3496 3280 3567 quasi
3314 3496 3650 3565 imperitum,

2079 3589 2261 3641 dicunt
2297 3606 2312 3644 :
2347 3606 2367 3641 ι
2391 3587 2668 3655 Scrutare,
2691 3598 2745 3643 et
2775 3588 2895 3643 vide
2914 3588 3056 3658 quod
3096 3590 3356 3660 propheta
3377 3607 3408 3645 e
3433 3587 3651 3644 Galilaea

2080 3692 2185 3731 non
2210 3679 2470 3746 surrexit,
2513 3697 2532 3730 ι
2576 3678 2679 3733 hoc
2712 3687 2816 3744 est,
2845 3677 3010 3746 Vade,
3041 3679 3209 3746 disce,
3243 3681 3368 3750 quia
3388 3695 3555 3752 usque
3583 3683 3651 3736 ad

2082 3768 2183 3822 hoc
2221 3778 2432 3838 tempus
2461 3782 2568 3823 non
2610 3767 2870 3837 didicisti,
2908 3769 3049 3839 quod
3088 3788 3109 3823 ι
3140 3772 3399 3840 prepheta
3431 3785 3495 3827 ex
3539 3769 3651 3827 Ga-

2080 3859 2213 3915 lilaea
2254 3875 2359 3917 non
2379 3863 2610 3917 surexit.
2653 3880 2671 3914 ι
2702 3861 2827 3919 Haec
2860 3872 3040 3918 autem
3075 3862 3262 3919 dicunt
3320 3864 3650 3934 imperitiam

396 3956 578 4028 φήτης
616 3957 683 4008 ἐκ
710 3955 809 4026 τῆς
835 3954 1124 4020 Γαλιλαίας
1159 3955 1261 4010 οὐκ
1282 3954 1603 4026 ἐγήγερται.
1640 3972 1660 4007 ι
1703 3954 1798 4018 Είς
1826 3952 1970 4023 ἅμα·

2075 3952 2148 4007 iIIi
2180 3952 2534 4010 ascribentcs.
2584 3953 2725 4021 Quid
2787 3963 2971 4012 autem
3026 3954 3166 4012 dixit
3211 3955 3558 4023 Nicodemus,
3615 3972 3650 4012 ο

396 4046 520 4101 θίαν
536 4048 593 4102 δὲ
616 4047 779 4101 αὐτὸν
805 4047 1246 4112 ἐπισκώπτοντες
1270 4044 1448 4101 ταῦτά
1466 4062 1618 4116 φασι.
1649 4045 1716 4099 Τί
1732 4044 1788 4099 δὲ
1819 4041 1972 4099 εἶπεν

395 4140 425 4189 ὁ
454 4139 786 4211 Νικόδημος,
815 4134 861 4194 ὧ
888 4140 1207 4213 Φαρισαῖοι;
1242 4140 1335 4211 Μὴ
1362 4139 1473 4212 γὰρ
1502 4135 1678 4206 εἶπεν,
1712 4139 1794 4193 ὅτι
1832 4156 1971 4209 προ-

397 4233 576 4304 φήτης
598 4234 753 4288 ἐστὶν
789 4235 818 4287 ὁ
861 4232 1098 4305 Ἰησοῦς;
1130 4228 1300 4286 Εἶπεν
1346 4233 1427 4285 ὄτι
1481 4233 1706 4304 ἄκριτον
1756 4231 1974 4303 ἀναιρε-

392 4325 560 4397 θῆναι
584 4327 665 4399 ,οὐ
694 4328 824 4399 χρή.
864 4326 988 4390 Πῶς
1041 4321 1134 4381 οὖν
1169 4324 1266 4381 καὶ
1298 4325 1456 4397 ὑμεῖς
1486 4324 1714 4379 τοιαῦτα
1742 4323 1969 4382 εἰπόντι.

394 4416 567 4481 οὕτως
604 4417 1003 4489 ἀποκρίνεσθε;
1050 4419 1109 4473 '0
1128 4417 1185 4472 δὲ
1225 4416 1485 4489 Χριστὸς,
1516 4414 1705 4488 ἐπειδὴ
1735 4413 1849 4470 ἄνω
1877 4414 1973 4469 καὶ

395 4511 549 4564 κάτω
586 4510 686 4582 τὴν
721 4510 1014 4565 Γαλιλαίαν
1044 4509 1194 4580 αὐτῷ
1237 4507 1566 4580 προέφερον,
1598 4512 1693 4562 καὶ
1719 4509 1795 4571 ὼς
1842 4508 1973 4576 περὶ

393 4605 516 4667 ἑνὸς
543 4603 649 4657 τῶν
683 4604 981 4675 προφητῶν
1020 4602 1422 4675 ἡμφισϐήτουν,
1459 4601 1724 4656 δεικνύων
1764 4600 1967 4666 αὐτοῖς,

393 4696 599 4767 ὅτιούκ
640 4691 721 4760 εἷς
753 4698 872 4751 ἐστι
901 4697 1010 4751 τῶν
1036 4698 1351 4768 προφητῶν,
1390 4696 1576 4766 φησιν,
1628 4695 1711 4748 ὅτι
1766 4712 1786 4745 ι
1830 4692 1971 4761 Ἑγὼ

393 4789 510 4858 είμι
531 4789 592 4842 τὸ
622 4788 761 4858 φῶς,
790 4807 810 4841 ι
843 4789 902 4842 τδ
923 4789 1128 4860 κυρίως
1151 4788 1286 4859 φῶς,
1317 4788 1438 4859 οὐχὶ
1464 4786 1581 4856 φῶς
1607 4785 1967 4858 προφητικὸν,

395 4881 626 4951 μερικδν
654 4881 856 4954 δηλαδὴ
882 4883 976 4936 καὶ
1010 4882 1217 4953 μικρὰν
1248 4881 1347 4952 τὴν
1391 4879 1597 4951 λάμψιν
1630 4879 1776 4949 ἔχον,
1832 4877 1969 4933 ἀλλὰ

393 4969 454 5023 τὸ
480 4969 731 5039 ἀληθινὸν
747 4972 884 5042 φῶς,
912 4971 1033 5025 οὐδὲ
1058 4971 1347 5035 Γαλιλαίας
1371 4971 1404 5042 ἢ
1431 4969 1794 5041 Παλαιστίνης
1821 4970 1968 5042 ὅροις

394 5061 866 5132 περιοριζόμενον,
916 5062 1055 5117 ἀλλὰ
1101 5061 1197 5116 τοῦ
1228 5064 1451 5134 ,κόσμου
1509 5063 1626 5132 φῶς
1681 5064 1818 5134 εἰμι,
1872 5062 1968 5117 καὶ

396 5151 615 5205 πάντων
644 5152 948 5225 ἀνθρώπων
989 5154 1278 5225 δεσπότης,
1307 5158 1401 5208 καὶ
1432 5158 1562 5224 περὶ
1587 5155 1719 5223 ἐμοῦ
1770 5156 1800 5207 ὀ
1828 5170 1966 5225 προ-

394 5243 572 5314 φήτης
598 5246 788 5317 εἴρηκε
815 5248 898 5312 τὸ,
927 5265 947 5299 ι
985 5247 1112 5301 Ἰδοὺ
1133 5246 1354 5301 τέθεικά
1378 5263 1437 5299 σε
1462 5248 1541 5310 είς
1570 5245 1687 5314 φῶς
1715 5245 1905 5301 ἐθνῶν.
1938 5266 1958 5300 ι

392 5336 590 5410 Χρήσῃ
621 5339 677 5393 δὲ
705 5344 844 5395 κατὰ
870 5340 1164 5412 Νεστορίω
1184 5341 1280 5394 καὶ
1304 5339 1384 5410 τῷ
1424 5339 1651 5412 παρόντι
1683 5338 1854 5412 ῥητῷ.
1890 5339 1965 5393 Οὐ

389 5431 501 5502 γὰρ
525 5428 699 5498 εἶπεν,
751 5435 834 5488 ὅτι
875 5434 963 5488 Ἐν
990 5433 1114 5505 ἐμοὶ
1147 5432 1265 5486 ἔστι
1307 5434 1369 5485 τὸ
1423 5433 1537 5502 φῶς
1588 5431 1683 5485 τοῦ
1729 5433 1961 5503 κόσμου,

386 5524 504 5579 ἀλλ’
555 5543 576 5577 ‹
629 5524 774 5591 Ἑγὼ
801 5526 919 5596 εἰμι
948 5524 1011 5578 τὸ
1033 5526 1150 5596 φῶς
1179 5524 1274 5580 τοῦ
1305 5524 1535 5597 κόσμου.
1584 5524 1759 5588 Αὐτὸς
1785 5523 1895 5597 γὰρ
1930 5527 1961 5577 ό

463 5660 609 5717 'lsa.
669 5676 804 5730 tht,
833 5660 889 5717 6.

2076 4044 2527 4101 Pharisaei?Num
2548 4046 2687 4101 dixit
2726 4045 2871 4117 quod
2927 4047 3189 4118 propheta
3244 4058 3389 4105 esset
3436 4047 3652 4105 Iesus?

2077 4137 2219 4193 Dixit
2257 4140 2401 4208 quod
2458 4130 2810 4210 iniudicatum
2859 4141 3106 4197 occidere
3137 4157 3244 4197 non
3278 4143 3439 4198 liceat
3474 4159 3651 4213 :qun-

2077 4231 2236 4285 modo
2267 4230 2433 4302 igitur
2467 4247 2562 4287 vos
2584 4235 2631 4286 ei
2662 4234 2754 4303 qui
2796 4233 2923 4288 talia
2951 4233 3110 4299 dixit,
3138 4234 3218 4290 sic
3269 4235 3652 4305 respondetis?

2075 4321 2145 4376 At
2180 4322 2449 4390 Christus,
2483 4326 2607 4394 quia
2636 4327 2829 4381 crebro
2870 4325 3147 4382 Galilaeam
3191 4328 3240 4383 ei
3298 4327 3651 4395 obiectabant

2074 4423 2129 4470 et
2164 4414 2317 4484 quasi
2344 4416 2411 4471 de
2436 4431 2545 4471 uno
2565 4418 2952 4488 prophetarum
2975 4417 3247 4483 dubitant,
3264 4420 3555 4476 ostendens
3572 4421 3651 4475 eis

2074 4507 2214 4576 quod
2252 4521 2363 4563 non
2403 4508 2473 4564 sit
2523 4524 2661 4563 unus
2692 4525 2760 4565 ex
2788 4509 2893 4565 illis
2925 4510 3224 4582 prophetis,
3245 4512 3381 4567 dicit
3425 4529 3439 4566 :
3479 4531 3499 4565 c
3538 4511 3650 4582 Ego

2073 4612 2193 4654 sum
2235 4599 2326 4654 lux
2359 4618 2378 4651 ι
2416 4601 2635 4670 proprie
2653 4599 2765 4666 lux,
2791 4617 2897 4657 non
2923 4605 3236 4672 prophetica
3261 4616 3383 4672 quae
3405 4603 3647 4671 partien-

2074 4690 2242 4746 lnrem
2274 4700 2329 4745 et
2360 4706 2583 4761 parvum
2617 4690 2956 4762 splendorem
2978 4693 3158 4760 habet,
3189 4693 3284 4749 sed
3317 4708 3478 4749 verax
3532 4693 3648 4757 lux,

2073 4799 2192 4853 quae
2217 4798 2320 4838 non
2358 4782 2591 4840 Galilaea:
2630 4785 2714 4839 vel
2760 4784 3057 4841 Palaestinae
3113 4786 3356 4844 terminis
3412 4786 3649 4841 circnm-

2070 4877 2346 4946 scribitur,
2367 4878 2461 4934 sed
2486 4878 2670 4934 mundi
2701 4880 2787 4934 lux
2821 4894 2963 4947 sum,
2993 4888 3050 4935 et
3078 4879 3334 4935 omnium
3372 4879 3647 4934 hominum

2073 4969 2352 5037 Dominus,
2384 4970 2527 5025 etde
2550 4984 2635 5025 me
2675 4971 2937 5041 propheta
2969 4969 3143 5026 dixit:
3176 4989 3195 5022 ι
3237 4970 3377 5026 Ecce
3402 4970 3560 5041 posui
3596 4977 3649 5024 te

2072 5058 2128 5114 in
2155 5059 2328 5117 lucem
2361 5062 2645 5134 gentium‘.
2681 5079 2701 5114 ι
2732 5059 2910 5118 Utaris
2941 5070 3120 5117 autem
3161 5071 3214 5117 et
3243 5072 3429 5118 contra
3454 5060 3648 5117 Nesto-

2070 5153 2208 5210 rium
2230 5155 2393 5211 etiam
2411 5159 2660 5226 praesenti
2695 5155 2866 5223 dicto;
2889 5169 2997 5210 non
3028 5156 3173 5210 enim
3201 5153 3361 5218 dixit,
3381 5156 3440 5207 ln
3461 5170 3546 5208 tne
3568 5160 3654 5209 est

2067 5248 2161 5302 lux
2193 5246 2400 5315 mundi,
2443 5246 2560 5316 sed,
2598 5267 2618 5300 ι
2652 5245 2764 5317 Ego
2786 5262 2905 5303 sum
2934 5247 3026 5303 lux
3059 5249 3263 5302 mundi.
3299 5264 3319 5299 ι
3365 5246 3486 5317 Ipse
3507 5247 3652 5303 enim

2075 5339 2170 5408 qui
2205 5338 2495 5408 apparebat
2523 5339 2705 5403 homo,
2738 5346 2855 5394 erat
2887 5337 3005 5406 ipse
3033 5345 3087 5392 et
3110 5335 3281 5392 Filius
3308 5336 3401 5392 Dei
3433 5351 3498 5393 ac
3562 5336 3654 5393 lux

2076 5430 2260 5485 mundi
2295 5449 2309 5484 :
2345 5445 2450 5485 non
2479 5431 2620 5486 sicut
2642 5428 2923 5486 Nestorius
2952 5429 3166 5495 delirat,
3201 5430 3349 5501 quod
3403 5432 3456 5487 in
3514 5447 3654 5503 puro

2071 5522 2293 5578 homine
2321 5522 2531 5578 habitet
2556 5520 2727 5578 Filius
2752 5522 2847 5578 Dei
2876 5539 2891 5577 :
2927 5521 3105 5577 absit!
3132 5521 3285 5580 Unus
3308 5525 3476 5593 enim,
3511 5525 3656 5583 sicut

460 5779 541 5847 ια)
575 5777 849 5832 Omissum
875 5786 958 5834 est
980 5777 1069 5833 hic
1097 5775 1458 5849 fragmentum
1504 5791 1629 5849 non
1654 5777 1957 5849 parvulum
1990 5775 2056 5833 de
2092 5775 2323 5834 muliere
2384 5776 2474 5832 illa
2516 5776 2573 5832 in
2598 5776 2868 5835 adulterio
2920 5776 3275 5849 deprehensa.
3349 5779 3480 5837 Vide
3532 5778 3659 5835 Dis-

381 5851 743 5906 sertationem
774 5851 1023 5917 praevium
1055 5847 1205 5903 num;
1261 5849 1389 5910 100,
1430 5847 1537 5906 col.
1573 5847 1699 5902 I‘ZI.

686 5939 957 6007 ΡΑτιιοι..
991 5939 1109 6001 (in.
1157 5938 1441 6002 CXXIV.

3222 5942 3252 6001 1
