4060 6592
362 441 431 508 13
1029 442 1469 504 ENARRATIO
1498 444 1580 505 IN
1611 441 2110 505 EVANGELIUM
2130 440 2452 501 JOANNIS
2506 465 2568 476 -
2594 441 2754 505 CAP.
2789 443 2955 506 VIII.
3560 432 3623 502 14

356 576 468 612 των
493 555 706 628 κριτὴς,
737 555 900 611 ἄκουε
929 555 1022 609 τοῦ
1061 556 1324 627 ἀψευδοῦς
1359 558 1647 629 στόματος,
1687 559 1770 613 ὅτι
1797 574 1818 609 ι
1872 556 1933 611 ὐ

2049 563 2216 609 autem
2272 554 2387 625 ipse
2414 555 2486 610 sit
2518 556 2963 625 omniumjndex,
2994 555 3118 612 attdi
3145 568 3206 612 os
3231 557 3373 627 quod
3404 556 3625 611 mentiri

360 651 550 723 Πατὴρ
599 651 700 721 τὴν
751 649 934 722 κρίσιν
984 651 1168 704 πᾶσαν
1219 651 1420 706 δέδωκε
1469 652 1546 722 τῷ
1602 650 1739 721 Υίῷ.
1771 652 1938 704 Ὥστε

359 744 485 796 ὅταν
508 743 736 812 ἀκούῃς,
767 742 849 796 ὅτι
897 761 917 795 ι
965 740 1108 812 Ἐγὼ
1145 742 1320 812 κρίνω
1365 742 1579 809 οὐδένα,
1617 762 1637 795 ι
1681 744 1753 814 μὴ
1813 744 1943 813 περὶ

359 836 461 905 τῆς
487 834 789 905 μελλούσης
832 834 1159 905 παρουσίας,
1193 834 1331 889 ἀλλὰ
1362 836 1459 906 τῆς
1494 835 1785 906 προτέρας,
1830 835 1941 886 νόει

360 923 616 992 λέγεσθαι
639 924 820 978 τοῦτο.
873 923 1056 978 Εἰπὼν
1107 924 1187 989 δὲ,
1246 924 1328 978 ὅτι
1380 943 1400 976 ι
1456 925 1569 978 Οὐκ
1608 923 1726 993 εἰμὶ
1757 923 1938 994 μόνος,

361 1015 614 1069 ἀλλὰκαὶ
642 1015 673 1068 6
720 1014 910 1085 Πατήρ
955 1031 1056 1084 μου
1096 1014 1219 1086 μετ’
1269 1014 1405 1085 ἐμοῦ
1435 1016 1611 1080 ἐστιν,
1650 1033 1671 1067 ι
1718 1014 1939 1079 ἔδειξεν,

363 1106 584 1159 ὅτιούκ
611 1105 725 1173 ἐγὼ
768 1106 928 1177 μόνος
973 1105 1323 1170 καταδικάζω
1384 1107 1550 1177 ὑμᾶς,
1583 1106 1719 1160 ἀλλὰ
1766 1107 1861 1159 καὶ
1912 1108 1941 1158 ὁ

363 1195 572 1265 Πατήρ.
614 1196 688 1248 Ού
726 1196 835 1267 γὰρ
879 1194 1053 1258 ἄλλως
1096 1196 1193 1266 μὲν
1224 1197 1334 1266 ἐγὼ
1379 1197 1569 1267 κρίνω,
1602 1195 1774 1259 ἄλλως
1824 1195 1880 1248 δὲ
1912 1198 1941 1250 ὁ

360 1274 552 1357 Πατήρ
580 1302 595 1316 ι
631 1286 746 1339 ἀλλ’
773 1287 962 1357 ὥσπερ
994 1289 1060 1342 ἂν
1090 1288 1226 1356 ἐγὼ,
1246 1289 1389 1342 οὕτω
1422 1286 1675 1352 κάκεῖνος
1696 1304 1710 1318 ⁸
1738 1288 1831 1342 καὶ
1865 1287 1940 1351 ὡς

362 1378 586 1443 ἐκεῖνος,
613 1378 758 1432 οὕτω
793 1379 968 1448 κάγώ.

439 1489 460 1522 r
490 1473 596 1524 Kal
618 1471 676 1523 ὲν
710 1471 789 1542 τῷ
814 1473 964 1544 νόμῳ
999 1472 1052 1525 δὲ
1077 1472 1155 1543 τῷ
1189 1473 1438 1544 ὑμετέρῳ
1467 1474 1800 1544 γέγραπται,
1854 1474 1937 1529 ὅτι

361 1562 456 1616 δύο
478 1562 780 1634 ἀνθρώπων
808 1565 839 1634 ἡ
892 1565 1174 1636 μαρτυρία
1197 1564 1405 1637 ἀληθής
1438 1566 1607 1622 ἐστιν.
1648 1565 1790 1634 Ἐγὼ
1823 1567 1938 1635 εἰμι

361 1657 390 1709 ὁ
427 1655 723 1726 μαρτυρῶν
757 1657 887 1725 περὶ
916 1659 1180 1725 ἐμαυτοῦ,
1225 1660 1321 1711 καὶ
1350 1658 1619 1728 μαρτυρεῖ
1647 1658 1774 1727 περὶ
1803 1655 1936 1727 ἐμοῦ

362 1749 391 1800 ὁ
420 1747 645 1817 πέμψας
677 1764 745 1817 με
765 1749 974 1819 Πατήρ.
1004 1767 1023 1801 ι
1048 1749 1370 1803 Είπὰτωσαν
1399 1750 1633 1804 ἐνταῦθα
1670 1750 1938 1820 Ἀρειανοί

361 1851 424 1888 τε
453 1838 547 1889 καὶ
578 1836 918 1906 Εὐνομιανοὶ,
941 1839 988 1889 oi
1018 1836 1265 1906 λέγοντες
1287 1840 1360 1909 μὴ
1387 1840 1671 1908 ομοούσιον
1699 1837 1838 1895 εἶναι
1857 1839 1937 1912 τῷ

2052 646 2247 714 nescit,
2285 663 2307 699 ι
2346 645 2511 703 Pater
2543 647 2707 719 617
2734 650 2995 729 judicium
3020 663 3178 705 omne
3198 649 3343 703 dedit
3368 647 3504 703 Filio
3521 646 3565 701 ⁸.
3599 667 3619 700 ι
3724 721 3728 724 ι

2049 740 2224 806 Atque
2252 740 2324 793 ita
2352 741 2568 809 quando
2585 743 2762 804 audis,
2786 742 2928 809 quod
2950 759 2967 791 ι
2988 740 3103 812 Ego
3134 740 3339 795 nullum
3364 739 3573 808 judico,
3599 756 3619 791 ι

2055 847 2160 885 non
2202 833 2267 886 de
2322 831 2505 888 futuro
2559 832 2818 897 adventu,
2866 834 2959 886 sed
2986 833 3050 887 de
3109 832 3358 901 praesenti
3420 833 3623 888 dictum

2046 923 2310 994 intellige.
2339 920 2806 989 Dicendo'autem,
2835 942 2854 977 ι
2888 923 3002 979 Non
3037 940 3153 979 sum
3200 924 3367 989 solus,
3423 925 3517 978 sed
3568 933 3626 978 et

2044 1013 2202 1092 Pater
2232 1029 2384 1069 meus
2423 1020 2634 1069 mecum
2656 1023 2760 1080 est,
2800 1033 2819 1066 ι
2851 1016 3088 1070 ostendit
3110 1018 3253 1085 quod
3275 1014 3391 1071 Non
3409 1030 3506 1085 ego
3536 1030 3625 1069 so-

2042 1105 2123 1162 lus
2147 1106 2449 1162 condemno
2498 1123 2631 1174 vos;
2667 1107 2761 1161 sed
2793 1118 2847 1162 et
2883 1106 3064 1161 Pater.
3102 1107 3215 1161 Non
3267 1107 3410 1162 enim
3462 1106 3625 1163 aliter

2042 1198 2257 1266 quidem
2281 1211 2380 1268 ego
2403 1196 2606 1266 judico,
2642 1199 2799 1252 aliter
2822 1214 2949 1253 vero
2976 1198 3141 1254 Pater
3170 1216 3185 1265 ;
3213 1199 3306 1255 sed
3338 1200 3477 1256 sicut
3498 1212 3620 1270 ego,

2042 1290 2115 1344 ita
2142 1291 2303 1345 etille
2331 1307 2347 1356 ;
2380 1304 2435 1346 et
2461 1291 2599 1346 sicut
2632 1292 2741 1357 ille,
2771 1301 2821 1346 et
2840 1306 2966 1361 ego.

2110 1469 2276 1528 Vens.
2302 1472 2503 1538 17,18.
2538 1491 2559 1525 ι
2601 1474 2740 1541 Quin
2772 1484 2825 1530 et
2860 1476 2913 1529 in
2957 1476 3074 1546 lege
3125 1486 3300 1531 vestra
3359 1476 3619 1545 scriptum

2039 1577 2143 1634 est,
2169 1567 2311 1636 quod
2369 1567 2604 1622 duorum
2658 1568 2937 1623 hominum
3015 1568 3381 1625 testimOnium
3431 1584 3619 1625 verum

2040 1668 2142 1713 est.
2172 1657 2285 1727 Ego
2318 1672 2437 1713 sum
2462 1659 2553 1727 qui
2605 1659 2975 1714 testiinonium
3005 1658 3121 1714 fero
3179 1659 3246 1715 de
3293 1659 3521 1728 meipso,
3567 1667 3625 1713 et

2041 1748 2406 1805 testimonium
2456 1747 2564 1803 fert
2624 1750 2691 1803 de
2746 1764 2834 1804 me
2881 1750 2973 1819 qui
3030 1749 3178 1804 misit
3231 1763 3316 1805 me
3366 1749 3549 1805 Pater.
3585 1767 3605 1800 ι

2037 1839 2229 1895 Dicant
2258 1843 2360 1896 hoc
2386 1841 2505 1896 loco
2533 1840 2721 1896 Ariani
2758 1851 2811 1895 et
2848 1842 3191 1907 Eunotniani,
3232 1843 3476 1897 dicentes
3501 1857 3608 1896 non

363 1929 544 1996 Πατρὶ
562 1928 655 1981 τὸν
689 1929 839 1982 Υίον·
863 1931 921 2001 εί
963 1929 1042 2001 μὴ
1078 1932 1360 2000 ὀμοούσιος
1392 1928 1485 1998 ἦν,
1545 1932 1660 1995 πῶς
1692 1933 1756 1985 ἂν
1786 1933 1936 1986 ὲτόλ·

2049 1947 2166 1986 esse
2195 1931 2707 1988 consubstantialem
2737 1931 2881 1987 Patri
2927 1931 3124 1986 Filium
3158 1933 3240 1987 :si
3266 1948 3374 1988 non
3424 1933 3626 1989 fuisset

366 2037 540 2091 μησεν
564 2022 757 2088 εἰπεῖν,
791 2022 872 2075 ὄτι
909 2022 1021 2092 Τῆς
1064 2022 1234 2093 αὐτῆς
1259 2022 1545 2086 αύθεντίας
1574 2024 1671 2078 καὶ
1726 2024 1940 2089 ἀξιοπιο

363 2113 520 2177 στίας
576 2112 693 2183 εἰμὶ
727 2112 807 2184 τῷ
850 2114 1055 2185 Πατρὶς
1109 2114 1320 2186 Ὥσπερ
1370 2116 1478 2184 γὰρ
1510 2115 1604 2169 δύο
1643 2115 1945 2187 ἀνθρώπων

363 2205 492 2274 περί
512 2222 657 2268 τινος
691 2206 1135 2277 μαρτυρούντων,
1194 2209 1287 2260 καὶ
1339 2207 1574 2277 ἀληθοῦς
1624 2206 1794 2278 οὔσης
1846 2210 1946 2277 τῆς

368 2297 677 2368 μαρτυρίας
711 2298 911 2362 αὐτῶν,
950 2299 1216 2368 πρόδηλον
1254 2299 1336 2352 ὅτι
1367 2300 1458 2351 καὶ
1496 2302 1529 2370 ή
1568 2300 1879 2363 ἀξιοπιστία
1912 2300 1945 2369 ἠ

365 2388 503 2458 αὐτή
525 2406 540 2421 ’
577 2387 722 2443 οῦτω
749 2389 1047 2457 κάνταῦθα,
1079 2388 1235 2443 οὐδὲν
1262 2389 1485 2444 ἔλαττον
1515 2391 1774 2460 ἐμφαίνει
1802 2390 1947 2460 ἔχειν

365 2481 464 2551 τὴν
480 2481 675 2537 ἑαυτοῦ
701 2481 839 2551 πρὸς
873 2483 974 2554 τὴν
995 2483 1087 2536 τοῦ
1131 2483 1347 2553 [ἰατρὸς
1381 2484 1711 2554 μαρτυρίαν.
1748 2485 1947 2538 ’Ἄκουε

365 2573 477 2643 γὰρ
502 2572 838 2635 αύθεντικῶς
879 2573 1173 2645 λεγόμενον
1223 2575 1284 2627 τὸ
1319 2574 1552 2644 ἐφεξῆς·
1589 2591 1608 2625 ι
1655 2573 1799 2643 Ἐγώ
1833 2577 1947 2645 εἰμι

368 2667 397 2717 ὁ
433 2665 728 2736 μαρτυρῶν
766 2666 897 2736 περὶ
928 2666 1190 2737 ἐμαυτοῦ,
1223 2669 1317 2720 καὶ
1348 2670 1621 2738 μαρτυρεῖ
1644 2668 1772 2738 περὶ
1799 2668 1936 2739 ἐμοῦ

370 2759 469 2811 καὶ
491 2761 520 2811 ὁ
551 2760 766 2829 Πατήρ.
799 2777 818 2810 ι
862 2759 1027 2830 Ὁρᾷς
1048 2760 1146 2830 τὴν
1179 2760 1302 2830 ἴσην
1326 2760 1637 2823 αύοεντίαν,
1671 2761 1764 2814 καὶ
1800 2761 1948 2825 ὅπως

371 2850 564 2905 ἑαυτὸν
585 2850 901 2916 ἀξιόπιστον
923 2854 1180 2918 ποιεῖται,
1230 2850 1424 2924 ὥσπερ
1453 2852 1547 2905 καὶ
1575 2852 1666 2904 τὸν
1696 2853 1944 2924 Πατέρας

372 2943 553 3012 Ὅπερ
582 2944 682 2996 οὐκ
711 2942 777 2996 ἂν
806 2943 1107 3015 ἐτόλμησεν
1147 2946 1342 3010 εἰπεῖν,
1383 2946 1437 2997 εἴ
1460 2961 1523 3012 γε
1554 2944 1944 3014 ὑποδεέστερος

368 3028 438 3105 ἦν
467 3033 564 3087 τοῦ
587 3034 797 3106 Πατρὺς
840 3034 983 3088 κατὰ
1008 3036 1108 3103 τὴν
1138 3035 1318 3102 ἀξίαν.
1350 3035 1447 3090 καὶ
1484 3037 1586 3089 ούκ
1621 3035 1735 3100 ἴσος
1798 3036 1950 3107 αὐτῷ

376 3128 473 3180 καὶ
499 3126 805 3195 ὁμοούσιος.
849 3128 913 3181 El
958 3126 1069 3199 γὰρ
1107 3127 1370 3197 ἠϐούλετο
1423 3128 1615 3198 ῦφεσίν
1673 3145 1798 3185 τινα
1854 3131 1949 3183 κα)⁸

373 3217 672 3272 ἐλάττωσιν
700 3218 1056 3284 ἐνδείξασθαι.
1088 3220 1189 3273 οὐκ
1221 3219 1289 3273 ἂν
1330 3220 1523 3273 ἑαυτὸν
1569 3220 1944 3292 συνηρίομησε
1971 3254 2016 3312 c

370 3312 450 3382 τῷ
470 3311 668 3383 Πατρὶ,
701 3312 795 3366 καὶ
809 3310 908 3382 τὴν
929 3310 1139 3366 οἰκείαν
1173 3310 1481 3382 μαρτυρίαν
1510 3313 1576 3383 τῇ
1610 3310 1704 3364 τοῦ
1733 3313 1944 3384 Πατρὸς

375 3407 782 3474 συγκατεταττε
806 3420 823 3435 ’
860 3403 1001 3475 ἀλλὰ
1030 3403 1213 3466 δοῦλος
1245 3402 1343 3467 ὢν,
1375 3403 1557 3467 καθὼς
1586 3406 1635 3457 οἱ
1682 3405 1952 3475 αἰρετικοὶ

376 3496 758 3566 δυσσεϐοῦσιν,
782 3499 864 3560 εἰς
911 3497 1008 3550 ἕνα
1039 3496 1147 3549 τῶν
1184 3496 1485 3550 συνδούλων
1518 3496 1829 3566 ἀπέϐλεψεν
1859 3497 1946 3563 ἂν,

372 3588 626 3641 κάκεῖνον
659 3587 1030 3659 συμμάρτυρα
1069 3586 1386 3657 ἐποιήσατο,
1418 3582 1529 3641 οἷον
1562 3589 1655 3641 τὸν
1694 3588 1948 3660 Ἰωάννην

369 3675 538 3745 λέγω,
576 3677 613 3750 ἢ
643 3678 770 3741 τοὺς
808 3679 1092 3748 προφήτας
1114 3694 1129 3709 ·
1166 3678 1199 3748 ἢ
1236 3678 1448 3744 ἁπλῶς,
1476 3679 1530 3732 ετ
1573 3695 1640 3748 γε
1696 3680 1950 3745 τοιαύτας

372 3767 537 3838 ἧθελε
573 3769 902 3840 μαρτυρίας,
929 3770 1125 3840 μυρίας
1159 3769 1225 3823 ἂν
1259 3761 1405 3841 εὗρε.
1430 3769 1545 3824 Νῦν
1566 3770 1624 3824 δὲ
1647 3770 1743 3842 τὴν
1759 3774 1953 3842 ὁμοουιο

373 3859 603 3930 σιότητα
625 3858 796 3911 Θέλων
816 3858 1014 3924 δεῖξαι,
1041 3860 1108 3931 ἠν
1136 3858 1251 3931 ἔχει
1298 3861 1436 3932 πρὸς
1463 3861 1553 3913 τὸν
1595 3861 1838 3933 Πατέρα,
1874 3862 1952 3933 τῷ

371 3949 554 4020 Πατρὶ
587 3948 912 4019 συναριθμεί
942 3951 1155 4006 ἑαυτὸν.
1187 3953 1280 4022 Μὴ
1309 3952 1598 4023 θαυμάσῃς
1625 3952 1703 4017 δὲ,
1743 3956 1792 4007 εἰ
1846 3953 1951 4009 ὰλο

373 4037 539 4109 λαχοῦ
562 4039 658 4093 καὶ
701 4039 977 4110 Ἰωάννην,
1014 4044 1109 4094 καὶ
1135 4041 1365 4112 Μωσῆν,
1394 4043 1492 4097 καὶ
1515 4043 1640 4108 τοὺς
1664 4045 1952 4116 προφήτας

374 4130 619 4202 παράγει
649 4132 779 4202 περὶ
812 4130 988 4185 ἀὑτοῦ
1024 4133 1437 4205 μαρτυροῦντας
1464 4148 1482 4166 ⁸
1504 4133 1647 4206 Πρὸς
1684 4136 1793 4206 γὰρ
1853 4136 1951 4208 τὴν

374 4222 488 4275 τῶν
527 4222 815 4294 ἀκροατῶν
863 4223 1132 4295 ὑπόληψιν
1194 4225 1353 4279 τοῦτο
1394 4231 1572 4281 ποιεῖ·
1612 4227 1709 4282 καὶ
1759 4229 1952 4301 ἐπειδὴ

375 4315 579 4369 ἐκεῖνοι
597 4316 689 4369 τὸν
729 4314 982 4386 Ἰωάννην
1015 4319 1107 4370 καὶ
1137 4318 1230 4370 τὸν
1282 4318 1486 4388 Μωσῆν
1516 4318 1685 4372 αὑτοῦ
1728 4321 1949 4390 προετί-

373 4407 562 4471 θεσαν,
592 4407 783 4462 τούτου
813 4408 999 4464 ἕνεκεν
1022 4411 1146 4473 τοὺς
1171 4409 1565 4481 νομιζομένους
1602 4412 1734 4482 παρ’
1761 4412 1948 4476 αὐτοῖς

375 4498 625 4565 ἐνδόξους
651 4501 745 4560 καὶ
770 4500 1043 4570 μεγάλους
1097 4504 1176 4566 εἰς
1221 4503 1529 4574 μαρτυρίαν
1561 4504 1730 4559 ἕλκει.
1785 4505 1948 4560 Ὥστε

2046 2022 2286 2091 ejusdem
2333 2023 2668 2088 substantiae,
2699 2024 2970 2092 quomodo
3004 2037 3169 2078 ausus
3197 2023 3388 2079 fuisset
3417 2024 3624 2090 dicere,

2046 2113 2300 2181 Ejusdem
2346 2114 2684 2168 auctoritatis
2715 2129 2833 2168 sum
2875 2129 2996 2169 cum
3027 2112 3211 2179 Patre,
3272 2123 3327 2171 et
3372 2115 3628 2172 similiter

2048 2209 2243 2277 dignus
2290 2207 2374 2259 cui
2437 2207 2569 2262 fides
2638 2205 3115 2261 habeatur‘lNam
3172 2208 3624 2277 quemadmodum

2049 2313 2169 2352 cum
2201 2299 2308 2352 duo
2335 2298 2583 2354 homines
2608 2299 2675 2352 de
2706 2301 2898 2352 eadem
2936 2307 3316 2362 re‘testantur,
3357 2311 3412 2354 et
3437 2315 3624 2355 rerum

2048 2397 2133 2442 est
2208 2387 2423 2442 illorum
2478 2388 2866 2453 testimonium,
2937 2387 3289 2455 manifestth
3343 2400 3427 2444 est
3483 2388 3627 2459 quod

2052 2480 2337 2548 utriusque
2378 2482 2565 2535 eadem
2597 2491 2679 2535 est
2734 2481 2998 2536 idoneitas
3036 2482 3087 2535 iu
3146 2484 3392 2537 testando
3428 2500 3442 2539 :
3472 2485 3543 2538 ita
3571 2496 3629 2538 et

2052 2574 2156 2627 hoc
2191 2573 2309 2627 loco
2337 2572 2469 2626 nihil
2501 2572 2681 2628 minus
2706 2573 2906 2628 habere
2929 2574 3169 2629 declarat
3197 2591 3352 2630 suum
3386 2578 3627 2632 testimo-

2048 2665 2199 2719 nium
2225 2663 2407 2719 Patris
2440 2664 2769 2719 testimonio.
2798 2664 2934 2719 Audi
2957 2665 3099 2720 enim
3123 2668 3266 2736 quod
3287 2681 3627 2737 consequen-

2052 2763 2135 2812 te‘r
2175 2773 2365 2826 magna
2402 2757 2732 2811 auctoritate
2762 2757 2982 2821 dicitur,
3010 2776 3027 2810 ι
3064 2758 3176 2828 Ego
3205 2774 3324 2813 sum
3350 2759 3442 2828 qui
3477 2760 3630 2816 testi-

2052 2848 2291 2903 monium
2322 2848 2437 2902 fero
2476 2848 2541 2902 de
2567 2846 2799 2916 meipso,
2833 2856 2890 2903 et.
2918 2849 3282 2904 testimonium
3309 2849 3415 2906 fert
3437 2851 3503 2906 de
3542 2867 3631 2907 me

2050 2939 2230 2996 Pater.
2273 2960 2292 2992 ι
2316 2940 2478 2996 Vides
2506 2944 2883 2997 auctoritatem
2913 2942 2991 3011 (α)
3045 2956 3250 3012 parem,
3275 2951 3329 2998 et
3359 2948 3630 3013 quomodo

2051 3051 2108 3088 se
2121 3050 2273 3103 aeque
2296 3036 2362 3089 ad
2383 3035 2747 3089 testimonium
2775 3032 2905 3089 facit
2928 3035 3176 3090 idoneum
3198 3043 3358 3106 atque
3374 3036 3627 3093 Patrem?

2051 3121 2109 3178 ld
2141 3124 2283 3194 quod
2325 3140 2431 3179 non
2471 3139 2634 3180 ausus
2653 3123 2846 3181 fuisset
2877 3126 3076 3191 dicere,
3144 3128 3409 3198 siquidem
3447 3129 3629 3198 digni-

2056 3226 2166 3271 tate
2192 3215 2353 3270 Patre
2386 3214 2580 3271 fuisset
2625 3215 2870 3279 inferior,
2898 3226 2953 3270 et
3005 3232 3111 3272 non
3149 3220 3375 3289 aequalis
3442 3219 3515 3276 illi
3562 3237 3628 3277 ne

2053 3310 2545 3367 consubstantialis.
2584 3310 2724 3364 Nam
2773 3311 2818 3366 si
2854 3311 3111 3368 voluiSset
3149 3314 3535 3384 subjectionem
3568 3327 3630 3373 et.

2051 3402 2481 3459 imminutionem
2512 3405 2799 3472 quamdam
2825 3406 3135 3469 ostendere,
3164 3421 3268 3463 non
3313 3422 3434 3461 sese
3476 3408 3624 3462 Patri

2050 3506 2512 3560 connumerasset,
2554 3510 2653 3549 nec
2707 3512 2867 3553 suum
2924 3512 3045 3552 cum
3106 3496 3283 3554 Patris
3320 3499 3628 3554 teslitnonio

2051 3587 2305 3651 locasset,
2350 3590 2446 3643 sed
2503 3604 2693 3644 servus
2725 3604 2846 3644 cum
2887 3599 3033 3646 esset
3093 3592 3190 3660 (uti
3249 3593 3628 3660 blasphemant

2054 3677 2313 3749 haeretici)
2346 3678 2398 3732 in
2448 3695 2616 3732 unum
2651 3694 3037 3736 conservorum
3070 3683 3422 3750 respexisset,
3474 3694 3528 3739 et
3561 3685 3627 3739 il-

2052 3766 2160 3820 lum
2197 3769 2495 3822 contestari
2536 3766 2774 3832 fecisset,
2843 3778 2900 3823 ut
2928 3766 3191 3826 Joannem
3230 3771 3352 3826 dico
3384 3772 3465 3827 vel
3501 3790 3626 3840 pro—

2053 3857 2244 3927 phetas
2290 3875 2305 3912 :
2361 3868 2415 3912 et
2458 3859 2518 3915 in
2551 3875 2784 3927 summa,
2845 3860 2892 3916 si
2928 3862 3142 3930 quidem
3188 3862 3311 3917 talia
3373 3866 3628 3921 Valuisset

2054 3950 2385 4016 testimonia,
2418 3951 2701 4007 innumera
2726 3953 3016 4009 invenisset
3038 3972 3054 4007 :
3075 3969 3218 4010 nunc
3240 3965 3416 4010 autem
3434 3959 3625 4017 volens

2051 4055 2112 4096 se
2136 4041 2284 4097 Patri
2311 4042 2795 4099 consubtantialem
2823 4044 3130 4109 ostendere,
3161 4062 3220 4101 se
3247 4044 3391 4101 Patri
3414 4063 3623 4103 connu-

2055 4140 2253 4185 rnerat.
2283 4128 2363 4186 Ne
2401 4130 2616 4186 mireris
2638 4143 2818 4187 autem
2853 4134 2895 4187 si
2931 4133 3036 4188 alio
3058 4134 3174 4189 loco
3207 4145 3261 4190 et
3281 4136 3541 4194 Joannem
3570 4153 3627 4196 et

2051 4221 2237 4277 Mosen
2264 4231 2317 4275 et
2346 4222 2636 4291 prophetas
2669 4225 2887 4277 adducit
2910 4223 2979 4277 de
3019 4240 3079 4279 se
3130 4236 3392 4284 testantes
3418 4231 3460 4284 δ.
3517 4231 3628 4289 Ilnc

2054 4314 2196 4367 enim
2234 4312 2359 4368 facit
2400 4313 2468 4368 ad
2507 4316 2811 4369 auditorum
2869 4306 3218 4376 sententiam.
3268 4320 3333 4376 Et
3368 4324 3622 4392 quoniam

2052 4404 2128 4460 illi
2179 4403 2441 4461 Joannem
2482 4416 2538 4460 et
2588 4405 2773 4461 Mosen
2825 4406 3041 4463 Christo
3074 4413 3474 4480 pt'wponebant,
3511 4416 3628 4485 ejus

2052 4495 2222 4567 gratia
2250 4509 2346 4551 eos
2379 4495 2468 4565 qui
2492 4497 2634 4565 apud
2665 4497 2788 4550 illos
2815 4500 2991 4567 magni
3022 4508 3078 4552 et
3113 4501 3321 4557 nobiles
3343 4505 3625 4560 existima-

376 4591 502 4645 ἐπεὶ
526 4592 616 4646 καὶ
647 4593 775 4663 περὶ
812 4592 906 4647 τοῦ
958 4592 1095 4647 Θεοῦ
1152 4596 1246 4646 καὶ
1278 4594 1489 4664 Πατρὸς
1532 4593 1774 4663 μεγάλην
1813 4595 1946 4648 ὑπό-

2054 4589 2272 4653 bantur,
2306 4587 2359 4641 in
2395 4586 2767 4642 testimonium
2800 4588 2969 4642 trahit
3004 4604 3019 4642 z
3051 4601 3105 4644 et
3141 4591 3211 4644 ita
3246 4594 3370 4661 quia
3403 4598 3469 4649 de
3514 4595 3624 4654 lico

374 4682 540 4754 ληψιν
569 4679 713 4753 εἶχον
742 4684 868 4755 (καὶ
889 4686 941 4741 τί
970 4685 1077 4757 γὰρ
1103 4684 1252 4749 ἄλλο,
1290 4685 1323 4756 ἢ
1352 4685 1427 4746 ὡς
1455 4685 1590 4739 Θεὸν
1614 4686 1948 4757 sagacem),

378 4772 619 4851 παρργει
650 4772 743 4826 νῦν
773 4774 867 4826 καὶ
895 4773 1056 4828 αὐτὸν
1081 4776 1288 4828 ἐκεῖνον
1308 4774 1399 4828 τὸν
1428 4775 1521 4827 ἐπὶ
1549 4774 1766 4829 πάντων
1790 4775 1944 4841 Θεὸν,

383 4866 664 4936 μάρτυρα.
710 4865 864 4920 Ἐπεὶ
900 4866 959 4919 δὲ
1004 4867 1097 4920 καὶ
1126 4866 1315 4920 ἑαυτὸν
1343 4864 1422 4936 τῷ
1453 4865 1679 4937 τοιούτῳ
1709 4868 1947 4940 μάρτυρι

376 4957 458 5027 τῷ
482 4958 906 5031 ἁπαραγράπτῳ
928 4959 1022 5012 καὶ
1054 4957 1439 5029 ἀψευδεστάτῳ
1464 4959 1774 5023 συντάττει,
1808 4975 1945 5029 προ-

378 5047 669 5118 δηλότατον
697 5050 828 5120 ἄρα,
857 5050 940 5104 ὅτι
970 5051 1071 5120 τῆς
1125 5049 1296 5120 αὐτῆς
1344 5049 1422 5119 τῷ
1455 5048 1630 5121 Πατρὶ
1656 5048 1945 5113 αὐθεντίας

379 5141 477 5195 καὶ
533 5137 781 5203 leucoia;
826 5140 965 5194 ἐστί.
1018 5139 1129 5192 Καὶ
1180 5139 1622 5208 αἱσχυνέσθωσαν
1672 5141 1721 5191 oi
1754 5138 1941 5195 δοῦλον

381 5229 546 5284 αὐτὸν
583 5232 677 5285 καὶ
732 5230 941 5285 ἐλάττω
999 5230 1143 5285 κατὰ
1203 5231 1382 5285 πάντα
1435 5230 1531 5285 τοῦ
1588 5233 1799 5303 [ἰατρὸς
1855 5231 1947 5287 λέ-

380 5337 591 5388 γοντες.

460 5431 480 5463 ι
530 5412 755 5481 Ἔλεγον
779 5408 874 5468 οὖν
924 5413 1075 5484 αὐτῷ
1110 5430 1123 5443 ·
1154 5412 1265 5467 Ποῦ
1305 5415 1451 5468 ἐστιν
1510 5415 1539 5467 ὁ
1583 5416 1765 5487 πατήρ
1823 5432 1954 5485 eoo;

393 5505 694 5576 ‘Azexpiii'q
751 5506 780 5559 ὁ
825 5504 1066 5576 Ἰησοῦς·
1120 5501 1259 5557 Οὔτε
1302 5505 1403 5575 ἐμὲ
1435 5505 1633 5570 οῐδατε,
1682 5505 1808 5560 οὔτε
1860 5507 1953 5560 τὸν

380 5596 603 5668 Πατέρα
638 5613 761 5669 μου.
813 5599 879 5652 Εἰ
930 5596 1031 5669 ἐμὲ
1063 5595 1263 5669 ⁴ἤδειτε,
1298 5596 1392 5651 καὶ
1439 5596 1533 5653 τον
1582 5598 1801 5671 Πατέρα
1849 5616 1951 5670 μου

452 5760 480 5796 ³
514 5757 671 5816 Joan.
708 5777 761 5828 ν,
808 5759 900 5816 9.2.
976 5758 1182 5815 ‘Joan.
1232 5776 1315 5827 Ill,
1374 5759 1458 5816 M.

2054 4688 2107 4732 et
2127 4677 2289 4733 Patre
2323 4692 2572 4747 magnam
2607 4678 2874 4734 habebant
2902 4679 3212 4749 opinionem
3269 4683 3419 4754 (quid
3481 4689 3622 4743 enim

2053 4769 2199 4824 aliud
2222 4768 2596 4841 gloriﬁcabant
2627 4780 2684 4822 ut
2712 4768 2956 4841 Deutn?),
2980 4772 3199 4828 adducit
3227 4791 3371 4831 nunc
3397 4790 3448 4831 et
3476 4780 3625 4835 illum

2054 4861 2227 4930 ipsum
2258 4860 2348 4929 qui
2375 4874 2539 4931 super
2559 4877 2748 4916 omnes
2776 4871 2880 4928 cst,
2939 4864 3105 4919 Deum
3139 4875 3353 4925 testem.
3389 4870 3453 4923 Et
3498 4875 3624 4940 quia

2052 4955 2288 5025 seipsum
2315 4956 2383 5012 ad
2416 4955 2579 5010 talem
2613 4940 2827 5021 testem,
2857 4959 2947 5027 qui
2988 4974 3087 5014 nec
3117 4958 3228 5014 falli
3262 4977 3361 5017 nec
3405 4967 3626 5021 mentiri

2052 5054 2248 5115 potest,
2282 5047 2584 5114 adordinat,
2612 5047 3110 5104 manifestissimum
3143 5054 3285 5121 quod
3337 5058 3633 5110 auctorita-

2056 5145 2162 5190 tem
2194 5145 2250 5192 et
2272 5146 2594 5205 patestatem
2629 5137 2871 5193 eamdem
2901 5154 3022 5192 tum
3053 5138 3210 5196 Patre
3242 5144 3455 5199 habeat.
3487 5148 3628 5202 Con-

2051 5225 2350 5279 fundantur
2398 5228 2488 5295 qui
2511 5242 2727 5282 servum
2746 5228 2919 5296 illum,
2949 5239 3006 5283 et
3029 5245 3128 5301 per
3152 5235 3333 5287 omnia
3352 5236 3619 5292 minorem

2052 5317 2211 5373 Patre
2234 5319 2443 5373 dicunt.

2127 5408 2290 5465 Vens.
2322 5409 2409 5474 l9,
2434 5409 2524 5466 20.
2561 5429 2578 5462 ι
2611 5397 2872 5467 Dicebant
2921 5428 3050 5484 ergo
3073 5415 3120 5470 ei
3152 5432 3166 5470 :
3200 5413 3301 5471 Ubi
3334 5428 3415 5474 est
3469 5432 3630 5490 pater

2052 5505 2214 5559 tuus?
2244 5503 2539 5574 Respondit
2579 5502 2777 5561 Jesus:
2829 5505 3015 5577 Neque
3064 5524 3150 5564 me
3198 5516 3397 5579 nosus,
3455 5529 3630 5583 neque

2052 5596 2267 5653 Patrem
2308 5597 2476 5669 618
2509 5613 2707 5653 meum.
2750 5595 2833 5670 Si,
2865 5613 2953 5655 me
2987 5601 3294 5670 novissetis,
3328 5611 3380 5659 ct
3410 5603 3626 5661 Patrem

455 5901 533 5975 (al
578 5900 722 5958 Edit.
764 5902 909 5973 Lut.,
962 5904 1311 5976 autoritatcm.
1350 5902 1578 5974 qualem.
1607 5902 1826 5968 Deinde,
1859 5900 2070 5958 Patrem
2100 5921 2193 5973 pro
2218 5918 2419 5971 parent.
