4060 6610
406 442 477 507 15
1314 438 1888 501 TllEUPllYLACTl
1928 439 2023 499 BU
2034 438 2333 497 LGARLE
2375 435 2724 498 ARCHIEP.
3583 433 3649 497 l6

402 567 582 610 meum
623 548 923 605 neiissclis.
960 547 1084 605 Haec
1119 547 1281 604 verba
1337 548 1549 604 locutus
1602 557 1687 611 est
1736 548 1897 605 Jesus
1927 548 1980 602 in

2085 547 2264 617 ᾔδειτε
2303 547 2391 601 ἄν.
2448 545 2632 600 Ταῦτα
2672 546 2742 599 τὰ
2801 546 3016 616 ῥήματα
3057 544 3319 616 ἐλάλησεν
3374 547 3402 600 6
3445 545 3653 617 Ἰησοος

396 642 805 717 gazophylacio,
832 641 1031 696 docens
1055 641 1107 694 in
1139 638 1357 710 templo.
1400 641 1463 694 Et
1495 654 1655 696 nemo
1669 639 1975 711 apprehen-

407 737 487 789 dit
536 748 682 796 eum,
742 731 867 801 quia
899 730 1135 785 nondum
1170 741 1391 786 venerat
1429 731 1561 786 hora
1606 730 1744 799 ejus.
1780 750 1800 783 ι
1838 730 1973 799 Quia

404 839 463 882 ut
534 837 800 881 tentantes
858 824 1265 894 interrogabant
1329 838 1451 878 eum
1514 824 1580 879 de
1667 824 1854 889 Patre,
1921 832 1976 878 et

407 936 507 973 non
537 918 778 974 discendi
831 917 1024 987 gratia,
1060 924 1344 984 propterea
1377 930 1552 985 neque
1584 930 1842 985 responso
1894 916 1977 969 tli-

404 1027 452 1079 ει
478 1022 601 1064 atur
634 1008 773 1075 illos,
831 1008 925 1063 sed
972 1008 1123 1070 dicit,
1189 1024 1208 1058 ι
1247 1004 1433 1075 Neque
1471 1020 1560 1061 me
1585 1006 1775 1070 nostis,
1804 1020 1977 1075 neque

404 1106 615 1155 l'altem
652 1114 853 1163 meum,
893 1118 912 1150 ι
946 1098 998 1153 id
1024 1108 1133 1164 est,
1167 1098 1284 1153 Non
1320 1099 1539 1165 potestis
1568 1098 1708 1153 scire
1760 1097 1974 1152 Patrem

406 1206 579 1246 meum
610 1193 729 1246 sine
765 1206 850 1245 uie
890 1208 902 1245 :
934 1200 1095 1260 atque
1153 1191 1222 1244 ita
1252 1193 1295 1245 si
1336 1192 1538 1259 putatis
1571 1188 1751 1245 colere
1782 1192 1973 1256 Deum,

406 1297 510 1337 non
542 1283 768 1338 creditis
793 1292 970 1337 autem
999 1283 1171 1351 ipsum
1203 1281 1416 1336 Patrem
1443 1295 1563 1335 esse
1592 1296 1795 1345 meum,
1820 1281 1975 1349 cujus

404 1390 561 1431 verus
586 1390 705 1429 sum
730 1375 921 1438 Filius,
951 1372 1083 1428 nihil
1110 1374 1344 1441 proderit
1380 1374 1553 1438 vobis,
1588 1388 1762 1443 neque
1797 1377 1979 1428 noris-

405 1470 470 1522 tis
494 1470 663 1538 ipsum
682 1475 968 1537 utoportet
991 1481 1284 1538 agnoscere
1323 1482 1341 1523 :
1396 1482 1519 1519 nam
1560 1466 1977 1537 cognosceretis

402 1570 455 1614 et
485 1562 820 1615 lioneraretis
846 1561 1008 1612 etiam
1031 1575 1114 1613 me
1143 1576 1157 1611 :
1194 1572 1336 1612 nunc
1370 1568 1549 1612 autem
1582 1559 1706 1627 quia
1768 1574 1854 1613 me
1885 1572 1979 1614 ne-

402 1652 575 1717 scitis,
606 1666 702 1706 nec
731 1652 1030 1717 honoratis,
1057 1649 1202 1703 illurn
1238 1664 1450 1720 quoque
1466 1650 1711 1715 nescitis,
1746 1666 1849 1706 nec
1882 1654 1980 1706 ho-

406 1743 627 1807 noratis,
665 1742 876 1796 etiamsi
902 1743 1117 1812 putetis.
1141 1739 1293 1807 Quod
1339 1751 1520 1796 autem
1582 1756 1669 1797 me
1731 1742 1976 1808 nescitis,

406 1848 509 1884 non
535 1834 637 1885 alia
671 1828 818 1886 vobis
845 1846 1004 1886 causa
1024 1840 1124 1893 est,
1162 1832 1257 1886 sed
1287 1847 1380 1887 vos
1434 1832 1743 1903 vobisipsis.
1806 1836 1978 1889 Audis

2078 642 2136 693 ἐν
2165 640 2242 711 τῷ
2271 638 2680 710 γαζοφυλακίῳ,
2708 639 2977 692 διδάσκων
3001 640 3060 691 ἐν
3105 638 3185 709 τῷ
3218 638 3369 707 ίερῷ.
3402 640 3512 692 Καὶ
3559 641 3651 691 οὓς

2077 733 2187 794 δε“ις
2209 733 2435 784 ἐπίασεν
2456 731 2640 793 αὑτὸν,
2666 732 2747 784 ὅτι
2773 729 2925 784 οὔπω
2943 730 3187 802 ἐληλύθει
3212 733 3244 801 ἡ
3273 731 3390 801 ὥρα
3411 731 3599 786 αὐτοῦ.
3630 752 3645 781 ι

2091 825 2310 893 Ἐπειδὴ
2358 824 2434 888 ὡς
2476 824 2832 894 πειράζοντες
2875 824 3038 877 αὐτὸν
3092 826 3320 894 ⁴ίιρώτων
3378 826 3507 894 περὶ
3557 824 3650 877 τοῦ

2080 918 2312 987 Πατρὸς,
2344 919 2440 972 καὶ
2472 918 2593 988 οὐχὶ
2612 916 2704 970 τού
2733 917 2924 987 μαθεῖν
2955 918 3141 971 ἕνεκεν
3171 934 3186 953 ο
3217 918 3306 972 διὰ
3336 919 3496 971 τοῦτο
3527 918 3648 971 οὐδὲ

2080 1011 2427 1080 ἀποκρίσεως
2454 1011 2655 1074 αὐτοὺς
2701 1009 2863 1075 ἀξιοῖ,
2899 1010 3033 1064 ἀλλά
3065 1027 3229 1081 φησιν
3262 1026 3275 1043 ο
3317 1029 3335 1061 ι
3368 1010 3505 1064 Οὖτε
3551 1011 3653 1080 ἐμὲ

2077 1101 2277 1165 οἴδατε,
2306 1100 2429 1154 οὔτε
2459 1104 2551 1155 τὸν
2584 1104 2805 1173 Πατέρα
2832 1121 2932 1174 μου
2956 1120 2970 1135 ο
2999 1104 3300 1159 τουτέστιν.
3323 1104 3396 1155 Οὐ
3423 1102 3651 1155 δύνασθε

2078 1195 2278 1263 γνῶναι
2315 1196 2533 1265 Πατέρα
2570 1211 2673 1266 μου
2702 1195 2869 1266 χωρὶς
2902 1195 3037 1265 ἐμοῦ
3071 1209 3085 1227 ο
3119 1195 3260 1248 ὣστε
3307 1194 3408 1248 κᾶν
3454 1194 3644 1262 δοκῆτε

2078 1288 2244 1356 τιμᾷν
2277 1286 2367 1339 τὸν
2391 1286 2546 1350 Θεὸν,
2570 1288 2631 1339 οὐ
2666 1286 2956 1353 πιστεύητε
2984 1286 3038 1338 δὲ
3070 1286 3232 1338 αὑτὸν
3268 1286 3480 1356 Πατέρα
3512 1279 3652 1336 είν.ι

2080 1379 2214 1447 ἐμοῦ
2246 1378 2339 1430 τοῦ
2363 1378 2617 1449 ἀληθινοῦ
2648 1378 2800 1444 Υίοῦ,
2840 1378 2992 1430 οὐδὲν
3024 1377 3344 1446 ὠφελεῖσθε.
3392 1378 3524 1428 Οὐδὲ
3566 1374 3646 1428 οἴ-

2080 1470 2206 1523 δατε
2238 1472 2423 1533 αὐτὸν,
2477 1469 2661 1532 καθὼς
2691 1470 2771 1522 δεῖ
2803 1471 3030 1538 γνῶναι,
3067 1470 3188 1522 ἐπεὶ
3220 1469 3548 1534 ἐγινςτισκετε
3584 1470 3648 1521 ἂν

2083 1564 2176 1616 καὶ
2199 1564 2423 1632 ἐτιμᾶτε
2454 1563 2597 1633 κάμέ
2632 1578 2645 1593 ·
2684 1563 2779 1616 νῦν
2808 1563 2864 1615 δὲ
2888 1565 3011 1615 ἐπεὶ
3042 1562 3142 1632 ἐμὲ
3172 1562 3270 1614 οὐκ
3299 1563 3495 1619 οἴδατε.
3531 1560 3651 1613 οὐδὲ

2082 1658 2297 1727 τιμᾶτε,
2335 1657 2455 1709 οὐδὲ
2487 1658 2690 1710 ἐκεῖνον
2723 1656 2921 1715 οἴδατε,
2959 1655 3079 1707 οὐδὲ
3105 1653 3269 1725 τιμὴν
3303 1653 3451 1724 αὐτῷ
3482 1667 3653 1721 προσ-

2085 1750 2268 1817 άγετε,
2306 1748 2407 1801 κᾶν
2456 1748 2668 1817 δοκῆτε.
2712 1747 2818 1799 Ίόῦ
2848 1747 2903 1799 δέ
2933 1745 3006 1815 μὴ
3034 1745 3232 1798 εἰδέναι
3261 1760 3352 1813 με,
3379 1745 3477 1796 οὐκ
3494 1742 3651 1804 ἄλλος

2085 1840 2213 1908 ύμῖν
2236 1839 2429 1901 αἴτιος,
2459 1835 2573 1889 ἀλλ’
2594 1836 2750 1889 αὐτοὶ
2780 1837 3011 1895 ἑαυτοῖς.
3060 1834 3324 1897 Ἀκούεις,
3356 1835 3384 1885 6
3410 1832 3499 1884 τὸν
3525 1832 3652 1883 Υἱὺν

406 1927 496 1991 qui
530 1922 725 1977 Filium
750 1924 912 1994 impie
938 1924 1082 1978 Patri
1108 1924 1372 1994 subjieisl’
1398 1925 1513 1979 Nisi
1537 1926 1979 1982 consubstantia-

2085 1929 2429 1992 ύποδιϐάζων
2463 1927 2676 1990 ἀσεϐῶς
2707 1927 2786 1997 τῷ
2816 1925 3027 1996 Πατρίς
3066 1927 3126 1978 Εἰ
3151 1926 3226 1994 μὴ
3256 1924 3539 1992 ὁμοούσιος
3583 1918 3652 1992 ἦν

405 2018 468 2069 iis
496 2024 637 2070 esset
664 2014 831 2079 Patri,
853 2017 1127 2086 quomodo
1147 2017 1406 2071 dixisset:
1436 2035 1454 2067 ι
1478 2015 1535 2071 Si
1559 2031 1648 2072 me
1663 2019 1894 2084 sciretis,
1923 2029 1979 2074 et

404 2111 616 2163 Patrem
655 2125 833 2165 meum
858 2111 1067 2164 sciretis
1098 2110 1325 2179 utique?
1360 2131 1379 2162 ο
1420 2111 1477 2165 Si
1500 2111 1667 2179 enim,
1703 2120 1760 2164 ut
1779 2111 1976 2179 dicitis,

404 2214 648 2256 creatura
671 2212 753 2258 est
770 2202 954 2268 Filius,
976 2204 1243 2272 quomodo
1258 2205 1347 2274 qui
1365 2205 1513 2258 novit
1534 2216 1860 2271 creaturam,
1883 2220 1978 2260 no-

406 2299 480 2349 vit
508 2296 745 2352 etDeum
770 2296 793 2351 ?
814 2295 927 2350 Non
952 2299 1093 2350 enim
1123 2296 1211 2365 qui
1234 2296 1379 2351 novit
1401 2296 1756 2351 substantiam
1782 2297 1976 2367 angeli,

407 2387 555 2441 novit
579 2398 629 2440 et
652 2388 1007 2441 substantiam
1035 2388 1146 2466 Dei.
1171 2386 1301 2452 Quia
1336 2387 1497 2455 igitur
1520 2387 1610 2456 qui
1634 2388 1735 2443 scit
1761 2385 1976 2454 Filium,

402 2491 457 2536 et
484 2480 697 2536 Patrem
727 2482 827 2534 scit
849 2497 864 2547 ;
885 2481 1129 2550 sequitur
1145 2470 1382 2551 ejusdem
1412 2483 1725 2536 substantia:
1744 2495 1862 2536 esse
1882 2481 1982 2534 Pa-

407 2591 538 2631 trem
565 2589 686 2629 cum
714 2574 869 2629 Filio.
902 2573 1102 2638 Etiam,
1131 2575 1328 2643 inquit,
1376 2582 1430 2627 et
1465 2574 1511 2628 is
1553 2574 1643 2643 qui
1674 2585 1977 2629 creaturam

413 2669 583 2734 nuvit,
608 2665 960 2721 novitDeum.
993 2666 1240 2721 Minime.
1282 2664 1432 2719 Multi
1463 2665 1627 2729 enim,
1660 2666 1766 2721 imo
1795 2680 1981 2721 omnes

407 2772 709 2814 creaturam
737 2760 954 2829 quidem
986 2768 1042 2813 et
1068 2758 1249 2814 vident
1267 2767 1318 2813 et
1332 2759 1530 2821 sciunt,
1556 2777 1576 2811 ι
1605 2758 1771 2813 Deum
1794 2766 1976 2812 autem

410 2867 579 2921 neque
605 2851 732 2905 vidit
762 2852 903 2921 quis,
939 2865 1113 2919 neque
1138 2852 1286 2905 novit
1315 2851 1357 2906 ⁸.
1395 2871 1414 2903 ι
1450 2850 1573 2906 Iliae
1596 2864 1773 2906 autem
1798 2850 1982 2921 loque-

412 2946 568 2998 batur
595 2942 752 2999 Jcsus
787 2944 841 2997 in
868 2943 1251 3015 gazoqihylacio
1275 2944 1327 2997 in
1370 2945 1547 2997 tnedio
1594 2942 1798 3010 templi,
1829 2953 1883 2997 et
1911 2944 1981 2997 ita

412 3035 576 3088 bbere
611 3034 950 3102 loquebatur.
979 3034 1231 3086 Attamen
1254 3034 1345 3102 qui
1376 3033 1623 3087 occidere
1647 3032 1796 3086 illum
1829 3048 1978 3101 quat-

413 3128 617 3187 rebant,
641 3134 693 3179 et
721 3126 772 3178 in
802 3123 1047 3177 manibus
1078 3124 1225 3177 illum
1254 3123 1544 3185 habebant,
1581 3137 1686 3176 non
1713 3124 1982 3177 audebant

2080 2021 2157 2089 τῷ
2184 2022 2380 2091 Πατρὶ,
2430 2020 2546 2083 πῶς
2579 2020 2643 2073 ἂν
2673 2016 2849 2079 εἶπεν,
2875 2018 2957 2070 ὅτι
2998 2035 3014 2066 ι
3059 2017 3117 2069 Εἰ
3166 2017 3264 2084 ἐμὲ
3300 2015 3498 2087 ᾔδειτε,
3556 2014 3650 2066 καὶ

2080 2114 2170 2166 τὸν
2204 2115 2420 2182 Πατέρα
2469 2113 2645 2183 ᾔδειτε
2674 2112 2772 2177 iv;
2817 2129 2835 2163 ι
2876 2112 2938 2163 Et
2971 2112 3078 2180 γὰρ
3107 2110 3231 2163 καθ’
3269 2109 3411 2178 ὑμᾶς
3445 2108 3650 2177 κτίσμα

2081 2207 2232 2260 ἐστὶν
2265 2206 2293 2257 6
2340 2206 2489 2269 Υίδς,
2525 2205 2642 2268 πῶς
2676 2207 2704 2258 6
2732 2203 2891 2266 εἰδὼς
2916 2203 2978 2257 τὸ
3007 2204 3232 2273 κτίσμα,
3276 2200 3385 2254 οἶδε
3433 2202 3528 2256 καὶ
3556 2201 3646 2253 τὸν

2081 2298 2245 2363 Θεόν;
2271 2298 2344 2351 Οὐ
2374 2296 2483 2366 γὰρ
2509 2297 2678 2368 δήπου
2699 2297 2726 2348 6
2750 2296 2905 2359 εἰδὼς
2934 2294 3031 2366 τὴν
3060 2294 3249 2347 οὐσίαν
3270 2294 3365 2347 τοῦ
3389 2294 3647 2362 ἀγγέλου,

2081 2388 2189 2446 οἶδε
2216 2393 2309 2445 καὶ
2334 2392 2433 2451 τὴν
2466 2389 2559 2443 τοῦ
2585 2390 2744 2443 Θεοῦ.
2790 2390 2944 2443 Ἐπεὶ
2978 2385 3072 2442 οὗν
3112 2391 3140 2442 6
3171 2389 3262 2444 τὸν
3295 2388 3421 2441 Υίὶν
3468 2387 3650 2452 εἰδὼς,

2081 2485 2176 2537 καὶ
2224 2484 2314 2535 τὸν
2350 2484 2566 2552 Πατέρα
2614 2477 2745 2548 οἶδε,
2795 2482 2897 2552 τῆς
2970 2481 3141 2553 αὐτῆς
3178 2483 3286 2553 ἄρα
3335 2481 3523 2543 οὐσίας
3568 2479 3650 2550 τῷ

2083 2575 2304 2647 Πατρὶό
2338 2572 2483 2635 Υἱός.
2520 2574 2646 2637 Ναὶ,
2672 2574 2857 2642 φησιν,
2899 2572 3014 2626 ἀλλ’
3057 2574 3086 2624 6
3122 2572 3222 2642 τὴν
3251 2572 3429 2624 κτίσιν
3471 2569 3648 2637 εἰδὼς,

2082 2665 2188 2722 οἶδε
2224 2668 2316 2722 καὶ
2343 2669 2435 2721 τὸν
2458 2669 2610 2722 Θεόν.
2637 2667 2902 2736 Οὐδαμῶς
2930 2681 2945 2697 ·
2975 2665 3158 2717 πολλοὶ
3189 2665 3321 2735 γὰρ,
3367 2663 3567 2733 μᾶλλον
3594 2663 3653 2717 δὲ

2083 2762 2345 2824 ἅπαντες,
2384 2760 2479 2830 τὴν
2531 2759 2708 2811 κτίσιν
2756 2758 2854 2828 μὲν
2903 2757 2997 2810 καὶ
3046 2755 3236 2826 ὁρῶσι,
3291 2755 3385 2809 καί¹
3443 2754 3651 2808 οἴδασι·

2083 2857 2211 2907 Θεὸν
2248 2855 2304 2907 δὲ
2335 2852 2455 2905 οὔτε
2492 2853 2592 2923 ὁρᾷ
2626 2868 2729 2914 τις,
2754 2848 2878 2903 οὖτέ
2907 2846 3038 2903 οἶδε.
3069 2848 3256 2901 Ταῦτα
3309 2848 3365 2901 δὲ
3396 2847 3576 2900 ἐλάλει
3618 2848 3647 2899 6

2100 2947 2303 3017 Ἰησοῦ;
2337 2948 2393 2999 ἐν
2418 2946 2494 3014 τῷ
2518 2943 2906 3012 γαζοφυλακίῳ
2933 2945 2990 2995 ἐν
3024 2942 3172 3012 μέσῳ
3199 2938 3294 2993 τοῦ
3343 2937 3490 3010 ἱεροῦ
3510 2954 3525 2969 ο
3558 2938 3654 2991 καὶ

2085 3039 2255 3102 οὕτως
2286 3036 2748 3108 ἐπαρρησιάζετο.
2782 3035 2891 3089 Καὶ
2921 3036 3069 3104 ὅμως
3091 3033 3363 3101 φονῶντες
3396 3030 3518 3084 κατ’
3556 3031 3654 3082 αύ-

2086 3128 2201 3193 τοῦ,
2262 3127 2354 3179 καὶ
2406 3130 2463 3177 ἐν
2518 3125 2710 3195 χερσὶν
2760 3123 2923 3177 αὑτὸν
2964 3123 3199 3191 ἔχοντες,
3268 3121 3368 3174 οὐκ
3413 3119 3655 3190 ἐτόλμων

409 3211 813 3280 apprehendere
839 3226 984 3265 eum.
1020 3210 1085 3265 Et
1112 3225 1285 3280 neque
1305 3211 1383 3265 sic
1409 3211 1811 3273 intellexerunt.
1838 3213 1977 3281 quod

2088 3220 2276 3273 πιάσαι
2305 3218 2485 3271 αὐτόν.
2529 3215 2666 3269 Οὐδὲ
2709 3214 2853 3269 οὕτω
2904 3214 3178 3279 συνίεσαν,
3234 3213 3316 3266 δτι
3367 3212 3516 3273 θείας
3576 3209 3669 3280 τῷ

412 3320 598 3359 revera
628 3304 821 3359 divina
855 3303 1077 3360 virtutis
1096 3311 1215 3358 erat
1237 3318 1390 3373 Opus,
1431 3304 1686 3373 stipatum
1739 3304 1983 3358 hostibus

414 3398 467 3452 in
486 3397 665 3451 medio
693 3398 904 3452 illorum
923 3398 1147 3454 illaesum
1174 3413 1394 3453 manere
1411 3414 1473 3453 ac
1501 3400 1781 3464 intactum,
1809 3400 1983 3454 maxi-

406 3505 500 3545 me
526 3506 648 3544 eum
674 3490 745 3543 illi
777 3499 900 3544 ante
924 3489 1129 3545 Pascha
1159 3506 1283 3546 eum
1325 3492 1695 3561 quaesit-crint,
1745 3500 1799 3544 et
1847 3492 1981 3546 iusi-

410 3583 542 3637 diati
576 3583 623 3636 ei
650 3581 870 3638 fuerint.
899 3581 1068 3650 Quem
1092 3584 1272 3654 igitur,
1290 3598 1412 3638 eum
1443 3598 1549 3638 non
1568 3586 1804 3647 adesset,
1828 3598 1980 3653 quie-

418 3672 627 3739 rebant,
679 3684 868 3728 contra
933 3689 1094 3744 quem
1152 3674 1487 3730 ferociebant
1538 3674 1620 3728 vel
1678 3675 1978 3740 absentem,

417 3767 557 3820 hunc
591 3765 644 3819 in
675 3765 866 3820 mediis
890 3767 1092 3821 retibus
1133 3767 1411 3833 habentes,
1453 3782 1646 3837 capere
1666 3780 1937 3839 nequeunt
1966 3786 1980 3835 ;

413 3872 587 3928 neque
614 3857 866 3911 virtutem
905 3858 1020 3927 ejus
1040 3860 1117 3913 sic
1141 3869 1514 3929 agnoverunt:
1542 3878 1563 3911 ι
1597 3861 1720 3931 quia
1745 3862 1981 3916 nondum

416 3952 609 4021 inquit,
656 3959 877 4005 venerat
906 3950 1034 4003 hora
1066 3950 1203 4019 ejus,
1244 3967 1263 4002 ο
1310 3950 1361 4004 id
1407 3962 1490 4005 est
1514 3952 1760 4007 idoneum
1792 3952 1984 4007 mortis

415 4052 643 4113 tempus,
667 4046 872 4112 qno‘se
905 4041 1204 4097 traditurus
1240 4051 1380 4107 erat,
1445 4044 1682 4099 nondum
1732 4045 1980 4115 urgebat.

412 4133 623 4188 Etenim
649 4148 825 4204 neque
858 4144 989 4189 tunc
1009 4134 1311 4204 potuissent
1335 4135 1534 4204 aliquid
1559 4136 1816 4191 adversus
1835 4150 1981 4202 eum,

413 4225 514 4280 nisi
545 4225 733 4281 luisset
765 4237 977 4296 tempus
1005 4235 1389 4295 opportunum,
1421 4241 1530 4297 quo
1560 4228 1672 4297 ipse
1700 4228 1805 4283 sibi
1834 4229 1986 4284 dele-

412 4326 583 4385 gerat.
639 4318 754 4374 Non
809 4319 953 4374 enim
1018 4317 1353 4387 impotentia:
1400 4328 1518 4373 erat
1575 4319 1839 4389 cruciﬁgi,
1890 4319 1985 4375 sed

407 4407 806 4475 permissionis.
839 4407 1094 4462 Permisit
1145 4408 1289 4461 enim
1333 4408 1546 4476 quando
1593 4408 1808 4464 voluit:
1858 4410 1985 4479 quia

414 4500 489 4552 illi
529 4499 854 4568 jampridem
915 4498 1302 4553 desiderabant
1361 4500 1608 4555 occidere
1657 4500 1828 4565 illum,
1889 4501 1984 4556 sed

2085 3312 2197 3364 ὄντι
2229 3310 2510 3380 δυνάμεως
2541 3308 2701 3380 ἔργον
2729 3308 2866 3371 ἐστί,
2917 3306 2978 3360 τδ
3016 3308 3074 3360 ἐν
3124 3306 3272 3375 μέσῳ
3297 3304 3405 3355 τῶν
3445 3301 3655 3374 ἐχθρῶν

2086 3402 2566 3473 περιειλημμένον,
2620 3397 2829 3468 ἀϐλαϐῆ
2874 3395 3249 3468 διατηρεῖσθαι
3297 3394 3393 3447 καὶ
3450 3394 3654 3461 ἀνεπη-

2087 3497 2333 3569 ρέαστον,
2377 3495 2471 3547 καὶ
2520 3491 2713 3556 ταῦτα,
2745 3489 3049 3562 ζητούντων
3077 3490 3238 3543 αὑτὸν
3267 3488 3372 3559 πρὸ
3400 3486 3493 3540 τοῦ
3544 3487 3657 3538 Πά-

2088 3587 2326 3657 σχα((2“ἐ)
2358 3585 2452 3637 καὶ
2506 3583 2919 3653 ἐνεδρευόντων.
2958 3582 3055 3634 Ὃν
3102 3576 3195 3634 οὖν
3249 3579 3326 3649 μὴ
3358 3578 3486 3630 ὄντα
3532 3576 3654 3644 ἐζή-

2086 3697 2229 3739 τουν,
2252 3681 2347 3732 καὶ
2381 3677 2501 3730 καθ’
2541 3668 2603 3729 οὗ
2633 3675 2914 3745 ἠγρίαινον
2945 3675 3040 3727 καὶ
3067 3674 3321 3736 ἀπόντος,
3352 3669 3544 3724 τοῦτον
3594 3671 3654 3722 ἐν

2092 3771 2275 3842 μέσοις
2326 3772 2438 3831 τοῖς
2485 3767 2723 3830 δικτύοις
2771 3766 3010 3837 ἔχοντες,
3065 3760 3184 3818 εἶτα
3236 3763 3312 3833 μὴ
3366 3761 3654 3830 δυνάμενοι

2088 3864 2246 3927 ἑλεῖν,
2278 3861 2397 3915 ούΞέ
2421 3859 2595 3923 οὕτως
2624 3860 2997 3928 ἐπεγίνωσκον
3031 3857 3129 3927 τὴν
3179 3854 3346 3909 αὑτοῦ
3397 3852 3651 3922 δύναμιν.

2096 3972 2114 4006 ι
2150 3956 2270 4006 Ὀτι
2298 3951 2473 4019 οὔπω,
2511 3952 2699 4022 φησιν,
2737 3950 2987 4020 ἐληλύθει
3022 3952 3055 4020 ἡ
3089 3948 3207 4019 ὥρα
3239 3945 3445 4000 αὐτοῦ·
3480 3964 3498 3996 ›
3531 3961 3654 3997 του-

2086 4047 2285 4109 τέστιν,
2314 4046 2342 4098 6
2372 4046 2669 4117 ἐπιτήδειος
2694 4044 2884 4115 καιρὸς
2915 4039 3279 4096 τοῦμθανάτου
3308 4037 3472 4091 αὑτοῦ
3502 4036 3655 4088 οὔπω

2088 4141 2411 4209 ἐνειστήκει,
2447 4139 2568 4192 καθ’
2595 4137 2652 4191 ὃν
2682 4137 2906 4205 ἔμελλεν
2939 4134 3134 4188 ἑαυτὸν
3156 4132 3361 4186 δοῦναι.
3392 4130 3500 4207 Κάὶ
3545 4127 3654 4199 γὰρ

2088 4232 2182 4287 καὶ
2214 4233 2335 4285 τότε
2364 4233 2464 4284 οὐκ
2496 4233 2559 4286 ἂν
2589 4231 2815 4300 ἴσχυσαν
2833 4228 2953 4281 κατ’
2978 4226 3164 4291 αὑτοῦ,
3198 4226 3244 4277 εί
3268 4225 3341 4295 μὴ
3366 4218 3435 4295 ἦν
3466 4222 3654 4291 καιρὸς

2085 4325 2113 4377 6
2145 4325 2456 4392 προσήκων,
2486 4320 2545 4373 ὃν
2575 4320 2736 4382 αὐτὸς
2775 4319 2955 4387 ἐαυτῷ
2994 4313 3375 4383 ἐταμιεύσατο.
3413 4313 3488 4365 Οὐ
3541 4312 3648 4380 γὰρ

2086 4414 2386 4486 ἀδυναμίας
2420 4411 2486 4485 ἧν
2518 4414 2577 4465 τὸ
2608 4410 3013 4481 σταυρωθῆναι,
3041 4408 3181 4461 ἀλλὰ
3229 4407 3650 4476 συγχωρήσεως.

2086 4508 2439 4579 Συνεχώρησε
2478 4506 2610 4576 γὰρ,
2663 4504 2791 4556 ὅταν
2822 4501 3084 4572 ἠϐούλετο
3115 4518 3129 4533 ’
3180 4500 3304 4554 ἐπεὶ
3336 4497 3534 4552 ἐκεῖνοί
3590 4512 3653 4564 γε

413 4592 738 4646 tenebantur
782 4589 1140 4647 invisibilibus
1168 4590 1401 4646 vinculis
1413 4591 1628 4646 virtutis
1650 4606 1780 4646 suae.
1802 4591 1978 4661 Ορων-

2086 4600 2323 4652 ἕκπαλαι
2346 4596 2654 4665 ἐπεθύμουν
2681 4592 2775 4646 τοῦ
2804 4592 3113 4646 θανατῶσαι
3150 4590 3336 4655 αὐτὸν,
3384 4588 3521 4642 ἀλλὰ
3551 4606 3652 4640 κα-

415 4683 716 4738 tebateuim
762 4696 885 4737 eum
936 4683 1140 4738 diutius
1194 4682 1400 4739 versari
1433 4682 1486 4737 in
1521 4685 1629 4737 vita
1684 4684 1980 4738 secundum

413 4790 656 4843 carnem,
672 4784 731 4831 ut
759 4776 1069 4833 hominibus
1086 4776 1307 4848 majoris
1328 4776 1575 4833 utilitatis
1598 4776 1748 4833 fleret
1770 4785 1981 4844 auctor,

415 4868 768 4922 monstrando
811 4868 963 4939 signa
991 4876 1046 4923 et
1071 4883 1352 4924 sermones
1405 4876 1460 4924 et
1505 4868 1800 4925 doctrinas.
1846 4870 1983 4936 Qui-

415 4971 534 5021 dam
565 4977 744 5022 autem
772 4966 921 5034 illud,
958 4985 977 5019 ι
1007 4965 1109 5023 Ubi
1139 4978 1221 5023 eSt
1245 4976 1402 5037 pater
1423 4967 1594 5023 tuus?
1628 4986 1647 5020 ι
1680 4969 1760 5023 sic
1786 4966 1981 5022 intelli-

414 5068 544 5126 gunt
575 5056 779 5111 dictum
806 5073 834 5111 τι
875 5054 1073 5112 ludatis
1096 5059 1161 5112 ad
1218 5058 1528 5123 Dominum,
1560 5058 1713 5127 quasi
1750 5059 1814 5110 ad
1847 5056 1991 5122 inju-

428 5151 557 5204 riam
582 5162 632 5205 et
662 5151 914 5220 probrum
960 5168 973 5203 :
1013 5151 1408 5219 exprobrabant
1433 5151 1575 5205 enim
1610 5151 1659 5203 ei
1714 5148 1865 5219 quasi
1920 5163 1987 5201 ex

422 5243 960 5298 ﬁrruicationenatus
983 5236 1149 5315 619
1168 5253 1313 5300 esset
1340 5260 1356 5310 ;
1390 5251 1446 5299 et
1480 5243 1633 5313 quasi
1658 5255 1762 5295 non
1789 5254 1985 5309 cogno-

413 5345 589 5389 sceret
624 5349 830 5404 patrem
853 5352 1034 5404 suum,
1057 5336 1458 5391 haecdicebaut.
1502 5334 1562 5388 Et
1580 5334 1758 5396 aliter,
1779 5340 1985 5399 patrem

414 5427 532 5493 ejus
560 5438 616 5479 ut
645 5426 804 5482 vilem
835 5427 1111 5485 habebant
1148 5426 1345 5498 Joscph
1381 5437 1480 5481 :et
1528 5425 1713 5479 dicunt
1750 5440 1764 5476 :
1802 5440 1819 5473 ι
1886 5420 1985 5475 Ubi

496 5584 521 5618 ⁵
552 5582 705 5640 Joan.
727 5602 764 5653 ι,
808 5585 893 5642 18.

2086 4696 2326 4763 τείχοντο
2371 4695 2481 4754 τοῖς
2514 4690 2777 4761 οάοράτοις
2814 4689 3036 4758 δεσμοῖς
3089 4689 3189 4758 τῆς
3246 4685 3431 4755 ἰσχύος
3460 4683 3647 4738 αὐτοῦ.

2090 4788 2238 4840 Ἔδει
2277 4785 2384 4857 γὰρ
2441 4783 2606 4838 αὑτὸν
2655 4784 2748 4834 ἐπὶ
2798 4781 2982 4833 πλεῖον
3030 4779 3367 4850 ἐνδιατρῖψαι
3403 4781 3468 4849 τῇ
3513 4775 3655 4829 κατὰ

2092 4880 2272 4951 σάρκα
2314 4877 2450 4948 ζωῇ,
2486 4877 2573 4929 ἵνα
2602 4876 2847 4936 πλείονος
2892 4872 3159 4943 ὠφελείας
3208 4873 3321 4935 τοῖς
3351 4868 3652 4939 ἀνθρώποις

2090 4972 2312 5039 γένηται
2363 4966 2620 5035 πρόξενος
2646 4964 2733 5017 διὰ
2766 4982 2822 5016 τε
2868 4962 3112 5032 σημείων
3144 4961 3407 5014 πλειόνων
3456 4956 3656 5011 ἐπιδεί-

2090 5061 2244 5125 ξεως,
2283 5060 2377 5111 καὶ
2402 5058 2579 5124 λόγων
2625 5055 2995 5116 διδασκαλίας.
3037 5054 3191 5117 Τινὲς
3232 5053 3290 5105 δὲ
3345 5051 3427 5113 τὸ,
3490 5068 3510 5101 ι
3546 5044 3653 5102 Ποῦ

2090 5148 2235 5201 ἔστιν
2264 5150 2292 5201 6
2332 5149 2516 5218 πατήρ
2557 5163 2682 5210 σονς
2722 5164 2741 5196 ι
2795 5145 2936 5198 οὕτω
2969 5142 3179 5197 νοοῦσιν
3208 5140 3457 5210 εἰρῆσθαι
3503 5135 3654 5204 παρὰ

2092 5239 2199 5291 τῶν
2243 5237 2514 5292 Ἰουδαίων
2550 5237 2686 5308 πρὸς
2715 5237 2808 5289 τὸν
2838 5234 3064 5305 Κύριον,
3116 5232 3193 5292 ὼς
3246 5230 3339 5300 ἐφ’
3371 5228 3525 5298 ὕϐρει
3563 5224 3659 5278 καὶ

2090 5330 2303 5384 ὀνείδει.
2346 5328 2692 5399 ’Υϐρίζοντες
2723 5326 2831 5398 γὰρ
2867 5325 3029 5379 αὑτὸν
3062 5324 3136 5386 ὡς
3160 5326 3224 5376 ἐκ
3275 5321 3530 5390 πορνείας
3564 5335 3658 5386 γε·

2091 5422 2310 5488 γονότα,
2345 5421 2441 5473 καὶ
2472 5421 2546 5490 μὴ
2573 5418 2913 5487 γινώσκοντα
2948 5417 3039 5470 τὸν
3065 5416 3280 5485 πατέρα
3308 5412 3494 5476 αὐτοῦ,
3523 5408 3657 5463 ταῦ-

1365 5741 1459 5799 Ex
1483 5735 1830 5799 collatione
1863 5735 2054 5799 codd.
2094 5737 2319 5797 Venet.
2365 5738 2425 5798 S.
2463 5737 2678 5801 Marci.

489 5901 602 5976 ('28)
629 5899 762 5959 Cod.
791 5897 879 5968 5%,
910 5896 1015 5969 πρδ
1042 5893 1134 5951 τοῦ
1166 5892 1357 5965 Πάσχα
1380 5890 1594 5946 πιάσαι.
