4060 6620
364 544 425 607 17
1011 553 1459 614 ΕΝΑΗΒᾹΤΙΟ
1499 555 1572 615 IN
1618 555 2116 616 EVANGELIUM
2152 556 2491 617 JOANNIS.
2530 584 2597 593 -
2635 560 2789 621 CAP.
2832 562 2993 622 VIII.

3499 518 3617 625 '18

358 654 430 708 τά
460 671 625 721 φασιν
656 671 669 686 ·
700 657 734 726 ἢ
777 658 871 711 καὶ
898 659 972 721 ὡς
999 662 1251 725 εὐτελοῦς
1281 662 1432 724 ὄντος
1461 661 1555 715 τοῦ
1577 663 1935 731 νομιζομένου

2043 671 2123 717 cst
2151 662 2242 718 ille
2282 674 2436 733 pater
2465 664 2645 719 tuus?
2669 685 2689 717 ι
2722 668 2875 737 quasi
2903 668 3171 734 dicerem,
3203 667 3480 723 Obscurus
3531 679 3615 722 est

358 747 564 817 πατρὸς
621 747 789 803 αὐτοῦ
819 747 913 802 τοῦ
978 751 1198 822 Ἰωσὴφ,
1252 752 1410 806 τοῦτο
1463 752 1723 821 λέγουσι·
1770 772 1788 805 t
1825 752 1932 806 Ποῦ

359 840 507 894 ἔστιν
537 842 566 893 ό
599 842 792 913 Πατήρ
841 860 971 911 σούς
1035 864 1054 897 ι
1103 846 1306 901 ὡσανεὶ
1359 847 1645 917 λέγοντες·
1691 848 1933 918 Ἀφανής
1959 848 2076 900 ἐστι
2115 847 2213 900 καὶ
2264 847 2532 920 δυσγενὴς
2578 850 2608 902 ό
2633 850 2821 921 πατήρ
2858 866 2953 904 σου
2992 867 3008 883 ο

358 937 454 990 καὶ
477 937 627 991 κάτω
656 939 873 1009 φέρέις;

437 1045 457 1079 ι
486 1022 653 1082 Εἶπεν
684 1026 779 1085 οὖν
805 1033 965 1088 πάλιν
992 1035 1176 1101 αὐτοῖς
1199 1039 1227 1091 ό
1260 1036 1469 1107 Ἰησοῦς
1489 1051 1503 1068 °
1549 1035 1692 1107 Ἐγὼ
1716 1035 1938 1105 ὑπάγων

358 1119 458 1172 καὶ
484 1120 749 1193 ζητήσετέ
782 1142 849 1194 με
900 1127 992 1181 καὶ
1017 1128 1115 1198 οὐχ
1141 1129 1423 1200 εὑρήσετε,
1454 1130 1552 1184 καὶ
1579 1133 1636 1184 ἐν
1665 1132 1730 1203 τῇ
1758 1131 1943 1201 ἀμαρ⁴

359 1210 452 1281 τία
486 1212 639 1283 ὑμῶν
684 1216 1067 1275 ἀποθανεῖσθε.
1097 1220 1271 1274 Ὅπου
1309 1221 1418 1290 ἐγὼ
1445 1223 1660 1293 ὑπάγω,
1691 1224 1850 1293 ὑμεῖς
1877 1222 1937 1276 οὐ

360 1303 592 1359 δύνασθε
619 1307 815 1363 ἐλθεῖν.
850 1311 1074 1380 Ἔλεγον
1104 1308 1199 1367 οὖν
1225 1315 1272 1367 oi
1315 1315 1592 1369 Ἰουδαῖοι·
1626 1315 1774 1383 Μήτι
1803 1315 1942 1367 ἀπο-

362 1403 543 1452 κτενεῖ
564 1400 776 1467 ἑαυτὸν,
802 1404 888 1458 ὅτι
915 1403 1084 1473 λέγει,
1122 1406 1295 1460 Ὅπου
1319 1405 1428 1476 ἑγὼ
1449 1407 1664 1474 ὑπάγω,
1690 1407 1847 1474 ὑμεῖς
1877 1405 1938 1458 οὐ

361 1490 589 1546 δύνασθε
640 1494 846 1563 aestv;
887 1498 995 1551 Καὶ
1021 1494 1171 1554 εἶπεν
1229 1500 1411 1564 αὐτοῖς
1436 1516 1451 1531 '
1499 1500 1690 1569 Ὑμεῖς
1738 1501 1804 1553 ἐκ
1830 1498 1941 1553 τῶν

364 1584 519 1638 κάτω
571 1586 717 1651 ἐστὲ,
774 1588 886 1657 ἐγὼ
944 1592 1007 1644 ὲκ
1039 1592 1150 1646 τῶν
1201 1592 1315 1647 ἄνω
1356 1592 1499 1663 εἰμί’
1539 1594 1697 1664 ὑμεῖς
1749 1594 1812 1645 ὲκ
1843 1591 1939 1645 τοῦ

364 1675 567 1745 κόσμου
601 1677 744 1744 ἐστὲ,
767 1679 880 1748 ἐγὼ
901 1682 963 1734 ἐκ
990 1682 1084 1735 τοῦ
1111 1682 1318 1752 κόσμου
1335 1683 1525 1737 τούτου
1558 1684 1656 1736 οὐκ
1686 1683 1821 1752 είμί.
1855 1676 1939 1734 Εἶ-

367 1786 465 1821 πον
508 1766 602 1825 οὖν
637 1772 787 1842 ὑμῖν,
826 1775 908 1828 ὅτι
968 1774 1329 1831 ἀποθανεῖσθε
1380 1778 1439 1831 ἐν
1489 1782 1609 1840 ταῖς
1639 1777 1940 1848 ἁμαρτίαις

365 1860 541 1930 ὑμῶν.
583 1863 706 1918 Ἐὰν
742 1866 848 1937 γὰρ
882 1866 957 1937 μὴ
985 1868 1333 1937 πιστεύσητε,
1365 1870 1447 1923 ὅτι
1480 1870 1590 1938 ὲγὼ
1635 1846 1775 1940 εἰμι,
1804 1871 1940 1924 ἀπο-
1971 1846 2013 1903 Β

360 1948 614 2006 θανεῖσσε
666 1955 724 2008 ὲν
752 1957 871 2020 ταῖς
915 1957 1213 2027 ἁμαρτίαις
1252 1959 1424 2029 ὑμῶν.
1467 1976 1485 2009 ι
1543 1959 1697 2022 Τίνος
1752 1961 1937 2012 ἕνεκεν

365 2043 624 2115 συχνάκις
651 2049 832 2113 αὐτοῖς
858 2049 1006 2119 λέγει
1030 2050 1116 2116 τὸ,
1173 2070 1192 2104 t
1232 2052 1374 2121 Ἐγὼ
1410 2053 1626 2121 ὑπάγω,
1657 2056 1747 2107 καὶ
1774 2054 1940 2124 ζητή-

362 2139 486 2191 σετέ
521 2155 631 2208 με;
672 2159 691 2191 ι
728 2142 893 2196 Ὥστε
931 2147 1248 2199 κατασεῖσαι
1279 2146 1458 2200 αὐτῶν
1494 2147 1587 2201 καὶ
1635 2147 1940 2216 ἐκφοϐῆσαι

362 2227 458 2291 τὰς
490 2228 690 2299 ψυχάς.
720 2231 861 2302 Ὀρα
890 2236 999 2305 γάρ
1029 2236 1145 2300 πῶς
1162 2239 1251 2300 είς
1286 2237 1539 2307 φροντίδα
1569 2240 1728 2301 εὐθὺς
1755 2239 1942 2292 ἐνέπε-

366 2335 480 2384 σον,
514 2322 563 2375 οῖ
588 2323 973 2397 διαποροῦντες
1007 2328 1228 2398 ἔλεγον
1269 2348 1287 2383 t
1322 2332 1468 2401 Μήτι
1505 2333 1793 2385 ἀποκτενεῖ
1814 2333 1941 2386 ἑαυ-

363 2411 490 2475 τόν;
524 2433 542 2465 ι
577 2414 755 2469 καίτοι
776 2418 1168 2484 ἐπιθυμοῦντες
1212 2422 1594 2494 ἀπαλλαγῆναι
1631 2424 1818 2486 αὐτοῦ,
1847 2423 1940 2477 καὶ

362 2504 427 2556 ἐκ
453 2504 620 2572 μέσου
641 2508 802 2563 αὐτὸν
825 2511 1076 2579 γενέσθαι
1106 2514 1408 2585 εὐχόμενοι,
1443 2516 1535 2570 καί
1568 2533 1670 2570 που
1698 2516 1791 2569 καὶ
1817 2518 1942 2569 ἀνε-

362 2596 476 2651 λεῖν
503 2599 816 2671 βουλόμενοι
842 2619 855 2632 ⁸
910 2606 1054 2674 ὅμως
1081 2606 1224 2661 οὕτω
1248 2623 1301 2660 τι
1335 2607 1476 2678 μέγα
1507 2611 1638 2681 περὶ
1670 2610 1764 2663 τοῦ
1796 2610 1937 2682 πρά-

363 2702 574 2758 γματος
616 2694 1054 2765 ὲφαντάσθησαν,
1086 2697 1226 2752 ὥστε
1256 2700 1535 2774 διαπορεῖν
1577 2705 1706 2773 περὶ
1746 2704 1936 2760 αὑτοῦ.

366 2781 520 2853 Ἀμα
549 2785 606 2839 δὲ
635 2791 895 2858 συχνάκις
943 2792 1094 2861 λέγει
1128 2793 1189 2847 τὸ
1215 2813 1229 2828 ’
1262 2815 1282 2848 t
1327 2795 1467 2864 Ἐγὼ
1498 2798 1712 2868 ὑπάγω,
1751 2819 1770 2853 ›
1828 2801 1939 2854 δει-

365 2876 494 2938 κνὺς
526 2878 609 2933 ὅτι
638 2881 1004 2951 προγινώσκει
1025 2885 1115 2939 τὸν
1138 2888 1335 2941 οἰκεῖον
1362 2887 1612 2951 θάνατον,
1648 2890 1743 2944 καὶ
1775 2891 1849 2955 ὦς
1877 2892 1936 2945 οὗ

362 2967 461 3037 τῆς
484 2971 663 3024 αὐτῶν
692 2972 975 3044 δυνάμεως
1009 2976 1169 3050 ἔργον
1196 2981 1223 3033 ὁ
1256 2981 1508 3050 σταυρὶς,
1542 2982 1676 3036 ἀλλά
1707 2984 1806 3054 τῆς
1841 2987 1939 3038 αὑ-

362 3059 457 3111 τοῦ
493 3060 823 3132 βουλήσεως.
868 3064 1098 3134 Ὑπάγω
1128 3071 1256 3139 γὰρ,
1309 3072 1495 3141 φησὶν,
1526 3071 1623 3142 οὐχ
1670 3073 1830 3142 ὑμεῖς
1869 3092 1938 3143 με

2040 752 2365 833 etignobilis
2392 765 2550 825 pater
2583 765 2727 819 tuus,
2754 757 2883 826 quid
2915 757 3065 812 illum
3107 767 3389 828 tantopere
3407 759 3617 828 laetas?

3071 852 3122 905 τί
3154 852 3318 906 αὑτὸν
3341 855 3370 921 ἡ
3383 853 3479 923 μῖν
3498 854 3612 907 ἄνω

2114 1032 2278 1090 Vens.
2313 1031 2504 1089 21-24.
2552 1052 2581 1087 τ
2606 1033 2753 1089 Dixit
2783 1048 2913 1105 ergo
2945 1033 3140 1089 iterum
3162 1035 3240 1089 eis
3262 1034 3418 1090 Jesns
3459 1054 3472 1090 :
3502 1034 3616 1105 Ego

2038 1123 2272 1190 vado,’et
2294 1124 2550 1194 quaeretis
2575 1132 2851 1179 meetnon
2886 1124 3170 1180 invenietis
3190 1124 3289 1197 (a),
3319 1135 3371 1179 et
3406 1129 3455 1179 in
3482 1141 3611 1196 pec-

2041 1224 2164 1269 cato
2195 1225 2377 1270 vestro
2412 1216 2743 1272 moriemini.
2778 1214 2898 1282 Quo
2929 1230 3031 1286 ego
3060 1218 3221 1284 vado,
3256 1233 3350 1270 vos
3377 1232 3479 1272 non
3513 1234 3615 1289 po-

2040 1307 2192 1361 testis
2227 1307 2430 1362 venire.
2460 1307 2869 1378 Dicebantergo
2900 1304 3068 1364 Judaei
3098 1327 3111 1362 :
3151 1308 3285 1362 Nunt
3328 1311 3619 1363 ittht'ﬁciet

2040 1399 2411 1468 semetipsum,
2472 1400 2594 1468 quia
2634 1400 2804 1455 dicit:
2834 1399 2952 1467 Quo
3003 1416 3104 1469 ego
3159 1402 3312 1466 vado,
3368 1417 3461 1455 vos
3510 1418 3611 1455 non

2042 1493 2265 1560 potestis
2281 1491 2513 1546 venire?
2529 1490 2593 1547 Et
2619 1491 2834 1547 dicebat
2853 1494 2933 1547 eis
2958 1511 2971 1548 :
3014 1492 3121 1548 Vos
3146 1495 3212 1548 ab
3242 1494 3430 1549 inferis
3457 1494 3612 1558 estis,

2040 1600 2142 1653 ego
2170 1584 2235 1638 de
2262 1584 2513 1653 supernis
2534 1598 2676 1640 sum.
2716 1584 2824 1639 Vos
2854 1585 2920 1639 de
2956 1586 3154 1639 mundo
3204 1586 3305 1640 ltoc
3333 1587 3487 1648 estis,
3515 1601 3615 1655 ego

2041 1674 2109 1728 de
2150 1673 2350 1727 mundo
2397 1674 2499 1728 hoe
2555 1690 2660 1728 non
2699 1689 2842 1729 sum.
2892 1674 3009 1729 Dixi
3058 1690 3188 1746 ergo
3237 1676 3411 1740 vobis,
3472 1679 3615 1745 quod

2043 1766 2345 1821 moriemini
2381 1766 2433 1820 iu
2456 1767 2694 1834 peccatis
2730 1768 2948 1822 vestris.
2981 1767 3037 1822 Si
3071 1769 3216 1822 enim
3243 1783 3346 1821 non
3370 1769 3616 1822 credide-

2040 1861 2158 1913 ritis
2208 1860 2348 1929 quod
2379 1873 2486 1927 ego
2506 1874 2651 1923 sum,
2676 1861 2978 1915 moriemini
3006 1861 3061 1915 iu
3086 1861 3321 1929 peccatis
3345 1862 3563 1916 vestris.
3592 1880 3625 1912 ο-

2039 1951 2158 2017 Qua
2187 1952 2253 2007 de
2273 1966 2436 2008 causa
2463 1953 2658 2009 crebro
2685 1953 2792 2008 illis
2815 1954 2967 2017 dicit,
3004 1973 3023 2007 ι
3052 1953 3167 2022 Ego
3199 1954 3353 2011 vado,
3388 1963 3438 2005 et
3467 1969 3612 2019 «puc-

2040 2045 2171 2100 retis
2197 2046 2320 2101 me?
2348 2065 2368 2098 ι
2397 2045 2468 2102 Ut
2492 2047 2562 2102 ita
2587 2048 2859 2101 concutiat
2876 2054 2929 2100 et
2953 2052 3156 2101 terreat
3173 2045 3381 2099 animos
3402 2060 3615 2099 eorum.

2041 2136 2109 2190 Et.
2136 2137 2255 2192 vide
2289 2154 2449 2207 quam
2480 2139 2663 2193 statim
2703 2138 2991 2193 inciderint
3020 2139 3073 2191 in
3106 2152 3266 2192 curas
3294 2145 3347 2191 et
3376 2137 3614 2205 perplexi

2040 2230 2222 2283 animo
2255 2230 2526 2296 dicebant,
2571 2248 2590 2282 ι
2633 2228 2889 2299 Nunquid
2933 2229 3226 2285 interﬁciet
3278 2226 3555 2296 seipsum?
3590 2245 3617 2278 ι

2044 2320 2306 2388 Quamvis
2325 2323 2615 2392 cupiebant
2646 2322 2717 2377 ab
2743 2321 2834 2377 illo
2863 2320 3106 2386 liberari,
3131 2329 3185 2376 et
3211 2319 3358 2374 illum
3380 2334 3411 2373 e
3439 2318 3620 2371 medio

2043 2413 2154 2466 tolli
2183 2415 2466 2482 optabant,
2500 2425 2661 2483 atque
2708 2415 2872 2470 etiam
2919 2414 3170 2468 occidere
3214 2411 3613 2466 moliebantur:

2041 2513 2275 2559 attamen
2310 2506 2381 2559 ita
2411 2520 2665 2575 maguum
2700 2505 2956 2576 quiddam
3001 2506 3069 2559 de
3116 2505 3219 2559 hac
3251 2517 3309 2558 re
3353 2502 3616 2572 imagina-

2039 2593 2258 2660 buntur,
2284 2604 2343 2648 ut
2361 2594 2613 2664 perplexo
2636 2595 2988 2650 redderentur
3008 2594 3210 2648 animo.
3234 2593 3460 2661 Insuper
3476 2605 3621 2658 saepe

2041 2686 2277 2748 dicebat,
2309 2701 2330 2736 ι
2372 2684 2484 2756 Ego
2513 2686 2654 2741 vado
2690 2703 2705 2740 :
2766 2703 2784 2739 ι
2824 2694 2883 2739 ut
2910 2696 3168 2740 monstret
3196 2684 3338 2754 quod
3371 2683 3620 2754 pmsciat

2038 2793 2193 2833 suam
2227 2787 2479 2843 mortem,
2516 2789 2570 2833 et
2600 2780 2744 2848 quod
2781 2794 2886 2832 non
2947 2778 3164 2833 illorum
3218 2778 3435 2832 virtutis
3482 2793 3620 2847 opus

2040 2884 2173 2924 crux
2219 2855 2316 2934 sit,
2373 2870 2467 2924 sed
2523 2869 2765 2937 ejusdem
2828 2869 3124 2923 voluntatis
3173 2884 3301 2925 sum.
3352 2888 3372 2921 ι
3410 2867 3556 2922 Vnde
3592 2886 3615 2919 ι

2040 2964 2209 3025 enim,
2259 2961 2466 3030 inquit;
2498 2974 2604 3015 non
2651 2973 2749 3014 vos
2789 2974 2873 3014 me
2903 2960 3124 3023 ducitis,
3164 2961 3256 3014 sed
3277 2974 3377 3029 ego
3425 2972 3617 3029 sponte

2047 3054 2209 3109 vado.
2246 3052 2488 3108 Dicendo
2520 3062 2743 3108 autem:
2786 3069 2807 3104 ι
2851 3051 2958 3107 Vos
2990 3068 3098 3107 non
3154 3055 3380 3121 potestis
3428 3052 3627 3106 venire

363 3152 549 3219 ἄγετε,
581 3155 697 3208 ἀλλ’
734 3155 846 3224 ἐγὼ
874 3159 1155 3232 ἐθελοντὴς
1182 3164 1513 3234 πορεύομαι.
1554 3165 1641 3218 Ἐν
1671 3166 1726 3219 δὲ
1756 3165 1835 3238 τῷ
1858 3168 1938 3220 εἰ·

2043 3160 2150 3215 quo
2192 3159 2293 3215 ego
2330 3146 2488 3206 vado,
2525 3164 2545 3196 ι
2605 3145 2835 3200 ostendit
2888 3145 3033 3215 quod
3083 3152 3495 3199 resurrecturus
3550 3145 3619 3197 sit

365 3245 511 3308 πεῖν,
590 3245 674 3300 ὅτι
710 3266 728 3298 ι
777 3246 966 3318 Ὑμεῖς
1016 3251 1077 3302 οὐ
1124 3251 1354 3305 δύνασθε
1406 3253 1599 3315 ἐλθεῖν,
1655 3255 1790 3307 ὅπου
1830 3255 1940 3322 ἐγὼ

363 3332 584 3402 ὑπάγω,
617 3355 637 3389 t
667 3336 959 3402 δείκνυσιν,
992 3340 1066 3404 ὡς
1099 3342 1208 3413 ἄρα
1258 3342 1623 3415 ἀναστήσεται
1652 3345 1750 3415 μὲν
1778 3347 1940 3410 αὐτὸς

364 3425 424 3478 ἑν
453 3426 602 3499 δόξῃ.
633 3432 728 3483 καὶ
766 3430 1034 3487 καθιεῖται
1057 3435 1122 3487 ὲκ
1152 3435 1340 3502 δεξιῶν
1376 3435 1471 3489 τοῦ
1496 3436 1630 3489 Θεοῦ
1651 3478 1665 3501 ,
1701 3438 1854 3491 αὐτοὶ
1884 3438 1940 3492 δὲ

361 3516 415 3570 ἐν
470 3522 592 3584 ταῖς
645 3523 943 3593 ἁμαρτίαις
1001 3528 1181 3580 αὐτῶν
1226 3529 1643 3583 ἀποθανοῦνται.
1714 3530 1941 3583 Ἐκεῖνοι

361 3609 545 3665 τοίνυν
579 3611 631 3667 τί
663 3615 800 3684 πρὸς
830 3617 1001 3672 ταῦτά
1034 3634 1208 3686 φασι;
1248 3639 1267 3672 ι
1296 3622 1387 3692 Μή
1418 3639 1471 3674 τι
1498 3623 1788 3675 ἀποκτενεῖ
1813 3623 1940 3676 ἑαυ-

363 3702 501 3768 τόν;
544 3723 563 3757 ι
627 3705 688 3760 '0
742 3707 798 3761 δὲ
833 3708 1034 3780 Κύριος
1089 3711 1328 3781 ἀναιρῶν
1382 3712 1589 3784 ταύτην
1632 3713 1812 3766 αὐτῶν
1840 3714 1940 3783 τὴν

364 3795 645 3861 ὑπόνοιαν,
671 3801 764 3854 καὶ
798 3802 1012 3866 δεικνὺς
1057 3804 1137 3856 ὅτι
1186 3805 1285 3857 οὐκ
1317 3804 1462 3858 ἔστιν
1491 3806 1649 3870 ἐκτὸς
1676 3807 1943 3876 κατακρί-

367 3905 508 3953 σεως
534 3892 595 3944 τὸ
623 3893 1010 3949 ἀποκτιννύναι
1034 3896 1248 3961 ἑαυτὸν,
1280 3897 1477 3968 φησιν’
1526 3897 1712 3968 Ὑμεῖς
1744 3899 1810 3953 ὲκ
1832 3899 1943 3952 τῶν

365 3980 519 4054 κάτῳ
553 3982 724 4051 ὄντες,
778 3986 874 4040 καὶ
921 3989 1088 4058 μηδὲν
1140 3988 1281 4043 θεῖον
1334 3991 1586 4062 ἐννοῆσαι
1633 3993 1941 4063 δυνάμενοι,

365 4074 676 4141 ἀκολούθως
718 4078 944 4133 τοιαῦτα
982 4083 1152 4135 νοεῖτε
1198 4098 1210 4114 ·
1262 4081 1374 4151 ὲγὼ
1425 4082 1481 4136 δὲ
1517 4083 1591 4155 μὴ
1638 4083 1713 4137 ὢν
1745 4087 1808 4138 ἐκ
1845 4086 1943 4139 τοῦ

366 4167 572 4237 κόσμου
602 4168 813 4236 τούτου,
848 4173 1115 4239 τουτέστι,
1164 4173 1334 4245 μηδὲν
1375 4176 1639 4244 κοσμικδν
1668 4178 1760 4229 καὶ
1788 4177 1943 4248 περί-

365 4275 514 4327 γειον
560 4264 797 4332 φρονῶν,
856 4265 954 4317 οὐκ
993 4265 1057 4318 ἄν
1110 4283 1241 4320 ποτε
1303 4268 1383 4331 είς
1417 4267 1577 4321 τοῦτο
1630 4268 1827 4338 μανίας
1857 4268 1943 4322 ελ-

366 4351 540 4422 θοιμι,
584 4353 724 4407 ὥστε
781 4356 973 4410 ἑαυτὸν
1001 4358 1319 4412 ἀποκτεῖναι
1345 4375 1359 4388 °
1407 4359 1567 4413 τοῦτο
1615 4359 1723 4431 γὰρ
1751 4360 1942 4430 δαιμο-

368 4444 580 4511 νιῶδες,
636 4449 728 4501 καὶ
774 4449 835 4502 οὐ
869 4449 1033 4505 θεῖον.
1079 4451 1220 4504 Ἀλλ’
1270 4451 1504 4506 ἐνταῦθα
1565 4452 1943 4524 ’Δπολινάριος

2046 3238 2158 3307 ipse
2206 3238 2416 3308 quidem
2451 3238 2502 3292 in
2534 3238 2724 3309 gloria,
2771 3247 2825 3291 et
2848 3252 3208 3294 eonsessurus
3238 3238 3305 3293 ad
3334 3239 3612 3292 dexteram

2043 3328 2224 3385 Putris
2258 3348 2271 3384 :
2303 3330 2404 3399 ipsi
2449 3339 2625 3385 autem
2659 3331 2711 3383 in
2762 3331 2875 3385 suis
2928 3332 3169 3399 peccatis
3208 3333 3457 3385 morituri
3486 3333 3615 3383 sint.

2042 3421 2120 3476 Illi
2160 3423 2323 3492 igitur
2351 3422 2481 3493 quid
2533 3424 2599 3477 ad
2652 3424 2764 3478 haec
2793 3423 3018 3477 tlicttttl?
3049 3443 3068 3475 ι
3109 3421 3356 3493 Nunquid
3410 3424 3621 3475 orcidct

2044 3514 2319 3583 seipsuut?
2356 3533 2376 3566 ι
2420 3514 2679 3570 Dominus
2725 3526 2908 3569 autem
2963 3514 3152 3569 tollens
3198 3516 3338 3569 hanc
3405 3514 3617 3567 ilurttm

2044 3607 2432 3676 suspicionem,
2468 3607 2705 3662 ostendit
2754 3609 2897 3676 quod
2934 3623 3039 3662 non
3074 3616 3259 3661 careat
3289 3608 3622 3660 condemna—

2045 3700 2192 3755 tione
2218 3701 2469 3755 occidere
2497 3701 2769 3770 seipsum:
2814 3717 2835 3751 t
2873 3701 3001 3765 Vos,
3036 3699 3232 3769 inquit,
3269 3698 3338 3753 ab
3390 3696 3621 3753 infernis

2046 3791 2200 3854 estis,
2233 3808 2254 3842 ι
2296 3790 2540 3858 nihilque
2561 3791 2801 3846 divinum
2836 3793 3081 3858 cogita-re
3122 3791 3383 3853 volentes,
3416 3791 3487 3844 ita
3529 3804 3622 3844 eo-

2044 3883 2248 3954 gitatis.
2271 3882 2385 3953 Ego
2416 3893 2592 3938 autem
2619 3897 2742 3939 cum
2777 3899 2881 3939 non
2926 3887 3026 3939 sim
3049 3901 3112 3938 ex
3148 3884 3248 3939 hoc
3275 3884 3493 3947 mundo,
3520 3883 3623 3937 hoc

2044 3987 2149 4044 est,
2176 3976 2308 4033 nihil
2342 3980 2671 4033 mundanum
2701 3987 2757 4033 et
2784 3988 3061 4034 terrenum
3088 3980 3318 4050 sapiam,
3348 3992 3619 4047 nunquam

2052 4071 2105 4126 itt
2147 4081 2350 4127 tantam
2400 4073 2714 4142 perveniam
2742 4072 3032 4138 insaniam,
3067 4083 3127 4128 ttt
3159 4087 3245 4129 me
3267 4074 3438 4143 ipsum
3472 4071 3629 4126 occi-

2046 4167 2190 4219 dunt.
2215 4163 2330 4218 Hoc
2354 4165 2496 4220 enim
2529 4165 2853 4220 diabolicum
2886 4175 2969 4221 est
2992 4176 3046 4222 et
3074 4182 3178 4221 non
3209 4167 3472 4221 divinum.
3504 4167 3619 4220 [loc

2046 4255 2163 4311 loco
2197 4257 2561 4326 Apollinarius
2593 4258 2883 4314 occasione
2912 4271 3125 4331 sumpta
3152 4260 3473 4315 Manichacus
3503 4276 3620 4315 ont-

2047 4350 2180 4406 nino
2224 4366 2461 4421 sequens
2523 4353 2702 4409 dicit:
2764 4353 2931 4409 Vides
2989 4355 3131 4424 quod
3198 4369 3302 4410 non
3363 4366 3481 4410 erat
3552 4370 3619 4408 ex

2047 4446 2248 4501 mundo
2278 4444 2380 4500 hoc
2432 4461 2630 4516 corpus
2673 4446 2909 4511 Domini,
2939 4447 3032 4503 sed
3086 4449 3152 4502 de
3185 4449 3438 4517 supernis
3464 4462 3526 4502 ac
3556 4450 3623 4503 de

365 4535 702 4608 δραξάμενος
737 4538 832 4592 τοῦ
861 4539 1045 4610 ῥητοῦ,
1081 4540 1239 4612 φησὶ,
1281 4543 1393 4603 τοῖς
1422 4541 1750 4611 Μανιχαίοις
1804 4542 1942 4595 πάν-

2050 4536 2187 4592 ςωιο
2217 4554 2232 4592 :
2265 4537 2404 4592 sicut
2431 4546 2487 4592 et
2517 4539 2673 4592 divus
2704 4538 2901 4593 Paulus
2944 4538 3078 4593 dicit
3110 4539 3254 4609 quod
3295 4557 3316 4591 ι
3340 4539 3621 4594 Secundus

365 4646 475 4693 τως
508 4628 794 4700 ἑπόμενος,
834 4631 916 4684 ὃτι
973 4632 1138 4703 Ὁρᾷς
1157 4648 1194 4700 ,ο
1230 4633 1330 4685 οὐκ
1360 4628 1428 4703 ἦν
1476 4634 1541 4686 ὲκ
1594 4631 1689 4685 τοῦ
1729 4632 1939 4701 κόσμου

363 4722 558 4775 τούτου
597 4722 658 4775 τὸ
691 4722 853 4791 σῶμα
899 4722 993 4776 τοῦ
1026 4723 1255 4793 Κυρίου,
1294 4723 1409 4777 ἀλλ’
1444 4722 1649 4776 ἄνωθεν
1688 4721 1747 4788 ἐξ
1775 4724 1939 4794 οὐρα-

364 4814 483 4880 νοῦ,
508 4816 583 4879 ὡς
611 4817 705 4870 καὶ
735 4815 943 4879 Παῦλος
969 4815 1134 4884 λέγει,
1162 4817 1244 4870 ὅτι
1286 4835 1304 4869 t
1344 4817 1402 4869 '0
1442 4816 1693 4888 δεύτερος
1728 4815 1944 4887 ἂνθρωο

366 4924 491 4971 πος.
525 4910 555 4961 ό
586 4908 788 4979 Κύριος
820 4908 878 4973 ἐξ
903 4908 1156 4977 ούρανοῦ.
1196 4927 1215 4960 ι
1252 4908 1317 4961 Τί
1343 4908 1524 4961 τοίνυν
1551 4907 1697 4960 ἔστιν
1731 4910 1938 4973 εἰπεῖνς

362 4995 440 5052 Ἦ
477 5001 693 5062 πάντως
736 5001 1041 5069 ἑρωτητὲον
1066 5001 1249 5065 αὐτὸν,
1277 5000 1392 5061 πῶς
1419 5002 1530 5053 νοεῖ
1558 4999 1619 5053 τὸ
1652 5001 1787 5070 πρὸς
1815 5001 1942 5064 τοὺς

365 5095 697 5157 ἀποστόλους
725 5096 876 5165 παρά
910 5094 1002 5148 τοῦ
1024 5094 1228 5167 Κυρίου
1251 5094 1559 5163 λεγόμενον,
1591 5094 1672 5146 ὄτι
1707 5110 1725 5144 t
1750 5092 1951 5163 Ὑμεῖς.

363 5187 465 5240 οὐκ
516 5187 639 5241 ἔστε
677 5187 742 5240 ὲκ
803 5185 898 5240 τοῦ
925 5186 1171 5257 κόσμου;
1204 5205 1224 5238 ι
1277 5183 1386 5257 ἆρα
1419 5187 1497 5250 ὡς
1546 5189 1640 5239 κα)⁸
1663 5187 1845 5239 αὐτῶν
1872 5186 1939 5240 τὰ

368 5276 598 5347 σώματα
622 5278 688 5331 ἐκ
709 5276 802 5334 τοῦ
836 5275 1065 5348 οὐρανοῦ
1094 5278 1350 5348 ἑχόντων,
1380 5277 1493 5331 ἀλλ’
1519 5279 1618 5331 οὐκ
1643 5280 1707 5331 ὲκ
1737 5276 1940 5350 ταύτης

363 5368 466 5438 τῆς
492 5367 741 5432 κτίσεως,
792 5367 825 5438 ἢ
870 5368 945 5432 ὡς
971 5367 1046 5439 μὴ
1093 5364 1161 5422 τᾶ
1188 5367 1281 5422 τοῦ
1325 5370 1529 5438 κόσμου
1575 5369 1954 5439 φρονούντων,.

364 5452 488 5510 εἷπε
521 5459 679 5510 τοῦτο
705 5459 734 5511 ό
765 5457 965 5526 Κύριος
990 5475 1005 5524 ;
1038 5458 1309 5530 Πρόδηλον
1335 5460 1573 5527 πάντως,
1602 5462 1683 5514 ὅτι
1704 5463 1825 5514 ἐπεὶ
1867 5463 1940 5533 μὴ

362 5550 434 5602 τὶ
463 5548 590 5602 τοῦν
615 5549 821 5621 κόσμου
852 5550 1135 5622 ἐφρόνουν,
1176 5551 1367 5604 τούτου
1386 5553 1571 5604 ἕνεκεν
1603 5553 1761 5605 τοῦτο
1805 5555 1942 5622 προς

364 5646 562 5708 αἰτοὺς
593 5640 770 5698 εἶπεν.
807 5643 992 5708 Οὕτως
1017 5642 1109 5697 οὖν
1139 5644 1356 5714 νοητέον
1388 5647 1480 5698 καὶ
1505 5647 1587 5713 τὸ,
1620 5663 1637 5697 ι
1675 5643 1815 5711 Ἐγὼ
1840 5646 1943 5699 οὐκ

364 5740 483 5806 εἰμὶ
514 5740 578 5792 ὲκ
619 5737 716 5792 τοῦ
764 5738 1001 5809 κόσμου’
1044 5755 1071 5789 ι
1107 5739 1406 5803 τουτέστιν,
1445 5740 1558 5792 Οὐκ
1608 5742 1723 5810 εἰμὶ
1755 5740 1831 5801 ὡς
1859 5735 1940 5802 εἷς

445 5894 468 5926 ⁸
504 5894 671 5949 lCor.
698 5911 786 5959 xv,
822 5896 913 5951 47.
989 5885 1011 5929 ί
1049 5895 1206 5953 Joan.
1232 5912 1323 5962 xv,
1367 5897 1452 5951 19.
1530 5896 1553 5927 ⁸
1583 5895 1742 5951 Rom.
1786 5912 1900 5959 \‘tll,
1943 5895 1997 5951 9.

2046 4628 2206 4685 homo
2228 4628 2487 4685 Dominus
2510 4631 2574 4686 de
2594 4631 2788 4687 ctelo'.
2812 4650 2837 4684 ι
2858 4631 2995 4699 Quid
3021 4633 3183 4703 igitur
3198 4642 3282 4687 est
3302 4632 3629 4688 dicendum?

2046 4718 2183 4775 Num
2220 4724 2555 4793 interrogare
2599 4731 2815 4795 oportet
2859 4724 3008 4779 illum
3045 4725 3316 4795 quomodo
3355 4724 3620 4792 intelligat

2046 4814 2188 4884 quod
2221 4815 2285 4869 ad
2310 4816 2582 4884 apostolos
2611 4832 2640 4870 a
2669 4816 2896 4871 Domino
2920 4818 3140 4882 dicitur,
3170 4836 3188 4869 ι
3223 4818 3328 4872 Vos
3358 4834 3462 4870 non
3495 4820 3623 4872 ests

2044 4925 2109 4964 ex
2159 4911 2260 4964 hoc
2309 4911 2509 4964 mundo
2537 4910 2599 4963 ’ἲ
2638 4928 2658 4962 ι
2702 4927 2827 4964 num
2866 4920 2919 4964 et
2953 4911 3024 4964 illi
3066 4924 3261 4979 eurpus
3321 4911 3626 4965 habuerunt

2048 5002 2286 5069 caeleste,
2324 5009 2377 5057 et
2412 5019 2517 5057 non
2543 5002 2704 5072 hujus
2751 5003 3083 5058 creatiouis?
3106 5004 3187 5058 vel
3222 5004 3366 5072 quod
3396 5019 3500 5055 non
3531 5016 3621 5055 sa-

2045 5094 2186 5164 piant
2202 5109 2323 5163 quae
2349 5093 2508 5162 Itujus
2536 5092 2880 5157 tuuudisuut,
2906 5094 3039 5149 dixit
3063 5095 3165 5148 hoc
3188 5092 3483 5147 Dominus?
3515 5091 3627 5146 Ma-

2044 5187 2296 5243 nifestum
2325 5189 2467 5258 quod
2499 5186 2642 5253 ideo,
2675 5188 2804 5258 quia
2831 5201 2939 5242 non
2968 5187 3254 5258 sapiebant
3286 5198 3406 5257 qua:
3458 5185 3622 5254 huius

2044 5280 2251 5334 mundi.
2294 5279 2373 5334 Ita
2405 5287 2473 5334 et.
2505 5294 2646 5335 nunc
2677 5279 3109 5351 intelligendum,
3148 5295 3167 5329 ι
3204 5278 3316 5347 Ego
3348 5291 3455 5331 non
3501 5291 3620 5332 sum

2044 5370 2113 5425 de
2164 5371 2264 5427 hoc
2320 5373 2546 5439 mundo,
2583 5390 2605 5423 ι
2635 5371 2801 5443 620
2824 5371 2929 5426 hoc
2958 5379 3063 5434 est,
3091 5385 3201 5424 non
3232 5384 3348 5424 sum
3386 5382 3524 5423 unus
3554 5384 3629 5422 ex.

2052 5463 2226 5528 vobis,
2283 5466 2377 5534 qui
2422 5465 2927 5535 mundanasapitis
2983 5481 2999 5519 :
3035 5465 3175 5520 sicut
3208 5470 3262 5518 et
3313 5461 3509 5517 Paulus
3554 5463 3619 5515 ad

2048 5552 2311 5622 quosdam
2333 5553 2541 5618 dicens,
2568 5571 2587 5605 ι
2610 5552 2729 5609 Νοη
2763 5554 2893 5608 estis
2913 5553 2966 5607 in
3007 5567 3170 5607 carne
3190 5553 3233 5619 ⁸,
3255 5571 3287 5607 ,ι
3319 5566 3423 5606 non
3452 5552 3626 5606 incor-

2049 5659 2240 5712 poreos
2260 5658 2353 5699 eos
2376 5661 2496 5702 esse
2516 5646 2664 5714 dicit,
2696 5646 2791 5702 sed
2819 5653 3048 5701 testatur
3069 5646 3338 5716 quomodo
3363 5645 3621 5699 virtutum

2047 5738 2277 5793 studiosi
2315 5739 2445 5808 sint,
2491 5748 2547 5797 et
2573 5755 2603 5796 a
2675 5738 2989 5797 carnalibus
3026 5738 3407 5796 aﬂectionittus
3440 5736 3625 5792 liberi.

444 6013 522 6083 (α)
569 6017 637 6069 Et
666 6031 769 6071 non
819 6014 1109 6071 invenietis.
1178 6013 1479 6071 Ascititiuut
1555 6035 1619 6073 ex
1675 6018 1850 6090 capite
1901 6032 2009 6085 vn,
2051 6032 2101 6075 ν.
2132 6016 2221 6072 56.
