4060 6574
486 477 551 546 19
1394 486 1970 553 THEOPHYLACTI
2010 492 2044 551 Ε

2147 493 2421 553 .G.-\R[/E
2461 493 2821 553 ARCHIEP.
3650 488 3723 555 20

480 593 617 661 Quid
640 592 806 665 igitur
833 594 969 651 ultra
998 594 1125 652 dicit
1153 596 1233 653 eis
1264 596 1561 655 Dominus?
1593 620 1611 652 ι
1656 600 1712 656 Si
1744 617 1851 657 non
1876 603 2044 656 credi-

2159 605 2312 675 ὑμῶν
2361 605 2468 658 τῶν
2504 605 2571 659 τά
2623 606 2717 658 τοῦ
2778 606 2985 675 κόσμου
3028 604 3415 676 φρονούντωνο
3464 605 3541 670 ὡς
3574 606 3670 661 καὶ
3697 607 3725 658 6

478 686 688 753 dcritis,
717 689 908 758 inquit,
925 688 1077 754 tuihi,
1106 691 1157 745 in
1190 692 1424 759 peccatis
1443 693 1636 748 vestris
1660 694 1985 749 moriemini.
2025 713 2044 747 ι

480 775 617 829 Cum
651 778 791 830 enim
827 788 1046 848 propter
1084 780 1187 834 hoc
1234 783 1463 845 venerit,
1495 794 1553 837 ut
1584 801 1603 834 ι
1648 784 1797 839 tollat
1829 795 2047 854 peccata

479 864 723 935 mutuli“,
753 887 770 919 ι
802 869 942 924 haud
975 870 1130 926 aliter
1154 874 1524 929 remissionem
1543 872 1885 945 peccatorum
1904 877 2047 931 acci-

480 973 607 1025 pere
643 975 956 1030 possumus,
986 979 1145 1032 quam
1181 982 1277 1034 per
1323 968 1671 1035 baptismum.
1709 967 2049 1038 Impossibile

480 1061 659 1104 autem
688 1060 773 1107 εει
803 1054 1061 1122 baptizari
1086 1071 1206 1110 eum
1240 1057 1331 1124 qui
1376 1064 1480 1111 u'on
1518 1058 1767 1113 credidit.
1815 1059 2049 1115 Omnino

480 1139 643 1208 igitur
667 1147 1033 1199 necessarium
1068 1155 1251 1215 postea
1299 1148 1350 1200 in
1387 1164 1484 1203 suo
1513 1160 1733 1219 peccato
1768 1150 1898 1203 mori
1928 1149 2048 1204 inli-

476 1231 670 1289 delem.
701 1233 817 1288 Non
848 1236 987 1290 enim
1012 1240 1164 1294 exuit
1194 1248 1426 1295 veterem
1458 1242 1752 1308 hominem,
1782 1240 1902 1311 quia
1941 1257 2048 1297 non

475 1322 780 1392 baptizatus
808 1326 922 1383 fuit.
955 1327 1158 1384 Idcirco
1188 1340 1241 1386 et
1289 1332 1528 1387 aliolnco
1552 1333 1681 1388 dicit
1710 1333 2044 1397 Dominus“,

490 1432 511 1466 ι
542 1414 642 1482 Qui
680 1435 784 1474 non
827 1422 1020 1486 credit,
1043 1423 1153 1491 jam
1185 1423 1458 1491 judit'atus
1475 1434 1557 1479 est
1590 1445 1602 1479 :
1646 1443 1664 1477 ι
1699 1441 1799 1479 non
1829 1436 2048 1494 propter

476 1507 575 1563 hoc
606 1517 833 1591 tantum,
857 1516 996 1583 quod
1024 1531 1127 1569 non
1153 1517 1346 1583 credit,
1374 1516 1465 1572 sed
1494 1526 1549 1572 et
1574 1519 1696 1589 quia
1723 1519 1900 1587 priora
1918 1534 2045 1589 pec-

476 1607 596 1653 cata
624 1600 829 1658 habens
861 1607 1112 1662 moritur.

2158 697 2366 759 Παῦλος
2403 698 2534 767 πρός
2559 715 2710 761 τινας
2733 696 2879 766 λέγει
2904 712 2919 727 ·
2961 715 2980 749 ι
3012 697 3126 750 Οὐκ
3159 698 3279 751 ἐστὲ
3311 699 3369 750 ὲν
3397 697 3561 769 σαρκί
3582 714 3598 730 ’
3626 699 3728 752 οὐκ

2131 790 2479 858 ,ἀσωμάτους
2512 789 2709 853 αὐτοὺς
2744 785 2883 842 εἶναι
2912 789 3081 857 λέγει,
3115 787 3251 842 ἀλλὰ
3285 789 3602 859 φιλοσοφίαν
3624 791 3725 842 αὐ-

2155 882 2287 941 τοῖς,
2316 880 2410 931 καὶ
2439 879 2716 949 σαρκικῶν
2739 876 2927 930 παθῶν
2948 876 3268 945 ἀπαλλαγὴν
3293 879 3724 948 προσμαρτυρεῖ.

2156 970 2220 1023 Τί
2249 966 2341 1024 οὖν
2370 970 2533 1025 πάλιν
2563 970 2747 1033 αὐτοῖς
2773 971 2800 1023 6
2826 968 3065 1041 K69t0;;
3103 988 3123 1021 ι
3173 957 3401 1039 Ἐἁνμὴ
3432 962 3758 1037 πιστεῦση-ι

2154 1082 2236 1127 τε,
2286 1064 2471 1134 φησὶν,
2503 1064 2648 1133 ἐμοὶ.
2682 1065 2742 1117 ὲν
2776 1064 2893 1126 ταῖς
2928 1061 3224 1134 ἁμαρτίαις
3256 1061 3407 1131 ὑμῶν
3439 1054 3750 1114 ἀποθανεῖ-³

2156 1154 2270 1208 σθε.
2299 1174 2315 1206 ι
2346 1156 2406 1208 Εἰ
2437 1156 2545 1225 γάρ
2574 1154 2661 1207 διὰ
2683 1154 2841 1207 τοῦτο
2866 1150 3048 1223 ἦλθεν,
3082 1152 3168 1207 ἵνα
3202 1154 3310 1223 ἄρῃ
3337 1152 3434 1222 τὴν
3455 1136 3751 1222 ἁμαρτίαν

2154 1245 2245 1300 ’τοῦ
2279 1246 2502 1316 κόσμου,
2535 1245 2630 1298 καὶ
2670 1246 2767 1299 οὐκ
2810 1244 2954 1297 ἔστιν
2986 1243 3160 1308 άλλως
3196 1244 3391 1312 ἄφεσιν
3445 1242 3726 1312 ἁμαρτιῶν

2153 1334 2357 1399 λαϐεῖν,
2405 1336 2451 1387 εἰ
2494 1335 2567 1404 μὴ
2591 1334 2679 1387 διά
2709 1332 2800 1386 τοῦ
2833 1332 3229 1403 βαπτίσματος,
3267 1332 3631 1403 βαπτισθῆναι
3671 1331 3725 1384 δὲ

2154 1425 2242 1478 τὶν
2272 1425 2344 1496 μὴ
2378 1425 2743 1479 πιστεύσαντα
2775 1423 3032 1477 ἀδύνατον
3057 1442 3068 1454 ·
3100 1424 3311 1492 ἀνάγκη
3348 1425 3496 1477 πᾶσα
3538 1422 3725 1475 λοιπον

2152 1519 2209 1571 ὲν
2240 1522 2305 1588 τῇ
2336 1517 2511 1589 οἰκεία
2540 1518 2783 1588 ἁμαρτία
2814 1517 3107 1571 ἀποθανεῖν
3127 1516 3216 1568 τὴν
3240 1515 3487 1569 ἄπιστον.
3514 1513 3588 1566 Οὐ
3616 1513 3726 1584 γὰρ

2151 1608 2436 1673 ἐξεδύσατο
2478 1611 2569 1662 τὸν
2601 1610 2827 1663 παλαιὸν
2859 1609 3167 1681 ἄνθρωπον,
3193 1609 3276 1662 ὅτι
3324 1608 3399 1680 μὴ
3430 1603 3727 1660 ἐϐαπτίσα-

473 1707 554 1745 το.
587 1695 679 1750 Διὸ
711 1698 805 1751 καὶ
861 1699 1097 1770 ἀλλαχοῦ
1132 1719 1298 1771 φησιν
1342 1706 1369 1756 ὀ
1404 1704 1626 1773 Κύριος,
1665 1706 1747 1757 ὃτι
1797 1722 1817 1755 ι
1888 1704 1944 1757 Ὀ
1994 1705 2070 1774 μὴ
2120 1702 2389 1756 πιστεύων
2432 1704 2532 1774 ἥδη
2566 1703 2859 1775 ριἐκριται,
2897 1723 2915 1756 ι
2978 1704 3037 1757 οὗ
3092 1701 3232 1756 κατὰ
3275 1702 3431 1755 τοῦτο
3481 1700 3639 1770 μόνον
3666 1703 3726 1757 τὸ

477 1788 552 1859 μὴ
586 1794 897 1858 πιστεῦσαι,
930 1796 1045 1849 ἀλλ’
1066 1797 1148 1851 ὅτι
1175 1799 1359 1854 καὶτὰ
1393 1800 1657 1873 πρότερον
1678 1803 2048 1874 ἁμαρτήματα
2071 1800 2210 1872 ἔχων
2243 1800 2480 1856 ἄπεισιν.

547 1881 706 1939 Vens.
731 1884 925 1942 25-27.
958 1905 977 1939 ι
1012 1888 1270 1946 Dicebant
1301 1907 1431 1964 ergo
1466 1895 1515 1949 ei
1545 1913 1560 1949 :
1599 1893 1678 1948 Tn
1713 1896 1837 1965 quis
1861 1895 1954 1949 es?
1982 1894 2042 1948 Et
2079 1902 2119 1955 Β

471 1974 693 2033 (Πεῖιθὶε
722 1977 880 2037 Jesns
915 2000 932 2038 :
971 1983 1028 2039 ln
1051 1985 1269 2055 primis,
1302 1989 1443 2057 quod
1471 1997 1524 2045 et
1551 1990 1743 2059 loquor
1770 1991 1920 2044 vobis
1939 1990 2039 2061 (η).

470 2067 637 2123 Multa
678 2070 852 2129 habeo
882 2088 1002 2144 quae
1034 2077 1098 2131 de
1131 2076 1283 2134 vobis
1320 2082 1510 2148 loquar
1542 2096 1605 2135 ac
1642 2081 1900 2150 indicem.
1944 2082 2038 2136 sed

454 2158 561 2227 ηιιί
597 2175 681 2215 me
733 2162 900 2229 misit,
929 2180 1086 2222 verax
1119 2178 1202 2224 est
1232 2185 1248 2224 :
1274 2178 1328 2224 et
1354 2184 1453 2240 ego
1483 2186 1601 2240 qua:
1627 2172 1808 2226 audivi
1857 2173 1925 2226 ah
1953 2187 2039 2238 eo,

473 2248 585 2305 tunc
623 2251 815 2323 loquor
843 2256 895 2309 iu
920 2259 1144 2314 mundo.
1198 2259 1263 2315 Et
1285 2275 1388 2316 non
1421 2272 1790 2331 cognoverunt
1811 2265 1954 2334 quod
1978 2264 2043 2318 de

474 2341 632 2399 Patre
663 2346 831 2413 ipsius
868 2348 1080 2405 loeutus
1104 2361 1271 2408 csset.
1313 2371 1334 2404 ι
1370 2352 1497 2408 Post
1538 2362 1746 2407 tantum
1806 2365 2039 2422 tempus,

473 2442 593 2499 post
624 2446 896 2492 tantorum
935 2439 1319 2495 miraculorum
1373 2446 1739 2498 ostensiouem
1804 2444 2032 2498 interro-

474 2532 599 2593 gant
625 2540 773 2592 eum,
811 2545 834 2580 ι
864 2526 943 2583 Tu
975 2532 1098 2600 quis
1129 2531 1229 2586 es?
1261 2550 1280 2583 ι
1321 2534 1698 2588 contumeliosi
1742 2542 1796 2588 et
1825 2535 1897 2588 ita
1927 2535 2043 2589 tne-

475 2626 602 2671 rnnt
635 2618 952 2687 insipientes
984 2622 1260 2677 irrisores.
1290 2622 1360 2677 At
1396 2622 1653 2679 Dominus
1684 2625 1876 2694 inquit,
1922 2644 1941 2677 ‹
1982 2624 2039 2679 In

446 2708 680 2776 primis,
714 2713 855 2780 quod
878 2722 928 2766 et
965 2713 1159 2783 loquor
1188 2716 1359 2771 vobis.
1395 2733 1414 2767 ι
1452 2715 1582 2782 V’os,
1613 2717 1807 2787 inquit,
1840 2719 2040 2787 indigni

470 2800 603 2856 estis
630 2810 687 2858 ιιι
715 2805 949 2860 audiatis
974 2822 1001 2860 a
1038 2823 1126 2863 me
1157 2823 1454 2873 sermones,
1481 2819 1534 2864 et
1558 2810 1773 2865 disratis
1796 2813 1885 2882 qni
1917 2813 2039 2867 sim.

471 2891 660 2951 Omnia
715 2898 859 2951 enim
896 2907 1170 2957 tentantes
1200 2902 1399 2967 dicitis,
1433 2910 1486 2958 et
1535 2904 1667 2957 nihil
1696 2922 1760 2960 ex
1794 2906 1877 2959 his
1925 2922 2043 2973 qua:

474 2988 685 3059 loquor,
731 2992 950 3049 auditis.
985 2994 1094 3063 Ego
1137 3006 1315 3051 autem
1352 3013 1565 3068 possem
1601 3015 1695 3054 vos
1739 3002 1902 3054 etiam
1952 3016 2043 3056 ar-

471 3094 657 3149 guere,
687 3091 742 3139 et
785 3099 892 3139 non
937 3087 1108 3141 solum
1163 3103 1411 3159 arguere,
1451 3091 1544 3145 sed
1572 3100 1625 3146 et
1659 3092 1870 3161 punire.
1914 3092 2041 3149 [ch

474 3172 618 3228 enim
653 3174 758 3229 duo
787 3175 1046 3245 insinuat,
1071 3177 1258 3235 dicens
1288 3198 1303 3236 :
1340 3199 1359 3232 ι
1394 3181 1526 3248 Quia
1551 3184 1714 3237 multa
1737 3198 1948 3252 possem
1977 3187 2041 3238 dc

476 3265 626 3321 vobis
642 3267 808 3337 loqui,
831 3270 1173 3339 etjudicare:
1200 3292 1218 3325 ι
1243 3288 1337 3342 per
1354 3273 1524 3344 IOqui,
1549 3274 2043 3343 reprehensionem;

475 3372 571 3427 per
610 3358 881 3430 judicare,
914 3364 1416 3422 condenmationem
1472 3369 1741 3437 intelligit.
1778 3388 1796 3421 ι
1853 3371 1923 3422 At
1957 3369 2047 3438 qni

474 3465 564 3508 me
588 3452 757 3520 misit,
798 3473 818 3508 ι
855 3456 1048 3522 inquit,
1076 3461 1268 3513 nonad
1297 3456 1400 3514 hoc
1427 3459 1572 3514 misit
1593 3475 1698 3525 me,
1724 3470 1783 3515 ιιι
1812 3460 2047 3529 judirem

472 3559 538 3600 ac
573 3560 819 3616 arguam.
862 3567 881 3600 ι
907 3548 1021 3605 Non
1055 3550 1200 3605 enim
1235 3550 1379 3605 misit
1403 3549 1541 3607 Dens
1582 3552 1777 3606 Filium
1806 3566 1959 3606 suum
1994 3566 2048 3604 ιιι

469 3635 673 3705 iudicet
711 3640 993 3704 mundum,
1026 3641 1120 3694 sed
1158 3641 1399 3696 utsalvet
1437 3643 1791 3697 mundum‘“.
1828 3662 1847 3695 ι
1887 3643 2050 3710 Igitur

471 3730 596 3799 quia
653 3729 812 3787 Pater
860 3748 1009 3789 meus
1040 3734 1109 3788 ad
1156 3734 1474 3789 salvandum
1524 3749 1610 3790 me
1665 3734 1830 3799 misit,
1884 3749 2043 3789 veras

475 3832 656 3876 autem
692 3832 793 3887 est,
840 3824 1035 3893 merito
1073 3825 1486 3894 nullumjudico
1539 3841 1702 3889 nunc,
1746 3826 1840 3880 sed
1873 3824 2044 3881 solum

475 3915 666 3984 loquor
693 3930 812 3986 qua:
840 3915 1017 3969 audivi
1049 3919 1115 3971 de
1146 3915 1305 3971 Patre
1332 3931 1474 3981 meo,
1499 3931 1560 3971 ea
1590 3932 1707 3987 qua:
1729 3918 1794 3972 ad
1817 3916 2043 3972 salutem

471 4008 674 4064 scilicet
703 4016 964 4077 spectant,
992 4022 1095 4063 non
1110 4010 1175 4064 ad
1201 4009 1694 4079 reprehensionem.
1720 4009 1843 4065 Haec
1865 4020 2043 4064 autem

475 4100 711 4164 dicebat,
743 4111 801 4157 ut
838 4116 904 4155 ne
933 4110 1121 4168 putent
1146 4102 1287 4169 quod
1318 4109 1377 4155 ut
1414 4102 1680 4171 impotens
1724 4101 1828 4155 n'on
1862 4102 2048 4170 puniat

472 4209 566 4250 cos
619 4193 954 4249 :ostendens
1005 4196 1146 4265 quod
1206 4211 1312 4249 non
1370 4196 1558 4263 puniat
1627 4211 1719 4251 eos
1788 4203 2043 4265 tanquam

474 4288 759 4355 impotens,
800 4288 892 4342 sed
930 4302 1033 4340 non
1065 4286 1282 4352 volens;
1317 4286 1441 4357 quia
1471 4303 1572 4342 non
1598 4288 1663 4341 ad
1697 4287 2043 4357 puniendum,

473 4380 565 4432 sed
609 4379 920 4434 salvandum
990 4380 1214 4436 venerit.
1263 4378 1385 4435 Haec
1435 4390 1612 4434 autem
1680 4380 1769 4434 illo
1797 4380 2041 4444 dicente,

474 4481 579 4524 tam
617 4471 932 4540 insipientes
961 4485 1135 4539 erant,
1170 4482 1227 4526 ut
1256 4488 1361 4526 non
1406 4483 1816 4542 cognoscerent,
1851 4472 2042 4541 inquit,

2229 1912 2247 1943 ι
2291 1893 2517 1962 Ἔλεγον
2554 1888 2648 1948 οὖν
2679 1891 2828 1964 αὐτῷ
2854 1910 2868 1924 ·
2900 1892 2972 1945 Σὺ
2999 1892 3081 1957 τίς
3112 1885 3191 1959 ei;
3221 1889 3330 1944 Καὶ
3357 1884 3509 1943 εἶπεν
3539 1889 3725 1943 αὐτοῖς

2143 1989 2171 2040 6
2209 1985 2416 2058 Ἰησοῦς
2440 2005 2453 2018 ο
2508 1987 2619 2056 Τὴν
2673 1987 2847 2057 ἀρχὴν
2882 1986 2910 2040 ὃ
2958 2004 3010 2040 τι
3040 1985 3134 2040 καὶ
3171 1984 3320 2038 λαλῶ
3348 1985 3497 2053 ὑμῖν.
3545 1982 3721 2036 Πολλά

2142 2078 2253 2150 ἔχω
2286 2080 2414 2148 περὶ
2460 2077 2614 2148 ὑμῶν
2643 2078 2826 2132 λαλεῖν
2873 2078 2965 2131 καὶ
3014 2076 3251 2147 κρίνειν,
3307 2075 3471 2129 ἀλλ’ὁ
3504 2074 3722 2144 πέμψας

2145 2189 2235 2240 με,
2261 2171 2467 2242 ἀληθής
2504 2172 2640 2225 ἐστι.
2678 2168 2901 2237 Κάγὼᾶ,
2927 2169 3136 2240 ἥκουσα
3163 2167 3294 2239 παρ’
3315 2164 3481 2220 αὐτοῦ
3508 2204 3522 2227 ,
3547 2163 3721 2219 ταῦτα

2142 2264 2284 2332 λέγω
2308 2266 2387 2327 εἰς
2413 2264 2501 2317 τὸν
2529 2264 2752 2333 κόσμον.
2780 2263 2894 2317 Οὐκ
2914 2263 3155 2329 ἔγνωσαν
3177 2260 3253 2324 δὲ,
3274 2261 3357 2314 ὅτι
3381 2259 3472 2313 τὸν
3502 2258 3720 2327 Πατέρα

2142 2358 2308 2412 αὐτοῦ
2344 2358 2519 2425 ἔλεγε.
2557 2377 2575 2409 ι
2603 2357 2755 2411 Μετὰ
2776 2356 3026 2409 τοσοῦτον
3054 2353 3266 2424 χρόνον,
3291 2353 3429 2423 μετά
3450 2350 3719 2404 τοσ>ύτων

2145 2452 2388 2521 σημείων
2420 2450 2699 2517 ἐπίδειξιν,
2746 2449 3023 2522 ἐρωτῶσιν
3051 2446 3214 2502 αὐτόν
3240 2463 3255 2478 ο
3294 2465 3313 2497 ι
3349 2446 3420 2498 Σὺ
3454 2444 3535 2507 τίς
3567 2439 3655 2508 εἷς
3696 2461 3715 2494 ι

2141 2542 2313 2606 οὓτως
2343 2538 2483 2613 ἦσαν
2522 2542 2757 2614 ἀνόητοι,
2788 2541 3040 2611 ὑϐρισταί
3086 2557 3145 2594 τε
3177 2540 3271 2593 καὶ
3304 2535 3620 2609 χλευασταί.
3656 2536 3718 2588 '0

2142 2636 2198 2689 δὲ
2231 2635 2461 2707 Κύριος,
2491 2654 2509 2686 ι
2528 2635 2639 2705 Τὴν
2672 2635 2870 2705 ἀρχὴν,
2891 2635 3078 2705 φησὶν,
3096 2635 3124 2688 ὅ
3153 2651 3205 2686 τι.
3228 2632 3323 2686 καὶ
3346 2630 3493 2685 λαλῶ
3523 2630 3672 2698 ὑμῖν.
3697 2645 3718 2681 ι

2153 2727 2365 2796 Ὑμεῖς,
2405 2726 2562 2796 φησὶ,
2596 2726 2685 2779 καὶ
2723 2725 2817 2779 τοῦ
2850 2726 2986 2788 ὅλως
3014 2724 3235 2778 ἀκούειν
3283 2722 3391 2777 τῶν
3424 2721 3553 2791 παρ’
3584 2719 3718 2791 ὲμοῖ

2141 2819 2338 2887 λόγων,
2362 2818 2570 2886 ἀνάξιοι
2600 2817 2744 2883 ἐστὲ,
2772 2818 2904 2888 μήτι
2930 2835 2992 2885 γε
3019 2817 3110 2870 καὶ
3139 2816 3429 2887 μανθάνειν
3459 2814 3540 2876 τίς
3570 2812 3719 2882 είμι·

2147 2910 2320 2963 πάντα
2353 2908 2460 2976 γὰρ
2486 2908 2833 2978 πειράζοντες
2866 2906 3076 2975 λέγετε,
3130 2905 3225 2959 καὶ
3251 2903 3427 2957 οὐδενὶ
3455 2898 3560 2955 τῶν
3587 2900 3719 2971 παρ’

2142 3001 2277 3071 ἐμοῦ
2318 3000 2605 3070 προσέχειν
2644 2999 2906 3061 θέλοντες.
2977 2997 3117 3066 Ἐγὼ
3176 2997 3232 3050 δὲ
3279 2994 3581 3067 ἠδυνάμην,
3626 2993 3721 3046 καὶ

2144 3095 2286 3165 ὑμᾶς
2321 3094 2586 3164 ἐλέγχειν,
2616 3090 2712 3147 καὶ¹
2746 3091 2821 3163 μὴ
2855 3091 3015 3163 μόνον
3046 3093 3315 3162 ἐλέγχειν,
3343 3089 3475 3143 ἀλλά
3502 3088 3595 3140 καλ⁵
3625 3103 3718 3139 κο-

2147 3186 2349 3249 λάζειν.
2406 3185 2591 3238 Ταῦτα
2646 3185 2752 3255 γὰρ
2784 3184 2851 3237 τὰ
2894 3181 2988 3237 δύο
3039 3183 3333 3237 αἰνίττεται
3384 3178 3583 3242 εἰπὼν,
3637 3179 3718 3231 ὅτι

2162 3298 2181 3331 ι
2215 3276 2390 3331 Πολλά
2440 3277 2548 3348 ἔχω
2614 3277 2743 3347 ὑμῖν
2955 3276 3082 3346 περὶ
3143 3270 3337 3346 ὑμῶν]
3380 3272 3560 3324 λαλεῖν
3626 3268 3720 3323 καὶ

2152 3370 2358 3442 κρίνειν
2380 3383 2394 3396 '
2439 3389 2458 3422 ι
2491 3370 2580 3423 διά
2613 3368 2712 3439 μὲν
2738 3368 2831 3422 τοῦ
2878 3368 3079 3430 λαλεῖν,
3116 3367 3176 3420 τὸ
3206 3366 3450 3437 ἐλέγχειν
3477 3361 3721 3432 παραδη-

2149 3464 2285 3517 λῶν*
2320 3464 2407 3518 διὰ
2432 3464 2487 3516 δὲ
2510 3462 2606 3517 τοῦ
2639 3463 2866 3535 κρίνειν,
2903 3462 2963 3515 τὸ
2986 3460 3336 3533 κατακρίνειν
3368 3457 3457 3512 καὶ
3496 3454 3716 3510 καταδι-

2150 3556 2355 3621 κάζειν.
2402 3555 2539 3608 Ἀλλ’
2573 3558 2600 3608 6
2645 3555 2865 3626 πέμψας
2900 3572 3005 3625 με,
3048 3556 3233 3622 φησὶν,
3262 3552 3361 3605 οὐκ
3406 3549 3498 3603 ἐπὶ
3542 3546 3717 3616 τούτῳ

2148 3644 2361 3712 ἔπεμψέ
2389 3662 2476 3713 με,
2507 3644 2589 3713 ἐφ’
2612 3636 2654 3712 ᾧ
2678 3646 2879 3715 κρίνειν
2911 3644 3003 3696 καὶ
3029 3644 3290 3714 ἐλέγχειν.
3328 3659 3346 3692 ι
3369 3639 3445 3695 Οὐ
3475 3637 3585 3707 γάρ
3613 3639 3719 3691 άπ-

2150 3736 2387 3789 έστειλεν
2438 3738 2465 3788 6
2514 3736 2646 3799 Θεὸς
2676 3738 2765 3789 τὶν
2798 3736 2927 3789 Υἰὸν
2960 3735 3144 3798 αὐτοῦ,
3175 3736 3261 3788 ἵνα
3310 3733 3467 3805 κρίνῃ
3508 3732 3598 3784 τὸν
3629 3729 3720 3782 κό-

2151 3846 2285 3899 σμον
2306 3846 2319 3860 ·
2352 3828 2465 3882 ἁλλ’
2487 3829 2573 3883 ἵνα
2602 3828 2749 3902 σώσῃ
2774 3831 2863 3884 τὸν
2880 3830 3104 3899 κῧσμον.
3126 3848 3144 3880 ι
3185 3828 3336 3882 Ἐπεὶ
3358 3826 3576 3882 τοίνννό
3604 3825 3718 3878 Πα-

2100 3989 2109 3995 _
2146 3922 2253 3990 τήρ
2280 3938 2377 3991 μον
2403 3922 2484 3984 εἰς
2507 3921 2565 3974 τὸ
2582 3918 2776 3974 σώσειν
2801 3939 2869 3991 με
2894 3920 3231 3985 ἀπέστειλεν,
3250 3919 3452 3990 ἀληθὴς
3474 3918 3529 3970 δέ
3547 3919 3717 3969 ἐστιν·

2147 4013 2370 4074 εἰκότως
2399 4012 2589 4064 οὐδένα
2608 4011 2778 4082 κρίνω
2801 4010 2917 4074 νῦν,
2943 4011 3076 4065 ἀλλὰ
3100 4012 3257 4082 μόνον
3284 4009 3427 4063 λαλῶ
3449 4009 3484 4062 ἆ
3508 4009 3718 4079 ἥκουσα

2147 4102 2297 4173 παρὰ
2341 4102 2433 4156 τοῦ
2468 4102 2681 4171 Πατρός
2714 4119 2836 4172 μου,
2886 4103 2953 4155 τά
2988 4102 3124 4172 πρὸς
3183 4099 3456 4170 σωτηρίαν
3493 4097 3717 4169 δηλαδὴ,

2147 4197 2205 4249 οὗ
2256 4196 2323 4249 τά
2363 4195 2495 4266 πρὸς
2526 4194 2763 4264 ἔλεγχον.
2796 4192 2982 4248 Ταῦτα
3035 4194 3090 4248 δὲ
3132 4194 3337 4260 ἔλεγεν,
3389 4192 3474 4244 ἵνα
3522 4189 3596 4259 μὴ
3627 4206 3715 4241 νο-

2151 4288 2398 4359 μίσωσιν,
2428 4289 2508 4343 ὅτι
2538 4287 2635 4357 οὐχ
2658 4286 2734 4352 ὡς
2753 4285 3009 4349 ἀδύνατος
3033 4287 3093 4340 οὐ
3120 4284 3335 4349 κολάζει
3364 4282 3587 4345 αὐτούς·
3607 4282 3718 4337 δεί-

2150 4396 2337 4433 κνυσιν
2380 4376 2493 4443 οὖν,
2553 4381 2634 4433 ὅτι
2664 4380 2760 4451 οὐχ
2791 4380 2865 4443 ὡς
2905 4378 3182 4443 ἀδύνατος,
3216 4377 3328 4432 ἀλλ’
3358 4377 3431 4441 ὡς
3458 4377 3517 4430 οὐ
3550 4376 3716 4430 θέλων

2148 4471 2373 4525 κολάσαι
2404 4471 2621 4536 αὐτοὺς,
2654 4472 2748 4525 ἇτε
2781 4471 2844 4542 δὴ
2883 4470 2958 4541 μὴ
2994 4472 3084 4524 ἐτιί
3107 4469 3185 4541 τῷ
3218 4469 3463 4532 κολάσαι,
3487 4467 3600 4522 ἀλλ’
3625 4467 3715 4520 ἐπὶ

473 4564 615 4631 quod
667 4562 880 4618 Patrem
938 4581 1092 4618 suum
1170 4566 1250 4619 eis
1299 4565 1538 4628 diceret,
1589 4566 1838 4633 quamvis
1894 4572 2039 4617 tanta

2149 4563 2224 4634 τῷ
2253 4563 2423 4616 σῶσαι
2478 4561 2665 4617 ἐλθών.
2698 4561 2882 4615 Ταῦτα
2911 4561 2970 4616 δὲ
3022 4563 3188 4616 αὐτοῦ
3223 4562 3491 4630 λέγοντος,
3543 4558 3718 4622 οὕτως

473 4657 543 4711 de
572 4653 730 4711 Patre
778 4656 858 4712 eis
922 4656 1063 4711 dicta
1112 4664 1295 4711 essent
1346 4672 1362 4710 :
1427 4657 1575 4723 atqui
1630 4670 1757 4709 vere
1814 4657 2038 4710 obtene—

471 4752 684 4803 brutum
734 4755 853 4801 erat
879 4748 1137 4816 insipiens
1185 4763 1280 4803 cor
1332 4762 1544 4802 eorum.
1584 4746 1811 4814 Quidam
1862 4754 2040 4800 autem

471 4841 554 4896 sic
592 4841 919 4910 intelligunt,
972 4860 990 4892 ι
1032 4840 1134 4908 Qui
1194 4840 1338 4897 misit
1399 4856 1519 4904 me,
1581 4855 1739 4895 verax
1811 4848 1892 4894 est
1946 4859 1959 4894 :
2016 4858 2035 4891 ι

472 4932 717 5000 Possem,
756 4934 952 5003 inquit,
985 4947 1040 4989 et
1090 4953 1231 4992 nunc
1256 4938 1503 5009 judicare
1533 4953 1648 5001 vos,
1692 4938 1785 4993 sed
1826 4952 2039 4993 reservo

406 5025 417 5034 “
479 5025 536 5079 in
570 5024 812 5080 futurum
852 5027 1129 5082 smcnlum.
1163 5027 1277 5082 Non
1310 5028 1531 5084 creditis
1569 5038 1770 5090 autem,
1812 5038 1863 5081 et
1889 5027 2044 5081 retri-

440 5137 449 5146 ·
478 5117 716 5173 butionis
747 5129 954 5188 tempus
984 5135 1087 5174 non
1120 5121 1280 5192 62]ι
1309 5120 1684 5187 suspicamini.
1718 5120 1822 5174 Sed
1849 5133 2041 5188 quam-

477 5207 558 5262 vis
591 5225 688 5264 vos
715 5226 819 5265 non
840 5211 1095 5272 credatis.
1127 5213 1319 5266 saltem
1358 5213 1439 5267 vel
1466 5209 1626 5266 Pater
1666 5226 1812 5266 meus
1843 5222 1925 5265 est
1953 5226 2040 5265 ve-

475 5315 593 5363 rax,
634 5300 726 5370 qui
766 5302 954 5356 statuit
982 5300 1123 5357 diem
1169 5317 1279 5368 quo
1303 5302 1636 5357 retribuatur
1665 5302 1834 5369 vobis,
1866 5302 1956 5373 qui
1989 5312 2045 5359 et

481 5391 624 5443 misit
669 5406 753 5446 me
788 5400 847 5446 ut
909 5392 1194 5460 praedicem
1236 5391 1348 5470 illa,
1374 5401 1427 5445 et
1454 5393 1791 5446 manifestem
1847 5391 2044 5444 mundo

474 5484 595 5549 eius
643 5493 699 5538 et
725 5482 990 5554 justitiam
1023 5491 1076 5539 et
1112 5484 1386 5540 virtutem.

548 5822 568 5850 ’
591 5816 749 5872 Joan.
795 5834 833 5884 ι,
873 5820 965 5876 ‘29.

1044 5821 1091 5853 ¹⁰
1157 5820 1293 5879 Ibid.
1353 5822 1438 5880 18.
1520 5822 1744 5878 "Joan.
1802 5820 2002 5888 ιιι,17.

2148 4653 2289 4727 ἦσαν
2323 4656 2560 4726 ἀνόητοι.
2598 4654 2739 4708 ὥστε
2790 4674 2808 4705 ι
2838 4655 2937 4709 οὐκ
2968 4655 3233 4723 ἔγνωσαν,
3277 4654 3462 4724 φησὶν,
3498 4653 3578 4705 ὅτι
3625 4652 3720 4704 τὸν

2150 4750 2372 4820 Πατέρα
2396 4748 2559 4801 αὐτοῦ
2589 4748 2770 4810 αὐτοῖς
2793 4747 2961 4817 λέγει.
3000 4765 3019 4800 ι
3070 4747 3261 4799 Καίτοι
3291 4747 3430 4798 πόσα
3462 4744 3592 4813 περὶ
3622 4742 3715 4796 τοῦ

2148 4840 2361 4909 Ila-:96;
2409 4839 2593 4902 αὐτοῖς
2642 4838 2934 4909 διελέχθη;
2989 4838 3104 4891 ἀλλ’
3132 4837 3301 4899 ὅντως
3346 4833 3634 4905 ἐσκοτίσθη
3684 4835 3716 4902 ἡ

2152 4931 2408 4997 ἀσύνετος
2439 4931 2616 4985 αὐτῶν
2648 4931 2862 5003 καρδία.
2912 4930 3069 4995 Τινὲς
3120 4930 3178 4984 δὲ
3206 4929 3348 4983 οὕτω
3387 4926 3565 4982 νοοῦσι
3614 4926 3676 4981 τό
3698 4942 3713 4957 ο

2157 5041 2177 5074 ι
2226 5023 2365 5076 Ἀλλ’
2392 5024 2420 5076 6
2448 5022 2667 5094 πέμψας
2720 5040 2809 5093 με,
2841 5022 3044 5093 ἀληθής
3071 5023 3217 5074 ἐστιν
3244 5038 3257 5052 ·
3296 5039 3314 5073 ι
3386 5018 3715 5087 Ἦδυνάμην.

2149 5112 2305 5184 φησὶ,
2335 5114 2429 5166 καὶ
2455 5112 2549 5166 νῦν
2579 5115 2762 5185 κρῖναι
2795 5114 2958 5183 ὑμᾶς,
2990 5112 3124 5166 ἀλλὰ
3172 5111 3245 5181 τῷ
3280 5111 3526 5179 μέλλοντι
3558 5107 3716 5161 αἰῶνι

2147 5204 2305 5258 τοῦτο
2334 5202 2505 5273 τηρῶ.
2558 5205 2861 5257 ’Δπιστεῖτε
2887 5202 2964 5269 δὲ,
2997 5203 3090 5257 καὶ
3116 5203 3206 5256 τὸν
3227 5202 3325 5270 τῆς
3351 5201 3442 5254 καὶ
3475 5203 3715 5254 ἀνταπο-

2145 5300 2344 5363 δόσεως
2376 5299 2566 5371 καιρὸν
2607 5300 2705 5371 οὐχ
2750 5297 3158 5368 ὑπολογίζεσθε.
3197 5294 3338 5350 Ἀλλ’
3367 5296 3415 5348 εί
3442 5294 3533 5348 καὶ
3555 5294 3712 5363 ὑμεῖς

2146 5394 2454 5453 ἀπιστεῖτε,
2482 5394 2509 5444 6
2530 5390 2661 5460 γοῦν
2686 5391 2876 5461 Πατήρ
2909 5406 3010 5460 μου
3034 5387 3239 5459 ἀληθής
3272 5389 3442 5453 ἐστιν,
3470 5385 3527 5449 ὃς
3552 5386 3714 5455 έστη-

2149 5501 2239 5537 σεν
2290 5484 2502 5553 ἡμέραν
2548 5483 2668 5536 καθ’
2696 5485 2763 5554 ἣν
2810 5481 3301 5551 ἀνταποδοθήσεται
3332 5480 3480 5551 ὑμῖν,
3531 5479 3587 5541 ὃς
3623 5479 3717 5531 καὶ

2146 5577 2437 5629 ἀπέστειλέ
2498 5593 2564 5645 με
2620 5576 2851 5645 κηρύξαι
2903 5574 3098 5641 ταῦτα,
3155 5573 3252 5626 καὶ
3296 5568 3717 5642 φανερῶσαιτῷ

2147 5668 2335 5737 κόσμῳ
2364 5667 2462 5736 τὴν
2500 5666 2663 5720 αὑτοῦ
2695 5665 3037 5739 δικαιοσύνην
3076 5668 3169 5719 καὶ
3203 5665 3452 5737 δύναμιν.

555 5966 628 6037 (τι)
685 5963 887 6023 Sensus
942 5974 1022 6023 est
1052 5983 1066 6021 :
1096 5967 1149 6021 id
1193 5967 1468 6039 imprimis,
1517 5975 1608 6022 aut
1647 5968 1870 6035 primum
1911 5963 2220 6033 sum,.auod
2252 5964 2365 6017 dico
2391 5962 2545 6015 vobis.
2587 5958 2806 6029 Vulgata
2844 5959 3031 6024 latina,
3055 5956 3393 6028 principium.
