4060 6600
382 450 444 512 sa
1018 450 1461 514 ENAR’RATIO
1500 450 1582 512 1N
1635 448 2130 512 EVANGELIUM
2172 450 2509 513 JOANNIS.
2541 479 2610 489 —
2645 432 2804 513 cie.
2847 450 3006 516 VIII.

463 582 482 615 ι
518 558 684 616 Εἶπεν
733 560 826 615 οὖν
852 562 1032 626 αὐτοῖς
1060 566 1088 617 6
1128 563 1364 634 Ἰησοῦςο
1398 563 1567 617 Ὅταν
1596 563 1847 633 ὑψώσητε
1878 560 1967 614 τὸν

2144 561 2311 618 Vens.
2340 562 2430 629 28,
2465 563 2554 618 ‘29.
2604 584 2622 615 ι
2658 563 2802 618 Dixit
2840 577 2970 633 ergo
3010 559 3167 616 Jesus

383 657 514 709 Υίδν
540 654 637 709 τοῦ
666 655 979 726 ἀνθρώπου,
1036 657 1154 709 τότε
1186 655 1487 724 γνώσεσθε,
1541 657 1624 709 ὅτι
1680 655 1791 723 ἐγώ
1830 656 1967 723 εἰμι,

385 749 478 801 καὶ
501 748 599 801 ἀπ’
625 747 864 818 ἐμαυτοῦ
896 748 1037 800 ποιῶ
1082 750 1257 813 οὐδὲν,
1292 749 1427 801 ἀλλὰ
1453 747 1636 811 καθὼς
1657 746 1862 811 ἐδίδαξέ⁹
1903 761 1970 815 με

382 840 412 893 6
442 840 633 909 Πατήρ
667 855 790 908 μου,
827 838 999 892 ταῦτα
1028 838 1198 904 λαλῶ,
1246 840 1340 893 καὶ
1372 842 1405 916 ὁ,
1446 840 1671 910 πέμψας
1702 855 1793 909 με,
1852 838 1970 907 μετ’

384 932 525 1001 ἐμοῦ
552 933 721 985 ἐστιν.
751 931 863 985 Οὐκ
905 929 1084 999 ἀφῆκέ
1122 948 1188 1000 με
1221 931 1381 1001 μόνον
1410 934 1438 985 ὁ
1489 932 1699 1002 Πατὴρ,
1750 932 1831 984 ὅτι
1863 928 1974 997 ἐγὼ

384 1026 454 1077 τὰ
502 1026 712 1095 ἀρεστὰ
791 1024 939 1094 αὐτῷ
982 1025 1121 1078 ποιῶ
1182 1024 1436 1079 πάντοτε.
1471 1044 1489 1076 ι
1551 1022 1771 1094 Ἐπειδὴ
1801 1021 1973 1075 πολλὰ

386 1119 588 1186 σημεῖα
619 1116 854 1187 ποιήσας
903 1118 1003 1169 οὐκ
1037 1116 1390 1170 ἐπεσπάσατο
1430 1115 1678 1178 τούτους,
1711 1115 1842 1185 περὶ
1875 1113 1971 1167 τοῦ

388 1208 626 1278 σταυροῦ
657 1211 843 1272 αὐτοῖς
885 1208 1219 1278 διαλέγεται.
1284 1209 1478 1279 Ὑμεῖς
1514 1210 1614 1277 μέν
1647 1209 1779 1278 γὰρ,
1813 1207 1971 1277 φησὶ,

387 1300 511 1353 τότε
540 1300 723 1367 δόξετε
771 1304 828 1355 ἐν
852 1303 1109 1355 παντελεῖ
1145 1302 1452 1373 ἁμεριμνίᾳ
1481 1298 1643 1366 εἴναι,
1670 1304 1764 1355 καὶ
1790 1301 1970 1356 ἁπαλ-

387 1393 623 1465 λαγῆναί
660 1412 784 1465 μου,
831 1396 921 1449 ὅτε
946 1397 1146 1468 δηλαδή
1205 1414 1270 1466 με
1314 1397 1678 1467 σταυρώσετε.
1746 1396 1887 1467 Ἐγὼ
1917 1398 1975 1451 δὲ

392 1485 560 1554 λέγω,
587 1488 671 1541 ὅτι
706 1508 723 1538 ι
756 1488 1055 1556 γνώσεσθε,
1088 1491 1170 1544 ὃτι
1196 1489 1307 1558 ἐγὼ
1328 1490 1443 1560 είμι
1473 1506 1488 1521 ·
1521 1509 1559 1542 »ι
1611 1490 1913 1554 τουτέστιν,
1949 1490 1978 1543 6

391 1579 628 1649 Χριστές
676 1583 705 1633 6
756 1581 882 1644 Υἱὸς
936 1581 1031 1634 τοῦ
1091 1581 1248 1647 Θεοῦ,
1296 1585 1323 1636 6
1356 1585 1423 1636 τὰ
1449 1584 1626 1637 πάντα
1655 1582 1838 1652 φέρων
1878 1568 1974 1635 καδι

390 1674 560 1740 ἄγων,
598 1674 693 1727 καὶ
716 1673 797 1726 ὅτι
829 1674 929 1727 οὐκ
963 1674 1201 1738 ἐναντίος
1228 1676 1344 1745 εἰμὶ
1376 1674 1454 1745 τῷ
1486 1675 1680 1744 Πατρὶ,
1725 1674 1847 1728 οὐδὲ
1878 1674 1972 1728 ἀπ’

3216 577 3228 613 :
3250 538 3257 543 ’
3279 557 3412 613 Cum
3449 540 3658 612 catella-

2077 655 2266 708 veritis
2296 654 2493 709 Filium
2529 656 2785 719 hominis,
2818 667 2943 708 tunc
2995 650 3334 725 cognoscetis
3380 649 3522 720 quod
3553 663 3654 717 ego

2075 726 2198 810 sim,
2225 757 2278 800 et
2312 762 2341 799 a
2384 747 2588 816 meipso
2622 746 2812 800 faciam
2849 745 3003 811 nihil,
3041 745 3134 800 sed
3168 744 3242 798 ita
3266 752 3324 797 ut
3352 741 3534 797 docuit
3567 754 3654 793 me

2076 835 2255 900 Pater,
2294 837 2406 892 haec
2454 838 2667 907 loquor,
2720 847 2774 890 et
2831 838 2921 902 qui
2955 852 3040 890 me
3093 835 3261 900 misit,
3299 848 3508 888 mecum
3551 841 3651 886 est.

2075 927 2189 981 Non
2220 928 2436 997 reliquit
2467 943 2550 982 me
2580 929 2753 983 solum
2791 926 2969 993 Pater,
3002 927 3125 996 quia
3170 942 3270 993 ego
3305 941 3423 996 quae
3457 922 3657 994 placita
3730 942 3733 943 ν

2077 1020 2297 1086 snntei,
2330 1019 2468 1074 facio
2513 1034 2750 1089 semper.
2792 1038 2810 1071 ι
2846 1019 3139 1088 Postquam
3172 1017 3337 1072 multa
3366 1015 3518 1086 signa
3575 1015 3655 1069 eis

2074 1107 2222 1176 fecit,
2255 1117 2433 1164 etnon
2473 1109 2696 1164 attraxit
2724 1108 2862 1175 illos,
2907 1123 3047 1163 nunc
3082 1108 3149 1162 de
3186 1122 3351 1161 cruce
3382 1121 3504 1161 cum
3564 1105 3645 1161 eis

2075 1204 2336 1271 loquitur.
2377 1201 2484 1256 Vos
2513 1201 2680 1265 enim,
2702 1201 2901 1271 inquit,
2942 1208 3071 1255 tunc
3100 1198 3357 1268 putabitis
3379 1211 3473 1251 vos
3503 1204 3655 1252 extra

2075 1308 2289 1349 omnem
2310 1292 2724 1348 sollicitudinem
2737 1299 2788 1347 et
2809 1299 3005 1346 metum
3025 1292 3216 1357 fore,et
3232 1305 3263 1344 a
3281 1305 3365 1346 nte
3379 1290 3663 1353 liberatos,

2076 1400 2198 1441 cum
2222 1401 2310 1441 me
2339 1385 2722 1440 cruciﬁxeritis
2751 1403 2766 1441 :
2798 1399 2898 1455 ego
2927 1393 3106 1440 autem
3134 1384 3256 1439 dico
3290 1382 3431 1453 quod
3473 1400 3490 1433 ι
3527 1390 3660 1436 tunc

2075 1478 2257 1534 scietis
2282 1478 2423 1549 quod
2453 1494 2552 1549 ego
2581 1495 2732 1546 sum;
2761 1499 2779 1531 ι
2809 1480 2909 1534 hoc
2938 1488 3041 1544 est,
3082 1478 3333 1533 Christus
3360 1474 3526 1530 Filius
3543 1475 3661 1540 Dei,

2076 1571 2168 1640 qui
2211 1571 2392 1625 omnia
2448 1580 2604 1642 porto
2640 1581 2694 1627 et
2728 1572 2888 1636 duco,
2943 1582 2997 1627 et
3028 1585 3133 1625 non
3191 1584 3311 1630 sum
3349 1570 3659 1623 contrarius

2076 1663 2245 1728 Patri,
2289 1681 2463 1736 neque
2510 1680 2539 1720 a
2596 1666 2918 1735 memetipso
2971 1663 3109 1719 facio
3158 1663 3243 1717 Vel
3284 1662 3512 1731 loquor:
3550 1674 3663 1715 non

386 1764 630 1832 ἐμαυτοῦ
678 1765 819 1819 ποιῶ
841 1808 858 1830 ,
911 1767 943 1836 ἢ
978 1766 1160 1820 λαλῶο
1212 1770 1272 1820 οὐ
1304 1768 1414 1839 γὰρ
1448 1767 1556 1838 ἔχω
1585 1768 1715 1821 ἴδιον
1760 1768 1974 1836 θέλημα

2087 1761 2217 1811 enim
2252 1760 2426 1814 habeo
2478 1759 2809 1815 voluntatem
2845 1758 3119 1828 propriam
3145 1764 3451 1825 separatam
3495 1769 3525 1809 a
3561 1767 3660 1807 vo—

393 1859 800 1928 κεχωρισμένον
826 1858 921 1913 τοῦ
956 1859 1252 1931 Πατρικοῦ.
1273 1861 1396 1925 Πῶς
1422 1861 1476 1914 δὲ
1508 1859 1729 1930 ἔμελλον
1763 1860 1967 1929 γνῶναι

2076 1848 2278 1904 luntate
2297 1849 2496 1907 Patris.
2522 1851 2804 1919 Quomodo
2820 1859 2999 1906 autem
3028 1848 3298 1921 cognituri
3329 1855 3455 1903 sunt
3485 1849 3658 1917 ipsum

392 1949 556 2002 αὐτὸν
599 1952 657 2002 ἐν
701 1950 779 2020 τῷ
810 1952 1062 2023 σταυρῷ;
1110 1953 1245 2006 Ἀπὸ
1270 1953 1376 2007 τῶν
1412 1955 1655 2024 σημείων
1682 1953 1790 2007 τῶν
1815 1971 1966 2023 τηνι-

2094 1959 2124 1997 η
2155 1944 2408 1999 eruceYA
2442 1945 2612 2016 signis
2639 1961 2759 2016 qua:
2780 1954 2906 2000 tunc
2936 1946 3087 2009 (ient,
3110 1953 3161 1999 et
3185 1958 3216 1998 a
3239 1941 3665 2006 resurrectione,

392 2040 589 2107 καῦτα,
615 2042 724 2095 ἀπὸ
751 2044 851 2111 τῆς
874 2042 1223 2109 ἀναστάσεως
1252 2045 1346 2100 καὶ
1363 2046 1460 2115 τῆς
1494 2046 1768 2109 ἁλώσεως.
1793 2045 1977 2100 Ταῦτα

390 2133 504 2202 γὰρ
558 2135 739 2188 πάντα
790 2135 951 2189 mue
1009 2132 1076 2208 ἦν
1135 2138 1375 2208 ἐμφῆναι
1429 2138 1528 2207 τὴν
1585 2139 1737 2209 ἰσχὺν
1786 2137 1978 2208 αὑτοῦ.

406 2224 904 2297 ’Ᾱμφότεραζτοίνυν
929 2229 1226 2298 γνώσεσθε,
1251 2233 1343 2283 καὶ
1369 2231 1468 2300 τὴν
1510 2232 1661 2301 ἰσχὺν
1685 2233 1784 2302 τὴν
1817 2232 1977 2303 ἐμὴν,

392 2319 522 2371 ὅταν
560 2319 915 2392 σταυρώσητέ
939 2339 1030 2392 με,
1072 2325 1164 2376 καὶ
1186 2325 1284 2395 τὴν
1312 2325 1567 2392 ὁμόνοιαν
1602 2325 1702 2387 τὴν
1723 2327 1858 2396 πρὸς
1886 2325 1978 2379 τὸν

395 2410 638 2483 Πατέρα.
694 2414 769 2468 Οὐ
792 2413 901 2484 γὰρ
928 2415 993 2468 ἂν
1024 2417 1052 2469 6
1078 2416 1265 2487 Πατὴρ
1296 2417 1328 2487 ἦ
1362 2416 1639 2488 ἐξεδίκησέ
1670 2435 1760 2485 με,
1794 2428 1980 2490 παρα·-

394 2502 521 2567 δοὺς
578 2505 681 2576 τὴν
713 2505 866 2558 πόλιν
900 2507 1055 2575 ὑμῶν
1107 2509 1218 2572 τοῖς
1251 2507 1570 2577 Ῥωμαίοις,
1602 2507 1634 2577 ἢ
1674 2511 1874 2578 σημεῖα
1923 2511 1981 2562 ἐν

394 2595 476 2665 τῷ
513 2596 733 2667 σταυρῷ
770 2598 1041 2664 ἐπετέλει,
1076 2599 1124 2651 εἰ
1164 2599 1238 2670 μὴ
1297 2600 1425 2662 Υἱὸς
1473 2600 1622 2671 ἢμην
1664 2600 1852 2665 αὑτοῦ,
1885 2601 1981 2654 καὶ

396 2687 758 2757 ὁμογνώμων,
800 2690 917 2744 ἀλλ’
969 2691 1068 2744 οὐκ
1111 2691 1377 2755 ἀντίθεος.
1426 2692 1559 2745 Τότε
1609 2688 1701 2746 οὖν
1745 2691 1979 2758 εἴσεσθε,

397 2781 480 2833 ὅτι
507 2780 608 2833 ὅσα
654 2782 890 2836 διδάσκω
932 2784 1027 2836 καὶ
1061 2784 1233 2853 λέγω,
1295 2784 1390 2837 ἀπ’
1429 2785 1638 2839 ἐκείνου
1699 2786 1831 2848 εἰσὶ,
1863 2784 1982 2839 θεῖα

399 2872 619 2938 πάντως
641 2877 736 2928 καὶ
765 2875 903 2929 Θεοῦ
933 2877 1177 2949 ῥήματα,
1227 2878 1325 2931 καὶ
1371 2879 1472 2932 οὐκ
1521 2880 1652 2948 ἐμᾶ,
1697 2878 1835 2931 ἀλλὰ
1886 2876 1980 2931 τοῦ

396 2965 721 3035 πέμψαντός
763 2984 851 3037 με.
892 2967 1026 3022 Εἶτα
1049 2969 1135 3022 ἵνα
1168 2969 1241 3041 μὴ
1283 2970 1603 3040 νομίσωσιν,
1634 2971 1716 3024 ὅτι
1750 2970 1810 3024 τὸ
1837 2987 1983 3038 πεμ-

390 3052 601 3122 φθῆναι
658 3056 751 3110 καὶ
805 3058 1177 3129 ἀποσταλῆναι
1230 3058 1422 3129 ὕφεσιν
1456 3060 1625 3132 δηλοῖ,
1660 3062 1847 3132 φησιν,
1900 3063 1982 3116 ὅτι

407 3163 428 3197 σ
474 3147 534 3199 Ὀ
570 3148 760 3219 Πατήρ
797 3166 901 3220 μου
960 3151 1078 3220 μετ’
1112 3150 1247 3222 ἐμοῦ
1280 3153 1449 3207 ἐστιν.
1476 3172 1494 3204 ι
1524 3154 1587 3207 Et
1613 3155 1723 3224 γὰρ
1754 3156 1849 3208 καὶ
1875 3155 1983 3209 ἀπ-

403 3236 612 3291 έστειλέ
646 3257 714 3308 με
757 3240 834 3302 ὡς
878 3242 1188 3313 ἄνθρωπον,
1246 3244 1361 3298 ἀλλ’
1403 3244 1495 3298 οῦν
1529 3246 1631 3299 οὐκ
1678 3245 1983 3318 ἐχωρίσθην

404 3331 594 3396 αὐτοῦ,
639 3333 774 3388 ἀλλὰ
822 3335 940 3405 μετ’
985 3336 1118 3406 ἐμοῦ
1152 3338 1321 3401 ἐστιν,
1351 3339 1426 3401 ὡς
1456 3338 1589 3398 Θεὸς
1615 3337 1734 3410 Θεῷ
1792 3338 1987 3395 συνών.

418 3422 550 3477 Ἐπὶ
575 3427 639 3479 τδ
686 3428 1072 3497 ταπεινότερον
1109 3429 1165 3483 δὲ
1195 3429 1358 3483 πάλιν
1396 3430 1488 3484 τὸν
1515 3430 1676 3495 λόγον
1709 3433 1989 3501 κατάγων,

408 3517 562 3587 φησὶ,
603 3535 626 3570 ι
656 3519 768 3571 Καὶ
797 3520 896 3572 οὐκ
927 3521 1106 3591 ἀφῆκέ
1142 3539 1207 3591 με
1232 3522 1412 3592 μόνον,
1444 3523 1525 3575 ὅτι
1555 3521 1667 3591 ἐγὼ
1692 3524 1991 3596 τὰ’ἀρεστὰ

409 3604 558 3676 αὐτῷ
585 3607 742 3661 ποιῶ.
759 3626 778 3659 ι
814 3609 912 3662 Διὰ
939 3611 1066 3673 τοὺς
1088 3610 1371 3674 Ἰουδαίους
1392 3612 1448 3665 δέ
1468 3612 1640 3667 ταῦτα
1659 3613 1730 3667 τὰ
1762 3619 1991 3669 ταπεινὰ

410 3700 729 3770 φθέγγεται.
768 3705 921 3758 Ἐπεὶ
943 3704 1050 3776 γὰρ
1079 3700 1505 3773 ἒ>.εγον“ἐκεῖνοι,
1535 3708 1616 3763 ὅτι
1648 3727 1667 3760 ι
1698 3709 1809 3763 Οὐκ
1844 3709 1993 3763 ἔστιν

410 3793 475 3845 ἐκ
502 3794 599 3848 τοῦ
649 3794 806 3860 Θεοῦ,
859 3797 941 3850 ὅτι
996 3797 1055 3849 τὸ
1086 3797 1364 3850 Σάϐϐατον
1396 3798 1456 3851 οὐ
1496 3802 1686 3870 τηρεῖ·
1723 3819 1743 3852 ι
1788 3802 1989 3870 φησίνο

411 3890 534 3943 Ὀτι
566 3889 868 3961 τᾶιάρεστὰ
900 3889 1045 3959 αὐτῷ
1069 3888 1227 3942 ποιῶ.
1252 3909 1271 3940 ι
1309 3890 1470 3942 Ὥστε
1501 3891 1606 3944 κᾶν
1630 3891 1691 3943 τὸ
1717 3892 1991 3947 Σάϐϐατω

411 3981 545 4048 λύω,
581 3983 810 4053 ἀρεστὸν
833 3981 982 4052 αὐτῷ
1008 3982 1183 4035 τοῦτο.
1226 3983 1319 4035 Ἐκ
1342 3983 1549 4036 τούτων
1581 3983 1636 4037 δέ
1667 3984 1776 4038 τῶν
1803 4003 1995 4040 ταπει-

411 4074 520 4126 νῶν
554 4075 815 4145 ῥημάτων
841 4075 1006 4138 αὐτὸς
1046 4075 1145 4144 μὲν
1179 4075 1328 4128 οὐδὲν
1361 4075 1682 4144 ἐλυμαίνετο
1711 4080 1776 4148 τῇ
1809 4078 1988 4151 οἰκείᾳ

411 4161 562 4233 δόξῃ,
595 4165 707 4226 τοῖς
739 4162 796 4215 δέ
822 4163 1114 4217 ἀκούουσιν
1143 4164 1410 4231 ὠφέλειαν
1439 4166 1636 4230 ἐποίει,
1694 4167 1893 4235 μᾶλλον
1936 4168 1991 4221 δέ

412 4254 512 4308 καὶ
527 4254 626 4322 τὴν
644 4254 802 4319 δόξαν
823 4253 988 4308 αὐτοῦ
1017 4255 1237 4309 συνίστα
1264 4255 1352 4309 διὰ
1379 4255 1592 4311 τούτου.
1615 4259 1801 4328 Οίγὰρ
1826 4259 1994 4314 ἀκού-

412 4363 566 4408 οντες
586 4346 751 4400 αὐτοῦ
772 4349 960 4400 ’πάντα
981 4348 1060 4409 εἰς
1082 4350 1172 4401 τὸν
1192 4348 1411 4418 Πατέρα
1444 4348 1827 4419 ἀναφέροντος,
1865 4351 1994 4422 μᾶλ-

415 4436 512 4491 λον
543 4436 692 4507 αὑτῷ
752 4437 1155 4508 προσετίθεντο,
1205 4438 1300 4491 καὶ
1353 4438 1640 4492 ἐπίστευον
1688 4441 1769 4503 είς
1798 4441 1989 4495 αὐτόν·

413 4530 557 4585 ὥστε
588 4529 659 4584 τὰ
709 4529 940 4584 ταπεινὰ
1002 4528 1204 4599 μᾶλλον
1250 4529 1418 4599 ὕψουν
1458 4531 1644 4587 αὐτόν.
1719 4532 1886 4604 ὐρᾷς
1924 4532 1994 4587 τὰ

416 4618 821 4691 κατορθώματα
847 4620 946 4689 τῆς
976 4619 1255 4690 μακαρίας
1302 4622 1725 4688 ταπεινώσεως;
1769 4624 1891 4678 Ὅτι
1938 4624 1995 4679 δὲ
2026 4643 2072 4699 ο

413 4709 589 4764 ταῦτα
620 4709 789 4774 οὓτως
821 4709 956 4781 ἔχει,
983 4711 1148 4764 ἄκουε
1181 4713 1288 4765 τῶν
1312 4713 1532 4784 ἐφεξῆς.

497 4822 517 4855 ι
551 4803 740 4858 Ταῦτα
762 4805 929 4858 αὐτοῦ
973 4803 1279 4870 λαλοῦντος,
1313 4806 1498 4859 πολλοὶ
1541 4806 1870 4861 ἐπίστευσαν
1916 4809 1997 4874 εἰς

419 4895 607 4950 αὐτόν.
637 4895 864 4964 Ἔλεγεν
893 4891 987 4950 οῦν
1016 4897 1045 4949 6
1077 4895 1281 4967 Ἰησοῦς
1315 4897 1451 4968 πρὸς
1478 4899 1606 4962 τοὺς
1638 4901 1999 4954 πεπιστευκό-

418 5003 516 5049 τας
545 4987 694 5057 αὐτῷ
718 4987 1005 5051 Ἰουδαίους
1022 5002 1038 5018 ο
1079 4987 1207 5042 Ἐὰν
1238 4988 1392 5058 ὑμεῖς
1433 4991 1653 5061 μείνητε
1677 4993 1733 5045 ἐν
1753 4993 1831 5062 τῷ
1855 4992 2000 5065 λόγῳ

418 5079 500 5149 τῷ
533 5078 671 5151 ἐμῷ,
706 5077 922 5149 ἀληθῶς
968 5078 1208 5150 μαθηταί
1257 5097 1360 5150 μου
1408 5082 1552 5148 ἐστὲ,
1599 5085 1695 5137 καὶ
1721 5083 1999 5152 γνώσεσθε

418 5172 522 5243 τὴν
553 5170 832 5243 ἀλήθειαν,
878 5170 976 5224 καὶ
1026 5171 1060 5239 ἡ
1093 5171 1321 5242 ἀλήθεια
1371 5173 1728 5244 ἐλευθερώσει
1778 5176 1943 5246 ὑμᾶς.
1972 5196 1994 5230 ι

425 5263 604 5335 Ὅπερ
659 5259 832 5329 εἷπον,
886 5263 970 5316 ὃτι
1003 5262 1093 5315 διὰ
1141 5262 1252 5316 τῶν
1286 5267 1691 5336 ταπεινοτέρων
1739 5269 1999 5339 ῥημάτων

428 5356 628 5427 μᾶλλον
660 5356 933 5426 ὑπήγοντο
957 5354 1008 5407 οἱ
1033 5356 1321 5424 ἀκροαταὶ,
1347 5358 1506 5411 τοῦτο
1533 5359 1626 5412 καὶ
1654 5362 1682 5414 6
1707 5360 1997 5429 εὐαγγελι-

427 5449 556 5519 στὴς
584 5447 1027 5516 ἐπισημαίνεται.
1062 5465 1082 5498 ι
1117 5440 1300 5499 Ταῦτα
1328 5449 1457 5518 γὰρ,
1492 5452 1679 5523 φησὶν,
1710 5452 1875 5506 αὑτοῦ
1907 5454 2002 5506 λα-

425 5540 663 5602 λοῦντος,
711 5537 897 5591 πολλοὶ
943 5537 1303 5591 ἐπίστευσαν·
1344 5558 1365 5591 ›
1427 5540 1598 5594 ταῦτα
1648 5543 1717 5595 τὰ
1769 5546 2002 5600 ταπεινὰ

430 5637 671 5707 ῥήματα,
720 5634 817 5688 καὶ
865 5634 1060 5700 ἀνάξια
1098 5632 1259 5705 δῆθεν
1304 5635 1404 5702 τῆς
1435 5631 1594 5701 δόξης
1623 5633 1811 5687 αὑτοῦ.
1836 5635 2000 5689 ”Ωστε

427 5726 723 5796 πανταχοῦ,
754 5727 886 5781 ὅταν
925 5725 1128 5795 ἀκούῃς
1151 5722 1316 5778 αὑτοῦ
1341 5723 1514 5793 μικρὰ
1546 5740 1666 5776 τινα
1691 5725 1783 5776 καὶ
1810 5725 1999 5795 εὐτελῆ

427 5819 558 5889 περὶ
595 5816 790 5871 ἑαυτοῦ
839 5816 1110 5884 λέγοντος,
1161 5817 1235 5886 μὴ
1279 5815 1539 5886 θορυϐοῦ.
1584 5816 1682 5869 Διὰ
1732 5816 1838 5886 γὰρ
1876 5820 2003 5882 τοὺς

427 5911 701 5984 ἀκροατὰς
740 5909 912 5966 ταῦτα
948 5910 1269 5979 φθέγγεται,
1307 5909 1382 5981 μὴ
1416 5909 1751 5982 δυναμένους
1804 5910 2000 5980 ὑψηλό-

2080 2046 2135 2092 et
2166 2037 2479 2107 captivitate
2510 2054 2525 2091 :
2562 2035 2755 2094 omnia'
2775 2037 2919 2094 enim
2952 2037 3067 2094 haec
3104 2045 3356 2109 poterant
3383 2035 3667 2089 declarare

2079 2130 2200 2199 ejus
2238 2131 2634 2187 fortitudinem.
2669 2132 2973 2201 Utrumque
3009 2131 3173 2201 igitur
3226 2130 3428 2195 scietis,
3469 2138 3524 2181 et
3552 2126 3661 2181 for-

2084 2225 2365 2279 titudinem
2412 2240 2586 2280 meam
2641 2226 2858 2297 quando
2889 2224 3267 2281 crnciﬂxeritis
3310 2237 3416 2285 me,
3449 2230 3503 2275 et
3531 2235 3665 2275 cono

2082 2317 2320 2370 cordiam
2349 2332 2523 2371 meam
2561 2334 2683 2371 cum
2717 2317 2896 2374 Patre.
2928 2315 3114 2387 Neque
3142 2316 3285 2371 enim
3318 2313 3475 2368 Pater
3517 2313 3667 2367 ultns

2081 2416 2225 2460 esset
2256 2423 2340 2463 me
2389 2410 2509 2461 data
2545 2408 2765 2462 civitate
2822 2417 3004 2463 vestra
3058 2406 3337 2470 Romanis,
3375 2404 3455 2459 vel
3508 2402 3660 2472 signa

2084 2497 2137 2551 in
2171 2513 2333 2554 cruce
2363 2498 2604 2564 fecisset,
2635 2499 2733 2553 nisi
2763 2499 2933 2554 Filius
2961 2499 3078 2569 ejus
3108 2512 3304 2559 essem,
3337 2506 3389 2551 et
3418 2496 3659 2565 ejusdem

2085 2589 2387 2655 sententiae,
2423 2599 2477 2645 et
2524 2606 2629 2644 non
2678 2592 3005 2647 contrarius.
3051 2589 3207 2646 Tunc
3252 2590 3418 2660 igitur
3476 2585 3664 2642 scietis

2084 2684 2226 2754 quod
2248 2688 2371 2752 'qure
2390 2685 2556 2738 doceo
2577 2694 2631 2739 et
2656 2685 2797 2749 dico,
2827 2686 2895 2740 ab
2925 2684 3019 2739 illo
3049 2685 3180 2750 sint,
3212 2684 3390 2737 divina
3415 2681 3665 2744 omnino,

2084 2786 2134 2830 et
2164 2778 2327 2831 verba
2379 2775 2469 2832 Dei
2496 2795 2510 2831 :
2537 2793 2601 2832 ac
2639 2793 2744 2831 non
2783 2792 2923 2842 mea,
2982 2778 3076 2832 sed
3101 2776 3218 2847 ejus
3246 2776 3332 2844 qui
3373 2774 3517 2830 misit
3554 2784 3660 2827 tne.

2086 2867 2288 2924 Deinde
2312 2870 2446 2941 utine
2466 2871 2833 2941 putantquod,
2862 2869 3083 2925 missum
3105 2882 3248 2933 esse,
3275 2865 3669 2936 subiectionem

2086 2967 2379 3039 signiﬁcet,
2410 2966 2547 3023 dicit
2586 2986 2600 3022 :
2635 2986 2654 3019 ι
2695 2968 2851 3021 Pater
2880 2981 3029 3021 meus
3067 2980 3275 3020 mecum
3305 2973 3410 3019 est.
3446 2981 3466 3015 ι
3527 2961 3671 3016 Nam-

2086 3058 2335 3129 qnamvis
2381 3058 2592 3113 miserit
2638 3073 2724 3112 me
2766 3068 2822 3111 ut
2845 3057 3138 3119 hominem,
3165 3062 3474 3109 nontamen
3502 3066 3665 3122 sepax

2094 3159 2247 3205 ratus
2276 3165 2394 3204 sum
2444 3149 2513 3205 ab
2541 3164 2629 3214 eo,
2663 3149 2756 3204 sed
2791 3164 3002 3203 mecum
3035 3146 3125 3203 ille
3151 3157 3255 3211 est,
3286 3156 3345 3200 ut
3370 3145 3512 3200 Dens
3542 3161 3673 3200 Clltltr

2012 3275 2057 3338 α
2093 3243 2223 3300 Deo.
2250 3242 2318 3298 Et
2360 3244 2553 3299 iterum
2596 3242 2662 3298 ad
2692 3241 2980 3298 humiliora
3014 3254 3317 3296 sermonem
3370 3240 3669 3301 deducens,

2096 3337 2301 3407 inquit:
2339 3354 2357 3390 ι
2399 3337 2464 3391 Ει
2487 3351 2593 3390 non
2636 3335 2839 3390 dimisit
2868 3338 2953 3390 r'ne
2971 3335 3166 3401 solum,
3198 3333 3322 3405 quia
3345 3347 3443 3403 ego
3471 3331 3673 3402 placita-

2093 3431 2168 3486 iili
2201 3430 2361 3486 facio.
2426 3449 2445 3483 ι
2486 3429 2715 3496 Propter
2762 3429 2975 3483 Judteos
3026 3436 3205 3482 autem
3286 3436 3394 3481 tam
3443 3423 3668 3480 humilia

2093 3527 2256 3581 verba
2288 3525 2544 3594 loquitur.
2574 3520 2709 3589 Quia
2741 3522 2884 3577 enim
2915 3519 2990 3575 illi
3021 3519 3273 3575 dicebant
3297 3518 3439 3587 quod
3472 3530 3578 3578 oon
3598 3515 3672 3568 sit

2093 3635 2161 3675 ex
2205 3619 2333 3678 Deo.
2370 3619 2496 3687 quia
2531 3616 2826 3670 Sabhatum
2858 3630 2962 3668 non
2994 3620 3214 3668 servat:
3266 3609 3418 3674 dicit,
3468 3628 3486 3660 ι
3529 3608 3667 3674 Quia

2094 3730 2212 3784 quae
2250 3712 2584 3782 beneplacita
2632 3718 2755 3764 sunt
2805 3708 2900 3774 illi,
2933 3706 3104 3774 facio;
3139 3725 3157 3759 ι
3203 3716 3259 3761 et
3299 3707 3371 3761 ita
3420 3704 3669 3775 quamvis

2097 3807 2394 3861 Sabhatnm
2442 3803 2670 3869 solvam,
2727 3802 2983 3872 placitum
3038 3800 3140 3854 hoc
3186 3797 3262 3853 illi
3320 3806 3422 3853 esl.
3462 3797 3537 3851 Ex
3585 3796 3671 3852 his

2096 3908 2277 3953 autem
2311 3895 2603 3950 humilibus
2628 3895 2805 3949 verbis
2841 3894 2956 3964 ipse
2991 3893 3209 3961 quidem
3250 3890 3382 3946 nihil
3441 3889 3668 3944 nocebat

2098 4009 2209 4049 suze
2229 3991 2436 4062 gloriae,
2474 3989 2811 4044 auditoribus
2841 4000 3019 4041 autem
3055 3985 3335 4039 utilitatem
3364 3982 3618 4038 afferebat
3651 3976 3667 4036 ὲ

2098 4086 2205 4141 imo
2252 4095 2305 4138 et
2346 4082 2568 4153 gloriam
2605 4095 2758 4135 suam
2803 4094 2898 4148 per
2929 4079 3040 4132 haec
3090 4076 3472 4131 constituebat.
3534 4072 3670 4128 Nam

2098 4178 2377 4230 audientes
2408 4190 2528 4229 eum
2558 4173 2697 4241 quod
2721 4172 2904 4226 omnia
2945 4170 2996 4224 in
3028 4169 3238 4224 Patrem
3291 4170 3541 4231 referret,
3581 4168 3675 4220 ad-

2090 4269 2422 4341 jiciebantur
2468 4275 2523 4320 et
2577 4260 2874 4320 credebant
2900 4265 2951 4317 in
2990 4262 3165 4317 illum.
3219 4262 3287 4317 Et
3313 4263 3382 4316 ita
3444 4259 3675 4315 humilia

2097 4360 2268 4430 magis
2345 4356 2654 4413 exaltabant
2738 4355 2907 4411 illum.
3006 4352 3172 4409 Vides
3253 4368 3413 4424 opera
3497 4352 3671 4407 beatae

2097 4451 2507 4508 humiliationis.
2558 4450 2624 4506 Et
2656 4450 2800 4521 quod
2834 4449 2950 4504 11836
2986 4449 3068 4504 sic
3117 4462 3178 4504 se
3232 4447 3490 4513 habeant,
3547 4445 3672 4500 audi

2100 4544 2404 4616 sequentia.

2172 4808 2337 4863 Vsus.
2365 4808 2553 4863 '50-'52.
2590 4825 2610 4859 ι
2647 4807 2769 4862 Ηιιξε
2798 4806 2889 4862 illo
2934 4807 3210 4875 loquente,
3245 4804 3398 4859 multi
3432 4805 3680 4862 credide-

2099 4911 2227 4957 runt
2256 4901 2309 4955 in
2332 4916 2478 4955 eum.
2504 4898 2726 4954 Dicebat
2752 4913 2877 4968 ergo
2905 4897 3063 4954 Jesus
3093 4899 3158 4951 ad
3187 4911 3281 4951 eos
3308 4897 3400 4966 qui
3431 4898 3676 4952 credide-

2100 5006 2222 5049 rant
2247 4991 2606 5062 ipsihluda'os.
2635 4990 2691 5047 Si
2721 5007 2816 5047 vos
2846 4992 3154 5046 manseritis
3185 4992 3236 5046 in
3260 5004 3508 5047 sermone
3531 4996 3671 5055 tneo',

2098 5102 2229 5142 vere
2275 5085 2525 5156 discipuli
2574 5086 2688 5139 mei
2713 5085 2866 5151 estis,
2902 5094 2956 5139 et
2989 5086 3329 5152 cognoscetis
3369 5084 3674 5150 veritatem,

2100 5187 2157 5234 ct
2183 5178 2384 5233 veritas
2416 5176 2620 5233 liberos
2654 5179 2841 5233 reddet
2868 5192 2977 5232 vos.
3022 5195 3041 5229 ι
3081 5176 3147 5233 Ut
3172 5179 3413 5233 dicebam
3439 5192 3535 5247 per
3574 5178 3677 5233 bno

2103 5271 2249 5325 milia
2282 5272 2443 5326 verba
2482 5270 2644 5342 622
2673 5272 2853 5340 plures
2884 5270 3168 5326 advenisse
3189 5270 3490 5333 auditores,
3527 5272 3599 5326 ita
3625 5283 3680 5326 ct

2102 5364 2427 5435 evangelista
2454 5363 2741 5433 signiﬁcat.
2780 5381 2799 5413 ι
2848 5362 2972 5418 llaec
3011 5365 3175 5428 enim,
3230 5362 3426 5434 inquit,
3464 5363 3555 5418 illo
3602 5350 3679 5418 [0'-

2103 5467 2320 5531 quente,
2369 5454 2523 5509 multi
2572 5453 2935 5508 crediderunt.
2981 5470 2998 5503 ι
3038 5451 3160 5507 llaec
3208 5453 3429 5508 humilia
3471 5452 3679 5509 scilicet

2102 5548 2288 5612 verba,
2313 5556 2366 5602 et
2395 5546 2609 5615 indigna
2635 5544 2818 5615 gloriae
2856 5559 2966 5598 sua:
2993 5562 3005 5597 :
3048 5551 3100 5599 et
3125 5546 3197 5600 ita
3220 5562 3432 5617 semper
3460 5547 3681 5617 quando

2103 5638 2260 5695 audis
2299 5652 2420 5691 eum
2453 5651 2676 5705 parvum
2709 5619 2968 5703 quiddam
2994 5643 3047 5688 et
3083 5634 3285 5691 lnnnile
3309 5639 3373 5691 tle
3417 5651 3476 5693 se
3509 5630 3699 5708 loqui,

2106 5748 2171 5785 ne
2206 5731 2459 5785 lurheris.
2492 5728 2741 5797 Propter.
2764 5726 3040 5781 auditores
3071 5727 3212 5782 enim
3248 5728 3371 5783 talia
3403 5714 3681 5799 loquitur,-

2104 5836 2209 5875 non
2244 5820 2483 5874 valentes
2506 5815 2789 5872 sublimius
2815 5815 3070 5885 quiddam
3096 5804 3307 5889 sapere,
3344 5818 3439 5885 sed
3487 5820 3681 5874 statim

2106 5912 2445 5967 ﬁ-rocicntcs.
2480 5910 2617 5977 Quid
2641 5916 2953 5982 autemnon
2972 5910 3238 5967 evenisset
3262 5910 3327 5967 iis
3348 5910 3441 5982 qui
3467 5913 3530 5968 ad
3550 5927 3683 5983 pro-
