4060 6580
384 394 460 462 23
1313 399 1898 464 THEOPHYLACTI
1931 399 2341 465 BULGARIIE
2381 398 2738 462 ARCHIEP.
3577 394 3652 459 2i

392 505 712 564 {nuditatem
766 508 1051 582 theologici
1087 513 1413 567 sacramenti
1445 515 1751 584 pertingere
1785 514 1975 584 nequi-

2083 514 2238 585 τερόν
2268 531 2320 567 τι
2347 513 2560 582 νοῆσαι,
2593 511 2710 566 ἀλλ’
2736 510 2899 574 εὐθὺς
2935 509 3336 581 ἀγριαίνοντας.
3389 508 3454 562 Τί
3479 507 3535 561 δε
3562 509 3664 562 οὐκ

391 597 622 664 vissent,
655 616 776 655 cum
803 611 858 654 et
891 599 1219 656 Christianis
1249 603 1504 658 virtutem
1537 603 1654 670 ejus
1677 618 1975 674 agnoscen-

395 691 561 757 tibus,
591 700 643 747 et
667 707 758 762 per
783 693 955 760 ipsum
1012 693 1258 759 salvatis,
1291 695 1592 749 sublimitas
1623 694 1810 765 gloria:
1861 695 1976 761 ejus

394 780 834 851 impertingibilis
862 782 971 836 sit?
989 783 1229 838 Audiens
1253 791 1430 839 autem
1461 789 1600 853 quod
1627 785 1778 839 multi
1804 786 1979 838 credi-

391 873 589 936 derint,
626 875 703 926 sic
728 874 989 945 iutellige,
1012 875 1155 945 quod
1201 875 1496 946 vulgariter
1516 877 1868 938 crediderint,
1924 885 1979 930 et

393 980 498 1019 non
538 975 593 1020 ut
627 967 930 1034 oportebat,
990 969 1086 1023 sed
1123 969 1262 1024 sicut
1299 979 1351 1026 et
1386 971 1580 1040 placati
1635 979 1689 1025 et
1742 970 1972 1025 demulsi

393 1059 678 1114 verborum
715 1061 1019 1116 lmmilitate
1056 1079 1070 1117 :
1105 1066 1246 1132 quod
1283 1072 1462 1116 autem
1507 1064 1642 1120 tales
1686 1079 1794 1118 non
1820 1072 1976 1117 erant

392 1167 521 1209 vere
546 1153 749 1221 ﬁdeles,
778 1154 1122 1210 manifestum
1149 1166 1252 1211 est.
1287 1173 1306 1207 ι
1345 1155 1564 1211 Dicebat
1589 1156 1756 1219 enim,
1781 1156 1975 1224 inquit,

393 1247 456 1298 ad
493 1260 585 1300 eos
617 1245 708 1315 qui
729 1247 1079 1302 crediderant
1111 1245 1324 1301 Judams
1384 1263 1398 1301 :
1438 1246 1493 1302 Si
1538 1263 1632 1302 vos
1669 1245 1978 1302 manseritis

395 1343 447 1396 in
475 1359 723 1400 sermone
743 1360 877 1399 meo.
916 1364 936 1398 ι
962 1344 1242 1416 Signiﬁcat
1270 1347 1413 1402 enirn
1438 1360 1533 1401 eos
1553 1345 1976 1417 superﬁcialiter

394 1434 708 1500 credidisse,
745 1447 799 1490 et
855 1447 1134 1506 pmpterea
1176 1453 1280 1494 non
1323 1453 1711 1506 permansuros
1756 1438 1808 1492 in
1851 1438 1974 1493 ﬁde.

397 1521 507 1576 llac.
541 1539 755 1593 quoque
778 1525 1201 1594 reprehensione
1243 1526 1447 1580 indicat
1477 1541 1536 1580 se
1569 1540 1728 1580 nosse
1763 1525 1976 1579 illorum

394 1626 638 1685 pectora,
669 1626 723 1671 et
756 1617 897 1686 quod
945 1619 1018 1672 sit
1055 1619 1212 1673 Deus.
1245 1617 1379 1684 Quia
1421 1625 1601 1672 autem
1647 1626 1702 1671 et
1741 1631 1978 1672 recesse-

394 1715 519 1762 rant
575 1711 796 1777 quidam
856 1709 948 1779 qui
993 1709 1143 1779 prius
1189 1709 1519 1779 putabantur
1571 1707 1818 1776 discipuli
1863 1708 1980 1777 ejus

393 1815 534 1866 esse,
572 1801 691 1856 ideo
723 1803 788 1856 ad
815 1818 908 1856 ens
941 1803 1032 1872 qui
1072 1817 1216 1856 nunc
1248 1801 1614 1865 crediderunt,
1652 1799 1783 1853 dicit
1833 1797 1975 1867 quod

398 1884 474 1940 Illi
499 1888 713 1956 quidem
736 1897 1096 1956 recesserunt,
1121 1890 1165 1945 si
1192 1898 1372 1944 autem
1403 1904 1494 1946 vos
1517 1890 1784 1943 maneatis
1809 1888 1860 1942 in
1877 1903 1983 1942 ser-

398 1995 556 2034 mone
582 1991 632 2034 et
663 1980 786 2047 ﬁde,
813 1981 1120 2052 agnoscetis
1148 1981 1456 2047 veritatem,
1492 1981 1710 2044 hocesl,
1738 1984 1840 2034 Me.
1872 1977 1984 2049 Ego

396 2074 542 2127 enim
581 2089 698 2127 smn
737 2075 951 2130 veritas.
984 2075 1145 2142 Quasi
1181 2076 1367 2129 dicens
1398 2092 1410 2128 :
1442 2073 1593 2128 Nune
1619 2073 1836 2142 quidem
1878 2087 1980 2124 non

399 2168 692 2235 agnoscitis
731 2167 1032 2222 veritatem.
1081 2167 1191 2220 Non
1226 2165 1371 2221 enim
1403 2166 1622 2232 veritas,
1657 2166 1750 2220 sed
1792 2165 1982 2217 umbra

398 2268 454 2312 et
481 2268 634 2326 typus
665 2268 794 2311 sunt
820 2259 1001 2312 omnia
1031 2274 1152 2329 qua:
1183 2275 1279 2313 vos
1303 2259 1356 2313 in
1383 2258 1497 2329 lege
1516 2267 1700 2313 tenere
1731 2257 1975 2312 creditis.

396 2350 466 2403 At
490 2349 532 2403 si
557 2366 639 2403 me
660 2351 974 2417 agnem-itis.
1003 2352 1224 2420 quisum
1253 2353 1473 2414 veritas,
1503 2369 1520 2402 ι
1554 2349 1760 2404 Veritas
1783 2349 1983 2406 liberos

397 2456 492 2496 vos
524 2441 727 2506 reddet,
762 2461 780 2494 ›
821 2444 920 2496 hoc
967 2451 1087 2506 est,
1112 2441 1246 2511 Ego,
1280 2458 1307 2496 a
1334 2444 1572 2510 pet-catis
1621 2444 1846 2498 scilicet.
1879 2441 1979 2508 Qui

397 2538 730 2592 enimcredit
765 2538 818 2593 in
848 2553 968 2592 eum
1000 2540 1092 2609 qui
1130 2539 1269 2593 tollit
1309 2548 1592 2609 peccatum
1637 2540 1982 2604 mundi,om-

401 2629 527 2682 nino
553 2629 810 2685 liberatus
833 2641 912 2684 est
938 2647 963 2682 a
997 2642 1244 2700 peccato:
1273 2629 1428 2686 Sicut
1458 2632 1624 2700 igitur
1653 2631 1735 2687 his
1761 2634 1850 2700 qui
1878 2649 1980 2686 non

401 2722 648 2788 credunt,
677 2722 846 2776 dixit:
881 2741 898 2774 ι
943 2721 1001 2776 1η
1050 2724 1289 2794 peccatis
1346 2723 1538 2778 vestris
1580 2723 1910 2788 moriemini,
1954 2742 1973 2775 ι

399 2812 471 2866 ita
506 2813 589 2867 his
619 2815 708 2882 qui
766 2825 989 2870 manent
1043 2816 1095 2870 in
1133 2815 1254 2881 ﬁde,
1296 2817 1564 2885 promittit
1605 2817 1910 2871 libertatem
1951 2833 1982 2872 a

402 2905 665 2971 peccatis.
715 2903 848 2958 Nam
875 2905 1075 2976 legales
1119 2906 1332 2974 quidem
1364 2906 1704 2975 aspersiones
1733 2914 1786 2961 et
1811 2907 1982 2960 sacri-

403 2995 522 3049 ﬁcia
559 3011 661 3050 non
691 2996 921 3052 liberant
958 3014 987 3052 a
1015 2999 1250 3067 peccatis
1281 3016 1294 3052 :
1333 2998 1498 3070 ﬁgura
1551 3001 1697 3053 enim
1739 2997 1980 3052 fuerunt.

405 3083 700 3155 Spirituale
731 3099 911 3143 autem
943 3098 998 3144 et
1025 3105 1212 3145 verum
1259 3090 1589 3146 sacriﬁcium
1625 3105 1722 3161 per
1754 3089 1911 3144 ﬁdem
1929 3099 1986 3144 et

401 3180 732 3248 agnitionem
765 3181 958 3236 liberat
990 3199 1106 3249 nos,
1134 3185 1224 3254 qui
1259 3183 1400 3240 ultra
1454 3187 1594 3240 servi
1633 3199 1738 3238 non
1772 3198 1982 3248 sumus,

401 3271 496 3324 sed
528 3270 618 3325 ﬁlii
656 3271 749 3326 Dei
779 3273 1062 3329 ellici‘mur.

2077 606 2304 677 ἔμελλον
2327 605 2485 660 τοῦτο
2521 605 2782 675 πάσχειν,
2846 603 2920 672 μὴ
2954 602 3244 671 δυνάμενοι
3294 602 3374 664 είς
3400 599 3462 653 τὺ
3502 600 3665 669 βάθος

2076 699 2172 753 τοῦ
2207 697 2518 766 θεολογικοῦ
2549 697 2850 768 μυστηρίου
2884 694 3106 764 φθάσαι,
3149 695 3286 746 ὅπου
3311 708 3375 760 γε
3411 692 3502 744 καὶ
3525 691 3663 759 Χρι-

2082 793 2318 855 στιανοῖς
2349 791 2447 862 τὴν
2473 789 2639 843 αὐτοῦ
2687 789 2915 856 δύναμιν
2959 785 3244 854 ἐγνωκόσι,
3278 783 3373 836 καὶ
3404 781 3473 836 δι’
3498 780 3663 836 αύτοῦ

2079 883 2317 948 σωθεῐσι,
2341 885 2401 935 τὸ
2427 882 2561 952 ὕψος
2590 881 2692 949 τῆς
2715 879 2880 934 αὑτοῦ
2907 880 3064 949 δόξης
3093 879 3383 946 ἀνέφικτον
3412 874 3627 944 ἐγένετο
3648 891 3663 940 ;
3683 920 3694 932 .

2089 977 2328 1033 Ἀκούων
2354 977 2429 1043 δὲ,
2467 977 2550 1030 ὅτι
2589 995 2608 1029 ι
2646 973 2838 1028 Πολλοὶ
2886 973 3237 1037 ἐπίστευσαν,
3281 989 3299 1023 ι
3357 969 3500 1024 οὓτω
3533 970 3689 1035 νόει,³

2075 1069 2295 1134 τούτους
2323 1070 2718 1132 πιστεύσαντας
2743 1108 2756 1130 ,
2789 1065 2930 1140 [οὐχ]
2962 1065 3172 1128 ἁπλῶς,
3216 1064 3309 1117 καὶ
3340 1062 3416 1126 ὡς
3452 1061 3667 1132 ἔτυχεν,

2076 1164 2173 1233 οὐχ
2202 1161 2276 1224 ὡς
2297 1161 2491 1233 ἐχρῆν,
2520 1159 2637 1214 ἀλλ’
2668 1161 2908 1230 ὡσπερεὶ
2938 1157 3266 1230 ἀρεσθέντας
3291 1156 3386 1209 καὶ
3406 1157 3660 1209 ἀναπαυ-

2079 1253 2344 1323 σαμένους
2369 1255 2461 1307 ἐπὶ
2496 1256 2562 1323 τῇ
2597 1252 2705 1306 τῶν
2728 1252 2902 1321 λόγων
2931 1252 3304 1321 ταπεινότητι.
3337 1250 3463 1303 Ὀτι
3483 1249 3539 1303 δὲ
3565 1248 3668 1302 οὐκ

2077 1341 2217 1418 ἦσαν
2245 1345 2474 1400 τοιοῦτοι
2497 1346 2700 1411 πιστοὶ,
2727 1345 2974 1417 ἀκριϐεῖς
2995 1344 3218 1414 δηλαδὴ,
3239 1343 3419 1414 δῆλον.
3456 1360 3474 1394 ι
3507 1341 3669 1395 Ἕλε-

2079 1455 2143 1508 γε
2179 1437 2311 1509 γὰρ,
2353 1439 2506 1510 φησὶ,
2537 1438 2672 1508 πρὸς
2706 1439 2832 1502 τοὺς
2861 1437 3296 1500 πεπιστευκότας
3338 1434 3657 1498 Ἰουδαίους·

2092 1530 2218 1584 Ἐὰν
2249 1532 2404 1601 ὑμεῖς
2439 1531 2659 1601 μείνητε
2684 1531 2742 1584 ἐν
2769 1530 2845 1602 τῷ
2876 1530 3020 1602 λόγῳ
3042 1530 3118 1600 τῷ
3149 1529 3318 1600 ἐμῷ.»
3355 1527 3667 1581 Λίνίττεται

2081 1624 2192 1694 γὰρ
2224 1624 2423 1687 αὐτοὺς
2473 1624 2872 1688 πιστεύσαντας
2927 1625 3047 1694 μὲν,
3100 1621 3432 1686 ἐπιπολαίως
3465 1621 3542 1683 δέ,
3575 1620 3672 1673 καὶ

2079 1714 2169 1767 διὰ
2191 1715 2352 1768 τοῦτο
2385 1716 2522 1786 μηδέ
2553 1714 3008 1786 παραμενοῦντας
3041 1717 3100 1769 ἐν
3133 1718 3200 1787 τῇ
3234 1715 3438 1770 πίστει.
3476 1713 3672 1782 Ἐλέγ-

2081 1824 2192 1876 χων
2243 1806 2301 1860 δέ
2334 1808 2532 1871 αὐτοὺς
2573 1807 2745 1871 οὕτως
2789 1807 3041 1877 ἔχοντας,
3089 1807 3384 1872 δείκνυσιν,
3427 1805 3505 1870 ὡς
3559 1799 3671 1859 οἶδε

2015 1889 2056 1942 Β
2084 1897 2181 1959 τὰς
2225 1896 2453 1967 καρδίας
2511 1897 2713 1962 αὐτῶν,
2771 1898 2865 1952 καὶ
2916 1897 3048 1961 Θεός
3075 1899 3242 1952 ἐστιν.
3286 1897 3440 1950 Ἐπεὶ
3483 1895 3540 1948 δέ
3570 1894 3663 1952 καί

2084 2004 2230 2050 τινες
2265 1986 2645 2058 ἀνεχώρησαν,
2684 1987 2875 2059 πρώην
2906 1985 3189 2049 δοκοῦντες
3216 1987 3380 2040 αὐτοῦ
3432 1985 3672 2057 μαθηταί¹

2085 2068 2245 2142 εἶναι,
2273 2078 2359 2130 διὰ
2389 2077 2548 2132 τοῦτο
2579 2077 2716 2148 πρὸς
2745 2080 2868 2141 τοὺς
2898 2077 2993 2132 νῦν
3027 2077 3426 2141 πιστεύσαντας
3479 2093 3669 2146 φησιν,

2083 2169 2163 2222 ὅτι
2199 2171 2427 2223 Ἐκεῖνοι
2468 2169 2567 2240 μὲν
2597 2171 2976 2240 ἀνεχώρησαν,
3031 2171 3125 2222 ἐὰν
3162 2169 3218 2223 δὲ
3254 2170 3414 2240 ὑμεῖς
3447 2169 3669 2239 μείνητε

2083 2259 2140 2311 ἐν
2167 2259 2244 2329 τῷ
2282 2258 2425 2328 λόγῳ
2451 2259 2528 2330 τῷ
2560 2259 2676 2329 ἐμῷ
2704 2261 2798 2313 καὶ
2833 2263 2898 2330 τῇ
2925 2259 3129 2319 πίσιει.
3170 2257 3539 2327 ἐπιγνώσεσθε
3570 2256 3670 2327 τὴν

2081 2351 2372 2422 ἀλήθειανο
2402 2355 2698 2417 τουτέστιν,
2731 2352 2859 2423 Ἐμέ
2880 2369 2894 2383 ’
2933 2353 3044 2420 ἐγὼ
3066 2353 3173 2423 γάρ
3207 2353 3322 2420 είμι
3355 2353 3386 2420 ἠ
3414 2350 3667 2421 ἀλήθεια.

2091 2443 2182 2507 Ὠς
2216 2439 2310 2498 νῦν
2337 2461 2398 2513 γε
2429 2446 2530 2498 ούκ
2574 2445 2967 2512 ἐπιγινώσκετε
3003 2444 3099 2515 τὴν
3138 2442 3428 2515 ἀλήθειαν
3462 2443 3525 2497 ού
3564 2443 3674 2512 γὰρ

2083 2537 2332 2608 ἀλήθεια,
2360 2537 2496 2590 ἀλλὰ
2542 2539 2714 2600 τύπος
2735 2538 2825 2590 καὶ
2858 2539 2985 2591 σκιὰ
3017 2538 3194 2590 πάντα
3242 2538 3310 2591 τὰ
3347 2536 3442 2590 τοῦ
3478 2537 3668 2607 νόμου,

2081 2630 2141 2684 ὃν
2172 2631 2327 2700 ὑμεῖς
2363 2631 2569 2684 δοκεῖτε
2598 2634 2803 2702 τηρεῖν.
2851 2631 2988 2683 Ἀλλ’
3021 2633 3114 2684 ἐὰν
3147 2631 3249 2700 ἐμὲ
3278 2631 3545 2699 ἐπιγνῶτε
3578 2629 3671 2682 τὸν

2041 2725 2044 2727 ’
2082 2723 2258 2792 ἁληθῆ
2280 2724 2427 2788 ὅντα,
2459 2747 2472 2773 ι
2503 2725 2535 2793 ἡ
2563 2724 2788 2793 ἀλήθεια
2826 2723 3183 2794 ἐλευθερώσει
3215 2724 3358 2791 ὑμᾶς
3378 2739 3392 2753 ο
3420 2742 3438 2774 ι
3483 2720 3670 2776 τουτέ-

2085 2832 2224 2879 στιν,
2275 2814 2416 2882 Ἐγὼ
2471 2815 2671 2886 δηλαδὴ
2719 2816 2826 2869 ἀπὸ
2855 2815 2962 2869 τῶν
2993 2815 3301 2886 ἁμαρτιῶν.
3340 2815 3402 2870 ⁸0
3435 2815 3545 2885 γὰρ
3572 2831 3666 2866 πι-

2087 2906 2294 2960 στεύων
2337 2909 2417 2970 είς
2449 2907 2541 2961 τὸν
2569 2909 2794 2980 αἴροντα
2851 2910 2948 2979 τὴν
2979 2909 3256 2980 ἁμαρτίαν
3311 2908 3405 2962 τοῦ
3437 2909 3668 2977 κόσμου,

2085 3001 2303 3062 πάντως
2343 3001 2690 3070 ἀπήλλακται
2729 3002 2838 3055 τῶν
2866 3003 3172 3072 ἁμαρτιῶν.
3203 3002 3413 3070 Ὠσπερ
3439 2996 3532 3053 οὖν
3562 3001 3672 3061 τοῖς

2086 3093 2411 3146 ἀπιστοῦσιν
2461 3090 2634 3158 εἶπεν,
2667 3095 2748 3148 ὅτι
2811 3113 2830 3147 ι
2876 3096 2964 3149 Ἐν
2994 3097 3116 3160 ταῖς
3165 3093 3464 3164 ἁμαρτίαις
3515 3091 3672 3162 ὑμῶν

2085 3185 2468 3253 ἀποθανεῖσθε,
2505 3205 2523 3238 ι
2556 3187 2699 3241 οὕτω
2719 3191 2831 3251 τοῖς
2859 3189 3267 3260 παραμενοῦσιν
3290 3188 3346 3240 ἐν
3376 3190 3440 3256 τῇ
3466 3187 3669 3252 πίστει,

2009 3248 2056 3311 C
2087 3248 2481 3347 ἐπαγγέλλεται
2514 3281 2613 3350 τὴν
2641 3248 2956 3350 ἐλευθερίαν
2991 3248 3098 3334 τῶν
3129 3248 3440 3350 ἁμαρτιῶνϊ
3468 3278 3534 3331 Ai
3571 3248 3672 3347 μὲν

399 3361 511 3433 γὰρ
537 3366 758 3435 νομικαὶ
783 3366 987 3430 θυσίαι,
1020 3368 1188 3421 καὶοί
1252 3369 1560 3439 ραντισμοὶ,
1611 3369 1711 3423 οὐκ
1763 3367 2106 3440 ἀπήλλαττον
2153 3371 2475 3444 ἁμαρτιῶν·
2534 3374 2701 3428 τύποι
2750 3375 2858 3444 γὰρ
2913 3369 3074 3444 ἦσαν.
3120 3373 3183 3426 Ἦ
3212 3373 3268 3426 δὲ
3322 3365 3667 3440 πνευματικὴ

403 3461 563 3512 θυσία
595 3459 735 3532 αὕτη
786 3465 878 3516 καὶ
919 3464 1169 3535 ἀληθινὴ,
1196 3463 1284 3518 διὰ
1315 3465 1416 3535 τῆς
1463 3466 1698 3529 πίστεως
1726 3465 1820 3519 καὶ
1850 3465 2199 3535 ἐπιγνώσεως
2230 3471 2528 3540 ἐλευθεροῖ,
2586 3471 2686 3524 οὐκ
2718 3470 2797 3523 ἔτι
2845 3469 3064 3532 δούλους
3123 3469 3270 3539 ἡμᾶς
3328 3465 3508 3530 ὂντας,
3556 3463 3669 3518 ἀλλ’

403 3553 555 3616 υἱοὺς
589 3555 907 3622 γινομένους
934 3555 1090 3611 Θεοῦ.

477 3645 642 3701 νειμ.
668 3647 862 3702 55-56.
901 3667 920 3701 ι
951 3647 1360 3720 Respondentes
1387 3652 1635 3706 dixerunt
1663 3653 1710 3706 ei
1744 3672 1756 3707 :
1783 3653 1979 3709 Semen

400 3737 633 3793 Abrahte
659 3755 867 3804 sunms,
893 3755 1065 3810 neque
1090 3742 1339 3811 cuiquam
1370 3745 1689 3799 servivimus
1709 3761 1976 3815 unquam;

401 3829 674 3900 quomodo
724 3841 779 3884 tu
833 3831 1017 3886 dicis:
1067 3830 1243 3886 Liberi
1299 3833 1636 3888 reddemini"
1687 3835 1982 3903 Respondit

403 3922 482 3976 eis
509 3919 666 3978 Jesus
694 3940 708 3976 :
735 3922 926 3986 Amen,
968 3939 1122 3978 amen
1155 3925 1274 3978 dico
1311 3930 1483 3990 vobis,
1516 3928 1654 3995 quod
1684 3931 1859 3982 omnis
1891 3931 1980 3997 qui

407 4014 536 4069 facit
577 4025 881 4085 peccatum,
922 4032 1112 4074 servus
1157 4029 1239 4072 est
1275 4020 1503 4087 peccati.
1554 4020 1756 4075 Servus
1805 4032 1981 4076 autern

407 4123 516 4163 non
567 4119 750 4164 manet
793 4111 844 4164 in
870 4112 1030 4166 domo
1055 4112 1122 4178 fin
1162 4122 1420 4167 aeternum
1451 4131 1466 4180 ;
1499 4113 1666 4169 Filius
1701 4125 1882 4170 manet
1931 4117 1982 4170 in

405 4209 687 4256 aeternum.
726 4203 782 4256 Si
817 4217 944 4271 ergo
980 4203 1149 4260 Filius
1171 4221 1264 4261 vos
1292 4207 1489 4262 liberos
1517 4208 1830 4274 reddiderit,
1859 4223 1985 4264 vere

406 4295 562 4350 liberi
598 4297 752 4350 estis.
789 4315 808 4350 ι
833 4296 1031 4352 lterum
1054 4307 1375 4368 arrogantes
1405 4300 1472 4354 ad
1509 4299 1796 4371 ignobilem
1829 4291 1981 4354 suam

2168 3671 2186 3701 ι
2227 3649 2652 3720 Ἀπεκρίθησαν,
2679 3651 2766 3702 καῖ
2788 3645 2941 3701 εἷπον
2962 3648 3104 3718 αύτῷ
3129 3662 3142 3677 ·
3166 3646 3394 3716 Σπέρμα
3419 3646 3670 3717 Ἀϐραάμ

2091 3746 2275 3812 teper,
2327 3743 2416 3794 καὶ
2451 3741 2627 3794 οὐδενὶ
2661 3741 3088 3810 δεδουλεύκαμεν
3141 3738 3395 3792 πώποτε·
3433 3739 3548 3799 πῶς
3604 3741 3668 3791 σὺ

2089 3836 2284 3903 λέγεις,
2336 3836 2417 3887 ὃτι
2457 3833 2759 3904 Ἐλεύθεροι
2789 3833 3110 3902 γενήσεσθες
3156 3830 3456 3902 Ἀπεκρίθη
3486 3831 3668 3892 αὐτοῖς

2089 3932 2116 3980 ὁ
2155 3928 2393 3998 ’1ησοῦς”
2443 3929 2635 3998 Ἀμὴν,
2667 3927 2812 3996 ἀμὴν
2839 3927 2983 3994 λέγω
3017 3927 3164 3995 ύμῖν,
3200 3925 3282 3978 ὅτι
3319 3927 3426 3988 πᾶς
3449 3927 3474 3977 ὁ
3499 3924 3668 3977 ποιῶν

2088 4022 2186 4091 τὴν
2215 4021 2508 4092 ἁμαρτίαν,
2535 4019 2717 4081 δοῦλός
2750 4021 2865 4072 ἐστι
2893 4018 2992 4086 τῆς
3021 4018 3295 4088 ἁμαρτίας
3323 4033 3337 4048 ο
3366 4017 3426 4070 '0
3453 4017 3508 4070 δὲ
3543 4015 3668 4069 δαῦ-

2088 4113 2177 4176 λος
2202 4114 2263 4165 οὐ
2298 4112 2446 4182 μένει
2475 4114 2530 4164 ἐν
2557 4115 2622 4181 τῇ
2655 4111 2802 4180 οἰκία
2832 4111 2912 4173 είς
2951 4111 3042 4163 τὸν
3069 4109 3242 4162 αἰῶνα
3261 4123 3274 4138 °
3301 4110 3330 4161 ὁ
3363 4110 3488 4172 Υἱὸς
3515 4109 3668 4178 μένει

2087 4208 2166 4269 εἰς
2199 4206 2290 4258 τὸν
2307 4206 2498 4259 αἰῶνα.
2523 4203 2665 4257 ιἘἀν
2691 4199 2783 4256 οὖν
2812 4206 2839 4257 ὁ
2857 4203 2984 4265 Υἱὸς
3015 4203 3157 4272 ὑμᾶς
3182 4200 3546 4275 ἐλευθερώσῃ,
3577 4201 3666 4253 δν-

2085 4317 2192 4362 τως
2226 4298 2501 4369 ἐλεύθεροί
2542 4300 2684 4352 ἐστε.
2727 4315 2744 4348 ι
2807 4297 2977 4350 Πὰλιν
3007 4297 3057 4350 oi
3088 4295 3348 4360 ἀλαζόνες
3380 4295 3517 4362 πρὸς
3565 4296 3664 4362 τὴν

406 4389 746 4444 nobilitatem
821 4390 1173 4460 respicientes
1242 4391 1595 4454 insolescuut,
1674 4392 1980 4445 dicentes:

2088 4389 2275 4452 ἄδοξον
2329 4388 2509 4442 αὐτῶν
2571 4387 2851 4456 εὐγένειαν
2903 4385 3241 4454 ἀφορῶντες,
3298 4385 3664 4455 ἀγριαίνουσι,

411 4498 431 4531 ι
462 4479 657 4534 Semen
673 4479 905 4535 Abrahaa
937 4495 1144 4542 sumus,
1167 4500 1184 4532 ι
1214 4481 1459 4551 quamvis
1480 4481 1547 4534 de
1578 4481 1682 4535 alio
1714 4481 1982 4550 indignari

406 4571 691 4638 debebant,
710 4573 752 4625 si
780 4574 996 4641 quidem
1025 4587 1118 4627 eos
1141 4573 1407 4644 indignari
1437 4575 1744 4643 oportebat.
1770 4574 1988 4628 Dixerat

405 4661 548 4716 enim
568 4664 646 4716 eis
669 4684 680 4716 :
713 4683 729 4713 ι
755 4661 1048 4718 Veritatem
1067 4665 1286 4731 scietis;
1311 4684 1330 4717 ι
1351 4675 1678 4735 quapropter
1699 4665 1986 4736 oportebat

407 4755 610 4818 dicere,
649 4755 787 4822 Quid
846 4756 1048 4823 igitur?
1102 4758 1385 4812 veritatem
1437 4773 1578 4812 nunc
1634 4758 1987 4826 ignoramus?

404 4846 567 4918 623
633 4848 1047 4902 mendaciumne
1099 4859 1224 4903 sunt
1279 4852 1460 4902 omnia
1491 4865 1610 4918 qua:
1672 4851 1724 4904 in
1776 4851 1892 4920 lege
1932 4859 1986 4904 et

406 4937 646 5007 cognitio
689 4939 914 4992 nostra?
952 4938 1057 4994 Sed
1100 4939 1234 4992 nihil
1287 4940 1475 4993 hormu
1532 4941 1611 4995 eis
1647 4955 1791 4996 cura:
1843 4951 1984 5004 erat,

406 5029 500 5082 sed
549 5031 963 5100 suspicabantur
1001 5032 1321 5102 opprobrari
1380 5032 1485 5088 sibi
1552 5036 1869 5088 servitutem
1929 5041 1984 5087 et

409 5119 800 5190 ignobilitatem
866 5124 918 5176 in
991 5123 1282 5180 mundanis
1366 5124 1616 5195 negotiis.
1679 5142 1698 5177 ι
1745 5123 1982 5191 Semen,

405 5210 636 5266 Abrahae
667 5227 880 5269 sumus.
927 5232 944 5265 ι
984 5213 1257 5282 Nusquam
1295 5229 1562 5270 memores
1589 5225 1722 5270 sunt
1759 5231 1980 5270 suorum

405 5314 650 5367 operum,
681 5302 775 5356 sed
816 5304 880 5358 ad
911 5312 1092 5373 patres
1137 5312 1443 5358 recurrunt.
1492 5303 1616 5360 Ideo
1647 5315 1710 5360 et-
1744 5303 1984 5360 Joannes

406 5391 475 5446 ad
506 5405 602 5446 eos
632 5391 767 5447 dixit
809 5415 822 5450 :
853 5413 873 5446 ι
919 5394 996 5449 Ne
1035 5397 1315 5466 cmperitis
1334 5398 1534 5461 dicere,
1568 5395 1783 5453 Patrem
1814 5399 1984 5453 habe-

409 5499 530 5538 mus
560 5483 834 5540 Abraham
859 5489 924 5542 ".
954 5507 972 5540 ι
1005 5488 1264 5556 Quamvis
1295 5491 1580 5546 manifeste
1615 5491 1824 5546 mentiti
1851 5492 1983 5556 sint,

408 5576 688 5632 dicentes:
745 5597 764 5629 ι
804 5578 945 5634 Nulli
996 5580 1351 5648 servivimus;
1387 5600 1406 5633 ι
1463 5581 1772 5638 servierunt
1815 5583 1980 5648 enim,

407 5669 620 5738 quoties
657 5670 710 5725 in
747 5672 1115 5744 captivitatem
1149 5673 1294 5730 ducti
1329 5684 1474 5743 sunt,
1509 5683 1564 5730 et
1611 5673 1901 5746 Egyptiis,
1932 5684 1986 5731 et

485 5853 525 5882 "
579 5850 772 5908 Matth.
801 5867 886 5920 ιιι,
910 5850 964 5908 9.

2093 4500 2113 4534 ι
2144 4482 2376 4553 Σπέρμα
2409 4481 2658 4550 Ἀϐραάμ
2692 4481 2879 4549 ἐσμεν,
2919 4497 2937 4530 ι
2973 4479 3241 4548 λέγοντες.
3280 4477 3471 4531 Καίτοι
3500 4477 3666 4547 ἐχρῆν

2089 4575 2290 4637 αὐτοὺς
2336 4573 2422 4626 ἐπ’
2451 4573 2597 4643 ἄλλῳ
2649 4572 3050 4643 ἀγανακτῆσαι,
3104 4571 3159 4623 εί
3203 4588 3267 4638 γε
3303 4570 3412 4622 ἔδει
3464 4571 3667 4637 ἀγανα-

2088 4671 2256 4718 κτεῖν.
2290 4663 2424 4720 Birt:
2457 4666 2566 4736 γὰρ
2594 4665 2799 4728 αὐτοῖς,
2827 4666 2907 4718 ὅτι
2966 4684 2984 4714 ι
3025 4665 3135 4734 Τὴν
3177 4663 3434 4732 ἀλήθειαν
3461 4662 3667 4730 γνώσε-

2089 4758 2204 4810 σθε.
2246 4776 2265 4810 ι
2315 4755 2513 4828 Ἐχρῆν
2544 4752 2637 4811 οὖν
2672 4759 2876 4810 εἰπεῖν·
2914 4757 2978 4808 Τί
3017 4756 3109 4821 δὲ;
3139 4755 3234 4809 νῦν
3258 4755 3358 4824 τὴν
3411 4754 3668 4825 ἀλήθειαν

2087 4849 2187 4900 οὐκ
2213 4849 2398 4918 ίσμεν,
2437 4847 2572 4900 ἀλλά
2591 4846 2784 4917 ψεῦδος
2815 4846 3030 4900 ἅπαντα
3075 4845 3142 4898 τὰ
3165 4845 3258 4897 τοῦ
3290 4844 3476 4914 νόμου,
3511 4847 3603 4897 καὶ
3634 4846 3666 4913 ἠ

2089 4939 2288 5008 γνῶσις
2333 4941 2364 5009 ἡ
2418 4940 2704 5011 ἡμετέρα;
2773 4938 2912 4992 Ἀλλ’
2955 4937 3168 5001 οὐδενὸς
3225 4936 3434 4991 τούτων
3485 4938 3667 5000 αὐτοῖς

2089 5032 2302 5102 ἔμελεν,
2341 5031 2458 5084 ἀλλ’
2490 5033 2582 5084 ἐπὶ
2621 5033 2904 5102 κοσμικοϊς
2927 5032 3248 5102 πράγμασιν
3272 5029 3522 5099 ἀλγοῦσι,
3549 5029 3669 5082 δου-

2087 5124 2234 5176 λείαν
2267 5121 2631 5196 ὀνειδισθῆναι
2672 5123 2931 5194 τοιαύτην
2976 5124 3069 5176 καὶ
3117 5122 3432 5191 δυσγένειαν
3466 5121 3666 5175 ύπολα·

2088 5216 2298 5279 ὗόντεςῗ
2341 5234 2359 5266 ι
2382 5215 2611 5286 Σπέρμα
2632 5215 2886 5288 Ἀδραάμ
2913 5217 3134 5286 ἐσμεν.»
3165 5213 3418 5284 Οὐδαμού
3447 5213 3561 5268 τῶν
3583 5216 3666 5268 οξ-

2087 5307 2251 5362 κείων
2315 5307 2761 5381 κατορθωμάτων
2823 5309 3170 5380 μέμνηνται,
3231 5307 3349 5361 ἀλλ’
3403 5307 3495 5361 ἐπὶ
3537 5307 3666 5372 τοὺς

2089 5403 2334 5474 πατέρας
2394 5401 2755 5474 ἀνατρέχουσι
2805 5417 2818 5433 ⁸
2871 5401 2952 5455 διὸ
2998 5401 3094 5456 καὶ
3130 5403 3160 5456 ὁ
3225 5401 3482 5472 Ἰωάννης
3529 5403 3666 5470 πρὶς

2087 5491 2310 5556 αὐτούς’
2335 5511 2353 5544 ι
2379 5493 2468 5563 Μὴ
2497 5491 2758 5564 ἄρξησθε,
2801 5495 2955 5562 φησὶ,
2989 5493 3194 5560 λέγειν·
3222 5493 3439 5565 Πατέρα
3471 5493 3666 5562 ἔχομεν

2089 5585 2178 5640 τὸν
2220 5583 2493 5655 Ἀϐραάμ.
2539 5602 2559 5635 ι
2594 5583 2786 5637 Καίτοι
2825 5584 3120 5655 προφανῶς
3143 5584 3448 5654 ἐψεύδοντο,
3474 5583 3663 5651 λέγον-

2086 5695 2174 5742 τες
2241 5677 2418 5731 οὐδενὶ
2473 5673 2896 5732 δεδουλευκέναι.
2975 5677 3324 5733 Ἐδούλευσαν
3375 5677 3483 5748 γὰρ
3532 5673 3662 5729 606.-
