4060 6604
276 452 342 521 25
487 490 490 493 λ
1017 453 1466 525 ENARRATIO
1503 458 1581 523 IN
1632 452 1875 523 EYANG

1979 458 2133 523 .IUM
2163 454 2507 523 JOANNIS.
2538 482 2605 498 --
2643 461 2803 523 CAP.
2843 459 3065 522 XVIII.
3473 458 3547 523 26

246 590 359 644 ‘att;
382 574 907 651 ᾐχμαλωτίσθησαν,
939 579 1284 649 Αἰγυπτίοις,
1336 582 1430 636 καὶ
1470 578 1855 644 Βαϐυλωνίοις,

1979 578 2292 652 3abyloniis,
2329 589 2382 634 et
2432 576 2552 634 aliis
2587 578 2808 635 multis:
2849 588 2959 634 non
3004 580 3187 633 autem
3231 577 3412 648 arguit
3450 580 3549 633 eos

279 671 373 725 καὶ
388 670 598 742 ἑτέροις
630 668 864 735 πολλοῖς..
896 670 1010 726 οὐκ
1047 672 1260 744 ἐλέγχει
1287 673 1346 728 δέ
1376 676 1405 728 6
1434 670 1640 746 Κύριος
1661 673 1861 735 αὐτοὺς

272 761 657 833 ψευδομένους,
681 763 809 816 ἐπεὶ
840 761 915 835 μὴ
943 762 1279 831 ἐσπούδαζεν
1309 766 1506 830 αὐτοὺς
1535 767 1706 833 δεῖξαι
1732 767 1857 821 δοῦ-

273 854 399 921 λους
424 853 748 927 ἀνθρώπιον,
801 855 940 910 ἀλλὰ
966 856 1269 928 ἁμαρτίας,
1308 861 1432 932 ἣτις
1466 862 1562 915 καὶ
1604 860 1860 932 χαλεπω-

273 948 411 1018 τάτη
442 946 657 1001 δουλεία
687 946 856 1009 ἐστὶν,
891 941 959 1020 ἦς
993 948 1153 1019 μόνος
1176 948 1311 1015 Θεδς
1344 950 1653 1018 ἀπαλλάξαι
1697 951 1859 1007 δύνα-

273 1052 384 1094 ται.
411 1037 609 1109 Τδγὰρ
640 1040 860 1107 ἀφεῖναι
890 1039 1188 1112 ἁμαρτίας,
1206 1041 1341 1095 Θεοῦ
1361 1043 1545 1113 μόνου.
1566 1042 1659 1096 Διό
1687 1054 1857 1113 φησι·

283 1149 303 1184 ι
341 1131 458 1196 Πᾶς
480 1131 510 1184 6
535 1131 701 1185 ποιῶν
733 1132 833 1202 τὴν
863 1133 1162 1201 ἁμαρτίαν,
1190 1130 1375 1199 δοῦλός
1410 1134 1525 1187 ἐστι
1550 1137 1650 1206 τῆς
1680 1136 1861 1206 ἁμαρ-

275 1223 399 1287 τίας
422 1238 438 1254 ο
471 1239 491 1275 ι
532 1225 628 1277 καὶ
662 1223 822 1296 ὑμεῖς
853 1220 947 1279 οὖν
975 1223 1152 1279 δοῦλοί
1176 1225 1322 1289 ἐστε,
1356 1225 1491 1279 καθὸ
1517 1225 1856 1298 ἁμαρτωλοί.

276 1312 410 1370 Εἶτα
429 1317 550 1371 ἐπεὶ
571 1316 719 1382 είκδς
732 1311 801 1388 ἦν
821 1316 1067 1383 ἐκείνους
1087 1314 1283 1383 εἰπεῖν,
1307 1318 1390 1373 ὅτι
1420 1318 1485 1374 Εἰ
1517 1320 1609 1372 καὶ
1636 1316 1858 1391 τοιαύτῃ

277 1406 489 1478 δουλεία
505 1405 867 1478 ὐποκείμεθα.
898 1406 1034 1462 ἀλλὰ
1065 1407 1257 1472 θυσίας
1273 1408 1493 1480 ἔχομεν,
1533 1402 1650 1462 ἀλλ’
1671 1410 1857 1479 ἱερεῖς,

277 1499 327 1553 οἳ
356 1499 749 1571 καθαρίσουσιν
779 1501 932 1572 ἡμᾶς
964 1503 1028 1555 ἐκ
1066 1500 1172 1556 τῶν
1207 1503 1495 1573 ἁμαρτιῶν
1524 1518 1538 1532 ⁸
1568 1502 1755 1573 φησὶν,
1777 1502 1860 1556 ὅτι

279 1590 390 1646 Καὶ
420 1594 622 1647 ἐκείνοι
646 1591 821 1646 δοῦλοί
848 1592 956 1646 εἰσι
980 1608 996 1626 ν
1031 1612 1050 1645 ι
1086 1590 1294 1659 Πάντες
1328 1592 1436 1665 γὰρ
1470 1595 1741 1666 ἥμαρτον,
1765 1593 1860 1648 καὶ

277 1684 631 1756 ὑστεροῦνται
658 1685 755 1756 τῆς
777 1684 938 1755 δόξης
965 1684 1061 1738 τοῦ
1084 1684 1244 1740 Θεοῦ.
1284 1704 1304 1738 ι
1341 1685 1450 1739 Καὶ
1464 1684 1651 1738 λοιπὸν
1681 1680 1859 1738 δοῦλοι

276 1778 520 1831 κάκεῖνοι
548 1776 701 1842 ὅντες
720 1780 770 1831 οἰ
810 1778 977 1849 ἱερεῖς
1001 1776 1178 1847 ὑμῶν,
1229 1778 1330 1832 οὐκ
1357 1778 1576 1850 ἔχουσιν
1611 1776 1858 1844 ἐξουσίαν

277 1870 496 1937 ἀφιέναι
519 1867 698 1936 ἄλλοις
723 1873 1022 1944 ἁμαρτίας.
1061 1874 1126 1926 Ὀ
1149 1870 1244 1928 καὶ
1269 1872 1433 1937 αὐτὸς
1457 1874 1486 1926 6
1514 1868 1724 1938 Παῦλος
1764 1888 1860 1927 σα-

1967 672 2231 730 Dominus
2277 673 2592 737 mendaces,
2645 670 2769 743 quia
2804 682 2914 727 non
2946 670 3199 726 studebat
3253 664 3549 726 ostendere

1967 780 2158 823 servos
2197 764 2501 830 hominum,
2548 762 2639 820 sed
2678 763 2907 834 peccati,
2932 778 3051 834 quae
3082 762 3299 833 gravior
3318 762 3551 819 servitus

1966 868 2069 923 est,
2114 872 2141 911 a
2174 870 2281 929 qua
2323 852 2473 913 solus
2510 853 2651 912 Deus
2710 855 2943 911 liberare
2988 862 3188 927 potest.
3245 848 3550 912 “emittere

1966 949 2110 1005 enim
2146 954 2389 1018 peccata,
2439 947 2608 1004 solius
2642 944 2736 1004 Dei
2777 956 2881 1003 est.
2915 944 3041 1003 ideo
3069 946 3238 1005 dicit:
3299 966 3319 1002 ι
3360 946 3550 1003 Omnis

1966 1044 2055 1114 qui
2083 1043 2209 1100 facit
2254 1052 2558 1114 peccatum,
2615 1054 2807 1099 servus
2863 1048 2943 1103 est
2978 1041 3210 1113 peccati.
3273 1061 3292 1098 ο
3333 1038 3399 1099 Et
3450 1057 3549 1100 vos

1968 1137 2136 1208 igitur
2166 1136 2308 1193 servi
2364 1136 2500 1192 estis
2532 1153 2546 1191 :
2595 1135 2723 1206 quia
2785 1142 3121 1207 peceatores.
3158 1128 3384 1206 insuper
3421 1135 3548 1207 quia

1966 1226 2265 1285 verisimile
2294 1236 2412 1283 erat
2446 1227 2566 1283 illos
2601 1228 2823 1283 dicere:
2874 1227 3135 1295 Quamvis
3184 1226 3277 1283 tali
3301 1220 3551 1286 servituti

1966 1319 2183 1375 obnoxii
2210 1319 2533 1384 sumns,sed
2556 1312 2827 1375 sacriﬁcia
2853 1316 3134 1383 habemus,
3168 1319 3263 1377 sed
3292 1319 3549 1375 sacerdo-

1968 1420 2071 1476 tes,
2118 1413 2207 1481 qui
2240 1405 2553 1483 purgabant
2599 1427 2701 1468 nos
2734 1426 2763 1466 a
2797 1415 3037 1483 peccatis
3082 1431 3099 1471 :
3134 1410 3268 1468 dicit
3324 1410 3469 1483 quod
3495 1419 3552 1466 et

1965 1503 2042 1558 illi
2071 1504 2214 1559 servi
2248 1503 2386 1569 sint;
2432 1521 2451 1554 ι
2491 1494 2694 1558 Omnes
2717 1500 2860 1560 enim
2895 1513 3277 1575 peccaverunt,
3317 1515 3371 1560 et
3404 1503 3547 1559 indi-

1966 1602 2092 1666 gent
2116 1593 2288 1664 gloria
2320 1584 2414 1650 Dei
2452 1596 2519 1650 ".
2563 1614 2582 1647 ι
2648 1592 2715 1650 Et
2756 1597 3071 1651 saeerdbtes
3126 1596 3289 1651 vestri
3330 1609 3452 1649 cum
3495 1601 3554 1649 et

1968 1687 2074 1757 ipsi
2114 1686 2260 1743 servi
2298 1688 2430 1753 sint,
2475 1702 2579 1742 non
2617 1687 2815 1742 habent
2849 1692 3172 1758 potestatem
3229 1684 3351 1743 aliis
3371 1685 3554 1741 dimit-
3646 1728 3654 1737 ,

1967 1778 2112 1833 tendi
2139 1782 2380 1847 peccata.
2403 1772 2555 1845 Quod
2577 1786 2632 1832 et
2657 1777 2771 1848 ipse
2799 1775 2993 1833 Paulus
3016 1774 3357 1834 manifestius
3384 1774 3551 1833 dicit:

1974 1890 1993 1924 ι
2013 1869 2165 1939 Opus
2183 1870 2346 1926 habet
2371 1870 2627 1926 sacerdos
2652 1880 2749 1941 pro
2765 1872 2949 1940 seip‘so
2970 1870 3191 1936 ol'l'erre,
3221 1870 3362 1926 sicut
3384 1868 3551 1924 etiam

277 1958 543 2034 φίστερόν
572 1978 760 2032 φησιν,
795 1960 877 2016 ὅτι
902 1980 920 2014 ι
948 1961 1186 2032 Ὀερείλει
1217 1965 1245 2017 6
1277 1960 1455 2035 ἱερεὺς
1490 1959 1631 2037 ὑπὲρ
1659 1961 1855 2018 ἑαυτοῦ

1979 1980 2061 2020 )ro
2086 1963 2305 2035 populo,
2330 1964 2453 2034 quia
2482 1972 2536 2019 et
2569 1964 2684 2034 ipse
2715 1964 3016 2019 inﬁrmitati
3037 1964 3302 2019 obnoxius
3332 1962 3494 2018 est“.
3524 1979 3545 2015 ι

277 2053 632 2124 προσφέρειν,
666 2053 810 2109 καθὰ
832 2053 926 2110 καὶ
953 2055 1095 2126 ὑπὲρ
1120 2054 1216 2109 τοῦ
1253 2055 1405 2121 λαοῦ,
1430 2052 1556 2109 ἐπεὶ
1588 2052 1684 2110 καὶ
1701 2054 1863 2121 αὐτὸς

276 2145 587 2216 περίκειται
603 2145 930 2210 ἀσθενείαις.
954 2165 973 2199 ι
998 2176 1067 2187 —
1084 2164 1104 2199 ι
1126 2150 1186 2200 ὐ
1203 2144 1407 2213 δοῖλος,
1428 2145 1614 2219 φησὶν,
1634 2146 1693 2200 οὐ
1712 2146 1864 2218 μένει

275 2239 336 2289 ἐν
362 2234 430 2307 τῇ
457 2237 642 2308 οἰκία·
683 2256 703 2289 ι
758 2236 1057 2301 τουτέστιν,
1093 2239 1194 2293 οῦκ
1224 2237 1338 2309 ἔχει
1367 2237 1619 2304 ἐξουσίαν
1640 2236 1864 2311 χαρίζε-

280 2326 426 2395 σθαι,
452 2330 545 2383 an
580 2329 656 2403 μὴ
681 2329 758 2385 ὣν
786 2331 1171 2399 οἰκοδεσπότης
1193 2348 1209 2363 ο
1232 2332 1261 2386 6
1299 2331 1358 2386 δὲ
1397 2332 1526 2397 Υἰδς
1547 2333 1865 2386 οἰκοδεσπό-

278 2430 379 2490 της
421 2423 561 2488 ἐστὶ,
593 2422 691 2478 καὶ
723 2423 872 2495 μένει
899 2427 957 2478 ἐν
980 2426 1047 2495 τῇ
1071 2423 1242 2495 οἰκία.
1273 2418 1467 2480 Οἰκίαν
1493 2422 1550 2480 δέ
1594 2426 1742 2494 λέγει
1767 2426 1867 2496 τὴν

280 2512 552 2578 ἐξουσίαν,
580 2515 728 2569 καθὰ
769 2517 865 2570 καὶ
894 2513 1129 2588 ἀλλαχοῦ
1153 2518 1252 2587 τὴν
1280 2514 1456 2588 ἀρχὴν
1476 2514 1647 2581 οὕτως
1672 2517 1868 2587 ὀνομά-

281 2605 385 2673 ζει,
420 2627 439 2659 ι
489 2608 579 2661 Ἐν
619 2609 686 2679 τῇ
721 2609 890 2679 οἰκία,
926 2610 1122 2679 λέγων,
1174 2609 1267 2664 τοῦ
1299 2610 1516 2682 Πατρός
1544 2627 1644 2682 μου
1674 2609 1868 2665 πολλαὶ

286 2694 445 2767 μοναί
473 2700 635 2755 εἰσιν.
670 2717 690 2751 ι
756 2700 988 2755 Ἐκεῖνοι
1043 2702 1141 2772 μέν
1170 2702 1263 2758 οῦν
1291 2702 1339 2757 ot
1372 2704 1540 2775 ἱερεῖς
1609 2704 1867 2774 ὑμέτεροι

284 2790 460 2845 δοῦλοι
481 2791 654 2857 ὄντες,
682 2793 785 2847 οῦκ
807 2789 952 2866 εἶχον
982 2794 1233 2859 ἐξουσίαν
1259 2795 1479 2864 ἀφιέναι
1497 2809 1512 2824 ·
1560 2797 1589 2848 ό
1639 2794 1697 2849 δὲ
1732 2794 1868 2858 Υἱὸς

287 2884 395 2952 ἐγὼ
428 2885 608 2956 μένων
651 2886 710 2938 ἐν
736 2888 803 2959 τῇ
850 2887 1021 2959 οἰκία,
1050 2890 1117 2959 τῇ
1164 2887 1401 2960 ἐξουσίᾳ,
1459 2888 1640 2959 φημὶ,
1681 2888 1777 2941 καὶ
1801 2890 1867 2960 τῇ

287 2978 488 3049 ἀρχικῇ
516 2977 800 3051 αὐθεντία,
851 2980 946 3033 καὶ
996 2980 1383 3051 οἰκοδεσπότης
1414 2975 1520 3044 ὣν,
1556 2979 1870 3050 ἐλευθερίαν

287 3070 760 3147 ὑμῖνχαρίζομαι.
801 3070 989 3125 Πάντα
1015 3071 1123 3143 γὰρ
1164 3070 1274 3141 ἐμά
1294 3073 1434 3137 ἐστι,
1483 3073 1578 3124 καὶ
1608 3069 1871 3142 ὸμοδύνα-

291 3164 388 3233 μός
417 3165 553 3234 εἰμι,
591 3164 685 3218 καὶ
712 3162 1057 3235 ὁμοεξούσιος
1105 3164 1184 3236 τῷ
1232 3164 1445 3237 Πατρί³
1477 3163 1571 3219 καὶ
1622 3164 1719 3218 ἐὰν
1742 3164 1872 3232 ἐγὼ

287 3254 664 3328 ἐλευθερώσω,
693 3257 813 3311 τότε
838 3259 906 3329 τῇ
949 3256 1140 3329 ἀληθεῖ
1167 3257 1454 3330 ἐλευθερίᾳ
1474 3256 1870 3330 τιμηθήσεσθε,

286 3346 361 3411 ὡς
390 3346 488 3401 νῦν
540 3364 605 3416 γε
638 3346 816 3419 ψευδῆ
866 3347 1183 3422 ἐλευθερίαν
1222 3346 1435 3411 ἑαυτοῖς
1474 3349 1869 3421 ἐπιφημίζετε·

162 3478 175 3493 ι
291 3435 458 3502 Satio;
499 3438 557 3494 δὲ
593 3439 688 3494 καὶ
712 3439 926 3512 ἀληθῶς
952 3440 1229 3512 ἐλεύθεροι
1270 3442 1403 3513 παρ’
1430 3442 1564 3513 ἐμοῦ
1590 3442 1801 3496 ἔσεσθε.

364 3548 384 3584 ι
421 3528 556 3585 Οίδα
582 3531 664 3585 ὅτι
692 3532 916 3602 σπέρμα
943 3532 1195 3604 Ἀϐραάμ
1218 3536 1363 3600 ἐστε,
1391 3534 1528 3588 ἀλλὰ
1554 3534 1768 3607 ζητεῖτέ
1800 3552 1866 3606 με

290 3623 634 3686 ἀποκτεῖναι,
657 3623 741 3675 δτι
764 3624 792 3676 ὁ
815 3622 971 3691 λόγος
992 3624 1021 3676 6
1044 3624 1177 3694 ἐμὸς
1197 3624 1258 3677 οὐ
1280 3625 1454 3696 χωρεῖ
1472 3626 1531 3678 ἐν
1558 3625 1707 3697 ὑμῖν.
1734 3622 1878 3693 Ἐγὼ

285 3714 318 3767 δ
341 3715 563 3786 ἑώρακα
587 3714 741 3785 παρὰ
765 3714 842 3786 τῷ
868 3717 1044 3787 Πατρί
1072 3732 1197 3787 μου,
1220 3716 1368 3770 λαλῶ
1389 3734 1403 3747 ·
1430 3715 1527 3771 καὶ
1550 3718 1707 3788 ὑμεῖς
1729 3712 1822 3770 οῦν
1846 3715 1875 3769 δ

292 3808 579 3879 ἑωράκατε
617 3809 770 3878 παρὰ
807 3805 886 3879 τῷ
928 3808 1107 3879 πατρί’
1142 3809 1295 3879 ὑμῶν
1336 3808 1561 3864 ποιεῖτε.
1611 3828 1630 3860 ι
1687 3809 1879 3877 Ὑμεῖς

295 3899 414 3969 μὲν,
443 3901 633 3971 φησὶν,
659 3898 888 3964 ἑαυτοὺς
917 3902 1141 3974 σπέρμα
1168 3902 1423 3973 Ἀϐραὰμ
1453 3904 1656 3955 ποιεῖτε
1677 3917 1694 3933 ο
1722 3901 1879 3970 κάγὼ

290 3993 347 4047 δέ
369 3993 533 4048 τοῦτο
560 3993 836 4064 σύμφημι,
863 3994 947 4048 ὄτι
970 3994 1070 4064 τὴν
1094 3994 1364 4064 σαρκικὴν
1393 3994 1716 4063 συγγένειαν
1743 3992 1879 4064 πρὸς

292 4086 382 4138 τὸν
407 4083 564 4153 ἅγιον
589 4085 796 4139 suaso-1
824 4085 1023 4149 σώζετε
1048 4101 1064 4117 ο
1095 4085 1237 4156 πλὴν
1263 4086 1296 4155 ἡ
1324 4085 1465 4139 κατὰ
1491 4084 1712 4155 πνεῦμα
1744 4103 1879 4154 συγ-

292 4176 479 4245 γένεια
520 4176 747 4233 ἄπεστιν
790 4177 964 4249 ὑμῶν.
1000 4172 1239 4241 Ἐκεῖνος
1280 4178 1512 4242 δίκαιος,
1542 4178 1652 4231 Δκαὶ
1692 4177 1882 4249 φιλᾶν·

297 4271 548 4340 Θρωπος,
580 4272 676 4324 καὶ
706 4269 983 4341 φιλόξενος
1003 4284 1018 4300 ⁸
1049 4272 1207 4340 ὑμεῖς
1235 4270 1326 4336 δέ,
1356 4270 1441 4324 ἴνα
1468 4271 1562 4324 τὸν
1594 4272 1693 4340 μὲν
1722 4271 1881 4324 ἄλλον

298 4361 412 4430 βίον
434 4361 465 4414 ῦ
474 4360 591 4432 μῶν
614 4361 981 4433 παραδράμω,
1010 4360 1142 4415 αὐτὸ
1168 4361 1224 4414 δέ
1249 4362 1310 4415 τὸ
1338 4360 1882 4432 προφανέςέξετάσω

295 4454 324 4507 ὃ
350 4453 450 4509 νῦν
507 4454 800 4526 πράττετε,
851 4454 1127 4526 μιαιφόνοι
1169 4454 1266 4508 καὶ
1297 4454 1709 4526 ἀφιλάνθρωποι
1747 4469 1761 4484 °
1793 4453 1884 4526 ζη-

298 4546 443 4602 τεῖτε
476 4547 588 4619 γάρ
622 4565 689 4619 με
723 4549 1079 4616 ἀποκτεῖναι,
1141 4548 1236 4601 καὶ
1293 4549 1522 4616 φωνεῖτε
1573 4546 1694 4601 κατ’
1718 4546 1878 4617 ἐμοῦ.

1972 2075 1991 2109 ι
2020 2055 2242 2121 Servus,
2273 2058 2466 2128 inquit,
2499 2072 2605 2112 non
2633 2067 2813 2113 manet
2842 2057 2896 2111 in
2929 2056 3140 2122 domo,»
3192 2054 3296 2111 hoc
3319 2067 3421 2119 est,
3444 2071 3553 2111 non

1966 2147 2127 2203 habet
2155 2155 2478 2217 potestatem
2514 2147 2877 2219 expendendi,
2906 2163 2972 2203 eo
3028 2148 3171 2218 quod
3227 2164 3332 2203 non
3367 2148 3439 2203 sit
3468 2162 3556 2217 pa-

1967 2238 2306 2307 terfamilias,
2336 2242 2437 2296 hoc
2457 2250 2560 2307 est,
2594 2241 2850 2296 dominus
2886 2244 3074 2296 domus
3114 2238 3325 2308 ;Filius
3372 2250 3553 2297 autem

1968 2333 2219 2388 dominus
2237 2332 2431 2389 domus
2450 2343 2554 2401 est,
2577 2345 2631 2388 et
2654 2343 2833 2389 manet
2847 2334 2897 2387 in
2921 2335 3098 2389 domo.
3124 2326 3351 2387 Domum
3371 2342 3554 2389 autem

1969 2426 2097 2482 dicit
2158 2435 2514 2495 potestatem,
2556 2426 2698 2482 sicut
2743 2426 2849 2479 alio
2896 2425 3014 2479 loro
3071 2425 3432 2495 principatum
3483 2428 3557 2480 ita

1968 2519 2252 2574 neminat:
2288 2536 2307 2570 ι
2347 2518 2401 2572 In
2434 2519 2613 2583 domo,
2650 2517 2857 2581 dicens,
2881 2515 3058 2571 Patris
3096 2516 3199 2571 mei
3243 2516 3557 2571 mansiones

1971 2611 2157 2667 multa:
2208 2612 2430 2667 sunt".
2466 2631 2486 2664 ι
2526 2610 2696 2682 igitur
2747 2610 2913 2666 vestri
2972 2608 3188 2680 quidem
3247 2603 3558 2665 sacerdotes

1970 2719 2093 2758 cum
2148 2703 2291 2758 Servi
2316 2704 2444 2768 sint,
2496 2704 2821 2774 potestatem
2857 2717 2965 2757 non
2999 2701 3200 2757 habent
3251 2700 3561 2758 remittendi

1972 2802 2241 2865 peccata:
2290 2804 2346 2849 at
2394 2793 2567 2850 Filius
2590 2810 2690 2862 ego
2723 2811 2919 2850 maneo
2976 2795 3029 2849 in
3089 2795 3273 2861 domo,
3310 2793 3558 2859 hoc‘est,

1973 2893 2244 2956 potestate
2283 2892 2338 2939 et
2364 2882 2651 2953 principali
2680 2882 3004 2937 auctoritate
3031 2899 3044 2936 :
3073 2890 3124 2936 et
3163 2896 3286 2937 cum
3316 2881 3417 2936 sim
3456 2879 3563 2935 Do-

1973 2978 2157 3032 minus
2215 2977 2426 3041 domus,
2491 2974 2797 3028 libertatem
2848 2973 3000 3027 vobis
3050 2972 3309 3026 concedo.
3366 2969 3560 3027 Omnia

1973 3071 2117 3125 enim
2140 3082 2258 3124 mea
2284 3078 2431 3131 sunt,
2451 3077 2502 3123 et
2526 3064 2750 3137 animalis
2777 3065 3030 3135 potentiae
3053 3074 3103 3119 et
3132 3064 3412 3131 potestatis
3434 3077 3561 3119 cum

1974 3164 2133 3219 Patre
2184 3178 2344 3219 smn:
2391 3171 2446 3217 et
2489 3161 2533 3216 si
2584 3175 2684 3232 ego
2736 3158 2937 3215 liberos
2961 3172 3061 3214 vos
3093 3158 3405 3224 reddidero,
3432 3164 3566 3212 tunc

1975 3274 2103 3315 vera
2134 3256 2390 3313 libertate
2431 3253 2796 3311 redimemini.
2838 3248 2974 3307 Nam
3014 3260 3158 3307 nunc
3191 3250 3411 3323 quidem
3458 3249 3563 3305 fal-

1983 3367 2099 3407 sam
2152 3350 2456 3405 libertatem
2506 3349 2835 3404 celebratis:
2873 3361 3003 3401 vere
3053 3354 3234 3400 autem
3281 3352 3336 3402 et
3380 3342 3563 3415 reipsa

1983 3442 2135 3498 liberi
2166 3457 2198 3497 a
2221 3458 2307 3497 me
2332 3440 2511 3497 eritis.

2055 3536 2210 3593 Vnus.
2237 3530 2327 3602 57,
2370 3534 2460 3590 38.
2501 3551 2521 3586 ι
2552 3530 2683 3589 Seio
2715 3532 2859 3603 quod
2895 3546 3078 3588 semen
3134 3531 3366 3587 Abrahae
3418 3529 3562 3595 sitis,

1980 3632 2074 3686 sed
2127 3630 2374 3701 qumritis
2446 3640 2534 3682 me
2590 3625 2923 3690 interficere,
2993 3625 3118 3695 quia
3176 3636 3357 3678 sermo
3414 3636 3567 3677 mens

1982 3738 2091 3777 non
2124 3723 2287 3777 habet
2316 3722 2493 3777 locum
2530 3720 2583 3773 in
2622 3718 2795 3773 vobis.
2823 3714 2934 3788 Ego
2969 3717 3115 3788 quod
3146 3717 3256 3770 vidi
3290 3714 3431 3785 apud
3461 3712 3568 3770 Pa-

1982 3827 2118 3871 trem
2152 3830 2355 3877 menm,
2381 3813 2571 3884 loquor
2608 3828 2623 3878 ;
2663 3816 2717 3865 et
2744 3825 2841 3865 vos
2875 3810 3015 3879 quod
3056 3809 3266 3863 vidistis
3295 3806 3436 3878 apud
3467 3814 3580 3877 pa-‘

1981 3918 2117 3963 trem
2143 3902 2628 3966 vestrum,facitis.
2658 3922 2676 3956 ι
2700 3898 2809 3958 Vos
2834 3901 3073 3970 quidem,
3100 3899 3293 3970 inquit,
3312 3899 3570 3969 vosipsos

1981 4000 2008 4054 ί
2022 3999 2161 4053 ιείιῑε
2180 4013 2362 4053 semen
2378 3995 2640 4051 Abrahae:
2663 4005 2715 4048 et
2731 4008 2830 4064 ego
2841 3991 2995 4048 vobis
3013 3991 3436 4061 assentiorqnod
3455 4005 3575 4046 car-

1985 4092 2161 4148 nalem
2197 4090 2556 4153 nobilitatem,
2584 4103 2706 4158 qua:
2731 4096 2815 4142 est
2842 4095 2907 4140 et
2934 4084 3027 4140 illo
3057 4094 3267 4149 sancto,
3290 4083 3518 4139 servetis
3545 4100 3562 4145 ;

1982 4192 2361 4239 verumtamen
2404 4178 2702 4251 spiritualis
2744 4178 2999 4249 cognatio
3031 4194 3058 4232 a
3090 4176 3243 4232 vobis
3271 4179 3444 4230 abest.
3476 4174 3572 4230 Ille

1979 4276 2161 4346 justus
2215 4283 2270 4329 et
2325 4274 2658 4339 misericors,
2693 4283 2747 4328 et
2777 4270 3059 4342 hospitalis
3092 4290 3106 4326 :
3137 4286 3235 4325 vos
3281 4283 3459 4348 autem
3491 4268 3573 4342 (nt

1988 4371 2148 4425 aliam
2186 4377 2424 4424 vestram
2460 4368 2626 4423 vitam
2664 4376 3010 4432 praeteream,
3039 4367 3145 4420 hoc
3181 4364 3359 4433 ipsum
3390 4372 3570 4416 autent

1984 4463 2125 4533 quod
2157 4460 2499 4516 manifestum
2528 4470 2633 4523 est,
2663 4468 2717 4514 et
2749 4458 2890 4527 quod
2927 4472 3067 4510 nunc
3099 4450 3265 4527 62.5.
3309 4453 3574 4525 operamio

1997 4552 2072 4615 ni,
2103 4548 2435 4614 examinem)
2464 4549 2749 4604 homicidae
2774 4550 2928 4615 estis,
2979 4558 3035 4604 et
3072 4547 3571 4611 inttnisericordes;

299 4637 426 4702 Πῶς
457 4637 552 4692 οὖν
584 4637 798 4693 ἐκείνου
832 4637 941 4691 υἱοὶ
972 4637 1142 4702 ὅντως
1174 4638 1298 4691 ἐστέ
1319 4678 1334 4703 ,
1366 4636 1511 4691 οὕτω
1539 4637 1648 4692 τῶν
1679 4655 1875 4706 πατρι-

1991 4643 2234 4714 ηιιαετίιίε
2259 4642 2401 4697 enim
2433 4655 2521 4694 me
2553 4641 2827 4702 occidere,
2855 4650 2910 4694 et
2941 4638 3131 4692 mortis
3159 4652 3309 4690 reum
3340 4651 3424 4690 me
3446 4651 3574 4690 esse

301 4731 414 4784 κῶν
443 4732 811 4802 χαρακτήρων
839 4727 1293 4800 ἀπολειπόμενοις
1326 4730 1390 4784 Εἰ
1421 4731 1601 4785 ’τοίνυν
1628 4728 1726 4801 τὴν
1754 4747 1887 4800 συγο

300 4828 518 4893 γένειαν
560 4824 814 4894 αὑχεῖτε,
856 4822 1104 4891 ὀφείλετε
1152 4823 1249 4876 καὶ
1289 4824 1391 4894 τὴν
1429 4822 1631 4895 ἀρετὴν
1675 4823 1886 4876 ἐκείνου

305 4915 613 4988 μιμεῖσθαι.
646 4911 781 4972 Εἶτα
802 4958 817 4983 ,
853 4918 943 4971 ἵνα
980 4916 1053 4988 μὴ
1090 4916 1255 4989 ἔχωσι
1288 4914 1504 4986 λέγειν,
1539 4918 1620 4970 ὅτι
1654 4917 1887 4981 Δικαίως

305 5028 364 5064 σε
398 5009 674 5082 ζητοῦμεν
705 5011 1046 5074 ἀποκτεῖναι,
1080 5013 1262 5082 τίθησι
1294 5011 1394 5082 τὴν
1426 5012 1631 5065 αἰτίαν·
1665 5011 1744 5064 Οὐ
1778 5011 1889 5082 γὰρ

303 5103 370 5157 δι’
395 5102 544 5168 ἄλλο,
581 5105 740 5175 φησὶ,
773 5104 1009 5157 λυσσᾶτε
1043 5104 1165 5157 κατ’
1190 5103 1350 5173 ἐμοῦ,
1385 5090 1433 5157 εί
1472 5104 1547 5174 μὴ
1581 5104 1670 5158 διὰ
1700 5103 1762 5157 τὸ
1796 5104 1886 5157 τὸν

303 5194 462 5260 λόγον
490 5195 584 5249 τὸν
616 5193 748 5265 ἐμὸν
774 5194 1112 5266 ὖψηλότερον
1142 5190 1279 5248 εἰναι
1311 5193 1411 5264 τῆς
1442 5195 1596 5264 ὑμῶν
1625 5195 1885 5260 διανοίας,

305 5286 401 5339 καὶ
446 5287 524 5357 μὴ
565 5287 813 5358 χωρητὸν
856 5287 1007 5357 ὑμῖν.
1054 5285 1248 5341 Καίτοι
1289 5286 1349 5341 οὐ
1394 5287 1481 5342 διὰ
1524 5286 1682 5341 τοῦτο
1722 5288 1890 5359 ἐχρῆν

308 5380 590 5451 ἀναιρεῖν,
623 5380 761 5437 ἀλλὰ
797 5380 997 5455 μᾶλλον
1024 5378 1211 5448 ἀξιοῦν
1232 5422 1248 5448 ,
1278 5379 1421 5435 ὥστε
1452 5378 1664 5447 διδάξαι
1694 5382 1756 5435 τὸ
1782 5381 1892 5435 τῶν

306 5469 594 5539 δογμάτων
638 5469 793 5542 ὕψος,
839 5470 935 5525 καὶ
978 5472 1167 5543 τιμᾷν,
1215 5472 1311 5525 καὶ
1350 5471 1697 5544 θεραπεύειν.
1738 5467 1891 5538 Εἶτα,

307 5560 397 5614 ἶνα
432 5562 509 5633 μὴ
541 5564 771 5618 εἴπωσιν
799 5562 972 5636 αὐτῷ,
1005 5565 1088 5619 ὅτι
1121 5565 1232 5620 Καὶ
1263 5566 1491 5630 εἰκότως
1527 5578 1586 5619 σε
1625 5564 1893 5637 μισοῦμεν

304 5651 395 5710 διὰ
432 5655 523 5707 τὸν
562 5654 720 5724 λόγον
758 5671 886 5708 σουο
929 5656 991 5710 οῦ
1037 5657 1147 5729 γὰρ
1188 5658 1370 5726 λέγεις
1413 5658 1548 5728 ἡμῖν
1588 5655 1695 5711 ἀπὸ
1731 5648 1893 5723 Θεοῦ,

306 5743 425 5797 ἀλλ’
445 5747 553 5800 ἀπὸ
583 5746 808 5813 σαυτοῦ,
836 5749 930 5802 καὶ
957 5748 1046 5803 διὰ
1069 5749 1229 5805 τοῦτο
1258 5749 1382 5804 οὔτε
1410 5748 1688 5822 δυνάμεθα
1714 5749 1895 5822 χωρῆ-

1991 4739 2197 4793 dicitis.
2235 4735 2406 4807 Igitur
2438 4730 2709 4804 quomodo
2736 4730 2880 4789 illius
2915 4730 3008 4787 lilii
3041 4746 3165 4786 vere
3195 4732 3349 4795 esus,
3378 4729 3471 4800 qui
3498 4729 3571 4783 ita

1991 4843 2248 4902 paternos
2300 4828 2655 4883 characteres
2707 4824 3044 4896 reliquistis;?
3077 4822 3132 4878 Si
3170 4824 3329 4894 igitur
3363 4820 3429 4878 de
3462 4825 3578 4892 eius

1994 4936 2191 4993 genere
2249 4918 2581 4991 gloriamini,
2625 4918 2832 4972 debetis
2867 4926 2919 4970 et
2954 4918 3213 4970 virtutem
3270 4915 3412 4970 illius
3464 4915 3581 4968 imi-

1997 5014 2120 5067 tari.
2155 5011 2361 5066 Deinde
2389 5022 2444 5064 nt
2478 5025 2583 5065 non
2618 5011 2826 5076 possint
2859 5009 3043 5064 dicere
3070 5024 3085 5060 :
3113 5002 3269 5063 Jnste
3303 5019 3353 5063 te
3378 5009 3581 5080 qumvi-

1997 5117 2118 5158 mtts
2178 5104 2245 5157 ad
2305 5101 2892 5173 occidendumtponil
2957 5116 3179 5157 causam
3212 5116 3226 5155 :
3259 5102 3379 5155 Non
3434 5101 3578 5155 enim

1995 5204 2219 5266 prapler
2275 5195 2421 5248 aliud
2487 5195 2738 5249 insanitis
2774 5203 2963 5251 contra
3012 5209 3120 5259 me,
3152 5202 3312 5265 quam
3354 5205 3582 5263 prapter

1999 5303 2307 5344 sermonem
2349 5304 2554 5354 meum,
2580 5289 2671 5357 qui
2711 5286 3001 5342 sublimior
3029 5297 3111 5342 est
3141 5300 3317 5342 veStra
3372 5288 3579 5355 cogita-

2000 5380 2165 5447 tione,
2197 5390 2252 5435 et
2277 5397 2304 5431 a
2336 5379 2487 5435 vobis
2519 5377 2639 5450 capi
2676 5379 2865 5448 nequit
2895 5395 2909 5431 :
2947 5379 3197 5448 quamvis
3231 5392 3336 5431 nOn
3361 5385 3581 5447 propter

2001 5471 2103 5526 hoc
2140 5472 2429 5540 oportebat
2458 5470 2732 5532 occidere,
2762 5468 2854 5522 sed
2884 5465 3052 5537 magis
3079 5481 3240 5522 orare
3267 5473 3325 5520 ut
3350 5467 3575 5521 doceam

2012 5564 2328 5633 dogmatum
2354 5562 2766 5625 sublimitatem,
2797 5559 3064 5622 etcolere,
3084 5569 3139 5614 et
3156 5561 3468 5615 observare.
3493 5555 3583 5608 ln-

2008 5674 2172 5728 super
2199 5669 2258 5712 ut
2287 5672 2353 5712 ne
2387 5657 2592 5721 dicant,
2619 5656 2745 5726 quia
2781 5654 2848 5710 Et
2868 5654 3064 5709 merito
3096 5664 3147 5709 te
3172 5652 3300 5708 odio
3320 5652 3583 5706 habemus

2004 5760 2224 5822 propter
2272 5763 2579 5806 sermonem
2634 5756 2782 5803 tuom
2820 5763 2833 5801 :
2868 5761 2974 5802 non
3005 5743 3151 5801 enim
3184 5746 3321 5800 dicis
3371 5757 3400 5797 a
3448 5740 3577 5807 Deo,

397 5925 620 5985 "Rom.
643 5945 725 5997 nr,
750 5931 841 5987 25.
921 5931 964 5965 ιδ
993 5929 1156 5988 Hebr.
1197 5947 1292 6000 vn,
1332 5931 1417 5999 18,
1450 5930 1541 5987 28.
1623 5931 1665 5962 “'
1687 5929 1843 5986 Joau.
1872 5946 1983 5996 χιιι,
2018 5926 2079 5986 2.
