4060 6572
492 395 566 463 27
1377 403 1957 468 THEOPHYLACTI
2005 401 2420 463 BULGARUE
2459 402 2663 462 ARCH
2675 402 2814 462 lEP.
3651 395 3719 457 28

496 509 595 567 sed
625 518 741 567 ate
790 510 927 582 ipso,
955 522 1007 569 et
1046 522 1332 585 propterea
1380 531 1486 571 non
1536 531 1828 587 possumus
1868 529 2054 586 capere

2169 530 2261 568 σαι
2291 512 2387 583 τὴν
2418 511 2767 567 διδασκαλίαν
2798 526 2893 562 σου
2921 526 2935 541 ’
2974 505 3161 579 φησὶν,
3194 506 3276 560 ὅτι
3308 503 3421 558 Οὐκ
3454 503 3551 559 ἀπ’
3572 502 3742 573 ἐμαυ-
3790 548 3797 553 .

495 602 798 658 doctrinam
834 616 1003 669 tuam,
1032 607 1199 662 dicit:
1236 626 1254 659 ι
1281 608 1397 664 Non
1429 625 1458 663 a
1490 610 1695 679 meipso
1729 611 1942 679 loquor,
1965 611 2059 664 sed

493 707 612 761 qua:
665 695 805 765 apud
854 694 1070 753 Patrem
1132 715 1308 755 meum
1367 701 1498 764 vidi,
1532 703 1648 758 htec
1699 702 2062 770 loquor;vos

490 798 673 839 autem
693 787 836 856 quod
865 788 1075 844 vidistis
1094 791 1231 860 apud
1262 800 1468 861 patrem
1498 802 1733 847 vestrum
1759 831 1776 858 ,
1806 792 2002 846 facitis.
2033 809 2054 843 ι

491 872 625 930 Nam
656 893 757 947 ego
799 881 1044 949 quidem,
1074 883 1267 951 inquit,
1296 885 1475 939 divina
1498 894 1546 939 et
1573 884 1815 940 coelestia
1849 883 2058 953 loquor,

490 976 545 1020 et
571 967 788 1048 Patrem
821 987 1001 1028 meum
1033 990 1130 1045 per
1162 976 1277 1030 hmo
1309 977 1556 1047 exprimo
1591 994 1605 1032 :
1636 991 1733 1031 vos
1761 984 1939 1030 autem
1967 990 2062 1044 per

490 1070 552 1112 ea
590 1074 709 1129 qua:
744 1059 944 1129 facitis,
977 1065 1148 1134 patris
1205 1068 1373 1123 vestri
1424 1068 1710 1136 imaginem
1763 1066 2057 1136 perfectam

489 1148 727 1219 refertis,
788 1154 983 1211 diaboli
1034 1157 1269 1213 scilicet.
1329 1159 1558 1225 Quando
1633 1167 1811 1214 autem
1857 1158 2055 1214 audis:

497 1258 516 1293 ι
552 1241 705 1309 Quod
741 1245 849 1301 vidi
885 1246 1097 1316 loquor,
1132 1268 1152 1303 ι
1183 1265 1290 1305 non
1328 1250 1571 1320 intellige
1599 1249 1936 1320 corporalem
1972 1250 2057 1304 vi-

489 1331 723 1402 sionem,
755 1337 849 1392 sed
883 1341 1181 1396 naturalem
1213 1342 1580 1412 cognitionem
1606 1350 1659 1399 et
1681 1356 1887 1396 veram.
1917 1340 2055 1396 Nam

490 1422 634 1477 sicut
670 1426 808 1481 oculi
847 1428 982 1486 bene
1018 1432 1262 1488 videntes
1300 1433 1484 1488 vident
1517 1433 1670 1506 quod
1714 1447 1903 1487 verum
1949 1439 2055 1497 est.

489 1520 546 1565 et
580 1527 683 1568 non
716 1520 1093 1577 mentiuntur:
1122 1523 1193 1577 ita
1225 1534 1277 1578 et
1298 1537 1396 1596 ego
1425 1538 1554 1580 vere
1577 1523 1666 1579 illa
1692 1525 1905 1595 loquor,
1937 1538 2058 1593 qua:

488 1610 714 1677 cognovi
746 1612 885 1680 apud
920 1612 1156 1670 Patrem.
1264 1682 1267 1685 _

561 1699 724 1758 Vens.
745 1703 907 1761 59-“
931 1744 947 1761 .
970 1726 988 1758 ‹
1019 1705 1434 1776 Responderunt
1463 1722 1517 1765 et
1543 1709 1791 1766 dixerunt
1806 1709 1877 1767 ei:
1896 1708 2058 1764 Pater

489 1800 673 1848 noster
691 1795 960 1863 Abraham
993 1810 1097 1855 est.
1125 1800 1262 1857 Dicit
1284 1802 1364 1857 eis
1388 1801 1545 1858 Jesus
1569 1820 1584 1857 :
1611 1803 1668 1859 Si
1705 1802 1797 1857 lilii
1826 1800 2057 1858 Abrahae

489 1884 705 1950 essetis,
739 1901 901 1957 opera
931 1889 1162 1947 Abrahae
1210 1893 1481 1952 faceretis.
1511 1892 1662 1949 Nunc
1689 1903 1868 1949 autem
1904 1908 2053 1964 quaa-

486 1972 607 2030 rizis
641 1993 726 2033 me
761 1981 1065 2039 interficere
1099 1985 1394 2049 hominem,
1429 1986 1520 2055 qui
1577 1986 1861 2040 veritatem
1895 1986 2051 2040 vobis

486 2064 702 2125 locutus
752 2086 895 2141 sum,
923 2088 1083 2143 quam
1139 2076 1318 2131 audivi
1357 2092 1385 2130 a
1453 2075 1581 2132 Deo.
1618 2073 1732 2131 Hoc
1779 2076 2053 2132 Abraham

485 2175 592 2214 non
619 2160 770 2219 fecit.
805 2163 916 2221 Vos
958 2166 1135 2223 facitis
1168 2182 1329 2239 opera
1366 2169 1537 2239 patris
1576 2170 1761 2223 vestri.
1796 2169 2057 2224 Dixerunt

486 2252 669 2322 itaque
701 2255 750 2310 ei
783 2257 930 2315 :Nos
956 2274 987 2314 c
1017 2271 1205 2330 Stupro
1238 2276 1344 2317 non
1368 2276 1554 2316 sumus
1589 2263 1721 2325 nati,
1749 2277 1913 2316 unum
1950 2260 2049 2313 Pa-

487 2354 621 2402 trem
675 2347 938 2406 habemus
989 2351 1178 2407 Deum.
1213 2372 1231 2406 ι
1269 2354 1386 2424 Ipse
1442 2354 1659 2424 quidem
1714 2361 1923 2423 patrem
1976 2353 2056 2408 eis

483 2441 707 2499 ascribit
750 2444 1023 2500 diabolum
1057 2464 1071 2500 :
1104 2447 1186 2501 cui
1223 2446 1429 2503 similes
1474 2461 1567 2502 eos
1603 2447 1860 2517 operibus
1888 2447 2051 2503 videt.

483 2533 682 2589 Contra
716 2536 786 2590 illi
822 2535 1045 2590 multum
1081 2552 1141 2593 se
1167 2540 1231 2593 de
1265 2539 1539 2593 Abraham
1584 2538 1820 2609 jactant.
1846 2540 1915 2591 At
1948 2540 2054 2593 Do-

483 2628 663 2682 minus
692 2629 1059 2699 Sanguinariae
1101 2645 1290 2685 eorum
1321 2630 1615 2687 voluntatis
1645 2631 1912 2691 meminit,
1943 2640 1996 2684 et
2023 2645 2052 2684 a

484 2736 682 2790 genere
700 2720 833 2789 justi
853 2736 946 2777 eos
965 2722 1207 2786 abducit,
1233 2732 1290 2776 ut
1321 2722 1539 2777 nimiam
1567 2724 1944 2792 gloriationem
1964 2738 2057 2778 co-

484 2828 603 2868 rnm
657 2812 831 2879 tollat,
855 2823 908 2868 et
942 2816 1267 2884 persuadeat
1302 2829 1371 2870 ne
1404 2814 1456 2868 in
1493 2814 1595 2870 hac
1639 2830 1777 2871 vana
1820 2815 2056 2870 carnalis

488 2906 787 2964 nobilitatis
840 2924 1029 2978 spuma
1076 2922 1227 2978 spem
1259 2908 1514 2976 habeant,
1547 2910 1639 2963 sed
1674 2908 1724 2963 in
1760 2909 2057 2964 voluntatis

485 3000 859 3057 similitudine.
893 3002 958 3056 Et
997 3000 1260 3072 profecto,
1286 3001 1426 3057 sicut
1454 3002 1693 3057 medicus
1722 3003 2050 3069 animarum,

482 3094 797 3163 comprimit
826 3093 1305 3150 inﬂammatorium
1337 3093 1493 3150 ulcus
1521 3095 1663 3163 quod
1699 3109 1763 3148 ex
1799 3094 2054 3164 Opinione

2168 604 2260 659 τοῦ
2300 604 2466 669 λαλῶ,
2512 602 2626 656 ἀλλ’
2665 620 2684 652 ι
2738 599 2774 654 ἀ
2821 598 3042 669 ἑώρακα
3086 595 3236 667 παρὰ
3279 592 3355 666 τῷ
3396 592 3572 665 Πατρί
3617 609 3742 661 μου,

2164 698 2338 751 ταῦτα
2366 695 2510 750 λαλῶ
2530 711 2544 724 '
2576 694 2671 747 καὶ
2701 693 2860 762 ὑμεῖς
2889 692 2945 745 δέ
2974 691 3002 745 ὃ
3034 690 3318 760 ἑωράκατε
3347 686 3501 758 παρὰ
3529 686 3605 756 τῷ
3637 705 3741 742 πα·-

2164 790 2255 858 τρὶ
2284 788 2467 860 ὑμῶν,
2499 788 2725 841 ποιεῖτε.
2763 803 2781 836 ›
2823 784 2963 852 Ἐγὼ
2996 784 3092 854 μὲν
3125 784 3261 853 γὰρ,
3297 782 3464 851 φησὶ,
3497 781 3618 832 θεῖα
3647 780 3759 845 καὶ,

2163 879 2389 950 οὐράνια
2420 878 2750 948 φθέγγομαι,
2779 877 2872 928 καὶ
2900 874 2987 927 διὰ
3013 873 3214 928 τούτων
3243 872 3485 940 ἐκφαίνω
3512 870 3601 924 τὸν
3632 870 3743 923 Πα-

2162 970 2295 1040 τέρα
2329 986 2429 1040 μου
2457 986 2469 999 ·
2503 969 2597 1037 καὶ
2628 968 2785 1036 ὑμεῖς
2815 967 2872 1020 δὲ
2900 965 2992 1019 τὸν
3021 966 3286 1036 ὑμέτερον
3316 963 3550 1035 πατέρα,
3575 962 3642 1015 δι’
3665 956 3739 1014 ὧν

2163 1063 2453 1133 πράττετε,
2482 1059 2800 1127 εἰκονίζετε,
2831 1058 2922 1112 τὸν
2951 1057 3197 1113 διάϐολον
3228 1058 3467 1120 πάντως.
3491 1056 3658 1109 Ὅταν
3684 1055 3740 1107 δὲ

2161 1155 2365 1227 ἀκούῃς
2393 1154 2664 1223 λέγοντος,
2691 1154 2773 1207 ὅτι
2805 1171 2823 1204 ι
2856 1152 2920 1206 "0
2953 1150 3177 1231 ἐώρακά
3204 1148 3366 1213 λαλῶ,
3404 1167 3422 1199 ι
3459 1147 3531 1220 μὴ
3564 1163 3741 1215 σωμαο

2160 1248 2320 1319 τικὴν
2348 1248 2538 1319 ὅρασιν
2566 1245 2697 1309 νόει,
2730 1243 2865 1298 ἀλλά
2897 1242 3134 1313 φυσικὴν
3163 1241 3387 1310 γνῶσιν,
3416 1240 3511 1293 καὶ
3542 1237 3737 1308 ἀληθῆ,

2161 1340 2256 1395 καὶ
2281 1338 2747 1408 πεπιστευμένην.
2778 1336 2867 1400 Ὠς
2893 1335 3001 1407 γάρ
3023 1335 3293 1406 ὀφθαλμοὶ
3316 1334 3546 1404 ὁρῶντες
3572 1330 3741 1398 ὑγιῶς

2159 1434 2220 1487 τὸ
2250 1432 2329 1498 ὃν,
2361 1432 2457 1487 καὶ
2488 1430 2706 1502 ἀληθὲς,
2743 1429 2958 1500 ἀληθῶς
2992 1428 3181 1496 ὁρῶσι,
3215 1428 3308 1482 καὶ
3338 1426 3399 1480 οὐ
3429 1422 3741 1493 διαψεύδον·

2157 1541 2286 1580 ται·
2333 1523 2476 1578 οὕτω
2524 1520 2680 1590 κάγὼ
2724 1520 2939 1592 ἀληθῶς
2983 1522 3168 1575 ἐκεῖνα
3217 1519 3398 1585 λαλῶ,
3444 1517 3482 1572 ἀ
3525 1517 3740 1585 ἔγνωκα

2160 1619 2313 1690 παρά
2342 1617 2419 1688 τῷ
2451 1616 2646 1688 Πατρί.

2234 1730 2254 1765 ι
2289 1710 2709 1783 Ἀπεκρίθησαν,
2736 1708 2830 1764 καὶ
2857 1703 3011 1762 εἷπον
3036 1704 3185 1777 αύτῷ
3205 1723 3218 1735 ·
3253 1705 3312 1760 Ὀ
3341 1703 3523 1775 πατὴρ
3579 1702 3738 1773 ἡμῶν

2171 1805 2425 1879 Ἀϐραάμ
2452 1805 2588 1859 ἐστι.
2620 1802 2783 1872 Λέγει
2812 1801 2999 1864 αὐτοῖς
3024 1800 3053 1853 ὁ
3088 1797 3296 1870 Ἰησοῦς
3319 1814 3335 1831 ⁸
3363 1798 3427 1852 El
3451 1797 3616 1850 τέκνα
3640 1790 3738 1863 ἦτε

2157 1898 2251 1952 τοῦ
2281 1895 2557 1968 Ἁϐραάμ,
2583 1895 2652 1949 τὰ
2676 1894 2818 1966 ἔργα
2840 1892 2934 1947 τοῦ
2963 1890 3216 1963 Ἀϐραὰμ
3241 1890 3479 1943 ἐποιεῖτε
3508 1886 3597 1942 ἄν.
3623 1886 3738 1940 Νῦν

2156 1991 2214 2045 δέ
2244 1987 2458 2061 ζητεῖτέ
2488 2005 2553 2059 με
2583 1988 2899 2041 ἀποκτεῖναι
2928 1984 3240 2057 ἄνθρωπον,
3268 1983 3326 2047 ὃς
3353 1981 3451 2052 τὴν
3479 1979 3739 2049 ἀλήθειαν

2158 2083 2289 2153 ὑμῖν
2329 2081 2623 2150 λελάληκα,
2667 2080 2734 2151 ἦν
2778 2080 2988 2151 ἤκουσα
3037 2078 3191 2149 παρά
3233 2076 3326 2130 τοῦ
3370 2074 3526 2129 Θεοῦ.
3568 2071 3739 2125 Τοῦτο

2169 2174 2421 2248 ’Λύραάμ
2457 2175 2557 2228 οὐκ
2593 2174 2873 2242 ἐποίησεν.
2902 2170 3095 2242 Ὑμεῖς
3132 2169 3334 2222 ποιεῖτε
3369 2166 3435 2219 τὰ
3473 2165 3610 2235 ἔργα
3640 2161 3736 2215 τοῦ

2158 2268 2363 2340 πατρὸς
2395 2265 2570 2337 ὑμῶν.
2602 2260 2770 2318 Εἶπον
2798 2260 2892 2317 οὖν
2922 2263 3071 2334 αὐτῷ
3096 2279 3112 2294 ο
3150 2262 3343 2330 Ἡμεῖς
3382 2261 3446 2311 ἐκ
3479 2254 3736 2326 πορνείας

2156 2361 2217 2415 ού
2264 2355 2640 2428 γεγεννήμεθα
2667 2370 2683 2386 ο
2724 2353 2821 2408 ἕνα
2872 2353 3091 2425 πατέρα
3139 2350 3335 2421 ἔχομεν
3377 2348 3467 2402 τὸν
3508 2346 3658 2399 Θεὸν.
3709 2362 3729 2394 ι

2162 2452 2335 2515 Αὐτὸς
2394 2450 2491 2520 μὲν
2525 2447 2744 2518 πατέρα
2776 2445 2961 2510 αὐτοῖς
2998 2444 3291 2514 ἐπιγράφει
3325 2442 3414 2495 τὸν
3445 2437 3692 2492 διάόολον
3719 2450 3732 2464 ο

2156 2545 2331 2617 τούτῳ
2359 2545 2467 2615 γὰρ
2500 2543 2743 2607 ἐοικότας
2774 2541 2971 2604 αὐτοὺς
3002 2539 3111 2594 ana
3138 2539 3245 2595 τῶν
3274 2539 3448 2606 ἔργων
3473 2535 3596 2605 ὁρᾷ.
3627 2531 3738 2584 Αύ-

2156 2640 2240 2692 τοὶ
2268 2637 2324 2690 δὲ
2353 2637 2465 2691 ἄνω
2496 2636 2589 2689 καὶ
2620 2634 2769 2689 κάτω
2795 2634 2886 2687 τὸν
2915 2632 3165 2704 Ἀϐραὰμ
3192 2629 3579 2703 προσφέρουσι1
3603 2625 3736 2677 Συν-

2158 2730 2297 2803 εχῶς
2337 2729 2394 2784 δέ
2432 2729 2461 2781 ὁ
2504 2728 2709 2800 Κύριος
2742 2728 2838 2798 τῆς
2881 2728 3106 2797 φονικῆς
3147 2724 3328 2779 αὐτῶν
3360 2720 3734 2790 ἐπιμέμνηται

2159 2822 2555 2895 προαιρέσεως.
2605 2822 2698 2874 καὶ
2745 2820 2947 2888 ἀπάγει
2995 2818 3095 2888 τῆς
3147 2814 3469 2884 συγγενείας
3511 2809 3605 2866 τοῦ
3656 2808 3742 2861 δε-

2159 2913 2315 2969 καίου
2337 2931 2350 2944 ·
2378 2914 2462 2968 ἵνα
2490 2912 2550 2966 τό
2575 2929 2633 2966 τε
2664 2911 2916 2983 περιττὸν
2942 2911 3204 2981 καύχημα
3228 2907 3409 2961 αὐτῶν
3438 2903 3731 2975 περικόψῃ,

2158 3006 2255 3059 καὶ
2290 3004 2451 3077 πείσῃ
2491 3004 2566 3075 μὴ
2600 3005 2657 3057 ἐν
2691 3002 2866 3073 τούτῳ
2899 3002 2977 3073 τῷ
3019 3001 3234 3072 ματαίῳ
3268 3001 3360 3054 ἐπὶ
3392 3000 3457 3068 τῇ
3495 2996 3731 3065 σαρκικῇ

2161 3096 2454 3169 συγγενείᾳ
2490 3095 2812 3168 φρυάγματι
2846 3094 2991 3165 ἔχειν
3024 3096 3119 3155 τὰς
3153 3092 3405 3155 ἐλπίδας,
3440 3089 3551 3144 ἀλλ’
3578 3089 3635 3141 ἐν
3666 3087 3732 3155 τῇ

484 3186 703 3258 generis
759 3185 992 3242 Abrahae
1051 3196 1236 3243 natum
1298 3187 1618 3257 prohibebat
1674 3187 1932 3242 accedere
1984 3188 2048 3242 ad

2159 3191 2295 3245 tta-cit
2336 3189 2655 3260 προαίρεσιν
2698 3187 2998 3256 ὁμοιότητι.
3024 3187 3230 3248 Ὄντως
3262 3185 3391 3255 γὰρ,
3430 3181 3503 3244 ὼς
3551 3177 3734 3248 ίατρδς

483 3278 786 3357 Christum,
817 3286 1071 3348 putantes
1100 3274 1343 3334 suﬂicere
1373 3276 1440 3331 ad
1462 3277 1690 3331 salutem
1718 3275 1860 3331 hanc
1899 3277 2058 3331 nobio

483 3375 713 3429 litatetn.
733 3370 848 3427 Non
867 3371 1173 3442 igitnrcstis
1187 3371 1542 3438 filiiAbrahte,
1566 3372 1766 3443 inquit,
1789 3391 1911 3431 cum
1936 3375 2058 3431 sitis

486 3463 794 3526 homicida,
829 3472 884 3518 et
928 3462 1186 3532 quaeratis
1230 3478 1316 3518 me
1350 3464 1622 3520 occidere.
1663 3462 1951 3537 Propterea
1988 3482 2055 3523 ne

481 3555 604 3625 quis
635 3554 807 3619 dicat,
830 3550 986 3608 Jnste
1000 3562 1247 3622 quaerunt
1279 3562 1331 3608 te
1358 3555 1626 3620 occidere,
1657 3555 2055 3627 inquitJIomi-

483 3662 604 3703 nem
639 3662 745 3702 non
784 3646 1153 3701 adversarium
1179 3643 1310 3713 Deo,
1335 3659 1508 3716 neque
1549 3661 1703 3701 suam
1725 3659 2051 3717 quaerentem

483 3742 734 3812 gloriam,
766 3741 860 3795 sed
891 3745 1026 3811 'qua:
1069 3739 1247 3793 audivi
1278 3754 1305 3793 a
1351 3737 1512 3794 Patre
1545 3754 1687 3806 meo,
1717 3740 1832 3807 illa,
1861 3756 2055 3810 nempe

480 3832 793 3895 veritatem,
816 3831 1102 3885 dicentem.
1129 3829 1313 3895 Qualis
1341 3837 1519 3883 autem
1548 3839 1665 3884 erat
1693 3832 1888 3886 veritas
1911 3832 2008 3885 ista
2035 3832 2059 3885 ?

483 3921 579 3978 γει
609 3921 752 3993 quod
775 3918 998 3991 aequalis
1020 3919 1091 3973 sit
1130 3918 1299 3983 Patri,
1324 3926 1378 3973 et
1405 3935 1509 3973 non
1533 3934 1723 3974 servus
1745 3922 1880 3976 sicut
1916 3938 2054 3976 unus

483 4015 892 4086 prophetarum,
919 4012 1013 4067 sed
1029 4010 1192 4083 625
1225 4010 1393 4067 Filius
1427 4049 1443 4075 ,
1476 4010 1609 4065 nihil
1640 4014 1918 4080 proprium
1970 4016 2053 4067 vel

484 4105 692 4161 faciens
736 4102 820 4159 vel
851 4104 1071 4167 docens,
1098 4103 1192 4157 sed
1235 4101 1414 4156 omnia
1470 4117 1589 4172 quae
1641 4100 1872 4158 Patris?
1918 4102 2050 4157 Nam

482 4205 707 4268 propter
750 4196 867 4252 haec
914 4194 1231 4264 quaerebant
1294 4193 1444 4249 illum
1498 4194 1774 4251 occidere.
1850 4197 1920 4250 At
1980 4195 2054 4250 illi

483 4305 719 4347 rursum
748 4290 1001 4344 dicebant
1044 4306 1057 4343 :
1089 4306 1108 4340 ι
1171 4286 1278 4343 Nos
1309 4303 1376 4342 ex
1407 4286 1765 4345 fornicatione
1812 4305 1917 4345 non
1949 4304 2042 4344 su-

485 4398 609 4440 mus
648 4383 786 4444 nati.
831 4397 994 4437 unum
1056 4379 1274 4435 Patrem
1332 4382 1594 4438 habemus
1628 4381 1821 4438 Deum.
1862 4401 1881 4435 ι
1922 4381 2056 4438 Vide

484 4477 705 4535 stultam
793 4476 1144 4532 inflationem.
1204 4472 1469 4530 Dominus
1522 4484 1577 4530 et
1636 4490 1668 4529 a
1722 4477 2058 4548 cognatione

2157 3282 2267 3336 τῶν
2296 3283 2504 3354 ψυχῶν,
2535 3280 2889 3335 καταστέλλει
2909 3280 3007 3349 τὴν
3037 3281 3101 3333 ἐκ
3132 3279 3231 3347 τῆς
3255 3280 3483 3347 οἰήσεως
3512 3275 3608 3344 τῆς
3641 3271 3735 3324 ἐπὶ

2157 3378 2223 3447 τῇ
2263 3376 2358 3428 τοῦ
2394 3374 2645 3446 Ἀϐραὰμ
2690 3373 2984 3445 συγγενείᾳ
3026 3370 3359 3441 φλεγμονὴν,
3400 3370 3558 3439 δι’ἢν
3598 3369 3734 3420 ἐκω-

2157 3469 2346 3523 λύοντο
2385 3468 2705 3538 προσελθεῖν
2737 3469 2815 3537 τῷ
2852 3463 3099 3546 Χριστῷ..
3127 3461 3319 3535 ἀρκεῖν
3352 3462 3532 3524 αὐτοῖς
3569 3460 3734 3530 ἡγού-

2162 3581 2312 3635 μενοι
2354 3561 2489 3633 πρὸς
2529 3561 2805 3632 σωτηρίαν
2844 3558 2942 3630 τὴν
2982 3557 3238 3626 τοιαύτην
3278 3554 3617 3624 συγγένειαν.
3658 3554 3734 3606 Οὐ

2157 3656 2336 3709 τοίνυν
2362 3653 2485 3708 ἐστέ
2510 3654 2675 3728 τέκνα
2699 3651 2792 3706 τοῦ
2824 3650 3072 3720 Ἀϐραὰμ
3089 3691 3103 3713 ,
3134 3648 3406 3719 μιαιφόνοι
3432 3646 3611 3711 ὄντες,
3642 3648 3735 3698 καὶ

2155 3745 2442 3817 ζητοῦντές
2475 3762 2542 3815 με
2573 3744 2911 3797 ἀποκτεῖναι.
2941 3736 3095 3805 Εἶτα,
3124 3739 3213 3792 ίνα
3244 3738 3317 3807 μή
3350 3753 3432 3798 τις
3464 3737 3614 3806 εῐπῃ,
3641 3736 3735 3786 Διη-

2158 3840 2328 3903 καίως
2356 3855 2416 3892 σε
2441 3837 2693 3909 ζητοῦσιν
2719 3837 3059 3895 ἀποκτεῖναι,
3088 3831 3274 3902 φησιν,
3297 3828 3615 3900 ’Δνθρωπον
3637 3827 3736 3880 οὐκ

2156 3931 2422 3995 ἀντίθεον,
2455 3928 2576 3982 οὐδὲ
2612 3928 2709 3998 τὴν
2742 3925 2947 3980 οἰκείαν
2984 3922 3314 3978 συνιστῶντα
3349 3920 3526 3987 δόξαν,
3564 3917 3678 3972 ἀλλ’
3701 3916 3739 3971 ἃ

2157 4022 2365 4092 ἤκουσα
2399 4020 2551 4090 παρά
2584 4019 2678 4073 τοῦ
2714 4016 2929 4089 Πατρός
2964 4034 3099 4086 μου,
3134 4014 3304 4068 ταῦτα
3343 4013 3602 4081 λέγοντα,
3639 4010 3734 4063 καὶ

2157 4113 2255 4178 τὴν
2301 4113 2559 4183 ἀλήθειαν
2604 4111 2964 4183 κηρύττοντα.
3014 4106 3151 4161 Ποία
3198 4106 3257 4160 δὲ
3305 4101 3373 4177 ἦν
3422 4107 3452 4175 ἡ
3505 4103 3739 4174 ἀλήθεια

2157 4200 2428 4276 αὖτη;⁷Η
2455 4205 2537 4258 ὃτι
2595 4204 2708 4267 ίσος
2738 4204 2854 4255 ἐστὶ
2880 4201 2957 4271 τῷ
2988 4201 3185 4271 Πατρῖ,
3214 4200 3307 4253 καὶ
3336 4198 3396 4250 οὐ
3426 4195 3633 4255 δοῦλος.
3663 4195 3738 4255 ὡς

2157 4294 2239 4364 εἷς
2279 4298 2386 4353 τῶν
2429 4295 2749 4368 προφητῶν,
2791 4293 2906 4348 ἀλλ’
2934 4293 3080 4357 Υἱὸς.
3125 4290 3279 4347 οὐδὲν
3323 4291 3451 4343 ἴδιον
3491 4287 3661 4341 ποιῶν
3700 4286 3735 4356 ἢ

2157 4390 2333 4458 λέγων
2353 4431 2368 4458 ,
2402 4389 2540 4443 ἀλλά
2572 4389 2752 4442 πάντα
2785 4386 2855 4438 τὰ
2885 4384 2977 4438 τοῦ
3018 4386 3251 4455 Πατρός.
3290 4383 3390 4437 Διά
3422 4382 3531 4452 γὰρ
3562 4379 3736 4433 ταῦτα

2162 4481 2388 4551 ἐζήτουν
2425 4479 2590 4535 αὑτὸν
2631 4479 2972 4531 ἀποκτεῖναι.
3010 4477 3073 4529 Οί
3115 4474 3171 4528 δὲ
3218 4474 3409 4529 πάλιν·
3456 4492 3473 4525 ι
3513 4473 3735 4542 Ἡμεῖς,

483 4568 718 4624 Abrahae
743 4566 892 4637 ejicit
918 4581 1037 4632 eos,
1068 4575 1123 4619 at
1149 4565 1223 4621 illi
1265 4566 1340 4621 ita
1365 4564 1689 4630 ederuntur,
1721 4575 1776 4620 ut
1823 4582 1935 4635 prae
1962 4582 2054 4622 ar-

2166 4575 2361 4645 φασιν,
2402 4575 2465 4627 ἐκ
2506 4572 2765 4643 πορνείας
2809 4570 2868 4623 ού
2916 4566 3292 4638 γεγεννήμεθα
3319 4582 3333 4598 ο
3378 4566 3475 4620 ἕνα
3523 4566 3738 4635 πατέρα
3831 4562 3839 4569 ’

489 4663 732 4733 r0gantia
759 4661 971 4731 scipsos
996 4660 1085 4714 Dei
1113 4659 1276 4714 etiam
1311 4658 1453 4714 ﬁlios
1508 4657 1731 4715 faciant.
1760 4657 1894 4715 Nam
1927 4661 2054 4731 quia

2164 4665 2363 4735 ἔχομεν
2391 4664 2482 4718 τὸν
2513 4662 2663 4717 Θεόν.
2699 4681 2718 4714 ι
2744 4661 2886 4732 Ὅρα
2916 4660 3140 4730 ἀνόητον
3169 4657 3415 4727 φύσημα.
3447 4656 3505 4709 Ὀ
3537 4655 3738 4723 Κύριος

483 4754 831 4818 audiverant,
864 4767 883 4802 ι
918 4749 1086 4805 Filius
1106 4751 1498 4820 primogenitus
1512 4764 1665 4805 meus
1684 4748 1869 4816 lsrael,
1891 4770 1910 4804 ι
1939 4753 2054 4822 glo-

2165 4758 2263 4811 xal.
2297 4758 2395 4825 τῆς
2428 4755 2523 4809 τοῦ
2558 4753 2810 4825 Ἀϐρααμ
2849 4751 3170 4822 συγγενείας
3216 4749 3466 4804 ἐκϐάλλει
3504 4746 3699 4810 αὐτούς
3720 4760 3735 4775 ⁶

483 4845 770 4904 riabantur
798 4842 866 4898 de
895 4842 1078 4897 divina
1130 4842 1422 4913 adoptione
1465 4860 1478 4895 :
1511 4843 1725 4898 tametsi
1761 4859 1856 4898 eos
1892 4845 2054 4900 etiam

2164 4851 2217 4903 οί
2254 4850 2311 4902 δὲ
2352 4847 2524 4911 οὕτως
2565 4844 3008 4910 ἀλαζονεύονται,
3047 4842 3188 4896 ὥστε
3229 4842 3377 4904 υίοὺς
3416 4840 3641 4903 ἑαυτοὺς
3680 4839 3740 4903 ἐξ

484 4940 672 4995 audire
684 4941 968 5008 oportebat
994 4937 1137 5007 quod
1152 4935 1291 4991 Deus
1303 4937 1409 4992 alio
1437 4936 1557 4993 loco
1590 4939 1721 4993 dicit
1744 4940 1786 4972 ¹⁶
1814 4957 1827 4994 :
1863 4959 1880 4991 ι
1894 4940 2054 4998 Filios

2167 4938 2426 5000 ἀπονοίας
2462 4938 2555 4990 καὶ
2592 4935 2759 4990 αὐτοῦ
2794 4934 2888 4987 τοῦ
2926 4933 3062 4987 θεοῦ
3106 4932 3405 4988 ποιοῦνται.
3444 4931 3595 4984 Ἐπεὶ
3632 4931 3739 4999 γὰρ

483 5033 640 5104 genui
665 5041 721 5087 et
742 5030 999 5097 exaltavi,
1018 5030 1092 5086 illi
1118 5040 1296 5084 autem
1320 5040 1642 5100 spreverunt
1671 5047 1775 5086 me.
1802 5052 1823 5083 ι
1850 5032 2054 5101 Quatu-

2165 5032 2435 5103 ἧκουσαν,
2471 5030 2551 5083 ὅτι
2586 5047 2604 5081 ι
2637 5029 2765 5090 Υἱὸς
2797 5027 3140 5099 πρωτότοκός
3172 5045 3273 5098 μου
3307 5024 3547 5099 Ἰσραὴλ,
3587 5044 3604 5076 ι
3642 5024 3741 5077 αύ-

485 5126 567 5181 vis
597 5133 778 5181 autem
809 5124 1073 5180 Dominus
1114 5123 1377 5193 potuisset
1407 5137 1501 5179 eos
1534 5138 1760 5194 arguere
1799 5127 1942 5195 quod
1986 5143 2054 5181 ex

484 5228 672 5287 stupro
702 5215 855 5270 multi
888 5229 1077 5271 eorum
1109 5213 1341 5269 fuissent
1364 5214 1474 5268 nati
1497 5216 1642 5283 (nam
1672 5225 1858 5271 contra
1881 5216 2050 5288 legem

485 5309 928 5363 admiscehantur
951 5304 1203 5377 gentibus
1233 5303 1473 5361 llelirtete
1488 5307 1763 5371 mulieres,
1784 5318 1836 5362 et
1852 5305 2054 5364 ludatis

483 5402 716 5473 gentiles
748 5400 1052 5469 mulieres),
1081 5416 1189 5456 non
1211 5411 1391 5454 tamen
1428 5398 1576 5454 facit.
1606 5399 1721 5455 Non
1755 5402 1898 5455 enim
1928 5410 2051 5456 stn-

483 5493 646 5547 dehat
676 5492 1072 5562 reprehendere
1106 5508 1292 5548 eorum
1329 5492 1600 5546 carnalem
1637 5492 2051 5562 ignobilitatem,

485 5584 576 5639 sed
607 5584 656 5637 in
678 5584 782 5639 hoc
813 5592 924 5638 toto
953 5585 1131 5639 studio
1161 5584 1527 5650 incumbebat,
1550 5594 1608 5640 ut
1637 5585 1929 5657 degeneres
1960 5600 2054 5641 eos

485 5679 782 5733 secundum
809 5678 1062 5749 spiritum
1089 5678 1419 5733 ostenderet.

2162 5127 2319 5196 χοῦσι
2348 5125 2447 5196 τὴν
2478 5126 2627 5180 θείαν
2661 5125 2956 5180 υἱοθεσίαν.
2986 5125 3178 5179 Καίτοι
3207 5126 3313 5178 ἔδει
3345 5124 3539 5187 αὐτοὺς
3569 5122 3738 5176 ἀκοῦ-

2165 5238 2253 5274 σαι
2282 5218 2518 5289 ἀλλαχοῦ
2547 5218 2709 5272 πάλιν
2733 5217 2828 5272 τοῦ
2856 5219 2993 5271 Θεοῦ
3020 5218 3269 5285 λέγοντος
3287 5233 3303 5249 ·
3337 5236 3358 5270 ‹
3393 5217 3555 5280 Υἱοὺς
3584 5217 3739 5284 ἐγέν-

2161 5329 2303 5381 νησα
2330 5312 2423 5366 καὶ
2454 5311 2678 5380 ὔψωσα·
2707 5312 2865 5365 αὐτοὶ
2894 5310 2953 5363 δέ
2988 5327 3053 5380 με
3082 5308 3377 5381 ἠθέτησαν.
3412 5327 3431 5359 ι
3464 5309 3657 5362 Καίτοι
3682 5308 3739 5361 δὲ

2160 5406 2458 5476 δυνάμενος
2488 5408 2516 5457 ὁ
2546 5403 2994 5476 Κύριοξέλὲγξαι
3023 5401 3241 5464 αὐτοὺς,
3273 5402 3356 5456 ὅτι
3383 5401 3447 5454 ἐκ
3479 5402 3740 5470 πορνείας

2161 5494 2350 5551 πολλοὶ
2399 5496 2580 5550 αὐτῶν
2630 5494 3001 5566 ἐγεννήθησαν
3218 5492 3327 5564 γὰρ
3377 5493 3739 5564 ἐπεμίγνυντο

2165 5590 2317 5660 παρὰ
2342 5589 2433 5642 τὸν
2460 5587 2621 5658 νόμον
2646 5586 2879 5650 ἐθνικοῖς
2909 5584 3158 5658 Ἐὅραῖαι
3186 5588 3460 5653 γυναῖκες,
3488 5584 3582 5640 καὶ
3609 5586 3740 5638 ἰου-

2163 5677 2331 5741 δαίοις
2370 5677 2622 5747 ἐθνικαὶ),
2659 5677 2809 5746 ὅμως
2846 5676 2905 5728 ού
2948 5677 3092 5729 ποιεῖ
3122 5675 3298 5728 τοῦτο.
3331 5676 3407 5727 Οὐ
3444 5676 3550 5745 γὰρ
3582 5674 3743 5729 τοῦτο

484 5774 814 5842 ἐσπούδαζεν
846 5776 1024 5830 αὐτῶν
1055 5775 1301 5848 ἐλέγχειν
1348 5776 1448 5847 τὴν
1483 5774 1801 5848 σωματικὴν
1864 5774 2200 5844 δυσγένειαν,
2236 5774 2371 5828 ἀλλὰ
2420 5775 2480 5829 τὸ
2514 5776 2623 5829 πᾶν
2688 5773 2836 5845 αὐτῷ
2897 5772 3239 5843 σπούδασμα,
3304 5771 3580 5839 δυσγενεῖς
3634 5772 3735 5824 αὐ-

482 5871 607 5933 τοὺς
637 5871 778 5923 κατὰ
809 5872 1017 5943 πνεῦμα
1046 5871 1233 5937 δεῖξαι.

568 5962 610 5993 ¹⁶
635 5958 733 6016 lsa.
764 5978 800 6028 ι,
834 5962 888 6016 2.
