  <div class='ocr_page' id='page_1' title='image "/cluster/home/n/w/nwhite01/storage/ocr_20150623/124/hvd.32044019208206/022.png"; bbox 0 0 4060 6584; ppageno 0'>
   <div class='ocr_carea' id='block_1_1' title="bbox 380 450 1961 524">
    <p class='ocr_par' dir='ltr' id='par_1_1' title="bbox 380 456 1961 524">
     <span class='ocr_line' id='line_1_1' title="bbox 380 456 1961 524; baseline -0.003 0"><span class='ocrx_word' id='word_1_1' title='bbox 380 456 454 524; x_wconf 77' lang='lat'><strong><em>29</em></strong></span> <span class='ocrx_word' id='word_1_2' title='bbox 1023 460 1468 521; x_wconf 71' lang='lat' dir='ltr'>ENARRATIO</span> <span class='ocrx_word' id='word_1_3' title='bbox 1498 460 1575 520; x_wconf 83' lang='grc' dir='ltr'>ΙΝ</span> <span class='ocrx_word' id='word_1_4' title='bbox 1618 458 1961 521; x_wconf 77' lang='lat' dir='ltr'>EVANGEL</span> 
     </span>
    </p>
   </div>
   <div class='ocr_carea' id='block_1_2' title="bbox 2061 450 3624 524">
    <p class='ocr_par' dir='ltr' id='par_1_2' title="bbox 2062 450 3624 522">
     <span class='ocr_line' id='line_1_2' title="bbox 2062 450 3624 522; baseline -0.003 -2"><span class='ocrx_word' id='word_1_5' title='bbox 2062 460 2119 520; x_wconf 92' lang='lat' dir='ltr'><strong>M</strong></span> <span class='ocrx_word' id='word_1_6' title='bbox 2154 457 2498 521; x_wconf 77' lang='lat' dir='ltr'>JOANNIS.</span> <span class='ocrx_word' id='word_1_7' title='bbox 2534 483 2601 494; x_wconf 76' lang='grc'>-·’</span> <span class='ocrx_word' id='word_1_8' title='bbox 2626 459 2787 521; x_wconf 74' lang='lat' dir='ltr'>CAP.</span> <span class='ocrx_word' id='word_1_9' title='bbox 2828 457 3002 522; x_wconf 84' lang='lat' dir='ltr'>VIII.</span> <span class='ocrx_word' id='word_1_10' title='bbox 3542 450 3624 516; x_wconf 62' lang='grc'>’30</span> 
     </span>
    </p>
   </div>
   <div class='ocr_carea' id='block_1_3' title="bbox 442 569 1961 646">
    <p class='ocr_par' dir='ltr' id='par_1_3' title="bbox 442 569 1944 646">
     <span class='ocr_line' id='line_1_3' title="bbox 442 569 1944 646; baseline 0.001 -19"><span class='ocrx_word' id='word_1_11' title='bbox 442 593 463 627; x_wconf 76' lang='grc' dir='ltr'>ι</span> <span class='ocrx_word' id='word_1_12' title='bbox 502 569 667 628; x_wconf 74' lang='grc' dir='ltr'>Εἶπεν</span> <span class='ocrx_word' id='word_1_13' title='bbox 694 573 878 635; x_wconf 81' lang='grc' dir='ltr'>αὐτοῖς</span> <span class='ocrx_word' id='word_1_14' title='bbox 913 575 940 628; x_wconf 85' lang='grc' dir='ltr'>ὁ</span> <span class='ocrx_word' id='word_1_15' title='bbox 973 573 1184 644; x_wconf 76' lang='grc' dir='ltr'>Ἰησοῦς</span> <span class='ocrx_word' id='word_1_16' title='bbox 1209 591 1223 606; x_wconf 76' lang='grc' dir='ltr'><strong>ο</strong></span> <span class='ocrx_word' id='word_1_17' title='bbox 1257 577 1320 629; x_wconf 83' lang='lat' dir='ltr'><strong>Ei</strong></span> <span class='ocrx_word' id='word_1_18' title='bbox 1349 576 1379 629; x_wconf 82' lang='grc' dir='ltr'>δ</span> <span class='ocrx_word' id='word_1_19' title='bbox 1406 576 1539 637; x_wconf 88' lang='grc' dir='ltr'>Θεὸς</span> <span class='ocrx_word' id='word_1_20' title='bbox 1572 577 1753 646; x_wconf 78' lang='grc' dir='ltr'>πατὴρ</span> <span class='ocrx_word' id='word_1_21' title='bbox 1790 576 1944 646; x_wconf 80' lang='grc' dir='ltr'>ὑμῶν</span> 
     </span>
    </p>
   </div>
   <div class='ocr_carea' id='block_1_4' title="bbox 2061 569 3625 646">
    <p class='ocr_par' dir='ltr' id='par_1_4' title="bbox 2124 569 3625 644">
     <span class='ocr_line' id='line_1_4' title="bbox 2124 569 3625 644; baseline -0.009 -10"><span class='ocrx_word' id='word_1_22' title='bbox 2124 579 2286 636; x_wconf 77' lang='lat' dir='ltr'><strong>Vens.</strong></span> <span class='ocrx_word' id='word_1_23' title='bbox 2342 578 2527 644; x_wconf 70' lang='lat'>42,45.</span> <span class='ocrx_word' id='word_1_24' title='bbox 2565 596 2586 631; x_wconf 79' lang='grc' dir='ltr'>ι</span> <span class='ocrx_word' id='word_1_25' title='bbox 2638 577 2784 631; x_wconf 79' lang='lat' dir='ltr'><strong>Dixit</strong></span> <span class='ocrx_word' id='word_1_26' title='bbox 2827 575 2908 632; x_wconf 89' lang='lat' dir='ltr'>eis</span> <span class='ocrx_word' id='word_1_27' title='bbox 2953 572 3112 629; x_wconf 75' lang='lat' dir='ltr'><strong>Iesus</strong></span> <span class='ocrx_word' id='word_1_28' title='bbox 3144 610 3159 637; x_wconf 92' lang='lat'>,</span> <span class='ocrx_word' id='word_1_29' title='bbox 3200 569 3259 627; x_wconf 82' lang='lat' dir='ltr'><strong>Si</strong></span> <span class='ocrx_word' id='word_1_30' title='bbox 3292 569 3436 624; x_wconf 82' lang='lat' dir='ltr'><strong>Deus</strong></span> <span class='ocrx_word' id='word_1_31' title='bbox 3468 574 3625 638; x_wconf 83' lang='lat' dir='ltr'><strong>pater</strong></span> 
     </span>
    </p>
   </div>
   <div class='ocr_carea' id='block_1_5' title="bbox 366 660 1945 739">
    <p class='ocr_par' dir='ltr' id='par_1_5' title="bbox 366 660 1945 739">
     <span class='ocr_line' id='line_1_5' title="bbox 366 660 1945 739; baseline 0.001 -22"><span class='ocrx_word' id='word_1_32' title='bbox 366 660 460 737; x_wconf 77' lang='grc' dir='ltr'>ἦν,</span> <span class='ocrx_word' id='word_1_33' title='bbox 484 666 736 736; x_wconf 70' lang='grc' dir='ltr'>ἠγαπᾶτε</span> <span class='ocrx_word' id='word_1_34' title='bbox 767 666 833 719; x_wconf 84' lang='grc' dir='ltr'>ἂν</span> <span class='ocrx_word' id='word_1_35' title='bbox 859 665 981 734; x_wconf 85' lang='grc' dir='ltr'>ἐμέ.</span> <span class='ocrx_word' id='word_1_36' title='bbox 1016 665 1157 736; x_wconf 82' lang='grc' dir='ltr'>Ἐγὼ</span> <span class='ocrx_word' id='word_1_37' title='bbox 1188 666 1295 739; x_wconf 76' lang='grc' dir='ltr'>γὰρ</span> <span class='ocrx_word' id='word_1_38' title='bbox 1324 668 1386 725; x_wconf 82' lang='grc' dir='ltr'>ἐκ</span> <span class='ocrx_word' id='word_1_39' title='bbox 1414 667 1504 721; x_wconf 86' lang='grc' dir='ltr'>τοῦ</span> <span class='ocrx_word' id='word_1_40' title='bbox 1534 668 1670 721; x_wconf 83' lang='grc' dir='ltr'>Θεοῦ</span> <span class='ocrx_word' id='word_1_41' title='bbox 1702 667 1945 737; x_wconf 82' lang='grc' dir='ltr'>ἐξῆλθον,</span> 
     </span>
    </p>
   </div>
   <div class='ocr_carea' id='block_1_6' title="bbox 368 748 1947 830">
    <p class='ocr_par' dir='ltr' id='par_1_6' title="bbox 368 748 1947 830">
     <span class='ocr_line' id='line_1_6' title="bbox 368 748 1947 830; baseline -0.001 -17"><span class='ocrx_word' id='word_1_42' title='bbox 368 760 464 813; x_wconf 72' lang='grc' dir='ltr'>καὶ</span> <span class='ocrx_word' id='word_1_43' title='bbox 495 758 635 827; x_wconf 75' lang='grc' dir='ltr'>ἥκω.</span> <span class='ocrx_word' id='word_1_44' title='bbox 671 756 807 812; x_wconf 78' lang='grc' dir='ltr'>Ούδέ</span> <span class='ocrx_word' id='word_1_45' title='bbox 838 757 949 827; x_wconf 86' lang='grc' dir='ltr'>γάρ</span> <span class='ocrx_word' id='word_1_46' title='bbox 980 758 1074 812; x_wconf 80' lang='grc' dir='ltr'>ἀπ’</span> <span class='ocrx_word' id='word_1_47' title='bbox 1097 758 1334 828; x_wconf 77' lang='grc' dir='ltr'>ἐμαυτοῦ</span> <span class='ocrx_word' id='word_1_48' title='bbox 1370 748 1623 830; x_wconf 77' lang='grc' dir='ltr'>ἐλήλυθα,</span> <span class='ocrx_word' id='word_1_49' title='bbox 1663 758 1777 811; x_wconf 87' lang='grc' dir='ltr'>ἀλλ’</span> <span class='ocrx_word' id='word_1_50' title='bbox 1800 759 1947 812; x_wconf 75' lang='grc' dir='ltr'>ὲκεῖο</span> 
     </span>
    </p>
   </div>
   <div class='ocr_carea' id='block_1_7' title="bbox 367 848 1947 922">
    <p class='ocr_par' dir='ltr' id='par_1_7' title="bbox 367 848 1947 922">
     <span class='ocr_line' id='line_1_7' title="bbox 367 848 1947 922; baseline -0.002 -18"><span class='ocrx_word' id='word_1_51' title='bbox 367 850 460 911; x_wconf 86' lang='grc' dir='ltr'>νός</span> <span class='ocrx_word' id='word_1_52' title='bbox 503 866 570 920; x_wconf 84' lang='grc' dir='ltr'>με</span> <span class='ocrx_word' id='word_1_53' title='bbox 607 849 949 903; x_wconf 87' lang='grc' dir='ltr'>ἀπέστειλεν.</span> <span class='ocrx_word' id='word_1_54' title='bbox 987 848 1086 902; x_wconf 85' lang='grc' dir='ltr'>Διά</span> <span class='ocrx_word' id='word_1_55' title='bbox 1125 849 1178 902; x_wconf 88' lang='grc' dir='ltr'>τί</span> <span class='ocrx_word' id='word_1_56' title='bbox 1213 849 1312 920; x_wconf 83' lang='grc' dir='ltr'>τὴν</span> <span class='ocrx_word' id='word_1_57' title='bbox 1348 848 1537 903; x_wconf 78' lang='grc' dir='ltr'>λαλιὰν</span> <span class='ocrx_word' id='word_1_58' title='bbox 1574 850 1675 922; x_wconf 78' lang='grc' dir='ltr'>τὴν</span> <span class='ocrx_word' id='word_1_59' title='bbox 1711 849 1850 921; x_wconf 72' lang='grc' dir='ltr'>ἐμὴν</span> <span class='ocrx_word' id='word_1_60' title='bbox 1885 848 1947 902; x_wconf 80' lang='grc' dir='ltr'>οὐ</span> 
     </span>
    </p>
   </div>
   <div class='ocr_carea' id='block_1_8' title="bbox 368 940 1948 1011">
    <p class='ocr_par' dir='ltr' id='par_1_8' title="bbox 368 940 1948 1011">
     <span class='ocr_line' id='line_1_8' title="bbox 368 940 1948 1011; baseline -0.001 -15"><span class='ocrx_word' id='word_1_61' title='bbox 368 942 698 1011; x_wconf 83' lang='grc' dir='ltr'>γινώσκετε;</span> <span class='ocrx_word' id='word_1_62' title='bbox 724 942 851 994; x_wconf 84' lang='grc' dir='ltr'>Ὅτι</span> <span class='ocrx_word' id='word_1_63' title='bbox 892 942 953 995; x_wconf 83' lang='grc' dir='ltr'>ού</span> <span class='ocrx_word' id='word_1_64' title='bbox 998 940 1229 995; x_wconf 86' lang='grc' dir='ltr'>δύνασθε</span> <span class='ocrx_word' id='word_1_65' title='bbox 1274 942 1494 996; x_wconf 78' lang='grc' dir='ltr'>ἀκούειν</span> <span class='ocrx_word' id='word_1_66' title='bbox 1534 942 1626 996; x_wconf 87' lang='grc' dir='ltr'>τὸν</span> <span class='ocrx_word' id='word_1_67' title='bbox 1662 942 1821 1011; x_wconf 90' lang='grc' dir='ltr'>λόγον</span> <span class='ocrx_word' id='word_1_68' title='bbox 1857 942 1948 996; x_wconf 89' lang='grc' dir='ltr'>τὸν</span> 
     </span>
    </p>
   </div>
   <div class='ocr_carea' id='block_1_9' title="bbox 369 1033 1949 1105">
    <p class='ocr_par' dir='ltr' id='par_1_9' title="bbox 369 1033 1949 1105">
     <span class='ocr_line' id='line_1_9' title="bbox 369 1033 1949 1105; baseline -0.001 -17"><span class='ocrx_word' id='word_1_69' title='bbox 369 1034 522 1105; x_wconf 73' lang='grc' dir='ltr'>ἐμόν.</span> <span class='ocrx_word' id='word_1_70' title='bbox 548 1054 567 1086; x_wconf 77' lang='grc' dir='ltr'>ι</span> <span class='ocrx_word' id='word_1_71' title='bbox 589 1033 804 1102; x_wconf 79' lang='grc' dir='ltr'>Ἐπειδὴ</span> <span class='ocrx_word' id='word_1_72' title='bbox 827 1033 1081 1100; x_wconf 76' lang='grc' dir='ltr'>ἐξέϐαλεν</span> <span class='ocrx_word' id='word_1_73' title='bbox 1099 1033 1297 1097; x_wconf 79' lang='grc' dir='ltr'>αὐτοὺς</span> <span class='ocrx_word' id='word_1_74' title='bbox 1314 1033 1412 1103; x_wconf 82' lang='grc' dir='ltr'>τῆς</span> <span class='ocrx_word' id='word_1_75' title='bbox 1439 1034 1575 1104; x_wconf 82' lang='grc' dir='ltr'>πρὸς</span> <span class='ocrx_word' id='word_1_76' title='bbox 1592 1035 1683 1087; x_wconf 86' lang='grc' dir='ltr'>τὸν</span> <span class='ocrx_word' id='word_1_77' title='bbox 1696 1034 1949 1104; x_wconf 79' lang='grc' dir='ltr'>Ἀϐραὰμ</span> 
     </span>
    </p>
   </div>
   <div class='ocr_carea' id='block_1_10' title="bbox 369 1127 1950 1199">
    <p class='ocr_par' dir='ltr' id='par_1_10' title="bbox 369 1127 1950 1199">
     <span class='ocr_line' id='line_1_10' title="bbox 369 1127 1950 1199; baseline -0.001 -17"><span class='ocrx_word' id='word_1_78' title='bbox 369 1129 731 1198; x_wconf 70' lang='grc' dir='ltr'>οἰκειότητος,</span> <span class='ocrx_word' id='word_1_79' title='bbox 759 1127 914 1180; x_wconf 74' lang='grc' dir='ltr'>αὐτοὶ</span> <span class='ocrx_word' id='word_1_80' title='bbox 944 1127 1040 1180; x_wconf 78' lang='grc' dir='ltr'>ἐπὶ</span> <span class='ocrx_word' id='word_1_81' title='bbox 1062 1127 1125 1180; x_wconf 87' lang='grc' dir='ltr'>τὸ</span> <span class='ocrx_word' id='word_1_82' title='bbox 1153 1127 1338 1197; x_wconf 76' lang='grc' dir='ltr'>μεῖζον</span> <span class='ocrx_word' id='word_1_83' title='bbox 1369 1127 1668 1199; x_wconf 85' lang='grc' dir='ltr'>ἀνέϐησαν,</span> <span class='ocrx_word' id='word_1_84' title='bbox 1694 1128 1787 1181; x_wconf 86' lang='grc' dir='ltr'>τὸν</span> <span class='ocrx_word' id='word_1_85' title='bbox 1818 1127 1950 1181; x_wconf 93' lang='grc' dir='ltr'>Θεὸν</span> 
     </span>
    </p>
   </div>
   <div class='ocr_carea' id='block_1_11' title="bbox 372 1218 1949 1290">
    <p class='ocr_par' dir='ltr' id='par_1_11' title="bbox 372 1218 1949 1290">
     <span class='ocr_line' id='line_1_11' title="bbox 372 1218 1949 1290; baseline -0.002 -16"><span class='ocrx_word' id='word_1_86' title='bbox 372 1220 689 1290; x_wconf 77' lang='grc' dir='ltr'>ποιούμενοι</span> <span class='ocrx_word' id='word_1_87' title='bbox 731 1218 969 1289; x_wconf 83' lang='grc' dir='ltr'>πατέρα.</span> <span class='ocrx_word' id='word_1_88' title='bbox 1004 1219 1094 1283; x_wconf 84' lang='grc' dir='ltr'>Ὠς</span> <span class='ocrx_word' id='word_1_89' title='bbox 1143 1219 1252 1289; x_wconf 84' lang='grc' dir='ltr'>γὰρ</span> <span class='ocrx_word' id='word_1_90' title='bbox 1293 1218 1573 1274; x_wconf 85' lang='grc' dir='ltr'>ὠνείδισεν</span> <span class='ocrx_word' id='word_1_91' title='bbox 1617 1219 1820 1283; x_wconf 79' lang='grc' dir='ltr'>αὐτοῖς,</span> <span class='ocrx_word' id='word_1_92' title='bbox 1867 1220 1949 1273; x_wconf 86' lang='grc' dir='ltr'>ὅτι</span> 
     </span>
    </p>
   </div>
   <div class='ocr_carea' id='block_1_12' title="bbox 374 1309 1949 1381">
    <p class='ocr_par' dir='ltr' id='par_1_12' title="bbox 374 1309 1949 1381">
     <span class='ocr_line' id='line_1_12' title="bbox 374 1309 1949 1381; baseline 0 -18"><span class='ocrx_word' id='word_1_93' title='bbox 374 1309 650 1380; x_wconf 82' lang='grc' dir='ltr'>μιαιφόνοι</span> <span class='ocrx_word' id='word_1_94' title='bbox 694 1309 871 1363; x_wconf 86' lang='grc' dir='ltr'>εἰσίν·</span> <span class='ocrx_word' id='word_1_95' title='bbox 915 1310 1073 1363; x_wconf 73' lang='grc' dir='ltr'>αὐτοὶ</span> <span class='ocrx_word' id='word_1_96' title='bbox 1118 1310 1308 1381; x_wconf 82' lang='grc' dir='ltr'>ὥσπερ</span> <span class='ocrx_word' id='word_1_97' title='bbox 1353 1309 1949 1381; x_wconf 82' lang='grc' dir='ltr'>ύπεραπολογούμενοι,</span> 
     </span>
    </p>
   </div>
   <div class='ocr_carea' id='block_1_13' title="bbox 372 1401 1952 1473">
    <p class='ocr_par' dir='ltr' id='par_1_13' title="bbox 372 1401 1952 1473">
     <span class='ocr_line' id='line_1_13' title="bbox 372 1401 1952 1473; baseline 0 -17"><span class='ocrx_word' id='word_1_98' title='bbox 372 1404 455 1456; x_wconf 83' lang='grc' dir='ltr'>ὅτι</span> <span class='ocrx_word' id='word_1_99' title='bbox 492 1404 584 1457; x_wconf 92' lang='grc' dir='ltr'>τὸν</span> <span class='ocrx_word' id='word_1_100' title='bbox 624 1401 760 1456; x_wconf 89' lang='grc' dir='ltr'>Θεὸν</span> <span class='ocrx_word' id='word_1_101' title='bbox 803 1401 1101 1466; x_wconf 78' lang='grc' dir='ltr'>ἐκδικοῦσι,</span> <span class='ocrx_word' id='word_1_102' title='bbox 1144 1404 1240 1457; x_wconf 69' lang='grc' dir='ltr'>καὶ</span> <span class='ocrx_word' id='word_1_103' title='bbox 1277 1403 1366 1457; x_wconf 85' lang='grc' dir='ltr'>διά</span> <span class='ocrx_word' id='word_1_104' title='bbox 1405 1402 1563 1456; x_wconf 88' lang='grc' dir='ltr'>τοῦτο</span> <span class='ocrx_word' id='word_1_105' title='bbox 1607 1402 1952 1473; x_wconf 81' lang='grc' dir='ltr'>βουλεύονται</span> 
     </span>
    </p>
   </div>
   <div class='ocr_carea' id='block_1_14' title="bbox 374 1491 1949 1567">
    <p class='ocr_par' dir='ltr' id='par_1_14' title="bbox 374 1491 1949 1567">
     <span class='ocr_line' id='line_1_14' title="bbox 374 1491 1949 1567; baseline 0.001 -21"><span class='ocrx_word' id='word_1_106' title='bbox 374 1494 498 1546; x_wconf 74' lang='grc' dir='ltr'>κατ’</span> <span class='ocrx_word' id='word_1_107' title='bbox 523 1491 686 1546; x_wconf 84' lang='grc' dir='ltr'>αὐτοῦ</span> <span class='ocrx_word' id='word_1_108' title='bbox 709 1533 725 1558; x_wconf 93' lang='grc'>,</span> <span class='ocrx_word' id='word_1_109' title='bbox 759 1493 983 1547; x_wconf 89' lang='grc' dir='ltr'>τοιαῦτα</span> <span class='ocrx_word' id='word_1_110' title='bbox 1014 1493 1257 1561; x_wconf 84' lang='grc' dir='ltr'>λέγουσι.</span> <span class='ocrx_word' id='word_1_111' title='bbox 1290 1494 1382 1547; x_wconf 88' lang='grc' dir='ltr'>Διὸ</span> <span class='ocrx_word' id='word_1_112' title='bbox 1417 1495 1510 1548; x_wconf 71' lang='grc' dir='ltr'>καὶ</span> <span class='ocrx_word' id='word_1_113' title='bbox 1545 1497 1572 1547; x_wconf 82' lang='grc' dir='ltr'><strong>ὁ</strong></span> <span class='ocrx_word' id='word_1_114' title='bbox 1606 1493 1811 1567; x_wconf 81' lang='grc' dir='ltr'>Κύριος</span> <span class='ocrx_word' id='word_1_115' title='bbox 1839 1494 1949 1548; x_wconf 88' lang='grc' dir='ltr'>δει-</span> 
     </span>
    </p>
   </div>
   <div class='ocr_carea' id='block_1_15' title="bbox 375 1581 1952 1655">
    <p class='ocr_par' dir='ltr' id='par_1_15' title="bbox 375 1581 1952 1655">
     <span class='ocr_line' id='line_1_15' title="bbox 375 1581 1952 1655; baseline 0.001 -16"><span class='ocrx_word' id='word_1_116' title='bbox 375 1581 584 1649; x_wconf 80' lang='grc' dir='ltr'>κνύων,</span> <span class='ocrx_word' id='word_1_117' title='bbox 617 1585 693 1648; x_wconf 82' lang='grc' dir='ltr'>ὡς</span> <span class='ocrx_word' id='word_1_118' title='bbox 725 1585 835 1655; x_wconf 76' lang='grc' dir='ltr'>ἄρα</span> <span class='ocrx_word' id='word_1_119' title='bbox 868 1586 929 1639; x_wconf 82' lang='grc' dir='ltr'>οὐ</span> <span class='ocrx_word' id='word_1_120' title='bbox 965 1586 1055 1640; x_wconf 91' lang='grc' dir='ltr'>τὸν</span> <span class='ocrx_word' id='word_1_121' title='bbox 1088 1587 1220 1640; x_wconf 90' lang='grc' dir='ltr'>Θεὸν</span> <span class='ocrx_word' id='word_1_122' title='bbox 1253 1586 1561 1642; x_wconf 84' lang='grc' dir='ltr'>ἐκδικοῦσιν</span> <span class='ocrx_word' id='word_1_123' title='bbox 1583 1628 1597 1652; x_wconf 90' lang='grc'>,</span> <span class='ocrx_word' id='word_1_124' title='bbox 1631 1587 1753 1642; x_wconf 85' lang='grc' dir='ltr'>ούδέ</span> <span class='ocrx_word' id='word_1_125' title='bbox 1785 1586 1952 1641; x_wconf 87' lang='grc' dir='ltr'>τέκνα</span> 
     </span>
    </p>
   </div>
   <div class='ocr_carea' id='block_1_16' title="bbox 374 1675 1953 1751">
    <p class='ocr_par' dir='ltr' id='par_1_16' title="bbox 374 1675 1953 1751">
     <span class='ocr_line' id='line_1_16' title="bbox 374 1675 1953 1751; baseline 0.002 -22"><span class='ocrx_word' id='word_1_126' title='bbox 374 1677 482 1729; x_wconf 77' lang='grc' dir='ltr'>εἰσὶ</span> <span class='ocrx_word' id='word_1_127' title='bbox 509 1675 602 1730; x_wconf 87' lang='grc' dir='ltr'>τοῦ</span> <span class='ocrx_word' id='word_1_128' title='bbox 633 1675 769 1730; x_wconf 89' lang='grc' dir='ltr'>Θεοῦ</span> <span class='ocrx_word' id='word_1_129' title='bbox 790 1718 805 1743; x_wconf 92' lang='grc'>,</span> <span class='ocrx_word' id='word_1_130' title='bbox 836 1676 906 1731; x_wconf 85' lang='grc' dir='ltr'>δι’</span> <span class='ocrx_word' id='word_1_131' title='bbox 933 1677 1066 1732; x_wconf 87' lang='grc' dir='ltr'>αύτὸ</span> <span class='ocrx_word' id='word_1_132' title='bbox 1094 1677 1253 1732; x_wconf 88' lang='grc' dir='ltr'>τοῦτο</span> <span class='ocrx_word' id='word_1_133' title='bbox 1280 1677 1341 1731; x_wconf 88' lang='lat' dir='ltr'>rb</span> <span class='ocrx_word' id='word_1_134' title='bbox 1377 1679 1611 1751; x_wconf 80' lang='grc' dir='ltr'>μελετᾷν</span> <span class='ocrx_word' id='word_1_135' title='bbox 1638 1679 1761 1734; x_wconf 86' lang='grc' dir='ltr'>κατ’</span> <span class='ocrx_word' id='word_1_136' title='bbox 1785 1677 1953 1733; x_wconf 84' lang='grc' dir='ltr'>αὐτοῦ</span> 
     </span>
    </p>
   </div>
   <div class='ocr_carea' id='block_1_17' title="bbox 375 1768 1953 1841">
    <p class='ocr_par' dir='ltr' id='par_1_17' title="bbox 375 1768 1953 1841">
     <span class='ocr_line' id='line_1_17' title="bbox 375 1768 1953 1841; baseline 0.001 -20"><span class='ocrx_word' id='word_1_137' title='bbox 375 1768 565 1837; x_wconf 74' lang='grc' dir='ltr'>φόνον,</span> <span class='ocrx_word' id='word_1_138' title='bbox 601 1768 676 1831; x_wconf 79' lang='grc' dir='ltr'>ὡς</span> <span class='ocrx_word' id='word_1_139' title='bbox 710 1769 906 1823; x_wconf 85' lang='grc' dir='ltr'>ἐκεῖνοι</span> <span class='ocrx_word' id='word_1_140' title='bbox 940 1768 1144 1841; x_wconf 78' lang='grc' dir='ltr'>ᾤοντο,</span> <span class='ocrx_word' id='word_1_141' title='bbox 1178 1770 1313 1824; x_wconf 88' lang='grc' dir='ltr'>ἀλλά</span> <span class='ocrx_word' id='word_1_142' title='bbox 1351 1771 1552 1840; x_wconf 76' lang='grc' dir='ltr'>μᾶλλον</span> <span class='ocrx_word' id='word_1_143' title='bbox 1584 1769 1953 1825; x_wconf 73' lang='grc' dir='ltr'>ἐναντιοῦνται</span> 
     </span>
    </p>
   </div>
   <div class='ocr_carea' id='block_1_18' title="bbox 373 1858 1954 1935">
    <p class='ocr_par' dir='ltr' id='par_1_18' title="bbox 373 1858 1954 1935">
     <span class='ocr_line' id='line_1_18' title="bbox 373 1858 1954 1935; baseline 0.003 -22"><span class='ocrx_word' id='word_1_144' title='bbox 373 1862 452 1930; x_wconf 83' lang='grc' dir='ltr'>τῷ</span> <span class='ocrx_word' id='word_1_145' title='bbox 480 1859 620 1932; x_wconf 80' lang='grc' dir='ltr'>Θεῷ,</span> <span class='ocrx_word' id='word_1_146' title='bbox 648 1862 835 1932; x_wconf 71' lang='grc' dir='ltr'>φησὶν,</span> <span class='ocrx_word' id='word_1_147' title='bbox 860 1862 941 1916; x_wconf 84' lang='grc' dir='ltr'>ὅτι</span> <span class='ocrx_word' id='word_1_148' title='bbox 972 1880 991 1915; x_wconf 82' lang='grc' dir='ltr'>ι</span> <span class='ocrx_word' id='word_1_149' title='bbox 1014 1863 1074 1917; x_wconf 80' lang='lat' dir='ltr'><strong>Ei</strong></span> <span class='ocrx_word' id='word_1_150' title='bbox 1091 1864 1130 1916; x_wconf 83' lang='grc' dir='ltr'>ό</span> <span class='ocrx_word' id='word_1_151' title='bbox 1155 1862 1287 1926; x_wconf 88' lang='grc' dir='ltr'>Θεὸς</span> <span class='ocrx_word' id='word_1_152' title='bbox 1324 1862 1499 1935; x_wconf 80' lang='grc' dir='ltr'>πατὴρ</span> <span class='ocrx_word' id='word_1_153' title='bbox 1526 1863 1681 1934; x_wconf 78' lang='grc' dir='ltr'>ὑμῶν</span> <span class='ocrx_word' id='word_1_154' title='bbox 1704 1858 1795 1935; x_wconf 77' lang='grc' dir='ltr'>ἦν,</span> <span class='ocrx_word' id='word_1_155' title='bbox 1816 1865 1954 1934; x_wconf 71' lang='grc' dir='ltr'>ἠγα-</span> 
     </span>
    </p>
   </div>
   <div class='ocr_carea' id='block_1_19' title="bbox 376 1953 1959 2027">
    <p class='ocr_par' dir='ltr' id='par_1_19' title="bbox 376 1953 1959 2027">
     <span class='ocr_line' id='line_1_19' title="bbox 376 1953 1959 2027; baseline 0.002 -21"><span class='ocrx_word' id='word_1_156' title='bbox 376 1954 516 2007; x_wconf 78' lang='grc' dir='ltr'>πᾶτε</span> <span class='ocrx_word' id='word_1_157' title='bbox 549 1953 616 2008; x_wconf 82' lang='grc' dir='ltr'>ἂν</span> <span class='ocrx_word' id='word_1_158' title='bbox 661 1953 781 2026; x_wconf 82' lang='grc' dir='ltr'>ἐμέ.</span> <span class='ocrx_word' id='word_1_159' title='bbox 821 1953 964 2023; x_wconf 82' lang='grc' dir='ltr'>Ἐγὼ</span> <span class='ocrx_word' id='word_1_160' title='bbox 992 1954 1102 2027; x_wconf 85' lang='grc' dir='ltr'>γὰρ</span> <span class='ocrx_word' id='word_1_161' title='bbox 1149 1956 1212 2008; x_wconf 86' lang='grc' dir='ltr'>ἐκ</span> <span class='ocrx_word' id='word_1_162' title='bbox 1240 1953 1334 2008; x_wconf 86' lang='grc' dir='ltr'>τοῦ</span> <span class='ocrx_word' id='word_1_163' title='bbox 1366 1954 1500 2008; x_wconf 87' lang='grc' dir='ltr'>Θεοῦ</span> <span class='ocrx_word' id='word_1_164' title='bbox 1532 1954 1782 2024; x_wconf 79' lang='grc' dir='ltr'>ἐξῆλθον,</span> <span class='ocrx_word' id='word_1_165' title='bbox 1823 1974 1842 2008; x_wconf 72' lang='grc' dir='ltr'>ι</span> <span class='ocrx_word' id='word_1_166' title='bbox 1876 1956 1959 2020; x_wconf 85' lang='grc' dir='ltr'>εἰς</span> 
     </span>
    </p>
   </div>
   <div class='ocr_carea' id='block_1_20' title="bbox 374 2044 1957 2118">
    <p class='ocr_par' dir='ltr' id='par_1_20' title="bbox 374 2044 1957 2118">
     <span class='ocr_line' id='line_1_20' title="bbox 374 2044 1957 2118; baseline 0 -20"><span class='ocrx_word' id='word_1_167' title='bbox 374 2045 468 2098; x_wconf 89' lang='grc' dir='ltr'>τὸν</span> <span class='ocrx_word' id='word_1_168' title='bbox 498 2044 737 2116; x_wconf 79' lang='grc' dir='ltr'>κόσμον,</span> <span class='ocrx_word' id='word_1_169' title='bbox 771 2046 1015 2118; x_wconf 80' lang='grc' dir='ltr'>δηλονότι</span> <span class='ocrx_word' id='word_1_170' title='bbox 1047 2044 1187 2099; x_wconf 84' lang='grc' dir='ltr'>κατά</span> <span class='ocrx_word' id='word_1_171' title='bbox 1216 2045 1314 2116; x_wconf 82' lang='grc' dir='ltr'>τὴν</span> <span class='ocrx_word' id='word_1_172' title='bbox 1347 2047 1406 2099; x_wconf 91' lang='grc' dir='ltr'>ἐν</span> <span class='ocrx_word' id='word_1_173' title='bbox 1438 2046 1603 2117; x_wconf 78' lang='grc' dir='ltr'>σαρκὶ</span> <span class='ocrx_word' id='word_1_174' title='bbox 1633 2045 1957 2116; x_wconf 87' lang='grc' dir='ltr'>παρουσίαν.</span> 
     </span>
    </p>
   </div>
   <div class='ocr_carea' id='block_1_21' title="bbox 376 2131 1959 2208">
    <p class='ocr_par' dir='ltr' id='par_1_21' title="bbox 376 2131 1959 2208">
     <span class='ocr_line' id='line_1_21' title="bbox 376 2131 1959 2208; baseline -0.001 -18"><span class='ocrx_word' id='word_1_175' title='bbox 376 2136 468 2206; x_wconf 72' lang='grc' dir='ltr'><strong>Μὴ</strong></span> <span class='ocrx_word' id='word_1_176' title='bbox 515 2136 624 2208; x_wconf 71' lang='grc' dir='ltr'>γὰρ</span> <span class='ocrx_word' id='word_1_177' title='bbox 672 2136 920 2202; x_wconf 82' lang='grc' dir='ltr'>ἀντίθεός</span> <span class='ocrx_word' id='word_1_178' title='bbox 968 2137 1131 2206; x_wconf 73' lang='grc' dir='ltr'>εἰμι-ο</span> <span class='ocrx_word' id='word_1_179' title='bbox 1181 2135 1275 2190; x_wconf 84' lang='grc' dir='ltr'>ἀπ’</span> <span class='ocrx_word' id='word_1_180' title='bbox 1300 2136 1509 2189; x_wconf 85' lang='grc' dir='ltr'>ἐκείνου</span> <span class='ocrx_word' id='word_1_181' title='bbox 1555 2131 1759 2207; x_wconf 79' lang='grc' dir='ltr'>ἦλθον·</span> <span class='ocrx_word' id='word_1_182' title='bbox 1819 2136 1959 2192; x_wconf 84' lang='grc' dir='ltr'>ὥστε</span> 
     </span>
    </p>
   </div>
   <div class='ocr_carea' id='block_1_22' title="bbox 378 2228 1961 2301">
    <p class='ocr_par' dir='ltr' id='par_1_22' title="bbox 378 2228 1961 2301">
     <span class='ocr_line' id='line_1_22' title="bbox 378 2228 1961 2301; baseline 0.001 -18"><span class='ocrx_word' id='word_1_183' title='bbox 378 2228 588 2285; x_wconf 78' lang='grc' dir='ltr'>ἐκείνου</span> <span class='ocrx_word' id='word_1_184' title='bbox 621 2231 745 2284; x_wconf 85' lang='grc' dir='ltr'>ἐστέ</span> <span class='ocrx_word' id='word_1_185' title='bbox 772 2229 987 2301; x_wconf 71' lang='grc' dir='ltr'>ἐχθροὶ,</span> <span class='ocrx_word' id='word_1_186' title='bbox 1018 2228 1143 2300; x_wconf 77' lang='grc' dir='ltr'>ἐμοὶ</span> <span class='ocrx_word' id='word_1_187' title='bbox 1172 2228 1556 2300; x_wconf 84' lang='grc' dir='ltr'>πολεμοῦντες.</span> <span class='ocrx_word' id='word_1_188' title='bbox 1593 2248 1612 2280; x_wconf 82' lang='grc' dir='ltr'>ι</span> <span class='ocrx_word' id='word_1_189' title='bbox 1649 2229 1748 2283; x_wconf 85' lang='grc' dir='ltr'>Διά</span> <span class='ocrx_word' id='word_1_190' title='bbox 1777 2229 1829 2283; x_wconf 88' lang='grc' dir='ltr'>τί</span> <span class='ocrx_word' id='word_1_191' title='bbox 1860 2232 1961 2300; x_wconf 85' lang='grc' dir='ltr'>τὴν</span> 
     </span>
    </p>
   </div>
   <div class='ocr_carea' id='block_1_23' title="bbox 378 2320 1962 2392">
    <p class='ocr_par' dir='ltr' id='par_1_23' title="bbox 378 2320 1962 2392">
     <span class='ocr_line' id='line_1_23' title="bbox 378 2320 1962 2392; baseline 0.003 -20"><span class='ocrx_word' id='word_1_192' title='bbox 378 2320 569 2375; x_wconf 87' lang='grc' dir='ltr'>λαλιὰν</span> <span class='ocrx_word' id='word_1_193' title='bbox 605 2322 703 2391; x_wconf 83' lang='grc' dir='ltr'>τὴν</span> <span class='ocrx_word' id='word_1_194' title='bbox 742 2320 882 2392; x_wconf 81' lang='grc' dir='ltr'>ἐμὴν</span> <span class='ocrx_word' id='word_1_195' title='bbox 920 2321 982 2375; x_wconf 86' lang='grc' dir='ltr'>ού</span> <span class='ocrx_word' id='word_1_196' title='bbox 1023 2320 1345 2390; x_wconf 85' lang='grc' dir='ltr'>γινώσκετε,</span> <span class='ocrx_word' id='word_1_197' title='bbox 1392 2339 1411 2373; x_wconf 77' lang='grc' dir='ltr'>ι</span> <span class='ocrx_word' id='word_1_198' title='bbox 1450 2320 1570 2374; x_wconf 81' lang='grc' dir='ltr'>οὐδὲ</span> <span class='ocrx_word' id='word_1_199' title='bbox 1615 2322 1825 2375; x_wconf 80' lang='grc' dir='ltr'>συνίετε</span> <span class='ocrx_word' id='word_1_200' title='bbox 1868 2323 1962 2376; x_wconf 74' lang='grc' dir='ltr'>καὶ</span> 
     </span>
    </p>
   </div>
   <div class='ocr_carea' id='block_1_24' title="bbox 379 2408 1960 2485">
    <p class='ocr_par' dir='ltr' id='par_1_24' title="bbox 379 2408 1960 2485">
     <span class='ocr_line' id='line_1_24' title="bbox 379 2408 1960 2485; baseline 0 -17"><span class='ocrx_word' id='word_1_201' title='bbox 379 2416 549 2468; x_wconf 81' lang='grc' dir='ltr'>νοεῖτε</span> <span class='ocrx_word' id='word_1_202' title='bbox 586 2413 623 2469; x_wconf 80' lang='grc' dir='ltr'>ἀ</span> <span class='ocrx_word' id='word_1_203' title='bbox 662 2408 936 2482; x_wconf 67' lang='grc' dir='ltr'>λέγω;⁷Η</span> <span class='ocrx_word' id='word_1_204' title='bbox 977 2413 1196 2477; x_wconf 84' lang='grc' dir='ltr'>πάντως</span> <span class='ocrx_word' id='word_1_205' title='bbox 1232 2412 1302 2466; x_wconf 83' lang='grc' dir='ltr'>δι’</span> <span class='ocrx_word' id='word_1_206' title='bbox 1322 2412 1476 2466; x_wconf 77' lang='grc' dir='ltr'>οὐδὲν</span> <span class='ocrx_word' id='word_1_207' title='bbox 1516 2412 1665 2478; x_wconf 80' lang='grc' dir='ltr'>ἄλλο,</span> <span class='ocrx_word' id='word_1_208' title='bbox 1712 2415 1744 2485; x_wconf 84' lang='grc' dir='ltr'><strong>ἢ</strong></span> <span class='ocrx_word' id='word_1_209' title='bbox 1784 2414 1845 2468; x_wconf 89' lang='grc' dir='ltr'>τὸ</span> <span class='ocrx_word' id='word_1_210' title='bbox 1886 2415 1960 2485; x_wconf 80' lang='grc' dir='ltr'>μὴ</span> 
     </span>
    </p>
   </div>
   <div class='ocr_carea' id='block_1_25' title="bbox 379 2502 1964 2574">
    <p class='ocr_par' dir='ltr' id='par_1_25' title="bbox 379 2502 1964 2574">
     <span class='ocr_line' id='line_1_25' title="bbox 379 2502 1964 2574; baseline 0.002 -19"><span class='ocrx_word' id='word_1_211' title='bbox 379 2503 641 2558; x_wconf 86' lang='grc' dir='ltr'>δύνασθαι</span> <span class='ocrx_word' id='word_1_212' title='bbox 668 2505 889 2557; x_wconf 81' lang='grc' dir='ltr'>ἀκούειν</span> <span class='ocrx_word' id='word_1_213' title='bbox 913 2503 1003 2556; x_wconf 89' lang='grc' dir='ltr'>τὸν</span> <span class='ocrx_word' id='word_1_214' title='bbox 1032 2502 1189 2572; x_wconf 89' lang='grc' dir='ltr'>λόγον</span> <span class='ocrx_word' id='word_1_215' title='bbox 1221 2521 1346 2574; x_wconf 89' lang='grc' dir='ltr'>μου,</span> <span class='ocrx_word' id='word_1_216' title='bbox 1376 2503 1649 2570; x_wconf 82' lang='grc' dir='ltr'>τουτέστι,</span> <span class='ocrx_word' id='word_1_217' title='bbox 1681 2504 1742 2557; x_wconf 88' lang='grc' dir='ltr'>τὸ</span> <span class='ocrx_word' id='word_1_218' title='bbox 1771 2505 1845 2574; x_wconf 82' lang='grc' dir='ltr'>μὴ</span> <span class='ocrx_word' id='word_1_219' title='bbox 1878 2505 1964 2559; x_wconf 84' lang='grc' dir='ltr'>θέ-</span> 
     </span>
    </p>
   </div>
   <div class='ocr_carea' id='block_1_26' title="bbox 381 2594 1958 2667">
    <p class='ocr_par' dir='ltr' id='par_1_26' title="bbox 381 2594 1958 2667">
     <span class='ocr_line' id='line_1_26' title="bbox 381 2594 1958 2667; baseline 0.002 -20"><span class='ocrx_word' id='word_1_220' title='bbox 381 2594 494 2652; x_wconf 89' lang='grc' dir='ltr'>λειν</span> <span class='ocrx_word' id='word_1_221' title='bbox 521 2595 602 2666; x_wconf 87' lang='grc' dir='ltr'>(τὸ</span> <span class='ocrx_word' id='word_1_222' title='bbox 625 2596 734 2666; x_wconf 71' lang='grc' dir='ltr'>γὰρ</span> <span class='ocrx_word' id='word_1_223' title='bbox 762 2595 837 2666; x_wconf 83' lang='grc' dir='ltr'>μὴ</span> <span class='ocrx_word' id='word_1_224' title='bbox 862 2594 1144 2661; x_wconf 88' lang='grc' dir='ltr'>δύνασθαι,</span> <span class='ocrx_word' id='word_1_225' title='bbox 1172 2595 1294 2650; x_wconf 76' lang='grc' dir='ltr'>ἀντὶ</span> <span class='ocrx_word' id='word_1_226' title='bbox 1314 2599 1408 2648; x_wconf 85' lang='grc' dir='ltr'>τοῦ</span> <span class='ocrx_word' id='word_1_227' title='bbox 1438 2594 1513 2666; x_wconf 81' lang='grc' dir='ltr'>μὴ</span> <span class='ocrx_word' id='word_1_228' title='bbox 1540 2594 1714 2650; x_wconf 85' lang='grc' dir='ltr'>θέλειν</span> <span class='ocrx_word' id='word_1_229' title='bbox 1738 2595 1958 2667; x_wconf 84' lang='grc' dir='ltr'>κεῖται).</span> 
     </span>
    </p>
   </div>
   <div class='ocr_carea' id='block_1_27' title="bbox 384 2684 1963 2758">
    <p class='ocr_par' dir='ltr' id='par_1_27' title="bbox 384 2684 1963 2758">
     <span class='ocr_line' id='line_1_27' title="bbox 384 2684 1963 2758; baseline 0.001 -18"><span class='ocrx_word' id='word_1_230' title='bbox 384 2684 527 2749; x_wconf 83' lang='grc' dir='ltr'>Ἕως</span> <span class='ocrx_word' id='word_1_231' title='bbox 566 2686 675 2758; x_wconf 86' lang='grc' dir='ltr'>γὰρ</span> <span class='ocrx_word' id='word_1_232' title='bbox 714 2686 906 2756; x_wconf 81' lang='grc' dir='ltr'>φθόνος</span> <span class='ocrx_word' id='word_1_233' title='bbox 946 2687 1004 2740; x_wconf 85' lang='grc' dir='ltr'>ἐν</span> <span class='ocrx_word' id='word_1_234' title='bbox 1038 2687 1166 2758; x_wconf 84' lang='grc' dir='ltr'>ὑμῖν</span> <span class='ocrx_word' id='word_1_235' title='bbox 1202 2685 1564 2752; x_wconf 83' lang='grc' dir='ltr'>πολιτεύεται,</span> <span class='ocrx_word' id='word_1_236' title='bbox 1605 2687 1702 2741; x_wconf 75' lang='grc' dir='ltr'>καὶ</span> <span class='ocrx_word' id='word_1_237' title='bbox 1744 2686 1963 2756; x_wconf 73' lang='grc' dir='ltr'>φονῶσα</span> 
     </span>
    </p>
   </div>
   <div class='ocr_carea' id='block_1_28' title="bbox 383 2777 1583 2849">
    <p class='ocr_par' dir='ltr' id='par_1_28' title="bbox 383 2777 1583 2849">
     <span class='ocr_line' id='line_1_28' title="bbox 383 2777 1583 2849; baseline 0.002 -18"><span class='ocrx_word' id='word_1_238' title='bbox 383 2777 597 2849; x_wconf 82' lang='grc' dir='ltr'>γνώμη,</span> <span class='ocrx_word' id='word_1_239' title='bbox 629 2778 747 2841; x_wconf 84' lang='grc' dir='ltr'>πῶς</span> <span class='ocrx_word' id='word_1_240' title='bbox 775 2778 1070 2848; x_wconf 86' lang='grc' dir='ltr'>δυνήσεσθε</span> <span class='ocrx_word' id='word_1_241' title='bbox 1099 2778 1319 2832; x_wconf 82' lang='grc' dir='ltr'>ἀκούειν</span> <span class='ocrx_word' id='word_1_242' title='bbox 1344 2779 1381 2834; x_wconf 78' lang='grc' dir='ltr'>ἆ</span> <span class='ocrx_word' id='word_1_243' title='bbox 1406 2779 1583 2848; x_wconf 80' lang='grc' dir='ltr'>λέγω;</span> 
     </span>
    </p>
   </div>
   <div class='ocr_carea' id='block_1_29' title="bbox 460 2869 1966 2940">
    <p class='ocr_par' dir='ltr' id='par_1_29' title="bbox 460 2869 1966 2940">
     <span class='ocr_line' id='line_1_29' title="bbox 460 2869 1966 2940; baseline 0.003 -19"><span class='ocrx_word' id='word_1_244' title='bbox 460 2887 479 2921; x_wconf 84' lang='grc' dir='ltr'>ι</span> <span class='ocrx_word' id='word_1_245' title='bbox 520 2869 709 2939; x_wconf 82' lang='grc' dir='ltr'>Ὑμεῖς</span> <span class='ocrx_word' id='word_1_246' title='bbox 739 2870 804 2923; x_wconf 86' lang='grc' dir='ltr'>ἐκ</span> <span class='ocrx_word' id='word_1_247' title='bbox 832 2869 924 2922; x_wconf 88' lang='grc' dir='ltr'>τοῦ</span> <span class='ocrx_word' id='word_1_248' title='bbox 951 2869 1159 2940; x_wconf 81' lang='grc' dir='ltr'>πατρὸς</span> <span class='ocrx_word' id='word_1_249' title='bbox 1180 2869 1275 2923; x_wconf 87' lang='grc' dir='ltr'>τοῦ</span> <span class='ocrx_word' id='word_1_250' title='bbox 1301 2869 1549 2924; x_wconf 76' lang='grc' dir='ltr'>διαϐόλου</span> <span class='ocrx_word' id='word_1_251' title='bbox 1576 2870 1722 2936; x_wconf 82' lang='grc' dir='ltr'>ἐστὲ,</span> <span class='ocrx_word' id='word_1_252' title='bbox 1749 2871 1840 2924; x_wconf 74' lang='grc' dir='ltr'>καὶ</span> <span class='ocrx_word' id='word_1_253' title='bbox 1865 2870 1966 2935; x_wconf 71' lang='grc' dir='ltr'>τὰς</span> 
     </span>
    </p>
   </div>
   <div class='ocr_carea' id='block_1_30' title="bbox 384 2960 1966 3034">
    <p class='ocr_par' dir='ltr' id='par_1_30' title="bbox 384 2960 1966 3034">
     <span class='ocr_line' id='line_1_30' title="bbox 384 2960 1966 3034; baseline 0.001 -18"><span class='ocrx_word' id='word_1_254' title='bbox 384 2961 683 3032; x_wconf 71' lang='grc' dir='ltr'>ἐπιθυμίας</span> <span class='ocrx_word' id='word_1_255' title='bbox 717 2960 811 3014; x_wconf 89' lang='grc' dir='ltr'>τοῦ</span> <span class='ocrx_word' id='word_1_256' title='bbox 862 2961 1066 3034; x_wconf 83' lang='grc' dir='ltr'>πατρὸς</span> <span class='ocrx_word' id='word_1_257' title='bbox 1096 2961 1252 3032; x_wconf 81' lang='grc' dir='ltr'>ὑμῶν</span> <span class='ocrx_word' id='word_1_258' title='bbox 1278 2962 1463 3016; x_wconf 80' lang='grc' dir='ltr'>θέλετε</span> <span class='ocrx_word' id='word_1_259' title='bbox 1496 2965 1689 3017; x_wconf 85' lang='grc' dir='ltr'>ποιεῖν.</span> <span class='ocrx_word' id='word_1_260' title='bbox 1724 2964 1966 3027; x_wconf 81' lang='grc' dir='ltr'>Ἐκεῖνος</span> 
     </span>
    </p>
   </div>
   <div class='ocr_carea' id='block_1_31' title="bbox 384 3048 1962 3125">
    <p class='ocr_par' dir='ltr' id='par_1_31' title="bbox 384 3048 1962 3125">
     <span class='ocr_line' id='line_1_31' title="bbox 384 3048 1962 3125; baseline -0.001 -18"><span class='ocrx_word' id='word_1_261' title='bbox 384 3053 826 3123; x_wconf 72' lang='grc' dir='ltr'>ἀνθρωποκτόνος</span> <span class='ocrx_word' id='word_1_262' title='bbox 856 3048 925 3123; x_wconf 82' lang='grc' dir='ltr'>ἦν</span> <span class='ocrx_word' id='word_1_263' title='bbox 975 3052 1069 3106; x_wconf 79' lang='grc' dir='ltr'>ἀπ’</span> <span class='ocrx_word' id='word_1_264' title='bbox 1093 3054 1290 3125; x_wconf 82' lang='grc' dir='ltr'>ἀρχῆς,</span> <span class='ocrx_word' id='word_1_265' title='bbox 1318 3052 1411 3106; x_wconf 82' lang='grc' dir='ltr'>καὶ</span> <span class='ocrx_word' id='word_1_266' title='bbox 1437 3053 1495 3106; x_wconf 91' lang='grc' dir='ltr'>ἐν</span> <span class='ocrx_word' id='word_1_267' title='bbox 1517 3055 1583 3123; x_wconf 78' lang='grc' dir='ltr'>τῇ</span> <span class='ocrx_word' id='word_1_268' title='bbox 1611 3052 1837 3124; x_wconf 62' lang='grc' dir='ltr'>ἀληθείᾳ</span> <span class='ocrx_word' id='word_1_269' title='bbox 1864 3054 1962 3123; x_wconf 74' lang='grc' dir='ltr'>οὐχ</span> 
     </span>
    </p>
   </div>
   <div class='ocr_carea' id='block_1_32' title="bbox 382 3139 1964 3213">
    <p class='ocr_par' dir='ltr' id='par_1_32' title="bbox 382 3139 1964 3213">
     <span class='ocr_line' id='line_1_32' title="bbox 382 3139 1964 3213; baseline 0.002 -19"><span class='ocrx_word' id='word_1_270' title='bbox 382 3141 631 3212; x_wconf 70' lang='grc' dir='ltr'>ἔστηκεν,</span> <span class='ocrx_word' id='word_1_271' title='bbox 654 3140 735 3197; x_wconf 84' lang='grc' dir='ltr'>ὅτι</span> <span class='ocrx_word' id='word_1_272' title='bbox 761 3139 1009 3196; x_wconf 74' lang='grc' dir='ltr'>οὐκέστιν</span> <span class='ocrx_word' id='word_1_273' title='bbox 1034 3141 1262 3213; x_wconf 82' lang='grc' dir='ltr'>ἀλήθεια</span> <span class='ocrx_word' id='word_1_274' title='bbox 1284 3142 1341 3195; x_wconf 78' lang='grc' dir='ltr'>ἐν</span> <span class='ocrx_word' id='word_1_275' title='bbox 1365 3142 1533 3213; x_wconf 85' lang='grc' dir='ltr'>αύτῷ.</span> <span class='ocrx_word' id='word_1_276' title='bbox 1553 3144 1721 3197; x_wconf 89' lang='grc' dir='ltr'>Ὅταν</span> <span class='ocrx_word' id='word_1_277' title='bbox 1746 3143 1878 3211; x_wconf 79' lang='grc' dir='ltr'>λαλῇ</span> <span class='ocrx_word' id='word_1_278' title='bbox 1902 3143 1964 3197; x_wconf 89' lang='lat' dir='ltr'>rb</span> 
     </span>
    </p>
   </div>
   <div class='ocr_carea' id='block_1_33' title="bbox 2049 659 3620 739">
    <p class='ocr_par' dir='ltr' id='par_1_33' title="bbox 2049 659 3620 739">
     <span class='ocr_line' id='line_1_33' title="bbox 2049 659 3620 739; baseline -0.008 -16"><span class='ocrx_word' id='word_1_279' title='bbox 2049 679 2238 724; x_wconf 88' lang='lat' dir='ltr'><strong>vester</strong></span> <span class='ocrx_word' id='word_1_280' title='bbox 2278 680 2445 736; x_wconf 91' lang='lat' dir='ltr'><strong>esset,</strong></span> <span class='ocrx_word' id='word_1_281' title='bbox 2497 668 2794 739; x_wconf 86' lang='lat' dir='ltr'><strong>diligerctis</strong></span> <span class='ocrx_word' id='word_1_282' title='bbox 2847 666 3037 736; x_wconf 90' lang='lat' dir='ltr'><strong>utique</strong></span> <span class='ocrx_word' id='word_1_283' title='bbox 3069 677 3175 718; x_wconf 90' lang='lat' dir='ltr'>me.</span> <span class='ocrx_word' id='word_1_284' title='bbox 3227 662 3339 732; x_wconf 83' lang='lat' dir='ltr'><strong>Ego</strong></span> <span class='ocrx_word' id='word_1_285' title='bbox 3369 659 3511 714; x_wconf 89' lang='lat' dir='ltr'><strong>enim</strong></span> <span class='ocrx_word' id='word_1_286' title='bbox 3555 672 3620 712; x_wconf 74' lang='lat' dir='ltr'><strong>ex</strong></span> 
     </span>
    </p>
   </div>
   <div class='ocr_carea' id='block_1_34' title="bbox 2050 748 3624 829">
    <p class='ocr_par' dir='ltr' id='par_1_34' title="bbox 2050 748 3624 829">
     <span class='ocr_line' id='line_1_34' title="bbox 2050 748 3624 829; baseline -0.009 -14"><span class='ocrx_word' id='word_1_287' title='bbox 2050 760 2160 815; x_wconf 90' lang='lat' dir='ltr'>Deo</span> <span class='ocrx_word' id='word_1_288' title='bbox 2187 762 2458 829; x_wconf 91' lang='lat' dir='ltr'><strong>processi,</strong></span> <span class='ocrx_word' id='word_1_289' title='bbox 2489 769 2542 816; x_wconf 92' lang='lat' dir='ltr'><strong>et</strong></span> <span class='ocrx_word' id='word_1_290' title='bbox 2569 759 2687 812; x_wconf 88' lang='lat' dir='ltr'><strong>veni</strong></span> <span class='ocrx_word' id='word_1_291' title='bbox 2719 774 2732 811; x_wconf 92' lang='lat'><strong>:</strong></span> <span class='ocrx_word' id='word_1_292' title='bbox 2772 773 2946 827; x_wconf 86' lang='lat' dir='ltr'><strong>neque</strong></span> <span class='ocrx_word' id='word_1_293' title='bbox 2994 756 3139 811; x_wconf 91' lang='lat' dir='ltr'><strong>enim</strong></span> <span class='ocrx_word' id='word_1_294' title='bbox 3166 769 3196 809; x_wconf 87' lang='lat' dir='ltr'>a</span> <span class='ocrx_word' id='word_1_295' title='bbox 3227 753 3434 822; x_wconf 86' lang='lat' dir='ltr'><strong>meipso</strong></span> <span class='ocrx_word' id='word_1_296' title='bbox 3476 748 3624 812; x_wconf 89' lang='lat' dir='ltr'><strong>veni,</strong></span> 
     </span>
    </p>
   </div>
   <div class='ocr_carea' id='block_1_35' title="bbox 2051 850 3622 917">
    <p class='ocr_par' dir='ltr' id='par_1_35' title="bbox 2051 850 3622 917">
     <span class='ocr_line' id='line_1_35' title="bbox 2051 850 3622 917; baseline -0.008 -11"><span class='ocrx_word' id='word_1_297' title='bbox 2051 851 2142 907; x_wconf 90' lang='lat' dir='ltr'>sed</span> <span class='ocrx_word' id='word_1_298' title='bbox 2180 852 2267 907; x_wconf 91' lang='lat' dir='ltr'><strong>ille</strong></span> <span class='ocrx_word' id='word_1_299' title='bbox 2299 867 2387 907; x_wconf 91' lang='lat' dir='ltr'><strong>me</strong></span> <span class='ocrx_word' id='word_1_300' title='bbox 2419 852 2584 906; x_wconf 77' lang='lat' dir='ltr'><strong>misit.</strong></span> <span class='ocrx_word' id='word_1_301' title='bbox 2615 850 2795 916; x_wconf 83' lang='lat' dir='ltr'><strong>Quare</strong></span> <span class='ocrx_word' id='word_1_302' title='bbox 2822 850 3086 917; x_wconf 86' lang='lat' dir='ltr'><strong>loquelam</strong></span> <span class='ocrx_word' id='word_1_303' title='bbox 3115 862 3291 901; x_wconf 90' lang='lat' dir='ltr'><strong>meam</strong></span> <span class='ocrx_word' id='word_1_304' title='bbox 3322 858 3426 899; x_wconf 92' lang='lat' dir='ltr'>non</span> <span class='ocrx_word' id='word_1_305' title='bbox 3454 854 3622 912; x_wconf 83' lang='lat' dir='ltr'><strong>agno-</strong></span> 
     </span>
    </p>
   </div>
   <div class='ocr_carea' id='block_1_36' title="bbox 2051 940 3621 1012">
    <p class='ocr_par' dir='ltr' id='par_1_36' title="bbox 2051 940 3621 1012">
     <span class='ocr_line' id='line_1_36' title="bbox 2051 940 3621 1012; baseline -0.011 -12"><span class='ocrx_word' id='word_1_306' title='bbox 2051 945 2226 1000; x_wconf 87' lang='lat' dir='ltr'><strong>scitis?</strong></span> <span class='ocrx_word' id='word_1_307' title='bbox 2257 944 2393 1011; x_wconf 83' lang='lat' dir='ltr'>Quia</span> <span class='ocrx_word' id='word_1_308' title='bbox 2421 957 2524 997; x_wconf 93' lang='lat' dir='ltr'>non</span> <span class='ocrx_word' id='word_1_309' title='bbox 2550 943 2776 1012; x_wconf 87' lang='lat' dir='ltr'><strong>potestis</strong></span> <span class='ocrx_word' id='word_1_310' title='bbox 2811 940 2998 994; x_wconf 86' lang='lat' dir='ltr'><strong>audire</strong></span> <span class='ocrx_word' id='word_1_311' title='bbox 3025 951 3332 993; x_wconf 85' lang='lat' dir='ltr'>sermonem</span> <span class='ocrx_word' id='word_1_312' title='bbox 3361 948 3564 990; x_wconf 83' lang='lat' dir='ltr'><strong>meum.</strong></span> <span class='ocrx_word' id='word_1_313' title='bbox 3600 950 3621 984; x_wconf 74' lang='grc' dir='ltr'>ι</span> 
     </span>
    </p>
   </div>
   <div class='ocr_carea' id='block_1_37' title="bbox 2051 1028 3630 1107">
    <p class='ocr_par' dir='ltr' id='par_1_37' title="bbox 2051 1028 3630 1107">
     <span class='ocr_line' id='line_1_37' title="bbox 2051 1028 3630 1107; baseline -0.007 -15"><span class='ocrx_word' id='word_1_314' title='bbox 2051 1035 2340 1107; x_wconf 84' lang='lat' dir='ltr'><strong>Postquam</strong></span> <span class='ocrx_word' id='word_1_315' title='bbox 2373 1036 2531 1105; x_wconf 73' lang='lat' dir='ltr'><strong>ejecit</strong></span> <span class='ocrx_word' id='word_1_316' title='bbox 2564 1050 2657 1090; x_wconf 91' lang='lat' dir='ltr'>eos</span> <span class='ocrx_word' id='word_1_317' title='bbox 2684 1049 2712 1086; x_wconf 90' lang='lat' dir='ltr'>a</span> <span class='ocrx_word' id='word_1_318' title='bbox 2747 1032 2945 1086; x_wconf 79' lang='lat' dir='ltr'><strong>fattiilia</strong></span> <span class='ocrx_word' id='word_1_319' title='bbox 2971 1030 3226 1095; x_wconf 84' lang='lat' dir='ltr'><strong>Abrahae,</strong></span> <span class='ocrx_word' id='word_1_320' title='bbox 3254 1029 3353 1098; x_wconf 85' lang='lat' dir='ltr'><strong>ipsi</strong></span> <span class='ocrx_word' id='word_1_321' title='bbox 3393 1028 3445 1081; x_wconf 93' lang='lat' dir='ltr'>in</span> <span class='ocrx_word' id='word_1_322' title='bbox 3475 1039 3630 1081; x_wconf 84' lang='lat' dir='ltr'><strong>arro-</strong></span> 
     </span>
    </p>
   </div>
   <div class='ocr_carea' id='block_1_38' title="bbox 2052 1121 3621 1201">
    <p class='ocr_par' dir='ltr' id='par_1_38' title="bbox 2052 1121 3621 1201">
     <span class='ocr_line' id='line_1_38' title="bbox 2052 1121 3621 1201; baseline -0.008 -20"><span class='ocrx_word' id='word_1_323' title='bbox 2052 1128 2232 1201; x_wconf 88' lang='lat' dir='ltr'><strong>gautia</strong></span> <span class='ocrx_word' id='word_1_324' title='bbox 2271 1127 2637 1194; x_wconf 78' lang='lat' dir='ltr'><strong>proﬁcientes,</strong></span> <span class='ocrx_word' id='word_1_325' title='bbox 2698 1123 2906 1178; x_wconf 83' lang='lat' dir='ltr'><strong>faciunt</strong></span> <span class='ocrx_word' id='word_1_326' title='bbox 2974 1121 3141 1175; x_wconf 84' lang='lat' dir='ltr'><strong>Deum</strong></span> <span class='ocrx_word' id='word_1_327' title='bbox 3188 1128 3393 1189; x_wconf 78' lang='lat' dir='ltr'><strong>patrem</strong></span> <span class='ocrx_word' id='word_1_328' title='bbox 3437 1129 3621 1171; x_wconf 80' lang='lat' dir='ltr'><strong>suum.</strong></span> 
     </span>
    </p>
   </div>
   <div class='ocr_carea' id='block_1_39' title="bbox 2057 1212 3622 1289">
    <p class='ocr_par' dir='ltr' id='par_1_39' title="bbox 2057 1212 3622 1289">
     <span class='ocr_line' id='line_1_39' title="bbox 2057 1212 3622 1289; baseline -0.01 -10"><span class='ocrx_word' id='word_1_329' title='bbox 2057 1222 2155 1279; x_wconf 87' lang='lat' dir='ltr'><strong>Ubi</strong></span> <span class='ocrx_word' id='word_1_330' title='bbox 2187 1221 2328 1276; x_wconf 89' lang='lat' dir='ltr'><strong>enim</strong></span> <span class='ocrx_word' id='word_1_331' title='bbox 2365 1220 2713 1289; x_wconf 88' lang='lat' dir='ltr'><strong>opprobravit</strong></span> <span class='ocrx_word' id='word_1_332' title='bbox 2775 1217 2855 1272; x_wconf 92' lang='lat' dir='ltr'>eis</span> <span class='ocrx_word' id='word_1_333' title='bbox 2877 1216 3019 1286; x_wconf 88' lang='lat' dir='ltr'><strong>quod</strong></span> <span class='ocrx_word' id='word_1_334' title='bbox 3080 1212 3362 1268; x_wconf 73' lang='lat' dir='ltr'>homicida:</span> <span class='ocrx_word' id='word_1_335' title='bbox 3414 1216 3622 1272; x_wconf 88' lang='lat' dir='ltr'><strong>essent,</strong></span> 
     </span>
    </p>
   </div>
   <div class='ocr_carea' id='block_1_40' title="bbox 2054 1302 3632 1384">
    <p class='ocr_par' dir='ltr' id='par_1_40' title="bbox 2054 1302 3632 1384">
     <span class='ocr_line' id='line_1_40' title="bbox 2054 1302 3632 1384; baseline -0.008 -15"><span class='ocrx_word' id='word_1_336' title='bbox 2054 1313 2153 1384; x_wconf 88' lang='lat' dir='ltr'><strong>ipsi</strong></span> <span class='ocrx_word' id='word_1_337' title='bbox 2187 1329 2284 1383; x_wconf 90' lang='lat' dir='ltr'>pro</span> <span class='ocrx_word' id='word_1_338' title='bbox 2313 1313 2624 1369; x_wconf 79' lang='lat' dir='ltr'>defensione</span> <span class='ocrx_word' id='word_1_339' title='bbox 2680 1311 2912 1365; x_wconf 76' lang='lat' dir='ltr'><strong>ail’erunt</strong></span> <span class='ocrx_word' id='word_1_340' title='bbox 2947 1308 3088 1377; x_wconf 90' lang='lat' dir='ltr'><strong>quod</strong></span> <span class='ocrx_word' id='word_1_341' title='bbox 3135 1302 3300 1362; x_wconf 47' lang='lat' dir='ltr'><strong>D‘eum</strong></span> <span class='ocrx_word' id='word_1_342' title='bbox 3333 1305 3632 1370; x_wconf 85' lang='lat' dir='ltr'><strong>vindicent,</strong></span> 
     </span>
    </p>
   </div>
   <div class='ocr_carea' id='block_1_41' title="bbox 2053 1398 3629 1478">
    <p class='ocr_par' dir='ltr' id='par_1_41' title="bbox 2053 1398 3629 1478">
     <span class='ocr_line' id='line_1_41' title="bbox 2053 1398 3629 1478; baseline -0.006 -16"><span class='ocrx_word' id='word_1_343' title='bbox 2053 1418 2102 1464; x_wconf 90' lang='lat' dir='ltr'><strong>et</strong></span> <span class='ocrx_word' id='word_1_344' title='bbox 2124 1416 2405 1478; x_wconf 82' lang='lat' dir='ltr'>propterea</span> <span class='ocrx_word' id='word_1_345' title='bbox 2435 1404 2739 1461; x_wconf 82' lang='lat' dir='ltr'>consultant</span> <span class='ocrx_word' id='word_1_346' title='bbox 2766 1414 2950 1457; x_wconf 86' lang='lat' dir='ltr'><strong>contra</strong></span> <span class='ocrx_word' id='word_1_347' title='bbox 2985 1416 3132 1463; x_wconf 90' lang='lat' dir='ltr'><strong>eum,</strong></span> <span class='ocrx_word' id='word_1_348' title='bbox 3161 1410 3215 1454; x_wconf 91' lang='lat' dir='ltr'>et</span> <span class='ocrx_word' id='word_1_349' title='bbox 3256 1398 3382 1453; x_wconf 89' lang='lat' dir='ltr'><strong>talia</strong></span> <span class='ocrx_word' id='word_1_350' title='bbox 3415 1399 3629 1454; x_wconf 88' lang='lat' dir='ltr'><strong>dicunt.</strong></span> 
     </span>
    </p>
   </div>
   <div class='ocr_carea' id='block_1_42' title="bbox 2055 1486 3627 1561">
    <p class='ocr_par' dir='ltr' id='par_1_42' title="bbox 2055 1486 3627 1561">
     <span class='ocr_line' id='line_1_42' title="bbox 2055 1486 3627 1561; baseline -0.007 -9"><span class='ocrx_word' id='word_1_351' title='bbox 2055 1496 2180 1552; x_wconf 85' lang='lat' dir='ltr'><strong>Ideo</strong></span> <span class='ocrx_word' id='word_1_352' title='bbox 2211 1504 2266 1551; x_wconf 89' lang='lat' dir='ltr'>et</span> <span class='ocrx_word' id='word_1_353' title='bbox 2303 1494 2559 1551; x_wconf 83' lang='lat' dir='ltr'><strong>Dominus</strong></span> <span class='ocrx_word' id='word_1_354' title='bbox 2594 1502 2901 1549; x_wconf 88' lang='lat' dir='ltr'><strong>monstrans</strong></span> <span class='ocrx_word' id='word_1_355' title='bbox 2941 1493 3082 1561; x_wconf 85' lang='lat' dir='ltr'><strong>quod</strong></span> <span class='ocrx_word' id='word_1_356' title='bbox 3112 1489 3267 1559; x_wconf 89' lang='lat' dir='ltr'><strong>plane</strong></span> <span class='ocrx_word' id='word_1_357' title='bbox 3299 1504 3404 1543; x_wconf 91' lang='lat' dir='ltr'>non</span> <span class='ocrx_word' id='word_1_358' title='bbox 3457 1486 3627 1541; x_wconf 82' lang='lat' dir='ltr'><strong>Deum</strong></span> 
     </span>
    </p>
   </div>
   <div class='ocr_carea' id='block_1_43' title="bbox 2054 1579 3628 1658">
    <p class='ocr_par' dir='ltr' id='par_1_43' title="bbox 2054 1579 3628 1658">
     <span class='ocr_line' id='line_1_43' title="bbox 2054 1579 3628 1658; baseline -0.008 -15"><span class='ocrx_word' id='word_1_359' title='bbox 2054 1589 2351 1652; x_wconf 90' lang='lat' dir='ltr'><strong>vindicent,</strong></span> <span class='ocrx_word' id='word_1_360' title='bbox 2384 1602 2559 1658; x_wconf 85' lang='lat' dir='ltr'><strong>neque</strong></span> <span class='ocrx_word' id='word_1_361' title='bbox 2604 1585 2698 1640; x_wconf 77' lang='lat' dir='ltr'><strong>[iiii</strong></span> <span class='ocrx_word' id='word_1_362' title='bbox 2758 1587 2865 1640; x_wconf 90' lang='lat' dir='ltr'><strong>sint</strong></span> <span class='ocrx_word' id='word_1_363' title='bbox 2894 1584 3009 1650; x_wconf 85' lang='lat' dir='ltr'><strong>Dei,</strong></span> <span class='ocrx_word' id='word_1_364' title='bbox 3055 1580 3376 1635; x_wconf 83' lang='lat' dir='ltr'><strong>meditantes</strong></span> <span class='ocrx_word' id='word_1_365' title='bbox 3429 1579 3628 1632; x_wconf 59' lang='lat' dir='ltr'><strong>eadem</strong></span> 
     </span>
    </p>
   </div>
   <div class='ocr_carea' id='block_1_44' title="bbox 2056 1670 3633 1744">
    <p class='ocr_par' dir='ltr' id='par_1_44' title="bbox 2056 1670 3633 1744">
     <span class='ocr_line' id='line_1_44' title="bbox 2056 1670 3633 1744; baseline -0.008 -7"><span class='ocrx_word' id='word_1_366' title='bbox 2056 1689 2239 1737; x_wconf 89' lang='lat' dir='ltr'><strong>contra</strong></span> <span class='ocrx_word' id='word_1_367' title='bbox 2271 1695 2350 1744; x_wconf 91' lang='lat' dir='ltr'><strong>se,</strong></span> <span class='ocrx_word' id='word_1_368' title='bbox 2378 1679 2520 1733; x_wconf 84' lang='lat' dir='ltr'><strong>sicut</strong></span> <span class='ocrx_word' id='word_1_369' title='bbox 2554 1678 2627 1732; x_wconf 88' lang='lat' dir='ltr'><strong>illi</strong></span> <span class='ocrx_word' id='word_1_370' title='bbox 2653 1677 3082 1736; x_wconf 78' lang='lat' dir='ltr'>arbitrabantur,</span> <span class='ocrx_word' id='word_1_371' title='bbox 3117 1675 3209 1729; x_wconf 83' lang='lat' dir='ltr'>sed</span> <span class='ocrx_word' id='word_1_372' title='bbox 3242 1673 3415 1743; x_wconf 74' lang='lat' dir='ltr'><strong>magis</strong></span> <span class='ocrx_word' id='word_1_373' title='bbox 3437 1670 3633 1726; x_wconf 87' lang='lat' dir='ltr'><strong>adver-</strong></span> 
     </span>
    </p>
   </div>
   <div class='ocr_carea' id='block_1_45' title="bbox 2055 1767 3634 1837">
    <p class='ocr_par' dir='ltr' id='par_1_45' title="bbox 2055 1767 3634 1837">
     <span class='ocr_line' id='line_1_45' title="bbox 2055 1767 3634 1837; baseline -0.008 -9"><span class='ocrx_word' id='word_1_374' title='bbox 2055 1775 2157 1828; x_wconf 88' lang='lat' dir='ltr'><strong>sati</strong></span> <span class='ocrx_word' id='word_1_375' title='bbox 2176 1782 2357 1828; x_wconf 88' lang='lat' dir='ltr'><strong>essent</strong></span> <span class='ocrx_word' id='word_1_376' title='bbox 2382 1770 2665 1837; x_wconf 88' lang='lat' dir='ltr'><strong>Deo,dicit</strong></span> <span class='ocrx_word' id='word_1_377' title='bbox 2695 1787 2710 1827; x_wconf 91' lang='lat'>:</span> <span class='ocrx_word' id='word_1_378' title='bbox 2742 1788 2761 1822; x_wconf 77' lang='grc' dir='ltr'>ι</span> <span class='ocrx_word' id='word_1_379' title='bbox 2799 1768 2854 1823; x_wconf 89' lang='lat' dir='ltr'>Si</span> <span class='ocrx_word' id='word_1_380' title='bbox 2874 1767 3024 1822; x_wconf 87' lang='lat' dir='ltr'><strong>Deus</strong></span> <span class='ocrx_word' id='word_1_381' title='bbox 3067 1773 3222 1835; x_wconf 82' lang='lat' dir='ltr'><strong>pater</strong></span> <span class='ocrx_word' id='word_1_382' title='bbox 3252 1774 3436 1819; x_wconf 87' lang='lat' dir='ltr'><strong>vester</strong></span> <span class='ocrx_word' id='word_1_383' title='bbox 3465 1770 3634 1826; x_wconf 80' lang='lat' dir='ltr'><strong>esset,</strong></span> 
     </span>
    </p>
   </div>
   <div class='ocr_carea' id='block_1_46' title="bbox 2060 1846 3639 1936">
    <p class='ocr_par' dir='ltr' id='par_1_46' title="bbox 2060 1846 3639 1936">
     <span class='ocr_line' id='line_1_46' title="bbox 2060 1846 3639 1936; baseline -0.008 -19"><span class='ocrx_word' id='word_1_384' title='bbox 2060 1864 2354 1936; x_wconf 88' lang='lat' dir='ltr'><strong>diligeretis</strong></span> <span class='ocrx_word' id='word_1_385' title='bbox 2399 1878 2513 1919; x_wconf 85' lang='lat' dir='ltr'>me.</span> <span class='ocrx_word' id='word_1_386' title='bbox 2549 1846 2835 1935; x_wconf 29' lang='lat' dir='ltr'><strong>Ego‘enitn</strong></span> <span class='ocrx_word' id='word_1_387' title='bbox 2864 1875 2927 1914; x_wconf 77' lang='lat' dir='ltr'><strong>ex</strong></span> <span class='ocrx_word' id='word_1_388' title='bbox 2962 1859 3069 1913; x_wconf 90' lang='lat' dir='ltr'>Deo</span> <span class='ocrx_word' id='word_1_389' title='bbox 3104 1856 3271 1920; x_wconf 79' lang='lat' dir='ltr'><strong>exivi,</strong></span> <span class='ocrx_word' id='word_1_390' title='bbox 3303 1873 3322 1906; x_wconf 74' lang='grc' dir='ltr'>ι</span> <span class='ocrx_word' id='word_1_391' title='bbox 3375 1854 3431 1908; x_wconf 86' lang='lat' dir='ltr'>in</span> <span class='ocrx_word' id='word_1_392' title='bbox 3477 1866 3639 1906; x_wconf 76' lang='lat' dir='ltr'><strong>mun-</strong></span> 
     </span>
    </p>
   </div>
   <div class='ocr_carea' id='block_1_47' title="bbox 1989 1935 3630 2021">
    <p class='ocr_par' dir='ltr' id='par_1_47' title="bbox 1989 1935 3630 2021">
     <span class='ocr_line' id='line_1_47' title="bbox 1989 1935 3630 2021; baseline -0.007 -12"><span class='ocrx_word' id='word_1_393' title='bbox 1989 1935 2033 1990; x_wconf 78' lang='grc' dir='ltr'><strong>Β</strong></span> <span class='ocrx_word' id='word_1_394' title='bbox 2062 1935 2186 2009; x_wconf 86' lang='lat' dir='ltr'>dum</span> <span class='ocrx_word' id='word_1_395' title='bbox 2228 1953 2499 2018; x_wconf 80' lang='lat' dir='ltr'><strong>videlicet,</strong></span> <span class='ocrx_word' id='word_1_396' title='bbox 2530 1952 2685 2021; x_wconf 80' lang='lat' dir='ltr'><strong>juxta</strong></span> <span class='ocrx_word' id='word_1_397' title='bbox 2719 1953 3008 2008; x_wconf 81' lang='lat' dir='ltr'>adventum</span> <span class='ocrx_word' id='word_1_398' title='bbox 3040 1950 3094 2003; x_wconf 94' lang='lat' dir='ltr'>in</span> <span class='ocrx_word' id='word_1_399' title='bbox 3130 1962 3315 2003; x_wconf 84' lang='lat' dir='ltr'><strong>carne.</strong></span> <span class='ocrx_word' id='word_1_400' title='bbox 3345 1944 3459 1999; x_wconf 80' lang='lat' dir='ltr'><strong>Non</strong></span> <span class='ocrx_word' id='word_1_401' title='bbox 3484 1944 3630 1998; x_wconf 87' lang='lat' dir='ltr'><strong>enim</strong></span> 
     </span>
    </p>
   </div>
   <div class='ocr_carea' id='block_1_48' title="bbox 2059 2036 3637 2113">
    <p class='ocr_par' dir='ltr' id='par_1_48' title="bbox 2059 2036 3637 2113">
     <span class='ocr_line' id='line_1_48' title="bbox 2059 2036 3637 2113; baseline -0.008 -13"><span class='ocrx_word' id='word_1_402' title='bbox 2059 2060 2176 2100; x_wconf 88' lang='lat' dir='ltr'>sum</span> <span class='ocrx_word' id='word_1_403' title='bbox 2203 2044 2551 2100; x_wconf 87' lang='lat' dir='ltr'><strong>adversarius</strong></span> <span class='ocrx_word' id='word_1_404' title='bbox 2607 2045 2741 2107; x_wconf 84' lang='lat' dir='ltr'><strong>Deo,</strong></span> <span class='ocrx_word' id='word_1_405' title='bbox 2774 2059 2803 2096; x_wconf 89' lang='lat' dir='ltr'>a</span> <span class='ocrx_word' id='word_1_406' title='bbox 2835 2057 2941 2113; x_wconf 91' lang='lat' dir='ltr'>quo</span> <span class='ocrx_word' id='word_1_407' title='bbox 2970 2042 3118 2105; x_wconf 86' lang='lat' dir='ltr'><strong>veni,</strong></span> <span class='ocrx_word' id='word_1_408' title='bbox 3146 2047 3201 2094; x_wconf 92' lang='lat' dir='ltr'>et</span> <span class='ocrx_word' id='word_1_409' title='bbox 3250 2039 3323 2091; x_wconf 90' lang='lat' dir='ltr'>ita</span> <span class='ocrx_word' id='word_1_410' title='bbox 3358 2036 3502 2092; x_wconf 88' lang='lat' dir='ltr'><strong>illius</strong></span> <span class='ocrx_word' id='word_1_411' title='bbox 3539 2050 3637 2089; x_wconf 83' lang='lat' dir='ltr'>vos</span> 
     </span>
    </p>
   </div>
   <div class='ocr_carea' id='block_1_49' title="bbox 2060 2131 3637 2204">
    <p class='ocr_par' dir='ltr' id='par_1_49' title="bbox 2060 2131 3637 2204">
     <span class='ocr_line' id='line_1_49' title="bbox 2060 2131 3637 2204; baseline -0.008 -12"><span class='ocrx_word' id='word_1_412' title='bbox 2060 2136 2193 2192; x_wconf 89' lang='lat' dir='ltr'><strong>estis</strong></span> <span class='ocrx_word' id='word_1_413' title='bbox 2243 2135 2475 2201; x_wconf 89' lang='lat' dir='ltr'><strong>inimici,</strong></span> <span class='ocrx_word' id='word_1_414' title='bbox 2502 2150 2590 2190; x_wconf 86' lang='lat' dir='ltr'>me</span> <span class='ocrx_word' id='word_1_415' title='bbox 2639 2136 3036 2204; x_wconf 80' lang='lat' dir='ltr'><strong>impugnautes.</strong></span> <span class='ocrx_word' id='word_1_416' title='bbox 3092 2131 3272 2198; x_wconf 84' lang='lat' dir='ltr'><strong>Quare</strong></span> <span class='ocrx_word' id='word_1_417' title='bbox 3329 2142 3637 2183; x_wconf 81' lang='lat' dir='ltr'><strong>sermonem</strong></span> 
     </span>
    </p>
   </div>
   <div class='ocr_carea' id='block_1_50' title="bbox 2063 2221 3634 2296">
    <p class='ocr_par' dir='ltr' id='par_1_50' title="bbox 2063 2221 3634 2296">
     <span class='ocr_line' id='line_1_50' title="bbox 2063 2221 3634 2296; baseline -0.008 -12"><span class='ocrx_word' id='word_1_418' title='bbox 2063 2243 2240 2284; x_wconf 88' lang='lat' dir='ltr'><strong>meum</strong></span> <span class='ocrx_word' id='word_1_419' title='bbox 2298 2242 2405 2282; x_wconf 89' lang='lat' dir='ltr'>non</span> <span class='ocrx_word' id='word_1_420' title='bbox 2457 2227 2806 2296; x_wconf 85' lang='lat' dir='ltr'><strong>cognoscitis,</strong></span> <span class='ocrx_word' id='word_1_421' title='bbox 2855 2238 3028 2295; x_wconf 77' lang='lat' dir='ltr'><strong>neque</strong></span> <span class='ocrx_word' id='word_1_422' title='bbox 3087 2221 3407 2291; x_wconf 82' lang='lat' dir='ltr'><strong>intelligitis.</strong></span> <span class='ocrx_word' id='word_1_423' title='bbox 3458 2233 3634 2287; x_wconf 89' lang='lat' dir='ltr'><strong>neque</strong></span> 
     </span>
    </p>
   </div>
   <div class='ocr_carea' id='block_1_51' title="bbox 2061 2311 3641 2392">
    <p class='ocr_par' dir='ltr' id='par_1_51' title="bbox 2061 2311 3641 2392">
     <span class='ocr_line' id='line_1_51' title="bbox 2061 2311 3641 2392; baseline -0.009 -14"><span class='ocrx_word' id='word_1_424' title='bbox 2061 2323 2313 2391; x_wconf 81' lang='lat' dir='ltr'><strong>cogitatis</strong></span> <span class='ocrx_word' id='word_1_425' title='bbox 2358 2339 2478 2392; x_wconf 69' lang='lat' dir='ltr'><strong>qua:</strong></span> <span class='ocrx_word' id='word_1_426' title='bbox 2512 2322 2727 2377; x_wconf 85' lang='lat' dir='ltr'><strong>dicam?</strong></span> <span class='ocrx_word' id='word_1_427' title='bbox 2753 2320 2988 2376; x_wconf 90' lang='lat' dir='ltr'><strong>Omnino</strong></span> <span class='ocrx_word' id='word_1_428' title='bbox 3038 2317 3198 2387; x_wconf 87' lang='lat' dir='ltr'><strong>plane</strong></span> <span class='ocrx_word' id='word_1_429' title='bbox 3243 2326 3464 2385; x_wconf 86' lang='lat' dir='ltr'><strong>propter</strong></span> <span class='ocrx_word' id='word_1_430' title='bbox 3507 2311 3641 2366; x_wconf 91' lang='lat' dir='ltr'><strong>nihil</strong></span> 
     </span>
    </p>
   </div>
   <div class='ocr_carea' id='block_1_52' title="bbox 2063 2409 3638 2485">
    <p class='ocr_par' dir='ltr' id='par_1_52' title="bbox 2063 2409 3638 2485">
     <span class='ocr_line' id='line_1_52' title="bbox 2063 2409 3638 2485; baseline -0.006 -19"><span class='ocrx_word' id='word_1_431' title='bbox 2063 2414 2230 2480; x_wconf 87' lang='lat' dir='ltr'><strong>aliud,</strong></span> <span class='ocrx_word' id='word_1_432' title='bbox 2267 2430 2427 2485; x_wconf 89' lang='lat' dir='ltr'><strong>quam</strong></span> <span class='ocrx_word' id='word_1_433' title='bbox 2473 2415 2613 2484; x_wconf 89' lang='lat' dir='ltr'><strong>quod</strong></span> <span class='ocrx_word' id='word_1_434' title='bbox 2663 2428 2768 2467; x_wconf 89' lang='lat' dir='ltr'>non</span> <span class='ocrx_word' id='word_1_435' title='bbox 2811 2411 3042 2481; x_wconf 80' lang='lat' dir='ltr'><strong>potestis</strong></span> <span class='ocrx_word' id='word_1_436' title='bbox 3099 2409 3290 2462; x_wconf 88' lang='lat' dir='ltr'><strong>audire</strong></span> <span class='ocrx_word' id='word_1_437' title='bbox 3325 2418 3638 2460; x_wconf 82' lang='lat' dir='ltr'><strong>sermonem</strong></span> 
     </span>
    </p>
   </div>
   <div class='ocr_carea' id='block_1_53' title="bbox 2062 2500 3640 2572">
    <p class='ocr_par' dir='ltr' id='par_1_53' title="bbox 2062 2500 3640 2572">
     <span class='ocr_line' id='line_1_53' title="bbox 2062 2500 3640 2572; baseline -0.008 -11"><span class='ocrx_word' id='word_1_438' title='bbox 2062 2520 2264 2572; x_wconf 86' lang='lat' dir='ltr'><strong>meum,</strong></span> <span class='ocrx_word' id='word_1_439' title='bbox 2316 2508 2416 2563; x_wconf 85' lang='lat' dir='ltr'>hoc</span> <span class='ocrx_word' id='word_1_440' title='bbox 2449 2517 2553 2572; x_wconf 90' lang='lat' dir='ltr'><strong>est,</strong></span> <span class='ocrx_word' id='word_1_441' title='bbox 2603 2521 2707 2560; x_wconf 92' lang='lat' dir='ltr'>non</span> <span class='ocrx_word' id='word_1_442' title='bbox 2760 2504 2940 2557; x_wconf 83' lang='lat' dir='ltr'><strong>vultis.</strong></span> <span class='ocrx_word' id='word_1_443' title='bbox 2977 2502 3092 2556; x_wconf 80' lang='lat' dir='ltr'><strong>Non</strong></span> <span class='ocrx_word' id='word_1_444' title='bbox 3129 2514 3288 2570; x_wconf 86' lang='lat' dir='ltr'><strong>posse</strong></span> <span class='ocrx_word' id='word_1_445' title='bbox 3340 2500 3506 2562; x_wconf 89' lang='lat' dir='ltr'><strong>enim,</strong></span> <span class='ocrx_word' id='word_1_446' title='bbox 3540 2511 3640 2564; x_wconf 90' lang='lat' dir='ltr'>pro</span> 
     </span>
    </p>
   </div>
   <div class='ocr_carea' id='block_1_54' title="bbox 2064 2588 3639 2669">
    <p class='ocr_par' dir='ltr' id='par_1_54' title="bbox 2064 2588 3639 2669">
     <span class='ocr_line' id='line_1_54' title="bbox 2064 2588 3639 2669; baseline -0.006 -17"><span class='ocrx_word' id='word_1_447' title='bbox 2064 2614 2170 2652; x_wconf 89' lang='lat' dir='ltr'>non</span> <span class='ocrx_word' id='word_1_448' title='bbox 2203 2598 2338 2654; x_wconf 83' lang='lat' dir='ltr'><strong>velle</strong></span> <span class='ocrx_word' id='word_1_449' title='bbox 2393 2600 2609 2669; x_wconf 90' lang='lat' dir='ltr'><strong>ponitur</strong></span> <span class='ocrx_word' id='word_1_450' title='bbox 2644 2616 2657 2652; x_wconf 86' lang='lat'><strong>:</strong></span> <span class='ocrx_word' id='word_1_451' title='bbox 2696 2594 2945 2663; x_wconf 83' lang='lat' dir='ltr'><strong>Quandiu</strong></span> <span class='ocrx_word' id='word_1_452' title='bbox 2980 2593 3121 2648; x_wconf 90' lang='lat' dir='ltr'><strong>enim</strong></span> <span class='ocrx_word' id='word_1_453' title='bbox 3155 2591 3221 2645; x_wconf 38' lang='lat' dir='ltr'><strong>in.</strong></span> <span class='ocrx_word' id='word_1_454' title='bbox 3260 2589 3414 2643; x_wconf 85' lang='lat' dir='ltr'><strong>vobis</strong></span> <span class='ocrx_word' id='word_1_455' title='bbox 3453 2588 3639 2642; x_wconf 87' lang='lat' dir='ltr'><strong>odium</strong></span> 
     </span>
    </p>
   </div>
   <div class='ocr_carea' id='block_1_55' title="bbox 2068 2680 3635 2758">
    <p class='ocr_par' dir='ltr' id='par_1_55' title="bbox 2068 2680 3635 2758">
     <span class='ocr_line' id='line_1_55' title="bbox 2068 2680 3635 2758; baseline -0.005 -16"><span class='ocrx_word' id='word_1_456' title='bbox 2068 2687 2249 2755; x_wconf 75' lang='lat' dir='ltr'><strong>fuerit,</strong></span> <span class='ocrx_word' id='word_1_457' title='bbox 2283 2698 2338 2745; x_wconf 87' lang='lat' dir='ltr'>et</span> <span class='ocrx_word' id='word_1_458' title='bbox 2403 2705 2553 2744; x_wconf 88' lang='lat' dir='ltr'><strong>mens</strong></span> <span class='ocrx_word' id='word_1_459' title='bbox 2618 2688 2988 2758; x_wconf 73' lang='lat' dir='ltr'><strong>sanguinaria,</strong></span> <span class='ocrx_word' id='word_1_460' title='bbox 3057 2683 3326 2753; x_wconf 89' lang='lat' dir='ltr'><strong>quomodo</strong></span> <span class='ocrx_word' id='word_1_461' title='bbox 3385 2680 3635 2751; x_wconf 85' lang='lat' dir='ltr'><strong>poteritis</strong></span> 
     </span>
    </p>
   </div>
   <div class='ocr_carea' id='block_1_56' title="bbox 2075 2780 3160 2854">
    <p class='ocr_par' dir='ltr' id='par_1_56' title="bbox 2075 2780 3160 2854">
     <span class='ocr_line' id='line_1_56' title="bbox 2075 2780 3160 2854; baseline 0 -20"><span class='ocrx_word' id='word_1_462' title='bbox 2075 2781 2263 2837; x_wconf 87' lang='lat' dir='ltr'><strong>audire</strong></span> <span class='ocrx_word' id='word_1_463' title='bbox 2288 2797 2409 2851; x_wconf 69' lang='lat' dir='ltr'>qum</span> <span class='ocrx_word' id='word_1_464' title='bbox 2431 2780 2589 2834; x_wconf 79' lang='lat' dir='ltr'><strong>dico?</strong></span> <span class='ocrx_word' id='word_1_465' title='bbox 3152 2847 3160 2854; x_wconf 31' lang='grc' dir='ltr'><strong><em>ο</em></strong></span> 
     </span>
    </p>
   </div>
   <div class='ocr_carea' id='block_1_57' title="bbox 2134 2862 3639 2936">
    <p class='ocr_par' dir='ltr' id='par_1_57' title="bbox 2134 2862 3639 2936">
     <span class='ocr_line' id='line_1_57' title="bbox 2134 2862 3639 2936; baseline -0.009 -6"><span class='ocrx_word' id='word_1_466' title='bbox 2134 2877 2297 2930; x_wconf 74' lang='lat' dir='ltr'><strong>Vens.</strong></span> <span class='ocrx_word' id='word_1_467' title='bbox 2330 2873 2518 2928; x_wconf 68' lang='lat' dir='ltr'><strong>H45.</strong></span> <span class='ocrx_word' id='word_1_468' title='bbox 2557 2891 2576 2924; x_wconf 84' lang='grc' dir='ltr'>ι</span> <span class='ocrx_word' id='word_1_469' title='bbox 2615 2869 2723 2925; x_wconf 83' lang='lat' dir='ltr'><strong>Vos</strong></span> <span class='ocrx_word' id='word_1_470' title='bbox 2755 2885 2819 2924; x_wconf 76' lang='lat' dir='ltr'><strong>ex</strong></span> <span class='ocrx_word' id='word_1_471' title='bbox 2843 2876 2995 2936; x_wconf 90' lang='lat' dir='ltr'><strong>patre</strong></span> <span class='ocrx_word' id='word_1_472' title='bbox 3024 2864 3240 2922; x_wconf 85' lang='lat' dir='ltr'><strong>diabolo</strong></span> <span class='ocrx_word' id='word_1_473' title='bbox 3271 2864 3429 2928; x_wconf 88' lang='lat' dir='ltr'><strong>estis,</strong></span> <span class='ocrx_word' id='word_1_474' title='bbox 3459 2870 3513 2917; x_wconf 89' lang='lat' dir='ltr'>et</span> <span class='ocrx_word' id='word_1_475' title='bbox 3541 2862 3639 2917; x_wconf 86' lang='lat' dir='ltr'><strong>de-</strong></span> 
     </span>
    </p>
   </div>
   <div class='ocr_carea' id='block_1_58' title="bbox 2064 2954 3639 3035">
    <p class='ocr_par' dir='ltr' id='par_1_58' title="bbox 2064 2954 3639 3035">
     <span class='ocr_line' id='line_1_58' title="bbox 2064 2954 3639 3035; baseline -0.011 -9"><span class='ocrx_word' id='word_1_476' title='bbox 2064 2970 2263 3026; x_wconf 85' lang='lat' dir='ltr'><strong>sideria</strong></span> <span class='ocrx_word' id='word_1_477' title='bbox 2305 2966 2471 3035; x_wconf 84' lang='lat' dir='ltr'><strong>patris</strong></span> <span class='ocrx_word' id='word_1_478' title='bbox 2501 2964 2662 3019; x_wconf 85' lang='lat' dir='ltr'><strong>vestri</strong></span> <span class='ocrx_word' id='word_1_479' title='bbox 2691 2961 2849 3016; x_wconf 83' lang='lat' dir='ltr'><strong>vultis</strong></span> <span class='ocrx_word' id='word_1_480' title='bbox 2881 2959 3083 3015; x_wconf 79' lang='lat' dir='ltr'><strong>facere.</strong></span> <span class='ocrx_word' id='word_1_481' title='bbox 3110 2959 3205 3011; x_wconf 86' lang='lat' dir='ltr'><strong>Ille</strong></span> <span class='ocrx_word' id='word_1_482' title='bbox 3230 2954 3497 3011; x_wconf 88' lang='lat' dir='ltr'><strong>homicida</strong></span> <span class='ocrx_word' id='word_1_483' title='bbox 3518 2961 3639 3008; x_wconf 82' lang='lat' dir='ltr'><strong>erat</strong></span> 
     </span>
    </p>
   </div>
   <div class='ocr_carea' id='block_1_59' title="bbox 2066 3045 3644 3118">
    <p class='ocr_par' dir='ltr' id='par_1_59' title="bbox 2066 3045 3644 3118">
     <span class='ocr_line' id='line_1_59' title="bbox 2066 3045 3644 3118; baseline -0.013 -2"><span class='ocrx_word' id='word_1_484' title='bbox 2066 3062 2134 3116; x_wconf 86' lang='lat' dir='ltr'><strong>ab</strong></span> <span class='ocrx_word' id='word_1_485' title='bbox 2163 3059 2339 3118; x_wconf 87' lang='lat' dir='ltr'><strong>initio,</strong></span> <span class='ocrx_word' id='word_1_486' title='bbox 2374 3066 2430 3108; x_wconf 80' lang='grc' dir='ltr'>(ιι</span> <span class='ocrx_word' id='word_1_487' title='bbox 2463 3057 2515 3108; x_wconf 86' lang='grc' dir='ltr'>ἰιι</span> <span class='ocrx_word' id='word_1_488' title='bbox 2570 3053 2795 3109; x_wconf 82' lang='lat' dir='ltr'><strong>veritate</strong></span> <span class='ocrx_word' id='word_1_489' title='bbox 2841 3064 2946 3104; x_wconf 90' lang='lat' dir='ltr'>non</span> <span class='ocrx_word' id='word_1_490' title='bbox 2998 3047 3169 3106; x_wconf 87' lang='lat' dir='ltr'><strong>stetit,</strong></span> <span class='ocrx_word' id='word_1_491' title='bbox 3204 3047 3329 3115; x_wconf 85' lang='lat' dir='ltr'><strong>quia</strong></span> <span class='ocrx_word' id='word_1_492' title='bbox 3391 3058 3497 3098; x_wconf 87' lang='lat' dir='ltr'>non</span> <span class='ocrx_word' id='word_1_493' title='bbox 3522 3045 3527 3052; x_wconf 86' lang='lat'><em>&#39;</em></span> <span class='ocrx_word' id='word_1_494' title='bbox 3556 3051 3644 3097; x_wconf 87' lang='lat' dir='ltr'>est</span> 
     </span>
    </p>
   </div>
   <div class='ocr_carea' id='block_1_60' title="bbox 2069 3138 3644 3218">
    <p class='ocr_par' dir='ltr' id='par_1_60' title="bbox 2069 3138 3644 3218">
     <span class='ocr_line' id='line_1_60' title="bbox 2069 3138 3644 3218; baseline -0.011 -6"><span class='ocrx_word' id='word_1_495' title='bbox 2069 3158 2270 3211; x_wconf 84' lang='lat' dir='ltr'><strong>veritas</strong></span> <span class='ocrx_word' id='word_1_496' title='bbox 2299 3153 2352 3207; x_wconf 90' lang='lat' dir='ltr'>in</span> <span class='ocrx_word' id='word_1_497' title='bbox 2380 3166 2465 3206; x_wconf 88' lang='lat' dir='ltr'>eo.</span> <span class='ocrx_word' id='word_1_498' title='bbox 2497 3150 2629 3204; x_wconf 89' lang='lat' dir='ltr'>Cum</span> <span class='ocrx_word' id='word_1_499' title='bbox 2657 3146 2898 3218; x_wconf 83' lang='lat' dir='ltr'><strong>loquitur</strong></span> <span class='ocrx_word' id='word_1_500' title='bbox 2921 3142 3288 3204; x_wconf 89' lang='lat' dir='ltr'><strong>mendacium,</strong></span> <span class='ocrx_word' id='word_1_501' title='bbox 3312 3153 3379 3194; x_wconf 84' lang='lat' dir='ltr'><strong>ex</strong></span> <span class='ocrx_word' id='word_1_502' title='bbox 3407 3138 3644 3213; x_wconf 74' lang='lat' dir='ltr'><strong>propriis</strong></span> 
     </span>
    </p>
   </div>
   <div class='ocr_carea' id='block_1_61' title="bbox 383 3234 1961 3325">
    <p class='ocr_par' dir='ltr' id='par_1_61' title="bbox 383 3234 1960 3308">
     <span class='ocr_line' id='line_1_61' title="bbox 383 3234 1960 3308; baseline 0.003 -21"><span class='ocrx_word' id='word_1_503' title='bbox 383 3234 600 3304; x_wconf 79' lang='grc' dir='ltr'>ψεῦδος,</span> <span class='ocrx_word' id='word_1_504' title='bbox 628 3236 691 3288; x_wconf 86' lang='grc' dir='ltr'>ἐκ</span> <span class='ocrx_word' id='word_1_505' title='bbox 716 3234 824 3289; x_wconf 78' lang='grc' dir='ltr'>τῶν</span> <span class='ocrx_word' id='word_1_506' title='bbox 855 3236 1000 3289; x_wconf 79' lang='grc' dir='ltr'>ἰδίων</span> <span class='ocrx_word' id='word_1_507' title='bbox 1034 3235 1206 3299; x_wconf 78' lang='grc' dir='ltr'>λαλεῖ,</span> <span class='ocrx_word' id='word_1_508' title='bbox 1245 3236 1326 3290; x_wconf 87' lang='grc' dir='ltr'>ὅτι</span> <span class='ocrx_word' id='word_1_509' title='bbox 1369 3235 1609 3308; x_wconf 71' lang='grc' dir='ltr'>ψεύστης</span> <span class='ocrx_word' id='word_1_510' title='bbox 1636 3237 1778 3301; x_wconf 66' lang='grc' dir='ltr'>ἐστὶ,</span> <span class='ocrx_word' id='word_1_511' title='bbox 1802 3238 1895 3291; x_wconf 76' lang='grc' dir='ltr'>καὶ</span> <span class='ocrx_word' id='word_1_512' title='bbox 1932 3237 1960 3290; x_wconf 84' lang='grc' dir='ltr'>ὁ</span> 
     </span>
    </p>
   </div>
   <div class='ocr_carea' id='block_1_62' title="bbox 2061 3234 3645 3325">
    <p class='ocr_par' dir='ltr' id='par_1_62' title="bbox 2067 3235 3645 3314">
     <span class='ocr_line' id='line_1_62' title="bbox 2067 3235 3645 3314; baseline -0.011 -14"><span class='ocrx_word' id='word_1_513' title='bbox 2067 3245 2339 3314; x_wconf 81' lang='lat' dir='ltr'><strong>loquitur,</strong></span> <span class='ocrx_word' id='word_1_514' title='bbox 2373 3241 2498 3311; x_wconf 87' lang='lat' dir='ltr'><strong>quia</strong></span> <span class='ocrx_word' id='word_1_515' title='bbox 2561 3237 2797 3292; x_wconf 86' lang='lat' dir='ltr'><strong>mendax</strong></span> <span class='ocrx_word' id='word_1_516' title='bbox 2858 3244 2966 3298; x_wconf 84' lang='lat' dir='ltr'><strong>est,</strong></span> <span class='ocrx_word' id='word_1_517' title='bbox 3003 3243 3058 3287; x_wconf 89' lang='lat' dir='ltr'>et</span> <span class='ocrx_word' id='word_1_518' title='bbox 3111 3242 3267 3306; x_wconf 85' lang='lat' dir='ltr'><strong>pater</strong></span> <span class='ocrx_word' id='word_1_519' title='bbox 3324 3235 3438 3303; x_wconf 90' lang='lat' dir='ltr'><strong>ejus</strong></span> <span class='ocrx_word' id='word_1_520' title='bbox 3490 3246 3645 3303; x_wconf 84' lang='lat' dir='ltr'><strong>:ego</strong></span> 
     </span>
    </p>
   </div>
   <div class='ocr_carea' id='block_1_63' title="bbox 386 3326 1963 3400">
    <p class='ocr_par' dir='ltr' id='par_1_63' title="bbox 386 3326 1963 3400">
     <span class='ocr_line' id='line_1_63' title="bbox 386 3326 1963 3400; baseline 0.004 -20"><span class='ocrx_word' id='word_1_521' title='bbox 386 3326 570 3398; x_wconf 79' lang='grc' dir='ltr'>πατὴρ</span> <span class='ocrx_word' id='word_1_522' title='bbox 606 3327 793 3382; x_wconf 79' lang='grc' dir='ltr'>αὑτοῦ.</span> <span class='ocrx_word' id='word_1_523' title='bbox 838 3326 978 3397; x_wconf 85' lang='grc' dir='ltr'>Ἐγὼ</span> <span class='ocrx_word' id='word_1_524' title='bbox 1014 3327 1070 3382; x_wconf 76' lang='grc' dir='ltr'>δὲ</span> <span class='ocrx_word' id='word_1_525' title='bbox 1096 3328 1178 3380; x_wconf 81' lang='grc' dir='ltr'>ὅτι</span> <span class='ocrx_word' id='word_1_526' title='bbox 1205 3326 1302 3399; x_wconf 77' lang='grc' dir='ltr'>τὴν</span> <span class='ocrx_word' id='word_1_527' title='bbox 1319 3327 1577 3400; x_wconf 85' lang='grc' dir='ltr'>ἀλήθειαν</span> <span class='ocrx_word' id='word_1_528' title='bbox 1623 3329 1853 3398; x_wconf 79' lang='grc' dir='ltr'>λέγω,ού</span> <span class='ocrx_word' id='word_1_529' title='bbox 1872 3348 1963 3387; x_wconf 55' lang='grc' dir='ltr'>πιδ-</span> 
     </span>
    </p>
   </div>
   <div class='ocr_carea' id='block_1_64' title="bbox 389 3417 1964 3493">
    <p class='ocr_par' dir='ltr' id='par_1_64' title="bbox 389 3417 1964 3493">
     <span class='ocr_line' id='line_1_64' title="bbox 389 3417 1964 3493; baseline -0.001 -16"><span class='ocrx_word' id='word_1_530' title='bbox 389 3422 607 3477; x_wconf 79' lang='grc' dir='ltr'>στεύετέ</span> <span class='ocrx_word' id='word_1_531' title='bbox 641 3440 752 3493; x_wconf 88' lang='grc' dir='ltr'>μοι.</span> <span class='ocrx_word' id='word_1_532' title='bbox 768 3442 785 3475; x_wconf 82' lang='grc' dir='ltr'>ι</span> <span class='ocrx_word' id='word_1_533' title='bbox 821 3417 986 3477; x_wconf 75' lang='grc' dir='ltr'>Εἶπεν</span> <span class='ocrx_word' id='word_1_534' title='bbox 1004 3464 1019 3489; x_wconf 90' lang='grc'>,</span> <span class='ocrx_word' id='word_1_535' title='bbox 1038 3423 1120 3476; x_wconf 84' lang='grc' dir='ltr'>ὅτι</span> <span class='ocrx_word' id='word_1_536' title='bbox 1145 3441 1165 3474; x_wconf 76' lang='grc' dir='ltr'>ι</span> <span class='ocrx_word' id='word_1_537' title='bbox 1195 3423 1269 3476; x_wconf 82' lang='grc' dir='ltr'>Οὐ</span> <span class='ocrx_word' id='word_1_538' title='bbox 1290 3421 1518 3476; x_wconf 89' lang='grc' dir='ltr'>δύνασθε</span> <span class='ocrx_word' id='word_1_539' title='bbox 1539 3422 1758 3476; x_wconf 81' lang='grc' dir='ltr'>ἀκούειν</span> <span class='ocrx_word' id='word_1_540' title='bbox 1774 3424 1863 3476; x_wconf 86' lang='grc' dir='ltr'>τὸν</span> <span class='ocrx_word' id='word_1_541' title='bbox 1877 3422 1964 3477; x_wconf 74' lang='grc' dir='ltr'>λόο</span> 
     </span>
    </p>
   </div>
   <div class='ocr_carea' id='block_1_65' title="bbox 387 3511 1965 3587">
    <p class='ocr_par' dir='ltr' id='par_1_65' title="bbox 387 3511 1965 3587">
     <span class='ocr_line' id='line_1_65' title="bbox 387 3511 1965 3587; baseline 0 -20"><span class='ocrx_word' id='word_1_542' title='bbox 387 3531 482 3583; x_wconf 90' lang='grc' dir='ltr'>γον</span> <span class='ocrx_word' id='word_1_543' title='bbox 506 3531 607 3585; x_wconf 82' lang='grc' dir='ltr'>μου</span> <span class='ocrx_word' id='word_1_544' title='bbox 626 3515 800 3581; x_wconf 75' lang='grc' dir='ltr'>,ιάντὶ</span> <span class='ocrx_word' id='word_1_545' title='bbox 825 3513 942 3581; x_wconf 91' lang='grc' dir='ltr'>τοῦ,</span> <span class='ocrx_word' id='word_1_546' title='bbox 967 3515 1042 3568; x_wconf 82' lang='grc' dir='ltr'>Οὐ</span> <span class='ocrx_word' id='word_1_547' title='bbox 1074 3513 1349 3585; x_wconf 84' lang='grc' dir='ltr'>βούλεσθε.</span> <span class='ocrx_word' id='word_1_548' title='bbox 1381 3511 1514 3568; x_wconf 82' lang='grc' dir='ltr'>Εἶτα</span> <span class='ocrx_word' id='word_1_549' title='bbox 1534 3513 1730 3581; x_wconf 78' lang='grc' dir='ltr'>ἐπάγει</span> <span class='ocrx_word' id='word_1_550' title='bbox 1751 3515 1842 3568; x_wconf 84' lang='grc' dir='ltr'>καὶ</span> <span class='ocrx_word' id='word_1_551' title='bbox 1867 3513 1965 3587; x_wconf 82' lang='grc' dir='ltr'>τὴν</span> 
     </span>
    </p>
   </div>
   <div class='ocr_carea' id='block_1_66' title="bbox 387 3606 1968 3678">
    <p class='ocr_par' dir='ltr' id='par_1_66' title="bbox 387 3606 1968 3678">
     <span class='ocr_line' id='line_1_66' title="bbox 387 3606 1968 3678; baseline -0.003 -14"><span class='ocrx_word' id='word_1_552' title='bbox 387 3609 589 3674; x_wconf 68' lang='grc' dir='ltr'>αἰτίαν,</span> <span class='ocrx_word' id='word_1_553' title='bbox 612 3606 755 3662; x_wconf 80' lang='grc' dir='ltr'>διατι</span> <span class='ocrx_word' id='word_1_554' title='bbox 770 3608 869 3661; x_wconf 76' lang='grc' dir='ltr'>οὐκ</span> <span class='ocrx_word' id='word_1_555' title='bbox 886 3606 1194 3678; x_wconf 72' lang='grc' dir='ltr'>ἠϐούλοντο·</span> <span class='ocrx_word' id='word_1_556' title='bbox 1212 3607 1357 3661; x_wconf 84' lang='grc' dir='ltr'>Διότι</span> <span class='ocrx_word' id='word_1_557' title='bbox 1374 3608 1436 3660; x_wconf 83' lang='grc' dir='ltr'>ἐκ</span> <span class='ocrx_word' id='word_1_558' title='bbox 1448 3606 1542 3660; x_wconf 90' lang='grc' dir='ltr'>τοῦ</span> <span class='ocrx_word' id='word_1_559' title='bbox 1560 3607 1763 3676; x_wconf 84' lang='grc' dir='ltr'>πατρὸς</span> <span class='ocrx_word' id='word_1_560' title='bbox 1781 3606 1872 3660; x_wconf 84' lang='grc' dir='ltr'>τοῦ</span> <span class='ocrx_word' id='word_1_561' title='bbox 1890 3610 1968 3661; x_wconf 79' lang='lat'>0!-</span> 
     </span>
    </p>
   </div>
   <div class='ocr_carea' id='block_1_67' title="bbox 389 3700 1966 3771">
    <p class='ocr_par' dir='ltr' id='par_1_67' title="bbox 389 3700 1966 3771">
     <span class='ocr_line' id='line_1_67' title="bbox 389 3700 1966 3771; baseline -0.001 -16"><span class='ocrx_word' id='word_1_562' title='bbox 389 3702 539 3755; x_wconf 84' lang='grc' dir='ltr'>κείου</span> <span class='ocrx_word' id='word_1_563' title='bbox 571 3702 700 3771; x_wconf 81' lang='grc' dir='ltr'>ὑμῖν</span> <span class='ocrx_word' id='word_1_564' title='bbox 731 3702 855 3754; x_wconf 87' lang='grc' dir='ltr'>ἐστε</span> <span class='ocrx_word' id='word_1_565' title='bbox 877 3718 893 3732; x_wconf 92' lang='grc'><strong>·</strong></span> <span class='ocrx_word' id='word_1_566' title='bbox 926 3700 1103 3762; x_wconf 83' lang='grc' dir='ltr'>ποίου,</span> <span class='ocrx_word' id='word_1_567' title='bbox 1133 3702 1310 3770; x_wconf 74' lang='grc' dir='ltr'>λέγως</span> <span class='ocrx_word' id='word_1_568' title='bbox 1343 3700 1435 3754; x_wconf 88' lang='grc' dir='ltr'>τοῦ</span> <span class='ocrx_word' id='word_1_569' title='bbox 1466 3701 1738 3755; x_wconf 79' lang='grc' dir='ltr'>διαϐόλου.</span> <span class='ocrx_word' id='word_1_570' title='bbox 1777 3701 1966 3771; x_wconf 81' lang='grc' dir='ltr'>Ὑμεῖς</span> 
     </span>
    </p>
   </div>
   <div class='ocr_carea' id='block_1_68' title="bbox 393 3791 1966 3865">
    <p class='ocr_par' dir='ltr' id='par_1_68' title="bbox 393 3791 1966 3865">
     <span class='ocr_line' id='line_1_68' title="bbox 393 3791 1966 3865; baseline 0 -19"><span class='ocrx_word' id='word_1_571' title='bbox 393 3793 493 3865; x_wconf 77' lang='grc' dir='ltr'>μὲν</span> <span class='ocrx_word' id='word_1_572' title='bbox 513 3794 621 3864; x_wconf 79' lang='grc' dir='ltr'>γάρ</span> <span class='ocrx_word' id='word_1_573' title='bbox 643 3792 733 3846; x_wconf 86' lang='grc' dir='ltr'>τὸν</span> <span class='ocrx_word' id='word_1_574' title='bbox 757 3791 889 3845; x_wconf 80' lang='grc' dir='ltr'>Θε“.ν</span> <span class='ocrx_word' id='word_1_575' title='bbox 911 3792 1124 3855; x_wconf 76' lang='grc' dir='ltr'>ἑαυτοῖς</span> <span class='ocrx_word' id='word_1_576' title='bbox 1154 3793 1361 3863; x_wconf 79' lang='grc' dir='ltr'>πατέρα</span> <span class='ocrx_word' id='word_1_577' title='bbox 1400 3793 1820 3863; x_wconf 78' lang='grc' dir='ltr'>ἀπονενοημένοι</span> <span class='ocrx_word' id='word_1_578' title='bbox 1845 3795 1966 3846; x_wconf 85' lang='grc' dir='ltr'>ἐπι-</span> 
     </span>
    </p>
   </div>
   <div class='ocr_carea' id='block_1_69' title="bbox 389 3884 1967 3957">
    <p class='ocr_par' dir='ltr' id='par_1_69' title="bbox 389 3884 1967 3957">
     <span class='ocr_line' id='line_1_69' title="bbox 389 3884 1967 3957; baseline -0.001 -18"><span class='ocrx_word' id='word_1_579' title='bbox 389 3886 666 3955; x_wconf 74' lang='grc' dir='ltr'>γράφεσθε</span> <span class='ocrx_word' id='word_1_580' title='bbox 684 3902 695 3913; x_wconf 90' lang='grc'><strong>·</strong></span> <span class='ocrx_word' id='word_1_581' title='bbox 722 3885 790 3939; x_wconf 85' lang='grc' dir='ltr'>τά</span> <span class='ocrx_word' id='word_1_582' title='bbox 814 3886 869 3939; x_wconf 83' lang='grc' dir='ltr'>δέ</span> <span class='ocrx_word' id='word_1_583' title='bbox 897 3884 1033 3956; x_wconf 80' lang='grc' dir='ltr'>ἔργα</span> <span class='ocrx_word' id='word_1_584' title='bbox 1059 3885 1236 3956; x_wconf 84' lang='grc' dir='ltr'>ὑμῶν·</span> <span class='ocrx_word' id='word_1_585' title='bbox 1262 3886 1351 3939; x_wconf 86' lang='grc' dir='ltr'>τὸν</span> <span class='ocrx_word' id='word_1_586' title='bbox 1373 3885 1620 3940; x_wconf 85' lang='grc' dir='ltr'>διάϐολον</span> <span class='ocrx_word' id='word_1_587' title='bbox 1644 3887 1772 3956; x_wconf 81' lang='grc' dir='ltr'>ὑμῖν</span> <span class='ocrx_word' id='word_1_588' title='bbox 1796 3902 1967 3957; x_wconf 80' lang='grc' dir='ltr'>προσ-</span> 
     </span>
    </p>
   </div>
   <div class='ocr_carea' id='block_1_70' title="bbox 395 3976 1962 4049">
    <p class='ocr_par' dir='ltr' id='par_1_70' title="bbox 395 3976 1962 4049">
     <span class='ocr_line' id='line_1_70' title="bbox 395 3976 1962 4049; baseline 0 -19"><span class='ocrx_word' id='word_1_589' title='bbox 395 3977 662 4048; x_wconf 72' lang='grc' dir='ltr'>μαρτυρεῖ</span> <span class='ocrx_word' id='word_1_590' title='bbox 688 3977 899 4043; x_wconf 80' lang='grc' dir='ltr'>πατέρα</span> <span class='ocrx_word' id='word_1_591' title='bbox 929 3976 1293 4048; x_wconf 79' lang='grc' dir='ltr'>γνησιώτερον</span> <span class='ocrx_word' id='word_1_592' title='bbox 1319 3991 1334 4007; x_wconf 89' lang='lat'><strong>&#39;</strong></span> <span class='ocrx_word' id='word_1_593' title='bbox 1368 3976 1557 4031; x_wconf 83' lang='grc' dir='ltr'>τούτου</span> <span class='ocrx_word' id='word_1_594' title='bbox 1584 3978 1691 4049; x_wconf 74' lang='grc' dir='ltr'>γὰρ</span> <span class='ocrx_word' id='word_1_595' title='bbox 1715 3978 1814 4040; x_wconf 81' lang='grc' dir='ltr'>τὰς</span> <span class='ocrx_word' id='word_1_596' title='bbox 1843 3979 1962 4030; x_wconf 76' lang='grc' dir='ltr'>ἐπι-</span> 
     </span>
    </p>
   </div>
   <div class='ocr_carea' id='block_1_71' title="bbox 392 4065 1960 4141">
    <p class='ocr_par' dir='ltr' id='par_1_71' title="bbox 392 4065 1960 4141">
     <span class='ocr_line' id='line_1_71' title="bbox 392 4065 1960 4141; baseline -0.001 -19"><span class='ocrx_word' id='word_1_597' title='bbox 392 4067 594 4136; x_wconf 82' lang='grc' dir='ltr'>θυμίας</span> <span class='ocrx_word' id='word_1_598' title='bbox 625 4065 808 4121; x_wconf 89' lang='grc' dir='ltr'>θέλετε</span> <span class='ocrx_word' id='word_1_599' title='bbox 841 4069 1036 4121; x_wconf 88' lang='grc' dir='ltr'>ποιεῖν·</span> <span class='ocrx_word' id='word_1_600' title='bbox 1073 4069 1180 4120; x_wconf 76' lang='grc' dir='ltr'>Καὶ</span> <span class='ocrx_word' id='word_1_601' title='bbox 1211 4069 1311 4121; x_wconf 81' lang='grc' dir='ltr'>οὐκ</span> <span class='ocrx_word' id='word_1_602' title='bbox 1342 4065 1485 4133; x_wconf 85' lang='grc' dir='ltr'>εἷπε,</span> <span class='ocrx_word' id='word_1_603' title='bbox 1510 4069 1591 4122; x_wconf 81' lang='grc' dir='ltr'>Τὰ</span> <span class='ocrx_word' id='word_1_604' title='bbox 1620 4069 1780 4141; x_wconf 82' lang='grc' dir='ltr'>ἔργα,</span> <span class='ocrx_word' id='word_1_605' title='bbox 1806 4069 1960 4134; x_wconf 78' lang='grc' dir='ltr'>ἀλλὰ,</span> 
     </span>
    </p>
   </div>
   <div class='ocr_carea' id='block_1_72' title="bbox 397 4156 1962 4230">
    <p class='ocr_par' dir='ltr' id='par_1_72' title="bbox 397 4156 1962 4230">
     <span class='ocr_line' id='line_1_72' title="bbox 397 4156 1962 4230; baseline 0.002 -20"><span class='ocrx_word' id='word_1_606' title='bbox 397 4175 418 4210; x_wconf 76' lang='grc' dir='ltr'>ι</span> <span class='ocrx_word' id='word_1_607' title='bbox 457 4156 569 4221; x_wconf 83' lang='grc' dir='ltr'>Τάς</span> <span class='ocrx_word' id='word_1_608' title='bbox 604 4157 935 4227; x_wconf 85' lang='grc' dir='ltr'>ἐπιθυμίας,</span> <span class='ocrx_word' id='word_1_609' title='bbox 978 4176 995 4207; x_wconf 77' lang='grc' dir='ltr'>ι</span> <span class='ocrx_word' id='word_1_610' title='bbox 1037 4157 1246 4220; x_wconf 80' lang='grc' dir='ltr'>δεικνὺς</span> <span class='ocrx_word' id='word_1_611' title='bbox 1281 4158 1362 4212; x_wconf 85' lang='grc' dir='ltr'>ὃτι</span> <span class='ocrx_word' id='word_1_612' title='bbox 1398 4158 1604 4230; x_wconf 77' lang='grc' dir='ltr'>σφόδρα</span> <span class='ocrx_word' id='word_1_613' title='bbox 1635 4159 1962 4230; x_wconf 79' lang='grc' dir='ltr'>ἐπιθυμητι-</span> 
     </span>
    </p>
   </div>
   <div class='ocr_carea' id='block_1_73' title="bbox 391 4249 1964 4322">
    <p class='ocr_par' dir='ltr' id='par_1_73' title="bbox 391 4249 1964 4322">
     <span class='ocr_line' id='line_1_73' title="bbox 391 4249 1964 4322; baseline 0.001 -17"><span class='ocrx_word' id='word_1_614' title='bbox 391 4251 504 4315; x_wconf 84' lang='grc' dir='ltr'>κῶς</span> <span class='ocrx_word' id='word_1_615' title='bbox 546 4249 807 4304; x_wconf 83' lang='grc' dir='ltr'>διέκειντο</span> <span class='ocrx_word' id='word_1_616' title='bbox 847 4250 972 4319; x_wconf 84' lang='grc' dir='ltr'>περί</span> <span class='ocrx_word' id='word_1_617' title='bbox 1011 4266 1081 4303; x_wconf 85' lang='grc' dir='ltr'>τε</span> <span class='ocrx_word' id='word_1_618' title='bbox 1115 4250 1176 4303; x_wconf 89' lang='grc' dir='ltr'>τὸ</span> <span class='ocrx_word' id='word_1_619' title='bbox 1214 4249 1408 4319; x_wconf 76' lang='grc' dir='ltr'>ψεῦδος</span> <span class='ocrx_word' id='word_1_620' title='bbox 1449 4251 1544 4303; x_wconf 73' lang='grc' dir='ltr'>καὶ</span> <span class='ocrx_word' id='word_1_621' title='bbox 1579 4251 1670 4306; x_wconf 85' lang='grc' dir='ltr'>τὸν</span> <span class='ocrx_word' id='word_1_622' title='bbox 1707 4252 1888 4322; x_wconf 81' lang='grc' dir='ltr'>φόνον,</span> <span class='ocrx_word' id='word_1_623' title='bbox 1927 4253 1964 4307; x_wconf 79' lang='grc' dir='ltr'>ἃ</span> 
     </span>
    </p>
   </div>
   <div class='ocr_carea' id='block_1_74' title="bbox 395 4341 1964 4415">
    <p class='ocr_par' dir='ltr' id='par_1_74' title="bbox 395 4341 1964 4415">
     <span class='ocr_line' id='line_1_74' title="bbox 395 4341 1964 4415; baseline 0.001 -19"><span class='ocrx_word' id='word_1_624' title='bbox 395 4342 657 4398; x_wconf 79' lang='grc' dir='ltr'>ἰδιαίτατα</span> <span class='ocrx_word' id='word_1_625' title='bbox 689 4342 833 4396; x_wconf 83' lang='grc' dir='ltr'>κακά</span> <span class='ocrx_word' id='word_1_626' title='bbox 862 4341 954 4394; x_wconf 83' lang='grc' dir='ltr'>τοῦ</span> <span class='ocrx_word' id='word_1_627' title='bbox 983 4341 1252 4396; x_wconf 84' lang='grc' dir='ltr'>διαϐόλου.</span> <span class='ocrx_word' id='word_1_628' title='bbox 1288 4362 1306 4394; x_wconf 78' lang='grc' dir='ltr'>ι</span> <span class='ocrx_word' id='word_1_629' title='bbox 1348 4343 1583 4406; x_wconf 85' lang='grc' dir='ltr'>Ἐκεῖνος</span> <span class='ocrx_word' id='word_1_630' title='bbox 1613 4346 1721 4415; x_wconf 86' lang='grc' dir='ltr'>γάρ</span> <span class='ocrx_word' id='word_1_631' title='bbox 1751 4345 1964 4415; x_wconf 84' lang='grc' dir='ltr'>ἀνθρω-</span> 
     </span>
    </p>
   </div>
   <div class='ocr_carea' id='block_1_75' title="bbox 392 4427 1962 4505">
    <p class='ocr_par' dir='ltr' id='par_1_75' title="bbox 392 4427 1962 4505">
     <span class='ocr_line' id='line_1_75' title="bbox 392 4427 1962 4505; baseline 0.002 -20"><span class='ocrx_word' id='word_1_632' title='bbox 392 4433 651 4495; x_wconf 72' lang='grc' dir='ltr'>ποκτόνος</span> <span class='ocrx_word' id='word_1_633' title='bbox 676 4427 743 4503; x_wconf 80' lang='grc' dir='ltr'>ἦν</span> <span class='ocrx_word' id='word_1_634' title='bbox 774 4432 870 4484; x_wconf 83' lang='grc' dir='ltr'>ἀπ’</span> <span class='ocrx_word' id='word_1_635' title='bbox 891 4432 1066 4500; x_wconf 77' lang='grc' dir='ltr'>ἀρχῆς</span> <span class='ocrx_word' id='word_1_636' title='bbox 1092 4446 1105 4460; x_wconf 93' lang='grc'><strong>·</strong></span> <span class='ocrx_word' id='word_1_637' title='bbox 1145 4450 1164 4482; x_wconf 75' lang='grc' dir='ltr'>ι</span> <span class='ocrx_word' id='word_1_638' title='bbox 1203 4431 1341 4484; x_wconf 82' lang='grc' dir='ltr'>ὥστε</span> <span class='ocrx_word' id='word_1_639' title='bbox 1372 4434 1463 4486; x_wconf 77' lang='grc' dir='ltr'>καὶ</span> <span class='ocrx_word' id='word_1_640' title='bbox 1492 4434 1649 4504; x_wconf 80' lang='grc' dir='ltr'>ὑμεῖς</span> <span class='ocrx_word' id='word_1_641' title='bbox 1679 4434 1962 4505; x_wconf 78' lang='grc' dir='ltr'>ζητοῦντές</span> 
     </span>
    </p>
   </div>
   <div class='ocr_carea' id='block_1_76' title="bbox 395 4523 1964 4596">
    <p class='ocr_par' dir='ltr' id='par_1_76' title="bbox 395 4523 1964 4596">
     <span class='ocr_line' id='line_1_76' title="bbox 395 4523 1964 4596; baseline 0 -18"><span class='ocrx_word' id='word_1_642' title='bbox 395 4543 462 4596; x_wconf 88' lang='grc' dir='ltr'>με</span> <span class='ocrx_word' id='word_1_643' title='bbox 503 4526 842 4589; x_wconf 81' lang='grc' dir='ltr'>ἀποκτεῖναι,</span> <span class='ocrx_word' id='word_1_644' title='bbox 882 4523 1072 4594; x_wconf 77' lang='grc' dir='ltr'>ἐκείνῳ</span> <span class='ocrx_word' id='word_1_645' title='bbox 1111 4523 1326 4577; x_wconf 79' lang='grc' dir='ltr'>ἐοίκατε</span> <span class='ocrx_word' id='word_1_646' title='bbox 1357 4523 1435 4593; x_wconf 82' lang='grc' dir='ltr'>τῷ</span> <span class='ocrx_word' id='word_1_647' title='bbox 1468 4525 1559 4577; x_wconf 85' lang='grc' dir='ltr'>τὸν</span> <span class='ocrx_word' id='word_1_648' title='bbox 1585 4523 1757 4595; x_wconf 68' lang='grc' dir='ltr'>Ἀδὰμ</span> <span class='ocrx_word' id='word_1_649' title='bbox 1798 4524 1964 4579; x_wconf 80' lang='grc' dir='ltr'>θανα-</span> 
     </span>
    </p>
   </div>
   <div class='ocr_carea' id='block_1_77' title="bbox 392 4605 2038 4689">
    <p class='ocr_par' dir='ltr' id='par_1_77' title="bbox 392 4605 2038 4689">
     <span class='ocr_line' id='line_1_77' title="bbox 392 4605 2038 4689; baseline -0.001 -19"><span class='ocrx_word' id='word_1_650' title='bbox 392 4616 648 4671; x_wconf 85' lang='grc' dir='ltr'>τώσαντι.</span> <span class='ocrx_word' id='word_1_651' title='bbox 669 4617 835 4671; x_wconf 81' lang='grc' dir='ltr'>Ἀλλὰ</span> <span class='ocrx_word' id='word_1_652' title='bbox 863 4635 879 4668; x_wconf 81' lang='grc' dir='ltr'>ι</span> <span class='ocrx_word' id='word_1_653' title='bbox 905 4618 999 4670; x_wconf 74' lang='grc' dir='ltr'>καὶ</span> <span class='ocrx_word' id='word_1_654' title='bbox 1030 4618 1086 4669; x_wconf 86' lang='grc' dir='ltr'>ἐν</span> <span class='ocrx_word' id='word_1_655' title='bbox 1108 4619 1175 4688; x_wconf 80' lang='grc' dir='ltr'>τῇ</span> <span class='ocrx_word' id='word_1_656' title='bbox 1206 4617 1432 4689; x_wconf 77' lang='grc' dir='ltr'>ἀληθείᾳ</span> <span class='ocrx_word' id='word_1_657' title='bbox 1461 4617 1962 4688; x_wconf 75' lang='grc' dir='ltr'>ούχέστηκενέκεῖ-</span> <span class='ocrx_word' id='word_1_658' title='bbox 1995 4605 2038 4660; x_wconf 82' lang='grc' dir='ltr'>Ῑ)</span> 
     </span>
    </p>
   </div>
   <div class='ocr_carea' id='block_1_78' title="bbox 393 4704 1963 4779">
    <p class='ocr_par' dir='ltr' id='par_1_78' title="bbox 393 4704 1963 4779">
     <span class='ocr_line' id='line_1_78' title="bbox 393 4704 1963 4779; baseline 0 -19"><span class='ocrx_word' id='word_1_659' title='bbox 393 4725 501 4773; x_wconf 80' lang='grc' dir='ltr'>νος,</span> <span class='ocrx_word' id='word_1_660' title='bbox 539 4726 558 4760; x_wconf 74' lang='grc' dir='ltr'>ι</span> <span class='ocrx_word' id='word_1_661' title='bbox 581 4707 716 4761; x_wconf 86' lang='grc' dir='ltr'>ἀλλά</span> <span class='ocrx_word' id='word_1_662' title='bbox 752 4707 844 4760; x_wconf 84' lang='grc' dir='ltr'>τοῦ</span> <span class='ocrx_word' id='word_1_663' title='bbox 872 4707 1101 4776; x_wconf 68' lang='grc' dir='ltr'>ψεύδους</span> <span class='ocrx_word' id='word_1_664' title='bbox 1132 4707 1247 4760; x_wconf 81' lang='grc' dir='ltr'>ἐστί</span> <span class='ocrx_word' id='word_1_665' title='bbox 1280 4712 1495 4779; x_wconf 73' lang='grc' dir='ltr'>πατὴρο</span> <span class='ocrx_word' id='word_1_666' title='bbox 1539 4710 1633 4761; x_wconf 70' lang='grc' dir='ltr'>καὶ</span> <span class='ocrx_word' id='word_1_667' title='bbox 1674 4708 1831 4777; x_wconf 82' lang='grc' dir='ltr'>ὑμεῖς</span> <span class='ocrx_word' id='word_1_668' title='bbox 1872 4704 1963 4760; x_wconf 65' lang='grc' dir='ltr'>οὖν</span> 
     </span>
    </p>
   </div>
   <div class='ocr_carea' id='block_1_79' title="bbox 394 4796 1966 4867">
    <p class='ocr_par' dir='ltr' id='par_1_79' title="bbox 394 4796 1966 4867">
     <span class='ocr_line' id='line_1_79' title="bbox 394 4796 1966 4867; baseline -0.002 -15"><span class='ocrx_word' id='word_1_669' title='bbox 394 4797 856 4867; x_wconf 70' lang='grc' dir='ltr'>καταψευδόμενοί</span> <span class='ocrx_word' id='word_1_670' title='bbox 895 4815 1027 4867; x_wconf 86' lang='grc' dir='ltr'>μου,</span> <span class='ocrx_word' id='word_1_671' title='bbox 1067 4799 1162 4849; x_wconf 65' lang='grc' dir='ltr'>καὶ</span> <span class='ocrx_word' id='word_1_672' title='bbox 1194 4798 1472 4866; x_wconf 84' lang='grc' dir='ltr'>λέγοντες,</span> <span class='ocrx_word' id='word_1_673' title='bbox 1506 4799 1587 4851; x_wconf 83' lang='grc' dir='ltr'>ὃτι</span> <span class='ocrx_word' id='word_1_674' title='bbox 1621 4796 1722 4851; x_wconf 73' lang='grc' dir='ltr'>οὐκ</span> <span class='ocrx_word' id='word_1_675' title='bbox 1755 4798 1871 4867; x_wconf 70' lang='grc' dir='ltr'>εἰμὶ</span> <span class='ocrx_word' id='word_1_676' title='bbox 1901 4799 1966 4849; x_wconf 86' lang='grc' dir='ltr'>ἐκ</span> 
     </span>
    </p>
   </div>
   <div class='ocr_carea' id='block_1_80' title="bbox 390 4886 1968 4960">
    <p class='ocr_par' dir='ltr' id='par_1_80' title="bbox 390 4886 1968 4960">
     <span class='ocr_line' id='line_1_80' title="bbox 390 4886 1968 4960; baseline -0.001 -18"><span class='ocrx_word' id='word_1_677' title='bbox 390 4890 483 4942; x_wconf 77' lang='grc' dir='ltr'>τοῦ</span> <span class='ocrx_word' id='word_1_678' title='bbox 512 4886 670 4954; x_wconf 85' lang='grc' dir='ltr'>Θεοῦ,</span> <span class='ocrx_word' id='word_1_679' title='bbox 702 4890 796 4941; x_wconf 70' lang='grc' dir='ltr'>καὶ</span> <span class='ocrx_word' id='word_1_680' title='bbox 827 4889 903 4958; x_wconf 76' lang='grc' dir='ltr'>μὴ</span> <span class='ocrx_word' id='word_1_681' title='bbox 939 4890 1217 4960; x_wconf 74' lang='grc' dir='ltr'>ἱστάμενοι</span> <span class='ocrx_word' id='word_1_682' title='bbox 1246 4890 1303 4942; x_wconf 81' lang='grc' dir='ltr'>ἐν</span> <span class='ocrx_word' id='word_1_683' title='bbox 1329 4892 1393 4960; x_wconf 76' lang='grc' dir='ltr'>τῇ</span> <span class='ocrx_word' id='word_1_684' title='bbox 1424 4888 1671 4959; x_wconf 78' lang='grc' dir='ltr'>ἀληθείᾳ,</span> <span class='ocrx_word' id='word_1_685' title='bbox 1702 4891 1838 4959; x_wconf 81' lang='grc' dir='ltr'>μηδὲ</span> <span class='ocrx_word' id='word_1_686' title='bbox 1867 4891 1968 4960; x_wconf 78' lang='grc' dir='ltr'>ὲμο</span> 
     </span>
    </p>
   </div>
   <div class='ocr_carea' id='block_1_81' title="bbox 393 4964 1967 5052">
    <p class='ocr_par' dir='ltr' id='par_1_81' title="bbox 393 4964 1967 5052">
     <span class='ocr_line' id='line_1_81' title="bbox 393 4964 1967 5052; baseline 0.002 -21"><span class='ocrx_word' id='word_1_687' title='bbox 393 4980 645 5049; x_wconf 86' lang='grc' dir='ltr'>μένοντες</span> <span class='ocrx_word' id='word_1_688' title='bbox 675 4979 753 5052; x_wconf 83' lang='grc' dir='ltr'>τῷ</span> <span class='ocrx_word' id='word_1_689' title='bbox 786 4980 904 5052; x_wconf 82' lang='grc' dir='ltr'>ἐμῷ</span> <span class='ocrx_word' id='word_1_690' title='bbox 939 4964 1112 5052; x_wconf 58' lang='grc' dir='ltr'>λόγιεῖ,</span> <span class='ocrx_word' id='word_1_691' title='bbox 1147 4981 1356 5035; x_wconf 85' lang='grc' dir='ltr'>ἐκείνου</span> <span class='ocrx_word' id='word_1_692' title='bbox 1392 4981 1556 5034; x_wconf 84' lang='grc' dir='ltr'>τέκνα</span> <span class='ocrx_word' id='word_1_693' title='bbox 1589 4981 1740 5045; x_wconf 80' lang='grc' dir='ltr'>ἐστὲ,</span> <span class='ocrx_word' id='word_1_694' title='bbox 1778 4982 1870 5035; x_wconf 88' lang='grc' dir='ltr'>τοῦ</span> <span class='ocrx_word' id='word_1_695' title='bbox 1906 4983 1967 5034; x_wconf 85' lang='grc' dir='ltr'>τὸ</span> 
     </span>
    </p>
   </div>
   <div class='ocr_carea' id='block_1_82' title="bbox 390 5072 1966 5146">
    <p class='ocr_par' dir='ltr' id='par_1_82' title="bbox 390 5072 1966 5146">
     <span class='ocr_line' id='line_1_82' title="bbox 390 5072 1966 5146; baseline 0.001 -20"><span class='ocrx_word' id='word_1_696' title='bbox 390 5072 583 5144; x_wconf 78' lang='grc' dir='ltr'>ψεῦδος</span> <span class='ocrx_word' id='word_1_697' title='bbox 603 5075 874 5138; x_wconf 83' lang='grc' dir='ltr'>τεκόντος.</span> <span class='ocrx_word' id='word_1_698' title='bbox 893 5074 1129 5138; x_wconf 77' lang='grc' dir='ltr'>Ἐκεῖνος</span> <span class='ocrx_word' id='word_1_699' title='bbox 1156 5074 1267 5145; x_wconf 87' lang='grc' dir='ltr'>γὰρ</span> <span class='ocrx_word' id='word_1_700' title='bbox 1293 5075 1387 5128; x_wconf 76' lang='grc' dir='ltr'>καὶ</span> <span class='ocrx_word' id='word_1_701' title='bbox 1411 5073 1502 5127; x_wconf 84' lang='grc' dir='ltr'>τὸν</span> <span class='ocrx_word' id='word_1_702' title='bbox 1525 5073 1657 5128; x_wconf 84' lang='grc' dir='ltr'>Θεὸν</span> <span class='ocrx_word' id='word_1_703' title='bbox 1683 5075 1819 5146; x_wconf 86' lang='grc' dir='ltr'>πρὸς</span> <span class='ocrx_word' id='word_1_704' title='bbox 1842 5076 1966 5138; x_wconf 70' lang='grc' dir='ltr'>τοὺς</span> 
     </span>
    </p>
   </div>
   <div class='ocr_carea' id='block_1_83' title="bbox 394 5164 1971 5238">
    <p class='ocr_par' dir='ltr' id='par_1_83' title="bbox 394 5164 1971 5238">
     <span class='ocr_line' id='line_1_83' title="bbox 394 5164 1971 5238; baseline -0.001 -18"><span class='ocrx_word' id='word_1_705' title='bbox 394 5165 712 5238; x_wconf 78' lang='grc' dir='ltr'>ἀνθρώπους</span> <span class='ocrx_word' id='word_1_706' title='bbox 739 5165 949 5220; x_wconf 86' lang='grc' dir='ltr'>διέϐαλε</span> <span class='ocrx_word' id='word_1_707' title='bbox 967 5208 981 5228; x_wconf 89' lang='grc'>,</span> <span class='ocrx_word' id='word_1_708' title='bbox 1009 5168 1142 5235; x_wconf 73' lang='grc' dir='ltr'>πρὸς</span> <span class='ocrx_word' id='word_1_709' title='bbox 1165 5168 1263 5238; x_wconf 80' lang='grc' dir='ltr'>τὴν</span> <span class='ocrx_word' id='word_1_710' title='bbox 1290 5164 1431 5220; x_wconf 77' lang='grc' dir='ltr'>Εὕαν</span> <span class='ocrx_word' id='word_1_711' title='bbox 1456 5167 1654 5232; x_wconf 78' lang='grc' dir='ltr'>εἰπὼν,</span> <span class='ocrx_word' id='word_1_712' title='bbox 1680 5166 1758 5219; x_wconf 82' lang='grc' dir='ltr'>ὅτι</span> <span class='ocrx_word' id='word_1_713' title='bbox 1789 5185 1807 5216; x_wconf 78' lang='grc' dir='ltr'>ι</span> <span class='ocrx_word' id='word_1_714' title='bbox 1838 5165 1971 5219; x_wconf 65' lang='grc' dir='ltr'>Φθό-</span> 
     </span>
    </p>
   </div>
   <div class='ocr_carea' id='block_1_84' title="bbox 390 5258 1968 5331">
    <p class='ocr_par' dir='ltr' id='par_1_84' title="bbox 390 5258 1968 5331">
     <span class='ocr_line' id='line_1_84' title="bbox 390 5258 1968 5331; baseline -0.001 -18"><span class='ocrx_word' id='word_1_715' title='bbox 390 5258 496 5313; x_wconf 85' lang='grc' dir='ltr'>νῶν</span> <span class='ocrx_word' id='word_1_716' title='bbox 529 5260 657 5330; x_wconf 66' lang='grc' dir='ltr'>ύμῇι</span> <span class='ocrx_word' id='word_1_717' title='bbox 690 5259 947 5330; x_wconf 80' lang='grc' dir='ltr'>ἀπεῖρξεν</span> <span class='ocrx_word' id='word_1_718' title='bbox 982 5261 1127 5327; x_wconf 81' lang='grc' dir='ltr'>ὑμᾶς</span> <span class='ocrx_word' id='word_1_719' title='bbox 1157 5259 1251 5314; x_wconf 92' lang='grc' dir='ltr'>τοῦ</span> <span class='ocrx_word' id='word_1_720' title='bbox 1287 5259 1446 5326; x_wconf 81' lang='grc' dir='ltr'>ξύλου</span> <span class='ocrx_word' id='word_1_721' title='bbox 1469 5275 1483 5291; x_wconf 75' lang='grc'><strong><em>⁸</em></strong></span> <span class='ocrx_word' id='word_1_722' title='bbox 1526 5278 1543 5309; x_wconf 78' lang='grc' dir='ltr'>ι</span> <span class='ocrx_word' id='word_1_723' title='bbox 1580 5260 1674 5312; x_wconf 79' lang='grc' dir='ltr'>καὶ</span> <span class='ocrx_word' id='word_1_724' title='bbox 1708 5259 1842 5331; x_wconf 81' lang='grc' dir='ltr'>πρὸς</span> <span class='ocrx_word' id='word_1_725' title='bbox 1876 5259 1968 5312; x_wconf 89' lang='grc' dir='ltr'>τὸν</span> 
     </span>
    </p>
   </div>
   <div class='ocr_carea' id='block_1_85' title="bbox 391 5349 1963 5420">
    <p class='ocr_par' dir='ltr' id='par_1_85' title="bbox 391 5349 1963 5420">
     <span class='ocr_line' id='line_1_85' title="bbox 391 5349 1963 5420; baseline -0.001 -15"><span class='ocrx_word' id='word_1_726' title='bbox 391 5353 523 5406; x_wconf 87' lang='grc' dir='ltr'>Θεὸν</span> <span class='ocrx_word' id='word_1_727' title='bbox 555 5350 716 5406; x_wconf 83' lang='grc' dir='ltr'>πάλιν</span> <span class='ocrx_word' id='word_1_728' title='bbox 748 5352 876 5408; x_wconf 75' lang='grc' dir='ltr'>τοὺς</span> <span class='ocrx_word' id='word_1_729' title='bbox 919 5349 1239 5420; x_wconf 83' lang='grc' dir='ltr'>ἀνθρώπους</span> <span class='ocrx_word' id='word_1_730' title='bbox 1277 5350 1550 5413; x_wconf 85' lang='grc' dir='ltr'>διέϐαλεν.</span> <span class='ocrx_word' id='word_1_731' title='bbox 1586 5351 1660 5414; x_wconf 85' lang='grc' dir='ltr'>ὡς</span> <span class='ocrx_word' id='word_1_732' title='bbox 1690 5351 1781 5403; x_wconf 88' lang='grc' dir='ltr'>τὸν</span> <span class='ocrx_word' id='word_1_733' title='bbox 1805 5352 1929 5405; x_wconf 80' lang='grc' dir='ltr'>Ἰὼϐ</span> <span class='ocrx_word' id='word_1_734' title='bbox 1951 5392 1963 5411; x_wconf 86' lang='grc'>,</span> 
     </span>
    </p>
   </div>
   <div class='ocr_carea' id='block_1_86' title="bbox 391 5443 1967 5516">
    <p class='ocr_par' dir='ltr' id='par_1_86' title="bbox 391 5443 1967 5516">
     <span class='ocr_line' id='line_1_86' title="bbox 391 5443 1967 5516; baseline 0.001 -19"><span class='ocrx_word' id='word_1_735' title='bbox 391 5444 597 5514; x_wconf 83' lang='grc' dir='ltr'>λέγων·</span> <span class='ocrx_word' id='word_1_736' title='bbox 632 5464 651 5498; x_wconf 81' lang='grc' dir='ltr'>ι</span> <span class='ocrx_word' id='word_1_737' title='bbox 684 5444 776 5516; x_wconf 78' lang='grc' dir='ltr'>Μὴ</span> <span class='ocrx_word' id='word_1_738' title='bbox 804 5444 1013 5515; x_wconf 83' lang='grc' dir='ltr'>δωρεὰν</span> <span class='ocrx_word' id='word_1_739' title='bbox 1032 5444 1153 5496; x_wconf 77' lang='grc' dir='ltr'>’1ὼὸ</span> <span class='ocrx_word' id='word_1_740' title='bbox 1183 5443 1401 5498; x_wconf 80' lang='grc' dir='ltr'>σέϐεται</span> <span class='ocrx_word' id='word_1_741' title='bbox 1428 5443 1519 5497; x_wconf 87' lang='grc' dir='ltr'>τὸν</span> <span class='ocrx_word' id='word_1_742' title='bbox 1546 5443 1716 5509; x_wconf 87' lang='grc' dir='ltr'>Θεόν;</span> <span class='ocrx_word' id='word_1_743' title='bbox 1754 5464 1771 5496; x_wconf 79' lang='grc' dir='ltr'>ι</span> <span class='ocrx_word' id='word_1_744' title='bbox 1800 5445 1967 5498; x_wconf 82' lang='grc' dir='ltr'>Ὅταν</span> 
     </span>
    </p>
   </div>
   <div class='ocr_carea' id='block_1_87' title="bbox 388 5520 1962 5611">
    <p class='ocr_par' dir='ltr' id='par_1_87' title="bbox 388 5537 1962 5611">
     <span class='ocr_line' id='line_1_87' title="bbox 388 5537 1962 5611; baseline -0.001 -18"><span class='ocrx_word' id='word_1_745' title='bbox 388 5538 481 5593; x_wconf 78' lang='grc' dir='ltr'>οὖν</span> <span class='ocrx_word' id='word_1_746' title='bbox 513 5539 646 5611; x_wconf 78' lang='grc' dir='ltr'>λαλῇ</span> <span class='ocrx_word' id='word_1_747' title='bbox 681 5540 740 5593; x_wconf 88' lang='lat' dir='ltr'>rb</span> <span class='ocrx_word' id='word_1_748' title='bbox 770 5538 993 5609; x_wconf 75' lang='grc' dir='ltr'>ψεῦδος,</span> <span class='ocrx_word' id='word_1_749' title='bbox 1029 5542 1092 5592; x_wconf 84' lang='grc' dir='ltr'>ἐκ</span> <span class='ocrx_word' id='word_1_750' title='bbox 1123 5538 1230 5591; x_wconf 84' lang='grc' dir='ltr'>τῶν</span> <span class='ocrx_word' id='word_1_751' title='bbox 1265 5537 1407 5592; x_wconf 86' lang='grc' dir='ltr'>ίδίων</span> <span class='ocrx_word' id='word_1_752' title='bbox 1438 5538 1622 5591; x_wconf 71' lang='grc' dir='ltr'>λαλεῖ*</span> <span class='ocrx_word' id='word_1_753' title='bbox 1654 5539 1962 5603; x_wconf 76' lang='grc' dir='ltr'>τουτέστιν,</span> 
     </span>
    </p>
   </div>
   <div class='ocr_carea' id='block_1_88' title="bbox 390 5631 1959 5703">
    <p class='ocr_par' dir='ltr' id='par_1_88' title="bbox 390 5631 1959 5703">
     <span class='ocr_line' id='line_1_88' title="bbox 390 5631 1959 5703; baseline 0 -19"><span class='ocrx_word' id='word_1_754' title='bbox 390 5632 665 5702; x_wconf 82' lang='grc' dir='ltr'>ἄνθρωποι</span> <span class='ocrx_word' id='word_1_755' title='bbox 716 5632 814 5703; x_wconf 84' lang='grc' dir='ltr'>μὲν</span> <span class='ocrx_word' id='word_1_756' title='bbox 857 5632 934 5702; x_wconf 82' lang='grc' dir='ltr'>τῷ</span> <span class='ocrx_word' id='word_1_757' title='bbox 980 5631 1165 5703; x_wconf 74' lang='grc' dir='ltr'>ψεύδει</span> <span class='ocrx_word' id='word_1_758' title='bbox 1214 5631 1523 5702; x_wconf 86' lang='grc' dir='ltr'>χρώμενοι,</span> <span class='ocrx_word' id='word_1_759' title='bbox 1573 5631 1648 5693; x_wconf 80' lang='grc' dir='ltr'>ὡς</span> <span class='ocrx_word' id='word_1_760' title='bbox 1695 5631 1959 5702; x_wconf 77' lang='grc' dir='ltr'>ἀλλοτρίῳ</span> 
     </span>
    </p>
   </div>
   <div class='ocr_carea' id='block_1_89' title="bbox 391 5722 1954 5797">
    <p class='ocr_par' dir='ltr' id='par_1_89' title="bbox 391 5722 1954 5797">
     <span class='ocr_line' id='line_1_89' title="bbox 391 5722 1954 5797; baseline -0.003 -18"><span class='ocrx_word' id='word_1_761' title='bbox 391 5725 627 5797; x_wconf 79' lang='grc' dir='ltr'>χρῶνται</span> <span class='ocrx_word' id='word_1_762' title='bbox 666 5724 838 5797; x_wconf 83' lang='grc' dir='ltr'>τούτῳ</span> <span class='ocrx_word' id='word_1_763' title='bbox 859 5744 871 5755; x_wconf 75' lang='grc' dir='ltr'><strong><em>ο</em></strong></span> <span class='ocrx_word' id='word_1_764' title='bbox 900 5724 1169 5789; x_wconf 79' lang='grc' dir='ltr'>ὁδιάϐολος</span> <span class='ocrx_word' id='word_1_765' title='bbox 1221 5722 1279 5778; x_wconf 83' lang='grc' dir='ltr'>δὲ</span> <span class='ocrx_word' id='word_1_766' title='bbox 1309 5723 1383 5789; x_wconf 85' lang='grc' dir='ltr'>ὡς</span> <span class='ocrx_word' id='word_1_767' title='bbox 1415 5722 1530 5795; x_wconf 83' lang='grc' dir='ltr'>ἰδίῳ</span> <span class='ocrx_word' id='word_1_768' title='bbox 1559 5722 1726 5778; x_wconf 81' lang='grc' dir='ltr'>αὐτοῦ</span> <span class='ocrx_word' id='word_1_769' title='bbox 1750 5722 1954 5794; x_wconf 84' lang='grc' dir='ltr'>κέχρη-</span> 
     </span>
    </p>
   </div>
   <div class='ocr_carea' id='block_1_90' title="bbox 464 5901 1307 5972">
    <p class='ocr_par' dir='ltr' id='par_1_90' title="bbox 464 5901 1307 5972">
     <span class='ocr_line' id='line_1_90' title="bbox 464 5901 1307 5972; baseline -0.002 -12"><span class='ocrx_word' id='word_1_770' title='bbox 464 5903 508 5937; x_wconf 81' lang='grc'>⁸⁷</span> <span class='ocrx_word' id='word_1_771' title='bbox 526 5904 662 5961; x_wconf 83' lang='lat' dir='ltr'><strong>Gen.</strong></span> <span class='ocrx_word' id='word_1_772' title='bbox 700 5920 782 5972; x_wconf 91' lang='grc' dir='ltr'>ιιι,</span> <span class='ocrx_word' id='word_1_773' title='bbox 807 5906 858 5959; x_wconf 84' lang='grc'>5.</span> <span class='ocrx_word' id='word_1_774' title='bbox 939 5904 982 5937; x_wconf 76' lang='grc'>³⁵</span> <span class='ocrx_word' id='word_1_775' title='bbox 1016 5901 1117 5961; x_wconf 86' lang='lat' dir='ltr'>Job</span> <span class='ocrx_word' id='word_1_776' title='bbox 1157 5920 1219 5971; x_wconf 84' lang='lat' dir='ltr'>ll,</span> <span class='ocrx_word' id='word_1_777' title='bbox 1252 5903 1307 5959; x_wconf 78' lang='lat'><strong>3.</strong></span> 
     </span>
    </p>
   </div>
   <div class='ocr_carea' id='block_1_91' title="bbox 2068 3323 3637 3401">
    <p class='ocr_par' dir='ltr' id='par_1_91' title="bbox 2068 3323 3637 3401">
     <span class='ocr_line' id='line_1_91' title="bbox 2068 3323 3637 3401; baseline -0.011 -13"><span class='ocrx_word' id='word_1_778' title='bbox 2068 3343 2270 3399; x_wconf 89' lang='lat' dir='ltr'><strong>autem,</strong></span> <span class='ocrx_word' id='word_1_779' title='bbox 2299 3331 2423 3401; x_wconf 90' lang='lat' dir='ltr'><strong>quia</strong></span> <span class='ocrx_word' id='word_1_780' title='bbox 2471 3328 2751 3383; x_wconf 84' lang='lat' dir='ltr'><strong>veritatem</strong></span> <span class='ocrx_word' id='word_1_781' title='bbox 2801 3324 2945 3390; x_wconf 80' lang='lat' dir='ltr'><strong>dico,</strong></span> <span class='ocrx_word' id='word_1_782' title='bbox 2984 3341 3091 3383; x_wconf 86' lang='lat' dir='ltr'>non</span> <span class='ocrx_word' id='word_1_783' title='bbox 3146 3325 3372 3381; x_wconf 72' lang='lat' dir='ltr'><strong>creditis</strong></span> <span class='ocrx_word' id='word_1_784' title='bbox 3424 3323 3577 3378; x_wconf 77' lang='lat' dir='ltr'><strong>mihi.</strong></span> <span class='ocrx_word' id='word_1_785' title='bbox 3618 3340 3637 3374; x_wconf 75' lang='grc' dir='ltr'>ι</span> 
     </span>
    </p>
   </div>
   <div class='ocr_carea' id='block_1_92' title="bbox 2068 3414 3641 3491">
    <p class='ocr_par' dir='ltr' id='par_1_92' title="bbox 2068 3414 3641 3491">
     <span class='ocr_line' id='line_1_92' title="bbox 2068 3414 3641 3491; baseline -0.008 -11"><span class='ocrx_word' id='word_1_786' title='bbox 2068 3425 2309 3490; x_wconf 83' lang='lat' dir='ltr'><strong>Dixerat,</strong></span> <span class='ocrx_word' id='word_1_787' title='bbox 2334 3421 2445 3476; x_wconf 84' lang='lat' dir='ltr'><strong>Non</strong></span> <span class='ocrx_word' id='word_1_788' title='bbox 2478 3418 2702 3491; x_wconf 89' lang='lat' dir='ltr'><strong>potestis</strong></span> <span class='ocrx_word' id='word_1_789' title='bbox 2733 3419 2925 3474; x_wconf 84' lang='lat' dir='ltr'><strong>audire</strong></span> <span class='ocrx_word' id='word_1_790' title='bbox 2958 3431 3263 3472; x_wconf 88' lang='lat' dir='ltr'><strong>sermonem</strong></span> <span class='ocrx_word' id='word_1_791' title='bbox 3302 3430 3504 3480; x_wconf 87' lang='lat' dir='ltr'><strong>meum,</strong></span> <span class='ocrx_word' id='word_1_792' title='bbox 3536 3414 3641 3469; x_wconf 87' lang='lat' dir='ltr'>hoc</span> 
     </span>
    </p>
   </div>
   <div class='ocr_carea' id='block_1_93' title="bbox 2067 3511 3644 3582">
    <p class='ocr_par' dir='ltr' id='par_1_93' title="bbox 2067 3511 3644 3582">
     <span class='ocr_line' id='line_1_93' title="bbox 2067 3511 3644 3582; baseline -0.009 -9"><span class='ocrx_word' id='word_1_793' title='bbox 2067 3528 2171 3582; x_wconf 88' lang='lat' dir='ltr'><strong>est,</strong></span> <span class='ocrx_word' id='word_1_794' title='bbox 2196 3531 2301 3571; x_wconf 91' lang='lat' dir='ltr'>non</span> <span class='ocrx_word' id='word_1_795' title='bbox 2325 3515 2510 3569; x_wconf 71' lang='lat' dir='ltr'><strong>vultis.</strong></span> <span class='ocrx_word' id='word_1_796' title='bbox 2541 3512 2745 3568; x_wconf 86' lang='lat' dir='ltr'><strong>Deinde</strong></span> <span class='ocrx_word' id='word_1_797' title='bbox 2759 3511 2944 3565; x_wconf 84' lang='lat' dir='ltr'><strong>subdit</strong></span> <span class='ocrx_word' id='word_1_798' title='bbox 2972 3511 3132 3565; x_wconf 89' lang='lat' dir='ltr'><strong>etiam</strong></span> <span class='ocrx_word' id='word_1_799' title='bbox 3154 3524 3396 3573; x_wconf 82' lang='lat' dir='ltr'><strong>causam,</strong></span> <span class='ocrx_word' id='word_1_800' title='bbox 3417 3514 3644 3577; x_wconf 88' lang='lat' dir='ltr'><strong>propter</strong></span> 
     </span>
    </p>
   </div>
   <div class='ocr_carea' id='block_1_94' title="bbox 2067 3598 3647 3682">
    <p class='ocr_par' dir='ltr' id='par_1_94' title="bbox 2067 3598 3647 3682">
     <span class='ocr_line' id='line_1_94' title="bbox 2067 3598 3647 3682; baseline -0.007 -18"><span class='ocrx_word' id='word_1_801' title='bbox 2067 3626 2226 3682; x_wconf 89' lang='lat' dir='ltr'><strong>quam</strong></span> <span class='ocrx_word' id='word_1_802' title='bbox 2265 3625 2371 3664; x_wconf 88' lang='lat' dir='ltr'>non</span> <span class='ocrx_word' id='word_1_803' title='bbox 2399 3606 2670 3671; x_wconf 67' lang='lat' dir='ltr'><strong>volebant,</strong></span> <span class='ocrx_word' id='word_1_804' title='bbox 2711 3604 2788 3659; x_wconf 78' lang='lat' dir='ltr'><strong>Eo</strong></span> <span class='ocrx_word' id='word_1_805' title='bbox 2823 3604 2986 3673; x_wconf 87' lang='lat' dir='ltr'><strong>quod,</strong></span> <span class='ocrx_word' id='word_1_806' title='bbox 3030 3603 3228 3672; x_wconf 87' lang='lat' dir='ltr'><strong>inquit,</strong></span> <span class='ocrx_word' id='word_1_807' title='bbox 3265 3616 3332 3655; x_wconf 82' lang='lat' dir='ltr'><strong>ex</strong></span> <span class='ocrx_word' id='word_1_808' title='bbox 3359 3609 3510 3667; x_wconf 86' lang='lat' dir='ltr'><strong>patre</strong></span> <span class='ocrx_word' id='word_1_809' title='bbox 3556 3598 3647 3653; x_wconf 92' lang='lat' dir='ltr'><strong>illo</strong></span> 
     </span>
    </p>
   </div>
   <div class='ocr_carea' id='block_1_95' title="bbox 2065 3692 3645 3768">
    <p class='ocr_par' dir='ltr' id='par_1_95' title="bbox 2065 3692 3645 3768">
     <span class='ocr_line' id='line_1_95' title="bbox 2065 3692 3645 3768; baseline -0.008 -10"><span class='ocrx_word' id='word_1_810' title='bbox 2065 3713 2246 3758; x_wconf 80' lang='lat' dir='ltr'><strong>vestro</strong></span> <span class='ocrx_word' id='word_1_811' title='bbox 2308 3702 2463 3760; x_wconf 86' lang='lat' dir='ltr'><strong>estis.</strong></span> <span class='ocrx_word' id='word_1_812' title='bbox 2515 3713 2622 3768; x_wconf 84' lang='lat' dir='ltr'>quo</span> <span class='ocrx_word' id='word_1_813' title='bbox 2674 3698 2827 3751; x_wconf 80' lang='lat' dir='ltr'><strong>dico?</strong></span> <span class='ocrx_word' id='word_1_814' title='bbox 2874 3697 3107 3749; x_wconf 80' lang='lat' dir='ltr'><strong>diabolo.</strong></span> <span class='ocrx_word' id='word_1_815' title='bbox 3168 3693 3303 3748; x_wconf 83' lang='lat' dir='ltr'><strong>Nam</strong></span> <span class='ocrx_word' id='word_1_816' title='bbox 3335 3692 3513 3765; x_wconf 23' lang='lat'>628‘</span> <span class='ocrx_word' id='word_1_817' title='bbox 3544 3707 3645 3746; x_wconf 85' lang='lat' dir='ltr'>vos</span> 
     </span>
    </p>
   </div>
   <div class='ocr_carea' id='block_1_96' title="bbox 2066 3786 3645 3864">
    <p class='ocr_par' dir='ltr' id='par_1_96' title="bbox 2066 3786 3645 3864">
     <span class='ocr_line' id='line_1_96' title="bbox 2066 3786 3645 3864; baseline -0.005 -20"><span class='ocrx_word' id='word_1_818' title='bbox 2066 3795 2280 3864; x_wconf 87' lang='lat' dir='ltr'><strong>quidem</strong></span> <span class='ocrx_word' id='word_1_819' title='bbox 2326 3790 2574 3847; x_wconf 83' lang='lat' dir='ltr'><strong>asseritis</strong></span> <span class='ocrx_word' id='word_1_820' title='bbox 2599 3790 2752 3844; x_wconf 90' lang='lat' dir='ltr'><strong>vobis</strong></span> <span class='ocrx_word' id='word_1_821' title='bbox 2785 3798 2993 3858; x_wconf 87' lang='lat' dir='ltr'><strong>patrem</strong></span> <span class='ocrx_word' id='word_1_822' title='bbox 3039 3786 3201 3840; x_wconf 88' lang='lat' dir='ltr'><strong>Deum</strong></span> <span class='ocrx_word' id='word_1_823' title='bbox 3238 3800 3335 3855; x_wconf 90' lang='lat' dir='ltr'>per</span> <span class='ocrx_word' id='word_1_824' title='bbox 3383 3799 3645 3853; x_wconf 83' lang='lat' dir='ltr'><strong>arrogan-</strong></span> 
     </span>
    </p>
   </div>
   <div class='ocr_carea' id='block_1_97' title="bbox 2070 3878 3643 3953">
    <p class='ocr_par' dir='ltr' id='par_1_97' title="bbox 2070 3878 3643 3953">
     <span class='ocr_line' id='line_1_97' title="bbox 2070 3878 3643 3953; baseline -0.007 -13"><span class='ocrx_word' id='word_1_825' title='bbox 2070 3889 2296 3946; x_wconf 86' lang='lat' dir='ltr'><strong>tiam,et</strong></span> <span class='ocrx_word' id='word_1_826' title='bbox 2332 3898 2493 3953; x_wconf 88' lang='lat' dir='ltr'><strong>opera</strong></span> <span class='ocrx_word' id='word_1_827' title='bbox 2550 3890 3053 3936; x_wconf 82' lang='lat' dir='ltr'><strong>vestra-testantur</strong></span> <span class='ocrx_word' id='word_1_828' title='bbox 3114 3878 3385 3930; x_wconf 86' lang='lat' dir='ltr'><strong>diabolum</strong></span> <span class='ocrx_word' id='word_1_829' title='bbox 3437 3887 3643 3947; x_wconf 82' lang='lat' dir='ltr'><strong>patrem</strong></span> 
     </span>
    </p>
   </div>
   <div class='ocr_carea' id='block_1_98' title="bbox 2065 3969 3649 4048">
    <p class='ocr_par' dir='ltr' id='par_1_98' title="bbox 2065 3969 3649 4048">
     <span class='ocr_line' id='line_1_98' title="bbox 2065 3969 3649 4048; baseline -0.008 -14"><span class='ocrx_word' id='word_1_830' title='bbox 2065 3988 2301 4034; x_wconf 80' lang='lat' dir='ltr'><strong>vestrum</strong></span> <span class='ocrx_word' id='word_1_831' title='bbox 2339 3976 2504 4048; x_wconf 68' lang='lat' dir='ltr'><strong>magis</strong></span> <span class='ocrx_word' id='word_1_832' title='bbox 2534 3988 2872 4045; x_wconf 62' lang='lat' dir='ltr'><strong>gvrtmmum.</strong></span> <span class='ocrx_word' id='word_1_833' title='bbox 2910 3972 3040 4024; x_wconf 74' lang='lat' dir='ltr'><strong>Nunt</strong></span> <span class='ocrx_word' id='word_1_834' title='bbox 3070 3972 3185 4038; x_wconf 78' lang='lat' dir='ltr'><strong>eius</strong></span> <span class='ocrx_word' id='word_1_835' title='bbox 3212 3969 3478 4025; x_wconf 84' lang='lat' dir='ltr'><strong>desideria</strong></span> <span class='ocrx_word' id='word_1_836' title='bbox 3539 3969 3649 4021; x_wconf 84' lang='lat' dir='ltr'><strong>vul-</strong></span> 
     </span>
    </p>
   </div>
   <div class='ocr_carea' id='block_1_99' title="bbox 2069 4059 3648 4132">
    <p class='ocr_par' dir='ltr' id='par_1_99' title="bbox 2069 4059 3648 4132">
     <span class='ocr_line' id='line_1_99' title="bbox 2069 4059 3648 4132; baseline -0.009 -6"><span class='ocrx_word' id='word_1_837' title='bbox 2069 4072 2135 4127; x_wconf 88' lang='lat' dir='ltr'>tis</span> <span class='ocrx_word' id='word_1_838' title='bbox 2167 4071 2364 4124; x_wconf 68' lang='lat' dir='ltr'><strong>l&#39;acere.</strong></span> <span class='ocrx_word' id='word_1_839' title='bbox 2392 4070 2454 4123; x_wconf 84' lang='lat' dir='ltr'><strong>Et</strong></span> <span class='ocrx_word' id='word_1_840' title='bbox 2493 4084 2596 4121; x_wconf 91' lang='lat' dir='ltr'>non</span> <span class='ocrx_word' id='word_1_841' title='bbox 2620 4065 2754 4120; x_wconf 74' lang='lat' dir='ltr'><strong>dixit</strong></span> <span class='ocrx_word' id='word_1_842' title='bbox 2787 4064 2983 4132; x_wconf 84' lang='lat' dir='ltr'><strong>Opera,</strong></span> <span class='ocrx_word' id='word_1_843' title='bbox 3013 4062 3105 4117; x_wconf 86' lang='lat' dir='ltr'>sed</span> <span class='ocrx_word' id='word_1_844' title='bbox 3138 4059 3433 4124; x_wconf 77' lang='lat' dir='ltr'><strong>Desideria,</strong></span> <span class='ocrx_word' id='word_1_845' title='bbox 3456 4070 3648 4115; x_wconf 78' lang='lat' dir='ltr'><strong>osten-</strong></span> 
     </span>
    </p>
   </div>
   <div class='ocr_carea' id='block_1_100' title="bbox 2066 4151 3645 4222">
    <p class='ocr_par' dir='ltr' id='par_1_100' title="bbox 2066 4151 3645 4222">
     <span class='ocr_line' id='line_1_100' title="bbox 2066 4151 3645 4222; baseline -0.01 -3"><span class='ocrx_word' id='word_1_846' title='bbox 2066 4164 2198 4219; x_wconf 90' lang='lat' dir='ltr'><strong>dens</strong></span> <span class='ocrx_word' id='word_1_847' title='bbox 2234 4161 2367 4215; x_wconf 83' lang='lat' dir='ltr'><strong>mire</strong></span> <span class='ocrx_word' id='word_1_848' title='bbox 2396 4160 2617 4214; x_wconf 82' lang='lat' dir='ltr'><strong>ali&#39;ectos</strong></span> <span class='ocrx_word' id='word_1_849' title='bbox 2670 4155 2944 4211; x_wconf 84' lang='lat' dir='ltr'><strong>homicidii</strong></span> <span class='ocrx_word' id='word_1_850' title='bbox 2979 4154 3354 4222; x_wconf 86' lang='lat' dir='ltr'><strong>mendaciiqne</strong></span> <span class='ocrx_word' id='word_1_851' title='bbox 3402 4151 3645 4214; x_wconf 87' lang='lat' dir='ltr'><strong>libidine,</strong></span> 
     </span>
    </p>
   </div>
   <div class='ocr_carea' id='block_1_101' title="bbox 2065 4244 3647 4327">
    <p class='ocr_par' dir='ltr' id='par_1_101' title="bbox 2065 4244 3647 4327">
     <span class='ocr_line' id='line_1_101' title="bbox 2065 4244 3647 4327; baseline -0.008 -17"><span class='ocrx_word' id='word_1_852' title='bbox 2065 4272 2185 4326; x_wconf 72' lang='lat' dir='ltr'><strong>qua:</strong></span> <span class='ocrx_word' id='word_1_853' title='bbox 2218 4254 2450 4308; x_wconf 81' lang='lat' dir='ltr'><strong>maxime</strong></span> <span class='ocrx_word' id='word_1_854' title='bbox 2488 4251 2705 4327; x_wconf 85' lang='lat' dir='ltr'><strong>propria</strong></span> <span class='ocrx_word' id='word_1_855' title='bbox 2737 4250 2875 4303; x_wconf 84' lang='lat' dir='ltr'><strong>mala</strong></span> <span class='ocrx_word' id='word_1_856' title='bbox 2913 4258 3038 4301; x_wconf 82' lang='lat' dir='ltr'>sum</span> <span class='ocrx_word' id='word_1_857' title='bbox 3070 4246 3292 4301; x_wconf 82' lang='lat' dir='ltr'><strong>didmli.</strong></span> <span class='ocrx_word' id='word_1_858' title='bbox 3330 4265 3348 4297; x_wconf 79' lang='grc' dir='ltr'>ι</span> <span class='ocrx_word' id='word_1_859' title='bbox 3379 4246 3471 4299; x_wconf 89' lang='lat' dir='ltr'><strong>Ille</strong></span> <span class='ocrx_word' id='word_1_860' title='bbox 3501 4244 3647 4299; x_wconf 90' lang='lat' dir='ltr'><strong>enim</strong></span> 
     </span>
    </p>
   </div>
   <div class='ocr_carea' id='block_1_102' title="bbox 2067 4338 3645 4407">
    <p class='ocr_par' dir='ltr' id='par_1_102' title="bbox 2067 4338 3645 4407">
     <span class='ocr_line' id='line_1_102' title="bbox 2067 4338 3645 4407; baseline -0.008 -5"><span class='ocrx_word' id='word_1_861' title='bbox 2067 4345 2341 4403; x_wconf 83' lang='lat' dir='ltr'><strong>homicida</strong></span> <span class='ocrx_word' id='word_1_862' title='bbox 2384 4343 2480 4397; x_wconf 81' lang='lat' dir='ltr'><strong>fuit</strong></span> <span class='ocrx_word' id='word_1_863' title='bbox 2538 4343 2606 4397; x_wconf 89' lang='lat' dir='ltr'>ab</span> <span class='ocrx_word' id='word_1_864' title='bbox 2664 4341 2838 4405; x_wconf 90' lang='lat' dir='ltr'><strong>initio,</strong></span> <span class='ocrx_word' id='word_1_865' title='bbox 2895 4348 3106 4406; x_wconf 65' lang='lat' dir='ltr'><strong>ratque</strong></span> <span class='ocrx_word' id='word_1_866' title='bbox 3165 4338 3236 4391; x_wconf 87' lang='lat' dir='ltr'>ita</span> <span class='ocrx_word' id='word_1_867' title='bbox 3284 4351 3380 4391; x_wconf 91' lang='lat' dir='ltr'>vos</span> <span class='ocrx_word' id='word_1_868' title='bbox 3427 4351 3645 4407; x_wconf 85' lang='lat' dir='ltr'><strong>quoque</strong></span> 
     </span>
    </p>
   </div>
   <div class='ocr_carea' id='block_1_103' title="bbox 2065 4427 3645 4510">
    <p class='ocr_par' dir='ltr' id='par_1_103' title="bbox 2065 4427 3645 4510">
     <span class='ocr_line' id='line_1_103' title="bbox 2065 4427 3645 4510; baseline -0.005 -20"><span class='ocrx_word' id='word_1_869' title='bbox 2065 4445 2369 4510; x_wconf 71' lang='lat' dir='ltr'><strong>qumrentes</strong></span> <span class='ocrx_word' id='word_1_870' title='bbox 2419 4449 2505 4488; x_wconf 89' lang='lat' dir='ltr'><strong>me</strong></span> <span class='ocrx_word' id='word_1_871' title='bbox 2543 4433 2813 4495; x_wconf 88' lang='lat' dir='ltr'><strong>occidere,</strong></span> <span class='ocrx_word' id='word_1_872' title='bbox 2847 4430 3052 4486; x_wconf 81' lang='lat' dir='ltr'><strong>similes</strong></span> <span class='ocrx_word' id='word_1_873' title='bbox 3098 4429 3224 4482; x_wconf 79' lang='lat' dir='ltr'><strong>lacti</strong></span> <span class='ocrx_word' id='word_1_874' title='bbox 3266 4429 3399 4482; x_wconf 89' lang='lat' dir='ltr'><strong>estis</strong></span> <span class='ocrx_word' id='word_1_875' title='bbox 3426 4427 3522 4488; x_wconf 89' lang='lat' dir='ltr'><strong>illi.</strong></span> <span class='ocrx_word' id='word_1_876' title='bbox 3555 4428 3645 4495; x_wconf 91' lang='lat' dir='ltr'><strong>qui</strong></span> 
     </span>
    </p>
   </div>
   <div class='ocr_carea' id='block_1_104' title="bbox 2065 4519 3647 4593">
    <p class='ocr_par' dir='ltr' id='par_1_104' title="bbox 2065 4519 3647 4593">
     <span class='ocr_line' id='line_1_104' title="bbox 2065 4519 3647 4593; baseline -0.009 -6"><span class='ocrx_word' id='word_1_877' title='bbox 2065 4533 2232 4586; x_wconf 88' lang='lat' dir='ltr'><strong>Adam</strong></span> <span class='ocrx_word' id='word_1_878' title='bbox 2272 4526 2488 4583; x_wconf 88' lang='lat' dir='ltr'><strong>occidit.</strong></span> <span class='ocrx_word' id='word_1_879' title='bbox 2549 4526 2689 4593; x_wconf 86' lang='lat' dir='ltr'><strong>Quin</strong></span> <span class='ocrx_word' id='word_1_880' title='bbox 2734 4544 2752 4576; x_wconf 80' lang='grc' dir='ltr'>ι</span> <span class='ocrx_word' id='word_1_881' title='bbox 2789 4536 2843 4579; x_wconf 85' lang='lat' dir='ltr'>et</span> <span class='ocrx_word' id='word_1_882' title='bbox 2874 4523 2961 4578; x_wconf 88' lang='lat' dir='ltr'><strong>ille</strong></span> <span class='ocrx_word' id='word_1_883' title='bbox 3016 4522 3067 4575; x_wconf 89' lang='lat' dir='ltr'>in</span> <span class='ocrx_word' id='word_1_884' title='bbox 3096 4523 3323 4575; x_wconf 88' lang='lat' dir='ltr'><strong>veritate</strong></span> <span class='ocrx_word' id='word_1_885' title='bbox 3353 4535 3459 4574; x_wconf 91' lang='lat' dir='ltr'>non</span> <span class='ocrx_word' id='word_1_886' title='bbox 3477 4519 3647 4584; x_wconf 88' lang='lat' dir='ltr'><strong>stetit,</strong></span> 
     </span>
    </p>
   </div>
   <div class='ocr_carea' id='block_1_105' title="bbox 2067 4613 3650 4688">
    <p class='ocr_par' dir='ltr' id='par_1_105' title="bbox 2067 4613 3650 4688">
     <span class='ocr_line' id='line_1_105' title="bbox 2067 4613 3650 4688; baseline -0.008 -8"><span class='ocrx_word' id='word_1_887' title='bbox 2067 4625 2160 4680; x_wconf 87' lang='lat' dir='ltr'>sed</span> <span class='ocrx_word' id='word_1_888' title='bbox 2198 4620 2462 4677; x_wconf 86' lang='lat' dir='ltr'><strong>mendacii</strong></span> <span class='ocrx_word' id='word_1_889' title='bbox 2493 4628 2645 4688; x_wconf 88' lang='lat' dir='ltr'><strong>pater</strong></span> <span class='ocrx_word' id='word_1_890' title='bbox 2665 4628 2786 4684; x_wconf 86' lang='lat' dir='ltr'><strong>est;</strong></span> <span class='ocrx_word' id='word_1_891' title='bbox 2817 4637 2835 4669; x_wconf 78' lang='grc' dir='ltr'>ι</span> <span class='ocrx_word' id='word_1_892' title='bbox 2880 4617 3045 4686; x_wconf 85' lang='lat' dir='ltr'><strong>igitur</strong></span> <span class='ocrx_word' id='word_1_893' title='bbox 3078 4623 3130 4670; x_wconf 91' lang='lat' dir='ltr'>et</span> <span class='ocrx_word' id='word_1_894' title='bbox 3184 4629 3280 4668; x_wconf 91' lang='lat' dir='ltr'>vos</span> <span class='ocrx_word' id='word_1_895' title='bbox 3328 4613 3650 4668; x_wconf 77' lang='lat' dir='ltr'><strong>mentientes</strong></span> 
     </span>
    </p>
   </div>
   <div class='ocr_carea' id='block_1_106' title="bbox 2067 4707 3650 4782">
    <p class='ocr_par' dir='ltr' id='par_1_106' title="bbox 2067 4707 3650 4782">
     <span class='ocr_line' id='line_1_106' title="bbox 2067 4707 3650 4782; baseline -0.008 -12"><span class='ocrx_word' id='word_1_896' title='bbox 2067 4724 2122 4771; x_wconf 90' lang='lat' dir='ltr'>et</span> <span class='ocrx_word' id='word_1_897' title='bbox 2170 4715 2436 4776; x_wconf 88' lang='lat' dir='ltr'><strong>dicentes,</strong></span> <span class='ocrx_word' id='word_1_898' title='bbox 2474 4712 2617 4782; x_wconf 92' lang='lat' dir='ltr'><strong>quod</strong></span> <span class='ocrx_word' id='word_1_899' title='bbox 2659 4725 2763 4764; x_wconf 93' lang='lat' dir='ltr'>non</span> <span class='ocrx_word' id='word_1_900' title='bbox 2787 4711 2886 4763; x_wconf 78' lang='lat' dir='ltr'><strong>siin</strong></span> <span class='ocrx_word' id='word_1_901' title='bbox 2919 4724 2982 4762; x_wconf 82' lang='lat' dir='ltr'><strong>ex</strong></span> <span class='ocrx_word' id='word_1_902' title='bbox 3047 4707 3179 4770; x_wconf 88' lang='lat' dir='ltr'><strong>Deo,</strong></span> <span class='ocrx_word' id='word_1_903' title='bbox 3213 4715 3270 4761; x_wconf 89' lang='lat' dir='ltr'>et</span> <span class='ocrx_word' id='word_1_904' title='bbox 3305 4720 3410 4760; x_wconf 90' lang='lat' dir='ltr'>non</span> <span class='ocrx_word' id='word_1_905' title='bbox 3442 4713 3650 4758; x_wconf 78' lang='lat' dir='ltr'><strong>stantes</strong></span> 
     </span>
    </p>
   </div>
   <div class='ocr_carea' id='block_1_107' title="bbox 2070 4795 3650 4872">
    <p class='ocr_par' dir='ltr' id='par_1_107' title="bbox 2070 4795 3650 4872">
     <span class='ocr_line' id='line_1_107' title="bbox 2070 4795 3650 4872; baseline -0.008 -11"><span class='ocrx_word' id='word_1_906' title='bbox 2070 4808 2123 4861; x_wconf 90' lang='lat' dir='ltr'>in</span> <span class='ocrx_word' id='word_1_907' title='bbox 2159 4808 2411 4865; x_wconf 85' lang='lat' dir='ltr'><strong>veritate.</strong></span> <span class='ocrx_word' id='word_1_908' title='bbox 2444 4820 2623 4872; x_wconf 87' lang='lat' dir='ltr'><strong>neque</strong></span> <span class='ocrx_word' id='word_1_909' title='bbox 2655 4811 2939 4857; x_wconf 78' lang='lat' dir='ltr'><strong>manentes</strong></span> <span class='ocrx_word' id='word_1_910' title='bbox 2971 4802 3021 4854; x_wconf 91' lang='lat' dir='ltr'>in</span> <span class='ocrx_word' id='word_1_911' title='bbox 3050 4814 3167 4855; x_wconf 86' lang='lat' dir='ltr'>meo</span> <span class='ocrx_word' id='word_1_912' title='bbox 3195 4812 3470 4860; x_wconf 85' lang='lat' dir='ltr'><strong>sermone,</strong></span> <span class='ocrx_word' id='word_1_913' title='bbox 3506 4795 3650 4850; x_wconf 78' lang='lat' dir='ltr'><strong>illius</strong></span> 
     </span>
    </p>
   </div>
   <div class='ocr_carea' id='block_1_108' title="bbox 2071 4890 3649 4967">
    <p class='ocr_par' dir='ltr' id='par_1_108' title="bbox 2071 4890 3649 4967">
     <span class='ocr_line' id='line_1_108' title="bbox 2071 4890 3649 4967; baseline -0.008 -12"><span class='ocrx_word' id='word_1_914' title='bbox 2071 4901 2164 4955; x_wconf 88' lang='lat' dir='ltr'><strong>lilii</strong></span> <span class='ocrx_word' id='word_1_915' title='bbox 2226 4899 2383 4965; x_wconf 90' lang='lat' dir='ltr'><strong>estis,</strong></span> <span class='ocrx_word' id='word_1_916' title='bbox 2442 4898 2535 4967; x_wconf 91' lang='lat' dir='ltr'>qui</span> <span class='ocrx_word' id='word_1_917' title='bbox 2594 4897 2939 4952; x_wconf 86' lang='lat' dir='ltr'><strong>mendacium</strong></span> <span class='ocrx_word' id='word_1_918' title='bbox 2989 4894 3214 4964; x_wconf 71' lang='lat' dir='ltr'><strong>peperit.</strong></span> <span class='ocrx_word' id='word_1_919' title='bbox 3266 4891 3400 4946; x_wconf 82' lang='lat' dir='ltr'><strong>Nam</strong></span> <span class='ocrx_word' id='word_1_920' title='bbox 3447 4890 3535 4944; x_wconf 90' lang='lat' dir='ltr'><strong>ille</strong></span> <span class='ocrx_word' id='word_1_921' title='bbox 3594 4895 3649 4944; x_wconf 88' lang='lat' dir='ltr'>et</span> 
     </span>
    </p>
   </div>
   <div class='ocr_carea' id='block_1_109' title="bbox 2072 4980 3646 5061">
    <p class='ocr_par' dir='ltr' id='par_1_109' title="bbox 2072 4980 3646 5061">
     <span class='ocr_line' id='line_1_109' title="bbox 2072 4980 3646 5061; baseline -0.011 -13"><span class='ocrx_word' id='word_1_922' title='bbox 2072 4993 2238 5048; x_wconf 90' lang='lat' dir='ltr'><strong>Deum</strong></span> <span class='ocrx_word' id='word_1_923' title='bbox 2273 4991 2412 5061; x_wconf 91' lang='lat' dir='ltr'><strong>apud</strong></span> <span class='ocrx_word' id='word_1_924' title='bbox 2475 4989 2726 5042; x_wconf 81' lang='lat' dir='ltr'><strong>homines</strong></span> <span class='ocrx_word' id='word_1_925' title='bbox 2786 4984 3107 5039; x_wconf 83' lang='lat' dir='ltr'><strong>criminatus</strong></span> <span class='ocrx_word' id='word_1_926' title='bbox 3147 4992 3250 5045; x_wconf 87' lang='lat' dir='ltr'><strong>est,</strong></span> <span class='ocrx_word' id='word_1_927' title='bbox 3294 4981 3415 5034; x_wconf 70' lang='lat' dir='ltr'><strong>Eva:</strong></span> <span class='ocrx_word' id='word_1_928' title='bbox 3442 4980 3646 5042; x_wconf 81' lang='lat' dir='ltr'><strong>dicens,</strong></span> 
     </span>
    </p>
   </div>
   <div class='ocr_carea' id='block_1_110' title="bbox 2073 5069 3647 5148">
    <p class='ocr_par' dir='ltr' id='par_1_110' title="bbox 2073 5069 3647 5148">
     <span class='ocr_line' id='line_1_110' title="bbox 2073 5069 3647 5148; baseline -0.007 -11"><span class='ocrx_word' id='word_1_929' title='bbox 2073 5103 2093 5137; x_wconf 82' lang='grc' dir='ltr'>ι</span> <span class='ocrx_word' id='word_1_930' title='bbox 2116 5084 2367 5137; x_wconf 90' lang='lat' dir='ltr'><strong>lnvidens</strong></span> <span class='ocrx_word' id='word_1_931' title='bbox 2394 5080 2566 5143; x_wconf 85' lang='lat' dir='ltr'><strong>vobis,</strong></span> <span class='ocrx_word' id='word_1_932' title='bbox 2614 5078 2890 5148; x_wconf 87' lang='lat' dir='ltr'><strong>prohibuit</strong></span> <span class='ocrx_word' id='word_1_933' title='bbox 2918 5090 3011 5130; x_wconf 92' lang='lat' dir='ltr'>vos</span> <span class='ocrx_word' id='word_1_934' title='bbox 3048 5092 3076 5129; x_wconf 87' lang='lat' dir='ltr'>a</span> <span class='ocrx_word' id='word_1_935' title='bbox 3108 5074 3254 5143; x_wconf 81' lang='lat' dir='ltr'><strong>ligno</strong></span> <span class='ocrx_word' id='word_1_936' title='bbox 3279 5073 3320 5103; x_wconf 83' lang='lat'>&quot;</span> <span class='ocrx_word' id='word_1_937' title='bbox 3344 5111 3357 5126; x_wconf 96' lang='lat'>.</span> <span class='ocrx_word' id='word_1_938' title='bbox 3384 5090 3403 5123; x_wconf 75' lang='grc' dir='ltr'>ι</span> <span class='ocrx_word' id='word_1_939' title='bbox 3448 5069 3514 5124; x_wconf 86' lang='grc' dir='ltr'>Ει</span> <span class='ocrx_word' id='word_1_940' title='bbox 3544 5071 3647 5126; x_wconf 80' lang='lat' dir='ltr'><strong>ite-</strong></span> 
     </span>
    </p>
   </div>
   <div class='ocr_carea' id='block_1_111' title="bbox 2068 5160 3647 5242">
    <p class='ocr_par' dir='ltr' id='par_1_111' title="bbox 2068 5160 3647 5242">
     <span class='ocr_line' id='line_1_111' title="bbox 2068 5160 3647 5242; baseline -0.008 -13"><span class='ocrx_word' id='word_1_941' title='bbox 2068 5192 2190 5231; x_wconf 90' lang='lat' dir='ltr'><strong>rum</strong></span> <span class='ocrx_word' id='word_1_942' title='bbox 2228 5175 2368 5242; x_wconf 86' lang='lat' dir='ltr'><strong>apud</strong></span> <span class='ocrx_word' id='word_1_943' title='bbox 2425 5172 2596 5226; x_wconf 88' lang='lat' dir='ltr'><strong>Deum</strong></span> <span class='ocrx_word' id='word_1_944' title='bbox 2649 5169 2897 5224; x_wconf 83' lang='lat' dir='ltr'><strong>homines</strong></span> <span class='ocrx_word' id='word_1_945' title='bbox 2943 5167 3220 5221; x_wconf 79' lang='lat' dir='ltr'><strong>accusavit</strong></span> <span class='ocrx_word' id='word_1_946' title='bbox 3254 5163 3408 5225; x_wconf 78' lang='lat' dir='ltr'><strong>falso,</strong></span> <span class='ocrx_word' id='word_1_947' title='bbox 3442 5171 3498 5215; x_wconf 87' lang='grc' dir='ltr'>ιιι</span> <span class='ocrx_word' id='word_1_948' title='bbox 3525 5160 3647 5224; x_wconf 71' lang='lat' dir='ltr'><strong>Job,</strong></span> 
     </span>
    </p>
   </div>
   <div class='ocr_carea' id='block_1_112' title="bbox 2068 5251 3652 5331">
    <p class='ocr_par' dir='ltr' id='par_1_112' title="bbox 2068 5251 3652 5331">
     <span class='ocr_line' id='line_1_112' title="bbox 2068 5251 3652 5331; baseline -0.009 -12"><span class='ocrx_word' id='word_1_949' title='bbox 2068 5265 2253 5320; x_wconf 90' lang='lat' dir='ltr'><strong>dicens</strong></span> <span class='ocrx_word' id='word_1_950' title='bbox 2272 5263 2314 5295; x_wconf 80' lang='grc'>’⁸</span> <span class='ocrx_word' id='word_1_951' title='bbox 2337 5281 2350 5317; x_wconf 92' lang='lat'><strong>:</strong></span> <span class='ocrx_word' id='word_1_952' title='bbox 2377 5281 2394 5314; x_wconf 79' lang='grc' dir='ltr'>ι</span> <span class='ocrx_word' id='word_1_953' title='bbox 2427 5262 2566 5315; x_wconf 71' lang='lat' dir='ltr'>Num</span> <span class='ocrx_word' id='word_1_954' title='bbox 2602 5260 2772 5331; x_wconf 79' lang='lat' dir='ltr'><strong>gratis</strong></span> <span class='ocrx_word' id='word_1_955' title='bbox 2789 5257 2889 5311; x_wconf 81' lang='lat' dir='ltr'>Job</span> <span class='ocrx_word' id='word_1_956' title='bbox 2913 5252 3262 5311; x_wconf 74' lang='lat' dir='ltr'><strong>colitDeutn?</strong></span> <span class='ocrx_word' id='word_1_957' title='bbox 3286 5272 3305 5306; x_wconf 75' lang='grc' dir='ltr'>ι</span> <span class='ocrx_word' id='word_1_958' title='bbox 3331 5254 3461 5307; x_wconf 82' lang='lat' dir='ltr'><strong>Cum</strong></span> <span class='ocrx_word' id='word_1_959' title='bbox 3487 5251 3652 5321; x_wconf 83' lang='lat' dir='ltr'><strong>igitur</strong></span> 
     </span>
    </p>
   </div>
   <div class='ocr_carea' id='block_1_113' title="bbox 2074 5346 3649 5426">
    <p class='ocr_par' dir='ltr' id='par_1_113' title="bbox 2074 5346 3649 5426">
     <span class='ocr_line' id='line_1_113' title="bbox 2074 5346 3649 5426; baseline -0.008 -17"><span class='ocrx_word' id='word_1_960' title='bbox 2074 5355 2312 5426; x_wconf 87' lang='lat' dir='ltr'><strong>loquitur</strong></span> <span class='ocrx_word' id='word_1_961' title='bbox 2337 5354 2697 5416; x_wconf 81' lang='lat' dir='ltr'><strong>mendacium,</strong></span> <span class='ocrx_word' id='word_1_962' title='bbox 2725 5367 2789 5405; x_wconf 85' lang='lat' dir='ltr'><strong>ex</strong></span> <span class='ocrx_word' id='word_1_963' title='bbox 2823 5349 3051 5418; x_wconf 87' lang='lat' dir='ltr'><strong>propriis</strong></span> <span class='ocrx_word' id='word_1_964' title='bbox 3072 5346 3310 5417; x_wconf 89' lang='lat' dir='ltr'><strong>loquitur</strong></span> <span class='ocrx_word' id='word_1_965' title='bbox 3339 5363 3351 5398; x_wconf 94' lang='lat'>:</span> <span class='ocrx_word' id='word_1_966' title='bbox 3409 5346 3512 5399; x_wconf 88' lang='lat' dir='ltr'>hoc</span> <span class='ocrx_word' id='word_1_967' title='bbox 3540 5353 3649 5402; x_wconf 88' lang='lat' dir='ltr'><strong>est,</strong></span> 
     </span>
    </p>
   </div>
   <div class='ocr_carea' id='block_1_114' title="bbox 2077 5433 3648 5513">
    <p class='ocr_par' dir='ltr' id='par_1_114' title="bbox 2077 5433 3648 5513">
     <span class='ocr_line' id='line_1_114' title="bbox 2077 5433 3648 5513; baseline -0.009 -14"><span class='ocrx_word' id='word_1_968' title='bbox 2077 5447 2324 5500; x_wconf 88' lang='lat' dir='ltr'><strong>homines</strong></span> <span class='ocrx_word' id='word_1_969' title='bbox 2383 5444 2599 5513; x_wconf 81' lang='lat' dir='ltr'><strong>quidem</strong></span> <span class='ocrx_word' id='word_1_970' title='bbox 2660 5441 2943 5496; x_wconf 85' lang='lat' dir='ltr'><strong>mendacio</strong></span> <span class='ocrx_word' id='word_1_971' title='bbox 3002 5439 3109 5504; x_wconf 84' lang='lat' dir='ltr'><strong>usi,</strong></span> <span class='ocrx_word' id='word_1_972' title='bbox 3172 5437 3324 5508; x_wconf 90' lang='lat' dir='ltr'><strong>quasi</strong></span> <span class='ocrx_word' id='word_1_973' title='bbox 3363 5450 3423 5489; x_wconf 89' lang='lat' dir='ltr'>re</span> <span class='ocrx_word' id='word_1_974' title='bbox 3478 5433 3648 5489; x_wconf 86' lang='lat' dir='ltr'><strong>aliena</strong></span> 
     </span>
    </p>
   </div>
   <div class='ocr_carea' id='block_1_115' title="bbox 2068 5527 3648 5602">
    <p class='ocr_par' dir='ltr' id='par_1_115' title="bbox 2068 5527 3648 5602">
     <span class='ocr_line' id='line_1_115' title="bbox 2068 5527 3648 5602; baseline -0.011 -9"><span class='ocrx_word' id='word_1_975' title='bbox 2068 5547 2292 5593; x_wconf 91' lang='lat' dir='ltr'><strong>utuntur</strong></span> <span class='ocrx_word' id='word_1_976' title='bbox 2321 5551 2423 5602; x_wconf 84' lang='lat' dir='ltr'><strong>eo;</strong></span> <span class='ocrx_word' id='word_1_977' title='bbox 2459 5534 2713 5589; x_wconf 88' lang='lat' dir='ltr'><strong>diabolus</strong></span> <span class='ocrx_word' id='word_1_978' title='bbox 2761 5540 2942 5586; x_wconf 88' lang='lat' dir='ltr'><strong>autem</strong></span> <span class='ocrx_word' id='word_1_979' title='bbox 2979 5545 3100 5585; x_wconf 91' lang='lat' dir='ltr'>cum</span> <span class='ocrx_word' id='word_1_980' title='bbox 3147 5528 3429 5584; x_wconf 86' lang='lat' dir='ltr'><strong>mendacio</strong></span> <span class='ocrx_word' id='word_1_981' title='bbox 3460 5527 3648 5584; x_wconf 79' lang='lat' dir='ltr'><strong>utitur,</strong></span> 
     </span>
    </p>
   </div>
   <div class='ocr_carea' id='block_1_116' title="bbox 2062 5618 3650 5700">
    <p class='ocr_par' dir='ltr' id='par_1_116' title="bbox 2062 5618 3650 5700">
     <span class='ocr_line' id='line_1_116' title="bbox 2062 5618 3650 5700; baseline -0.009 -13"><span class='ocrx_word' id='word_1_982' title='bbox 2062 5647 2123 5687; x_wconf 87' lang='lat' dir='ltr'>re</span> <span class='ocrx_word' id='word_1_983' title='bbox 2165 5629 2381 5700; x_wconf 84' lang='lat' dir='ltr'><strong>prepria</strong></span> <span class='ocrx_word' id='word_1_984' title='bbox 2436 5628 2649 5682; x_wconf 88' lang='lat' dir='ltr'><strong>utitur:</strong></span> <span class='ocrx_word' id='word_1_985' title='bbox 2688 5641 2813 5681; x_wconf 87' lang='lat' dir='ltr'>nam</span> <span class='ocrx_word' id='word_1_986' title='bbox 2855 5623 3024 5694; x_wconf 88' lang='lat' dir='ltr'><strong>ipsius</strong></span> <span class='ocrx_word' id='word_1_987' title='bbox 3054 5631 3135 5679; x_wconf 90' lang='lat' dir='ltr'>est</span> <span class='ocrx_word' id='word_1_988' title='bbox 3171 5622 3371 5692; x_wconf 88' lang='lat' dir='ltr'><strong>proles,</strong></span> <span class='ocrx_word' id='word_1_989' title='bbox 3420 5627 3476 5674; x_wconf 89' lang='lat' dir='ltr'>et</span> <span class='ocrx_word' id='word_1_990' title='bbox 3532 5618 3650 5688; x_wconf 83' lang='lat' dir='ltr'><strong>ipse</strong></span> 
     </span>
    </p>
   </div>
   <div class='ocr_carea' id='block_1_117' title="bbox 2058 5707 3643 5794">
    <p class='ocr_par' dir='ltr' id='par_1_117' title="bbox 2058 5707 3643 5794">
     <span class='ocr_line' id='line_1_117' title="bbox 2058 5707 3643 5794; baseline -0.013 -14"><span class='ocrx_word' id='word_1_991' title='bbox 2058 5721 2278 5794; x_wconf 86' lang='lat' dir='ltr'><strong>proprie</strong></span> <span class='ocrx_word' id='word_1_992' title='bbox 2299 5730 2379 5777; x_wconf 85' lang='lat' dir='ltr'>est</span> <span class='ocrx_word' id='word_1_993' title='bbox 2408 5718 2663 5786; x_wconf 79' lang='lat' dir='ltr'><strong>mendax,</strong></span> <span class='ocrx_word' id='word_1_994' title='bbox 2685 5725 2740 5773; x_wconf 90' lang='lat' dir='ltr'>et</span> <span class='ocrx_word' id='word_1_995' title='bbox 2764 5725 2917 5788; x_wconf 87' lang='lat' dir='ltr'><strong>pater</strong></span> <span class='ocrx_word' id='word_1_996' title='bbox 2944 5716 3084 5788; x_wconf 87' lang='lat' dir='ltr'><strong>ejus,</strong></span> <span class='ocrx_word' id='word_1_997' title='bbox 3112 5714 3213 5770; x_wconf 88' lang='lat' dir='ltr'>hoc</span> <span class='ocrx_word' id='word_1_998' title='bbox 3243 5721 3346 5779; x_wconf 90' lang='lat' dir='ltr'><strong>est,</strong></span> <span class='ocrx_word' id='word_1_999' title='bbox 3381 5707 3643 5765; x_wconf 82' lang='lat' dir='ltr'><strong>mendacii</strong></span> 
     </span>
    </p>
   </div>
  </div>
