4060 6594
260 435 335 500 33

893 432 1338 493 ENARRATIO
1378 432 1459 493 IN
1507 432 2003 496 EVANGELIUM
2042 432 2383 494 JOANNIS.
2423 456 2492 469 --
2523 433 2683 495 CAP.
2735 431 2902 494 VIII.

3465 432 3537 495 34

258 547 536 620 ψεύστας,
571 544 665 598 τοῦ
708 543 961 615 Σωτῆρος
996 545 1091 597 καὶ
1125 543 1360 614 ἀληθοῦς
1394 546 1543 609 υἱοὺς
1577 544 1845 615 ὀνομάζε-

1969 548 2164 599 ἡιιιθιιι
2195 560 2394 600 meum.
2419 562 2441 597 ι
2469 544 2747 611 Quomodo
2763 555 2943 602 autem
2963 546 3264 603 honorabat
3281 546 3538 607 Patrem?

265 637 407 691 σθαι.
441 636 631 705 Ὑμεῖς
662 634 773 697 οὖν,
802 636 959 702 φησι,
988 634 1122 688 διότι
1173 635 1263 689 τὸν
1293 637 1508 706 Πατέρα
1552 653 1655 707 μου
1706 634 1855 706 τιμῶ

264 728 621 801 ὑϐριζόμενον
654 726 785 797 παρ’
816 727 993 797 ὑμῶν,
1024 727 1503 796 συκοφαντούντων
1531 727 1715 781 αὑτὸν.
1745 744 1853 782 πα-

265 824 400 890 τέρα
434 820 701 890 ὑμέτερον
734 814 871 871 εἶναι
892 858 907 879 ,
942 817 1031 871 διὰ
1063 818 1221 872 τοῦτό
1260 836 1328 888 με
1364 818 1685 885 ἀτιμάζετε.
1711 817 1853 872 Ἀλλ’

266 915 316 966 εἰ
346 915 504 982 καγω
538 912 774 982 ἐμαυτὸν
801 913 902 965 οῦκ
933 912 1153 975 ὲκδικῶ,
1184 913 1447 982 ἀνέχομαι
1477 914 1531 965 δὲ
1564 912 1856 983 ὑϐριζόμε-

267 1024 356 1070 νος
376 1045 391 1067 ,
427 1005 502 1076 μὴ
531 1006 780 1075 νομίζετε
816 1005 1171 1078 ἀνεκδίκητον
1203 1006 1531 1076 ἐαοήσεσθαι
1562 1007 1660 1076 τὴν
1696 1006 1855 1077 ὓϐριν

266 1099 491 1170 ταύτην.
513 1099 671 1152 Ἐστι
700 1099 807 1169 γὰρ
838 1101 866 1152 0
895 1099 1104 1169 Πατὴρ,
1133 1098 1195 1161 ὃς
1224 1099 1322 1167 ἐμὲ
1353 1098 1628 1169 ἐκδικήσει
1653 1099 1743 1152 τὸν
1769 1099 1858 1152 διὰ

216 1188 225 1191 ⁷
267 1191 426 1245 τοῦτο
452 1192 840 1263 ὑϐριζόμενον,
867 1193 949 1246 ὅτι
976 1192 1139 1245 αὐτὸν
1166 1190 1395 1253 ὲκδικῶ,
1424 1192 1519 1246 καὶ
1544 1193 1643 1246 οῦκ
1671 1193 1857 1263 ἀνέχο-

273 1302 370 1356 μαι
403 1285 556 1355 ὑμῶν
585 1283 880 1337 ποιούντων
911 1284 1137 1346 ἑαυτοὺς
1178 1281 1328 1346 υἱοὺς
1384 1281 1616 1336 ἐκείνου.
1667 1282 1857 1334 Ἔστιν

272 1374 364 1432 οὖν
390 1381 416 1431 ὁ
446 1377 625 1449 ζητῶν
652 1379 749 1448 τὴν
775 1377 912 1449 ἐμὴν
938 1375 1126 1441 δόξαν,
1176 1377 1270 1430 καὶ
1303 1374 1377 1447 μὴ
1425 1374 1584 1446 μόνον
1634 1372 1814 1445 ζητῶν
1840 1414 1856 1435 ,

273 1471 408 1524 ἀλλὰ
456 1474 550 1524 καὶ
594 1470 898 1538 δυνάμενος
948 1472 1131 1539 κρῖναι
1179 1469 1272 1521 καὶ
1319 1466 1683 1521 καταδικάσαι
1731 1465 1860 1525 τοὺς

272 1564 481 1631 ἀλόγως
517 1563 838 1634 ὑϐρίζοντάς
874 1580 961 1633 με.
999 1561 1264 1624 Πολλάκις
1299 1559 1408 1631 γάρ
1434 1577 1518 1623 τις
1569 1560 1723 1630 ζητεῖ
1757 1557 1858 1628 μὲν

272 1657 629 1727 ἐκδικηθῆναι
658 1657 756 1726 τὴν
787 1654 977 1727 ὓϐριν,
1007 1656 1068 1708 οῦ
1100 1653 1321 1708 δύναται
1352 1655 1408 1707 δὲ
1441 1654 1601 1719 αὐτὸς
1635 1654 1855 1723 κρῖναι·

272 1751 300 1803 0
338 1749 471 1817 γοῦν
516 1749 706 1820 Πατὴρ
746 1747 840 1801 καὶ
880 1747 1034 1818 ζητεί
1070 1748 1170 1816 τὴν
1238 1746 1332 1800 τοῦ
1373 1744 1503 1799 Υίοῦ
1541 1742 1719 1808 δόξχν,
1764 1741 1859 1797 καὶ

273 1844 497 1898 δύναται
534 1845 737 1913 κρῖναι.
769 1841 869 1894 Διὰ
896 1839 1055 1895 τοῦτο
1087 1835 1181 1894 οὖν
1208 1836 1361 1897 εἶπεν
1380 1855 1396 1871 ’
1434 1856 1453 1890 ι
1481 1839 1669 1892 Ἔστιν
1698 1837 1725 1890 ὀ
1758 1834 1859 1907 ζη·

274 1936 385 1990 τῶν
416 1937 511 1988 καὶ
541 1937 764 2006 κρίνων.
804 1952 823 1986 ι

351 2132 371 2165 ι
415 2111 609 2184 Ἀμὴν,
636 2110 783 2182 ἀμὴν
810 2110 955 2179 λέγω
985 2110 1135 2180 ὑμῖν,
1176 2107 1272 2162 ἐάν
1310 2125 1393 2171 τις
1434 2111 1528 2162 τὸν
1565 2105 1725 2176 λόγον
1759 2105 1859 2160 σιὸν

278 2207 413 2279 ἐμὸν
470 2208 711 2279 τηρήσῃ,
780 2204 1010 2258 θάνατον
1073 2204 1134 2257 00
1203 2202 1278 2274 μὴ
1325 2202 1580 2274 θεωρήσῃ
1637 2203 1715 2262 εἰς
1770 2200 1860 2253 τὸν

281 2299 475 2354 αἰῶνα.
531 2295 700 2352 Εἶπον
730 2291 822 2351 οὖν
855 2296 1002 2368 αὐτῷ
1042 2297 1092 2350 οἱ
1136 2296 1408 2349 Ἰουδαῖοι·
1457 2294 1570 2346 Νῦν
1620 2292 1861 2362 ἐγνώκα-

286 2412 408 2466 μεν,
446 2394 529 2447 ὅτι
560 2391 842 2463 δαιμόνιον
873 2390 1041 2461 ἔχεις.
1088 2388 1339 2460 Ἀϐραὰμ
1377 2387 1637 2450 ἀπέθανε,
1673 2385 1768 2438 καὶ
1812 2386 1860 2437 οἱ

282 2485 578 2556 προφῆται,
614 2484 712 2536 καὶ
774 2482 838 2534 σὺ
870 2479 1049 2546 λέγεις
1077 2492 1091 2506 °
1134 2478 1262 2531 Ἐάν
1304 2494 1388 2541 τις
1428 2474 1519 2529 τὸν
1554 2474 1709 2542 λόγον
1757 2490 1860 2542 μου

284 2580 520 2649 τηρήσῃ,
560 2576 621 2630 οῦ
655 2575 732 2646 μὴ
776 2573 1041 2645 γεύσηται
1072 2572 1303 2626 θανάτου
1343 2572 1423 2633 είς
1455 2569 1546 2622 τὸν
1582 2568 1787 2622 αἰῶνα.
1837 2584 1855 2617 ι

288 2672 353 2723 Ὢ
398 2672 498 2739 τῆς
559 2666 1020 2737 φιλανθρωπίαςῑ
1071 2665 1302 2717 Ἐκεῖνοι
1368 2663 1467 2733 μὲν
1527 2658 1860 2731 ὑϐρίζουσιν,

287 2764 447 2826 αὐτὸς
475 2762 532 2815 δὲ
560 2761 659 2832 τὴν
700 2760 831 2831 περὶ
858 2758 959 2828 τῆς
990 2758 1146 2830 δόξης
1184 2753 1355 2810 αὐτοῦ
1386 2755 1614 2825 ζήτησιν
1641 2753 1735 2806 καὶ
1771 2756 1865 2806 ὲκ-

287 2857 498 2927 δίκησιν
540 2854 619 2925 τῷ
649 2854 826 2927 Ila-r91
861 2852 1157 2915 ἀνατιθεὶς,
1197 2851 1276 2913 είς
1312 2850 1637 2919 παραίνεσιν
1664 2847 1756 2900 καὶ
1788 2844 1865 2907 δι-

288 2948 586 3004 δασκαλίαν
644 2947 930 3018 τρέπεται,
985 2943 1292 3013 εὐεργετῶν
1341 2942 1467 3004 τοὺς
1521 2937 1863 3010 ὑϐρίζοντας.

289 3041 444 3115 Οὕτω
474 3042 555 3094 δεῖ
580 3041 673 3094 καὶ
702 3041 850 3111 ἡμᾶς
880 3037 1188 3109 ἀμύνεσθαι
1221 3034 1348 3098 τοὺς
1381 3033 1631 3105 ἐχθρούς.
1676 3033 1742 3086 Τί
1773 3029 1865 3084 οὖν

290 3136 474 3198 αὐτοῖς
498 3128 691 3201 sim-1v;
730 3151 748 3185 t
800 3130 927 3185 Ἐάν
966 3147 1048 3192 τις
1078 3128 1170 3181 τὸν
1205 3129 1361 3195 λόγον
1406 3144 1508 3198 μου
1550 3126 1798 3196 τηρήσῃ*
1839 3140 1854 3174 ι

1961 634 2240 690 lllciscens
2261 633 2503 700 illum,et
2525 650 2631 689 non
2652 636 2834 693 sinens
2855 651 2948 693 eos
2970 638 3062 705 qui
3078 638 3365 695 homicida:
3380 650 3539 694 erant

1957 743 2021 783 ac
2043 727 2363 793 mendaces,
2393 726 2697 782 Salvatoris
2723 738 2777 784 et
2809 730 3055 786 veritatis
3078 730 3219 791 tilios
3240 731 3534 786 nominari.

1959 820 2066 876 Vos
2093 821 2279 891 igitur,
2305 820 2513 888 inquit,
2546 836 2611 876 eo
2640 823 2781 891 quod
2816 823 3022 879 honoro
3069 822 3282 885 Patrem
3329 838 3537 888 meum,

1956 924 2120 979 quem
2156 924 2251 965 vos
2272 909 2467 979 injuria
2488 909 2722 977 adicitis,
2754 914 2879 966 dum
2900 911 3041 967 falso
3057 912 3338 969 aﬂirmatis
3360 916 3535 984 ipsum

1958 1016 2082 1057 esse
2129 1000 2348 1057 Patrem
2415 1014 2677 1068 vestrum,
2742 1014 3026 1073 propterea
3099 1021 3186 1060 mc
3239 1007 3534 1077 ignominia

1959 1091 2212 1160 adicitis;
2240 1097 2333 1150 sed
2367 1096 2619 1165 quamvis
2664 1112 2764 1169 ego
2808 1098 3078 1168 meipsmn
3136 1116 3241 1154 nou
3296 1101 3537 1163 vindico,

1958 1185 2055 1239 sed
2098 1200 2220 1240 cum
2272 1185 2470 1257 injuria
2499 1188 2725 1255 aﬂitior,
2777 1191 3023 1245 sustineo
3064 1206 3173 1246 :ue
3215 1193 3541 1253 existimetis

1961 1276 2189 1332 inultam
2220 1277 2339 1334 tore
2386 1278 2637 1348 injuriatn
2684 1283 2843 1337 hanc.
2889 1284 2985 1339 Est
3017 1285 3173 1355 enim
3219 1284 3399 1352 Pater,
3447 1289 3541 1357 qui

1961 1371 2374 1440 menlciscitur,
2408 1374 2533 1443 quia
2564 1385 2849 1445 propterea
2882 1378 3079 1447 injuria
3111 1377 3342 1445 καίριον,
3387 1382 3534 1450 quod

1960 1470 2137 1541 ipsum
2180 1472 2434 1538 ulciscor,
2495 1483 2547 1528 et
2586 1490 2691 1529 non
2730 1477 2910 1545 patior
2947 1493 3081 1541 vos,
3108 1479 3198 1546 qui
3258 1494 3352 1533 vos
3395 1478 3542 1535 illius

1962 1563 2102 1619 ﬁlios
2126 1563 2394 1619 asseritis.
2433 1564 2524 1620 Εει
2547 1566 2712 1636 igitur
2732 1567 2824 1635 qui
2858 1568 3047 1636 quaerit
3084 1569 3311 1638 gloriam
3342 1583 3540 1633 meam,

1959 1655 2053 1725 qui
2083 1666 2138 1711 et
2169 1666 2345 1726 potest
2372 1657 2639 1725 judicare,
2668 1670 2724 1714 et
2758 1662 3122 1716 condemnare
3165 1677 3279 1728 eos,
3310 1662 3401 1733 qui
3454 1678 3543 1717 mn

1962 1745 2159 1817 injuria
2193 1746 2456 1804 alliciunt.
2484 1748 2638 1818 Same
2671 1750 2815 1805 enim
2858 1752 2982 1820 quis
3013 1753 3211 1821 quierit
3243 1752 3454 1820 ulcisci,
3486 1766 3544 1809 et

1964 1839 2151 1909 m-quit
2179 1838 2573 1909 ipsejudicare.
2603 1841 2773 1911 igitur
2801 1841 2958 1897 Pater
2977 1855 3033 1899 et
3058 1846 3253 1913 quaerit
3274 1844 3399 1899 Filii
3425 1846 3544 1916 glo-

1889 1910 1935 1971 Β
1964 1929 2122 1997 riam,
2161 1939 2213 1983 et
2242 1940 2414 1999 potest
2439 1910 2723 2001 judicare:
2747 1942 3033 2001 propterea
3062 1910 3198 1988 dixit
3227 1949 3241 1987 :
3268 1953 3284 1986 ι
3314 1935 3411 1990 Est
3428 1910 3542 2005 ἰιιιί

1962 2024 2176 2090 quierit,
2208 2034 2260 2077 ct
2284 2025 2512 2094 judicat.
2541 2042 2560 2078 ι

2037 2114 2200 2170 Vens.
2240 2115 2331 2179 5|,
2361 2116 2451 2171 52.
2484 2135 2503 2169 ι
2546 2117 2737 2179 Amen,
2768 2134 2927 2175 amen
2968 2121 3090 2177 dico
3137 2121 3311 2185 vobis,
3342 2122 3385 2176 si
3415 2122 3540 2192 quis

1964 2222 2272 2261 sermonem
2302 2223 2480 2261 meum
2512 2210 2833 2275 servaverit,
2873 2221 3099 2266 mortem
3124 2227 3230 2267 non
3257 2214 3460 2268 videbit
3487 2214 3542 2268 in

1944 2310 2256 2361 alternum.
2286 2301 2548 2355 Dixerunt
2588 2318 2717 2373 ergo
2747 2304 2822 2358 illi
2854 2303 3022 2360 Judzci
3049 2326 3062 2361 :
3102 2306 3252 2362 Nunc
3288 2309 3545 2378 cognovi-

1967 2408 2090 2447 mus
2140 2395 2281 2461 quod
2336 2394 2661 2449 daemonium
2716 2395 2936 2453 habeas.
2991 2397 3262 2453 Abraham
3298 2408 3545 2457 mortuus

1964 2494 2070 2549 est,
2101 2492 2157 2539 et
2202 2485 2515 2554 prophetae:
2548 2497 2602 2539 et
2636 2495 2691 2540 ttt
2732 2488 2912 2542 dicis:
2968 2487 3024 2542 Si
3074 2490 3195 2559 quis
3236 2504 3544 2546 sermonem

1966 2590 2143 2630 meum
2197 2577 2517 2643 servaverit,
2567 2593 2673 2632 non
2733 2579 2970 2648 gustabit
3020 2590 3244 2635 mortem
3296 2582 3346 2636 in
3388 2591 3548 2637 atter-

1967 2683 2120 2722 tmm.
2165 2686 2185 2720 ι
2230 2667 2274 2724 Ο
2313 2668 2781 2724 misericordiatnl
2832 2669 2914 2726 Illi
2943 2671 3161 2741 quidem
3205 2673 3398 2741 injuria
3431 2672 3550 2730 alii-

1966 2758 2140 2823 ciunt,
2176 2760 2289 2827 ipse
2315 2768 2495 2812 autem
2530 2760 2884 2829 quaestionem
2925 2762 2992 2816 de
3020 2760 3186 2832 gloria
3218 2777 3338 2829 sua,
3372 2774 3427 2819 et
3449 2765 3548 2819 de-

1967 2847 2268 2904 fensionem
2316 2848 2460 2905 Patri
2516 2855 2861 2920 permittens,
2909 2854 2976 2907 ad
3023 2853 3445 2911 admonitionem
3494 2864 3549 2911 ct

1966 2939 2268 2996 docuinam
2328 2943 2580 3007 vertitur,
2630 2943 2981 2997 benefaciens
3040 2945 3145 3006 his,
3197 2945 3290 3012 qui
3352 2945 3548 3015 injuria

1967 3046 2390 3103 persequuntur.
2437 3032 2513 3087 ita
2549 3046 2763 3103 Oportet
2793 3036 2958 3088 etiam
3003 3050 3102 3089 nos
3141 3035 3326 3091 ulcisci
3363 3038 3550 3092 inimi-

1969 3143 2084 3181 cos.
2136 3126 2273 3193 Quid
2323 3129 2486 3196 igitur
2537 3129 2641 3181 iliis
2684 3128 2858 3181 dixit?
2907 3147 2926 3179 ι
2970 3126 3026 3182 Si
3079 3128 3202 3198 quis
3240 3144 3546 3184 sermonem

289 3228 587 3290 τουτέστιν,
638 3227 735 3279 ἐὰν
771 3222 912 3293 μετὰ
965 3221 1058 3276 τοῦ
1120 3220 1435 3282 πιστεῦσαι,
1486 3222 1579 3271 καὶ
1620 3217 1732 3287 βίον
1767 3216 1864 3286 ἔχῃ

1973 3236 2149 3274 meum
2184 3220 2442 3281 servabit,
2485 3239 2502 3272 ι
2535 3225 2637 3274 hoc
2667 3228 2773 3285 est,
2805 3220 3077 3276 credendo
3110 3221 3274 3277 simul
3298 3231 3354 3275 et
3381 3224 3545 3277 vitam

292 3320 531 3391 καθαρόν
566 3336 579 3350 ’
608 3318 730 3372 τότε
761 3320 869 3388 γὰρ
899 3319 1059 3387 τηρεῖ
1102 3331 1187 3378 τις
1234 3312 1449 3385 ἀληθῶς
1482 3311 1581 3382 τὴν
1625 3309 1721 3364 τοῦ
1754 3310 1866 3361 Κυ-

295 3415 408 3483 ρίου
465 3410 837 3471 διδασκαλίαν,
889 3409 978 3462 ὅτε
1018 3406 1114 3462 καὶ
1164 3406 1404 3476 καθαρὸν
1472 3402 1584 3475 ἔχει
1618 3401 1738 3474 βίον
1785 3417 1798 3431 ·
1843 3402 1870 3454 ὁ

290 3503 532 3569 τοιοῦτος
566 3500 661 3557 οῦν
708 3503 810 3556 οὐκ
853 3501 1045 3572 ὺᾷεται
1075 3499 1329 3565 θάνατον,
1379 3497 1439 3551 0v
1469 3497 1518 3549 οἱ
1554 3492 1871 3565 ἁμαρτωλοὶ

298 3598 642 3667 θνήσκουσιν,
676 3596 755 3658 είς
788 3596 880 3648 τὸν
912 3595 1084 3648 αἰῶνα
1103 3593 1194 3647 τὸν
1225 3591 1485 3663 μέλλοντα
1503 3587 1758 3659 ἀθανάτῳ
1781 3603 1871 3639 κοο

296 3686 447 3740 λάσει
484 3684 930 3755 παραδιδόμενοι,
961 3684 1055 3736 καὶ
1089 3682 1187 3752 τῆς
1231 3680 1400 3743 ὅντως
1448 3678 1593 3749 ζωῆς
1626 3677 1872 3731 ἀποπίπ-

296 3794 503 3839 τοντες.
559 3776 713 3847 ’Ἅμα
763 3776 820 3829 δὲ
867 3776 963 3828 καὶ
1007 3773 1305 3827 αἰνίττεται
1343 3770 1550 3832 αὐτοῖς,
1580 3769 1662 3821 ὅτι
1689 3767 1817 3820 Ἐὰν
1846 3766 1875 3818 0

296 3868 387 3920 τὸν
413 3867 574 3935 λόγον
604 3882 706 3937 μου
736 3865 942 3936 τηρῶν,
983 3864 1083 3916 οῦκ
1111 3862 1468 3933 ἀποθνήσκει,
1500 3858 1694 3913 πολλοῦ
1723 3874 1783 3927 γε
1810 3857 1874 3928 δὴ

298 3958 434 4029 ἐγώ.
466 3960 533 4013 Τί
561 3954 656 4014 οὖν
690 3958 890 4028 φονᾶτε
921 3956 1041 4009 κατ’
1076 3953 1232 4027 ἐμοῦ,
1270 3952 1368 4007 τοῦ
1394 3950 1651 4005 τοσοῦτον
1693 3949 1769 4021 μὴ
1786 3949 1875 4002 δυ-

300 4068 361 4104 να
370 4051 533 4122 μένου
555 4050 896 4120 κρατηθῆναι
919 4048 1162 4119 θανάτῳ,
1194 4043 1335 4101 ὥστε
1354 4045 1449 4098 καὶ
1468 4042 1652 4107 ἄλλοις
1676 4041 1876 4113 μᾶλλον

301 4142 625 4215 χαρίζεσθαι
671 4141 771 4213 τὴν
804 4141 972 4201 ὅντως
1024 4137 1204 4208 ζωήν;
1251 4137 1314 4191 Oi
1359 4135 1466 4205 γὰρ
1506 4132 1874 4198 πιστεύοντες,

308 4236 411 4290 κᾶν
442 4234 760 4289 ἀποθάνωσι
799 4233 1069 4302 φυσικῶς,
1102 4235 1251 4301 ὅμως
1279 4234 1335 4284 ὲν
1359 4228 1479 4301 Θεῷ
1503 4227 1690 4290 ζῶσιν.
1738 4225 1878 4279 Ἀλλ’

307 4329 356 4381 οι
407 4326 652 4380 Ἰουδαῖοι
699 4324 754 4380 τί
809 4325 949 4397 πρὸς
989 4322 1160 4378 ταῦτά
1203 4339 1369 4392 φασις
1419 4322 1689 4392 Δαίμονᾷν
1717 4319 1877 4373 αὐτὸν

302 4419 527 4484 οἴονται,
552 4416 628 4481 ὡς
655 4415 924 4470 ἀλλόκοτά
949 4433 1070 4469 τινα
1096 4416 1160 4468 ἐκ
1184 4412 1606 4485 φρενοϐλαϐείας
1624 4411 1874 4479 λέγοντα.

301 4511 365 4563 Οί
394 4509 503 4579 γὰρ
540 4511 667 4571 τοὺς
708 4507 901 4576 λόγους
942 4504 1039 4560 τοῦ
1070 4505 1206 4559 Θεοῦ
1251 4506 1640 4574 ὲνωτισάμενοι
1672 4504 1877 4557 ἀπεθα-

1972 3314 2130 3366 habet
2165 3327 2354 3383 puram
2390 3331 2404 3367 :
2444 3322 2572 3368 tunc
2600 3313 2744 3367 enim
2779 3313 2902 3382 quis
2932 3327 3055 3368 vere
3082 3324 3233 3368 tenet
3256 3314 3427 3385 628
3451 3314 3551 3370 do-

1969 3405 2201 3457 ctrinam
2258 3402 2494 3468 Domini,
2555 3405 2773 3473 quando
2820 3415 2876 3458 et
2916 3419 3106 3474 puram
3151 3403 3314 3460 habet
3349 3407 3549 3460 vitam:

1975 3497 2101 3551 talis
2154 3496 2318 3563 igitur
2364 3512 2468 3550 non
2520 3496 2727 3552 videbit
2779 3507 3034 3565 mortem,
3086 3510 3191 3566 qua
3238 3506 3553 3566 peccatores

1975 3587 2303 3655 moriuntur,
2337 3597 2393 3642 et
2422 3588 2476 3643 in
2515 3587 2700 3643 futuro
2733 3588 2929 3644 smculo
2962 3588 3247 3643 immortali
3288 3588 3554 3658 supplicio

1977 3683 2280 3747 traduntur,
2310 3690 2364 3735 et
2391 3696 2516 3735 vera
2553 3682 2659 3736 vita
2710 3681 2990 3736 excidunt.
3023 3679 3247 3750 Insuper
3277 3681 3443 3735 etiam
3473 3682 3552 3736 si-

1973 3772 2192 3841 gniﬁcat
2224 3773 2325 3837 eis,
2354 3775 2495 3842 quod
2537 3771 2592 3827 Si
2627 3774 2717 3845 qui
2772 3787 3078 3829 sermonem
3116 3788 3294 3828 meum
3346 3786 3554 3840 servat,

1976 3879 2082 3919 non
2119 3863 2376 3932 moritur,
2417 3877 2623 3935 quanto
2651 3859 2835 3921 minus
2860 3865 2997 3937 ego?
3029 3865 3169 3934 Quid
3202 3866 3366 3938 igitur
3397 3872 3557 3923 sacvi-

1976 3959 2043 4014 tis
2076 3967 2262 4014 c0ntra
2291 3957 2410 4014 me?
2450 3974 2479 4011 a
2518 3973 2625 4026 quo
2662 3968 2770 4013 tant
2811 3959 2996 4028 procul
3028 3961 3182 4019 abest
3222 3972 3282 4015 ut
3308 3959 3557 4017 detinear

1976 4070 2005 4107 a
2036 4063 2229 4120 morte,
2267 4063 2323 4107 ιιι
2352 4064 2404 4109 et
2434 4055 2555 4110 aliis
2588 4056 2758 4125 magis
2786 4034 2974 4109 veram
3033 4056 3314 4111 conferam
3358 4058 3552 4114 vitam.

1979 4143 2114 4199 Nam
2149 4146 2240 4215 qui
2278 4148 2528 4211 credunt,
2571 4148 2820 4216 quamvis
2869 4147 3175 4202 moriantur
3217 4147 3556 4212 naturaliter,

1978 4247 2219 4293 attamen
2254 4232 2323 4293 in'
2345 4237 2455 4295 Deo
2487 4240 2695 4294 vivunt.
2732 4238 2837 4295 Sed
2864 4238 3036 4295 Judaei
3068 4241 3197 4311 quid
3239 4241 3304 4295 ad
3331 4241 3446 4298 haec
3475 4241 3560 4295 tli-

1978 4332 2149 4388 cunt?
2190 4330 2467 4387 Da'monio
2516 4334 2691 4402 ipsum
2749 4333 2835 4404 agi
2895 4343 3109 4403 putant,
3175 4333 3317 4402 quod
3377 4333 3557 4389 aliena

1980 4425 2225 4496 quaedam
2257 4424 2413 4490 quasi
2451 4435 2631 4479 mente
2664 4436 2857 4494 captus
2892 4426 3113 4481 diceret.
3150 4423 3281 4478 Nam
3304 4425 3396 4495 qui
3426 4440 3560 4480 sero

1982 4534 2170 4575 mones
2235 4519 2325 4573 Dei
2394 4519 2620 4573 auribus
2672 4526 3072 4588 perceperunt,
3136 4519 3334 4572 mortui
3392 4528 3558 4584 sunt,

306 4618 418 4666 νον,
448 4600 707 4670 Ἀϐραὰμ
756 4601 853 4653 καὶ
898 4600 947 4653 0i
1000 4599 1298 4671 προφῆται,
1350 4599 1445 4651 καὶ
1490 4599 1539 4651 οἱ
1593 4599 1719 4662 τοὺς
1752 4597 1868 4658 σοὺς

1983 4612 2253 4666 Abraham
2284 4624 2334 4667 et
2368 4613 2663 4682 prophetae,
2692 4621 2747 4668 et
2771 4612 2862 4681 qui
2913 4620 3033 4666 tuos
3088 4611 3416 4679 auscultant,
3450 4627 3560 4667 non

304 4695 708 4767 ἑνωτιζόμενοι,
760 4695 820 4749 οὐ
878 4693 1208 4759 θανοῦνται;
1269 4691 1477 4755 Ὄντως
1513 4691 1630 4756 νῦν,
1691 4694 1876 4760 φασὶν,

304 4787 627 4859 ἐγνώκαμεν
694 4784 1270 4857 πεπληροφορημένως
1329 4782 1427 4837 καὶ
1481 4782 1735 4854 βεϐαίως,
1797 4783 1880 4836 ὅτι

302 4881 583 4952 δαιμονᾷς,
628 4876 857 4933 τοιαῦτα
889 4877 1083 4946 λέγων.

386 4993 404 5026 ι
443 4975 536 5044 Μὴ
584 4972 647 5026 σὺ
691 4970 892 5044 μείζων
924 4966 976 5025 si
1026 4969 1120 5024 τοῦ
1166 4969 1374 5040 πατρὸς
1402 4967 1564 5040 ἡμῶν
1596 4966 1877 5039 Ἀϐραὰμ,

305 5068 451 5130 ὅστις
497 5064 782 5132 ἀπέθανε,
832 5064 928 5117 καὶ
978 5064 1027 5117 οἱ
1078 5063 1359 5133 προφῆται
1393 5061 1699 5127 ἁπέθανονς
1749 5059 1883 5113 Τίνα

307 5158 533 5212 σεαυτὸν
584 5160 793 5227 πο,ιείς;
845 5153 1151 5225 Ἀπεκρίθη
1202 5155 1231 5206 0
1285 5151 1530 5223 Ἰησοῦςο
1590 5152 1717 5205 Ἐὰν
1773 5150 1883 5218 ἐγὼ

306 5250 515 5317 δοξάζω
560 5250 819 5320 ἐμαυτὸν,
866 5249 900 5319 ἡ
947 5246 1078 5314 δόξα
1127 5263 1228 5316 μου
1285 5244 1437 5298 οὐδέν
1484 5245 1652 5296 ἐστιν.
1697 5242 1884 5294 Ἔστιν

305 5346 335 5397 ὁ
361 5342 552 5411 Πατήρ
596 5356 697 5411 μου
762 5341 789 5393 ὁ
828 5336 1067 5404 δοξάζων
1123 5353 1214 5408 με,
1249 5335 1307 5389 ὃν
1361 5337 1520 5406 ὑμεῖς
1566 5334 1774 5402 λέγετε,
1802 5333 1885 5386 ὅτι

308 5436 441 5500 Θεὸς
492 5433 647 5505 ὑμῶν
681 5436 816 5499 ἐστι,
855 5434 949 5486 καὶ
993 5431 1093 5485 οῦκ
1136 5430 1410 5501 ἐγνώκατε
1443 5424 1607 5483 αὸτόν
1637 5440 1655 5457 ⁶
1684 5425 1793 5494 ἐγὼ
1829 5424 1887 5478 δὲ

306 5525 426 5583 οἶδα
477 5527 660 5593 αὑτὸν,
721 5526 815 5580 καὶ
861 5525 956 5579 ἐὰν
1003 5525 1144 5578 εἴπω
1172 5561 1189 5589 ,
1248 5523 1329 5577 ὅτι
1373 5523 1475 5574 οὐκ
1537 5516 1654 5574 οἶδα
1700 5519 1884 5586 αὐτὸν,

308 5623 502 5692 ἔσομαι
564 5622 750 5706 ὅμοιος
814 5620 944 5690 ὑμῖν
1010 5617 1280 5689 ψεύστης·
1360 5615 1475 5668 ἀλλ’
1532 5607 1650 5669 οῖδα
1701 5614 1884 5679 αὐτὸν,

310 5716 403 5767 καὶ
431 5716 522 5767 τὸν
558 5714 717 5782 λόγον
748 5712 915 5767 αὑτοῦ
946 5711 1116 5783 τηρῶ.
1163 5731 1181 5764 ι
1213 5710 1307 5781 Μὴ
1341 5709 1612 5773 συνιέντες
1645 5710 1694 5762 οί
1726 5706 1891 5761 ἀσύνο

312 5822 426 5858 ετοι
479 5809 630 5860 ποῖον
664 5807 896 5860 θάνατον
950 5807 979 5860 ὁ
1027 5803 1232 5876 Κύριος
1279 5803 1434 5872 ἔλεγε
1485 5803 1560 5874 μὴ
1617 5800 1887 5856 ἅπτεσθαι

310 5898 422 5953 τῶν
472 5902 551 5964 εἰς
585 5899 747 5956 αὑτὸν
778 5900 1181 5968 πιστευόντων,
1230 5899 1564 5970 φθέγγονται
1609 5898 1747 5969 πρὸς
1791 5898 1890 5954 αὑ·-

1982 4705 2327 4760 morientur?
2355 4703 2607 4760 Profecto
2639 4719 2800 4768 nunc,
2837 4704 3005 4770 aiunt,
3030 4705 3382 4775 cognovimus
3416 4702 3559 4758 mul-

1984 4795 2051 4850 tis
2096 4804 2151 4850 et
2202 4793 2440 4864 copiosis
2489 4793 2827 4865 argumentis
2889 4795 3032 4863 quod
3074 4792 3355 4849 daemoniis
3404 4804 3560 4851 artus

1981 4888 2097 4943 hac
2134 4889 2283 4942 dicas
2309 4927 2322 4941 .

2057 4977 2222 5033 Vens.
2248 4977 2443 5033 55-55.
2484 4995 2503 5030 ι
2541 4975 2793 5046 Nunquid
2824 4987 2876 5031 tu
2908 4977 3083 5049 major
3105 4992 3166 5033 es
3198 4987 3350 5047 patre
3375 4984 3564 5030 nostro

1982 5070 2278 5134 Abraham,
2321 5068 2410 5138 qui
2473 5076 2721 5122 mortuus
2769 5075 2874 5133 est,
2932 5077 2988 5121 et
3042 5068 3317 5136 propheta:
3362 5065 3559 5119 mortui

1983 5162 2150 5221 sunt?
2188 5160 2358 5228 Quem
2394 5170 2448 5215 tu
2488 5161 2713 5232 teipsum
2737 5158 2909 5215 facis?
2942 5159 3234 5229 Respondit
3270 5155 3430 5211 Jesus
3458 5176 3473 5212 :
3501 5154 3558 5211 Si

1985 5270 2082 5326 ego
2114 5253 2356 5323 gloriﬁco
2400 5253 2689 5324 meipsum,
2741 5252 2911 5324 gloria
2964 5265 3082 5305 mea
3127 5250 3258 5305 nihil
3309 5259 3412 5304 est.
3465 5248 3564 5304 Est

1988 5345 2148 5400 Pater
2175 5359 2329 5400 meus
2352 5345 2440 5413 qui
2465 5343 2734 5415 glot'iiicat
2759 5358 2864 5408 me,
2885 5356 3042 5410 quem
3069 5355 3166 5395 vos
3190 5340 3372 5395 dicitis
3395 5339 3562 5393 Deum

1987 5445 2227 5492 vestrum
2256 5451 2398 5499 esse,
2433 5446 2489 5490 et
2531 5444 2714 5490 tamen
2763 5451 2871 5490 non
2919 5432 3251 5505 cognovistis
3273 5446 3430 5488 eum:
3464 5447 3567 5504 ego

1988 5541 2168 5585 autem
2226 5528 2349 5583 novi
2384 5543 2533 5594 eum,
2580 5537 2635 5582 et
2682 5528 2728 5583 si
2763 5527 2950 5582 dixero
2977 5523 3123 5595 quod
3171 5540 3277 5579 non
3323 5526 3563 5579 noverim

1987 5637 2133 5689 eum,
2182 5636 2277 5677 ero
2317 5620 2512 5677 similis
2541 5619 2693 5676 vobis
2738 5618 3009 5674 mendax:
3050 5617 3142 5674 sed
3173 5617 3293 5671 novi
3338 5632 3484 5681 eum,
3511 5624 3568 5670 et

1990 5727 2299 5770 sermonem
2332 5711 2451 5781 ejus
2501 5726 2683 5767 servo.
2729 5729 2748 5763 ι
2795 5710 3118 5781 lnsipientes
3170 5708 3245 5762 illi
3299 5722 3420 5762 emn
3456 5700 3577 5761 non‘

1991 5804 2356 5874 intelligerent
2383 5802 2466 5873 .de
2506 5818 2611 5874 qua
2660 5811 2835 5857 morte
2866 5800 3127 5857 Dominus
3173 5799 3401 5867 dicet-ct,
3442 5812 3565 5868 quae

1991 5894 2281 5953 credentes
2313 5895 2366 5952 in
2415 5909 2475 5951 se
2536 5894 2732 5950 laesura
2772 5908 2877 5950 non
2942 5903 3109 5961 esset,
3141 5892 3439 5961 loquuntur
3494 5885 3564 5940 ad
