4060 6586
293 453 365 514 37
920 450 1360 512 ENARRATIO
1394 452 1474 512 IN
1509 451 2008 514 EVANGELIUM
2043 451 2381 518 JOANNIS.
2407 453 2653 518 —CAP.
2690 455 2857 516 VII].
3464 450 3567 518 38‘

293 568 521 639 Πατέρα
550 584 566 599 ·
592 565 691 621 ικαὶ
724 565 831 637 γὰρ
868 568 961 621 τὸν
990 567 1149 635 λόγον
1178 567 1344 621 αὐτοῦ
1380 571 1477 638 τῆς
1501 571 1688 634 οὐσίας
1726 572 1866 623 ἀπο-

1992 579 2041 622 ta
2065 571 2180 624 scio
2214 570 2426 625 Patrem
2458 587 2476 627 :
2510 584 2632 626 nam
2669 583 2722 628 et
2752 588 3056 628 sermonem
3085 573 3203 643 ejus
3231 573 3549 629 subStantia:

294 661 456 724 σώζω
485 658 928 731 ἀπαράλλακτον.
963 660 1037 712 Τδ
1063 659 1120 712 δὲ
1161 661 1350 730 σχῆμα
1378 661 1537 714 τοῦτο
1578 663 1673 715 τοῦ
1706 662 1866 731 λόγου

296 748 533 818 σύνηθες
565 750 715 819 παρὰ
743 752 808 819 τῇ
841 749 1053 819 Γραφῇ,
1076 748 1151 812 ὡς
1179 749 1257 815 τὸ,
1290 768 1307 801 ι
1332 750 1430 814 Δὸς
1455 752 1586 820 ἡμῖν
1613 750 1869 820 βοήθειαν

297 843 363 894 ἐκ
390 840 649 908 suam,
690 841 784 894 καὶ
815 840 1019 909 ματαία
1050 840 1294 911 σωτηρία
1326 839 1637 911 ἁνῦρώπου.
1677 858 1697 891 ι
1750 841 1869 893 Ἐν-

293 934 470 988 ταῦθα
500 933 612 1004 γὰρ
632 934 711 998 τὸ,
740 954 758 984 ι
786 934 899 999 καὶ,
928 953 946 985 ι
978 932 1099 986 ἀντὶ
1120 933 1237 998 τοῦ,
1262 951 1279 983 ι
1314 932 1477 1002 γάρ,ι
1497 935 1674 986 κεῖται
1694 951 1706 965 ’
1730 933 1870 986 ὥστε

296 1026 435 1079 εἶναι
488 1028 553 1078 τὸ
592 1026 883 1096 λεγόμενον
913 1025 1156 1079 τοιοῦτον
1183 1041 1197 1056 ·
1238 1044 1256 1076 ι
1291 1026 1387 1089 Δὸς
1423 1027 1553 1095 ἡμῖν
1582 1024 1867 1094 βοήθειαν·

302 1120 510 1189 ματαία
544 1118 657 1188 γὰρ
689 1120 932 1190 σωτηρία
965 1117 1276 1189 ἀνθρώπου.
1318 1137 1334 1168 ι
1373 1119 1528 1171 Οὕτω
1553 1117 1832 1171 κάνταῦθα
1853 1134 1869 1149 ·

303 1233 320 1260 ι
358 1206 490 1264 Οἶδα
514 1211 701 1276 αὐτὸν,
729 1211 824 1263 καὶ
852 1211 942 1262 τὸν
973 1210 1129 1276 λόγον
1162 1208 1326 1261 αὐτοῦ
1348 1209 1502 1280 τηρῶ
1526 1247 1540 1260 .
1585 1228 1602 1260 ι
1640 1208 1699 1261 τὸ
1737 1204 1869 1277 γὰρ,

304 1318 323 1351 ι
355 1300 471 1363 καὶ,
496 1319 515 1352 ι
548 1300 671 1353 ἀντὶ
699 1300 813 1365 τοῦ,
853 1300 1043 1371 «γὰρ,ι
1066 1301 1271 1353 κεῖται·
1303 1318 1321 1350 ι
1347 1299 1450 1351 Τὸν
1468 1298 1579 1369 γὰρ
1600 1298 1756 1366 λόγον
1774 1299 1871 1352 αὐ-

297 1390 409 1454 τοῦ,
446 1393 605 1459 φησὶ,
637 1392 814 1461 τηρῶ.
849 1411 869 1442 ι

373 1502 391 1533 ι
416 1480 672 1552 Ἀϐραὰμ
698 1484 725 1535 6
760 1481 940 1552 πατὴρ
967 1481 994 1533 ὐ
1005 1482 1119 1551 μῶν
1144 1481 1634 1551 ἡγαλ).ιάσατο,ἴνα
1667 1481 1752 1551 ἴδῃ
1775 1479 1873 1551 τὴν

295 1571 509 1643 ἡμέραν
537 1574 639 1641 τὴν
665 1572 804 1641 ἐμήν
829 1588 842 1602 ³
873 1574 967 1624 καὶ
1002 1567 1130 1638 εἶδε,
1156 1572 1251 1624 καὶ
1278 1571 1476 1642 ἐχάρη.
1508 1567 1677 1625 Εἶπον
1699 1572 1791 1626 οὖν
1824 1575 1873 1625 οἱ

307 1665 555 1718 Ἰουδαῖοι
588 1665 723 1735 πρὸς
757 1663 917 1717 αὐτόν
938 1681 952 1694 ·
997 1664 1343 1733 Πεντήκοντα
1388 1662 1542 1717 οὔπω
1576 1663 1720 1735 ἔχεις
1752 1664 1871 1733 ἔτη,

296 1757 387 1809 καὶ
431 1756 691 1827 Ἀϐραάμ
745 1755 1026 1827 ὲώρακας;
1069 1750 1238 1808 Εἶπεν
1272 1751 1367 1809 οὖν
1407 1755 1590 1819 αὐτοῖς
1615 1773 1630 1788 θ
1674 1756 1870 1826 Ἀμὴν,

294 1850 441 1922 ἀμὴν
498 1851 679 1920 λέγων
740 1851 894 1921 ὑμῖν,
944 1850 1073 1920 πρὶν
1128 1847 1382 1919 Ἀϐραὰμ
1432 1848 1708 1917 γενέσθαι,
1762 1848 1873 1917 ὲγώ

307 1944 446 2011 εἰμι.
479 1937 667 2012 Ἥραν
698 1936 790 1994 οὖν
818 1939 1018 2006 λίθους,
1046 1941 1133 1994 ἵνα
1163 1938 1396 2010 βάλωσιν
1422 1941 1509 1993 ἐπ’
1545 1939 1733 1994 αὐτόν.
1764 1940 1872 2010 ’1η-

296 2032 426 2095 σοῦς
458 2033 516 2085 δὲ
570 2033 802 2104 ἐκρύϐη,
831 2034 929 2088 καὶ
962 2036 1183 2107 ἐξῆλθεν
1219 2040 1281 2091 ἐκ
1312 2037 1401 2091 τοῦ
1437 2039 1606 2110 ἱεροῦ,
1649 2038 1873 2094 διελθὼν

292 2126 377 2180 διὰ
425 2127 598 2194 μέσον
630 2126 809 2180 αὐτῶν
832 2141 845 2154 ·
875 2128 968 2181 καὶ
1020 2130 1265 2200 παρῆγεν
1312 2128 1514 2195 οὕτως.
1544 2149 1564 2183 ι
1606 2130 1871 2184 Ἐνταῦθα

296 2217 730 2281 κατασκευάζει,
761 2218 844 2271 ὅτι
888 2219 1089 2289 μείζων
1126 2222 1242 2274 ἐστὶ
1264 2222 1361 2275 τοῦ
1414 2223 1682 2294 Ἀϐραάμ.
1719 2224 1874 2277 Ἐπεὶ

300 2310 407 2380 γὰρ
441 2312 650 2364 ἐκεῖνοι
704 2311 1008 2382 προέφερον
1057 2312 1242 2385 αὐτῷ·
1283 2333 1302 2365 ι
1351 2315 1537 2384 Μὴσύ
1586 2314 1787 2385 μείζων
1825 2311 1875 2372 εἷ

296 2401 390 2454 τοῦ
428 2401 645 2472 πατρὸς
696 2402 854 2472 ἡμῶν
887 2401 1170 2474 Ἀϐραάμ
1230 2422 1248 2455 ι
1298 2404 1464 2474 φησιν
1497 2403 1756 2470 ἐνταῦθα,
1791 2407 1874 2460 ὅτι

300 2492 407 2546 Ναὶ
439 2493 652 2563 μείζων
681 2494 822 2563 εἰμί.
872 2511 894 2547 ι
934 2493 1176 2558 Ἐκεῖνος
1212 2494 1322 2567 γάρ
1350 2513 1434 2548 τοι
1484 2495 1871 2565 ἠγαλλιάσατο,

300 2583 384 2638 ἵνα
418 2585 503 2655 ἴδῃ
557 2586 660 2656 τήν
698 2585 913 2656 ἡμέραν
960 2585 1058 2657 τὴν
1098 2588 1237 2657 ἐμήν
1269 2602 1283 2617 ·
1335 2605 1354 2637 ι
1401 2587 1670 2653 τουτέστι,
1719 2603 1875 2658 περι-

301 2666 637 2730 σποὺταστον
688 2681 783 2731 καὶ
841 2678 1099 2732 εὐκταίαν
1155 2674 1266 2749 εἶχε
1315 2677 1520 2750 ταύτην
1556 2680 1650 2733 καὶ
1701 2670 1876 2751 χαρᾶς

301 2770 593 2841 πρόξενον,
644 2770 890 2841 δηλονότι
944 2773 1166 2836 πάντως
1211 2772 1297 2827 ἐπ’
1328 2773 1619 2845 εὐεργεσίᾳ
1650 2775 1881 2845 γενομέ-

301 2879 416 2932 νην,
468 2863 549 2927 ὡς
591 2865 684 2916 καὶ
719 2865 778 2917 οὐ
832 2864 1029 2934 μικροῦ
1060 2881 1224 2930 τινος,
1271 2864 1391 2917 οὐδὲ
1429 2866 1681 2937 τυχόντος
1710 2862 1878 2920 οὖσαν

300 2954 541 3024 ἡμέραν,
577 2955 715 3008 ἀλλὰ
744 2955 1014 3024 μείζονος.
1052 2955 1298 3026 Ἦμέραν
1328 2957 1383 3011 δὲ
1416 2958 1566 3027 λέγει
1596 2958 1688 3011 τὸν
1716 2974 1883 3011 σταυ-

305 3044 414 3114 ρόν.
473 3045 685 3098 Τοῦτον
735 3047 845 3118 γὰρ
885 3046 1193 3118 προετύπου
1221 3049 1248 3101 ὁ
1307 3048 1557 3121 Ἀϐραὰμ
1595 3052 1652 3103 ὲν
1685 3052 1752 3121 τῇ
1783 3049 1877 3104 τοῦ

302 3136 489 3191 Ἰσαὰκ
541 3140 900 3209 προσαγωγῇ,
956 3140 1052 3192 καὶ
1102 3142 1170 3210 τῇ
1214 3139 1308 3193 τοῦ
1354 3140 1509 3212 κριοῦ
1554 3141 1732 3213 θυσίᾳ.
1790 3142 1878 3207 Ὠς

302 3229 407 3299 γὰρ
457 3231 674 3293 ἐκεῖνος
725 3230 791 3283 τὰ
821 3228 973 3296 ξύλα,
1008 3229 1180 3295 οὕτως
1214 3232 1242 3284 6
1276 3231 1481 3304 Κύριος
1517 3234 1608 3287 τὸν
1643 3233 1874 3306 σταυρὸν
1905 3248 1947 3306 c

304 3323 575 3376 ἐϐάστασε
603 3339 619 3355 ·
668 3323 760 3377 καὶ
793 3324 867 3386 ὡς
916 3323 1111 3396 ἀφείθη
1168 3326 1268 3395 μὲν
1309 3324 1518 3391 Ἰσαὰκ,
1566 3325 1730 3398 ἐτύθη
1759 3326 1815 3381 δὲ
1846 3327 1876 3379 6

305 3415 457 3484 κριός
495 3431 509 3446 ο
562 3413 734 3479 οὕτως
784 3418 812 3469 6
843 3415 942 3487 μὲν
970 3416 1101 3480 Θεὸς
1136 3416 1290 3480 ὲκτδς
1322 3416 1545 3483 πάθους,
1572 3416 1649 3488 τῷ
1698 3418 1754 3471 δὲ
1785 3418 1878 3472 ἄν·-

307 3503 572 3575 Θρωπίνῳ
618 3505 713 3557 καὶ
743 3508 806 3577 τῇ
854 3507 1016 3576 σαρκὶ
1060 3505 1251 3560 ἔπαθε.
1293 3506 1506 3577 Ταύτην
1543 3507 1641 3578 τὴν
1667 3509 1878 3579 ἡμέραν

306 3597 403 3665 τὴν
442 3595 542 3649 τοῦ
592 3596 825 3668 σταυροῦ
877 3596 1129 3669 Ἀϐραὰμ
1172 3597 1404 3668 προϊδὼν
1447 3600 1639 3670 ἐχάρη,
1670 3599 1745 3662 ὡς
1787 3616 1878 3652 κο-

317 3688 521 3759 σμικῆς
575 3689 950 3759 γενησομένης
1002 3689 1298 3761 σωτηρίας.
1332 3690 1484 3759 Ἀμα
1522 3690 1579 3743 δὲ
1607 3690 1878 3767 δείκνυσιν

309 3781 548 3835 ἑνταῦῦα
574 3782 771 3846 αὐτοὺς
800 3781 1114 3852 ἀλλοτρίους
1156 3779 1247 3834 τοῦ
1288 3779 1563 3852 Ἀϐραὰμ,
1614 3781 1666 3833 εἴ
1694 3798 1758 3850 γε
1793 3780 1877 3849 ἐφ’

308 3863 395 3931 οἷς-
427 3871 642 3931 ἐκεῖνος
685 3868 921 3940 ἔχαιρεν,
981 3863 1127 3924 οὗτοι
1162 3869 1395 3923 λυττῶσι
1439 3872 1532 3925 καὶ
1573 3871 1876 3942 μαίνονται.

306 3963 473 4035 Δηλοῖ
500 3964 579 4029 δὲ,
604 3964 685 4017 ὅτι
727 3966 825 4019 οὐκ
856 3966 1000 4019 ἄκων
1029 3968 1119 4018 ἐπὶ
1146 3965 1205 4019 τὸ
1241 3966 1412 4029 πάθος
1457 3964 1698 4037 ἔρχεται,
1741 3965 1793 4019 εῐ
1818 3982 1879 4033 γε

310 4056 530 4109 ἐπαινεῖ
555 4056 646 4108 τὸν
676 4056 905 4126 ἡσθέντα
937 4060 1027 4110 ἐπὶ
1057 4057 1135 4130 τῷ
1176 4056 1390 4129 σταυρῷ
1420 4074 1434 4088 ·
1468 4058 1625 4111 τοῦτο
1657 4057 1783 4128 γὰρ,
1805 4057 1881 4121 ὡς

312 4148 554 4218 εἴρηται,
595 4148 838 4218 σωτηρία
861 4147 958 4218 τῆς
988 4150 1337 4221 οἰκουμένης.
1372 4147 1556 4201 ’Ἄλλοι
1590 4148 1647 4202 δὲ
1670 4148 1882 4218 ἡμέραν

313 4239 401 4291 τὸν
430 4238 653 4293 ἅπαντα
688 4240 879 4310 καιρὸν
923 4239 1105 4293 νοοῦσι
1135 4240 1236 4311 τῆς
1277 4239 1371 4294 τοῦ
1403 4239 1641 4313 Χριστοῦ
1676 4256 1885 4311 παρου-

314 4331 465 4395 σίας,
500 4331 566 4399 ἢν
613 4329 641 4382 6
667 4329 925 4401 Ἀϐραὰμ
974 4330 1236 4401 προειδὼς
1277 4332 1481 4408 ἐχάρη,
1509 4331 1590 4385 ὅτι
1631 4332 1688 4398 ἐξ
1718 4330 1881 4384 αὐτοῦ

316 4420 410 4473 καὶ
456 4419 548 4472 τοῦ
603 4421 913 4491 σπέρματος
978 4420 1140 4475 αὐτοῦ
1191 4422 1554 4492 ἀναστήσεται
1594 4422 1622 4473 6
1671 4420 1879 4490 Σωτήρ.

319 4512 429 4566 Καὶ
461 4513 601 4581 τάχα
627 4514 686 4565 οὐ
718 4513 876 4583 μόνος
899 4515 926 4566 6
948 4514 1201 4583 Ἀϐραὰμ
1233 4514 1427 4586 ἐχάρη,
1459 4514 1591 4568 ἀλλὰ
1624 4513 1718 4566 καὶ
1745 4513 1883 4566 πάν-

1971 674 2234 715 conservo
2279 661 2329 713 in
2377 660 2526 713 nullo
2562 661 2847 715 minorem.
2882 661 2976 715 Est
3014 674 3194 716 autem
3231 663 3344 717 haec
3376 664 3544 733 ﬁgura

1972 758 2233 803 consueta
2266 750 2319 802 itt
2359 751 2664 818 Scriptura,
2698 761 2755 804 ut
2786 767 2906 805 cum
2935 753 3129 806 dicitur
3156 770 3170 807 :
3214 772 3233 804 ι
3272 753 3345 808 Da
3374 755 3547 810 'nobis

1973 840 2230 894 auxilium
2265 844 2341 901 de
2377 840 2742 907 tribulatione,
2778 855 2831 895 ct
2866 858 3001 897 vana
3048 845 3192 899 salus
3222 845 3475 903 hominis.
3523 864 3543 898 ι

1972 932 2084 987 Hoc
2120 933 2238 988 loco
2297 937 2441 987 enim
2494 934 2803 999 conjuuCtio
2846 953 2865 985 ι
2902 946 2976 998 et,
3017 956 3035 986 ι
3077 952 3193 1006 pro,
3244 954 3264 988 ι
3313 938 3480 1004 enim,
3523 956 3544 988 ι

1974 1026 2236 1095 ponitur:
2286 1034 2346 1079 ut
2395 1026 2538 1094 quod
2595 1026 2814 1090 dicitur,
2860 1028 3002 1081 hunc
3048 1028 3240 1082 habeat
3290 1044 3545 1084 sensum:

1979 1135 1998 1167 ι
2034 1116 2108 1170 Da
2143 1118 2295 1173 nobis
2315 1119 2603 1179 auxilium,
2633 1132 2771 1172 vana
2800 1119 2936 1171 enim
2969 1119 3114 1174 salus
3145 1119 3379 1175 hominis
3404 1123 3474 1176 ³⁸.
3524 1139 3544 1173 ι

1976 1207 2068 1263 Sic
2095 1210 2256 1263 etiam
2292 1210 2393 1264 hoc
2425 1210 2578 1265 loco:
2612 1229 2631 1261 ‹
2668 1209 2793 1265 Scio
2821 1211 2991 1273 illum,
3021 1218 3074 1264 et
3108 1225 3413 1267 sermonem
3431 1212 3550 1280 ejus

1981 1316 2161 1365 Servo,
2201 1318 2221 1352 ι
2265 1301 2577 1370 conjunctio
2622 1320 2641 1355 ι
2676 1313 2749 1367 et,
2788 1322 2808 1354 ι
2840 1319 2935 1370 pro
2970 1321 2986 1353 ι
3030 1303 3198 1372 enim,
3233 1322 3252 1355 ι
3293 1306 3547 1374 ponitur:

1979 1391 2353 1461 «,Sermonem
2384 1395 2523 1448 enim
2553 1396 2687 1461 ejus,
2715 1395 2908 1463 inquit,
2937 1410 3116 1450 servo.
3155 1414 3177 1447 ι

2047 1487 2213 1541 Vsus.
2261 1486 2449 1542 56-59.
2484 1506 2503 1537 ι
2548 1488 2820 1541 Abraham
2859 1498 3010 1555 pater
3045 1499 3223 1543 vester
3256 1488 3571 1545 exsultavit~

1978 1589 2036 1633 ιιι
2062 1581 2270 1634 videret
2298 1580 2438 1631 diem
2475 1594 2652 1632 meum
2682 1595 2698 1633 :
2730 1588 2785 1633 et
2818 1578 2971 1643 vidit,
3004 1589 3167 1643 atque
3197 1583 3415 1649 gavisus
3442 1593 3546 1636 est.

1980 1669 2239 1722 Dixerunt
2262 1672 2391 1737 ergo
2431 1666 2597 1723 Judmi
2634 1669 2699 1722 ad
2729 1683 2891 1723 eum:
2933 1669 3334 1740 Quinquaginta
3380 1686 3552 1727 annos

1977 1760 2212 1814 nondum
2249 1759 2438 1825 habes,
2469 1770 2520 1814 et
2546 1759 2818 1814 Abraham
2843 1760 3059 1815 vidisti?
3092 1761 3235 1816 Dixit
3262 1763 3340 1818 eis
3369 1761 3548 1828 Iesus,

1975 1848 2146 1904 Amen
2176 1864 2333 1903 amen
2367 1849 2485 1904 dico
2517 1851 2691 1917 vobis,
2740 1862 3029 1919 antequam
3067 1853 3339 1906 Abraham
3373 1853 3548 1918 ﬁeret,

1974 1955 2074 2011 ego
2121 1956 2264 1997 sum.
2318 1940 2601 1997 Tollebant
2644 1958 2771 2012 ergo
2819 1942 3044 2011 lapides,
3091 1955 3149 1997 ut
3193 1943 3440 2011 jacereut
3495 1947 3548 2002 in

1973 2046 2115 2088 eum.
2145 2030 2300 2087 Jesus
2334 2043 2511 2088 autem
2544 2034 2826 2089 abscondit
2858 2050 2938 2101 se,
2974 2044 3025 2088 et
3064 2036 3234 2091 exivit
3256 2051 3288 2091 e
3325 2037 3547 2106 templo.

1976 2125 2246 2179 transiens
2259 2126 2605 2195 permediutn
2634 2127 2895 2194 ipsorum,
2914 2134 2967 2181 et
2983 2127 3242 2197 praeteriit
3265 2129 3363 2183 sic.
3391 2148 3412 2182 ι
3438 2128 3553 2185 Hoc

1974 2215 2092 2269 loco
2128 2214 2284 2269 d'ocet
2312 2215 2454 2282 quod
2506 2214 2679 2282 major
2730 2214 2801 2268 sit
2842 2214 3174 2270 Abrahamo.
3212 2215 3352 2283 Quia
3399 2217 3547 2272 enim

1974 2305 2048 2360 illi
2074 2305 2322 2361 dicebant
2342 2305 2389 2359 ei
2425 2321 2439 2359 :
2474 2322 2491 2356 ι
2551 2305 2688 2359 Num
2735 2315 2787 2358 tu
2842 2319 2901 2360 es
2932 2305 3106 2375 major
3154 2318 3308 2375 patre
3358 2316 3553 2364 nostro

1974 2397 2287 2452 Abraham?
2326 2416 2346 2448 ι
2386 2397 2519 2450 dicit
2577 2397 2678 2449 hoc
2737 2396 2893 2451 loco:
2946 2397 3123 2451 Etiam
3180 2398 3352 2469 major
3404 2412 3551 2453 sum.

1983 2507 2001 2540 ι
2041 2488 2257 2543 Etenim
2292 2482 2379 2544 ille
2426 2487 2735 2554 exsultavit,
2770 2499 2826 2542 ut
2858 2489 3065 2545 videret
3098 2489 3241 2545 diem
3278 2504 3482 2556 meum,
3526 2508 3545 2542 ι

1977 2583 2081 2638 hoc
2128 2592 2230 2648 est,
2265 2580 2631 2635 desideratum
2673 2589 2729 2635 et
2759 2590 3000 2650 optatum
3048 2582 3237 2637 habuit
3290 2581 3460 2648 illum,
3497 2591 3555 2638 et

1977 2674 2158 2745 gaudii
2209 2682 2513 2736 auctorem,
2549 2672 2776 2737 scilicet,
2822 2687 2887 2727 eo
2928 2675 3070 2742 quod
3120 2675 3173 2728 in
3228 2673 3551 2729 beneﬁcium

1977 2763 2216 2828 cederet,
2259 2773 2314 2819 et
2343 2778 2449 2818 non
2485 2763 2635 2832 parvi
2682 2761 2912 2832 alicujus
2941 2777 3115 2830 neque
3138 2763 3377 2834 vulgaris
3407 2771 3555 2818 esset

1979 2857 2116 2919 dies,
2157 2855 2252 2909 sed
2294 2854 2497 2925 magni.
2547 2854 2697 2908 Diem
2731 2864 2907 2907 autent
2940 2853 3071 2908 dicit
3112 2869 3350 2909 crucem.
3388 2852 3556 2925 630

1979 2942 2113 2999 Nam
2180 2945 2561 3014 praaﬁgurabat
2621 2943 2770 2998 illam
2830 2942 3103 2998 Abraham
3163 2944 3218 2998 in
3277 2942 3554 2998 oblatione

1979 3035 2150 3104 Isaac,
2181 3047 2235 3091 et
2279 3038 2463 3091 arietis
2493 3037 2762 3091 sacriﬁcio
2791 3035 2858 3089 ”.
2898 3034 3049 3089 Sicut
3077 3036 3220 3089 enim
3254 3035 3363 3090 illic
3403 3031 3556 3090 Isaac

1979 3129 2148 3198 ligna,
2195 3129 2267 3183 ita
2309 3129 2568 3184 Dominus
2598 3143 2817 3184 crucem
2862 3128 3095 3195 portavit
3123 3144 3137 3182 :
3167 3137 3222 3182 et
3254 3126 3395 3182 sicut
3429 3126 3555 3181 reli-

1980 3230 2099 3274 ctus
2133 3221 2347 3291 quidem
2387 3230 2469 3276 est
2505 3221 2673 3288 lsaac,
2710 3220 3020 3275 immolatus
3055 3229 3237 3274 autem
3284 3219 3448 3281 aries,
3478 3219 3551 3272 ita

1983 3323 2039 3367 et
2063 3312 2202 3367 Deus
2230 3313 2446 3382 quidem
2477 3313 2687 3368 alienus
2725 3319 2811 3368 est
2840 3327 2871 3366 a
2912 3312 3183 3381 passione,
3218 3311 3270 3365 in
3321 3311 3556 3366 humana

1986 3411 2166 3457 autem
2198 3415 2390 3458 natura
2423 3415 2477 3458 et
2505 3420 2670 3460 carne
2711 3418 2903 3474 passus
2933 3413 3035 3467 est,
3070 3401 3225 3459 Hunc
3255 3404 3397 3459 diem
3430 3419 3561 3459 cru-

1986 3497 2070 3551 cis
2091 3509 2213 3550 cum
2241 3496 2583 3565 praividisset
2610 3495 2909 3560 Abraham,
2935 3496 3155 3566 gavisus
3190 3504 3296 3559 est,
3333 3504 3388 3549 et
3414 3495 3558 3562 quod

1987 3586 2197 3640 futurus
2224 3596 2371 3641 esset
2412 3588 2466 3641 in
2513 3587 2742 3642 salutem
2773 3587 2978 3641 utuudi.
3033 3585 3258 3653 insuper
3296 3587 3397 3638 hoc
3441 3586 3558 3637 loco

1986 3683 2222 3738 ostendit
2251 3697 2347 3737 eos
2383 3682 2587 3738 alienos
2616 3698 2736 3738 esse
2762 3682 2831 3736 ab
2854 3680 3154 3745 Abraham,
3200 3681 3464 3749 siquidem
3492 3683 3559 3736 de

1985 3772 2181 3842 quibus
2212 3770 2298 3824 ille
2328 3773 2617 3840 gaudebat,
2646 3772 2702 3826 hi
2747 3772 3112 3827 insaniehaut.
3148 3769 3432 3841 Signiﬁcat
3461 3789 3559 3827 au-

1988 3874 2094 3917 tem
2125 3864 2269 3930 quod
2296 3876 2404 3916 non
2433 3862 2634 3917 invitus
2690 3863 2998 3933 passionem
3052 3863 3392 3932 aggrediatur
3423 3879 3438 3916 :
3479 3863 3559 3918 si-

1989 3956 2202 4024 quidem
2237 3954 2423 4009 laudat
2451 3969 2573 4009 eum
2605 3955 2699 4019 qui
2737 3954 3031 4010 exsultavit
3060 3965 3279 4026 propter
3317 3968 3557 4008 crucem.

1987 4046 2121 4102 Nam
2168 4046 2293 4102 inde
2336 4047 2417 4118 (ut
2450 4047 2653 4101 dictum
2682 4048 2787 4116 est)
2840 4045 2994 4103 salus
3024 4048 3195 4102 orbis.
3240 4046 3344 4100 Alii
3380 4056 3561 4099 autem

1989 4136 2297 4208 intelligunt
2325 4152 2421 4206 per
2451 4137 2593 4192 diem
2616 4152 2777 4192 omne
2809 4146 3025 4208 tempus
3054 4137 3318 4191 adventus
3336 4135 3559 4203 Christi,

1988 4228 2130 4298 quod
2162 4244 2283 4282 cum
2317 4228 2590 4281 Abraham
2632 4227 2994 4297 pra-vidisset,
3023 4228 3241 4296 gavisus
3271 4239 3374 4291 est,
3413 4225 3562 4295 quod

1990 4335 2055 4375 ex
2086 4321 2203 4391 ipso
2240 4329 2293 4374 et
2326 4321 2536 4375 semine
2567 4319 2686 4391 ejus
2723 4330 3066 4375 surrecturus
3104 4329 3251 4374 esset
3286 4319 3561 4374 Salvator.

1991 4411 2057 4468 Et
2105 4413 2353 4469 fortassis
2400 4429 2506 4467 non
2552 4418 2697 4468 solus
2729 4412 3000 4469 Abraham
3054 4412 3272 4483 gavisus
3321 4412 3561 4478 est,‘setl

1990 4516 2044 4560 et
2069 4521 2276 4571 omnes,
2309 4507 2447 4561 sicut
2475 4505 2641 4559 David
2667 4506 2798 4560 dicit
2831 4506 2913 4559 ’δι
2940 4524 2957 4555 ι
2999 4504 3123 4559 llam
3155 4516 3236 4559 est
3263 4505 3377 4558 dies
3403 4519 3562 4573 quam

316 4621 433 4668 τες,
461 4604 535 4666 ὡς
566 4603 728 4656 Δαυῖδ
757 4604 944 4673 λέγει·
983 4623 1001 4657 ι
1036 4605 1237 4676 Αὐτηὴ
1268 4606 1471 4676 ἡμέρα,
1500 4605 1565 4675 ἣν
1588 4603 1880 4674 ἐποίησενό

1992 4600 2117 4653 fecit
2152 4598 2431 4661 Dominus,
2465 4597 2803 4652 exsultemus
2847 4606 2902 4650 et
2937 4595 3179 4650 lattetnur
3206 4597 3256 4649 ιιι
3303 4610 3391 4651 ea.
3439 4612 3457 4644 ι
3499 4594 3564 4646 Et

318 4697 548 4769 Κύριος·
574 4696 1050 4768 ἁγαλλιασώμεθα,
1078 4699 1172 4751 καὶ
1192 4696 1584 4767 εὐφρανθῶμεν
1606 4699 1662 4749 ἐν
1680 4697 1842 4766 αὐτῇ.
1861 4714 1879 4748 ι

323 4790 494 4852 Αὐτὸς
528 4790 624 4861 μὲν
657 4788 752 4844 οῦν
792 4790 985 4844 ταῦτα.
1032 4793 1096 4843 Οἱ
1124 4789 1204 4857 δὲ,
1242 4791 1318 4859 μὴ
1350 4789 1641 4858 δυνάμενοι
1684 4788 1887 4860 φθάσαι

326 4880 403 4943 εἰς
430 4880 492 4932 τὺ
522 4879 653 4950 ὕψος
690 4881 800 4933 τῶν
841 4879 1174 4949 λεγομένων,
1208 4877 1333 4932 οὐτε
1365 4877 1646 4947 ἀνέχονται
1680 4878 1888 4946 ἐρωτῆ-

331 4989 419 5024 σαι
470 4973 566 5025 καὶ
622 4971 835 5041 μαθεῖν,
894 4970 1015 5024 τινα
1103 4972 1268 5039 φησὶν
1335 4970 1567 5040 ἡμέραν,
1623 4968 1688 5039 ἣν
1750 4963 1890 5020 εἶδεν

329 5063 576 5133 Ἀϐραάμ
599 5077 615 5091 ⁸
652 5062 786 5115 ἀλλὰ
817 5060 911 5115 καὶ
950 5062 1147 5132 μᾶλλον
1186 5060 1645 5130 διαχλευάζουσιν,
1681 5057 1753 5121 ὼς
1784 5075 1889 5129 μα-

331 5154 490 5224 νιώδη
527 5154 649 5206 τινὰ
682 5153 1075 5222 φθεγγόμενον.
1114 5172 1132 5204 ι
1172 5153 1522 5220 Πεντήκοντα
1547 5149 1676 5218 γὰρ,
1707 5152 1889 5217 φησὶν,

310 5245 429 5315 ’ἔτη
455 5246 607 5299 οῦπω
636 5245 798 5314 ἔχεις,
837 5248 933 5296 καὶ
975 5245 1227 5315 Ἀϐραὰμ
1265 5241 1550 5313 ἐώρακας;
1584 5261 1602 5292 ι
1639 5243 1809 5294 Τοῦτο
1837 5240 1894 5293 δὲ

338 5333 510 5403 εἷπον,
545 5338 856 5408 νομίζοντες
882 5336 970 5389 τὸν
1002 5325 1202 5407 Κύριον
1235 5335 1402 5402 ἐγγὺς
1442 5329 1580 5385 εἶναι
1612 5333 1718 5385 τῶν
1761 5349 1893 5384 πεν-

335 5433 592 5501 τήκοντα,
639 5430 816 5483 καίτοι
867 5428 1098 5499 περίπου
1145 5430 1438 5497 τριάκοντα
1471 5425 1567 5479 καὶ
1624 5426 1748 5496 τρία
1798 5427 1894 5497 ειη

336 5526 457 5580 τότε
485 5525 768 5595 γεγονότα.
810 5523 966 5586 Τίνος
999 5521 1054 5574 δὲ
1077 5520 1263 5573 ἕνεκεν
1292 5519 1389 5572 οὐκ
1421 5514 1599 5573 εἷπον·
1625 5519 1902 5590 Τεσταρά-

339 5633 497 5669 κοντα
528 5616 623 5687 ἔτη
646 5615 799 5668 οῦπω
827 5613 994 5683 ἔχεις,
1027 5611 1184 5676 ἀλλὰ,
1249 5627 1268 5660 ι
1316 5610 1692 5677 Πεντήκοντας
1740 5625 1756 5659 ι
1797 5607 1902 5659 Πε-

346 5712 522 5778 ριττὸν
555 5710 656 5781 μὲν
685 5709 745 5761 τὸ
771 5706 1013 5761 τοιοῦτον
1043 5705 1326 5775 ἐρώτημα.
1367 5702 1578 5765 Ἀπλῶς
1603 5702 1712 5773 γὰρ
1733 5700 1906 5764 οὕτως

413 5887 632 5945 “Psal.
665 5905 774 5956 ιιι,
833 5888 918 5943 l5.
994 5887 1039 5921 ³³
1075 5886 1209 5943 Gett.
1264 5902 1401 5954 χχιι,
1472 5887 1493 5940 1
1547 5898 1696 5956 seqq.

1994 4693 2111 4763 ipse
2136 4691 2354 4761 quidem
2394 4688 2510 4742 hmc
2540 4689 2702 4753 dixit;
2729 4695 2786 4741 at
2820 4686 2898 4741 illi
2930 4702 3031 4739 non
3078 4694 3323 4759 poterant
3360 4685 3566 4754 pertin-

1994 4797 2120 4853 gere
2142 4782 2206 4836 ad
2230 4780 2616 4836 sublimitatem
2657 4777 2945 4840 dictorum,
2993 4791 3166 4845 neque
3206 4774 3569 4845 dignabantur

1999 4877 2333 4945 interrogare
2363 4871 2447 4926 vel
2495 4872 2705 4926 discere
2751 4871 2873 4940 quis
2903 4880 3048 4923 esset
3096 4869 3213 4923 dies
3252 4869 3358 4934 ille,
3407 4883 3563 4935 quem

1996 4967 2222 5021 vidisset
2248 4962 2554 5017 Abraham:
2580 4962 2688 5015 into
2718 4961 2945 5014 irrident
2971 4975 3090 5013 eum
3118 4969 3176 5013 ut
3208 4959 3392 5011 insana
3415 4972 3567 5026 qua--

1997 5056 2120 5112 dam
2177 5055 2509 5123 loquentem.
2568 5069 2586 5102 ι
2640 5049 3040 5121 Quinquaginta
3096 5050 3263 5114 enim,
3297 5048 3565 5115 inquiunt,

2000 5164 2173 5204 annos
2212 5147 2449 5201 nonduin
2484 5144 2671 5208 habes,
2715 5154 2769 5198 et
2817 5145 3088 5196 Abraham
3142 5140 3356 5195 vidisti?
3397 5158 3416 5190 ι
3459 5138 3571 5192 llnc

2002 5254 2180 5295 autem
2210 5240 2479 5303 dicebant,
2510 5236 2883 5291 existitttantrs
2914 5236 3196 5287 Dominum
3230 5232 3399 5285 ferme
3419 5230 3571 5297 quin-

2001 5341 2261 5402 quaginta
2309 5343 2575 5384 annorum
2611 5342 2769 5382 esse:
2827 5327 3040 5380 tametsi
3088 5336 3214 5377 tunc
3257 5322 3470 5392 triginta
3519 5332 3573 5375 et

2008 5435 2117 5478 tres
2146 5431 2353 5476 tantum
2383 5435 2555 5475 annos
2578 5413 2820 5473 haberet.
2867 5418 3044 5482 Quare
3077 5423 3253 5467 autem
3291 5412 3576 5483 nntrdixe-

2010 5527 2159 5581 runt,
2181 5515 2540 5584 Quadraginta
2555 5524 2724 5566 annos
2746 5510 2978 5564 nondum
2996 5508 3178 5571 habes,
3193 5505 3284 5560 sed
3307 5505 3576 5573 quittoua-

2013 5607 2194 5677 ginta?
2222 5605 2501 5660 Curiosior
2529 5617 2661 5658 sane
2705 5602 2817 5656 lucc
2853 5600 3224 5668 interrogatio.
3263 5597 3395 5650 Nam
3444 5597 3579 5648 situ-

2016 5700 2228 5769 pliciter
2259 5699 2338 5752 sic
2363 5697 2556 5750 incidit
2579 5695 2678 5758 eis,
2711 5700 2768 5746 ttt
2801 5704 3065 5746 memores
3100 5697 3275 5745 essent
3310 5687 3578 5757 quinqua-

1773 5883 1821 5915 “
1852 5880 1993 5939 Psal.
2041 5896 2207 5947 cxvu,
2255 5879 2343 5933 24.
