4060 6580
463 436 538 505 39
1394 430 1975 495 THEOPIIYLACTI
2011 432 2422 495 BULGARUE
2468 435 2829 498 ARCHIEP.
3645 431 3720 495 ιθ

457 547 608 619 ginta
682 559 974 605 annorum.
1058 542 1446 599 Verumtamen
1531 543 1720 597 dicunt
1783 540 2049 611 quidam,

2156 543 2384 599 ἐπελθὸν
2418 545 2625 610 αὐτοῖς,
2668 544 3019 617 ἐμνήσθησαν
3050 544 3157 599 τῶν
3204 544 3545 615 πεντήκοντα
3571 543 3734 597 ἑτῶν.

461 639 971 710 quinquagesimum
997 639 1077 695 eis
1095 653 1295 693 annum
1313 637 1381 691 ad
1403 636 1663 692 honorem
1684 635 1808 690 anni
1829 632 2041 689 «Ιυυὶιωὶ

2155 635 2299 707 Πλὴν
2325 637 2463 705 φασί
2488 654 2656 702 τινες,
2690 639 2772 691 ὅτι
2801 638 2887 692 διὰ
2922 639 2981 691 τὸ
3005 638 3372 711 πεντηκοστὸν
3404 637 3525 702 ξτος
3551 637 3737 700 αὐτοῖς

458 733 684 797 dictum,
719 747 826 801 quo
857 741 909 787 et
946 746 1136 787 servos
1181 730 1382 787 liberos
1420 729 1785 791 dimittebant,
1823 736 1878 783 et
1915 740 2041 796 pos-

457 822 728 879 sessiones
774 835 971 892 empta:
1004 822 1395 885 reddebantur,
1432 831 1486 876 et
1509 820 1690 876 omnia
1733 818 1841 873 alia
1879 817 2043 888 perii-

461 917 772 981 ciebantttr,
814 930 935 985 quae
984 919 1051 970 ad
1103 916 1361 971 honorem
1399 914 1491 970 Dei
1527 915 1820 970 constituta
1864 912 1933 967 ⁸⁵.
1972 912 2043 966 At

465 1008 726 1064 Dominus
770 1009 899 1078 quid
936 1009 1101 1064 dicit?
1134 1028 1153 1061 ι
1189 1008 1496 1080 Antequam
1532 1008 1806 1061 Abraham
1865 1006 2039 1072 ﬁeret,

461 1116 564 1171 ego
602 1117 745 1158 sum.
803 1119 823 1155 ι
874 1099 1031 1166 Vide,
1088 1116 1194 1157 non
1237 1101 1391 1167 dicit,
1427 1101 1733 1169 Antequam
1765 1096 2041 1152 Abraham

461 1196 639 1260 fieret,
669 1210 773 1265 ego
794 1211 942 1249 eram
969 1213 983 1250 :
1008 1198 1124 1259 sed,
1162 1214 1182 1247 ι
1217 1212 1359 1250 sum.
1395 1212 1413 1247 ι
1446 1193 1592 1249 Istud
1620 1192 1762 1247 enim
1796 1191 2041 1256 verbum,

469 1307 491 1342 ς
527 1287 682 1352 Sum,
721 1308 741 1340 ι
771 1287 884 1341 Deo
915 1288 1134 1356 proprie
1157 1286 1435 1352 convenit,
1468 1298 1537 1339 eo
1576 1282 1721 1353 quod
1750 1290 2045 1353 perpetuus

461 1383 531 1436 sit
568 1391 623 1435 et
660 1381 1046 1449 sempiternus,
1095 1380 1147 1435 id
1180 1380 1323 1450 quod
1356 1380 1459 1434 hoc
1491 1378 1714 1431 verbum
1747 1372 2040 1444 significat.

458 1473 648 1543 Itaque
714 1472 879 1528 Pater
917 1470 1033 1539 ejus
1066 1471 1120 1526 in
1160 1472 1327 1526 veteri
1366 1471 1482 1538 lege
1514 1469 1615 1523 hoc
1659 1466 1820 1521 verbo
1851 1464 2042 1527 utitur,

465 1584 484 1617 ι
525 1564 639 1635 Ego
671 1580 791 1620 sum
825 1564 915 1635 qui
960 1579 1076 1619 Slltll
1123 1563 1193 1619 ".
1224 1581 1243 1613 ι
1298 1561 1371 1616 De
1415 1560 1687 1615 Abraham
1734 1571 1865 1611 vero
1907 1555 2046 1609 dixit

458 1658 628 1728 ﬁeret,
681 1660 892 1721 merito,
943 1667 1200 1727 tanquam
1258 1658 1325 1711 de
1371 1650 1734 1721 corruptibili.
1779 1647 1915 1703 Nam
1950 1646 2045 1717 qui

462 1748 637 1805 factus
678 1761 782 1813 est,
829 1760 883 1806 et
931 1750 1320 1819 corrumpitur.
1370 1744 1609 1801 Verbum
1661 1753 1841 1797 autem
1888 1740 2043 1806 Sum,

461 1843 703 1898 divinam
747 1854 803 1899 ct
854 1844 922 1899 ab
978 1845 1124 1897 omni
1175 1841 1525 1909 corruptione
1561 1837 1793 1892 alienam
1845 1833 2047 1903 sempiv

436 1936 776 1989 .ternitatetn
823 1934 1113 2006 signiﬁcat.
1166 1934 1510 2002 QuaprOpter
1548 1941 1601 1986 et
1644 1928 1814 1983 Judwi
1855 1927 2045 1981 existi.
2081 1910 2122 1964 Β

465 2039 675 2083 montes
726 2030 825 2084 hoc
871 2029 1246 2097 hlasphcmum
1302 2028 1529 2081 verbum
1582 2024 1705 2096 (soli
1754 2022 1899 2077 enim
1938 2021 2048 2075 Deo

462 2122 735 2191 convenit)
760 2139 779 2173 ι
807 2122 1045 2175 tulerunt
1068 2120 1271 2188 lapides
1297 2139 1317 2172 ι
1340 2127 1530 2173 contra
1551 2132 1696 2172 eum.
1729 2115 1797 2171 At
1819 2114 2050 2185 ipseite-

462 2229 582 2268 runt
614 2214 901 2280 delitescit,
950 2228 1009 2269 se
1047 2212 1358 2278 lmntilians,
1409 2225 1477 2265 ne
1520 2219 1645 2264 ante
1682 2217 1896 2278 tempus
1935 2221 2051 2262 mo-

464 2305 655 2359 riatur.
691 2306 975 2372 Quomodo
1010 2314 1195 2360 autem
1238 2318 1299 2358 se
1332 2300 1612 2357 occultat?
1638 2298 1756 2354 Non
1789 2300 1844 2354 in
1877 2314 2050 2360 angu-

465 2396 574 2450 lnm
630 2396 816 2466 templi
875 2411 935 2450 se
989 2395 1239 2465 conjecit,
1294 2408 1466 2463 neque
1524 2393 1578 2446 in
1666 2389 2049 2445 donntnculam

464 2486 757 2555 quamdam
790 2485 945 2556 fugit,
978 2499 1151 2553 neque
1181 2493 1301 2554 post
1333 2484 1591 2552 parietem
1628 2482 1708 2535 vel
1729 2480 2040 2535 columnam

464 2594 524 2632 se
549 2578 878 2642 ineurvavit,
912 2579 1006 2630 sed
1036 2591 1133 2630 sua
1181 2590 1376 2645 magna
1418 2585 1691 2644 potestate
1722 2571 2051 2627 invisibilent

460 2670 623 2742 631
657 2685 717 2726 se
760 2671 886 2725 fecit
918 2666 1353 2731 insidiatoribus,
1386 2667 1637 2737 quamvis
1681 2681 1776 2735 per
1813 2665 2050 2719 medium

465 2765 680 2818 illorum
706 2763 899 2818 exiret.
933 2760 998 2814 Et
1033 2779 1050 2812 ε
1084 2760 1377 2830 prteterivit
1413 2759 1514 2820 sic,
1544 2776 1564 2811 ι
1606 2758 1654 2811 id
1682 2766 1766 2813 εει
1808 2758 2056 2812 transivit

464 2854 790 2923 simpliciter
825 2864 880 2909 et
914 2855 1118 2921 absque
1158 2851 1363 2906 labore.
1408 2850 1537 2905 Vide
1575 2860 1752 2905 autem
1783 2848 2054 2919 quomodo

464 2948 580 3017 ipse
623 2947 845 3017 quidem
901 2947 1080 3001 omnia
1140 2962 1263 3015 quae
1301 2944 1553 3010 debebat,
1602 2943 1865 3014 implevit.
1918 2940 2052 2996 Nam

464 3042 580 3112 ipse
611 3041 829 3111 quidem
871 3041 1004 3094 satis
1028 3054 1125 3094 eos
1151 3039 1336 3093 docnit
1359 3045 1412 3093 et
1466 3040 1532 3093 de
1580 3052 1659 3102 se,
1699 3049 1754 3090 et
1784 3035 1850 3090 de
1872 3035 2055 3101 Patre,

460 3145 518 3188 et
546 3133 871 3189 monstravit
914 3134 996 3187 eis
1033 3131 1371 3185 nobilitatem
1413 3139 1465 3183 et
1496 3129 1805 3183 libertatem
1841 3144 2051 3193 verant,

463 3241 587 3295 quae
631 3245 659 3278 a
721 3223 961 3294 peccatis
1008 3223 1177 3279 libera
1222 3230 1328 3285 est,
1377 3231 1431 3275 et
1468 3219 1614 3290 quod
1655 3219 1767 3275 sola
1816 3221 2051 3274 servitus

464 3286 669 3387 μετοιαιὶ
701 3286 884 3370 findat:
916 3327 970 3370 et
1003 3315 1057 3369 in
1083 3329 1321 3377 summa,
1350 3286 1692 3367 nihil-eorum
1721 3325 1841 3381 quae
1877 3326 2046 3379 opor-
2076 3286 2118 3344 ο

467 3408 635 3473 tebat,
686 3406 950 3477 reliquit:
986 3405 1061 3460 illi
1113 3414 1293 3458 autent
1342 3404 1586 3472 lapidaut
1627 3417 1770 3456 eum.
1810 3400 1933 3455 [deo
1968 3417 2055 3456 re-

477 3501 673 3571 linquit
695 3499 838 3566 illos,
858 3499 983 3569 quia
1007 3512 1111 3552 non
1130 3497 1270 3551 ultra
1284 3495 1677 3551 corret'tionem
1698 3494 2053 3563 recipiebant.

466 3592 681 3648 Adnota
733 3601 914 3646 autem
978 3590 1121 3660 quod
1188 3588 1492 3660 lapidaules
1552 3587 1723 3652 illum,
1791 3586 1842 3640 hi
1897 3595 2056 3641 erant

468 3688 534 3742 de
575 3685 773 3757 quibus
830 3684 970 3739 dixit
1022 3682 1352 3754 evangelista
1408 3682 1552 3751 quod
1610 3679 1941 3736 crediderint
1998 3679 2053 3733 in

464 3794 613 3846 eunt,
694 3779 766 3833 ita
815 3778 949 3832 ftdcs
986 3776 1204 3833 illorum
1259 3790 1363 3830 non
1404 3782 1523 3829 erat
1575 3773 1725 3836 fides,
1792 3772 1886 3827 sed
1921 3780 2056 3827 tem-

466 3870 681 3939 poraria
730 3873 977 3939 quadam
1030 3878 1087 3924 et
1151 3866 1349 3938 frigida
1412 3866 1625 3921 alfcctio
1687 3866 1742 3921 in
1791 3865 1876 3921 his
1936 3879 2056 3934 quae

465 3965 685 4021 Christo
717 3962 1063 4020 dicebantur.

1088 4071 1521 4147 οΑΡοτιχ.⁴

938 4163 1015 4220 De
1053 4180 1190 4220 cazco
1225 4182 1257 4219 a
1290 4166 1594 4220 nativitate.

536 4273 706 4331 Vens.
745 4273 799 4341 1,
828 4274 887 4331 2.
923 4291 942 4326 t
983 4272 1048 4329 Et
1076 4273 1397 4345 praeteriens
1430 4270 1589 4331 Jesus
1616 4271 1750 4327 vidit
1780 4271 2053 4328 hominem

467 4384 670 4425 caecum
712 4382 743 4422 a
784 4367 1088 4431 nativitate,
1116 4375 1173 4421 et
1214 4367 1691 4436 interrogaverunt
1733 4379 1856 4419 eum
1884 4364 2055 4427 .disci-

466 4460 579 4532 puli
614 4458 752 4528 ejus,
787 4460 1075 4513 dicentes:
1112 4455 1311 4523 Rabbi,
1347 4458 1471 4529 quis
1514 4457 1785 4528 peccavit,
1837 4456 1944 4519 hic,
1986 4472 2052 4511 an

470 4561 727 4623 parentes
753 4548 892 4620 ejus,
939 4560 1000 4604 ut
1035 4564 1213 4609 caecus
1247 4548 1611 4606 nasceretur?
1652 4566 1671 4601 ι
1728 4548 1907 4603 Exivit
1935 4549 2056 4618 qui-

2142 725 2232 780 διὰ
2249 726 2416 795 τιμῆς
2438 726 2689 795 ἄγεσθαι,
2716 728 2805 781 τὸν
2832 728 3121 799 ἱωϐηλαίόν
3147 745 3288 800 φημι
3307 727 3574 793 ἐνιαυτὸν,
3607 726 3734 779 καθ’

2143 818 2202 872 δν
2226 821 2322 874 καὶ
2348 820 2571 884 δούλους
2588 821 2940 891 ἠλευθέρουν.
2980 824 3073 874 καὶ
3099 823 3344 891 κτήσεως
3374 820 3599 888 ὠνητῶν
3634 837 3737 873 παν

2148 911 2443 983 ρεχώρουν,
2479 912 2574 967 καὶ
2605 913 2652 965 τ’
2702 913 2836 967 ἄλλα
2870 914 3047 968 πάντα
3076 913 3312 976 ἐτέλουν,
3344 914 3446 967 ὅσα
3471 914 3552 976 εἰς
3595 912 3733 965 Θεοῦ

2143 1004 2312 1075 τιμὴν
2336 1004 2552 1076 ἔφερεν.
2583 1006 2642 1057 ὐ
2663 1003 2719 1057 δὲ
2751 1005 2956 1075 Κύριος
2983 1006 3216 1076 τίφησι;
3256 1024 3274 1057 t
3301 1004 3439 1076 Πρὶν
3480 1004 3736 1074 Ἀϐραὲμ

2145 1100 2418 1167 γενέσθαι,
2438 1099 2549 1168 ἐγώ
2575 1103 2712 1171 είμι.
2757 1120 2774 1151 t
2807 1100 2975 1171 Ὅρα,
3011 1101 3111 1153 οὐκ
3145 1097 3289 1153 εἷπε·
3321 1102 3458 1170 Πρὶν
3479 1099 3736 1170 Ἀϐραὰμ

2146 1183 2419 1260 γενέσθαι,
2456 1193 2627 1264 ἢμην,
2670 1191 2785 1246 ἀλλ’
2825 1212 2842 1246 t
2903 1193 3053 1263 Εἰμί.
3098 1212 3118 1245 ο
3168 1191 3320 1262 Αὕτη
3362 1194 3472 1261 γὰρ
3522 1192 3736 1263 ὴλέξις

2146 1288 2230 1348 τὸ,
2271 1304 2290 1337 ι
2324 1285 2477 1355 Εἰμὶ,
2520 1303 2538 1337 t
2575 1287 2667 1339 ἐπὶ
2695 1284 2834 1340 Θεοῦ
2865 1286 3199 1358 κυριωτέρα,
3227 1287 3323 1341 dte
3349 1284 3444 1338 τοῦ
3466 1284 3735 1356 διηνεκῶς

2147 1372 2285 1429 εἶναι
2321 1377 2414 1428 καὶ
2443 1377 2532 1430 ἀεὶ
2580 1379 2892 1447 σημαντικὴ
2925 1393 2939 1406 ·
2978 1377 3166 1449 ὥσπερ
3200 1376 3294 1431 οὖν
3335 1378 3431 1431 καὶ
3479 1376 3507 1429 ὁ
3544 1375 3734 1445 Πατὴρ

2146 1469 2312 1524 αὑτοῦ
2349 1470 2406 1522 ὲν
2437 1472 2502 1541 τῇ
2536 1470 2769 1541 Παλατᾷ,
2811 1470 2983 1543 ταύτῃ
3028 1470 3297 1542 κέχρηται
3326 1486 3340 1501 ο
3378 1487 3397 1522 ι
3447 1467 3592 1538 Ἐγώ
3615 1469 3733 1536 είμι

2149 1562 2177 1614 ὁ
2201 1559 2296 1615 ὢν.
2338 1581 2357 1613 t
2406 1563 2531 1616 Ἐπὶ
2553 1562 2610 1617 δὲ
2641 1563 2734 1616 τοῦ
2780 1562 3034 1634 Ἀϐραὰμ
3062 1557 3183 1615 εἷπε
3213 1563 3294 1625 τὸ,
3334 1582 3354 1613 ι
3394 1560 3674 1624 Γενέσθαι,
3707 1577 3728 1611 t

2147 1655 2396 1718 είκὸτως,
2438 1655 2512 1719 ὡς
2545 1655 2809 1726 φθαρτοῦ.
2855 1656 2930 1710 Τὸ
2958 1654 3067 1728 γὰρ
3100 1655 3343 1725 γεγονὸς,
3376 1654 3470 1708 καὶ
3513 1653 3733 1723 φθείρε-

2146 1762 2271 1801 ται·
2303 1747 2365 1799 τὸ
2393 1747 2469 1813 δὲ,
2506 1767 2525 1800 ι
2566 1748 2717 1818 Είμὶ,
2760 1767 2779 1799 ι
2830 1748 3013 1817 πάσης
3058 1748 3268 1819 φθορᾶς
3311 1746 3606 1817 ἀμεϐεξίαν
3640 1746 3735 1798 καὶ

2149 1842 2429 1912 assumta
2461 1842 2613 1895 θείαν
2648 1842 2926 1910 ἐμφαίνει.
2958 1841 3050 1896 Διὸ
3092 1841 3187 1895 καὶ
3221 1840 3377 1894 αὐτοὶ
3411 1838 3735 1910 βλάσφημον

2151 1935 2211 1988 τὸ
2266 1936 2417 2006 ῥῆμα
2471 1936 2798 2004 νομίσαντες
2862 1933 3005 2007 (Θεῷ
3066 1936 3174 2005 γὰρ
3251 1934 3398 2005 μόνῳ
3455 1930 3733 2002 ἁρμόζει),

2158 2047 2175 2079 t
2209 2024 2350 2098 ἦραν
2384 2026 2571 2091 λίθους
2609 2046 2627 2080 ι
2663 2028 2750 2081 ἐπ’
2776 2027 2942 2082 αὐτόν
2968 2043 2983 2061 ο
3022 2026 3183 2091 αὐτὸς
3213 2026 3270 2080 δὲ
3296 2027 3600 2097 κρύπτεται
3628 2023 3735 2076 πά-

2152 2120 2236 2174 λιν
2264 2119 2713 2188 συστελλόμενος,
2744 2121 2832 2174 ἵνα
2857 2120 2933 2190 μὴ
2958 2120 3063 2190 πρὸ
3089 2118 3285 2189 καιροῦ
3312 2116 3583 2188 ἀποθάνῃ.
3612 2115 3736 2177 Πῶς

2150 2211 2208 2266 δὲ
2239 2211 2346 2283 ἄρα
2397 2212 2735 2285 κρύπτεται;
2773 2213 2885 2265 Οὔκ
2915 2212 2993 2275 είς
3023 2211 3225 2280 γωνίαν
3262 2208 3357 2262 τοῦ
3393 2206 3538 2278 ἱεροῦ
3584 2205 3737 2258 δεδυο

2152 2305 2287 2369 κὼς,
2340 2305 2449 2359 οὐδ’
2486 2307 2567 2369 είς
2599 2304 2846 2360 οίκίσκον
2882 2302 3297 2375 καταφυγὼν,ἢ
3330 2302 3506 2354 ὀπίσω
3550 2299 3733 2369 τοῖχου

2151 2398 2248 2451 καὶ
2279 2396 2473 2450 στύλου
2521 2396 2903 2468 περικάμψας,
2954 2394 3070 2450 ἀλλ’
3105 2394 3325 2465 ἐξουσίᾳ
3366 2393 3525 2465 θεῖκῃ
3568 2392 3737 2463 ἀόρα-

2151 2505 2244 2543 τον
2289 2488 2481 2542 ἑαυτὸν
2510 2492 2625 2552 τοῖς
2677 2487 3091 2543 ἐπιδουλεύουσι
3139 2486 3509 2557 καταστήσας,
3556 2484 3735 2537 καίτοι

2152 2579 2240 2634 διὰ
2285 2580 2451 2652 μέσον
2504 2580 2684 2634 αὐτῶν
2735 2580 2918 2647 ἐξιών.
2971 2598 2988 2633 t
3039 2580 3151 2633 Καὶ
3190 2580 3441 2649 παρῆγεν
3494 2575 3670 2670 οὕτω·
3710 2594 3732 2627 ι

2155 2674 2430 2739 τουτέστι,
2494 2673 2748 2745 διήρχετο
2795 2672 2980 2736 ἁπλῶς
3017 2671 3162 2726 οὓτω
3207 2671 3304 2725 καὶ
3350 2670 3647 2744 ἀπράκτως
3680 2670 3738 2722 ὲν

2156 2763 2235 2835 τῷ
2280 2763 2444 2827 τέως.
2494 2763 2635 2833 ὐρα
2667 2762 2724 2815 δέ
2759 2778 2871 2833 μοι,
2922 2761 3039 2824 πῶς
3084 2760 3247 2823 αὐτὸς
3298 2758 3397 2829 μὲν
3448 2756 3627 2811 πάντα
3672 2754 3741 2808 τὰ

2155 2856 2349 2912 ἑαυτοῦ
2373 2854 2755 2926 πεπλήρωκεν.
2801 2853 3021 2917 Ἰκανῶς
3045 2869 3104 2906 τε
3135 2853 3242 2926 γὰρ
3261 2852 3456 2916 αὐτοὺς
3500 2846 3738 2914 ἐδίδαξε,

2162 2952 2256 3005 καὶ
2308 2948 2439 3021 περὶ
2492 2945 2687 3002 ἑαυτοῦ
2737 2947 2833 3002 καὶ
2880 2946 2976 3001 τοῦ
3018 2945 3255 3017 Πατρὸς,
3295 2946 3392 2999 καὶ
3441 2943 3538 3015 τὴν
3571 2942 3741 3003 ὅντως

2158 3042 2438 3112 εὐγένειαν
2502 3043 2594 3095 καὶ
2650 3038 2967 3110 ἐλευθερίαν
3002 3039 3103 3108 τὴν
3142 3037 3249 3091 ἀπὸ
3292 3038 3403 3091 τῶν
3453 3035 3740 3108 ἁμαρτιῶν

2159 3133 2428 3202 ὑπέδειξε,
2460 3135 2554 3188 καὶ
2587 3133 2672 3187 ὅτι
2711 3133 2846 3204 μόνη
2874 3131 3088 3185 δουλεία
3121 3130 3326 3203 αἰσχρὰ
3352 3133 3386 3201 ἡ
3424 3130 3520 3199 τῆς
3555 3131 3741 3201 ἁμαρ·

2157 3229 2299 3295 τίας,
2341 3228 2438 3282 καὶ
2469 3226 2679 3291 ἁπλῶς,
2705 3226 2858 3280 οὐδὲν
2890 3227 3001 3279 τῶν
3033 3225 3262 3280 δεόντων
3293 3222 3569 3294 nemo“
3594 3239 3608 3254 °
3644 3223 3739 3276 αὑ.

2154 3324 2238 3377 τοὶ
2295 3322 2353 3376 δὲ
2413 3322 2510 3376 καὶ
2571 3318 2943 3374 λιθοϐολοῦσιν
3002 3320 3186 3375 αὐτόν.
3236 3319 3328 3373 Διὸ
3375 3319 3469 3373 καὶ
3515 3320 3742 3388 ἀφίησιν

2156 3415 2375 3480 αὐτοὺς,
2423 3413 2501 3477 ὡς
2545 3411 2746 3484 μηκέτι
2792 3411 3115 3482 δεχομένους
3153 3410 3463 3481 διόρθωσιν.
3506 3409 3745 3478 Ἐπεσή-

2159 3522 2295 3577 μηνε
2352 3504 2432 3570 δὲ,
2487 3505 2569 3559 ὃτι
2617 3495 2765 3557 οὗτοι
2815 3505 2866 3556 οἱ
2915 3502 3318 3566 λιθοϐολοῦντες
3365 3502 3551 3567 αὑτὸν,
3587 3502 3742 3555 αὐτοὶ

2154 3593 2293 3669 ἦσαν
2317 3595 2413 3660 οὓς
2444 3590 2598 3650 εἶπεν
2639 3597 2667 3649 ό
2715 3593 3133 3666 εὐαγγελιστὴς,
3179 3596 3262 3649 ὅτι
3299 3615 3316 3647 t
3379 3594 3741 3648 Ἐπίστευσαν

2156 3695 2235 3757 εἰς
2267 3691 2430 3745 αὐτόν
2459 3706 2473 3721 ⁸
2530 3709 2549 3742 t
2587 3690 2762 3754 οὕτως
2805 3692 2912 3762 ἄρα
2945 3692 2979 3761 ἠ
3020 3691 3203 3752 πίστις
3237 3688 3418 3742 αὐτῶν
3462 3689 3525 3742 οὐ
3557 3688 3741 3751 πίστις

2156 3779 2244 3854 ἦν,
2272 3781 2412 3837 ἀλλὰ
2447 3780 2785 3853 πρόσκαιρός
2815 3798 2899 3843 τις
2941 3781 3036 3834 καὶ⁸
3062 3779 3250 3852 ψυχρὰ
3278 3779 3609 3844 συνδιάθεσις
3646 3780 3744 3834 ἐπὶ

2155 3881 2269 3943 τοῖς
2304 3877 2410 3932 ὑπὸ
2435 3877 2675 3950 Χριστοῦ
2719 3878 3058 3949 λεγομένοις.

2762 4078 2990 4133 ΚΕΦᾹΛ
3001 4119 3015 4133 .
3058 4077 3136 4132 ϐ’.

2464 4173 2605 4240 Περὶ
2641 4171 2751 4228 τοῦ
2784 4173 2852 4225 ἐκ
2888 4170 3134 4244 γενετῆς
3170 4169 3427 4242 τυφλοῦ.

2232 4298 2251 4331 ι
2276 4280 2385 4334 Καὶ
2405 4279 2693 4352 παράγων,
2718 4273 2858 4332 εἶδεν
2882 4279 3170 4351 ἄνθρωπον
3192 4278 3391 4348 τυφλὸν
3409 4279 3473 4332 ὲκ
3492 4280 3740 4351 γενετῆς,

2156 4373 2250 4427 καὶ
2281 4373 2574 4443 ἠρώτησαν
2629 4373 2792 4427 αὐτὸν
2854 4373 2902 4426 oi
2954 4371 3194 4444 μαθηταὶ
3240 4372 3405 4427 αὑτοῦ
3455 4373 3740 4443 λέγοντες·

2167 4464 2381 4531 Ῥα66ὶ,
2445 4463 2529 4527 τίς
2555 4463 2829 4536 ἥμαρτεν,
2876 4457 3032 4528 οὗτος
3066 4466 3100 4537 ἢ
3137 4465 3187 4518 oi
3229 4467 3407 4534 γονεῖς
3439 4466 3627 4533 αὐτοῦ,
3657 4467 3745 4521 ἵνα

2155 4558 2355 4625 τυφλὸς
2387 4556 2620 4628 γενηθῇς
2663 4578 2682 4611 ι
2723 4558 2935 4624 Ἐξεισι
2961 4558 3060 4629 μὲν
3081 4559 3146 4611 ὲκ
3165 4558 3259 4611 τοῦ
3290 4559 3437 4629 ἱεροῦ
3459 4561 3487 4612 ὁ
3518 4559 3741 4630 Κύριος,

467 4647 590 4700 dem
621 4647 690 4699 de
719 4644 920 4715 templo
950 4642 1233 4710 Dominus,
1277 4653 1338 4701 ut
1369 4642 1518 4698 furor
1544 4640 1855 4698 Iudaeorum
1901 4640 2051 4695 miti-

2155 4649 2234 4723 τῷ
2262 4651 2420 4722 θυμῷ
2448 4650 2557 4705 τῶν
2598 4652 2866 4705 Ἰουδαίων
2897 4652 3232 4722 παραψυχήν
3258 4668 3381 4706 τινα
3415 4650 3749 4724 μηχανώμε-

467 4747 727 4810 garetur:
759 4738 826 4793 ad
858 4736 1161 4791 sanandum
1208 4744 1390 4790 autem
1439 4750 1640 4793 caecum
1691 4735 2049 4802 convertitur,

467 4829 635 4886 etiam
671 4845 768 4902 per
797 4831 901 4885 hoc
935 4829 1154 4899 signum
1202 4828 1460 4883 duritiam
1500 4838 1554 4884 et
1602 4828 2053 4898 impersuasibili-

470 4932 640 4980 tatem
673 4938 862 4979 eorum
911 4922 1165 4992 frangere
1202 4934 1442 4983 conans.
1490 4922 1706 4975 tametsi
1756 4920 1893 4974 nihil
1948 4919 2056 4976 illis

469 5017 775 5087 prodesset.
831 5013 1060 5084 insuper
1105 5025 1161 5070 et
1206 5013 1445 5071 ostendit
1482 5013 1566 5068 eis
1616 5012 1760 5082 quod
1798 5028 1905 5069 non
1934 5013 2056 5069 sine

469 5122 635 5164 causa
665 5122 843 5178 neque
866 5118 1188 5179 arroganter
1210 5107 1448 5163 dixerit:
1480 5124 1500 5160 t
1535 5104 1853 5177 Priusquam
1883 5108 2057 5163 Abra-

470 5202 599 5257 ham
636 5198 828 5269 fieret,
865 5215 966 5272 ego
1004 5216 1123 5257 sum
1145 5200 1214 5255 ".
1273 5218 1293 5253 t
1344 5200 1484 5256 Ecce
1538 5201 1681 5255 enim
1731 5200 2052 5255 miraculum

471 5295 627 5362 facit,
675 5295 836 5365 quale
871 5294 1051 5350 nullus
1097 5310 1336 5364 unquam
1396 5294 1565 5364 prius.
1604 5293 1739 5348 Nam
1788 5295 1889 5349 etsi
1935 5294 2058 5364 quis

474 5389 750 5459 aperuerit
777 5388 963 5444 oculos
990 5387 1142 5451 caeci,
1171 5402 1277 5442 non
1320 5398 1498 5444 tamen
1537 5388 1666 5443 (ιεοί
1705 5387 1838 5440 nati.
1872 5385 2050 5441 Mani—

474 5482 669 5536 festum
700 5480 866 5552 igitur
889 5485 1033 5549 quod
1063 5478 1206 5535 Deus
1243 5480 1336 5545 sit,
1370 5490 1418 5536 et
1457 5491 1584 5535 ante
1626 5482 1927 5546 Abraham,
1963 5480 2055 5550 qui

474 5570 737 5628 fecithoc
768 5573 913 5642 quod
965 5587 995 5626 a
1045 5572 1244 5629 saeculo
1296 5588 1402 5628 non
1455 5572 1656 5628 factum
1706 5584 1811 5628 est.
1870 5574 2056 5628 Dedita

477 5669 660 5717 autem
688 5675 852 5729 opera
895 5662 961 5717 ad
1009 5677 1212 5718 caecum
1262 5664 1428 5727 venit,
1477 5676 1582 5717 n'on
1627 5662 1714 5716 ille
1763 5664 1829 5717 ad
1863 5664 2057 5733 ipsum.

481 5750 720 5809 Proinde
747 5763 799 5809 et
832 5753 1081 5822 discipuli
1118 5768 1240 5809 cum
1275 5754 1535 5809 vidissent
1559 5769 1682 5809 eum
1716 5763 1825 5807 tam
1852 5754 2059 5811 intente

2162 4759 2271 4808 νος*
2311 4744 2405 4796 ἐπὶ
2440 4743 2740 4814 θεραπείαν
2777 4743 2834 4797 δὲ
2862 4743 2958 4796 τοῦ
2983 4742 3184 4812 τυφλοῦ
3216 4744 3499 4815 τρέπεται,
3532 4743 3622 4798 διὰ
3650 4742 3745 4798 τοῦ

2164 4836 2392 4907 σημείου
2428 4836 2621 4889 τούτου
2651 4835 2713 4889 τὸ
2753 4833 2989 4907 σκληρὸν
3022 4835 3206 4890 αὐτῶν
3242 4837 3338 4890 καὶ
3377 4836 3603 4899 ἀπειθὲς
3639 4853 3747 4906 μα-

2160 4928 2396 4994 λάσσων,
2429 4930 2478 4980 εί
2509 4928 2604 4981 καὶ
2632 4927 2800 4998 μηδὲν
2822 4926 3149 4995 ὠφελοῦντο·
3180 4927 3300 4999 ἅμα
3324 4928 3381 4982 δὲ
3408 4928 3621 4991 δεικνὺς
3649 4929 3749 4981 αῦ-

2160 5022 2296 5083 τοῐς,
2329 5019 2411 5072 ὅτι
2440 5020 2502 5073 οὐ
2538 5019 2738 5090 μάτην,
2770 5018 2891 5071 οὐδὲ
2921 5019 3246 5089 κομπάζων,
3284 5015 3404 5074 elata
3435 5019 3516 5075 τό’
3555 5038 3574 5072 ι
3613 5021 3748 5090 Πρὶν

2175 5108 2426 5180 Ἀδραὰμ
2450 5109 2745 5175 γενέσθαι,
2797 5108 2909 5176 ἐγώ
2963 5110 3104 5178 είμι.
3149 5126 3169 5161 ι
3224 5110 3357 5163 Ἰδοὺ
3406 5111 3515 5180 γὰρ
3562 5109 3748 5179 Θαῦμα

2163 5202 2327 5267 τελεῖ,
2353 5197 2463 5254 οἷον
2498 5201 2673 5264 οὐδεὶς
2703 5199 2925 5254 πώποτε
2955 5201 3245 5272 πρότερον.
3282 5202 3345 5254 Εἰ
3376 5202 3485 5272 γὰρ
3523 5203 3620 5254 καὶ
3657 5218 3751 5255 τυ-

2164 5292 2298 5362 φλοῦ
2338 5293 2650 5364 ὀφθαλμοὺς
2688 5293 2892 5364 ἀνέῳξε
2937 5311 3043 5359 τις,
3090 5294 3206 5348 ἀλλ’
3253 5294 3315 5347 οὐ
3344 5294 3749 5365 γεγεννημένου

2166 5384 2400 5455 τυφλοῦο
2450 5385 2728 5455 προφανὲς
2769 5384 2884 5451 οὖν,
2920 5387 3002 5439 ὃτι
3050 5386 3127 5449 ὡς
3181 5384 3314 5450 Θεὸς
3364 5390 3457 5442 καὶ
3497 5388 3605 5460 πρὸ
3655 5387 3750 5441 τοῦ

2195 5476 2432 5548 Λσριὰμ
2457 5476 2568 5544 ὢν,
2620 5479 2766 5532 τελεῖ
2807 5476 2967 5532 τοῦτο
3015 5478 3080 5531 τὸ
3117 5480 3283 5551 μήπω
3324 5479 3386 5545 ἐξ
3428 5480 3623 5544 αἰῶνος
3663 5497 3753 5534 τε·

2164 5567 2381 5621 λεσοὲν.
2434 5570 2717 5640 Ἐπίτηδες
2756 5570 2851 5624 καὶ
2889 5572 2985 5625 ἐπὶ
3035 5571 3126 5625 τὸν
3171 5572 3372 5642 τυφλὸν
3403 5568 3567 5644 ἦλθεν
3592 5613 3608 5640 ,
3648 5573 3750 5625 οὐκ

2171 5661 2379 5724 ἐκεῖνος
2412 5662 2544 5733 πρὸς
2573 5663 2758 5719 αὐτόν.
2791 5664 2949 5719 Οὕτω
2978 5664 3111 5734 γοῦν
3144 5666 3237 5721 καὶ
3267 5667 3317 5720 oi
3345 5665 3588 5738 μαθηταὶ
3618 5666 3753 5720 ίδὸν-

2170 5770 2263 5817 τες
2284 5753 2447 5808 αὑτὸν
2493 5758 2872 5828 προσεκτικῶς
2895 5759 3242 5831 ἐμϐλέψαντα
3266 5759 3344 5832 τῷ
3369 5757 3579 5831 τυφλῷ,
3607 5757 3748 5829 ἐρω-

552 5911 599 5943 ¹³
632 5909 808 5966 Levit.
854 5925 1031 5978 xxvu,
1058 5911 1148 5975 24,
1181 5924 1334 5980 seqq.
1409 5912 1455 5944 ³⁸
1493 5910 1665 5966 Exod.
1702 5927 1784 5978 ιιι,
1809 5910 1894 5965 Η.
1973 5910 2051 5965 ²⁷έ

2155 5927 2197 5967 n.
2229 5928 2348 5981 vm,
2369 5913 2460 5968 58.
