4060 6624
304 444 357 508 ιι
955 439 1405 505 ΕΝΑΒΒΑΤῙΟ
1434 438 1519 507 IN
1558 432 1880 503 EVANGE]

1985 429 2058 495 [Μ
2084 430 2429 505 JOANNIS.
2455 457 2526 469 -
2571 432 2730 495 CAP.
2769 431 2877 493 IX.
3465 422 3539 489 ιε
3566 472 3577 507 ,_

298 560 440 615 τῶσιο
476 577 496 612 ι
530 558 627 623 Τίς
654 558 902 630 ἥμαρτεν
926 598 941 626 ,
977 552 1134 623 οὗτος
1169 558 1203 632 ἢ
1250 559 1299 615 oi
1336 560 1514 629 γονεῖς
1544 554 1735 620 αὐτοῦ,
1773 552 1866 607 ἵνα

1985 557 2303 621 spectantem
2346 563 2571 615 czecum,
2596 548 2973 620 interrogant:
3020 563 3039 598 ι
3075 543 3207 614 Quis
3248 545 3490 615 peccavit
3515 547 3541 600 2

298 649 484 719 τυφλὸς
493 651 727 723 γεννηθῇ
748 666 765 716 ;
797 668 816 703 ι
828 649 1093 722 ὅΦαίνεται
1114 649 1215 722 μὲν
1227 645 1319 706 οὖν
1340 652 1374 722 ὴ
1391 649 1655 723 ἐρώτησις
1668 645 1867 717 ἔσφαλ-

299 742 451 815 μένη.
474 743 599 807 Πῶς
634 740 743 814 γὰρ
770 743 837 797 ἂν
859 743 1109 816 ἥμαρτεν
1147 739 1304 809 οὗτος
1335 743 1468 815 πρὶν
1504 739 1863 812 γεννηθῆναι;

297 834 367 888 οὐ
394 833 502 905 γὰρ
534 834 705 906 δήπου
735 835 1107 907 παρεδέξαντο
1136 836 1187 890 οἱ
1211 835 1502 891 ἀπόστολοι
1534 834 1635 899 τὰς
1678 832 1869 902 Ἐλληο

296 923 444 987 νικὰς
466 923 755 994 φλυαρίας,
782 924 863 978 ὅτι
888 926 921 995 η
945 924 1093 997 ψυχὴ
1119 925 1226 997 πρὸ
1247 924 1341 979 τοῦ
1363 923 1613 997 σώματος
1637 925 1696 979 έν
1723 922 1869 996 ἄλλῳ

295 1011 481 1083 κόσμῳ
509 1012 794 1081 διὰγουσα,
829 1014 1159 1085 ἁμαρτάνει,
1187 1012 1288 1070 εἷθ’
1318 1014 1463 1070 οὕτω
1493 1014 1715 1071 κόλασιν
1746 1030 1869 1069 τινα

292 1105 494 1179 ταύτην
513 1104 829 1163 ἁποτιννύει
853 1107 953 1177 τὴν
981 1107 1075 1160 ἐπὶ
1093 1107 1156 1162 τὸ
1186 1106 1348 1180 σῶμα
1379 1107 1627 1163 κάθοδον.
1673 1106 1871 1171 ’Δλιεῖς

292 1195 396 1269 γὰρ
447 1196 623 1264 ὅντες,
664 1200 789 1254 οὐδὲ
839 1200 1083 1270 ῆκουσαν
1135 1199 1202 1254 ἂν
1247 1199 1492 1254 τοιοῦτόν
1538 1215 1625 1265 τι,
1661 1197 1869 1252 ἐπείτοι

290 1297 463 1345 ταῦτα
495 1293 607 1346 τῶν
634 1293 942 1364 φιλοσόφων
970 1293 1040 1348 τά
1072 1292 1342 1364 δόγματα.
1386 1294 1643 1348 Φαίνεται
1690 1293 1871 1348 τοίνυν

291 1385 517 1458 ἀνόητος
544 1388 581 1458 ἡ
610 1386 901 1458 ἐρώτησις,
920 1386 1036 1440 ἀλλ’
1064 1386 1124 1439 οὐ
1148 1386 1228 1458 τῷ
1256 1402 1321 1457 γε
1344 1388 1686 1459 προσέχοντι.
1716 1386 1871 1441 Μὰν-

293 1480 418 1534 θανε
448 1481 581 1551 γάρ’
618 1481 668 1534 οἱ
696 1479 986 1535 ἀπόστολοι
1014 1480 1306 1543 ἀκούοντες
1337 1478 1432 1534 τοῦ
1464 1478 1706 1550 Χριστοῦ
1735 1479 1872 1550 πρὸς

289 1570 381 1625 τὸν
426 1569 741 1641 παράλυτον
776 1569 1023 1634 εἰπόντος
1046 1611 1062 1636 ,
1102 1587 1124 1623 ‹
1165 1570 1269 1623 Ἴδε
1296 1568 1457 1642 ὑγιὴς
1486 1569 1739 1638 γέγονας,
1769 1586 1874 1641 μη-

290 1662 410 1717 κέτι
440 1662 748 1732 ἁμάρτανε,
781 1662 867 1716 ἵνα
903 1662 980 1734 μὴ
1009 1660 1190 1733 χεῖρόν
1221 1661 1273 1716 τί
1303 1678 1386 1716 σοι
1413 1661 1661 1733 γένηται,
1700 1680 1720 1715 ι
1752 1661 1874 1716 ἐπεὶ

288 1754 381 1808 τὸν
414 1753 617 1823 τυφλὸν
664 1750 828 1820 εἶδον,
869 1753 1161 1825 ἀποροῦσι,
1210 1752 1308 1808 καὶ
1359 1753 1603 1824 ὡσπερεὶ
1644 1751 1876 1809 τοιαῦτά

291 1863 476 1917 φασιν
501 1848 685 1902 Ἔστω
710 1847 913 1911 ἐκεῖνος
931 1846 998 1900 δι’
1017 1847 1390 1916 ἁμαρτήματα
1412 1844 1718 1918 παρελύθη·
1745 1847 1876 1916 περὶ

288 1936 482 1993 τούτου
508 1935 565 1994 τί
594 1938 662 1992 ἂν
694 1934 907 2002 εῐποις;
937 1935 1110 1999 Αὐτὸς
1138 1935 1424 2007 ἥμαρτεν;
1451 1933 1564 1988 ἁλλ’
1598 1933 1700 1988 οὐκ
1724 1931 1873 1987 ἐστιν

289 2032 464 2085 εἰπεῖν
487 2048 504 2064 ·
532 2031 596 2084 ἐκ
625 2029 853 2100 γενετῆς
896 2029 1005 2098 γάρ
1038 2028 1153 2081 ἐστι
1184 2027 1403 2097 τυφλός.
1444 2024 1586 2080 Ἀλλ’
1612 2026 1661 2080 οἱ
1693 2026 1875 2095 γονεῖς

292 2120 457 2175 αὐτοῦ
479 2137 495 2189 ;
520 2119 636 2174 ἁλλ’
674 2119 796 2174 οὐδὲ
819 2116 980 2172 τοῦτο
1003 2134 1018 2149 ο
1071 2119 1201 2181 παῖς
1231 2115 1341 2189 γὰρ
1393 2115 1533 2186 ὑπὲρ
1565 2113 1771 2186 πατρὸς
1810 2113 1872 2167 ού

292 2214 599 2278 κολάζεται.
629 2211 705 2266 Οὐ
740 2209 996 2266 τοσοῦτον
1028 2206 1123 2265 οὖν
1155 2208 1497 2281 ἐρωτῶντες,
1528 2207 1653 2261 ὅσον
1686 2206 1878 2260 διαποι-

292 2304 537 2378 ροῦντες,
566 2303 744 2359 ταῦτα
764 2303 1038 2372 λέγουσιν.
1082 2301 1142 2355 '0
1174 2299 1353 2354 τοίνυν
1380 2297 1585 2369 Κύριος
1609 2296 1753 2352 λύων
1781 2296 1877 2351 αύ-

290 2401 401 2460 τοῖς
425 2397 526 2469 τὴν
555 2397 823 2470 ἀπορίαν,
856 2395 1021 2467 φησίν
1044 2410 1059 2427 ο
1108 2412 1127 2446 ι
1180 2390 1319 2447 Οὔτε
1355 2383 1511 2455 οὗτος
1548 2390 1765 2461 ἥμαρτε
1788 2427 1804 2454 ,
1844 2406 1869 2440 ρι

295 2494 447 2565 (πῶς
476 2492 588 2563 γὰρ
616 2492 747 2564 πρὶν
770 2490 803 2564 ἢ
827 2490 1158 2562 γεννηθῆναι
1184 2506 1199 2557 ;
1226 2490 1244 2554 )
1280 2505 1300 2540 ι
1338 2484 1462 2541 οὒτε
1493 2486 1542 2539 oi
1568 2486 1747 2553 γονεῖς
1776 2482 1877 2537 αύ-

292 2585 407 2639 τοῦ.
431 2585 546 2639 Οὐκ
571 2583 929 2638 ἀπαλλάττων
951 2582 1010 2637 δὲ
1032 2580 1231 2644 αὐτοὺς
1260 2577 1695 2651 ἁμαρτημάτων,
1718 2576 1877 2630 τοῦτό

297 2693 481 2748 φησιν.
522 2676 597 2729 Οὐ
644 2675 755 2748 γὰρ
807 2673 997 2738 ἁπλῶς
1038 2668 1217 2738 εἶπεν,
1255 2673 1339 2727 ὅτι
1377 2671 1492 2741 Οὐχ
1535 2669 1784 2741 ἥμαρτον
1827 2668 1878 2723 oi

297 2770 472 2837 γονεῖς
495 2808 510 2835 ,
541 2766 679 2822 άλλὰ
712 2765 1056 2839 προσέθηκεν
1084 2780 1098 2795 ·
1128 2782 1146 2817 ι
1180 2764 1302 2820 Ἵνα
1331 2764 1532 2834 τυφλὸς
1555 2760 1813 2832 γεννηθῇ.
1854 2779 1873 2813 ι

301 2861 593 2933 Ἥμαρτον
624 2858 723 2930 μὲν
749 2859 858 2931 γὰρ
879 2859 929 2913 οἱ
956 2859 1131 2928 γονεῖς
1156 2855 1344 2924 αὑτοῦ,
1363 2856 1479 2910 ἁλλ’
1500 2855 1601 2910 οὐκ
1626 2851 1879 2909 ἐντεῦθεν

296 2957 330 3027 ή
354 2957 602 3027 πήρωσις
625 2952 820 3024 τούτῳ.
849 2953 924 3007 Οὐ
946 2951 1056 3023 γὰρ
1077 2950 1354 3024 ἁμαρτίας
1384 2949 1641 3021 πατέρων
1669 2946 1879 3003 δίκαιόν

299 3047 412 3100 ἐστι
446 3048 605 3102 παισὶ
648 3045 814 3118 μηδὲν
859 3044 1142 3099 ἀδικοῦσιν
1174 3040 1540 3097 ἐπιτίθεσθαι.
1582 3041 1694 3097 Καὶ
1720 3038 1880 3095 τοῦτο

299 3141 327 3193 ὁ
349 3138 482 3203 Θεδς
504 3138 747 3193 διδάσκει
771 3137 868 3210 μὲν
894 3137 985 3192 διὰ
1019 3135 1304 3208 Ἰεζεκιὴλ,
1327 3134 1470 3189 οὕτω
1491 3133 1686 3204 λέγων’
1718 3153 1738 3186 ι
1767 3133 1881 3187 Οὐκ

299 3229 449 3284 ἔσται
477 3230 512 3302 ἡ
544 3228 828 3302 παραϐολὴ
855 3226 996 3302 αὓτη
1022 3227 1104 3282 ἔτι
1133 3227 1459 3301 ήλεγομένη
1486 3244 1501 3259 ·
1557 3226 1623 3280 Οἱ
1647 3225 1882 3298 πατέρες

301 3320 504 3391 ἔφαγον
532 3318 777 3391 δμφακα,
809 3320 905 3376 καὶ
932 3321 983 3374 oi
1010 3319 1221 3384 ὀδόντες
1250 3319 1362 3373 τῶν
1394 3318 1599 3372 τέκνων
1634 3315 1881 3389 ᾑμωδία-

304 3430 422 3469 σαν·
467 3433 488 3467 ι
525 3413 808 3486 νομοθετεῖ
830 3414 887 3468 δὲ
918 3412 1017 3468 καὶ
1044 3413 1134 3468 διὰ
1158 3410 1426 3477 Μωσέως·
1470 3428 1490 3463 ι
1528 3410 1642 3464 Οὐκ
1672 3409 1884 3464 ἀποθα-

302 3508 474 3560 νεῖται
502 3505 686 3578 πατὴρ
714 3506 855 3577 ὑπὲρ
882 3507 1098 3561 τέκνου.
1139 3523 1159 3558 ι
1204 3502 1389 3569 Ἀλλὰ,
1420 3504 1533 3557 Καὶ
1558 3502 1696 3568 πῶς,
1727 3501 1881 3572 φησὶ,

302 3595 636 3667 γέγραπται·
669 3614 689 3649 ι
732 3597 1048 3660 ’Λποδιδοὺς
1073 3595 1346 3668 ἁμαρτίας
1366 3596 1569 3664 γονέων
1598 3595 1692 3648 ἐπὶ
1720 3592 1887 3648 τέκνα

306 3689 398 3742 ἐπὶ
421 3687 616 3760 τρίτην
636 3689 730 3742 καὶ
749 3688 1019 3759 τετάρτην
1048 3688 1273 3757 γενεάν;
1305 3705 1324 3740 ι
1362 3685 1552 3740 Ἔστιν
1572 3684 1666 3739 οὖν
1688 3687 1883 3751 εἰπεῖν,

305 3781 385 3836 ὅτι
415 3781 634 3854 πρῶτον
668 3782 789 3849 μὲν,
812 3781 936 3835 οὐδὲ
964 3780 1226 3851 καθολική
1263 3780 1412 3834 ἐστιν
1444 3778 1584 3850 αὕτη
1612 3779 1647 3849 ἡ
1672 3776 1888 3846 ἀπόφα-

308 3890 413 3940 σις,
442 3874 565 3928 οὐδὲ
592 3873 737 3928 κατὰ
775 3874 994 3929 πάντων
1029 3872 1278 3946 ῥηθεῖσα,
1315 3871 1453 3925 ἀλλὰ
1487 3870 1666 3941 μόνων
1693 3870 1801 3924 τῶν
1827 3869 1888 3935 ἐξ

304 3965 583 4035 Αἰγύπτου
615 3965 963 4034 ἐξελθόντων.
1011 3967 1247 4022 Ἔπειτα
1296 3963 1491 4018 σκόπει
1529 3978 1621 4034 μοι
1666 3961 1760 4016 καὶ
1794 3962 1888 4015 τὸν

306 4056 430 4111 νοῦν
450 4061 549 4129 τῆς
571 4057 922 4128 ἀποφάσεως.
961 4057 1037 4112 Oti
1062 4058 1174 4128 γὰρ
1199 4055 1359 4110 τοῦτό
1378 4071 1564 4126 φησιν,
1593 4054 1676 4108 ὅτι
1713 4053 1888 4126 ’Υπὲρ

306 4143 381 4203 ὧν
401 4149 651 4221 ἥμαρτον
687 4150 739 4202 οί
771 4149 1029 4221 πατέρες,
1066 4148 1388 4213 κολάζονται
1426 4146 1477 4200 oi
1509 4144 1697 4210 παῖδες
1718 4185 1733 4210 ,
1768 4144 1886 4199 ἁλλ’

305 4242 388 4296 ὃτι
416 4244 482 4296 Δί
516 4242 784 4314 ἁμαρτίαι
830 4241 941 4297 τῶν
992 4241 1270 4312 πατέρων,
1301 4239 1611 4306 τουτέστιν,
1654 4239 1713 4292 αἱ
1747 4237 1888 4310 ὑπὲρ

306 4336 415 4388 τῶν
443 4335 861 4408 ἁμαρτημάτων
888 4334 1142 4398 κολάσεις
1182 4332 1615 4403 ἁποδοθήσονται
1645 4330 1743 4385 καὶ
1771 4331 1886 4393 τοῖς

309 4430 495 4505 παισὶν
527 4429 756 4494 αὐτῶν.
786 4430 861 4493 ὡς
894 4428 963 4484 τὰ
994 4429 1158 4500 ὅμοια
1188 4422 1735 4498 πεπλημμεληκόσιν.
1770 4423 1888 4478 Ἵνα

307 4520 417 4592 γάρ
448 4523 525 4595 μὴ
556 4522 852 4594 νομίζωσιν
883 4521 935 4577 οῖ
966 4522 1027 4589 ἐξ
1060 4519 1340 4590 Αἰγύπτου
1372 4518 1702 4586 ἐξελθόντες,
1731 4516 1813 4570 ὃτι
1837 4516 1887 4569 εί

1902 1895 1951 1956 Β

1968 642 2081 710 bic,
2107 641 2189 697 vel
2219 651 2472 713 parentes
2492 642 2631 712 ejus,
2664 652 2723 696 ut
2749 656 2932 698 caecus
2964 638 3319 697 nasceretur?
3346 656 3367 692 ι
3402 635 3540 693 Nam

1969 745 2193 805 apparet
2247 734 2466 806 quidem
2521 735 2869 805 interrogatio
2927 733 3193 806 frigidior.
3258 731 3540 800 Quomodo

1969 826 2113 881 enim
2138 836 2418 898 peccasset
2449 827 2762 897 priusquam
2795 826 3151 884 nasceretur?
3180 825 3367 898 Neque
3391 826 3540 882 enim

1971 918 2201 990 apostoli
2250 919 2479 988 gentiles
2531 935 2699 991 nugas
2751 929 3111 990 receperunt,
3161 921 3304 991 quod
3360 920 3543 976 anima

1971 1019 2099 1066 ante
2122 1026 2320 1082 corpus
2343 1011 2396 1067 in
2420 1011 2528 1068 alio
2550 1013 2749 1067 mundo
2774 1026 3004 1068 versans
3024 1022 3234 1083 peccet,
3257 1028 3321 1069 ac
3348 1013 3553 1068 deinde

1972 1118 2186 1173 ptenam
2222 1104 2512 1174 quamdam
2562 1105 2789 1175 recipiat
2835 1104 2887 1160 in
2930 1120 3134 1176 corpus
3186 1106 3540 1161 descendens.

1970 1194 2283 1254 Piscatores
2316 1198 2461 1253 enim
2489 1212 2609 1253 cum
2639 1208 2842 1262 essent,
2875 1213 3051 1269 neque
3082 1199 3403 1254 audiverant
3438 1198 3545 1254 tale
3586 1242 3589 1247 η

1972 1287 2253 1356 quiddam,
2286 1288 2410 1358 quia
2454 1289 2572 1345 haec
2604 1289 3050 1359 philosophorum
3077 1289 3328 1359 dogmata
3364 1299 3545 1344 erant.

1979 1381 2202 1437 Videtur
2232 1380 2393 1451 igitur
2426 1380 2692 1451 insipiens
2720 1382 2974 1450 quaestio,
3035 1381 3130 1436 sed
3190 1397 3294 1436 non
3345 1379 3395 1435 ei
3451 1381 3545 1451 qui

1975 1473 2225 1529 attendit.
2258 1473 2417 1529 Disce
2451 1474 2595 1529 enim
2630 1458 2776 1544 quod
2807 1474 3059 1546 apostoli,
3083 1475 3295 1531 dicente
3330 1474 3548 1531 Cbristo

1975 1564 2041 1619 ad
2068 1562 2449 1636 paralyticum,
2500 1583 2519 1616 ι
2570 1565 2714 1620 Ecce
2744 1581 2909 1621 sanus
2937 1564 3115 1620 factus
3146 1581 3227 1631 es,
3260 1580 3366 1619 non
3409 1565 3549 1618 ultra

1977 1670 2188 1727 pecces,
2241 1664 2300 1710 ut
2357 1669 2425 1710 ne
2471 1655 2710 1712 deterius
2757 1658 3013 1728 quiddam
3071 1658 3167 1713 tibi
3222 1658 3337 1725 ttat,
3396 1676 3414 1711 ι
3459 1657 3593 1737 ubi,

1976 1763 2177 1804 caecum
2207 1748 2480 1813 viderunt,
2513 1748 2851 1818 dubitabant,
2886 1762 2942 1807 et
2971 1752 3125 1822 quasi
3162 1752 3289 1806 talia
3321 1751 3548 1807 dicunt:

1979 1842 2108 1899 Esto
2161 1840 2249 1898 ille
2290 1850 2514 1913 propter
2567 1855 2789 1913 peccata
2846 1845 3178 1915 paralyticus
3234 1842 3431 1909 fuerit;
3485 1846 3553 1897 de

1982 1937 2085 1993 hoc
2109 1951 2235 1994 vero
2267 1938 2395 2007 quid
2431 1937 2674 1995 dixeris?
2698 1937 2950 2009 Nunquid
2989 1939 3104 2009 ipse
3126 1939 3415 2009 peccavit?
3446 1936 3553 1992 Set

1982 2029 2085 2085 hoc
2112 2028 2295 2086 dicere
2323 2044 2429 2085 non
2463 2040 2638 2101 potes,
2691 2045 2816 2086 nam
2844 2045 2880 2086 a
2911 2030 3194 2086 nativitate
3226 2044 3399 2086 ezecus
3445 2039 3552 2085 est.

1980 2121 2119 2177 Num
2148 2132 2401 2192 parentes
2447 2123 2609 2192 eius?
2665 2122 2771 2180 Sed
2827 2137 3002 2194 neque
3043 2124 3187 2191 boc;
3240 2139 3347 2180 non
3409 2124 3554 2180 enim

1984 2213 2126 2270 lilius
2146 2229 2248 2286 pro
2274 2225 2427 2285 patre
2457 2216 2698 2293 punitur.
2726 2215 2896 2288 igitur
2920 2232 3027 2272 non
3057 2226 3169 2272 tam
3193 2217 3552 2288 interrogant,

1984 2320 2145 2376 quam
2166 2305 2330 2377 632
2358 2307 2652 2363 dubitando
2677 2307 2791 2363 haec
2822 2307 3028 2364 dicunt.
3059 2309 3129 2362 At
3162 2308 3422 2363 Dominus
3448 2309 3560 2364 su!-

1983 2411 2117 2454 vens
2148 2397 2370 2453 dubium
2395 2397 2630 2464 illorum,
2666 2397 2829 2454 dicit:
2861 2416 2882 2451 ι
2921 2396 3106 2468 Neque
3129 2398 3218 2454 hic
3246 2398 3549 2468 peccavit.»

1985 2488 2134 2561 (nam
2165 2491 2435 2560 quomodo
2489 2498 2768 2557 peccasset
2821 2491 3138 2560 priusquam
3172 2489 3554 2556 nasceretur?)

1990 2598 2010 2632 ι
2046 2594 2222 2650 neque
2249 2589 2501 2649 parentes
2527 2580 2662 2652 ejus.
2697 2599 2722 2634 ι
2768 2579 2883 2637 Non
2917 2579 3048 2636 dicit
3070 2589 3247 2636 autem
3290 2582 3391 2636 hoc
3413 2581 3556 2651 quod

1984 2671 2300 2730 liberaverit
2347 2687 2442 2730 eos
2477 2689 2508 2729 a
2568 2673 2844 2744 peccatis:
2889 2689 2995 2730 non
3037 2674 3183 2730 enim
3239 2674 3561 2744 simpliciter

1987 2765 2123 2823 dixit
2160 2767 2304 2837 quod
2347 2763 2463 2821 Non
2488 2774 2848 2837 peccaverunt
2885 2775 3160 2837 parentes,
3204 2766 3299 2823 sed
3329 2766 3559 2831 addidit,

1992 2877 2012 2911 ι
2036 2856 2109 2915 Ut
2136 2873 2311 2917 caecus
2347 2868 2678 2916 nasceretur.
2702 2876 2725 2912 ι
2760 2858 2895 2916 Nam
2948 2868 3306 2930 peccaverant
3338 2859 3561 2930 quidem

1987 2955 2386 3025 parentesejus,
2414 2955 2509 3012 sed
2530 2970 2636 3012 non
2661 2956 2788 3012 inde
2812 2956 2939 3012 huic
2958 2955 3192 3013 eaet-itas.
3207 2954 3394 3027 Neque
3418 2959 3561 3013 enim

1984 3046 2193 3118 justum
2224 3057 2311 3104 est
2346 3034 2566 3120 propter
2607 3057 2897 3120 parentum
2938 3059 3160 3120 peccata
3204 3048 3361 3120 εωίεί
3397 3050 3561 3116 lilios,

1990 3137 2083 3207 qui
2118 3153 2224 3193 non
2255 3136 2456 3206 injuste
2483 3146 2687 3209 agunt:
2719 3147 2773 3193 et
2802 3137 2906 3195 hoc
2938 3138 3081 3195 Deus
3119 3139 3274 3194 docet
3296 3152 3401 3208 :per
3429 3137 3567 3194 Eze-

1915 3261 1960 3321 ο
1990 3230 2243 3296 cbielem,
2273 3232 2493 3288 dicens:
2534 3250 2553 3284 ι
2586 3230 2704 3287 Non
2737 3230 2842 3288 erit
2874 3231 3111 3303 ampli-us
3142 3232 3257 3288 haec
3276 3233 3565 3303 parabole,

1990 3338 2097 3393 qua
2136 3324 2330 3380 dicitur
2362 3341 2376 3378 :
2413 3323 2603 3381 Patres
2631 3324 2981 3381 comederunt
3009 3339 3169 3379 uvam
3205 3325 3569 3390 acerbam,et

1991 3413 2183 3471 dentes
2215 3414 2444 3471 ﬁliorum
2470 3416 2855 3486 obstupescunt
2873 3416 2941 3474 ".
2968 3435 2992 3469 ι
3024 3415 3222 3488 Legem
3242 3417 3382 3474 item
3417 3419 3570 3489 ponit

1991 3512 2047 3559 et
2072 3518 2167 3574 per
2191 3502 2376 3560 Mosen
2404 3527 2416 3562 :
2464 3523 2484 3558 ‹
2515 3503 2633 3562 Non
2661 3506 2926 3563 morietur
2943 3516 3101 3579 pater
3140 3523 3243 3578 pro
3291 3508 3401 3564 [ilio
3426 3511 3494 3563 ”.
3537 3529 3558 3561 δ

1994 3594 2122 3664 Sed,
2176 3596 2376 3651 dixerit
2408 3597 2550 3667 quis,
2594 3598 2866 3667 quomodo
2903 3597 3163 3668 scriptum
3196 3598 3338 3668 quod
3379 3600 3569 3655 reddat

1999 3705 2018 3741 ι
2055 3701 2274 3759 peccata
2305 3699 2515 3759 patrum
2569 3690 2622 3745 in
2664 3691 2804 3748 ﬁlios
2849 3691 2901 3746 in
2934 3692 3146 3747 tertiam
3206 3702 3260 3747 et
3311 3702 3566 3763 quartam

1993 3780 2401 3849 generationem
2424 3780 2520 3835 σοι
2552 3798 2571 3833 ι
2613 3780 2910 3836 Dicendum
2955 3782 3121 3853 igitur
3154 3784 3298 3851 quod
3330 3782 3567 3852 primum

1993 3871 2209 3943 quidem
2260 3886 2365 3927 non
2429 3872 2502 3928 sit
2550 3873 2819 3944 generalis
2861 3875 2974 3930 haec
3029 3876 3331 3942 sententia,
3394 3889 3569 3946 neque

1993 3974 2184 4022 contra
2235 3981 2424 4023 omnes
2473 3966 2652 4032 dicta,
2708 3968 2804 4024 sed
2862 3966 3033 4024 solum
3085 3978 3274 4024 cutura
3329 3983 3425 4025 eos
3474 3970 3567 4039 qui

1993 4059 2195 4130 egressi
2228 4069 2356 4115 sunt
2387 4059 2456 4115 de
2499 4057 2761 4131 Egypto.
2806 4058 3029 4130 insuper
3070 4059 3289 4116 attende
3334 4069 3567 4117 mentem

1996 4151 2306 4206 sententiae.
2335 4149 2454 4206 Non
2487 4152 2631 4206 enim
2684 4152 2786 4207 hoc
2815 4152 2984 4218 dixit,
3021 4155 3163 4222 quod
3185 4151 3294 4208 Pro
3331 4154 3569 4223 peccatis

1995 4252 2209 4313 patrum
2255 4244 2557 4313 puniuntur
2592 4243 2706 4309 lilii,
2740 4244 2835 4298 sed
2886 4245 3026 4314 quod
3053 4245 3284 4300 Peccata
3332 4256 3568 4316 patrum,

1996 4336 2100 4391 hoc
2136 4346 2220 4392 est
2271 4350 2442 4406 pteutc
2468 4350 2565 4404 pro
2602 4337 2835 4404 peccatis
2880 4337 3188 4408 irrOgandaa
3233 4345 3365 4393 sunt
3402 4339 3570 4394 etiam

1994 4426 2123 4483 ﬁliis
2164 4427 2425 4498 ipsorum,
2462 4437 2648 4496 utpote
2695 4426 2780 4484 his
2810 4428 2899 4498 qui
2965 4429 3165 4482 similia
3221 4429 3567 4500 deliquerint.

1993 4518 2128 4575 Nam
2165 4528 2221 4575 ut
2250 4536 2316 4576 ne
2347 4530 2537 4592 putent
2564 4520 2618 4575 bi
2656 4520 2748 4592 qui
2784 4536 2848 4575 ex
2896 4521 3130 4593 Egypto
3166 4522 3370 4591 egressi
3404 4532 3529 4577 sunt
3553 4562 3571 4590 ,

308 4616 403 4668 καὶ
442 4614 610 4686 χείρω
640 4614 750 4668 τῶν
777 4614 1033 4686 πατέρων
1066 4613 1480 4685 ἁμαρτήσουσιν
1501 4652 1517 4679 ,
1548 4610 1610 4664 ού
1640 4611 1753 4673 τοῖς
1786 4610 1880 4663 αύ-

1994 4614 2136 4685 quod
2163 4613 2409 4684 quamvis
2438 4615 2658 4683 gravius
2698 4617 3043 4684 peccaverint
3085 4631 3250 4685 quant
3294 4626 3571 4685 parentes,

310 4709 420 4771 τοῖς
452 4708 930 4779 τιμωρηθήσονται
951 4719 968 4736 ⁸
998 4706 1184 4777 φησὶν,
1218 4706 1302 4759 ὅτι
1345 4704 1461 4775 Οὐχ
1506 4702 1679 4765 οὕτως
1711 4701 1886 4767 ἔσται,

310 4798 426 4852 ἀλλ’
453 4800 515 4853 αἱ
553 4800 823 4871 ἁμαρτίαι
855 4800 964 4854 τιὶν
992 4799 1278 4869 πατέρων,
1310 4797 1431 4869 ῆτοι
1463 4797 1518 4849 αἱ
1546 4796 1729 4849 ποιναὶ
1748 4833 1765 4859 ,
1794 4792 1891 4847 καὶ

313 4889 398 4961 ἐφ’
434 4890 579 4963 ὑμᾶς
605 4890 939 4957 ἐλεύσονται,
970 4890 1053 4943 ὃτι
1075 4888 1151 4961 μὴ
1174 4888 1418 4959 βελτίους
1451 4885 1724 4956 ἐγένεσθε,
1755 4884 1892 4940 ἁλλὰ

310 4983 381 5037 τὰ
404 4984 548 5036 αὐτὰ
567 5023 582 5047 ,
612 4982 648 5054 ἦ
688 4981 785 5038 καὶ
813 4981 982 5054 χείρω
1016 4978 1550 5058 πεπλημμελῄκατε.
1585 4979 1648 5032 Ei
1685 4979 1741 5032 δὲ
1766 4976 1891 5047 βλέ-

313 5090 435 5136 πεις
468 5073 730 5137 πολλάκις
757 5076 854 5128 καὶ
885 5075 1055 5144 νήπια
1089 5062 1468 5145 ἁρπαζόμενοι,
1500 5070 1590 5125 διὰ
1618 5070 1895 5143 τιμωρίαν

311 5166 475 5237 δῆθεν
501 5165 739 5237 γονέων,
773 5167 889 5222 ἀλλ’
918 5165 978 5221 εὖ
1017 5166 1150 5233 ἴσθι,
1184 5166 1268 5220 ὃτι
1292 5166 1379 5220 διὰ
1415 5164 1831 5236 φιλανθρωπίαν
1866 5165 1897 5218 ὁ

314 5260 447 5327 Θεὸς
482 5261 829 5335 προαρπάζει
858 5262 1036 5317 ταῦτα
1077 5260 1173 5316 τοῦ
1219 5260 1368 5331 βίου’
1401 5260 1489 5314 ἵνα
1522 5260 1597 5333 μὴ
1629 5260 1894 5331 ζήσαντα,

313 5355 484 5428 χείρω
509 5355 618 5409 τῶν
645 5357 845 5425 γονέων
876 5356 1162 5426 γένωνται,
1204 5356 1300 5409 καὶ
1328 5354 1421 5408 ἐπὶ
1453 5353 1610 5425 κακῷ
1639 5354 1738 5424 τῆς
1767 5354 1898 5406 ἐαυ-

314 5447 423 5504 τῶν
466 5448 645 5521 ψυχῆς
691 5450 724 5521 ἢ
779 5450 875 5504 καὶ
921 5450 1095 5505 ἄλλων
1141 5447 1351 5502 πολλῶν
1395 5446 1683 5518 βιώσωσιν.
1732 5446 1895 5498 Ἀλλὰ

313 5540 490 5597 ταῦτα
540 5541 644 5612 μὲν
689 5544 732 5613 -ή
770 5543 880 5596 τῶν
928 5542 1088 5596 θείων
1146 5541 1429 5612 κριμάτων
1478 5540 1716 5602 ἄϐυσσος
1762 5539 1894 5609 παρ’

315 5634 485 5704 ἑαυτῇ
515 5633 629 5704 ἔχει
654 5632 966 5702 καλύῲασω
997 5636 1160 5705 ἡμεῖς
1184 5632 1240 5686 δὲ
1264 5634 1357 5686 ἐπὶ
1381 5631 1448 5686 τὰ
1470 5630 1597 5702 ἑξῆς
1632 5630 1821 5700 ἴωμεν.

391 5739 412 5774 ι
458 5722 755 5795 Ἀπεκρίθη
786 5724 816 5776 ὁ
858 5724 1065 5795 Ἰησοῦς
1090 5742 1104 5755 ο
1133 5723 1269 5779 Οὔτε
1293 5716 1444 5786 οὗτος
1472 5723 1740 5794 ἥμαρτεν,
1770 5719 1893 5775 οὔτε

1998 4722 2102 4763 non
2145 4705 2336 4761 iisdem
2383 4707 2658 4777 suppliciis
2710 4708 3022 4777 puniantur,
3090 4708 3299 4781 inquit,
3327 4710 3446 4766 Non
3489 4710 3574 4765 sic

1997 4798 2124 4865 erit,
2158 4799 2251 4854 sed
2286 4811 2508 4868 peccata
2548 4809 2783 4868 patrum,
2819 4802 2919 4855 hoc
2943 4810 3026 4857 est
3073 4816 3269 4871 paenae,
3300 4802 3465 4857 etiam
3503 4802 3573 4855 ad

1996 4905 2095 4947 vos
2125 4891 2462 4960 pervenient,
2489 4892 2614 4959 quia
2660 4908 2765 4946 non
2824 4891 2950 4947 facti
2999 4893 3133 4948 estis
3164 4892 3443 4959 meliores,
3475 4893 3573 4947 scd

1998 4982 2185 5036 eadem
2215 4996 2277 5037 ac
2316 4981 2583 5037 deteriora
2644 4984 2933 5051 peccastis.
2985 4982 3136 5051 Quod
3192 4991 3373 5038 autem
3432 4997 3576 5051 saepe

1996 5071 2146 5127 vides
2170 5084 2368 5142 pueros
2393 5071 2552 5138 mori,
2587 5072 2747 5141 idque
2771 5083 2991 5142 propter
3019 5081 3299 5139 parentum
3329 5086 3571 5140 pmnam,

1997 5164 2142 5220 scias
2180 5165 2323 5235 quod
2364 5163 2505 5219 Deus
2549 5176 2766 5235 propter
2816 5163 3242 5218 misericordiam
3300 5163 3577 5231 prmripiut

1997 5256 2210 5312 illorum
2248 5257 2439 5322 vitam,
2479 5265 2537 5314 ut
2582 5272 2649 5310 ne
2692 5270 2813 5310 cunt
2858 5254 3294 5323 supervixerint,
3336 5254 3574 5310 deterio-

2001 5364 2086 5404 res
2116 5348 2429 5418 parentibus
2464 5348 2616 5412 fiant,
2663 5357 2716 5401 et
2762 5347 2817 5401 in
2864 5347 3065 5400 malum
3105 5362 3328 5400 suarum
3360 5346 3574 5401 anima-

2001 5459 2117 5498 rum
2145 5452 2199 5496 et
2224 5441 2453 5497 aliorum
2484 5441 2774 5495 multorum
2796 5441 3000 5493 vivant.
3022 5436 3407 5493 Verumtamen
3438 5441 3575 5502 inec,

2001 5536 2230 5606 abyssus
2275 5534 2579 5589 divinorum
2627 5533 2954 5603 jndiciornm
3008 5530 3173 5602 apud‘
3204 5545 3264 5587 se
3311 5533 3571 5586 continet.

1998 5625 2109 5681 Nos
2147 5624 2216 5679 ad
2248 5625 2526 5694 sequentia
2564 5637 2883 5692 pergamus:

2077 5715 2239 5771 Vsus.
2271 5716 2391 5791 355.
2430 5735 2446 5768 ι
2494 5715 2808 5786 Respondit
2841 5711 3035 5772 Jesus:
3066 5713 3255 5786 Neque
3315 5715 3404 5769 hic
3448 5729 3572 5784 pec-

391 5903 437 5936 “
456 5900 660 5957 Exerit.
712 5920 867 5967 xvtu.
912 5906 965 5961 2.
1053 5907 1097 5940 ⁸³
1129 5906 1283 5964 Dent.
1322 5924 1470 5973 xxxv,
1508 5909 1590 5964 l6.
1632 5907 1713 5939 ’³⁸
1737 5904 1909 5963 Exod.
1940 5920 2032 5972 xx,
2071 5903 2125 5959 5.

526 5999 800 6063 Ριτιιυι..
838 6002 957 6063 (in.
1006 6000 1268 6062 CXXIV.

3215 5988 3257 6048 2
