4060 6658
346 472 420 535 45
988 465 1430 529 ENABRATIO
1465 463 1545 526 ΙΝ
1579 460 2081 526 EVANGELIUM
2114 462 2454 526 JOANNIS.
2483 488 2553 501 -
2574 464 2731 526 CAP.
2778 464 2881 526 IX.
3518 466 3586 529 65

345 583 727 662 οἰκοδομήσας,
751 579 852 655 ἔχῃ
872 578 961 636 διὰ
982 579 1078 637 τοῦ
1101 577 1506 652 δημιουργῆσαι
1530 575 1625 630 καὶ
1648 575 1707 628 τὸ
1729 573 1915 638 ἀτελὲς

2030 588 2238 640 sanans,
2259 584 2312 630 et
2328 573 2382 630 in
2401 589 2552 630 suam
2572 584 2695 629 natu
2704 591 2815 630 ram
2831 574 3186 642 cimstituens,
3200 575 3433 631 ostendit
3447 576 3592 646 quod

343 677 552 735 ἐκεῖνο,
587 673 857 727 δεικνύειν
879 711 896 735 ,
930 673 1013 729 ὅτι
1052 672 1148 724 καὶ
1179 667 1274 724 τοῦ
1302 665 1724 741 ᾠκοδομημένου
1756 665 1916 728 αὐτὸς

341 765 594 836 τεχνίτης
636 764 819 817 ἐστίν’
852 762 994 817 οὕτω
1043 763 1135 816 καὶ
1163 763 1191 815 6
1230 758 1363 824 Θεὸς
1397 758 1558 832 ἡμῶν
1601 753 1807 827 Ἰησοῦς
1851 756 1920 810 τὰ

345 854 724 928 πεπηρωμένα
755 852 892 926 μὲλη
927 854 1173 924 ἰώμενος,
1202 851 1300 905 καὶ
1339 847 1722 905 ἀποκαθιστῶν
1748 847 1827 910 εἰς
1858 845 1919 899 τὸ

343 948 486 1003 κατὰ
516 944 700 1017 φύσιν,
724 943 1014 1007 δείκνυσιν,
1037 942 1110 1006 ὡς
1139 942 1248 1013 ἄρα
1277 940 1438 1003 αὑτός
1464 940 1612 992 ἐστιν
1638 940 1665 991 6
1692 937 1787 992 καὶ
1811 936 1920 991 τῶν

341 1038 522 1095 ἄλλων
578 1037 754 1109 μελῶν
797 1033 1152 1106 δημιουργός.
1191 1030 1377 1086 Εἰπὼν
1415 1029 1491 1094 δὲ,
1541 1049 1560 1082 ι
1594 1029 1710 1083 Ἵνα
1757 1045 1922 1099 φανε-

347 1128 497 1200 ρωθῇ
522 1128 557 1197 ἠ
579 1127 706 1192 δόξα
729 1125 823 1180 τοῦ
852 1123 1011 1203 θεοῦ,
1050 1143 1068 1177 ι
1106 1124 1233 1195 περὶ
1255 1120 1451 1176 ἑαυτοῦ
1486 1137 1668 1191 φησιν,
1699 1119 1761 1172 ού
1794 1118 1923 1189 περὶ

343 1220 441 1274 τοῦ
472 1218 713 1290 Πατρός·
749 1217 960 1270 ἐκείνου
990 1214 1100 1286 γὰρ
1128 1216 1161 1286 ἠ
1197 1213 1324 1279 δόξα
1351 1212 1559 1283 φανερὰ
1583 1206 1650 1282 ἧν
1672 1251 1688 1276 ,
1717 1210 1816 1283 τὴν
1864 1208 1922 1264 δὲ

353 1311 520 1366 αὑτοῦ
561 1311 669 1365 ἔδει
712 1307 1116 1380 φανερωθῆναι,
1151 1305 1245 1359 καὶ
1285 1304 1369 1359 ὅτι
1408 1303 1570 1366 αὑτός
1614 1302 1762 1355 ἐστιν
1804 1303 1832 1356 6
1862 1299 1923 1366 ἐξ

349 1405 526 1478 ἀρχῆς
565 1403 775 1466 πλάσας
814 1401 908 1454 τὸν
935 1399 1247 1471 ἄνθρωπον.
1293 1396 1368 1451 Ού
1404 1394 1578 1467 μικρὰ
1617 1393 1673 1448 δὲ
1705 1394 1922 1458 πάντως

347 1497 475 1564 δόξα
499 1496 558 1549 τδ
582 1492 988 1565 φανερωθῆναι,
1017 1492 1100 1545 ὃτι
1124 1490 1287 1555 αὐτὸς
1319 1489 1346 1542 6
1373 1488 1468 1543 νῦν
1494 1480 1685 1557 φανεὶς
1711 1486 1925 1557 ἄνθρω-

349 1605 472 1655 πος,
510 1586 941 1659 ἐδημιούργησεν
970 1586 1027 1638 ὲν
1056 1584 1198 1655 ἀρχῇ
1228 1585 1303 1644 ὡς
1330 1580 1462 1645 Θεὸς
1495 1579 1586 1633 τὸν
1616 1579 1923 1649 ἄνθρωπον.

350 1682 475 1733 Ὀτι
507 1679 563 1733 δὲ
610 1677 740 1749 περὶ
780 1676 975 1731 ἑαυτοῦ
1016 1676 1175 1729 τοῦτο
1216 1674 1402 1743 λέγει,
1433 1673 1598 1728 ἄκουε
1634 1670 1742 1725 τῶν
1775 1669 1922 1740 ἑξῆς.

361 1774 643 1844 Ἐπινρέρει
677 1773 813 1844 γάρ’,
849 1787 869 1822 ι
919 1767 1051 1839 Ἐμὲ
1081 1766 1162 1820 δεῖ
1199 1764 1531 1836 ἐργάζεσθαι
1561 1762 1630 1818 τὰ
1660 1760 1799 1833 ἔργα
1830 1759 1925 1815 τοῦ

349 1864 667 1934 πέμψαντός
700 1878 790 1934 με.
835 1879 855 1912 ι
889 1889 961 1903 —-
992 1875 1013 1911 ι
1046 1857 1216 1929 Ἐμὲ,
1252 1873 1272 1907 ›
1304 1855 1474 1927 φησὶ,
1506 1853 1586 1908 δεῖ
1612 1851 1925 1924 φανερῶσαι

2023 664 2140 737 ipse
2173 666 2244 721 sit
2276 666 2367 735 qui
2407 675 2463 721 et
2487 666 2588 721 alia
2621 669 2859 723 membra
2876 667 3136 724 condidit.
3173 666 3366 723 Dicens
3383 678 3588 733 autem,

2038 755 2140 813 «Ut
2162 758 2535 815 manifesretur
2557 759 2726 829 gloria
2743 759 2859 828 Dei,
2889 778 2907 813 ι
2932 761 2997 816 de
3021 760 3197 832 seipse
3214 759 3364 826 dicit,
3387 776 3493 816 non
3526 764 3593 817 de

2022 850 2203 907 Patre.
2240 850 2376 907 Nam
2409 852 2556 908 illius
2580 853 2752 923 gloria
2796 853 3076 909 manifesta
3113 861 3264 919 erat,
3310 869 3460 909 suam
3491 868 3594 908 aue

2027 952 2132 998 tem
2165 944 2449 1013 oportebat
2482 945 2868 1008 manifestare,
2899 943 3041 1013 quod
3073 944 3187 1014 ipse
3233 953 3349 999 erat
3381 944 3470 1000 ille
3500 946 3593 1014 qui

2024 1056 2047 1089 ι
2088 1038 2154 1092 ah
2186 1037 2337 1093 initio
2365 1036 2567 1093 fecerat
2584 1037 2853 1092 hominem
2878 1036 3004 1103 ³⁵¹ςι
3039 1046 3091 1092 et
3114 1036 3271 1107 plane
3295 1052 3397 1092 non
3432 1052 3595 1107 parva

2023 1138 2139 1186 erat
2171 1129 2339 1201 gloria
2366 1139 2423 1185 ut
2463 1129 2905 1185 manifestaretur
2947 1129 3091 1198 quod
3149 1129 3263 1198 ipse
3302 1128 3395 1199 qui
3450 1145 3595 1184 nunc

2023 1219 2276 1290 apparuit
2310 1220 2493 1288 homo,
2524 1219 2668 1275 sicut
2707 1220 2848 1275 Deus
2896 1219 2948 1274 in
2984 1219 3253 1290 principio
3291 1221 3596 1276 condiderit

2026 1311 2323 1369 hominem.
2354 1311 2507 1381 Quod
2564 1322 2744 1368 autem
2778 1312 2844 1368 de
2891 1313 3069 1382 seipse
3102 1312 3205 1368 hoc
3259 1313 3422 1377 dicat,
3471 1314 3596 1368 audi

2028 1405 2352 1474 sequentia;
2430 1404 2613 1460 snhdit
2674 1404 2840 1465 enim.
2892 1423 2911 1457 ι
2960 1402 3192 1473 Oportet
3239 1420 3325 1460 me
3380 1405 3597 1475 operari

2026 1511 2188 1566 opera
2215 1496 2333 1567 ejus
2359 1497 2448 1567 qui
2476 1497 2627 1553 misit
2656 1511 2742 1552 me
2758 1496 2857 1549 ³⁵.»
2878 1497 3098 1566 Oportet
3126 1511 3232 1563 me,
3262 1497 3461 1566 inquit,
3486 1514 3601 1552 ma-

2029 1587 2289 1645 nifestare
2317 1590 2602 1659 rneipsum,
2634 1597 2690 1643 et
2722 1588 2903 1643 facere
2928 1602 3093 1657 opera
3122 1602 3243 1657 quw
3263 1598 3491 1657 possunt
3514 1603 3601 1644 me

2028 1681 2317 1737 ostendere
2372 1678 2551 1735 facere
2601 1680 2789 1735 eadem
2837 1695 2960 1751 qua:
3012 1678 3193 1733 Pater.
3244 1678 3378 1735 Vide
3420 1690 3599 1734 autem

2028 1773 2299 1842 quomodo
2328 1788 2432 1828 non
2464 1772 2661 1828 dixerit
2700 1774 2842 1842 quod
2866 1773 3016 1829 Talia
3059 1769 3226 1845 634
3272 1787 3435 1844 npera
3479 1788 3601 1843 qua:

2029 1865 2194 1920 faciat
2235 1864 2416 1929 Pater,
2443 1874 2657 1935 oportet
2687 1876 2741 1919 et
2777 1880 2862 1920 me
2887 1866 3125 1934 operari,
3171 1864 3288 1931 sed,
3346 1864 3439 1919 llla
3486 1865 3602 1935 ipsa

348 1958 609 2029 ἐμαυτὸν,
633 1956 726 2009 καὶ
756 1952 978 2026 ποιῆσαι
1008 1950 1146 2024 ἔργα
1165 1948 1235 2002 τὰ
1255 1947 1527 2019 δυνάμενά
1558 1963 1625 2019 με
1648 1942 1924 2009 ἀποδεῖξαι

2031 1973 2051 2007 ι
2078 1972 2192 2026 qua:
2210 1956 2338 2012 lacit
2352 1954 2531 2012 Pater.
2546 1976 2629 2009 ι-
2646 1975 2664 2008 ι
2679 1956 2810 2010 Nam
2829 1964 3042 2027 Oportet
3059 1972 3163 2022 me,
3180 1954 3375 2029 inquit,
3392 1955 3603 2027 operari

349 2049 527 2102 ταύτὰ
563 2046 640 2120 τῷ
666 2044 843 2117 Πατρὶ
870 2041 1148 2096 ποιοῦντα.
1170 2040 1314 2110 Ὅρα
1344 2038 1460 2102 πῶς
1489 2038 1590 2092 οὐκ
1625 2033 1801 2101 εἶπεν,
1821 2035 1925 2102 ὅτι,

348 2140 592 2194 Τοιαῦτα
633 2137 770 2208 ἔργα
811 2130 900 2189 οἷα
940 2135 1085 2188 ποιεῖ
1127 2134 1154 2187 6
1200 2130 1424 2202 Πατὴρ,
1455 2129 1536 2183 δεῖ
1582 2128 1726 2199 κάμὲ
1764 2127 1930 2200 ἔργά-

348 2231 565 2299 ζεσθαι,
598 2230 749 2299 ἀλλ’,
791 2226 945 2284 Αύτὰ
981 2228 1166 2281 ἐκεῖνα
1207 2243 1225 2276 ι
1257 2224 1293 2278 ἃ
1323 2224 1468 2276 ποιεῖ
1498 2223 1526 2275 6
1559 2221 1771 2291 Πατήρ.
1808 2237 1826 2271 ι
1860 2247 1931 2259 --

351 2345 377 2377 ι
415 2326 508 2378 Δεῖ
535 2325 645 2396 γάρ
689 2339 780 2394 με,
818 2319 1015 2391 φησὶν,
1051 2314 1383 2389 ἐργάζεσθαι
1412 2316 1482 2368 τὰ
1515 2312 1652 2384 ἔργα
1691 2331 1709 2364 ι
1748 2313 1932 2365 ἐκεῖνα

352 2416 514 2480 αὐτὰ,
538 2415 574 2469 ἃ
608 2417 637 2468 6
667 2411 888 2483 πέμψας
927 2429 993 2480 με
1022 2410 1190 2463 ποιεῖ.
1231 2406 1417 2461 Ταῦτα
1454 2404 1512 2459 δὲ
1539 2404 1619 2458 δεῖ
1667 2420 1734 2473 με
1769 2402 1932 2474 ἐργά-

353 2507 546 2573 ζεσθαι
579 2526 598 2558 ι
632 2506 737 2568 ἕως
770 2503 952 2577 ἡμέρα
978 2501 1127 2557 ἐστί’
1165 2519 1185 2554 ι
1214 2497 1518 2559 τουτέστιν,
1557 2495 1705 2558 Ἕως
1729 2495 1756 2547 6
1789 2509 1934 2563 mp-

351 2601 443 2666 ὼν,
464 2600 577 2670 βίος
635 2599 956 2668 ἀνέστηκεν,
990 2594 1083 2649 καὶ
1122 2590 1376 2647 δύνανται
1421 2587 1699 2642 πιστεύειν
1729 2586 1805 2649 είς
1836 2584 1935 2656 ἐμὲ

354 2694 404 2745 οί
447 2691 726 2760 ἄνθρωποι
764 2706 780 2722 ο
809 2688 1019 2744 ἑπείτοι
1056 2701 1120 2755 γε
1177 2703 1197 2737 ι
1236 2682 1455 2754 ἔρχεται
1485 2680 1604 2745 νὺξ,
1631 2681 1718 2734 ὅτε
1761 2676 1935 2742 οὐδεὶς

355 2784 584 2840 δύναται
627 2782 989 2855 ἐργάσασθαι·
1054 2797 1073 2831 ι
1111 2777 1391 2839 τουτέστι,
1428 2772 1736 2828 πιστεῦσαι·
1777 2772 1935 2841 ἔργον

356 2882 467 2951 γὰρ
493 2878 590 2951 τὴν
617 2877 797 2931 πίστιν
825 2873 1104 2945 ὀνομάζει.
1145 2872 1236 2925 Ἐν
1265 2869 1345 2941 τῷ
1381 2868 1628 2938 μέλλοντι
1662 2861 1754 2921 οῦν
1780 2864 1936 2918 αἰῶνι

356 2972 535 3034 οὐδεὶς
561 2969 786 3023 δύναται
826 2965 1140 3021 πιστεῦσαι.
1182 2962 1399 3034 Ἡμέρα
1429 2961 1527 3033 μὲν
1556 2958 1663 3030 γὰρ
1689 2960 1717 3012 ὁ
1748 2956 1939 3027 παρὼν

358 3064 493 3134 βίος,
524 3062 657 3115 διότι
679 3058 956 3131 δυνάμεθα
969 3057 1049 3121 ὼς
1072 3058 1131 3110 ὲν
1159 3055 1346 3126 ἡμέρᾳ
1367 3050 1708 3124 ἐργάσασθαι
1734 3049 1753 3121 (
1775 3051 1824 3102 εί
1845 3049 1940 3102 καὶ

359 3160 389 3211 6
416 3156 626 3218 Παῦλος
649 3153 821 3208 νύκτα
842 3152 1029 3206 τοῦτον
1048 3147 1323 3220 ὀνομάζει,
1345 3146 1430 3201 διά
1458 3163 1517 3198 τε
1543 3145 1603 3199 τὸ
1625 3141 1936 3213 ἀγνοεῖσθαι

2027 2063 2192 2118 opera
2231 2068 2250 2103 ι
2280 2050 2368 2104 illa
2399 2049 2534 2119 ipsa,
2564 2066 2683 2120 qua:
2718 2050 2763 2105 is
2793 2051 2885 2120 qui
2939 2050 3085 2105 misit
3126 2065 3233 2115 me,
3275 2049 3422 2106 facit.
3477 2048 3605 2106 Haec

2028 2152 2205 2197 autem
2224 2153 2435 2212 oportet
2450 2159 2536 2198 me
2558 2142 2769 2214 cperari
2795 2163 2813 2196 ι
2835 2142 3076 2214 quandiu
3095 2144 3208 2200 dies
3226 2153 3329 2208 est,
3347 2161 3366 2196 ι
3397 2144 3502 2200 hoc
3520 2158 3606 2200 est

2032 2234 2267 2305 quandiu
2299 2249 2539 2303 praesens
2562 2237 2672 2292 vita
2708 2220 2908 2309 agitur;
2936 2246 2993 2292 ut
3028 2235 3276 2293 homines
3298 2236 3508 2307 possint
3547 2236 3601 2291 in

2033 2336 2119 2381 me
2178 2330 2461 2383 credere:
2519 2328 2645 2399 quia
2703 2347 2723 2382 ι
2788 2339 3013 2384 ventura
3068 2337 3154 2384 est
3211 2344 3335 2394 nox,
3388 2328 3446 2383 in
3497 2344 3602 2398 qua

2034 2417 2212 2473 nullus
2244 2419 2444 2488 poterit
2465 2420 2681 2487 operari
2709 2420 2808 2485 ³⁸,ι
2837 2421 2889 2475 id
2920 2429 3003 2476 est
3024 2420 3265 2476 credere.
3294 2418 3444 2490 Opus
3458 2421 3602 2476 enim

2036 2506 2192 2563 [idem
2216 2510 2476 2566 nominat.
2504 2510 2686 2581 Itaque
2716 2511 2766 2566 in
2799 2510 2983 2566 futuro
3005 2509 3203 2567 saeculo
3227 2512 3406 2566 nullus
3425 2521 3605 2581 potest

2035 2599 2280 2657 credere.
2316 2599 2450 2656 Nam
2502 2602 2618 2661 dies
2666 2602 2881 2676 quidem
2930 2618 3170 2677 przesens
3220 2602 3332 2660 vita
3385 2614 3490 2672 esr,
3538 2618 3605 2660 eo

2036 2692 2178 2761 quod
2206 2709 2491 2764 possumus
2519 2714 2663 2754 nunc
2692 2700 2833 2755 sicut
2870 2699 2925 2754 in
2957 2698 3044 2755 die
3068 2701 3282 2770 cperari
3304 2718 3323 2755 ς
3356 2699 3607 2770 quamvis

2039 2795 2093 2842 et
2124 2786 2326 2845 Paulus
2378 2789 2521 2845 hanc
2575 2801 2789 2847 noctem
2848 2792 3110 2860 nominet,
3162 2807 3227 2848 eo
3279 2792 3508 2862 quodin
3544 2807 3609 2849 ea

2038 2877 2317 2948 ignoretur
2347 2880 2471 2949 quis
2495 2881 2751 2938 virtutem
2797 2882 2882 2937 vel
2915 2893 3198 2952 peccatum
3243 2890 3513 2952 operetur,
3554 2891 3611 2937 et

2038 2971 2215 3041 quoad
2276 2976 2741 3043 comparationem
2789 2973 2982 3030 futura:
3032 2973 3169 3029 lucis
3221 2989 3341 3044 qua:
3376 2973 3612 3030 circum-

2039 3060 2263 3132 fulgehit
2303 3063 2501 3133 justos.
2542 3062 2662 3119 Nox
2699 3073 2878 3120 autem
2918 3075 3000 3122 est
3045 3064 3280 3121 futurum
3330 3066 3605 3135 saeculum,

2040 3164 2106 3206 eo
2148 3154 2293 3222 quod
2347 3155 2529 3211 nullus
2571 3154 2681 3210 illic
2726 3157 2926 3226 p0terit
2962 3157 3218 3226 operari;
3265 3158 3510 3227 quamvis
3557 3170 3613 3214 et

360 3247 597 3301 ἐνταῦθα
627 3247 783 3310 τοὺς,
822 3243 857 3315 ἢ
889 3242 1090 3314 ἀρετὴν
1110 3280 1124 3306 ,
1151 3241 1186 3313 ἢ
1214 3238 1445 3302 κακίαν,
1488 3236 1793 3308 μετιόντας,
1838 3233 1927 3288 καί

2043 3241 2242 3299 Paulus
2294 3245 2396 3299 hoc
2446 3245 2590 3300 diem
2633 3258 2811 3313 vocet,
2859 3262 2925 3304 eo
2973 3248 3119 3320 quod
3173 3257 3301 3306 tunc
3363 3260 3422 3306 ut
3473 3269 3493 3304 ι
3555 3250 3610 3306 in

362 3341 439 3404 ὡς
474 3340 610 3411 πρὸς
634 3338 920 3409 σύγκρισιν
946 3334 1041 3389 τοῦ
1074 3333 1361 3405 μέλλοντος
1387 3329 1565 3400 φωτὸς
1594 3327 1927 3399 περιλάμψαι

2038 3332 2158 3389 luce
2189 3333 2531 3405 refulgebunt
2555 3336 2711 3407 justi,
2736 3347 2794 3393 et
2825 3341 3163 3410 apparebunt
3185 3341 3610 3413 uniuscujusque

360 3433 491 3496 τοὺς
528 3431 771 3493 δικαίους
790 3430 835 3498 )·
868 3426 967 3492 νὺξ
993 3427 1051 3480 δὲ
1079 3428 1107 3479 6
1138 3424 1346 3495 μέλλων
1366 3463 1382 3488 ,
1429 3422 1563 3477 διότι
1608 3422 1723 3475 ἐκεῖ
1767 3422 1927 3485 οὐδεὶς

2034 3421 2308 3479 factam.»
2339 3423 2527 3497 Itaque
2553 3428 2608 3482 in
2644 3428 2826 3484 futuro
2845 3431 3040 3487 saeculo
3072 3430 3205 3488 ﬁdes
3224 3448 3331 3488 non
3360 3432 3495 3497 erit,
3516 3433 3611 3489 sed

359 3523 590 3589 δύναται
617 3519 976 3593 ἐργάσασθαι,
1008 3518 1057 3571 εί
1086 3518 1179 3572 καὶ
1206 3519 1236 3571 6
1266 3514 1477 3578 Παῦλος
1509 3513 1725 3584 ἡμέραν
1751 3512 1927 3565 τοῦτοι

2034 3523 2092 3571 et
2111 3517 2396 3602 voluntarii
2414 3529 2470 3574 et
2490 3518 2837 3576 involuntarii
2854 3523 3121 3578 obedient.
3149 3521 3426 3590 «Qttandiu
3451 3524 3614 3593 igitur

366 3614 544 3676 καλεῖ,
575 3613 663 3667 διὰ
688 3611 789 3682 τὴν
819 3609 1200 3681 φωτοφάνειαν
1225 3607 1336 3661 τῶν
1365 3605 1590 3661 δικαίων
1608 3645 1624 3671 ,
1656 3605 1749 3658 καὶ
1781 3602 1927 3675 φανέε

2039 3604 2098 3660 in
2131 3608 2330 3661 mundo
2343 3620 2458 3672 ero,
2477 3606 2568 3662 lux
2589 3623 2709 3664 sum
2735 3609 2917 3664 mundi
2942 3627 2989 3664 τι
3017 3624 3119 3680 per
3143 3610 3441 3665 doctrinam
3470 3609 3612 3664 enim

370 3724 536 3777 ρωσιν
565 3704 677 3759 τῶν
700 3705 915 3774 ἑκάστῳ
940 3700 1310 3773 βεδιωμένων.
1350 3700 1440 3753 Ἐν
1470 3697 1549 3769 τῷ
1581 3697 1827 3770 μέλλοντι
1849 3693 1927 3752 οῦκ

2041 3706 2095 3752 et
2119 3697 2501 3754 miraculorum
2521 3701 2940 3756 ostentationem
2964 3699 3171 3753 illustro
3195 3699 3423 3765 animas,
3451 3708 3613 3768 atque

370 3798 528 3851 αἰῶνι
562 3796 744 3860 πίστις
790 3796 891 3848 οὐκ
920 3794 1091 3857 εστιν,
1122 3792 1260 3848 ἀλλὰ
1285 3790 1382 3847 καὶ
1407 3791 1625 3855 ἑκόντες
1649 3790 1747 3844 καὶ
1779 3789 1927 3844 ἄκον-

2045 3790 2121 3844 ita
2157 3801 2369 3860 oportet
2396 3806 2484 3848 me
2513 3792 2676 3847 etiam
2727 3806 2870 3847 nunc
2914 3790 3206 3846 multorum
3237 3790 3449 3847 animas
3489 3789 3614 3845 illn-

367 3905 459 3951 τες
490 3886 913 3941 ὑπακούσονται.
950 3905 970 3938 ι
1004 3885 1174 3939 Ὅταν
1201 3880 1294 3937 οὖν
1324 3884 1382 3935 ὲν
1406 3880 1486 3952 τῷ
1508 3881 1700 3952 κόσμῳ
1728 3875 1793 3944 ὧ,
1826 3879 1927 3949 φῶς

2049 3881 2278 3948 minare,
2345 3897 2441 3953 per
2493 3885 2595 3939 hoc
2622 3885 2765 3954 quod
2815 3899 2947 3940 sano
2996 3898 3229 3950 caecum,
3283 3892 3337 3939 et
3391 3882 3619 3954 pupillas

369 3982 489 4050 εἰμι
508 3979 603 4033 τοῦ
629 3979 857 4049 κόσμου·
885 3996 907 4030 ι
933 3977 1021 4030 διὰ
1060 3976 1170 4046 γὰρ
1204 3977 1304 4045 τῆς
1342 3971 1693 4035 διδασκαλίας
1718 3972 1814 4026 καί
1841 3970 1927 4040 τῆς

2049 3972 2329 4029 oculorum
2361 3974 2480 4045 ejus
2519 3975 2750 4030 illustro.
2801 3973 2937 4030 Nam
2975 3976 3099 4046 quia
3144 3973 3235 4029 lux
3294 3988 3620 4044 sum,opor-

371 4072 683 4139 ἐπιδείξεως
706 4072 814 4126 τῶν
841 4070 1135 4140 θαυμάτων
1161 4062 1381 4137 φωτίζω
1410 4064 1509 4129 τὰς
1542 4063 1740 4134 ψυχάς.
1774 4063 1927 4117 Ὠστι

2055 4071 2135 4120 tet
2198 4081 2284 4121 me
2310 4051 2379 4121 et,
2411 4068 2740 4123 sensibiliter
2794 4076 2848 4123 et
2889 4066 3245 4137 spiritualiter
3291 4065 3616 4120 illuminare-

366 4165 456 4220 δεῖ
521 4181 589 4233 με
614 4165 709 4218 καὶ
737 4165 834 4219 νῦν
859 4163 1096 4233 φωτίσαι
1124 4160 1339 4215 πολλῶν
1363 4156 1562 4229 ψυχὰς,
1588 4157 1676 4212 διὰ
1733 4157 1828 4212 τοῦ
1856 4156 2195 4228 θεραπεῦσαι
2232 4158 2322 4214 τὸν
2344 4160 2567 4229 τυφλὸν,
2596 4160 2689 4214 καὶ
2713 4162 2947 4229 φωτίσαι
2969 4157 3134 4214 αὐτοῦ
3162 4158 3262 4221 τὰς
3292 4159 3457 4230 κόρας
3510 4158 3620 4213 τῶν

371 4258 661 4330 ὀμμάτων
702 4258 823 4310 ἐπεὶ
846 4254 957 4326 γὰρ
983 4255 1097 4324 φῶς
1121 4256 1171 4306 εί
1179 4270 1260 4324 μι,
1282 4252 1363 4306 δεῖ
1392 4268 1459 4322 με
1482 4252 1577 4305 καὶ
1596 4247 1870 4321 αἰσθητῶς
1889 4249 1985 4303 καὶ
2010 4251 2401 4322 πνευματικῶς
2450 4252 2725 4323 φωτίζειν.

451 4373 473 4407 ι
538 4353 727 4407 Ταῦτα
778 4349 981 4417 εἰπὼν,
1044 4349 1245 4404 (meo:
1298 4347 1515 4419 χαμαὶ,
1555 4347 1651 4401 καὶ
1720 4346 1927 4416 ἐποίησε

2127 4347 2290 4403 Vens.
2324 4347 2440 4403 6-7.
2481 4367 2502 4401 ι
2545 4347 2661 4403 Hoc
2707 4362 2828 4403 cum
2859 4347 3107 4413 dixisset,
3149 4349 3364 4416 exspuit
3404 4350 3457 4405 in
3509 4358 3623 4406 ter-

375 4446 547 4516 πηλδν
587 4447 652 4500 ὲκ
692 4442 788 4497 τοῦ
828 4442 1145 4512 πτύσματος
1168 4481 1183 4505 ,
1229 4442 1322 4492 καὶ
1360 4442 1616 4510 ὲπέχρισε
1659 4436 1750 4491 τὸν
1776 4436 1927 4506 πηλδε

2057 4450 2270 4506 ram,et
2291 4440 2420 4496 fecit
2450 4441 2619 4497 lutum
2647 4456 2712 4496 ex
2740 4452 2919 4512 sputo,
2951 4450 3008 4496 et
3039 4440 3208 4496 illevit
3262 4443 3435 4497 lutum
3458 4456 3624 4514 super

376 4538 472 4592 ἐπὶ
520 4538 649 4601 τοὺς
699 4534 1014 4606 ὀφθαλμοὺς
1062 4534 1157 4586 τοῦ
1198 4531 1427 4603 τυφλοῦ,
1463 4531 1558 4585 καὶ
1599 4525 1753 4584 εἶπεν
1780 4527 1927 4601 αὐτῷ

2055 4532 2244 4588 oculos
2297 4533 2448 4597 caeci,
2475 4541 2535 4586 et
2574 4531 2713 4585 dixit
2757 4531 2847 4587 ei:
2901 4529 3073 4597 Vade,
3133 4530 3250 4585 lava
3306 4532 3358 4584 in
3413 4532 3625 4602 piscina

378 4630 627 4698 ’Υπαγε,
660 4629 812 4698 νίψαι
861 4628 943 4691 είς
978 4627 1081 4697 τὴν
1138 4625 1522 4697 κολυμσηθραν
1575 4622 1669 4677 τοῦ
1710 4621 1927 4693 Σιλωὰμ

2061 4622 2249 4689 Silere,
2299 4625 2442 4692 quod
2481 4624 2527 4678 si
2577 4622 2980 4693 interpreteris,
3018 4633 3175 4678 sonat
3218 4622 3428 4678 missus.
3474 4623 3625 4678 Abiit

378 4722 410 4779 ὃ
496 4720 861 4793 ἑρμηνεύεται
952 4715 1418 4787 ἀπεσταλμένος
1453 4732 1468 4749 ο
1524 4714 1791 4785 Ἀπῆλθεν
1861 4710 1927 4767 οῦκ

2057 4726 2210 4784 ergo,
2235 4722 2288 4767 et
2317 4711 2468 4777 lavit,
2496 4721 2552 4767 et
2578 4712 2722 4766 venit
2754 4710 2964 4766 videns.
2994 4729 3013 4763 ι
3044 4711 3258 4777 Dicens,
3288 4711 3478 4780 inquit,
3510 4711 3626 4766 haec

380 4816 476 4868 καὶ
544 4812 786 4883 ἐνίψατο,
869 4813 964 4865 καὶ
1018 4806 1151 4881 ἦλθε
1234 4807 1471 4878 βλέπων.
1544 4825 1563 4857 ι
1627 4834 1695 4846 -
1749 4804 1927 4860 Εἰπὼν

2055 4803 2236 4869 Iesus,
2265 4817 2371 4859 non
2431 4804 2518 4859 his
2546 4803 2727 4860 verbis
2778 4813 3067 4859 contentus
3113 4812 3215 4868 est,
3265 4803 3359 4859 sed
3409 4812 3629 4873 etopus

382 4903 540 4977 φησὶ,
614 4902 784 4958 ταῦτα
839 4904 868 4956 6
941 4899 1173 4973 Ἰησοῦς,
1257 4899 1359 4952 οὐκ
1401 4897 1530 4969 ἄχρι
1585 4896 1696 4950 τῶν
1763 4896 1927 4967 ῥημάε

2057 4897 2283 4952 addidit.
2322 4915 2339 4948 ι
2377 4896 2775 4966 Exspuitenim
2810 4896 2861 4951 in
2892 4905 3113 4964 terram,
3159 4906 3214 4951 et
3259 4896 3424 4950 lutum
3471 4894 3624 4960 fecit,

380 5015 490 5052 των
554 4997 710 5067 ἔστη,
766 4994 901 5050 ἀλλὰ
959 4994 1054 5047 καὶ
1110 4992 1177 5045 16
1219 4990 1381 5063 ἔργον
1432 4988 1726 5060 ἐπέθηκεν.
1766 5006 1785 5040 ι
1821 4989 1927 5040 Ἔπ

2061 4988 2381 5056 inunxitque
2431 4991 2613 5043 oculos
2662 4987 2833 5043 caeci:
2871 5005 2889 5040 ι
2946 4988 3239 5044 ostendens
3287 5002 3382 5056 per
3430 4987 3626 5048 lutum.

384 5108 513 5145 τυσε
538 5090 647 5160 γὰρ
673 5090 869 5161 χαμαὶ,
921 5089 1014 5142 καὶ
1071 5084 1242 5157 πηλὸν
1290 5086 1522 5156 ποιήσας
1552 5082 1808 5153 ὲπέχρισε
1833 5080 1926 5133 τοῦ

2066 5080 2208 5148 quod
2243 5080 2358 5150 ipse
2387 5080 2456 5134 sit
2508 5080 2601 5149 qui
2661 5089 2716 5135 et
2779 5079 2949 5133 Adam
2999 5079 3066 5134 de
3116 5079 3228 5134 luto
3291 5080 3627 5134 lormaverit.

385 5182 699 5254 ὁιρθαλμοῦς
724 5180 819 5235 τοῦ
849 5180 1087 5250 τυφλοῦν
1131 5200 1151 5233 ι
1184 5177 1461 5247 δεικνύω·ιῖ
1494 5176 1581 5230 διὰ
1630 5174 1724 5228 τοῦ
1761 5172 1927 5244 πηλοῦ

2066 5173 2302 5227 Dicenda
2343 5174 2487 5226 enim
2527 5189 2541 5227 :
2616 5172 2731 5239 Ego
2776 5186 2893 5226 sum
2934 5172 3026 5243 qui
3070 5171 3241 5226 Adam
3297 5170 3521 5224 formavi
3554 5169 3627 5232 ³⁷,

387 5275 471 5327 ὅτι
487 5274 649 5337 αὐτὸς
687 5275 834 5326 ἐστιν
866 5273 896 5324 6
923 5274 1016 5327 καὶ
1045 5272 1137 5326 τὸν
1180 5270 1354 5340 Ἀδὰμ
1380 5268 1493 5324 ἀπὸ
1521 5265 1697 5338 πηλοῦ
1726 5265 1927 5328 πλάσας

2062 5263 2405 5334 arrogantius
2430 5262 2602 5317 visum
2660 5260 2852 5317 luisset
2896 5263 3285 5317 audientibus:
3338 5264 3483 5330 quod
3534 5276 3633 5331 per

391 5365 467 5417 Τὸ
494 5365 597 5436 μὲν
619 5344 942 5433 γὰρέίπεῖν,
971 5365 1076 5428 ὅτι,
1118 5362 1261 5431 Ἐγώ
1301 5364 1415 5432 εἰμι
1438 5362 1471 5412 ὃ
1499 5357 1592 5414 τὸν
1628 5358 1798 5427 Ἀδὰμ
1821 5356 1927 5411 πλά

2062 5370 2197 5426 opus
2223 5360 2584 5410 monstratum
2626 5369 2733 5409 non
2767 5356 2841 5410 ita
2868 5355 3132 5411 oll‘endit:
3167 5362 3447 5423 propterea
3484 5361 3538 5408 et
3564 5354 3632 5407 de

390 5474 523 5522 σας,
595 5459 897 5528 πρόσαντες
967 5456 1138 5509 ὲδόκει
1175 5458 1287 5516 τοῖς
1319 5452 1577 5507 ἀκούουσι
1601 5468 1617 5483 ο
1650 5449 1739 5503 διὰ
1777 5448 1834 5501 δὲ
1867 5464 1927 5500 το

2063 5449 2180 5502 luto
2203 5447 2392 5502 oculos
2431 5447 2503 5500 illi
2541 5446 2737 5501 format
2785 5462 2932 5502 more
2988 5447 3186 5515 opilicii
3225 5462 3330 5517 quo
3361 5458 3413 5502 et
3457 5448 3629 5500 Adam

389 5551 557 5621 ιργου
597 5550 974 5620 δεικνύμενον,
1022 5549 1122 5601 οὐκ
1150 5547 1227 5601 ἔτι
1257 5546 1442 5599 λοιπὸν
1474 5541 1803 5614 προσίστατο
1822 5556 1837 5574 ’
1875 5540 1927 5593 δι

2068 5538 2328 5593 formatus
2355 5548 2457 5592 est.
2487 5537 2603 5592 Non
2641 5538 2892 5598 formavit
2944 5548 3122 5590 autem
3172 5545 3379 5589 tantum
3421 5538 3630 5603 oculos,

391 5646 553 5700 τοῦτο
577 5646 674 5698 καὶ
703 5642 811 5696 ἀπὸ
842 5640 1013 5712 πηλοῦ
1043 5641 1110 5694 τὰ
1139 5640 1362 5710 δμματα
1395 5636 1748 5710 δημιουργεῖ,
1774 5633 1927 5687 ἐκείνη

2068 5645 2241 5699 neque
2269 5630 2481 5697 aperuit
2532 5638 2758 5694 tantum,
2819 5628 2913 5681 sed
2963 5637 3015 5682 et
3073 5627 3254 5683 videre
3318 5626 3630 5692 concessit;

393 5739 474 5811 τῷ
498 5740 686 5812 τρόπῳ
726 5737 828 5807 τῆς
861 5734 1243 5806 δημιουργίας,
1275 5726 1320 5801 ᾧ
1354 5733 1447 5786 καὶ
1497 5731 1587 5784 τὸν
1638 5728 1809 5797 Ἀδὰμ
1844 5726 1927 5795 ἕδη

2070 5726 2210 5779 unde
2242 5725 2451 5792 signum
2480 5731 2564 5777 est
2594 5722 2736 5790 quod
2767 5729 2821 5775 et
2851 5721 2977 5774 Adte
3005 5721 3239 5777 animant
3260 5719 3630 5793 inSpiraverit.

469 5922 547 5954 ’δ’
567 5917 761 5975 Matth.
791 5931 912 5979 xm,
944 5914 995 5968 ί.
1103 5912 1149 5944 ⁸⁸
1178 5910 1334 5967 Joan.
1383 5925 1457 5979 Ix,
1496 5910 1551 5965 4.
1627 5909 1671 5943 ³⁸
1728 5909 1870 5964 Ibid.

2056 5903 2242 5959 Matth.
2273 5917 2394 5967 xui,
2436 5899 2525 5954 45.
2605 5897 2648 5929 ³⁷
2678 5894 2815 5953 Gen.
2850 5911 2908 5963 ιι,
2934 5897 2983 5951 7.
