4060 6622
410 457 479 523 at
1301 457 1884 523 THEOPHYLACTI
1922 454 2340 517 BULGARUE
2381 455 2741 517 ARCHIEP.
3602 448 3674 513 32
3744 415 3750 421 ’

404 667 495 722 die
553 666 922 731 comederitis,
965 666 1119 722 eritis
1149 667 1294 722 sicut
1344 667 1440 723 dii.
1482 682 1500 719 ι
1534 668 1603 720 At
1650 666 1704 721 hi
1760 675 1986 721 mortem

394 760 585 831 magis
645 758 1066 815 vindemiarum.
1119 777 1139 813 ι
1188 759 1299 830 Ego
1349 768 1552 826 autem,
1609 758 1804 829 inquit,
1860 759 1986 827 quia

404 852 692 907 Veritatem
745 852 890 918 dico,
943 866 1048 907 non
1102 852 1325 908 creditis
1379 852 1533 907 mihi.
1568 870 1588 904 ι
1634 849 1779 905 Nihil
1841 850 1987 904 enim

401 945 550 999 aliud
571 945 801 1016 potestis
824 945 878 1001 in
904 961 991 1001 me
1010 960 1262 1017 arguere,
1288 960 1449 1017 quam
1471 945 1640 1001 solam
1665 946 1947 1001 veritatem
1973 964 1985 999 :

404 1046 456 1090 et
485 1036 613 1091 hinc
644 1043 728 1093 est
768 1036 856 1092 illa
897 1046 1073 1092 vestra
1121 1049 1309 1093 contra
1357 1051 1444 1092 me
1479 1037 1674 1103 rabies,
1724 1035 1848 1106 quia
1888 1033 1989 1090 filii

400 1128 575 1196 putris
602 1126 868 1184 mendacii
908 1128 1061 1185 eam.

476 1392 647 1450 Vitas.
716 1394 899 1451 46-50.
957 1415 977 1450 ι
1024 1394 1159 1464 Quis
1207 1411 1276 1452 ex
1327 1396 1479 1464 vobis
1528 1403 1720 1467 arguet
1768 1410 1858 1452 me
1922 1396 1990 1451 de

398 1483 742 1555 .p‘ccatoiSi
790 1487 1077 1544 veritatem
1120 1489 1240 1546 dico
1283 1489 1459 1557 vobis,
1517 1502 1687 1558 quare
1729 1502 1827 1543 vos
1880 1500 1986 1542 non

406 1578 631 1634 creditis
674 1579 849 1635 mihi?
881 1580 981 1648 Qui
1037 1596 1102 1636 ex
1150 1580 1257 1638 Deo
1316 1591 1418 1649 est,
1452 1582 1616 1638 verba
1658 1580 1754 1637 Dei
1796 1580 1986 1637 audit:

407 1680 694 1739 propterea
727 1686 824 1727 vos
869 1686 977 1727 non
1026 1672 1248 1741 auditis,
1280 1674 1405 1744 quia
1440 1686 1506 1729 ex
1540 1674 1653 1731 Deo
1681 1689 1790 1730 non
1831 1674 1985 1731 estis.

407 1759 825 1830 Responderunt
857 1764 1025 1835 igitur
1057 1763 1248 1829 Judaei,
1282 1774 1336 1822 et
1379 1765 1634 1822 dixerant
1665 1768 1754 1822 ei:
1801 1764 1991 1821 Nonne

409 1856 545 1909 bene
604 1855 837 1911 dicimus
888 1871 992 1913 nos
1060 1859 1202 1927 quod
1261 1846 1638 1914 Sainatitanus
1689 1869 1750 1916 es
1804 1870 1887 1924 tu,
1936 1867 1991 1915 et

270 640 305 663 θ’
406 573 526 643 ipse
554 579 637 630 est
669 580 841 644 pater.
864 572 1011 629 Dixit
1035 572 1184 629 enitn
1212 573 1278 628 ad
1314 573 1479 629 Evam
1499 575 1579 629 ηε
1609 593 1627 626 ι
1655 572 1987 641 Quacunque

2098 588 2179 624 ται
2210 570 2288 639 τῷ
2321 570 2505 641 ψεύδει
2533 587 2548 603 α
2583 568 2749 625 αὐτοῦ
2783 570 2891 642 γάρ
2923 571 3042 626 ἐστι
3074 570 3356 640 γέννημα,
3387 566 3482 624 καὶ
3513 567 3676 628 αὐτός

2096 663 2245 717 ἐστιν
2272 666 2301 717 ό
2342 662 2545 733 κυρίως
2574 662 2817 734 ψεύστης
2836 706 2850 729 ,
2882 664 2980 719 καὶ
3007 665 3037 718 ὁ
3070 662 3251 733 πατὴρ
3284 659 3453 715 αὐτοῦ
3472 701 3489 726 ,
3518 674 3677 712 τουτ-

2095 754 2243 818 έστι,
2276 752 2371 807 τοῦ
2406 754 2666 824 ψεύδους,
2701 754 2863 818 αὐτός
2897 757 3064 809 ἐστιν.
3098 747 3234 807 Eine
3269 750 3378 821 γὰρ
3412 749 3547 821 πρὸς
3576 749 3675 820 τὴν

2094 843 2241 899 Εὔαν
2260 886 2275 909 ,
2302 846 2385 900 ὅτι
2417 864 2436 897 ι
2462 838 2540 918 ’ᾙ
2570 846 2636 899 ἂν
2661 845 2843 916 ἡμέρᾳ,
2870 844 3081 915 φύγητε
3102 885 3118 911 ,
3146 843 3333 898 ἔσεσθε
3361 842 3437 905 ὡς
3466 842 3602 898 θεοί.
3653 863 3672 897 δ

2096 940 2160 993 Οἱ
2187 939 2242 993 δέ
2274 938 2503 992 θάνατον
2537 939 2737 1009 μᾶλλον
2770 938 3105 1009 ἐτρύγησαν.
3141 957 3158 989 ι
3189 936 3334 1006 Ἐγὼ
3362 937 3447 998 δὲ.
3479 937 3673 1006 φησὶν,

2094 1033 2178 1086 ὅτι
2198 1031 2298 1102 τὴν
2322 1031 2578 1103 ἀλήθειαν
2601 1030 2764 1100 λέγω,
2788 1031 2850 1084 οὐ
2878 1029 3164 1084 πιστεύετέ
3194 1047 3298 1098 μοι.
3331 1046 3349 1081 ι
3380 1029 3546 1083 Οὐδὲν
3567 1028 3676 1100 γὰρ

2096 1125 2225 1179 ἄλλο
2250 1125 2467 1197 ἔχοντες
2493 1124 2766 1195 ἐγκαλεῖν,
2794 1125 2842 1177 εί
2875 1123 2948 1195 μὴ
2980 1122 3139 1194 μόνον
3161 1121 3258 1192 τὴν
3283 1121 3563 1188 ἀλήθειαν,
3588 1119 3677 1174 διὰ

2094 1216 2252 1271 τοῦτο
2298 1219 2533 1272 λυσσᾶτε
2583 1214 2704 1271 κατ’
2731 1216 2886 1288 ἐμοῦ,
2927 1215 3003 1276 ὡς
3050 1215 3155 1268 uici.
3195 1214 3289 1268 τοῦ
3337 1212 3542 1284 πατρὸς
3584 1211 3676 1266 τοῦ

2094 1308 2346 1381 ψεύδους.

2173 1418 2194 1453 ι
2231 1399 2330 1466 Τίς
2370 1401 2431 1465 ἐξ
2471 1399 2626 1471 ὑμῶν
2657 1399 2873 1471 ἐλέγχει
2910 1415 2977 1471 με
3012 1397 3143 1470 περὶ
3177 1397 3486 1470 ἁμαρτίαςς
3525 1397 3588 1450 Ei
3620 1394 3676 1449 δὲ

2096 1494 2357 1566 ἀλήθειαν
2381 1492 2543 1563 λέγω,
2571 1492 2662 1547 διὰ
2686 1493 2738 1547 τί
2766 1494 2923 1564 ὑμεῖς
2948 1488 3010 1546 οὐ
3038 1491 3329 1545 πιστεύετέ
3363 1506 3481 1561 μοις
3514 1489 3576 1544 ⁹()
3601 1488 3678 1543 ὣν

2098 1588 2164 1640 ἐκ
2186 1584 2347 1651 Θεοῦ,
2371 1584 2441 1638 τὰ
2464 1585 2531 1655 ρή
2542 1601 2686 1656 ματα
2703 1582 2800 1637 τοῦ
2825 1582 2959 1637 Θεοῦ
2986 1581 3197 1638 ἀκούει.
3221 1583 3321 1636 Διά
3340 1581 3496 1636 τοῦτο
3519 1582 3678 1649 ὑμεῖς

2097 1680 2198 1734 οὐκ
2221 1678 2475 1743 ἀκούετε,
2500 1679 2582 1733 ὅτι
2608 1679 2672 1731 ἐκ
2693 1676 2788 1731 τοῦ
2816 1674 2953 1730 Θεοῦ
2977 1676 3078 1730 οὐκ
3105 1672 3251 1732 ἐστέ.
3270 1674 3677 1747 Ἀπεκρίθησαν

2096 1775 2146 1827 οι
2164 1771 2428 1839 Ἰουδαῖοι,
2447 1771 2543 1825 καὶ
2565 1766 2719 1825 εἶπον
2741 1769 2890 1842 αὐτῷ
2906 1784 2920 1801 ⁸
2944 1770 3018 1823 Οὐ
3040 1769 3221 1833 καλῶς
3240 1769 3472 1839 λέγομεν
3493 1769 3677 1839 ἡμεῖς,

2097 1866 2180 1920 ὅτι
2207 1863 2556 1935 Σαμαρείτης
2580 1859 2632 1917 ei
2657 1863 2745 1929 σὺ,
2770 1862 2863 1916 καὶ
2884 1858 3159 1933 δαιμόνιον
3183 1860 3678 1933 ἔχειςςἊπεκρίοη

406 1944 736 2003 daemonium
792 1948 994 2005 habes?
1043 1948 1345 2022 Respondit
1389 1950 1586 2008 Jesus:
1654 1953 1989 2009 [immanium

2098 1958 2305 2031 Ἰησοῦς
2324 1976 2339 1991 θ
2362 1956 2508 2027 Ἐγὼ
2532 1957 2807 2028 δαιμόνιον
2832 1957 2932 2010 οὐκ
2960 1956 3089 2028 ἔχω,
3115 1955 3251 2010 ἀλλὰ
3274 1955 3420 2026 τιμῶ
3445 1954 3536 2007 τὸν
3566 1956 3678 2008 Πα-

409 2055 517 2092 non
571 2039 769 2104 habeo,
818 2041 912 2096 sed
961 2044 1259 2100 cohonesto
1307 2043 1523 2100 Patrem
1575 2054 1867 2102 meum:ct
1895 2061 1991 2100 vos

408 2129 706 2198 ignominia
754 2131 1020 2190 aii‘ecistis
1076 2150 1183 2191 me.
1234 2136 1347 2207 Ego
1398 2148 1578 2193 autem
1645 2153 1751 2193 non
1807 2152 1993 2208 quer

409 2223 632 2292 gtoriam
676 2236 855 2282 meatu
882 2244 896 2282 :
922 2238 1011 2284 est
1063 2230 1155 2299 qui
1204 2240 1414 2302 quarrat
1446 2239 1500 2286 et
1534 2230 1758 2300 iudicet.
1788 2248 1810 2284 ι
1847 2231 1986 2298 Quia

409 2316 503 2371 Dei
538 2316 680 2373 filios
713 2319 923 2390 seipsos
977 2322 1349 2386 nominabant,
1404 2324 1600 2393 inquit,
1642 2323 1699 2379 Si
1730 2324 1819 2379 Dei
1859 2326 1992 2381 estis

408 2407 527 2472 iiiii,
560 2409 746 2479 utique
770 2422 1083 2480 peccantem
1116 2414 1324 2471 debetis
1347 2414 1471 2470 odio
1502 2416 1719 2471 habere.
1744 2415 1804 2471 Si
1828 2416 1994 2488 igitur

407 2509 461 2554 et
494 2515 579 2557 me
616 2516 779 2571 quem
814 2499 945 2557 odio
973 2505 1203 2569 habetis,
1233 2507 1458 2576 potestis
1480 2508 1710 2578 arguere
1762 2523 1993 2579 peccan-

408 2602 540 2657 tem,
566 2592 917 2651 manifestum
938 2597 1081 2667 quod
1102 2596 1249 2665 jnste
1281 2598 1406 2655 odio
1436 2615 1523 2655 me
1552 2601 1990 2671 prosequimini;

404 2689 552 2758 quod
577 2689 626 2745 si
651 2703 811 2746 nemo
844 2705 930 2747 me
959 2701 1139 2762 potest
1173 2708 1424 2765 arguere,
1462 2693 1808 2752 manifestum
1849 2698 1991 2768 quod

409 2788 630 2851 propter
658 2784 941 2839 veritatem
967 2799 1193 2840 exosum
1228 2784 1454 2842 habetis.
1486 2785 1659 2855 Quam
1686 2796 1867 2844 autem
1898 2803 1992 2844 ve-

411 2874 677 2930 ritatem?
724 2874 960 2933 Omnino
996 2878 1122 2949 quia
1169 2878 1384 2935 dixerat
1438 2895 1498 2936 se
1554 2880 1649 2937 Dei
1680 2880 1900 2949 Filium,
1940 2882 1991 2937 id

406 2965 553 3034 quod
585 2967 930 3041 verissimum
952 2978 1057 3025 est.
1112 2967 1267 3026 Sicut
1317 2979 1498 3027 autem
1523 2972 1569 3029 is
1605 2991 1626 3025 ι
1655 2972 1747 3044 qui
1772 2986 1844 3028 ex
1884 2972 1995 3029 Deo

405 3060 704 3125 ορμηθείη
749 3061 842 3117 Dei
889 3063 1079 3118 audit:
1122 3082 1144 3117 ι
1184 3063 1255 3120 ita
1314 3066 1478 3121 etiam
1507 3080 1602 3122 vos
1643 3066 1689 3121 si
1748 3066 1841 3122 Dei
1900 3064 1993 3122 filii

404 3152 625 3218 exactis,
652 3165 759 3205 non
801 3166 831 3206 a
862 3166 948 3207 mc
1006 3154 1278 3210 audiendo
1308 3155 1688 3220 declinaretis,
1714 3171 1893 3228 neque
1927 3157 1994 3211 ad

409 3251 638 3297 mortem
664 3244 984 3313 quaereretis
1007 3258 1131 3302 eum
1160 3247 1253 3318 qui
1276 3261 1310 3304 e
1350 3250 1602 3320 superuis
1626 3250 1778 3306 venit
1800 3248 1992 3307 Filium

402 3332 530 3397 Dei.
556 3341 613 3390 et
635 3349 698 3392 ea
722 3350 845 3406 qua
867 3337 961 3393 Dei
982 3348 1143 3394 erant
1176 3338 1511 3412 loquentem.
1542 3340 1710 3414 igitur
1732 3342 1994 3400 Dominus

412 3427 631 3497 quidem
682 3429 753 3485 ita
789 3441 1072 3490 mansuete
1113 3448 1240 3489 cum
1275 3435 1357 3490 eis
1416 3435 1629 3492 locutus
1673 3435 1839 3510 627
1871 3446 1992 3494 est:

406 3520 566 3576 τιιὶΗί
591 3521 659 3577 ad
688 3523 933 3579 convicia
957 3537 1222 3596 pergunt:
1264 3546 1283 3579 r
1311 3525 1498 3583 Nonne
1529 3530 1691 3598 bene,
1722 3530 1993 3601 inquiunt,

408 3611 727 3669 dicebamus
786 3614 912 3685 quia
964 3615 1342 3674 Samaritanus
1388 3627 1546 3687 estu,
1575 3628 1631 3675 et
1671 3621 1995 3676 «immanium

408 3704 620 3760 habes!
647 3724 666 3759 ι
703 3707 1105 3765 Samaritanum
1125 3712 1299 3782 ipsum
1325 3713 1599 3781 dicebant,
1618 3715 1762 3786 quod
1786 3726 1993 3772 morem

402 3792 693 3851 Judaicum
715 3798 1043 3866 destrueret,
1075 3815 1271 3869 nempe
1304 3802 1638 3860 Sabbatum:
1671 3804 1996 3863 Samaritnni

406 3891 555 3947 enim
586 3903 692 3945 non
725 3891 941 3963 egregie
966 3893 1343 3963 judaizabant.
1377 3898 1776 3954 Daemoniacum
1816 3909 1995 3955 autem

411 3979 567 4036 illum
596 3992 815 4049 vocant,
863 3984 1113 4042 fortassis
1160 3988 1375 4059 quidem
1424 3991 1613 4046 ethoc
1667 3993 1846 4056 modo,
1889 4008 1998 4062 quo

412 4088 538 4128 cun:
567 4073 768 4144 ejicere
789 4075 1054 4133 damonis
1134 4079 1384 4136 dicebant
1412 4080 1466 4137 in
1498 4083 1742 4154 principe
1795 4085 1998 4140 daemo—

413 4166 631 4221 niorum
653 4168 723 4221 ³⁸.
755 4166 957 4226 Omnes
979 4172 1122 4228 enim
1155 4175 1246 4246 qui
1300 4175 1771 4233 caiumuiabantur
1820 4179 1998 4250 ipsum

415 4258 468 4312 in
504 4257 790 4317 Bccixebul
812 4262 1086 4321 daemOnes
1112 4265 1333 4336 ejicere,
1355 4283 1478 4324 cum
1497 4270 1754 4325 dicebant
1783 4270 1988 4327 daemo-

414 4351 562 4406 nium
602 4351 892 4411 Beelzehui
936 4356 1159 4427 habere,
1219 4361 1272 4415 in
1300 4376 1408 4432 quo
1463 4362 1721 4418 miracula
1774 4362 1997 4421 faceret.

412 4440 687 4503 Fortassis
726 4461 912 4503 autem
951 4451 1252 4508 secundum
1275 4455 1417 4523 quod
1456 4455 1715 4510 revelavit
1756 4456 1997 4525 ipsorum

404 4536 790 4608 cogitationes,
842 4542 1175 4598 daemonium
1224 4559 1350 4601 eum
1410 4546 1612 4603 habere
1662 4549 1997 4619 cogitabant,

2020 3294 2067 3350 ϐ

2093 2043 2229 2125 τέρα
2263 2067 2391 2124 μου,
2418 2052 2511 2105 καὶ
2542 2051 2700 2122 ὑμεῖς
2732 2049 3029 2120 ἀτιμάζετέ
3063 2067 3152 2122 με.
3175 2046 3320 2115 Ἐγὼ
3349 2048 3406 2101 δὲ
3435 2047 3497 2101 οὐ
3531 2044 3677 2115 ζητῶ

2093 2144 2195 2216 τὴν
2224 2141 2382 2208 δόξαν
2413 2158 2515 2213 μου
2543 2157 2556 2170 ·
2591 2141 2738 2195 ἐστιν
2764 2142 2792 2194 ό
2821 2140 3001 2211 ζητῶν
3029 2140 3122 2194 καὶ
3151 2139 3375 2211 κρίνων.
3413 2156 3432 2191 ι
3459 2135 3679 2206 Ἐπειδὴ

2094 2237 2187 2291 τοῦ
2219 2233 2356 2290 Θεοῦ
2389 2236 2540 2299 υίοὺς
2568 2234 2796 2296 ἑαυτοὺς
2828 2230 3131 2303 ὠνόμαζον,
3162 2232 3352 2301 φησιν,
3386 2231 3468 2284 ὃτι
3498 2229 3561 2283 Εἰ
3586 2227 3679 2283 τοῦ

2093 2328 2231 2383 Θεοῦ
2270 2327 2378 2382 υἱοί
2421 2328 2576 2393 ἐστε,
2616 2325 2836 2391 πάντως
2873 2325 2964 2380 τὸν
3008 2323 3393 2397 ἁμαρτάνοντα
3435 2323 3680 2392 ὀφείλετε

2099 2424 2301 2494 μισεῖν.
2330 2421 2393 2474 Ei
2420 2418 2603 2474 τοίνυν
2629 2419 2723 2472 καὶ
2750 2418 2875 2489 ἐμὲ,
2905 2417 2965 2472 ὃν
2998 2418 3234 2489 μισεῖτε,
3259 2413 3489 2469 δύνασθε
3522 2413 3679 2480 ἐλέγ-

2098 2514 2188 2580 ξαι
2221 2513 2635 2585 ἁμαρτάνοντα,
2672 2509 2938 2583 πρόδηλον
2966 2509 3050 2563 ὅτι
3083 2508 3307 2572 δικαίως
3345 2510 3552 2579 μισεῖτε
3577 2522 3593 2537 ⁸
3629 2509 3679 2560 εί

2094 2607 2155 2662 δέ
2180 2606 2280 2661 οὐκ
2309 2606 2423 2676 ἔχει
2445 2622 2528 2668 τις
2555 2596 2793 2673 ἐλέγξαι,
2822 2603 3057 2675 φανερὸν
3081 2603 3161 2656 ὅτι
3188 2601 3275 2655 διὰ
3299 2601 3396 2672 τὴν
3421 2599 3684 2672 ἀλήθειάν

2101 2717 2169 2772 με
2203 2700 2433 2771 μισεῖτε.
2468 2698 2637 2751 Ποίαν
2666 2695 2721 2749 δέ
2758 2695 3047 2767 ἀλήθειανς
3077 2690 3156 2755 Ἦ
3192 2695 3412 2756 πὲντως
3445 2693 3527 2747 ὅτι
3560 2692 3681 2747 ἕλε-

2098 2809 2195 2861 γεν
2221 2790 2413 2846 ἑαυτὸν
2435 2790 2562 2844 my
2585 2788 2744 2856 Θεοῦ,
2768 2789 2908 2859 ὅπερ
2932 2786 3242 2856 παναληθές
3267 2788 3436 2840 ἐστιν.
3468 2805 3485 2837 ι
3521 2785 3579 2839 ’0
3605 2784 3684 2838 ῶν

2096 2882 2153 2938 δὲ
2181 2885 2245 2937 ὲκ
2268 2878 2363 2937 τοῦ
2394 2881 2553 2949 Θεοῦ,
2580 2882 2649 2936 τὰ
2680 2882 2903 2952 ῥήματα
2931 2879 3025 2934 τοῦ
3057 2876 3192 2933 Θεοῦ
3224 2878 3415 2933 ἀκούει
3437 2895 3449 2908 ·
3486 2897 3503 2930 ι
3537 2877 3681 2931 ὥστε

2099 2976 2193 3031 καὶ
2220 2976 2397 3047 ὑμεῖς,
2432 2977 2480 3029 εί
2508 2974 2604 3029 τοῦ
2632 2973 2770 3028 θεοῦ
2800 2974 2966 3027 τέκνα
2993 2967 3113 3044 ἦτε,
3144 2973 3244 3026 οὐκ
3272 2970 3338 3025 ἂν
3366 2968 3517 3041 ἐμοῦ
3536 2986 3682 3041 παρ-

2096 3067 2360 3141 ηκούετε,
2391 3066 2504 3121 οὐδ’
2529 3066 2595 3122 ἂν
2624 3066 2856 3136 ἐφονᾶτε
2890 3065 3034 3119 κατὰ
3065 3064 3158 3117 τοῦ
3193 3061 3407 3118 ἄνωθεν
3435 3061 3682 3124 ἐλθόντος

2104 3158 2232 3213 Υίοῦ
2257 3158 2354 3213 τοῦ
2379 3157 2539 3221 Θεοῦ,
2570 3158 2663 3212 καὶ
2687 3155 2757 3210 τὰ
2780 3155 2873 3210 τοῦ
2900 3155 3035 3210 Θεοῦ
3067 3155 3462 3227 φθεγγομένου.
3493 3154 3550 3208 '0
3582 3153 3686 3225 μὲν

2097 3251 2193 3307 οὖν
2223 3250 2427 3323 Κύριος
2458 3248 2602 3303 οὕτω
2631 3249 2821 3322 πράως
2845 3264 2860 3280 ·
2894 3249 2941 3302 οί
2970 3248 3026 3301 δὲ
3058 3247 3140 3311 είς
3170 3246 3353 3318 ὕϐρεις
3384 3245 3678 3317 χωροῦσιν.

2101 3361 2121 3396 1
2159 3342 2234 3397 Οὔ
2269 3341 2451 3405 καλῶς
2483 3340 2623 3413 γὰρ,
2659 3339 2855 3410 φασὶν,
2889 3338 3183 3409 ἐλέγομεν,
3218 3340 3301 3392 ὅτι
3333 3337 3683 3409 Σαμαρείτης

2077 3430 2167 3517 εἴ,
2199 3434 2292 3488 καὶ
2315 3432 2597 3503 δαιμόνιον
2624 3430 2799 3501 Exue;
2837 3449 2856 3483 ι
2891 3430 3239 3502 Σαμαρείτην
3273 3429 3373 3501 μὲν
3399 3429 3491 3483 οὖν
3519 3429 3685 3483 αὑτὸν

2097 3524 2304 3595 ἔλεγον,
2330 3523 2407 3587 ὡς
2432 3522 2501 3575 τὰ
2524 3518 2795 3575 Ἰουδαϊκὰ
2822 3520 2920 3589 ἔθη
2953 3520 3324 3592 παραλύοντα,
3356 3516 3471 3574 οἷον
3498 3520 3558 3574 τὸ
3583 3520 3678 3575 τοῦ

2098 3617 2380 3673 Σαϐϐἀτου
2404 3632 2421 3650 ⁸
2452 3616 2501 3669 0!
2536 3616 2645 3687 γὰρ
2681 3615 3019 3685 Σαμαρεῖται
3050 3614 3153 3669 οὐκ
3186 3612 3431 3687 ἀκριϐῶς
3453 3612 3681 3669 Ἰουδὰῖο-

2098 3712 2191 3778 ζον
2213 3727 2225 3741 ·
2256 3710 2625 3781 δαιμονιῶντα
2654 3710 2711 3762 δέ
2742 3709 2998 3763 καλοῦσιν
3027 3708 3209 3776 αὐτὸν,
3241 3709 3382 3780 τάχα
3415 3708 3514 3780 μὲν
3581 3706 3680 3762 καὶ

2098 3807 2221 3861 κατ’
2245 3807 2451 3859 ἐκεῖνον
2478 3804 2568 3857 τὸν
2595 3804 2820 3875 τρόπον,
2848 3802 2982 3856 καθὸ
3013 3803 3105 3857 καὶ
3135 3805 3192 3856 ἐν
3220 3802 3298 3874 τῷ
3328 3802 3550 3874 ἄρχοντι
3574 3801 3683 3855 τῶν

2098 3898 2393 3966 δαιμονίων
2421 3894 2705 3951 ἐκϐάλλειν
2735 3895 2897 3949 αὑτὸν
2923 3894 2991 3949 τὰ
3018 3894 3271 3964 δαιμόνια
3300 3895 3506 3963 ἔλεγον.
3542 3894 3686 3946 Πάν-

2096 4009 2187 4057 τες
2221 3992 2331 4062 γὰρ
2362 3993 2411 4045 οἱ
2445 3989 2912 4060 συκοφαντοῦντες
2946 3988 3109 4042 αὐτὸν
3139 3989 3197 4041 ἐν
3230 3986 3557 4053 Βεελζεϐοὺλ
3588 3988 3683 4040 ἑκ-

2099 4086 2315 4140 ϐἀλλειν
2344 4084 2472 4148 τοὺς
2500 4083 2784 4154 δαίμονας,
2816 4082 3094 4153 δαιμόνιον
3124 4081 3268 4153 ἔχειν
3297 4082 3356 4135 τὸ
3384 4078 3477 4135 τοῦ
3511 4080 3676 4134 Βεελ-

2098 4177 2312 4244 ζεϐοὺλ,
2339 4177 2398 4231 ἐν
2421 4169 2466 4244 ᾧ
2494 4174 2668 4230 ἐτέλει
2694 4176 2762 4228 τὰ
2789 4173 3062 4246 Θαύματα,
3091 4174 3298 4243 ἔλεγον.
3326 4174 3477 4244 Τάχα
3505 4173 3562 4227 δὲ
3592 4174 3686 4226 καὶ

2098 4270 2235 4324 καοδ
2262 4269 2637 4324 ἀνεκάλυπτεν
2659 4266 2838 4321 αὐτῶν
2861 4268 2929 4321 τὰ
2953 4268 3293 4339 διανοήματα
3319 4268 3413 4322 καὶ
3437 4268 3505 4322 τὰ
3531 4267 3684 4320 ἐνθυ-

2101 4363 2355 4435 μήματα,
2400 4360 2677 4433 δαιμόνιον
2726 4360 2888 4415 αὑτὸν
2934 4360 3080 4432 ἔχειν
3126 4361 3399 4432 ἐνόμιζον,
3447 4361 3688 4429 οἰόμενοι

2098 4455 2253 4529 παρὰ
2283 4455 2555 4526 δαιμόνων
2583 4455 2732 4526 αὑτῷ
2762 4455 2830 4508 τὰ
2864 4453 3082 4526 κρυπτὰ
3112 4454 3212 4524 τῆς
3245 4454 3471 4524 καρδίας
3504 4454 3687 4507 αὐτῶν

2098 4548 2579 4620 ἐπιγινώσκεσθαι.
2622 4549 2759 4603 Πότε
2799 4549 2855 4604 δὲ
2897 4544 3052 4602 εἷπον
3090 4546 3253 4601 αὐτὸν
3295 4547 3644 4617 Σαμαρείτην
3670 4563 3684 4574 ο

409 4638 668 4699 palmites
714 4648 744 4687 a
778 4636 1116 4694 (immunibus
1162 4639 1209 4694 ei
1256 4639 1491 4695 revelata
1544 4640 1726 4696 cordis
1771 4656 1990 4698 arcana.

2099 4642 2351 4715 Οὐδαμοῦ
2392 4644 2421 4695 ό
2461 4641 2856 4713 εὐαγγελιστὴς
2887 4640 3047 4695 τοῦτο
3088 4641 3332 4713 εἴρηκεν.
3363 4639 3459 4692 Ἐκ
3491 4638 3688 4691 τούτου

408 4720 645 4789 Quando
686 4736 868 4782 autem
912 4730 1166 4786 dixerunt
1203 4746 1327 4787 eum
1378 4731 1993 4790 Samaritanum‘iNusu

412 4829 574 4883 quam
605 4817 750 4873 enim
785 4822 1117 4892 evangelista
1142 4823 1248 4879 hoc
1277 4824 1433 4880 dixit.
1459 4823 1804 4881 Manifestum
1826 4825 1995 4899 igitur

413 4907 556 4976 quod
612 4910 780 4966 multa
837 4915 1288 4984 praetermiserim
1348 4917 1715 4990 evangelista,
1768 4926 1824 4975 et
1882 4934 1991 4974 non

408 5002 595 5056 omnia
623 5005 969 5075 scripserint,
998 5009 1141 5064 sicut
1169 5009 1277 5064 alio
1303 5009 1422 5065 loco
1450 5011 1868 5083 assignavimus.
1887 5008 1995 5082 igi-

416 5104 505 5152 tur
525 5097 601 5153 illi
627 5100 846 5171 quidem
873 5101 1000 5156 talia
1023 5117 1122 5174 per
1151 5103 1500 5174 ignominiam
1528 5103 1845 5174 proferunt:
1878 5105 1994 5174 ipse

415 5201 594 5245 autem
650 5192 923 5263 patienter
964 5195 1016 5248 in
1050 5210 1109 5250 se
1139 5195 1365 5266 injurias
1412 5197 1658 5267 suscipit.
1705 5195 1840 5252 Nam
1872 5212 1996 5252 cum

413 5284 622 5354 seipsos
659 5284 798 5341 filios
826 5286 920 5340 Dei
968 5287 1231 5355 dicerent,
1265 5288 1614 5345 vehementer
1655 5304 1751 5346 eos
1800 5290 1998 5362 arguit,

414 5379 699 5433 veritatem
745 5380 1303 5451 vindicanszquaudo
1347 5389 1528 5437 autem
1578 5383 1750 5453 ipsum
1802 5383 1996 5452 injuria

414 5469 677 5536 alliciunt,
726 5487 832 5528 non
865 5474 1174 5544 ulciscitur,
1238 5476 1440 5531 docens
1495 5477 1660 5532 etiam
1709 5492 1828 5544 nos,
1879 5492 1998 5547 quae

410 5574 601 5620 contra
639 5565 807 5622 Deum
865 5576 1014 5635 sunt,
1072 5567 1374 5633 vindicare,
1404 5586 1525 5640 qua:
1573 5580 1753 5625 autem
1807 5581 1998 5625 contra

418 5671 537 5723 nos,
576 5668 857 5716 mansuete
891 5660 1057 5728 ferre,
1094 5661 1236 5716 sicut
1263 5671 1317 5718 et
1351 5662 1468 5732 ipse
1508 5672 1789 5718 mansuete
1823 5661 1995 5716 dixit:

418 5764 440 5802 ι
476 5751 604 5823 Ego,
655 5752 849 5824 inquit,
902 5754 1227 5811 daemonium
1275 5769 1379 5810 non
1411 5754 1603 5822 ltabco,
1658 5755 1752 5810 scd
1793 5753 2001 5809 ltonoro

504 5937 549 5971 ι’
572 5936 710 5992 Gen.
767 5950 848 6000 ιιι.
901 5935 954 5991 5.
1031 5936 1075 5967 ¹⁰
1116 5933 1304 5991 Matth.
1334 5950 1388 6003 κ,
1431 5934 1519 5990 54.

2099 4734 2193 4793 οὖν
2217 4738 2373 4809 δῆλον
2400 4738 2482 4792 ὅτι
2510 4736 2679 4791 πολλά
2712 4735 3048 4809 παρέλειψαν
3073 4736 3124 4790 0i.
3152 4732 3559 4802 εὐαγγελισταὶ,
3593 4733 3687 4785 καὶ

2101 4830 2198 4901 οὐχ
2230 4829 2450 4885 ἅπαντα
2504 4829 2933 4899 συνεγράψαντο,
2967 4827 3109 4883 καθὰ
3159 4827 3255 4881 καί⁸
3313 4823 3545 4896 ἀλλαχοῦ
3590 4826 3687 4876 ἐπ-

2100 4923 2508 4995 εσημηνάμεθα
2560 4922 2720 4977 τοῦτο
2753 4921 2904 4975 αὐτό.
2945 4920 3174 4974 Ἐκεῖνοι
3200 4918 3297 4990 μὲν
3341 4912 3435 4970 οῦν
3463 4915 3689 4969 τοιαῦτα

2102 5016 2438 5089 ὑϐρίζουσιν,
2468 5014 2632 5080 αὐτὸς
2656 5012 2703 5069 δ’
2718 5013 3057 5082 ἀνεξικάκως
3080 5011 3179 5076 τὰς
3206 5010 3287 5073 είς
3311 5008 3473 5065 αὐτὸν
3499 5006 3688 5077 ὕϐρεις

2103 5108 2338 5181 δέχεται.
2364 5108 2494 5162 Ὅτε
2540 5108 2640 5178 μὲν
2678 5105 2788 5178 γὰρ
2834 5106 3062 5169 ἑαυτοὺς
3105 5103 3256 5166 υἱοὺς
3296 5099 3431 5155 Θεοῦ
3476 5098 3684 5167 ἔλεγον,

2110 5198 2356 5270 σφοδρῶς
2390 5198 2588 5260 αὐτοὺς
2621 5195 2856 5267 ἐλέγχει,
2884 5195 2982 5266 τὴν
3012 5192 3273 5265 ἀλήθειαν
3302 5189 3565 5245 ἐκδικῶνο
3595 5190 3691 5243 ὅτε

2106 5291 2165 5346 δὲ
2208 5291 2370 5345 αὑτὸν
2417 5289 2764 5361 ὑϐρίζουσιν,
2807 5288 2908 5342 οὐκ
2950 5286 3246 5357 ἀμύνεται,
3285 5284 3554 5339 διδάσκων
3591 5282 3687 5336 καὶ

2107 5381 2278 5452 ἡμᾶς,
2306 5380 2375 5434 τὰ
2408 5378 2508 5451 μὲν
2539 5380 2620 5443 είς
2652 5378 2787 5432 Θεὸν
2817 5378 3074 5442 ἐκδικεῖν,
3105 5376 3174 5430 τὰ
3207 5374 3263 5428 δὲ
3296 5376 3375 5439 εἰς
3410 5376 3557 5447 ἡμᾶς
3592 5374 3690 5428 αὖ-

2101 5475 2231 5537 τοὺς
2264 5473 2456 5545 πράως
2491 5473 2680 5544 φέρειν
2704 5490 2717 5505 ·
2752 5468 2942 5544 ὥσπερ
2972 5471 3066 5525 οὖν
3100 5473 3196 5525 xui.
3230 5471 3391 5535 αὐτὸς
3424 5468 3647 5542 ἡμέρως
3667 5507 3683 5532 ,

2112 5585 2130 5619 ι
2157 5566 2322 5636 Ἐγὼ,
2353 5566 2510 5638 φησὶ,
2538 5565 2814 5638 δαιμόνιον
2841 5564 2940 5619 οὐκ
2969 5564 3099 5636 ἔχω,
3129 5563 3265 5618 ἀλλὰ
3289 5564 3433 5633 τιμῶ
3458 5562 3549 5615 τὸν
3576 5560 3688 5613 Πα-

2106 5659 2238 5731 τέρα
2270 5676 2395 5729 μου.
2433 5678 2452 5712 ι
2485 5659 2607 5722 Πῶς
2636 5658 2693 5712 δέ
2721 5656 2883 5728 ἐτίμα
2907 5656 2997 5712 τὸν
3025 5657 3278 5730 Πατέρας
3300 5655 3564 5711 Ἐκδικῶν
3590 5654 3687 5709 αὐ-

2108 5753 2221 5820 τὸν,
2247 5754 2341 5807 καὶ
2367 5752 2467 5805 οὐκ
2496 5751 2823 5823 ἀνεχόμενος
2849 5749 3070 5816 αὐτοὺς,
3092 5751 3219 5815 τοὺς
3249 5748 3566 5823 μιαιφόνους
3595 5746 3690 5801 καὶ
