4060 6574
262 404 343 469 33
902 407 1347 469 ENARRATIO
1386 411 1467 472 IN
1515 412 2012 477 EVANGELIUM
2051 416 2392 478 JOANNIS.
2432 442 2501 455 --
2533 420 2693 485 CAP.
2744 420 2911 483 VIII.
3475 427 3546 488 34

262 516 545 588 ψεύστας,
580 515 674 570 τοὺ
717 517 971 589 Σωτῆρος
1004 520 1099 573 καὶ
1133 520 1368 591 ἀληθοῦς
1402 525 1551 588 υἱοὺς
1585 524 1853 595 ὀνομάζε-

1959 526 2172 582 Patrem
2204 545 2402 585 meum.
2428 548 2448 583 ι
2477 530 2756 597 Quomodo
2771 544 2951 592 autem
2971 536 3547 601 honorabatPatrem?

270 606 415 661 σθαι.
449 607 640 677 Ὑμεῖς
669 606 781 670 οὖν,
810 610 967 676 φησι,
996 610 1130 664 διότι
1181 612 1271 666 τὸν
1300 615 1516 685 Πατέρα
1560 633 1662 686 μου
1714 616 1862 687 τιμῶ

269 698 629 771 ὑϐριζόμενον
662 699 793 770 παρ’
824 701 1000 771 ὑμῶν,
1031 704 1510 772 συκοφαντούντων
1538 708 1721 762 αὑτὸν.
1752 726 1860 763 παν

269 792 407 860 τερα
442 791 707 862 ὑμέτερον
741 787 913 853 εἶναι,
948 792 1037 846 διὰ
1069 795 1227 848 τοῦτό
1266 813 1334 866 με
1371 797 1691 864 ἀτιμάζετε.
1717 799 1859 854 Ἀλλ’

269 885 321 935 εἰ
352 885 511 952 καγω
544 884 780 953 ἐμαυτὸν
807 887 907 939 οὑκ
938 888 1159 952 ὲκδικῶ,
1189 890 1453 960 ἀνέχομαι
1483 892 1537 945 δὲ
1569 892 1862 964 ὑϐριζόμε-

269 993 397 1040 νος,
433 976 508 1046 μὴ
537 978 785 1047 νομίζετε
821 980 1175 1054 ἀνεκδίκητον
1208 984 1536 1054 ἐαθήσεσθαι
1566 987 1667 1057 τὴν
1701 987 1859 1058 ὓϐριν

267 1068 497 1140 ταύτην.
519 1070 675 1124 Ἐστι
704 1072 811 1143 γὰρ
843 1075 870 1126 6
899 1074 1109 1146 Πατὴρ,
1137 1075 1199 1138 ὃς
1228 1077 1327 1144 ἐμὲ
1357 1076 1633 1149 ἐκδικήσει
1658 1080 1746 1132 τὸν
1773 1080 1862 1134 διὰ

268 1161 430 1215 τοῦτο
456 1163 812 1236 ὑϐριζόμενον
830 1207 844 1230 ,
871 1168 952 1220 ὅτι
980 1167 1143 1222 αὑτὸν
1169 1168 1370 1222 ἐκδικῶ
1387 1212 1399 1231 ,
1428 1171 1523 1224 καὶ
1547 1173 1646 1226 οὐκ
1675 1174 1861 1243 ἀνέχο-

273 1272 374 1326 μαι
407 1256 559 1326 ὑμῶν
590 1255 883 1311 ποιούντων
914 1259 1139 1322 ἑαυτοὺς
1181 1258 1331 1323 υἱοὺς
1387 1260 1619 1316 ἐκείνου.
1670 1263 1860 1315 Ἔστιν

273 1344 367 1402 οὖν
392 1352 420 1401 ὁ
450 1348 628 1420 ζητῶν
654 1352 751 1422 τὴν
777 1351 914 1423 ἐμὴν
940 1350 1128 1416 δόξαν,
1178 1355 1272 1407 καὶ
1305 1352 1378 1425 μὴ
1426 1353 1587 1424 μόνον
1637 1354 1816 1425 ζητῶν
1841 1395 1857 1417 ,

273 1441 411 1494 ἀλλὰ
458 1446 552 1495 καὶ
596 1443 899 1511 δυνάμενος
949 1447 1132 1514 κρῖναι
1181 1447 1273 1498 καὶ
1320 1445 1684 1500 καταδικάσαι
1732 1447 1861 1507 τοὺς

271 1534 483 1602 ἀλόγως
519 1535 839 1606 ὑϐρίζοντάς
875 1554 962 1608 με.
1000 1537 1265 1601 Πολλάκις
1299 1538 1408 1608 γάρ
1436 1555 1519 1602 τις
1570 1539 1724 1609 ζητεί
1758 1539 1859 1608 μὲν

271 1627 629 1698 ἐκδικηθῆναι
658 1630 756 1699 τὴν
787 1628 978 1701 ὕϐριν,
1007 1631 1068 1683 ού
1100 1629 1321 1684 δύναται
1352 1633 1408 1685 δὲ
1441 1632 1601 1697 αὐτὸς
1635 1635 1855 1703 κρῖναι·

269 1720 301 1772 6
338 1720 471 1787 γοῦν
516 1721 705 1792 Πατὴρ
744 1721 839 1775 καὶ
880 1721 1033 1793 ζητεῖ
1069 1724 1169 1793 τὴν
1238 1724 1331 1777 τοῦ
1372 1723 1502 1777 Υίοῦ
1541 1722 1718 1788 δόξλν,
1764 1722 1858 1781 καὶ

270 1814 497 1867 δύναται
533 1817 735 1885 κρῖναι.
768 1815 868 1868 Διὰ
895 1814 1053 1869 τοῦτο
1085 1811 1180 1871 οὖν
1206 1813 1394 1871 εἶπεν·
1433 1835 1450 1869 ι
1480 1818 1667 1871 Ἔστιν
1696 1818 1724 1871 6
1757 1814 1858 1889 ζη-

271 1906 383 1960 τῶν
414 1908 509 1960 καὶ
540 1909 761 1978 κρίνων.
801 1926 821 1960 ι

348 2102 369 2136 ι
412 2083 605 2154 Ἀμὴν,
633 2084 779 2155 ἀμὴν
807 2084 952 2153 λέγω
982 2085 1131 2155 ὑμῖν,
1173 2084 1268 2139 ὲάν
1306 2103 1390 2149 τις
1431 2090 1524 2141 τὸν
1561 2086 1721 2157 λόγον
1755 2087 1856 2142 πὸν

273 2178 409 2249 ἐμὸν
466 2180 707 2252 τηρήσῃ,
777 2178 1006 2232 θάνατον
1069 2180 1130 2233 οὑ
1198 2179 1273 2251 μὴ
1321 2181 1576 2254 θεωρήσῃ
1632 2183 1711 2243 εἰς
1766 2181 1856 2235 τὸν

275 2268 470 2324 αἰῶνα.
526 2266 695 2324 Εἶπον
725 2264 817 2323 οὖν
850 2270 997 2343 αὑτῷ
1037 2273 1087 2325 οἱ
1131 2273 1403 2326 Ἰουδαῖοι·
1452 2273 1566 2325 Νῦν
1614 2273 1856 2343 ἐγνώκα-

278 2381 402 2435 μεν,
440 2365 524 2418 ὅτι
554 2364 837 2435 δαιμόνιον
867 2364 1035 2436 ἔχεις.
1082 2364 1334 2436 Ἀϐραὰμ
1372 2366 1632 2431 ἀπέθανε,
1668 2367 1762 2419 καὶ
1806 2367 1855 2419 οἱ

273 2455 572 2526 προφῆται,
608 2456 706 2508 καὶ
768 2456 832 2508 σὺ
864 2454 1042 2521 λέγεις
1071 2468 1085 2482 ⁶
1128 2454 1256 2508 Ἐάν
1298 2472 1382 2519 τις
1421 2454 1512 2507 τὸν
1547 2453 1702 2522 λόγον
1751 2471 1854 2523 μου

275 2550 513 2620 τηρήσῃ,
553 2549 614 2602 οὐ
648 2548 724 2619 μὴ
769 2547 1034 2620 γεύσηται
1065 2547 1296 2602 θανάτου
1337 2550 1416 2611 είς
1448 2549 1539 2601 τὸν
1575 2548 1780 2602 αἰῶνα.
1830 2566 1848 2598 t

278 2642 345 2692 Ὢ
390 2643 491 2710 τῆς
552 2640 1012 2711 φιλανθρωπίαςι
1064 2641 1294 2693 Ἐκεῖνοι
1360 2641 1459 2711 μὲν
1519 2639 1852 2711 ὑϐρίζουσιν,

277 2734 439 2797 αὐτὸς
467 2733 524 2786 δὲ
551 2733 651 2805 τὴν
692 2734 822 2805 περὶ
850 2732 951 2803 τῆς
982 2733 1138 2806 δόξης
1176 2732 1346 2786 αὑτοῦ
1378 2733 1606 2804 ζήτησιν
1632 2734 1726 2786 καὶ
1761 2737 1856 2787 ὲκ-

276 2827 490 2897 δὶκησιν
531 2826 610 2897 τῷ
640 2827 817 2900 Πατρὶ
852 2827 1148 2891 ἀνατιθεὶς,
1188 2828 1267 2890 εἰς
1303 2828 1627 2898 παραίνεσιν
1654 2827 1747 2880 καὶ
1778 2825 1856 2887 δι-

277 2919 577 2973 δασκαλίαν
634 2919 920 2991 τρέπεται,
975 2920 1282 2989 εὐεργετῶν
1331 2921 1457 2982 τοὺς
1510 2917 1852 2990 ὑϐρίζοντας.

277 3010 434 3085 Οὕτω
464 3013 545 3065 δεῖ
570 3013 663 3066 καὶ
692 3014 840 3084 ἡμᾶς
869 3012 1178 3084 ἀμύνεσθαι
1210 3012 1338 3075 τοὺς
1370 3011 1620 3084 ἐχθρούς.
1665 3014 1731 3066 Τί
1762 3010 1855 3065 οὖν

277 3106 463 3168 αὐτοῖς
487 3100 680 3173 sim-tv;
719 3124 736 3158 ι
789 3104 916 3159 Ἐάν
954 3122 1037 3168 τις
1067 3104 1159 3158 τὸν
1194 3105 1349 3172 λόγον
1394 3122 1496 3177 μου
1538 3107 1786 3176 τηρήοῃο
1827 3121 1843 3155 ι

275 3198 576 3262 τουτέστιν,
627 3200 722 3251 ἐὰν
759 3196 900 3266 μετὰ
953 3196 1046 3250 τοῦ
1107 3197 1423 3260 πιστεῦσαι,
1473 3201 1566 3250 καὶ
1607 3196 1720 3266 βίον
1754 3197 1851 3266 ἔχῃ
1882 3244 1924 3299 c

277 3290 519 3361 καθαρόν
554 3308 568 3322 ·
595 3290 716 3344 τότε
748 3293 856 3361 γὰρ
886 3294 1046 3362 τηρεῖ
1089 3307 1173 3354 τις
1221 3290 1436 3362 ἀληθῶς
1469 3290 1568 3361 τὴν
1612 3289 1707 3343 τοῦ
1741 3290 1853 3341 Κυ-

279 3385 395 3453 ρίου
451 3380 824 3444 διδασκαλίαν,
875 3383 965 3436 ὅτε
1005 3382 1100 3436 κα)⁸
1150 3383 1390 3453 καθαρὸν
1458 3381 1569 3453 ἔχει
1604 3381 1724 3453 βίον
1771 3397 1784 3411 ·
1829 3383 1857 3435 6

274 3473 518 3541 τοιοῦτος
553 3472 647 3530 οὖν
694 3476 796 3529 οὑκ
838 3476 1031 3546 ὖψεται
1061 3475 1314 3542 θάνατον,
1365 3475 1425 3529 6v
1454 3476 1503 3528 οἱ
1540 3473 1856 3546 ἁμαρτωλοὶ

281 3568 627 3637 θνήσκουσιν,
661 3569 740 3631 ei;
773 3569 866 3621 τὸν
898 3570 1069 3623 αἰῶνα
1088 3569 1179 3624 τὸν
1209 3568 1471 3640 μέλλοντα
1487 3567 1742 3640 ἀθανάτῳ
1766 3584 1856 3621 κο-

278 3656 431 3710 λάσει
468 3657 914 3727 παραδιδόμενοι,
945 3659 1039 3711 καὶ
1072 3657 1171 3727 τῆς
1216 3658 1384 3721 ὅντως
1433 3657 1577 3729 ζωῆς
1610 3658 1856 3711 ἀποπίπ-

279 3764 486 3810 τοντες.
543 3748 696 3819 ’Ἅμα
747 3748 804 3802 δὲ
851 3750 947 3802 καὶ
991 3749 1288 3801 αἰνίττεται
1326 3748 1533 3811 αὐτοῖς,
1564 3749 1645 3801 ὅτι
1672 3748 1800 3801 Ἐὰν
1830 3748 1858 3800 6

277 3838 369 3889 τὸν
396 3838 558 3907 λόγον
588 3854 690 3908 μου
719 3839 925 3908 τηρῶν,
965 3839 1066 3892 οὐκ
1094 3839 1451 3910 ἀποθνήσκει,
1483 3837 1677 3892 πολλοῦ
1705 3855 1765 3907 γε
1792 3838 1857 3909 δὴ

280 3928 416 3998 ἐγώ.
448 3930 516 3984 Τί
544 3926 638 3984 οὖν
673 3931 1024 4005 φονᾶτενκαθ
1059 3929 1214 4002 ἐμοῦ,
1252 3929 1350 3984 τοῦ
1377 3929 1633 3983 τοσοῦτον
1675 3929 1751 4001 μὴ
1767 3930 1857 3983 δυο

280 4021 515 4092 ναμένου
537 4022 878 4092 κρατηθῆναι
901 4022 1143 4094 θανάτῳ,
1175 4020 1316 4077 ὥστε
1335 4022 1431 4075 καὶ
1450 4021 1634 4086 ἄλλοις
1657 4022 1857 4092 μᾶλλον

280 4112 606 4185 χαρίζεσθαι
652 4113 752 4185 τὴν
786 4113 953 4175 ὅντως
1004 4112 1184 4184 ζωήνς
1232 4115 1294 4167 Oi
1340 4112 1447 4183 γὰρ
1487 4112 1854 4179 πιστεύοντες,

287 4206 391 4259 κᾶν
422 4205 741 4261 ἀποθάνωσι
780 4207 1049 4275 φυσικῶς,
1082 4210 1231 4275 ὅμως
1259 4211 1315 4260 ὲν
1339 4206 1459 4278 Θεῷ
1484 4205 1670 4269 ζῶσιν.
1718 4206 1858 4259 Ἀλλ’

285 4299 334 4351 ei
385 4297 631 4351 Ἰουδαῖοι
680 4297 734 4353 τί
789 4298 929 4369 πρὸς
969 4297 1139 4353 ταῦτά
1182 4315 1348 4368 (past;
1398 4301 1668 4371 Δαιμονᾷν
1696 4299 1856 4353 αὑτὸν

280 4389 505 4455 οἴονται,
531 4386 607 4453 ὡς
634 4388 903 4443 ἀλλόκοτά
928 4407 1048 4444 τινα
1075 4391 1138 4444 ὲκ
1163 4390 1585 4461 φρενοϐλαϐείας
1602 4391 1853 4460 λέγοντα.

279 4481 342 4533 Oi
372 4480 480 4549 γὰρ
518 4482 645 4543 τοὺς
687 4481 879 4549 λόγους
921 4479 1017 4534 τοῦ
1048 4480 1184 4535 Θεοῦ
1229 4484 1618 4553 ὲνωτισάμενοι
1650 4485 1855 4538 ἀπέθα-

1969 617 2247 674 lllciscens
2268 619 2510 687 ilhtm,et
2533 638 2639 675 non
2660 623 2842 683 sinens
2863 641 2956 682 eos
2978 628 3070 696 qui
3089 630 3373 686 homicida:
3387 644 3547 688 erant

1964 725 2028 766 ac
2050 712 2369 779 mendaces,
2400 712 2704 769 Salvatoris
2730 727 2785 772 et
2816 720 3063 777 veritatis
3086 722 3226 781 lilios
3246 724 3541 783 nominari.

1966 803 2072 859 Vos
2099 805 2285 875 igitur,
2311 806 2519 874 inquit,
2552 823 2618 863 eo
2646 811 2787 879 quod
2823 812 3029 869 honoro
3075 812 3289 877 Putrem
3335 832 3542 883 meum.

1962 906 2125 962 quem
2161 908 2256 949 vos
2278 894 2473 964 injuria
2493 896 2728 965 adicitis,
2760 902 2885 954 dum
2907 900 3343 965 faisoallirmutis
3366 909 3541 977 ipsum

1963 999 2086 1039 esse
2134 984 2352 1042 Patrem
2419 1001 2682 1055 vestrum,
2747 1004 3031 1062 propterea
3104 1012 3190 1051 me
3244 1001 3538 1070 ignominia

1963 1074 2336 1144 amcitis;sed
2371 1083 2623 1151 quamvis
2668 1099 2769 1157 ego
2812 1087 3082 1157 meipsum
3140 1107 3245 1145 nou
3301 1095 3541 1158 vindico,

1961 1168 2058 1222 sed
2101 1184 2223 1224 cum
2275 1170 2473 1242 injuria
2503 1175 2729 1243 aﬂitior,
2781 1180 3026 1235 sustineo
3067 1198 3176 1238 :ne
3219 1186 3544 1243 existimetis

1964 1260 2190 1316 inultam
2222 1261 2341 1319 fore
2389 1264 2640 1334 injuriam
2687 1271 2846 1326 hanc.
2892 1273 2987 1329 Est
3021 1276 3166 1330 enim
3221 1276 3402 1346 Pater,
3450 1284 3543 1351 qui

1963 1355 2376 1425 tneulciscitur,
2409 1360 2534 1431 quia
2567 1373 2851 1433 propterea
2885 1368 3081 1436 injuria
3113 1369 3344 1437 aliieior,
3390 1377 3536 1443 quod

1962 1453 2137 1523 ipsum
2182 1456 2434 1524 ulciscor,
2495 1470 2548 1515 et
2587 1478 2692 1517 non
2732 1465 2912 1533 patior
2949 1483 3083 1531 vos,
3110 1470 3200 1537 qui
3261 1486 3353 1526 vos
3396 1471 3544 1529 illius

1963 1545 2101 1601 ﬁlios
2126 1548 2393 1605 asseritis.
2433 1550 2523 1606 Est
2548 1553 2712 1623 igitur
2733 1555 2824 1624 qui
2859 1559 3049 1626 quaerit
3085 1560 3312 1629 gloriam
3343 1577 3540 1627 meam,

1959 1638 2052 1707 qui
2083 1649 2136 1694 et
2167 1650 2345 1711 potest
2371 1642 2638 1711 judicare,
2668 1657 2723 1703 et
2758 1652 3123 1706 condemnare
3164 1668 3279 1721 eos,
3311 1655 3401 1725 qui
3455 1672 3543 1710 me

1960 1728 2157 1800 injuria
2192 1731 2455 1790 alliciunt.
2483 1735 2637 1805 Sa:pe
2670 1739 2814 1793 enim
2858 1742 2981 1810 quis
3013 1745 3209 1811 quterit
3243 1745 3454 1813 ulcisci,
3485 1760 3543 1803 et

1962 1822 2149 1892 llt'quil
2177 1823 2572 1894 ipscjudicare.
2601 1828 2772 1899 Igitur
2799 1829 2957 1887 Pater
2977 1846 3033 1889 et
3057 1839 3252 1904 qttterit
3273 1836 3397 1893 Filii
3424 1839 3543 1910 glo-

1961 1912 2120 1981 riam,
2158 1924 2211 1968 et
2239 1925 2412 1984 potest
2437 1916 2688 1986 juditare
2709 1936 2721 1972 :
2745 1932 3031 1991 propterea
3060 1924 3196 1980 dixit
3225 1942 3239 1979 :
3266 1945 3283 1978 ι
3312 1928 3408 1983 Est
3447 1930 3540 1998 qui

1958 2008 2173 2073 quaerit,
2205 2019 2257 2061 et
2281 2010 2509 2078 judicat.
2536 2029 2556 2064 ο

2033 2098 2195 2155 Vens.
2236 2100 2327 2165 5t,
2357 2102 2446 2157 52.
2480 2121 2499 2156 ι
2542 2105 2733 2169 Amen,
2765 2123 2923 2164 amen
2965 2111 3087 2169 (lico
3134 2113 3306 2178 vobis,
3338 2115 3381 2169 si
3411 2116 3536 2185 quis

1959 2206 2267 2246 sermonem
2297 2209 2475 2247 meum
2507 2199 2829 2263 servaverit,
2869 2212 3095 2257 mortem
3120 2218 3226 2258 non
3252 2206 3455 2261 videbit
3483 2208 3537 2261 in

1938 2293 2250 2344 ,mternum.
2281 2286 2543 2342 Dixerunt
2583 2306 2711 2361 ergo
2742 2293 2816 2347 illi
2849 2292 3057 2351 Judaei:
3096 2296 3247 2352 Nune
3283 2302 3539 2370 cognovi-

1962 2391 2083 2430 mus
2134 2381 2275 2446 quod
2331 2380 2654 2437 daemonium
2710 2384 2930 2442 habeas.
2984 2388 3257 2443 Abraham
3293 2401 3539 2451 mortuus

1958 2477 2063 2532 est,
2095 2476 2150 2523 et
2196 2471 2508 2539 prophetae:
2542 2484 2595 2527 et
2629 2483 2684 2528 ttt
2725 2477 2905 2532 dicis:
2961 2478 3016 2532 Si
3067 2481 3188 2550 quis
3230 2497 3539 2540 sermonem

1958 2573 2136 2613 meum
2189 2563 2510 2628 servaverit,
2559 2581 2664 2619 non
2726 2568 2962 2636 gustabit
3012 2582 3237 2628 mortem
3289 2574 3341 2629 In
3381 2584 3542 2631 mter-

1959 2666 2111 2705 num.
2157 2670 2177 2704 ι
2221 2652 2266 2708 0
2305 2654 2772 2713 misericordiam!
2824 2658 2904 2714 Illi
2934 2662 3154 2731 quidem
3197 2666 3391 2733 injuria
3423 2666 3543 2724 λιιι»

1957 2741 2131 2806 ciunt,
2166 2744 2280 2811 ipse
2306 2754 2487 2798 autem
2522 2748 2874 2816 qutestiouem
2915 2752 2983 2806 de
3011 2751 3177 2823 gloria
3210 2770 3329 2823 sua,
3364 2768 3420 2812 et
3441 2760 3540 2813 de-

1957 2829 2258 2887 fensionem
2307 2833 2450 2890 Patri
2507 2842 2851 2907 permittens,
2899 2845 2965 2897 ad
3012 2844 3435 2904 admonitionem
3485 2859 3540 2905 rt

1956 2923 2257 2979 doctrinam
2318 2929 2569 2993 vertitur,
2619 2930 2970 2987 bettel‘neiens
3029 2936 3135 2998 his,
3187 2938 3280 3004 qui
3342 2938 3538 3007 injuria

1956 3029 2379 3087 persequuntur.
2425 3018 2501 3073 Ita
2538 3034 2752 3090 Oportet
2782 3026 2947 3078 etiam
2991 3040 3091 3080 nos
3130 3027 3314 3083 ulcisci
3352 3031 3539 3085 inimi-

1957 3125 2073 3164 cos.
2124 3109 2261 3177 Quid
2312 3114 2474 3181 igitur
2526 3115 2629 3168 illis
2672 3116 2846 3170 dixit?
2895 3136 2914 3169 ι
2958 3116 3014 3172 Si
3067 3120 3190 3189 quis
3228 3136 3535 3177 sermonem

1960 3220 2137 3257 Ineunt
2172 3205 2429 3267 servabit,
2472 3225 2490 3258 ι
2523 3211 2624 3261 hoc
2654 3216 2760 3273 est,
2792 3210 3065 3267 credendo
3097 3214 3342 3268 simulet
3369 3217 3533 3270 vitam

1958 3297 2117 3350 habet
2152 3312 2341 3367 puram
2376 3316 2391 3353 :
2430 3309 2558 3355 tunc
2587 3301 2731 3354 enim
2766 3302 2889 3371 quis
2919 3317 3042 3359 vere
3072 3314 3219 3360 tenet
3243 3307 3414 3379 628
3438 3308 3537 3364 do-

1956 3389 2186 3440 ett-inani
2244 3386 2480 3454 Domini,
2540 3394 2759 3460 quando
2807 3405 2862 3447 et
2903 3409 3091 3463 puram
3136 3395 3300 3452 habet
3335 3401 3535 3454 vitam:

1961 3480 2086 3533 talis
2139 3480 2303 3548 igitur
2350 3497 2452 3535 non
2506 3484 2712 3540 videbit
2765 3496 3019 3555 mortem,
3071 3502 3176 3558 qua
3224 3499 3538 3559 peccatores

1959 3570 2287 3640 moriuntur,
2321 3582 2378 3627 et
2407 3573 2461 3628 in
2499 3573 2685 3630 futuro
2717 3577 2913 3632 saeculo
2946 3578 3232 3653 immortali
3273 3582 3539 3651 supplicio

1961 3666 2263 3731 traduntur,
2293 3675 2347 3719 et
2375 3682 2501 3721 vera
2537 3668 2643 3723 vita
2693 3670 2974 3723 excidunt.
3007 3669 3231 3742 insuper
3260 3673 3426 3728 etiam
3457 3676 3536 3730 si-

1956 3755 2175 3824 gniﬁcat
2207 3757 2308 3821 eis,
2338 3760 2479 3827 quod
2520 3758 2576 3814 Si
2610 3761 2700 3832 qui
2755 3776 3060 3818 sermonem
3100 3779 3277 3819 meum
3329 3779 3537 3833 servat,

1958 3862 2064 3901 non
2102 3848 2358 3917 moritur,
2400 3864 2605 3922 quanto
2634 3846 2817 3910 minus
2843 3855 2980 3926 ego?
3011 3855 3152 3924 Quid
3185 3858 3348 3930 igitur
3380 3866 3538 3917 saevi-

1958 3941 2025 3996 tis
2057 3951 2244 3997 contra
2272 3942 2392 3999 me?
2432 3960 2459 3997 a
2500 3960 2607 4013 quo
2644 3955 2751 4001 tant
2792 3949 2978 4017 procul
3010 3951 3164 4009 abest
3204 3964 3263 4007 ut
3291 3953 3539 4011 delinear

1957 4052 1985 4090 a
2016 4047 2210 4105 morte,
2248 4048 2304 4091 ut
2333 4050 2385 4094 et
2414 4042 2536 4096 aliis
2569 4044 2739 4113 magis
2767 4023 2955 4100 veram
3014 4048 3295 4103 conferam
3340 4052 3533 4108 vitam.

1960 4125 2094 4182 Nam
2129 4131 2220 4199 qui
2258 4133 2509 4198 credunt,
2551 4138 2800 4203 quamvis
2850 4137 3156 4193 moriantur
3197 4141 3537 4206 naturaliter,

1958 4230 2199 4277 attamen
2234 4218 2303 4277 in'
2325 4222 2434 4281 Deo
2467 4226 2674 4281 vivunt.
2711 4227 2816 4283 Sed
2844 4227 3016 4285 Judaei
3048 4233 3176 4301 quid
3218 4234 3283 4287 ad
3310 4234 3425 4292 haec
3455 4235 3539 4290 di-

1957 4315 2128 4370 cunt?
2169 4315 2446 4373 Da-monio
2495 4322 2670 4389 ipsum
2728 4322 2814 4393 agi
2873 4333 3088 4392 putant,
3154 4325 3296 4394 quod
3356 4326 3536 4383 aliena

1957 4409 2203 4478 quaedam
2236 4409 2390 4475 quasi
2429 4421 2609 4467 mente
2642 4425 2835 4482 captus
2871 4415 3091 4471 diceret.
3128 4414 3259 4469 Nam
3282 4418 3375 4488 qui
3405 4433 3539 4474 δεμ

1960 4517 2148 4558 mones
2212 4504 2303 4558 Dei
2373 4505 2597 4559 auribus
2650 4516 3050 4577 perceperunt,
3113 4511 3311 4564 mortui
3369 4522 3536 4578 sunt,

283 4588 395 4636 νον,
425 4572 684 4643 ’Δϐραὰμ
734 4575 830 4627 καὶ
875 4575 924 4627 οἱ
977 4575 1275 4646 προφῆται,
1327 4577 1422 4629 καὶ
1467 4578 1516 4630 οί
1570 4578 1697 4641 τοὺς
1729 4578 1853 4640 σοὺς

1959 4594 2230 4650 Abraham
2261 4609 2311 4652 et
2345 4572 2723 4668 propltetaepet
2748 4572 2838 4670 qui
2890 4609 3010 4656 tuos
3065 4603 3392 4671 auscultant,
3427 4620 3537 4662 non

280 4667 684 4739 ἑνωτιζόμενοι,
736 4669 797 4722 οὐ
855 4667 1184 4736 θανοῦνται;
1245 4669 1453 4733 Ὄντως
1490 4670 1606 4736 νῦν,
1668 4675 1852 4740 φασὶν,

279 4758 602 4830 ἐγνώκαμεν
670 4759 1246 4832 πεπληροφορημένως
1305 4760 1403 4814 καὶ
1457 4761 1711 4833 βεϐαίως,
1773 4765 1856 4817 ὅτι

277 4851 558 4923 δαιμονᾷς,
603 4848 831 4906 τοιαῦτα
864 4852 1058 4921 λέγων.

361 4964 379 4997 ι
417 4946 511 5014 Μὴ
558 4945 621 4998 σὺ
664 4943 867 5016 μείζων
899 4940 951 4999 εἴ
1000 4945 1095 4999 τοῦ
1141 4945 1349 5016 πατρὸς
1377 4945 1539 5017 ἡμῶν
1570 4946 1852 5019 Ἀϐραὰμ,

279 5038 425 5100 ὅστις
471 5036 755 5105 ἀπέθανε,
805 5038 901 5091 καὶ
951 5039 1001 5092 οἱ
1052 5039 1332 5109 προφῆται
1367 5039 1673 5107 ἀπέθανον;
1722 5040 1857 5093 Τίνα

281 5128 506 5181 σεαυτὸν
557 5133 765 5200 «male;
819 5128 1123 5200 Ἀπεκρίθη
1175 5131 1204 5182 6
1258 5129 1503 5200 Ἰησοῦς·
1564 5131 1691 5185 Ἐὰν
1746 5131 1857 5199 ἐγὼ

279 5220 487 5287 δοξάζω
532 5221 790 5292 ἐμαυτὸν,
837 5223 871 5293 ἡ
919 5221 1049 5289 δόξα
1099 5239 1200 5292 μου
1257 5222 1409 5275 οὐδέν
1457 5223 1625 5276 ἐστιν.
1670 5222 1856 5274 Ἔστιν

278 5316 307 5367 6
334 5312 524 5383 Πατήρ
567 5329 668 5383 μου
733 5314 761 5366 6
800 5311 1038 5378 δοξάζων
1095 5329 1185 5384 με,
1221 5313 1278 5366 6v
1333 5315 1491 5384 ὑμεῖς
1538 5313 1746 5381 λέγετε,
1774 5314 1857 5367 ὅτι

281 5406 413 5471 Θεὸς
464 5405 618 5477 ὑμῶν
652 5408 787 5472 ἐστι,
826 5409 919 5460 καὶ
964 5406 1064 5459 οὐκ
1106 5407 1381 5477 ἐγνώκατε
1414 5404 1578 5462 αὑτόν
1609 5421 1626 5437 ·
1656 5406 1764 5475 ἐγὼ
1800 5405 1857 5459 δὲ

279 5495 397 5553 οἶδα
448 5498 631 5566 αὐτὸν,
692 5500 786 5553 καὶ⁵
831 5499 927 5553 ἐὰν
973 5500 1114 5553 εἴπω
1142 5538 1159 5564 ,
1218 5499 1300 5553 ὃτι
1344 5501 1445 5553 οὑκ
1507 5495 1624 5553 οῖδα
1671 5499 1853 5567 αὑτὸν,

279 5593 471 5662 ἔσομαι
534 5593 720 5663 ὅμοιος
784 5593 913 5664 ὑμῖν
979 5592 1249 5664 ψεύστης·
1330 5593 1445 5647 ἀλλ’
1501 5586 1619 5648 οῖδα
1670 5594 1854 5660 αὑτὸν,

280 5686 373 5737 καὶ
400 5687 491 5737 τὸν
527 5668 691 5754 λόγον
717 5686 883 5740 αὑτοῦ
915 5687 1085 5758 τηρῶ.
1131 5707 1150 5739 ι
1183 5687 1275 5759 Μὴ
1310 5687 1580 5752 συνιέντες
1614 5690 1663 5742 0i
1695 5687 1859 5742 ἀσύν-

282 5792 395 5829 ετοι
447 5780 599 5831 ποῖον
632 5779 865 5833 θάνατον
918 5781 947 5834 6
996 5779 1200 5851 Κύριος
1247 5781 1402 5849 ἔλεγε
1453 5783 1528 5852 μὴ
1585 5781 1855 5836 ἅπτεσθαι

280 5869 390 5922 τῶν
439 5873 519 5936 εἰς
552 5871 714 5928 αὑτὸν
746 5874 1148 5943 πιστευόντων,
1197 5876 1531 5947 φθέγγονται
1576 5878 1714 5949 πρὸς
1758 5880 1857 5935 αὑ-

1958 4688 2303 4744 morientur?
2331 4690 2583 4746 Profecto
2614 4707 2776 4757 nunc,
2812 4693 2981 4760 aiunt,
3006 4696 3358 4767 eugnovimus
3392 4697 3536 4752 tnui-

1960 4777 2027 4832 tis
2072 4788 2126 4833 et
2178 4779 2415 4848 copiosis
2465 4782 2801 4852 argumentis
2864 4785 3007 4852 quod
3049 4783 3331 4842 daemoniis
3379 4797 3536 4845 actus

1956 4870 2072 4926 hare
2109 4872 2258 4928 dicas
2284 4912 2298 4926 .

2032 4960 2197 5017 Vens.
2222 4961 2417 5018 53-55.
2457 4981 2477 5016 ι
2515 4962 2767 5033 Nunquid
2797 4975 2850 5019 ttt
2882 4967 3057 5039 major
3079 4983 3140 5023 es
3172 4979 3325 5038 patre
3349 4979 3537 5024 nostro

1955 5053 2251 5119 Abraham,
2294 5054 2384 5123 qui
2446 5063 2694 5110 mortuus
2742 5064 2846 5122 est,
2905 5066 2961 5110 et
3015 5059 3291 5126 prophetae
3335 5059 3531 5113 mortui

1956 5145 2123 5203 sunt?
2161 5144 2331 5212 Quem
2367 5155 2420 5200 tu
2460 5147 2685 5218 lcipsum
2709 5146 2881 5203 facis?
2914 5148 3208 5220 Respondit
3244 5147 3403 5204 Jesus
3431 5170 3445 5205 :
3474 5148 3531 5205 Si

1956 5253 2054 5309 ego
2085 5237 2328 5307 gloriﬁeo
2372 5238 2660 5309 meipsum,
2713 5239 2882 5312 gloria
2935 5256 3054 5296 mea
3098 5241 3231 5296 nihil
3281 5252 3385 5297 est.
3437 5242 3536 5299 Est

1960 5328 2119 5384 Pater
2146 5344 2300 5384 meus
2323 5330 2411 5399 qui
2436 5329 2704 5401 gloriﬁcal
2730 5346 2834 5396 me,
2856 5346 3013 5399 quem
3040 5346 3137 5387 vos
3161 5331 3343 5387 dicitis
3365 5332 3534 5387 Deum

1958 5429 2197 5476 vestrum
2227 5436 2369 5484 esse,
2404 5431 2459 5476 et
2501 5430 2684 5478 tamen
2734 5438 2841 5478 non
2890 5424 3222 5496 coguovistis
3244 5439 3400 5482 eum:
3434 5441 3537 5498 ego

1958 5524 2138 5569 autem
2196 5514 2318 5569 novi
2353 5529 2502 5580 eum,
2550 5524 2604 5569 et
2651 5515 2697 5571 si
2732 5516 2920 5573 dixero
2947 5515 3092 5586 quod
3141 5533 3246 5572 non
3293 5520 3533 5572 noverim

1957 5620 2103 5671 eum,
2151 5619 2246 5662 ero
2286 5607 2480 5663 similis
2509 5607 2661 5663 vobis
2707 5608 2978 5663 mendax:
3019 5609 3111 5664 sed
3142 5610 3261 5664 novi
3307 5625 3452 5675 eum,
3480 5618 3537 5664 et

1958 5711 2267 5752 sermonem
2301 5696 2419 5766 ejus
2469 5712 2651 5754 servo.
2697 5717 2716 5751 ι
2763 5698 3086 5769 lnsipientes
3138 5699 3213 5753 illi
3267 5716 3389 5754 cum
3425 5694 3545 5755 non

1958 5786 2324 5856 intelligerent
2351 5788 2433 5857 .de
2474 5804 2578 5859 qua
2627 5800 2802 5845 morte
2834 5789 3095 5846 Dominus
3140 5790 3369 5860 diceret,
3409 5805 3533 5862 quas

1958 5877 2248 5937 credentes
2280 5880 2333 5935 in
2382 5893 2442 5936 se
2503 5879 2699 5935 laesura
2739 5896 2843 5938 non
2909 5892 3076 5950 esset,
3109 5882 3406 5951 loquuntur
3461 5870 3531 5934 ad

3628 436 3641 469 ί
3726 412 3733 420 .
