4060 6592
455 416 529 483 35
1375 415 1957 478 THEOPIIYLA‘CTI
2000 415 2406 477 BULGARUE
2450 415 2808 478 ARCHIEP.
3625 418 3694 479 εδ

453 548 578 589 eum
633 530 950 588 stultissima
983 530 1229 604 quaedam
1267 538 1323 584 ct
1365 530 1812 601 iusipientissima
1841 534 2024 589 verba.

2133 533 2226 585 τὸν
2279 530 2540 600 ἀλόγιστά
2602 546 2726 583 τινα
2778 529 2872 583 καὶ
2913 529 3136 601 ἀνόητα.
3209 528 3352 599 Ὅρα
3419 529 3528 601 γὰρ
3586 532 3703 595 πῶς

457 624 592 679 Vide
617 625 761 679 enim
792 626 1063 694 quomodo
1106 622 1431 694 respondent
1460 639 1474 676 :
1528 641 1548 674 ι
1586 623 1720 676 Num
1756 636 1810 678 tu
1856 625 2029 695 major

456 732 515 770 es
545 724 695 785 patre
728 725 913 770 nostro
941 714 1252 768 Abraham?
1286 731 1306 765 ι
1359 713 1424 767 Ει
1466 716 1651 781 utique
1694 717 1772 769 sic
1808 726 2031 785 oporte»

458 807 552 860 bat
592 807 794 871 dicere,
827 805 967 860 Num
1002 816 1055 860 tu
1092 809 1267 875 major
1292 822 1349 860 es
1386 804 1532 859 Deo?
1569 804 1629 858 Ili
1661 820 1912 859 sermone
1935 804 2026 858 Dei

455 900 643 954 audito
667 900 1050 954 mortuisunt:
1090 911 1142 954 et
1168 900 1260 968 qui
1304 909 1453 952 tuum
1485 896 1729 959 audiunt,
1770 912 1873 950 non
1916 913 2031 950 ιηο-

458 990 710 1044 riuutur?
748 990 844 1044 sed
901 1004 1009 1045 non
1056 990 1168 1044 sic:
1211 1000 1264 1045 et
1316 990 1445 1060 quid
1498 988 1719 1043 dicunt?
1776 986 2029 1041 Veientes

455 1094 576 1132 eum
607 1079 895 1134 ostendere
933 1088 988 1133 et
1016 1075 1327 1132 Ahrahamo
1371 1077 1674 1130 minorem:
1714 1093 1732 1125 ι
1783 1072 1921 1127 Num
1973 1083 2027 1126 ιιι

459 1171 629 1239 rnajor
662 1185 743 1235 es,
771 1170 942 1235 aiunt,
973 1179 1123 1238 patre
1166 1178 1350 1224 nostro
1387 1166 1700 1221 Abraham?
1732 1186 1750 1218 ι
1784 1164 1901 1229 ipse
1929 1181 2042 1218 au--

457 1273 563 1315 tem
597 1262 857 1315 Dominus
881 1278 983 1314 non
1017 1261 1222 1315 revelat
1250 1260 1331 1314 eis
1355 1260 1419 1311 de
1450 1274 1556 1328 qua
1583 1266 1755 1313 morte
1786 1257 2025 1313 dixerit:

454 1356 597 1423 quod
645 1363 826 1408 autem
862 1355 1171 1407 Abrahamo
1221 1353 1590 1421 prwstantior.
1619 1350 1711 1415 sit,
1744 1350 2031 1416 persuadet

455 1462 551 1500 eos
580 1444 738 1514 paulo
773 1454 913 1514 post.
942 1444 1008 1500 At
1043 1445 1187 1514 quod
1210 1444 1394 1497 dil'lllll
1424 1460 1436 1496 :
1472 1461 1488 1492 ι
1518 1441 1688 1508 Quem
1712 1449 1768 1494 tu
1803 1439 2029 1508 teipsum

455 1536 625 1593 locis?
650 1556 668 1590 ι
699 1536 1087 1591 contumeliose
1105 1538 1292 1590 dicunt
1314 1556 1327 1589 :
1351 1536 1430 1589 Tu
1449 1537 1534 1601 qui
1551 1534 1749 1587 nullius
1774 1532 2027 1586 momenti

454 1645 535 1692 es,
568 1629 663 1698 qui
697 1629 833 1682 labri
878 1627 1038 1693 (ilius,
1073 1628 1166 1696 qui
1196 1644 1259 1680 ex
1284 1627 1523 1693 Galilaea,
1569 1645 1588 1678 ι
1615 1640 1771 1693 quem
1800 1624 2028 1693 teipsqu

456 1719 626 1774 lacis?
661 1738 680 1770 ι
717 1716 832 1771 Νυιι
855 1734 1040 1788 opera,
1073 1733 1248 1784 neque
1282 1717 1502 1780 veritas,
1525 1730 1695 1785 neque
1731 1714 2030 1783 Scriptura,

453 1813 547 1865 sed
581 1822 658 1873 tu,
724 1830 742 1862 ι
779 1826 936 1880 quem
990 1811 1217 1877 teipsum
1259 1807 1432 1862 facis?
1467 1826 1486 1859 ι
1529 1808 1673 1875 rapis
1724 1806 1867 1860 enim
1914 1803 2034 1874 glo-

456 1901 614 1953 riam.
656 1904 727 1954 At
773 1900 1067 1955 Dominus:
1122 1917 1141 1949 ι
1184 1899 1240 1951 Si
1301 1913 1400 1966 ego
1448 1898 1691 1966 glorillco
1739 1899 2024 1963 mcipsum,
2057 1881 2105 1941 Β

457 1991 624 2060 gloria
654 2006 770 2045 mea
807 1990 939 2044 nihil
979 1998 1083 2056 est,
1125 2008 1144 2041 ι
1184 1990 1327 2044 sicut
1357 2004 1451 2042 vos
1485 1988 1725 2057 putatis:
1758 2001 1902 2040 nunc
1931 2001 2028 2040 au-

454 2093 563 2137 tem
589 2092 674 2137 est
704 2082 841 2136 alius
869 2082 962 2151 qui
1008 2081 1280 2152 gloriﬁcat
1313 2098 1418 2143 me,
1453 2080 1614 2134 Pater
1648 2094 1817 2132 meus.
1851 2078 2028 2133 Glori-

458 2173 583 2227 licat
617 2174 760 2226 enim
798 2173 967 2240 ipsum
1017 2189 1253 2241 semper,
1299 2182 1459 2241 atque
1505 2170 1556 2224 id
1592 2186 1687 2239 per
1718 2169 2027 2239 prophetias

454 2262 521 2317 de
551 2262 668 2327 illo,
701 2273 755 2317 et
785 2277 879 2331 per
921 2263 1224 2317 testimOnia
1253 2264 1317 2315 de
1338 2264 1514 2327 cwlis,
1548 2274 1599 2316 ct
1622 2278 1716 2330 per
1740 2262 2024 2315 innumera

453 2363 507 2407 et
534 2354 800 2408 immensa
829 2354 1109 2407 miracula.
1137 2351 1294 2407 llum:
1336 2367 1513 2405 autem
1540 2368 1637 2407 vos
1669 2350 1905 2416 Patrem,
1938 2350 2025 2403 in-

454 2445 592 2514 quit,
630 2445 809 2499 dicitis
857 2446 997 2515 quod
1048 2448 1117 2498 stt
1178 2446 1315 2499 Deus
1344 2456 1544 2498 vester.
1601 2442 1705 2498 Sed
1750 2458 1921 2512 neque
1967 2450 2023 2495 ut

455 2553 633 2593 meum
678 2536 891 2591 Patrem
948 2537 1126 2604 ipsum
1178 2536 1494 2604 agnoscitis,
1536 2551 1710 2603 neque
1757 2544 1815 2587 ut
1856 2534 2024 2587 Deum

456 2643 721 2684 vestrum.
764 2627 899 2682 Nam
933 2630 979 2681 si
1025 2640 1085 2683 ut
1117 2628 1327 2681 Patrem
1381 2643 1556 2681 meum
1588 2627 1738 2679 illum
1769 2640 2022 2695 agnosce-

459 2721 613 2785 retis,
646 2722 850 2774 honore
885 2721 1068 2788 utique
1111 2719 1304 2773 Filium
1342 2720 1459 2790 ejus
1510 2717 1975 2789 prosequeremini
2004 2733 2021 2772 :

461 2825 608 2865 nunc
632 2820 812 2865 autem
858 2812 981 2864 dum
1042 2810 1233 2864 Filium
1280 2826 1384 2862 non
1429 2809 1628 2874 colitis,
1683 2808 2024 2863 manifestum

458 2899 603 2965 quod
636 2912 740 2950 non
774 2897 1102 2964 cognoscitis
1148 2898 1295 2952 illum
1337 2909 1393 2952 ut
1427 2897 1640 2952 Patrem
1688 2914 1886 2952 meum.
1921 2897 2024 2953 Sed

459 3004 634 3059 neque
665 2999 721 3044 ut
752 2990 917 3045 Deum
952 2988 1118 3060 629
1142 2990 1471 3059 cogitascitis
1499 2990 1644 3042 illum
1672 3007 1687 3057 ;
1724 2990 1924 3060 alioqui
1957 2996 2026 3043 ti-

457 3083 681 3136 meretis
710 3098 988 3137 sermones
1012 3082 1133 3152 ejus
1165 3093 1221 3136 ut
1264 3082 1402 3136 Dei:
1453 3098 1596 3138 nunc
1633 3094 1811 3136 autent
1857 3098 2026 3153 usque

456 3174 591 3227 adeo
654 3175 1001 3229 contenmitis
1062 3192 1208 3242 eum,
1262 3186 1318 3229 ut
1365 3190 1486 3229 cum
1530 3176 1617 3229 ille
1673 3176 2019 3245 praaceperit,

464 3282 484 3317 ι
521 3264 598 3320 Ne
627 3268 845 3321 occidas
895 3269 962 3331 ",
1001 3286 1021 3320 ›
1058 3284 1148 3321 vos
1182 3269 1511 3323 meditemini
1553 3278 1779 3322 mortem
1827 3284 2023 3332 meam,
2052 3240 2094 3297 δ

457 3360 616 3429 idque
646 3374 767 3413 cum
804 3376 907 3414 non
944 3361 1161 3428 possitis
1192 3375 1278 3414 me
1320 3376 1545 3428 arguere
1575 3361 1641 3415 de
1669 3369 1908 3428 peccato.
1948 3360 2025 3415 Ex

458 3448 545 3503 his
591 3448 755 3516 igitur
804 3448 1146 3503 manifestum
1179 3450 1320 3520 quod
1368 3466 1491 3504 eum
1544 3452 1717 3505 modis
1775 3450 2030 3505 omnibus

458 3538 741 3609 ignoretis.
782 3540 893 3608 Ego
941 3557 1070 3596 vero
1116 3544 1229 3597 scio
1264 3559 1387 3597 cum
1427 3544 1768 3607 naturaliter,
1814 3558 2026 3598 omnem

456 3630 573 3700 ejus
609 3631 855 3684 notitiam
903 3631 1126 3688 habens.
1178 3632 1364 3697 Qualis
1404 3634 1545 3687 enim
1591 3650 1709 3689 sum
1750 3650 1869 3703 ego,
1910 3635 2029 3688 talis

455 3730 505 3770 et
540 3717 727 3773 Pater.
762 3719 931 3790 igitur
953 3721 1076 3789 quia
1126 3721 1241 3776 scio
1276 3725 1562 3791 meipsum,
1602 3735 1656 3779 et
1706 3725 1852 3777 ἱΙΙιιιιι
1887 3726 2025 3778 scio.

462 3827 482 3861 ι
522 3807 577 3862 Si
603 3818 782 3864 autem
815 3811 1003 3865 dixero
1055 3814 1194 3880 quod
1244 3814 1479 3868 nesciam
1522 3830 1663 3878 cum,
1705 3832 1799 3871 ero
1835 3817 2028 3870 similis

456 3893 611 3947 vobis
642 3896 894 3950 mendax.
932 3915 950 3947 ι
988 3898 1120 3951 Nam
1157 3915 1251 3953 vos
1277 3903 1492 3969 quidem
1536 3919 1630 3971 per
1659 3907 2027 3973 arrogantiam

457 3981 686 4035 dicendo
731 3982 876 4053 quod
920 4000 1041 4038 cum
1083 3989 1287 4054 sciatis,
1336 3991 1675 4046 mentimini:
1728 3996 1877 4063 atqui
1929 4012 2028 4063 ego

456 4088 579 4125 cum
616 4074 781 4127 sciam
812 4090 955 4140 etim,
984 4077 1027 4131 si
1062 4079 1250 4133 dixero
1280 4097 1364 4134 me
1390 4083 1618 4147 nescire,
1651 4088 1858 4154 negabo
1891 4088 2031 4140 reri-

462 4172 649 4218 tatem.
681 4163 852 4231 Quam
886 4167 1048 4236 igitur
1079 4170 1443 4239 coajecturam
1492 4173 1653 4228 allers
1698 4178 1841 4244 quod
1887 4179 2028 4232 scias

456 4255 623 4310 eum?
646 4256 812 4332 Quia,
835 4259 1028 4327 inquit,
1048 4274 1352 4315 sermonem
1384 4264 1496 4333 ejus
1516 4280 1672 4320 servo
1692 4283 1703 4318 :
1726 4281 2026 4322 sermonem

458 4344 704 4399 vocando
755 4350 1031 4404 mandata.
1085 4348 1269 4418 Neque
1323 4355 1464 4405 enim
1505 4356 1851 4411 adrersarius
1906 4374 2026 4413 smn

462 4435 578 4501 illi,
628 4454 801 4507 neque
860 4440 1202 4498 adversarius
1255 4442 1367 4499 Deo
1424 4461 1742 4519 arroganter
1811 4452 2023 4520 loquor,

461 4544 637 4598 neque
668 4533 918 4585 mandata
953 4534 1069 4603 ejus
1099 4536 1268 4591 Solro.
1304 4536 1408 4590 Vos
1434 4551 1614 4593 autem
1657 4542 1779 4609 quia
1816 4559 2025 4598 sermo-
2057 4576 2100 4631 ο

460 4636 585 4672 num
614 4618 730 4689 ejus
771 4632 1203 4693 transgressores
1236 4630 1389 4693 estis,
1424 4634 1674 4702 captique
1707 4635 1858 4688 malis
1896 4652 2024 4690 coo-

458 4712 810 4781 cupiscentiis
834 4718 1292 4787 constringimini,
1328 4730 1382 4774 ct
1420 4726 1592 4778 aedes
1620 4725 1801 4790 sititis,
1841 4738 1892 4781 ct
1920 4731 2020 4783 alia

459 4801 623 4854 multa
670 4804 786 4869 lege
834 4805 1119 4862 interdicta
1182 4814 1610 4880 concupiscendo
1657 4816 1857 4882 facitis,
1912 4836 2025 4873 ma—

461 4891 655 4948 nifeste
684 4894 973 4952 declaratis
1005 4914 1097 4955 vos
1128 4901 1373 4970 ignorare
1397 4905 1566 4958 illum.
1601 4905 1735 4960 Nam
1766 4912 1808 4963 si
1832 4926 2026 4980 cogno-

457 4985 692 5049 vissetis,
744 4993 1033 5045 servaretis
1087 4996 1271 5063 utique
1320 5011 1620 5051 sermonem
1672 4999 1808 5067 ejus,
1848 5003 1899 5056 id
1936 5015 2021 5057 est

459 5083 730 5137 tnandata.
768 5085 997 5151 Quidam
1054 5098 1230 5143 autem
1269 5093 1344 5146 sic
1396 5094 1735 5164 intelligunt:
1785 5117 1803 5148 ι
1855 5099 2023 5154 Servo

457 5189 759 5229 sermonem
796 5180 931 5247 ejus,
972 5199 994 5232 ο
1034 5181 1081 5234 id
1130 5195 1210 5236 est
1251 5197 1532 5254 propterea
1574 5190 1689 5243 scio
1722 5206 1865 5256 eum,
1900 5192 2021 5260 quia

458 5266 632 5323 habeo
672 5269 722 5322 in
772 5270 976 5341 nieipso
1032 5276 1293 5329 tationem
1324 5278 1572 5333 essentiac
1617 5280 1734 5350 ejus
1765 5282 1839 5336 nil
1872 5282 2025 5335 dilIe-

455 5369 686 5429 rcntem,
724 5362 773 5416 id
809 5374 892 5418 est
932 5365 1336 5424 deﬁnitionem:
1380 5377 1433 5424 et
1462 5372 1648 5427 eadem
1686 5384 1875 5428 natura
1911 5390 2026 5429 ser-

455 5463 694 5515 moneni,
736 5467 890 5521 quem
921 5454 1083 5509 Pater
1118 5459 1296 5521 habet,
1331 5460 1472 5514 lnmc
1506 5476 1605 5532 ego
1631 5478 1933 5517 sermonem
1969 5464 2021 5518 in

456 5540 604 5593 nullo
661 5544 920 5598 minorem
985 5555 1040 5601 et
1096 5547 1210 5618 ipse
1268 5550 1491 5620 habeo;
1537 5570 1659 5607 nam
1715 5554 1901 5609 eadem
1942 5567 2026 5609 est

456 5640 649 5687 natura
683 5643 735 5688 et
764 5636 903 5691 idem
934 5650 1116 5694 sermo
1143 5641 1458 5698 substantia:
1490 5645 1630 5699 Patri
1678 5656 1731 5700 et
1777 5645 1944 5699 Filio:
1974 5656 2025 5700 et

522 5827 570 5863 ³³
609 5827 781 5887 Exod.
840 5835 1064 5905 11,15;
1106 5836 1259 5892 Deut.
1305 5856 1354 5906 ν,
1394 5840 1473 5894 ιιι.

2137 622 2557 693 ἀποκρίνονται·
2590 640 2610 672 ι
2644 621 2736 691 Μὴ
2778 622 2842 674 σὺ
2877 621 3081 691 μείζων
3112 617 3164 673 εἴ
3187 619 3278 674 τοῦ
3312 621 3515 691 πατρὸς
3544 621 3704 692 ἡμῶν

2154 714 2442 785 Ἀὖραὰμς
2479 733 2498 765 ι
2535 715 2647 767 Καὶ
2675 714 2780 784 μὴν
2800 714 2971 777 οὕτως
3001 713 3107 765 ἔδει
3136 714 3333 777 αὐτοὺς
3363 714 3540 766 εἰπεῖν
3566 729 3581 744 ·
3611 715 3705 785 Μὴ

2138 808 2203 858 σὺ
2256 803 2460 876 μείζων
2514 801 2567 857 εἴ
2606 804 2701 858 τοῦ
2764 805 2932 870 Θεοῦ;
2974 805 3038 857 Oi
3085 806 3175 858 τὸν
3228 804 3384 872 λόγον
3425 803 3522 858 τοῦ
3571 803 3708 860 Θεοῦ

2137 898 2495 962 ἀκούσαντες,
2543 896 2851 951 ἀπέθανονο
2903 896 2995 949 καὶ
3045 896 3097 948 οί
3146 895 3238 948 τὸν
3274 896 3365 949 σὸν
3395 895 3708 962 ἀκούοντες,

2139 988 2238 1041 οὐκ
2263 987 2696 1053 ἀποθανοῦνται;
2737 987 2882 1040 Ἀλλ’
2927 988 3024 1057 οὐχ
3049 987 3243 1051 οὕτως,
3276 987 3412 1039 ἀλλὰ
3449 988 3503 1041 τί
3541 1005 3707 1057 φασι;

2136 1078 2459 1146 Πουλόμενοι
2490 1076 2658 1142 δεῖξαι
2700 1078 2861 1131 αὑτὸν
2887 1076 2984 1130 καὶ
3015 1077 3110 1128 τοῦ
3141 1076 3396 1147 Ἀϐραὰμ
3427 1077 3709 1143 ἐλάττονα,

2142 1169 2278 1239 «Μὴ
2335 1171 2400 1223 σὺ
2454 1168 2657 1240 μείζων
2707 1164 2777 1231 εἴ,
2836 1168 3076 1236 λέγουσι,
3139 1167 3236 1221 τοῦ
3293 1168 3500 1239 πατρὸς
3551 1169 3709 1239 ἡμῶν

2136 1261 2425 1333 Ἀδραάμ;
2469 1280 2488 1312 ι
2531 1261 2704 1324 Αὐτὸς
2738 1261 2792 1313 δὲ
2818 1262 2848 1314 ὁ
2882 1261 3109 1331 Κύριος,
3136 1261 3265 1331 περὶ
3298 1258 3398 1330 μὲν
3426 1259 3582 1312 ποίου
3611 1259 3709 1312 θα-

2136 1355 2294 1408 νάνου
2329 1353 2577 1423 εἴρηκεν,
2600 1354 2702 1406 οὐκ
2733 1352 3108 1407 ἀποκαλύπτει
3146 1354 3332 1415 αὐτοῖς
3358 1367 3374 1383 ·
3402 1352 3484 1405 ὅτι
3524 1350 3582 1404 δὲ
3610 1350 3705 1403 τοῦ

2138 1445 2393 1515 Ἀϐραὰμ
2434 1444 2699 1515 κρείττων
2731 1445 2869 1508 ἐστὶ,
2904 1444 3082 1497 πείθει
3112 1443 3311 1506 αὐτοὺς
3350 1442 3543 1515 μικρὸν
3574 1442 3708 1495 ὐπο-

2136 1534 2360 1591 κατιών.
2394 1536 2467 1590 Τὸ
2495 1534 2573 1597 δὲ,
2620 1554 2638 1586 ι
2690 1535 2825 1589 Τίνα
2863 1534 2927 1587 σὺ
2962 1534 3186 1589 σεαυτὸν
3232 1537 3446 1601 ποιεῖς;
3495 1551 3516 1585 ι
3557 1534 3710 1604 ὑϐρι-

2138 1629 2339 1692 στικῶς
2369 1627 2623 1696 λέγουσι·
2676 1628 2747 1681 Σὺ
2789 1629 2817 1681 6
2858 1627 3087 1698 μηδενὸς
3132 1627 3282 1694 ἄξιος
3323 1626 3507 1695 λόγου,
3548 1627 3579 1679 ὁ
3611 1625 3707 1679 τοῦ

2134 1720 2387 1785 τέκτονος
2454 1720 2591 1783 υίὸς,
2652 1720 2682 1771 ὁ
2736 1720 2800 1772 ἐκ
2864 1718 3174 1784 Γαλιλαίας,
3230 1737 3253 1771 ι
3320 1719 3442 1772 τίνα
3482 1718 3708 1772 σεαυτὸν

2138 1814 2341 1879 ποιεῖς;
2376 1829 2396 1865 ι
2435 1812 2509 1866 Ob
2542 1810 2611 1864 τὰ
2635 1810 2794 1880 ἔργα,
2821 1810 2944 1865 οὐδὲ
2975 1812 3007 1882 ἡ
3046 1810 3297 1881 ἀλήθεια,
3327 1810 3451 1864 οὐδὲ
3479 1810 3538 1864 ai
3564 1810 3706 1878 Γρα-

2134 1903 2270 1972 (gat,
2314 1902 2469 1968 ἀλλὰ,
2512 1920 2531 1953 ι
2587 1901 2652 1955 σὺ
2684 1902 2805 1956 τίνα
2854 1904 3028 1967 ποιεῖς
3072 1902 3326 1970 σεαυτ6ν;
3373 1921 3392 1954 ι
3437 1901 3707 1974 ἁρπάζεις

2133 1994 2242 2064 γὰρ
2270 1994 2371 2064 τὴν
2398 1992 2690 2058 δόξαν..⁹0
2727 1992 2783 2045 δὲ
2830 1992 3034 2063 Κύριος
3060 2009 3075 2024 ·
3121 2012 3140 2045 ι
3195 1993 3320 2046 Ἐὰν
3355 1991 3465 2062 ἐγὼ
3498 1990 3708 2056 δοξάζω

2133 2088 2396 2156 ἐμαυτὸν,
2426 2088 2460 2157 ἡ
2497 2084 2626 2150 δόξα
2679 2102 2785 2155 μου
2832 2084 2987 2138 οὐδέν
3023 2087 3193 2148 ἐστιν,
3244 2104 3263 2137 ι
3298 2085 3374 2150 ὡς
3420 2086 3578 2156 ὑμεῖς
3620 2083 3706 2138 60-

2134 2178 2281 2229 κείτε
2309 2194 2320 2207 ·
2356 2174 2451 2229 νῦν
2493 2174 2549 2228 δὲ
2597 2174 2746 2227 ἔστιν
2795 2173 2950 2237 ἄλλος
3000 2176 3028 2227 ὁ
3055 2172 3291 2238 δοξάζων
3325 2190 3412 2243 με,
3449 2175 3477 2226 ὁ
3519 2170 3706 2240 Πατήρ

2142 2282 2262 2336 μου.
2306 2263 2555 2328 Ἑδόξαζε
2598 2266 2704 2337 γὰρ
2736 2265 2897 2319 αὑτὸν
2922 2265 3009 2318 διὰ
3039 2265 3257 2328 παντὸς,
3284 2264 3443 2318 τοῦτο
3468 2264 3567 2334 μὲν
3605 2263 3696 2317 διὰ

2135 2354 2243 2408 τῶν
2269 2354 2398 2424 περὶ
2421 2354 2587 2407 αὑτοῦ
2613 2355 2984 2425 προφητειῶν,
3014 2355 3174 2407 τοῦτο
3197 2354 3254 2408 δὲ
3294 2356 3387 2409 καὶ
3403 2353 3491 2406 διὰ
3520 2352 3618 2423 τῆς
3646 2351 3705 2417 ἐξ

2131 2446 2377 2516 οὐρανῶν
2420 2446 2747 2515 μαρτυρίας,
2780 2445 2937 2498 τοῦτο
2970 2446 3026 2498 δὲ
3065 2444 3152 2498 διὰ
3194 2444 3302 2498 τῶν
3356 2443 3564 2515 μυρίων
3610 2445 3705 2496 καὶ

2133 2538 2380 2609 ἀπείρων
2415 2537 2732 2605 θαυμάτων.
2783 2537 2983 2590 Τοῦτον
3021 2537 3078 2591 δὲ
3124 2537 3216 2590 τὸν
3259 2538 3479 2604 Πατέρα
3523 2536 3702 2604 ὑμεῖς,

2136 2628 2293 2697 φησὶ,
2347 2626 2555 2694 λέγετε,
2602 2628 2680 2681 ὅτι
2722 2626 2853 2688 Θεὸς
2898 2627 3049 2696 ὑμῶν
3088 2627 3271 2679 ἐστιν’
3317 2625 3431 2679 ἀλλ’
3467 2623 3590 2683 οὔτε
3628 2623 3704 2687 ὡς

2132 2718 2351 2787 Πατέρα
2371 2718 3115 2788 ἐμὸνζαὺτὸνςὲπιγινὼσκετε,
3135 2716 3257 2770 οὔτε
3273 2716 3349 2779 ὡς
3367 2716 3497 2769 Θεὸν
3521 2714 3699 2784 ὑμῶν,

2138 2809 2200 2862 Εἰ
2233 2809 2343 2879 γὰρ
2391 2808 2466 2871 ὡς
2501 2809 2722 2877 Πατέρα
2769 2809 2903 2875 ἐμὸν
2936 2808 3100 2861 αὑτὸν
3126 2806 3547 2875 ἐπεγινώσκετε,
3585 2806 3698 2858 ἐτι-

2136 2902 2346 2972 μήσατε
2380 2901 2446 2954 ἂν
2479 2902 2570 2953 τὸν
2607 2902 2735 2954 Υἱὸν
2763 2901 2931 2954 αὐτοῦ
2957 2916 2972 2930 ⁸
3023 2899 3117 2953 νῦν
3145 2900 3202 2953 δὲ
3230 2900 3319 2952 τὸν
3347 2899 3471 2951 Υἱὸν
3506 2897 3581 2968 μὴ
3617 2914 3700 2949 τι·

2137 2994 2367 3064 μῶντες,
2394 2993 2635 3070 εὔδηλον,
2660 2995 2743 3047 ὅτι
2774 2995 2834 3046 οὐ
2857 2994 3155 3061 γινώσκετε
3189 2991 3350 3045 αὑτὸν
3379 2991 3454 3054 ὡς
3486 2991 3701 3061 Πατέρα

2133 3086 2285 3153 ἐμὸν.
2318 3085 2459 3138 Ἀλλ’
2500 3086 2620 3137 οὐδὲ
2659 3086 2734 3147 ὼς
2768 3083 2901 3137 Θεὸν
2947 3082 3131 3147 ἁπλῶς
3174 3080 3563 3151 ἐπιγινώσκετε
3600 3082 3701 3135 αὑ-

2133 3178 2252 3229 τόν’
2282 3171 2318 3247 ἦ
2346 3177 2455 3247 γὰρ
2484 3176 2549 3229 ἂν
2572 3178 2830 3246 ὲτρέμετε
2854 3177 2979 3228 τοὺς
3010 3176 3196 3244 λόγους
3222 3175 3387 3229 αὑτοῦ
3420 3174 3494 3238 ὡς
3522 3171 3656 3225 Θεοῦ
3680 3187 3695 3202 °

2131 3268 2224 3322 νῦν
2274 3268 2331 3321 δὲ
2382 3267 2637 3323 τοσοῦτον
2676 3271 3072 3340 καταφρονεῖτε
3114 3266 3303 3332 αὐτοῦ,
3341 3266 3504 3332 ὥστε,
3541 3285 3560 3319 ι
3604 3265 3695 3338 Μὴ

2133 3360 2421 3432 φονεύσῃς,
2464 3380 2485 3414 ›
2536 3361 2748 3415 ἐκείνου
2781 3361 3264 3432 νομοθετήσαντος,
3312 3361 3469 3427 ὑμεῖς
3502 3359 3699 3427 ιρονᾶτε

2132 3454 2253 3506 κατ’
2281 3453 2437 3524 ἐμοῦ,
2475 3454 2570 3507 καὶ
2610 3453 2807 3515 ταῦτα,
2842 3455 2916 3524 μὴ
2952 3453 3165 3523 ἔχοντές
3197 3469 3263 3521 με
3300 3451 3543 3521 ἐλέγχειν
3575 3450 3702 3520 περὶ

2132 3546 2430 3616 ἁμαρτίας.
2462 3547 2560 3600 Ἐκ
2586 3546 2790 3599 τούτων
2813 3546 2905 3599 οὖν
2946 3545 3126 3615 δῆλον,
3156 3548 3238 3599 ὅτι
3268 3548 3508 3614 ἀγνοεῖτε
3538 3545 3701 3600 αὑτὸν

2131 3641 2499 3693 παντάπασιν.
2534 3637 2676 3707 Ἐγὼ
2714 3639 2774 3692 δὲ
2801 3634 2917 3691 οἶδα
2955 3638 3118 3692 αὐτὸν
3171 3638 3435 3706 φυσικῶς,
3486 3638 3700 3700 παντως

2130 3732 2228 3801 τὴν
2259 3729 2421 3784 αὑτοῦ
2454 3730 2655 3797 γνῶσιν
2680 3728 2840 3799 ἔχων.
2870 3724 2995 3792 υἷος
3026 3730 3133 3800 γάρ
3164 3731 3281 3798 είμι
3310 3728 3441 3796 ἐγὼ,
3461 3726 3699 3789 τοιοῦτος

2132 3823 2229 3875 καὶ
2255 3826 2282 3876 ὁ
2326 3822 2537 3891 Πατήρ·
2581 3823 2704 3875 ἐπεὶ
2732 3822 2825 3875 οὖν
2853 3819 2972 3876 οἶδα
2993 3821 3248 3892 ἐμαυτὸν,
3284 3823 3534 3875 κάκεῖνον
3561 3816 3697 3873 οἶδα.

2136 3934 2155 3968 ι
2190 3916 2317 3968 Ἐὰν
2358 3914 2413 3967 δὲ
2439 3915 2598 3977 εἴπω,
2652 3915 2733 3967 ὃτι
2760 3914 2862 3968 οὐκ
2903 3911 3020 3968 οἶδα
3057 3914 3242 3978 αὑτὸν,
3287 3913 3479 3984 ἔσομαι
3517 3914 3699 3984 ὅμοιος

2132 4006 2282 4075 ὑμῶν
2311 4006 2571 4075 ψεύστης.
2604 4023 2623 4057 ι
2662 4005 2850 4075 Ὑμεῖς
2875 4006 2975 4076 μὲν
2998 4004 3127 4075 γάρ,
3153 4004 3350 4058 εἰδέναι
3373 4004 3535 4058 αὐτὸν
3563 4003 3696 4058 ἀλά-

2132 4097 2495 4163 ζονευὸμενοι,
2524 4093 2786 4163 ψεύδεσθε
2813 4110 2828 4125 ’
2861 4092 2974 4162 ἐγὼ
3001 4093 3057 4145 δὲ
3079 4094 3234 4156 εἰδὼς
3262 4093 3444 4155 αὐτὸν.
3473 4094 3522 4146 εί
3548 4093 3687 4146 είπω

2134 4186 2208 4257 μὴ
2254 4186 2475 4250 εἰδέναι,
2513 4186 2782 4257 ἀρνοῦμαι
2820 4185 2917 4256 τὴν
2949 4185 3230 4255 ἀλήθειαν.
3264 4185 3330 4237 Τί
3359 4180 3452 4239 οὖν
3484 4183 3697 4254 τεκμή-

2135 4290 2248 4343 ριον
2275 4273 2431 4337 δίδως
2460 4273 2552 4325 τοῦ
2580 4274 2778 4328 εἰδέναι
2807 4273 2999 4340 αὺτὸνς
3028 4273 3170 4338 Ὅτι,
3197 4273 3352 4343 φησι,
3387 4292 3404 4323 ι
3432 4272 3523 4325 τὸν
3540 4273 3697 4339 λόγον

2131 4366 2299 4419 αὑτοῦ
2327 4364 2498 4436 τηρῶ,
2537 4384 2555 4416 ι
2599 4365 2756 4434 λόγον
2784 4365 2957 4431 λέγων
2985 4366 3085 4427 τὰς
3102 4362 3318 4424 ἐντολὰς
3349 4361 3537 4416 αὐτοῦ.
3559 4360 3697 4416 Οὔτε
3782 4416 3789 4421 τ

2132 4458 2241 4527 γὰρ
2263 4457 2613 4526 ἐναντιοῦμαι
2636 4457 2850 4526 ἐκείνῳ,
2869 4457 2900 4528 ἢ
2919 4457 2993 4510 ὡς
3016 4454 3256 4519 ἀντίθεος
3277 4452 3692 4524 ἀλαζονεύομαι,

2130 4550 2251 4603 οὔτε
2285 4551 2382 4612 τὰς
2425 4548 2641 4613 ἐντολὰς
2687 4548 2855 4600 αὐτοῦ
2904 4547 3188 4617 παραλὺω.
3247 4546 3431 4614 Ὑμεῖς
3484 4545 3541 4598 δὲ
3573 4545 3697 4597 ἐπεὶ

2130 4643 2235 4696 τῶν
2259 4641 2488 4695 ἐντολῶν
2511 4624 2675 4694 αὐτοῦ
2698 4639 3013 4712 παραϐάται
3046 4639 3351 4702 ἁλίσκεσθε,
3375 4635 3696 4707 ἐπιθυμίαις

2128 4750 2186 4785 τε
2247 4734 2513 4800 πονηραῖς
2564 4732 2895 4803 ἐνεχόμενοι,
2950 4731 3047 4784 καλ⁵
3089 4730 3246 4798 φόνον
3278 4728 3554 4796 διψῶντες,
3601 4729 3696 4780 καὶ

2128 4823 2294 4877 τᾶλλα
2325 4822 2736 4893 ἐπιθυμητικῶς
2766 4825 2834 4876 τὰ
2866 4825 2923 4875 ἐν
2951 4821 3028 4893 τῷ
3058 4822 3204 4891 νόμῳ
3234 4820 3578 4891 ἀπειρημένα
3606 4835 3699 4872 τε·-

2129 4915 2370 4978 λοῦντες,
2401 4914 2654 4985 φανερῶς
2688 4912 3024 4985 γνωρίζεσθε
3062 4912 3380 4981 ἀγνοοῦντες
3412 4911 3595 4965 αὐτόν.
3631 4911 3697 4964 Ei

2127 5009 2237 5077 γὰρ
2272 5008 2627 5075 ἐγινώσκετε,
2664 5009 2909 5075 ἐτηρείτε
2939 5006 3003 5059 ἂν
3034 5006 3125 5058 τὸν
3163 5005 3318 5072 λόγον
3351 5002 3536 5065 αὑτοῦ,
3572 5020 3694 5056 του-

2129 5100 2297 5164 τέστι,
2329 5101 2425 5162 τάς
2455 5098 2694 5160 ἐντολάς.
2728 5098 2882 5159 Τινὲς
2914 5098 2968 5149 δὲ
2994 5096 3137 5150 οὕτω
3163 5097 3341 5150 νοοῦσι
3371 5096 3450 5161 τὸ,
3481 5117 3498 5146 ι
3535 5094 3697 5165 Τηρῶ

2130 5192 2223 5244 τὸν
2254 5190 2412 5259 λόγον
2443 5190 2605 5242 αὐτοῦ
2630 5206 2644 5221 ·
2682 5208 2702 5240 ι
2738 5189 3004 5255 τουτέστι,
3035 5190 3133 5241 Διὰ
3164 5187 3323 5240 τοῦτο
3360 5178 3480 5240 ὄὶδα
3512 5187 3693 5252 αὑτὸν,

2130 5283 2211 5335 ὅτι
2260 5284 2370 5353 ἔχω
2403 5283 2462 5334 ἐν
2510 5280 2733 5351 ἐμαυτῷ
2780 5279 3194 5350 ἀπαράλλακτον
3260 5279 3350 5331 τὸν
3398 5279 3553 5347 λόγον
3593 5278 3692 5347 τῆς

2125 5374 2315 5436 οὐσίας
2374 5371 2561 5437 αὑτοῦ,
2620 5372 2887 5434 τουτέστι,
2953 5371 3041 5423 τὸν
3094 5371 3350 5441 ὁρισμόν·
3403 5370 3495 5423 καὶ
3538 5370 3595 5422 ὃν
3627 5368 3695 5424 ἂν

2125 5464 2283 5532 λόγον
2318 5465 2533 5533 φύσεως
2572 5465 2600 5515 ὁ
2636 5463 2825 5532 Πατὴρ
2860 5462 2978 5532 ἔχῃ,
3016 5461 3253 5515 τοιοῦτον
3289 5463 3379 5517 τὸν
3421 5462 3575 5531 λόγον
3600 5463 3693 5513 καὶ

2128 5556 2289 5617 αὐτὸς
2324 5555 2431 5623 ἔχω
2462 5571 2476 5585 ·
2536 5555 2569 5624 ἡ
2614 5553 2753 5621 αὑτὴ
2807 5555 2912 5624 γάρ
2954 5557 3069 5605 ἐστι
3113 5552 3295 5621 φύσις,
3334 5554 3426 5607 καὶ
3468 5558 3494 5605 ὁ
3533 5552 3692 5615 αὐτὸς

2133 5646 2292 5715 λόγος
2316 5648 2414 5717 τῆς
2443 5646 2637 5710 οὐσίας
2678 5646 2854 5717 Πατρί
2898 5663 2955 5697 τε
2988 5647 3079 5699 xa‘t
3108 5646 3221 5718 Υἰῷ
3242 5666 3256 5679 ο
3294 5647 3431 5699 ὥστε
3461 5642 3573 5699 οἶδα
3600 5646 3691 5700 τὸν
