4060 6570
297 443 367 504 37
922 441 1363 504 ENARRATIO
1396 443 1477 503 IN
1511 440 2010 505 EVANGELIUM
2045 442 2383 507 JOANNIS.
2410 443 2656 509 —CAP.
2693 445 2859 506 VIII.
3466 440 3568 508 38'

297 558 522 629 Πατέρα
549 575 565 589 ·
590 556 693 612 καὶ
726 556 834 628 γὰρ
871 558 963 612 τὸν
992 559 1151 626 λόγον
1180 558 1346 612 αὐτοῦ
1382 561 1479 629 τῆς
1503 561 1690 624 οὐσίας
1728 561 1869 614 6m-

1995 568 2043 613 ta
2068 562 2182 615 seio
2215 560 2428 615 Patrem
2459 577 2478 617 :
2512 574 2634 616 nam
2671 572 2724 617 et
2754 578 3059 618 sermonem
3087 562 3204 633 ejus
3232 563 3550 619 subsutntizn

298 651 459 715 σώζω
488 649 930 721 ἀπαράλλακτον.
966 651 1039 702 Τδ
1065 650 1122 703 δὲ
1163 652 1352 721 σχῆμα
1380 651 1539 705 τοῦτο
1581 652 1675 705 τοῦ
1709 652 1868 722 λόγου

301 739 535 809 σύνηθες
565 741 718 810 παρὰ
746 741 810 810 τῇ
844 740 1055 809 Γραφῇ,
1077 738 1153 803 ὡς
1181 739 1260 805 τὸ,
1292 759 1309 791 ι
1334 741 1433 804 Δὸς
1457 742 1589 810 ἡμῖν
1616 741 1871 811 βοήθειαν

302 833 368 885 ὲκ
396 831 651 899 θλίψεωῖ,
692 831 787 884 καὶ
819 831 1021 900 ματαία
1052 830 1296 901 σωτηρία
1328 830 1639 901 ἀνθρώπου.
1680 850 1699 882 ι
1752 831 1871 883 Ἐν·

297 926 475 979 ταίθα
504 924 612 995 γάρ
632 924 713 988 τὸ,
743 944 761 975 ι
788 925 902 990 καὶ,
931 944 949 975 ι
980 923 1101 976 dati.
1122 923 1239 989 τοῦ,
1264 942 1281 973 ι
1316 923 1479 993 γάρ.»
1499 926 1708 976 κεῖται·
1733 923 1873 976 ὥστε

302 1016 441 1070 εἶναι
494 1018 555 1069 τὸ
593 1017 886 1086 λεγόμενον
916 1016 1158 1069 τοιοῦτον
1184 1031 1199 1046 ο
1241 1034 1258 1066 ι
1293 1016 1389 1079 Δὸς
1425 1017 1555 1085 ἡμῖν
1585 1014 1834 1085 βοήθειαν
1855 1031 1870 1047 ο

308 1111 515 1180 ματαία
548 1108 659 1179 γὰρ
692 1111 934 1180 σωτηρία
968 1108 1278 1180 ἀνθρώπου.
1319 1128 1337 1159 ι
1375 1109 1531 1161 Οῦτω
1555 1107 1834 1161 κάνταῦθα
1855 1123 1872 1140 ·

309 1223 327 1252 ε
366 1196 496 1256 Οἶδα
520 1202 703 1266 αὐτὸν,
731 1202 826 1253 καὶ
854 1201 944 1252 τὸν
975 1199 1130 1267 λόγον
1163 1199 1328 1252 αὐτοῦ
1351 1199 1504 1270 τηρῶ
1528 1238 1542 1250 .
1587 1218 1605 1250 ι
1642 1199 1701 1252 τὸ
1740 1194 1871 1267 γὰρ,

311 1310 331 1342 ι
364 1292 478 1355 καὶ,
503 1310 521 1343 i
552 1291 673 1345 ἀντὶ
701 1291 816 1355 τοῦ,
856 1290 1046 1361 «rip,»
1068 1292 1273 1343 κεῖται·
1305 1308 1323 1340 ι
1349 1289 1452 1342 Τὸν
1470 1288 1582 1359 γὰρ
1603 1288 1758 1356 λόγον
1776 1289 1873 1341 αὐ-

305 1381 417 1446 τοῦ,
454 1384 606 1451 φησὶ,
639 1383 816 1453 τηρῶ.
853 1401 872 1433 ι

383 1493 401 1524 ς
425 1472 675 1542 ’Δϐραὰμ
700 1475 727 1525 6
762 1471 943 1543 πατὴρ
969 1472 996 1524 ὐ
1007 1472 1122 1542 μῶν
1146 1470 1636 1541 ἡγαλλιάσατο,ἱ’να
1669 1471 1754 1542 ἴδῃ
1778 1469 1876 1541 τὴν

303 1562 516 1634 ἡμέραν
543 1564 641 1632 τὴν
667 1562 806 1632 ὲμήν
831 1579 845 1593 ο
876 1564 969 1615 καὶ¹
1004 1557 1132 1628 εὶδε,
1157 1562 1252 1614 καὶ
1280 1561 1478 1632 ἐχάρη.
1510 1558 1680 1616 Εἶπον
1702 1563 1793 1616 οῦν
1827 1565 1875 1616 οἱ

316 1656 560 1709 Ἰουδαῖοι
590 1654 726 1725 πρὸς
758 1654 920 1708 αὐτόν
941 1672 955 1685 ·
1000 1655 1345 1724 Πεντήκοντα
1390 1652 1544 1708 οῦπω
1579 1654 1723 1725 ἔχεις
1754 1654 1873 1724 ἔτη,

305 1748 399 1800 καὶ
441 1747 693 1818 Ἀϐρααμ
747 1746 1028 1818 ἐώρακας;
1070 1741 1239 1799 Εἶπεν
1274 1742 1369 1800 οὖν
1408 1746 1593 1809 αὐτοῖς
1618 1763 1632 1778 ο
1677 1747 1872 1816 Ἀμὴν,

304 1842 452 1913 ἀμὴν
507 1842 682 1911 λέγων
742 1842 896 1911 ὑμῖν,
947 1841 1075 1911 πρὶν
1130 1838 1384 1910 Ἀϐραὰμ
1434 1839 1710 1908 γενέσθαι,
1764 1838 1875 1907 ἐγώ

316 1935 456 2002 εἰμι.
489 1928 668 2002 Ἦραν
700 1928 792 1985 οῦν
820 1930 1020 1997 λίθους,
1048 1931 1134 1985 ἵνα
1165 1929 1398 2000 βάλωσιν
1424 1931 1511 1984 ἐπ’
1547 1930 1735 1985 αὐτόν.
1766 1930 1874 2000 Ἰη-

306 2023 437 2087 σοῦς
469 2023 525 2076 δὲ
574 2024 804 2095 ἐκρύϐη,
834 2025 932 2079 καὶ
965 2026 1185 2098 ἐξῆλθεν
1221 2031 1284 2082 ἐκ
1315 2028 1404 2082 τοῦ
1440 2029 1609 2101 ἱεροῦ,
1652 2028 1875 2085 διελθὼν

301 2117 389 2170 διὰ
436 2117 601 2185 μέσου
632 2117 811 2170 αὐτῶν
835 2131 847 2145 ’
877 2119 971 2172 καὶ
1022 2120 1268 2190 παρῆγεν
1314 2118 1517 2185 οὕτως.
1547 2140 1566 2174 ι
1608 2120 1874 2175 Ἐνταῦθα

306 2207 732 2272 κατασκευάζει,
763 2208 846 2263 ὅτι
890 2210 1090 2280 μείζων
1128 2213 1244 2264 ἐστὶ
1264 2212 1362 2265 τοῦ
1416 2213 1684 2284 Ἀϐραάμ.
1722 2214 1876 2267 Ἐπεὶ

309 2301 418 2371 γὰρ
453 2302 654 2354 ἐκεῖνοι
706 2301 1010 2373 προέφερον
1059 2302 1245 2375 αὐτῷ·
1286 2324 1304 2356 ι
1354 2305 1443 2375 Μὴ
1475 2305 1540 2358 σύ
1588 2304 1790 2375 μείζων
1827 2301 1877 2361 εἶ

306 2392 402 2445 τοῦ
440 2391 647 2463 πατρὸς
698 2392 856 2463 ἡμῶν
889 2392 1172 2464 Ἀδραὰμς
1233 2413 1250 2445 ι
1300 2394 1467 2464 φησιν
1500 2394 1759 2461 ἐνταῦθα,
1794 2397 1876 2451 ὅτι

309 2482 419 2537 Ναὶ
451 2484 655 2554 μείζων
684 2484 824 2553 εἰμί.
874 2502 896 2537 ι
937 2483 1178 2548 Ἐκεῖνος
1214 2485 1324 2558 γάρ
1352 2503 1436 2539 τοι
1487 2486 1873 2556 ἠγαλλιάσατο,

310 2574 396 2629 ἵνα
430 2575 515 2645 ῑόῃ
562 2576 663 2646 τήν
701 2576 916 2647 ἡμέραν
962 2576 1060 2647 τὴν
1100 2578 1239 2647 ἐμήν
1271 2593 1286 2607 ·
1337 2595 1356 2628 ι
1404 2578 1672 2643 τουτέστι,
1721 2594 1877 2648 περι-

310 2656 640 2720 σπούταστον
691 2671 785 2721 καὶ
844 2668 1101 2723 εὐκταίαν
1156 2664 1268 2739 εἶχε
1318 2668 1522 2741 ταύτην
1559 2670 1653 2723 καὶ
1704 2660 1879 2741 χαρᾶς

311 2760 595 2832 πρόξενον,
647 2760 892 2832 δηλονότι
947 2763 1169 2827 πάντως
1213 2762 1299 2816 ἐπ’
1331 2763 1622 2835 εὐεργεσία
1653 2765 1882 2835 γενομέ-

310 2869 428 2923 νην,
480 2854 553 2917 ὡς
593 2856 687 2906 καὶ
721 2855 780 2907 οὐ
835 2854 1032 2924 μικροῦ
1063 2871 1227 2921 τινος,
1273 2855 1393 2908 οὐδὲ
1431 2856 1684 2926 τυχόντος
1713 2852 1881 2910 οὖσαν

309 2944 546 3015 ἡμέραν,
580 2945 717 2998 ἀλλὰ
747 2946 1018 3015 μείζονος.
1055 2946 1301 3016 Ἡμέραν
1331 2948 1386 3001 δὲ
1419 2947 1569 3017 λέγει
1599 2948 1690 3002 τὸν
1718 2965 1886 3002 σταυ-

314 3035 425 3105 ρόν.
485 3035 686 3089 Τοῦτον
736 3036 848 3108 γάρ
887 3036 1195 3108 προετύτιου
1224 3040 1251 3091 6
1309 3038 1560 3112 Ἀϐραὰμ
1598 3042 1655 3093 ὲν
1688 3042 1755 3111 τῇ
1786 3039 1879 3094 τοῦ

310 3126 499 3181 Ἰσαάκ
545 3130 904 3199 προσαγωγῇ,
959 3130 1055 3183 καὶ
1106 3132 1173 3201 τῇ
1217 3129 1311 3183 τοῦ
1356 3131 1512 3203 κριοῦ
1556 3131 1735 3204 θυσίᾳ.
1793 3132 1881 3197 Ὠς

310 3219 417 3290 γὰρ
468 3221 676 3283 ἐκεῖνος
726 3220 794 3274 τὰ
825 3219 976 3287 ξύλα,
1011 3220 1183 3286 οὕτως
1216 3222 1245 3274 6
1280 3221 1485 3294 Κύριος
1520 3224 1611 3278 τὸν
1647 3224 1878 3296 σταυρὸν
1907 3238 1950 3295 c

312 3312 579 3367 ὲῦάστασε
606 3330 621 3345 ο
671 3314 763 3367 καὶ
795 3315 870 3377 ὡς
919 3314 1114 3386 ἀφείθη
1170 3316 1271 3385 μὲν
1312 3314 1520 3381 Ἰσαὰκ,
1569 3316 1732 3389 ἐτύθη
1761 3317 1818 3371 δὲ
1850 3317 1879 3370 6

313 3405 468 3475 κριός
503 3421 516 3436 °
566 3404 736 3469 οὕτως
787 3409 815 3459 6
847 3405 945 3478 μὲν
973 3406 1104 3470 Θεὸς
1139 3407 1293 3470 ὲκτδς
1324 3406 1549 3474 πάθους,
1575 3407 1652 3479 τῷ
1700 3408 1756 3461 δὲ
1788 3408 1881 3462 ἁν-

314 3494 575 3565 θρωπίνῳ
621 3496 715 3548 καὶ
746 3498 809 3567 τῇ
857 3498 1019 3567 σαρκὶ
1062 3496 1254 3551 ἔπαθε.
1296 3496 1509 3567 Ταύτην
1546 3497 1643 3569 τὴν
1670 3500 1881 3570 ἡμέραν

314 3587 413 3656 τὴν
452 3586 544 3639 τοῦ
594 3587 829 3659 σταυροῦ
879 3587 1132 3659 Ἀϐραάμ
1174 3587 1406 3659 προϊδὼν
1449 3590 1641 3660 ἐχάρη,
1673 3589 1747 3652 ὡς
1789 3606 1881 3642 κο-

324 3679 526 3749 σμικῆς
577 3679 953 3750 γενησομένης
1005 3680 1302 3750 σωτηρίας.
1335 3681 1487 3750 Ἀμα
1526 3681 1582 3733 δὲ
1610 3680 1881 3757 όείκνυσιν

316 3770 551 3825 ἐνταῦθα
578 3772 773 3836 αὐτοὺς
803 3771 1116 3843 ἀλλοτρίους
1159 3770 1250 3824 τοῦ
1291 3770 1566 3842 Ἀϐραὰμ,
1617 3772 1760 3840 εἴγε
1796 3770 1880 3839 ἐφ’

315 3853 405 3922 οἷς
436 3860 645 3922 ἐκεῖνος
688 3859 925 3931 ἔχαιρεν,
984 3855 1129 3915 οὗτοι
1164 3859 1398 3913 λυττῶσι
1442 3862 1535 3915 καὶ
1577 3861 1879 3932 μαίνονται.

315 3954 476 4025 Δηλοῖ
503 3954 583 4019 δὲ,
607 3955 688 4008 ὅτι
730 3957 828 4009 οὐκ
859 3956 1003 4010 ἄκων
1032 3958 1122 4009 ἐπὶ
1148 3955 1208 4010 τὸ
1244 3956 1414 4019 πάθος
1460 3956 1701 4027 ἔρχεται,
1743 3956 1796 4009 εί
1820 3972 1883 4023 γε

317 4046 533 4099 ἐπαινεῖ
558 4047 649 4099 τὸν
679 4046 909 4116 ἡσθέντα
940 4050 1030 4101 ἐπὶ
1060 4048 1138 4120 τῷ
1179 4047 1393 4120 σταυρῷ
1423 4064 1436 4078 ·
1472 4048 1628 4101 τοῦτο
1660 4047 1786 4118 γὰρ,
1808 4047 1883 4111 ὼς

317 4138 558 4209 εἴρηται,
599 4138 841 4208 σωτηρία
864 4137 961 4209 τῆς
991 4140 1340 4212 οἰκουμένης.
1375 4138 1558 4192 ’Ἄλλοι
1593 4138 1649 4192 δὲ
1673 4138 1885 4209 ἡμέραν

318 4230 410 4282 τόν
439 4229 656 4283 ἅπαντα
691 4230 882 4300 καιρὸν
926 4229 1108 4283 νοοῦσι
1139 4231 1239 4301 τῆς
1281 4229 1375 4285 τοῦ
1406 4230 1644 4303 Χριστοῦ
1679 4246 1887 4301 παρου-

322 4321 469 4385 σίας,
503 4321 571 4390 ἦν
616 4320 644 4372 6
670 4320 928 4392 Ἀϐραὰμ
977 4321 1239 4391 προειδὼς
1281 4322 1484 4399 ἐχάρη,
1513 4322 1593 4376 ὅτι
1634 4322 1690 4388 ἐξ
1720 4320 1884 4374 αὐτοῦ

320 4410 417 4463 καὶ
459 4410 552 4462 τοῦ
607 4412 916 4481 σπέρματος
981 4411 1144 4466 αὐτοῦ
1195 4412 1557 4482 ἀναστήσεται
1596 4413 1625 4464 6
1673 4410 1882 4480 Σωτήρ.

312 4504 435 4557 Καὶ
464 4504 605 4572 τάχα
631 4505 689 4556 οὐ
721 4504 880 4573 μόνος
903 4506 930 4557 6
952 4504 1205 4573 Ἀϐραὰμ
1237 4504 1430 4576 ἐχάρη,
1462 4504 1595 4558 ἀλλὰ
1628 4504 1721 4557 καὶ
1748 4504 1886 4556 πάν-

1973 664 2236 705 conservo
2281 652 2330 703 itt
2380 650 2528 704 nullo
2564 650 2849 705 minorem.
2884 651 2978 705 Est
3017 664 3196 707 autem
3232 654 3346 707 haec
3378 654 3545 723 ﬁgura

1974 749 2234 794 consueta
2267 740 2320 793 itt
2361 741 2666 809 Scriptura,
2699 750 2756 793 ut
2787 757 2909 795 eum
2938 744 3131 797 dicitur
3158 760 3172 797 :
3215 762 3234 794 ι
3273 743 3347 797 Da
3376 744 3548 800 'nobis

1975 831 2233 884 auxilium
2266 834 2342 892 de.
2379 830 2745 896 tribulatione,
2780 845 2833 886 et
2868 848 3003 887 vana
3049 835 3194 889 salus
3223 828 3491 893 hominis.
3524 855 3544 888 ι

1974 922 2087 978 lloc
2123 924 2240 978 loco
2299 927 2442 978 enim
2495 924 2805 989 coniunctio
2849 943 2868 975 ι
2904 936 2978 989 et,
3020 946 3037 976 ι
3079 941 3196 996 pro,
3246 944 3266 978 ι
3315 928 3482 995 enim,
3524 946 3546 979 ι

1976 1016 2239 1085 ponitur:
2289 1024 2347 1069 ut
2397 1016 2539 1085 quod
2596 1017 2816 1080 dicitur,
2862 1018 3004 1071 hunc
3050 1018 3242 1072 habeat
3291 1034 3547 1074 sensum:

1982 1125 2001 1157 ι
2036 1106 2111 1160 Da
2144 1108 2297 1163 nobis
2317 1108 2605 1169 auxilium,
2634 1122 2773 1162 vana
2801 1108 2939 1161 enim
2972 1109 3116 1163 salus
3147 1110 3381 1165 hominis
3406 1113 3475 1166 “.
3525 1130 3546 1164 ι

1978 1196 2070 1253 Sic
2097 1200 2257 1253 etiam
2294 1199 2394 1254 hoc
2427 1199 2580 1255 loco:
2614 1219 2633 1251 ‹
2670 1198 2795 1254 Scio
2823 1200 2992 1263 illum,
3023 1208 3076 1254 et
3110 1215 3415 1257 sermonem
3434 1202 3552 1269 ejus

1983 1306 2163 1355 Servo,
2204 1308 2223 1342 ι
2267 1291 2579 1360 conjunctio
2624 1311 2643 1344 ι
2677 1302 2751 1356 et,
2790 1312 2810 1343 ι
2842 1308 2937 1361 pro
2972 1311 2989 1343 σ
3032 1293 3201 1362 enim,
3236 1311 3255 1344 ι
3296 1295 3549 1364 ponitur:

1982 1382 2355 1451 QSermonem
2386 1385 2525 1438 enim
2554 1386 2689 1452 ejus,
2717 1384 2911 1453 inquit,
2939 1400 3118 1439 servo.
3158 1403 3178 1437 ι

2048 1477 2216 1531 Vens.
2263 1476 2451 1532 56-59.
2486 1496 2505 1527 ι
2551 1478 2822 1531 Abraham
2860 1487 3013 1545 pater
3046 1489 3226 1532 vester
3258 1478 3575 1535 exsultavit

1979 1579 2038 1623 ιιι
2064 1571 2273 1624 videret
2300 1570 2440 1622 dietn
2477 1584 2654 1623 meum
2684 1585 2701 1623 :
2733 1579 2787 1623 et
2821 1568 2973 1633 vidit,
3006 1579 3169 1633 atque
3199 1573 3417 1639 gavisus
3444 1582 3548 1626 est.

1982 1659 2240 1712 Dixerunt
2264 1662 2393 1727 ergo
2433 1657 2600 1713 Juda‘i
2636 1659 2701 1713 ad
2731 1673 2894 1713 eum:
2935 1659 3337 1729 Quinquaginta
3382 1676 3554 1716 annos

1980 1750 2215 1804 nondum
2251 1749 2440 1815 habes,
2471 1760 2522 1803 et
2549 1749 2820 1804 Abraham
2844 1750 3062 1805 vidisti?
3095 1751 3237 1806 Dixit
3263 1752 3343 1808 eis
3371 1750 3550 1819 Iesus,

1978 1839 2148 1894 Anien
2178 1854 2335 1893 amen
2369 1840 2487 1894 dico
2518 1840 2693 1906 vobis,
2742 1852 3031 1909 antequam
3069 1842 3342 1896 Abraham
3375 1843 3550 1908 ﬁeret,

1976 1946 2076 2000 ego
2124 1946 2266 1987 sum.
2320 1931 2604 1987 Tollebant
2647 1947 2773 2002 ergo
2821 1933 3046 2000 lapides,
3093 1945 3151 1987 ut
3195 1932 3443 2001 jacereut
3496 1937 3551 1992 iu

1975 2036 2117 2078 eum.
2146 2020 2302 2077 Jesus
2336 2033 2514 2079 autem
2547 2024 2828 2080 abscondit
2859 2039 2941 2091 se,
2976 2035 3028 2078 et
3066 2027 3237 2080 exivit
3258 2041 3290 2082 e
3327 2028 3550 2096 templo,

1978 2115 2248 2169 transiens
2260 2115 2607 2184 permeditttn
2637 2118 2897 2185 ipsorum,
2917 2124 2969 2171 et
2986 2117 3244 2187 praateriit
3267 2119 3366 2174 sic.
3394 2138 3415 2173 ι
3440 2118 3560 2175 Hoc

1976 2205 2095 2259 loco
2131 2204 2286 2259 d'ocet
2314 2204 2456 2272 quod
2508 2204 2681 2273 major
2732 2204 2804 2258 sit
2843 2204 3177 2261 Abrahamo.
3215 2206 3354 2273 Quia
3402 2208 3548 2263 enim

1977 2295 2050 2351 illi
2076 2296 2323 2351 dicebant
2345 2295 2392 2349 ei
2426 2311 2442 2349 :
2475 2313 2494 2346 ι
2553 2295 2691 2348 Num
2736 2304 2791 2349 tu
2845 2310 2904 2350 es
2934 2295 3108 2365 major
3156 2308 3310 2365 patre
3361 2307 3555 2354 nostro

1976 2387 2289 2442 Abraham?
2328 2406 2348 2438 ›
2387 2387 2521 2441 dicit
2579 2387 2681 2440 hoc
2740 2387 2896 2441 loco:
2948 2387 3125 2441 Etiam
3183 2388 3354 2460 major
3406 2403 3553 2443 sum.

1985 2497 2004 2531 ι
2044 2479 2259 2534 Etenim
2294 2474 2381 2534 ille
2428 2477 2737 2544 exsultavit,
2772 2489 2829 2532 ut
2861 2479 3068 2534 videret.
3100 2479 3245 2535 diem
3280 2494 3484 2546 meum,
3516 2499 3548 2532 ν»

1980 2573 2083 2628 hoc
2130 2582 2232 2639 est,
2266 2570 2633 2626 desideratum
2675 2579 2731 2625 et
2761 2580 3003 2640 optatum
3051 2572 3240 2627 habuit
3292 2571 3463 2638 illum,
3499 2581 3557 2628 et

1980 2664 2160 2735 gaudii
2211 2672 2515 2727 auctorem,
2551 2663 2779 2727 scilicet,
2824 2677 2890 2717 eo
2931 2665 3073 2732 quod
3122 2664 3176 2718 itt
3230 2663 3553 2719 beneﬁcium

1980 2753 2217 2819 cederet,
2261 2764 2316 2809 et
2346 2768 2451 2808 non
2487 2753 2637 2823 parvi
2684 2752 2915 2822 alicujus
2944 2767 3117 2821 neque
3141 2753 3380 2823 vulgaris
3410 2760 3558 2807 esset

1981 2847 2118 2909 dies,
2159 2846 2254 2900 sed
2296 2845 2500 2915 magni.
2549 2844 2700 2899 Diem
2733 2853 2909 2898 autent
2943 2843 3073 2898 dicit
3113 2858 3353 2899 crucem.
3390 2842 3559 2914 630

1981 2933 2115 2989 Nam
2183 2934 2564 3005 prmﬁgurabat
2623 2933 2772 2988 illam
2833 2932 3106 2987 Abraham
3165 2933 3220 2988 iu
3280 2932 3556 2988 oblatione

1982 3026 2153 3095 Isaac,
2184 3038 2237 3081 et
2281 3028 2466 3082 arietis
2495 3027 2764 3082 sacriﬁcio
2794 3025 2861 3080 ³³.
2900 3023 3052 3079 Sicut
3079 3026 3222 3080 enim
3257 3025 3366 3080 illic
3405 3021 3559 3079 Isaae

1983 3119 2151 3188 ligna,
2197 3119 2270 3174 ita
2312 3120 2570 3174 Dominus
2600 3133 2819 3174 crucem
2864 3118 3139 3186 portavit:
3169 3127 3224 3172 et
3257 3117 3397 3172 sicut
3432 3116 3557 3170 reli-

1983 3220 2101 3265 ctus
2136 3211 2350 3281 quidem
2391 3221 2472 3265 est
2507 3210 2675 3278 Isaac,
2713 3210 3023 3265 immolatus
3057 3219 3240 3265 autem
3286 3208 3451 3271 aries,
3480 3209 3553 3261 ita

1986 3312 2041 3358 et
2067 3303 2205 3357 Deus
2233 3303 2448 3372 quidem
2480 3303 2689 3357 alienus
2728 3310 2813 3358 est
2842 3317 2873 3356 a
2914 3302 3185 3371 passione,
3221 3301 3272 3356 itt
3324 3301 3558 3355 humana

1989 3401 2168 3447 autem
2201 3405 2392 3447 natura
2426 3405 2479 3448 et
2508 3409 2673 3449 carne
2713 3408 2906 3464 passus
2935 3404 3038 3457 est,
3072 3391 3227 3449 Hunc
3257 3393 3399 3448 diem
3432 3409 3562 3448 cru~

1988 3487 2073 3541 cis
2093 3499 2216 3540 cum
2245 3485 2586 3555 praividisset
2612 3485 2911 3550 Abraham,
2937 3486 3157 3556 gavisus
3193 3495 3299 3549 est,
3336 3494 3390 3538 et
3417 3485 3560 3552 quod

1990 3576 2200 3631 futurus
2226 3587 2374 3631 esset
2414 3578 2468 3630 in
2515 3576 2743 3632 salutem
2775 3577 2981 3631 mundi.
3036 3575 3260 3643 lusuper
3298 3577 3399 3628 hoc
3443 3576 3560 3627 loco

1989 3673 2225 3728 ostendit
2254 3687 2350 3727 eos
2385 3671 2590 3728 alienos
2618 3688 2739 3728 esse
2765 3671 2833 3726 ab
2857 3671 3157 3735 Abraham,
3202 3671 3466 3739 siquidem
3493 3673 3562 3726 de

1988 3762 2184 3832 quibus
2215 3760 2301 3815 ille
2331 3763 2620 3831 gaudebat,
2648 3762 2706 3817 hi
2750 3762 3114 3817 insaniebaut.
3151 3759 3434 3831 Signiﬁcat
3463 3778 3560 3816 au-

1992 3864 2097 3908 tem
2129 3854 2272 3920 quod
2299 3866 2407 3906 non
2436 3852 2636 3907 invitus
2693 3853 2999 3923 passionem
3054 3852 3394 3922 aggrediatur
3425 3869 3440 3906 :
3481 3852 3562 3907 si-

1992 3945 2205 4013 quidem
2240 3944 2426 3999 laudat
2454 3960 2575 3999 eum
2608 3945 2701 4010 qui
2740 3944 3033 4000 exsultavit
3062 3955 3281 4016 propter
3319 3957 3559 3998 erucem.

1990 4036 2124 4091 Nam
2171 4036 2296 4092 inde
2339 4037 2420 4108 (ut
2453 4037 2655 4092 dictum
2685 4039 2790 4106 est)
2843 4036 2997 4093 salus
3026 4038 3197 4092 orbis.
3242 4035 3346 4090 Alii
3381 4045 3563 4089 autem

1992 4126 2300 4198 intelligunt
2329 4142 2424 4196 per
2454 4127 2597 4182 diem
2620 4143 2780 4183 omne
2812 4137 3028 4199 tempus
3056 4128 3320 4182 adventus
3338 4125 3561 4194 Christi,

1991 4219 2133 4288 quod
2165 4234 2287 4273 cum
2320 4218 2594 4272 Abraham
2635 4218 2995 4287 praevidisset,
3025 4219 3243 4287 gavisus
3273 4229 3377 4281 est,
3416 4216 3564 4286 quod

1993 4325 2059 4365 ex
2089 4311 2206 4381 ipso
2243 4320 2297 4364 et
2329 4311 2540 4366 semine
2571 4309 2689 4381 ejus
2727 4321 3068 4365 surrecturus
3106 4320 3254 4365 esset
3288 4309 3563 4364 Salvator.

1994 4403 2060 4458 Et
2107 4403 2356 4459 fortassis
2404 4420 2510 4458 non
2555 4408 2701 4458 solus
2732 4403 3003 4459 Abraham
3056 4402 3274 4474 gavisus
3324 4403 3563 4469 est,‘sed

1994 4506 2048 4550 et
2073 4511 2279 4561 omnes,
2312 4498 2459 4551 sicut
2479 4496 2644 4549 David
2670 4496 2801 4550 dicit
2835 4496 2916 4549 ’ἐ
2943 4514 2961 4546 ι
3002 4493 3126 4549 Ηωο
3157 4506 3238 4549 est
3265 4496 3379 4549 dies
3405 4509 3564 4563 quam

320 4611 437 4657 τες,
465 4594 539 4656 ὡς
570 4594 732 4647 Δαυῖδ
760 4596 911 4664 λέγει
933 4612 947 4626 °
986 4614 1004 4648 ι
1039 4596 1240 4667 Αὒτηη
1271 4596 1475 4667 ἡμέρα,
1502 4596 1568 4666 ἣν
1592 4594 1883 4665 ὲποίησενό

1996 4590 2120 4643 fecit
2157 4589 2434 4651 Dominus,
2469 4587 2807 4642 exsultemus
2850 4596 2906 4640 et.
2939 4585 3182 4641 laetemur
3208 4586 3259 4638 in
3305 4599 3394 4641 ea.
3441 4602 3460 4634 ι
3501 4584 3567 4637 Et

320 4688 552 4758 Κύριος
578 4687 1054 4758 άγαλλιασώμεθα,
1082 4690 1175 4741 καὶ
1195 4687 1588 4758 εὐφρανθῶμεν
1609 4690 1665 4740 ἐν
1683 4687 1846 4757 αὐτῇ.
1864 4705 1882 4738 ι

326 4781 499 4842 Αὐτὸς
532 4780 629 4851 μὲν
661 4779 754 4834 οῦν
795 4780 988 4835 ταῦτα.
1035 4783 1100 4835 υἱ
1128 4780 1207 4847 δὲ,
1246 4782 1321 4850 μὴ
1353 4780 1645 4848 δυνάμενοι
1687 4779 1890 4850 φθάσαι

328 4871 408 4934 εἰς
434 4870 496 4922 τὸ
526 4869 658 4939 ὕψος
695 4870 803 4923 τῶν
845 4869 1177 4940 λεγομένων,
1212 4868 1336 4922 οὔτε
1368 4867 1650 4939 ἀνέχονται
1684 4868 1892 4937 ἐρωτῆ-

333 4980 423 5015 σαι
474 4963 571 5015 καὶ
627 4961 839 5031 μαθεῖν,
897 4961 1018 5015 τίνα
1106 4962 1271 5030 φησὶν
1338 4961 1571 5031 ἡμέραν,
1626 4959 1692 5029 ἢν
1754 4954 1894 5010 εἶδεν

330 5053 581 5123 Ἀὄραάμ
604 5067 619 5081 ⁸
657 5052 790 5106 ἀλλὰ
821 5050 915 5105 καὶ
954 5052 1151 5122 μᾶλλον
1190 5051 1649 5121 διαχλευάζουσιν,
1684 5048 1757 5111 ὼς
1787 5066 1893 5119 μα-

333 5145 495 5213 νιώδη
532 5144 654 5196 τινὰ
686 5143 1079 5212 φθεγγόμενον.
1118 5162 1135 5194 ι
1176 5144 1526 5211 Πεντήκοντα
1551 5141 1680 5209 γὰρ,
1710 5142 1893 5208 φησὶν,

311 5236 434 5306 ’ἔτη
460 5236 612 5288 οῦπω
642 5234 804 5305 ἔχεις,
841 5238 937 5287 καὶ
978 5236 1231 5305 Ἀϐραάμ
1269 5231 1554 5304 ὲώρακας;
1589 5252 1606 5283 ι
1642 5233 1813 5284 Τοῦτο
1841 5231 1897 5283 δὲ

340 5323 515 5392 εἷπον,
551 5328 861 5398 νομίζοντες
886 5326 974 5379 τὸν
1005 5315 1207 5398 Κύριον
1239 5325 1405 5392 ἐγγυς
1446 5320 1583 5377 εἶναι
1615 5324 1722 5375 τῶν
1765 5339 1897 5375 πενο-

337 5423 597 5492 τήκοντα,
645 5420 821 5473 καίτοι
872 5418 1102 5490 περίπου
1149 5420 1441 5488 τριάκοντα
1475 5416 1570 5470 καὶ
1627 5416 1752 5486 τρία
1802 5418 1898 5488 ἐτη

338 5516 462 5570 τότε
490 5515 773 5585 γεγονότα.
815 5513 970 5576 Τίνος
1003 5511 1058 5564 δὲ
1081 5511 1267 5564 ἕνεκεν
1295 5510 1393 5563 οὐκ
1425 5504 1603 5563 εἷπονο
1628 5509 1905 5580 Τεσταρά-

341 5623 502 5660 κοντα
534 5606 629 5676 ἐτη
651 5604 804 5658 οῦπω
832 5604 998 5673 ἔχεις,
1031 5602 1188 5666 ἁλλὶι,
1253 5617 1272 5650 ι
1321 5600 1696 5669 Πεντήκοντας
1744 5616 1760 5649 ι
1801 5597 1906 5650 Πε-

348 5702 527 5770 ριττὸν
560 5700 661 5771 μὲν
691 5699 751 5750 τὸ
777 5696 1018 5751 τοιοῦτον
1048 5696 1330 5765 ἐρώτημα.
1372 5693 1582 5756 Ἀπλῶς
1607 5692 1716 5763 γὰρ
1737 5690 1910 5754 οὕτως

417 5879 779 5947 “PsaLth,
838 5879 923 5934 15.
998 5878 1044 5911 ³³
1079 5876 1213 5934 Gen.
1268 5892 1405 5945 xm,
1476 5877 1498 5931 1
1551 5889 1701 5946 seqq.

1998 4684 2114 4753 ipse
2140 4682 2356 4752 quidem
2398 4678 2514 4733 inec
2544 4679 2706 4743 dixit;
2732 4685 2789 4731 at
2823 4676 2901 4730 illi
2933 4691 3034 4729 non
3080 4684 3325 4744 poterant
3363 4675 3568 4744 pertin-

1998 4787 2123 4844 gere
2146 4773 2210 4826 ad
2234 4771 2620 4827 sublimitatem
2661 4768 2948 4829 dictorum,
2996 4781 3168 4835 neque
3209 4765 3570 4836 dignabantur

2002 4868 2337 4936 interrogare
2368 4862 2450 4917 vel
2498 4863 2708 4916 discere
2754 4861 2876 4929 quis
2906 4869 3051 4913 esset
3099 4859 3216 4913 dies
3255 4859 3361 4924 ille,
3410 4873 3566 4925 quem

2001 4958 2225 5012 vidisset
2252 4953 2558 5008 Abraham:
2584 4952 2692 5006 imo
2721 4950 2948 5004 irrident
2974 4965 3093 5002 eum
3121 4959 3178 5003 ut
3210 4949 3395 5001 insana
3418 4962 3570 5016 qua--

2001 5046 2124 5103 dum
2181 5046 2513 5113 loquentem.
2572 5060 2590 5093 ι
2643 5040 3043 5110 Quinquaginta
3099 5039 3265 5104 ettint,
3300 5038 3568 5105 inquiunt,

2004 5154 2177 5194 annos
2215 5137 2453 5192 nondum
2487 5134 2674 5198 habes,
2718 5145 2772 5188 et
2820 5135 3091 5186 Abraham
3146 5130 3359 5184 vidisti?
3400 5148 3418 5181 ι
3462 5128 3573 5182 Hoc

2006 5244 2183 5285 autent
2213 5230 2483 5294 dicebant,
2514 5227 2886 5281 existimantes
2917 5225 3200 5276 Dominum
3233 5222 3402 5275 ferme
3423 5220 3573 5287 quin-

2005 5332 2265 5392 quaginta
2312 5333 2579 5373 annorum
2614 5332 2773 5372 esse:
2830 5317 3043 5370 tametsi
3091 5326 3217 5367 tunc
3260 5312 3473 5383 triginta
3522 5322 3576 5365 et

2012 5425 2121 5468 tres
2150 5421 2356 5466 tantum
2387 5425 2559 5465 annos
2582 5408 2824 5463 haberet.
2869 5408 3047 5472 Quare
3080 5413 3256 5457 autem
3295 5402 3578 5473 noudixe-

2014 5517 2163 5571 runt,
2184 5505 2544 5574 Quadraginta
2559 5515 2727 5556 annos
2749 5501 2981 5554 nondum
2999 5495 3287 5561 habes,sed
3311 5496 3579 5563 quinoua-

2016 5596 2198 5667 ginta?
2225 5595 2505 5651 Curiosior
2533 5608 2665 5648 sane
2708 5592 2821 5646 haec
2857 5590 3227 5658 interrogatio.
3266 5587 3398 5640 Nam
3447 5586 3581 5637 sitn-

2020 5690 2232 5760 pliciter
2263 5689 2342 5743 sic
2367 5687 2559 5741 incidit
2583 5685 2682 5748 eis,
2715 5690 2772 5736 ttt
2804 5694 3069 5736 memores
3102 5688 3279 5734 essettt
3313 5676 3581 5747 quinqua-

1777 5873 1825 5905 "‘
1856 5870 1997 5929 Psal.
2045 5887 2211 5937 cxvn,
2259 5868 2347 5923 21.
