4060 6576
452 432 526 501 39
1384 428 1964 490 THEOPIIYLACTI
2000 429 2409 492 BULGARIZE
2457 433 2818 496 ARCHIEP.
3634 430 3708 492 40

446 543 596 614 ginta
671 556 961 598 annorum.

449 635 958 705 quinquagesimum
985 635 1065 690 eis
1083 650 1282 689 annum
1303 634 1368 687 ad
1392 633 1650 688 honorem
1672 632 1796 686 anni
1818 630 2028 686 Jubilzei

446 729 672 792 dictum,
707 743 814 796 quo
845 738 896 782 et
935 743 1124 782 servos
1171 727 1370 782 liberos
1409 725 1773 788 dimittebant,
1812 733 1866 779 et
1904 738 2029 793 pos-

445 818 716 873 sessiones
763 831 958 887 empta:
993 819 1382 881 reddebantur,
1420 828 1473 872 et
1497 817 1678 872 omnia
1722 815 1829 869 alia
1867 815 2031 885 perli-

449 913 759 976 ciebantur,
804 926 922 980 qua:
973 915 1039 966 ad
1092 912 1348 966 honorem
1388 911 1479 966 Dei
1517 912 1808 966 constituta
1853 909 1922 964 ⁸³.
1961 910 2031 962 At

453 1004 714 1059 Dominus
759 1005 886 1074 quid
925 1005 1088 1060 dicit?
1123 1025 1140 1057 ι
1178 1005 1484 1075 Antequam
1521 1005 1794 1058 Abraham
1854 1003 2027 1068 ﬁeret,

450 1112 552 1166 ego
590 1113 732 1153 sum.
791 1115 810 1150 ι
862 1096 1018 1162 Vide,
1077 1113 1182 1152 non
1226 1098 1378 1163 dicit,
1415 1098 1720 1165 Antequam
1753 1093 2028 1149 Abraham

449 1192 626 1255 ﬁeret,
658 1205 760 1261 ego
783 1207 930 1244 eram
957 1209 970 1246 :
996 1195 1111 1255 sed,
1151 1210 1169 1243 ι
1205 1209 1346 1246 sum.
1383 1210 1400 1243 ι
1433 1190 1578 1245 Istud
1608 1189 1750 1244 enim
1785 1188 2028 1252 verbum,

458 1303 477 1336 ι
515 1284 669 1348 Sum,
709 1305 728 1336 ι
759 1283 872 1337 Deo
903 1284 1121 1352 proprie
1145 1283 1422 1348 convenit,
1457 1295 1524 1334 eo
1565 1279 1708 1350 quod
1739 1288 2032 1349 perpetuus

449 1379 518 1432 sit
556 1388 609 1431 et
648 1377 1033 1444 sempiternus,
1083 1377 1134 1430 id
1168 1377 1309 1446 quod
1344 1376 1446 1430 hoc
1479 1374 1701 1426 verbum
1735 1370 2027 1440 significat.

446 1469 635 1538 Itaque
703 1468 866 1523 Pater
905 1467 1020 1535 ejus
1054 1468 1107 1522 in
1148 1469 1313 1522 veteri
1354 1467 1468 1534 lege
1501 1466 1601 1518 hoc
1647 1463 1808 1517 verbo
1840 1461 2029 1524 utitur,

453 1581 470 1614 ι
514 1561 626 1630 Ego
659 1576 777 1616 smn
813 1561 902 1631 qui
947 1576 1062 1614 sum
1110 1559 1180 1616 ".
1212 1578 1230 1610 ι
1285 1557 1358 1612 De
1403 1558 1675 1612 Abraham
1723 1569 1852 1608 vero
1895 1553 2034 1605 dixit

446 1655 616 1723 ﬁeret,
669 1657 880 1716 merito,
930 1663 1186 1723 tanquam
1245 1654 1312 1707 de
1358 1647 1722 1718 corruptibili.
1767 1645 1902 1700 Nam
1938 1644 2032 1714 qui

449 1745 624 1800 factus
666 1758 769 1809 est,
816 1757 870 1800 et
918 1747 1306 1814 corrumpitur.
1358 1741 1596 1797 Verbum
1649 1751 1828 1794 autem
1876 1738 2030 1802 Sum,

449 1839 689 1893 divinam
735 1849 789 1895 et
841 1841 908 1894 ab
965 1842 1110 1892 omni
1162 1837 1512 1906 corruptione
1549 1835 1780 1888 alienam
1834 1831 2034 1900 sempi.

1047 539 1434 595 Verumtamen
1519 540 1708 593 dicunt
1773 538 2036 607 quidam,

2146 541 2372 596 ἐπελθὸν
2408 543 2613 607 αὐτοῖς,
2658 543 3008 614 ἐμνήσθησαν
3039 542 3145 596 τῶν
3193 543 3533 613 πεντήκοντα
3561 541 3722 594 ἐτῶν.

2141 633 2287 704 Πλὴν
2314 635 2450 702 φασί
2478 653 2644 699 τινες,
2680 637 2760 689 ἔτι
2790 636 2876 690 διὰ
2911 637 2970 688 τὸ
2994 637 3360 709 πεντηκοστὸν
3394 635 3513 699 ἔτος
3540 635 3725 697 αὐτοῖς

2131 723 2220 776 διὰ
2238 724 2405 792 τιμῆς
2427 725 2678 792 ἄγεσθαι,
2705 725 2794 778 τὸν
2821 727 3110 797 ἰωϐηλαῖὸν
3136 744 3276 797 φημι
3297 726 3562 790 ἐνιαυτὸν,
3597 724 3722 777 καθ’

2132 816 2190 868 ὃν
2216 819 2310 871 καὶ
2337 817 2560 882 δούλους
2578 819 2929 889 ἠλευθέρουν.
2970 822 3062 872 καὶ
3088 822 3332 889 κτήσεως
3363 819 3588 886 ὠνητῶν
3622 835 3725 870 πα·-

2137 909 2432 980 ρεχώρουν,
2468 910 2562 964 καὶ
2594 911 2640 963 τ’
2691 911 2825 965 ἄλλα
2859 912 3035 966 πάντα
3065 912 3300 973 ἐτέλουν,
3333 913 3434 965 ὅσα
3460 913 3540 974 είς
3584 910 3721 963 Θεοῦ

2131 1001 2300 1072 τιμὴν
2325 1001 2540 1073 ἔφερεν.
2573 1005 2630 1055 ὐ
2652 1002 2707 1055 δὲ
2741 1003 2945 1072 Κύριος
2972 1005 3204 1074 τίφησις
3245 1023 3262 1054 ι
3290 1003 3427 1073 Πρὶν
3469 1003 3724 1071 Ἀϐραὲμ

2134 1097 2406 1164 γενέσθαι,
2427 1098 2537 1166 ἐγώ
2565 1101 2700 1168 εἰμι.
2746 1118 2762 1149 ι
2796 1099 2963 1168 Ὅρα,
3001 1100 3098 1150 οὐκ
3135 1096 3277 1150 εἷπε·
3310 1101 3446 1168 Πρὶν
3468 1098 3724 1168 Ἀϐραὰμ

2133 1189 2407 1257 γενέσθαι,
2445 1191 2615 1261 ἥμην,
2659 1190 2774 1243 ἀλλ’
2814 1210 2830 1244 ι
2892 1191 3042 1260 Εἱμί.
3088 1210 3106 1242 ι
3157 1190 3308 1260 Αὕτη
3351 1192 3460 1258 γὰρ
3511 1190 3724 1260 ὴλὲξις

2135 1286 2218 1345 τὸ,
2259 1302 2278 1334 t
2313 1283 2465 1352 Εἰμὶ,
2509 1301 2526 1333 ι
2564 1285 2655 1336 ἐπὶ
2685 1283 2822 1337 Θεοῦ
2854 1284 3187 1356 κυριωτέρα,
3217 1285 3311 1338 ἅτε
3338 1282 3432 1336 τοῦ
3455 1282 3723 1352 διηνεκῶς

2135 1369 2273 1426 εἶναι
2309 1375 2402 1426 καὶ
2432 1375 2520 1427 ἀεὶ
2569 1377 2880 1445 σημαντικὴ
2914 1391 2927 1403 ·
2967 1375 3154 1446 ὥσπερ
3189 1375 3282 1428 οὖν
3325 1377 3419 1428 καὶ
3467 1375 3495 1426 ὁ
3532 1373 3722 1442 Πατὴρ

2135 1467 2300 1520 αὑτοῦ
2337 1468 2394 1519 ἐν
2426 1470 2490 1538 τῇ
2526 1469 2757 1538 Παλατᾷ,
2800 1468 2970 1539 ταύτῃ
3017 1469 3284 1539 κέχρηται
3314 1484 3328 1498 ’
3367 1485 3385 1519 ‹
3436 1466 3580 1535 Ἐγώ
3604 1468 3722 1533 είμι

2137 1560 2164 1610 ὁ
2190 1557 2283 1612 ὢν.
2327 1579 2344 1610 ι
2395 1561 2520 1613 Ἐπὶ
2541 1561 2598 1614 δὲ
2630 1561 2722 1614 τοῦ
2769 1561 3022 1631 Ἀϐραὰμ
3051 1556 3170 1613 εἷπε
3202 1561 3282 1622 τὸ,
3323 1580 3341 1611 t
3383 1558 3661 1622 Γενέσθαι,
3697 1576 3716 1608 ι

2135 1653 2384 1716 είκὸτως,
2427 1653 2500 1716 ὼς
2533 1653 2796 1723 φθαρτοῦ.
2844 1655 2918 1708 Τὸ
2945 1653 3056 1726 γὰρ
3089 1654 3331 1722 γεγονὸς,
3365 1652 3458 1706 καὶ
3501 1651 3722 1720 φθείρε-

2133 1759 2258 1797 ται·
2291 1745 2353 1796 το
2381 1744 2457 1809 δὲ,
2495 1765 2513 1797 ι
2554 1747 2705 1816 Εἰμὶ,
2749 1765 2766 1796 ι
2819 1746 3000 1814 πάσης
3047 1746 3256 1817 φθορᾶς
3299 1744 3593 1815 ἀμεθεξίαν
3628 1745 3724 1795 καὶ

2138 1839 2416 1909 ἀϊδιότητα
2449 1840 2601 1892 θείαν
2637 1839 2914 1907 ἐμφαίνει.
2947 1839 3038 1893 Διὸ
3081 1839 3175 1893 καὶ
3209 1839 3365 1892 αὐτοὶ
3400 1837 3724 1908 βλάσφημον

423 1932 762 1985 .ternilatetn
811 1931 1099 2002 signilit-at.
1153 1931 1497 1998 Quapmpter
1536 1939 1587 1982 et
1632 1925 1801 1980 Judwi
1843 1925 2032 1978 existi-

2143 1933 2198 1985 τὸ
2253 1908 2404 2003 ῥῆμα
2459 1933 2785 2002 νομίσαντες
2850 1931 2992 2004 (Θεῷ
3054 1934 3162 2002 γὰρ
3240 1932 3386 2002 μόνῳ
3444 1928 3722 2000 ἁρμόζει),

453 2036 662 2078 mantes
713 2027 812 2080 hoc
859 2025 1232 2092 blasphemiam
1290 2025 1516 2078 verbum
1569 2021 1692 2092 (soli
1743 2020 1886 2074 enim
1926 2019 2034 2072 Deo

449 2117 721 2187 convenit)
747 2136 765 2168 ι
795 2118 1032 2171 tulerunt
1055 2117 1257 2184 lapides
1285 2135 1303 2168 ι
1327 2125 1516 2170 contra
1539 2130 1683 2168 eum.
1716 2113 1783 2167 At
1807 2112 2037 2182 ipseite-

449 2225 567 2264 rum
601 2211 888 2275 delitescit,
937 2226 995 2265 se
1033 2210 1345 2275 humilians,
1397 2223 1463 2262 ne
1507 2217 1632 2261 ante
1671 2215 1883 2274 tempus
1923 2219 2038 2260 mo-

451 2301 641 2355 riatur.
678 2303 960 2368 Quomodo
997 2312 1180 2355 autem
1225 2315 1286 2354 se
1320 2298 1597 2354 occultat?
1625 2295 1743 2350 Non
1777 2297 1830 2350 in
1865 2311 2036 2358 angu-

452 2392 560 2445 lum
617 2392 802 2461 templi
862 2409 921 2446 se
976 2392 1226 2461 conjecit,
1281 2406 1452 2460 neque
1511 2391 1563 2443 in
1653 2387 2036 2442 donmntulatn

450 2483 742 2550 quamdam
777 2483 932 2552 fugit,
964 2496 1138 2549 neque
1169 2491 1287 2550 post
1321 2481 1578 2548 parietem
1615 2480 1693 2532 vel
1715 2478 2026 2531 columnam

450 2590 510 2628 se
536 2575 864 2639 incnrvavit,
899 2576 992 2627 sed
1023 2590 1118 2626 sua
1168 2588 1362 2642 magna
1405 2582 1678 2640 potestate
1709 2569 2037 2624 invisibilem

446 2666 608 2738 631
643 2681 702 2722 se
746 2667 871 2720 facit
904 2664 1338 2727 insidiatoribus,
1373 2664 1624 2734 quamvis
1668 2679 1762 2732 per
1801 2663 2036 2716 medium

451 2761 665 2813 illorum
693 2760 885 2814 exiret.
920 2757 983 2810 Et
1020 2776 1036 2808 t
1070 2758 1363 2827 praeterivit
1399 2756 1500 2817 sie,
1532 2773 1550 2806 ι
1593 2755 1640 2809 id
1669 2765 1752 2809 est
1796 2756 2042 2808 transivit

450 2851 775 2918 simpliciter
811 2861 866 2905 et
901 2852 1104 2917 absque
1146 2849 1349 2902 labore.
1395 2847 1523 2901 Vide
1561 2857 1740 2900 autem
1770 2846 2039 2915 quomodo

451 2944 565 3012 ipse
609 2944 830 3013 quidem
887 2944 1066 2997 omnia
1127 2959 1248 3011 quae
1287 2942 1538 3006 debebat,
1589 2941 1851 3011 implevit.
1906 2938 2038 2993 Nam

449 3038 566 3107 ipse
597 3037 814 3107 quidem
857 3038 990 3090 satis
1014 3051 1111 3089 eos
1137 3036 1321 3089 docuit
1345 3043 1396 3088 et
1453 3037 1517 3088 de
1566 3049 1644 3098 se,
1685 3047 1740 3087 et
1771 3033 1836 3087 de
1859 3033 2040 3098 Patre,

447 3141 503 3184 et
532 3130 856 3184 monstravit
901 3131 981 3182 eis
1019 3127 1356 3181 nobilitatem
1399 3135 1450 3179 et
1483 3126 1790 3179 libertatem
1828 3141 2037 3188 veram,

448 3237 571 3290 qua:
617 3241 643 3274 a
708 3220 946 3290 peccatis
993 3219 1161 3274 libera
1207 3228 1312 3282 est,
1363 3228 1416 3271 et
1454 3217 1599 3286 quod
1641 3217 1752 3271 Sola
1803 3218 2036 3270 servitus

2146 2046 2162 2076 ι
2197 2021 2337 2096 ἦραν
2373 2025 2559 2088 λίθους
2598 2044 2615 2077 ι
2651 2027 2737 2078 ἐπ’
2765 2025 2930 2079 αὐτόν
2957 2041 2970 2056 ³
3011 2025 3170 2089 αὐτὸς
3201 2025 3257 2078 δὲ
3284 2025 3587 2094 κρύπτεται
3618 2021 3724 2073 πά-

2139 2118 2222 2171 λιν
2252 2117 2700 2185 συστελλόμενος,
2733 2119 2819 2171 ἵνα
2845 2119 2920 2187 μὴ
2947 2117 3050 2188 πρὸ
3077 2116 3273 2186 καιροῦ
3301 2113 3570 2185 ἀποθάνῃ.
3601 2113 3724 2174 Πῶς

2137 2209 2194 2263 δὲ
2228 2210 2333 2280 ἄρα
2385 2210 2722 2282 κρύπτεται;
2761 2212 2872 2262 Οὐκ
2903 2211 2980 2272 είς
3011 2209 3212 2278 γωνίαν
3251 2206 3344 2260 τοῦ
3381 2205 3525 2275 ἱεροῦ
3573 2203 3726 2255 δεδυο

2139 2303 2274 2366 κὼς,
2328 2303 2436 2356 οὐδ’
2474 2304 2554 2366 εἰς
2587 2303 2832 2357 οἰκίσκον
2871 2300 3284 2372 καταφυγὼν,ἢ
3318 2300 3493 2352 ὀπίσω
3538 2297 3722 2366 τοίχου

2140 2396 2235 2447 καὶ
2266 2393 2460 2447 στόλου
2509 2394 2890 2465 περικάμψας,
2941 2393 3057 2448 ἀλλ’
3093 2392 3312 2462 ἐξουσίᾳ
3354 2392 3512 2462 θεϊκῃ
3555 2389 3726 2460 ἀόρα-

2139 2503 2231 2540 τον
2277 2485 2468 2539 ἑαυτὸν
2499 2490 2612 2549 τοῖς
2665 2486 3078 2540 ἐπιϐουλεύουσι
3126 2485 3496 2554 καταστήσας,
3544 2483 3724 2535 καίτοι

2139 2577 2226 2631 διὰ
2272 2578 2438 2649 μέσον
2492 2578 2670 2631 αὐτῶν
2723 2578 2905 2644 ἐξιών.
2959 2597 2975 2629 ι
3027 2578 3138 2631 Καὶ
3178 2577 3428 2647 παρῆγεν
3481 2573 3659 2649 οὕτωσ
3699 2592 3721 2624 ι

2143 2671 2417 2736 τουτέστι,
2481 2671 2734 2742 διήρχετο
2783 2671 2966 2734 ἁπλῶς
3005 2669 3148 2723 οὕτω
3195 2669 3291 2722 καὶ
3337 2642 3635 2740 ἁπρέικιθως
3669 2668 3727 2719 ἐν

2143 2761 2221 2832 τῷ
2267 2760 2430 2824 τέως.
2483 2761 2622 2830 Ὅρα
2655 2760 2712 2812 δέ.
2747 2777 2858 2830 μοι,
2909 2759 3026 2821 πῶς
3072 2759 3234 2820 αὐτὸς
3285 2756 3384 2826 μὲν
3435 2754 3614 2808 πάντα
3661 2752 3730 2805 τὰ

2141 2854 2335 2909 ἐαυτοῦ
2361 2853 2742 2924 πεπλήρωκεν.
2788 2851 3008 2914 ’ἱκανῶς
3033 2867 3091 2903 τε
3123 2850 3228 2922 γὰρ
3249 2850 3443 2912 αὐτοὺς
3487 2844 3727 2911 ἐδίδαξε,

2147 2950 2242 3002 καὶ
2295 2945 2426 3018 περὶ
2480 2943 2674 2998 ἑαυτοῦ
2724 2945 2820 2999 καὶ
2868 2944 2963 2998 τοῦ
3006 2943 3242 3014 Πατρὸς,
3282 2943 3378 2995 καὶ
3429 2940 3525 3012 τὴν
3558 2939 3730 2999 ὅντως

2144 3039 2424 3109 εὐγένειαν
2489 3040 2581 3092 καὶ
2638 3036 2954 3107 ἐλευθερίαν
2990 3037 3089 3105 τὴν
3129 3035 3235 3088 ἀπὸ
3279 3035 3388 3088 τῶν
3440 3033 3729 3104 ἁμαρτιῶν

2146 3131 2414 3199 ὑπέδειξε,
2448 3133 2541 3185 καὶ
2575 3131 2659 3184 ὅτι
2699 3130 2834 3200 μόνη
2862 3128 3074 3181 δουλεία
3107 3129 3311 3200 αἰσχρὰ
3339 3130 3372 3198 ἡ
3411 3129 3506 3196 τῆς
3544 3128 3729 3197 ἁμαρ·

2143 3226 2286 3292 τίσις,
2329 3226 2424 3279 καὶ
2457 3223 2666 3288 ἁπλῶς,
2693 3224 2845 3276 οὐδὲν
2878 3224 2988 3275 τῶν
3021 3223 3248 3276 δεόντων
3280 3220 3556 3290 ὲνέλειψεν
3582 3236 3594 3250 ⁶
3632 3220 3726 3272 αὑ-

448 3313 654 3383 peCCati
687 3311 869 3366 l'tha:
901 3324 954 3365 et
988 3311 1040 3364 in
1068 3326 1305 3373 summa,
1335 3309 1464 3362 nihil
1491 3324 1676 3363 eorum
1707 3323 1826 3378 quae
1863 3324 2031 3375 opor-

2143 3283 2340 3373 τοὶ-’δὲ
2401 3319 2496 3372 καὶ
2559 3283 2929 3370 λιθοϐολοῦσιν
2990 3318 3172 3372 αὐτόν.
3222 3317 3314 3370 Διὸ
3363 3283 3730 3384 καὶ-ἀφίησιν

452 3405 619 3469 lebat,
671 3403 934 3472 reliquit:
970 3401 1044 3456 illi
1097 3411 1276 3454 autem
1328 3401 1570 3468 lapidant
1612 3414 1755 3452 eum.
1795 3397 1919 3451 Ideo
1954 3415 2041 3452 re-

461 3498 656 3568 linquit
679 3495 822 3562 illos,
842 3495 967 3565 quia
991 3509 1095 3548 non
1115 3494 1253 3548 ultra
1269 3493 1661 3547 cor-r'ertionem
1684 3490 2038 3559 recipiebant.

450 3589 664 3644 Adnota
717 3599 898 3642 autem
963 3587 1105 3656 quod
1172 3585 1477 3656 lapidantes
1537 3585 1708 3648 illum,
1777 3583 1827 3636 hi
1883 3591 2042 3635 erant

452 3685 517 3737 de
558 3682 756 3753 quibus
814 3681 953 3736 dixit
1007 3679 1337 3750 evangelista
1394 3679 1537 3747 quod
1595 3676 1926 3732 crediderint
1984 3675 2040 3728 in

448 3791 594 3842 eum,
677 3776 748 3830 ita
799 3775 932 3828 lidea
970 3773 1188 3829 illorum
1244 3788 1348 3826 non
1389 3779 1508 3825 erat
1562 3769 1710 3831 ﬁdes,
1778 3769 1872 3823 sed
1907 3775 2043 3821 tem-

449 3867 663 3935 poraria
714 3870 960 3936 quaedam
1014 3875 1071 3920 et
1136 3863 1333 3934 [rigida
1397 3863 1610 3916 all‘ectio
1673 3861 1727 3916 in
1777 3861 1861 3916 his
1923 3875 2042 3929 qua:

448 3961 668 4017 Christo
700 3959 1046 4016 dicebantur.

1073 4067 1504 4142 CAPUTIX.‘

921 4161 998 4216 Dc
1037 4177 1174 4216 croco
1210 4179 1241 4215 α
1275 4162 1580 4216 nativilale.

519 4270 688 4327 Vens.
727 4270 780 4337 l,
811 4271 869 4326 2.
906 4288 924 4322 ι
965 4270 1031 4325 Ει
1059 4269 1382 4341 praeteriens
1415 4267 1574 4326 Jcsns
1603 4267 1736 4322 vidit
1766 4267 2038 4322 hominem

449 4381 651 4422 τωρωι)
694 4379 723 4419 a
766 4364 1071 4428 nativitate,
1099 4373 1155 4416 et
1199 4363 1676 4431 interrogaverunt
1719 4374 1841 4414 eum
1869 4361 2041 4416 disci-

447 4457 560 4528 puli
597 4455 733 4525 ejus,
769 4457 1058 4509 dicentes:
1096 4452 1294 4519 Rabbi,
1331 4455 1455 4524 quis
1501 4453 1770 4524 peccavit,
1822 4453 1929 4515 hic,
1971 4469 2038 4506 an

451 4558 708 4618 parentes
735 4546 873 4617 ejus,
922 4558 982 4602 ut
1017 4562 1196 4604 caecus
1231 4544 1596 4601 nasceretur?
1637 4562 1656 4595 ι
1714 4544 1892 4598 Exivit
1920 4545 2040 4613 qni-

2143 3413 2362 3476 αὐτοὺς,
2412 3410 2488 3473 ὡς
2533 3408 2733 3480 μηκέτι
2779 3407 3101 3478 δεχομένους
3140 3408 3449 3478 διόρθωσιν.
3493 3407 3732 3474 Ἐπεσή-

2147 3518 2283 3572 μηνε
2341 3501 2419 3566 δὲ,
2475 3501 2556 3554 ὅτι
2606 3492 2751 3553 οὗτοι
2803 3501 2852 3552 oi
2903 3499 3304 3562 λιθοϐολοῦντες
3352 3499 3537 3562 αὑτὸν,
3573 3499 3731 3550 αὐτοὶ

2142 3589 2280 3664 ἦσαν
2305 3591 2400 3655 οὓς
2431 3587 2585 3645 εἶπεν
2627 3593 2654 3644 ὁ
2703 3591 3119 3662 εὐαγγελιστὴς,
3165 3593 3248 3646 ὅτι
3285 3613 3302 3643 ι
3366 3591 3730 3644 Ἐπίστευσαν

2144 3691 2223 3752 εἰς
2255 3687 2418 3740 αὐτόν
2447 3703 2460 3716 ·
2518 3705 2536 3736 ι
2575 3685 2748 3749 οὕτως
2792 3688 2898 3757 ἄρα
2931 3689 2966 3756 ἠ
3007 3689 3188 3748 πίστις
3224 3686 3404 3739 αὐτῶν
3449 3686 3510 3737 οὐ
3543 3685 3730 3746 πίστις

2144 3774 2231 3849 ἦν,
2261 3777 2398 3832 ἀλλὰ
2435 3776 2772 3847 πρόσκαιρός
2802 3795 2884 3838 τις
2928 3778 3022 3829 καὶ
3049 3777 3236 3848 ψυχρὰ
3264 3775 3594 3838 συνδιάθεσις
3633 3775 3733 3828 ἐπὶ

2143 3876 2256 3938 τοίς
2292 3873 2397 3926 ὑπὸ
2422 3873 2662 3944 Χριστοῦ
2707 3873 3044 3944 λεγομένοις.

2750 4076 2976 4128 ΚΕΦΑΛ
2988 4115 3002 4129 .
3044 4073 3121 4128 Θ’.

2451 4169 2590 4236 Περὶ
2628 4168 2737 4222 τοῦ
2771 4169 2838 4222 ἐκ
2875 4165 3120 4239 γενετῆς
3156 4164 3412 4236 τυφλοῦ.

2219 4295 2237 4326 ι
2264 4276 2371 4329 Καὶ
2392 4276 2680 4348 παράγων,
2704 4270 2844 4328 εἶδεν
2869 4275 3156 4346 ἄνθρωπον
3180 4273 3376 4342 τυφλὸν
3395 4274 3459 4326 ἐκ
3479 4276 3730 4344 γενετῆς,

2143 4368 2236 4421 καὶ
2268 4369 2560 4439 ἠρώτησαν
2616 4369 2779 4421 αὑτὸν
2842 4369 2889 4420 oi
2941 4366 3180 4437 μαθηταὶ
3227 4366 3391 4420 αὐτοῦ
3441 4367 3730 4435 λέγοντες·

2153 4459 2366 4525 Ῥαϐϐὶ,
2432 4459 2515 4522 τίς
2542 4459 2816 4530 ἥμαρτεν,
2865 4452 3019 4520 οὗτος
3053 4459 3086 4529 ἢ
3124 4459 3173 4510 oi
3216 4460 3393 4526 γονεῖς
3426 4459 3616 4526 αὐτοῦ,
3648 4462 3736 4514 ἵνα

2141 4553 2342 4621 τυφλὸς
2374 4551 2607 4622 γενηθῇ;
2651 4573 2670 4605 ι
2711 4552 2922 4616 Ἐξεισι
2949 4552 3047 4620 μὲν
3069 4552 3132 4602 ἐκ
3153 4551 3246 4603 τοῦ
3277 4552 3423 4620 ἱεροῦ
3446 4554 3474 4604 ὁ
3505 4553 3733 4623 Κύριος,

447 4643 570 4696 dem
602 4644 671 4696 de
701 4641 900 4712 templo
932 4639 1215 4706 Dominus,
1261 4649 1321 4694 ut
1353 4639 1502 4694 furor
1529 4635 1839 4692 Iuda-orum
1886 4636 2036 4690 miti-

2143 4645 2220 4718 τῷ
2249 4646 2406 4717 θυμῷ
2435 4645 2544 4699 τῶν
2586 4645 2854 4698 Ἰουδαίων
2885 4645 3219 4713 παραψυχήν
3246 4661 3366 4698 τινα
3403 4643 3740 4715 μηχανώμε-

448 4744 708 4806 garetur:
741 4735 807 4788 ad
840 4734 1143 4788 sanandum
1191 4742 1373 4787 autem
1422 4746 1624 4788 catcum
1675 4729 2034 4796 convertitur,

448 4827 616 4883 etiam
653 4843 748 4899 per
778 4828 882 4882 hoc
917 4827 1135 4896 signum
1184 4825 1442 4880 duritiam
1483 4835 1536 4879 et
1586 4823 2038 4892 impersuasibili-

451 4929 620 4976 tatem
653 4935 842 4976 eorum
893 4920 1146 4990 frangere
1184 4932 1424 4978 eonans,
1473 4917 1689 4970 tametsi
1741 4916 1878 4969 nihil
1933 4915 2042 4970 illis

449 5015 755 5084 prodesset.
812 5011 1040 5082 insuper
1086 5022 1142 5067 et
1187 5010 1426 5067 ostendit
1465 5010 1548 5064 eis
1599 5008 1743 5078 quod
1783 5023 1889 5064 non
1919 5009 2040 5063 sine

450 5121 614 5160 causa
645 5121 822 5176 neque
845 5115 1168 5177 arroganter
1191 5104 1429 5160 dixerit:
1463 5121 1482 5156 t
1518 5102 1838 5173 Priusquam
1869 5103 2042 5157 Abra-

450 5199 577 5254 ham
615 5197 807 5266 ﬁe‘ret,
844 5214 944 5270 ego
984 5215 1102 5254 sum
1126 5197 1194 5252 "'.
1254 5216 1273 5250 δ
1325 5197 1465 5252 Ecce
1521 5198 1664 5251 enim
1715 5195 2038 5249 miraculum

451 5293 605 5359 facit,
655 5293 814 5362 quale
850 5294 1029 5347 nullus
1077 5308 1316 5361 unquam
1377 5291 1546 5361 prius.
1587 5289 1722 5343 Nam
1772 5290 1873 5343 etsi
1921 5288 2044 5357 quis

453 5386 728 5455 aperuerit
757 5386 940 5442 oculos
969 5386 1121 5449 etaci,
1152 5401 1257 5440 non
1301 5397 1478 5440 tamen
1519 5384 1648 5439 caeci
1688 5382 1822 5435 nati.
1857 5380 2036 5434 Mani-

454 5479 646 5532 festum
679 5477 843 5548 igitur
867 5484 1011 5548 quod
1042 5478 1185 5534 Dens
1222 5479 1314 5543 sit,
1350 5488 1397 5533 el
1437 5487 1564 5531 ante
1609 5477 1912 5539 Abraham,
1949 5473 2041 5542 qui

453 5567 580 5624 fecit
613 5570 714 5623 hoc
746 5572 889 5640 quod
943 5587 973 5626 a
1024 5571 1222 5627 stecnlo
1275 5586 1380 5626 non
1436 5570 1638 5624 factum
1689 5579 1795 5622 est.
1856 5567 2042 5620 Dedita

456 5666 637 5714 autem
666 5673 828 5726 Opera
873 5663 938 5716 ad
987 5677 1189 5716 ca-curn
1241 5663 1407 5725 venit,
1457 5674 1562 5714 u'on
1610 5658 1697 5712 ille
1747 5658 1813 5710 ad
1849 5657 2042 5724 ipsum.

460 5747 697 5806 Proinde
724 5763 776 5807 et
809 5753 1057 5822 discipuli
1095 5769 1217 5809 cum
1253 5753 1514 5808 vidissent
1540 5765 1664 5805 eum
1699 5759 1808 5801 tam
1838 5748 2045 5800 intente

530 5909 576 5939 ”
609 5907 784 5964 Levit.
830 5927 1006 5978 xxvn,
1034 5912 1124 5976 ‘24,
1158 5925 1312 5980 seqq.
1388 5910 1434 5942 ³⁸
1474 5906 1647 5962 Exod.
1685 5902 1878 5972 111,“.

2148 4755 2257 4802 νος·
2299 4739 2391 4791 ἐπὶ
2427 4737 2728 4808 θεραπείαν
2765 4735 2821 4788 δὲ
2851 4734 2945 4787 τοῦ
2971 4733 3171 4802 τυφλοῦ
3203 4736 3485 4806 τρέπεται,
3519 4735 3610 4789 διὰ
3641 4735 3738 4790 τοῦ

2151 4831 2379 4901 σημείου
2415 4831 2609 4882 τούτου
2641 4828 2700 4880 τὸ
2741 4825 2976 4896 σκληρὸν
3010 4827 3193 4880 αὐτῶν
3229 4829 3324 4880 καὶ
3364 4827 3591 4890 ἀπειθὲς
3629 4845 3739 4897 μα-

2147 4923 2382 4986 λάσσων,
2417 4925 2465 4974 εί
2497 4921 2591 4974 καὶ
2621 4919 2787 4990 μηδὲν
2811 4917 3135 4984 ὠφελοῦντο·
3167 4918 3286 4988 ἅμα
3312 4919 3367 4971 δὲ
3395 4919 3610 4981 δεικνὺς
3639 4921 3741 4971 αὑ-

2147 5016 2283 5075 τοῖς,
2317 5013 2398 5065 ὅτι
2429 5013 2490 5065 οῦ
2527 5012 2726 5081 μάτην,
2758 5008 2878 5061 οὐδὲ
2910 5009 3233 5078 κομπάζων,
3273 5004 3390 5062 εἷπε
3422 5010 3503 5064 τό·
3543 5028 3562 5062 t
3602 5013 3740 5080 Πρὶν

2162 5102 2414 5171 Ἀϐραὰμ
2439 5101 2732 5166 γενέσθαι,
2785 5097 2896 5164 ἐγώ
2952 5098 3092 5165 εἰμι.
3137 5115 3156 5147 ι
3211 5098 3343 5151 Ἰδοὺ
3394 5101 3502 5168 γὰρ
3550 5099 3740 5170 θαῦμα

2150 5194 2315 5257 τελεῖ,
2341 5189 2451 5246 οἷον
2486 5192 2660 5252 οὐδεὶς
2691 5188 2912 5242 πώποτε
2943 5188 3232 5257 πρότερον.
3270 5190 3331 5241 Ei
3363 5191 3471 5259 γὰρ
3511 5193 3608 5242 καὶ
3647 5209 3743 5244 τυ-

2151 5283 2286 5354 φλοῦ
2327 5283 2636 5352 ὀφθαλμοὺς
2676 5279 2879 5349 ἀνέῳξέ
2925 5297 3031 5342 τις,
3079 5279 3194 5332 ἀλλ’
3241 5281 3302 5332 οὐ
3333 5285 3740 5352 γεγεννημένου

2154 5374 2387 5444 τυφλοῦ·
2438 5373 2715 5441 προφανὲς
2757 5370 2872 5434 οὖν,
2908 5371 2990 5423 ὅτι
3039 5370 3114 5434 ὡς
3170 5369 3300 5434 Θεὸς
3352 5376 3445 5426 καὶ
3485 5376 3592 5446 πρὸ
3646 5377 3742 5429 τοῦ

2183 5465 2419 5536 Λϐρειὰμ
2446 5463 2555 5528 ὢν,
2609 5464 2754 5516 τελεῖ
2795 5461 2955 5515 τοῦτο
3004 5463 3068 5514 τὸ
3105 5465 3271 5534 μήπω
3313 5463 3373 5529 ἐξ
3417 5466 3612 5530 αἰῶνος
3654 5485 3745 5521 τε·

2151 5557 2367 5610 λεσθὲν.
2423 5556 2706 5624 Ἐπίτηδες
2746 5553 2840 5606 καὶ
2879 5555 2972 5608 ἐπὶ
3025 5554 3114 5607 τὸν
3159 5556 3359 5624 τυφλὸν
3391 5552 3555 5627 ἦλθεν
3582 5601 3597 5625 ,
3639 5561 3742 5613 οὑκ

2158 5651 2366 5712 ἐκεῖνος
2399 5648 2532 5720 πρὸς
2562 5648 2746 5702 αὐτόν.
2781 5646 2938 5700 Οὕτω
2967 5646 3099 5715 γοῦν
3132 5649 3224 5702 καὶ
3255 5650 3304 5701 οἱ
3333 5649 3577 5720 μαθηταὶ
3609 5653 3745 5706 ἰδόν-

2157 5759 2250 5804 τες
2272 5742 2434 5794 αὑτὸν
2481 5739 2862 5812 προσεκτικῶς
2886 5739 3229 5811 ἐμϐλέψαντα
3255 5743 3332 5814 τῷ
3357 5743 3568 5816 τυφλῷ,
3598 5743 3740 5814 ἐρω-

1958 5901 2001 5932 ²⁷
2028 5899 2185 5954 Joan.
2218 5914 2336 5966 vni,
2357 5899 2446 5953 58.
