  <div class='ocr_page' id='page_1' title='image "/cluster/home/n/w/nwhite01/storage/ocr_20150623/124/hvd.32044019208206/036.png"; bbox 0 0 4060 6612; ppageno 0'>
   <div class='ocr_carea' id='block_1_1' title="bbox 313 425 2884 503">
    <p class='ocr_par' dir='ltr' id='par_1_1' title="bbox 313 425 2884 503">
     <span class='ocr_line' id='line_1_1' title="bbox 313 425 2884 503; baseline -0.007 -2"><span class='ocrx_word' id='word_1_1' title='bbox 313 439 364 503; x_wconf 70' lang='grc'><strong>41</strong></span> <span class='ocrx_word' id='word_1_2' title='bbox 964 435 1412 501; x_wconf 79' lang='lat' dir='ltr'><strong>ENARRATIO</strong></span> <span class='ocrx_word' id='word_1_3' title='bbox 1442 435 1526 503; x_wconf 87' lang='grc' dir='ltr'>ΙΝ</span> <span class='ocrx_word' id='word_1_4' title='bbox 1565 425 2065 498; x_wconf 80' lang='lat' dir='ltr'><strong>EVANGELIUM</strong></span> <span class='ocrx_word' id='word_1_5' title='bbox 2092 427 2435 498; x_wconf 80' lang='lat' dir='ltr'><strong>JOANNIS.</strong></span> <span class='ocrx_word' id='word_1_6' title='bbox 2463 453 2533 465; x_wconf 92' lang='grc'><strong><em>-</em></strong></span> <span class='ocrx_word' id='word_1_7' title='bbox 2579 428 2737 491; x_wconf 79' lang='lat' dir='ltr'><strong>CAP.</strong></span> <span class='ocrx_word' id='word_1_8' title='bbox 2777 427 2884 488; x_wconf 79' lang='lat' dir='ltr'><strong>IX.</strong></span> 
     </span>
    </p>
   </div>
   <div class='ocr_carea' id='block_1_2' title="bbox 3473 419 3583 485">
    <p class='ocr_par' dir='ltr' id='par_1_2' title="bbox 3473 419 3583 485">
     <span class='ocr_line' id='line_1_2' title="bbox 3473 419 3583 485; baseline -0.055 1"><span class='ocrx_word' id='word_1_9' title='bbox 3473 419 3583 485; x_wconf 68' lang='grc'><strong>62.</strong></span> 
     </span>
    </p>
   </div>
   <div class='ocr_carea' id='block_1_3' title="bbox 310 539 1887 627">
    <p class='ocr_par' dir='ltr' id='par_1_3' title="bbox 310 547 1872 627">
     <span class='ocr_line' id='line_1_3' title="bbox 310 547 1872 627; baseline -0.006 -17"><span class='ocrx_word' id='word_1_10' title='bbox 310 557 448 610; x_wconf 77' lang='grc' dir='ltr'>τῶσιο</span> <span class='ocrx_word' id='word_1_11' title='bbox 487 573 504 608; x_wconf 84' lang='grc' dir='ltr'><strong>ι</strong></span> <span class='ocrx_word' id='word_1_12' title='bbox 539 555 635 619; x_wconf 87' lang='grc' dir='ltr'>Τίς</span> <span class='ocrx_word' id='word_1_13' title='bbox 664 555 910 626; x_wconf 65' lang='grc' dir='ltr'>ἥμαρτεν</span> <span class='ocrx_word' id='word_1_14' title='bbox 935 595 950 622; x_wconf 86' lang='grc'><strong>,</strong></span> <span class='ocrx_word' id='word_1_15' title='bbox 985 549 1141 619; x_wconf 76' lang='grc' dir='ltr'>οὗτος</span> <span class='ocrx_word' id='word_1_16' title='bbox 1177 555 1210 627; x_wconf 83' lang='grc' dir='ltr'>ἢ</span> <span class='ocrx_word' id='word_1_17' title='bbox 1258 556 1306 610; x_wconf 78' lang='grc' dir='ltr'>οἱ</span> <span class='ocrx_word' id='word_1_18' title='bbox 1344 556 1522 624; x_wconf 83' lang='grc' dir='ltr'>γονεῖς</span> <span class='ocrx_word' id='word_1_19' title='bbox 1552 550 1741 616; x_wconf 75' lang='grc' dir='ltr'>αὑτοῦ,</span> <span class='ocrx_word' id='word_1_20' title='bbox 1781 547 1872 602; x_wconf 79' lang='grc' dir='ltr'><strong>ῖνα</strong></span> 
     </span>
    </p>
   </div>
   <div class='ocr_carea' id='block_1_4' title="bbox 1995 539 3548 627">
    <p class='ocr_par' dir='ltr' id='par_1_4' title="bbox 1995 539 3548 616">
     <span class='ocr_line' id='line_1_4' title="bbox 1995 539 3548 616; baseline -0.003 -17"><span class='ocrx_word' id='word_1_21' title='bbox 1995 553 2310 616; x_wconf 73' lang='lat' dir='ltr'><strong>ipectantem</strong></span> <span class='ocrx_word' id='word_1_22' title='bbox 2353 560 2578 611; x_wconf 64' lang='lat' dir='ltr'><strong>caecum,</strong></span> <span class='ocrx_word' id='word_1_23' title='bbox 2604 545 2980 615; x_wconf 83' lang='lat' dir='ltr'><strong>interrogant:</strong></span> <span class='ocrx_word' id='word_1_24' title='bbox 3029 559 3046 593; x_wconf 85' lang='grc' dir='ltr'><strong>ι</strong></span> <span class='ocrx_word' id='word_1_25' title='bbox 3084 539 3214 609; x_wconf 88' lang='lat' dir='ltr'><strong>Quis</strong></span> <span class='ocrx_word' id='word_1_26' title='bbox 3257 542 3497 610; x_wconf 84' lang='lat' dir='ltr'><strong>peceavit</strong></span> <span class='ocrx_word' id='word_1_27' title='bbox 3523 543 3548 595; x_wconf 72' lang='grc' dir='ltr'><strong>’ξ</strong></span> 
     </span>
    </p>
   </div>
   <div class='ocr_carea' id='block_1_5' title="bbox 311 641 1873 719">
    <p class='ocr_par' dir='ltr' id='par_1_5' title="bbox 311 641 1873 719">
     <span class='ocr_line' id='line_1_5' title="bbox 311 641 1873 719; baseline -0.004 -18"><span class='ocrx_word' id='word_1_28' title='bbox 311 646 492 715; x_wconf 67' lang='grc' dir='ltr'>τυφλὸς</span> <span class='ocrx_word' id='word_1_29' title='bbox 503 647 736 719; x_wconf 86' lang='grc' dir='ltr'>γεννηθῇ</span> <span class='ocrx_word' id='word_1_30' title='bbox 757 662 772 711; x_wconf 87' lang='grc'><strong>;</strong></span> <span class='ocrx_word' id='word_1_31' title='bbox 806 664 823 699; x_wconf 78' lang='grc' dir='ltr'><strong>ι</strong></span> <span class='ocrx_word' id='word_1_32' title='bbox 837 645 1098 718; x_wconf 65' lang='grc' dir='ltr'><strong>ἱΦαίνεται</strong></span> <span class='ocrx_word' id='word_1_33' title='bbox 1123 646 1222 717; x_wconf 83' lang='grc' dir='ltr'>μὲν</span> <span class='ocrx_word' id='word_1_34' title='bbox 1235 641 1326 702; x_wconf 82' lang='grc' dir='ltr'><strong>οὗν</strong></span> <span class='ocrx_word' id='word_1_35' title='bbox 1347 649 1381 718; x_wconf 77' lang='grc' dir='ltr'><strong>ἡ</strong></span> <span class='ocrx_word' id='word_1_36' title='bbox 1399 645 1662 718; x_wconf 82' lang='grc' dir='ltr'>ἐρώτησις</span> <span class='ocrx_word' id='word_1_37' title='bbox 1675 642 1873 712; x_wconf 85' lang='grc' dir='ltr'>ἐσφαλ-</span> 
     </span>
    </p>
   </div>
   <div class='ocr_carea' id='block_1_6' title="bbox 313 734 1870 811">
    <p class='ocr_par' dir='ltr' id='par_1_6' title="bbox 313 734 1870 811">
     <span class='ocr_line' id='line_1_6' title="bbox 313 734 1870 811; baseline -0.003 -19"><span class='ocrx_word' id='word_1_38' title='bbox 313 738 459 810; x_wconf 84' lang='grc' dir='ltr'>μένη.</span> <span class='ocrx_word' id='word_1_39' title='bbox 482 739 607 803; x_wconf 85' lang='grc' dir='ltr'><strong>Πῶς</strong></span> <span class='ocrx_word' id='word_1_40' title='bbox 643 737 751 810; x_wconf 81' lang='grc' dir='ltr'>γὰρ</span> <span class='ocrx_word' id='word_1_41' title='bbox 779 739 844 793; x_wconf 84' lang='grc' dir='ltr'>ἂν</span> <span class='ocrx_word' id='word_1_42' title='bbox 868 739 1116 810; x_wconf 76' lang='grc' dir='ltr'>ἥμαρτεν</span> <span class='ocrx_word' id='word_1_43' title='bbox 1155 734 1310 804; x_wconf 74' lang='grc' dir='ltr'>οὗτος</span> <span class='ocrx_word' id='word_1_44' title='bbox 1343 740 1475 811; x_wconf 72' lang='grc' dir='ltr'>πρὶν</span> <span class='ocrx_word' id='word_1_45' title='bbox 1511 736 1870 808; x_wconf 84' lang='grc' dir='ltr'>γεννηθῆναι;</span> 
     </span>
    </p>
   </div>
   <div class='ocr_carea' id='block_1_7' title="bbox 313 829 1875 902">
    <p class='ocr_par' dir='ltr' id='par_1_7' title="bbox 313 829 1875 902">
     <span class='ocr_line' id='line_1_7' title="bbox 313 829 1875 902; baseline -0.002 -18"><span class='ocrx_word' id='word_1_46' title='bbox 313 831 375 884; x_wconf 83' lang='grc' dir='ltr'><strong>Οὐ</strong></span> <span class='ocrx_word' id='word_1_47' title='bbox 402 830 509 901; x_wconf 82' lang='grc' dir='ltr'>γὰρ</span> <span class='ocrx_word' id='word_1_48' title='bbox 543 831 713 902; x_wconf 81' lang='grc' dir='ltr'>δήπου</span> <span class='ocrx_word' id='word_1_49' title='bbox 744 831 1114 902; x_wconf 78' lang='grc' dir='ltr'><strong>παρεδέξαντο</strong></span> <span class='ocrx_word' id='word_1_50' title='bbox 1144 833 1194 886; x_wconf 79' lang='grc' dir='ltr'><strong>οῖ</strong></span> <span class='ocrx_word' id='word_1_51' title='bbox 1219 831 1508 886; x_wconf 77' lang='grc' dir='ltr'>ἀπόστολοι</span> <span class='ocrx_word' id='word_1_52' title='bbox 1542 831 1641 896; x_wconf 88' lang='grc' dir='ltr'><strong>τάς</strong></span> <span class='ocrx_word' id='word_1_53' title='bbox 1685 829 1875 898; x_wconf 82' lang='grc' dir='ltr'>Ἐλλη-</span> 
     </span>
    </p>
   </div>
   <div class='ocr_carea' id='block_1_8' title="bbox 311 918 1876 993">
    <p class='ocr_par' dir='ltr' id='par_1_8' title="bbox 311 918 1876 993">
     <span class='ocr_line' id='line_1_8' title="bbox 311 918 1876 993; baseline 0 -21"><span class='ocrx_word' id='word_1_54' title='bbox 311 919 451 983; x_wconf 86' lang='grc' dir='ltr'>νικὰς</span> <span class='ocrx_word' id='word_1_55' title='bbox 473 919 764 990; x_wconf 70' lang='grc' dir='ltr'>φλυαρίας,</span> <span class='ocrx_word' id='word_1_56' title='bbox 791 920 872 974; x_wconf 85' lang='grc' dir='ltr'>ὅτι</span> <span class='ocrx_word' id='word_1_57' title='bbox 896 922 929 990; x_wconf 79' lang='grc' dir='ltr'>ἡ</span> <span class='ocrx_word' id='word_1_58' title='bbox 953 920 1100 993; x_wconf 74' lang='grc' dir='ltr'>ψυχὴ</span> <span class='ocrx_word' id='word_1_59' title='bbox 1127 922 1233 992; x_wconf 82' lang='grc' dir='ltr'>πρὸ</span> <span class='ocrx_word' id='word_1_60' title='bbox 1255 920 1348 975; x_wconf 82' lang='grc' dir='ltr'><strong>τοῦ</strong></span> <span class='ocrx_word' id='word_1_61' title='bbox 1371 919 1620 993; x_wconf 87' lang='grc' dir='ltr'>σώματος</span> <span class='ocrx_word' id='word_1_62' title='bbox 1645 922 1703 974; x_wconf 88' lang='grc' dir='ltr'><strong>ἐν</strong></span> <span class='ocrx_word' id='word_1_63' title='bbox 1731 918 1876 991; x_wconf 80' lang='grc' dir='ltr'>ἄλλῳ</span> 
     </span>
    </p>
   </div>
   <div class='ocr_carea' id='block_1_9' title="bbox 311 1008 1876 1081">
    <p class='ocr_par' dir='ltr' id='par_1_9' title="bbox 311 1008 1876 1081">
     <span class='ocr_line' id='line_1_9' title="bbox 311 1008 1876 1081; baseline 0.003 -21"><span class='ocrx_word' id='word_1_64' title='bbox 311 1008 488 1079; x_wconf 84' lang='grc' dir='ltr'>κόσμῳ</span> <span class='ocrx_word' id='word_1_65' title='bbox 517 1008 802 1076; x_wconf 82' lang='grc' dir='ltr'>διάγουσα,</span> <span class='ocrx_word' id='word_1_66' title='bbox 837 1010 1166 1081; x_wconf 80' lang='grc' dir='ltr'><strong>ἁμαρτάνει,</strong></span> <span class='ocrx_word' id='word_1_67' title='bbox 1195 1008 1296 1065; x_wconf 76' lang='grc' dir='ltr'>εἷθ’</span> <span class='ocrx_word' id='word_1_68' title='bbox 1325 1010 1470 1066; x_wconf 76' lang='grc' dir='ltr'>οὕτω</span> <span class='ocrx_word' id='word_1_69' title='bbox 1500 1010 1722 1066; x_wconf 80' lang='grc' dir='ltr'>κόλασιν</span> <span class='ocrx_word' id='word_1_70' title='bbox 1754 1026 1876 1064; x_wconf 91' lang='grc' dir='ltr'>τινα</span> 
     </span>
    </p>
   </div>
   <div class='ocr_carea' id='block_1_10' title="bbox 309 1100 1877 1176">
    <p class='ocr_par' dir='ltr' id='par_1_10' title="bbox 309 1100 1877 1176">
     <span class='ocr_line' id='line_1_10' title="bbox 309 1100 1877 1176; baseline 0.001 -22"><span class='ocrx_word' id='word_1_71' title='bbox 309 1101 500 1170; x_wconf 84' lang='grc' dir='ltr'>ταύτην</span> <span class='ocrx_word' id='word_1_72' title='bbox 521 1100 837 1156; x_wconf 86' lang='grc' dir='ltr'>ἀποτιννύει</span> <span class='ocrx_word' id='word_1_73' title='bbox 862 1103 961 1173; x_wconf 77' lang='grc' dir='ltr'>τὴν</span> <span class='ocrx_word' id='word_1_74' title='bbox 989 1103 1082 1156; x_wconf 74' lang='grc' dir='ltr'>ἐπὶ</span> <span class='ocrx_word' id='word_1_75' title='bbox 1101 1103 1164 1157; x_wconf 83' lang='grc' dir='ltr'>τὸ</span> <span class='ocrx_word' id='word_1_76' title='bbox 1194 1103 1356 1176; x_wconf 83' lang='grc' dir='ltr'>σῶμα</span> <span class='ocrx_word' id='word_1_77' title='bbox 1387 1103 1634 1158; x_wconf 85' lang='grc' dir='ltr'>κάθοδον.</span> <span class='ocrx_word' id='word_1_78' title='bbox 1681 1103 1877 1167; x_wconf 72' lang='grc' dir='ltr'>Ἁλιεῖς</span> 
     </span>
    </p>
   </div>
   <div class='ocr_carea' id='block_1_11' title="bbox 309 1191 1876 1265">
    <p class='ocr_par' dir='ltr' id='par_1_11' title="bbox 309 1191 1876 1265">
     <span class='ocr_line' id='line_1_11' title="bbox 309 1191 1876 1265; baseline 0 -19"><span class='ocrx_word' id='word_1_79' title='bbox 309 1191 402 1264; x_wconf 82' lang='grc' dir='ltr'><strong>γὰρ</strong></span> <span class='ocrx_word' id='word_1_80' title='bbox 455 1193 631 1259; x_wconf 73' lang='grc' dir='ltr'>ὅντες,</span> <span class='ocrx_word' id='word_1_81' title='bbox 673 1196 796 1250; x_wconf 76' lang='grc' dir='ltr'>οὐδὲ</span> <span class='ocrx_word' id='word_1_82' title='bbox 847 1196 1090 1265; x_wconf 76' lang='grc' dir='ltr'>ἥκουσαν</span> <span class='ocrx_word' id='word_1_83' title='bbox 1143 1195 1210 1250; x_wconf 85' lang='grc' dir='ltr'>ἂν</span> <span class='ocrx_word' id='word_1_84' title='bbox 1255 1195 1499 1250; x_wconf 83' lang='grc' dir='ltr'>τοιοῦτόν</span> <span class='ocrx_word' id='word_1_85' title='bbox 1545 1211 1632 1261; x_wconf 88' lang='grc' dir='ltr'><strong>τι,</strong></span> <span class='ocrx_word' id='word_1_86' title='bbox 1669 1193 1876 1248; x_wconf 88' lang='grc' dir='ltr'>ἐπείτοι</span> 
     </span>
    </p>
   </div>
   <div class='ocr_carea' id='block_1_12' title="bbox 308 1289 1878 1360">
    <p class='ocr_par' dir='ltr' id='par_1_12' title="bbox 308 1289 1878 1360">
     <span class='ocr_line' id='line_1_12' title="bbox 308 1289 1878 1360; baseline 0.001 -20"><span class='ocrx_word' id='word_1_87' title='bbox 308 1294 470 1341; x_wconf 82' lang='grc' dir='ltr'>ταῦτα</span> <span class='ocrx_word' id='word_1_88' title='bbox 503 1289 615 1342; x_wconf 85' lang='grc' dir='ltr'>τῶν</span> <span class='ocrx_word' id='word_1_89' title='bbox 643 1290 950 1360; x_wconf 65' lang='grc' dir='ltr'>φιλοσόφων</span> <span class='ocrx_word' id='word_1_90' title='bbox 979 1289 1048 1343; x_wconf 89' lang='grc' dir='ltr'><strong>τὰ</strong></span> <span class='ocrx_word' id='word_1_91' title='bbox 1080 1289 1350 1360; x_wconf 86' lang='grc' dir='ltr'>δόγματα.</span> <span class='ocrx_word' id='word_1_92' title='bbox 1394 1289 1650 1344; x_wconf 76' lang='grc' dir='ltr'><strong>Φαίνεται</strong></span> <span class='ocrx_word' id='word_1_93' title='bbox 1698 1289 1878 1343; x_wconf 83' lang='grc' dir='ltr'>τοίνυν</span> 
     </span>
    </p>
   </div>
   <div class='ocr_carea' id='block_1_13' title="bbox 309 1381 1879 1454">
    <p class='ocr_par' dir='ltr' id='par_1_13' title="bbox 309 1381 1879 1454">
     <span class='ocr_line' id='line_1_13' title="bbox 309 1381 1879 1454; baseline 0.001 -20"><span class='ocrx_word' id='word_1_94' title='bbox 309 1382 524 1453; x_wconf 83' lang='grc' dir='ltr'>ἀνόητος</span> <span class='ocrx_word' id='word_1_95' title='bbox 552 1385 588 1454; x_wconf 83' lang='grc' dir='ltr'><strong>-ή</strong></span> <span class='ocrx_word' id='word_1_96' title='bbox 618 1382 909 1454; x_wconf 82' lang='grc' dir='ltr'>ἐρώτησις,</span> <span class='ocrx_word' id='word_1_97' title='bbox 929 1381 1043 1436; x_wconf 82' lang='grc' dir='ltr'>ἀλλ’</span> <span class='ocrx_word' id='word_1_98' title='bbox 1073 1383 1131 1435; x_wconf 84' lang='grc' dir='ltr'>οὐ</span> <span class='ocrx_word' id='word_1_99' title='bbox 1157 1382 1235 1453; x_wconf 84' lang='grc' dir='ltr'>τῷ</span> <span class='ocrx_word' id='word_1_100' title='bbox 1264 1399 1328 1452; x_wconf 92' lang='grc' dir='ltr'><strong>γε</strong></span> <span class='ocrx_word' id='word_1_101' title='bbox 1353 1384 1694 1454; x_wconf 81' lang='grc' dir='ltr'>προσέχοντι.</span> <span class='ocrx_word' id='word_1_102' title='bbox 1725 1382 1879 1437; x_wconf 85' lang='grc' dir='ltr'>Μάν-</span> 
     </span>
    </p>
   </div>
   <div class='ocr_carea' id='block_1_14' title="bbox 310 1474 1879 1546">
    <p class='ocr_par' dir='ltr' id='par_1_14' title="bbox 310 1474 1879 1546">
     <span class='ocr_line' id='line_1_14' title="bbox 310 1474 1879 1546; baseline 0 -17"><span class='ocrx_word' id='word_1_103' title='bbox 310 1477 424 1529; x_wconf 86' lang='grc' dir='ltr'>θανε</span> <span class='ocrx_word' id='word_1_104' title='bbox 456 1477 588 1546; x_wconf 78' lang='grc' dir='ltr'>γάρ’</span> <span class='ocrx_word' id='word_1_105' title='bbox 626 1478 674 1529; x_wconf 83' lang='grc' dir='ltr'>οἱ</span> <span class='ocrx_word' id='word_1_106' title='bbox 704 1475 993 1530; x_wconf 77' lang='grc' dir='ltr'>ἀπόστολοι</span> <span class='ocrx_word' id='word_1_107' title='bbox 1023 1476 1312 1538; x_wconf 78' lang='grc' dir='ltr'>ἀκούοντες</span> <span class='ocrx_word' id='word_1_108' title='bbox 1345 1475 1439 1530; x_wconf 80' lang='grc' dir='ltr'>τοῦ</span> <span class='ocrx_word' id='word_1_109' title='bbox 1473 1474 1714 1546; x_wconf 78' lang='grc' dir='ltr'>Χριστοῦ</span> <span class='ocrx_word' id='word_1_110' title='bbox 1743 1475 1879 1546; x_wconf 81' lang='grc' dir='ltr'>πρὸς</span> 
     </span>
    </p>
   </div>
   <div class='ocr_carea' id='block_1_15' title="bbox 306 1565 1881 1637">
    <p class='ocr_par' dir='ltr' id='par_1_15' title="bbox 306 1565 1881 1637">
     <span class='ocr_line' id='line_1_15' title="bbox 306 1565 1881 1637; baseline 0 -19"><span class='ocrx_word' id='word_1_111' title='bbox 306 1566 387 1620; x_wconf 70' lang='grc' dir='ltr'><strong>τὸν</strong></span> <span class='ocrx_word' id='word_1_112' title='bbox 433 1566 748 1636; x_wconf 87' lang='grc' dir='ltr'>παράλυτον</span> <span class='ocrx_word' id='word_1_113' title='bbox 785 1565 1030 1630; x_wconf 78' lang='grc' dir='ltr'>εἰπόντος</span> <span class='ocrx_word' id='word_1_114' title='bbox 1054 1607 1069 1632; x_wconf 91' lang='grc'><strong>,</strong></span> <span class='ocrx_word' id='word_1_115' title='bbox 1110 1584 1132 1618; x_wconf 75' lang='grc' dir='ltr'><strong>ι</strong></span> <span class='ocrx_word' id='word_1_116' title='bbox 1173 1565 1277 1618; x_wconf 85' lang='grc' dir='ltr'><strong>Ἴδε</strong></span> <span class='ocrx_word' id='word_1_117' title='bbox 1305 1565 1464 1637; x_wconf 79' lang='grc' dir='ltr'>ὑγιὴς</span> <span class='ocrx_word' id='word_1_118' title='bbox 1495 1565 1746 1634; x_wconf 79' lang='grc' dir='ltr'>γέγονας,</span> <span class='ocrx_word' id='word_1_119' title='bbox 1777 1583 1881 1636; x_wconf 88' lang='grc' dir='ltr'>μη-</span> 
     </span>
    </p>
   </div>
   <div class='ocr_carea' id='block_1_16' title="bbox 308 1657 1882 1729">
    <p class='ocr_par' dir='ltr' id='par_1_16' title="bbox 308 1657 1882 1729">
     <span class='ocr_line' id='line_1_16' title="bbox 308 1657 1882 1729; baseline -0.001 -17"><span class='ocrx_word' id='word_1_120' title='bbox 308 1658 416 1712; x_wconf 87' lang='grc' dir='ltr'>κέτι</span> <span class='ocrx_word' id='word_1_121' title='bbox 446 1659 755 1728; x_wconf 85' lang='grc' dir='ltr'>ἁμάρτανε,</span> <span class='ocrx_word' id='word_1_122' title='bbox 789 1658 875 1711; x_wconf 80' lang='grc' dir='ltr'>ἵνα</span> <span class='ocrx_word' id='word_1_123' title='bbox 911 1658 987 1729; x_wconf 82' lang='grc' dir='ltr'>μὴ</span> <span class='ocrx_word' id='word_1_124' title='bbox 1017 1657 1198 1729; x_wconf 87' lang='grc' dir='ltr'>χεῖρόν</span> <span class='ocrx_word' id='word_1_125' title='bbox 1229 1657 1281 1711; x_wconf 90' lang='grc' dir='ltr'><strong>τί</strong></span> <span class='ocrx_word' id='word_1_126' title='bbox 1311 1675 1393 1712; x_wconf 88' lang='grc' dir='ltr'><strong>σοι</strong></span> <span class='ocrx_word' id='word_1_127' title='bbox 1422 1657 1668 1728; x_wconf 85' lang='grc' dir='ltr'>γένηται,</span> <span class='ocrx_word' id='word_1_128' title='bbox 1707 1677 1727 1710; x_wconf 71' lang='grc' dir='ltr'><strong>ι</strong></span> <span class='ocrx_word' id='word_1_129' title='bbox 1760 1657 1882 1711; x_wconf 76' lang='grc' dir='ltr'>ἐπεὶ</span> 
     </span>
    </p>
   </div>
   <div class='ocr_carea' id='block_1_17' title="bbox 305 1747 1883 1820">
    <p class='ocr_par' dir='ltr' id='par_1_17' title="bbox 305 1747 1883 1820">
     <span class='ocr_line' id='line_1_17' title="bbox 305 1747 1883 1820; baseline 0.001 -17"><span class='ocrx_word' id='word_1_130' title='bbox 305 1751 384 1803; x_wconf 77' lang='grc' dir='ltr'>τὸν</span> <span class='ocrx_word' id='word_1_131' title='bbox 420 1750 624 1818; x_wconf 75' lang='grc' dir='ltr'>τυφλὸν</span> <span class='ocrx_word' id='word_1_132' title='bbox 673 1747 836 1816; x_wconf 73' lang='grc' dir='ltr'>εἶδον,</span> <span class='ocrx_word' id='word_1_133' title='bbox 877 1749 1168 1820; x_wconf 83' lang='grc' dir='ltr'>ἀποροῦσι,</span> <span class='ocrx_word' id='word_1_134' title='bbox 1218 1748 1316 1803; x_wconf 73' lang='grc' dir='ltr'>καὶ</span> <span class='ocrx_word' id='word_1_135' title='bbox 1368 1749 1609 1820; x_wconf 78' lang='grc' dir='ltr'>ὡσπερεὶ</span> <span class='ocrx_word' id='word_1_136' title='bbox 1653 1747 1883 1805; x_wconf 81' lang='grc' dir='ltr'>τοιαῦτά</span> 
     </span>
    </p>
   </div>
   <div class='ocr_carea' id='block_1_18' title="bbox 1976 631 3547 708">
    <p class='ocr_par' dir='ltr' id='par_1_18' title="bbox 1976 631 3547 708">
     <span class='ocr_line' id='line_1_18' title="bbox 1976 631 3547 708; baseline -0.003 -14"><span class='ocrx_word' id='word_1_137' title='bbox 1976 638 2088 704; x_wconf 81' lang='lat' dir='ltr'><strong>hic,</strong></span> <span class='ocrx_word' id='word_1_138' title='bbox 2115 637 2195 693; x_wconf 89' lang='lat' dir='ltr'><strong>vel</strong></span> <span class='ocrx_word' id='word_1_139' title='bbox 2227 646 2478 708; x_wconf 88' lang='lat' dir='ltr'><strong>parentes</strong></span> <span class='ocrx_word' id='word_1_140' title='bbox 2500 638 2639 708; x_wconf 89' lang='lat' dir='ltr'><strong>ejus,</strong></span> <span class='ocrx_word' id='word_1_141' title='bbox 2673 647 2730 692; x_wconf 90' lang='lat' dir='ltr'><strong>ut</strong></span> <span class='ocrx_word' id='word_1_142' title='bbox 2758 653 2940 694; x_wconf 79' lang='lat' dir='ltr'><strong>caecus</strong></span> <span class='ocrx_word' id='word_1_143' title='bbox 2973 634 3326 691; x_wconf 83' lang='lat' dir='ltr'><strong>nasceretur?</strong></span> <span class='ocrx_word' id='word_1_144' title='bbox 3354 652 3374 688; x_wconf 77' lang='grc' dir='ltr'><strong>ι</strong></span> <span class='ocrx_word' id='word_1_145' title='bbox 3410 631 3547 689; x_wconf 87' lang='lat' dir='ltr'><strong>Nam</strong></span> 
     </span>
    </p>
   </div>
   <div class='ocr_carea' id='block_1_19' title="bbox 1977 727 3548 801">
    <p class='ocr_par' dir='ltr' id='par_1_19' title="bbox 1977 727 3548 801">
     <span class='ocr_line' id='line_1_19' title="bbox 1977 727 3548 801; baseline -0.001 -17"><span class='ocrx_word' id='word_1_146' title='bbox 1977 742 2200 801; x_wconf 89' lang='lat' dir='ltr'><strong>apparet</strong></span> <span class='ocrx_word' id='word_1_147' title='bbox 2255 730 2473 801; x_wconf 87' lang='lat' dir='ltr'><strong>quidem</strong></span> <span class='ocrx_word' id='word_1_148' title='bbox 2530 731 2876 800; x_wconf 88' lang='lat' dir='ltr'><strong>interrogatio</strong></span> <span class='ocrx_word' id='word_1_149' title='bbox 2935 729 3200 801; x_wconf 75' lang='lat' dir='ltr'><strong>frigidior.</strong></span> <span class='ocrx_word' id='word_1_150' title='bbox 3266 727 3548 795; x_wconf 86' lang='lat' dir='ltr'><strong>Quomodo</strong></span> 
     </span>
    </p>
   </div>
   <div class='ocr_carea' id='block_1_20' title="bbox 1976 821 3548 894">
    <p class='ocr_par' dir='ltr' id='par_1_20' title="bbox 1976 821 3548 894">
     <span class='ocr_line' id='line_1_20' title="bbox 1976 821 3548 894; baseline 0 -18"><span class='ocrx_word' id='word_1_151' title='bbox 1976 822 2120 877; x_wconf 91' lang='lat' dir='ltr'><strong>enim</strong></span> <span class='ocrx_word' id='word_1_152' title='bbox 2146 832 2425 894; x_wconf 87' lang='lat' dir='ltr'><strong>peccasset</strong></span> <span class='ocrx_word' id='word_1_153' title='bbox 2456 824 2770 893; x_wconf 80' lang='lat' dir='ltr'><strong>priusquam</strong></span> <span class='ocrx_word' id='word_1_154' title='bbox 2803 822 3159 879; x_wconf 86' lang='lat' dir='ltr'><strong>nasceretur?</strong></span> <span class='ocrx_word' id='word_1_155' title='bbox 3187 821 3374 893; x_wconf 85' lang='lat' dir='ltr'><strong>Neque</strong></span> <span class='ocrx_word' id='word_1_156' title='bbox 3400 822 3548 877; x_wconf 87' lang='lat' dir='ltr'><strong>enim</strong></span> 
     </span>
    </p>
   </div>
   <div class='ocr_carea' id='block_1_21' title="bbox 1979 914 3550 987">
    <p class='ocr_par' dir='ltr' id='par_1_21' title="bbox 1979 914 3550 987">
     <span class='ocr_line' id='line_1_21' title="bbox 1979 914 3550 987; baseline 0.003 -20"><span class='ocrx_word' id='word_1_157' title='bbox 1979 914 2207 985; x_wconf 77' lang='lat' dir='ltr'><strong>apostoli</strong></span> <span class='ocrx_word' id='word_1_158' title='bbox 2257 915 2486 984; x_wconf 76' lang='lat' dir='ltr'><strong>gentiles</strong></span> <span class='ocrx_word' id='word_1_159' title='bbox 2539 931 2706 986; x_wconf 84' lang='lat' dir='ltr'><strong>nugas</strong></span> <span class='ocrx_word' id='word_1_160' title='bbox 2758 925 3118 986; x_wconf 85' lang='lat' dir='ltr'><strong>receperunt,</strong></span> <span class='ocrx_word' id='word_1_161' title='bbox 3168 917 3311 987; x_wconf 90' lang='lat' dir='ltr'><strong>quod</strong></span> <span class='ocrx_word' id='word_1_162' title='bbox 3369 916 3550 971; x_wconf 82' lang='lat' dir='ltr'><strong>anima</strong></span> 
     </span>
    </p>
   </div>
   <div class='ocr_carea' id='block_1_22' title="bbox 1979 1007 3560 1078">
    <p class='ocr_par' dir='ltr' id='par_1_22' title="bbox 1979 1007 3560 1078">
     <span class='ocr_line' id='line_1_22' title="bbox 1979 1007 3560 1078; baseline 0.001 -17"><span class='ocrx_word' id='word_1_163' title='bbox 1979 1016 2105 1061; x_wconf 87' lang='lat' dir='ltr'><strong>ante</strong></span> <span class='ocrx_word' id='word_1_164' title='bbox 2130 1022 2328 1078; x_wconf 83' lang='lat' dir='ltr'><strong>corpus</strong></span> <span class='ocrx_word' id='word_1_165' title='bbox 2351 1008 2403 1062; x_wconf 93' lang='lat' dir='ltr'><strong>in</strong></span> <span class='ocrx_word' id='word_1_166' title='bbox 2428 1007 2535 1064; x_wconf 89' lang='lat' dir='ltr'><strong>alio</strong></span> <span class='ocrx_word' id='word_1_167' title='bbox 2559 1009 2756 1062; x_wconf 91' lang='lat' dir='ltr'><strong>mundo</strong></span> <span class='ocrx_word' id='word_1_168' title='bbox 2781 1022 3010 1064; x_wconf 84' lang='lat' dir='ltr'><strong>versans</strong></span> <span class='ocrx_word' id='word_1_169' title='bbox 3031 1019 3242 1078; x_wconf 68' lang='lat' dir='ltr'><strong>peccet,</strong></span> <span class='ocrx_word' id='word_1_170' title='bbox 3265 1024 3327 1064; x_wconf 87' lang='lat' dir='ltr'><strong>ac</strong></span> <span class='ocrx_word' id='word_1_171' title='bbox 3357 1009 3560 1063; x_wconf 82' lang='lat' dir='ltr'><strong>deinde</strong></span> 
     </span>
    </p>
   </div>
   <div class='ocr_carea' id='block_1_23' title="bbox 1979 1101 3548 1172">
    <p class='ocr_par' dir='ltr' id='par_1_23' title="bbox 1979 1101 3548 1172">
     <span class='ocr_line' id='line_1_23' title="bbox 1979 1101 3548 1172; baseline 0.001 -17"><span class='ocrx_word' id='word_1_172' title='bbox 1979 1114 2193 1169; x_wconf 69' lang='lat' dir='ltr'><strong>pmnam</strong></span> <span class='ocrx_word' id='word_1_173' title='bbox 2230 1101 2520 1170; x_wconf 83' lang='lat' dir='ltr'><strong>quamdam</strong></span> <span class='ocrx_word' id='word_1_174' title='bbox 2570 1101 2796 1170; x_wconf 76' lang='lat' dir='ltr'><strong>recipiat</strong></span> <span class='ocrx_word' id='word_1_175' title='bbox 2843 1101 2894 1155; x_wconf 91' lang='lat' dir='ltr'><strong>in</strong></span> <span class='ocrx_word' id='word_1_176' title='bbox 2943 1116 3140 1172; x_wconf 89' lang='lat' dir='ltr'><strong>corpus</strong></span> <span class='ocrx_word' id='word_1_177' title='bbox 3195 1103 3548 1156; x_wconf 83' lang='lat' dir='ltr'><strong>descendens.</strong></span> 
     </span>
    </p>
   </div>
   <div class='ocr_carea' id='block_1_24' title="bbox 1978 1191 3553 1264">
    <p class='ocr_par' dir='ltr' id='par_1_24' title="bbox 1978 1191 3553 1264">
     <span class='ocr_line' id='line_1_24' title="bbox 1978 1191 3553 1264; baseline 0.002 -18"><span class='ocrx_word' id='word_1_178' title='bbox 1978 1191 2289 1249; x_wconf 83' lang='lat' dir='ltr'><strong>Piscatores</strong></span> <span class='ocrx_word' id='word_1_179' title='bbox 2324 1195 2467 1248; x_wconf 87' lang='lat' dir='ltr'><strong>enim</strong></span> <span class='ocrx_word' id='word_1_180' title='bbox 2497 1209 2616 1248; x_wconf 91' lang='lat' dir='ltr'><strong>cum</strong></span> <span class='ocrx_word' id='word_1_181' title='bbox 2648 1204 2850 1258; x_wconf 87' lang='lat' dir='ltr'><strong>essent,</strong></span> <span class='ocrx_word' id='word_1_182' title='bbox 2883 1209 3058 1264; x_wconf 87' lang='lat' dir='ltr'><strong>neque</strong></span> <span class='ocrx_word' id='word_1_183' title='bbox 3090 1195 3409 1250; x_wconf 87' lang='lat' dir='ltr'><strong>audiverant</strong></span> <span class='ocrx_word' id='word_1_184' title='bbox 3447 1194 3553 1249; x_wconf 86' lang='lat' dir='ltr'><strong>tale</strong></span> 
     </span>
    </p>
   </div>
   <div class='ocr_carea' id='block_1_25' title="bbox 1980 1284 3552 1354">
    <p class='ocr_par' dir='ltr' id='par_1_25' title="bbox 1980 1284 3552 1354">
     <span class='ocr_line' id='line_1_25' title="bbox 1980 1284 3552 1354; baseline 0.002 -19"><span class='ocrx_word' id='word_1_185' title='bbox 1980 1284 2260 1352; x_wconf 84' lang='lat' dir='ltr'><strong>quiddam,</strong></span> <span class='ocrx_word' id='word_1_186' title='bbox 2293 1285 2418 1354; x_wconf 85' lang='lat' dir='ltr'><strong>quia</strong></span> <span class='ocrx_word' id='word_1_187' title='bbox 2463 1285 2578 1340; x_wconf 66' lang='lat' dir='ltr'><strong>hate</strong></span> <span class='ocrx_word' id='word_1_188' title='bbox 2613 1284 3057 1354; x_wconf 85' lang='lat' dir='ltr'><strong>philosophorum</strong></span> <span class='ocrx_word' id='word_1_189' title='bbox 3085 1286 3336 1354; x_wconf 76' lang='lat' dir='ltr'><strong>dogmata</strong></span> <span class='ocrx_word' id='word_1_190' title='bbox 3373 1295 3552 1340; x_wconf 90' lang='lat' dir='ltr'><strong>erant.</strong></span> 
     </span>
    </p>
   </div>
   <div class='ocr_carea' id='block_1_26' title="bbox 1986 1377 3553 1447">
    <p class='ocr_par' dir='ltr' id='par_1_26' title="bbox 1986 1377 3553 1447">
     <span class='ocr_line' id='line_1_26' title="bbox 1986 1377 3553 1447; baseline 0 -15"><span class='ocrx_word' id='word_1_191' title='bbox 1986 1377 2209 1432; x_wconf 85' lang='lat' dir='ltr'><strong>Videtur</strong></span> <span class='ocrx_word' id='word_1_192' title='bbox 2240 1377 2400 1446; x_wconf 77' lang='lat' dir='ltr'><strong>igitur</strong></span> <span class='ocrx_word' id='word_1_193' title='bbox 2436 1377 2698 1447; x_wconf 84' lang='lat' dir='ltr'><strong>insipiens</strong></span> <span class='ocrx_word' id='word_1_194' title='bbox 2728 1378 2981 1445; x_wconf 58' lang='lat' dir='ltr'><strong>quaestio,</strong></span> <span class='ocrx_word' id='word_1_195' title='bbox 3042 1377 3136 1432; x_wconf 92' lang='lat' dir='ltr'><strong>sed</strong></span> <span class='ocrx_word' id='word_1_196' title='bbox 3198 1393 3302 1432; x_wconf 88' lang='lat' dir='ltr'><strong>non</strong></span> <span class='ocrx_word' id='word_1_197' title='bbox 3353 1377 3402 1430; x_wconf 85' lang='lat' dir='ltr'><strong>ei</strong></span> <span class='ocrx_word' id='word_1_198' title='bbox 3459 1377 3553 1446; x_wconf 83' lang='lat' dir='ltr'><strong>qui</strong></span> 
     </span>
    </p>
   </div>
   <div class='ocr_carea' id='block_1_27' title="bbox 1983 1454 3555 1541">
    <p class='ocr_par' dir='ltr' id='par_1_27' title="bbox 1983 1454 3555 1541">
     <span class='ocr_line' id='line_1_27' title="bbox 1983 1454 3555 1541; baseline 0.001 -17"><span class='ocrx_word' id='word_1_199' title='bbox 1983 1469 2232 1525; x_wconf 87' lang='lat' dir='ltr'><strong>attendit.</strong></span> <span class='ocrx_word' id='word_1_200' title='bbox 2267 1470 2424 1525; x_wconf 81' lang='lat' dir='ltr'><strong>Disce</strong></span> <span class='ocrx_word' id='word_1_201' title='bbox 2460 1470 2602 1525; x_wconf 86' lang='lat' dir='ltr'><strong>enim</strong></span> <span class='ocrx_word' id='word_1_202' title='bbox 2639 1454 2783 1539; x_wconf 90' lang='lat' dir='ltr'><strong>quod</strong></span> <span class='ocrx_word' id='word_1_203' title='bbox 2815 1471 3066 1541; x_wconf 83' lang='lat' dir='ltr'><strong>apostoli,</strong></span> <span class='ocrx_word' id='word_1_204' title='bbox 3091 1466 3302 1527; x_wconf 86' lang='lat' dir='ltr'><strong>dicente</strong></span> <span class='ocrx_word' id='word_1_205' title='bbox 3338 1471 3555 1526; x_wconf 80' lang='lat' dir='ltr'><strong>Christo</strong></span> 
     </span>
    </p>
   </div>
   <div class='ocr_carea' id='block_1_28' title="bbox 1982 1559 3556 1631">
    <p class='ocr_par' dir='ltr' id='par_1_28' title="bbox 1982 1559 3556 1631">
     <span class='ocr_line' id='line_1_28' title="bbox 1982 1559 3556 1631; baseline -0.001 -16"><span class='ocrx_word' id='word_1_206' title='bbox 1982 1561 2048 1615; x_wconf 87' lang='lat' dir='ltr'><strong>ad</strong></span> <span class='ocrx_word' id='word_1_207' title='bbox 2077 1559 2456 1631; x_wconf 84' lang='lat' dir='ltr'><strong>paralyticum,</strong></span> <span class='ocrx_word' id='word_1_208' title='bbox 2509 1579 2527 1611; x_wconf 84' lang='grc' dir='ltr'><strong>ι</strong></span> <span class='ocrx_word' id='word_1_209' title='bbox 2579 1561 2722 1616; x_wconf 87' lang='lat' dir='ltr'><strong>Ecce</strong></span> <span class='ocrx_word' id='word_1_210' title='bbox 2752 1577 2916 1616; x_wconf 90' lang='lat' dir='ltr'><strong>sanus</strong></span> <span class='ocrx_word' id='word_1_211' title='bbox 2947 1560 3123 1616; x_wconf 83' lang='lat' dir='ltr'><strong>factus</strong></span> <span class='ocrx_word' id='word_1_212' title='bbox 3155 1578 3234 1626; x_wconf 88' lang='lat' dir='ltr'><strong>es,</strong></span> <span class='ocrx_word' id='word_1_213' title='bbox 3269 1576 3374 1614; x_wconf 91' lang='lat' dir='ltr'><strong>non</strong></span> <span class='ocrx_word' id='word_1_214' title='bbox 3417 1562 3556 1614; x_wconf 87' lang='lat' dir='ltr'><strong>uitra</strong></span> 
     </span>
    </p>
   </div>
   <div class='ocr_carea' id='block_1_29' title="bbox 1984 1652 3600 1732">
    <p class='ocr_par' dir='ltr' id='par_1_29' title="bbox 1984 1652 3600 1732">
     <span class='ocr_line' id='line_1_29' title="bbox 1984 1652 3600 1732; baseline -0.001 -25"><span class='ocrx_word' id='word_1_215' title='bbox 1984 1666 2196 1722; x_wconf 91' lang='lat' dir='ltr'><strong>pecces,</strong></span> <span class='ocrx_word' id='word_1_216' title='bbox 2249 1661 2308 1706; x_wconf 90' lang='lat' dir='ltr'><strong>ut</strong></span> <span class='ocrx_word' id='word_1_217' title='bbox 2365 1667 2432 1706; x_wconf 89' lang='lat' dir='ltr'><strong>ne</strong></span> <span class='ocrx_word' id='word_1_218' title='bbox 2479 1652 2717 1708; x_wconf 88' lang='lat' dir='ltr'><strong>deterius</strong></span> <span class='ocrx_word' id='word_1_219' title='bbox 2765 1655 3020 1723; x_wconf 86' lang='lat' dir='ltr'><strong>quiddam</strong></span> <span class='ocrx_word' id='word_1_220' title='bbox 3080 1655 3174 1708; x_wconf 69' lang='lat' dir='ltr'><strong>tilii</strong></span> <span class='ocrx_word' id='word_1_221' title='bbox 3230 1655 3344 1720; x_wconf 81' lang='lat' dir='ltr'><strong>iiat,</strong></span> <span class='ocrx_word' id='word_1_222' title='bbox 3404 1672 3422 1706; x_wconf 78' lang='grc' dir='ltr'><strong>ι</strong></span> <span class='ocrx_word' id='word_1_223' title='bbox 3467 1654 3600 1732; x_wconf 25' lang='lat' dir='ltr'><strong>ubi.</strong></span> 
     </span>
    </p>
   </div>
   <div class='ocr_carea' id='block_1_30' title="bbox 1983 1744 3556 1818">
    <p class='ocr_par' dir='ltr' id='par_1_30' title="bbox 1983 1744 3556 1818">
     <span class='ocr_line' id='line_1_30' title="bbox 1983 1744 3556 1818; baseline -0.001 -18"><span class='ocrx_word' id='word_1_224' title='bbox 1983 1759 2184 1800; x_wconf 84' lang='lat' dir='ltr'><strong>caecum</strong></span> <span class='ocrx_word' id='word_1_225' title='bbox 2215 1744 2488 1808; x_wconf 83' lang='lat' dir='ltr'><strong>viderunt,</strong></span> <span class='ocrx_word' id='word_1_226' title='bbox 2521 1744 2858 1814; x_wconf 79' lang='lat' dir='ltr'><strong>dubitabant,</strong></span> <span class='ocrx_word' id='word_1_227' title='bbox 2894 1758 2948 1802; x_wconf 90' lang='lat' dir='ltr'><strong>et</strong></span> <span class='ocrx_word' id='word_1_228' title='bbox 2980 1749 3132 1818; x_wconf 87' lang='lat' dir='ltr'><strong>quasi</strong></span> <span class='ocrx_word' id='word_1_229' title='bbox 3170 1748 3296 1802; x_wconf 88' lang='lat' dir='ltr'><strong>talia</strong></span> <span class='ocrx_word' id='word_1_230' title='bbox 3329 1747 3515 1802; x_wconf 85' lang='lat' dir='ltr'><strong>dieunt</strong></span> <span class='ocrx_word' id='word_1_231' title='bbox 3542 1764 3556 1799; x_wconf 91' lang='lat'>:</span> 
     </span>
    </p>
   </div>
   <div class='ocr_carea' id='block_1_31' title="bbox 307 1837 1887 1913">
    <p class='ocr_par' dir='ltr' id='par_1_31' title="bbox 307 1840 1884 1913">
     <span class='ocr_line' id='line_1_31' title="bbox 307 1840 1884 1913; baseline -0.001 -16"><span class='ocrx_word' id='word_1_232' title='bbox 307 1859 482 1912; x_wconf 63' lang='grc' dir='ltr'>φασιν</span> <span class='ocrx_word' id='word_1_233' title='bbox 507 1844 691 1897; x_wconf 83' lang='grc' dir='ltr'><strong>Ἔστω</strong></span> <span class='ocrx_word' id='word_1_234' title='bbox 718 1843 921 1906; x_wconf 86' lang='grc' dir='ltr'>ἐκεῖνος</span> <span class='ocrx_word' id='word_1_235' title='bbox 939 1842 1006 1895; x_wconf 86' lang='grc' dir='ltr'><strong>δι’</strong></span> <span class='ocrx_word' id='word_1_236' title='bbox 1025 1843 1398 1912; x_wconf 85' lang='grc' dir='ltr'>ἁμαρτήματα</span> <span class='ocrx_word' id='word_1_237' title='bbox 1421 1840 1725 1913; x_wconf 74' lang='grc' dir='ltr'>παρελύθηο</span> <span class='ocrx_word' id='word_1_238' title='bbox 1753 1843 1884 1912; x_wconf 74' lang='grc' dir='ltr'>περὶ</span> 
     </span>
    </p>
   </div>
   <div class='ocr_carea' id='block_1_32' title="bbox 1995 1837 3560 1913">
    <p class='ocr_par' dir='ltr' id='par_1_32' title="bbox 1995 1837 3560 1911">
     <span class='ocr_line' id='line_1_32' title="bbox 1995 1837 3560 1911; baseline -0.001 -17"><span class='ocrx_word' id='word_1_239' title='bbox 1995 1839 2116 1894; x_wconf 81' lang='lat' dir='ltr'><strong>Esto</strong></span> <span class='ocrx_word' id='word_1_240' title='bbox 2169 1837 2256 1894; x_wconf 89' lang='lat' dir='ltr'><strong>ille</strong></span> <span class='ocrx_word' id='word_1_241' title='bbox 2298 1845 2522 1908; x_wconf 88' lang='lat' dir='ltr'><strong>propter</strong></span> <span class='ocrx_word' id='word_1_242' title='bbox 2575 1851 2796 1908; x_wconf 84' lang='lat' dir='ltr'><strong>peccata</strong></span> <span class='ocrx_word' id='word_1_243' title='bbox 2855 1841 3185 1911; x_wconf 81' lang='lat' dir='ltr'><strong>paralyticus</strong></span> <span class='ocrx_word' id='word_1_244' title='bbox 3242 1839 3438 1904; x_wconf 80' lang='lat' dir='ltr'><strong>fuerit;</strong></span> <span class='ocrx_word' id='word_1_245' title='bbox 3493 1842 3560 1892; x_wconf 84' lang='lat' dir='ltr'><strong>de</strong></span> 
     </span>
    </p>
   </div>
   <div class='ocr_carea' id='block_1_33' title="bbox 1909 1892 1959 1952">
    <p class='ocr_par' dir='ltr' id='par_1_33' title="bbox 1909 1892 1959 1952">
     <span class='ocr_line' id='line_1_33' title="bbox 1909 1892 1959 1952; baseline 0 0"><span class='ocrx_word' id='word_1_246' title='bbox 1909 1892 1959 1952; x_wconf 88' lang='lat' dir='ltr'><strong>B</strong></span> 
     </span>
    </p>
   </div>
   <div class='ocr_carea' id='block_1_34' title="bbox 303 1927 1887 2004">
    <p class='ocr_par' dir='ltr' id='par_1_34' title="bbox 303 1927 1880 2002">
     <span class='ocr_line' id='line_1_34' title="bbox 303 1927 1880 2002; baseline -0.003 -14"><span class='ocrx_word' id='word_1_247' title='bbox 303 1933 487 1988; x_wconf 89' lang='grc' dir='ltr'>τούτου</span> <span class='ocrx_word' id='word_1_248' title='bbox 515 1931 570 1989; x_wconf 87' lang='grc' dir='ltr'><strong>τί</strong></span> <span class='ocrx_word' id='word_1_249' title='bbox 602 1934 668 1987; x_wconf 80' lang='grc' dir='ltr'>ἂν</span> <span class='ocrx_word' id='word_1_250' title='bbox 702 1930 915 1998; x_wconf 57' lang='lat' dir='ltr'><strong>simu;</strong></span> <span class='ocrx_word' id='word_1_251' title='bbox 946 1931 1118 1994; x_wconf 81' lang='grc' dir='ltr'>Δύτὸς</span> <span class='ocrx_word' id='word_1_252' title='bbox 1146 1931 1394 2002; x_wconf 66' lang='grc' dir='ltr'>ἥμαρτεν</span> <span class='ocrx_word' id='word_1_253' title='bbox 1417 1948 1432 1998; x_wconf 87' lang='grc'>;</span> <span class='ocrx_word' id='word_1_254' title='bbox 1459 1929 1572 1983; x_wconf 84' lang='grc' dir='ltr'>ἀλλ’</span> <span class='ocrx_word' id='word_1_255' title='bbox 1606 1929 1708 1982; x_wconf 86' lang='grc' dir='ltr'><strong>ούκ</strong></span> <span class='ocrx_word' id='word_1_256' title='bbox 1733 1927 1880 1983; x_wconf 79' lang='grc' dir='ltr'>ἐστιν</span> 
     </span>
    </p>
   </div>
   <div class='ocr_carea' id='block_1_35' title="bbox 1995 1927 3560 2004">
    <p class='ocr_par' dir='ltr' id='par_1_35' title="bbox 1995 1933 3560 2004">
     <span class='ocr_line' id='line_1_35' title="bbox 1995 1933 3560 2004; baseline -0.002 -16"><span class='ocrx_word' id='word_1_257' title='bbox 1995 1933 2092 1989; x_wconf 89' lang='lat' dir='ltr'><strong>hoc</strong></span> <span class='ocrx_word' id='word_1_258' title='bbox 2117 1947 2242 1989; x_wconf 88' lang='lat' dir='ltr'><strong>vero</strong></span> <span class='ocrx_word' id='word_1_259' title='bbox 2275 1934 2403 2002; x_wconf 92' lang='lat' dir='ltr'><strong>quid</strong></span> <span class='ocrx_word' id='word_1_260' title='bbox 2439 1933 2682 1990; x_wconf 86' lang='lat' dir='ltr'><strong>dixeris?</strong></span> <span class='ocrx_word' id='word_1_261' title='bbox 2707 1933 2956 2004; x_wconf 86' lang='lat' dir='ltr'><strong>Nunquid</strong></span> <span class='ocrx_word' id='word_1_262' title='bbox 2998 1935 3111 2004; x_wconf 90' lang='lat' dir='ltr'><strong>ipse</strong></span> <span class='ocrx_word' id='word_1_263' title='bbox 3140 1935 3423 2004; x_wconf 82' lang='lat' dir='ltr'><strong>peccavit?</strong></span> <span class='ocrx_word' id='word_1_264' title='bbox 3454 1933 3560 1988; x_wconf 84' lang='lat' dir='ltr'><strong>Sel</strong></span> 
     </span>
    </p>
   </div>
   <div class='ocr_carea' id='block_1_36' title="bbox 303 2020 1882 2095">
    <p class='ocr_par' dir='ltr' id='par_1_36' title="bbox 303 2020 1882 2095">
     <span class='ocr_line' id='line_1_36' title="bbox 303 2020 1882 2095; baseline -0.004 -15"><span class='ocrx_word' id='word_1_265' title='bbox 303 2028 469 2080; x_wconf 74' lang='grc' dir='ltr'>εἰπεῖν</span> <span class='ocrx_word' id='word_1_266' title='bbox 493 2043 509 2059; x_wconf 77' lang='grc' dir='ltr'><strong>ο</strong></span> <span class='ocrx_word' id='word_1_267' title='bbox 539 2027 603 2079; x_wconf 87' lang='grc' dir='ltr'><strong>ἐκ</strong></span> <span class='ocrx_word' id='word_1_268' title='bbox 633 2025 861 2095; x_wconf 81' lang='grc' dir='ltr'>γενετῆς</span> <span class='ocrx_word' id='word_1_269' title='bbox 904 2025 1013 2093; x_wconf 89' lang='grc' dir='ltr'><strong>γάρ</strong></span> <span class='ocrx_word' id='word_1_270' title='bbox 1046 2025 1161 2076; x_wconf 86' lang='grc' dir='ltr'>ἐστι</span> <span class='ocrx_word' id='word_1_271' title='bbox 1193 2023 1410 2092; x_wconf 82' lang='grc' dir='ltr'>τυφλός.</span> <span class='ocrx_word' id='word_1_272' title='bbox 1453 2020 1594 2076; x_wconf 87' lang='grc' dir='ltr'>Ἀλλ’</span> <span class='ocrx_word' id='word_1_273' title='bbox 1620 2021 1669 2075; x_wconf 83' lang='grc' dir='ltr'>οἱ</span> <span class='ocrx_word' id='word_1_274' title='bbox 1701 2022 1882 2090; x_wconf 88' lang='grc' dir='ltr'>γονεῖς</span> 
     </span>
    </p>
   </div>
   <div class='ocr_carea' id='block_1_37' title="bbox 303 2109 1879 2184">
    <p class='ocr_par' dir='ltr' id='par_1_37' title="bbox 303 2109 1879 2184">
     <span class='ocr_line' id='line_1_37' title="bbox 303 2109 1879 2184; baseline -0.005 -14"><span class='ocrx_word' id='word_1_275' title='bbox 303 2116 462 2170; x_wconf 75' lang='grc' dir='ltr'>αὐτοῦ</span> <span class='ocrx_word' id='word_1_276' title='bbox 486 2133 501 2184; x_wconf 91' lang='grc'><strong>;</strong></span> <span class='ocrx_word' id='word_1_277' title='bbox 527 2115 644 2169; x_wconf 75' lang='grc' dir='ltr'>ἁλλ’</span> <span class='ocrx_word' id='word_1_278' title='bbox 682 2115 803 2169; x_wconf 79' lang='grc' dir='ltr'>οὐδὲ</span> <span class='ocrx_word' id='word_1_279' title='bbox 828 2113 988 2168; x_wconf 88' lang='grc' dir='ltr'>τούτο</span> <span class='ocrx_word' id='word_1_280' title='bbox 1011 2130 1026 2144; x_wconf 79' lang='grc' dir='ltr'><strong><em>ο</em></strong></span> <span class='ocrx_word' id='word_1_281' title='bbox 1079 2115 1210 2176; x_wconf 84' lang='grc' dir='ltr'>παῖς</span> <span class='ocrx_word' id='word_1_282' title='bbox 1239 2112 1348 2184; x_wconf 88' lang='grc' dir='ltr'><strong>γὰρ</strong></span> <span class='ocrx_word' id='word_1_283' title='bbox 1401 2111 1541 2182; x_wconf 85' lang='grc' dir='ltr'>ὑπὲρ</span> <span class='ocrx_word' id='word_1_284' title='bbox 1573 2109 1778 2181; x_wconf 77' lang='grc' dir='ltr'>πατρὸς</span> <span class='ocrx_word' id='word_1_285' title='bbox 1817 2109 1879 2162; x_wconf 88' lang='grc' dir='ltr'><strong>ού</strong></span> 
     </span>
    </p>
   </div>
   <div class='ocr_carea' id='block_1_38' title="bbox 303 2203 1884 2276">
    <p class='ocr_par' dir='ltr' id='par_1_38' title="bbox 303 2203 1884 2276">
     <span class='ocr_line' id='line_1_38' title="bbox 303 2203 1884 2276; baseline -0.005 -13"><span class='ocrx_word' id='word_1_286' title='bbox 303 2210 606 2273; x_wconf 78' lang='grc' dir='ltr'><strong>κολάζεται.</strong></span> <span class='ocrx_word' id='word_1_287' title='bbox 637 2207 713 2262; x_wconf 92' lang='grc' dir='ltr'>Ού</span> <span class='ocrx_word' id='word_1_288' title='bbox 748 2206 1003 2262; x_wconf 78' lang='grc' dir='ltr'>τοσοῦτον</span> <span class='ocrx_word' id='word_1_289' title='bbox 1036 2203 1131 2260; x_wconf 76' lang='grc' dir='ltr'>οὖν</span> <span class='ocrx_word' id='word_1_290' title='bbox 1163 2204 1504 2276; x_wconf 84' lang='grc' dir='ltr'>ἐρωτῶντες,</span> <span class='ocrx_word' id='word_1_291' title='bbox 1537 2204 1660 2257; x_wconf 82' lang='grc' dir='ltr'>ὅσον</span> <span class='ocrx_word' id='word_1_292' title='bbox 1693 2203 1884 2256; x_wconf 87' lang='grc' dir='ltr'>διαπο-</span> 
     </span>
    </p>
   </div>
   <div class='ocr_carea' id='block_1_39' title="bbox 303 2293 1884 2374">
    <p class='ocr_par' dir='ltr' id='par_1_39' title="bbox 303 2293 1884 2374">
     <span class='ocr_line' id='line_1_39' title="bbox 303 2293 1884 2374; baseline -0.006 -20"><span class='ocrx_word' id='word_1_293' title='bbox 303 2300 544 2374; x_wconf 74' lang='grc' dir='ltr'>ροῦντες,</span> <span class='ocrx_word' id='word_1_294' title='bbox 573 2299 750 2354; x_wconf 78' lang='grc' dir='ltr'>ταῦτα.</span> <span class='ocrx_word' id='word_1_295' title='bbox 772 2299 1045 2368; x_wconf 78' lang='grc' dir='ltr'>λέγουσιν.</span> <span class='ocrx_word' id='word_1_296' title='bbox 1090 2297 1150 2351; x_wconf 84' lang='grc'><strong>’0</strong></span> <span class='ocrx_word' id='word_1_297' title='bbox 1183 2295 1361 2350; x_wconf 86' lang='grc' dir='ltr'>τοίνυν</span> <span class='ocrx_word' id='word_1_298' title='bbox 1389 2293 1594 2365; x_wconf 81' lang='grc' dir='ltr'>Κύριος</span> <span class='ocrx_word' id='word_1_299' title='bbox 1617 2293 1760 2347; x_wconf 83' lang='grc' dir='ltr'>λύων</span> <span class='ocrx_word' id='word_1_300' title='bbox 1789 2293 1884 2346; x_wconf 80' lang='grc' dir='ltr'>αύ-</span> 
     </span>
    </p>
   </div>
   <div class='ocr_carea' id='block_1_40' title="bbox 301 2380 1876 2466">
    <p class='ocr_par' dir='ltr' id='par_1_40' title="bbox 301 2380 1876 2466">
     <span class='ocr_line' id='line_1_40' title="bbox 301 2380 1876 2466; baseline -0.008 -18"><span class='ocrx_word' id='word_1_301' title='bbox 301 2398 407 2456; x_wconf 78' lang='grc' dir='ltr'>τοῖς</span> <span class='ocrx_word' id='word_1_302' title='bbox 432 2395 533 2465; x_wconf 81' lang='grc' dir='ltr'>τὴν</span> <span class='ocrx_word' id='word_1_303' title='bbox 562 2393 831 2466; x_wconf 83' lang='grc' dir='ltr'>ἀπορίαν,</span> <span class='ocrx_word' id='word_1_304' title='bbox 865 2391 1028 2463; x_wconf 83' lang='grc' dir='ltr'>φησίν</span> <span class='ocrx_word' id='word_1_305' title='bbox 1053 2407 1067 2423; x_wconf 87' lang='grc'><strong>·</strong></span> <span class='ocrx_word' id='word_1_306' title='bbox 1116 2407 1135 2442; x_wconf 78' lang='grc' dir='ltr'><strong>ι</strong></span> <span class='ocrx_word' id='word_1_307' title='bbox 1188 2386 1326 2443; x_wconf 75' lang='grc' dir='ltr'>Οὔτε</span> <span class='ocrx_word' id='word_1_308' title='bbox 1363 2380 1518 2450; x_wconf 76' lang='grc' dir='ltr'>οὗτος</span> <span class='ocrx_word' id='word_1_309' title='bbox 1556 2386 1772 2456; x_wconf 77' lang='grc' dir='ltr'>ἥμαρτε</span> <span class='ocrx_word' id='word_1_310' title='bbox 1796 2423 1812 2448; x_wconf 94' lang='grc'><strong>,</strong></span> <span class='ocrx_word' id='word_1_311' title='bbox 1858 2402 1876 2435; x_wconf 80' lang='grc' dir='ltr'><strong>ι</strong></span> 
     </span>
    </p>
   </div>
   <div class='ocr_carea' id='block_1_41' title="bbox 305 2478 1884 2560">
    <p class='ocr_par' dir='ltr' id='par_1_41' title="bbox 305 2478 1884 2560">
     <span class='ocr_line' id='line_1_41' title="bbox 305 2478 1884 2560; baseline -0.007 -18"><span class='ocrx_word' id='word_1_312' title='bbox 305 2491 453 2560; x_wconf 80' lang='grc' dir='ltr'>(πῶς</span> <span class='ocrx_word' id='word_1_313' title='bbox 485 2489 596 2558; x_wconf 78' lang='grc' dir='ltr'><strong>γὰρ</strong></span> <span class='ocrx_word' id='word_1_314' title='bbox 624 2490 754 2560; x_wconf 71' lang='grc' dir='ltr'>πρὶν</span> <span class='ocrx_word' id='word_1_315' title='bbox 779 2487 810 2559; x_wconf 86' lang='grc' dir='ltr'>ἢ</span> <span class='ocrx_word' id='word_1_316' title='bbox 835 2487 1166 2558; x_wconf 79' lang='grc' dir='ltr'>γεννηθῆναι</span> <span class='ocrx_word' id='word_1_317' title='bbox 1193 2503 1206 2552; x_wconf 90' lang='grc'><strong>;</strong></span> <span class='ocrx_word' id='word_1_318' title='bbox 1234 2486 1252 2550; x_wconf 89' lang='grc'><strong>)</strong></span> <span class='ocrx_word' id='word_1_319' title='bbox 1289 2503 1307 2536; x_wconf 79' lang='grc' dir='ltr'><strong>ι</strong></span> <span class='ocrx_word' id='word_1_320' title='bbox 1347 2481 1470 2536; x_wconf 76' lang='grc' dir='ltr'>οὒτε</span> <span class='ocrx_word' id='word_1_321' title='bbox 1501 2481 1549 2534; x_wconf 78' lang='grc' dir='ltr'>οἱ</span> <span class='ocrx_word' id='word_1_322' title='bbox 1576 2481 1754 2549; x_wconf 79' lang='grc' dir='ltr'>γονεῖς</span> <span class='ocrx_word' id='word_1_323' title='bbox 1784 2478 1884 2533; x_wconf 84' lang='grc' dir='ltr'>αύ-</span> 
     </span>
    </p>
   </div>
   <div class='ocr_carea' id='block_1_42' title="bbox 301 2572 1884 2646">
    <p class='ocr_par' dir='ltr' id='par_1_42' title="bbox 301 2572 1884 2646">
     <span class='ocr_line' id='line_1_42' title="bbox 301 2572 1884 2646; baseline -0.006 -12"><span class='ocrx_word' id='word_1_324' title='bbox 301 2581 413 2636; x_wconf 80' lang='grc' dir='ltr'>τοῦ.</span> <span class='ocrx_word' id='word_1_325' title='bbox 438 2582 553 2635; x_wconf 83' lang='grc' dir='ltr'>Ούκ</span> <span class='ocrx_word' id='word_1_326' title='bbox 579 2579 936 2634; x_wconf 78' lang='grc' dir='ltr'>ἀπαλλάττων</span> <span class='ocrx_word' id='word_1_327' title='bbox 959 2578 1017 2633; x_wconf 82' lang='grc' dir='ltr'><strong>δέ</strong></span> <span class='ocrx_word' id='word_1_328' title='bbox 1041 2577 1238 2640; x_wconf 75' lang='grc' dir='ltr'>αὐτοὺς</span> <span class='ocrx_word' id='word_1_329' title='bbox 1268 2573 1702 2646; x_wconf 84' lang='grc' dir='ltr'>ἁμαρτημάτων,</span> <span class='ocrx_word' id='word_1_330' title='bbox 1727 2572 1884 2626; x_wconf 76' lang='grc' dir='ltr'>τοῦτό</span> 
     </span>
    </p>
   </div>
   <div class='ocr_carea' id='block_1_43' title="bbox 306 2665 1884 2744">
    <p class='ocr_par' dir='ltr' id='par_1_43' title="bbox 306 2665 1884 2744">
     <span class='ocr_line' id='line_1_43' title="bbox 306 2665 1884 2744; baseline -0.006 -18"><span class='ocrx_word' id='word_1_331' title='bbox 306 2690 488 2744; x_wconf 80' lang='grc' dir='ltr'>φησιν.</span> <span class='ocrx_word' id='word_1_332' title='bbox 530 2673 604 2726; x_wconf 67' lang='lat' dir='ltr'><strong>Oti</strong></span> <span class='ocrx_word' id='word_1_333' title='bbox 653 2672 763 2744; x_wconf 78' lang='grc' dir='ltr'><strong>γὰρ</strong></span> <span class='ocrx_word' id='word_1_334' title='bbox 816 2670 1004 2734; x_wconf 83' lang='grc' dir='ltr'>ἁπλῶς</span> <span class='ocrx_word' id='word_1_335' title='bbox 1047 2665 1224 2734; x_wconf 77' lang='grc' dir='ltr'>εῖπεν,</span> <span class='ocrx_word' id='word_1_336' title='bbox 1264 2669 1346 2722; x_wconf 86' lang='grc' dir='ltr'>ὃτι</span> <span class='ocrx_word' id='word_1_337' title='bbox 1386 2667 1500 2737; x_wconf 81' lang='grc' dir='ltr'><strong>Οὐχ</strong></span> <span class='ocrx_word' id='word_1_338' title='bbox 1543 2666 1792 2736; x_wconf 77' lang='grc' dir='ltr'>ἥμαρτον</span> <span class='ocrx_word' id='word_1_339' title='bbox 1835 2665 1884 2718; x_wconf 82' lang='grc' dir='ltr'><strong>οῖ</strong></span> 
     </span>
    </p>
   </div>
   <div class='ocr_carea' id='block_1_44' title="bbox 305 2757 1880 2835">
    <p class='ocr_par' dir='ltr' id='par_1_44' title="bbox 305 2757 1880 2835">
     <span class='ocr_line' id='line_1_44' title="bbox 305 2757 1880 2835; baseline -0.006 -18"><span class='ocrx_word' id='word_1_340' title='bbox 305 2767 478 2832; x_wconf 83' lang='grc' dir='ltr'>γονεῖς</span> <span class='ocrx_word' id='word_1_341' title='bbox 503 2806 517 2830; x_wconf 92' lang='grc'><strong>,</strong></span> <span class='ocrx_word' id='word_1_342' title='bbox 549 2763 687 2817; x_wconf 89' lang='grc' dir='ltr'><strong>ἀλλά</strong></span> <span class='ocrx_word' id='word_1_343' title='bbox 720 2762 1064 2835; x_wconf 76' lang='grc' dir='ltr'>προσέθηκεν</span> <span class='ocrx_word' id='word_1_344' title='bbox 1092 2776 1106 2790; x_wconf 88' lang='grc'><strong>·</strong></span> <span class='ocrx_word' id='word_1_345' title='bbox 1136 2779 1154 2813; x_wconf 81' lang='grc' dir='ltr'><strong>ι</strong></span> <span class='ocrx_word' id='word_1_346' title='bbox 1189 2761 1309 2816; x_wconf 86' lang='grc' dir='ltr'>Ἵνα</span> <span class='ocrx_word' id='word_1_347' title='bbox 1339 2761 1539 2829; x_wconf 78' lang='grc' dir='ltr'>τυφλὸς</span> <span class='ocrx_word' id='word_1_348' title='bbox 1563 2757 1820 2828; x_wconf 79' lang='grc' dir='ltr'>γεννηθῇ.</span> <span class='ocrx_word' id='word_1_349' title='bbox 1862 2775 1880 2808; x_wconf 74' lang='grc' dir='ltr'><strong>ι</strong></span> 
     </span>
    </p>
   </div>
   <div class='ocr_carea' id='block_1_45' title="bbox 309 2848 1886 2928">
    <p class='ocr_par' dir='ltr' id='par_1_45' title="bbox 309 2848 1886 2928">
     <span class='ocr_line' id='line_1_45' title="bbox 309 2848 1886 2928; baseline -0.004 -18"><span class='ocrx_word' id='word_1_350' title='bbox 309 2857 600 2928; x_wconf 84' lang='grc' dir='ltr'>Ἥμαρτον</span> <span class='ocrx_word' id='word_1_351' title='bbox 632 2855 730 2926; x_wconf 85' lang='grc' dir='ltr'>μὲν</span> <span class='ocrx_word' id='word_1_352' title='bbox 757 2856 866 2926; x_wconf 82' lang='grc' dir='ltr'><strong>γὰρ</strong></span> <span class='ocrx_word' id='word_1_353' title='bbox 887 2855 937 2908; x_wconf 81' lang='grc' dir='ltr'><strong>οῖ</strong></span> <span class='ocrx_word' id='word_1_354' title='bbox 964 2855 1139 2923; x_wconf 84' lang='grc' dir='ltr'>γονεῖς</span> <span class='ocrx_word' id='word_1_355' title='bbox 1165 2851 1352 2920; x_wconf 79' lang='grc' dir='ltr'>αὑτοῦ,</span> <span class='ocrx_word' id='word_1_356' title='bbox 1371 2852 1486 2906; x_wconf 77' lang='grc' dir='ltr'>ἁλλ’</span> <span class='ocrx_word' id='word_1_357' title='bbox 1508 2851 1609 2905; x_wconf 81' lang='grc' dir='ltr'>οὐκ</span> <span class='ocrx_word' id='word_1_358' title='bbox 1634 2848 1886 2904; x_wconf 78' lang='grc' dir='ltr'>ἐντεῦθεν</span> 
     </span>
    </p>
   </div>
   <div class='ocr_carea' id='block_1_46' title="bbox 303 2942 1886 3023">
    <p class='ocr_par' dir='ltr' id='par_1_46' title="bbox 303 2942 1886 3023">
     <span class='ocr_line' id='line_1_46' title="bbox 303 2942 1886 3023; baseline -0.005 -19"><span class='ocrx_word' id='word_1_359' title='bbox 303 2953 337 3023; x_wconf 77' lang='grc' dir='ltr'>ἡ</span> <span class='ocrx_word' id='word_1_360' title='bbox 361 2954 610 3022; x_wconf 71' lang='grc' dir='ltr'>πήρωσις</span> <span class='ocrx_word' id='word_1_361' title='bbox 634 2948 828 3020; x_wconf 83' lang='grc' dir='ltr'>τούτῳ.</span> <span class='ocrx_word' id='word_1_362' title='bbox 857 2949 932 3002; x_wconf 79' lang='grc' dir='ltr'><strong>Οὒ</strong></span> <span class='ocrx_word' id='word_1_363' title='bbox 955 2947 1064 3018; x_wconf 85' lang='grc' dir='ltr'><strong>γάρ</strong></span> <span class='ocrx_word' id='word_1_364' title='bbox 1085 2946 1361 3019; x_wconf 88' lang='grc' dir='ltr'>ἁμαρτίας</span> <span class='ocrx_word' id='word_1_365' title='bbox 1393 2944 1648 3016; x_wconf 80' lang='grc' dir='ltr'>πατέρων</span> <span class='ocrx_word' id='word_1_366' title='bbox 1677 2942 1886 2998; x_wconf 85' lang='grc' dir='ltr'>δίκαιόν</span> 
     </span>
    </p>
   </div>
   <div class='ocr_carea' id='block_1_47' title="bbox 304 3035 1888 3113">
    <p class='ocr_par' dir='ltr' id='par_1_47' title="bbox 304 3035 1888 3113">
     <span class='ocr_line' id='line_1_47' title="bbox 304 3035 1888 3113; baseline -0.004 -17"><span class='ocrx_word' id='word_1_367' title='bbox 304 3044 418 3096; x_wconf 88' lang='grc' dir='ltr'>ἐστι</span> <span class='ocrx_word' id='word_1_368' title='bbox 453 3044 612 3097; x_wconf 79' lang='grc' dir='ltr'>παισὶ</span> <span class='ocrx_word' id='word_1_369' title='bbox 657 3041 822 3113; x_wconf 67' lang='grc' dir='ltr'>μηδὲν</span> <span class='ocrx_word' id='word_1_370' title='bbox 868 3040 1149 3094; x_wconf 82' lang='grc' dir='ltr'>ἀδικοῦσιν</span> <span class='ocrx_word' id='word_1_371' title='bbox 1182 3037 1547 3092; x_wconf 86' lang='grc' dir='ltr'>ἐπιτίθεσθαι.</span> <span class='ocrx_word' id='word_1_372' title='bbox 1590 3037 1701 3092; x_wconf 74' lang='grc' dir='ltr'><strong>Καὶ</strong></span> <span class='ocrx_word' id='word_1_373' title='bbox 1729 3035 1888 3090; x_wconf 79' lang='grc' dir='ltr'>τοῦτο</span> 
     </span>
    </p>
   </div>
   <div class='ocr_carea' id='block_1_48' title="bbox 305 3129 1888 3206">
    <p class='ocr_par' dir='ltr' id='par_1_48' title="bbox 305 3129 1888 3206">
     <span class='ocr_line' id='line_1_48' title="bbox 305 3129 1888 3206; baseline -0.004 -17"><span class='ocrx_word' id='word_1_374' title='bbox 305 3137 332 3189; x_wconf 82' lang='grc' dir='ltr'><strong>ό</strong></span> <span class='ocrx_word' id='word_1_375' title='bbox 356 3135 489 3199; x_wconf 81' lang='grc' dir='ltr'>θεὸς</span> <span class='ocrx_word' id='word_1_376' title='bbox 513 3134 754 3190; x_wconf 81' lang='grc' dir='ltr'>διδάσκει</span> <span class='ocrx_word' id='word_1_377' title='bbox 780 3134 876 3206; x_wconf 88' lang='grc' dir='ltr'><strong>μέν</strong></span> <span class='ocrx_word' id='word_1_378' title='bbox 903 3133 992 3188; x_wconf 87' lang='grc' dir='ltr'><strong>διὰ</strong></span> <span class='ocrx_word' id='word_1_379' title='bbox 1027 3131 1311 3204; x_wconf 86' lang='grc' dir='ltr'>Ἰεζεκιὴλ,</span> <span class='ocrx_word' id='word_1_380' title='bbox 1335 3130 1478 3184; x_wconf 75' lang='grc' dir='ltr'>οὕτω</span> <span class='ocrx_word' id='word_1_381' title='bbox 1498 3129 1693 3198; x_wconf 76' lang='grc' dir='ltr'>λέγων’</span> <span class='ocrx_word' id='word_1_382' title='bbox 1726 3148 1746 3182; x_wconf 80' lang='grc' dir='ltr'><strong>ι</strong></span> <span class='ocrx_word' id='word_1_383' title='bbox 1776 3129 1888 3183; x_wconf 81' lang='grc' dir='ltr'><strong>Οὐκ</strong></span> 
     </span>
    </p>
   </div>
   <div class='ocr_carea' id='block_1_49' title="bbox 1990 2025 3559 2096">
    <p class='ocr_par' dir='ltr' id='par_1_49' title="bbox 1990 2025 3559 2096">
     <span class='ocr_line' id='line_1_49' title="bbox 1990 2025 3559 2096; baseline -0.001 -15"><span class='ocrx_word' id='word_1_384' title='bbox 1990 2025 2092 2081; x_wconf 90' lang='lat' dir='ltr'><strong>hoc</strong></span> <span class='ocrx_word' id='word_1_385' title='bbox 2120 2025 2303 2081; x_wconf 83' lang='lat' dir='ltr'><strong>dicere</strong></span> <span class='ocrx_word' id='word_1_386' title='bbox 2331 2041 2436 2080; x_wconf 88' lang='lat' dir='ltr'><strong>non</strong></span> <span class='ocrx_word' id='word_1_387' title='bbox 2471 2037 2645 2096; x_wconf 87' lang='lat' dir='ltr'><strong>potes,</strong></span> <span class='ocrx_word' id='word_1_388' title='bbox 2700 2041 2824 2081; x_wconf 91' lang='lat' dir='ltr'><strong>nam</strong></span> <span class='ocrx_word' id='word_1_389' title='bbox 2852 2041 2887 2082; x_wconf 74' lang='lat' dir='ltr'><strong>.a</strong></span> <span class='ocrx_word' id='word_1_390' title='bbox 2920 2027 3201 2082; x_wconf 84' lang='lat' dir='ltr'><strong>nativitate</strong></span> <span class='ocrx_word' id='word_1_391' title='bbox 3234 2041 3407 2082; x_wconf 69' lang='lat' dir='ltr'><strong>Circus</strong></span> <span class='ocrx_word' id='word_1_392' title='bbox 3453 2036 3559 2080; x_wconf 89' lang='lat' dir='ltr'><strong>est.</strong></span> 
     </span>
    </p>
   </div>
   <div class='ocr_carea' id='block_1_50' title="bbox 1989 2116 3562 2189">
    <p class='ocr_par' dir='ltr' id='par_1_50' title="bbox 1989 2116 3562 2189">
     <span class='ocr_line' id='line_1_50' title="bbox 1989 2116 3562 2189; baseline 0.001 -18"><span class='ocrx_word' id='word_1_393' title='bbox 1989 2116 2126 2172; x_wconf 88' lang='lat' dir='ltr'><strong>Num</strong></span> <span class='ocrx_word' id='word_1_394' title='bbox 2155 2127 2408 2187; x_wconf 88' lang='lat' dir='ltr'><strong>parentes</strong></span> <span class='ocrx_word' id='word_1_395' title='bbox 2455 2119 2616 2187; x_wconf 80' lang='lat' dir='ltr'><strong>ejus?</strong></span> <span class='ocrx_word' id='word_1_396' title='bbox 2673 2118 2779 2176; x_wconf 88' lang='lat' dir='ltr'><strong>Sed</strong></span> <span class='ocrx_word' id='word_1_397' title='bbox 2835 2134 3009 2189; x_wconf 87' lang='lat' dir='ltr'><strong>neque</strong></span> <span class='ocrx_word' id='word_1_398' title='bbox 3051 2121 3193 2187; x_wconf 86' lang='lat' dir='ltr'><strong>hoc;</strong></span> <span class='ocrx_word' id='word_1_399' title='bbox 3249 2136 3354 2175; x_wconf 90' lang='lat' dir='ltr'><strong>non</strong></span> <span class='ocrx_word' id='word_1_400' title='bbox 3417 2119 3562 2175; x_wconf 90' lang='lat' dir='ltr'><strong>enim</strong></span> 
     </span>
    </p>
   </div>
   <div class='ocr_carea' id='block_1_51' title="bbox 1992 2209 3560 2284">
    <p class='ocr_par' dir='ltr' id='par_1_51' title="bbox 1992 2209 3560 2284">
     <span class='ocr_line' id='line_1_51' title="bbox 1992 2209 3560 2284; baseline -0.001 -20"><span class='ocrx_word' id='word_1_401' title='bbox 1992 2209 2134 2265; x_wconf 87' lang='lat' dir='ltr'><strong>lilius</strong></span> <span class='ocrx_word' id='word_1_402' title='bbox 2155 2225 2255 2280; x_wconf 88' lang='lat' dir='ltr'><strong>pro</strong></span> <span class='ocrx_word' id='word_1_403' title='bbox 2282 2221 2434 2279; x_wconf 89' lang='lat' dir='ltr'><strong>patre</strong></span> <span class='ocrx_word' id='word_1_404' title='bbox 2465 2212 2705 2281; x_wconf 87' lang='lat' dir='ltr'><strong>punitur.</strong></span> <span class='ocrx_word' id='word_1_405' title='bbox 2735 2211 2903 2282; x_wconf 85' lang='lat' dir='ltr'><strong>igitur</strong></span> <span class='ocrx_word' id='word_1_406' title='bbox 2929 2228 3034 2267; x_wconf 92' lang='lat' dir='ltr'><strong>non</strong></span> <span class='ocrx_word' id='word_1_407' title='bbox 3066 2222 3176 2267; x_wconf 88' lang='lat' dir='ltr'><strong>tam</strong></span> <span class='ocrx_word' id='word_1_408' title='bbox 3201 2213 3560 2284; x_wconf 81' lang='lat' dir='ltr'><strong>interrogant,</strong></span> 
     </span>
    </p>
   </div>
   <div class='ocr_carea' id='block_1_52' title="bbox 1991 2301 3567 2372">
    <p class='ocr_par' dir='ltr' id='par_1_52' title="bbox 1991 2301 3567 2372">
     <span class='ocr_line' id='line_1_52' title="bbox 1991 2301 3567 2372; baseline -0.001 -16"><span class='ocrx_word' id='word_1_409' title='bbox 1991 2316 2152 2371; x_wconf 89' lang='lat' dir='ltr'><strong>quam</strong></span> <span class='ocrx_word' id='word_1_410' title='bbox 2174 2301 2337 2372; x_wconf 78' lang='lat'><strong>632</strong></span> <span class='ocrx_word' id='word_1_411' title='bbox 2366 2303 2659 2358; x_wconf 87' lang='lat' dir='ltr'><strong>dubitando</strong></span> <span class='ocrx_word' id='word_1_412' title='bbox 2686 2303 2799 2358; x_wconf 65' lang='lat' dir='ltr'><strong>haec</strong></span> <span class='ocrx_word' id='word_1_413' title='bbox 2831 2303 3036 2358; x_wconf 89' lang='lat' dir='ltr'><strong>dicunt.</strong></span> <span class='ocrx_word' id='word_1_414' title='bbox 3067 2305 3137 2358; x_wconf 83' lang='lat' dir='ltr'><strong>At</strong></span> <span class='ocrx_word' id='word_1_415' title='bbox 3170 2304 3430 2358; x_wconf 89' lang='lat' dir='ltr'><strong>Dominus</strong></span> <span class='ocrx_word' id='word_1_416' title='bbox 3457 2305 3567 2358; x_wconf 77' lang='lat' dir='ltr'><strong>su!—</strong></span> 
     </span>
    </p>
   </div>
   <div class='ocr_carea' id='block_1_53' title="bbox 1991 2393 3556 2464">
    <p class='ocr_par' dir='ltr' id='par_1_53' title="bbox 1991 2393 3556 2464">
     <span class='ocr_line' id='line_1_53' title="bbox 1991 2393 3556 2464; baseline -0.003 -16"><span class='ocrx_word' id='word_1_417' title='bbox 1991 2407 2125 2449; x_wconf 80' lang='lat' dir='ltr'><strong>vens</strong></span> <span class='ocrx_word' id='word_1_418' title='bbox 2157 2393 2378 2448; x_wconf 87' lang='lat' dir='ltr'><strong>dubium</strong></span> <span class='ocrx_word' id='word_1_419' title='bbox 2403 2393 2638 2459; x_wconf 91' lang='lat' dir='ltr'><strong>illorum,</strong></span> <span class='ocrx_word' id='word_1_420' title='bbox 2674 2393 2836 2448; x_wconf 89' lang='lat' dir='ltr'><strong>dicit:</strong></span> <span class='ocrx_word' id='word_1_421' title='bbox 2869 2412 2889 2447; x_wconf 76' lang='grc' dir='ltr'><strong>ι</strong></span> <span class='ocrx_word' id='word_1_422' title='bbox 2929 2393 3114 2464; x_wconf 86' lang='lat' dir='ltr'><strong>Neque</strong></span> <span class='ocrx_word' id='word_1_423' title='bbox 3137 2393 3226 2450; x_wconf 89' lang='lat' dir='ltr'><strong>hic</strong></span> <span class='ocrx_word' id='word_1_424' title='bbox 3255 2394 3556 2463; x_wconf 64' lang='lat' dir='ltr'><strong>peccavit.»</strong></span> 
     </span>
    </p>
   </div>
   <div class='ocr_carea' id='block_1_54' title="bbox 1993 2484 3561 2556">
    <p class='ocr_par' dir='ltr' id='par_1_54' title="bbox 1993 2484 3561 2556">
     <span class='ocr_line' id='line_1_54' title="bbox 1993 2484 3561 2556; baseline -0.001 -17"><span class='ocrx_word' id='word_1_425' title='bbox 1993 2484 2141 2556; x_wconf 84' lang='lat' dir='ltr'><strong>(nam</strong></span> <span class='ocrx_word' id='word_1_426' title='bbox 2173 2487 2443 2556; x_wconf 89' lang='lat' dir='ltr'><strong>quomodo</strong></span> <span class='ocrx_word' id='word_1_427' title='bbox 2498 2495 2776 2552; x_wconf 79' lang='lat' dir='ltr'><strong>peccasset</strong></span> <span class='ocrx_word' id='word_1_428' title='bbox 2829 2487 3146 2556; x_wconf 86' lang='lat' dir='ltr'><strong>priusquam</strong></span> <span class='ocrx_word' id='word_1_429' title='bbox 3187 2485 3561 2552; x_wconf 83' lang='lat' dir='ltr'><strong>nasceretur?)</strong></span> 
     </span>
    </p>
   </div>
   <div class='ocr_carea' id='block_1_55' title="bbox 1998 2575 3563 2648">
    <p class='ocr_par' dir='ltr' id='par_1_55' title="bbox 1998 2575 3563 2648">
     <span class='ocr_line' id='line_1_55' title="bbox 1998 2575 3563 2648; baseline 0.001 -19"><span class='ocrx_word' id='word_1_430' title='bbox 1998 2593 2017 2628; x_wconf 80' lang='grc' dir='ltr'><strong>ι</strong></span> <span class='ocrx_word' id='word_1_431' title='bbox 2054 2591 2230 2645; x_wconf 88' lang='lat' dir='ltr'><strong>neque</strong></span> <span class='ocrx_word' id='word_1_432' title='bbox 2257 2584 2508 2645; x_wconf 85' lang='lat' dir='ltr'><strong>parentes</strong></span> <span class='ocrx_word' id='word_1_433' title='bbox 2535 2577 2669 2648; x_wconf 88' lang='lat' dir='ltr'><strong>ejus.</strong></span> <span class='ocrx_word' id='word_1_434' title='bbox 2706 2595 2730 2630; x_wconf 77' lang='grc' dir='ltr'><strong>ι</strong></span> <span class='ocrx_word' id='word_1_435' title='bbox 2776 2575 2890 2632; x_wconf 93' lang='lat' dir='ltr'><strong>Non</strong></span> <span class='ocrx_word' id='word_1_436' title='bbox 2925 2575 3056 2632; x_wconf 80' lang='lat' dir='ltr'><strong>dicit</strong></span> <span class='ocrx_word' id='word_1_437' title='bbox 3078 2586 3255 2632; x_wconf 86' lang='lat' dir='ltr'><strong>autem</strong></span> <span class='ocrx_word' id='word_1_438' title='bbox 3298 2578 3398 2630; x_wconf 88' lang='lat' dir='ltr'><strong>hoc</strong></span> <span class='ocrx_word' id='word_1_439' title='bbox 3422 2577 3563 2646; x_wconf 86' lang='lat' dir='ltr'><strong>quod</strong></span> 
     </span>
    </p>
   </div>
   <div class='ocr_carea' id='block_1_56' title="bbox 1993 2668 3568 2740">
    <p class='ocr_par' dir='ltr' id='par_1_56' title="bbox 1993 2668 3568 2740">
     <span class='ocr_line' id='line_1_56' title="bbox 1993 2668 3568 2740; baseline -0.001 -16"><span class='ocrx_word' id='word_1_440' title='bbox 1993 2668 2307 2724; x_wconf 82' lang='lat' dir='ltr'><strong>liberaverit</strong></span> <span class='ocrx_word' id='word_1_441' title='bbox 2355 2683 2450 2726; x_wconf 86' lang='lat' dir='ltr'><strong>eos</strong></span> <span class='ocrx_word' id='word_1_442' title='bbox 2485 2685 2515 2724; x_wconf 91' lang='lat' dir='ltr'><strong>a</strong></span> <span class='ocrx_word' id='word_1_443' title='bbox 2576 2669 2852 2739; x_wconf 84' lang='lat' dir='ltr'><strong>peccatis:</strong></span> <span class='ocrx_word' id='word_1_444' title='bbox 2897 2686 3002 2725; x_wconf 89' lang='lat' dir='ltr'><strong>non</strong></span> <span class='ocrx_word' id='word_1_445' title='bbox 3045 2670 3190 2725; x_wconf 85' lang='lat' dir='ltr'><strong>enim</strong></span> <span class='ocrx_word' id='word_1_446' title='bbox 3247 2671 3568 2740; x_wconf 83' lang='lat' dir='ltr'><strong>simpliciter</strong></span> 
     </span>
    </p>
   </div>
   <div class='ocr_carea' id='block_1_57' title="bbox 1995 2759 3566 2833">
    <p class='ocr_par' dir='ltr' id='par_1_57' title="bbox 1995 2759 3566 2833">
     <span class='ocr_line' id='line_1_57' title="bbox 1995 2759 3566 2833; baseline 0 -17"><span class='ocrx_word' id='word_1_447' title='bbox 1995 2761 2129 2816; x_wconf 81' lang='lat' dir='ltr'><strong>dixit</strong></span> <span class='ocrx_word' id='word_1_448' title='bbox 2168 2763 2311 2833; x_wconf 91' lang='lat' dir='ltr'><strong>quod</strong></span> <span class='ocrx_word' id='word_1_449' title='bbox 2356 2759 2470 2816; x_wconf 79' lang='lat' dir='ltr'><strong>Non</strong></span> <span class='ocrx_word' id='word_1_450' title='bbox 2496 2771 2856 2832; x_wconf 83' lang='lat' dir='ltr'><strong>peccaverunt</strong></span> <span class='ocrx_word' id='word_1_451' title='bbox 2893 2771 3167 2832; x_wconf 86' lang='lat' dir='ltr'><strong>parentes,</strong></span> <span class='ocrx_word' id='word_1_452' title='bbox 3213 2761 3306 2818; x_wconf 85' lang='lat' dir='ltr'><strong>sed</strong></span> <span class='ocrx_word' id='word_1_453' title='bbox 3338 2761 3566 2826; x_wconf 89' lang='lat' dir='ltr'><strong>addidit,</strong></span> 
     </span>
    </p>
   </div>
   <div class='ocr_carea' id='block_1_58' title="bbox 2001 2853 3568 2926">
    <p class='ocr_par' dir='ltr' id='par_1_58' title="bbox 2001 2853 3568 2926">
     <span class='ocr_line' id='line_1_58' title="bbox 2001 2853 3568 2926; baseline 0.002 -20"><span class='ocrx_word' id='word_1_454' title='bbox 2001 2873 2018 2906; x_wconf 82' lang='grc' dir='ltr'><strong>ι</strong></span> <span class='ocrx_word' id='word_1_455' title='bbox 2043 2853 2116 2910; x_wconf 88' lang='lat' dir='ltr'><strong>Ut</strong></span> <span class='ocrx_word' id='word_1_456' title='bbox 2145 2869 2318 2912; x_wconf 62' lang='lat' dir='ltr'><strong>caicus</strong></span> <span class='ocrx_word' id='word_1_457' title='bbox 2355 2863 2686 2912; x_wconf 86' lang='lat' dir='ltr'><strong>nasceretur.</strong></span> <span class='ocrx_word' id='word_1_458' title='bbox 2711 2873 2732 2908; x_wconf 71' lang='grc' dir='ltr'><strong>ι</strong></span> <span class='ocrx_word' id='word_1_459' title='bbox 2769 2854 2902 2910; x_wconf 88' lang='lat' dir='ltr'><strong>Nam</strong></span> <span class='ocrx_word' id='word_1_460' title='bbox 2957 2865 3314 2924; x_wconf 85' lang='lat' dir='ltr'><strong>peccaverant</strong></span> <span class='ocrx_word' id='word_1_461' title='bbox 3346 2855 3568 2926; x_wconf 91' lang='lat' dir='ltr'><strong>quidem</strong></span> 
     </span>
    </p>
   </div>
   <div class='ocr_carea' id='block_1_59' title="bbox 1995 2951 3569 3023">
    <p class='ocr_par' dir='ltr' id='par_1_59' title="bbox 1995 2951 3569 3023">
     <span class='ocr_line' id='line_1_59' title="bbox 1995 2951 3569 3023; baseline 0.002 -18"><span class='ocrx_word' id='word_1_462' title='bbox 1995 2957 2246 3020; x_wconf 88' lang='lat' dir='ltr'><strong>parentes</strong></span> <span class='ocrx_word' id='word_1_463' title='bbox 2257 2951 2393 3019; x_wconf 75' lang='lat' dir='ltr'><strong>ejus,</strong></span> <span class='ocrx_word' id='word_1_464' title='bbox 2422 2951 2516 3007; x_wconf 91' lang='lat' dir='ltr'><strong>sed</strong></span> <span class='ocrx_word' id='word_1_465' title='bbox 2539 2966 2644 3007; x_wconf 92' lang='lat' dir='ltr'><strong>non</strong></span> <span class='ocrx_word' id='word_1_466' title='bbox 2669 2951 2795 3008; x_wconf 88' lang='lat' dir='ltr'><strong>inde</strong></span> <span class='ocrx_word' id='word_1_467' title='bbox 2821 2952 2946 3008; x_wconf 90' lang='lat' dir='ltr'><strong>huic</strong></span> <span class='ocrx_word' id='word_1_468' title='bbox 2966 2951 3200 3008; x_wconf 62' lang='lat' dir='ltr'><strong>caecitas.</strong></span> <span class='ocrx_word' id='word_1_469' title='bbox 3215 2951 3402 3023; x_wconf 88' lang='lat' dir='ltr'><strong>Neque</strong></span> <span class='ocrx_word' id='word_1_470' title='bbox 3426 2954 3569 3008; x_wconf 87' lang='lat' dir='ltr'><strong>enim</strong></span> 
     </span>
    </p>
   </div>
   <div class='ocr_carea' id='block_1_60' title="bbox 1992 3030 3569 3116">
    <p class='ocr_par' dir='ltr' id='par_1_60' title="bbox 1992 3030 3569 3116">
     <span class='ocr_line' id='line_1_60' title="bbox 1992 3030 3569 3116; baseline 0.002 -19"><span class='ocrx_word' id='word_1_471' title='bbox 1992 3041 2200 3113; x_wconf 85' lang='lat' dir='ltr'><strong>justum</strong></span> <span class='ocrx_word' id='word_1_472' title='bbox 2232 3053 2318 3099; x_wconf 90' lang='lat' dir='ltr'><strong>est</strong></span> <span class='ocrx_word' id='word_1_473' title='bbox 2355 3030 2573 3116; x_wconf 88' lang='lat' dir='ltr'><strong>propter</strong></span> <span class='ocrx_word' id='word_1_474' title='bbox 2616 3053 2904 3116; x_wconf 87' lang='lat' dir='ltr'><strong>parentum</strong></span> <span class='ocrx_word' id='word_1_475' title='bbox 2947 3055 3168 3116; x_wconf 84' lang='lat' dir='ltr'><strong>peceata</strong></span> <span class='ocrx_word' id='word_1_476' title='bbox 3212 3045 3368 3116; x_wconf 77' lang='lat' dir='ltr'><strong>aﬂligi</strong></span> <span class='ocrx_word' id='word_1_477' title='bbox 3406 3046 3569 3112; x_wconf 86' lang='lat' dir='ltr'><strong>lilios,</strong></span> 
     </span>
    </p>
   </div>
   <div class='ocr_carea' id='block_1_61' title="bbox 1998 3133 3575 3204">
    <p class='ocr_par' dir='ltr' id='par_1_61' title="bbox 1998 3133 3575 3204">
     <span class='ocr_line' id='line_1_61' title="bbox 1998 3133 3575 3204; baseline 0.001 -17"><span class='ocrx_word' id='word_1_478' title='bbox 1998 3133 2091 3202; x_wconf 92' lang='lat' dir='ltr'><strong>qui</strong></span> <span class='ocrx_word' id='word_1_479' title='bbox 2127 3149 2232 3189; x_wconf 91' lang='lat' dir='ltr'><strong>non</strong></span> <span class='ocrx_word' id='word_1_480' title='bbox 2263 3133 2463 3202; x_wconf 87' lang='lat' dir='ltr'><strong>injuste</strong></span> <span class='ocrx_word' id='word_1_481' title='bbox 2491 3143 2695 3204; x_wconf 86' lang='lat' dir='ltr'><strong>agunt:</strong></span> <span class='ocrx_word' id='word_1_482' title='bbox 2727 3143 2780 3188; x_wconf 87' lang='lat' dir='ltr'><strong>et</strong></span> <span class='ocrx_word' id='word_1_483' title='bbox 2810 3134 2914 3190; x_wconf 87' lang='lat' dir='ltr'><strong>hoc</strong></span> <span class='ocrx_word' id='word_1_484' title='bbox 2947 3134 3089 3190; x_wconf 90' lang='lat' dir='ltr'><strong>Deus</strong></span> <span class='ocrx_word' id='word_1_485' title='bbox 3128 3135 3281 3190; x_wconf 86' lang='lat' dir='ltr'><strong>docet</strong></span> <span class='ocrx_word' id='word_1_486' title='bbox 3307 3149 3408 3204; x_wconf 87' lang='lat' dir='ltr'><strong>.per</strong></span> <span class='ocrx_word' id='word_1_487' title='bbox 3437 3133 3575 3189; x_wconf 78' lang='lat' dir='ltr'><strong>Eze-</strong></span> 
     </span>
    </p>
   </div>
   <div class='ocr_carea' id='block_1_62' title="bbox 305 3221 1887 3316">
    <p class='ocr_par' dir='ltr' id='par_1_62' title="bbox 305 3221 1887 3297">
     <span class='ocr_line' id='line_1_62' title="bbox 305 3221 1887 3297; baseline -0.003 -19"><span class='ocrx_word' id='word_1_488' title='bbox 305 3226 456 3279; x_wconf 69' lang='grc' dir='ltr'>ἔσται</span> <span class='ocrx_word' id='word_1_489' title='bbox 485 3227 519 3297; x_wconf 83' lang='grc' dir='ltr'>ἡ</span> <span class='ocrx_word' id='word_1_490' title='bbox 551 3224 835 3297; x_wconf 79' lang='grc' dir='ltr'>παραϐολὴ</span> <span class='ocrx_word' id='word_1_491' title='bbox 863 3223 1004 3296; x_wconf 76' lang='grc' dir='ltr'>αὕτη</span> <span class='ocrx_word' id='word_1_492' title='bbox 1030 3223 1111 3278; x_wconf 74' lang='grc' dir='ltr'>ἔτι</span> <span class='ocrx_word' id='word_1_493' title='bbox 1141 3223 1466 3297; x_wconf 82' lang='grc' dir='ltr'>ὴλεγομένη</span> <span class='ocrx_word' id='word_1_494' title='bbox 1494 3239 1509 3254; x_wconf 78' lang='grc'><strong>⁸</strong></span> <span class='ocrx_word' id='word_1_495' title='bbox 1565 3223 1631 3276; x_wconf 83' lang='grc' dir='ltr'><strong>οἱ</strong></span> <span class='ocrx_word' id='word_1_496' title='bbox 1655 3221 1887 3293; x_wconf 83' lang='grc' dir='ltr'>πατέρες</span> 
     </span>
    </p>
   </div>
   <div class='ocr_carea' id='block_1_63' title="bbox 1995 3221 3572 3316">
    <p class='ocr_par' dir='ltr' id='par_1_63' title="bbox 1999 3226 3572 3300">
     <span class='ocr_line' id='line_1_63' title="bbox 1999 3226 3572 3300; baseline 0.001 -19"><span class='ocrx_word' id='word_1_497' title='bbox 1999 3227 2250 3291; x_wconf 85' lang='lat' dir='ltr'><strong>cbielem,</strong></span> <span class='ocrx_word' id='word_1_498' title='bbox 2282 3229 2501 3284; x_wconf 87' lang='lat' dir='ltr'><strong>dicens:</strong></span> <span class='ocrx_word' id='word_1_499' title='bbox 2542 3247 2561 3280; x_wconf 82' lang='grc' dir='ltr'><strong>ι</strong></span> <span class='ocrx_word' id='word_1_500' title='bbox 2594 3226 2712 3282; x_wconf 84' lang='lat' dir='ltr'><strong>Non</strong></span> <span class='ocrx_word' id='word_1_501' title='bbox 2746 3227 2850 3284; x_wconf 90' lang='lat' dir='ltr'><strong>erit</strong></span> <span class='ocrx_word' id='word_1_502' title='bbox 2882 3227 3119 3299; x_wconf 74' lang='lat' dir='ltr'><strong>ampli-us</strong></span> <span class='ocrx_word' id='word_1_503' title='bbox 3151 3229 3264 3283; x_wconf 68' lang='lat' dir='ltr'><strong>haec</strong></span> <span class='ocrx_word' id='word_1_504' title='bbox 3286 3229 3572 3300; x_wconf 73' lang='lat' dir='ltr'><strong>parabole,</strong></span> 
     </span>
    </p>
   </div>
   <div class='ocr_carea' id='block_1_64' title="bbox 307 3311 1888 3386">
    <p class='ocr_par' dir='ltr' id='par_1_64' title="bbox 307 3311 1888 3386">
     <span class='ocr_line' id='line_1_64' title="bbox 307 3311 1888 3386; baseline -0.002 -18"><span class='ocrx_word' id='word_1_505' title='bbox 307 3317 512 3386; x_wconf 75' lang='grc' dir='ltr'>ἔφαγον</span> <span class='ocrx_word' id='word_1_506' title='bbox 540 3315 784 3386; x_wconf 78' lang='grc' dir='ltr'>δμφακα,</span> <span class='ocrx_word' id='word_1_507' title='bbox 817 3317 913 3372; x_wconf 78' lang='grc' dir='ltr'>καὶ</span> <span class='ocrx_word' id='word_1_508' title='bbox 941 3317 990 3370; x_wconf 82' lang='grc' dir='ltr'>οἱ</span> <span class='ocrx_word' id='word_1_509' title='bbox 1018 3315 1228 3380; x_wconf 83' lang='grc' dir='ltr'>ὀδόντες</span> <span class='ocrx_word' id='word_1_510' title='bbox 1258 3315 1369 3368; x_wconf 86' lang='grc' dir='ltr'>τῶν</span> <span class='ocrx_word' id='word_1_511' title='bbox 1401 3314 1607 3367; x_wconf 84' lang='grc' dir='ltr'>τέκνων</span> <span class='ocrx_word' id='word_1_512' title='bbox 1643 3311 1888 3384; x_wconf 75' lang='grc' dir='ltr'>ᾑμωδία-</span> 
     </span>
    </p>
   </div>
   <div class='ocr_carea' id='block_1_65' title="bbox 309 3405 1892 3482">
    <p class='ocr_par' dir='ltr' id='par_1_65' title="bbox 309 3405 1892 3482">
     <span class='ocr_line' id='line_1_65' title="bbox 309 3405 1892 3482; baseline -0.004 -18"><span class='ocrx_word' id='word_1_513' title='bbox 309 3426 428 3464; x_wconf 85' lang='grc' dir='ltr'>σαν·</span> <span class='ocrx_word' id='word_1_514' title='bbox 475 3429 495 3463; x_wconf 74' lang='grc' dir='ltr'><strong>ι</strong></span> <span class='ocrx_word' id='word_1_515' title='bbox 533 3409 894 3482; x_wconf 85' lang='grc' dir='ltr'>νομοθετεῖδέ</span> <span class='ocrx_word' id='word_1_516' title='bbox 927 3409 1024 3464; x_wconf 72' lang='grc' dir='ltr'>καὶ</span> <span class='ocrx_word' id='word_1_517' title='bbox 1052 3409 1142 3463; x_wconf 83' lang='grc' dir='ltr'>διὰ</span> <span class='ocrx_word' id='word_1_518' title='bbox 1167 3407 1434 3472; x_wconf 87' lang='grc' dir='ltr'>Μωσέως·</span> <span class='ocrx_word' id='word_1_519' title='bbox 1479 3424 1497 3458; x_wconf 82' lang='grc' dir='ltr'><strong>ι</strong></span> <span class='ocrx_word' id='word_1_520' title='bbox 1536 3407 1649 3460; x_wconf 79' lang='grc' dir='ltr'><strong>Οὐκ</strong></span> <span class='ocrx_word' id='word_1_521' title='bbox 1680 3405 1892 3459; x_wconf 85' lang='grc' dir='ltr'>ἀποθα-</span> 
     </span>
    </p>
   </div>
   <div class='ocr_carea' id='block_1_66' title="bbox 308 3498 1888 3574">
    <p class='ocr_par' dir='ltr' id='par_1_66' title="bbox 308 3498 1888 3574">
     <span class='ocr_line' id='line_1_66' title="bbox 308 3498 1888 3574; baseline -0.001 -20"><span class='ocrx_word' id='word_1_522' title='bbox 308 3505 482 3556; x_wconf 88' lang='grc' dir='ltr'>νεῖται</span> <span class='ocrx_word' id='word_1_523' title='bbox 510 3501 694 3574; x_wconf 82' lang='grc' dir='ltr'>πατὴρ</span> <span class='ocrx_word' id='word_1_524' title='bbox 722 3502 863 3572; x_wconf 79' lang='grc' dir='ltr'>ὑπὲρ</span> <span class='ocrx_word' id='word_1_525' title='bbox 890 3503 1106 3556; x_wconf 84' lang='grc' dir='ltr'>τέκνου.</span> <span class='ocrx_word' id='word_1_526' title='bbox 1147 3520 1166 3554; x_wconf 78' lang='grc' dir='ltr'><strong>ι</strong></span> <span class='ocrx_word' id='word_1_527' title='bbox 1211 3499 1396 3565; x_wconf 85' lang='grc' dir='ltr'>Ἀλλὰ,</span> <span class='ocrx_word' id='word_1_528' title='bbox 1429 3500 1539 3552; x_wconf 74' lang='grc' dir='ltr'><strong>Καὶ</strong></span> <span class='ocrx_word' id='word_1_529' title='bbox 1566 3498 1703 3564; x_wconf 78' lang='grc' dir='ltr'>πῶς,</span> <span class='ocrx_word' id='word_1_530' title='bbox 1735 3498 1888 3568; x_wconf 71' lang='grc' dir='ltr'>φησὶ,</span> 
     </span>
    </p>
   </div>
   <div class='ocr_carea' id='block_1_67' title="bbox 307 3589 1894 3664">
    <p class='ocr_par' dir='ltr' id='par_1_67' title="bbox 307 3589 1894 3664">
     <span class='ocr_line' id='line_1_67' title="bbox 307 3589 1894 3664; baseline -0.001 -20"><span class='ocrx_word' id='word_1_531' title='bbox 307 3591 643 3663; x_wconf 77' lang='grc' dir='ltr'>γέγραπταιο</span> <span class='ocrx_word' id='word_1_532' title='bbox 678 3610 696 3644; x_wconf 81' lang='grc' dir='ltr'><strong>ι</strong></span> <span class='ocrx_word' id='word_1_533' title='bbox 740 3593 1056 3656; x_wconf 79' lang='grc' dir='ltr'>’Λποδιδοὺς</span> <span class='ocrx_word' id='word_1_534' title='bbox 1083 3591 1353 3664; x_wconf 87' lang='grc' dir='ltr'>ἁμαρτίας</span> <span class='ocrx_word' id='word_1_535' title='bbox 1374 3592 1576 3659; x_wconf 78' lang='grc' dir='ltr'>γονέων</span> <span class='ocrx_word' id='word_1_536' title='bbox 1607 3592 1698 3644; x_wconf 79' lang='grc' dir='ltr'>ἐπὶ</span> <span class='ocrx_word' id='word_1_537' title='bbox 1728 3589 1894 3643; x_wconf 81' lang='grc' dir='ltr'>τέκνα</span> 
     </span>
    </p>
   </div>
   <div class='ocr_carea' id='block_1_68' title="bbox 309 3681 1890 3756">
    <p class='ocr_par' dir='ltr' id='par_1_68' title="bbox 309 3681 1890 3756">
     <span class='ocr_line' id='line_1_68' title="bbox 309 3681 1890 3756; baseline -0.003 -18"><span class='ocrx_word' id='word_1_538' title='bbox 309 3685 406 3738; x_wconf 84' lang='grc' dir='ltr'>ἐπὶ</span> <span class='ocrx_word' id='word_1_539' title='bbox 429 3683 622 3756; x_wconf 87' lang='grc' dir='ltr'>τρίτην</span> <span class='ocrx_word' id='word_1_540' title='bbox 645 3685 737 3738; x_wconf 69' lang='grc' dir='ltr'>καὶ</span> <span class='ocrx_word' id='word_1_541' title='bbox 758 3684 1026 3754; x_wconf 84' lang='grc' dir='ltr'>τετάρτην</span> <span class='ocrx_word' id='word_1_542' title='bbox 1057 3684 1280 3752; x_wconf 87' lang='grc' dir='ltr'>γενεάν;</span> <span class='ocrx_word' id='word_1_543' title='bbox 1312 3702 1332 3736; x_wconf 78' lang='grc' dir='ltr'><strong>ι</strong></span> <span class='ocrx_word' id='word_1_544' title='bbox 1369 3682 1560 3736; x_wconf 83' lang='grc' dir='ltr'><strong>¹Ἐστιν</strong></span> <span class='ocrx_word' id='word_1_545' title='bbox 1580 3681 1673 3735; x_wconf 76' lang='grc' dir='ltr'>οὖν</span> <span class='ocrx_word' id='word_1_546' title='bbox 1696 3683 1890 3747; x_wconf 88' lang='grc' dir='ltr'>εἰπεῖν,</span> 
     </span>
    </p>
   </div>
   <div class='ocr_carea' id='block_1_69' title="bbox 309 3773 1895 3849">
    <p class='ocr_par' dir='ltr' id='par_1_69' title="bbox 309 3773 1895 3849">
     <span class='ocr_line' id='line_1_69' title="bbox 309 3773 1895 3849; baseline -0.002 -19"><span class='ocrx_word' id='word_1_547' title='bbox 309 3777 392 3831; x_wconf 78' lang='grc' dir='ltr'>ὅτι</span> <span class='ocrx_word' id='word_1_548' title='bbox 423 3777 642 3849; x_wconf 80' lang='grc' dir='ltr'>πρῶτον</span> <span class='ocrx_word' id='word_1_549' title='bbox 677 3778 796 3844; x_wconf 87' lang='grc' dir='ltr'>μὲν,</span> <span class='ocrx_word' id='word_1_550' title='bbox 821 3777 944 3830; x_wconf 78' lang='grc' dir='ltr'>οὐδὲ</span> <span class='ocrx_word' id='word_1_551' title='bbox 972 3776 1234 3846; x_wconf 82' lang='grc' dir='ltr'>καθολική</span> <span class='ocrx_word' id='word_1_552' title='bbox 1271 3777 1418 3829; x_wconf 85' lang='grc' dir='ltr'>ἐστιν</span> <span class='ocrx_word' id='word_1_553' title='bbox 1452 3775 1591 3846; x_wconf 76' lang='grc' dir='ltr'>αὕτη</span> <span class='ocrx_word' id='word_1_554' title='bbox 1620 3775 1655 3845; x_wconf 78' lang='grc' dir='ltr'>ἡ</span> <span class='ocrx_word' id='word_1_555' title='bbox 1680 3773 1895 3842; x_wconf 84' lang='grc' dir='ltr'>ἀπόφα-</span> 
     </span>
    </p>
   </div>
   <div class='ocr_carea' id='block_1_70' title="bbox 311 3865 1895 3940">
    <p class='ocr_par' dir='ltr' id='par_1_70' title="bbox 311 3865 1895 3940">
     <span class='ocr_line' id='line_1_70' title="bbox 311 3865 1895 3940; baseline -0.003 -18"><span class='ocrx_word' id='word_1_556' title='bbox 311 3887 420 3934; x_wconf 85' lang='grc' dir='ltr'>σις,</span> <span class='ocrx_word' id='word_1_557' title='bbox 450 3871 573 3923; x_wconf 86' lang='grc' dir='ltr'><strong>ούδέ</strong></span> <span class='ocrx_word' id='word_1_558' title='bbox 600 3869 744 3924; x_wconf 74' lang='grc' dir='ltr'>κατὰ</span> <span class='ocrx_word' id='word_1_559' title='bbox 783 3870 1002 3925; x_wconf 87' lang='grc' dir='ltr'>πάντων</span> <span class='ocrx_word' id='word_1_560' title='bbox 1037 3868 1286 3940; x_wconf 84' lang='grc' dir='ltr'>ρηθεῖσα,</span> <span class='ocrx_word' id='word_1_561' title='bbox 1323 3867 1461 3920; x_wconf 86' lang='grc' dir='ltr'><strong>ἀλλὰ</strong></span> <span class='ocrx_word' id='word_1_562' title='bbox 1495 3867 1673 3937; x_wconf 85' lang='grc' dir='ltr'>μόνων</span> <span class='ocrx_word' id='word_1_563' title='bbox 1701 3867 1808 3920; x_wconf 84' lang='grc' dir='ltr'>τῶν</span> <span class='ocrx_word' id='word_1_564' title='bbox 1835 3865 1895 3930; x_wconf 77' lang='grc' dir='ltr'>ἐξ</span> 
     </span>
    </p>
   </div>
   <div class='ocr_carea' id='block_1_71' title="bbox 306 3957 1896 4030">
    <p class='ocr_par' dir='ltr' id='par_1_71' title="bbox 306 3957 1896 4030">
     <span class='ocr_line' id='line_1_71' title="bbox 306 3957 1896 4030; baseline -0.004 -14"><span class='ocrx_word' id='word_1_565' title='bbox 306 3961 591 4030; x_wconf 73' lang='grc' dir='ltr'>Αἰγύπτου</span> <span class='ocrx_word' id='word_1_566' title='bbox 623 3960 971 4029; x_wconf 81' lang='grc' dir='ltr'>ἐξελθόντων.</span> <span class='ocrx_word' id='word_1_567' title='bbox 1019 3962 1255 4016; x_wconf 79' lang='grc' dir='ltr'>Ἔπειτα</span> <span class='ocrx_word' id='word_1_568' title='bbox 1305 3959 1498 4013; x_wconf 82' lang='grc' dir='ltr'>σκόπει</span> <span class='ocrx_word' id='word_1_569' title='bbox 1537 3975 1628 4029; x_wconf 91' lang='grc' dir='ltr'><strong>μοι</strong></span> <span class='ocrx_word' id='word_1_570' title='bbox 1674 3957 1768 4011; x_wconf 71' lang='grc' dir='ltr'>καὶ</span> <span class='ocrx_word' id='word_1_571' title='bbox 1802 3959 1896 4011; x_wconf 81' lang='grc' dir='ltr'>τὸν</span> 
     </span>
    </p>
   </div>
   <div class='ocr_carea' id='block_1_72' title="bbox 308 4049 1895 4124">
    <p class='ocr_par' dir='ltr' id='par_1_72' title="bbox 308 4049 1895 4124">
     <span class='ocr_line' id='line_1_72' title="bbox 308 4049 1895 4124; baseline -0.003 -18"><span class='ocrx_word' id='word_1_572' title='bbox 308 4052 436 4107; x_wconf 80' lang='grc' dir='ltr'>νοῦν</span> <span class='ocrx_word' id='word_1_573' title='bbox 457 4057 556 4124; x_wconf 82' lang='grc' dir='ltr'><strong>τῆς</strong></span> <span class='ocrx_word' id='word_1_574' title='bbox 580 4053 930 4123; x_wconf 79' lang='grc' dir='ltr'>ἀποφάσεως.</span> <span class='ocrx_word' id='word_1_575' title='bbox 969 4053 1045 4107; x_wconf 87' lang='grc' dir='ltr'><strong>Ού</strong></span> <span class='ocrx_word' id='word_1_576' title='bbox 1071 4053 1182 4123; x_wconf 84' lang='grc' dir='ltr'>γὰρ</span> <span class='ocrx_word' id='word_1_577' title='bbox 1208 4051 1366 4106; x_wconf 82' lang='grc' dir='ltr'>τοῦτό</span> <span class='ocrx_word' id='word_1_578' title='bbox 1386 4067 1571 4121; x_wconf 78' lang='grc' dir='ltr'>φησιν,</span> <span class='ocrx_word' id='word_1_579' title='bbox 1601 4051 1683 4103; x_wconf 83' lang='grc' dir='ltr'><strong>ὅτι</strong></span> <span class='ocrx_word' id='word_1_580' title='bbox 1721 4049 1895 4122; x_wconf 82' lang='grc' dir='ltr'>’Υπὲρ</span> 
     </span>
    </p>
   </div>
   <div class='ocr_carea' id='block_1_73' title="bbox 310 4139 1894 4217">
    <p class='ocr_par' dir='ltr' id='par_1_73' title="bbox 310 4139 1894 4217">
     <span class='ocr_line' id='line_1_73' title="bbox 310 4139 1894 4217; baseline -0.003 -19"><span class='ocrx_word' id='word_1_581' title='bbox 310 4139 386 4199; x_wconf 81' lang='grc' dir='ltr'>ὧν</span> <span class='ocrx_word' id='word_1_582' title='bbox 409 4146 660 4217; x_wconf 75' lang='grc' dir='ltr'>ἥμαρτον</span> <span class='ocrx_word' id='word_1_583' title='bbox 696 4146 746 4198; x_wconf 88' lang='grc' dir='ltr'><strong>οί</strong></span> <span class='ocrx_word' id='word_1_584' title='bbox 780 4145 1038 4216; x_wconf 82' lang='grc' dir='ltr'>πατέρες,</span> <span class='ocrx_word' id='word_1_585' title='bbox 1075 4144 1396 4208; x_wconf 77' lang='grc' dir='ltr'>κολάζονται</span> <span class='ocrx_word' id='word_1_586' title='bbox 1435 4142 1484 4196; x_wconf 80' lang='grc' dir='ltr'><strong>οῖ</strong></span> <span class='ocrx_word' id='word_1_587' title='bbox 1517 4140 1704 4206; x_wconf 89' lang='grc' dir='ltr'>παῖδες</span> <span class='ocrx_word' id='word_1_588' title='bbox 1726 4181 1741 4205; x_wconf 92' lang='grc'><strong>,</strong></span> <span class='ocrx_word' id='word_1_589' title='bbox 1776 4141 1894 4194; x_wconf 80' lang='grc' dir='ltr'>ἀλλ’</span> 
     </span>
    </p>
   </div>
   <div class='ocr_carea' id='block_1_74' title="bbox 309 4233 1895 4310">
    <p class='ocr_par' dir='ltr' id='par_1_74' title="bbox 309 4233 1895 4310">
     <span class='ocr_line' id='line_1_74' title="bbox 309 4233 1895 4310; baseline -0.004 -18"><span class='ocrx_word' id='word_1_590' title='bbox 309 4239 393 4292; x_wconf 79' lang='grc' dir='ltr'>ὅτι</span> <span class='ocrx_word' id='word_1_591' title='bbox 423 4240 490 4292; x_wconf 76' lang='lat' dir='ltr'><strong>Ai</strong></span> <span class='ocrx_word' id='word_1_592' title='bbox 524 4239 791 4310; x_wconf 82' lang='grc' dir='ltr'>ἁμαρτίαι</span> <span class='ocrx_word' id='word_1_593' title='bbox 839 4237 949 4293; x_wconf 85' lang='grc' dir='ltr'><strong>τῶν</strong></span> <span class='ocrx_word' id='word_1_594' title='bbox 1001 4237 1278 4307; x_wconf 87' lang='grc' dir='ltr'>πατέρων,</span> <span class='ocrx_word' id='word_1_595' title='bbox 1309 4235 1619 4301; x_wconf 87' lang='grc' dir='ltr'>τουτέστιν,</span> <span class='ocrx_word' id='word_1_596' title='bbox 1663 4235 1720 4287; x_wconf 81' lang='grc' dir='ltr'><strong>αῖ</strong></span> <span class='ocrx_word' id='word_1_597' title='bbox 1755 4233 1895 4304; x_wconf 86' lang='grc' dir='ltr'><strong>ύπέρ</strong></span> 
     </span>
    </p>
   </div>
   <div class='ocr_carea' id='block_1_75' title="bbox 309 4326 1894 4404">
    <p class='ocr_par' dir='ltr' id='par_1_75' title="bbox 309 4326 1894 4404">
     <span class='ocr_line' id='line_1_75' title="bbox 309 4326 1894 4404; baseline -0.004 -21"><span class='ocrx_word' id='word_1_598' title='bbox 309 4332 420 4384; x_wconf 83' lang='grc' dir='ltr'>τῶν</span> <span class='ocrx_word' id='word_1_599' title='bbox 450 4333 868 4404; x_wconf 82' lang='grc' dir='ltr'>ἁμαρτημάτων</span> <span class='ocrx_word' id='word_1_600' title='bbox 897 4330 1150 4394; x_wconf 85' lang='grc' dir='ltr'>κολάσεις</span> <span class='ocrx_word' id='word_1_601' title='bbox 1191 4328 1622 4398; x_wconf 81' lang='grc' dir='ltr'>ἁποδοθήσονται</span> <span class='ocrx_word' id='word_1_602' title='bbox 1653 4326 1751 4381; x_wconf 74' lang='grc' dir='ltr'>καὶ</span> <span class='ocrx_word' id='word_1_603' title='bbox 1778 4327 1894 4388; x_wconf 82' lang='grc' dir='ltr'>τοῖς</span> 
     </span>
    </p>
   </div>
   <div class='ocr_carea' id='block_1_76' title="bbox 310 4418 1895 4500">
    <p class='ocr_par' dir='ltr' id='par_1_76' title="bbox 310 4418 1895 4500">
     <span class='ocr_line' id='line_1_76' title="bbox 310 4418 1895 4500; baseline -0.003 -22"><span class='ocrx_word' id='word_1_604' title='bbox 310 4427 502 4500; x_wconf 80' lang='grc' dir='ltr'>παισὶν</span> <span class='ocrx_word' id='word_1_605' title='bbox 535 4425 764 4490; x_wconf 84' lang='grc' dir='ltr'>αὐτῶν,</span> <span class='ocrx_word' id='word_1_606' title='bbox 794 4426 869 4488; x_wconf 82' lang='grc' dir='ltr'><strong>ὡς</strong></span> <span class='ocrx_word' id='word_1_607' title='bbox 902 4424 972 4478; x_wconf 89' lang='grc' dir='ltr'><strong>τὰ</strong></span> <span class='ocrx_word' id='word_1_608' title='bbox 1003 4425 1166 4495; x_wconf 85' lang='grc' dir='ltr'>ὃμοια</span> <span class='ocrx_word' id='word_1_609' title='bbox 1197 4418 1742 4493; x_wconf 83' lang='grc' dir='ltr'>πεπλημμεληκόσιν.</span> <span class='ocrx_word' id='word_1_610' title='bbox 1777 4419 1895 4474; x_wconf 79' lang='grc' dir='ltr'>Ἴνα-</span> 
     </span>
    </p>
   </div>
   <div class='ocr_carea' id='block_1_77' title="bbox 309 4512 1894 4591">
    <p class='ocr_par' dir='ltr' id='par_1_77' title="bbox 309 4512 1894 4591">
     <span class='ocr_line' id='line_1_77' title="bbox 309 4512 1894 4591; baseline -0.003 -22"><span class='ocrx_word' id='word_1_611' title='bbox 309 4517 424 4587; x_wconf 89' lang='grc' dir='ltr'><strong>γὰρ</strong></span> <span class='ocrx_word' id='word_1_612' title='bbox 456 4518 532 4591; x_wconf 82' lang='grc' dir='ltr'>μὴ</span> <span class='ocrx_word' id='word_1_613' title='bbox 565 4519 859 4590; x_wconf 75' lang='grc' dir='ltr'>νομίζωσιν</span> <span class='ocrx_word' id='word_1_614' title='bbox 891 4517 943 4572; x_wconf 85' lang='grc' dir='ltr'>οἱ</span> <span class='ocrx_word' id='word_1_615' title='bbox 975 4518 1034 4584; x_wconf 81' lang='grc' dir='ltr'>ἐξ</span> <span class='ocrx_word' id='word_1_616' title='bbox 1068 4515 1347 4585; x_wconf 77' lang='grc' dir='ltr'>Αἰγύπτου</span> <span class='ocrx_word' id='word_1_617' title='bbox 1380 4514 1710 4581; x_wconf 81' lang='grc' dir='ltr'>ἐξελθόντες,</span> <span class='ocrx_word' id='word_1_618' title='bbox 1739 4512 1820 4565; x_wconf 80' lang='grc' dir='ltr'>ὅτι</span> <span class='ocrx_word' id='word_1_619' title='bbox 1845 4512 1894 4565; x_wconf 80' lang='grc' dir='ltr'><strong>εί</strong></span> 
     </span>
    </p>
   </div>
   <div class='ocr_carea' id='block_1_78' title="bbox 1999 3319 3576 3388">
    <p class='ocr_par' dir='ltr' id='par_1_78' title="bbox 1999 3319 3576 3388">
     <span class='ocr_line' id='line_1_78' title="bbox 1999 3319 3576 3388; baseline 0.001 -14"><span class='ocrx_word' id='word_1_620' title='bbox 1999 3335 2104 3388; x_wconf 89' lang='lat' dir='ltr'><strong>qua</strong></span> <span class='ocrx_word' id='word_1_621' title='bbox 2144 3320 2338 3375; x_wconf 91' lang='lat' dir='ltr'><strong>dicitur</strong></span> <span class='ocrx_word' id='word_1_622' title='bbox 2371 3337 2384 3374; x_wconf 93' lang='lat'>:</span> <span class='ocrx_word' id='word_1_623' title='bbox 2422 3319 2610 3377; x_wconf 86' lang='lat' dir='ltr'><strong>Patres</strong></span> <span class='ocrx_word' id='word_1_624' title='bbox 2639 3321 2989 3376; x_wconf 89' lang='lat' dir='ltr'><strong>comederunt</strong></span> <span class='ocrx_word' id='word_1_625' title='bbox 3019 3336 3176 3375; x_wconf 81' lang='lat' dir='ltr'><strong>uvam</strong></span> <span class='ocrx_word' id='word_1_626' title='bbox 3213 3322 3576 3385; x_wconf 83' lang='lat' dir='ltr'><strong>acerbam,et</strong></span> 
     </span>
    </p>
   </div>
   <div class='ocr_carea' id='block_1_79' title="bbox 1999 3410 3578 3484">
    <p class='ocr_par' dir='ltr' id='par_1_79' title="bbox 1999 3410 3578 3484">
     <span class='ocr_line' id='line_1_79' title="bbox 1999 3410 3578 3484; baseline 0.003 -19"><span class='ocrx_word' id='word_1_627' title='bbox 1999 3410 2190 3466; x_wconf 87' lang='lat' dir='ltr'><strong>dentes</strong></span> <span class='ocrx_word' id='word_1_628' title='bbox 2223 3411 2450 3468; x_wconf 81' lang='lat' dir='ltr'><strong>ﬁliorum</strong></span> <span class='ocrx_word' id='word_1_629' title='bbox 2479 3413 2949 3482; x_wconf 78' lang='lat' dir='ltr'><strong>obstupescunt&quot;.</strong></span> <span class='ocrx_word' id='word_1_630' title='bbox 2977 3431 3000 3465; x_wconf 67' lang='grc' dir='ltr'><strong>ι</strong></span> <span class='ocrx_word' id='word_1_631' title='bbox 3033 3411 3229 3484; x_wconf 87' lang='lat' dir='ltr'><strong>Legem</strong></span> <span class='ocrx_word' id='word_1_632' title='bbox 3251 3413 3389 3469; x_wconf 80' lang='lat' dir='ltr'><strong>item</strong></span> <span class='ocrx_word' id='word_1_633' title='bbox 3425 3415 3578 3484; x_wconf 87' lang='lat' dir='ltr'><strong>ponit</strong></span> 
     </span>
    </p>
   </div>
   <div class='ocr_carea' id='block_1_80' title="bbox 1999 3499 3565 3574">
    <p class='ocr_par' dir='ltr' id='par_1_80' title="bbox 1999 3499 3565 3574">
     <span class='ocr_line' id='line_1_80' title="bbox 1999 3499 3565 3574; baseline 0.002 -20"><span class='ocrx_word' id='word_1_634' title='bbox 1999 3507 2054 3554; x_wconf 88' lang='lat' dir='ltr'><strong>et</strong></span> <span class='ocrx_word' id='word_1_635' title='bbox 2081 3514 2175 3570; x_wconf 89' lang='lat' dir='ltr'><strong>per</strong></span> <span class='ocrx_word' id='word_1_636' title='bbox 2200 3499 2384 3556; x_wconf 87' lang='lat' dir='ltr'><strong>Mosen</strong></span> <span class='ocrx_word' id='word_1_637' title='bbox 2412 3523 2424 3558; x_wconf 89' lang='lat'>:</span> <span class='ocrx_word' id='word_1_638' title='bbox 2473 3520 2492 3554; x_wconf 89' lang='grc'><strong>‹</strong></span> <span class='ocrx_word' id='word_1_639' title='bbox 2524 3499 2641 3558; x_wconf 87' lang='lat' dir='ltr'><strong>Non</strong></span> <span class='ocrx_word' id='word_1_640' title='bbox 2671 3503 2934 3558; x_wconf 86' lang='lat' dir='ltr'><strong>morietur</strong></span> <span class='ocrx_word' id='word_1_641' title='bbox 2953 3513 3108 3574; x_wconf 88' lang='lat' dir='ltr'><strong>pater</strong></span> <span class='ocrx_word' id='word_1_642' title='bbox 3149 3519 3250 3574; x_wconf 89' lang='lat' dir='ltr'><strong>pro</strong></span> <span class='ocrx_word' id='word_1_643' title='bbox 3299 3505 3408 3560; x_wconf 78' lang='lat' dir='ltr'><strong>tilio</strong></span> <span class='ocrx_word' id='word_1_644' title='bbox 3433 3507 3501 3558; x_wconf 78' lang='grc'><strong>³⁸.</strong></span> <span class='ocrx_word' id='word_1_645' title='bbox 3545 3525 3565 3557; x_wconf 72' lang='grc' dir='ltr'><strong>ι</strong></span> 
     </span>
    </p>
   </div>
   <div class='ocr_carea' id='block_1_81' title="bbox 2003 3591 3576 3664">
    <p class='ocr_par' dir='ltr' id='par_1_81' title="bbox 2003 3591 3576 3664">
     <span class='ocr_line' id='line_1_81' title="bbox 2003 3591 3576 3664; baseline 0.003 -18"><span class='ocrx_word' id='word_1_646' title='bbox 2003 3591 2130 3660; x_wconf 86' lang='lat' dir='ltr'><strong>Sed,</strong></span> <span class='ocrx_word' id='word_1_647' title='bbox 2185 3593 2384 3647; x_wconf 81' lang='lat' dir='ltr'><strong>dixerit</strong></span> <span class='ocrx_word' id='word_1_648' title='bbox 2416 3594 2558 3663; x_wconf 89' lang='lat' dir='ltr'><strong>quis,</strong></span> <span class='ocrx_word' id='word_1_649' title='bbox 2604 3595 2874 3663; x_wconf 88' lang='lat' dir='ltr'><strong>quomodo</strong></span> <span class='ocrx_word' id='word_1_650' title='bbox 2912 3594 3172 3664; x_wconf 84' lang='lat' dir='ltr'><strong>scriptum</strong></span> <span class='ocrx_word' id='word_1_651' title='bbox 3205 3595 3345 3663; x_wconf 88' lang='lat' dir='ltr'><strong>quod</strong></span> <span class='ocrx_word' id='word_1_652' title='bbox 3388 3597 3576 3651; x_wconf 79' lang='lat' dir='ltr'><strong>reddat</strong></span> 
     </span>
    </p>
   </div>
   <div class='ocr_carea' id='block_1_82' title="bbox 2007 3687 3574 3758">
    <p class='ocr_par' dir='ltr' id='par_1_82' title="bbox 2007 3687 3574 3758">
     <span class='ocr_line' id='line_1_82' title="bbox 2007 3687 3574 3758; baseline 0.004 -21"><span class='ocrx_word' id='word_1_653' title='bbox 2007 3702 2026 3737; x_wconf 74' lang='grc' dir='ltr'><strong>ι</strong></span> <span class='ocrx_word' id='word_1_654' title='bbox 2064 3697 2281 3755; x_wconf 81' lang='lat' dir='ltr'><strong>peccata</strong></span> <span class='ocrx_word' id='word_1_655' title='bbox 2314 3696 2522 3755; x_wconf 85' lang='lat' dir='ltr'><strong>patrum</strong></span> <span class='ocrx_word' id='word_1_656' title='bbox 2577 3687 2629 3740; x_wconf 92' lang='lat' dir='ltr'><strong>in</strong></span> <span class='ocrx_word' id='word_1_657' title='bbox 2673 3687 2812 3743; x_wconf 81' lang='lat' dir='ltr'><strong>lilius</strong></span> <span class='ocrx_word' id='word_1_658' title='bbox 2858 3688 2908 3742; x_wconf 89' lang='lat' dir='ltr'><strong>in</strong></span> <span class='ocrx_word' id='word_1_659' title='bbox 2944 3688 3154 3742; x_wconf 88' lang='lat' dir='ltr'><strong>tertiam</strong></span> <span class='ocrx_word' id='word_1_660' title='bbox 3214 3698 3268 3742; x_wconf 89' lang='lat' dir='ltr'><strong>ct</strong></span> <span class='ocrx_word' id='word_1_661' title='bbox 3319 3699 3574 3758; x_wconf 89' lang='lat' dir='ltr'><strong>quartam</strong></span> 
     </span>
    </p>
   </div>
   <div class='ocr_carea' id='block_1_83' title="bbox 2001 3777 3574 3849">
    <p class='ocr_par' dir='ltr' id='par_1_83' title="bbox 2001 3777 3574 3849">
     <span class='ocr_line' id='line_1_83' title="bbox 2001 3777 3574 3849; baseline 0.001 -19"><span class='ocrx_word' id='word_1_662' title='bbox 2001 3777 2408 3845; x_wconf 82' lang='lat' dir='ltr'><strong>generationem</strong></span> <span class='ocrx_word' id='word_1_663' title='bbox 2433 3777 2527 3831; x_wconf 76' lang='lat' dir='ltr'><strong>&quot;i</strong></span> <span class='ocrx_word' id='word_1_664' title='bbox 2560 3795 2579 3829; x_wconf 79' lang='grc' dir='ltr'><strong>ι</strong></span> <span class='ocrx_word' id='word_1_665' title='bbox 2622 3777 2918 3832; x_wconf 87' lang='lat' dir='ltr'><strong>Dicendum</strong></span> <span class='ocrx_word' id='word_1_666' title='bbox 2964 3778 3128 3849; x_wconf 83' lang='lat' dir='ltr'><strong>igitur</strong></span> <span class='ocrx_word' id='word_1_667' title='bbox 3162 3779 3305 3847; x_wconf 90' lang='lat' dir='ltr'><strong>quod</strong></span> <span class='ocrx_word' id='word_1_668' title='bbox 3339 3778 3574 3848; x_wconf 87' lang='lat' dir='ltr'><strong>primunt</strong></span> 
     </span>
    </p>
   </div>
   <div class='ocr_carea' id='block_1_84' title="bbox 2001 3868 3576 3941">
    <p class='ocr_par' dir='ltr' id='par_1_84' title="bbox 2001 3868 3576 3941">
     <span class='ocr_line' id='line_1_84' title="bbox 2001 3868 3576 3941; baseline 0.003 -19"><span class='ocrx_word' id='word_1_669' title='bbox 2001 3868 2216 3939; x_wconf 87' lang='lat' dir='ltr'><strong>quidem</strong></span> <span class='ocrx_word' id='word_1_670' title='bbox 2269 3883 2372 3923; x_wconf 83' lang='lat' dir='ltr'><strong>non</strong></span> <span class='ocrx_word' id='word_1_671' title='bbox 2438 3868 2509 3924; x_wconf 89' lang='lat' dir='ltr'><strong>sit</strong></span> <span class='ocrx_word' id='word_1_672' title='bbox 2559 3869 2827 3939; x_wconf 86' lang='lat' dir='ltr'><strong>generalis</strong></span> <span class='ocrx_word' id='word_1_673' title='bbox 2869 3871 2982 3925; x_wconf 81' lang='lat' dir='ltr'><strong>haec</strong></span> <span class='ocrx_word' id='word_1_674' title='bbox 3038 3872 3339 3937; x_wconf 86' lang='lat' dir='ltr'><strong>sententia,</strong></span> <span class='ocrx_word' id='word_1_675' title='bbox 3403 3886 3576 3941; x_wconf 78' lang='lat' dir='ltr'><strong>neque</strong></span> 
     </span>
    </p>
   </div>
   <div class='ocr_carea' id='block_1_85' title="bbox 2003 3962 3574 4034">
    <p class='ocr_par' dir='ltr' id='par_1_85' title="bbox 2003 3962 3574 4034">
     <span class='ocr_line' id='line_1_85' title="bbox 2003 3962 3574 4034; baseline -0.001 -16"><span class='ocrx_word' id='word_1_676' title='bbox 2003 3971 2192 4018; x_wconf 88' lang='lat' dir='ltr'><strong>contra</strong></span> <span class='ocrx_word' id='word_1_677' title='bbox 2243 3977 2431 4019; x_wconf 87' lang='lat' dir='ltr'><strong>omnes</strong></span> <span class='ocrx_word' id='word_1_678' title='bbox 2481 3962 2660 4027; x_wconf 87' lang='lat' dir='ltr'><strong>dicta,</strong></span> <span class='ocrx_word' id='word_1_679' title='bbox 2717 3964 2812 4020; x_wconf 86' lang='lat' dir='ltr'><strong>sed</strong></span> <span class='ocrx_word' id='word_1_680' title='bbox 2870 3963 3040 4020; x_wconf 90' lang='lat' dir='ltr'><strong>solum</strong></span> <span class='ocrx_word' id='word_1_681' title='bbox 3093 3974 3280 4019; x_wconf 76' lang='lat' dir='ltr'><strong>contra</strong></span> <span class='ocrx_word' id='word_1_682' title='bbox 3337 3979 3433 4021; x_wconf 75' lang='lat' dir='ltr'><strong>cos.</strong></span> <span class='ocrx_word' id='word_1_683' title='bbox 3482 3967 3574 4034; x_wconf 87' lang='lat' dir='ltr'><strong>qui</strong></span> 
     </span>
    </p>
   </div>
   <div class='ocr_carea' id='block_1_86' title="bbox 2002 4053 3574 4127">
    <p class='ocr_par' dir='ltr' id='par_1_86' title="bbox 2002 4053 3574 4127">
     <span class='ocr_line' id='line_1_86' title="bbox 2002 4053 3574 4127; baseline -0.001 -17"><span class='ocrx_word' id='word_1_684' title='bbox 2002 4055 2203 4126; x_wconf 84' lang='lat' dir='ltr'><strong>egressi</strong></span> <span class='ocrx_word' id='word_1_685' title='bbox 2237 4066 2364 4110; x_wconf 86' lang='lat' dir='ltr'><strong>sunt</strong></span> <span class='ocrx_word' id='word_1_686' title='bbox 2395 4055 2463 4110; x_wconf 82' lang='lat' dir='ltr'><strong>de</strong></span> <span class='ocrx_word' id='word_1_687' title='bbox 2507 4053 2768 4127; x_wconf 62' lang='lat' dir='ltr'><strong>Egypto.</strong></span> <span class='ocrx_word' id='word_1_688' title='bbox 2815 4055 3036 4125; x_wconf 88' lang='lat' dir='ltr'><strong>Insuper</strong></span> <span class='ocrx_word' id='word_1_689' title='bbox 3079 4055 3296 4110; x_wconf 90' lang='lat' dir='ltr'><strong>attende</strong></span> <span class='ocrx_word' id='word_1_690' title='bbox 3342 4065 3574 4112; x_wconf 87' lang='lat' dir='ltr'><strong>mentem</strong></span> 
     </span>
    </p>
   </div>
   <div class='ocr_carea' id='block_1_87' title="bbox 2005 4145 3577 4218">
    <p class='ocr_par' dir='ltr' id='par_1_87' title="bbox 2005 4145 3577 4218">
     <span class='ocr_line' id='line_1_87' title="bbox 2005 4145 3577 4218; baseline 0.002 -18"><span class='ocrx_word' id='word_1_691' title='bbox 2005 4147 2314 4201; x_wconf 84' lang='lat' dir='ltr'><strong>sententiae.</strong></span> <span class='ocrx_word' id='word_1_692' title='bbox 2344 4145 2461 4202; x_wconf 76' lang='lat' dir='ltr'><strong>Non</strong></span> <span class='ocrx_word' id='word_1_693' title='bbox 2495 4149 2638 4201; x_wconf 89' lang='lat' dir='ltr'><strong>enim</strong></span> <span class='ocrx_word' id='word_1_694' title='bbox 2693 4148 2794 4202; x_wconf 86' lang='lat' dir='ltr'><strong>hoc</strong></span> <span class='ocrx_word' id='word_1_695' title='bbox 2823 4148 2992 4213; x_wconf 79' lang='lat' dir='ltr'><strong>dixit,</strong></span> <span class='ocrx_word' id='word_1_696' title='bbox 3030 4150 3171 4217; x_wconf 92' lang='lat' dir='ltr'><strong>quod</strong></span> <span class='ocrx_word' id='word_1_697' title='bbox 3193 4147 3302 4204; x_wconf 89' lang='lat' dir='ltr'><strong>Pro</strong></span> <span class='ocrx_word' id='word_1_698' title='bbox 3339 4149 3577 4218; x_wconf 88' lang='lat' dir='ltr'><strong>peccatis</strong></span> 
     </span>
    </p>
   </div>
   <div class='ocr_carea' id='block_1_88' title="bbox 2003 4240 3575 4311">
    <p class='ocr_par' dir='ltr' id='par_1_88' title="bbox 2003 4240 3575 4311">
     <span class='ocr_line' id='line_1_88' title="bbox 2003 4240 3575 4311; baseline 0 -19"><span class='ocrx_word' id='word_1_699' title='bbox 2003 4247 2217 4308; x_wconf 82' lang='lat' dir='ltr'><strong>patrum</strong></span> <span class='ocrx_word' id='word_1_700' title='bbox 2263 4240 2564 4308; x_wconf 85' lang='lat' dir='ltr'><strong>puniuntur</strong></span> <span class='ocrx_word' id='word_1_701' title='bbox 2601 4240 2714 4304; x_wconf 78' lang='lat' dir='ltr'><strong>(iiii,</strong></span> <span class='ocrx_word' id='word_1_702' title='bbox 2749 4240 2842 4294; x_wconf 85' lang='lat' dir='ltr'><strong>sed</strong></span> <span class='ocrx_word' id='word_1_703' title='bbox 2895 4242 3034 4310; x_wconf 87' lang='lat' dir='ltr'><strong>quod</strong></span> <span class='ocrx_word' id='word_1_704' title='bbox 3062 4241 3291 4295; x_wconf 83' lang='lat' dir='ltr'><strong>Peccata</strong></span> <span class='ocrx_word' id='word_1_705' title='bbox 3340 4252 3575 4311; x_wconf 82' lang='lat' dir='ltr'><strong>patrum,</strong></span> 
     </span>
    </p>
   </div>
   <div class='ocr_carea' id='block_1_89' title="bbox 2004 4332 3578 4403">
    <p class='ocr_par' dir='ltr' id='par_1_89' title="bbox 2004 4332 3578 4403">
     <span class='ocr_line' id='line_1_89' title="bbox 2004 4332 3578 4403; baseline 0.001 -17"><span class='ocrx_word' id='word_1_706' title='bbox 2004 4332 2107 4386; x_wconf 82' lang='lat' dir='ltr'><strong>lioc</strong></span> <span class='ocrx_word' id='word_1_707' title='bbox 2144 4342 2228 4387; x_wconf 90' lang='lat' dir='ltr'><strong>est</strong></span> <span class='ocrx_word' id='word_1_708' title='bbox 2279 4347 2451 4401; x_wconf 65' lang='lat' dir='ltr'><strong>poena?</strong></span> <span class='ocrx_word' id='word_1_709' title='bbox 2476 4347 2573 4400; x_wconf 86' lang='lat' dir='ltr'><strong>pro</strong></span> <span class='ocrx_word' id='word_1_710' title='bbox 2611 4333 2842 4399; x_wconf 81' lang='lat' dir='ltr'><strong>peccatis</strong></span> <span class='ocrx_word' id='word_1_711' title='bbox 2889 4333 3195 4403; x_wconf 73' lang='lat' dir='ltr'><strong>irrogandze</strong></span> <span class='ocrx_word' id='word_1_712' title='bbox 3241 4342 3371 4389; x_wconf 89' lang='lat' dir='ltr'><strong>sunt</strong></span> <span class='ocrx_word' id='word_1_713' title='bbox 3410 4335 3578 4389; x_wconf 87' lang='lat' dir='ltr'><strong>etiam</strong></span> 
     </span>
    </p>
   </div>
   <div class='ocr_carea' id='block_1_90' title="bbox 2003 4422 3574 4496">
    <p class='ocr_par' dir='ltr' id='par_1_90' title="bbox 2003 4422 3574 4496">
     <span class='ocr_line' id='line_1_90' title="bbox 2003 4422 3574 4496; baseline 0.003 -20"><span class='ocrx_word' id='word_1_714' title='bbox 2003 4422 2130 4478; x_wconf 83' lang='lat' dir='ltr'><strong>ﬁliis</strong></span> <span class='ocrx_word' id='word_1_715' title='bbox 2172 4423 2432 4493; x_wconf 86' lang='lat' dir='ltr'><strong>ipsorum,</strong></span> <span class='ocrx_word' id='word_1_716' title='bbox 2471 4434 2655 4492; x_wconf 88' lang='lat' dir='ltr'><strong>utpote</strong></span> <span class='ocrx_word' id='word_1_717' title='bbox 2703 4423 2787 4480; x_wconf 85' lang='lat' dir='ltr'><strong>liis</strong></span> <span class='ocrx_word' id='word_1_718' title='bbox 2818 4425 2907 4493; x_wconf 89' lang='lat' dir='ltr'><strong>qui</strong></span> <span class='ocrx_word' id='word_1_719' title='bbox 2974 4425 3172 4478; x_wconf 87' lang='lat' dir='ltr'><strong>similia</strong></span> <span class='ocrx_word' id='word_1_720' title='bbox 3229 4425 3574 4496; x_wconf 73' lang='lat' dir='ltr'><strong>deliquerint.</strong></span> 
     </span>
    </p>
   </div>
   <div class='ocr_carea' id='block_1_91' title="bbox 2002 4514 3578 4588">
    <p class='ocr_par' dir='ltr' id='par_1_91' title="bbox 2002 4514 3578 4588">
     <span class='ocr_line' id='line_1_91' title="bbox 2002 4514 3578 4588; baseline 0.002 -19"><span class='ocrx_word' id='word_1_721' title='bbox 2002 4514 2136 4570; x_wconf 88' lang='lat' dir='ltr'><strong>Nam</strong></span> <span class='ocrx_word' id='word_1_722' title='bbox 2173 4525 2324 4571; x_wconf 84' lang='lat' dir='ltr'><strong>utne</strong></span> <span class='ocrx_word' id='word_1_723' title='bbox 2355 4525 2544 4587; x_wconf 87' lang='lat' dir='ltr'><strong>putent</strong></span> <span class='ocrx_word' id='word_1_724' title='bbox 2573 4517 2624 4571; x_wconf 84' lang='lat' dir='ltr'><strong>lii</strong></span> <span class='ocrx_word' id='word_1_725' title='bbox 2664 4516 2756 4588; x_wconf 89' lang='lat' dir='ltr'><strong>qui</strong></span> <span class='ocrx_word' id='word_1_726' title='bbox 2793 4532 2856 4571; x_wconf 77' lang='lat' dir='ltr'><strong>ex</strong></span> <span class='ocrx_word' id='word_1_727' title='bbox 2905 4517 3137 4588; x_wconf 67' lang='lat' dir='ltr'><strong>[Egypto</strong></span> <span class='ocrx_word' id='word_1_728' title='bbox 3174 4518 3377 4587; x_wconf 77' lang='lat' dir='ltr'><strong>egressi</strong></span> <span class='ocrx_word' id='word_1_729' title='bbox 3412 4528 3578 4585; x_wconf 92' lang='lat' dir='ltr'><strong>sunt,</strong></span> 
     </span>
    </p>
   </div>
   <div class='ocr_carea' id='block_1_92' title="bbox 311 4605 1887 4682">
    <p class='ocr_par' dir='ltr' id='par_1_92' title="bbox 311 4605 1887 4682">
     <span class='ocr_line' id='line_1_92' title="bbox 311 4605 1887 4682; baseline -0.003 -20"><span class='ocrx_word' id='word_1_730' title='bbox 311 4612 410 4664; x_wconf 74' lang='grc' dir='ltr'>καὶ</span> <span class='ocrx_word' id='word_1_731' title='bbox 450 4610 618 4681; x_wconf 84' lang='grc' dir='ltr'>χείρω</span> <span class='ocrx_word' id='word_1_732' title='bbox 649 4610 758 4664; x_wconf 83' lang='grc' dir='ltr'><strong>τῶν</strong></span> <span class='ocrx_word' id='word_1_733' title='bbox 786 4610 1040 4682; x_wconf 84' lang='grc' dir='ltr'>πατέρων</span> <span class='ocrx_word' id='word_1_734' title='bbox 1074 4608 1487 4680; x_wconf 74' lang='grc' dir='ltr'>ἁμαρτήσουσιν</span> <span class='ocrx_word' id='word_1_735' title='bbox 1510 4648 1525 4674; x_wconf 89' lang='grc'><strong>,</strong></span> <span class='ocrx_word' id='word_1_736' title='bbox 1556 4607 1617 4660; x_wconf 87' lang='grc' dir='ltr'><strong>ού</strong></span> <span class='ocrx_word' id='word_1_737' title='bbox 1648 4607 1761 4668; x_wconf 89' lang='grc' dir='ltr'>τοῖς</span> <span class='ocrx_word' id='word_1_738' title='bbox 1794 4605 1887 4658; x_wconf 83' lang='grc' dir='ltr'>αύ-</span> 
     </span>
    </p>
   </div>
   <div class='ocr_carea' id='block_1_93' title="bbox 1995 4605 3578 4682">
    <p class='ocr_par' dir='ltr' id='par_1_93' title="bbox 2003 4609 3578 4681">
     <span class='ocr_line' id='line_1_93' title="bbox 2003 4609 3578 4681; baseline 0.004 -19"><span class='ocrx_word' id='word_1_739' title='bbox 2003 4609 2143 4680; x_wconf 90' lang='lat' dir='ltr'><strong>quod</strong></span> <span class='ocrx_word' id='word_1_740' title='bbox 2171 4610 2417 4678; x_wconf 80' lang='lat' dir='ltr'><strong>quamvis</strong></span> <span class='ocrx_word' id='word_1_741' title='bbox 2447 4611 2666 4678; x_wconf 81' lang='lat' dir='ltr'><strong>gravius</strong></span> <span class='ocrx_word' id='word_1_742' title='bbox 2707 4613 3050 4680; x_wconf 86' lang='lat' dir='ltr'><strong>peccaverint</strong></span> <span class='ocrx_word' id='word_1_743' title='bbox 3093 4627 3257 4681; x_wconf 88' lang='lat' dir='ltr'><strong>quam</strong></span> <span class='ocrx_word' id='word_1_744' title='bbox 3303 4623 3578 4681; x_wconf 83' lang='lat' dir='ltr'><strong>parentes,</strong></span> 
     </span>
    </p>
   </div>
   <div class='ocr_carea' id='block_1_94' title="bbox 311 4697 1893 4774">
    <p class='ocr_par' dir='ltr' id='par_1_94' title="bbox 311 4697 1893 4774">
     <span class='ocr_line' id='line_1_94' title="bbox 311 4697 1893 4774; baseline -0.003 -20"><span class='ocrx_word' id='word_1_745' title='bbox 311 4706 427 4766; x_wconf 83' lang='grc' dir='ltr'>τοῖς</span> <span class='ocrx_word' id='word_1_746' title='bbox 460 4704 936 4774; x_wconf 84' lang='grc' dir='ltr'>τιμωρηθήσονται</span> <span class='ocrx_word' id='word_1_747' title='bbox 959 4714 975 4731; x_wconf 84' lang='grc'><strong><em>⁸</em></strong></span> <span class='ocrx_word' id='word_1_748' title='bbox 1006 4702 1191 4772; x_wconf 72' lang='grc' dir='ltr'>φησὶν,</span> <span class='ocrx_word' id='word_1_749' title='bbox 1227 4701 1310 4754; x_wconf 84' lang='grc' dir='ltr'>ὅτι</span> <span class='ocrx_word' id='word_1_750' title='bbox 1354 4700 1469 4770; x_wconf 80' lang='grc' dir='ltr'><strong>υῦχ</strong></span> <span class='ocrx_word' id='word_1_751' title='bbox 1515 4699 1686 4762; x_wconf 69' lang='grc' dir='ltr'>οὕτως</span> <span class='ocrx_word' id='word_1_752' title='bbox 1719 4697 1893 4763; x_wconf 74' lang='grc' dir='ltr'>ἔσται,</span> 
     </span>
    </p>
   </div>
   <div class='ocr_carea' id='block_1_95' title="bbox 312 4789 1898 4866">
    <p class='ocr_par' dir='ltr' id='par_1_95' title="bbox 312 4789 1898 4866">
     <span class='ocr_line' id='line_1_95' title="bbox 312 4789 1898 4866; baseline -0.004 -18"><span class='ocrx_word' id='word_1_753' title='bbox 312 4795 433 4848; x_wconf 82' lang='grc' dir='ltr'>ἀλλ’</span> <span class='ocrx_word' id='word_1_754' title='bbox 461 4797 522 4849; x_wconf 84' lang='grc' dir='ltr'>αἱ</span> <span class='ocrx_word' id='word_1_755' title='bbox 562 4796 830 4866; x_wconf 84' lang='grc' dir='ltr'>ἁμαρτίαι</span> <span class='ocrx_word' id='word_1_756' title='bbox 863 4796 971 4850; x_wconf 64' lang='grc' dir='ltr'>τιῖιν</span> <span class='ocrx_word' id='word_1_757' title='bbox 1001 4795 1286 4865; x_wconf 85' lang='grc' dir='ltr'>πατέρων,</span> <span class='ocrx_word' id='word_1_758' title='bbox 1318 4794 1438 4864; x_wconf 80' lang='grc' dir='ltr'>ῆτοι</span> <span class='ocrx_word' id='word_1_759' title='bbox 1471 4793 1526 4844; x_wconf 87' lang='grc' dir='ltr'>αἱ</span> <span class='ocrx_word' id='word_1_760' title='bbox 1555 4792 1736 4844; x_wconf 75' lang='grc' dir='ltr'>ποιναὶ</span> <span class='ocrx_word' id='word_1_761' title='bbox 1756 4830 1771 4855; x_wconf 89' lang='grc'><strong>,</strong></span> <span class='ocrx_word' id='word_1_762' title='bbox 1803 4789 1898 4843; x_wconf 72' lang='grc' dir='ltr'><strong>καὶ</strong></span> 
     </span>
    </p>
   </div>
   <div class='ocr_carea' id='block_1_96' title="bbox 315 4880 1899 4958">
    <p class='ocr_par' dir='ltr' id='par_1_96' title="bbox 315 4880 1899 4958">
     <span class='ocr_line' id='line_1_96' title="bbox 315 4880 1899 4958; baseline -0.002 -20"><span class='ocrx_word' id='word_1_763' title='bbox 315 4885 404 4955; x_wconf 75' lang='grc' dir='ltr'>ἐφ’</span> <span class='ocrx_word' id='word_1_764' title='bbox 442 4887 587 4958; x_wconf 80' lang='grc' dir='ltr'>ὑμᾶς</span> <span class='ocrx_word' id='word_1_765' title='bbox 613 4886 947 4952; x_wconf 79' lang='grc' dir='ltr'>ἐλεύσονται,</span> <span class='ocrx_word' id='word_1_766' title='bbox 978 4886 1060 4938; x_wconf 85' lang='grc' dir='ltr'>ὅτι</span> <span class='ocrx_word' id='word_1_767' title='bbox 1084 4885 1159 4956; x_wconf 75' lang='grc' dir='ltr'>μὴ</span> <span class='ocrx_word' id='word_1_768' title='bbox 1183 4884 1426 4954; x_wconf 85' lang='grc' dir='ltr'>βελτίους</span> <span class='ocrx_word' id='word_1_769' title='bbox 1459 4881 1732 4952; x_wconf 80' lang='grc' dir='ltr'>ἐγένεσθε,</span> <span class='ocrx_word' id='word_1_770' title='bbox 1763 4880 1899 4936; x_wconf 86' lang='grc' dir='ltr'><strong>ἀλλὰ</strong></span> 
     </span>
    </p>
   </div>
   <div class='ocr_carea' id='block_1_97' title="bbox 2006 4702 3580 4776">
    <p class='ocr_par' dir='ltr' id='par_1_97' title="bbox 2006 4702 3580 4776">
     <span class='ocr_line' id='line_1_97' title="bbox 2006 4702 3580 4776; baseline 0.004 -21"><span class='ocrx_word' id='word_1_771' title='bbox 2006 4718 2110 4758; x_wconf 89' lang='lat' dir='ltr'><strong>non</strong></span> <span class='ocrx_word' id='word_1_772' title='bbox 2154 4702 2344 4757; x_wconf 90' lang='lat' dir='ltr'><strong>iisdem</strong></span> <span class='ocrx_word' id='word_1_773' title='bbox 2392 4703 2665 4772; x_wconf 84' lang='lat' dir='ltr'><strong>suppliciis</strong></span> <span class='ocrx_word' id='word_1_774' title='bbox 2719 4705 3030 4772; x_wconf 86' lang='lat' dir='ltr'><strong>puniantur,</strong></span> <span class='ocrx_word' id='word_1_775' title='bbox 3099 4705 3307 4776; x_wconf 86' lang='lat' dir='ltr'><strong>inquit,</strong></span> <span class='ocrx_word' id='word_1_776' title='bbox 3335 4706 3453 4761; x_wconf 86' lang='lat' dir='ltr'><strong>Non</strong></span> <span class='ocrx_word' id='word_1_777' title='bbox 3498 4707 3580 4761; x_wconf 86' lang='lat' dir='ltr'><strong>sic</strong></span> 
     </span>
    </p>
   </div>
   <div class='ocr_carea' id='block_1_98' title="bbox 2005 4795 3579 4866">
    <p class='ocr_par' dir='ltr' id='par_1_98' title="bbox 2005 4795 3579 4866">
     <span class='ocr_line' id='line_1_98' title="bbox 2005 4795 3579 4866; baseline 0.001 -18"><span class='ocrx_word' id='word_1_778' title='bbox 2005 4795 2131 4861; x_wconf 90' lang='lat' dir='ltr'><strong>erit,</strong></span> <span class='ocrx_word' id='word_1_779' title='bbox 2167 4795 2259 4850; x_wconf 89' lang='lat' dir='ltr'><strong>sed</strong></span> <span class='ocrx_word' id='word_1_780' title='bbox 2299 4808 2515 4864; x_wconf 80' lang='lat' dir='ltr'><strong>peccata</strong></span> <span class='ocrx_word' id='word_1_781' title='bbox 2557 4805 2791 4863; x_wconf 79' lang='lat' dir='ltr'><strong>patrum,</strong></span> <span class='ocrx_word' id='word_1_782' title='bbox 2827 4798 2926 4851; x_wconf 82' lang='lat' dir='ltr'><strong>hoc</strong></span> <span class='ocrx_word' id='word_1_783' title='bbox 2952 4807 3033 4852; x_wconf 89' lang='lat' dir='ltr'><strong>est</strong></span> <span class='ocrx_word' id='word_1_784' title='bbox 3081 4812 3276 4866; x_wconf 59' lang='lat' dir='ltr'><strong>poenas,</strong></span> <span class='ocrx_word' id='word_1_785' title='bbox 3309 4799 3472 4852; x_wconf 83' lang='lat' dir='ltr'><strong>etiam</strong></span> <span class='ocrx_word' id='word_1_786' title='bbox 3511 4799 3579 4851; x_wconf 86' lang='lat' dir='ltr'><strong>ad</strong></span> 
     </span>
    </p>
   </div>
   <div class='ocr_carea' id='block_1_99' title="bbox 2005 4887 3580 4956">
    <p class='ocr_par' dir='ltr' id='par_1_99' title="bbox 2005 4887 3580 4956">
     <span class='ocr_line' id='line_1_99' title="bbox 2005 4887 3580 4956; baseline 0.001 -15"><span class='ocrx_word' id='word_1_787' title='bbox 2005 4902 2102 4941; x_wconf 91' lang='lat' dir='ltr'><strong>vos</strong></span> <span class='ocrx_word' id='word_1_788' title='bbox 2133 4887 2470 4956; x_wconf 90' lang='lat' dir='ltr'><strong>pervenient,</strong></span> <span class='ocrx_word' id='word_1_789' title='bbox 2497 4888 2622 4954; x_wconf 90' lang='lat' dir='ltr'><strong>quia</strong></span> <span class='ocrx_word' id='word_1_790' title='bbox 2668 4904 2773 4941; x_wconf 87' lang='lat' dir='ltr'><strong>non</strong></span> <span class='ocrx_word' id='word_1_791' title='bbox 2833 4887 2958 4942; x_wconf 81' lang='lat' dir='ltr'><strong>facti</strong></span> <span class='ocrx_word' id='word_1_792' title='bbox 3008 4889 3140 4943; x_wconf 75' lang='lat' dir='ltr'><strong>estis</strong></span> <span class='ocrx_word' id='word_1_793' title='bbox 3173 4888 3450 4954; x_wconf 89' lang='lat' dir='ltr'><strong>meliores,</strong></span> <span class='ocrx_word' id='word_1_794' title='bbox 3483 4889 3580 4943; x_wconf 92' lang='lat' dir='ltr'><strong>sed</strong></span> 
     </span>
    </p>
   </div>
   <div class='ocr_carea' id='block_1_100' title="bbox 314 4972 1899 5050">
    <p class='ocr_par' dir='ltr' id='par_1_100' title="bbox 314 4972 1899 5050">
     <span class='ocr_line' id='line_1_100' title="bbox 314 4972 1899 5050; baseline -0.004 -20"><span class='ocrx_word' id='word_1_795' title='bbox 314 4979 387 5032; x_wconf 82' lang='grc' dir='ltr'><strong>τά</strong></span> <span class='ocrx_word' id='word_1_796' title='bbox 413 4981 590 5042; x_wconf 84' lang='grc' dir='ltr'>αύτὰ,</span> <span class='ocrx_word' id='word_1_797' title='bbox 621 4979 655 5049; x_wconf 80' lang='grc' dir='ltr'>ἦ</span> <span class='ocrx_word' id='word_1_798' title='bbox 697 4978 792 5033; x_wconf 76' lang='grc' dir='ltr'>καὶ</span> <span class='ocrx_word' id='word_1_799' title='bbox 820 4977 990 5050; x_wconf 79' lang='grc' dir='ltr'>χείρω</span> <span class='ocrx_word' id='word_1_800' title='bbox 1025 4975 1557 5047; x_wconf 77' lang='grc' dir='ltr'>πεπλημμελῄκατε.</span> <span class='ocrx_word' id='word_1_801' title='bbox 1593 4975 1655 5027; x_wconf 76' lang='lat' dir='ltr'><strong>Ei</strong></span> <span class='ocrx_word' id='word_1_802' title='bbox 1693 4975 1749 5027; x_wconf 82' lang='grc' dir='ltr'>δὲ</span> <span class='ocrx_word' id='word_1_803' title='bbox 1775 4972 1899 5043; x_wconf 83' lang='grc' dir='ltr'>βλέ-</span> 
     </span>
    </p>
   </div>
   <div class='ocr_carea' id='block_1_101' title="bbox 317 5066 1902 5140">
    <p class='ocr_par' dir='ltr' id='par_1_101' title="bbox 317 5066 1902 5140">
     <span class='ocr_line' id='line_1_101' title="bbox 317 5066 1902 5140; baseline -0.002 -19"><span class='ocrx_word' id='word_1_804' title='bbox 317 5086 442 5132; x_wconf 86' lang='grc' dir='ltr'>πεις</span> <span class='ocrx_word' id='word_1_805' title='bbox 477 5069 737 5132; x_wconf 83' lang='grc' dir='ltr'>πολλάκις</span> <span class='ocrx_word' id='word_1_806' title='bbox 765 5072 861 5122; x_wconf 74' lang='grc' dir='ltr'>καὶ</span> <span class='ocrx_word' id='word_1_807' title='bbox 893 5071 1062 5139; x_wconf 83' lang='grc' dir='ltr'>νήπια</span> <span class='ocrx_word' id='word_1_808' title='bbox 1097 5067 1476 5140; x_wconf 80' lang='grc' dir='ltr'>ἁρπαζόμενα,</span> <span class='ocrx_word' id='word_1_809' title='bbox 1508 5066 1597 5120; x_wconf 86' lang='grc' dir='ltr'><strong>διὰ</strong></span> <span class='ocrx_word' id='word_1_810' title='bbox 1627 5067 1902 5138; x_wconf 84' lang='grc' dir='ltr'>τιμωρίαν</span> 
     </span>
    </p>
   </div>
   <div class='ocr_carea' id='block_1_102' title="bbox 315 5160 1904 5232">
    <p class='ocr_par' dir='ltr' id='par_1_102' title="bbox 315 5160 1904 5232">
     <span class='ocr_line' id='line_1_102' title="bbox 315 5160 1904 5232; baseline -0.001 -18"><span class='ocrx_word' id='word_1_811' title='bbox 315 5162 482 5232; x_wconf 80' lang='grc' dir='ltr'>δῆθεν</span> <span class='ocrx_word' id='word_1_812' title='bbox 510 5161 746 5232; x_wconf 81' lang='grc' dir='ltr'>γονέων,</span> <span class='ocrx_word' id='word_1_813' title='bbox 781 5163 897 5217; x_wconf 81' lang='grc' dir='ltr'>ἀλλ’</span> <span class='ocrx_word' id='word_1_814' title='bbox 927 5161 986 5216; x_wconf 75' lang='grc' dir='ltr'>εὖ</span> <span class='ocrx_word' id='word_1_815' title='bbox 1026 5162 1157 5228; x_wconf 83' lang='grc' dir='ltr'>ῐσθι,</span> <span class='ocrx_word' id='word_1_816' title='bbox 1192 5163 1276 5216; x_wconf 85' lang='grc' dir='ltr'>ὅτι</span> <span class='ocrx_word' id='word_1_817' title='bbox 1301 5163 1387 5215; x_wconf 70' lang='grc' dir='ltr'><strong>διὰ</strong></span> <span class='ocrx_word' id='word_1_818' title='bbox 1423 5160 1838 5230; x_wconf 84' lang='grc' dir='ltr'>φιλανθρωπίαν</span> <span class='ocrx_word' id='word_1_819' title='bbox 1875 5161 1904 5214; x_wconf 84' lang='grc' dir='ltr'><strong>ὁ</strong></span> 
     </span>
    </p>
   </div>
   <div class='ocr_carea' id='block_1_103' title="bbox 318 5256 1902 5330">
    <p class='ocr_par' dir='ltr' id='par_1_103' title="bbox 318 5256 1902 5330">
     <span class='ocr_line' id='line_1_103' title="bbox 318 5256 1902 5330; baseline -0.002 -20"><span class='ocrx_word' id='word_1_820' title='bbox 318 5256 456 5322; x_wconf 76' lang='grc' dir='ltr'><strong>Θεὸς</strong></span> <span class='ocrx_word' id='word_1_821' title='bbox 490 5257 836 5330; x_wconf 74' lang='grc' dir='ltr'>προαρπάζει</span> <span class='ocrx_word' id='word_1_822' title='bbox 866 5257 1044 5312; x_wconf 77' lang='grc' dir='ltr'>ταῦτα</span> <span class='ocrx_word' id='word_1_823' title='bbox 1085 5256 1180 5310; x_wconf 80' lang='grc' dir='ltr'><strong>τοῦ</strong></span> <span class='ocrx_word' id='word_1_824' title='bbox 1228 5257 1376 5326; x_wconf 81' lang='grc' dir='ltr'>βίου’</span> <span class='ocrx_word' id='word_1_825' title='bbox 1409 5256 1497 5309; x_wconf 76' lang='grc' dir='ltr'>ἵνα</span> <span class='ocrx_word' id='word_1_826' title='bbox 1531 5256 1605 5327; x_wconf 85' lang='grc' dir='ltr'>μὴ</span> <span class='ocrx_word' id='word_1_827' title='bbox 1637 5256 1902 5326; x_wconf 79' lang='grc' dir='ltr'>ζήσαντα,</span> 
     </span>
    </p>
   </div>
   <div class='ocr_carea' id='block_1_104' title="bbox 317 5349 1904 5423">
    <p class='ocr_par' dir='ltr' id='par_1_104' title="bbox 317 5349 1904 5423">
     <span class='ocr_line' id='line_1_104' title="bbox 317 5349 1904 5423; baseline -0.001 -21"><span class='ocrx_word' id='word_1_828' title='bbox 317 5351 490 5423; x_wconf 83' lang='grc' dir='ltr'>χείρω</span> <span class='ocrx_word' id='word_1_829' title='bbox 518 5351 625 5405; x_wconf 85' lang='grc' dir='ltr'><strong>τῶν</strong></span> <span class='ocrx_word' id='word_1_830' title='bbox 654 5353 852 5420; x_wconf 82' lang='grc' dir='ltr'>γονέων</span> <span class='ocrx_word' id='word_1_831' title='bbox 884 5352 1170 5420; x_wconf 82' lang='grc' dir='ltr'>γένωνται,</span> <span class='ocrx_word' id='word_1_832' title='bbox 1212 5351 1307 5403; x_wconf 69' lang='grc' dir='ltr'>καὶ</span> <span class='ocrx_word' id='word_1_833' title='bbox 1336 5349 1428 5403; x_wconf 83' lang='grc' dir='ltr'>ἐπὶ</span> <span class='ocrx_word' id='word_1_834' title='bbox 1462 5349 1618 5421; x_wconf 84' lang='grc' dir='ltr'><strong>κακῷ</strong></span> <span class='ocrx_word' id='word_1_835' title='bbox 1648 5350 1746 5420; x_wconf 80' lang='grc' dir='ltr'><strong>τῆς</strong></span> <span class='ocrx_word' id='word_1_836' title='bbox 1776 5351 1904 5402; x_wconf 77' lang='grc' dir='ltr'>ἐαυ-</span> 
     </span>
    </p>
   </div>
   <div class='ocr_carea' id='block_1_105' title="bbox 318 5442 1902 5516">
    <p class='ocr_par' dir='ltr' id='par_1_105' title="bbox 318 5442 1902 5516">
     <span class='ocr_line' id='line_1_105' title="bbox 318 5442 1902 5516; baseline -0.001 -20"><span class='ocrx_word' id='word_1_837' title='bbox 318 5443 432 5497; x_wconf 86' lang='grc' dir='ltr'>τῶν</span> <span class='ocrx_word' id='word_1_838' title='bbox 474 5444 653 5516; x_wconf 77' lang='grc' dir='ltr'>ψυχῆς</span> <span class='ocrx_word' id='word_1_839' title='bbox 700 5446 732 5516; x_wconf 79' lang='grc' dir='ltr'>ἢ</span> <span class='ocrx_word' id='word_1_840' title='bbox 787 5446 882 5499; x_wconf 63' lang='grc' dir='ltr'><strong>καὶ⁸</strong></span> <span class='ocrx_word' id='word_1_841' title='bbox 929 5445 1102 5500; x_wconf 81' lang='grc' dir='ltr'>ἄλλων</span> <span class='ocrx_word' id='word_1_842' title='bbox 1150 5443 1358 5497; x_wconf 83' lang='grc' dir='ltr'>πολλῶν</span> <span class='ocrx_word' id='word_1_843' title='bbox 1404 5442 1690 5514; x_wconf 84' lang='grc' dir='ltr'>βιώσωσιν.</span> <span class='ocrx_word' id='word_1_844' title='bbox 1741 5442 1902 5494; x_wconf 64' lang='grc' dir='ltr'>’Δλλέι</span> 
     </span>
    </p>
   </div>
   <div class='ocr_carea' id='block_1_106' title="bbox 318 5535 1901 5608">
    <p class='ocr_par' dir='ltr' id='par_1_106' title="bbox 318 5535 1901 5608">
     <span class='ocr_line' id='line_1_106' title="bbox 318 5535 1901 5608; baseline -0.001 -20"><span class='ocrx_word' id='word_1_845' title='bbox 318 5535 497 5592; x_wconf 80' lang='grc' dir='ltr'>ταῦτα</span> <span class='ocrx_word' id='word_1_846' title='bbox 549 5537 652 5607; x_wconf 81' lang='grc' dir='ltr'>μὲν</span> <span class='ocrx_word' id='word_1_847' title='bbox 699 5540 740 5608; x_wconf 78' lang='grc' dir='ltr'><strong>-ὴ</strong></span> <span class='ocrx_word' id='word_1_848' title='bbox 778 5539 886 5591; x_wconf 84' lang='grc' dir='ltr'><strong>τῶν</strong></span> <span class='ocrx_word' id='word_1_849' title='bbox 937 5538 1096 5591; x_wconf 84' lang='grc' dir='ltr'>θείων</span> <span class='ocrx_word' id='word_1_850' title='bbox 1155 5537 1437 5607; x_wconf 83' lang='grc' dir='ltr'>κριμάτων</span> <span class='ocrx_word' id='word_1_851' title='bbox 1487 5537 1723 5598; x_wconf 73' lang='grc' dir='ltr'>ἄϐυσσος</span> <span class='ocrx_word' id='word_1_852' title='bbox 1770 5535 1901 5604; x_wconf 78' lang='grc' dir='ltr'>παρ’</span> 
     </span>
    </p>
   </div>
   <div class='ocr_carea' id='block_1_107' title="bbox 320 5627 1829 5700">
    <p class='ocr_par' dir='ltr' id='par_1_107' title="bbox 320 5627 1829 5700">
     <span class='ocr_line' id='line_1_107' title="bbox 320 5627 1829 5700; baseline 0 -20"><span class='ocrx_word' id='word_1_853' title='bbox 320 5628 491 5699; x_wconf 73' lang='grc' dir='ltr'>ἑαυτῇ</span> <span class='ocrx_word' id='word_1_854' title='bbox 523 5629 636 5700; x_wconf 77' lang='grc' dir='ltr'>ἔχει</span> <span class='ocrx_word' id='word_1_855' title='bbox 663 5628 974 5698; x_wconf 69' lang='grc' dir='ltr'>καλύψασαο</span> <span class='ocrx_word' id='word_1_856' title='bbox 1005 5632 1168 5700; x_wconf 77' lang='grc' dir='ltr'>ἡμεῖς</span> <span class='ocrx_word' id='word_1_857' title='bbox 1192 5628 1248 5682; x_wconf 78' lang='grc' dir='ltr'>δὲ</span> <span class='ocrx_word' id='word_1_858' title='bbox 1273 5629 1364 5681; x_wconf 72' lang='grc' dir='ltr'><strong>ἐπὶ</strong></span> <span class='ocrx_word' id='word_1_859' title='bbox 1390 5627 1457 5681; x_wconf 70' lang='grc' dir='ltr'><strong>τὰ</strong></span> <span class='ocrx_word' id='word_1_860' title='bbox 1479 5627 1605 5697; x_wconf 81' lang='grc' dir='ltr'>ἐξῆς</span> <span class='ocrx_word' id='word_1_861' title='bbox 1641 5627 1829 5696; x_wconf 80' lang='grc' dir='ltr'>ἴωμεν.</span> 
     </span>
    </p>
   </div>
   <div class='ocr_carea' id='block_1_108' title="bbox 402 5713 1900 5791">
    <p class='ocr_par' dir='ltr' id='par_1_108' title="bbox 402 5713 1900 5791">
     <span class='ocr_line' id='line_1_108' title="bbox 402 5713 1900 5791; baseline 0.001 -23"><span class='ocrx_word' id='word_1_862' title='bbox 402 5734 422 5768; x_wconf 74' lang='grc' dir='ltr'><strong>ι</strong></span> <span class='ocrx_word' id='word_1_863' title='bbox 467 5719 762 5791; x_wconf 72' lang='grc' dir='ltr'>Ἀπεκρίθη</span> <span class='ocrx_word' id='word_1_864' title='bbox 794 5721 824 5771; x_wconf 87' lang='grc' dir='ltr'>ὁ</span> <span class='ocrx_word' id='word_1_865' title='bbox 866 5720 1073 5790; x_wconf 64' lang='grc' dir='ltr'>Ἰησοῦς</span> <span class='ocrx_word' id='word_1_866' title='bbox 1099 5737 1111 5750; x_wconf 93' lang='grc'><strong>·</strong></span> <span class='ocrx_word' id='word_1_867' title='bbox 1141 5719 1277 5774; x_wconf 75' lang='grc' dir='ltr'>Οὔτε</span> <span class='ocrx_word' id='word_1_868' title='bbox 1302 5713 1452 5781; x_wconf 71' lang='grc' dir='ltr'>οὗτος</span> <span class='ocrx_word' id='word_1_869' title='bbox 1481 5720 1747 5790; x_wconf 77' lang='grc' dir='ltr'>ἥμαρτεν,</span> <span class='ocrx_word' id='word_1_870' title='bbox 1778 5715 1900 5771; x_wconf 67' lang='grc' dir='ltr'>οὔτε</span> 
     </span>
    </p>
   </div>
   <div class='ocr_carea' id='block_1_109' title="bbox 2006 4978 3583 5046">
    <p class='ocr_par' dir='ltr' id='par_1_109' title="bbox 2006 4978 3583 5046">
     <span class='ocr_line' id='line_1_109' title="bbox 2006 4978 3583 5046; baseline -0.001 -14"><span class='ocrx_word' id='word_1_871' title='bbox 2006 4979 2192 5032; x_wconf 88' lang='lat' dir='ltr'><strong>eadem</strong></span> <span class='ocrx_word' id='word_1_872' title='bbox 2223 4992 2285 5033; x_wconf 87' lang='lat' dir='ltr'><strong>ac</strong></span> <span class='ocrx_word' id='word_1_873' title='bbox 2325 4978 2591 5032; x_wconf 87' lang='lat' dir='ltr'><strong>deteriora</strong></span> <span class='ocrx_word' id='word_1_874' title='bbox 2653 4980 2941 5046; x_wconf 80' lang='lat' dir='ltr'><strong>peccastis.</strong></span> <span class='ocrx_word' id='word_1_875' title='bbox 2994 4979 3144 5046; x_wconf 86' lang='lat' dir='ltr'><strong>Quod</strong></span> <span class='ocrx_word' id='word_1_876' title='bbox 3201 4988 3380 5033; x_wconf 86' lang='lat' dir='ltr'><strong>autem</strong></span> <span class='ocrx_word' id='word_1_877' title='bbox 3441 4993 3583 5046; x_wconf 69' lang='lat' dir='ltr'><strong>smpti</strong></span> 
     </span>
    </p>
   </div>
   <div class='ocr_carea' id='block_1_110' title="bbox 2004 5067 3578 5137">
    <p class='ocr_par' dir='ltr' id='par_1_110' title="bbox 2004 5067 3578 5137">
     <span class='ocr_line' id='line_1_110' title="bbox 2004 5067 3578 5137; baseline -0.001 -17"><span class='ocrx_word' id='word_1_878' title='bbox 2004 5067 2154 5123; x_wconf 86' lang='lat' dir='ltr'><strong>vides</strong></span> <span class='ocrx_word' id='word_1_879' title='bbox 2179 5080 2376 5137; x_wconf 79' lang='lat' dir='ltr'><strong>pueros</strong></span> <span class='ocrx_word' id='word_1_880' title='bbox 2402 5067 2560 5133; x_wconf 90' lang='lat' dir='ltr'><strong>mori,</strong></span> <span class='ocrx_word' id='word_1_881' title='bbox 2595 5068 2755 5136; x_wconf 86' lang='lat' dir='ltr'><strong>idque</strong></span> <span class='ocrx_word' id='word_1_882' title='bbox 2779 5078 2999 5136; x_wconf 87' lang='lat' dir='ltr'><strong>pr0pter</strong></span> <span class='ocrx_word' id='word_1_883' title='bbox 3028 5078 3306 5135; x_wconf 84' lang='lat' dir='ltr'><strong>parentum</strong></span> <span class='ocrx_word' id='word_1_884' title='bbox 3337 5081 3578 5135; x_wconf 69' lang='lat' dir='ltr'><strong>pinnam,</strong></span> 
     </span>
    </p>
   </div>
   <div class='ocr_carea' id='block_1_111' title="bbox 2005 5158 3584 5230">
    <p class='ocr_par' dir='ltr' id='par_1_111' title="bbox 2005 5158 3584 5230">
     <span class='ocr_line' id='line_1_111' title="bbox 2005 5158 3584 5230; baseline -0.001 -16"><span class='ocrx_word' id='word_1_885' title='bbox 2005 5161 2150 5214; x_wconf 88' lang='lat' dir='ltr'><strong>scias</strong></span> <span class='ocrx_word' id='word_1_886' title='bbox 2189 5161 2332 5230; x_wconf 88' lang='lat' dir='ltr'><strong>quod</strong></span> <span class='ocrx_word' id='word_1_887' title='bbox 2372 5159 2513 5214; x_wconf 88' lang='lat' dir='ltr'><strong>Deus</strong></span> <span class='ocrx_word' id='word_1_888' title='bbox 2557 5173 2774 5230; x_wconf 87' lang='lat' dir='ltr'><strong>propter</strong></span> <span class='ocrx_word' id='word_1_889' title='bbox 2825 5159 3250 5213; x_wconf 86' lang='lat' dir='ltr'><strong>misericordiam</strong></span> <span class='ocrx_word' id='word_1_890' title='bbox 3309 5158 3584 5226; x_wconf 65' lang='lat' dir='ltr'><strong>pl‘wripiat</strong></span> 
     </span>
    </p>
   </div>
   <div class='ocr_carea' id='block_1_112' title="bbox 2006 5249 3582 5318">
    <p class='ocr_par' dir='ltr' id='par_1_112' title="bbox 2006 5249 3582 5318">
     <span class='ocr_line' id='line_1_112' title="bbox 2006 5249 3582 5318; baseline -0.003 -10"><span class='ocrx_word' id='word_1_891' title='bbox 2006 5252 2218 5308; x_wconf 89' lang='lat' dir='ltr'><strong>illorum</strong></span> <span class='ocrx_word' id='word_1_892' title='bbox 2257 5252 2448 5318; x_wconf 86' lang='lat' dir='ltr'><strong>vitam,</strong></span> <span class='ocrx_word' id='word_1_893' title='bbox 2487 5261 2545 5308; x_wconf 79' lang='lat' dir='ltr'><strong>ut</strong></span> <span class='ocrx_word' id='word_1_894' title='bbox 2591 5268 2656 5305; x_wconf 90' lang='lat' dir='ltr'><strong>ne</strong></span> <span class='ocrx_word' id='word_1_895' title='bbox 2701 5267 2820 5306; x_wconf 91' lang='lat' dir='ltr'><strong>cum</strong></span> <span class='ocrx_word' id='word_1_896' title='bbox 2867 5249 3302 5318; x_wconf 75' lang='lat' dir='ltr'><strong>supervixerint,</strong></span> <span class='ocrx_word' id='word_1_897' title='bbox 3344 5249 3582 5304; x_wconf 75' lang='lat' dir='ltr'><strong>deterio-</strong></span> 
     </span>
    </p>
   </div>
   <div class='ocr_carea' id='block_1_113' title="bbox 2010 5341 3581 5414">
    <p class='ocr_par' dir='ltr' id='par_1_113' title="bbox 2010 5341 3581 5414">
     <span class='ocr_line' id='line_1_113' title="bbox 2010 5341 3581 5414; baseline -0.001 -16"><span class='ocrx_word' id='word_1_898' title='bbox 2010 5361 2094 5400; x_wconf 87' lang='lat' dir='ltr'><strong>res</strong></span> <span class='ocrx_word' id='word_1_899' title='bbox 2124 5344 2437 5414; x_wconf 75' lang='lat' dir='ltr'><strong>parentibus</strong></span> <span class='ocrx_word' id='word_1_900' title='bbox 2472 5344 2623 5407; x_wconf 83' lang='lat' dir='ltr'><strong>ﬁant,</strong></span> <span class='ocrx_word' id='word_1_901' title='bbox 2671 5353 2723 5396; x_wconf 88' lang='lat' dir='ltr'><strong>et</strong></span> <span class='ocrx_word' id='word_1_902' title='bbox 2770 5343 2824 5396; x_wconf 91' lang='lat' dir='ltr'><strong>in</strong></span> <span class='ocrx_word' id='word_1_903' title='bbox 2873 5343 3074 5394; x_wconf 88' lang='lat' dir='ltr'><strong>malum</strong></span> <span class='ocrx_word' id='word_1_904' title='bbox 3113 5357 3335 5394; x_wconf 87' lang='lat' dir='ltr'><strong>suarum</strong></span> <span class='ocrx_word' id='word_1_905' title='bbox 3369 5341 3581 5396; x_wconf 81' lang='lat' dir='ltr'><strong>anima-</strong></span> 
     </span>
    </p>
   </div>
   <div class='ocr_carea' id='block_1_114' title="bbox 2010 5432 3583 5496">
    <p class='ocr_par' dir='ltr' id='par_1_114' title="bbox 2010 5432 3583 5496">
     <span class='ocr_line' id='line_1_114' title="bbox 2010 5432 3583 5496; baseline -0.004 -3"><span class='ocrx_word' id='word_1_906' title='bbox 2010 5455 2124 5493; x_wconf 86' lang='lat' dir='ltr'><strong>rtttn</strong></span> <span class='ocrx_word' id='word_1_907' title='bbox 2154 5449 2207 5492; x_wconf 90' lang='lat' dir='ltr'><strong>et</strong></span> <span class='ocrx_word' id='word_1_908' title='bbox 2236 5437 2461 5492; x_wconf 83' lang='lat' dir='ltr'><strong>aliorum</strong></span> <span class='ocrx_word' id='word_1_909' title='bbox 2493 5437 2780 5490; x_wconf 76' lang='lat' dir='ltr'><strong>multorum</strong></span> <span class='ocrx_word' id='word_1_910' title='bbox 2805 5437 3007 5488; x_wconf 76' lang='lat' dir='ltr'><strong>vivant.</strong></span> <span class='ocrx_word' id='word_1_911' title='bbox 3029 5432 3414 5487; x_wconf 82' lang='lat' dir='ltr'><strong>Verumtamen</strong></span> <span class='ocrx_word' id='word_1_912' title='bbox 3446 5436 3583 5496; x_wconf 72' lang='lat' dir='ltr'><strong>liter,</strong></span> 
     </span>
    </p>
   </div>
   <div class='ocr_carea' id='block_1_115' title="bbox 2009 5525 3578 5601">
    <p class='ocr_par' dir='ltr' id='par_1_115' title="bbox 2009 5525 3578 5601">
     <span class='ocr_line' id='line_1_115' title="bbox 2009 5525 3578 5601; baseline -0.001 -19"><span class='ocrx_word' id='word_1_913' title='bbox 2009 5532 2238 5601; x_wconf 47' lang='lat' dir='ltr'><strong>abyssus</strong></span> <span class='ocrx_word' id='word_1_914' title='bbox 2284 5529 2587 5583; x_wconf 85' lang='lat' dir='ltr'><strong>divinorum</strong></span> <span class='ocrx_word' id='word_1_915' title='bbox 2635 5529 2961 5598; x_wconf 77' lang='lat' dir='ltr'><strong>juilicioruin</strong></span> <span class='ocrx_word' id='word_1_916' title='bbox 3016 5525 3158 5597; x_wconf 88' lang='lat' dir='ltr'><strong>apud</strong></span> <span class='ocrx_word' id='word_1_917' title='bbox 3211 5540 3270 5581; x_wconf 87' lang='lat' dir='ltr'><strong>se</strong></span> <span class='ocrx_word' id='word_1_918' title='bbox 3319 5527 3578 5580; x_wconf 85' lang='lat' dir='ltr'><strong>continet.</strong></span> 
     </span>
    </p>
   </div>
   <div class='ocr_carea' id='block_1_116' title="bbox 2007 5620 2890 5689">
    <p class='ocr_par' dir='ltr' id='par_1_116' title="bbox 2007 5620 2890 5689">
     <span class='ocr_line' id='line_1_116' title="bbox 2007 5620 2890 5689; baseline -0.007 -13"><span class='ocrx_word' id='word_1_919' title='bbox 2007 5621 2116 5676; x_wconf 83' lang='lat' dir='ltr'><strong>Nos</strong></span> <span class='ocrx_word' id='word_1_920' title='bbox 2155 5620 2224 5675; x_wconf 89' lang='lat' dir='ltr'><strong>ad</strong></span> <span class='ocrx_word' id='word_1_921' title='bbox 2257 5621 2534 5689; x_wconf 85' lang='lat' dir='ltr'><strong>sequentia</strong></span> <span class='ocrx_word' id='word_1_922' title='bbox 2573 5633 2890 5687; x_wconf 84' lang='lat' dir='ltr'><strong>pergamus:</strong></span> 
     </span>
    </p>
   </div>
   <div class='ocr_carea' id='block_1_117' title="bbox 2085 5707 3579 5786">
    <p class='ocr_par' dir='ltr' id='par_1_117' title="bbox 2085 5707 3579 5786">
     <span class='ocr_line' id='line_1_117' title="bbox 2085 5707 3579 5786; baseline -0.001 -20"><span class='ocrx_word' id='word_1_923' title='bbox 2085 5711 2247 5767; x_wconf 71' lang='lat' dir='ltr'><strong>VEnS.</strong></span> <span class='ocrx_word' id='word_1_924' title='bbox 2279 5712 2399 5786; x_wconf 57' lang='lat'><strong>5-5.</strong></span> <span class='ocrx_word' id='word_1_925' title='bbox 2438 5731 2454 5764; x_wconf 87' lang='lat' dir='ltr'><strong>t</strong></span> <span class='ocrx_word' id='word_1_926' title='bbox 2502 5710 2816 5781; x_wconf 43' lang='lat' dir='ltr'><strong>Rcspmtdit&#39;</strong></span> <span class='ocrx_word' id='word_1_927' title='bbox 2849 5707 3043 5765; x_wconf 83' lang='lat' dir='ltr'><strong>Jcsus:</strong></span> <span class='ocrx_word' id='word_1_928' title='bbox 3075 5709 3262 5779; x_wconf 80' lang='lat' dir='ltr'><strong>Neque</strong></span> <span class='ocrx_word' id='word_1_929' title='bbox 3322 5709 3411 5763; x_wconf 82' lang='lat' dir='ltr'><strong>hic</strong></span> <span class='ocrx_word' id='word_1_930' title='bbox 3455 5723 3579 5778; x_wconf 83' lang='lat' dir='ltr'><strong>pce-</strong></span> 
     </span>
    </p>
   </div>
   <div class='ocr_carea' id='block_1_118' title="bbox 401 5895 2132 5968">
    <p class='ocr_par' dir='ltr' id='par_1_118' title="bbox 401 5895 2132 5968">
     <span class='ocr_line' id='line_1_118' title="bbox 401 5895 2132 5968; baseline 0.001 -16"><span class='ocrx_word' id='word_1_931' title='bbox 401 5899 446 5931; x_wconf 81' lang='lat'>“</span> <span class='ocrx_word' id='word_1_932' title='bbox 465 5895 665 5952; x_wconf 74' lang='lat' dir='ltr'><strong>Ezerh.</strong></span> <span class='ocrx_word' id='word_1_933' title='bbox 721 5916 875 5962; x_wconf 72' lang='lat' dir='ltr'><strong>xvut.</strong></span> <span class='ocrx_word' id='word_1_934' title='bbox 920 5901 972 5956; x_wconf 72' lang='grc'>2.</span> <span class='ocrx_word' id='word_1_935' title='bbox 1061 5903 1104 5935; x_wconf 73' lang='grc'><strong>’³</strong></span> <span class='ocrx_word' id='word_1_936' title='bbox 1137 5903 1291 5959; x_wconf 71' lang='lat' dir='ltr'><strong>Deut.</strong></span> <span class='ocrx_word' id='word_1_937' title='bbox 1331 5920 1478 5968; x_wconf 68' lang='lat' dir='ltr'><strong>xxw,</strong></span> <span class='ocrx_word' id='word_1_938' title='bbox 1517 5905 1598 5960; x_wconf 78' lang='lat' dir='ltr'><strong>lti.</strong></span> <span class='ocrx_word' id='word_1_939' title='bbox 1641 5918 1652 5930; x_wconf 82' lang='lat'><strong><em>’</em></strong></span> <span class='ocrx_word' id='word_1_940' title='bbox 1678 5903 1720 5934; x_wconf 81' lang='grc'><strong>³⁸</strong></span> <span class='ocrx_word' id='word_1_941' title='bbox 1746 5901 1916 5958; x_wconf 77' lang='lat' dir='ltr'><strong>Exod.</strong></span> <span class='ocrx_word' id='word_1_942' title='bbox 1949 5917 2039 5968; x_wconf 79' lang='lat' dir='ltr'><strong>xx,</strong></span> <span class='ocrx_word' id='word_1_943' title='bbox 2080 5900 2132 5954; x_wconf 77' lang='lat'><strong>5.</strong></span> 
     </span>
    </p>
   </div>
   <div class='ocr_carea' id='block_1_119' title="bbox 534 5983 3263 6058">
    <p class='ocr_par' dir='ltr' id='par_1_119' title="bbox 534 5983 3263 6058">
     <span class='ocr_line' id='line_1_119' title="bbox 534 5983 3263 6058; baseline 0 -2"><span class='ocrx_word' id='word_1_944' title='bbox 534 5995 808 6058; x_wconf 71' lang='lat' dir='ltr'><strong>PATBUL.</strong></span> <span class='ocrx_word' id='word_1_945' title='bbox 846 5998 965 6058; x_wconf 73' lang='lat' dir='ltr'><strong>an.</strong></span> <span class='ocrx_word' id='word_1_946' title='bbox 1015 5997 1276 6058; x_wconf 69' lang='lat' dir='ltr'><strong>cxxn’.</strong></span> <span class='ocrx_word' id='word_1_947' title='bbox 3223 5983 3263 6041; x_wconf 75' lang='lat'><strong>2</strong></span> 
     </span>
    </p>
   </div>
  </div>
