4060 6622
408 436 506 500 Ὶ3

1328 431 1926 494 ancorarum
1955 414 2374 495 'BULGAittAi
2409 432 2770 494 Ancuisp.

3590 432 3665 494 Η

434 552 599 619 cavit,
633 566 805 625 neque
827 556 1079 622 parentes
1098 546 1217 618 eius
1238 556 1301 601 nt
1330 562 1504 602 caecus
1538 554 1874 612 nasceretur,
1911 546 1993 602 sed

2111 548 2160 601 οί
2187 550 2366 617 γονεῖς
2400 547 2585 615 αὐτοῦ,
2618 547 2705 601 ενα
2728 545 2929 616 τυφλὸς
2959 547 3216 619 γεννηθῇ,
3253 546 3369 602 ἀλλ’
3399 546 3489 601 ινα
3519 564 3688 617 φανε-

433 658 492 701 ιιι
544 644 964 717 ntanil'cstentur_
1002 656 1166 713 Opera
1216 640 1310 695 Dei
1366 642 1418 695 in
1477 641 1586 696 illo.
1632 641 1855 713 Oporttt
1925 655 2011 697 me

442 738 657 809 operari
716 749 878 807 opera
906 734 1023 805 eius
1051 733 1139 803 qui
1194 732 1343 787 misit
1400 746 1506 796 me,
1536 734 1706 785 tlouec
1754 731 1874 785 dies
1900 740 2005 785 est.

431 829 592 889 Venit
634 843 760 891 nux,
808 824 1022 898 quando
1067 838 1224 878 nemo
1254 831 1430 893 potest
1469 820 1702 892 aperari.
1759 820 2008 888 Quandiu

430 926 583 978 lucro
634 918 943 984 inmundo,
990 917 1078 972 lux
1121 932 1239 971 sum
1275 915 1482 970 mundi.
1548 932 1567 967 ι
1610 913 1751 969 Ecce
1815 916 2010 969 iterum

428 1017 528 1070 alia
567 1012 850 1070 dubitatio.
877 1011 1091 1076 Quaeret
1112 1007 1256 1062 enim
1277 1006 1547 1076 quispiam
1574 1004 1885 1072 :Qunmodo
1909 1008 2010 1061 hnc

427 1112 636 1162 dictum
666 1112 781 1161 est:
823 1101 1022 1170 Iniuria
1051 1099 1195 1153 enim
1223 1097 1448 1151 aﬂ'ectus
1476 1104 1556 1150 est
1588 1096 1746 1150 homo
1769 1096 2011 1165 privatus

426 1200 653 1264 lumine,
679 1208 767 1250 «ut
787 1193 1207 1249 manifestcntur
1225 1202 1386 1260 opera
1409 1188 1529 1243 Dei?
1549 1207 1566 1239 ι
1588 1187 1703 1243 Non
1724 1195 2012 1257 potuerunt

429 1295 517 1349 illa
549 1292 707 1346 aliter
737 1286 1079 1343 manilestari
1106 1285 1128 1337 ?
1147 1284 1300 1350 Quali
1341 1282 1603 1353 iniustitia
1633 1280 1858 1336 allectus
1910 1295 1969 1333 es
1994 1319 2009 1343 ,

428 1401 463 1439 ο
490 1383 693 1439 homo?
724 1380 889 1445 Luce,
923 1380 1118 1449 inquit,
1146 1377 1388 1445 privatus
1414 1390 1555 1428 sum.
1589 1374 1653 1426 Et
1681 1372 1835 1443 quale
1858 1373 2012 1426 datu-

425 1492 554 1530 nam
585 1489 649 1530 ex
682 1488 745 1528 eo
777 1456 1176 1544 quod'sensibili
1213 1468 1332 1523 luce
1352 1468 1593 1537 privatus
1616 1466 1683 1522 sit
1704 1465 1856 1520 ?l:uo
1881 1479 2010 1519 vero

426 1568 603 1637 majus
635 1567 841 1639 accepit
867 1563 1211 1619 beneficium.
1237 1561 1422 1617 Oculis
1445 1561 1587 1615 enim
1610 1560 1805 1614 animae
1839 1557 2003 1613 sin'utl

427 1670 482 1718 et
512 1659 756 1728 corporis
777 1656 1228 1719 illuminatusest.
1245 1663 1298 1709 et
1324 1653 1398 1708 ita
1421 1653 1635 1708 caecitas
1660 1651 1715 1706 in
1737 1650 1935 1705 bonum
1955 1649 2006 1705 ei

426 1753 591 1807 cessit
616 1766 712 1821 per
738 1750 1073 1805 sanationem
1104 1745 1454 1819 cognoscenti
1478 1742 1901 1812 verumiustitize
1919 1756 2008 1796 so-

2120 642 2266 714 ρωθῇ
2292 643 2360 697 τά
2388 641 2525 712 ἔργα
2546 641 2640 697 τοῦ
2656 642 2797 696 Θεοῦ
2819 644 2878 696 ὲν
2899 640 3071 712 αὐτῷ.
3109 640 3239 712 Ἐμὲ
3258 639 3339 695 δεῖ
3360 637 3689 709 ἐργάζεσθαι

2115 736 2183 790 τά
2215 734 2350 807 ἔργα
2389 736 2483 790 τοῦ
2525 734 2842 815 πέμψαντός
2874 752 2964 807 με,
2997 734 3102 799 ἕως
3132 732 3317 806 ἡμέρα
3343 731 3510 785 ἐστίν.
3553 731 3685 800 "Ep-

2113 844 2267 897 χεται
2296 828 2412 905 νὺξ,
2448 829 2538 882 ὅτε
2571 829 2745 892 οὐδεὶς
2781 828 3004 883 δύναται
3038 826 3398 898 ὲργάτασθαι.
3434 824 3601 878 Ὅταν
3632 825 3691 875 ἐν

2111 917 2191 989 τῷ
2223 920 2412 991 κόσμῳ
2444 919 2517 984 ὦ,
2551 921 2667 990 φῶς
2696 922 2813 990 εἰμι
2862 919 2955 973 τοῦ
3004 919 3233 989 κόσμου.
3276 937 3297 969 ι
3356 917 3489 970 Ἰδοὺ
3526 913 3688 969 πάλιν

2110 1012 2316 1085 ἄπορον
2348 1013 2492 1070 ἄλλο.
2535 1016 2802 1087 Ζητήσειε
2828 1015 2935 1085 γὰρ
2966 1013 3033 1069 ἀν
3064 1030 3171 1079 τις,
3202 1012 3324 1077 Πῶς
3348 1010 3504 1065 τοῦτο
3532 1010 3687 1083 εἴρη-

2111 1118 2228 1155 κεν*
2268 1103 2527 1175 Ἥδικήθη
2555 1105 2664 1181 γάρ
2693 1106 2721 1158 ὁ
2743 1103 3031 1176 ἄνθρωπος
3058 1102 3337 1177 στερηθεὶς
3369 1101 3462 1156 τοῦ
3485 1101 3683 1172 φωτὸς,

2117 1213 2136 1247 ι
2173 1193 2258 1247 ἵνα
2308 1195 2597 1268 φανερωθῇ
2630 1196 2697 1250 τά
2735 1195 2873 1268 ἔργα
2900 1195 2995 1250 τοῦ
3025 1196 3195 1262 Θεοῦ;
3237 1215 3255 1248 ι
3293 1195 3467 1258 ἄλλως
3494 1193 3550 1247 δὲ
3583 1192 3683 1247 οῦκ

2112 1289 2238 1359 ἐνῆν
2278 1290 2660 1373 φανερωθῆναι
2698 1290 2901 1357 ταῦτας
2939 1289 3107 1343 Ποίαν
3141 1288 3353 1343 ἀδικίαν
3391 1286 3680 1359 ἠδικήθης,

2110 1380 2362 1449 ἄνθρωπε
2386 1397 2401 1449 ;
2425 1382 2534 1435 Τοῦ
2567 1382 2766 1452 φωτὸς,
2800 1383 2965 1454 φησι,
2996 1380 3378 1453 στερούμενος.
3411 1382 3521 1434 Καὶ
3551 1378 3681 1431 ποία

2112 1471 2283 1543 βλάϐη
2316 1473 2381 1526 ἐκ
2419 1473 2514 1527 τοῦ
2548 1476 2857 1546 στερεῖσθαι
2891 1474 2987 1528 τοῦ
3028 1472 3291 1544 αἰσθητοῦ
3321 1472 3528 1543 φωτόςς
3556 1471 3682 1525 τοῦ·

2108 1566 2324 1620 ναντίον
2357 1560 2450 1620 οὖν
2477 1566 2678 1636 μᾶλλον
2722 1567 3110 1645 εὖηργέτηται.
3142 1566 3295 1643 Ἀμα
3334 1567 3444 1636 γάρ
3480 1566 3546 1635 τῇ
3581 1581 3683 1617 σω-

2112 1659 2315 1727 ματικῇ
2349 1657 2537 1729 ὁράσει
2564 1662 2658 1711 καὶ
2692 1657 2818 1721 τοὺς
2848 1657 2945 1728 τῆς
2979 1656 3157 1729 ψυχῆς
3188 1654 3496 1727 ὀφθαλμοὺς
3541 1656 3687 1721 ἐφω-

2104 1746 2286 1817 τίσθη.
2319 1747 2486 1800 Ὥστε
2536 1747 2674 1818 πρὸς
2722 1747 2887 1801 καλὸν
2930 1744 3079 1817 αὐτῷ
3124 1747 3157 1816 η
3196 1745 3445 1817 πήρωσις
3476 1743 3678 1811 ἀπέϐη,

426 1845 531 1899 lem
563 1856 578 1903 :
614 1859 718 1898 non
741 1843 905 1913 igitur
925 1841 1186 1912 iniustitia
1209 1838 1545 1906 aﬁectusest,
1571 1839 1663 1893 sed
1683 1835 1993 1892 beneﬁcium

2102 1837 2197 1893 διὰ
2219 1839 2316 1912 τῆς
2348 1840 2545 1905 ἰάσεως
2576 1842 2852 1910 ὲπιγνόντι
2880 1839 2971 1893 τὸν
2999 1837 3172 1909 ἀληθῆ
3201 1838 3302 1907 τῆς
3335 1836 3679 1906 δικαιοσύνης

428 1902 825 2005 accepitcaerus
852 1902 1026 1988 natus.
1049 1929 1275 2001 Insuper
1293 1938 1347 1985 et
1377 1930 1478 1985 hoc
1498 1902 1639 1984 scias
1655 1927 1900 1998 quisquis
1923 1925 1993 1981 tli-

2107 1902 2316 1986 Ἥλιον.
2338 1902 2548 1987 Οὔκουν
2571 1902 2848 2005 ἠδίκηται,
2870 1930 2986 1987 ἀλλ’
3008 1902 3374 2003 εὐηργέτηται
3402 1931 3429 1983 ό
3457 1902 3676 1999 τυφλός.

428 2027 552 2079 vina
576 2035 755 2081 scruta
765 2026 857 2092 ris,
872 2025 1015 2094 quod
1034 2026 1254 2079 verbum
1275 2022 1359 2075 ἴνα
1378 2031 1430 2077 et
1445 2022 1613 2084 ὅπως,
1636 2020 1840 2090 Ιιοεζεει
1859 2017 2001 2087 apud

428 2134 547 2183 nos,
570 2128 651 2185 ut,
674 2116 896 2188 satpeeiu
916 2117 1196 2186 Scriptura
1226 2122 1517 2198 ponuntur,
1548 2129 1651 2168 non
1676 2122 1732 2167 ut
1759 2127 1998 2177 causam,

426 2213 519 2269 sed
552 2222 609 2268 ut
648 2221 898 2266 eventum
947 2209 1263 2280 designent;
1313 2208 1453 2266 sicut
1496 2216 1550 2262 ct
1592 2205 1730 2277 apud
1786 2204 1996 2260 David:

430 2325 449 2357 ι
502 2304 569 2360 Ut
598 2304 760 2376 633
784 2301 1099 2373 iustiticeris
1126 2301 1181 2356 in
1218 2299 1559 2357 sermonibus
1589 2301 1694 2353 tuis
1715 2296 1782 2356 ἰ.
1823 2315 1843 2350 ι
1881 2296 1996 2351 Non

425 2397 568 2449 cuitu
594 2393 836 2464 peccavit
874 2392 1039 2447 David
1074 2402 1131 2444 ιιι
1159 2389 1489 2462 iustiﬁcetur
1524 2390 1702 2445 Deus:
1737 2388 1830 2442 sed
1869 2386 1994 2449 quia

423 2503 490 2541 ex
557 2495 750 2541 eventu
804 2493 1026 2556 peccato
1076 2498 1106 2538 a
1156 2482 1367 2538 Davide
1416 2488 1724 2552 perpetrato
1774 2478 1998 2550 contigit

418 2576 705 2646 iustiﬁcari
741 2574 925 2631 Deum.
976 2573 1110 2628 Nam
1151 2566 1452 2628 cutn‘Deus
1492 2570 1709 2640 quidem
1745 2577 1890 2622 tanta
1924 2566 1996 2620 illi

424 2668 685 2734 dedisset,
729 2678 936 2738 quanta
991 2666 1238 2733 accipere
1286 2664 1479 2736 dignus
1533 2676 1640 2717 non
1690 2669 1834 2724 erat,
1882 2660 1998 2729 ipse

424 2773 605 2820 autem
639 2763 952 2817 mandatum
994 2759 1084 2815 Dei
1118 2756 1490 2828 transgressus
1524 2764 1686 2821 esset,
1720 2764 1774 2808 et
1795 2756 1993 2809 eadem

425 2872 546 2910 cum
574 2852 840 2910 adulterio
861 2852 1244 2918 commisisset,
1271 2860 1326 2906 et
1350 2863 1515 2921 regno
1543 2847 1598 2903 in
1622 2855 1994 2917 contemptum

423 2944 519 3000 Dei
552 2946 754 3001 abusus
789 2951 956 3009 esset,
994 2945 1120 3014 quid
1165 2941 1308 2997 aliud
1358 2956 1426 2997 ex
1455 2950 1649 2996 eventu
1690 2938 1991 3004 accidebat,

427 3053 592 3108 quant
618 3037 839 3093 omnino
868 3045 931 3091 ut
966 3035 1107 3091 Dens
1134 3037 1227 3106 qui
1269 3032 1616 3106 indicabatur
1636 3041 1689 3087 et
1718 3033 1993 3103 discepta-

422 3132 665 3209 batcum
712 3128 904 3194 David,
938 3127 1361 3197 ittstilicaretur,
1398 3136 1453 3181 et
1491 3124 1664 3180 victor
1707 3131 1994 3195 appareret

423 3223 779 3277 condemnato
806 3219 1032 3291 rege“?
1066 3218 1200 3286 Quia
1234 3233 1263 3272 ιι
1303 3233 1407 3287 quo
1442 3222 1660 3286 regnum
1688 3223 1987 3284 acceperat,

424 3314 569 3368 illius
608 3312 755 3381 leges
800 3310 990 3380 reiecit
1030 3319 1250 3381 propter
1308 3310 1449 3366 istud
1484 3309 1686 3379 ipsum,
1720 3307 1864 3376 quod
1895 3320 1988 3360 rex

423 3416 560 3459 crat.
590 3402 724 3459 Natu
770 3404 814 3459 si
871 3405 1108 3474 privatus
1162 3402 1369 3466 fuisset,
1429 3392 1533 3456 non
1587 3401 1694 3456 duo
1725 3399 1814 3455 illa
1847 3397 1989 3456 mala

422 3498 580 3553 facile
613 3496 772 3551 simul
804 3495 1146 3552 committere
1189 3495 1473 3565 potuisset.
1517 3491 1683 3548 Vides
1717 3491 1991 3562 quomodo

423 3592 532 3660 ltic,
563 3589 630 3647 Ut
654 3588 994 3661 iustiﬁceris,
1024 3602 1131 3642 non
1152 3601 1393 3650 causam,
1416 3585 1509 3642 sed
1526 3592 1774 3641 eventum
1804 3584 1987 3651 dicat;

421 3694 477 3741 et
517 3686 807 3740 innumera
854 3682 978 3738 talia
1007 3682 1169 3739 etiam
1203 3683 1341 3752 apud
1364 3679 1678 3751 Apostolum
1725 3677 1986 3732 invenies.

420 3790 480 3834 ut
537 3780 679 3849 quod
726 3787 809 3834 est
859 3779 913 3832 in
968 3776 1204 3848 Epistola
1258 3774 1684 3835 ad.Bomanos:
1754 3794 1772 3827 ι
1836 3772 1988 3843 Quod

420 3873 565 3928 enim
600 3880 784 3926 notum
812 3878 894 3925 est
923 3868 1040 3935 Dei,
1074 3866 1418 3923 manifestum
1452 3876 1531 3921 est
1564 3867 1616 3921 in
1650 3868 1901 3937 gentibus
1923 3866 1990 3922 ad

421 3967 545 4029 ltoc,
596 3962 785 4017 utsiut
837 3959 1343 4019 iuexcusabiles”;
1393 3977 1412 4012 ι
1450 3958 1696 4029 quamvis
1726 3974 1830 4015 non
1871 3958 1990 4013 ideo

419 4061 565 4118 Deus
596 4062 844 4133 gentibus
884 4058 1091 4115 dederit
1142 4054 1449 4120 scientiam,
1488 4065 1545 4110 ut
1592 4052 1991 4109 incxcusabiies

416 4166 663 4228 peccent.
696 4153 830 4209 Nam
883 4153 998 4222 ipse
1046 4150 1263 4221 quidem
1310 4148 1457 4205 dedit
1501 4158 1560 4203 ut
1591 4163 1697 4203 non
1732 4155 1987 4217 peccent:

420 4246 621 4302 deinde
656 4246 778 4317 quia
815 4251 1195 4315 peccaverunt,
1232 4257 1297 4297 ex
1338 4248 1533 4296 eventu
1560 4238 1795 4310 cnguitio
1825 4237 1989 4292 cessit

416 4339 587 4393 eisin
632 4339 757 4402 hoc,
807 4342 868 4390 ut
950 4334 1060 4389 sint
1144 4332 1558 4389 inexcusabiles.
1625 4330 1692 4384 lit
1772 4328 1987 4391 iterum,

423 4450 442 4483 ι
482 4429 592 4486 Lex
650 4428 975 4485 suliintravit
1042 4436 1102 4483 ut
1132 4420 1918 4482 abundaretcondemnatio”.
1964 4437 1982 4469 ι

415 4522 581 4595 Atqui
626 4539 729 4579 non
771 4532 991 4595 propter
1023 4521 1125 4577 hoc
1160 4523 1282 4576 data
1315 4527 1399 4574 est
1447 4516 1554 4583 lex,
1585 4515 1679 4570 sed
1732 4524 1791 4569 ut
1819 4514 1990 4582 magis

2108 2025 2343 2080 Ἔπειτα
2371 2026 2465 2080 καὶ¹
2503 2029 2661 2083 τοῦτο
2689 2027 2962 2095 γίνωσκε,
3013 2026 3122 2090 πᾶς
3167 2026 3195 2079 ὁ
3224 2024 3331 2077 τῶν
3366 2022 3526 2077 θείων
3562 2023 3680 2087 ἐξε-

2100 2117 2327 2190 ταστὴς,
2357 2118 2436 2172 ὅτι
2464 2117 2544 2184 τδ,
2578 2136 2598 2170 ι
2638 2118 2780 2185 Ἵνα,
2816 2137 2835 2170 ι
2868 2118 2962 2172 καὶ
2983 2116 3066 2184 τὸ,
3096 2135 3115 2169 ι
3148 2116 3360 2180 Ὅπως,
3392 2135 3410 2169 ι
3436 2114 3581 2186 παρά
3607 2116 3675 2183 τῇ

2101 2209 2293 2281 Γραφῇ
2324 2208 2595 2281 πολλαχοῦ
2626 2209 2726 2265 οὐκ
2751 2208 3150 2279 αἰτιολογικῶς,
3186 2208 3299 2263 ἀλλ’
3329 2205 3678 2267 ἀποϐατικῶς

2099 2305 2331 2368 κ;ῐνται,
2351 2302 2594 2374 ὡσπερεὶ
2615 2302 2676 2365 τὸ
2708 2305 2856 2375 παρά
2883 2301 2959 2373 τῷ
2993 2300 3176 2367 Δαυῖδ,
3205 2319 3225 2354 ι
3260 2300 3446 2363 Ὅπως
3486 2299 3553 2353 ἂν
3597 2296 3678 2350 δι·-

2100 2395 2344 2468 καιωθῇς
2386 2399 2445 2449 ἐν
2491 2382 2603 2460 τοῖς
2639 2396 2820 2465 λόγοις
2874 2413 2990 2453 σου.
3042 2414 3063 2449 ι
3113 2396 3188 2450 Οὐ
3241 2395 3349 2467 γάρ
3385 2393 3471 2447 διὰ
3517 2390 3676 2444 τοῦτο

2096 2490 2346 2561 ἥμαρτεν
2388 2491 2416 2543 ὁ
2448 2488 2612 2542 Δαυτδ
2632 2530 2644 2554 ,
2685 2488 2772 2543 ἵνα
2805 2488 3071 2565 δικαιωθῇ
3098 2490 3125 2541 ὁ
3154 2487 3288 2551 Θεὸς
3309 2527 3324 2551 ,
3358 2484 3477 2540 ἀλλ’
3508 2485 3583 2548 ὡς
3616 2484 3675 2547 ἐξ

2098 2584 2539 2656 ἀποτελέσματος
2573 2583 2913 2655 ἁμαρτόντος
2943 2580 3037 2636 τοῦ
3071 2580 3270 2648 Δαυῒδ,
3300 2578 3582 2634 ἀποϐαίνει
3615 2577 3677 2630 τὸ

2097 2676 2454 2749 δικαιωθῆναι
2500 2676 2593 2730 τὸν
2641 2676 2794 2732 Θεόν.
2831 2675 3006 2729 Ὅταν
3054 2674 3163 2743 γὰρ
3209 2675 3237 2727 ὁ
3274 2672 3407 2735 Θεὸς
3452 2671 3553 2749 μὲν
3582 2686 3673 2722 τος

2099 2770 2272 2822 σαῦτα
2310 2767 2458 2838 αὐτῷ
2484 2768 2733 2835 δέδωκεν,
2757 2768 2856 2821 ὅσα
2880 2767 2980 2820 οὐκ
3000 2762 3066 2839 ἦν
3099 2764 3247 2831 ἄξιος
3277 2744 3483 2830 λαϐεῖν,
3513 2762 3672 2826 αὐτὸς

2094 2858 2152 2913 δὲ
2178 2859 2391 2932 παρέϐη
2409 2860 2509 2930 τὴν
2531 2860 2751 2930 ἐντολὴν
2774 2857 2866 2912 τοῦ
2892 2858 3047 2926 Θεοῦ,
3073 2858 3168 2912 καὶ
3192 2856 3351 2927 φόνον
3378 2854 3673 2927 είργάσατο

2090 2956 2189 3011 ἐπὶ
2209 2958 2274 3029 τῇ
2308 2956 2546 3029 μοιχεία,
2575 2955 2671 3010 καὶ
2697 2958 2762 3027 τῇ
2789 2955 3037 3027 βασιλεία
3065 2955 3417 3025 ἀπεχρήσατο
3440 2953 3518 3015 είς
3547 2949 3670 3004 ἀθέ-

2093 3066 2250 3121 τησιν
2278 3049 2369 3103 τοῦ
2395 3047 2553 3102 8506‘-
2582 3049 2634 3101 τί
2658 3048 2785 3103 ἄλλο
2803 3047 2862 3113 ἐξ
2888 3047 3327 3116 ἀποτελέσματος
3352 3062 3415 3098 συ
3425 3043 3665 3114 umbrat,

2091 3141 2125 3213 ἢ
2157 3142 2372 3206 πάντως
2408 3141 2490 3205 τδ,
2525 3141 2849 3213 κρινόμενον
2877 3141 2964 3193 τὸν
2997 3140 3130 3193 Θεὸν
3155 3140 3251 3192 καὶ
3288 3135 3667 3204 διαλεγόμενον

2094 3235 2233 3306 πρὸς
2258 3235 2348 3289 τὸν
2373 3235 2555 3303 Δαυῖδ,
2579 3234 2958 3306 δικαιωθῆναι,
2985 3232 3079 3287 καὶ
3109 3229 3207 3304 τὴν
3236 3228 3474 3284 νικῶσαν
3501 3228 3665 3281 ἀπενο

2094 3320 2385 3397 έγκασθαι,
2430 3330 2900 3400 κατακρινομένου
2928 3326 3019 3380 τοῦ
3054 3325 3352 3397 βασιλέωςς
3382 3322 3505 3375 ’Ότι
3536 3318 3667 3388 παρ’

2092 3412 2153 3474 οὗ
2177 3419 2274 3492 τὴν
2302 3420 2578 3492 βασιλείαν
2612 3420 2794 3488 ἔλαϐε,
2819 3420 3009 3474 τούτου
3031 3418 3157 3482 τοὺς
3188 3416 3383 3488 νόμους
3408 3412 3663 3485 ὴθέτησε,

2091 3514 2159 3569 δι’
2210 3515 2342 3569 αὐτὸ
2371 3515 2551 3581 τοῦτο,
2587 3516 2669 3569 ὃτι
2716 3513 2969 3585 βασιλεὺς
3003 3509 3091 3585 ἦν.
3139 3508 3380 3581 ’ἰδιώτης
3427 3507 3533 3577 γάρ
3564 3503 3663 3569 ὣν,

2091 3607 2189 3661 οὐκ
2239 3606 2307 3662 ἂν
2356 3606 2595 3677 ἠδυνήθη
2647 3606 2871 3661 τοιαῦτα
2918 3605 3011 3658 δύο
3066 3602 3215 3657 κακὰ
3246 3600 3412 3677 ,οὕτω
3467 3597 3666 3670 ῥαδίως

2091 3676 2561 3770 κατεργάσασθαι.
2606 3695 2793 3768 Ὁρᾷς,
2826 3695 2908 3749 ὅτι
2944 3694 3026 3760 τὸ,
3066 3711 3084 3744 ι
3127 3676 3314 3755 Ὂπῖυς
3342 3690 3408 3744 ἀν
3444 3688 3663 3742 δικαιω-

2092 3790 2212 3863 θῇς,
2241 3808 2259 3842 ι
2291 3789 2392 3844 οὐκ
2415 3789 2797 3858 αἱτιολογικῶς
2823 3791 3021 3855 κεῖται,
3042 3786 3175 3840 ἀλλὰ
3201 3784 3342 3839 κατά
3363 3782 3660 3851 ἀπόϐασινς

2091 3879 2203 3933 Καὶ
2238 3878 2409 3952 μυρία
2443 3878 2668 3933 τοιαῦτα
2709 3882 2804 3933 καὶ
2835 3878 2983 3948 παρὰ
3012 3876 3089 3947 τῷ
3137 3871 3447 3942 Ἀποστὸλῳ
3492 3868 3660 3937 εθρήο

2095 3987 2229 4037 σεις,
2261 3968 2370 4024 οἷον
2399 3975 2493 4025 καὶ
2535 3971 2595 4025 τὸ
2647 3972 2704 4025 ἐν
2749 3974 2814 4042 τῇ
2848 3972 2983 4041 πρὶς
3030 3967 3353 4039 Ῥωμαίους·
3384 3983 3401 4017 ι
3457 3963 3531 4016 Τὸ
3558 3963 3664 4035 γὰρ

2090 4064 2334 4131 γνωστὸν
2360 4062 2454 4116 τοῦ
2495 4062 2654 4128 Θεοῦ,
2696 4063 2931 4133 φανερόν
2960 4063 3109 4114 ἐστιν
3140 4061 3198 4111 ὲν
3231 4059 3341 4121 τοῖς
3373 4053 3659 4124 Ἕλλησιν,

2092 4158 2173 4221 εἰς
2202 4160 2267 4218 τὰ
2294 4152 2432 4210 εἶναι
2462 4157 2659 4219 αὐτοὺς
2691 4154 3151 4224 ἀναπολογήτους.
3184 4170 3202 4204 ι
3238 4150 3433 4205 Καίτοι
3489 4148 3550 4200 οὐ
3574 4146 3662 4198 διὰ

2090 4250 2249 4303 τοῦτο
2288 4251 2316 4304 ὁ
2354 4250 2486 4312 Θεὸς
2524 4248 2691 4302 ἔδωκε
2736 4250 2849 4310 τοῖς
2892 4245 3117 4317 Ἕλλησι
3162 4245 3260 4314 τὴν
3312 4241 3530 4313 γνῶσιν,
3574 4238 3662 4291 ἶνα

2097 4336 2230 4399 ὦσιν
2264 4340 2660 4412 ἀναπιλόγητοι
2678 4341 2979 4402 πταίοντες.
3003 4338 3173 4401 Αὐτὸς
3192 4337 3290 4408 μὲν
3307 4336 3413 4406 γάρ
3440 4335 3659 4396 ἔδωκεν,

2092 4435 2178 4489 ἵνα
2209 4435 2284 4507 μὴ
2314 4435 2599 4489 πταίωσιν·
2637 4428 2757 4487 εἶτα
2794 4432 2979 4503 ἐπειδὴ
3018 4431 3302 4489 ἔπταισαν.
3355 4429 3414 4495 ἐξ
3462 4428 3659 4482 ἀποτε-

2091 4526 2357 4599 λέσματος
2386 4529 2419 4597 ἡ
2450 4526 2653 4595 γνῶσις
2680 4527 2862 4588 αὐτοῖς
2896 4524 3074 4595 ἁπέϐη
3103 4525 3182 4588 εἰς
3208 4524 3268 4576 τὸ
3292 4518 3430 4576 εἶναι
3462 4523 3662 4575 ἀναπο-

416 4616 870 4687 camprimeretur
894 4612 1194 4681 pecc‘atum.
1213 4610 1349 4679 Quia
1374 4621 1551 4664 autem
1574 4622 1678 4662 non
1698 4605 1985 4661 voluerunt

2096 4618 2371 4691 λογὴτους.
2417 4619 2529 4674 Καὶ
2569 4618 2758 4673 ’πάλιν⁹
2795 4636 2814 4670 ι
2847 4617 3028 4687 Νέμος
3048 4615 3103 4669 δὲ
3137 4613 3515 4687 παρεισῆλθεν,
3573 4611 3661 4665 ἵνα

414 4708 547 4764 illud
571 4708 865 4777 reprimere
880 4694 937 4761 bi
954 4704 1046 4776 qui
1067 4703 1235 4773 legem
1255 4707 1625 4771 susceperant,
1650 4698 1785 4755 facta
1806 4706 1887 4752 est
1908 4695 1987 4750 eis

413 4800 498 4857 lex
526 4801 577 4856 in
623 4797 1005 4854 abundantiam
1026 4793 1230 4866 peccati
1255 4810 1272 4849 ι
1297 4790 1527 4863 amplius
1550 4790 1693 4845 enim
1731 4797 1784 4844 et
1817 4788 1986 4858 magis

414 4894 741 4965 imputatum
757 4900 838 4947 est
857 4892 936 4946 eis
956 4897 1259 4960 peccatum,
1290 4885 1434 4956 quod
1458 4896 1511 4940 et
1528 4884 1697 4954 legem
1727 4886 1986 4940 habentes

410 4982 1049 5055 peccaverint.Sicigitur
1059 4990 1113 5037 et
1134 4980 1236 5035 hoc
1255 4979 1423 5041 loco,t
1437 4975 1809 5047 Utappareaut
1822 4988 1983 5044 opera

413 5078 508 5132 Dei
530 5079 580 5132 in
598 5076 708 5143 illo,
735 5094 752 5126 ι
775 5089 881 5128 non
897 5087 1081 5139 causa,
1103 5073 1195 5129 sed
1211 5081 1436 5127 eventus
1455 5066 1865 5139 designatur.Ex
1886 5068 1985 5121 hoc

414 5166 556 5222 enim
581 5166 723 5235 quod
742 5173 963 5221 sanatus
981 5174 1063 5219 est
1079 5178 1276 5228 caecus,
1293 5162 1469 5220 evenit
1488 5159 1723 5231 gloriﬁca
1734 5160 1773 5214 ri
1793 5158 1980 5214 Deum.

410 5256 544 5312 Nam
560 5258 697 5310 sicut
712 5270 851 5325 saepe
864 5256 1192 5309 architectus
1204 5254 1418 5310 domum
1438 5254 1633 5324 partim
1646 5251 1863 5323 quidem
1877 5249 1958 5304 cla

412 5348 591 5414 borat,
626 5349 819 5418 partim
861 5344 1235 5418 imperfectam
1265 5344 1518 5418 relinquit
1544 5348 1689 5403 :utsi
1709 5344 1830 5415 quis
1848 5343 1986 5397 forte

410 5443 457 5496 εἰ
480 5457 583 5496 non
607 5442 791 5496 credat
807 5444 947 5511 quod
969 5441 1081 5512 ipse
1101 5440 1169 5496 sit
1185 5440 1274 5495 ille
1290 5442 1379 5510 qui
1396 5451 1598 5510 partem
1619 5439 1760 5495 illam
1781 5448 1987 5492 exstru-

411 5534 572 5599 aerit,
607 5535 780 5605 possit
826 5535 1103 5590 condendo
1139 5543 1191 5588 et
1222 5534 1549 5604 perﬁciendo
1573 5534 1624 5589 id
1648 5534 1807 5589 etiam
1839 5528 1981 5602 quod

410 5632 526 5680 erat
556 5624 928 5696 imperfectum
947 5626 1255 5691 ostendere,
1283 5626 1426 5696 quod
1452 5624 1565 5695 ipse
1586 5624 1846 5680 exstructi
1867 5622 1983 5694 upi-

411 5718 428 5773 l
469 5734 496 5774 κ
529 5721 596 5775 sit
634 5740 649 5777 :
681 5722 750 5775 ita
789 5729 841 5775 et
871 5718 1010 5776 Deus
1045 5733 1228 5777 noster
1256 5720 1414 5776 Jesus
1438 5730 1708 5776 cxczecata
1741 5722 1977 5776 membra

2090 4712 2366 4784 πλεονάσῃ
2381 4711 2441 4765 τὸ
2460 4712 2838 4783 κατάκριμαοι
2867 4710 3046 4762 καετοι
3086 4709 3147 4761 οὺ
3175 4706 3264 4760 διὰ
3292 4705 3451 4759 τοῦτο
3480 4702 3658 4772 ἐδόθη,

2087 4806 2203 4861 ἀλλ’
2240 4805 2327 4860 ἵνα
2359 4805 2561 4877 μᾶλλον
2590 4802 2863 4873 ἀνασταλῇ
2893 4804 2926 4874 ἡ
2967 4801 3230 4872 ἁμαρτία.
3269 4799 3423 4852 Ἐπεὶ
3452 4797 3509 4850 δὲ
3554 4798 3656 4849 οὑκ

2085 4897 2360 4969 ἠθέλησαν
2394 4898 2705 4952 ἀναστεῖλαι
2744 4882 2947 4967 ταύτην
2971 4896 3019 4947 οἱ
3044 4894 3135 4946 τὸν
3160 4893 3322 4964 νόμον
3349 4891 3654 4962 δεξάμενοι,

2088 4990 2305 5061 ἐγένετο
2346 4992 2530 5055 αὐτοῖς
2571 4991 2599 5042 ὁ
2643 4991 2803 5060 νόμος
2848 4993 2926 5057 εἰς
2962 4988 3299 5060 πλεονασμὸν
3346 4988 3652 5057 ἁμαρτίας·

2086 5083 2289 5137 πλείων
2318 5083 2427 5153 γὰρ
2456 5080 2709 5154 ἐλογίσθη
2741 5081 2922 5143 αὐτοῖς
2951 5084 3045 5135 καὶ
3086 5081 3287 5152 μείζων
3317 5082 3350 5151 ὴ
3387 5077 3652 5150 ἁμαρτία,

2084 5173 2165 5226 ὅτι
2205 5173 2298 5226 καὶ
2346 5172 2509 5243 νόμον
2540 5171 2755 5242 ἔχοντες
2800 5170 3135 5242 ἡμάρτανον.
3173 5169 3358 5231 Οὕτως
3387 5167 3480 5222 οὖν
3523 5167 3654 5221 κάν-

2084 5261 2257 5315 ταῦθα
2284 5262 2363 5326 τὸ,
2400 5278 2417 5312 ι
2455 5261 2571 5314 Ἵνα
2608 5261 2896 5332 φανερωθῇ
2931 5261 2997 5313 τὰ
3029 5261 3163 5331 ἔργα
3189 5259 3283 5313 τοῦ
3311 5258 3469 5321 Θεοῦ,
3506 5278 3524 5310 ι

2082 5352 2460 5422 αἰτιολογικῶς
2504 5355 2703 5416 κεῖται,
2744 5352 2858 5406 ἀλλ’
2897 5352 3285 5415 ἀποϐατικῶς·
3324 5351 3501 5424 ἀπέϐη
3542 5350 3653 5422 γὰρ

2082 5446 2146 5500 ἐκ
2175 5444 2267 5499 τοῦ
2299 5445 2389 5499 τὸν
2418 5445 2615 5514 τυφλδν
2647 5445 3085 5518 θεραπευθῆναι,
3119 5443 3179 5497 τὸ
3206 5443 3530 5516 δοξασθῆναι
3559 5445 3652 5501 τὸν

2080 5537 2232 5591 Θεόν.
2271 5537 2480 5608 Ὠσπερ
2506 5538 2616 5610 γὰρ
2651 5537 2908 5601 πολλάκις
2936 5536 3217 5609 οἰκιδόμος
3242 5555 3325 5602 τις
3352 5537 3550 5603 οἰκίας,
3589 5538 3652 5592 τὸ

2081 5629 2182 5700 μὲν
2212 5629 2526 5701 εἰργάσατο,
2559 5630 2618 5683 τὺ
2643 5629 2699 5682 δὲ
2725 5631 2940 5699 ἀφῆκεν
2971 5630 3259 5685 ἀτέλεστον
3278 5672 3292 5696 ,
3325 5631 3413 5685 ἵνα
3442 5632 3495 5685 ετ
3520 5647 3647 5685 ποτε

2079 5722 2334 5791 ἀπιστοίη
2366 5738 2449 5784 τις
2484 5721 2661 5791 αὐτῷ,
2692 5721 2772 5774 ὅτι
2810 5721 2910 5774 οὐκ
2952 5720 3098 5776 ἔστιν
3132 5723 3295 5785 αὐτὸς
3330 5724 3357 5777 ὁ
3390 5721 3449 5775 τὸ
3482 5721 3647 5793 μέρος

555 5901 593 5932 ³⁸
630 5900 769 5957 Psal.
811 5916 861 5969 ι,
916 5901 970 5956 6.
1048 5903 1093 5934 “
1131 5899 1170 5957 ll
1206 5900 1334 5971 Reg.
1380 5916 1479 5966 xu,
1524 5901 1603 5956 l5.
1682 5901 1727 5932 ⁸³
1764 5902 1895 5955 ilum
1958 5916 1993 5964 ι,

2096 5898 2134 5965 ),
2161 5896 2253 5951 se.
2332 5897 2374 5927 τι
2406 5896 2558 5950 ιιοιη.
2595 5914 2646 5963 ν,
2681 5896 2769 5952 ao.
