4060 6646
347 466 420 528 45
991 458 1430 522 ENARRATIO
1466 456 1545 519 ΙΝ
1580 453 2082 518 EVANGELIUM
2115 455 2454 519 JOANNIS.
2484 482 2552 494 --
2574 457 2731 519 CAP.
2779 457 2881 519 IX.
3519 459 3587 522 ιδ

346 576 728 648 οἰκοδομήσας,
753 573 852 647 ἔχῃ
874 572 961 628 διὰ
983 572 1078 628 τοῦ
1102 570 1506 644 δημιουργῆσαι
1531 569 1624 623 καὶ
1649 568 1707 621 τὸ
1729 566 1916 630 ἀτελὲς

2043 582 2239 633 .anans,
2259 577 2312 622 et
2329 567 2382 623 in
2402 583 2551 622 suam
2573 577 2695 622 natu
2705 583 2815 622 ram
2832 566 3186 634 censtituens,
3201 568 3433 622 ostendit
3448 568 3592 638 quod

344 671 553 728 ἐκεῖνο,
588 667 858 719 δεικνύειν
881 704 897 729 ,
932 665 1013 718 δτι
1054 666 1148 716 καὶ
1180 661 1274 717 τοῦ
1303 659 1724 733 ᾠκοδομημένου
1757 658 1916 720 αὐτὸς

342 759 594 829 τεχνίτης
637 757 820 810 ἐστίν’
854 756 995 809 οὕτω
1044 757 1136 809 καὶ
1165 757 1191 808 6
1231 752 1362 816 Θεὸς
1397 751 1557 824 ἡμῶν
1601 747 1808 820 Ἰησοῦς
1852 749 1920 802 τὰ

345 848 724 920 πεπηρωμένοι
757 846 893 918 μὲλη
929 848 1174 916 ίὼμενος,
1204 845 1300 897 καὶ
1340 840 1723 897 ἀποκαθιστῶν
1749 841 1828 902 είς
1859 838 1920 890 τὸ

345 942 487 994 κατὰ
517 938 701 1010 φύσιν,
725 937 1016 1000 δείκνυσιν,
1039 935 1110 999 ὠς
1140 935 1248 1005 ἄρα
1279 933 1438 996 αύτός
1465 934 1612 985 ἐστιν
1638 933 1665 984 6
1693 931 1787 984 καὶ
1813 930 1920 984 τῶν

344 1032 523 1087 ἄλλων
579 1030 755 1101 μελῶν
799 1026 1152 1098 δημιουργός.
1192 1024 1377 1078 Εἰπὼν
1415 1023 1491 1086 δὲ,
1543 1043 1560 1075 ι
1595 1022 1710 1076 Ἵνα
1758 1038 1922 1092 φανε-

348 1121 497 1192 ρωθῇ
524 1122 558 1189 ή
581 1121 706 1184 δόξα
731 1118 824 1173 τοῦ
853 1117 1012 1180 Θεοῦ,
1052 1137 1069 1169 ι
1107 1117 1234 1186 περὶ
1256 1113 1451 1168 ἑαυτοῦ
1487 1129 1668 1183 φησιν,
1701 1112 1761 1164 ού
1794 1111 1923 1182 περὶ

345 1213 442 1266 τοῦ
474 1212 714 1282 Πατρός·
751 1210 962 1262 ἐκείνου
991 1207 1101 1278 γὰρ
1129 1209 1162 1278 ὴ
1198 1206 1324 1271 δόξα
1353 1205 1559 1275 φανερὰ
1584 1200 1650 1275 ἦν
1673 1244 1688 1269 ,
1718 1203 1816 1275 τὴν
1865 1202 1922 1256 δὲ

355 1304 521 1359 αὑτοῦ
563 1304 670 1357 ἔδει
713 1301 1116 1372 φανερωθῆναι,
1152 1297 1246 1351 καὶ
1286 1297 1369 1351 ὅτι
1409 1297 1570 1358 αύτός
1615 1295 1762 1347 ἐστιν
1805 1296 1832 1348 6
1864 1293 1923 1358 ἐξ

350 1399 527 1470 ἀρχῆς
567 1396 776 1458 πλάσας
816 1395 908 1446 τὸν
937 1393 1247 1463 ἄνθρωπον.
1295 1389 1369 1442 Ού
1405 1386 1578 1459 μικρά
1619 1386 1674 1440 δὲ
1707 1387 1922 1450 πάντως

348 1491 475 1557 δόξα
501 1489 558 1541 τὸ
584 1485 988 1558 φανερωθῆναι,
1018 1485 1100 1538 ὅτι
1125 1483 1288 1546 αὐτὸς
1319 1483 1347 1534 6
1374 1481 1468 1534 νῦν
1495 1481 1684 1549 φανεὶς
1713 1479 1926 1550 ἅνθρω-

350 1599 474 1647 πος,
512 1579 942 1652 ἐδημιούργησεν
972 1579 1028 1630 ἐν
1058 1577 1198 1647 ἀρχῇ
1229 1577 1303 1636 ὡς
1331 1573 1462 1636 Θεὸς
1495 1572 1586 1626 τὸν
1617 1571 1924 1641 ἄνθρωπον.

351 1675 476 1726 Ὀτι
509 1673 564 1726 δὲ
612 1671 740 1742 περὶ
781 1669 976 1724 ἑαυτοῦ
1017 1669 1176 1721 τοῦτο
1217 1667 1402 1734 λέγει,
1433 1666 1598 1720 ἄκουε
1635 1663 1742 1717 τῶν
1777 1663 1922 1732 ἑξῆς.

362 1768 644 1837 Ἐπινρέρει
677 1767 807 1835 γάρ·
851 1781 870 1815 ι
921 1761 1051 1832 Ἐμὲ
1082 1760 1162 1812 δεῖ
1200 1757 1532 1829 ἐργάζεσθαι
1563 1755 1630 1810 τὰ
1661 1753 1799 1825 ἔργα
1831 1753 1925 1808 τοῦ

349 1858 667 1928 πέμψαντός
701 1871 791 1927 με.
837 1872 856 1904 ι
891 1883 961 1896 —-
993 1869 1013 1904 ι
1047 1850 1217 1922 Ἐμὲ,
1253 1866 1273 1900 ι
1305 1848 1474 1920 φησὶ,
1507 1847 1586 1900 δεῖ
1613 1844 1925 1917 φανερῶσαι

2024 657 2140 729 ipse
2174 660 2243 714 sit
2277 660 2367 728 qui
2408 669 2463 714 et
2488 659 2588 713 alia
2623 662 2860 715 membra
2878 659 3136 716 condidit.
3174 660 3366 715 Dicens
3385 671 3588 726 autem,

2039 749 2140 806 «Ut
2163 751 2536 808 manifeSIetur
2558 753 2726 822 gloria
2744 753 2859 820 Dei,
2889 771 2907 804 ι
2933 754 2997 808 de
3022 754 3197 824 seipso
3215 752 3364 818 dicit,
3387 769 3493 808 non
3527 756 3593 809 dc

2023 844 2204 900 Patre.
2241 845 2376 899 Nam
2410 845 2556 900 illius
2581 846 2751 915 gloria
2797 846 3077 901 manifesta
3115 855 3264 912 erat,
3311 861 3460 901 suam
3493 861 3595 901 aue

2028 947 2132 990 tem
2166 937 2448 1006 oportebat
2484 938 2868 1001 manifestare,
2900 937 3041 1006 quod
3075 937 3187 1006 ipse
3234 945 3349 992 erat
3382 937 3470 993 ille
3501 939 3593 1007 qui

2023 1049 2047 1081 4
2088 1031 2154 1084 ah
2187 1030 2338 1085 initio
2366 1029 2567 1086 fecerat
2585 1030 2853 1084 hominem
2879 1029 3004 1096 “'p
3041 1029 3270 1099 etplane
3296 1045 3397 1084 non
3433 1045 3595 1100 parva

2025 1132 2139 1178 erat
2172 1121 2339 1194 gloria
2368 1133 2424 1177 ut
2465 1122 2905 1178 manifestaretur
2948 1121 3091 1190 quod
3150 1122 3264 1190 ipse
3303 1121 3394 1190 qui
3451 1138 3594 1176 nunc

2024 1213 2277 1282 apparuit
2310 1213 2494 1280 homo,
2525 1213 2668 1268 sicut
2708 1213 2848 1266 Deus
2898 1212 2948 1266 in
2985 1212 3254 1282 principio
3292 1214 3595 1268 condiderit

2027 1305 2323 1360 hominem.
2355 1305 2508 1374 Quod
2565 1315 2743 1360 autem
2779 1306 2845 1360 de
2892 1306 3069 1374 seipso
3104 1304 3204 1360 huc
3260 1305 3422 1369 dicat,
3471 1306 3595 1360 audi

2029 1398 2353 1467 sequentia;
2431 1397 2614 1452 subdit
2675 1398 2840 1457 enim.
2893 1416 2912 1448 ι
2962 1394 3192 1466 Oportet
3240 1413 3325 1452 me
3381 1398 3597 1467 operari

2027 1503 2188 1558 opera
2216 1489 2333 1559 ejus
2360 1490 2448 1558 qui
2477 1490 2626 1544 misit
2657 1504 2742 1544 me
2759 1488 2857 1540 ³⁵.»
2879 1490 3098 1558 Oportet
3127 1503 3232 1555 me,
3263 1490 3460 1558 inquit,
3486 1507 3601 1545 ma-

2030 1580 2289 1637 nifestare
2318 1583 2602 1651 :neipsum,
2635 1591 2690 1634 et
2723 1581 2903 1634 facere
2930 1595 3093 1648 opera
3124 1595 3243 1649 quze
3265 1591 3492 1648 possunt
3515 1597 3601 1636 rue

2029 1675 2318 1730 ostendere
2373 1672 2552 1727 facere
2602 1673 2790 1727 eadem
2838 1687 2960 1743 qua:
3014 1671 3194 1725 Pater.
3246 1671 3378 1727 Vide
3421 1683 3598 1726 autem

2029 1767 2299 1834 quomodo
2329 1780 2432 1820 non
2465 1765 2661 1820 dixerit
2701 1766 2842 1833 quod
2867 1765 3016 1820 Talia
3061 1762 3226 1837 634
3273 1780 3436 1836 opera
3479 1781 3601 1835 qua:

2029 1857 2194 1912 faciat
2236 1857 2416 1921 Pater,
2445 1866 2656 1927 oportet
2689 1868 2741 1910 et
2779 1872 2862 1911 me
2888 1859 3124 1927 operari,
3173 1857 3288 1922 sed,
3348 1857 3439 1911 illa
3487 1858 3601 1926 ipsa

348 1952 609 2022 ἐμαυτὸν,
634 1950 726 2002 καὶ
757 1946 979 2018 ποιῆσαι
1009 1944 1147 2016 ἔργα
1167 1942 1236 1995 τὰ
1255 1941 1528 2012 δυνάμενά
1559 1957 1624 2011 με
1649 1935 1925 2002 ἀποδεῖξαι

2043 1966 2051 1998 l
2079 1965 2193 2018 quae
2211 1949 2338 2004 iacit
2353 1948 2531 2004 Pater.
2547 1969 2628 2001 ι-
2647 1969 2665 2001 ι
2681 1948 2810 2003 Nam
2830 1957 3042 2019 oportet
3060 1965 3164 2014 me,
3182 1947 3376 2020 inquit,
3393 1948 3602 2018 operari

350 2043 528 2096 ταύτὰ
563 2040 640 2112 τῷ
667 2037 843 2110 Πατρῖ
872 2035 1149 2090 ποιοῦντα.
1172 2034 1314 2104 Ὅρα
1345 2032 1460 2095 πῶς
1491 2032 1590 2084 ούκ
1627 2026 1801 2093 εἶπεν,
1823 2029 1925 2094 ὅτι,

349 2133 592 2187 Τοιαῦτα
634 2130 770 2201 ἔργα
812 2124 900 2182 οἷα
941 2129 1086 2181 ποιεῖ
1128 2128 1155 2179 6
1202 2123 1425 2195 Πατὴρ,
1457 2123 1536 2176 δεῖ
1583 2121 1726 2192 κάμὲ
1765 2121 1930 2192 ἔργάο

350 2225 565 2293 ζεσθαι,
599 2224 750 2292 ἀλλ’,
792 2220 945 2277 Αύτὰ
982 2221 1166 2274 ἐκεῖνα
1208 2236 1226 2269 ι
1259 2217 1294 2271 ἃ
1324 2217 1468 2269 ποιεῖ
1499 2217 1526 2268 6
1561 2215 1771 2284 Πατήρ.
1809 2231 1826 2263 ι
1861 2241 1931 2251 --

352 2338 377 2370 1
416 2320 508 2371 Δεῖ
536 2319 645 2388 γάρ
691 2333 780 2386 με,
820 2313 1016 2384 φησὶν,
1053 2308 1384 2382 ἐργάζεσθαι
1414 2310 1483 2360 τὰ
1515 2306 1652 2376 ἔργα
1691 2324 1710 2357 ι
1749 2306 1932 2358 ἐκεῖνα

352 2410 514 2472 αὐτὰ,
539 2408 575 2462 ἃ.
609 2411 636 2461 ὁ
668 2406 889 2476 πέμψας
927 2422 992 2474 με
1024 2405 1190 2456 ποιεῖ.
1233 2400 1417 2453 Ταῦτα
1455 2398 1512 2451 δὲ
1540 2398 1620 2450 δεῖ
1669 2413 1734 2466 με
1770 2395 1933 2467 ἔργά·-

355 2501 546 2566 ξεσθαι
580 2520 598 2552 ι
633 2499 737 2560 ἕως
771 2497 952 2570 ἡμέρα
979 2495 1127 2550 ἐστί·
1166 2513 1186 2547 ι
1215 2490 1518 2551 τουτέστιν,
1558 2488 1705 2550 Ἕως
1730 2489 1757 2539 6
1791 2503 1934 2556 mp-

352 2595 441 2658 t'ov_
465 2594 577 2662 βίος
636 2593 956 2660 ἀνέστηκεν,
991 2588 1083 2642 καὶ
1123 2584 1376 2640 δύνανται
1423 2580 1700 2635 πιστεύειν
1731 2580 1806 2641 είς
1837 2578 1936 2648 ἐμὲ

354 2687 404 2738 οἱ
448 2685 726 2753 ἄνθρωποι
766 2701 780 2715 ·
811 2682 1018 2737 ἑπείτοι
1056 2695 1121 2748 γε
1177 2697 1197 2730 ι
1237 2676 1455 2747 ἔρχεται
1486 2673 1604 2737 νὺξ,
1632 2674 1718 2726 ὅτε
1762 2669 1935 2734 οὐδεὶς

356 2778 585 2832 δύναται
629 2775 988 2848 ἐργάσασθαι·
1054 2790 1073 2823 ι
1112 2770 1391 2831 τουτέστι,
1429 2765 1737 2820 πιστεῦσαιο
1779 2765 1936 2834 ἔργον

357 2875 467 2943 γὰρ
493 2871 591 2942 τὴν
619 2870 797 2923 πίστιν
826 2866 1104 2937 ὀνομάζει.
1147 2864 1236 2917 Ἐν
1267 2862 1346 2933 τῷ
1382 2861 1628 2930 μέλλοντι
1663 2854 1754 2913 οὖν
1781 2857 1937 2910 αἰῶνι

359 2965 535 3026 οὐδεὶς
563 2962 786 3016 δύναται
827 2958 1141 3013 πιστεῦσαι.
1183 2955 1400 3026 Ἡμέρα
1430 2954 1527 3025 μὲν
1558 2951 1663 3022 γὰρ
1690 2953 1718 3004 6
1750 2949 1940 3018 παρὼν

360 3057 492 3126 βίος,
525 3056 658 3108 διότι
680 3051 956 3123 δυνάμεθα
973 3049 1049 3113 ὡς
1073 3051 1131 3102 ὲν
1160 3047 1346 3118 ἡμέρᾳ
1368 3043 1709 3116 ἐργάσασθαι
1735 3042 1754 3112 (
1777 3043 1824 3094 εί
1847 3042 1941 3093 καὶ

359 3154 388 3204 ὁ
416 3149 626 3210 Παῦλος
651 3146 822 3200 νύκτα
843 3144 1029 3198 τοῦτον
1049 3140 1324 3212 ὀνομάζει,
1346 3139 1431 3192 διά
1459 3155 1518 3190 τε
1545 3137 1604 3190 τὸ
1627 3133 1938 3204 ἀγνοεῖσθαι

2029 2056 2193 2110 opera
2233 2061 2250 2094 ι
2281 2043 2369 2096 illa
2400 2043 2535 2112 ipsa,
2566 2058 2684 2112 quae
2719 2043 2763 2097 is
2794 2043 2885 2112 qui
2940 2042 3086 2096 misit
3129 2058 3234 2107 me,
3277 2042 3423 2098 facit.
3478 2041 3605 2098 Haec

2029 2145 2206 2188 autem
2225 2146 2434 2204 oportet
2451 2152 2536 2190 me
2559 2136 2770 2206 operari
2796 2155 2814 2188 ι
2837 2135 3076 2207 quandiu
3097 2137 3209 2192 dies
3227 2145 3330 2200 est,
3349 2154 3366 2188 ι
3399 2137 3501 2192 hoc
3521 2150 3606 2192 est

2033 2227 2267 2297 quandiu
2301 2243 2539 2296 praesens
2563 2230 2672 2284 vita
2709 2214 2908 2302 agitur,
2936 2239 2994 2283 ut
3029 2228 3276 2285 homines
3300 2229 3508 2299 possint
3547 2229 3601 2284 in

2034 2334 2119 2374 me
2180 2323 2462 2376 credere:
2521 2322 2645 2391 quia
2704 2341 2724 2374 ι
2789 2331 3014 2376 ventura
3070 2330 3155 2376 est
3213 2337 3336 2385 nox,
3390 2321 3446 2375 in
3499 2337 3602 2390 qua

2036 2410 2212 2466 nullus
2246 2413 2444 2481 poterit
2467 2413 2682 2480 operari
2711 2413 2808 2476 ³⁸,ι
2838 2414 2889 2467 id
2921 2422 3004 2468 est
3025 2413 3265 2468 credere.
3296 2411 3444 2482 Opus
3459 2414 3603 2468 enim

2038 2500 2192 2556 fidem
2217 2504 2477 2558 nominat.
2506 2503 2687 2573 itaque
2717 2504 2766 2558 in
2800 2503 2983 2558 futuro
3007 2503 3204 2559 saeculo
3229 2505 3407 2558 nullus
3427 2514 3606 2574 potest

2036 2593 2280 2648 credere.
2317 2593 2451 2648 Nam
2503 2596 2618 2653 dies
2667 2595 2881 2668 quidem
2931 2611 3170 2669 prmsens
3221 2595 3332 2652 vita
3386 2606 3490 2664 est,
3539 2610 3606 2652 eo

2038 2685 2178 2754 quod
2207 2702 2492 2756 possumus
2520 2708 2663 2746 nunc
2693 2693 2834 2747 sicut
2872 2691 2925 2746 iu
2959 2691 3044 2747 die
3069 2694 3282 2762 operari
3309 2711 3324 2746 :
3357 2691 3607 2762 quamvis

2039 2789 2094 2834 et
2126 2779 2326 2836 Paulus
2380 2783 2520 2838 hanc
2577 2794 2789 2839 noctem
2849 2785 3111 2851 nominet,
3163 2800 3227 2840 eo
3280 2786 3420 2854 quod
3456 2785 3508 2838 in
3545 2800 3609 2840 ea

2039 2870 2317 2939 ignoretur
2349 2873 2471 2941 quis
2496 2875 2751 2930 virtutem
2798 2875 2882 2930 vel
2917 2886 3198 2944 peccatum
3245 2883 3514 2944 operetur,
3555 2883 3612 2929 et

2039 2964 2214 3033 quoad
2277 2968 2741 3035 comparationem
2791 2967 2982 3022 futura:
3033 2966 3169 3021 lucis
3223 2981 3342 3036 qua:
3378 2966 3612 3021 circum-

2041 3053 2264 3124 fulgebit
2303 3056 2502 3125 juslos.
2543 3055 2662 3111 Nox
2700 3066 2878 3112 autem
2919 3067 3001 3113 est
3046 3057 3279 3113 futurum
3331 3059 3606 3126 sarculum,

2041 3157 2107 3198 eo
2149 3147 2292 3214 quod
2348 3147 2529 3203 nullus
2572 3148 2682 3202 illic
2728 3149 2926 3218 poterit
2963 3149 3218 3218 operari;
3265 3151 3510 3219 quamvis
3558 3163 3614 3206 et

361 3240 598 3294 ἐνταῦθα
628 3240 784 3302 τοὺς,
823 3236 857 3307 ἢ
890 3235 1090 3306 ἀρετὴν
1110 3273 1124 3298 ,
1152 3234 1186 3305 ἢ
1215 3231 1445 3295 κακίαν,
1489 3229 1794 3300 μετιόντας,
1841 3226 1936 3280 καὶ

2045 3234 2243 3291 Paulus
2295 3239 2396 3292 hoc
2447 3239 2590 3292 diem
2634 3251 2811 3305 vocet,
2861 3255 2925 3296 eo
2974 3241 3120 3311 quod
3175 3250 3301 3298 tunc
3364 3253 3423 3297 ut
3475 3261 3494 3296 ι
3557 3243 3610 3298 iu

363 3334 440 3396 ῶς
474 3333 611 3403 πρὸς
635 3331 920 3401 σύγκρισιν
947 3327 1040 3381 τοῦ
1075 3326 1361 3396 μέλλοντος
1389 3322 1566 3392 φωτὸς
1595 3320 1940 3390 περιλάμψαι

2043 3325 2159 3381 luce
2191 3326 2531 3397 refulgebunt
2557 3329 2712 3399 justi,
2737 3339 2794 3385 et
2826 3333 3163 3402 apparebunt
3186 3333 3612 3404 uniuscujusque

362 3426 490 3488 τοὺς
529 3424 772 3485 δικαίους
791 3423 835 3490 )·
870 3418 968 3484 νὺξ
994 3419 1050 3472 δὲ
1079 3421 1108 3471 6
1139 3417 1383 3487 μέλλων,
1430 3415 1563 3468 διότι
1610 3415 1724 3466 ἐκεῖ
1769 3414 1940 3476 οὐδεὶς

2043 3414 2309 3471 ωομεν.»
2341 3417 2528 3488 itaque
2555 3421 2608 3473 in
2645 3421 2826 3476 futuro
2846 3423 3041 3479 saeculo
3073 3423 3206 3480 ﬁdes
3225 3441 3330 3479 non
3361 3425 3496 3488 erit,
3518 3426 3612 3480 sed

360 3516 589 3582 δύναται
619 3512 976 3585 ἐργάσασθαι,
1009 3511 1056 3563 εί
1087 3510 1180 3563 καὶ
1209 3511 1237 3562 ὁ
1267 3507 1478 3570 Παῦλος
1511 3506 1726 3576 ἡμέραν
1752 3505 1940 3558 τοῦτον

2043 3516 2094 3562 ει
2114 3509 2397 3593 voluntarii
2416 3521 2470 3566 et
2491 3511 2836 3568 involuntarii
2855 3516 3122 3570 ohedient.
3150 3514 3427 3582 «Quandiu
3453 3517 3615 3585 igitur

367 3607 544 3668 καλεῖ,
575 3606 664 3659 διὰ
690 3605 790 3674 τὴν
819 3601 1200 3672 φωτοφάνειαν
1227 3599 1337 3653 τῶν
1367 3598 1591 3653 δικαίων
1609 3638 1624 3663 ,
1658 3598 1751 3650 καὶ
1783 3595 1940 3666 φανέ-

2043 3597 2100 3652 in
2133 3600 2458 3664 mundoero,
2479 3599 2568 3654 lux
2591 3616 2710 3655 sum
2737 3602 2918 3656 mundi
2943 3619 2990 3656 τι
3019 3617 3120 3672 per
3144 3603 3442 3656 doctrinam
3471 3601 3612 3656 euim

371 3717 536 3770 ρωσιν
566 3697 676 3751 τῶν
701 3697 914 3766 ἑκάστῳ
941 3693 1311 3766 βεδιωμένων.
1352 3693 1441 3745 Ἐν
1472 3689 1550 3761 τῷ
1583 3690 1828 3761 μέλλοντι
1851 3685 1946 3743 οὖν

369 3791 528 3843 αἰῶνι
563 3789 744 3852 πίστις
792 3789 891 3840 ούκ
921 3787 1090 3850 ἐστιν,
1123 3785 1261 3840 ἀλλὰ
1286 3783 1383 3838 καὶ
1409 3783 1625 3846 ἑκόντες
1651 3783 1748 3835 καὶ
1781 3782 1944 3836 ἄκον-

367 3898 458 3943 τες
490 3879 912 3933 ὑπακούσονται.
951 3898 970 3929 ι
1005 3879 1175 3931 ’Ὅταν
1203 3873 1294 3929 οὖν
1326 3876 1382 3927 ὲν
1408 3873 1486 3944 τῷ
1511 3873 1700 3944 κόσμῳ
1730 3867 1794 3936 ῶ,
1828 3872 1944 3941 φῶς

369 3975 488 4042 εἰμι
509 3972 603 4024 τοῦ
630 3971 858 4040 κόσμου’
889 3988 908 4022 ι
934 3969 1022 4022 διὰ
1061 3969 1170 4038 γὰρ
1206 3969 1304 4037 τῆς
1345 3963 1694 4027 διδασκαλίας
1721 3965 1815 4018 καὶ
1843 3963 1945 4032 τῆς

371 4065 684 4131 ἐπιδείξεως
707 4064 814 4118 τῶν
843 4063 1136 4132 θαυμάτων
1163 4057 1382 4129 φωτίζω
1412 4057 1510 4121 τὰς
1544 4056 1742 4127 ψυχάς.
1776 4056 1943 4109 Ὠστσ

2043 3699 2096 3743 ει
2120 3689 2502 3745 miraculorum
2523 3693 2940 3747 ostentationem
2965 3691 3172 3745 illustre
3196 3692 3423 3757 animas,
3452 3700 3614 3759 atque

2047 3782 2122 3836 ita
2159 3792 2370 3851 oportet
2398 3798 2484 3838 me
2515 3784 2676 3837 etiam
2729 3798 2871 3838 nunc
2915 3783 3206 3837 multorum
3239 3783 3449 3838 animas
3490 3781 3614 3836 illu-

2051 3874 2279 3940 minare,
2347 3890 2442 3944 per
2495 3877 2596 3930 hoc
2623 3877 2765 3944 quod
2817 3891 2948 3931 sano
2998 3890 3229 3941 caecum,
3284 3884 3337 3930 et
3392 3874 3620 3945 pupillas

2051 3965 2330 4021 oculorum
2363 3967 2480 4036 ejus
2521 3967 2750 4022 illustro.
2803 3965 2936 4021 Nam
2977 3968 3100 4037 quia
3145 3965 3235 4020 lux
3296 3982 3433 4027 sum,
3457 3981 3621 4036 opor-

2057 4064 2136 4112 tet.
2200 4043 2379 4113 meet
2413 4060 2741 4114 sensibiliter
2796 4068 2849 4114 et
2891 4059 3246 4129 Spiritualiter
3293 4057 3617 4111 illuminare-

367 4157 456 4212 δεῖ
521 4175 589 4226 με
615 4157 708 4210 καὶ
739 4158 835 4211 νῦν
861 4156 1096 4224 φωτίσαι
1126 4152 1339 4208 πολλῶν
1365 4151 1563 4222 ψυχάς,
1590 4151 1677 4204 διὰ
1734 4149 1828 4204 τοῦ
1858 4149 2196 4220 θεραπεῦσαι
2233 4151 2322 4206 τὸν
2346 4152 2568 4222 τυφλὸν,
2597 4153 2690 4206 καὶ
2715 4154 2948 4221 φωτίσαι
2970 4149 3135 4205 αὑτοῦ
3165 4150 3262 4212 τὰς
3293 4151 3458 4221 κόρας
3513 4150 3622 4204 τῶν

372 4251 661 4321 ὀμμάτων⁹
703 4251 824 4302 ἐπεὶ
848 4247 958 4318 γὰρ
985 4248 1098 4316 φῶς
1122 4248 1262 4316 είμι,
1284 4244 1365 4297 δεῖ
1395 4261 1460 4314 με
1483 4245 1578 4297 καὶ
1598 4241 1870 4313 αἰσθητῶς
1891 4243 1986 4296 καὶ
2012 4243 2401 4314 πνευματικῶς
2451 4245 2726 4316 φωτίζειν.

453 4366 474 4398 ι
539 4345 728 4400 Ταῦτα
780 4342 982 4409 εἰπὼν,
1045 4342 1246 4395 ἐπτυσε
1301 4340 1516 4411 χαμαὶ,
1557 4339 1652 4393 καὶ
1722 4339 1948 4408 ἐποίησε

2127 4341 2291 4394 Vsus.
2325 4341 2440 4395 6-7.
2482 4359 2502 4392 ι
2547 4339 2662 4395 lloc
2709 4356 2829 4394 cum
2861 4339 3108 4404 dixisset,
3151 4341 3364 4408 exspuit
3405 4342 3458 4396 in
3511 4350 3626 4397 ter-

376 4438 547 4508 πηλὸν
588 4441 652 4492 ὲκ
693 4435 789 4489 τοῦ
830 4436 1184 4504 πτύσματος,
1231 4434 1323 4486 καὶ
1362 4435 1618 4502 ἐπέχρισε
1662 4429 1752 4483 τὸν
1778 4429 1940 4498 πηλὸν

2058 4443 2271 4498 ram,et
2293 4434 2420 4488 fecit
2451 4433 2620 4489 lutum
2649 4449 2712 4488 ex
2742 4444 2920 4504 sputo,
2953 4443 3009 4487 et
3041 4433 3209 4487 illevit
3263 4434 3435 4488 lutum
3460 4448 3625 4506 super

377 4532 472 4583 ἐπὶ
521 4531 649 4593 τοὺς
700 4527 1015 4598 ὀφθαλμοὺς
1064 4526 1158 4579 τοῦ
1200 4524 1428 4595 τυφλοῦ,
1465 4523 1559 4577 καὶ
1601 4518 1754 4576 εἶπεν
1782 4520 1956 4593 αὐτῷ’

380 4623 628 4690 ’Ύπαγε,
661 4623 813 4690 νίψαι
863 4621 944 4684 εἰς
979 4620 1080 4690 τὴν
1140 4618 1523 4689 κολυμσήθραν
1577 4615 1670 4669 τοῦ
1711 4615 1954 4685 Σιλωὰμ,

380 4716 409 4770 ὃ
498 4713 862 4784 ἑρμηνεύεται
957 4709 1419 4779 ἀπεσταλμένος
1454 4725 1470 4741 ο
1527 4707 1792 4778 ’Δπῆλθεν
1863 4703 1958 4759 οὖν

381 4809 476 4860 καὶ
546 4805 787 4875 ἐνίψατο,
871 4806 964 4857 καὶ
1021 4799 1151 4874 ἦλθε
1236 4801 1471 4871 βλέπων.
1547 4817 1564 4849 ι
1628 4828 1697 4838 -
1751 4796 1955 4864 Εἰπὼν,

384 4897 541 4969 φησὶ,
615 4895 785 4950 ταῦτα
841 4898 869 4949 ὁ
943 4893 1174 4965 Ἰησοῦς,
1259 4893 1360 4945 οὐκ
1403 4891 1532 4962 ἄχρι
1587 4889 1696 4943 τῶν
1765 4889 1961 4958 ῥημά-

382 5009 490 5043 των
556 4989 711 5059 ἕστη,
768 4987 902 5042 ἀλλὰ
961 4988 1055 5039 καὶ
1113 4985 1176 5038 τὸ
1221 4984 1381 5055 ἔργον
1434 4981 1727 5052 ἐπέθηκεν.
1768 4998 1786 5031 ι
1824 4981 1960 5032 Ἔπο

386 5101 513 5136 τυσε
539 5083 649 5152 γὰρ
675 5084 870 5152 χαμαὶ,
924 5082 1016 5134 καὶ
1073 5077 1242 5148 πηλὸν
1292 5078 1522 5148 ποιήσας
1554 5074 1810 5144 ὲπέχρισε
1835 5072 1961 5135 τοὺς

387 5175 700 5244 ὀφθαλμοὺς
727 5172 821 5226 τοῦ
851 5172 1088 5241 τυφλοῦο
1133 5191 1152 5224 ι
1187 5169 1460 5238 δεικνύωνῖ
1495 5169 1583 5220 διὰ
1632 5166 1724 5219 τοῦ
1763 5164 1961 5235 πηλοῦ,

389 5267 652 5328 suam;
689 5267 836 5317 ἐστιν
868 5265 897 5315 ό
925 5265 1018 5318 καὶ
1048 5263 1138 5316 τὸν
1182 5262 1356 5330 Ἀδὰμ
1382 5260 1490 5314 ἀπὸ
1523 5257 1698 5329 πηλοῦ
1729 5257 1960 5318 πλάσας.

392 5358 468 5408 Τὸ
497 5357 597 5426 μὲν
622 5336 943 5424 γὰρέίπεϊν,
973 5357 1076 5419 ὅτι,
1120 5353 1262 5422 Ἐγὼ
1303 5355 1416 5422 εἰμι
1441 5354 1472 5403 δ’
1500 5349 1593 5404 τὸν
1630 5349 1800 5418 Ἀδὰμ
1824 5347 1962 5402 πλά-

394 5467 524 5512 σας,
597 5451 897 5519 πρόσαντες
968 5449 1140 5500 ὲδόκει
1177 5449 1288 5508 τοῖς
1322 5443 1578 5499 ἀκούουσι
1603 5460 1618 5474 ο
1653 5441 1741 5495 διὰ
1780 5440 1836 5492 δὲ
1869 5438 1968 5492 τοῦ

392 5544 558 5612 ιργου
600 5541 974 5611 δεικνύμενον,
1024 5541 1124 5592 ούκ
1152 5539 1228 5590 ἔτι
1259 5538 1442 5590 λοιπον
1477 5535 1839 5606 προσίστατο·
1877 5531 1968 5585 διὰ

394 5638 555 5690 τοῦτο
580 5638 675 5689 καὶ
706 5634 812 5686 ἀπὸ
843 5632 1013 5703 πηλοῦ
1045 5634 1111 5686 τὰ
1141 5632 1364 5702 ὄμματα
1397 5629 1749 5700 δημιουργεῖ,
1776 5626 1968 5692 ἐκείνῳ

396 5731 476 5802 τῷ
500 5732 688 5802 τρόπῳ
729 5729 830 5798 τῆς
863 5726 1245 5798 δημιουργίας,
1278 5719 1322 5792 ᾧ
1355 5725 1449 5778 καὶ
1500 5723 1589 5775 τὸν
1641 5721 1810 5787 Ἀδὰμ
1846 5717 1969 5787 ιδη-

473 5913 550 5945 ’δ’
571 5909 762 5966 Matth.
795 5924 913 5972 xm,
945 5907 996 5960 4.
1105 5904 1149 5936 ⁸⁵
1181 5903 1336 5960 Joan.
1385 5917 1458 5969 Ix,
1499 5903 1552 5956 It.
1629 5901 1672 5934 θ’
1730 5901 1871 5954 Ibid.

2057 4525 2245 4579 oculos
2299 4526 2536 4588 caeci,et
2575 4524 2714 4577 dixit
2759 4523 2848 4579 ei:
2904 4521 3074 4587 Vade,
3135 4522 3251 4576 lava
3308 4524 3358 4576 in
3415 4525 3626 4594 piscina

2062 4615 2250 4681 Siloa),
2301 4617 2443 4684 quod
2483 4617 2527 4670 si
2579 4614 2982 4685 interpreteris,
3020 4625 3177 4669 sonat
3220 4614 3429 4670 missus.
3476 4615 3626 4670 Abiit

2058 4719 2210 4776 ergo,
2236 4715 2289 4758 et
2318 4705 2469 4768 lavit,
2498 4714 2553 4759 et
2580 4704 2723 4758 venit
2755 4702 2965 4758 videns.
2996 4722 3013 4755 ι
3047 4704 3259 4768 Diceus,
3289 4703 3480 4772 inquit,
3512 4703 3628 4758 hare

2057 4795 2237 4861 Jesus,
2266 4811 2371 4851 non
2433 4796 2519 4850 his
2548 4795 2726 4852 verbis
2780 4805 3068 4851 contentus
3114 4805 3216 4860 est,
3267 4795 3360 4850 sed
3411 4803 3630 4864 etopus

2059 4889 2283 4944 addidit.
2323 4908 2340 4940 ι
2378 4889 2605 4958 Exspuit
2630 4891 2776 4944 enim
2812 4889 2862 4942 in
2894 4898 3114 4956 terram,
3161 4899 3215 4943 et
3261 4889 3426 4942 lutum
3473 4886 3626 4950 fecit,

2062 4980 2382 5049 inunxitque
2433 4983 2614 5035 oculos
2663 4980 2834 5036 rmci:
2873 4998 2891 5032 ι
2948 4981 3240 5036 ostendens
3289 4995 3383 5048 per
3433 4979 3627 5038 lutum.

2067 5072 2209 5140 quod
2244 5073 2358 5142 ipse
2388 5074 2458 5127 sit
2510 5074 2600 5141 qui
2663 5083 2717 5126 et
2780 5072 2949 5125 Adam
3001 5072 3067 5126 de
3117 5072 3230 5126 luto
3293 5072 3629 5126 iormaverit.

2069 5166 2302 5219 Diceudo
2344 5167 2487 5218 enim
2529 5183 2542 5219 ι
2618 5165 2730 5231 Ego
2777 5179 2894 5217 sum
2936 5164 3027 5234 qui
3072 5163 3243 5218 Adam
3300 5162 3522 5216 formavi
3557 5161 3628 5223 ³⁷,

2065 5257 2405 5325 arrogantius
2432 5255 2602 5309 visum
2661 5253 2852 5308 iuiSset
2897 5254 3287 5308 audientibus:
3340 5257 3482 5322 quod
3537 5270 3634 5323 per

2065 5363 2198 5417 opus
2225 5352 2584 5400 monstratum
2627 5361 2734 5400 non
2769 5349 2840 5400 ita
2870 5347 3092 5400 offendit
3121 5364 3134 5400 :
3170 5353 3448 5413 propterea
3487 5347 3634 5399 etde

2066 5441 2182 5492 luto
2205 5438 2393 5492 oculos
2433 5439 2504 5490 illi
2543 5437 2737 5490 format
2787 5453 2932 5492 more
2989 5437 3188 5506 opiticii
3228 5453 3332 5507 quo
3364 5449 3415 5491 et
3460 5440 3630 5490 Adam

2070 5530 2328 5583 formatus
2357 5539 2458 5582 est.
2489 5527 2604 5582 Non
2643 5529 2892 5582 formavit
2946 5539 3124 5580 autent
3175 5537 3380 5580 tantum
3425 5528 3630 5592 oculus,

2071 5636 2240 5690 neque
2271 5621 2481 5688 aperuit
2533 5629 2759 5684 tantum,
2820 5619 2913 5672 sed
2965 5629 3017 5672 et
3075 5619 3255 5674 tidcre
3320 5617 3630 5683 concessit;

2073 5718 2210 5770 unde
2243 5717 2452 5782 signum
2481 5723 2565 5768 est
2595 5713 2736 5782 quod
2768 5720 2821 5765 et
2852 5712 2978 5765 Adae
3007 5713 3241 5766 animam
3265 5711 3630 5784 iuspiraverit.

1952 5898 2017 5932 ³⁸⁸
2057 5895 2243 5950 Matth.
2274 5909 2394 5959 xm,
2438 5892 2526 5946 45.
2607 5890 2649 5921 ³⁷
2680 5887 2814 5944 Gen.
2851 5904 2908 5956 ιι,
2935 5889 2985 5943 7.
