  <div class='ocr_page' id='page_1' title='image "/cluster/home/n/w/nwhite01/storage/ocr_20150623/124/hvd.32044019208206/039.png"; bbox 0 0 4060 6626; ppageno 0'>
   <div class='ocr_carea' id='block_1_1' title="bbox 436 459 3716 532">
    <p class='ocr_par' dir='ltr' id='par_1_1' title="bbox 436 459 3716 532">
     <span class='ocr_line' id='line_1_1' title="bbox 436 459 3716 532; baseline 0.001 -10"><span class='ocrx_word' id='word_1_1' title='bbox 436 465 504 532; x_wconf 74' lang='grc' dir='ltr'>Π</span> <span class='ocrx_word' id='word_1_2' title='bbox 1329 460 1912 524; x_wconf 83' lang='lat' dir='ltr'><strong>THEOPHYLACTI</strong></span> <span class='ocrx_word' id='word_1_3' title='bbox 1955 461 2371 524; x_wconf 76' lang='lat' dir='ltr'><strong>BULGARLE</strong></span> <span class='ocrx_word' id='word_1_4' title='bbox 2412 459 2772 525; x_wconf 79' lang='lat' dir='ltr'><strong>ARCHIEP.</strong></span> <span class='ocrx_word' id='word_1_5' title='bbox 3644 461 3716 526; x_wconf 73' lang='grc'><strong>43</strong></span> 
     </span>
    </p>
   </div>
   <div class='ocr_carea' id='block_1_2' title="bbox 437 574 2012 651">
    <p class='ocr_par' dir='ltr' id='par_1_2' title="bbox 437 577 2012 649">
     <span class='ocr_line' id='line_1_2' title="bbox 437 577 2012 649; baseline -0.008 -8"><span class='ocrx_word' id='word_1_6' title='bbox 437 583 573 640; x_wconf 80' lang='lat' dir='ltr'><strong>Nam</strong></span> <span class='ocrx_word' id='word_1_7' title='bbox 610 596 732 639; x_wconf 89' lang='lat' dir='ltr'><strong>cum</strong></span> <span class='ocrx_word' id='word_1_8' title='bbox 761 579 851 636; x_wconf 85' lang='lat' dir='ltr'><strong>illa</strong></span> <span class='ocrx_word' id='word_1_9' title='bbox 882 594 987 634; x_wconf 93' lang='lat' dir='ltr'><strong>non</strong></span> <span class='ocrx_word' id='word_1_10' title='bbox 1012 586 1290 649; x_wconf 88' lang='lat' dir='ltr'><strong>operatur,</strong></span> <span class='ocrx_word' id='word_1_11' title='bbox 1333 578 1548 633; x_wconf 86' lang='lat' dir='ltr'><strong>etiamsi</strong></span> <span class='ocrx_word' id='word_1_12' title='bbox 1581 577 1770 633; x_wconf 79' lang='lat' dir='ltr'><strong>Oculus</strong></span> <span class='ocrx_word' id='word_1_13' title='bbox 1792 578 1883 645; x_wconf 80' lang='lat' dir='ltr'><strong>sit,</strong></span> <span class='ocrx_word' id='word_1_14' title='bbox 1919 592 2012 632; x_wconf 79' lang='lat' dir='ltr'><strong>nor</strong></span> 
     </span>
    </p>
   </div>
   <div class='ocr_carea' id='block_1_3' title="bbox 2118 574 3715 651">
    <p class='ocr_par' dir='ltr' id='par_1_3' title="bbox 2136 574 3715 651">
     <span class='ocr_line' id='line_1_3' title="bbox 2136 574 3715 651; baseline 0.003 -21"><span class='ocrx_word' id='word_1_15' title='bbox 2136 575 2491 649; x_wconf 87' lang='grc' dir='ltr'>μιούργησεν.</span> <span class='ocrx_word' id='word_1_16' title='bbox 2537 577 2653 632; x_wconf 81' lang='grc' dir='ltr'>Οὐκ</span> <span class='ocrx_word' id='word_1_17' title='bbox 2694 575 2898 631; x_wconf 73' lang='grc' dir='ltr'>ἔπλασε</span> <span class='ocrx_word' id='word_1_18' title='bbox 2926 575 2985 632; x_wconf 78' lang='grc' dir='ltr'><strong>δι</strong></span> <span class='ocrx_word' id='word_1_19' title='bbox 3032 574 3193 649; x_wconf 86' lang='grc' dir='ltr'>μόνον</span> <span class='ocrx_word' id='word_1_20' title='bbox 3221 577 3348 645; x_wconf 74' lang='grc' dir='ltr'>τοὺς</span> <span class='ocrx_word' id='word_1_21' title='bbox 3378 578 3715 651; x_wconf 78' lang='grc' dir='ltr'>ὀφθαλμοὺς,</span> 
     </span>
    </p>
   </div>
   <div class='ocr_carea' id='block_1_4' title="bbox 435 669 2022 743">
    <p class='ocr_par' dir='ltr' id='par_1_4' title="bbox 435 669 2022 743">
     <span class='ocr_line' id='line_1_4' title="bbox 435 669 2022 743; baseline -0.004 -11"><span class='ocrx_word' id='word_1_22' title='bbox 435 677 603 733; x_wconf 81' lang='lat' dir='ltr'><strong>videt.</strong></span> <span class='ocrx_word' id='word_1_23' title='bbox 653 674 823 730; x_wconf 85' lang='lat' dir='ltr'><strong>Po‘rro</strong></span> <span class='ocrx_word' id='word_1_24' title='bbox 852 680 1011 743; x_wconf 88' lang='lat' dir='ltr'><strong>sputo</strong></span> <span class='ocrx_word' id='word_1_25' title='bbox 1049 671 1259 741; x_wconf 82' lang='lat' dir='ltr'><strong>inungit</strong></span> <span class='ocrx_word' id='word_1_26' title='bbox 1309 670 1517 738; x_wconf 62' lang='lat' dir='ltr'><strong>oculos,</strong></span> <span class='ocrx_word' id='word_1_27' title='bbox 1568 670 1696 740; x_wconf 84' lang='lat' dir='ltr'><strong>quia</strong></span> <span class='ocrx_word' id='word_1_28' title='bbox 1751 669 2022 726; x_wconf 89' lang='lat' dir='ltr'><strong>missurus</strong></span> 
     </span>
    </p>
   </div>
   <div class='ocr_carea' id='block_1_5' title="bbox 434 762 2022 835">
    <p class='ocr_par' dir='ltr' id='par_1_5' title="bbox 434 762 2022 835">
     <span class='ocr_line' id='line_1_5' title="bbox 434 762 2022 835; baseline -0.003 -12"><span class='ocrx_word' id='word_1_29' title='bbox 434 778 555 824; x_wconf 84' lang='lat' dir='ltr'><strong>erat</strong></span> <span class='ocrx_word' id='word_1_30' title='bbox 588 782 713 824; x_wconf 84' lang='lat' dir='ltr'><strong>eum</strong></span> <span class='ocrx_word' id='word_1_31' title='bbox 751 764 815 819; x_wconf 88' lang='lat' dir='ltr'><strong>ad</strong></span> <span class='ocrx_word' id='word_1_32' title='bbox 847 764 1074 830; x_wconf 83' lang='lat' dir='ltr'><strong>Siloam,</strong></span> <span class='ocrx_word' id='word_1_33' title='bbox 1121 774 1179 819; x_wconf 87' lang='lat' dir='ltr'><strong>ut</strong></span> <span class='ocrx_word' id='word_1_34' title='bbox 1220 780 1286 819; x_wconf 92' lang='lat' dir='ltr'><strong>uc</strong></span> <span class='ocrx_word' id='word_1_35' title='bbox 1316 781 1469 835; x_wconf 57' lang='lat' dir='ltr'><strong>aqua:</strong></span> <span class='ocrx_word' id='word_1_36' title='bbox 1515 762 1678 819; x_wconf 78' lang='lat' dir='ltr'><strong>futilis</strong></span> <span class='ocrx_word' id='word_1_37' title='bbox 1711 763 2022 818; x_wconf 83' lang='lat' dir='ltr'><strong>ascribatur</strong></span> 
     </span>
    </p>
   </div>
   <div class='ocr_carea' id='block_1_6' title="bbox 437 854 2017 926">
    <p class='ocr_par' dir='ltr' id='par_1_6' title="bbox 437 854 2017 926">
     <span class='ocr_line' id='line_1_6' title="bbox 437 854 2017 926; baseline -0.003 -12"><span class='ocrx_word' id='word_1_38' title='bbox 437 859 800 924; x_wconf 80' lang='lat' dir='ltr'><strong>miraculum;</strong></span> <span class='ocrx_word' id='word_1_39' title='bbox 841 855 938 910; x_wconf 92' lang='lat' dir='ltr'><strong>sed</strong></span> <span class='ocrx_word' id='word_1_40' title='bbox 968 854 1242 912; x_wconf 78' lang='lat' dir='ltr'><strong>discamus</strong></span> <span class='ocrx_word' id='word_1_41' title='bbox 1274 855 1417 926; x_wconf 89' lang='lat' dir='ltr'><strong>quod</strong></span> <span class='ocrx_word' id='word_1_42' title='bbox 1470 855 1643 910; x_wconf 87' lang='lat' dir='ltr'><strong>virtus</strong></span> <span class='ocrx_word' id='word_1_43' title='bbox 1677 869 1899 920; x_wconf 75' lang='lat' dir='ltr'><strong>egressa</strong></span> <span class='ocrx_word' id='word_1_44' title='bbox 1953 869 2017 910; x_wconf 79' lang='lat' dir='ltr'><strong>ex</strong></span> 
     </span>
    </p>
   </div>
   <div class='ocr_carea' id='block_1_7' title="bbox 433 947 2016 1023">
    <p class='ocr_par' dir='ltr' id='par_1_7' title="bbox 433 947 2016 1023">
     <span class='ocr_line' id='line_1_7' title="bbox 433 947 2016 1023; baseline 0.002 -20"><span class='ocrx_word' id='word_1_45' title='bbox 433 969 527 1009; x_wconf 66' lang='lat' dir='ltr'><strong>ore</strong></span> <span class='ocrx_word' id='word_1_46' title='bbox 557 952 696 1023; x_wconf 83' lang='lat' dir='ltr'><strong>ejus,</strong></span> <span class='ocrx_word' id='word_1_47' title='bbox 727 951 841 1021; x_wconf 90' lang='lat' dir='ltr'><strong>ipsa</strong></span> <span class='ocrx_word' id='word_1_48' title='bbox 876 947 1193 1004; x_wconf 74' lang='lat' dir='ltr'><strong>formaverit</strong></span> <span class='ocrx_word' id='word_1_49' title='bbox 1219 957 1275 1003; x_wconf 87' lang='lat' dir='ltr'><strong>et</strong></span> <span class='ocrx_word' id='word_1_50' title='bbox 1320 947 1593 1018; x_wconf 81' lang='lat' dir='ltr'><strong>aperuerit</strong></span> <span class='ocrx_word' id='word_1_51' title='bbox 1632 947 1822 1005; x_wconf 85' lang='lat' dir='ltr'><strong>oculos</strong></span> <span class='ocrx_word' id='word_1_52' title='bbox 1861 949 2016 1017; x_wconf 82' lang='lat' dir='ltr'><strong>ejus:</strong></span> 
     </span>
    </p>
   </div>
   <div class='ocr_carea' id='block_1_8' title="bbox 433 1040 2021 1117">
    <p class='ocr_par' dir='ltr' id='par_1_8' title="bbox 433 1040 2021 1117">
     <span class='ocr_line' id='line_1_8' title="bbox 433 1040 2021 1117; baseline -0.006 -16"><span class='ocrx_word' id='word_1_53' title='bbox 433 1057 721 1117; x_wconf 73' lang='lat' dir='ltr'><strong>propterea</strong></span> <span class='ocrx_word' id='word_1_54' title='bbox 761 1060 781 1095; x_wconf 77' lang='grc' dir='ltr'>ι</span> <span class='ocrx_word' id='word_1_55' title='bbox 829 1043 1046 1113; x_wconf 73' lang='grc' dir='ltr'>οχεριιίι</span> <span class='ocrx_word' id='word_1_56' title='bbox 1078 1041 1130 1096; x_wconf 92' lang='lat' dir='ltr'><strong>in</strong></span> <span class='ocrx_word' id='word_1_57' title='bbox 1170 1050 1390 1106; x_wconf 85' lang='lat' dir='ltr'><strong>terram,</strong></span> <span class='ocrx_word' id='word_1_58' title='bbox 1429 1058 1447 1091; x_wconf 81' lang='grc' dir='ltr'>ι</span> <span class='ocrx_word' id='word_1_59' title='bbox 1477 1049 1531 1094; x_wconf 90' lang='lat' dir='ltr'><strong>et</strong></span> <span class='ocrx_word' id='word_1_60' title='bbox 1562 1055 1625 1095; x_wconf 81' lang='lat' dir='ltr'><strong>ex</strong></span> <span class='ocrx_word' id='word_1_61' title='bbox 1657 1054 1752 1096; x_wconf 89' lang='lat' dir='ltr'><strong>ore</strong></span> <span class='ocrx_word' id='word_1_62' title='bbox 1786 1040 1909 1096; x_wconf 79' lang='lat' dir='ltr'><strong>fecit</strong></span> <span class='ocrx_word' id='word_1_63' title='bbox 1941 1040 2021 1093; x_wconf 90' lang='lat' dir='ltr'><strong>lu-</strong></span> 
     </span>
    </p>
   </div>
   <div class='ocr_carea' id='block_1_9' title="bbox 434 1133 2018 1204">
    <p class='ocr_par' dir='ltr' id='par_1_9' title="bbox 434 1133 2018 1204">
     <span class='ocr_line' id='line_1_9' title="bbox 434 1133 2018 1204; baseline -0.003 -11"><span class='ocrx_word' id='word_1_64' title='bbox 434 1152 567 1193; x_wconf 90' lang='lat' dir='ltr'><strong>tum.</strong></span> <span class='ocrx_word' id='word_1_65' title='bbox 604 1134 808 1191; x_wconf 89' lang='lat' dir='ltr'><strong>Deinde</strong></span> <span class='ocrx_word' id='word_1_66' title='bbox 837 1140 897 1188; x_wconf 89' lang='lat' dir='ltr'><strong>ut</strong></span> <span class='ocrx_word' id='word_1_67' title='bbox 929 1150 994 1188; x_wconf 85' lang='lat' dir='ltr'><strong>ne</strong></span> <span class='ocrx_word' id='word_1_68' title='bbox 1016 1146 1171 1204; x_wconf 86' lang='lat' dir='ltr'><strong>putes</strong></span> <span class='ocrx_word' id='word_1_69' title='bbox 1201 1133 1346 1204; x_wconf 87' lang='lat' dir='ltr'><strong>quod</strong></span> <span class='ocrx_word' id='word_1_70' title='bbox 1380 1144 1540 1188; x_wconf 74' lang='lat' dir='ltr'><strong>terra:</strong></span> <span class='ocrx_word' id='word_1_71' title='bbox 1575 1133 1740 1189; x_wconf 76' lang='lat' dir='ltr'><strong>fuerit</strong></span> <span class='ocrx_word' id='word_1_72' title='bbox 1776 1134 2018 1189; x_wconf 87' lang='lat' dir='ltr'><strong>miracu-</strong></span> 
     </span>
    </p>
   </div>
   <div class='ocr_carea' id='block_1_10' title="bbox 435 1226 2021 1297">
    <p class='ocr_par' dir='ltr' id='par_1_10' title="bbox 435 1226 2021 1297">
     <span class='ocr_line' id='line_1_10' title="bbox 435 1226 2021 1297; baseline -0.001 -12"><span class='ocrx_word' id='word_1_73' title='bbox 435 1232 569 1296; x_wconf 91' lang='lat' dir='ltr'><strong>lum,</strong></span> <span class='ocrx_word' id='word_1_74' title='bbox 623 1229 776 1297; x_wconf 81' lang='lat' dir='ltr'><strong>jubet</strong></span> <span class='ocrx_word' id='word_1_75' title='bbox 837 1228 1010 1284; x_wconf 89' lang='lat' dir='ltr'><strong>lavari</strong></span> <span class='ocrx_word' id='word_1_76' title='bbox 1037 1238 1090 1280; x_wconf 94' lang='lat' dir='ltr'><strong>ut</strong></span> <span class='ocrx_word' id='word_1_77' title='bbox 1135 1242 1297 1282; x_wconf 89' lang='lat' dir='ltr'><strong>omne</strong></span> <span class='ocrx_word' id='word_1_78' title='bbox 1328 1226 1630 1296; x_wconf 85' lang='lat' dir='ltr'><strong>deponatur</strong></span> <span class='ocrx_word' id='word_1_79' title='bbox 1661 1228 1854 1282; x_wconf 88' lang='lat' dir='ltr'><strong>lutum.</strong></span> <span class='ocrx_word' id='word_1_80' title='bbox 1887 1227 2021 1296; x_wconf 86' lang='lat' dir='ltr'><strong>Qui-</strong></span> 
     </span>
    </p>
   </div>
   <div class='ocr_carea' id='block_1_11' title="bbox 433 1318 2018 1391">
    <p class='ocr_par' dir='ltr' id='par_1_11' title="bbox 433 1318 2018 1391">
     <span class='ocr_line' id='line_1_11' title="bbox 433 1318 2018 1391; baseline -0.002 -13"><span class='ocrx_word' id='word_1_81' title='bbox 433 1325 556 1379; x_wconf 83' lang='lat' dir='ltr'><strong>dam</strong></span> <span class='ocrx_word' id='word_1_82' title='bbox 598 1334 777 1377; x_wconf 82' lang='lat' dir='ltr'><strong>autem</strong></span> <span class='ocrx_word' id='word_1_83' title='bbox 819 1322 1166 1391; x_wconf 89' lang='lat' dir='ltr'><strong>dicuntquod</strong></span> <span class='ocrx_word' id='word_1_84' title='bbox 1187 1328 1243 1374; x_wconf 83' lang='lat' dir='ltr'><strong>ct</strong></span> <span class='ocrx_word' id='word_1_85' title='bbox 1274 1319 1440 1372; x_wconf 78' lang='lat' dir='ltr'><strong>lutum</strong></span> <span class='ocrx_word' id='word_1_86' title='bbox 1470 1334 1575 1373; x_wconf 91' lang='lat' dir='ltr'><strong>non</strong></span> <span class='ocrx_word' id='word_1_87' title='bbox 1609 1318 2018 1391; x_wconf 84' lang='lat' dir='ltr'><strong>sitdcpositum,</strong></span> 
     </span>
    </p>
   </div>
   <div class='ocr_carea' id='block_1_12' title="bbox 430 1413 2019 1485">
    <p class='ocr_par' dir='ltr' id='par_1_12' title="bbox 430 1413 2019 1485">
     <span class='ocr_line' id='line_1_12' title="bbox 430 1413 2019 1485; baseline -0.001 -12"><span class='ocrx_word' id='word_1_88' title='bbox 430 1420 526 1474; x_wconf 88' lang='lat' dir='ltr'><strong>sed</strong></span> <span class='ocrx_word' id='word_1_89' title='bbox 559 1417 855 1473; x_wconf 81' lang='lat' dir='ltr'><strong>formatum</strong></span> <span class='ocrx_word' id='word_1_90' title='bbox 887 1417 940 1471; x_wconf 93' lang='lat' dir='ltr'><strong>in</strong></span> <span class='ocrx_word' id='word_1_91' title='bbox 972 1417 1216 1470; x_wconf 89' lang='lat' dir='ltr'><strong>oculum.</strong></span> <span class='ocrx_word' id='word_1_92' title='bbox 1262 1413 1554 1478; x_wconf 74' lang='lat' dir='ltr'><strong>Caeterum,</strong></span> <span class='ocrx_word' id='word_1_93' title='bbox 1585 1414 1739 1485; x_wconf 84' lang='lat' dir='ltr'><strong>jubet</strong></span> <span class='ocrx_word' id='word_1_94' title='bbox 1785 1431 1907 1470; x_wconf 90' lang='lat' dir='ltr'><strong>emn</strong></span> <span class='ocrx_word' id='word_1_95' title='bbox 1950 1416 2019 1471; x_wconf 90' lang='lat' dir='ltr'><strong>ad</strong></span> 
     </span>
    </p>
   </div>
   <div class='ocr_carea' id='block_1_13' title="bbox 431 1508 2017 1581">
    <p class='ocr_par' dir='ltr' id='par_1_13' title="bbox 431 1508 2017 1581">
     <span class='ocr_line' id='line_1_13' title="bbox 431 1508 2017 1581; baseline -0.002 -14"><span class='ocrx_word' id='word_1_96' title='bbox 431 1510 632 1568; x_wconf 83' lang='lat' dir='ltr'><strong>Siloam</strong></span> <span class='ocrx_word' id='word_1_97' title='bbox 667 1510 766 1577; x_wconf 89' lang='lat' dir='ltr'><strong>ire,</strong></span> <span class='ocrx_word' id='word_1_98' title='bbox 798 1509 992 1581; x_wconf 90' lang='lat' dir='ltr'><strong>partim</strong></span> <span class='ocrx_word' id='word_1_99' title='bbox 1029 1508 1380 1565; x_wconf 86' lang='lat' dir='ltr'><strong>utdiseamus</strong></span> <span class='ocrx_word' id='word_1_100' title='bbox 1406 1509 1532 1565; x_wconf 66' lang='grc' dir='ltr'><strong>οτηςὶ</strong></span> <span class='ocrx_word' id='word_1_101' title='bbox 1564 1508 1748 1575; x_wconf 78' lang='lat' dir='ltr'><strong>(idem,</strong></span> <span class='ocrx_word' id='word_1_102' title='bbox 1778 1519 1830 1564; x_wconf 77' lang='lat' dir='ltr'><strong>et</strong></span> <span class='ocrx_word' id='word_1_103' title='bbox 1852 1525 2017 1581; x_wconf 83' lang='lat' dir='ltr'><strong>quam</strong></span> 
     </span>
    </p>
   </div>
   <div class='ocr_carea' id='block_1_14' title="bbox 431 1597 2022 1670">
    <p class='ocr_par' dir='ltr' id='par_1_14' title="bbox 431 1597 2022 1670">
     <span class='ocr_line' id='line_1_14' title="bbox 431 1597 2022 1670; baseline -0.001 -13"><span class='ocrx_word' id='word_1_104' title='bbox 431 1602 693 1657; x_wconf 90' lang='lat' dir='ltr'><strong>obediens</strong></span> <span class='ocrx_word' id='word_1_105' title='bbox 727 1600 909 1654; x_wconf 85' lang='lat' dir='ltr'><strong>l&#39;ucrit.</strong></span> <span class='ocrx_word' id='word_1_106' title='bbox 940 1597 1055 1653; x_wconf 82' lang='lat' dir='ltr'><strong>Non</strong></span> <span class='ocrx_word' id='word_1_107' title='bbox 1087 1599 1232 1653; x_wconf 91' lang='lat' dir='ltr'><strong>enim</strong></span> <span class='ocrx_word' id='word_1_108' title='bbox 1273 1599 1566 1670; x_wconf 74' lang='lat' dir='ltr'><strong>cogitavit:</strong></span> <span class='ocrx_word' id='word_1_109' title='bbox 1601 1598 1735 1655; x_wconf 85' lang='lat' dir='ltr'><strong>Cum</strong></span> <span class='ocrx_word' id='word_1_110' title='bbox 1771 1600 1940 1655; x_wconf 89' lang='lat' dir='ltr'><strong>lutum</strong></span> <span class='ocrx_word' id='word_1_111' title='bbox 1967 1610 2022 1656; x_wconf 88' lang='lat' dir='ltr'><strong>et</strong></span> 
     </span>
    </p>
   </div>
   <div class='ocr_carea' id='block_1_15' title="bbox 431 1692 2021 1770">
    <p class='ocr_par' dir='ltr' id='par_1_15' title="bbox 431 1692 2021 1770">
     <span class='ocr_line' id='line_1_15' title="bbox 431 1692 2021 1770; baseline -0.003 -17"><span class='ocrx_word' id='word_1_112' title='bbox 431 1707 650 1770; x_wconf 87' lang='lat' dir='ltr'><strong>sputum</strong></span> <span class='ocrx_word' id='word_1_113' title='bbox 669 1711 866 1751; x_wconf 86' lang='lat' dir='ltr'><strong>curare</strong></span> <span class='ocrx_word' id='word_1_114' title='bbox 897 1693 1111 1748; x_wconf 77' lang='lat' dir='ltr'><strong>valeant</strong></span> <span class='ocrx_word' id='word_1_115' title='bbox 1131 1692 1340 1758; x_wconf 87' lang='lat' dir='ltr'><strong>oculos,</strong></span> <span class='ocrx_word' id='word_1_116' title='bbox 1362 1692 1486 1762; x_wconf 84' lang='lat' dir='ltr'><strong>quid</strong></span> <span class='ocrx_word' id='word_1_117' title='bbox 1507 1708 1646 1763; x_wconf 89' lang='lat' dir='ltr'><strong>opus</strong></span> <span class='ocrx_word' id='word_1_118' title='bbox 1671 1694 1799 1747; x_wconf 89' lang='lat' dir='ltr'><strong>mibi</strong></span> <span class='ocrx_word' id='word_1_119' title='bbox 1823 1693 1971 1749; x_wconf 86' lang='lat' dir='ltr'><strong>Siloa</strong></span> <span class='ocrx_word' id='word_1_120' title='bbox 1997 1695 2021 1749; x_wconf 67' lang='grc' dir='ltr'><em>ἲ</em></span> 
     </span>
    </p>
   </div>
   <div class='ocr_carea' id='block_1_16' title="bbox 431 1789 2014 1865">
    <p class='ocr_par' dir='ltr' id='par_1_16' title="bbox 431 1789 2014 1865">
     <span class='ocr_line' id='line_1_16' title="bbox 431 1789 2014 1865; baseline -0.001 -19"><span class='ocrx_word' id='word_1_121' title='bbox 431 1796 561 1863; x_wconf 85' lang='lat' dir='ltr'><strong>quid</strong></span> <span class='ocrx_word' id='word_1_122' title='bbox 595 1791 759 1865; x_wconf 79' lang='lat'><strong>635</strong></span> <span class='ocrx_word' id='word_1_123' title='bbox 787 1800 844 1846; x_wconf 92' lang='lat' dir='ltr'><strong>ut</strong></span> <span class='ocrx_word' id='word_1_124' title='bbox 877 1790 1186 1845; x_wconf 79' lang='lat' dir='ltr'><strong>laver?sed</strong></span> <span class='ocrx_word' id='word_1_125' title='bbox 1220 1789 1618 1858; x_wconf 67' lang='lat' dir='ltr'><strong>obtemperavit</strong></span> <span class='ocrx_word' id='word_1_126' title='bbox 1653 1789 2014 1860; x_wconf 57' lang='lat' dir='ltr'><strong>praecipienti.</strong></span> 
     </span>
    </p>
   </div>
   <div class='ocr_carea' id='block_1_17' title="bbox 428 1878 2015 1954">
    <p class='ocr_par' dir='ltr' id='par_1_17' title="bbox 428 1878 2015 1954">
     <span class='ocr_line' id='line_1_17' title="bbox 428 1878 2015 1954; baseline -0.002 -16"><span class='ocrx_word' id='word_1_127' title='bbox 428 1882 658 1954; x_wconf 78' lang='lat' dir='ltr'><strong>Insuper</strong></span> <span class='ocrx_word' id='word_1_128' title='bbox 693 1892 750 1936; x_wconf 93' lang='lat' dir='ltr'><strong>ut</strong></span> <span class='ocrx_word' id='word_1_129' title='bbox 782 1891 837 1938; x_wconf 87' lang='lat' dir='ltr'><strong>et</strong></span> <span class='ocrx_word' id='word_1_130' title='bbox 872 1879 1171 1936; x_wconf 75' lang='lat' dir='ltr'><strong>confunlat</strong></span> <span class='ocrx_word' id='word_1_131' title='bbox 1204 1878 1518 1935; x_wconf 69' lang='lat' dir='ltr'><strong>JUtl&#39;JiOI&#39;llnl</strong></span> <span class='ocrx_word' id='word_1_132' title='bbox 1550 1878 2015 1949; x_wconf 83' lang='lat' dir='ltr'><strong>ingratitudinem.</strong></span> 
     </span>
    </p>
   </div>
   <div class='ocr_carea' id='block_1_18' title="bbox 431 1946 2094 2043">
    <p class='ocr_par' dir='ltr' id='par_1_18' title="bbox 431 1946 2094 2043">
     <span class='ocr_line' id='line_1_18' title="bbox 431 1946 2094 2043; baseline -0.002 -10"><span class='ocrx_word' id='word_1_133' title='bbox 431 1946 742 2033; x_wconf 75' lang='lat' dir='ltr'><strong>Verisimile</strong></span> <span class='ocrx_word' id='word_1_134' title='bbox 766 1974 911 2030; x_wconf 89' lang='lat' dir='ltr'><strong>enim</strong></span> <span class='ocrx_word' id='word_1_135' title='bbox 943 1984 1059 2028; x_wconf 85' lang='lat' dir='ltr'><strong>erat</strong></span> <span class='ocrx_word' id='word_1_136' title='bbox 1084 1972 1289 2028; x_wconf 85' lang='lat' dir='ltr'><strong>multos</strong></span> <span class='ocrx_word' id='word_1_137' title='bbox 1315 1971 1462 2025; x_wconf 90' lang='lat' dir='ltr'><strong>illum</strong></span> <span class='ocrx_word' id='word_1_138' title='bbox 1501 1946 1801 2043; x_wconf 52' lang='lat' dir='ltr'><strong>luto—super</strong></span> <span class='ocrx_word' id='word_1_139' title='bbox 1830 1973 2016 2030; x_wconf 87' lang='lat' dir='ltr'><strong>oculos</strong></span> <span class='ocrx_word' id='word_1_140' title='bbox 2051 1946 2094 2003; x_wconf 73' lang='grc' dir='ltr'><strong>Β</strong></span> 
     </span>
    </p>
   </div>
   <div class='ocr_carea' id='block_1_19' title="bbox 428 2065 2016 2137">
    <p class='ocr_par' dir='ltr' id='par_1_19' title="bbox 428 2065 2016 2137">
     <span class='ocr_line' id='line_1_19' title="bbox 428 2065 2016 2137; baseline -0.001 -12"><span class='ocrx_word' id='word_1_141' title='bbox 428 2081 653 2126; x_wconf 89' lang='lat' dir='ltr'><strong>unctmn</strong></span> <span class='ocrx_word' id='word_1_142' title='bbox 686 2068 907 2134; x_wconf 79' lang='lat' dir='ltr'><strong>vidisse,</strong></span> <span class='ocrx_word' id='word_1_143' title='bbox 959 2075 1013 2124; x_wconf 87' lang='lat' dir='ltr'><strong>ct</strong></span> <span class='ocrx_word' id='word_1_144' title='bbox 1058 2082 1181 2121; x_wconf 87' lang='lat' dir='ltr'><strong>eum</strong></span> <span class='ocrx_word' id='word_1_145' title='bbox 1231 2065 1520 2137; x_wconf 76' lang='lat' dir='ltr'><strong>diligenter</strong></span> <span class='ocrx_word' id='word_1_146' title='bbox 1569 2067 1910 2132; x_wconf 77' lang='lat' dir='ltr'><strong>observasse,</strong></span> <span class='ocrx_word' id='word_1_147' title='bbox 1958 2075 2016 2123; x_wconf 87' lang='lat' dir='ltr'><strong>et</strong></span> 
     </span>
    </p>
   </div>
   <div class='ocr_carea' id='block_1_20' title="bbox 427 2158 2010 2233">
    <p class='ocr_par' dir='ltr' id='par_1_20' title="bbox 427 2158 2010 2233">
     <span class='ocr_line' id='line_1_20' title="bbox 427 2158 2010 2233; baseline -0.003 -14"><span class='ocrx_word' id='word_1_148' title='bbox 427 2165 501 2219; x_wconf 89' lang='lat' dir='ltr'><strong>ita</strong></span> <span class='ocrx_word' id='word_1_149' title='bbox 535 2179 641 2218; x_wconf 92' lang='lat' dir='ltr'><strong>non</strong></span> <span class='ocrx_word' id='word_1_150' title='bbox 673 2161 915 2233; x_wconf 82' lang='lat' dir='ltr'><strong>petuisse</strong></span> <span class='ocrx_word' id='word_1_151' title='bbox 947 2171 1136 2231; x_wconf 89' lang='lat' dir='ltr'><strong>postea</strong></span> <span class='ocrx_word' id='word_1_152' title='bbox 1166 2160 1369 2224; x_wconf 84' lang='lat' dir='ltr'><strong>dicere,</strong></span> <span class='ocrx_word' id='word_1_153' title='bbox 1396 2158 1497 2213; x_wconf 80' lang='lat' dir='ltr'><strong>Hic</strong></span> <span class='ocrx_word' id='word_1_154' title='bbox 1526 2168 1629 2224; x_wconf 89' lang='lat' dir='ltr'><strong>est,</strong></span> <span class='ocrx_word' id='word_1_155' title='bbox 1662 2158 1749 2214; x_wconf 86' lang='lat' dir='ltr'><strong>hic</strong></span> <span class='ocrx_word' id='word_1_156' title='bbox 1774 2174 1881 2214; x_wconf 89' lang='lat' dir='ltr'><strong>non</strong></span> <span class='ocrx_word' id='word_1_157' title='bbox 1906 2169 2010 2216; x_wconf 90' lang='lat' dir='ltr'><strong>est.</strong></span> 
     </span>
    </p>
   </div>
   <div class='ocr_carea' id='block_1_21' title="bbox 424 2243 2010 2321">
    <p class='ocr_par' dir='ltr' id='par_1_21' title="bbox 424 2243 2010 2321">
     <span class='ocr_line' id='line_1_21' title="bbox 424 2243 2010 2321; baseline -0.005 -10"><span class='ocrx_word' id='word_1_158' title='bbox 424 2243 497 2311; x_wconf 77' lang='lat' dir='ltr'><strong>Et</strong></span> <span class='ocrx_word' id='word_1_159' title='bbox 532 2257 690 2311; x_wconf 91' lang='lat' dir='ltr'><strong>tertio</strong></span> <span class='ocrx_word' id='word_1_160' title='bbox 719 2255 1013 2309; x_wconf 69' lang='lat' dir='ltr'><strong>ostenderas</strong></span> <span class='ocrx_word' id='word_1_161' title='bbox 1047 2266 1105 2307; x_wconf 93' lang='lat' dir='ltr'><strong>se</strong></span> <span class='ocrx_word' id='word_1_162' title='bbox 1137 2267 1243 2306; x_wconf 91' lang='lat' dir='ltr'><strong>non</strong></span> <span class='ocrx_word' id='word_1_163' title='bbox 1266 2266 1387 2306; x_wconf 90' lang='lat' dir='ltr'><strong>esse</strong></span> <span class='ocrx_word' id='word_1_164' title='bbox 1423 2250 1663 2319; x_wconf 85' lang='lat' dir='ltr'><strong>iniquum</strong></span> <span class='ocrx_word' id='word_1_165' title='bbox 1692 2250 1795 2321; x_wconf 72' lang='lat' dir='ltr'><strong>legi</strong></span> <span class='ocrx_word' id='word_1_166' title='bbox 1821 2253 2010 2318; x_wconf 84' lang='lat' dir='ltr'><strong>veteri,</strong></span> 
     </span>
    </p>
   </div>
   <div class='ocr_carea' id='block_1_22' title="bbox 426 2342 2013 2413">
    <p class='ocr_par' dir='ltr' id='par_1_22' title="bbox 426 2342 2013 2413">
     <span class='ocr_line' id='line_1_22' title="bbox 426 2342 2013 2413; baseline -0.001 -13"><span class='ocrx_word' id='word_1_167' title='bbox 426 2347 595 2401; x_wconf 88' lang='lat' dir='ltr'><strong>mittit</strong></span> <span class='ocrx_word' id='word_1_168' title='bbox 637 2347 705 2400; x_wconf 82' lang='lat' dir='ltr'><strong>ad</strong></span> <span class='ocrx_word' id='word_1_169' title='bbox 735 2343 960 2399; x_wconf 85' lang='lat' dir='ltr'><strong>Siloam.</strong></span> <span class='ocrx_word' id='word_1_170' title='bbox 1015 2342 1307 2411; x_wconf 81' lang='lat' dir='ltr'><strong>Propterea</strong></span> <span class='ocrx_word' id='word_1_171' title='bbox 1357 2352 1411 2397; x_wconf 91' lang='lat' dir='ltr'><strong>et</strong></span> <span class='ocrx_word' id='word_1_172' title='bbox 1450 2343 1782 2413; x_wconf 79' lang='lat' dir='ltr'><strong>evangelista</strong></span> <span class='ocrx_word' id='word_1_173' title='bbox 1835 2344 2013 2400; x_wconf 88' lang='lat' dir='ltr'><strong>inter-</strong></span> 
     </span>
    </p>
   </div>
   <div class='ocr_carea' id='block_1_23' title="bbox 426 2436 2015 2511">
    <p class='ocr_par' dir='ltr' id='par_1_23' title="bbox 426 2436 2015 2511">
     <span class='ocr_line' id='line_1_23' title="bbox 426 2436 2015 2511; baseline -0.001 -15"><span class='ocrx_word' id='word_1_174' title='bbox 426 2440 789 2511; x_wconf 85' lang='lat' dir='ltr'><strong>pretationem</strong></span> <span class='ocrx_word' id='word_1_175' title='bbox 830 2438 992 2492; x_wconf 71' lang='lat' dir='ltr'><strong>Silom</strong></span> <span class='ocrx_word' id='word_1_176' title='bbox 1050 2437 1235 2506; x_wconf 83' lang='lat' dir='ltr'><strong>ponit,</strong></span> <span class='ocrx_word' id='word_1_177' title='bbox 1288 2445 1344 2490; x_wconf 91' lang='grc' dir='ltr'><strong>ιιι</strong></span> <span class='ocrx_word' id='word_1_178' title='bbox 1394 2436 1573 2490; x_wconf 78' lang='lat' dir='ltr'><strong>discas</strong></span> <span class='ocrx_word' id='word_1_179' title='bbox 1608 2437 1751 2507; x_wconf 89' lang='lat' dir='ltr'><strong>quod</strong></span> <span class='ocrx_word' id='word_1_180' title='bbox 1797 2446 1850 2493; x_wconf 89' lang='lat' dir='ltr'><strong>et</strong></span> <span class='ocrx_word' id='word_1_181' title='bbox 1906 2438 2015 2495; x_wconf 91' lang='lat' dir='ltr'><strong>illic</strong></span> 
     </span>
    </p>
   </div>
   <div class='ocr_carea' id='block_1_24' title="bbox 428 2527 2018 2599">
    <p class='ocr_par' dir='ltr' id='par_1_24' title="bbox 428 2527 2018 2599">
     <span class='ocr_line' id='line_1_24' title="bbox 428 2527 2018 2599; baseline -0.007 -8"><span class='ocrx_word' id='word_1_182' title='bbox 428 2534 682 2591; x_wconf 73' lang='lat' dir='ltr'><strong>Christus</strong></span> <span class='ocrx_word' id='word_1_183' title='bbox 713 2549 835 2589; x_wconf 89' lang='lat' dir='ltr'><strong>cum</strong></span> <span class='ocrx_word' id='word_1_184' title='bbox 859 2531 1095 2597; x_wconf 86' lang='lat' dir='ltr'><strong>sanarit,</strong></span> <span class='ocrx_word' id='word_1_185' title='bbox 1116 2540 1171 2584; x_wconf 91' lang='lat' dir='ltr'><strong>et</strong></span> <span class='ocrx_word' id='word_1_186' title='bbox 1200 2529 1342 2599; x_wconf 87' lang='lat' dir='ltr'><strong>quod</strong></span> <span class='ocrx_word' id='word_1_187' title='bbox 1376 2527 1521 2583; x_wconf 86' lang='lat' dir='ltr'><strong>Siloa</strong></span> <span class='ocrx_word' id='word_1_188' title='bbox 1555 2529 1724 2598; x_wconf 81' lang='lat' dir='ltr'><strong>ﬁgura</strong></span> <span class='ocrx_word' id='word_1_189' title='bbox 1760 2531 1833 2585; x_wconf 89' lang='lat' dir='ltr'><strong>sit</strong></span> <span class='ocrx_word' id='word_1_190' title='bbox 1863 2531 2018 2586; x_wconf 79' lang='lat' dir='ltr'><strong>Chri-</strong></span> 
     </span>
    </p>
   </div>
   <div class='ocr_carea' id='block_1_25' title="bbox 424 2619 2015 2693">
    <p class='ocr_par' dir='ltr' id='par_1_25' title="bbox 424 2619 2015 2693">
     <span class='ocr_line' id='line_1_25' title="bbox 424 2619 2015 2693; baseline -0.003 -11"><span class='ocrx_word' id='word_1_191' title='bbox 424 2627 519 2682; x_wconf 77' lang='lat' dir='ltr'><strong>sti.</strong></span> <span class='ocrx_word' id='word_1_192' title='bbox 554 2625 707 2681; x_wconf 88' lang='lat' dir='ltr'><strong>Sicut</strong></span> <span class='ocrx_word' id='word_1_193' title='bbox 747 2624 891 2680; x_wconf 87' lang='lat' dir='ltr'><strong>enim</strong></span> <span class='ocrx_word' id='word_1_194' title='bbox 921 2620 1220 2693; x_wconf 86' lang='lat' dir='ltr'><strong>spiritualis</strong></span> <span class='ocrx_word' id='word_1_195' title='bbox 1248 2631 1401 2688; x_wconf 87' lang='lat' dir='ltr'><strong>petra</strong></span> <span class='ocrx_word' id='word_1_196' title='bbox 1433 2628 1516 2673; x_wconf 89' lang='lat' dir='ltr'><strong>est</strong></span> <span class='ocrx_word' id='word_1_197' title='bbox 1546 2620 1829 2687; x_wconf 85' lang='lat' dir='ltr'><strong>Christus,</strong></span> <span class='ocrx_word' id='word_1_198' title='bbox 1861 2619 1934 2674; x_wconf 89' lang='lat' dir='ltr'><strong>ita</strong></span> <span class='ocrx_word' id='word_1_199' title='bbox 1960 2631 2015 2678; x_wconf 86' lang='lat' dir='ltr'><strong>et</strong></span> 
     </span>
    </p>
   </div>
   <div class='ocr_carea' id='block_1_26' title="bbox 423 2710 2015 2789">
    <p class='ocr_par' dir='ltr' id='par_1_26' title="bbox 423 2710 2015 2789">
     <span class='ocr_line' id='line_1_26' title="bbox 423 2710 2015 2789; baseline -0.003 -17"><span class='ocrx_word' id='word_1_200' title='bbox 423 2717 727 2789; x_wconf 70' lang='lat' dir='ltr'><strong>spiritualis</strong></span> <span class='ocrx_word' id='word_1_201' title='bbox 773 2725 857 2770; x_wconf 87' lang='lat' dir='ltr'><strong>est</strong></span> <span class='ocrx_word' id='word_1_202' title='bbox 909 2713 1077 2769; x_wconf 89' lang='lat' dir='ltr'><strong>Siloa.</strong></span> <span class='ocrx_word' id='word_1_203' title='bbox 1139 2711 1206 2767; x_wconf 84' lang='lat' dir='ltr'><strong>Et</strong></span> <span class='ocrx_word' id='word_1_204' title='bbox 1255 2712 1398 2766; x_wconf 68' lang='lat' dir='ltr'><strong>situt</strong></span> <span class='ocrx_word' id='word_1_205' title='bbox 1445 2721 1658 2767; x_wconf 87' lang='lat' dir='ltr'><strong>torrens</strong></span> <span class='ocrx_word' id='word_1_206' title='bbox 1715 2710 1803 2765; x_wconf 90' lang='lat' dir='ltr'><strong>ille</strong></span> <span class='ocrx_word' id='word_1_207' title='bbox 1853 2711 2015 2768; x_wconf 72' lang='lat' dir='ltr'><strong>S&#39;JOie</strong></span> 
     </span>
    </p>
   </div>
   <div class='ocr_carea' id='block_1_27' title="bbox 425 2804 2014 2881">
    <p class='ocr_par' dir='ltr' id='par_1_27' title="bbox 425 2804 2014 2881">
     <span class='ocr_line' id='line_1_27' title="bbox 425 2804 2014 2881; baseline -0.003 -16"><span class='ocrx_word' id='word_1_208' title='bbox 425 2811 762 2881; x_wconf 78' lang='lat' dir='ltr'><strong>repentinus,</strong></span> <span class='ocrx_word' id='word_1_209' title='bbox 800 2817 855 2864; x_wconf 89' lang='lat' dir='ltr'><strong>et</strong></span> <span class='ocrx_word' id='word_1_210' title='bbox 892 2805 1264 2861; x_wconf 80' lang='lat' dir='ltr'><strong>vehementior</strong></span> <span class='ocrx_word' id='word_1_211' title='bbox 1295 2804 1592 2873; x_wconf 75' lang='lat' dir='ltr'><strong>apparebat</strong></span> <span class='ocrx_word' id='word_1_212' title='bbox 1618 2804 1841 2858; x_wconf 69' lang='lat' dir='ltr'><strong>terribili</strong></span> <span class='ocrx_word' id='word_1_213' title='bbox 1878 2820 2014 2874; x_wconf 89' lang='lat' dir='ltr'><strong>quo-</strong></span> 
     </span>
    </p>
   </div>
   <div class='ocr_carea' id='block_1_28' title="bbox 425 2895 2015 2968">
    <p class='ocr_par' dir='ltr' id='par_1_28' title="bbox 425 2895 2015 2968">
     <span class='ocr_line' id='line_1_28' title="bbox 425 2895 2015 2968; baseline -0.002 -12"><span class='ocrx_word' id='word_1_214' title='bbox 425 2906 548 2957; x_wconf 80' lang='lat' dir='ltr'><strong>dum</strong></span> <span class='ocrx_word' id='word_1_215' title='bbox 608 2902 752 2956; x_wconf 78' lang='lat' dir='ltr'><strong>ﬂuxu</strong></span> <span class='ocrx_word' id='word_1_216' title='bbox 779 2943 793 2968; x_wconf 90' lang='lat'><strong>,</strong></span> <span class='ocrx_word' id='word_1_217' title='bbox 830 2896 911 2955; x_wconf 75' lang='lat' dir='ltr'><strong>ita</strong></span> <span class='ocrx_word' id='word_1_218' title='bbox 944 2906 999 2954; x_wconf 89' lang='lat' dir='ltr'><strong>et</strong></span> <span class='ocrx_word' id='word_1_219' title='bbox 1032 2897 1295 2953; x_wconf 84' lang='lat' dir='ltr'><strong>adventus</strong></span> <span class='ocrx_word' id='word_1_220' title='bbox 1348 2895 1568 2951; x_wconf 88' lang='lat' dir='ltr'><strong>Domini</strong></span> <span class='ocrx_word' id='word_1_221' title='bbox 1610 2897 1857 2952; x_wconf 84' lang='lat' dir='ltr'><strong>occultus</strong></span> <span class='ocrx_word' id='word_1_222' title='bbox 1885 2939 1900 2965; x_wconf 93' lang='lat'><strong>,</strong></span> <span class='ocrx_word' id='word_1_223' title='bbox 1958 2907 2015 2953; x_wconf 89' lang='lat' dir='ltr'><strong>et</strong></span> 
     </span>
    </p>
   </div>
   <div class='ocr_carea' id='block_1_29' title="bbox 426 2988 1962 3065">
    <p class='ocr_par' dir='ltr' id='par_1_29' title="bbox 426 2988 1962 3065">
     <span class='ocr_line' id='line_1_29' title="bbox 426 2988 1962 3065; baseline -0.005 -14"><span class='ocrx_word' id='word_1_224' title='bbox 426 2995 633 3065; x_wconf 73' lang='lat' dir='ltr'><strong>angelis</strong></span> <span class='ocrx_word' id='word_1_225' title='bbox 675 2992 1007 3063; x_wconf 82' lang='lat' dir='ltr'><strong>incognitus,</strong></span> <span class='ocrx_word' id='word_1_226' title='bbox 1040 3005 1202 3045; x_wconf 87' lang='lat' dir='ltr'><strong>omne</strong></span> <span class='ocrx_word' id='word_1_227' title='bbox 1237 2999 1517 3057; x_wconf 84' lang='lat' dir='ltr'><strong>peccatum</strong></span> <span class='ocrx_word' id='word_1_228' title='bbox 1554 2989 1754 3042; x_wconf 85' lang='lat' dir='ltr'><strong>virtute</strong></span> <span class='ocrx_word' id='word_1_229' title='bbox 1784 2988 1962 3043; x_wconf 86' lang='lat' dir='ltr'><strong>diluit.</strong></span> 
     </span>
    </p>
   </div>
   <div class='ocr_carea' id='block_1_30' title="bbox 2125 667 3716 743">
    <p class='ocr_par' dir='ltr' id='par_1_30' title="bbox 2125 667 3716 743">
     <span class='ocr_line' id='line_1_30' title="bbox 2125 667 3716 743; baseline 0.003 -22"><span class='ocrx_word' id='word_1_230' title='bbox 2125 668 2245 722; x_wconf 78' lang='grc' dir='ltr'>οὐδὲ</span> <span class='ocrx_word' id='word_1_231' title='bbox 2272 668 2473 740; x_wconf 79' lang='grc' dir='ltr'><strong>ἀνέῳξε</strong></span> <span class='ocrx_word' id='word_1_232' title='bbox 2500 669 2683 741; x_wconf 83' lang='grc' dir='ltr'>μόνον.</span> <span class='ocrx_word' id='word_1_233' title='bbox 2714 667 2851 723; x_wconf 78' lang='grc' dir='ltr'>ἀλλὰ</span> <span class='ocrx_word' id='word_1_234' title='bbox 2882 669 2974 723; x_wconf 74' lang='grc' dir='ltr'><strong>καὶ</strong></span> <span class='ocrx_word' id='word_1_235' title='bbox 3001 668 3061 722; x_wconf 67' lang='grc' dir='ltr'>τὺ</span> <span class='ocrx_word' id='word_1_236' title='bbox 3083 670 3217 742; x_wconf 78' lang='grc' dir='ltr'>ὀρᾷν</span> <span class='ocrx_word' id='word_1_237' title='bbox 3237 670 3535 742; x_wconf 79' lang='grc' dir='ltr'>ὲχαρίσα;ο</span> <span class='ocrx_word' id='word_1_238' title='bbox 3578 670 3716 743; x_wconf 72' lang='grc' dir='ltr'>ὅπερ</span> 
     </span>
    </p>
   </div>
   <div class='ocr_carea' id='block_1_31' title="bbox 2124 759 3717 832">
    <p class='ocr_par' dir='ltr' id='par_1_31' title="bbox 2124 759 3717 832">
     <span class='ocr_line' id='line_1_31' title="bbox 2124 759 3717 832; baseline 0.002 -19"><span class='ocrx_word' id='word_1_239' title='bbox 2124 759 2429 832; x_wconf 76' lang='grc' dir='ltr'>τεκμήριόν</span> <span class='ocrx_word' id='word_1_240' title='bbox 2458 761 2577 815; x_wconf 82' lang='grc' dir='ltr'>ἐστι</span> <span class='ocrx_word' id='word_1_241' title='bbox 2611 759 2706 814; x_wconf 73' lang='grc' dir='ltr'>τοῦ</span> <span class='ocrx_word' id='word_1_242' title='bbox 2741 761 2835 815; x_wconf 78' lang='grc' dir='ltr'><strong>καὶ</strong></span> <span class='ocrx_word' id='word_1_243' title='bbox 2860 760 2958 832; x_wconf 78' lang='grc' dir='ltr'><strong>τὴν</strong></span> <span class='ocrx_word' id='word_1_244' title='bbox 2985 760 3164 832; x_wconf 73' lang='grc' dir='ltr'>ψυχὴν</span> <span class='ocrx_word' id='word_1_245' title='bbox 3194 761 3358 815; x_wconf 74' lang='grc' dir='ltr'>αὑτὸν</span> <span class='ocrx_word' id='word_1_246' title='bbox 3400 762 3717 832; x_wconf 74' lang='grc' dir='ltr'><strong>ἐμφυσῆσαι</strong></span> 
     </span>
    </p>
   </div>
   <div class='ocr_carea' id='block_1_32' title="bbox 2122 852 3716 926">
    <p class='ocr_par' dir='ltr' id='par_1_32' title="bbox 2122 852 3716 926">
     <span class='ocr_line' id='line_1_32' title="bbox 2122 852 3716 926; baseline -0.001 -19"><span class='ocrx_word' id='word_1_247' title='bbox 2122 852 2202 922; x_wconf 82' lang='grc' dir='ltr'>τῷ</span> <span class='ocrx_word' id='word_1_248' title='bbox 2253 852 2459 924; x_wconf 84' lang='grc' dir='ltr'>Ἀδάμ·</span> <span class='ocrx_word' id='word_1_249' title='bbox 2503 852 2720 925; x_wconf 79' lang='grc' dir='ltr'><strong>ἐκείνης</strong></span> <span class='ocrx_word' id='word_1_250' title='bbox 2765 854 2875 925; x_wconf 65' lang='grc' dir='ltr'><strong>γὰρ</strong></span> <span class='ocrx_word' id='word_1_251' title='bbox 2904 853 2981 926; x_wconf 79' lang='grc' dir='ltr'><strong>μὴ</strong></span> <span class='ocrx_word' id='word_1_252' title='bbox 3025 853 3391 926; x_wconf 71' lang='grc' dir='ltr'><strong>ἐνεργούσης,</strong></span> <span class='ocrx_word' id='word_1_253' title='bbox 3434 853 3716 924; x_wconf 69' lang='grc' dir='ltr'>ὀφθαλμὸξ</span> 
     </span>
    </p>
   </div>
   <div class='ocr_carea' id='block_1_33' title="bbox 2124 943 3716 1023">
    <p class='ocr_par' dir='ltr' id='par_1_33' title="bbox 2124 943 3716 1023">
     <span class='ocr_line' id='line_1_33' title="bbox 2124 943 3716 1023; baseline 0.002 -24"><span class='ocrx_word' id='word_1_254' title='bbox 2124 946 2229 999; x_wconf 72' lang='grc' dir='ltr'>κᾶν</span> <span class='ocrx_word' id='word_1_255' title='bbox 2260 948 2669 1019; x_wconf 82' lang='grc' dir='ltr'>ἀπηρτισμένο;</span> <span class='ocrx_word' id='word_1_256' title='bbox 2697 943 2754 1023; x_wconf 79' lang='grc' dir='ltr'><strong>ᾗ,</strong></span> <span class='ocrx_word' id='word_1_257' title='bbox 2782 948 2882 1001; x_wconf 80' lang='grc' dir='ltr'><strong>οὐκ</strong></span> <span class='ocrx_word' id='word_1_258' title='bbox 2913 947 2977 1000; x_wconf 76' lang='grc' dir='ltr'><strong>ἂν</strong></span> <span class='ocrx_word' id='word_1_259' title='bbox 3000 947 3131 1001; x_wconf 78' lang='grc' dir='ltr'>είεοι</span> <span class='ocrx_word' id='word_1_260' title='bbox 3166 948 3317 1002; x_wconf 76' lang='grc' dir='ltr'>ποτέ.</span> <span class='ocrx_word' id='word_1_261' title='bbox 3353 947 3636 1019; x_wconf 83' lang='grc' dir='ltr'>Πτύσματι</span> <span class='ocrx_word' id='word_1_262' title='bbox 3657 947 3716 1002; x_wconf 70' lang='grc' dir='ltr'>δὲ</span> 
     </span>
    </p>
   </div>
   <div class='ocr_carea' id='block_1_34' title="bbox 2125 1038 3715 1112">
    <p class='ocr_par' dir='ltr' id='par_1_34' title="bbox 2125 1038 3715 1112">
     <span class='ocr_line' id='line_1_34' title="bbox 2125 1038 3715 1112; baseline 0.001 -19"><span class='ocrx_word' id='word_1_263' title='bbox 2125 1038 2391 1110; x_wconf 82' lang='grc' dir='ltr'>κέχρηται</span> <span class='ocrx_word' id='word_1_264' title='bbox 2413 1041 2494 1104; x_wconf 83' lang='grc' dir='ltr'><strong>είς</strong></span> <span class='ocrx_word' id='word_1_265' title='bbox 2521 1039 2620 1112; x_wconf 77' lang='grc' dir='ltr'>τὴν</span> <span class='ocrx_word' id='word_1_266' title='bbox 2646 1039 2961 1109; x_wconf 73' lang='grc' dir='ltr'><strong>ἀνάϐλεψιν.</strong></span> <span class='ocrx_word' id='word_1_267' title='bbox 3007 1039 3163 1094; x_wconf 70' lang='grc' dir='ltr'>Ἐπεὶ</span> <span class='ocrx_word' id='word_1_268' title='bbox 3189 1040 3299 1111; x_wconf 76' lang='grc' dir='ltr'>γὰρ</span> <span class='ocrx_word' id='word_1_269' title='bbox 3324 1039 3489 1093; x_wconf 78' lang='grc' dir='ltr'>αὐτὸν</span> <span class='ocrx_word' id='word_1_270' title='bbox 3518 1039 3715 1112; x_wconf 74' lang='grc' dir='ltr'>ἔμελλε</span> 
     </span>
    </p>
   </div>
   <div class='ocr_carea' id='block_1_35' title="bbox 2125 1131 3749 1215">
    <p class='ocr_par' dir='ltr' id='par_1_35' title="bbox 2125 1131 3749 1215">
     <span class='ocr_line' id='line_1_35' title="bbox 2125 1131 3749 1215; baseline 0.009 -30"><span class='ocrx_word' id='word_1_271' title='bbox 2125 1133 2370 1203; x_wconf 79' lang='grc' dir='ltr'><strong>πέμπειν</strong></span> <span class='ocrx_word' id='word_1_272' title='bbox 2402 1133 2494 1187; x_wconf 75' lang='grc' dir='ltr'><strong>ἐπὶ</strong></span> <span class='ocrx_word' id='word_1_273' title='bbox 2523 1133 2612 1186; x_wconf 77' lang='grc' dir='ltr'><strong>τὸν</strong></span> <span class='ocrx_word' id='word_1_274' title='bbox 2643 1133 2885 1204; x_wconf 75' lang='grc' dir='ltr'>Σιλωὰμ,</span> <span class='ocrx_word' id='word_1_275' title='bbox 2913 1132 3000 1186; x_wconf 75' lang='grc' dir='ltr'>ἵνα</span> <span class='ocrx_word' id='word_1_276' title='bbox 3032 1133 3106 1205; x_wconf 80' lang='grc' dir='ltr'><strong>μὴ</strong></span> <span class='ocrx_word' id='word_1_277' title='bbox 3129 1132 3204 1204; x_wconf 81' lang='grc' dir='ltr'>τῷ</span> <span class='ocrx_word' id='word_1_278' title='bbox 3230 1131 3382 1187; x_wconf 72' lang='grc' dir='ltr'>ὕδατι</span> <span class='ocrx_word' id='word_1_279' title='bbox 3409 1134 3508 1205; x_wconf 67' lang='grc' dir='ltr'><strong>τῆς</strong></span> <span class='ocrx_word' id='word_1_280' title='bbox 3529 1150 3714 1205; x_wconf 73' lang='grc' dir='ltr'>πηγης</span> <span class='ocrx_word' id='word_1_281' title='bbox 3734 1202 3749 1215; x_wconf 27' lang='grc' dir='ltr'>κ</span> 
     </span>
    </p>
   </div>
   <div class='ocr_carea' id='block_1_36' title="bbox 2125 1226 3712 1301">
    <p class='ocr_par' dir='ltr' id='par_1_36' title="bbox 2125 1226 3712 1301">
     <span class='ocr_line' id='line_1_36' title="bbox 2125 1226 3712 1301; baseline -0.001 -18"><span class='ocrx_word' id='word_1_282' title='bbox 2125 1231 2409 1301; x_wconf 77' lang='grc' dir='ltr'><strong>ἐπιγραφῇ</strong></span> <span class='ocrx_word' id='word_1_283' title='bbox 2440 1228 2501 1283; x_wconf 81' lang='grc' dir='ltr'>τὸ</span> <span class='ocrx_word' id='word_1_284' title='bbox 2536 1227 2753 1299; x_wconf 81' lang='grc' dir='ltr'>θαῦμα,</span> <span class='ocrx_word' id='word_1_285' title='bbox 2809 1228 2945 1282; x_wconf 83' lang='grc' dir='ltr'><strong>ἀλλὰ</strong></span> <span class='ocrx_word' id='word_1_286' title='bbox 2983 1227 3267 1299; x_wconf 74' lang='grc' dir='ltr'>μάθωμεν,</span> <span class='ocrx_word' id='word_1_287' title='bbox 3322 1229 3408 1283; x_wconf 83' lang='grc' dir='ltr'>ὅτι</span> <span class='ocrx_word' id='word_1_288' title='bbox 3448 1230 3480 1298; x_wconf 79' lang='grc' dir='ltr'>ἡ</span> <span class='ocrx_word' id='word_1_289' title='bbox 3516 1226 3712 1281; x_wconf 77' lang='grc' dir='ltr'><strong>ὲκ’τοῦ</strong></span> 
     </span>
    </p>
   </div>
   <div class='ocr_carea' id='block_1_37' title="bbox 2126 1320 3718 1394">
    <p class='ocr_par' dir='ltr' id='par_1_37' title="bbox 2126 1320 3718 1394">
     <span class='ocr_line' id='line_1_37' title="bbox 2126 1320 3718 1394; baseline 0 -19"><span class='ocrx_word' id='word_1_290' title='bbox 2126 1320 2395 1394; x_wconf 77' lang='grc' dir='ltr'>στόματος</span> <span class='ocrx_word' id='word_1_291' title='bbox 2418 1322 2595 1376; x_wconf 78' lang='grc' dir='ltr'>αὑτοῦ</span> <span class='ocrx_word' id='word_1_292' title='bbox 2643 1320 2937 1386; x_wconf 79' lang='grc' dir='ltr'>ἐξελθοῦσα</span> <span class='ocrx_word' id='word_1_293' title='bbox 2985 1321 3216 1392; x_wconf 68' lang='grc' dir='ltr'>δύναμις</span> <span class='ocrx_word' id='word_1_294' title='bbox 3240 1363 3254 1385; x_wconf 89' lang='grc'><strong>,</strong></span> <span class='ocrx_word' id='word_1_295' title='bbox 3306 1320 3445 1394; x_wconf 70' lang='grc' dir='ltr'>αὕτη</span> <span class='ocrx_word' id='word_1_296' title='bbox 3478 1322 3573 1376; x_wconf 63' lang='grc' dir='ltr'>καὶ</span> <span class='ocrx_word' id='word_1_297' title='bbox 3606 1322 3718 1375; x_wconf 69' lang='grc' dir='ltr'>διε-</span> 
     </span>
    </p>
   </div>
   <div class='ocr_carea' id='block_1_38' title="bbox 2126 1410 3715 1487">
    <p class='ocr_par' dir='ltr' id='par_1_38' title="bbox 2126 1410 3715 1487">
     <span class='ocr_line' id='line_1_38' title="bbox 2126 1410 3715 1487; baseline 0.001 -17"><span class='ocrx_word' id='word_1_298' title='bbox 2126 1419 2300 1470; x_wconf 89' lang='grc' dir='ltr'>πλασε</span> <span class='ocrx_word' id='word_1_299' title='bbox 2326 1416 2427 1469; x_wconf 74' lang='grc' dir='ltr'>καὶ</span> <span class='ocrx_word' id='word_1_300' title='bbox 2457 1414 2664 1487; x_wconf 78' lang='grc' dir='ltr'><strong>ἀνέῳξε</strong></span> <span class='ocrx_word' id='word_1_301' title='bbox 2692 1416 2820 1480; x_wconf 76' lang='grc' dir='ltr'>τοὺς</span> <span class='ocrx_word' id='word_1_302' title='bbox 2852 1410 3166 1484; x_wconf 73' lang='grc' dir='ltr'>ὀφθαλμοὺς</span> <span class='ocrx_word' id='word_1_303' title='bbox 3196 1414 3365 1470; x_wconf 76' lang='grc' dir='ltr'>αὑτοῦ</span> <span class='ocrx_word' id='word_1_304' title='bbox 3386 1429 3401 1444; x_wconf 87' lang='grc'><strong>·</strong></span> <span class='ocrx_word' id='word_1_305' title='bbox 3436 1415 3525 1470; x_wconf 75' lang='grc' dir='ltr'>διὰ</span> <span class='ocrx_word' id='word_1_306' title='bbox 3555 1417 3715 1472; x_wconf 73' lang='grc' dir='ltr'>τοζτο</span> 
     </span>
    </p>
   </div>
   <div class='ocr_carea' id='block_1_39' title="bbox 2129 1508 3715 1582">
    <p class='ocr_par' dir='ltr' id='par_1_39' title="bbox 2129 1508 3715 1582">
     <span class='ocr_line' id='line_1_39' title="bbox 2129 1508 3715 1582; baseline 0.001 -20"><span class='ocrx_word' id='word_1_307' title='bbox 2129 1526 2151 1562; x_wconf 81' lang='grc'><strong><em>‹</em></strong></span> <span class='ocrx_word' id='word_1_308' title='bbox 2187 1508 2389 1564; x_wconf 79' lang='grc' dir='ltr'>ἔπτυσε</span> <span class='ocrx_word' id='word_1_309' title='bbox 2422 1513 2617 1581; x_wconf 73' lang='grc' dir='ltr'>χαμαὶ,</span> <span class='ocrx_word' id='word_1_310' title='bbox 2651 1529 2671 1563; x_wconf 74' lang='grc' dir='ltr'>ι</span> <span class='ocrx_word' id='word_1_311' title='bbox 2702 1510 2793 1564; x_wconf 73' lang='grc' dir='ltr'>καὶ</span> <span class='ocrx_word' id='word_1_312' title='bbox 2820 1510 2883 1563; x_wconf 76' lang='grc' dir='ltr'><strong>ὲκ</strong></span> <span class='ocrx_word' id='word_1_313' title='bbox 2921 1509 3016 1562; x_wconf 81' lang='grc' dir='ltr'>τοῦ</span> <span class='ocrx_word' id='word_1_314' title='bbox 3050 1510 3320 1579; x_wconf 76' lang='grc' dir='ltr'>στόματος</span> <span class='ocrx_word' id='word_1_315' title='bbox 3348 1510 3570 1581; x_wconf 79' lang='grc' dir='ltr'>ἐποίησε</span> <span class='ocrx_word' id='word_1_316' title='bbox 3605 1527 3715 1582; x_wconf 60' lang='grc' dir='ltr'><strong>πις-</strong></span> 
     </span>
    </p>
   </div>
   <div class='ocr_carea' id='block_1_40' title="bbox 2122 1596 3708 1675">
    <p class='ocr_par' dir='ltr' id='par_1_40' title="bbox 2122 1596 3708 1675">
     <span class='ocr_line' id='line_1_40' title="bbox 2122 1596 3708 1675; baseline 0 -19"><span class='ocrx_word' id='word_1_317' title='bbox 2122 1602 2235 1659; x_wconf 84' lang='grc' dir='ltr'><strong>λόν.</strong></span> <span class='ocrx_word' id='word_1_318' title='bbox 2264 1598 2398 1658; x_wconf 77' lang='grc' dir='ltr'>Εἶτα</span> <span class='ocrx_word' id='word_1_319' title='bbox 2419 1603 2504 1657; x_wconf 78' lang='grc' dir='ltr'><strong>ἵνα</strong></span> <span class='ocrx_word' id='word_1_320' title='bbox 2532 1604 2607 1675; x_wconf 86' lang='grc' dir='ltr'>μὴ</span> <span class='ocrx_word' id='word_1_321' title='bbox 2640 1602 2892 1674; x_wconf 75' lang='grc' dir='ltr'><strong>νομίσῃς,</strong></span> <span class='ocrx_word' id='word_1_322' title='bbox 2926 1603 3006 1657; x_wconf 79' lang='grc' dir='ltr'>ὅτι</span> <span class='ocrx_word' id='word_1_323' title='bbox 3038 1605 3133 1672; x_wconf 81' lang='grc' dir='ltr'><strong>τῆ;</strong></span> <span class='ocrx_word' id='word_1_324' title='bbox 3165 1604 3270 1673; x_wconf 80' lang='grc' dir='ltr'><strong>γῆς</strong></span> <span class='ocrx_word' id='word_1_325' title='bbox 3301 1596 3368 1675; x_wconf 79' lang='grc' dir='ltr'><strong>ἦν</strong></span> <span class='ocrx_word' id='word_1_326' title='bbox 3408 1603 3469 1657; x_wconf 62' lang='grc' dir='ltr'><strong>τδ</strong></span> <span class='ocrx_word' id='word_1_327' title='bbox 3504 1603 3708 1673; x_wconf 80' lang='grc' dir='ltr'>θαῦμα,</span> 
     </span>
    </p>
   </div>
   <div class='ocr_carea' id='block_1_41' title="bbox 2122 1695 3710 1769">
    <p class='ocr_par' dir='ltr' id='par_1_41' title="bbox 2122 1695 3710 1769">
     <span class='ocr_line' id='line_1_41' title="bbox 2122 1695 3710 1769; baseline 0.001 -19"><span class='ocrx_word' id='word_1_328' title='bbox 2122 1695 2338 1751; x_wconf 85' lang='grc' dir='ltr'>κελεύει</span> <span class='ocrx_word' id='word_1_329' title='bbox 2368 1696 2651 1767; x_wconf 70' lang='grc' dir='ltr'>νίψασθαι,</span> <span class='ocrx_word' id='word_1_330' title='bbox 2693 1696 2781 1749; x_wconf 85' lang='grc' dir='ltr'><strong>ἴνα</strong></span> <span class='ocrx_word' id='word_1_331' title='bbox 2817 1697 3034 1760; x_wconf 82' lang='grc' dir='ltr'>πάντως</span> <span class='ocrx_word' id='word_1_332' title='bbox 3074 1696 3346 1769; x_wconf 83' lang='grc' dir='ltr'>ἀπόθηται</span> <span class='ocrx_word' id='word_1_333' title='bbox 3378 1696 3469 1750; x_wconf 79' lang='grc' dir='ltr'>τὸν</span> <span class='ocrx_word' id='word_1_334' title='bbox 3517 1696 3710 1766; x_wconf 86' lang='grc' dir='ltr'>πηλόν.</span> 
     </span>
    </p>
   </div>
   <div class='ocr_carea' id='block_1_42' title="bbox 2123 1788 3713 1862">
    <p class='ocr_par' dir='ltr' id='par_1_42' title="bbox 2123 1788 3713 1862">
     <span class='ocr_line' id='line_1_42' title="bbox 2123 1788 3713 1862; baseline -0.002 -17"><span class='ocrx_word' id='word_1_335' title='bbox 2123 1791 2281 1855; x_wconf 80' lang='grc' dir='ltr'><strong>Τινὲς</strong></span> <span class='ocrx_word' id='word_1_336' title='bbox 2318 1791 2376 1846; x_wconf 83' lang='grc' dir='ltr'>δέ</span> <span class='ocrx_word' id='word_1_337' title='bbox 2423 1808 2609 1859; x_wconf 89' lang='grc' dir='ltr'>φασιν,</span> <span class='ocrx_word' id='word_1_338' title='bbox 2649 1791 2731 1844; x_wconf 79' lang='grc' dir='ltr'><strong>ὅτι</strong></span> <span class='ocrx_word' id='word_1_339' title='bbox 2760 1793 2788 1844; x_wconf 92' lang='lat'><strong>6</strong></span> <span class='ocrx_word' id='word_1_340' title='bbox 2838 1790 3007 1862; x_wconf 81' lang='grc' dir='ltr'>πηλὸς</span> <span class='ocrx_word' id='word_1_341' title='bbox 3040 1791 3141 1843; x_wconf 75' lang='grc' dir='ltr'>οὐκ</span> <span class='ocrx_word' id='word_1_342' title='bbox 3176 1789 3413 1860; x_wconf 77' lang='grc' dir='ltr'>ἀπετέθη</span> <span class='ocrx_word' id='word_1_343' title='bbox 3435 1830 3450 1854; x_wconf 87' lang='grc'><strong>,</strong></span> <span class='ocrx_word' id='word_1_344' title='bbox 3484 1788 3600 1843; x_wconf 85' lang='grc' dir='ltr'><strong>ἀλλ’</strong></span> <span class='ocrx_word' id='word_1_345' title='bbox 3632 1790 3713 1851; x_wconf 83' lang='grc' dir='ltr'><strong>είς</strong></span> 
     </span>
    </p>
   </div>
   <div class='ocr_carea' id='block_1_43' title="bbox 2120 1878 3712 1955">
    <p class='ocr_par' dir='ltr' id='par_1_43' title="bbox 2120 1878 3712 1955">
     <span class='ocr_line' id='line_1_43' title="bbox 2120 1878 3712 1955; baseline -0.003 -18"><span class='ocrx_word' id='word_1_346' title='bbox 2120 1883 2435 1955; x_wconf 84' lang='grc' dir='ltr'>ὀφθαλμοὺς</span> <span class='ocrx_word' id='word_1_347' title='bbox 2478 1881 2912 1955; x_wconf 79' lang='grc' dir='ltr'>ἐδημιουργήθη·</span> <span class='ocrx_word' id='word_1_348' title='bbox 2956 1881 3169 1936; x_wconf 79' lang='grc' dir='ltr'>κελεύει</span> <span class='ocrx_word' id='word_1_349' title='bbox 3201 1881 3259 1935; x_wconf 84' lang='grc' dir='ltr'>δὲ</span> <span class='ocrx_word' id='word_1_350' title='bbox 3291 1880 3455 1934; x_wconf 73' lang='grc' dir='ltr'>αὐτὸν</span> <span class='ocrx_word' id='word_1_351' title='bbox 3500 1879 3594 1933; x_wconf 75' lang='grc' dir='ltr'><strong>ἐπὶ</strong></span> <span class='ocrx_word' id='word_1_352' title='bbox 3620 1878 3712 1932; x_wconf 69' lang='grc' dir='ltr'><strong>τὸν</strong></span> 
     </span>
    </p>
   </div>
   <div class='ocr_carea' id='block_1_44' title="bbox 2122 1970 3711 2047">
    <p class='ocr_par' dir='ltr' id='par_1_44' title="bbox 2122 1970 3711 2047">
     <span class='ocr_line' id='line_1_44' title="bbox 2122 1970 3711 2047; baseline -0.004 -17"><span class='ocrx_word' id='word_1_353' title='bbox 2122 1975 2344 2047; x_wconf 74' lang='grc' dir='ltr'>Σιλωὰμ</span> <span class='ocrx_word' id='word_1_354' title='bbox 2371 1975 2651 2039; x_wconf 78' lang='grc' dir='ltr'>ἀπελθεῖν,</span> <span class='ocrx_word' id='word_1_355' title='bbox 2682 1975 2800 2045; x_wconf 81' lang='grc' dir='ltr'>ἃμα</span> <span class='ocrx_word' id='word_1_356' title='bbox 2838 1974 2938 2046; x_wconf 77' lang='grc' dir='ltr'><strong>μὲν</strong></span> <span class='ocrx_word' id='word_1_357' title='bbox 2969 1975 3056 2029; x_wconf 80' lang='grc' dir='ltr'><strong>ἵνα</strong></span> <span class='ocrx_word' id='word_1_358' title='bbox 3087 1974 3352 2046; x_wconf 81' lang='grc' dir='ltr'><strong>μάθωμεν</strong></span> <span class='ocrx_word' id='word_1_359' title='bbox 3383 1970 3477 2026; x_wconf 77' lang='grc' dir='ltr'>τοῦ</span> <span class='ocrx_word' id='word_1_360' title='bbox 3510 1970 3711 2039; x_wconf 76' lang='grc' dir='ltr'>τυφλοῦ</span> 
     </span>
    </p>
   </div>
   <div class='ocr_carea' id='block_1_45' title="bbox 2120 2055 3712 2142">
    <p class='ocr_par' dir='ltr' id='par_1_45' title="bbox 2120 2055 3712 2142">
     <span class='ocr_line' id='line_1_45' title="bbox 2120 2055 3712 2142; baseline -0.003 -21"><span class='ocrx_word' id='word_1_361' title='bbox 2120 2055 2220 2140; x_wconf 84' lang='grc' dir='ltr'>τὴν</span> <span class='ocrx_word' id='word_1_362' title='bbox 2245 2069 2451 2135; x_wconf 86' lang='grc' dir='ltr'>πίστιν,</span> <span class='ocrx_word' id='word_1_363' title='bbox 2475 2070 2571 2125; x_wconf 77' lang='grc' dir='ltr'>καὶ</span> <span class='ocrx_word' id='word_1_364' title='bbox 2593 2070 2710 2134; x_wconf 80' lang='grc' dir='ltr'><strong>πῶς</strong></span> <span class='ocrx_word' id='word_1_365' title='bbox 2733 2071 2974 2141; x_wconf 77' lang='grc' dir='ltr'><strong>ὑπήκοος</strong></span> <span class='ocrx_word' id='word_1_366' title='bbox 3001 2065 3090 2142; x_wconf 84' lang='grc' dir='ltr'><strong>ἧν·</strong></span> <span class='ocrx_word' id='word_1_367' title='bbox 3120 2070 3180 2123; x_wconf 83' lang='grc' dir='ltr'>ού</span> <span class='ocrx_word' id='word_1_368' title='bbox 3211 2069 3321 2140; x_wconf 78' lang='grc' dir='ltr'>γὰρ</span> <span class='ocrx_word' id='word_1_369' title='bbox 3351 2066 3712 2134; x_wconf 74' lang='grc' dir='ltr'>διελογίσατοο</span> 
     </span>
    </p>
   </div>
   <div class='ocr_carea' id='block_1_46' title="bbox 2120 2159 3713 2235">
    <p class='ocr_par' dir='ltr' id='par_1_46' title="bbox 2120 2159 3713 2235">
     <span class='ocr_line' id='line_1_46' title="bbox 2120 2159 3713 2235; baseline -0.003 -20"><span class='ocrx_word' id='word_1_370' title='bbox 2120 2162 2185 2215; x_wconf 85' lang='lat' dir='ltr'><strong>Ei</strong></span> <span class='ocrx_word' id='word_1_371' title='bbox 2223 2162 2358 2226; x_wconf 83' lang='grc' dir='ltr'><strong>ὅλως</strong></span> <span class='ocrx_word' id='word_1_372' title='bbox 2388 2164 2417 2217; x_wconf 97' lang='lat'><strong>6</strong></span> <span class='ocrx_word' id='word_1_373' title='bbox 2451 2162 2622 2235; x_wconf 72' lang='grc' dir='ltr'>πηλός</span> <span class='ocrx_word' id='word_1_374' title='bbox 2666 2164 2816 2227; x_wconf 72' lang='grc' dir='ltr'>ἐστι,</span> <span class='ocrx_word' id='word_1_375' title='bbox 2866 2162 2962 2217; x_wconf 82' lang='grc' dir='ltr'>καὶ</span> <span class='ocrx_word' id='word_1_376' title='bbox 3015 2162 3077 2216; x_wconf 81' lang='grc' dir='ltr'>τὸ</span> <span class='ocrx_word' id='word_1_377' title='bbox 3111 2161 3334 2231; x_wconf 82' lang='grc' dir='ltr'>πτύσμα</span> <span class='ocrx_word' id='word_1_378' title='bbox 3381 2159 3441 2212; x_wconf 81' lang='grc' dir='ltr'><strong>τδ</strong></span> <span class='ocrx_word' id='word_1_379' title='bbox 3473 2160 3713 2232; x_wconf 79' lang='grc' dir='ltr'>παρέχον</span> 
     </span>
    </p>
   </div>
   <div class='ocr_carea' id='block_1_47' title="bbox 2124 2252 3710 2328">
    <p class='ocr_par' dir='ltr' id='par_1_47' title="bbox 2124 2252 3710 2328">
     <span class='ocr_line' id='line_1_47' title="bbox 2124 2252 3710 2328; baseline -0.003 -19"><span class='ocrx_word' id='word_1_380' title='bbox 2124 2272 2215 2326; x_wconf 86' lang='grc' dir='ltr'><strong>μοι</strong></span> <span class='ocrx_word' id='word_1_381' title='bbox 2240 2256 2364 2319; x_wconf 83' lang='grc' dir='ltr'>τοὺς</span> <span class='ocrx_word' id='word_1_382' title='bbox 2387 2255 2722 2327; x_wconf 73' lang='grc' dir='ltr'>ὀφθαλμοὺς,</span> <span class='ocrx_word' id='word_1_383' title='bbox 2744 2256 2826 2321; x_wconf 81' lang='grc' dir='ltr'><strong>τίς</strong></span> <span class='ocrx_word' id='word_1_384' title='bbox 2857 2274 2947 2324; x_wconf 87' lang='grc' dir='ltr'>μοι</span> <span class='ocrx_word' id='word_1_385' title='bbox 2980 2255 3139 2328; x_wconf 82' lang='grc' dir='ltr'>χρεία</span> <span class='ocrx_word' id='word_1_386' title='bbox 3163 2254 3257 2309; x_wconf 82' lang='grc' dir='ltr'><strong>τοῦ</strong></span> <span class='ocrx_word' id='word_1_387' title='bbox 3282 2253 3524 2324; x_wconf 72' lang='grc' dir='ltr'>Σιλωὰμ,</span> <span class='ocrx_word' id='word_1_388' title='bbox 3555 2252 3587 2324; x_wconf 81' lang='grc' dir='ltr'>ἢ</span> <span class='ocrx_word' id='word_1_389' title='bbox 3614 2252 3710 2306; x_wconf 68' lang='grc' dir='ltr'><strong>τοῦ</strong></span> 
     </span>
    </p>
   </div>
   <div class='ocr_carea' id='block_1_48' title="bbox 2117 2347 3713 2421">
    <p class='ocr_par' dir='ltr' id='par_1_48' title="bbox 2117 2347 3713 2421">
     <span class='ocr_line' id='line_1_48' title="bbox 2117 2347 3713 2421; baseline -0.002 -18"><span class='ocrx_word' id='word_1_390' title='bbox 2117 2347 2417 2417; x_wconf 74' lang='grc' dir='ltr'>νίψασθαις</span> <span class='ocrx_word' id='word_1_391' title='bbox 2462 2348 2581 2403; x_wconf 84' lang='grc' dir='ltr'><strong>ἀλλ’</strong></span> <span class='ocrx_word' id='word_1_392' title='bbox 2612 2349 2842 2420; x_wconf 80' lang='grc' dir='ltr'><strong>ἐπείσθη</strong></span> <span class='ocrx_word' id='word_1_393' title='bbox 2879 2350 2957 2421; x_wconf 77' lang='grc' dir='ltr'>τῷ</span> <span class='ocrx_word' id='word_1_394' title='bbox 2994 2348 3290 2404; x_wconf 84' lang='grc' dir='ltr'>κελεύοντι.</span> <span class='ocrx_word' id='word_1_395' title='bbox 3335 2349 3487 2419; x_wconf 78' lang='grc' dir='ltr'>’Δμα</span> <span class='ocrx_word' id='word_1_396' title='bbox 3529 2347 3585 2401; x_wconf 77' lang='grc' dir='ltr'>δὲ</span> <span class='ocrx_word' id='word_1_397' title='bbox 3616 2348 3713 2400; x_wconf 76' lang='grc' dir='ltr'><strong>καὶ</strong></span> 
     </span>
    </p>
   </div>
   <div class='ocr_carea' id='block_1_49' title="bbox 2117 2438 3711 2515">
    <p class='ocr_par' dir='ltr' id='par_1_49' title="bbox 2117 2438 3711 2515">
     <span class='ocr_line' id='line_1_49' title="bbox 2117 2438 3711 2515; baseline 0.002 -24"><span class='ocrx_word' id='word_1_398' title='bbox 2117 2438 2208 2494; x_wconf 82' lang='grc' dir='ltr'>ἵνα</span> <span class='ocrx_word' id='word_1_399' title='bbox 2235 2440 2570 2515; x_wconf 72' lang='grc' dir='ltr'><strong>ἐπιστομίσῃ</strong></span> <span class='ocrx_word' id='word_1_400' title='bbox 2596 2442 2706 2495; x_wconf 85' lang='grc' dir='ltr'><strong>τῶν</strong></span> <span class='ocrx_word' id='word_1_401' title='bbox 2749 2442 3016 2496; x_wconf 79' lang='grc' dir='ltr'><strong>Ἰουδαίων</strong></span> <span class='ocrx_word' id='word_1_402' title='bbox 3037 2443 3137 2513; x_wconf 78' lang='grc' dir='ltr'>τὴν</span> <span class='ocrx_word' id='word_1_403' title='bbox 3165 2440 3584 2513; x_wconf 85' lang='grc' dir='ltr'>ἀγνωμοσύνην.</span> <span class='ocrx_word' id='word_1_404' title='bbox 3617 2441 3711 2495; x_wconf 83' lang='grc' dir='ltr'><strong>Εί-</strong></span> 
     </span>
    </p>
   </div>
   <div class='ocr_carea' id='block_1_50' title="bbox 2118 2529 3711 2606">
    <p class='ocr_par' dir='ltr' id='par_1_50' title="bbox 2118 2529 3711 2606">
     <span class='ocr_line' id='line_1_50' title="bbox 2118 2529 3711 2606; baseline -0.001 -18"><span class='ocrx_word' id='word_1_405' title='bbox 2118 2532 2214 2597; x_wconf 80' lang='grc' dir='ltr'>κὸς</span> <span class='ocrx_word' id='word_1_406' title='bbox 2243 2534 2352 2604; x_wconf 76' lang='grc' dir='ltr'>γὰρ</span> <span class='ocrx_word' id='word_1_407' title='bbox 2380 2529 2449 2606; x_wconf 82' lang='grc' dir='ltr'><strong>ἦν</strong></span> <span class='ocrx_word' id='word_1_408' title='bbox 2483 2536 2714 2600; x_wconf 78' lang='grc' dir='ltr'>πολλοὺς</span> <span class='ocrx_word' id='word_1_409' title='bbox 2751 2535 3052 2592; x_wconf 80' lang='grc' dir='ltr'>θεάσασθαι</span> <span class='ocrx_word' id='word_1_410' title='bbox 3084 2536 3249 2590; x_wconf 83' lang='grc' dir='ltr'>αὐτὸν</span> <span class='ocrx_word' id='word_1_411' title='bbox 3286 2535 3377 2588; x_wconf 75' lang='grc' dir='ltr'>τὸν</span> <span class='ocrx_word' id='word_1_412' title='bbox 3410 2533 3582 2606; x_wconf 80' lang='grc' dir='ltr'>πηλὸν</span> <span class='ocrx_word' id='word_1_413' title='bbox 3614 2532 3711 2587; x_wconf 74' lang='grc' dir='ltr'><strong>ἐπὶ</strong></span> 
     </span>
    </p>
   </div>
   <div class='ocr_carea' id='block_1_51' title="bbox 2117 2626 3708 2701">
    <p class='ocr_par' dir='ltr' id='par_1_51' title="bbox 2117 2626 3708 2701">
     <span class='ocr_line' id='line_1_51' title="bbox 2117 2626 3708 2701; baseline 0 -22"><span class='ocrx_word' id='word_1_414' title='bbox 2117 2627 2244 2690; x_wconf 81' lang='grc' dir='ltr'>τοὺς</span> <span class='ocrx_word' id='word_1_415' title='bbox 2269 2626 2586 2698; x_wconf 77' lang='grc' dir='ltr'>ὀφθαλμοὺς</span> <span class='ocrx_word' id='word_1_416' title='bbox 2616 2632 3002 2701; x_wconf 76' lang='grc' dir='ltr'><strong>κεχρισμένον,</strong></span> <span class='ocrx_word' id='word_1_417' title='bbox 3046 2629 3141 2684; x_wconf 79' lang='grc' dir='ltr'><strong>καὶ</strong></span> <span class='ocrx_word' id='word_1_418' title='bbox 3177 2628 3481 2699; x_wconf 78' lang='grc' dir='ltr'><strong>προσέσχον</strong></span> <span class='ocrx_word' id='word_1_419' title='bbox 3509 2626 3575 2681; x_wconf 81' lang='grc' dir='ltr'>ἂν</span> <span class='ocrx_word' id='word_1_420' title='bbox 3607 2626 3708 2679; x_wconf 76' lang='grc' dir='ltr'><strong>αὖ·</strong></span> 
     </span>
    </p>
   </div>
   <div class='ocr_carea' id='block_1_52' title="bbox 2115 2718 3707 2794">
    <p class='ocr_par' dir='ltr' id='par_1_52' title="bbox 2115 2718 3707 2794">
     <span class='ocr_line' id='line_1_52' title="bbox 2115 2718 3707 2794; baseline 0.001 -21"><span class='ocrx_word' id='word_1_421' title='bbox 2115 2718 2195 2790; x_wconf 81' lang='grc' dir='ltr'>τῷ</span> <span class='ocrx_word' id='word_1_422' title='bbox 2242 2722 2382 2789; x_wconf 70' lang='grc' dir='ltr'>μετὰ</span> <span class='ocrx_word' id='word_1_423' title='bbox 2424 2721 2738 2794; x_wconf 75' lang='grc' dir='ltr'>ἀκριϐείας,</span> <span class='ocrx_word' id='word_1_424' title='bbox 2760 2721 2909 2777; x_wconf 75' lang='grc' dir='ltr'>ὥστε</span> <span class='ocrx_word' id='word_1_425' title='bbox 2956 2724 3030 2793; x_wconf 79' lang='grc' dir='ltr'>μὴ</span> <span class='ocrx_word' id='word_1_426' title='bbox 3066 2722 3211 2793; x_wconf 71' lang='grc' dir='ltr'>ἔχειν</span> <span class='ocrx_word' id='word_1_427' title='bbox 3245 2722 3426 2790; x_wconf 79' lang='grc' dir='ltr'>λέγειν</span> <span class='ocrx_word' id='word_1_428' title='bbox 3457 2721 3707 2791; x_wconf 75' lang='grc' dir='ltr'>ὕστερον,</span> 
     </span>
    </p>
   </div>
   <div class='ocr_carea' id='block_1_53' title="bbox 2121 2806 3711 2883">
    <p class='ocr_par' dir='ltr' id='par_1_53' title="bbox 2121 2806 3711 2883">
     <span class='ocr_line' id='line_1_53' title="bbox 2121 2806 3711 2883; baseline -0.001 -17"><span class='ocrx_word' id='word_1_429' title='bbox 2121 2806 2289 2877; x_wconf 75' lang='grc' dir='ltr'><strong>Οὗτός</strong></span> <span class='ocrx_word' id='word_1_430' title='bbox 2344 2815 2514 2880; x_wconf 77' lang='grc' dir='ltr'>ἐστιν,</span> <span class='ocrx_word' id='word_1_431' title='bbox 2546 2816 2647 2869; x_wconf 82' lang='grc' dir='ltr'><strong>οὐκ</strong></span> <span class='ocrx_word' id='word_1_432' title='bbox 2688 2815 2838 2870; x_wconf 78' lang='grc' dir='ltr'>ἔστιν</span> <span class='ocrx_word' id='word_1_433' title='bbox 2869 2808 3049 2879; x_wconf 69' lang='grc' dir='ltr'>οὗτος.</span> <span class='ocrx_word' id='word_1_434' title='bbox 3090 2816 3199 2870; x_wconf 73' lang='grc' dir='ltr'><strong>Καὶ</strong></span> <span class='ocrx_word' id='word_1_435' title='bbox 3230 2815 3413 2883; x_wconf 83' lang='grc' dir='ltr'>τρίτον</span> <span class='ocrx_word' id='word_1_436' title='bbox 3446 2812 3711 2867; x_wconf 77' lang='grc' dir='ltr'><strong>δεικνύων</strong></span> 
     </span>
    </p>
   </div>
   <div class='ocr_carea' id='block_1_54' title="bbox 2118 2904 3711 2980">
    <p class='ocr_par' dir='ltr' id='par_1_54' title="bbox 2118 2904 3711 2980">
     <span class='ocr_line' id='line_1_54' title="bbox 2118 2904 3711 2980; baseline 0.002 -23"><span class='ocrx_word' id='word_1_437' title='bbox 2118 2904 2337 2969; x_wconf 81' lang='grc' dir='ltr'>ἑαυτὸν,</span> <span class='ocrx_word' id='word_1_438' title='bbox 2388 2907 2471 2961; x_wconf 77' lang='grc' dir='ltr'>ὅτι</span> <span class='ocrx_word' id='word_1_439' title='bbox 2517 2908 2618 2962; x_wconf 82' lang='grc' dir='ltr'>οὐκ</span> <span class='ocrx_word' id='word_1_440' title='bbox 2662 2908 2942 2980; x_wconf 75' lang='grc' dir='ltr'>ἀλλότριος</span> <span class='ocrx_word' id='word_1_441' title='bbox 2976 2911 3093 2962; x_wconf 74' lang='grc' dir='ltr'>ἔστι</span> <span class='ocrx_word' id='word_1_442' title='bbox 3138 2907 3232 2962; x_wconf 84' lang='grc' dir='ltr'>τοῦ</span> <span class='ocrx_word' id='word_1_443' title='bbox 3266 2907 3433 2979; x_wconf 86' lang='grc' dir='ltr'>νόμου</span> <span class='ocrx_word' id='word_1_444' title='bbox 3482 2905 3711 2974; x_wconf 75' lang='grc' dir='ltr'>καὶτῆς</span> 
     </span>
    </p>
   </div>
   <div class='ocr_carea' id='block_1_55' title="bbox 2122 2996 3708 3071">
    <p class='ocr_par' dir='ltr' id='par_1_55' title="bbox 2122 2996 3708 3071">
     <span class='ocr_line' id='line_1_55' title="bbox 2122 2996 3708 3071; baseline 0.001 -22"><span class='ocrx_word' id='word_1_445' title='bbox 2122 2996 2387 3064; x_wconf 86' lang='grc' dir='ltr'>Παλαιᾶς,</span> <span class='ocrx_word' id='word_1_446' title='bbox 2424 2998 2661 3071; x_wconf 80' lang='grc' dir='ltr'>πέμπων</span> <span class='ocrx_word' id='word_1_447' title='bbox 2690 3000 2773 3065; x_wconf 86' lang='grc' dir='ltr'><strong>είς</strong></span> <span class='ocrx_word' id='word_1_448' title='bbox 2799 3001 2893 3054; x_wconf 84' lang='grc' dir='ltr'>τὸν</span> <span class='ocrx_word' id='word_1_449' title='bbox 2930 3001 3173 3071; x_wconf 68' lang='grc' dir='ltr'>Σιλωάμ.</span> <span class='ocrx_word' id='word_1_450' title='bbox 3205 2999 3360 3053; x_wconf 87' lang='grc' dir='ltr'>Διατί</span> <span class='ocrx_word' id='word_1_451' title='bbox 3397 2998 3453 3053; x_wconf 81' lang='grc' dir='ltr'>δὲ</span> <span class='ocrx_word' id='word_1_452' title='bbox 3484 3001 3512 3052; x_wconf 89' lang='lat'><strong>6</strong></span> <span class='ocrx_word' id='word_1_453' title='bbox 3539 3000 3708 3065; x_wconf 82' lang='grc' dir='ltr'>εὐαγ-</span> 
     </span>
    </p>
   </div>
   <div class='ocr_carea' id='block_1_56' title="bbox 422 3080 3706 3166">
    <p class='ocr_par' dir='ltr' id='par_1_56' title="bbox 422 3080 3706 3166">
     <span class='ocr_line' id='line_1_56' title="bbox 422 3080 3706 3166; baseline -0.003 -12"><span class='ocrx_word' id='word_1_454' title='bbox 422 3087 678 3159; x_wconf 75' lang='grc' dir='ltr'>γελιστὴς</span> <span class='ocrx_word' id='word_1_455' title='bbox 702 3087 797 3140; x_wconf 67' lang='grc' dir='ltr'><strong>καὶ</strong></span> <span class='ocrx_word' id='word_1_456' title='bbox 819 3084 1244 3158; x_wconf 61' lang='grc' dir='ltr'>τὴνηὲρμήνειαν</span> <span class='ocrx_word' id='word_1_457' title='bbox 1264 3080 1357 3135; x_wconf 77' lang='grc' dir='ltr'><strong>τοῦ</strong></span> <span class='ocrx_word' id='word_1_458' title='bbox 1385 3080 1606 3151; x_wconf 70' lang='grc' dir='ltr'><strong>Σιλωὰμ</strong></span> <span class='ocrx_word' id='word_1_459' title='bbox 1634 3080 2009 3153; x_wconf 73' lang='grc' dir='ltr'>προσέθηκενι</span> <span class='ocrx_word' id='word_1_460' title='bbox 2053 3086 2172 3144; x_wconf 86' lang='grc' dir='ltr'><strong>Ἵνα</strong></span> <span class='ocrx_word' id='word_1_461' title='bbox 2236 3090 2418 3165; x_wconf 81' lang='grc' dir='ltr'>μάθῃς</span> <span class='ocrx_word' id='word_1_462' title='bbox 2439 3133 2455 3158; x_wconf 85' lang='grc'><strong>,</strong></span> <span class='ocrx_word' id='word_1_463' title='bbox 2517 3094 2601 3148; x_wconf 82' lang='grc' dir='ltr'>ὅτι</span> <span class='ocrx_word' id='word_1_464' title='bbox 2641 3096 2805 3150; x_wconf 81' lang='grc' dir='ltr'>κάκεῖ</span> <span class='ocrx_word' id='word_1_465' title='bbox 2832 3095 2997 3149; x_wconf 83' lang='grc' dir='ltr'>αὑτὸν</span> <span class='ocrx_word' id='word_1_466' title='bbox 3026 3095 3054 3148; x_wconf 83' lang='grc' dir='ltr'><strong><em>ὁ</em></strong></span> <span class='ocrx_word' id='word_1_467' title='bbox 3073 3094 3308 3166; x_wconf 79' lang='grc' dir='ltr'>Χριστὸς</span> <span class='ocrx_word' id='word_1_468' title='bbox 3346 3092 3706 3165; x_wconf 78' lang='grc' dir='ltr'>ἐθεράπευσε,</span> 
     </span>
    </p>
   </div>
   <div class='ocr_carea' id='block_1_57' title="bbox 423 3173 3709 3261">
    <p class='ocr_par' dir='ltr' id='par_1_57' title="bbox 423 3173 3709 3261">
     <span class='ocr_line' id='line_1_57' title="bbox 423 3173 3709 3261; baseline -0.001 -22"><span class='ocrx_word' id='word_1_469' title='bbox 423 3184 520 3239; x_wconf 74' lang='grc' dir='ltr'>καὶ</span> <span class='ocrx_word' id='word_1_470' title='bbox 544 3184 625 3237; x_wconf 77' lang='grc' dir='ltr'><strong>ὅτι</strong></span> <span class='ocrx_word' id='word_1_471' title='bbox 658 3183 686 3234; x_wconf 77' lang='grc' dir='ltr'>ὁ</span> <span class='ocrx_word' id='word_1_472' title='bbox 731 3179 989 3251; x_wconf 72' lang='grc' dir='ltr'>Σιλωὰμ.</span> <span class='ocrx_word' id='word_1_473' title='bbox 1019 3180 1187 3239; x_wconf 77' lang='grc' dir='ltr'>τύπος</span> <span class='ocrx_word' id='word_1_474' title='bbox 1231 3174 1324 3228; x_wconf 74' lang='grc' dir='ltr'>τοῦ</span> <span class='ocrx_word' id='word_1_475' title='bbox 1363 3173 1625 3246; x_wconf 75' lang='grc' dir='ltr'>Χριστοῦ.</span> <span class='ocrx_word' id='word_1_476' title='bbox 1698 3174 1912 3249; x_wconf 80' lang='grc' dir='ltr'>Ὠσπερ</span> <span class='ocrx_word' id='word_1_477' title='bbox 1975 3181 2086 3255; x_wconf 82' lang='grc' dir='ltr'>γὰρ</span> <span class='ocrx_word' id='word_1_478' title='bbox 2125 3187 2474 3259; x_wconf 85' lang='grc' dir='ltr'>πνευματικὴ</span> <span class='ocrx_word' id='word_1_479' title='bbox 2520 3188 2697 3261; x_wconf 80' lang='grc' dir='ltr'>πέτρα</span> <span class='ocrx_word' id='word_1_480' title='bbox 2742 3189 2771 3242; x_wconf 89' lang='lat'><strong>6</strong></span> <span class='ocrx_word' id='word_1_481' title='bbox 2819 3188 3093 3261; x_wconf 78' lang='grc' dir='ltr'>Χριστὸς,</span> <span class='ocrx_word' id='word_1_482' title='bbox 3145 3185 3291 3241; x_wconf 72' lang='grc' dir='ltr'>οὕτω</span> <span class='ocrx_word' id='word_1_483' title='bbox 3344 3187 3439 3242; x_wconf 77' lang='grc' dir='ltr'><strong>καὶ</strong></span> <span class='ocrx_word' id='word_1_484' title='bbox 3485 3186 3709 3256; x_wconf 69' lang='grc' dir='ltr'>Σιλωὰμ</span> 
     </span>
    </p>
   </div>
   <div class='ocr_carea' id='block_1_58' title="bbox 421 3262 3708 3364">
    <p class='ocr_par' dir='ltr' id='par_1_58' title="bbox 421 3262 3708 3364">
     <span class='ocr_line' id='line_1_58' title="bbox 421 3262 3708 3364; baseline -0.002 -32"><span class='ocrx_word' id='word_1_485' title='bbox 421 3275 791 3351; x_wconf 82' lang='grc' dir='ltr'>πνευματικός</span> <span class='ocrx_word' id='word_1_486' title='bbox 822 3274 961 3327; x_wconf 77' lang='grc' dir='ltr'>ἐστι·</span> <span class='ocrx_word' id='word_1_487' title='bbox 997 3272 1092 3364; x_wconf 56' lang='grc' dir='ltr'>καί</span> <span class='ocrx_word' id='word_1_488' title='bbox 1120 3270 1311 3341; x_wconf 85' lang='grc' dir='ltr'>ὥσπερ</span> <span class='ocrx_word' id='word_1_489' title='bbox 1337 3270 1365 3323; x_wconf 80' lang='lat'><strong>6</strong></span> <span class='ocrx_word' id='word_1_490' title='bbox 1395 3268 1695 3364; x_wconf 61' lang='grc' dir='ltr'>χείμαρρος</span> <span class='ocrx_word' id='word_1_491' title='bbox 1729 3262 1885 3364; x_wconf 43' lang='lat' dir='ltr'><strong>attito;</strong></span> <span class='ocrx_word' id='word_1_492' title='bbox 1913 3272 2005 3326; x_wconf 83' lang='grc' dir='ltr'>τοῦ</span> <span class='ocrx_word' id='word_1_493' title='bbox 2047 3275 2306 3348; x_wconf 77' lang='grc' dir='ltr'>Σιλωὰμ,</span> <span class='ocrx_word' id='word_1_494' title='bbox 2340 3280 2540 3352; x_wconf 83' lang='grc' dir='ltr'>ἁθρόον</span> <span class='ocrx_word' id='word_1_495' title='bbox 2608 3280 2704 3335; x_wconf 75' lang='grc' dir='ltr'>καὶ</span> <span class='ocrx_word' id='word_1_496' title='bbox 2736 3278 3250 3352; x_wconf 80' lang='grc' dir='ltr'>ὲκπληκτικὼτερον</span> <span class='ocrx_word' id='word_1_497' title='bbox 3297 3279 3550 3350; x_wconf 74' lang='grc' dir='ltr'>ἐφαίνετο</span> <span class='ocrx_word' id='word_1_498' title='bbox 3605 3296 3708 3348; x_wconf 82' lang='grc' dir='ltr'>φο.</span> 
     </span>
    </p>
   </div>
   <div class='ocr_carea' id='block_1_59' title="bbox 419 3359 3709 3445">
    <p class='ocr_par' dir='ltr' id='par_1_59' title="bbox 419 3359 3709 3445">
     <span class='ocr_line' id='line_1_59' title="bbox 419 3359 3709 3445; baseline -0 -21"><span class='ocrx_word' id='word_1_499' title='bbox 419 3370 570 3441; x_wconf 81' lang='grc' dir='ltr'>σερῷ</span> <span class='ocrx_word' id='word_1_500' title='bbox 594 3386 701 3423; x_wconf 87' lang='grc' dir='ltr'>τινι</span> <span class='ocrx_word' id='word_1_501' title='bbox 731 3366 993 3440; x_wconf 76' lang='grc' dir='ltr'><strong>ῥεύματι·</strong></span> <span class='ocrx_word' id='word_1_502' title='bbox 1024 3363 1169 3419; x_wconf 73' lang='grc' dir='ltr'>οὕτω</span> <span class='ocrx_word' id='word_1_503' title='bbox 1194 3365 1288 3417; x_wconf 72' lang='grc' dir='ltr'>καὶ</span> <span class='ocrx_word' id='word_1_504' title='bbox 1324 3364 1358 3433; x_wconf 83' lang='grc' dir='ltr'><strong>ἡ</strong></span> <span class='ocrx_word' id='word_1_505' title='bbox 1400 3359 1492 3415; x_wconf 78' lang='grc' dir='ltr'>τοῦ</span> <span class='ocrx_word' id='word_1_506' title='bbox 1542 3359 1784 3433; x_wconf 73' lang='grc' dir='ltr'><strong>Κυρίου’</strong></span> <span class='ocrx_word' id='word_1_507' title='bbox 1812 3365 2111 3437; x_wconf 77' lang='grc' dir='ltr'><strong>παρουσία,</strong></span> <span class='ocrx_word' id='word_1_508' title='bbox 2174 3372 2383 3443; x_wconf 87' lang='grc' dir='ltr'>κρυφία</span> <span class='ocrx_word' id='word_1_509' title='bbox 2408 3372 2503 3428; x_wconf 61' lang='grc' dir='ltr'><strong>καί⁵</strong></span> <span class='ocrx_word' id='word_1_510' title='bbox 2542 3373 2800 3444; x_wconf 78' lang='grc' dir='ltr'><strong>ἀγγέλοις</strong></span> <span class='ocrx_word' id='word_1_511' title='bbox 2840 3374 3141 3442; x_wconf 77' lang='grc' dir='ltr'>ἄγνωστος,</span> <span class='ocrx_word' id='word_1_512' title='bbox 3200 3373 3382 3427; x_wconf 77' lang='grc' dir='ltr'>πᾶσαν</span> <span class='ocrx_word' id='word_1_513' title='bbox 3403 3373 3501 3445; x_wconf 83' lang='grc' dir='ltr'><strong>τὴν</strong></span> <span class='ocrx_word' id='word_1_514' title='bbox 3522 3372 3709 3443; x_wconf 78' lang='grc' dir='ltr'>ἁμαρ.</span> 
     </span>
    </p>
   </div>
   <div class='ocr_carea' id='block_1_60' title="bbox 420 3457 1379 3535">
    <p class='ocr_par' dir='ltr' id='par_1_60' title="bbox 420 3457 1379 3535">
     <span class='ocr_line' id='line_1_60' title="bbox 420 3457 1379 3535; baseline -0.008 -17"><span class='ocrx_word' id='word_1_515' title='bbox 420 3464 544 3519; x_wconf 80' lang='grc' dir='ltr'>τίαν</span> <span class='ocrx_word' id='word_1_516' title='bbox 570 3465 640 3535; x_wconf 80' lang='grc' dir='ltr'>τῇ</span> <span class='ocrx_word' id='word_1_517' title='bbox 670 3461 902 3531; x_wconf 82' lang='grc' dir='ltr'>δυνάμει</span> <span class='ocrx_word' id='word_1_518' title='bbox 936 3457 1379 3522; x_wconf 75' lang='grc' dir='ltr'>κατακλύζουσα.</span> 
     </span>
    </p>
   </div>
   <div class='ocr_carea' id='block_1_61' title="bbox 495 3548 2012 3625">
    <p class='ocr_par' dir='ltr' id='par_1_61' title="bbox 495 3548 2012 3621">
     <span class='ocr_line' id='line_1_61' title="bbox 495 3548 2012 3621; baseline -0.001 -12"><span class='ocrx_word' id='word_1_519' title='bbox 495 3554 716 3611; x_wconf 72' lang='lat' dir='ltr'><strong>\&#39;r:ns.8</strong></span> <span class='ocrx_word' id='word_1_520' title='bbox 758 3553 842 3610; x_wconf 83' lang='grc' dir='ltr'><strong>Η.</strong></span> <span class='ocrx_word' id='word_1_521' title='bbox 881 3570 900 3604; x_wconf 82' lang='grc' dir='ltr'>ι</span> <span class='ocrx_word' id='word_1_522' title='bbox 944 3551 1131 3621; x_wconf 85' lang='lat' dir='ltr'><strong>Itaque</strong></span> <span class='ocrx_word' id='word_1_523' title='bbox 1170 3550 1356 3615; x_wconf 89' lang='lat' dir='ltr'><strong>vicini,</strong></span> <span class='ocrx_word' id='word_1_524' title='bbox 1395 3559 1450 3603; x_wconf 89' lang='lat' dir='ltr'><strong>et</strong></span> <span class='ocrx_word' id='word_1_525' title='bbox 1487 3548 1579 3619; x_wconf 87' lang='lat' dir='ltr'><strong>qui</strong></span> <span class='ocrx_word' id='word_1_526' title='bbox 1609 3549 1857 3605; x_wconf 82' lang='lat' dir='ltr'><strong>viderant</strong></span> <span class='ocrx_word' id='word_1_527' title='bbox 1889 3566 2012 3607; x_wconf 89' lang='lat' dir='ltr'><strong>eum</strong></span> 
     </span>
    </p>
   </div>
   <div class='ocr_carea' id='block_1_62' title="bbox 2118 3548 3702 3625">
    <p class='ocr_par' dir='ltr' id='par_1_62' title="bbox 2197 3550 3702 3625">
     <span class='ocr_line' id='line_1_62' title="bbox 2197 3550 3702 3625; baseline -0.001 -18"><span class='ocrx_word' id='word_1_528' title='bbox 2197 3573 2217 3607; x_wconf 78' lang='grc' dir='ltr'>ι</span> <span class='ocrx_word' id='word_1_529' title='bbox 2254 3555 2317 3609; x_wconf 83' lang='lat' dir='ltr'><strong>Ol</strong></span> <span class='ocrx_word' id='word_1_530' title='bbox 2347 3553 2441 3608; x_wconf 78' lang='grc' dir='ltr'>οὖν</span> <span class='ocrx_word' id='word_1_531' title='bbox 2474 3553 2719 3621; x_wconf 77' lang='grc' dir='ltr'>γείτονες</span> <span class='ocrx_word' id='word_1_532' title='bbox 2770 3553 2818 3607; x_wconf 88' lang='grc' dir='ltr'><strong>οἱ</strong></span> <span class='ocrx_word' id='word_1_533' title='bbox 2863 3550 3197 3625; x_wconf 82' lang='grc' dir='ltr'><strong>Θεωροῦντες</strong></span> <span class='ocrx_word' id='word_1_534' title='bbox 3227 3553 3389 3608; x_wconf 73' lang='grc' dir='ltr'>αὑτὸν</span> <span class='ocrx_word' id='word_1_535' title='bbox 3421 3551 3481 3606; x_wconf 81' lang='grc' dir='ltr'><strong>τὸ</strong></span> <span class='ocrx_word' id='word_1_536' title='bbox 3512 3552 3702 3625; x_wconf 77' lang='grc' dir='ltr'>πρότε-</span> 
     </span>
    </p>
   </div>
   <div class='ocr_carea' id='block_1_63' title="bbox 420 3639 2009 3722">
    <p class='ocr_par' dir='ltr' id='par_1_63' title="bbox 420 3639 2009 3722">
     <span class='ocr_line' id='line_1_63' title="bbox 420 3639 2009 3722; baseline -0.005 -19"><span class='ocrx_word' id='word_1_537' title='bbox 420 3648 574 3722; x_wconf 87' lang='lat' dir='ltr'><strong>prius</strong></span> <span class='ocrx_word' id='word_1_538' title='bbox 596 3644 738 3717; x_wconf 89' lang='lat' dir='ltr'><strong>quod</strong></span> <span class='ocrx_word' id='word_1_539' title='bbox 779 3658 956 3700; x_wconf 68' lang='lat' dir='ltr'><strong>etecus</strong></span> <span class='ocrx_word' id='word_1_540' title='bbox 990 3652 1157 3707; x_wconf 87' lang='lat' dir='ltr'><strong>esset,</strong></span> <span class='ocrx_word' id='word_1_541' title='bbox 1209 3641 1500 3696; x_wconf 86' lang='lat' dir='ltr'><strong>dicebant:</strong></span> <span class='ocrx_word' id='word_1_542' title='bbox 1555 3639 1744 3696; x_wconf 81' lang='lat' dir='ltr'><strong>Nonne</strong></span> <span class='ocrx_word' id='word_1_543' title='bbox 1795 3641 1883 3696; x_wconf 86' lang='lat' dir='ltr'><strong>hic</strong></span> <span class='ocrx_word' id='word_1_544' title='bbox 1924 3649 2009 3698; x_wconf 88' lang='lat' dir='ltr'><strong>est</strong></span> 
     </span>
    </p>
   </div>
   <div class='ocr_carea' id='block_1_64' title="bbox 420 3732 2011 3813">
    <p class='ocr_par' dir='ltr' id='par_1_64' title="bbox 420 3732 2011 3813">
     <span class='ocr_line' id='line_1_64' title="bbox 420 3732 2011 3813; baseline -0.003 -18"><span class='ocrx_word' id='word_1_545' title='bbox 420 3742 513 3813; x_wconf 86' lang='lat' dir='ltr'><strong>qui</strong></span> <span class='ocrx_word' id='word_1_546' title='bbox 545 3737 767 3796; x_wconf 87' lang='lat' dir='ltr'><strong>sedebat</strong></span> <span class='ocrx_word' id='word_1_547' title='bbox 800 3743 856 3792; x_wconf 88' lang='lat' dir='ltr'><strong>et</strong></span> <span class='ocrx_word' id='word_1_548' title='bbox 885 3735 978 3807; x_wconf 91' lang='lat' dir='ltr'><strong>qui</strong></span> <span class='ocrx_word' id='word_1_549' title='bbox 1012 3732 1400 3790; x_wconf 84' lang='lat' dir='ltr'><strong>meudicabat?</strong></span> <span class='ocrx_word' id='word_1_550' title='bbox 1431 3732 1537 3787; x_wconf 87' lang='lat' dir='ltr'><strong>Alii</strong></span> <span class='ocrx_word' id='word_1_551' title='bbox 1584 3733 1870 3789; x_wconf 86' lang='lat' dir='ltr'><strong>dicebant:</strong></span> <span class='ocrx_word' id='word_1_552' title='bbox 1910 3733 2011 3790; x_wconf 87' lang='lat' dir='ltr'><strong>Hic</strong></span> 
     </span>
    </p>
   </div>
   <div class='ocr_carea' id='block_1_65' title="bbox 423 3830 2011 3904">
    <p class='ocr_par' dir='ltr' id='par_1_65' title="bbox 423 3830 2011 3904">
     <span class='ocr_line' id='line_1_65' title="bbox 423 3830 2011 3904; baseline -0.003 -10"><span class='ocrx_word' id='word_1_553' title='bbox 423 3846 531 3895; x_wconf 81' lang='lat' dir='ltr'><strong>est.</strong></span> <span class='ocrx_word' id='word_1_554' title='bbox 566 3835 671 3892; x_wconf 86' lang='lat' dir='ltr'><strong>Alii</strong></span> <span class='ocrx_word' id='word_1_555' title='bbox 710 3843 944 3892; x_wconf 84' lang='lat' dir='ltr'><strong>rursus:</strong></span> <span class='ocrx_word' id='word_1_556' title='bbox 978 3831 1184 3887; x_wconf 68' lang='lat' dir='ltr'><strong>Similis</strong></span> <span class='ocrx_word' id='word_1_557' title='bbox 1214 3840 1297 3887; x_wconf 89' lang='lat' dir='ltr'><strong>est</strong></span> <span class='ocrx_word' id='word_1_558' title='bbox 1335 3830 1405 3886; x_wconf 87' lang='lat' dir='ltr'><strong>ei.</strong></span> <span class='ocrx_word' id='word_1_559' title='bbox 1443 3830 1540 3886; x_wconf 89' lang='lat' dir='ltr'><strong>llle</strong></span> <span class='ocrx_word' id='word_1_560' title='bbox 1583 3830 1840 3887; x_wconf 87' lang='lat' dir='ltr'><strong>dicebat:</strong></span> <span class='ocrx_word' id='word_1_561' title='bbox 1896 3833 2011 3904; x_wconf 74' lang='lat' dir='ltr'><strong>Ego</strong></span> 
     </span>
    </p>
   </div>
   <div class='ocr_carea' id='block_1_66' title="bbox 419 3921 2010 3993">
    <p class='ocr_par' dir='ltr' id='par_1_66' title="bbox 419 3921 2010 3993">
     <span class='ocr_line' id='line_1_66' title="bbox 419 3921 2010 3993; baseline -0.004 -8"><span class='ocrx_word' id='word_1_562' title='bbox 419 3944 563 3986; x_wconf 80' lang='lat' dir='ltr'><strong>sum.</strong></span> <span class='ocrx_word' id='word_1_563' title='bbox 603 3924 866 3981; x_wconf 84' lang='lat' dir='ltr'><strong>Dicebant</strong></span> <span class='ocrx_word' id='word_1_564' title='bbox 897 3938 1027 3993; x_wconf 76' lang='lat' dir='ltr'><strong>ergo</strong></span> <span class='ocrx_word' id='word_1_565' title='bbox 1058 3921 1146 3979; x_wconf 87' lang='lat' dir='ltr'><strong>ei:</strong></span> <span class='ocrx_word' id='word_1_566' title='bbox 1190 3921 1475 3990; x_wconf 87' lang='lat' dir='ltr'><strong>Quomodo</strong></span> <span class='ocrx_word' id='word_1_567' title='bbox 1518 3924 1691 3993; x_wconf 89' lang='lat' dir='ltr'><strong>aperti</strong></span> <span class='ocrx_word' id='word_1_568' title='bbox 1741 3934 1870 3980; x_wconf 91' lang='lat' dir='ltr'><strong>sunt</strong></span> <span class='ocrx_word' id='word_1_569' title='bbox 1911 3924 2010 3980; x_wconf 87' lang='lat' dir='ltr'><strong>tibi</strong></span> 
     </span>
    </p>
   </div>
   <div class='ocr_carea' id='block_1_67' title="bbox 420 4015 2008 4090">
    <p class='ocr_par' dir='ltr' id='par_1_67' title="bbox 420 4015 2008 4090">
     <span class='ocr_line' id='line_1_67' title="bbox 420 4015 2008 4090; baseline -0.004 -13"><span class='ocrx_word' id='word_1_570' title='bbox 420 4021 609 4078; x_wconf 81' lang='lat' dir='ltr'><strong>muli?</strong></span> <span class='ocrx_word' id='word_1_571' title='bbox 638 4017 936 4090; x_wconf 76' lang='lat' dir='ltr'><strong>Respondit</strong></span> <span class='ocrx_word' id='word_1_572' title='bbox 961 4016 1073 4083; x_wconf 90' lang='lat' dir='ltr'><strong>ille,</strong></span> <span class='ocrx_word' id='word_1_573' title='bbox 1103 4024 1158 4071; x_wconf 90' lang='lat' dir='ltr'><strong>et</strong></span> <span class='ocrx_word' id='word_1_574' title='bbox 1184 4015 1358 4072; x_wconf 79' lang='lat' dir='ltr'><strong>dixit:</strong></span> <span class='ocrx_word' id='word_1_575' title='bbox 1392 4015 1484 4071; x_wconf 92' lang='lat' dir='ltr'><strong>Ille</strong></span> <span class='ocrx_word' id='word_1_576' title='bbox 1516 4016 1680 4072; x_wconf 82' lang='lat' dir='ltr'><strong>homo</strong></span> <span class='ocrx_word' id='word_1_577' title='bbox 1730 4018 1822 4088; x_wconf 87' lang='lat' dir='ltr'><strong>qui</strong></span> <span class='ocrx_word' id='word_1_578' title='bbox 1867 4018 2008 4074; x_wconf 81' lang='lat' dir='ltr'><strong>dici-</strong></span> 
     </span>
    </p>
   </div>
   <div class='ocr_carea' id='block_1_68' title="bbox 423 4107 2012 4174">
    <p class='ocr_par' dir='ltr' id='par_1_68' title="bbox 423 4107 2012 4174">
     <span class='ocr_line' id='line_1_68' title="bbox 423 4107 2012 4174; baseline -0.004 -4"><span class='ocrx_word' id='word_1_579' title='bbox 423 4128 511 4171; x_wconf 88' lang='lat' dir='ltr'><strong>tur</strong></span> <span class='ocrx_word' id='word_1_580' title='bbox 539 4112 723 4174; x_wconf 67' lang='lat' dir='ltr'><strong>Iesus.</strong></span> <span class='ocrx_word' id='word_1_581' title='bbox 759 4110 932 4164; x_wconf 89' lang='lat' dir='ltr'><strong>lutum</strong></span> <span class='ocrx_word' id='word_1_582' title='bbox 969 4107 1120 4173; x_wconf 82' lang='lat' dir='ltr'><strong>fecit,</strong></span> <span class='ocrx_word' id='word_1_583' title='bbox 1161 4116 1216 4164; x_wconf 87' lang='lat' dir='ltr'><strong>et</strong></span> <span class='ocrx_word' id='word_1_584' title='bbox 1257 4107 1471 4162; x_wconf 79' lang='lat' dir='ltr'><strong>inunxit</strong></span> <span class='ocrx_word' id='word_1_585' title='bbox 1512 4107 1700 4165; x_wconf 91' lang='lat' dir='ltr'><strong>oculos</strong></span> <span class='ocrx_word' id='word_1_586' title='bbox 1735 4124 1920 4173; x_wconf 88' lang='lat' dir='ltr'><strong>meos,</strong></span> <span class='ocrx_word' id='word_1_587' title='bbox 1956 4118 2012 4164; x_wconf 91' lang='lat' dir='ltr'><strong>et</strong></span> 
     </span>
    </p>
   </div>
   <div class='ocr_carea' id='block_1_69' title="bbox 421 4197 2012 4270">
    <p class='ocr_par' dir='ltr' id='par_1_69' title="bbox 421 4197 2012 4270">
     <span class='ocr_line' id='line_1_69' title="bbox 421 4197 2012 4270; baseline -0.002 -10"><span class='ocrx_word' id='word_1_588' title='bbox 421 4207 563 4261; x_wconf 81' lang='lat' dir='ltr'><strong>dixit</strong></span> <span class='ocrx_word' id='word_1_589' title='bbox 591 4203 766 4260; x_wconf 86' lang='lat' dir='ltr'><strong>mihi:</strong></span> <span class='ocrx_word' id='word_1_590' title='bbox 827 4198 976 4255; x_wconf 73' lang='lat' dir='ltr'><strong>Vade</strong></span> <span class='ocrx_word' id='word_1_591' title='bbox 1021 4201 1088 4254; x_wconf 84' lang='lat' dir='ltr'><strong>ad</strong></span> <span class='ocrx_word' id='word_1_592' title='bbox 1131 4197 1397 4270; x_wconf 88' lang='lat' dir='ltr'><strong>piscinam</strong></span> <span class='ocrx_word' id='word_1_593' title='bbox 1447 4199 1630 4267; x_wconf 73' lang='lat' dir='ltr'><strong>Siloae,</strong></span> <span class='ocrx_word' id='word_1_594' title='bbox 1678 4210 1734 4256; x_wconf 90' lang='lat' dir='ltr'><strong>et</strong></span> <span class='ocrx_word' id='word_1_595' title='bbox 1762 4203 1903 4257; x_wconf 85' lang='lat' dir='ltr'><strong>lava.</strong></span> <span class='ocrx_word' id='word_1_596' title='bbox 1943 4200 2012 4257; x_wconf 90' lang='lat' dir='ltr'><strong>Ut</strong></span> 
     </span>
    </p>
   </div>
   <div class='ocr_carea' id='block_1_70' title="bbox 423 4291 2010 4363">
    <p class='ocr_par' dir='ltr' id='par_1_70' title="bbox 423 4291 2010 4363">
     <span class='ocr_line' id='line_1_70' title="bbox 423 4291 2010 4363; baseline -0.003 -10"><span class='ocrx_word' id='word_1_597' title='bbox 423 4306 605 4353; x_wconf 78' lang='lat' dir='ltr'><strong>autem</strong></span> <span class='ocrx_word' id='word_1_598' title='bbox 639 4294 745 4351; x_wconf 83' lang='lat' dir='ltr'><strong>abii</strong></span> <span class='ocrx_word' id='word_1_599' title='bbox 776 4303 832 4350; x_wconf 91' lang='lat' dir='ltr'><strong>et</strong></span> <span class='ocrx_word' id='word_1_600' title='bbox 866 4293 995 4360; x_wconf 83' lang='lat' dir='ltr'><strong>lavi,</strong></span> <span class='ocrx_word' id='word_1_601' title='bbox 1027 4292 1204 4363; x_wconf 81' lang='lat' dir='ltr'><strong>visum</strong></span> <span class='ocrx_word' id='word_1_602' title='bbox 1238 4291 1438 4359; x_wconf 84' lang='lat' dir='ltr'><strong>recepi.</strong></span> <span class='ocrx_word' id='word_1_603' title='bbox 1481 4311 1500 4344; x_wconf 78' lang='grc' dir='ltr'>ι</span> <span class='ocrx_word' id='word_1_604' title='bbox 1544 4293 1783 4350; x_wconf 85' lang='lat' dir='ltr'><strong>Perculsi</strong></span> <span class='ocrx_word' id='word_1_605' title='bbox 1832 4296 2010 4350; x_wconf 88' lang='lat' dir='ltr'><strong>admi-</strong></span> 
     </span>
    </p>
   </div>
   <div class='ocr_carea' id='block_1_71' title="bbox 422 4386 2012 4458">
    <p class='ocr_par' dir='ltr' id='par_1_71' title="bbox 422 4386 2012 4458">
     <span class='ocr_line' id='line_1_71' title="bbox 422 4386 2012 4458; baseline -0.002 -12"><span class='ocrx_word' id='word_1_606' title='bbox 422 4389 584 4446; x_wconf 85' lang='lat' dir='ltr'><strong>rabili</strong></span> <span class='ocrx_word' id='word_1_607' title='bbox 615 4388 878 4444; x_wconf 91' lang='lat' dir='ltr'><strong>miraculo</strong></span> <span class='ocrx_word' id='word_1_608' title='bbox 909 4386 1093 4450; x_wconf 84' lang='lat' dir='ltr'><strong>vicini,</strong></span> <span class='ocrx_word' id='word_1_609' title='bbox 1140 4386 1405 4441; x_wconf 85' lang='lat' dir='ltr'><strong>increduli</strong></span> <span class='ocrx_word' id='word_1_610' title='bbox 1438 4396 1628 4443; x_wconf 90' lang='lat' dir='ltr'><strong>erant:</strong></span> <span class='ocrx_word' id='word_1_611' title='bbox 1681 4395 1735 4443; x_wconf 88' lang='lat' dir='ltr'><strong>et</strong></span> <span class='ocrx_word' id='word_1_612' title='bbox 1762 4390 2012 4458; x_wconf 84' lang='lat' dir='ltr'><strong>quamvis</strong></span> 
     </span>
    </p>
   </div>
   <div class='ocr_carea' id='block_1_72' title="bbox 422 4480 2013 4550">
    <p class='ocr_par' dir='ltr' id='par_1_72' title="bbox 422 4480 2013 4550">
     <span class='ocr_line' id='line_1_72' title="bbox 422 4480 2013 4550; baseline -0.001 -10"><span class='ocrx_word' id='word_1_613' title='bbox 422 4482 593 4540; x_wconf 80' lang='lat' dir='ltr'><strong>abitio</strong></span> <span class='ocrx_word' id='word_1_614' title='bbox 624 4482 691 4536; x_wconf 87' lang='lat' dir='ltr'><strong>ad</strong></span> <span class='ocrx_word' id='word_1_615' title='bbox 728 4481 930 4536; x_wconf 86' lang='lat' dir='ltr'><strong>Siloam</strong></span> <span class='ocrx_word' id='word_1_616' title='bbox 962 4480 1134 4534; x_wconf 83' lang='lat' dir='ltr'><strong>oculis</strong></span> <span class='ocrx_word' id='word_1_617' title='bbox 1182 4480 1303 4550; x_wconf 81' lang='lat' dir='ltr'><strong>ejus</strong></span> <span class='ocrx_word' id='word_1_618' title='bbox 1355 4480 1471 4536; x_wconf 91' lang='lat' dir='ltr'><strong>luto</strong></span> <span class='ocrx_word' id='word_1_619' title='bbox 1522 4481 1758 4536; x_wconf 85' lang='lat' dir='ltr'><strong>inunctis</strong></span> <span class='ocrx_word' id='word_1_620' title='bbox 1805 4483 1872 4536; x_wconf 87' lang='lat' dir='ltr'><strong>ad</strong></span> <span class='ocrx_word' id='word_1_621' title='bbox 1910 4484 2013 4539; x_wconf 84' lang='lat' dir='ltr'><strong>hoc</strong></span> 
     </span>
    </p>
   </div>
   <div class='ocr_carea' id='block_1_73' title="bbox 420 4571 2014 4644">
    <p class='ocr_par' dir='ltr' id='par_1_73' title="bbox 420 4571 2014 4644">
     <span class='ocr_line' id='line_1_73' title="bbox 420 4571 2014 4644; baseline -0.003 -12"><span class='ocrx_word' id='word_1_622' title='bbox 420 4585 561 4642; x_wconf 83' lang='lat' dir='ltr'><strong>erat,</strong></span> <span class='ocrx_word' id='word_1_623' title='bbox 590 4584 649 4630; x_wconf 89' lang='lat' dir='ltr'><strong>ut</strong></span> <span class='ocrx_word' id='word_1_624' title='bbox 678 4573 829 4627; x_wconf 89' lang='lat' dir='ltr'><strong>multi</strong></span> <span class='ocrx_word' id='word_1_625' title='bbox 852 4588 975 4626; x_wconf 87' lang='lat' dir='ltr'><strong>eum</strong></span> <span class='ocrx_word' id='word_1_626' title='bbox 1010 4571 1277 4639; x_wconf 84' lang='lat' dir='ltr'><strong>viderent,</strong></span> <span class='ocrx_word' id='word_1_627' title='bbox 1328 4582 1385 4626; x_wconf 88' lang='lat' dir='ltr'><strong>et</strong></span> <span class='ocrx_word' id='word_1_628' title='bbox 1436 4588 1544 4627; x_wconf 90' lang='lat' dir='ltr'><strong>non</strong></span> <span class='ocrx_word' id='word_1_629' title='bbox 1602 4584 1786 4642; x_wconf 80' lang='lat' dir='ltr'><strong>postea</strong></span> <span class='ocrx_word' id='word_1_630' title='bbox 1849 4588 2014 4644; x_wconf 80' lang='lat' dir='ltr'><strong>nega-</strong></span> 
     </span>
    </p>
   </div>
   <div class='ocr_carea' id='block_1_74' title="bbox 421 4663 2009 4736">
    <p class='ocr_par' dir='ltr' id='par_1_74' title="bbox 421 4663 2009 4736">
     <span class='ocr_line' id='line_1_74' title="bbox 421 4663 2009 4736; baseline 0 -14"><span class='ocrx_word' id='word_1_631' title='bbox 421 4675 566 4734; x_wconf 85' lang='lat' dir='ltr'><strong>rent,</strong></span> <span class='ocrx_word' id='word_1_632' title='bbox 626 4666 781 4736; x_wconf 84' lang='lat' dir='ltr'><strong>quusi</strong></span> <span class='ocrx_word' id='word_1_633' title='bbox 838 4663 1168 4727; x_wconf 70' lang='lat' dir='ltr'><strong>nescientes,</strong></span> <span class='ocrx_word' id='word_1_634' title='bbox 1229 4674 1467 4718; x_wconf 89' lang='lat' dir='ltr'><strong>attamen</strong></span> <span class='ocrx_word' id='word_1_635' title='bbox 1515 4668 1694 4720; x_wconf 82' lang='lat' dir='ltr'><strong>adhuc</strong></span> <span class='ocrx_word' id='word_1_636' title='bbox 1750 4667 2009 4722; x_wconf 89' lang='lat' dir='ltr'><strong>increduli</strong></span> 
     </span>
    </p>
   </div>
   <div class='ocr_carea' id='block_1_75' title="bbox 420 4754 2009 4828">
    <p class='ocr_par' dir='ltr' id='par_1_75' title="bbox 420 4754 2009 4828">
     <span class='ocr_line' id='line_1_75' title="bbox 420 4754 2009 4828; baseline -0.006 -12"><span class='ocrx_word' id='word_1_637' title='bbox 420 4769 571 4816; x_wconf 84' lang='lat' dir='ltr'><strong>sunt.</strong></span> <span class='ocrx_word' id='word_1_638' title='bbox 607 4757 724 4813; x_wconf 87' lang='lat' dir='ltr'><strong>Non</strong></span> <span class='ocrx_word' id='word_1_639' title='bbox 765 4767 968 4811; x_wconf 86' lang='lat' dir='ltr'><strong>temere</strong></span> <span class='ocrx_word' id='word_1_640' title='bbox 1008 4763 1187 4809; x_wconf 79' lang='lat' dir='ltr'><strong>autem</strong></span> <span class='ocrx_word' id='word_1_641' title='bbox 1217 4754 1319 4811; x_wconf 81' lang='lat' dir='ltr'><strong>hoc</strong></span> <span class='ocrx_word' id='word_1_642' title='bbox 1346 4757 1625 4812; x_wconf 83' lang='lat' dir='ltr'><strong>adnotavit</strong></span> <span class='ocrx_word' id='word_1_643' title='bbox 1656 4758 2009 4828; x_wconf 73' lang='lat' dir='ltr'><strong>evangelista,</strong></span> 
     </span>
    </p>
   </div>
   <div class='ocr_carea' id='block_1_76' title="bbox 421 4847 2009 4923">
    <p class='ocr_par' dir='ltr' id='par_1_76' title="bbox 421 4847 2009 4923">
     <span class='ocr_line' id='line_1_76' title="bbox 421 4847 2009 4923; baseline -0.001 -15"><span class='ocrx_word' id='word_1_644' title='bbox 421 4853 564 4923; x_wconf 90' lang='lat' dir='ltr'><strong>quod</strong></span> <span class='ocrx_word' id='word_1_645' title='bbox 618 4851 901 4909; x_wconf 84' lang='lat' dir='ltr'><strong>mendicus</strong></span> <span class='ocrx_word' id='word_1_646' title='bbox 944 4847 1128 4914; x_wconf 82' lang='lat' dir='ltr'><strong>fuerit,</strong></span> <span class='ocrx_word' id='word_1_647' title='bbox 1174 4851 1268 4902; x_wconf 80' lang='lat' dir='ltr'><strong>sed</strong></span> <span class='ocrx_word' id='word_1_648' title='bbox 1313 4860 1369 4903; x_wconf 91' lang='lat' dir='ltr'><strong>ut</strong></span> <span class='ocrx_word' id='word_1_649' title='bbox 1399 4851 1648 4904; x_wconf 84' lang='lat' dir='ltr'><strong>ostendat</strong></span> <span class='ocrx_word' id='word_1_650' title='bbox 1682 4850 2009 4906; x_wconf 84' lang='lat' dir='ltr'><strong>inell&#39;abilem</strong></span> 
     </span>
    </p>
   </div>
   <div class='ocr_carea' id='block_1_77' title="bbox 2116 3639 3707 3724">
    <p class='ocr_par' dir='ltr' id='par_1_77' title="bbox 2116 3639 3707 3724">
     <span class='ocr_line' id='line_1_77' title="bbox 2116 3639 3707 3724; baseline -0.004 -23"><span class='ocrx_word' id='word_1_651' title='bbox 2116 3664 2227 3720; x_wconf 83' lang='grc' dir='ltr'>ρον,</span> <span class='ocrx_word' id='word_1_652' title='bbox 2244 3641 2636 3718; x_wconf 76' lang='grc' dir='ltr'>ὃτιτυφλδςῆν,</span> <span class='ocrx_word' id='word_1_653' title='bbox 2655 3645 2840 3724; x_wconf 76' lang='grc' dir='ltr'>ἔλεγον</span> <span class='ocrx_word' id='word_1_654' title='bbox 2868 3660 2885 3677; x_wconf 87' lang='grc'><strong>·</strong></span> <span class='ocrx_word' id='word_1_655' title='bbox 2919 3646 3028 3716; x_wconf 82' lang='grc' dir='ltr'>Οὐχ</span> <span class='ocrx_word' id='word_1_656' title='bbox 3052 3639 3210 3709; x_wconf 72' lang='grc' dir='ltr'>οὗτός</span> <span class='ocrx_word' id='word_1_657' title='bbox 3234 3646 3383 3699; x_wconf 56' lang='lat' dir='ltr'><strong>Est»</strong></span> <span class='ocrx_word' id='word_1_658' title='bbox 3401 3647 3430 3698; x_wconf 89' lang='lat'><strong>6</strong></span> <span class='ocrx_word' id='word_1_659' title='bbox 3454 3644 3707 3714; x_wconf 64' lang='grc' dir='ltr'>καθήμε-</span> 
     </span>
    </p>
   </div>
   <div class='ocr_carea' id='block_1_78' title="bbox 2112 3731 3703 3810">
    <p class='ocr_par' dir='ltr' id='par_1_78' title="bbox 2112 3731 3703 3810">
     <span class='ocr_line' id='line_1_78' title="bbox 2112 3731 3703 3810; baseline -0.005 -13"><span class='ocrx_word' id='word_1_660' title='bbox 2112 3758 2223 3809; x_wconf 81' lang='grc' dir='ltr'>νος,</span> <span class='ocrx_word' id='word_1_661' title='bbox 2245 3741 2338 3795; x_wconf 65' lang='grc' dir='ltr'><strong>κοιλ⁸</strong></span> <span class='ocrx_word' id='word_1_662' title='bbox 2368 3742 2725 3810; x_wconf 54' lang='grc' dir='ltr'>προσαιτῶν,</span> <span class='ocrx_word' id='word_1_663' title='bbox 2745 3737 2932 3794; x_wconf 82' lang='grc' dir='ltr'>Ἀλλοι</span> <span class='ocrx_word' id='word_1_664' title='bbox 2960 3738 3146 3808; x_wconf 77' lang='grc' dir='ltr'>ἔλεγον</span> <span class='ocrx_word' id='word_1_665' title='bbox 3198 3740 3281 3794; x_wconf 81' lang='grc' dir='ltr'>ὅτι</span> <span class='ocrx_word' id='word_1_666' title='bbox 3307 3731 3480 3800; x_wconf 75' lang='grc' dir='ltr'>Οὗτός</span> <span class='ocrx_word' id='word_1_667' title='bbox 3520 3739 3667 3791; x_wconf 74' lang='grc' dir='ltr'>ἐστιν</span> <span class='ocrx_word' id='word_1_668' title='bbox 3688 3753 3703 3768; x_wconf 90' lang='grc'><strong>·</strong></span> 
     </span>
    </p>
   </div>
   <div class='ocr_carea' id='block_1_79' title="bbox 2111 3830 3705 3903">
    <p class='ocr_par' dir='ltr' id='par_1_79' title="bbox 2111 3830 3705 3903">
     <span class='ocr_line' id='line_1_79' title="bbox 2111 3830 3705 3903; baseline -0.004 -14"><span class='ocrx_word' id='word_1_669' title='bbox 2111 3833 2263 3889; x_wconf 79' lang='grc' dir='ltr'><strong>ἄλλοι</strong></span> <span class='ocrx_word' id='word_1_670' title='bbox 2287 3832 2368 3901; x_wconf 72' lang='grc' dir='ltr'><strong>δὲ,</strong></span> <span class='ocrx_word' id='word_1_671' title='bbox 2391 3833 2475 3887; x_wconf 82' lang='grc' dir='ltr'><strong>ὅτι</strong></span> <span class='ocrx_word' id='word_1_672' title='bbox 2525 3832 2755 3903; x_wconf 82' lang='grc' dir='ltr'>Ὅμοιος</span> <span class='ocrx_word' id='word_1_673' title='bbox 2777 3830 2927 3901; x_wconf 83' lang='grc' dir='ltr'>αύτῷ</span> <span class='ocrx_word' id='word_1_674' title='bbox 2952 3832 3123 3887; x_wconf 68' lang='grc' dir='ltr'>ἔστιν.</span> <span class='ocrx_word' id='word_1_675' title='bbox 3166 3833 3403 3895; x_wconf 83' lang='grc' dir='ltr'>Ἐκεῖνος</span> <span class='ocrx_word' id='word_1_676' title='bbox 3417 3831 3472 3884; x_wconf 81' lang='grc' dir='ltr'>δὲ</span> <span class='ocrx_word' id='word_1_677' title='bbox 3496 3831 3705 3899; x_wconf 77' lang='grc' dir='ltr'>ἔλεγεν,</span> 
     </span>
    </p>
   </div>
   <div class='ocr_carea' id='block_1_80' title="bbox 2116 3920 3706 3998">
    <p class='ocr_par' dir='ltr' id='par_1_80' title="bbox 2116 3920 3706 3998">
     <span class='ocr_line' id='line_1_80' title="bbox 2116 3920 3706 3998; baseline -0.003 -17"><span class='ocrx_word' id='word_1_678' title='bbox 2116 3927 2198 3981; x_wconf 81' lang='grc' dir='ltr'><strong>ὅτι</strong></span> <span class='ocrx_word' id='word_1_679' title='bbox 2241 3926 2386 3997; x_wconf 86' lang='grc' dir='ltr'><strong>Ἐγώ</strong></span> <span class='ocrx_word' id='word_1_680' title='bbox 2438 3927 2577 3998; x_wconf 75' lang='grc' dir='ltr'>εἶμι.</span> <span class='ocrx_word' id='word_1_681' title='bbox 2612 3925 2840 3992; x_wconf 80' lang='grc' dir='ltr'><strong>Ἔλεγον</strong></span> <span class='ocrx_word' id='word_1_682' title='bbox 2867 3920 2962 3979; x_wconf 81' lang='grc' dir='ltr'>οὖν</span> <span class='ocrx_word' id='word_1_683' title='bbox 2986 3925 3171 3997; x_wconf 68' lang='grc' dir='ltr'><strong>αὐτῷ’·</strong></span> <span class='ocrx_word' id='word_1_684' title='bbox 3201 3924 3324 3987; x_wconf 66' lang='grc' dir='ltr'><strong>Πῶς</strong></span> <span class='ocrx_word' id='word_1_685' title='bbox 3350 3923 3706 3995; x_wconf 67' lang='grc' dir='ltr'>ἀνεῴχθησαν</span> 
     </span>
    </p>
   </div>
   <div class='ocr_carea' id='block_1_81' title="bbox 2116 4013 3704 4089">
    <p class='ocr_par' dir='ltr' id='par_1_81' title="bbox 2116 4013 3704 4089">
     <span class='ocr_line' id='line_1_81' title="bbox 2116 4013 3704 4089; baseline -0.003 -16"><span class='ocrx_word' id='word_1_686' title='bbox 2116 4036 2212 4073; x_wconf 89' lang='grc' dir='ltr'><strong>σου</strong></span> <span class='ocrx_word' id='word_1_687' title='bbox 2262 4019 2313 4072; x_wconf 81' lang='lat' dir='ltr'><strong>oi</strong></span> <span class='ocrx_word' id='word_1_688' title='bbox 2363 4018 2673 4089; x_wconf 74' lang='grc' dir='ltr'>ὀφθαλμοῖς</span> <span class='ocrx_word' id='word_1_689' title='bbox 2745 4015 3043 4088; x_wconf 82' lang='grc' dir='ltr'>’Δπεκρίθη</span> <span class='ocrx_word' id='word_1_690' title='bbox 3082 4017 3305 4083; x_wconf 70' lang='grc' dir='ltr'>ἐκεῖνος,</span> <span class='ocrx_word' id='word_1_691' title='bbox 3366 4017 3461 4070; x_wconf 78' lang='grc' dir='ltr'>καὶ</span> <span class='ocrx_word' id='word_1_692' title='bbox 3508 4013 3704 4069; x_wconf 75' lang='grc' dir='ltr'>εἶπεν·</span> 
     </span>
    </p>
   </div>
   <div class='ocr_carea' id='block_1_82' title="bbox 2118 4107 3706 4182">
    <p class='ocr_par' dir='ltr' id='par_1_82' title="bbox 2118 4107 3706 4182">
     <span class='ocr_line' id='line_1_82' title="bbox 2118 4107 3706 4182; baseline -0.003 -17"><span class='ocrx_word' id='word_1_693' title='bbox 2118 4110 2440 4182; x_wconf 79' lang='grc' dir='ltr'>Ἀνθρωπος</span> <span class='ocrx_word' id='word_1_694' title='bbox 2480 4110 2776 4180; x_wconf 87' lang='grc' dir='ltr'>λεγόμενος</span> <span class='ocrx_word' id='word_1_695' title='bbox 2815 4107 3043 4180; x_wconf 79' lang='grc' dir='ltr'>Ἰησοῦς,</span> <span class='ocrx_word' id='word_1_696' title='bbox 3077 4108 3250 4180; x_wconf 73' lang='grc' dir='ltr'>πηλὸν</span> <span class='ocrx_word' id='word_1_697' title='bbox 3298 4108 3549 4179; x_wconf 72' lang='grc' dir='ltr'>εποίησε,</span> <span class='ocrx_word' id='word_1_698' title='bbox 3606 4108 3706 4162; x_wconf 65' lang='grc' dir='ltr'><strong>καὶ¹</strong></span> 
     </span>
    </p>
   </div>
   <div class='ocr_carea' id='block_1_83' title="bbox 2116 4197 3702 4275">
    <p class='ocr_par' dir='ltr' id='par_1_83' title="bbox 2116 4197 3702 4275">
     <span class='ocr_line' id='line_1_83' title="bbox 2116 4197 3702 4275; baseline -0.003 -17"><span class='ocrx_word' id='word_1_699' title='bbox 2116 4203 2375 4275; x_wconf 81' lang='grc' dir='ltr'>ἐπέχρισέ</span> <span class='ocrx_word' id='word_1_700' title='bbox 2401 4220 2502 4273; x_wconf 89' lang='grc' dir='ltr'>μου</span> <span class='ocrx_word' id='word_1_701' title='bbox 2531 4203 2659 4266; x_wconf 79' lang='grc' dir='ltr'>τοὺς</span> <span class='ocrx_word' id='word_1_702' title='bbox 2688 4201 3022 4273; x_wconf 78' lang='grc' dir='ltr'>ὀφθαλμοὺς,</span> <span class='ocrx_word' id='word_1_703' title='bbox 3058 4203 3153 4256; x_wconf 76' lang='grc' dir='ltr'>καὶ</span> <span class='ocrx_word' id='word_1_704' title='bbox 3183 4197 3305 4255; x_wconf 77' lang='grc' dir='ltr'><strong>εῐπέ</strong></span> <span class='ocrx_word' id='word_1_705' title='bbox 3334 4219 3447 4271; x_wconf 90' lang='grc' dir='ltr'>μοι.</span> <span class='ocrx_word' id='word_1_706' title='bbox 3490 4200 3702 4268; x_wconf 81' lang='grc' dir='ltr'>Ὕπαγε</span> 
     </span>
    </p>
   </div>
   <div class='ocr_carea' id='block_1_84' title="bbox 2115 4293 3700 4368">
    <p class='ocr_par' dir='ltr' id='par_1_84' title="bbox 2115 4293 3700 4368">
     <span class='ocr_line' id='line_1_84' title="bbox 2115 4293 3700 4368; baseline -0.003 -17"><span class='ocrx_word' id='word_1_707' title='bbox 2115 4297 2194 4362; x_wconf 82' lang='grc' dir='ltr'><strong>είς</strong></span> <span class='ocrx_word' id='word_1_708' title='bbox 2223 4297 2324 4368; x_wconf 76' lang='grc' dir='ltr'>τὴν</span> <span class='ocrx_word' id='word_1_709' title='bbox 2356 4295 2747 4368; x_wconf 72' lang='grc' dir='ltr'>κολυμϐήθραν</span> <span class='ocrx_word' id='word_1_710' title='bbox 2765 4295 2859 4350; x_wconf 83' lang='grc' dir='ltr'><strong>τοῦ</strong></span> <span class='ocrx_word' id='word_1_711' title='bbox 2886 4295 3131 4367; x_wconf 71' lang='grc' dir='ltr'>Σιλωὰμ,</span> <span class='ocrx_word' id='word_1_712' title='bbox 3166 4295 3262 4350; x_wconf 74' lang='grc' dir='ltr'>καὶ</span> <span class='ocrx_word' id='word_1_713' title='bbox 3291 4294 3463 4364; x_wconf 71' lang='grc' dir='ltr'>νίψαι.</span> <span class='ocrx_word' id='word_1_714' title='bbox 3505 4293 3700 4348; x_wconf 80' lang='grc' dir='ltr'>Ἀπελ-</span> 
     </span>
    </p>
   </div>
   <div class='ocr_carea' id='block_1_85' title="bbox 2117 4386 3702 4458">
    <p class='ocr_par' dir='ltr' id='par_1_85' title="bbox 2117 4386 3702 4458">
     <span class='ocr_line' id='line_1_85' title="bbox 2117 4386 3702 4458; baseline -0.001 -17"><span class='ocrx_word' id='word_1_715' title='bbox 2117 4387 2225 4443; x_wconf 87' lang='grc' dir='ltr'>θὼν</span> <span class='ocrx_word' id='word_1_716' title='bbox 2251 4389 2307 4442; x_wconf 74' lang='grc' dir='ltr'>δὲ</span> <span class='ocrx_word' id='word_1_717' title='bbox 2336 4389 2433 4443; x_wconf 76' lang='grc' dir='ltr'>καὶ</span> <span class='ocrx_word' id='word_1_718' title='bbox 2465 4388 2826 4458; x_wconf 60' lang='grc' dir='ltr'>νιψάμενοος,</span> <span class='ocrx_word' id='word_1_719' title='bbox 2861 4387 3159 4457; x_wconf 76' lang='grc' dir='ltr'><strong>ἁνέὸλεψα.</strong></span> <span class='ocrx_word' id='word_1_720' title='bbox 3205 4405 3224 4440; x_wconf 75' lang='grc' dir='ltr'><strong>ι</strong></span> <span class='ocrx_word' id='word_1_721' title='bbox 3269 4386 3391 4440; x_wconf 80' lang='grc' dir='ltr'><strong>Ἐπὶ</strong></span> <span class='ocrx_word' id='word_1_722' title='bbox 3416 4386 3494 4457; x_wconf 85' lang='grc' dir='ltr'><strong>τῷ</strong></span> <span class='ocrx_word' id='word_1_723' title='bbox 3520 4403 3702 4458; x_wconf 70' lang='grc' dir='ltr'>παραυ</span> 
     </span>
    </p>
   </div>
   <div class='ocr_carea' id='block_1_86' title="bbox 2115 4478 3703 4554">
    <p class='ocr_par' dir='ltr' id='par_1_86' title="bbox 2115 4478 3703 4554">
     <span class='ocr_line' id='line_1_86' title="bbox 2115 4478 3703 4554; baseline -0.003 -17"><span class='ocrx_word' id='word_1_724' title='bbox 2115 4482 2254 4554; x_wconf 76' lang='grc' dir='ltr'>δόξῳ</span> <span class='ocrx_word' id='word_1_725' title='bbox 2275 4482 2369 4536; x_wconf 79' lang='grc' dir='ltr'><strong>τοῦ</strong></span> <span class='ocrx_word' id='word_1_726' title='bbox 2403 4483 2680 4551; x_wconf 75' lang='grc' dir='ltr'><strong>θαύματος</strong></span> <span class='ocrx_word' id='word_1_727' title='bbox 2707 4481 3141 4553; x_wconf 79' lang='grc' dir='ltr'><strong>ἐκπληττόμενοι</strong></span> <span class='ocrx_word' id='word_1_728' title='bbox 3201 4482 3250 4535; x_wconf 86' lang='grc' dir='ltr'>οί</span> <span class='ocrx_word' id='word_1_729' title='bbox 3297 4479 3557 4549; x_wconf 81' lang='grc' dir='ltr'>γείτονες,</span> <span class='ocrx_word' id='word_1_730' title='bbox 3585 4478 3703 4533; x_wconf 87' lang='grc' dir='ltr'>δισ-</span> 
     </span>
    </p>
   </div>
   <div class='ocr_carea' id='block_1_87' title="bbox 2117 4570 3701 4646">
    <p class='ocr_par' dir='ltr' id='par_1_87' title="bbox 2117 4570 3701 4646">
     <span class='ocr_line' id='line_1_87' title="bbox 2117 4570 3701 4646; baseline -0.004 -16"><span class='ocrx_word' id='word_1_731' title='bbox 2117 4575 2436 4639; x_wconf 79' lang='grc' dir='ltr'>πιστοῦντες</span> <span class='ocrx_word' id='word_1_732' title='bbox 2482 4570 2656 4646; x_wconf 78' lang='grc' dir='ltr'>ἦσαν·</span> <span class='ocrx_word' id='word_1_733' title='bbox 2690 4573 2868 4627; x_wconf 91' lang='grc' dir='ltr'>καίτοι</span> <span class='ocrx_word' id='word_1_734' title='bbox 2912 4575 2946 4643; x_wconf 81' lang='grc' dir='ltr'><strong>ἡ</strong></span> <span class='ocrx_word' id='word_1_735' title='bbox 2978 4572 3074 4627; x_wconf 76' lang='grc' dir='ltr'><strong>ἐπὶ</strong></span> <span class='ocrx_word' id='word_1_736' title='bbox 3101 4572 3193 4626; x_wconf 76' lang='grc' dir='ltr'>τὸν</span> <span class='ocrx_word' id='word_1_737' title='bbox 3244 4572 3469 4642; x_wconf 67' lang='grc' dir='ltr'>Σιλωὰμ</span> <span class='ocrx_word' id='word_1_738' title='bbox 3513 4570 3701 4642; x_wconf 75' lang='grc' dir='ltr'>ἄφιξις</span> 
     </span>
    </p>
   </div>
   <div class='ocr_carea' id='block_1_88' title="bbox 2117 4662 3701 4737">
    <p class='ocr_par' dir='ltr' id='par_1_88' title="bbox 2117 4662 3701 4737">
     <span class='ocr_line' id='line_1_88' title="bbox 2117 4662 3701 4737; baseline -0.003 -17"><span class='ocrx_word' id='word_1_739' title='bbox 2117 4665 2282 4722; x_wconf 76' lang='grc' dir='ltr'>αὐτοῦ</span> <span class='ocrx_word' id='word_1_740' title='bbox 2293 4662 2737 4737; x_wconf 81' lang='grc' dir='ltr'>κεχρισμένουῘς]</span> <span class='ocrx_word' id='word_1_741' title='bbox 2760 4664 2889 4728; x_wconf 74' lang='grc' dir='ltr'>τοὺς</span> <span class='ocrx_word' id='word_1_742' title='bbox 2910 4665 3221 4736; x_wconf 80' lang='grc' dir='ltr'>ὀφθαλμοὺς</span> <span class='ocrx_word' id='word_1_743' title='bbox 3241 4664 3397 4736; x_wconf 64' lang='grc' dir='ltr'>πηῢῷ</span> <span class='ocrx_word' id='word_1_744' title='bbox 3414 4665 3505 4717; x_wconf 67' lang='grc' dir='ltr'><strong>ἐπὶ</strong></span> <span class='ocrx_word' id='word_1_745' title='bbox 3524 4664 3701 4735; x_wconf 77' lang='grc' dir='ltr'>τούτῳ</span> 
     </span>
    </p>
   </div>
   <div class='ocr_carea' id='block_1_89' title="bbox 2115 4756 3700 4833">
    <p class='ocr_par' dir='ltr' id='par_1_89' title="bbox 2115 4756 3700 4833">
     <span class='ocr_line' id='line_1_89' title="bbox 2115 4756 3700 4833; baseline -0.003 -19"><span class='ocrx_word' id='word_1_746' title='bbox 2115 4761 2353 4829; x_wconf 77' lang='grc' dir='ltr'>ἐγένετο,</span> <span class='ocrx_word' id='word_1_747' title='bbox 2392 4759 2478 4812; x_wconf 81' lang='grc' dir='ltr'><strong>ἵνα</strong></span> <span class='ocrx_word' id='word_1_748' title='bbox 2535 4759 2721 4812; x_wconf 79' lang='grc' dir='ltr'>πολλοὶ</span> <span class='ocrx_word' id='word_1_749' title='bbox 2757 4758 2918 4812; x_wconf 77' lang='grc' dir='ltr'>αὐτὸν</span> <span class='ocrx_word' id='word_1_750' title='bbox 2955 4759 3131 4823; x_wconf 77' lang='grc' dir='ltr'>ἴδωσι,</span> <span class='ocrx_word' id='word_1_751' title='bbox 3188 4758 3283 4811; x_wconf 79' lang='grc' dir='ltr'>καὶ</span> <span class='ocrx_word' id='word_1_752' title='bbox 3340 4758 3418 4833; x_wconf 80' lang='grc' dir='ltr'>μὴ</span> <span class='ocrx_word' id='word_1_753' title='bbox 3473 4756 3700 4826; x_wconf 80' lang='grc' dir='ltr'>ὕστερον</span> 
     </span>
    </p>
   </div>
   <div class='ocr_carea' id='block_1_90' title="bbox 2115 4846 3702 4918">
    <p class='ocr_par' dir='ltr' id='par_1_90' title="bbox 2115 4846 3702 4918">
     <span class='ocr_line' id='line_1_90' title="bbox 2115 4846 3702 4918; baseline 0 -17"><span class='ocrx_word' id='word_1_754' title='bbox 2115 4846 2413 4918; x_wconf 80' lang='grc' dir='ltr'>ἀρνῶνται,</span> <span class='ocrx_word' id='word_1_755' title='bbox 2441 4846 2517 4910; x_wconf 83' lang='grc' dir='ltr'><strong>ὼς</strong></span> <span class='ocrx_word' id='word_1_756' title='bbox 2550 4848 2878 4915; x_wconf 80' lang='grc' dir='ltr'><strong>ἀγνοοῦντες</strong></span> <span class='ocrx_word' id='word_1_757' title='bbox 2913 4846 3074 4917; x_wconf 81' lang='grc' dir='ltr'>δῆθεν</span> <span class='ocrx_word' id='word_1_758' title='bbox 3097 4864 3110 4877; x_wconf 74' lang='grc' dir='ltr'><strong><em>ο</em></strong></span> <span class='ocrx_word' id='word_1_759' title='bbox 3141 4847 3256 4901; x_wconf 85' lang='grc' dir='ltr'><strong>ἀλλ’</strong></span> <span class='ocrx_word' id='word_1_760' title='bbox 3303 4847 3455 4918; x_wconf 81' lang='grc' dir='ltr'><strong>ὅμως</strong></span> <span class='ocrx_word' id='word_1_761' title='bbox 3503 4848 3597 4900; x_wconf 63' lang='grc' dir='ltr'><strong>καὶ</strong></span> <span class='ocrx_word' id='word_1_762' title='bbox 3619 4847 3702 4901; x_wconf 73' lang='grc' dir='ltr'>ἔτι</span> 
     </span>
    </p>
   </div>
   <div class='ocr_carea' id='block_1_91' title="bbox 420 4926 2012 5010">
    <p class='ocr_par' dir='ltr' id='par_1_91' title="bbox 420 4939 2008 5010">
     <span class='ocr_line' id='line_1_91' title="bbox 420 4939 2008 5010; baseline -0.003 -10"><span class='ocrx_word' id='word_1_763' title='bbox 420 4945 638 5000; x_wconf 87' lang='lat' dir='ltr'><strong>Domini</strong></span> <span class='ocrx_word' id='word_1_764' title='bbox 698 4939 1149 5005; x_wconf 82' lang='lat' dir='ltr'><strong>misericmdiam,</strong></span> <span class='ocrx_word' id='word_1_765' title='bbox 1195 4954 1318 5009; x_wconf 67' lang='lat' dir='ltr'><strong>qum</strong></span> <span class='ocrx_word' id='word_1_766' title='bbox 1354 4956 1414 4996; x_wconf 90' lang='lat' dir='ltr'><strong>se</strong></span> <span class='ocrx_word' id='word_1_767' title='bbox 1458 4940 1524 4995; x_wconf 88' lang='lat' dir='ltr'><strong>ad</strong></span> <span class='ocrx_word' id='word_1_768' title='bbox 1571 4942 1785 4997; x_wconf 79' lang='lat' dir='ltr'><strong>intimos</strong></span> <span class='ocrx_word' id='word_1_769' title='bbox 1837 4957 2008 5010; x_wconf 87' lang='lat' dir='ltr'><strong>usque</strong></span> 
     </span>
    </p>
   </div>
   <div class='ocr_carea' id='block_1_92' title="bbox 2118 4926 3693 5010">
    <p class='ocr_par' dir='ltr' id='par_1_92' title="bbox 2118 4938 3693 5010">
     <span class='ocr_line' id='line_1_92' title="bbox 2118 4938 3693 5010; baseline -0.001 -17"><span class='ocrx_word' id='word_1_770' title='bbox 2118 4939 2458 4994; x_wconf 73' lang='grc' dir='ltr'>ἀπιστοῦσιν.</span> <span class='ocrx_word' id='word_1_771' title='bbox 2495 4939 2607 5009; x_wconf 83' lang='grc' dir='ltr'>Οὐχ</span> <span class='ocrx_word' id='word_1_772' title='bbox 2637 4938 2828 5003; x_wconf 84' lang='grc' dir='ltr'>ἁπλῶς</span> <span class='ocrx_word' id='word_1_773' title='bbox 2851 4938 2909 4992; x_wconf 81' lang='grc' dir='ltr'>δὲ</span> <span class='ocrx_word' id='word_1_774' title='bbox 2944 4941 3368 5010; x_wconf 74' lang='grc' dir='ltr'>ἐπισημαίνεται</span> <span class='ocrx_word' id='word_1_775' title='bbox 3398 4940 3427 4993; x_wconf 86' lang='lat'><strong>6</strong></span> <span class='ocrx_word' id='word_1_776' title='bbox 3454 4955 3693 5009; x_wconf 73' lang='grc' dir='ltr'>ειαγγε-</span> 
     </span>
    </p>
   </div>
   <div class='ocr_carea' id='block_1_93' title="bbox 421 5034 2012 5105">
    <p class='ocr_par' dir='ltr' id='par_1_93' title="bbox 421 5034 2012 5105">
     <span class='ocr_line' id='line_1_93' title="bbox 421 5034 2012 5105; baseline -0.003 -11"><span class='ocrx_word' id='word_1_777' title='bbox 421 5040 693 5103; x_wconf 87' lang='lat' dir='ltr'><strong>demittat,</strong></span> <span class='ocrx_word' id='word_1_778' title='bbox 754 5042 822 5090; x_wconf 88' lang='lat' dir='ltr'><strong>ita</strong></span> <span class='ocrx_word' id='word_1_779' title='bbox 874 5046 931 5090; x_wconf 89' lang='lat' dir='ltr'><strong>ut</strong></span> <span class='ocrx_word' id='word_1_780' title='bbox 990 5041 1046 5088; x_wconf 86' lang='lat' dir='ltr'><strong>et</strong></span> <span class='ocrx_word' id='word_1_781' title='bbox 1105 5036 1412 5089; x_wconf 88' lang='lat' dir='ltr'><strong>mendicum</strong></span> <span class='ocrx_word' id='word_1_782' title='bbox 1472 5050 1681 5089; x_wconf 88' lang='lat' dir='ltr'><strong>summa</strong></span> <span class='ocrx_word' id='word_1_783' title='bbox 1731 5034 2012 5105; x_wconf 81' lang='lat' dir='ltr'><strong>diligentia</strong></span> 
     </span>
    </p>
   </div>
   <div class='ocr_carea' id='block_1_94' title="bbox 420 5126 2012 5199">
    <p class='ocr_par' dir='ltr' id='par_1_94' title="bbox 420 5126 2012 5199">
     <span class='ocr_line' id='line_1_94' title="bbox 420 5126 2012 5199; baseline -0.003 -14"><span class='ocrx_word' id='word_1_784' title='bbox 420 5140 660 5199; x_wconf 85' lang='lat' dir='ltr'><strong>curaret,</strong></span> <span class='ocrx_word' id='word_1_785' title='bbox 698 5139 840 5185; x_wconf 82' lang='lat' dir='ltr'><strong>etut</strong></span> <span class='ocrx_word' id='word_1_786' title='bbox 879 5126 1005 5182; x_wconf 86' lang='lat' dir='ltr'><strong>inde</strong></span> <span class='ocrx_word' id='word_1_787' title='bbox 1039 5126 1201 5179; x_wconf 82' lang='lat' dir='ltr'><strong>etiam</strong></span> <span class='ocrx_word' id='word_1_788' title='bbox 1252 5126 1354 5195; x_wconf 85' lang='lat' dir='ltr'><strong>ipsi</strong></span> <span class='ocrx_word' id='word_1_789' title='bbox 1405 5127 1737 5181; x_wconf 86' lang='lat' dir='ltr'><strong>disceremus</strong></span> <span class='ocrx_word' id='word_1_790' title='bbox 1783 5141 1851 5180; x_wconf 88' lang='lat' dir='ltr'><strong>ne</strong></span> <span class='ocrx_word' id='word_1_791' title='bbox 1882 5142 2012 5181; x_wconf 89' lang='lat' dir='ltr'><strong>con-</strong></span> 
     </span>
    </p>
   </div>
   <div class='ocr_carea' id='block_1_95' title="bbox 422 5216 2008 5288">
    <p class='ocr_par' dir='ltr' id='par_1_95' title="bbox 422 5216 2008 5288">
     <span class='ocr_line' id='line_1_95' title="bbox 422 5216 2008 5288; baseline -0.001 -14"><span class='ocrx_word' id='word_1_792' title='bbox 422 5217 1041 5276; x_wconf 83' lang='lat' dir='ltr'><strong>temnamusminimos.</strong></span> <span class='ocrx_word' id='word_1_793' title='bbox 1077 5216 1341 5269; x_wconf 65' lang='lat' dir='ltr'><strong>Ctewrnm</strong></span> <span class='ocrx_word' id='word_1_794' title='bbox 1400 5226 1578 5272; x_wconf 85' lang='lat' dir='ltr'><strong>autem</strong></span> <span class='ocrx_word' id='word_1_795' title='bbox 1632 5234 1808 5286; x_wconf 85' lang='lat' dir='ltr'><strong>neque</strong></span> <span class='ocrx_word' id='word_1_796' title='bbox 1858 5219 2008 5288; x_wconf 84' lang='lat' dir='ltr'><strong>prio-</strong></span> 
     </span>
    </p>
   </div>
   <div class='ocr_carea' id='block_1_96' title="bbox 422 5310 2007 5380">
    <p class='ocr_par' dir='ltr' id='par_1_96' title="bbox 422 5310 2007 5380">
     <span class='ocr_line' id='line_1_96' title="bbox 422 5310 2007 5380; baseline -0.002 -11"><span class='ocrx_word' id='word_1_797' title='bbox 422 5330 537 5369; x_wconf 83' lang='lat' dir='ltr'><strong>rem</strong></span> <span class='ocrx_word' id='word_1_798' title='bbox 568 5313 898 5369; x_wconf 78' lang='lat' dir='ltr'><strong>erubescens</strong></span> <span class='ocrx_word' id='word_1_799' title='bbox 935 5310 1258 5373; x_wconf 68' lang='lat' dir='ltr'><strong>caecitatem,</strong></span> <span class='ocrx_word' id='word_1_800' title='bbox 1296 5324 1469 5378; x_wconf 85' lang='lat' dir='ltr'><strong>neque</strong></span> <span class='ocrx_word' id='word_1_801' title='bbox 1498 5312 1755 5380; x_wconf 83' lang='lat' dir='ltr'><strong>populum</strong></span> <span class='ocrx_word' id='word_1_802' title='bbox 1786 5312 2007 5377; x_wconf 84' lang='lat' dir='ltr'><strong>timens,</strong></span> 
     </span>
    </p>
   </div>
   <div class='ocr_carea' id='block_1_97' title="bbox 419 5398 1999 5471">
    <p class='ocr_par' dir='ltr' id='par_1_97' title="bbox 419 5398 1999 5471">
     <span class='ocr_line' id='line_1_97' title="bbox 419 5398 1999 5471; baseline -0.003 -10"><span class='ocrx_word' id='word_1_803' title='bbox 419 5404 734 5465; x_wconf 78' lang='lat' dir='ltr'><strong>conﬁtetur,</strong></span> <span class='ocrx_word' id='word_1_804' title='bbox 775 5420 793 5453; x_wconf 83' lang='grc' dir='ltr'><strong>ι</strong></span> <span class='ocrx_word' id='word_1_805' title='bbox 835 5398 944 5471; x_wconf 71' lang='lat' dir='ltr'><strong>ligo</strong></span> <span class='ocrx_word' id='word_1_806' title='bbox 975 5416 1114 5460; x_wconf 86' lang='lat' dir='ltr'><strong>smn,</strong></span> <span class='ocrx_word' id='word_1_807' title='bbox 1153 5419 1171 5450; x_wconf 75' lang='grc' dir='ltr'>ι</span> <span class='ocrx_word' id='word_1_808' title='bbox 1224 5399 1525 5467; x_wconf 65' lang='lat' dir='ltr'><strong>pla-dicatis</strong></span> <span class='ocrx_word' id='word_1_809' title='bbox 1556 5399 1999 5456; x_wconf 65' lang='lat' dir='ltr'><strong>bent-factorem:</strong></span> 
     </span>
    </p>
   </div>
   <div class='ocr_carea' id='block_1_98' title="bbox 416 5492 2003 5565">
    <p class='ocr_par' dir='ltr' id='par_1_98' title="bbox 416 5492 2003 5565">
     <span class='ocr_line' id='line_1_98' title="bbox 416 5492 2003 5565; baseline -0.003 -12"><span class='ocrx_word' id='word_1_810' title='bbox 416 5511 474 5565; x_wconf 87' lang='lat' dir='ltr'><strong>et</strong></span> <span class='ocrx_word' id='word_1_811' title='bbox 501 5497 655 5563; x_wconf 87' lang='lat' dir='ltr'><strong>dicit,</strong></span> <span class='ocrx_word' id='word_1_812' title='bbox 691 5515 708 5547; x_wconf 84' lang='grc' dir='ltr'><strong>ι</strong></span> <span class='ocrx_word' id='word_1_813' title='bbox 744 5495 914 5549; x_wconf 84' lang='lat' dir='ltr'><strong>llotnu</strong></span> <span class='ocrx_word' id='word_1_814' title='bbox 942 5493 1157 5563; x_wconf 65' lang='lat' dir='ltr'><strong>quidam</strong></span> <span class='ocrx_word' id='word_1_815' title='bbox 1189 5495 1279 5564; x_wconf 86' lang='lat' dir='ltr'><strong>qui</strong></span> <span class='ocrx_word' id='word_1_816' title='bbox 1310 5494 1509 5547; x_wconf 78' lang='lat' dir='ltr'><strong>dicitur</strong></span> <span class='ocrx_word' id='word_1_817' title='bbox 1541 5492 1722 5551; x_wconf 79' lang='lat' dir='ltr'><strong>Jesus.</strong></span> <span class='ocrx_word' id='word_1_818' title='bbox 1762 5513 1781 5545; x_wconf 76' lang='grc' dir='ltr'><strong>ι</strong></span> <span class='ocrx_word' id='word_1_819' title='bbox 1820 5493 2003 5549; x_wconf 87' lang='lat' dir='ltr'><strong>Ilomi-</strong></span> 
     </span>
    </p>
   </div>
   <div class='ocr_carea' id='block_1_99' title="bbox 419 5586 2001 5653">
    <p class='ocr_par' dir='ltr' id='par_1_99' title="bbox 419 5586 2001 5653">
     <span class='ocr_line' id='line_1_99' title="bbox 419 5586 2001 5653; baseline -0.001 -7"><span class='ocrx_word' id='word_1_820' title='bbox 419 5609 543 5647; x_wconf 78' lang='lat' dir='ltr'><strong>item</strong></span> <span class='ocrx_word' id='word_1_821' title='bbox 587 5589 870 5643; x_wconf 81' lang='lat' dir='ltr'><strong>Dominum</strong></span> <span class='ocrx_word' id='word_1_822' title='bbox 915 5598 1093 5649; x_wconf 76' lang='lat' dir='ltr'><strong>verat,</strong></span> <span class='ocrx_word' id='word_1_823' title='bbox 1129 5602 1193 5642; x_wconf 87' lang='lat' dir='ltr'><strong>c0</strong></span> <span class='ocrx_word' id='word_1_824' title='bbox 1224 5588 1368 5653; x_wconf 77' lang='lat' dir='ltr'><strong>quod</strong></span> <span class='ocrx_word' id='word_1_825' title='bbox 1403 5590 1470 5641; x_wconf 88' lang='lat' dir='ltr'><strong>de</strong></span> <span class='ocrx_word' id='word_1_826' title='bbox 1522 5586 1611 5640; x_wconf 81' lang='lat' dir='ltr'><strong>illo</strong></span> <span class='ocrx_word' id='word_1_827' title='bbox 1663 5587 1793 5641; x_wconf 80' lang='lat' dir='ltr'><strong>nibJ</strong></span> <span class='ocrx_word' id='word_1_828' title='bbox 1824 5589 2001 5644; x_wconf 79' lang='lat' dir='ltr'><strong>adhuc</strong></span> 
     </span>
    </p>
   </div>
   <div class='ocr_carea' id='block_1_100' title="bbox 346 5682 2003 5755">
    <p class='ocr_par' dir='ltr' id='par_1_100' title="bbox 346 5682 2003 5755">
     <span class='ocr_line' id='line_1_100' title="bbox 346 5682 2003 5755; baseline -0.004 -13"><span class='ocrx_word' id='word_1_829' title='bbox 346 5721 365 5737; x_wconf 68' lang='grc' dir='ltr'><strong><em>ρ</em></strong></span> <span class='ocrx_word' id='word_1_830' title='bbox 418 5684 601 5755; x_wconf 75' lang='lat' dir='ltr'><strong>magni</strong></span> <span class='ocrx_word' id='word_1_831' title='bbox 629 5689 1004 5752; x_wconf 68' lang='lat' dir='ltr'><strong>cogumemt;</strong></span> <span class='ocrx_word' id='word_1_832' title='bbox 1040 5682 1234 5736; x_wconf 77' lang='lat' dir='ltr'><strong>latetm&#39;</strong></span> <span class='ocrx_word' id='word_1_833' title='bbox 1261 5693 1437 5734; x_wconf 83' lang='lat' dir='ltr'><strong>autem</strong></span> <span class='ocrx_word' id='word_1_834' title='bbox 1463 5692 1724 5751; x_wconf 83' lang='lat' dir='ltr'><strong>quantum</strong></span> <span class='ocrx_word' id='word_1_835' title='bbox 1754 5692 1880 5736; x_wconf 90' lang='lat' dir='ltr'><strong>tunc</strong></span> <span class='ocrx_word' id='word_1_836' title='bbox 1909 5696 2003 5736; x_wconf 84' lang='lat' dir='ltr'><strong>co-</strong></span> 
     </span>
    </p>
   </div>
   <div class='ocr_carea' id='block_1_101' title="bbox 416 5771 2006 5847">
    <p class='ocr_par' dir='ltr' id='par_1_101' title="bbox 416 5771 2006 5847">
     <span class='ocr_line' id='line_1_101' title="bbox 416 5771 2006 5847; baseline -0.001 -18"><span class='ocrx_word' id='word_1_837' title='bbox 416 5780 623 5847; x_wconf 72' lang='lat' dir='ltr'><strong>gnovit.</strong></span> <span class='ocrx_word' id='word_1_838' title='bbox 653 5774 803 5830; x_wconf 80' lang='lat' dir='ltr'><strong>Unde</strong></span> <span class='ocrx_word' id='word_1_839' title='bbox 826 5785 1006 5827; x_wconf 85' lang='lat' dir='ltr'><strong>autem</strong></span> <span class='ocrx_word' id='word_1_840' title='bbox 1032 5771 1448 5844; x_wconf 77' lang='lat' dir='ltr'><strong>cognovitillum</strong></span> <span class='ocrx_word' id='word_1_841' title='bbox 1475 5774 1616 5841; x_wconf 84' lang='lat' dir='ltr'><strong>quod</strong></span> <span class='ocrx_word' id='word_1_842' title='bbox 1644 5771 1671 5826; x_wconf 82' lang='lat' dir='ltr'><strong>J</strong></span> <span class='ocrx_word' id='word_1_843' title='bbox 1711 5789 1802 5826; x_wconf 84' lang='lat' dir='ltr'><strong>sus</strong></span> <span class='ocrx_word' id='word_1_844' title='bbox 1822 5774 2006 5828; x_wconf 76' lang='lat' dir='ltr'><strong>esset?</strong></span> 
     </span>
    </p>
   </div>
   <div class='ocr_carea' id='block_1_102' title="bbox 413 5863 1999 5937">
    <p class='ocr_par' dir='ltr' id='par_1_102' title="bbox 413 5863 1999 5937">
     <span class='ocr_line' id='line_1_102' title="bbox 413 5863 1999 5937; baseline -0.003 -13"><span class='ocrx_word' id='word_1_845' title='bbox 413 5887 481 5924; x_wconf 74' lang='lat' dir='ltr'><strong>cx</strong></span> <span class='ocrx_word' id='word_1_846' title='bbox 543 5868 810 5937; x_wconf 74' lang='lat' dir='ltr'><strong>colloquio</strong></span> <span class='ocrx_word' id='word_1_847' title='bbox 866 5869 932 5921; x_wconf 88' lang='lat' dir='ltr'><strong>ad</strong></span> <span class='ocrx_word' id='word_1_848' title='bbox 987 5865 1302 5936; x_wconf 86' lang='lat' dir='ltr'><strong>discipulos.</strong></span> <span class='ocrx_word' id='word_1_849' title='bbox 1364 5863 1498 5919; x_wconf 74' lang='lat' dir='ltr'><strong>Nam</strong></span> <span class='ocrx_word' id='word_1_850' title='bbox 1562 5865 1688 5934; x_wconf 85' lang='lat' dir='ltr'><strong>quia</strong></span> <span class='ocrx_word' id='word_1_851' title='bbox 1749 5865 1999 5934; x_wconf 69' lang='lat' dir='ltr'><strong>discipuli</strong></span> 
     </span>
    </p>
   </div>
   <div class='ocr_carea' id='block_1_103' title="bbox 415 5956 1998 6038">
    <p class='ocr_par' dir='ltr' id='par_1_103' title="bbox 415 5956 1998 6038">
     <span class='ocr_line' id='line_1_103' title="bbox 415 5956 1998 6038; baseline -0.004 -21"><span class='ocrx_word' id='word_1_852' title='bbox 415 5963 636 6038; x_wconf 63' lang='lat' dir='ltr'><strong>quidam</strong></span> <span class='ocrx_word' id='word_1_853' title='bbox 679 5977 801 6018; x_wconf 86' lang='lat' dir='ltr'><strong>cum</strong></span> <span class='ocrx_word' id='word_1_854' title='bbox 843 5962 1312 6032; x_wconf 75' lang='lat' dir='ltr'><strong>interrogaverunt</strong></span> <span class='ocrx_word' id='word_1_855' title='bbox 1340 5957 1407 6015; x_wconf 83' lang='lat' dir='ltr'><strong>de</strong></span> <span class='ocrx_word' id='word_1_856' title='bbox 1437 5956 1554 6026; x_wconf 65' lang='lat' dir='ltr'><strong>illo,</strong></span> <span class='ocrx_word' id='word_1_857' title='bbox 1589 5966 1643 6013; x_wconf 83' lang='lat' dir='ltr'><strong>ct</strong></span> <span class='ocrx_word' id='word_1_858' title='bbox 1693 5958 1805 6028; x_wconf 73' lang='lat' dir='ltr'><strong>ipse</strong></span> <span class='ocrx_word' id='word_1_859' title='bbox 1835 5957 1998 6013; x_wconf 78' lang='lat' dir='ltr'><strong>multa</strong></span> 
     </span>
    </p>
   </div>
   <div class='ocr_carea' id='block_1_104' title="bbox 2111 5024 3700 5101">
    <p class='ocr_par' dir='ltr' id='par_1_104' title="bbox 2111 5024 3700 5101">
     <span class='ocr_line' id='line_1_104' title="bbox 2111 5024 3700 5101; baseline -0.001 -18"><span class='ocrx_word' id='word_1_860' title='bbox 2111 5029 2322 5100; x_wconf 80' lang='grc' dir='ltr'>λιστὴς,</span> <span class='ocrx_word' id='word_1_861' title='bbox 2352 5029 2432 5083; x_wconf 82' lang='grc' dir='ltr'>ὅτι</span> <span class='ocrx_word' id='word_1_862' title='bbox 2461 5028 2765 5101; x_wconf 85' lang='grc' dir='ltr'>προσαίτης</span> <span class='ocrx_word' id='word_1_863' title='bbox 2792 5024 2884 5101; x_wconf 79' lang='grc' dir='ltr'>ἦν,</span> <span class='ocrx_word' id='word_1_864' title='bbox 2920 5029 3036 5083; x_wconf 76' lang='grc' dir='ltr'><strong>ἀλλ’</strong></span> <span class='ocrx_word' id='word_1_865' title='bbox 3069 5030 3154 5084; x_wconf 83' lang='grc' dir='ltr'><strong>ἵνα</strong></span> <span class='ocrx_word' id='word_1_866' title='bbox 3183 5030 3330 5101; x_wconf 76' lang='grc' dir='ltr'>δείξῃ</span> <span class='ocrx_word' id='word_1_867' title='bbox 3369 5028 3429 5083; x_wconf 72' lang='grc' dir='ltr'>τὸ</span> <span class='ocrx_word' id='word_1_868' title='bbox 3488 5028 3700 5099; x_wconf 75' lang='grc' dir='ltr'>ἄφατον</span> 
     </span>
    </p>
   </div>
   <div class='ocr_carea' id='block_1_105' title="bbox 2110 5106 3699 5195">
    <p class='ocr_par' dir='ltr' id='par_1_105' title="bbox 2110 5106 3699 5195">
     <span class='ocr_line' id='line_1_105' title="bbox 2110 5106 3699 5195; baseline -0.001 -17"><span class='ocrx_word' id='word_1_869' title='bbox 2110 5125 2211 5195; x_wconf 78' lang='grc' dir='ltr'><strong>τῆς</strong></span> <span class='ocrx_word' id='word_1_870' title='bbox 2243 5112 2657 5194; x_wconf 81' lang='grc' dir='ltr'>φιλανθρωπίας</span> <span class='ocrx_word' id='word_1_871' title='bbox 2680 5122 2775 5176; x_wconf 78' lang='grc' dir='ltr'>τοῦ</span> <span class='ocrx_word' id='word_1_872' title='bbox 2804 5106 3037 5195; x_wconf 69' lang='grc' dir='ltr'>Κυρίου,</span> <span class='ocrx_word' id='word_1_873' title='bbox 3079 5124 3229 5186; x_wconf 80' lang='grc' dir='ltr'>ὅπως</span> <span class='ocrx_word' id='word_1_874' title='bbox 3278 5125 3372 5177; x_wconf 74' lang='grc' dir='ltr'>καὶ</span> <span class='ocrx_word' id='word_1_875' title='bbox 3413 5122 3541 5193; x_wconf 77' lang='grc' dir='ltr'>ἄχρι</span> <span class='ocrx_word' id='word_1_876' title='bbox 3586 5121 3699 5176; x_wconf 84' lang='grc' dir='ltr'>τῶν</span> 
     </span>
    </p>
   </div>
   <div class='ocr_carea' id='block_1_106' title="bbox 2111 5213 3699 5285">
    <p class='ocr_par' dir='ltr' id='par_1_106' title="bbox 2111 5213 3699 5285">
     <span class='ocr_line' id='line_1_106' title="bbox 2111 5213 3699 5285; baseline -0.002 -15"><span class='ocrx_word' id='word_1_877' title='bbox 2111 5217 2348 5271; x_wconf 79' lang='grc' dir='ltr'>εὐτελῶν</span> <span class='ocrx_word' id='word_1_878' title='bbox 2364 5215 2814 5285; x_wconf 79' lang='grc' dir='ltr'>συγκατέϐαινεν,</span> <span class='ocrx_word' id='word_1_879' title='bbox 2838 5215 2914 5278; x_wconf 86' lang='grc' dir='ltr'><strong>ὼς</strong></span> <span class='ocrx_word' id='word_1_880' title='bbox 2942 5216 3035 5266; x_wconf 71' lang='grc' dir='ltr'>καὶ</span> <span class='ocrx_word' id='word_1_881' title='bbox 3056 5215 3357 5285; x_wconf 64' lang='grc' dir='ltr'>προσαίταις</span> <span class='ocrx_word' id='word_1_882' title='bbox 3372 5213 3699 5281; x_wconf 82' lang='grc' dir='ltr'>θεραπεύειν</span> 
     </span>
    </p>
   </div>
   <div class='ocr_carea' id='block_1_107' title="bbox 2115 5306 3697 5381">
    <p class='ocr_par' dir='ltr' id='par_1_107' title="bbox 2115 5306 3697 5381">
     <span class='ocr_line' id='line_1_107' title="bbox 2115 5306 3697 5381; baseline -0.002 -18"><span class='ocrx_word' id='word_1_883' title='bbox 2115 5310 2255 5381; x_wconf 81' lang='grc' dir='ltr'>μετᾶ</span> <span class='ocrx_word' id='word_1_884' title='bbox 2284 5309 2484 5381; x_wconf 78' lang='grc' dir='ltr'>πολλῆς</span> <span class='ocrx_word' id='word_1_885' title='bbox 2512 5309 2611 5379; x_wconf 83' lang='grc' dir='ltr'><strong>τῆς</strong></span> <span class='ocrx_word' id='word_1_886' title='bbox 2645 5308 2998 5380; x_wconf 82' lang='grc' dir='ltr'>κηδεμονίας,</span> <span class='ocrx_word' id='word_1_887' title='bbox 3028 5310 3122 5362; x_wconf 75' lang='grc' dir='ltr'><strong>καὶ</strong></span> <span class='ocrx_word' id='word_1_888' title='bbox 3157 5308 3245 5361; x_wconf 79' lang='grc' dir='ltr'><strong>ἵνα</strong></span> <span class='ocrx_word' id='word_1_889' title='bbox 3283 5308 3346 5360; x_wconf 74' lang='grc' dir='ltr'>ὲκ</span> <span class='ocrx_word' id='word_1_890' title='bbox 3372 5306 3561 5360; x_wconf 80' lang='grc' dir='ltr'>τούτου</span> <span class='ocrx_word' id='word_1_891' title='bbox 3600 5306 3697 5360; x_wconf 82' lang='grc' dir='ltr'>καὶ</span> 
     </span>
    </p>
   </div>
   <div class='ocr_carea' id='block_1_108' title="bbox 2113 5399 3696 5473">
    <p class='ocr_par' dir='ltr' id='par_1_108' title="bbox 2113 5399 3696 5473">
     <span class='ocr_line' id='line_1_108' title="bbox 2113 5399 3696 5473; baseline -0.003 -17"><span class='ocrx_word' id='word_1_892' title='bbox 2113 5402 2267 5456; x_wconf 65' lang='grc' dir='ltr'>αὐτοὶ</span> <span class='ocrx_word' id='word_1_893' title='bbox 2300 5402 2584 5473; x_wconf 78' lang='grc' dir='ltr'>μαθόντες,</span> <span class='ocrx_word' id='word_1_894' title='bbox 2633 5401 2710 5470; x_wconf 80' lang='grc' dir='ltr'>μὴ</span> <span class='ocrx_word' id='word_1_895' title='bbox 2741 5400 3174 5471; x_wconf 83' lang='grc' dir='ltr'>καταφρονῶμεν</span> <span class='ocrx_word' id='word_1_896' title='bbox 3208 5400 3318 5453; x_wconf 81' lang='grc' dir='ltr'>τῶν</span> <span class='ocrx_word' id='word_1_897' title='bbox 3371 5399 3696 5468; x_wconf 79' lang='grc' dir='ltr'>ἐλαχίστων.</span> 
     </span>
    </p>
   </div>
   <div class='ocr_carea' id='block_1_109' title="bbox 2125 5490 3697 5564">
    <p class='ocr_par' dir='ltr' id='par_1_109' title="bbox 2125 5490 3697 5564">
     <span class='ocr_line' id='line_1_109' title="bbox 2125 5490 3697 5564; baseline -0.001 -16"><span class='ocrx_word' id='word_1_898' title='bbox 2125 5492 2185 5549; x_wconf 83' lang='grc' dir='ltr'>Ὀ</span> <span class='ocrx_word' id='word_1_899' title='bbox 2214 5493 2269 5546; x_wconf 83' lang='grc' dir='ltr'><strong>δὲ</strong></span> <span class='ocrx_word' id='word_1_900' title='bbox 2297 5493 2498 5563; x_wconf 79' lang='grc' dir='ltr'>τυφλὸς</span> <span class='ocrx_word' id='word_1_901' title='bbox 2532 5495 2672 5563; x_wconf 83' lang='grc' dir='ltr'>μήτε</span> <span class='ocrx_word' id='word_1_902' title='bbox 2700 5492 2799 5564; x_wconf 79' lang='grc' dir='ltr'>τὴν</span> <span class='ocrx_word' id='word_1_903' title='bbox 2824 5490 3097 5563; x_wconf 80' lang='grc' dir='ltr'>προτέραν</span> <span class='ocrx_word' id='word_1_904' title='bbox 3144 5492 3536 5562; x_wconf 78' lang='grc' dir='ltr'><strong>αἰσχυνόμενος</strong></span> <span class='ocrx_word' id='word_1_905' title='bbox 3588 5494 3697 5564; x_wconf 82' lang='grc' dir='ltr'><strong>πή-</strong></span> 
     </span>
    </p>
   </div>
   <div class='ocr_carea' id='block_1_110' title="bbox 2123 5585 3703 5661">
    <p class='ocr_par' dir='ltr' id='par_1_110' title="bbox 2123 5585 3703 5661">
     <span class='ocr_line' id='line_1_110' title="bbox 2123 5585 3703 5661; baseline 0.001 -20"><span class='ocrx_word' id='word_1_906' title='bbox 2123 5605 2313 5661; x_wconf 88' lang='grc' dir='ltr'>ρωσιν,</span> <span class='ocrx_word' id='word_1_907' title='bbox 2348 5589 2486 5658; x_wconf 79' lang='grc' dir='ltr'>μήτε</span> <span class='ocrx_word' id='word_1_908' title='bbox 2522 5586 2614 5642; x_wconf 81' lang='grc' dir='ltr'><strong>τὸν</strong></span> <span class='ocrx_word' id='word_1_909' title='bbox 2654 5585 2827 5656; x_wconf 78' lang='grc' dir='ltr'>δῆμον</span> <span class='ocrx_word' id='word_1_910' title='bbox 2858 5585 3218 5656; x_wconf 76' lang='grc' dir='ltr'>φοϐούμενος,</span> <span class='ocrx_word' id='word_1_911' title='bbox 3274 5586 3550 5657; x_wconf 78' lang='grc' dir='ltr'>ὁμολογεῖ,</span> <span class='ocrx_word' id='word_1_912' title='bbox 3590 5586 3703 5655; x_wconf 79' lang='grc' dir='ltr'>ὅτι,</span> 
     </span>
    </p>
   </div>
   <div class='ocr_carea' id='block_1_111' title="bbox 2120 5677 3703 5752">
    <p class='ocr_par' dir='ltr' id='par_1_111' title="bbox 2120 5677 3703 5752">
     <span class='ocr_line' id='line_1_111' title="bbox 2120 5677 3703 5752; baseline 0.003 -19"><span class='ocrx_word' id='word_1_913' title='bbox 2120 5700 2139 5733; x_wconf 80' lang='grc' dir='ltr'>ι</span> <span class='ocrx_word' id='word_1_914' title='bbox 2199 5677 2342 5748; x_wconf 74' lang='grc' dir='ltr'><strong>Ἐγὼ</strong></span> <span class='ocrx_word' id='word_1_915' title='bbox 2372 5682 2508 5750; x_wconf 76' lang='grc' dir='ltr'>ειμι,</span> <span class='ocrx_word' id='word_1_916' title='bbox 2569 5698 2588 5730; x_wconf 75' lang='grc' dir='ltr'>ι</span> <span class='ocrx_word' id='word_1_917' title='bbox 2656 5678 3050 5750; x_wconf 77' lang='grc' dir='ltr'>ἀνακηρύττων</span> <span class='ocrx_word' id='word_1_918' title='bbox 3089 5679 3182 5733; x_wconf 68' lang='grc' dir='ltr'>τὸν</span> <span class='ocrx_word' id='word_1_919' title='bbox 3232 5680 3551 5752; x_wconf 82' lang='grc' dir='ltr'>εὐεργέτην,</span> <span class='ocrx_word' id='word_1_920' title='bbox 3602 5683 3703 5737; x_wconf 83' lang='grc' dir='ltr'>καί</span> 
     </span>
    </p>
   </div>
   <div class='ocr_carea' id='block_1_112' title="bbox 2115 5769 3707 5844">
    <p class='ocr_par' dir='ltr' id='par_1_112' title="bbox 2115 5769 3707 5844">
     <span class='ocr_line' id='line_1_112' title="bbox 2115 5769 3707 5844; baseline 0.001 -20"><span class='ocrx_word' id='word_1_921' title='bbox 2115 5789 2282 5844; x_wconf 83' lang='grc' dir='ltr'>φησιν</span> <span class='ocrx_word' id='word_1_922' title='bbox 2308 5787 2323 5803; x_wconf 81' lang='grc' dir='ltr'><strong><em>ο</em></strong></span> <span class='ocrx_word' id='word_1_923' title='bbox 2358 5789 2375 5822; x_wconf 82' lang='grc' dir='ltr'>ι</span> <span class='ocrx_word' id='word_1_924' title='bbox 2418 5769 2738 5841; x_wconf 75' lang='grc' dir='ltr'>’Ἄνθρωπός</span> <span class='ocrx_word' id='word_1_925' title='bbox 2764 5788 2849 5833; x_wconf 82' lang='grc' dir='ltr'>τις</span> <span class='ocrx_word' id='word_1_926' title='bbox 2891 5769 3100 5841; x_wconf 81' lang='grc' dir='ltr'>Ἰησοῦς</span> <span class='ocrx_word' id='word_1_927' title='bbox 3152 5770 3462 5839; x_wconf 69' lang='grc' dir='ltr'>λεγόμενος.</span> <span class='ocrx_word' id='word_1_928' title='bbox 3507 5789 3528 5826; x_wconf 70' lang='grc' dir='ltr'>ι</span> <span class='ocrx_word' id='word_1_929' title='bbox 3576 5773 3707 5828; x_wconf 80' lang='grc' dir='ltr'><strong>Ἀν-</strong></span> 
     </span>
    </p>
   </div>
   <div class='ocr_carea' id='block_1_113' title="bbox 2114 5863 3702 5936">
    <p class='ocr_par' dir='ltr' id='par_1_113' title="bbox 2114 5863 3702 5936">
     <span class='ocr_line' id='line_1_113' title="bbox 2114 5863 3702 5936; baseline 0 -17"><span class='ocrx_word' id='word_1_930' title='bbox 2114 5867 2337 5936; x_wconf 69' lang='grc' dir='ltr'>θρωπον</span> <span class='ocrx_word' id='word_1_931' title='bbox 2371 5864 2462 5916; x_wconf 65' lang='grc' dir='ltr'><strong>τὸν</strong></span> <span class='ocrx_word' id='word_1_932' title='bbox 2486 5863 2691 5933; x_wconf 81' lang='grc' dir='ltr'>Κύριον</span> <span class='ocrx_word' id='word_1_933' title='bbox 2728 5863 2903 5930; x_wconf 81' lang='grc' dir='ltr'>καλεῖ,</span> <span class='ocrx_word' id='word_1_934' title='bbox 2927 5863 3116 5934; x_wconf 76' lang='grc' dir='ltr'>ἐπειδὴ</span> <span class='ocrx_word' id='word_1_935' title='bbox 3139 5863 3292 5918; x_wconf 71' lang='grc' dir='ltr'>οὐδὲν</span> <span class='ocrx_word' id='word_1_936' title='bbox 3321 5863 3535 5920; x_wconf 76' lang='grc' dir='ltr'>οὐδέπω</span> <span class='ocrx_word' id='word_1_937' title='bbox 3567 5866 3702 5935; x_wconf 78' lang='grc' dir='ltr'>περὶ</span> 
     </span>
    </p>
   </div>
   <div class='ocr_carea' id='block_1_114' title="bbox 2114 5948 3694 6032">
    <p class='ocr_par' dir='ltr' id='par_1_114' title="bbox 2114 5948 3694 6032">
     <span class='ocr_line' id='line_1_114' title="bbox 2114 5948 3694 6032; baseline 0 -19"><span class='ocrx_word' id='word_1_938' title='bbox 2114 5955 2282 6013; x_wconf 74' lang='grc' dir='ltr'>αὐτοῦ</span> <span class='ocrx_word' id='word_1_939' title='bbox 2313 5955 2614 6026; x_wconf 74' lang='grc' dir='ltr'>ἐγίνωσκεν</span> <span class='ocrx_word' id='word_1_940' title='bbox 2645 5972 2658 5986; x_wconf 91' lang='grc'><strong>·</strong></span> <span class='ocrx_word' id='word_1_941' title='bbox 2699 5955 2726 6009; x_wconf 84' lang='grc' dir='ltr'><strong><em>ὃ</em></strong></span> <span class='ocrx_word' id='word_1_942' title='bbox 2758 5956 2814 6010; x_wconf 81' lang='grc' dir='ltr'>δὲ</span> <span class='ocrx_word' id='word_1_943' title='bbox 2849 5958 2986 6022; x_wconf 80' lang='grc' dir='ltr'>τέως</span> <span class='ocrx_word' id='word_1_944' title='bbox 3046 5957 3336 6028; x_wconf 82' lang='grc' dir='ltr'>ἐγίνωσκε,</span> <span class='ocrx_word' id='word_1_945' title='bbox 3358 5948 3534 6012; x_wconf 65' lang='grc' dir='ltr'>’τοῦτο</span> <span class='ocrx_word' id='word_1_946' title='bbox 3565 5974 3694 6032; x_wconf 62' lang='lat' dir='ltr'><strong>opo-</strong></span> 
     </span>
    </p>
   </div>
  </div>
