4060 6658
338 535 413 589 ιιι
1043 531 1490 597 ENARRA'IIO
1525 536 2157 600 IN'EVANGEEIUM
2206 535 2552 599 JOANNIS.
2592 559 2662 572 -
2689 534 2846 595 CAP.
2891 531 3000 594 IX.
3532 524 3601 587 50

333 628 505 710 λογεί.
545 641 719 699 Πόθεν
757 643 815 699 δὲ
869 644 1246 716 δπεγίνωσκεν
1299 651 1483 715 αὑτὸν,
1543 651 1626 705 ὅτι
1709 650 1916 723 Ἰησοῦς

2024 651 2334 718 loqueretur
2361 650 2478 713 eis,
2506 661 2720 717 nempe,
2757 665 2775 699 ι
2812 645 3039 714 Oportet
3074 655 3158 696 me
3187 635 3401 709 opetari
3434 653 3597 708 opera

330 730 513 798 ὲστιν;
556 733 691 788 Ἀπδ
714 734 815 806 τῆς
844 737 980 807 πρὸς
1007 740 1133 803 τοὺς
1164 742 1415 811 μαθητὰς
1438 740 1724 807 διαλέξεως
1745 759 1759 775 ο
1792 741 1916 796 ἐπεὶ

336 823 441 893 γὰρ
464 824 763 897 ἠρώτησαν
798 829 897 898 μὲν
936 830 989 882 οί
1026 832 1267 902 μαθηταὶ
1295 833 1426 905 περὶ
1470 834 1638 888 αὐτοῦ
1673 833 1765 888 τὸν
1802 832 1918 887 Κύ-

331 931 469 983 ριον,
505 917 535 969 6
563 917 618 970 δὲ
672 918 840 973 πλείω
870 921 1121 992 διελέχθη
1154 924 1361 989 αὐτοῖς,
1403 926 1486 979 ὅτι
1516 942 1599 991 τε,
1645 943 1664 976 ι
1729 927 1819 977 Δεῖ
1847 941 1917 995 με

329 1005 665 1076 ιργάζεσθαι
694 1010 762 1065 τά
811 1011 949 1084 ἔργα
980 1015 1074 1069 τοῦ
1127 1016 1443 1087 πέμψαντός
1484 1034 1574 1089 με,
1619 1036 1638 1068 ι
1675 1016 1771 1072 καὶ
1809 1017 1913 1082 ὅτι,

333 1115 355 1148 c
389 1099 509 1163 Φῶς
536 1103 654 1172 είμι
699 1103 796 1157 τοῦ
836 1108 1066 1178 κόσμου,
1109 1127 1128 1160 ι
1164 1109 1391 1162 τοιαῦτα
1420 1109 1476 1163 δὲ
1535 1109 1709 1173 οὐδεὶς
1752 1107 1913 1173 ἄλλος

328 1190 632 1260 ἐδίδασκεν,
672 1199 721 1251 εί
754 1198 830 1270 μὴ
860 1201 1020 1269 μόνος
1050 1202 1079 1256 6
1121 1202 1350 1273 Ἰησοῦς,
1383 1205 1477 1257 καὶ
1525 1203 1740 1268 τούτοις
1798 1207 1915 1269 τοῖς

331 1284 541 1355 ῥήμασι
561 1289 825 1358 συχνάκις
859 1294 1147 1365 ἐκέχρητο,
1177 1296 1242 1348 ὲκ
1274 1295 1480 1350 τούτων
1508 1296 1725 1366 ἐπέγνω
1766 1298 1795 1351 6
1821 1313 1914 1351 τυ-

2021 744 2136 814 ejus
2164 744 2259 816 qui
2291 744 2435 799 misit
2463 759 2601 807 me,»
2630 751 2705 807 et,
2742 758 2759 791 ι
2801 739 2910 793 Lux
2935 752 3051 792 sum
3085 733 3269 789 mundi
3298 731 3342 763 ³⁸
3369 749 3383 786 :
3423 749 3442 782 ι
3474 728 3601 782 talia

2023 848 2203 892 autem
2237 836 2417 890 Illllllls
2448 834 2584 888 alius
2614 832 2863 896 ducebat,
2893 820 2998 882 nisi
3036 826 3181 881 solus
3211 823 3391 889 Jcsus,
3419 830 3473 876 et
3496 819 3604 873 illis

2024 928 2205 983 verbis
2238 928 2432 981 crebro
2486 940 2617 979 usus
2667 932 2790 977 est:
2840 921 2964 975 inde
3013 917 3229 987 agnovit
3272 931 3395 970 eum
3428 924 3604 967 eterna

2021 1021 2165 1091 quod
2196 1018 2354 1076 Iesus
2385 1029 2551 1074 esset.
2584 1013 2719 1069 Nam
2767 1012 3051 1068 facientem
3094 1010 3288 1073 lutum,
3338 1017 3390 1063 et
3437 1006 3602 1061 inun-

2022 1124 2238 1184 genteut
2273 1113 2480 1177 oculos,
2520 1126 2584 1165 ex
2620 1120 2872 1166 contactu
2904 1108 3143 1178 agnovit.
3174 1113 3456 1172 spuentem
3492 1115 3599 1154 non

2022 1206 2173 1261 item.
2237 1203 2351 1259 Non
2408 1204 2549 1259 enim
2606 1192 2848 1266 sciebat,
2893 1211 2945 1256 et
2991 1197 3461 1269 pr0ptcrea.qnod
3512 1202 3608 1249 ncé

2026 1297 2260 1363 sciebat,
2293 1314 2400 1353 non
2433 1295 2658 1362 addidit,
2686 1297 2819 1350 adeo
2842 1303 2959 1351 erat
2995 1295 3153 1348 bomo
3190 1308 3376 1346 verax.

330 1378 600 1469 916,363
637 1382 847 1453 Ἰησοῦς
876 1388 1114 1441 ὲστι.Τὸ
1161 1388 1260 1458 μὲν
1307 1385 1402 1442 οὖν
1460 1390 1686 1460 ποιῆσαι
1718 1390 1913 1463 πηλὸν,
1957 1390 2051 1445 καὶ
2122 1394 2404 1464 ἐπιχρῖσαι
2461 1392 2589 1456 τοὺς
2621 1390 2959 1461 ὀφθαλμοὺς,
2996 1389 3060 1443 ἐκ
3129 1389 3229 1459 τῆς
3288 1387 3434 1457 ἁφῆς
3479 1387 3604 1439 ἒπε-

329 1468 647 1535 γνοὺςεῖπε
691 1491 703 1505 ·
747 1475 810 1529 τὸ
852 1477 909 1530 δὲ
976 1478 1181 1547 πτύσαι
1221 1480 1333 1537 οὐκ·
1373 1479 1474 1535 ἔτι.
1526 1481 1603 1538 Οὐ
1634 1480 1742 1554 γάρ
1791 1476 1900 1535 οἶδε
1928 1494 1944 1510 '

327 1563 533 1633 ἀληθὴς
556 1565 585 1616 6
606 1564 915 1636 ἄνθρωπος.

406 1682 426 1712 ι
473 1659 640 1716 Εἶπον
697 1662 790 1717 οὖν
825 1664 975 1733 αὐτῷ
1008 1681 1022 1696 ι
1060 1665 1174 1721 Ποῦ
1206 1669 1352 1722 ἐστιν
1403 1670 1651 1735 ἐκεῖνοςς
1702 1667 1913 1735 Λέγει·

329 1754 444 1807 Οὐκ
471 1751 611 1809 οἶδα.
644 1756 907 1825 Ἄγουσιν
937 1758 1101 1812 αὐτὸν
1134 1761 1271 1830 πρὸς
1306 1762 1433 1824 τοὺς
1462 1760 1793 1831 Φαρισαίους
1825 1761 1917 1813 τόν

326 1863 459 1898 ποτε
487 1848 711 1918 τυφλόν.
734 1845 844 1904 Ἦν
876 1849 933 1903 δὲ
961 1851 1238 1905 Σάϐϐατον
1267 1853 1356 1906 ὅτε
1389 1853 1482 1906 τὸν
1515 1853 1684 1925 πηλὸν
1719 1854 1913 1922 ὲποίη-
1950 1878 1992 1939 Β

327 1954 422 1991 σεν
446 1939 476 1991 ὁ
521 1938 753 2009 Ἰησοῦς,
791 1940 887 1995 καὶ
914 1940 1152 2011 ἀνέῳξεν
1200 1942 1369 1997 αὐτοῦ
1402 1944 1532 2009 τοὺς
1579 1943 1913 2015 ὀφθαλμούς.

329 2027 507 2082 Πάλιν
558 2026 652 2084 οὖν
680 2030 912 2101 ἠρώτων
966 2032 1132 2087 αὑτὸν
1173 2036 1223 2088 οἱ
1281 2036 1598 2107 Φαρισαῖοι,
1656 2036 1776 2102 πῶς
1827 2038 1919 2091 άν-

328 2121 581 2191 ιϐλεψεν.
625 2122 685 2175 '0
720 2122 777 2177 δὲ
814 2118 967 2179 εἶπεν
1016 2125 1204 2190 αὐτοῖς
1236 2141 1250 2157 ·
1298 2127 1478 2199 Πηλὸν
1526 2127 1795 2199 ἐπέθηκεν
1826 2129 1920 2205 ἐπὶ

322 2218 452 2280 τοὺς
480 2217 795 2288 ὀφθαλμούς
827 2236 949 2288 μου,
970 2220 1066 2275 καὶ
1089 2222 1383 2293 ἐνιψάμην,
1411 2223 1504 2276 καὶ
1529 2223 1736 2295 βλέπω.
1759 2225 1916 2278 ’Ἦλις

324 2325 422 2376 γον
448 2305 542 2363 οὖν
567 2311 631 2363 ὲκ
649 2310 756 2364 τῶν
789 2312 1102 2382 Φαρισαίων
1132 2313 1278 2378 τινές
1302 2331 1328 2347 ολ
1353 2307 1525 2379 Οὗτος
1564 2317 1597 2370 δ
1632 2316 1921 2387 ἄνθρωπος

324 2401 431 2455 οὐκ
474 2400 592 2454 ἐστι
640 2403 795 2475 παρὰ
849 2403 1010 2471 Θεοῦ,
1052 2405 1137 2459 ὅτι
1186 2405 1248 2458 τὸ
1300 2405 1583 2460 Σάϐϐατον
1616 2394 1914 2479 ούτηρεῖ.

327 2494 516 2550 ’Ἄλλοι
547 2495 742 2564 ἔλεγον
771 2511 786 2526 ⁶
824 2497 945 2562 [Ιῶς
980 2498 1204 2553 δύναται
1248 2498 1537 2571 ἅνθρωπος
1597 2500 1920 2571 ἁμαρτωλὸς

325 2587 561 2640 τοιαῦτα
595 2589 802 2657 σημεῖα
829 2591 1041 2657 ποιεῖν;
1075 2592 1186 2645 Καὶ
1219 2591 1425 2664 σχίσμα
1458 2587 1526 2664 ἦν
1555 2593 1614 2645 ὲν
1644 2592 1850 2656 αὐτοῖς.
1894 2613 1913 2645 ι

336 2676 559 2748 Ἐπειδὴ
620 2681 648 2731 6
703 2678 909 2749 Κύριος
946 2679 1291 2752 θεραπεύων,
1348 2683 1445 2736 καὶ
1478 2681 1666 2754 Οαῦμα
1724 2683 1916 2750 ποιῶν,

325 2768 519 2823 εἴωθεν
566 2770 813 2824 ἐκνεύειν
863 2772 953 2825 διὰ
995 2772 1058 2826 τὸ
1093 2772 1470 2845 ἁκόμπαστον,
1532 2774 1834 2845 ἐρωτηθεὶς
1889 2775 1920 2827 ό

322 2857 546 2925 τυφλὸς,
581 2859 691 2939 Ποῦ
735 2861 883 2915 ἐστιν
937 2864 1178 2930 ὲκεῖνος;
1224 2864 1424 2934 λέγει’
1470 2883 1488 2917 ι
1536 2866 1652 2920 Οὐκ
1683 2862 1841 2932 οἴδα,
1894 2884 1913 2918 ι

325 2950 608 3023 ἀληθεύων
638 2953 860 3018 πάντως
914 2956 1014 3010 κάν
1058 2959 1287 3030 τούτῳ.ξ
1314 2976 1333 3011 ι
1378 2959 1610 3029 ’Δγουσι
1651 2959 1709 3012 δὲ
1754 2959 1920 3014 αὐτὸν

326 3043 466 3114 πρὸς
494 3044 623 3110 τοὺς
648 3047 1003 3119 Φαρισαίους,
1047 3069 1066 3103 ι
1108 3051 1198 3105 διὰ
1247 3051 1310 3105 τὸ
1358 3051 1725 3123 σφοδροτέρας
1778 3053 1919 3123 ἐρω-

326 3137 542 3204 τήσεως
564 3138 660 3193 καὶ
712 3139 1046 3212 δριμυτέρας
1090 3142 1411 3214 ἀξιωθῆναι.
1468 3143 1921 3215 Ἐπισημαίνεται

2022 1481 2214 1557 διόπερ
2252 1486 2354 1539 οὐκ
2404 1487 2640 1555 ἐπέγνω,
2695 1482 2817 1537 ούδὲ
2873 1480 3256 1555 προστίοησιν,
3310 1478 3484 1542 οὕτως
3535 1471 3605 1549 ἦν

2099 1666 2262 1722 Vens.
2292 1665 2478 1722 lii-f6.
2516 1684 2533 1717 ι
2586 1664 2846 1719 Dixerunt
2887 1679 3018 1734 ergo
3065 1663 3157 1720 ei:
3212 1662 3312 1719 Ubi
3364 1672 3443 1718 est
3483 1662 3611 1717 ille?

2022 1759 2151 1814 Ait:
2181 1757 2397 1813 Nescio.
2427 1758 2717 1813 Adducunt
2764 1758 2829 1811 ad
2872 1757 3178 1812 Pbarismos
3224 1772 3346 1811 eum
3379 1757 3470 1825 qui
3507 1757 3609 1809 dn-

2024 1850 2148 1904 dum
2178 1865 2353 1904 caecus
2385 1849 2584 1904 fuerat.
2618 1847 2744 1902 Erat
2769 1859 2946 1902 autem
2971 1846 3410 1902 Salibatum‘cnm
3440 1848 3608 1901 lutunt

2022 1941 2228 1997 faceret
2270 1940 2450 2007 .lesus,
2483 1950 2538 1995 et
2572 1941 2813 2009 aperiret
2837 1941 3025 1995 oculos
3073 1939 3211 2008 ejus.
3247 1939 3446 1994 Iterum
3479 1954 3611 2007 ergo

2023 2036 2429 2105 interrogabant
2457 2033 2624 2107 636
2649 2049 2771 2090 eum
2822 2043 2876 2088 et
2919 2031 3196 2100 Pharisaei,
3224 2032 3495 2102 quomodo
3528 2032 3573 2083 vi
3593 2060 3655 2105 τα

2022 2143 2141 2185 sum
2187 2128 2503 2198 recepisset.
2552 2126 2644 2182 Ille
2679 2137 2855 2183 autem
2891 2127 3028 2181 dixit
3071 2128 3189 2182 eis:
3241 2124 3438 2179 Lutum
3479 2124 3609 2179 mibi

2023 2221 2280 2293 imposuit
2315 2236 2479 2291 super
2507 2221 2716 2289 oculos,
2749 2229 2804 2276 et
2845 2221 2992 2289 lavi,
3025 2231 3081 2277 et
3125 2222 3305 2276 video.
3352 2219 3612 2274 Dietebant

2022 2329 2154 2382 ergo
2171 2330 2235 2369 ex
2252 2314 2538 2369 Pharisaeis
2567 2316 2784 2384 quidam
2810 2330 2825 2369 :
2853 2312 2967 2370 Non
2990 2322 3073 2370 est
3100 2313 3190 2368 bic
3217 2312 3382 2368 bomo
3413 2329 3439 2365 ει
3473 2310 3609 2377 Dea,

2023 2408 2148 2476 qnia
2186 2405 2483 2463 Sabbatum
2514 2424 2624 2463 non
2653 2410 2928 2463 observat.
2963 2407 3065 2462 Alii
3103 2420 3284 2462 autem
3315 2406 3606 2460 dicebant:

2021 2495 2305 2563 Quomodo
2337 2505 2515 2566 potest
2562 2497 2726 2553 bomo
2767 2505 3023 2568 peccator
3056 2497 3173 2550 baac
3209 2495 3358 2563 signa
3399 2494 3612 2547 edere?

2026 2589 2091 2646 Et
2127 2590 2395 2646 dissensio
2445 2599 2565 2646 erat
2617 2591 2759 2646 inter
2816 2604 2935 2646 eos.
2976 2608 2994 2641 ι
3032 2588 3300 2656 Quoniam
3350 2586 3609 2641 Donnnus

2029 2696 2233 2737 sanans
2262 2690 2317 2736 et
2342 2681 2666 2737 miraculum
2696 2680 2926 2748 faciens,
2959 2686 3340 2742 consueverat,
3371 2692 3435 2732 eo
3463 2677 3612 2748 quod

2027 2771 2237 2827 alienus
2272 2780 2419 2826 esset
2458 2772 2526 2824 ab
2559 2770 2950 2833 ostentatione,
2975 2767 3236 2824 secedere
3259 2808 3272 2831 ,
3306 2765 3611 2833 interroga-

2026 2874 2115 2919 tus
2146 2879 2342 2927 caecus,
2385 2882 2403 2915 ι
2444 2862 2544 2918 Ubi
2575 2871 2660 2918 est
2694 2863 2829 2918 ille?
2861 2882 2878 2915 ι
2918 2862 3072 2924 dicit,
3116 2879 3135 2913 ι
3186 2859 3420 2914 Nescio:
3459 2876 3477 2909 ι
3516 2872 3613 2910 ve-

2026 2970 2145 3010 rum
2182 2956 2406 3010 omnino
2458 2954 2685 3026 loquens
2738 2963 2793 3010 et
2845 2954 2897 3008 in
2945 2954 3071 3008 hoc.
3126 2971 3145 3004 ι
3189 2952 3399 3005 Ducunt
3428 2959 3610 3004 autem

2027 3047 2177 3103 illum
2227 3047 2293 3102 ad
2342 3045 2671 3113 Pbarisacos,
2708 3065 2726 3099 ι
2782 3057 2836 3100 ιιι
2879 3045 3190 3116 diligentius
3246 3054 3319 3101 et-
3363 3044 3611 3099 exactius

2027 3140 2478 3213 interrogaretur.
2500 3139 2675 3196 Porro
2710 3139 3038 3211 evangelista
3075 3138 3371 3210 assignavit
3404 3137 3613 3193 Sabba-

327 3227 384 3282 δὲ
411 3231 441 3283 6
468 3231 891 3306 εύαγγελιστὴς,
922 3235 1007 3289 ὅτι
1039 3237 1319 3291 Σάϐϐατον
1344 3234 1437 3310 ἦν,
1485 3238 1574 3292 ἵνα
1604 3237 1911 3309 ἐνδείξηται

2024 3242 2131 3287 tum
2166 3250 2308 3298 esse,
2351 3243 2408 3288 ιιι
2439 3234 2763 3290 ostendatur
2790 3234 2994 3288 malitia
3033 3233 3275 3299 illorum,
3311 3232 3453 3304 quod
3476 3246 3613 3287 con-

325 3322 425 3391 τὴν
459 3325 736 3397 πονηρίαν
791 3327 997 3398 αὐτῶν,
1048 3329 1126 3394 ὡς
1172 3330 1558 3402 δρασσομένων
1613 3333 1918 3404 προφάσεις

326 3415 473 3469 κατὰ
497 3418 761 3487 Χριστοῦ,
797 3420 891 3475 καὶ
920 3421 1299 3490 ἐγκαλούντων
1334 3420 1486 3494 αὐτῷ
1511 3423 1611 3496 τὴν
1643 3424 1737 3479 τοῦ
1775 3426 1920 3479 Σαϐ-

326 3508 493 3562 ϐάτου
527 3510 861 3583 παράϐασιν,
895 3514 993 3568 καὶ
1020 3513 1109 3569 διὰ
1142 3514 1346 3587 ταύτην
1375 3517 1692 3582 συσκιάζειν
1714 3535 1918 3590 πειρωο

335 3599 514 3668 μένων
542 3601 602 3654 τὸ
634 3603 863 3674 θαῦμα·
912 3604 995 3659 διὸ
1048 3607 1170 3661 οὐδὲ
1214 3609 1494 3680 ἐρωτῶσιν
1546 3609 1729 3675 αὐτὸν,
1791 3610 1919 3673 Πῶς

326 3691 652 3764 ἀνέϐλεψας,
669 3694 829 3763 ἀλλὰ,
852 3716 870 3750 ι
896 3699 1020 3763 Πῶς
1035 3700 1239 3773 ἀνέῳξε
1255 3719 1347 3756 σου
1370 3704 1496 3768 τοὺς
1513 3702 1860 3773 όφθαλμούςς
1894 3722 1912 3756 ι

325 3785 388 3837 τὸ
416 3785 541 3839 ὅλον
569 3787 950 3857 διαϐάλλοντες
983 3793 1073 3847 τὸν
1092 3795 1320 3867 Κύριον,
1344 3797 1420 3861 ὡς
1453 3799 1512 3852 ὲν
1537 3796 1616 3869 τῷ
1655 3798 1918 3871 Σαϐϐάτῳ

326 3878 731 3952 ἐργασάμενον,
771 3885 1172 3954 ἀναγκάζοντες
1203 3888 1368 3943 αὑτὸν
1399 3890 1492 3945 τὸν
1555 3890 1759 3960 τυφλὸν
1798 3891 1921 3946 ἑπι-

333 3971 667 4044 μνησθῆναι,
706 3977 790 4031 ὅτι
821 3978 991 4051 πηλὸν
1034 3981 1294 4053 ἐποίησεν
1325 3983 1384 4035 ὲν
1410 3981 1490 4054 τῷ
1515 3982 1783 4056 Σαϐϐάτῳ
1821 3984 1918 4057 δη-

324 4065 482 4136 λαδή.
513 4066 685 4132 Αὐτὸς
700 4068 760 4125 δὲ
789 4070 864 4135 ὡς
887 4072 1022 4143 πρὸς
1052 4074 1360 4145 ἀκηκοότας
1383 4076 1485 4148 ἤδη
1507 4076 1915 4148 διαλεγόμενος,

325 4155 453 4211 οὔτε
489 4158 585 4214 τοῦ
634 4162 900 4233 ὀνόματος
929 4167 1024 4220 τοῦ
1081 4166 1254 4239 Ἰησοῦ
1300 4171 1655 4241 μνημονεύει,
1685 4171 1809 4226 οὔτε
1864 4170 1918 4226 τί

328 4251 469 4322 πρὸς
503 4250 669 4307 αὐτὸν
696 4257 724 4308 6
758 4256 962 4329 Κύριος
993 4244 1278 4329 ἐλάλησέν,
1330 4262 1449 4315 ἀλλ’
1506 4262 1541 4336 ἢ
1598 4263 1783 4333 μόνον,
1831 4252 1916 4317 δτι

334 4362 356 4393 ι
392 4344 574 4414 Πηλὸν
596 4346 869 4418 ἐπέθηκεν
897 4351 989 4404 ἐπὶ
1017 4353 1146 4417 τοὺς
1178 4353 1492 4425 ὀφθαλμούς
1526 4372 1651 4426 μου,
1682 4357 1777 4409 καὶ
1806 4356 1918 4409 ὲνι-

323 4434 541 4507 ψάμην,
577 4440 674 4494 καὶ
715 4441 917 4512 βλέπω.
969 4463 986 4495 ι
1052 4442 1212 4509 Εἰκὸς
1249 4445 1359 4516 γάρ
1392 4441 1461 4518 ἦν
1508 4446 1916 4518 προακηκοέναι

325 4530 457 4593 τοὺς
483 4532 813 4603 Φαρισαίους
856 4536 1008 4607 παρὰ
1041 4536 1150 4589 τῶν
1180 4538 1273 4590 καὶ
1311 4538 1404 4591 τὸν
1439 4537 1640 4608 τυφλὸν
1673 4537 1913 4607 ἀγαγόν-

325 4638 439 4675 των
480 4623 618 4696 πρὸς
650 4625 870 4691 αὐτοὺς,
911 4628 1311 4683 διαϐαλλόντων
1363 4630 1493 4694 ἴσως
1542 4629 1911 4702 τὸν-Κύριον,

327 4714 425 4767 καὶ
449 4714 715 4769 εἰπόντων
741 4717 808 4770 ἄν
831 4733 846 4749 ο
893 4720 998 4773 Ἴδε
1022 4715 1110 4773 οἷα
1146 4724 1293 4775 ποιεῖ
1322 4725 1378 4775 ἐν
1419 4700 1685 4795 Σαϐϐάτῷ
1714 4726 1741 4778 6
1778 4700 1914 4796 -Ἶη-

334 4809 482 4873 σοῦς.
532 4811 720 4877 Ἀξιον
752 4813 809 4867 δὲ
859 4815 988 4869 ίδεῖν
1051 4817 1148 4889 τὴν
1199 4820 1515 4891 παρρησίαν
1555 4821 1651 4874 τοῦ
1691 4820 1918 4891 τυφλοῦ,

332 4903 484 4967 ὃπως
510 4905 606 4957 καὶ
628 4907 742 4968 τοῖς
771 4908 1096 4980 Φαρισαίοις
1122 4912 1520 4983 ἀνεκπλήκτως
1584 4914 1919 4983 διαλέγεται.

327 4996 495 5048 Αὐτοὶ
533 4996 637 5065 μὲν
667 4997 909 5069 ἤνεγκαν
939 5002 1128 5069 αύτδν,
1187 5003 1276 5057 ἵνα
1308 5004 1385 5075 τῷ
1439 5006 1589 5078 φόϐῳ
1637 5007 1922 5061 καταπλα-

332 5089 472 5155 γεὶς,
503 5089 806 5163 άρνήσηται
863 5096 965 5167 τὴν
1009 5097 1350 5170 θεραπείαν*
1397 5103 1425 5154 6
1462 5101 1520 5155 δὲ
1576 5099 1920 5174 τρανώτερον

330 5180 522 5253 ἐκϐοᾷ,
553 5182 637 5236 ὅτι
668 5202 688 5234 ι
726 5186 939 5243 Βλέπω.
973 5209 990 5240 ι
1010 5180 1107 5241 -ἑ-ι
1152 5192 1378 5261 Ἔλεγον
1402 5188 1495 5247 οὖν
1537 5195 1602 5248 ὲκ
1625 5195 1733 5249 τῶν
1748 5193 1919 5266 Φαρι-

331 5274 505 5330 σαίων
520 5275 691 5344 τινὲς,
727 5296 747 5331 ι
809 5280 926 5334 ἀλλ’
966 5284 1084 5355 οὐχὶ
1129 5287 1351 5350 πάντες,
1405 5285 1543 5341 ἀλλὰ
1591 5290 1641 5342 οί
1703 5288 1919 5360 ιταμώ-

328 5381 481 5435 τεροι
508 5382 523 5397 ’
557 5385 576 5418 ι
613 5362 784 5433 Οὗτος
806 5372 835 5424 6
872 5372 1157 5445 ἄνθρωπος
1186 5376 1286 5429 οὐκ
1323 5377 1470 5430 ἔστιν
1497 5380 1561 5431 ὲκ
1605 5378 1702 5433 τοῦ
1755 5378 1914 5435 Θεοῦ.

332 5457 524 5512 Ἀλλοι
553 5458 610 5513 δὲ
632 5459 839 5529 ἔλεγον⁹
865 5463 947 5518 ὅτι
995 5465 1120 5529 [ιὼς
1152 5467 1378 5521 δύναται
1410 5467 1698 5543 ἄνθρωπος
1726 5473 1914 5543 ἁμαρ·

326 5548 502 5614 τωλδς
564 5551 796 5607 τοιαῦτα
844 5558 1055 5623 ποιεῑν;
1095 5576 1116 5611 ι
1158 5557 1322 5630 Ὁρᾷς
1369 5559 1495 5624 τοὺς
1530 5561 1760 5632 πολλοὺς
1811 5561 1922 5615 ἀπὸ

326 5638 438 5693 τῶν
466 5643 715 5712 σημείων
746 5644 1222 5720 μαλαττομένουςς
1275 5651 1405 5706 Ἰδοὺ
1460 5648 1604 5709 οὗτοι
1631 5655 1916 5726 Φαρισαῖοι

328 5735 431 5789 καὶ
475 5736 762 5806 ἄρχοντες,
809 5739 960 5812 ὅμως
1019 5742 1130 5796 ἀπὸ
1178 5741 1275 5797 τοῦ
1326 5746 1558 5815 σημείου
1610 5748 1918 5802 καταδυσωο

331 5823 583 5892 ποῖον-τοι,
624 5847 718 5883 και
756 5831 1323 5903 ύπεραπολογοῦνται,
1372 5855 1391 5888 ι
1458 5838 1554 5893 καὶ
1605 5840 1811 5912 σχίσμα
1846 5834 1915 5912 ἦν

407 6008 451 6038 ³⁸
481 6007 637 6065 .loau.
679 6027 754 6078 ix,
793 6010 847 6079 ι,
877 6011 931 6067 5.
1006 6013 1050 6046 ³³
1080 6010 1237 6069 Joan.
1261 6029 1357 6087 vn,
1390 6015 1487 6072 .12.

1940 4579 1996 4641 D

2024 3336 2103 3381 tra
2134 3325 2412 3384 Clu-istum
2444 3328 2897 3397 apprehenderint
2929 3326 3273 3387 occasionem
3296 3367 3312 3393 ,
3345 3334 3400 3381 et
3427 3339 3613 3395 argue-

2023 3420 2134 3475 rint
2197 3419 2344 3474 illum
2403 3431 2623 3491 propter
2688 3418 3039 3475 violationem
3095 3418 3361 3482 Sabbati,
3424 3426 3481 3474 et
3535 3421 3611 3472 ita

2024 3514 2286 3570 teutarint
2316 3514 2647 3569 adumbrare
2696 3511 3044 3568 miraculum.
3090 3511 3382 3582 Propterea
3436 3525 3613 3582 neque

2024 3607 2363 3678 interrogant
2393 3608 2543 3662 illum
2585 3606 2871 3674 Quomodo
2895 3606 3111 3672 viderit,
3143 3606 3237 3661 sed
3266 3624 3285 3658 ι
3324 3605 3611 3672 Quomodo

2023 3699 2213 3755 oculos
2261 3699 2381 3769 ejus
2420 3698 2721 3769 aperuerit,
2762 3717 2782 3751 ι
2833 3712 2929 3768 per
2973 3696 3153 3752 omnia
3209 3695 3612 3751 calumniantes

2025 3791 2338 3856 Dominum,
2368 3791 2590 3863 quodin
2626 3790 2864 3846 Sabbato
2893 3799 3150 3861 Operatus
3192 3788 3377 3854 fuerit,
3410 3804 3612 3858 cogen-

2025 3895 2107 3938 tes
2139 3883 2287 3938 illum
2316 3899 2518 3938 czecnm
2543 3897 2995 3948 commemorare,
3024 3881 3165 3952 quod
3193 3882 3362 3936 lutum
3392 3878 3607 3944 fecerit,

2024 3976 2076 4031 in
2129 3974 2368 4031 Sabbato
2399 3976 2629 4032 scilicet.
2675 3975 2797 4046 Ipse
2849 3982 3031 4030 autem
3081 3974 3223 4030 sicut
3275 3975 3342 4028 ad
3392 3988 3485 4028 eos
3517 3973 3635 4043 qui

2022 4068 2448 4137 audierantiam
2479 4068 2730 4137 loquens,
2765 4080 2941 4137 neque
2974 4066 3213 4122 nominis
3237 4064 3366 4122 Iesu
3402 4080 3612 4121 memor

2022 4174 2125 4227 est,
2171 4178 2346 4235 neque
2369 4164 2500 4234 quid
2528 4164 2595 4219 ad
2623 4164 2797 4235 ipsum
2823 4162 3089 4240 Dominus
3121 4161 3344 4229 dixerit,
3383 4161 3480 4218 sed
3517 4177 3611 4217 so~

2025 4258 2159 4321 lum,
2195 4275 2212 4308 ι
2252 4254 2448 4311 Lutum
2482 4257 2739 4324 imposuit
2770 4274 2934 4327 super
2956 4259 3142 4314 oculos
3174 4272 3348 4324 meos,
3381 4266 3435 4311 et
3478 4256 3610 4325 lavi,

2023 4356 2079 4403 et
2126 4347 2300 4404 video.
2351 4369 2371 4402 ι
2410 4348 2718 4405 Verisimile
2770 4351 2914 4407 enim
2966 4349 3063 4406 fuit
3112 4352 3254 4423 quod
3302 4351 3614 4405 andiverint

2021 4439 2278 4505 Pharisaei
2312 4442 2381 4498 ab
2410 4441 2476 4497 iis
2508 4444 2600 4513 qui
2638 4444 2982 4499 adducebant
3013 4444 3188 4512 ipsum
3224 4444 3291 4497 ad
3323 4442 3464 4507 illos,
3518 4441 3611 4512 qui

2023 4534 2162 4590 forte
2193 4535 2526 4591 accusabant
2563 4536 2845 4591 Dominum
2885 4546 2940 4592 et
2985 4537 3262 4601 dicebant,
3302 4536 3443 4593 Ecce
3473 4551 3647 4607 qna-,

2026 4628 2095 4682 lia
2127 4627 2254 4683 facit
2300 4627 2354 4682 in
2390 4626 2630 4684 Sabbato
2663 4628 2861 4685 Jesus.
2912 4628 3102 4700 Opera:
3151 4631 3383 4700 pretium
3427 4639 3609 4684 autem

2026 4729 2109 4775 est
2149 4720 2333 4776 videre
2362 4722 2489 4777 caeci
2522 4722 2574 4776 in
2605 4722 2835 4777 dicendo
2877 4724 3204 4790 libertatem,
3245 4732 3305 4778 ut
3336 4734 3388 4777 et
3419 4722 3614 4778 Phari-

2027 4827 2165 4867 δάιος
2205 4813 2475 4883 impavide
2506 4813 2819 4885 alloquitur.
2872 4813 3008 4869 Nam
3063 4816 3135 4870 illi
3183 4817 3402 4887 quidem
3438 4819 3611 4870 addu-

2024 4905 2220 4960 cebant
2249 4922 2397 4974 ettrn,
2424 4916 2482 4962 ut
2513 4916 2658 4962 metu
2694 4908 2972 4978 perculsus
3004 4920 3226 4980 negaret
3246 4908 3606 4963 sanationem.

2024 5000 2198 5054 Atille
2227 5000 2731 5066 clarinsexclamat,
2754 5020 2772 5052 ι
2801 4998 2986 5058 Video.
3017 5021 3140 5054 ι-ι
3166 5002 3427 5057 Dicebant
3449 5002 3616 5071 igitur
3686 5038 3697 5048 .

2025 5076 2241 5162 quidam
2265 5108 2331 5148 ex
2362 5092 2676 5161 Pbariszris,
2704 5112 2725 5146 ι
2750 5110 2855 5149 non
2874 5109 3087 5159 omnes,
3117 5097 3210 5150 sed
3243 5095 3613 5164 impudentio-

2027 5201 2153 5240 res:
2201 5203 2220 5237 ι
2264 5185 2361 5241 llic
2404 5187 2565 5242 homo
2617 5203 2722 5242 non
2779 5198 2864 5243 est
2932 5205 2998 5242 ex
3077 5189 3210 5245 Deo.
3278 5187 3381 5241 Alii
3427 5200 3610 5241 autem

2024 5278 2313 5335 dicebant:
2372 5279 2654 5346 Quomodo
2714 5291 2895 5350 potest
2952 5281 3117 5335 homo
3171 5290 3426 5349 peccator
3484 5280 3611 5334 talia

2026 5372 2251 5427 facere?
2286 5391 2304 5425 ι
2344 5371 2509 5428 Vides
2552 5373 2753 5430 multos
2788 5390 2816 5427 a
2848 5372 3020 5443 signis
3072 5371 3335 5427 mulceri?
3387 5371 3524 5427 Ecce
3558 5380 3615 5426 et

2027 5471 2081 5525 bi
2110 5469 2475 5528 Pharis-ciet
2514 5471 2789 5540 principes
2833 5478 3028 5535 erant,
3080 5479 3319 5524 attamen
3373 5486 3402 5523 a
3454 5470 3614 5536 signo

2026 5566 2315 5634 placantur
2347 5572 2399 5617 et
2430 5562 2799 5619 defensionem
2830 5564 3159 5631 suscipiunt.
3192 5582 3209 5614 ι
3249 5564 3311 5617 Et
3341 5564 3611 5619 dissensio

2026 5664 2145 5710 erat
2185 5656 2240 5709 iu
2276 5655 2377 5710 eis.
2417 5673 2437 5708 ι
2475 5651 2601 5710 Haec
2630 5655 2896 5711 dissensio
2924 5653 3073 5725 prius
3108 5664 3226 5709 orta
3260 5654 3363 5709 fuit
3403 5655 3454 5709 in
3497 5664 3613 5708 tur-

2026 5747 2131 5803 ba:
2162 5764 2182 5799 ι
2217 5749 2261 5781 ³⁹
2287 5743 2423 5800 Nam
2454 5745 2544 5801 alii
2575 5745 3081 5816 quidemdicebant,
3117 5746 3341 5803 Seducit
3373 5749 3610 5814 turbam,

2026 5838 2119 5895 alii
2150 5847 2351 5910 autem,
2380 5837 2519 5896 Non.
2555 5856 2576 5892 ι
2612 5836 2765 5894 Nunc
2795 5846 2976 5894 autem
3031 5846 3089 5896 ct
3147 5839 3201 5895 in
3252 5837 3611 5913 principibus
