  <div class='ocr_page' id='page_1' title='image "/cluster/home/n/w/nwhite01/storage/ocr_20150623/124/hvd.32044019208206/041.png"; bbox 0 0 4060 6618; ppageno 0'>
   <div class='ocr_carea' id='block_1_1' title="bbox 478 420 3746 545">
    <p class='ocr_par' dir='ltr' id='par_1_1' title="bbox 478 420 3746 545">
     <span class='ocr_line' id='line_1_1' title="bbox 478 420 3746 545; baseline -0 -2"><span class='ocrx_word' id='word_1_1' title='bbox 478 473 543 545; x_wconf 69' lang='grc'><strong>51</strong></span> <span class='ocrx_word' id='word_1_2' title='bbox 1407 472 1992 539; x_wconf 77' lang='lat' dir='ltr'><strong>THEOPHYLACTI</strong></span> <span class='ocrx_word' id='word_1_3' title='bbox 2028 474 2443 537; x_wconf 73' lang='lat' dir='ltr'><strong>BULGARI/E</strong></span> <span class='ocrx_word' id='word_1_4' title='bbox 2467 476 2835 541; x_wconf 69' lang='lat' dir='ltr'><strong>ARCHIEP&#39;.</strong></span> <span class='ocrx_word' id='word_1_5' title='bbox 3533 420 3547 442; x_wconf 36' lang='grc' dir='ltr'><strong><em>ι</em></strong></span> <span class='ocrx_word' id='word_1_6' title='bbox 3675 477 3746 542; x_wconf 78' lang='grc'><strong>52</strong></span> 
     </span>
    </p>
   </div>
   <div class='ocr_carea' id='block_1_2' title="bbox 477 575 2059 663">
    <p class='ocr_par' dir='ltr' id='par_1_2' title="bbox 477 575 2055 658">
     <span class='ocr_line' id='line_1_2' title="bbox 477 575 2055 658; baseline -0.006 -7"><span class='ocrx_word' id='word_1_7' title='bbox 477 595 672 658; x_wconf 85' lang='lat' dir='ltr'><strong>oritur,</strong></span> <span class='ocrx_word' id='word_1_8' title='bbox 700 596 757 645; x_wconf 86' lang='lat' dir='ltr'><strong>et</strong></span> <span class='ocrx_word' id='word_1_9' title='bbox 800 584 955 643; x_wconf 76' lang='lat' dir='ltr'><strong>multi</strong></span> <span class='ocrx_word' id='word_1_10' title='bbox 983 577 1047 642; x_wconf 62' lang='grc' dir='ltr'>οἳ</span> <span class='ocrx_word' id='word_1_11' title='bbox 1091 575 1382 640; x_wconf 71' lang='lat' dir='ltr'><strong>Pharisaeis</strong></span> <span class='ocrx_word' id='word_1_12' title='bbox 1437 584 1596 641; x_wconf 82' lang='lat' dir='ltr'><strong>divisi</strong></span> <span class='ocrx_word' id='word_1_13' title='bbox 1638 585 1705 641; x_wconf 85' lang='lat' dir='ltr'><strong>ab</strong></span> <span class='ocrx_word' id='word_1_14' title='bbox 1751 585 1872 640; x_wconf 89' lang='lat' dir='ltr'><strong>aliis</strong></span> <span class='ocrx_word' id='word_1_15' title='bbox 1905 594 2055 648; x_wconf 86' lang='lat' dir='ltr'><strong>sunt.</strong></span> 
     </span>
    </p>
   </div>
   <div class='ocr_carea' id='block_1_3' title="bbox 2162 575 3757 663">
    <p class='ocr_par' dir='ltr' id='par_1_3' title="bbox 2163 584 3757 663">
     <span class='ocr_line' id='line_1_3' title="bbox 2163 584 3757 663; baseline 0.004 -25"><span class='ocrx_word' id='word_1_16' title='bbox 2163 584 2223 638; x_wconf 75' lang='grc' dir='ltr'>ἐν</span> <span class='ocrx_word' id='word_1_17' title='bbox 2258 585 2442 652; x_wconf 77' lang='grc' dir='ltr'>αὐτοῖς</span> <span class='ocrx_word' id='word_1_18' title='bbox 2476 586 2613 660; x_wconf 70' lang='lat'><strong>(29).</strong></span> <span class='ocrx_word' id='word_1_19' title='bbox 2656 607 2676 641; x_wconf 79' lang='grc' dir='ltr'><strong>ι</strong></span> <span class='ocrx_word' id='word_1_20' title='bbox 2717 588 2891 645; x_wconf 87' lang='grc' dir='ltr'>Τοῦτο</span> <span class='ocrx_word' id='word_1_21' title='bbox 2927 587 2988 644; x_wconf 83' lang='grc' dir='ltr'>τὸ</span> <span class='ocrx_word' id='word_1_22' title='bbox 3014 588 3223 662; x_wconf 87' lang='grc' dir='ltr'>σχίσμα</span> <span class='ocrx_word' id='word_1_23' title='bbox 3255 589 3524 663; x_wconf 72' lang='grc' dir='ltr'>πρότερον</span> <span class='ocrx_word' id='word_1_24' title='bbox 3566 589 3669 663; x_wconf 74' lang='grc' dir='ltr'>μὲν</span> <span class='ocrx_word' id='word_1_25' title='bbox 3697 594 3757 645; x_wconf 73' lang='grc' dir='ltr'>ἐν</span> 
     </span>
    </p>
   </div>
   <div class='ocr_carea' id='block_1_4' title="bbox 469 677 2056 757">
    <p class='ocr_par' dir='ltr' id='par_1_4' title="bbox 469 677 2056 757">
     <span class='ocr_line' id='line_1_4' title="bbox 469 677 2056 757; baseline -0.005 -14"><span class='ocrx_word' id='word_1_26' title='bbox 469 696 528 743; x_wconf 88' lang='lat' dir='ltr'><strong>et</strong></span> <span class='ocrx_word' id='word_1_27' title='bbox 571 683 991 757; x_wconf 82' lang='lat' dir='ltr'><strong>patrocinantur</strong></span> <span class='ocrx_word' id='word_1_28' title='bbox 1042 679 1329 735; x_wconf 89' lang='lat' dir='ltr'><strong>miraculo.</strong></span> <span class='ocrx_word' id='word_1_29' title='bbox 1366 677 1760 736; x_wconf 80' lang='lat' dir='ltr'><strong>Verumtamen</strong></span> <span class='ocrx_word' id='word_1_30' title='bbox 1808 681 2056 752; x_wconf 76' lang='lat' dir='ltr'><strong>quamvis</strong></span> 
     </span>
    </p>
   </div>
   <div class='ocr_carea' id='block_1_5' title="bbox 474 771 2058 845">
    <p class='ocr_par' dir='ltr' id='par_1_5' title="bbox 474 771 2058 845">
     <span class='ocr_line' id='line_1_5' title="bbox 474 771 2058 845; baseline -0.006 -9"><span class='ocrx_word' id='word_1_31' title='bbox 474 779 634 836; x_wconf 80' lang='lat' dir='ltr'><strong>divisi</strong></span> <span class='ocrx_word' id='word_1_32' title='bbox 672 774 899 841; x_wconf 78' lang='lat' dir='ltr'><strong>fuerint,</strong></span> <span class='ocrx_word' id='word_1_33' title='bbox 931 772 1297 845; x_wconf 81' lang='lat' dir='ltr'><strong>negligentius</strong></span> <span class='ocrx_word' id='word_1_34' title='bbox 1326 782 1505 827; x_wconf 87' lang='lat' dir='ltr'><strong>tamen</strong></span> <span class='ocrx_word' id='word_1_35' title='bbox 1539 772 1745 829; x_wconf 86' lang='lat' dir='ltr'><strong>instant</strong></span> <span class='ocrx_word' id='word_1_36' title='bbox 1773 788 1869 843; x_wconf 87' lang='lat' dir='ltr'><strong>pro</strong></span> <span class='ocrx_word' id='word_1_37' title='bbox 1899 771 2058 828; x_wconf 87' lang='lat' dir='ltr'><strong>Chri-</strong></span> 
     </span>
    </p>
   </div>
   <div class='ocr_carea' id='block_1_6' title="bbox 469 865 2055 938">
    <p class='ocr_par' dir='ltr' id='par_1_6' title="bbox 469 865 2055 938">
     <span class='ocr_line' id='line_1_6' title="bbox 469 865 2055 938; baseline -0.003 -12"><span class='ocrx_word' id='word_1_38' title='bbox 469 882 580 936; x_wconf 84' lang='lat' dir='ltr'><strong>sto,</strong></span> <span class='ocrx_word' id='word_1_39' title='bbox 625 878 681 925; x_wconf 89' lang='lat' dir='ltr'><strong>et</strong></span> <span class='ocrx_word' id='word_1_40' title='bbox 727 868 1042 924; x_wconf 75' lang='lat' dir='ltr'><strong>dubitanter</strong></span> <span class='ocrx_word' id='word_1_41' title='bbox 1089 876 1142 922; x_wconf 90' lang='lat' dir='ltr'><strong>et</strong></span> <span class='ocrx_word' id='word_1_42' title='bbox 1188 865 1389 937; x_wconf 83' lang='lat' dir='ltr'><strong>duplici</strong></span> <span class='ocrx_word' id='word_1_43' title='bbox 1439 866 1623 921; x_wconf 89' lang='lat' dir='ltr'><strong>animo</strong></span> <span class='ocrx_word' id='word_1_44' title='bbox 1675 866 1848 937; x_wconf 76' lang='lat' dir='ltr'><strong>magis</strong></span> <span class='ocrx_word' id='word_1_45' title='bbox 1890 882 2055 938; x_wconf 88' lang='lat' dir='ltr'><strong>quam</strong></span> 
     </span>
    </p>
   </div>
   <div class='ocr_carea' id='block_1_7' title="bbox 471 958 2058 1031">
    <p class='ocr_par' dir='ltr' id='par_1_7' title="bbox 471 958 2058 1031">
     <span class='ocr_line' id='line_1_7' title="bbox 471 958 2058 1031; baseline -0.002 -13"><span class='ocrx_word' id='word_1_46' title='bbox 471 962 718 1018; x_wconf 72' lang='lat' dir='ltr'><strong>firmiter.</strong></span> <span class='ocrx_word' id='word_1_47' title='bbox 748 960 886 1017; x_wconf 74' lang='lat' dir='ltr'><strong>Audi</strong></span> <span class='ocrx_word' id='word_1_48' title='bbox 919 960 1062 1016; x_wconf 88' lang='lat' dir='ltr'><strong>enim</strong></span> <span class='ocrx_word' id='word_1_49' title='bbox 1090 959 1219 1031; x_wconf 86' lang='lat' dir='ltr'><strong>quid</strong></span> <span class='ocrx_word' id='word_1_50' title='bbox 1248 959 1467 1015; x_wconf 89' lang='lat' dir='ltr'><strong>dicant:</strong></span> <span class='ocrx_word' id='word_1_51' title='bbox 1508 977 1527 1012; x_wconf 77' lang='grc' dir='ltr'><strong>ι</strong></span> <span class='ocrx_word' id='word_1_52' title='bbox 1563 958 1851 1026; x_wconf 87' lang='lat' dir='ltr'><strong>Quomodo</strong></span> <span class='ocrx_word' id='word_1_53' title='bbox 1881 969 2058 1029; x_wconf 81' lang='lat' dir='ltr'><strong>potest</strong></span> 
     </span>
    </p>
   </div>
   <div class='ocr_carea' id='block_1_8' title="bbox 470 1050 2058 1124">
    <p class='ocr_par' dir='ltr' id='par_1_8' title="bbox 470 1050 2058 1124">
     <span class='ocr_line' id='line_1_8' title="bbox 470 1050 2058 1124; baseline -0.001 -14"><span class='ocrx_word' id='word_1_54' title='bbox 470 1055 635 1111; x_wconf 85' lang='lat' dir='ltr'><strong>homo</strong></span> <span class='ocrx_word' id='word_1_55' title='bbox 661 1062 917 1124; x_wconf 82' lang='lat' dir='ltr'><strong>peccator</strong></span> <span class='ocrx_word' id='word_1_56' title='bbox 960 1052 1090 1108; x_wconf 87' lang='lat' dir='ltr'><strong>talia</strong></span> <span class='ocrx_word' id='word_1_57' title='bbox 1139 1050 1372 1108; x_wconf 77' lang='lat' dir='ltr'><strong>facere?</strong></span> <span class='ocrx_word' id='word_1_58' title='bbox 1414 1071 1434 1105; x_wconf 75' lang='grc' dir='ltr'><strong>ι</strong></span> <span class='ocrx_word' id='word_1_59' title='bbox 1469 1051 1631 1108; x_wconf 84' lang='lat' dir='ltr'><strong>Vides</strong></span> <span class='ocrx_word' id='word_1_60' title='bbox 1672 1065 1834 1120; x_wconf 89' lang='lat' dir='ltr'><strong>quam</strong></span> <span class='ocrx_word' id='word_1_61' title='bbox 1866 1053 2058 1108; x_wconf 83' lang='lat' dir='ltr'><strong>leviter</strong></span> 
     </span>
    </p>
   </div>
   <div class='ocr_carea' id='block_1_9' title="bbox 471 1145 2058 1218">
    <p class='ocr_par' dir='ltr' id='par_1_9' title="bbox 471 1145 2058 1218">
     <span class='ocr_line' id='line_1_9' title="bbox 471 1145 2058 1218; baseline -0.001 -16"><span class='ocrx_word' id='word_1_62' title='bbox 471 1147 744 1216; x_wconf 77' lang='lat' dir='ltr'><strong>urgeant?</strong></span> <span class='ocrx_word' id='word_1_63' title='bbox 771 1145 907 1203; x_wconf 86' lang='lat' dir='ltr'><strong>Vide</strong></span> <span class='ocrx_word' id='word_1_64' title='bbox 933 1156 1114 1202; x_wconf 88' lang='lat' dir='ltr'><strong>autem</strong></span> <span class='ocrx_word' id='word_1_65' title='bbox 1140 1154 1194 1201; x_wconf 88' lang='lat' dir='ltr'><strong>et</strong></span> <span class='ocrx_word' id='word_1_66' title='bbox 1221 1146 1487 1202; x_wconf 78' lang='lat' dir='ltr'><strong>malitiam</strong></span> <span class='ocrx_word' id='word_1_67' title='bbox 1517 1161 1708 1202; x_wconf 90' lang='lat' dir='ltr'><strong>eorum</strong></span> <span class='ocrx_word' id='word_1_68' title='bbox 1740 1147 1833 1218; x_wconf 87' lang='lat' dir='ltr'><strong>qui</strong></span> <span class='ocrx_word' id='word_1_69' title='bbox 1869 1146 2058 1203; x_wconf 86' lang='lat' dir='ltr'><strong>crimi-</strong></span> 
     </span>
    </p>
   </div>
   <div class='ocr_carea' id='block_1_10' title="bbox 469 1240 2053 1308">
    <p class='ocr_par' dir='ltr' id='par_1_10' title="bbox 469 1240 2053 1308">
     <span class='ocr_line' id='line_1_10' title="bbox 469 1240 2053 1308; baseline 0 -11"><span class='ocrx_word' id='word_1_70' title='bbox 469 1251 695 1298; x_wconf 85' lang='lat' dir='ltr'><strong>nantur.</strong></span> <span class='ocrx_word' id='word_1_71' title='bbox 722 1241 840 1297; x_wconf 83' lang='lat' dir='ltr'><strong>Non</strong></span> <span class='ocrx_word' id='word_1_72' title='bbox 875 1242 1021 1297; x_wconf 88' lang='lat' dir='ltr'><strong>enim</strong></span> <span class='ocrx_word' id='word_1_73' title='bbox 1073 1241 1306 1298; x_wconf 92' lang='lat' dir='ltr'><strong>dicunt:</strong></span> <span class='ocrx_word' id='word_1_74' title='bbox 1372 1240 1474 1297; x_wconf 85' lang='lat' dir='ltr'><strong>llic</strong></span> <span class='ocrx_word' id='word_1_75' title='bbox 1521 1256 1629 1297; x_wconf 87' lang='lat' dir='ltr'><strong>non</strong></span> <span class='ocrx_word' id='word_1_76' title='bbox 1676 1252 1762 1299; x_wconf 90' lang='lat' dir='ltr'><strong>est</strong></span> <span class='ocrx_word' id='word_1_77' title='bbox 1805 1257 1872 1299; x_wconf 78' lang='lat' dir='ltr'><strong>ex</strong></span> <span class='ocrx_word' id='word_1_78' title='bbox 1923 1241 2053 1308; x_wconf 82' lang='lat' dir='ltr'><strong>Deo.</strong></span> 
     </span>
    </p>
   </div>
   <div class='ocr_carea' id='block_1_11' title="bbox 466 1331 2056 1405">
    <p class='ocr_par' dir='ltr' id='par_1_11' title="bbox 466 1331 2056 1405">
     <span class='ocr_line' id='line_1_11' title="bbox 466 1331 2056 1405; baseline 0.001 -17"><span class='ocrx_word' id='word_1_79' title='bbox 466 1335 592 1405; x_wconf 86' lang='lat' dir='ltr'><strong>quia</strong></span> <span class='ocrx_word' id='word_1_80' title='bbox 621 1333 677 1389; x_wconf 89' lang='lat' dir='ltr'><strong>in</strong></span> <span class='ocrx_word' id='word_1_81' title='bbox 706 1333 944 1389; x_wconf 89' lang='lat' dir='ltr'><strong>Sabhato</strong></span> <span class='ocrx_word' id='word_1_82' title='bbox 968 1342 1121 1388; x_wconf 85' lang='lat' dir='ltr'><strong>sanat</strong></span> <span class='ocrx_word' id='word_1_83' title='bbox 1148 1349 1162 1399; x_wconf 93' lang='lat'><strong>;</strong></span> <span class='ocrx_word' id='word_1_84' title='bbox 1186 1334 1303 1400; x_wconf 86' lang='lat' dir='ltr'><strong>sed,</strong></span> <span class='ocrx_word' id='word_1_85' title='bbox 1341 1351 1359 1386; x_wconf 82' lang='grc' dir='ltr'><strong>ι</strong></span> <span class='ocrx_word' id='word_1_86' title='bbox 1401 1331 1539 1401; x_wconf 83' lang='lat' dir='ltr'><strong>Quia</strong></span> <span class='ocrx_word' id='word_1_87' title='bbox 1595 1331 1890 1389; x_wconf 87' lang='lat' dir='ltr'><strong>Sabhatum</strong></span> <span class='ocrx_word' id='word_1_88' title='bbox 1948 1348 2056 1389; x_wconf 92' lang='lat' dir='ltr'><strong>nou</strong></span> 
     </span>
    </p>
   </div>
   <div class='ocr_carea' id='block_1_12' title="bbox 466 1425 2055 1495">
    <p class='ocr_par' dir='ltr' id='par_1_12' title="bbox 466 1425 2055 1495">
     <span class='ocr_line' id='line_1_12' title="bbox 466 1425 2055 1495; baseline 0.001 -14"><span class='ocrx_word' id='word_1_89' title='bbox 466 1436 697 1482; x_wconf 84' lang='lat' dir='ltr'><strong>servat:</strong></span> <span class='ocrx_word' id='word_1_90' title='bbox 737 1445 755 1479; x_wconf 83' lang='lat' dir='ltr'><strong>r</strong></span> <span class='ocrx_word' id='word_1_91' title='bbox 788 1441 1010 1482; x_wconf 85' lang='lat' dir='ltr'><strong>sursum</strong></span> <span class='ocrx_word' id='word_1_92' title='bbox 1039 1428 1403 1495; x_wconf 87' lang='lat' dir='ltr'><strong>deorsumque</strong></span> <span class='ocrx_word' id='word_1_93' title='bbox 1432 1440 1537 1480; x_wconf 91' lang='lat' dir='ltr'><strong>non</strong></span> <span class='ocrx_word' id='word_1_94' title='bbox 1572 1425 1893 1481; x_wconf 83' lang='lat' dir='ltr'><strong>beneﬁcium</strong></span> <span class='ocrx_word' id='word_1_95' title='bbox 1913 1465 1930 1492; x_wconf 92' lang='lat'><strong>,</strong></span> <span class='ocrx_word' id='word_1_96' title='bbox 1962 1426 2055 1483; x_wconf 86' lang='lat' dir='ltr'><strong>sed</strong></span> 
     </span>
    </p>
   </div>
   <div class='ocr_carea' id='block_1_13' title="bbox 466 1518 2057 1587">
    <p class='ocr_par' dir='ltr' id='par_1_13' title="bbox 466 1518 2057 1587">
     <span class='ocr_line' id='line_1_13' title="bbox 466 1518 2057 1587; baseline 0 -14"><span class='ocrx_word' id='word_1_97' title='bbox 466 1519 576 1574; x_wconf 88' lang='lat' dir='ltr'><strong>dici</strong></span> <span class='ocrx_word' id='word_1_98' title='bbox 625 1519 972 1575; x_wconf 79' lang='lat' dir='ltr'><strong>violationem</strong></span> <span class='ocrx_word' id='word_1_99' title='bbox 1024 1518 1457 1587; x_wconf 88' lang='lat' dir='ltr'><strong>pronuntiantes.</strong></span> <span class='ocrx_word' id='word_1_100' title='bbox 1516 1518 1728 1573; x_wconf 85' lang='lat' dir='ltr'><strong>Annota</strong></span> <span class='ocrx_word' id='word_1_101' title='bbox 1768 1528 1948 1574; x_wconf 87' lang='lat' dir='ltr'><strong>autem</strong></span> <span class='ocrx_word' id='word_1_102' title='bbox 2001 1527 2057 1573; x_wconf 91' lang='lat' dir='ltr'><strong>et</strong></span> 
     </span>
    </p>
   </div>
   <div class='ocr_carea' id='block_1_14' title="bbox 464 1596 2054 1683">
    <p class='ocr_par' dir='ltr' id='par_1_14' title="bbox 464 1596 2054 1683">
     <span class='ocr_line' id='line_1_14' title="bbox 464 1596 2054 1683; baseline 0.001 -16"><span class='ocrx_word' id='word_1_103' title='bbox 464 1608 595 1674; x_wconf 86' lang='lat' dir='ltr'><strong>hoc,</strong></span> <span class='ocrx_word' id='word_1_104' title='bbox 626 1610 790 1683; x_wconf 73' lang='lat'><strong>637</strong></span> <span class='ocrx_word' id='word_1_105' title='bbox 811 1612 1084 1682; x_wconf 86' lang='lat' dir='ltr'><strong>quomodo</strong></span> <span class='ocrx_word' id='word_1_106' title='bbox 1106 1610 1381 1682; x_wconf 87' lang='lat' dir='ltr'><strong>principes</strong></span> <span class='ocrx_word' id='word_1_107' title='bbox 1401 1596 1677 1681; x_wconf 79' lang='lat' dir='ltr'><strong>segniores</strong></span> <span class='ocrx_word' id='word_1_108' title='bbox 1704 1626 1863 1680; x_wconf 87' lang='lat' dir='ltr'><strong>quam</strong></span> <span class='ocrx_word' id='word_1_109' title='bbox 1898 1611 2054 1667; x_wconf 88' lang='lat' dir='ltr'><strong>turba</strong></span> 
     </span>
    </p>
   </div>
   <div class='ocr_carea' id='block_1_15' title="bbox 467 1701 2057 1774">
    <p class='ocr_par' dir='ltr' id='par_1_15' title="bbox 467 1701 2057 1774">
     <span class='ocr_line' id='line_1_15' title="bbox 467 1701 2057 1774; baseline 0.001 -17"><span class='ocrx_word' id='word_1_110' title='bbox 467 1704 580 1757; x_wconf 87' lang='lat' dir='ltr'><strong>sint</strong></span> <span class='ocrx_word' id='word_1_111' title='bbox 620 1705 673 1758; x_wconf 90' lang='lat' dir='ltr'><strong>in</strong></span> <span class='ocrx_word' id='word_1_112' title='bbox 710 1703 873 1760; x_wconf 88' lang='lat' dir='ltr'><strong>bono.</strong></span> <span class='ocrx_word' id='word_1_113' title='bbox 911 1703 1046 1758; x_wconf 85' lang='lat' dir='ltr'><strong>Nam</strong></span> <span class='ocrx_word' id='word_1_114' title='bbox 1078 1701 1234 1757; x_wconf 86' lang='lat' dir='ltr'><strong>turba</strong></span> <span class='ocrx_word' id='word_1_115' title='bbox 1265 1703 1483 1774; x_wconf 83' lang='lat' dir='ltr'><strong>quidem</strong></span> <span class='ocrx_word' id='word_1_116' title='bbox 1529 1702 1683 1774; x_wconf 78' lang='lat' dir='ltr'><strong>prius</strong></span> <span class='ocrx_word' id='word_1_117' title='bbox 1731 1701 1905 1758; x_wconf 87' lang='lat' dir='ltr'><strong>divisa</strong></span> <span class='ocrx_word' id='word_1_118' title='bbox 1935 1711 2057 1758; x_wconf 89' lang='lat' dir='ltr'><strong>erat</strong></span> 
     </span>
    </p>
   </div>
   <div class='ocr_carea' id='block_1_16' title="bbox 468 1793 2054 1864">
    <p class='ocr_par' dir='ltr' id='par_1_16' title="bbox 468 1793 2054 1864">
     <span class='ocr_line' id='line_1_16' title="bbox 468 1793 2054 1864; baseline -0.003 -12"><span class='ocrx_word' id='word_1_119' title='bbox 468 1794 782 1860; x_wconf 78' lang='lat' dir='ltr'><strong>sententiis,</strong></span> <span class='ocrx_word' id='word_1_120' title='bbox 816 1804 871 1849; x_wconf 88' lang='lat' dir='ltr'><strong>ct</strong></span> <span class='ocrx_word' id='word_1_121' title='bbox 915 1810 1021 1849; x_wconf 89' lang='lat' dir='ltr'><strong>non</strong></span> <span class='ocrx_word' id='word_1_122' title='bbox 1071 1809 1262 1852; x_wconf 87' lang='lat' dir='ltr'><strong>omnes</strong></span> <span class='ocrx_word' id='word_1_123' title='bbox 1293 1796 1428 1849; x_wconf 83' lang='lat' dir='ltr'><strong>dura</strong></span> <span class='ocrx_word' id='word_1_124' title='bbox 1481 1793 1840 1864; x_wconf 83' lang='lat' dir='ltr'><strong>loquebantur</strong></span> <span class='ocrx_word' id='word_1_125' title='bbox 1862 1806 2054 1850; x_wconf 89' lang='lat' dir='ltr'><strong>contra</strong></span> 
     </span>
    </p>
   </div>
   <div class='ocr_carea' id='block_1_17' title="bbox 469 1886 2056 1959">
    <p class='ocr_par' dir='ltr' id='par_1_17' title="bbox 469 1886 2056 1959">
     <span class='ocr_line' id='line_1_17' title="bbox 469 1886 2056 1959; baseline 0 -16"><span class='ocrx_word' id='word_1_126' title='bbox 469 1886 746 1944; x_wconf 86' lang='lat' dir='ltr'><strong>Christum</strong></span> <span class='ocrx_word' id='word_1_127' title='bbox 774 1905 792 1943; x_wconf 67' lang='grc' dir='ltr'><em>λ</em></span> <span class='ocrx_word' id='word_1_128' title='bbox 821 1887 1107 1958; x_wconf 86' lang='lat' dir='ltr'><strong>Principes</strong></span> <span class='ocrx_word' id='word_1_129' title='bbox 1151 1897 1333 1946; x_wconf 89' lang='lat' dir='ltr'><strong>autem</strong></span> <span class='ocrx_word' id='word_1_130' title='bbox 1366 1888 1639 1959; x_wconf 85' lang='lat' dir='ltr'><strong>posterius</strong></span> <span class='ocrx_word' id='word_1_131' title='bbox 1668 1888 1721 1944; x_wconf 91' lang='lat' dir='ltr'><strong>in</strong></span> <span class='ocrx_word' id='word_1_132' title='bbox 1762 1888 1906 1944; x_wconf 85' lang='lat' dir='ltr'><strong>hanc</strong></span> <span class='ocrx_word' id='word_1_133' title='bbox 1937 1889 2056 1943; x_wconf 86' lang='lat' dir='ltr'><strong>lau-</strong></span> 
     </span>
    </p>
   </div>
   <div class='ocr_carea' id='block_1_18' title="bbox 469 1978 2054 2050">
    <p class='ocr_par' dir='ltr' id='par_1_18' title="bbox 469 1978 2054 2050">
     <span class='ocr_line' id='line_1_18' title="bbox 469 1978 2054 2050; baseline 0.001 -17"><span class='ocrx_word' id='word_1_134' title='bbox 469 1979 703 2036; x_wconf 87' lang='lat' dir='ltr'><strong>dabilem</strong></span> <span class='ocrx_word' id='word_1_135' title='bbox 757 1980 1154 2037; x_wconf 83' lang='lat' dir='ltr'><strong>dissensionem</strong></span> <span class='ocrx_word' id='word_1_136' title='bbox 1210 1989 1499 2037; x_wconf 85' lang='lat' dir='ltr'><strong>venerunt.</strong></span> <span class='ocrx_word' id='word_1_137' title='bbox 1574 1978 1854 2050; x_wconf 86' lang='lat' dir='ltr'><strong>Contingit</strong></span> <span class='ocrx_word' id='word_1_138' title='bbox 1911 1981 2054 2036; x_wconf 76' lang='lat' dir='ltr'><strong>enim</strong></span> 
     </span>
    </p>
   </div>
   <div class='ocr_carea' id='block_1_19' title="bbox 465 2072 2053 2140">
    <p class='ocr_par' dir='ltr' id='par_1_19' title="bbox 465 2072 2053 2140">
     <span class='ocr_line' id='line_1_19' title="bbox 465 2072 2053 2140; baseline 0.003 -13"><span class='ocrx_word' id='word_1_139' title='bbox 465 2072 633 2127; x_wconf 88' lang='lat' dir='ltr'><strong>etiam</strong></span> <span class='ocrx_word' id='word_1_140' title='bbox 690 2073 829 2130; x_wconf 84' lang='lat' dir='ltr'><strong>bene</strong></span> <span class='ocrx_word' id='word_1_141' title='bbox 880 2073 1208 2140; x_wconf 85' lang='lat' dir='ltr'><strong>dissentire,</strong></span> <span class='ocrx_word' id='word_1_142' title='bbox 1266 2075 1411 2130; x_wconf 86' lang='lat' dir='ltr'><strong>sicut</strong></span> <span class='ocrx_word' id='word_1_143' title='bbox 1459 2082 1515 2130; x_wconf 91' lang='lat' dir='ltr'><strong>et</strong></span> <span class='ocrx_word' id='word_1_144' title='bbox 1570 2072 1834 2129; x_wconf 91' lang='lat' dir='ltr'><strong>Dominus</strong></span> <span class='ocrx_word' id='word_1_145' title='bbox 1884 2072 2053 2131; x_wconf 88' lang='lat' dir='ltr'><strong>dicit:</strong></span> 
     </span>
    </p>
   </div>
   <div class='ocr_carea' id='block_1_20' title="bbox 475 2161 2059 2238">
    <p class='ocr_par' dir='ltr' id='par_1_20' title="bbox 475 2161 2059 2238">
     <span class='ocr_line' id='line_1_20' title="bbox 475 2161 2059 2238; baseline 0.002 -20"><span class='ocrx_word' id='word_1_146' title='bbox 475 2182 494 2217; x_wconf 79' lang='grc' dir='ltr'><strong>ι</strong></span> <span class='ocrx_word' id='word_1_147' title='bbox 526 2161 780 2220; x_wconf 83' lang='lat' dir='ltr'><strong>Gladium</strong></span> <span class='ocrx_word' id='word_1_148' title='bbox 827 2166 949 2221; x_wconf 82' lang='lat' dir='ltr'><strong>veni</strong></span> <span class='ocrx_word' id='word_1_149' title='bbox 1005 2167 1225 2222; x_wconf 84' lang='lat' dir='ltr'><strong>mittere</strong></span> <span class='ocrx_word' id='word_1_150' title='bbox 1283 2181 1447 2238; x_wconf 83' lang='lat' dir='ltr'><strong>super</strong></span> <span class='ocrx_word' id='word_1_151' title='bbox 1495 2174 1698 2222; x_wconf 88' lang='lat' dir='ltr'><strong>terram</strong></span> <span class='ocrx_word' id='word_1_152' title='bbox 1729 2166 1819 2233; x_wconf 67' lang='grc'><strong>⁸⁸,</strong></span> <span class='ocrx_word' id='word_1_153' title='bbox 1868 2183 1887 2218; x_wconf 78' lang='grc' dir='ltr'><strong>ι</strong></span> <span class='ocrx_word' id='word_1_154' title='bbox 1949 2179 2059 2236; x_wconf 90' lang='lat' dir='ltr'><strong>quo</strong></span> 
     </span>
    </p>
   </div>
   <div class='ocr_carea' id='block_1_21' title="bbox 468 2258 2055 2332">
    <p class='ocr_par' dir='ltr' id='par_1_21' title="bbox 468 2258 2055 2332">
     <span class='ocr_line' id='line_1_21' title="bbox 468 2258 2055 2332; baseline 0.001 -17"><span class='ocrx_word' id='word_1_155' title='bbox 468 2258 757 2316; x_wconf 66' lang='lat' dir='ltr'><strong>sententiae</strong></span> <span class='ocrx_word' id='word_1_156' title='bbox 807 2259 1032 2317; x_wconf 85' lang='lat' dir='ltr'><strong>omnino</strong></span> <span class='ocrx_word' id='word_1_157' title='bbox 1094 2261 1166 2319; x_wconf 85' lang='lat' dir='ltr'><strong>ob</strong></span> <span class='ocrx_word' id='word_1_158' title='bbox 1216 2261 1419 2319; x_wconf 82' lang='lat' dir='ltr'><strong>bonum</strong></span> <span class='ocrx_word' id='word_1_159' title='bbox 1479 2271 1537 2316; x_wconf 89' lang='lat' dir='ltr'><strong>et</strong></span> <span class='ocrx_word' id='word_1_160' title='bbox 1591 2260 1847 2332; x_wconf 85' lang='lat' dir='ltr'><strong>pietatem</strong></span> <span class='ocrx_word' id='word_1_161' title='bbox 1911 2258 2055 2317; x_wconf 84' lang='lat' dir='ltr'><strong>divi-</strong></span> 
     </span>
    </p>
   </div>
   <div class='ocr_carea' id='block_1_22' title="bbox 467 2351 693 2409">
    <p class='ocr_par' dir='ltr' id='par_1_22' title="bbox 467 2351 693 2409">
     <span class='ocr_line' id='line_1_22' title="bbox 467 2351 693 2409; baseline 0.013 -3"><span class='ocrx_word' id='word_1_162' title='bbox 467 2351 693 2409; x_wconf 79' lang='lat' dir='ltr'><strong>duntur.</strong></span> 
     </span>
    </p>
   </div>
   <div class='ocr_carea' id='block_1_23' title="bbox 536 2614 2055 2694">
    <p class='ocr_par' dir='ltr' id='par_1_23' title="bbox 536 2614 2055 2694">
     <span class='ocr_line' id='line_1_23' title="bbox 536 2614 2055 2694; baseline 0.005 -22"><span class='ocrx_word' id='word_1_163' title='bbox 536 2614 707 2675; x_wconf 69' lang='lat' dir='ltr'><strong>Vsus.</strong></span> <span class='ocrx_word' id='word_1_164' title='bbox 743 2618 933 2675; x_wconf 67' lang='lat'><strong>17-19.</strong></span> <span class='ocrx_word' id='word_1_165' title='bbox 981 2638 1000 2673; x_wconf 84' lang='grc' dir='ltr'><strong>ι</strong></span> <span class='ocrx_word' id='word_1_166' title='bbox 1068 2618 1265 2675; x_wconf 86' lang='lat' dir='ltr'><strong>Dicunt</strong></span> <span class='ocrx_word' id='word_1_167' title='bbox 1316 2635 1460 2678; x_wconf 62' lang='lat' dir='ltr'><strong>ceco</strong></span> <span class='ocrx_word' id='word_1_168' title='bbox 1505 2622 1740 2679; x_wconf 87' lang='lat' dir='ltr'><strong>iterum:</strong></span> <span class='ocrx_word' id='word_1_169' title='bbox 1774 2623 1883 2690; x_wconf 89' lang='lat' dir='ltr'><strong>Tu,</strong></span> <span class='ocrx_word' id='word_1_170' title='bbox 1923 2622 2055 2694; x_wconf 90' lang='lat' dir='ltr'><strong>quid</strong></span> 
     </span>
    </p>
   </div>
   <div class='ocr_carea' id='block_1_24' title="bbox 467 2711 2056 2782">
    <p class='ocr_par' dir='ltr' id='par_1_24' title="bbox 467 2711 2056 2782">
     <span class='ocr_line' id='line_1_24' title="bbox 467 2711 2056 2782; baseline 0.005 -17"><span class='ocrx_word' id='word_1_171' title='bbox 467 2711 687 2768; x_wconf 82' lang='lat' dir='ltr'><strong>dicisde</strong></span> <span class='ocrx_word' id='word_1_172' title='bbox 714 2712 806 2768; x_wconf 88' lang='lat' dir='ltr'><strong>illo</strong></span> <span class='ocrx_word' id='word_1_173' title='bbox 825 2712 951 2782; x_wconf 85' lang='lat' dir='ltr'><strong>quia</strong></span> <span class='ocrx_word' id='word_1_174' title='bbox 980 2713 1195 2782; x_wconf 85' lang='lat' dir='ltr'><strong>aperuit</strong></span> <span class='ocrx_word' id='word_1_175' title='bbox 1220 2712 1315 2769; x_wconf 88' lang='lat' dir='ltr'><strong>tibi</strong></span> <span class='ocrx_word' id='word_1_176' title='bbox 1343 2715 1531 2772; x_wconf 90' lang='lat' dir='ltr'><strong>oculos</strong></span> <span class='ocrx_word' id='word_1_177' title='bbox 1565 2724 1683 2773; x_wconf 88' lang='lat' dir='ltr'><strong>tuos</strong></span> <span class='ocrx_word' id='word_1_178' title='bbox 1704 2716 1728 2771; x_wconf 88' lang='lat'><strong>?</strong></span> <span class='ocrx_word' id='word_1_179' title='bbox 1748 2716 1847 2774; x_wconf 84' lang='lat' dir='ltr'><strong>ille</strong></span> <span class='ocrx_word' id='word_1_180' title='bbox 1874 2725 2056 2773; x_wconf 85' lang='lat' dir='ltr'><strong>autem</strong></span> 
     </span>
    </p>
   </div>
   <div class='ocr_carea' id='block_1_25' title="bbox 468 2803 2056 2880">
    <p class='ocr_par' dir='ltr' id='par_1_25' title="bbox 468 2803 2056 2880">
     <span class='ocr_line' id='line_1_25' title="bbox 468 2803 2056 2880; baseline 0.006 -22"><span class='ocrx_word' id='word_1_181' title='bbox 468 2804 645 2860; x_wconf 82' lang='lat' dir='ltr'><strong>dixit:</strong></span> <span class='ocrx_word' id='word_1_182' title='bbox 680 2803 949 2876; x_wconf 83' lang='lat' dir='ltr'><strong>Propheta</strong></span> <span class='ocrx_word' id='word_1_183' title='bbox 1006 2814 1115 2862; x_wconf 86' lang='lat' dir='ltr'><strong>est.</strong></span> <span class='ocrx_word' id='word_1_184' title='bbox 1159 2805 1275 2861; x_wconf 83' lang='lat' dir='ltr'><strong>Non</strong></span> <span class='ocrx_word' id='word_1_185' title='bbox 1307 2807 1653 2864; x_wconf 88' lang='lat' dir='ltr'><strong>crediderunt</strong></span> <span class='ocrx_word' id='word_1_186' title='bbox 1703 2824 1835 2880; x_wconf 83' lang='lat' dir='ltr'><strong>ergo</strong></span> <span class='ocrx_word' id='word_1_187' title='bbox 1885 2809 2056 2868; x_wconf 66' lang='lat' dir='ltr'><strong>Judaei</strong></span> 
     </span>
    </p>
   </div>
   <div class='ocr_carea' id='block_1_26' title="bbox 467 2896 2055 2974">
    <p class='ocr_par' dir='ltr' id='par_1_26' title="bbox 467 2896 2055 2974">
     <span class='ocr_line' id='line_1_26' title="bbox 467 2896 2055 2974; baseline 0.003 -21"><span class='ocrx_word' id='word_1_188' title='bbox 467 2896 535 2953; x_wconf 87' lang='lat' dir='ltr'><strong>de</strong></span> <span class='ocrx_word' id='word_1_189' title='bbox 591 2896 684 2953; x_wconf 83' lang='lat' dir='ltr'><strong>illo</strong></span> <span class='ocrx_word' id='word_1_190' title='bbox 718 2899 862 2969; x_wconf 85' lang='lat' dir='ltr'><strong>quod</strong></span> <span class='ocrx_word' id='word_1_191' title='bbox 902 2912 1082 2955; x_wconf 69' lang='lat' dir='ltr'><strong>caecus</strong></span> <span class='ocrx_word' id='word_1_192' title='bbox 1129 2899 1364 2967; x_wconf 83' lang='lat' dir='ltr'><strong>fuisset,</strong></span> <span class='ocrx_word' id='word_1_193' title='bbox 1415 2910 1471 2956; x_wconf 89' lang='lat' dir='ltr'><strong>et</strong></span> <span class='ocrx_word' id='word_1_194' title='bbox 1518 2901 1694 2958; x_wconf 85' lang='lat' dir='ltr'><strong>visum</strong></span> <span class='ocrx_word' id='word_1_195' title='bbox 1736 2903 2055 2974; x_wconf 77' lang='lat' dir='ltr'><strong>recepisset,</strong></span> 
     </span>
    </p>
   </div>
   <div class='ocr_carea' id='block_1_27' title="bbox 468 2991 2059 3067">
    <p class='ocr_par' dir='ltr' id='par_1_27' title="bbox 468 2991 2059 3067">
     <span class='ocr_line' id='line_1_27' title="bbox 468 2991 2059 3067; baseline 0.003 -20"><span class='ocrx_word' id='word_1_196' title='bbox 468 2991 645 3049; x_wconf 83' lang='lat' dir='ltr'><strong>donec</strong></span> <span class='ocrx_word' id='word_1_197' title='bbox 676 3001 1010 3049; x_wconf 86' lang='lat' dir='ltr'><strong>vocaverunt</strong></span> <span class='ocrx_word' id='word_1_198' title='bbox 1037 3003 1296 3064; x_wconf 87' lang='lat' dir='ltr'><strong>parentes</strong></span> <span class='ocrx_word' id='word_1_199' title='bbox 1323 2993 1446 3065; x_wconf 83' lang='lat' dir='ltr'><strong>eius</strong></span> <span class='ocrx_word' id='word_1_200' title='bbox 1494 2994 1587 3067; x_wconf 86' lang='lat' dir='ltr'><strong>qui</strong></span> <span class='ocrx_word' id='word_1_201' title='bbox 1614 2993 1791 3050; x_wconf 84' lang='lat' dir='ltr'><strong>visum</strong></span> <span class='ocrx_word' id='word_1_202' title='bbox 1838 3011 2059 3067; x_wconf 87' lang='lat' dir='ltr'><strong>recepe-</strong></span> 
     </span>
    </p>
   </div>
   <div class='ocr_carea' id='block_1_28' title="bbox 467 3084 2057 3157">
    <p class='ocr_par' dir='ltr' id='par_1_28' title="bbox 467 3084 2057 3157">
     <span class='ocr_line' id='line_1_28' title="bbox 467 3084 2057 3157; baseline 0.004 -17"><span class='ocrx_word' id='word_1_203' title='bbox 467 3093 578 3151; x_wconf 87' lang='lat' dir='ltr'><strong>rat,</strong></span> <span class='ocrx_word' id='word_1_204' title='bbox 608 3093 664 3140; x_wconf 85' lang='lat' dir='ltr'><strong>et</strong></span> <span class='ocrx_word' id='word_1_205' title='bbox 688 3084 1165 3157; x_wconf 77' lang='lat' dir='ltr'><strong>interrogaverunt</strong></span> <span class='ocrx_word' id='word_1_206' title='bbox 1192 3102 1310 3153; x_wconf 89' lang='lat' dir='ltr'><strong>eos,</strong></span> <span class='ocrx_word' id='word_1_207' title='bbox 1348 3088 1638 3148; x_wconf 86' lang='lat' dir='ltr'><strong>dicentes:</strong></span> <span class='ocrx_word' id='word_1_208' title='bbox 1681 3087 1782 3144; x_wconf 79' lang='lat' dir='ltr'><strong>llic</strong></span> <span class='ocrx_word' id='word_1_209' title='bbox 1804 3100 1891 3146; x_wconf 89' lang='lat' dir='ltr'><strong>est</strong></span> <span class='ocrx_word' id='word_1_210' title='bbox 1915 3090 2057 3147; x_wconf 80' lang='lat' dir='ltr'><strong>ﬁlius</strong></span> 
     </span>
    </p>
   </div>
   <div class='ocr_carea' id='block_1_29' title="bbox 471 3178 2056 3253">
    <p class='ocr_par' dir='ltr' id='par_1_29' title="bbox 471 3178 2056 3253">
     <span class='ocr_line' id='line_1_29' title="bbox 471 3178 2056 3253; baseline 0.006 -24"><span class='ocrx_word' id='word_1_211' title='bbox 471 3188 677 3251; x_wconf 66' lang='lat' dir='ltr'><strong>vester,</strong></span> <span class='ocrx_word' id='word_1_212' title='bbox 693 3194 854 3250; x_wconf 90' lang='lat' dir='ltr'><strong>quem</strong></span> <span class='ocrx_word' id='word_1_213' title='bbox 874 3193 969 3235; x_wconf 89' lang='lat' dir='ltr'><strong>vos</strong></span> <span class='ocrx_word' id='word_1_214' title='bbox 984 3178 1261 3236; x_wconf 85' lang='lat' dir='ltr'><strong>dicebatis</strong></span> <span class='ocrx_word' id='word_1_215' title='bbox 1289 3195 1495 3236; x_wconf 65' lang='lat' dir='ltr'><strong>caecum</strong></span> <span class='ocrx_word' id='word_1_216' title='bbox 1517 3190 1703 3238; x_wconf 90' lang='lat' dir='ltr'><strong>natum</strong></span> <span class='ocrx_word' id='word_1_217' title='bbox 1721 3181 1884 3238; x_wconf 78' lang='lat' dir='ltr'><strong>esse?</strong></span> <span class='ocrx_word' id='word_1_218' title='bbox 1918 3197 2056 3253; x_wconf 85' lang='lat' dir='ltr'><strong>quo-</strong></span> 
     </span>
    </p>
   </div>
   <div class='ocr_carea' id='block_1_30' title="bbox 469 3270 2127 3363">
    <p class='ocr_par' dir='ltr' id='par_1_30' title="bbox 469 3270 2127 3363">
     <span class='ocr_line' id='line_1_30' title="bbox 469 3270 2127 3363; baseline 0.004 -36"><span class='ocrx_word' id='word_1_219' title='bbox 469 3270 633 3327; x_wconf 83' lang='lat' dir='ltr'><strong>modo</strong></span> <span class='ocrx_word' id='word_1_220' title='bbox 663 3286 794 3342; x_wconf 80' lang='lat' dir='ltr'><strong>ergo</strong></span> <span class='ocrx_word' id='word_1_221' title='bbox 831 3287 976 3328; x_wconf 91' lang='lat' dir='ltr'><strong>nunc</strong></span> <span class='ocrx_word' id='word_1_222' title='bbox 1011 3273 1178 3341; x_wconf 86' lang='lat' dir='ltr'><strong>videt.</strong></span> <span class='ocrx_word' id='word_1_223' title='bbox 1218 3290 1238 3327; x_wconf 75' lang='grc' dir='ltr'><strong>ι</strong></span> <span class='ocrx_word' id='word_1_224' title='bbox 1274 3272 1376 3341; x_wconf 88' lang='lat' dir='ltr'><strong>Qui</strong></span> <span class='ocrx_word' id='word_1_225' title='bbox 1406 3272 1629 3330; x_wconf 80' lang='lat' dir='ltr'><strong>fuerunt</strong></span> <span class='ocrx_word' id='word_1_226' title='bbox 1657 3275 2055 3345; x_wconf 80' lang='lat' dir='ltr'><strong>interrogantes</strong></span> <span class='ocrx_word' id='word_1_227' title='bbox 2081 3297 2127 3363; x_wconf 69' lang='grc' dir='ltr'>α</span> 
     </span>
    </p>
   </div>
   <div class='ocr_carea' id='block_1_31' title="bbox 466 3362 2051 3440">
    <p class='ocr_par' dir='ltr' id='par_1_31' title="bbox 466 3362 2051 3440">
     <span class='ocr_line' id='line_1_31' title="bbox 466 3362 2051 3440; baseline 0.004 -20"><span class='ocrx_word' id='word_1_228' title='bbox 466 3379 698 3432; x_wconf 70' lang='grc' dir='ltr'>οτεουῐη,</span> <span class='ocrx_word' id='word_1_229' title='bbox 730 3382 761 3417; x_wconf 75' lang='grc' dir='ltr'><strong>ι</strong></span> <span class='ocrx_word' id='word_1_230' title='bbox 789 3362 869 3421; x_wconf 84' lang='lat' dir='ltr'><strong>Tu</strong></span> <span class='ocrx_word' id='word_1_231' title='bbox 899 3366 1028 3437; x_wconf 87' lang='lat' dir='ltr'><strong>quid</strong></span> <span class='ocrx_word' id='word_1_232' title='bbox 1065 3366 1205 3422; x_wconf 87' lang='lat' dir='ltr'><strong>dicis</strong></span> <span class='ocrx_word' id='word_1_233' title='bbox 1249 3366 1315 3423; x_wconf 89' lang='lat' dir='ltr'><strong>de</strong></span> <span class='ocrx_word' id='word_1_234' title='bbox 1359 3367 1492 3423; x_wconf 82' lang='lat' dir='ltr'><strong>illo?</strong></span> <span class='ocrx_word' id='word_1_235' title='bbox 1527 3387 1546 3420; x_wconf 77' lang='grc' dir='ltr'><strong>ι</strong></span> <span class='ocrx_word' id='word_1_236' title='bbox 1591 3369 1760 3423; x_wconf 85' lang='lat' dir='ltr'><strong>Erant</strong></span> <span class='ocrx_word' id='word_1_237' title='bbox 1794 3368 1957 3440; x_wconf 84' lang='lat' dir='ltr'><strong>plane</strong></span> <span class='ocrx_word' id='word_1_238' title='bbox 1986 3385 2051 3427; x_wconf 77' lang='lat' dir='ltr'><strong>ex</strong></span> 
     </span>
    </p>
   </div>
   <div class='ocr_carea' id='block_1_32' title="bbox 467 3455 2058 3530">
    <p class='ocr_par' dir='ltr' id='par_1_32' title="bbox 467 3455 2058 3530">
     <span class='ocr_line' id='line_1_32' title="bbox 467 3455 2058 3530; baseline 0.003 -18"><span class='ocrx_word' id='word_1_239' title='bbox 467 3455 860 3512; x_wconf 85' lang='lat' dir='ltr'><strong>bcnevolorum</strong></span> <span class='ocrx_word' id='word_1_240' title='bbox 894 3466 1063 3515; x_wconf 82' lang='lat' dir='ltr'><strong>sorte.</strong></span> <span class='ocrx_word' id='word_1_241' title='bbox 1094 3456 1233 3515; x_wconf 84' lang='lat' dir='ltr'><strong>Nam</strong></span> <span class='ocrx_word' id='word_1_242' title='bbox 1257 3467 1544 3530; x_wconf 84' lang='lat' dir='ltr'><strong>postquam</strong></span> <span class='ocrx_word' id='word_1_243' title='bbox 1573 3460 1846 3527; x_wconf 79' lang='lat' dir='ltr'><strong>dixerunt,</strong></span> <span class='ocrx_word' id='word_1_244' title='bbox 1874 3479 1893 3514; x_wconf 83' lang='grc' dir='ltr'><strong>ι</strong></span> <span class='ocrx_word' id='word_1_245' title='bbox 1918 3460 2058 3529; x_wconf 85' lang='lat' dir='ltr'><strong>Quo-</strong></span> 
     </span>
    </p>
   </div>
   <div class='ocr_carea' id='block_1_33' title="bbox 471 3550 2057 3623">
    <p class='ocr_par' dir='ltr' id='par_1_33' title="bbox 471 3550 2057 3623">
     <span class='ocr_line' id='line_1_33' title="bbox 471 3550 2057 3623; baseline 0.005 -21"><span class='ocrx_word' id='word_1_246' title='bbox 471 3552 635 3605; x_wconf 84' lang='lat' dir='ltr'><strong>modo</strong></span> <span class='ocrx_word' id='word_1_247' title='bbox 675 3556 859 3620; x_wconf 87' lang='lat' dir='ltr'><strong>potest</strong></span> <span class='ocrx_word' id='word_1_248' title='bbox 897 3560 1156 3616; x_wconf 81' lang='lat' dir='ltr'><strong>peccator</strong></span> <span class='ocrx_word' id='word_1_249' title='bbox 1192 3550 1318 3606; x_wconf 88' lang='lat' dir='ltr'><strong>talia</strong></span> <span class='ocrx_word' id='word_1_250' title='bbox 1353 3552 1508 3623; x_wconf 87' lang='lat' dir='ltr'><strong>signa</strong></span> <span class='ocrx_word' id='word_1_251' title='bbox 1555 3552 1778 3608; x_wconf 78' lang='lat' dir='ltr'><strong>facere?</strong></span> <span class='ocrx_word' id='word_1_252' title='bbox 1824 3572 1843 3606; x_wconf 72' lang='grc' dir='ltr'><strong>ι</strong></span> <span class='ocrx_word' id='word_1_253' title='bbox 1883 3561 1942 3610; x_wconf 86' lang='grc' dir='ltr'><strong>ιιι</strong></span> <span class='ocrx_word' id='word_1_254' title='bbox 1989 3568 2057 3610; x_wconf 89' lang='lat' dir='ltr'><strong>ne</strong></span> 
     </span>
    </p>
   </div>
   <div class='ocr_carea' id='block_1_34' title="bbox 468 3640 2060 3717">
    <p class='ocr_par' dir='ltr' id='par_1_34' title="bbox 468 3640 2060 3717">
     <span class='ocr_line' id='line_1_34' title="bbox 468 3640 2060 3717; baseline 0.003 -21"><span class='ocrx_word' id='word_1_255' title='bbox 468 3640 763 3698; x_wconf 75' lang='lat' dir='ltr'><strong>videantur</strong></span> <span class='ocrx_word' id='word_1_256' title='bbox 784 3641 885 3714; x_wconf 90' lang='lat' dir='ltr'><strong>ipsi</strong></span> <span class='ocrx_word' id='word_1_257' title='bbox 919 3642 1127 3702; x_wconf 80' lang='lat' dir='ltr'><strong>frustra</strong></span> <span class='ocrx_word' id='word_1_258' title='bbox 1154 3645 1515 3715; x_wconf 87' lang='lat' dir='ltr'><strong>patrocinari,</strong></span> <span class='ocrx_word' id='word_1_259' title='bbox 1544 3661 1667 3701; x_wconf 88' lang='lat' dir='ltr'><strong>eum</strong></span> <span class='ocrx_word' id='word_1_260' title='bbox 1712 3648 1807 3717; x_wconf 87' lang='lat' dir='ltr'><strong>qui</strong></span> <span class='ocrx_word' id='word_1_261' title='bbox 1854 3647 2060 3703; x_wconf 78' lang='lat' dir='ltr'><strong>beneﬁ-</strong></span> 
     </span>
    </p>
   </div>
   <div class='ocr_carea' id='block_1_35' title="bbox 468 3734 2057 3813">
    <p class='ocr_par' dir='ltr' id='par_1_35' title="bbox 468 3734 2057 3813">
     <span class='ocr_line' id='line_1_35' title="bbox 468 3734 2057 3813; baseline 0.007 -26"><span class='ocrx_word' id='word_1_262' title='bbox 468 3734 612 3788; x_wconf 88' lang='lat' dir='ltr'><strong>cium</strong></span> <span class='ocrx_word' id='word_1_263' title='bbox 645 3743 953 3805; x_wconf 87' lang='lat' dir='ltr'><strong>acceperat,</strong></span> <span class='ocrx_word' id='word_1_264' title='bbox 1002 3736 1054 3792; x_wconf 90' lang='lat' dir='ltr'><strong>in</strong></span> <span class='ocrx_word' id='word_1_265' title='bbox 1086 3744 1277 3794; x_wconf 86' lang='lat' dir='ltr'><strong>testem</strong></span> <span class='ocrx_word' id='word_1_266' title='bbox 1324 3739 1625 3807; x_wconf 87' lang='lat' dir='ltr'><strong>adducunt,</strong></span> <span class='ocrx_word' id='word_1_267' title='bbox 1687 3752 1747 3797; x_wconf 90' lang='lat' dir='ltr'><strong>ut</strong></span> <span class='ocrx_word' id='word_1_268' title='bbox 1795 3758 1894 3813; x_wconf 89' lang='lat' dir='ltr'><strong>per</strong></span> <span class='ocrx_word' id='word_1_269' title='bbox 1933 3756 2057 3799; x_wconf 82' lang='lat' dir='ltr'><strong>eum</strong></span> 
     </span>
    </p>
   </div>
   <div class='ocr_carea' id='block_1_36' title="bbox 469 3827 2057 3901">
    <p class='ocr_par' dir='ltr' id='par_1_36' title="bbox 469 3827 2057 3901">
     <span class='ocr_line' id='line_1_36' title="bbox 469 3827 2057 3901; baseline 0.01 -25"><span class='ocrx_word' id='word_1_270' title='bbox 469 3827 562 3897; x_wconf 77' lang='lat' dir='ltr'><strong>qui</strong></span> <span class='ocrx_word' id='word_1_271' title='bbox 593 3828 846 3885; x_wconf 75' lang='lat' dir='ltr'><strong>virtutem</strong></span> <span class='ocrx_word' id='word_1_272' title='bbox 902 3839 1178 3901; x_wconf 86' lang='lat' dir='ltr'><strong>senserat,</strong></span> <span class='ocrx_word' id='word_1_273' title='bbox 1228 3833 1577 3889; x_wconf 72' lang='lat' dir='ltr'><strong>coniurarent</strong></span> <span class='ocrx_word' id='word_1_274' title='bbox 1609 3834 2057 3901; x_wconf 85' lang='lat' dir='ltr'><strong>calumniatores.</strong></span> 
     </span>
    </p>
   </div>
   <div class='ocr_carea' id='block_1_37' title="bbox 469 3912 2059 3995">
    <p class='ocr_par' dir='ltr' id='par_1_37' title="bbox 469 3912 2059 3995">
     <span class='ocr_line' id='line_1_37' title="bbox 469 3912 2059 3995; baseline 0.008 -25"><span class='ocrx_word' id='word_1_275' title='bbox 469 3912 609 3974; x_wconf 88' lang='lat' dir='ltr'><strong>Vide</strong></span> <span class='ocrx_word' id='word_1_276' title='bbox 661 3918 810 3975; x_wconf 91' lang='lat' dir='ltr'><strong>enim</strong></span> <span class='ocrx_word' id='word_1_277' title='bbox 867 3920 1147 3989; x_wconf 86' lang='lat' dir='ltr'><strong>quomodo</strong></span> <span class='ocrx_word' id='word_1_278' title='bbox 1195 3921 1461 3979; x_wconf 82' lang='lat' dir='ltr'><strong>benevole</strong></span> <span class='ocrx_word' id='word_1_279' title='bbox 1525 3923 1884 3995; x_wconf 87' lang='lat' dir='ltr'><strong>interrogant.</strong></span> <span class='ocrx_word' id='word_1_280' title='bbox 1938 3925 2059 3982; x_wconf 89' lang='lat' dir='ltr'><strong>Non</strong></span> 
     </span>
    </p>
   </div>
   <div class='ocr_carea' id='block_1_38' title="bbox 469 4003 2061 4087">
    <p class='ocr_par' dir='ltr' id='par_1_38' title="bbox 469 4003 2061 4087">
     <span class='ocr_line' id='line_1_38' title="bbox 469 4003 2061 4087; baseline 0.005 -21"><span class='ocrx_word' id='word_1_281' title='bbox 469 4011 617 4066; x_wconf 78' lang='lat' dir='ltr'><strong>enim</strong></span> <span class='ocrx_word' id='word_1_282' title='bbox 649 4011 927 4078; x_wconf 77' lang='lat' dir='ltr'><strong>dixerunt,</strong></span> <span class='ocrx_word' id='word_1_283' title='bbox 978 4029 999 4065; x_wconf 82' lang='grc' dir='ltr'><strong>ι</strong></span> <span class='ocrx_word' id='word_1_284' title='bbox 1040 4011 1119 4069; x_wconf 83' lang='lat' dir='ltr'><strong>Tu</strong></span> <span class='ocrx_word' id='word_1_285' title='bbox 1155 4013 1287 4085; x_wconf 86' lang='lat' dir='ltr'><strong>quid</strong></span> <span class='ocrx_word' id='word_1_286' title='bbox 1319 4003 1456 4072; x_wconf 84' lang='lat' dir='ltr'><strong>dicis</strong></span> <span class='ocrx_word' id='word_1_287' title='bbox 1485 4014 1553 4071; x_wconf 88' lang='lat' dir='ltr'><strong>de</strong></span> <span class='ocrx_word' id='word_1_288' title='bbox 1591 4014 1705 4082; x_wconf 92' lang='lat' dir='ltr'><strong>illo,</strong></span> <span class='ocrx_word' id='word_1_289' title='bbox 1748 4034 1768 4069; x_wconf 75' lang='grc' dir='ltr'><strong>ι</strong></span> <span class='ocrx_word' id='word_1_290' title='bbox 1800 4016 1927 4087; x_wconf 89' lang='lat' dir='ltr'><strong>quia</strong></span> <span class='ocrx_word' id='word_1_291' title='bbox 1974 4018 2061 4073; x_wconf 87' lang='lat' dir='ltr'><strong>lu-</strong></span> 
     </span>
    </p>
   </div>
   <div class='ocr_carea' id='block_1_39' title="bbox 473 4102 2060 4176">
    <p class='ocr_par' dir='ltr' id='par_1_39' title="bbox 473 4102 2060 4176">
     <span class='ocr_line' id='line_1_39' title="bbox 473 4102 2060 4176; baseline 0.005 -18"><span class='ocrx_word' id='word_1_292' title='bbox 473 4113 585 4158; x_wconf 87' lang='lat' dir='ltr'><strong>tum</strong></span> <span class='ocrx_word' id='word_1_293' title='bbox 616 4102 769 4171; x_wconf 85' lang='lat' dir='ltr'><strong>I’ecit,</strong></span> <span class='ocrx_word' id='word_1_294' title='bbox 808 4105 936 4176; x_wconf 88' lang='lat' dir='ltr'><strong>quia</strong></span> <span class='ocrx_word' id='word_1_295' title='bbox 969 4106 1273 4165; x_wconf 87' lang='lat' dir='ltr'><strong>Sabhatum</strong></span> <span class='ocrx_word' id='word_1_296' title='bbox 1305 4124 1416 4164; x_wconf 89' lang='lat' dir='ltr'><strong>non</strong></span> <span class='ocrx_word' id='word_1_297' title='bbox 1448 4110 1733 4165; x_wconf 82' lang='lat' dir='ltr'><strong>servavit?</strong></span> <span class='ocrx_word' id='word_1_298' title='bbox 1756 4112 1851 4167; x_wconf 89' lang='lat' dir='ltr'><strong>sed</strong></span> <span class='ocrx_word' id='word_1_299' title='bbox 1890 4111 2060 4166; x_wconf 86' lang='lat' dir='ltr'><strong>mira-</strong></span> 
     </span>
    </p>
   </div>
   <div class='ocr_carea' id='block_1_40' title="bbox 471 4196 2062 4275">
    <p class='ocr_par' dir='ltr' id='par_1_40' title="bbox 471 4196 2062 4275">
     <span class='ocr_line' id='line_1_40' title="bbox 471 4196 2062 4275; baseline 0.006 -23"><span class='ocrx_word' id='word_1_300' title='bbox 471 4196 580 4253; x_wconf 91' lang='lat' dir='ltr'><strong>culi</strong></span> <span class='ocrx_word' id='word_1_301' title='bbox 646 4199 981 4255; x_wconf 88' lang='lat' dir='ltr'><strong>mentionem</strong></span> <span class='ocrx_word' id='word_1_302' title='bbox 1044 4199 1259 4258; x_wconf 80' lang='lat' dir='ltr'><strong>faciunt</strong></span> <span class='ocrx_word' id='word_1_303' title='bbox 1289 4240 1306 4269; x_wconf 87' lang='lat'><strong>,</strong></span> <span class='ocrx_word' id='word_1_304' title='bbox 1373 4219 1393 4255; x_wconf 82' lang='grc' dir='ltr'><strong>ι</strong></span> <span class='ocrx_word' id='word_1_305' title='bbox 1423 4201 1562 4270; x_wconf 81' lang='lat' dir='ltr'><strong>Quia</strong></span> <span class='ocrx_word' id='word_1_306' title='bbox 1607 4202 1824 4275; x_wconf 77' lang='lat' dir='ltr'><strong>aperuit</strong></span> <span class='ocrx_word' id='word_1_307' title='bbox 1873 4204 2062 4262; x_wconf 83' lang='lat' dir='ltr'><strong>oculos</strong></span> 
     </span>
    </p>
   </div>
   <div class='ocr_carea' id='block_1_41' title="bbox 472 4293 2062 4371">
    <p class='ocr_par' dir='ltr' id='par_1_41' title="bbox 472 4293 2062 4371">
     <span class='ocr_line' id='line_1_41' title="bbox 472 4293 2062 4371; baseline 0.008 -27"><span class='ocrx_word' id='word_1_308' title='bbox 472 4301 634 4348; x_wconf 75' lang='lat' dir='ltr'><strong>tuos:</strong></span> <span class='ocrx_word' id='word_1_309' title='bbox 674 4293 876 4365; x_wconf 66' lang='lat' dir='ltr'><strong>squasi</strong></span> <span class='ocrx_word' id='word_1_310' title='bbox 922 4307 1254 4355; x_wconf 81' lang='lat' dir='ltr'><strong>exacuentes</strong></span> <span class='ocrx_word' id='word_1_311' title='bbox 1302 4308 1557 4356; x_wconf 80' lang='lat' dir='ltr'><strong>curatum</strong></span> <span class='ocrx_word' id='word_1_312' title='bbox 1591 4309 1653 4355; x_wconf 91' lang='lat' dir='ltr'><strong>ut</strong></span> <span class='ocrx_word' id='word_1_313' title='bbox 1693 4315 1793 4371; x_wconf 90' lang='lat' dir='ltr'><strong>pro</strong></span> <span class='ocrx_word' id='word_1_314' title='bbox 1839 4299 2062 4358; x_wconf 87' lang='lat' dir='ltr'><strong>Christo</strong></span> 
     </span>
    </p>
   </div>
   <div class='ocr_carea' id='block_1_42' title="bbox 472 4383 2061 4457">
    <p class='ocr_par' dir='ltr' id='par_1_42' title="bbox 472 4383 2061 4457">
     <span class='ocr_line' id='line_1_42' title="bbox 472 4383 2061 4457; baseline 0.007 -20"><span class='ocrx_word' id='word_1_315' title='bbox 472 4397 593 4454; x_wconf 70' lang='lat' dir='ltr'><strong>quae</strong></span> <span class='ocrx_word' id='word_1_316' title='bbox 624 4383 786 4456; x_wconf 87' lang='lat' dir='ltr'><strong>digna</strong></span> <span class='ocrx_word' id='word_1_317' title='bbox 823 4396 1000 4457; x_wconf 88' lang='lat' dir='ltr'><strong>erant,</strong></span> <span class='ocrx_word' id='word_1_318' title='bbox 1055 4388 1280 4446; x_wconf 87' lang='lat' dir='ltr'><strong>diceret.</strong></span> <span class='ocrx_word' id='word_1_319' title='bbox 1340 4388 1397 4446; x_wconf 83' lang='lat' dir='ltr'><strong>in</strong></span> <span class='ocrx_word' id='word_1_320' title='bbox 1452 4392 1769 4448; x_wconf 88' lang='lat' dir='ltr'><strong>memoriam</strong></span> <span class='ocrx_word' id='word_1_321' title='bbox 1817 4392 1962 4447; x_wconf 90' lang='lat' dir='ltr'><strong>enim</strong></span> <span class='ocrx_word' id='word_1_322' title='bbox 2008 4392 2061 4449; x_wconf 90' lang='lat' dir='ltr'><strong>ei</strong></span> 
     </span>
    </p>
   </div>
   <div class='ocr_carea' id='block_1_43' title="bbox 471 4478 2063 4554">
    <p class='ocr_par' dir='ltr' id='par_1_43' title="bbox 471 4478 2063 4554">
     <span class='ocr_line' id='line_1_43' title="bbox 471 4478 2063 4554; baseline 0.008 -22"><span class='ocrx_word' id='word_1_323' title='bbox 471 4478 778 4537; x_wconf 88' lang='lat' dir='ltr'><strong>reducunt:</strong></span> <span class='ocrx_word' id='word_1_324' title='bbox 818 4499 837 4535; x_wconf 83' lang='grc' dir='ltr'><strong>ι</strong></span> <span class='ocrx_word' id='word_1_325' title='bbox 868 4480 1004 4550; x_wconf 85' lang='lat' dir='ltr'><strong>Quia</strong></span> <span class='ocrx_word' id='word_1_326' title='bbox 1039 4484 1251 4554; x_wconf 83' lang='lat' dir='ltr'><strong>aperuit</strong></span> <span class='ocrx_word' id='word_1_327' title='bbox 1294 4484 1484 4542; x_wconf 86' lang='lat' dir='ltr'><strong>oculos</strong></span> <span class='ocrx_word' id='word_1_328' title='bbox 1529 4494 1670 4543; x_wconf 88' lang='lat' dir='ltr'><strong>tuos.</strong></span> <span class='ocrx_word' id='word_1_329' title='bbox 1722 4504 1743 4540; x_wconf 76' lang='grc' dir='ltr'><strong>ι</strong></span> <span class='ocrx_word' id='word_1_330' title='bbox 1792 4486 2063 4544; x_wconf 82' lang='lat' dir='ltr'><strong>Beneﬁcio</strong></span> 
     </span>
    </p>
   </div>
   <div class='ocr_carea' id='block_1_44' title="bbox 476 4576 2065 4652">
    <p class='ocr_par' dir='ltr' id='par_1_44' title="bbox 476 4576 2065 4652">
     <span class='ocr_line' id='line_1_44' title="bbox 476 4576 2065 4652; baseline 0.008 -29"><span class='ocrx_word' id='word_1_331' title='bbox 476 4577 529 4624; x_wconf 85' lang='lat' dir='ltr'><strong>te</strong></span> <span class='ocrx_word' id='word_1_332' title='bbox 557 4583 878 4642; x_wconf 84' lang='lat' dir='ltr'><strong>prosccutus</strong></span> <span class='ocrx_word' id='word_1_333' title='bbox 909 4584 1014 4643; x_wconf 89' lang='lat' dir='ltr'><strong>est,</strong></span> <span class='ocrx_word' id='word_1_334' title='bbox 1047 4576 1272 4633; x_wconf 91' lang='lat' dir='ltr'><strong>dicunt:</strong></span> <span class='ocrx_word' id='word_1_335' title='bbox 1304 4586 1360 4635; x_wconf 90' lang='lat' dir='ltr'><strong>et</strong></span> <span class='ocrx_word' id='word_1_336' title='bbox 1395 4580 1470 4635; x_wconf 88' lang='lat' dir='ltr'><strong>ita</strong></span> <span class='ocrx_word' id='word_1_337' title='bbox 1494 4579 1658 4637; x_wconf 86' lang='lat' dir='ltr'><strong>debes</strong></span> <span class='ocrx_word' id='word_1_338' title='bbox 1689 4580 1839 4635; x_wconf 90' lang='lat' dir='ltr'><strong>illum</strong></span> <span class='ocrx_word' id='word_1_339' title='bbox 1866 4582 2065 4652; x_wconf 60' lang='lat' dir='ltr'><strong>pradi-</strong></span> 
     </span>
    </p>
   </div>
   <div class='ocr_carea' id='block_1_45' title="bbox 2161 678 3755 756">
    <p class='ocr_par' dir='ltr' id='par_1_45' title="bbox 2161 678 3755 756">
     <span class='ocr_line' id='line_1_45' title="bbox 2161 678 3755 756; baseline 0.001 -21"><span class='ocrx_word' id='word_1_340' title='bbox 2161 678 2238 752; x_wconf 80' lang='grc' dir='ltr'><strong>τῷ</strong></span> <span class='ocrx_word' id='word_1_341' title='bbox 2264 679 2409 753; x_wconf 78' lang='grc' dir='ltr'>ὄχλῳ</span> <span class='ocrx_word' id='word_1_342' title='bbox 2429 679 2604 751; x_wconf 72' lang='grc' dir='ltr'>ἐφύη·</span> <span class='ocrx_word' id='word_1_343' title='bbox 2636 682 2686 736; x_wconf 80' lang='grc' dir='ltr'>οἱ</span> <span class='ocrx_word' id='word_1_344' title='bbox 2719 681 2817 751; x_wconf 76' lang='grc' dir='ltr'>μὲν</span> <span class='ocrx_word' id='word_1_345' title='bbox 2847 679 2957 754; x_wconf 85' lang='grc' dir='ltr'><strong>γὰρ</strong></span> <span class='ocrx_word' id='word_1_346' title='bbox 2989 682 3197 750; x_wconf 72' lang='grc' dir='ltr'>ἔλεγον,</span> <span class='ocrx_word' id='word_1_347' title='bbox 3251 683 3335 737; x_wconf 84' lang='grc' dir='ltr'>ὅτι</span> <span class='ocrx_word' id='word_1_348' title='bbox 3369 701 3389 737; x_wconf 77' lang='grc' dir='ltr'><strong>ι</strong></span> <span class='ocrx_word' id='word_1_349' title='bbox 3435 682 3622 756; x_wconf 79' lang='grc' dir='ltr'>Πλανᾷ</span> <span class='ocrx_word' id='word_1_350' title='bbox 3660 685 3755 739; x_wconf 80' lang='grc' dir='ltr'>τὸν</span> 
     </span>
    </p>
   </div>
   <div class='ocr_carea' id='block_1_46' title="bbox 2163 773 3752 851">
    <p class='ocr_par' dir='ltr' id='par_1_46' title="bbox 2163 773 3752 851">
     <span class='ocr_line' id='line_1_46' title="bbox 2163 773 3752 851; baseline 0.003 -24"><span class='ocrx_word' id='word_1_351' title='bbox 2163 773 2322 846; x_wconf 75' lang='grc' dir='ltr'>ὄχλον</span> <span class='ocrx_word' id='word_1_352' title='bbox 2353 789 2368 806; x_wconf 90' lang='grc'><strong>·</strong></span> <span class='ocrx_word' id='word_1_353' title='bbox 2407 774 2457 828; x_wconf 78' lang='grc' dir='ltr'>οἱ</span> <span class='ocrx_word' id='word_1_354' title='bbox 2488 773 2566 842; x_wconf 84' lang='grc' dir='ltr'>δὲ,</span> <span class='ocrx_word' id='word_1_355' title='bbox 2600 774 2684 828; x_wconf 83' lang='grc' dir='ltr'>ὅτι</span> <span class='ocrx_word' id='word_1_356' title='bbox 2725 773 2826 830; x_wconf 79' lang='grc' dir='ltr'><strong>Οΰ.</strong></span> <span class='ocrx_word' id='word_1_357' title='bbox 2866 793 2884 827; x_wconf 72' lang='grc' dir='ltr'><strong>ι</strong></span> <span class='ocrx_word' id='word_1_358' title='bbox 2922 774 3037 829; x_wconf 90' lang='grc' dir='ltr'>Νῦν</span> <span class='ocrx_word' id='word_1_359' title='bbox 3060 775 3118 830; x_wconf 70' lang='grc' dir='ltr'><strong>δὲ</strong></span> <span class='ocrx_word' id='word_1_360' title='bbox 3147 776 3243 830; x_wconf 77' lang='grc' dir='ltr'>καὶ</span> <span class='ocrx_word' id='word_1_361' title='bbox 3269 774 3499 851; x_wconf 75' lang='grc' dir='ltr'>ἄρχουσι</span> <span class='ocrx_word' id='word_1_362' title='bbox 3530 776 3752 847; x_wconf 78' lang='grc' dir='ltr'>φύεται,</span> 
     </span>
    </p>
   </div>
   <div class='ocr_carea' id='block_1_47' title="bbox 2162 866 3753 940">
    <p class='ocr_par' dir='ltr' id='par_1_47' title="bbox 2162 866 3753 940">
     <span class='ocr_line' id='line_1_47' title="bbox 2162 866 3753 940; baseline 0.003 -20"><span class='ocrx_word' id='word_1_363' title='bbox 2162 867 2259 921; x_wconf 72' lang='grc' dir='ltr'>καὶ</span> <span class='ocrx_word' id='word_1_364' title='bbox 2298 866 2408 921; x_wconf 76' lang='grc' dir='ltr'><strong>ἰδοὺ</strong></span> <span class='ocrx_word' id='word_1_365' title='bbox 2440 866 2627 921; x_wconf 78' lang='grc' dir='ltr'>πολλοὶ</span> <span class='ocrx_word' id='word_1_366' title='bbox 2656 867 2766 920; x_wconf 86' lang='grc' dir='ltr'><strong>τῶν</strong></span> <span class='ocrx_word' id='word_1_367' title='bbox 2817 868 3130 937; x_wconf 73' lang='grc' dir='ltr'><strong>Φαρισαίων</strong></span> <span class='ocrx_word' id='word_1_368' title='bbox 3180 869 3612 940; x_wconf 77' lang='grc' dir='ltr'><strong>ἀποσχισθέντες</strong></span> <span class='ocrx_word' id='word_1_369' title='bbox 3640 868 3753 925; x_wconf 84' lang='grc' dir='ltr'><strong>τῶν</strong></span> 
     </span>
    </p>
   </div>
   <div class='ocr_carea' id='block_1_48' title="bbox 2160 958 3757 1033">
    <p class='ocr_par' dir='ltr' id='par_1_48' title="bbox 2160 958 3757 1033">
     <span class='ocr_line' id='line_1_48' title="bbox 2160 958 3757 1033; baseline -0.001 -16"><span class='ocrx_word' id='word_1_370' title='bbox 2160 958 2361 1026; x_wconf 82' lang='grc' dir='ltr'>ἄλλων,</span> <span class='ocrx_word' id='word_1_371' title='bbox 2400 959 2764 1032; x_wconf 86' lang='grc' dir='ltr'>συνηγοροῦσι</span> <span class='ocrx_word' id='word_1_372' title='bbox 2802 959 2880 1031; x_wconf 85' lang='grc' dir='ltr'>τῷ</span> <span class='ocrx_word' id='word_1_373' title='bbox 2925 960 3190 1031; x_wconf 77' lang='grc' dir='ltr'><strong>θαύματι.</strong></span> <span class='ocrx_word' id='word_1_374' title='bbox 3243 962 3390 1033; x_wconf 73' lang='grc' dir='ltr'>Πλὴν</span> <span class='ocrx_word' id='word_1_375' title='bbox 3429 963 3477 1015; x_wconf 79' lang='grc' dir='ltr'><strong>εί</strong></span> <span class='ocrx_word' id='word_1_376' title='bbox 3513 961 3610 1017; x_wconf 79' lang='grc' dir='ltr'>καὶ</span> <span class='ocrx_word' id='word_1_377' title='bbox 3646 965 3757 1018; x_wconf 66' lang='grc' dir='ltr'><strong>«ιπ-</strong></span> 
     </span>
    </p>
   </div>
   <div class='ocr_carea' id='block_1_49' title="bbox 2164 1052 3753 1127">
    <p class='ocr_par' dir='ltr' id='par_1_49' title="bbox 2164 1052 3753 1127">
     <span class='ocr_line' id='line_1_49' title="bbox 2164 1052 3753 1127; baseline 0.001 -20"><span class='ocrx_word' id='word_1_378' title='bbox 2164 1052 2517 1126; x_wconf 85' lang='grc' dir='ltr'>εσχίσθησαν,</span> <span class='ocrx_word' id='word_1_379' title='bbox 2556 1052 2694 1107; x_wconf 72' lang='grc' dir='ltr'>ἀλλὰ</span> <span class='ocrx_word' id='word_1_380' title='bbox 2733 1052 3122 1125; x_wconf 81' lang='grc' dir='ltr'>μαλακώτερον</span> <span class='ocrx_word' id='word_1_381' title='bbox 3170 1053 3450 1109; x_wconf 76' lang='grc' dir='ltr'>ἐνίσταντο</span> <span class='ocrx_word' id='word_1_382' title='bbox 3476 1055 3620 1127; x_wconf 75' lang='grc' dir='ltr'>ὑπὲρ</span> <span class='ocrx_word' id='word_1_383' title='bbox 3662 1054 3753 1109; x_wconf 83' lang='grc' dir='ltr'><strong>τοῦ</strong></span> 
     </span>
    </p>
   </div>
   <div class='ocr_carea' id='block_1_50' title="bbox 2160 1144 3749 1218">
    <p class='ocr_par' dir='ltr' id='par_1_50' title="bbox 2160 1144 3749 1218">
     <span class='ocr_line' id='line_1_50' title="bbox 2160 1144 3749 1218; baseline 0.003 -20"><span class='ocrx_word' id='word_1_384' title='bbox 2160 1144 2423 1216; x_wconf 81' lang='grc' dir='ltr'><strong>Χριστοῦ,</strong></span> <span class='ocrx_word' id='word_1_385' title='bbox 2463 1144 2557 1198; x_wconf 74' lang='grc' dir='ltr'>καὶ</span> <span class='ocrx_word' id='word_1_386' title='bbox 2608 1144 2931 1216; x_wconf 75' lang='grc' dir='ltr'>ἀμφιϐόλως</span> <span class='ocrx_word' id='word_1_387' title='bbox 2986 1144 3190 1216; x_wconf 81' lang='grc' dir='ltr'>μᾶλλον</span> <span class='ocrx_word' id='word_1_388' title='bbox 3246 1146 3343 1200; x_wconf 84' lang='grc' dir='ltr'>καὶ</span> <span class='ocrx_word' id='word_1_389' title='bbox 3395 1145 3661 1218; x_wconf 57' lang='lat' dir='ltr'><strong>meum,</strong></span> <span class='ocrx_word' id='word_1_390' title='bbox 3714 1147 3749 1218; x_wconf 80' lang='grc' dir='ltr'>ἢ</span> 
     </span>
    </p>
   </div>
   <div class='ocr_carea' id='block_1_51' title="bbox 2161 1235 3753 1308">
    <p class='ocr_par' dir='ltr' id='par_1_51' title="bbox 2161 1235 3753 1308">
     <span class='ocr_line' id='line_1_51' title="bbox 2161 1235 3753 1308; baseline 0.001 -18"><span class='ocrx_word' id='word_1_391' title='bbox 2161 1235 2416 1307; x_wconf 79' lang='grc' dir='ltr'>βεϐαίως.</span> <span class='ocrx_word' id='word_1_392' title='bbox 2454 1236 2656 1291; x_wconf 74' lang='grc' dir='ltr'>Ἄκουε</span> <span class='ocrx_word' id='word_1_393' title='bbox 2683 1235 2792 1308; x_wconf 82' lang='grc' dir='ltr'>γὰρ</span> <span class='ocrx_word' id='word_1_394' title='bbox 2841 1236 2893 1290; x_wconf 89' lang='grc' dir='ltr'><strong>τί</strong></span> <span class='ocrx_word' id='word_1_395' title='bbox 2926 1252 3099 1306; x_wconf 87' lang='grc' dir='ltr'>φασι·</span> <span class='ocrx_word' id='word_1_396' title='bbox 3141 1256 3169 1289; x_wconf 73' lang='grc' dir='ltr'><strong>ι</strong></span> <span class='ocrx_word' id='word_1_397' title='bbox 3201 1236 3325 1302; x_wconf 84' lang='grc' dir='ltr'><strong>ῐιῶς</strong></span> <span class='ocrx_word' id='word_1_398' title='bbox 3371 1237 3602 1293; x_wconf 76' lang='grc' dir='ltr'>δύναται</span> <span class='ocrx_word' id='word_1_399' title='bbox 3655 1238 3753 1292; x_wconf 65' lang='grc' dir='ltr'><strong>ἄνα</strong></span> 
     </span>
    </p>
   </div>
   <div class='ocr_carea' id='block_1_52' title="bbox 2159 1325 3755 1400">
    <p class='ocr_par' dir='ltr' id='par_1_52' title="bbox 2159 1325 3755 1400">
     <span class='ocr_line' id='line_1_52' title="bbox 2159 1325 3755 1400; baseline 0.001 -20"><span class='ocrx_word' id='word_1_400' title='bbox 2159 1326 2382 1400; x_wconf 90' lang='grc' dir='ltr'>θρωπος</span> <span class='ocrx_word' id='word_1_401' title='bbox 2409 1326 2741 1400; x_wconf 76' lang='grc' dir='ltr'>ἁμαρτωλὸς</span> <span class='ocrx_word' id='word_1_402' title='bbox 2771 1325 3000 1383; x_wconf 86' lang='grc' dir='ltr'>τοιαῦτα</span> <span class='ocrx_word' id='word_1_403' title='bbox 3028 1330 3204 1382; x_wconf 80' lang='grc' dir='ltr'>ποιεῖν</span> <span class='ocrx_word' id='word_1_404' title='bbox 3229 1345 3245 1388; x_wconf 83' lang='lat'><strong>;</strong></span> <span class='ocrx_word' id='word_1_405' title='bbox 3276 1347 3299 1381; x_wconf 75' lang='grc' dir='ltr'><strong>ι</strong></span> <span class='ocrx_word' id='word_1_406' title='bbox 3342 1328 3508 1400; x_wconf 77' lang='grc' dir='ltr'>ὐρᾷς</span> <span class='ocrx_word' id='word_1_407' title='bbox 3551 1330 3615 1382; x_wconf 82' lang='grc' dir='ltr'>τὸ</span> <span class='ocrx_word' id='word_1_408' title='bbox 3648 1344 3755 1397; x_wconf 84' lang='grc' dir='ltr'>μα-</span> 
     </span>
    </p>
   </div>
   <div class='ocr_carea' id='block_1_53' title="bbox 2161 1419 3755 1493">
    <p class='ocr_par' dir='ltr' id='par_1_53' title="bbox 2161 1419 3755 1493">
     <span class='ocr_line' id='line_1_53' title="bbox 2161 1419 3755 1493; baseline 0 -19"><span class='ocrx_word' id='word_1_409' title='bbox 2161 1419 2329 1474; x_wconf 73' lang='grc' dir='ltr'>λακὸν</span> <span class='ocrx_word' id='word_1_410' title='bbox 2358 1424 2459 1493; x_wconf 79' lang='grc' dir='ltr'>τῆς</span> <span class='ocrx_word' id='word_1_411' title='bbox 2509 1421 2851 1487; x_wconf 72' lang='grc' dir='ltr'>ἐνστάσεωςξ</span> <span class='ocrx_word' id='word_1_412' title='bbox 2906 1424 3053 1493; x_wconf 85' lang='grc' dir='ltr'>Ὅρα</span> <span class='ocrx_word' id='word_1_413' title='bbox 3109 1421 3207 1476; x_wconf 77' lang='grc' dir='ltr'>καὶ</span> <span class='ocrx_word' id='word_1_414' title='bbox 3268 1422 3370 1490; x_wconf 70' lang='grc' dir='ltr'>τὴν</span> <span class='ocrx_word' id='word_1_415' title='bbox 3409 1420 3755 1490; x_wconf 72' lang='grc' dir='ltr'><strong>κακουργίαν</strong></span> 
     </span>
    </p>
   </div>
   <div class='ocr_carea' id='block_1_54' title="bbox 2158 1504 3753 1580">
    <p class='ocr_par' dir='ltr' id='par_1_54' title="bbox 2158 1504 3753 1580">
     <span class='ocr_line' id='line_1_54' title="bbox 2158 1504 3753 1580; baseline -0.003 -15"><span class='ocrx_word' id='word_1_416' title='bbox 2158 1510 2266 1566; x_wconf 84' lang='grc' dir='ltr'><strong>τῶν</strong></span> <span class='ocrx_word' id='word_1_417' title='bbox 2284 1510 2698 1565; x_wconf 70' lang='grc' dir='ltr'>διαϐαλλόντων.</span> <span class='ocrx_word' id='word_1_418' title='bbox 2735 1511 2810 1564; x_wconf 81' lang='grc' dir='ltr'><strong>Οὐ</strong></span> <span class='ocrx_word' id='word_1_419' title='bbox 2856 1512 2966 1580; x_wconf 77' lang='grc' dir='ltr'><strong>γὰρ</strong></span> <span class='ocrx_word' id='word_1_420' title='bbox 2993 1511 3265 1580; x_wconf 76' lang='grc' dir='ltr'>λέγουσιν,</span> <span class='ocrx_word' id='word_1_421' title='bbox 3306 1512 3391 1565; x_wconf 81' lang='grc' dir='ltr'>ὅτι</span> <span class='ocrx_word' id='word_1_422' title='bbox 3425 1504 3596 1573; x_wconf 81' lang='grc' dir='ltr'>Οὗτος</span> <span class='ocrx_word' id='word_1_423' title='bbox 3650 1508 3753 1562; x_wconf 78' lang='grc' dir='ltr'>οὐκ</span> 
     </span>
    </p>
   </div>
   <div class='ocr_carea' id='block_1_55' title="bbox 2158 1599 3755 1674">
    <p class='ocr_par' dir='ltr' id='par_1_55' title="bbox 2158 1599 3755 1674">
     <span class='ocr_line' id='line_1_55' title="bbox 2158 1599 3755 1674; baseline 0 -20"><span class='ocrx_word' id='word_1_424' title='bbox 2158 1600 2304 1655; x_wconf 82' lang='grc' dir='ltr'>ἔστιν</span> <span class='ocrx_word' id='word_1_425' title='bbox 2335 1600 2401 1654; x_wconf 83' lang='grc' dir='ltr'>ὲκ</span> <span class='ocrx_word' id='word_1_426' title='bbox 2425 1599 2584 1666; x_wconf 86' lang='grc' dir='ltr'>Θεοῦ,</span> <span class='ocrx_word' id='word_1_427' title='bbox 2615 1602 2698 1655; x_wconf 80' lang='grc' dir='ltr'>ὅτι</span> <span class='ocrx_word' id='word_1_428' title='bbox 2731 1603 2791 1656; x_wconf 83' lang='grc' dir='ltr'>ὲν</span> <span class='ocrx_word' id='word_1_429' title='bbox 2816 1602 3081 1673; x_wconf 80' lang='grc' dir='ltr'>Σαὸὁάτῳ</span> <span class='ocrx_word' id='word_1_430' title='bbox 3110 1601 3428 1674; x_wconf 82' lang='grc' dir='ltr'><strong>θεραπεύει,</strong></span> <span class='ocrx_word' id='word_1_431' title='bbox 3457 1600 3595 1666; x_wconf 78' lang='grc' dir='ltr'>ἀλλ’,</span> <span class='ocrx_word' id='word_1_432' title='bbox 3623 1620 3641 1652; x_wconf 82' lang='grc' dir='ltr'><strong>ι</strong></span> <span class='ocrx_word' id='word_1_433' title='bbox 3668 1602 3755 1654; x_wconf 82' lang='grc' dir='ltr'>ὅτι</span> 
     </span>
    </p>
   </div>
   <div class='ocr_carea' id='block_1_56' title="bbox 2157 1691 3754 1767">
    <p class='ocr_par' dir='ltr' id='par_1_56' title="bbox 2157 1691 3754 1767">
     <span class='ocr_line' id='line_1_56' title="bbox 2157 1691 3754 1767; baseline -0.002 -18"><span class='ocrx_word' id='word_1_434' title='bbox 2157 1696 2219 1749; x_wconf 80' lang='grc' dir='ltr'>τὸ</span> <span class='ocrx_word' id='word_1_435' title='bbox 2272 1691 2554 1748; x_wconf 81' lang='grc' dir='ltr'>Σάδσατον</span> <span class='ocrx_word' id='word_1_436' title='bbox 2610 1693 2675 1748; x_wconf 83' lang='grc' dir='ltr'>οὑ</span> <span class='ocrx_word' id='word_1_437' title='bbox 2723 1697 2923 1767; x_wconf 83' lang='grc' dir='ltr'>τηρεῖ,</span> <span class='ocrx_word' id='word_1_438' title='bbox 2972 1712 2991 1747; x_wconf 74' lang='grc' dir='ltr'><strong>ι</strong></span> <span class='ocrx_word' id='word_1_439' title='bbox 3046 1695 3159 1749; x_wconf 78' lang='grc' dir='ltr'>ἄνω</span> <span class='ocrx_word' id='word_1_440' title='bbox 3206 1694 3307 1749; x_wconf 77' lang='grc' dir='ltr'>καὶ</span> <span class='ocrx_word' id='word_1_441' title='bbox 3358 1695 3511 1749; x_wconf 78' lang='grc' dir='ltr'>κάτω</span> <span class='ocrx_word' id='word_1_442' title='bbox 3555 1695 3616 1748; x_wconf 81' lang='grc' dir='ltr'><strong>οῦ</strong></span> <span class='ocrx_word' id='word_1_443' title='bbox 3651 1693 3754 1766; x_wconf 81' lang='grc' dir='ltr'>τὴν</span> 
     </span>
    </p>
   </div>
   <div class='ocr_carea' id='block_1_57' title="bbox 2158 1785 3756 1860">
    <p class='ocr_par' dir='ltr' id='par_1_57' title="bbox 2158 1785 3756 1860">
     <span class='ocr_line' id='line_1_57' title="bbox 2158 1785 3756 1860; baseline -0.002 -17"><span class='ocrx_word' id='word_1_444' title='bbox 2158 1787 2505 1857; x_wconf 83' lang='grc' dir='ltr'>εὐεργεσίαν,</span> <span class='ocrx_word' id='word_1_445' title='bbox 2540 1785 2677 1841; x_wconf 83' lang='grc' dir='ltr'><strong>ἀλλὰ</strong></span> <span class='ocrx_word' id='word_1_446' title='bbox 2709 1786 2808 1859; x_wconf 78' lang='grc' dir='ltr'>τὴν</span> <span class='ocrx_word' id='word_1_447' title='bbox 2848 1786 3157 1860; x_wconf 74' lang='grc' dir='ltr'>παράλυσιν</span> <span class='ocrx_word' id='word_1_448' title='bbox 3207 1788 3308 1860; x_wconf 85' lang='grc' dir='ltr'>τῆς</span> <span class='ocrx_word' id='word_1_449' title='bbox 3349 1788 3568 1860; x_wconf 81' lang='grc' dir='ltr'>ἡμέρας</span> <span class='ocrx_word' id='word_1_450' title='bbox 3615 1804 3756 1859; x_wconf 71' lang='grc' dir='ltr'>προρ-</span> 
     </span>
    </p>
   </div>
   <div class='ocr_carea' id='block_1_58' title="bbox 2160 1878 3755 1952">
    <p class='ocr_par' dir='ltr' id='par_1_58' title="bbox 2160 1878 3755 1952">
     <span class='ocr_line' id='line_1_58' title="bbox 2160 1878 3755 1952; baseline 0 -19"><span class='ocrx_word' id='word_1_451' title='bbox 2160 1878 2441 1951; x_wconf 82' lang='grc' dir='ltr'>φέροντες.</span> <span class='ocrx_word' id='word_1_452' title='bbox 2469 1880 2789 1952; x_wconf 87' lang='grc' dir='ltr'>Σημείωσαι</span> <span class='ocrx_word' id='word_1_453' title='bbox 2814 1879 2872 1933; x_wconf 79' lang='grc' dir='ltr'><strong>δὲ</strong></span> <span class='ocrx_word' id='word_1_454' title='bbox 2908 1880 3004 1934; x_wconf 78' lang='grc' dir='ltr'>καὶ</span> <span class='ocrx_word' id='word_1_455' title='bbox 3028 1879 3211 1944; x_wconf 87' lang='grc' dir='ltr'>τοῦτο,</span> <span class='ocrx_word' id='word_1_456' title='bbox 3240 1881 3389 1941; x_wconf 75' lang='grc' dir='ltr'>ὅπως</span> <span class='ocrx_word' id='word_1_457' title='bbox 3410 1881 3459 1934; x_wconf 82' lang='lat' dir='ltr'><strong>ot</strong></span> <span class='ocrx_word' id='word_1_458' title='bbox 3488 1879 3755 1950; x_wconf 77' lang='grc' dir='ltr'>ἄρχοντες</span> 
     </span>
    </p>
   </div>
   <div class='ocr_carea' id='block_1_59' title="bbox 2160 1972 3754 2046">
    <p class='ocr_par' dir='ltr' id='par_1_59' title="bbox 2160 1972 3754 2046">
     <span class='ocr_line' id='line_1_59' title="bbox 2160 1972 3754 2046; baseline -0.001 -18"><span class='ocrx_word' id='word_1_459' title='bbox 2160 1973 2491 2045; x_wconf 77' lang='grc' dir='ltr'>νωθρότεροι</span> <span class='ocrx_word' id='word_1_460' title='bbox 2513 1974 2609 2029; x_wconf 85' lang='grc' dir='ltr'><strong>τοῦ</strong></span> <span class='ocrx_word' id='word_1_461' title='bbox 2659 1972 2819 2046; x_wconf 79' lang='grc' dir='ltr'>ὄχλου</span> <span class='ocrx_word' id='word_1_462' title='bbox 2846 1974 2952 2029; x_wconf 72' lang='lat' dir='ltr'><strong>sict</strong></span> <span class='ocrx_word' id='word_1_463' title='bbox 2984 1974 3115 2045; x_wconf 75' lang='grc' dir='ltr'>περὶ</span> <span class='ocrx_word' id='word_1_464' title='bbox 3168 1974 3229 2028; x_wconf 85' lang='grc' dir='ltr'>τδ</span> <span class='ocrx_word' id='word_1_465' title='bbox 3261 1973 3446 2028; x_wconf 82' lang='grc' dir='ltr'>καλόν.</span> <span class='ocrx_word' id='word_1_466' title='bbox 3482 1972 3613 2028; x_wconf 84' lang='grc' dir='ltr'><strong>Ἰδοὺ</strong></span> <span class='ocrx_word' id='word_1_467' title='bbox 3641 1972 3754 2042; x_wconf 83' lang='grc' dir='ltr'>γὰρ</span> 
     </span>
    </p>
   </div>
   <div class='ocr_carea' id='block_1_60' title="bbox 2157 2064 3754 2139">
    <p class='ocr_par' dir='ltr' id='par_1_60' title="bbox 2157 2064 3754 2139">
     <span class='ocr_line' id='line_1_60' title="bbox 2157 2064 3754 2139; baseline -0.003 -18"><span class='ocrx_word' id='word_1_468' title='bbox 2157 2066 2187 2121; x_wconf 98' lang='lat'><strong>6</strong></span> <span class='ocrx_word' id='word_1_469' title='bbox 2214 2066 2312 2137; x_wconf 83' lang='grc' dir='ltr'>μὲν</span> <span class='ocrx_word' id='word_1_470' title='bbox 2345 2066 2502 2137; x_wconf 76' lang='grc' dir='ltr'>ὄχλος</span> <span class='ocrx_word' id='word_1_471' title='bbox 2530 2067 2799 2139; x_wconf 84' lang='grc' dir='ltr'>πρότερον</span> <span class='ocrx_word' id='word_1_472' title='bbox 2833 2067 3167 2139; x_wconf 78' lang='grc' dir='ltr'><strong>ἐσχίσθησαν</strong></span> <span class='ocrx_word' id='word_1_473' title='bbox 3195 2067 3320 2131; x_wconf 89' lang='grc' dir='ltr'>ταῖς</span> <span class='ocrx_word' id='word_1_474' title='bbox 3352 2064 3621 2136; x_wconf 80' lang='grc' dir='ltr'>γνώμαις,</span> <span class='ocrx_word' id='word_1_475' title='bbox 3654 2064 3754 2119; x_wconf 74' lang='grc' dir='ltr'>καὶ</span> 
     </span>
    </p>
   </div>
   <div class='ocr_carea' id='block_1_61' title="bbox 2159 2155 3752 2231">
    <p class='ocr_par' dir='ltr' id='par_1_61' title="bbox 2159 2155 3752 2231">
     <span class='ocr_line' id='line_1_61' title="bbox 2159 2155 3752 2231; baseline -0.002 -18"><span class='ocrx_word' id='word_1_476' title='bbox 2159 2158 2282 2230; x_wconf 76' lang='grc' dir='ltr'>οὐχὶ</span> <span class='ocrx_word' id='word_1_477' title='bbox 2314 2158 2518 2223; x_wconf 86' lang='grc' dir='ltr'>πάντες</span> <span class='ocrx_word' id='word_1_478' title='bbox 2566 2158 2904 2231; x_wconf 83' lang='grc' dir='ltr'>ὡμοφὼνουν</span> <span class='ocrx_word' id='word_1_479' title='bbox 2931 2159 3075 2214; x_wconf 74' lang='grc' dir='ltr'>κατὰ</span> <span class='ocrx_word' id='word_1_480' title='bbox 3125 2157 3220 2213; x_wconf 89' lang='grc' dir='ltr'><strong>τοῦ</strong></span> <span class='ocrx_word' id='word_1_481' title='bbox 3269 2156 3532 2230; x_wconf 80' lang='grc' dir='ltr'>Χριστοῦ·</span> <span class='ocrx_word' id='word_1_482' title='bbox 3582 2157 3634 2211; x_wconf 81' lang='grc' dir='ltr'>οι</span> <span class='ocrx_word' id='word_1_483' title='bbox 3691 2155 3752 2210; x_wconf 76' lang='grc' dir='ltr'>δι</span> 
     </span>
    </p>
   </div>
   <div class='ocr_carea' id='block_1_62' title="bbox 2161 2247 3759 2324">
    <p class='ocr_par' dir='ltr' id='par_1_62' title="bbox 2161 2247 3759 2324">
     <span class='ocr_line' id='line_1_62' title="bbox 2161 2247 3759 2324; baseline -0.003 -19"><span class='ocrx_word' id='word_1_484' title='bbox 2161 2247 2426 2323; x_wconf 77' lang='grc' dir='ltr'>ἄρχοντες</span> <span class='ocrx_word' id='word_1_485' title='bbox 2460 2249 2690 2324; x_wconf 76' lang='grc' dir='ltr'>ὕστερον</span> <span class='ocrx_word' id='word_1_486' title='bbox 2714 2249 2877 2305; x_wconf 87' lang='grc' dir='ltr'>τοῦτο</span> <span class='ocrx_word' id='word_1_487' title='bbox 2902 2251 2965 2305; x_wconf 85' lang='grc' dir='ltr'>τὸ</span> <span class='ocrx_word' id='word_1_488' title='bbox 2999 2250 3285 2307; x_wconf 73' lang='grc' dir='ltr'>ἐπαινετὸν</span> <span class='ocrx_word' id='word_1_489' title='bbox 3310 2249 3517 2322; x_wconf 77' lang='grc' dir='ltr'>σχίσμα</span> <span class='ocrx_word' id='word_1_490' title='bbox 3549 2247 3759 2302; x_wconf 82' lang='grc' dir='ltr'>πεπόν-</span> 
     </span>
    </p>
   </div>
   <div class='ocr_carea' id='block_1_63' title="bbox 2162 2341 3755 2416">
    <p class='ocr_par' dir='ltr' id='par_1_63' title="bbox 2162 2341 3755 2416">
     <span class='ocr_line' id='line_1_63' title="bbox 2162 2341 3755 2416; baseline -0.005 -14"><span class='ocrx_word' id='word_1_491' title='bbox 2162 2345 2344 2403; x_wconf 80' lang='grc' dir='ltr'>θασιν.</span> <span class='ocrx_word' id='word_1_492' title='bbox 2380 2345 2541 2399; x_wconf 81' lang='grc' dir='ltr'>Ἐστι</span> <span class='ocrx_word' id='word_1_493' title='bbox 2573 2345 2684 2416; x_wconf 82' lang='grc' dir='ltr'>γὰρ</span> <span class='ocrx_word' id='word_1_494' title='bbox 2716 2343 2811 2400; x_wconf 76' lang='grc' dir='ltr'>καὶ</span> <span class='ocrx_word' id='word_1_495' title='bbox 2831 2343 3329 2416; x_wconf 82' lang='grc' dir='ltr'>καλῶς-σχισθῆναι</span> <span class='ocrx_word' id='word_1_496' title='bbox 3349 2360 3364 2377; x_wconf 83' lang='lat'><strong><em>°</em></strong></span> <span class='ocrx_word' id='word_1_497' title='bbox 3416 2342 3562 2398; x_wconf 81' lang='grc' dir='ltr'>καθὰ</span> <span class='ocrx_word' id='word_1_498' title='bbox 3591 2341 3686 2396; x_wconf 73' lang='grc' dir='ltr'>καὶ</span> <span class='ocrx_word' id='word_1_499' title='bbox 3722 2341 3755 2395; x_wconf 88' lang='lat'><strong>6</strong></span> 
     </span>
    </p>
   </div>
   <div class='ocr_carea' id='block_1_64' title="bbox 2158 2432 3750 2512">
    <p class='ocr_par' dir='ltr' id='par_1_64' title="bbox 2158 2432 3750 2512">
     <span class='ocr_line' id='line_1_64' title="bbox 2158 2432 3750 2512; baseline -0.005 -19"><span class='ocrx_word' id='word_1_500' title='bbox 2158 2438 2365 2512; x_wconf 81' lang='grc' dir='ltr'>Κύριός</span> <span class='ocrx_word' id='word_1_501' title='bbox 2380 2455 2514 2510; x_wconf 86' lang='grc' dir='ltr'>φησι</span> <span class='ocrx_word' id='word_1_502' title='bbox 2537 2452 2552 2468; x_wconf 75' lang='grc'>⁸</span> <span class='ocrx_word' id='word_1_503' title='bbox 2595 2457 2614 2491; x_wconf 77' lang='grc' dir='ltr'><strong>ι</strong></span> <span class='ocrx_word' id='word_1_504' title='bbox 2630 2437 2923 2509; x_wconf 82' lang='grc' dir='ltr'>Μάχαιραν</span> <span class='ocrx_word' id='word_1_505' title='bbox 2938 2432 3104 2508; x_wconf 81' lang='grc' dir='ltr'>ἦλθον</span> <span class='ocrx_word' id='word_1_506' title='bbox 3131 2435 3314 2508; x_wconf 87' lang='grc' dir='ltr'>βαλεῖν</span> <span class='ocrx_word' id='word_1_507' title='bbox 3346 2433 3440 2489; x_wconf 70' lang='grc' dir='ltr'><strong>ἐπὶ</strong></span> <span class='ocrx_word' id='word_1_508' title='bbox 3455 2434 3554 2505; x_wconf 83' lang='grc' dir='ltr'>τὴν</span> <span class='ocrx_word' id='word_1_509' title='bbox 3569 2433 3700 2503; x_wconf 79' lang='grc' dir='ltr'>γῆν,</span> <span class='ocrx_word' id='word_1_510' title='bbox 3726 2450 3750 2485; x_wconf 72' lang='grc' dir='ltr'><strong>ι</strong></span> 
     </span>
    </p>
   </div>
   <div class='ocr_carea' id='block_1_65' title="bbox 2157 2525 3752 2602">
    <p class='ocr_par' dir='ltr' id='par_1_65' title="bbox 2157 2525 3752 2602">
     <span class='ocr_line' id='line_1_65' title="bbox 2157 2525 3752 2602; baseline -0.001 -19"><span class='ocrx_word' id='word_1_511' title='bbox 2157 2529 2259 2602; x_wconf 79' lang='grc' dir='ltr'>τὴν</span> <span class='ocrx_word' id='word_1_512' title='bbox 2289 2530 2386 2584; x_wconf 72' lang='grc' dir='ltr'><strong>ἐπὶ</strong></span> <span class='ocrx_word' id='word_1_513' title='bbox 2411 2527 2566 2602; x_wconf 86' lang='grc' dir='ltr'><strong>καλῷ</strong></span> <span class='ocrx_word' id='word_1_514' title='bbox 2592 2530 2813 2594; x_wconf 81' lang='grc' dir='ltr'>πάντως</span> <span class='ocrx_word' id='word_1_515' title='bbox 2845 2529 2938 2583; x_wconf 79' lang='grc' dir='ltr'>καὶ</span> <span class='ocrx_word' id='word_1_516' title='bbox 2970 2528 3229 2601; x_wconf 73' lang='grc' dir='ltr'>εὐσεϐείᾳ</span> <span class='ocrx_word' id='word_1_517' title='bbox 3245 2525 3752 2599; x_wconf 69' lang='grc' dir='ltr'>διχογνωμοσύνῃν.</span> 
     </span>
    </p>
   </div>
   <div class='ocr_carea' id='block_1_66' title="bbox 2237 2620 3757 2695">
    <p class='ocr_par' dir='ltr' id='par_1_66' title="bbox 2237 2620 3757 2695">
     <span class='ocr_line' id='line_1_66' title="bbox 2237 2620 3757 2695; baseline 0.001 -22"><span class='ocrx_word' id='word_1_518' title='bbox 2237 2641 2257 2673; x_wconf 82' lang='grc' dir='ltr'><strong>ι</strong></span> <span class='ocrx_word' id='word_1_519' title='bbox 2298 2621 2644 2695; x_wconf 83' lang='grc' dir='ltr'>Λέγουσιτῷ</span> <span class='ocrx_word' id='word_1_520' title='bbox 2690 2622 2877 2695; x_wconf 84' lang='grc' dir='ltr'>τυφλῷ</span> <span class='ocrx_word' id='word_1_521' title='bbox 2914 2622 3077 2677; x_wconf 73' lang='grc' dir='ltr'>πάλιν</span> <span class='ocrx_word' id='word_1_522' title='bbox 3106 2639 3118 2653; x_wconf 88' lang='grc'>·</span> <span class='ocrx_word' id='word_1_523' title='bbox 3162 2622 3236 2675; x_wconf 80' lang='grc' dir='ltr'><strong>Σὺ</strong></span> <span class='ocrx_word' id='word_1_524' title='bbox 3283 2622 3337 2676; x_wconf 83' lang='grc' dir='ltr'>τι</span> <span class='ocrx_word' id='word_1_525' title='bbox 3382 2621 3568 2685; x_wconf 80' lang='grc' dir='ltr'>λέγεις</span> <span class='ocrx_word' id='word_1_526' title='bbox 3620 2620 3757 2691; x_wconf 71' lang='grc' dir='ltr'>περὶ</span> 
     </span>
    </p>
   </div>
   <div class='ocr_carea' id='block_1_67' title="bbox 2142 2694 3753 2788">
    <p class='ocr_par' dir='ltr' id='par_1_67' title="bbox 2142 2694 3753 2788">
     <span class='ocr_line' id='line_1_67' title="bbox 2142 2694 3753 2788; baseline -0.002 -17"><span class='ocrx_word' id='word_1_527' title='bbox 2142 2694 2351 2781; x_wconf 76' lang='grc' dir='ltr'>αὐτοῦ,</span> <span class='ocrx_word' id='word_1_528' title='bbox 2375 2716 2457 2770; x_wconf 83' lang='grc' dir='ltr'>ὅτι</span> <span class='ocrx_word' id='word_1_529' title='bbox 2487 2694 2667 2788; x_wconf 70' lang='grc' dir='ltr'>ἤνοιξέ</span> <span class='ocrx_word' id='word_1_530' title='bbox 2701 2734 2796 2771; x_wconf 89' lang='grc' dir='ltr'><strong>σου</strong></span> <span class='ocrx_word' id='word_1_531' title='bbox 2835 2694 2963 2781; x_wconf 82' lang='grc' dir='ltr'>τοὺς</span> <span class='ocrx_word' id='word_1_532' title='bbox 2998 2714 3349 2788; x_wconf 75' lang='grc' dir='ltr'>ὀφθαλμούςς</span> <span class='ocrx_word' id='word_1_533' title='bbox 3394 2716 3451 2770; x_wconf 87' lang='lat'><strong>&#39;0</strong></span> <span class='ocrx_word' id='word_1_534' title='bbox 3478 2715 3537 2770; x_wconf 84' lang='grc' dir='ltr'><strong>δὲ</strong></span> <span class='ocrx_word' id='word_1_535' title='bbox 3570 2708 3753 2782; x_wconf 76' lang='grc' dir='ltr'>εἶπεν,</span> 
     </span>
    </p>
   </div>
   <div class='ocr_carea' id='block_1_68' title="bbox 2158 2807 3755 2880">
    <p class='ocr_par' dir='ltr' id='par_1_68' title="bbox 2158 2807 3755 2880">
     <span class='ocr_line' id='line_1_68' title="bbox 2158 2807 3755 2880; baseline -0.001 -16"><span class='ocrx_word' id='word_1_536' title='bbox 2158 2810 2243 2864; x_wconf 80' lang='grc' dir='ltr'>ὅτι</span> <span class='ocrx_word' id='word_1_537' title='bbox 2279 2808 2573 2880; x_wconf 77' lang='grc' dir='ltr'><strong>Προφήτης</strong></span> <span class='ocrx_word' id='word_1_538' title='bbox 2608 2809 2778 2863; x_wconf 82' lang='grc' dir='ltr'>ἐστίν.</span> <span class='ocrx_word' id='word_1_539' title='bbox 2807 2810 2922 2865; x_wconf 83' lang='grc' dir='ltr'>Οὐκ</span> <span class='ocrx_word' id='word_1_540' title='bbox 2948 2808 3279 2864; x_wconf 69' lang='grc' dir='ltr'>ἐπίστευσαν</span> <span class='ocrx_word' id='word_1_541' title='bbox 3309 2807 3403 2863; x_wconf 83' lang='grc' dir='ltr'><strong>οῦν</strong></span> <span class='ocrx_word' id='word_1_542' title='bbox 3431 2807 3755 2862; x_wconf 78' lang='grc' dir='ltr'>οίῚουδαῖοι</span> 
     </span>
    </p>
   </div>
   <div class='ocr_carea' id='block_1_69' title="bbox 2161 2897 3753 2974">
    <p class='ocr_par' dir='ltr' id='par_1_69' title="bbox 2161 2897 3753 2974">
     <span class='ocr_line' id='line_1_69' title="bbox 2161 2897 3753 2974; baseline -0.003 -17"><span class='ocrx_word' id='word_1_543' title='bbox 2161 2901 2291 2974; x_wconf 75' lang='grc' dir='ltr'><strong>περῖ¹</strong></span> <span class='ocrx_word' id='word_1_544' title='bbox 2322 2900 2512 2967; x_wconf 84' lang='grc' dir='ltr'>αὐτοῦ,</span> <span class='ocrx_word' id='word_1_545' title='bbox 2544 2902 2626 2956; x_wconf 81' lang='grc' dir='ltr'>ὅτι</span> <span class='ocrx_word' id='word_1_546' title='bbox 2648 2902 2852 2973; x_wconf 68' lang='grc' dir='ltr'>τυφλὸς</span> <span class='ocrx_word' id='word_1_547' title='bbox 2880 2897 2971 2974; x_wconf 77' lang='grc' dir='ltr'>ἦν,</span> <span class='ocrx_word' id='word_1_548' title='bbox 3004 2903 3101 2957; x_wconf 68' lang='grc' dir='ltr'><strong>καὶ</strong></span> <span class='ocrx_word' id='word_1_549' title='bbox 3128 2900 3449 2970; x_wconf 74' lang='grc' dir='ltr'>ἀνέϐλεψεν,</span> <span class='ocrx_word' id='word_1_550' title='bbox 3490 2900 3597 2963; x_wconf 71' lang='grc' dir='ltr'>ἕως</span> <span class='ocrx_word' id='word_1_551' title='bbox 3624 2901 3753 2954; x_wconf 78' lang='grc' dir='ltr'>ὅτου</span> 
     </span>
    </p>
   </div>
   <div class='ocr_carea' id='block_1_70' title="bbox 2160 2990 3760 3067">
    <p class='ocr_par' dir='ltr' id='par_1_70' title="bbox 2160 2990 3760 3067">
     <span class='ocr_line' id='line_1_70' title="bbox 2160 2990 3760 3067; baseline -0.002 -17"><span class='ocrx_word' id='word_1_552' title='bbox 2160 2995 2453 3067; x_wconf 76' lang='grc' dir='ltr'>ἐφώνησαν</span> <span class='ocrx_word' id='word_1_553' title='bbox 2483 2996 2609 3061; x_wconf 78' lang='grc' dir='ltr'>τοὺς</span> <span class='ocrx_word' id='word_1_554' title='bbox 2631 2997 2815 3065; x_wconf 80' lang='grc' dir='ltr'>γονεῖς</span> <span class='ocrx_word' id='word_1_555' title='bbox 2846 2996 3015 3050; x_wconf 79' lang='grc' dir='ltr'>αὑτοῦ</span> <span class='ocrx_word' id='word_1_556' title='bbox 3058 2994 3154 3049; x_wconf 83' lang='grc' dir='ltr'><strong>τοῦ</strong></span> <span class='ocrx_word' id='word_1_557' title='bbox 3191 2993 3625 3064; x_wconf 57' lang='grc' dir='ltr'>ἀναβλέψαντος,</span> <span class='ocrx_word' id='word_1_558' title='bbox 3657 2990 3760 3047; x_wconf 78' lang='grc' dir='ltr'>καὶ</span> 
     </span>
    </p>
   </div>
   <div class='ocr_carea' id='block_1_71' title="bbox 2140 3081 3757 3162">
    <p class='ocr_par' dir='ltr' id='par_1_71' title="bbox 2140 3081 3757 3162">
     <span class='ocr_line' id='line_1_71' title="bbox 2140 3081 3757 3162; baseline -0.002 -19"><span class='ocrx_word' id='word_1_559' title='bbox 2140 3088 2459 3162; x_wconf 73' lang='grc' dir='ltr'>,ἠρώτησαν</span> <span class='ocrx_word' id='word_1_560' title='bbox 2485 3089 2706 3153; x_wconf 80' lang='grc' dir='ltr'>αὐτοὺς,</span> <span class='ocrx_word' id='word_1_561' title='bbox 2762 3088 3020 3159; x_wconf 83' lang='grc' dir='ltr'>λέγοντες</span> <span class='ocrx_word' id='word_1_562' title='bbox 3056 3107 3071 3120; x_wconf 65' lang='grc' dir='ltr'><strong>ι</strong></span> <span class='ocrx_word' id='word_1_563' title='bbox 3134 3081 3306 3153; x_wconf 79' lang='grc' dir='ltr'>Οὗτός</span> <span class='ocrx_word' id='word_1_564' title='bbox 3365 3088 3517 3142; x_wconf 81' lang='grc' dir='ltr'>ἐστιν</span> <span class='ocrx_word' id='word_1_565' title='bbox 3550 3088 3580 3143; x_wconf 90' lang='lat'><strong>6</strong></span> <span class='ocrx_word' id='word_1_566' title='bbox 3636 3085 3757 3150; x_wconf 72' lang='grc' dir='ltr'>υίὸς</span> 
     </span>
    </p>
   </div>
   <div class='ocr_carea' id='block_1_72' title="bbox 2160 3177 3758 3253">
    <p class='ocr_par' dir='ltr' id='par_1_72' title="bbox 2160 3177 3758 3253">
     <span class='ocr_line' id='line_1_72' title="bbox 2160 3177 3758 3253; baseline -0.003 -17"><span class='ocrx_word' id='word_1_567' title='bbox 2160 3181 2341 3253; x_wconf 81' lang='grc' dir='ltr'>ὑμῶν,</span> <span class='ocrx_word' id='word_1_568' title='bbox 2396 3181 2457 3236; x_wconf 85' lang='grc' dir='ltr'>ὃν</span> <span class='ocrx_word' id='word_1_569' title='bbox 2484 3181 2644 3252; x_wconf 86' lang='grc' dir='ltr'>ὑμεῖς</span> <span class='ocrx_word' id='word_1_570' title='bbox 2673 3181 2914 3250; x_wconf 76' lang='grc' dir='ltr'><strong>ἐλέγετε,</strong></span> <span class='ocrx_word' id='word_1_571' title='bbox 2938 3182 3022 3235; x_wconf 84' lang='grc' dir='ltr'>ὄτι</span> <span class='ocrx_word' id='word_1_572' title='bbox 3047 3180 3250 3249; x_wconf 73' lang='grc' dir='ltr'>τυφλὸς</span> <span class='ocrx_word' id='word_1_573' title='bbox 3279 3179 3587 3249; x_wconf 78' lang='grc' dir='ltr'>ὲγεννήθη;</span> <span class='ocrx_word' id='word_1_574' title='bbox 3634 3177 3758 3240; x_wconf 79' lang='grc' dir='ltr'><strong>πῶς</strong></span> 
     </span>
    </p>
   </div>
   <div class='ocr_carea' id='block_1_73' title="bbox 2160 3269 3758 3347">
    <p class='ocr_par' dir='ltr' id='par_1_73' title="bbox 2160 3269 3758 3347">
     <span class='ocr_line' id='line_1_73' title="bbox 2160 3269 3758 3347; baseline -0.003 -18"><span class='ocrx_word' id='word_1_575' title='bbox 2160 3274 2252 3329; x_wconf 85' lang='grc' dir='ltr'><strong>οῦν</strong></span> <span class='ocrx_word' id='word_1_576' title='bbox 2276 3273 2403 3347; x_wconf 76' lang='grc' dir='ltr'>ἄρτι</span> <span class='ocrx_word' id='word_1_577' title='bbox 2445 3274 2673 3347; x_wconf 75' lang='grc' dir='ltr'>βλέπεις</span> <span class='ocrx_word' id='word_1_578' title='bbox 2712 3293 2731 3327; x_wconf 72' lang='grc' dir='ltr'><strong>ι</strong></span> <span class='ocrx_word' id='word_1_579' title='bbox 2784 3274 2945 3338; x_wconf 86' lang='grc' dir='ltr'>Τίνες</span> <span class='ocrx_word' id='word_1_580' title='bbox 3002 3269 3147 3345; x_wconf 80' lang='grc' dir='ltr'>ἦσαν</span> <span class='ocrx_word' id='word_1_581' title='bbox 3191 3274 3242 3327; x_wconf 82' lang='lat' dir='ltr'><strong>ol</strong></span> <span class='ocrx_word' id='word_1_582' title='bbox 3284 3271 3602 3345; x_wconf 72' lang='grc' dir='ltr'>ἐρωτῶντες</span> <span class='ocrx_word' id='word_1_583' title='bbox 3659 3270 3758 3325; x_wconf 76' lang='grc' dir='ltr'><strong>τὸν</strong></span> 
     </span>
    </p>
   </div>
   <div class='ocr_carea' id='block_1_74' title="bbox 2164 3364 3758 3438">
    <p class='ocr_par' dir='ltr' id='par_1_74' title="bbox 2164 3364 3758 3438">
     <span class='ocr_line' id='line_1_74' title="bbox 2164 3364 3758 3438; baseline -0.003 -17"><span class='ocrx_word' id='word_1_584' title='bbox 2164 3365 2388 3437; x_wconf 81' lang='grc' dir='ltr'>τυφλὸν,</span> <span class='ocrx_word' id='word_1_585' title='bbox 2429 3385 2449 3418; x_wconf 82' lang='grc' dir='ltr'><strong>ι</strong></span> <span class='ocrx_word' id='word_1_586' title='bbox 2483 3367 2555 3420; x_wconf 82' lang='grc' dir='ltr'>Σὺ</span> <span class='ocrx_word' id='word_1_587' title='bbox 2584 3367 2637 3421; x_wconf 88' lang='grc' dir='ltr'><strong>τί</strong></span> <span class='ocrx_word' id='word_1_588' title='bbox 2667 3366 2848 3435; x_wconf 86' lang='grc' dir='ltr'>λέγεις</span> <span class='ocrx_word' id='word_1_589' title='bbox 2877 3368 3012 3438; x_wconf 73' lang='grc' dir='ltr'>περὶ</span> <span class='ocrx_word' id='word_1_590' title='bbox 3041 3366 3243 3431; x_wconf 72' lang='grc' dir='ltr'>αὐτοῦς</span> <span class='ocrx_word' id='word_1_591' title='bbox 3281 3384 3301 3418; x_wconf 76' lang='grc' dir='ltr'><strong>ι</strong></span> <span class='ocrx_word' id='word_1_592' title='bbox 3336 3366 3449 3436; x_wconf 83' lang='grc' dir='ltr'><strong>Τῆς</strong></span> <span class='ocrx_word' id='word_1_593' title='bbox 3504 3364 3617 3420; x_wconf 87' lang='grc' dir='ltr'><strong>τῶν</strong></span> <span class='ocrx_word' id='word_1_594' title='bbox 3657 3365 3758 3418; x_wconf 84' lang='grc' dir='ltr'><strong>εὐ-</strong></span> 
     </span>
    </p>
   </div>
   <div class='ocr_carea' id='block_1_75' title="bbox 2163 3454 3759 3533">
    <p class='ocr_par' dir='ltr' id='par_1_75' title="bbox 2163 3454 3759 3533">
     <span class='ocr_line' id='line_1_75' title="bbox 2163 3454 3759 3533; baseline -0.002 -19"><span class='ocrx_word' id='word_1_595' title='bbox 2163 3460 2457 3531; x_wconf 76' lang='grc' dir='ltr'>γνωμόνων</span> <span class='ocrx_word' id='word_1_596' title='bbox 2483 3460 2678 3533; x_wconf 82' lang='grc' dir='ltr'>μοίρας</span> <span class='ocrx_word' id='word_1_597' title='bbox 2702 3455 2864 3533; x_wconf 80' lang='grc' dir='ltr'>ἦσαν.</span> <span class='ocrx_word' id='word_1_598' title='bbox 2909 3460 3061 3515; x_wconf 82' lang='grc' dir='ltr'>Ἐπεὶ</span> <span class='ocrx_word' id='word_1_599' title='bbox 3095 3458 3205 3530; x_wconf 74' lang='grc' dir='ltr'><strong>γὰρ</strong></span> <span class='ocrx_word' id='word_1_600' title='bbox 3235 3454 3388 3513; x_wconf 83' lang='grc' dir='ltr'>εἷπον</span> <span class='ocrx_word' id='word_1_601' title='bbox 3416 3498 3432 3523; x_wconf 92' lang='grc'><strong>,</strong></span> <span class='ocrx_word' id='word_1_602' title='bbox 3453 3458 3536 3513; x_wconf 75' lang='grc' dir='ltr'>ὅτι</span> <span class='ocrx_word' id='word_1_603' title='bbox 3583 3478 3600 3511; x_wconf 79' lang='grc' dir='ltr'><strong>ι</strong></span> <span class='ocrx_word' id='word_1_604' title='bbox 3628 3457 3759 3522; x_wconf 83' lang='grc' dir='ltr'><strong>Πῶς</strong></span> 
     </span>
    </p>
   </div>
   <div class='ocr_carea' id='block_1_76' title="bbox 2165 3550 3758 3624">
    <p class='ocr_par' dir='ltr' id='par_1_76' title="bbox 2165 3550 3758 3624">
     <span class='ocr_line' id='line_1_76' title="bbox 2165 3550 3758 3624; baseline -0.001 -18"><span class='ocrx_word' id='word_1_605' title='bbox 2165 3551 2393 3607; x_wconf 80' lang='grc' dir='ltr'>δύναται</span> <span class='ocrx_word' id='word_1_606' title='bbox 2425 3552 2752 3624; x_wconf 78' lang='grc' dir='ltr'>ἁμαρτωλὸς</span> <span class='ocrx_word' id='word_1_607' title='bbox 2774 3554 3004 3608; x_wconf 86' lang='grc' dir='ltr'>τοιαῦτα</span> <span class='ocrx_word' id='word_1_608' title='bbox 3036 3556 3242 3624; x_wconf 81' lang='grc' dir='ltr'>σημεῖα</span> <span class='ocrx_word' id='word_1_609' title='bbox 3269 3554 3481 3615; x_wconf 80' lang='grc' dir='ltr'>ποιεῖν;</span> <span class='ocrx_word' id='word_1_610' title='bbox 3506 3570 3529 3605; x_wconf 81' lang='grc'>›</span> <span class='ocrx_word' id='word_1_611' title='bbox 3560 3552 3650 3606; x_wconf 85' lang='grc' dir='ltr'>ἶνα</span> <span class='ocrx_word' id='word_1_612' title='bbox 3679 3550 3758 3623; x_wconf 85' lang='grc' dir='ltr'>μὴ</span> 
     </span>
    </p>
   </div>
   <div class='ocr_carea' id='block_1_77' title="bbox 2164 3642 3762 3718">
    <p class='ocr_par' dir='ltr' id='par_1_77' title="bbox 2164 3642 3762 3718">
     <span class='ocr_line' id='line_1_77' title="bbox 2164 3642 3762 3718; baseline -0.001 -18"><span class='ocrx_word' id='word_1_613' title='bbox 2164 3644 2391 3710; x_wconf 71' lang='grc' dir='ltr'>δόξωσιν</span> <span class='ocrx_word' id='word_1_614' title='bbox 2438 3646 2595 3701; x_wconf 76' lang='grc' dir='ltr'>αὐτοὶ</span> <span class='ocrx_word' id='word_1_615' title='bbox 2623 3647 2802 3717; x_wconf 81' lang='grc' dir='ltr'>μάτην</span> <span class='ocrx_word' id='word_1_616' title='bbox 2839 3649 3184 3718; x_wconf 82' lang='grc' dir='ltr'>συνηγορεῖν,</span> <span class='ocrx_word' id='word_1_617' title='bbox 3216 3647 3311 3700; x_wconf 75' lang='grc' dir='ltr'>τὸν</span> <span class='ocrx_word' id='word_1_618' title='bbox 3360 3645 3599 3702; x_wconf 71' lang='grc' dir='ltr'>λαϐόντα</span> <span class='ocrx_word' id='word_1_619' title='bbox 3653 3642 3762 3717; x_wconf 72' lang='grc' dir='ltr'>τὴν</span> 
     </span>
    </p>
   </div>
   <div class='ocr_carea' id='block_1_78' title="bbox 2165 3738 3759 3813">
    <p class='ocr_par' dir='ltr' id='par_1_78' title="bbox 2165 3738 3759 3813">
     <span class='ocr_line' id='line_1_78' title="bbox 2165 3738 3759 3813; baseline -0.001 -20"><span class='ocrx_word' id='word_1_620' title='bbox 2165 3738 2510 3809; x_wconf 76' lang='grc' dir='ltr'>εὐεργεσίαν,</span> <span class='ocrx_word' id='word_1_621' title='bbox 2543 3738 2711 3795; x_wconf 70' lang='grc' dir='ltr'>αὑτὸν</span> <span class='ocrx_word' id='word_1_622' title='bbox 2740 3739 3050 3810; x_wconf 84' lang='grc' dir='ltr'>παράγουσι</span> <span class='ocrx_word' id='word_1_623' title='bbox 3086 3740 3366 3813; x_wconf 79' lang='grc' dir='ltr'>μάρτυρα,</span> <span class='ocrx_word' id='word_1_624' title='bbox 3427 3740 3505 3804; x_wconf 85' lang='grc' dir='ltr'><strong>ὡς</strong></span> <span class='ocrx_word' id='word_1_625' title='bbox 3558 3738 3759 3793; x_wconf 80' lang='grc' dir='ltr'>αἰσθό-</span> 
     </span>
    </p>
   </div>
   <div class='ocr_carea' id='block_1_79' title="bbox 2171 3832 3763 3906">
    <p class='ocr_par' dir='ltr' id='par_1_79' title="bbox 2171 3832 3763 3906">
     <span class='ocr_line' id='line_1_79' title="bbox 2171 3832 3763 3906; baseline 0.001 -20"><span class='ocrx_word' id='word_1_626' title='bbox 2171 3849 2339 3905; x_wconf 85' lang='grc' dir='ltr'>μενον</span> <span class='ocrx_word' id='word_1_627' title='bbox 2363 3833 2464 3903; x_wconf 82' lang='grc' dir='ltr'>τῆς</span> <span class='ocrx_word' id='word_1_628' title='bbox 2493 3832 2799 3905; x_wconf 87' lang='grc' dir='ltr'>δυνάμεως,</span> <span class='ocrx_word' id='word_1_629' title='bbox 2829 3834 2905 3899; x_wconf 75' lang='grc' dir='ltr'><strong>ὡς</strong></span> <span class='ocrx_word' id='word_1_630' title='bbox 2944 3833 3012 3889; x_wconf 80' lang='grc' dir='ltr'>ἂν</span> <span class='ocrx_word' id='word_1_631' title='bbox 3050 3833 3448 3906; x_wconf 73' lang='grc' dir='ltr'>ἑπιστομίσωσι</span> <span class='ocrx_word' id='word_1_632' title='bbox 3477 3834 3606 3898; x_wconf 81' lang='grc' dir='ltr'>τοὺς</span> <span class='ocrx_word' id='word_1_633' title='bbox 3638 3833 3763 3887; x_wconf 82' lang='grc' dir='ltr'>δια-</span> 
     </span>
    </p>
   </div>
   <div class='ocr_carea' id='block_1_80' title="bbox 2168 3921 3758 3998">
    <p class='ocr_par' dir='ltr' id='par_1_80' title="bbox 2168 3921 3758 3998">
     <span class='ocr_line' id='line_1_80' title="bbox 2168 3921 3758 3998; baseline -0.001 -19"><span class='ocrx_word' id='word_1_634' title='bbox 2168 3924 2368 3989; x_wconf 76' lang='grc' dir='ltr'>δολεῖς.</span> <span class='ocrx_word' id='word_1_635' title='bbox 2415 3923 2559 3998; x_wconf 82' lang='grc' dir='ltr'>Ὅρα</span> <span class='ocrx_word' id='word_1_636' title='bbox 2599 3924 2710 3996; x_wconf 83' lang='grc' dir='ltr'><strong>γὰρ</strong></span> <span class='ocrx_word' id='word_1_637' title='bbox 2744 3923 2866 3990; x_wconf 86' lang='grc' dir='ltr'><strong>πῶς</strong></span> <span class='ocrx_word' id='word_1_638' title='bbox 2898 3924 3265 3997; x_wconf 78' lang='grc' dir='ltr'>εὐγνωμόνως</span> <span class='ocrx_word' id='word_1_639' title='bbox 3312 3924 3617 3996; x_wconf 66' lang='grc' dir='ltr'>ἐρωτῶσιν.</span> <span class='ocrx_word' id='word_1_640' title='bbox 3673 3921 3758 3979; x_wconf 78' lang='grc' dir='ltr'><strong>Οὐ</strong></span> 
     </span>
    </p>
   </div>
   <div class='ocr_carea' id='block_1_81' title="bbox 2168 4013 3763 4089">
    <p class='ocr_par' dir='ltr' id='par_1_81' title="bbox 2168 4013 3763 4089">
     <span class='ocr_line' id='line_1_81' title="bbox 2168 4013 3763 4089; baseline -0.001 -17"><span class='ocrx_word' id='word_1_641' title='bbox 2168 4018 2277 4088; x_wconf 76' lang='grc' dir='ltr'><strong>γὰρ</strong></span> <span class='ocrx_word' id='word_1_642' title='bbox 2319 4013 2476 4072; x_wconf 73' lang='grc' dir='ltr'>εἶπον</span> <span class='ocrx_word' id='word_1_643' title='bbox 2507 4035 2521 4049; x_wconf 76' lang='grc'><strong><em>⁸</em></strong></span> <span class='ocrx_word' id='word_1_644' title='bbox 2549 4017 2621 4071; x_wconf 80' lang='grc' dir='ltr'>Σῦ</span> <span class='ocrx_word' id='word_1_645' title='bbox 2670 4017 2725 4071; x_wconf 83' lang='grc' dir='ltr'><strong>τί</strong></span> <span class='ocrx_word' id='word_1_646' title='bbox 2768 4016 2951 4086; x_wconf 70' lang='grc' dir='ltr'>λέγεις</span> <span class='ocrx_word' id='word_1_647' title='bbox 3007 4016 3139 4089; x_wconf 80' lang='grc' dir='ltr'>περὶ</span> <span class='ocrx_word' id='word_1_648' title='bbox 3185 4015 3374 4083; x_wconf 83' lang='grc' dir='ltr'>αὑτοῦ,</span> <span class='ocrx_word' id='word_1_649' title='bbox 3437 4016 3520 4071; x_wconf 82' lang='grc' dir='ltr'>ὅτι</span> <span class='ocrx_word' id='word_1_650' title='bbox 3580 4013 3763 4087; x_wconf 81' lang='grc' dir='ltr'>πηλὸν</span> 
     </span>
    </p>
   </div>
   <div class='ocr_carea' id='block_1_82' title="bbox 2167 4107 3761 4182">
    <p class='ocr_par' dir='ltr' id='par_1_82' title="bbox 2167 4107 3761 4182">
     <span class='ocr_line' id='line_1_82' title="bbox 2167 4107 3761 4182; baseline 0 -18"><span class='ocrx_word' id='word_1_651' title='bbox 2167 4110 2427 4182; x_wconf 60' lang='grc' dir='ltr'>ἐποίησεν</span> <span class='ocrx_word' id='word_1_652' title='bbox 2453 4128 2468 4180; x_wconf 89' lang='grc'><strong>;</strong></span> <span class='ocrx_word' id='word_1_653' title='bbox 2495 4111 2579 4167; x_wconf 79' lang='grc' dir='ltr'>ὃτι</span> <span class='ocrx_word' id='word_1_654' title='bbox 2603 4110 2665 4165; x_wconf 74' lang='grc' dir='ltr'><strong>τὸ</strong></span> <span class='ocrx_word' id='word_1_655' title='bbox 2694 4110 2975 4166; x_wconf 74' lang='grc' dir='ltr'>Σάὸϐατον</span> <span class='ocrx_word' id='word_1_656' title='bbox 2997 4110 3099 4165; x_wconf 84' lang='grc' dir='ltr'>οὐκ</span> <span class='ocrx_word' id='word_1_657' title='bbox 3134 4110 3436 4181; x_wconf 75' lang='grc' dir='ltr'>ὲτήρησενς</span> <span class='ocrx_word' id='word_1_658' title='bbox 3490 4109 3632 4165; x_wconf 79' lang='grc' dir='ltr'>ἀλλὰ</span> <span class='ocrx_word' id='word_1_659' title='bbox 3658 4107 3761 4164; x_wconf 82' lang='grc' dir='ltr'><strong>τοῦ</strong></span> 
     </span>
    </p>
   </div>
   <div class='ocr_carea' id='block_1_83' title="bbox 2170 4202 3763 4277">
    <p class='ocr_par' dir='ltr' id='par_1_83' title="bbox 2170 4202 3763 4277">
     <span class='ocr_line' id='line_1_83' title="bbox 2170 4202 3763 4277; baseline -0.003 -17"><span class='ocrx_word' id='word_1_660' title='bbox 2170 4205 2450 4275; x_wconf 80' lang='grc' dir='ltr'>θαύματος</span> <span class='ocrx_word' id='word_1_661' title='bbox 2505 4204 2963 4277; x_wconf 81' lang='grc' dir='ltr'>μνημονεύουσιν,</span> <span class='ocrx_word' id='word_1_662' title='bbox 3012 4222 3031 4257; x_wconf 82' lang='grc' dir='ltr'><strong>ι</strong></span> <span class='ocrx_word' id='word_1_663' title='bbox 3069 4204 3194 4259; x_wconf 85' lang='grc' dir='ltr'>’Ότι</span> <span class='ocrx_word' id='word_1_664' title='bbox 3239 4202 3422 4275; x_wconf 71' lang='grc' dir='ltr'>ἤνοιξε</span> <span class='ocrx_word' id='word_1_665' title='bbox 3473 4218 3571 4256; x_wconf 87' lang='grc' dir='ltr'><strong>σου</strong></span> <span class='ocrx_word' id='word_1_666' title='bbox 3626 4202 3763 4267; x_wconf 80' lang='grc' dir='ltr'>τοὺς</span> 
     </span>
    </p>
   </div>
   <div class='ocr_carea' id='block_1_84' title="bbox 2167 4296 3764 4370">
    <p class='ocr_par' dir='ltr' id='par_1_84' title="bbox 2167 4296 3764 4370">
     <span class='ocr_line' id='line_1_84' title="bbox 2167 4296 3764 4370; baseline -0.003 -16"><span class='ocrx_word' id='word_1_667' title='bbox 2167 4297 2481 4370; x_wconf 80' lang='grc' dir='ltr'>ὀφθαλμούς</span> <span class='ocrx_word' id='word_1_668' title='bbox 2500 4314 2560 4359; x_wconf 11' lang='grc' dir='ltr'><strong>οξ»</strong></span> <span class='ocrx_word' id='word_1_669' title='bbox 2595 4298 2879 4369; x_wconf 73' lang='grc' dir='ltr'>μονονουχὶ</span> <span class='ocrx_word' id='word_1_670' title='bbox 2897 4297 2992 4352; x_wconf 74' lang='grc' dir='ltr'>καὶ</span> <span class='ocrx_word' id='word_1_671' title='bbox 3019 4298 3110 4352; x_wconf 84' lang='grc' dir='ltr'>τὸν</span> <span class='ocrx_word' id='word_1_672' title='bbox 3129 4296 3543 4368; x_wconf 74' lang='grc' dir='ltr'>θεραπευθέντα</span> <span class='ocrx_word' id='word_1_673' title='bbox 3574 4313 3764 4369; x_wconf 80' lang='grc' dir='ltr'>παρα-</span> 
     </span>
    </p>
   </div>
   <div class='ocr_carea' id='block_1_85' title="bbox 2171 4388 3759 4462">
    <p class='ocr_par' dir='ltr' id='par_1_85' title="bbox 2171 4388 3759 4462">
     <span class='ocr_line' id='line_1_85' title="bbox 2171 4388 3759 4462; baseline -0.002 -16"><span class='ocrx_word' id='word_1_674' title='bbox 2171 4390 2432 4462; x_wconf 84' lang='grc' dir='ltr'>θήγοντες</span> <span class='ocrx_word' id='word_1_675' title='bbox 2476 4390 2557 4454; x_wconf 82' lang='grc' dir='ltr'><strong>είς</strong></span> <span class='ocrx_word' id='word_1_676' title='bbox 2599 4389 2659 4442; x_wconf 83' lang='grc' dir='ltr'>τὸ</span> <span class='ocrx_word' id='word_1_677' title='bbox 2694 4388 2837 4460; x_wconf 75' lang='grc' dir='ltr'>ὑπὲρ</span> <span class='ocrx_word' id='word_1_678' title='bbox 2895 4388 3136 4461; x_wconf 83' lang='grc' dir='ltr'>Χριστοῦ</span> <span class='ocrx_word' id='word_1_679' title='bbox 3189 4390 3259 4444; x_wconf 80' lang='grc' dir='ltr'>τὰ</span> <span class='ocrx_word' id='word_1_680' title='bbox 3307 4389 3497 4443; x_wconf 77' lang='grc' dir='ltr'>εἰκότα</span> <span class='ocrx_word' id='word_1_681' title='bbox 3554 4388 3759 4443; x_wconf 69' lang='grc' dir='ltr'>εἰπεῖν.</span> 
     </span>
    </p>
   </div>
   <div class='ocr_carea' id='block_1_86' title="bbox 2183 4479 3764 4554">
    <p class='ocr_par' dir='ltr' id='par_1_86' title="bbox 2183 4479 3764 4554">
     <span class='ocr_line' id='line_1_86' title="bbox 2183 4479 3764 4554; baseline -0.002 -16"><span class='ocrx_word' id='word_1_682' title='bbox 2183 4482 2698 4554; x_wconf 81' lang='grc' dir='ltr'>Ἀναμιμνήσκουσι</span> <span class='ocrx_word' id='word_1_683' title='bbox 2724 4482 2835 4553; x_wconf 81' lang='grc' dir='ltr'>γὰρ</span> <span class='ocrx_word' id='word_1_684' title='bbox 2861 4482 3046 4547; x_wconf 78' lang='grc' dir='ltr'>αὐτὸν,</span> <span class='ocrx_word' id='word_1_685' title='bbox 3078 4481 3175 4537; x_wconf 73' lang='grc' dir='ltr'>καὶ</span> <span class='ocrx_word' id='word_1_686' title='bbox 3215 4481 3504 4536; x_wconf 82' lang='grc' dir='ltr'>νύττουσιν</span> <span class='ocrx_word' id='word_1_687' title='bbox 3540 4479 3709 4535; x_wconf 74' lang='grc' dir='ltr'>αὐτόν</span> <span class='ocrx_word' id='word_1_688' title='bbox 3740 4494 3764 4513; x_wconf 71' lang='grc' dir='ltr'><strong><em>ο</em></strong></span> 
     </span>
    </p>
   </div>
   <div class='ocr_carea' id='block_1_87' title="bbox 2179 4569 3765 4645">
    <p class='ocr_par' dir='ltr' id='par_1_87' title="bbox 2179 4569 3765 4645">
     <span class='ocr_line' id='line_1_87' title="bbox 2179 4569 3765 4645; baseline -0.003 -17"><span class='ocrx_word' id='word_1_689' title='bbox 2179 4594 2200 4628; x_wconf 81' lang='grc' dir='ltr'><strong>ι</strong></span> <span class='ocrx_word' id='word_1_690' title='bbox 2234 4573 2358 4630; x_wconf 75' lang='grc' dir='ltr'>ὀτι</span> <span class='ocrx_word' id='word_1_691' title='bbox 2385 4571 2566 4645; x_wconf 72' lang='grc' dir='ltr'>ἤνοιξὲ</span> <span class='ocrx_word' id='word_1_692' title='bbox 2594 4589 2689 4627; x_wconf 93' lang='grc' dir='ltr'><strong>σου</strong></span> <span class='ocrx_word' id='word_1_693' title='bbox 2710 4572 2837 4634; x_wconf 78' lang='grc' dir='ltr'>τοὺς</span> <span class='ocrx_word' id='word_1_694' title='bbox 2870 4571 3208 4644; x_wconf 83' lang='grc' dir='ltr'>ὀφθαλμούς.</span> <span class='ocrx_word' id='word_1_695' title='bbox 3240 4591 3259 4624; x_wconf 78' lang='grc' dir='ltr'><strong>ι</strong></span> <span class='ocrx_word' id='word_1_696' title='bbox 3287 4572 3642 4643; x_wconf 78' lang='grc' dir='ltr'>Εὐηργὲτησε</span> <span class='ocrx_word' id='word_1_697' title='bbox 3672 4569 3765 4638; x_wconf 77' lang='grc' dir='ltr'><strong>σὲ,</strong></span> 
     </span>
    </p>
   </div>
   <div class='ocr_carea' id='block_1_88' title="bbox 473 4662 2059 4743">
    <p class='ocr_par' dir='ltr' id='par_1_88' title="bbox 473 4662 2059 4743">
     <span class='ocr_line' id='line_1_88' title="bbox 473 4662 2059 4743; baseline 0.008 -28"><span class='ocrx_word' id='word_1_698' title='bbox 473 4675 623 4717; x_wconf 85' lang='lat' dir='ltr'><strong>care.</strong></span> <span class='ocrx_word' id='word_1_699' title='bbox 652 4662 777 4720; x_wconf 90' lang='lat' dir='ltr'><strong>Ideo</strong></span> <span class='ocrx_word' id='word_1_700' title='bbox 807 4674 863 4721; x_wconf 91' lang='lat' dir='ltr'><strong>et</strong></span> <span class='ocrx_word' id='word_1_701' title='bbox 890 4682 1068 4724; x_wconf 66' lang='lat' dir='ltr'><strong>caicus</strong></span> <span class='ocrx_word' id='word_1_702' title='bbox 1096 4670 1387 4725; x_wconf 82' lang='lat' dir='ltr'><strong>conﬁtetur</strong></span> <span class='ocrx_word' id='word_1_703' title='bbox 1421 4681 1550 4727; x_wconf 87' lang='lat' dir='ltr'><strong>tunc</strong></span> <span class='ocrx_word' id='word_1_704' title='bbox 1597 4672 1651 4728; x_wconf 86' lang='lat' dir='ltr'><strong>id</strong></span> <span class='ocrx_word' id='word_1_705' title='bbox 1695 4672 1839 4742; x_wconf 86' lang='lat' dir='ltr'><strong>quod</strong></span> <span class='ocrx_word' id='word_1_706' title='bbox 1868 4673 2059 4743; x_wconf 84' lang='lat' dir='ltr'><strong>potuit,</strong></span> 
     </span>
    </p>
   </div>
   <div class='ocr_carea' id='block_1_89' title="bbox 2162 4662 3768 4743">
    <p class='ocr_par' dir='ltr' id='par_1_89' title="bbox 2173 4663 3768 4738">
     <span class='ocr_line' id='line_1_89' title="bbox 2173 4663 3768 4738; baseline -0.002 -18"><span class='ocrx_word' id='word_1_707' title='bbox 2173 4667 2363 4735; x_wconf 77' lang='grc' dir='ltr'>φασὶν,</span> <span class='ocrx_word' id='word_1_708' title='bbox 2394 4664 2536 4721; x_wconf 81' lang='grc' dir='ltr'>ὥστε</span> <span class='ocrx_word' id='word_1_709' title='bbox 2573 4664 2815 4735; x_wconf 80' lang='grc' dir='ltr'>ὀφείλεις</span> <span class='ocrx_word' id='word_1_710' title='bbox 2839 4664 3185 4738; x_wconf 81' lang='grc' dir='ltr'>ἁνακηρύξαι</span> <span class='ocrx_word' id='word_1_711' title='bbox 3216 4665 3404 4721; x_wconf 69' lang='grc' dir='ltr'>αὐτόν.</span> <span class='ocrx_word' id='word_1_712' title='bbox 3453 4664 3548 4719; x_wconf 80' lang='grc' dir='ltr'><strong>Διδ</strong></span> <span class='ocrx_word' id='word_1_713' title='bbox 3577 4663 3673 4718; x_wconf 83' lang='grc' dir='ltr'>καὶ</span> <span class='ocrx_word' id='word_1_714' title='bbox 3732 4664 3768 4717; x_wconf 83' lang='lat'><strong>6</strong></span> 
     </span>
    </p>
   </div>
   <div class='ocr_carea' id='block_1_90' title="bbox 476 4752 2061 4832">
    <p class='ocr_par' dir='ltr' id='par_1_90' title="bbox 476 4752 2061 4832">
     <span class='ocr_line' id='line_1_90' title="bbox 476 4752 2061 4832; baseline 0.008 -26"><span class='ocrx_word' id='word_1_715' title='bbox 476 4752 622 4822; x_wconf 82' lang='lat' dir='ltr'><strong>quod</strong></span> <span class='ocrx_word' id='word_1_716' title='bbox 655 4768 762 4809; x_wconf 92' lang='lat' dir='ltr'><strong>non</strong></span> <span class='ocrx_word' id='word_1_717' title='bbox 787 4754 859 4811; x_wconf 89' lang='lat' dir='ltr'><strong>sit</strong></span> <span class='ocrx_word' id='word_1_718' title='bbox 888 4768 1165 4828; x_wconf 90' lang='lat' dir='ltr'><strong>peccator,</strong></span> <span class='ocrx_word' id='word_1_719' title='bbox 1192 4759 1287 4816; x_wconf 90' lang='lat' dir='ltr'><strong>sed</strong></span> <span class='ocrx_word' id='word_1_720' title='bbox 1307 4776 1372 4817; x_wconf 82' lang='lat' dir='ltr'><strong>ex</strong></span> <span class='ocrx_word' id='word_1_721' title='bbox 1394 4760 1525 4816; x_wconf 90' lang='lat' dir='ltr'><strong>Deo.</strong></span> <span class='ocrx_word' id='word_1_722' title='bbox 1562 4779 1581 4813; x_wconf 84' lang='grc' dir='ltr'><strong>ι</strong></span> <span class='ocrx_word' id='word_1_723' title='bbox 1618 4761 1887 4832; x_wconf 87' lang='lat' dir='ltr'><strong>Propheta</strong></span> <span class='ocrx_word' id='word_1_724' title='bbox 1918 4764 2061 4818; x_wconf 89' lang='lat' dir='ltr'><strong>enim</strong></span> 
     </span>
    </p>
   </div>
   <div class='ocr_carea' id='block_1_91' title="bbox 2163 4753 3769 4829">
    <p class='ocr_par' dir='ltr' id='par_1_91' title="bbox 2163 4753 3769 4829">
     <span class='ocr_line' id='line_1_91' title="bbox 2163 4753 3769 4829; baseline -0.002 -17"><span class='ocrx_word' id='word_1_725' title='bbox 2163 4757 2367 4829; x_wconf 77' lang='grc' dir='ltr'>τυφλὸς</span> <span class='ocrx_word' id='word_1_726' title='bbox 2399 4756 2656 4829; x_wconf 78' lang='grc' dir='ltr'>ὁμολογεῖ</span> <span class='ocrx_word' id='word_1_727' title='bbox 2711 4754 2848 4820; x_wconf 87' lang='grc' dir='ltr'>τέως</span> <span class='ocrx_word' id='word_1_728' title='bbox 2881 4756 3020 4829; x_wconf 81' lang='grc' dir='ltr'>ὅπερ</span> <span class='ocrx_word' id='word_1_729' title='bbox 3051 4756 3301 4827; x_wconf 76' lang='grc' dir='ltr'>ἠδύνατο,</span> <span class='ocrx_word' id='word_1_730' title='bbox 3333 4756 3418 4810; x_wconf 75' lang='grc' dir='ltr'>ὅτι</span> <span class='ocrx_word' id='word_1_731' title='bbox 3446 4755 3564 4810; x_wconf 74' lang='grc' dir='ltr'>θὺιι</span> <span class='ocrx_word' id='word_1_732' title='bbox 3610 4753 3769 4808; x_wconf 76' lang='grc' dir='ltr'>ἐστιν</span> 
     </span>
    </p>
   </div>
   <div class='ocr_carea' id='block_1_92' title="bbox 474 4841 2059 4929">
    <p class='ocr_par' dir='ltr' id='par_1_92' title="bbox 474 4841 2059 4926">
     <span class='ocr_line' id='line_1_92' title="bbox 474 4841 2059 4926; baseline 0.006 -24"><span class='ocrx_word' id='word_1_733' title='bbox 474 4856 583 4916; x_wconf 88' lang='lat' dir='ltr'><strong>est,</strong></span> <span class='ocrx_word' id='word_1_734' title='bbox 621 4865 641 4902; x_wconf 76' lang='grc' dir='ltr'><strong>ι</strong></span> <span class='ocrx_word' id='word_1_735' title='bbox 677 4848 854 4908; x_wconf 79' lang='lat' dir='ltr'><strong>dicit:</strong></span> <span class='ocrx_word' id='word_1_736' title='bbox 884 4854 1136 4922; x_wconf 86' lang='lat' dir='ltr'><strong>quamvis</strong></span> <span class='ocrx_word' id='word_1_737' title='bbox 1167 4872 1186 4906; x_wconf 78' lang='grc' dir='ltr'><strong>ι</strong></span> <span class='ocrx_word' id='word_1_738' title='bbox 1223 4841 1316 4910; x_wconf 82' lang='lat' dir='ltr'><strong>alii</strong></span> <span class='ocrx_word' id='word_1_739' title='bbox 1340 4855 1586 4910; x_wconf 87' lang='lat' dir='ltr'><strong>dicerent</strong></span> <span class='ocrx_word' id='word_1_740' title='bbox 1616 4854 1760 4926; x_wconf 79' lang='lat' dir='ltr'><strong>quod</strong></span> <span class='ocrx_word' id='word_1_741' title='bbox 1791 4870 1897 4910; x_wconf 91' lang='lat' dir='ltr'><strong>non</strong></span> <span class='ocrx_word' id='word_1_742' title='bbox 1922 4863 2059 4911; x_wconf 90' lang='lat' dir='ltr'><strong>esset</strong></span> 
     </span>
    </p>
   </div>
   <div class='ocr_carea' id='block_1_93' title="bbox 2162 4841 3844 4929">
    <p class='ocr_par' dir='ltr' id='par_1_93' title="bbox 2165 4844 3844 4929">
     <span class='ocr_line' id='line_1_93' title="bbox 2165 4844 3844 4929; baseline -0.003 -24"><span class='ocrx_word' id='word_1_743' title='bbox 2165 4848 2509 4920; x_wconf 83' lang='grc' dir='ltr'>ἁμαρτωλὸς,</span> <span class='ocrx_word' id='word_1_744' title='bbox 2543 4844 2657 4901; x_wconf 81' lang='grc' dir='ltr'>ἀλλ’</span> <span class='ocrx_word' id='word_1_745' title='bbox 2677 4845 2850 4900; x_wconf 81' lang='grc' dir='ltr'>ὲκτοῦ</span> <span class='ocrx_word' id='word_1_746' title='bbox 2881 4847 3073 4904; x_wconf 81' lang='grc' dir='ltr'>Θεοῦ.ι</span> <span class='ocrx_word' id='word_1_747' title='bbox 3106 4847 3401 4920; x_wconf 83' lang='grc' dir='ltr'>Προφήτης</span> <span class='ocrx_word' id='word_1_748' title='bbox 3430 4845 3542 4917; x_wconf 83' lang='grc' dir='ltr'>γάρ</span> <span class='ocrx_word' id='word_1_749' title='bbox 3577 4848 3762 4911; x_wconf 64' lang='lat' dir='ltr'><strong>tam,»</strong></span> <span class='ocrx_word' id='word_1_750' title='bbox 3836 4922 3844 4929; x_wconf 29' lang='grc' dir='ltr'>ι</span> 
     </span>
    </p>
   </div>
   <div class='ocr_carea' id='block_1_94' title="bbox 475 4937 2059 5016">
    <p class='ocr_par' dir='ltr' id='par_1_94' title="bbox 475 4942 2059 5016">
     <span class='ocr_line' id='line_1_94' title="bbox 475 4942 2059 5016; baseline 0.004 -18"><span class='ocrx_word' id='word_1_751' title='bbox 475 4955 546 4998; x_wconf 81' lang='lat' dir='ltr'><strong>ex</strong></span> <span class='ocrx_word' id='word_1_752' title='bbox 576 4942 709 5011; x_wconf 89' lang='lat' dir='ltr'><strong>Deo,</strong></span> <span class='ocrx_word' id='word_1_753' title='bbox 731 4958 798 5001; x_wconf 90' lang='lat' dir='ltr'><strong>eo</strong></span> <span class='ocrx_word' id='word_1_754' title='bbox 832 4945 976 5016; x_wconf 91' lang='lat' dir='ltr'><strong>quod</strong></span> <span class='ocrx_word' id='word_1_755' title='bbox 1012 4944 1314 5004; x_wconf 86' lang='lat' dir='ltr'><strong>Sabbatum</strong></span> <span class='ocrx_word' id='word_1_756' title='bbox 1348 4963 1459 5005; x_wconf 90' lang='lat' dir='ltr'><strong>non</strong></span> <span class='ocrx_word' id='word_1_757' title='bbox 1486 4958 1772 5005; x_wconf 86' lang='lat' dir='ltr'><strong>servaret:</strong></span> <span class='ocrx_word' id='word_1_758' title='bbox 1804 4968 1823 5002; x_wconf 74' lang='grc' dir='ltr'><strong>ι</strong></span> <span class='ocrx_word' id='word_1_759' title='bbox 1854 4950 2059 5005; x_wconf 77' lang='lat' dir='ltr'><strong>tametsi</strong></span> 
     </span>
    </p>
   </div>
   <div class='ocr_carea' id='block_1_95' title="bbox 2162 4937 3768 5016">
    <p class='ocr_par' dir='ltr' id='par_1_95' title="bbox 2169 4937 3768 5011">
     <span class='ocr_line' id='line_1_95' title="bbox 2169 4937 3768 5011; baseline -0.004 -13"><span class='ocrx_word' id='word_1_760' title='bbox 2169 4944 2276 5000; x_wconf 81' lang='grc' dir='ltr'>κᾶν</span> <span class='ocrx_word' id='word_1_761' title='bbox 2346 4942 2527 5009; x_wconf 71' lang='grc' dir='ltr'>ἕτεροι</span> <span class='ocrx_word' id='word_1_762' title='bbox 2576 4940 2831 5011; x_wconf 81' lang='grc' dir='ltr'>λέγωσιν,</span> <span class='ocrx_word' id='word_1_763' title='bbox 2855 4944 2936 4997; x_wconf 66' lang='grc' dir='ltr'>ὅτι</span> <span class='ocrx_word' id='word_1_764' title='bbox 2964 4961 2984 4994; x_wconf 83' lang='grc' dir='ltr'><strong>ι</strong></span> <span class='ocrx_word' id='word_1_765' title='bbox 3029 4942 3144 4995; x_wconf 84' lang='grc' dir='ltr'><strong>Οὐκ</strong></span> <span class='ocrx_word' id='word_1_766' title='bbox 3174 4942 3323 4995; x_wconf 75' lang='grc' dir='ltr'>ἐστιν</span> <span class='ocrx_word' id='word_1_767' title='bbox 3364 4941 3429 4993; x_wconf 83' lang='grc' dir='ltr'>ὲκ</span> <span class='ocrx_word' id='word_1_768' title='bbox 3458 4939 3553 4992; x_wconf 87' lang='grc' dir='ltr'><strong>τοῦ</strong></span> <span class='ocrx_word' id='word_1_769' title='bbox 3584 4937 3722 4992; x_wconf 82' lang='grc' dir='ltr'>Θεοῦ</span> <span class='ocrx_word' id='word_1_770' title='bbox 3748 4956 3768 4971; x_wconf 79' lang='lat'><strong>-</strong></span> 
     </span>
    </p>
   </div>
   <div class='ocr_carea' id='block_1_96' title="bbox 475 5034 2073 5112">
    <p class='ocr_par' dir='ltr' id='par_1_96' title="bbox 475 5034 2073 5112">
     <span class='ocr_line' id='line_1_96' title="bbox 475 5034 2073 5112; baseline 0.003 -22"><span class='ocrx_word' id='word_1_771' title='bbox 475 5034 726 5094; x_wconf 87' lang='lat' dir='ltr'><strong>Christus</strong></span> <span class='ocrx_word' id='word_1_772' title='bbox 760 5051 877 5093; x_wconf 83' lang='lat' dir='ltr'><strong>uno</strong></span> <span class='ocrx_word' id='word_1_773' title='bbox 930 5037 1100 5109; x_wconf 79' lang='lat' dir='ltr'><strong>digito</strong></span> <span class='ocrx_word' id='word_1_774' title='bbox 1143 5038 1315 5094; x_wconf 90' lang='lat' dir='ltr'><strong>lutum</strong></span> <span class='ocrx_word' id='word_1_775' title='bbox 1344 5040 1614 5112; x_wconf 87' lang='lat' dir='ltr'><strong>inungens</strong></span> <span class='ocrx_word' id='word_1_776' title='bbox 1637 5038 1934 5096; x_wconf 82' lang='lat' dir='ltr'><strong>Sabbatum</strong></span> <span class='ocrx_word' id='word_1_777' title='bbox 1963 5040 2073 5097; x_wconf 92' lang='lat' dir='ltr'><strong>sol-</strong></span> 
     </span>
    </p>
   </div>
   <div class='ocr_carea' id='block_1_97' title="bbox 2169 5030 3770 5106">
    <p class='ocr_par' dir='ltr' id='par_1_97' title="bbox 2169 5030 3770 5106">
     <span class='ocr_line' id='line_1_97' title="bbox 2169 5030 3770 5106; baseline -0.004 -16"><span class='ocrx_word' id='word_1_778' title='bbox 2169 5034 2307 5090; x_wconf 88' lang='grc' dir='ltr'>διότι</span> <span class='ocrx_word' id='word_1_779' title='bbox 2335 5034 2396 5088; x_wconf 80' lang='grc' dir='ltr'>τὸ</span> <span class='ocrx_word' id='word_1_780' title='bbox 2426 5033 2710 5089; x_wconf 74' lang='grc' dir='ltr'>Σάϐϐατον</span> <span class='ocrx_word' id='word_1_781' title='bbox 2732 5034 2793 5088; x_wconf 84' lang='grc' dir='ltr'><strong>οῦ</strong></span> <span class='ocrx_word' id='word_1_782' title='bbox 2832 5035 3013 5106; x_wconf 82' lang='grc' dir='ltr'>τηρεῖ.</span> <span class='ocrx_word' id='word_1_783' title='bbox 3057 5051 3078 5086; x_wconf 77' lang='lat' dir='ltr'><strong>a</strong></span> <span class='ocrx_word' id='word_1_784' title='bbox 3108 5032 3300 5086; x_wconf 83' lang='grc' dir='ltr'>Καίτοι</span> <span class='ocrx_word' id='word_1_785' title='bbox 3327 5032 3357 5085; x_wconf 89' lang='lat'><strong>6</strong></span> <span class='ocrx_word' id='word_1_786' title='bbox 3391 5030 3491 5102; x_wconf 76' lang='grc' dir='ltr'>μὲν</span> <span class='ocrx_word' id='word_1_787' title='bbox 3524 5030 3770 5102; x_wconf 78' lang='grc' dir='ltr'>Χριστὸς</span> 
     </span>
    </p>
   </div>
   <div class='ocr_carea' id='block_1_98' title="bbox 474 5119 2059 5200">
    <p class='ocr_par' dir='ltr' id='par_1_98' title="bbox 474 5126 2059 5200">
     <span class='ocr_line' id='line_1_98' title="bbox 474 5126 2059 5200; baseline 0.003 -20"><span class='ocrx_word' id='word_1_788' title='bbox 474 5140 607 5184; x_wconf 84' lang='lat' dir='ltr'><strong>vere</strong></span> <span class='ocrx_word' id='word_1_789' title='bbox 633 5126 952 5185; x_wconf 87' lang='lat' dir='ltr'><strong>videbatur:</strong></span> <span class='ocrx_word' id='word_1_790' title='bbox 985 5128 1089 5200; x_wconf 83' lang='lat' dir='ltr'><strong>ipsi</strong></span> <span class='ocrx_word' id='word_1_791' title='bbox 1135 5140 1316 5186; x_wconf 86' lang='lat' dir='ltr'><strong>autem</strong></span> <span class='ocrx_word' id='word_1_792' title='bbox 1356 5138 1469 5187; x_wconf 85' lang='lat' dir='ltr'><strong>tota</strong></span> <span class='ocrx_word' id='word_1_793' title='bbox 1509 5147 1672 5187; x_wconf 86' lang='lat' dir='ltr'><strong>manu</strong></span> <span class='ocrx_word' id='word_1_794' title='bbox 1708 5130 1983 5187; x_wconf 85' lang='lat' dir='ltr'><strong>solventes</strong></span> <span class='ocrx_word' id='word_1_795' title='bbox 2017 5131 2059 5185; x_wconf 77' lang='lat' dir='ltr'><strong>in</strong></span> 
     </span>
    </p>
   </div>
   <div class='ocr_carea' id='block_1_99' title="bbox 2162 5119 3773 5200">
    <p class='ocr_par' dir='ltr' id='par_1_99' title="bbox 2172 5119 3773 5197">
     <span class='ocr_line' id='line_1_99' title="bbox 2172 5119 3773 5197; baseline -0.004 -17"><span class='ocrx_word' id='word_1_796' title='bbox 2172 5127 2253 5180; x_wconf 68' lang='grc' dir='ltr'><strong>ἑνὶ</strong></span> <span class='ocrx_word' id='word_1_797' title='bbox 2298 5124 2551 5197; x_wconf 73' lang='grc' dir='ltr'>δακτύλῳ</span> <span class='ocrx_word' id='word_1_798' title='bbox 2571 5125 2664 5179; x_wconf 70' lang='grc' dir='ltr'>τὸν</span> <span class='ocrx_word' id='word_1_799' title='bbox 2687 5124 2859 5196; x_wconf 82' lang='grc' dir='ltr'>πηλὸν</span> <span class='ocrx_word' id='word_1_800' title='bbox 2884 5122 3200 5195; x_wconf 69' lang='grc' dir='ltr'>ἐπιχρίσας,</span> <span class='ocrx_word' id='word_1_801' title='bbox 3243 5120 3549 5194; x_wconf 76' lang='grc' dir='ltr'>παραλύειν</span> <span class='ocrx_word' id='word_1_802' title='bbox 3584 5119 3773 5174; x_wconf 73' lang='grc' dir='ltr'>ἐδόκει</span> 
     </span>
    </p>
   </div>
   <div class='ocr_carea' id='block_1_100' title="bbox 480 5214 2059 5293">
    <p class='ocr_par' dir='ltr' id='par_1_100' title="bbox 480 5218 2059 5293">
     <span class='ocr_line' id='line_1_100' title="bbox 480 5218 2059 5293; baseline 0 -18"><span class='ocrx_word' id='word_1_803' title='bbox 480 5218 721 5278; x_wconf 86' lang='lat' dir='ltr'><strong>Sabbato</strong></span> <span class='ocrx_word' id='word_1_804' title='bbox 761 5220 1018 5277; x_wconf 86' lang='lat' dir='ltr'><strong>animalia</strong></span> <span class='ocrx_word' id='word_1_805' title='bbox 1067 5230 1128 5279; x_wconf 88' lang='lat' dir='ltr'><strong>ut</strong></span> <span class='ocrx_word' id='word_1_806' title='bbox 1176 5234 1363 5293; x_wconf 89' lang='lat' dir='ltr'><strong>potum</strong></span> <span class='ocrx_word' id='word_1_807' title='bbox 1409 5223 1581 5291; x_wconf 88' lang='lat' dir='ltr'><strong>dent,</strong></span> <span class='ocrx_word' id='word_1_808' title='bbox 1625 5222 1950 5278; x_wconf 86' lang='lat' dir='ltr'><strong>videbantur</strong></span> <span class='ocrx_word' id='word_1_809' title='bbox 2001 5223 2059 5291; x_wconf 73' lang='lat' dir='ltr'><strong>pii</strong></span> 
     </span>
    </p>
   </div>
   <div class='ocr_carea' id='block_1_101' title="bbox 2162 5214 3774 5293">
    <p class='ocr_par' dir='ltr' id='par_1_101' title="bbox 2173 5214 3774 5289">
     <span class='ocr_line' id='line_1_101' title="bbox 2173 5214 3774 5289; baseline -0.002 -16"><span class='ocrx_word' id='word_1_810' title='bbox 2173 5219 2236 5273; x_wconf 80' lang='grc' dir='ltr'>τδ</span> <span class='ocrx_word' id='word_1_811' title='bbox 2266 5218 2549 5274; x_wconf 80' lang='grc' dir='ltr'>Σάϐὁατον</span> <span class='ocrx_word' id='word_1_812' title='bbox 2576 5234 2590 5249; x_wconf 91' lang='grc'><strong>·</strong></span> <span class='ocrx_word' id='word_1_813' title='bbox 2628 5217 2786 5272; x_wconf 54' lang='grc' dir='ltr'><strong>αὐτοὶ⁵</strong></span> <span class='ocrx_word' id='word_1_814' title='bbox 2826 5216 2883 5273; x_wconf 72' lang='grc' dir='ltr'><strong>δὲ</strong></span> <span class='ocrx_word' id='word_1_815' title='bbox 2915 5216 3019 5289; x_wconf 15' lang='grc' dir='ltr'>ὃλην</span> <span class='ocrx_word' id='word_1_816' title='bbox 3064 5220 3208 5288; x_wconf 73' lang='grc' dir='ltr'>χειρὶ</span> <span class='ocrx_word' id='word_1_817' title='bbox 3238 5214 3459 5280; x_wconf 83' lang='grc' dir='ltr'>λύοντες</span> <span class='ocrx_word' id='word_1_818' title='bbox 3507 5214 3774 5286; x_wconf 58' lang='grc' dir='ltr'><strong>’τῷ-Σαδν</strong></span> 
     </span>
    </p>
   </div>
   <div class='ocr_carea' id='block_1_102' title="bbox 554 5375 1057 5445">
    <p class='ocr_par' dir='ltr' id='par_1_102' title="bbox 554 5375 1057 5445">
     <span class='ocr_line' id='line_1_102' title="bbox 554 5375 1057 5445; baseline 0.004 -14"><span class='ocrx_word' id='word_1_819' title='bbox 554 5375 598 5409; x_wconf 70' lang='grc'><strong>⁸⁸</strong></span> <span class='ocrx_word' id='word_1_820' title='bbox 638 5375 834 5432; x_wconf 74' lang='lat' dir='ltr'><strong>Matth.</strong></span> <span class='ocrx_word' id='word_1_821' title='bbox 878 5393 934 5445; x_wconf 71' lang='grc' dir='ltr'>ι,</span> <span class='ocrx_word' id='word_1_822' title='bbox 962 5377 1057 5433; x_wconf 68' lang='grc'><strong>34.</strong></span> 
     </span>
    </p>
   </div>
   <div class='ocr_carea' id='block_1_103' title="bbox 1446 5494 2746 5561">
    <p class='ocr_par' dir='ltr' id='par_1_103' title="bbox 1446 5494 2746 5561">
     <span class='ocr_line' id='line_1_103' title="bbox 1446 5494 2746 5561; baseline -0.001 -2"><span class='ocrx_word' id='word_1_823' title='bbox 1446 5496 1542 5559; x_wconf 81' lang='lat' dir='ltr'><strong>Ex</strong></span> <span class='ocrx_word' id='word_1_824' title='bbox 1568 5494 1916 5561; x_wconf 82' lang='lat' dir='ltr'><strong>collatione</strong></span> <span class='ocrx_word' id='word_1_825' title='bbox 1946 5494 2133 5561; x_wconf 87' lang='lat' dir='ltr'><strong>codd.</strong></span> <span class='ocrx_word' id='word_1_826' title='bbox 2157 5496 2390 5559; x_wconf 86' lang='lat' dir='ltr'><strong>Venet.</strong></span> <span class='ocrx_word' id='word_1_827' title='bbox 2427 5496 2491 5558; x_wconf 86' lang='lat' dir='ltr'><strong>S.</strong></span> <span class='ocrx_word' id='word_1_828' title='bbox 2525 5495 2746 5559; x_wconf 85' lang='lat' dir='ltr'><strong>Marci.</strong></span> 
     </span>
    </p>
   </div>
   <div class='ocr_carea' id='block_1_104' title="bbox 553 5621 2061 5697">
    <p class='ocr_par' dir='ltr' id='par_1_104' title="bbox 553 5621 2061 5697">
     <span class='ocr_line' id='line_1_104' title="bbox 553 5621 2061 5697; baseline -0.003 -15"><span class='ocrx_word' id='word_1_829' title='bbox 553 5623 861 5697; x_wconf 72' lang='lat' dir='ltr'><strong>(29_)Codd.</strong></span> <span class='ocrx_word' id='word_1_830' title='bbox 890 5624 965 5682; x_wconf 74' lang='lat'><strong><em>26</em></strong></span> <span class='ocrx_word' id='word_1_831' title='bbox 990 5632 1041 5697; x_wconf 81' lang='lat' dir='ltr'><strong>et</strong></span> <span class='ocrx_word' id='word_1_832' title='bbox 1069 5625 1163 5691; x_wconf 74' lang='grc'>52,</span> <span class='ocrx_word' id='word_1_833' title='bbox 1203 5622 1329 5697; x_wconf 69' lang='grc' dir='ltr'><strong>ΚαὶΔ</strong></span> <span class='ocrx_word' id='word_1_834' title='bbox 1346 5624 1586 5696; x_wconf 81' lang='grc' dir='ltr'>σχίσμα</span> <span class='ocrx_word' id='word_1_835' title='bbox 1611 5621 1691 5697; x_wconf 78' lang='grc' dir='ltr'><strong>ἦν</strong></span> <span class='ocrx_word' id='word_1_836' title='bbox 1730 5624 1803 5681; x_wconf 74' lang='grc' dir='ltr'><strong>ἐν</strong></span> <span class='ocrx_word' id='word_1_837' title='bbox 1831 5623 2061 5697; x_wconf 63' lang='grc' dir='ltr'>αὐτοῖς,</span> 
     </span>
    </p>
   </div>
   <div class='ocr_carea' id='block_1_105' title="bbox 477 5694 1936 5768">
    <p class='ocr_par' dir='ltr' id='par_1_105' title="bbox 477 5694 1936 5768">
     <span class='ocr_line' id='line_1_105' title="bbox 477 5694 1936 5768; baseline -0.003 -15"><span class='ocrx_word' id='word_1_838' title='bbox 477 5695 701 5768; x_wconf 70' lang='grc' dir='ltr'>Ἐπειδὴ</span> <span class='ocrx_word' id='word_1_839' title='bbox 738 5696 769 5751; x_wconf 89' lang='lat'><strong>6</strong></span> <span class='ocrx_word' id='word_1_840' title='bbox 801 5694 1122 5768; x_wconf 84' lang='grc' dir='ltr'>θεραπεύων</span> <span class='ocrx_word' id='word_1_841' title='bbox 1166 5697 1262 5751; x_wconf 82' lang='grc' dir='ltr'>καὶ</span> <span class='ocrx_word' id='word_1_842' title='bbox 1310 5694 1737 5768; x_wconf 73' lang='grc' dir='ltr'>θαυματοποιῶν</span> <span class='ocrx_word' id='word_1_843' title='bbox 1768 5694 1936 5768; x_wconf 71' lang='grc' dir='ltr'>είῴθη</span> 
     </span>
    </p>
   </div>
   <div class='ocr_carea' id='block_1_106' title="bbox 476 5765 2066 5840">
    <p class='ocr_par' dir='ltr' id='par_1_106' title="bbox 476 5765 2066 5840">
     <span class='ocr_line' id='line_1_106' title="bbox 476 5765 2066 5840; baseline -0.003 -17"><span class='ocrx_word' id='word_1_844' title='bbox 476 5770 540 5825; x_wconf 85' lang='grc' dir='ltr'>τδ</span> <span class='ocrx_word' id='word_1_845' title='bbox 569 5765 941 5840; x_wconf 62' lang='grc' dir='ltr'><strong>ὀικιξμπαστονΔ</strong></span> <span class='ocrx_word' id='word_1_846' title='bbox 968 5767 1238 5840; x_wconf 61' lang='grc' dir='ltr'>ἐκνεύειν,</span> <span class='ocrx_word' id='word_1_847' title='bbox 1273 5765 1610 5840; x_wconf 23' lang='grc' dir='ltr'>ἐρωᾼτησθεῖς</span> <span class='ocrx_word' id='word_1_848' title='bbox 1649 5768 1679 5823; x_wconf 91' lang='lat'><strong>6</strong></span> <span class='ocrx_word' id='word_1_849' title='bbox 1718 5765 2066 5840; x_wconf 47' lang='lat' dir='ltr'><strong>curplbc&#39;noﬁ</strong></span> 
     </span>
    </p>
   </div>
   <div class='ocr_carea' id='block_1_107' title="bbox 478 5837 2061 5911">
    <p class='ocr_par' dir='ltr' id='par_1_107' title="bbox 478 5837 2061 5911">
     <span class='ocr_line' id='line_1_107' title="bbox 478 5837 2061 5911; baseline -0.003 -20"><span class='ocrx_word' id='word_1_850' title='bbox 478 5841 628 5911; x_wconf 63' lang='lat' dir='ltr'><strong>beet;</strong></span> <span class='ocrx_word' id='word_1_851' title='bbox 665 5837 835 5911; x_wconf 64' lang='grc' dir='ltr'>λέγει,</span> <span class='ocrx_word' id='word_1_852' title='bbox 852 5837 1165 5911; x_wconf 32' lang='grc' dir='ltr'>,οὺκξοῖδω</span> <span class='ocrx_word' id='word_1_853' title='bbox 1192 5837 1481 5911; x_wconf 48' lang='lat' dir='ltr'><strong>sanciam</strong></span> <span class='ocrx_word' id='word_1_854' title='bbox 1501 5839 1719 5911; x_wconf 80' lang='grc' dir='ltr'>πάντως</span> <span class='ocrx_word' id='word_1_855' title='bbox 1736 5838 1842 5892; x_wconf 85' lang='grc' dir='ltr'>κάν</span> <span class='ocrx_word' id='word_1_856' title='bbox 1862 5837 2061 5911; x_wconf 74' lang='grc' dir='ltr'>τούτῳ.</span> 
     </span>
    </p>
   </div>
   <div class='ocr_carea' id='block_1_108' title="bbox 479 5906 2059 5979">
    <p class='ocr_par' dir='ltr' id='par_1_108' title="bbox 479 5906 2059 5979">
     <span class='ocr_line' id='line_1_108' title="bbox 479 5906 2059 5979; baseline -0.004 -16"><span class='ocrx_word' id='word_1_857' title='bbox 479 5910 652 5979; x_wconf 77' lang='grc' dir='ltr'>Τοῦτο</span> <span class='ocrx_word' id='word_1_858' title='bbox 683 5906 747 5963; x_wconf 75' lang='grc' dir='ltr'>τδ</span> <span class='ocrx_word' id='word_1_859' title='bbox 775 5906 1005 5979; x_wconf 67' lang='grc' dir='ltr'>σχίσμα,</span> <span class='ocrx_word' id='word_1_860' title='bbox 1035 5927 1089 5964; x_wconf 84' lang='grc' dir='ltr'>κ.</span> <span class='ocrx_word' id='word_1_861' title='bbox 1119 5927 1171 5964; x_wconf 86' lang='grc' dir='ltr'>τ.</span> <span class='ocrx_word' id='word_1_862' title='bbox 1198 5908 1248 5964; x_wconf 90' lang='grc' dir='ltr'>λ.</span> <span class='ocrx_word' id='word_1_863' title='bbox 1284 5906 1304 5962; x_wconf 62' lang='grc' dir='ltr'>ξ</span> <span class='ocrx_word' id='word_1_864' title='bbox 1336 5908 1405 5962; x_wconf 86' lang='lat' dir='ltr'><strong>Et</strong></span> <span class='ocrx_word' id='word_1_865' title='bbox 1433 5910 1700 5964; x_wconf 83' lang='lat' dir='ltr'><strong>dissensio</strong></span> <span class='ocrx_word' id='word_1_866' title='bbox 1722 5916 1842 5979; x_wconf 81' lang='lat' dir='ltr'><strong>erat</strong></span> <span class='ocrx_word' id='word_1_867' title='bbox 1871 5906 1924 5960; x_wconf 89' lang='lat' dir='ltr'><strong>in</strong></span> <span class='ocrx_word' id='word_1_868' title='bbox 1956 5908 2059 5960; x_wconf 84' lang='lat' dir='ltr'><strong>eis.</strong></span> 
     </span>
    </p>
   </div>
   <div class='ocr_carea' id='block_1_109' title="bbox 481 5977 2061 6054">
    <p class='ocr_par' dir='ltr' id='par_1_109' title="bbox 481 5977 2061 6054">
     <span class='ocr_line' id='line_1_109' title="bbox 481 5977 2061 6054; baseline -0.004 -16"><span class='ocrx_word' id='word_1_869' title='bbox 481 5978 754 6049; x_wconf 83' lang='lat' dir='ltr'><strong>Quoniam</strong></span> <span class='ocrx_word' id='word_1_870' title='bbox 780 5977 981 6054; x_wconf 58' lang='lat' dir='ltr'><strong>autem</strong></span> <span class='ocrx_word' id='word_1_871' title='bbox 1028 5979 1319 6049; x_wconf 87' lang='lat' dir='ltr'><strong>Dominus,</strong></span> <span class='ocrx_word' id='word_1_872' title='bbox 1370 5993 1494 6039; x_wconf 87' lang='lat' dir='ltr'><strong>cum</strong></span> <span class='ocrx_word' id='word_1_873' title='bbox 1543 5977 1855 6050; x_wconf 83' lang='lat' dir='ltr'><strong>quempiam</strong></span> <span class='ocrx_word' id='word_1_874' title='bbox 1897 5989 2061 6033; x_wconf 83' lang='lat' dir='ltr'><strong>sana-</strong></span> 
     </span>
    </p>
   </div>
   <div class='ocr_carea' id='block_1_110' title="bbox 2171 5618 3771 5689">
    <p class='ocr_par' dir='ltr' id='par_1_110' title="bbox 2171 5618 3771 5689">
     <span class='ocr_line' id='line_1_110' title="bbox 2171 5618 3771 5689; baseline -0.004 -8"><span class='ocrx_word' id='word_1_875' title='bbox 2171 5626 2289 5687; x_wconf 86' lang='lat' dir='ltr'><strong>bat,</strong></span> <span class='ocrx_word' id='word_1_876' title='bbox 2342 5623 2427 5677; x_wconf 86' lang='lat' dir='ltr'><strong>vel</strong></span> <span class='ocrx_word' id='word_1_877' title='bbox 2469 5620 2617 5675; x_wconf 86' lang='lat' dir='ltr'><strong>aliud</strong></span> <span class='ocrx_word' id='word_1_878' title='bbox 2648 5619 2977 5675; x_wconf 85' lang='lat' dir='ltr'><strong>miraculum</strong></span> <span class='ocrx_word' id='word_1_879' title='bbox 3003 5620 3274 5689; x_wconf 75' lang='lat' dir='ltr'><strong>patrabat.</strong></span> <span class='ocrx_word' id='word_1_880' title='bbox 3321 5618 3533 5673; x_wconf 88' lang='lat' dir='ltr'><strong>solebat</strong></span> <span class='ocrx_word' id='word_1_881' title='bbox 3562 5630 3593 5672; x_wconf 88' lang='lat' dir='ltr'><strong>e</strong></span> <span class='ocrx_word' id='word_1_882' title='bbox 3636 5618 3771 5681; x_wconf 87' lang='lat' dir='ltr'><strong>loco</strong></span> 
     </span>
    </p>
   </div>
   <div class='ocr_carea' id='block_1_111' title="bbox 1980 5690 3783 5762">
    <p class='ocr_par' dir='ltr' id='par_1_111' title="bbox 1980 5690 3783 5762">
     <span class='ocr_line' id='line_1_111' title="bbox 1980 5690 3783 5762; baseline -0.004 -14"><span class='ocrx_word' id='word_1_883' title='bbox 1980 5690 2070 5749; x_wconf 75' lang='grc' dir='ltr'><strong>διὰ</strong></span> <span class='ocrx_word' id='word_1_884' title='bbox 2176 5694 2394 5757; x_wconf 86' lang='lat' dir='ltr'><strong>cedere,</strong></span> <span class='ocrx_word' id='word_1_885' title='bbox 2442 5692 2575 5762; x_wconf 85' lang='lat' dir='ltr'><strong>quia</strong></span> <span class='ocrx_word' id='word_1_886' title='bbox 2601 5699 2722 5746; x_wconf 89' lang='lat' dir='ltr'><strong>erat</strong></span> <span class='ocrx_word' id='word_1_887' title='bbox 2767 5692 2836 5762; x_wconf 87' lang='lat' dir='ltr'><strong>ab</strong></span> <span class='ocrx_word' id='word_1_888' title='bbox 2869 5691 3110 5746; x_wconf 87' lang='lat' dir='ltr'><strong>omnium</strong></span> <span class='ocrx_word' id='word_1_889' title='bbox 3156 5690 3783 5762; x_wconf 56' lang='lat' dir='ltr'><strong>ambitionealienissi-</strong></span> 
     </span>
    </p>
   </div>
   <div class='ocr_carea' id='block_1_112' title="bbox 2178 5758 3776 5833">
    <p class='ocr_par' dir='ltr' id='par_1_112' title="bbox 2178 5758 3776 5833">
     <span class='ocr_line' id='line_1_112' title="bbox 2178 5758 3776 5833; baseline 0 -15"><span class='ocrx_word' id='word_1_890' title='bbox 2178 5779 2334 5830; x_wconf 85' lang='lat' dir='ltr'><strong>mus;</strong></span> <span class='ocrx_word' id='word_1_891' title='bbox 2371 5758 2576 5818; x_wconf 84' lang='lat' dir='ltr'><strong>idcirco</strong></span> <span class='ocrx_word' id='word_1_892' title='bbox 2594 5761 3195 5833; x_wconf 75' lang='lat' dir='ltr'><strong>ctecusinterrogatus,</strong></span> <span class='ocrx_word' id='word_1_893' title='bbox 3209 5760 3444 5833; x_wconf 84' lang='lat' dir='ltr'><strong>Quinam</strong></span> <span class='ocrx_word' id='word_1_894' title='bbox 3472 5758 3776 5833; x_wconf 10' lang='lat' dir='ltr'><strong>illegesset,</strong></span> 
     </span>
    </p>
   </div>
   <div class='ocr_carea' id='block_1_113' title="bbox 2175 5828 3783 5903">
    <p class='ocr_par' dir='ltr' id='par_1_113' title="bbox 2175 5828 3783 5903">
     <span class='ocr_line' id='line_1_113' title="bbox 2175 5828 3783 5903; baseline 0.001 -15"><span class='ocrx_word' id='word_1_895' title='bbox 2175 5836 2274 5896; x_wconf 89' lang='lat' dir='ltr'><strong>ait,</strong></span> <span class='ocrx_word' id='word_1_896' title='bbox 2303 5828 2499 5889; x_wconf 75' lang='lat' dir='ltr'><strong>Nescia</strong></span> <span class='ocrx_word' id='word_1_897' title='bbox 2538 5832 2748 5903; x_wconf 86' lang='lat' dir='ltr'><strong>:etiam</strong></span> <span class='ocrx_word' id='word_1_898' title='bbox 2783 5831 2837 5885; x_wconf 90' lang='lat' dir='ltr'><strong>in</strong></span> <span class='ocrx_word' id='word_1_899' title='bbox 2892 5830 2994 5887; x_wconf 92' lang='lat' dir='ltr'><strong>hoc</strong></span> <span class='ocrx_word' id='word_1_900' title='bbox 3030 5845 3221 5888; x_wconf 83' lang='lat' dir='ltr'><strong>verum</strong></span> <span class='ocrx_word' id='word_1_901' title='bbox 3251 5828 3503 5903; x_wconf 75' lang='lat' dir='ltr'><strong>,onmino</strong></span> <span class='ocrx_word' id='word_1_902' title='bbox 3547 5828 3783 5893; x_wconf 65' lang='lat' dir='ltr'><strong>dicens;</strong></span> 
     </span>
    </p>
   </div>
   <div class='ocr_carea' id='block_1_114' title="bbox 2173 5902 2842 5968">
    <p class='ocr_par' dir='ltr' id='par_1_114' title="bbox 2173 5902 2842 5968">
     <span class='ocr_line' id='line_1_114' title="bbox 2173 5902 2842 5968; baseline -0.004 -9"><span class='ocrx_word' id='word_1_903' title='bbox 2173 5904 2299 5961; x_wconf 69' lang='lat' dir='ltr'><strong>Haec</strong></span> <span class='ocrx_word' id='word_1_904' title='bbox 2334 5902 2627 5968; x_wconf 80' lang='lat' dir='ltr'><strong>dissensio,</strong></span> <span class='ocrx_word' id='word_1_905' title='bbox 2665 5918 2685 5954; x_wconf 72' lang='grc' dir='ltr'><strong>ι</strong></span> <span class='ocrx_word' id='word_1_906' title='bbox 2726 5908 2842 5958; x_wconf 80' lang='lat' dir='ltr'><strong>etc.</strong></span> 
     </span>
    </p>
   </div>
  </div>
