4060 6656
292 512 365 595 ει

944 499 1394 566 ENAHBA'I‘IO
1440 499 1519 562 IN
1570 493 2077 563 EVANGELIUM
2105 492 2447 558 JOANNIS.
2486 518 2554 532 ·--
2584 493 2741 557 CAP.
2783 491 2892 556 IX.

3504 490 3595 558 δι’

293 624 447 695 ϐάτῳ
469 620 540 675 τά
559 618 677 685 ζῶα
705 616 842 689 πρὸς
883 618 1174 689 ποτισμδν,
1204 616 1424 671 δδόκουν
1451 614 1724 670 εὐσεϐεῖν.
1775 614 1893 668 Φω-

2012 627 2140 671 :sse.
2173 612 2382 669 Vocant
2403 611 2568 683 igitur
2602 612 2722 668 duri
2747 620 2800 668 et
2829 607 3292 683 impersuasibiies
3325 619 3581 682 parentes

298 718 483 774 νοῦσιν
505 711 604 773 οῦν
628 717 677 770 oi
727 713 956 786 σκληροὶ
985 714 1079 767 καὶ
1115 711 1366 775 ἀπειθεῖς
1409 713 1538 774 τοὺς
1580 710 1763 778 γονεῖς
1793 708 1890 762 αὑ-

295 807 416 873 τοῦ,
459 810 542 870 είς
576 804 825 875 ἀγωνίαν
851 802 1051 867 αὐτοὺς
1093 801 1359 872 ἐμϐαλεῖν
1411 799 1750 872 βουλόμενοι,
1798 797 1892 853 καὶ

297 900 389 956 διὰ
418 902 625 969 ταύτης
664 899 747 958 είς
773 896 1007 968 ἄρνησιν
1061 896 1161 965 τῆς
1193 893 1498 966 πηρώσεως
1542 892 1637 947 τοῦ
1679 891 1890 955 παιδός.

301 994 461 1050 Ἐπεὶ
494 994 606 1063 γάρ
656 992 858 1044 ἐκεῖνοι
920 989 1023 1043 οὑκ
1084 987 1443 1059 ἠδυνήθησαν
1490 986 1551 1040 τὸ
1604 986 1894 1056 εὑγνῶμον

302 1087 482 1157 στόμα
514 1080 818 1156 ἐμφράξαι,
843 1082 972 1147 τοὺς
1014 1083 1196 1151 γονεῖς
1225 1079 1640 1143 ἔκδεδίττονται,
1695 1077 1895 1148 τιτρώιο

303 1190 456 1233 σκειν
480 1176 625 1232 οὕτω
676 1172 741 1229 τὸ
793 1173 981 1244 θαῦμα
1034 1171 1466 1243 προσδοκῶντες.
1509 1168 1758 1223 Ἱστῶσιν
1799 1164 1895 1222 οὖν

306 1272 511 1334 αὐτοὺς
534 1273 596 1325 ἐν
650 1268 731 1340 τῷ
778 1267 952 1340 μέσῳ,
1014 1265 1107 1320 καὶ
1164 1263 1305 1337 μετὰ
1335 1262 1533 1318 πολλοῦ
1588 1261 1761 1333 θυμοῦ
1794 1261 1896 1331 τὴν

316 1363 588 1436 ἐρώτησιν
616 1361 921 1425 ποιοῦνται,
955 1359 1158 1431 μᾶλλον
1188 1356 1242 1410 δὲ
1265 1355 1403 1427 μετὰ
1434 1354 1634 1426 πολλῆς
1658 1370 1897 1424 κακουρ-

302 1459 452 1526 γίας.
493 1456 569 1511 Οὐ
622 1455 734 1525 γὰρ
783 1449 959 1514 εἷπον,
1015 1446 1192 1513 Οὗτός
1237 1450 1385 1502 ἐστιν
1431 1450 1458 1501 ὁ
1507 1446 1623 1510 υἱὸς
1664 1444 1816 1517 ὑμῶν
1867 1444 1897 1497 ὁ

300 1551 437 1605 ποτε
482 1548 704 1618 τυφλὸς,
736 1547 877 1610 ἀλλ’,
926 1565 945 1600 ιι
977 1546 1074 1599 ἸΟν
1110 1544 1267 1615 ὑμεῖς
1325 1542 1546 1611 ἐλέγετε
1571 1558 1588 1576 ο
1634 1558 1653 1594 ι
1694 1558 1894 1611 μονον-ι

305 1645 430 1715 ουχὶ
489 1641 650 1696 τοῦτο
684 1641 939 1710 λέγοντες
969 1654 986 1670 ο
1030 1636 1129 1691 Ὃν
1155 1636 1314 1707 ὑμεῖς
1345 1630 1641 1704 ἐποιήσατε
1669 1631 1896 1703 τυφλὸν,

300 1739 397 1792 καὶ
429 1733 707 1805 πανταχοῦ
739 1732 1119 1803 διεφημήσατε
1165 1728 1256 1783 τὸν
1306 1725 1488 1797 λόγον,
1541 1726 1895 1797 πλασάμενοι

303 1830 524 1894 πάντως
556 1831 651 1883 καὶ
679 1820 1183 1898 καταψευσάμενοι.
1224 1822 1388 1886 Ἀλλ’,
1410 1817 1455 1876 ὦ
1500 1822 1693 1893 μιαροὶ⁵
1723 1823 1896 1892 Φαρι-

306 1918 475 1988 σαῖοι,
504 1921 588 1984 τίς
616 1919 687 1975 ἄν
717 1919 905 1991 πατὴρ
948 1917 1241 1987 ἀνάσχοιτο
1287 1914 1519 1970 τοιαῦτα
1543 1912 1898 1984 καταψεύσα-

1994 703 2131 779 ejus,
2158 705 2402 762 volentes
2428 705 2552 761 illos
2578 704 2858 775 perplexas
2902 703 3150 773 reddere,
3192 714 3247 760 et
3271 704 3344 760 ita
3381 719 3583 776 negare

1997 801 2297 857 cmeitatem
2332 799 2450 854 ﬁlii.
2477 797 2611 853 Nam
2636 799 2758 866 qttia
2796 797 2940 853 illius
2969 808 3178 870 gratum
3211 814 3274 855 os
3301 799 3584 855 obstruere

1996 904 2106 949 non
2160 900 2432 962 poterant,
2496 901 2749 963 parentes
2796 891 2914 960 ejus
2966 890 3250 962 ambiguos
3315 891 3581 958 reddunt,

1978 1000 2134 1056 quos
2166 994 2412 1040 stattmnt
2451 984 2504 1038 iu
2530 984 2729 1048 medio,
2756 992 2811 1038 et
2840 998 2963 1040 cum
2994 984 3164 1038 multo
3188 982 3372 1039 furore
3408 983 3585 1039 inter.-

1996 1086 2211 1147 rogant,
2244 1077 2355 1131 imo
2375 1086 2499 1133 cum
2532 1077 2699 1131 multo
2730 1076 2953 1135 malitia.
2989 1074 3106 1131 Non
3135 1075 3276 1131 enim
3303 1078 3583 1149 dixerunt,

1972 1171 2096 1228 'tlic
2138 1182 2222 1226 est
2287 1172 2429 1227 lilius
2493 1182 2708 1236 vester,
2749 1171 2842 1242 qui
2904 1170 3109 1227 dudum
3183 1185 3379 1234 caecus,
3464 1171 3582 1240 sed,

2002 1285 2020 1322 ι
2062 1267 2231 1335 Quem
2258 1276 2355 1321 vos
2398 1265 2614 1333 dicitis,
2665 1284 2684 1319 ι
2741 1265 2897 1337 quasi
2964 1266 3226 1333 dicentes,
3275 1281 3435 1334 quem
3488 1280 3584 1323 vos

1998 1377 2199 1418 emcnm
2230 1360 2454 1424 fecistis,
2480 1360 2680 1428 ubique
2703 1374 3011 1414 sermonem
3045 1359 3192 1414 illum
3228 1361 3581 1424 seminantes.

2000 1453 2266 1524 ﬁngentes
2290 1461 2345 1507 et
2369 1452 2714 1506 mentientes.
2745 1451 2970 1516 Verum,
2993 1466 3025 1505 ο
3055 1451 3267 1507 scelesti
3295 1450 3581 1517 Pharisrri,

1996 1548 2118 1612 duis
2162 1546 2315 1616 pater
2364 1545 2488 1599 talia
2543 1553 2736 1600 contra
2788 1545 2955 1600 tilium
3007 1560 3166 1601 suum
3218 1547 3585 1601 mentiretur?

1999 1638 2229 1695 Duobus
2259 1648 2441 1693 autem
2477 1638 2598 1696 illos
2629 1642 2869 1711 angustis
2895 1641 3028 1696 locis
3060 1652 3273 1710 urgent,
3312 1648 3367 1696 et
3388 1629 3589 1711 cogunt

1998 1742 2196 1800 negare
2232 1732 2432 1801 ﬁlium,
2468 1733 2715 1801 dicendo,
2757 1754 2775 1786 ε
2812 1733 2980 1800 Quem
3002 1748 3098 1789 vos
3123 1731 3410 1798 dicebatis,
3449 1751 3467 1784 ι
3505 1740 3584 1797 et,

2004 1840 2024 1875 ι
2060 1822 2346 1889 Quomodo
2369 1827 2528 1899 igitur
2550 1842 2693 1883 nunc
2726 1827 2870 1881 videt
2894 1826 2928 1886 ?.
2958 1846 2975 1878 ι
3026 1826 3192 1883 Vides
3242 1825 3389 1881 enim
3440 1826 3586 1895 quod

2000 1917 2217 1987 signum
2259 1919 2397 1985 hoc,
2442 1922 2585 1990 quod
2626 1931 2811 1991 postea
2852 1921 2939 1976 itte
2972 1918 3185 1984 viderit,
3234 1920 3305 1975 ita
3341 1926 3586 1984 narrant,

304 2014 433 2068 σθαι
470 2012 663 2076 παιδὸς
691 2011 935 2076 olxstou;
964 2010 1098 2064 Δοσὶ
1130 2009 1187 2063 δὲ
1220 2006 1435 2071 τούτοις
1468 2005 1896 2078 στενοχωροῦσιν

2012 2011 2156 2076 quasi
2193 2011 2344 2082 prius
2382 2029 2503 2069 eum
2537 2030 2740 2070 cmcum
2791 2014 2956 2070 fuisse
3005 2013 3215 2069 mentiti
3268 2012 3340 2067 illi
3379 2023 3585 2069 essent.

303 2104 528 2169 αὐτοὺς,
570 2101 668 2158 καὶ
712 2101 994 2174 βιάζονται
1029 2098 1377 2171 ἀρνήσασθαι
1405 2097 1499 2150 τὸν
1531 2096 1667 2160 υιδν,
1698 2096 1778 2168 τῷ
1833 2114 1897 2151 τε

2012 2099 2135 2156 Nam
2167 2104 2505 2160 mendacium
2536 2118 2638 2173 est,
2669 2108 2841 2174 aiunt,
2865 2109 2950 2162 vel
2978 2107 3106 2162 illud
3131 2109 3272 2176 quod
3302 2106 3415 2176 ipse
3445 2108 3588 2160 nunc

303 2197 512 2263 είπεῖν,
546 2214 566 2248 r
613 2190 713 2249 Ὃν
762 2194 924 2264 ὑμεῖς
951 2192 1194 2259 ἐλέγετε,
1237 2208 1256 2242 ι
1293 2182 1395 2244 καλ
1420 2186 1522 2259 τῷ,
1567 2206 1591 2241 e
1636 2187 1761 2252 Πῶς
1801 2184 1899 2243 οὖν

2012 2194 2175 2259 videt,
2209 2197 2295 2250 vel
2333 2198 2460 2251 illud
2488 2201 2630 2268 quod
2654 2216 2830 2256 caecus
2861 2210 3044 2258 esset:
3077 2200 3170 2254 sed
3202 2198 3331 2255 illud
3362 2198 3584 2263 veritas,

182 2356 205 2363 θ
303 2288 433 2362 ἄρτι
467 2286 693 2361 βλέπεις
724 2304 743 2341 ι
783 2287 971 2360 Ὁρᾷς,
1006 2288 1088 2342 ὅτι
1117 2285 1192 2350 ὡς
1220 2284 1574 2355 ψευδομενων
1607 2276 1786 2337 αὐτῶν
1836 2282 1900 2337 τδ

2012 2287 2152 2342 videt
2181 2287 2348 2360 638
2377 2292 2520 2346 enim
2544 2311 2556 2348 :
2596 2294 2938 2350 mendacium
2970 2294 3133 2365 igitur
3160 2294 3303 2365 quod
3327 2307 3424 2348 vos
3452 2307 3591 2363 prm-

305 2384 600 2455 πρότερον,
631 2381 775 2453 φημὶ
801 2380 884 2453 δὴ,
911 2380 976 2434 τὸ
1003 2380 1207 2450 τυφλὸν
1244 2365 1387 2433 εἶναι
1433 2377 1525 2432 τὸν
1563 2376 1751 2445 παῖδα,
1797 2386 1896 2447 ση-

2003 2377 2249 2447 dicastis,
2278 2396 2480 2438 czccunt
2515 2384 2663 2440 illunt
2701 2384 2872 2443 fuisse
2908 2389 3079 2457 prius.

307 2477 463 2543 μεῖον
504 2476 840 2547 προφέρουσι
870 2473 1050 2542 τοῦτο,
1085 2473 1145 2528 τὸ
1178 2470 1407 2546 ὕστερον
1452 2472 1617 2528 αὑτδν
1649 2471 1895 2544 βλέπειν.
1931 2472 2004 2526 Ἦ
2042 2472 2151 2545 γὰρ
2224 2477 2403 2544 τοῦτο,
2435 2480 2594 2550 φασὶ,
2622 2481 2842 2548 ψευδὲς,
2881 2484 2942 2536 τὸ
2977 2484 3200 2557 βλέπειν
3235 2482 3400 2537 αὐτδν
3465 2480 3589 2560 νῦνν

301 2568 337 2635 ἢ
364 2569 564 2634 ἐκεῖνο,
601 2568 662 2621 τὸ
693 2568 893 2638 τυφλὸν
922 2563 1086 2623 εἶναι.
1125 2566 1288 2622 Ἀλλὰ
1317 2568 1424 2640 μὴν
1454 2566 1613 2623 τοῦτο
1651 2565 1873 2638 ἀληθὲς,
1911 2566 2099 2640 βλέπει
2158 2571 2268 2645 γάρ
2290 2588 2304 2604 ο
2343 2574 2541 2645 ψεῦδος
2579 2576 2690 2650 ἄρα
2726 2578 2753 2632 ὃ
2801 2578 2962 2650 ὑμεῖς
2997 2574 3334 2652 ἑκηρὺξατε,
3364 2578 3428 2634 τὸ
3493 2594 3590 2631 τυ-

308 2666 443 2737 φλὸν
480 2662 622 2721 εἶναι
656 2666 718 2720 τδ
741 2668 1030 2739 πρότερον.

394 2782 414 2816 ι
461 2763 878 2835 Ἀπεκρίθησαν
906 2764 1090 2829 αὐτοῖς
1106 2764 1154 2818 οί
1183 2765 1361 2833 γονεῖς
1384 2761 1575 2829 αὑτοῦ,
1605 2765 1698 2818 καὶ
1715 2757 1869 2819 εἷπον
1889 2777 1913 2797 ⁵

312 2855 553 2922 Οἴδαμεν
589 2855 672 2908 ὅτι
711 2848 870 2918 οὗτός
918 2856 1068 2908 ἐστιν
1099 2856 1127 2908 ὁ
1155 2855 1272 2919 υἱὸς
1310 2850 1488 2926 ήμῶν,
1545 2855 1642 2909 καὶ
1680 2856 1762 2909 ὅτι
1811 2872 1908 2909 τυ-

312 2946 445 3015 φλὸς
469 2938 737 3017 ἐγεννήθη
766 2962 782 2977 ·
813 2936 929 3009 πῶς
959 2944 1018 2999 δὲ
1041 2938 1138 2998 νῦν
1171 2946 1381 3017 βλέπει,
1425 2947 1527 3001 οὑκ
1567 2942 1791 3018 οἴδαμεν
1819 2964 1834 2980 ο
1869 2946 1904 3017 ἤ

311 3038 398 3103 τίς
434 3038 649 3110 ήνοιξεν
680 3038 848 3092 αὑτοῦ
881 3042 1010 3103 τοὺς
1037 3040 1379 3111 ὀφθαλμοὺς,
1420 3042 1579 3112 ἡμεῖς
1613 3040 1713 3096 οὑκ
1761 3038 1907 3095 οῖδα-

313 3145 417 3198 μεν
440 3146 456 3161 ο
494 3124 658 3193 αὑτὸς
689 3128 910 3201 ἡλικίαν
958 3130 1096 3201 ἔχει,
1149 3131 1316 3185 αὑτὸν
1358 3128 1698 3203 ἐρωτήσατε,
1736 3130 1906 3195 αὑτὸς

311 3223 445 3295 περὶ
477 3222 675 3277 ἑαυτοῦ
706 3222 954 3296 λαλήσει.
991 3224 1180 3278 Ταῦτα
1213 3219 1374 3279 εἷπον
1423 3226 1472 3278 οἱ
1504 3226 1685 3290 γονεῖς
1717 3223 1907 3291 αὑτοῦ,

309 3316 397 3375 ὅτι
432 3320 728 3388 ὲςςοϐοῦντο
749 3322 876 3385 τοὺς
914 3321 1225 3386 Ἰουδαίους.
1263 3321 1403 3393 Ἤδη
1459 3323 1569 3391 γάρ
1622 3320 1913 3376 συνέθεντο

311 3415 365 3466 ot
420 3412 686 3479 Ἰουδαῖοι,
712 3413 802 3468 ἵνα
830 3414 924 3468 ὲάν
954 3426 1041 3478 τις
1077 3413 1240 3467 αὑτὸν
1278 3414 1599 3487 ὁμολογήσῃ
1648 3413 1908 3484 Χριστὸν,

2077 2756 2243 2822 Vens.
2280 2768 2488 2826 20-23.
2522 2790 2540 2824 ι
2578 2766 2997 2842 Responderunt
3023 2781 3202 2827 autem
3234 2770 3314 2826 eis
3343 2780 3598 2842 parentes

2006 2858 2142 2928 ejus,
2180 2869 2236 2916 et
2265 2861 2552 2918 dixerunt:
2585 2862 2800 2920 Scimus
2831 2865 2975 2935 quod
3005 2864 3093 2921 hic
3114 2876 3197 2921 est
3221 2865 3362 2922 ﬁlius
3387 2877 3593 2932 uoster,

2006 2960 2060 3006 et
2092 2967 2270 3008 caecus
2314 2964 2472 3010 natus
2493 2967 2596 3009 cst.
2667 2955 2949 3022 Quomodo
2981 2964 3161 3011 autem
3217 2972 3362 3012 nunc
3391 2957 3595 3025 vidi-at,

2006 3046 2321 3113 nescimus;
2386 3056 2479 3101 aut
2533 3048 2656 3117 quis
2708 3048 2828 3117 ejus
2889 3047 3081 3104 oculos
3135 3049 3434 3118 aperuerit,
3490 3064 3595 3104 nos

2010 3137 2321 3197 nescimus:
2366 3139 2479 3209 ipse
2512 3150 2725 3194 aetatem
2781 3136 2978 3206 habet,
3034 3143 3207 3209 ipsum
3244 3142 3595 3210 interrogate,

2012 3230 2129 3298 ipse
2161 3230 2228 3286 de
2266 3247 2325 3287 se
2355 3231 2630 3303 loquatur.
2688 3222 2813 3288 Haec
2863 3235 3118 3288 dixerunt
3160 3242 3412 3302 parentes
3455 3238 3598 3303 ejus,

2012 3323 2157 3393 quod
2196 3326 2450 3381 timerent
2496 3325 2733 3382 .ludaaos.
2776 3324 2897 3382 Jam
2946 3328 3092 3381 enim
3145 3328 3601 3397 conspiraverant

2010 3413 2204 3483 Judzei,
2254 3427 2312 3470 ut
2359 3416 2406 3471 si
2437 3417 2560 3487 quis
2605 3433 2728 3472 eum
2763 3418 3115 3473 conﬁteretur
3143 3433 3265 3474 esse
3296 3417 3596 3482 Christum,

314 3508 747 3576 ἀποσυνάγωγος
776 3506 1022 3578 γένηται.
1063 3507 1161 3561 Διὰ
1211 3508 1370 3561 τοῦτο
1419 3507 1469 3560 oi
1518 3508 1696 3577 γονεῖς
1740 3505 1907 3561 αὑτοῦ

2013 3517 2044 3558 e
2106 3503 2390 3577 Syuagoga
2441 3507 2757 3576 ejiceretur.
2814 3501 3112 3578 PrOpterea
3174 3519 3429 3579 parentes
3484 3508 3602 3577 ejus

315 3592 494 3669 εἷπον,
534 3600 616 3656 ὅτι
654 3599 904 3655 Ἡλικίαν
963 3600 1098 3672 ἔχει,
1138 3601 1659 3672 αῦτὺνὲρωτήσατε.
1693 3619 1712 3652 ι
1748 3600 1910 3670 Τρεῖς

314 3695 619 3767 ἐρωτήσεις
648 3695 696 3748 οἱ
726 3694 1013 3765 Φαρισαῖοι
1038 3696 1422 3766 προσήνεγκαν
1440 3694 1552 3757 τοῖς
1576 3692 1789 3761 γονεῦσι
1813 3690 1908 3746 τοῦ

313 3786 546 3858 τυφλοῦ,
570 3788 619 3840 sl
654 3786 769 3851 υίὸς
798 3786 978 3841 αὐτῶν
1024 3781 1113 3859 ἦν,
1166 3788 1216 3841 εἰ
1245 3785 1448 3854 τυφλὸς
1478 3784 1764 3857 ἐγεννήθη,
1817 3784 1912 3840 καὶ

318 3880 441 3944 πῶς
472 3880 786 3950 ἀνέϐλεψεν.
822 3880 886 3935 Ol
915 3878 994 3942 δὲ.
1029 3881 1128 3944 τὰς
1162 3880 1262 3951 μὲν
1294 3879 1410 3945 δύο,
1452 3880 1535 3934 ὅτι
1577 3896 1636 3932 τε
1666 3878 1781 3941 υἱδς
1813 3879 1911 3931 αὑ-

316 3972 432 4028 τῶν
477 3976 620 4038 ἐστι,
653 3973 749 4027 καὶ
780 3968 861 4027 ὅτι
890 3972 1094 4043 τυφλὸς
1146 3967 1241 4044 ἦν,
1286 3970 1616 4043 ὁμολογοῦσι
1646 3988 1660 4002 ’
1712 3972 1805 4024 τὸν
1855 3970 1913 4026 δὲ

319 4069 529 4135 τρόπον
560 4066 663 4136 τῆς
697 4067 996 4138 θεραπείας
1039 4062 1387 4135 ἀγνοοῦντες,
1430 4062 1492 4119 οὑ
1534 4063 1912 4134 προστιθέασι.

324 4161 440 4213 Καὶ
467 4157 628 4214 τοῦτο
655 4158 712 4213 δὲ
750 4160 970 4223 πάντως
1000 4159 1143 4230 ὑπὲρ
1192 4154 1290 4212 τοῦ
1321 4157 1421 4229 τὴν
1475 4154 1737 4229 ἀλήθειαν
1782 4156 1916 4227 ὀμο-

326 4251 628 4322 λογηθῆναι
682 4244 1052 4322 βεϐαιότερον,
1122 4250 1360 4320 γίνεται,
1417 4248 1559 4327 (bats
1612 4248 1776 4303 αὑτὸν
1823 4248 1919 4302 τὸν

324 4349 422 4418 τῆς
449 4344 772 4417 εὐεργεσίας
810 4343 1220 4409 ἀπολαύσαντα,
1244 4343 1335 4397 τὸν
1357 4342 1452 4397 καὶ
1474 4340 1917 4413 ἀξιοπιστότερον

322 4438 477 4503 ὅντα,
512 4440 866 4510 μαρτυρῆσαι
891 4436 1067 4491 ταῦτα
1089 4453 1103 4469 ·
1142 4437 1285 4490 καθά
1309 4436 1406 4490 καὶ
1457 4437 1504 4488 οἱ
1539 4436 1718 4504 γονεῖς
1748 4431 1915 4488 αὑτοῦ

326 4544 540 4599 φασιν·
583 4549 601 4581 ι
655 4529 828 4594 Αὐτὸς
878 4530 1096 4599 ἡλικίαν
1143 4529 1280 4600 ἔχει.
1327 4546 1346 4581 ι
1413 4526 1508 4599 Μὴ
1562 4526 1674 4598 γὰρ
1723 4518 1923 4598 νήπιός

326 4624 497 4688 ἔστιν,
531 4613 566 4694 ἢ
594 4622 813 4694 ἀτελὴς,
849 4621 989 4676 ὥστε
1022 4620 1098 4694 μὴ
1130 4622 1371 4676 συνιέναι
1410 4620 1529 4685 πῶς
1576 4619 1919 4692 τεθεράπευ-

324 4729 459 4780 ται;
493 4708 763 4767 ιΤοιαῦτα
777 4712 834 4767 δὲ
860 4705 1014 4766 εἶπον
1043 4708 1093 4765 οί
1126 4710 1303 4781 γονεῖς
1333 4709 1558 4776 αὑτοῦ,›
1588 4708 1919 4780 φοϐούμενοι

324 4806 457 4869 τοὺς
484 4805 823 4877 Φαρισαίους
847 4819 865 4836 ⁸
895 4802 1072 4868 οὑτως
1105 4802 1185 4857 ἔτι
1215 4798 1357 4875 ἦσαν
1387 4801 1599 4864 ἀτελεῖς
1650 4802 1745 4855 καὶ
1790 4802 1916 4870 ἀγε-

2016 3597 2322 3666 dixerunt:
2373 3598 2612 3653 [Elatem
2668 3600 2866 3667 habet,
2932 3602 3106 3671 ipsum
3165 3601 3515 3674 interrogate.
3576 3619 3595 3654 ι

2016 3690 2153 3746 Tres
2184 3691 2640 3761 interrogationes
2691 3694 2999 3747 obtulerant
3042 3693 3297 3748 [ηιθτίεωί
3349 3694 3606 3763 parenti-

2015 3783 2118 3837 bus
2151 3785 2278 3838 cmci
2304 3801 2319 3841 :
2348 3800 2476 3838 num
2510 3784 2649 3840 lilius
2678 3800 2866 3840 eorum
2890 3795 3054 3853 esset,
3083 3801 3209 3840 num
3237 3801 3414 3841 caecus
3444 3797 3607 3842 natus

2017 3886 2185 3942 esset,
2218 3885 2273 3931 et
2305 3878 2577 3947 quomodo
2613 3877 2788 3933 visum
2828 3878 3141 3949 recepisset.
3186 3877 3252 3934 Et
3281 3879 3357 3934 illi
3384 3880 3604 3950 quidem

2018 3969 2124 4024 duo
2172 3969 2431 4035 fatentur,
2483 3972 2623 4041 quod
2671 3970 2814 4026 ﬁlius
2851 3986 3080 4037 eorum,
3143 3981 3197 4028 et
3251 3973 3394 4042 quod
3429 3987 3608 4029 erectus

2019 4060 2185 4116 fuerit
2219 4065 2475 4131 ;ntodum
2522 4073 2703 4119 autem
2740 4065 3044 4120 sanationis
3093 4065 3382 4134 ignorant:
3418 4073 3469 4121 et
3503 4064 3608 4121 hoc

2020 4156 2243 4210 omnino
2282 4155 2643 4227 contingebat
2687 4165 2746 4210 ut
2791 4152 3067 4212 confessio
3105 4156 3350 4212 veritatis
3399 4154 3610 4212 ﬁrmior

2020 4249 2196 4313 ﬁeret,
2226 4257 2280 4304 et
2310 4248 2382 4303 ita
2422 4249 2536 4316 ipse
2574 4250 2664 4319 qui
2697 4248 3018 4304 beneﬁcium
3060 4249 3252 4311 sensit.
3284 4257 3338 4304 et
3373 4248 3477 4304 ﬁde
3509 4249 3606 4304 di-

2021 4340 2178 4410 gnior
2205 4349 2344 4407 erat,
2374 4349 2669 4396 testaretur
2726 4340 2839 4406 illa,
2894 4341 3036 4398 sicut
3088 4353 3144 4396 et
3196 4352 3448 4412 parentes
3490 4344 3607 4410 ejus

2022 4432 2233 4501 dicunt,
2271 4446 2288 4485 ι
2320 4432 2438 4504 Ipse
2463 4441 2679 4488 aetatem
2719 4431 2902 4488 habet.
2945 4453 2964 4486 ι
2996 4431 3248 4502 Nunquid
3293 4432 3471 4488 infans
3500 4443 3605 4500 est,

2022 4527 2110 4581 Vel
2136 4526 2411 4597 stupidus,
2444 4539 2503 4581 ut
2552 4542 2658 4581 non
2701 4527 3030 4581 intellexerit
3074 4529 3350 4598 quomodo
3382 4537 3611 4584 sanatus

2024 4622 2139 4676 sit?
2172 4639 2189 4671 ι
2226 4616 2353 4674 llam
2379 4631 2563 4676 autem
2595 4622 2844 4675 dixerunt
2871 4632 3129 4691 parentes
3161 4620 3302 4691 ejus,
3348 4641 3366 4675 ι
3413 4621 3611 4677 timen-

1982 4722 2108 4770 .tes
2160 4712 2500 4769 Pharisaeos:
2568 4714 2639 4767 ita
2701 4710 2878 4768 adhuc
2933 4722 3091 4767 erant
3154 4712 3495 4768 inexercitati
3555 4722 3612 4768 ct

2030 4804 2382 4874 ignobiliores
2427 4803 2562 4858 ﬁlio.
2628 4802 2761 4858 Nam
2813 4798 2900 4858 ille
2945 4804 3190 4860 veritatis
3248 4806 3447 4859 mansit
3504 4806 3610 4858 im-

326 4895 575 4969 νέστεροι
606 4894 699 4951 τοῦ
731 4895 941 4960 παιδός.
996 4895 1234 4959 Ἐκεῖνος
1278 4895 1471 4966 γάρτοι
1520 4893 1731 4965 μάρτυς
1755 4894 1909 4948 ἀνέκ-

2020 4896 2307 4965 perculsus
2350 4897 2548 4952 testis:
2603 4894 2676 4950 ita
2737 4907 2793 4951 et
2852 4896 3104 4952 illustrati
3160 4908 3318 4953 erant
3346 4898 3609 4953 mentalcs

329 4990 574 5062 πληκτος
604 4989 820 5044 ῖσταται
848 4988 949 5058 τῆς
976 4983 1237 5059 ἀληθείας
1257 4984 1479 5051 ἰοῦτως
1514 4984 1791 5058 ἐφωτίσθη
1827 4987 1924 5042 καὶ

330 5085 459 5147 τοὺς
494 5098 580 5135 νοε
591 5081 717 5153 pob;
740 5078 1080 5150 ὀφθαλμούς.

407 5196 427 5229 ι
475 5175 797 5245 Ἐφώνησαν
845 5169 939 5226 οὖν
968 5173 1035 5227 ἐκ
1071 5171 1329 5247 δευτέρου
1364 5172 1453 5226 τὸν
1507 5168 1815 5244 ἄνθρωπον,
1865 5168 1926 5236 ὃς

330 5260 402 5341 ἧν
439 5267 666 5337 τυφλὸς,
713 5266 810 5320 καὶ
864 5261 1022 5318 εἶπον
1075 5263 1259 5335 αὐτῷ’
1308 5263 1408 5324 Δὸς
1462 5260 1619 5327 δόξαν
1653 5259 1732 5333 τῷ
1783 5261 1923 5333 θεῷ.

347 5362 544 5433 Ἡμεῖς
570 5359 793 5430 οἴδαμεν
842 5358 926 5413 ὅτι
970 5359 998 5412 ὁ
1050 5354 1338 5428 ἄνθρωπος
1386 5346 1544 5419 οὗτος
1601 5355 1926 5427 ἁμαρτωλός

332 5456 505 5509 ἔστιν.
536 5451 840 5524 Ἀπεκρίθη
875 5440 967 5504 οῦν
997 5450 1227 5515 ἐκεῖνος,
1265 5448 1359 5508 καὶ
1389 5443 1545 5501 εἶπεν
1576 5464 1590 5479 ·
1634 5444 1697 5501 Εἰ
1740 5444 1925 5520 ἀμαρ-

333 5544 511 5610 τωλόςο
563 5545 737 5609 ἔστιν,
779 5542 879 5596 οὐκ
901 5528 1020 5595 οἶδα
1046 5556 1061 5573 ·
1094 5537 1153 5594 ἓν
1180 5533 1319 5601 οἶδα,
1344 5537 1427 5591 ὅτι
1448 5537 1648 5607 τυφλὸς
1676 5533 1771 5605 ὣν,
1799 5536 1926 5609 ἄρτι

341 5639 547 5712 βλέπω.
588 5626 758 5692 Εἶπον
783 5634 842 5688 δὲ
871 5633 1020 5705 αὑτῷ
1053 5632 1216 5689 πάλιν
1241 5648 1256 5665 ο
1288 5626 1354 5684 Τί
1390 5626 1615 5699 εποίησέ
1647 5648 1770 5696 σοι;
1809 5626 1927 5696 πῶς

338 5728 524 5801 ἤνοιξέ
563 5744 680 5783 σου
726 5726 855 5790 τοὺς
917 5716 1269 5795 ὀφθαλμοῦς;
1338 5721 1640 5792 ’Δπεκρὶθη
1694 5723 1878 5786 αὐτοῖς
1911 5737 1931 5793 ’μ

348 5820 513 5878 Εἶπον
546 5822 678 5891 ὑμῖν
708 5821 836 5892 ήδη,
863 5819 960 5874 καὶ
985 5817 1087 5872 οὑκ
1120 5812 1420 5887 ἠκούσατε,
1450 5813 1504 5868 τί
1557 5814 1719 5869 πάλιν
1742 5813 1927 5869 θέλετε

344 5915 602 5982 ἀκοῦειν;
627 5915 719 5986 Μὴ
744 5914 839 5968 καὶ
868 5912 1027 5983 ὑμεῖς
1063 5909 1306 5982 μαθηταὶ
1336 5905 1503 5962 αὑτοῦ
1546 5906 1729 5961 θέλετε
1778 5907 1930 5975 γενέ-

348 6010 505 6077 σθαι;
532 6006 920 6081 Ἐλοιδόρησαν
943 6000 1036 6063 οὖν
1067 6003 1251 6073 αὑτὸν,
1299 6000 1393 6058 καὶ
1426 5996 1578 6058 ιῐπον
1606 6016 1620 6033 ⁸
1642 6002 1714 6056 Σὺ
1752 5998 1806 6058 ei
1829 6019 1931 6076 μοι⁸

2023 4985 2147 5056 ejus
2168 4988 2335 5042 oculi.

2097 5164 2261 5224 Vsus.
2299 5162 2487 5224 εει-29.
2526 5188 2545 5221 ‹
2599 5162 2944 5225 Vocaverunt
2981 5187 3110 5242 ergo
3163 5188 3380 5228 rursum
3435 5174 3609 5229 homi-

2025 5276 2149 5317 nem
2175 5263 2268 5332 qui
2304 5263 2482 5317 fuerat
2513 5278 2710 5330 caecus,
2746 5273 2801 5319 et
2840 5265 3095 5321 dixerunt
3135 5266 3223 5321 ei:
3264 5265 3337 5321 Da
3380 5266 3610 5335 gloriam

2032 5352 2161 5409 Deo.
2219 5348 2329 5410 Nos
2385 5354 2588 5411 scimus
2637 5357 2783 5426 quod
2834 5356 2922 5413 hic
2974 5356 3135 5412 homo
3184 5370 3444 5429 peccator
3506 5369 3611 5416 est.

2032 5442 2331 5515 Respondit
2377 5464 2509 5517 ergo
2561 5447 2692 5515 ille,
2751 5459 2807 5505 et
2859 5449 3037 5506 dixit:
3085 5451 3166 5504 Au
3217 5461 3471 5521 peccator
3518 5452 3611 5517 sit.

2031 5540 2258 5596 nescio:
2303 5556 2467 5596 unum
2499 5540 2632 5607 scio,
2679 5542 2820 5611 quod
2852 5555 3027 5597 caecus
3051 5556 3170 5595 cum
3218 5556 3432 5614 essent,
3470 5559 3616 5599 nunc

2034 5632 2271 5688 videam.
2311 5634 2580 5688 Dixerunt
2609 5644 2738 5703 ergo
2774 5633 2850 5687 illi
2883 5633 3119 5688 iterum:
3152 5632 3290 5701 Quid
3320 5634 3450 5690 fecit
3475 5635 3617 5691 tibi?

2033 5726 2307 5796 quomodo
2340 5728 2554 5797 aperuit
2598 5727 2690 5781 tibi
2735 5725 2961 5781 oculos?
3001 5726 3305 5797 Respondit
3334 5727 3453 5783 eis:
3497 5727 3618 5782 Dixi

2036 5819 2191 5874 vobis
2216 5816 2351 5887 jam,
2385 5835 2486 5873 nec
2520 5816 2773 5881 audistis,
2803 5832 2902 5871 cur
2952 5816 3145 5873 iterum
3181 5817 3343 5874 vultis
3386 5816 3618 5875 audire?

2037 5911 2175 5966 Num
2199 5912 2364 5966 etiam
2392 5925 2485 5967 vos
2506 5910 2669 5966 vultis
2698 5908 2951 5980 discipuli
2975 5910 3093 5981 ejus
3128 5909 3288 5966 ﬁeri?
3317 5910 3619 5967 Conviciati

2038 6012 2165 6063 sunt
2194 6014 2321 6074 ergo
2354 6003 2429 6070 ei,
2462 6010 2515 6058 et
2542 6001 2838 6058 dixerunt:
2871 6000 2950 6058 Tu
2978 6002 3279 6073 discipulus
3300 6001 3445 6059 illius
3474 6012 3613 6067 esto.
