4060 6648
460 482 531 542 εδ
1164 486 1169 489 ’
1300 484 1847 546 ΤΙΙἘΟΡ11Υ[;⁵ε(1Τ
1856 483 1881 542 Ι
1933 483 2344 549 BULGAlllJﬁ
2383 490 2742 552 AxllCIIlEP.
3625 484 3696 547 56

462 609 561 647 ltus
589 602 763 647 autem
798 594 927 648 Mosi
959 595 1207 665 discipuli
1260 611 1476 653 smnus.
1520 597 1628 652 Nos
1657 599 1858 652 scimus
1887 598 2025 667 quod

2136 599 2305 672 θητὴς
2348 603 2579 663 ἐκείνου.
2640 606 2810 674 ἡμεῖς
2845 600 2900 657 δὲ
2940 600 3180 663 Μωσέως
3232 597 3408 669 ἐσμὲν
3443 592 3708 665 μαθητα·.

463 685 595 740 Mosi
634 687 839 740 lOt'IllttS
874 698 953 742 est
986 686 1146 751 Dens,
1184 690 1328 744 hunc
1359 701 1540 746 autent
1577 690 1848 746 nescimus
1886 691 2029 745 unde

460 780 553 830 sit.
593 797 611 829 ι
648 778 932 846 Ιτυδιῳιςιιιι
982 790 1234 848 parentes
1271 782 1561 837 incitarant
1607 794 1664 837 ut
1711 782 1852 838 ﬁlius
1901 799 2030 840 suus

460 872 903 942 interiugtretur,
939 875 1040 929 hoc
1068 872 1275 930 faciunt
1315 879 1630 947 importuni,
1677 889 1728 934 et
1758 879 2031 935 adducunt

461 964 606 1017 illum
639 982 745 1020 non
773 976 831 1020 ut
858 967 1218 1036 interrogent,
1246 972 1339 1024 sed
1364 981 1421 1025 ut
1452 971 1816 1026 calumniandi
1861 971 2031 1025 medi-

458 1070 581 1109 cum
608 1059 887 1111 materiam
919 1058 1019 1128 ipsi
1058 1063 1420 1131 suppeditent.
1450 1080 1469 1114 ι
1508 1062 1585 1118 Da
1614 1064 1757 1118 enim
1799 1061 2028 1134 gloriam

450 1145 904 1221 .Deonsigniﬁcat
935 1169 957 1206 ι
976 1151 1246 1208 Confitere
1269 1157 1411 1224 quod
1431 1153 1590 1210 Jesus
1614 1154 1746 1209 nihil
1773 1168 2028 1225 operatus

455 1248 542 1294 est
572 1241 625 1295 in
668 1257 768 1297 me.
806 1243 1043 1299 Gloriam
1077 1246 1219 1299 enim
1251 1262 1372 1301 esse
1405 1246 1498 1301 Dei
1530 1255 1756 1316 putant,
1790 1248 1855 1302 de
1899 1246 2027 1304 Jesu

454 1332 587 1385 nihil
615 1334 811 1389 bonum
837 1336 1105 1391 attestari.
1136 1356 1155 1389 ‹
1194 1336 1302 1393 Nos
1327 1337 1471 1392 enim
1499 1338 1725 1403 scimus,
1756 1338 2024 1408 inquiunt,

455 1424 601 1492 qutid
632 1427 701 1480 sit
737 1440 1003 1495 peccator.
1046 1448 1065 1481 ι
1098 1430 1380 1495 Quomodo
1439 1430 1604 1500 igitur
1630 1446 1734 1485 non
1770 1432 2027 1501 arguistis

455 1531 578 1570 eum
620 1520 837 1586 quando
888 1521 1200 1589 provocavit
1273 1538 1387 1589 vos,
1442 1522 1660 1578 dicens:
1718 1522 1904 1588 «Quis
1961 1539 2029 1578 cx

454 1608 608 1662 \‘ubis
640 1618 829 1678 arguet
870 1626 955 1665 me
997 1610 1063 1666 de
1101 1624 1323 1681 peceato
1344 1612 1434 1666 “‘1
1467 1630 1485 1663 ι
1519 1612 1586 1667 At
1608 1626 1782 1668 caecus
1833 1612 2025 1682 inquit,

458 1718 475 1749 ι
517 1698 576 1753 Si
606 1700 823 1769 quidem
862 1712 1116 1773 peccator
1152 1712 1259 1770 est,
1291 1705 1518 1772 nescio;
1561 1725 1580 1759 ι
1617 1706 1720 1762 hoc
1771 1715 1877 1771 est,
1917 1720 2024 1761 non

453 1805 598 1844 nunc
629 1793 879 1847 examino
917 1795 1042 1859 hoc,
1081 1810 1254 1863 neque
1288 1794 1531 1850 allirmo:
1567 1815 1586 1848 ι
1640 1796 1767 1851 illud
1808 1797 2025 1866 quidem

452 1880 737 1936 manifeste
755 1882 888 1947 scio,
916 1901 934 1934 ι
956 1885 1097 1953 quod
1121 1885 1441 1940 miraculum
1460 1886 1514 1941 in
1536 1902 1621 1944 me
1645 1886 1906 1957 perfecit:
1937 1902 2025 1944 res

2144 695 2335 764 Ἡμεῖς
2369 696 2614 767 οἴδαμεν,
2643 696 2724 748 ὅτι
2758 696 2948 751 Μωσεῖ
2969 694 3230 763 ἐλάλησεν
3262 694 3290 746 ὁ
3313 688 3445 751 Θεός
3478 703 3493 719 ’
3515 684 3706 739 τοῦτον

2132 787 2187 839 δὲ
2226 787 2325 840 οὐκ
2350 788 2597 857 οίδαμεν,
2625 787 2791 841 πόθεν
2821 786 2988 841 ἐστίν.
3030 805 3050 839 ι
3088 783 3308 854 Ἔπειδή
3328 782 3380 835 οἱ
3404 779 3580 849 γονεῖς
3615 774 3708 830 τὸν

2131 878 2248 932 υἱὸν
2272 878 2449 931 αὐτῶν
2467 879 2578 933 δεῖν
2595 878 2940 950 ἐρωτηθῆναι
2954 877 3332 946 διανέστησαν,
3348 874 3504 926 τοῦτο
3523 865 3713 922 ποιοῦ-

2132 987 2221 1025 σιν
2249 972 2297 1024 oi
2325 970 2662 1040 ὲπηρεασταί
2698 987 2713 1004 ’
2748 970 2840 1024 καὶ
2878 969 2942 1040 δὴ
2994 967 3339 1039 παράγουσιν
3372 962 3556 1026 αὑτὸν,
3606 957 3711 1026 οὐκ

2131 1062 2273 1118 ὥστε
2306 1065 2604 1134 ἐρωτῆσαι,
2634 1063 2746 1118 ἀλλ’
2778 1062 2918 1117 ὥστε
2951 1060 3243 1116 ὑποϐαλεῖν
3274 1054 3424 1124 αύτῷ
3469 1066 3713 1122 κατηγυ-

2132 1157 2296 1228 ρῆσαι
2330 1155 2424 1209 τοῦ
2474 1154 2832 1228 θεραπευτοῦ.
2873 1153 2948 1209 Τδ
3015 1151 3147 1222 γὰρ,
3205 1170 3224 1203 ε
3286 1150 3384 1212 Δδς
3436 1144 3596 1209 δόξαν
3628 1140 3714 1210 τῷ

2128 1249 2269 1319 Θεῷ,
2312 1268 2333 1301 ι
2377 1248 2536 1303 τοῦτο
2590 1248 2881 1319 σημαίνειο
2930 1247 3318 1318 Ὀμολόγησον,
3384 1240 3572 1311 φησὶν,
3623 1236 3714 1290 ὅτι

2143 1343 2350 1413 Ἰησοῦς
2383 1342 2535 1396 οὐδὲν
2568 1342 2864 1414 εἰργάσατο
2917 1342 2999 1403 είς
3035 1340 3136 1411 ἐμὲ
3189 1336 3373 1408 (τοῦτο
3394 1332 3504 1403 γὰρ
3562 1325 3713 1383 εἶναι

2129 1432 2288 1500 δόξαν
2314 1432 2471 1499 Θεοῦ,
2510 1432 2571 1486 τὸ
2600 1432 2677 1499 τῷ
2717 1430 2892 1501 Ἰησοῦ
2921 1430 3088 1501 μηδὲν
3112 1427 3314 1497 ἀγαθον
3351 1435 3713 1495 προσμαρτυ-

2137 1526 2391 1600 Ρεῖσθαιο)
2432 1547 2450 1579 ⁸
2491 1526 2681 1595 Ἡμεῖς
2713 1525 2822 1596 γὰρ
2838 1525 3081 1595 οἴδαμεν,
3112 1520 3296 1591 φασὶν,
3330 1518 3413 1572 ὅτι
3444 1516 3716 1585 ἁμαρτω-

2131 1620 2222 1683 λάς
2251 1620 2385 1674 ἐστι.
2422 1637 2441 1669 ι
2484 1617 2608 1682 Πῶς
2631 1612 2723 1671 οὖν
2750 1616 2852 1670 οὐκ
2881 1614 3140 1687 ἠλέγχετο
3166 1609 3350 1675 αὐτὸν,
3383 1607 3514 1661 ὅταν
3567 1617 3711 1673 προ-

2131 1713 2382 1769 εκαλεῖτο
2418 1712 2564 1783 ὑμᾶς
2614 1710 2792 1780 λέγων
2822 1724 2837 1741 ο
2875 1727 2893 1761 ι
2940 1707 3035 1770 Τίς
3073 1705 3134 1773 ἐξ
3186 1702 3343 1774 ὑμῶν
3398 1698 3610 1767 ἐλέγχει
3641 1708 3713 1763 με

2133 1806 2262 1878 περὶ
2290 1806 2603 1876 άμπρτζαςς
2647 1821 2667 1856 ι
2717 1801 2776 1856 '0
2805 1801 2863 1855 δὲ
2890 1798 3111 1870 τυφλὸς,
3150 1814 3169 1849 ι
3215 1796 3280 1849 Ei
3315 1793 3413 1863 μὲν
3440 1790 3711 1885 ἁμαρτω·

2130 1899 2243 1964 λὸς,
2278 1899 2464 1968 φησὶν,
2504 1897 2665 1960 ἐστιν,
2723 1895 2825 1949 οὐκ
2860 1888 3013 1948 οἶδεν
3055 1910 3074 1943 ι
3133 1886 3435 1948 τουτέστιν,
3486 1879 3562 1935 Ού
3611 1879 3714 1929 νῦν

452 1969 570 2038 ipsa
606 1987 748 2027 ttllltc
778 1987 873 2041 per
910 1973 1144 2042 seipsam
1181 1976 1581 2041 consideretur,
1618 1955 1674 2033 et
1698 1978 2024 2033 sententiam

2133 1955 2372 2055 ιξέὲάξᾲ»
2411 1955 2593 2052 τοῦτο,
2646 1955 2767 2040 οὐδὲ
2818 1980 3194 2053 ἀποφαίνομαι
3220 1992 3234 2007 '
3291 1974 3470 2029 ἐκεῖνο
3521 1968 3714 2038 μέντοι

451 2064 520 2118 de
546 2079 604 2118 se
656 2064 811 2121 ferat.
837 2065 1041 2122 Deinde
1083 2069 1209 2138 quia
1240 2084 1380 2138 εει-ρο
1425 2070 1822 2142 intermgantes
1853 2070 2031 2139 illum,

450 2152 591 2219 Quid
657 2152 788 2210 fecit
822 2156 952 2212 tibi?
977 2169 1194 2230 prupter
1224 2161 1531 2216 unetiuucm
1557 2160 1654 2215 luti
1678 2205 1693 2228 ,
1744 2175 1864 2231 qua:
1888 2160 2028 2216 facta

450 2256 568 2300 erat
587 2246 752 2319 639
773 2249 824 2302 in
854 2248 1117 2320 Sabbato,
1141 2253 1535 2310 insidiabantur
1553 2255 1847 2324 Salvatori,
1861 2256 2030 2312 sensit

449 2348 629 2392 autem
660 2341 819 2395 homo
849 2357 953 2398 non
979 2342 1049 2398 ad
1076 2345 1410 2413 discendum,
1433 2349 1524 2404 sed
1541 2349 1607 2403 ad
1641 2348 2027 2417 insidiandum,

453 2428 938 2503 interrogationem
969 2438 1338 2507 proposuisse,
1374 2441 1643 2495 austerius
1670 2441 1751 2494 eis
1799 2456 2031 2510 respon-

448 2522 561 2574 dit:
598 2520 780 2593 Neque
817 2525 984 2591 enim,
1011 2527 1211 2598 inquit,
1241 2543 1491 2585 sermone
1518 2531 1656 2586 ultra
1691 2547 1790 2588 vos
1811 2532 2024 2603 dignor.

448 2611 586 2667 Nam
639 2617 853 2685 quoties
887 2617 1041 2675 vobis
1066 2619 1199 2686 dixi,
1231 2630 1284 2674 et
1316 2636 1422 2676 non
1457 2622 1803 2679 attendistis?
1828 2624 2031 2681 Deinde

448 2706 590 2773 quod
639 2708 876 2766 maxime
905 2711 1024 2766 illos
1069 2713 1365 2779 cruciabat,
1386 2713 1609 2775 subdit:
1643 2734 1662 2767 ι
1684 2714 1822 2770 Num
1855 2726 1909 2771 et
1933 2731 2029 2772 vos

448 2796 611 2852 vultis
647 2798 891 2869 discipuli
941 2801 1058 2870 ejus
1113 2802 1272 2858 ﬂeri?
1322 2823 1341 2858 ι
1381 2805 1631 2861 Declarat
1661 2818 1840 2863 autem
1883 2811 2026 2878 quod

447 2888 564 2954 ipse
593 2890 812 2958 quidem
849 2891 1144 2963 discipulus
1191 2894 1309 2965 ejus
1364 2910 1489 2952 esse
1540 2898 1687 2955 velit.
1731 2898 2026 2970 Caeterum,

448 2979 737 3035 incessens
770 2995 865 3037 eos
918 2981 1129 3052 placide
1167 2984 1283 3040 lucc
1338 2987 1491 3052 dicit,
1546 2986 1688 3056 quod
1748 3002 1879 3043 sane
1927 2989 2029 3044 fuit

451 3069 648 3126 anima:
695 3072 879 3128 libera:
919 3083 973 3129 et
1012 3071 1318 3145 intrepidae,
1367 3087 1422 3132 et
1466 3092 1571 3132 non
1605 3079 1848 3135 curantis
1879 3080 2026 3134 insa-

447 3165 594 3218 niam
626 3163 874 3223 illorum,
900 3165 985 3223 Ad
1018 3167 1174 3238 cujus
1212 3168 1507 3224 convitium
1551 3168 1649 3234 illi,
1687 3188 1706 3219 ι
1740 3169 1818 3225 Tu
1846 3172 2028 3227 disci-

2131 2076 2252 2136 οῖδα
2282 2077 2492 2148 σαφῶς,
2518 2077 2599 2132 ὅτι
2629 2076 2817 2146 θαῦμα
2853 2074 2939 2128 ἐπ’
2984 2071 3109 2143 ἐμοὶ
3144 2067 3381 2125 ἐτέλεσε.
3415 2064 3490 2116 Τὸ
3527 2059 3717 2113 τοίνυν

2130 2172 2364 2243 πρᾶγμα
2385 2166 2519 2221 αὐτὸ
2549 2165 2683 2221 καθ”
2711 2164 2845 2220 αὐτὸ
2878 2160 3212 2226 σκοπείσθω,
3260 2158 3357 2212 καὶ
3393 2154 3495 2224 τὴν
3524 2150 3720 2243 ψῇφον

2132 2240 2262 2331 περὶ
2316 2256 2484 2313 αὐτοῦ
2535 2255 2838 2328 ἐκφερέτω.
2871 2248 3007 2307 Εἶτα
3041 2248 3230 2320 ἐπειδὴ
3284 2244 3448 2301 πάλιν
3477 2240 3719 2312 ὴρὼτων

2129 2351 2293 2408 αὐτόν
2318 2367 2333 2383 ο
2382 2368 2401 2404 ι
2434 2348 2501 2404 Τί
2530 2346 2756 2418 ἐποίησέ
2785 2363 2890 2413 σοι,
2928 2364 2948 2398 ι
2979 2343 3070 2398 διὰ
3098 2342 3199 2413 τὴν
3245 2341 3304 2394 ὲν
3334 2336 3412 2406 τῷ
3444 2332 3722 2402 Σαϐϐάτῳ

2130 2442 2346 2504 πάντως
2375 2437 2968 2509 γενομένηνὲπίχρισιν
2984 2431 3078 2488 τοῦ
3106 2429 3280 2503 πηλοῦ
3302 2425 3720 2498 ἐπηρεάζοντες

2129 2533 2208 2605 τῷ
2235 2532 2483 2601 Σωτῆρι,
2507 2531 2702 2603 ⁴ᾔσθετο
2726 2530 2783 2584 δὲ
2805 2531 2833 2583 ὁ
2852 2526 3137 2598 ἄνθρωπος
3177 2522 3398 2589 αὐτοὺς,
3424 2521 3525 2590 ούχ
3569 2517 3723 2571 ὥστε

2135 2626 2346 2699 μαθεῖν,
2381 2624 2496 2679 ἀλλ’
2536 2624 2677 2678 ὥστε
2703 2620 3031 2690 ἐπηρεάσαι»
3066 2616 3167 2689 τὴν
3201 2616 3473 2712 ίρώῗησιν
3521 2625 3722 2712 πῗῗῖί

2135 2722 2352 2793 μένους,
2401 2713 2845 2786 πληκτικώτερον
2902 2710 3084 2773 αὐτοῖς
3125 2706 3483 2778 ἀποκρίνεται
3513 2720 3529 2734 ·
3573 2698 3721 2754 Οὐδὲ

2131 2814 2313 2884 λόγου,
2345 2810 2530 2881 φησιν.
2555 2808 2635 2862 ἔτι
2661 2809 2804 2879 ὑμᾶς
2829 2805 2966 2871 ἀξιῶ
2990 2820 3006 2838 ο
3050 2800 3312 2860 πολλάκις
3355 2797 3466 2868 γάρ
3496 2794 3724 2849 εἰπόντι

2130 2905 2192 2960 οὐ
2226 2904 2660 2975 προσεσχήκατε.
2687 2894 2820 2952 Εἶτα
2843 2897 2905 2950 τὸ
2923 2895 3160 2968 μάλιστα
3188 2894 3488 2963 δυνάμενον
3510 2885 3725 2949 αὐτοὺς

2131 2997 2350 3067 πλῆξαι,
2388 2994 2615 3063 ἐπάγει·
2655 3010 2674 3044 ι
2710 2991 2801 3064 Μὴ
2836 2992 2929 3045 καὶ
2963 2989 3124 3061 ὑμεῖς
3169 2984 3427 3058 βούλεσθε
3462 2977 3721 3055 μαθηταὶ

2128 3087 2295 3144 αὑτοῦ
2333 3085 2621 3156 γενέσθαις
2653 3104 2674 3139 ι
2738 3082 3024 3154 Ἐμφαίνει
3077 3079 3232 3150 γοῦν,
3279 3080 3362 3134 ὅτι
3412 3074 3578 3139 αὐτὸς
3608 3088 3727 3145 μα-

2130 3180 2299 3250 θητὴς
2347 3176 2515 3234 αὐτοῦ
2560 3175 2700 3231 εῖναι
2731 3175 3013 3248 βούλεται·
3050 3171 3263 3237 παίζων
3290 3171 3348 3225 δὲ
3385 3167 3586 3229 αὐτοὺς
3620 3165 3724 3218 καὶ

445 3255 606 3326 pulus
648 3255 792 3313 illius
816 3258 912 3325 sis,
955 3274 1055 3315 nos
1091 3267 1271 3316 autem
1300 3260 1433 3318 Mosi
1463 3262 1715 3332 discipuli
1753 3278 1958 3319 sumus.
2001 3283 2019 3316 ι

2130 3270 2432 3343 κωμῳδῶν,
2456 3269 2643 3341 ἡρέμα
2669 3266 2840 3321 ταῦτά
2864 3283 3049 3338 φησιν,
3076 3266 3106 3320 δ
3133 3265 3313 3336 ψυχῆς
3344 3264 3463 3315 ἐστι
3494 3258 3728 3329 πεπαρο

450 3347 716 3404 π’ἰςιθιιῑυτ
736 3360 913 3406 autem
939 3362 991 3407 et
1019 3354 1071 3408 in
1093 3353 1195 3410 hoc
1219 3354 1543 3422 mendaces;
1572 3371 1692 3411 nam
1723 3356 1769 3411 si
1800 3357 2029 3413 fuissent

448 3440 699 3510 discipuli
723 3440 910 3508 Musis,
941 3452 995 3499 et
1019 3443 1228 3501 Christi
1248 3445 1482 3502 fuissent
1510 3447 1781 3517 discipuli,
1812 3448 1951 3504 sicut
1971 3460 2027 3504 et

444 3534 560 3602 ipse
605 3532 820 3589 dicebat
878 3536 983 3600 eis,
1040 3554 1060 3589 ι
1103 3535 1161 3592 Si
1212 3539 1510 3594 crederetis
1539 3538 1696 3604 Mosi,
1731 3539 2026 3595 crederetis

442 3624 630 3693 utique
662 3625 814 3680 mihi.
856 3645 876 3681 ι
901 3625 1019 3682 Non
1049 3628 1306 3683 dixerunt
1325 3639 1530 3695 autem,
1550 3629 1657 3685 Nos
1682 3630 2023 3685 audivimus:

439 3715 558 3779 sed,
597 3732 617 3767 ι
649 3714 780 3771 Nus‘
796 3717 1004 3774 scimus
1028 3720 1169 3789 quod
1200 3719 1332 3776 Mosi
1365 3720 1578 3776 locutus
1613 3722 1685 3778 sit
1732 3722 1963 3797 Deus",
2001 3742 2021 3776 ι

438 3807 694 3878 quamvis
727 3824 757 3862 a
806 3812 1126 3879 parentibus
1160 3812 1275 3867 suis
1313 3812 1594 3867 audissent
1618 3854 1633 3878 ,
1670 3821 1917 3869 exactam
1969 3828 2028 3870 se

440 3901 644 3955 habere
677 3903 963 3956 scientiam
999 3902 1253 3958 dicebant
1284 3903 1351 3959 de
1380 3904 1446 3959 iis
1491 3921 1613 3974 qua:
1654 3921 1750 3976 per
1784 3907 2025 3961 auditum

439 4002 797 4062 receperant:
826 4010 948 4052 eum
981 4005 1162 4050 autem
1193 4011 1357 4066 quem
1381 3997 1553 4052 oculis
1586 3998 1831 4054 viderant
1863 4000 2027 4053 mira-

437 4083 560 4138 cula
590 4074 901 4153 facientem,
927 4096 984 4141 et
1008 4102 1169 4157 quem
1189 4089 1474 4144 audierant
1500 4090 1679 4143 divina
1709 4102 1766 4145 et
1795 4105 2025 4158 superna

435 4173 748 4245 loquentem
769 4217 785 4244 ,
825 4177 1179 4249 impostorem
1211 4181 1506 4236 vocabant.
1541 4179 1706 4238 Vides
1749 4181 1979 4252 insipien
2000 4214 2023 4224 -

434 4269 566 4321 tiam
602 4282 630 4320 a
668 4268 872 4323 malitia
908 4268 1253 4340 profectam?

2129 3360 2505 3434 ῥησιασμένης
2534 3358 2631 3413 καὶ
2651 3358 3095 3429 ἀκαταπλήκτου,
3125 3355 3221 3409 καὶ
3254 3354 3330 3426 μὴ
3362 3349 3727 3422 πτοουμένης

2125 3452 2227 3525 τὴν
2278 3453 2480 3522 μανίαν
2530 3449 2730 3505 αὐτῶν.
2779 3450 3008 3503 Ἐκεῖνοι
3052 3448 3108 3502 δὲ
3138 3446 3274 3518 πρὸς
3334 3443 3496 3515 ὕϐριν
3541 3436 3725 3495 αὐτοῦ

2127 3561 2260 3614 φασι
2290 3558 2307 3576 ο
2343 3562 2363 3597 ι
2398 3544 2470 3595 Σὺ
2496 3537 2546 3594 εἴ
2575 3539 2820 3612 μαθητὴς
2854 3540 3090 3605 ἐκείνου,
3131 3538 3295 3609 ἡμεῖς
3348 3536 3405 3590 δὲ
3444 3532 3545 3588 τοῦ
3575 3534 3721 3588 Mm-

2130 3634 2267 3698 σέως
2303 3632 2470 3704 ἔσμεν
2500 3631 2757 3704 μαθηταί.
2798 3649 2816 3683 ι
2857 3629 3144 3684 Φαίνονται
3171 3629 3228 3683 δὲ
3260 3629 3319 3683 ἐν
3362 3627 3546 3698 τούτῳ
3572 3626 3723 3697 ψευ-

2126 3726 2362 3797 δόμενοι.
2419 3725 2482 3778 Ei
2517 3723 2623 3794 γὰρ
2674 3718 2816 3796 ἦσαν
2858 3721 2950 3776 τοῦ
3003 3721 3248 3784 Μωσέως
3288 3718 3559 3791 μαθηταὶ,
3617 3719 3726 3773 καὶ

2126 3816 2222 3871 τοῦ
2253 3814 2490 3885 Χριστοῦ
2531 3812 2597 3866 ἂν
2624 3807 2764 3883 ἦσαν
2795 3827 2809 3842 ο
2863 3811 3007 3866 καθὰ
3040 3810 3138 3865 καὶ
3167 3809 3332 3872 αὐτὸς
3363 3808 3556 3877 ἔλεγεν
3608 3806 3724 3860 αὐ-

2124 3910 2238 3972 τοῖς
2263 3924 2281 3940 ο
2320 3924 2339 3958 ι
2378 3906 2439 3959 El
2470 3904 2784 3957 ἐπιστεύετε
2810 3904 3021 3966 Μωσεῖ,
3046 3900 3364 3955 ἐπιστεύετε
3406 3898 3476 3953 ἂν
3505 3896 3658 3967 ἐμοί.
3696 3915 3718 3949 ο

2126 3998 2241 4051 Οὐκ
2256 3990 2410 4049 είπον
2424 3995 2502 4060 δὲ,
2522 3996 2603 4047 ὅτι
2642 3994 2824 4063 Ἡμεῖς
2842 3991 3175 4063 ἠκούσαμεν,
3201 3990 3315 4044 ἀλλ’
3340 3990 3423 4043 ὃτι
3473 4006 3495 4041 ι
3517 3988 3730 4058 Ἡμεῖς

2127 4087 2375 4157 οἴδαμεν,
2401 4086 2482 4138 ὅτι
2507 4084 2699 4138 Μωσεῖ
2735 4082 3029 4149 λελάληκεν
3076 4084 3103 4136 ὁ
3127 4080 3280 4144 Θεός.
3320 4099 3342 4133 ι
3377 4080 3579 4134 Καίτοι
3606 4076 3728 4130 τῶν

2130 4178 2414 4250 προγόνων
2468 4176 2653 4238 αὐτοῖς
2706 4172 3181 4242 ἀπαγγειλάντων,
3236 4169 3446 4243 ἀκριϐῆ
3506 4167 3730 4238 γνῶσιν

2133 4271 2279 4341 ἔχειν
2317 4268 2586 4338 λέγουσιν,
2622 4261 2696 4321 ὧν
2751 4266 2809 4331 ἐξ
2837 4266 3008 4335 ἀκοῆς
3054 4263 3526 4335 παρειλήφεισανο
3561 4261 3625 4315 ὃν
3662 4261 3729 4314 δὲ

431 4362 549 4422 τοῖς
597 4359 900 4431 ὀφθαλμοῖς
948 4362 1183 4416 ἔϐλεπον
1227 4362 1777 4435 θαυματουργοῦντα,
1822 4366 1918 4419 καὶ
1963 4363 2024 4417 οῦ
2061 4365 2262 4436 ἤκουον
2330 4359 2451 4414 θεῖα
2480 4358 2577 4414 καὶ
2639 4356 2842 4411 ἄνωθεν
2877 4354 3275 4426 φθεγγομένου,
3299 4354 3492 4409 τοῦτον
3512 4352 3733 4409 πλάνον

432 4452 684 4508 ἐκάλουν.
728 4454 895 4527 Ἧρᾷς
926 4455 1190 4524 άνυησίαν
1222 4455 1333 4510 ἀπὸ
1383 4456 1586 4520 κακίας
1626 4455 2203 4527 δεδημιουργημένην;

517 4547 680 4604 Vens.
706 4549 900 4605 50-35.
940 4568 958 4601 ι
996 4547 1294 4619 Respondit
1323 4548 1410 4602 ille
1446 4549 1633 4615 homo,
1661 4556 1716 4604 et
1738 4549 1873 4603 dixit
1897 4549 1978 4604 eis
2009 4568 2022 4624 ς

2211 4564 2231 4597 ι
2284 4545 2587 4618 Ἀπεκρίθη
2621 4545 2649 4597 ὁ
2676 4542 2989 4612 ἄνθρωπος,
3025 4540 3119 4593 καὶ
3148 4536 3303 4593 εἶπεν
3351 4540 3582 4603 αὐτοῖς·
3629 4540 3733 4596 Ἐν

429 4640 489 4697 in
514 4640 619 4697 hoc
638 4640 786 4696 enim
811 4642 1065 4696 mirabile
1088 4641 1363 4711 quoddam
1388 4650 1495 4707 est,
1519 4640 1664 4711 quod
1693 4655 1791 4695 vos
1814 4640 2026 4695 nescia-

429 4733 502 4788 tis
533 4733 675 4788 unde
701 4731 794 4796 sit,
828 4739 884 4787 et
918 4741 1101 4787 tamen
1133 4732 1349 4802 aperuit
1377 4732 1565 4787 oculos
1601 4746 1774 4788 meos.
1808 4731 2023 4787 Scimus

426 4833 612 4881 autent
646 4825 790 4894 quod
828 4831 1146 4892 peccatores
1177 4822 1323 4877 Deus
1357 4837 1461 4877 non
1492 4822 1661 4887 audit,
1694 4823 1790 4878 sed
1824 4821 1868 4876 si
1903 4822 2023 4890 quis

424 4915 520 4971 Dei
555 4913 736 4969 cultor
765 4922 882 4976 est,
912 4921 968 4969 et
1003 4912 1272 4968 voluntati
1314 4910 1432 4981 ejus
1480 4914 1843 4982 obtemperat,
1877 4911 2022 4966 hunc

423 5006 597 5063 audit.
629 5007 672 5060 A
708 5004 909 5060 sarculo
941 5019 1048 5059 non
1074 5013 1158 5060 est
1189 5004 1431 5059 auditum
1467 5003 1615 5074 quod
1645 5003 1768 5072 quis
1810 5001 2024 5072 aperuit

422 5099 614 5157 oculos
641 5096 773 5153 caeci
800 5096 938 5153 nati.
969 5095 1082 5151 Nisi
1112 5105 1260 5151 esset
1289 5095 1378 5150 hic
1407 5110 1439 5150 a
1463 5095 1597 5159 Deo,
1621 5109 1729 5149 non
1756 5095 2023 5165 potuisset

421 5192 608 5246 facere
644 5190 964 5259 quidquam.
1010 5207 1031 5241 ι
1071 5187 1200 5255 Vos,
1234 5186 1432 5257 inquit,
1460 5202 1494 5243 ο
1524 5186 1719 5251 Ιυόωί,
1753 5184 2022 5255 reiecistis

424 5297 547 5338 eum
579 5282 670 5351 qui
711 5295 800 5335 me
832 5279 1070 5347 sanavit,
1098 5281 1255 5350 quasi
1293 5281 1606 5336 nescientes
1643 5291 1767 5334 eum
1810 5296 1831 5330 ι
1876 5276 2021 5331 unde

422 5370 495 5426 sit
524 5389 539 5426 :
571 5392 594 5425 τ
632 5385 736 5439 ego
776 5377 962 5426 autem
995 5370 1119 5426 dico
1154 5372 1297 5440 quod
1341 5380 1566 5443 propter
1588 5370 1691 5425 hoc
1719 5368 1893 5439 magis
1938 5373 2025 5422 est

424 5461 718 5529 mirabilis,
744 5461 870 5531 quia
900 5461 1064 5518 homo
1087 5477 1192 5517 non
1220 5472 1303 5518 est
1328 5476 1392 5518 ex
1423 5460 1698 5517 nobilibus
1727 5457 1870 5527 apud
1900 5470 2018 5519 vos,

423 5571 603 5625 neque
635 5569 701 5611 ex
746 5555 955 5610 honore
997 5556 1265 5627 praeditis,
1297 5554 1393 5626 qui
1427 5555 1554 5609 talia
1585 5560 1786 5622 potest.
1842 5548 1907 5603 Et
1936 5547 2013 5601 ita

422 5647 662 5716 undique
692 5646 1040 5704 manifestum
1070 5656 1154 5705 est
1182 5649 1327 5719 quod
1358 5646 1430 5701 sit
1466 5643 1689 5712 majoris
1721 5640 2007 5709 cujusdam

421 5738 703 5811 potentiae,
739 5754 917 5811 neque
947 5735 1190 5796 humano
1220 5737 1465 5808 indigeat
1501 5733 1729 5791 auxilio.
1781 5731 2011 5803 Insuper

417 5901 422 5906 ’
488 5918 537 5955 δί
567 5917 725 5978 Joan.
762 5936 879 5990 rm,
907 5920 997 5981 46.
1074 5919 1120 5955 δ’
1166 5917 1389 5985 JoanJ,
1414 5914 1504 5972 l6.

2131 4636 2242 4709 γάρ
2272 4637 2451 4708 τούτῳ
2487 4635 2799 4704 θαυμαστόν
2853 4636 3020 4698 ἐστιν,
3066 4632 3149 4686 ὅτι
3189 4633 3352 4702 ὑμεῖς
3397 4632 3502 4687 οὐκ
3529 4632 3732 4687 οἴδατε

2130 4727 2296 4783 πόθεν
2333 4728 2473 4792 ἐστὶ,
2506 4726 2603 4781 καὶ
2640 4724 2843 4796 ἀνέῳξέ
2879 4740 2979 4795 μου
3009 4722 3135 4784 τοὺς
3177 4721 3519 4791 ὀφθαλμούς.
3553 4723 3733 4778 Οἴδα-

2134 4839 2233 4893 μεν
2262 4821 2343 4885 δὲ,
2373 4821 2455 4874 ὅτι
2487 4817 2827 4891 ἁμαρτωλῶν
2855 4816 2884 4868 ὁ
2911 4814 3043 4877 Θεδς
3074 4815 3176 4868 οὐκ
3207 4814 3436 4868 ἀκούει·
3465 4814 3589 4868 ἀλλ’
3622 4817 3735 4872 ἐάν

2122 4929 2208 4976 τις
2239 4910 2499 4980 θεοσεϐὴς
2554 4904 2612 4983 ᾖ,
2650 4907 2744 4961 καὶ
2781 4905 2841 4959 τδ
2870 4904 3083 4975 θέλημα
3113 4904 3282 4957 αὐτοῦ
3320 4908 3451 4975 ποιῇ
3474 4945 3490 4970 ,
3517 4905 3731 4961 τούτου

2120 5001 2333 5056 ἀκούει.
2374 4998 2471 5053 Ἐκ
2499 4997 2592 5051 τοῦ
2625 4996 2819 5058 αἰῶνος
2864 4994 2966 5046 οὐκ
2995 4992 3262 5063 ἠκούσθη,
3299 4995 3385 5047 ὃτι
3419 4995 3609 5065 ἠνοιξέ
3634 5014 3734 5061 τις

2116 5089 2432 5163 ὀφθαλμοὺς
2474 5085 2673 5157 τυφλοῦ
2712 5083 3130 5154 γεγεννημένου.
3177 5084 3242 5137 El
3301 5084 3379 5156 μὴ
3439 5081 3512 5157 ἦν
3554 5080 3731 5153 οὗτος

2117 5181 2273 5253 παρὰ
2301 5178 2462 5244 Θεοῦ,
2525 5178 2627 5231 οὐκ
2666 5173 2900 5246 ἠδύνατο
2946 5175 3120 5227 ποιεῖν
3166 5174 3343 5229 οὐδέν.
3403 5194 3423 5229 ι
3494 5176 3732 5249 Ὑμεῖς,

2119 5275 2309 5346 φησὶν,
2349 5263 2395 5324 ὧ
2415 5269 2659 5324 Ἰουδαῖοι
2685 5306 2701 5333 ,
2747 5263 3121 5318 ἀποϐάλλεσθε
3160 5263 3252 5317 τὸν
3279 5263 3732 5336 θεραπεύσαντά

2118 5381 2210 5438 με,
2246 5363 2324 5426 ὡς
2371 5360 2449 5432 μὴ
2504 5358 2703 5417 εἰδότες
2731 5354 2913 5417 αὑτὸν,
2950 5370 2971 5404 ι
3006 5351 3172 5406 πόθεν
3217 5353 3390 5408 ἐστίν’
3433 5374 3453 5408 ι
3495 5358 3615 5425 ἐγὼ
3661 5360 3730 5414 δέ

2119 5462 2299 5526 φημι,
2335 5450 2418 5503 δτι
2469 5447 2559 5501 διά
2591 5444 2752 5499 τοῦτο
2813 5441 3013 5513 μᾶλλόν
3048 5442 3166 5494 ἐστι
3215 5440 3578 5514 θαυμαστὸς,
3634 5450 3732 5504 ὃτι

2119 5540 2410 5612 ἄνθρωπος
2432 5538 2492 5590 οὐ
2522 5536 2631 5590 τῶν
2659 5532 2823 5602 ὲπισή
2833 5547 2949 5603 μων
2977 5531 3104 5601 παρ’
3136 5530 3292 5600 ὑμῶν
3316 5532 3415 5598 ῶν,
3449 5536 3577 5591 οὐδὲ
3604 5540 3731 5596 τῶν

2118 5629 2551 5701 δεδοξασμένων,
2592 5623 2820 5680 τοιαῦτα
2865 5622 3121 5687 δύναται,
3169 5620 3314 5676 ὥστε
3359 5619 3505 5681 εἶναι
3547 5630 3733 5703 δῆλον

2119 5721 2408 5787 πάντοθεν,
2454 5719 2529 5782 ὡς
2557 5717 2674 5771 ἔστι
2720 5713 3029 5785 κρείττονός
3068 5728 3216 5778 τινος
3246 5713 3567 5787 δυνάμεως,
3620 5742 3730 5797 οὐ-
