4060 6576
407 440 475 502 ΞνἹ
1113 438 1557 500 ENABRATIO
1588 439 1668 500 ΙΝ
1713 438 2216 502 EVANGELIUM
2253 440 2689 503 JOANNIS.-
2724 438 3020 528 CAP.‘IX.
3594 433 3664 498 58

408 551 604 621 δεμιᾶς
654 549 1007 620 ἀνθρωπίνης
1074 549 1329 622 βοηθείας
1376 552 1652 623 δεόμενος.
1708 550 1844 609 Εἶτα
1891 553 1986 609 καὶ

2106 556 2215 627 μιῖό
2256 556 2404 628 prius
2433 557 2688 612 dixerant
2720 557 2939 627 quidam
2970 569 3037 610 ex
3065 551 3166 619 eis,
3207 569 3226 603 ι
3263 548 3541 617 Quomodo
3572 564 3670 619 po—

411 642 600 713 ὲπειδὴ
653 642 1054 714 προλαϐόντες,
1106 639 1259 698 εῐπόν
1286 661 1433 710 τινες
1463 645 1524 711 ἐξ
1554 646 1756 701 αὐτῶν
1799 667 1817 700 ι
1859 646 1986 711 Πῶς

413 732 638 787 δύναται
715 732 1008 803 ἄνθρωπος
1076 734 1402 806 ἁμαρτωλὸς
1485 742 1687 811 σημεῖα
1765 737 1990 793 τοιαῦτα

416 824 622 890 ποιεῖνς
657 842 678 875 ι
703 823 893 879 λοιπὸν
915 827 1010 880 καὶ
1031 827 1132 898 τὴν
1155 828 1384 884 ἐκείνων
1404 832 1830 903 παραλαμϐάνει
1868 832 1990 905 κρί-

419 930 528 976 σιν,
550 915 646 967 καὶ
663 914 771 969 τῶν
793 915 1009 971 οἰκείων
1031 917 1229 983 αὐτοὺς
1261 920 1675 994 ὑπομιμνήσκει
1706 922 1988 994 ῥημάτων.

422 1026 443 1059 ι
479 1007 718 1077 Οἴδαμεν
760 1027 780 1060 ι
817 1007 951 1081 γὰρ,
985 1010 1141 1081 φησὶ,
1169 1012 1394 1079 πάντες,
1433 1032 1452 1067 ι
1488 1015 1571 1068 ὅτι
1600 1014 1941 1087 ἁμαρτωλῶν
1963 1016 1992 1070 6

418 1098 551 1163 Θεὸς
584 1100 686 1153 οὐκ
718 1099 907 1155 ἀκούει
928 1115 942 1131 ⁸
994 1101 1114 1156 ἀλλ’
1137 1103 1235 1158 ὲάν
1276 1122 1363 1169 τις
1412 1105 1676 1177 θεοσεϐὴς
1706 1102 1765 1181 ᾗ,
1809 1106 1904 1161 καὶ
1932 1104 1992 1160 τὸ

418 1188 631 1260 θέλημα
675 1192 843 1245 αὑτοῦ
876 1195 1025 1265 ποιῇ,
1071 1195 1262 1250 τούτου
1315 1196 1536 1253 ἀκούει.
1592 1215 1612 1249 ι
1653 1197 1853 1251 Σκόπει
1902 1213 1994 1267 μοι

420 1279 694 1348 ἐντεῦθεν,
730 1282 850 1347 πῶς
904 1284 966 1338 οὐ
1021 1284 1184 1355 μόνον
1232 1286 1522 1357 ἁμαρτιῶν
1576 1286 1852 1357 ἀπήλλαξε
1900 1287 1995 1342 τὸν

419 1369 645 1438 Κύριον,
695 1372 832 1426 ἁλλά
864 1374 962 1428 καὶ
993 1376 1201 1448 σφόδρα
1232 1377 1397 1432 αὐτὸν
1427 1379 1735 1449 ἀρέσκοντα
1765 1378 1843 1450 τῷ
1875 1377 1995 1449 Θεῷ

418 1462 681 1530 δείκνυσι,
728 1467 824 1520 καὶ
866 1468 938 1522 τὰ
973 1468 1186 1523 ἐκείνου
1237 1471 1416 1526 πάντα
1446 1472 1777 1542 πράττοντα,
1813 1472 1872 1524 ὲν
1917 1471 1997 1542 τῷ

419 1556 629 1609 εἰπεῖν·
678 1575 698 1609 ι
751 1558 897 1612 Ἀλλ’
928 1559 1022 1613 ὲὰν
1059 1578 1145 1624 τις
1173 1560 1430 1631 θεοσεϐὴς
1462 1559 1520 1638 ᾖ,
1553 1564 1649 1617 καὶ
1677 1565 1739 1618 τὸ
1783 1562 1997 1634 θέλημα

422 1647 591 1701 αὐτοῦ
615 1652 767 1722 ποιῇ.
798 1669 817 1703 ι
844 1647 977 1705 Εἶτα
999 1653 1121 1707 ἐπεὶ
1140 1653 1437 1723 ἐγίνωσκεν
1458 1656 1661 1720 αὐτοὺς
1683 1657 1999 1722 συσκιάζειν

422 1736 779 1810 βουλομένους
807 1741 869 1796 τὸ
906 1741 1128 1812 θαῦμα,
1174 1745 1337 1811 αὐτὸς
1368 1747 1565 1817 πολλῆς
1603 1748 1874 1813 συνέσεως
1902 1748 1998 1818 γέ-

423 1847 564 1900 μων,
592 1835 693 1905 τὴν
722 1835 1469 1913 εὐερῃσίανιάνακηρύττειο
1507 1860 1525 1892 ι
1562 1840 1627 1894 Εἰ
1671 1840 1746 1913 μὴ
1778 1828 1888 1912 γάρ
1927 1836 1998 1913 ἦν

2091 656 2198 704 test
2228 649 2390 703 homo
2417 658 2672 717 peccator
2696 647 2848 719 signa
2879 645 3061 702 facere
3096 643 3257 698 talia?
3286 660 3306 695 ι
3330 642 3439 713 jam
3457 634 3511 697 et
3548 640 3668 697 illo-

2091 756 2211 795 rum
2244 741 2473 796 assumit
2518 740 2810 811 judicium,
2846 740 2900 795 in
2953 734 3268 794 memoriam
3306 736 3387 791 eis
3429 735 3669 806 ipsorum

2092 835 2255 890 verba
2299 834 2586 889 reducens.
2628 851 2647 884 ι
2691 831 2910 888 Scimus
2949 850 2969 883 ι
3010 832 3178 895 enim,
3216 830 3414 900 inquit,
3456 843 3668 889 omnes,

2098 944 2118 980 ι
2167 926 2309 996 quod
2346 927 2485 982 Dens
2515 935 2832 996 peccatores
2864 939 2968 978 non
2997 923 3168 991 audit,
3207 922 3298 977 sed
3338 922 3382 978 si
3414 919 3672 994 quis_Dei

2092 1019 2268 1075 cultor
2309 1016 2510 1083 fuerit,
2540 1026 2595 1072 et
2620 1016 2951 1071 voluntatem
2986 1015 3104 1085 ejus
3136 1014 3356 1077 fecerit,
3396 1014 3537 1067 hunc
3571 1026 3669 1066 au-

2094 1107 2194 1164 dit.
2243 1126 2263 1160 ›
2299 1106 2594 1164 Considera
2626 1106 2728 1161 hoc
2764 1105 2881 1161 loco
2906 1103 3179 1175 quomodo
3210 1119 3317 1158 non
3352 1103 3522 1158 solum
3561 1104 3667 1157 Do-

2094 1198 2301 1254 minum
2350 1199 2585 1253 alienum
2624 1199 2786 1253 faciat
2832 1212 2861 1252 a
2893 1195 3153 1266 peccatis,
3206 1197 3299 1251 sed
3337 1204 3390 1249 et
3419 1195 3672 1249 oetendat

2096 1304 2220 1345 eum
2252 1289 2404 1344 valde
2438 1291 2652 1359 placere
2686 1291 2816 1357 Deo,
2850 1299 2905 1346 et
2936 1287 3225 1343 facientem
3252 1288 3429 1341 omnia
3455 1301 3574 1354 quae
3606 1285 3670 1338 ad

2097 1382 2247 1438 illum
2280 1384 2609 1453 pertineant,
2642 1382 2872 1438 dicendo
2903 1400 2917 1437 :
2948 1400 2968 1434 ι
3006 1380 3112 1436 Sed
3145 1381 3188 1435 si
3224 1379 3347 1451 quis
3379 1379 3471 1434 Dei
3504 1377 3678 1432 cultor

2100 1474 2286 1540 fuerit,
2324 1487 2378 1531 et
2428 1477 2758 1530 voluntatem
2791 1474 2913 1544 ejus
2961 1473 3173 1529 fecerit.
3208 1491 3227 1526 ι
3280 1473 3502 1539 Insuper
3548 1470 3674 1540 quia

2099 1567 2461 1638 cognoscebat
2483 1581 2577 1622 eos
2610 1565 2936 1620 adumbrare
2970 1564 3110 1620 velle
3150 1563 3502 1626 miraculum,
3561 1562 3677 1630 ipse

2099 1658 2381 1728 prudentia
2432 1657 2642 1728 plenus,
2676 1656 3086 1713 beneficentiam
3137 1653 3393 1727 przedicat
3428 1671 3442 1708 :
3478 1671 3497 1706 ι
3558 1652 3674 1707 Nisi
3744 1654 3749 1659 “

2099 1750 2244 1805 enim
2273 1751 2362 1805 ltic
2384 1764 2413 1803 ιι
2445 1748 2557 1805 Deo
2590 1748 2813 1816 fuisset,
2862 1766 2881 1802 ι
2923 1762 3029 1803 ιιοη
3064 1747 3279 1802 fecisset
3302 1744 3409 1800 tale
3441 1744 3676 1798 miracu-

2101 1839 2236 1905 lum,
2269 1840 2431 1910 quale
2483 1838 2662 1895 nullus
2708 1853 2737 1893 a
2776 1836 2994 1893 saeculo.
3045 1834 3180 1890 Nam
3235 1834 3407 1903 aperti
3460 1831 3679 1888 fuerunt

418 1913 576 1985 οὗτος
606 1922 715 1977 ἀπὸ
748 1922 907 1991 Θεοῦ,
952 1945 976 1979 ι
1011 1926 1111 1980 οὐκ
1141 1927 1208 1981 ἂν
1241 1928 1430 1999 θαῦμα
1467 1929 1755 2000 τηλικοῦτο
1802 1931 1994 2002 εἰργά-

2109 1930 2358 1997 fortassis
2390 1945 2657 1986 caecorum
2699 1929 2860 1992 oculi,
2897 1928 2991 1983 sed
3023 1926 3099 1983 illi
3131 1941 3237 1982 non
3269 1923 3486 1979 fuerunt
3515 1938 3543 1977 a
3577 1937 3676 1976 na-

424 2029 590 2079 σατο,
639 2010 753 2068 οἷον
783 2016 961 2082 οὐδεὶς
1000 2018 1112 2072 τῶν
1141 2020 1238 2074 ἀπ’
1271 2022 1488 2085 αἰῶνος.
1532 2022 1860 2094 Ἠνοίγησαν
1893 2023 2000 2097 μὲν

420 2103 533 2175 γὰρ
571 2104 842 2173 ὀφθαλμοὶ
872 2107 1092 2180 τυφλῶν
1121 2111 1306 2183 τυχὸν,
1337 2110 1456 2166 ἀλλ’
1495 2112 1595 2166 οὐκ
1634 2114 1742 2168 ἀπὸ
1770 2116 1999 2185 γενετῆς

424 2199 840 2270 πεπηρωμένοι.
879 2201 989 2255 ἀπό
1030 2219 1181 2267 τινος
1230 2203 1288 2258 δὲ
1329 2205 1571 2268 πάθως’
1602 2204 1760 2260 τοῦτο
1793 2206 1850 2259 δέ
1881 2208 1999 2261 ἐστι

419 2287 482 2340 τὸ
516 2287 690 2356 ξένον,
725 2289 754 2344 δ
786 2290 884 2345 νῦν
915 2292 1158 2361 ἐγένετο.
1211 2294 1487 2366 Πρόδηλον
1514 2294 1629 2359 οὖν,
1677 2296 1761 2350 ὃτι
1797 2296 2003 2367 μείζων

420 2377 453 2447 ἢ
489 2381 630 2432 κατὰ
655 2380 944 2451 ἄνθρωπόν
977 2384 1127 2438 ἐστιν
1154 2386 1184 2438 6
1212 2383 1503 2456 τηλικοῦτο
1530 2385 1715 2457 θαῦμα
1747 2387 1997 2451 τελέσας.

432 2471 575 2526 Ἀλλ’
605 2473 872 2541 ἀποροῦσί
912 2493 1056 2541 τινες
1099 2476 1316 2548 ψυχρὰν
1365 2479 1463 2533 καὶ
1511 2480 1833 2549 σοφιστικὴν
1861 2482 2002 2535 ἀπο-

423 2562 567 2635 ρίαν.
603 2564 747 2630 Πῶς,
782 2566 972 2635 φασὶν,
1017 2564 1195 2635 εἶπεν,
1225 2569 1308 2623 ὅτι
1343 2589 1362 2622 ι
1419 2569 1788 2643 Ἀμαρτωλῶν
1812 2575 1841 2627 6
1869 2573 2002 2639 Θεὸς

421 2655 524 2710 οὐκ
571 2657 798 2725 ἀκούεις
841 2677 860 2711 ι
901 2660 1010 2714 Καὶ
1066 2662 1173 2730 μὴν
1216 2662 1529 2732 εὐχομένων
1578 2664 2001 2737 συγχωρηθῆναι

421 2746 523 2810 τὰς
559 2748 835 2820 ἁμαρτίας
868 2750 1161 2804 ἐπακούει·
1199 2752 1585 2824 φιλάνθρωπος
1617 2754 1728 2825 γάρ
1759 2756 1901 2813 ἐστι.
1935 2755 2002 2810 Tt

425 2838 522 2892 οὖν
545 2841 683 2905 ἐστι,
716 2840 903 2909 φασὶν,
940 2841 970 2895 6
993 2843 1229 2898 ἐνταῦθα
1252 2844 1426 2914 λέγει,
1453 2847 1535 2901 ὅτι
1571 2866 1590 2900 ι
1631 2848 2002 2920 Ἀμαρτωλῶν

425 2933 456 2985 6
490 2931 618 2996 Θεὸς
657 2933 760 2987 οὐκ
807 2934 1034 3003 ἀκούει;
1088 2953 1108 2988 ι
1164 2936 1313 2991 Ἐδει
1365 2938 1464 3009 μὲν
1511 2938 1647 3011 πρὸς
1683 2940 2003 2995 τὰτοιαῦτα

428 3024 566 3097 μηδὲ
591 3027 983 3099 ἀποκρίνεσθαι
1007 3044 1023 3064 ο
1050 3029 1202 3100 ὅμως
1238 3030 1431 3101 ῥητέον
1460 3033 1544 3086 ὅτι
1573 3032 1634 3085 τὸ
1664 3032 2004 3105 ἁμαρτωλῶν

427 3119 508 3189 μὴ
541 3117 761 3174 ἀκούειν
797 3120 889 3176 τὸν
933 3120 1087 3189 Θεὸν,
1121 3122 1278 3176 τοῦτο
1323 3124 1616 3196 σημαίνει,
1646 3125 1731 3179 δτι
1776 3127 1805 3179 6
1870 3126 2007 3193 Θεὸς

429 3215 637 3327 σημεῖα
673 3214 1007 3327 ἐργάζεσθαι
1037 3218 1150 3282 τοῖς
1183 3216 1530 3288 ἁμαρτωλοῖς
1567 3219 1629 3271 οὐ
1660 3218 1893 3275 δίδωσιν.
1927 3221 2003 3276 Οὐ
2033 3265 2077 3327 c

425 3308 539 3374 γάρ
566 3308 836 3378 ἐνοικήσει
880 3308 940 3363 τὸ
973 3309 1194 3380 Πνεῦμα
1219 3309 1315 3365 τοῦ
1347 3309 1483 3365 Θεοῦ
1517 3314 1575 3366 ἐν
1600 3312 1813 3384 σώματι
1835 3331 2007 3371 καιτα-

423 3398 573 3468 χρέρ
608 3400 931 3471 ἁμαρτίαις.
984 3403 1327 3473 Αίτουμένων
1380 3404 1564 3474 μέντοι
1596 3405 1794 3478 ἄφεσιν
1819 3409 2004 3480 ἀμαρ-

425 3490 564 3544 τιῶν
591 3491 807 3561 ἀληθῶς
851 3492 946 3547 καὶ
977 3494 1087 3549 ἀπὸ
1139 3494 1388 3566 καρδίας,
1439 3497 1735 3565 είσακούει,
1789 3503 1887 3572 οὐχ
1928 3501 2006 3567 ὡς

426 3578 790 3649 ἁμαρτωλῶν,
830 3580 947 3634 ἀλλ’
994 3581 1069 3657 ῶς
1101 3584 1535 3652 μετανοούντων.
1581 3588 1751 3659 Ὀμοῦ
1781 3608 1841 3644 τε
1894 3591 2005 3664 γὰρ

426 3668 706 3724 αἰτοῦνται
734 3671 833 3742 τὴν
863 3671 1078 3742 ἄφεσιν,
1108 3675 1205 3730 καὶ
1232 3677 1575 3750 μετέστησαν
1625 3681 1733 3735 ἀπὸ
1764 3683 1865 3753 τῆς
1894 3682 2005 3737 τῶν

427 3763 771 3835 ἁμαρτωλῶν
805 3766 1011 3832 τάξεως
1037 3767 1119 3832 είς
1166 3769 1265 3843 τὴν
1309 3769 1419 3825 τῶν
1453 3773 1877 3843 μετανοούντων.
1912 3774 2008 3829 Ei-

428 3856 608 3921 κότως
637 3856 731 3911 οὖν
776 3858 1028 3932 εἴρηται,
1070 3863 1154 3916 ὅτι
1209 3881 1229 3914 ‹
1273 3862 1644 3937 ’Δμαρτωλῶν
1685 3866 1714 3919 6
1747 3866 1879 3931 Θεὸς
1905 3867 2005 3921 οὐκ

429 3948 641 4006 ἀκούει.
679 3971 699 4004 ι
731 3949 869 4006 Οὔτε
901 3953 1010 4025 γὰρ
1061 3954 1413 4028 ἁμαρτωλοῖς
1458 3957 1645 4013 δίδωσι
1691 3959 1791 4032 τὴν
1843 3962 2005 4034 χάριν

427 4043 540 4097 τῶν
576 4043 840 4115 σημείων.
876 4045 1000 4109 Πῶς
1044 4046 1174 4119 γὰρ,
1222 4048 1352 4115 οὓς,
1391 4049 1490 4103 καὶ
1526 4050 1622 4103 ὲάν
1669 4052 2006 4124 αἰτήσωνται

430 4151 562 4187 ποτε
592 4135 721 4205 περί
752 4152 898 4198 τινος
921 4135 1189 4203 τοιούτου,
1225 4140 1393 4208 μισεῖ,
1426 4140 1502 4203 ὡς
1529 4139 1598 4193 τὰ
1627 4143 1793 4212 μηδὲν
1819 4142 2006 4207 αὐτοῖς

433 4228 781 4295 προσήκοντα
821 4228 1313 4299 σῳετεριζομένους
1338 4246 1353 4297 ;
1378 4231 1475 4285 καὶ
1503 4232 1599 4287 ὲὰν
1627 4232 1801 4303 ἀκούῃ
1833 4232 1891 4287 δὲ
1922 4234 2007 4287 αἰ-

433 4316 710 4388 τουμένων
745 4317 958 4386 ἄφεσιν,
992 4319 1094 4389 οὐχ
1122 4318 1198 4382 ὡς
1227 4319 1593 4391 ἁμαρτωλῶν,
1638 4322 1753 4377 ἀλλ’
1780 4323 1857 4389 ὡς
1909 4341 2007 4395 με·

433 4409 767 4465 τανοούντων
788 4408 1000 4464 ἀκούει.
1039 4411 1239 4465 Σκόπει
1264 4412 1323 4466 δὲ
1347 4412 1466 4477 πῶς
1494 4410 1670 4484 εἶπεν,
1701 4417 1783 4470 ὅτι
1821 4435 1841 4469 ι
1879 4416 2006 4471 Ἐάν

431 4519 519 4563 τις
557 4501 815 4573 θεοσεϐὴς
844 4500 902 4575 ᾖ,
945 4521 964 4555 ι
1007 4505 1103 4558 καὶ
1134 4505 1475 4576 προσέθηκε,
1512 4525 1533 4561 ι
1579 4508 1760 4565 καὶτὸ
1792 4509 2007 4581 θέλημα

2100 2024 2311 2080 tivitate
2342 2019 2506 2094 65.0
2542 2019 2668 2075 caeci
2692 2059 2709 2087 ,
2743 2019 2835 2075 sed
2864 2018 2971 2073 alio
3018 2017 3251 2088 quodam
3289 2024 3484 2070 eventu
3529 2029 3544 2067 :
3576 2012 3680 2066 hoc

2099 2124 2281 2172 autem
2316 2130 2523 2179 rarum,
2554 2113 2699 2183 quod
2734 2127 2876 2166 nunc
2923 2110 3126 2166 factum
3174 2119 3278 2163 est.
3323 2105 3674 2162 Manifestum

2099 2207 2263 2279 igitur
2293 2205 2439 2275 quod
2463 2182 2634 2270 major
2656 2217 2821 2272 quam
2848 2200 3098 2256 homines
3121 2208 3268 2263 sunt,
3292 2195 3418 2252 talis
3447 2195 3561 2259 est',
3584 2182 3681 2263 qui

2102 2297 2423 2354 miraculum
2454 2295 2604 2351 fecit.
2637 2294 2745 2350 Sed
2789 2301 3040 2364 quaerunt
3072 2291 3288 2362 quidam
3332 2287 3582 2359 frigidam
3620 2294 3677 2341 et

2101 2390 2450 2460 sophisticam
2486 2387 2862 2458 qumstionem:
2894 2383 3178 2453 Quomodo
3211 2381 3368 2445 dixit,
3401 2379 3675 2447 inquiunt,

2099 2486 2242 2556 quod
2261 2491 2576 2555 peccatores
2602 2482 2744 2539 Deus
2774 2496 2879 2536 non
2927 2478 3131 2544 audiat,
3184 2491 3306 2531 cum
3371 2473 3556 2528 audiat
3583 2486 3680 2525 eos

2100 2586 2384 2650 precantes
2413 2586 2471 2633 ut
2498 2577 2847 2631 remittantur
2887 2571 3144 2644 peccata?
3182 2569 3317 2624 Nam
3367 2567 3680 2623 misericors

2100 2671 2257 2727 est“.
2313 2668 2455 2738 Quid
2507 2669 2675 2741 igitur
2705 2677 2812 2732 est,
2840 2666 3049 2732 dicunt,
3073 2664 3216 2735 quod
3239 2664 3357 2739 hoc_
3370 2659 3490 2716 loco
3515 2658 3678 2725 dicit,

2108 2785 2128 2819 ι
2159 2765 2484 2820 Peccatores
2520 2778 2626 2819 non
2653 2759 2840 2815 audit?
2872 2778 2890 2811 ι
2926 2757 3220 2828 Oportebat
3249 2764 3429 2809 autem
3453 2751 3519 2807 ad
3552 2750 3683 2806 talia

2102 2872 2173 2913 ne
2233 2856 2564 2929 respondere
2611 2852 2873 2924 quidem;
2937 2849 3375 2920 respondendum
3437 2852 3678 2899 tamen:

2103 2951 2258 3022 Quod
2295 2954 2314 3004 ι
2352 2952 2496 3006 Deus
2521 2958 2838 3018 peccatores
2861 2960 2966 3001 non
2996 2943 3168 3010 audit,
3203 2961 3223 2995 ι
3252 2942 3354 2996 hoc
3385 2935 3680 3008 signiﬁcat,

2104 3043 2249 3114 quod
2301 3041 2444 3097 Deus
2494 3054 2604 3095 non
2664 3034 2917 3093 concedit
2966 3030 3346 3103 peccatoribus
3399 3028 3682 3097 signorum

2107 3113 2516 3208 operationem.
2558 3149 2578 3183 ι
2628 3128 2745 3184 Non
2782 3127 2926 3183 enim
2964 3125 3172 3180 habitat
3209 3120 3442 3191 Spiritus
3486 3116 3578 3171 Dei
3627 3113 3684 3169 in

2114 3238 2342 3297 corpore
2370 3222 2586 3279 subdito
2614 3218 2850 3290 peccatis
2871 3216 2940 3271 “.
2981 3234 3000 3267 ι
3044 3213 3207 3269 Audit
3252 3210 3417 3280 igitur
3438 3211 3684 3277 petentes

2114 3316 2488 3375 remissionem
2525 3320 2873 3385 peccatorum
2906 3320 3034 3362 vere
3064 3314 3118 3360 et
3147 3318 3213 3359 ex
3254 3302 3438 3364 corde,
3475 3311 3584 3352 non
3626 3304 3687 3349 ut

2114 3420 2452 3484 peccatores,
2496 3409 2591 3461 scd
2641 3411 2700 3458 ιιι
2735 3400 3081 3474 pmnitentes.
3127 3393 3263 3450 Nam
3315 3389 3477 3447 simul
3522 3397 3687 3456 atque

2110 3481 2401 3575 petiverint
2456 3494 2872 3558 remissionem,
2916 3487 3318 3545 transferuntur
3368 3484 3436 3538 ab
3490 3481 3683 3538 ordine

2112 3574 2458 3667 peccatorum
2492 3592 2544 3646 in
2575 3587 2826 3644 ordinem
2871 3581 3270 3653 paenitentiam.
3303 3574 3684 3632 Vcrisimilitur

2113 3689 2280 3761 igitur
2307 3686 2510 3739 dictum
2568 3688 2656 3737 est
2708 3678 2850 3750 quod
2902 3677 3043 3731 Deus
3083 3683 3402 3744 peccatores
3434 3682 3539 3724 non
3589 3682 3689 3720 au-

2113 3760 2250 3836 diat.
2316 3777 2501 3847 Neque
2559 3772 2703 3829 enim
2731 3766 3108 3842 peccatoribus
3136 3766 3226 3820 dat
3253 3762 3479 3835 gratiam
3502 3760 3688 3827 signo-

2111 3887 2256 3928 rum.
2305 3866 2588 3936 Quomodo
2631 3865 2777 3920 enim
2829 3859 3043 3916 audiret
3097 3870 3235 3928 quos
3296 3855 3422 3910 odio
3484 3852 3683 3916 habet,

2112 3960 2329 4019 etiamsi
2362 3958 2654 4032 petiverint
2684 3952 2980 4024 aliquando
3011 3950 3080 4006 de
3127 3964 3185 4005 re
3222 3949 3473 4017 quapiam
3504 3944 3689 3999 istius-

2114 4057 2282 4124 modi,
2315 4063 2575 4123 tanquam
2610 4064 2674 4106 ea
2704 4048 2811 4103 sibi
2842 4061 2962 4116 qua:
2997 4044 3219 4099 minime
3251 4039 3580 4095 conveniunt
3605 4044 3690 4091 at-

2116 4151 2454 4212 tribuentes?
2487 4148 2555 4204 Et
2597 4144 2846 4217 quamvis
2876 4142 3063 4197 audiat
3114 4147 3359 4210 petentes
3407 4134 3688 4190 remissio-

2112 4262 2262 4312 nem,
2294 4258 2406 4299 non
2436 4251 2617 4297 tamen
2654 4247 2712 4293 ut
2744 4244 3092 4307 peccatores,
3129 4230 3227 4287 sed
3263 4239 3323 4284 ut
3359 4226 3688 4299 paenitentvs

2113 4333 2283 4389 audit.
2326 4329 2621 4386 Considera
2669 4334 2849 4381 autem
2914 4322 3188 4394 quomodo
3248 4319 3466 4384 dixerit,
3530 4335 3550 4370 ι
3628 4315 3687 4371 Si

2113 4428 2235 4497 quis
2266 4422 2358 4479 Dei
2384 4421 2560 4479 cultor
2590 4419 2774 4486 fuerit,
2815 4436 2833 4470 ι
2863 4426 2919 4473 et
2938 4431 3062 4471 mox
3088 4415 3418 4486 apposuerit,
3451 4431 3470 4465 ι
3506 4420 3562 4466 et
3591 4426 3686 4464 vo-

2114 4517 2373 4573 luntatem
2402 4511 2518 4583 ejus
2535 4511 2761 4568 fecerit:
2798 4527 2817 4561 ι
2854 4507 3005 4563 multi
3035 4507 3178 4562 enim
3198 4506 3289 4562 Dei
3309 4505 3540 4561 cultores
3564 4502 3687 4572 qui-

435 4594 602 4648 αὑτοῦ
634 4596 787 4664 ποιῇ.
828 4613 848 4646 ι
881 4593 1073 4649 Πολλοὶ
1106 4597 1235 4667 γὰρ,
1263 4596 1540 4664 θεοσεϐεῖς
1571 4600 1670 4671 μὲν
1697 4603 1824 4668 εἰσὶ,
1838 4605 1900 4660 τὸ
1920 4606 2004 4661 θέ-

2115 4609 2234 4663 tlem
2257 4614 2404 4672 sunt,
2422 4604 2750 4660 voluntatem
2771 4609 2948 4655 autem
2972 4598 3065 4655 Dei
3091 4614 3196 4655 non
3221 4597 3442 4652 faciunt.
3468 4595 3694 4667 Oportet

433 4685 586 4758 λημα.
612 4686 671 4740 δὲ
698 4685 790 4740 τοῦ
820 4686 954 4740 Θεοῦ
978 4687 1040 4741 οὐ
1067 4688 1300 4744 ποιοῦσι.
1323 4692 1415 4744 Δεῖ
1444 4692 1501 4745 δὲ
1515 4692 1807 4767 ἀμφότερα
1837 4717 2007 4771 προσ.

437 4796 597 4847 ειναι,
639 4779 735 4832 καὶ⁸
773 4778 1100 4844 θεοσέϐειαν,
1145 4783 1239 4837 καὶ
1279 4783 1586 4856 θελήματος
1633 4787 1770 4843 Θεοῦ
1798 4792 2007 4866 ἐκπλή-

439 4888 631 4943 ρωσιν,
689 4871 811 4943 ήτοι
855 4873 1039 4926 πίστιν
1097 4875 1194 4929 καὶ
1248 4874 1405 4945 ἔργα,
1454 4876 1521 4949 ἢ,
1583 4878 1659 4942 ὡς
1711 4882 1741 4936 6
1796 4883 2010 4950 Παῦλος

438 4962 720 5034 ὀνομάζει,
748 4981 768 5014 ι
782 4961 963 5018 πίστιν
989 4965 1083 5018 καὶ
1093 4964 1301 5036 ἀγαθὴν
1316 4967 1674 5039 συνείδησιν-ι
1696 4974 2008 5042 κεφαλαιω-

440 5053 693 5125 δέστερον
739 5052 795 5107 δὲ
836 5055 1036 5120 εἰπεῖν,
1078 5052 1313 5125 θεωρίαν
1345 5056 1441 5109 καὶ
1478 5058 1698 5128 πρᾶξιν.
1729 5061 1861 5114 Τότε
1902 5061 2010 5135 γάρ

450 5148 621 5210 ὅντως
659 5146 728 5218 ζῇ
776 5149 811 5215 ή
861 5147 1065 5213 πίστις,
1101 5146 1190 5201 ὅτε
1222 5148 1318 5201 καὶ
1349 5149 1416 5203 τὰ
1458 5149 1595 5223 ἔργα
1637 5150 1751 5223 ἔχει
1783 5152 1855 5207 τὰ
1882 5154 2011 5210 0εά-

445 5256 631 5311 ρεστα,
664 5239 725 5304 ιξ
752 5231 828 5294 ὧν
848 5240 883 5311 ή
911 5239 1092 5310 ἀγαθὴ
1114 5240 1418 5313 συνείδησις
1437 5243 1794 5314 περιγίνεται,
1823 5246 2012 5320 ῶσπερ

444 5333 555 5388 ἀπὸ
582 5332 694 5388 τῶν
722 5332 979 5404 πονηρῶν
1011 5331 1189 5404 ἔργων
1224 5335 1256 5403 ή
1303 5335 1516 5406 πονηρὰ
1552 5337 1855 5408 συνείδησις
1873 5353 1888 5370 ο
1915 5342 2010 5396 καὶ

444 5422 514 5478 αὖ
541 5424 611 5478 τὰ
643 5421 779 5492 ἔργα
807 5422 928 5476 τότε
944 5420 1037 5493 ζῇ.
1066 5421 1157 5474 ὅτε
1186 5420 1283 5476 καὶ
1309 5421 1497 5477 πίστιν
1520 5423 1654 5494 ἔχει·
1683 5424 2021 5496 χωρισθέντα

447 5518 505 5572 δὲ
541 5517 638 5571 ἀπ’
660 5515 929 5586 ἀλλήλων,
955 5515 1129 5586 νεκρά
1147 5515 1299 5569 ιστιο
1329 5516 1471 5570 καθὰ
1494 5518 1731 5589 εἴρηταισ
1771 5536 1791 5569 ι
1830 5518 2020 5582 Πίστις

449 5606 1032 5678 χωρὶςέργων,νεκρὰ’
1061 5624 1081 5657 ι
1118 5604 1214 5660 καὶ
1242 5604 1401 5678 ἔργα,
1431 5606 1556 5677 δίχα
1588 5607 1845 5670 πίστεως.
1876 5608 2020 5678 Ὅρα

449 5700 505 5754 δέ
538 5717 629 5772 μοι
658 5699 890 5764 καὶπῶς
917 5701 951 5770 ή
982 5698 1209 5772 ἀλήθεια
1228 5701 1703 5772 παρρησιάζεσθαι
1728 5701 1912 5756 δίδωσι
1938 5700 2017 5773 τῷ

2111 4711 2292 4758 autem
2323 4710 2551 4768 utraque
2579 4696 2798 4763 adesse,
2831 4692 2927 4751 Dei
2950 4694 3175 4757 cultum,
3201 4700 3257 4746 et
3286 4689 3580 4745 voluntatis
3606 4686 3692 4741 di-

2112 4795 2253 4847 vina).
2274 4788 2740 4859 adimpletionem,
2775 4786 2827 4842 id
2856 4794 2940 4842 est
2968 4785 3128 4840 fidem
3160 4793 3215 4838 et
3244 4797 3406 4852 opera
3443 4795 3457 4833 :
3488 4779 3569 4834 vel
3596 4776 3692 4851 [ut

2112 4880 2315 4936 Paulus
2367 4875 2669 4951 [nominat]
2719 4893 2738 4926 ι
2781 4875 2965 4941 fidem,
3049 4882 3104 4929 et
3159 4874 3353 4927 bonam
3409 4869 3692 4925 conscien-

2115 4973 2244 5027 tiam
2273 4970 2354 5027 “:
2395 4989 2414 5022 ι
2444 4969 2527 5026 vel
2546 4968 2760 5025 brevius
2787 4968 3040 5031 dicendo,
3079 4966 3344 5022 theoriam
3377 4974 3432 5019 et
3473 4962 3687 5033 praxin.

2116 5058 2271 5115 Tunc
2297 5058 2441 5115 enim
2481 5071 2667 5114 revera
2699 5058 2831 5113 vivit
2864 5056 3020 5121 ﬁdes,
3053 5056 3293 5128 quando.
3315 5068 3479 5124 opera
3528 5052 3694 5108 habet

2117 5152 2227 5207 Deo
2257 5150 2587 5222 placentia,e
2605 5150 2802 5221 quibus
2816 5149 2952 5205 bona
2986 5147 3321 5204 conscientia
3355 5163 3371 5214 ;
3415 5146 3686 5211 nascitur,

2113 5244 2253 5298 sicut
2284 5257 2314 5296 a
2347 5242 2504 5298 malis
2546 5241 2805 5312 operibus
2832 5241 2968 5296 mala
3000 5239 3334 5296 conscientia
3362 5255 3378 5305 ;
3410 5247 3466 5293 et
3500 5251 3692 5292 rursus

2114 5349 2278 5406 Opera
2302 5344 2432 5391 tunc
2451 5335 2657 5401 vivunt,
2683 5336 2900 5407 quando
2923 5334 3081 5388 fidem
3106 5331 3415 5399 habuerint,
3440 5339 3695 5403 separata

2120 5438 2302 5484 autem
2338 5427 2406 5484 ab
2457 5428 2689 5484 invicem
2723 5438 2937 5483 mortua
2977 5436 3125 5485 sunt.
3170 5425 3321 5483 Sicut
3353 5425 3572 5498 quando
3607 5431 3693 5479 est

2125 5540 2146 5574 ‹
2187 5521 2322 5578 fides
2351 5523 2471 5578 sine
2502 5523 2784 5591 operibus,
2809 5530 3022 5578 mortua
3046 5528 3129 5577 est
3150 5520 3218 5588 “,
3257 5540 3276 5573 ι
3304 5530 3359 5576 et
3382 5535 3544 5592 opera
3573 5518 3696 5574 sine

2120 5613 2225 5671 ﬁde
2271 5623 2485 5670 mortua
2527 5620 2676 5669 sunt.
2727 5611 2866 5667 Vide
2923 5620 3104 5666 autem
3158 5598 3432 5682 quomodo
3485 5610 3693 5666 veritas

2118 5704 2370 5761 mendico
2412 5703 2612 5762 nullius
2655 5703 2915 5761 momenti
2966 5701 3210 5760 conferat
3258 5704 3561 5761 libertatem
3605 5700 3685 5756 di-

522 5842 705 5939 "Jac.
736 5900 793 5951 v,
824 5883 911 5941 ιι.
941 5883 985 5917 ιι
1020 5882 1147 5955 Sap.
1188 5900 1226 5950 ι,
1268 5885 1319 5940 ι.
1396 5886 1439 5919 ι·
1472 5883 1512 5940 tt
1555 5884 1693 5942 Tim.
1729 5901 1770 5953 ι,
1802 5886 1856 5942 5.
1935 5884 1980 5918 η
2010 5882 2124 5940 Jac.
2163 5883 2339 5953 11,20.
