4060 6652
313 436 388 501 59
1230 434 1332 494 ΤΗ
1343 430 1809 495 EOPIIYLACTI
1845 429 2255 491 BULGARIE
2296 432 2656 493 ARCHlEP.
3501 431 3573 492 ιο

284 548 495 617 ‘cendi,
538 556 594 604 et
626 546 983 617 redarguendi
1023 561 1117 603 eos
1147 548 1238 617 qui
1275 549 1416 618 apud
1457 549 1675 604 .lmlaeus
1707 547 1882 615 «tingui

2005 547 2189 619 ἐπαίτῃ
2224 548 2302 618 τῷ
2352 550 2565 611 οὐδενὸς
2614 548 2772 613 λόγου
2803 548 2972 619 ἀξίῳ,
3032 548 3127 602 καὶ
3177 547 3391 617 ἐλέγχει
3441 546 3572 609 τοὺς

313 650 367 696 et
398 639 667 696 honorati.
723 640 800 695 Ita
849 656 1039 709 magna
1087 636 1204 708 ejus
1250 641 1421 695 virtus
1456 640 1597 696 sicut
1644 652 1695 693 et
1741 655 1893 693 Illetl-

316 730 533 787 dacium
560 730 826 786 libertatis
862 728 1104 785 carentia
1127 771 1140 793 ,
1168 741 1221 785 et
1251 730 1568 785 humiliatus
1600 746 1779 785 sermo
1803 747 1892 784 se-

315 820 523 895 quitur.

386 914 548 973 Vens.
596 912 784 971 54—38.
830 932 847 965 ι
897 912 1312 984 Responderunt
1355 922 1411 969 et
1458 910 1714 969 dixerunt
1767 915 1815 968 ei
1874 933 1888 969 :

315 1005 374 1061 In
410 1010 645 1077 peccatis
697 1018 858 1061 natus
921 1022 981 1062 es
1035 1015 1217 1073 totus,
1260 1015 1315 1060 et
1360 1014 1415 1058 tu
1461 1007 1622 1061 doces
1654 1006 1790 1061 nos?
1827 1004 1893 1059 Et

317 1101 597 1171 cjccerunt
629 1108 751 1154 eum
791 1099 956 1153 foras.
988 1096 1208 1154 Audivit
1241 1094 1401 1154 .lesus
1432 1099 1575 1167 quod
1605 1099 1896 1169 ejecisseut

315 1209 439 1246 tum
486 1191 634 1245 foras
669 1209 682 1246 :
716 1207 949 1259 eumque
981 1188 1273 1245 invenisset
1312 1206 1457 1256 eum,
1490 1188 1625 1245 dixit
1665 1189 1715 1244 ei
1762 1208 1775 1244 :
1812 1189 1891 1244 Tu

317 1283 495 1338 credis
527 1281 579 1334 in
609 1278 804 1336 Filium
840 1279 968 1334 Dei?
996 1280 1294 1347 Respondit
1336 1279 1422 1336 ille
1460 1291 1515 1335 et
1543 1282 1681 1335 dixit
1711 1299 1723 1335 :
1759 1281 1893 1348 Quis

315 1385 424 1437 est,
456 1373 701 1436 Domine,
738 1382 795 1427 ut
827 1373 1044 1427 credam
1079 1374 1130 1427 in
1163 1373 1323 1427 cum?
1355 1371 1418 1426 Et
1449 1372 1582 1427 dixit
1605 1375 1653 1428 ei
1677 1371 1838 1428 Jesus
1872 1391 1888 1429 :

317 1464 383 1518 Et
409 1464 587 1519 vidisti
616 1480 758 1527 eum,
790 1475 842 1518 et
874 1464 967 1534 qui
1001 1464 1240 1533 loquitur
1286 1474 1489 1529 tecum,
1530 1466 1645 1535 ipse
1693 1473 1795 1520 est.
1828 1468 1896 1519 At

319 1555 410 1610 ille
435 1557 546 1611 aito:
570 1556 767 1621 Credo,
795 1557 1038 1612 Domine.
1064 1554 1129 1611 Et
1155 1557 1402 1611 adoravit
1424 1574 1568 1614 eum.
1600 1578 1618 1611 ι
1647 1556 1892 1625 Quandiu

319 1654 612 1715 sperabant
658 1648 725 1701 ab
765 1647 987 1702 homine
1033 1649 1175 1717 quod
1215 1648 1297 1704 eis
1349 1658 1503 1719 grata
1556 1649 1891 1718 loqueretur,

320 1741 661 1795 advocabant
698 1756 820 1795 eum
852 1752 906 1795 et
942 1741 1374 1810 interrogabant,
1406 1741 1570 1813 idque
1599 1758 1762 1811 stepe.
1788 1740 1895 1800 Ubi

322 1842 503 1884 autem
545 1841 884 1903 agnoverunt
912 1848 1035 1887 eum
1076 1848 1141 1886 ex
1177 1834 1451 1902 responsis
1483 1850 1586 1889 non
1609 1834 1768 1907 641
1808 1850 1896 1889 sa-

324 1938 456 1992 pere
488 1938 608 1992 quze
636 1922 871 1987 illorum,
896 1924 990 1977 sed
1031 1922 1211 1979 favere
1253 1925 1466 1980 veritati
1496 1942 1510 1979 :
1537 1939 1897 1983 contemnunt

322 2012 541 2084 quidem
568 2013 742 2080 illum,
771 2026 958 2085 ntpute
990 2016 1041 2068 in
1070 2018 1308 2086 peccatis
1342 2026 1548 2082 natum,
1579 2018 1896 2085 insipienter

322 2102 543 2162 omnino
586 2104 882 2162 caecitatem
926 2108 973 2162 ei
1009 2107 1362 2177 objicieutes,
1410 2119 1464 2164 et
1516 2111 1895 2166 existimantes

320 2201 464 2269 quod
492 2200 649 2270 quasi
674 2201 1021 2265 maledictus,
1045 2212 1098 2258 et
1123 2213 1249 2258 ante
1279 2205 1616 2259 nativitatem
1640 2206 1901 2259 condem-

321 2303 483 2348 natus
521 2302 664 2347 esset
691 2303 750 2348 ut
778 2309 955 2350 caecus
988 2306 1305 2349 nasceretur
1341 2313 1357 2350 :
1395 2296 1445 2350 id
1488 2298 1634 2365 quod
1687 2297 1900 2353 ratione

321 2384 563 2440 carebat.
612 2385 845 2455 Ejiciunt
872 2397 1050 2442 autem
1095 2388 1245 2442 illum
1294 2400 1447 2444 extra
1499 2389 1793 2460 templum,
1840 2402 1900 2446 ut

323 2475 694 2530 Confessorem
728 2469 996 2544 veritatis,
1032 2476 1125 2531 ﬁlii
1179 2478 1466 2533 mendacii.
1502 2479 1610 2534 Sed
1656 2481 1777 2535 vide
1817 2480 1899 2535 lu-

322 2583 499 2621 crum.
531 2564 752 2635 Ejectus
781 2579 863 2624 est
895 2583 960 2622 ex
993 2566 1214 2637 templo,
1246 2578 1299 2623 et
1326 2571 1508 2625 statim
1543 2571 1748 2626 invenit
1774 2589 1896 2628 eum

324 2652 589 2714 Dominus
618 2660 822 2730 templi.
855 2656 1213 2732 Contemptus
1257 2659 1361 2717 luit
1400 2664 1657 2735 opinione
1686 2666 1899 2722 illorum

325 2762 545 2820 propter
574 2752 852 2808 Christum
876 2795 891 2820 ,
927 2762 981 2809 et
1022 2754 1321 2811 honoratus
1347 2767 1429 2813 est
1469 2759 1744 2829 agnitione
1775 2761 1901 2823 Filii

329 2840 444 2899 Dei.
468 2843 675 2900 Invenit
698 2846 843 2902 enim
874 2847 1046 2913 illum,
1074 2849 1268 2917 inquit,
1295 2848 1475 2916 Jesus,
1500 2854 1901 2923 quodammodo

326 2936 511 2994 dedita
544 2956 707 3011 Opera
740 2944 805 2996 ad
840 2942 943 2997 hoc
972 2943 1217 3007 veniens,
1251 2954 1309 2998 ut
1335 2946 1485 3001 illum
1525 2950 1902 3005 consolaretur

325 3033 478 3103 quasi
520 3035 873 3104 agonotbetes
906 3035 1166 3091 athletam
1206 3039 1297 3108 qui
1347 3038 1576 3093 multum
1617 3041 1902 3099 laborave-

326 3134 430 3185 rat,
465 3134 520 3179 et
546 3138 863 3181 coronatum
898 3128 1222 3198 suscipiens.
1253 3130 1321 3184 Et
1354 3130 1484 3201 quid
1519 3133 1688 3188 dicit?
1714 3153 1733 3187 ι
1769 3134 1901 3191 Cre-

1997 640 2148 710 παρὰ
2181 642 2294 701 τοῖς
2331 638 2601 703 Ἰουδαίοις
2636 639 2904 707 μεγάλους
2937 638 3033 693 καὶ
3077 638 3332 708 ἐντίμους
3353 654 3368 669 ·
3422 636 3568 690 οὕτω

2000 734 2215 806 μεγάλη
2261 734 2466 803 ταύτης
2509 737 2542 805 ὴ
2575 733 3037 804 δύναμις,ῶσπερ
3082 732 3176 785 καὶ
3218 728 3312 784 τοῦ
3340 727 3571 799 ψεύδους

1995 828 2031 897 ὴ
2060 826 2292 896 συστολὴ
2321 828 2416 880 καὶ
2443 825 2503 879 τὸ
2533 823 3009 897 ἀπαρρησίαστον.
3058 829 3062 833 ’

2071 939 2090 972 ι
2133 920 2542 990 Ἀπεκρίθησαν
2589 921 2683 973 καὶ
2712 913 2865 970 εἷπον
2908 914 3090 986 αὐτῷ’
3137 914 3227 967 Ἐν
3275 909 3571 983 ἁμαρτίαις

1997 1017 2063 1069 σὺ
2126 1012 2420 1085 ἐγεννήθης
2472 1010 2611 1075 ὅλος,
2667 1010 2762 1063 καὶ
2822 1010 2889 1063 σὺ
2938 1007 3210 1069 διδάσκεις
3242 1006 3426 1076 huic;
3463 1000 3572 1056 Καὶ

1995 1105 2247 1171 ἐξέϐαλον
2303 1105 2465 1157 αὑτὸν
2500 1103 2625 1169 ἔξω.
2675 1104 2947 1156 Ἤκουσεν
2992 1101 3023 1154 6
3072 1096 3302 1167 Ἰησοῦς.
3358 1098 3440 1149 ὅτι
3487 1093 3574 1157 ἑξ-

1995 1200 2191 1256 ἑϐαλον
2241 1198 2408 1252 αὐτὸν
2448 1197 2587 1263 ἔξωο
2637 1198 2732 1251 καὶ
2756 1194 2933 1267 εὑρὼν
2971 1193 3157 1257 αὐτὸν,
3211 1188 3364 1243 εἶπεν
3400 1187 3571 1257 αὐτῷ’

1995 1293 2070 1345 Σὺ
2128 1289 2408 1352 πιστεύεις
2447 1272 2553 1352 εις,
2593 1287 2685 1341 τὸν
2731 1287 2859 1339 Υίὸν
2892 1284 2986 1338 τοῦ
3044 1282 3218 1348 Θεοῦ;
3269 1278 3569 1350 Ἀπεκρίθη

1996 1385 2206 1448 ἐκεῖνος
2250 1381 2346 1437 καὶ
2400 1378 2553 1435 εἵπε’
2608 1380 2722 1434 Καὶ
2773 1378 2857 1442 τίς
2901 1380 3040 1444 ἐστι,
3101 1375 3296 1446 Κύριε,
3347 1373 3432 1427 ἵνα
3486 1389 3573 1425 πι-

1998 1476 2208 1530 στεύσω
2247 1477 2329 1538 είς
2379 1474 2577 1538 αύτόν;
2627 1467 2766 1526 Εἶπε
2811 1470 2870 1525 δὲ
2918 1468 3069 1536 αύτῷ
3107 1467 3137 1520 6
3190 1462 3427 1533 Ἰησοῦςο
3463 1461 3575 1515 Καὶ

1998 1568 2252 1641 ἑώρακας
2273 1568 2459 1630 αὐτὸν,
2491 1567 2585 1620 καὶ
2603 1567 2631 1620 6
2662 1563 2837 1619 λαλῶν
2865 1561 3004 1632 μετὰ
3030 1560 3148 1624 σοῦ,
3176 1555 3383 1620 ἐκεῖνός
3404 1557 3570 1609 ἐστιν.

2010 1659 2071 1713 '0
2100 1659 2156 1714 δὲ
2185 1659 2291 1729 ἔφη
2311 1672 2327 1688 ’
2364 1657 2638 1722 Πιστεύω,
2672 1653 2846 1726 Κύριε
2865 1670 2881 1685 ·
2909 1653 3001 1707 atati.
3039 1648 3449 1720 προσεκύνησεν
3478 1645 3575 1700 αύ-

1997 1752 2110 1810 τόν.
2151 1771 2169 1805 ι
2206 1752 2351 1813 Ἕως
2386 1751 2487 1821 μὲν
2526 1748 2894 1819 προσεδόκων,
2943 1745 3034 1799 τὸν
3068 1744 3353 1814 ἄνθρωπον
3403 1756 3573 1809 κεχα-

2005 1844 2237 1917 ρισμένα
2280 1844 2466 1907 αύτοῖς
2501 1842 2871 1912 φθέγξεσθαι,
2930 1834 3367 1909 προσεκαλοῦντσ
3411 1831 3574 1886 αὑτὸν

1998 1938 2093 1993 καὶ
2120 1937 2375 2009 ἠρώτων,
2409 1936 2505 1990 καὶ
2554 1935 2652 2005 οὐχ
2697 1932 2848 1997 ἅπαξ
2878 1929 3071 1984 τοῦτο·
3122 1928 3244 1983 ἐπεὶ
3294 1925 3351 1980 δδ
3403 1924 3576 1993 ἔγνων

1999 2028 2161 2084 αὑτὸν
2195 2029 2263 2081 ὲκ
2294 2026 2400 2080 τῶν
2439 2025 2798 2096 ἀποκρίσεων
2830 2022 2909 2092 μὴ
2932 2021 3000 2075 τὰ
3023 2020 3206 2074 αὐτῶν
3236 2016 3574 2087 φρονοῦντα,

1997 2123 2132 2177 ἀλλὰ
2147 2125 2212 2193 τῇ
2240 2118 2464 2191 ἀληθείᾳ
2486 2116 2864 2189 χαριζόμενον,
2887 2113 3225 2182 ὲξουθενοῦσι
3251 2112 3349 2181 μὲν
3384 2109 3573 2173 αὐτὸν,

2001 2215 2079 2277 ὡς
2122 2215 2179 2266 ὲν
2221 2210 2519 2283 ἁμαρτίαις
2556 2207 2909 2279 γεννηθέντα’
2956 2204 3199 2276 ἀνοήτως
3230 2202 3450 2265 πάντως
3475 2201 3574 2270 τὴν

1998 2308 2273 2378 τύφλωσιν
2303 2304 2453 2375 αὑτῷ
2482 2304 2872 2375 προφέροντες,
2911 2299 3006 2354 καὶ
3042 2297 3355 2367 νομίζοντες
3388 2295 3470 2348 ὅτι
3499 2293 3577 2358 ὡς

1999 2397 2467 2470 κατακεκριμένος
2500 2395 2596 2450 καὶ
2625 2394 2733 2467 πρὸ
2759 2392 3027 2462 γενέσεως
3081 2386 3447 2458 κατεδικάσθη
3479 2402 3576 2440 τυ·

2000 2492 2132 2561 φλὸς
2170 2490 2522 2560 γεννηθῆναι,
2553 2487 2690 2556 ὅπερ
2720 2486 2876 2553 λόγον
2907 2485 3007 2538 οὐκ
3038 2479 3216 2553 εἶχεν·
3252 2479 3578 2534 ἐκϐάλλουσι

2000 2580 2059 2633 δὲ
2086 2580 2154 2633 αὖ
2169 2578 2251 2633 τὸν
2295 2578 2402 2643 ἔξω
2423 2576 2519 2630 τοῦ
2545 2574 2689 2646 ἱεροῦ
2718 2575 2793 2637 ὡς
2821 2572 3165 2645 ὁμολογητὴν
3190 2572 3290 2641 τῆς
3316 2569 3581 2640 ἀληθείας

2000 2674 2050 2726 οἱ
2080 2670 2175 2726 τοῦ
2205 2669 2431 2741 ψεύδους
2457 2668 2581 2723 υἱοί.
2626 2667 2767 2722 Ἀλλ’
2792 2669 2894 2739 ὅρα
2920 2666 2981 2720 τὸ
3012 2666 3202 2736 κέρδος
3224 2682 3239 2695 ·
3284 2662 3575 2734 Ἐξεσληθη

2001 2763 2110 2818 ἀπὸ
2155 2761 2252 2817 τοῦ
2292 2760 2461 2833 ἱεροῦ,
2496 2763 2589 2815 καὶ
2637 2759 2797 2823 εὐθὺς
2849 2753 3012 2827 εὗρεν
3044 2756 3211 2811 αὑτὸν
3240 2756 3269 2809 6
3302 2756 3581 2824 Δεσπότης

2002 2857 2099 2911 τσῦ
2134 2856 2318 2927 ίεροῦ·
2367 2854 2649 2926 ὴτιμάσθη
2686 2852 2767 2923 τῷ
2816 2852 2996 2905 δοκεῖν
3050 2849 3139 2903 διὰ
3182 2849 3438 2918 Χριστὸν,
3485 2846 3582 2900 καὶ

2004 2951 2240 3020 ἐτιμήθη
2269 2951 2334 3020 τῇ
2359 2946 2652 3016 ἐπιγνώσει
2687 2945 2779 2998 τοῦ
2804 2942 2936 2997 Υίοῦ
2968 2941 3063 2996 τοῦ
3087 2940 3247 2996 Θεοῦ.
3275 2934 3418 3012 Εὗρε
3444 2940 3576 3009 γὰρ,

2006 3042 2192 3112 φησὶν,
2220 3041 2381 3096 αὑτὸν
2422 3042 2451 3094 ό
2492 3037 2720 3109 Ἰησοῦς,
2754 3036 2945 3106 ὥσπερ
2988 3034 3242 3103 ἐπίτηδες
3277 3032 3371 3086 επὶ
3407 3032 3581 3103 τούτῳ

2006 3131 2197 3197 ἐλθὼν,
2229 3132 2316 3186 ἵνα
2344 3129 2508 3184 αὐτὸν
2536 3127 3025 3198 παραμυθήσηται,
3052 3123 3306 3195 καθάπερ
3327 3132 3411 3185 τις
3434 3124 3583 3190 ἀγω-

327 3217 411 3272 dis
435 3217 487 3272 in
523 3217 716 3273 Filium
756 3214 887 3274 Dei?
919 3239 938 3272 ι
967 3221 1104 3288 Quid
1134 3234 1253 3293 post
1277 3232 1480 3280 tantam
1511 3229 1900 3285 contradictio-

2005 3224 2224 3295 νοθέτης
2253 3221 2490 3292 ἀθλητὴν
2525 3220 2696 3274 πολλὰ
2732 3219 2982 3288 καμόντα
3025 3215 3123 3271 καὶ
3166 3214 3582 3285 στεφανωθέντα

327 3324 450 3365 nem
501 3326 621 3365 cum
665 3310 908 3380 Iudaeis,
955 3325 1078 3386 post
1111 3325 1259 3372 tanta
1313 3321 1473 3374 verba
1526 3332 1708 3392 rogat,
1758 3323 1898 3379 Nunt

327 3402 543 3458 credis?
586 3402 703 3458 Non
737 3405 992 3475 ignorans
1039 3410 1141 3464 hoc
1186 3409 1350 3479 facit,
1401 3415 1493 3468 sed
1529 3415 1715 3471 volens
1757 3433 1901 3475 εαξεο

330 3496 566 3563 scipsum
592 3504 778 3552 notum
812 3497 1012 3555 facere.
1047 3499 1183 3569 Quia
1218 3504 1364 3558 enim
1395 3521 1616 3575 prorsus
1643 3522 1765 3562 eum
1793 3525 1905 3565 non

328 3586 564 3654 viderat,
587 3603 652 3643 ne
682 3600 803 3658 post
832 3593 1171 3649 sanationem
1212 3597 1427 3665 quidem
1461 3616 1475 3664 ;
1503 3597 1597 3669 (et
1633 3605 1903 3671 quomodo

329 3675 613 3744 potuisset,
645 3680 773 3749 quia
816 3696 844 3735 a
880 3683 1131 3750 pessimis
1171 3685 1397 3744 canibus
1448 3687 1649 3747 Judads
1697 3693 1802 3750 huc
1848 3704 1906 3750 et

334 3767 460 3823 illuc
488 3770 886 3845 trahebatur?)
936 3775 1053 3845 ejus
1074 3779 1246 3846 gratia
1283 3796 1429 3835 nunc
1466 3782 1615 3838 illum
1668 3785 1904 3843 interroa

331 3872 420 3931 gat
455 3876 471 3915 :
514 3871 572 3916 ut
605 3865 652 3918 si
681 3848 791 3921 ’ille
832 3866 1132 3938 interroget
1174 3872 1423 3940 quisnam
1457 3874 1528 3929 sit
1562 3872 1730 3934 Filius
1773 3878 1902 3946 Dei,

330 3965 728 4032 consequenter
753 3972 816 4013 se
840 3961 1114 4016 ostendat.
1139 3961 1362 4033 Insuper
1385 3976 1439 4021 et
1463 3967 1664 4029 indicat
1687 3971 1735 4025 ei
1761 3961 1907 4042 quod

331 4046 490 4099 litem
544 4046 691 4102 illius
726 4050 881 4106 valde
921 4051 1083 4119 colat,
1140 4056 1298 4122 quasi
1371 4057 1427 4112 in
1494 4061 1641 4116 hunc
1685 4065 1955 4119 modum.

332 4138 520 4191 dit-ens
554 4156 568 4193 :
601 4137 940 4198 Contumelia
969 4159 1056 4199 me
1100 4143 1282 4201 alTecit
1318 4149 1546 4218 populus
1577 4161 1778 4221 minus,
1811 4156 1913 4212 sed

335 4231 479 4284 nulla
521 4232 651 4286 mihi
687 4233 898 4290 illorum
938 4251 1088 4293 cura.
1123 4237 1297 4296 Unius
1328 4242 1451 4298 lidei
1499 4244 1763 4301 rationem
1813 4249 1911 4305 ba-

334 4322 454 4376 beo.
488 4320 560 4395 At
608 4323 730 4380 ille:
789 4345 808 4379 ι
852 4327 983 4395 Quis
1012 4341 1134 4398 est,
1168 4331 1429 4398 Domine,
1477 4353 1495 4388 ι
1551 4336 1722 4394 Filius
1773 4339 1908 4396 Dei?

333 4416 698 4475 Desiderantis
736 4420 933 4477 anima:
963 4423 1185 4478 verbum
1220 4424 1437 4482 locutus
1463 4437 1567 4484 est.
1638 4432 1907 4489 Caeterum

333 4510 422 4591 ille
467 4526 481 4565 :
512 4528 532 4562 ι
558 4504 625 4566 Ει
647 4511 845 4580 vidisti,
874 4513 1068 4584 inquit,
1091 4531 1237 4582 eum,
1259 4531 1315 4574 et
1339 4520 1429 4590 qui
1453 4520 1691 4591 loquitur
1713 4534 1917 4591 tecum,

2002 3316 2311 3388 δεχόμενος.
2362 3316 2473 3368 Καὶ
2513 3316 2565 3366 τί
2612 3328 2787 3383 emat;
2829 3329 2848 3362 ι
2888 3308 3172 3373 Πιστεύεις
3204 3310 3285 3372 είς
3328 3307 3423 3361 τὸν
3453 3308 3587 3361 Υίὸν

2004 3408 2102 3463 τοῦ
2155 3408 2321 3475 Θεοῦ;
2355 3426 2374 3459 ι
2412 3404 2476 3460 Τί
2512 3404 2711 3467 τοῦτο;
2763 3402 2902 3471 μετὰ
2950 3402 3220 3473 τοσαύτην
3265 3400 3584 3473 ἀντίρρησιν

2004 3502 2105 3574 τὴν
2158 3500 2295 3569 πρὸς
2343 3499 2467 3557 τοὺς
2510 3495 2819 3561 Ἰουδαίους,
2862 3492 3000 3564 μετὰ
3064 3491 3303 3547 τοσαῦτα
3360 3493 3583 3562 ῥήματα

2005 3593 2209 3665 ἐρωτᾷ,
2243 3592 2309 3646 Εἰ
2336 3588 2648 3651 πιστεύεις;
2677 3586 2792 3641 Οὐκ
2818 3584 3031 3655 ἀγνοῶν
3061 3581 3220 3638 τοῦτο
3247 3584 3410 3646 ποιεῖ,
3447 3583 3585 3638 ἀλλὰ

2009 3686 2331 3759 βουλόμενος
2358 3682 2436 3753 τῷ
2462 3680 2650 3753 τυφλῷ
2680 3678 2870 3733 ἑαυτὸν
2903 3675 3191 3749 γνωρίσαι.
3228 3675 3450 3746 Ἐπειδὴ
3474 3675 3576 3747 γὰρ

1985 3778 2118 3857 οὐδ’
2143 3778 2281 3841 ὅλως
2312 3771 2450 3829 εἶδεν
2472 3773 2634 3829 αὐτὸν
2662 3772 2785 3827 οὐδὲ
2816 3771 2954 3841 μετὰ
2976 3770 3073 3840 τὴν
3103 3769 3246 3823 ίασιν
3272 3768 3290 3835 (
3312 3767 3429 3832 πῶς
3453 3768 3581 3838 γὰρ,

2009 3871 2118 3927 ὑπὸ
2146 3870 2255 3924 τῶν
2282 3868 2558 3923 κακίστων
2583 3865 2762 3920 κυνῶν
2788 3865 2895 3919 τῶν
2927 3861 3198 3918 Ἰουδαίων
3225 3860 3589 3932 περιελκόμε-

2010 3970 2181 4035 νος;)
2230 3965 2426 4018 τούτου
2462 3961 2648 4015 ἕνεκεν
2683 3959 2871 4030 ἐρωτᾷ
2896 3955 3061 4010 αὐτὸν
3094 3954 3214 4020 νῦν,
3256 3955 3347 4007 ἵνα
3374 3952 3585 4007 ἐκείνου

2013 4059 2420 4130 ἐρωτήσαντος,
2459 4073 2479 4106 ι
2516 4054 2627 4107 Καὶ
2669 4051 2755 4115 τίς
2798 4053 2945 4105 ἐστιν
2983 4069 3001 4102 ι
3040 4052 3072 4103 6
3110 4048 3237 4112 Υἱὸς
3266 4047 3360 4101 τοῦ
3401 4046 3587 4113 9:05;

2012 4150 2320 4212 ἀκολούθως
2354 4149 2544 4201 ἑαυτὸν
2573 4145 2837 4216 ἐπιδείξῃ.
2872 4144 3025 4215 "Ap:
3071 4144 3128 4197 δὲ
3168 4144 3262 4198 καὶ
3313 4144 3591 4197 δείκνυσιν

2014 4243 2184 4314 αὐτῷ,
2211 4244 2292 4296 ὃτι
2330 4243 2426 4312 τὴν
2450 4238 2617 4293 αὑτοῦ
2654 4238 2833 4290 πίστιν
2874 4235 3072 4290 πολλοῦ
3101 4238 3352 4305 τιμᾶται,
3386 4235 3587 4290 ὡσανεὶ

2014 4336 2239 4391 τοιαῦτα
2286 4335 2491 4402 λέγων’
2546 4331 2780 4404 ’Ὑϐρισὲ
2823 4347 2893 4400 με
2947 4329 3116 4399 δῆμος
3158 4327 3431 4392 τοσοῦτος,
3475 4326 3617 4381 ἀλλ”

2016 4426 2190 4488 οὐδεὶς
2239 4425 2361 4495 ἐμοὶ
2411 4423 2568 4491 λόγος
2617 4423 2876 4476 ἐκείνων
2930 4420 3048 4483 ἑνός
3100 4436 3191 4489 μοι
3256 4418 3406 4490 μέλει
3428 4455 3442 4480 ,
3494 4416 3590 4470 τοῦ

2019 4518 2333 4574 morsicat.
2371 4517 2431 4570 ’0
2464 4516 2542 4579 δὲ,
2583 4535 2603 4568 ι
2644 4517 2752 4568 Καὶ
2793 4514 2879 4576 τίς
2914 4515 3053 4574 ἐστι,
3092 4511 3305 4583 Κύριε,
3348 4529 3369 4566 ε
3403 4512 3433 4565 6
3463 4511 3591 4576 Υἱὸς

334 4588 424 4656 ille
464 4611 569 4656 est.
615 4622 634 4655 ι
669 4602 784 4659 Νοιι
819 4606 957 4660 dixit
986 4623 1001 4661 :
1037 4606 1147 4679 Ego
1174 4624 1293 4663 sum
1335 4588 1426 4680 qui
1473 4588 1540 4668 te-
1564 4617 1787 4683 sanavi,
1817 4588 1903 4691 qui

2022 4614 2117 4668 τοῦ
2149 4612 2320 4678 Θεοῦ;
2357 4608 2637 4678 Ποθούνσης
2664 4598 2844 4678 ψυχῆς
2874 4607 3025 4678 ῥῆμα
3055 4605 3375 4673 ἐφθέγξατο.
3415 4606 3475 4659 ’0
3507 4604 3589 4668 δὲ.

332 4695 445 4753 dixi
473 4696 771 4768 tibi,Vade,
806 4700 1020 4757 lavare:
1042 4702 1134 4757 sed
1156 4703 1420 4760 submisse
1437 4708 1652 4777 quidem
1680 4712 1914 4781 primum

333 4799 389 4846 et
419 4791 649 4847 obscure
681 4808 695 4847 :
728 4812 746 4845 ι
774 4792 840 4849 Ει
863 4790 1093 4859 Vidisti,
1133 4795 1345 4865 inquit,
1382 4812 1543 4866 eum;
1582 4818 1601 4852 ι
1631 4803 1827 4860 deinde
1858 4816 1921 4862 et

336 4882 721 4939 manifestius:
769 4904 787 4938 ι
826 4885 890 4940 Ει
931 4887 1023 4957 qui
1069 4886 1310 4958 loquitur
1363 4898 1564 4959 tecum,
1609 4892 1698 4948 ille
1727 4906 1830 4952 est.
1884 4915 1903 4951 ι

333 4973 563 5033 Videtur
594 4988 772 5035 autem
798 4978 1059 5036 Dominus
1089 4981 1269 5038 dedita
1296 4996 1461 5053 opera
1488 4985 1669 5043 dicere
1701 5004 1716 5043 :
1755 5006 1775 5042 ι
1812 4989 1907 5045 V'i-

332 5067 460 5123 disti
500 5084 646 5135 eum,
694 5088 715 5125 ι
755 5079 815 5125 ut
842 5072 1066 5128 omnino
1099 5073 1157 5128 in
1181 5077 1501 5130 memoriam
1530 5093 1642 5134 sua:
1669 5083 1911 5139 sanatio-

336 5160 424 5215 nis
458 5160 603 5215 illum
641 5162 886 5230 redueat,
918 5173 972 5219 et
1003 5164 1146 5234 quod
1180 5180 1212 5222 a
1254 5181 1315 5225 se
1349 5167 1604 5224 virtutem
1641 5175 1908 5244 receperit

336 5249 579 5305 videndi.
614 5249 683 5305 Et
712 5250 800 5307 ille
837 5252 1018 5308 statim
1049 5255 1240 5322 credit,
1275 5270 1518 5328 opusque
1551 5255 1815 5315 ferventis
1855 5269 1911 5317 et

298 5374 305 5379 -
334 5358 475 5398 verae
508 5343 631 5402 ﬁdei
661 5346 902 5402 ostendit
934 5348 1189 5417 adorans,
1214 5351 1546 5409 conﬁrmans
1597 5369 1911 5411 sermonem

337 5450 526 5504 opere,
557 5437 703 5519 quod
735 5447 796 5493 ut
826 5437 993 5494 Deum
1023 5441 1290 5512 glorificet
1318 5434 1614 5503 Christum.
1647 5446 1780 5503 Nam
1805 5448 1909 5504 soli

336 5528 551 5597 quidem
590 5528 702 5585 Deo
739 5528 1107 5588 adorationem
1159 5533 1572 5604 impendendam
1621 5538 1739 5610 lege
1783 5553 1915 5594 cau-

342 5626 454 5671 tmu
476 5616 547 5672 δ’.
579 5616 820 5691 Intellige
852 5632 1033 5679 autem
1069 5624 1173 5681 hoc
1201 5625 1523 5682 miraculum
1555 5628 1719 5682 etiam
1748 5630 1913 5699 spiri-

342 5707 556 5768 tualiter
585 5709 891 5781 impletum.
923 5712 1057 5773 Nam
1089 5731 1266 5778 caecus
1289 5717 1508 5792 quidem
1539 5727 1659 5777 erat
1686 5720 1769 5778 vel
1795 5734 1911 5778 om-

415 5883 461 5917 "
502 5884 660 5945 Deut.
697 5904 769 5959 vi,
797 5890 853 5948 δ.

2022 4727 2041 4759 ι
2077 4706 2195 4762 Καὶ
2225 4704 2512 4776 ἑώρακας,
2564 4703 2754 4772 φησιν,
2801 4700 2985 4764 αὑτὸν,
3021 4699 3117 4752 καὶ
3160 4700 3191 4750 6
3231 4698 3407 4753 λαλῶν
3453 4698 3594 4769 μετὰ

2012 4798 2133 4864 σοῦ,
2167 4797 2376 4860 ἐκεῖνός
2401 4799 2572 4850 ἐστιν.
2611 4814 2629 4849 ι
2665 4795 2777 4848 Οὐκ
2807 4791 2978 4857 εἶπεν,
3008 4794 3090 4846 ὅτι
3143 4791 3283 4857 Ἐγὼ
3309 4793 3425 4860 ειμι
3454 4793 3485 4845 6
3504 4807 3593 4844 τε-

2012 4890 2366 4963 θεραπευκὼς
2400 4904 2460 4942 σε
2481 4928 2495 4951 ,
2532 4888 2561 4940 ὁ
2588 4884 2756 4940 εἰπών
2804 4902 2923 4949 σοι,
2960 4885 3202 4951 "Vitare,
3242 4883 3393 4952 νίψαι
3425 4897 3443 4914 ο
3474 4880 3591 4936 ἀλλ’

2014 4981 2442 5053 ύπεσταλμένως
2473 4980 2573 5050 μὲν
2608 4979 2826 5049 πρῶτον
2858 4978 2954 5032 καὶ
2980 4977 3207 5045 ἀσαφῶς
3228 5014 3244 5037 ,
3285 4995 3303 5027 ι
3342 4975 3453 5028 Καὶ
3492 4973 3592 5026 ἑώ-

2017 5092 2211 5148 ρακας,
2236 5072 2426 5143 φησὶν,
2451 5071 2612 5126 αὐτόν
2629 5087 2644 5102 ο
2683 5089 2701 5122 ι
2733 5067 2850 5123 εἶτα
2874 5070 2969 5123 καὶ
2992 5068 3392 5140 φανερώτερον,
3423 5084 3443 5119 ι
3480 5067 3593 5121 Καὶ

2013 5170 2040 5222 6
2073 5164 2251 5219 λαλῶν
2284 5161 2425 5234 μετὰ
2452 5161 2567 5227 σοῦ,
2597 5159 2805 5224 ἐκεῖνός
2840 5160 3011 5215 ἐστιν.
3053 5177 3078 5211 ι
3116 5159 3301 5211 Ἔοικε
3333 5156 3390 5210 δὲ
3420 5156 3448 5210 6
3478 5154 3593 5209 K6-

2019 5274 2133 5329 ριος
2165 5256 2418 5326 ἐπίτηδες
2458 5255 2637 5309 εἰπεῖν
2660 5252 2719 5306 τὸ
2740 5294 2755 5317 ,
2813 5271 2833 5305 ι
2889 5251 3178 5322 Ἑώρακας
3208 5246 3392 5308 αὑτὸν,
3451 5267 3471 5301 ι
3506 5249 3593 5302 ἴνα

2019 5349 2239 5414 πάντως
2269 5350 2348 5412 είς
2378 5347 2689 5417 ἀνάμνησιν
2724 5346 2892 5400 αὐτὸν
2918 5346 3105 5417 ἀγάγῃ
3132 5344 3231 5412 τῆς
3268 5341 3589 5415 θεραπείας.

2010 5441 2115 5496 ’καὶ
2141 5442 2225 5495 ὅτι
2255 5440 2346 5494 ὑπ’
2387 5439 2559 5494 αὐτοῦ
2595 5438 2699 5511 τὴν
2724 5438 2819 5493 τοῦ
2849 5439 2984 5509 όρᾷν
3013 5436 3174 5491 ἔλαθε
3196 5435 3451 5505 δύναμιν.
3480 5436 3592 5488 Καὶ
3658 5467 3665 5475 -

2020 5534 2095 5599 ὡς
2123 5532 2201 5606 [Ῑ.
2231 5532 2333 5606 ὃς]
2356 5532 2521 5597 εὐθύς
2544 5550 2605 5587 τε
2636 5532 2904 5597 πιστεύει,
2934 5531 3031 5586 καὶ
3054 5530 3265 5601 θερμῆς
3305 5526 3466 5599 ιργον
3494 5526 3592 5580 καὶ

2019 5625 2253 5699 ἀληθοῦς
2283 5626 2523 5689 πίστεως
2551 5623 2951 5689 ἐπιδείκνυται,
2986 5622 3332 5695 προσκυνῶν,
3371 5621 3466 5677 καὶ
3498 5637 3592 5676 πι-

2023 5716 2318 5797 στούμενος
2342 5718 2439 5773 τὸν
2467 5717 2726 5790 λόγονπῷ
2749 5716 2923 5791 ἔργῳ,
2948 5714 3043 5773 καὶ
3068 5716 3149 5772 ὅτι
3178 5712 3255 5782 ὥς
3279 5714 3411 5771 Θεὸν
3437 5713 3593 5781 δοξά-
