4060 6620
406 428 475 494 οι
1098 434 1545 498 ENARRATIO
1583 433 1665 497 IN
1704 431 2220 498 EVANGELlUM
2255 433 2598 501 JOANNIS.
2645 460 2717 476 ε-
2741 432 2900 502 CAP.
2944 437 3051 501 IX.
3632 432 3705 497 62

411 547 496 609 ζει
520 542 692 599 αὐτόν
711 561 726 579 ο
775 544 924 617 μόνῳ
954 543 1064 617 γὰρ
1113 544 1293 617 δήπου
1344 546 1467 618 Θεῷ
1496 545 1595 619 τὴν
1627 544 2006 619 προσκύνησιν

2113 542 2204 600 nis
2236 546 2402 603 homo
2433 562 2465 603 ο
2493 549 2798 617 nativitate,
2847 550 2903 605 id
2934 557 3020 605 est
3064 560 3130 603 ex
3163 553 3278 602 toto
3309 553 3552 617 tempore
3594 559 3703 615 quo

411 636 709 707 ἀπονέμων
741 635 822 710 [ί.
865 638 1200 712 ἀπονέμειν]
1240 640 1584 711 νενόμισται.
1635 639 1899 711 Δάμϐανε
1943 637 2003 693 δέ

2112 647 2226 695 erat
2257 640 2358 695 sub
2385 638 2743 712 generatione
2772 641 2859 696 cui
2891 640 3116 697 omnino
3145 638 3440 709 conjuncta
3474 644 3556 693 est
3577 651 3701 691 cor-

417 731 599 801 μοιτὸ
632 730 819 802 θαῦμα
844 729 1026 797 τοῦτο,
1080 732 1176 786 καὶ
1225 733 1434 803 νοητῶς
1482 731 1856 787 ὲπιτελεσθέν.
1894 730 2006 783 Τυ-

2112 732 2309 801 ruptio,
2354 746 2384 786 a
2427 746 2532 801 qua
2568 732 2885 785 mortalitati
2916 728 3264 786 condemnati
3298 742 3489 784 sumus
3528 736 3582 779 et
3610 727 3705 776 ad-

415 823 549 894 φλδς
581 824 685 895 μὲν
718 823 830 896 γὰρ
860 819 949 895 ἦν.
983 823 1094 879 εἴτε
1126 825 1315 890 ἁπλῶς
1345 826 1451 890 πᾶς
1481 824 1770 896 ἅνθρωπος
1799 826 1864 877 ἐκ
1910 840 2007 892 γε-

429 917 610 987 δετῆς,
657 916 804 971 τοῦτ’
856 919 1025 983 ἐστιν,
1079 920 1144 971 ὲκ
1202 919 1296 973 τοῦ
1338 919 1444 973 ὑπὸ
1483 919 1703 988 γένεσιν
1753 913 1919 977 εἶναι.

420 1008 639 1075 πάντως
671 1011 768 1064 καὶ
797 1011 833 1081 ή
871 1009 1051 1082 φθορὰ
1081 1011 1444 1077 συνέζευκται
1489 1013 1617 1085 (ἀφ’
1644 1007 1708 1068 οὗ
1739 1013 1850 1085 γὰρ
1878 1010 2013 1082 θνη-

413 1102 643 1172 τότητος
670 1102 1174 1175 κατεδικάσθημεν,
1206 1106 1302 1158 καὶ
1330 1104 1421 1159 διὰ
1451 1105 1551 1176 τῆς
1592 1104 2008 1177 ἰμπαθοῦςνγε-

415 1194 621 1258 νέσεως
667 1193 999 1261 αὐξάνεσθαι
1051 1196 1484 1269 κατεκρίθημεν,
1534 1196 1724 1253 ἔκτοτε
1756 1203 1901 1270 παχύ
1952 1213 2007 1251 τι

415 1291 580 1358 νέφος
610 1291 707 1345 καὶ
734 1292 1057 1361 δερμάτινος
1102 1293 1246 1363 τάχα
1276 1295 1464 1364 χιτὼν,
1499 1292 1576 1359 ὥς
1610 1310 1744 1365 φασι
1782 1292 1851 1347 τὰ
1887 1290 2011 1363 ἱερὰ

416 1384 612 1452 Λόγια,
643 1385 888 1456 ἐπεχύθη
922 1388 1037 1449 τοῖς
1064 1389 1271 1457 νοεροϊς
1306 1386 1467 1459 ἡμῶν
1495 1386 1832 1457 ὀφθαλμοῖς)
1851 1401 1870 1422 ο
1896 1387 2009 1439 εἴτε

416 1478 514 1530 καὶ
540 1478 569 1530 ὁ
600 1475 709 1529 τῶν
756 1476 928 1530 ἐθνῶν
975 1477 1128 1540 λαός.
1159 1479 1270 1533 Καὶ
1298 1472 1456 1543 οὗτος
1508 1478 1620 1551 γὰρ
1674 1479 1739 1533 ὲκ
1777 1477 2010 1548 γενετῆς

415 1569 643 1638 τυφλὸς,
673 1564 777 1622 οἷοι
799 1569 1143 1640 οἱ“”Ελληνες
1164 1586 1180 1602 ο
1215 1572 1283 1625 ὲκ
1310 1571 1407 1625 τοῦ
1440 1571 1510 1625 τὰ
1535 1570 1641 1625 ὑπὸ
1669 1571 1885 1641 γένεσιν
1912 1570 2009 1624 καὶ

417 1659 628 1728 φθορὰν
661 1658 1007 1731 θεοποιῆσαι,
1039 1661 1444 1732 τυφλωθέντες,
1474 1662 1620 1717 κατὰ
1640 1663 1725 1729 τὸ,
1762 1681 1783 1716 ι
1817 1662 2011 1717 Ἔσκο-

416 1752 579 1824 τίσθη
611 1753 646 1823 ἡ
686 1751 947 1818 ἀσύνετος
979 1753 1167 1809 αὐτῶν
1208 1754 1428 1826 καρδία.
1472 1775 1494 1809 ι
1542 1755 1791 1809 Τοιοῦτοι
1832 1755 1927 1809 καὶ
1957 1755 2011 1808 οἱ

420 1845 575 1917 παρὰ
631 1845 877 1916 Πέρσαις
938 1846 1106 1918 μάγοι
1164 1847 1382 1915 γενέσει
1442 1847 1538 1902 καὶ
1597 1845 2010 1919 γενεθλιαλογίᾳ

418 1937 975 2009 προσδαπανήσαντες
1008 1940 1107 2011 τὴν
1139 1939 1321 1994 αὐτῶν
1366 1940 1535 2011 ζωήν.
1566 1939 1768 1993 Τοῦτον
1799 1936 1895 1993 οὖν
1914 1940 2009 1993 τὸν

418 2028 622 2099 τυφλὸν
653 2030 673 2099 (
695 2030 808 2084 εἴτε
839 2030 1031 2095 ἁπλῶς
1059 2031 1242 2087 πάντα
1269 2030 1369 2086 ἄνθ
1380 2048 1581 2103 ρωπον,
1605 2032 1715 2085 εἴτε
1737 2031 1831 2085 τὸν
1860 2029 2011 2085 ἐθνι-

418 2121 520 2175 nov
548 2119 713 2193 λαὸν)
763 2118 912 2177 εἶδεν
956 2123 986 2176 ὁ
1028 2122 1263 2193 Ἰησοῦς.
1297 2123 1459 2178 Ἐπεὶ
1496 2123 1623 2195 γὰρ·
1646 2125 1858 2188 ἐκεῖνος
1905 2123 2009 2178 οὐκ

417 2211 656 2283 ἠδύνατο
689 2214 783 2269 τὸν
812 2215 1159 2287 Δημιουργδν
1185 2216 1337 2282 ἰδεῖν,
1361 2216 1529 2280 αὐτὸς
1559 2234 1579 2268 ι
1607 2216 1699 2271 διὰ
1721 2216 2011 2288 σπλάγχνα

418 2305 604 2370 ἐλέους
636 2307 979 2377 ιπεοκέψατο
1001 2309 1153 2380 ἡμᾶς
1178 2308 1414 2380 ἀνατολὴ
1438 2292 1513 2376 ἐξ
1528 2308 1722 2379 ὕψους.
1756 2327 1776 2361 ι
1806 2309 1933 2373 Πῶς
1953 2309 2010 2364 δι

419 2394 564 2464 εἶδε’;
601 2415 620 2448 ι
657 2398 953 2467 Παράγων,
989 2416 1008 2451 ι
1042 2399 1315 2466 τουτέστι,
1352 2398 1427 2471 μὴ
1460 2402 1521 2454 ὲν
1547 2399 1628 2472 τῷ
1659 2400 1877 2472 οὐρανῷ
1909 2400 2011 2466 ὣν,

419 2483 559 2539 ἀλλᾶ
591 2485 886 2556 παρελθὼν
928 2485 1217 2553 κενώσεως
1261 2488 1465 2557 λόγοις,
1499 2490 1595 2543 καὶ
1623 2490 1688 2543 ἐκ
1708 2489 1818 2545 οτοῦ
1848 2490 2012 2561 οὐρα-

419 2574 536 2640 νοῦ,
568 2574 714 2629 κατὰ
736 2574 829 2627 τὸν
858 2578 1169 2648 προφήτην,
1194 2576 1492 2647 διακύψας,
1526 2579 1620 2633 καὶ
1650 2577 1774 2632 ίδὼν
1801 2577 2012 2643 πάντας

418 2668 546 2732 τοὺς
573 2670 722 2732 υἱοὺς
753 2668 865 2723 τῶν
891 2668 1197 2741 ἀνθρώπων
1216 2688 1229 2702 ·
1259 2672 1353 2725 καὶ
1369 2671 1547 2734 ἄλλως
1590 2671 1675 2725 δέ’
1711 2672 2006 2741 Παράγων,

420 2760 501 2814 [δε
534 2761 624 2816 τὸν
658 2761 872 2817 έθνικδν
930 2764 1092 2831 λαὸν,
1126 2764 1425 2831 τουτέστιν,
1474 2763 1536 2819 οὒ
1582 2766 2013 2837 προηγουμένως

419 2854 509 2907 ἐπ’
541 2855 705 2909 αὑτὸν
752 2854 946 2911 ἐλθών.
981 2857 1075 2921 Εἰς
1123 2858 1233 2929 γὰρ
1281 2857 1352 2911 τὰ
1397 2858 1717 2911 ἀπολωλότα
1759 2858 2012 2929 πρόϐατα

416 2946 570 3001 οῑχου
619 2947 833 3020 Ἰσραὴλ
885 2945 1079 3017 ἦλθεν·
1137 2946 1258 3004 εἶτα
1307 2949 1498 3020 ὥσπερ
1546 2950 1666 3004 ὁδοῦ
1731 2952 2012 3022 πάρεργον

417 3038 721 3109 ἐποιήσατο
737 3039 839 3108 τὴν
862 3040 1153 3111 ἐπίσκεψιν
1176 3041 1271 3095 τοῦ
1295 3043 1355 3095 ὲν
1377 3041 1457 3114 τῷ
1486 3041 1670 3095 σκότει
1694 3041 2012 3115 καθημένου

415 3130 520 3201 τῆς
564 3132 866 3196 παντελοῦς
913 3133 1193 3201 ἀγνωσίας
1232 3134 1385 3188 λαοῦ.
1438 3134 1563 3198 Πῶς
1607 3132 1668 3188 δὲ
1713 3135 2012 3207 θεραπεύει

2105 823 2356 896 judicati,
2383 826 2509 881 dum
2535 825 2837 881 crescimus
2861 839 2895 880 a
2917 824 3201 878 nativitate
3236 821 3323 876 illa
3353 818 3703 891 passionihtts

2109 919 2366 975 obnoxia.
2396 916 2531 972 Nam
2559 932 2624 972 ex
2681 928 2813 973 tunc
2859 931 3045 973 crassa
3096 914 3342 984 quadam
3395 910 3615 975 nebula,
3650 917 3704 963 et

2110 1014 2336 1085 pellicea
2374 1013 2627 1068 fortassis
2663 1010 2844 1066 tunica
2879 1009 2979 1081 (ut
3008 1010 3196 1063 dicunt
3234 1021 3387 1061 sacra
3429 1002 3653 1072 Eloquia
3683 999 3702 1070 )

2111 1109 2280 1165 effusa
2315 1118 2398 1164 est
2441 1122 2606 1178 super
2653 1106 2849 1162 mentis
2887 1114 3092 1160 nostra:
3141 1102 3351 1159 oculos.
3389 1098 3487 1155 Vel
3536 1098 3702 1152 etiam

2111 1214 2292 1259 caecus
2325 1209 2445 1257 erat
2483 1196 2768 1271 gentilium
2807 1196 3061 1268 populus.
3110 1194 3245 1250 Nam
3283 1201 3338 1247 et
3372 1191 3460 1245 hic
3495 1206 3524 1243 a
3559 1188 3705 1242 nati-

2110 1292 2278 1347 vitate
2306 1299 2423 1347 erat
2451 1304 2655 1354 caecus,
2684 1304 2751 1344 eo
2788 1287 2929 1358 quod
2965 1283 3221 1340 excaecati
3245 1322 3263 1346 ,
3285 1296 3347 1336 ea
3375 1294 3496 1351 quae
3522 1276 3706 1348 genita

2111 1394 2167 1443 et
2201 1384 2604 1453 corruptiliilia,
2653 1380 3001 1441 deiﬁcabant,
3032 1378 3189 1449 juxta
3241 1375 3372 1430 illud
3410 1390 3422 1426 :
3466 1390 3485 1424 ι
3536 1369 3707 1426 Obte-

2111 1479 2396 1535 nebratum
2432 1485 2514 1531 est
2542 1475 2809 1544 insipiens
2840 1486 3159 1550 cuneorum
3186 1469 3255 1524 δε.
3295 1487 3315 1522 ι
3356 1465 3515 1521 Tales
3547 1474 3707 1518 erant

2112 1573 2410 1627 Persarum
2447 1570 2616 1640 magi,
2652 1568 2819 1623 vitam
2857 1581 3011 1620 suam
3053 1562 3432 1618 nativitatilms
3472 1569 3526 1614 et
3562 1557 3708 1611 futu-
3800 1570 3805 1575 ·

2110 1675 2297 1719 rerum
2337 1659 2673 1732 prmdictioni
2722 1656 2887 1730 642
2922 1657 3279 1711 insumentes.
3334 1651 3489 1706 Hunc
3540 1650 3708 1720 igitur

2111 1770 2350 1821 cuicum,
2403 1753 2519 1808 sive
2575 1752 2902 1821 simpliciter
2949 1764 3163 1805 omnem
3222 1747 3533 1810 hominem,
3591 1744 3708 1797 sive

2115 1851 2280 1906 etiam
2313 1848 2570 1920 gentilem
2613 1848 2906 1918 pepulttm,
2963 1846 3102 1904 vidit
3151 1843 3330 1899 Jesus.
3387 1841 3522 1907 Quia
3559 1840 3705 1895 enim

2120 1958 2226 1999 non
2262 1942 2438 2011 putuit
2460 1938 2813 1994 Conditorem
2842 1936 3183 2006 videre,ipse
3203 1952 3223 1985 ι
3250 1947 3346 2004 per
3366 1932 3570 1985 viscera
3608 1929 3709 1982 mi-

2111 2034 2423 2091 sericordia.-
2457 2031 2819 2088 visitavitnos
2834 2031 3019 2086 oriens
3046 2044 3112 2084 ex
3144 2028 3255 2082 alto
3269 2026 3338 2079 ⁸⁸.
3366 2043 3384 2077 t
3422 2023 3711 2092 Quomodo

2111 2136 2291 2183 autem
2318 2126 2527 2183 viditit
2570 2124 2916 2190 Praeterieris,
2956 2142 2976 2176 ι
3014 2123 3118 2178 hoc
3174 2128 3278 2184 est,
3332 2134 3438 2174 non
3483 2117 3536 2171 in
3566 2114 3708 2170 coelo

2111 2223 2416 2288 exsiSIens,
2447 2221 2540 2276 sed
2565 2219 2918 2291 progrediens
2938 2215 3286 2274 sermonibus
3305 2210 3705 2273 evacuationis,

2111 2325 2165 2371 et
2189 2314 2525 2385 prospiciens
2548 2328 2580 2368 e
2604 2312 2745 2368 cutio
2759 2310 2915 2380 juxta
2945 2307 3285 2379 prophetiam
3307 2306 3378 2371 '°,
3404 2305 3713 2369 vidensque

2112 2420 2304 2462 omnes
2334 2405 2474 2460 filios
2515 2403 2818 2458 hominum.
2853 2400 2920 2455 Et
2956 2398 3116 2453 aliter
3157 2413 3173 2452 :
3207 2393 3536 2450 Praeteriens
3571 2390 3712 2445 vidit

2112 2498 2367 2570 populum
2397 2495 2678 2565 gentilem,
2717 2494 2771 2548 id
2798 2501 2908 2556 est,
2943 2506 3051 2545 non
3078 2491 3312 2560 primum
3337 2487 3405 2541 ad
3435 2485 3585 2538 illum
3611 2496 3709 2535 vc-

2113 2590 2269 2646 nlens
2298 2606 2313 2644 :
2348 2590 2495 2644 venit
2543 2587 2690 2642 enim
2722 2586 2789 2641 ad
2825 2598 2957 2640 oves
2979 2599 3098 2654 quin
3131 2582 3413 2653 perierant
3446 2578 3513 2631 de
3545 2576 3710 2630 domo

2112 2682 2369 2739 Israel".
2410 2680 2616 2737 Deinde
2644 2678 2801 2750 quasi
2843 2678 3017 2733 obiter
3052 2677 3106 2730 in
3148 2675 3235 2728 via
3280 2672 3410 2727 fecit
3437 2668 3706 2724 visitatio-

2115 2791 2238 2832 nem
2283 2775 2404 2845 ejus
2450 2773 2670 2846 populi,
2705 2772 2795 2841 qui
2836 2771 3060 2827 omnino
3095 2767 3319 2823 sedebat
3354 2765 3411 2819 in
3464 2760 3715 2817 tenebris

2114 2873 2294 2930 omnis
2327 2869 2671 2944 ignorantiai.
2706 2868 2990 2936 Quomodo
3046 2874 3226 2919 autem
3280 2870 3438 2917 sanat
3486 2857 3709 2912 caecita-

2116 2969 2266 3024 tem?
2300 2965 2433 3021 Cum
2465 2964 2745 3035 expuisset
2795 2963 2853 3016 in
2886 2969 3111 3021 terram,
3151 2965 3205 3011 et
3239 2954 3411 3007 lutum
3465 2950 3711 3005 fecisset.

2115 3061 2439 3130 Quicunque
2472 3056 2619 3112 enim
2651 3051 2947 3110 crediderit
2976 3047 3118 3116 quod
3152 3047 3294 3103 sicut
3341 3043 3610 3099 dismlans
3652 3040 3712 3094 in

2116 3165 2344 3220 terram,
2380 3149 2618 3206 Verbum
2649 3148 2825 3219 ipsum
2854 3142 3195 3201 descenderit
3224 3141 3279 3196 in
3311 3147 3556 3195 sanctam
3585 3134 3713 3189 νίν-

415 3224 519 3337 τήν
551 3224 864 3337 τύφλωσιη
900 3227 1121 3292 Πτύσας
1166 3230 1369 3299 χαμαὶ,
1408 3231 1504 3283 καὶ
1549 3228 1722 3299 πηλὸν
1749 3235 2005 3301 ποιήσας.

2121 3248 2327 3320 ginem,
2362 3243 2525 3312 hujus
2556 3250 2830 3312 nngentur
2870 3235 3181 3308 spirituales
3227 3231 3369 3287 oculi
3403 3229 3518 3284 luto
3566 3226 3713 3282 facto

450 3320 523 3382 0;
545 3319 654 3389 γὰρ
678 3319 743 3371 ἂν
774 3320 1141 3386 πιστεύσειεν,
1170 3322 1252 3375 ὅτι
1271 3321 1403 3376 ὡσεὶ
1429 3321 1647 3391 σταγὼν
1673 3325 1706 3394 ή
1732 3321 2006 3388 στάζουσα

2112 3319 2330 3412 esputo
2366 3347 2420 3394 et
2460 3346 2638 3397 terra,
2676 3335 2780 3389 hoc
2810 3343 2895 3387 est
2951 3330 3113 3386 unico
3163 3326 3408 3383 Christo.
3489 3320 3592 3388 Qui
3639 3332 3709 3372 ex

417 3410 514 3465 tiri.
536 3411 634 3481 τὴν
663 3411 790 3481 γῆν,
826 3412 1213 3483 καταϐέϐηκεν
1265 3412 1363 3468 ἐπὶ
1391 3415 1497 3486 τὴν
1527 3415 1693 3483 ἁγίαν
1729 3416 2007 3485 Παρθένον

421 3505 451 3557 ὁ
482 3505 678 3571 Λόγος,
710 3499 866 3570 οὗτος
895 3508 1156 3577 χρίσεται
1185 3508 1315 3570 τοὺς
1338 3508 1564 3580 νοεροὺς
1589 3507 1904 3579 ὀφθαλμοὺς
1928 3508 2012 3580 τῷ

419 3598 482 3649 ὲκ
506 3596 604 3650 τοῦ
639 3598 957 3669 πτύσματος
986 3600 1081 3655 καὶ
1110 3600 1210 3672 τῆς
1243 3604 1347 3672 γῆς
1386 3601 1567 3673 πηλῷ,
1613 3602 1780 3674 ἡγουν
1811 3603 1894 3674 τῷ
1924 3604 2008 3657 ἐνὶ

420 3688 643 3761 Χριστῷ
685 3688 765 3761 τῷ
793 3691 858 3742 ὲκ
887 3690 1143 3763 θεότητος
1184 3688 1274 3764 (ἧς
1301 3692 1622 3764 σύμϐολονή
1657 3695 1874 3764 σταγὼν
1911 3697 2010 3750 καὶ

421 3782 486 3836 τὸ
513 3781 743 3853 πτύσμα
772 3786 815 3853 .)
840 3785 937 3837 καὶ
971 3786 1391 3858 ἀνθρωπότητος
1425 3781 1533 3858 (ἧς
1562 3787 1833 3856 σύμϐολον
1861 3790 2007 3859 ἠγῆς

420 3876 480 3946 ἐξ
511 3871 580 3949 ἧς
617 3876 685 3930 τὸ
718 3876 812 3931 τοῦ
846 3878 1050 3949 Κυρίου
1084 3881 1245 3950 σῶμα
1268 3883 1308 3947 ).
1362 3877 1486 3950 ’Δρ’
1519 3879 1614 3934 οὖν
1640 3880 1768 3952 ἄχρι
1797 3880 1893 3935 τοῦ
1921 3899 2013 3935 πι-

423 3971 649 4026 στεῦσαι
673 3973 776 4042 τὴν
796 3971 1098 4044 θεραπείαν
1120 3973 1420 4044 στήσεται;
1445 3972 1748 4044 Ούμενυυν,
1775 3973 1910 4029 ἀλλὰ
1928 3974 2013 4028 δεῖ

421 4062 519 4117 καὶ
545 4065 641 4118 ἐπὶ
683 4064 775 4119 τδν
821 4064 1047 4137 Σιλωὰμ
1076 4065 1276 4130 ἐλθεῖν,
1303 4066 1404 4138 τὴν
1451 4066 1641 4140 πηγὴν
1688 4067 1787 4123 τοῦ
1816 4067 2014 4140 βαπτί-

426 4173 653 4228 σματος,
707 4159 804 4212 καὶ
854 4158 1223 4229 βαπτισθῆναι
1284 4160 1365 4223 είς
1423 4159 1516 4214 τὸν
1573 4161 2009 4232 ἀπεσταλμένον,

421 4248 565 4304 τοῦτ’
595 4250 732 4318 ἔστι,
780 4244 1041 4322 Χριστόν.
1075 4252 1232 4307 Ὅσοι
1263 4252 1374 4325 γὰρ
1406 4250 1821 4325 ἐϐαπτίσθημεν
1849 4272 2014 4310 πνευ-

424 4342 690 4414 μπικῶς,
717 4343 797 4408 είς
824 4344 1063 4414 Χριστὸν
1108 4343 1550 4417 ἐϐαπτίσθημεν.
1594 4348 1732 4402 Μεθ’
1762 4347 1791 4400 ὃ
1817 4347 1875 4401 δὲ
1917 4347 2015 4402 καὶ

426 4434 756 4505 βαπτισθείη
824 4451 933 4499 τις,
1008 4436 1106 4490 καὶ
1196 4441 1531 4509 πειρασμοῖς
1603 4442 2010 4510 περιπεσεῖταιε

421 4525 752 4599 ’Δχθήσεται
791 4529 904 4599 γὰρ
948 4529 1091 4600 τάχα
1143 4529 1238 4583 ἐπὶ
1270 4530 1512 4600 βασιλεῖς
1563 4530 1660 4585 καὶ
1697 4532 2011 4602 ἡγεμόνας,

2111 3435 2342 3499 deitale,
2369 3430 2524 3500 cujus
2549 3426 2863 3500 symbolum
2895 3424 3039 3480 stilla
3058 3432 3113 3479 et
3138 3430 3382 3492 sputum,
3431 3424 3487 3470 et
3519 3416 3714 3469 ltuttta-
3769 3477 3778 3485 _

2112 3529 2312 3594 nitate,
2348 3523 2504 3592 cujus
2538 3520 2844 3594 symbolum
2871 3530 3040 3582 terra,
3074 3531 3139 3571 ex
3190 3530 3294 3585 qua
3340 3510 3555 3565 Domini
3585 3520 3711 3594 cor:

2110 3632 2234 3690 pus.
2264 3616 2404 3672 Num
2454 3615 2625 3685 igitur
2669 3611 2797 3666 finis
2848 3608 3158 3664 sanationis
3191 3607 3243 3660 in
3289 3601 3561 3657 credendo
3591 3577 3711 3652 est?

2109 3687 2458 3773 Neutiquam,
2498 3702 2592 3756 sed
2623 3704 2845 3769 oportet
2874 3705 2929 3749 et
2960 3695 3028 3749 ad
3060 3692 3264 3749 Siloam
3300 3690 3472 3754 abire,
3506 3687 3714 3743 fontem

2109 3795 2499 3866 baptismatis,
2551 3801 2607 3846 et
2651 3787 2921 3860 baptizari
2973 3787 3027 3841 in
3079 3785 3283 3846 misso,
3333 3782 3437 3837 ltoc
3482 3788 3601 3847 est,
3654 3778 3715 3833 in

2110 3889 2354 3946 Christo.
2391 3905 2411 3939 ι
2453 3883 2730 3955 Quthuot
2761 3882 2907 3938 enim
2944 3878 3205 3950 baptizati
3252 3890 3442 3931 sumus
3482 3893 3501 3928 ι
3541 3872 3713 3942 spiri-

2116 3979 2356 4046 tualiter,
2396 3996 2416 4031 ι
2467 3978 2524 4032 in
2555 3975 2777 4031 Christo
2807 3972 3068 4044 baptizati
3118 3984 3310 4027 sumus
3334 3970 3405 4025 ⁸³.
3448 3987 3467 4022 ι
3506 3967 3710 4025 Verum

2116 4072 2207 4127 ubi
2260 4070 2573 4142 baptizatus
2619 4068 2745 4139 quis
2778 4065 2991 4131 fuerit,
3048 4072 3176 4120 tunc
3213 4072 3268 4118 et
3318 4058 3710 4117 tentationibus

2117 4163 2440 4236 subjacebit.
2481 4164 2718 4218 Ducetur
2747 4160 2892 4215 enim
2925 4156 3161 4216 fortasse
3194 4156 3262 4211 ad
3303 4168 3460 4221 reges
3488 4161 3712 4224 propter

2114 4257 2415 4319 Christum,
2444 4254 2535 4324 qui
2568 4254 2783 4311 sanavit
2809 4252 2960 4308 illum
2984 4251 3054 4307 ⁸³.
3081 4248 3308 4319 Oportet
3341 4248 3506 4319 igitur
3535 4243 3712 4300 firmi-

2115 4361 2202 4406 ter
2229 4364 2288 4404 se
2320 4362 2534 4418 gerere,
2586 4356 2641 4402 et
2670 4354 2818 4400 stare
2860 4344 2915 4399 in
2960 4341 3313 4403 confessione
3359 4347 3709 4403 constanter,

2116 4459 2219 4503 nee
2244 4451 2462 4516 propter
2493 4451 2699 4497 metum
2725 4454 2944 4511 negare,
2970 4440 3065 4495 sed
3090 4446 3145 4493 et
3164 4439 3210 4492 si
3232 4450 3365 4508 opus
3383 4433 3575 4499 fuerit,
3608 4450 3708 4488 ex-

2117 4538 2245 4610 pelli
2277 4545 2333 4592 et
2360 4534 2893 4591 excommunicatum
2916 4531 3059 4595 fieri,
3083 4530 3235 4600 juxta
3268 4531 3400 4585 illud
3429 4546 3445 4584 :
3485 4547 3504 4580 ι
3539 4527 3705 4583 Exosi

425 4621 615 4675 ἕνεκεν
642 4622 739 4676 τοῦ
762 4620 1209 4695 θεραπεύσαντος
1238 4624 1402 4679 αὐτὸν
1424 4624 1687 4694 Χριστοῦ.
1716 4627 1808 4679 Δεῖ
1829 4626 2010 4681 τοίνυν

2115 4632 2272 4687 eritis
2318 4629 2576 4685 omnibus
2609 4636 2831 4698 promer
2883 4640 3080 4680 nomen
3131 4638 3313 4678 meum
3339 4623 3408 4687 “,
3449 4632 3504 4677 et
3552 4631 3709 4676 extra

426 4714 660 4786 βεϐαίως
688 4715 856 4787 ἔχειν,
884 4718 983 4772 καὶ
1005 4718 1262 4772 ἵστασθαι
1290 4720 1384 4772 ἐπὶ
1408 4719 1509 4789 τῆς
1533 4719 1828 4788 ὁμολογίας
1849 4719 2011 4774 ἀκλιι

423 4811 551 4877 νῶς,
589 4812 665 4884 μὴ
692 4812 783 4867 διὰ
820 4812 989 4880 φόϐον
1043 4813 1406 4885 ἀρνούμενον,
1451 4815 1611 4879 ἀλλὰ,
1655 4813 1758 4870 κᾶν
1804 4814 2010 4889 δεήσῃ,

422 4904 765 4976 δκκήρυκτον
796 4904 893 4960 καὶ
939 4906 1374 4978 ἀποσυνάγωγον
1408 4907 1717 4980 γινόμενον,
1755 4909 1897 4964 κατὰ
1925 4909 2007 4976 τὸ,

428 5013 449 5050 ι
492 4996 722 5050 Ἐσεσθε
749 4997 1070 5070 μισούμενοι
1089 5001 1195 5056 ὑπὸ
1222 5001 1441 5056 πάντων
1486 5003 1575 5058 διὰ
1598 5003 1657 5058 τὸ
1682 5003 1856 5075 ὄνομα
1878 5020 2008 5074 μου,

422 5089 519 5144 καὶ
548 5090 1019 5161 ἀποσυναγώγους
1046 5094 1370 5165 ποιήσουσιν
1394 5095 1561 5165 ὑμᾶς.
1597 5114 1621 5147 ι
1654 5096 1776 5151 Κᾶν
1809 5096 2009 5151 ἐκϐάλ-

424 5180 558 5235 λωσι
598 5182 657 5236 δὲ
684 5181 777 5236 τὸν
808 5184 1157 5256 όμολογητῆν
1187 5185 1239 5238 ei
1289 5185 1591 5257 ἄνθρωποι,
1662 5185 1735 5258 τῇ
1780 5187 2011 5259 ἀληθείᾳ

424 5270 835 5343 δχθραίνοντες,
883 5275 985 5329 καὶ·
1024 5275 1292 5344 διώξωσιν
1336 5278 1446 5335 ἀπὸ
1488 5278 1600 5332 τῶν
1638 5280 1771 5352 παρ’
1823 5281 2015 5346 αὐτοῖς

425 5364 585 5435 ιερῶν
613 5366 709 5420 καὶ
748 5365 969 5436 τιμίων,
997 5367 1250 5435 πλούτου,
1283 5368 1450 5440 λέγω,
1480 5370 1577 5424 καὶ⁹
1603 5369 1764 5442 δόξης
1785 5389 1800 5405 ⁸
1831 5371 2003 5444 εὑρή-

425 5474 507 5512 σει
539 5458 703 5514 αύτὸν
732 5463 760 5515 ὁ
786 5458 1020 5531 Ἰησοῦς,
1054 5461 1151 5515 καὶ
1185 5462 1306 5517 τότε
1336 5462 1563 5535 μᾶλλον,
1592 5464 1682 5519 ὅτε
1721 5464 1875 5537 παρὰ
1900 5465 2010 5520 τῶν

425 5552 636 5626 έκθρῶν
665 5555 1024 5627 ἀτιμασθείη,
1055 5557 1211 5627 παρὰ
1241 5558 1484 5629 Χριστοῦ
1514 5558 1907 5632 τιμηθήσεται,
1940 5560 2011 5632 τῇ

423 5644 721 5717 ιπιγνὼσει
755 5649 852 5702 καὶ
878 5650 947 5722 τῇ
981 5649 1354 5724 ἀκριϐεστέρα
1386 5649 1590 5706 πίστει.
1624 5652 2009 5723 Προσκυνήσει

423 5738 533 5813 γὰρ
559 5740 681 5796 τότε
715 5741 917 5813 μᾶλλον
947 5744 1038 5800 τὸν
1066 5744 1320 5818 Χριστὸν,
1344 5745 1421 5811 ὡς
1439 5745 1727 5817 ἄνθρωπον
1758 5744 1858 5817 μὲν
1880 5762 2007 5815 φαι-

492 5863 539 5897 ⁸⁸
573 5863 706 5922 lium
755 5883 795 5932 l,
826 5868 915 5924 2|.

436 5947 493 5998 ι.
531 5935 603 5993 ib
698 5941 744 5974 ”
787 5938 921 5995 Ibid.
945 5940 1037 5995 22.
1115 5942 1158 5973 "
1187 5937 1340 5995 Joan.
1366 5940 1551 6011 κηρὶ.
1840 5972 1853 5979 ·

2112 4737 2419 4796 synagogas
2454 4721 2659 4776 facient
2696 4734 2792 4775 vos
2810 4718 2879 4774 ³⁸.
2920 4736 2940 4770 ι
2980 4717 3174 4772 Verum
3216 4715 3438 4771 etiamsi
3477 4712 3709 4784 ejiciant

2110 4817 2462 4873 conﬁtentem
2514 4812 2764 4869 homines
2809 4810 3094 4866 veritatem
3129 4809 3255 4863 odio
3299 4806 3600 4870 habentes,
3650 4812 3709 4859 et

2114 4921 2511 4982 persequantur
2538 4915 2759 4979 propter
2787 4905 2908 4960 illas
2938 4918 3059 4974 quae
3104 4903 3185 4956 eis
3238 4915 3410 4956 saera:
3464 4908 3594 4955 sunt
3648 4907 3703 4953 et

2111 5002 2474 5069 venerabiles,
2523 4998 2752 5055 divitias
2795 4998 2919 5053 dico
2958 5005 3008 5052 et
3036 4996 3262 5066 gloriam
3312 5007 3436 5047 eum
3471 4988 3715 5046 inveniet

2109 5096 2295 5164 Jesus,
2332 5108 2393 5152 et
2423 5104 2552 5149 tunc
2583 5092 2755 5161 magis
2777 5090 2999 5161 quando
3021 5091 3088 5144 ab
3121 5086 3359 5143 inimicis
3397 5081 3694 5154 ignominia

2109 5197 2324 5246 notatus
2360 5186 2550 5252 fuerit,
2583 5200 2613 5240 a
2642 5184 2861 5240 Christo
2911 5179 3273 5237 honorabitur
3300 5176 3612 5245 agnitione,
3646 5184 3704 5229 et

2111 5282 2350 5338 certiore
2383 5280 2508 5335 fide.
2542 5276 2677 5332 Nam
2730 5284 2857 5330 tunc
2904 5272 3077 5343 magis
3109 5271 3358 5326 adorabit
3402 5267 3705 5334 Christum,

2110 5376 2201 5447 qui
2236 5380 2463 5445 apparet
2487 5378 2546 5426 ut
2573 5369 2768 5435 homo,
2800 5379 2891 5424 est
2912 5375 3097 5421 autem
3124 5373 3178 5418 et
3226 5361 3396 5418 Filius
3428 5361 3540 5417 Dei.
3590 5358 3709 5415 Non

2118 5466 2261 5522 enim
2294 5464 2435 5520 alius
2464 5469 2549 5517 est
2570 5460 2743 5516 Filius
2777 5458 2896 5525 Dei,
2926 5465 2981 5513 et
3011 5454 3150 5510 alius
3178 5452 3364 5508 Mariae
3396 5452 3414 5523 (
3441 5468 3567 5507 nam
3596 5452 3711 5507 hare

2118 5556 2353 5614 Nestorii
2390 5551 2711 5625 impietas),
2741 5549 2837 5604 sed
2872 5562 3015 5604 unus
3044 5555 3102 5603 et
3128 5546 3269 5601 idem
3291 5552 3375 5600 est
3407 5542 3504 5600 Dei
3537 5541 3711 5599 Filius

2116 5661 2169 5706 et
2206 5649 2462 5704 hominis.
2502 5643 2824 5701 Videenim
2869 5645 3143 5712 quomodo
3182 5642 3466 5707 Dominus,
3491 5640 3708 5695 dicente

2114 5757 2259 5800 caeco
2298 5760 2313 5797 :
2353 5762 2374 5795 ι
2412 5741 2548 5810 Quis
2581 5749 2665 5796 est
2697 5738 2867 5795 Filius
2896 5737 3024 5804 Dei,
3052 5749 3112 5794 ut
3140 5735 3361 5792 credam
3397 5735 3453 5790 in
3484 5736 3649 5789 eum!
3680 5751 3699 5785 ι

1064 5869 1108 5902 δ’
1131 5868 1261 5939 Luc.
1289 5885 1326 5926 ι,
1357 5868 1445 5925 78.
1524 5870 1571 5903 ⁸ο
1596 5869 1743 5929 Psal.
1770 5885 1890 5938 xm,
1922 5868 1990 5927 2:

2112 5884 2144 5939 ι,
2175 5868 2230 5926 3.
2307 5868 2352 5904 ⁸¹
2395 5866 2588 5924 Matth.
2630 5883 2684 5934 ι,
2718 5859 2773 5921 6.
2850 5864 2903 5899 δ’
2932 5862 3103 5921 Galat.
3135 5860 3337 5929 ut,27.
3414 5854 3460 5892 ⁸³
3499 5854 3694 5913 Matth.
