4060 6652
323 438 397 501 (Β
1254 432 1839 497 THEOPHYLACTI
1894 429 2310 495 BULGARI/E
2349 430 2711 494 ARCHIEP.
3535 429 3615 493 ﬁt

324 579 398 593 —
432 568 451 601 ι
487 549 555 604 Et
583 545 795 612 vidisti,
834 545 1036 617 lnquit,
1067 558 1215 613 eum,
1248 555 1304 602 et
1330 545 1420 616 qui
1449 545 1688 615 loquitur
1717 555 1915 610 tecum,

2030 543 2270 612 νόμενον,
2311 543 2440 597 ὄντα
2463 543 2519 597 δὲ
2551 545 2647 598 καὶ
2672 542 2821 598 ’Υίὸν
2849 541 2946 599 τοῦ
2976 541 3137 600 Θεοῦ.
3177 544 3255 599 Οὐ
3303 544 3412 617 γὰρ
3456 545 3619 614 ἄλλος

326 639 418 695 ille
442 649 548 696 est.
590 657 609 691 ι
639 638 771 706 Quis
793 637 953 709 igitur
981 646 1106 693 erat
1138 636 1410 708 loquens?
1451 636 1687 693 Omnino
1717 637 1804 692 ille
1828 635 1920 706 qui

2030 638 2048 690 5
2090 636 2216 701 Υἱὸς
2239 636 2336 691 τοῦ
2361 636 2525 703 Θεοῦ,
2569 636 2662 690 καὶ
2690 636 2851 701 ἀλλος
2880 639 2907 691 6
2937 639 3003 692 ἐκ
3028 637 3252 710 Μαρίας
3285 637 3479 711 (τοῦτο
3504 641 3616 711 γὰρ

324 746 392 786 ex
416 732 589 786 Maria
619 740 782 786 natus
807 730 1025 799 quidem
1053 739 1104 785 el
1132 730 1305 786 Filius
1334 731 1452 797 Dei,
1476 746 1584 785 non
1622 730 1760 785 alius
1792 743 1920 799 ergo

2030 728 2318 800 Νεστορίου
2349 728 2411 783 τὸ
2461 727 2723 799 ἀσέὸημα
2745 730 2785 799 ),
2824 729 2940 783 ἀλλ’
2970 724 3052 793 εἷς
3085 732 3181 783 καὶ
3224 731 3253 784 6
3295 731 3458 795 αὐτὸς
3488 730 3618 795 Υίδς

325 831 383 878 et
414 823 594 877 alius:
624 823 767 876 unde
792 822 1009 892 proprie
1028 821 1282 886 θεοτόκος
1311 833 1498 877 sancta
1521 820 1713 886 Maria,
1742 830 1920 890 utpote

2030 822 2158 876 Θεοῦ
2190 823 2283 875 καὶ
2309 821 2625 892 ἀνθρώπου.
2661 821 2805 893 Ὅρα
2836 822 2948 893 γὰρ
2984 822 3099 883 πῶς
3124 824 3152 875 6
3180 821 3407 894 Κύριος,
3435 823 3621 877 είπόν-

326 930 449 985 qua)
475 911 668 968 Filium
697 913 787 969 Do-i
818 929 1039 970 carnem
1067 914 1271 969 factum
1309 916 1583 984 genuerit,
1617 913 1920 969 indivisihi-

2030 933 2111 978 τος
2145 913 2243 968 τοῦ
2271 930 2400 967 ποτε
2432 912 2662 983 τυφλοῦ,
2700 933 2719 966 ι
2762 916 2871 969 Καὶ
2913 914 2997 978 τίς
3032 915 3181 969 ἐστιν
3232 934 3251 969 r
3290 918 3320 970 6
3352 916 3479 981 Υίὸς
3513 913 3608 970 τοῦ

326 1006 430 1061 lem
462 1008 815 1063 exsisteutem
843 1049 858 1075 ,
899 1017 956 1064 et
990 1024 1156 1064 unum
1187 1008 1479 1078 duplicem,
1527 1009 1619 1079 qui
1647 1017 1731 1063 est
1769 1007 1920 1063 Jesus

2030 1007 2181 1075 Θεοῦ,
2223 1026 2241 1059 ι
2283 1008 2371 1062 ἵνα
2406 1006 2689 1061 πιστεύσω
2718 1009 2798 1072 είς
2833 1008 3035 1074 alb-adv;
3070 1028 3089 1059 ›
3134 1039 3206 1049 —
3238 1027 3258 1061 ι
3303 1010 3411 1063 Καὶ
3438 1009 3618 1080 ἐώρα-

324 1098 600 1155 Christus.

2030 1119 2146 1166 κας,
2178 1102 2370 1171 φησιν,
2421 1100 2609 1165 αὐτὸν,
2650 1100 2749 1154 κα)⁸
2784 1102 2814 1155 6
2852 1099 3031 1154 λαλῶν
3067 1103 3206 1172 μετά
3244 1102 3364 1168 σοῦ,
3409 1103 3615 1168 ἐκεῖνός

325 1196 495 1251 ἐστιν.
538 1195 566 1246 ἱ
600 1194 698 1256 Τίς
721 1192 813 1248 οὖν
840 1189 909 1267 ἦν
938 1194 966 1248 6
992 1194 1206 1263 λαλῶν;
1233 1190 1313 1250 Ἦ
1344 1195 1564 1261 πάντως
1587 1198 1615 1250 6
1646 1196 1711 1250 ἐκ
1736 1193 1958 1266 Μαρίας
1996 1193 2317 1264 γεννηθείς;
2351 1195 2380 1246 ό
2434 1191 2597 1253 αὐτὸς
2635 1190 2693 1246 δὲ
2741 1192 2835 1246 καὶ
2889 1192 3016 1256 Υίὸς
3068 1193 3229 1260 Θεοῦ,
3278 1195 3380 1249 οὐκ
3457 1196 3617 1260 ἀλλος

324 1286 431 1358 ἀρα
468 1288 564 1342 καὶ
597 1288 780 1354 ἄλλος.
816 1290 982 1344 Ὅθεν
1031 1290 1126 1344 καὶ
1155 1291 1365 1361 κυρίως
1399 1293 1663 1356 Θεοτόκος
1693 1293 1726 1363 ἡ
1759 1291 1893 1360 ἀγία
1937 1289 2149 1360 Μαρία,
2183 1287 2259 1353 ὡς
2304 1287 2401 1342 τὸν
2440 1287 2570 1341 Υίὸν
2611 1286 2708 1342 τοῦ
2744 1285 2882 1341 Θεοῦ
2912 1287 3096 1359 σάρκα
3126 1291 3392 1359 γεγονότα
3424 1293 3620 1366 γεννή-

325 1394 492 1442 σασα,
543 1380 849 1451 ἀδιαίρετον
878 1382 1042 1445 ὄντα,
1087 1383 1182 1436 καὶ
1227 1381 1326 1436 ἕνα
1378 1384 1472 1437 τὸν
1519 1383 1768 1450 διπλοῦν,
1822 1384 1883 1448 ὃς
1925 1382 2042 1436 ἐστι
2099 1379 2335 1453 Χριστὸς
2377 1378 2607 1451 Κύριος.

400 1474 564 1528 Vsus.
598 1475 793 1530 59-“.
832 1494 851 1527 ι
904 1474 967 1530 Ει
994 1477 1134 1531 dixit
1179 1476 1337 1533 .lesus
1369 1495 1383 1533 :
1420 1479 1474 1533 ln
1510 1478 1774 1546 judicium
1818 1493 1921 1547 ego

325 1566 379 1620 in
411 1566 553 1622 hunc
588 1568 846 1622 iuinnlum
876 1569 1021 1635 veni,
1059 1578 1118 1623 ut
1142 1570 1238 1640 qui
1273 1585 1377 1625 non
1403 1570 1615 1635 vident,
1656 1570 1918 1626 videant:

324 1657 490 1730 643
522 1668 576 1712 et
603 1659 693 1729 qui
723 1660 929 1726 vident,
954 1660 1082 1716 οποί
1112 1661 1262 1717 tiaut.
1288 1661 1355 1715 Et
1387 1661 1680 1717 audierunt
1701 1661 1919 1730 quidam

325 1767 389 1805 ex
425 1750 716 1808 Pliariszeis
751 1754 887 1818 lucc,
916 1753 1007 1821 qui
1037 1769 1162 1808 cum
1205 1755 1323 1822 ipso
1368 1763 1545 1819 erant,
1576 1764 1630 1809 et
1661 1754 1921 1809 dixerunt

325 1842 375 1898 ei
414 1842 595 1898 :Nnm
640 1855 697 1898 et
728 1860 827 1900 nos
854 1847 984 1902 caeci
1021 1848 1248 1903 smnus?
1287 1847 1431 1903 Dixit
1465 1849 1548 1902 eis
1588 1845 1748 1902 Jesus
1779 1866 1792 1902 :
1844 1847 1902 1902 Si

2106 1496 2124 1529 ι
2173 1475 2285 1530 Καὶ
2336 1468 2493 1530 εἶπεν
2525 1478 2553 1529 6
2599 1474 2845 1547 Ἰησοῦς*
2883 1475 2980 1538 Είς
3030 1476 3209 1546 κρῖμα
3242 1475 3357 1544 ἐγὼ
3403 1478 3484 1540 είς
3526 1479 3620 1533 τὸν

2024 1573 2230 1643 κόσμον
2258 1568 2449 1629 τοῦτον
2477 1565 2665 1640 ἦλθον,
2697 1569 2785 1623 ἵνα
2812 1569 2859 1622 οί
2896 1569 2971 1640 μὴ
3017 1567 3307 1640 βλέποντες
3354 1570 3619 1640 βλέπωσι,

2023 1661 2119 1717 καὶ
2148 1661 2198 1715 οἱ
2242 1659 2536 1731 βλέποντες
2569 1658 2765 1728 τυφλοὶ
2796 1659 3081 1727 γένωνται.
3121 1659 3230 1712 Καὶ
3264 1660 3504 1731 ἤκουσαν
3554 1664 3621 1717 ἐκ

2021 1755 2133 1809 τῶν
2150 1752 2465 1823 Φαρισαίων
2493 1751 2690 1815 ταῦτα,
2714 1751 2766 1805 oi
2786 1750 2941 1815 ὄντες
2965 1750 3082 1822 μετ’
3113 1751 3302 1815 αὑτοῦ,
3337 1753 3431 1806 καὶ
3461 1750 3620 1807 εἶπον

2022 1845 2208 1927 αὐτῷ’
2254 1845 2345 1915 Μὴ
2386 1844 2482 1927 καλ
2527 1846 2688 1915 ἡμεῖς
2727 1842 2920 1913 τυφλοί
2943 1844 3144 1913 ἐσμεν;
3177 1839 3347 1899 Εἶπεν
3377 1846 3562 1908 αὐτοῖς
3587 1847 3617 1898 6

323 1936 453 1991 caeci
487 1937 703 2003 essetis,
738 1954 843 1993 non
876 1940 1155 1995 haberetis
1208 1949 1493 2009 peccatum
1523 1954 1537 1998 :
1596 1954 1739 1996 nunc
1784 1955 1915 1996 vero

2030 1928 2270 2010 ἰησοῦς⁹
2312 1937 2374 1990 El
2421 1925 2616 2004 τύψλοὶ
2656 1930 2777 2007 ἦτε,
2829 1934 2931 1989 οὐκ
2975 1932 3043 1988 ἂν
3079 1932 3257 2004 εἴχετε
3303 1936 3615 2009 ἀμαρτίανο

324 2031 523 2092 dicitis.
550 2031 832 2099 Videmus,
860 2034 1063 2089 idcirco
1082 2046 1366 2104 peccatum
1391 2042 1634 2089 vestrum
1659 2041 1860 2089 manet.
1890 2053 1910 2087 ι

325 2123 620 2195 Postquam
672 2127 805 2182 vidit
866 2126 1126 2183 Dominus
1178 2126 1487 2183 Pharisaeos
1534 2142 1600 2181 ex
1654 2127 1916 2183 miraculo

326 2218 496 2286 magis
516 2216 737 2284 oﬂendl,
766 2235 925 2289 quam
955 2221 1244 2276 utilitatem
1268 2224 1574 2291 percipere,
1596 2229 1649 2276 et
1672 2229 1919 2290 propter-

323 2322 387 2363 ea
419 2310 609 2380 majori
640 2310 1095 2367 condemnatione
1150 2312 1368 2383 dignos,
1400 2313 1551 2379 dicit,
1589 2312 1727 2368 sicut
1767 2312 1915 2368 vide-

325 2409 418 2454 tur
449 2415 503 2455 et
526 2401 704 2457 evenit
735 2419 750 2457 :
787 2422 805 2456 ι
842 2402 901 2458 In
924 2402 1190 2470 judicium
1214 2421 1315 2475 ego
1346 2406 1490 2471 veni,
1529 2426 1549 2459 ι
1586 2408 1689 2462 hoc
1715 2417 1824 2471 est,
1860 2407 1915 2461 iu

325 2492 585 2561 mrjorem
633 2496 1145 2552 condemnationem
1184 2508 1238 2553 et
1273 2499 1326 2553 iu
1366 2513 1607 2568 poenam,
1650 2518 1669 2552 ι
1722 2498 1792 2557 Ut
1824 2498 1917 2569 qui

326 2602 433 2641 non
460 2586 669 2652 v'deut,
704 2587 945 2653 videant,
973 2597 1028 2643 et
1063 2589 1158 2660 qui
1186 2590 1392 2657 vident,
1437 2608 1455 2641 ι
1493 2589 1754 2646 Pharisazi
1806 2591 1918 2657 scie-

324 2679 472 2744 licet,
517 2698 537 2733 ι
577 2681 707 2735 creci
749 2683 917 2735 oculis
947 2683 1145 2735 anian
1185 2683 1336 2737 ﬁant.
1377 2702 1397 2735 ι
1443 2683 1585 2739 Ecce
1632 2684 1778 2737 enim
1831 2683 1920 2740 ille

323 2771 543 2839 quidem
570 2786 601 2824 a
622 2771 907 2825 nativitate
930 2786 1036 2825 nou
1055 2771 1292 2837 videbat,
1315 2780 1369 2827 et
1391 2787 1536 2827 nunc
1562 2772 1711 2826 videt
1731 2772 1918 2826 anima

324 2873 381 2916 et
406 2878 489 2915 cm
506 2878 660 2932 pore.
687 2861 789 2929 Qui
817 2874 1000 2919 antem
1026 2865 1277 2918 videntur
1302 2864 1506 2931 videre,
1534 2876 1716 2920 mente
1742 2880 1921 2920 exem-

326 2954 434 3010 cati
468 2964 615 3010 sunt.
652 2956 798 3012 Duos
841 2958 985 3012 enim
1030 2958 1202 3024 visus,
1246 2968 1303 3014 et
1337 2961 1472 3013 duas
1516 2958 1789 3014 czecitates
1818 2958 1920 3013 hoc

328 3046 450 3101 loco
481 3047 632 3104 dicit.
662 3047 922 3105 Pharisaei
955 3061 1159 3118 autem,
1187 3051 1277 3121 qui
1307 3066 1521 3122 semper
1548 3051 1613 3104 ad
1641 3050 1917 3106 sensibilia

327 3150 453 3196 sunt
487 3141 680 3198 intenti
724 3144 1106 3199 existimantes
1137 3161 1260 3200 eum
1291 3146 1356 3199 de
1384 3144 1630 3199 sensibili
1675 3145 1920 3199 οειξιτίιδιο

326 3232 506 3302 loqui,
546 3254 565 3285 ι
608 3234 743 3289 Num
789 3247 845 3291 et
895 3252 1026 3300 nos,
1056 3237 1342 3306 inquiunt,
1376 3238 1502 3292 caici
1548 3236 1773 3291 smnus?
1802 3255 1819 3287 ι
1854 3235 1920 3289 Et

328 3328 470 3381 hanc
515 3327 686 3382 solam
719 3329 1057 3398 corporalem
1102 3332 1437 3387 erubescunt
1478 3330 1798 3386 caecitatem.
1851 3331 1921 3384 At

326 3417 594 3475 Dominus
619 3423 907 3478 ostendere
942 3424 1022 3477 eis
1053 3423 1241 3480 volens
1265 3424 1409 3494 quod
1446 3423 1643 3478 melius
1665 3432 1808 3478 esset
1838 3423 1920 3478 eis

325 3525 448 3567 esse
475 3527 649 3569 czecos
674 3528 928 3584 corpore,
959 3525 1013 3571 et
1045 3531 1151 3570 non
1179 3516 1511 3583 incredulos,
1542 3517 1719 3587 inquit
1753 3535 1767 3572 :
1801 3537 1819 3568 ι
1859 3515 1918 3572 Si

326 3607 455 3660 emci
486 3607 702 3674 essetis,
734 3623 843 3663 non
885 3608 1161 3666 haberetis
1198 3619 1511 3678 peccatum.
1547 3628 1566 3661 ι
1597 3609 1735 3664 Nam
1760 3610 1805 3663 si
1827 3623 1922 3677 per

328 3701 706 3755 necessitatem
736 3713 945 3758 natura:
979 3703 1235 3758 excaecati
1267 3703 1487 3769 essetis,
1519 3703 1672 3758 venia
1698 3703 1922 3757 daretur

328 3791 482 3847 vobis
522 3795 902 3850 incredulitate
948 3796 1374 3852 laborantibus:
1410 3812 1553 3851 nunc
1584 3806 1765 3851 autem
1790 3794 1918 3865 quia

330 3885 511 3941 dicitis
548 3901 641 3942 vos
668 3888 872 3954 videre,
905 3899 957 3943 et
983 3890 1142 3960 plane
1170 3891 1334 3945 etiam
1365 3891 1463 3961 ipsi
1492 3890 1619 3945 facti
1642 3899 1917 3960 spectato-

332 3993 420 4033 res
445 3978 606 4049 hujus
640 3980 889 4035 miraculi
922 3982 976 4035 iu
1007 3998 1174 4047 caeco,
1229 3983 1607 4039 incredulitate
1658 3983 1920 4038 laboratis

328 4074 528 4141 adhuc,
552 4087 663 4128 non
683 4075 831 4144 digni
853 4077 986 4131 estis
1011 4075 1189 4130 venia.
1217 4074 1347 4129 Nam
1376 4087 1655 4146 peccatum
1676 4086 1918 4132 vestrum

326 4166 622 4222 indelebile
650 4177 871 4233 manet;
901 4178 955 4224 et
986 4169 1158 4238 magis
1195 4170 1516 4240 pnuiemini,
1568 4184 1635 4224 eo
1680 4168 1825 4239 quod
1855 4183 1922 4224 ex

330 4259 611 4315 miraculis
653 4275 773 4330 qua:
832 4263 1051 4327 videtis,
1106 4266 1172 4318 ad
1229 4263 1389 4318 (idem
1447 4279 1553 4319 non
1611 4262 1918 4318 trahimini.

328 4351 492 4408 Forte
528 4362 706 4408 autem
756 4355 879 4422 quis
911 4356 1073 4410 etiam
1105 4355 1186 4411 sic
1236 4355 1605 4410 intellexerit:
1649 4374 1666 4407 ι
1705 4352 1760 4409 Si
1790 4354 1922 4411 caeci

329 4445 544 4508 essetis,
569 4460 675 4499 non
702 4445 973 4501 haberetis
995 4456 1301 4517 peccatum.
1342 4465 1361 4499 ι
1396 4444 1529 4500 Nam
1559 4461 1654 4502 vos
1678 4447 1920 4516 quidem,

333 4538 529 4604 inquit,
553 4539 619 4593 de
641 4539 915 4608 corporali
937 4539 1185 4594 caecitate
1213 4540 1582 4609 interrogatis,
1606 4554 1706 4609 ego
1736 4547 1921 4594 autem

2023 2030 2119 2087 νῦν
2152 2030 2211 2085 δὲ
2241 2028 2451 2099 λέγετε,
2501 2029 2582 2083 ὅτι
2618 2030 2932 2100 Βλέπομεν·
2965 2028 2999 2100 ἠ
3041 2028 3136 2083 οῦν
3185 2030 3431 2100 ἁμαρτία
3461 2030 3618 2101 ὑμῶν

2028 2122 2201 2193 μένει.
2247 2141 2266 2174 ι
2337 2119 2560 2191 Ἐπειδὴ
2592 2115 2733 2174 εἶδεν
2781 2121 2810 2173 6
2866 2117 3073 2190 Κύριος
3121 2120 3249 2184 τοὺς
3280 2121 3619 2192 Φαρισαίους

2029 2214 2328 2287 βλαϐέντας
2362 2213 2587 2284 μᾶλλον,
2616 2213 2718 2267 οὐκ
2751 2211 3138 2284 ὠφεληθέντας
3177 2214 3243 2266 ὲκ
3269 2212 3365 2267 τοῦ
3402 2212 3621 2283 θαύμα-

2024 2326 2136 2374 τος,
2164 2308 2259 2361 καὶ
2287 2307 2374 2361 διὰ
2401 2296 2560 2360 τοῦτο
2593 2306 2686 2359 καὶ
2718 2304 2965 2375 μείζονος
2991 2305 3380 2376 κατακρίσεως
3411 2304 3615 2374 ἀξίους,

2026 2403 2214 2472 φησὶν,
2242 2400 2353 2464 ὅτι,
2383 2398 2460 2462 ὡς
2489 2398 2656 2461 ἔοικε,
2681 2396 2775 2450 καὶ
2796 2396 2870 2461 ὡς
2892 2395 3178 2451 ἀποϐαίνει
3202 2397 3272 2450 τά
3291 2397 3616 2469 πράγματα,

2030 2512 2049 2545 ι
2090 2493 2184 2556 El;
2216 2495 2391 2563 κρῖμα
2434 2487 2598 2562 ἦλθον
2632 2488 2762 2557 ἐγὼ,
2803 2507 2822 2540 ι
2869 2488 2991 2543 ἀντὶ
3022 2490 3139 2555 τοῦ,
3164 2491 3243 2553 είς
3277 2488 3501 2560 μείζονα
3526 2490 3619 2543 κό-

2026 2589 2187 2645 λασιν
2226 2591 2324 2644 καὶ
2363 2588 2712 2659 κατάκρισιν,
2767 2607 2786 2640 ι
2834 2587 2924 2642 ἴνα
2964 2588 3015 2641 οί
3057 2586 3132 2659 μὴ
3164 2587 3455 2658 βλέποντες
3487 2587 3615 2659 βλέ-

2026 2698 2193 2746 πωσι,
2252 2682 2347 2735 καὶ
2378 2681 2428 2734 oi
2460 2680 2783 2749 βλέποντες,
2830 2698 2850 2732 ι
2887 2677 2990 2734 οἷοι
3022 2680 3073 2734 oi
3103 2681 3410 2751 Φαρισαῖοι,
3468 2699 3487 2733 ι
3524 2698 3622 2734 τυο

2027 2773 2149 2843 φλοὶ
2186 2791 2204 2825 ι
2232 2773 2358 2836 τοὺς
2379 2772 2478 2841 τῆς
2504 2769 2685 2843 ψυχῆς
2711 2770 3025 2842 ὀφθαλμοὺς
3060 2790 3078 2823 ι
3117 2760 3404 2839 γένωνται.
3438 2792 3457 2825 ι
3488 2772 3618 2827 Ἰδοὺ

2029 2869 2141 2940 γὰρ
2179 2869 2207 2921 6
2240 2869 2340 2938 μὲν
2374 2869 2439 2922 ὲκ
2473 2867 2705 2937 γενετῆς
2739 2868 2813 2939 μὴ
2846 2867 3061 2937 βλέπων
3095 2867 3302 2938 βλέπει,
3335 2870 3429 2921 καὶ
3466 2868 3614 2940 ψυχῇ

2026 2963 2124 3015 καὶ
2153 2961 2399 3031 σώματι·
2433 2960 2484 3013 oi
2514 2960 2572 3014 δὲ
2617 2959 2904 3024 δοκοῦντες
2940 2959 3182 3030 βλέπειν,
3228 2959 3619 3033 ἐτυφλώθησαν

2026 3055 2170 3109 κατά
2200 3055 2349 3108 νοῦν.
2401 3053 2506 3107 Δύο
2534 3052 2645 3124 γὰρ
2674 3052 3003 3123 summa;
3035 3051 3272 3106 ἐνταῦθα
3319 3051 3470 3120 λέγει
3524 3052 3621 3106 καὶ

2025 3149 2119 3203 δύο
2149 3147 2507 3218 τυφλότητας.
2557 3148 2622 3199 Ol
2665 3145 2723 3199 δὲ
2751 3146 2888 3217 πρὸς
2915 3145 2985 3199 τὰ
3014 3146 3246 3217 αἰσθητά
3278 3146 3366 3200 ἀεὶ
3399 3145 3624 3217 κεχηνός·

2026 3257 2114 3302 τες
2146 3238 2458 3309 Φαρισαῖοι,
2489 3234 2815 3306 νομίσαντες
2846 3235 2978 3307 περὶ
3004 3235 3269 3306 αἰσθητῆς
3299 3235 3479 3305 λέγειν
3518 3237 3622 3290 αύ-

2026 3329 2118 3383 τὸν
2139 3327 2460 3401 πηρώσεως,
2484 3345 2503 3378 ι
2536 3328 2628 3397 Μὴ
2652 3327 2745 3381 καὶ
2762 3327 2944 3398 ἡμεῖς,
2970 3327 3126 3399 φασὶ,
3149 3327 3341 3396 τυφλοί
3360 3328 3560 3398 ὲσμενς
3597 3348 3616 3381 ι

2026 3421 2234 3492 ταύτην
2285 3420 2452 3491 μόνην
2498 3420 2599 3491 τὴν
2647 3421 2966 3490 σωματικὴν
2996 3420 3377 3492 αἰσχυνόμενοι
3406 3420 3623 3490 τύφλω-

2029 3531 2135 3568 σιν.
2182 3514 2241 3568 ’0
2290 3513 2346 3566 δὲ
2391 3512 2633 3581 Κύριος,
2664 3511 2835 3577 δεῖξαι
2886 3513 3074 3576 αὐτοῖς
3129 3512 3486 3584 βουλόμενος,
3537 3514 3621 3568 ὃτι

2031 3601 2241 3673 βέλτιον
2293 3602 2530 3671 τυφλοὺς
2571 3597 2713 3655 εἷναι
2765 3600 2982 3673 σώματι
3036 3603 3132 3657 καὶ
3191 3602 3268 3674 μὴ
3324 3604 3618 3670 ἀπίστους,

2030 3691 2231 3763 φησίν·
2272 3710 2291 3743 ι
2334 3691 2398 3744 Ei
2426 3689 2622 3758 τυφλοὶ
2655 3684 2775 3760 ἦτε,
2805 3689 2908 3744 οὐκ
2941 3691 3008 3745 ἂν
3042 3691 3218 3760 είχετε
3253 3692 3555 3763 ἁμαρτίαν.
3598 3711 3617 3744 ι

2030 3785 2095 3838 Εἰ
2123 3784 2232 3854 γὰρ
2279 3783 2400 3837 κατ’
2435 3783 2687 3851 ἀνάγκην
2725 3784 2790 3837 ἐκ
2834 3783 3052 3853 φύσεως
3103 3785 3488 3855 ὲπεπήρωσθε,
3518 3786 3622 3840 €65-

2028 3877 2149 3931 δοτο
2195 3877 2260 3931 ἀν
2305 3893 2390 3939 τις
2449 3874 2748 3947 συγγνώμη
2799 3876 3064 3931 ἀπιστίαν
3116 3876 3369 3930 νοσοῦσι·
3420 3876 3517 3930 νῦν
3566 3876 3623 3935 ae

2032 3969 2287 4037 λέγοντες
2322 3967 2564 4037 βλέπειν,
2597 3968 2692 4021 καί⁸
2729 3969 2833 4036 μέν
2858 3985 2941 4021 τοι
2976 3969 3071 4022 καὶ
3103 3968 3373 4023 αὐτόπται
3396 3968 3492 4023 τοῦ
3530 3970 3625 4023 ἐπὶ

2036 4060 2115 4132 τῷ
2143 4060 2331 4131 τυφλῷ
2353 4059 2639 4128 γενόμενοι
2664 4057 2964 4129 θαύματος,
2987 4056 3107 4114 εἶτα
3133 4059 3393 4114 ἀπιστίαν
3415 4059 3629 4113 νοσοῦν·

2034 4170 2126 4219 τες
2155 4154 2258 4216 ἔτι,
2291 4153 2392 4207 οὐκ
2423 4151 2564 4217 ἄξιοί
2596 4153 2719 4206 ἐστε
2763 4150 3117 4223 συγγνώμης.
3185 4153 3251 4207 Ἠ
3306 4153 3414 4224 γὰρ
3439 4154 3626 4225 ἀμαρ-

2031 4246 2120 4300 τία
2188 4245 2341 4316 ὑμῶν
2414 4244 2806 4309 ἀνεξάλειπτος
2856 4245 3058 4317 χμένει
3092 4286 3108 4311 ,
3199 4245 3294 4298 καὶ
3361 4246 3626 4315 μειζόνως

2032 4336 2459 4406 κολασθήσεσθε,
2513 4335 2613 4390 ﬁte
2669 4335 2744 4407 μὴ
2780 4335 2837 4402 ἐξ
2878 4329 2956 4390 ὦν
2993 4338 3154 4406 ὁρᾶτε
3186 4336 3507 4406 Θαυμασίων
3547 4339 3626 4399 είς

2033 4428 2215 4483 πίστιν
2243 4427 2551 4502 ἐρχόμενοι.
2578 4428 2732 4499 Τάχα
2766 4428 2812 4482 δ’
2845 4428 2912 4482 ἀν
2961 4447 3044 4493 τις
3079 4430 3179 4483 καὶ
3231 4427 3374 4482 οὕτω
3409 4432 3625 4499 νοήσειε

2032 4522 2113 4584 τὸ,
2156 4540 2173 4575 ι
2212 4523 2272 4576 El
2303 4523 2499 4592 τυφλοί⁸
2548 4517 2671 4594 ἦτε,
2720 4523 2823 4576 οὐκ
2872 4521 2939 4577 ἂν
2990 4522 3169 4595 εἴχετε
3217 4524 3535 4594 ἁμαρτίαν
3596 4541 3617 4574 ι

332 4631 398 4685 de
426 4630 623 4686 anima:
652 4631 896 4687 caecitate
939 4632 1093 4695 dico,
1136 4633 1278 4701 quod
1313 4633 1357 4687 si
1397 4633 1593 4687 essetis
1633 4631 1787 4697 caeci,
1821 4635 1920 4688 hoc

2047 4609 2235 4681 Ὑμεῖς
2290 4611 2390 4681 μὲν
2441 4612 2573 4682 γὰρ,
2624 4612 2797 4682 φησὶ,
2838 4612 2966 4683 περὶ
3015 4612 3335 4682 σωματικῆς
3384 4613 3627 4683 ἐρωτᾶτε

2032 4702 2365 4727 unum---
2425 4701 2499 4727 .·.-
2538 4701 2707 4727 -.;.._..
2736 4700 2945 4727 -...o___..
2975 4702 3427 4727 ι--.--.....ι.--..-.
3455 4716 3469 4727 .
3515 4700 3625 4727 tua.

331 4733 417 4777 est
467 4721 703 4792 imperiti
738 4723 1173 4794 Scripturarum,
1210 4740 1316 4779 non
1349 4723 1624 4780 haberetis
1661 4724 1766 4780 tale
1797 4740 1926 4794 pec-

332 4825 538 4880 catum,
567 4814 696 4886 quia
728 4831 824 4885 per
856 4816 1218 4887 ignorantiam
1257 4816 1558 4887 peccaretis
1595 4834 1610 4871 :
1646 4832 1793 4872 nunc
1823 4831 1925 4872 an-

334 4916 441 4960 tem
475 4906 659 4963 dicitis
697 4907 841 4976 quod
875 4908 1142 4971 videatis,
1177 4919 1232 4961 et
1265 4908 1562 4976 prudentes
1604 4909 1852 4977 vosipsos
1874 4915 1931 4963 et

335 4998 678 5069 legisperitos
706 4999 914 5067 facitis,
952 5013 1006 5055 et
1033 5001 1105 5055 ita
1136 5017 1232 5071 per
1259 5016 1355 5056 vos
1399 5001 1546 5070 ipsos
1579 5001 1928 5056 condemnati

335 5092 493 5157 estis,
523 5104 580 5149 et
604 5093 780 5166 majus
811 5093 1027 5149 habetis
1054 5105 1358 5163 peccatum,
1384 5094 1510 5164 quia
1537 5094 1780 5151 scienter
1808 5097 1934 5164 pec-

340 5184 499 5240 catis.

980 5476 1211 5534 CAPUT
1255 5478 1321 5536 Χ.

343 5567 422 5622 De
444 5569 575 5622 bona
609 5580 816 5638 pastore
848 5583 895 5624 et
951 5573 1292 5627 mercenaria.
1348 5571 1621 5638 Quomodo
1660 5571 1819 5627 Iesus
1865 5572 1945 5626 ἱει-

519 5648 815 5711 tarrogams
839 5642 909 5696 sit
942 5644 996 5695 iu
1024 5646 1251 5711 porticu,
1279 5645 1405 5698 dum
1436 5642 1753 5699 mttbularel.

421 5814 582 5873 Vens.
618 5818 735 5874 1-5.
770 5837 790 5872 ι
828 5818 1020 5884 Amen,
1047 5835 1207 5897 amen
1231 5821 1350 5878 dico
1383 5820 1572 5878 vobis:
1604 5820 1695 5893 qui
1725 5836 1829 5877 non
1858 5821 1937 5876 in-

347 5918 455 5965 trat
487 5925 582 5982 per
613 5912 810 5969 ostium
849 5912 901 5968 in
961 5912 1231 5971 stabulant
1302 5913 1507 5981 ovimu,
1566 5913 1660 5972 sed
1717 5912 1935 5970 aliunde

2032 4702 2388 4772 τυφλότητος,
2424 4701 2499 4762 ὼς
2536 4701 2707 4771 μόνην
2736 4700 2945 4773 ταύτην
2974 4702 3434 4773 ἐπαισχυνόμενοι
3455 4716 3469 4732 ·
3514 4700 3627 4769 ὲγὼ

2031 4790 2088 4843 δὲ
2144 4791 2272 4859 περὶ
2316 4790 2414 4859 τῆς
2456 4789 2699 4860 ψυχικῆς
2749 4789 2906 4859 ὑμῶν
2940 4788 3086 4858 λέγω
3142 4789 3494 4859 τυφλὼσεως,
3543 4791 3628 4844 ὅτι

2040 4899 2059 4933 ι
2095 4881 2191 4935 ὲάν
2214 4876 2312 4953 ἦτε
2337 4880 2553 4950 τυφλοὶ,
2591 4899 2608 4932 ›
2627 4881 2946 4945 τουτέστιν,
2971 4881 3209 4950 ἀμαθεῖς
3231 4882 3341 4936 τῶν
3366 4882 3626 4953 Γραφῶν,

2040 4994 2060 5029 ι
2098 4976 2199 5028 οὐκ
2222 4975 2287 5027 ἂν
2312 4974 2589 5045 ἁμαρτίαν
2617 4974 2823 5043 εἴχετε»
2854 4973 3217 5047 τηλικαύτην,
3238 4976 3315 5039 ὡς
3346 4977 3404 5027 ὲν
3437 4976 3631 5045 ἀγνοίᾳ

2041 5067 2486 5138 ἁμαρτάνοντες·
2537 5064 2633 5120 νῦν
2684 5065 2742 5119 δὲ
2795 5066 3026 5136 λέγετε,
3082 5068 3165 5121 ὃτι
3214 5066 3478 5137 βλέπετε,
3534 5069 3633 5123 καὶ

2043 5161 2341 5233 φρονίμους
2380 5162 2612 5224 ἑαυτοὺς
2667 5161 2763 5214 καὶ
2806 5154 3145 5233 νομομαθεῖς
3182 5160 3446 5227 ποιεῖσθε,
3487 5159 3632 5214 ὥστε

2037 5252 2500 5325 αὐτοκατάκριτοί
2545 5253 2696 5316 ἐστε,
2741 5253 2841 5307 καὶ
2898 5254 3125 5326 μείζονα
3180 5252 3280 5327 τὴν
3343 5255 3626 5327 ἁμαρτίαν

2022 5346 2214 5418 ἔχετε,
2245 5347 2321 5411 ὼς
2347 5348 2405 5401 ὲν
2443 5347 2647 5417 γνώσει
2671 5346 3104 5417 ἁμαρτάνοντες.

2666 5461 2919 5519 ΚΕΦΑΔ.
2962 5463 3018 5518 l'.

2045 5554 2184 5623 Περὶ
2203 5554 2309 5609 τοῦ
2333 5555 2524 5610 καλοῦ
2548 5551 2853 5625 ποιμένος,
2879 5554 2980 5609 καί
3001 5540 3326 5625 μισθωτοῦ.
3357 5556 3491 5625 Περί
3526 5555 3633 5609 τοῦ

2116 5625 2318 5707 Ἰησορ
2372 5624 2773 5695 ἐρωτηθέντος
2802 5625 2873 5681 ἐν
2904 5625 2977 5695 τῇ
3003 5623 3197 5695 στοᾷ,
3236 5627 3307 5681 ἐν
3346 5623 3447 5693 τῷ
3472 5638 3637 5694 περι-

2121 5709 2349 5753 πατειν.
2396 5742 2402 5747 .

2131 5832 2149 5864 ι
2201 5814 2396 5885 ’Λμὴν,
2423 5814 2570 5886 ἀμὴν
2597 5813 2741 5885 λέγω
2785 5815 2936 5886 ὑμῖν,
2966 5814 2996 5868 6
3027 5811 3102 5885 μή
3137 5809 3518 5883 εἰσερχόμενος
3548 5809 3637 5863 διὰ

2049 5912 2147 5983 τῆς
2177 5908 2350 5983 θύρας
2381 5911 2460 5974 εἰς
2492 5910 2587 5983 τὴν
2632 5909 2803 5983 αὐλὴν
2851 5909 2960 5965 τῶν
2992 5908 3301 5982 προϐάτων,
3336 5906 3472 5963 ἀλλὰ
3504 5908 3625 5963 ἀνα·
