4060 6606
370 426 441 491 5;,
506 404 521 427 ’
1064 419 1507 484 ENARRATIO
1547 418 1631 481 IN
1656 418 2159 482 EVANGELlUM
2194 420 2538 487 JOANNIS.
2567 450 2638 461 —-
2671 426 2828 490 CAP.
2863 430 2934 491 Χ.
3591 433 3663 498 co

366 540 571 596 σαίνων
594 536 921 611 ἀλλαχόθεν,
942 539 1165 603 ’ἐκεῖνος
1185 537 1424 608 κλέπτης
1445 537 1565 592 ἐστὶ
1581 536 1674 592 καὶ
1733 534 1964 610 λῃστής.

2071 538 2333 606 ascendit,
2381 539 2468 594 ille
2521 539 2609 594 fur
2657 550 2743 598 est
2794 553 2848 599 et
2883 543 3038 600 latro.
3091 543 3193 613 Qui
3258 558 3440 604 autem
3497 550 3666 606 intrat

378 634 440 686 Ὀ
469 634 526 687 δὲ
551 633 934 705 εἰσερχόμενος
963 632 1052 687 διὰ
1084 632 1183 704 τῆς
1213 630 1409 702 θύρας,
1454 630 1664 702 ποιμήν
1699 631 1817 683 ἐστι
1846 628 1956 682 τῶν

367 726 682 796 προϐάτων.
738 724 982 797 Τούτῳό
1010 724 1259 797 θυρωρὸς
1306 723 1538 792 ἀνοίγει,
1580 724 1676 777 καὶ
1706 722 1777 778 τὰ
1828 722 1966 793 πρό-

367 818 513 872 ϐατα
543 818 645 888 τῆς
680 818 869 889 φωνῆς
893 817 1058 874 αὐτοῦ
1089 818 1312 872 ἀκούει·
1355 816 1452 870 καὶ
1472 817 1539 871 τὰ
1575 814 1684 870 ίδια
1713 814 1966 887 πρόϐατα

369 910 531 964 καλεῖ
584 909 708 965 κατ’
758 910 955 982 ὄνομα,
1008 909 1104 963 καὶ
1143 909 1332 978 ἐξάγει
1384 907 1544 963 αύτά.
1598 907 1712 960 Καὶ
1739 906 1869 959 ὅταν
1895 905 1966 960 τὰ

370 1002 485 1056 ἴδια
534 1003 783 1074 πρόϐατα
819 1003 1052 1075 ἐκϐάλῃ,
1080 1001 1394 1074 ἔμπροσθεν
1429 1001 1611 1055 αὐτῶν
1641 999 1959 1071 πορεύεται,

371 1094 469 1149 καὶ
496 1094 566 1147 τὰ
591 1094 842 1166 πρόϐατα
873 1095 1024 1167 αύτῷ
1053 1094 1359 1167 ἀκολουθεί,
1394 1094 1477 1147 ὅτι
1510 1093 1687 1147 οἴδασι
1721 1093 1822 1162 τὴν
1850 1108 1964 1160 φω-

369 1191 468 1260 νὴν
492 1188 684 1244 αὑτοῦ.
726 1189 1019 1261 ’Λλλοτρίῳ
1045 1188 1101 1243 δὲ
1130 1189 1191 1241 ού
1223 1188 1301 1259 μὴ
1334 1186 1796 1255 ἀκολουθήσωσιν,
1828 1183 1965 1238 ἀλλὰ

371 1282 665 1351 φεύξονται
721 1281 818 1335 ἀπ’
850 1282 1039 1347 αὑτοῦ,
1069 1283 1151 1336 ὅτι
1181 1282 1283 1335 οὐκ
1325 1282 1499 1341 οἴδασι
1527 1280 1634 1333 τῶν
1664 1278 1963 1349 ἀλλοτρίων

368 1374 469 1441 τὴν
488 1375 690 1442 φωνήν.
705 1391 726 1426 ι
743 1371 968 1443 Ἐπειδὴ
984 1373 1246 1427 ἀπιστίαν
1261 1372 1445 1435 αὐτοῖς
1459 1368 1735 1425 ὠνείδισεν
1768 1387 1791 1422 ε
1802 1373 1962 1437 ίπὼν,

369 1464 454 1518 ὅτι
480 1463 685 1534 Τυφλοὶ
739 1464 908 1528 ὅντως
953 1463 1079 1518 ἐστὲ
1118 1465 1262 1519 κατὰ
1296 1463 1495 1534 ψυχὴν,
1524 1463 1613 1517 διὰ
1641 1463 1802 1517 τοῦτο
1831 1464 1965 1516 αὐτὸ

371 1565 435 1608 τὸ
466 1558 566 1627 τῆς
591 1556 852 1620 ἀπιστίας
878 1556 1070 1620 πάθος,
1091 1556 1178 1610 ἵνα
1212 1556 1286 1627 μὴ
1318 1555 1483 1626 ἔχωσι
1514 1554 1716 1624 λέγειν,
1750 1555 1833 1609 ὅτι
1887 1554 1964 1608 υύ

368 1648 461 1703 διὰ
490 1650 551 1702 τὸ
580 1645 721 1704 εἶναι
747 1649 965 1719 τυφλοὶ,
1001 1650 1119 1704 ἀλλ’
1154 1650 1230 1714 ὡς
1270 1649 1466 1704 πλάνον
1501 1648 1799 1719 φεύγοντες
1828 1648 1964 1702 ἀπο-

374 1743 751 1815 στρεφόμεθα,
778 1744 921 1816 ὑπὲρ
943 1744 1137 1797 τούτου
1162 1743 1350 1797 λοιπὸν
1384 1743 1552 1797 πολὺν
1611 1746 1847 1797 ποιεῖται
1872 1742 1963 1796 τὸν

2052 647 2165 702 ’ρετ
2197 633 2419 702 ostium,
2456 642 2642 705 pastor
2675 648 2758 692 est
2794 641 2999 719 orium.
3038 638 3171 697 Huic
3212 644 3477 700 ostiarius
3524 660 3660 716 ape-

2067 724 2164 791 rit,
2202 734 2410 781 et0ves
2443 742 2633 783 vocem
2666 728 2785 800 ejus
2819 732 3064 786 audiunt.
3113 732 3177 788 Et
3226 737 3474 806 proprias
3532 752 3666 794 ores

2064 823 2225 868 vocat
2250 815 2593 882 nominatim,
2619 826 2671 871 et
2698 818 2879 872 educit
2895 834 3012 873 eas.
3036 820 3095 875 Et
3114 837 3237 877 cum
3261 826 3510 894 proprias
3533 842 3666 884 oves

2065 898 2329 973 emiserit,
2354 917 2480 963 ante
2502 923 2597 964 eas
2644 911 2814 975 vadit,
2868 923 2922 967 et
2977 928 3105 969 oves
3129 915 3279 969 illum
3338 931 3663 988 sequuntur,

2065 1000 2194 1070 quia
2220 1012 2488 1055 noverunt
2517 1017 2701 1057 vocem
2737 1004 2875 1070 eius.
2909 1004 3156 1061 Alienum
3204 1020 3384 1064 autent
3419 1027 3523 1067 non
3573 1029 3667 1069 se-

2065 1100 2319 1161 quentur,
2344 1095 2439 1147 sed
2487 1093 2694 1164 fugient
2729 1095 2796 1149 ah
2830 1111 2915 1159 co,
2960 1097 3085 1164 quia
3116 1114 3221 1152 non
3267 1116 3535 1157 noverunt
3568 1119 3665 1159 voc

2066 1198 2183 1239 cem
2219 1184 2545 1239 alienorum.
2581 1205 2598 1237 ο
2633 1185 2801 1260 644
2832 1187 3121 1260 Postquam
3173 1192 3282 1247 illis
3318 1195 3668 1251 incredulita-

2067 1281 2173 1327 tem
2203 1274 2423 1342 ohjccit,
2450 1275 2637 1330 dicens
2663 1294 2678 1328 :
2715 1275 2851 1329 Vere
2880 1281 3004 1333 caeci
3053 1282 3185 1335 estis
3209 1286 3506 1339 secundum
3540 1286 3664 1341 ani-

2066 1379 2209 1418 mam
2236 1379 2460 1435 propter
2494 1369 2898 1426 incredulitatis
2934 1373 3206 1438 morbum,
3261 1386 3319 1428 ut
3361 1391 3428 1431 ne
3457 1380 3667 1445 possint

2065 1455 2245 1511 dicere
2286 1476 2299 1510 :
2331 1456 2447 1513 Non
2483 1474 2799 1515 aversantur
2829 1463 2985 1533 quasi
3015 1467 3165 1529 θεοῦ,
3200 1467 3293 1521 sed
3322 1477 3377 1521 ut
3407 1474 3664 1526 seducto-
3736 1490 3741 1509 ί

2066 1566 2180 1606 rem
2209 1561 2261 1607 te
2294 1553 2550 1624 fugimus,
2589 1557 2654 1612 de
2686 1558 2787 1611 hoc
2829 1574 2973 1613 nunc
3003 1559 3131 1615 facit
3162 1563 3428 1632 prolixum
3455 1582 3668 1622 sermo-

2067 1658 2189 1699 nem
2217 1663 2230 1699 :
2257 1655 2313 1700 et
2339 1646 2469 1716 quid
2506 1646 2677 1703 facit?
2705 1648 2910 1706 Indicia
2957 1655 3109 1722 ponit
3152 1655 3263 1710 rcri
3324 1660 3578 1727 pastoris,
3613 1666 3669 1716 et

2065 1739 2177 1810 lupi
2213 1749 2267 1794 ct
2309 1744 2622 1811 perniciosi,
2656 1754 2711 1799 ct
2743 1746 2824 1801 sic
2873 1748 3110 1818 seipsuut
3148 1753 3388 1806 ostendit
3434 1769 3463 1807 a
3514 1765 3670 1824 parte

370 1836 533 1905 λόγον
554 1854 568 1867 ·
603 1839 697 1891 καὶ
737 1838 792 1893 τί
834 1840 1014 1906 ποιεῖς
1047 1837 1129 1891 Τὰ
1152 1837 1516 1909 γνωρίσματα
1563 1836 1747 1908 τίθησι
1777 1836 1870 1890 τοῦ
1901 1854 1961 1890 τε

2070 1832 2332 1887 honorum
2382 1849 2526 1902 esse,
2587 1836 2954 1892 tcStimonium
3014 1839 3083 1894 ah
3121 1844 3374 1911 cperihus
3416 1859 3662 1901 sumens.

373 1930 635 2000 ἀληθινοῦ
687 1934 968 2002 ποιμένος,
1019 1933 1115 1985 καὶ
1144 1932 1241 1983 τοῦ
1300 1930 1465 1984 λύκου
1510 1931 1606 1984 καὶ
1661 1928 1963 2001 λυμεῶνος,

2073 1925 2137 1980 Et
2172 1925 2320 1996 prius
2351 1926 2550 1983 indicia
2584 1931 2736 2019 ponit
2768 1932 3083 2000 perniciosi.
3118 1932 3210 1988 Ille
3250 1937 3417 2002 enim,
3457 1939 3660 2007 inquit,

372 2025 471 2078 καὶ
500 2024 674 2090 οὔτως
708 2025 905 2080 ἑαυτὸν
943 2023 1295 2079 ἀποδείκνυσι
1324 2023 1427 2095 τῆς
1456 2023 1671 2093 ἀγαθῆς
1694 2024 1822 2077 ὄντα
1857 2024 1967 2095 μοί-

376 2135 500 2186 ρας,
555 2117 666 2172 ἀπὸ
694 2119 803 2171 τῶν
834 2118 1178 2188 πραγμάτων
1209 2118 1311 2187 τὴν
1359 2116 1669 2188 μαρτυρίαν
1708 2116 1969 2185 ποιούμε-

374 2227 491 2273 νος·
526 2209 620 2263 καὶ
660 2209 928 2279 πρότερον
959 2211 1025 2261 τα
1051 2206 1535 2279 χαρακτηριστικὰ
1561 2208 1656 2260 τοῦ
1685 2205 1965 2278 λυμεῶνος

371 2303 611 2372 τίθησιν.
676 2301 914 2365 Ἐκεῖνος
961 2299 1110 2371 γὰρ,
1143 2301 1331 2371 φησὶν,
1381 2298 1483 2353 ούκ
1527 2299 1834 2370 εἰσέρχεται
1878 2298 1968 2354 διὰ

370 2395 471 2467 τῆς
497 2394 693 2465 θύρας,
717 2396 989 2461 τουτέστι,
1007 2394 1097 2448 διὰ
1122 2393 1230 2448 τῶν
1248 2391 1482 2464 Γραφῶν
1502 2408 1516 2422 °
1545 2392 1607 2446 οὐ
1636 2395 1746 2464 γὰρ
1766 2394 1967 2464 χρᾶται

372 2490 496 2552 ταῖς
543 2488 792 2560 Γραφαῖς
849 2488 1140 2558 μάρτυσιν,
1182 2487 1304 2541 οὐδὲ
1351 2488 1464 2550 τοῖς
1511 2488 1843 2558 προφήταις.
1876 2486 1966 2557 Τῷ

372 2578 491 2633 ὄντι
535 2582 644 2650 γὰρ
686 2579 831 2653 θύρα
874 2582 932 2634 αἱ
968 2580 1187 2652 Γραφαί
1208 2596 1224 2612 ·
1251 2578 1319 2633 δι’
1350 2578 1531 2633 αὐτῶν
1556 2580 1666 2650 γὰρ
1695 2579 1969 2650 προσαγό-

379 2673 523 2740 μεθα
558 2673 636 2744 τῷ
661 2673 803 2745 Θεῷ.
838 2669 1011 2729 Αῦται
1038 2674 1158 2737 τοὺς
1189 2673 1385 2734 λύκους
1418 2673 1518 2725 ούκ
1543 2673 1768 2741 ἀφιᾶσιν
1800 2673 1968 2726 εἰσελ·

379 2763 492 2819 θεῖν
514 2783 531 2798 σ
596 2766 925 2838 ἀπείργουσι
949 2765 1060 2838 γὰρ
1084 2766 1213 2830 τοὺς
1238 2766 1575 2837 αἰρετικοῦς,
1611 2767 1667 2817 ἐν
1694 2765 1967 2836 ἀσφαλείᾳ

374 2856 525 2927 ἡμᾶς
556 2856 918 2923 καθιστῶσαι,
953 2859 1046 2911 καὶ
1095 2857 1320 2926 γνώμας
1363 2855 1606 2911 διδοῦσαι
1638 2858 1767 2927 περὶ
1794 2850 1869 2910 ὧν
1900 2857 1966 2911 ἂν

377 2949 981 3022 βουλοίμεθαπάντων.
1011 2950 1267 3020 Κλέπτης
1293 2950 1385 3004 οὖν
1411 2952 1439 3004 6
1471 2952 1545 3022 μὴ
1575 2951 1663 3004 διὰ
1690 2952 1798 3005 τῶν
1821 2951 1966 3023 Γρα-

376 3041 495 3110 φῶν
535 3044 921 3115 εἰσερχόμενος
976 3045 1056 3108 είς
1107 3042 1206 3115 τὴν
1266 3043 1437 3116 αὐλὴν
1486 3043 1594 3097 τῶν
1650 3043 1964 3115 προϐάτων,

383 3134 520 3190 ἷιστε
552 3136 898 3206 προνοεῖσθαι
955 3138 1156 3197 αὐτῶν.
1215 3137 1332 3190 ἀλλ’
1380 3138 1688 3192 ἀναϐαίνων
1720 3137 1963 3203 ἄλλοθεν,

380 3230 673 3294 τουτέστιν,
710 3229 905 3299 ἑτέραν
936 3230 1116 3301 ἐαυτῷ
1146 3230 1263 3284 ὁδὸν
1294 3216 1509 3300 τέμνων
1541 3232 1635 3284 καὶ
1671 3230 1918 3302 ἀσυνήθη
1943 3247 1959 3262 ο

378 3319 569 3390 ὥσπερ
598 3321 624 3373 6
653 3320 860 3384 Θευδᾶς
910 3323 1005 3377 καὶ
1064 3322 1300 3392 Ἰούδας,
1352 3323 1402 3376 οἳ
1444 3323 1551 3393 πρὸ
1591 3322 1686 3376 τοῦ
1730 3320 1965 3394 Χριστοῦ

379 3413 756 3484 πλανήσαντες
783 3414 874 3468 τὸν
902 3414 1053 3481 λαὸν,
1111 3414 1427 3487 διέφθειράν
1459 3433 1520 3467 τε
1548 3417 1643 3468 καὶ
1672 3413 1993 3486 διεφθάρη-’

379 3518 483 3557 σαν
502 3521 518 3536 ·
548 3499 660 3568 οἷος
687 3505 843 3559 ἔσται
893 3508 989 3560 καὶ
1012 3508 1041 3560 6
1072 3506 1270 3578 μιαρὸς
1319 3505 1710 3575 Ἀντίχριστος.
1753 3503 1829 3559 Οὐ
1858 3503 1968 3574 γὰρ

375 3598 443 3650 ἐκ
472 3598 581 3651 τῶν
612 3597 652 3650 Γ
657 3598 849 3669 ραφῶν
879 3597 1091 3662 τούτοις
1120 3600 1154 3669 ἡ
1186 3598 1487 3675 μαρτυρία.
1546 3597 1705 3651 Ἀλλὰ
1734 3595 1842 3668 γὰρ
1875 3598 1968 3649 καὶ

376 3692 506 3754 τοὺς
555 3692 595 3744 Γ
603 3695 913 3763 ραμματεῖς
948 3693 1273 3758 αἰνίττεται,
1328 3692 1377 3745 οἳ
1421 3692 1530 3744 τῶν
1580 3690 1678 3761 μὲν
1726 3688 1968 3760 νομικῶν

374 3782 736 3853 ἐνταλμάτων
785 3784 975 3838 οὐδένα
1022 3784 1181 3853 λόγον
1233 3785 1453 3838 ἐποίουν
1479 3824 1494 3847 ,
1549 3783 1859 3853 ἐν-ἁλματα
1910 3781 1967 3835 δέ

374 3874 686 3947 ἀνθρώπων
717 3875 814 3930 καὶ
862 3877 1197 3949 παραδόσεις
1235 3877 1540 3930 ἐδίδασκον.
1575 3873 1878 3945 Προσφυῶς
1912 3873 1968 3927 δὲ

376 3964 503 4021 εἶπε
549 3969 632 4035 τὸ,
679 3986 698 4021 ι
744 3970 1099 4032 Ἀναϐαίνω),
1152 3989 1170 4022 ι
1205 3967 1235 4021 ὃ
1264 3967 1503 4022 κλέπτου
1551 3969 1666 4020 ἐστὶ
1712 3964 1968 4036 φραγμὸν

376 4061 822 4133 ύπερπηδῶντος,
854 4064 948 4117 καὶ
976 4063 1153 4116 πάντα
1205 4058 1565 4123 ἐπικινδύνως
1609 4059 1964 4130 πράττοντος.

378 4150 535 4216 Εἶδες
564 4155 637 4208 τὰ
669 4155 1031 4227 γνωρίσματα
1058 4155 1153 4209 τοῦ
1185 4153 1421 4227 inarsit;
1471 4156 1615 4224 Ὅρα
1649 4154 1744 4206 καὶ
1771 4153 1839 4206 τὰ
1871 4150 1967 4207 τοῦ

377 4247 659 4316 ποιμένος.
705 4248 766 4300 '0
795 4248 906 4319 γὰρ
939 4246 1145 4319 ποιμὴν
1177 4246 1265 4299 διὰ
1291 4245 1401 4300 τῶν
1443 4245 1679 4317 Γραφῶν
1722 4243 1969 4314 είσέρχε-

378 4355 495 4405 ται,
531 4339 628 4392 καὶ
656 4338 835 4412 τούτῳ
862 4343 891 4393 6
921 4339 1170 4412 θυρωρὸς
1191 4339 1421 4409 ἀνοίγει.
1454 4337 1714 4410 Θυρωρδν
1743 4337 1798 4390 δὲ
1819 4337 1854 4407 ἣ
1878 4336 1969 4389 τὸν

377 4431 586 4486 Mucia
621 4449 712 4503 μοι
738 4432 849 4486 νόει
901 4425 1079 4505 (οὗτος
1107 4433 1217 4504 γὰρ
1245 4431 1340 4485 τοῦ
1380 4428 1515 4484 Θεοῦ
1550 4428 1849 4501 ἐπιστεύθη
1881 4428 1971 4481 λό-

380 4537 509 4591 για’
543 4522 723 4594 ἦνοιξε
760 4525 817 4578 δὲ
845 4526 871 4577 6
892 4524 1097 4594 Μωσῆς
1123 4524 1202 4596 τῷ
1225 4523 1438 4594 Κυρίῳ,
1471 4522 1601 4594 περὶ
1630 4521 1799 4575 αὐτοῦ
1832 4521 1970 4575 πάν-

2070 2032 2173 2071 non
2213 2016 2514 2088 ingreditur
2553 2016 2647 2090 per
2671 2023 2895 2087 ostium,
2927 2024 3028 2079 hoc
3060 2034 3144 2080 est
3200 2042 3294 2096 per
3329 2026 3663 2098 Scripturas.

2072 2107 2188 2163 Non
2224 2111 2366 2164 enim
2397 2110 2567 2164 utitur
2591 2111 2891 2182 Scripturis
2936 2116 3186 2180 testibus,
3216 2135 3391 2187 neque
3422 2122 3661 2190 pt0phe-

2071 2203 2162 2256 tis.
2200 2201 2332 2256 Nam
2364 2203 2610 2273 profecto
2644 2205 2942 2277 Scriptura:
2968 2210 3167 2264 ostium
3216 2222 3343 2265 sunt
3391 2227 3487 2281 per
3524 2227 3664 2282 quas

2069 2299 2384 2354 adducimur
2417 2304 2483 2354 ad
2513 2301 2679 2355 Deum
2715 2319 2730 2369 ;
2768 2303 2870 2356 illa:
2898 2302 3052 2373 lupos
3089 2321 3194 2359 non
3221 2307 3544 2375 permittunt
3574 2305 3665 2360 itt-

2042 2390 2254 2444 ‘trare':
2286 2392 2576 2460 prohibent
2604 2394 2746 2448 enim
2792 2394 3099 2459 haereticos,
3139 2406 3197 2450 ut
3233 2412 3332 2451 nos
3370 2400 3547 2452 securi
3587 2398 3665 2453 si-

2071 2498 2190 2537 mus
2221 2498 2237 2540 :
2267 2494 2321 2538 ct
2350 2485 2415 2538 de
2449 2484 2701 2540 omnibus
2733 2485 2997 2541 rationem
3031 2488 3183 2553 dant,
3226 2488 3294 2541 de
3324 2489 3526 2557 quibus
3562 2503 3662 2543 το·-

2070 2572 2354 2629 luerimns.
2390 2572 2497 2628 Fur
2527 2575 2692 2644 igitur
2731 2585 2815 2630 est
2842 2576 2933 2644 qui
2970 2592 3074 2630 non
3111 2592 3207 2646 per
3242 2577 3554 2648 Scripturas
3582 2581 3666 2634 in-

2071 2666 2316 2736 greditur
2345 2667 2396 2722 itt
2455 2669 2722 2722 stuhu‘nm
2777 2671 2981 2735 ovium,
3038 2680 3094 2724 ut
3152 2670 3256 2724 illis
3320 2674 3655 2742 prospiciat:

2070 2762 2162 2815 sed
2197 2760 2442 2817 ascendit
2476 2760 2715 2827 aliunde,
2782 2762 2885 2817 hoc
2931 2773 3016 2818 est
3071 2763 3229 2818 aliam
3272 2766 3375 2820 sibi
3439 2767 3577 2822 riam
3607 2777 3664 2822 ct

2070 2853 2342 2907 insolitam
2371 2864 2546 2924 parat,
2586 2856 3045 2921 quemadmodum
3095 2857 3346 2912 'l'lteudas
3367 2867 3423 2915 et
3461 2857 3657 2925 ludas,

2069 2946 2316 3016 quicum
2369 2956 2492 2999 ante
2537 2946 2745 3001 Christi
2792 2957 3034 3017 tempora
3094 2949 3346 3017 populum
3406 2951 3660 3006 seduxis-

2069 3050 2211 3105 sent,
2256 3040 2431 3111 ipsum
2480 3040 2831 3109 perdiderunt
2880 3053 2934 3097 et
2988 3044 3150 3099 simul
3208 3046 3309 3115 ipsi
3363 3046 3661 3113 perierunt.

2071 3128 2220 3185 Talis
2248 3140 2302 3186 et
2330 3132 2697 3188 Antichristns
2747 3134 2871 3190 erit.
2923 3133 3039 3189 Non
3083 3135 3229 3190 enim
3256 3150 3322 3191 ex
3363 3137 3663 3206 Scripturis

2070 3222 2177 3278 illis
2235 3225 2563 3280 testimonia.
2604 3225 2830 3295 Insuper
2863 3237 2913 3282 et
2947 3227 3169 3282 Scrihas
3217 3237 3392 3282 notat.
3430 3228 3564 3283 Nam
3607 3228 3663 3284 l.i

2069 3317 2288 3386 quidem
2320 3319 2575 3372 mandata
2627 3318 2762 3389 legis
2804 3319 3249 3389 parvifaciehant,
3283 3322 3536 3376 mandata
3565 3336 3667 3376 au—

2070 3414 2176 3460 tem
2218 3404 2498 3461 hominum
2548 3416 2603 3460 et
2648 3408 2964 3466 traditiOnes
3025 3411 3292 3466 docebant
3353 3413 3660 3482 diligenter.

2066 3496 2326 3567 Apposite
2348 3511 2528 3554 autem
2555 3501 2686 3555 dicit
2715 3520 2733 3553 ι
2767 3502 2866 3568 Qui
2921 3505 3186 3567 ascendit,
3225 3523 3244 3557 ι
3282 3504 3333 3559 id
3360 3505 3502 3574 quod
3527 3504 3662 3559 furis

2069 3600 2155 3645 est
2181 3606 2365 3661 sepem
2387 3593 2760 3657 transilientis,
2777 3605 2830 3648 et
2857 3594 3038 3649 omnia
3061 3611 3181 3649 cum
3206 3594 3664 3666 periculoi'acien-

2071 3683 2161 3737 tis.
2198 3681 2386 3739 Vidisti
2419 3684 2617 3739 indicia
2650 3685 2921 3739 latronis?
2951 3686 3080 3740 Vide
3109 3696 3163 3740 et
3193 3701 3311 3756 quae
3339 3689 3448 3742 sint
3476 3698 3664 3757 pasto-

2068 3774 2165 3828 ris.
2201 3773 2394 3829 Pastor
2439 3774 2581 3828 enitn
2629 3791 2726 3844 per
2776 3774 3087 3845 Scripturas
3138 3778 3453 3847 ingreditur,
3501 3788 3555 3833 et
3610 3779 3663 3834 éi

2070 3868 2327 3943 ostiarius
2363 3870 2559 3937 aperit.
2593 3867 2887 3924 Ostiarinm
2921 3879 3100 3926 autem
3134 3871 3213 3924 rei
3245 3871 3430 3926 Mosen
3470 3870 3667 3925 intelli-

2009 3968 2015 3973 ‘
2068 3975 2154 4034 ge,
2187 3963 2270 4016 cui
2311 3961 2492 4016 divina
2541 3962 2767 4033 Eloquia
2813 3965 3122 4018 concredita
3181 3962 3417 4018 fuerunt.
3469 3963 3661 4033 Aperit

2070 4064 2246 4105 autem
2273 4051 2450 4108 Moses
2474 4053 2723 4119 Domino,
2759 4055 2823 4108 de
2847 4056 2963 4120 ipso
2987 4039 3208 4109 cumino
3252 4056 3461 4119 dicens,
3516 4059 3659 4110 sicut

2069 4150 2121 4197 cl
2152 4143 2410 4199 Dominus
2448 4145 2565 4214 ipse
2596 4147 2765 4201 dicit:
2803 4164 2821 4196 ι
2867 4144 2924 4198 Si
2961 4148 3257 4201 crederetis
3291 4147 3446 4211 Mosi,
3478 4150 3668 4203 credr-

2068 4235 2203 4291 retis
2233 4236 2417 4308 utique
2455 4237 2671 4290 mihi".
2715 4255 2734 4288 ι
2782 4237 2870 4292 Vel
2899 4238 3137 4306 Spiritus
3167 4251 3393 4295 sanctus
3438 4254 3521 4296 ρει
3565 4257 3660 4296 03--

2070 4329 2281 4387 tiarius.
2316 4328 2450 4385 Nam
2478 4331 2600 4401 quia
2630 4333 2682 4386 iu
2716 4332 2920 4400 Spiritu
2957 4343 3149 4387 sancto
3199 4333 3572 4403 intelliguntur
3599 4349 3655 4392 et

2070 4412 2391 4493 aperiuntur
2416 4423 2712 4495 Scripturzc
2734 4441 2850 4492 qua!
2869 4425 3161 4480 ostendunt
3185 4430 3341 4482 nobis
3364 4429 3665 4497 Christum,

2073 4518 2265 4571 merito
2288 4518 2543 4573 ostiarius
2575 4519 2773 4573 dicitur
2800 4520 3037 4589 Spiritus
3064 4531 3310 4589 sanctus,
3353 4522 3407 4576 in
3457 4539 3567 4593 quo
3610 4535 3671 4581 ut

380 4632 493 4680 τως
538 4617 712 4671 εἰπὼν
758 4616 894 4689 (50),
927 4616 1003 4682 ὡς
1030 4620 1123 4671 καὶ
1150 4620 1177 4671 6
1206 4617 1411 4688 Κύριος
1455 4616 1618 4681 αὐτός
1658 4632 1846 4687 φησιν,
1883 4615 1965 4668 ὅτι

2076 4608 2279 4677 Spiritu
2310 4610 2591 4679 sapientia:
2641 4619 2694 4664 et
2721 4613 2964 4666 scientia:
2994 4610 3290 4681 Scriptura:
3317 4614 3664 4685 aperiuntur,

391 4726 411 4759 ι
447 4709 509 4761 Et
531 4709 845 4762 ἐπιστεύετε
869 4710 1066 4780 Μωσῇ,
1090 4707 1408 4763 ἐπιστεύετε
1430 4707 1496 4761 ἂν
1527 4706 1650 4777 ἐμοί
1682 4701 1732 4774 ὅ)
1758 4723 1771 4735 ·
1807 4704 1840 4777 ἦ
1874 4705 1971 4758 καὶ

384 4798 451 4854 tto
477 4798 707 4871 Πνεῦμα
727 4800 788 4853 τὺ
816 4799 972 4869 ἆγιόν
999 4806 1147 4855 ἐστιν
1166 4803 1196 4855 6
1257 4801 1521 4874 θυρωρός.
1602 4798 1754 4852 Ἐπεὶ
1780 4798 1892 4869 γὰρ
1913 4799 1971 4852 ἐν

386 4891 670 4961 Πνεύματι
709 4893 849 4962 ἁγίῳ
895 4892 1183 4964 νοούμεναι
1216 4894 1311 4947 καὶ
1339 4892 1690 4963 ἀνοιγόμεναι
1734 4892 1789 4944 αἱ
1827 4890 1974 4961 Γρα-

389 4985 512 5053 goat,
540 4984 878 5040 δεικνύουσιν
911 4988 1042 5056 ἡμῖν
1063 4985 1154 5040 τὸν
1180 4985 1437 5057 Χριστὸν,
1469 4985 1697 5048 εἰκότως
1726 4982 1972 5055 θυρωρὸς

388 5081 456 5130 τὸ
497 5074 727 5146 Πνεῦμα
755 5076 816 5129 τὸ
854 5075 1028 5144 ἅγιον,
1070 5076 1129 5129 ἐν
1164 5067 1304 5144 ᾧὼς
1338 5074 1619 5145 [Ινεύματι
1653 5072 1844 5142 σοφίας
1880 5072 1975 5124 καὶ

392 5167 647 5238 γνώσεως
673 5169 730 5221 at
775 5167 992 5238 Γραφαὶ
1040 5166 1425 5236 διανοίγονται,
1455 5166 1524 5221 δι’
1552 5160 1628 5219 ὧν
1662 5166 1975 5234 εἰσέρχεται

394 5263 426 5314 6
448 5261 651 5333 Κύριος
677 5264 756 5324 εἰς
785 5260 884 5332 τὴν
928 5260 1088 5331 ἡμῶν
1123 5258 1477 5331 κηδεμονίαν,
1507 5258 1605 5313 καὶ
1632 5256 1701 5312 δι’
1730 5250 1805 5311 ὧν
1833 5257 1975 5310 ἀπο-

465 5423 511 5455 ⁵⁶
539 5422 694 5479 Joan.
725 5437 777 5490 γ,
808 5420 896 5477 46.
972 5419 1018 5453 ⁸⁷
1050 5417 1206 5475 Joan.
1241 5417 1337 5486 vit,
1373 5416 1429 5471 4.

2077 4703 2176 4772 per
2203 4717 2339 4773 quas
2393 4703 2691 4773 ingreditur
2743 4705 3002 4759 Dominus
3054 4706 3118 4757 ad
3149 4707 3317 4761 nostri
3350 4722 3561 4773 curant,
3615 4716 3670 4765 ct

2080 4810 2176 4866 per
2204 4810 2337 4864 quas
2367 4797 2668 4850 ostenditur
2728 4808 2927 4864 pastor.
2964 4797 3158 4854 Vocem
3202 4812 3381 4854 autem
3417 4801 3533 4868 cjus
3575 4818 3671 4870 pa-

2079 4888 2242 4943 storis
2274 4887 2499 4943 andiuttt
2531 4904 2679 4944 oves.
2715 4888 2844 4944 Nam
2876 4892 3001 4960 quia
3048 4890 3120 4944 illi
3155 4906 3296 4962 saepe
3325 4908 3450 4948 eum
3516 4892 3671 4948 dice-

2080 4992 2211 5038 oattt
2248 4982 2610 5049 deceptorem,
2641 4993 2696 5037 et
2728 4987 2829 5038 hoc
2857 4998 2921 5039 ex
2954 5000 3049 5038 sua
3092 4987 3331 5054 ipsorum
3374 4986 3672 5041 increduli-

2085 5083 2194 5128 tate
2222 5074 2636 5137 conﬁrmabant,
2668 5078 2910 5132 dicentes
2940 5093 2955 5132 :
2986 5096 3005 5132 ι
3045 5080 3182 5132 Nunt
3215 5080 3336 5148 quis
3363 5078 3667 5149 principum

2084 5166 2318 5222 credidit
2371 5167 2424 5223 in
2471 5167 2619 5222 illum
2644 5170 2728 5224 αττ
2780 5172 3019 5227 ostendit
3069 5173 3323 5228 Christus
3361 5172 3504 5242 quod
3558 5188 3668 5227 non

2086 5267 2333 5329 oporteat
2364 5259 2550 5315 haberi
2578 5274 2637 5316 se
2674 5276 2772 5332 pro
2823 5262 3084 5320 damnoso
3122 5277 3189 5319 eo
3230 5263 3375 5334 quod
3427 5263 3503 5319 illi
3562 5279 3670 5320 non

1366 5568 1457 5628 Ex
1492 5564 1838 5629 collatione
1880 5566 2064 5629 codd.
2104 5566 2337 5627 Venet.
2374 5566 2434 5628 S.
2466 5565 2686 5628 Marci.

471 5703 584 5773 (50)
620 5702 756 5760 Cod.
790 5704 882 5766 5i,
927 5704 1065 5773 Περὶ
1095 5699 1259 5757 αὐτοῦ
1310 5701 1535 5764 πάντως
1576 5698 1785 5773 είπὼνς
1827 5699 1980 5773 ηρα-

398 5764 599 5849 φῆτηξθ
625 5774 771 5849 ἡμῖν
807 5764 1391 5849 ἀναστῆσει-Κύρίος
1433 5774 1465 5826 ό
1508 5769 1705 5849 ρεύςη
1727 5769 1807 5849 ὡς
1846 5764 1971 5849 ξμς·

398 5838 585 5900 iure}?
621 5838 961 5901 ἀκούσεσθε
1020 5838 1173 5899 κατὰ
1230 5838 1448 5897 πάντα.
1507 5842 1573 5895 Ὃ
1621 5841 1717 5893 καὶ
1774 5840 1803 5892 6
1864 5838 1975 5889 Κύ-

406 5932 537 5988 ριος,
575 5934 630 5974 κ.
672 5933 725 5972 τ.
767 5917 816 5972 λ.
851 5936 869 5971 ι
907 5916 981 5973 De
1005 5916 1123 5988 ipso
1145 5914 1366 5973 omnino
1397 5914 1624 5971 dicens:
1655 5908 1975 5980 Prophetum

2092 5692 2230 5747 vobis
2277 5690 2553 5745 snscitubit
2585 5690 2837 5761 Dominus
2879 5689 3037 5756 Dens,
3065 5699 3314 5761 tanquam
3344 5706 3466 5756 me;
3495 5693 3672 5759 ip..unt

2070 5763 2315 5817 .attdt'ett's
2332 5761 2493 5831 juxta
2524 5763 2700 5814 omnia
2730 5760 2872 5830 (Act.
2925 5777 3004 5826 tu,
3064 5760 3178 5829 ‘29);
3231 5762 3384 5829 Quod
3413 5773 3470 5817 et
3494 5763 3677 5818 Dutttio

2082 5849 2209 5901 nus,
2244 5851 2264 5886 ι
2290 5844 2395 5892 ctc.
