4060 6654
364 425 432 488 67
1264 415 1845 483 meorumnam
1871 410 2286 475 sumasne
2326 410 2688 473 ARCIIIEP.
3552 406 3626 468 es

364 538 607 602 credant,
638 534 731 592 sed
756 536 901 605 ipsos
932 530 1261 600 ahjiciendos
1281 545 1401 591 esse
1434 546 1497 587 ex
1514 530 1693 587 ovium
1718 540 1938 600 genere.
1969 581 1973 592 γ

2077 522 2326 576 είκνυται
2366 523 2593 593 ποιμήν.
2627 520 2735 577 Καὶ
2777 518 2877 590 τὴν
2923 518 3105 591 φωνὴν
3133 517 3190 572 δὲ
3230 516 3322 572 τοῦ
3370 519 3627 588 ποιμένος

363 628 501 687 Nam
538 628 581 683 si
605 641 706 701 ego
737 626 974 696 quidem,
1013 623 1202 692 inquit,
1250 637 1345 693 per
1386 623 1605 695 junuatn
1637 620 1936 692 ingredior,

2074 619 2240 672 ὶκούει
2262 618 2329 671 τὰ
2358 616 2625 689 πρόϐατα.
2677 613 2830 670 Ἐπεὶ
2859 615 2968 684 γὰρ
3001 614 3200 667 ἐκεῖνοι
3222 612 3335 667 ἂνω
3359 612 3454 667 καὶ
3480 612 3629 665 κάτω

364 721 710 777 manifestum
746 718 888 788 quod
919 730 1044 770 vere
1066 729 1184 769 sum
1225 725 1449 785 pastor;
1500 727 1598 769 vos
1643 722 1819 768 autem
1856 708 1950 780 qui

2074 711 2251 781 ἔλεγον
2302 710 2466 764 αὐτὸν
2505 709 2818 774 ἀπατεῶνα,
2866 707 2962 762 καὶ
2996 705 3158 760 τοῦτο
3195 707 3260 760 ἐκ
3288 705 3388 775 τῆς
3415 704 3629 758 ἑαυτῶν

365 829 471 870 non
502 811 671 868 secuti
700 811 852 876 estis,
878 806 1133 864 videmini
1157 821 1261 861 non
1284 821 1403 863 esse
1431 819 1577 860 oves.
1597 802 1751 859 Unde
1769 813 1949 861 autem
1988 845 1998 855 .

376 904 558 960 educit
600 918 728 958 oves
798 901 1068 972 proprias,
1125 899 1227 954 nisi
1282 914 1347 954 ex
1406 897 1582 955 medio
1624 894 1945 959 inlidelium,

365 998 504 1052 sicut
543 1006 596 1051 et
624 1002 824 1050 arcum
857 996 921 1048 de
956 992 1131 1049 medio
1185 990 1516 1055 Judaeorum,
1555 999 1610 1044 et
1654 988 1745 1059 qui
1796 985 1951 1043 audi-

364 1090 440 1142 vit
473 1103 618 1154 cum,
640 1095 695 1142 et
723 1085 943 1157 agnovit
972 1084 1131 1139 eum?
1158 1084 1221 1138 Et
1247 1093 1371 1138 ante
1401 1098 1527 1137 oves
1545 1096 1760 1157 quoque
1779 1078 1948 1146 vadit,

368 1182 618 1251 quamvis
651 1195 810 1235 secus
839 1177 1001 1250 645
1030 1177 1100 1232 sit
1140 1193 1264 1232 cum
1313 1177 1686 1246 corporalibus
1736 1174 1946 1239 ovibus,

2074 1168 2281 1235 τάξεως.
2325 1165 2466 1233 Ἐγὼ
2513 1165 2612 1235 μὲν
2638 1166 2766 1235 γὰρ,
2813 1165 2969 1236 φησι,
2997 1163 3086 1218 διὰ
3116 1163 3217 1232 τῆς
3259 1161 3426 1235 θύρας
3452 1164 3634 1232 εἰσερ-

370 1272 645 1345 postillas
678 1274 819 1325 enim
850 1274 1049 1325 vadunt
1081 1279 1345 1340 pastores.
1394 1269 1499 1323 Sed
1542 1269 1642 1323 isto
1680 1267 1818 1332 loco,
1862 1259 1953 1323 osé

2074 1258 2304 1329 (ὑμένος,
2363 1256 2654 1328 πρόδηλον,
2686 1258 2760 1319 ὼς
2796 1255 3012 1328 ἀληθῶς
3052 1258 3168 1327 εἰμι
3198 1255 3440 1326 ποιμήν·
3476 1254 3634 1324 ὑμεῖς

370 1344 542 1418 trudit
582 1364 724 1434 quod
767 1376 954 1417 omnes
996 1363 1154 1416 ducet
1177 1361 1240 1416 ad
1272 1360 1553 1416 veritatem
1586 1360 1748 1431 :quia
1790 1358 1947 1417 disci-

2074 1349 2110 1402 ἱὲ
2143 1350 2191 1402 οἱ
2219 1349 2294 1421 μή
2323 1347 2815 1419 ἀκολουθήσαντες,
2837 1349 3056 1404 ἐοίκατε
3086 1350 3159 1419 μὴ
3189 1344 3328 1402 εἶναι
3364 1348 3632 1418 πρόϐατα.

370 1455 527 1526 pulos
557 1456 712 1525 quasi
758 1468 887 1508 oves
941 1453 992 1506 in
1033 1451 1269 1507 medium
1328 1451 1575 1518 luporum
1638 1450 1839 1505 mittit:
1873 1449 1955 1505 sic

2074 1442 2226 1496 ]ὀθεν
2252 1441 2309 1495 δὲ
2352 1441 2540 1510 ἐξάγει
2581 1441 2649 1494 τὰ
2699 1439 2809 1494 ἴδια
2859 1439 3279 1511 πρόϐατα,ἢὲκ
3313 1441 3480 1510 μέσου
3527 1438 3637 1490 τῶν

370 1549 533 1616 igitur
564 1560 701 1599 nova
743 1554 826 1600 est
871 1543 1154 1615 pastoralis
1201 1558 1329 1596 cura
1381 1542 1603 1597 Christi.
1635 1560 1653 1595 t
1704 1541 1952 1598 Alienum

2074 1533 2321 1597 ἱιπίστων,
2365 1532 2554 1603 ὥσπερ
2589 1533 2686 1587 καὶ
2718 1533 2811 1586 τὸν
2848 1532 3049 1602 τυφλὸν
3072 1534 3137 1587 ὲκ
3166 1534 3332 1603 μέσον
3359 1532 3468 1587 τῶν
3506 1531 3638 1584 Ἰου-

369 1649 550 1692 autem
589 1652 691 1691 non
739 1645 1070 1705 sequentur;
1101 1650 1204 1690 non
1243 1635 1387 1690 enim
1437 1641 1781 1705 cognoscunt
1823 1633 1953 1689 alie-

2074 1625 2242 1690 ἰαίων,
2273 1626 2330 1690 ὃς
2354 1626 2448 1679 καὶ
2479 1626 2712 1696 ἤκουσεν
2738 1625 2926 1692 αὐτοῦ,
2954 1627 3048 1680 καὶ
3075 1625 3290 1696 ἐπέγνω
3307 1624 3500 1692 αὐτόν;
3523 1625 3636 1679 Καὶ

371 1743 560 1784 norum
588 1741 796 1783 vocem.
828 1745 847 1780 ι
885 1727 1081 1781 lterum
1148 1726 1246 1782 hoc
1286 1723 1403 1780 loco
1443 1724 1721 1780 Theudam
1768 1733 1823 1780 et
1851 1723 1949 1781 Ju—

2074 1715 2372 1787 Ξμπροσθεν
2399 1716 2453 1769 δὲ
2498 1717 2606 1771 τῶν
2637 1717 2927 1789 προϐάτων
2952 1716 3268 1789 πορεύεται,
3309 1715 3489 1770 καίτοι
3517 1715 3642 1769 τού⁸

371 1819 495 1873 dam
523 1826 692 1883 notat,
730 1831 867 1887 quos
899 1832 1003 1871 non
1036 1826 1234 1871 secuta!
1261 1824 1384 1872 sunt
1406 1831 1557 1873 ovcs.
1585 1815 1718 1870 Nam
1747 1831 1951 1886 paucos

2074 1809 2271 1867 ναντίον
2296 1808 2387 1863 ἐπὶ
2413 1810 2522 1865 τῶν
2550 1809 2880 1880 σωματικῶν
2928 1809 3207 1878 ποιμένων
3249 1806 3459 1876 γίνεται
3480 1821 3494 1839 ⁸
3519 1805 3641 1861 ὄπι·

368 1907 630 1977 quosdam
662 1884 907 1963 sull‘urati
938 1917 1096 1973 sunt;
1129 1916 1181 1961 et
1208 1906 1263 1962 hi
1321 1918 1439 1976 post
1478 1918 1704 1963 mortem
1741 1884 1954 1962 illorum

2074 1900 2183 1954 tOev
2210 1900 2319 1973 γὰρ
2352 1900 2717 1972 πορεύονταιυ
2757 1900 2901 1957 Ἀλλ’
2952 1899 3189 1959 ἐνταῦθα
3231 1899 3526 1965 δείκνυσιν,
3556 1899 3640 1952 ὅτι

372 1999 759 2054 discesserunt.
786 1997 1065 2054 Christum
1096 2007 1274 2052 autem
1300 1998 1567 2051 viventem
1594 2006 1649 2051 et
1685 2006 1953 2055 mortuum

2074 1998 2266 2062 πάντας
2285 1999 2540 2069 ὁδηγήσει
2554 1998 2689 2069 πρὸς
2704 1997 2802 2067 τὴν
2822 1996 3101 2069 ἀλήθειαν,
3118 1998 3241 2051 ἐπεὶ
3260 1997 3356 2049 καὶ
3379 1994 3508 2057 τοὺς
3531 2010 3640 2064 μα·

374 2090 608 2143 maxime
640 2099 783 2143 totus
819 2089 1052 2143 mundus
1081 2098 1164 2144 est
1202 2096 1448 2143 secutus.
1477 2085 1638 2143 Notat
1680 2098 1858 2144 autem
1902 2098 1957 2145 ct

2074 2089 2232 2162 ὶητὰς
2273 2090 2349 2154 ὡς
2386 2089 2640 2162 πρόϐατα
2674 2091 2731 2142 ὲν
2765 2089 2917 2159 μέσῳ
2960 2088 3141 2144 λύκων
3179 2087 3390 2157 πέμπει
3413 2101 3428 2118 ⁸
3459 2085 3637 2149 οὕτως

2053 802 2314 865 ἀπιστίας
2353 801 2637 857 ἐϐεϐαίουν
2690 800 2941 869 λέγοντες
2963 814 2979 832 ο
3027 815 3047 851 ι
3082 797 3174 869 Μὴ
3207 796 3316 850 τῶν
3349 796 3630 866 ἀρχόντων

2051 910 2138 957 τις
2166 893 2485 948 ἐπίστευσεν
2524 894 2604 955 εἰς
2652 891 2851 956 αύτόνς
2888 909 2907 945 ι
2933 889 3206 945 δείκνυσιν
3227 889 3258 941 ὀ
3284 887 3512 958 Κύριος,
3547 887 3632 939 ὅτι

2053 987 2156 1041 οὐκ
2182 986 2347 1040 αὐτὸν
2381 986 2486 1055 χρὴ
2526 984 2771 1053 νομίζειν
2798 981 3075 1053 λυμεῶνα,
3114 979 3249 1033 διότι
3277 978 3474 1032 ὀκεῖνοι
3500 977 3632 1029 άπι-

2057 1074 2295 1139 στοῦσιν,
2327 1071 2446 1126 ἀλλ’
2485 1073 2685 1135 αὐτοὺς
2711 1071 3043 1142 ἐκϐληθῆναι
3065 1069 3165 1138 τῆς
3193 1069 3305 1123 τῶν
3341 1067 3634 1139 προϐάτοιν

374 2181 795 2236 Antichristum.
834 2180 934 2236 llic
968 2182 1112 2235 enim
1142 2197 1261 2235 cum
1292 2182 1565 2237 seduxerit
1609 2182 1676 2237 ad
1730 2196 1956 2251 parvum

376 2283 608 2344 tempus,
646 2290 749 2328 non
786 2273 1005 2329 habebit
1036 2288 1130 2328 eos
1170 2274 1259 2343 qui
1283 2285 1603 2343 sequantur,
1629 2286 1750 2343 post
1802 2289 1957 2329 suam

374 2365 760 2434 perditionem.
807 2363 940 2418 Nam
1000 2364 1139 2419 isth
1178 2381 1197 2416 ι
1253 2380 1357 2419 non
1421 2353 1738 2435 sequentur,
1781 2383 1801 2417 ι
1860 2366 1960 2421 ιιοο

376 2458 708 2523 inanilcstat,
771 2458 895 2527 quia
977 2464 1098 2525 post
1148 2467 1373 2511 mortem
1423 2458 1795 2512 seduccntium
1852 2471 1957 2510 non

363 2549 482 2603 .erit
515 2549 605 2619 qui
642 2551 884 2603 attendat
918 2547 1001 2602 vel
1051 2559 1329 2619 sequatur.
1352 2548 1528 2604 Janua
1555 2549 1771 2617 quidem
1806 2547 1955 2604 Scri-

384 2651 541 2710 ptura
566 2641 886 2696 est.Edncit
939 2652 1118 2696 autem
1151 2645 1215 2695 ad
1266 2657 1462 2711 pascua
1519 2641 1779 2697 Dominus
1821 2657 1954 2696 oves

381 2746 479 2800 per
507 2730 733 2799 januatn
760 2730 920 2784 hanc.
974 2729 1112 2796 Quid
1161 2741 1339 2784 autem
1396 2730 1650 2800 pabulum
1672 2729 1826 2801 ?,Vel
1875 2731 1961 2785 fu-

381 2831 518 2875 turae
561 2821 790 2885 deliciae,
822 2820 906 2876 vel
956 2822 1173 2891 requies
1219 2823 1270 2876 in
1317 2837 1478 2893 quam
1528 2839 1627 2877 nos
1675 2824 1965 2880 introducit

378 2912 665 2971 Dominus.
708 2911 967 2978 Quamvis
995 2922 1172 2967 autem
1199 2924 1251 2968 et
1282 2914 1386 2969 alio
1417 2914 1535 2970 loco
1580 2916 1815 2985 seipsum
1873 2931 1962 2972 os-

383 3002 516 3056 tium
545 3002 808 3065 nominat,
842 3016 948 3055 non
975 3012 1055 3056 est
1087 3005 1413 3059 mirandum.
1440 3004 1575 3060 Cum
1604 3008 1746 3061 enim
1775 3021 1961 3062 curam

382 3107 536 3149 suam
574 3092 689 3147 vult
723 3095 1093 3147 demonstrare
1119 3107 1248 3164 erga
1280 3110 1399 3161 nos,
1430 3104 1703 3166 pastorem
1752 3113 1811 3152 se
1859 3114 1959 3152 no-

2059 2184 2166 2255 ἄρα
2216 2183 2507 2253 καινοτέρα
2536 2184 2570 2254 ἡ
2594 2181 2689 2235 τοῦ
2719 2180 2959 2255 Χριστοῦ
2991 2181 3351 2254 ποιμαντική.
3386 2200 3405 2233 ι
3457 2178 3643 2233 Ἀλλοο

2060 2275 2199 2347 τρίῳ
2224 2275 2279 2330 δὲ
2306 2276 2367 2330 ού
2413 2275 2494 2348 μὴ
2538 2274 3004 2347 ἅκολουθήσωσιν,
3037 2275 3099 2328 ού
3135 2273 3246 2347 γὰρ
3299 2272 3476 2328 οἴδασι
3529 2271 3647 2325 τῶν

2060 2367 2362 2440 ἁὶλοτρίων
2400 2368 2500 2439 τὴν
2529 2369 2737 2439 φωνήν.
2782 2385 2800 2420 ι
2844 2366 3141 2425 Κάνταῦθα
3169 2366 3227 2420 δὲ
3261 2365 3478 2428 πάντως
3516 2364 3649 2429 τοὺς

2060 2459 2190 2528 περὶ
2214 2457 2421 2511 Θευδᾶν
2452 2457 2547 2512 καὶ
2589 2456 2789 2513 Ἰούδαν
2817 2454 3134 2523 αἰνίττεται,
3173 2449 3257 2521 οἷς
3282 2454 3383 2510 οὐκ
3412 2452 3644 2524 ἠκολούο

2062 2548 2234 2618 θησαν
2264 2549 2332 2603 τὰ
2360 2548 2627 2621 πρόϐατα.
2667 2549 2873 2617 Ὀλίγοι
2898 2548 3008 2618 γάρ
3037 2564 3182 2611 τινες
3212 2544 3646 2609 ύποκλαπὲντες,

2064 2640 2160 2693 καὶ
2186 2632 2332 2694 οὗτοι
2372 2641 2509 2710 μετὰ
2554 2641 2785 2694 θάνατον
2813 2640 2995 2694 αὐτῶν
3032 2638 3386 2707 ἀπέστησαν·
3420 2635 3647 2707 Χριστῷ

2065 2730 2145 2796 δὲ,
2178 2732 2272 2784 καὶ
2303 2730 2467 2794 ζῶντι
2522 2732 2616 2786 καὶ
2645 2732 3036 2803 τελευτήσαντι
3100 2730 3353 2801 μάλιστα,
3382 2730 3411 2782 6
3440 2729 3647 2796 κόσμος

2063 2819 2181 2884 ὅλος
2237 2819 2414 2874 ὀπίσω
2468 2821 2710 2895 ἀπῆλθεν
2761 2821 2952 2877 αὑτοῦ.
3001 2820 3309 2875 Αίνίττεται
3338 2818 3396 2873 δὲ
3428 2819 3523 2875 καὶ
3553 2818 3651 2874 τὸν

2076 2913 2476 2986 Ἀντίχριστον⁸
2512 2916 2605 2969 καὶ
2647 2914 2808 2978 αὐτὸς
2837 2916 2945 2985 γὰρ
2977 2912 3113 2986 πρὸς
3138 2913 3320 2981 ὀλίγον
3344 2912 3647 2983 πλανήσας,

2064 3006 2166 3078 οὐχ
2201 3006 2314 3070 ἕξει
2346 3005 2472 3069 τοὺς
2497 3005 2973 3078 ἀκολουθήσαντας
3006 3004 3145 3075 μετὰ
3177 3002 3277 3074 τὴν
3300 3002 3467 3056 αὐτοῦ
3495 3002 3652 3059 ἁπὼ-

2065 3094 2236 3150 λειαν.
2268 3095 2342 3148 Τδ
2358 3096 2467 3167 γὰρ
2505 3115 2524 3150 ι
2568 3096 2645 3150 Ού
2675 3095 2752 3167 μὴ
2779 3092 3205 3167 ἁκολουθήσωσι,
3241 3111 3262 3146 ι
3295 3091 3452 3147 τοῦτο
3476 3090 3648 3162 δηλοῖ,

383 3183 553 3239 minat
579 3197 596 3237 :
621 3184 838 3253 quando
869 3194 1048 3238 autem
1077 3186 1365 3241 ostendere
1420 3187 1532 3242 vult
1560 3190 1703 3259 quod
1745 3190 1860 3260 ipse
1895 3190 1966 3246 sit

2074 3191 2154 3245 ὅτι
2202 3190 2341 3260 μετὰ
2385 3188 2484 3261 τὴν
2522 3189 2778 3261 τελευτὴν
2827 3187 2938 3241 τῶν
2977 3186 3325 3251 πλανώντων,
3361 3185 3463 3243 οὐκ
3495 3186 3650 3239 ἔσται

384 3274 476 3329 ille
492 3274 584 3344 qui
620 3277 783 3330 ducat
807 3276 874 3330 ad
903 3274 1141 3339 Patrem,
1173 3275 1529 3346 tuncjanuam
1548 3294 1609 3333 se
1637 3279 1766 3334 dicit
1792 3298 1806 3335 :
1837 3280 1964 3352 quia

2074 3300 2157 3346 τις
2191 3283 2376 3348 αὐτοῖς
2408 3282 2716 3354 προσέχων,
2746 3281 2779 3353 ἢ
2811 3278 3141 3337 ἀκολουθῶν.
3172 3277 3321 3348 Θύρα
3356 3278 3456 3348 μὲν
3478 3273 3573 3333 οὖν
3592 3278 3651 3333 αι

386 3366 503 3435 ipse
530 3366 684 3435 juxta
711 3367 877 3423 alium
909 3376 964 3422 et
991 3368 1156 3422 alium
1186 3382 1402 3423 sensum
1431 3369 1547 3425 ovis
1571 3380 1653 3425 est
1674 3380 1725 3426 et
1757 3383 1965 3443 pastor.

384 3455 612 3527 Insuper
646 3460 689 3515 si
737 3459 955 3529 quidem
1003 3474 1282 3516 sermones
1312 3460 1614 3517 divinarum
1661 3461 1970 3533 Scripturac

386 3562 506 3601 rum
539 3540 663 3603 sunt
695 3549 918 3613 ostium,
946 3560 1000 3603 et
1025 3550 1281 3605 Dominus
1321 3552 1433 3620 ipse
1461 3566 1583 3609 esse
1611 3553 1807 3610 dicitur
1835 3554 1970 3612 Ver-

388 3646 536 3702 L-unt,
576 3643 769 3696 merito
803 3651 1023 3694 vocatur
1040 3648 1093 3695 et
1118 3641 1338 3697 ostium.

2078 3373 2316 3446 Γραφαὶ,
2373 3374 2558 3443 ἐξάγει
2586 3372 2643 3426 δὲ
2672 3371 2765 3425 ἐπὶ
2817 3372 2990 3443 νομὴν
3020 3371 3087 3427 τά
3116 3368 3368 3441 πρόϐατα
3395 3371 3422 3427 ό
3444 3368 3651 3439 Κύριος

2074 3464 2168 3519 διὰ
2195 3467 2294 3535 τῆς
2326 3463 2497 3536 θύρας
2525 3463 2752 3537 ταύτης.
2789 3463 2883 3527 Τίς
2911 3462 2966 3517 ὀὲ
2995 3463 3028 3537 η
3058 3462 3197 3534 νομή
3223 3477 3240 3529 ;
3284 3460 3351 3515 Ἦ
3385 3460 3654 3533 μέλλουσα

2074 3560 2253 3632 τρυφὴ
2283 3560 2379 3615 καὶ
2408 3560 2733 3624 ἀνάπαυσις,
2763 3560 2844 3623 εἰς
2877 3558 2942 3627 ἣν
2972 3557 3119 3628 ἡμᾶς
3141 3555 3349 3625 είσάγει
3372 3556 3401 3610 6
3427 3556 3650 3626 Κύριος.

2076 3650 2142 3704 El
2173 3651 2229 3705 δὲ
2256 3650 2491 3721 ἀλλαχοῦ
2535 3649 2632 3704 καὶ
2677 3650 2849 3721 θύραν
2883 3647 3074 3703 ἑαυτὸν
3117 3647 3397 3718 ὀνομάζει,
3444 3646 3506 3700 ού
3539 3645 3648 3716 χρὴ

389 3731 711 3802 θαυμάζειν.
754 3733 919 3787 Ὅταν
955 3731 1055 3804 μὲν
1081 3733 1191 3804 γάρ
1221 3734 1320 3805 τὴν
1358 3735 1687 3809 κηδεμονίαν
1749 3739 1990 3811 ὲμςῆναι
2030 3743 2291 3815 βούληται
2352 3745 2450 3818 τὴν
2484 3744 2613 3816 περὶ
2659 3745 2828 3816 ἡμᾶς,
2876 3741 3112 3813 ποιμένα
3136 3739 3329 3795 ἑαυτὸν
3356 3738 3650 3810 ὀνομάζει·
3709 3776 3729 3800 ,‹

388 3825 517 3879 ὅταν
542 3824 597 3878 δὲ
624 3823 753 3898 θέλῃ
778 3825 969 3892 δεῖξαι,
997 3826 1079 3880 ὅτι
1110 3826 1276 3892 αὐτός
1322 3830 1472 3883 ἐστιν
1501 3831 1529 3882 6
1558 3831 1852 3902 προσάγων
1882 3834 1959 3906 τῷ
1994 3836 2193 3908 Πατρὶ,
2230 3838 2354 3893 τότε
2406 3838 2577 3911 θύραν
2608 3838 2800 3893 ἑαυτὸν
2842 3837 3025 3906 λέγει·
3057 3833 3399 3897 ὲπεὶόαύτὸς
3416 3834 3514 3891 καὶ
3530 3849 3654 3887 κατι

389 3918 557 3989 ἄλλην
591 3921 686 3973 καὶ
715 3919 881 3992 ἀλλην
911 3920 1121 3976 ἔννοιαν
1153 3925 1247 3976 καὶ
1276 3923 1548 3995 πρόϐατόν
1578 3926 1813 3981 ἐστικαὶ
1844 3931 2067 4002 ποιμήν.
2123 3934 2355 3987 Ἔπειτα
2407 3934 2565 4005 εἴπερ
2635 3934 2743 3987 eiul.
2791 3932 2932 4005 θύρα
2993 3935 3044 3988 oi
3121 3928 3277 4001 λόγοι
3324 3928 3435 3989 τῶν
3490 3927 3652 3985 θείων

391 4014 647 4086 Γραφῶν,
678 4015 772 4067 καὶ
797 4013 960 4078 αὐτὸς
984 4014 1041 4067 δὲ
1070 4016 1098 4069 6
1128 4014 1332 4085 Κύριος
1357 4016 1531 4086 Λόγος
1565 4017 1704 4086 ἐστὶ,
1734 4020 1831 4076 καὶ
1859 4020 2125 4091 καλεῖται,
2157 4025 2385 4089 εἰκότως
2413 4024 2480 4081 ἂν
2515 4023 2746 4095 κληθείη
2791 4024 2950 4097 θύρα.

466 4108 631 4164 Vsus.
705 4106 821 4162 6-8.
863 4125 881 4160 ι
936 4107 1085 4163 Hanc
1117 4111 1435 4179 parminiam
1466 4110 1606 4166 dixit
1661 4113 1742 4168 eis
1794 4113 1974 4173 Jesus.

402 4202 485 4257 llli
528 4210 706 4255 autem
763 4214 869 4254 non
895 4210 1260 4271 cognoverunt
1286 4214 1406 4272 quae
1433 4212 1620 4257 essent
1640 4219 1760 4275 qua:
1782 4204 1973 4276 loque-

394 4297 545 4349 retur
570 4290 672 4346 eis.
704 4288 848 4345 Dixit
868 4290 1031 4361 igitur
1048 4292 1245 4346 iterum
1266 4293 1345 4349 eis
1366 4290 1524 4349 Iesus
1550 4311 1564 4348 :
1591 4295 1785 4363 Amen,
1813 4312 1969 4353 amen

395 4386 521 4442 dico
559 4383 736 4451 vobis,
784 4383 897 4454 Ego
937 4398 1053 4439 sum
1094 4385 1293 4439 ostium
1322 4384 1528 4439 ovium.
1568 4384 1772 4443 Omnes
1817 4398 1977 4459 quot-

2157 4140 2176 4174 ι
2212 4119 2430 4191 Ταύτην
2461 4119 2559 4193 τὴν
2589 4119 2891 4192 παροιμίαν
2928 4116 3083 4177 εἶπεν
3133 4120 3318 4183 αὐτοῖς
3341 4120 3370 4175 ὀ
3410 4115 3615 4188 Ἰησοῦς
3635 4131 3649 4148 ·

2081 4213 2279 4265 ἐκεῖνοι
2324 4211 2382 4267 δὲ
2427 4211 2529 4265 ούκ
2570 4211 2837 4281 ἔγνωσαν,
2889 4212 3011 4267 τίνα
3060 4209 3189 4282 ἦνᾶ
3217 4210 3396 4265 ἐλάλει
3445 4210 3654 4273 αὐτοῖς.

2078 4301 2245 4358 Εἶπεν
2273 4297 2365 4358 οὖν
2389 4302 2549 4358 πάλιν
2574 4303 2755 4367 αὐτοῖς
2784 4304 2811 4357 6
2842 4303 3049 4374 Ἰησοῦς
3072 4319 3087 4333 ·
3124 4301 3318 4373 Ἀμὴν,
3343 4301 3490 4372 ἀμὴν
3512 4300 3659 4367 λέγω

2080 4393 2231 4464 ύμῖν,
2270 4395 2354 4448 ὅτι
2405 4392 2516 4462 ἐγώ
2551 4393 2728 4464 είμιή
2770 4391 2908 4465 θύρα
2936 4391 3043 4446 τῶν
3076 4391 3386 4464 προϐάτων.
3424 4390 3659 4452 Πάντες,

396 4486 659 4548 quotante
676 4491 759 4531 me
776 4485 1051 4541 venerunt,
1078 4476 1222 4531 fures
1244 4485 1437 4532 suntet
1455 4477 1694 4534 latrones
1717 4497 1731 4534 :
1759 4480 1852 4536 sed
1872 4497 1973 4538 non

2082 4486 2197 4540 ὅσοι
2215 4481 2401 4558 ἦλθον,
2437 4485 2670 4541 κλέπται
2699 4486 2805 4540 εἰσὶ
2833 4485 2928 4540 καὶ
2956 4485 3172 4557 λῃσταὶ,
3215 4484 3335 4539 ἀλλ’
3359 4483 3460 4538 οὐκ
3490 4481 3659 4554 ηκου-

396 4569 684 4624 audierunt
708 4582 801 4631 eos
824 4581 971 4622 oves.
1002 4584 1020 4619 ι
1041 4596 1114 4607 -
1149 4585 1168 4618 ι
1196 4568 1361 4629 Hanc.
1393 4568 1584 4637 inquit,
1606 4571 1973 4639 paruemiam,i

2088 4599 2188 4636 σαν
2221 4582 2402 4636 αὐτῶν
2434 4582 2503 4635 τὰ
2532 4580 2800 4654 πρόϐατα.
2846 4598 2865 4634 ι
2899 4610 2969 4622 -
3009 4599 3027 4630 ι
3068 4577 3306 4644 Ταύτην,
3358 4575 3514 4648 φησι,
3559 4574 3660 4646 τὴν

400 4662 503 4716 Ιιοο
531 4669 615 4715 est
663 4660 994 4730 parabolam,
1022 4677 1041 4710 ι
1067 4659 1296 4713 dixiteis
1317 4658 1493 4726 Jesus,
1531 4676 1551 4711 ι
1610 4661 1843 4717 obscure
1902 4663 1982 4719 eis

400 4752 646 4821 loquens,
674 4758 733 4805 ut
753 4750 1068 4805 attentiores
1096 4750 1215 4805 illos
1238 4749 1461 4805 faceret.
1495 4750 1785 4821 Postquam
1819 4754 1983 4825 igitur

402 4846 506 4899 hoc
535 4843 733 4908 docuit,
784 4842 943 4897 solvit
981 4856 1123 4896 nunc
1143 4843 1554 4909 obscuritatem,
1601 4845 1681 4900 sic
1744 4845 1979 4902 dicens:
2030 4854 2033 4855 '

406 4956 428 4989 ε
461 4937 569 5008 Ego
600 4951 718 4993 sum
741 4935 959 4993 ostium.
990 4953 1010 4987 ι
1039 4934 1197 5002 Quod
1227 4944 1405 4990 autem
1429 4936 1582 5001 dicit,
1615 4953 1636 4989 ι
1661 4936 1858 4994 Omnes
1887 4939 1983 5010 qui

403 5036 688 5095 venerunt,
730 5043 750 5079 ι
795 5042 898 5081 non
933 5025 1002 5082 de
1035 5027 1312 5097 prophetis
1340 5027 1489 5095 dicit,
1539 5026 1676 5083 sicut
1708 5028 1983 5086 Manichmi

401 5116 654 5173 delirant.
700 5115 836 5170 Nam
883 5116 959 5170 illi
1003 5116 1247 5172 volentes
1281 5119 1571 5173 ostendere
1595 5117 1760 5174 Vetus
1791 5118 1984 5175 Testa-

403 5215 643 5265 mentum
683 5223 792 5266 non
830 5222 953 5264 esse
982 5223 1013 5262 a
1066 5208 1197 5276 Deo,
1255 5217 1311 5264 et
1352 5210 1642 5280 prophetas
1698 5225 1805 5268 non
1866 5227 1985 5270 esse

404 5299 598 5356 missos
624 5313 656 5355 a
696 5298 827 5366 Deo,
859 5309 1088 5355 utuntur
1118 5300 1221 5355 hoc
1241 5300 1427 5356 dicto:
1446 5320 1464 5354 ι
1497 5300 1697 5357 Omnes
1715 5302 1986 5372 quivene—

404 5399 530 5446 runt
552 5401 679 5445 ante
709 5406 813 5457 me,
843 5389 1133 5446 fures’sunt
1159 5402 1211 5447 et
1233 5391 1497 5448 latrones.
1538 5411 1556 5444 ι
1585 5393 1700 5448 Non
1736 5395 1897 5466 igitur
1921 5396 1987 5451 de

407 5484 685 5553 prophetis
711 5484 811 5538 hoc
835 5483 987 5552 dicit,
1022 5486 1114 5539 sed
1150 5486 1216 5539 de
1241 5482 1462 5539 Theuda
1501 5494 1556 5539 et
1584 5484 1720 5540 Juda
1767 5495 1822 5541 et
1864 5487 1985 5543 aliis

405 5576 701 5632 seditiosis.
734 5574 887 5642 Quod
932 5584 1110 5631 autem
1167 5576 1350 5632 dehis
1390 5576 1554 5641 dicat,
1615 5575 1987 5639 manifestum.

415 5687 435 5721 ι
464 5668 580 5725 Non
598 5670 922 5725 audiverunt
944 5671 1111 5735 enim,
1144 5670 1338 5741 inquit,
1366 5669 1486 5726 illos
1502 5684 1649 5726 oves.
1693 5688 1713 5722 ι
1753 5669 1988 5730 Seditio-

408 5776 504 5818 sos
532 5763 676 5818 enim
707 5762 829 5818 illos
853 5778 956 5819 non
982 5764 1268 5820 audierunt
1290 5778 1440 5830 oves,
1485 5762 1773 5834 prophetas
1808 5775 1988 5821 autent

412 5854 757 5925 audiverunt,
786 5865 840 5913 et
872 5870 969 5927 per
997 5856 1139 5924 illos,
1170 5857 1260 5927 qui
1291 5856 1565 5913 Christum
1601 5854 1833 5912 confessi
1864 5865 1992 5913 sunt

2087 4670 2409 4743 παροιμίαν,
2452 4689 2470 4722 ι
2507 4671 2629 4742 ἦτοι
2669 4670 2768 4743 τὴν
2806 4668 3143 4742 παραϐολὴν,
3172 4686 3190 4718 ι
3228 4661 3381 4720 εἶπεν
3419 4667 3602 4731 αὐτοῖς
3630 4667 3659 4720 6

2098 4763 2328 4834 Ἰησοῦς,
2380 4762 2605 4832 ἀσαφῶς
2624 4762 2807 4827 αὐτοῖς
2832 4759 3224 4831 φθεγγόμενος,
3253 4756 3340 4810 ἴνα
3371 4772 3663 4828 προσεκτι-

2086 4852 2359 4923 κωτέρους
2382 4852 2608 4927 ποιήσῃ.
2652 4850 2803 4903 Ἐπεὶ
2829 4844 2922 4904 οὖν
2946 4847 3102 4903 τοῦτο
3128 4844 3518 4907 κατεσκεύασε,
3544 4843 3660 4897 λύει

2085 4942 2272 4997 λοιπὸν
2310 4941 2412 5015 τὴν
2454 4939 2747 5009 ἀσάφειαν,
2785 4936 2933 4992 οὕτω
2978 4936 3186 5006 λέγων’
3224 4953 3244 4987 ι
3296 4931 3436 5002 Ἐγώ
3469 4934 3584 5002 εἰμι
3626 4933 3661 5002 ἠ

2087 5035 2244 5107 θύρα.
2281 5053 2300 5088 ι
2333 5035 2408 5088 Τὸ
2435 5033 2514 5100 δὲ,
2543 5053 2562 5086 ι
2604 5033 2833 5095 Πάντες,
2871 5030 2985 5083 ὅσοι
3023 5023 3212 5099 ἦλθον,
3254 5044 3273 5079 ι
3302 5026 3361 5079 ού
3397 5025 3525 5094 περί
3554 5023 3663 5076 τῶν

2085 5144 2383 5200 προφητων
2404 5125 2460 5179 λέ
2469 5142 2573 5196 γει,
2596 5123 2671 5188 ὡς
2694 5125 2742 5177 οἱ
2761 5122 3055 5197 Μανιχαῖοι
3078 5116 3464 5190 παρανοοῦσιν.
3497 5116 3664 5170 Ἐκεῖ-

2086 5236 2168 5274 νοι
2218 5220 2327 5290 γὰρ
2372 5220 2541 5286 δεῖξαι
2592 5215 2904 5287 βουλόμενοι
2943 5213 3044 5284 τὴν
3096 5209 3340 5267 Παλαιὰν
3388 5207 3663 5279 Διαθήκην

2087 5310 2375 5382 ἀλλοτρίαν
2410 5305 2574 5363 οὖσαν
2617 5307 2712 5361 τοῦ
2746 5303 2905 5373 Θεοῦ,
2959 5302 3051 5358 καὶ
3089 5301 3216 5365 τοὺς
3266 5300 3552 5371 προφήτας
3587 5297 3664 5369 μὴ

2089 5404 2156 5457 ὲκ
2184 5402 2319 5457 Θεοῦ
2347 5400 2715 5466 ἀπεστάλθαι,
2738 5398 2980 5471 χρῶνται
3012 5395 3093 5466 τῷ
3119 5392 3271 5467 ρητῷ
3293 5392 3487 5463 τούτῳ.
3530 5391 3663 5445 Ἰδοὺ

2091 5496 2225 5564 γὰρ,
2255 5495 2440 5564 φησὶν,
2473 5496 2501 5547 6
2528 5492 2730 5562 Κύριος
2767 5485 2944 5556 εἶπεν,
2991 5489 3074 5543 ὅτι
3110 5506 3128 5538 ι
3165 5486 3391 5549 Πάντες,
3430 5485 3543 5537 ὅσοι
3565 5479 3665 5553 ἦλο

2088 5587 2202 5652 θον,
2220 5585 2447 5639 κλέπται
2476 5583 2585 5637 εἰσὶ
2615 5584 2711 5638 καὶ
2725 5581 2940 5655 λῃσταί.
2974 5578 3223 5634 ιΟθκουν
3252 5577 3379 5649 περὶ
3405 5575 3511 5630 τῶν
3534 5592 3666 5646 προ-

2092 5676 2279 5747 φητῶν
2311 5674 2471 5730 τοῦτό
2497 5692 2653 5746 φησι,
2682 5672 2819 5729 ἀλλὰ
2851 5674 2980 5743 περὶ
3010 5670 3185 5727 Θευδᾶ
3222 5671 3315 5726 καὶ
3357 5668 3544 5733 Ἰούδα,
3569 5668 3667 5723 καὶ

2091 5764 2202 5819 τῶν
2234 5764 2409 5819 ἄλλων
2442 5764 2804 5823 στασιαστῶν.
2845 5762 2967 5816 Ὅτι
3004 5761 3063 5815 δὲ
3088 5762 3217 5831 περὶ
3252 5756 3459 5813 τούτων
3491 5756 3662 5826 λέγει,

2089 5858 2279 5930 δῆλονο
2318 5875 2337 5909 ι
2375 5855 2491 5912 Οὐκ
2532 5858 2774 5929 ἢκουσαν
2819 5854 2950 5927 γὰρ,
2994 5854 3180 5926 φησιν,
3220 5850 3401 5905 αὐτῶν
3432 5852 3499 5906 τὰ
3530 5850 3663 5921 πρό-
