4060 6602
401 381 470 448 71
1319 388 1897 451 THEOPHYLACT'I
1937 391 2352 458 BULGARLE
2377 397 2732 462 ARCHIEP.
3580 404 3662 469 ἾΞ

403 506 511 552 tem
540 503 595 552 et
624 510 765 567 saepe
795 506 1246 555 commemoratos
1267 498 1576 555 seditiosos.
1632 497 1738 566 llli,
1785 498 1975 570 inquit,

2093 502 2333 576 ἔρχεται.
2374 507 2448 561 Τὸ
2485 508 2594 580 γάρ
2630 525 2649 560 ε
2688 508 2913 581 Τίθημι,
2964 529 2982 564 ι
3028 510 3187 567 τοῦτο
3226 513 3399 585 δηλοῖ,
3445 517 3527 572 δτι
3554 519 3669 590 Οὐχ

403 601 510 644 non
537 596 830 658 posuerunt
859 590 1089 645 animam
1121 605 1217 661 pro
1259 589 1484 656 ovibus,
1510 591 1606 646 sed
1651 591 1988 661 reliquerunt

401 692 496 736 eos
533 680 622 748 qui
650 680 794 747 ipsos
825 681 992 737 secuti
1023 690 1145 736 sunt
1183 682 1545 738 :mercenarii
1579 682 1724 737 enim
1745 682 1984 739 fuerunt.

286 769 306 777 “
401 770 519 840 ipse
551 783 730 827 autem
758 772 1016 829 Dominus
1070 788 1102 829 e
1134 774 1351 830 diverso
1388 790 1510 829 cum
1559 776 1986 844 comprehensus

397 874 503 927 est,
556 864 764 934 inquit:
831 884 849 918 ι
886 865 943 921 Si
991 867 1153 937 igitur
1209 881 1295 922 me
1344 865 1607 936 quaeritis,
1653 866 1814 923 sinite
1867 866 1988 925 illos

403 956 574 1022 abire,
602 966 658 1010 ut
679 957 967 1027 impleatur
996 973 1194 1024 sermo,
1227 959 1369 1030 quod
1399 959 1576 1014 nullus
1602 974 1667 1013 ex
1698 957 1830 1028 ipsis
1886 973 1987 1029 pe-

393 1048 557 1103 rierit
584 1048 652 1114 “,
683 1068 704 1104 ι
742 1051 902 1119 idque
922 1051 1003 1106 sic
1032 1052 1343 1123 urgentibus
1373 1050 1594 1117 Judaeis,
1638 1062 1698 1106 ut
1723 1050 1851 1105 nuili
1875 1049 1986 1121 lupi

397 1137 451 1194 in
485 1156 613 1195 oves
635 1143 805 1214 magis
822 1142 985 1216 647
1003 1144 1223 1199 saeviant
1255 1162 1269 1198 :
1302 1162 1320 1197 ι
1341 1143 1474 1200 Cum
1494 1144 1685 1215 gladiis
1708 1144 1876 1209 enim,
1905 1144 1988 1199 in-

396 1226 534 1295 quit,
559 1228 786 1298 etlignis
819 1231 1554 1299 veneruntjromprehendere
1578 1231 1727 1286 illum
1749 1230 1853 1286 “.s
1880 1228 1984 1287 Po-

397 1320 480 1368 tes
504 1326 558 1367 et
590 1314 676 1369 hic
707 1316 1007 1385 intelligere
1058 1334 1151 1387 per
1171 1318 1377 1388 lupum,
1422 1319 1760 1388 spiritualem
1802 1319 1987 1376 inimi-

399 1418 548 1472 cum,
579 1423 736 1477 quem
766 1419 818 1463 et
844 1408 1050 1463 leonem
1103 1410 1380 1479 Scriptura
1432 1411 1695 1477 nominat,
1739 1422 1795 1468 et
1835 1427 1989 1469 scor-

400 1501 567 1570 pium,
592 1511 644 1555 et
670 1512 1000 1570 serpentem,
1053 1504 1140 1573 qui
1167 1518 1353 1572 rapere
1376 1506 1589 1575 quidem
1613 1521 1742 1562 oves
1764 1506 1984 1576 dicitur,

398 1590 614 1660 quando
653 1606 749 1661 pt'r
781 1591 915 1645 mala
946 1607 1108 1662 opera
1156 1595 1414 1662 quasdam
1467 1596 1731 1663 devorat;
1765 1598 1945 1667 dislner
1968 1628 1987 1640 -

405 1696 532 1751 gere
558 1691 761 1746 autem,
800 1683 1015 1751 quando
1047 1698 1143 1755 per
1171 1685 1339 1741 malas
1369 1687 1726 1757 cogitationes
1768 1688 1989 1747 confun-

2087 596 2325 666 ἁρπάζει
2350 615 2436 662 τις
2462 598 2523 665 ἐξ
2552 598 2690 671 ἐμοῦ
2740 599 2976 673 ταύτην,
3006 603 3125 658 ἀλλ’
3165 605 3326 670 αὑτὸς
3364 608 3668 678 ἀποτίθημι

2088 687 2284 760 αὑτήν.
2319 690 2630 746 Αίνίττεται
2679 692 2735 747 δέ
2773 694 2868 749 καὶ
2915 696 3044 760 τοὺς
3093 696 3357 763 πολλάκις
3402 700 3671 772 ῥηθέντας

2090 780 2449 846 στασιαστάς.
2497 782 2728 837 Ἐκεῖνοι
2774 784 2873 855 μέν
2922 785 3056 858 γάρ,
3102 789 3290 860 φησιν,
3328 790 3428 844 οὐκ
3462 793 3668 863 ἔθηκα)

2086 868 2187 939 τὴν
2202 869 2382 942 ψυχὴν
2405 872 2542 946 ὑπὲρ
2563 871 2672 928 τῶν
2691 875 2997 947 προϐάτων,
3022 877 3136 933 ἀλλ’
3155 880 3374 951 ἀφῆκαν
3394 884 3520 945 τοὺς
3539 887 3666 937 ἀκο-

2087 960 2462 1034 λουθήσαντας
2496 965 2685 1029 αὐτοῖς
2710 980 2726 996 ’
2776 968 3043 1037 μισθωτοὶ
3073 970 3184 1041 γάρ
3213 967 3374 1043 ἦσαν.
3405 973 3577 1038 Αὐτὸς
3609 974 3667 1028 δέ

2086 1051 2116 1105 6
2162 1052 2368 1121 Κύριος
2417 1054 2745 1110 τούναντίον.
2817 1054 3012 1110 Ἦνίκα
3077 1058 3406 1129 συνελήφθη,
3459 1060 3664 1132 φησίν·

2094 1160 2115 1195 ι
2144 1142 2208 1196 Ei
2237 1141 2330 1197 οὖν
2356 1141 2457 1213 ἐμέ
2508 1143 2747 1214 ζητεῖτε,
2789 1145 2958 1215 ἄφετε
3002 1146 3225 1211 τούτους
3275 1147 3532 1217 ὑπάγειν,
3578 1148 3666 1202 ἵνα

2090 1235 2354 1307 πληρωθῇ
2382 1237 2411 1289 6
2439 1234 2615 1305 λόγος,
2639 1236 2723 1290 ὅτι
2778 1237 2971 1302 Οὐδεὶς
3000 1238 3057 1305 ἐξ
3088 1238 3268 1293 αὐτῶν
3316 1239 3564 1293 ἀπώλετο
3588 1256 3603 1271 ·
3641 1258 3662 1294 ε

2088 1330 2184 1383 καὶ
2209 1328 2384 1384 ταῦτα
2413 1328 2583 1392 οὕτως
2617 1327 2957 1399 ἐπιθεμένων
2986 1330 3094 1383 τῶν
3137 1330 3428 1397 Ἰουδαίων,
3461 1330 3535 1395 ὡς
3556 1332 3667 1386 οὐδ’

2087 1422 2153 1477 ἂν
2177 1423 2331 1477 λύκοι
2384 1423 2701 1495 προϐάτοις·
2745 1440 2764 1475 ι
2803 1423 2959 1478 Μετὰ
3011 1425 3299 1495 μαχαιρῶν
3328 1426 3458 1496 γάρ,
3507 1425 3663 1495 φησὶ,

2088 1521 2183 1575 καὶ
2216 1520 2386 1586 ξύλων
2410 1516 2574 1593 ἦλθον
2621 1519 2906 1573 συλλαϐεῖν
2936 1519 3118 1575 αὐτόν.
3159 1539 3178 1573 ι
3221 1521 3375 1575 Ἔστι
3405 1521 3464 1574 δέ
3499 1520 3666 1575 λύκον

2087 1611 2323 1667 ἐνταῦθα
2374 1611 2567 1682 νοῆσαι
2605 1611 2698 1665 τὸν
2743 1613 2932 1683 νοητὸν
2982 1611 3196 1682 ἐχθρὸν,
3228 1611 3286 1665 ὃν
3335 1613 3429 1666 καὶ
3476 1611 3665 1666 λέοντα

2086 1701 2342 1774 ὀνομάζει
2368 1702 2635 1775 ήΓραφὴ,
2671 1703 2766 1757 καὶ⁸
2801 1702 3081 1774 σκορπίον,
3107 1702 3202 1757 καὶ
3229 1704 3369 1773 ὅφιν,
3397 1704 3455 1768 ὃς
3487 1705 3681 1778 ἀρπαοι

397 1773 473 1827 dit
522 1772 910 1844 animammui
951 1786 1003 1830 et
1026 1775 1112 1830 fur
1141 1779 1337 1834 merito
1377 1779 1594 1846 dicitur,
1649 1779 1835 1839 iurans
1890 1798 1975 1852 pet

2089 1772 2204 1859 ζειν
2242 1795 2340 1865 μέν
2369 1772 2645 1866 πρόϐατον
2684 1772 2924 1864 λέγεται,
2965 1794 3093 1848 ὅταν
3116 1792 3239 1848 τινὰ
3264 1772 3355 1847 διὰ
3377 1794 3475 1864 τῆς
3501 1772 3673 1860 novt“?

392 1866 566 1919 malas
596 1869 980 1936 cogitationes,
1026 1879 1270 1927 mactans
1322 1887 1419 1941 per
1460 1888 1813 1941 consensum,
1860 1892 1975 1947 per-

2089 1853 2190 1958 ρᾶς
2208 1853 2461 1957 πράξεως
2481 1853 2821 1956 κατάϐρωμα
2839 1853 3061 1956 ποιῆται
3079 1902 3093 1914 ·
3113 1853 3519 1956 σκορπίζεινδέ,
3533 1853 3664 1939 ὅταν

386 1956 529 2011 deus
547 1972 640 2025 per
655 1972 809 2027 opus.
830 1958 1119 2014 Confertur
1133 1959 1517 2018 eninunnlitite
1532 1963 1789 2033 cogitatio
1812 1963 1977 2034 furto,

394 2058 882 2105 consensusautem
901 2050 954 2105 in
978 2052 1683 2125 malamiconcupiscentiam
1708 2056 1984 2113 diabolica:

393 2142 878 2210 tuactationi,opns
910 2151 1087 2197 autem
1115 2144 1312 2199 malum
1339 2146 1652 2215 perditioni.
1686 2146 1745 2201 Et
1780 2148 1880 2203 hoc
1900 2160 1984 2203 est

384 2231 536 2287 ‘forte
553 2241 691 2302 quod
712 2235 983 2305 signiﬁcat
1008 2235 1137 2292 illud
1159 2255 1204 2292 ει
1229 2238 1459 2293 Furneu
1476 2241 1619 2294 venit
1639 2241 1740 2296 nisi
1758 2252 1814 2296 ut
1835 2240 1981 2298 furc-

392 2334 505 2389 tur,
535 2332 588 2379 et
621 2336 816 2381 mactet
844 2342 907 2381 ac
944 2329 1148 2394 perdat.
1191 2348 1212 2383 ι
1262 2330 1525 2387 Dominus
1565 2334 1711 2389 enim
1745 2348 1968 2391 contra-

395 2418 471 2470 ria
503 2433 666 2488 quam
699 2419 783 2473 fur
806 2419 892 2476 ille
917 2419 1064 2477 facit.
1118 2422 1215 2477 Dat
1258 2424 1500 2479 divinam
1542 2426 1729 2493 vitam,
1779 2430 1979 2484 sancti-

397 2525 566 2583 licaus
612 2544 713 2583 nos
763 2540 818 2584 et
846 2532 1200 2601 cogitationes
1233 2548 1334 2605 per
1393 2535 1681 2591 adventum
1713 2539 1976 2597 bonorum

390 2618 802 2684 desideriorum.
828 2632 880 2676 et
900 2637 1124 2690 corpora
1149 2640 1242 2694 per
1268 2627 1405 2679 bona
1428 2642 1613 2697 opera,
1635 2640 1690 2682 et
1712 2630 1836 2697 quid
1849 2632 1966 2687 dant

390 2711 552 2765 etiam
579 2711 940 2768 abundantius
962 2715 1071 2781 dat,
1097 2726 1153 2768 ut
1175 2716 1337 2771 etiam
1364 2717 1486 2774 aliis
1512 2722 1773 2789 prodesse
1801 2723 1978 2793 pessi-

393 2818 512 2857 mus
537 2805 760 2858 docendi
793 2806 966 2876 gratia
996 2823 1010 2861 :
1044 2807 1286 2878 profecto
1319 2818 1374 2865 et
1416 2825 1583 2880 regno
1627 2814 1890 2869 ctelornm
1920 2823 1978 2870 ut

391 2897 769 2951 abundantiori
811 2900 1039 2967 quadam
1083 2902 1527 2959 remuneratione
1562 2919 1658 2959 nos
1704 2906 1974 2974 praemiat.

390 2985 489 3041 Hic
516 2987 684 3057 igitur
713 2999 796 3044 est
824 2999 1008 3060 pastor
1034 2991 1227 3064 bonus,
1264 2993 1357 3049 sed
1410 3009 1515 3049 non
1576 2998 1971 3067 mercenarius,

2084 1978 2304 2051 Baetim
2325 1979 2576 2049 πονηρῶν
2593 1979 2871 2049 λογισμῶν
2896 1978 3099 2052 συγχέῃ
3123 1978 3223 2050 τὴν
3264 1979 3443 2051 ψυχήν
3457 1995 3473 2011 ·
3494 1978 3551 2043 ὃς
3568 1976 3666 2033 καὶ

2085 2074 2325 2144 κλέπτης
2353 2072 2579 2136 εἰκότως
2609 2072 2676 2126 ἂν
2707 2071 2922 2143 ῥηθείη,
2974 2070 3225 2125 κλέπτων
3250 2071 3335 2126 διὰ
3361 2071 3471 2126 τῶν
3494 2088 3663 2140 πονη-

2087 2164 2196 2236 ρῶν
2231 2163 2531 2235 λογισμῶν,
2560 2162 2705 2217 θύων
2733 2163 2823 2218 διὰ
2851 2162 2950 2233 τῆς
2975 2161 3454 2227 συγκαταθέσεως,
3492 2163 3663 2218 ἀπολ-

2084 2253 2227 2308 λύων
2273 2253 2363 2308 διά
2410 2255 2510 2325 τῆς
2559 2253 2835 2325 πράξεως.
2869 2252 3210 2324 ῐΙροσϐἀλλει
3260 2254 3360 2324 μὲν
3402 2253 3512 2324 γάρ
3554 2269 3664 2307 τινι

2081 2343 2243 2414 τυχὸν
2283 2344 2312 2396 6
2337 2340 2438 2413 τῆς
2476 2343 2739 2414 πονηρίας
2784 2342 3063 2414 λογισμὸς,
3093 2340 3251 2396 τοῦτό
3300 2344 3416 2397 ἐστι
3446 2343 3662 2414 κλοπή·

2081 2433 2178 2486 ἐάν
2204 2431 2263 2486 δέ
2294 2432 2392 2487 καὶ
2440 2431 2853 2504 συγκατάθηται
2878 2431 2957 2502 τῷ
2987 2432 3212 2505 πονηρῷ
3260 2433 3607 2505 ἐνθυμήματι
3632 2436 3663 2490 6

2081 2525 2387 2596 ἄνθρωπος,
2421 2524 2543 2579 τότε
2575 2525 2801 2579 θύεσθαι
2831 2526 3047 2595 λέγεται
3070 2528 3219 2599 παρά
3251 2527 3345 2581 τοῦ
3376 2527 3624 2581 διαϐόλου
3646 2543 3662 2560 ·

2079 2616 2208 2671 ὅταν
2235 2616 2292 2670 δὲ
2335 2616 2435 2671 καὶ
2473 2617 2654 2691 πράξῃ
2684 2618 2745 2672 τὸ
2774 2617 2962 2683 κακὸν,
3010 2619 3131 2673 τότε
3181 2618 3499 2674 ἀπόλλυται.
3550 2619 3662 2683 Καὶ

2078 2705 2235 2760 τοῦτό
2256 2708 2410 2760 ἐστιν
2438 2707 2568 2770 ἴσως
2599 2706 2682 2773 τὸ,
2710 2726 2731 2760 ι
2763 2706 2821 2760 '0
2843 2707 3085 2779 κλέπτης
3114 2708 3215 2763 οὐκ
3236 2709 3476 2781 ἔρχεται,
3509 2711 3557 2762 εί
3584 2707 3661 2780 μὴ

2081 2798 2169 2852 ῖνα
2200 2798 2398 2872 κλέψῃ,
2439 2798 2534 2852 καὶ
2562 2797 2724 2873 θύσῃ,
2756 2801 2853 2854 καὶ
2882 2799 3146 2875 ἀπολέσῃ.
3187 2819 3209 2853 ι
3249 2801 3434 2873 Τούτῳ
3465 2801 3558 2857 οὖν
3582 2800 3662 2872 τῷ

2078 2891 2289 2966 κλέπτῃ
2329 2892 2589 2948 τάναντία
2633 2894 2661 2946 6
2696 2892 2904 2964 Κύριος
2932 2894 3420 2966 διαπραττόμενος,
3474 2896 3574 2967 τήν
3600 2913 3661 2949 τε

2080 2982 2235 3040 θείαν
2262 2983 2410 3055 ζωὴν
2457 2982 2694 3049 δίδωσιν,
2726 2982 2970 3050 ἁγιάζων
3000 2982 3159 3053 ἡμῶν
3190 2984 3285 3036 καὶ
3312 2983 3438 3048 τοὺς
3477 2982 3661 3052 λογισ-

386 3091 449 3136 ut
469 3078 777 3136 Judaeorum
811 3083 1109 3152 principes,
1134 3085 1467 3157 negligentes
1489 3087 1700 3143 scilicet
1720 3089 1973 3160 populum

2082 3077 2217 3147 μους
2250 3075 2338 3129 διά
2369 3074 2469 3145 τῆς
2505 3074 2614 3128 τῶν
2647 3074 2869 3141 ἀγαθῶν
2892 3072 3297 3145 ἐνθυμημάτων
3324 3074 3657 3145 παρουσίας,

390 3181 444 3225 et
469 3172 532 3224 ad
566 3170 737 3227 solam
772 3174 1075 3229 mercedem
1101 3174 1464 3245 recipiendam
1490 3185 1821 3245 spectantes.
1851 3177 1968 3235 Non

2080 3167 2266 3223 καὶτὰ
2296 3164 2529 3239 σώματα
2564 3165 2652 3220 διὰ
2677 3165 2788 3219 τῶν
2809 3164 3028 3234 ἀγαθῶν
3055 3165 3325 3237 πράξεων.
3356 3165 3465 3222 Καί
3485 3183 3539 3220 τι
3564 3165 3659 3219 καὶ

386 3263 533 3316 enim
563 3266 877 3333 quaerebant
914 3266 1091 3337 populi
1129 3267 1435 3336 utilitatem,
1474 3269 1571 3326 sed
1617 3285 1685 3327 ex
1727 3285 1792 3328 eo
1821 3279 1974 3344 turpe

2082 3257 2343 3331 περισσὸν
2379 3256 2588 3322 δίδωσι,
2620 3254 2681 3309 τὸ
2711 3254 2806 3309 καὶ
2833 3254 3028 3318 ἄλλους
3075 3256 3279 3327 δηλαδὴ
3306 3255 3535 3326 ὠφελεῖν
3561 3256 3659 3310 δύο

392 3352 625 3409 lucrum.
2080 3354 2277 3413 νασθαι
2330 3349 2419 3405 διὰ
2466 3347 2853 3403 διδασκαλικοῦ
2910 3348 3269 3420 χαρίσματος,
3298 3350 3387 3405 ναὶ
3427 3349 3533 3422 μὴν
3563 3349 3659 3403 καὶ

389 3446 491 3520 τὴν
524 3449 804 3521 βασιλείαν
856 3452 965 3509 τῶν
1013 3454 1281 3526 οὐρανῶν,
1322 3457 1399 3522 ὠς
1429 3460 1697 3530 περιττήν
1728 3477 1851 3514 τινα
1918 3452 2232 3530 φιλοτιμίαν
2297 3443 2681 3518 ἐπιϐραϐεύων
2743 3445 2901 3515 ἡμῖν.
2936 3437 3107 3508 Οὗτος
3134 3443 3243 3515 ἄρα
3297 3446 3416 3499 ἐστὶ
3454 3445 3658 3516 ποιμὴν

391 3543 576 3607 καλὸς,
610 3543 724 3598 ἀλλ’
776 3545 837 3598 οὐ
889 3544 1180 3616 μισθωτὸς,
1218 3548 1294 3613 ὡς
1323 3550 1374 3602 οῖ
1405 3550 1514 3605 τῶν
1565 3551 1835 3608 Ἰουδαέων
1873 3555 2160 3625 ἄρχοντες,
2202 3539 2532 3615 ἀμελοῦντες
2567 3536 2768 3607 δηλαδὴ
2833 3536 2928 3592 τοῦ
2960 3537 3112 3603 λαοῦι
3153 3538 3247 3592 καί
3296 3537 3434 3610 πρὸς
3495 3540 3657 3612 μόνον

390 3640 449 3692 τδ
487 3638 710 3710 μισθοὺς
748 3639 933 3694 λαϐεῖν
961 3641 1021 3709 ἐξ
1044 3641 1210 3697 αὐτοό
1254 3643 1565 3715 βλέποντες.
1596 3648 1672 3702 Οὐ
1702 3647 1812 3721 γάρ
1843 3649 2069 3719 ἐζήτουν
2125 3639 2221 3696 τοῦ
2281 3634 2413 3692 λαοῦ
2452 3632 2554 3704 τὴν
2610 3632 2898 3702 ὠφέλειαν»
2933 3632 3072 3687 ἀλλὰ
3102 3633 3203 3705 τὴν
3261 3635 3325 3687 ἐκ
3354 3632 3448 3687 τοῦ
3524 3635 3655 3689 λαοῦ

391 3732 860 3806 αἰσχροκέρδειαν.

470 3824 639 3880 Vsus.
674 3815 862 3882 13-16.
895 3845 913 3878 ε
950 3825 1062 3898 Ego
1090 3840 1206 3883 sum
1242 3841 1426 3899 pastor
1467 3833 1555 3890 ille
1582 3836 1776 3901 bonus,
1801 3844 1855 3891 ct
1884 3848 1975 3889 co.

2164 3840 2184 3875 ι
2239 3817 2380 3890 Ἐγώ
2432 3817 2549 3888 είμι
2584 3816 2617 3870 6
2663 3814 2867 3886 ποιμὴν
2925 3816 2955 3869 6
3010 3816 3194 3882 καλὸς,
3243 3820 3338 3872 καὶ
3401 3816 3658 3887 γινώσκω

390 3930 593 3988 gnosco
624 3931 756 3971 oves
781 3932 962 3986 .meas,
986 3927 1040 3973 et
1074 3934 1425 3990 cognoscora
1458 3925 1613 3982 meis.
1640 3926 1791 3980 Sient
1826 3926 1975 3981 novit

2080 3915 2151 3970 τά
2201 3915 2331 3984 ἐμὰ,
2362 3911 2457 3966 καὶ
2480 3908 2820 3979 γινώσκομαι
2867 3906 2972 3961 ύπδ
3000 3907 3112 3962 τῶν
3141 3909 3309 3981 ἐμῶν.
3345 3909 3542 3975 Καθὼς
3570 3928 3658 3980 γι-

392 4023 479 4063 me
528 4007 706 4072 Pater,
756 4008 832 4062 ita
889 4018 944 4064 et
1003 4025 1104 4080 ego
1162 4012 1287 4066 novi
1346 4012 1581 4083 Patrem,
1625 4024 1680 4070 et
1731 4016 1969 4070 animam

2080 4008 2279 4062 νώσκει
2309 4021 2377 4076 με
2402 4006 2432 4058 6
2457 4002 2667 4073 Πατὴρ,
2687 3999 2844 4069 κάγὼ
2870 4003 3125 4068 γινώσκω
3145 4001 3236 4054 τὸν
3266 4001 3507 4074 Πατέρα.
3544 4003 3657 4056 Καὶ

389 4112 566 4153 meam
599 4116 739 4169 pono
768 4115 864 4169 pro
892 4100 1104 4158 ovibus.
1151 4101 1219 4157 Et
1272 4102 1407 4159 alias
1442 4121 1570 4160 oves
1615 4106 1807 4172 habeo,
1850 4121 1971 4176 quae

2080 4100 2178 4171 τὴν
2223 4098 2402 4169 ψυχήν
2452 4112 2554 4165 μου
2597 4093 2789 4164 τίθημι
2848 4094 2991 4166 ὑπὲρ
3039 4093 3149 4148 τῶν
3193 4094 3505 4166 προϐάτων,
3557 4098 3655 4149 καὶ

389 4204 495 4242 non
525 4199 651 4244 sunt
679 4207 744 4245 ex
783 4191 883 4247 hoc
914 4192 1038 4247 osili
1069 4210 1082 4248 :
1109 4193 1228 4248 illas
1257 4205 1470 4264 oportet
1503 4211 1588 4251 me
1620 4192 1834 4267 quoque
1872 4197 1969 4251 ad-

2080 4190 2213 4244 ἄλλα
2239 4186 2490 4261 πρόϐατα
2513 4186 2641 4256 ἐχω,
2664 4185 2701 4240 ἃ
2717 4186 2817 4239 οὐκ
2837 4184 2985 4240 ἐστιν
3008 4187 3073 4240 ἐκ
3100 4186 3201 4257 τῆς
3226 4186 3395 4257 αὐλῆς
3417 4186 3613 4257 ταύτης
3635 4203 3650 4218 ·

389 4280 610 4346 ducere,
637 4293 687 4336 et
719 4298 902 4338 vocem
940 4299 1114 4340 meam
1148 4287 1388 4353 audient,
1418 4296 1472 4343 et
1498 4288 1588 4343 liet
1613 4304 1776 4343 unum
1806 4289 1967 4356 ovile,

2080 4280 2310 4336 κάκεῖνά
2343 4296 2409 4352 με
2447 4280 2529 4333 δεῖ
2569 4279 2797 4347 ἀγαγεῖν
2824 4293 2841 4313 ·
2871 4278 2964 4332 καὶ
3001 4279 3100 4349 τῆς
3132 4277 3318 4347 φωνῆς
3352 4295 3452 4349 μου
3485 4278 3651 4331 ἀκού-

389 4388 529 4427 uuus
559 4384 757 4444 pastor.
791 4394 810 4426 ι
864 4375 1039 4431 Etiam
1087 4378 1187 4433 hoc
1236 4378 1354 4434 loco
1411 4395 1670 4450 agnosces
1722 4379 1973 4436 diﬂeren-

2081 4389 2233 4427 σουσι
2265 4389 2278 4403 ·
2312 4372 2408 4426 καὶ
2464 4370 2753 4443 γενήσεται
2810 4369 2907 4440 μία
2955 4370 3185 4440 ποίμνη,
3234 4363 3315 4435 εἷς
3367 4371 3587 4440 ποιμήν.
3627 4388 3647 4423 ι

390 4464 518 4521 tiam
552 4468 782 4535 pastoris
814 4477 867 4522 et
896 4471 1240 4525 mercenarii.
1270 4470 1401 4525 Nam
1441 4473 1807 4528 mercenarius
1848 4474 1966 4542 qui-

388 4559 510 4613 dem
545 4559 715 4614 nescit
745 4574 892 4627 oves,
921 4562 1063 4632 quod
1093 4563 1356 4634 contingit
1385 4564 1507 4635 quia
1541 4579 1649 4619 non
1678 4580 1819 4636 saepe
1848 4565 1966 4621 illas

388 4648 624 4704 invisit:
667 4665 787 4704 nam
825 4652 869 4704 si
904 4666 1047 4720 saepe
1089 4654 1373 4717 inviseret,
1419 4655 1772 4725 cognosceret
1822 4655 1959 4710 illas.

387 4738 460 4793 At
489 4748 674 4808 pastor
696 4740 871 4809 qualis
891 4740 1177 4812 Dominus,
1202 4746 1478 4813 cognoscit
1508 4759 1636 4801 suas
1664 4760 1812 4812 oves,
1836 4746 1962 4816 quia

387 4843 576 4883 curam
626 4829 839 4884 illarum
893 4831 1023 4902 agit,
1077 4843 1130 4887 et
1181 4848 1370 4889 rursus
1400 4834 1739 4903 cognoscitur
1766 4834 1967 4891 abillis

385 4936 523 4992 quos
555 4921 876 4977 visitatioue
929 4922 1205 4993 dignatur,
1251 4936 1472 4995 prepter
1520 4927 1964 4982 consuetudinem

385 5014 805 5084 agnoscentibus
849 5029 1005 5069 suum
1043 5026 1378 5071 curatorem.
1407 5015 1543 5074 Vide
1593 5028 1774 5073 autem
1818 5028 1963 5088 quad

384 5106 596 5175 primus
627 5107 717 5162 ille
748 5122 845 5162 nos
872 5108 1173 5177 cognoscit,
1210 5109 1404 5164 deinde
1450 5126 1547 5165 nos
1586 5110 1754 5165 illum.
1782 5110 1963 5180 Neque

385 5195 542 5250 aliter
573 5205 749 5265 potest
776 5199 1028 5267 cognosci
1063 5198 1226 5263 Deus,
1253 5200 1354 5254 uisi
1384 5200 1583 5266 cogniti
1613 5199 1875 5256 fuerimus
1898 5200 1965 5255 ab

383 5286 499 5346 illo.
524 5286 732 5342 Etenim
772 5291 1008 5359 prinmm
1046 5289 1160 5359 ipse
1193 5291 1477 5346 fainilinris
1520 5296 1696 5349 factus
1738 5304 1821 5348 est
1863 5310 1965 5348 nu-

381 5379 468 5433 bis
513 5394 674 5434 carne
707 5379 878 5436 [nctus
929 5384 1128 5438 homo:
1158 5385 1350 5438 deinde
1407 5401 1505 5440 nos
1541 5385 1614 5440 illi
1671 5385 1964 5439 familiares

383 5468 508 5522 lacti
553 5486 739 5526 sumus
786 5486 1019 5541 reci'pta,
1066 5490 1172 5546 qua
1219 5477 1455 5533 deiiicati
1505 5495 1715 5545 sumus,
1762 5480 1959 5548 gratia.

382 5558 582 5615 Veiens
629 5572 802 5616 autem
835 5566 1122 5622 Ostendere
1154 5570 1301 5638 quod
1337 5569 1595 5625 increduli
1628 5570 1830 5634 indigni
1857 5571 1965 5623 sint
1994 5624 1997 5629 ,

380 5650 475 5718 qui
503 5665 896 5723 cognoscantur
925 5672 953 5711 a
990 5658 1119 5725 Deo,
1139 5663 1267 5731 quia
1309 5676 1494 5716 revera
1524 5676 1654 5717 oves
1680 5677 1787 5718 non
1810 5672 1959 5728 sunt,

448 5831 496 5866 “
524 5830 675 5890 Juan.
708 5853 861 5904 xvm,
884 5838 941 5905 8,
975 5838 1030 5894 9.
1106 5838 1192 5891 “l
1221 5837 1368 5894 Pctr.
1399 5853 1480 5907 ut,
1519 5838 1608 5894 l8.

2076 4464 2391 4518 Κάντεῦθεν
2430 4462 2498 4517 ἂν
2542 4462 2822 4532 ἐπιγνοίης
2863 4461 2923 4515 τὸ
2945 4462 3203 4533 διάφορον
3244 4461 3338 4515 τοῦ
3397 4463 3652 4533 ποιμένος

2072 4555 2168 4610 καὶ
2191 4555 2283 4609 τοῦ
2325 4553 2622 4627 μισθωτνῢ.
2666 4554 2726 4608 '0
2752 4554 2851 4625 μὲν
2885 4554 2994 4625 γὰρ
3046 4552 3319 4624 μισθωτὸς
3369 4555 3556 4623 ἀγνοεῖ
3580 4556 3650 4610 τά

2072 4647 2355 4720 πρόϐατα·
2416 4646 2445 4700 θ
2481 4645 2771 4718 συμϐαίνει
2824 4648 2887 4700 ἐκ
2926 4644 3022 4699 τοῦ
3074 4643 3148 4715 μὴ
3204 4646 3468 4716 συχνάκις
3509 4648 3651 4702 αὐτὰ

2072 4736 2534 4792 ἐπισκέπτεσθαι·
2584 4738 2635 4790 εί
2667 4735 2772 4806 γὰρ
2800 4739 3061 4806 συχνάκις
3090 4736 3476 4803 ἐπεσκέπτετο,
3530 4740 3650 4806 ἐγί-

2071 4832 2279 4885 νώσκεν
2329 4830 2397 4883 ἂν
2450 4827 2651 4883 ταῦτα.
2697 4829 2756 4881 '0
2812 4828 2869 4881 δὲ
2920 4827 3145 4900 ποιμὴν,
3185 4821 3297 4891 οἶος
3345 4829 3374 4881 6
3421 4829 3647 4900 Κύριος,

2071 4920 2335 4991 γινώσκει
2395 4922 2466 4976 τὰ
2524 4918 2691 4976 αὑτοῦ
2739 4918 2987 4990 πρόϐατα
3015 4957 3033 4985 ,
3081 4919 3159 4983 ώς
3218 4919 3650 4993 ἐπιμελούμενος

2072 5012 2274 5079 αὐτῶν,
2309 5014 2401 5067 καὶ
2432 5011 2506 5067 αὖ
2536 5012 2861 5080 γινώσκεται
2892 5010 2984 5063 ὑπ’
3013 5010 3215 5079 αὐτῶν,
3244 5009 3321 5076 ώς
3342 5012 3651 5083 ἐπισκοπῆς

2071 5106 2429 5175 ἀξιουμένων,
2457 5104 2552 5156 καὶ
2582 5102 2678 5155 διὰ
2709 5102 2808 5172 τῆς
2848 5100 3131 5173 συνηθείας
3148 5103 3527 5174 γνωριζόντων
3555 5107 3649 5159 τὸν

2071 5198 2254 5252 αὐτῶν
2289 5196 2584 5267 κηδεμόνα.
2611 5196 2754 5267 Ὅρα
2782 5194 2861 5259 δὲ,
2882 5195 2972 5248 ὅτι
3024 5195 3241 5266 πρῶτον
3272 5196 3480 5261 ἐκεῖνος
3502 5214 3649 5267 γνω-

2072 5291 2212 5364 ρίζει
2242 5290 2411 5361 ἡμᾶς,
2445 5286 2543 5342 εἷθ’
2576 5287 2748 5351 οὕτως
2774 5289 2936 5359 ἡμεῖς
2967 5289 3192 5354 ἐκεῖνον,
3225 5290 3320 5343 καὶ
3337 5291 3442 5344 οὐκ
3471 5290 3648 5356 ἄλλως

2069 5385 2294 5440 δυνατόν
2320 5385 2660 5452 ἐπιγνῶναι
2691 5384 2848 5449 Θεὸν,
2877 5385 2925 5438 εί
2958 5385 3032 5455 μὴ
3090 5385 3527 5458 γνωρισθείημεν
3553 5388 3646 5443 ὑπ’

2071 5479 2307 5533 ἐκείνου.
2364 5477 2476 5530 Καὶ
2526 5478 2637 5549 γάρ
2717 5477 2931 5549 πρῶτον
2988 5478 3148 5539 αὐτὸς
3208 5479 3458 5550 ᾠκειώθη
3512 5482 3647 5552 ημῖν

2074 5569 2262 5640 σαρκὶ,
2299 5566 2540 5637 γεγονὼς
2588 5570 2876 5641 ἄνθρωπος
2902 5587 2915 5602 ·
2948 5565 3051 5624 εἶθ’
3092 5570 3262 5634 οὕτως
3302 5571 3451 5642 αὑτῷ
3487 5564 3670 5644 ἡμεῖς’

2070 5659 2456 5732 ᾠκειώθημεν,
2482 5659 2734 5724 θεώσεως
2771 5660 3052 5731 εἰληφότες
3075 5661 3342 5734 χάρισμα.
3372 5664 3555 5721 Θὲλων
3589 5665 3649 5719 δὲ
