4060 6586
300 395 371 460 73
998 394 1441 457 ENARRATIO
1477 394 1562 458 IN
1592 395 1886 459 EVANGE

1992 396 2091 457 ΠΜ
2111 394 2448 458 ΙΟΑΝΝΙΒ.
2488 420 2556 432 -·
2593 396 2752 459 CAP.
2793 397 2867 457 X.
3498 396 3570 460 74

301 505 491 571 δεῖξαι,
524 503 608 558 ὅτι
652 503 702 558 oi
745 503 1145 576 ἀπιστήσαντες
1204 505 1413 571 ἀνάξιοί
1454 507 1563 561 είσι
1592 505 1685 562 τοῦ
1712 505 1873 578 γινώο

1992 506 2112 562 lixit
2131 524 2145 564 :
2167 525 2185 559 ι
2213 504 2280 560 Et
2301 520 2569 577 cognosco
2592 523 2742 564 meas
2763 521 2914 576 oves,
2933 515 2988 564 et
3009 520 3311 578 coguoscor
3326 522 3355 563 a
3376 509 3563 573 meis,i

304 597 532 651 σκεσθαι
565 595 671 649 ὑπὸ
682 593 776 650 τοῦ
798 594 934 649 Θεοῦ
941 649 958 677 ,
989 598 1086 650 καὶ
1107 597 1228 651 ούδέ
1262 598 1515 670 πρόϐατά
1530 600 1691 664 εἰσιν,
1715 594 1839 653 εἷπε
1861 615 1878 632 ο

305 708 328 742 ι
358 688 469 742 Καὶ
500 686 755 755 γινώσκω
784 687 853 743 τά
922 688 1052 759 ἐμὰ,
1108 691 1203 743 καὶ
1234 689 1574 763 γινώσκομαι
1619 690 1725 745 ὑπὸ
1772 692 1883 747 τῶν

299 779 472 850 ἐμῶν,
508 797 528 832 ι
573 777 716 835 κατὰ
769 777 852 846 τὸ,
899 798 919 832 ι
963 780 1145 851 Ἔγνω
1174 781 1381 852 Κύριος
1410 784 1538 848 τοὺς
1570 783 1733 848 ὄντας
1782 786 1880 840 αὑ-

296 870 416 926 τοῦ.
451 890 471 923 ι
513 872 630 926 Ἰνα
660 870 717 925 δὲ
738 872 812 943 μή
840 888 926 936 τις
948 873 1168 945 νομίσῃ,
1193 875 1275 929 ὅτι
1295 875 1370 939 ὡς
1393 875 1682 947 ἄνθρωπος
1704 876 1881 943 οὕτως

301 967 624 1033 ἐγίνωσκεν,
647 968 893 1038 ἐπήγαγε
922 968 1097 1038 λέγων
1116 985 1132 1002 ο
1174 987 1194 1021 ι
1226 971 1426 1037 Καθὼς
1457 970 1718 1042 γινώσκει
1750 989 1818 1043 με
1857 975 1886 1027 ὁ

307 1059 521 1129 Πατὴρ,
577 1057 733 1128 κάγὼ
763 1059 1021 1137 γινώσκω
1071 1060 1162 1115 τὸν
1203 1062 1442 1134 Πατέρα.
1477 1082 1496 1117 ι
1533 1063 1694 1119 Οὕτω
1748 1065 1882 1136 γὰρ,

300 1151 487 1221 φησὶν,
545 1151 852 1222 ἐπίσταμαι
894 1152 1059 1207 αὐτὸν
1130 1153 1394 1226 ἀκριϐῶς,
1423 1154 1500 1220 ὡς
1543 1156 1708 1221 αὐτὸς
1755 1156 1883 1227 ἐμέ.

298 1240 548 1312 Συνεχῶς
599 1241 657 1296 δὲ
700 1240 882 1304 τίθησι
930 1243 1014 1310 τὺ,
1072 1262 1092 1296 ι
1129 1243 1242 1316 Τὴν
1294 1244 1474 1318 ψυχήν
1528 1264 1629 1317 μου
1687 1248 1889 1319 τίθημι

306 1336 451 1406 ὑπὲρ
482 1335 593 1389 τῶν
625 1337 937 1407 προϐάτων,
978 1357 997 1389 ι
1029 1337 1229 1409 δηλῶν,
1257 1340 1339 1394 ότι
1365 1341 1464 1393 οὐκ
1514 1339 1631 1395 ἐστι
1670 1342 1888 1407 πλάνος.

298 1427 375 1482 To
402 1428 505 1498 μέν
535 1428 644 1501 γὰρ
668 1428 872 1497 λέγειν,
921 1431 1006 1484 ὅτι
1033 1447 1054 1482 ι
1087 1430 1207 1496 Φῶς
1227 1432 1341 1503 εἰμι
1374 1432 1470 1487 καὶ
1504 1433 1639 1505 ζωὴ,
1677 1453 1697 1488 ι
1721 1435 1889 1506 τύφου

299 1516 477 1572 ἐδόκει
511 1514 653 1573 εἶναι
685 1518 839 1591 παρὰ
867 1521 983 1584 τοῖς
1031 1518 1283 1592 ἀνοήτοις
1311 1536 1327 1554 ο
1394 1522 1456 1576 τὸ
1482 1521 1540 1575 δὲ
1564 1522 1765 1592 λέγειν,
1803 1526 1885 1578 ὅτι

313 1608 665 1665 «Ἀποθανεῖν
679 1609 960 1681 βούλομαι,
973 1628 993 1662 ι
1014 1611 1266 1683 οὐδεμίαν
1285 1612 1583 1685 βασκανίαν
1602 1613 1737 1686 ἔχει,
1754 1614 1893 1670 ἀλλά

296 1703 399 1755 καὶ
427 1702 628 1774 πολλὴν
668 1701 870 1773 μᾶλλον
904 1702 1233 1774 κηδεμονίαν
1261 1706 1541 1776 ἐμφαίνει,
1569 1708 1625 1762 εί
1647 1724 1711 1777 γε
1747 1709 1892 1781 ὑπὲρ

300 1792 418 1848 τῶν
462 1793 793 1859 λιθαζόντων
848 1796 1043 1850 ἑαυτὸν
1076 1796 1340 1869 ἠϐούλετο
1365 1799 1665 1855 ἐπιδοῦναι.
1703 1800 1888 1855 Εἰπὼν

1980 598 2136 669 juxta
2163 600 2235 665 id,
2273 618 2292 652 ι
2317 599 2579 671 Cogitavit
2603 601 2861 659 Dominus
2886 617 2980 658 eos
3027 603 3116 673 qui
3155 612 3284 658 sunt
3314 602 3510 673 ejus“.
3541 622 3562 654 ι

1989 693 2162 748 Porro
2214 708 2282 747 ne
2317 692 2440 763 quis
2476 698 2629 762 putet
2674 695 2816 764 quod
2858 694 3002 751 sicut
3048 695 3211 750 homo
3253 704 3562 767 cognoscat,

1990 783 2172 838 subdit
2199 784 2386 840 dicens
2414 800 2432 842 :
2463 802 2481 836 ι
2523 781 2678 840 Sicut
2707 788 2987 857 cognoscit
3038 803 3124 843 me
3167 786 3351 856 Pater,
3387 801 3442 845 et
3469 805 3572 859 ego

1992 890 2265 944 cognosco
2297 877 2545 942 Patrem,
2581 896 2602 930 ι
2629 879 2805 950 (quasi
2841 880 3063 947 diceret,
3087 881 3164 937 lta
3195 882 3474 940 evidenter
3501 882 3568 938 il-

1989 962 2099 1019 lum
2134 965 2268 1031 scio,
2293 967 2439 1022 sicut
2463 967 2579 1036 ipse
2615 984 2726 1025 me.
2759 967 2914 1041 Saepe
2943 982 3122 1029 autem
3147 975 3299 1044 ponit
3326 992 3341 1030 :
3368 992 3388 1027 ι
3424 973 3567 1030 Aui-

1993 1072 2133 1112 mam
2164 1073 2340 1113 meam
2373 1074 2514 1130 pono
2550 1074 2649 1131 pro
2673 1061 2888 1130 ovibus,
2918 1081 2937 1116 ι
2973 1063 3254 1121 declarans
3281 1068 3421 1138 quod
3454 1082 3562 1123 non

1991 1149 2065 1206 sit
2089 1151 2367 1222 impostor.
2393 1151 2584 1209 Dicere
2607 1154 2774 1223 enim,
2804 1173 2824 1207 ι
2853 1155 2968 1210 Lux
3018 1170 3138 1212 sum
3187 1167 3240 1212 et
3290 1158 3418 1226 vita,
3446 1158 3492 1192 ⁸⁸
3546 1180 3564 1212 ι

1993 1242 2134 1311 apud
2176 1243 2493 1312 insipientes
2537 1244 2706 1318 648
2757 1246 3051 1304 inﬂationis
3100 1263 3222 1304 esse
3266 1249 3568 1306 videbatur.

1993 1330 2185 1388 Dicere
2212 1344 2415 1400 autem,
2451 1354 2469 1387 ι
2500 1334 2636 1393 Mori
2660 1336 2800 1404 volo,
2829 1356 2848 1390 ι
2884 1338 3084 1393 nullam
3113 1339 3366 1395 invidiam
3390 1342 3570 1404 habet.

1994 1427 2089 1482 sed
2140 1441 2385 1498 magnam
2422 1430 2600 1498 potius
2633 1444 2817 1485 curam
2855 1431 3262 1502 iudicat,quam
3317 1435 3573 1490 exhibere

1995 1518 2205 1575 volebat
2234 1535 2330 1590 pro
2359 1519 2748 1591 lapidantibus.
2768 1520 3058 1589 Cancrum,
3083 1539 3206 1578 cum
3263 1524 3414 1590 dicit,
3449 1544 3468 1579 ι
3505 1525 3573 1580 Ει

1996 1607 2131 1664 alias
2163 1624 2293 1665 oves
2319 1609 2508 1674 habeo,
2541 1628 2560 1663 ι
2592 1608 2662 1666 de
2693 1611 2944 1679 gentibus
2965 1610 3117 1666 dicit.
3145 1629 3168 1664 ι
3208 1609 3324 1667 Non
3358 1621 3483 1667 sunt
3505 1628 3570 1668 ex

1996 1701 2098 1754 hoc
2128 1701 2278 1768 ovili,
2315 1720 2333 1754 ι
2371 1702 2515 1772 quod
2557 1712 2639 1759 est
2681 1703 2779 1758 sub
2812 1701 2969 1775 lege:
3004 1719 3177 1774 neque
3204 1705 3348 1759 enim
3383 1715 3574 1774 gentes

1997 1791 2113 1865 lege
2169 1793 2584 1849 concluduntur.
2620 1813 2638 1847 ι
2675 1793 2741 1848 Ει
2775 1793 2896 1850 illas
2953 1811 3172 1865 quoque
3222 1807 3434 1866 oportet
3485 1813 3572 1850 me

295 1885 377 1947 δὲ,
416 1905 435 1938 ι
468 1886 579 1939 Καὶ
609 1887 744 1941 ἄλλα
772 1885 1022 1959 πρόϐατα
1049 1888 1180 1959 ἔχω,
1215 1908 1234 1942 ι
1266 1892 1395 1961 περὶ
1428 1890 1537 1944 τῶν
1566 1891 1739 1945 ἐθνῶν
1794 1892 1882 1945 λέ-

1992 1899 2336 1956 congregare.
2367 1905 2386 1938 ι
2426 1885 2695 1957 Dispersae
2729 1897 2853 1943 sunt
2881 1888 3023 1942 enim
3050 1898 3105 1943 ct
3126 1888 3206 1943 hae
3229 1898 3281 1944 et
3302 1888 3433 1954 illm,
3465 1904 3571 1943 nou

302 1992 399 2043 γει
427 1993 439 2007 ·
474 1975 618 2029 «Ούκ
642 1974 751 2028 είσὶ
777 1974 833 2029 δὲ
857 1977 920 2029 ἐκ
940 1976 1041 2045 τῆς
1070 1976 1239 2048 αὐλῆς
1263 1976 1467 2049 ταύτης
1494 1997 1514 2031 ι
1542 1980 1639 2050 τῆς
1668 1980 1772 2034 ὑπὸ
1797 1979 1886 2035 τὸν

292 2067 502 2135 νόμοντ
537 2066 596 2119 ού
637 2065 749 2138 γὰρ
781 2066 846 2138 δὴ
884 2068 952 2121 τὰ
998 2066 1126 2139 ἔθνη
1155 2068 1234 2139 τῷ
1261 2068 1414 2139 νόμῳ
1447 2069 1879 2141 περικλείονται.

301 2175 324 2212 τ
363 2158 608 2211 Κάκεῖνα
623 2153 717 2212 οὖν
745 2158 828 2212 δεῖ
861 2174 928 2229 με
961 2157 1193 2229 ἀγαγεῖν
1215 2174 1230 2188 ο
1277 2176 1297 2210 ι
1329 2160 1743 2232 ἐσκορπισμένα
1773 2160 1885 2233 γάρ

303 2251 437 2316 εἱσι,
488 2250 580 2303 καὶ
604 2250 798 2317 ταῦτα,
815 2251 1067 2316 κάκεῖνα,
1094 2250 1171 2323 μὴ
1201 2250 1397 2323 ἔχοντα
1423 2255 1713 2325 ποιμένας.
1766 2257 1882 2310 Καὶ

298 2340 413 2410 γὰρ
459 2342 555 2396 καὶ
592 2342 863 2398 Ἰουδαίων
892 2345 940 2397 oi
971 2343 1334 2414 εὐγνώμονες,
1376 2345 1472 2399 καὶ
1508 2348 1646 2418 πρὸς
1676 2348 1749 2400 κτδ
1789 2365 1884 2401 πι-

302 2433 526 2488 στεῦσαι
553 2434 997 2508 ἐπιτηδειότεροι,
1028 2438 1357 2508 ἀποίμαντοι
1380 2433 1544 2510 ἦσαν,
1578 2442 1673 2495 καὶ
1706 2441 1886 2513 πολλῷ

305 2523 509 2590 μᾶλλον
553 2524 604 2578 οἱ
640 2524 867 2580 ἐθνικοί.
892 2526 984 2578 Δεῖ
1013 2521 1105 2581 οὖν
1138 2529 1368 2582 κάκεῖνα
1404 2528 1474 2581 τὰ
1506 2524 1614 2582 τῶν
1649 2529 1884 2584 ἐθνικῶν

303 2618 658 2685 συναγαγεῖν,
679 2615 867 2688 ῶσπερ
889 2618 1108 2674 καὶτῶν
1124 2618 1191 2672 τά
1222 2619 1509 2677 Ἰουδαίων.
1532 2622 1604 2674 Τὸ
1615 2622 1693 2687 δὲ,
1723 2641 1740 2673 ι
1767 2623 1877 2677 δεῖ»

305 2707 543 2762 ἐνταῦθα
575 2710 675 2763 ούκ
701 2710 945 2781 ἀνάγκης
966 2709 1289 2776 animm
1317 2709 1411 2765 τοῦ
1444 2713 1662 2775 πάντως
1718 2712 1884 2786 ἐκϐη-

306 2799 542 2870 σομένου
562 2801 917 2872 σημαντικόν.
944 2820 963 2854 ι
1000 2802 1107 2855 Καὶ
1140 2802 1434 2873 γενήσεται
1501 2802 1601 2875 μία
1650 2805 1879 2875 ποίμνη,

298 2886 382 2955 εἷς
407 2894 629 2963 ποιμήν.
666 2911 684 2944 ι
715 2911 734 2945 ι
756 2893 845 2948 Ἐν
867 2893 974 2965 γὰρ
1000 2893 1222 2966 Χριστῷ
1260 2892 1432 2966 Ἰησοῦ
1454 2895 1554 2948 ούκ
1582 2895 1661 2949 ἔνι
1686 2896 1883 2966 Ἕλλην

304 2983 399 3036 καὶ
424 2982 702 3050 Ἰουδαῖος,
737 3001 757 3036 ›
785 2983 905 3037 ούδέ
939 2982 1175 3055 διαφορά
1197 3001 1280 3047 τις
1301 3001 1315 3016 ο
1344 2979 1424 3046 εἷς
1467 2985 1575 3057 γὰρ
1598 2986 1883 3059 χαρακτὴρ

304 3076 497 3140 ἆπασι,
530 3074 629 3146 μία
685 3077 923 3149 σφραγὶς
956 3077 990 3148 ἡ
1027 3076 1123 3130 τοῦ
1178 3076 1584 3149 βαπτίσματος,
1623 3074 1701 3144 εἷς
1761 3098 1884 3135 ποι-

305 3167 426 3241 μὴν.
468 3170 498 3221 ὁ
529 3168 703 3239 Λόγος
727 3169 821 3223 τοῦ
855 3168 990 3224 Θεοῦ
1019 3170 1115 3225 καὶ
1136 3169 1290 3236 Θεός.
1337 3173 1447 3225 Καὶ
1480 3173 1879 3245 αἱσχυναίσθωι-

1993 1976 2250 2033 habentes
2277 1986 2574 2048 pastorem.
2602 1976 2736 2032 Nam
2767 1986 2821 2035 et
2853 1979 2945 2050 qui
2977 1978 3117 2034 inter
3141 1978 3357 2035 Judmos
3382 1979 3575 2035 melius

1990 2069 2291 2138 sapiebant,
2340 2078 2396 2125 et
2447 2070 2516 2124 ad
2564 2071 2892 2126 credendum
2956 2071 3338 2143 propensiores
3390 2083 3573 2137 erant,

1990 2170 2203 2228 pastore
2242 2161 2535 2229 carebant,
2577 2169 2632 2217 et
2662 2161 2828 2217 multo
2852 2163 3022 2233 magis
3062 2162 3311 2232 gentiles.
3350 2181 3369 2215 ι
3398 2159 3573 2234 Opor-

1991 2260 2061 2305 tet
2093 2269 2112 2302 ι
2147 2250 2312 2322 igitur
2342 2261 2396 2307 et
2430 2250 2549 2306 illas
2580 2266 2701 2323 qua:
2729 2267 2794 2309 ex
2819 2252 3091 2324 gentibus,
3120 2270 3141 2305 ι
3170 2267 3523 2326 congregare,
3546 2272 3565 2305 ι

1988 2342 2436 2410 quemadmodum
2463 2352 2517 2413 et
2540 2357 2635 2398 eas
2665 2358 2785 2413 quae
2809 2358 2873 2398 ex
2895 2341 3106 2398 iudicis
3132 2353 3309 2400 erant.
3336 2342 3568 2400 Verbum

1989 2445 2166 2489 autem
2223 2453 2242 2486 ι
2300 2442 2514 2504 oportet
2554 2453 2576 2508 ρ
2616 2435 2719 2491 hoc
2771 2434 2892 2491 loco
2937 2452 3042 2490 non
3078 2444 3162 2492 est
3210 2436 3571 2501 necessitatis,

1988 2528 2083 2583 sed
2147 2528 2440 2583 indubitati
2509 2537 2734 2582 eventus
2797 2527 3242 2598 signiﬁcativum.
3299 2527 3417 2581 «Et
3469 2526 3575 2581 erit

1992 2637 2158 2676 unum
2196 2622 2355 2688 ovile,
2397 2637 2535 2678 unus
2584 2631 2785 2693 pastor.
2837 2639 2856 2672 ι
2884 2652 2949 2662 -
2980 2638 3000 2673 ι
3063 2618 3120 2674 lu
3182 2617 3400 2676 Christo
3428 2619 3572 2674 enim

1985 2707 2114 2766 Jesu
2147 2727 2253 2766 non
2285 2720 2366 2766 est
2394 2710 2634 2777 Graecus,
2662 2727 2834 2784 neque
2863 2709 3085 2767 Judmds
3115 2711 3182 2775 "',
3214 2730 3232 2763 ι
3267 2725 3442 2781 neque
3466 2710 3570 2764 ulla

1986 2802 2306 2858 dilferentia.
2338 2802 2485 2860 Unus
2537 2805 2683 2860 enim
2743 2806 3031 2860 character
3079 2803 3351 2869 omnibus,
3404 2818 3568 2856 unum

1987 2895 2216 2964 sigillum
2251 2896 2617 2966 baptismatis,
2644 2910 2787 2950 unus
2817 2905 3022 2966 pastor,
3076 2893 3310 2949 Verbqu
3362 2893 3457 2949 Dei
3515 2903 3573 2949 et

1984 2986 2146 3042 Deus.
2171 2986 2585 3043 Coofundantur
2603 2987 2906 3055 Manicbaci,
2936 2989 3027 3060 qui
3050 2986 3222 3043 Vetus
3242 2985 3566 3044 Testamen-

1987 3089 2097 3135 tum
2116 3081 2397 3152 abjiciunt.
2414 3080 2668 3146 Audiant,
2684 3083 2821 3152 quod
2842 3097 3004 3137 unum
3020 3079 3181 3148 ovile,
3200 3095 3341 3136 unus
3355 3082 3569 3150 pastori

1986 3171 2129 3227 idem
2165 3174 2310 3229 enim
2349 3173 2490 3230 Deus
2524 3171 2746 3230 Veteris
2778 3181 2833 3229 ct
2857 3172 2987 3229 Novi
3015 3172 3373 3229 Testamenti.

308 3278 408 3317 oav
458 3261 752 3333 Μανιχαῖοι
793 3260 893 3333 τὴν
964 3262 1210 3317 Παλαιὰν
1279 3264 1556 3337 Διαθήκην
1617 3266 2047 3330 ἀποϐάλλοντες·
2114 3266 2485 3332 όκουέτωσαν,
2553 3267 2636 3321 ὅτι
2683 3266 2799 3322 Μία
2848 3263 3076 3340 ποίμνη,
3117 3261 3200 3330 εἷς
3254 3263 3460 3338 ποιμήν
3487 3278 3502 3295 ⁸
3539 3273 3568 3325 ὁ

307 3351 415 3422 γὰρ
446 3352 607 3416 αὐτὸς
638 3352 770 3415 Θεὸς
794 3350 1037 3417 Παλαιᾶς
1077 3370 1137 3407 τε
1181 3354 1276 3409 καὶ
1302 3355 1468 3420 Νέας.

384 3463 403 3496 ι
443 3446 546 3499 Διά
571 3444 729 3499 τοῦτο
752 3447 780 3500 ό
810 3446 1002 3518 Πατήρ
1035 3463 1103 3516 με
1132 3448 1346 3520 ἀγαπᾷ,
1386 3451 1469 3503 ὃτι
1532 3451 1643 3519 ἐγὼ
1683 3449 1878 3522 τίθημι

2050 3449 2216 3507 Vsus.
2244 3448 2427 3503 17-21.
2466 3467 2484 3502 ι
2515 3446 2832 3521 ;Propterea
2876 3464 2963 3507 me
3005 3449 3168 3507 Pater
3224 3450 3419 3523 diligit,
3442 3450 3570 3522 quia

308 3536 404 3609 τὴν
427 3536 610 3609 ψυχήν
647 3554 771 3610 μου,
810 3537 907 3601 »ἵνα
963 3537 1127 3592 πάλιν
1153 3538 1304 3594 λάϐω
1336 3541 1530 3613 αὑτήν.
1566 3542 1754 3607 Οὐδεὶς
1798 3543 1886 3597 at-

308 3651 391 3705 ρει
443 3634 616 3706 αὐτὴν
668 3632 766 3688 ἀπ’
811 3632 970 3705 ἐμοῦ,
1023 3633 1142 3689 ἀλλ’
1189 3634 1301 3705 ἐγὼ
1343 3636 1536 3709 τίθημι
1579 3638 1749 3710 αὐτὴν
1793 3637 1888 3692 ἀπ’

307 3724 571 3796 ἐμαυτοῦ.
640 3725 919 3793 Ἐξουσίαν
967 3727 1243 3799 ἔχωπάλιν
1282 3730 1465 3786 λαϐεῖν
1513 3732 1706 3805 αύτήν.
1742 3733 1890 3787 Ταύ-

305 3836 403 3891 την
460 3818 560 3890 τὴν
617 3819 835 3892 ἐντολὴν
893 3821 1085 3876 ἔλαϐον
1131 3823 1281 3894 παρὰ
1331 3824 1424 3878 τοῦ
1478 3826 1688 3896 Πατρός
1758 3843 1885 3896 μου.

303 3913 519 3982 Σίὶίσμα
562 3911 658 3967 οὖν
705 3913 867 3968 πάλιν
916 3914 1134 3984 ἐγένετο
1190 3916 1248 3969 ἐν
1309 3919 1424 3981 τοῖς
1473 3915 1740 3981 Ἰουδαίοις
1799 3915 1889 3971 διά

306 4004 430 4066 τοὺς
477 4003 672 4072 λόγους
723 4003 968 4070 τούτους.
1019 4006 1247 4077 Ἔλεγον
1299 4006 1357 4060 δὲ
1396 4006 1580 4061 πολλοὶ
1600 4007 1659 4073 ἐξ
1685 4007 1885 4072 αὐτῶν,

307 4093 389 4148 ὅτι
419 4094 710 4164 Δαίμονιον
778 4094 1008 4167 ἔχεικαὶ
1045 4097 1320 4169 μαίνεται·
1351 4099 1404 4153 τί
1435 4099 1600 4153 αὐτοῦ
1622 4100 1887 4167 ἀκούετε;

312 4187 495 4241 Ἄλλοι
533 4186 722 4257 ἔλεγον
754 4206 769 4220 ·
797 4188 983 4244 Ταῦτα
1018 4192 1087 4245 τὰ
1112 4192 1335 4264 ῥήματα
1363 4193 1464 4247 οὐκ
1488 4193 1604 4248 ἔστι
1642 4192 1889 4264 δαιμονι-

310 4280 558 4351 ζομένου.
599 4281 690 4352 Μὴ
724 4282 1000 4352 δαιμόνιον
1040 4283 1265 4339 δύναται
1307 4286 1527 4355 τυφλῶν
1571 4286 1887 4357 ὀφθαλμοὺς

309 4374 584 4443 ἀνοίγειν;
623 4394 641 4426 ι
704 4375 925 4449 Ἐπειδὴ
976 4377 1266 4451 ἀλλότριον
1308 4378 1473 4433 αὐτὸν
1523 4379 1619 4433 τοῦ
1671 4380 1888 4452 Πατρός

308 4465 518 4535 ἔλεγον,
588 4468 685 4521 καὶ
737 4468 958 4533 πλάνον,
1006 4470 1101 4524 καὶ
1160 4469 1439 4542 λυμεῶνα,
1483 4471 1603 4543 οὐχὶ
1660 4472 1889 4543 Σωτῆρα

310 4556 522 4628 ψυχῶν,
558 4557 803 4613 δείκνυσι
866 4558 935 4614 δι’
965 4552 1040 4614 ὧν
1077 4576 1267 4633 φησιν,
1313 4563 1395 4615 ὅτι
1429 4562 1542 4616 Οὐκ
1583 4562 1701 4631 είμὶ
1733 4562 1888 4633 ὑμῶν

311 4649 550 4720 λυμεὼν,
574 4650 709 4706 ἀλλά
731 4652 909 4707 πάντα
940 4653 1080 4724 ὑπὲρ
1110 4653 1262 4725 ὑμῶν
1290 4652 1507 4724 ἕτοιμος
1533 4653 1807 4721 δέξασθαι·
1840 4655 1889 4708 εί

310 4744 369 4796 δὲ
394 4746 490 4798 καὶ
518 4745 609 4799 διά
643 4746 809 4817 μηδὲν
851 4746 999 4813 ἄλλο,
1042 4745 1159 4800 ἀλλ’
1190 4746 1283 4801 οὖν
1304 4747 1440 4801 διότι
1464 4746 1715 4801 τοσοῦτον
1746 4748 1891 4817 ὑμᾶς

1995 3559 2095 3613 ego
2124 3557 2263 3613 pono
2292 3542 2527 3596 animam
2577 3558 2774 3609 meam,
2821 3551 2878 3597 ut
2922 3543 3115 3599 iterum
3169 3558 3379 3599 sumam
3418 3560 3567 3601 eam.

1997 3634 2164 3691 Nemo
2196 3634 2343 3689 tollet
2371 3651 2489 3690 eam
2517 3650 2548 3689 a
2573 3649 2678 3699 me,
2705 3635 2796 3690 sed
2830 3650 2929 3705 ego
2960 3650 3103 3706 pono
3135 3650 3253 3690 eam
3282 3651 3312 3690 a
3338 3639 3567 3706 meipso.

1995 3728 2325 3783 Potestatem
2353 3727 2526 3782 habeo
2547 3728 2776 3798 ponendi
2801 3743 2944 3792 eam,
2971 3738 3024 3783 et
3045 3735 3368 3798 potestatem
3393 3729 3567 3786 habeo

1997 3836 2185 3876 rursus
2216 3820 2461 3876 sumendi
2494 3835 2635 3875 eam.
2655 3818 2771 3876 Hoc
2799 3820 3116 3876 mandatqu
3143 3821 3323 3890 accepi
3352 3838 3378 3875 a
3409 3821 3568 3878 Patre

1997 3926 2140 3967 meo.
2173 3911 2444 3968 Dissensio
2476 3912 2639 3983 igitur
2669 3912 2861 3968 iterum
2887 3912 3030 3968 facta
3068 3921 3152 3967 est
3192 3912 3333 3969 inter
3355 3910 3571 3970 Iudaeos

1997 4015 2216 4077 propter
2245 4021 2525 4063 sermones
2554 4007 2672 4065 hos.
2698 4005 2959 4062 Dicebant.
2986 4015 3164 4061 autem
3195 4005 3347 4061 multi
3379 4021 3446 4062 ex
3477 4006 3564 4076 ip~

1997 4096 2074 4153 sis
2103 4118 2118 4155 :
2155 4099 2483 4155 Daemouium
2516 4099 2675 4155 habet
2723 4110 2776 4155 et
2812 4099 3012 4154 insanit
3041 4118 3054 4154 :
3084 4099 3212 4171 quid
3242 4115 3367 4156 eum
3417 4099 3572 4154 auili-

1999 4192 2100 4248 tis?
2131 4192 2232 4247 Alii
2267 4192 2555 4248 dicebant:
2589 4190 2715 4256 llaec,
2744 4193 2906 4247 verba
2937 4209 3041 4248 non
3070 4203 3201 4250 sunt
3235 4192 3565 4250 daemonium

1999 4285 2267 4340 habentis.
2297 4283 2432 4338 Num
2471 4283 2792 4339 dazmonium
2838 4290 3016 4354 potest
3062 4297 3328 4346 caecorum
3381 4282 3572 4340 oculos

1998 4376 2244 4445 aperire?
2285 4395 2305 4429 ι
2341 4375 2608 4443 Quoniam
2634 4375 2868 4429 alienum
2897 4389 3021 4430 eum
3051 4390 3081 4431 a
3109 4373 3271 4431 Patre
3296 4375 3570 4442 dicebant,

1998 4469 2428 4532 etseductorem.
2447 4476 2500 4523 et
2521 4467 2903 4538 perniciosum,
2932 4483 3036 4522 non
3063 4464 3401 4539 Salvatorpm
3445 4467 3569 4524 ani-

2000 4578 2230 4626 marum,
2261 4562 2492 4617 ostendit
2527 4578 2621 4633 per
2652 4578 2713 4617 ea
2751 4578 2871 4633 quae
2904 4560 3055 4629 dicit,
3102 4562 3219 4620 Non
3263 4577 3379 4618 sum
3412 4563 3570 4620 vobis

1998 4655 2359 4726 perniciosus,
2384 4655 2477 4709 sed
2506 4652 2575 4706 ad
2610 4652 2924 4709 sustinenda
2956 4655 3137 4708 omnia
3172 4669 3269 4723 pro
3296 4654 3451 4711 vobis
3474 4671 3575 4727 pa-

2001 4758 2174 4812 ratus,
2207 4747 2450 4815 quamvis
2483 4756 2701 4816 propter
2733 4747 2866 4800 nihil
2918 4745 3085 4811 aliud,
3110 4761 3270 4816 quam
3303 4750 3442 4817 quod
3472 4764 3570 4803 vos

311 4840 503 4911 ἀγαπᾷ
548 4841 576 4892 ό
624 4841 777 4907 Θεὸς,
831 4839 972 4895 ὥστε
1027 4842 1170 4913 κάμὲ
1222 4841 1310 4896 διὰ
1368 4840 1529 4895 τοῦτο
1569 4841 1886 4910 ἀγαπᾶσθαι

1997 4838 2048 4891 in
2081 4845 2288 4892 tantum
2320 4837 2489 4907 diligit
2517 4836 2678 4903 Deus,
2711 4845 2767 4890 ut
2815 4846 2871 4892 et
2920 4853 3019 4907 ego
3072 4845 3292 4908 propter
3343 4840 3446 4895 hoc
3498 4841 3568 4894 ab

314 4933 442 5004 παρ’
502 4931 687 4998 αὐτοῦ,
716 4933 904 5008 ἐπειδὴ
961 4932 1102 5007 ὑπὲρ
1153 4934 1305 5006 ὑμῶν
1368 4933 1717 5002 ἀποθνήσκω.
1760 4934 1884 5000 Πῶς

313 5019 405 5078 οὖν
446 5024 712 5096 πλανήσω
754 5025 920 5097 ὑμᾶς,
945 5025 1037 5090 οὒς
1087 5022 1207 5080 οἶδα
1254 5028 1575 5098 ἀγαπητοὺς
1632 5027 1711 5100 τῷ
1742 5028 1882 5100 Θεῷ,

314 5117 429 5170 ἀλλ’
461 5116 584 5189 οὐχὶ
626 5118 827 5189 μᾶλλον
877 5119 1167 5175 σπουδάσω
1212 5120 1351 5191 ὑπὲρ
1389 5120 1543 5192 ὑμῶν
1568 5120 1882 5188 ἀποθανεῖν,

316 5209 391 5276 ῶς
415 5211 466 5265 εἰ
495 5210 591 5264 καὶ
610 5210 699 5265 διὰ
740 5210 909 5282 μηδὲν
934 5209 1085 5277 ἄλλο,
1122 5212 1211 5266 διὰ
1238 5213 1398 5267 τοῦτο
1426 5212 1558 5281 γοῦν
1590 5214 1885 5285 ἀγαπηθη-

321 5301 553 5372 σόμενος
584 5299 746 5355 πλέον
782 5302 887 5357 ὑπὸ
904 5300 999 5356 τοῦ
1025 5302 1241 5373 Πατρός
1273 5319 1410 5373 μου;
1442 5302 1630 5358 Ταῦτα
1653 5302 1710 5357 δὲ
1737 5302 1887 5373 λέγει

312 5393 382 5446 τά
436 5391 582 5446 οὕτω
637 5394 874 5447 ταπεινὰ
905 5432 921 5459 ,
976 5394 1473 5463 συγκαταϐαίνων,
1520 5393 1607 5448 διὰ
1659 5395 1720 5448 τὸ
1762 5397 1887 5459 τοὺς

324 5485 625 5551 ἀκούοντας
657 5485 733 5558 μὴ
768 5485 1175 5559 παραδέχεσθαι
1213 5486 1378 5541 αὐτὸν
1407 5487 1479 5540 τά
1545 5486 1723 5558 ὑψηλά
1761 5489 1888 5559 περὶ

318 5575 509 5630 ἑαυτοῦ
548 5577 776 5646 λέγοντα
805 5593 820 5608 ·
877 5578 1003 5631 ἐπεὶ
1058 5578 1232 5642 ἄλλως
1290 5595 1354 5648 γε
1400 5579 1773 5648 σκοπούμενον
1827 5579 1888 5633 τὸ

318 5669 483 5742 ῥητὸν
513 5670 711 5724 ἄτοπον
740 5668 905 5735 δόξει.
935 5670 1002 5724 Τί
1037 5669 1145 5742 γάρ
1176 5688 1192 5739 ;
1233 5669 1324 5725 τὸν
1357 5670 1665 5742 ἔμπροσθεν
1697 5670 1885 5741 χρόνον

389 5857 435 5889 ⁸³
464 5855 508 5910 ll
536 5855 678 5911 Tim.
713 5870 775 5918 ll,
805 5853 893 5909 l9.
969 5855 1014 5887 ⁸⁸
1051 5853 1212 5913 Joau.
1252 5870 1291 5921 ι,
1315 5855 1371 5909 Α.
1447 5852 1718 5910 "Coloss.
1757 5868 1839 5920 ιιι,
1878 5853 1967 5910 ll.

657 5953 925 6012 ΡΑτιιοι..
962 5951 1080 6014 (in.
1126 5950 1398 6014 CXXIV.

1995 4931 2112 5002 ipso
2138 4929 2353 4999 diligar,
2375 4930 2500 4999 quia
2534 4945 2629 4999 pro
2663 4931 2815 4985 vobis
2848 4932 3069 4986 moriar.
3096 4930 3375 5000 Quomodo
3403 4933 3569 5001 igitur

1994 5023 2245 5078 seducam
2273 5037 2364 5077 vos
2388 5038 2525 5092 quos
2555 5023 2669 5079 scio
2703 5024 2926 5080 dilectos
2962 5024 3093 5080 Dei?
3151 5025 3346 5080 Annon
3392 5026 3565 5096 magis

1994 5130 2094 5186 pro
2120 5115 2271 5172 vobis
2311 5116 2447 5170 mori
2488 5130 2690 5185 quaero,
2738 5126 2798 5171 ut
2845 5118 2890 5171 si
2937 5122 3159 5189 propter
3208 5117 3340 5171 nihil
3393 5116 3559 5181 aliud,

1994 5208 2185 5265 saltem
2203 5217 2421 5279 propter
2444 5208 2567 5273 hoc,
2586 5208 2726 5279 quod
2758 5211 2928 5281 magis
2957 5210 3151 5282 diligar
3172 5226 3202 5264 a
3224 5208 3386 5265 Patre
3409 5210 3565 5265 meo?

1954 5350 1967 5357 -
1992 5302 2120 5358 Haec
2148 5312 2326 5359 autem
2356 5318 2497 5358 nunc
2541 5311 2649 5358 tam
2697 5304 2922 5359 humilia
2970 5304 3119 5369 dicit,
3143 5319 3202 5360 se
3234 5304 3341 5359 illis
3370 5312 3568 5359 attem-

1993 5408 2210 5464 perans,
2232 5407 2297 5448 eo
2324 5392 2467 5463 quod
2500 5392 2545 5449 si
2575 5393 2781 5448 diceret
2811 5396 2878 5447 de
2909 5407 2971 5448 se
2994 5393 3268 5461 sublimia,
3293 5392 3570 5454 auditores

1992 5484 2141 5541 illum
2167 5500 2276 5540 non
2314 5495 2603 5556 caperent;
2633 5487 2756 5555 quia
2780 5484 2825 5541 si
2844 5484 3005 5540 aliter
3030 5484 3234 5540 dictum
3259 5485 3571 5541 considere-

1994 5586 2097 5641 tur,
2139 5576 2432 5634 absurdum
2466 5576 2758 5633 videbitur.
2797 5575 2905 5631 Cur
2945 5575 3090 5630 enim
3127 5577 3295 5647 priori
3329 5586 3570 5647 tempore

1991 5685 2096 5724 non
2116 5667 2456 5743 diligebatur,
2482 5670 2575 5727 sed
2598 5683 2741 5725 nunc
2765 5667 3106 5725 dilectionem
3132 5667 3361 5740 cmperit
3381 5664 3567 5736 Pater,

3089 5948 3127 6009 3
