4060 6584
503 382 573 446 75
1405 386 1985 454 TIIEOPHYLACTI
2019 392 2431 459 BULGABME
2470 396 2829 465 ARCHIEP.
3693 419 3728 482 7

502 504 558 551 et
613 508 760 551 mors
811 508 909 567 pro
962 494 1139 563 nobis,
1191 494 1265 552 illi
1306 495 1616 560 dilcctionis
1661 513 1850 561 auctor
1888 505 2048 563 fuerit

2182 512 2284 602 οὐκ
2309 506 2730 582 ἡγαπᾶτο,ἁλλά
2758 515 2854 573 νῦν
2875 517 2975 590 τῆς
3001 519 3221 595 ἀγάπης
3251 522 3456 596 ἤρξατο
3486 527 3515 581 6
3545 527 3761 602 Πατὴρ,

503 586 619 643 Non
649 588 722 643 ita
749 596 852 652 est,
878 585 992 655 sed,
1016 596 1075 641 ut
1109 586 1243 653 dixi,
1265 602 1386 646 sese
1420 590 1529 648 illis
1560 602 1929 666 attetnperans
1960 598 2078 654 hare

496 666 662 734 dixit.
708 677 915 733 Dixerit
943 686 1123 734 autem
1156 679 1280 750 quis
1314 690 1370 737 et
1408 681 1532 753 hoc,
1553 680 1824 751 Quoniam
1859 687 2078 745 dilectio

507 767 595 821 Dci
621 777 674 821 et
697 766 875 822 Patris
906 781 1035 839 erga
1059 780 1157 825 nos
1178 782 1246 824 ex
1270 766 1526 830 confesso
1555 783 1696 840 erat,
1726 777 1866 834 vidit
1895 788 2075 835 autem

505 858 642 916 Deus
675 869 731 915 et
764 859 923 917 Pater
946 863 1110 918 etiam
1136 862 1331 919 Filium
1356 878 1517 922 somn
1542 869 1788 925 eamdem
1825 886 1952 944 erga
1977 889 2077 931 nos

500 952 862 1008 declarantem
891 955 1216 1023 bonitatem,
1235 967 1398 1029 atque
1428 958 1505 1015 ita
1535 960 1770 1018 voluisse
1792 977 1895 1034 pro
1923 964 2077 1022 nobis

501 1046 660 1111 mori,
708 1056 764 1101 et
819 1046 1108 1119 diligenter
1157 1051 1453 1108 observare
1507 1052 1675 1127 649
1729 1057 2076 1115 characteres

500 1138 755 1195 bonitatis
786 1149 1048 1210 paternae,
1079 1140 1265 1198 dilexit
1299 1146 1511 1210 merito,
1531 1161 1638 1202 non
1672 1150 1827 1219 quasi
1864 1166 2075 1207 merce-

498 1232 619 1286 dem
652 1233 944 1302 quamdam
974 1234 1161 1291 mortis
1204 1250 1304 1307 pro
1346 1237 1508 1295 nobis
1562 1239 1902 1297 dilectionem
1940 1240 2076 1301 dans

481 1325 657 1393 'Filio,
704 1329 799 1384 sed
850 1339 1100 1398 spectans
1150 1329 1569 1388 inadnlteratam
1616 1334 1973 1391 substantiam
2020 1339 2071 1393 in

497 1419 656 1487 Filio,
691 1432 745 1477 et
776 1425 1172 1492 quodammodo
1226 1425 1549 1496 quibusdam
1595 1436 1805 1485 naturae
1842 1430 2074 1486 vinculis

498 1515 818 1572 necessariis
862 1523 916 1571 et
955 1514 1356 1573 inevitabiiibus
1412 1520 1479 1575 ad
1537 1519 1641 1576 hoc
1674 1504 1920 1578 vocatus.
1966 1522 2076 1578 An-

497 1623 600 1662 non
638 1623 846 1679 magna:
879 1609 1186 1666 dilectionis
1213 1626 1342 1683 erga
1373 1627 1471 1668 nos
1502 1622 1639 1683 opus
1669 1611 1840 1670 Filius
1887 1631 2074 1671 susce-

495 1700 595 1770 pit,
618 1699 974 1771 ignominiose
1007 1703 1244 1759 moriens
1292 1719 1392 1775 pro
1427 1705 1627 1761 nobis?
1678 1716 1730 1762 et
1763 1712 1868 1763 non
1897 1708 2073 1766 solum

497 1794 753 1861 moriens,
778 1796 874 1851 sed
908 1805 962 1850 et
995 1798 1188 1852 iterum
1225 1798 1496 1869 accipiens
1526 1800 1789 1867 animam,
1814 1811 1873 1858 ut
1921 1803 2071 1860 occi-

495 1889 585 1941 dat
622 1898 869 1955 mortem,
908 1897 964 1945 et
1014 1887 1170 1944 nobis
1202 1886 1666 1948 immortalitatem
1701 1908 1799 1964 per
1827 1911 2071 1953 resurre-

494 1981 727 2035 ctionem
760 1981 969 2051 pariat?
998 1981 1112 2038 lloc
1143 1982 1306 2055 igitur
1334 1983 1607 2055 signiﬁcat
1642 1988 1859 2057 quando
1894 1989 2064 2059 dicit,

500 2090 517 2123 ι
559 2070 721 2131 Pater
770 2073 945 2145 diligit
972 2089 1078 2143 tne,
1115 2093 1136 2128 ι
1190 2090 1256 2131 eo
1287 2077 1429 2146 quod
1478 2077 1682 2134 morior
1719 2094 1817 2151 pro
1868 2081 2066 2139 vobis:

490 2164 643 2234 quasi
670 2164 905 2221 exsultet
924 2176 974 2221 et
998 2166 1228 2237 gaudeat
1254 2162 1414 2224 Pater
1430 2168 1571 2239 quod
1594 2168 1765 2228 Filius
1781 2173 1885 2228 sibi
1913 2175 2068 2231 simi-

484 2244 560 2312 ‘lis
590 2257 681 2322 sit,
703 2267 757 2313 et
787 2262 964 2314 servet
988 2258 1336 2315 characteres
1365 2276 1474 2317 sua:
1507 2277 1632 2333 erga
1658 2265 1904 2321 homines
1934 2267 2066 2321 cha-

489 2350 689 2406 ritatis.
731 2345 902 2407 Porro
955 2351 1097 2421 quod
1141 2350 1291 2420 dicit,
1325 2371 1344 2406 ‹
1386 2352 1576 2411 Nullus
1631 2357 1767 2412 tollit
1826 2358 2062 2414 animam

490 2456 664 2497 meam
698 2461 726 2497 a
757 2457 864 2510 me,
891 2461 909 2496 ι
929 2440 1149 2515 propter
1179 2460 1271 2501 eos
1297 2448 1388 2518 qui
1420 2461 1649 2504 mortem
1681 2449 1798 2519 ejus
1831 2453 2063 2508 medita-

485 2533 686 2588 bantur
741 2535 889 2591 dicit.
954 2554 973 2588 t
1038 2534 1145 2593 Vos
1198 2539 1365 2604 enim,
1430 2540 1626 2611 inquit,
1671 2543 1835 2598 sititis
1883 2561 2059 2601 meum

489 2620 880 2693 sanguinein“,
908 2643 929 2678 ι
955 2626 1050 2681 sed
1075 2627 1215 2682 bene
1238 2627 1424 2685 sciatis
1437 2631 1576 2699 qund
1594 2648 1676 2688 me
1703 2632 2062 2691 involuntario

486 2717 667 2776 nullus
696 2717 1031 2790 praevalebit.
1056 2716 1289 2790 Insuper
1337 2732 1392 2776 ut
1433 2738 1502 2779 ne
1542 2724 1662 2793 quis
1710 2735 1863 2797 putet
1914 2728 2058 2797 quod

490 2823 745 2882 tanquam
778 2809 1025 2866 minister
1059 2821 1112 2867 et
1141 2813 1388 2869 subditus
1421 2816 1685 2872 moriatur
1710 2819 1778 2872 ab
1807 2818 1912 2874 alio
1937 2821 2058 2890 jus-

486 2917 603 2967 sus,
636 2912 689 2957 et
726 2901 801 2958 illi
831 2903 1029 2959 cedens
1062 2902 1453 2974 :Potestatcm,
1486 2907 1679 2979 inquit,
1709 2913 1896 2967 mortis
1926 2928 2061 2970 mea:

485 2998 603 3068 ipse
653 2995 847 3066 habeo,
874 3008 936 3053 ut
987 2998 1247 3056 Dominus
1296 3001 1507 3057 mortis.
1534 3001 1720 3075 Itaque
1765 3018 2056 3078 propterea

2181 601 2278 657 καὶ
2302 605 2330 657 6
2361 605 2504 680 ὑπὲρ
2548 607 2707 681 ἡμῶν
2730 608 2964 677 θάνατος
2995 613 3222 683 γέγονεν
3248 616 3399 691 αὐτῷ
3427 619 3634 693 ταύτης
3679 601 3768 678 ανί-

2178 694 2323 762 τιος’;
2352 694 2468 750 Οὐκ
2495 696 2612 752 ἐστι
2633 697 2818 766 τοῦτο,
2851 700 2968 755 ἀλλ’
3000 703 3137 776 ὅπερ
3184 698 3362 774 εἶπον,
3393 713 3769 780 συγκαταϐαί-

2178 802 2286 841 νων
2316 787 2495 844 ταῦτά
2540 807 2727 862 φησιν.
2759 793 2917 848 Εἴποι
2971 794 3017 848 δ’
3066 796 3133 851 ἀν
3177 812 3262 864 τις
3310 800 3406 855 καὶ
3450 796 3632 873 τοῦτο,
3653 806 3767 875 ὅτι,

2178 879 2367 955 ἐπειδὴ
2412 883 2446 955 ἡ
2494 884 2642 971 περὶ-
2669 888 2822 959 ἡμᾶς
2863 889 3051 963 ἀγάπη
3083 891 3179 946 τοῦ
3238 893 3376 949 Θεοῦ
3420 897 3517 952 καὶ
3547 898 3767 971 Πατρδς

2184 973 2598 1050 ὁμολογουμένη
2631 966 2720 1052 ἦν,
2750 977 2858 1035 εἶδε
2886 982 2944 1036 δὲ
2970 985 2998 1038 6
3023 983 3156 1049 θεὸς
3187 988 3284 1043 καὶ
3319 989 3511 1061 Πατὴρ
3534 992 3631 1047 καὶ
3667 966 3764 1047 τὸν

2183 1065 2314 1120 Υίδν
2352 1069 2518 1125 αὐτοῦ
2553 1070 2655 1144 τὴν
2716 1074 2888 1145 αὐτὴν
2935 1078 3282 1151 χρηστότητα
3331 1083 3463 1155 περὶ
3494 1086 3641 1155 ἡμᾶς
3677 1086 3767 1139 ἒν-

2174 1160 2495 1234 δεινξάμενον
2526 1206 2543 1231 ,
2595 1162 2737 1221 ὥστε
2798 1169 2894 1222 καὶ
2957 1171 3397 1244 ὑπεραποθανεῖν
3450 1176 3708 1250 ἐθελῆσαι
3736 1219 3754 1245 ,

2177 1254 2273 1308 καὶ
2311 1257 2411 1326 τῆς
2446 1257 2539 1312 τοῦ
2581 1254 2797 1331 Πατρὸς
2837 1262 3175 1336 ἀγαθότητος
3228 1268 3358 1333 τοὺς
3403 1270 3766 1345 χαρακτῆρας

2168 1344 2424 1416 ’ἀκριϐεῖς
2451 1348 2825 1419 ἀποσώζοντα,
2863 1352 3152 1426 ἠγάπησεν
3184 1359 3438 1425 εἰκότως,
3467 1362 3529 1417 οὐ
3568 1365 3764 1435 μισθὸν

2170 1436 2365 1510 ὥσπερ
2410 1439 2535 1495 τινὰ
2577 1440 2671 1497 τοῦ
2729 1440 2872 1518 ὖπὲρ
2910 1440 3067 1518 ἡμῶν
3126 1450 3363 1507 θανάτου
3404 1454 3503 1528 τὴν
3537 1456 3761 1528 ἀγάπην

2174 1530 2517 1604 δωρούμενος
2546 1533 2623 1605 τῷ
2658 1536 2793 1608 Υῖῷ,
2828 1538 2966 1594 ἀλλά
2995 1541 3096 1613 τῆς
3125 1538 3316 1611 οὖσίας
3340 1547 3440 1619 τῆς
3469 1547 3665 1604 ἑαυτοῦ
3697 1549 3761 1604 τὸ

2174 1625 2396 1697 γνήσιον
2456 1628 2516 1682 ὲν
2558 1627 2674 1700 Υἱῷ
2727 1630 2970 1704 θεωρῶν,
3000 1634 3096 1690 καὶ
3149 1634 3339 1711 ὥσπερ
3383 1642 3495 1697 τισὶ
3540 1641 3760 1715 φύσεως

2173 1715 2395 1788 δεσμοῖς
2455 1720 2773 1790 ἀναγκαίοις
2822 1725 2917 1780 καὶ
2962 1724 3360 1802 ἀπαραιτήτοις
3415 1732 3554 1805 πρὸς
3597 1736 3761 1791 τοῦτο

2174 1807 2528 1882 καλούμενος.
2558 1807 2637 1867 Ἦ
2669 1812 2778 1886 γὰρ
2803 1815 2863 1870 οὐ
2914 1818 3158 1891 μεγάλης
3198 1820 3419 1896 ἀγάπης
3459 1823 3619 1897 ἔργον
3672 1830 3758 1890 εἰς

2172 1898 2322 1971 ἡμᾶς
2358 1902 2386 1954 6
2416 1900 2549 1966 Υίὸς
2572 1902 2903 1973 ἐνεδείξατο,
2944 1906 3146 1974 ἀδόξως
3172 1908 3350 1965 θανὼν
3404 1909 3543 1984 ὖπὲρ
3571 1912 3753 1983 ἡμῶν,

2170 1991 2267 2049 καὶ
2306 1992 2366 2046 οὐ
2413 1993 2577 2063 μόνον
2638 1993 2836 2066 θανὼν,
2869 1994 3005 2053 ἀλλά
3056 1997 3152 2054 καὶ
3214 1999 3378 2056 πάλιν
3428 2000 3608 2056 λαϐὼν
3654 2002 3756 2072 τὴν

2169 2082 2371 2154 ψυχὴν,
2422 2085 2509 2140 ἵνα
2555 2089 2806 2162 νεκρὼσῃ
2867 2090 2960 2144 τὸν
3010 2089 3259 2157 θάνατον,
3311 2092 3407 2147 καὶ
3456 2095 3591 2166 ἡμῖν
3651 2095 3757 2165 τὴν

2166 2175 2467 2233 ἀθανασίαν
2489 2178 2574 2233 διὰ
2592 2181 2686 2251 τῆς
2706 2182 3059 2248 ἀναστάσεως
3087 2187 3500 2258 κατεργάσηται
3534 2203 3549 2253 ;
3577 2186 3753 2240 Τοῦτο

2167 2266 2261 2322 οὖν
2291 2268 2461 2339 δηλοῖ,
2500 2271 2626 2324 ὅταν
2665 2272 2822 2345 λέγῃ,
2848 2274 2933 2328 ὅτι
2973 2294 2992 2327 t
3036 2275 3095 2329 Ὁ
3122 2275 3318 2348 Πατὴρ
3352 2278 3548 2350 ἀγαπᾷ
3594 2295 3684 2349 με,
3725 2299 3744 2330 ι

2167 2359 2301 2414 διότι
2347 2359 2681 2435 ἀποθνήσκω
2717 2363 2860 2436 ὑπὲρ
2910 2363 3084 2436 ὑμῶν,
3120 2366 3181 2419 τὸ
3207 2366 3407 2423 ὡσανεὶ
3450 2368 3750 2438 γάννυσθαι

2168 2453 2263 2505 καὶ
2295 2453 2507 2524 χαίρειν
2568 2453 2663 2507 τὸν
2712 2455 2959 2530 Πατέρα,
3000 2458 3082 2512 ὅτι
3130 2460 3158 2512 6
3203 2456 3329 2524 Υἱὸς
3366 2458 3517 2532 αὕτῷ
3577 2460 3748 2526 ἔοικε,

2168 2542 2262 2597 καλ⁵
2295 2543 2394 2613 τῆς
2424 2546 2559 2616 πρὸς
2601 2544 2924 2619 ἀνθρώπους
2953 2549 3175 2621 ἀγάπης
3208 2548 3373 2605 αὐτοῦ
3411 2552 3539 2617 τοὺς
3575 2571 3750 2624 χαρα-

2165 2634 2378 2708 κτῆρας
2414 2637 2713 2704 ἀποσώζει.
2744 2638 2818 2694 Τδ
2854 2639 2933 2706 δὲ,
2970 2659 2988 2693 ι
3012 2642 3227 2718 ,Οὐδεὶς
3259 2643 3403 2716 αίρει
3438 2644 3536 2717 τὴν
3565 2645 3749 2718 ψυχήν

2167 2745 2271 2797 μου
2326 2727 2423 2783 ἀπ’
2461 2729 2622 2802 ἐμοῦ,
2662 2750 2681 2784 ι
2742 2730 2832 2786 διὰ
2885 2733 3012 2797 τοὺς
3062 2735 3185 2789 κατ’
3240 2734 3406 2790 αὐτοῦ
3466 2736 3748 2808 φονῶντάς

2164 2834 2352 2891 φησιν.
2408 2821 2598 2894 Ὑμεῖς
2623 2824 2753 2894 γὰρ,
2790 2825 2944 2896 φησὶ,
2980 2824 3167 2896 διψᾶτε
3190 2826 3283 2881 τοῦ
3325 2828 3459 2901 ἐμοῦ
3489 2829 3745 2902 αἵματοῖ,

2164 2912 2280 2967 ἀλλ’
2312 2911 2369 2969 εὖ
2421 2916 2560 2986 ἴστε,
2585 2918 2660 2983 ὡς
2698 2920 2924 2986 ἄκοντος
2972 2921 3112 2994 ἐμοῦ
3165 2923 3341 2988 οὐδεὶς
3390 2922 3743 2996 κατισχύσει.

2169 3006 2290 3059 Ἔτι
2335 3005 2412 3074 δὲ,
2452 3009 2539 3063 ἵνα
2591 3009 2668 3080 μὴ
2720 3011 2920 3084 νομίσῃ
2940 3028 3047 3078 τις,
3081 3014 3163 3067 ὅτι
3196 3014 3272 3078 ὡς
3317 3014 3599 3087 ὑπηρέτης
3650 3020 3747 3071 καὶ

486 3091 657 3146 dicit:
683 3109 703 3143 ι
738 3089 1065 3147 Potestatem
1099 3091 1270 3148 habeo
1289 3094 1521 3164 ponendi
1553 3097 1789 3153 animam
1821 3114 2050 3167 meam,»

2167 3097 2442 3170 ὑπουργὸς
2490 3100 2849 3174 ἀποθνήσκει,
2884 3102 2977 3158 ὑπ’
3014 3104 3175 3159 ἄλλου
3221 3104 3602 3179 κελευόμενος,
3648 3107 3745 3160 καὶ

486 3184 734 3255 quamvis
760 3191 814 3239 et
837 3178 1210 3256 unusquisque
1240 3195 1479 3242 vestrum
1517 3197 1835 3258 potestatem
1862 3193 2056 3251 habeat

2166 3192 2358 3265 ἐκείνῳ
2398 3193 2661 3262 ὑπείκων,
2703 3196 2838 3268 φησί
2899 3212 2916 3228 ·
2942 3195 3054 3270 Τὴν
3093 3198 3343 3266 ἐξουσίαν
3377 3178 3472 3253 τοῦ
3505 3198 3743 3255 θανάτου
3792 3208 3800 3218 ⁵

487 3277 717 3345 ponendi
750 3276 985 3331 animam
1017 3290 1207 3334 suam:
1234 3293 1355 3333 nam
1394 3280 1682 3351 unicuique
1716 3284 1911 3342 volenti
1943 3303 2058 3358 pos-

2164 3280 2257 3336 τοῦ
2288 3282 2424 3354 ὲμυῦ
2457 3285 2619 3350 αὐτὸς
2652 3284 2781 3357 ἔχω,
2831 3287 2906 3352 ὡς
2936 3286 3203 3361 δεσπότης
3231 3289 3324 3343 τοῦ
3356 3289 3607 3347 Θανάτου.
3639 3292 3742 3346 Διά

486 3370 643 3426 sibile
682 3378 768 3424 est
804 3383 863 3425 se
904 3367 1255 3439 interﬁcere;
1306 3372 1400 3427 sed
1447 3387 1556 3428 non
1606 3374 1675 3430 de
1736 3375 1840 3433 hoc
1898 3380 2058 3437 modo

486 3466 617 3544 dicit
639 3466 919 3533 Dominus,
952 3467 1043 3523 sed
1070 3465 1212 3536 quod
1235 3482 1320 3524 me
1349 3469 1519 3524 invito
1541 3470 1715 3528 nullus
1737 3475 1932 3544 poterit
1954 3476 2057 3533 hoc

482 3561 699 3630 facere;
727 3560 777 3617 id
803 3560 857 3616 in
885 3559 1193 3617 hominibus
1228 3575 1332 3617 non
1376 3562 1451 3617 lit.
1480 3559 1616 3618 Nam
1662 3566 1826 3621 etiam
1865 3578 2057 3639 praeter

483 3657 812 3713 voluntatem
844 3663 1083 3712 nostram
1109 3653 1178 3709 ab
1209 3652 1332 3710 aliis
1360 3646 1735 3715 interﬁcimur.
1769 3658 1838 3713 At
1872 3660 2056 3717 Domi-

484 3765 584 3805 nus
607 3764 888 3819 nunquam
922 3747 1288 3804 involuntarie
1324 3764 1517 3820 passus
1551 3760 1655 3817 est,
1680 3766 1745 3807 eo
1774 3753 1917 3825 quod
1949 3768 2053 3810 non

480 3842 638 3897 aliter
684 3840 843 3897 morti
891 3839 1158 3896 obnoxius
1205 3849 1344 3909 erat,
1388 3842 1492 3902 nisi
1523 3855 1781 3914 quantum
1815 3846 2051 3903 libebat.

479 3930 655 3987 liabet
710 3939 766 3985 et
814 3930 1015 4001 majus,
1068 3930 1209 4000 quod
1264 3931 1499 3987 animam
1553 3933 1748 3990 iterum
1798 3937 2051 4008 accipiat.

477 4021 593 4079 lloc
629 4030 808 4077 autem
867 4021 1178 4079 mandatum
1217 4021 1388 4093 inquit
1439 4038 1498 4079 se
1546 4029 1822 4097 accepisse
1877 4045 1906 4083 a
1944 4029 2051 4085 Pa-

480 4127 603 4186 tre,
651 4124 709 4171 ut
760 4124 1069 4173 moreretur
1106 4130 1203 4185 pro
1252 4118 1470 4172 mundo.
1528 4115 1713 4190 Usque
1751 4123 1925 4188 adeo,
1970 4124 2055 4180 in-

477 4210 614 4278 quit,
641 4223 746 4263 non
785 4222 902 4264 sum
947 4208 1287 4265 adversarius
1316 4205 1448 4275 Deo,
1477 4219 1535 4266 ut
1587 4221 1642 4265 et
1684 4211 1822 4268 istuc
1874 4215 2048 4284 ipsum

478 4301 618 4358 mori
658 4315 686 4354 a
714 4300 872 4357 Patre
894 4301 1031 4357 mihi
1065 4301 1562 4358 demandatum‘sit.
1605 4301 1771 4360 Porro
1816 4308 2047 4376 primum

475 4393 991 4466 quodsublimevest,
1014 4393 1143 4449 dicit
1171 4412 1185 4450 :
1212 4413 1234 4447 ι
1271 4392 1596 4450 Potestatem
1628 4394 1803 4452 habeo
1834 4399 2051 4468 accipe-

476 4503 536 4543 re
568 4487 804 4544 animam
841 4501 1013 4541 meam
1040 4502 1056 4553 ;
1087 4504 1107 4540 ι
1146 4485 1431 4541 Dominum
1459 4486 1604 4542 enim
1636 4487 1828 4544 mortis
1858 4503 1916 4545 se
1953 4505 2050 4560 per

2162 3373 2321 3429 τοῦτο
2343 3374 2436 3430 οὖν
2468 3394 2653 3448 φησιν,
2689 3379 2771 3432 ὅτι
2805 3398 2823 3431 ι
2855 3374 3143 3447 Ἐξουσίαν
3167 3378 3272 3453 ἔχω
3312 3381 3481 3436 θεῖναι
3510 3384 3609 3455 τὴν
3637 3384 3745 3455 ψυ-

2161 3467 2264 3540 χήν
2314 3486 2440 3540 μου,
2479 3487 2498 3520 ι
2528 3471 2577 3524 εἱ
2609 3470 2704 3525 καὶ
2734 3470 2967 3537 ἕκαστος
2992 3472 3146 3544 ὑμῶν
3196 3474 3445 3541 ἐξουσίαν
3477 3474 3590 3547 ἔχει
3640 3477 3742 3548 τὴν

2160 3557 2340 3631 ψυχὴν
2372 3560 2535 3616 αὑτοῦ
2557 3562 2754 3619 θεῖναι.
2806 3564 3056 3639 Ἐκάστῳ
3086 3567 3195 3641 γάρ
3222 3568 3529 3641 βουλομένῳ
3576 3569 3743 3624 δυνα-

2161 3653 2252 3707 τὸν
2307 3654 2500 3708 ἑαυτὸν
2550 3656 2778 3722 ἀνελεῖν,
2844 3658 2961 3714 ἀλλ’
3020 3659 3080 3714 οὐ
3155 3663 3282 3733 περὶ
3350 3656 3447 3717 τοῦ
3493 3662 3739 3717 τοιούτου

2161 3745 2363 3818 τρόπου
2404 3747 2568 3819 φησὶν
2615 3749 2644 3803 6
2697 3749 2941 3823 Κύριος,
2996 3752 3112 3807 ἀλλ’
3161 3754 3244 3808 ὅτι
3306 3756 3572 3823 Ἀκοντός
3634 3776 3738 3830 μου

2160 3837 2337 3903 οὐδεὶς
2379 3838 2446 3893 ἂν
2497 3840 2751 3913 δυνηθείη
2803 3841 2962 3897 τοῦτο
3019 3847 3234 3900 ποιεῖν’
3269 3846 3407 3920 ὅπερ
3461 3850 3555 3903 ἐπὶ
3625 3848 3739 3905 τῶν

2160 3930 2464 4004 ἀνθρώπων
2492 3934 2570 3993 Ἲού
2612 3932 2844 4005 γίνεται.
2877 3934 2987 3990 Καὶ
3008 3938 3118 4010 γάρ
3160 3938 3253 3993 καὶ
3310 3940 3535 4005 ἄκοντες
3583 3943 3740 3999 ἀναι-

2163 4022 2402 4095 ρούμεθα
2432 4024 2524 4078 ὐπ’
2545 4024 2720 4080 ἄλλων
2749 4044 2763 4058 ο
2794 4025 2822 4079 6
2852 4026 2908 4080 δὲ
2935 4025 3170 4100 Χριστὸς
3198 4031 3296 4085 οὐκ
3325 4031 3391 4088 ἀν
3425 4051 3554 4089 ποτε
3582 4034 3738 4089 ἄκων

2158 4113 2359 4169 επαθεν
2386 4131 2399 4144 ο
2425 4115 2509 4169 διὸ
2548 4115 2623 4181 ὡς
2662 4117 2737 4190 μὴ
2778 4118 2953 4185 ἄλλως
3000 4121 3217 4194 θανάτῳ
3273 4124 3653 4196 ὑποκείμενος,
3684 4128 3738 4182 εί

2161 4207 2236 4280 μὴ
2272 4208 2431 4279 μόνον
2464 4208 2627 4274 ἑκὼν,
2660 4210 2774 4282 ἔχει
2815 4210 2909 4265 καὶ
2939 4213 3002 4267 τὸ
3053 4211 3259 4285 μεῖζον,
3286 4214 3347 4269 τὸ
3398 4217 3586 4271 λαϐεῖν
3633 4218 3736 4291 τὴν

2155 4301 2333 4374 ψυχὴν
2376 4300 2804 4376 πάλιν.’Ταύτην
2841 4323 2901 4359 τε
2944 4306 3041 4379 τὴν
3086 4307 3304 4381 ἐντολήν
3362 4327 3496 4382 φησι
3546 4312 3738 4368 λαϐεῖν

2157 4395 2308 4465 παρά
2336 4394 2429 4449 τοῦ
2474 4392 2715 4468 Πατρὺς,
2746 4398 2809 4452 τὸ
2856 4399 3153 4454 ἀποθανεῖν
3193 4402 3332 4473 ὑπὲρ
3373 4402 3468 4458 τοῦ
3501 4406 3735 4477 κόσμου.

2156 4484 2426 4541 Τοσοῦτον
2446 4488 2583 4561 γὰρ,
2620 4491 2806 4562 φησιν,
2842 4491 2943 4546 οὐκ
2989 4494 3105 4566 εἰμὶ
3151 4495 3417 4564 ἀντίθεος,
3452 4496 3592 4551 ὥστε
3638 4500 3738 4554 καὶ

474 4581 578 4635 hoc
605 4579 842 4635 ostendit
867 4586 923 4633 et
954 4572 1147 4634 ducem
1174 4577 1322 4633 vitae.
1375 4576 1573 4633 lterum
1602 4579 1805 4634 humile
1827 4584 2048 4636 verbum

2162 4578 2288 4633 αὐτὸ
2341 4579 2501 4633 τοῦτο
2541 4580 2602 4633 τὺ
2638 4580 2936 4637 ἀποθανεῖν
2985 4584 3136 4657 παρὰ
3175 4586 3269 4641 τοῦ
3311 4590 3522 4663 Πατρὺς
3578 4593 3736 4647 ἐντέ-

474 4686 701 4742 ponens,
729 4685 952 4741 nempe:
1003 4689 1022 4721 ι
1076 4669 1388 4726 Mandatum
1436 4669 1540 4734 hoc
1578 4672 1759 4742 accepi
1809 4688 1839 4727 a
1888 4671 2049 4732 Patre

470 4777 615 4831 meo,
647 4780 666 4814 ι
697 4763 765 4816 ita
799 4758 1118 4817 mirabiliter
1150 4770 1376 4832 utraque
1392 4764 1915 4835 connectit,etquod
1940 4783 2046 4823 non

471 4857 738 4912 habeatur
774 4857 970 4919 minor,
991 4869 1056 4910 ac
1085 4869 1279 4911 servus
1310 4853 1508 4922 Patris,
1530 4866 1584 4912 et
1614 4868 1719 4914 non
1751 4858 1821 4913 sit
1852 4860 2047 4916 adver-

468 4948 650 5004 sarius
686 4946 784 5014 illi,
829 4949 926 5005 sed
972 4948 1223 5018 ejusdem
1278 4949 1530 5018 potentia:
1556 4960 1612 5005 et
1640 4950 1955 5009 voluntatis.
1979 4952 2046 5008 Et

467 5042 542 5099 ita
573 5057 788 5113 quoque
834 5042 1018 5097 multis
1046 5056 1112 5098 ex
1146 5041 1482 5099 auditoribus
1514 5042 1677 5097 etiam
1711 5045 1791 5099 sic
1819 5044 2041 5113 profuit,

467 5146 532 5187 eo
586 5135 727 5202 quod
788 5131 912 5184 talia
966 5130 1198 5197 dicebat,
1230 5141 1393 5201 atque
1443 5130 1514 5185 ita
1582 5138 1730 5186 utet
1776 5132 2044 5189 dissensio

470 5221 642 5276 ﬁeret.
674 5218 808 5275 Nam
843 5220 974 5274 dum
1009 5218 1255 5274 nonnulli
1304 5219 1500 5290 quibus
1558 5218 1674 5276 haec
1727 5222 1888 5276 verba
1940 5222 2040 5278 ob-

456 5295 711 5368 Ascuriora
743 5313 1081 5381 ridebantur,
1106 5313 1366 5382 putabant
1391 5312 1542 5367 illum
1570 5313 1836 5368 dmmonio
1860 5327 2039 5371 actum

467 5406 609 5477 loqui
657 5420 777 5479 qua:
825 5422 930 5460 non
958 5400 1317 5479 intelligeret;
1341 5404 1430 5460 alii
1461 5406 1552 5476 qui
1589 5406 1671 5462 vel
1704 5406 2044 5463 mediocriter

446 5499 887 5563 intellexerant:
920 5517 939 5552 ι
978 5498 1123 5566 ihec,
1148 5499 1321 5567 aiunt,
1378 5499 1542 5555 verba
1611 5515 1715 5555 non
1762 5510 1885 5555 sunt
1928 5500 2043 5572 ejus

463 5592 555 5662 qui
586 5590 850 5647 dtetnonio
870 5591 1077 5661 'agitur.
1107 5610 1126 5644 ι
1160 5590 1385 5661 Insuper
1417 5591 1543 5661 quia
1580 5589 1759 5645 verbis
1791 5608 1895 5645 non
1942 5607 2040 5663 po-

384 5698 429 5711 ‘r
463 5692 641 5739 terant
687 5682 967 5738 confutare
993 5681 1142 5750 illos;
1179 5696 1301 5736 cum
1331 5681 1476 5735 enim
1503 5679 1751 5735 benevoli
1778 5695 1881 5735 non
1906 5683 2040 5736 Satis

466 5782 711 5829 tenerent
751 5789 813 5828 ea
861 5789 982 5845 quae
1011 5792 1040 5828 a
1071 5773 1302 5829 Domino
1333 5771 1669 5836 dicebantur,
1708 5786 1884 5841 neque
1931 5773 2040 5827 iliis

537 5867 583 5899 ⁸⁸
620 5867 777 5924 Joan.
818 5882 936 5935 vtu,
963 5867 1055 5923 3'7.

2150 4669 2372 4739 ταλμαι.
2397 4670 2576 4725 Εἰπὼν
2591 4671 2647 4726 δὲ
2668 4670 2932 4745 πρότερον
2951 4673 3043 4727 καὶ
3060 4672 3281 4744 ὑψηλὸν,
3295 4676 3354 4729 τὸ
3391 4694 3412 4728 ι
3448 4677 3733 4742 Ἐξουσίαν

2149 4759 2260 4832 ἔχω
2279 4762 2464 4817 λαϐεῖν
2484 4762 2769 4837 τὴνψυχήν
2802 4782 2924 4835 μου,
2956 4783 2975 4817 ι
3012 4765 3424 4842 (δεσπότηνγάρ
3446 4770 3607 4826 αὑτὸν
3634 4774 3730 4827 τοῦ

2150 4853 2379 4909 θανάτου
2429 4856 2589 4909 τοῦτο
2642 4856 2902 4924 δείκνυσι,
2966 4860 3062 4913 καὶ
3109 4859 3209 4933 τῆς
3265 4861 3410 4935 ζωῆς
3462 4864 3731 4938 ἀρχηγὸν)

2144 4946 2311 5001 πάλιν
2353 4950 2414 5000 τδ
2462 4948 2714 5001 ταπεινὸν
2767 4948 2968 5021 τίθησι,
3013 4950 3093 5016 τὸ,
3157 4969 3175 5003 ι
3214 4952 3468 5027 Ἐντολὴν
3516 4954 3729 5027 ταῠτην
3776 4982 3783 4986 ·

2140 5038 2336 5094 ἔλαϐον
2368 5039 2518 5112 παρᾶ
2541 5039 2636 5093 τοῦ
2658 5042 2868 5113 Πατρός
2901 5060 3056 5115 μου.)
3097 5044 3258 5099 οὕτω
3294 5046 3727 5121 πλέκειθαυμα-

2138 5130 2282 5195 ’σίως
2324 5133 2635 5204 ἀμφότερα,
2658 5134 2752 5187 καὶ
2787 5134 2848 5187 τὸ
2884 5135 2960 5206 μὴ
2997 5135 3204 5192 ἐλάττω
3236 5140 3584 5212 νομισθῆναι,
3626 5143 3727 5198 καὶ

2146 5222 2333 5288 δοῦλος
2360 5225 2454 5279 τοῦ
2482 5225 2716 5297 Πατρός,
2746 5227 2839 5281 καὶ
2878 5228 2937 5281 τὸ
2967 5229 3042 5302 μὴ
3073 5230 3338 5298 ἀντίθεος,
3371 5232 3490 5288 ἀλλ’
3520 5234 3725 5305 ὁμοδό-

2146 5330 2314 5386 ναμος
2338 5316 2453 5385 ἅμα
2483 5315 2578 5371 καὶ
2610 5317 2926 5390 ὃμόϐουλος.
2953 5320 3160 5375 Αὐτίκα
3193 5322 3323 5391 γοῦν
3365 5322 3535 5389 οὕτως
3575 5325 3728 5395 ὼφέ-

2136 5405 2277 5479 λησε
2306 5409 2431 5473 τοὺς
2463 5408 2693 5473 πολλοὺς
2746 5410 2856 5464 τῶν
2895 5412 3199 5467 ἀκουόντων
3233 5414 3319 5470 διὰ
3347 5416 3442 5470 τοῦ
3490 5417 3725 5474 τοιαῦτα

2144 5500 2341 5569 λέγειν,
2374 5499 2515 5556 ὥστε
2557 5505 2652 5556 καὶ
2694 5503 2903 5574 σχίσμα
2932 5504 3205 5574 γενέσθαι.
3263 5508 3419 5573 Τινὲς
3466 5510 3721 5582 μὲνγὰρ,

2145 5591 2332 5664 ἐπειδὴ
2398 5595 2466 5648 τὰ
2533 5594 2754 5667 ῥήματα
2798 5594 3017 5649 ἐδόκουν
3074 5598 3449 5671 αἰνιγματώδη
3496 5601 3719 5667 αὐτοῖς,

2142 5683 2403 5756 δαιμονᾷν
2428 5687 2589 5742 αὑτὸν
2620 5687 2837 5763 ἐδόκουν
2860 5690 3093 5749 ἀσύνετα
3114 5692 3498 5763 φθεγγόμενον·
3540 5714 3559 5747 t
3585 5698 3632 5749 οί
3659 5697 3720 5753 δέ

2145 5792 2231 5845 γε,
2290 5795 2309 5829 ι
2372 5780 2608 5852 μετρίως
2644 5758 2934 5852 consito-uc,
2987 5801 3006 5835 t
3068 5758 3273 5854 ἔλεγον,
3319 5758 3476 5859 ιρησὶ,
3530 5789 3719 5846 Ταῦτα
