4060 6576
427 443 500 506 ’19
1353 441 1929 504 THEOPHYLACTI
1972 445 2381 508 BULGARUE
2419 447 2780 512 ABCHIEP.
3596 452 3675 517 '80

425 574 513 616 tus
563 576 790 631 operum
842 574 1007 632 quam
1050 561 1338 618 verborum
1383 563 1450 619 ad
1500 565 1932 634 persuadendum

2092 569 2333 620 ποιεῖσθε
2381 568 2442 621 τὸ
2493 569 2603 622 ἀπὸ
2661 567 2818 639 ψιλοῦ
2865 569 3110 641 ῥήματος
3151 568 3478 640 πεισθῆναις
3512 590 3532 624 ι
3590 573 3673 626 Τά

418 651 578 723 651
613 651 757 721 quod
788 663 842 708 et
883 648 1189 709 fatebantur
1218 655 1269 708 bi
1300 655 1392 725 qui
1424 656 1620 710 melius
1653 657 1798 711 inter
1840 658 1988 725 ipsos

419 746 724 815 sapiebant,
763 745 1004 808 dicentes
1037 764 1050 800 :
1088 766 1110 799 ι
1148 748 1266 802 Non
1313 757 1492 818 potest
1531 749 1691 802 homo
1741 759 1990 818 peccator

417 839 569 908 signa
606 838 729 893 talia
757 837 956 894 facere.
981 857 1002 892 ο
1040 839 1332 911 Propterea
1363 841 1528 895 dicit:
1565 861 1582 892 ι
1617 838 1732 895 Non
1767 843 1988 898 creditis

417 931 574 994 mihi,
602 933 730 1002 quia
774 947 885 987 non
929 934 1062 988 estis
1098 948 1164 988 ex
1211 935 1404 988 ovibus
1456 935 1610 987 meis.
1652 951 1676 984 ο
1717 931 1852 987 Nam
1887 949 1986 1003 ego

415 1025 656 1094 quidem,
674 1036 733 1081 ut
759 1036 944 1096 pastor
975 1027 1173 1091 bonus,
1201 1043 1318 1096 qua:
1335 1029 1616 1096 oportebat
1634 1027 1831 1088 facere.
1851 1026 1982 1081 feci:

415 1135 510 1175 vos
539 1131 720 1174 autem
755 1120 801 1174 si
836 1135 943 1174 non
995 1119 1321 1189 sequamini,
1348 1135 1452 1174 non
1489 1135 1587 1187 ego
1619 1119 1984 1189 pastoris,sed

412 1224 508 1264 vos
540 1209 720 1264 ovium
749 1209 1028 1264 vocatione
1050 1211 1253 1279 indigni
1288 1211 1443 1266 estis.
1466 1210 1536 1264 Da
1569 1220 1622 1264 et
1654 1220 1707 1264 tu
1735 1225 1981 1279 operam,

412 1304 537 1356 dum
571 1303 742 1358 hiems
772 1312 876 1368 est,
917 1318 1156 1373 praesens
1201 1305 1322 1358 dico
1373 1304 1505 1370 vita,
1534 1319 1654 1371 qnze
1701 1319 1914 1372 semper
1949 1321 1977 1358 a

414 1393 568 1447 malis
614 1394 896 1463 spiritibus
931 1396 1275 1459 turbatur,ut
1306 1396 1548 1451 celebres
1575 1396 1812 1450 encarnia
1866 1396 1980 1465 spi-

412 1485 624 1540 ritualis
651 1487 832 1557 templi
867 1487 962 1551 tui,
983 1501 1196 1557 semper
1227 1503 1397 1542 novus
1429 1487 1623 1550 factus,
1653 1497 1708 1542 et
1737 1507 1755 1540 ι
1787 1503 1980 1543 ascen-

407 1578 588 1632 siones
615 1576 668 1631 in
701 1579 864 1633 corde
908 1581 1198 1648 ponens”.
1246 1597 1264 1630 t
1308 1579 1494 1633 Aderit
1536 1581 1678 1632 enim
1717 1591 1843 1634 tunc
1885 1581 1978 1636 tibi

406 1666 586 1733 Jesus,
623 1670 714 1739 qui
763 1667 924 1724 simul
952 1669 1188 1724 celebret
1229 1671 1594 1725 encazniorum
1628 1670 1976 1725 festivitatem

406 1759 458 1812 in
509 1761 720 1830 porticu
775 1759 1106 1828 Salomonis,
1129 1763 1370 1817 custodia
1415 1778 1509 1816 sua
1543 1773 1592 1816 le
1624 1763 1895 1827 muniens,
1924 1772 1978 1818 et

407 1853 690 1920 pacilicnm
749 1863 798 1906 te
855 1853 1062 1908 iaciens
1110 1855 1177 1908 ab
1234 1853 1623 1909 alieetionibns.
1660 1854 1780 1924 Ipse
1831 1855 1974 1909 enim

2096 659 2252 727 ἔργα,
2291 660 2326 714 ἃ
2376 661 2488 729 ἐγὼ
2531 662 2691 725 ποιῶ,
2732 679 2749 714 t
2800 663 2898 732 οὐχ
2937 661 3013 725 ὡς
3059 662 3322 727 ἀντίθεος,
3361 663 3474 719 ἀλλ’
3539 683 3559 716 ι
3613 667 3672 719 ἐν

2095 752 2319 820 ὀνόματι
2369 752 2462 806 τοῦ
2511 753 2724 824 Πατρός
2767 772 2891 824 μου,
2933 773 2952 806 ι
2995 754 3058 808 06
3103 754 3343 825 δέχεσθε,
3388 756 3492 810 καὶ
3552 759 3670 820 πῶς

2092 845 2235 916 ψιλῷ
2269 845 2430 916 -λόγῳ
2479 846 2838 912 πιστεύσετες
2885 847 3107 909 Πάντως
3157 850 3264 918 γάρ
3313 851 3425 911 τοῖς
3485 848 3668 918 ἔργοις

2093 936 2292 990 πλείων
2340 937 2475 1007 πρὸς
2525 937 2586 990 τὸ
2633 937 2841 991 πείθειν
2869 937 3182 1008 δύναμις,ἢ
3225 942 3336 1002 τοῖς
3361 939 3561 1007 λόγοις.
3603 942 3668 993 Ὃ

2093 1028 2186 1078 καὶ
2215 1027 2271 1092 ἐξ
2304 1027 2483 1080 αὐτῶν
2501 1029 2550 1080 οἰ
2571 1029 3068 1099 εὐγνωμονέστεροι
3093 1029 3281 1098 ἔλεγον
3309 1046 3320 1058 ·
3357 1049 3374 1082 ι
3398 1031 3488 1100 Μὴ
3509 1031 3671 1085 δύνα-

2089 1119 2483 1190 ταιᾶνθρωπος
2547 1121 2872 1192 ἁμαρτωλός
2904 1124 3104 1192 σημεῖα
3139 1121 3364 1176 τοιαῦτα
3397 1125 3597 1186 ποιεῖν;
3641 1145 3660 1176 ι

2087 1209 2175 1264 διὰ
2217 1211 2375 1264 τοῦτο
2409 1211 2489 1277 δὲ,
2519 1214 2702 1282 φησὶν,
2741 1232 2768 1266 ι
2805 1215 2880 1266 O6
2935 1215 3220 1268 πιστεύετέ
3275 1233 3384 1288 μοι,
3419 1217 3508 1270 ὅτι
3564 1219 3664 1271 οὐκ

2087 1303 2208 1356 ἐστέ
2247 1305 2312 1359 ἐκ
2357 1305 2466 1358 τῶν
2493 1307 2776 1372 προϐάτων
2807 1308 2914 1360 τῶν
2948 1308 3118 1378 ἐμῶν.
3173 1328 3191 1361 ι
3248 1309 3389 1378 Ἐγὼ
3427 1311 3524 1380 μὲν
3552 1311 3662 1380 γὰρ

2083 1391 2158 1455 ὼς
2181 1395 2382 1464 ποιμὴν
2416 1395 2602 1460 καλὸς,
2643 1397 2788 1468 άπερ
2823 1399 2993 1468 ἐχρῆν
3025 1402 3272 1468 ποιῆσαι,
3310 1402 3542 1473 ἐποίησα
3565 1419 3578 1433 ·
3607 1405 3659 1455 εἰ

2082 1484 2138 1537 δὲ
2160 1485 2314 1555 ὑμεῖς
2347 1488 2446 1540 οὐκ
2476 1487 2842 1555 ἀκολουθεῖτε,
2876 1493 2976 1544 οὑκ
2995 1491 3107 1559 ἐγὼ
3137 1494 3234 1560 τῆς
3257 1493 3349 1546 τοῦ
3377 1495 3656 1564 ποιμένος,

2081 1576 2198 1630 ἀλλ’
2223 1575 2380 1648 ὑμεῖς
2403 1581 2501 1649 τῆς
2520 1581 2626 1634 τῶν
2665 1583 2954 1654 προϐάτων
2984 1584 3193 1651 ἀνάξιοί
3228 1586 3348 1638 ἐστε
3390 1587 3656 1656 κλήσεως.

2082 1669 2356 1734 Σπούδαζε
2406 1672 2462 1724 δὲ
2493 1673 2698 1737 καὶσὺ,
2733 1675 2789 1727 ἐν
2821 1675 2930 1746 ὅσῳ
2969 1676 3177 1746 χειμὼν
3197 1678 3360 1741 ἐστιν,
3387 1679 3414 1730 6
3445 1679 3654 1751 παρὼν,

2082 1762 2245 1831 λέγω,
2269 1765 2403 1832 βίος,
2441 1768 2468 1818 ὁ
2495 1765 2582 1818 ἀεὶ
2614 1767 2858 1836 ταραχάς
2900 1769 3005 1821 ὑπὸ
3038 1771 3142 1822 τῶν
3185 1771 3510 1840 πνευμάτων
3557 1772 3653 1842 τῆς

2083 1855 2352 1926 πονηρίας
2393 1857 2554 1926 ἔχων,
2590 1859 2658 1910 τὰ
2691 1861 2940 1926 ἐγκαίνια
2969 1863 3234 1933 ἑορτάσαι
3267 1863 3362 1915 τοῦ
3406 1879 3654 1934 πνευμα-

405 1946 660 2010 pacillcus
709 1945 960 2000 Salomon
1012 1956 1113 2001 est.
1165 1945 1416 2014 Quisquis
1463 1946 1624 2016 igitur
1685 1949 1736 2000 in
1795 1957 1966 2016 prote-

2081 1946 2230 1999 τικοῦ
2270 1967 2362 2000 σου
2388 1950 2538 2014 ναοῦ,
2574 1951 2659 2004 ἀεὶ
2718 1953 2836 2016 νέος
2887 1956 3188 2023 γινόμενος,
3224 1958 3318 2009 καὶ
3361 1958 3655 2020 ἀναϐάσεις

403 2037 580 2090 ctione
638 2036 836 2092 Christi
867 2037 1082 2106 paciﬁci
1122 2048 1385 2103 moratur,
1416 2038 1578 2092 habet
1607 2048 1660 2093 et
1692 2037 1966 2092 Dominum

2077 2041 2136 2092 ἐν
2180 2043 2244 2111 τῇ
2301 2041 2498 2113 καρδίᾳ
2532 2043 2930 2114 διατιθέμενος.
2966 2049 3099 2101 Τότε
3147 2049 3254 2119 γὰρ
3277 2051 3342 2121 δή
3378 2067 3462 2103 σοι
3489 2053 3582 2104 καὶ
3627 2054 3655 2104 6

401 2129 563 2184 simul
600 2129 741 2184 diem
787 2128 986 2184 festum
1037 2139 1284 2201 agentem
1341 2131 1706 2186 encamiorum
1756 2132 1966 2195 anima:1

2089 2130 2296 2202 Ἰησοῦς
2319 2133 2588 2203 παρέσται
2614 2136 2713 2206 τὴν
2743 2138 2850 2190 τῶν
2881 2139 3176 2206 ἐγκαινίων
3219 2141 3425 2194 τούτων
3457 2157 3650 2211 συνερ-

402 2221 637 2288 quandiu
668 2223 839 2279 hiems
874 2223 995 2278 vitae
1034 2224 1193 2292 hujus
1211 2222 1398 2278 durat.
1423 2221 1526 2278 Ver
1551 2222 1693 2278 enim
1736 2221 1966 2278 futurum

2073 2224 2375 2294 γαζόμενος
2423 2227 2618 2299 ἑορτὴν
2655 2231 2714 2283 ἐν
2763 2233 2828 2300 τῇ
2885 2234 3015 2302 στοᾷ
3061 2231 3154 2286 τοῦ
3187 2233 3550 2303 Σολομῶντος,
3595 2236 3653 2286 ἐν

401 2313 658 2366 sacculum
713 2321 818 2378 est,
867 2329 974 2383 quo
1022 2315 1202 2369 omnia
1243 2314 1599 2382 reviviscunt,
1638 2329 1747 2382 quo
1792 2314 1966 2369 nullus

2073 2319 2136 2386 τῇ
2173 2316 2346 2386 σκέπῃ
2382 2317 2546 2372 αὐτοῦ
2589 2321 2976 2391 περισρουρῶν
3006 2339 3086 2386 σε,
3123 2323 3216 2376 καί
3251 2323 3552 2394 εἰρηνεύειν
3591 2341 3649 2377 σε

400 2406 634 2478 animam
696 2407 950 2463 innovare
1001 2418 1199 2478 potest.
1248 2406 1380 2462 Nam
1442 2407 1701 2478 praesenti
1767 2407 1964 2461 saccttlo

2077 2407 2247 2460 ποιῶν
2276 2408 2382 2460 ἀπὸ
2413 2408 2521 2463 τῶν
2568 2410 2778 2464 παθῶν.
2811 2411 2980 2473 Αὐτὸς
3019 2414 3299 2485 γάρέσται
3320 2417 3346 2468 6
3375 2414 3649 2485 Σολομῶν,

399 2499 583 2552 omnia
639 2498 762 2553 talia
813 2499 1228 2554 concluduntur.

2077 2500 2135 2562 6;
2165 2502 2467 2569 εἰρηνικὸς
2497 2503 2882 2573 ἑρμηνεύεται.
2928 2505 3116 2569 Ὅστις
3155 2504 3256 2562 οὖν
3293 2510 3347 2560 ἐν
3375 2508 3439 2578 τῇ
3474 2508 3649 2578 σκέπῃ

396 2589 490 2643 τοῦ
524 2591 761 2661 Χριστοῦ
783 2592 878 2648 τοῦ
913 2594 1192 2665 εἰρηνικοῦ
1219 2593 1519 2659 αὐλίζεται,
1555 2595 1696 2648 κατὰ
1762 2594 1852 2648 τὸν
1912 2595 2217 2665 προφήτην,
2280 2595 2394 2664 ἔχει
2422 2597 2582 2650 αὑτὸν
2647 2597 2739 2650 τὸν
2777 2597 2980 2670 Κύριον
3026 2601 3452 2673 συνεορτάζοντα
3501 2602 3650 2672 αὐτῷ

396 2686 464 2737 τὸ
509 2686 606 2754 τῆς
645 2688 823 2757 ψυχῆς
872 2689 1144 2755 ἐγκαίνια,
1174 2689 1232 2740 ἐν
1279 2688 1387 2758 ὅσῳ
1427 2691 1454 2742 6
1505 2687 1732 2758 χειμὼν,
1767 2689 1795 2740 6
1830 2686 1941 2756 βίος
1980 2683 2159 2753 οὗτος,
2193 2688 2491 2745 ἐνίσταται.
2557 2691 2697 2762 Ἔαρ
2761 2692 2871 2761 γὰρ
2911 2693 2939 2744 6
3007 2692 3218 2761 μέλλων
3255 2695 3388 2746 αἰὼν
3420 2694 3539 2746 καθ’
3591 2694 3650 2746 ὃν

397 2778 467 2830 τὰ
504 2779 682 2833 πάντα
707 2779 910 2852 άναζῇ,
941 2781 1038 2834 κα)⁸
1072 2781 1490 2850 παλιγγενεσίαν
1531 2780 1819 2851 λαμϐάνει,
1865 2779 1985 2834 καθ’
2025 2781 2083 2834 ὃν
2145 2782 2318 2847 οὐδεὶς
2385 2783 2482 2855 τὴν
2525 2783 2704 2855 ψυχὴν
2737 2783 3047 2853 ἐγκαινίσαι
3111 2786 3338 2841 δύναται
3371 2804 3384 2818 ·
3425 2789 3501 2858 τῷ
3541 2787 3650 2860 γὰρ

397 2875 628 2944 παρόντι
657 2876 815 2930 αἰῶνι
847 2877 1026 2931 πάντα
1049 2877 1117 2930 τά
1147 2876 1374 2931 τοιαῦτα
1409 2876 1781 2946 συγκλείεται.

466 2971 632 3027 Vens.
667 2972 856 3026 εει-50.
904 2989 924 3023 ι
963 2971 1103 3028 Oves
1129 2987 1261 3027 meae
1293 2985 1476 3026 vocem
1514 2987 1685 3026 meam
1719 2971 1966 3040 audiunt,

2157 2989 2177 3023 ι
2220 2969 2416 3033 Καθὼς
2440 2962 2592 3023 εἷπον
2615 2968 2767 3041 ὑμῖν,
2796 2972 2864 3024 τὰ
2893 2969 3138 3042 πρόϐατα
3171 2969 3239 3024 τὰ
3279 2969 3386 3040 ἐμὰ
3405 2969 3504 3040 τῆς
3534 2988 3650 3040 φω-

395 3077 571 3136 ctego
611 3081 883 3136 cognosco
927 3081 1042 3129 eas,
1096 3075 1151 3120 et
1183 3077 1482 3136 sequuntur
1515 3081 1620 3131 me,
1665 3077 1718 3122 et
1756 3083 1857 3138 ego
1886 3067 1964 3122 ri-

2073 3067 2166 3132 νῆς
2197 3081 2300 3134 μου
2330 3062 2538 3128 ἀκούει,
2590 3061 2746 3131 κάγὼ
2792 3062 3048 3132 γινώσκω
3080 3062 3239 3128 αὐτὰ,
3290 3065 3384 3116 καί
3418 3065 3648 3117 ἀκολου-

398 3173 504 3214 tam
561 3170 820 3214 aeternam
872 3159 941 3212 do
961 3158 1062 3223 eis,
1117 3173 1218 3213 nec
1265 3159 1518 3227 peribunt
1557 3159 1610 3212 in
1687 3167 1966 3226 mternum,

379 3267 570 3322 «teque
613 3253 784 3320 rapiet
833 3267 928 3306 cas
985 3253 1277 3320 quisquam
1319 3251 1385 3305 de
1420 3268 1581 3305 manu
1639 3267 1776 3341 plen.
1811 3250 1971 3306 Pater

397 3358 550 3397 meus
593 3345 687 3412 qui
721 3344 867 3398 dedit
908 3343 1064 3406 mihi,
1100 3344 1272 3412 major
1300 3345 1550 3397 omnibus
1592 3350 1698 3409 est,
1729 3355 1784 3397 et
1812 3357 1969 3396 nemo

381 3444 574 3503 .potest
615 3451 803 3502 rapere
842 3435 916 3490 de
963 3451 1127 3489 manu
1173 3434 1352 3490 Patris
1401 3437 1523 3490 mei.
1578 3435 1688 3506 Ego
1723 3447 1776 3490 et
1812 3435 1970 3490 Pater

395 3543 558 3581 ttnum
630 3542 839 3583 sumus.
887 3546 915 3579 -ι
966 3526 1255 3598 Postquam
1321 3528 1455 3582 dixit
1479 3527 1578 3591 eis,
1626 3547 1644 3579 ι
1684 3525 1800 3580 Non
1837 3527 1968 3581 estis

377 3635 456 3675 ex
495 3619 686 3676 oribus
711 3622 888 3686 uncis,
956 3637 978 3674 ι
1010 3636 1154 3677 nunc
1193 3623 1437 3676 hortatur
1475 3635 1569 3676 eos
1600 3629 1655 3674 ut
1681 3619 1808 3673 liant
1841 3635 1969 3673 oves

383 3709 542 3777 ejus:
584 3711 702 3765 ideo
745 3721 800 3764 et
848 3709 1049 3778 subdit,
1115 3712 1338 3766 dicens:
1375 3729 1395 3763 ι
1433 3711 1574 3766 Oves
1621 3725 1752 3764 meae
1782 3723 1966 3763 rnccm

392 3817 567 3856 meam
597 3802 843 3865 audiunt,
895 3810 950 3856 et
981 3813 1280 3872 sequuntur
1315 3819 1418 3857 me.
1451 3821 1474 3855 ι»
1510 3802 1708 3857 Deinde
1738 3803 1966 3856 incitans

381 3911 504 3958 eos,
549 3895 682 3951 dicit
715 3911 835 3963 qure
879 3899 1222 3950 consecuturi
1267 3896 1376 3951 sint
1435 3896 1609 3965 ipsum
1659 3905 1962 3964 sequentes.

397 4005 417 4039 ι
464 3985 642 4041 Vitam
683 3987 848 4053 enim,
884 3987 1079 4057 inquit,
1120 3995 1373 4042 aeternam
1405 3988 1474 4041 do
1509 3987 1608 4051 eis,
1641 3997 1696 4040 et
1728 4003 1792 4042 ne
1845 4002 1966 4056 per-

383 4093 516 4135 etnt
556 4079 606 4133 in
639 4090 929 4146 aeternum,
970 4099 989 4132 ι
1026 4091 1127 4136 etc.
1185 4080 1253 4136 Et
1285 4095 1506 4135 omnmo
1539 4095 1632 4148 per
1666 4081 1828 4134 verba
1853 4079 1965 4134 hwc

387 4173 592 4226 excitat
627 4172 766 4238 illos,
796 4171 1086 4242 aelumque
1125 4187 1189 4227 ac
1232 4172 1556 4228 desiderium
1601 4170 1794 4238 injicit,
1827 4180 1882 4224 ut
1909 4180 1965 4226 et

388 4265 489 4333 ipsi
556 4273 850 4331 sequantur
889 4279 1012 4318 eum
1050 4264 1140 4334 qui
1193 4265 1315 4318 talia
1373 4264 1612 4333 largitur.
1674 4261 1961 4331 Pmpterea

387 4368 564 4410 autem
597 4357 757 4423 dixit,
791 4377 812 4409 ι
840 4355 956 4412 Non
986 4359 1258 4427 peribunt,
1279 4375 1309 4408 ιι
1349 4357 1471 4425 quia
1503 4373 1527 4407 ι
1569 4355 1757 4409 Nullus
1785 4363 1960 4424 potest

2073 3154 2228 3209 θοῦσί
2265 3172 2378 3226 μοι,
2413 3154 2572 3223 κάγὼ
2606 3155 2752 3226 ζωὴν
2797 3155 3013 3209 αἰώνιον
3050 3154 3246 3226 δίδωμι
3299 3157 3506 3221 αὐτοῖς,
3548 3158 3647 3212 καὶ

2071 3250 2132 3302 οὐ
2177 3248 2251 3319 μὴ
2275 3249 2586 3303 ἀπόλωνται
2616 3249 2696 3311 εἰς
2748 3249 2838 3301 τὸν
2873 3248 3070 3314 αἰῶνα,
3113 3249 3206 3300 καὶ
3257 3248 3354 3318 οὐχ
3405 3249 3642 3322 ἁρπάζει

2069 3361 2154 3403 τις
2185 3343 2327 3396 αὐτὰ
2367 3345 2430 3396 ἐκ
2484 3344 2583 3412 τῆς
2642 3343 2825 3414 χειρός
2887 3359 3012 3413 μου.
3070 3341 3128 3393 ’0
3174 3343 3367 3412 Πατήρ
3425 3360 3546 3413 μου,
3585 3343 3644 3406 ὃς

2071 3437 2239 3490 ἔδωκέ
2281 3454 2394 3508 μοι,
2441 3436 2643 3506 μείζων
2665 3437 2881 3490 πάντων
2911 3438 3048 3500 ἐστὶ,
3081 3435 3177 3489 καὶ
3206 3435 3385 3500 οὐδεὶς
3418 3437 3642 3490 δύναται

2071 3526 2338 3597 ἁρπάζειν
2370 3527 2510 3579 αὐτὰ
2535 3527 2599 3579 ἐκ
2629 3525 2730 3596 τῆς
2754 3524 2936 3596 χειρὸς
2960 3524 3054 3578 τοῦ
3083 3526 3296 3596 Πατρός
3329 3543 3453 3596 μου.
3501 3525 3641 3594 Ἐγὼ

2071 3618 2165 3671 καί⁵
2203 3619 2229 3670 6
2265 3617 2452 3687 Πατὴρ
2475 3616 2532 3670 ἐν
2560 3617 2749 3685 ἐσμεν.
2789 3635 2808 3668 ›
2859 3615 3075 3687 Ἐπειδὴ
3113 3612 3266 3670 εἶπεν
3301 3617 3504 3683 αὐτοῖς,
3535 3618 3638 3681 ὅτι,

2075 3729 2093 3761 ι
2127 3709 2242 3764 Οὐκ
2268 3709 2391 3762 ἐστὲ
2418 3711 2482 3761 ἐκ
2507 3707 2616 3762 τῶν
2640 3707 2931 3778 προϐάτων
2962 3708 3072 3762 τῶν
3095 3709 3266 3780 ἐμῶν,
3305 3729 3324 3763 ι
3361 3711 3456 3763 νῦν
3503 3727 3641 3780 προ-

2069 3803 2330 3874 τρέπεται
2356 3802 2577 3867 αὐτοὺς,
2603 3801 2742 3855 ὥστε
2795 3801 3052 3870 γενέσθαι
3105 3803 3376 3874 πρόϐατα.
3415 3803 3506 3855 Διὸ
3548 3803 3645 3858 καὶ

2067 3896 2265 3963 ἐπάγει
2296 3895 2470 3962 λέγων
2499 3911 2512 3924 ·
2553 3913 2572 3946 ι
2613 3895 2693 3948 Τὰ
2747 3897 2997 3966 πρόϐατα
3035 3896 3103 3949 τὰ
3137 3895 3247 3966 ἐμά
3302 3897 3402 3967 τῆς
3455 3898 3638 3966 φωνῆς

2071 4005 2172 4057 μου
2196 3986 2404 4052 ἀκούει,
2451 3987 2544 4039 καὶ
2578 3985 2940 4040 ἀκολουθοῦσι
2993 4005 3106 4059 μοι.
3145 4006 3164 4039 ι
3202 3983 3338 4042 Εῐτα
3378 3989 3638 4058 παρακνί-

2067 4080 2175 4143 ζων
2221 4080 2420 4143 αὐτοὺς
2479 4079 2626 4148 λέγει
2668 4081 2761 4133 καὶ
2811 4073 2888 4134 ὧν
2949 4079 3330 4145 ἐπιτεύξονται
3387 4082 3436 4133 οἰ
3484 4079 3634 4150 αὐτῷ

2066 4170 2511 4235 ἀκολουθοῦντες.
2557 4188 2576 4222 ι
2612 4171 2770 4241 Ζωὴν
2797 4171 2928 4243 γάρ,
2957 4173 3143 4243 φησὶν,
3192 4171 3412 4226 αἰώνιον
3439 4171 3634 4241 δίδωμι

2067 4263 2272 4326 αὐτοῖς,
2313 4262 2408 4316 καὶ
2430 4263 2489 4314 o6
2533 4262 2607 4334 μὴ
2637 4263 2946 4316 ἀπόλωνται
2981 4265 3062 4326 εἰς
3114 4263 3206 4316 τὸν
3235 4263 3431 4328 αἰῶνα,
3483 4280 3501 4314 ι
3542 4265 3638 4316 καὶ

2062 4356 2131 4409 τὰ
2180 4356 2324 4427 ἑξῆς.
2372 4356 2594 4418 Πάντως
2633 4356 2690 4410 δὲ
2725 4357 2814 4410 διὰ
2847 4356 2958 4409 τῶν
3005 4356 3266 4427 ῥημάτων
3315 4357 3520 4409 τούτων
3551 4356 3632 4409 δι-

391 4465 576 4518 rapcre
606 4465 700 4504 eas
739 4451 804 4505 de
845 4465 1004 4504 manu
1040 4465 1181 4517 mea,
1228 4466 1248 4501 ι
1297 4463 1360 4504 eo
1390 4449 1528 4518 quod
1558 4466 1576 4499 ι
1618 4447 1776 4501 Pater
1810 4462 1961 4501 meus

2073 4450 2269 4518 εγείρει
2293 4450 2512 4514 αὐτοὺς,
2539 4449 2634 4502 καὶ
2654 4449 2734 4510 εἰς
2753 4447 2915 4518 ζῆλον
2937 4449 3030 4502 καὶ
3054 4449 3351 4519 ἐπιθυμίαν
3373 4447 3636 4519 ἐμϐάλλει

385 4543 478 4611 qui
533 4543 680 4597 dedit
715 4544 842 4597 mihi
883 4562 902 4595 ι
943 4559 1058 4609 eas,
1091 4562 1111 4596 ‹
1163 4544 1430 4598 maximus
1467 4542 1706 4597 omnium
1757 4551 1858 4605 est,
1905 4550 1958 4596 et

383 4639 452 4689 de
500 4653 659 4690 manu
700 4635 815 4705 ejus
865 4638 1044 4692 nullus
1095 4647 1271 4707 potest
1314 4651 1413 4690 cas
1467 4649 1677 4705 rapere,
1744 4653 1763 4686 ι
1808 4635 1954 4688 etita

391 4748 410 4780 ι
455 4745 626 4796 neque
675 4732 740 4784 de
804 4745 964 4783 manu
1028 4744 1196 4783 mea:
1235 4746 1254 4778 ι
1322 4744 1512 4782 manus
1565 4728 1706 4781 enim
1760 4744 1874 4781 mea
1903 4737 1957 4780 et

384 4817 562 4874 Patris
593 4836 700 4874 una
729 4829 832 4880 est.
861 4839 880 4874 ι
920 4821 1054 4874 Nam
1087 4834 1186 4891 ego
1221 4831 1269 4874 et
1301 4819 1455 4874 Pater
1485 4834 1645 4872 unum
1683 4834 1888 4885 smnus,
1928 4836 1946 4869 ι

383 4912 686 4968 secundum
733 4921 1052 4982 potestatem
1101 4911 1310 4968 scilicet
1353 4913 1705 4966 etvirtutcm.
1735 4909 1952 4964 Manum

383 5007 526 5058 enim
571 5015 885 5073 petestatem
931 5014 986 5059 et
1018 5004 1270 5058 virtutem
1303 5003 1454 5058 dit-it.
1508 5004 1675 5072 igitur
1702 5021 1719 5054 ι
1757 5001 1867 5073 Ego
1899 5011 1953 5057 et

381 5097 542 5152 Pater
589 5114 756 5154 unum
815 5114 1004 5155 sumus
1038 5117 1058 5152 ι
1109 5097 1406 5155 secundum
1475 5097 1831 5152 substantiam
1900 5105 1955 5151 et

383 5199 630 5245 naturam
679 5200 735 5245 et
774 5199 1100 5261 potestatem
1131 5207 1195 5247 ac
1234 5191 1419 5245 robur.
1449 5189 1504 5244 Id
1528 5192 1669 5259 quod
1703 5199 1758 5244 et
1781 5187 1950 5244 Judaei

381 5296 598 5349 quoque
633 5297 753 5336 cum
802 5283 1217 5346 intellexissent,
1267 5283 1412 5351 quod
1449 5282 1682 5348 seipsum
1709 5281 1950 5336 consub-

379 5374 688 5428 slmnlialetn
741 5376 848 5428 Deo
896 5373 1120 5437 faceret.
1159 5395 1176 5427 ι
1222 5375 1459 5446 lapidare
1515 5375 1762 5430 volebant
1805 5392 1948 5439 eum,

379 5471 563 5531 utpote
585 5463 751 5532 quise
771 5462 966 5519 Filium
985 5464 1074 5519 Dei
1107 5463 1312 5519 faceret
1346 5466 1412 5519 τι.
1453 5485 1471 5516 ι
1508 5465 1613 5519 Sed
1649 5468 1950 5535 interroga-

379 5560 516 5612 verit
541 5558 844 5626 quiSpiam:
870 5559 1150 5625 Quomodo
1173 5558 1310 5613 dixit
1333 5556 1615 5623 Dominus,
1641 5556 1856 5610 «Nullus
1883 5571 1946 5610 cx

379 5663 540 5700 manu
595 5647 770 5702 Patris
827 5650 925 5703 tnei
959 5653 1131 5720 rapiet
1165 5663 1278 5715 eas,
1313 5666 1332 5699 ι
1371 5665 1492 5703 cum
1542 5657 1718 5700 tamen
1754 5647 1947 5699 multos

375 5741 654 5796 videamus
689 5741 904 5811 pet-ire?
951 5741 1242 5797 Dicendum
1285 5741 1428 5811 quod
1489 5755 1678 5810 rapere
1729 5738 1946 5808 quidem

449 5923 494 5952 ⁷ο
526 5920 665 5977 l'sal.
721 5937 945 5990 tam”,
977 5921 1029 5977 6.
1106 5920 1148 5952 τι
1189 5919 1342 5974 Joan.
1384 5932 1458 5985 xl,
1492 5917 1546 5973 8.

2066 4541 2159 4595 τοῦ
2191 4542 2284 4595 καὶ
2307 4541 2505 4604 αὐτοὺς
2549 4540 2914 4610 ἀκολουθῆσαι
2958 4540 3128 4611 αὐτῷ,
3151 4540 3231 4603 ὼς
3284 4541 3510 4594 τοιαῦτα
3534 4541 3638 4594 6w-

2071 4633 2340 4706 ρουμένῳ.
2389 4633 2625 4687 Διατίδέ
2662 4651 2826 4704 φησιν
2856 4649 2870 4662 ·
2919 4651 2938 4684 ι
2982 4634 3058 4687 Οὐ
3108 4634 3182 4704 μὴ
3218 4634 3571 4701 ἁπόλωνται;
3611 4653 3631 4686 ι

2065 4730 2207 4781 Διότι
2240 4746 2258 4779 ι
2313 4727 2486 4791 οὐδεὶς
2524 4726 2747 4780 δύναται
2776 4727 3046 4799 ἁρπάζειν
3081 4727 3219 4778 αὑτά
3243 4727 3306 4778 ἐκ
3328 4727 3426 4797 τῆς
3457 4728 3634 4797 χειρός

2068 4838 2191 4892 μου,
2243 4839 2260 4872 ι
2295 4820 2428 4873 διότι
2459 4837 2478 4871 ι
2518 4821 2545 4873 6
2573 4820 2763 4890 Πατήρ
2801 4836 2924 4890 μου,
2973 4818 3033 4883 ὃς
3066 4818 3232 4872 ἐδωκὲ
3259 4835 3350 4888 μοι
3381 4836 3399 4868 ι
3438 4817 3632 4882 ταῦτα,

2071 4932 2090 4965 ‹
2139 4914 2342 4982 μείζων
2374 4913 2591 4966 πάντων
2621 4913 2760 4977 ἐστὶ,
2806 4911 2902 4964 καὶ
2923 4911 3032 4965 ἀπὸ
3057 4911 3159 4979 τῆς
3216 4910 3397 4981 χειρὸς
3444 4907 3633 4962 τούτου

2062 5005 2235 5066 οὐδεὶς
2264 5003 2484 5056 δύναται
2524 5004 2790 5073 ἁρπάζειν
2843 5002 2981 5055 αὐτὰ
3013 5041 3028 5066 ,
3069 5020 3086 5054 ι
3152 5001 3291 5054 ὥστε
3315 5000 3434 5053 οὺδέ
3471 5019 3488 5051 ι
3526 4999 3635 5054 ἀπὸ

2061 5096 2161 5165 τῆς
2195 5095 2336 5164 ἐμῆς
2377 5094 2580 5165 χειρός.
2615 5111 2632 5144 ι
2675 5093 2739 5146 Ἦ
2768 5095 2878 5163 γὰρ
2905 5093 3027 5163 χεὶρ
3057 5095 3090 5162 ἡ
3121 5093 3229 5161 ἐμὴ
3276 5091 3370 5144 καὶ
3400 5089 3493 5142 τοῦ
3518 5091 3632 5142 Πα-

2059 5189 2185 5258 τρὸς
2229 5187 2345 5258 μία.
2393 5207 2412 5239 ι
2484 5185 2624 5254 Ἐγὼ
2672 5186 2781 5255 γὰρ
2841 5187 2934 5238 καὶ
2976 5188 3004 5239 6
3052 5183 3239 5254 Πατὴρ
3293 5184 3351 5235 ἐν
3382 5185 3569 5251 ἐσμεν,
3608 5200 3628 5233 ι

2061 5280 2202 5333 κατὰ
2237 5279 2334 5349 τὴν
2363 5277 2612 5342 ἐξουσίαν
2655 5277 2857 5348 δηλαδὴ
2903 5277 2998 5329 καὶ
3031 5275 3128 5340 τὴν
3169 5274 3399 5342 δύναμιν
3422 5289 3437 5305 ο
3473 5275 3634 5342 χεῖρα

2059 5371 2166 5442 γὰρ
2197 5369 2292 5440 τὴν
2331 5368 2578 5434 ἐξουσίαν
2631 5370 2724 5423 καὶ
2773 5371 2872 5440 τὴν
2923 5368 3151 5438 δύναμιν
3201 5367 3366 5434 λέγει.
3415 5381 3434 5417 ι
3491 5364 3631 5432 Ἐγὼ

2057 5464 2240 5518 τοίνυν
2274 5464 2366 5516 καὶ
2395 5464 2424 5514 6
2486 5462 2674 5532 Πατὴρ
2713 5461 2772 5514 ἐν
2808 5463 2973 5530 ἐσμεν
3023 5479 3042 5512 ι
3099 5462 3240 5513 κατὰ
3283 5458 3381 5529 τὴν
3444 5457 3625 5527 φύσιν,

2059 5558 2153 5611 καὶ
2185 5555 2284 5625 τὴν
2308 5555 2513 5616 οὐσίαν,
2565 5556 2656 5606 aut
2698 5555 2761 5607 τὸ
2800 5553 3023 5625 κράτος.
3066 5554 3246 5623 Ὅπερ
3298 5551 3392 5605 οὗν
3446 5553 3539 5603 καὶ
3575 5550 3624 5601 οἰ

2070 5647 2314 5701 Ἰουδαῖοι
2382 5645 2703 5711 συνιδόντες,
2748 5646 2831 5699 ὅτι
2887 5644 3174 5714 όμοούσιον
3224 5645 3418 5698 ἐαυτὸν
3483 5643 3629 5694 ποιεῖ

2057 5740 2147 5795 διὰ
2176 5739 2380 5794 τούτων
2415 5739 2522 5792 τῶν
2555 5739 2818 5810 ῥημάτων
2845 5738 2938 5793 τοῦ
2977 5737 3137 5806 Θεοῦ,
3185 5736 3353 5800 λίθοις
3400 5734 3624 5789 ἔϐαλλον
