4060 6576
543 360 615 427 81
1208 365 1656 428 ΕΝΑΒΒΑΤΊΟ
1694 366 1775 428 IN
1817 366 2141 428 EVANGEI

2244 367 2316 428 iM
2350 367 2694 429 JOANNIS.
2724 394 2792 404 —
2819 367 2978 431 CAP.
3018 370 3090 430 X.
3142 319 3149 325 ἰ
3724 366 3799 429 82

554 473 745 541 αὐτὸν,
775 468 861 539 ὡς’
891 475 1020 531 Υίδν
1051 475 1188 532 Θεοῦ
1231 478 1425 532 ἑαυτὸν
1480 477 1761 533 ποιοῦντα.
1812 478 1954 532 Ἀλλ’
1984 480 2124 548 ἐρω-

2244 479 2408 539 Iullus
2437 489 2620 549 petest
2645 479 2713 535 de
2743 494 2905 535 manu
2938 477 3128 543 Patris,
3168 475 3418 544 decipere
3445 485 3623 533 autem
3658 479 3801 531 mut-

548 563 773 633 τήσειεν
799 564 866 621 εν
904 583 989 630 τις
1010 582 1026 600 ’
1060 568 1184 632 Πῶς
1243 563 1399 622 εἶπεν
1426 570 1456 622 ό
1486 569 1715 639 Κύριος,
1760 570 1841 623 ὄτι
1883 587 1901 623 ι
1939 569 2130 633 Οὐδεὶς

551 653 791 724 ἁρπάσει
856 655 997 710 αὐτά
1044 657 1109 710 ἐκ
1157 660 1258 728 τῆς
1308 658 1493 729 χειρὸς
1532 658 1627 712 τοῦ
1663 658 1877 729 Πατρός
1929 676 2066 737 μου,
2105 677 2124 712 ι

553 746 733 800 καίτοι
766 764 831 816 γε
856 748 1087 815 πολλοὺς
1109 750 1322 823 ὁρῶμεν
1342 751 1748 820 ἀπολλυμένους
1779 768 1796 818 ;
1826 751 2011 806 Ἔστιν
2037 751 2133 806 οὖν

554 840 753 904 είπετν,
786 842 869 895 ὅτι
889 841 1139 912 ἀρπάσαι
1175 844 1274 914 μὲν
1303 844 1479 908 οὐδεὶς
1508 844 1744 913 ςδύναται
1777 847 1840 899 ἐκ
1886 846 1985 912 τῆς
2019 863 2134 916 χει·-

557 928 653 997 ρδς
680 928 774 982 τοῦ
806 930 1039 1002 Πατρὸς,
1074 933 1357 1005 ἀπατῆσαι
1399 935 1454 988 δὲ
1492 935 1697 989 πολλοί.
1733 936 1835 1006 Βία
1883 916 1981 1007 μιν
2023 935 2133 1005 γὰρ

554 1022 653 1078 καὶ
680 1025 960 1094 τυραννίδι
1007 1027 1331 1081 ἀποσπάσαι
1383 1029 1564 1092 οὐδεὶς
1619 1028 1795 1101 ἰσχύει
1842 1030 1907 1083 ὲκ
1962 1028 2126 1095 Θεοῦ,

555 1115 746 1188 ἀπάτῃ
805 1117 863 1170 δὲ
891 1118 1015 1173 καθ’
1071 1120 1309 1191 ἑκάστην
1368 1121 1863 1191 ὑποσκελιζόμεθα.
1913 1120 2132 1183 nugae

557 1226 734 1281 φησιο
771 1229 791 1263 ι
848 1212 930 1265 Τά
979 1213 1227 1283 πρόϐατά
1277 1231 1379 1285 μου
1418 1215 1545 1285 ἐμοὶ⁸
1611 1214 1989 1275 ἀκολουθοῦσι,
2042 1215 2137 1270 καὶ

554 1300 619 1352 ού
680 1300 755 1371 μὴ
812 1303 1159 1371 ἀπόλωνταις
1225 1324 1245 1358 ι
1322 1308 1538 1377 δρῶμεν
1586 1307 1696 1378 γὰρ
1731 1348 1748 1367 .
1804 1307 1888 1360 ὅτι
1935 1305 2137 1371 Ἰούδας

557 1390 829 1447 ἀπώλετο.
901 1394 1065 1449 Ἀλλὰ
1092 1396 1181 1449 διὰ
1215 1395 1374 1450 τοῦτο
1400 1397 1669 1462 ἀπώλετο,
1706 1396 1840 1449 διότι
1872 1396 1973 1449 οὐκ
2003 1397 2138 1468 ἠκο-

557 1479 844 1552 λούθησεν,
886 1485 1008 1539 οὐδὲ
1037 1487 1310 1556 πρόϐατον
1338 1490 1556 1557 ἔμεινεν
1585 1487 1715 1559 ἄχρι
1739 1488 1951 1550 τέλους.
1988 1489 2047 1544 '0
2081 1489 2138 1543 δὲ

559 1575 794 1644 Χριστὸς
831 1578 963 1646 περὶ
997 1580 1109 1634 τῶν
1154 1581 1641 1652 ἀκολουθησάντων
1684 1581 1832 1651 αὐτῷ
1865 1584 1962 1636 καὶ
2002 1599 2140 1653 προ-

561 1662 743 1717 ϐάτων
771 1665 962 1731 ὄντων,
1027 1670 1211 1739 φησιν,
1271 1671 1353 1724 ὄτι
1411 1689 1430 1723 ι
1489 1670 1565 1724 Οὐ
1618 1671 1692 1742 μὴ
1735 1670 2069 1736 ἀπόλωνται,
2110 1689 2133 1723 ι

558 1755 682 1809 ἐπεί
712 1774 776 1825 γε
813 1759 913 1812 ἐάν
926 1777 1012 1823 τις
1049 1761 1306 1836 ἀποπέσῃ
1339 1763 1440 1833 τῆς
1468 1763 1578 1819 τῶν
1599 1762 1892 1836 πῳσάτων
1907 1763 2135 1828 τάξεως.

2235 572 2295 627 ti.
2327 569 2461 626 Nam
2490 571 2539 623 vi
2565 572 2799 641 quadam
2832 579 2888 626 et
2916 567 3205 643 tyrannide
3232 567 3409 621 nullus
3451 574 3625 636 potest
3654 567 3801 619 avel-

2233 661 2343 718 lere
2373 678 2403 718 a
2443 662 2605 734 652
2656 661 2787 729 Deo,
2823 662 3139 731 deceptione
3174 660 3353 714 autem
3401 659 3641 728 quotidie
3679 673 3807 724 sup-

2234 755 2563 826 plantamur.
2591 753 2871 821 Quomodo
2905 765 3086 809 autem
3127 752 3285 819 dixit,
3325 769 3344 803 ι
3381 750 3524 806 Oves
3552 752 3689 804 meae
3720 765 3805 803 me

2235 855 2555 916 sequuntur,
2590 854 2645 901 et
2676 861 2779 899 non
2822 844 3092 915 pereunt?
3128 862 3148 897 ι
3197 844 3444 900 videmus
3484 840 3628 896 enim
3659 840 3804 911 quod

2233 938 2403 995 Judas
2452 937 2692 1009 perierit.
2748 935 2856 992 Sed
2906 945 3130 1007 propter
3191 936 3292 991 hoc
3319 936 3497 1006 periit,
3529 934 3656 1005 quia
3699 948 3807 988 non

2236 1039 2457 1086 secutus
2501 1038 2606 1094 est,
2673 1044 2848 1099 neque
2888 1028 3003 1082 ovis
3059 1028 3259 1082 mansit
3300 1041 3471 1096 usque
3499 1026 3570 1081 ad
3621 1025 3804 1079 tinem.

2238 1123 2497 1178 Dominus
2534 1122 2602 1178 de
2645 1121 2712 1177 iis
2750 1120 2843 1191 qui
2870 1119 3043 1176 secuti
3079 1128 3205 1175 sunt
3241 1134 3366 1174 eum
3425 1128 3479 1174 et
3497 1130 3627 1174 oves
3658 1126 3806 1184 sunt,

2239 1215 2432 1286 inquit,
2485 1232 2505 1269 ι
2535 1212 2653 1268 Non
2701 1220 2951 1282 pereunt.
2995 1235 3013 1264 ι
3047 1211 3202 1278 Quod
3252 1212 3298 1266 si
3326 1240 3329 1247 -
3360 1211 3482 1280 quis
3514 1226 3579 1267 ex
3617 1209 3808 1266 ordine

2237 1305 2416 1359 ovium
2465 1303 2750 1367 exciderit,
2787 1319 2842 1359 ct
2877 1319 2983 1358 non
3034 1310 3252 1357 sec-uuis
3310 1300 3478 1358 fuerit
3514 1308 3803 1370 pastorem,

2238 1397 2421 1453 statim
2465 1399 2626 1467 perit.
2673 1397 2852 1452 Uturis
2878 1409 3056 1452 autem
3087 1407 3147 1452 et
3174 1397 3277 1451 hoc
3306 1397 3374 1452 de
3398 1397 3538 1452 Iuda
3562 1395 3810 1465 exemplo

2239 1497 2425 1545 contra
2476 1489 2822 1544 Manichacus.
2869 1491 3081 1545 Etenim
3125 1506 3249 1545 cum
3298 1490 3387 1545 ille
3417 1501 3638 1545 sanctus
3669 1497 3813 1544 esset

2239 1591 2293 1635 et
2321 1582 2438 1638 ovis
2481 1582 2606 1646 Dei,
2651 1585 2867 1653 propria
2905 1582 3181 1639 voluntate
3229 1599 3296 1638 ac
3347 1600 3445 1639 sua
3490 1592 3686 1654 sponte
3717 1598 3812 1638 ex-

2238 1674 2392 1732 cidit.
2446 1674 2561 1730 Non
2613 1675 2775 1746 igitur
2820 1685 3010 1733 natura
3053 1689 3181 1732 sunt
3232 1679 3377 1733 mala
3400 1685 3496 1732 aut
3524 1679 3686 1744 bona,
3715 1676 3813 1732 sed

2240 1765 2518 1821 voluntate
2547 1774 2601 1820 et
2629 1768 3033 1823 constituuntur
3063 1777 3117 1823 et
3149 1769 3454 1825 solvuntur.

560 1850 657 1904 mi
707 1851 803 1905 τοῦ
865 1852 1180 1910 ἀκολουθεῖν
1232 1855 1311 1928 τῷ
1374 1858 1617 1928 ποιμένι,
1683 1857 1848 1921 εὐθὺς
1900 1854 2171 1925 ἀπόληται
2210 1854 2279 1929 Π.
2319 1857 2663 1931 damnarat].
2736 1861 2932 1934 Χρήσῃ
2955 1860 3012 1915 δὲ
3043 1861 3137 1916 καὶ
3168 1862 3310 1918 κατά
3344 1862 3452 1916 τῶν
3491 1861 3815 1934 Μανιχαίων

560 1943 640 2014 τῷ
675 1946 804 2017 περὶ
831 1946 922 2002 τὸν
959 1948 1162 2005 Ἰούδαν
1189 1950 1478 2023 συμϐάντι.
1507 1954 1620 2008 Καὶ
1640 1953 1750 2024 γὰρ
1767 1946 1944 2017 οὗτος,
2007 1951 2163 2022 ἀγιος
2226 1951 2304 2007 ὣν
2367 1955 2464 2009 καὶ
2503 1955 2773 2028 πρόϐατον
2833 1955 2992 2025 Θεοῦ,
3053 1958 3333 2013 ἀπέπεσεν
3357 1998 3374 2025 ,
3429 1960 3818 2032 ὲθελότρεπτος

560 2036 766 2110 δηλαδὴ
787 2038 887 2107 ὢν,
918 2044 1011 2097 καὶ
1049 2044 1387 2117 αὐθαιρέτως
1435 2046 1705 2105 ἐκπεσών.
1738 2047 1852 2101 Οὐκ
1892 2046 2004 2118 ἀρα
2067 2045 2228 2115 φύσει
2297 2046 2407 2102 εἰσὶ
2430 2048 2499 2104 τά
2561 2050 2726 2116 κακὰ,
2761 2050 2796 2122 ἢ
2830 2050 2902 2106 τὰ
2931 2052 3133 2122 ἀγαθὰ,
3173 2052 3309 2109 ἀλλά
3333 2054 3653 2125 προαιρέσει
3719 2057 3817 2111 καὶ

567 2131 916 2188 συνίστανται
946 2137 1042 2190 καὶ
1071 2136 1315 2193 λύονται.

637 2242 659 2276 ι
703 2225 1046 2282 Ἐὅάστασαν
1075 2229 1169 2283 οὖν
1210 2230 1375 2286 πάλιν
1425 2231 1609 2296 λίθους
1645 2234 1695 2286 οἱ
1733 2232 1999 2297 Ἰουδαῖοι,
2052 2231 2141 2287 ⁶ἵνα

2321 2230 2481 2287 Vsus.
2513 2232 2705 2288 51-36.
2741 2251 2760 2286 ι
2789 2232 3140 2291 Sustulerunt
3163 2249 3290 2303 ergo
3338 2249 3555 2289 rursum
3609 2233 3815 2304 lapides

568 2317 868 2373 λιθάσωσιν
943 2322 1129 2377 αὐτόν.
1189 2322 1491 2395 Ἀπεκρίθη
1559 2324 1745 2387 αὐτοῖς
1799 2324 1828 2375 ὁ
1896 2319 2134 2393 Ἰησοῦςο

570 2410 748 2466 Πολλά
778 2413 924 2468 καλὰ
955 2415 1092 2487 ἔργα
1132 2415 1309 2481 ἔδειξα
1336 2416 1467 2487 ὑμῖν
1504 2418 1570 2470 ὲκ
1614 2414 1710 2470 τοῦ
1760 2416 1974 2486 Πατρός
2010 2433 2135 2484 μου,

570 2504 665 2559 διὰ
701 2508 857 2559 ποῖον
890 2506 1072 2561 αὐτῶν
1104 2508 1266 2579 ἔργον
1328 2507 1581 2575 λιθάζετέ
1624 2525 1736 2576 με;
1800 2508 2140 2580 Ἀπεκρίθη-

577 2615 677 2652 σαν
709 2600 859 2670 αύτῷ
887 2603 937 2654 οί
978 2602 1244 2668 Ἰουδαῖοι,
1272 2602 1527 2670 λέγοντες
1554 2621 1570 2637 ·
1599 2604 1740 2677 Περὶ
1777 2605 1943 2659 καλοῦ
1974 2604 2139 2675 ἔργον

565 2693 628 2746 οὐ
652 2693 944 2766 λιθάζομέν
971 2712 1052 2762 σε,
1081 2696 1217 2752 ἀλλὰ
1245 2697 1376 2769 περὶ
1394 2697 1768 2770 βλασφημίας,
1798 2698 1881 2753 ὅτι
1919 2700 2009 2764 σὺ,
2042 2698 2139 2754 ἄν-

568 2785 785 2856 θρωπος
811 2787 906 2852 ὢν,
941 2791 1119 2854 ποιεῖς
1151 2792 1378 2846 σεαυτὸν
1427 2792 1582 2847 Θεόν.
1631 2792 1930 2866 Ἀπεκρίθη
1952 2792 2141 2858 αὐτοῖς

567 2878 597 2929 ὁ
655 2878 903 2950 Ἰησοῦς·
955 2881 1070 2934 Οὐκ
1123 2883 1238 2943 ἐστι
1290 2884 1681 2955 γεγραμμένον
1745 2887 1804 2938 ὲν
1858 2883 1938 2956 τῷ
1989 2884 2140 2957 νόμῳ

570 2969 745 3037 ὑμῶν·
775 2970 918 3042 Ἐγὼ
942 2968 1096 3036 εἶπα.
1122 2974 1248 3029 Θεοί
1275 2976 1398 3030 ἐστε
1420 2993 1436 3043 ;
1455 2976 1780 3041 Είὶκείνους
1809 2974 1927 3032 εἷπε
1958 2977 2137 3043 θεοὺς,

570 3061 706 3130 πρὸς
734 3060 828 3126 οὓς
858 3065 887 3117 ό
913 3063 1068 3134 λόγος
1098 3067 1193 3120 τοῦ
1221 3066 1358 3122 Θεοῦ
1394 3067 1630 3136 ἐγένετο,
1673 3069 1769 3122 καὶ
1807 3069 1869 3123 ού
1910 3070 2140 3126 δύναται

566 3153 795 3224 λυθῆναι
838 3156 870 3221 ἡ
910 3156 1139 3227 Γραιρή⁸
1190 3158 1252 3213 ὃν
1300 3162 1328 3214 ό
1380 3161 1569 3232 Πατὴρ
1627 3161 1846 3232 ἡγίασε,
1888 3164 1984 3217 καὶ
2035 3166 2142 3218 ἁπ-

570 3245 808 3300 έστειλεν
827 3248 908 3311 είς
940 3248 1032 3303 τὸν
1069 3252 1292 3321 κόσμον,
1324 3254 1486 3323 ὑμεῖς
1513 3255 1722 3324 λέγετε,
1751 3256 1837 3309 ὅτι
1876 3255 2138 3328 Βλασφη-

572 3341 713 3409 μεῖς,
744 3342 828 3395 ὄτι
864 3334 1020 3398 εἶπον
1042 3361 1056 3376 ο
1089 3344 1216 3410 Υἱὸς
1250 3346 1344 3399 τοῦ
1376 3348 1511 3403 Θεοῦ
1551 3350 1710 3418 eius;
1739 3367 1760 3400 ι
1813 3348 2035 3422 Ἐπειδή
2060 3348 2140 3404 εἶ-

570 3454 693 3501 πεν,
721 3438 803 3493 ὃτι
848 3456 867 3491 ι
918 3439 1062 3509 Ἐγὼ
1091 3443 1190 3496 καὶ
1242 3442 1271 3495 ό
1312 3445 1504 3515 Πατὴρ
1523 3443 1582 3497 ἓν
1614 3446 1783 3515 ἔσμεν
1810 3463 1829 3498 ι
1864 3446 2006 3499 κατὰ
2042 3447 2142 3516 τὴν

568 3527 817 3595 ἐξουσίαν
861 3530 1081 3595 πάντως
1112 3534 1206 3586 καὶ
1227 3534 1327 3604 τὴν
1363 3534 1616 3606 δύναμιν,
1668 3538 1763 3591 καὶ
1792 3537 1963 3606 ἔδειξε
2008 3538 2139 3609 μίαν

570 3614 736 3672 οὖσαν
765 3620 866 3691 τὴν
894 3624 1055 3693 χεῖρα
1076 3622 1171 3678 τοῦ
1204 3624 1417 3695 Πατρδς
1450 3626 1546 3679 καὶ
1592 3626 1691 3698 τὴν
1727 3628 1946 3695 ἑαυτοῦ,
1979 3628 2141 3700 βλασ-

570 3712 784 3782 φημίαν
809 3714 870 3767 τδ
900 3716 1134 3786 πρᾶγμα
1161 3716 1419 3785 ἐνόμισαν
1448 3718 1501 3771 οι
1538 3719 1802 3786 Ἰουδαῖοι,
1835 3720 1930 3775 καὶ
1956 3719 2138 3786 λίθους

574 3800 879 3870 βάλλουσιν,
937 3803 1013 3867 ὠς
1047 3799 1168 3858 ῐσον
1223 3804 1416 3858 ἑαυτὸν
1461 3805 1719 3860 ποιοῦντα
1772 3806 1852 3877 τῷ
1904 3806 2047 3877 Θεῷ.
2083 3806 2143 3860 ’0

570 3890 754 3944 τοίνυν
784 3892 989 3964 Κύριος
1041 3893 1323 3963 ἐντρέπων
1380 3893 1600 3960 αὐτοὺς,
1627 3896 1721 3949 καὶ
1773 3894 2034 3950 δεικνύων
2061 3896 2144 3950 ὅτι

572 3984 831 4055 οὐδεμίαν
854 3985 1033 4040 αίτίαν
1060 3985 1283 4056 εὔλογον
1321 3986 1513 4057 έχουσι
1538 3988 1637 4060 τῆς
1674 3987 1795 4041 κατ’
1828 3986 1998 4042 αὐτοῦ
2040 4005 2147 4059 μα-

573 4076 714 4145 νίας,
744 4077 881 4133 ἀλλά
910 4079 1089 4152 μάτην
1142 4079 1432 4146 λυττῶσιν,
1486 4081 1891 4152 ἀναμιμνήσκει
1947 4083 2148 4148 αὐτοὺς

574 4171 681 4226 τῶν
699 4174 832 4242 παρ’
852 4173 1016 4228 αὐτοῦ
1040 4177 1422 4245 γεγενημένων
1440 4174 1754 4246 θαυμάτων,
1781 4176 1895 4242 καὶ,
1917 4195 1937 4229 ι
1968 4177 2147 4232 Πολλὰ

573 4264 716 4319 καλά
736 4265 895 4336 ἔργα,
934 4268 1122 4338 φησὶν,
1159 4267 1511 4339 ἐνεδειξάμην
1543 4268 1693 4339 ὑμῖν,
1737 4268 1827 4323 διά
1861 4272 2012 4324 ποῖον
2046 4271 2148 4324 αύ-

576 4357 685 4415 τῶν
713 4358 963 4424 λιθάζετέ
984 4377 1092 4430 pe;
1119 4379 1137 4412 ι
1170 4360 1233 4415 Ol
1257 4360 1334 4426 δὲ,
1359 4378 1377 4413 ι
1416 4361 1548 4432 Περὶ
1582 4360 1956 4434 βλασφημίας,
1988 4363 2144 4432 φασὶ,

573 4451 864 4522 λιθάζομέν
896 4469 978 4519 σε,
1016 4454 1098 4507 ὅτι
1133 4456 1305 4518 ποιεῖς
1336 4453 1563 4508 σεαυτὸν
1593 4454 1749 4510 Θεόν.
1806 4473 1825 4506 ι
1860 4456 2032 4521 Αὐτὸς
2053 4456 2147 4512 οὖν

578 4543 678 4597 οὐκ
705 4546 947 4616 ἀρνεῖται
975 4544 1154 4613 τοῦτο,
1183 4545 1303 4600 οὐδὲ
1327 4546 1499 4615 λέγει,
1546 4549 1629 4601 ὅτι
1656 4548 1731 4601 Οὐ
1753 4547 1889 4600 ποιῶ
1913 4548 2146 4618 ἐμαυτὸν

579 4634 731 4701 Θεὸν,
759 4636 861 4689 οὐκ
891 4637 1006 4708 είμὶ
1045 4633 1161 4701 ἶσος
1200 4637 1278 4709 τῷ
1312 4637 1508 4708 Πατρὶ,
1539 4638 1679 4693 ἀλλά
1729 4640 1932 4711 μᾶλλον
1957 4641 2149 4695 ἐπισε-

581 4726 725 4781 6αιοῖ
745 4727 845 4797 τὴν
883 4730 1109 4785 ἐκείνων
1160 4729 1409 4801 γνώμην,
1462 4731 1558 4785 καὶΙ
1604 4732 2031 4801 κατασκευάζει,
2064 4734 2147 4788 ὅτι

581 4814 710 4878 Θεός
753 4818 904 4871 ἐστιν
928 4819 1037 4874 ἀπὸ
1067 4819 1177 4874 τῶν
1204 4821 1262 4873 ὲν
1283 4820 1362 4891 τῷ
1382 4820 1532 4891 νόμῳ
1564 4824 1996 4893 γεγραμμένων.
2034 4824 2154 4878 Νόο²

2239 2324 2430 2389 Judaei,
2491 2334 2552 2380 ut
2588 2324 2891 2395 lapidareut
2947 2341 3090 2380 eum.
3139 2323 3440 2396 Respondit
3477 2325 3561 2379 eis
3603 2324 3758 2378 Jtsus
3796 2341 3811 2377 :

2242 2417 2405 2472 Multa
2430 2417 2567 2473 bona
2590 2430 2752 2488 opera
2774 2418 2986 2473 ostendi
3036 2418 3190 2474 vobis
3222 2434 3287 2475 ex
3327 2417 3489 2474 Patre
3520 2432 3658 2481 meo,
3691 2432 3815 2486 pro-

2241 2516 2360 2578 pter
2395 2508 2539 2577 quod
2584 2522 2771 2563 eorum
2818 2521 3038 2577 operum
3091 2521 3176 2562 me
3207 2505 3820 2577 lapidatisiﬂespondeo

2241 2609 2369 2655 runt
2393 2601 2441 2657 ei
2486 2598 2679 2664 Judaei,
2710 2601 2956 2657 dicentes
2992 2616 3006 2654 :
3034 2597 3117 2656 Ob
3150 2600 3351 2657 bonum
3379 2615 3513 2672 opus
3540 2616 3644 2654 non
3677 2599 3816 2668 lapi-

2243 2694 2435 2749 damus
2491 2702 2564 2759 te,
2620 2692 2716 2749 sed
2753 2691 2822 2749 ob
2854 2691 3273 2763 blasphemiam,
3316 2701 3372 2748 et
3404 2692 3531 2763 quia
3563 2699 3621 2746 tu
3654 2692 3817 2746 homo

2242 2800 2363 2840 cum
2399 2786 2497 2851 sis,
2541 2785 2672 2841 facis
2711 2785 2943 2855 teipsum
2972 2784 3164 2841 Deum.
3190 2783 3586 2856 Responditeis
3605 2782 3762 2840 Jesus
3799 2798 3815 2840 :

2240 2877 2430 2933 Nonne
2484 2878 2744 2946 scriptum
2783 2885 2868 2933 est
2897 2878 2950 2933 in
3000 2877 3118 2950 lege
3161 2887 3339 2934 vestra
3375 2894 3390 2933 :
3423 2876 3537 2949 Ego
3564 2876 3697 2941 dixi,
3728 2876 3813 2930 Dii

2243 2972 2412 3028 estis?
2460 2972 2515 3027 Si
2553 2972 2677 3029 illos
2712 2973 2848 3029 dixit
2896 2973 3027 3029 deos
3049 2972 3116 3028 ad
3154 2987 3290 3044 quos
3313 2986 3493 3028 sermo
3517 2969 3609 3026 Dei
3642 2971 3818 3025 factus

2243 3072 2325 3119 est
2377 3073 2432 3120 et
2484 3080 2589 3119 non
2657 3074 2834 3134 potest
2895 3064 3029 3120 solvi
3087 3064 3391 3135 Scriptura,
3458 3080 3616 3132 quem
3656 3063 3818 3117 Pater

2244 3156 2605 3212 sanctiﬁcavit
2645 3164 2700 3211 et
2761 3157 2907 3212 misit
2959 3156 3013 3211 in
3051 3156 3343 3221 mundum,
3399 3169 3492 3209 vos
3519 3153 3699 3209 dicitis
3730 3167 3816 3207 me

2243 3250 2642 3321 blaspliemare,
2666 3250 2789 3318 quia
2818 3248 3073 3314 dixerim,
3101 3246 3270 3302 Filius
3298 3245 3391 3301 Dei
3411 3260 3531 3301 sum
3557 3245 3581 3299 ?
3611 3263 3630 3297 ι
3675 3243 3813 3299 Cum

2243 3342 2467 3406 diceret,
2522 3359 2541 3392 ι
2600 3341 2711 3411 Ego
2748 3349 2803 3395 et
2824 3339 2983 3396 Pater
3008 3354 3176 3394 unum
3210 3353 3395 3393 sumus
3458 3356 3478 3390 ›
3515 3351 3610 3408 per
3637 3337 3818 3391 omnia

2242 3432 2540 3490 secundum
2596 3440 2919 3501 potestatem
2975 3440 3031 3486 et
3098 3430 3373 3494 virtutem,
3426 3436 3481 3484 et
3539 3428 3817 3496 iudicaret

2245 3543 2406 3582 unam
2440 3541 2560 3583 esse
2593 3527 2774 3582 Patris
2794 3540 3009 3581 manum
3060 3532 3114 3580 et
3137 3538 3321 3590 suam;
3359 3524 3619 3594 putabant
3649 3519 3818 3575 ιιιὰτυί

2245 3619 2641 3690 blasphemum,
2690 3626 2746 3672 et
2775 3635 2795 3670 ι
2866 3616 3340 3686 appreliendebant
3406 3615 3632 3682 lapides,
3673 3612 3822 3683 quod

2246 3714 2447 3769 faceret
2495 3726 2554 3767 se
2600 3710 2862 3781 aequalem
2915 3710 3025 3765 Deo
3085 3711 3156 3763 ".
3189 3727 3210 3762 ι
3239 3709 3407 3779 Igitur
3430 3708 3688 3763 Dominus
3726 3708 3823 3762 ad-

2246 3819 2475 3862 monens
2528 3811 2583 3859 et
2620 3803 2911 3859 ostendens
2944 3801 3089 3872 quod
3126 3801 3325 3857 nullam
3369 3803 3568 3869 Justam
3618 3798 3821 3855 furoris

2244 3912 2370 3965 erga
2420 3913 2478 3952 se
2513 3911 2730 3952 causam
2767 3896 3021 3959 habeant,
3064 3895 3158 3951 sed
3193 3896 3398 3963 absque
3451 3908 3613 3949 causa
3670 3892 3821 3946 insa-

2247 3989 2398 4044 niant
2427 4029 2443 4055 ,
2481 3990 2691 4046 reducit
2726 3990 2780 4044 in
2837 3989 3153 4045 memoriam
3200 3987 3460 4045 miracula
3493 4002 3523 4041 a
3555 4001 3614 4042 se
3656 3986 3818 4050 facta,

2248 4090 2341 4137 et:
2377 4100 2394 4132 ι
2426 4080 2588 4136 Multa
2611 4082 2749 4137 bona
2770 4095 2955 4149 Opera,
2986 4081 3181 4150 inquit,
3218 4080 3429 4135 ostendi
3464 4077 3615 4133 vobis
3651 4094 3665 4131 :
3702 4090 3824 4147 pro-

2252 4183 2335 4229 ter
2359 4176 2499 4244 quod
2532 4190 2718 4230 eorum
2753 4172 3000 4242 lapidutis
3038 4173 3172 4228 me?
3211 4191 3231 4225 ι
3273 4172 3350 4226 Illi
3383 4179 3561 4225 autem
3589 4168 3776 4223 dicunt
3805 4184 3821 4220 :

2254 4286 2275 4320 ι
2311 4267 2538 4337 Propter
2584 4267 2946 4336 blasphemias
3007 4266 3301 4335 lapiilamus
3365 4272 3437 4330 tc,
3487 4262 3611 4333 quia
3653 4261 3820 4316 Deum

2252 4359 2480 4429 teipsum
2516 4358 2670 4414 facis.
2713 4377 2732 4411 ι
2784 4358 3049 4414 Caeterum
3082 4361 3197 4429 ipse
3228 4372 3332 4412 non
3367 4366 3526 4428 negat
3569 4356 3689 4418 hoc,
3724 4369 3824 4409 ne~

2252 4466 2357 4523 que
2389 4451 2540 4515 dicit,
2575 4450 2693 4508 Non
2730 4449 2874 4507 facio
2919 4452 3180 4519 meipsum
3215 4450 3406 4516 Deum,
3428 4448 3513 4505 vel
3568 4462 3671 4502 non
3701 4462 3820 4503 sum

2250 4548 2470 4617 aequalis
2500 4546 2682 4612 Patri;
2723 4546 2815 4600 sed
2847 4545 3017 4615 magis
3047 4544 3331 4598 c0ulirmat
3362 4543 3575 4598 illorum
3608 4548 3825 4596 senten-

2251 4643 2404 4707 tiam,
2435 4648 2491 4695 et
2518 4640 2712 4695 asserit
2739 4653 2797 4693 se
2826 4636 2992 4693 Deum
3027 4651 3165 4697 esse.
3199 4651 3263 4691 ex
3286 4636 3372 4692 bis
3393 4650 3513 4706 quae
3540 4635 3741 4704 scripta
3770 4633 3822 4687 in

2249 4731 2385 4803 lege.
2442 4730 2640 4802 Legem
2688 4738 2869 4786 autem
2935 4729 3063 4784 dicit
3109 4738 3165 4784 et
3204 4729 3396 4784 librum
3451 4727 3638 4792 David,
3683 4727 3823 4782 sicut

2251 4825 2570 4895 simpliciter
2602 4833 2658 4879 et
2683 4839 2895 4880 omnem
2923 4821 3278 4892 Scripturam.
3330 4818 3485 4887 Quod
3534 4827 3711 4874 autem
3745 4817 3827 4873 di-

585 4925 683 4977 μον
718 4909 775 4964 δὲ
806 4910 954 4979 λέγει
990 4912 1081 4966 καὶ
1112 4910 1212 4982 τὴν
1244 4910 1338 4964 τοῦ
1364 4910 1533 4966 Δαυῒδ
1562 4912 1766 4982 βίϐλον,
1809 4913 2000 4985 ὥσπερ
2051 4916 2141 4969 καὶ

2256 4919 2350 4981 cit.
2401 4920 2543 4973 hunc
2586 4933 2804 4972 sensum
2845 4915 3055 4970 habet:
3092 4913 3151 4969 Si
3188 4914 3242 4968 bi
3277 4913 3367 4983 qui
3399 4912 3573 4982 gratia
3602 4910 3826 4966 deillca-

582 5002 761 5054 πᾶσαν
783 5000 967 5064 ἁπλῶς
983 5001 1082 5073 τὴν
1104 5002 1329 5074 Γραφήν
1355 5019 1370 5034 ·
1401 5002 1430 5056 ὃ
1451 5003 1508 5057 δὲ
1536 5002 1681 5073 λέγει
1700 5004 1941 5059 τοιοῦτόν
1965 5007 2115 5061 ἐστιν
2132 5021 2149 5038 ·

585 5095 647 5147 Et
678 5096 727 5148 οί
759 5096 941 5166 χάριτι
966 5096 1064 5166 τὴν
1085 5096 1282 5150 θέωσιν
1303 5095 1699 5167 προσλαϐόντες
1741 5098 1853 5152 θεοί
1882 5100 2010 5164 είσι,
2057 5101 2153 5154 καὶ

579 5186 677 5242 οὐκ
702 5188 1082 5255 ὲγκαλοῦνται,
1107 5191 1224 5254 πῶς
1257 5189 1369 5259 ἐγὼ
1403 5191 1625 5255 δικαίως
1670 5192 2014 5264 ὲπιτιμῶμαι
2060 5192 2152 5261 ὑφ’

582 5280 752 5350 ὑμῶν,
782 5286 810 5334 ὀ
837 5281 998 5350 φύσει
1023 5282 1154 5346 Θεὸς
1183 5282 1283 5346 ὢν,
1319 5303 1338 5336 ι
1371 5283 1430 5338 δν
1459 5285 1647 5357 Πατὴρ
1668 5286 1885 5356 ἡγίασε,
1926 5306 1946 5338 ι
1976 5302 2140 5340 τουτ-

583 5373 751 5440 έστιν,
800 5373 1046 5444 ἀφώρισε
1101 5376 1508 5444 σφαγιασθῆναι
1575 5377 1714 5446 ὑπὲρ
1769 5376 1863 5431 τοῦ
1894 5378 2143 5448 κόσμους

583 5462 747 5530 Ἅγια
764 5466 872 5537 γὰρ
897 5470 964 5520 τά
989 5469 1350 5539 ἁφωρισμένα
1371 5466 1620 5538 λέγονται
1639 5470 1718 5541 τῷ
1735 5470 2161 5541 Θεῴλῖρόδηλον

583 5558 712 5627 γὰρ,
748 5560 830 5613 ὅτι
860 5560 1046 5630 ἐπειδή
1085 5578 1175 5631 μοι
1209 5560 1277 5633 If.
1316 5561 1408 5635 με]
1465 5564 1824 5634 ἡγίασενκαὶ
1874 5563 2154 5635 ἀφώρισεν

583 5653 612 5705 ὁ
647 5652 830 5724 Πατὴρ
869 5655 951 5718 είς
995 5654 1093 5727 τὴν
1131 5654 1229 5710 τοῦ
1279 5656 1485 5726 κόσμου
1546 5657 1843 5729 σωτηρίαν,
1897 5657 1996 5710 οὐκ
2034 5651 2153 5721 ἶσος

660 5834 707 5867 ⁷²
737 5834 895 5892 Joan.
926 5852 980 5903 ν,
1023 5836 1083 5892 18
1112 5854 1125 5904 ;
1160 5838 1392 5911 Philipp.
1436 5855 1496 5907 ιι,
1521 5841 1574 5896 (i.

2255 5012 2457 5067 tionem
2493 5017 2839 5079 acceperunt,
2876 5007 2946 5062 dii
2979 5016 3124 5074 sunt,
3170 5014 3225 5061 et
3278 5019 3435 5059 nemo
3484 5002 3604 5058 illos
3638 5002 3827 5057 crimi-
3922 5040 3930 5047 .

2257 5115 2418 5156 natur
2448 5119 2462 5155 :
2498 5099 2769 5170 quomodo
2814 5113 2915 5169 ego
2967 5095 3111 5167 iuste
3140 5114 3167 5150 ιι
3204 5096 3355 5151 vobis
3398 5095 3665 5160 increpor,
3697 5091 3824 5161 quia

2255 5203 2446 5249 natura
2472 5207 2587 5247 sum
2617 5191 2775 5258 Dens,
2811 5209 2829 5244 ι
2860 5204 3019 5261 quem
3056 5189 3218 5244 Pater
3251 5186 3628 5252 sanctiilcavit,
3663 5203 3684 5236 ι
3723 5184 3827 5239 lioc

2256 5296 2340 5340 est
2399 5286 2721 5355 segregavit,
2770 5296 2827 5337 ut
2878 5282 3217 5338 occideretur
3261 5294 3363 5350 pro
3397 5278 3640 5333 mundo?
3689 5275 3827 5331 San-

2257 5389 2401 5431 ctum
2433 5375 2574 5428 enim
2606 5374 2819 5440 dicitur,
2873 5378 3014 5442 quod
3053 5372 3163 5425 Deo
3201 5378 3539 5438 segregatum
3566 5376 3669 5423 est.
3703 5367 3825 5420 Ma-

2257 5466 2508 5522 nifestum
2563 5466 2709 5521 enim
2758 5466 2879 5534 quia
2907 5479 2991 5519 me
3034 5460 3408 5529 sanctificavit,
3448 5470 3503 5515 et
3524 5459 3827 5530 segregavit
3883 5448 3889 5457 ’

2255 5559 2419 5615 Pater
2453 5560 2504 5613 in
2537 5560 2762 5614 salutem
2795 5557 3000 5624 mundi,
3029 5565 3084 5611 et
3126 5556 3246 5611 ideo
3292 5570 3400 5611 non
3433 5569 3553 5610 sum
3603 5551 3826 5622 aequalis

2259 5652 2380 5710 aliis
2400 5652 2525 5719 diis,
2558 5652 2653 5708 sed
2682 5650 2825 5707 Deus
2858 5664 3037 5707 verus.
3076 5648 3219 5709 Vere
3265 5648 3408 5707 enim
3432 5652 3567 5716 opus
3623 5646 3716 5700 Dei
3742 5652 3831 5699 est
