4060 6660
458 409 527 468 δῖ)
1154 414 1597 479 ENARRATIO
1633 415 1714 476 IN
1754 416 2256 483 EVANGELIUM
2298 418 2642 483 JOANNIS.
2672 443 2737 454 ·-
2765 419 2923 479 CAP.
2954 417 3057 476 XI.
3088 438 3094 444 '
3648 412 3719 479 80

459 518 809 591 ποιούμενονο
839 520 900 574 ού
924 522 1033 596 γὰρ
1055 526 1333 598 ἠνείχοντο
1367 529 1532 583 αὑτοῦ
1555 531 1623 584 τὰ
1653 526 1888 605 κρείττω
1912 531 2035 587 θεοι-

2150 533 2290 592 nium
2326 533 2673 603 perhiberet;
2703 544 2875 602 neque
2910 531 3052 586 enim
3078 525 3320 585 ferebant
3350 525 3717 583 sublimiorem

459 609 769 678 λογοῦντος.
810 612 981 679 sese;
1026 614 1082 668 δὲ
1113 615 1422 690 ὑποχωρεῖ,
1454 620 1690 686 ἐνδιδοὺς
1736 622 1918 676 αὐτῶν
1960 621 2039 693 τῷ

460 699 641 772 θυμῷ,
674 703 770 756 καί
803 703 892 759 διὰ
942 706 1043 778 τῆς
1068 706 1336 775 ἀπουσίας
1364 710 1527 782 λῆξαι
1567 712 1751 778 αὐτοῖς
1777 713 1840 767 τὸ
1867 712 2042 778 πάθος

459 792 559 849 τοῦ
602 793 776 867 θυμοῦ
822 801 1278 870 παρασκευάζων,
1316 804 1705 861 καὶ-ἀκόντων
1758 806 1820 863 δὲ
1859 807 2041 866 αὐτῶν

461 882 757 959 ὖποχωρεῖ,
787 890 1041 957 δεικνὺς,
1075 892 1104 947 ὃ
1139 894 1403 960 πολλάκις
1442 896 1691 968 εἴπομεν,
1722 877 1805 953 ὅτι
1834 899 1945 954 οὐδ’
1976 899 2044 955 ἂν

461 979 520 1035 ἐν
547 976 626 1052 τῷ
652 981 872 1055 σταυρῷ
908 984 1240 1061 συνελήφθη,
1269 990 1319 1043 εί
1348 989 1425 1063 μὴ
1446 988 1590 1045 έκὼν
1623 991 1816 1046 ἑαυτὸν
1847 991 2045 1051 ἐδίδου.

460 1068 574 1124 Ποῦ
621 1071 679 1126 δέ
738 1073 1055 1148 ὑποχωρεῖς
1116 1099 1136 1132 ι
1192 1081 1375 1153 Πέραν
1428 1083 1523 1138 τοῦ
1567 1083 1864 1155 Ἰορδάνου,
1913 1085 2047 1141 ὅπου

476 1163 734 1238 Ἰωάννης
766 1167 1095 1242 ἐϐάπτιζεν,
1133 1193 1153 1226 ι
1187 1173 1285 1229 οὐκ
1318 1175 1529 1246 ἀλόγως
1552 1176 1733 1233 ἐκεῖσε
1761 1176 2048 1250 ἀναχωρή-

466 1273 592 1323 σας,
658 1256 775 1313 ἀλλ’
827 1262 1268 1335 ἀναμιμνήσκων
1318 1256 1451 1331 τοὺς
1499 1266 1731 1331 πολλοὺς
1775 1266 1886 1322 τῶν
1933 1267 2053 1322 ἐκεῖ

2143 626 2260 696 ejus
2313 624 2656 698 theologiam.
2713 622 2833 699 ipse
2860 629 3036 685 autem
3094 619 3222 675 inde
3253 618 3466 683 transit,
3503 617 3718 672 illorum

2144 717 2313 775 furori
2344 719 2560 785 cedens,
2588 724 2642 774 et
2668 715 2913 777 absentia
2950 728 3047 770 sua
3087 711 3301 768 illorum
3334 711 3581 767 morbum
3612 709 3719 764 mi-

2145 810 2305 884 tigari
2358 808 2584 866 faciens.
2646 805 2867 865 Secedit
2911 814 3092 863 autem
3144 804 3330 861 inritis
3372 802 3501 871 illis,
3566 816 3721 857 mon-

2146 911 2328 961 strans
2373 902 2454 975 (ut
2481 915 2623 972 saepe
2679 897 2934 969 diximus)
2975 897 3116 975 quod
3137 911 3313 968 neque
3350 895 3404 951 in
3431 909 3592 951 cruce
3627 893 3722 950 de-

2150 1000 2331 1051 tentus
2390 990 2599 1057 fuisset,
2659 990 2761 1047 nisi
2809 996 3092 1060 Spontese
3121 987 3447 1043 tradidisset.
3481 985 3601 1052 Quo
3626 1000 3722 1038 au-

2151 1093 2259 1142 tem
2300 1081 2587 1143 concedit?
2623 1099 2643 1141 ι
2682 1079 2857 1137 Trans
2900 1078 3211 1149 Jordanem,
3239 1077 3332 1135 ubi
3359 1075 3595 1133 Joannes
3625 1076 3722 1131 ba-

2151 1176 2395 1250 ptizavit.
2436 1173 2603 1235 tNon
2657 1174 2860 1244 absque
2910 1187 3074 1229 causa
3100 1186 3159 1231 se
3188 1170 3314 1231 illuc
3332 1168 3580 1234 contulit,
3626 1170 3722 1224 sed

2152 1271 2210 1327 in
2268 1270 2584 1329 memoriam
2626 1267 2839 1331 reduxit
2869 1265 3201 1323 multitudini
3224 1278 3343 1335 quae
3374 1262 3483 1319 illic
3508 1262 3648 1319 facta
3670 1270 3726 1317 et

459 1348 801 1450 γενομένων,
842 1355 938 1450 att-xl.
966 1352 1077 1406 τῶν
1108 1354 1410 1428 λεχθέντων
1439 1358 1594 1429 παρὰ
1633 1358 1882 1417 Ἰωάννου
1914 1359 2047 1432 περὶ

2155 1360 2297 1420 dicta
2350 1376 2381 1416 a
2430 1359 2637 1419 Joanne
2693 1361 2761 1417 de
2815 1374 2893 1416 se.
2966 1358 3122 1426 Quod
3171 1364 3349 1417 autem
3411 1354 3557 1412 illius
3617 1353 3725 1410 illic

461 1439 653 1529 αὑτοῦ.
688 1440 813 1496 Ὅτι
851 1442 911 1496 δὲ
957 1444 1190 1529 πολλοὺς
1237 1446 1452 1520 ὤνησεν
1502 1449 1537 1520 ἡ
1586 1451 1715 1519 περὶ
1757 1450 1850 1505 τὸν
1886 1448 2047 1507 τόπον

2155 1455 2497 1517 conversatio
2540 1453 2740 1529 multos
2781 1451 3132 1515 lucrifacerit,
3171 1449 3352 1509 subdit
3375 1446 3724 1519 evangelista,

460 1527 734 1601 διατριϐὴ,
767 1528 1048 1604 ἐπήγαγεν
1092 1537 1122 1590 ό
1162 1537 1581 1612 εύαγγελιστὴς,
1618 1540 1830 1611 λέγων’
1882 1562 1901 1595 ι
1943 1543 2047 1599 Καὶ

2157 1548 2387 1606 dicens:
2419 1565 2442 1603 ι
2497 1547 2564 1605 Ει
2598 1527 2753 1603 multi
2792 1528 3059 1609 venerunt,
3097 1544 3164 1601 ad
3209 1556 3354 1608 eum,
3384 1551 3440 1597 et
3461 1539 3725 1601 recordati

463 1621 653 1726 πρλλοὶ
685 1618 854 1726 ἦλθον
901 1627 1037 1699 πρὸς
1085 1628 1273 1697 αὐτὸν,
1325 1631 1422 1693 καὶ
1475 1633 1918 1707 ἀναμνησθέντες
1961 1632 2047 1691 τοῦ

2159 1638 2282 1705 loci,
2308 1637 2577 1704 dicebant,
2612 1637 2805 1708 inquit,
2841 1633 3074 1699 Joannes
3094 1635 3308 1709 quidem
3343 1634 3555 1706 signum
3602 1630 3731 1686 fecit

457 1714 659 1777 τόπου,
705 1714 916 1786 ελεγον,
969 1722 1155 1790 φησὶν,
1210 1724 1293 1785 ὅτι
1357 1723 1611 1795 Ἰωάννης
1673 1726 1772 1797 μὲν
1829 1727 2047 1797 σημεῖον

2160 1730 2385 1787 nullum.
2418 1747 2438 1782 ι
2482 1728 2746 1789 Caeterum
2794 1727 2936 1798 quod
2995 1727 3163 1795 dicit,
3216 1728 3287 1789 ita
3312 1741 3378 1785 se
3420 1724 3627 1781 habet:
3669 1720 3727 1778 Si

461 1807 723 1879 ἐποίησεν
766 1810 943 1866 οὐδέν.
986 1832 1005 1865 ι
1063 1816 1131 1869 Ὃ
1166 1815 1223 1875 δὲ
1272 1816 1445 1887 λέγει,
1488 1819 1734 1881 τοιοῦτόν
1775 1821 1947 1886 ἐστιν,
1991 1819 2047 1873 El

2161 1821 2235 1877 illi
2288 1820 2613 1877 credidimus
2663 1819 2752 1888 qui
2787 1819 2988 1879 nullum
3042 1834 3274 1890 unquam
3333 1818 3458 1875 fecit
3493 1816 3728 1886 signum,

461 1900 663 1995 ἐκείνω
712 1904 1115 1978 ἐπιστεύσαμεν
1173 1909 1340 1983 μηδὲν
1395 1911 1724 1995 πεποιηκότι
1785 1915 2038 1984 σημεῖον,

2151 1912 2318 1973 multo
2348 1911 2519 1983 magis
2546 1912 2595 1969 ei
2627 1912 2717 1983 qui
2754 1922 2830 1973 tot
2863 1920 3119 1982 tantaque
3157 1920 3409 1987 operatus
3433 1919 3515 1966 est
3548 1908 3724 1979 signa.

464 1992 648 2064 πολλῷ
693 1996 894 2069 μᾶλλον
937 2000 1112 2072 τούτῳ
1144 2000 1222 2073 τῷ
1254 1992 1490 2061 τοσαῦτα
1512 2003 1768 2074 θαύματα
1796 2006 2043 2081 ἐργασα-

465 2083 636 2155 μένῳ.
679 2086 834 2149 Ἐπεί
859 2090 915 2144 δὲ
962 2092 1218 2164 Ἰωάννης
1241 2096 1594 2171 ἐμαρτύρησε
1626 2097 1734 2168 μὲν
1778 2097 1910 2168 περὶ
1947 2097 2043 2155 τοῦ

460 2174 723 2248 Χριστοῦ,
766 2181 921 2239 οὐδὲν
964 2182 1024 2243 δέ
1058 2187 1285 2257 σημεῖον
1325 2187 1575 2258 ἐποίησε,
1608 2189 1702 2245 καὶ
1748 2188 1839 2245 διὰ
1886 2189 2047 2247 τοῦτο

465 2267 598 2333 ἴσως
629 2270 730 2324 οὐκ
771 2271 1084 2340 ἀξιόπιστος
1115 2277 1182 2330 ἂν
1223 2278 1508 2351 ἐνομίσθη,
1542 2281 1792 2353 ἐπήγαγε
1832 2280 2038 2352 λέγων·

471 2379 490 2406 σ
529 2361 757 2418 Πάντων
779 2364 836 2419 δὲ
864 2368 964 2421 ὅσα
1007 2364 1163 2423 εἶπεν
1189 2367 1445 2443 Ἰωάννης
1470 2371 1601 2443 περὶ
1621 2373 1836 2439 τούτου,
1870 2373 2044 2446 άληθῆ

464 2446 555 2522 ἦν,
595 2472 615 2505 ι
651 2454 753 2508 ούκ
778 2455 860 2510 έτι
885 2458 1076 2515 τοῦτον
1106 2460 1423 2530 ἐξ-ὲκείνου,
1458 2461 1576 2521 ἀλλ’
1601 2465 1810 2520 ἐκεῖνον
1852 2466 1947 2535 ἀφ’
1973 2458 2048 2525 ὧν

461 2547 493 2599 ό
526 2546 760 2615 Χριστὸς
808 2548 1063 2621 ἐποίησεν
1100 2551 1414 2618 ἀξιόπιστον
1457 2555 1875 2624 ἀποφαίνοντες.
1922 2557 2041 2625 Διὸ,

471 2655 493 2690 ι
536 2639 732 2694 Πολλοὶ
760 2643 949 2714 φησὶν,
987 2644 1104 2699 ἐκεῖ
1147 2647 1494 2705 ἐπίστευσαν.
1531 2668 1550 2705 t
1587 2649 1661 2705 Τὸ
1693 2650 1750 2704 δὲ
1785 2668 1807 2702 ‹
1845 2651 1982 2717 ἐκεῖ,
2021 2671 2039 2705 ›

466 2731 639 2800 δηλοῖ,
667 2732 749 2785 ὅτι
785 2734 1039 2803 μεγάλως
1065 2737 1095 2789 ὁ
1120 2737 1286 2803 τόπος
1330 2741 1536 2806 ἐκεῖνος
1575 2741 1773 2808 αὐτοὺς
1818 2742 2039 2817 ὠφέληο

470 2837 560 2873 σεν
595 2861 613 2885 ,
661 2822 782 2876 ἐπεὶ
831 2824 926 2881 καὶ
965 2824 1157 2883 τούτου
1213 2830 1374 2901 χάριν
1402 2832 1643 2905 συνεχῶς
1692 2831 1879 2905 ἐξάγει
1922 2837 2048 2899 τοῦς

465 2911 661 2983 δχλους
683 2915 713 2968 ό
743 2913 954 2986 Ἰησοῦς
980 2918 1062 2983 τίς
1086 2920 1328 2992 ἐρήμους
1361 2924 1582 2988 τόπους,
1614 2926 1717 2996 τῆς
1743 2925 1851 2981 τῶν
1880 2945 2048 2998 πονη-

467 3003 579 3074 ρῶν
618 3005 924 3076 ἀνθρώπων
946 3012 1236 3075 συνουσίας
1290 3013 1619 3086 ἐλευθερῶν,
1657 3017 1796 3089 πρὸς
1823 3018 1884 3073 τὸ
1914 3037 2048 3091 καρ-

468 3094 759 3154 πώσασθαί
800 3117 855 3154 τι
904 3100 1067 3170 μέγα,
1120 3102 1373 3177 καθάπερ
1418 3106 1515 3160 καὶ
1542 3107 1633 3161 ἐπὶ
1652 3107 1751 3179 τῆς
1805 3109 2050 3174 Παλαιᾶς

2147 2003 2303 2071 Quod
2352 2013 2531 2058 autem
2589 2000 2826 2057 Joannes
2875 2008 3101 2057 testatus
3125 1999 3344 2070 quidem
3373 2001 3444 2053 sit
3475 1994 3541 2051 de
3568 1994 3731 2051 Chri-

2147 2106 2253 2161 sto,
2306 2095 2514 2160 signum
2568 2109 2696 2153 vero
2756 2092 2959 2148 nullum
3014 2092 3226 2158 fecerit,
3280 2100 3336 2147 et
3381 2098 3598 2165 propter
3625 2088 3729 2147 hoc

2149 2184 2394 2247 fortassis
2421 2201 2527 2249 non
2567 2192 2769 2240 tantam
2801 2182 2962 2239 ﬁdem
2993 2182 3273 2248 meruerit,
3333 2178 3591 2243 subdidit,
3646 2176 3729 2232 di-

2146 2292 2276 2333 cens
2309 2295 2324 2334 :
2360 2296 2378 2329 ι
2411 2274 2604 2333 Omnia
2658 2270 2835 2332 autem
2866 2289 3201 2346 quascunque
3238 2272 3470 2339 Joannes
3500 2269 3639 2327 dixit
3663 2269 3730 2324 de

2148 2370 2273 2437 hoc,
2300 2386 2428 2426 vera
2477 2380 2650 2428 erant.
2685 2389 2705 2425 ι
2735 2369 2853 2427 Non
2884 2370 3023 2425 ultra
3063 2370 3206 2431 hunc
3237 2366 3439 2433 abillo,
3461 2365 3554 2421 sed
3576 2363 3725 2419 illum

2147 2480 2213 2521 cx
2242 2466 2322 2525 his
2351 2482 2469 2537 quae
2485 2466 2730 2531 Christus
2754 2467 2901 2535 fecit,
2932 2465 3140 2521 lidclem
3169 2462 3459 2523 alﬁrmant.
3494 2459 3724 2523 Idcirco,

2155 2576 2176 2617 ι
2204 2558 2374 2627 Multi,
2408 2559 2603 2630 inquit,
2635 2559 2744 2617 illic
2771 2558 3131 2619 crediderunt.
3165 2575 3184 2608 ι
3208 2554 3443 2617 Dicendo
3479 2544 3498 2605 ι
3528 2551 3661 2629 illic,
3701 2569 3719 2602 ι

2152 2644 2331 2715 signat
2383 2643 2527 2714 quod
2577 2643 2730 2703 locus
2755 2643 2843 2698 ille
2876 2642 3010 2699 mire
3032 2639 3295 2719 profuerit
3332 2654 3349 2694 :
3384 2635 3729 2706 quandoqui-

2150 2736 2271 2791 dem
2306 2744 2361 2791 ct
2390 2737 2493 2792 hac
2524 2750 2685 2792 causa
2713 2734 2938 2790 subinde
2972 2733 3235 2789 Dominus
3267 2730 3519 2802 populum
3552 2727 3606 2785 in
3640 2740 3731 2783 so-

2151 2829 2325 2884 litaria
2348 2829 2465 2885 loca
2493 2845 2523 2883 a
2571 2825 2958 2883 consuetudine
3003 2826 3263 2881 malorum
3280 2822 3553 2880 hominum
3592 2820 3726 2877 libe-

2154 2938 2278 2976 rans
2321 2921 2524 2988 educit,
2584 2934 2692 2990 quo
2720 2919 2896 2990 magis
2953 2919 3056 2973 illis
3080 2919 3403 2989 prodesset:
3433 2914 3574 2971 sicut
3598 2912 3727 2969 etin

2153 3011 2318 3068 Veteri
2372 3009 2488 3083 lege
2540 3010 2736 3066 fecisse
2790 3020 3032 3081 apparet.
3086 3007 3307 3065 Eduetis
3362 3005 3505 3064 enim
3531 3004 3637 3060 illis
3663 3018 3727 3059 ex

2152 3104 2411 3177 Egypto,
2461 3104 2514 3159 in
2578 3102 2869 3159 solitudine
2914 3102 3116 3173 aptavit
3138 3109 3195 3156 et
3227 3098 3478 3155 formavit
3504 3094 3607 3153 sibi
3639 3112 3734 3166 pu-

465 3189 704 3302 ῗοιήσας
740 3192 1026 3302 φαίνεται,
1078 3194 1365 3265 ἐξαγαγὼν
1424 3198 1525 3268 μὲν
1586 3199 1686 3271 τῆς
1742 3201 2045 3270 Αἰγύπτου,

2155 3198 2358 3268 pulum,
2384 3195 2558 3251 dando
2589 3195 2665 3252 illi
2697 3195 2895 3273 legem.
2926 3195 3157 3253 Attende
3187 3203 3365 3250 autem
3393 3200 3449 3248 et
3469 3190 3733 3249 secessio-

464 3281 525 3335 ἐν
576 3282 768 3355 ἔρήμω
814 3282 872 3341 δὲ
919 3284 1264 3344 διαπλάττων
1311 3287 1403 3341 τὸν
1458 3288 1585 3343 λαὸν
1630 3290 1725 3345 καὶ
1767 3292 2046 3363 ῥυθμίζων

466 3372 555 3430 διὰ
596 3373 691 3429 τοῦ
714 3376 900 3447 ,νόμον
930 3376 1111 3434 δοῦναι
1169 3379 1338 3451 αὐτῷ.
1388 3381 1588 3437 Σκόπει
1630 3383 1687 3437 δὲ
1734 3383 1829 3439 καὶ
1874 3401 2043 3440 πνευ-

468 3467 718 3537 ματικῶς
750 3467 1082 3541 τελουμένην
1123 3472 1224 3543 τὴν
1257 3473 1611 3545 ὑποχώρησιν
1642 3475 1737 3531 τοῦ
1778 3476 2042 3548 Χριστοῦ.

464 3558 770 3631 Ἀναχωρεῖ
799 3561 898 3630 μὲν
925 3559 1038 3632 γάρ
1065 3563 1129 3621 ἐκ
1152 3561 1262 3616 τῶν
1306 3564 1569 3635 Ἱεροσολύ
1580 3582 1721 3635 μων,
1760 3567 2037 3634 τουτέστι,

464 3649 561 3704 τοῦ
613 3649 907 3708 Ἰουδαϊκοῦ
958 3653 1089 3712 λαοῦ
1113 3670 1128 3691 ν
1176 3656 1259 3719 είς
1306 3656 1474 3713 τόπον
1523 3656 1580 3712 δὲ
1619 3658 1804 3730 πηγάς
1850 3658 2044 3730 έχοντα

468 3740 811 3812 μεθίσταται,
834 3743 934 3814 τὴν
953 3744 1195 3810 ὲξὲθνῶν
1219 3738 1421 3820 δηλαδὴ
1440 3747 1802 3822 νἘκκλησίαν,
1818 3752 1916 3821 τὴν
1944 3750 2042 3815 τὰς

471 3838 654 3909 πηγάς
684 3838 916 3912 ἔχουσαν
939 3842 1033 3897 τοῦ
1059 3843 1457 3915 βαπτίσματος.
1491 3846 1601 3901 Καὶ
1620 3847 1686 3918 δὴ
1715 3847 2048 3918 προσέρχον-

465 3947 559 3986 ται
593 3933 742 4005 αύτῷ
774 3937 955 3991 πολλοὶ
981 3937 1465 4010 διαπεραιούμενοι
1495 3940 1586 3995 τὸν
1625 3940 1923 4014 Ἰορδάνην,
1955 3940 2049 3996 καὶ

467 4023 561 4080 διὰ
589 4025 681 4081 τοῦ
713 4027 1089 4100 βαπτίσματος
1114 4031 1475 4105 διερχόμενοι.
1525 4032 1598 4087 Τὸ
1645 4033 1754 4106 γὰρ
1798 4052 1819 4086 l-
1876 4031 2050 4103 πέραν

2150 3306 2273 3344 nem
2298 3288 2518 3355 Christi,
2552 3304 2671 3360 qua:
2700 3287 3052 3358 spiritualiter
3093 3286 3171 3343 ﬁt.
3196 3285 3329 3342 Nam
3354 3285 3559 3346 secedit
3594 3283 3732 3356 qui-

2150 3382 2270 3439 dem
2300 3380 2368 3437 ab
2390 3380 2797 3452 Hierosolymis,
2823 3381 2924 3436 hoc
2951 3388 3053 3448 est,
3081 3378 3304 3441 Judaico
3324 3378 3546 3450 populo,
3571 3377 3626 3433 in
3649 3370 3732 3429 lo-

2150 3492 2271 3531 rum
2323 3485 2501 3531 autem
2534 3475 2732 3537 transit
2767 3475 3053 3531 habentem
3101 3473 3294 3541 fontes,
3326 3470 3622 3528 Ecclesiam
3655 3471 3734 3525 vi-

2151 3566 2344 3627 delicet
2370 3583 2436 3623 ex
2471 3566 2737 3639 gentibus,
2762 3568 2815 3623 in
2843 3582 2946 3637 qua
2982 3566 3158 3622 fontes
3181 3564 3538 3636 baptismatis.
3576 3560 3730 3618 Unde

2152 3659 2298 3714 mulli
2324 3668 2672 3725 accesserunt
2700 3660 2764 3719 ad
2786 3674 2935 3723 eum,
2963 3677 2983 3712 ι
3011 3658 3298 3714 Jordanem
3326 3662 3722 3718 transeuntes,»

2146 3751 2198 3808 id
2250 3760 2335 3809 est
2390 3749 2674 3821 baptisma.
2715 3749 2846 3805 Nam
2880 3750 3217 3809 transmissio
3245 3746 3501 3804 Jordanis
3550 3744 3722 3816 signi-

2150 3842 2271 3898 ﬁcat
2317 3843 2658 3912 baptismatis
2713 3843 3021 3901 transitum.
3064 3838 3178 3894 Non
3226 3839 3383 3895 aliter
3436 3836 3580 3894 enim
3609 3836 3732 3907 quis

2152 3939 2363 3997 accedit
2413 3940 2480 3995 ad
2533 3935 2739 4001 Jesum,
2765 3948 2819 3995 et
2857 3952 2987 3994 vere
3017 3938 3076 3992 ﬁt
3110 3934 3304 4005 ﬁdelis,
3329 3933 3431 3990 nisi
3467 3932 3729 4004 baptisma

2154 4038 2419 4096 transeat,
2457 4032 2600 4103 quod
2636 4046 2733 4102 per
2763 4029 3053 4091 Jordanem
3085 4026 3441 4100 signiﬁcatur.
3528 4084 3533 4089 _

468 4120 566 4175 τοῦ
616 4120 919 4193 Ἰορδάνου,
955 4143 975 4177 ι
1011 4125 1171 4183 τοῦτο
1204 4125 1387 4197 δηλοῖ,
1416 4126 1515 4201 τὴν
1559 4129 1651 4185 διὰ
1680 4126 1775 4182 τοῦ
1808 4126 2186 4198 βαπτίσματος
2211 4122 2356 4194 λέγω
2384 4123 2573 4201 δίοδον.
2610 4126 2724 4178 Οὐκ
2756 4124 2929 4187 άλλως
2997 4122 3108 4193 γάρ
3170 4138 3256 4185 τις
3316 4118 3535 4193 ἔρχεται
3595 4115 3730 4191 πρὸς

468 4216 567 4273 τὸν
612 4219 840 4288 Ἰησοῦν,
890 4221 986 4277 καὶ
1014 4222 1233 4294 άληθῶς
1273 4225 1464 4289 πιστὸς
1509 4225 1751 4294 γίνεται,
1795 4226 1843 4281 εί
1877 4225 1953 4297 μὴ
1982 4223 2041 4278 τὸ
2079 4220 2362 4296 βάπτισμα
2387 4220 2608 4289 διέλθοι,
2641 4221 2671 4276 ὃ
2694 4221 2784 4277 διὰ
2804 4219 2899 4275 τοῦ
2938 4217 3207 4291 Ἰορδάνου
3232 4214 3512 4285 δηλοῦται.

1058 4385 1311 4440 ΚΕΦΛΛ.
1377 4385 1482 4442 1Α’.

2076 4391 2135 4456 Ι)

2746 4383 2976 4447 CAPUT
3036 4381 3130 4439 Xl.

469 4495 614 4574 Περὶ
661 4494 777 4574 τῆς
802 4495 1090 4574 ἐγέρσεςως
1113 4499 1249 4574 ,τοῦ
1278 4500 1569 4571 Λαζὶἱρου.
1606 4503 1753 4574 Περὶ
1796 4503 1906 4574 τῆς
1929 4504 2047 4559 τῶν

2158 4504 2233 4563 De
2259 4507 2595 4560 suscitatione
2628 4503 2841 4557 Lazari.
2875 4501 3151 4574 Quomodo
3188 4498 3471 4574 consilium
3497 4497 3729 4574 inierunt

540 4566 864 4647 ἀρχιερέων
908 4566 1015 4647 zeal
1066 4569 1184 4647 τῷν
1218 4566 1572 4647 ⁸«ξιαριο-ἱιίιιηι·
1621 4566 2053 4647 βὸρλῆξπερί

542 4636 660 4714 τοῦ
679 4636 1033 4714 ᾀποκτεῖναι
1070 4641 1179 4695 τὸν
1217 4636 1481 4711 Ἰησοῦν.
1514 4636 1653 4714 Περὶ
1690 4640 1776 4702 ὧν
1805 4636 1999 4702 εἴπηθ’
2017 4649 2051 4701 ό

543 4706 837 4777 Καϊάφας.

553 4863 572 4896 σ
607 4839 719 4899 Ἦν
750 4845 809 4899 δέ
833 4863 916 4910 τις
945 4846 1190 4902 ἀσθενῶν
1220 4849 1489 4921 Λάζαρος,
1519 4851 1629 4905 ἀπό
1661 4849 1954 4921 Βηθανίας,
1982 4851 2047 4905 ἐκ
2120 4818 2125 4823 ’

472 4935 572 5006 τῆς
600 4937 796 5009 κώμης
819 4939 1039 5008 Μαρίας
1067 4941 1164 4994 καὶ
1198 4941 1431 5013 Μάρθας
1459 4945 1558 5015 τῆς
1590 4944 1829 5016 ἀδελφῆς
1852 4944 2044 5016 αὐτῆς.

471 5022 583 5080 Ἦν
628 5028 686 5082 δὲ
714 5030 905 5103 Μαρία
940 5032 975 5104 η
1028 5032 1295 5103 ἀλείψασα
1343 5035 1433 5091 τδν
1482 5036 1689 5109 Κύριον
1730 5037 1912 5110 μύρῳ,
1955 5037 2050 5095 καὶ

478 5119 763 5189 εκμάξασά
795 5122 922 5186 τοὺς
954 5122 1119 5187 πόδας
1146 5125 1312 5183 αὑτοῦ
1350 5127 1472 5191 ταῖς
1505 5127 1683 5201 θριξὶν
1726 5130 1948 5200 ἑαυτῆς,
1982 5124 2049 5204 ἦς

479 5212 501 5264 5
550 5211 777 5281 ἀδελφὸς
821 5213 1072 5288 Λάζαρος
1132 5218 1373 5287 ἠσθένει.
1436 5220 1792 5277 Ἀπέστειλαν
1848 5217 1942 5277 οῦν
1991 5224 2049 5278 αἱ

481 5304 704 5377 ἀδελφαὶ
736 5306 874 5377 πρὸς
902 5308 1065 5363 αὑτὸν
1090 5309 1379 5379 λέγουσαι*
1420 5311 1617 5385 Κύριε,
1650 5314 1748 5382 ἴδε,
1784 5313 1843 5370 ὃν
1874 5316 2050 5384 φιλεῖς

479 5396 713 5455 ἀσθενεῖ.
748 5418 767 5452 ι
801 5399 981 5464 Μόνος
1010 5400 1109 5473 μὲν
1153 5403 1405 5475 Ἰωάννης
1435 5407 1532 5461 καὶ
1556 5406 1761 5478 ταύτης
1779 5407 1880 5479 τῆς
1910 5407 2051 5462 ίστο-

480 5487 601 5561 ρίας
623 5488 922 5563 μέμνηται.
950 5484 1255 5567 ’Μέμνηται
1277 5496 1334 5550 δὲ
1356 5496 1449 5551 διά
1474 5497 1535 5553 τὸ
1557 5498 1846 5556 παιδεῦσαι
1875 5499 2045 5572 ἡμᾶς,

481 5578 556 5652 μὴ
578 5579 972 5654 δυσχεραίνειν,
1000 5585 1094 5639 ἐάν
1122 5604 1206 5651 τις
1236 5587 1491 5645 ἀσθένεια
1516 5591 1742 5663 γένηται
1770 5590 1898 5664 περὶ
1919 5591 2048 5656 τοὺς

482 5675 801 5739 σπουδαίους
835 5678 932 5735 καὶ
963 5677 1231 5749 θεοφιλεῖς
1258 5679 1480 5754 ἄνδρας,
1507 5684 1631 5739 ἐπεὶ
1660 5685 1752 5738 καὶ
1767 5683 2045 5755 Λάζαρος,

480 5764 551 5821 ὢν
580 5766 675 5822 τοῦ
705 5769 942 5840 Χριστοῦ
974 5772 1155 5841 φίλος,
1206 5773 1444 5845 ἠσθένει.
1484 5775 1603 5849 Χρὴ
1654 5776 1712 5832 δὲ
1753 5777 1848 5832 καὶ
1887 5775 2048 5832 τοῦτο

482 5857 556 5929 μὴ
583 5858 821 5930 ἀγνοεῖν,
849 5861 931 5916 ὅτι
962 5862 1065 5917 οὐκ
1091 5857 1160 5933 ἦν
1190 5864 1380 5937 Μαρία
1419 5865 1556 5939 αὕτη
1589 5870 1623 5939 ἡ
1661 5867 1932 5940 ἀλείψασα
1955 5869 2047 5925 τὸν

2223 4578 2416 4630 stunmr'
2456 4575 2752 4628 sacerdotes
2795 4583 2843 4627 et
2871 4566 3130 4629 Pharisa'i
3166 4573 3230 4626 de
3255 4572 3537 4629 occidendo
3571 4566 3726 4621 Chri-

2223 4659 2325 4701 sto.
2356 4647 2427 4701 De
2446 4647 2719 4716 praphetia
2747 4643 3002 4712 Caipluc.
3114 4660 3117 4661 '

2230 4849 2397 4913 Vens.
2458 4850 2578 4907 1.5.
2617 4867 2637 4903 ι
2681 4834 3005 4921 Egrotabat
3049 4856 3229 4902 autem
3256 4846 3474 4917 quidam
3510 4844 3730 4901 nomine

2154 4948 2413 5017 Lazarus,
2448 4943 2847 5012 Bethanicnsis,
2894 4959 2923 4997 a
2960 4942 3183 5003 castello
3213 4941 3401 4998 Maria:
3428 4939 3730 4998 ctblarthie

2153 5039 2312 5111 hujus
2358 5037 2585 5096 sororis.
2645 5035 2817 5092 Maria
2851 5045 3030 5091 autem
3066 5047 3185 5091 erat
3212 5050 3274 5091 ea
3299 5050 3418 5106 quae
3445 5034 3597 5088 unxit
3627 5033 3732 5087 Do-

2155 5133 2360 5189 minum
2413 5138 2709 5202 unguento,
2758 5136 2814 5184 et
2876 5128 3102 5189 extersit
3159 5127 3323 5197 pedes
3347 5125 3463 5193 ejus
3519 5124 3731 5194 capillis

2152 5223 2290 5291 suis,
2352 5221 2507 5291 cujus
2561 5220 2727 5276 frater
2780 5219 3016 5276 Lazarus
3092 5219 3407 5290 aegrotabat.
3462 5216 3728 5273 Miserunt

2149 5315 2496 5390 655.crgo
2545 5328 2762 5372 sorores
2833 5313 2899 5369 ad
2950 5328 3092 5377 eum,
3148 5313 3387 5369 dicentes
3430 5327 3445 5366 :
3486 5310 3729 5376 Domine,

2155 5421 2306 5476 ecce,
2344 5420 2503 5476 quem
2533 5420 2684 5461 amas
2714 5413 2965 5474 aegrotat.
3004 5422 3023 5455 ι
3061 5401 3219 5461 Solus
3259 5402 3473 5472 quidem
3496 5399 3731 5458 Joannes

2155 5499 2314 5572 hujus
2343 5498 2410 5554 de
2437 5497 2646 5553 Lazaro
2675 5497 2921 5552 meminit
2944 5495 3205 5553 historiae.
3244 5495 3488 5561 Meminit
3522 5510 3725 5565 autem,

2152 5605 2212 5651 ut
2243 5592 2347 5649 nos
2390 5592 2605 5649 erudiat
2671 5607 2739 5647 ne
2788 5592 2907 5662 quis
2958 5591 3221 5663 gravatim
3259 5588 3419 5659 lerat,
3449 5593 3494 5649 si
3526 5592 3651 5649 boni
3674 5602 3731 5648 et

2155 5685 2265 5742 Deo
2319 5683 2481 5741 amici
2532 5683 2636 5740 viri
2692 5683 2881 5741 morbo
2910 5691 3215 5750 teneantur,
3248 5684 3370 5755 quia
3403 5693 3458 5741 et
3484 5683 3728 5741 Lazarus

2150 5791 2271 5832 cum
2320 5784 2467 5833 esset
2521 5774 2729 5831 amicus
2779 5772 3001 5842 Christi,
3049 5776 3352 5846 aegrotavit.
3412 5775 3594 5848 Neque
3623 5777 3728 5833 hoc

2149 5869 2505 5940 ignorantium
2545 5876 2649 5937 est,
2678 5867 2822 5938 quod
2849 5883 2955 5927 non
2982 5878 3099 5927 erat
3129 5870 3229 5926 ista
3257 5869 3424 5927 Maria
3455 5885 3574 5930 uitae
3594 5904 3603 5909 -
3623 5887 3727 5926 un-
