4060 6640
330 522 399 585 89
984 517 1426 581 ENARRATIO
1462 521 1544 582 IN
1582 519 2080 583 EVANGELIUM
2117 522 2460 586 JOANNIS.
2490 548 2559 562 ·-
2593 525 2752 588 CAP.
2793 525 2899 588 Χῐ.
3518 525 3592 588 90

329 632 579 702 Λάζαρος
598 646 614 660 ·
669 629 806 685 άλλᾶ
838 627 1037 701 συνέϐη
1089 629 1194 699 μὲν
1222 629 1499 701 ἑτέρωθεν
1524 631 1557 702 ή
1587 629 1872 703 ἀρρωστία
1890 670 1906 694 ,

2027 634 2315 704 exspiraret
2364 645 2419 690 et
2469 635 2824 706 sepeliretur;
2877 651 2946 692 ne
3019 634 3145 703 quis
3187 635 3369 696 dicere
3423 631 3592 708 pos.“

329 724 602 793 ἐχρήσατο
626 722 683 776 δέ
711 723 739 776 ό
767 721 972 794 Κύριος
998 721 1136 793 αὑτῇ
1159 722 1240 786 είς
1261 722 1420 787 δόξαν
1444 721 1602 782 Θεοῦ.
1636 741 1654 775 ι
1689 723 1915 792 Ἔμεινε

2027 725 2166 796 quod
2195 725 2439 792 gravatio
2488 725 2736 796 quaedam
2774 725 2959 792 fuerit,
2990 726 3308 797 deliquium,
3359 728 3440 782 vel
3491 744 3590 784 ex-

329 815 386 868 δέ
420 813 640 883 ἡμέρας
689 812 802 877 δύο,
843 830 862 864 ι
919 813 1009 867 (va:
1041 812 1292 884 ἀποψύξῃ
1314 831 1328 845 ο
1363 814 1451 867 ἵνα
1478 813 1664 885 μηδεὶς
1697 812 1794 885 ἔχῃ
1826 812 1914 867 λέ-

333 921 474 970 γειν,
503 905 590 956 ὅτι
622 903 792 974 κάρος
820 899 910 974 ἦν,
942 904 1024 958 ὅτι
1054 904 1273 967 ἔκλυσις
1295 900 1383 975 ἦν,
1419 906 1500 959 ὃτι
1528 906 1756 975 κάτοχος
1783 903 1910 973 ἐγέ-

330 1012 475 1057 νετο,
495 995 596 1048 «καὶ
616 995 716 1048 οὑκ
739 994 1000 1050 ἀπέθανε.
1026 995 1124 1050 Διὰ
1147 995 1309 1050 τοῦτο
1333 996 1430 1050 κα)⁸
1451 997 1642 1068 χρόνον
1664 995 1916 1050 τοσοῦτον

337 1087 513 1156 μένει,
551 1086 693 1140 ὥστε
739 1088 834 1140 καὶ
883 1086 1090 1158 φθορὰν
1131 1087 1414 1158 γενέσθαι,
1457 1089 1552 1144 καὶ
1591 1089 1765 1144 εἰπεῖν
1815 1088 1916 1158 τὴν

333 1172 592 1249 ἀδελφὴν,
627 1178 710 1231 ὅτι
747 1196 766 1230 ι
801 1178 938 1243 ὄζει.
981 1197 1002 1232 ι

417 1289 440 1323 c
479 1272 710 1324 Ἔπειτα
737 1271 875 1341 μετὰ
901 1271 1057 1326 τοῦτο
1081 1271 1231 1342 λέγει
1252 1273 1368 1337 τοῖς
1401 1273 1670 1344 μαθηταῖς
1691 1290 1706 1304 °
1739 1273 1918 1344 Ἀγω-

342 1379 443 1433 μεν
473 1363 552 1423 είς
587 1361 685 1434 τὴν
739 1363 996 1417 Ἰουδαίαν
1027 1365 1211 1419 πάλιν.
1251 1366 1518 1434 Λέγουσιν
1546 1366 1695 1436 αὑτῷ
1726 1367 1775 1418 οί
1811 1384 1917 1436 μα-

343 1455 504 1524 θηταί
527 1471 540 1486 ·
587 1454 828 1519 Ῥαϐϐεί,
859 1457 953 1508 νῦν
989 1458 1216 1528 ἐζήτουν
1239 1475 1298 1512 σε
1321 1459 1370 1512 οἱ
1409 1459 1654 1512 Ἰουδαῖοι
1678 1457 1914 1526 λιθάσαι,

341 1550 436 1604 καὶ
467 1551 627 1604 πάλιν
653 1551 884 1620 ὑπάγεις
916 1554 1062 1619 ἐκεῖ;
1107 1553 1410 1627 Ἀπεκρίθη
1440 1555 1468 1608 ό
1511 1553 1715 1625 Ἰησοῦς
1741 1572 1756 1586 ο
1785 1556 1919 1626 Οὐχὶ

340 1640 548 1696 δώδεκα
576 1637 715 1716 ὧραί
743 1647 848 1697 είσι
878 1645 975 1715 τῆς
1002 1646 1249 1718 ήμέρας;
1289 1647 1416 1701 Ἐάν
1439 1665 1526 1711 τις
1553 1651 1829 1720 περιπατῇ
1862 1650 1919 1702 ἐν

340 1735 407 1804 τῇ
466 1735 673 1806 ἡμέρᾳ,
713 1736 772 1789 οὑ
832 1738 1186 1808 προσκόπτει,
1223 1739 1305 1792 ὅτι
1347 1739 1406 1792 τὸ
1437 1740 1554 1807 φῶς
1577 1739 1672 1793 τοῦ
1707 1740 1917 1811 κόσμου

338 1827 532 1880 τούτου
585 1828 795 1898 βλέπει.
839 1829 965 1884 Ἐὰν
1000 1830 1056 1886 δέ
1080 1848 1164 1897 τις
1189 1835 1466 1903 περιπατῇ
1515 1833 1573 1885 ἐν
1621 1834 1688 1903 τῇ
1735 1834 1914 1898 νυκτὶ,

341 1920 702 1988 προσκόπτει,
745 1923 828 1975 ὅτι
857 1925 917 1976 τὸ
944 1924 1060 1992 φῶς
1087 1923 1188 1978 οὑκ
1217 1924 1364 1978 ἐστιν
1389 1926 1447 1980 ἐν
1483 1924 1651 1995 αὑτῷ.
1688 1943 1708 1977 ι
1745 1925 1918 1980 Οὑδαο

343 2012 448 2083 μοῦ
485 2013 584 2083 μὲν
612 2014 846 2084 ἀλλαχοῦ
871 2018 1156 2088 προεῖπεν,
1183 2017 1316 2071 ὅπου
1351 2017 1535 2087 μέλλει
1561 2017 1914 2088 πορεύεσθαι,

340 2102 580 2157 ἐνταῦθα
625 2105 684 2157 δὲ
730 2106 893 2176 μόνον
928 2106 1181 2176 φαίνεται
1212 2108 1519 2179 προλέγων,
1571 2107 1758 2180 ἐπειδὴ
1805 2109 1920 2162 ἐδε-

339 2191 616 2247 δοίκεισαν
654 2195 858 2266 σφόδρα
893 2199 942 2250 οἰ
990 2199 1230 2270 μαθηταὶ
1262 2201 1323 2253 τὸ
1366 2201 1447 2263 είς
1497 2200 1594 2267 τὴν
1661 2200 1921 2255 Ἰουδαίαν

340 2283 626 2340 ἀπελθεῖν.
653 2287 751 2340 Διὰ
780 2287 936 2341 τοῦτο
965 2286 1058 2343 οῦν
1087 2291 1367 2363 προλέγει,
1399 2292 1490 2345 ἴνα
1523 2292 1597 2363 μὴ
1628 2293 1710 2364 τῷ
1739 2294 1920 2366 ἀθρόῳ

341 2375 803 2446 διαταραχθῶσιν,
842 2379 1100 2452 ἐξαίφνης
1143 2383 1483 2454 ἀπαγόμενοι
1510 2387 1588 2449 είς
1611 2385 1818 2456 χώραν,
1853 2387 1922 2457 ἥν

343 2465 722 2523 ἐδεδοίκεισαν.
787 2470 942 2524 Ἐπεὶ
977 2467 1070 2525 οὖν
1111 2473 1405 2543 ἐφοϐοῦντο
1448 2476 1540 2528 καὶ
1579 2476 1719 2546 ὑπὲρ
1752 2476 1920 2530 αὑτοῦ

346 2556 449 2627 μὲν
507 2556 701 2627 (οὔπω
750 2563 858 2631 γὰρ
916 2561 1134 2617 τελείαν
1188 2561 1289 2634 τὴν
1321 2563 1452 2636 περὶ
1503 2564 1668 2618 αὑτοῦ
1719 2566 1924 2635 γνῶσιν

344 2642 547 2718 εἶχον),
573 2649 636 2703 τὸ
684 2650 740 2704 δὲ
786 2652 948 2706 πλέον
975 2655 1114 2726 ὑπὲρ
1164 2655 1397 2724 ἐαυτῶν,
1431 2660 1613 2728 φασιν,
1639 2658 1722 2712 ὅτι
1751 2676 1772 2710 ι
1805 2656 1923 2713 Νῦν

344 2740 574 2810 ἐζήτουν
609 2760 669 2796 σε
719 2745 769 2797 οί
808 2745 1047 2799 Ἰουδαῖοι
1096 2747 1335 2816 λιθάσαι,
1369 2748 1465 2802 καὶ
1498 2749 1660 2802 πάλιν
1695 2749 1926 2819 ὑπάγεις

345 2833 489 2899 ἐκεῖ;
533 2853 554 2886 ι
600 2836 659 2889 '0
690 2835 746 2889 δὲ
794 2838 1212 2912 παραθαρῤύνει
1238 2839 1456 2907 αὑτοὺς,
1503 2842 1598 2896 καί
1625 2858 1811 2912 φησιν,
1841 2844 1927 2897 ὅτι

347 2926 564 2998 Ὠσπερ
585 2929 614 2981 6
635 2928 697 2981 τὸ
720 2929 837 2999 φῶς
865 2929 1076 3000 βλέπων
1098 2931 1159 2985 οὑ
1182 2933 1532 3003 προσπταίει,
1558 2935 1586 2986 6
1604 2933 1660 2986 δὲ
1687 2936 1744 2989 ἐν
1772 2936 1925 2990 νυκτὶ

351 3018 698 3088 περιπατῶν,
759 3021 965 3085 ἐκεῖνος
1014 3024 1382 3093 προσκόπτει·
1435 3024 1608 3083 οὑτως
1639 3028 1669 3080 6
1722 3027 1820 3098 μὲν
1863 3026 1927 3082 τὸ

349 3108 559 3176 ἀγαθὸν
591 3110 783 3175 ποιῶν,
830 3112 926 3166 καὶ
971 3113 1030 3166 ἐν
1065 3118 1343 3183 φωτεινοῖς
1369 3115 1550 3186 ἔργοις
1581 3118 1925 3189 περιπατῶν,

345 3200 500 3254 οὐδὲν
554 3202 801 3258 πείσεται
865 3205 1066 3260 δεινόν·
1127 3209 1156 3260 6
1204 3208 1262 3262 δὲ
1313 3207 1382 3262 τὰ
1440 3207 1622 3278 φαῦλα
1667 3211 1929 3282 πράσσων

346 3293 594 3347 πείσεται
617 3293 810 3350 δεινόν.
844 3296 1006 3351 Ὥστε
1032 3297 1174 3368 ὑμᾶς
1201 3299 1260 3353 οὑ
1293 3301 1398 3372 χρὴ
1424 3301 1746 3357 δεδοικέναιο
1771 3304 1923 3358 οὐδὲν

344 3386 454 3458 γὰρ
491 3388 642 3454 ἄξιον
667 3387 898 3443 θανάτου
940 3391 1275 3463 ἐπράξαμεν.
1319 3393 1388 3448 Ἣ
1420 3396 1510 3448 καὶ
1540 3395 1713 3459 ἄλλως
1733 3412 1750 3429 ⁸
1781 3397 1846 3450 Ei
1889 3400 1916 3452 6

346 3480 409 3532 τὸ
437 3479 576 3546 φῶς,
610 3482 763 3550 φησι,
795 3482 1009 3552 βλέπων
1036 3483 1214 3550 τοῦτο,
1251 3487 1312 3540 οὐ
1353 3491 1706 3561 προσκόπτει,
1741 3490 1920 3563 πολλῴ

350 3571 556 3640 μᾶλλον
588 3575 616 3625 6
650 3574 767 3642 μετ’
818 3573 953 3644 ἐμοῦ
993 3575 1088 3640 ὢν,
1141 3577 1238 3632 ἐὰν
1289 3578 1364 3650 μὴ
1410 3583 1698 3656 ἀποστήσῃ
1731 3585 1922 3638 ἑαυτὸν

346 3662 506 3734 ἐμοῦ,
535 3665 637 3718 οὑκ
685 3665 751 3718 ἂν
786 3668 1094 3740 προσκόψῃ.
1131 3670 1296 3724 Ὥστε
1325 3672 1419 3727 καλ⁵
1451 3674 1607 3744 ὑμεῖς
1637 3678 1754 3746 μετ’
1789 3677 1922 3747 ἐμοῦ

348 3755 446 3808 τοῦ
473 3755 653 3824 φωτὸς
678 3757 852 3823 ὄντες,
881 3761 1056 3830 μάτην
1083 3762 1380 3820 δεδοίκατε.
1411 3767 1596 3822 ’Ἄλλοι
1629 3768 1686 3822 δὲ
1713 3770 1925 3841 ἡμέραν

351 3846 452 3915 μὲν
477 3847 660 3902 νοοῦσι
692 3849 782 3903 τὸν
821 3853 926 3922 πρὸ
955 3852 1049 3906 τοῦ
1077 3855 1282 3919 πάθους
1315 3857 1528 3929 καιρὸν,
1552 3858 1724 3915 νύκτα
1746 3861 1804 3914 δὲ
1834 3862 1926 3915 τὸν

347 3937 444 3991 τοῦ
499 3939 726 4004 πάθους.
787 3942 977 4013 Ὑμεῖς
1027 3941 1147 4012 οῦν,
1175 3946 1364 4017 φησιν,
1408 3948 1513 4013 ἕως
1542 3951 1727 4023 ἡμέρα
1755 3954 1924 4018 ἐστὶν,

347 4032 650 4098 τουτέστιν,
676 4034 780 4098 ἕως
808 4034 960 4090 οὑπω
988 4039 1020 4091 6
1045 4037 1140 4092 τοῦ
1171 4039 1379 4104 πάθους
1410 4043 1600 4114 καιρὸς
1617 4044 1832 4115 ἐνέστη,
1866 4045 1928 4098 οὑ

353 4126 799 4200 μὴπροσκόψητε
822 4147 836 4161 ·
861 4131 922 4183 οὑ
949 4131 1055 4204 γὰρ
1077 4132 1442 4205 διωχθήσεσθε
1470 4137 1620 4208 παρη
1640 4139 1927 4206 Ἰουδαίων,

348 4216 475 4270 οὔτε
515 4219 642 4271 ἄλλο
695 4221 941 4287 ἀντίξουν
983 4222 1115 4292 ὑμῖν
1169 4225 1541 4296 ἀπαντήσεται
1573 4225 1653 4299 [Ῑ.
1681 4229 1929 4301 ἀπαντή-

351 4323 476 4360 σετε
572 4307 741 4362 Ὀταν
783 4308 840 4361 δὲ
877 4311 911 4380 ἡ
958 4311 1054 4375 νὺξ
1083 4311 1234 4384 ἔλθῃ,
1264 4313 1325 4366 τὸ
1377 4314 1545 4379 πάθος
1593 4315 1657 4384 δή
1687 4333 1830 4385 φημι
1869 4316 1931 4370 τὺ

348 4399 508 4466 ἐμὸν,
559 4399 680 4452 τότε
721 4400 784 4470 δὴ
816 4402 1216 4472 συσταλήσεσθε
1256 4404 1355 4475 μὲν
1385 4407 1444 4459 ἐν
1472 4406 1700 4478 οίκίσκῳ
1738 4408 1818 4462 ἑνὶ
1844 4409 1932 4463 διὰ

347 4491 442 4543 τὸν
489 4491 654 4559 φόϐον
679 4491 784 4546 τῶν
827 4494 1112 4549 Ἰουδαίων.
1162 4514 1180 4546 ι
1215 4497 1442 4550 Ἔκτοτε
1484 4497 1540 4550 δὲ
1578 4498 1804 4569 θλίψεις,
1836 4500 1932 4555 καὶ

347 4577 565 4651 ὀδύνας,
618 4587 916 4640 καὶπολλὰ
963 4589 1365 4659 προσκόμματα
1415 4593 1508 4645 καὶ
1553 4592 1932 4664 ἐναντιώματα

2017 817 2172 885 tasis,
2211 827 2266 872 et
2307 834 2417 873 non
2461 817 2625 874 fuerit
2682 829 2946 878 mortuus.
2990 819 3056 874 Et
3101 830 3383 890 propterea
3443 831 3590 877 tanto

2019 915 2258 978 tempore
2282 921 2483 975 manet,
2536 917 2597 964 ιιι
2643 919 2698 964 ει
2749 919 3205 980 corrumperetur,
3283 911 3592 983 diceretque

2017 1014 2172 1056 soror
2198 1000 2347 1056 illum
2386 1019 2405 1054 ι
2452 1000 2646 1058 fetere.
2695 1020 2720 1056 ι

2090 1277 2260 1334 Vsus.
2294 1279 2450 1334 7-l0.
2497 1298 2516 1333 ι
2555 1279 2761 1336 Deinde
2788 1289 2908 1350 post
2959 1281 3061 1338 hoc
3098 1283 3229 1339 dicit
3267 1284 3542 1354 discipulis
3576 1301 3590 1340 :

2021 1369 2220 1427 Eamus
2269 1372 2323 1427 in
2369 1371 2606 1428 Judzeam
2661 1373 2880 1428 iterum.
2935 1373 3131 1429 Dicunt
3184 1375 3234 1430 ei
3294 1375 3594 1444 discipuli:

2019 1466 2220 1529 Rabbi,
2249 1465 2410 1525 modo
2433 1465 2745 1536 quaerebant
2773 1474 2827 1521 te.
2851 1464 3020 1522 Judaei
3041 1468 3300 1536 lapidare,
3328 1478 3383 1522 et
3401 1469 3595 1522 iterum

2019 1551 2174 1607 vadis
2205 1549 2370 1604 illuc?
2400 1550 2695 1618 Respondit
2717 1549 2902 1606 Jesus:
2942 1550 3132 1607 Nonne
3157 1552 3438 1607 duodecim
3469 1561 3600 1606 sunt

2019 1643 2170 1699 hora:
2210 1643 2354 1698 diei?
2383 1641 2429 1698 si
2450 1643 2573 1713 quis
2601 1642 2961 1698 ambulaverit
2993 1644 3050 1699 in
3073 1643 3179 1708 die,
3210 1659 3316 1698 non
3349 1642 3628 1710 otIentlit,.

2019 1735 2148 1806 quia
2173 1734 2346 1790 lucem
2375 1733 2536 1804 bujus
2568 1734 2751 1789 mundi
2786 1735 2954 1790 videt.
2986 1734 3040 1788 Si
3069 1736 3190 1805 quis
3211 1744 3391 1791 autem
3416 1737 3604 1790 ambu-

2023 1829 2209 1884 laverit
2229 1828 2284 1882 in
2325 1835 2504 1890 nocte,
2535 1825 2778 1892 oﬂ‘endit,
2826 1826 2954 1897 quia
2990 1825 3079 1882 lux
3104 1841 3211 1881 non
3243 1834 3327 1882 est
3350 1827 3404 1881 in
3460 1841 3547 1882 eo.
3575 1845 3595 1879 ι

2020 1917 2292 1988 Nusquam
2330 1920 2434 1973 alio
2485 1917 2604 1974 loco
2654 1918 2904 1989 praedicit
2943 1933 3051 1988 quo
3103 1919 3175 1974 sit
3226 1917 3600 1989 profecturus;

2025 2009 2114 2063 hic
2149 2018 2329 2064 autem
2364 2008 2537 2064 solum
2561 2009 2856 2078 praedicere
2883 2008 3124 2074 videtur,
3157 2011 3281 2080 quia
3337 2009 3489 2065 valde
3531 2010 3606 2064 ti-

2025 2106 2244 2158 mebant
2291 2101 2540 2173 discipuli
2589 2103 2644 2156 in
2669 2101 2906 2158 Iudaeam
2965 2101 3154 2158 ire.~Et
3185 2102 3606 2172 idcircoprmdi—

2022 2195 2118 2259 cit,
2143 2202 2300 2250 utne
2327 2195 2607 2264 repentina
2645 2196 2884 2252 abitione
2922 2195 3227 2264 turbentur,
3276 2197 3322 2251 si
3371 2196 3605 2252 abduce-

2023 2297 2214 2343 rentur
2251 2287 2304 2342 in
2353 2287 2628 2355 regionem
2688 2303 2850 2357 quam
2907 2288 3193 2344 timebant.
3251 2287 3422 2357 Igitur
3476 2287 3600 2358 quia
3717 2342 3719 2344 .

2023 2379 2285 2435 timebant
2313 2388 2368 2433 et
2389 2378 2604 2436 Christo
2635 2380 2852 2449 quidem
2886 2379 2943 2450 (ιι
2960 2381 3162 2435 oudum
3221 2381 3364 2435 enim
3423 2378 3605 2449 perfe-

2023 2481 2168 2528 ctam
2207 2473 2274 2527 de
2307 2472 2425 2542 ipso
2453 2474 2810 2541 cognitionem
2849 2473 3165 2540 habebant),
3216 2473 3384 2527 multo
3431 2473 3602 2540 magis

2025 2575 2206 2620 autem
2239 2564 2505 2634 sibiipsis,
2536 2565 2743 2629 dicunt,
2784 2584 2804 2618 ι
2835 2564 2991 2620 Modo
3017 2566 3327 2636 quaerebant
3356 2572 3408 2620 te
3431 2563 3602 2621 Judaei

2024 2655 2289 2725 lapidare,
2310 2665 2366 2711 et
2396 2657 2594 2711 iterum
2628 2655 2784 2710 vadis
2843 2654 3056 2711 illuc?»
3108 2655 3178 2711 At
3235 2655 3350 2725 ipse
3401 2656 3606 2710 animat

2025 2748 2146 2804 illos
2173 2756 2229 2802 et
2274 2747 2407 2803 dicit
2444 2764 2463 2804 :
2508 2745 2661 2803 Sicut
2688 2747 2781 2817 qui
2807 2746 2952 2802 videt
2978 2745 3176 2811 lucem,
3205 2761 3310 2801 non
3346 2745 3600 2810 oﬂ‘endit;

2028 2839 2122 2911 qui
2157 2847 2342 2895 autem
2373 2839 2426 2894 in
2445 2848 2607 2894 nocte
2657 2837 2919 2903 ambulat,
2955 2836 3044 2892 ille
3096 2836 3363 2892 offendit:
3422 2837 3494 2890 ita
3549 2846 3605 2892 et

2025 2935 2116 3004 qui
2147 2933 2346 2989 bonum
2415 2931 2566 2999 facit,
2595 2939 2652 2987 et
2690 2929 2744 2985 in
2784 2929 2976 2985 lucidis
3031 2930 3288 2998 operibus
3341 2929 3604 2992 ambulat,

2026 3025 2334 3096 nihilgrave
2355 3025 2696 3094 experietur;
2720 3022 2809 3090 qui
2827 3030 3007 3076 autem
3025 3021 3166 3076 mala
3182 3019 3330 3080 facit.
3351 3020 3604 3089 patietur.

2025 3117 2094 3172 Et
2122 3118 2196 3172 ita
2220 3132 2326 3172 uon
2355 3125 2568 3188 oportet
2601 3131 2701 3172 vos
2729 3115 3072 3172 meticulosos
3107 3129 3248 3171 esse.
3278 3112 3423 3168 Nihil
3453 3111 3598 3166 enim

2025 3218 2200 3265 morte
2221 3209 2440 3280 dignum
2466 3196 2716 3266 fecimus.
2741 3209 2836 3265 Vel
2862 3209 3024 3263 etiam
3052 3207 3252 3262 aliter:
3284 3205 3342 3260 Si
3411 3205 3457 3259 is
3509 3204 3602 3274 qui

2029 3301 2170 3356 videt
2199 3300 2384 3357 lumen
2430 3301 2554 3367 hoc,
2601 3314 2707 3356 non
2755 3299 3026 3355 offendit:
3071 3298 3242 3352 multo
3293 3296 3460 3367 magis
3509 3297 3632 3362 qui.

2025 3410 2235 3451 mecum
2269 3402 2372 3458 est,
2405 3394 2506 3449 nisi
2536 3409 2565 3447 a
2594 3408 2681 3449 me
2708 3391 2984 3459 defecerit,
3009 3407 3116 3448 nou
3147 3390 3388 3447 oﬂ‘endit.
3432 3390 3609 3458 Atque

2024 3489 2094 3543 ita
2118 3488 2282 3542 etiam
2324 3501 2419 3542 vos
2451 3501 2574 3541 cum
2606 3485 2727 3558 sitis
2769 3499 3002 3549 mecum,
3024 3486 3114 3554 qui
3149 3483 3327 3539 lumen
3363 3497 3482 3536 sum
3532 3480 3602 3546 ",

2026 3581 2222 3636 frustra
2264 3580 2489 3636 timetis.
2529 3578 2635 3634 Alii
2664 3588 2845 3634 autem
2876 3579 3016 3639 diem
3049 3577 3266 3647 quidem
3299 3574 3601 3641 intelligunt

2030 3686 2244 3744 tempus
2267 3684 2389 3728 ante
2419 3674 2746 3742 passionem,
2783 3679 2988 3726 noctem
3017 3684 3144 3724 vero
3167 3677 3377 3737 tempus
3396 3667 3602 3734 passio-

2031 3767 2139 3821 uis.
2167 3764 2276 3819 Vos
2306 3765 2491 3834 igitur,
2529 3763 2723 3832 inquit,
2756 3760 2992 3830 quamliu
3050 3759 3164 3814 dies
3191 3766 3296 3821 est,
3350 3757 3451 3810 hoc
3497 3764 3600 3820 est,

2028 3858 2264 3928 quandiu
2300 3859 2536 3910 nondum
2558 3856 2952 3923 instattempus
2973 3851 3268 3924 passionis,
3296 3866 3400 3906 non
3431 3847 3604 3903 οίΐειιο

2031 3949 2190 4004 detis.
2217 3945 2333 4000 Non
2364 3947 2506 4000 enim
2535 3944 2966 4014 persecutionem
3001 3941 3280 4011 patiemini
3305 3956 3337 3995 a
3377 3937 3600 3999 Juozeis.

2031 4055 2207 4110 neque
2242 4040 2385 4093 aliud
2407 4039 2534 4110 quid
2572 4051 2734 4108 grave
2762 4035 2974 4091 eveniet
3025 4035 3201 4090 vobis.
3236 4033 3366 4089 Cum
3421 4041 3600 4086 autem

2030 4147 2135 4189 nox
2161 4132 2389 4196 venerit,
2431 4131 2609 4201 passio
2656 4131 2873 4200 inquam
2921 4142 3064 4192 mea,
3092 4135 3383 4180 tunccerte
3405 4138 3604 4193 pavore

2033 4223 2428 4279 contrahemiui
2474 4222 2718 4292 quidem,
2762 4221 2814 4275 in
2873 4235 3034 4275 unam
3085 4217 3463 4273 domunrulam
3507 4231 3606 4272 vos

2030 4314 2352 4384 recipientes
2382 4321 2601 4383 propter
2618 4321 2817 4368 metum
2838 4310 3168 4367 Iudaeorum.
3191 4328 3209 4362 ι
3241 4308 3318 4364 Ex
3341 4324 3405 4364 eo
3423 4321 3601 4362 autem

2036 4414 2279 4476 tempore
2312 4403 2631 4459 aﬂlictiones
2647 4413 2702 4458 et
2730 4401 3130 4465 tribulationes,
3163 4409 3216 4454 et
3249 4400 3417 4454 multa
3432 4399 3604 4454 oﬂ’en-

2034 4496 2209 4551 dicula
2256 4504 2314 4550 et
2347 4495 2702 4550 adversitates
2731 4493 2998 4548 habebitis
3022 4493 3067 4524 '"
3101 4507 3117 4546 :
3152 4509 3169 4542 ι
3207 4506 3327 4545 cum
3383 4506 3483 4560 ego
3513 4492 3602 4559 qui

2035 4589 2132 4644 lux
2164 4604 2304 4651 sum,
2337 4602 2444 4641 non
2468 4586 2604 4641 ultra
2633 4585 2907 4640 vobiscum
2939 4583 3297 4653 corporaliter
3317 4597 3609 4639 conversa-

347 4678 522 4744 ἱξετε,
551 4698 569 4730 ι
593 4681 679 4732 ὅτε
709 4680 903 4732 οὐκέτι
927 4680 1036 4748 ἐγὼ
1058 4681 1118 4734 τὸ
1145 4681 1258 4750 φῶς
1280 4682 1398 4751 μεθ’
1425 4685 1577 4754 ὑμῶν
1604 4688 1922 4758 σωματικῶς

2033 4682 2152 4748 bor,
2183 4689 2391 4736 noctem
2419 4677 2764 4734 amictionum
2793 4675 3084 4733 habebitis.

351 4769 646 4835 συνδιάξω,
680 4769 816 4822 ἀλλὰ
839 4769 1013 4823 νύκτα
1043 4771 1144 4837 τὴν
1175 4769 1282 4824 τῶν
1316 4771 1548 4841 θλίψεων
1578 4775 1750 4839 ἕξετε.

427 4879 447 4912 ι
486 4861 674 4914 Ταῦτα
705 4859 850 4926 εἷπε,
883 4864 978 4916 καὶ
1026 4863 1163 4934 μετὰ
1201 4863 1360 4918 τοῦτο
1387 4865 1534 4933 λέγει
1565 4868 1784 4938 αὑτοῖςξο
1819 4869 1929 4924 Δά-

351 4949 520 5019 ζαρος
558 4948 588 5001 6
633 4948 789 5018 φίλος
835 4951 993 5020 ἡμῶν
1048 4952 1396 5024 κεκοίμηται,
1429 4956 1564 5009 ἀλλὰ
1603 4957 1925 5029 πορεύομαι,

350 5042 441 5094 ῖνα
485 5040 761 5106 ἐξυπνίσω
812 5043 995 5097 αὑτὸν.
1051 5039 1219 5098 Εἶπον
1259 5045 1352 5100 οὑν
1389 5048 1439 5101 οἱ
1471 5048 1711 5119 μαθηταὶ
1742 5049 1926 5122 αὐτῷ’

350 5132 548 5200 Κύριε,
579 5134 630 5185 εί
659 5134 1006 5204 κεκοίμηται,
1039 5135 1365 5206 σωθήσεται.
1402 5138 1627 5208 Εἰρήκει
1659 5139 1715 5192 δὲ
1745 5142 1774 5193 6
1815 5142 1921 5212 Ἰη-

345 5227 476 5288 σοῦς
505 5226 637 5296 περὶ
668 5227 760 5280 τοῦ
794 5227 1028 5281 θανάτου
1059 5227 1248 5294 αὑτοῦ,
1288 5230 1483 5283 ἐκεῖνοι
1516 5230 1573 5283 δὲ
1603 5230 1808 5297 ἔδοξαν,
1841 5234 1922 5288 ὅτι

345 5318 480 5388 περὶ
510 5320 610 5389 τῆς
642 5321 952 5389 κοιμήσεως
975 5319 1070 5373 τοῦ
1094 5319 1263 5374 ὑπνου
1289 5321 1457 5390 λέγει.
1482 5323 1614 5376 Τότε
1653 5321 1746 5380 οῦν
1775 5324 1929 5382 εἶπεν

345 5413 536 5475 αὐτοῖς
584 5414 612 5465 6
637 5413 850 5481 Ἰησοῦς
885 5414 1202 5486 παρρησίᾳο
1258 5414 1507 5480 Λάζαρος
1535 5417 1796 5484 ἀπέθανε,
1831 5419 1929 5473 καὶ

340 5503 522 5574 χαίρω
545 5501 615 5555 δι’
649 5504 813 5573 ὑμᾶς,
851 5503 937 5556 ἵνα
967 5504 1319 5575 πιστεύσητε,
1366 5505 1447 5559 ὅτι
1478 5507 1578 5560 οὑκ
1604 5507 1753 5579 ἢμην
1785 5510 1922 5564 ἐκεῖ.

355 5594 498 5647 Ἀλλ’
525 5595 750 5666 ἄγωμεν
782 5595 916 5667 πρὸς
954 5598 1138 5651 αὑτόν.
1174 5597 1339 5653 Εἶπεν
1363 5594 1456 5652 οὖν
1479 5600 1680 5670 Θωμᾶς
1706 5603 1736 5656 6
1764 5601 1922 5671 λεγό-

2105 4861 2276 4917 Vsas.
2340 4859 2528 4915 ll-l6.
2589 4877 2610 4911 ι
2656 4859 2785 4914 Htec
2844 4858 2940 4926 ait,
2995 4865 3050 4913 et
3100 4865 3223 4927 post
3282 4855 3445 4928 657
3491 4855 3606 4909 hac

2034 4953 2165 5009 dicit
2193 4953 2306 5008 eis:
2349 4952 2590 5007 Lazarus
2611 4951 2821 5007 amicus
2863 4958 3049 5006 noster
3079 4949 3303 5012 dormit,
3335 4951 3428 5002 sed
3461 4949 3600 5000 vado

2033 5056 2094 5101 ut
2127 5062 2156 5101 a
2181 5060 2371 5102 somno
2398 5045 2628 5101 excitem
2675 5044 2848 5099 illum.
2881 5043 3144 5098 Dixerunt
3182 5056 3312 5112 ergo
3357 5040 3602 5108 discipuli

2030 5137 2182 5208 ejus:
2206 5137 2453 5201 Domine,
2482 5137 2524 5192 si
2549 5136 2768 5202 dormit,
2799 5135 2980 5191 salvus
3011 5136 3135 5190 erit.
3171 5134 3386 5188 Dixerat
3413 5142 3593 5185 autem

2031 5227 2189 5284 Jesus
2243 5230 2308 5284 de
2359 5237 2535 5284 morte
2563 5228 2716 5296 ejus:
2755 5228 2912 5283 etilli
2973 5231 3295 5297 putaverunt
3344 5222 3490 5293 quod
3537 5223 3606 5277 de

2041 5319 2370 5376 dormitione
2411 5319 2586 5374 somni
2640 5320 2865 5374 diceret.
2912 5316 3065 5372 Tunc
3092 5332 3224 5386 ergo
3272 5312 3430 5369 Jesus
3473 5313 3607 5368 dixit

2034 5413 2115 5468 eis
2143 5411 2460 5467 manifeste:
2493 5410 2728 5465 Lazarus
2759 5418 3005 5464 mortuus
3029 5416 3136 5473 est,
3168 5413 3222 5460 et
3242 5404 3449 5476 gaudeo
3477 5418 3606 5472 pro-

2033 5519 2154 5584 pter
2187 5525 2304 5577 vos,
2337 5521 2397 5566 ut
2459 5509 2717 5573 credatis,
2773 5507 2914 5577 quod
2949 5521 3054 5560 non
3110 5503 3307 5558 fuerim
3358 5501 3466 5567 ibi;
3513 5502 3604 5556 sed

2041 5619 2230 5661 eamus
2285 5604 2352 5660 ad
2407 5619 2551 5658 cum.
2619 5600 2766 5656 Dixit
2790 5613 2919 5669 ergo
2975 5595 3210 5652 Thomas
3265 5594 3353 5665 qui
3412 5593 3608 5648 dicitur

342 5705 505 5755 μενος
566 5689 797 5759 Δίδυμος
857 5691 972 5752 τοῖς
1027 5691 1448 5760 συμμαθηταῖςο
1513 5693 1770 5764 ’Ἄγωμεν
1827 5693 1922 5748 καὶ

2027 5696 2287 5766 Didymus
2315 5695 2380 5751 ad
2399 5693 2833 5761 condiscipulos:
2871 5688 3070 5746 Eamus
3097 5697 3152 5746 et
3173 5703 3293 5754 nos,
3325 5695 3383 5741 ut
3409 5685 3605 5739 moria-

339 5783 523 5851 ἡμεῖς,
550 5783 635 5836 ἵνα
658 5781 1023 5852 ἀποθάνωμεν
1044 5782 1166 5852 μετ’
1191 5783 1379 5837 αὑτοῦ.
1417 5803 1435 5837 ι
1477 5784 1696 5856 Ἐπειδὴ
1723 5787 1922 5840 ἐκεῖνοι

2032 5804 2154 5845 mur
2198 5804 2320 5846 cum
2357 5803 2442 5846 eo.
2482 5806 2502 5841 ι
2537 5783 2802 5855 Quoniam
2824 5782 2901 5840 illi
2956 5780 3378 5840 formidaverant
3416 5777 3497 5833 ire
3548 5773 3605 5830 in

391 5961 618 6020 "Joan.
648 5975 688 6032 ι,
714 5964 769 6020 9.
847 5966 891 5998 ⁷⁷
907 5960 1063 6020 Joan.
1121 5980 1231 6031 1m,
1267 5965 1356 6022 53.
