4060 6596
503 484 564 548 9!
1422 482 1468 540 Τ
1475 477 2004 541 IIEOPHYLACTI
2042 474 2455 537 BULGARM!
2492 473 2846 536 ARCIIIEP.
3684 467 3758 528 92

505 600 766 661 Iudaeam,
819 597 953 652 dixit
1003 595 1082 650 eis
1114 593 1367 649 Domino-5
1405 609 1419 646 :
1473 591 1731 658 Quamvis
1769 588 2083 660 quaarebsnt

2190 575 2522 640 ἐδεδοίκεσαν
2571 586 2672 655 τὴν
2713 583 2994 649 Ἰουδαίαν,
3028 583 3194 654 φησιν
3230 581 3415 644 αὐτοῖς
3442 581 3469 634 ὁ
3517 578 3755 650 Κύριοςο

508 706 595 747 me
627 688 793 745 Juda-i
840 687 1099 758 lapidare,
1141 686 1327 740 ethoc
1370 683 1642 739 faciebant
1683 680 1809 751 quia
1852 679 2080 749 loquens

505 783 613 838 illis
651 782 940 851 arguebam
997 793 1130 834 eos:
1173 790 1322 832 nunc
1354 785 1532 830 autem
1576 789 1685 828 non
1721 773 1859 826 vado
1891 781 1950 826 ut
1977 769 2082 824 illis

506 875 723 944 loquar,
777 873 872 927 sed
921 881 978 925 ut
1038 870 1272 924 amicum
1324 869 1580 932 invisam,
1631 876 1797 938 atque
1841 866 1916 921 ita
1971 879 2080 919 non

501 973 715 1036 oportet
746 963 1039 1033 trepidare.
1092 961 1206 1016 Non
1249 961 1392 1016 enim
1439 961 1602 1015 adea
1651 961 1786 1013 abeo
1843 957 1909 1011 ad
1963 970 2083 1025 quae

510 1056 684 1129 pfius,
743 1053 1121 1126 utpericulum
1185 1067 1249 1107 ex
1300 1050 1500 1107 Iudaeis
1553 1063 1930 1119 expavescam,
1988 1046 2082 1102 sed

510 1147 740 1203 amicum
765 1161 830 1201 ex
859 1159 1051 1200 somno
1073 1141 1340 1198 excitabo.
1377 1143 1448 1196 At
1475 1141 1549 1195 illi
1583 1140 1821 1196 volentes
1865 1154 1986 1194 eum
2016 1140 2083 1195 ab

508 1240 700 1294 itinere
726 1236 1004 1307 impedire,
1047 1235 1214 1302 Satis,
1252 1235 1524 1304 inquiunt,
1571 1243 1692 1289 est:
1721 1251 1740 1286 ι
1790 1233 1835 1287 si
1865 1232 2084 1298 dormit,

507 1331 688 1387 salvus
725 1331 851 1386 erit.
884 1349 902 1383 I
929 1329 1096 1401 Igitur
1121 1343 1224 1384 non
1269 1342 1404 1396 opus
1435 1336 1518 1382 est
1567 1337 1625 1380 ut
1655 1342 1753 1384 nos
1801 1327 2082 1394 abeamus;

511 1438 617 1478 non
634 1423 776 1478 enim
801 1423 1161 1478 necessarium
1179 1429 1281 1477 est.
1309 1419 1463 1476 Unde
1491 1420 1610 1489 ipse
1631 1421 1850 1489 adjecit,
1879 1438 1901 1472 ε
1930 1419 2086 1474 Arni--

511 1529 606 1568 cus
639 1522 840 1578 noster,
888 1531 908 1565 ι
937 1521 994 1566 ιιι
1045 1510 1301 1568 ostendat
1347 1511 1711 1567 necessarium
1759 1512 1862 1566 iter
1911 1511 2082 1568 illuc:

461 1627 466 1630 ·
507 1620 698 1661 verum
731 1605 808 1658 illi
859 1604 1048 1660 dicunt
1087 1618 1192 1658 non
1221 1617 1348 1658 esse
1402 1603 1788 1668 necessarium,
1841 1603 2088 1674 quando-

507 1699 726 1769 quidem
779 1697 960 1753 salvus
1009 1697 1182 1752 factus
1231 1697 1320 1761 sit,
1367 1710 1438 1752 eo
1483 1697 1630 1766 quod
1676 1695 1928 1752 dormiat.
1975 1696 2086 1750 Imo

508 1807 620 1845 non
653 1791 823 1844 solum
869 1805 977 1844 non
1017 1790 1354 1844 necessarius
1397 1799 1479 1843 est
1523 1790 1780 1844 adventus
1813 1797 1957 1853 tuus,
1992 1787 2087 1843 sed

509 1892 564 1940 et
620 1883 796 1939 amico
841 1883 1154 1938 damnosus.
1209 1881 1344 1936 Nam
1405 1884 1448 1937 si
1508 1898 1728 1938 somnus
1782 1891 1864 1938 est
1912 1893 1966 1938 et
2021 1885 2086 1938 ad

2187 679 2249 733 Ei
2277 678 2370 733 καὶ
2402 677 2634 752 ἐζήτουν
2661 693 2727 747 με
2761 675 2814 730 ot
2845 675 3090 734 Ἰουδαῖοι
3119 673 3361 739 λιθάσαι,
3391 672 3506 728 ἀλλ’
3530 671 3606 735 ὡς
3643 672 3760 726 δια-

2183 770 2477 839 λεγόμενον
2506 769 2694 832 αὐτοις
2712 755 2808 822 καὶ
2839 765 3164 839 ιλέγχονια·
3194 765 3295 820 νῦν
3328 766 3385 820 δὲ
3413 766 3510 836 οὑχ
3539 764 3616 829 ὡς
3643 766 3758 820 δια-

2184 862 2470 932 λεξόμενος
2490 862 2711 932 ἄπειμι,
2749 861 2862 918 ἀλλ’
2891 862 2967 925 ὡς
2986 859 3079 914 τὸν
3117 859 3268 929 φίλον
3298 857 3755 927 ἐπισκεψόμενος.

2186 955 2350 1008 Ὥστε
2393 953 2459 1006 οὐ
2499 951 2608 1024 χρὴ
2653 951 2970 1006 δεδοικέναι.
3026 952 3102 1004 οὑ
3134 951 3243 1021 γὰρ
3287 950 3382 1003 ἐπὶ
3417 951 3531 1012 τοῖς
3575 948 3760 1011 αὐτοῖς

2184 1046 2381 1115 ἄπειμι
2407 1044 2494 1112 ἐφ’
2530 1037 2612 1107 οἷς
2642 1043 2738 1098 καὶ
2765 1041 2977 1114 πρώην,
3011 1042 3100 1098 ἵνα
3137 1041 3231 1098 καὶ
3262 1043 3352 1095 τὸν
3384 1043 3448 1094 tat
3479 1039 3589 1094 τῶν
3619 1040 3757 1092 ’ἰου-

2183 1134 2350 1189 δαίων
2384 1131 2606 1203 φοϐηθῶ
2650 1131 2912 1198 κίνδυνον,
2945 1132 3059 1186 ἀλλ’
3089 1131 3184 1185 ἐπὶ
3225 1131 3386 1202 φίλου
3411 1126 3759 1198 ὲξυπνισμῷ.

2187 1227 2248 1282 0i
2278 1225 2334 1279 δὲ
2364 1224 2596 1295 ἐκκόψαι
2631 1225 2733 1296 τὴν
2777 1225 2895 1278 ἐκεῖ
2939 1223 3166 1296 πορείαν
3196 1223 3531 1295 βουλόμενοι.
3573 1222 3760 1292 ’Δρκε-

2185 1318 2298 1384 τὸν,
2344 1317 2530 1387 φασιν,
2569 1316 2748 1371 ἔστιν’
2787 1335 2810 1369 ε
2848 1316 2913 1370 Εί
2958 1315 3305 1387 κεκοίμηται,
3362 1313 3686 1384 σωθήσεται.
3737 1329 3756 1364 ι

2187 1411 2400 1467 οὐκοῦν
2441 1410 2502 1464 οὐ
2553 1409 2634 1464 δεῖ
2687 1411 2839 1482 ἡμᾶς
2886 1408 3174 1463 ἀπελθεῖνο
3221 1407 3286 1462 οὐ
3314 1409 3422 1479 γάρ
3453 1408 3599 1460 ἐστιν
3627 1407 3760 1460 ἀνα·

2186 1506 2400 1572 γκαῖον.
2431 1501 2631 1556 Καίτοι
2667 1501 2832 1564 αὐτὸς
2877 1502 2972 1554 καὶ
3006 1498 3096 1555 διὰ
3123 1499 3282 1553 τοῦτο
3308 1497 3616 1569 προσέθηκε
3667 1495 3761 1560 τὸ,

2193 1613 2216 1648 ε
2253 1598 2282 1650 δ
2309 1595 2460 1664 φίλος
2507 1593 2667 1664 ἡμῶν
2700 1633 2718 1658 ,
2758 1612 2777 1646 ι
2849 1593 2937 1646 ἵνα
2990 1591 3138 1662 δείξῃ
3169 1592 3474 1660 ἀναγκαίαν
3508 1590 3606 1661 τὴν
3647 1592 3764 1643 ἐκεῖ

2189 1686 2498 1756 παρουσίαν
2515 1701 2529 1716 ⁶
2566 1685 2680 1739 ἀλλ’
2711 1685 2864 1740 αὐτοὶ
2887 1686 2990 1738 οὐκ
3016 1683 3320 1752 ἀναγκαίαν
3347 1682 3552 1754 ταύτην
3575 1680 3761 1750 φασιν,

2189 1781 2292 1851 ἤδη
2321 1780 2533 1833 ἑκείνου
2586 1778 2928 1848 σεσωσμένον
2966 1777 3057 1832 διὰ
3094 1777 3187 1831 τοῦ
3227 1776 3495 1830 ὑπνῶσαί.
3546 1773 3764 1829 Μᾶλλον

2191 1871 2248 1924 δὲ
2266 1871 2365 1924 οὐκ
2381 1869 2654 1938 ἀναγκαία
2674 1870 2734 1923 οὐ
2755 1870 2914 1939 μόνον
2933 1869 3080 1922 ἐστὶν
3100 1873 3133 1940 ὴ
3149 1869 3418 1938 παρουσία
3431 1884 3547 1933 σου,
3575 1867 3763 1936 φασιν.

518 1976 770 2040 salutem,
814 1985 871 2028 ut
900 1990 996 2029 nos
1018 1975 1325 2043 opinamur,
1357 1981 1411 2027 tu
1449 1984 1628 2028 autem
1660 1973 2003 2041 profecturus
2030 1983 2087 2028 ιιι

2194 1963 2332 2017 ἀλλὰ
2355 1963 2449 2017 καὶ
2488 1962 2788 2033 ὲπιὸλαῦὴς
2835 1961 2912 2033 τῷ
2941 1962 3101 2033 φίλῳ.
3129 1961 3192 2015 Ei
3221 1962 3331 2033 γὰρ
3367 1963 3397 2014 δ
3420 1959 3587 2023 ὕπνος
3617 1959 3766 2029 αὐτῷ

509 2066 739 2126 excites,
776 2063 934 2120 salu-ti
971 2065 1090 2135 ejus
1129 2065 1415 2120 oblaturus
1447 2079 1547 2131 es;
1595 2080 1704 2119 non
1745 2065 1910 2135 igitur
1954 2079 2088 2134 opus

513 2164 598 2211 est
636 2165 693 2209 ut
715 2169 810 2210 cas
831 2166 883 2209 ct
917 2158 1126 2210 excites
1153 2155 1333 2211 illum:
1360 2157 1682 2211 danmosnm
1708 2156 1850 2209 enim
1880 2155 1981 2208 hoc
2013 2155 2085 2210 el.

509 2243 697 2314 Itaque
735 2243 828 2300 ubi
854 2245 985 2298 vidit
1019 2259 1112 2298 eos
1159 2245 1335 2299 adhuc
1364 2248 1565 2306 tardos,
1631 2255 1758 2299 tunc
1805 2245 2089 2301 manifeste

510 2336 708 2402 lnqult,
740 2355 758 2388 ι
787 2335 1034 2390 Mortam
1093 2346 1196 2392 est.
1225 2353 1247 2389 ι
1276 2336 1443 2404 Cuius
1481 2346 1663 2390 autem
1710 2337 1881 2405 gratia
1923 2338 2086 2390 etiarn

510 2427 658 2494 prius
715 2440 820 2482 non
875 2425 1162 2481 manifesto
1221 2427 1374 2492 dixit,
1432 2426 1527 2482 sed
1571 2427 1804 2494 occulte,
1858 2437 2086 2483 mortem

507 2529 754 2571 somnum
783 2515 1110 2576 uomiturus!
1141 2515 1370 2586 Propter
1399 2515 1592 2570 multa.
1621 2515 1798 2571 Unum
1846 2515 2085 2585 quidem,

508 2610 638 2678 quia.
671 2625 698 2663 ιι
729 2608 871 2665 fastu
914 2620 1030 2664 erat
1077 2610 1319 2674 alienus;
1349 2608 1574 2663 nolebat
1596 2608 1741 2662 enim
1787 2611 1856 2662 ad
1899 2617 2086 2663 osten-

509 2705 768 2757 tationem
807 2705 1008 2768 lacere,
1037 2703 1128 2757 sed
1156 2701 1366 2756 occulte
1407 2704 1854 2756 resurrectionem
1885 2701 2090 2756 excita-

508 2796 713 2850 tionem
749 2811 780 2850 ιι
820 2810 1015 2850 somno
1069 2795 1387 2850 nominavit.
1439 2795 1717 2861 Quomodo
1767 2805 1944 2850 autem
1987 2795 2088 2851 hac

509 2886 750 2942 dictione
777 2902 910 2943 usus
960 2887 1174 2949 fuisset,
1209 2887 1314 2942 nisi
1351 2901 1580 2942 mortem
1618 2902 1873 2942 somnum
1903 2887 2089 2955 appel-

511 2979 882 3045 lasset?Quod
913 2988 1096 3034 autem
1127 2979 1230 3035 hoc
1260 2995 1472 3046 verum,
1496 2990 1722 3050 propter
1749 2979 2086 3044 modestiam,

513 3070 757 3142 inquam,
791 3072 1000 3128 occulte
1046 3071 1302 3138 locatum,
1356 3073 1700 3128 manifestum
1751 3084 1834 3128 est
1885 3090 1948 3127 ex
2021 3089 2087 3128 co

510 3165 654 3234 quod
685 3163 950 3233 sequitur.
992 3163 1129 3219 Nam
1176 3165 1386 3230 dicens,
1427 3183 1450 3218 ε
1481 3164 1727 3222 Mortuus
1783 3180 1888 3233 eat,
1927 3187 1946 3220 ι
1981 3182 2086 3223 non

511 3255 734 3319 addidit,
768 3254 932 3310 Vado
962 3263 1020 3309 ut
1050 3256 1365 3312 resuscitem
1401 3255 1568 3314 illum.
1606 3254 1771 3312 Vides
1818 3259 2088 3326 quomodo

517 3346 864 3402 all-horruerit
891 3361 920 3400 a
953 3349 1119 3412 fastu,
1152 3349 1426 3418 quomodo
1451 3349 1682 3403 noluerit
1718 3348 1982 3404 celebrari
2025 3363 2088 3404 ea

511 3453 634 3505 quae
667 3439 912 3495 facturus
959 3440 1347 3496 erat?lnterim
1377 3438 1540 3495 etiam
1577 3440 1734 3497 docet
1760 3455 1855 3494 nos
1887 3455 1955 3496 ne
1982 3450 2090 3494 tam

513 3530 700 3586 faciles
740 3529 914 3586 simus
945 3534 1012 3588 ad
1052 3531 1500 3602 promittendum.
1528 3531 1662 3586 Nam
1687 3533 1936 3602 quamvis
1968 3547 2092 3587 con—

514 3622 714 3677 turioui
769 3623 871 3678 hoc
923 3622 1135 3690 fecerit,
1169 3625 1306 3680 dixit
1356 3626 1502 3679 enim
1527 3624 1641 3689 ",t
1695 3624 1807 3695 Ego
1867 3627 2092 3682 veniens

513 3714 718 3768 sanabo
739 3729 862 3769 cum
887 3732 903 3769 :
931 3733 950 3766 ι
986 3715 1096 3771 illic
1128 3727 1308 3771 tamen
1343 3719 1443 3772 hoc
1473 3716 1631 3782 dixit,
1662 3727 1722 3772 ut
1752 3717 1896 3774 illius
1929 3718 2086 3774 fidem

517 3807 852 3860 ostenderet.
880 3806 1048 3876 Igitur
1072 3808 1184 3862 haec
1201 3824 1304 3862 una
1333 3809 1554 3879 quidem
1581 3824 1740 3864 causa
1767 3821 1849 3866 est
1873 3822 2094 3882 propter

508 3888 676 3966 quam
713 3907 941 3952 mortem
983 3899 1269 3970 appellavit
1302 3915 1576 3957 somnum.
1610 3902 1727 3957 Alia
1761 3913 1938 3958 autem
1985 3915 2088 3967 est,

515 3999 576 4044 ut
625 3989 884 4044 ostendat
930 3991 1085 4046 nobis
1113 3993 1254 4061 quod
1288 3993 1467 4048 omnis
1497 4009 1643 4050 mors
1675 4008 1899 4049 somnus
1937 3994 2009 4048 sit
2039 4004 2094 4048 et

518 4080 753 4147 requies.
774 4078 958 4134 Tertia
989 4095 1137 4147 vero,
1159 4082 1406 4152 quamvis
1439 4083 1559 4138 aliis
1598 4099 1742 4139 mors
1777 4084 1943 4139 fuerit
1987 4085 2093 4139 La-

515 4171 630 4224 zari
651 4171 855 4238 obitus,
903 4173 1002 4242 ipsi
1046 4185 1224 4230 tamen
1254 4173 1382 4230 Jesu
1407 4190 1634 4231 somnus
1655 4177 2090 4241 existimabatur,

509 4273 582 4315 eo
628 4264 774 4330 quod
802 4277 928 4316 eum
969 4263 1153 4316 statim
1199 4265 1624 4321 resuscitaturus
1666 4274 1806 4321 erat.
1855 4265 1921 4320 Et
1951 4265 2092 4321 sicut

515 4352 670 4408 nobis
720 4352 879 4410 facile
927 4363 1010 4409 est
1039 4354 1278 4410 excitare
1305 4355 1686 4419 dormientem,
1735 4357 1810 4411 ita
1842 4357 1938 4423 illi,
1983 4357 2092 4413 imo

523 4444 827 4502 innumeris
881 4445 1048 4518 658
1101 4448 1275 4502 modis
1341 4448 1553 4504 facilius
1620 4459 1706 4506 est
1762 4451 2093 4507 resuscitare

513 4548 809 4594 mortuum.
847 4559 866 4591 ι
905 4540 1125 4594 Gaudeo
1167 4549 1370 4607 autem,
1405 4541 1599 4609 inquit,
1636 4551 1854 4614 propter
1886 4558 2004 4610 vos,
2034 4552 2092 4598 ut

2189 2051 2269 2118 εἷς
2295 2054 2590 2125 σωτηρίαν,
2625 2053 2700 2119 ὡς
2740 2055 2899 2124 ἡμεῖς
2931 2053 3217 2124 δοκοῦμεν,
3249 2053 3314 2106 σὺ
3348 2053 3408 2106 δὲ
3434 2051 3766 2124 πορευθῆναι

2193 2147 2427 2220 μέλλεις,
2465 2147 2551 2200 ἵνα
2576 2147 2908 2217 ὲξυπνήσῃς,
2938 2146 3253 2216 περικόψεις
3281 2145 3430 2216 αὐτῷ
3459 2144 3557 2216 τὴν
3588 2161 3764 2212 σωτη-

2191 2240 2339 2312 ρίαν.
2374 2238 2582 2294 Οὕκουν
2627 2239 2708 2292 δεῖ
2745 2239 3000 2292 ἀπελθεῖν
3034 2238 3126 2291 ἐπὶ
3171 2238 3254 2306 τῷ
3279 2237 3611 2306 ἑξυπνῆσαι·
3645 2238 3769 2288 Em-

2189 2333 2387 2397 6λα6ἒς
2442 2333 2552 2404 γὰρ
2590 2333 2770 2386 τοῦτο.
2833 2332 2985 2385 Ἐπεὶ
3033 2331 3125 2385 οὖν
3176 2331 3405 2385 ἔϐλεπεν
3440 2331 3633 2392 αὐτοὺς
3684 2330 3765 2383 ἔτι

2187 2425 2638 2488 ὀκνοῦντας,τότε
2660 2426 2718 2478 δὲ
2743 2425 3028 2497 παρρησία
3049 2424 3230 2492 φησιν,
3259 2425 3339 2477 δτι
3366 2443 3383 2475 ι
3425 2422 3712 2476 Ἀπέθανε.
3743 2441 3762 2474 ι

2189 2519 2350 2582 Τίνος
2377 2518 2434 2572 δὲ
2480 2519 2668 2571 ἕνεκεν
2698 2519 2820 2588 οὐχι
2867 2518 2969 2570 καὶ
3015 2517 3284 2588 πρότερον
3322 2517 3466 2571 οὕτω
3515 2517 3768 2587 φανερῶς

2189 2603 2371 2672 εἶπεν,
2415 2607 2552 2660 ἀλλὰ
2578 2607 3001 2678 κεκρυμμένως,
3035 2606 3202 2660 ὕπνον
3236 2606 3509 2677 ὀνομάσας
3547 2607 3638 2660 τὸν
3673 2605 3770 2660 θά-

2187 2715 2384 2764 νατονς
2427 2699 2529 2753 Διὰ
2576 2700 2776 2753 πολλά·
2823 2699 2883 2752 ἓν
2935 2699 3032 2770 μὲν
3058 2699 3146 2752 διὰ
3175 2700 3235 2752 τὸ
3284 2700 3674 2769 ἀκόμπαστον·
3705 2700 3769 2751 οὑ

2189 2792 2302 2863 γὰρ
2345 2792 2605 2862 ἠϐούλετο
2654 2791 2944 2862 φαίνεσθαι
2978 2795 3324 2862 κομπαστὴς,
3358 2791 3494 2844 ἀλλὰ
3524 2809 3768 2863 κεκρυμο

2193 2887 2370 2957 μένως
2399 2885 2502 2957 τὴν
2541 2885 2842 2941 ἀνάστασιν
2883 2887 3216 2953 ἐξυπνισμὸν
3245 2886 3495 2956 ὠνόμασε
3515 2902 3530 2916 ·
3559 2885 3675 2951 πῶς
3724 2885 3772 2939 δ’

2191 2980 2258 3034 ἂν
2283 2979 2454 3051 ταύτῃ
2474 2982 2540 3050 τῇ
2564 2979 2708 3046 λέξει
2733 2981 3024 3051 ιχρήσατο,
3051 2985 3098 3033 εί
3130 2979 3203 3051 μὴ
3231 2980 3323 3033 τὸν
3345 2981 3573 3032 θάνατον
3602 2977 3773 3034 ὕπνον

2188 3073 2483 3142 ικάλεσενς;
2527 3073 2646 3127 Ὅτι
2689 3072 2746 3126 δὲ
2791 3073 2951 3126 τοῦτο
2979 3073 3196 3143 ἀληθὲς,
3233 3073 3294 3126 τὸ
3319 3073 3404 3126 διὰ
3451 3089 3776 3144 μετριοφρο-

2191 3165 2360 3236 σύνην
2409 3165 2905 3236 ὲπικεκρυμμένως
2951 3167 3145 3227 εἰπεῖν,
3194 3166 3359 3233 δῆλον
3386 3167 3448 3217 ἐκ
3497 3163 3598 3217 τοῦ
3631 3165 3775 3232 μετὰ

2189 3259 2382 3310 ταῦτα.
2419 3257 2534 3310 Καὶ
2553 3257 2661 3328 γὰρ
2692 3253 2885 3322 εἰπὼν,
2917 3259 2998 3311 ὅτι
3033 3275 3052 3309 ι
3107 3257 3424 3322 Ἀπέθανεν,
3461 3275 3479 3310 ι
3513 3258 3574 3310 οδ
3605 3274 3776 3325 προσ-

2195 3349 2416 3420 έθηκεν,
2442 3349 2530 3402 ὅτι
2555 3349 2884 3420 Πορεύομαι,
2914 3351 3000 3406 ἵνα
3037 3351 3332 3420 ἀναστήσω
3381 3350 3564 3403 αὐτόν.
3609 3348 3777 3423 Ὁρᾷς

2193 3442 2314 3505 πῶς
2339 3443 2441 3496 οὐκ
2466 3441 2726 3512 ἠϐούλετο
2750 3443 3052 3512 κομπάζειν
3076 3442 3108 3496 s
3138 3443 3227 3496 διὰ
3250 3443 3358 3495 τῶν
3380 3443 3554 3513 ἔργων
3580 3442 3777 3512 ἔμελλε

2195 3533 2483 3604 βεϐαιοῦνς
2511 3533 2628 3605 ἃμα
2660 3533 2718 3586 δὲ
2749 3535 2844 3589 καὶ
2879 3534 3146 3588 διδάσκων
3178 3535 3344 3604 ἡμᾶς,
3379 3533 3453 3604 μὴ
3481 3533 3652 3595 οὕτως
3678 3533 3775 3586 εὐ-

2194 3626 2366 3690 κόλως
2397 3625 2796 3697 ὑπισχνεῖσθαι.
2827 3626 2944 3680 Κᾶν
2973 3626 3082 3696 γὰρ
3120 3627 3213 3679 ἐπὶ
3243 3625 3340 3679 τοῦ
3365 3625 3774 3696 ἑκατοντάρχου

2193 3720 2351 3775 τοῦτο
2395 3721 2647 3788 ἐποίησεν
2679 3716 2838 3789 (εἷπε
2877 3719 3005 3789 γὰρ,
3031 3721 3122 3788 ,ὅτι
3171 3739 3189 3772 ι
3233 3717 3373 3787 Ἐγὼ
3407 3718 3576 3771 ἐλθὼν
3607 3720 3777 3790 θερα-

2193 3815 2383 3868 πεύσω
2406 3810 2570 3866 αὐτὸν
2601 3832 2620 3865 ι
2644 3813 2684 3881 ),
2714 3813 2830 3867 ἀλλ’
2861 3814 2978 3864 ἐκεῖ
3003 3811 3157 3864 τοῦτο
3184 3807 3358 3876 εἶπεν,
3396 3813 3479 3865 ἵνα
3509 3811 3609 3880 τὴν
3632 3812 3776 3862 ὲκεί-

2191 3924 2286 3961 νου
2318 3907 2501 3960 πίστιν
2547 3906 2715 3977 δείξῃ.
2751 3905 2867 3961 Μία
2901 3903 3003 3974 μὲν
3027 3899 3122 3957 οὖν
3151 3903 3288 3974 αὕτη
3333 3905 3363 3975 ἡ
3399 3903 3565 3965 αἰτία,
3608 3903 3674 3954 δι’
3705 3903 3776 3974 ἦν

2193 3997 2286 4052 τὸν
2335 3998 2570 4052 θάνατον
2620 3995 2791 4050 ὕπνον
2832 3996 3109 4050 ἐκάλεσεν.
3164 3996 3359 4067 Ἐτέριι
3397 3997 3474 4060 δὲ,
3510 3997 3593 4048 ἵνα
3620 3995 3774 4066 δείξῃ

2194 4091 2348 4160 ἡμῖν,
2380 4091 2462 4144 ὅτι
2497 4090 2590 4144 καὶ
2615 4090 2725 4154 πᾶς
2751 4088 2976 4153 θάνατος
3002 4090 3170 4154 ὕπνος
3195 4092 3284 4143 καὶ
3307 4089 3643 4153 ἀνάπαυσις·
3675 4091 3776 4142 καὶ

2193 4181 2372 4252 τρίτη,
2406 4183 2487 4235 ὅτι
2517 4183 2566 4234 εί
2613 4181 2704 4234 καὶ
2742 4184 2856 4246 τοῖς
2882 4182 3061 4245 ἄλλοις
3101 4182 3328 4244 θάνατος
3357 4176 3424 4252 ἦν
3453 4182 3484 4252 ἡ
3529 4179 3625 4233 τοῦ
3655 4182 3773 4234 Λα-

2195 4274 2364 4347 ζάρου
2414 4272 2660 4345 τελευτὴ,
2710 4273 2827 4327 ἀλλ’
2856 4273 3003 4346 αὐτῷ
3047 4291 3110 4342 γε
3157 4274 3235 4346 τῷ
3281 4273 3478 4344 Ἰησοῦ,
3533 4274 3612 4344 τῷ
3644 4274 3775 4328 ὅσον

2193 4367 2347 4423 οὕπω
2389 4369 2636 4440 μέλλοντι
2685 4368 2848 4422 αὑτὸν
2895 4369 3218 4440 ἀναστῆσαι,
3255 4367 3424 4432 ὕπνος
3473 4368 3772 4437 ἐλογίζετο.

2197 4461 2307 4514 Καὶ
2339 4460 2527 4532 ὥσπερ
2571 4462 2704 4532 ἡμῖν
2736 4461 2828 4514 τὸν
2864 4460 3204 4531 κοιμώμενον
3251 4462 3526 4515 διυπνῖσαι
3565 4461 3773 4531 ῥᾴδιον,

2197 4553 2369 4616 οὕτως
2389 4554 2603 4625 ἐκείνῳ,
2635 4554 2834 4623 μᾶλλον
2858 4553 2915 4607 δὲ
2954 4553 3359 4625 μυριοπλασίως
3379 4555 3775 4626 εὐχερέστερον

507 4628 747 4684 credatis
777 4647 795 4680 ι
833 4629 960 4684 mihi
986 4629 1154 4700 magis
1184 4647 1326 4686 nunc
1351 4643 1410 4686 ut
1434 4632 1563 4697 Deo,
1588 4652 1608 4686 ι
1637 4634 1761 4703 quia
1796 4651 1900 4690 non
1933 4651 2081 4690 cram

2190 4649 2250 4701 τὸ
2281 4649 2586 4718 ἀναστῆσαι
2625 4650 2718 4702 τὸν
2761 4649 2988 4702 θανόντα
3023 4665 3036 4678 ·
3092 4668 3111 4701 ι
3150 4650 3339 4719 Χαίρω
3370 4649 3449 4715 δὲ,
3497 4649 3652 4718 φησί,
3704 4649 3775 4703 δι’

510 4719 623 4775 illic
648 4735 662 4773 :
684 4737 705 4771 ι
736 4729 790 4774 et
817 4735 937 4776 cum
975 4721 1132 4792 longe
1159 4723 1354 4790 absim,
1392 4725 1623 4794 praedico
1657 4726 1811 4782 vobis
1849 4739 2080 4783 mortem

511 4813 566 4865 in
606 4809 890 4878 Bethania,
931 4813 1000 4868 de
1043 4829 1152 4883 qua
1201 4829 1309 4870 non
1359 4816 1562 4882 audivi,
1615 4821 1708 4874 sed
1757 4820 1902 4875 sicut
1945 4819 2088 4878 Deus

508 4903 666 4958 video
709 4918 830 4974 quae
893 4905 1052 4977 longe
1113 4908 1390 4963 eveniunt.
1460 4907 1845 4967 lntellexerunt
1905 4923 2085 4968 autem

511 4995 738 5065 quidam
782 4997 884 5051 hoc
926 4998 1087 5052 etiam
1139 4997 1254 5055 sic:
1286 5018 1306 5053 ι
1344 5001 1585 5068 Gaudeo,
1619 5020 1640 5056 ι
1681 5003 1877 5073 inquit,
1918 5005 2086 5060 vestri

505 5101 694 5144 causa.
728 5087 863 5143 Nam
904 5090 1050 5160 quod
1093 5105 1193 5162 ego
1247 5092 1358 5148 illic
1403 5109 1510 5149 non
1570 5095 1786 5164 fuerim,
1834 5097 2090 5153 conducit

509 5181 634 5235 fidei
689 5190 901 5251 vestrm;
963 5185 1217 5252 quoniam
1274 5188 1319 5242 si
1372 5189 1685 5255 adfuissem,
1733 5199 2086 5261 aegrotantem

507 5288 823 5330 sanassem:
854 5289 1043 5346 parum
1068 5285 1247 5332 autem
1276 5277 1379 5334 hoc
1400 5277 1595 5336 fuisset
1623 5281 1688 5335 ad
1718 5284 2085 5337 ostensionetn

511 5366 766 5434 potentiae
811 5382 962 5424 meae.
1003 5368 1267 5425 Caeterum
1298 5386 1423 5427 cum
1473 5373 1696 5430 absente
1723 5389 1808 5430 me
1845 5385 2089 5431 mortuus

507 5465 620 5522 est,
657 5457 846 5515 abiens
885 5469 1067 5515 autem
1113 5462 1288 5529 ipsum
1333 5455 1694 5521 suscitaturus
1729 5481 1870 5533 sum,
1895 5469 1948 5523 id
1971 5484 2088 5524 ma-

508 5548 593 5612 gis
628 5559 865 5604 vestram
903 5551 1141 5610 ﬁrmabit
1169 5554 1500 5623 fidem,cum
1530 5557 1776 5614 videritis
1799 5575 1888 5615 me
1911 5561 2090 5618 ethoc

512 5652 694 5708 posse,
733 5641 874 5708 quod
917 5653 1072 5699 antea
1105 5646 1344 5703 nondum
1388 5648 1804 5719 ostendi,{quod
1845 5660 2088 5709 mortuus

507 5730 620 5799 iam
663 5732 936 5802 ditiluens,
964 5747 1018 5793 ct
1046 5739 1135 5808 qui
1165 5739 1362 5797 fauens
1393 5740 1518 5808 fuit,
1545 5751 1669 5812 apta
1713 5757 1808 5800 sua
1847 5745 2086 5802 membra

586 5918 630 5949 ⁷⁸
665 5915 855 5976 Matth.
884 5935 1004 5986 vut,
1035 5917 1086 5974 7.

2192 4739 2356 4808 ὑμᾶς,
2407 4739 2496 4793 ἵνα
2545 4738 2876 4810 πιστεύσητε
2927 4759 2946 4791 ι
2989 4758 3079 4810 μοι
3138 4740 3335 4812 μᾶλλον
3373 4740 3468 4792 νῦν
3514 4739 3590 4803 ὡς
3626 4741 3771 4812 Θεῷ,

2200 4847 2219 4881 ι
2244 4831 2326 4884 ὅτι
2351 4830 2453 4884 οὐκ
2480 4831 2632 4902 ἢμην
2663 4833 2836 4896 ὲκεί,›
2862 4832 3120 4903 πόρῤωδὲ
3141 4832 3235 4899 ὢν,
3255 4833 3506 4906 προλέγω
3527 4833 3658 4903 ὑμῖν
3684 4835 3773 4888 τὸν

2191 4923 2252 4975 ὲν
2301 4922 2546 4994 Βηθανίᾳ
2580 4922 2830 4988 θάνατον,
2885 4925 2985 4977 οὐκ
3031 4924 3303 4994 ἀκηκοὼς,
3351 4925 3468 4979 ἀλλ’
3499 4925 3575 4989 ὡς
3601 4926 3770 4990 Θεὸς,

2195 5013 2448 5084 προορῶν
2473 5011 2533 5066 τὸ
2570 5014 2760 5086 πόρῤω
2791 5015 3026 5084 συμϐάν.
3066 5015 3322 5084 Ἐνόησαν
3352 5015 3408 5068 δέ
3443 5033 3589 5078 τινες
3613 5015 3773 5069 τοῦτο

2192 5101 2372 5155 οὕτω·
2415 5119 2433 5154 ι
2471 5102 2684 5172 Χαίρω,
2723 5121 2740 5153 ι
2778 5103 2964 5173 φησιν,
3010 5103 3164 5171 ὑμῶν
3195 5102 3381 5155 ἕνεκεν
3404 5120 3419 5135 ο
3454 5103 3515 5156 τὸ
3547 5101 3658 5173 γὰρ
3697 5101 3770 5172 μὴ

2194 5189 2335 5249 εἷναί
2367 5211 2434 5265 με
2482 5195 2617 5258 ἐκεῖ,
2665 5195 2974 5248 συντελέσει
3008 5194 3143 5265 πρὸς
3183 5195 3354 5248 πλείω
3383 5197 3568 5248 πίστιν
3615 5196 3766 5264 ὑμῖν.

2205 5285 2468 5357 Ἐπείπερ
2497 5287 2548 5340 εί
2583 5287 2684 5357 μὲν
2716 5287 3004 5359 παρήμην,
3034 5287 3419 5360 ἀρρωστοῦντα
3459 5288 3524 5341 ἂν
3569 5287 3768 5357 ἐθερά-

2193 5396 2381 5445 πευον,
2434 5381 2630 5452 μικρὸν
2674 5380 2732 5434 δὲ
2793 5375 2860 5454 ἦν
2917 5381 3076 5434 τοῦτο
3109 5381 3294 5452 θαῦμα
3347 5381 3426 5444 είς
3482 5379 3767 5449 δυνάμεως

2191 5471 2490 5536 ἀπόδειξιν.
2526 5471 2680 5525 Ἐπεὶ
2701 5473 2757 5526 δὲ
2774 5472 2886 5540 ἐγὼ
2904 5473 3006 5544 μὲν
3026 5473 3454 5544 ἀπολελείμμην,
3476 5474 3504 5526 ὁ
3521 5472 3575 5524 δὲ
3595 5472 3763 5526 θάνα-

2190 5581 2283 5626 τος
2313 5563 2620 5632 ἐπεγένετο,
2671 5564 2851 5635 μέλλω
2873 5564 2931 5617 δὲ
2958 5563 3137 5619 ἀπιὼν
3177 5565 3340 5618 αὐτὸν
3365 5565 3610 5636 ἀνιστᾷν,
3646 5582 3761 5634 μειο

2190 5657 2358 5722 ζόνως
2382 5657 2464 5722 είς
2487 5656 2588 5728 τὴν
2626 5657 2813 5713 πίστιν
2843 5656 3277 5730 βεδαιωθήσεσθε
3305 5655 3408 5726 τὴν
3441 5655 3603 5729 ἐμὴν,
3633 5656 3761 5709 ὅταν

2194 5748 2372 5820 ᾔδειτέ
2406 5747 2486 5822 [ν’.
2519 5749 2698 5824 ίδητέ]
2737 5768 2803 5824 με
2843 5750 2938 5806 καὶ
2982 5749 3482 5826 τοῦτο-δυνάμενον
3518 5750 3546 5806 ὃ
3593 5752 3760 5823 μήπω
