4060 6582
529 453 600 518 90
1449 447 2027 511 THEOPHYLACTI
2071 447 2480 512 BULGABLE
2519 447 2874 512 ARCHlEP.

3685 437 3788 508 100

532 568 740 634 Jcsum,
789 581 895 622 non
927 564 1108 637 segnis
1140 564 1241 620 fuit
1281 563 1469 632 Maria,
1507 564 1602 620 sed
1643 583 1662 617 ι
1706 563 1912 634 surgit,
1946 573 2002 618 et
2037 563 2102 618 ad

2212 581 2312 634 μου
2346 563 2375 616 6
2425 562 2674 633 ἁδελφός.
2719 582 2738 616 ι
2781 563 2932 635 "Atta
2964 561 3042 634 τῷ
3087 559 3314 618 ἀκοῦσαι
3345 560 3428 616 δτι
3464 539 3788 632 πάρεστινδ

534 675 658 716 eam
691 660 853 716 venit.
893 677 914 712 ι
948 657 1104 714 Unde
1139 659 1480 713 manifestum
1507 657 1648 728 quod
1683 672 1786 712 non
1807 657 2106 726 praevenis-

533 729 616 806 set
660 751 802 804 illam
856 751 1094 816 Martha,
1125 765 1304 821 neque
1349 750 1521 820 prius,
1569 749 1614 805 si
1653 748 1872 820 quidem
1924 757 2106 803 nosset

531 841 630 893 ista
655 838 838 893 Jesum
867 847 1180 893 venturum.
1212 856 1232 889 ι
1264 835 1512 893 Nondum
1543 846 1718 892 autem
1753 835 1909 892 Jesus
1946 851 2110 890 vene-

532 940 614 984 rat
639 932 690 985 in
726 931 1032 987 castellum.
1075 950 1094 983 υ
1127 932 1355 988 Tardius
1394 931 1538 986 enim
1561 930 1699 996 ibat,
1734 944 1802 984 ne
1833 929 2108 984 videretur

532 1023 593 1076 ad
625 1013 957 1078 miraculum
988 1039 1297 1094 properare,
1333 1025 1424 1079 sed
1461 1023 1711 1093 precibus
1740 1021 1951 1076 illarum
1983 1036 2112 1076 exo-

534 1127 685 1170 ratus
733 1117 834 1172 hoc
868 1116 1068 1172 facere.
1110 1118 1176 1172 Et
1221 1115 1657 1187 quandoquidem
1699 1129 1952 1182 magnum
1993 1121 2112 1167 erat

534 1208 772 1261 futurum
805 1208 1158 1274 miraculum,
1190 1219 1244 1264 et
1276 1209 1436 1278 quale
1459 1208 1636 1263 rarius
1663 1207 1812 1274 fecit,
1849 1215 2111 1274 erantque

534 1299 689 1353 multi
736 1299 1048 1370 acquirendi
1085 1315 1182 1370 per
1211 1300 1380 1366 illud,
1425 1308 1647 1370 propter
1689 1298 1792 1353 hoc
1830 1298 2107 1368 dispensat

533 1399 592 1443 ut
637 1389 790 1445 multi
832 1392 962 1446 liant
991 1391 1236 1446 miraculi
1284 1401 1472 1447 testes.
1512 1391 1651 1446 Dicit
1691 1391 1835 1446 enim
1874 1404 2108 1462 evange-

531 1482 655 1537 lista
699 1486 839 1552 quod
899 1501 918 1535 ι
973 1483 1144 1537 Judaei
1192 1484 1284 1552 qui
1324 1493 1482 1537 erant
1517 1497 1640 1537 eum
1680 1481 1770 1536 illa
1815 1482 1867 1536 in
1911 1482 2109 1546 domo,

533 1577 704 1631 secuti
736 1579 842 1632 sint
869 1577 1032 1632 illam.
1063 1597 1079 1629 ι
1108 1577 1272 1631 Maria
1293 1587 1471 1631 autem
1500 1577 1692 1644 majori
1720 1575 1930 1632 fervore
1953 1591 2111 1646 quam

534 1682 692 1721 soror
715 1683 810 1722 sua
839 1666 1048 1721 Martha
1075 1667 1302 1722 accessit
1331 1667 1396 1721 ad
1425 1666 1719 1722 Christum.
1752 1685 1771 1718 ι
1813 1664 1941 1720 Viso
1969 1667 2112 1721 enim

535 1759 648 1823 illo,
700 1759 894 1826 inquit,
931 1757 1159 1828 procidit
1194 1759 1260 1812 ad
1293 1757 1458 1828 pedes
1504 1757 1639 1826 ejus,
1679 1775 1699 1809 ι
1743 1770 1846 1810 non
1885 1756 2113 1810 reverita

535 1849 768 1915 turbam,
818 1864 992 1918 neque
1033 1849 1302 1917 suspicata
1335 1849 1525 1904 adesse
1560 1847 1850 1903 nonnullos
1877 1848 1972 1917 qui
2011 1847 2113 1901 ini-

537 1941 677 1994 mico
729 1955 858 2009 erga
909 1941 1186 1995 Christum
1235 1950 1420 1996 essent
1471 1941 1674 1996 animo.
1747 1941 1827 1995 Ad
1897 1939 2106 1994 nullum
2142 1921 2181 1975 Β

532 2044 712 2087 autem
771 2034 1044 2088 hominum
1103 2034 1430 2103 respiciebat
1483 2043 1748 2104 praesente
1801 2032 2106 2102 magistro,

533 2126 694 2194 idque
734 2141 901 2179 unum
945 2127 1204 2193 curabat,
1231 2137 1290 2180 ut
1337 2127 1417 2180 illi
1450 2141 1724 2181 sumnmm
1779 2125 2110 2193 impenderet

535 2219 816 2272 honorem.
851 2217 987 2272 Dicit
1009 2218 1159 2271 enim
1182 2235 1205 2274 τε
1242 2239 1261 2271 ‹
1294 2218 1538 2284 Domine,
1562 2222 1605 2273 si
1637 2217 1830 2272 fuisses
1856 2218 1964 2281 hic,
1997 2233 2105 2271 non

533 2305 722 2359 fuisset
753 2318 996 2362 mortuus
1026 2305 1194 2361 frater
1225 2324 1396 2364 meus.
1439 2328 1458 2360 ι
1513 2307 1720 2361 Martha
1757 2317 1934 2362 autem
1971 2307 2110 2362 nihil

535 2398 641 2452 tale
672 2397 798 2453 fecit
819 2437 832 2463 ,
866 2411 1039 2467 neque
1070 2400 1213 2453 enim
1265 2399 1530 2470 procidit,
1571 2399 1663 2454 sed
1696 2399 1866 2469 magis
1891 2398 2109 2452 Christo

529 2491 880 2558 promittente
907 2496 956 2548 ei
980 2493 1044 2547 de
1073 2491 1241 2547 fratre
1266 2493 1510 2558 meliora,
1538 2491 1785 2561 apparuit
1807 2490 2105 2545 incredula.

530 2577 768 2634 Tametsi
811 2591 866 2635 et
906 2581 1018 2651 ipsa
1059 2581 1226 2636 Maria
1260 2582 1437 2635 adhuc
1471 2579 1790 2649 imperfecta
1840 2579 2109 2643 videatur,

531 2673 658 2724 dum
711 2673 868 2736 dicit,
951 2691 972 2724 ι
1014 2671 1068 2727 Si
1105 2674 1305 2728 fuisses
1329 2674 1460 2738 hic,
1493 2688 1596 2756 npn
1632 2672 1820 2728 fuisset
1871 2682 2113 2726 mortuus

531 2764 700 2818 frater
735 2781 908 2832 meus,
967 2786 985 2819 ι
1023 2776 1264 2820 attamen
1296 2765 1547 2820 Christus
1575 2763 1639 2818 ad
1677 2764 1815 2819 hanc
1851 2780 1958 2819 non
1987 2764 2114 2818 dicit

533 2854 678 2922 quod
707 2857 771 2909 ad
804 2871 1050 2912 sororem
1083 2858 1222 2927 ejus,
1247 2872 1312 2911 eo
1343 2857 1483 2927 quod
1516 2857 1682 2910 multa
1714 2858 1872 2910 turba
1898 2857 2110 2918 aderat,

2223 653 2453 725 Ἰησοῦς,
2485 654 2545 708 οὐ
2581 653 2832 724 βραδύνει
2857 655 2891 725 ἡ
2924 654 3134 726 Μαρία,
3167 653 3281 710 ἀλλ’
3312 673 3332 708 ι
3367 653 3662 725 ἐγείρεται,
3694 655 3790 706 κα¹ι

2205 747 2345 818 πρὸς
2378 747 2542 801 αὑτὸν
2569 746 2808 818 ἔρχεται.
2843 766 2866 798 ι
2904 747 3065 801 Ὅθεν
3089 746 3271 818 δῆλον,
3318 745 3395 810 ὡς
3429 745 3529 800 οὐκ
3556 745 3623 800 ἂν
3659 761 3791 817 προ·

2211 838 2406 892 ἐλασεν
2433 838 2604 904 αὐτὴν
2649 840 2683 909 ἡ
2723 839 2924 910 Μάρθα
2956 839 3079 893 οὑδὲ
3113 839 3410 910 πρότερον,
3442 838 3604 908 εἴπερ
3645 837 3791 906 ἔγνω

2207 929 2347 998 αὕτη
2404 927 2496 982 τὴν
2561 929 2774 999 Ἰησοῦν
2823 929 3139 1001 ἐρχόμενον.
3191 947 3209 982 ι
3271 927 3438 982 Οὔπω
3480 929 3538 982 δέ
3577 927 3790 997 Ἰησοῦς

2211 1021 2461 1092 ἐληλύθει
2514 1022 2595 1084 είς
2629 1022 2732 1090 τὴν
2769 1022 2985 1094 κώμην.
3042 1041 3059 1073 ι
3095 1021 3482 1092 Σχολαιότερον
3515 1021 3626 1091 γὰρ
3665 1019 3792 1073 ἐϐά·

2209 1115 2376 1180 διξεν,
2412 1115 2499 1168 ἵνα
2539 1115 2613 1186 μὴ
2646 1113 2774 1186 δόξῃ
2815 1114 3005 1168 ἐαυτὸν
3037 1113 3386 1186 ἐπιρῤίπτειν
3411 1112 3488 1184 τῷ
3523 1111 3794 1184 θαύματι,

2211 1206 2328 1261 ἀλλ’
2370 1205 2444 1268 ὡς
2479 1205 2798 1274 ἀξιούμενος
2831 1206 2965 1276 παρ’
3007 1206 3258 1270 ἐκείνων,
3293 1204 3454 1259 τοῦτο
3492 1204 3795 1275 πεποιηκέ-

2212 1315 2322 1351 ναι.
2353 1295 2467 1350 Καὶ
2506 1297 2804 1368 ἐπειδήπερ
2842 1297 2901 1349 τὸ
2933 1296 3124 1366 μέλλον
3151 1296 3410 1365 γενέσθαι
3428 1296 3616 1367 θαῦμα
3646 1295 3796 1366 μέγα

2205 1381 2302 1457 ἦν,
2338 1386 2432 1439 καὶ
2459 1381 2570 1438 οἷον
2599 1385 2849 1454 ὀλιγάκις
2869 1386 3166 1456 πεποίηκε,
3197 1388 3289 1440 καὶ
3337 1386 3561 1458 ἔμελλον
3604 1385 3795 1438 πολλοὶ

2214 1478 2514 1550 κερδαίνειν
2558 1477 2626 1530 δι’
2659 1477 2858 1544 αὐτοῦ,
2910 1478 2996 1531 διὰ
3034 1477 3194 1530 τοῦτο
3233 1479 3511 1547 οἰκονομεῖ
3557 1475 3795 1538 πολλοὺς

2205 1571 2471 1641 γενέσθαι
2500 1570 2594 1625 τοῦ
2626 1571 2902 1640 θαύματος
2929 1572 3234 1643 μάρτυρας.
3263 1571 3403 1642 Φησὶ
3431 1571 3540 1642 γὰρ
3565 1573 3593 1624 ὁ
3624 1571 3796 1639 εὐαγ-

2211 1665 2491 1736 γελιστὴς,
2520 1664 2602 1718 ὅτι
2634 1683 2652 1714 ‹
2681 1664 2750 1717 Οἱ
2787 1665 3025 1718 Ἰουδαῖοι
3055 1665 3104 1718 οί
3131 1665 3283 1729 ὄντες
3319 1667 3375 1718 ἐν
3403 1664 3480 1734 τῷ
3509 1664 3643 1734 οῐκῳ
3670 1662 3797 1732 μετ’

2213 1756 2404 1826 αὐτῆς,
2461 1757 2840 1828 ⁴ἠκολούθησαν
2881 1758 3039 1828 αὐτῇ.
3080 1776 3098 1809 ι
3137 1758 3485 1829 Θερμότερον
3513 1757 3568 1810 δὲ
3601 1758 3635 1826 ὴ
3677 1758 3802 1810 Μα-

2219 1848 2310 1918 ρία
2331 1850 2486 1915 παρᾶ
2507 1849 2606 1920 τὴν
2631 1849 2863 1921 ἀδελφὴν
2889 1851 3118 1922 Μάρθαν
3144 1851 3413 1922 προσῆλθε
3438 1850 3517 1922 τῷ
3547 1848 3798 1922 Χριστῷ.

2217 1960 2236 1993 t
2281 1940 2488 1995 ’ἰδοῦσα
2517 1943 2624 2012 γὰρ
2653 1941 2832 2010 αὐτὸν,
2857 1944 3045 2013 φησὶν,
3079 1943 3274 1997 ἔπεσεν
3305 1943 3470 1999 αὑτοῦ
3495 1943 3634 2014 πρὸς
3654 1944 3788 2006 τοὺς

2205 2035 2379 2098 πόδας
2404 2050 2417 2063 ·
2475 2054 2492 2086 ι
2531 2034 2632 2087 οὐκ
2680 2035 2987 2088 αἰδεσθεῖσα
3035 2036 3128 2090 τῦν
3171 2036 3348 2107 ὄχλον,
3383 2037 3482 2106 οὐχ
3519 2034 3792 2089 ὑποπτεύ-

2585 2125 2608 2140 σν
2957 2123 2982 2142 τ
3276 2130 3297 2142 ..
3376 2129 3398 2143 ε
3625 2109 3686 2140 ο.
3763 2125 3791 2138 α

2204 2141 2349 2178 σασα
2377 2125 2550 2187 ὅλως,
2583 2141 2688 2190 οτι,
2745 2126 2891 2190 είκδς
2930 2126 3068 2179 ειναί
3099 2145 3246 2189 τινας
3281 2145 3394 2180 εκει
3436 2127 3694 2198 ἀπεχθως
3716 2143 3801 2194 τῳ

2205 2217 2432 2288 ’Χριστῷ
2493 2217 2754 2288 ἔχοντας’
2824 2219 3000 2273 πάντα
3064 2219 3119 2272 δὲ
3179 2219 3519 2291 ἀνθρώπινον
3593 2218 3802 2272 σκοπὶν

2209 2308 2546 2374 ἐκϐαλοῦσα,
2586 2310 2856 2379 παρόντος
2888 2310 2980 2364 τοῦ
3012 2311 3367 2376 διδασκάλου,
3409 2311 3507 2365 καὶ
3558 2309 3802 2380 ἐμμονος

2203 2400 2475 2470 γενομένη
2505 2402 2606 2469 τῆς
2635 2401 2714 2464 είς
2743 2402 2906 2456 αὐτὸν
2943 2403 3129 2473 τιμῆς,
3161 2403 3294 2472 φησί
3327 2418 3342 2433 °
3383 2421 3402 2454 ι
3425 2401 3623 2469 Κύριε,
3657 2401 3705 2452 εἰ
3729 2395 3804 2470 ἧς

2206 2485 2342 2555 ὦδε,
2373 2491 2472 2544 οὐκ
2504 2493 2569 2545 ἂν
2597 2493 2833 2546 ἀπέθανέ
2864 2512 2965 2564 μου
2996 2497 3023 2548 6
3052 2495 3301 2564 ἀδελφός.
3337 2514 3361 2549 ι
3405 2496 3468 2549 Ἦ
3495 2497 3551 2550 δὲ
3588 2496 3798 2566 Μάρόα

2208 2583 2364 2636 οὐδὲν
2396 2582 2635 2636 τοιοῦτον
2684 2586 2860 2638 ποιεῖ·
2915 2584 3036 2638 οὗτε
3068 2587 3174 2658 γὰρ
3227 2588 3607 2658 προσπίπτει.
3662 2587 3804 2640 ἀλλὰ

2215 2672 2419 2741 μᾶλλον
2468 2673 2544 2742 τῷ
2601 2673 2823 2744 Χριστῷ
2878 2675 3293 2747 ὑπισχνουμένῳ
3347 2677 3484 2748 αὐτῇ
3515 2677 3654 2744 περὶ
3697 2675 3804 2728 τοῦ

2213 2762 2444 2832 ἀδελφοῦ
2478 2766 2545 2817 τά
2577 2766 2916 2837 χρηστότερα
2961 2766 3212 2836 φαίνεται
3233 2768 3570 2823 ἀπιστοῦσα.
3607 2767 3727 2820 Κᾶν
3767 2770 3803 2836 ὴ

2211 2856 2402 2926 Μαρία
2429 2856 2488 2910 δέ
2517 2857 2722 2920 ᾱτελιίις
2765 2858 2856 2910 καὶ
2890 2859 3026 2930 αὕτη
3059 2859 3309 2928 φαίνεται
3349 2859 3548 2930 ἔχουσα
3577 2859 3673 2913 διὰ
3702 2859 3802 2911 τοῦ

532 2956 588 3001 et
613 2964 720 3001 non
753 2957 872 3004 erat
909 2957 1122 3019 tempus
1155 2949 1418 3020 ejusmodi
1451 2950 1762 3013 verborum,
1805 2949 1898 3004 sed
1943 2963 2002 3003 se
2038 2948 2111 3002 illi

2215 2951 2410 3018 εἰπεῖν,
2447 2969 2466 3000 ι
2499 2948 2560 3002 Εἰ
2584 2945 2652 3020 ἧς
2680 2944 2802 3013 ὦδε,
2824 2952 2924 3004 οὐκ
2945 2951 3011 3004 ἂν
3035 2951 3270 3005 ἀπέθανέ
3306 2969 3406 3022 μου
3429 2953 3457 3004 6
3487 2952 3742 3019 ἁδελφὸς,
3777 2969 3799 3002 ι

533 3047 875 3110 attemperat,
914 3051 969 3096 et
993 3043 1228 3096 denudat
1256 3043 1545 3095 humanam
1575 3057 1726 3095 suam
1758 3051 2029 3106 naturam,
2058 3049 2112 3094 et

2217 3041 2368 3110 ὅμως
2409 3041 2564 3094 οὐδὲν
2597 3042 2733 3112 πρὸς
2758 3043 2962 3112 ταῦτῃν
2988 3045 3017 3096 6
3048 3043 3280 3112 Χριστος
3317 3043 3480 3112 λέγει,
3519 3040 3632 3096 οἷον
3662 3043 3807 3112 πρὸς

533 3130 785 3186 humanae
835 3140 1043 3187 naturae
1093 3132 1480 3202 proprietatem
1527 3132 1748 3187 indicat.
1786 3131 1926 3186 Audi
1969 3130 2111 3187 enim

2213 3133 2315 3204 τὴν
2341 3133 2574 3202 ἀδελφὴν
2603 3135 2793 3206 αὐτῆς,
2820 3135 2906 3187 διά
2925 3137 2992 3188 τὺ
3019 3136 3187 3190 πολὺν
3212 3139 3466 3206 παρεῖναι
3487 3135 3672 3205 ὄχλον,
3698 3136 3809 3186 καὶ

532 3223 658 3290 quid
686 3224 829 3278 dicat
865 3226 1215 3296 evangelista.

2221 3225 2296 3294 μὴ
2334 3218 2475 3276 εἶναι
2519 3226 2710 3296 καιρὶυν
2745 3225 2858 3279 τῶν
2887 3226 3142 3280 τοιούτων
3177 3227 3460 3298 ῥημάτων.
3508 3227 3770 3293 Συγκατα
3792 3255 3806 3263 -

531 3315 703 3368 ϐαίνει
743 3316 804 3369 δέ
854 3315 1086 3386 μᾶλλον,
1121 3317 1214 3369 καὶ
1257 3318 1567 3388 ἁπογυμνοῖ
1615 3315 1713 3387 τὴν
1757 3315 2110 3387 ἀνθρωπίνην
2148 3316 2330 3385 φύσιν,
2356 3320 2450 3372 καὶ
2473 3319 2545 3372 τὰ
2569 3317 2772 3390 ταύτης
2796 3321 2974 3373 οίκεῐα
3001 3320 3359 3373 ἐνδείκνυται.
3424 3321 3624 3372 ’Δκονε
3653 3312 3801 3391 γὰρ

529 3409 582 3461 τί
614 3427 777 3480 φησιν
805 3413 833 3465 6
859 3412 1272 3482 εὖαγγελιστής.

603 3501 768 3557 Vens.
797 3504 992 3558 ’ὃὸ-57.
1027 3523 1051 3555 ι
1115 3503 1272 3559 Jesus
1305 3519 1433 3573 ergo
1463 3513 1526 3558 ut
1561 3503 1695 3558 vidit
1727 3519 1848 3558 eam
1894 3504 2112 3572 ploran-

2289 3520 2310 3554 t
2362 3501 2568 3570 Ἰησοῦς
2600 3499 2693 3554 οὖν
2713 3499 2791 3564 ὡς
2827 3497 2970 3554 εἶδεν
3001 3501 3170 3572 αὐτὴν
3198 3500 3508 3566 κλαίουσαν,
3541 3502 3638 3556 καὶ
3673 3503 3812 3562 τοὺς

423 3585 430 3593 ’
530 3603 663 3659 tem,
695 3605 748 3650 et
773 3594 984 3652 Judazos
1013 3598 1103 3666 qui
1134 3607 1395 3651 venerant
1422 3612 1544 3651 cum
1576 3612 1636 3650 ea
1695 3595 1988 3666 plorantes,
2027 3595 2113 3648 itt-

532 3689 753 3743 fremuit
789 3689 1006 3759 spiritu,
1055 3700 1108 3745 et
1145 3690 1380 3745 turbavit
1404 3690 1673 3760 seipsum,
1702 3699 1759 3743 et
1789 3687 1924 3742 dixit
1958 3705 1971 3740 :
2015 3686 2113 3741 Ubi

529 3779 788 3847 posuistis
826 3780 992 3833 eum?
1024 3779 1221 3833 Dicunt
1265 3780 1312 3832 ci
1356 3795 1370 3832 :
1417 3779 1678 3843 Domine,
1709 3777 1834 3831 veni
1875 3786 1932 3830 et
1973 3775 2111 3832 vide.

534 3869 889 3940 Lact-matus
915 3878 1003 3925 est
1044 3869 1225 3924 Jesus.
1266 3869 1527 3925 Dixerunt
1562 3885 1689 3938 ergo
1720 3867 1890 3922 Judtri
1923 3884 1941 3924 :
1979 3867 2115 3922 Ecce

532 3961 805 4030 quomodo
859 3961 1023 4032 662
1074 3963 1290 4014 amabat
1331 3977 1479 4015 eum.
1533 3960 1764 4026 Quidam
1817 3968 1998 4014 autem
2041 3975 2112 4012 cx

532 4053 665 4121 ipsis
699 4053 953 4108 dixerunt
986 4071 1000 4106 :
1029 4051 1147 4106 Non
1184 4063 1396 4122 poterat
1427 4052 1516 4105 hic
1545 4053 1637 4119 qui
1670 4051 1882 4119 aperuit
1931 4050 2115 4104 oculos

533 4147 680 4210 caeci,
721 4144 901 4200 facere
953 4152 1012 4198 ut
1039 4144 1132 4199 hic
1161 4159 1266 4197 nun
1305 4142 1646 4197 moreretur?
1679 4161 1698 4194 ι
1735 4142 2114 4214 Adiacrymas

532 4239 749 4308 quidem
783 4247 973 4291 natura
1005 4245 1150 4290 mota
1176 4247 1279 4300 est,
1317 4245 1370 4289 et
1400 4234 1718 4290 turbabatur
1739 4243 1964 4303 propter
1996 4234 2107 4287 Ma-

2216 3592 2569 3654 συνελθόντας
2617 3593 2752 3666 αὐτῇ
2799 3593 3088 3658 Ἰουδαίους
3131 3594 3452 3661 κλαίοντας,
3497 3596 3810 3669 ἐνεόριμή-

2217 3703 2348 3740 σατο
2373 3685 2449 3755 τῷ
2499 3683 2792 3754 πνεύματι,
2835 3687 2929 3739 καὶ
2957 3687 3218 3758 ἐτάραξεν
3249 3689 3461 3750 ἐαυτὸν.
3497 3689 3598 3742 καὶ
3636 3685 3765 3741 εἷπε
3791 3706 3809 3721 ο

2215 3776 2327 3828 Ποῦ
2355 3777 2628 3828 τεθείκατε
2660 3775 2823 3827 αὐτόν
2847 3791 2860 3840 ;
2893 3776 3158 3845 Λέγουσιν
3186 3778 3333 3848 αὑτῷ
3353 3794 3372 3808 ⁶
3408 3779 3604 3848 Κύριε,
3631 3778 3810 3850 ἔρχου

2217 3868 2311 3921 καὶ
2348 3869 2444 3920 ἴδε.
2501 3868 2829 3937 Ἐὃάκρυσεν
2857 3869 2887 3921 6
2927 3869 3154 3940 Ἰησοῦς.
3189 3869 3414 3938 Ἔλεγον
3441 3869 3534 3924 οὖν
3569 3872 3621 3924 οἰ
3663 3871 3812 3925 Ἰου-

2215 3961 2388 4013 δαῖοιο
2431 3959 2537 4014 Ἴδε
2600 3959 2718 4023 πῶς
2772 3960 2944 4029 ἐφίλει
2994 3962 3176 4016 αὐτόν.
3227 3962 3384 4027 me;
3435 3963 3491 4016 δὲ
3527 3964 3588 4030 ἐξ
3620 3965 3815 4018 αὐτῶν

2215 4047 2408 4104 εἷπονο
2463 4049 2576 4103 Οὐκ
2609 4050 2838 4120 ἠδύνατο
2875 4045 3058 4118 οὗτος,
3109 4055 3136 4106 6
3176 4055 3392 4119 ἀνοίξας
3423 4056 3550 4120 τοὺς
3595 4056 3816 4126 ὀφθαλ-

2215 4143 2354 4214 μοὺς
2407 4142 2502 4196 τοῦ
2533 4143 2734 4212 τυφλοῦ
2759 4183 2772 4208 ,
2809 4143 3068 4214 ποιῆσαι,
3104 4147 3192 4200 ἵνα
3241 4149 3335 4200 καὶ
3364 4140 3520 4212 οὗτος
3555 4149 3636 4222 μὴ
3669 4153 3816 4205 ἀπο-

2217 4234 2387 4304 θάνῃς
2435 4253 2454 4285 ι
2485 4234 2580 4298 Είς
2606 4234 2817 4305 δάκρυα
2851 4237 2948 4306 μέν
2977 4239 3008 4307 ἡ
3049 4238 3208 4306 φύσις
3243 4240 3493 4306 ἐκινεῖτο,
3538 4243 3639 4296 καὶ
3684 4261 3818 4297 συν-

531 4329 669 4384 riam
702 4326 917 4381 flentem
945 4336 998 4380 et
1023 4327 1197 4395 ipsam
1261 4335 1315 4378 et
1336 4340 1428 4380 eos
1456 4325 1546 4394 qui
1582 4325 1827 4380 aderant.
1851 4323 2115 4380 Domi-nus

532 4418 774 4474 infremit
814 4418 871 4472 in
903 4417 1246 4472 affectionem
1290 4415 1484 4484 spiritu
1509 4454 1526 4479 ,
1593 4415 1696 4468 hoc
1725 4423 1833 4480 est,
1867 4415 2116 4485 increpat

2216 4327 2392 4394 ἐχεῖτο
2417 4325 2504 4379 διὰ
2527 4325 2627 4397 τὴν
2651 4326 3188 4397 Μαρίανκλαίουσαν
3213 4333 3310 4385 καὶ
3329 4333 3522 4402 αὑτὴν,
3555 4335 3656 4388 καλ
3677 4338 3814 4401 τοὺς

2219 4415 2595 4479 συνελθόντας.
2644 4415 2706 4470 '0
2733 4418 2793 4471 δέ
2825 4419 3030 4490 Κύριος
3060 4421 3400 4494 ἐμόριμᾶται
3429 4424 3506 4493 τῷ
3544 4426 3719 4480 πᾶθει
3760 4431 3820 4480 ἐν

2213 4505 2292 4576 τῷ
2325 4506 2620 4576 πνεύματι,
2669 4508 2980 4574 τουτέστιν,
3017 4511 3244 4582 ἐπιτιμᾷ
3287 4511 3374 4565 διὰ
3412 4511 3507 4566 τοῦ
3553 4517 3825 4588 πνεύμα-

530 4612 721 4672 rogat,
758 4612 816 4657 ut
847 4617 951 4656 non
983 4615 1106 4656 cum
1143 4600 1351 4654 triula-tu
1387 4608 1535 4654 esset
1565 4599 1936 4669 inter-rogatio.
1976 4599 2112 4666 Quia

2216 4613 2306 4658 τος
2339 4599 2407 4666 τῇ
2460 4596 2758 4666 συγχύσει,
2811 4599 2906 4651 καὶ
2961 4600 3148 4670 ἐπέχει
3197 4602 3438 4674 ταύτην,
3487 4605 3588 4658 καὶ
3633 4606 3822 4671 οὕτως

531 4693 672 4748 enim
699 4692 1056 4746 contristatus
1081 4689 1184 4746 fuit
1213 4688 1402 4761 [homo
1426 4689 1573 4744 enim
1598 4699 1717 4745 erat
1739 4689 1886 4761 vere]
1914 4700 1970 4744 ut
1997 4706 2112 4746 ere-

2215 4687 2416 4756 ἐρωτᾷ,
2455 4687 2594 4741 ὥστε
2628 4686 2704 4756 μὴ
2735 4688 2874 4757 μετά
2912 4688 3221 4758 ὀλοφυρμοῦ
3253 4693 3508 4760 γενέσθαι
3541 4697 3647 4766 τὴν
3678 4699 3825 4768 ἐρῶ·

531 4786 712 4840 dibilis
741 4796 890 4841 esset
930 4786 1166 4839 humana
1202 4794 1417 4850 natura,
1451 4783 1702 4852 permisit
1733 4783 1806 4838 illi
1836 4783 2110 4853 proprium

2215 4793 2393 4845 τησιν.
2448 4777 2600 4828 Ἐπεὶ
2637 4775 2745 4845 γὰρ
2765 4775 3012 4847 ἐλυπήθη
3057 4779 3380 4849 (ἄνθρωπος
3412 4784 3523 4853 γὰρ
3579 4781 3651 4856 ἦν
3682 4789 3827 4860 ἀλη-

529 4879 779 4946 operari,
804 4885 860 4931 et
888 4891 1078 4946 aspere
1114 4885 1309 4931 tractat
1337 4889 1580 4942 carnem,
1615 4876 1966 4945 increpatque
1993 4889 2109 4930 eam

2212 4867 2348 4930 θῶς,
2373 4867 2466 4920 κοιλ⁵
2489 4867 2579 4920 διὰ
2610 4867 2670 4919 τὸ
2696 4845 3077 4922 πιστώσασθαι
3099 4845 3210 4941 τὴν⁷
3231 4845 3588 4946 ἀνθρωπίνην
3601 4845 3696 4948 ’φύ
3710 4845 3820 4944 σιν,

532 4964 770 5037 Spiritus
805 4966 980 5021 sancti
1020 4966 1245 5020 virtute.
1288 4965 1475 5034 Itaque
1512 4979 1644 5020 caro
1683 4981 1788 5019 nan
1823 4965 2005 5022 ferens
2031 4966 2112 5019 in-

2212 4963 2448 5016 ἐνέδωκε
2477 4962 2651 5032 ταύτῃ
2685 4961 2744 5013 τὸ
2771 4961 2908 5014 ἴδιον
2942 4963 3346 5036 ἐργάσασθαι),
3380 4971 3479 5022 καὶ
3533 4972 3824 5044 ἐπιπλήτ-

525 5059 895 5128 crepationem
921 5099 935 5125 ,
978 5058 1230 5113 turbatur
1274 5066 1330 5114 et
1380 5057 1600 5123 fremit,
1633 5068 1688 5112 et
1728 5074 1850 5112 cum
1877 5071 2112 5113 mrore

2212 5071 2299 5106 τει
2323 5057 2390 5123 τῇ
2419 5052 2608 5124 σαρκὶ,
2637 5052 2736 5105 καλ⁸
2765 5053 2994 5124 ἐπιτιμᾷ
3021 5057 3163 5126 αὐτῇ
3201 5059 3268 5128 τῇ
3300 5058 3393 5111 τοῦ
3435 5060 3598 5128 ἁγίου
3634 5063 3824 5116 Ilvati-

531 5155 753 5218 pugnat.
793 5145 922 5201 Haec
956 5155 1134 5201 autem
1185 5148 1366 5202 omnia
1411 5148 1676 5202 Dominus
1717 5156 1968 5202 naturam
2007 5148 2112 5213 pati

2212 5159 2390 5213 ματος
2417 5143 2665 5213 δυνάμει.
2722 5142 2785 5195 Ἦ
2811 5141 2906 5196 οὖν
2937 5145 3073 5215 σὰρξ
3107 5147 3182 5216 μὴ
3220 5148 3521 5216 ἐνεγκοῦσα
3555 5151 3662 5223 τὴν
3694 5155 3826 5207 ἐπι-

532 5239 820 5308 permittit,
851 5247 911 5292 ut
933 5241 1218 5293 conﬁrmet
1243 5240 1387 5311 quod
1421 5254 1547 5295 vere
1569 5252 1622 5295 et
1653 5254 1760 5294 non
1790 5248 2112 5309 apparenter

2216 5237 2480 5306 τίμησιν,
2518 5234 2876 5305 ταράσσεται,
2933 5238 3025 5288 καὶ
3073 5239 3288 5308 τρέμει,
3337 5241 3434 5294 καὶ
3478 5245 3582 5312 τῆς
3633 5245 3828 5317 λύπης

534 5340 739 5384 tantum
791 5329 871 5386 sit
903 5329 1086 5396 homo,
1123 5341 1189 5386 et
1217 5341 1278 5386 ut
1316 5333 1504 5387 doceat
1542 5347 1644 5386 nos
1689 5339 1744 5384 et
1777 5330 2112 5384 terminoset

2218 5328 2563 5398 mptxparsi.
2619 5327 2804 5380 Ταῦτα
2851 5327 2908 5380 δὲ
2944 5330 3122 5384 πάντα
3166 5335 3442 5405 συγχωρεῖ
3485 5336 3588 5408 τὴν
3647 5339 3827 5407 φύσιν

531 5423 748 5477 modum
809 5424 1045 5478 tristitite
1099 5439 1298 5495 ponere
1350 5424 1577 5493 ejusque
1627 5421 1926 5478 contrario.
1978 5419 2111 5474 Nam

2217 5415 2454 5486 πάσχειν
2481 5420 2509 5471 ὁ
2533 5417 2760 5489 Κύριος,
2793 5419 2906 5487 ἅμα
2937 5420 3036 5490 μὲν
3061 5422 3156 5474 καὶ
3186 5423 3443 5494 βεϐαιῶν,
3476 5428 3559 5483 ὅτι
3589 5431 3828 5504 άληθῶς

529 5515 737 5583 absque
788 5517 1167 5586 compassione
1216 5525 1271 5572 et
1324 5516 1772 5586 lacrymis-esse,
1815 5511 2112 5566 bestiarum

2217 5509 2320 5562 atat
2351 5509 2412 5561 οὐ
2447 5509 2588 5563 κατὰ
2640 5511 2942 5577 φαντασίαν
2984 5512 3269 5582 ἄνθρωπο,
3321 5513 3411 5589 ἦν,
3455 5521 3577 5590 ἅμα
3617 5524 3680 5578 δὲ
3723 5529 3828 5583 καὶ

2225 5600 2498 5654 παιδεύων
2523 5602 2672 5671 ἡμᾶς
2703 5604 2797 5654 καὶ
2830 5603 2988 5669 ὄρους
3028 5606 3122 5657 καὶ
3155 5607 3329 5678 μέτρα
3368 5612 3466 5680 τῆς
3497 5613 3686 5686 λύπης
3723 5620 3829 5672 κειὶ

529 5702 685 5767 stari,
721 5702 1035 5759 mulierum.
1088 5704 1258 5774 Igitur
1285 5718 1408 5758 cum
1445 5711 1642 5755 nostm
1688 5699 1868 5753 carnis
1891 5707 1948 5752 et
1983 5713 2112 5751 san-

2214 5691 2322 5762 τῆς
2353 5690 2582 5755 ἀλυπίας
2612 5691 2802 5754 τιθείς.
2846 5693 2917 5744 T6
2945 5710 3004 5745 τε
3045 5696 3155 5766 γὰρ
3183 5700 3509 5770 ἀσυμπαθές
3552 5710 3650 5760 καὶ
3683 5711 3831 5763 ἄδα-

528 5791 706 5860 guinis
728 5794 1002 5864 particeps
1036 5800 1207 5858 esset,
1247 5792 1518 5863 particeps
1545 5801 1765 5858 quoque
1799 5785 1899 5840 fuit
1927 5787 2112 5840 huma-

2223 5801 2352 5854 κρυ,
2380 5784 2664 5855 θηριῶδες,
2693 5785 2752 5836 τό
2781 5801 2842 5836 τε
2881 5784 3188 5858 πολύδακρυ
3229 5793 3322 5844 atati.
3351 5796 3692 5870 φιλόθρηνον
3718 5804 3832 5858 ναὶ

531 5897 718 5938 naruzu
762 5893 818 5940 et
859 5885 1187 5940 naturalium
1222 5881 1570 5938 aﬂ‘ectiouum
1593 5919 1609 5946 ,
1655 5887 1710 5935 et
1744 5876 1972 5934 istarum
1999 5891 2112 5934 -ιιιο‹

2226 5874 2566 5941 πολύλυπον,
2606 5875 2960 5943 γυναικῶδες.
3008 5875 3160 5932 Ἐπεὶ
3193 5883 3374 5937 τοίνυν
3404 5891 3833 5966 κεκοινώνηκεν

530 4526 630 4583 per
668 4512 917 4582 spiritum
974 4507 1374 4573 confusionem,
1405 4517 1460 4562 et
1492 4507 1708 4561 cohibet
1752 4507 1928 4572 iltam,
1953 4516 2010 4562 et
2040 4509 2116 4562 sic

528 5616 661 5665 est:
709 5607 939 5663 multum
992 5621 1172 5664 autem
1205 5608 1524 5678 iacrymari,
1571 5606 1789 5676 plorare
1815 5613 1870 5658 et
1911 5602 2115 5657 contri-
