4060 6584
436 419 540 487 M3

1349 402 1930 471 THEOPHYLACTI
1964 398 2383 464 BULGABIIE
2412 393 2766 459 ARCHIEP.

3587 380 3699 446 104

433 533 591 606 quasi
643 527 983 604 impossibile
1014 523 1333 582 existinmas
1362 531 1586 595 propter
1635 521 1845 578 dierum
1889 516 2028 574 mul-

2148 533 2231 580 ›ας
2261 512 2590 585 γενομένους
2621 507 2715 564 τοῦ
2773 504 3028 578 σημείου.
3055 501 3128 556 Th
3155 501 3293 606 6a,:
3344 498 3484 569 Ἤδη
3540 496 3657 562 δζει
3687 511 3704 528 ο

435 631 470 685 ti
484 629 718 683 tudinem
753 624 946 679 [ratem
970 617 1222 676 suscitari
1253 634 1272 674 :
1307 618 1381 672 ita
1412 616 1590 670 adhuc
1639 613 1785 668 humi
1841 618 2018 681 repta-

438 724 553 778 bat.
586 721 654 774 At
679 717 926 773 Christus
963 727 1084 767 eam
1112 709 1385 767 recordari
1429 708 1632 763 faciens
1666 719 1853 761 eorum
1900 717 2022 773 quae

437 826 563 870 ante
589 814 816 872 dixerat,
839 818 892 864 et
923 805 1097 862 ferme
1122 815 1178 859 ut
1199 803 1339 859 male
1369 814 1663 856 memorem
1702 799 2021 865 increpans,

437 901 603 956 dicit:
643 917 662 950 ι
693 896 883 950 Nonne
923 894 1034 949 dixi
1080 893 1172 947 tibi
1205 893 1348 962 quod
1397 892 1441 946 si
1490 887 1808 953 credideris,
1837 885 2023 940 visura

434 994 508 1047 sis
533 987 922 1062 gloriam'Dei?
959 1005 978 1038 ι
1007 984 1307 1055 Discipulis
1333 984 1498 1053 igitur
1551 980 1800 1035 dicebat:
1833 996 1852 1030 ι
1889 978 2022 1031 Pro-

436 1093 560 1156 pter
584 1083 687 1137 lioc
711 1091 958 1136 mortuus
1005 1087 1085 1132 est
1117 1077 1374 1138 Lazarus,
1400 1082 1460 1127 ut
1488 1072 1816 1144 gloriﬁcezur
1855 1066 2026 1123 Filius

437 1176 551 1231 Dei.
583 1194 600 1227 ι
633 1173 857 1229 Marthae
889 1187 1019 1226 vero
1072 1170 1245 1238 inquit
1271 1187 1286 1221 :
1321 1185 1340 1219 ι
1369 1166 1608 1220 Gloriam
1635 1162 1838 1217 videbis
1865 1158 1978 1223 Dei,
1998 1176 2018 1212 ι

437 1273 501 1324 de
518 1269 678 1324 Patre
710 1267 920 1320 dicens.
947 1261 1246 1316 lulirmitas
1269 1261 1412 1314 enim
1431 1253 1837 1312 audientiumin
1856 1266 2025 1306 causa

445 1369 529 1414 est
554 1369 612 1413 ut
638 1360 751 1413 liazc
774 1355 923 1410 varie
950 1355 1224 1428 dicaptur.
1253 1350 1387 1405 Nam
1415 1365 1535 1403 cum
1551 1346 1718 1401 Judaei
1786 1350 2028 1400 astareut

444 1453 542 1516 ibi,
577 1465 686 1505 non
741 1449 962 1518 dignum
1001 1454 1122 1499 erat
1150 1445 1335 1498 dicere
1371 1440 1704 1497 Dominum:
1740 1454 1759 1488 ι
1804 1433 2025 1490 Videbis

442 1545 666 1616 gloriam
699 1543 816 1598 Filii
860 1541 973 1595 Dei.
1019 1557 1036 1590 ι
1074 1536 1300 1607 Alioqui
1331 1535 1486 1616 visus
1507 1531 1698 1586 luisset
1727 1530 1793 1583 de
1843 1528 2027 1597 seipso

445 1647 760 1706 arrog'dlllel'
782 1633 949 1702 loqui.
987 1631 1145 1686 Nunc
1172 1641 1351 1683 autem
1391 1627 1455 1681 de
1481 1614 1662 1679 Patre
1716 1621 1924 1676 caelesti
1955 1621 2031 1674 di-

443 1746 592 1796 cens,
630 1741 933 1783 sermonem
957 1723 1090 1779 facit
1112 1723 1520 1786 modestiorem,
1549 1720 1836 1784 minusque
1869 1728 2029 1782 repu-

443 1826 726 1876 diattdum.
753 1819 935 1886 Quare
971 1827 1150 1872 autem
1178 1823 1431 1886 precatus
1460 1821 1542 1867 est
1567 1853 1584 1879 ,
1619 1810 1730 1865 imo
1783 1821 2030 1878 precan-

2122 587 2441 676 τεταρταῖος
2469 604 2579 672 γάρ
2607 603 2780 665 ἐστιν,
2822 617 2840 650 ι
2870 593 3178 651 ἀπιστοῦσα
3216 587 3369 645 εἷπεν
3413 591 3448 660 ἡ
3475 587 3704 659 Μάρθα,

2122 701 2200 762 ὡς
2249 697 2512 752 ἀδύνατον
2559 691 2706 749 εἶναι
2761 691 3031 762 νομίσασα
3062 687 3124 742 τδ
3181 683 3482 753 ἀναστῆναι
3533 680 3706 750 αὐτῆς

2123 792 2215 846 τὸν
2236 788 2462 859 ἀδελφὺν
2489 787 2578 840 διὰ
2622 787 2683 840 τὸ
2743 785 2920 856 μῆκος
2952 782 3062 834 τῶν
3110 777 3332 849 ἡμερῶν
3365 792 3380 806 ο
3402 774 3574 836 οὕτως
3625 774 3708 825 ἐτι

2127 884 2280 940 κάτω
2319 883 2638 953 στρέφεται.
2699 877 2758 932 '0
2792 877 2849 931 δὲ
2884 874 3120 946 Χριστὸς
3159 871 3591 940 ἀναμιμνήσκων
3613 866 3708 920 αὐ-

2124 977 2248 1047 τὴν,
2275 969 2350 1030 ὧν
2386 973 2523 1046 πρὸς
2555 971 2724 1042 αὐτὴν
2779 967 3050 1038 διελέχθη,
3075 965 3166 1018 καὶ
3198 962 3384 1034 σχεδὸν
3437 959 3708 1029 ἐπιτιμῶν

2123 1067 2201 1132 ὡς
2245 1067 2657 1138 άμνημονούσῃ,
2695 1062 2896 1134 φησίνο
2929 1078 2949 1112 ι
2989 1059 3102 1113 Οὐκ
3130 1052 3282 1110 εἶπόν
3337 1071 3439 1117 σοι,
3472 1054 3553 1106 ὅτι
3612 1051 3710 1103 ἐὰν

2127 1159 2448 1231 πιστεύσῃς,
2470 1155 2592 1225 ὄψει
2615 1155 2713 1226 τὴν
2750 1153 2910 1220 δόξαν
2931 1149 3024 1204 τοῦ
3057 1147 3230 1213 Θεοῦ;
3266 1164 3283 1197 ι
3332 1145 3460 1207 Τοῖς
3491 1144 3588 1213 μὲν
3615 1140 3711 1194 οῦν

2131 1229 2401 1322 μαθηταῖς
2471 1247 2658 1315 ἔλεγεν
2687 1258 2701 1273 °
2769 1261 2788 1296 ι
2851 1243 2969 1296 Ἵνα
3072 1238 3303 1308 δοξασθῇ
3359 1238 3386 1288 ὁ
3435 1233 3561 1295 Υἱὸς
3614 1229 3710 1283 τοῦ

2127 1340 2288 1406 Θεοῦ,
2323 1359 2344 1394 ι
2381 1340 2473 1393 διὰ
2511 1337 2672 1392 τοῦτο
2713 1333 2952 1389 ἀπέθανε
2975 1329 3227 1401 Λάζαρος
3251 1343 3265 1358 ο
3293 1330 3359 1396 τῇ
3381 1325 3439 1378 δὲ
3481 1322 3709 1394 Μάρθα,

2133 1455 2153 1488 ι
2199 1436 2311 1507 Τὴν
2348 1434 2528 1501 δόξαν,
2553 1430 2742 1502 φησὶν,
2777 1429 2898 1500 ὕψει
2926 1427 3019 1481 τοῦ
3070 1423 3227 1488 Θεοῦ,
3268 1440 3287 1474 ι
3324 1417 3568 1491 περὶτοῦ
3599 1417 3712 1470 Πα-

2128 1528 2256 1599 τρδς
2282 1528 2477 1593 λέγων.
2520 1525 2583 1580 Ἥ
2638 1523 2746 1594 γὰρ
2792 1521 3048 1577 ἀσθένεια
3092 1517 3201 1570 τῶν
3258 1514 3562 1568 ἀκουόντων
3613 1507 3710 1562 τοῦ

2131 1620 2404 1691 διαφόρως
2454 1618 2526 1672 τὰ
2571 1617 2842 1686 λεγόμενα
2875 1613 3132 1683 λέγεσθαι
3155 1610 3303 1665 αἰτία
3347 1607 3512 1660 ἐστίν.
3558 1603 3716 1656 Ἐπεὶ

2129 1716 2240 1786 γάρ
2285 1713 2525 1768 Ἰουδαῖοι
2561 1713 2898 1782 παρίσταντο
2926 1708 3061 1770 ἐκεῖ,
3093 1705 3192 1758 οὐκ
3210 1699 3278 1774 ἦν
3301 1699 3446 1762 εἰκὸς
3465 1699 3554 1751 τὸν
3597 1695 3716 1749 Κύ-

2135 1825 2252 1878 ριον
2279 1808 2476 1869 εἰπεῖν,
2508 1806 2592 1860 δτι
2622 1823 2641 1857 ι
2706 1803 2867 1873 Ὀψει
2921 1801 3020 1872 τὴν
3073 1799 3230 1865 δόξαν
3284 1794 3379 1848 τοῦ
3423 1791 3554 1847 Υἱοῦ
3621 1789 3716 1843 τοῦ

445 1917 512 1978 iis
568 1882 798 1986 ﬁgurati;
847 1907 1134 1980 suscepit?
1179 1882 1366 1977 ipsum
1416 1905 1702 1960 Dominum
1755 1901 2024 1955 dicentem

2148 1901 2311 1956 θεοῦ·
2345 1919 2363 1952 ι
2405 1899 2441 1971 ἦ
2495 1898 2604 1970 γάρ
2662 1898 2729 1952 ἀν
2779 1895 2926 1960 εδοξε
2978 1893 3108 1963 περὶ
3136 1888 3331 1944 ἑαυτοῦ
3381 1882 3714 1958 κομπάζειν.

447 2010 595 2064 audi.
671 2005 852 2076 lnquit
945 2004 1147 2058 enim:
1211 2019 1231 2052 ι
1284 1999 1511 2068 Propter
1580 1995 2028 2050 circumstantem

453 2101 667 2156 turbam
721 2098 856 2164 dixi,
907 2104 965 2151 ut
1012 2094 1242 2150 credant
1281 2091 1425 2161 quod
1485 2099 1538 2142 tu
1581 2102 1666 2142 nte
1734 2084 1970 2140 miseris.
2007 2100 2027 2136 ι

447 2195 600 2260 Quod
635 2202 815 2246 autem
848 2188 996 2252 dicit,
1029 2187 1104 2241 ita
1129 2201 1188 2260 se
1218 2185 1384 2239 liabet
1414 2201 1432 2238 :
1455 2179 1526 2236 Ut
1555 2195 1624 2236 ne
1652 2176 2026 2234 adversarium

447 2284 542 2341 Dei
577 2301 663 2341 me
690 2292 897 2354 putent,
929 2291 986 2334 ut
1018 2293 1085 2334 ne
1112 2280 1316 2343 dicant,
1349 2274 1466 2330 Non
1497 2284 1581 2329 est
1610 2288 1676 2328 ex
1711 2271 1841 2338 Deo,
1871 2279 2035 2323 utos-

451 2379 666 2433 tendam
701 2391 836 2447 Opus
863 2377 968 2428 hoc
1000 2373 1118 2427 ﬁeri
1164 2371 1460 2426 secundum
1493 2376 1638 2421 tuam
1679 2364 2032 2420 voluntatem.

433 2453 604 2540 (Quod
630 2478 811 2524 autem
849 2469 952 2522 hoc
977 2467 1069 2531 sit,
1094 2473 1148 2519 et
1196 2478 1303 2517 non
1365 2468 1585 2530 propter
1642 2457 1808 2512 alium
1855 2469 2035 2516 usum,

449 2567 542 2620 sed
577 2574 795 2632 prepter
819 2561 1242 2615 circumstantes
1263 2554 1509 2609 videatur
1548 2564 1730 2616 orare,
1766 2547 1888 2602 vide
1913 2560 2039 2602 ora-

453 2659 652 2710 tionem
703 2669 719 2708 :
750 2671 768 2704 ι
792 2649 1010 2706 Gratias
1039 2664 1140 2718 ago
1175 2646 1293 2710 tibi,
1326 2645 1453 2715 quia
1487 2641 1682 2697 audisti
1715 2654 1820 2696 me.
1853 2656 1872 2690 ι
1908 2636 2040 2704 Quis

460 2755 642 2802 autem
682 2746 862 2801 oravit
891 2742 969 2797 sic
993 2737 1274 2810 unquam?
1303 2738 1460 2792 Prius
1483 2737 1626 2792 enim
1668 2748 1832 2804 quam
1869 2730 2040 2786 dixis-

452 2851 536 2899 set
567 2838 801 2907 aliquid,
840 2835 1040 2904 inquit,
1093 2849 1112 2883 ι
1151 2831 1363 2888 Audisti
1392 2843 1503 2885 me.
1535 2847 1556 2881 ι
1587 2826 1650 2881 Ει
1683 2827 1756 2880 ita
1791 2839 1895 2878 non
1917 2836 2040 2879 ora-

455 2934 557 3000 tio,
597 2931 692 2987 sed
726 2931 896 3001 ﬁgura
946 2927 1212 2984 orationis
1273 2933 1376 2992 est,
1417 2932 1473 2978 et
1522 2920 1786 2976 indicium
1837 2916 2037 2973 solum.

457 3029 612 3096 Quod
634 3036 816 3080 autem
848 3038 954 3078 non
979 3036 1115 3092 opus
1146 3018 1344 3074 habeat
1389 3015 1660 3081 oratione,
1684 3010 2037 3066 manifestum

457 3133 632 3177 estex
654 3118 842 3174 multis
868 3115 1010 3183 aliis,
1060 3127 1181 3185 quae
1225 3113 1426 3181 absque
1487 3107 1734 3163 oratione
1784 3103 2040 3157 faciebat.

456 3213 624 3287 664
643 3232 661 3264 ι
683 3210 804 3267 Tibi
825 3209 973 3277 dico,
992 3208 1343 3274 dzemonium,
1368 3202 1628 3274 egredere
1647 3199 1718 3254 ab
1747 3195 1992 3261 illon'",
2015 3211 2034 3246 ι

464 3318 557 3361 et:
605 3323 624 3356 ι
664 3301 817 3368 Volo,
861 3300 1094 3356 mundus
1149 3307 1267 3352 esto
1292 3295 1358 3362 “,
1400 3310 1418 3345 ι
1461 3301 1518 3348 et
1555 3307 1570 3345 :
1607 3308 1628 3343 ι
1675 3288 2044 3343 Remittantur

467 3398 564 3454 tibi
593 3403 817 3468 peccata
855 3404 942 3448 tua
972 3392 1042 3458 ⁸⁵,
1081 3408 1101 3444 ι
1135 3390 1276 3461 quod
1310 3387 1628 3447 maximum
1679 3383 1944 3438 omnium.
1980 3379 2050 3435 Et

465 3493 602 3549 mari
634 3511 648 3547 :
683 3507 704 3542 ι
733 3488 845 3545 Sile
873 3495 928 3543 et
951 3485 1169 3557 quiesce
1193 3483 1260 3537 ⁸⁸.
1288 3499 1306 3534 ι
1340 3481 1602 3537 Precatur
1629 3478 1808 3545 itaque
1828 3482 1883 3528 ut
1941 3473 2049 3527 cir-

471 3592 807 3640 cumstantes
829 3579 1054 3636 credant
1084 3573 1228 3648 quod
1251 3589 1282 3630 e
1308 3570 1556 3642 supernis
1586 3570 1678 3634 sit,
1704 3577 1760 3624 et
1783 3582 1890 3622 non
1921 3579 2051 3620 con-

475 3676 675 3730 trarius
699 3673 829 3728 Deo.
854 3671 992 3724 Nam
1023 3668 1068 3724 si
1103 3670 1216 3723 haec
1242 3665 1469 3729 faciens,
1499 3671 1554 3718 et
1598 3660 1850 3716 omnibus
1878 3655 2052 3712 modis

470 3765 762 3819 ostendens
793 3778 948 3816 suam
999 3773 1126 3830 erga
1164 3757 1378 3811 Patrem
1409 3752 1797 3826 gratitudinem
1829 3765 1844 3804 :
1899 3747 2044 3803 nihi-

469 3853 706 3910 lominus
747 3853 1018 3916 dixerant,
1057 3867 1076 3900 ι
1120 3847 1234 3903 Non
1285 3856 1386 3906 est.
1429 3861 1496 3899 ex
1544 3845 1690 3900 Deo:
1723 3861 1744 3896 ι
1785 3839 1914 3913 quid
1941 3855 2049 3896 non

476 3943 767 4007 dixissent,
801 3941 848 3993 si
891 3939 1024 3994 uiliil
1061 3936 1165 3993 tale
1192 3935 1450 3992 fecisset?

554 4206 714 4260 \‘sas.
771 4204 964 4260 43-46.
1009 4220 1028 4256 ι
1080 4204 1257 4273 Atque
1308 4217 1431 4257 cum
1483 4203 1598 4258 haec
1647 4201 1894 4268 dixisset,
1931 4217 2064 4260 voce

478 4313 671 4370 magna
725 4297 980 4352 clamavit
1028 4313 1043 4351 :
1085 4295 1314 4361 Lazare,
1361 4296 1486 4350 veni
1526 4293 1694 4352 foras.
1750 4296 1815 4350 Et
1863 4293 2062 4365 prodiit

477 4393 568 4463 qui
605 4391 780 4446 fuerat
814 4401 1083 4454 mortuus,
1116 4404 1310 4443 manus
1340 4396 1394 4442 et
1439 4385 1602 4456 pedes
1631 4388 1847 4452 liabens
1879 4386 2062 4456 rejun-

481 4494 596 4536 ctos
619 4481 806 4536 fasciis
828 4478 1235 4554 sepulcralibus.
1258 4477 1325 4531 Et
1352 4477 1518 4531 iacies
1543 4476 1684 4532 illius
1704 4476 1921 4532 sudario
1947 4484 2065 4531 erat

2139 1995 2256 2051 Νῦν
2277 1995 2341 2049 δὲ
2394 1993 2524 2065 περὶ
2557 1991 2651 2046 τοῦ
2696 1988 2911 2061 Πατρδς
2951 1985 3141 2050 εἰπὼν,
3179 1978 3717 2052 εὐπαραδεκτότερον

2134 2091 2229 2144 καί⁵
2257 2085 2625 2159 μετριώτερον
2663 2083 2886 2153 εποίησε
2933 2081 3026 2134 τὸν
3053 2078 3232 2145 λόγον.
3265 2072 3424 2127 Διατί
3477 2069 3535 2123 δὲ
3565 2069 3720 2139 εὐχε-

2132 2198 2226 2235 ται
2257 2221 2274 2246 ,
2324 2179 2525 2250 μᾶλλον
2553 2177 2610 2230 δὲ
2642 2175 2808 2246 εὐχῆς
2839 2173 3026 2245 σχῆμα
3070 2167 3327 2232 ἀνέλαϐε,
3354 2161 3519 2219 αὐτοῦ
3541 2161 3723 2229 λέγον-

2135 2286 2227 2333 τος
2255 2269 2508 2324 ἄκουσον.
2540 2267 2679 2336 Φησὶ
2719 2265 2828 2335 γάρ
2857 2280 2872 2294 ο
2914 2263 3014 2317 Διὰ
3045 2261 3136 2314 τὸν
3193 2255 3540 2329 περιεστῶτα
3562 2251 3720 2324 ὄχλον

2137 2358 2310 2428 εἷπον,
2340 2360 2426 2414 ῐνα
2457 2357 2824 2414 πιστεύσωσιν
2862 2356 2944 2409 ὅτι
2986 2352 3050 2407 σύ
3109 2368 3174 2423 με
3204 2348 3552 2409 ἀπέστειλας.
3589 2363 3608 2397 ι
3653 2346 3720 2394 ὐ

2137 2453 2192 2507 δὲ
2224 2453 2393 2521 λέγει,
2432 2450 2671 2505 τοιοῦτον
2700 2452 2852 2503 ἐστιν
2884 2463 2899 2480 ο
2930 2446 3051 2500 Ἵνα
3084 2443 3158 2515 μὴ
3219 2440 3464 2496 ἀντίθεόν
3513 2453 3579 2508 με
3635 2451 3725 2487 νο-

2143 2543 2399 2614 μίσωσιν,
2459 2541 2551 2596 ἵνα
2591 2540 2665 2611 μὴ
2715 2539 2967 2606 λέγωσιν,
3000 2534 3081 2589 ὅτι
3117 2551 3134 2584 ι
3172 2531 3284 2584 Οὐκ
3317 2528 3462 2582 εστιν
3521 2527 3586 2578 ὲκ
3629 2521 3721 2576 τοῦ

2145 2633 2284 2689 Θεοῦ
2314 2649 2328 2665 ⁸
2377 2651 2398 2686 ι
2428 2633 2514 2687 ἵνα
2557 2631 2716 2698 δείξω
2751 2628 2895 2683 κατὰ
2920 2625 3147 2697 γνώμην
3185 2623 3282 2694 σὴν
3301 2621 3362 2674 τὸ
3407 2619 3568 2688 ἔργον
3627 2633 3724 2684 γεο

2141 2725 2386 2797 νόμενον.
2419 2725 2544 2778 Ὅτι
2567 2723 2621 2776 δὲ
2635 2721 2802 2776 τοῦτό
2829 2723 2946 2774 ἐστι
2975 2720 3071 2773 καὶ
3098 2719 3156 2772 οὐ
3200 2714 3267 2770 δι’
3305 2713 3472 2784 ἀλλην
3506 2709 3720 2781 χρείαν,

2143 2820 2281 2874 ἀλλὰ
2311 2819 2402 2872 διὰ
2443 2818 2572 2880 τοὺς
2603 2815 2975 2888 περιεστῶτας
3005 2811 3152 2866 δοκεῖ
3179 2806 3456 2879 εὐχεσθαι,
3493 2805 3570 2858 ῐδε
3621 2803 3726 2872 τὴν

2143 2916 2312 2985 εὐχήν
2344 2926 2360 2943 ο
2418 2930 2436 2963 ι
2479 2909 2801 2981 Εὐχάριστῶ
2859 2923 2963 2972 σοι,
2995 2907 3077 2958 ὅτι
3130 2901 3370 2975 ἡκουσάς
3410 2916 3536 2970 μου.
3577 2916 3594 2949 ³
3630 2895 3728 2958 Τίς

2143 3012 2200 3066 δὲ
2231 3009 2405 3073 οὕτως
2460 3006 2660 3079 ηὔξατό
2686 3022 2853 3071 ποτε;
2890 3001 3027 3074 Πρὶν
3060 3000 3169 3071 γάρ
3223 3017 3274 3052 τι
3307 2999 3496 3061 εἰπεῖν,
3534 2995 3725 3065 φησιν,

2151 3104 2466 3164 «Ἤκουσάς
2499 3117 2621 3171 μου.
2638 3117 2658 3152 ι
2683 3098 2844 3151 Ὥστε
2870 3097 2971 3150 οὐκ
3007 3093 3166 3164 εὐχὴ,
3199 3090 3334 3145 ἀλλὰ
3361 3089 3545 3160 σχῆμα
3561 3086 3731 3156 εὐχῆς

2146 3194 2327 3263 τοῦτο,
2353 3194 2448 3248 καὶ
2474 3177 2735 3262 ἔνδειγμα
2769 3190 2949 3261 μόνον.
2985 3188 3108 3240 Ὀτι
3139 3185 3197 3238 δὲ
3250 3183 3310 3237 οὐ
3341 3184 3509 3237 δεῖται
3536 3180 3728 3250 εὐχῆς.

2146 3288 2306 3358 δῆλον
2345 3288 2436 3357 ἀφ’
2453 3278 2528 3341 ὧν
2551 3285 2688 3341 ἄλλα
2713 3283 2882 3338 πολλὰ
2907 3280 3079 3353 χωρὶς
3104 3279 3270 3351 εὐχῆς
3301 3277 3502 3330 ἐποίει.
3563 3293 3583 3326 ι
3639 3274 3732 3352 Σοὶ

2148 3380 2315 3448 λέγω,
2343 3379 2641 3450 δαιμόνιον,
2673 3376 2854 3444 ἔξελθε
2873 3373 2932 3440 ἐξ
2961 3372 3126 3429 αὐτοῦ
3147 3387 3161 3402 ⁶
3197 3389 3217 3424 ι
3247 3369 3361 3436 καὶ,
3385 3387 3403 3420 ι
3433 3367 3603 3433 Θέλω,
3629 3383 3735 3419 κα-

2154 3471 2441 3544 θαρίσθητι
2473 3489 2490 3504 ο
2529 3489 2548 3523 ι
2579 3470 2694 3535 καὶ,
2729 3487 2749 3522 ι
2802 3468 3106 3538 ’Λφέωνται
3141 3465 3198 3519 αί
3255 3461 3524 3533 ἁμαρτίαι
3554 3477 3672 3524 σου,
3709 3476 3732 3511 ι

2150 3562 2182 3616 ὃ
2217 3562 2399 3632 μεῖζον
2426 3560 2644 3614 πάντων
2689 3557 2806 3611 ἐστί
2843 3575 2855 3590 η
2897 3558 2994 3611 καὶ
3024 3559 3092 3628 τῇ
3143 3553 3412 3627 θαλάσσῃ,
3461 3571 3480 3605 ι
3526 3549 3736 3612 Σιώπα,

2154 3654 2471 3725 πεφίμωσο.
2508 3671 2527 3704 ι
2564 3652 2686 3706 Ἵνα
2752 3649 2934 3704 τοίνυν
2981 3650 3029 3703 οἱ
3086 3645 3453 3720 περιεστῶτες
3514 3643 3742 3697 πιστεύ-

2157 3765 2345 3816 σωσιν,
2381 3747 2463 3801 ὅτι
2513 3744 2722 3802 ἄνωθέν
2771 3744 3036 3810 ὲστι,καὶ
3087 3743 3190 3796 οὐκ
3243 3740 3510 3803 ἀντίθεος,
3546 3737 3740 3792 τούτου

2154 3843 2341 3897 ἕνεκεν
2380 3839 2620 3912 εὐχεται.
2657 3839 2722 3894 Ei
2748 3836 2922 3892 ταῦτα
2954 3838 3064 3908 γὰρ
3097 3833 3403 3899 ποιοῦντος,
3440 3832 3537 3887 καὶ
3589 3831 3736 3884 πάν.

2155 3936 2312 3990 τοθεν
2331 3932 2640 3996 δεικνύντος
2655 3931 2756 4004 τὴν
2777 3931 2913 4002 πρὸς
2941 3931 3032 3985 τὸν
3057 3931 3274 4002 Πατέρα
3297 3926 3744 3998 εὐγνωμοσύνην,

2158 4029 2307 4097 ὅμως
2346 4026 2552 4094 ελεγον,
2586 4025 2669 4079 ὅτι
2702 4044 2723 4076 ι
2756 4025 2867 4078 Οὐκ
2895 4024 3042 4077 ἔστιν
3065 4025 3129 4076 ὲκ
3191 4021 3284 4075 τοῦ
3315 4017 3474 4088 Θεοῦ,
3512 4039 3530 4073 ι
3571 4019 3623 4072 τί
3653 4015 3748 4073 οὖν

2159 4119 2260 4173 οὐκ
2283 4119 2347 4173 ἂν
2381 4113 2558 4181 εἶπον,
2581 4117 2629 4171 εί
2656 4116 2822 4188 μηδὲν
2855 4116 3098 4170 τοιοῦτον
3116 4115 3289 4168 ἐποίει
3313 4131 3328 4181 ;

2239 4233 2256 4264 ι
2319 4213 2429 4267 Kal.
2460 4211 2632 4265 ταῦτα
2672 4211 2866 4273 εἰπὼν,
2902 4212 3055 4282 φωνῇ
3123 4208 3336 4280 μεγάλῃ
3376 4207 3691 4280 ὲκραύγασε
3730 4224 3746 4240 ο

2161 4303 2400 4376 Λάζαρε,
2430 4302 2590 4375 δεῦρο
2618 4303 2742 4369 ἔξω.
2783 4303 2892 4356 Καὶ
2923 4302 3144 4372 ἐξῆλθεν
3180 4304 3208 4354 ὁ
3236 4299 3539 4370 τεθνηκὼς,
3589 4300 3742 4353 δεδε-

2167 4395 2328 4466 μένος
2368 4394 2466 4457 τάς
2528 4394 2717 4464 χεῖρας
2772 4391 2868 4446 καὶ
2922 4392 3047 4454 τούς
3096 4391 3262 4454 πόδας
3300 4390 3557 4459 κειρίαις,
3580 4389 3674 4442 καὶ
3715 4393 3751 4461 ἡ

2165 4482 2288 4553 ὄψις
2337 4481 2506 4536 αὐτοῦ
2557 4481 2840 4552 σουδαρίῳ
2889 4480 3249 4550 περιεδέδετο.
3287 4481 3453 4549 Λέγει
3506 4481 3691 4544 αὐτοῖς
3723 4483 3752 4533 ὁ

478 4574 748 4628 obvincta.
781 4573 922 4627 Dicit
969 4571 1049 4625 eis
1094 4568 1300 4624 Jesus:
1355 4567 1559 4622 Solvite
1611 4583 1756 4633 eum,
1813 4577 1864 4623 et
1902 4567 2043 4622 siniti

2183 4575 2391 4647 Ἰησοῦς
2426 4592 2440 4608 ο
2472 4574 2688 4629 Λύσατε
2726 4572 2909 4639 αὐτὸν,
2946 4573 3043 4628 καὶ
3073 4574 3241 4641 ἄφετε
3275 4575 3528 4644 ὑπάγειν.
3560 4573 3755 4627 Πολλοὶ

481 4667 654 4721 abire.
681 4665 835 4720 Multi
852 4682 980 4736 ergo
1003 4680 1068 4718 ex
1089 4663 1293 4718 Judaeis
1313 4664 1403 4734 qui
1427 4670 1685 4717 venerant
1717 4661 1783 4716 ad
1813 4659 2064 4726 Mariam,

481 4773 537 4815 ct
569 4762 813 4816 viderant
840 4774 958 4830 qua!
991 4758 1206 4813 fecisset
1239 4756 1416 4822 Jesus,
1457 4755 1802 4811 crediderunt
1823 4755 1877 4810 in
1917 4771 2062 4811 eum.

482 4854 714 4922 Quidam
743 4861 924 4907 autem
954 4866 1020 4906 ex
1063 4851 1192 4920 ipsis
1241 4849 1494 4905 abierunt
1519 4849 1585 4903 ad
1637 4848 1962 4917 Pharisaeos,
2011 4858 2066 4903 et

483 4950 734 5003 uixerunt
759 4946 839 5002 eis
867 4959 989 5015 qua:
1020 4943 1236 4998 fecisset
1267 4942 1441 4998 .lesus.
1471 4960 1490 4994 ι
1518 4941 1653 4997 Cum
1692 4942 1894 5011 gratias
1921 4943 2064 5011 egis-

489 5049 571 5096 set
595 5037 744 5094 Patri
795 5037 1056 5092 Dominus
1099 5036 1275 5106 potius
1304 5050 1464 5103 quam
1487 5043 1718 5099 orasset,
1749 5043 1806 5088 ut
1861 5034 2065 5089 dictum

485 5145 570 5189 est
607 5135 740 5204 (non
762 5131 906 5186 enim
930 5132 1121 5199 egebat
1139 5131 1381 5185 oratione
1409 5137 1464 5183 et
1511 5129 1770 5183 orationis
1803 5127 2064 5192 subsidio,

491 5238 675 5297 utpote
700 5225 922 5294 aequalis
946 5224 1092 5278 Patri
1125 5226 1385 5294 potentia)
1414 5223 1609 5277 clamat
1626 5238 1755 5278 voce
1778 5238 1992 5292 magna,
2012 5234 2072 5280 ut

496 5321 878 5376 auctoritatem
898 5328 953 5373 et
980 5327 1300 5387 potestatem
1333 5317 1559 5372 habens.
1585 5315 1702 5370 Non
1721 5317 1865 5372 enim
1888 5318 2022 5372 dixit
2050 5333 2069 5378 ;

491 5412 548 5468 lu
595 5413 812 5468 nomine
835 5410 1014 5466 Patris
1064 5411 1188 5476 mei,
1214 5408 1438 5475 Lazare,
1471 5409 1592 5464 veni
1640 5409 1821 5475 foras;
1858 5424 2070 5481 neque:

497 5507 780 5562 Resuscita
812 5520 958 5568 eum,
988 5505 1169 5568 Pater,
1211 5510 1304 5558 sed
1329 5519 1452 5558 cum
1487 5505 1832 5568 auctoritate,
1876 5512 1935 5557 ut
1990 5503 2074 5558 di-

496 5612 641 5654 ctum
691 5608 800 5664 est,
839 5599 1062 5653 omnino
1127 5613 1221 5651 ora
1269 5611 1457 5650 eorum
1512 5595 1774 5650 obturans
1803 5597 1894 5663 qui
1927 5595 2074 5648 illum

497 5691 660 5749 Patre
715 5690 974 5749 minorem
1034 5687 1243 5745 dicunt.
1275 5686 1416 5755 Quid
1473 5687 1620 5742 enim
1657 5689 1770 5757 {par
1810 5687 2073 5758 pozestati

573 5869 619 5904 ⁸²
649 5869 693 5902 ⁸³
725 5870 880 5928 Juan.
915 5887 987 5940 Ix,
1019 5869 1072 5939 8,
1103 5869 1182 5926 ιϐ.
1259 5868 1305 5901 ⁸⁵
1341 5867 1473 5924 Luc.
1506 5880 1584 5933 tv,
1623 5863 1710 5922 55.

2168 4665 2262 4723 οὖν
2295 4670 2360 4721 ὲκ
2380 4666 2490 4721 τῶν
2532 4667 2800 4721 Ἰουδαίων
2832 4667 2882 4720 oi
2921 4665 3169 4730 ἐλθόντες
3201 4667 3336 4738 πρὸς
3363 4669 3466 4739 τὴν
3505 4669 3753 4741 Μαρίαν,

2171 4764 2267 4816 καὶ
2308 4760 2634 4831 θεασάμενοι
2685 4760 2722 4813 ἃ.
2777 4759 3033 4829 ἐποίησεν
3082 4760 3110 4813 ό
3143 4758 3370 4830 Ἰησοῦς,
3423 4762 3755 4816 ἐπίστευσαν

2172 4856 2254 4919 είς
2298 4855 2481 4909 αὐτόν.
2534 4853 2691 4918 Τινὲς
2723 4853 2779 4906 δὲ
2829 4853 2891 4918 ἐξ
2935 4852 3113 4906 αὐτῶν
3150 4852 3392 4922 ἀπῆλθον
3447 4855 3584 4923 πρὸς
3625 4857 3754 4918 τοὺς

2171 4946 2521 5015 Φαρισαίους,
2547 4946 2640 4998 καὶ
2670 4939 2824 4998 εἷπον
2851 4945 3033 5007 αὐτοῖς
3064 4943 3099 4998 ἀ
3127 4943 3386 5016 εποίησεν
3415 4947 3442 4998 ό
3487 4946 3748 5016 Ἰησοῦς.»

2174 5041 2592 5111 Εὐχαριστήσας
2623 5038 2702 5109 τῷ
2736 5039 2916 5109 Πατρὶ
2971 5042 2999 5092 ό
3035 5038 3237 5110 Κύριος
3273 5039 3473 5110 μᾶλλον
3508 5041 3540 5112 ἢ
3592 5041 3756 5108 εὐξά-

2177 5148 2338 5202 μενος
2389 5132 2486 5201 (ὡς
2540 5131 2757 5202 εἴρηται
2783 5131 2914 5202 γὰρ,
2969 5131 3070 5184 οὐκ
3109 5131 3280 5184 ἐδεῖτο
3325 5133 3492 5203 εὐχῆς
3523 5135 3620 5187 καὶ
3656 5136 3758 5204 τῆς

2176 5225 2242 5278 ἐκ
2275 5223 2479 5294 ταύτης
2507 5224 2702 5294 ῥοπῆς,
2725 5223 2801 5286 ὡς
2853 5223 3172 5294 ίσοδύναμος
3196 5223 3274 5295 τῷ
3304 5225 3522 5295 Πατρὶ),
3563 5227 3760 5297 κράζει

2181 5319 2332 5387 φωνῇ
2385 5314 2620 5389 μεγάλῃ,
2680 5317 2973 5385 αὐθεντικῇ
3005 5317 3100 5370 καὶ
3154 5315 3472 5388 δεσποτικῇ.
3507 5319 3582 5373 Οὐ
3645 5324 3760 5391 γὰρ

2182 5405 2364 5473 εἶπεν,
2411 5409 2499 5461 Ἐν
2538 5409 2760 5478 ὀνόματι
2793 5408 2887 5463 τοῦ
2919 5409 3132 5480 Πατρός
3163 5426 3287 5479 μου,
3317 5411 3556 5483 Λάζαρε,
3598 5411 3762 5484 δεῦρο

2183 5501 2308 5569 ἔξω,
2333 5502 2472 5563 οὐδὲ.
2499 5501 2828 5571 ’Λνάστησον
2847 5500 3033 5563 αὐτὸν,
3064 5503 3266 5572 Πάτερ,
3292 5501 3433 5568 ἀλλ’,
3475 5503 3549 5566 ὡς
3605 5507 3764 5578 εἴρη-

2182 5611 2294 5657 ται,
2337 5591 2692 5658 αὐθεντικῶς,
2755 5593 3087 5663 ὲμφράττων
3145 5594 3324 5647 πάντα
3380 5595 3450 5647 τά
3513 5595 3762 5663 στόματα

2183 5685 2291 5738 τῶν
2327 5685 2586 5737 ἐλάττονα
2618 5684 2805 5737 τοῦτον
2847 5683 3114 5752 λεγόντων
3143 5683 3236 5738 τοῦ
3268 5685 3499 5755 Πατρός.
3538 5685 3604 5737 Τί
3648 5687 3762 5756 γὰρ

1788 5864 1834 5897 ⁸³
1869 5863 2053 5919 llattli.
2099 5881 2216 5933 vm,
2243 5864 2294 5918 5.
2374 5864 2417 5894 ⁸⁵
2443 5862 2633 5918 Matth.
2668 5879 2743 5929 Ix,
2780 5863 2835 5918 2ο
