4060 6598
442 376 545 445 107

1419 376 1998 438 THEOPIIYLACTI
2040 377 2455 439 BULGARUE
2499 381 2855 442 ARCHIEP.

3615 383 3720 449 108

440 492 601 547 aliter
629 487 952 546 miraculum
981 485 1102 542 hoc.
1148 486 1246 542 Est
1267 485 1413 543 ettim
1446 501 1601 543 mens
1634 499 1818 543 nosu'a
1852 488 2007 543 amic;

2131 491 2318 555 αὐτοῖς
2367 492 2648 557 ἀπωλείας
2705 495 2990 564 ἐσομένου.
3035 493 3295 565 Λάμϐανε
3364 494 3422 550 δέ
3479 513 3570 567 μοι
3620 506 3716 551 καὶ

330 594 335 597 ‘
437 584 656 640 Christo
694 600 708 639 :
741 596 884 649 sape
903 589 1083 636 autem
1125 579 1193 633 ab
1232 582 1468 634 humana
1515 579 1751 634 vincitur
1800 589 2019 644 natura,

436 688 492 734 et
542 676 730 731 incidit
778 674 832 729 in
868 683 1175 745 peccatum,
1215 683 1270 727 et
1328 674 1559 727 moritur
1613 683 1787 729 morte
1823 673 2020 729 anima:

438 768 756 833 miserabili,
780 768 939 838 digna
993 767 1078 821 cui
1135 767 1458 821 misereatur
1498 764 1769 821 Christus.
1796 767 2021 821 Amicus

435 864 579 918 enim
612 871 693 917 est
714 861 762 916 ei
807 875 929 930 qua:
952 870 1039 915 est
1070 870 1302 915 mortua.
1336 857 1565 914 Sorores
1626 860 1788 928 igitur
1816 870 1869 913 et
1930 874 2023 914 co-

432 965 610 1027 gnatae
656 953 855 1009 mentis
918 962 1168 1017 mortuas,
1196 967 1326 1008 caro
1363 962 1421 1007 ut
1470 954 1683 1008 Martha
1754 952 2022 1025 [crassior

431 1049 575 1104 enim
626 1055 680 1104 et
734 1047 1106 1116 corpulentior
1161 1057 1247 1103 est
1299 1046 1560 1119 Martha],
1599 1048 1781 1102 anima
1835 1060 2019 1102 autem

431 1152 492 1196 ut
523 1140 690 1195 Maria
728 1136 873 1213 [quae
901 1138 1075 1209 magis
1109 1140 1198 1209 pia
1231 1149 1286 1194 et
1328 1138 1605 1212 honesta],
1646 1140 1911 1194 accedant
1934 1140 2018 1194 'ad

429 1234 735 1303 Christum,
763 1244 819 1290 et
879 1238 1190 1306 procidant,
1243 1235 1506 1290 habentes
1559 1245 1615 1290 et
1655 1236 2019 1291 confessionis

429 1328 789 1399 cogitationes
818 1338 1130 1399 sequentes.
1163 1337 1223 1384 ut
1268 1329 1373 1384 illa:
1405 1327 1644 1384 Judzens.
1678 1327 1845 1384 Jutlas
1870 1329 2017 1384 enim

429 1421 692 1494 confessio
762 1423 981 1480 dicitur.
1039 1421 1277 1478 Omnino
1339 1422 1598 1478 Dominus
1679 1422 1881 1478 astabit
1950 1422 2016 1476 ad

428 1516 764 1584 sepulcrum,
811 1525 865 1571 et
900 1515 1199 1571 caecitatem
1252 1530 1415 1584 supra
1477 1515 1797 1571 memoriam
1827 1515 2018 1584 jacen-

428 1616 561 1673 tem,
590 1609 744 1677 quasi
765 1606 1000 1677 lapidem
1030 1607 1141 1662 tolli
1191 1608 1425 1678 jubehit,
1465 1608 1517 1662 in
1571 1608 2019 1663 memoriam're-

2127 586 2221 638 ἐπὶ
2246 585 2313 639 τὰ
2345 585 2455 639 ἔσω
2484 587 2545 640 τὸ
2573 584 2760 657 θαῦμα
2816 586 2997 641 τοῦτο.
3032 586 3190 641 Ἔστι
3239 588 3341 659 μὲν
3372 588 3482 659 γὰρ
3506 592 3535 645 ό
3592 590 3719 653 νοῦς

2129 678 2296 746 ἡμῶν
2328 678 2480 745 φίλος
2510 679 2755 749 Χριστῷ,
2805 678 3068 742 πολλάκις
3125 679 3183 732 δὲ
3212 682 3279 752 τῇ
3335 680 3598 752 ἀσθενείᾳ
3635 699 3717 734 νι-

2127 769 2376 838 κώμενος
2412 771 2510 839 τῆς
2542 770 2898 844 ἀνθρωπίνης
2929 771 3168 842 φύσεως,
3208 774 3574 845 ἁμαρτήματι
3617 790 3720 827 πε-

2126 864 2397 932 ριπίπτει,
2432 868 2525 918 καὶ
2552 866 2775 935 θνήσκει
2835 865 3066 920 θάνατον
3097 868 3326 938 ψυχικὸν
3385 869 3481 921 καὶ
3545 868 3718 921 οῖκτι-

2127 968 2273 1015 στον,
2316 955 2420 1007 ὑπὸ
2460 954 2516 1007 δέ
2570 955 2810 1026 Χριστοῦ
2842 956 3113 1011 ἐλεεῖσθαι
3162 958 3312 1024 ἀξιον
3347 975 3362 989 ·
3400 958 3555 1027 φίλος
3604 961 3717 1029 γάρ

2124 1046 2327 1099 ἐστινό
2381 1036 2683 1119 τεθνηκώς.
2712 1050 2779 1102 Al
2838 1050 3072 1119 ἀδελφαὶ
3122 1051 3306 1105 τοίνυν
3359 1053 3458 1107 καὶ
3515 1069 3715 1122 συγγεο

2123 1140 2234 1201 νεῖς
2280 1138 2376 1192 τοῦ
2433 1139 2731 1205 τεθνεῶτος
2776 1142 2895 1209 νοῦ,
2926 1143 3064 1216 σὰρξ
3091 1144 3168 1209 ὼς
3193 1145 3396 1217 Μάρθα
3444 1147 3711 1218 (σωματι-

2123 1231 2341 1300 κωτέρα
2362 1232 2472 1301 γὰρ
2503 1234 2597 1288 καὶ
2628 1233 2935 1305 ὐλικωτέρα
2969 1239 3002 1308 ἡ
3050 1236 3299 1309 Μάρθα),
3327 1241 3422 1293 καὶ
3454 1239 3603 1310 ψυχὴ
3636 1239 3717 1302 ὡς

2121 1324 2312 1391 Μαρία
2372 1324 2700 1397 (σεμνοτέρα
2759 1328 2869 1397 γὰρ
2932 1330 3029 1385 καὶ
3084 1328 3455 1403 εὐλαὸεστέρα
3506 1332 3712 1403 αὕτη).

2120 1417 2570 1488 προσελθέτωσαν
2629 1420 2710 1492 τῷ
2768 1423 3011 1493 Χριστῷ,
3068 1425 3164 1477 καὶ
3221 1424 3710 1495 προσπεσέτωσαν,

2118 1508 2343 1579 ἔχουσαι
2382 1511 2476 1563 καὶ
2498 1512 2622 1576 τοὺς
2644 1512 2745 1583 τῆς
2773 1513 3215 1587 ἐξομολογήσεως
3251 1516 3560 1587 λογισμοὺς
3583 1534 3713 1570 aov-

2119 1603 2439 1672 επομὲνους,
2472 1601 2550 1667 ὡς
2573 1604 2782 1659 ἐκεῖναι
2812 1605 2937 1666 τοὺς
3000 1607 3311 1669 Ἰουδαίους.
3346 1609 3545 1672 Ἰούδας
3576 1610 3709 1679 γὰρ,

430 1697 680 1757 ducendo
736 1697 921 1753 futura
968 1708 1026 1754 et
1063 1702 1203 1755 bona
1236 1711 1291 1755 et
1333 1698 1618 1769 supplicia,
1652 1700 2011 1771 clamabitque

2116 1692 2560 1764 ἐξομολόγησις
2621 1694 2864 1764 λέγεται.
2900 1699 3011 1752 Καὶ
3055 1698 3277 1761 πάντως
3304 1701 3333 1753 ό
3378 1698 3583 1771 Κύριος
3630 1702 3711 1769 τῷ

429 1806 624 1862 magna
654 1807 789 1849 voce
818 1794 958 1848 tubae
974 1791 1322 1863 evangelicae,
1352 1811 1370 1845 ι
1407 1792 1635 1859 Lazare,
1664 1796 1784 1848 veni
1820 1795 1969 1851 loras
1989 1815 2008 1848 ι

2123 1786 2368 1855 μνήματι
2430 1786 2684 1856 ἐπιστὰς,
2720 1790 2816 1843 καὶ
2867 1790 2970 1859 τὴν
3020 1791 3381 1861 ἐπικειμένην
3410 1794 3475 1862 τῇ
3515 1792 3710 1861 μνήμη

426 1899 463 1942 e
489 1889 692 1943 mundo
716 1904 731 1941 :
762 1902 834 1943 ne
859 1886 935 1942 sis
950 1885 1264 1955 sepultusin
1289 1886 1676 1958 temporalibus
1696 1888 2011 1944 distractio-

2120 1876 2404 1949 πώρωσιν,
2473 1880 2666 1953 ὥσπερ
2726 1881 2848 1936 τινὰ
2911 1882 3062 1936 λίθον
3115 1884 3352 1955 ἀρθῆναι
3419 1884 3707 1947 κελεύσας,

427 1979 587 2034 nibus
625 1990 677 2032 ct
705 1976 1117 2046 aﬁ'ectionibus;
1143 1979 1287 2036 sicut
1312 1989 1367 2035 et
1405 1981 1688 2052 discipulis
1744 1980 1960 2037 dicebat
1995 1997 2012 2038 :

434 2087 455 2123 ι
490 2070 605 2125 Non
658 2069 792 2126 estis
842 2085 910 2126 ex
963 2073 1167 2128 mundo
1198 2072 1281 2141 ⁸⁷;
1335 2092 1356 2126 ι
1425 2082 1481 2128 et
1522 2073 1719 2128 iterum
1770 2071 2013 2131 Paulus:

433 2183 454 2219 ι
491 2163 562 2219 Ει
602 2178 699 2224 nos
732 2177 994 2220 exeamus
1040 2165 1108 2220 ad
1133 2179 1258 2220 eum
1301 2176 1457 2221 extra
1502 2175 1683 2221 castra
1711 2165 1799 2231 ⁸⁷⁸,
1831 2183 1851 2218 ι
1913 2165 2016 2221 hoc

425 2266 510 2314 est
538 2258 830 2323 mundum;
888 2268 1051 2328 atque
1102 2257 1175 2313 ita
1203 2259 1463 2314 excitabit
1508 2274 1537 2314 a
1583 2271 1807 2330 peccato
1861 2275 2013 2316 mor-

427 2357 576 2403 tuum
613 2357 898 2419 corruptas
945 2348 1236 2404 habentem
1292 2349 1497 2404 malitia
1556 2350 1863 2418 cicatrices,
1918 2352 2012 2422 qui

427 2451 650 2513 propter
702 2443 806 2498 hoc
860 2439 1086 2497 fuetebat
1132 2443 1259 2512 quia
1316 2443 1713 2511 quatriduanus
1767 2454 2013 2500 mortuus

424 2544 574 2598 erat,
601 2544 836 2604 quatuor
856 2534 1068 2603 divinis
1102 2544 1155 2591 et
1187 2535 1380 2590 lucidis
1420 2535 1713 2591 virtutibus
1743 2538 2009 2608 privatus,

422 2634 478 2680 et
505 2626 574 2680 ad
604 2625 725 2680 illas
767 2624 1062 2680 immobilis
1104 2634 1160 2680 et
1213 2626 1422 2681 otiosus
1464 2627 1754 2683 exsistens.
1786 2624 2014 2682 Verum-

424 2729 608 2772 tamen
649 2716 898 2787 quamvis
936 2726 994 2772 et
1045 2716 1341 2773 immobilis
1374 2718 1559 2783 fuerit,
1594 2734 1894 2790 manusque
1949 2735 2016 2777 ac

422 2809 591 2878 pedes
641 2810 873 2874 vinctus,
942 2822 1008 2864 ac
1054 2809 1400 2879 propriorum
1447 2810 1617 2883 666
1662 2821 2010 2883 peccatorum

426 2904 643 2965 catenis
671 2905 1028 2971 constrictus,
1059 2914 1117 2960 et
1135 2906 1203 2961 ad
1239 2921 1401 2961 omne
1424 2923 1561 2977 opus
1584 2908 1785 2963 bonum
1845 2910 2013 2964 inuti—

424 2993 492 3047 lis
515 2992 846 3059 declaratus,
883 2994 1137 3064 quamvis
1170 2990 1333 3051 etiam
1383 2996 1578 3053 faciem
1636 3000 1861 3055 sudario
1898 2996 2011 3057 ’ob-

423 3092 619 3148 tectus,
652 3086 726 3140 ita
751 3097 808 3140 ut
840 3086 975 3141 nihil
1028 3088 1270 3144 divinum
1305 3090 1490 3147 videre
1514 3102 1680 3162 queat
1737 3109 1766 3148 a
1796 3096 2007 3152 carnali

2117 1972 2200 2036 ei;
2228 1973 2453 2044 μνήμην
2481 1973 2667 2045 ἀγάγῃ
2718 1973 2829 2027 τῶν
2865 1975 3173 2044 μελλόντων
3205 1974 3427 2043 ἀγαθῶν
3457 1975 3557 2029 καὶ
3611 1992 3707 2028 κο-

2116 2062 2329 2119 λάσεων
2353 2081 2369 2097 ⁸
2406 2066 2502 2120 καὶ
2530 2069 2774 2139 φωνήσει
2812 2069 3027 2141 μεγάλῃ
3052 2070 3151 2139 τῆς
3183 2069 3547 2140 εὐαγγελικῆς
3572 2069 3704 2123 σάλο

2117 2174 2315 2227 πιγγος
2359 2162 2549 2230 φωνῇ·
2592 2178 2612 2212 ι
2650 2160 2898 2232 Λάζαρε,
2925 2162 3088 2233 δεῦρο
3134 2162 3239 2228 ἔξω
3268 2180 3286 2214 ι
3327 2162 3422 2216 τοῦ
3469 2163 3703 2233 κόσμου.

2118 2251 2197 2324 μὴ
2221 2252 2492 2307 ἐνθάπτου
2541 2255 2653 2317 τοῖς
2689 2253 2967 2325 βιωτικοῖς
3009 2258 3423 2327 περισπασμοῖς
3458 2258 3552 2310 καὶ
3596 2261 3708 2310 πά·-

2117 2344 2267 2399 θεσιν
2298 2361 2313 2378 ο
2340 2345 2531 2416 ὥσπερ
2554 2346 2782 2410 καὶτοῖς
2811 2347 3083 2417 μαθηταῖς
3112 2347 3301 2417 ἔλεγεν
3334 2366 3349 2381 ·
3379 2367 3396 2401 ι
3439 2350 3552 2403 Οὐκ
3582 2350 3706 2405 ἐστέ

2114 2439 2180 2491 ἐκ
2211 2437 2306 2491 τοῦ
2344 2439 2551 2509 κόσμου
2580 2454 2595 2470 ο
2644 2457 2664 2491 ι
2695 2440 2792 2496 καὶ
2817 2441 2982 2496 πάλιν
3014 2443 3042 2494 ὁ
3080 2442 3313 2507 Παῦλος,
3345 2460 3365 2494 ι
3402 2443 3514 2496 Καὶ
3540 2442 3705 2513 ἡμεῖς

2117 2529 2458 2602 ἐξερχόμεθα
2482 2532 2620 2600 πρὸς
2641 2532 2807 2586 αὐτὸν
2837 2534 2943 2602 ἔξω
2970 2534 3072 2603 τῆς
3097 2535 3475 2606 παρεμϐολῆς,
3506 2554 3525 2588 ι
3551 2552 3708 2589 τουτο

2115 2624 2254 2690 ἐστι,
2312 2624 2408 2677 τοῦ
2454 2626 2682 2695 κόσμου,
2738 2629 2832 2680 καὶ
2912 2627 3086 2691 οὕτως
3136 2629 3385 2700 ἐξεγερεῖ
3433 2629 3545 2683 ἀπὸ
3602 2630 3707 2697 τῆς

2114 2717 2393 2787 ἁμαρτίας
2427 2718 2520 2771 τὸν
2547 2718 2844 2783 τεθνεῶτα,
2876 2713 2921 2787 ᾧ
2951 2720 3309 2792 προσώζεσαν
3369 2725 3469 2794 τῆς
3499 2723 3708 2785 κακίας

2112 2811 2162 2861 οἱ
2196 2809 2482 2879 μώλωπες.
2527 2813 2623 2875 Ὃς
2646 2812 2733 2866 διὰ
2756 2812 2915 2866 τοῦτο
2940 2812 3153 2876 όδωδὼς
3201 2809 3291 2886 ἦν,
3323 2813 3461 2868 διότι
3509 2832 3706 2885 σιετρα⁴

2114 2904 2320 2973 ήμερος
2349 2904 2543 2974 νεκρὸς
2596 2901 2685 2976 ἦν,
2743 2909 2865 2970 ταῖς
2924 2907 3218 2978 τέσσαρσιν
3276 2910 3566 2980 ἡμεριναῖς
3611 2909 3710 2962 καὶ

2112 2999 2402 3065 φωτειναῖς
2424 2997 2648 3068 ἀρεταῖς
2678 2998 3114 3068 ἀπονεκρωθεὶς,
3142 3000 3239 3052 καὶ
3267 3000 3435 3071 ἀργὸς
3473 2997 3552 3053 ῶν
3608 2997 3710 3051 καὶ

2112 3088 2373 3158 ἀκίνητος
2429 3088 2570 3161 πρὸς
2622 3090 2815 3154 αὑτάς.
2850 3090 2998 3161 Πλὴν
3048 3091 3166 3145 ἀλλ’
3194 3094 3243 3145 εί
3298 3093 3393 3145 καὶ
3443 3091 3706 3162 ἀκίνητος

422 3178 729 3234 velamento
759 3179 1075 3250 impeditus,
1098 3192 1155 3237 et
1177 3183 1230 3236 in
1259 3198 1466 3240 summa
1495 3187 1732 3256 pessime
1763 3187 2009 3256 aﬂ'ectus,

2116 3176 2203 3253 ἦν,
2225 3184 2321 3235 καὶ
2350 3181 2449 3246 τὰς
2481 3184 2672 3254 χεῖρας
2724 3184 2820 3237 καὶ
2868 3186 2996 3248 τοὺς
3041 3185 3213 3249 πόδας
3271 3184 3580 3255 δεδεμένος,
3608 3184 3709 3237 καὶ

421 3280 475 3325 et
506 3271 803 3326 secundum
833 3273 1085 3328 virtutem
1108 3276 1426 3344 praclicam,
1456 3292 1576 3347 qua:
1607 3294 1706 3349 per
1730 3294 1923 3337 manus
1947 3291 2004 3338 et

420 3362 609 3432 pedes,
634 3369 688 3417 et
713 3363 1009 3417 secundum
1037 3366 1533 3436 contemplativam,
1552 3384 1673 3439 qua:
1693 3386 1791 3441 per
1825 3382 2015 3428 conte-

421 3462 564 3509 ctam
598 3452 789 3510 faciem
823 3455 1161 3525 signiﬁcatur
1195 3461 1506 3528 :quamvis,
1538 3461 1782 3533 inquam,
1805 3464 1886 3521 sic
1912 3465 2012 3521 titi-

394 3556 542 3603 ‘sere
570 3545 791 3612 habeat,
823 3548 1011 3604 audiet
1046 3558 1229 3606 tamen
1263 3568 1279 3607 :
1327 3572 1347 3605 ι
1377 3550 1586 3610 Solvite
1617 3555 1790 3623 illum,
1834 3576 1855 3610 ι
1885 3559 2008 3614 boni

420 3650 476 3696 et
511 3641 813 3712 cooperarii
869 3640 1068 3698 salutis
1120 3644 1300 3715 angeli
1352 3646 1435 3701 vel
1466 3649 1803 3715 sacerdotes,
1838 3662 1894 3706 et
1926 3669 2013 3708 re-

421 3735 735 3790 missionem
774 3735 824 3790 ei
856 3738 980 3792 date
999 3747 1374 3807 peccatorum,
1409 3739 1481 3793 ita
1502 3748 1560 3794 ut
1592 3739 1672 3796 ire
1700 3756 1765 3797 ac
1799 3745 2007 3800 moveri

418 3829 591 3899 possit
614 3830 681 3884 ad
741 3832 1076 3899 Operandum
1129 3833 1353 3887 bonum.
1380 3832 1610 3899 Quidam
1670 3846 1852 3891 autem
1911 3853 2011 3908 per

418 3916 690 3975 Martham
714 3920 938 3989 quidem
993 3921 1387 3977 intellexerunt
1421 3920 1767 3995 Synagogam
1793 3925 2012 3983 Iudico—

420 4027 581 4068 rum:
608 4027 708 4084 per
732 4011 961 4068 Mariam
1004 4028 1156 4079 vero,
1196 4012 1495 4072 Ecclesiam
1540 4031 1603 4072 ex
1631 4019 1924 4089 gentibus:
1954 4032 2011 4077 et

422 4104 713 4178 Synagoga
739 4105 960 4178 quidem
1016 4105 1328 4164 Judaeorum
1393 4108 1644 4166 turbatur
1691 4113 1836 4169 circa
1883 4115 2006 4185 plu-

416 4200 554 4253 rima
585 4197 773 4270 (multa
825 4200 969 4255 enim
1027 4210 1153 4256 sunt
1202 4201 1460 4258 mandata
1513 4202 1650 4275 legis
1701 4215 1756 4261 et
1783 4218 2007 4285 operatu

416 4290 699 4363 diﬂicilia),
737 4302 792 4346 at
819 4291 1063 4350 Ecclesia
1092 4309 1157 4349 ex
1187 4297 1443 4366 gentibus
1483 4311 1590 4352 non
1644 4299 1831 4355 multis
1872 4315 2009 4371 opus

416 4384 588 4442 habet
620 4385 917 4450 mandatis,
941 4387 1037 4440 sed
1091 4386 1301 4455 paucis,
1338 4386 1392 4441 in
1441 4386 1640 4455 quibus
1691 4404 1710 4440 ι
1752 4396 1859 4444 tota
1919 4389 2006 4446 lex

414 4486 473 4532 et
501 4477 784 4546 prophetae
835 4478 1075 4546 pendent
1108 4474 1157 4509 ⁸⁸
1182 4517 1197 4543 ,
1241 4497 1263 4531 ι
1305 4492 1428 4549 qua:
1490 4478 1559 4534 de
1611 4480 1879 4537 charitate
1914 4498 2009 4553 po-

414 4569 518 4624 sita
549 4579 717 4624 sunt:
751 4584 849 4639 per
894 4569 1115 4624 fratrem
1148 4579 1330 4624 autem
1361 4569 1599 4636 illarum,
1623 4573 1715 4641 qui
1755 4588 1823 4628 ex
1854 4591 2003 4629 mur-

418 4661 527 4715 tuis
552 4662 813 4725 surrexit,
842 4661 1056 4715 animas
1092 4675 1211 4729 qua:
1237 4669 1460 4730 propter
1514 4671 1796 4731 peccatum
1832 4666 1884 4720 in
1920 4666 2002 4720 in-

414 4751 632 4809 fei‘num
694 4753 1056 4817 descendunt,
1080 4752 1238 4821 juxta
1289 4752 1422 4807 illud
1461 4769 1476 4807 :
1540 4771 1561 4807 ι
1600 4753 2006 4813 Convertantur

413 4854 732 4917 peccatores
765 4846 818 4900 in
839 4846 1110 4900 infernum
1139 4845 1234 4900 ⁸⁸⁸.
1271 4861 1292 4897 ι
1329 4843 1453 4902 Illas
1488 4846 1635 4902 enim
1666 4848 1881 4907 animas
1915 4866 2003 4906 re-

412 4940 641 4996 suscitat
662 4938 944 4995 Dominus.

2115 3278 2235 3339 ταῖς
2274 3278 2485 3347 σειραῖς
2537 3277 2648 3329 τῶν
2700 3276 2918 3332 οἰκείων
2975 3277 3262 3349 ἁμαρτιῶν
3310 3277 3705 3348 σφιγγόμενος,

2113 3369 2209 3422 καὶ⁵
2236 3369 2519 3441 ἄπρακτος
2582 3370 2761 3441 πάντη
2826 3370 3201 3441 δεικνύμενος,
3236 3370 3327 3425 ναὶ
3388 3368 3517 3441 μὴν,
3564 3368 3707 3423 ἀλλά

2111 3464 2206 3514 καὶ
2235 3462 2333 3532 τὴν
2365 3462 2490 3531 ὄψιν
2541 3461 2812 3534 σουδαρίῳ
2851 3463 3300 3534 κεκαλυμμένος,
3333 3462 3477 3517 ὥστε
3532 3462 3709 3533 μηδὲν

2112 3554 2257 3625 ἔχειν
2282 3555 2415 3625 όρᾷν
2438 3553 2582 3607 θεῖον
2615 3554 2720 3607 ὑπὸ
2763 3553 2858 3607 τοῦ
2887 3552 3152 3624 σαρκικοῦ
3178 3552 3548 3624 καλύμματος
3580 3553 3709 3605 ἐπιο

2113 3647 2477 3717 προσθοῦντος
2515 3663 2531 3678 ·
2562 3647 2797 3709 συνόλως
2832 3646 2890 3701 δὲ
2921 3649 3099 3700 εἰπεῖν
3132 3646 3441 3714 παγκάκως
3484 3646 3705 3698 διακεί-

2116 3757 2277 3810 μενος
2296 3743 2389 3794 καὶ
2417 3739 2559 3797 κατὰ
2589 3738 2652 3792 τὺ
2679 3740 3012 3809 πρακτικὸν,
3038 3738 3067 3792 ὃ
3094 3739 3183 3793 διὰ
3210 3738 3320 3791 τῶν
3375 3738 3578 3809 χειρῶν
3608 3740 3709 3791 καὶ

2110 3831 2220 3884 τῶν
2257 3831 2436 3886 ποδῶν
2463 3829 2741 3901 δηλοῦται,
2770 3830 2867 3884 καὶ
2891 3830 3035 3884 κατά
3063 3830 3125 3883 τὸ
3156 3830 3519 3901 θεωρητικὸν,
3552 3829 3582 3882 δ
3611 3828 3705 3882 διὰ

2110 3925 2212 3994 τῆς
2274 3923 2834 3995 περικεκαλυμμένης
2892 3921 3072 3992 ὅψεως
3131 3922 3607 3994 ὑποσημαίνεται·
3653 3922 3706 3974 εί

2113 4021 2208 4072 καὶ⁸
2246 4017 2419 4080 οὕτως
2472 4016 2566 4070 οὖν
2612 4016 2814 4080 ἀθλίως
2857 4015 2995 4087 ἔχει,
3039 4015 3154 4069 ἀλλ’
3196 4016 3292 4070 οὖν
3342 4014 3648 4070 ἀκούσεται
3687 4030 3704 4043 ·

2118 4129 2137 4163 ι
2184 4109 2397 4164 Λύσατε
2458 4107 2642 4171 αὐτὸν,
2699 4125 2719 4159 ι
2784 4109 2834 4161 οἱ
2878 4107 3079 4177 ἀγαθοὶ
3132 4108 3227 4162 καὶ
3278 4106 3538 4178 συνεργοὶ
3602 4108 3709 4176 τῆς

2115 4202 2391 4273 σωτηρίας
2421 4202 2667 4271 ἄγγελοι,
2701 4202 2735 4274 ἢ
2763 4202 2814 4254 oi
2841 4202 3024 4272 ἱερεῖς,
3058 4203 3153 4255 καὶ
3181 4202 3378 4271 ἄφεσιν
3402 4200 3554 4272 αὐτῷ
3584 4199 3708 4253 δότε

2111 4294 2220 4350 τῶν
2261 4294 2570 4367 ἁμαρτιῶν,
2609 4293 2752 4348 ὥστε
2804 4294 3061 4363 ὑπάγειν,
3098 4294 3192 4349 καὶ
3247 4291 3517 4348 κινεῖσθαι
3566 4292 3712 4361 πρὸς

2111 4386 2377 4458 ἐργασίαν
2422 4384 2519 4439 τοῦ
2553 4383 2783 4452 ἀγαθοῦ.
2814 4384 2974 4447 Τινές
3015 4382 3073 4437 δὲ
3125 4384 3358 4453 Μάρθαν
3394 4382 3497 4455 μὲν
3518 4382 3712 4454 ἐνόμιο

2115 4497 2216 4535 σαν
2243 4478 2341 4549 τὴν
2375 4476 2707 4548 Συναγωγὴν
2752 4475 2862 4528 τῶν
2909 4475 3205 4541 Ἰουδαίων,
3244 4475 3470 4547 Μαρίαν
3513 4475 3574 4529 δέ
3602 4475 3710 4545 τὴν

2038 4539 2083 4593 θ
2112 4572 2221 4625 τῶν
2247 4539 2438 4625 ἐθνῶν.
2481 4539 2547 4621 ἰι
2584 4539 2684 4637 είιρ
2739 4566 2851 4637 γὰρ
2903 4565 3011 4618 τῶν
3048 4539 3317 4619 Ἰουδαίων
3344 4539 3712 4636 ’τυρσάξετέιι

2114 4666 2241 4737 περὶ
2271 4664 2443 4717 πολλὰ
2480 4661 2700 4733 (πολλαὶ
2725 4661 2834 4730 γὰρ
2867 4660 2924 4712 αἱ
2954 4658 3049 4712 τοῦ
3084 4659 3254 4730 νόμου
3312 4661 3534 4714 ἐντολαὶ
3594 4664 3696 4714 καὶ

2112 4753 2630 4828 δυσκατέργαστοι),
2662 4755 2695 4823 ἡ
2734 4752 2791 4806 δὲ
2841 4751 2953 4805 τῶν
3003 4752 3173 4806 ἐθνῶν
3232 4753 3293 4805 οὐ
3344 4754 3455 4806 τῶν
3487 4753 3715 4806 πολλῶν

2114 4851 2307 4925 χρῄζει
2332 4847 2585 4912 ἐντολῶν,
2613 4844 2749 4899 ἀλλὰ
2779 4843 2887 4897 τῶν
2920 4843 3143 4913 ὀλίγων,
3173 4847 3231 4897 ἐν
3274 4838 3357 4908 οἷς
3405 4844 3528 4909 ὅλος
3555 4847 3585 4899 ὀ
3614 4846 3712 4897 νά-

2122 4962 2221 5016 μσς
2248 4942 2343 4995 καὶ
2365 4943 2413 4993 oi
2468 4938 2743 5009 προφῆται
2769 4935 3095 5005 κρέμανται,
3132 4936 3242 4988 τῶν
3292 4938 3424 5006 περὶ
3476 4935 3714 5006 ἀγάπης

414 5029 948 5103 νενομοθετημένων.
995 5029 1251 5100 ’Λδελφὸν
1300 5031 1359 5085 δὲ
1410 5032 1619 5086 τούτων
1674 5036 1741 5087 ἐκ
1790 5038 2006 5108 νεκρῶν
2045 5036 2431 5105 ἀνιστάμενον,
2506 5029 2605 5090 τὰς
2641 5024 2821 5096 ψυχὰς
2860 5024 2970 5077 τῶν
3028 5026 3098 5078 δι’
3129 5026 3408 5097 ἁμαρτίας
3439 5028 3522 5091 εἰς
3568 5026 3718 5099 ᾅδην

413 5127 859 5180 καταϐαινόντων
893 5164 908 5190 ,
955 5124 1099 5180 κατὰ
1159 5123 1241 5190 τὸ,
1285 5143 1303 5176 ι
1352 5126 1902 5199 ’Δποστραφήτωσαν
1955 5132 2005 5184 οξ
2048 5126 2362 5201 ἁμαρτωλοὶ
2417 5123 2498 5185 εἰς
2545 5118 2634 5171 τὸν
2692 5118 2846 5188 ᾅδην.
2889 5134 2910 5169 ι
2945 5117 3163 5180 Ταύτας
3226 5115 3323 5172 οὖν
3368 5118 3469 5185 τὰς
3521 5118 3715 5191 ψυχὰς

410 5220 607 5289 ἀνιστᾷ
636 5220 664 5271 ὁ
697 5216 925 5286 Κύριος.

486 5314 652 5368 Vens.
687 5312 875 5368 49-53.
915 5330 935 5365 ι
984 5313 1136 5369 Unus
1189 5323 1368 5369 autem
1422 5329 1485 5368 cx
1543 5315 1680 5385 ipsis
1745 5315 2005 5387 Caiphas,

408 5423 531 5461 cum
567 5414 712 5461 esset
738 5405 974 5474 pontifex
1009 5408 1137 5461 anni
1181 5406 1347 5471 illius,
1372 5407 1508 5462 dixit
1556 5407 1637 5462 eis
1672 5424 1686 5461 :
1739 5408 1845 5463 Vos
1904 5423 2002 5462 ne-

408 5499 561 5553 scitis
589 5498 908 5567 quidquam,
935 5514 1035 5553 nec
1060 5497 1395 5569 perpenditis
1428 5499 1571 5567 quod
1599 5499 1819 5566 expedit
1848 5500 2005 5553 nobs

409 5603 468 5648 ut
504 5607 643 5646 unus
677 5594 837 5648 homo
871 5594 1137 5647 moriatur
1185 5608 1281 5662 pro
1331 5592 1552 5662 popttlo,
1587 5606 1651 5644 ac
1708 5603 1817 5643 non
1890 5598 2000 5643 tota

407 5701 543 5755 gens
576 5695 785 5757 pereat.
827 5683 940 5741 lloc
970 5696 1152 5741 autem
1185 5701 1214 5738 a
1247 5685 1547 5754 semetipso
1569 5696 1673 5737 non
1718 5682 1874 5747 dixit,
1904 5681 2000 5736 sed

485 5875 529 5908 ⁸⁷
559 5873 719 5935 Joan.
754 5895 841 5946 xv,
879 5879 965 5936 l9.
1059 5881 1125 5911 ⁸⁷⁹
1163 5876 1329 5934 llcbr.
1367 5890 1487 5941 xm,
1530 5873 1614 5928 15.

2188 5332 2206 5363 ι
2248 5305 2340 5373 Εἷς
2363 5306 2420 5359 δέ
2443 5323 2524 5365 τις
2551 5304 2610 5368 ἐξ
2633 5303 2833 5369 αὐτῶν,
2864 5305 3139 5372 Καῖἀφας,
3172 5305 3465 5376 ἀρχιερεὺς
3498 5302 3579 5359 ὢν
3609 5305 3716 5359 τοῦ

2112 5400 2361 5458 ἐνιαυτοῦ
2391 5397 2624 5459 ἐκείνου,
2655 5391 2811 5447 εἶπεν
2841 5396 3026 5459 αὐτοῖς
3058 5411 3073 5426 ο
3120 5396 3313 5467 Ὑμεῖς
3361 5398 3465 5451 οὐκ
3521 5398 3713 5452 οῖδατε

2110 5493 2286 5557 οὐδὲν,
2322 5491 2441 5544 οὐδὲ
2467 5486 2861 5555 διαλογίζεσθε,
2887 5488 2971 5540 ὃτι
3016 5489 3288 5559 συμφέρει
3314 5492 3468 5560 ἡμῖν,
3508 5490 3602 5544 ἵνα
3626 5488 3717 5556 εἷς

2109 5586 2399 5655 ἄνθρωπος
2431 5577 2679 5649 ἀποθάνῃ
2712 5576 2853 5645 ὑπὲρ
2905 5576 3002 5629 τοῦ
3044 5576 3200 5645 λαοῦ,
3226 5580 3323 5633 καὶ
3355 5580 3431 5650 μὴ
3463 5580 3593 5635 ὅλον
3630 5586 3717 5653 ’τὸ

2108 5678 2261 5739 ἔθνος
2294 5671 2582 5738 ἀπόληται.
2620 5668 2795 5722 Τοῦτο
2815 5669 2873 5722 δὲ
2902 5670 2995 5740 ἀφ’
3018 5671 3211 5726 ἑαυτοῦ
3248 5674 3349 5727 οὐκ
3376 5668 3557 5741 εἶπεν,
3589 5675 3718 5729 ἀλλ’

1700 5874 1743 5903 εκ
1786 5870 1974 5926 Matth.
2013 5880 2174 5934 xx'ttt,
2207 5864 2301 5918 40.
2379 5856 2610 5915 ⁸⁵⁴Ρ5ὶλιι
2670 5872 2746 5925 ιι,
2796 5856 2883 5912 13-
