4060 6608
367 384 480 460 109

1045 393 1490 457 ΕΝΑΠΒΑΤΙΟ
1569 394 1651 457 ΙΝ
1682 394 1967 458 EVANGI

2075 395 2191 457 UM
2230 393 2576 457 JOANNIS.
2718 393 2879 457 CAP.
2917 394 3027 457 XL

3551 384 3653 461 110

365 508 666 579 ἀρχιερεὺς
707 506 784 562 ὢν
814 509 911 563 τοῦ
954 507 1207 562 ἐνιαυτοῦ
1272 507 1484 562 ἐκείνου
1523 508 1960 578 προεφήτευσεν,

2073 522 2188 561 cum
2214 515 2359 562 esset
2388 505 2631 576 pontifex
2658 506 2787 561 anni
2832 506 3004 572 illius,
3031 505 3362 562 vaticinatus
3393 515 3481 563 est
3507 512 3653 578 quod

364 594 457 652 ὅτι
477 600 707 669 ἔμελλεν
747 599 960 672 Ἰησοῦς
983 600 1361 670 ἀποθνήσκειν
1389 600 1534 672 ὑπὲρ
1589 599 1686 658 τοῦ
1743 599 1957 664 ἔθνους,

361 692 468 744 καὶ
522 692 623 761 οὐχ
661 690 803 759 ὕπερ
867 691 964 746 τοῦ
1020 691 1210 756 ἔθνους
1265 692 1449 763 μόνον,
1472 690 1589 745 ἀλλ’
1624 691 1712 745 ἴνα
1764 692 1963 746 καὶτὰ

356 782 536 837 τέκνα
560 783 654 837 τοῦ
690 784 825 838 Θεοῦ
873 784 943 838 τὰ
967 786 1434 858 διεσκορπισμένα
1466 787 1753 860 συναγάγῃ
1770 788 1850 850 εἰς
1880 786 1959 842 ἓν.

374 877 504 930 Ἀπ’
539 878 759 947 ἐκείνης
793 877 890 933 οὖν
950 878 1046 949 τῆς
1077 878 1294 949 ἡμέρας
1323 877 1844 945 συνεϐουλεύσαντο,
1872 880 1964 934 ’ίνα

362 970 771 1022 ἀποκτείνωσιν
822 971 1005 1025 αὐτόν.
1050 989 1068 1021 ι
1105 970 1264 1024 Μετὰ
1293 970 1403 1023 τῶν
1433 970 1612 1026 ἄλλων
1633 974 1725 1026 καὶ
1774 974 1835 1027 τὸ
1863 975 1963 1045 τῆς

361 1062 784 1133 ἀρχιερωσύνης
822 1063 1043 1134 ἀξίωμα
1089 1065 1243 1135 παρά
1302 1067 1415 1128 τοῖς
1479 1065 1757 1131 Ἰουδαίοις
1810 1067 1963 1137 διέφ-

364 1154 560 1224 θαρτο.
605 1154 725 1222 Ἀφ’
754 1151 816 1209 οὗ
850 1155 959 1227 γὰρ
1005 1155 1213 1228 ὠνηταὶ
1251 1159 1540 1226 γεγόνασιν
1566 1160 1622 1213 αἱ
1648 1161 1836 1230 ἁρχαὶ,
1862 1162 1964 1215 οὐκ

360 1248 449 1299 ἔτι
475 1249 567 1300 τὸν
592 1247 813 1301 ἅπαντα
843 1249 1032 1318 χρόνον
1058 1250 1159 1320 τῆς
1190 1250 1359 1320 ζωῆς,
1389 1251 1506 1304 ἀλλ’
1537 1253 1788 1307 ἐνιαυτὸν
1837 1253 1962 1307 κατ’

363 1339 622 1392 ἐνιαυτὸν
670 1341 974 1411 ἱεράτευον.
1005 1343 1153 1411 Πλὴν
1206 1343 1345 1397 ἀλλὰ
1383 1345 1478 1398 καὶ
1497 1346 1643 1398 οὕτω
1688 1346 1963 1418 ,διεφθαρο

365 1433 537 1499 μένου
562 1430 657 1485 τοῦ
679 1432 1015 1503 ἀξιώματος,
1040 1434 1189 1504 ὅμως
1213 1435 1311 1489 καὶ
1337 1436 1418 1489 ἔτι
1443 1438 1626 1509 παρῆν
1655 1438 1714 1490 τὸ
1738 1439 1965 1507 Πνεῦμα

359 1525 427 1575 τὸ
459 1524 613 1592 ἅγιον
667 1528 725 1579 ἐν
767 1529 879 1590 τοῖς
941 1527 1244 1598 χρισθεῖσιν
1303 1531 1584 1602 ἐνεργοῦν.
1644 1530 1864 1603 Ἐπειδὴ
1897 1531 1962 1604 [Ῑ.

362 1617 493 1669 ἐπεὶ
544 1616 625 1690 δὲ]
659 1620 754 1673 καὶ
810 1620 911 1683 τὰς
958 1624 1147 1692 χεῖρας
1202 1618 1346 1694 ἦραν
1374 1625 1515 1677 κατὰ
1562 1624 1657 1677 τοῦ
1694 1625 1961 1696 Χριστοῦ,

360 1711 673 1780 τηνικαῦτα
729 1712 1014 1777 παντελῶς
1069 1715 1103 1785 ἡ
1149 1714 1312 1786 χάρις
1365 1716 1564 1777 αὐτοὺς
1608 1717 1962 1785 ἐγκατέλιπε,

360 1801 465 1854 καὶ
498 1801 761 1874 μετῆλθεν
790 1805 884 1857 ἐπὶ
912 1805 1038 1868 τοὺς
1058 1805 1417 1870 ἀποστόλους.
1454 1806 1519 1860 Oi
1555 1807 1658 1876 μὲν
1711 1806 1808 1860 οὖν
1865 1808 1963 1862 άλ-

2066 597 2226 654 Jesus
2278 599 2578 654 moriturus
2626 609 2773 654 esset
2821 615 2920 670 pro
2958 611 3140 671 gente,
3175 610 3230 655 et
3277 616 3385 656 non
3443 609 3656 656 tantum

2066 705 2167 761 pro
2190 703 2374 762 gente,
2408 693 2503 747 sed
2528 701 2585 748 ut
2617 692 2755 747 lilios
2776 691 2881 747 'Dei
2915 693 3008 763 qui
3041 702 3200 748 erant
3222 693 3476 764 dispersi,
3516 708 3655 749 con-

2066 791 2316 853 gregaret
2348 781 2400 835 in
2433 797 2626 837 unum.
2654 782 2736 837 Ab
2776 781 2867 838 illo
2888 797 3019 854 ergo
3053 784 3141 838 die
3165 783 3546 839 consultabant
3572 785 3656 839 in-

2068 875 2241 931 vicem
2276 885 2335 930 ut
2376 877 2746 932 interficerent
2775 890 2926 931 cum.
2961 894 2981 927 ι
3034 874 3172 931 Cum
3212 875 3334 933 aliis
3366 878 3506 946 apud
3563 876 3660 932 Ju-

2070 968 2216 1022 daros
2253 978 2308 1022 et
2356 968 2708 1038 pontiﬁcatus
2730 968 2969 1039 dignitas
2994 979 3110 1024 erat
3163 982 3443 1041 corrupta,
3497 971 3661 1026 simul

2069 1077 2135 1116 ac
2190 1061 2433 1116 venalitii
2479 1060 2606 1116 facti
2643 1061 2861 1117 fuerunt
2889 1062 3245 1133 principatus,
3293 1079 3362 1119 ne
3391 1064 3530 1120 ultra
3563 1078 3662 1133 per

2067 1169 2229 1210 omne
2257 1164 2472 1224 tempus
2509 1155 2635 1210 vitae
2692 1171 2854 1223 unus,
2887 1158 2982 1212 sed
3034 1156 3297 1212 duntavat
3350 1158 3401 1212 in
3452 1172 3657 1212 annum

2070 1261 2234 1300 unum
2275 1246 2584 1301 sacerdotio
2642 1246 2980 1317 fungeretur.
3014 1248 3080 1302 Et
3108 1249 3357 1319 quamvis
3419 1249 3494 1303 ita
3539 1263 3662 1304 cor-

2069 1346 2231 1407 rupta
2274 1336 2414 1393 foret
2456 1338 2712 1408 dignitas,
2743 1339 2925 1395 adhuc
2973 1349 3151 1394 tamen
3178 1340 3370 1393 aderat
3421 1340 3661 1409 Spiritus

2068 1440 2292 1486 sanctus
2344 1446 2577 1500 operans
2602 1432 2654 1486 in
2694 1432 2781 1487 his
2812 1432 2904 1501 qui
2946 1433 3094 1487 uncti
3150 1443 3335 1487 erant.
3367 1432 3658 1502 Postquam

2072 1535 2253 1578 autem
2315 1539 2509 1580 manus
2561 1526 2867 1593 iniecerunt
2918 1527 2971 1581 in
3002 1526 3212 1591 Jesum,
3242 1539 3373 1582 tunc
3439 1527 3662 1582 omnino

2071 1618 2244 1685 gratia
2276 1616 2567 1688 dereliquit
2591 1618 2735 1687 illos,
2765 1631 2820 1675 et
2868 1622 3085 1675 transiit
3119 1621 3187 1675 ad
3220 1621 3516 1691 apostolos.
3547 1621 3658 1691 lgi-

2071 1718 2160 1765 tur
2187 1712 2275 1765 alii
2298 1713 2517 1782 quidem
2567 1714 2621 1767 in
2670 1714 2852 1782 specie
2896 1715 3114 1770 concilii
3172 1725 3403 1771 mortem
3458 1715 3662 1770 Christi

2073 1805 2501 1868 meditabantur,
2552 1806 2796 1876 pontifex
2843 1818 3024 1863 autem
3077 1809 3152 1863 ita
3187 1820 3308 1864 erat
3370 1809 3668 1881 sanguina-

359 1894 474 1957 λοι,
527 1896 588 1948 ὲν
640 1895 797 1961 τάξει
857 1895 1056 1967 βουλῆς
1120 1898 1215 1951 τὸν
1278 1899 1374 1953 τοῦ
1434 1900 1675 1970 Χριστοῦ
1734 1900 1964 1956 θάνατον

2073 1898 2204 1964 rius,
2246 1909 2304 1953 ut
2331 1911 2387 1954 et
2418 1899 2563 1954 nudo
2592 1898 2755 1970 (quod
2803 1900 2979 1972 aiunt)
3025 1901 3230 1971 capite,
3259 1911 3451 1957 contra
3496 1901 3664 1958 Chri-

362 1988 706 2042 ὲσκέπτοντο
741 2005 756 2021 ο
798 1993 826 2043 ὁ
888 1989 945 2043 δὲ
989 1991 1285 2063 ἀρχιερεὺς
1339 1991 1514 2056 οὕτως
1541 1989 1610 2065 ἦν
1648 1996 1963 2066 μιαιφόνος,

359 2080 511 2134 ὥστε
544 2085 725 2153 γυμνῇ
779 2085 846 2154 τῇ
881 2082 1095 2155 κεφαλῇ
1143 2086 1283 2155 μετὰ
1322 2086 1648 2157 ἰταμότητος
1679 2089 1968 2160 ἀποφήνα·

363 2172 496 2224 σθαι
522 2173 665 2226 κατὰ
700 2173 939 2250 Χριστοῦ
968 2190 981 2204 ·
1013 2174 1218 2245 μᾶλλον
1263 2176 1363 2246 μὲν
1390 2175 1486 2229 οὖν
1518 2178 1615 2231 καὶ
1644 2180 1756 2241 τοῖς
1782 2178 1969 2244 ἄλλοις

361 2271 772 2340 ἐπιμέμφεται,
817 2272 893 2336 ὡς
947 2272 1023 2344 μὴ
1066 2276 1302 2328 συνιεῖσι
1322 2274 1383 2328 τὸ
1421 2276 1563 2341 δέον,
1601 2277 1697 2330 καὶ
1734 2277 1968 2349 ἀργοῦοι

363 2365 502 2432 περὶ
559 2366 659 2435 τὴν
700 2365 796 2419 τοῦ
839 2368 1211 2439 συμφέροντος
1267 2369 1483 2440 σκέψιν.
1523 2390 1541 2423 ι
1595 2348 1785 2443 Ὑμεῖς
1836 2348 1966 2443 γὰρ,

363 2460 563 2527 φησὶν,
586 2459 687 2511 οὐκ
723 2458 903 2511 οἴδατε
924 2460 1100 2514 οὐδέν.
1135 2478 1154 2511 ι
1202 2462 1389 2533 ’Δργοί
1433 2465 1580 2529 ἐστε,
1610 2465 1766 2534 φησὶ,
1791 2467 1872 2529 εἰς
1909 2467 1971 2520 τὸ

365 2551 589 2621 νοῆσαι,
624 2552 718 2605 καὶ
746 2554 807 2606 ού
838 2553 1122 2623 λογίζεσθε
1166 2555 1249 2610 ὅτι
1296 2557 1571 2628 συμφέρει
1618 2558 1716 2612 ἕνα
1749 2560 1961 2613 ἀποθα-

362 2650 504 2711 νεῖν,
521 2649 615 2699 καὶ
631 2646 876 2716 σωθῆναι
905 2647 996 2701 τὸν
1024 2647 1152 2702 λαὸν
1177 2648 1375 2704 πάντα.
1405 2647 1579 2703 Τοῦτο
1606 2649 1665 2704 δὲ
1687 2651 1783 2704 καὶ
1803 2652 1970 2715 αὐτὸς

366 2741 476 2811 μὲν
501 2741 677 2811 σκαιῷ
706 2740 953 2811 λογισμῷ
983 2737 1128 2807 εἷπε,
1155 2743 1295 2813 πλὴν
1329 2745 1360 2813 ἡ
1388 2745 1549 2814 χάρις
1581 2744 1677 2798 τοῦ
1716 2744 1971 2817 Πνεῦμα-

360 2852 485 2899 τος,
515 2835 596 2905 τῷ
624 2835 1082 2931 στόμοιτιὲκείνου
1123 2837 1400 2908 ἐχρήσατο
1431 2838 1569 2906 πρὸς
1593 2837 1693 2909 τὴν
1715 2838 1810 2891 τοῦ
1848 2838 1971 2909 μέλ·

362 2928 555 2991 λοντος
587 2927 951 2998 προφητείαν,
976 2928 1140 2984 είκαὶ
1171 2929 1267 2999 τῆς
1309 2932 1517 3000 μιαρᾶς
1544 2928 1711 2984 αὐτοῦ
1737 2930 1969 3002 καρδίας

361 3023 472 3091 οὐχ
503 3021 702 3093 ἥψατο.
743 3023 945 3075 Σκόπει
974 3017 1066 3076 οῦν
1092 3023 1234 3093 πόση
1265 3024 1359 3078 τοῦ
1397 3024 1715 3095 Πνεύματος
1747 3027 1781 3094 ή
1807 3024 1970 3078 δύνα-

367 3131 468 3183 μις
493 3127 507 3140 ·
533 3113 642 3165 ἀπὸ
660 3113 766 3184 γάρ
784 3113 1026 3177 διανοίας
1068 3117 1312 3185 πονηρᾶς
1337 3116 1559 3186 ῥήματα
1586 3115 1972 3188 παρεσκεύασε

2068 2000 2213 2047 stum
2252 1992 2717 2063 impudentissime
2749 1995 3074 2049 sententiam
3112 1994 3296 2051 ferret.
3320 1996 3664 2052 lmoetalios

2068 2085 2287 2157 quidem
2322 2086 2690 2156 reprehendit,
2742 2087 2886 2157 quod
2954 2102 3060 2142 non
3106 2088 3476 2160 intelligerent
3519 2092 3665 2161 quod

2070 2182 2379 2247 oportebat,
2414 2190 2469 2235 et
2509 2180 2687 2251 ignavi
2721 2190 2907 2236 essent
2965 2182 3018 2236 in
3048 2182 3405 2253 ,dispiciendo
3431 2185 3560 2254 quid
3598 2185 3667 2240 ad

2074 2288 2187 2326 rem
2233 2274 2525 2327 conducat.
2571 2292 2589 2324 ι
2646 2272 2782 2328 Nam
2836 2290 2952 2342 vos,
2987 2277 3185 2346 inquit,
3238 2276 3460 2333 nescitis
3509 2277 3669 2348 quid-

2071 2380 2258 2435 quam.
2293 2384 2312 2417 ι
2374 2366 2619 2432 Desides,
2678 2369 2872 2437 inquit,
2906 2371 3043 2425 estis
3105 2372 3169 2424 ad
3230 2371 3665 2442 intelligendum,

2072 2468 2126 2514 et
2152 2474 2258 2513 non
2292 2460 2545 2529 cogitatis
2576 2462 2723 2531 quod
2744 2464 2995 2532 expediat
3023 2478 3188 2518 unum
3211 2466 3366 2531 mori,
3388 2475 3442 2520 et
3468 2465 3666 2521 salvari

2076 2568 2293 2607 onmem
2324 2553 2604 2623 populum.
2639 2554 2751 2611 Hoc
2789 2566 2970 2611 autem
2997 2557 3110 2626 ipse
3160 2557 3377 2627 quidem
3436 2560 3665 2615 sinistro

2073 2645 2256 2702 animo
2285 2646 2440 2702 dixit.
2474 2645 2862 2704 Verumtamen
2895 2651 3072 2721 gratia
3111 2649 3350 2721 Spiritus
3377 2665 3475 2706 ore
3516 2651 3666 2707 illius

2074 2756 2168 2795 usa
2209 2749 2294 2795 est
2329 2740 2396 2795 ad
2431 2742 2832 2810 praedicendum
2891 2742 3098 2809 futura,
3138 2743 3351 2797 tametsi
3403 2743 3665 2813 polluto-It

2075 2847 2171 2887 cor
2200 2832 2319 2902 ejus
2343 2848 2446 2887 non
2485 2834 2748 2900 attigerit.
2793 2833 2924 2890 Vide
2946 2835 3111 2905 igitur
3143 2835 3312 2906 667
3331 2846 3533 2906 quanta
3560 2852 3664 2906 po-

2077 2925 2242 2976 tentia
2271 2923 2526 2992 Spiritus.
2565 2924 2721 2981 Fecit
2744 2926 2893 2982 enim
2939 2936 3048 2982 uta
3079 2928 3224 2982 mala
3258 2938 3438 2984 mente
3473 2945 3666 3000 proceo

2073 3016 2266 3072 derent
2300 3019 2463 3073 verba
2479 3019 2781 3075 mirabilem
2816 3021 3072 3077 habentia
3106 3022 3464 3093 prophetiam.
3500 3023 3661 3089 Nam,

2076 3119 2291 3165 mortuo
2330 3109 2568 3176 Christo,
2611 3128 2803 3169 omnes
2860 3114 2952 3182 qui
2980 3114 3337 3170 crediderunt
3372 3130 3436 3170 ex
3499 3127 3663 3187 gente

362 3205 679 3275 προελθεῖν,
713 3208 1057 3277 προφητείαν
1092 3206 1286 3278 ἔχοντα
1346 3208 1696 3280 θαυμαστήν.
1731 3210 1967 3263 ’Λποθα-

2077 3222 2105 3258 a
2148 3221 2346 3276 magno
2372 3218 2427 3260 et
2482 3217 2688 3261 :rterno
2739 3207 3013 3278 supplicio
3052 3208 3263 3265 liberati
3328 3208 3567 3266 fuerunt.
3600 3209 3668 3264 Et

365 3298 562 3362 νὸντος
610 3298 720 3367 γάρ
746 3297 987 3368 Χριστοῦ
1021 3299 1225 3360 πάντες
1245 3300 1296 3352 οἱ
1337 3298 1737 3363 πιστεύσαντες
1785 3301 1849 3361 ὲκ
1868 3299 1966 3353 τοῦ

364 3391 586 3454 ἔθνους,
623 3393 725 3461 τῆς
752 3393 998 3462 μεγάλης
1027 3393 1124 3445 καὶ
1149 3392 1373 3446 αἰωνίου
1413 3391 1689 3456 κολάσεως
1721 3391 1971 3463 ἀπηλλά-

366 3498 555 3552 γησαν
588 3497 602 3510 ·
632 3483 726 3535 καὶ
756 3483 857 3552 οὐχ
891 3482 1033 3554 ὑπὲρ
1056 3482 1150 3535 τοῦ
1173 3481 1301 3534 λαοῦ
1335 3483 1498 3551 μόνον
1527 3482 1623 3536 τοῦ
1672 3482 1971 3537 Ἰουδαῖκοῦ

366 3576 670 3642 ἀπέθανεν,
722 3575 840 3630 ἀλλ’
877 3574 966 3630 ἵνα
1018 3578 1114 3631 καὶ
1139 3576 1208 3629 τὰ
1267 3576 1434 3630 λοιπά
1456 3578 1623 3631 τέκνα
1661 3576 1759 3630 τοῦ
1806 3577 1967 3642 θεοῦ,

368 3672 655 3736 τουτέστι,
708 3673 776 3722 τά
834 3669 988 3740 ἔθνη,
1050 3672 1132 3733 είς
1190 3669 1250 3722 ἓν
1324 3670 1629 3742 συναγάγῃ.
1683 3670 1862 3723 Τέκνα
1912 3670 1972 3724 δὲ

367 3764 517 3818 Θεοῦ
546 3763 894 3834 ὀνομάζειτά
926 3766 1076 3836 ἔθνη,
1108 3766 1140 3835 ἢ
1169 3765 1278 3819 ἀπὸ
1305 3765 1402 3818 τοῦ
1431 3766 1722 3837 μέλλοντος
1746 3765 1970 3819 ἔσεσθαι

372 3858 529 3930 (snsi.
554 3859 665 3928 γάρ
692 3858 918 3928 ἔμελλον
970 3858 1226 3926 γενέσθαι
1257 3859 1428 3911 τέκνα
1475 3859 1635 3925 Θεοῦ,
1665 3856 1840 3922 οὕτως
1868 3859 1969 3912 αύ-

368 3951 506 4014 τοὺς
536 3951 818 4021 ὀνομάζει·
840 3951 1032 4022 ὥσπερ
1063 3954 1158 4005 καὶ
1187 3952 1424 4023 ἀλλαχοῦ
1455 3968 1642 4023 φησιν,
1671 3952 1755 4005 ὃτι
1809 3970 1828 4002 ι
1861 3953 1971 4006 Καὶ

367 4045 514 4099 ἄλλα
541 4044 791 4116 πρόϐατα
810 4044 939 4114 ἔχω,
989 4063 1008 4095 ι
1032 4043 1139 4097 ἀπὸ
1189 4045 1286 4098 τοῦ
1332 4046 1619 4116 μέλλοντος
1657 4046 1752 4098 καὶ
1794 4045 1971 4099 ταῦτα

369 4139 609 4211 καλῶν),
634 4140 666 4209 ἦ
696 4139 831 4192 καθὸ
854 4140 1078 4194 πάντων
1107 4139 1301 4208 Πατήρ
1325 4141 1464 4205 ἐστι,
1496 4138 1686 4211 τρόπῳ
1709 4139 1973 4210 δημιουρ-

371 4234 526 4304 γικῷ
583 4234 854 4302 γεννήσας
905 4233 1078 4303 ἡμᾶς,
1110 4234 1206 4285 καὶ
1249 4231 1386 4285 καθὸ
1431 4235 1728 4303 τετίμηκεν
1796 4232 1967 4302 ἡμᾶς,

374 4327 506 4383 κατ’
551 4328 735 4382 είκόνα
766 4327 962 4391 κτίσας
1022 4327 1235 4380 οἰκείαν
1284 4326 1380 4379 καὶ
1429 4326 1691 4398 ὁμοίωσιν
1723 4342 1737 4355 '
1778 4326 1969 4396 ὥσπερ

372 4423 476 4478 οὖν
505 4425 597 4477 καὶ
627 4426 686 4476 ὲν
715 4426 838 4486 ταῖς
867 4423 1141 4493 Πράξεσιν
1173 4424 1201 4475 ό
1229 4421 1441 4486 Παῦλος
1475 4422 1611 4492 πρὸς
1650 4420 1971 4492 Ἀθηναίους

370 4515 735 4586 δημηγορῶν,
801 4514 983 4584 φησί’
1026 4532 1044 4564 ι
1101 4513 1264 4576 Γένος
1306 4508 1399 4566 οῦν
1461 4513 1806 4583 ὑπάρχοντες
1872 4512 1969 4565 τοῦ

2077 3315 2181 3354 non
2218 3317 2313 3369 pro
2346 3310 2507 3369 gente
2530 3301 2700 3356 solum
2725 3300 2949 3357 Judaica
2980 3310 3225 3358 mortuus
3263 3314 3368 3368 est,
3397 3303 3491 3359 sed
3519 3312 3576 3358 et
3610 3311 3669 3357 ut

2075 3396 2163 3450 alii
2197 3395 2289 3449 lilii
2320 3394 2438 3461 Dei,
2474 3395 2574 3451 hoc
2601 3406 2687 3451 est
2739 3406 2930 3467 gentes
2958 3395 3011 3451 in
3044 3412 3208 3451 unum
3265 3410 3669 3469 congregaren-

2078 3503 2183 3543 tur.
2218 3490 2387 3545 Filios
2422 3500 2602 3544 autem
2646 3490 2740 3545 Dei
2788 3492 3031 3545 nominat
3080 3499 3290 3559 gentes,
3324 3493 3408 3546 vel
3469 3492 3538 3546 ab
3601 3507 3669 3547 eo

2074 3584 2219 3653 quod
2272 3592 2385 3639 erat
2458 3582 2734 3649 futurum;
2781 3584 3223 3654 quandoquidem
3274 3585 3417 3638 enim
3471 3583 3670 3640 futura:

2075 3688 2233 3732 erant
2251 3678 2347 3733 lilii
2384 3676 2502 3743 Dei,
2536 3679 2616 3733 sic
2652 3686 2743 3732 eas
2794 3678 3041 3731 nominat
3076 3696 3090 3733 :
3127 3679 3587 3749 quemadmodum
3612 3687 3671 3735 et

2075 3773 2183 3827 alio
2214 3773 2332 3826 loco
2363 3772 2559 3841 inquit,
2597 3789 2616 3823 ι
2653 3770 2720 3824 Ει
2744 3772 2882 3825 alias
2925 3786 3057 3826 oves
3108 3772 3283 3825 habeo
3314 3770 3366 3802 ⁸⁸
3398 3790 3416 3822 ι
3457 3788 3471 3826 :
3510 3772 3578 3826 ab
3602 3787 3669 3826 eo

2075 3866 2220 3938 quod
2264 3866 2503 3921 futurum
2533 3877 2671 3930 erat,
2701 3866 2863 3920 etiam
2927 3865 3062 3920 istas
3095 3879 3338 3932 vocans;
3366 3864 3450 3919 vel
3473 3879 3671 3921 secuti--

2044 3957 2201 4018 "dum
2234 3961 2374 4030 quod
2394 3960 2638 4015 omnium
2663 3957 2823 4013 Pater
2840 3966 2945 4023 est,
2986 3956 3222 4012 creando
3246 3971 3347 4012 nos
3376 3971 3667 4026 generans,

2075 4054 2159 4110 vel
2191 4054 2493 4109 secundum
2525 4052 2671 4122 quod
2709 4050 2994 4106 decoravit
3031 4062 3129 4104 nos
3172 4048 3238 4102 ad
3289 4047 3586 4117 imaginem
3614 4055 3672 4100 et

2074 4145 2482 4203 similitudinem
2533 4142 2809 4213 propriam
2858 4143 3129 4206 condens,
3168 4140 3315 4195 sicut
3364 4147 3419 4192 et
3461 4138 3514 4191 in
3559 4138 3669 4189 Ac-

2079 4239 2145 4294 tis
2183 4238 2381 4293 Paulus
2418 4237 2486 4291 ad
2530 4234 2894 4293 Athenienses
2942 4233 3295 4295 concionans,
3333 4227 3615 4301 inquit‘”
3648 4246 3660 4283 :

2082 4351 2100 4383 ι
2163 4331 2349 4387 Genus
2409 4330 2576 4401 igitur
2637 4345 2758 4383 cum
2817 4330 2991 4383 simus
3046 4325 3165 4381 Dei.
3232 4345 3251 4379 ι
3310 4325 3498 4394 Itaque
3541 4325 3667 4395 quia

2077 4427 2238 4481 homo
2273 4424 2476 4478 animal
2504 4433 2585 4478 cst
2612 4422 2936 4494 principale,
2966 4430 3020 4474 et
3046 4419 3346 4474 secundum
3397 4419 3499 4472 hoc
3535 4417 3671 4472 assi-

2079 4518 2325 4571 miletum
2358 4517 2488 4580 Deo,
2526 4514 2668 4569 lilius
2711 4515 2805 4568 Dei
2834 4513 3037 4567 dicitur
3059 4512 3260 4565 omnis.
3285 4509 3519 4564 Proinde
3542 4524 3667 4563 cum

372 4608 542 4661 Θεοῦ.
580 4627 599 4658 ι
629 4609 785 4660 Ἐπεὶ
806 4607 985 4660 τοίνυν
1015 4609 1244 4678 ἀρχικὸν
1275 4607 1414 4672 ζῶον
1446 4609 1474 4659 ό
1522 4608 1832 4678 ἄνθρωπος,
1875 4608 1967 4660 καὶ

2081 4613 2357 4680 dispersos
2380 4623 2482 4662 nos
2517 4606 2687 4661 variis
2719 4606 2891 4660 modis
2923 4604 3156 4658 Salanus
3188 4620 3216 4656 a
3248 4602 3360 4657 Deo
3403 4613 3456 4656 et
3491 4603 3561 4655 ab
3585 4603 3671 4655 in.

376 4702 525 4755 κατὰ
561 4700 721 4753 τοῦτο
754 4700 873 4769 Θεῷ
898 4700 1266 4771 ὁμοιωμένον,
1309 4702 1503 4753 τέκνον
1559 4699 1696 4751 Θεοῦ
1750 4700 1975 4768 λέγεται

370 4794 512 4854 πᾶς.
546 4792 1086 4861 Διεσκορπισμένους
1134 4789 1228 4845 οῦν
1272 4791 1445 4855 οὓτως
1470 4794 1616 4861 ἡμᾶς
1654 4791 1815 4856 ὄντας
1854 4794 1973 4862 (πο-

370 4887 666 4958 λυτρόπως
693 4886 846 4956 γάρὸ
879 4887 1123 4949 Σατανᾶς
1152 4884 1397 4955 ἀλλήλων
1439 4887 1534 4938 καὶ
1562 4886 1656 4938 τοῦ
1684 4886 1822 4940 Θεοῦ
1844 4887 1972 4951 τοὺς

368 4980 709 5051 ἀνθρώπους
737 4980 1068 5044 άποδιεῖλεν,
1100 4979 1336 5032 ἕκαστον
1367 4978 1445 5049 τῷ
1483 4979 1716 5049 πλησίον
1765 4980 1974 5049 ἐπιμαο

367 5078 538 5146 νῆναι
567 5077 658 5129 διὰ
691 5073 1083 5143 φιλοπλουτίας
1119 5074 1213 5127 καὶ
1248 5072 1556 5142 φιλοδοξίας
1610 5074 1971 5144 παρασκευά-

370 5171 528 5237 σας),
565 5169 643 5231 εἰς
680 5167 738 5220 ἒν
773 5170 802 5220 ὁ
834 5167 1071 5238 Χριστὸς
1097 5168 1244 5239 ἡμᾶς
1269 5167 1500 5238 ἤγαγεν,
1530 5167 1610 5230 εἰς
1674 5167 1805 5235 μίαν
1849 5167 1970 5219 Ἑκ-

369 5264 617 5334 κλησίαν
636 5263 730 5315 καὶ
764 5262 927 5331 ζυγὸν
950 5262 1048 5314 ἕνα
1082 5260 1428 5329 συναγαγὼν,
1475 5259 1574 5312 καὶ
1612 5259 1740 5322 τοῦς
1802 5259 1970 5327 ἐγγὺς

370 5360 479 5415 καὶ
532 5359 661 5421 τοὺς
720 5357 937 5428 μακράν
967 5355 1025 5410 ἓν
1054 5355 1218 5424 σῶμα
1280 5357 1512 5423 ποιήσας
1555 5353 1735 5405 ’ἵναό
1792 5354 1849 5403 ἐν
1902 5354 1968 5421 τῇ

383 5446 584 5517 Ῥώμῃ
607 5446 938 5517 καθήμενος,
961 5445 1053 5498 τὸν
1081 5447 1136 5497 ὲν
1179 5445 1339 5513 Ἰνδίᾳ
1376 5442 1526 5503 ὄντα,
1564 5444 1725 5512 μέλος
1771 5443 1970 5495 οίκείον

368 5540 686 5610 λογίζηται,
717 5540 814 5593 καὶ
852 5539 1066 5593 πάντων
1136 5539 1266 5607 μίαν
1300 5538 1543 5609 κεφαλὴν
1575 5537 1813 5606 ὁμολογῇ
1867 5537 1960 5587 τὶν

375 5633 735 5705 Χριστόν.Τὸ
756 5632 837 5698 δὲ,
875 5651 894 5684 ι
937 5631 1063 5685 Ἀπ’
1088 5631 1303 5699 ἐκείνης
1334 5632 1432 5697 τῆς
1465 5631 1680 5700 ἡμέρας
1706 5624 1991 5682 συνεδου-’

373 5727 670 5791 λεύσαντο,
699 5724 790 5778 ἵνα
814 5723 1175 5795 ἀποκτείνωσι
1211 5724 1300 5775 τὸν
1350 5721 1583 5794 Ἰησοῦν,
1617 5741 1636 5774 ι
1687 5721 1964 5792 δηλοῇὃτι

2077 4707 2249 4761 vicem
2308 4703 2576 4769 diwlsit,
2644 4710 2701 4755 ut
2749 4699 3125 4768 unusquisque
3193 4698 3412 4751 saeviret
3476 4706 3667 4751 contra

2078 4800 2383 4868 proximum
2445 4805 2666 4865 propter
2716 4792 3032 4848 divitiarum
3082 4806 3325 4843 antorem
3378 4795 3434 4843 et
3476 4801 3670 4841 vanam

2076 4890 2348 4959 gloriam;
2378 4887 2629 4941 Christus
2665 4886 2736 4940 ita
2797 4887 2848 4937 itt
2887 4900 3049 4937 unam
3096 4899 3194 4936 nos
3217 4880 3439 4943 collegit
3487 4879 3671 4934 Eccle-

2075 4979 2240 5042 siatn,
2298 4986 2353 5030 ct
2405 4976 2505 5029 sub
2568 4991 2734 5029 unum
2784 4974 3172 5044 coegitjugum
3262 4981 3369 5026 tam
3424 4985 3518 5025 eos
3573 4971 3669 5040 qui

2079 5086 2262 5140 prope,
2294 5085 2458 5139 quam
2493 5084 2588 5125 eos
2619 5070 2709 5139 qui
2760 5069 2918 5139 longe
2947 5079 3125 5130 erant,
3161 5082 3326 5121 unum
3356 5080 3554 5133 corpus
3584 5064 3669 5116 fa-

2079 5164 2253 5227 ciens,
2287 5172 2345 5215 ut
2375 5162 2419 5216 is
2441 5162 2533 5231 qui
2570 5161 2753 5214 Boium
2780 5160 3009 5223 habitet,
3034 5172 3156 5213 cum
3194 5157 3283 5227 qui
3309 5157 3360 5210 in
3390 5154 3540 5209 India
3562 5164 3667 5220 est,

2079 5262 2235 5308 suum
2287 5259 2590 5308 membrum
2650 5268 2774 5309 esse
2838 5254 3048 5315 credat,
3101 5262 3157 5306 et
3215 5250 3458 5305 omnium
3502 5264 3669 5301 ttuunt

2077 5358 2238 5416 caput
2283 5349 2514 5401 lateatnr
2553 5361 2673 5401 esse
2713 5346 2991 5401 Christum
3026 5344 3119 5397 ⁹⁰’.
3163 5342 3316 5407 Quod
3357 5350 3539 5395 autem
3567 5341 3664 5406 ait,

2083 5458 2100 5490 ι
2134 5443 2212 5492 Ab
2244 5438 2331 5491 illo
2355 5439 2441 5493 die
2471 5439 2851 5494 oonsulrarunt
2887 5449 2944 5492 ut
2984 5434 3358 5491 interﬁcerent
3389 5430 3598 5496 Jesnm,
3638 5451 3657 5482 ι

2082 5531 2550 5602 ιιιειιιὶίαιειοιίιυού
2576 5533 2643 5587 ab
2661 5533 2752 5587 illo
2775 5533 2861 5587 die
2876 5530 3201 5586 sententiam
3226 5529 3620 5582 conlirtnarnnt
3648 5541 3664 5579 :

2078 5637 2132 5680 et
2169 5635 2329 5680 antea
2355 5627 2570 5694 quidem
2593 5626 2794 5680 caedent
2828 5626 2948 5696 ejus
2984 5622 3410 5686 meditabantur,
3437 5617 3535 5674 sed
3581 5634 3666 5672 re-

2078 5719 2322 5783 missius,
2344 5728 2398 5774 et
2419 5720 2654 5789 quaestio
2673 5718 2844 5790 magis
2869 5728 2989 5773 erat
3009 5731 3172 5788 quam
3191 5716 3457 5773 sententia
3479 5731 3495 5781 ;
3521 5722 3668 5769 nunc

451 5914 496 5947 "
527 5912 686 5970 JOau.
732 5910 909 5981 3,16.
986 5911 1053 5944 ⁸⁹¹
1085 5908 1205 5964 Act.
1246 5924 1376 5973 xvtt,
1420 5908 1511 5965 9.9.
1588 5910 1631 5939 ⁹⁰
1685 5909 1823 5964 Gen.
1868 5923 1926 5976 ιι,

2144 5906 2207 5937 Μ’
2260 5902 2460 5975 Epiros.
2493 5921 2554 5973 tt,
2586 5904 2668 5959 16.
