4060 6572
420 466 421 469 γ
476 370 570 446 in

1383 374 1955 436 THEOPHYLACTI
1995 372 2407 435 BULGARIA!
2434 374 2784 435 ARCHIEP.

3625 373 3723 439 112

474 504 656 549 autem
730 492 1027 562 perfectum
1081 487 1371 559 judicium,
1433 501 1485 546 et
1543 491 1701 545 firma
1755 490 2045 546 sententia.

2157 490 2245 544 ἀπ’
2272 491 2495 561 ἐκείνης
2525 491 2625 557 τῆς
2652 490 2864 560 ἡμέρας
2892 488 3093 559 κυρίως
3122 489 3215 542 καὶ
3267 489 3485 553 τελείως
3519 490 3727 562 ἐκύρω-

477 608 495 640 ι
526 587 688 648 Prius
707 587 872 652 enim,
897 582 1091 653 inquit,
1113 581 1427 653 quaerebant
1455 582 1702 639 occidere
1730 581 1905 637 illum.
1934 599 1953 633 ι
1985 579 2051 635 Et

473 684 590 752 ipse
618 694 835 750 quoque
868 693 961 733 eos
989 690 1225 747 arguens
1256 677 1455 747 inquit,
1482 695 1500 727 ι
1534 675 1616 731 ale
1638 675 1877 745 quarritis
1901 675 2049 729 occi-

472 772 627 827 dere.
661 787 681 823 ι
710 768 1003 824 Considera
1043 767 1206 837 igitur
1229 766 1556 837 pontificalis
1583 766 1884 820 sacerdotis
1937 765 2046 819 vir-

475 873 664 929 tutem,
697 861 967 932 quomodo
1020 861 1181 931 plena
1209 862 1281 915 sit
1310 861 1483 929 gratia
1519 860 1775 930 Spiritus,
1830 859 2044 913 tametsi

470 955 807 1023 indiguisint
839 952 934 1024 qui
964 952 1108 1008 illam
1144 959 1358 1022 gerant.
1411 951 1478 1005 Et
1527 952 1731 1006 honora
1794 950 2047 1006 sacerdo-

470 1057 550 1101 tes
584 1046 745 1116 digne
772 1056 991 1116 propter
1015 1044 1243 1114 gratiam
1274 1043 1327 1097 in
1349 1043 1453 1107 eis,
1475 1056 1580 1097 nou
1609 1050 1831 1111 propter
1857 1054 2047 1093 eorum

468 1138 825 1194 voluntatem.
847 1136 1014 1207 Igitur
1042 1151 1150 1192 non
1174 1134 1321 1191 solus
1337 1133 1574 1205 Caiphae
1596 1133 1883 1204 prophetat
1900 1132 2047 1197 ἰοθί,

464 1230 562 1286 sed
584 1240 639 1283 et
683 1228 772 1283 alii
807 1227 959 1283 multi
1017 1226 1218 1296 indigni
1283 1224 1462 1280 futura
1514 1227 1783 1292 viderunt,
1839 1222 2047 1279 Pharao

470 1323 540 1377 de
587 1319 863 1376 fertilitate
902 1334 968 1374 ac
1004 1318 1292 1374 sterilitate
1330 1317 1398 1381 ³³,
1433 1315 1929 1371 Nabuchodonosor
1984 1313 2050 1368 de

468 1414 650 1483 regnis
679 1424 733 1468 et
759 1412 975 1470 Christo
994 1412 1063 1477 ⁸⁸,
1086 1422 1142 1467 et
1160 1410 1380 1466 Balaam
1403 1411 1469 1465 de
1484 1408 1791 1465 Christo”.
1810 1404 1925 1460 Non
1955 1422 2050 1461 aud

470 1518 578 1563 tem
610 1507 869 1562 continuo
922 1505 969 1560 si
1027 1506 1149 1574 quis
1178 1503 1485 1574 prOpIietat,
1509 1501 1771 1571 propheta
1803 1499 2044 1554 dicitur:

467 1599 564 1656 sed
621 1601 664 1654 si
692 1600 815 1670 quis
849 1599 1134 1669 propheta,
1158 1598 1245 1652 ille
1272 1607 1326 1652 et
1348 1598 1635 1666 prophetat
1667 1613 1680 1650 :
1710 1596 1850 1651 sicut
1876 1608 2050 1664 neque

468 1694 649 1748 onmis
666 1694 756 1762 qui
789 1693 1108 1748 medicinam
1143 1699 1317 1761 parat,
1344 1689 1612 1746 medicus:
1644 1689 1737 1745 sed
1759 1689 1850 1760 qui
1894 1687 2048 1757 juxta

468 1785 716 1839 medendi
773 1784 1034 1839 rationein
1082 1783 1369 1847 medetur,
1424 1783 1468 1835 is
1513 1781 1753 1836 medicus
1804 1781 2043 1847 dicatur;

2153 599 2251 636 σαν
2274 583 2371 654 τὴν
2407 582 2655 653 γνώμην.
2698 583 2807 636 Καὶ
2848 581 2953 653 πρὸ
2991 581 3185 635 τούτου
3243 583 3480 654 μὲνγὰρ
3522 583 3724 637 ἐσκέπ-

2147 691 2303 729 τοντο
2334 674 2578 745 περὶτοῦ
2599 676 2782 743 φόνου,
2810 673 2944 730 ἀλλὰ
2981 673 3393 745 μαλακώτερον,
3417 676 3512 729 καὶ
3555 675 3726 749 ζήτη-

2150 785 2237 831 σις
2306 768 2511 839 μᾶλλον
2537 763 2605 839 ἦν
2633 768 2695 821 τὸ
2736 769 2992 839 πρᾶγμα,
3034 768 3128 822 καὶ
3159 768 3258 821 οὐκ
3289 769 3560 839 ἀπόφασις
3591 786 3605 800 ·
3633 771 3730 822 νῦν

2149 860 2205 913 δὲ
2239 861 2418 914 τελεία
2471 862 2674 932 κρίσις,
2715 862 2813 914 καὶ
2866 862 3045 929 ψῆφος
3093 863 3477 932 κεκυρωμένη.
3531 861 3730 933 Πρὼην

2151 956 2258 1023 γάρ
2299 974 2316 1003 ι
2351 954 2602 1025 ἐζήτουν,
2637 956 2824 1026 φησὶν,
2859 957 3180 1008 ἀποκτεῖναι
3215 957 3378 1009 αὐτόν
3407 972 3420 986 ’
3453 976 3470 1008 ι
3503 958 3599 1010 καὶ
3631 958 3725 1010 αύ-

2149 1047 2240 1108 τδς
2299 1047 2356 1100 δὲ
2400 1048 2599 1109 αὐτοὺς
2639 1048 2900 1117 ἐλέγχων,
2966 1049 3154 1118 φησὶν,
3203 1049 3286 1101 ὅτι
3334 1067 3354 1101 ι
3393 1051 3615 1118 Ζητεῖτέ
3661 1067 3730 1119 με

2148 1140 2490 1193 ἀποκτεῖναι.
2525 1157 2543 1190 ι
2580 1140 2862 1207 Σκόπησον
2905 1136 2998 1194 οὖν
3022 1141 3120 1210 τῆς
3150 1142 3546 1211 ἀρχιερατικῆς
3572 1141 3730 1206 ἀξίας

2148 1229 2246 1300 τὴν
2262 1229 2513 1300 δύναμιν,
2543 1230 2660 1293 πῶς
2691 1230 2856 1299 γέμει
2890 1230 2991 1297 τῆς
3018 1230 3114 1284 τοῦ
3140 1230 3453 1300 Πνεύματος
3483 1233 3733 1303 χάριτος,

2149 1318 2253 1373 κᾶν
2298 1320 2347 1373 οἱ
2390 1321 2595 1391 ταύτην
2635 1321 2936 1390 φοροῦντες
2984 1314 3120 1374 ὦσιν
3174 1321 3409 1386 ἀνάξιοι.
3446 1322 3553 1375 Καὶ
3592 1324 3733 1393 τίμα

2152 1429 2243 1483 μοι
2264 1413 2392 1477 τοὺς
2415 1414 2692 1484 ἀρχιερεῖς
2716 1414 2885 1480 ἀξίως
2923 1415 3021 1483 τῆς
3053 1416 3111 1467 ἐν
3147 1414 3331 1477 αὐτοῖς
3386 1415 3629 1483 χάριτος,
3669 1413 3732 1466 οὐ

2149 1507 2246 1574 τῆς
2285 1504 2465 1559 αὐτῶν
2500 1506 2895 1575 προαιρέσεως.
2932 1507 3006 1558 Οὐ
3044 1506 3206 1576 μόνον
3248 1506 3305 1559 δέ
3330 1507 3437 1576 ἄρα
3463 1502 3729 1576 Καϊάφας

2156 1599 2515 1670 προφητεύει,
2546 1597 2683 1651 ἀλλά
2722 1600 2816 1652 καὶ
2834 1599 2982 1653 ἄλλοι
3021 1600 3205 1653 πολλοὶ
3228 1599 3438 1663 ἀνάξιοι
3482 1599 3550 1651 τά
3604 1598 3735 1667 μέλ-

2153 1691 2316 1745 λοντα
2349 1688 2515 1744 εἶδονσ
2546 1690 2747 1760 Φαραὼ
2779 1692 2846 1744 τὰ
2886 1695 3013 1762 περὶ
3047 1694 3141 1764 τῆς
3182 1691 3439 1763 εύσορίας
3478 1690 3570 1743 καὶ
3598 1691 3736 1758 ἀσο-

2154 1788 2273 1858 ρξας
2298 1802 2312 1816 ⁸
2368 1785 2861 1857 Ναϐουχοδονόσωρ
2886 1785 2955 1837 τὰ
2994 1786 3122 1854 περὶ
3172 1784 3281 1836 τῶν
3319 1783 3609 1853 βασιλειῶν
3637 1782 3737 1834 καὶ

466 1891 641 1945 neque
689 1875 1113 1945 justus,justuin
1146 1874 1401 1943 quiddam
1418 1872 1642 1938 faciens,
1677 1873 1770 1927 sed
1788 1871 2044 1942 quijuste

2157 1846 2268 1932 τοῦ*
2292 1846 2685 1949 ΧριστοῦΓκαὶ
2726 1846 2955 1948 Βαλαὰμ
2984 1846 3111 1947 περὶ
3144 1846 3407 1947 Χριστοῦ.
3440 1877 3553 1928 Οὐκ
3598 1875 3735 1937 εἴτις

473 1967 626 2031 facit,
676 1967 830 2038 juxta
861 1969 1065 2022 dictum
1098 1965 1225 2020 illud
1257 1982 1270 2019 :
1301 1964 1454 2020 Juste
1500 1966 1645 2035 quod
1690 1963 1897 2032 justum
1958 1974 2045 2020 est

465 2074 820 2131 persequere.
851 2060 1152 2131 Prophetat
1180 2068 1234 2114 et
1258 2057 1513 2129 Caiphas.
1547 2057 1640 2112 sed
1676 2072 1782 2112 non
1804 2058 2038 2128 prophe-

465 2152 567 2207 tica
596 2164 799 2221 mente,
830 2161 886 2210 et
910 2161 1198 2224 propterea
1231 2166 1336 2206 non
1374 2151 1663 2220 propheta.

2142 1970 2198 2024 δὲ
2242 1970 2597 2043 προφητεύει,
2640 1971 2926 2041 προφήτης
2961 1968 3027 2022 ἂν
3078 1968 3300 2039 λεχθείη
3335 1982 3348 1995 ·
3388 1965 3504 2019 ἀλλ’
3555 1964 3610 2017 εῐ
3647 1981 3731 2025 τις

2143 2066 2452 2133 προνήτης,
2505 2064 2712 2125 ἐκεῖνος
2734 2063 2829 2115 καὶ
2859 2060 3190 2132 προφητεύει
3217 2074 3232 2089 ο
3258 2058 3446 2127 ὥσπερ
3476 2052 3568 2109 οὖν
3609 2052 3733 2106 obit

2142 2155 2253 2217 πᾶς
2288 2156 2317 2205 ὁ
2366 2153 2615 2225 ἰατρικόν
2683 2168 2737 2205 τι
2781 2153 2973 2215 ποιῶν,
3010 2151 3110 2222 ἢδη
3141 2150 3236 2203 καὶ
3301 2148 3517 2218 torpor
3552 2143 3668 2198 ἀλλ’
3707 2145 3741 2196 δ

464 2248 561 2300 καὶ
616 2249 758 2303 κατά
806 2249 895 2304 τὸν
964 2246 1205 2318 ἰατρικὸν
1238 2246 1397 2314 λόγον
1439 2244 1613 2299 ποιῶν
1666 2243 1729 2299 τὸ
1785 2244 2050 2317 Ιατρικδν,
2111 2251 2317 2335 ἐκεῖνος
2355 2249 2423 2304 ἂν
2477 2247 2693 2320 λεχθείη
2724 2249 2905 2320 ἰατρός
2935 2261 2954 2282 ο
2991 2246 3179 2319 ὥσπερ
3217 2247 3307 2298 καὶ
3325 2246 3532 2307 δίκαιος
3568 2246 3666 2313 οὐχ
3702 2236 3739 2291 ὸ

468 2339 637 2394 ποιῶν
702 2342 911 2396 δίκαιόν
952 2359 1026 2407 τι,
1056 2340 1171 2394 ἀλλ’
1214 2343 1243 2395 ὁ
1291 2339 1515 2403 δικαίως
1558 2337 1751 2406 ποιῶν,
1805 2340 1947 2394 κατά
1983 2344 2046 2396 τὸ
2084 2344 2404 2415 εἰρημένονο
2453 2344 2691 2404 Auidus;
2724 2344 2785 2396 τὸ
2834 2342 3042 2397 δίκαιον
3094 2340 3325 2406 διώξεις.
3397 2340 3737 2411 προφητεύει

466 2434 557 2489 καὶ
580 2435 856 2503 Καϊάφας,
884 2434 998 2488 ἀλλ’
1032 2433 1094 2488 ού
1126 2431 1448 2504 προφητικῷ
1474 2431 1721 2503 λογισμῷ
1754 2449 1769 2463 ο
1794 2433 1895 2487 οὐκ
1922 2433 2034 2505 ἄρα
2062 2440 2370 2509 προφήτης.

547 2526 710 2583 Vnus.
743 2525 936 2583 54-56.
976 2544 997 2577 ι
1046 2521 1203 2579 Jesus
1255 2538 1393 2594 ergo
1427 2523 1540 2593 jam
1596 2537 1701 2577 non
1761 2524 2044 2593 propalam

467 2622 779 2681 ambulabat
833 2620 975 2674 inter
1023 2614 1263 2683 Judwos,
1323 2615 1418 2671 sed
1473 2610 1714 2670 ahiit’in
1769 2617 2044 2685 regionem

460 2720 617 2790 juxta
651 2715 952 2775 desertum,
982 2710 1034 2764 in
1074 2708 1345 2762 civitatem
1377 2723 1498 2776 qua:
1540 2707 1740 2762 dicitur
1767 2707 2048 2777 Ephraim,

468 2820 522 2863 et
556 2808 627 2863 ibi
658 2803 977 2860 tersabatur
999 2800 1168 2872 668
1198 2815 1319 2854 cuin
1349 2799 1630 2870 discipulis
1655 2799 1787 2855 suis.
1813 2798 2053 2873 Instabat

468 2909 647 2955 autem
675 2896 882 2950 Pascha
912 2891 1245 2954 Iudaeorum,
1269 2900 1324 2945 et
1353 2892 1719 2946 ascenderunt
1750 2891 1898 2945 multi
1923 2891 2050 2947 Ilie-

469 2993 704 3049 rusalem
747 3005 777 3045 e
811 2989 1029 3057 regione
1062 2996 1187 3040 ante
1214 2983 1445 3051 Pascha,
1481 2994 1540 3038 ut
1583 2984 1933 3054 purificarent
1967 2998 2048 3040 se.

468 3083 800 3155 Qumrebant
825 3094 956 3150 ergo
980 3076 1262 3143 Jesum,-et
1292 3077 1741 3146 colloquebantur
1764 3078 1904 3132 inter
1930 3089 2053 3132 sese

2231 2549 2250 2583 ι
2295 2529 2498 2600 Ἰησοῦς
2543 2529 2636 2584 οὖν
2682 2530 2781 2583 οὐκ
2832 2529 2910 2581 ἔτι
2956 2526 3241 2600 παρρησία
3305 2529 3625 2597 περιεπάτει
3675 2530 3745 2579 ἐν

2154 2624 2267 2686 τοῖς
2310 2621 2606 2685 Ἰουδαίοις,
2633 2619 2770 2674 ἀλλά
2797 2619 3083 2692 πόρρωθεν
3114 2623 3191 2681 είς
3221 2620 3320 2691 τὴν
3351 2621 3535 2691 χώραν
3565 2621 3734 2687 ἐγγὺς

2155 2713 2259 2782 τῆς
2315 2714 2524 2783 ἐρήμου
2557 2713 2638 2775 είς
2680 2711 2922 2782 Ἐφρατμ
2971 2711 3280 2782 λεγομένην
3337 2710 3511 2777 πόλιν,
3571 2713 3737 2766 κάκεῖ

2156 2806 2394 2877 διέτριϐε
2428 2804 2566 2874 μετά
2594 2804 2703 2857 τῶν
2738 2802 2993 2876 μαθητῶν
3018 2802 3208 2859 αὐτοῦ.
3246 2798 3351 2858 ἾΙν
3378 2804 3436 2857 δὲ
3466 2806 3632 2872 ἐγγὲς
3673 2803 3740 2857 τὸ

2158 2901 2354 2969 Πάσχα
2382 2899 2490 2952 τῶν
2532 2898 2822 2962 Ἰουδαίων,
2875 2898 2968 2953 καὶ
2997 2897 3273 2968 ἀνέϐησαν
3303 2899 3594 2962 πολλοὶ-είς
3642 2897 3740 2952 Ἰε-

2162 2994 2438 3065 ροσόλυμα
2471 2994 2538 3046 ἐκ
2570 2992 2670 3062 τῆς
2705 2993 2889 3063 χώρας
2938 2995 3042 3063 πρὸ
3081 2993 3175 3047 τοῦ
3205 2992 3417 3061 Πάσχα,
3443 2994 3529 3047 ἵνα
3577 2994 3741 3058 ἀγνί-

2159 3105 2322 3142 σωσιν
2357 3088 2605 3150 ἑαυτούς.
2657 3088 2915 3156 Ἐζήτουν
2944 3086 3036 3140 οὖν
3084 3087 3175 3140 τδν
3218 3087 3447 3156 Ἰησοῦν,
3492 3087 3586 3141 καὶ
3615 3086 3738 3139 ἕλε-

472 3184 527 3235 in
570 3175 765 3247 templo
806 3182 1014 3230 stantes
1056 3190 1069 3226 :
1105 3169 1245 3238 Quid
1304 3171 1515 3226 videtur
1564 3171 1716 3226 vobis
1753 3171 1897 3240 quod
1940 3187 2048 3226 non

2157 3194 2250 3246 γον
2294 3178 2410 3249 μετ’
2446 3178 2696 3249 ἀλλήλων
2730 3181 2789 3232 ἐν
2837 3178 2912 3249 τῷ
2965 3177 3095 3250 ἱερῷ
3130 3178 3456 3249 ἑστηκότες
3496 3179 3560 3231 Τί
3586 3179 3743 3232 δοκεῖ

474 3266 618 3321 venit
645 3266 710 3320 ad
750 3263 890 3319 diem
918 3260 1157 3316 festum?
1179 3261 1451 3317 Dederunt
1483 3274 1661 3317 autem
1691 3262 1971 3331 pontifices
1997 3270 2052 3317 et

473 3358 732 3414 Pharisaei
792 3364 1142 3426 praeceptum,
1197 3362 1254 3408 ut
1302 3354 1349 3410 si
1397 3354 1518 3424 quis
1571 3354 1912 3425 cognovisset
1964 3356 2052 3410 uhi

472 3464 637 3517 esset,
696 3451 982 3517 indicaret,
1042 3458 1101 3502 ut
1151 3447 1670 3516 comprehenderent.
1724 3462 1873 3503 eum.
1930 3466 1950 3499 ι
1994 3445 2053 3501 ln

475 3542 985 3599 condemnationem
1015 3535 1325 3594 Judmorum
1363 3536 1573 3593 secedit
1626 3536 1909 3604 Dominus,
1948 3554 2052 3593 non

476 3635 691 3706 refugit,
725 3642 778 3688 et
805 3630 965 3689 simul
995 3646 1093 3685 nos
1124 3630 1279 3684 docet
1313 3630 1415 3699 (α),
1451 3642 1519 3683 ne
1546 3643 1647 3683 nos
1670 3637 1873 3684 temere
1909 3629 2051 3697 peri-

475 3729 612 3784 culis
634 3728 944 3797 ingeramus
979 3723 1139 3778 etiam
1168 3735 1266 3791 pro
1308 3721 1540 3791 pietate;
1575 3721 1669 3775 sed
1705 3729 1912 3775 stemus
1939 3719 2058 3789 quiv

477 3822 593 3875 dent
615 3816 847 3883 fortiter,
876 3813 1238 3885 deprehensi:
1269 3828 1376 3867 non
1398 3810 1715 3882 deprehensi
1750 3822 1954 3880 autem,
1988 3827 2056 3866 ne

477 3915 529 3967 in
554 3910 915 3966 voluntarium
944 3905 1243 3978 periculum
1268 3914 1488 3975 propter
1509 3904 1775 3959 incertum
1801 3913 2055 3960 eventum

477 4010 772 4062 irruamus.
810 3990 944 4059 Vide
998 4012 1178 4057 autem
1211 4000 1432 4057 stultam
1489 3997 1797 4054 Judaeorum
1838 4009 2055 4053 senten-

480 4102 645 4165 tiam;
684 4111 856 4168 neque
887 4105 1128 4164 tempore
1160 4091 1476 4151 festivitatis
1519 4106 1550 4146 a
1587 4090 1733 4147 caede
1762 4090 2056 4156 abstinent,

478 4194 573 4249 sed
607 4191 807 4246 caedem
851 4187 1193 4243 committere
1232 4184 1565 4251 consultant,
1607 4193 1661 4239 et
1699 4184 2059 4239 ascenderunt

483 4295 539 4338 ut
566 4283 999 4354 puriﬁcareutur.
1034 4279 1136 4346 Qui
1164 4286 1455 4348 peccarant
1482 4277 1564 4332 vel
1594 4284 1807 4346 sponte.
1854 4274 1937 4330 vel
1968 4274 2054 4329 in-

480 4377 597 4442 viti,
624 4391 727 4429 non
756 4374 981 4444 agebant
1004 4371 1234 4434 Pascha,
1253 4369 1355 4425 nisi
1386 4370 1538 4441 prius
1559 4370 1825 4441 purificati
1853 4378 2057 4437 essent,

2156 3272 2304 3340 ύμῖν,
2334 3270 2415 3324 ὅτι
2438 3271 2499 3322 οὑ
2539 3269 2611 3340 μὴ
2642 3270 2769 3342 ἔλθῃ
2802 3273 2882 3334 εἰς
2919 3269 3018 3341 τὴν
3052 3271 3278 3342 ἐορτήνς
3312 3267 3649 3322 Δεδὼκεισαν
3675 3268 3741 3322 δὲ

2155 3362 2207 3414 οι
2247 3361 2523 3431 ἀρχιερεῖς
2570 3362 2666 3412 καὶ
2717 3362 2767 3413 οἱ
2798 3362 3082 3431 Φαρισαῖοι
3139 3359 3384 3429 ἐντολὴν,
3418 3359 3503 3412 ἵνα
3530 3358 3625 3412 ἐάν
3652 3376 3738 3420 τις

2156 3453 2270 3524 γνῷ
2301 3452 2403 3504 ποῦ
2436 3454 2571 3515 ἐστι,
2606 3450 2846 3524 μηνύσῃ,
2876 3452 3025 3514 ὅπως
3056 3452 3326 3506 πιάσωσιν
3363 3450 3544 3504 αὐτόν.
3586 3469 3605 3503 ι
3642 3449 3741 3515 Εἰς

2156 3544 2476 3614 κατάκριμα
2498 3544 2610 3595 τῶν
2646 3541 2913 3597 Ἰἆιδαίων
2940 3544 3214 3614 ἀναχωρεῖ
3239 3543 3266 3594 ὁ
3291 3544 3514 3614 Κύριος,
3545 3542 3605 3594 ού
3631 3542 3744 3595 δει-

2157 3635 2309 3698 λιῶν,
2348 3636 2464 3708 ἅμα
2508 3635 2564 3689 δέ
2616 3636 2712 3690 καὶ
2758 3637 2905 3706 ἡμᾶς
2947 3636 3217 3690 διδάσκων
3269 3636 3344 3706 μὴ
3393 3635 3744 3707 ἐπιρρίπτειν

2158 3729 2384 3792 ἑαυτοὺς
2411 3730 2491 3789 εἰς
2510 3727 2821 3794 κινδύνους,
2836 3726 2938 3781 κᾶν
2964 3728 3102 3799 ὑπὲρ
3128 3727 3404 3790 εὐσεϐείας
3421 3720 3574 3791 ὦσιν,
3603 3726 3744 3780 ἀλλὰ

2160 3822 2745 3892 καταλαμϐανομένους
2791 3822 2889 3894 μὲν
2918 3822 3170 3877 ἵστασθαι
3210 3821 3494 3889 γενναίως,
3532 3822 3605 3892 μὴ
3636 3838 3744 3873 καο

2158 3914 2531 3982 ταληφθέντας
2556 3913 2639 3980 δὲ,
2670 3915 2751 3977 εἰς
2796 3912 3109 3967 ἐθελούσιον
3147 3912 3391 3967 κίνδυνον
3423 3914 3498 3984 μὴ
3549 3927 3740 3981 παραο

2162 4005 2478 4070 ϐάλλεσθαι,
2503 4005 2591 4059 διὰ
2619 4005 2678 4058 τὸ
2704 4006 2802 4075 τῆς
2836 4004 3114 4068 ἐκϐάσεως
3141 4005 3353 4075 ἄδηλον.
3391 4006 3531 4076 ὐρα
3561 4004 3618 4058 δέ
3639 4004 3757 4073 τὴν

2162 4098 2389 4165 ἀνόητον
2419 4095 2645 4168 γνώμην
2670 4096 2781 4150 τῶν
2822 4096 3114 4163 Ἰουδαίων,
3138 4098 3286 4159 ὃπως
3315 4097 3423 4150 οὐδ’
3456 4099 3514 4149 ἐν
3534 4095 3612 4166 τῷ
3640 4098 3743 4165 τῆς

2162 4191 2355 4261 ἑορτῆς
2385 4189 2563 4260 καιρῷ
2612 4189 2714 4259 τῆς
2747 4190 3061 4260 μιαιφονίας
3105 4190 3413 4260 ἀπείχοντο,
3468 4188 3601 4243 ἀλλά
3646 4188 3747 4242 καὶ

2164 4283 2325 4353 φόνον
2355 4281 2744 4337 ἐϐουλεύσαντο
2781 4281 3003 4353 δρᾶσαι,
3044 4283 3139 4337 καὶ
3173 4281 3453 4337 ἀνέϐαινον
3480 4279 3747 4349 ἀγνισθη-

2167 4378 2403 4447 σόμενοι.
2437 4375 2503 4429 Oi
2530 4374 2638 4446 γὰρ
2690 4374 3074 4446 ἡμαρτηκότες
3095 4375 3129 4442 ἢ
3156 4374 3400 4437 ἑκούσια,
3425 4374 3457 4444 ἢ
3486 4372 3741 4437 ἀκούσια,

475 4470 631 4541 juxta
665 4466 1134 4531 consuetudinem,
1170 4464 1265 4522 lcti
1313 4474 1369 4520 et
1388 4462 1720 4535 jejunantes,
1751 4472 1805 4519 et
1837 4464 1963 4531 rasi,
2004 4472 2052 4519 el

2162 4470 2262 4523 οὐκ
2295 4469 2509 4522 ἐτέλουν
2529 4466 2592 4521 τὸ
2628 4468 2843 4536 Πάσχα,
2868 4466 2916 4519 εί
2969 4466 3047 4539 μὴ
3100 4466 3365 4539 πρότερον
3405 4466 3756 4535 ἡγνίσθησαν

482 4566 733 4633 deputata
785 4560 1029 4633 quaedam
1087 4559 1356 4616 sacrificia
1406 4556 1716 4614 offerentes.
1768 4555 1852 4612 Illi
1899 4555 2062 4627 igitur

481 4655 671 4726 optimi
721 4654 1115 4711 insidiabantur
1148 4652 1399 4719 Domino,
1432 4657 1487 4706 et
1528 4650 1780 4707 dicebant
1818 4669 1833 4706 :
1872 4667 1891 4703 ι
1921 4650 2059 4716 Quid

484 4749 699 4804 videtur
725 4748 877 4803 vobis
897 4746 1038 4817 quod
1064 4760 1170 4802 non
1200 4742 1386 4799 veniat
1409 4743 1476 4796 ad
1498 4740 1739 4798 festum?
1771 4762 1789 4795 ι
1811 4737 1926 4798 Hoc
1953 4751 2059 4806 est,

2165 4555 2307 4610 κατά
2354 4555 2415 4609 τὸ
2463 4554 2604 4621 ἔθος,
2652 4555 2931 4626 λουόμενοι
2976 4572 3035 4608 τε
3083 4555 3179 4610 καὶ
3227 4554 3593 4625 νηστεύοντες,
3649 4557 3746 4609 καὶ

2165 4648 2473 4719 ξυράμενοι,
2510 4648 2603 4702 καὶ
2633 4647 2823 4711 θυσίας
2871 4645 3024 4711 τινὰς
3069 4648 3464 4719 νενομισμένας
3505 4648 3746 4718 προσφέο

2168 4757 2374 4811 ροντες.
2419 4732 2579 4794 Οὗτοι
2624 4738 2804 4794 τοίνυν
2847 4739 2897 4794 οι
2949 4738 3216 4810 βέλτιστοι
3244 4740 3294 4793 οἱ
3342 4739 3433 4792 τὸν
3477 4738 3757 4809 ἁγνισμὸν

483 4838 805 4896 Necessario
835 4837 1011 4893 aderit
1047 4843 1146 4892 :et
1186 4836 1233 4891 si
1272 4836 1408 4892 nihil
1445 4833 1620 4901 aliud,
1653 4840 1864 4904 tempus
1909 4841 2052 4900 coget

2167 4832 2506 4902 ποιούμενοι,
2557 4831 2846 4904 ἐνήδρευον
2884 4831 2973 4885 τὸν
3012 4830 3239 4902 Κύριον,
3276 4831 3373 4885 καί
3406 4846 3567 4899 φασν
3609 4848 3630 4882 ι
3677 4830 3747 4884 Τί

486 4934 633 4989 illum
670 4932 968 5002 illaquearl.
1006 4927 1052 4985 Ο
1085 4927 1383 4984 malitiam!
1417 4926 1550 4983 Cum
1586 4925 1757 4996 magis
1779 4926 2062 4990 oportebat

491 5026 882 5081 t-ondeniuatos
927 5032 1149 5093 propter
1190 5019 1540 5075 festivitatem
1590 5017 1897 5082 absolvere,
1932 5024 2061 5072 tunc

489 5120 689 5175 insonti
739 5117 1088 5174 insidiantur.
1118 5114 1186 5170 Et
1215 5113 1259 5169 si
1302 5113 1520 5184 quidem
1568 5110 1762 5183 privati
1809 5111 1923 5165 haec
1961 5106 2059 5163 soli

488 5212 765 5277 fecissent,
808 5210 983 5265 visum
1028 5206 1221 5262 fuisset
1270 5205 1553 5275 imperitiae
1605 5203 1881 5258 dandum:
1918 5214 2060 5256 nunc

490 5314 667 5358 autem
699 5299 954 5360 Pharisaei
986 5298 1310 5370 praecipiunt
1342 5307 1401 5353 ut
1441 5295 1700 5368 prodatur
1725 5302 1783 5349 et
1811 5305 2060 5361 compre-

489 5378 779 5452 hendatur.
813 5392 978 5448 Recte
1011 5391 1172 5462 igitur
1219 5390 1463 5445 abscedit
1496 5387 1563 5443 ab
1598 5385 1723 5442 illis.
1767 5382 1902 5437 Nam
1940 5397 2063 5437 ver-

489 5490 614 5544 bum
655 5486 748 5542 Dei
792 5485 939 5556 prius
984 5482 1200 5552 quidem
1232 5480 1399 5536 libere
1430 5479 1737 5534 ambulabat
1766 5475 1820 5529 in
1843 5472 2062 5537 Judaeis,

490 5600 610 5638 cum
643 5597 741 5651 per
770 5580 1062 5652 prophetas
1089 5577 1539 5633 annuntiaretur:
1580 5584 1724 5627 nunc
1758 5578 1939 5624 autem
1960 5581 2063 5621 non

566 5744 684 5781 ’ω’
711 5741 900 5797 Matth.
941 5755 1090 5803 xxvi,
1121 5735 1210 5792 63.
1288 5733 1336 5765 "
1357 5732 1490 5787 Gen.
1523 5746 1633 5795 xu,
1664 5730 1685 5783 1
1722 5745 1872 5799 seqq.

565 5864 642 5933 (a)
666 5861 724 5918 In
750 5861 877 5916 edit.
916 5858 1038 5914 Lut.
1084 5854 1292 5910 interim
1320 5863 1368 5907 et
1405 5868 1498 5905 nos
1531 5851 1740 5904 docens.

1946 5726 1991 5757 ’δ
2021 5723 2149 5780 Dan.
2179 5738 2236 5790 lt,
2269 5723 2289 5777 l
2321 5740 2475 5796 seqq.

2166 4926 2396 4994 δοκεῖτε,
2425 4927 2506 4980 ὅτι
2537 4926 2599 4979 οὐ
2629 4926 2704 4997 μὴ
2737 4925 2867 4997 ἔλθη
2892 4928 2972 4989 είς
3000 4925 3100 4996 τὴν
3130 4926 3359 4997 ἐορτήν;
3399 4946 3419 4978 ι
3445 4925 3746 4988 τουτέστιν,

2168 5017 2264 5085 Ἐξ
2296 5017 2543 5089 ἀνάγκης
2569 5017 2832 5088 ἐμπεσεῖν
2864 5017 3046 5089 μέλλει
3072 5032 3086 5047 ·
3108 5020 3135 5072 δ
3163 5018 3273 5089 γὰρ
3310 5019 3521 5089 καιρὸς,
3561 5020 3610 5071 εί
3651 5020 3749 5072 καὶ

2173 5106 2339 5178 μηδὲν
2377 5106 2527 5174 ἀλλο,
2563 5106 2866 5173 ἀναγκάσει
2894 5108 3056 5160 αὑτὸν
3095 5107 3511 5179 παγιδευθῆναι.
3554 5108 3617 5159 ’Ὠ
3644 5108 3749 5175 τῆς

2172 5199 2466 5271 πονηρίαςι
2528 5198 2657 5253 Ὅτε
2711 5198 2912 5268 μᾶλλον
2958 5200 3051 5252 καὶ
3112 5200 3240 5262 τοὺς
3295 5199 3747 5270 ὁμολογουμένως

2173 5291 2535 5357 κατακρίτους
2563 5288 2673 5342 ἔδει
2704 5287 2960 5343 ἀπολύειν
2998 5288 3088 5343 διὰ
3126 5290 3225 5361 τὴν
3254 5290 3469 5361 ἑορτὴν,
3503 5290 3623 5342 τότε
3651 5288 3747 5341 τὸν

2170 5378 2407 5433 ἀναίτιον
2451 5379 2816 5449 ἐνεδρεύουσι.
2857 5379 2995 5433 Ἀλλ’
3042 5380 3091 5433 εί
3125 5380 3224 5457 μὲν
3271 5381 3323 5433 οἱ
3355 5379 3557 5434 ἰδιῶται
3591 5377 3749 5445 μόνοι

2173 5470 2345 5524 ταῦτα
2389 5470 2624 5537 ἐποίουν,
2657 5471 2831 5524 ἐδόκει
2876 5469 2944 5524 ἂν
2976 5472 3215 5543 ἀμαθίας
3252 5468 3390 5527 εἶναι
3430 5471 3491 5526 τὸ
3540 5471 3742 5531 πάθος

2174 5560 2268 5616 νῦν
2293 5559 2349 5614 δὲ
2383 5562 2666 5632 Φαρισαῖοι
2707 5562 3063 5629 ἐντέλλονται,
3098 5566 3183 5619 ἵνα
3230 5564 3604 5637 καταμηνυθῇ,
3649 5559 3755 5616 καὶ

2590 5727 2635 5757 ⁸⁸
2667 5723 2825 5779 Nunt.
2859 5740 3004 5791 xXIv,
3031 5727 3064 5781 5
3098 5743 3257 5797 seqq.
