4060 6612
317 482 417 551 113

1009 488 1452 551 ENABRATIO
1494 489 1577 551 IN
1613 487 2119 552 EVANGELIUM
2158 486 2500 550 JOANNIS.
2540 513 2609 524 -
2647 487 2806 549 CAP.
2842 487 2984 550 XII.

3502 483 3523 545 l‘
3536 483 3601 547 13

316 603 626 676 συλληφθῇ.
659 604 854 669 Καλῶς
887 605 991 673 οὖν,
1014 608 1289 679 ἀναχωρεῖ
1340 607 1447 662 άπὸ
1498 606 1706 662 τούτων
1737 608 1765 661 ό
1794 606 1912 661 Κύ-

2030 608 2179 673 tltra.
2221 610 2318 664 sed
2350 608 2557 665 secedit
2604 609 2659 664 in
2711 607 3087 671 solitudinem,
3126 604 3366 675 gentium
3411 603 3599 660 Eccle-

318 715 456 768 ριος.
500 697 569 752 '0
602 697 711 770 γὰρ
758 699 932 771 Λόγος
964 698 1057 755 τοῦ
1086 699 1221 753 Θεοῦ
1263 700 1530 774 πρότερον
1564 701 1664 772 μὲν
1694 700 1912 771 παρρη-

320 793 417 865 σία
453 794 777 864 περιεπάτει
802 795 858 847 ὲν
890 795 1002 857 τοῖς
1050 792 1344 859 Ἰουδαίοις,
1364 793 1451 848 διὰ
1477 793 1587 846 τῶν
1613 794 1913 863 προφητῶν

318 884 858 953 καταγγελλόμενος’
908 885 1001 937 νῦν
1031 883 1086 938 δὲ
1118 884 1219 938 οὐκ
1262 884 1365 952 ἔτι,
1411 885 1529 939 ἀλλ’
1559 883 1910 956 ἀνεχώρησεν

317 977 399 1037 εἷς
426 973 521 1043 τὴν
551 973 757 1043 ἔρημον
787 974 895 1027 τῶν
928 974 1099 1027 ὲθνῶν
1134 974 1480 1043 συναγωγὴν,
1508 974 1636 1046 περὶ
1663 969 1731 1045 ἧς
1760 971 1912 1043 εἴρη-

315 1083 427 1129 τιι,
465 1067 549 1119 ὅτι
589 1089 607 1118 ι
653 1066 829 1119 Πολλὰ
878 1067 948 1120 τὰ
1006 1067 1174 1121 τέκνα
1217 1066 1317 1138 τῆς
1366 1067 1575 1137 ἐρήμου
1620 1062 1908 1138 μᾶλλον,ἢ

319 1159 414 1227 τῆς
456 1159 689 1228 ἐχούσης
731 1159 822 1213 τὸν
852 1159 1044 1231 ἄνδρα.
1079 1178 1098 1212 ι
1148 1158 1348 1228 Ἐγγὺς
1381 1159 1437 1213 δὲ
1460 1157 1704 1229 Ἐφραῒμ
1736 1159 1907 1220 ἐστιν,

316 1254 348 1317 ἡ
378 1250 587 1322 ἕρημος
616 1251 779 1322 αῦτη.
827 1251 1069 1324 Ἐφραῒμ
1088 1252 1148 1308 δὲ
1168 1251 1389 1321 λέγεται
1417 1271 1435 1303 ι
1478 1248 1846 1320 καρποφορία.
1881 1266 1901 1299 ›

330 1343 583 1412 ’Λδελφὸς
624 1344 679 1397 δὲ
702 1343 927 1417 ὕστερος
949 1339 1126 1412 οὗτος,
1169 1343 1264 1400 τοῦ
1295 1336 1567 1413 Μανασσῆ
1598 1340 1904 1414 πρεσϐυτέ-

322 1452 416 1503 ριυ
442 1434 627 1497 ὗντος·
658 1438 957 1509 Μανασσῆς
984 1437 1040 1491 δὲ
1065 1436 1429 1511 ἑρμηνεύεται
1464 1454 1484 1487 ι
1514 1433 1622 1488 ἀπὸ
1647 1433 1840 1504 λήθης.
1882 1451 1902 1484 ι

335 1527 397 1581 '0
439 1528 623 1583 τοίνυν
673 1530 941 1585 Ἰουδαίων
973 1530 1103 1595 λαὸς
1141 1529 1514 1602 πρεσϐύτερος
1558 1526 1672 1589 υἱὸς
1699 1521 1767 1598 ῆν
1818 1523 1912 1578 τοῦ

315 1622 453 1675 Θεοῦ
483 1623 531 1695 (ι
561 1624 688 1689 Υἱὸς
712 1625 820 1696 γάρ
852 1642 974 1695 μου,
1008 1624 1167 1696 φησι,
1198 1623 1541 1696 πρωτότοκος
1574 1619 1790 1691 Ἰσραὴλ
1838 1619 1910 1687 ι),

318 1716 490 1786 λήθην
513 1717 568 1769 δὲ
593 1718 758 1773 αὑτοῦ
789 1720 913 1789 ἔσχε
948 1717 1089 1781 Θεός
1108 1734 1119 1748 ·
1148 1717 1239 1772 τὸν
1265 1716 1323 1772 δὲ
1353 1714 1613 1788 Ἐφρατμ,
1639 1712 1909 1772 τουτέστι,

2017 701 2179 765 siam,
2210 699 2279 755 de
2316 715 2421 770 qua
2474 700 2681 756 dictum
2714 708 2802 755 est
2835 714 2851 755 :
2897 717 2916 752 ι
2957 697 3080 755 Filii
3123 696 3353 753 deserta:
3395 696 3598 768 plures,

2017 807 2178 861 quam
2231 792 2348 862 ejus
2402 808 2523 864 quae
2572 793 2738 848 habet
2799 793 2977 848 virum
3027 792 3094 847 “.
3137 809 3155 844 ι
3215 790 3388 846 Porro
3436 803 3603 860 prope

2017 883 2265 952 Ephraem
2297 896 2413 939 erat
2463 884 2701 942 solitudo
2732 884 2844 940 illa.
2885 884 3135 955 Ephrrem
3183 893 3363 938 autent
3406 882 3604 969 dicitur

2019 994 2038 1027 ι
2081 974 2351 1035 fertilitas.
2385 994 2403 1030 ι
2430 975 2626 1032 Frater
2654 978 2738 1033 hic
2774 978 3042 1047 posterior
3065 985 3182 1030 erat
3210 975 3478 1039 Manasse,
3508 973 3604 1044 quI

2013 1078 2141 1122 natu
2178 1069 2350 1139 major
2378 1080 2518 1125 erat.
2547 1070 2798 1127 Manasse
2828 1084 2960 1126 vero
2993 1071 3378 1139 interpretatur
3405 1088 3431 1120 .‹
3464 1067 3604 1123 obli-

2014 1160 2123 1214 vio.
2164 1179 2183 1215 ι
2220 1159 2408 1233 Itaque
2432 1161 2741 1219 Judzeorum
2770 1163 3022 1234 populus,
3047 1161 3329 1218 eratﬁlius
3364 1161 3455 1216 Dei
3487 1176 3604 1214 ma-

2012 1248 2101 1318 jor
2141 1261 2293 1308 natu.
2333 1272 2350 1306 ι
2388 1251 2560 1310 Filius
2591 1255 2734 1310 enim
2768 1270 2943 1320 meus,
2973 1254 3170 1323 inquit,
3209 1254 3606 1324 primogenita:

2012 1341 2184 1399 Israel
2227 1346 2300 1401 ".
2338 1364 2358 1399 ι
2413 1346 2521 1403 Sed
2569 1349 2716 1404 venit
2759 1349 2814 1404 in
2847 1349 3175 1405 oblivionem
3220 1362 3409 1402 coram
3472 1348 3602 1404 Deo.

2014 1434 2262 1505 prrzem
2311 1447 2516 1505 autem,
2557 1440 2662 1497 hoc
2709 1450 2792 1497 est
2845 1440 3179 1497 fertilitatem
3223 1455 3290 1496 ex
3350 1440 3602 1510 gentibus

2020 1529 2315 1584 secundum
2339 1530 2508 1586 lilium
2531 1531 2663 1589 facit
2691 1533 2950 1590 Dominus
2973 1536 3040 1591 ⁸⁸.
3067 1535 3122 1590 In
3147 1536 3418 1590 desertum
3445 1534 3607 1606 igitur

2023 1618 2288 1691 Ephraem,
2345 1626 2588 1693 gentium
2630 1628 2843 1684 scilicet
2887 1628 3183 1685 Ecclesiae]
3225 1645 3322 1697 per
3359 1628 3607 1698 Evange-

2020 1711 2150 1770 lium
2183 1715 2520 1789 frugiferam,
2559 1722 2793 1778 Verbum
2834 1725 2986 1790 exiit,
3016 1725 3204 1780 Juda'a
3232 1724 3514 1780 derelicta.

317 1808 418 1880 τὴν
452 1809 516 1875 ἐξ
546 1810 718 1865 ἐθνῶν
751 1813 1159 1884 καρποφορίαν,
1188 1812 1442 1884 δεύτερον
1472 1810 1708 1864 ποιεῖται
1741 1805 1856 1859 υίον
1915 1804 1944 1857 ὁ
1982 1805 2211 1879 Κύριος.
2285 1812 2378 1877 Είς
2412 1813 2511 1886 τὴν
2539 1814 2749 1888 ἔρημον
2772 1811 2867 1872 οὗν
2913 1817 3175 1889 Ἐφρατμ,
3210 1819 3315 1889 τὴν
3350 1819 3410 1884 ἐξ
3434 1815 3605 1873 ἐθνῶν

330 1901 667 1976 Ἐκκλησίαν
703 1905 807 1979 τὴν
836 1908 1353 1979 καρποφορηθεῖσαν
1379 1904 1469 1959 διὰ
1497 1902 1592 1957 τοῦ
1635 1897 1994 1969 Εὐαγγελίου,
2022 1901 2052 1954 6
2072 1902 2244 1973 Λόγος
2272 1908 2518 1979 ἐξῆλθεν,
2551 1910 2651 1983 τὴν
2692 1911 2956 1967 Ἰουδαίαν
2988 1911 3328 1968 καταλιπών,

913 2044 1165 2098 ΆΕΦΛΛ.
1210 2044 1312 2097 IB'.

320 2161 462 2230 Περὶ
509 2157 621 2229 τῆς
670 2160 1015 2230 ἀλειψάσης
1040 2161 1146 2214 τόν
1173 2162 1391 2229 Κύριον
1420 2160 1613 2283 χώρῳ.
1653 2155 1789 2223 Περὶ
1826 2146 1915 2236 (Enr

390 2232 563 2283 εἶπεν
625 2232 881 2283 ’Ῑούδαικ
922 2232 1060 2283 Περὶ
1108 2231 1214 2283 τοῦ
1270 2232 1416 2283 όναο
1443 2248 1537 2283 ου.
1602 2227 1740 2283 Περὶ
1794 2239 1915 2277 των

390 2227 576 2285 εἶπεν⁸⁷
625 2227 881 2299 Ἰούδας.
922 2232 1060 2299 Περὶ
1108 2231 1214 2285 τοῦ
1255 2227 1537 2301 όνπερίουζ
1594 2227 1740 2301 ,Περὶ
1794 2227 1916 2301 τῷν

402 2301 726 2369 Ἑλλήνων
754 2295 1239 2375 πρὸσελρόντων,
1256 2295 1393 2375 jxan
1421 2299 1775 2375 ἐρωτῲγτῳν
1807 2295 1916 2375 τόξ’

390 2375 719 2427 Φίλιππον.
771 2369 909 2442 Περὶ
953 2372 1061 2442 τῆς
1106 2372 1319 2442 φωνῆς
1367 2369 1458 2427 ἐκ
1495 2369 1605 2426 τοῦ
1649 2369 1913 2437 οὐρανοῦ

391 2444 832 2512 ἀκουσθείσης.

400 2575 420 2607 ι
450 2555 514 2612 Ὃ
535 2552 630 2611 οὖν
660 2558 865 2629 Ἰ·ησοῦς
885 2560 991 2630 πρὸ
1007 2559 1067 2626 ἐξ
1084 2561 1189 2632 ήμι
1197 2559 1308 2632 ρῶν
1326 2557 1421 2612 τοῦ
1446 2556 1637 2626 Πάσχα
1654 2549 1821 2627 ἦλθεν
1837 2551 1917 2613 είς

328 2649 624 2718 Βηθανίαν,
655 2652 791 2704 ὅπου
821 2647 892 2727 ἦν
922 2653 1175 2723 Λάζαρος
1205 2653 1234 2705 6
1258 2648 1559 2722 τεθνηκὼς,
1600 2646 1660 2702 ὃν
1693 2646 1917 2717 ἦγειρεν

331 2745 395 2797 ἐκ
423 2743 657 2813 νεκρῶν.
703 2744 1001 2815 Ἑποίησαν
1029 2740 1122 2800 οὖν
1154 2745 1304 2815 αὐτῷ
1331 2745 1547 2799 δεῖπνον
1571 2743 1691 2795 ἐκεῖ
1710 2757 1725 2772 ’
1759 2737 1854 2793 κσᾶ⁵
1882 2736 1917 2808 ή

328 2838 532 2907 Μάρθα
551 2838 790 2909 διηκόνει
814 2855 832 2905 ;
860 2842 887 2893 ό
910 2839 967 2893 δὲ
989 2838 1238 2910 Λάζαρος
1269 2832 1351 2903 εἷς
1372 2833 1441 2910 ἦν
1463 2836 1571 2891 τῶν
1599 2850 1917 2891 συνανακει-

330 2931 513 3000 μένων
557 2931 729 3003 αὐτῷ.
781 2932 844 2987 Ἡ
886 2927 980 2986 οὖν
1010 2932 1202 3005 Μαρία
1246 2930 1488 2986 λαῆοὗσα
1515 2930 1708 3000 λίτραν
1741 2928 1917 3001 μύρου

329 3022 527 3094 νάρδου
566 3025 829 3095 πιστικῆς
863 3025 1179 3096 πολιτίμου,
1228 3022 1416 3096 ἧλειψε
1453 3023 1579 3088 τοὺς
1618 3021 1787 3086 πόδας
1823 3020 1918 3079 τοῦ

343 3115 543 3186 Ἰησοῦ,
584 3117 681 3171 καὶ
730 3118 965 3191 ἐξέμαξε
1003 3120 1122 3183 ταῖς
1155 3117 1332 3190 θριξὶν
1380 3118 1552 3186 αὐτῆς
1587 3115 1715 3180 τοὺς
1752 3115 1919 3180 πόδας

333 3210 524 3265 αὐτοῦ.
580 3210 645 3265 Ἡ
686 3210 743 3265 δὲ
801 3212 948 3266 οίκία
1004 3210 1296 3283 ἐπληρώθη
1356 3211 1421 3264 ἐκ
1476 3209 1575 3280 τῆς
1626 3208 1801 3279 ὀσμῆς
1821 3205 1919 3262 τοῦ

332 3300 534 3370 μύρου.
562 3321 581 3352 ι
609 3303 688 3375 Τῇ
716 3303 921 3376 δεκάτῃ
951 3302 1048 3359 τοῦ
1083 3305 1254 3377 μηνὸς
1302 3305 1642 3377 λαμϐάνουσι
1673 3308 1734 3362 τὸ
1766 3310 1826 3363 ὲν
1850 3310 1917 3380 τῇ

1938 2037 1987 2097 Β

2607 2046 2841 2104 CAPUT
2881 2048 3003 2106 ΧΗ.

2027 2154 2102 2211 De
2119 2158 2352 2234 innliere
2378 2164 2533 2234 pedes
2571 2160 2773 2218 Christi
2802 2174 3042 2234 ungente.
3071 2163 3147 2220 De
3180 2165 3246 2219 iis
3278 2181 3396 2234 qua:
3431 2164 3608 2220 ludas

2093 2230 2256 2284 dixit.
2290 2230 2366 2286 De
2402 2232 2550 2300 pullo
2591 2234 2781 2290 asinae.
2833 2230 2911 2289 De
2952 2233 3152 2290 Cra‘cis
3198 2230 3511 2292 adeuntibus
3559 2247 3607 2292 et

2095 2300 2539 2373 interrogantibus
2582 2304 2902 2374 Philippum.
2933 2305 3008 2360 De
3035 2322 3157 2360 voce
3178 2321 3206 2360 e
3237 2309 3365 2362 caelo
3397 2307 3605 2364 audita.

2099 2559 2260 2615 Vens.
2298 2559 2419 2617 1-5.
2463 2579 2483 2614 ι
2526 2558 2689 2616 Iesus
2727 2573 2860 2628 ergo
2906 2568 3032 2616 ante
3080 2575 3175 2618 sex
3231 2562 3348 2618 dies
3386 2562 3611 2619 Pascha:

2024 2653 2171 2709 venit
2192 2653 2531 2720 Bethaniam,
2561 2653 2651 2710 ubi
2678 2653 2919 2709 Lazarus
2948 2652 3127 2709 fuerat
3157 2665 3423 2723 mortuus,
3446 2655 3615 2729 639

2025 2761 2187 2818 quem
2227 2745 2513 2803 suscitavit
2540 2761 2569 2801 a
2609 2747 2859 2804 mortuis.
2898 2746 3173 2803 Fecerunt
3197 2759 3377 2804 autem
3411 2751 3459 2804 ei
3498 2764 3615 2806 cm-

2025 2855 2152 2896 nam
2183 2840 2280 2909 ibi,
2315 2848 2374 2896 et
2396 2840 2615 2895 Martha
2648 2840 3016 2909 ministrabat,
3041 2842 3285 2898 Lazarus
3311 2858 3441 2897 vero
3476 2858 3616 2899 unus

2024 2941 2144 2988 erat
2165 2932 2232 2988 de
2256 2948 2493 2989 numero
2537 2932 2995 2990 discumbentium
3031 2949 3151 2991 cum
3180 2949 3265 2992 eo.
3299 2934 3464 2991 Maria
3485 2950 3615 3007 ergo

2025 3024 2238 3097 accepit
2282 3025 2477 3081 libram
2523 3027 2784 3099 unguenti
2825 3028 2978 3083 nardi
3016 3027 3224 3097 pislicae
3256 3028 3526 3096 pretiosae,
3560 3038 3619 3086 et

2026 3116 2184 3172 unxit
2204 3117 2368 3189 pedes
2392 3115 2545 3183 Iesu,
2572 3128 2627 3174 et
2653 3119 2885 3175 extersit
2908 3118 3071 3190 pedes
3098 3119 3216 3191 ejus
3242 3121 3458 3192 capillis
3481 3122 3614 3177 suis.

2030 3209 2233 3265 Domus
2281 3221 2464 3266 autem
2516 3209 2734 3279 impleta
2786 3221 2869 3268 est
2921 3219 2991 3267 ex
3044 3214 3213 3268 odore
3267 3214 3547 3286 unguenti.
3592 3233 3611 3266 ο

2028 3302 2248 3359 Decima
2318 3302 2534 3374 quidem
2606 3304 2812 3361 mensis
2880 3305 3155 3376 accipiunt
3209 3320 3364 3361 ovem
3420 3308 3619 3362 immo-

326 3394 427 3449 τοῦ
455 3393 651 3466 Πάσχα
690 3397 851 3469 ἑορτῇ
891 3398 1265 3471 τυθησόμενον
1317 3398 1609 3472 πρόϐατον,
1642 3400 1829 3456 ἔκτοτε
1860 3403 1919 3457 δὲ

2030 3395 2244 3453 landam
2293 3397 2346 3453 in
2382 3397 2597 3454 Pascha
2636 3398 2707 3463 ”,
2741 3407 2797 3454 et
2845 3410 2912 3454 ex
2968 3411 3034 3455 eo
3068 3406 3311 3470 tempore
3344 3399 3623 3471 requirere

330 3487 443 3540 τῶν
467 3487 609 3559 πρὸς
645 3489 747 3560 τὴν
794 3489 988 3564 ἑορτὴν
1030 3491 1358 3566 ἐπιτηδείων
1381 3491 1665 3564 ἄρχονται.
1707 3494 1925 3566 ’Λμέλει

333 3601 365 3633 κ
404 3585 430 3636 ἰ
457 3586 525 3655 τῇ
561 3583 668 3656 πρὸ
713 3583 776 3651 ἒξ
824 3584 1069 3658 ἡμερῶν,
1109 3587 1145 3659 ἧ
1195 3589 1314 3641 ἐστι
1364 3588 1561 3661 ὲννάτη
1601 3588 1695 3643 τοῦ
1728 3589 1923 3661 μηνὸς.

332 3675 631 3748 ἁδρότερον
660 3679 974 3744 ἑστιῶνται,
1022 3681 1118 3734 καὶ
1159 3679 1426 3753 προοίμια
1454 3684 1553 3752 τῆς
1582 3682 1780 3754 ἑορτῆς
1827 3682 1927 3754 τὴν

333 3771 551 3841 ἡμέραν
616 3773 823 3840 ταύτην
870 3774 1172 3830 ποιοῦνται.
1226 3773 1318 3829 Διὸ
1387 3775 1480 3829 καὶ
1514 3758 1748 3846 ’Ἰησοῦς
1802 3793 1928 3830 συν-

332 3865 600 3929 εστιᾶται,
628 3865 707 3927 είς
731 3865 1001 3935 Βηθανίαν
1020 3866 1214 3924 ἐλθών.
1242 3868 1422 3934 Δεῖξαι
1443 3867 1499 3921 δὲ
1522 3867 1692 3922 θέλων
1707 3869 1736 3921 6
1762 3869 1928 3938 εὐαγ-

331 3953 617 4021 γελιστὴς.
651 3957 753 4027 τῆς
780 3957 1016 4028 ἀληθοῦς
1039 3959 1392 4024 ἀναστάσεως
1417 3961 1511 4013 τοῦ
1542 3958 1795 4032 Λαζάρου
1827 3978 1927 4035 ση-

336 4049 512 4117 μεῖον,
538 4049 742 4118 φησίν⁹
776 4069 797 4103 ι
849 4050 908 4105 '0
945 4050 1003 4104 δὲ
1051 4052 1303 4121 Λάζαρος
1342 4047 1423 4116 εἷς
1446 4048 1517 4124 ἦν
1554 4053 1667 4108 τῶν
1696 4070 1928 4108 συναναο

333 4141 631 4209 κειμένων.
658 4161 683 4193 ο
730 4142 806 4197 06
853 4143 963 4216 γὰρ
1002 4146 1196 4215 φανεὶς
1246 4144 1411 4210 εὐθὺς
1455 4144 1757 4212 ἀπέθανεν,
1812 4147 1928 4202 ἀλλ’

334 4234 557 4300 ἔμεινεν
591 4236 686 4288 ἐπὶ
714 4236 883 4289 πολὺν
931 4236 1125 4308 καιρὸν
1159 4237 1358 4293 ἐσθίων
1390 4240 1486 4294 καὶ
1516 4240 1709 4307 πῖνων,
1738 4240 1836 4294 καὶ
1860 4239 1930 4294 τὰ

334 4326 472 4385 alia
495 4328 565 4379 τὰ
590 4328 796 4400 συνήθη
824 4326 1105 4384 διατελῶν.
1132 4329 1230 4383 Διὰ
1252 4329 1310 4383 δὲ
1335 4329 1430 4384 τοῦ
1461 4331 1659 4395 εἰπεῖν,
1691 4331 1774 4385 ὅτι
1803 4349 1822 4385 t
1865 4331 1929 4385 'H

337 4418 544 4491 Μάρθα
571 4420 833 4491 διηκόνει,
871 4441 890 4476 ι
928 4424 1202 4496 ἐσήμανεν
1227 4424 1312 4477 ὅτι
1340 4425 1397 4477 ἑν
1427 4426 1493 4496 τῇ
1522 4424 1674 4497 οίκίᾳ
1698 4425 1868 4496 αὐτῆς
1892 4428 1927 4497 ἡ

339 4513 585 4576 ἑστίασις
613 4508 703 4584 ῆν.
740 4515 878 4592 Ὅρα
914 4516 972 4570 δέ
1025 4533 1117 4587 μοι
1154 4516 1253 4588 τὴν
1285 4517 1471 4571 πίστιν
1518 4517 1620 4588 τῆς
1646 4520 1929 4588 γυναικὸς,

340 4606 463 4670 πῶς
495 4607 558 4660 οὐ
596 4608 979 4679 θεραπαινίσιν
1009 4609 1295 4681 ἐπιτρέπει
1323 4608 1436 4682 ’τὴν
1476 4610 1779 4677 διακονίαν,
1815 4614 1930 4669 ἀλλ’

339 4701 479 4769 αὑτὴ
508 4700 576 4754 δι’
607 4702 805 4773 ἑαυτῆς
830 4702 1034 4773 ταύτην
1060 4705 1309 4759 ποιεῖται.
1345 4705 1452 4757 Καὶ
1475 4707 1503 4758 ό
1542 4704 1756 4770 Παῦλος
1784 4707 1931 4776 λέγει

344 4791 476 4861 περὶ
508 4793 769 4860 γυναικὸς
797 4792 994 4863 χήρας,
1019 4793 1054 4865 ἢ
1099 4792 1268 4861 ἁγίων
1294 4793 1466 4858 πόδας
1493 4793 1696 4865 ἔνιψεν·
1734 4812 1752 4846 ι
1781 4793 1931 4860 Λῦτη

2033 3491 2299 3562 incipiunt
2350 3506 2472 3562 qua:
2526 3492 2839 3548 necessaria
2893 3493 2963 3548 ad
3011 3492 3234 3550 festum.
3290 3494 3532 3565 Denique
3566 3503 3624 3551 et

2029 3598 2186 3642 eterna
2216 3599 2337 3655 quae
2358 3593 2485 3641 ante
2511 3599 2609 3641 sex
2643 3585 2778 3652 dies,
2806 3600 2928 3656 qua:
2952 3596 3034 3641 est
3072 3602 3210 3642 nona
3248 3587 3472 3653 mensis,
3503 3587 3624 3643 lau-

2034 3678 2139 3734 tius
2176 3678 2485 3747 epulantur,
2512 3688 2567 3733 et
2602 3678 2755 3732 initia
2793 3677 3108 3734 festivitatis
3137 3679 3230 3735 illo
3265 3680 3352 3736 die
3390 3681 3616 3736 iaciunt.

2032 3769 2160 3826 Ideo
2195 3778 2249 3825 et
2269 3767 2428 3826 Iesus
2463 3769 2626 3826 simul
2657 3770 2898 3827 coenavit
2928 3770 2984 3826 in
3016 3768 3337 3827 Bethaniam
3369 3773 3618 3829 veniens.

2032 3860 2335 3918 Ostendere
2384 3869 2566 3917 autem
2616 3862 2806 3922 volens
2836 3862 3181 3933 (evangelista
3236 3878 3382 3919 verae
3437 3878 3623 3919 resur-

2034 3952 2291 4009 rectionis
2332 3950 2526 4008 Lazari
2579 3953 2818 4024 signum,
2853 3953 2987 4009 dicit
3028 3972 3044 4010 :
3085 3972 3105 4007 ι
3144 3952 3390 4011 Lazarus
3439 3965 3622 4012 autem

2034 4050 2181 4100 unus
2204 4055 2323 4100 erat
2376 4043 2835 4100 recumbentium.
2872 4062 2892 4098 ι
2937 4043 3054 4101 Non
3088 4048 3232 4102 enim
3267 4058 3325 4101 ut
3352 4048 3622 4118 apparuit,

2034 4139 2214 4193 statim
2242 4145 2486 4193 mortuus
2510 4145 2617 4206 est,
2640 4138 2735 4194 sed
2761 4138 2959 4194 mansit
2981 4138 3152 4195 multo
3177 4150 3441 4209 tempore,
3466 4139 3625 4194 solita

2035 4232 2260 4298 faciens,
2284 4234 2579 4288 comedens
2614 4247 2677 4287 ac
2705 4232 2918 4299 bibens,
2955 4242 3119 4302 atque
3170 4232 3274 4288 alia
3310 4248 3495 4305 agens.
3527 4232 3626 4289 Di-

2036 4327 2211 4381 cendo
2247 4334 2428 4382 autem
2462 4326 2602 4397 quod
2642 4344 2661 4378 ι
2696 4323 2912 4381 Martha
2962 4325 3314 4392 ministravit,
3355 4346 3375 4380 ι
3418 4328 3629 4398 signiﬁ-

2034 4417 2180 4472 cavit
2205 4417 2347 4488 quod
2382 4416 2625 4488 inﬁdomo
2646 4416 2763 4487 ejus
2793 4430 2949 4473 caena
2976 4417 3160 4474 fuerit.
3186 4417 3423 4475 Observa
3443 4429 3625 4475 autem

2039 4508 2197 4564 ﬁdem
2246 4508 2517 4574 mulieris,
2571 4512 2846 4580 quomodo
2885 4526 2989 4566 non
3053 4512 3363 4582 permiserit
3416 4513 3628 4569 ancillis

2039 4600 2424 4670 ministerium,
2454 4601 2547 4658 sed
2583 4616 2680 4673 per
2717 4603 2953 4673 seipsam
2988 4604 3278 4661 ministret.
3331 4605 3400 4661 Et
3426 4604 3628 4662 Paulus

2039 4694 2107 4748 de
2137 4693 2362 4749 muliere
2389 4695 2552 4749 vidua
2583 4694 2735 4763 dicit,
2772 4711 2894 4765 quae
2923 4707 3236 4752 sanctorum
3276 4697 3442 4768 pedes
3479 4699 3623 4753 lava-

2042 4797 2125 4843 ret
2162 4805 2176 4842 :
2209 4805 2229 4841 ι
2269 4785 2437 4858 Igitur
2497 4788 2615 4859 ipsa
2658 4788 2913 4845 omnibus
2976 4789 3347 4848 ministrat‘:
3389 4811 3408 4844 ι
3456 4791 3623 4849 Maria

344 4886 449 4955 μὲν
492 4884 589 4939 οὖν
633 4888 787 4957 κοινῇ
817 4887 953 4941 πᾶσι
989 4886 1259 4941 διακονεῖ⁸
1295 4905 1314 4939 ι
1360 4888 1394 4959 ἡ
1428 4887 1486 4941 δὲ
1514 4887 1704 4960 Μαρία
1735 4889 1815 4959 είς
1843 4888 1921 4942 tbi

2041 4886 2220 4935 autem
2241 4880 2338 4936 soli
2362 4878 2581 4937 Christo
2618 4880 2888 4938 honorem
2915 4882 3200 4951 impendit,
3224 4888 3624 4956 quoniam_emn

344 4982 584 5048 Χριστὸν
611 4980 771 5050 μόνον
804 4979 1119 5050 περιίστησι
1142 4980 1242 5051 τὴν
1280 4983 1469 5051 τιμὴν,
1498 4982 1688 5053 ἐπειδὴ
1721 4983 1819 5053 οὐχ
1857 4983 1932 5046 ὡς

342 5071 620 5143 ἀνθρώπῳ
660 5073 919 5144 προσέχει
973 5073 1172 5145 τούτῳ,
1215 5073 1332 5129 ἀλλ’
1372 5074 1448 5138 ὡς
1492 5074 1634 5146 Θεῷ.
1689 5075 1765 5128 T6
1823 5076 1932 5151 γὰρ

347 5164 522 5233 μύρον
543 5163 631 5218 διὰ
656 5161 816 5217 τοῦτο
845 5162 1049 5234 ἐξέχεε,
1089 5166 1185 5217 καὶ
1223 5167 1344 5234 ταῖς
1383 5163 1527 5237 θριξὶ
1548 5165 1649 5235 τῆς
1687 5165 1931 5235 κεφαλῆς

343 5256 632 5325 ἐξέμαξεν,
680 5257 781 5309 οὐκ
818 5257 1019 5328 ἔχουσα
1050 5258 1310 5329 τοιαύτην
1349 5260 1479 5331 περὶ
1528 5258 1696 5313 αὐτοῦ
1728 5257 1933 5329 ὑπόλη-

296 5371 302 5375 '
344 5352 463 5420 ψιν,
496 5343 619 5406 οἷαν
648 5354 697 5406 el
754 5352 940 5408 πολλοὶ
973 5352 1049 5418 ὡς
1090 5355 1221 5426 περὶ
1252 5352 1413 5424 ψιλοῦ
1463 5353 1774 5427 ἀνθρώπου,
1815 5353 1932 5408 ἀλλ’

342 5448 421 5507 ὡς
457 5446 731 5499 Δεσπότου
779 5447 873 5502 καὶ
923 5448 1152 5520 Κυρίου.
1187 5447 1433 5520 Ληφθείη
1487 5447 1534 5501 δ’
1578 5447 1644 5502 ἂν
1676 5448 1713 5520 ἠ
1741 5447 1933 5518 Μαρία

342 5541 570 5612 τρόποις
599 5542 890 5613 ἀναγωγῆς
917 5542 996 5607 είς
1028 5542 1127 5614 τὴν
1177 5540 1409 5611 θεότητα
1447 5539 1542 5594 τοῦ
1589 5539 1806 5612 Πατρδς
1836 5540 1932 5593 καὶ

346 5634 555 5701 Κυρίου
582 5637 800 5689 πάντων
823 5652 838 5668 ο
877 5635 1069 5707 Μαρία
1099 5633 1208 5708 γὰρ
1242 5653 1259 5686 ι
1294 5632 1458 5703 κυρία
1494 5651 1512 5684 ι
1546 5630 1929 5704 ἑρμηνεύεται.

360 5727 427 5779 'll
459 5731 642 5781 τοίνυν
675 5726 843 5795 κυρία
882 5728 1102 5782 πάντων
1138 5725 1331 5797 θεότης
1367 5724 1459 5780 τοῦ
1486 5723 1719 5795 Πατρδς,
1751 5722 1935 5795 ἔχρισε

2043 4987 2151 5027 non
2179 4972 2474 5028 accedebat
2503 4981 2564 5027 ut
2597 4973 2893 5041 hominem,
2919 4975 3014 5030 sed
3042 4985 3099 5030 ut
3130 4975 3322 5033 Deum.
3353 4976 3488 5033 Nam
3521 4994 3626 5034 un-

2043 5073 2299 5133 guentum
2330 5072 2617 5135 propterea
2643 5064 2855 5135 eﬂudit,
2886 5075 2941 5123 et
2970 5069 3182 5140 capillis
3212 5070 3411 5139 capitis
3440 5073 3617 5141 tersit,

2040 5159 2185 5228 quod
2221 5171 2326 5211 non
2357 5157 2583 5213 haberet
2613 5158 2922 5227 opinionem
2956 5161 3023 5217 de
3056 5158 3168 5226 illo,
3197 5162 3410 5231 qualem
3442 5162 3623 5229 multi,

2040 5260 2296 5319 tanquam
2332 5249 2399 5305 de
2445 5264 2581 5320 puro
2631 5249 2874 5319 homine,
2917 5252 3012 5308 sed
3043 5260 3102 5307 ut
3135 5251 3366 5308 Domino
3404 5264 3461 5310 et
3493 5252 3622 5311 Deo.

2042 5340 2355 5397 Assumitur
2389 5349 2570 5397 autem
2608 5339 2779 5397 Maria
2825 5342 2881 5397 in
2942 5343 3238 5416 anagogica
3287 5347 3629 5415 expositione

2045 5433 2110 5487 ad
2152 5432 2406 5490 deitatem
2434 5431 2612 5491 Patris
2645 5443 2700 5490 et
2734 5432 2949 5491 Domini
2986 5436 3249 5504 omnium,
3285 5435 3454 5492 Maria
3482 5437 3628 5492 enim

2051 5547 2069 5580 ι
2103 5527 2317 5584 domina
2352 5547 2371 5581 ι
2422 5529 2833 5601 interpretatur.
2886 5526 3064 5602 Igitur
3112 5530 3339 5589 Domina
3385 5533 3629 5590 omnium

2045 5623 2219 5679 deitas
2253 5621 2433 5681 Patris
2459 5624 2614 5681 unxit
2656 5625 2824 5697 pedes
2857 5623 3010 5694 Jesu,
3040 5640 3260 5684 carnem
3294 5628 3416 5685 dico
3465 5627 3629 5686 Verbi

2045 5731 2165 5787 qua!
2186 5715 2242 5772 in
2270 5716 2602 5787 novissimis,
2624 5728 2902 5792 unguento
2933 5719 3194 5791 Spiritus,
3219 5721 3361 5778 sicut
3383 5730 3435 5777 et
3461 5720 3630 5777 David

348 5824 480 5882 τοὺς
520 5819 686 5884 πόδας
721 5820 815 5873 τοῦ
858 5817 1057 5889 Ἰησοῦ,
1094 5819 1193 5888 τὴν
1222 5818 1309 5872 ἐπ’
1338 5817 1583 5889 ἐσχάτων
1625 5815 1803 5888 σάρκα
1843 5816 1921 5870 rei

2049 5808 2213 5865 dicit:
2263 5828 2281 5861 ι
2317 5806 2611 5881 Propterea
2654 5811 2808 5867 unxit
2857 5821 2908 5868 te
2941 5811 3104 5879 Deus,
3157 5813 3299 5868 Deus
3348 5823 3473 5868 tuus
3510 5811 3633 5869 oleo

428 6005 474 6037 "
504 6001 607 6058 lsa.
642 6016 752 6070 Liv,
807 6003 853 6053 ι.
933 6001 975 6033 ⁹⁷
1009 6000 1186 6057 Exod.
1226 6016 1299 6069 iv,
1330 6000 1420 6057 Ἡ.
1511 5991 1555 6025 ’⁸
1590 5999 1792 6061 Jercm.
1816 6018 1965 6073 xxxi,
1995 6001 2086 6071 ‘20,
2116 6016 2269 6075 seqq.
2344 5999 2387 6033 ”
2413 5996 2585 6055 Exod.
2621 6013 2720 6070 xu,
2756 5999 2808 6056 5.
2893 5997 2908 6030 ¹
2937 5996 2958 6053 l
2996 5994 3137 6053 Tim.
3170 6013 3224 6066 v,
3260 5996 3345 6052 l6.
