4060 6574
468 456 571 522 115

1310 459 1881 523 THEOPHYLACTI
1923 461 2332 523 summm;
2372 427 2722 523 Ancum.

3602 465 3701 528 116

461 578 839 635 exsultationis
861 580 949 632 ⁸⁸.»
974 579 1036 634 Ει
1060 593 1306 648 niaguus,
1328 576 1420 634 ille
1442 579 1664 634 Petrus:
1694 597 1711 630 ι
1740 580 2038 649 Cognoscat

2142 581 2366 651 Κυρίου,
2395 582 2511 652 ἦτοι
2544 581 2637 635 τοῦ
2666 582 2859 650 Λόγου,
2904 583 3069 653 φημὶ,
3105 581 3183 653 τῷ
3225 582 3380 655 μύρῳ
3408 582 3502 638 τοῦ
3539 585 3708 638 Πνεύ-

465 672 644 726 omnis
664 673 855 726 domus
889 672 1072 737 Israel,
1115 672 1237 741 quia
1274 671 1556 726 Dominum
1587 681 1639 725 et
1669 673 1943 727 Cltri~tum
1976 672 2036 724 il-

462 761 569 814 lum
590 761 732 816 Deus
748 760 896 828 fecit,
915 762 1057 818 hunc
1077 761 1262 818 Jesum
1281 776 1439 832 quem
1460 776 1554 817 vos
1571 761 1922 817 crucifixistis
1941 766 1983 815 ².
2009 780 2027 813 ι

463 852 596 908 Nam
629 869 755 907 caro
799 868 826 907 a
866 853 1043 909 Verbo
1097 863 1394 923 assumpta,
1431 853 1615 909 divino
1674 851 1900 920 Spiritu,
1944 854 2033 922 qui

460 945 694 1000 accessit
726 946 790 999 ad
826 954 1036 1001 uterum
1071 946 1347 1016 Virginis,
1388 955 1546 1001 uncta
1594 955 1676 1001 est
1705 955 1760 1001 et
1808 945 1947 1000 facta
1984 946 2036 1000 id

463 1039 604 1104 quod
629 1034 885 1101 Verbum,
918 1038 1022 1093 hoc
1044 1046 1129 1093 est
1185 1037 1327 1094 Deus
1359 1058 1372 1095 :
1402 1037 1750 1108 implevitque
1782 1038 2036 1092 mundum

463 1144 560 1184 sua
592 1127 910 1198 fragrantia,
952 1130 1093 1185 sicut
1122 1140 1177 1185 et
1221 1123 1554 1199 unguentum
1595 1128 1778 1189 Maria!
1811 1131 2032 1184 domum

461 1239 676 1278 omnem
712 1225 855 1281 bono
882 1227 1046 1281 odore
1078 1225 1323 1295 replevit.
1358 1224 1460 1292 Qui
1491 1234 1675 1279 autem
1707 1224 1884 1294 capilli
1916 1224 2039 1295 qui-

465 1316 565 1369 bus
593 1318 818 1371 extersit
853 1318 1051 1386 pedes?
1077 1317 1171 1372 Vel
1201 1328 1348 1373 certe
1379 1318 1468 1384 qui
1500 1326 1697 1371 ornant
1721 1327 1886 1387 caput
1917 1318 2034 1379 Dei,

464 1420 516 1463 ct
546 1409 895 1477 principalem
918 1411 1034 1479 ejus
1059 1421 1403 1479 pmestatem,
1429 1410 1625 1465 sancti.
1655 1410 1718 1464 lli
1747 1410 1887 1464 enim
1911 1409 2034 1478 quia

463 1510 589 1554 sunt
621 1501 674 1555 in
707 1501 930 1568 gloriam
965 1501 1081 1565 Dei,
1113 1501 1348 1555 mundus
1381 1511 1435 1554 et
1480 1513 1707 1556 ornatus
1741 1501 1925 1569 utique
1954 1502 2037 1555 di-

465 1600 682 1657 cuntur,
720 1591 844 1661 quia
873 1601 927 1647 et
948 1593 1239 1663 participes
1261 1593 1389 1648 facti
1415 1604 1539 1649 sunt
1570 1594 1838 1647 unctionis
1859 1592 2038 1647 carnis

463 1680 699 1748 Domini,
753 1699 886 1752 quos
941 1692 995 1739 et
1047 1685 1212 1739 David
1244 1686 1265 1717 ³
1298 1704 1318 1736 ι
1354 1685 1647 1754 participes
1688 1704 1707 1736 ι
1762 1694 1937 1749 vocat,
1985 1693 2037 1739 et

463 1771 661 1828 Paulus
689 1790 902 1844 quoque
948 1776 1011 1829 ad
1047 1776 1359 1832 Corinthios
1412 1777 1582 1832 dicit:
1622 1795 1642 1828 ι
1693 1778 1795 1843 Qui
1840 1776 2039 1831 confir-

2142 687 2309 738 ματος
2333 687 2346 700 ·
2377 672 2518 725 καθὰ
2552 674 2645 725 καὶ
2668 674 2831 726 Δαυῖδ
2852 689 2984 742 φησι
3008 688 3022 703 ο
3058 690 3078 723 ι
3113 674 3212 726 Διά
3240 673 3398 749 τοῦτο
3437 674 3618 747 ἔχρισέ
3646 694 3705 730 σε

2136 766 2164 816 ό
2197 763 2349 827 Θεὸς,
2381 765 2410 816 6
2435 764 2565 828 Θεός
2595 782 2688 818 σου
2720 765 2898 819 ἔλαιον
2925 764 3299 833 ἀγαλλιάσεως
3319 782 3334 797 ο
3383 784 3401 817 ι
3434 769 3528 822 καὶ
3552 770 3581 821 6
3611 771 3703 838 μέ-

2136 874 2240 926 γας
2289 857 2514 929 Πέτρος,
2563 877 2582 908 ι
2637 858 2959 911 Γινωσκέτω
2987 861 3095 923 πᾶς
3147 855 3295 922 οἶκος
3336 859 3571 929 Ἰσραὴλ,
3624 861 3706 913 ὅτι

2136 950 2341 1019 Κύριον
2396 950 2490 1002 καὶ
2532 950 2763 1019 Χριστὸν
2810 949 2971 1003 αὑτὸν
3013 952 3041 1003 6
3076 949 3209 1013 Θεὸς
3242 949 3485 1020 ἐποίησε,
3517 951 3707 1004 τοῦτον

2135 1041 2225 1095 τὸν
2267 1040 2475 1112 Ἰησοῦν
2522 1041 2580 1093 ὃν
2626 1042 2783 1112 ὑμεῖς
2827 1042 3231 1114 ἐσταυρώσατε.
3274 1060 3294 1094 ι
3340 1042 3403 1096 ’Ιί
3433 1043 3541 1115 γὰρ
3573 1061 3707 1114 προσ

2135 1132 2401 1202 ληφθεῖσα
2433 1133 2538 1186 ὑπὸ
2563 1133 2654 1186 τοῦ
2680 1133 2851 1201 Λόγου
2876 1133 3011 1204 σὰρξ
3033 1133 3111 1203 τῷ
3144 1134 3272 1203 θείῳ
3305 1135 3599 1205 Πνεύματι,
3629 1136 3706 1204 τῷ

2136 1223 2230 1278 ἐπὶ
2255 1224 2355 1296 τὴν
2383 1227 2594 1295 μήτραν
2635 1224 2733 1294 τῆς
2766 1223 3036 1295 παρθένου
3087 1226 3370 1279 ἐπελθόντι
3399 1225 3705 1297 χρισθεῖσα,

2136 1318 2230 1371 καὶ
2258 1317 2523 1388 γενομένη
2538 1319 2717 1387 ὅπερὸ
2744 1318 2933 1385 Λόγος,
2958 1319 3218 1381 τουτέστι,
3238 1317 3390 1385 Θεὸς,
3419 1319 3706 1389 ἐπλήρωσε

2135 1408 2226 1463 τὸν
2259 1409 2463 1480 κόσμον
2492 1409 2741 1473 εὐωδίας,
2775 1408 2965 1479 ὥσπερ
3010 1409 3187 1463 καὶτὸ
3219 1410 3317 1479 τῆς
3354 1409 3574 1478 Μαρίας
3606 1410 3707 1479 μύ-

2141 1519 2230 1571 ρον
2260 1503 2351 1555 τὸν
2381 1497 2529 1555 οἷκον
2559 1501 2850 1554 εὐωδίασεν
2891 1500 3127 1557 ἅπαντα.
3162 1501 3319 1564 Τίνες
3359 1502 3416 1554 δὲ
3443 1502 3498 1554 αἱ
3520 1502 3708 1571 τρίχες

2136 1599 2190 1650 ui
2223 1596 2530 1665 ἐκμάξασαι
2577 1594 2702 1657 τοὺς
2758 1593 2958 1658 πόδας;
3013 1588 3090 1647 Ἦ
3120 1593 3338 1656 πάντως
3363 1593 3413 1646 οἱ
3438 1593 3705 1664 κοσμοῦν-

2136 1706 2228 1751 τες
2247 1689 2346 1757 τὴν
2372 1687 2614 1756 κεφαλὴν
2644 1685 2738 1739 τοῦ
2760 1686 2917 1750 Θεοῦ,
2947 1686 3042 1739 καὶ
3072 1685 3171 1757 τὴν
3196 1684 3429 1756 ἀρχικὴν
3459 1685 3708 1750 ἐξουσίαν

2137 1778 2301 1834 αὐτοῦ
2341 1780 2390 1832 οί
2448 1779 2612 1845 ἅγιοι.
2657 1774 2817 1831 Οῦτοι
2867 1778 2977 1848 γάρ
3012 1778 3092 1841 εἰς
3145 1777 3304 1842 δόξαν
3359 1777 3494 1830 Θεοῦ
3531 1778 3706 1841 ὄντες,

464 1875 574 1918 mat
604 1882 699 1922 nos
724 1868 997 1924 vobiscum
1032 1870 1084 1923 in
1113 1870 1354 1938 Christo,
1376 1881 1431 1925 et
1458 1872 1614 1926 unxit
1640 1887 1739 1925 nos
1776 1870 1917 1926 Deus
1932 1870 1973 1923 δ.
2009 1889 2030 1922 ι

2142 1872 2345 1942 κόσμος
2376 1872 2441 1925 ἂν
2473 1870 2637 1925 αὐτοῦ
2663 1870 2925 1941 λεχθεῖεν,
2954 1870 3004 1922 οἳ
3030 1870 3125 1924 καὶ
3150 1869 3244 1923 τοῦ
3281 1870 3581 1940 χρίσματος
3609 1868 3710 1938 τῆς

462 1955 529 2009 Ει
557 1960 755 2026 passim
779 1959 1029 2017 Cluistos
1060 1964 1266 2018 scimus
1310 1964 1415 2019 dici
1457 1980 1575 2030 eos,
1604 1965 1693 2033 qui
1739 1965 2035 2019 secundum

2142 1963 2233 2039 τοῦ
2264 1962 2471 2033 Κυρίου
2495 1962 2696 2032 σαρκὸς
2725 1962 2978 2029 γεγόνασι
3008 1959 3275 2022 κοινωνοὶ,
3302 1959 3396 2023 οὓς
3425 1960 3519 2014 καὶ
3545 1960 3711 2013 Δαυῖδ

462 2049 737 2105 Christum
765 2052 1040 2108 vixerunt.
1075 2054 1242 2124 Igitur
1272 2070 1367 2123 per
1393 2056 1615 2124 capillos
1633 2055 1924 2111 Christiani
1961 2056 2041 2109 in-

465 2142 801 2212 telliguntur,
833 2147 999 2217 67o
1038 2148 1126 2216 qui
1165 2148 1328 2217 pedes
1364 2157 1705 2202 extersernnt
1742 2147 1889 2211 Jesu,
1925 2167 1943 2199 ι
1986 2155 2041 2202 et

466 2235 754 2306 participes
785 2237 920 2291 facti
957 2247 1084 2294 sunt
1113 2239 1308 2293 divinae
1336 2238 1606 2293 unctionis
1632 2238 1675 2293 ⁸.
1709 2258 1728 2291 ι
1765 2237 2033 2294 Mortuum

461 2328 714 2395 quiddam
737 2330 912 2399 capilli
936 2337 1081 2395 sunt,
1100 2331 1298 2384 mortui
1329 2342 1453 2385 sunt
1471 2342 1525 2384 et
1557 2330 1608 2385 hi
1631 2330 1721 2400 qui
1740 2331 2038 2386 sunlChri-

462 2420 557 2473 sti.
594 2439 614 2471 ι
645 2419 874 2475 Carnem
911 2422 1056 2476 enim
1088 2437 1242 2477 suam
1282 2423 1687 2483 crucifixerunt,
1724 2431 1779 2477 et
1810 2421 2037 2478 mortifi-

464 2522 659 2566 carunt
680 2512 920 2568 membra
940 2528 1060 2583 qua:
1079 2528 1243 2584 super
1261 2522 1483 2577 terram,
1510 2515 1814 2581 mundoque.
1839 2513 2035 2569 mortui

463 2614 590 2658 sunt
620 2605 663 2659 °.
703 2624 722 2658 ι
752 2604 963 2661 Ornant
994 2616 1156 2676 caput
1182 2606 1384 2675 capilli,
1413 2617 1467 2661 et
1487 2606 1660 2675 gloria
1685 2615 1809 2660 sunt
1842 2606 1982 2660 illius
2017 2623 2033 2660 :

464 2693 632 2766 gloria
663 2695 759 2752 Dei
812 2706 941 2751 sunt
989 2707 1044 2753 et
1089 2698 1297 2762 sancti,
1343 2712 1571 2766 quorum
1602 2696 1691 2750 lux
1723 2712 1905 2751 coram
1936 2697 2037 2752 ho-

465 2787 702 2842 minibus
740 2788 931 2858 fulget,
970 2797 1025 2843 et
1080 2788 1412 2859 glorificatur
1450 2798 1672 2858 propter
1720 2804 1815 2844 eos
1853 2788 2030 2842 Pater.

464 2874 542 2930 Illi
570 2886 625 2931 et
652 2876 820 2933 edunt
848 2893 912 2935 ac
933 2879 1124 2934 bibunt
1151 2880 1203 2934 in
1231 2880 1456 2950 gloriam
1489 2879 1605 2945 Dei,
1624 2890 1676 2934 et
1704 2880 1756 2934 in
1778 2880 2036 2935 membris

468 2967 775 3036 glorificant
828 2958 953 3025 eum
999 2972 1042 3024 ⁷.
1111 2972 1179 3025 Et
1241 2983 1296 3027 tu
1352 2988 1566 3044 quoque
1613 2975 1736 3044 quia
1801 2982 2035 3028 mentem

468 3067 616 3115 tuam
641 3071 903 3134 tanquam
928 3064 1156 3119 alterum
1188 3063 1451 3121 Lazarum
1478 3067 1825 3122 resuscitavit
1852 3065 2028 3132 Jesus,

469 3160 523 3205 et
555 3154 788 3225 suscipis
821 3155 967 3212 illum
998 3157 1051 3215 in
1083 3164 1298 3213 domum
1332 3159 1524 3212 animae
1572 3166 1698 3223 tuae,
1744 3166 1800 3214 et
1847 3157 2033 3213 convi-

2141 2073 2275 2127 φησι
2302 2074 2323 2107 ⁸
2353 2057 2664 2125 μετόχους.»
2688 2054 2795 2108 Καὶ
2812 2053 3019 2117 Παῦλος
3037 2053 3093 2107 δὲ
3111 2055 3245 2125 πρὸς
3266 2053 3581 2122 Κορινθίους
3605 2070 3710 2120 φη-

2142 2149 2244 2202 σίνο
2268 2166 2288 2200 ι
2324 2146 2384 2202 '0
2409 2146 2638 2218 βεϐαιῶν
2655 2148 2803 2217 ἡμᾶς
2826 2147 2922 2200 σὺν
2952 2146 3079 2217 ὑμῖν
3098 2148 3176 2208 είς
3197 2147 3452 2216 Χριστὸν,
3471 2142 3565 2197 καὶ
3586 2146 3708 2214 χρί-

2141 2257 2240 2303 σας
2265 2240 2412 2309 qua;
2434 2241 2461 2291 6
2486 2238 2639 2300 Θεός.
2686 2255 2706 2286 ι
2752 2236 2860 2290 Καὶ
2886 2235 3161 2303 πανταχοῦ
3192 2233 3459 2302 Χριστοὺς
3486 2235 3711 2303 οἴδαμεν

2138 2332 2464 2403 λεγομένους
2499 2332 2624 2392 τοὺς
2655 2328 2795 2382 κατὰ
2834 2328 3069 2398 Χριστὸν
3117 2327 3409 2397 ζήσαντας.
3439 2326 3500 2377 Οἱ
3526 2325 3709 2377 τοίνυν

2137 2422 2456 2493 Χριστιανοὶ
2503 2422 2562 2474 ui
2617 2420 2803 2491 τρίχες
2850 2419 2916 2473 ἂν
2962 2418 3223 2490 νοηθείεν,
3276 2416 3336 2469 ut
3382 2416 3505 2478 τοὺς
3544 2415 3711 2495 πόδας

2137 2515 2233 2570 τοῦ
2288 2513 2460 2584 Ἰησοῦ
2518 2512 2847 2584 ἐκμάξασαι,
2884 2512 2981 2565 καὶ
3034 2509 3396 2581 μετασχοῦσαι
3428 2505 3522 2561 τοῦ
3562 2506 3714 2560 θείου

2137 2608 2495 2680 χαρίσματος.
2533 2605 2746 2676 Νεκρόν
2775 2622 2830 2657 τι
2874 2606 2931 2657 αἱ
2961 2602 3166 2674 τρίχες,
3194 2602 3380 2671 νεκροὶ
3411 2601 3504 2654 καὶ
3536 2601 3586 2652 οἱ
3613 2599 3709 2652 τοῦ

2137 2697 2376 2770 Χριστοῦ
2399 2711 2417 2729 ⁸
2434 2699 2532 2767 τὴν
2552 2696 2662 2766 γάρ
2685 2696 2863 2765 σάρκα
2887 2694 3258 2765 ἐσταύρωσαν,
3285 2692 3379 2746 καὶ
3401 2692 3713 2760 ἐνέκρωσαν

2134 2795 2203 2848 τὰ
2236 2794 2371 2865 μέλη
2399 2792 2469 2846 τὰ
2518 2791 2612 2845 ἐπὶ
2637 2793 2739 2860 τῆς
2765 2792 2893 2860 γῆς,
2942 2789 3038 2843 καὶ
3067 2788 3145 2859 τῷ
3186 2787 3375 2857 κόσμῳ
3403 2785 3709 2839 ἀπέθανον.

2137 2885 2415 2957 Κοσμοῦσι
2446 2884 2543 2955 τὴν
2572 2882 2811 2953 κεφαλὴν
2841 2882 2898 2934 ut
2923 2879 3129 2950 τρίχες,
3165 2878 3257 2932 καὶ
3286 2876 3411 2942 δόξα
3440 2877 3546 2930 eiut
3580 2876 3718 2929 ταύο

2133 2994 2261 3049 της·
2292 2977 2419 3044 δόξα
2444 2975 2536 3030 τοῦ
2556 2974 2715 3039 Θεοῦ,
2743 2975 2838 3028 καὶ
2863 2974 2912 3027 οἱ
2948 2972 3122 3039 ἆγιοι,
3165 2963 3240 3024 ὧν
3268 2968 3475 3040 λάμπει
3498 2969 3560 3021 τὸ
3595 2968 3717 3036 φῶς

2134 3065 2442 3137 ἔμπροσθεν
2471 3064 2577 3118 τῶν
2609 3064 2930 3135 ἀνθρώπων,
2969 3063 3064 3115 καὶ
3100 3059 3381 3127 δοξάζεται
3406 3059 3472 3112 δι’
3501 3059 3709 3123 αὐτοὺς

2134 3162 2162 3214 6
2192 3160 2403 3232 Πατὴρ,
2434 3156 2515 3223 οἷς
2560 3160 2656 3212 καὶ
2682 3157 2743 3210 τὸ
2774 3156 2975 3211 ἐσθίειν
3007 3155 3101 3209 καὶ
3127 3154 3191 3219 τὸ
3226 3154 3410 3206 πίνειν
3439 3153 3517 3216 είς
3554 3151 3717 3218 δόξαν

470 3245 617 3319 vium
643 3246 952 3307 habetcum
979 3264 1045 3304 eo
1075 3264 1227 3305 mens
1250 3265 1370 3319 quae
1393 3252 1691 3306 resurrexit
1729 3268 1743 3304 :
1775 3264 1912 3320 unge
1939 3264 2033 3319 pe-

2142 3254 2273 3307 Θεοῦ
2297 3252 2523 3321 γίνεται,
2548 3252 2597 3305 οἳ
2628 3253 2721 3306 καὶ
2746 3251 2802 3303 ἐν
2821 3251 2932 3313 τοῖς
2964 3247 3151 3319 μέλεσι
3178 3247 3496 3311 δοξάζουσιν
3526 3245 3711 3298 αὐτόν.

469 3338 563 3394 des
597 3337 811 3401 Domini
842 3349 967 3397 ante
994 3356 1089 3397 sex
1113 3342 1227 3397 dies
1249 3341 1489 3409 Pascbaé,
1512 3343 1825 3412 priusquam
1855 3341 2033 3396 veniat

470 3426 694 3492 Pascha:
723 3427 889 3484 futuri
941 3433 1145 3494 saeculi,
1173 3432 1409 3501 quandiu
1442 3432 1493 3485 iu
1544 3431 1744 3485 numdo
1773 3431 1876 3485 hoc
1917 3445 2037 3484 ver—

470 3520 642 3587 saris,
696 3522 788 3593 qui
830 3525 887 3585 in~
940 3539 1035 3581 sex
1100 3524 1291 3580 diebus
1354 3534 1439 3579 est
1489 3524 1808 3580 conditus".
1871 3524 2038 3579 Pedes

470 3609 698 3680 Christi,
741 3616 1037 3684 Apostolus.
1079 3627 1134 3672 et
1170 3617 1543 3687 Evangelium,
1593 3630 1667 3683 et,
1696 3629 1747 3672 ut
1795 3633 2037 3674 summa-

474 3696 568 3760 tim
598 3707 794 3775 dicam,
820 3707 934 3778 ipsa
961 3710 1210 3764 mandata
1242 3729 1256 3766 :
1283 3726 1378 3780 per
1402 3725 1463 3765 ea
1495 3711 1638 3765 enim
1668 3710 1720 3763 iu
1749 3710 1905 3765 nobis
1926 3726 2042 3766 am-

475 3796 646 3850 bulat.
701 3797 780 3860 Ad
834 3799 947 3853 haec
1001 3799 1167 3870 igitur
1214 3801 1465 3854 mandata
1511 3798 1645 3854 all‘er
1689 3811 2039 3870 unguentum,

476 3888 725 3942 affectum
799 3889 1046 3949 videlicet
1094 3905 1160 3945 cx
1222 3891 1384 3944 variis
1436 3891 1754 3957 virtutibus,
1807 3907 2042 3961 quarum

472 3978 672 4047 Optima
690 3988 792 4044 est,
820 3987 1070 4048 tanquam
1094 3980 1314 4040 nardus,
1335 3980 1535 4034 fervida
1564 3980 1721 4050 fides,
1742 3982 2045 4037 collectum.

474 4069 587 4124 Nisi
611 4070 755 4127 enim
787 4070 1048 4125 fervidam
1071 4079 1127 4133 et
1154 4071 1449 4126 studiosam
1479 4072 1881 4143 virtutibusque
1908 4089 2048 4145 prae-

476 4164 644 4216 ditam
688 4160 1053 4222 habitudinem
1093 4178 1220 4234 erga
1267 4164 1514 4218 mandata
1544 4165 1869 4229 ostenderis,
1900 4182 2049 4221 mor-

2135 3328 2245 3398 Καὶ
2278 3343 2342 3396 σὺ
2382 3341 2459 3405 δέ,
2493 3342 2615 3394 ἐπεὶ
2640 3339 2903 3410 ἀνέστησέ
2936 3354 3028 3391 σου
3070 3336 3161 3389 τὸν
3198 3334 3324 3390 νοῦν
3363 3334 3553 3405 ὥσπερ
3586 3333 3713 3386 τινὰ

2136 3436 2389 3506 Λάζαρον
2414 3436 2442 3487 6
2475 3431 2700 3501 Ἰησοῦς,
2744 3431 2837 3484 καὶ
2869 3428 3106 3500 ὑποδέχῃ
3131 3427 3296 3481 αὑτὸν
3329 3428 3409 3490 είς
3445 3425 3536 3478 τὸν
3564 3420 3722 3477 οἷκον

2137 3527 2237 3593 τῆς
2258 3525 2437 3596 ψυχῆς
2463 3541 2579 3587 σου,
2603 3524 2696 3578 καὶ
2714 3524 3099 3591 συνευωχεῖται
3119 3519 3268 3589 αύτῷ
3288 3518 3382 3573 καὶ
3401 3519 3430 3570 6
3452 3515 3713 3577 ἀναστὰς,

2142 3617 2361 3686 ἄλειψον
2395 3616 2521 3679 τοὺς
2551 3615 2715 3678 πόδας
2738 3612 2831 3668 τοῦ
2885 3614 3092 3684 Κυρίου
3134 3611 3241 3683 πρὸ
3271 3610 3332 3675 ἐξ
3368 3607 3592 3680 ἡμερῶν
3616 3605 3713 3659 τοῦ

2144 3711 2356 3780 Πάσχα,
2387 3709 2517 3778 πρὶν
2559 3706 2687 3780 ἔλθῃ
2711 3705 2772 3759 τὺ
2799 3706 2993 3776 Πάσχα
3031 3703 3128 3758 τοῦ
3161 3702 3447 3773 μέλλοντος
3495 3698 3714 3764 αἰῶνος,

2143 3802 2247 3864 ἕως
2288 3792 2382 3855 οὖν
2439 3802 2495 3853 ἐν
2550 3798 2628 3869 τῷ
2665 3798 2856 3867 κόσμῳ
2910 3795 3085 3866 τούτῳ
3137 3793 3344 3863 διάγεις
3407 3791 3485 3861 τῷ
3547 3793 3605 3843 ἐν
3657 3786 3721 3854 ἐξ

2145 3893 2378 3965 ἡμέραις
2394 3888 2804 3962 ἀπαρτισθέντι.
2840 3888 3001 3950 Πόδες
3025 3887 3116 3941 τοῦ
3137 3882 3374 3955 Χριστοῦ
3403 3883 3433 3936 6
3464 3884 3721 3939 Ἀπόστοο

2146 3986 2258 4050 λος,
2289 3985 2388 4039 καὶ
2418 3984 2480 4037 τὸ
2513 3982 2864 4051 Εὑαγγέλιον,
2901 3981 2995 4035 καὶ
3022 3979 3208 4044 ἁπλῶς
3239 3979 3435 4044 εἰπεῖν,
3466 3977 3522 4030 ut
3571 3978 3720 4028 ἐντο-

2148 4078 2271 4132 λαί·
2307 4077 2376 4131 δι’
2403 4076 2583 4130 αὐτῶν
2613 4076 2717 4147 γὰρ
2766 4076 3134 4145 ἐμπεριπατεῖ
3185 4075 3242 4127 ἐν
3291 4073 3445 4143 ἡμῖν.
3482 4068 3722 4131 Ταύταις

2151 4169 2243 4224 οῦν
2264 4172 2383 4232 ταῖς
2411 4168 2651 4231 ἐντολαῖς
2674 4166 2992 4238 προσάγαγε
3018 4166 3210 4238 μύρον,
3237 4163 3333 4236 τὴν
3363 4164 3429 4217 ἐκ
3454 4160 3725 4231 διαφόρων

481 4255 697 4324 tuisque
745 4254 851 4315 tuis
903 4255 1161 4311 metnbris
1188 4255 1343 4326 quasi
1397 4255 1604 4325 capillis
1652 4258 1964 4319 exterseris,
1998 4266 2040 4311 el

2152 4260 2386 4333 ἀρετῶν,
2415 4253 2491 4314 ὧν
2520 4259 2580 4313 τὸ
2605 4262 2850 4332 κρεῖττον
2876 4260 2911 4328 ἡ
2958 4257 3137 4329 θερμὴ
3164 4257 3240 4321 ὡς
3284 4254 3476 4327 νάρδος
3518 4252 3723 4313 πίστις,

482 4347 580 4400 nisi
612 4347 763 4409 illum
792 4347 1081 4415 receperis,
1111 4361 1219 4402 non
1245 4347 1448 4417 poteris
1476 4347 1694 4403 domum
1731 4356 1875 4403 tuam
1910 4348 2040 4404 bone

2157 4353 2674 4424 συγκεκροτημένην
2705 4350 2969 4406 διάθεσιν.
3003 4350 3066 4402 Et
3097 4348 3172 4420 μὴ
3203 4349 3330 4419 ζγὰρ
3376 4344 3588 4416 θερμὴν
3628 4342 3726 4397 κοιλ⁴

480 4439 645 4492 odore
694 4436 921 4511 replere.
962 4436 1098 4491 Sunt
1135 4438 1297 4491 etiam
1350 4437 1515 4506 pedes
1564 4435 1800 4501 Domini,
1847 4437 2040 4491 minimi

2159 4444 2454 4501 σπουδαίαν
2487 4442 2582 4496 καὶ
2602 4443 2855 4513 ἐνάρετον
2883 4440 3069 4512 σχέσιν
3092 4440 3219 4510 περὶ
3246 4439 3345 4502 τὰς
3374 4435 3593 4496 ἐντολὰς
3630 4436 3724 4486 ἐν-

483 4531 700 4594 fratres,
742 4546 839 4605 per
872 4544 1009 4599 quos
1055 4529 1200 4582 vadit
1246 4528 1496 4583 Christus
1539 4527 1608 4584 ad
1639 4528 2040 4597 uniuscujusque

2156 4536 2325 4609 δείξῃ,
2364 4535 2458 4589 καὶ
2500 4535 2614 4597 τοῖς
2659 4531 3088 4604 νενεκρωμένοις
3127 4526 3221 4585 οὖν
3271 4529 3510 4600 μέλεσιν,
3561 4525 3727 4578 οἱονεὶ

478 4624 702 4693 jauuam
747 4601 995 4691 quaerens
1027 4636 1149 4691 qua:
1187 4620 1335 4682 utilia
1378 4627 1505 4678 sunt
1538 4637 1552 4673 :
1593 4634 1727 4688 quos
1765 4634 1902 4688 unge
1944 4618 2040 4674 ele‘

2159 4601 2305 4700 θριξί
2330 4626 2586 4698 ἐκμάξεις
2611 4601 2838 4689 ταύτας,
2862 4601 2955 4676 καὶ
2985 4624 3064 4685 είς
3091 4622 3255 4678 αὑτὸν
3278 4618 3587 4681 ἀναλάϐοις,
3624 4616 3726 4669 οὐκ

486 4727 758 4785 eutosynae
784 4721 1077 4782 unguento.
1104 4714 1279 4788 Atque
1311 4711 1459 4770 multi
1488 4710 1702 4781 quidem
1734 4710 2054 4767 miserentur

486 4807 554 4862 ad
587 4805 1051 4872 ostentationem;
1081 4803 1201 4859 ideo
1231 4802 1428 4857 nullam
1458 4802 1514 4857 in
1557 4818 1618 4859 se
1654 4800 1945 4858 utilitatem
1972 4819 2055 4856 re-

485 4899 710 4969 cipiunt.
736 4916 755 4949 ι
788 4898 1127 4971 Receperunt
1146 4896 1288 4951 enim
1314 4895 1617 4950 mercedem
1641 4897 1693 4949 in
1712 4896 1815 4950 hac
1834 4895 1938 4949 vita
1957 4895 1999 4949 ⁹.
2028 4913 2048 4947 ›

486 4990 558 5044 At
591 5000 645 5043 tu
678 4995 927 5060 exsterge
960 4988 1181 5058 capillos
1208 4986 1420 5056 capitis,
1461 4984 1743 5040 utilitatem
1779 4985 1831 5038 in
1876 4984 2055 5041 anima

490 5074 579 5138 tua
611 5083 818 5152 accipe,
852 5081 903 5135 in
935 5079 1215 5151 principali
1257 5088 1408 5147 parte
1451 5077 1658 5131 lucrum
1701 5075 2057 5145 eleemosynte

487 5190 753 5248 congrega
783 5192 798 5229 :
830 5182 885 5230 et
913 5174 958 5233 si
991 5173 1118 5243 quid
1148 5180 1420 5226 mortuum
1450 5156 1736 5234 habes,‘et
1794 5167 2057 5227 inanima-

489 5279 624 5335 tum,
655 5267 796 5323 sicut
819 5263 1163 5340 suntcapilli,
1191 5262 1244 5317 in
1286 5265 1388 5316 hoc
1419 5261 1561 5317 bono
1592 5270 1865 5329 unguento
1895 5259 2058 5313 intin-

486 5362 620 5437 gito.
645 5379 664 5412 ι
691 5357 1196 5421 Peccataeuimtua,
1217 5353 1787 5424 inquit,eleemosynis
1808 5351 1925 5406 dele
1946 5352 2008 5405 '°.
2035 5369 2053 5402 ι

2159 4718 2401 4789 ἰσχύσεις
2422 4717 2717 4771 εὐωδιάσαι
2753 4732 2845 4768 σου
2877 4713 2966 4775 τὸν
2997 4709 3165 4767 οἷκον.
3198 4711 3361 4775 Πόδες
3398 4709 3490 4764 τοῦ
3519 4707 3731 4777 Κυρίου

2158 4812 2251 4867 καὶ
2285 4812 2331 4863 oi
2361 4810 2631 4878 ἐλάχιστοι
2673 4806 2913 4875 ἀδελφοὶ,
2954 4807 3020 4860 δι’
3048 4800 3122 4859 ὧν
3172 4804 3377 4875 βαδίζει
3426 4803 3453 4855 6
3490 4800 3729 4870 Χριστος

2158 4902 2252 4953 ἐπὶ
2278 4900 2377 4970 τὴν
2398 4900 2568 4970 Θύραν
2592 4899 2822 4951 ἑκάστου
2847 4896 3024 4968 ζητῶν
3046 4896 3113 4949 τὰ
3137 4894 3392 4967 χρειώδη,
3416 4892 3509 4957 οὓς
3532 4892 3725 4959 ἄλειφε

2158 4989 2238 5061 τῷ
2263 4989 2364 5060 τῆς,
2399 4987 2767 5058 ἐλεημοσύνης
2793 4987 2971 5059 μύρῳ.
3006 4987 3197 5042 Πολλοὶ
3226 4985 3324 5057 μὲν
3347 4980 3437 5038 οὖν
3460 4982 3727 5047 ἐλεοῦσιν,

2161 5080 2299 5136 ἀλλὰ
2330 5081 2469 5151 πρὸς
2508 5078 2798 5147 ἐπίδειξιν*
2834 5080 2913 5132 διὸ
2945 5079 3066 5133 ούδέ
3099 5080 3179 5143 είς
3220 5078 3416 5141 αὐτοὺς
3448 5074 3737 5143 ἀναδέχονε

2162 5190 2253 5233 ται
2297 5172 2395 5245 τὴν
2435 5171 2725 5241 ὠφέλειαν·
2767 5188 2787 5223 ι
2854 5171 3142 5242 ’Δπέχουσι
3187 5170 3295 5241 γάρ
3336 5168 3425 5224 τὸν
3466 5166 3657 5237 μισθὸν
3706 5184 3726 5216 ι

2164 5263 2415 5319 ἐνταῦθα’
2460 5267 2525 5318 σὺ
2550 5266 2610 5319 δὲ
2637 5262 2876 5336 ἕκμαξαι
2899 5266 3018 5326 ταῖς
3046 5261 3193 5330 θριξὶ
3215 5263 3313 5332 τῆς
3340 5261 3599 5330 κεφαλῆς,
3634 5259 3734 5310 καὶ

2164 5355 2243 5417 είς
2281 5356 2380 5426 τὴν
2400 5355 2576 5427 ψυχὴν
2605 5356 2865 5425 ἁναδέχου
2895 5354 2993 5425 τὴν
3030 5354 3321 5423 ὠφέλειαν,
3353 5356 3410 5407 ἐν
3439 5353 3515 5423 τῷ
3535 5355 3736 5422 ἡγεμοο

492 5453 626 5522 νικῷ
652 5453 813 5523 μέρει
863 5449 925 5504 τὸ
969 5447 1156 5535 κέρδος
1198 5450 1297 5520 τῆς
1348 5447 1718 5519 ἐλεημοσύνης
1758 5443 2055 5514 συνάγαγε.
2091 5447 2204 5503 Καὶ
2266 5448 2322 5501 εἴ
2350 5467 2402 5503 τι
2463 5451 2656 5523 νεκρὸν
2682 5449 2831 5521 ἔχεις
2858 5452 2952 5504 καὶ
2979 5451 3203 5521 ἄψυχον,
3228 5444 3340 5503 οἷον
3363 5450 3418 5502 αἱ
3442 5448 3646 5520 τρίχες,
3674 5450 3733 5499 ἐν

487 5544 663 5613 τούτῳ
700 5542 776 5612 τῷ
835 5540 1023 5617 ἀγαθῷ
1091 5542 1348 5617 χρίσματι
1399 5540 1766 5611 καταμύριζε.
1833 5557 1851 5593 ι
1914 5539 2023 5603 Τάς
2063 5542 2337 5614 ἁμαρτίας
2392 5545 2501 5617 γάρ
2554 5563 2673 5617 σουι
2746 5545 2933 5615 φησὶν,
2968 5546 3025 5610 ἢν
3064 5542 3455 5619 ὲλεηδμοσύνᾳις
3523 5540 3736 5607 ἐξάλει-

482 5641 612 5708 dav.
647 5656 666 5689 ι

568 5822 607 5849 ¹⁶
636 5818 778 5872 Psal.
802 5836 944 5881 κων,
975 5819 1030 5872 8.
1105 5820 1124 5849 ²
1146 5817 1268 5871 Act.
1308 5828 1364 5880 ll,
1401 5817 1489 5870 56.
1568 5817 1587 5846 ³
1618 5813 1758 5869 Psal.
1809 5832 1995 5876 (χι-ιρι,

2211 5814 2299 5865 ³11
2347 5813 2471 5867 Cor.
2514 5828 2550 5875 ι,
2585 5814 2675 5866 2|.
2752 5809 2958 5863 ’Ilcbr.
2995 5825 3068 5862 vt.
3107 5809 3157 5863 4.
3238 5811 3258 5839 τ’
3307 5808 3483 5864 Colat.
3517 5822 3565 5870 ν,
3628 5798 3722 5861 21.
3771 5844 3782 5853 ι

499 5892 516 5927 ⁷
543 5889 732 5948 Matth.
779 5906 831 5955 ν,
860 5890 943 5956 l6,
974 5889 1063 5942 ‘26.
1142 5889 1162 5919 ⁸
1193 5887 1327 5943 Gen.
1353 5903 1388 5951 I,
1432 5887 1518 5939 5|.
1596 5887 1616 5916 ⁹
1675 5886 1858 5939 Μςιιιιι.
1893 5902 1961 5951 γι,
1988 5886 2040 5950 2,

2217 5887 2258 5916 ¹⁰
2293 5884 2422 5937 Dan.
2448 5899 2522 5951 tv,
2552 5884 2652 5951 ‘24;
2689 5882 2849 5935 Eccli.
2888 5896 2966 5947 Ill,
2994 5881 3079 5934 53.
