4060 6616
304 510 403 577 ῙΠ

996 516 1435 580 ENARRATIO
1475 520 1556 582 IN
1596 520 2094 584 EVANGELIUM
2132 518 2564 584 J‘OANNIS.-
2597 522 2751 582 CAP.
2784 520 2918 581 XII.

3484 518 3584 584 ll8

380 652 399 685 ι
433 634 600 704 Λέγει
641 633 737 689 οὖν
777 632 856 698 εἷς
906 634 971 690 ὲκ
1011 619 1412 709 τῶνμαθητῶν
1451 639 1639 704 αὐτοῦ,
1691 640 1892 704 Ἰούδας

2071 639 2236 696 Vens.
2255 639 2408 695 4-83(
2436 639 2573 694 Dicit
2585 636 2714 710 ergo
2731 653 2870 693 unus
2886 652 2952 693 ex
2969 633 3249 706 discipulis
3261 636 3400 708 ejus,
3415 637 3584 695 .lndas

302 725 547 795 Σίμωνος
587 715 969 799 Ἰσκαριώτης,
1010 729 1040 782 ό
1063 730 1271 799 μέλλων
1302 731 1463 785 αὑτὸν
1500 732 1889 804 παραδιδόναι·

304 820 405 872 Διὰ
428 819 481 872 τί
511 817 672 873 τοῦτο
701 819 761 873 τὸ
792 821 964 894 μύρον
995 824 1095 876 οὐκ
1122 824 1337 896 ἐπράθη
1372 826 1700 892 τριακοσίων
1731 826 1894 895 δηνα-

246 928 247 933 ‘
308 912 462 982 ρίων,
490 913 585 965 καὶ⁵
607 911 766 984 ἐδόθη
788 917 1028 984 πτωχοῖς
1050 933 1063 978 ς
1088 912 1226 969 Eius
1251 916 1307 970 δὲ
1326 901 1508 983 τοῦτο,
1531 919 1629 988 οὐχ
1652 919 1734 972 ὅτι
1766 919 1893 990 περὶ

304 1001 413 1057 τῶν
434 1003 667 1075 πτωχῶν
692 1003 887 1076 ἔμελεν
910 1006 1082 1079 αὐτῷ,
1114 1008 1253 1072 ἀλλ’,
1290 1009 1373 1062 ὅτι
1414 1009 1654 1080 κλέπτης
1685 1006 1772 1083 ἦν,
1799 1011 1894 1064 καί¹

307 1096 370 1148 τὸ
410 1096 798 1168 γλωσσόκομον
823 1093 960 1169 εἶχε,
993 1101 1086 1153 καὶ
1128 1100 1196 1154 τὰ
1235 1100 1541 1172 βαλλόμενα
1570 1101 1892 1166 ἐϐάσταζεν.

308 1188 478 1246 Εἶπεν
510 1187 603 1245 οὖν
636 1193 664 1245 ό
718 1192 923 1263 Ἰησοῦς
945 1210 960 1225 ”
1001 1194 1173 1263 Ἀφες
1202 1195 1373 1265 αὐτήν
1393 1209 1407 1224 ·
1444 1195 1525 1258 είς
1552 1196 1652 1263 τὴν
1683 1194 1898 1267 ἡμέραν

309 1287 404 1341 τοῦ
431 1288 805 1358 ἐνταφιασμοῦ
842 1306 943 1361 μου
971 1291 1271 1361 τετήρηκεν
1295 1290 1446 1345 αὑτό.
1472 1290 1614 1356 Τοὺς
1646 1292 1900 1363 πτωχοὺς

310 1380 420 1449 γὰρ
456 1378 688 1433 πάντοτε
729 1378 881 1450 ἔχετε
927 1380 1048 1452 μεθ’
1080 1381 1319 1436 ἑαυτῶν·
1355 1382 1456 1455 ἐμὲ
1490 1382 1547 1436 δὲ
1578 1383 1638 1436 ού
1669 1384 1899 1439 πάντοτε

310 1470 486 1540 ἔχετε.
517 1489 538 1522 ι
566 1470 980 1543 Φιλοχρήματος
1008 1470 1083 1526 ὢν
1111 1472 1139 1525 6
1175 1472 1393 1540 Ἰούδας,
1426 1474 1666 1527 αἰτιᾶται
1685 1473 1777 1528 τὸν
1800 1473 1901 1543 τῆς

310 1564 478 1633 τιμῆς
516 1562 743 1634 τρόπον.
778 1563 930 1619 Διατί
963 1565 1073 1636 γὰρ
1100 1565 1197 1619 οὐκ
1222 1566 1508 1637 ἀργύριον,
1540 1567 1697 1637 φησὶ,
1729 1583 1900 1639 προσ-

310 1657 569 1727 ήνεγκας,
595 1659 684 1711 ἵνα
715 1656 824 1727 ἐχω
850 1657 1054 1729 δηλαδὴ
1097 1658 1313 1728 κλέψαι,
1344 1658 1482 1713 ἀλλὰ
1535 1660 1706 1731 μύρον
1731 1681 1745 1729 ;
1777 1660 1901 1725 Πῶς

308 1753 402 1807 οῦν
423 1753 585 1818 ἄλλος
610 1755 1004 1827 εύαγγελιστὴς
1034 1756 1208 1826 λέγει,
1241 1759 1322 1811 ὅτι
1347 1759 1549 1820 πάντες
1579 1760 1627 1812 oi
1658 1757 1903 1829 μαθηταὶ

308 1843 469 1897 τοῦτο
517 1841 701 1913 εἷπονς
765 1845 986 1916 Ῥητέον
1036 1847 1238 1913 τοίνυν,
1277 1848 1359 1901 ὅτι
1413 1848 1506 1903 καὶ
1552 1848 1753 1912 πάντες
1803 1848 1903 1920 μὲν

309 1932 486 2003 εἷπον,
515 1937 631 1991 ἀλλ’
654 1939 717 1993 οὗ
740 1938 968 2013 τοιαύτῃ
999 1941 1317 2012 προαιρέσει
1341 1943 1388 1995 οί
1411 1940 1582 2006 ἄλλοι,
1605 1941 1694 2014 οἵᾳ
1722 1933 1897 2008 οὗτος.

308 2032 426 2089 Οὐκ
456 2030 671 2106 ἐλέγχει
696 2036 753 2090 δὲ
786 2037 952 2091 αὐτὸν
980 2039 1008 2091 6
1035 2038 1264 2110 Κύριος,
1296 2041 1473 2096 καίτοι
1502 2057 1567 2111 γε
1605 2041 1765 2106 εἰδὼς
1802 2043 1900 2096 αὐ-

308 2128 401 2182 τὸν
421 2127 692 2201 κλεπτικῇ
720 2130 913 2203 γνώμῃ
941 2130 1102 2185 τοῦτο
1130 2132 1352 2186 εἰπόντα
1372 2150 1386 2165 ’
1410 2133 1473 2188 οὐ
1502 2135 1612 2206 γὰρ
1640 2134 1902 2207 ὴόούλετο

308 2219 570 2291 ἐντρέψαι
604 2222 790 2289 αὑτὸν,
841 2221 1218 2295 μακροθυμεῖν
1253 2225 1348 2280 καὶ
1402 2226 1551 2297 ἡμᾶς
1597 2227 1733 2299 πρὸς
1754 2228 1902 2297 ζτοὺς

308 2310 587 2377 τοιούτους
622 2313 917 2369 παιδεύων.
962 2313 1494 2387 Ἐπικεκρυμμένως
1540 2316 1725 2388 μέντοι
1760 2317 1903 2371 όνει-

309 2405 446 2471 δίζει
472 2404 622 2477 αὐτῷ
647 2406 746 2478 τὴν
771 2402 1087 2479 προδοσίαν,
1113 2409 1209 2462 καὶ
1236 2409 1317 2462 ὅτι
1339 2409 1429 2464 διὰ
1463 2409 1905 2482 φιλοχρηματίαν

315 2498 504 2568 μέλλει
537 2499 828 2570 προδοῦναι
864 2499 1030 2554 αὑτὸν
1056 2502 1137 2565 είς
1165 2499 1417 2557 θάνατον.
1450 2500 1542 2555 Διὸ
1570 2503 1662 2556 καὶ
1695 2502 1791 2556 τοῦ
1818 2505 1906 2557 ἐν·

313 2593 633 2664 ταφιασμοῦ
670 2593 969 2664 μέμνηται,
1003 2593 1261 2664 πλήσσων
1287 2593 1389 2667 τὴν
1438 2594 1701 2650 ἀσύνετον
1737 2595 1905 2651 αὐτοῦ

319 2685 570 2757 καρδίαν,
606 2687 775 2749 εἴπως
810 2685 1155 2759 διορθωθείη.
1195 2686 1306 2740 Καὶ
1355 2687 1416 2740 τὸ
1449 2686 1793 2760 ἐπαγόμενον
1826 2689 1904 2756 δὲ,

314 2779 558 2833 τοιοῦτον
598 2778 726 2833 νοῦν
772 2796 894 2834 τινα
920 2780 1201 2850 ἐμφαίνει.
1252 2800 1270 2832 ι
1310 2781 1449 2844 Τοὺς
1491 2784 1742 2853 πτωχοὺς
1775 2784 1905 2857 γάρ,

316 2873 480 2943 φησὶ,
509 2874 740 2929 πάντοτε
765 2873 917 2946 ἔχετε
940 2873 1062 2943 μεθ’
1091 2875 1302 2930 ἑαυτῶν
1329 2892 1343 2907 ⁸
1376 2875 1479 2946 ἐμὲ
1509 2877 1566 2930 δέ
1596 2879 1656 2932 οὐ
1677 2878 1909 2934 πάντοτε

318 2967 496 3038 ἔχετε.
538 2985 554 3016 ι
591 2967 756 3020 Ὅσον
784 2964 959 3034 οῦπω,
996 2967 1184 3038 φησὶν,
1230 2967 1631 3040 ἀπελεύσομαι,
1664 2970 1760 3024 σοῦ
1809 2989 1911 3025 κα-

317 3058 766 3125 τασκευάσαντός
796 3077 899 3130 μου
943 3059 1036 3114 τὸν
1070 3060 1321 3115 θάνατον.
1349 3062 1413 3115 El
1433 3063 1617 3117 τοίνυν
1665 3063 1912 3135 ἐπαχθής

325 3150 412 3204 σοί
438 3152 578 3224 είμι,
626 3153 721 3206 καὶ
743 3152 976 3224 φορτικὴ
1003 3154 1037 3226 ἡ
1070 3154 1151 3217 είς
1193 3153 1293 3225 ἐμὲ
1317 3155 1473 3226 τιμὴ,
1506 3153 1800 3226 ἀνάμεινον
1823 3175 1913 3227 μι-

324 3243 485 3312 κρὸν,
532 3244 628 3298 καὶ
649 3242 1014 3317 ἀπαλλαγήσῃ
1054 3262 1182 3316 μου,
1215 3246 1312 3300 καὶ
1343 3245 1467 3300 τότε
1498 3247 1820 3320 γνωσθήσῃ,
1860 3251 1910 3302 εί

1997 733 2236 790 Simonis
2269 733 2572 811 lscariotes,
2597 731 2685 803 qui
2715 738 2835 787 erat
2871 746 2993 786 eum
3015 729 3326 800 proditurus
3360 751 3373 787 :
3403 729 3585 809 Quare

1997 827 2101 881 hoc
2133 833 2464 897 unguentum
2490 840 2594 878 non
2635 823 2802 878 veniit
2834 823 3087 879 trecentis
3110 823 3365 890 denariis,
3400 835 3450 879 et
3486 823 3588 879 da-

2002 929 2114 973 tum
2144 930 2227 975 est
2259 916 2479 989 egenis?
2506 916 2651 972 Dixit
2685 923 2865 971 autem
2903 915 3004 971 hoc
3032 932 3135 971 non
3164 917 3288 987 quia
3318 932 3585 987 pauperes

1999 1011 2073 1067 illi
2107 1028 2253 1068 curae
2288 1020 2491 1076 essent,
2533 1010 2631 1065 sed
2679 1009 2805 1079 quia
2847 1008 2931 1063 fur
2963 1017 3100 1073 erat,
3137 1023 3198 1063 ac
3248 1009 3583 1079 marsupinm

2003 1104 2255 1169 habebat,
2303 1117 2476 1175 eaque
2509 1118 2630 1175 quae
2679 1101 3058 1169 mittebantur,
3111 1102 3382 1170 portabat.
3440 1101 3587 1157 Dixit

2000 1212 2129 1268 ergo
2167 1195 2324 1253 Iesus
2360 1215 2373 1251 :
2412 1194 2544 1252 Sine
2592 1194 2777 1252 illam:
2809 1194 2861 1250 in
2922 1194 3064 1249 diem
3113 1193 3403 1264 sepulturae
3453 1209 3589 1249 mea:

2001 1289 2239 1346 servavit
2284 1289 2450 1347 istud.
2487 1288 2760 1359 Pauperes
2789 1287 2933 1343 enim
2983 1300 3198 1356 semper
3230 1285 3441 1346 habetis
3486 1300 3586 1340 vo-

2002 1382 2235 1448 biscum,
2268 1397 2353 1438 me
2399 1395 2533 1439 vero
2569 1395 2676 1437 non
2703 1394 2920 1453 semper
2945 1378 3178 1436 habetis.
3216 1397 3236 1432 »
3272 1376 3441 1434 Judas
3465 1393 3586 1435 cum

2003 1485 2152 1533 esset
2204 1492 2425 1542 avarus,
2469 1474 2821 1547 reprehendit
2866 1473 3086 1532 honoris
3123 1474 3364 1530 modum.
3411 1472 3593 1541 Quare

2003 1569 2146 1624 enim
2175 1583 2279 1623 non
2311 1566 2553 1624 obtulisti
2580 1566 2887 1637 pecuniam,
2924 1566 3122 1636 inquit,
3152 1573 3209 1621 ut
3239 1580 3453 1634 possem
3486 1565 3594 1620 scie-

2006 1665 2128 1719 licet
2158 1660 2353 1727 furari,
2396 1661 2490 1717 sed
2534 1660 2913 1733 unguentum?
2939 1659 3225 1728 Quomodo
3256 1658 3421 1729 igitur
3454 1657 3595 1715 alius

2005 1758 2342 1829 evangelista
2370 1756 2502 1812 dicit
2552 1755 2696 1827 quod
2734 1773 2753 1808 ι
2791 1769 2983 1811 omnes
3013 1752 3263 1826 discipuli
3305 1753 3409 1808 hoc
3441 1752 3598 1807 dixe-

2008 1854 2117 1909 rint
2159 1851 2242 1906 “?
2281 1870 2300 1904 ι
2341 1849 2645 1907 Dicendum
2704 1847 2893 1920 igitur,
2947 1848 3092 1919 quod
3142 1861 3335 1903 omnes
3375 1845 3593 1916 quidem

2010 1947 2269 2015 dixerint,
2301 1945 2394 2002 sed
2427 1959 2531 2000 non
2561 1944 2654 2000 tali
2688 1951 2868 1999 mente
2900 1941 3013 2010 alii,
3040 1939 3185 2013 quali
3212 1940 3334 1997 iste.
3362 1937 3478 1995 Non
3514 1953 3601 1995 re-

2011 2038 2304 2111 prehendit
2343 2045 2523 2093 antem
2556 2051 2680 2093 eum
2715 2034 3000 2102 Dominus,
3026 2034 3277 2105 quamvis
3305 2034 3470 2090 sciret
3509 2033 3599 2089 fu.

2013 2134 2122 2191 raci
2164 2133 2347 2189 animo
2394 2132 2497 2187 hoc
2529 2130 2691 2204 671
2728 2129 2879 2185 illum
2924 2128 3129 2185 dixisse
3164 2126 3424 2200 (nolebat
3448 2127 3597 2183 enim

2013 2228 2160 2285 illum
2195 2225 2552 2293 confundere,
2589 2224 2794 2281 docens
2818 2231 2876 2279 et
2905 2237 3004 2280 nos
3030 2221 3368 2291 longanimes
3401 2219 3601 2276 debere

2012 2336 2134 2378 esse
2154 2336 2280 2392 erga
2305 2318 2480 2389 tales),
2500 2317 2598 2376 sed
2617 2316 2827 2374 occulte
2847 2317 3114 2386 opprobat
3140 2314 3188 2371 ei
3213 2312 3600 2384 proditionem,

2013 2425 2067 2472 et
2098 2413 2240 2486 quod
2285 2420 2510 2485 propter
2537 2409 2825 2466 avaritiam
2861 2407 3159 2463 traditurus
3202 2414 3347 2462 esset
3376 2419 3502 2460 eum
3539 2402 3598 2459 in

2015 2517 2265 2566 mortem.
2308 2506 2432 2562 Ideo
2476 2513 2532 2562 et
2572 2503 2863 2575 sepulturae
2908 2501 3176 2566 meminit,
3226 2496 3600 2572 perstringens

2017 2600 2382 2674 insipientiam
2416 2598 2556 2670 ejus,
2588 2598 2635 2654 si
2664 2611 2772 2678 quo
2806 2602 2965 2668 pacto
2994 2593 3325 2665 corrigatur.
3354 2590 3421 2647 Et
3454 2589 3600 2660 quod

2016 2696 2282 2761 subditur,
2329 2693 2492 2749 talem
2538 2689 2825 2762 quemdam
2880 2701 3101 2745 sensum
3134 2685 3351 2742 habet:
3398 2703 3417 2738 ι
3461 2683 3602 2737 Pau—

2018 2805 2176 2861 percs
2214 2789 2383 2857 enim,
2417 2786 2613 2856 inquit,
2644 2798 2861 2856 semper
2905 2780 3120 2838 habetis
3167 2778 3471 2843 vobiscum,
3520 2791 3607 2833 nte

2018 2895 2197 2938 autem
2232 2896 2339 2937 non
2381 2893 2598 2951 semper
2635 2876 2869 2945 habetis,
2913 2893 2933 2928 ι
2965 2888 3031 2932 eo
3058 2871 3201 2945 quod
3235 2872 3387 2928 brevi
3420 2869 3606 2925 abitu-

2021 2992 2112 3032 rus
2165 2991 2307 3041 sum,
2359 2982 2412 3030 te
2465 2971 2598 3028 mihi
2647 2979 2878 3027 mortem
2918 2968 3290 3025 machinante.
3349 2963 3521 3036 Igitur
3559 2962 3605 3018 si

2018 3082 2281 3124 onerosus
2314 3066 2411 3122 tibi
2450 3081 2592 3131 sum,
2642 3072 2700 3121 et
2749 3062 3012 3118 molestus
3054 3060 3144 3117 ille
3197 3060 3251 3114 in
3286 3071 3373 3113 me
3411 3056 3607 3124 honor,

2021 3172 2274 3231 exspecta
2298 3158 2594 3230 paulisper,
2617 3165 2672 3212 et
2699 3156 2812 3213 eris
2836 3153 2975 3211 liber
3003 3170 3034 3209 a
3056 3166 3144 3209 me
3184 3170 3200 3209 :
3231 3162 3285 3207 et
3319 3159 3445 3206 tunc
3467 3146 3611 3206 scies

2023 3269 2151 3309 num
2180 3260 2404 3322 propter
2426 3262 2692 3320 pauperes
2733 3262 2870 3318 opus
2890 3244 3096 3302 habeas
3124 3240 3385 3316 unguenti
3418 3237 3612 3297 vendi-

319 3337 412 3390 διὰ
426 3336 551 3401 τοὺς
574 3337 823 3409 πτωχοὺς
839 3335 1063 3408 χρῄζεις
1086 3337 1184 3406 τῆς
1206 3337 1301 3392 τοῦ
1325 3336 1502 3411 μύρου
1527 3337 1802 3410 πράσεως.
1820 3340 1913 3393 Τί-

2026 3347 2190 3403 tione.
2214 3343 2395 3412 Quare
2429 3353 2633 3411 autem,
2661 3342 2708 3399 si
2751 3340 2972 3413 quidem
3006 3352 3205 3394 avarus
3248 3346 3368 3410 erat
3400 3340 3455 3390 et
3499 3332 3613 3401 fur,

324 3448 416 3495 νος
438 3430 496 3485 δὲ
520 3429 727 3496 ἕνεκεν,
745 3430 798 3484 εἴ
815 3447 878 3500 γε
900 3430 1308 3502 φιλοχρήματος
1327 3426 1395 3504 ἦν
1417 3434 1511 3486 καὶ
1535 3432 1795 3505 κλέπτης,
1813 3434 1917 3505 τὴν

324 3513 436 3580 τῶν
456 3526 760 3597 χρημάτων
787 3525 1101 3597 οἰκονομίαν
1125 3525 1276 3597 αύτῷ
1301 3526 1599 3598 ἐπέτρεψεν
1625 3529 1653 3581 ό
1676 3527 1881 3601 Κύριος
1903 3546 1918 3596 ;

327 3617 563 3671 Διάύτὸ
598 3617 699 3688 μὲν
732 3612 827 3671 οῦν
857 3616 1018 3671 τοῦτο
1067 3616 1149 3670 ὅτι
1182 3617 1421 3689 κλέπτης
1452 3613 1543 3689 ἦν,
1602 3618 1693 3673 ἵνα
1736 3619 1920 3673 πᾶσαν

329 3710 500 3764 αὐτοῦ
544 3698 756 3782 ἐκκόψῃ
809 3708 1110 3783 πρόφασιν.
1144 3710 1220 3763 Οὐ
1274 3711 1380 3780 γὰρ
1414 3704 1559 3781 εἶχεν
1601 3712 1797 3775 εἰπεῖν,
1842 3713 1924 3766 ὅτι

327 3804 421 3857 διὰ
447 3803 752 3875 χρημάτων
784 3803 965 3876 ἐρωτᾳ
999 3801 1336 3874 προύδωκεν.
1382 3802 1599 3874 Ἱκανὴν
1631 3803 1739 3875 γὰρ
1778 3801 1924 3875 εἶχεν

328 3900 398 3950 ἐκ
426 3895 524 3949 τοῦ
546 3895 937 3968 γλωσσοκόμου
963 3895 1337 3968 παραμυθίαν,
1371 3884 1629 3950 ἀλλ”οῦτε
1661 3896 1724 3950 τὸ
1746 3897 1924 3967 γλωσ-

333 3990 574 4060 σόκομον
617 3987 758 4060 ἔχων
792 3989 981 4054 πιστὸς
1026 3985 1114 4062 ἦν.
1153 4008 1170 4042 ι
1214 3988 1518 4055 Ἐϐάσταζε
1550 4012 1569 4043 ι
1606 3991 1733 4062 γὰρ,
1762 4008 1926 4046 τουτ-

332 4085 508 4150 έστιν,
540 4081 773 4136 ἔκλεπτε
809 4102 828 4135 ι
861 4084 929 4137 τὰ
975 4081 1301 4155 βαλλόμενα,
1337 4103 1355 4135 ι
1384 4085 1477 4137 καί⁵
1530 4082 1807 4157 ἱερόσυλος
1834 4081 1926 4159 ἦν,

332 4179 406 4230 τὰ
450 4178 532 4242 είς
600 4177 701 4248 τὴν
756 4176 911 4233 θείαν
970 4176 1161 4250 χρείαν
1219 4177 1476 4250 διδόμενα
1536 4179 1927 4252 νοσφιξόμενος

334 4269 713 4335 (ἀκουέτωσαν
754 4270 813 4326 δὲ
854 4272 905 4325 οί
943 4271 1236 4345 ἱερόσυλοι,
1283 4273 1448 4338 ποίας
1501 4273 1719 4348 μερίδος
1771 4276 1928 4347 εἰσὶ),

337 4365 436 4418 καὶ
480 4363 543 4418 1:6
598 4350 896 4434 κεφάλαιον
955 4366 1054 4437 τῆς
1099 4366 1318 4433 κακίας,
1365 4365 1591 4437 ὕστερον
1644 4365 1930 4439 προύδωκε

334 4457 432 4510 τὸν
474 4456 706 4530 Κύριον.
757 4457 924 4531 Ὁρᾷς
957 4460 1045 4512 ποῖ
1082 4455 1239 4531 φέρει
1272 4461 1306 4530 ἡ
1350 4459 1802 4534 φιλοχρηματία;
1836 4462 1931 4527 Εἰς
1971 4520 1977 4529 _

338 4554 658 4620 προδοσίαν.
692 4556 889 4621 Καλῶς
909 4555 1004 4612 οὖν
1029 4558 1058 4611 ὁ
1086 4556 1297 4621 Παῦλος
1329 4577 1349 4612 ι
1382 4558 1537 4629 ῥίζαν
1569 4559 1789 4614 πάντων
1822 4561 1931 4613 τῶν

338 4649 528 4703 κακῶν
556 4669 576 4703 ι
612 4648 819 4723 ταύτην
848 4649 1131 4718 ἐκάλεσεν,
1150 4649 1226 4714 ὡς
1243 4650 1547 4719 προδοῦσαν
1576 4651 1670 4706 τὸν
1702 4651 1931 4725 Κύριον,

339 4742 438 4803 καὶ
467 4742 590 4798 καθ’
616 4743 859 4815 ἑκάστην
881 4742 1027 4799 τοῦτ’
1056 4743 1189 4798 αὐτὸ
1216 4743 1505 4800 ποιοῦσαν.
1527 4746 1684 4810 Τινὲς
1709 4745 1768 4800 δέ
1800 4763 1932 4816 φασι

340 4833 437 4888 τὸν
481 4833 687 4888 Ἰούδαν
716 4833 1130 4906 ἐγχειρισθῆναι
1159 4833 1259 4906 τὴν
1288 4834 1398 4889 τῶν
1424 4835 1936 4906 χρημάτωνδιακο-

341 4928 487 4997 νίαν,
522 4929 600 4993 ὡς
623 4928 885 4985 ἐλάττονα
910 4929 1022 4985 τῶν
1043 4928 1251 4997 ἄλλων
1280 4928 1344 4983 τὸ
1364 4927 1476 5001 γὰρ
1505 4929 1638 5001 περὶ
1674 4930 1936 5001 χρήματα

341 5022 641 5090 διακονεῖν,
672 5020 770 5078 τοῦ
801 5023 933 5096 περὶ
956 5021 1312 5090 διδασκαλίαν
1357 5021 1604 5087 ἔλαττον,
1634 5021 1710 5087 ὡς
1742 5022 1838 5076 καὶ
1877 5022 1937 5078 ἐν

342 5118 466 5181 ταῖς
499 5117 738 5187 Πράξεσί
764 5134 929 5188 φασιν
1000 5119 1051 5172 οί
1095 5117 1408 5173 ἀπόστολον
1479 5136 1499 5171 ι
1548 5116 1664 5172 Οὐκ
1726 5115 1938 5184 ἔξεστιν

343 5212 504 5281 ἡμῖν,
529 5209 896 5264 καταλιποῦσι
910 5210 1003 5266 τὸν
1027 5210 1501 5282 λόγον,διακονεῖν
1549 5208 1875 5283 τραπέζαις.
1914 5229 1940 5263 ι

427 5321 446 5354 ι
524 5300 709 5371 Ἔγνω
750 5296 845 5355 οὖν
887 5301 1046 5372 ὄχλος
1093 5302 1260 5367 πολὺς
1317 5304 1383 5357 ἐκ
1450 5302 1558 5358 τῶν
1632 5302 1937 5370 Ἰουδαίων,

343 5398 429 5451 ὅτι
478 5396 599 5451 ἐκεῖ
653 5396 794 5462 ἐστι,
847 5396 942 5452 καὶ
978 5391 1146 5470 ἦλθον
1196 5398 1258 5454 οὐ
1305 5398 1398 5454 διὰ
1438 5405 1529 5454 τὸν
1564 5399 1771 5470 Ἰησοῦν
1842 5400 1941 5472 μό-

342 5507 461 5555 νον,
511 5489 628 5545 ἀλλ’
686 5490 775 5546 ἵνα
829 5493 926 5546 καὶ
953 5492 1048 5547 τὸν
1096 5489 1348 5563 Λάζαρον
1401 5491 1608 5555 ἴδωσιν,
1655 5491 1715 5545 ὃν
1775 5493 1937 5564 ἤγει-

349 5601 447 5654 ρεν
501 5584 567 5637 ἐκ
622 5583 856 5657 νεκρῶν.
940 5583 1366 5639 Ἐδουλεύσαντο
1417 5584 1474 5638 δὲ
1531 5585 1582 5639 οἱ
1634 5584 1935 5656 ἀρχιερεῖς,

348 5677 442 5731 ἵνα
476 5677 573 5730 καὶ
610 5677 700 5730 τὸν
748 5676 1000 5749 Λάζαρον
1032 5677 1459 5742 ἀποκτείνωσιν,
1505 5676 1589 5730 ὅτι
1631 5675 1818 5730 πολλοὶ⁵
1864 5677 1933 5730 δι’

346 5769 516 5825 αὐτὸν
554 5768 768 5839 ὑπῆγον
799 5769 912 5826 τῶν
954 5769 1248 5836 Ἰουδαίων,
1290 5771 1387 5825 καὶ
1417 5767 1704 5824 ἐπίστευον
1732 5770 1812 5831 είς
1840 5768 1932 5822 τὸν

363 5860 598 5932 Ἰησοῦν.
660 5880 680 5915 ι
749 5860 1109 5933 Εύγνὼμονες
1159 5856 1300 5932 ἦσαν
1338 5856 1506 5927 οῦτοι,
1566 5862 1615 5916 οί
1668 5861 1800 5930 πρὸς
1846 5861 1939 5913 τὸν

2024 3441 2377 3514 pecuniarum
2426 3436 2894 3509 dispensationem
2931 3433 2981 3489 ei
3033 3430 3281 3504 permisit
3311 3423 3615 3485 Dominus?

2025 3534 2254 3605 Propter
2289 3531 2432 3589 istud
2488 3532 2665 3601 ipsum
2694 3529 2840 3600 quod
2892 3527 2981 3583 fur
3029 3534 3174 3594 erat,
3212 3531 3270 3578 ut
3308 3534 3527 3578 omnem
3563 3518 3615 3574 ei

2024 3629 2368 3685 occasionem
2431 3625 2692 3683 auferret.
2751 3622 2870 3679 Non
2937 3621 3087 3677 enim
3147 3624 3362 3690 poterat
3431 3615 3618 3671 dicere

2025 3725 2169 3794 quod
2204 3731 2425 3792 propter
2467 3719 2816 3792 pecuniarum
2861 3728 3102 3772 amorem
3134 3727 3257 3768 eum
3295 3708 3613 3782 prodiderit.

2026 3817 2160 3871 Nam
2209 3815 2344 3871 satis
2389 3810 2776 3869 consolationis
2826 3824 2895 3865 ex
2947 3806 3222 3879 marsupio
3258 3804 3518 3868 habebat,
3562 3811 3618 3857 et

2031 3924 2206 3981 neque
2253 3907 2586 3978 marsupium
2640 3919 2838 3976 gerens
2882 3901 3057 3959 ﬁdelis
3108 3908 3249 3959 erat.
3297 3916 3316 3953 ι
3356 3896 3619 3953 Portabat

2028 4005 2196 4068 enim,
2235 4020 2254 4054 ι
2287 4002 2390 4057 hoc
2417 4009 2503 4055 est
2559 3999 2865 4066 iurabatur,
2904 4014 2923 4049 ι
2967 4009 3088 4066 quae
3121 3993 3475 4049 mittebantur
3505 4009 3525 4044 ι
3560 3998 3617 4046 et

2029 4097 2330 4166 sacrilegus
2373 4104 2513 4159 erat,
2559 4092 2614 4148 in
2653 4107 2813 4147 suum
2847 4104 3005 4147 usum
3042 4089 3262 4159 rapiens
3298 4100 3364 4141 ea
3404 4099 3525 4155 qua:
3560 4084 3616 4138 in

2031 4192 2274 4246 divinum
2294 4189 2581 4244 dabantur.
2599 4185 2837 4241 Audiant
2856 4182 3106 4253 sacrilegi
3130 4194 3359 4253 quarum
3385 4179 3620 4248 partium

2032 4288 2163 4341 sint.
2193 4283 2258 4339 Et
2286 4292 2449 4352 caput
2480 4280 2697 4336 malitia:
2722 4289 2831 4346 est,
2858 4277 3003 4350 quod
3039 4287 3225 4347 postea
3248 4273 3493 4331 vendidit
3515 4273 3623 4328 Do-

2036 4380 2264 4434 minum.
2300 4375 2466 4433 Vides
2506 4388 2618 4445 quo
2648 4372 2789 4428 ferat
2827 4369 3096 4427 avaritia?
3125 4368 3206 4423 Ad
3235 4367 3621 4440 proditionem.

2034 4474 2180 4528 Bene
2231 4471 2397 4541 igitur
2425 4467 2624 4525 Paulus
2663 4485 2685 4521 ι
2715 4465 2956 4522 radicem
3006 4463 3250 4520 omnium
3301 4459 3570 4519 malorum
3598 4477 3621 4513 ο

2041 4573 2181 4623 hanc
2209 4564 2425 4621 vocavit
2471 4565 2538 4629 ι’,
2569 4570 2755 4634 utpote
2799 4573 2922 4632 quae
2964 4556 3266 4629 prodiderit
3310 4553 3625 4618 Dominum,

2040 4670 2097 4713 et
2124 4658 2367 4727 quotidie
2401 4657 2503 4712 hoc
2531 4653 2719 4711 faciat.
2743 4650 2996 4710 Nonnulli
3019 4648 3187 4705 aiunt.
3207 4647 3330 4704 ideo
3359 4646 3625 4703 creditam

2041 4753 2194 4814 Iuda:
2248 4752 2601 4821 pecuniarum
2661 4746 3148 4817 dispensationem,
3206 4757 3308 4800 ceu
3358 4743 3627 4798 minorem

2042 4850 2184 4906 aliis.
2218 4845 2353 4902 Nam
2399 4843 2645 4915 pecuniis
2683 4842 2999 4899 ministrare
3028 4841 3209 4895 minus
3233 4848 3321 4895 est
3345 4851 3505 4907 quam
3530 4835 3630 4891 do-

2045 4942 2268 5007 ctrinae;
2292 4940 2433 4995 sicut
2459 4947 2515 4994 et
2539 4937 2593 4993 in
2614 4936 2769 4992 Actis
2796 4935 2989 4993 dicunt
3014 4931 3245 5006 apostoli
3271 4948 3284 4986 :
3312 4949 3333 4984 ι
3361 4928 3480 4986 Νοιι
3500 4929 3631 4985 licet

2047 5034 2206 5091 nobis
2229 5033 2420 5090 relicto
2454 5044 2709 5088 sermone
2734 5029 3054 5087 ministrare
3076 5026 3286 5084 mensis
3311 5024 3378 5083 “.
3414 5042 3434 5077 ι

2117 5310 2282 5368 Vens.
2322 5310 2357 5367 9
2393 5309 2485 5365 11.
2525 5328 2545 5363 ι
2601 5307 2871 5378 Cognovit
2940 5319 3075 5377 ergo
3129 5302 3289 5359 turba
3337 5299 3504 5357 multa
3560 5313 3631 5357 ex

2043 5405 2247 5463 Iudaeis
2285 5403 2429 5475 quod
2460 5410 2608 5459 esset
2633 5401 2744 5458 illic
2775 5409 2874 5459 :et
2929 5405 3197 5455 venerunt
3244 5410 3356 5453 non
3413 5403 3635 5466 propter

2044 5498 2226 5556 Jesum
2250 5506 2482 5562 tantum,
2507 5493 2606 5551 sed
2659 5502 2720 5550 ut
2775 5491 3045 5548 Lazarum
3106 5505 3323 5561 quoque
3364 5490 3632 5552 viderent,

2046 5605 2206 5662 quem
2238 5589 2599 5645 suscitaverat
2630 5602 2660 5642 a
2692 5585 2943 5643 mortuis.
3005 5583 3400 5640 Consultabant
3454 5591 3634 5638 autem

2046 5678 2319 5750 principes
2351 5677 2697 5737 sacerdotum
2736 5683 2795 5731 ut
2819 5686 2875 5733 et
2936 5673 3207 5750 Lazarum
3241 5675 3634 5741 interﬁcerent,

2047 5770 2171 5840 quia
2202 5769 2353 5825 multi
2384 5777 2602 5841 propter
2629 5768 2777 5824 illum
2811 5768 3036 5827 abibant
3062 5785 3129 5826 ex
3161 5768 3383 5832 Iudaeis.
3413 5778 3470 5824 et
3515 5782 3636 5823 cre-

2046 5864 2246 5921 debant
2280 5864 2332 5920 in
2353 5861 2559 5921 Jesum.
2594 5879 2615 5916 ι
2643 5862 2897 5921 Benevoli
2922 5863 3137 5921 luerunt
3160 5864 3212 5919 bi
3234 5864 3324 5935 qui
3356 5861 3423 5917 ad
3449 5858 3633 5917 Jcsum

437 6043 479 6075 “
524 6042 716 6101 Matth.
772 6044 992 6111 xxv1,8.
1073 6044 1113 6077 “
1150 6041 1343 6102 l'l‘im.
1378 6058 1453 6112 vt,
1490 6043 1575 6100 l0.
1660 6042 1841 6099 “Act.
1888 6057 1961 6114 vt,
1984 6041 2039 6098 ‘2.
