4060 6578
1804 308 1839 323 κ

463 452 560 518 ili

1332 463 1907 526 THEOPHYL.\CTl
1955 464 2046 523 ΒΕ
2060 464 2362 525 LGAR‘l/E
2402 468 2754 528 ARCIIIEP.

3576 458 3675 522 i20

452 579 740 632 venerum,
783 580 841 628 et
885 585 989 626 non
1046 571 1189 628 sicut
1237 574 1351 642 alii,
1399 576 1645 633 malevoli
1705 586 1759 634 et
1820 576 2021 632 insani.

2130 578 2336 648 Κύριον
2376 578 2644 640 ἐλθόντες.
2682 579 2775 632 καὶ
2803 578 2923 648 οὐχὶ
2950 576 3089 631 κατὰ
3115 576 3238 639 τοὺς
3266 576 3482 638 λοιποὺς
3516 576 3696 642 ἀγνώ-

459 684 477 713 ι
512 661 776 718 Venerunt
812 664 979 727 enim,
1007 666 1320 734 inquit,nou
1346 679 1568 740 propter
1586 668 1765 724 Jcsnm
1790 679 2021 735 tantum,

453 754 549 808 sed
572 763 701 808 utet
744 754 1009 809 Lazarum
1060 758 1325 815 viderent.
1385 778 1404 812 ι
1461 758 1596 814 Nam
1657 774 1779 816 cum
1837 775 2022 815 revera

454 843 745 899 maximum
771 846 1084 902 miraculum
1147 860 1314 914 esset,
1367 853 1515 907 multi
1565 854 1853 921 cupiebant
1906 854 2023 923 ejus

451 936 543 1006 qui
566 949 1226 1009 surrexeratspectatores
1252 945 1363 998 fieri
1391 965 1405 1001 :
1432 946 1676 1002 fortassis
1700 956 2022 1011 eXSpectan-

450 1034 532 1083 tes
561 1029 748 1084 audire
790 1047 819 1086 a
857 1031 1063 1087 Lazaro
1101 1036 1166 1089 de
1195 1036 1263 1091 iis
1284 1052 1402 1106 qua:
1432 1038 1483 1091 in
1509 1037 1736 1093 inferno.
1765 1038 2020 1092 Pharisaei

449 1129 626 1173 autem
654 1118 771 1174 'tam
807 1114 1084 1177 inhumani
1114 1135 1292 1190 erant,
1342 1137 1399 1181 ut
1444 1142 1549 1180 non
1595 1127 1765 1181 solum
1814 1126 2017 1192 Iesum,

451 1210 616 1264 sedet
645 1210 907 1266 Lazarum
939 1214 1185 1269 occidere
1216 1227 1492 1284 cuperent,
1523 1232 1586 1270 eo
1646 1217 1786 1285 (μιοά
1840 1216 2023 1271 multis

451 1310 639 1378 auctor
672 1301 863 1357 salutis
898 1305 1069 1370 ﬁeret,
1103 1315 1154 1361 et
1201 1308 1462 1362 miraculo
1486 1324 1582 1362 suo
1612 1308 1677 1361 ad
1709 1309 1864 1362 ﬁdem
1891 1308 2023 1362 sim-

450 1391 703 1461 pliciores
718 1393 1028 1452 adduceret.
1054 1398 1129 1450 Ita
1159 1400 1298 1468 apud
1320 1400 1436 1453 illos
1461 1401 1660 1453 crimen
1691 1411 1825 1467 erat,
1857 1401 1900 1455 si
1934 1401 2018 1455 cui

452 1485 774 1542 henetieret:
808 1488 913 1542 imo
939 1488 1041 1544 hoc
1060 1490 1197 1545 male
1227 1490 1458 1546 habebat
1488 1507 1603 1556 eos,
1626 1493 1768 1561 quod
1789 1493 2022 1546 instante

451 1575 538 1631 die
564 1577 700 1632 festo
733 1593 920 1635 omnes
951 1584 1016 1635 ad
1048 1581 1366 1638 Bethaniam
1398 1595 1699 1650 currerent,
1727 1584 2023 1653 tierentque

452 1667 730 1725 auditores
764 1671 1031 1738 miraculi,
1062 1683 1114 1729 et
1147 1683 1476 1743 spectatores
1504 1676 1622 1746 ejus
1649 1677 1739 1747 qui
1782 1691 2021 1731 resurre-

451 1769 625 1815 XCI‘GL

521 1944 682 1997 Vrsas.
730 1943 935 2008 12,13.
972 1964 991 1997 ι
1024 1944 1247 2003 l’ostero
1305 1948 1411 2015 die,
1467 1951 1622 2006 turba
1681 1950 1846 2006 multa
1903 1921 2098 2021 quaeB

450 2036 756 2089 veneratad
791 2036 932 2090 diem
964 2037 1318 2105 festum,cnm
1342 2040 1777 2112 audissentquod
1809 2045 2023 2100 veniret

448 2122 604 2180 Iesus
632 2124 1088 2200 Hierosolymam,
1122 2140 1444 2200 acceperunt
1468 2133 1632 2205 672
1684 2150 1863 2190 ramos
1910 2135 2023 2208 pal-

453 2231 685 2281 marum,
711 2229 765 2273 et
790 2231 1172 2288 processerunt
1195 2223 1407 2278 obviam
1449 2226 1521 2288 ci,
1554 2236 1610 2281 et
1663 2227 1970 2282 clamabant
2004 2247 2018 2283 :

453 2307 727 2374 llosanna,
760 2310 1078 2368 benedictus
1114 2313 1204 2382 qui
1249 2317 1394 2371 venit
1429 2317 1481 2371 in
1518 2320 1732 2374 nomine
1789 2321 2018 2390 Domini,

454 2417 549 2455 rex
575 2399 756 2459 lsrael.
780 2422 799 2458 ι
827 2404 1291 2474 Cumsecessisset
1309 2411 1581 2477 paululum
1603 2413 1656 2467 in
1680 2413 2021 2472 solitudinem

451 2495 733 2561 Dominus,
793 2507 851 2552 ut
902 2500 1264 2571 restingueret
1320 2501 1559 2558 furorem
1608 2506 2020 2573 homicidarum,

452 2585 647 2642 iterum
679 2587 847 2646 libere
908 2593 1137 2656 accedit.
1198 2603 1252 2646 et
1310 2594 1561 2650 omnibus
1625 2596 2019 2652 manifestatur.

452 2680 686 2735 instabat
708 2682 852 2736 enim
886 2690 1014 2737 tunc
1040 2691 1250 2754 tempus
1287 2686 1580 2754 passionis,
1624 2696 1678 2743 et
1722 2703 1826 2743 non
1884 2689 2023 2745 ultra

452 2774 740 2840 oportebat
765 2789 887 2829 eum
918 2776 1109 2839 latere,
1134 2780 1228 2834 sed
1259 2779 1388 2835 dare
1415 2795 1475 2837 se
1498 2795 1598 2851 pro
1621 2781 1791 2837 salute
1817 2784 2022 2839 mundi.

453 2861 590 2918 Vide
638 2870 819 2920 autem
880 2870 1321 2938 consequentiam
1375 2872 1666 2943 passionis.
1733 2871 2026 2929 Suscitavit

453 2953 740 3022 Lazarum,
766 2958 1028 3014 miraculo
1060 2962 1165 3016 hoc
1195 2963 1429 3018 maximo
1457 2967 1697 3020 omnium
1744 2967 1810 3021 ad
1864 2966 2022 3021 ﬁnem

453 3060 731 3105 reservato
768 3065 865 3106 :ea
899 3061 1117 3122 propter
1152 3055 1306 3109 multi
1355 3056 1696 3113 continebant
1728 3068 1783 3113 et
1835 3061 2025 3114 crede-

448 3139 583 3194 bant
615 3141 997 3198 :credentibus
1030 3145 1213 3200 multis
1239 3149 1407 3214 major
1433 3148 1756 3203 nascebatur
1780 3150 1977 3204 invidia
2005 3168 2018 3205 :

2130 688 2292 741 μονες
2330 672 2427 725 καὶ
2458 670 2779 733 λυττῶντες.
2819 689 2838 722 ι
2876 666 3080 723 Ἷιλθον
3110 668 3242 739 γὰρ,
3287 669 3471 736 φησὶν,
3517 667 3580 720 οὐ
3608 667 3698 721 διὰ

2124 765 2216 816 τὸν
2254 763 2459 834 Ἰησοῦν
2489 766 2669 835 μόνον,
2695 763 2808 818 ἀλλ’
2837 764 2923 817 ἵνα
2946 764 3039 817 καὶ
3067 762 3158 815 τδν
3186 758 3439 830 Λάζαρον
3468 759 3641 813 ῐόωσι.
3669 778 3691 811 ι

2124 855 2216 924 Τῷ
2259 855 2500 925 όντιγὰρ
2556 856 2815 926 μεγίστου
2852 853 2948 909 τοῦ
2991 852 3269 923 θαύματος
3306 850 3460 914 ὄντος
3510 848 3697 903 πολλοὶ

2122 947 2413 1018 ἠϐούλοντο
2441 948 2628 1002 θεαταὶ
2689 947 2940 1015 γενέσθαι
2996 945 3090 999 τοῦ
3147 943 3501 1005 ἀναστάντος,
3563 942 3695 1005 ῐσως

2126 1036 2530 1107 προσδοκῶντές
2554 1055 2606 1091 τι
2645 1037 2740 1091 καὶ
2764 1037 2890 1107 περὶ
2920 1036 3027 1089 τῶν
3058 1037 3113 1088 ἐν
3141 1034 3219 1103 τῷ
3273 1028 3375 1104 ᾅδῃ
3419 1030 3572 1102 παρὰ
3599 1028 3696 1083 τοῦ

2122 1130 2376 1200 Λαζάρου
2406 1131 2758 1185 ἀκούσεσθαι.
2796 1129 2858 1183 0i
2883 1128 2941 1183 δὲ
2986 1129 3274 1198 Φαρισαῖοι
3308 1123 3483 1187 οὕτως
3518 1123 3697 1175 ἀπαν-

2124 1224 2357 1295 θρώπως
2387 1221 2559 1295 εἶχον,
2608 1222 2750 1277 ὥστε
2790 1224 2852 1276 ού
2896 1221 3056 1292 μόνον
3083 1220 3174 1274 τὸν
3235 1217 3442 1288 Ἰησοῦν
3495 1215 3693 1278 θέλειν,

2123 1318 2260 1371 ἀλλὰ
2286 1318 2379 1370 καὶ
2406 1317 2497 1369 τὸν
2518 1314 2770 1386 Λάζαρον
2794 1315 3136 1376 ἀποκτεῖναι,
3159 1310 3294 1365 διότι
3323 1307 3495 1372 αἴτιος
3520 1323 3695 1376 σωτη-

2127 1409 2246 1480 ρίας
2279 1408 2492 1472 πολλοῖς
2517 1408 2756 1477 ἐγένετο,
2800 1406 2877 1477 τῷ
2928 1406 3056 1473 περὶ
3087 1403 3250 1459 αὑτὸν
3288 1401 3526 1469 θαύματι
3559 1398 3698 1471 πρὸς

2123 1502 2222 1572 τὴν
2293 1502 2475 1555 πίστιν
2533 1501 2874 1569 ἐπαγόμενος
2915 1499 3041 1561 τοὺς
3089 1495 3486 1565 άδολωτέρους⁹
3520 1491 3697 1553 οὕτως

2123 1594 2377 1665 ἔγκλημα
2399 1595 2529 1663 παρ’
2558 1594 2743 1656 αὐτοῖς
2785 1588 2854 1663 ἦν
2892 1590 2984 1645 καὶ
3015 1589 3075 1642 τὸ
3098 1587 3278 1650 καλῶς
3317 1586 3529 1639 παθεῖν.
3568 1584 3696 1637 Μά-

2123 1686 2280 1741 λιστα
2302 1687 2357 1739 δὲ
2391 1686 2613 1739 ἔδακνεν
2637 1685 2835 1746 αὐτοὺς
2857 1683 2937 1746 τὸ,
2957 1682 3055 1751 τῆς
3083 1679 3277 1749 ἑορτῆς
3310 1674 3715 1745 ὲνισταμένης,’

2124 1781 2332 1842 πάντας
2365 1778 2458 1832 ἐπὶ
2481 1779 2582 1846 τὴν
2607 1777 2876 1845 Βηθανίαν
2904 1776 3142 1845 τρέχειν,
3175 1772 3268 1826 καὶ
3287 1768 3561 1842 ἀκροατὰς
3596 1765 3693 1821 τοῦ

2125 1873 2404 1943 θαύματος
2431 1872 2528 1925 καὶ
2565 1870 2840 1932 αὐτόπτας
2891 1868 2985 1923 τοῦ
3040 1863 3373 1927 ἀναστάντος
3416 1859 3688 1929 γίνεσθαι.
3787 1904 3800 1911 .

2130 1986 2151 2021 t
2192 1967 2270 2037 Τῇ
2309 1965 2572 2035 ἐπαύριον
2600 1962 2754 2034 ὄχλος
2790 1962 2958 2024 πολὺς
2986 1962 3014 2029 ό
3044 1959 3212 2013 ἐλθὼν
3234 1960 3313 2022 εἰς
3350 1960 3450 2026 τὴν
3474 1954 3692 2025 ἑορτὴν,

2128 2046 2458 2119 ἀκούσαντες
2471 2055 2551 2109 ὅτι
2568 2054 2825 2125 ἕρχεταιὸ
2853 2050 3154 2122 Ἰησοῦςείς
3181 2046 3556 2120 Ἰεροσόλυμα.
3575 2043 3698 2097 ἐλα-

2125 2150 2219 2204 σον
2244 2150 2312 2202 τὰ
2338 2148 2467 2220 βαΐα
2497 2146 2604 2200 τῶν
2621 2145 2899 2214 φοινίκων,
2923 2143 3018 2196 καί¹
3036 2140 3258 2208 ἐξῆλθον
3283 2140 3365 2201 εἰς
3388 2137 3696 2205 ὑπάντησιν

2126 2242 2314 2303 αὑτοῦ,
2343 2241 2438 2293 καὶ
2473 2236 2741 2309 ἔκραζονο
2778 2235 2867 2298 Ὠς
2897 2232 3052 2297 άννὰ,
3087 2228 3451 2300 εὐλογημένος
3480 2228 3509 2279 ὁ
3542 2222 3700 2295 ἐρχό-

2132 2350 2290 2405 μενος
2337 2334 2395 2385 ἐν
2425 2331 2649 2399 ὀνόματι
2678 2327 2909 2399 Κυρίου,
2958 2324 3207 2394 βασιλεὺς
3250 2322 3344 2376 τοῦ
3389 2316 3625 2390 Ἰσραήλ.

2138 2403 2528 2497 Ἆναχωρήσας
2567 2422 2762 2494 μικρὸν
2814 2420 2894 2483 εἰς
2925 2418 3025 2490 τὴν
3050 2415 3254 2488 ἔρημον
3297 2414 3326 2466 ὁ
3369 2408 3575 2480 Κύριος
3602 2403 3696 2459 διὰ

2125 2518 2189 2573 τὸ
2251 2516 2587 2571 κατασϐέσαι
2632 2513 2721 2567 τὸν
2765 2511 2936 2580 Θυμὸν
2973 2509 3080 2562 τῶν
3138 2504 3459 2578 μιαιφόνων,
3532 2499 3698 2556 πάλιν

2128 2609 2413 2683 παρρησίᾳ
2436 2608 2764 2678 εἰσέρχεται,
2789 2605 2887 2658 καὶ
2918 2604 3080 2657 πᾶσιν
3104 2595 3485 2670 ἐμφανίζεται.
3529 2593 3699 2683 Ἑνει·

2131 2681 2319 2773 στηκει
2347 2700 2455 2771 γάρ
2486 2698 2673 2753 λοιπὸν
2695 2700 2723 2752 ὁ
2749 2696 2941 2765 καιρὸς
2980 2692 3076 2747 τοῦ
3104 2691 3330 2751 πάθους,
3362 2687 3454 2740 καὶ
3483 2684 3581 2737 οὐκ
3615 2681 3698 2733 ἔτι

2128 2798 2237 2852 ἔδει
2264 2795 2424 2849 αὐτὸν
2458 2790 2819 2865 κρύπτεσθαι,
2854 2787 2968 2841 ἀλλ’
3020 2786 3156 2857 ὑπὲρ
3210 2783 3308 2851 τῆς
3337 2779 3431 2873 τοῦ
3460 2775 3699 2873 Δκόσμου

2130 2886 2405 2958 σωτηρίας
2459 2882 2652 2938 ἐαυτὸν
2701 2879 2907 2934 δοῦναι.
2941 2875 3087 2946 Ὅρα
3117 2874 3224 2943 γὰρ
3254 2866 3575 2925 ἀκολουθίαν
3602 2866 3700 2916 τοῦ

2129 2980 2336 3042 πάθους
2355 2994 2370 3009 ⁸
2424 2974 2717 3045 ’Δνέστησε
2738 2972 2830 3025 τὸν
2851 2970 3131 3041 Λάζαρον,
3170 2963 3357 3033 θαῦμα
3392 2958 3700 3014 τελευταῖον

2127 3070 2287 3127 τοῦτο
2349 3069 2599 3140 τηρήσας
2647 3065 2708 3121 τὸ
2780 3065 2999 3119 πάντων
3056 3059 3343 3130 μέγιστον·
3393 3055 3459 3107 ἐκ
3504 3050 3699 3104 τούτου

2131 3163 2316 3218 πολλοὶ
2353 3161 2675 3229 συνέτρεχον
2726 3155 2821 3209 καὶ
2861 3153 3143 3208 ἐπίστευον
3164 3167 3178 3182 °
3204 3152 3268 3202 ἐκ
3298 3144 3390 3200 τοῦ
3422 3140 3703 3197 πιστεύειν

451 3231 712 3288 invidiam
738 3244 917 3289 autem
949 3248 1147 3293 secutae
1182 3249 1309 3292 sunt
1344 3239 1551 3295 insidiae
1588 3250 1643 3297 et
1695 3256 1846 3296 crux.
1889 3241 2026 3296 Dicit

2130 3255 2379 3319 πολλοὺς,
2408 3256 2436 3308 ό
2461 3252 2653 3321 φθόνος
2685 3248 2887 3319 μείζων
2910 3263 2923 3275 ·
2955 3248 3019 3299 ἐκ
3057 3245 3114 3298 δὲ
3147 3241 3336 3297 τούτου
3363 3242 3395 3310 ἠ
3441 3236 3699 3304 ἐπιϐουλὴ

451 3328 597 3380 extim
625 3343 640 3382 :
666 3345 686 3380 ι
721 3327 853 3383 Cum
883 3330 1352 3386 audissentturba:
1374 3333 1516 3400 quod
1548 3334 1758 3386 veniret
1789 3330 1966 3395 Jesus,
2001 3348 2021 3383 ι

453 3432 809 3476 occurrerunt
837 3423 884 3478 ei
907 3437 1028 3478 cum
1050 3424 1239 3494 gloria,
1258 3434 1475 3495 propter
1497 3424 1814 3480 miraculum
1838 3423 2025 3479 Lazari

452 3510 716 3581 majorem
744 3512 817 3567 illi
871 3514 1240 3582 impendentes
1284 3516 1544 3569 honorem
1579 3529 1740 3584 quam
1822 3515 2027 3569 homini

456 3618 592 3673 puro
616 3606 890 3659 debeatur.
916 3604 1029 3660 Non
1052 3606 1194 3661 enim
1216 3606 1360 3659 ultra
1393 3613 1451 3658 ut
1489 3605 1805 3673 pr0phetam
1866 3605 2031 3661 habe-

452 3698 584 3753 bant
612 3698 779 3753 illum.
809 3698 983 3766 Quem
1011 3699 1155 3753 enim
1187 3700 1568 3770 prophetarum
1615 3709 1797 3769 patres
1841 3714 2027 3754 eorum

454 3790 535 3843 sic
559 3789 801 3843 venerati
842 3800 966 3844 sunt
1014 3792 1142 3844 olim
1176 3807 1413 3861 unquam
1436 3790 1460 3845 ?
1481 3790 1635 3847 Unde
1662 3791 2027 3847 etdiccbant:

460 3900 479 3932 ι
520 3879 790 3947 “osanna,
812 3880 1126 3937 benedictus
1141 3885 1230 3953 qui
1253 3885 1396 3937 venit
1424 3884 1477 3937 in
1496 3883 1712 3937 nomine
1739 3882 1972 3938 Domini.
2005 3901 2025 3933 ι

458 3973 537 4027 Ex
572 3973 656 4027 his
723 3984 900 4028 autem
932 3974 1111 4029 verbis
1161 3976 1461 4044 eoiligimus
1526 3975 1758 4045 primum
1815 3976 2029 4044 quidem

456 4068 600 4137 quod
644 4067 790 4123 Deus
843 4071 935 4124 sit.
989 4069 1122 4124 Nam
1159 4088 1177 4123 ι
1247 4069 1501 4126 Hosanna
1537 4090 1557 4124 ι
1622 4071 2029 4141 interpretatur,

458 4160 642 4226 Salva,
677 4160 926 4229 obsecro,
958 4163 1096 4216 sicut
1117 4172 1170 4217 et
1195 4164 1246 4216 in
1266 4164 1565 4218 centesimo
1580 4165 1786 4217 decimo
1804 4163 2033 4231 septimo

458 4255 672 4310 Psalmo
704 4271 733 4309 a
757 4254 897 4309 LXX
928 4258 978 4311 in
1004 4255 1250 4312 Graecum
1282 4272 1493 4311 versum
1519 4267 1622 4323 est,
1652 4256 1738 4310 ubi
1773 4255 2033 4309 ilebraice

454 4349 664 4403 habet:
701 4367 721 4400 ι
760 4347 1037 4413 “osanna,
1071 4365 1090 4399 ι
1122 4347 1314 4404 Graece
1353 4348 1553 4404 dicitur
1589 4369 1601 4403 :
1640 4366 1659 4400 ι
1707 4345 1752 4403 Ο
1781 4347 2029 4414 Domine,

454 4443 630 4507 salva,
652 4440 899 4497 obsecro.
935 4460 954 4493 ι
1000 4440 1223 4497 Salvare
1246 4451 1425 4496 autem
1468 4440 1640 4496 solius
1673 4440 1768 4495 Dei
1819 4451 1905 4496 est
1936 4461 1952 4494 :
1979 4451 2034 4497 et

452 4537 526 4590 ad
559 4538 733 4604 ipsum
765 4535 965 4590 dictum
1030 4545 1114 4591 est
1144 4554 1159 4591 :
1188 4555 1206 4587 ι
1244 4536 1403 4590 Sat-va
1438 4550 1558 4601 nos,
1622 4535 1842 4589 Domine
1895 4534 2033 4590 Dens

2133 3351 2228 3403 καὶ
2252 3346 2571 3418 ’6,σταυρός.
2614 3363 2633 3396 ι
2668 3342 3030 3404 Ἀκούσαντες
3080 3338 3210 3409 γάρ,
3242 3335 3427 3406 φησιν,
3456 3333 3506 3385 οἱ
3550 3330 3700 3400 ὄχλοι

2130 3443 2212 3502 ὅτι
2242 3441 2460 3511 ἔρχεται
2493 3441 2521 3492 ό
2576 3434 2803 3507 Ἰησοῦς,
2855 3453 2872 3483 ι
2914 3433 3230 3501 ὑπήντησαν
3262 3425 3411 3494 αὐτῷ
3445 3423 3580 3494 μετὰ
3611 3419 3709 3473 δός

2133 3534 2250 3601 ξης,
2285 3530 2373 3586 διὰ
2404 3530 2466 3585 τὸ
2507 3528 2601 3582 ἐπὶ
2632 3526 2709 3599 τῷ
2761 3525 2997 3596 Δαζάρῳ
3052 3521 3235 3592 θαῦμα
3276 3517 3492 3578 πάντως
3532 3511 3698 3581 τιμὴν

2131 3622 2281 3693 αὐτῷ
2323 3621 2688 3690 ἀπονέμοντες
2753 3617 2946 3688 μείζω,
2998 3616 3032 3686 ἦ
3085 3612 3227 3667 κατά
3274 3611 3371 3679 τὴν
3426 3604 3705 3675 ἀνθρώπῳ

2130 3713 2488 3785 ὀφειλομένην
2515 3711 2675 3782 ψιλῷ.
2712 3711 2825 3764 Οὐκ
2854 3708 2935 3762 ἔτι
2972 3707 3082 3779 γάρ
3111 3705 3272 3759 αὑτὸν
3305 3703 3380 3765 ὥς
3411 3699 3700 3771 προψήτην

2132 3808 2278 3881 εἶχον
2303 3823 2315 3836 ·
2346 3806 2468 3860 ἐπεὶ
2494 3807 2645 3858 ποῖον
2679 3804 2960 3873 προφήτην
2990 3799 3159 3861 οὕτως
3179 3799 3228 3851 οἱ
3261 3794 3496 3865 πατέρες
3521 3790 3705 3844 αὐτῶν

2130 3900 2459 3973 τετιμήκασι
2487 3914 2655 3961 ποτε;
2701 3895 2866 3951 Ὅθεν
2896 3886 3021 3947 ’καὶ
3082 3893 3297 3960 ἔλεγονο
3341 3907 3360 3940 ι
3413 3885 3501 3949 Ὠς
3541 3881 3699 3944 ἀννὰ,

2134 3988 2498 4061 εὐλογημένος
2529 3990 2556 4043 ὁ
2598 3988 2891 4058 ἐρχόμενος
2932 3987 2988 4037 ἐν
3019 3982 3244 4051 ὀνόματι
3281 3977 3511 4050 Κυρίου.
3542 3994 3560 4026 ι
3604 3974 3707 4028 Ἐκ

2131 4084 2189 4138 δὲ
2215 4083 2418 4137 τούτων
2442 4080 2550 4133 τῶν
2573 4079 2833 4152 ῥημάτων
2858 4072 3306 4144 συλλογιζόμεθα,
3337 4071 3553 4139 πρῶτον
3579 4065 3699 4135 μὲν,

2134 4175 2216 4227 ὅτι
2247 4173 2379 4234 Θεός
2414 4172 2561 4224 ἐστι·
2628 4168 2687 4223 τὸ
2719 4169 2852 4239 γάρ,
2905 4186 2925 4218 ι
2983 4168 3070 4228 '0;
3113 4163 3268 4225 άννά,
3307 4182 3325 4214 ι
3374 4155 3697 4228 Σῶσονδὴ.

2134 4260 2516 4333 ἑρμηνεύεται.
2535 4260 2609 4323 ὡς
2632 4261 2724 4312 καὶ
2757 4259 2815 4310 ἐν
2845 4256 2922 4327 τῷ
2948 4251 3227 4322 ἑκατοστῷ
3256 4246 3704 4315 ἐπτακαιξεκάτῳ

2132 4354 2333 4425 ψαλμῷ
2358 4350 2510 4422 παρὰ
2532 4350 2641 4403 τῶν
2673 4349 3078 4419 Ἐεδομήκοντα
3096 4340 3471 4414 ἐξελληνισθὲν
3498 4339 3699 4390 κεῖται·

2132 4444 2227 4499 τοῦ
2275 4445 2387 4516 γὰρ
2438 4437 2755 4512 Ἐδραῖκοῦ,
2809 4457 2827 4490 ι
2903 4436 2992 4499 Ὦς
3050 4432 3206 4497 ἁννὰ,
3279 4450 3297 4483 ι
3351 4431 3586 4501 ἔχοντος,
3643 4425 3707 4479 τὸ

2147 4537 2477 4610 Ἑλληνικὸν,
2544 4552 2567 4585 ι
2616 4530 2688 4588 '0
2724 4531 2918 4603 Κύριε,
2967 4528 3140 4583 σῶσον
3173 4528 3259 4596 δὴ,
3295 4544 3314 4577 ι
3366 4524 3499 4594 ἔχει.
3545 4522 3617 4574 Τὸ
3647 4520 3704 4573 δὲ

460 4636 666 4697 noster;
699 4647 718 4682 ι
752 4637 806 4682 et
832 4644 900 4682 ex
945 4627 1198 4683 omnibus
1232 4629 1364 4682 locis
1409 4628 1682 4697 collegerit
1715 4628 1839 4700 quis
1888 4631 2027 4696 quod

2138 4630 2333 4694 σώζειν
2362 4627 2460 4681 τοῦ
2489 4626 2623 4681 Θεοῦ
2652 4626 2811 4696 μόνου
2834 4623 2974 4684 ἐστὶ,
3010 4621 3107 4675 καὶ
3129 4618 3269 4689 ’προς
3290 4616 3456 4670 αὑτὸν
3486 4613 3705 4685 εἴρηται

458 4719 688 4772 salutem
748 4718 847 4772 soli
886 4716 995 4773 Deo
1014 4717 1291 4786 Scriptura
1323 4718 1543 4772 tribuat.
1577 4717 1741 4786 Igitur
1798 4718 2029 4786 primum

450 4810 677 4877 quidem
732 4810 837 4867 hoc
888 4811 1201 4874 ostendunt,
1240 4810 1384 4866 dicta
1426 4811 1594 4865 David
1658 4812 1757 4882 ipsi
1816 4810 2032 4867 Christo

456 4904 838 4970 attribuentes,
871 4906 1013 4973 quod
1039 4904 1182 4959 Deus
1203 4906 1310 4970 sit;
1343 4905 1540 4960 deinde
1562 4907 1704 4975 qnod
1738 4913 1792 4958 et
1814 4904 2033 4973 proprie

466 5001 623 5053 Deus.
648 4996 787 5051 Nam
821 5017 843 5050 ‹
879 4998 984 5064 Qui
1016 4998 1181 5064 venit,
1212 5014 1236 5050 ο
1273 4999 1467 5068 inquit,
1511 5013 1614 5052 non
1644 4997 1743 5064 Qui
1792 4998 2031 5053 ducitur.

459 5088 594 5145 Nam
646 5090 748 5145 hoc
781 5091 1061 5146 servitutis
1096 5099 1197 5157 est,
1231 5089 1358 5144 illud
1405 5099 1580 5145 autem
1607 5090 1910 5158 potestatis.
1940 5089 2031 5142 Di-

463 5181 634 5239 cendo
646 5197 777 5239 vero
799 5199 816 5240 :
844 5201 863 5235 ι
889 5183 944 5237 ln
965 5182 1182 5237 nomine
1201 5182 1431 5248 Domini,
1454 5202 1471 5234 ι
1494 5182 1637 5237 istud
1660 5183 1833 5252 ipsum
1856 5181 2032 5246 docet,

457 5278 604 5346 quod
630 5277 743 5347 ipse
764 5290 924 5332 vers
940 5276 1018 5330 sit
1046 5276 1189 5330 Deus
1213 5290 1229 5343 ;
1264 5290 1372 5330 non
1404 5275 1549 5330 enim
1585 5275 1771 5331 dicunt
1794 5289 1918 5328 eum
1940 5287 2034 5327 ve-

460 5371 580 5424 nire
611 5369 664 5423 in
695 5369 916 5424 nomine
934 5369 1101 5435 servi,
1131 5371 1232 5422 sed
1258 5367 1495 5423 Domini.
1536 5367 1602 5422 Et
1630 5368 1854 5437 insuper
1885 5380 2037 5422 asse-

468 5473 590 5515 runt
617 5461 758 5531 quod
792 5476 895 5516 non
927 5462 999 5517 sit
1040 5460 1394 5515 adversarius
1426 5459 1555 5524 Deo,
1586 5461 1678 5515 sed
1736 5461 1788 5514 in
1816 5459 2035 5513 nomine

466 5551 641 5605 l’atris
670 5552 902 5613 venerit,
938 5549 1077 5603 sicut
1100 5558 1155 5604 et
1189 5550 1301 5619 ipse
1326 5546 1586 5601 Dominus
1615 5547 1790 5618 inquit
1821 5564 1841 5601 ιη
1868 5564 1887 5599 ι
1926 5547 2035 5616 Ego

460 5642 583 5697 veni
627 5641 680 5697 in
707 5640 1119 5697 nominePatris
1149 5642 1273 5706 mei,
1304 5640 1448 5695 alius
1501 5650 1681 5692 autem
1738 5638 1916 5693 veniet
1979 5639 2034 5694 in

462 5738 681 5796 nomine
699 5756 818 5797 suo.
865 5758 885 5792 ι
948 5740 1119 5797 Porro
1170 5754 1354 5813 regem
1422 5739 1587 5794 Israel
1629 5735 2037 5806 appellaverunt

461 5848 609 5897 eum,
638 5833 884 5890 fortassis
911 5833 1170 5888 sensibile
1191 5832 1457 5901 quoddam
1482 5843 1708 5897 regnum
1735 5826 2037 5894 imaginan-

464 5932 546 5980 tes
578 5942 592 5981 :
622 5925 1007 5995 exspectabant
1029 5924 1173 5981 enim
1198 5934 1255 5979 ut
1279 5931 1525 5995 surgeret
1553 5935 1646 5977 rex
1678 5918 1850 5990 major
1874 5932 2035 5988 supra

2132 4722 2215 4784 τδ.
2233 4740 2251 4773 ι
2286 4720 2465 4775 Σῶσον
2492 4719 2662 4789 ἡμᾶς,
2694 4716 2933 4787 Rupta-,6
2956 4713 3087 4776 Θεὸς
3114 4711 3292 4781 ἡμῶν.
3324 4728 3343 4761 ι
3366 4708 3477 4762 Kal
3501 4724 3707 4761 πάντα-

2131 4815 2291 4886 χόθεν
2322 4812 2390 4867 ἂν
2453 4807 2832 4880 συνελογίσατό
2885 4820 2989 4871 τις,
3042 4806 3253 4874 ὃτιτὴν
3306 4802 3577 4874 σωτηρίαν
3625 4800 3708 4886 τῷ

2134 4903 2253 4973 Θεῷ
2317 4903 2533 4973 μόνῳή
2604 4899 2797 4972 Γραφὴ
2827 4895 3140 4965 ἀνατίθησι.
3194 4891 3415 4963 Πρῶτον
3459 4892 3556 4960 μὲν
3609 4885 3707 4943 οὖν

2134 5002 2293 5056 τοῦτο
2317 4999 2656 5054 δεικνύουσιν
2706 4999 2759 5050 οἱ
2790 4996 2859 5048 τὰ
2895 4992 2991 5048 τοῦ
3034 4990 3202 5047 Δαυῖδ
3235 4988 3327 5043 ἐπὶ
3350 4975 3588 5060 Χριστοῦ
3612 4984 3709 5038 λέ·-

2119 5113 2345 5167 ,γοντες,
2375 5096 2459 5149 ὅτι
2497 5092 2629 5156 Θεός
2681 5093 2863 5144 ἐστιν·
2923 5087 3137 5149 ἔπειτα,
3188 5084 3273 5138 ὅτι
3346 5083 3443 5135 καὶ
3499 5078 3711 5150 κυρίως

2137 5188 2290 5252 Θεός.
2315 5206 2332 5238 ι
2357 5185 2414 5241 Ὀ
2441 5186 2735 5257 ἐρχόμενος
2756 5201 2775 5233 ι
2804 5181 2935 5251 γὰρ,
2966 5177 3122 5248 φησὶ,
3144 5176 3264 5246 οὐχὶ
3291 5173 3605 5243 ’Δγόμενος.
3633 5169 3715 5223 Τδ

2138 5279 2238 5349 μὲν
2275 5278 2383 5348 γὰρ
2440 5273 2684 5329 δουλικόν
2740 5290 2878 5338 πως,
2924 5271 2987 5324 τὸ
3040 5269 3120 5323 δὲ.
3165 5264 3596 5334 ἐξουσιαστικὺν,
3648 5263 3709 5316 τὸ

2137 5370 2409 5443 ἔρχεσθαι.
2434 5371 2544 5423 Καὶ⁹
2570 5367 2648 5437 τῷ
2669 5368 2844 5421 εἰπεῖν
2866 5363 2947 5428 δέ,
2978 5383 3005 5416 1
3046 5362 3383 5432 Ἐνδόνόματι
3415 5359 3643 5429 Κυρίου,
3680 5375 3703 5407 ι

2133 5461 2300 5514 ταὺτὸ
2329 5457 2488 5511 τοῦτο
2545 5456 2925 5526 ἐμφαίνουσιν,
2972 5456 3031 5509 τὸ
3065 5451 3319 5524 ἀληθινὸν
3361 5452 3495 5505 Θεὸν
3541 5448 3708 5502 αὐτὸν

2136 5546 2282 5612 εἶναι
2304 5567 2318 5581 ο
2341 5551 2403 5603 ού
2421 5548 2530 5621 γὰρ
2557 5568 2575 5600 ι
2614 5551 2672 5602 ἐν
2691 5547 2915 5616 ὀνόματι
2949 5565 2969 5598 ο
2988 5545 3199 5609 δούλου,
3223 5544 3360 5598 ἀλλὰ
3394 5562 3416 5595 ί
3444 5543 3649 5612 Κυρίου
3682 5562 3703 5593 ι

2139 5644 2304 5712 φασιν
2343 5643 2507 5697 αὑτὸν
2528 5640 2812 5715 ἔρχεσθαι.
2852 5641 2967 5694 Καὶ
3000 5638 3082 5692 ἔτι
3109 5636 3448 5708 παριστῶσιν
3489 5636 3571 5689 ὅτι
3602 5634 3709 5687 οὐκ

2138 5735 2287 5787 ἔστιν
2315 5733 2582 5797 ἀντίθεος,
2614 5730 2731 5793 ἀλλ’
2776 5731 2833 5781 ἐν
2861 5729 3087 5798 ὀνόματι
3122 5726 3217 5781 τοῦ
3266 5725 3483 5795 Πατρδς
3506 5721 3704 5783 ἐλθὼν,

2138 5826 2328 5896 ὥσπερ
2379 5825 2443 5895 δὴ
2501 5823 2597 5877 καὶ
2632 5822 2793 5887 αὐτὸς
2845 5821 3106 5893 όΚύριός
3132 5837 3319 5889 φησιν,
3353 5818 3436 5871 ὅτι
3491 5836 3511 5868 ι
3560 5814 3708 5880 Ἐγὼ

2138 5913 2301 5989 ἦλθον
2336 5919 2392 5969 ἐν
2440 5916 2517 5987 τῷ
2560 5914 2785 5986 ὀνόματι
2819 5913 2912 5966 τοῦ
2978 5913 3189 5982 Πατρός
3254 5928 3379 5983 μου,
3429 5908 3587 5970 ἄλλος
3643 5904 3705 5958 δέ
