4060 6580
334 498 426 562 1‘21

1076 500 1520 564 ΕΝΑΗΒΛΤῙΟ
1561 497 1641 558 ΙΝ
1681 498 1929 559 EVANG

2039 500 2183 562 IUM
2223 504 2567 569 JOANNlS.
2608 532 2674 544 -·
2696 508 2859 569 CAP.
2896 505 3016 568 XII

3478 496 3580 561 122

332 616 613 674 ϋεύσεται
678 620 739 673 ἐν
781 617 859 689 τῷ
905 617 1019 688 ἰδίῳ
1062 616 1307 684 ὀνόματι.
1350 636 1367 666 ι
1422 615 1531 670 Καὶ
1582 612 1808 683 βασιλέα
1845 612 1903 666 δὲ

2034 631 2175 685 luam
2211 618 2316 674 fert
2350 621 2581 675 humana
2612 630 2823 687 natura,
2861 621 2952 691 qui
2991 619 3271 681 liberaret,
3295 631 3390 670 eos
3418 634 3444 668 a
3472 616 3583 668 Bo-

332 706 432 761 τοῦ
470 710 685 783 Ἰσραὴλ
713 710 1021 764 ἀπεκάλουν
1046 709 1235 771 αὐτὸν,
1263 709 1403 779 τάχα
1436 704 1698 775 αἰσθητὴν
1747 704 1905 774 βασι-

2014 722 2292 763 manorum
2334 713 2560 782 imperio
2573 751 2588 767 .

333 805 487 862 λείαν
515 807 939 877 φανταζόμενοι.
975 804 1325 876 Προσεδόκων
1357 805 1468 872 γὰρ
1499 802 1901 872 ἀναστήσεσθαί
1940 817 2065 858 τινα
2099 805 2322 875 βασιλέα
2360 810 2549 880 μείζω,
2582 809 2616 880 ἢ
2657 810 2800 864 κατὰ
2864 807 2964 880 τὴν
3005 807 3354 880 ἀνθρωπίνην
3421 803 3586 875 φύσιν

340 901 600 975 μέλλοντα
632 900 829 955 σώσειν
886 901 1083 964 αὐτοὺς
1129 899 1239 953 ἀπὸ
1289 898 1388 969 τῆς
1438 896 1548 948 τῶν
1614 896 1908 966 Ῥωμαίων
1945 896 2323 967 ἐπικρατείας.

414 1014 434 1045 ς
482 994 671 1063 Eripth
694 995 749 1046 δὲ
777 994 803 1047 6
847 992 1053 1063 Ἰησοῦς
1075 993 1311 1062 ὀνάριον,
1346 991 1599 1045 ἐκάθισεν
1632 988 1718 1043 ἐπ’
1741 990 1905 1042 αὐτόι

336 1088 518 1149 καθώς
540 1090 656 1140 ἐστι
691 1086 1077 1157 γεγραμμένον
1098 1101 1109 1113 ·
1139 1086 1231 1153 Μὴ
1254 1083 1445 1153 φοϐοῦ,
1481 1082 1720 1154 θύγατερ
1750 1082 1910 1145 Σιὼν,

340 1179 509 1232 ίδοὺό
554 1176 810 1247 βασιλεύς
872 1194 964 1230 σου
1021 1176 1243 1246 ἔρχεταί
1305 1192 1388 1228 σοι
1457 1174 1768 1245 καθήμενος
1817 1172 1913 1225 ἐπὶ

340 1271 520 1324 πῶλον
547 1270 690 1324 όνου.
714 1268 899 1321 Ταῦτα
919 1268 976 1321 δὲ
1005 1269 1105 1320 οὐκ
1133 1268 1376 1333 ἔγνωσαν
1397 1266 1446 1318 οἱ
1473 1266 1714 1335 μαθηταὶ
1744 1261 1909 1318 αὐτοῦ

336 1365 400 1414 τὸ
426 1362 662 1430 πρῶτον,
697 1360 813 1414 ἀλλ’
854 1360 943 1413 ὅτε
966 1356 1230 1427 ἐδοξάσθη
1251 1358 1280 1410 6
1327 1356 1556 1427 Ἰησοῦς,
1586 1356 1706 1410 τότε
1739 1355 1911 1426 ἐμνή-

343 1451 570 1521 σθησαν,
610 1452 692 1504 ὅτι
744 1450 915 1505 ταῦτα
950 1446 1018 1518 ἦν
1051 1447 1139 1502 ἐπ’
1181 1448 1329 1519 αὐτῷ
1375 1448 1759 1518 γεγραμμένα,
1819 1447 1915 1500 καὶ

342 1545 515 1599 ταῦτα
538 1544 800 1611 ἐποίησαν
828 1542 1000 1612 αὐτῷ.
1038 1561 1054 1593 ι
1098 1540 1222 1605 Πῶς
1268 1543 1318 1594 οι
1371 1541 1470 1611 μὲν
1504 1540 1652 1594 ἄλλοι
1681 1541 1914 1606 εὐαγγε-

341 1639 522 1691 λισταὶ
549 1637 641 1690 τὸν
676 1636 883 1704 Κύριόν
916 1653 1047 1702 φασι
1078 1636 1213 1705 πρὸς
1243 1635 1368 1696 τοὺς
1406 1633 1653 1703 μαθητὰς
1700 1634 1875 1685 εἰπεῖν
1900 1648 1914 1664 ·

348 1749 367 1778 ι
409 1730 684 1791 Λύσαντες
717 1727 953 1795 ἀγάγετέ
990 1741 1104 1797 μοι’
1140 1746 1164 1776 ι
1201 1727 1232 1778 6
1276 1726 1335 1778 δὲ
1377 1725 1632 1793 Ἰωάννης
1680 1723 1915 1777 ἐνταῦθα

2083 991 2245 1047 Vsus.
2274 993 2457 1047 H-lti.
2489 1011 2507 1043 ι
2539 991 2739 1047 Nactus
2772 990 3127 1045 autemJesus
3173 991 3418 1053 asellam,
3450 990 3591 1045 sedit

2015 1098 2176 1154 Super
2233 1101 2351 1140 eam
2381 1102 2397 1140 :
2433 1086 2570 1140 sicut
2597 1086 2856 1155 scriptum
2891 1094 2973 1138 est
3005 1100 3021 1138 :
3060 1081 3178 1135 Noli
3218 1084 3430 1145 timere,
3479 1081 3583 1135 lilia

2015 1175 2165 1240 Sion,
2193 1191 2321 1232 ecce
2347 1194 2439 1233 rex
2468 1188 2590 1232 tuus
2608 1177 2751 1231 venit
2773 1178 2965 1230 sedens
2991 1189 3151 1243 super
3170 1173 3371 1239 pullum
3399 1173 3585 1226 asinae.

2015 1266 2139 1323 Hac
2161 1281 2335 1323 autem
2368 1285 2472 1323 non
2506 1279 2877 1339 cognoverunt
2900 1267 3148 1335 discipuli
3179 1266 3294 1331 ejus
3312 1264 3542 1333 primum
3570 1279 3585 1316 :

2019 1363 2112 1416 sed
2148 1362 2363 1430 quando
2391 1362 2719 1430 glorilicatus
2771 1371 2854 1416 est
2898 1359 3083 1421 Iesus,
3142 1370 3270 1413 tunc
3321 1356 3584 1410 recordati

2017 1463 2147 1508 sunt
2171 1452 2313 1521 quod
2344 1454 2457 1507 haec
2491 1462 2671 1507 essent
2694 1451 2896 1521 scripta
2928 1451 2993 1504 de
3022 1466 3109 1515 eo,
3183 1458 3240 1503 et
3278 1448 3420 1515 quod
3475 1449 3589 1500 haec

2020 1544 2280 1600 fecissent
2323 1544 2393 1598 ei.
2437 1562 2457 1595 ι
2494 1544 2771 1610 Quomodo
2818 1543 2909 1597 alii
2971 1542 3186 1610 quidem
3245 1537 3590 1606 evangelista:

2024 1638 2303 1691 Dominum
2334 1638 2518 1690 dicunt
2547 1637 2611 1689 ad
2637 1636 2927 1703 disaipulos
2956 1635 3162 1689 dixisse
3190 1649 3205 1687 :
3236 1651 3254 1685 ι
3289 1629 3511 1689 Solvite.
3537 1639 3593 1683 et

2022 1727 2271 1781 adducite
2307 1727 2472 1790 mihi;
2519 1744 2540 1780 ι
2572 1724 2811 1780 Joannes
2867 1735 3048 1778 autem
3101 1721 3233 1775 nihil
3290 1720 3394 1773 tale
3441 1718 3592 1781 ditit,

340 1821 499 1875 οὐδὲν
550 1820 791 1876 τοιοῦτόν
846 1836 1037 1890 φησιν,
1103 1819 1220 1872 ἀλλ’
1277 1817 1464 1881 ἁπλῶς
1516 1816 1657 1870 οὕτω
1716 1815 1914 1885 φησίν’·

2034 1821 2111 1874 ιθιί
2143 1829 2367 1880 tantum,
2395 1821 2564 1887 inquit
2601 1837 2614 1873 :
2659 1838 2675 1869 ι
2710 1818 2907 1872 Nactus
2954 1813 3113 1871 Jesus
3152 1812 3416 1868 asellun?
3447 1830 3465 1863 ι
3528 1812 3595 1863 Et

348 1933 367 1965 ι
413 1912 598 1983 Εύρὼν
623 1915 651 1965 6
688 1912 891 1982 Ἰησοῦς
912 1912 1126 1981 ὀνάριον
1151 1928 1165 1976 ;
1208 1930 1227 1962 ι
1263 1912 1371 1965 Καὶ
1396 1910 1449 1963 τί
1482 1910 1673 1974 τοῦτο;
1701 1910 1775 1980 μὴ
1805 1910 1913 1981 γὰρ

341 2004 739 2073 διαφωνοῦσιν
780 2004 892 2057 ἀλλ’
951 2004 1177 2056 ἐκείνων
1237 2002 1500 2056 εἰπόντων
1554 2002 1911 2071 πλατύτερον,

342 2093 498 2160 οὗτος
553 2098 955 2168 ἐπι-τομώτερον
996 2096 1125 2166 ἔφη,
1186 2095 1266 2159 τὸ,
1324 2113 1342 2145 ι
1400 2092 1588 2163 Εὐρὼν
1635 2097 1663 2148 6
1708 2095 1914 2162 Ἰησοῦς

340 2188 580 2257 ὀνάριον.
638 2208 657 2240 ι
718 2187 895 2241 Λυθὲν
942 2187 1051 2257 γὰρ
1108 2185 1261 2258 παρά
1322 2184 1432 2238 τῶν
1494 2185 1774 2255 μαθητῶν,
1823 2185 1918 2238 καὶ

342 2278 513 2348 ἀχθὲν
567 2273 693 2349 εὗρε
738 2280 842 2332 καὶ
891 2278 1147 2331 ἐκάθισεν
1203 2275 1291 2330 ἐπ’
1354 2276 1505 2331 αύτό.
1566 2278 1666 2329 Διά
1711 2276 1769 2329 δὲ
1797 2275 1918 2328 τούο

339 2389 461 2433 του,
517 2371 609 2424 καὶ
664 2370 1005 2440 προφητείαν
1058 2370 1156 2440 μὲν
1215 2368 1455 2438 ἐπλήρου
1497 2368 1592 2421 τοῦ
1643 2369 1913 2439 Ζαχαρίου

344 2463 592 2527 εἰπόντος
618 2478 633 2493 ο
668 2482 687 2513 ι
718 2464 811 2532 Μὴ
854 2462 1044 2532 φοϐοῦ,
1078 2461 1315 2533 θύγατερ
1365 2461 1523 2524 Σιὼν,
1556 2461 1666 2514 ἰδοὺ
1701 2462 1728 2514 6
1763 2461 1915 2531 βασι-

345 2554 474 2616 )εύς
508 2572 600 2607 σου
631 2554 849 2624 ἔρχεταί
906 2571 989 2607 σοι
1022 2553 1330 2622 καθήμενος
1367 2554 1459 2607 ἐπὶ
1487 2552 1667 2605 πῶλον
1713 2553 1856 2606 ὄνου.
1897 2572 1916 2605 ι

359 2646 579 2713 Ἐπειδὴ
627 2646 736 2719 γὰρ
766 2646 838 2709 ὡς
869 2647 961 2698 ἐπὶ
989 2646 1050 2699 τὸ
1081 2645 1331 2699 πλεῖστον
1360 2648 1409 2700 οἱ
1463 2648 1521 2699 ἐν
1563 2646 1922 2716 Ἰερουσαλὴμ

344 2736 749 2806 βασιλεύοντες,
779 2736 953 2791 ἄδικοί
979 2753 1038 2789 τε
1063 2732 1223 2807 ἦσαν,
1252 2739 1344 2792 καὶ
1376 2738 1713 2802 πλεονέκται,
1755 2742 1922 2807 φησιν

343 2832 375 2882 6
403 2831 686 2899 προφήτης
706 2846 721 2860 ·
748 2847 767 2881 ι
793 2829 885 2899 Μὴ
909 2828 1097 2897 φόϐου,
1140 2829 1278 2881 Σιών
1303 2848 1317 2861 ·
1346 2849 1364 2882 ι
1402 2830 1429 2882 ὁ
1450 2831 1556 2901 γὰρ
1582 2830 1923 2902 προφητευό-

349 2921 513 2990 μενόε
545 2939 627 2974 σοι
678 2922 809 2992 παρ’
856 2922 990 2990 ἐμοῦ
1036 2922 1310 2992 βασιλεὺς,
1351 2923 1413 2975 οὐ
1465 2922 1726 2984 τοιοῦτος,
1784 2923 1924 2976 ἀλλὰ

347 3012 527 3083 πρᾶος
561 3012 657 3066 καὶ
688 3011 1054 3082 μετριόφρων,
1089 3011 1184 3065 καὶ
1212 3012 1364 3065 οὐδὲν
1403 3012 1719 3077 ἀλαζονικὸν
1750 3013 1921 3066 ἐνδει-

348 3106 619 3175 κνύμενος
644 3120 658 3134 ’
700 3104 795 3158 καὶ
843 3105 1119 3157 δείκνυται
1158 3104 1266 3156 ἀπὸ
1311 3103 1404 3155 τοῦ
1443 3090 1549 3174 ὄνῳ
1587 3104 1925 3172 ἐπικαθήμε-

349 3212 439 3257 νος
466 3195 665 3251 ἐλθεῖν.
693 3194 765 3247 Ού
799 3196 904 3262 γὰρ
936 3193 1298 3263 στρατόπεδον
1332 3193 1722 3265 ἐπισυρόμενος
1741 3196 1925 3263 είσῆλ·
1954 3184 1998 3240 C

348 3287 462 3353 θεν,
508 3286 622 3340 ἀλλ’
652 3286 760 3356 ὄνῳ
790 3284 1174 3355 ἐποχούμενος.
1201 3281 1311 3338 Ἦν
1341 3285 1398 3338 δὲ
1439 3288 1531 3340 καὶ
1563 3285 1658 3338 τοῦ
1702 3286 1920 3357 μέλλον-

348 3396 445 3444 τος
479 3378 746 3449 σύμϐολον
777 3378 838 3431 τὸ
864 3377 1186 3431 ἐπικαθίσαι
1231 3377 1391 3431 αὐτὸν
1420 3379 1548 3448 ὄνῳ.
1588 3379 1924 3447 ’Λκάθαρτον

356 3474 457 3543 μὲν
504 3473 616 3542 γὰρ
653 3470 810 3525 τοῦτο
858 3471 997 3534 ζῶον
1031 3470 1182 3541 παρά
1216 3469 1293 3541 τῷ
1345 3471 1516 3540 νόμῳ,
1567 3470 1837 3540 σύμϐολον
1868 3471 1926 3524 δὲ

350 3564 449 3617 τοῦ
482 3563 795 3632 ἀκαθάρτου
828 3563 923 3615 τοῦ
952 3563 1064 3616 τῶν
1110 3563 1280 3615 ἐθνῶν
1311 3561 1463 3625 λαοῦ,
1502 3555 1547 3630 ᾧ
1585 3561 1925 3625 ὲπικάθηται

354 3654 501 3708 ότοῦ
532 3654 668 3707 Θεοῦ
717 3655 891 3722 Λόγος
955 3655 1184 3724 Ἰησοῦς,
1234 3655 1550 3715 ὑποτάττων
1601 3654 1694 3706 τὸν
1731 3652 1929 3706 ἀνυπό·

356 3763 557 3799 τακτον
598 3746 693 3799 καὶ
716 3747 1038 3799 ἀπαίδευτον
1077 3745 1264 3798 τοῦτον
1303 3745 1378 3809 ὡς
1408 3745 1610 3805 πῦλον,
1639 3744 1808 3813 φημὶ,
1836 3743 1930 3795 τὸν

357 3841 480 3893 νέον
513 3838 661 3899 λαὶν,
690 3837 751 3890 ὃν
789 3841 882 3891 καὶ
924 3838 1117 3905 ἀνάγει
1156 3839 1248 3890 ἐπὶ
1275 3837 1375 3908 τὴν
1413 3836 1675 3905 ἀληθινὴν
1733 3836 1932 3903 Ἰερου-

359 3926 563 3997 σαλὴμ,
599 3927 913 3998 ὑποχείριον
965 3927 1234 3998 αὐτῷκαὶ
1291 3926 1558 3998 ὑποκλινῆ
1610 3926 1927 3997 γενόμενον.

355 4013 432 4071 ἾΙ
455 4016 566 4090 γάρ
593 4020 711 4089 οὐχὶ
738 4022 861 4083 τοὺς
887 4019 947 4083 ἐξ
974 4018 1142 4073 ἐθνῶν
1183 4023 1488 4089 συνήγαγεν
1515 4019 1608 4072 ἐπὶ
1636 4018 1727 4072 τὸν
1768 4019 1933 4090 ούρα-

360 4112 451 4165 νὸν
480 4114 509 4165 ὁ
544 4111 769 4183 Κύριος,
818 4110 949 4164 λαὸν
987 4110 1151 4165 αὐτοῦ
1191 4111 1541 4181 γενομένους,
1570 4114 1665 4165 καὶ
1692 4109 1935 4164 ὑπακού-

364 4220 567 4266 σαντας
594 4202 672 4274 τῷ
701 4201 1048 4275 κηρύγματι;
1097 4200 1364 4272 Ἐμήνυον
1383 4203 1560 4257 δὲκαὶ
1592 4203 1639 4255 οἱ
1669 4202 1932 4271 φοίνικες,

365 4296 508 4368 τάχα
551 4294 651 4365 μὲν
677 4293 774 4348 καὶ
801 4294 862 4347 τὸ
886 4293 1111 4364 νικητὴν
1142 4295 1305 4347 αὐτὸν
1350 4294 1605 4363 γενέσθαι
1639 4294 1733 4348 τοῦ
1769 4295 1936 4350 θανά-

365 4406 459 4442 του
481 4389 867 4459 ἀναστήσαντα
906 4388 998 4440 τὸν
1029 4385 1278 4461 Λάζαρον
1296 4402 1309 4416 ⁸
1342 4388 1370 4442 6
1394 4388 1503 4458 γὰρ
1542 4388 1716 4457 φοίνιξ
1743 4390 1800 4441 ὲν
1826 4390 1939 4453 τοῖς

2018 1911 2142 1977 quid
2179 1910 2322 1964 hoc?
2355 1908 2472 1964 Non
2502 1911 2651 1965 enim
2687 1911 2828 1964 inter
2875 1924 2933 1965 se
2977 1907 3274 1971 dissident;
3306 1904 3402 1960 sed
3429 1902 3592 1974 673

2017 2002 2160 2072 quod
2208 2002 2279 2056 illi
2325 2003 2577 2057 dixerunt
2628 2004 2818 2066 fusius,
2851 2002 2938 2056 hic
2994 2001 3226 2069 quodam
3270 1997 3593 2066 compendio

2018 2096 2153 2150 dixit
2198 2114 2210 2150 :
2254 2114 2276 2146 ηι
2315 2093 2519 2150 Nactus
2571 2093 2728 2149 Jesus
2774 2094 3018 2147 asellum.
3072 2112 3091 2144 ι
3146 2092 3382 2145 Salutant
3444 2089 3590 2141 enim

2020 2203 2049 2242 ιι
2075 2187 2353 2255 discipulis
2375 2196 2432 2242 et
2459 2187 2743 2241 adductam
2769 2183 2993 2250 invenit,
3016 2193 3072 2238 et
3098 2180 3238 2236 sedit
3260 2193 3418 2247 super
3444 2193 3587 2236 eam.

2022 2291 2078 2335 et
2109 2291 2391 2350 propterea
2427 2280 2589 2335 etiam
2624 2277 2962 2348 prophetiam
3006 2276 3245 2345 implevit
3294 2270 3623 2333 Zachariae,

2022 2374 2135 2442 qui’
2164 2374 2296 2426 dixit
2336 2391 2396 2427 τι
2432 2370 2510 2425 Ne
2540 2372 2749 2431 timeas,
2776 2370 2884 2422 tilia
2916 2367 3068 2431 Sion,
3131 2381 3259 2421 ecce
3318 2380 3413 2419 rex
3476 2374 3600 2417 tuus

2022 2465 2169 2518 venit
2195 2464 2286 2517 tibi
2318 2465 2510 2518 sedens
2532 2477 2690 2529 super
2723 2460 2933 2529 pullnm-
2964 2459 3127 2512 asinze
3150 2459 3216 2512 ιδ.
3252 2476 3272 2508 ι
3294 2456 3433 2521 Quia
3451 2456 3595 2509 enim

2026 2569 2084 2611 ut
2110 2558 2399 2626 plurimum
2419 2556 2887 2625 reges‘Jerusalem
2908 2551 3091 2620 injusti
3113 2559 3166 2604 et
3189 2550 3338 2603 avari
3361 2547 3597 2611 fuerunt,

2024 2651 2151 2704 dicit
2183 2650 2443 2720 prepheta
2473 2667 2486 2703 :
2526 2668 2545 2701 ι
2581 2647 2658 2702 Ne
2680 2650 2892 2710 linteas,
2915 2647 3100 2703 Sion.»
3128 2643 3260 2697 Nam
3295 2658 3383 2695 rex
3414 2642 3479 2694 de
3495 2654 3602 2707 quo

2025 2742 2259 2810 praedico
2290 2742 2406 2808 tibi,
2443 2758 2546 2797 non
2580 2743 2705 2797 talis
2730 2749 2835 2803 est,
2860 2743 2952 2796 sed
3000 2738 3146 2792 mitis
3204 2745 3260 2790 et
3303 2733 3599 2796 modestus,

2024 2844 2076 2890 et
2113 2835 2313 2889 nullam
2338 2849 2448 2903 prae
2474 2849 2533 2888 se
2567 2832 2744 2889 ferens
2767 2831 3128 2901 arrogantiam
3166 2847 3177 2882 :
3208 2828 3372 2895 idque
3419 2834 3605 2878 osten-

2025 2927 2174 2981 ditur
2198 2943 2260 2982 ex
2291 2928 2527 3003 eoquod
2553 2928 2789 2982 insidens
2833 2927 2988 2978 asino
3052 2923 3251 2977 veniat.
3302 2918 3416 2972 Non
3457 2917 3602 2971 enim

2024 3021 2323 3075 exercitum
2356 3028 2475 3089 post
2515 3036 2571 3075 se
2603 3020 2821 3074 trahens
2881 3018 3155 3085 ingressus
3187 3021 3293 3074 est,
3333 3011 3425 3067 sed
3451 3010 3604 3064 asino

2030 3122 2236 3167 vectus.
2277 3111 2405 3166 Erat
2433 3123 2485 3167 et
2513 3111 2675 3166 futuri
2709 3110 3007 3181 sytnbolum
3038 3108 3178 3177 quod
3230 3105 3343 3174 ipse
3404 3104 3605 3159 sederit

2033 3220 2199 3274 Super
2220 3206 2398 3260 asina.
2424 3205 2761 3259 Immundum
2799 3204 2944 3258 enim
2967 3200 3167 3254 animal
3202 3199 3305 3254 hoc
3340 3198 3394 3251 in
3464 3196 3601 3266 lege.

2031 3299 2333 3367 symbolum
2382 3307 2498 3351 erat
2542 3295 2803 3350 immundi
2855 3293 3136 3363 gentilium
3195 3290 3396 3360 populi,
3442 3303 3607 3358 super

2032 3404 2142 3457 quo
2177 3387 2370 3442 insedit
2404 3387 2494 3441 Dei
2538 3387 2771 3444 Verbum
2803 3384 2980 3446 Jesus,
3032 3382 3326 3450 subjiciens
3376 3378 3608 3434 indomi-

2035 3489 2143 3531 tum
2177 3488 2231 3531 et
2261 3478 2587 3533 ineruditum
2619 3477 2763 3530 illum
2791 3478 2941 3546 quasi
2969 3475 3191 3545 pullum,
3235 3486 3428 3527 novum
3486 3470 3609 3523 dico

2035 3571 2312 3640 pupulum,
2340 3581 2391 3621 ct
2413 3571 2635 3622 adduxit
2680 3570 2729 3621 in
2752 3568 3048 3623 Jerusalem
3070 3580 3276 3629 veram,
3297 3578 3417 3618 cum
3439 3562 3610 3614 factus

2034 3664 2451 3718 chetsubditus
2480 3663 2552 3716 ei.
2605 3664 2796 3715 Annon
2818 3669 2872 3714 et
2922 3676 3017 3715 eos
3047 3659 3138 3728 qui
3205 3672 3273 3711 ex
3332 3655 3605 3726 gentibus,

2035 3758 2383 3827 cengreguvit
2414 3757 2464 3809 in
2495 3756 2690 3810 coelum
2734 3759 3012 3820 Dominus,
3046 3757 3216 3809 factos
3264 3753 3363 3808 sibi
3407 3752 3459 3806 in
3503 3765 3606 3821 p0—

2036 3846 2241 3913 pulum,
2272 3859 2327 3900 et
2367 3848 2675 3901 oliedientes
2708 3847 2824 3916 ejus
2875 3844 3242 3914 prmdicationi
3271 3843 3296 3897 ἲ
3355 3841 3610 3897 Declara-

2039 3937 2170 3992 bant
2200 3950 2377 3994 autem
2401 3950 2453 3992 et
2485 3940 2694 4009 palmm,
2738 3941 2965 3994 fortasse
2990 3938 3204 4007 quidetn
3256 3935 3397 4005 quod
3446 3943 3500 3987 et
3531 3931 3609 3987 vi-

2037 4041 2159 4085 etor
2175 4029 2335 4085 fuerit
2367 4032 2577 4094 mortis,
2607 4031 2924 4086 resuscituto
2941 4029 3159 4083 Lazaro.
3182 4027 3363 4081 Palma
3390 4026 3534 4081 enim
3559 4024 3614 4078 in

2043 4124 2435 4179 certaminibus
2489 4126 2649 4179 datur
2726 4123 3044 4179 victoribus.
3109 4121 3381 4178 Fortassis
3431 4126 3610 4173 autem

2047 4216 2431 4287 significabant
2455 4233 2575 4271 cum
2604 4215 2693 4286 qui
2724 4217 3066 4281 laudabatur,
3091 4216 3363 4270 caelestem
3398 4224 3538 4271 esse,
3560 4218 3614 4262 et

2043 4324 2074 4363 e
2111 4308 2337 4364 smumis
2361 4308 2588 4363 venisse.
2625 4307 2751 4361 Sola
2768 4309 2911 4361 enim
2937 4306 3162 4360 aliarum
3183 4306 3439 4359 arborum
3458 4299 3615 4371 erigit

2044 4414 2103 4455 se
2134 4399 2185 4452 in
2214 4398 2387 4466 ipsum
2414 4397 2632 4457 ctelum,
2661 4404 2719 4450 ul.
2740 4394 3013 4449 sietlicam
3040 4434 3056 4459 ,
3107 4394 3157 4447 in
3180 4391 3492 4445 summitate
3517 4404 3614 4441 au-

366 4480 544 4551 ἀγῶσι
556 4483 667 4546 τοῖς
690 4482 938 4552 νικηταῖς
958 4479 1175 4533 ἐδίδοτο.
1199 4481 1350 4550 Τάχα
1368 4481 1424 4533 δὲ
1444 4481 1633 4550 ἐδήλου
1666 4483 1759 4534 καὶ
1779 4484 1841 4533 τὸ
1856 4480 1929 4533 οὔτ

2048 4502 2153 4545 tem
2185 4489 2309 4544 l'olia
2347 4491 2525 4555 habet,
2562 4490 2679 4543 alba
2706 4487 2946 4558 germina
2972 4484 3184 4540 in'l‘olio
3219 4483 3430 4547 ferens;
3455 4495 3619 4551 porro

370 4576 557 4645 ράνιον
587 4569 728 4627 εἶναι
760 4573 849 4627 τὸν
880 4572 1318 4643 εὖφημούμενον,
1349 4573 1443 4625 καὶ
1482 4572 1679 4641 ὑψόθεν
1709 4571 1936 4643 ἥκοντα.

370 4667 548 4730 Μόνος
567 4666 676 4737 γὰρ
694 4665 802 4718 τῶν
823 4665 998 4720 ἀλλων
1020 4664 1252 4733 δένδρων
1273 4664 1542 4717 ἀνατείνει
1564 4665 1663 4731 μὲν
1681 4665 1760 4726 είς
1781 4664 1944 4717 αὑτὸν

368 4759 461 4811 τὸν
475 4755 724 4829 οὐρανὸν,
744 4757 819 4820 ὡς
835 4758 1032 4819 εἰπεῖν,
1046 4757 1102 4808 ὲν
1119 4753 1242 4825 ὕψει
1264 4755 1319 4808 δὲ
1338 4757 1502 4827 κομᾷ,
1519 4755 1746 4820 θαλλοὺς
1764 4756 1945 4827 φέρων

374 4854 467 4907 ἐπὶ
511 4853 612 4923 τῆς
640 4852 819 4923 κόμης
839 4852 1105 4917 λευκούςι
1140 4853 1198 4906 ὲν
1227 4851 1283 4905 δὲ
1322 4851 1398 4921 τῷ
1434 4848 1673 4919 στελέχει
1715 4850 1810 4903 καλ⁸
1832 4850 1947 4911 τοῖς

375 4948 564 5017 μέσοις
595 4944 725 5015 ἄχρι
751 4945 849 5014 τῆς
903 4945 1169 5017 κορυφῆς,
1204 4943 1409 5014 τραχύς
1446 4945 1562 4996 ἐστι
1596 4941 1689 4993 καλ¹
1726 4940 1949 4993 δυσανά-

372 5036 583 5100 δευτος,
612 5040 740 5100 τοὺς
769 5038 860 5090 ἐπὶ
896 5038 1005 5091 τῶν
1036 5037 1245 5091 κλάδων
1274 5035 1545 5097 σκόλοπας
1567 5032 1947 5105 προϐαλλόμε-

373 5144 486 5192 νος.
527 5128 713 5192 Οὕτως
746 5127 839 5184 οῦν
877 5130 972 5184 καὶ
993 5132 1019 5182 6
1046 5130 1183 5201 πρὸς
1218 5130 1316 5201 τὴν
1362 5128 1455 5183 τοῦ
1487 5129 1614 5182 Υίοῦ
1650 5131 1743 5182 καὶ
1764 5130 1941 5196 Λόγου

375 5218 472 5271 τοῦ
526 5218 664 5274 Θεοῦ
714 5219 917 5289 γνῶσιν
966 5221 1230 5285 ἐλαύνων,
1287 5225 1547 5294 τραχεῖαν
1619 5224 1717 5293 μὲν
1773 5220 1944 5291 αὐτὴν

383 5312 608 5383 εὑρήσει
658 5313 753 5366 καλ⁸
800 5314 1024 5385 ἀνάντη,
1074 5312 1161 5368 διά
1192 5315 1302 5369 τῶν
1362 5316 1546 5368 κόπων
1600 5314 1799 5367 ὁδεύων
1846 5314 1946 5383 τῆς

377 5401 582 5472 ἀρετῆς
606 5416 621 5434 ·
672 5401 809 5473 πρὸς
840 5404 897 5458 δὲ
928 5405 988 5457 τὸ
1015 5404 1149 5474 "ml/0;
1176 5405 1274 5475 τῆς
1304 5404 1562 5474 γνώσεως
1594 5404 1946 5475 ἀφικόμενος,

379 5493 690 5559 ἑντεύξεται
740 5496 818 5567 τῷ
861 5498 1231 5570 λαμπροτάτῳ
1288 5500 1386 5567 τῆς
1420 5497 1751 5567 θεογνωσίας
1782 5498 1946 5566 φωτὶ,

379 5589 481 5645 καὶ
525 5592 592 5662 τῇ
620 5591 962 5662 ἀποκαλύψει
1005 5593 1116 5647 τῶν
1165 5594 1515 5665 ἀπορρήτων,
1561 5592 1813 5663 καθάπερ
1838 5594 1952 5656 τοῖς

377 5683 478 5737 τοῦ
510 5683 751 5753 φοίνικος
780 5684 1129 5751 λευκοτάτοις
1166 5686 1401 5750 θαλλοῖς.
1432 5685 1504 5737 Σὺ
1526 5683 1583 5737 δέ
1618 5701 1707 5755 μοι
1739 5682 1951 5754 θαύμα-

382 5778 445 5841 ζε
473 5778 566 5830 τὸν
589 5776 1007 5851 εὐαγγελιστὴν,
1076 5780 1194 5845 πῶς
1234 5778 1336 5833 οὐκ
1367 5776 1777 5850 ἐπαισχύνεται,
1836 5776 1952 5831 ἀλλ’

462 5958 507 5995 ⁸⁵
536 5958 856 6025 Zachamx,
882 5961 933 6015 9.

2049 4584 2099 4636 in
2131 4594 2319 4637 trunco
2341 4589 2394 4635 et
2425 4579 2613 4635 mediis
2647 4596 2813 4650 usque
2836 4579 2900 4632 ad
2943 4577 3211 4647 fastigium
3272 4589 3463 4643 aspera
3514 4580 3619 4635 est,

2047 4685 2099 4729 et
2124 4675 2209 4727 vix
2245 4671 2582 4726 ascensihilis
2614 4690 2627 4725 :
2659 4672 2709 4724 in
2743 4670 2906 4724 ramis
2962 4678 3139 4723 autem
3197 4666 3377 4736 virgas
3413 4674 3624 4721 erectas

2049 4768 2393 4837 promittens.
2418 4764 2491 4817 Ita
2530 4774 2585 4818 et
2631 4763 2721 4831 qui
2805 4762 2871 4816 ad
2921 4761 3282 4830 cognitionem
3338 4755 3501 4812 Verbi
3568 4765 3621 4811 et

2050 4857 2286 4911 FiliiDei
2319 4864 2593 4925 properat.
2624 4868 2870 4930 aSperam
2909 4852 3123 4923 quidem
3159 4851 3302 4904 illam
3358 4846 3621 4910 inveniet,

2051 4948 2335 5003 ambulans
2359 4964 2454 5017 per
2503 4947 2714 5001 labores
2740 4944 2974 4999 virtutis.
3035 4941 3266 4997 Veniens
3322 4948 3501 4993 autem
3557 4937 3624 4989 ad

2051 5041 2415 5097 summitatem
2444 5039 2703 5104 scientim,
2753 5048 3073 5109 assequetur
3104 5031 3513 5104 fulgidissimum
3545 5028 3626 5081 lu-

2056 5149 2176 5187 men
2197 5131 2521 5200 cognitionis
2540 5131 2754 5195 divinte,
2776 5139 2830 5183 et
2862 5127 3242 5184 revelationem
3271 5121 3627 5177 invisibilium

2052 5234 2105 5280 et
2136 5222 2508 5286 incllabilium,
2537 5223 2716 5291 quasi!
2744 5221 3123 5276 candidissima
3160 5217 3458 5287 palmarum
3507 5227 3627 5281 ger-

2057 5315 2220 5370 mina.
2247 5315 2515 5370 Ca'terum
2542 5313 2813 5368 admirare
2836 5313 2923 5367 hic
2948 5308 3333 5395 evangelistam
3357 5303 3631 5376 quomodo

2055 5424 2158 5463 non
2209 5408 2514 5474 erubescat,
2560 5407 2652 5460 sed
2710 5405 2923 5474 evulget
2985 5401 3213 5472 primum
3267 5397 3631 5468 apostolorum

2058 5502 2438 5573 ignorantiam.
2470 5519 2489 5552 ι
2521 5499 2646 5554 llazc
2676 5499 2843 5563 enim,
2879 5495 3074 5566 inquit,
3109 5507 3214 5548 non
3265 5494 3632 5563 cognoverunt

2058 5592 2308 5662 discipuli
2332 5592 2448 5661 ejus
2471 5592 2725 5662 primum,
2755 5588 2847 5643 sed
2878 5588 3095 5658 quando
3122 5584 3279 5641 .lesus
3301 5581 3633 5652 gloriﬁcatus

2058 5692 2163 5739 est.
2192 5703 2211 5736 ι
2244 5682 2481 5739 Gloriam
2502 5691 2678 5736 autem
2706 5679 2838 5735 dicit
2862 5676 3232 5735 ascensionem
3257 5685 3378 5748 post
3410 5688 3553 5729 cruce
3573 5686 3626 5730 nt

2058 5786 2109 5832 ct
2149 5776 2473 5848 passionem.
2502 5771 2655 5829 Tunc
2676 5771 2820 5829 enim
2870 5777 3235 5842 cognoverunt
3292 5766 3345 5823 in
3395 5762 3627 5820 adventu
