4060 6584
440 408 546 516 ιιξι

1294 465 1879 533 THEOPHYLACTI
1918 475 2332 538 BULGARLE
2373 478 2733 540 ARCIIIEP.

3615 474 3714 537 lii

437 568 695 640 Spiritus,
721 592 740 626 ι
772 575 914 644 quod
930 574 995 632 de
1013 576 1105 632 illo
1121 586 1547 652 essentscripta.
1577 605 1596 637 ι
1624 584 1759 641 Nam
1783 588 2012 645 fortassit

2139 594 2484 663 ἐκπομπεύει
2510 596 2610 666 τὴν
2635 597 2914 666 προτέραν
2957 597 3182 665 ἄγνοιαν
3216 598 3327 650 τῶν
3375 597 3727 649 ἀποστόλων.

436 658 712 714 sciverunt
738 664 884 732 quod
912 661 1116 721 fuerint
1143 668 1349 738 scripta
1381 676 1557 743 :quod
1586 686 1767 733 autem
1787 679 1855 735 de
1874 678 2028 747 Jcsu,

436 749 822 818 iguoraverunt
856 771 872 808 :
905 757 1069 827 idque
1124 761 1352 829 utiliter,
1419 766 1618 837 alioqui
1673 770 2027 829 scandalizati

435 840 669 898 fuissent
695 860 816 900 cum
871 851 1304 926 crucifigeretur,
1332 856 1603 928 siquidem
1638 875 1730 917 rex
1778 878 1808 917 a
1878 863 2031 920 Scri-

432 948 587 1005 ptura
620 941 976 1000 aunnntiatus
1018 947 1207 1003 fuisset
1242 951 1367 1004 talia
1399 968 1617 1020 passus.

2144 705 2163 737 ε
2204 687 2390 741 Ταῦτα
2412 687 2545 760 γὰρ,
2579 689 2765 759 φησὶν,
2789 690 2891 743 οὐκ
2921 690 3168 758 ἔγνωσαν
3198 691 3246 744 ol
3274 688 3513 763 μαθηταὶ
3558 686 3731 742 αὐτοῦ

2135 778 2198 830 τὸ
2230 779 2517 850 πρότερον,
2550 779 2669 832 ἀλλ’
2696 781 2785 833 ὅτε
2830 780 3039 850 Ἰησοῦς
3074 782 3363 851 ἐδοξάσθη.
3400 802 3418 832 ι
3461 781 3633 847 Δόξαν
3662 780 3725 833 δὲ

2145 871 2294 941 λέγει
2327 872 2425 945 τὴν
2489 874 2628 945 μετὰ
2677 874 2769 927 τὸν
2804 875 3043 946 σταυρὸν
3073 879 3168 929 καὶ
3218 876 3280 930 τὸ
3323 876 3494 940 πάθος
3526 874 3734 944 ἀνάλη-

2138 961 2253 1032 ψιν.
2291 965 2427 1018 Τότε
2455 967 2520 1037 δὴ
2553 966 2675 1020 τότε
2710 966 2956 1035 ἔγνωσαν
2988 971 3054 1039 τῇ
3086 967 3181 1020 τοῦ
3238 967 3556 1039 Πνεύματος
3591 968 3732 1019 πόιν⁹

399 1048 541 1122 ,τως
574 1036 873 1108 παρουσίᾳ,
925 1058 944 1091 ι
981 1040 1064 1094 ὃτι
1092 1043 1179 1094 ἐπ’
1204 1045 1352 1115 αὐτῷ
1380 1042 1524 1118 ἦσαν
1561 1051 1948 1122 γεγραμμένα.
1987 1073 2007 1109 ι
2053 1055 2180 1110 Ὅτι
2255 1061 2354 1129 μὲν
2385 1060 2492 1132 γὰρ
2532 1062 2876 1134 ἐγέγραπτο,
2910 1036 3073 1133 τυχδν
3115 1062 3351 1133 ᾔδεσανο
3380 1036 3461 1114 δτι
3526 1061 3584 1114 δὲ
3633 1062 3730 1114 ἐπὶ

430 1128 525 1182 τοῦ
561 1129 761 1199 Ἰησοῦ,
791 1133 952 1190 τοῦτο
981 1141 1180 1204 αὐτοὺς
1221 1142 1482 1198 ἐλάνθανε
1524 1150 1917 1218 συμφερόντως
2052 1152 2163 1225 γὰρ
2194 1128 2265 1209 ἂν
2329 1128 2837 1231 ἐσκανδαλίσθησαν
2869 1160 2959 1213 ἐπ’
2981 1128 3147 1225 ’ἀιτῷ
3209 1158 3630 1231 σταυρουμένῳ,
3672 1160 3734 1212 ετ

430 1244 493 1293 γε
512 1226 765 1297 βασιλεὺς
782 1236 935 1303 παρὰ
950 1239 1050 1308 τῆς
1064 1238 1291 1312 Γραφῆς
1311 1242 1800 1315 ἀναγορευόμενος,
1826 1248 2057 1304 τοιαῦτα
2086 1252 2304 1323 πάσχει.

504 1322 666 1381 Vens.
716 1330 898 1385 17-19.
937 1351 956 1385 ι
994 1333 1319 1393 Testabatur
1358 1339 1522 1409 igitur
1560 1345 1713 1399 turba
1750 1361 1869 1416 qua:
1913 1353 2034 1403 erat

428 1434 550 1473 cum
581 1435 646 1475 eo
672 1425 889 1493 quando
920 1424 1185 1485 Lazarum
1218 1435 1431 1488 vocavit
1462 1436 1527 1490 de
1572 1448 1943 1505 monumento,
1974 1449 2031 1496 et

428 1516 709 1571 suscitavit
739 1532 864 1574 eum
915 1536 944 1574 a
975 1527 1223 1581 mortuis.
1259 1527 1549 1597 Proritnrea
1582 1543 1634 1586 ct
1669 1534 1883 1589 obviam
1932 1551 2025 1593 ve-

429 1607 509 1661 nit
542 1609 590 1663 ei
624 1613 800 1677 turba,
833 1619 975 1685 quod
1026 1618 1315 1674 audierant
1369 1638 1494 1678 eum
1522 1627 1760 1683 edidisse
1812 1630 1914 1682 hoc
1944 1631 2020 1683 si-

426 1714 614 1790 gnum.
638 1702 892 1758 Pharisaei
916 1721 1046 1777 ergo
1069 1709 1326 1767 dixerunt
1349 1714 1492 1770 inter
1509 1732 1608 1771 se:
1639 1716 1849 1775 Videtis
1873 1722 2019 1790 quod

423 1788 591 1862 674
619 1793 749 1846 nihil
774 1796 1074 1864 proﬁcitis?
1102 1816 1229 1857 ecce
1260 1806 1493 1875 mundus
1515 1820 1771 1876 postentn
1809 1788 1960 1867 abiit.
1996 1831 2016 1867 ι

427 1877 628 1946 Turba,
658 1882 853 1953 inquit,
884 1902 1005 1956 quae
1034 1889 1244 1948 viderat
1290 1898 1611 1955 miraculum
1670 1902 1736 1957 de
1779 1902 2014 1973 Lazaro,

2217 1371 2236 1404 r
2296 1351 2632 1423 Ἐμαρτύρει
2685 1351 2780 1407 οὖν
2817 1355 2845 1407 6
2901 1352 3059 1424 ὄχλος
3082 1355 3109 1407 6
3139 1352 3215 1407 ῶν
3268 1354 3386 1424 μετ’
3416 1353 3606 1417 αὐτοῦ,
3637 1355 3731 1408 ὅτε

2136 1445 2227 1499 τὸν
2251 1447 2500 1517 Λάζαρον
2528 1449 2812 1516 ἐφώνησεν
2840 1449 2904 1501 ἐκ
2945 1447 3042 1502 τοῦ
3083 1447 3378 1519 μνημείου,
3431 1447 3527 1502 καὶ
3575 1448 3733 1519 ἤγει-

2137 1555 2232 1609 ρεν
2262 1540 2429 1593 αὑτὸν
2473 1541 2537 1592 ἐκ
2603 1540 2839 1611 νεκρῶν.
2894 1540 2995 1595 Διὰ
3051 1541 3212 1595 τοῦτο
3275 1540 3370 1595 καὶ
3412 1542 3732 1612 ὑπήντησεν

2131 1630 2283 1701 αὖτῷ
2321 1632 2348 1683 6
2376 1631 2555 1702 ὄχλος,
2593 1634 2674 1685 ὅτι
2708 1635 2910 1704 ἢκουσε
2938 1633 3099 1688 τοῦτο
3148 1633 3314 1689 αὐτὸν
3349 1634 3729 1705 πεποιηκέναι

2129 1721 2190 1774 τὸ
2223 1726 2471 1794 σημεῖον.
2508 1725 2570 1777 Ol
2601 1720 2695 1778 οὗν
2718 1727 3006 1796 Φαρισαῖοι
3049 1723 3206 1780 εἷπον
3256 1725 3396 1797 πρὸς
3450 1725 3686 1787 ἑαυτούς
3713 1742 3727 1755 ⁸

2128 1815 2420 1888 Θεωρεῖτε,
2454 1817 2536 1870 ὅτι
2585 1819 2686 1872 οὐκ
2725 1819 2989 1888 ὠφελεῖτε
3030 1819 3219 1888 οὗδένς
3284 1820 3392 1874 Ἴδε
3441 1820 3470 1872 6
3518 1819 3730 1890 κόσμος

2126 1908 2371 1980 ἀπῆλθεν
2393 1910 2572 1965 ὀπίσω
2607 1912 2793 1967 αὑτοῦ.
2838 1931 2856 1965 ι
2901 1912 2960 1966 '0
3000 1913 3178 1983 ὄχλος,
3233 1913 3421 1985 φησὶν,
3454 1915 3482 1967 6
3512 1913 3607 1966 ἐπὶ
3646 1912 3728 1983 τῷ

429 1971 585 2026 testis
617 1985 736 2031 erat
770 1985 822 2031 ct
854 1985 1227 2040 annuntiatrix
1278 1994 1539 2058 potentiae
1586 1994 1790 2062 ipsius:
1824 1998 1945 2052 ideo
1970 1971 2012 2054 et

2126 1971 2364 2074 Λαζξάρῳ
2393 2004 2453 2057 τὸ
2482 2004 2672 2075 θαῦμα
2720 2006 2867 2071 ἰδὼν,
2901 1971 3114 2078 μάρτυς
3137 1971 3258 2078 ξίν,-
3282 1971 3377 2061 καὶ
3408 1971 3592 2077 κῆρυξ
3624 1971 3732 2076 τῆς

422 2078 780 2124 occurrerunt
809 2071 857 2125 ei
883 2087 1005 2128 cmn
1034 2076 1205 2147 gloria
1250 2082 1301 2134 hi
1329 2084 1420 2151 qui
1449 2085 1736 2143 audierant
1791 2090 1894 2145 hoc
1938 2091 2024 2146 fa-

423 2166 571 2211 ctum
609 2160 848 2231 signum,
876 2167 1081 2223 scilicet
1128 2172 1435 2230 credentes.
1493 2178 1680 2248 Neque
1729 2184 1872 2236 enim
1921 2185 2024 2241 nisi

424 2250 802 2322 credidissent,
838 2256 911 2312 ita
946 2273 1169 2328 repente
1205 2265 1433 2324 fuissent
1460 2275 1734 2328 conversi.
1763 2274 2022 2335 Pharisrci

424 2351 605 2395 autem
643 2344 884 2402 dicentes
920 2367 933 2403 :
968 2368 988 2402 ι
1018 2348 1230 2410 Videtis
1257 2359 1399 2426 quod
1431 2375 1534 2415 non
1564 2366 1827 2432 proticitis
1852 2369 2017 2437 quid-

423 2445 611 2499 quam,
650 2451 668 2484 ι
709 2450 813 2490 non
858 2452 924 2492 ex
961 2442 1164 2497 malitia
1205 2444 1322 2501 haec
1355 2449 1669 2521 loquuntur,
1714 2472 1819 2512 non
1872 2459 2020 2515 enim

320 2580 323 2581 ν
426 2520 644 2579 fuerunt
674 2543 739 2582 ex
772 2530 855 2586 his
883 2534 972 2602 qui
1011 2548 1239 2594 mortem
1278 2544 1522 2600 meditati
1553 2560 1712 2604 erant
1742 2549 1890 2616 Jesn,
1923 2558 2018 2609 sed

424 2613 671 2674 benevoli
701 2624 918 2692 quidem
944 2643 1064 2684 esse
1092 2632 1369 2700 videntur,
1398 2639 1639 2694 nondum
1675 2644 1843 2699 libere
1878 2646 2020 2717 loqui

425 2710 708 2778 audentes,
743 2731 810 2769 eo
840 2721 981 2788 quod
1019 2737 1123 2777 non
1153 2726 1425 2782 audebant
1455 2733 1742 2790 manifeste
1766 2710 2022 2796 resistere

427 2800 515 2858 bis
540 2806 632 2874 qui
658 2818 847 2863 contra
887 2814 1171 2873 Dominum
1198 2824 1519 2891 saeviebant,
1567 2837 1621 2881 et
1657 2843 1752 2899 per
1779 2834 2025 2889 occasio-

429 2910 550 2950 nem
600 2907 812 2956 tentant
863 2910 1159 2977 reprimere
1219 2914 1363 2982 illos,
1417 2918 1530 2974 fere
1562 2922 1690 2976 talia
1736 2925 2018 2983 dicentes:

423 2988 553 3054 Qua:
583 3001 761 3049 vestra
791 2997 995 3054 utilitas
1027 3017 1093 3056 ex
1127 3006 1311 3063 multis
1339 3022 1530 3065 contra
1564 3012 1838 3070 hominem
1873 3019 2015 3073 hunc

422 3084 680 3142 insidiis?
729 3089 1003 3157 Quantum
1057 3100 1202 3154 enim
1255 3102 1614 3175 insidiatnini,
1664 3119 1872 3165 tantum
1933 3114 2020 3167 hic

419 3180 641 3246 crescit,
676 3192 730 3235 et
758 3195 988 3252 augetur
1003 3189 1169 3259 gloria
1188 3193 1325 3261 ejus.
1356 3213 1375 3247 ι
1410 3196 1547 3252 Nam
1584 3204 1836 3267 mundus,
1868 3222 1886 3254 ι
1919 3206 2020 3260 hoc

389 3281 504 3339 _est
553 3275 733 3332 omnis
763 3278 1075 3347 multitudo,
1109 3301 1128 3335 ε
1159 3296 1280 3355 post
1306 3304 1432 3343 eum
1465 3292 1643 3359 vadit;
1683 3313 1702 3346 ι
1730 3306 1891 3365 atque
1941 3300 2013 3352 ita

422 3364 548 3429 quia
584 3367 716 3421 nihil
743 3369 981 3439 cﬂicitis,
1020 3386 1234 3436 cessate
1256 3380 1322 3436 ab
1349 3382 1584 3450 insidiis,
1620 3395 1677 3439 ut
1708 3405 1774 3442 uc
1802 3364 2012 3444 ifruStra

423 3458 740 3527 injustitiam
784 3468 1055 3541 patretis.,'

490 3741 872 3802 Vens.20-25.
913 3765 931 3799 r
972 3747 1139 3804 Erant
1204 3760 1389 3807 autem
1460 3755 1680 3825 quidam
1735 3757 1906 3813 ϐινερί
1949 3776 2014 3815 cx

416 3840 500 3895 his
539 3843 628 3911 qui
661 3845 1028 3901 ascenderant
1060 3859 1113 3901 ut
1144 3853 1438 3907 adorarent
1492 3854 1545 3908 in
1575 3854 1734 3911 festo.
1768 3856 1832 3911 lli
1886 3873 2016 3927 ergo

414 3945 768 3990 accesserunt
818 3940 885 3992 ad
954 3939 1288 4011 Philippum,
1339 3944 1431 4013 qui
1485 3955 1606 4001 erat
1653 3963 1682 4001 a
1726 3948 2014 4004 Bethsaida

411 4026 667 4093 Galilzcae,
710 4039 764 4085 et
791 4032 1056 4102 rogabant
1086 4049 1232 4101 eum,
1261 4036 1507 4094 dicentes
1537 4056 1553 4094 :
1585 4038 1833 4105 Domine,
1862 4042 2016 4096 volu-

414 4136 534 4175 mus
562 4119 744 4177 Jesunt
773 4125 975 4181 videre.
1000 4126 1163 4182 Venit
1194 4128 1492 4200 Philippus.
1522 4140 1579 4186 et
1601 4131 1729 4186 dicit
1760 4132 2016 4203 Andrem,

411 4214 662 4272 Andreas
692 4232 906 4274 rursmn
932 4229 989 4275 et
1014 4220 1297 4293 Philippus
1332 4224 1522 4280 dicunt
1552 4223 1702 4281 Jesu.
1726 4223 1886 4282 Jesus
1918 4242 2012 4283 au-

411 4318 516 4362 tem
549 4313 827 4379 respondit
858 4314 938 4370 eis
972 4316 1161 4371 dicens
1203 4332 1218 4373 :
1260 4314 1424 4372 Venit
1459 4318 1592 4373 hora
1641 4326 1700 4373 ut
1740 4319 2013 4390 gloriﬁce-

409 4411 496 4457 tur
526 4404 694 4461 Filius
741 4407 997 4464 hominis.
1037 4411 1235 4470 Amen.
1293 4425 1457 4464 amen
1507 4411 1629 4467 dico
1684 4413 1863 4478 vobis,
1905 4415 2011 4470 nisi

402 4512 630 4565 granum
667 4499 925 4557 frtnncnli
960 4502 1231 4573 dejectum
1257 4504 1310 4557 in
1345 4511 1548 4559 terram
1588 4516 1860 4561 mortuum
1890 4505 2010 4563 fue-

403 4594 494 4657 rit,
554 4593 728 4663 ipsum
764 4596 941 4650 solum
999 4605 1235 4650 manet:
1285 4595 1330 4650 si
1389 4610 1520 4651 vero
1567 4606 1841 4653 mortuum
1886 4596 2007 4655 fue-

2131 2092 2325 2147 τούτου
2377 2095 2701 2166 δυνάμεωςο
2737 2098 2818 2151 διὸ
2870 2100 2967 2152 καὶ
2997 2099 3323 2170 ὑπήντησαν
3383 2098 3538 2170 αὐτῷ
3584 2098 3730 2168 μετὰ

2127 2184 2283 2255 δόξης
2356 2187 2406 2240 οἱ
2464 2189 2802 2254 ἀκούσαντες
2850 2190 3009 2244 τοῦτο
3057 2189 3316 2259 γενέσθαι
3351 2189 3411 2244 τὸ
3475 2191 3729 2260 σημεῖον.

2129 2278 2377 2350 δηλονότι
2407 2282 2825 2350 πιστεύσαντες.
2864 2285 2939 2338 Οὐ
2987 2284 3096 2357 γὰρ
3144 2285 3232 2349 ἂν,
3269 2286 3319 2339 εἰ
3351 2286 3426 2357 μὴ
3471 2288 3732 2340 ἐπίστευ-

2134 2389 2256 2439 σαν,
2292 2374 2469 2439 οὕτως
2498 2376 2695 2448 ἁθρόον
2735 2377 3127 2451 μετετέθησαν.
3164 2378 3228 2431 Οἱ
3258 2378 3318 2431 δὲ
3347 2380 3639 2452 Φαρισαῖοι
3675 2380 3729 2432 οἱ

2127 2464 2402 2534 λέγοντες,
2437 2470 2519 2521 ὅτι
2558 2487 2575 2521 ι
2611 2470 2901 2541 Θεωρεῖτε,
2936 2470 3017 2524 ὅτι
3041 2472 3141 2525 οὐκ
3163 2470 3427 2543 ὠφελεῖτε
3479 2471 3664 2534 οὐδὲν,
3705 2490 3725 2522 ο

2131 2556 2232 2609 οὐκ
2288 2559 2397 2610 ἀπὸ
2444 2559 2710 2630 πονηρίας
2765 2560 2940 2614 ταῦτα
2983 2561 3314 2632 φθέγγονται
3342 2579 3359 2596 ο
3421 2564 3484 2617 οὐ
3520 2564 3633 2635 γὰρ
3663 2565 3734 2618 ἐκ

2124 2650 2236 2703 τῶν
2262 2653 2406 2706 κατὰ
2435 2653 2530 2706 τοῦ
2566 2654 2819 2726 Σωτῆρος
2854 2657 3208 2726 μελετώντων
3236 2652 3401 2730 ἦσαν,
3450 2658 3571 2712 ἀλλ’
3633 2658 3732 2710 εὖ·

2126 2743 2412 2815 γνώμονες
2429 2745 2529 2816 μὲν
2563 2747 2807 2801 ἐοίκασιν
2847 2743 3010 2815 εἶναι,
3044 2750 3489 2821 ἀπαρῤησίαστοι
3519 2751 3576 2804 δέ
3601 2766 3613 2780 ο
3647 2748 3735 2803 διδ

2132 2837 2206 2907 μὴ
2272 2839 2585 2909 τολμῶντες
2616 2841 2870 2913 φανερῶς
2912 2842 3238 2913 ἀντιστῆναι
3286 2845 3405 2908 τοῖς
3453 2843 3599 2898 κατὰ
3630 2842 3731 2897 τοῦ

2130 2927 2339 2997 Κυρίου
2371 2928 2660 2994 λυττῶσιν,
2691 2930 2802 2984 ἀπὸ
2852 2933 2954 3002 τῆς
2998 2931 3284 2996 ἐκϐάσεως
3329 2933 3427 2987 τοῦ
3458 2934 3735 3004 πράγμα-

2130 3039 2222 3083 τος
2302 3021 2603 3091 πειρῶνται
2693 3024 3048 3078 ἀναστέλλειν
3131 3026 3350 3091 αὐτοὺς,
3427 3029 3727 3099 μονονουχὶ

2123 3113 2352 3168 τοιαῦτα
2376 3115 2629 3184 λέγοντες
2652 3134 2667 3149 ο
2693 3117 2831 3170 Ποία
2862 3118 2990 3188 ὑμῖν
3023 3117 3266 3187 ὠφέλεια
3296 3119 3404 3173 ἀπὸ
3436 3119 3549 3173 τῶν
3591 3119 3731 3174 πολ-

2124 3206 2234 3259 λῶν
2276 3208 2386 3259 τῶν
2448 3208 2587 3262 κατὰ
2644 3210 2738 3262 τοῦ
2797 3210 3089 3279 ἀνθρώπου
3123 3211 3317 3265 τούτου
3373 3212 3729 3279 ἐπιϐουλῶν;

2044 3340 2086 3397 C
2129 3299 2294 3352 Ὅσον
2318 3299 2384 3353 ἂν
2415 3300 2831 3371 ἐπιϐουλεύητε,
2858 3303 3117 3358 τοσοῦτον
3138 3300 3298 3369 οὗτος
3336 3304 3590 3374 αὔξεται,
3626 3308 3733 3359 καὶ

2127 3392 2441 3444 ἐπιδίδωσιν
2480 3394 2512 3461 ἡ
2557 3391 2685 3457 δόξα
2734 3393 2925 3448 αὑτοῦ.
2968 3415 2986 3448 r
3031 3396 3089 3449 '0
3123 3398 3331 3469 κόσμος
3361 3416 3380 3450 ι
3417 3399 3551 3470 γὰρ,
3604 3400 3734 3468 ἢτοι

2123 3481 2184 3533 τὸ
2214 3484 2321 3535 πᾶν
2384 3483 2611 3553 πλῆθος,
2660 3504 2678 3536 ι
2751 3484 2929 3539 ὀπίσω
2979 3489 3143 3541 αὑτοῦ
3190 3488 3457 3559 ἀπῆλθεν.
3496 3509 3518 3543 ι
3556 3491 3733 3545 Ὥστε

2124 3574 2247 3626 ἐπεὶ
2295 3574 2450 3628 οὐδὲν
2500 3576 2717 3642 ἀνύετε,
2776 3577 3062 3633 παύσασθε
3102 3580 3213 3633 τῶν
3250 3580 3581 3646 ἐπιϐουλῶν,
3640 3582 3737 3637 ἵνα

2078 3696 2081 3697 ν
2128 3666 2204 3736 μὴ
2241 3667 2483 3737 ἀνομῆτε
2518 3667 2798 3739 διακενῆς.

2203 3778 2222 3809 ι
2258 3754 2443 3811 Ἦσαν
2478 3758 2533 3811 δέ
2566 3777 2709 3824 τινες
2741 3761 3004 3834 ’Έλληνες
3035 3764 3099 3818 ἐκ
3151 3766 3260 3819 τῶν
3291 3766 3731 3832 ἀναϐαινόντων,

2125 3850 2214 3904 ἵνα
2264 3854 2722 3924 προσκυνήσωσιν
2772 3857 2829 3907 ἐν
2876 3859 2944 3927 τῇ
2979 3858 3162 3929 ἑορτῇ.
3195 3851 3359 3912 Οὗτοι
3411 3860 3735 3932 προσῆλθον

2122 3941 2378 4014 Φιλίππῳ
2432 3943 2511 4012 τῷ
2572 3945 2702 4001 ἀπέλ
2748 3946 3028 4015 Βηθσαῖδᾶ
3096 3950 3195 4018 τῆς
3253 3950 3574 4018 Γαλιλαίας,
3632 3954 3735 4006 καὶ

2123 4032 2421 4103 ἠρώτησαν
2475 4036 2660 4098 αὑτὸν,
2711 4037 3000 4107 λέγοντες-
3067 4039 3263 4111 Κύριε,
3326 4042 3560 4114 θέλομεν
3635 4044 3735 4098 τὸν

2137 4125 2350 4195 Ἰησοῦν
2387 4126 2534 4181 ἰδεῖν.
2572 4129 2829 4199 Ἔρχεται
2863 4131 3131 4197 Φίλιππος
3161 4134 3256 4187 καὶ
3287 4135 3440 4204 λέγει
3482 4135 3562 4208 τῷ
3602 4138 3732 4189 Ἀνο

2120 4217 2279 4289 δρέςν
2313 4219 2409 4272 καὶ
2441 4219 2607 4274 πάλιν
2655 4222 2910 4293 ’Δνδρέας
2941 4224 3036 4277 καὶ
3066 4225 3339 4291 Φίλιππος
3374 4227 3605 4296 λέγουσι
3646 4229 3731 4301 τῷ

2133 4306 2334 4377 Ἰησοῦ.
2380 4309 2437 4363 Ὀ
2484 4310 2541 4363 δὲ
2583 4310 2794 4381 Ἰησοῦς
2850 4314 3190 4382 ἀπεκρίνατο
3229 4315 3439 4383 αὐτοῖς,
3497 4316 3684 4388 λέγων
3715 4335 3731 4349 ο

2134 4401 2480 4476 Ἐλήλυθενή
2512 4406 2652 4478 ὥρα,
2688 4407 2773 4460 ἵνα
2803 4405 3034 4479 δοξασθῇ
3059 4411 3086 4462 6
3122 4409 3251 4473 Υἱὸς
3276 4410 3373 4464 τοῦ
3401 4411 3732 4483 ἀνθρώπου.

2133 4497 2330 4568 Ἀμὴν,
2358 4496 2507 4568 ἀμὴν
2543 4497 2689 4566 λέγω
2717 4499 2867 4570 ὑμῖν,
2898 4500 2994 4554 ἐὰν
3021 4499 3096 4572 μὴ
3126 4503 3155 4554 6
3191 4501 3394 4566 κόκκος
3438 4503 3536 4557 τοῦ
3563 4505 3730 4561 σίτου

2118 4587 2303 4643 πεσὼν
2334 4591 2415 4653 είς
2449 4590 2691 4661 τὴνζγῆν
2712 4592 2978 4665 ἀποθάνῃ,
3022 4593 3186 4657 αὐτὸς
3212 4595 3377 4663 μόνος
3412 4594 3596 4667 μένει·
3627 4598 3736 4652 ἐὰν

401 4686 492 4752 rit,
528 4686 754 4742 multum
792 4688 1028 4743 fructum
1071 4687 1252 4744 all'ert.
1286 4707 1305 4739 ι
1359 4687 1589 4758 Propter
1642 4692 2007 4760 pulchritudi-

2126 4681 2171 4736 se
2222 4681 2493 4755 ἀποθάνῃ,
2548 4683 2719 4737 πολὺν
2779 4685 2994 4755 καρπὸν
3050 4686 3228 4755 φέρει.
3284 4705 3303 4739 ι
3371 4688 3475 4743 Διὰ
3530 4690 3594 4742 τὸ
3628 4691 3732 4745 τοῦ

399 4796 522 4837 nem
551 4782 757 4853 templi,
794 4791 849 4837 et
892 4797 957 4838 ea
1007 4797 1131 4853 qua:
1172 4784 1241 4837 de
1285 4779 1488 4838 Judazis
1539 4783 1862 4839 dicebantur
1905 4787 2005 4840 ad—

397 4876 667 4942 miranda,
697 4877 852 4930 multi
888 4877 1053 4932 etiam
1082 4873 1398 4931 Graecorum
1416 4878 1784 4932 ascenderunt
1808 4878 2001 4932 adora.

395 4969 520 5025 turi.
556 4968 755 5023 Parum
785 4978 964 5023 autem
991 4967 1183 5023 aberat
1211 4969 1341 5040 quin
1376 4969 1429 5023 hi
1478 4970 1739 5041 proselyti
1784 4972 2000 5039 fierent,

384 5064 497 5134 .hoc
552 5071 640 5118 est
694 5062 761 5118 ad
818 5060 1159 5117 Judaismum
1224 5063 1567 5118 accederent.
1629 5061 1799 5133 igitur
1856 5061 2001 5117 fama

390 5159 794 5212 communicata
823 5159 889 5211 de
905 5155 1060 5220 Jesu,
1087 5157 1354 5211 accedunt
1378 5156 1446 5212 ad
1469 5155 1802 5228 Philippum,
1824 5166 1874 5211 et
1910 5174 2000 5212 ro-

389 5258 653 5318 gaverunt
679 5265 803 5304 eum
837 5256 898 5304 ut
940 5247 1185 5302 viderent
1227 5246 1439 5314 Jesutn,
1505 5250 1609 5304 hoc
1656 5259 1738 5305 est
1792 5250 2001 5320 petive-

390 5351 537 5396 runt.
574 5344 644 5395 At
674 5343 762 5398 ille
788 5341 903 5414 (sed
933 5343 1054 5398 vide
1107 5344 1451 5409 modestiam,
1483 5353 1538 5399 et
1590 5345 1790 5399 bonum
1845 5344 1999 5399 ordi-

389 5436 534 5504 nem)
571 5451 591 5485 ι
620 5434 851 5488 Andreae
873 5433 1022 5497 dicit,
1060 5452 1080 5486 ι
1112 5440 1369 5501 tanquam
1395 5433 1442 5487 ei
1475 5434 1567 5503 qui
1599 5444 1728 5488 ante
1753 5447 1814 5488 se
1844 5440 1997 5497 erat:

385 5536 439 5581 et
473 5526 566 5581 ille
599 5541 703 5579 non
730 5537 949 5596 arrogat
982 5526 1083 5581 sibi
1113 5526 1539 5597 suggestionem,
1572 5541 1752 5596 neque
1802 5534 1995 5579 aucto-

390 5618 603 5672 ritatem
637 5627 884 5689 usurpat,
921 5618 1015 5674 sed
1051 5618 1213 5674 simul
1238 5618 1516 5688 accipitet
1554 5618 1891 5687 Philippum,
1936 5624 1994 5670 et

387 5703 462 5766 ita
505 5710 731 5766 fidenter
765 5712 995 5768 Domino
1021 5712 1286 5768 referunt.
1333 5711 1543 5765 Tantus
1593 5710 1749 5773 ordo,
1807 5723 1992 5763 amor-

386 5819 491 5872 que
538 5814 754 5860 muluus
786 5805 934 5863 inter.
964 5822 1059 5861 eos
1104 5814 1243 5862 erat.
1288 5804 1427 5871 Quid
1486 5803 1649 5872 igitur
1697 5798 2000 5855 Dominus?

384 5894 523 5950 Cum
574 5897 852 5969 discipulis
901 5899 1278 5955 interdixisset
1329 5914 1397 5951 ne
1447 5896 1499 5951 in
1557 5894 1697 5947 viam
1750 5891 1993 5961 gentium

393 5987 627 6057 abirent,
677 5991 996 6062 videretque
1039 6002 1228 6065 gentes
1258 5989 1450 6060 sejatn
1504 5983 1767 6042 accedere
1798 5979 1997 6053 (Graeci

2111 4774 2241 4829 ναοῦ
2294 4774 2519 4838 κάλλος,
2592 4776 2692 4829 καὶ
2751 4776 2820 4829 τὰ
2883 4776 3154 4847 λεγόμενα
3209 4778 3366 4851 παρὰ
3441 4781 3734 4848 Ἰουδαίοις

2114 4867 2429 4938 θαυμαστὰ,
2456 4866 2640 4920 πολλοὶ
2672 4867 2900 4921 καὶτῶν
2952 4869 3224 4941 Ἑλλήνων
3261 4874 3506 4946 ἀνῄεσαν
3547 4894 3734 4949 προσ-

2115 4962 2473 5033 κυνήσοντες.
2509 4954 2671 5014 Οὗτοι
2735 4960 2791 5013 δὲ
2843 4963 3013 5031 ἐγγὺς
3053 4959 3195 5033 ἦσαν
3226 4967 3322 5019 τοῦ
3368 4968 3467 5021 καὶ
3502 4972 3730 5044 προσή-

2110 5054 2265 5108 λυτοι
2295 5053 2573 5122 γενέσθαι,
2610 5054 2728 5124 ἦτοι
2757 5053 2835 5125 τῷ
2869 5055 3193 5128 Ἰουδαϊσμῷ
3217 5061 3571 5131 προσελθεῖν.
3608 5065 3732 5136 Τῆς

2109 5143 2206 5203 οὖν
2241 5145 2498 5217 περὶτοῦ
2567 5145 2745 5217 Ἰησοῦ
2803 5148 3009 5218 φήμης
3054 5149 3422 5224 διαδοθείσης,
3483 5174 3506 5207 ι
3547 5174 3733 5228 προσ.

2112 5241 2234 5295 ίασι
2268 5237 2348 5309 τῷ
2396 5236 2669 5308 Φιλίππῳ,
2700 5239 2795 5292 καὶ
2842 5239 3139 5312 ἠρώτησαν
3176 5243 3346 5300 αὐτὸν
3387 5265 3406 5298 ι
3452 5247 3600 5302 ὥστε
3633 5251 3735 5306 τὸν

2119 5330 2329 5403 Ἰησοῦν
2361 5330 2509 5398 ἰδεῖν,
2541 5330 2846 5397 τουτέστιν,
2890 5334 3288 5405 ῂτήσαντο.“⁹0
3332 5338 3393 5392 δὲ
3445 5340 3592 5411 (ἀλλ’
3619 5344 3732 5415 ὅρα

2113 5422 2586 5496 μετριοφροσὺνην
2606 5425 2701 5479 καὶ
2727 5426 3006 5497 εὐταξίαν)
3066 5448 3084 5481 σ
3116 5428 3194 5501 τῷ
3223 5432 3456 5506 Ἀνδρέᾳ
3491 5434 3675 5507 λέγει,
3704 5457 3726 5492 ι

2111 5518 2187 5580 ὡς
2214 5516 2322 5588 πρὸ
2375 5516 2542 5570 αὑτοῦ
2598 5517 2736 5572 ὄντι.
2795 5521 3068 5587 Κάκεῖνος
3156 5525 3258 5598 οὐχ
3311 5528 3561 5601 ἁρπάζει
3623 5532 3734 5605 τὴν

2111 5610 2443 5680 ὑπόμνησιν,
2474 5611 2594 5663 οὐδὲ
2630 5611 2897 5679 αὐθεντεῖ,
2929 5616 3069 5670 ἀλλὰ
3117 5624 3589 5691 συμπαραλαϐὼν
3622 5628 3728 5682 καὶ

2108 5701 2400 5763 Φίλιππον,
2460 5698 2607 5753 οὕτω
2676 5701 2871 5772 θαρρεῖ
2920 5703 3020 5775 τὴν
3059 5706 3415 5778 ὑπόμνησινο
3468 5713 3732 5784 τοσαύτη

2111 5791 2339 5857 εὐταξία
2390 5792 2485 5844 καὶ
2527 5792 2850 5865 φιλαλληλία
2895 5796 3082 5863 αὐτοῖς
3148 5801 3596 5858 ἐνεπολιτεύετο.
3656 5806 3730 5859 Τί

2108 5886 2291 5939 τοίνυν
2331 5886 2360 5938 6
2386 5883 2628 5957 Κύρ‹ος;
2673 5887 2894 5958 Ἐπειδὴ
2933 5894 3045 5953 τοῖς
3074 5891 3348 5963 μαθηταῖς
3393 5897 3730 5967 παρήγγει-

2112 5978 2202 6034 λεν
2234 5978 2311 6040 είς
2361 5977 2478 6032 ὁδον
2524 5976 2697 6033 ἐθνῶν
2748 5981 2821 6050 μὴ
2870 5982 3150 6062 ἀπελθεῖν,
3192 5984 3343 6057 ἐώρα
3382 5987 3441 6041 δὲ
3498 5989 3602 6063 ἤδη
3652 5990 3731 6046 τὰ
