4060 6580
357 480 466 548 195

1030 488 1476 552 ENARRATIO
1516 490 1597 550 IN
1637 487 2136 551 EVANGELIUM
2175 487 2518 550 JOANNIS.
2555 511 2629 527 α·-
2664 489 2822 551 CAP.
2853 489 2992 551 XII.

3523 484 3625 549 126

354 602 488 673 ἔθνη
526 602 677 673 αύτῷ
708 602 1005 673 προσιόντα
1041 605 1112 668 (οἱ
1163 605 1271 674 γὰρ
1306 605 1572 675 Ἕλληνες
1599 608 1648 658 οἱ
1684 605 1934 667 θέλοντες

2041 602 2185 655 enim
2203 601 2293 671 qui
2313 600 2562 656 volebant
2580 618 2701 657 eum
2721 603 2926 666 videre,
2943 600 3163 657 omnino
3178 600 3621 673 gentiles,eraut:

355 696 524 747 αὑτὸν
544 696 692 760 ἰδεῖν,
716 696 921 749 ἐθνικοὶ
953 697 1172 760 πάντως
1196 694 1384 768 ἦσαν),
1413 699 1538 761 τοὺς
1555 698 1612 750 δὲ
1647 696 1936 755 Ἰουδαίους

355 787 480 857 ᾔδει
532 789 682 859 αύτῷ
736 790 1205 854 ἐπιϐουλεύοντας*
1238 791 1464 862 Καιρδς,
1515 792 1697 860 φησὶν,
1748 789 1934 842 λοιπὸν

358 879 457 929 ἐπὶ
503 878 564 930 τὸ
604 878 776 942 πάθος
806 879 999 932 ἐλθεῖν.
1030 899 1047 931 ι
1093 880 1383 948 Ἐλήλυθεν
1412 881 1520 951 γὰρ
1559 879 1738 950 ἡῶρα
1777 899 1795 932 ι
1838 877 1933 931 τοῦ

357 970 624 1038 σταυροῦ,
660 989 678 1021 ι
714 971 801 1023 ἵνα
833 971 1063 1040 δοξασθῇ
1103 974 1130 1024 6
1170 973 1295 1034 Υίος
1318 971 1410 1024 τοῦ
1454 972 1764 1043 ἀνθρώπου.
1814 990 1831 1023 ι
1868 970 1936 1023 Τί

355 1060 471 1130 γὰρ
504 1061 697 1129 ὄφελος
731 1062 799 1115 τὰ
829 1062 929 1132 μὲν
961 1063 1087 1133 ἔθνη
1116 1063 1409 1133 προσιόντα
1440 1065 1571 1133 ἡμῖν
1607 1062 1680 1132 μὴ
1707 1061 1937 1131 προσδέ-

352 1153 576 1220 χεσθαι,
625 1154 738 1215 τοῖς
789 1153 847 1205 δὲ
912 1154 1187 1216 Ἰουδαίοις
1263 1153 1483 1222 μισοῦσι
1526 1154 1619 1206 καὶ
1681 1153 1935 1205 διώκουσι

354 1244 757 1316 προστρέχειν;
815 1247 970 1299 Ἐπεὶ
1017 1247 1195 1299 τοίνυν
1228 1248 1276 1299 οἱ
1310 1246 1370 1312 ἐξ
1422 1245 1591 1299 ἐθνῶν
1657 1245 1932 1315 προστρέ-

353 1354 551 1406 χουσιν
586 1339 743 1406 ἡμῖν,
790 1337 886 1391 νῦν
938 1338 1125 1392 λοιπὸν
1176 1340 1208 1408 ἡ
1245 1338 1363 1409 ὥρα
1395 1336 1488 1390 τοῦ
1521 1336 1925 1408 σταυρωθῆναι.

354 1427 574 1481 Οὐκοῦν
623 1429 964 1498 συγχωρήσω
1017 1432 1128 1491 τοῖς
1165 1430 1442 1492 Ἰουδαίοις
1481 1430 1656 1500 πέρας
1716 1430 1929 1497 ἐπαγα-

356 1520 480 1584 γεῖν
517 1521 629 1581 τοῖς
688 1519 1052 1589 βουλεύμασιν
1102 1521 1304 1585 αὐτῶν,
1357 1521 1454 1574 καὶ
1485 1520 1700 1574 ἐνδώσω
1728 1522 1930 1585 αὐτοῖς,

354 1610 505 1665 ὥστε
540 1598 852 1684 σταυρῶσαί
879 1630 967 1684 με,
1006 1613 1096 1668 ἵνα
1139 1614 1203 1685 δὴ
1250 1614 1651 1685 ἀπροφάσιστοι
1688 1609 1821 1668 ὦσιν
1852 1617 1933 1678 είς

354 1703 420 1755 τὸ
469 1703 787 1772 μετέπειτα,
848 1705 1083 1773 εὐλόγως
1134 1704 1269 1776 ἐμοῦ
1318 1706 1549 1776 ἀφέντος
1604 1708 1802 1769 αὐτοὺς
1858 1707 1934 1770 ὡς

356 1796 684 1867 παυρωτάς
722 1796 860 1868 ὁμοῦ
882 1800 973 1851 καὶ
1001 1800 1201 1865 φονεῖς,
1231 1799 1326 1852 καὶ
1351 1801 1461 1861 τοῖς
1490 1796 1666 1851 ἔθνεσι
1683 1816 1934 1869 προσχω-

355 1891 631 1957 ρήσαντος
663 1892 775 1953 τοῖς
820 1891 921 1961 ἥδη
950 1890 1279 1960 ἀρξαμένοις
1307 1891 1590 1961 προσιέναι
1618 1894 1684 1962 τῇ
1719 1894 1825 1962 ἐμῇ
1850 1892 1930 1945 δι-

2038 692 2253 748 .ludaeos
2279 701 2453 747 autem
2485 692 2691 748 sciebat
2716 692 2815 747 sibi
2837 692 3124 763 insidiari),
3145 691 3398 760 Tempus,
3424 689 3623 760 inquit,

2038 799 2176 839 nunc
2207 792 2306 854 ,est
2355 783 2644 839 accedendi
2688 785 2753 837 ad
2813 786 3145 855 passionem.
3195 802 3214 835 ι
3244 781 3407 837 Venit
3453 784 3621 848 enim,

2037 875 2233 945 inquit,
2266 876 2395 928 hora
2426 894 2444 925 ι
2481 874 2681 940 crucis,
2718 893 2735 926 ι
2775 884 2832 928 ιιι
2860 874 3191 941 glorilicetur
3226 873 3394 928 Filius
3432 873 3613 927 homi-

2037 967 2142 1022 nis.
2192 985 2211 1018 ι
2249 966 2381 1021 Nam
2420 966 2547 1037 quid
2570 981 2707 1037 opus
2742 979 2827 1021 est
2857 977 3041 1034 gemes
3065 981 3184 1036 qua:
3214 981 3309 1021 nos
3336 965 3620 1027 accedunt,

2036 1074 2140 1113 non
2181 1060 2479 1128 suscipere,
2519 1066 2572 1112 et
2599 1072 2887 1112 accurrere
2935 1058 3002 1112 ad
3053 1056 3291 1123 Judzeos,
3338 1057 3434 1126 qui
3487 1057 3622 1111 ode-

2034 1159 2161 1205 runt
2186 1158 2239 1205 et
2275 1160 2666 1220 persequuntur
2714 1150 2930 1220 ﬂgitur
2984 1151 3108 1221 quia
3155 1165 3219 1204 ex
3249 1150 3493 1219 gentibus
3530 1161 3622 1202 ve-

2035 1246 2192 1299 niunt
2218 1246 2284 1299 ad
2317 1260 2433 1308 nos,
2464 1258 2609 1298 nunc
2638 1252 2721 1298 est
2755 1253 2964 1309 tempus
3015 1249 3073 1295 ul
3106 1239 3413 1309 cruciﬁgar.
3444 1237 3615 1309 Igitur

2034 1336 2345 1405 permittam
2385 1333 2583 1389 Judreis
2612 1344 2672 1389 ut
2703 1332 2992 1388 insidiandi
3046 1333 3205 1386 linem
3270 1329 3491 1391 faciant,
3557 1335 3616 1383 et

2035 1426 2341 1495 permittam
2369 1426 2447 1481 eis
2478 1434 2535 1479 ut
2565 1425 2883 1493 cruciﬁgant
2942 1438 3050 1489 me,
3091 1430 3151 1478 ut
3210 1431 3359 1476 certe
3417 1420 3617 1473 nullam

2035 1515 2266 1570 habeant
2292 1515 2696 1571 excusationem
2718 1513 2881 1585 675
2914 1515 3161 1582 posthac,
3192 1527 3315 1567 eum
3340 1515 3487 1580 iuste
3530 1523 3621 1564 re-

2033 1605 2240 1674 liquero
2262 1619 2356 1661 eos
2382 1615 2438 1660 ut
2469 1607 2822 1662 cruciﬁxores
2846 1615 2899 1660 et
2938 1605 3319 1659 interfectores
3361 1617 3534 1665 meos,
3558 1610 3616 1655 et

2035 1698 2316 1753 contulero
2346 1713 2431 1752 me
2464 1700 2530 1753 ad
2552 1706 2757 1768 gentes,
2798 1712 2919 1767 quae
2965 1710 3105 1750 nunc
3148 1695 3329 1750 venire
3378 1694 3618 1762 incoape-

2033 1789 2248 1843 runtad
2280 1788 2578 1843 doctrinam
2619 1802 2814 1841 meam.
2860 1786 2992 1840 Nam
3021 1785 3175 1839 valde
3220 1785 3480 1854 iniustum
3536 1791 3623 1839 est

2034 1879 2167 1932 nihil
2189 1879 2305 1933 dari
2337 1879 2605 1946 gentibus,
2632 1893 2753 1949 qua:
2773 1877 2996 1933 verbum
3029 1893 3091 1932 ac
3120 1876 3346 1932 salutem
3377 1875 3569 1931 sitiunt
3598 1891 3614 1927 :

350 1950 519 2050 det-xi].
549 1950 686 2034 Δίαν
724 1950 1053 2051 γάράδικον
1092 1950 1205 2045 τοῖς
1253 1950 1366 2051 μὲν.
1397 1981 1573 2035 ἔθνεσι
1601 1950 1929 2052 διᾷῶσιητοῦ

2040 1971 2237 2026 ludatis
2270 1980 2447 2025 autem
2477 1972 2567 2039 qui
2603 1981 2860 2037 respuunt
2900 1968 3003 2024 sibi
3032 1969 3179 2031 data,
3205 1976 3259 2023 et
3293 1967 3623 2022 insidiantur

353 2074 524 2142 λόγου
565 2076 659 2128 καὶ
714 2074 1162 2144 τῆς·σωτηρίας,
1213 2074 1378 2144 μηδὲν
1442 2075 1664 2139 διδόναι,
1706 2078 1819 2138 τοῖς
1875 2074 1933 2127 δὲ

352 2165 706 2219 ἀποπτύουσι
735 2166 805 2219 τά
834 2165 1085 2235 διδόμενα
1119 2166 1395 2228 Ἰουδαίοις
1423 2166 1516 2218 καὶ
1541 2166 1930 2219 ἐπιϐουλεύου-

353 2274 413 2309 σι
455 2257 535 2327 τῷ
568 2257 829 2328 εὐεργέτῃ
854 2257 1265 2327 προσλιπαρεῖν.
1312 2254 1444 2311 Εἶτα
1474 2257 1560 2309 ἵνα
1592 2258 1669 2328 μὴ
1700 2259 1934 2312 σκανδα-

352 2348 619 2401 λισθῶσιν
656 2349 705 2401 οί
748 2347 1010 2417 μαθηταὶ,
1037 2349 1118 2400 ὅτι
1144 2348 1231 2401 ὅτε
1272 2349 1365 2401 καὶ
1397 2348 1467 2401 τά
1492 2348 1616 2419 ἔθνη
1646 2351 1931 2419 προσιέναι

354 2437 620 2509 ἧρξαντο,
647 2438 768 2490 τότε
787 2439 882 2491 καὶ
904 2437 1263 2508 ἀποθνήσκει,
1297 2439 1484 2506 φησὶν,
1507 2439 1581 2502 ὼς
1610 2440 1752 2492 Αὐτὸ
1774 2440 1932 2493 τοῦτο

360 2529 571 2601 μᾶλλον
628 2530 689 2582 τὸ
724 2530 1016 2585 ἀποθανεῖν
1067 2532 1187 2601 ἐμὲ,
1225 2531 1574 2602 αὑξήσειτὴν
1623 2533 1730 2585 τῶν
1761 2532 1931 2586 ἐθνῶν

358 2621 571 2674 πίστιν.
622 2620 832 2690 Ὠσπερ
887 2621 995 2692 γάρ
1046 2639 1067 2673 ι
1102 2622 1131 2673 6
1190 2623 1389 2683 κόκκος
1433 2622 1529 2675 τοῦ
1580 2624 1729 2676 σίτου
1792 2625 1921 2677 ὅταν

358 2712 599 2783 σπαρεὶς
638 2712 906 2782 ἀποθάνῃ,
937 2712 1237 2780 τηνικαῦτα.
1256 2713 1425 2766 πολὺν
1443 2715 1654 2785 καρπὸν
1681 2716 1837 2785 φέρει
1864 2732 1877 2746 ⁸
1905 2735 1924 2768 ι

353 2802 510 2856 οὕτω
540 2803 603 2872 δὴ
631 2804 726 2856 καὶ
751 2804 781 2855 6
815 2805 946 2875 ἐμὸς
979 2804 1209 2867 θάνατος
1234 2805 1401 2860 πολὺν
1443 2807 1534 2859 τὸν
1561 2810 1618 2861 ἐν
1651 2810 1716 2878 τῇ
1750 2808 1931 2863 πίστει

354 2894 477 2950 τῶν
501 2895 673 2948 ἐθνῶν
700 2896 914 2966 καρπὸν
966 2898 1198 2966 ἐνέγκοι.
1235 2898 1398 2951 Ὥστε
1430 2900 1618 2970 μηδεὶς
1647 2901 1933 2955 σκανδαλι-

356 2988 564 3056 ζέσθω,
593 2991 668 3054 ὡς
695 2991 793 3061 τῆς
823 2992 932 3044 τῶν
965 2991 1134 3045 ἐθνῶν
1182 2996 1551 3065 προσαγωγῆς
1594 2996 1682 3049 διὰ
1713 2997 1806 3049 τοῦ
1835 2997 1931 3051 θα-

354 3081 527 3134 νάτου
559 3080 634 3152 μὴ
672 3081 1115 3153 κολωδουμένηςο
1141 3084 1276 3137 ἀλλὰ
1324 3084 1402 3154 τῷ
1429 3084 1524 3138 τοῦ
1570 3088 1769 3140 κόκκου
1794 3088 1930 3140 ὐπο-

354 3172 618 3242 διίγματι
660 3172 953 3238 πειθέσθω,
984 3174 1084 3243 τὴν
1116 3176 1173 3227 ἐν
1198 3174 1277 3245 τῷ
1311 3176 1527 3247 θανάτῳ
1564 3195 1665 3249 μου
1698 3180 1927 3245 πτῶσιν,

2035 2061 2387 2125 benefactori,
2423 2061 2605 2114 luxutn
2628 2061 2995 2130 suppeditare.
3028 2059 3254 2129 Insuper
3284 2072 3350 2113 ne
3390 2057 3622 2112 scanda-

2034 2157 2263 2209 lizentur
2294 2152 2540 2222 discipuli
2587 2154 2729 2223 quod
2780 2155 2995 2221 quando
3025 2162 3079 2208 et
3124 2160 3312 2224 gentes
3355 2151 3618 2205 accedere

2034 2246 2373 2315 inceperunt,
2426 2252 2555 2299 tunc
2590 2245 2869 2308 moriatur,
2920 2245 3051 2297 dicit
3080 2245 3221 2312 quod
3271 2258 3426 2297 suum
3475 2241 3614 2297 mori

2037 2338 2191 2391 ﬁdem
2253 2337 2492 2408 gentium
2547 2338 2714 2406 magis
2770 2348 3051 2390 aucturum
3099 2337 3190 2390 sit.
3250 2334 3383 2389 Nam
3421 2353 3440 2386 ι
3479 2336 3620 2389 sicut

2033 2446 2256 2498 granum
2292 2428 2544 2484 frumenti
2574 2444 2694 2483 cum
2719 2429 3093 2494 setninavcris,
3121 2428 3372 2491 moritur,
3391 2437 3444 2480 et
3478 2436 3609 2481 tunc

2035 2521 2257 2574 multum
2306 2517 2536 2574 fructum
2583 2517 2757 2582 alIert,
2790 2536 2809 2570 ι
2848 2519 3032 2587 utique
3063 2529 3117 2572 et
3175 2534 3291 2573 mea
3325 2533 3469 2572 mors
3501 2534 3618 2573 ma-

2036 2627 2200 2683 gnum
2259 2612 2491 2666 fructum
2542 2612 2594 2665 in
2648 2610 2761 2665 ﬁde
2804 2612 3043 2681 gentium
3084 2620 3332 2681 apportat
3374 2628 3390 2669 :
3440 2621 3492 2665 et
3544 2612 3618 2666 ita

2035 2703 2213 2756 nullus
2260 2702 2675 2769 scandalizetur,
2717 2702 2864 2771 quod
2936 2701 3190 2757 adductio
3224 2702 3460 2773 gentium
3518 2716 3617 2771 per

2034 2802 2264 2847 mortem
2307 2807 2480 2847 meam
2535 2807 2639 2846 non
2697 2793 3067 2861 prohibeatur,
3120 2792 3211 2845 sed
3256 2791 3325 2845 ab
3367 2791 3616 2859 exemplo

2033 2883 2186 2950 grani
2230 2883 2415 2937 credat
2460 2896 2647 2936 casum
2700 2885 2751 2935 in
2803 2891 2973 2936 morte
3033 2897 3172 2947 mea,
3221 2881 3614 2935 incrementum

2034 2989 2219 3029 eorum
2257 2974 2348 3043 qui
2389 2973 2740 3036 crediderint,
2789 2973 3096 3028 allaturum.
3150 2971 3286 3027 Nam
3336 2972 3383 3026 si
3416 2974 3519 3026 hoc
3564 2976 3618 3026 iu

2033 3081 2204 3136 grano
2242 3067 2321 3132 lit,
2353 3066 2519 3121 multo
2551 3065 2719 3136 magis
2752 3065 2806 3120 in
2850 3080 2956 3119 me.
3000 3065 3134 3120 Cum
3175 3065 3318 3119 enim
3372 3075 3619 3118 mortuus

2036 3159 2210 3226 fuero,
2239 3168 2292 3214 et
2324 3173 2689 3221 resurrexero,
2737 3157 2903 3212 multo
2949 3157 3118 3226 magis
3150 3156 3427 3211 ostendam
3451 3156 3622 3209 virtu-

356 3263 591 3334 αῠξησιν
615 3266 724 3317 τῶν
758 3265 1125 3319 πιστευόντων
1149 3267 1493 3336 γενήσεσθαι.
1530 3268 1591 3321 Εἰ
1621 3268 1730 3340 γὰρ
1761 3271 1820 3321 ἐν
1850 3269 1926 3341 τῷ

2040 3260 2138 3307 tein
2174 3267 2367 3316 meam,
2399 3261 2592 3307 etcum
2630 3266 3000 3315 resurresero,
3035 3264 3225 3306 omnes
3252 3250 3472 3304 credent
3519 3249 3619 3302 mi-

358 3356 554 3427 κόκκῳ
581 3357 738 3410 τοῦτο
765 3360 995 3426 γίνεται,
1028 3358 1210 3428 πολλῷ
1258 3359 1460 3429 μᾶλλον
1488 3362 1543 3412 ἐν
1589 3362 1731 3431 ἐμοί.
1770 3362 1932 3416 Ἀπο-

2046 3344 2096 3397 Ιιί
2130 3353 2185 3399 ιιι
2218 3344 2347 3402 Deo.

357 3450 547 3504 Θανὼν
597 3451 707 3520 γὰρ
754 3452 849 3504 κα)⁵
898 3453 1161 3519 ἀναστὰς,
1202 3453 1404 3524 μᾶλλον
1460 3455 1622 3522 δείξω
1664 3455 1761 3527 τὴν
1794 3458 1933 3526 ἐμὴν
1964 3458 2196 3529 δύναμιν
2248 3460 2338 3514 διὰ
2400 3460 2494 3515 τοῦ
2554 3460 2875 3530 ἀναστῆναι,
2913 3456 3009 3512 καὶ
3039 3456 3243 3520 πάντες
3265 3455 3344 3519 ὡς
3374 3453 3494 3525 Θεῷ
3518 3471 3616 3525 μοι

359 3542 769 3598 πιστεύσουσιν.

449 3656 468 3690 ι
509 3637 566 3691 '0
583 3638 755 3707 φιλῶν
786 3640 885 3708 τὴν
911 3640 1093 3711 ψυχὴν
1119 3641 1309 3703 αὑτοῦ,
1332 3642 1588 3696 ἀπολέσει
1609 3644 1780 3714 αὐτήν
1804 3660 1819 3675 ’
1849 3646 1947 3699 καὶ

359 3732 395 3782 ὁ
435 3729 607 3799 μισῶν
634 3731 733 3801 τὴν
759 3734 939 3803 ψυχὴν
995 3733 1162 3786 αὐτοῦ
1213 3736 1270 3787 ἐν
1294 3734 1371 3804 τῷ
1404 3735 1594 3806 κόσμῳ
1624 3735 1820 3807 τούτῳ,
1867 3740 1947 3801 είς

359 3821 515 3893 ζωὴν
545 3822 761 3877 αἰώνιον
791 3824 1012 3893 φυλάξει
1041 3826 1231 3896 αὑτήν.
1271 3827 1396 3878 Ἐἀν
1428 3828 1551 3897 ἐμοὶ
1581 3828 1802 3899 διακονῇ
1839 3846 1946 3894 τις,

358 3916 495 3984 ἐμοὶ
542 3915 935 3969 ἀκολουθείτωο
978 3916 1074 3970 καὶ
1119 3918 1256 3970 ὅπου
1303 3917 1424 3988 εἰμὶ
1463 3918 1596 3985 ἐγὼ,
1644 3920 1761 3972 ἐκεῖ
1793 3920 1887 3972 καὶ
1918 3922 1946 3973 6

357 4005 615 4068 διάκονος
656 4008 683 4058 6
722 4008 852 4076 ἐμὸς
894 4005 1070 4062 ἔσται.
1116 4008 1227 4062 Καὶ
1258 4008 1353 4062 ἐάν
1400 4026 1484 4074 τις
1513 4012 1636 4081 ἐμοὶ
1695 4010 1939 4081 διακονῇ,

359 4099 592 4167 τιμήσει
642 4100 1095 4172 αύτδνόιῖατήρ.
1158 4121 1177 4154 ι
1229 4099 1446 4173 Ἐπειδὴ
1504 4104 1672 4173 ἐγγὺς
1727 4101 1796 4175 ἦν
1843 4103 1939 4157 τοῦ

364 4190 579 4253 πάθους
609 4193 637 4245 6
672 4191 895 4261 Κύριος,
924 4193 1039 4264 ᾔδει
1081 4194 1138 4247 δὲ
1166 4194 1291 4258 τοὺς
1344 4195 1595 4265 μαθητὰς
1640 4196 1944 4267 κατηφείας

363 4281 600 4352 πλήρεις
635 4283 947 4353 ἐσομένους,
975 4285 1063 4338 διὰ
1095 4283 1252 4338 τοῦτό
1311 4302 1498 4356 φησιν,
1553 4288 1635 4341 ὅτι
1679 4288 1944 4342 Τοσοῦτον

364 4375 431 4427 οὐ
470 4375 552 4427 δεῖ
593 4376 737 4446 ὑμᾶς
788 4376 881 4429 ἐπὶ
928 4377 1007 4447 τῷ
1060 4376 1180 4447 ἐμῷ
1212 4377 1427 4449 θανάτῳ
1474 4380 1769 4450 κατηφιᾷν,
1804 4378 1946 4432 ῶστε

361 4467 467 4521 ἀάν
490 4467 587 4522 καὶ
615 4468 775 4538 ὑμεῖς
806 4469 960 4521 αὐτοὶ
1017 4470 1091 4539 μὴ
1119 4470 1453 4541 ἀποθάνητε,
1480 4471 1591 4525 οὐδ’
1632 4471 1763 4541 ὑμῖν
1793 4469 1946 4525 ἔσται

372 4559 592 4630 κέρδος,
624 4559 762 4611 ἀλλά
782 4560 879 4612 καὶ
906 4561 1014 4620 πᾶς
1043 4560 1325 4631 ἄνθρωπος
1356 4562 1563 4628 ἁπλῶς,
1599 4561 1658 4625 ὃς
1680 4561 1777 4633 τὴν
1806 4579 1948 4633 παρ-

2116 3642 2279 3698 Vens.
2311 3642 2403 3705 25,
2440 3640 2532 3695 26.
2575 3659 2592 3692 ι
2632 3640 2732 3708 Qui
2770 3649 2920 3694 amat
2958 3639 3193 3693 animam
3220 3650 3394 3699 suam,
3429 3634 3619 3705 perdet

2041 3748 2161 3789 eam
2205 3751 2222 3789 :
2250 3744 2303 3788 et
2331 3734 2420 3802 qui
2460 3733 2575 3787 odit
2628 3733 2865 3785 animam
2904 3745 3055 3785 suam
3085 3730 3141 3784 in
3172 3730 3275 3784 hoc
3306 3727 3527 3792 mundo,
3561 3726 3617 3779 in

2041 3828 2205 3880 vitam
2237 3836 2495 3881 aeternam
2529 3825 2799 3879 custodiet
2830 3839 2976 3879 eam.
3022 3821 3080 3877 Si
3130 3822 3253 3892 quis
3282 3819 3414 3874 mihi
3447 3819 3613 3901 mini-

2038 3928 2194 3982 strat,
2218 3931 2305 3972 me
2332 3927 2592 3985 sequatur
2616 3934 2631 3971 :
2664 3926 2717 3970 et
2743 3916 2832 3970 ubi
2867 3928 2985 3968 sum
3013 3929 3135 3985 ego,
3164 3912 3274 3966 illic
3302 3919 3355 3964 ct
3373 3909 3621 3967 minister

2043 4023 2197 4064 meus
2227 4008 2355 4062 erit.
2395 4006 2453 4061 Si
2485 4006 2608 4075 quis
2632 4006 2762 4060 mihi
2793 4002 3202 4065 ministraverit,
3240 4000 3619 4054 cohonestabit

2047 4117 2168 4157 eum
2193 4100 2373 4155 Pater.
2437 4118 2456 4153 ι
2494 4099 2762 4166 Quoniam
2807 4111 2972 4166 prope
3014 4104 3131 4150 erat
3168 4092 3475 4163 passionem
3510 4091 3618 4146 Do-

2053 4196 2256 4260 minus,
2296 4204 2352 4248 et
2382 4194 2587 4249 sciebat
2611 4192 2908 4263 discipulos
2948 4204 3183 4247 maerore
3218 4189 3408 4261 plenos
3438 4185 3556 4241 t‘nre
3596 4204 3613 4240 :

2044 4287 2167 4342 ideo
2206 4286 2337 4342 dicit
2366 4286 2509 4355 quod
2532 4284 2714 4355 Usque
2743 4285 2877 4340 adeo
2905 4300 3010 4339 non
3040 4291 3255 4353 oportet
3284 4296 3378 4336 vos
3415 4280 3467 4334 in
3498 4293 3614 4332 mea

2046 4386 2220 4431 morte
2249 4376 2759 4441 mmrere,utetiam
2784 4389 2880 4431 vos
2902 4389 3120 4444 quoque
3149 4372 3248 4428 nisi
3281 4369 3614 4434 moriamini,

2044 4467 2249 4523 nullum
2273 4467 2485 4522 lucrum
2506 4466 2794 4521 habebitis.
2823 4464 2889 4519 Et
2918 4466 2971 4519 in
2998 4478 3235 4529 summa,
3259 4462 3436 4518 omnis
3454 4460 3619 4519 homo

2045 4562 2138 4631 qui
2179 4570 2500 4629 praesentem
2548 4560 2717 4613 vitam
2747 4558 2946 4626 diligit,
2985 4565 3041 4611 et
3095 4574 3115 4607 ι
3174 4556 3408 4609 animam
3463 4567 3617 4607 suam

362 4648 535 4702 οὖσαν
580 4649 727 4719 ζωὴν
786 4652 999 4722 ἀγαπᾷ,
1049 4652 1143 4705 καὶ
1197 4653 1295 4723 τὴν
1329 4653 1508 4724 ψυχὴν
1557 4653 1720 4707 αὑτοῦ
1772 4654 1936 4723 φιλεῖ,

2048 4661 2215 4717 amat,
2262 4669 2282 4703 ι
2345 4653 2448 4707 hoc
2498 4660 2581 4707 est
2639 4665 2737 4705 sua
2777 4648 3045 4704 desideria
3086 4646 3322 4702 absurda
3360 4645 3512 4712 facit,
3552 4652 3620 4715 {et

362 4741 639 4806 τουτέστι,
670 4741 768 4804 τάς
818 4742 1115 4814 ἐπιθυμίας
1157 4745 1327 4815 αὐτῆς
1367 4745 1466 4808 τὰς
1510 4746 1741 4808 ἀτόπους
1775 4747 1941 4810 ποιεῖ,

367 4831 468 4884 καὶ
495 4831 647 4900 παρά
670 4833 734 4883 τὸ
757 4833 877 4887 δέον
899 4834 1184 4904 χαρίζεται
1210 4835 1370 4902 αὐτῇ,
1394 4835 1488 4889 καὶ
1519 4834 1593 4906 μὴ
1616 4837 1946 4906 καταφρονεῖ

367 4922 628 4988 θανάτου,
679 4924 943 4978 ἀπόλλυσι
984 4926 1208 4993 ταύτην.
1245 4944 1265 4977 ι
1306 4926 1367 4980 '0
1396 4927 1453 4979 δὲ
1482 4925 1657 4997 μισῶν
1688 4927 1878 4996 αὐτὴν,
1919 4946 1939 4979 ι

370 5016 678 5080 τουτέστιν,
710 5014 739 5067 6
780 5015 854 5087 μὴ
876 5016 1116 5070 ὑπείκων
1146 5018 1311 5087 αὐτῇ,
1338 5018 1472 5088 μηδέ
1498 5017 1941 5089 ὑποκλινόμενος,

377 5121 398 5153 ι
422 5103 650 5173 φυλάξει
678 5105 846 5177 αὐτὴν
874 5107 953 5169 είς
979 5105 1124 5178 ζωὴν
1152 5105 1393 5161 αἰώνιον.
1430 5127 1449 5159 ι
1479 5108 1663 5162 Θέλων
1681 5108 1739 5161 δὲ
1770 5108 1940 5162 ἐνδεί-

371 5193 566 5259 ξασθαι
601 5196 700 5267 τὴν
736 5199 1137 5269 ἐπιτεταμένην
1175 5200 1548 5271 ἀποστροφὴν,
1584 5201 1650 5271 ἢν
1669 5200 1753 5253 δεῖ
1778 5202 1947 5254 ποιεῖ-

371 5288 499 5340 σθαι
530 5288 667 5357 πρὸς
714 5292 811 5352 τὰς
842 5288 1135 5359 ἐπιθυμίας
1160 5290 1259 5359 τῆς
1294 5290 1496 5361 ψυχῆς,
1537 5289 1658 5344 εἷπε
1697 5292 1780 5355 τὸ,
1813 5310 1831 5342 ι
1888 5292 1946 5345 ὐ

374 5379 573 5451 μισῶν.
614 5398 632 5431 ι
672 5381 779 5433 Καὶ
804 5380 914 5449 γὰρ
943 5380 1051 5433 τῶν
1084 5382 1430 5452 μισουμένων
1470 5381 1593 5435 οὗτε
1637 5382 1760 5452 ὄψιν
1795 5384 1945 5449 ἰδεῖν,

370 5473 495 5526 οὔτε
533 5473 720 5541 φωνὴν
780 5472 1011 5533 ἀκοῦσαι
1059 5474 1426 5545 ὑπομένομεν.
1489 5474 1675 5539 Οὕτως
1731 5474 1827 5529 οὖν
1865 5476 1948 5529 δεῖ

369 5565 677 5632 διακεῖσθαι
716 5566 850 5636 πρὸς
908 5567 1007 5630 τὰς
1051 5568 1280 5634 ἀλόγους
1330 5569 1430 5639 τῆς
1480 5569 1681 5639 ψυχῆς⁸
1715 5568 1945 5641 ὀρέξεις,

369 5655 579 5709 τέλειον
617 5659 771 5725 μῖσος
812 5657 1102 5725 μισοῦντας
1136 5660 1330 5723 αὐτάς.
1388 5660 1479 5726 Τῷ
1528 5660 1586 5715 δέ
1614 5663 1811 5726 εἰπεῖν,
1864 5662 1947 5715 ὅτι
1980 5704 1987 5711 .

379 5767 399 5800 ι
456 5748 519 5801 Ὀ
551 5749 727 5816 μισῶν
764 5750 862 5819 τὴν
887 5749 1064 5822 ψυχὴν
1087 5750 1254 5804 αὐτοῦ
1284 5752 1342 5804 ἐν
1367 5752 1444 5821 τῷ
1470 5752 1659 5824 κόσμῳ
1688 5753 1886 5821 τούτῳ,
1922 5775 1940 5807 ι

374 5841 632 5909 ἐμφαίνει
661 5843 721 5894 τὸ
752 5844 1087 5914 πρόσκαιρον
1133 5843 1226 5897 τοῦ
1262 5845 1602 5915 πράγματος.
1660 5847 1811 5900 Ἐπεὶ
1837 5850 1944 5919 γὰρ

380 5932 602 6007 φονικὸν
626 5932 799 5993 ἐδόκει
826 5935 917 5988 καὶ
948 5934 1159 6018 ἀπηνὲς
1195 5937 1253 5989 τὺ
1280 5938 1666 6008 παράγγελμα,
1693 5956 1761 5991 πα
1775 5956 1945 6013 ραμυς

2048 4744 2318 4816 permittit
2352 4744 2403 4799 ei
2430 4746 2569 4813 quod
2602 4758 2706 4798 non
2740 4749 2977 4813 oportet,
3020 4755 3121 4796 nec
3150 4739 3450 4796 contemnit
3475 4752 3619 4791 mor-

2049 4847 2181 4902 tem,
2219 4855 2238 4888 ι
2290 4836 2469 4906 perdit
2508 4851 2626 4891 eam
2662 4853 2678 4891 :
2720 4853 2739 4888 ι
2773 4834 2866 4904 qui
2913 4843 3093 4889 autem
3151 4832 3265 4887 odit
3308 4830 3478 4893 illam,
3519 4829 3620 4883 hoc

2044 4938 2127 4985 est
2166 4929 2258 4998 qui
2306 4943 2412 4982 non
2473 4927 2723 4983 concedit
2776 4926 2849 4992 ei,
2890 4938 3066 4995 neque
3114 4924 3183 4979 ab
3236 4923 3325 4977 illa
3365 4919 3620 4983 ﬂectitur,

2053 5041 2072 5074 ι
2106 5022 2381 5077 custodiet
2400 5004 2549 5075 illam.
2578 5021 2632 5075 in
2666 5021 2829 5079 vitam
2855 5029 3141 5074 aeternam.
3168 5035 3187 5068 ι
3224 5013 3422 5070 Volens
3439 5020 3620 5066 autem

2048 5114 2339 5170 ostendere
2373 5129 2622 5186 magnam
2665 5112 3065 5168 aversationem
3105 5124 3226 5180 qua:
3256 5106 3502 5162 habenda
3536 5110 3623 5159 est

2051 5221 2179 5278 erga
2215 5206 2685 5276 concupiscentiae
2717 5204 2940 5269 animae,
2996 5203 3156 5267 dixit,
3214 5219 3233 5253 ι
3274 5198 3376 5266 Qui
3411 5197 3550 5253 odit.
3594 5214 3616 5248 ι

2046 5297 2260 5354 Etenim
2322 5314 2426 5352 non
2479 5298 2808 5354 sustinemus
2863 5306 2924 5352 ut
2962 5296 3245 5350 videamus
3298 5290 3493 5346 faciem
3539 5288 3622 5343 vel

2047 5391 2331 5445 audiamus
2359 5405 2546 5445 vocem
2600 5406 2789 5445 eorum
2817 5390 2909 5459 qui
2958 5388 3083 5443 odio
3131 5386 3421 5442 habentur.
3451 5381 3623 5452 Igitur

2048 5491 2258 5549 oportet
2277 5483 2351 5536 ita
2375 5496 2496 5536 esse
2511 5479 2731 5537 affectos
2759 5482 2810 5536 in
2834 5480 3099 5536 absurdos
3118 5477 3310 5531 animae
3326 5474 3621 5543 appetitus,

2055 5582 2113 5626 ut
2139 5581 2387 5627 extremo
2418 5573 2544 5627 odio
2581 5574 2700 5628 illos
2734 5572 3052 5627 habeamus.
3084 5568 3237 5636 Quod
3261 5576 3440 5622 autem
3465 5564 3618 5629 dicit,
3724 5558 3735 5567 ’

2055 5682 2074 5714 ι
2107 5662 2206 5727 Qui
2239 5663 2365 5718 odio
2417 5664 2576 5718 habet
2628 5663 2866 5717 animant
2917 5676 3071 5717 suam
3107 5661 3161 5715 in
3197 5659 3300 5714 hoc
3332 5656 3553 5717 mundo,
3594 5672 3615 5705 ι

2050 5755 2288 5810 declarat
2323 5754 2670 5823 temporalem
2724 5769 2835 5810 rem
2862 5767 3004 5810 esse.
3039 5751 3175 5807 Nam
3228 5750 3354 5820 quia
3396 5747 3616 5800 videtur

2051 5848 2271 5903 crudele
2322 5856 2646 5916 praeceptum
2696 5857 2751 5902 et
2789 5863 2976 5918 grave,
2999 5847 3207 5914 mitigat
3233 5842 3359 5897 illud
3387 5853 3485 5904 per
3518 5839 3620 5893 hoc

2048 5941 2188 6012 quod
2230 5940 2435 6011 adjicit,
2466 5961 2484 5993 ι
2528 5940 2581 5996 in
2612 5943 2812 6000 mundo
2845 5944 2964 5999 hoc.
3006 5961 3025 5995 ι
3067 5940 3181 5996 Non
3208 5940 3376 6019 enim,
3409 5932 3613 6003 inquit,
