4060 6584
424 1054 443 1243 i

425 1246 437 1275 Σ

475 410 572 475 ιε’]

1318 410 1904 472 TIIEOPHYLACTI
1951 411 2367 473 BULGARHE
2406 413 2765 477 ARCHIEP.

3650 414 3750 481 128

471 534 523 583 in
557 530 881 583 iuunensum
915 538 1124 598 tempus
1171 525 1337 597 jubeo
1384 528 1570 584 baberi
1617 527 1745 584 odio
1791 530 2053 594 animam,

2162 528 2338 584 θεῖται
2372 530 2531 584 τοῦτο
2561 530 2648 585 διὰ
2703 530 2798 585 τοῦ
2836 531 3174 602 προσθεῖναι,
3220 551 3239 585 t
3290 531 3378 586 ‘Ev
3424 530 3503 603 τῷ
3557 533 3751 606 κόσμῳ

473 621 566 676 sed
618 622 671 675 in
729 620 832 675 hoc
865 620 1182 674 transilorio
1245 623 1450 676 mundo
1482 622 1729 676 aversari
1776 636 1899 677 eam
1934 636 2057 692 qua:

472 696 566 770 tibi
599 726 704 770 tam
739 715 975 771 absurda
1022 714 1275 785 imperat.
1307 713 1503 769 Subdit
1531 726 1715 769 autem
1744 724 1797 770 et
1819 714 2052 781 lucrum,

466 809 672 871 dicens,
714 827 732 860 ι
774 807 831 861 In
867 817 1129 862 aeternam
1166 805 1334 861 vitam
1371 807 1640 862 custodiet
1670 822 1815 862 eam.
1863 827 1881 859 ι
1918 806 2056 863 Odio

466 902 683 972 quidem
718 902 884 957 habes
934 901 1000 955 ad
1037 907 1272 971 tempus,
1308 900 1362 953 in
1392 901 1588 956 seecula
1642 911 1822 956 autem
1870 917 2054 958 servas

468 995 741 1049 viventem
791 994 1029 1048 divinam
1082 992 1270 1047 vitam.
1310 992 1445 1048 Cum
1495 1001 1678 1048 autem
1731 994 2057 1048 adhortatur

465 1102 559 1143 eos
580 1087 755 1158 magis
788 1088 855 1143 ad
882 1096 1255 1154 contemptum
1295 1088 1581 1156 praesentis
1605 1087 1752 1153 vitae,
1782 1096 1838 1141 et
1866 1098 2053 1143 contra

472 1186 707 1230 mortem
737 1176 967 1244 animat,
1011 1176 1164 1245 dicit,
1193 1177 1361 1249 676
1398 1196 1418 1229 ί
1450 1177 1554 1244 Qui
1579 1177 1711 1232 mihi
1755 1178 2051 1244 ministrat,

468 1282 554 1322 me
590 1276 851 1335 sequatur
904 1285 920 1324 :
972 1288 992 1321 ι
1049 1270 1123 1324 ita
1160 1282 1446 1340 promptus
1478 1271 1552 1325 sit
1582 1270 1651 1326 ad
1690 1282 1942 1341 mortem,
1997 1281 2055 1329 ut

465 1374 588 1429 ego.
618 1359 990 1416 imitationem
1018 1372 1204 1416 autem
1239 1362 1331 1416 hic
1366 1378 1460 1431 per
1490 1376 1655 1434 opera
1680 1364 1832 1419 dicit.
1852 1365 2053 1420 Deinde

467 1465 522 1508 et
555 1454 859 1510 consolatio
884 1455 1154 1525 sequitur,
1193 1474 1213 1507 (
1266 1454 1364 1510 Ubi
1397 1471 1497 1527 ego
1537 1473 1678 1521 sum,
1712 1466 1766 1511 et
1807 1456 2055 1513 minister

467 1566 624 1605 meus
654 1551 781 1605 erit.
825 1571 844 1603 ι
890 1550 991 1607 Ubi
1022 1561 1203 1607 autem
1237 1551 1534 1608 Christus?
1572 1553 1626 1606 ln
1660 1553 1813 1608 malis
1842 1569 1856 1606 :
1893 1561 1949 1607 et
1978 1552 2051 1607 ita

461 1642 556 1714 qui
580 1657 678 1713 per
729 1654 960 1700 mortem
993 1659 1116 1700 eum
1173 1645 1440 1714 sequitur,
1491 1656 1545 1700 et
1600 1663 1706 1702 non
1760 1645 2053 1701 adhaserit

466 1735 591 1789 huic
648 1737 872 1800 mundo,
907 1737 1017 1791 illic
1048 1738 1155 1792 erit
1184 1739 1235 1792 in
1284 1738 1460 1794 ccelis.
1498 1738 1858 1807 Opponnntur
1905 1737 2049 1792 enim

465 1827 609 1883 inter
635 1845 695 1884 se
728 1846 947 1885 sursum
975 1840 1031 1886 et
1074 1832 1351 1886 deorsum.
1376 1832 1475 1896 Qui
1517 1832 1696 1901 diligit
1727 1831 1866 1886 infra
1909 1847 2051 1896 esse,

2158 624 2357 695 τούτῳ.
2400 644 2419 677 ι
2455 624 2546 695 Μὴ
2615 616 2739 696 γάρξ
2790 626 2981 695 φησιν,
3039 627 3120 690 είς
3182 626 3492 697 ἀπέραντον
3551 627 3748 697 χρόνον

2157 716 2367 771 κελεύω
2421 718 2604 789 μισεῖν
2637 718 2736 789 τὴν
2778 716 2982 790 ψυγήνο
3035 720 3091 771 ὲν
3122 717 3201 790 τῷ
3244 717 3528 790 παροδικῷ
3569 719 3748 791 τούτῳ

2161 810 2358 881 κόσμῳ
2403 810 2797 882 ἀποστράφηθι
2823 812 3054 883 ταύτην,
3117 798 3522 866 ἐπιτάσσουσάν
3561 831 3647 866 σοι
3677 813 3748 869 τὰ

2155 901 2354 956 ἄτοπα.
2410 901 2642 971 Ἐπάγει
2678 902 2734 955 δὲ
2762 903 2821 956 τὸ
2856 903 3072 975 κέρδοςο
3113 921 3132 956 ι
3169 904 3262 967 Ei;
3313 903 3461 973 ζωὴν
3499 904 3745 971 αἰώνιον,

2155 996 2313 1064 φησὶ,
2381 992 2609 1065 φυλάξει
2663 996 2864 1069 αύτήν.
2918 1015 2936 1048 ι
2997 997 3195 1061 Μισεῖς
3234 996 3335 1068 μὲν
3379 997 3745 1070 πρόσκαιρον,

2155 1087 2235 1151 είς
2267 1086 2473 1151 αίῶνας
2518 1088 2575 1142 δὲ
2607 1092 2797 1159 τηρεῖς
2833 1088 3016 1153 ζῶσαν
3052 1090 3153 1160 τὴν
3210 1089 3360 1144 θείαν
3394 1090 3561 1162 ζωήν.
3607 1093 3752 1161 Προ-

2154 1176 2495 1248 τρεπόμενος
2536 1177 2595 1231 δὲ
2643 1177 2843 1243 αὐτοὺς
2874 1178 3037 1233 πλέον
3073 1179 3167 1232 ἐπὶ
3205 1180 3306 1249 τὴν
3348 1180 3443 1233 τοῦ
3478 1182 3749 1251 παρόντος

2161 1267 2279 1340 βίου
2321 1269 2769 1339 καταφρόνησιν,
2820 1271 2916 1323 καὶ
2947 1270 3090 1324 κατὰ
3121 1271 3214 1326 τοῦ
3261 1272 3496 1325 θανάτου
3536 1271 3748 1345 θαρρύ-

2154 1380 2283 1425 νων,
2310 1362 2476 1433 φησίν
2501 1376 2518 1393 ⁸
2549 1382 2567 1416 t
2612 1362 2671 1417 '0
2688 1365 2809 1431 ἐμοὶ
2829 1363 3118 1425 διακονῶν,
3147 1364 3272 1435 ἐμοὶ
3295 1364 3665 1419 ἀκολουθείτω
3687 1381 3700 1396 ·
3722 1384 3743 1418 ι

2152 1455 2328 1520 οὕτως
2369 1455 2591 1528 ἕτοιμος
2658 1456 2801 1512 ἔστω
2840 1457 2981 1529 πρὸς
3032 1457 3126 1511 τὸν
3174 1458 3436 1523 θάνατον,
3478 1460 3556 1522 ὡς
3611 1458 3745 1527 ἐγὼ.

2165 1551 2559 1624 ’Δκολούθησιν
2589 1553 2699 1624 γὰρ
2720 1552 2821 1623 τὴν
2844 1552 2937 1607 διὰ
2961 1552 3072 1606 τῶν
3100 1552 3281 1624 ἔργων
3308 1551 3544 1607 ἐνταῦθα
3571 1552 3744 1621 λέγει.

2154 1639 2285 1699 Εἶτα
2313 1649 2407 1700 κοιλ⁵
2437 1648 2470 1718 ἠ
2506 1645 2870 1718 παραμυθία·
2926 1664 2944 1699 ι
3000 1646 3181 1718 Ὅπου
3236 1644 3356 1714 εἰμὶ
3406 1644 3538 1714 ἐγὼ,
3594 1647 3687 1699 καὶ
3719 1647 3749 1699 ό

2153 1737 2399 1801 διάκονος
2424 1715 2468 1790 ό-
2495 1715 2629 1808 ὲμδς
2654 1715 2831 1791 ἔσται.
2871 1756 2891 1791 ι
2934 1736 3045 1791 Ποῦ
3079 1715 3134 1792 δὲ
3157 1739 3198 1807 ξὸ
3238 1738 3509 1809 Χριστός;
3545 1739 3748 1807 Ἐνξού-

2159 1833 2364 1901 ρανοῖς.
2403 1830 2570 1884 Ὥστε
2613 1832 2641 1885 6
2670 1830 2757 1884 διὰ
2794 1830 2888 1885 τοῦ
2926 1830 3160 1884 θανάτου
3215 1830 3368 1901 αὐτῷ
3407 1829 3745 1894 ἀκολουθῶν,

465 1938 683 1980 sursum
735 1938 842 1979 non
875 1924 1013 1989 erit;
1049 1926 1140 1991 qui
1177 1936 1358 1978 autem
1404 1923 1535 1990 fugit
1567 1939 1687 1994 quae
1744 1924 1881 1978 infra
1925 1932 2052 1978 sunt

2159 1924 2249 1977 καὶ
2295 1925 2368 1993 μὴ
2398 1921 2478 1993 τῷ
2525 1921 2720 1995 κόσμῳ
2769 1922 2947 1995 τούτῳ
2978 1923 3377 1994 προσηλωθεὶς,
3428 1924 3548 1977 ἐκεῖ
3592 1923 3748 1978 ἔσται

464 2028 519 2073 et
569 2018 830 2072 mundum
855 2057 872 2083 ,
908 2033 1125 2072 sursum
1159 2026 1216 2072 et
1268 2019 1325 2073 in
1366 2019 1521 2074 caelis
1562 2019 1702 2074 erit..
1732 2037 1751 2070 ι
1814 2017 1948 2072 Nam
2004 2017 2049 2072 si

464 2110 587 2179 quis
618 2110 751 2169 mihi
783 2109 1203 2173 ministraverit,
1248 2111 1446 2179 inquit,
1479 2110 1765 2167 honorabit
1795 2126 1919 2164 eum
1946 2108 2050 2163 Pa-

467 2212 568 2257 ter.
592 2202 766 2267 [Non
796 2202 958 2267 dixit,
986 2203 1100 2271 Ego
1127 2204 1409 2258 honorabo
1438 2218 1586 2267 eum,
1615 2203 1709 2257 sed
1739 2223 1757 2256 ι
1797 2201 1996 2257 Pater:
2026 2220 2045 2254 ι

464 2296 856 2351 commendans
894 2311 989 2366 per
1032 2298 1135 2350 hoc
1177 2296 1322 2368 quod
1370 2312 1534 2351 verus
1572 2296 1742 2351 Filius
1764 2296 1857 2352 sit.
1896 2295 2054 2350 Pater

464 2388 610 2443 enim
649 2388 854 2441 honore
881 2398 1241 2458 prosequetur
1273 2388 1461 2453 talem,
1500 2399 1559 2443 ttt
1591 2390 1900 2443 ministrum
1936 2388 2050 2443 veri

464 2475 609 2534 Filii.
628 2479 897 2534 Prteterea
924 2495 1024 2550 per
1047 2480 1150 2534 hoc
1172 2483 1331 2537 docet
1354 2483 1625 2550 quodnon
1649 2484 1721 2535 sit
1743 2483 2054 2537 contrarius

469 2573 600 2627 Deo.
652 2570 794 2626 Deus
829 2573 976 2626 enim
1016 2581 1072 2626 et
1121 2572 1285 2626 Pater
1322 2587 1428 2627 non
1477 2573 1863 2629 eohonestaret
1895 2574 2056 2627 mini-

466 2674 733 2718 strantem
766 2666 815 2718 ei
843 2665 933 2735 qui
970 2666 1076 2721 sibi
1113 2668 1424 2721 contrarius
1456 2668 1549 2722 sit.
1594 2668 1781 2736 Igitur,
1814 2684 1879 2721 ne
1907 2683 2054 2724 ame-

467 2770 588 2809 mus
640 2756 877 2809 animam
937 2770 1207 2823 nostram,
1274 2770 1335 2814 ut
1383 2775 1664 2814 servemus
1702 2777 1730 2814 a
1796 2761 2056 2829 periculis

468 2865 566 2919 pro
604 2851 862 2916 veritate,
904 2861 966 2907 ut
1007 2852 1242 2908 nolimus
1303 2852 1466 2922 aﬂligi
1504 2869 1600 2922 pro
1650 2853 1821 2918 bono;
1872 2852 1965 2907 sed
2005 2853 2052 2908 si

467 2942 683 3005 quidem
727 2944 963 3000 ministri
1031 2945 1238 3001 Christi
1290 2962 1501 3007 sumus.
1549 2962 1886 3016 exponamus
1931 2962 2053 3001 eam

465 3037 728 3107 periculis
767 3053 863 3106 pro
894 3039 1146 3103 veritate,
1180 3047 1235 3094 et
1265 3040 1469 3095 erimus
1513 3040 1736 3093 cumino
1783 3039 1872 3093 ubi
1913 3054 2056 3095 nune

467 3140 551 3184 est
594 3128 872 3186 Christus.
926 3130 1042 3185 Non
1078 3131 1143 3186 de
1181 3131 1377 3187 divinis
1437 3134 1629 3202 loquor
1676 3132 2052 3200 dignitatibus,

469 3238 595 3275 nam
628 3222 716 3276 ilie
749 3233 941 3276 natura
990 3236 1071 3278 est
1104 3224 1267 3287 Deus,
1321 3224 1415 3279 sed
1466 3225 1522 3278 in
1561 3224 1763 3294 quibus
1818 3223 2053 3278 humana

474 3408 546 3461 dii
581 3409 753 3478 gratia
785 3419 837 3462 et
872 3410 1186 3475 adoptione.

2154 2018 2211 2069 ὲν
2236 2016 2515 2087 οὐρανοῖς.
2558 2017 2886 2070 Ἀντίκειται
2909 2019 3019 2088 γὰρ
3041 2016 3296 2088 ἀλλήλοις
3321 2017 3381 2069 τὸ
3409 2015 3519 2070 ἄνω
3558 2016 3654 2069 καὶ
3686 2016 3749 2069 τὸ

2154 2111 2329 2165 κάτω.
2376 2108 2434 2164 Ὀ
2464 2108 2702 2179 ἀγαπῶν
2731 2110 2885 2163 κάτω
2916 2103 3081 2176 εἶναι,
3118 2108 3233 2163 ἀνω
3260 2108 3363 2161 οὐκ
3409 2107 3563 2163 ἔσται
3586 2125 3600 2139 '
3635 2110 3664 2162 6
3690 2108 3748 2162 δὲ

2153 2203 2376 2271 φεύγων
2406 2205 2475 2255 τὰ
2514 2201 2665 2256 κάτω
2696 2203 2790 2255 καὶ
2817 2200 2911 2254 τὸν
2941 2201 3169 2272 κόσμον,
3201 2202 3319 2256 ἄνω
3353 2201 3449 2255 καὶ
3490 2203 3548 2255 ὲν
3577 2202 3747 2272 069a-

2156 2296 2339 2365 ρανοῖς
2392 2294 2567 2348 ἔσται.
2608 2312 2627 2346 t
2682 2294 2809 2348 Ἐάν
2863 2311 2948 2358 τις
2978 2295 3085 2365 γὰρ
3130 2296 3254 2364 ἐμοὶ
3294 2293 3539 2367 διακονῇ,
3589 2294 3747 2365 φησὶ,

2153 2390 2380 2457 τιμήσει
2415 2386 2582 2441 αὐτὸν
2614 2387 2642 2438 6
2675 2387 2868 2455 Πατήρ
2903 2403 3031 2456 μου.
3075 2405 3095 2438 ι
3130 2388 3245 2440 Ούκ
3286 2381 3462 2453 εἶπεν,
3517 2386 3601 2440 ὅτι
3653 2385 3750 2440 Τι-

2159 2483 2318 2551 μήσω
2347 2480 2459 2549 ἐγὼ
2480 2481 2667 2545 αὑτὸν,
2698 2479 2837 2546 ἀλλ’,
2874 2499 2893 2533 t
2935 2482 2963 2534 6
2993 2481 3203 2551 Πατὴρ,
3234 2501 3253 2533 υ
3276 2481 3339 2534 τὸ
3366 2481 3589 2550 γνήσιον
3608 2497 3747 2551 παρ·

2159 2574 2323 2628 ιστῶν
2366 2574 2455 2627 διὰ
2504 2574 2697 2628 τούτου
2723 2589 2736 2602 ·
2764 2575 2841 2637 ὡς
2897 2576 3007 2645 γὰρ
3055 2575 3282 2646 γνησίου
3331 2574 3462 2627 Υίοῦ
3496 2575 3747 2629 διάκονον

2154 2668 2321 2737 τιμῆς
2357 2667 2581 2733 ἀξιώσει
2604 2669 2632 2721 ὁ
2658 2667 2909 2737 ἀληθινὸς
2942 2669 3132 2739 Πατήρ
3154 2686 3167 2700 ·
3210 2667 3328 2738 ἅμα
3355 2668 3413 2721 δὲ
3460 2668 3554 2722 καὶ
3580 2668 3642 2721 τὸ
3670 2667 3746 2738 μὴ

2156 2757 2298 2817 εἶναι
2341 2761 2593 2825 ἀντίθεος
2642 2762 2730 2816 δια
2768 2761 2963 2816 τούτου
2997 2763 3309 2817 δείκνυσιν’
3350 2763 3453 2816 οὐκ
3485 2761 3550 2816 ἂν
3580 2765 3690 2833 γὰρ
3720 2763 3750 2814 6

2158 2853 2293 2917 Θεὸς
2344 2854 2441 2907 καὶ
2474 2854 2669 2925 Πατὴρ
2716 2853 2882 2924 ἐτίμα
2931 2854 3123 2907 τοῦτον
3158 2854 3545 2925 ἀντικείμενον
3598 2840 3769 2924 αὐτῷ’

2156 2936 2288 2997 όντα
2322 2944 2593 2997 διάκονον.
2632 2945 2739 2997 Καὶ
2780 2945 2854 3014 μὴ
2882 2945 3064 2998 τοίνυν
3088 2945 3412 3016 φιλήσωμεν
3439 2947 3538 3014 τὴν
3568 2944 3751 3016 ψυχὴν

2158 3036 2324 3107 ἡμῶν
2350 3038 2408 3090 ὲν
2448 3036 2523 3106 τῷ
2551 3035 2757 3106 ταύτην
2793 3038 2856 3089 ὲκ
2891 3035 3000 3090 τῶν
3029 3037 3169 3106 ὑπὲρ
3211 3036 3310 3099 τῆς
3337 3034 3602 3105 ἀληθείας
3627 3051 3749 3086 κινα-

2156 3129 2334 3183 δύνων
2367 3131 2678 3201 συντηρεῖν,
2730 3128 2824 3182 καὶ
2886 3129 2963 3199 μὴ
3020 3128 3199 3184 θέλειν
3236 3128 3576 3182 κακοπαθεῖν
3604 3126 3751 3198 ὑπὲρ

2156 3224 2252 3277 τοῦ
2315 3222 2506 3276 καλοῦ·
2570 3222 2689 3276 ἀλλ’
2740 3221 2902 3291 είπερ
2967 3222 3208 3276 διάκονοι
3255 3219 3494 3293 Χριστοῦ
3550 3222 3745 3291 ἐσμεν.

452 3322 671 3383 ¹ιιιιῐιινει
705 3318 888 3369 ornari
922 3327 1123 3385 potest,
1161 3326 1220 3373 ut
1252 3318 1342 3372 ille
1387 3316 1533 3373 Deus
1584 3331 1776 3373 natura
1805 3316 1899 3381 sit,
1951 3330 2054 3371 nos

2162 3316 2410 3387 ὲκδῶμεν
2444 3314 2651 3383 ταύτην
2689 3317 2802 3379 τοῖς
2827 3315 2969 3387 ὑπὲρ
3011 3315 3111 3385 τῆς
3147 3316 3403 3387 ἀληθείας
3456 3314 3749 3381 κινδύνοις,

2163 3410 2258 3463 καὶ
2288 3406 2527 3476 ἐσόμεθα
2580 3407 2799 3471 πάντως
2848 3409 2906 3461 ὲν
2944 3403 3025 3472 οἷς
3056 3410 3172 3463 ἐστι
3213 3408 3311 3464 νῦν
3331 3409 3361 3462 ὁ
3393 3409 3655 3479 Χριστὸς,
3686 3408 3751 3461 ού

466 3506 581 3568 τοῖς
608 3503 939 3574 θεοπρεπέσι
966 3502 1109 3571 λέγω
1147 3502 1458 3573 ἀξιώμασιν
1485 3504 1713 3572 (ἐκεῖνος
1742 3505 1851 3574 γὰρ
1885 3501 2046 3570 φύσει
2078 3502 2257 3572 Θεὸς),
2291 3500 2408 3554 ἀλλ’
2465 3503 2523 3554 ὲν
2577 3496 2659 3558 οἷς
2688 3501 2961 3573 ἐνδέχεται
2984 3503 3083 3573 τὴν
3105 3503 3451 3574 ἀνθρωπίνην
3517 3502 3755 3572 διαπρέ-

470 3614 594 3651 πειν
611 3596 874 3652 δύνασθαι
897 3598 1082 3666 φύσιν,
1126 3592 1241 3651 οἷον
1274 3599 1484 3660 ἐκεῖνος
1515 3595 1648 3660 Θεὸς
1681 3597 1863 3665 φύσει,
1894 3599 2056 3667 ἡμεῖς
2086 3594 2201 3649 θεοὶ
2229 3595 2378 3649 θέσει
2414 3595 2509 3648 καὶ
2535 3595 2739 3664 χάριτι.

496 3710 501 3715 ·
543 3694 706 3749 Vens.
734 3694 827 3759 27,
864 3694 957 3749 28.
992 3713 1014 3746 ι
1050 3694 1204 3749 Nunc
1230 3696 1409 3749 anima
1453 3710 1570 3749 mea
1602 3695 1816 3749 turbata
1846 3702 1955 3749 est.
1990 3691 2061 3748 Et,

466 3787 597 3855 quid
630 3787 847 3841 dicam?
896 3785 1081 3850 Pater,
1118 3802 1272 3841 serva
1316 3803 1402 3841 nte
1456 3801 1525 3841 ex
1586 3788 1686 3841 hac
1743 3787 1896 3851 hora,
1962 3786 2056 3843 sed

469 3890 753 3948 propterea
779 3878 899 3934 veni
933 3880 986 3933 in
1015 3880 1202 3933 horam
1225 3881 1386 3933 hanc.
1414 3878 1597 3941 Pater,
1623 3880 1766 3933 illust
1779 3896 1835 3933 ra
1861 3894 2059 3934 nomen

471 3983 645 4027 tuum.
678 3972 844 4026 Venit
891 3987 1022 4042 ergo
1068 3987 1172 4027 vox
1207 3972 1278 4028 de
1308 3973 1449 4028 coelo
1498 3990 1513 4027 :
1566 3972 1633 4027 Et
1687 3973 1977 4039 illustravi,
2007 3983 2063 4029 et

473 4081 667 4121 rursus
719 4064 1028 4120 illustrabo.
1071 4084 1090 4118 ι
1129 4064 1269 4133 Quid
1300 4076 1384 4121 est
1417 4066 1563 4136 quod
1609 4067 1787 4121 dicit?
1832 4067 2063 4122 Videtur

472 4161 616 4213 enim
649 4158 751 4214 sibi
805 4158 907 4229 ipsi
948 4160 1238 4214 .contraria
1274 4159 1448 4230 loqui.
1498 4157 1635 4213 Nam
1667 4159 1760 4230 qui
1805 4160 2061 4228 superius

472 4255 688 4309 videtur
730 4255 1028 4309 admonere
1080 4264 1141 4309 ut
1177 4270 1538 4310 exerceamur
1571 4264 1626 4309 et
1674 4255 1850 4326 parati
1888 4255 2061 4312 simus

383 4395 393 4403 ρ
472 4346 540 4400 ad
576 4359 826 4413 mortem,
864 4357 923 4403 et
964 4348 1093 4404 odio
1123 4349 1425 4404 habeamus
1464 4348 1724 4415 animam,
1780 4348 1870 4404 hic
1920 4361 2064 4404 nunc

474 4440 747 4508 turbatur,
799 4442 1002 4513 inquit,
1039 4444 1345 4498 moriturus
1375 4460 1390 4497 ε
1418 4443 1562 4513 quod
1601 4459 1711 4498 non
1748 4451 1828 4497 est
1863 4442 2064 4497 exhor-

476 4531 641 4585 tautis
675 4531 740 4587 ad
775 4541 1037 4598 mortem,
1065 4533 1158 4588 sed
1209 4534 1534 4588 avertentis.
1567 4535 1637 4586 At
1668 4534 1711 4588 si
1750 4543 1895 4590 recte
1930 4548 2063 4590 con—

473 4623 824 4690 sideraveris,
849 4625 1095 4681 invenies
1119 4625 1263 4695 quod
1286 4626 1497 4681 turbari
1526 4625 1726 4694 ipsum,
1752 4626 2063 4682 adhortatio

2241 3710 2260 3743 t
2293 3691 2409 3745 Νῦν
2440 3693 2473 3760 ἡ
2503 3690 2649 3761 ψυχή
2685 3706 2788 3759 μου
2815 3690 3167 3763 τετάρακται.
3200 3689 3312 3744 Καὶ
3344 3688 3397 3743 τί
3425 3688 3602 3754 sine);
3639 3690 3755 3745 [1&-

2163 3803 2282 3855 τερ,
2325 3783 2500 3837 σῶσόν
2534 3799 2601 3848 με
2629 3781 2692 3833 ὲκ
2715 3783 2814 3850 τῆς
2841 3780 2991 3853 ὥρας
3021 3781 3265 3852 ταύτηςς
3306 3780 3444 3835 ἀλλὰ
3473 3780 3564 3834 διά
3594 3781 3755 3835 τοῦτο

2162 3873 2329 3948 ἦλθον
2356 3877 2437 3938 είς
2467 3874 2566 3945 τὴν
2596 3872 2748 3943 ὥραν
2778 3872 3011 3945 ταύτην.
3051 3874 3256 3945 Πάτερ,
3297 3872 3521 3940 δόξασόν
3567 3891 3661 3929 σου
3694 3874 3756 3928 τδ

2162 3968 2354 4038 ὅνομα.
2383 3962 2588 4019 Ἦλθεν
2617 3962 2712 4020 οὖν
2745 3966 2898 4034 φωνὴ
2931 3967 2996 4020 ὲκ
3033 3966 3129 4020 τοῦ
3162 3966 3395 4036 ούρανοῦ
3418 3982 3431 3994 ·
3468 3967 3581 4021 Καὶ
3634 3967 3756 4021 ἐδό-

2166 4060 2326 4127 ξασα,
2366 4059 2464 4112 καὶ
2514 4057 2677 4113 πάλιν
2715 4052 2947 4125 δοξάσω.
2990 4077 3008 4110 ι
3048 4058 3113 4111 Τί
3144 4061 3262 4114 ἐστι
3289 4058 3449 4113 τοῦτο
3495 4057 3525 4112 6
3564 4058 3753 4127 λέγεις

2165 4156 2328 4209 Δοκεῖ
2360 4154 2471 4226 γάρ
2500 4155 2921 4223 ὲναντιοφωνεῖν
2945 4152 3109 4214 αὐτὸς
3139 4153 3341 4225 ἑαυτῷ.
3381 4153 3439 4207 Ὀ
3464 4152 3575 4224 γάρ
3609 4155 3757 4206 ἀνω-

2163 4247 2311 4317 τέρω
2353 4247 2491 4317 πρὸς
2527 4247 2760 4301 θάνατον
2810 4246 2987 4300 δοκῶν
3037 4245 3379 4316 ὲπαλείερειν,
3423 4247 3519 4301 καὶ
3573 4248 3757 4317 μισεῖν

2163 4340 2265 4414 τὴν
2299 4340 2481 4412 ψυχὴν
2529 4343 3000 4414 προτρεπόμενος,
3040 4337 3200 4405 οὗτος
3249 4342 3345 4396 νῦν
3392 4341 3754 4413 ταράττεται,

2164 4436 2324 4507 φησὶ,
2361 4436 2571 4506 μέλλων
2598 4435 2897 4490 ἀποθανεῖν
2920 4450 2935 4465 ο
2963 4434 2993 4487 ὃ
3029 4434 3091 4487 οὐ
3123 4436 3574 4506 προτρεπομένου
3608 4435 3759 4490 ἐστὶν

2164 4531 2249 4593 είς
2274 4529 2533 4596 θάνατον,
2571 4529 2688 4583 ἀλλ’
2736 4529 3219 4601 ἀποτρεπομένῳ.
3283 4528 3426 4581 Ἀλλ’
3480 4529 3530 4581 εί
3572 4529 3758 4593 καλῶς

2170 4625 2490 4694 σκοπήσεις,
2519 4624 2795 4694 εὑρήσεις,
2843 4623 2926 4677 ὅτι
2971 4623 3068 4675 καὶ
3101 4621 3162 4676 τὺ
3193 4621 3559 4693 ταράττεσθαι
3590 4623 3760 4677 αὐτὸν

471 4706 546 4769 ἐὶι
576 4715 641 4768 ad
687 4724 1063 4785 contemptum
1116 4716 1332 4772 mortis.
1382 4716 1454 4773 Ut
1480 4717 1627 4771 enim
1670 4717 1864 4787 nequis
1893 4718 2056 4787 possit

2168 4717 2458 4786 προτροπή
2493 4716 2641 4768 ἐστιν
2688 4715 2769 4777 είς
2812 4713 2874 4766 τὸ
2920 4712 3155 4766 θανάτου
3203 4716 3589 4783 καταφρονεῖν,
3638 4714 3759 4767 Ἵνα

474 4809 659 4863 dicere
699 4810 845 4879 quod
896 4808 1012 4880 ipse
1042 4819 1199 4866 extra
1232 4810 1503 4866 humanas
1546 4812 1828 4882 passiones
1860 4812 2056 4867 consti-

2168 4807 2278 4879 γὰρ
2311 4808 2387 4877 μὴ
2415 4806 2513 4878 εχῃ
2544 4822 2631 4870 τις
2660 4804 2867 4873 λέγειν,
2920 4806 3003 4859 ὅτι
3038 4805 3204 4868 αὐτὸς
3247 4804 3358 4875 ἔξω
3395 4806 3504 4859 τῶν
3546 4806 3761 4876 ἀνθρω-

474 4907 645 4961 nitus,
681 4898 842 4954 facile
893 4900 960 4954 de
994 4910 1170 4957 morte
1211 4900 1653 4971 philosophetur,
1681 4912 1737 4957 et
1768 4903 1883 4972 ipse
1908 4914 2056 4958 extra

2167 4899 2340 4953 πίνων
2371 4898 2564 4953 παθῶν
2612 4897 2708 4961 ὢν,
2743 4897 2983 4962 εὐκόλως
3017 4898 3145 4968 περὶ
3184 4895 3417 4951 θανάτου
3453 4897 3759 4967 φιλοσοφεῖ,

475 4990 713 5056 pericula
742 4990 879 5046 alios
916 4992 1209 5047 admoneat
1240 5008 1254 5045 :
1287 4993 1530 5047 ostendit
1568 4996 1715 5063 quod
1747 5003 1802 5048 et
1851 4994 1968 5063 ipse
1988 4994 2056 5048 ali

2172 4992 2266 5045 καὶ
2308 4990 2384 5053 ὡς
2429 4990 2589 5049 ἐκτὸς
2634 4988 2899 5042 κινδύνων
2939 4988 3120 5053 ἄλλοις
3156 4991 3435 5060 παραινεῖ,
3485 4989 3761 5043 δείκνυσιν

474 5081 731 5138 immanis
764 5083 1196 5153 proprietatibus
1226 5092 1468 5140 tentatus
1498 5086 1592 5151 sit,
1636 5095 1693 5141 et
1724 5095 1929 5142 nostra
1969 5102 2056 5141 na-

2172 5086 2254 5138 ὃτι
2308 5082 2403 5136 καὶ
2447 5082 2611 5146 αὐτὸς
2655 5080 2765 5134 τῶν
2799 5080 3158 5153 ἀνθρωπίνων
3203 5082 3514 5152 ἰδιωμάτων
3568 5083 3762 5136 πεπεί-

477 5184 617 5230 mrae
672 5173 839 5231 fuerit
873 5175 1172 5246 particeps,
1235 5179 1485 5248 quamvis
1552 5178 1762 5251 absque
1812 5190 2056 5250 peccato.

2174 5193 2358 5249 ραται,
2392 5174 2489 5229 καὶ
2529 5177 2630 5246 τῆς
2678 5174 2956 5245 ἡμετέρας
3017 5173 3248 5244 μετέσχε
3282 5173 3521 5243 φύσεως,
3571 5176 3622 5228 εί
3664 5176 3761 5229 καὶ

476 5268 685 5324 Idcirco
731 5272 983 5340 quamvis
1033 5282 1263 5328 maereat
1293 5282 1348 5329 et
1378 5273 1629 5329 turbetur
1658 5283 1718 5328 ut
1743 5273 1928 5339 homo,
1970 5273 2056 5344 qui

2172 5271 2342 5342 χωρὶς
2366 5268 2663 5340 ἁμαρτίας.
2704 5267 2798 5321 Διὸ
2825 5268 3005 5322 καίτοι
3037 5268 3266 5339 ἀθυμῶν
3298 5269 3393 5323 καὶ
3418 5270 3762 5341 ταραττόμε-

476 5363 832 5419 ιιτιιιιηνὶιω
867 5379 1058 5421 amans
1088 5375 1191 5434 est,
1227 5381 1333 5421 non
1374 5376 1553 5421 tamen
1592 5377 1823 5423 mortem
1858 5370 2056 5424 devitat

2164 5381 2261 5427 νος
2297 5362 2375 5425 ὡς
2423 5360 2712 5433 ἄνθρωπος
2757 5360 2847 5415 διά
2892 5361 2955 5415 τὸ
2980 5360 3143 5431 φύσει
3175 5361 3461 5431 φιλόζωον,
3511 5363 3661 5433 ὅμως
3699 5363 3760 5417 ού

476 5466 666 5521 utpote
708 5470 829 5525 qua
861 5468 1010 5513 esset
1053 5472 1155 5528 pro
1198 5460 1381 5513 mundi
1433 5460 1632 5517 salute.
1688 5479 1715 5511 ι
1766 5458 2060 5531 Propterea

475 5551 645 5613 enim,
681 5549 878 5621 inquit,
920 5552 1044 5607 veni
1077 5553 1133 5608 in
1180 5554 1323 5609 hanc
1353 5553 1568 5622 horam,
1610 5544 1729 5608 {ut
1761 5567 1857 5623 pro
1885 5552 2065 5609 omni-

479 5642 580 5695 bus
608 5652 838 5699 mortem
881 5645 1198 5714 suscipiam.
1239 5644 1409 5703 Docet
1442 5655 1627 5700 autem
1671 5658 1768 5715 per
1798 5644 1913 5700 haec
1944 5657 2063 5708 nos.

479 5744 535 5790 ut
571 5751 696 5802 nos,
722 5737 938 5793 etiamsi
970 5739 1257 5795 turbemur
1284 5749 1339 5795 et
1363 5754 1718 5805 mmreamus,
1748 5752 1856 5794 non
1889 5738 2065 5810 fugia-

481 5844 602 5884 mus
634 5844 732 5898 pro
765 5832 999 5887 veritate
1030 5841 1261 5888 mortem
1288 5849 1303 5887 :
1333 5832 1459 5902 quia
1483 5842 1540 5888 et
1564 5846 1686 5904 ego,
1719 5831 1918 5901 inquit,
1939 5846 2061 5887 cum

481 5921 669 5981 turber
702 5920 887 5997 (homo
915 5923 1062 5981 enim
1111 5938 1239 5982 vere
1270 5940 1416 5991 sum,
1447 5933 1503 5983 et
1544 5924 1804 5996 permitto
1853 5932 2063 5982 natura

2172 5457 2525 5529 παραιτεῖται
2546 5454 2637 5508 τὸν
2659 5454 2914 5518 θάνατον,
2941 5455 3017 5517 ὼς
3040 5457 3133 5509 ἐπὶ
3161 5456 3405 5528 σωτηρίᾳ
3434 5456 3527 5510 τοῦ
3552 5457 3760 5527 κόσμου

2164 5552 2323 5605 -6ντα,
2363 5569 2382 5602 t
2422 5547 2522 5602 Διά
2552 5548 2663 5620 γὰρ
2694 5550 2876 5612 τοῦτο,
2923 5548 3112 5619 φησὶν,
3140 5545 3305 5620 ἦλθον
3336 5552 3417 5615 εἰς
3463 5550 3564 5621 τὴν
3611 5550 3763 5622 ὥραν

2118 5668 2123 5673 ·
2174 5643 2402 5715 ταύτην,
2434 5663 2451 5695 ι
2489 5643 2575 5697 ἵνα
2611 5642 2700 5697 τὸν
2725 5643 2867 5716 ὑπὲρ
2887 5645 3105 5697 πάντων
3127 5643 3477 5715 ἁναδέξωμαι
3504 5646 3759 5701 θάνατον.

2175 5737 2431 5792 Διδάσκει
2484 5736 2541 5791 δὲ
2607 5736 2858 5807 φανερῶς
2943 5735 3032 5790 διὰ
3114 5737 3307 5790 τούτου
3399 5739 3583 5808 ἡμᾶς,
3672 5738 3760 5792 ἵνα

2177 5830 2311 5902 μηδὲ
2386 5831 2553 5900 ἡμεῖς
2623 5828 2726 5882 κᾶν
2792 5826 3228 5899 ταραττὼμεθα,
3292 5826 3396 5882 κᾶν
3473 5828 3757 5899 ἁδημονῶο

2174 5940 2295 5995 μεν,
2344 5922 2434 5978 τὸν
2491 5921 2632 5994 ὑπὲρ
2685 5921 2785 5991 τῆς
2832 5920 3090 5994 ἀληθείας
3154 5920 3448 5994 φεύγωμεν
3504 5922 3758 5980 θάνατον.
