4060 6582
346 379 447 443 129

961 380 1405 442 ENAHRATIO
1444 380 1527 442 IN
1566 381 2063 444 EVANGELIUM
2096 381 2438 446 JOANNIS.
2477 406 2546 421 --
2582 381 2740 447 CAP.
2780 387 2919 449 XII.

3484 334 3586 455 ian

347 491 504 545 Ἐπεὶ
548 490 726 561 κάγὼ,
765 496 923 561 φησι,
972 470 1313 564 ταράττομαι
1354 493 1660 564 (ἄνθρωπος
1693 493 1801 563 γὰρ
1839 493 1903 564 τᾷ

2023 506 2076 553 ιιι
2113 512 2210 552 sua
2254 495 2550 565 ostendat),
2587 507 2824 552 attamen
2858 513 2964 554 non
3008 499 3129 556 dico
3164 504 3232 558 ad
3284 502 3498 561 Patrem
3532 516 3591 563 ιιι

337 584 454 637 δντι
482 583 620 652 εἰμὶ,
653 584 750 637 καὶ
789 584 1058 655 συγχωρῶ
1097 584 1196 654 τὴν
1238 584 1399 653 φύσιν
1436 586 1506 638 τὰ
1553 585 1754 656 ἑαυτῆς
1789 586 1910 639 ἔπι·

333 674 668 743 δείκνυσθαι)
693 693 709 709 ·
763 676 913 746 ὅμως
962 675 1023 728 οὐ
1054 675 1198 745 λέγω
1233 676 1370 748 πρὸς
1412 676 1504 729 τὸν
1554 676 1794 746 Πατέρα,
1823 676 1912 731 ἵνα

335 784 405 838 με
436 767 588 840 σώσῃ
627 785 651 820 ς
688 769 751 821 ὲκ
803 768 902 837 τῆς
941 767 1088 838 ὧρας
1139 767 1363 839 ταύτηςο
1404 788 1422 820 ι
1460 768 1598 822 ἀλλὰ
1627 768 1679 821 τί
1731 768 1910 836 λέγω;

333 877 355 912 ι
401 858 606 929 Πάτερ,
652 859 877 925 δόξασόν
929 875 1023 912 σου
1070 858 1132 912 τὺ
1176 858 1386 930 ὄνομα·
1437 879 1456 912 ι
1508 860 1775 926 τουτέστι,
1807 860 1911 912 Τὸν

331 950 591 1020 σταυρὸν,
644 950 741 1003 καὶ
790 949 882 1003 τὸν
918 951 1059 1021 ὑπὲρ
1093 953 1194 1021 τῆς
1221 952 1330 1005 τῶν
1365 952 1585 1007 πάντων
1638 951 1911 1022 σωτηρίας

331 1042 616 1104 κίνδυνον,
652 1041 948 1112 εὐδόκησόν
1006 1060 1071 1113 με
1122 1041 1504 1108 ἀναδέξασθαι.
1553 1044 1693 1115 Ὅρα
1735 1042 1790 1095 δὲ
1830 1043 1911 1097 ὅτι

330 1133 494 1199 δόξαν
524 1133 660 1187 Θεοῦ
702 1134 976 1204 ὠνόμασε,
1014 1133 1075 1188 τὸ
1110 1135 1252 1206 ὑπὲρ
1288 1136 1388 1206 τῆς
1416 1134 1675 1206 ἀληθείας
1705 1136 1911 1189 ἀποθα-

328 1229 480 1279 νεῖν’
515 1225 599 1279 δ;ὺ
639 1226 735 1279 καὶ
768 1228 797 1279 ὁ
836 1226 1049 1297 Πατὴρ,
1110 1226 1287 1295 (Καὶ
1330 1227 1579 1296 ἐδόξασα,
1629 1228 1782 1299 φησὶ,
1818 1230 1912 1281 καὶ

332 1318 505 1373 πάλιν
540 1318 768 1384 δοξάσω.
817 1338 836 1372 ι
894 1322 1019 1385 Τοῖς
1079 1338 1139 1375 τε
1191 1321 1300 1393 γὰρ
1357 1322 1464 1393 πρὸ
1513 1322 1607 1374 τοῦ
1675 1320 1911 1394 σταυροῦ

329 1411 635 1483 θαύμασιν,
670 1412 706 1467 ἃ
740 1414 797 1466 ὲν
825 1412 905 1484 τῷ
935 1414 1054 1486 ἐμῷ
1087 1415 1314 1485 ὀνόματι
1339 1415 1564 1481 ἐτέλεις,
1608 1433 1628 1467 ι
1660 1413 1908 1481 ἐδόξασα,

327 1507 427 1559 καὶ
459 1506 626 1560 πάλιν
680 1525 700 1558 ι
755 1508 812 1560 ὲν
846 1506 995 1578 αὐτῷ
1026 1507 1106 1578 τῷ
1136 1506 1355 1578 σταυρῷ
1386 1507 1475 1561 διὰ
1517 1506 1612 1561 σοῦ
1659 1506 1912 1578 θαύματα

330 1598 601 1666 ποιήσας,
646 1617 665 1649 ι
700 1596 934 1662 δοξάσω,
979 1616 997 1650 ι
1036 1601 1131 1652 καὶ
1165 1598 1306 1670 μετὰ
1333 1599 1433 1669 τὴν
1464 1598 1644 1668 ταφὴν
1672 1598 1910 1669 ἀναστή-

329 1704 433 1750 σας
467 1704 552 1751 σε,
584 1688 681 1742 καὶ
706 1688 777 1741 τὸ
794 1689 1027 1759 Πνεῦμα
1048 1688 1289 1760 πέμψας,
1337 1689 1418 1743 ἔτι
1451 1689 1790 1761 ἐνδοξότερον
1815 1689 1911 1743 καὶ

325 1778 393 1831 τὸ
418 1781 553 1848 ἐμὶν
581 1779 751 1850 ὄνομα
775 1780 871 1833 καὶ
898 1781 958 1834 σὲ
981 1783 1333 1853 καταστήσω.
1359 1780 1517 1847 Τινὲς
1543 1782 1599 1836 δὲ
1631 1781 1719 1849 τὸ,
1748 1801 1767 1835 ι
1794 1781 1908 1835 Νῦν

2018 586 2187 643 salvet
2210 588 2338 657 mejt
2361 602 2425 642 ex
2449 588 2580 642 hora
2613 589 2733 642 hac.
2772 607 2790 641 ι
2821 589 2926 645 Sed
2953 590 3079 660 quid
3110 593 3268 650 dico?
3295 615 3314 648 ι
3341 595 3574 667 Illustra,

2019 678 2201 745 Pater,
2225 689 2374 733 tuum
2409 693 2628 747 nomen,
2668 698 2688 732 ι
2722 682 2825 737 hoc
2850 692 2952 752 est,
2981 686 3238 755 probetur
3271 688 3365 744 tibi
3397 699 3455 745 ιιι
3485 707 3589 762 ego

2015 771 2311 842 suscipiam
2336 786 2555 827 crucem
2589 781 2643 827 et
2676 774 2967 844 periculmn
2995 793 3095 847 pro
3121 781 3295 837 salute
3318 783 3583 839 omnium.

2016 863 2152 918 Vide
2190 873 2369 917 autem
2401 864 2543 932 quod
2577 864 2804 933 gloriam
2839 865 2933 922 Dei
2982 872 3276 926 nominavit
3321 877 3455 928 mori
3488 890 3587 944 pro

2012 954 2242 1009 veritate
2279 953 2444 1027 677
2488 966 2837 1026 ;propterca,
2873 956 3062 1027 Pater,
3124 981 3143 1014 ι
3180 961 3248 1017 Ει
3294 950 3583 1029 ἱΙΙιιέιιτινῑ,

2018 1045 2214 1116 inquit,
2250 1057 2306 1101 et
2338 1048 2533 1102 iterum
2560 1047 2859 1104 illustrabo.
2889 1069 2908 1103 ιι
2937 1046 3070 1104 Nam
3089 1059 3142 1104 et
3169 1053 3441 1108 miraculis
3468 1070 3586 1122 qua:

2016 1149 2139 1192 ante
2174 1124 2413 1207 crucem,
2453 1148 2509 1193 et
2544 1154 2664 1209 qua:
2703 1140 2757 1195 itt
2809 1157 2930 1196 meo
2979 1144 3196 1197 nomine
3240 1144 3581 1215 pertieiebas,

2020 1248 2040 1283 t
2075 1230 2335 1285 illustravi
2373 1249 2386 1286 :
2432 1250 2450 1284 ι
2486 1241 2540 1287 et
2578 1232 2773 1288 iterum
2826 1234 2982 1289 factis
3014 1250 3110 1303 per
3141 1245 3193 1290 te
3221 1238 3494 1291 miraculis
3531 1239 3582 1291 in

2012 1318 2128 1389 ipsa
2158 1334 2320 1375 cruce
2356 1338 2375 1372 ι
2410 1321 2713 1390 illustraho,
2757 1339 2777 1375 ι
2811 1332 2866 1378 et
2910 1335 3034 1394 post
3081 1326 3413 1396 sepulturam
3459 1344 3581 1383 cum

2014 1410 2417 1465 resuscitavero
2461 1422 2533 1477 te,
2561 1421 2616 1467 et
2649 1410 2912 1482 Spiritum
2940 1414 3162 1478 misero,
3190 1416 3362 1483 magis
3388 1416 3587 1485 glorio‘-
3645 1462 3651 1469 .

2012 1516 2131 1556 sum
2161 1510 2215 1556 et
2253 1517 2431 1557 meum
2468 1518 2661 1560 nomen
2688 1514 2743 1559 et
2781 1514 2830 1560 te
2856 1508 3206 1563 constituam.
3236 1507 3377 1562 Sunt
3405 1520 3584 1563 autent

2014 1593 2106 1663 qui
2142 1595 2450 1665 intelligunt
2483 1595 2585 1651 Itoc
2607 1597 2834 1663 dictum,
2872 1616 2891 1650 ι
2923 1596 3081 1653 Nunc
3109 1600 3287 1653 anima
3323 1614 3439 1654 mea
3475 1611 3589 1654 tura
3623 1653 3643 1672 ε

2010 1685 2132 1741 bata
2169 1696 2256 1743 est
2312 1705 2327 1742 :
2376 1707 2395 1740 ι
2459 1704 2567 1745 non
2615 1691 2759 1759 quod
2810 1691 3070 1745 Dominus
3122 1692 3310 1746 timeat
3358 1702 3587 1748 mortem

2011 1781 2308 1836 secundum
2341 1783 2634 1837 humanam
2674 1794 2945 1850 naturam,
3002 1785 3095 1840 sed
3153 1786 3444 1856 prasvideat
3473 1786 3587 1856 eje-

324 1871 359 1938 ἡ
391 1871 542 1942 ψυχή
592 1889 693 1942 μου
732 1874 1101 1946 τετάρακται,
1142 1894 1161 1927 ι
1196 1876 1294 1945 οὐχ
1343 1875 1420 1939 ὡς
1459 1875 1555 1930 τοῦ
1613 1875 1788 1947 Ἰησοῦ
1819 1875 1903 1930 τὸν

2012 1874 2247 1930 ctionem
2286 1876 2652 1947 generationis
2697 1875 3005 1933 Judaeorum
3045 1879 3489 1948 cxasperatricis,
3532 1889 3587 1934 et

327 1963 564 2018 θάνατον
612 1965 950 2038 φοϐουμένου
997 1967 1141 2022 κατά
1188 1967 1250 2020 τὸ
1282 1966 1625 2038 ἀνθρώπινον
1651 1967 1907 2038 λέγεσθαι

325 2056 583 2126 ἐνόησαν,
643 2059 779 2112 ἀλλά
829 2059 1102 2131 προορῶν,
1140 2060 1293 2129 φασὶ,
1344 2059 1445 2130 τὴν
1494 2059 1768 2115 ἔκπτωσιν
1809 2061 1909 2134 τῆς

326 2151 884 2222 παραπικραινούσης
911 2153 1020 2205 τῶν
1051 2152 1322 2205 Ἰουδαίων
1362 2154 1578 2222 γενεᾶς,
1615 2152 1711 2206 καὶ
1737 2153 1908 2223 ὑπερ-

324 2240 512 2310 αλγῶν
561 2242 771 2306 αὐτῶν,
806 2244 902 2297 καὶ
940 2244 1275 2315 φειδόμενος,
1310 2245 1405 2298 καὶ
1452 2244 1771 2316 κηδόμενος,
1811 2261 1908 2298 τα-

329 2333 601 2403 ράττεται
617 2334 686 2388 δι’
733 2336 1000 2402 ἐκείνους,
1048 2339 1143 2390 καὶ
1173 2336 1318 2408 λύπῃ
1355 2335 1613 2408 βάλλεται
1641 2338 1669 2390 ὁ
1714 2335 1907 2405 φιλάν-

324 2427 574 2495 θρωπος.
606 2428 682 2481 Οὐ
718 2430 827 2499 γὰρ
879 2429 973 2482 τὸν
1023 2430 1276 2496 θάνατον,
1334 2431 1488 2498 φασὶ,
1549 2428 1905 2499 φοϐούμενος,

326 2516 452 2568 ἐπεὶ
487 2516 625 2587 μηδὲ
657 2518 842 2588 ἠγνόει
863 2518 1009 2581 τίνος
1038 2518 1225 2572 ἕνεκεν
1251 2518 1352 2590 τὴν
1379 2518 1517 2591 πρὸς
1537 2518 1686 2588 ἡμᾶς
1714 2517 1905 2588 ἐποιή-

2014 1966 2203 2022 dolens
2226 1983 2289 2022 ac
2318 1982 2547 2035 parcens
2577 1970 2657 2025 eis
2699 1970 2950 2025 turbatur
2978 1982 3199 2041 propter
3241 1985 3358 2037 eos,
3394 1981 3449 2024 et
3482 1972 3585 2025 mi-

2011 2059 2252 2115 sericors
2292 2060 2530 2116 dolorem
2577 2062 2627 2116 itt
2667 2076 2726 2117 se
2759 2062 2977 2131 accipit.
3014 2062 3198 2133 Neque
3224 2065 3368 2119 enim
3396 2065 3587 2120 dicunt

2013 2151 2157 2222 quod
2197 2160 2423 2205 mortem
2473 2152 2685 2208 timeat.
2724 2151 2841 2208 Non
2893 2157 3038 2210 enim
3096 2156 3377 2226 ignorabat
3423 2166 3584 2224 quam

2010 2246 2080 2300 σι)
2116 2261 2338 2300 causam
2378 2246 2443 2299 ad
2494 2260 2592 2301 nos
2648 2247 2922 2317 profectus
2960 2259 3129 2315 esset,
3182 2248 3323 2302 sicut
3363 2258 3419 2302 et
3472 2249 3588 2317 ipse

2012 2336 2165 2402 dicit,
2207 2355 2226 2388 ι
2264 2336 2498 2408 Propter
2526 2338 2629 2392 hoc
2655 2338 2777 2392 veni
2812 2339 2868 2391 in
2895 2338 3087 2392 horam
3123 2339 3286 2392 hanc.
3320 2354 3339 2387 ι
3368 2337 3583 2407 Alioqui

2010 2428 2283 2496 quomodo
2345 2428 2664 2482 adhortatus
2718 2427 2909 2483 fuisset
2951 2428 3107 2492 alios,
3166 2428 3351 2484 dicens
3390 2444 3404 2481 :
3449 2444 3468 2479 ι
3508 2428 3587 2484 Ne

2013 2518 2251 2573 timeatis
2281 2532 2379 2575 eos
2406 2519 2497 2587 qui
2521 2520 2775 2575 oetidunt
2801 2534 2997 2590 corpus
3024 2519 3069 2552 ι’
3102 2521 3127 2573 ?
3157 2537 3178 2571 ι
3368 2526 3377 2539 ¹

329 2624 461 2664 σατο
486 2610 699 2680 ἄφιξιν,
733 2611 807 2677 ὡς
833 2612 928 2666 καὶ
958 2613 1120 2676 αὐτὸς
1151 2613 1338 2682 λέγει’
1376 2632 1396 2665 ι
1426 2613 1523 2668 Διά
1572 2612 1735 2666 τοῦτο
1766 2608 1929 2683 ἦλθον
1979 2614 2059 2676 είς
2115 2613 2213 2684 τὴν
2263 2612 2412 2685 ὥραν
2457 2614 2685 2687 ταύτην.
2739 2633 2759 2669 ι
2812 2615 2938 2681 Πῶς
2977 2616 3024 2670 δ’
3077 2617 3145 2672 ἂν
3197 2617 3326 2682 τοὺς
3391 2617 3585 2684 ἄλλους

327 2705 723 2776 προετρέπετο,
785 2722 804 2757 t
869 2705 959 2774 Μὴ
1017 2705 1273 2774 φοϐεῖσθε
1293 2747 1310 2772 ,
1362 2704 1536 2773 λέγων
1556 2746 1571 2771 ,
1629 2703 1737 2758 ἀπὸ
1796 2704 1905 2758 τῶν
1930 2703 2369 2759 ἀποκτεινόντων
2395 2706 2455 2759 τὸ
2481 2708 2689 2778 σῶμα;
2722 2727 2740 2761 ι

404 2815 425 2848 ι
473 2795 534 2849 '0
590 2795 683 2850 οῦν
732 2796 887 2867 ὄχλος
927 2797 956 2848 ό
1009 2796 1218 2863 ἑστὼς,
1275 2798 1371 2852 καὶ
1427 2797 1688 2862 ἀκούσας,
1723 2797 1907 2865 ἔλεγον

329 2886 563 2957 βροντὴν
604 2888 908 2954 γεγονέναι.
955 2887 1138 2940 ’Ἄλλοι
1168 2887 1409 2955 ἔλεγον,
1447 2886 1714 2955 Ἀγγελος
1756 2885 1907 2956 αὐτῷ

2086 2796 2252 2854 Vsus.
2284 2800 2474 2857 29-55.
2513 2819 2532 2854 ι
2577 2782 2762 2858 Turba
2798 2820 2927 2875 ergo
2955 2821 3074 2877 qua!
3094 2811 3272 2864 stabat
3302 2819 3357 2865 et
3398 2811 3591 2867 audie-

2013 2898 2121 2953 rat,
2152 2891 2364 2946 dicebat
2399 2892 2700 2946 tonitruum
2724 2907 2846 2948 esse
2872 2893 3098 2951 laetum.
3148 2897 3252 2952 Alii
3290 2899 3537 2955 dicebant
3566 2917 3581 2956 :

327 2979 649 3045 λελάληκεν.
718 2976 1019 3049 Ἀπεκρίθη
1086 2978 1316 3049 Ἰησοῦς,
1366 2978 1463 3033 καὶ
1492 2978 1676 3032 εἶπεν·
1727 2979 1803 3031 Οὐ
1836 2976 1903 3031 δι’

2011 2983 2248 3054 Angelus
2282 2985 2330 3039 ei
2369 2984 2582 3041 locutus
2619 2994 2722 3041 est.
2765 2986 3064 3058 Respondit
3111 2988 3289 3059 Iesus,
3320 3003 3375 3047 et
3405 2994 3579 3051 dixit:

326 3069 428 3137 ἐμὲ
452 3072 486 3137 ἡ
520 3069 673 3139 φωνὴ
700 3068 838 3137 αῦτη
862 3069 1108 3138 γέγονεν,
1135 3069 1272 3124 ἀλλὰ
1292 3070 1361 3123 δι’
1391 3069 1557 3141 ὑμᾶς.
1585 3070 1700 3124 Νῦν
1726 3070 1903 3140 κρίσις

2007 3074 2122 3129 Non
2158 3086 2378 3146 propter
2412 3092 2498 3133 me
2537 3078 2653 3134 haec
2691 3094 2796 3135 vox
2851 3080 3023 3146 venit,
3056 3083 3151 3137 sed
3193 3094 3418 3153 propter
3462 3102 3578 3142 vos.

326 3164 444 3216 ἐστὶ
473 3160 571 3214 τοῦ
608 3163 819 3226 κόσμου
850 3166 1064 3228 τούτου,
1120 3162 1215 3216 νῦν
1248 3164 1278 3216 δ
1318 3162 1504 3234 ἄρχων
1545 3162 1643 3216 τοῦ
1699 3163 1903 3233 κόσμου

327 3254 521 3308 τούτου
553 3253 953 3324 ἐκϐληθήσεται
980 3254 1103 3322 ἔξω.
1154 3255 1329 3324 Κάγὼ
1359 3256 1459 3310 ἐὰν
1484 3255 1685 3325 ὑψωθῶ
1719 3256 1784 3308 ὲκ
1805 3258 1905 3326 τῆς

326 3350 455 3420 γῆς,
495 3353 708 3412 πάντας
737 3351 951 3405 ἑλκύσω
977 3351 1115 3421 πρὸς
1140 3351 1407 3422 ἐμαυτόν.
1438 3352 1611 3407 Τοῦτο
1636 3354 1696 3407 δὲ
1728 3353 1902 3422 ἔλεγε,

328 3443 611 3512 σημαίνων
667 3442 807 3514 ποίῳ
867 3445 1084 3515 θανάτῳ
1142 3444 1368 3515 ἔμελλεν
1431 3446 1818 3517 ἀποθνήσκειν.
1879 3464 1898 3498 ι

330 3535 642 3605 [luxti-tepet
671 3534 825 3599 ὄντες
853 3537 950 3591 καὶ
976 3537 1346 3610 ἀμαθέστεροι
1372 3540 1420 3593 οἱ
1451 3538 1692 3606 πλείους,
1723 3541 1904 3609 ἐνόμι-

327 3643 427 3680 σαν
456 3628 691 3701 βροντὴν
724 3625 864 3683 εἶναι
894 3628 994 3700 τὴν
1017 3633 1224 3702 φωνὴν,
1259 3632 1436 3686 καίτοι
1469 3632 1711 3703 εὔσημον
1739 3632 1904 3687 οὖσαν

327 3717 419 3769 καὶ
445 3718 891 3789 τετρανωμένην.
923 3719 1146 3789 Ταχέως
1175 3720 1284 3792 γὰρ
1314 3720 1643 3775 ἐπελάθοντο
1664 3721 1775 3775 τῶν
1804 3723 1903 3791 τῆς

326 3809 530 3887 φωνῆς
546 3810 831 3880 ῥημάτων,
852 3812 944 3867 τὸν
966 3807 1101 3884 ἦχον
1130 3813 1293 3882 μόνον
1330 3815 1655 3884 κατέχοντες
1675 3814 1899 3885 ταύτης.

325 3899 544 3966 Ἕτεροι
575 3901 631 3954 δὲ
680 3905 932 3973 κατεῖχον
981 3904 1081 3974 μὲν
1128 3905 1223 3956 καὶ
1273 3905 1343 3958 τὰ
1377 3906 1598 3976 ῥήματα
1629 3905 1770 3959 αὑτά
1802 3905 1904 3976 τῆς

326 3993 531 4063 φωνῆς,
557 3992 704 4062 λέγω
736 3994 801 4063 δὴ
831 3995 911 4060 τὸ,
939 4013 958 4046 ι
999 3995 1275 4060 Ἐδόξασα,
1296 3997 1392 4049 καὶ¹
1421 3995 1581 4050 πάλιν
1608 3995 1848 4063 δοξάσωο
1876 4015 1895 4048 ι

330 4083 406 4155 μὴ
433 4086 715 4149 συνιέντες
762 4086 807 4140 δ’
838 4088 988 4157 ὅμως
1021 4087 1107 4151 τίς
1143 4090 1171 4141 ὁ
1194 4086 1319 4152 νοῦς
1353 4087 1466 4141 τῶν
1491 4088 1752 4159 ῥημάτων
1778 4088 1902 4143 τού·

324 4193 455 4243 των,
491 4177 729 4246 ἄγγελον
755 4178 902 4249 αὐτῷ
931 4178 1289 4247 λελαληκέναι
1318 4179 1505 4251 ᾤοντο,
1542 4181 1622 4235 διὸ
1650 4182 1747 4235 καὶ
1774 4181 1901 4235 δυσ-

325 4270 495 4341 νόητα
527 4272 712 4337 αὐτοῖς
751 4267 891 4326 εἶναι
923 4273 1118 4340 ταῦτα,
1147 4273 1223 4338 ὡς
1247 4274 1339 4328 ὑπ’
1366 4274 1598 4345 ἀγγέλου
1616 4276 1895 4347 λεχθέντα.

2005 3167 2159 3223 Nunc
2204 3169 2463 3239 judicium
2519 3182 2602 3227 est
2654 3173 2840 3227 mundi
2879 3173 3084 3241 huius;
3135 3191 3278 3231 nunc
3333 3180 3581 3251 princeps

2005 3264 2191 3317 mundi
2213 3263 2371 3334 hujus
2392 3263 2643 3334 ejicielur
2659 3262 2826 3320 foras.
2849 3265 2916 3320 Et
2944 3281 3044 3336 ego
3068 3268 3111 3322 si
3133 3269 3403 3327 exaltatus
3426 3270 3584 3326 fuero

2004 3367 2034 3407 ιι
2071 3362 2236 3419 terra,
2292 3371 2481 3411 omnes
2524 3358 2735 3412 traham
2784 3358 2850 3412 ad
2901 3359 3191 3430 meipsum.
3235 3361 3348 3417 Hoc
3396 3373 3578 3418 autem

2005 3446 2223 3502 dicebat
2277 3447 2591 3519 signiﬁcans
2634 3465 2740 3521 qua
2787 3459 2965 3505 morte
3007 3459 3153 3506 esset
3200 3454 3517 3509 moriturus.
3553 3471 3575 3507 ι

2005 3537 2201 3594 Plures
2231 3553 2354 3592 cum
2380 3540 2679 3595 crassiores
2706 3550 2888 3595 essent
2915 3551 2968 3595 et
2999 3541 3387 3611 imperitiores,
3418 3554 3577 3613 puta-

2004 3638 2199 3684 verunt
2231 3630 2531 3684 tonitruum
2589 3645 2711 3685 esse
2738 3645 2946 3698 vocem,
2988 3633 3239 3702 quamvis
3290 3634 3580 3688 articulate

2004 3737 2105 3777 vox
2138 3733 2283 3778 esset
2313 3732 2367 3777 et
2393 3724 2798 3794 cognoscibilis.
2834 3723 3028 3779 Statim
3061 3725 3207 3779 enim
3247 3725 3398 3780 obliti
3423 3736 3581 3780 erant

2006 3817 2294 3871 verborum
2338 3816 2512 3883 vocis,
2569 3826 2624 3870 et
2674 3817 2852 3871 solum
2908 3816 3025 3885 ejus
3059 3832 3249 3872 sonum
3298 3819 3573 3874 tenebant.

2002 3909 2108 3963 Alii
2156 3919 2338 3963 autem
2375 3916 2429 3963 et
2459 3908 2624 3962 verba
2656 3911 2807 3965 vocis
2858 3910 3137 3977 tenebant,
3170 3926 3289 3980 quae
3340 3912 3581 3977 dicebatr

2010 4020 2031 4053 ι
2073 4001 2369 4066 Illustravi,
2400 4011 2454 4055 et
2481 4000 2679 4055 iterum
2710 4000 3014 4057 illustrabo.
3050 4021 3068 4054 ι
3108 4002 3226 4057 Νοιι
3266 4003 3579 4074 intelligen~

2004 4102 2088 4148 tes
2134 4102 2314 4148 autem
2366 4093 2491 4163 quis
2543 4093 2831 4148 verborum
2886 4108 3104 4160 sensus,
3160 4096 3412 4164 angelum
3475 4098 3582 4166 ipsi

2007 4187 2244 4240 locutum
2302 4184 2473 4241 fuisse
2514 4186 2802 4255 putabant,
2855 4198 2911 4242 et
2968 4187 3091 4242 ideo
3139 4188 3228 4241 illa
3297 4188 3583 4245 intellectu

2005 4275 2260 4340 dillicilia,
2309 4286 2496 4344 utpote
2566 4276 2635 4331 ab
2660 4276 2856 4347 angelo
2906 4280 3073 4333 dicta.
3137 4276 3296 4334 Iesus
3349 4291 3583 4348 autem,

338 4362 393 4416 '0
421 4362 482 4415 δὲ
528 4363 769 4435 Ἰησοῦς,
796 4384 815 4416 ι
852 4365 928 4419 Οὐ
974 4362 1041 4419 δι’
1075 4366 1199 4437 ἐμὲ,
1236 4369 1391 4438 φησὶ,
1423 4369 1646 4438 γέγονεν
1694 4368 1833 4440 αὕτη
1864 4370 1899 4441 ὴ

2012 4384 2031 4419 ι
2067 4365 2186 4421 Non
2233 4376 2454 4435 propter
2502 4381 2611 4432 me,
2658 4368 2854 4437 inquit,
2898 4367 3038 4422 facta
3070 4380 3153 4423 est
3183 4370 3297 4425 hac
3324 4385 3449 4433 vox.
3479 4373 3583 4427 sed

327 4456 503 4526 ςωνὴ,
531 4454 668 4509 ἀλλὰ
697 4455 764 4508 δι’
800 4457 965 4526 ὑμᾶς,
1006 4475 1025 4507 ι
1073 4457 1214 4526 Ἐγὼ
1248 4459 1350 4528 μὲν
1397 4462 1506 4531 γὰρ
1536 4460 1635 4514 οὐκ
1672 4460 1902 4531 ἐδεόμην

324 4544 417 4598 τοῦ
462 4544 685 4616 μαθεῖν,
718 4546 802 4600 ὅτι
832 4547 1084 4614 ἐδόξασεν
1112 4553 1141 4602 ὁ
1175 4551 1382 4621 Πατὴρ,
1424 4554 1517 4605 καὶ
1546 4553 1710 4605 πάλιν
1745 4552 1902 4617 δοξά-

331 4655 413 4691 σει
438 4639 501 4692 τὸ
538 4640 703 4695 αὑτοῦ
746 4640 952 4709 δνομα-
994 4643 1153 4712 ὑμεῖς
1199 4645 1256 4698 δὲ
1288 4643 1500 4697 ὲδέεσθε
1543 4645 1638 4698 τοῦ
1685 4645 1903 4715 μαθεῖν,

328 4732 408 4784 ὅτι
439 4732 540 4785 οῦκ
577 4732 693 4800 εἰμὶ
742 4734 1007 4800 ἀντίθεος,
1044 4736 1158 4789 ἀλλ’
1202 4738 1281 4800 εἰς
1325 4735 1482 4800 δόξαν
1512 4736 1606 4790 τοῦ
1636 4738 1900 4807 ὀνόματος

328 4823 421 4877 τοῦ
451 4824 610 4878 Θεοῦ.
649 4824 712 4877 Εἰ
741 4828 852 4892 γὰρ
882 4826 948 4879 δι’
974 4827 1078 4897 ἐμὲ
1104 4827 1165 4880 τὸ
1186 4827 1357 4896 ὄνομα
1399 4826 1493 4881 τοῦ
1525 4828 1660 4881 Θεοῦ
1717 4826 1901 4898 μέλλει

327 4914 668 4982 δοξάζεσθαι,
739 4917 856 4980 πῶς
905 4919 1023 4988 εἰμι
1071 4918 1357 4986 ἀντίθεος;
1417 4939 1435 4971 ι
1491 4919 1568 4974 Δι’
1608 4922 1750 4990 ὑμᾶς
1806 4916 1899 4974 οὖν

327 5009 552 5076 γέγονεν
582 5009 616 5078 ἡ
651 5009 828 5080 φωνὴ.
871 5029 890 5062 ι
940 5009 1028 5063 ἵνα
1060 5011 1238 5079 γνῶτε
1282 5012 1364 5066 ὅτι.
1401 5012 1536 5085 πρὸς
1577 5013 1734 5079 δόξαν
1781 5014 1897 5084 εἰμὶ

328 5100 419 5154 τοῦ
455 5098 631 5154 Θεοῦο
668 5101 774 5153 κᾶν
806 5101 881 5170 μὴ
909 5101 1138 5172 δύνησθε
1167 5102 1224 5156 δὲ
1266 5101 1494 5171 γνῶναι,
1526 5104 1897 5174 ἐρωτήσαντες

327 5192 456 5261 γοῦν
488 5193 715 5264 μάθετε,
749 5194 778 5247 ὃ
809 5195 1076 5273 ἀγνοεῖτε.
1106 5194 1180 5248 To
1214 5196 1292 5261 δὲ,
1341 5214 1359 5247 ι
1396 5196 1512 5250 Νῦν
1562 5197 1744 5268 κρίσις
1780 5197 1899 5251 ἐστὶ

327 5285 418 5339 τοῦ
457 5286 668 5357 κόσμου
714 5284 927 5349 τούτου,
968 5307 987 5339 ι
1029 5287 1176 5340 δοκεῖ
1217 5287 1316 5357 μὲν
1362 5288 1720 5341 ἀνακόλουθον
1755 5284 1897 5343 εἶναι

327 5380 434 5440 τοῖς
462 5378 569 5448 πρὸ
619 5377 810 5435 αὑτοῦ.
845 5379 1012 5432 Ποίαν
1059 5379 1168 5449 γὰρ
1199 5381 1523 5434 ἀκολουθίαν
1574 5383 1686 5452 ἔχει
1736 5382 1897 5437 τοῦτο

328 5470 459 5539 πρὸς
484 5470 569 5533 τὸ,
629 5490 647 5521 ι
707 5470 989 5535 Ἐδόξασα,
1030 5471 1126 5525 καὶ¹
1168 5472 1332 5525 πάλιν
1364 5471 1602 5538 δοξάσω;
1647 5493 1664 5525 ι
1710 5475 1895 5546 Πάντη

324 5560 379 5614 δὲ
411 5559 719 5615 ἀκολουθεῖ.
768 5562 920 5615 Ἐπεὶ
946 5564 1054 5633 γὰρ
1088 5556 1242 5616 εἶπεν
1279 5562 1485 5618 ἄνωθεν
1510 5568 1536 5618 ὁ
1563 5566 1775 5636 Πατὴρ,
1813 5568 1895 5621 ὅτι

329 5672 353 5704 ο
377 5653 619 5720 Δοξάσω,
652 5672 670 5703 ι
712 5652 981 5707 δείκνυσιν
1015 5656 1149 5726 ἡμῖν
1177 5656 1205 5708 δ
1232 5656 1434 5727 Κύριος
1465 5657 1553 5711 τὸν
1577 5658 1774 5728 τρόπον
1793 5657 1891 5729 τῆς

395 5832 437 5861 η
465 5830 659 5884 una.
693 5846 745 5895 κ,
773 5828 866 5884 es.

2007 4471 2228 4531 propter
2259 4476 2377 4515 vos.
2415 4478 2434 4512 ι
2475 4460 2740 4529 Equidem
2772 4474 2881 4514 non
2914 4475 3053 4529 opus
3074 4462 3247 4517 habeo
3276 4473 3333 4516 ut
3368 4465 3581 4519 discam

2004 4554 2148 4623 quod
2187 4552 2487 4608 illustravit
2517 4552 2701 4613 Pater.
2748 4553 3055 4622 iterumque
3099 4554 3465 4611 illustraturus
3502 4557 3579 4610 sic

2003 4660 2200 4701 nomen
2241 4660 2403 4700 suum
2432 4661 2446 4699 :
2478 4658 2575 4700 vos
2602 4654 2784 4698 autem
2826 4660 2962 4714 opus
3007 4644 3239 4712 habetis,
3271 4654 3328 4699 ut
3354 4647 3587 4701 discetis-

2002 4739 2147 4808 quod
2193 4755 2298 4793 non
2357 4738 2459 4793 sim
2510 4738 2859 4792 adversarius
2909 4737 3051 4801 Deo,
3103 4739 3197 4792 sed
3256 4738 3311 4792 iu
3344 4738 3582 4809 gloriam

2001 4830 2238 4889 nominis
2290 4828 2408 4884 Dei.
2449 4830 2584 4884 Nam
2613 4830 2659 4884 si
2688 4844 2783 4899 per
2830 4843 2916 4883 me
2948 4843 3142 4883 nomen
3171 4828 3266 4883 Dei
3297 4829 3583 4883 illustratur

2000 4923 2153 4990 dum,
2184 4923 2458 4992 quomodo
2480 4937 2600 4977 sum
2629 4922 2982 4977 adversarius
3012 4921 3148 4976 Dei?
3176 4941 3195 4973 ι
3232 4920 3458 4990 Propter
3476 4936 3587 4976 vos-

2003 5015 2169 5086 igitur
2220 5013 2362 5068 facta
2396 5023 2479 5070 est
2516 5028 2643 5078 vox,
2697 5033 2717 5069 ›
2752 5021 2811 5068 ιιι
2845 5013 3034 5068 sciatis
3066 5014 3210 5082 quod
3260 5012 3313 5067 in
3344 5012 3581 5082 gloriam

1999 5107 2105 5162 sim
2137 5107 2256 5162 Dei.
2287 5105 2550 5174 Quamvis
2580 5115 2759 5162 autem
2798 5106 2943 5160 scire
2968 5121 3073 5159 non
3105 5105 3344 5173 possitis,
3375 5103 3577 5159 saltem

1999 5202 2364 5270 interrogate,
2429 5209 2484 5254 et
2539 5200 2732 5256 discite
2790 5200 2930 5268 quod
2988 5197 3274 5266 ignoratis.
3331 5195 3595 5252 Dicendo,

1997 5304 2200 5356 autem,
2233 5310 2253 5344 ι
2288 5290 2437 5345 Nunc
2468 5302 2552 5345 est
2577 5290 2839 5358 judicium
2865 5291 3048 5345 mundi
3080 5289 3259 5360 hujus,
3301 5307 3322 5340 ι
3351 5290 3583 5347 videtur

1997 5383 2215 5454 quidem
2249 5382 2627 5453 superioribus
2670 5382 2810 5437 male
2835 5383 3132 5440 cohaerere.
3168 5380 3388 5447 Qualem
3420 5382 3577 5435 ειιὶιιιι

1998 5475 2444 5541 consequentiam
2475 5474 2638 5528 habet
2668 5475 2769 5528 hoc
2803 5474 2870 5526 ad
2897 5472 3024 5527 illud
3054 5473 3195 5540 quod
3223 5472 3428 5527 dictum
3456 5482 3571 5539 est,

2005 5584 2023 5617 ι
2074 5566 2139 5619 Et
2174 5566 2479 5632 illustravi,
2520 5575 2577 5621 et
2622 5565 2821 5621 iterum
2872 5564 3194 5619 illustrabo?
3247 5582 3269 5618 ι
3330 5562 3569 5620 Omnino

1998 5667 2181 5712 autem
2229 5666 2377 5713 recte
2432 5658 2703 5728 sequitur.
2735 5655 2869 5710 Nam
2919 5655 3042 5725 quia
3075 5655 3325 5726 superius
3355 5654 3569 5713 dixerat
