4060 6590
450 316 545 395 131

1376 321 1959 387 THEOPHYLACTI
1992 323 2408 387 BULGARI/E
2448 320 2808 388 ARCHIEP.

3635 325 3737 389 132

450 438 637 505 Pater,
672 455 692 489 ι
738 437 1051 507 lllustrabo,
1094 456 1112 490 ι
1142 435 1383 492 ostendit
1429 437 1583 493 nobis
1629 437 1891 493 Dominus
1930 452 2032 490 mo-

2150 436 2329 509 δόξης.
2356 438 2453 502 Τίς
2486 437 2541 491 δὲ
2569 430 2755 502 οὗτοςς
2782 435 2856 489 Τὸ
2882 434 3217 505 ἐκϐληθῆναι
3253 434 3355 505 μὲν
3385 436 3491 504 ἔξω
3523 437 3613 491 τὸν
3646 455 3749 494 κο·-

447 535 577 589 dum
616 531 1014 590 illustrationis.
1049 532 1113 586 Ει
1132 531 1255 602 quis
1288 530 1421 586 ille?
1450 528 1517 585 Ut
1551 530 1804 600 ejiciatur
1825 528 2042 601 quidem

448 627 599 684 foras
630 628 815 684 mundi
851 628 1135 696 Dominus,
1164 639 1220 684 et
1254 625 1834 696 vincatur;judicetur
1862 633 2044 679 autem

450 720 708 783 mundus.
741 718 844 775 hoc
873 728 959 775 est
996 721 1063 775 de
1120 735 1186 775 eo
1220 719 1356 774 ultio
1380 729 1646 800 sumatur.
1683 714 1837 781 Quod
1863 723 2042 768 autem

446 812 597 874 dicit,
629 813 771 865 hunc
803 826 1021 867 sensum
1061 812 1257 866 habet:
1296 810 1466 881 678
1506 806 1662 861 Nunc
1686 805 1953 874 judicium
1989 813 2047 860 et

451 903 585 960 ultio
616 906 800 960 mundi
837 906 917 960 lit.
948 901 1086 973 Quia
1123 906 1269 960 enim
1312 902 1561 958 diabolus
1596 898 1857 954 mundum
1883 897 2041 952 morti

447 998 703 1068 subjecit,
760 1005 1004 1069 peccato
1039 999 1295 1053 omnibus
1338 994 1650 1051 hominibus
1682 991 1932 1048 obnoxiis
1962 988 2046 1044 fa-

448 1090 553 1143 ctis
590 1106 605 1144 :
643 1091 710 1145 ad
751 1107 860 1154 me,
895 1091 1090 1159 inquit,
1126 1104 1248 1145 cum
1300 1089 1533 1152 venerit,
1570 1097 1623 1141 et
1671 1093 1953 1156 peccatum
1987 1083 2041 1138 in

454 1198 544 1237 me
582 1198 689 1237 non
729 1182 1023 1249 invenerit,
1062 1182 1228 1237 morti
1259 1190 1441 1235 autem
1476 1196 1541 1234 ex
1583 1193 1741 1248 {equo
1771 1174 2043 1231 submise-

448 1278 543 1342 rit,
598 1277 1054 1332 condemnabitur
1092 1292 1123 1331 a
1161 1291 1270 1342 me,
1321 1284 1377 1330 et
1415 1274 1494 1330 sic
1543 1287 1645 1343 ego
1681 1271 1941 1326 ultionem
1975 1268 2042 1323 de

452 1371 656 1426 mundo
706 1388 943 1426 sumam.
995 1371 1126 1425 Esto
1153 1370 1299 1425 enim
1323 1368 1470 1439 quod
1498 1368 1622 1422 aliis
1655 1375 1886 1422 mortem
1917 1377 2044 1434 pro—

448 1472 572 1531 pter
619 1472 900 1531 peccatum
956 1461 1246 1516 attulerit:
1286 1462 1339 1515 in
1400 1474 1490 1515 me
1548 1458 1681 1529 quid
1741 1456 1848 1511 tale
1894 1455 2043 1509 videt

448 1557 594 1624 quod
623 1555 676 1610 in
710 1556 955 1625 reliquis,
993 1564 1051 1609 ut
1093 1553 1353 1610 occidat?
1388 1554 1560 1624 igitur
1613 1572 1633 1604 ι
1675 1548 1858 1605 mundi
1897 1548 2043 1619 judi-

445 1649 613 1715 cium,
654 1666 675 1700 ι
719 1647 822 1702 hoc
860 1656 942 1703 est
974 1648 1130 1716 ultio,
1183 1662 1332 1709 nunc
1386 1661 1417 1700 a
1451 1660 1535 1701 me
1583 1645 1687 1699 lit:
1734 1643 1861 1714 quia
1893 1641 2039 1698 enim

455 1755 558 1810 ego
586 1740 835 1796 occidam
862 1755 985 1795 eum
1019 1742 1107 1810 qui
1141 1756 1331 1796 omnes
1353 1739 1579 1804 occidit,
1609 1748 1663 1793 et
1692 1753 1780 1793 me
1820 1751 2040 1807 quoque

2153 530 2508 603 σμοκράτορα
2543 530 2638 584 καὶ
2681 528 2995 600 νικηθῆναι,
3031 529 3357 600 κριθῆναιδέ
3385 532 3476 584 τὸν
3513 532 3742 600 κόσμον,

2158 624 2443 679 τουτέστιν
2470 624 2861 695 ἐκδικηθῆναι,
2895 626 2959 678 Ὃ
2989 623 3045 677 δὲ
3072 624 3242 693 λέγει,
3274 626 3515 680 τοιοῦτόν
3546 628 3700 682 ἐστιν
3725 643 3741 656 °

2151 716 2268 769 Νῦν
2293 716 2477 784 κρίσις
2496 717 2590 770 καὶ
2618 717 2900 785 ἐκδίκησις
2931 715 3025 769 τοῦ
3060 716 3268 787 κόσμου
3298 718 3491 772 τούτου
3508 720 3747 787 γίνεται.

2160 808 2311 862 Ἐπεὶ
2348 809 2460 879 γὰρ
2510 809 2603 863 τὸν
2643 810 2851 879 κόσμον
2899 809 2929 862 6
2976 808 3226 873 διάϐολος
3261 810 3340 879 τῷ
3398 812 3612 882 θανάτῳ
3643 814 3749 866 ὺπ-

2148 895 2339 968 έθηκε,
2368 902 2434 969 τῇ
2458 899 2705 970 ἁμαρτίᾳ
2740 900 2948 963 πάντας
2976 899 3300 970 ἀνθρώπους
3334 901 3552 970 ἐνόχους
3584 904 3713 974 ποιή
3732 932 3749 943 -

2148 1006 2270 1053 σας,
2302 991 2382 1054 εἷς
2415 991 2537 1062 ἐμὲ,
2583 992 2774 1063 φησιν,
2824 990 3014 1058 ἐλθὼν,
3053 991 3149 1045 καὶ
3195 992 3472 1063 ἁμαρτίαν
3523 995 3625 1064 μὲν
3662 995 3745 1064 μὴ

2146 1081 2325 1153 εὑρὼν
2376 1084 2435 1136 ἐν
2470 1083 2619 1154 ἐμοὶ,
2677 1083 2758 1154 τῷ
2815 1083 3035 1155 θανάτῳ
3082 1083 3138 1137 δὲ
3174 1083 3319 1154 κάμέ
3379 1084 3579 1154 ἐπίσης
3627 1088 3745 1147 τοῖς

2145 1177 2328 1240 ἄλλοις
2375 1177 2704 1246 ὑπαγαγὼν,
2753 1178 3230 1249 κατακριθήσεται
3280 1178 3374 1231 ὑπ’
3426 1179 3586 1248 ἐμοῦ,
3644 1182 3744 1234 καὶ

2144 1269 2320 1334 οὕτως
2347 1271 2460 1339 ἐγὼ
2509 1272 2787 1343 ἐκδικήσω
2830 1272 2920 1326 τὸν
2968 1274 3196 1343 κόσμον.
3248 1275 3432 1327 Ἔστω
3459 1274 3590 1342 γὰρ,
3625 1279 3745 1337 τοῖς

2144 1364 2325 1426 ἄλλοις
2354 1364 2452 1416 τὸν
2479 1363 2711 1419 θάνατον
2740 1365 2830 1419 διὰ
2866 1366 2965 1435 τὴν
3012 1366 3292 1435 ἁμαρτίαν
3322 1369 3652 1436 ἐπήνεγκεν,
3681 1370 3746 1420 ἐν

2144 1461 2272 1531 ἐμοὶ
2291 1459 2344 1513 τί
2374 1460 2616 1514 τοιοῦτον
2645 1456 2786 1513 εἶδεν
2812 1455 2925 1513 οἷον
2967 1463 3083 1526 τοῖς
3125 1460 3357 1527 λοιποῖς,
3397 1462 3488 1514 ἵνα
3514 1462 3609 1515 καὶ
3639 1461 3747 1530 ἐμὲ

2144 1551 2477 1624 θανατώσῃς
2507 1553 2704 1606 Τοίνυν
2734 1571 2754 1605 ι
2790 1552 2887 1606 τοῦ
2913 1554 3123 1624 κόσμου
3145 1554 3354 1623 κρίσις,
3395 1573 3415 1606 ι
3450 1555 3571 1624 ἤτοι
3592 1553 3745 1607 ἐκδίο

2142 1660 2330 1714 κησις,
2362 1643 2458 1698 νῦν
2487 1644 2580 1698 ὑπ’
2606 1644 2742 1715 ἐμοῦ
2795 1645 3032 1713 γίνεται.
3083 1645 3188 1698 Τὸν
3237 1644 3347 1719 γὰρ
3390 1645 3601 1709 πάντας
3639 1646 3745 1699 θα·

2143 1734 2490 1802 νατὼσαντα,
2522 1732 2646 1791 εἶτα
2678 1737 2774 1791 καὶ
2815 1738 2941 1808 ἐμοὶ
2980 1735 3060 1808 τῷ
3091 1738 3323 1809 ἀναιτίῳ
3353 1737 3744 1809 προσϐαλόντα

448 1834 720 1888 insontem
770 1834 994 1901 invasit,
1034 1833 1180 1888 ultor
1204 1848 1302 1889 ero
1356 1833 1599 1889 omnium
1655 1831 1747 1900 qui
1796 1830 1868 1886 ab
1918 1831 2032 1902 ipso

2144 1830 2469 1895 θανατώσας
2514 1831 2647 1898 ἐγὼ,
2683 1831 2982 1901 ὲκδικητὴς
3011 1830 3210 1900 ἔσομαι
3250 1832 3473 1886 πάντων
3505 1831 3615 1884 τῶν
3646 1832 3745 1885 ὑπ’

448 1926 616 1981 occisi
648 1940 801 1994 sunt,
829 1936 887 1982 et
914 1926 1164 1994 ejicietur
1190 1925 1337 1981 foras
1369 1935 1653 1997 tyrannus,
1680 1938 1776 1993 per
1803 1932 2033 1979 mortem

449 2034 625 2074 meam
654 2019 1069 2074 condemnatus.
1102 2018 1237 2074 Nam
1274 2036 1294 2070 ι
1347 2017 1598 2089 ejicietur
1633 2014 1802 2084 foras,
1850 2033 1870 2067 ι
1924 2029 2038 2070 me-

452 2114 685 2183 taphora
713 2122 799 2171 est
832 2122 1051 2183 sumpta
1085 2116 1153 2169 ab
1187 2113 1272 2169 his
1299 2113 1391 2183 qui
1425 2114 1477 2169 in
1505 2111 1730 2183 judiciis
1762 2111 2037 2165 condem-

447 2216 673 2271 nantnr,
698 2216 753 2260 et
792 2220 821 2258 a
847 2205 1109 2260 tribunali
1139 2206 1456 2276 exiguntur.
1497 2203 1594 2258 Vel
1621 2213 1677 2258 et
1710 2204 1792 2259 sic
1832 2202 2037 2257 intelli-

445 2312 566 2366 gas,
629 2314 647 2348 ι
688 2296 954 2366 Ejicietur
1002 2297 1174 2364 foras,
1230 2316 1249 2350 ι
1302 2298 1407 2352 hoc
1465 2306 1549 2352 est
1597 2315 1617 2349 ι
1676 2298 1731 2351 in
1782 2308 2037 2352 externas

450 2390 740 2456 tenebras;
770 2405 794 2443 ι
832 2391 926 2444 sed
966 2400 1021 2445 et
1052 2389 1365 2460 privabitur
1416 2390 1727 2461 principatu
1770 2405 1932 2459 quem
1980 2389 2033 2443 in

448 2481 699 2537 homines
741 2483 994 2548 habebat,
1025 2493 1082 2538 et
1112 2498 1219 2537 non
1253 2482 1394 2538 ultra
1427 2483 1681 2553 regnabit
1709 2484 1855 2539 sicut
1883 2483 2036 2553 prius

446 2575 499 2630 in
538 2575 667 2641 illis,
697 2586 752 2631 et
795 2576 1352 2641 illorum'animabus,
1402 2591 1468 2632 ac
1508 2576 1727 2632 mortali
1780 2591 2032 2645 corpore.

448 2688 468 2719 ι
514 2667 621 2723 Sed
666 2684 860 2723 omnes
916 2684 1020 2740 ego
1072 2670 1282 2723 traham
1331 2672 1397 2724 ad
1452 2684 1560 2734 me,
1608 2684 1732 2724 cum
1764 2668 2036 2722 exaltatus

444 2762 601 2817 fuero
633 2763 687 2818 in
729 2779 915 2819 cruce.
961 2783 979 2816 ι
1011 2763 1146 2817 Nam
1197 2778 1409 2826 omnes,
1441 2764 1607 2819 etiam
1635 2764 1726 2834 qui
1759 2778 1825 2818 ex
1853 2764 2032 2834 genti-

442 2857 567 2921 bus,
596 2856 662 2909 ad
701 2855 863 2909 iidem
911 2857 964 2909 in
1000 2871 1086 2911 me
1128 2858 1435 2912 trahentur.
1489 2856 1699 2912 Etenim
1752 2859 1876 2929 quia
1929 2859 2033 2929 ipsi

446 2962 550 3000 non
585 2956 817 3016 possunt
852 2950 917 3002 ad
971 2965 1058 3003 me
1098 2949 1308 3017 venire,
1344 2964 1411 3006 eo
1443 2954 1588 3020 quod
1615 2966 1644 3006 a
1688 2961 1917 3023 tyranno
1943 2957 2034 3009 de-

446 3038 578 3091 tenti
611 3048 760 3103 sunt,
790 3053 911 3107 ego,
944 3039 1091 3093 victo
1120 3039 1212 3094 illo
1244 3051 1300 3095 et
1329 3039 1477 3097 foras
1506 3042 1702 3113 ejecto,
1725 3052 1780 3098 et
1803 3045 2029 3101 resectis

444 3126 628 3182 nervis
656 3128 913 3195 potentize
945 3127 1062 3197 ejus
1094 3138 1285 3184 contra
1311 3132 1583 3201 homines,
1615 3136 1824 3190 trahant
1858 3138 2023 3192 etiam

443 3221 661 3276 nolente
694 3221 806 3275 illo.
842 3220 897 3277 ld
936 3221 1047 3277 alio
1080 3223 1199 3278 loco
1226 3225 1393 3279 etiam
1423 3226 1669 3295 rapinam
1706 3229 2031 3285 nominarit.

446 3332 466 3366 ι
501 3313 692 3369 Nullus
720 3315 891 3382 enim,
933 3317 1132 3386 inquit,
1164 3328 1345 3387 potest
1383 3334 1514 3374 vasa
1565 3318 1723 3375 fortis
1768 3321 2030 3392 diripere,

442 3406 545 3459 nisi
591 3405 773 3477 alliget
807 3405 1005 3462 fortem
1056 3407 1120 3463 ".
1156 3426 1176 3461 ι
1207 3438 1279 3450 -
1304 3427 1324 3461 ι
1354 3408 1582 3466 Dicebat
1620 3421 1825 3477 autem,
1864 3413 1927 3467 Et
1983 3415 2030 3469 si

439 3496 709 3553 exaltatns
757 3497 929 3562 lucro,
974 3499 1293 3569 signiﬁcans
1322 3516 1429 3571 qua
1465 3511 1643 3558 morte
1678 3514 1827 3559 esset
1861 3507 2032 3560 mori-

442 3597 616 3655 turus,
659 3609 678 3642 ο
722 3592 822 3646 hoc
846 3603 929 3646 est
962 3592 1387 3663 cruciﬁgeudus.
1446 3591 1585 3650 Nam
1611 3594 1716 3651 hoc
1747 3596 2023 3667 signiﬁcat

440 3681 671 3736 altitudo
703 3686 907 3738 erucis.

2144 1922 2312 1977 αὐτοῦ
2346 1922 2795 1983 θανατωθέντων.
2842 1923 2940 1979 καὶ
2978 1940 2997 1975 ι
3049 1923 3451 1993 ἐκϐληθήσεται
3495 1922 3603 1989 ἔξω
3655 1941 3675 1975 ι
3711 1926 3745 1977 6

2141 2015 2432 2086 τύραννος,
2488 2016 2579 2070 διὰ
2628 2015 2723 2070 τοῦ
2778 2016 3015 2070 θανάτου
3045 2016 3141 2071 τοῦ
3175 2015 3312 2088 ἐμοῦ
3354 2016 3739 2088 κατακριθείς.

2144 2111 2219 2165 Τὸ
2257 2111 2390 2182 γὰρ,
2446 2130 2465 2162 r
2522 2110 2960 2182 Ἐκϐληθήσεται
3010 2109 3137 2177 ἔξω,
3203 2129 3223 2163 ι
3268 2110 3378 2164 ἀπὺ
3420 2116 3740 2183 μεταφορᾶς

2139 2202 2252 2257 τῶν
2281 2206 2340 2258 ἐν
2393 2205 2508 2268 τοῖς
2542 2204 2922 2275 δικαστηρίοις
2949 2204 3461 2275 κατακρινομένων,
3512 2205 3608 2258 καὶ
3641 2204 3741 2258 τοῦ

2139 2297 2503 2368 δικαστηρίου
2540 2296 2965 2366 ἐξωθουμένων,
3017 2297 3260 2368 εἴρηται.
3314 2298 3428 2351 Καὶ
3472 2297 3621 2351 οὕτω
3669 2298 3727 2351 δέ

2141 2392 2360 2462 νοήσεις
2399 2392 2483 2454 τὸ,
2522 2409 2541 2442 ι
2590 2390 3025 2461 Ἐκὸληθήσεται
3068 2390 3197 2456 ἔξω,
3237 2410 3256 2443 ι
3294 2391 3416 2444 ἀντὶ
3439 2391 3559 2459 τοῦ,
3600 2411 3621 2445 α
3654 2393 3738 2457 είς

2138 2487 2199 2540 τὸ
2229 2488 2421 2552 σκότος
2454 2490 2515 2541 τὸ
2559 2487 2851 2559 ἐξώτερον.
2889 2507 2908 2541 ι
2979 2487 3142 2542 Ἀλλὰ
3167 2488 3264 2541 καὶ
3312 2487 3418 2555 ἔξω
3463 2489 3563 2559 τῆς
3593 2489 3739 2544 κατὰ

2136 2583 2249 2638 τῶν
2276 2585 2586 2657 ἀνθρώπων
2619 2586 2944 2651 δυναστείας
2981 2588 3302 2660 γενήσεται,
3332 2586 3428 2640 καὶ
3447 2584 3547 2639 οὐκ
3571 2584 3652 2637 ἐτι
3678 2585 3737 2635 ἐν

2136 2678 2353 2743 αὐτοῖς,
2385 2680 2483 2732 καὶ
2522 2682 2647 2743 ταῖς
2676 2680 2865 2735 αὐτῶν
2896 2681 3125 2752 ψυχαῖς,
3159 2680 3253 2734 καὶ
3283 2679 3361 2750 τῷ
3400 2677 3584 2749 θνητῷ
3628 2677 3737 2729 σώ-

2139 2789 2273 2840 ματι
2301 2772 2618 2843 βασιλεύσει
2641 2774 2715 2837 ὡς
2744 2776 2807 2828 τὸ
2836 2775 3125 2846 πρότερον,
3152 2774 3291 2829 ἁλλά
3325 2792 3343 2824 ι
3383 2774 3595 2835 πάντας
3622 2768 3737 2838 ἐγὼ

2138 2863 2357 2917 ἑλκύσω
2390 2866 2528 2933 πρὸς
2558 2865 2820 2936 ἐμαυτὸν,
2858 2865 2957 2918 ἐὰν
2991 2864 3214 2930 ὑψωθῶ,
3250 2883 3269 2915 ›
3308 2863 3401 2916 ἐπὶ
3427 2862 3523 2915 τοῦ
3564 2878 3732 2914 σταυο

2139 2956 2259 3028 ροῦ.
2284 2957 2497 3019 Πάντες
2534 2957 2646 3028 γάρ
2680 2960 2777 3011 καὶ
2805 2960 2850 3011 οἱ
2880 2958 2939 3025 ἐξ
2971 2957 3165 3022 ἐθνῶν,
3200 2957 3336 3028 πρὸς
3368 2954 3470 3025 τὴν
3507 2956 3589 3017 είς
3630 2953 3732 3022 ἐμὲ

2141 3050 2329 3103 πίστιν
2353 3050 2806 3122 ἐλκυσθήσονται.
2854 3051 3008 3104 Ἐπεὶ
3047 3051 3157 3121 γὰρ
3191 3050 3349 3103 αὐτοὶ
3378 3050 3440 3102 οὐ
3472 3047 3735 3101 δύνανται

2137 3145 2276 3215 πρὸς
2301 3145 2405 3214 ἐμὲ
2441 3145 2640 3208 ἐλθεῖν,
2673 3147 2748 3210 ὡς
2781 3146 2891 3200 ὑπὸ
2918 3145 3015 3199 τοῦ
3040 3147 3305 3217 τυράννου
3331 3143 3729 3214 κατεχόμενοι·

2138 3236 2252 3304 ἐγὼ
2287 3240 2519 3309 νικήσας
2568 3240 2732 3293 αὑτὸν
2768 3241 2862 3294 καὶ
2896 3240 3145 3295 ἐκϐαλὼν
3171 3241 3298 3306 ἔξω,
3321 3238 3419 3293 καὶ
3464 3238 3562 3309 τῆς
3588 3235 3733 3290 κατά

2135 3330 2246 3381 τῶν
2284 3330 2592 3400 ἀνθρώπων
2637 3332 2965 3398 δυναστείας
2994 3332 3160 3387 αὑτοῦ
3207 3334 3277 3387 τὰ
3317 3333 3487 3403 νεῦρα
3519 3328 3729 3398 τεμὼν,

2137 3419 2363 3474 ἐλκύσω
2397 3424 2492 3475 καὶ
2536 3425 2766 3488 ἄκοντος
2818 3426 3053 3479 ἐκείνου.
3105 3427 3289 3497 Ὅπερ
3337 3422 3578 3494 ἀλλαχοῦ
3634 3423 3733 3476 καὶ

2135 3513 2397 3586 ἁρπαγὴν
2435 3516 2743 3586 ὠνόμασεν.
2776 3537 2794 3570 ι
2832 3518 3021 3584 Οὐδεὶς
3049 3519 3180 3592 γάρ,
3213 3519 3368 3592 φησι,
3397 3517 3628 3572 δύναται
3657 3515 3731 3568 τὰ

2138 3605 2310 3677 σκεύη
2362 3607 2459 3661 τοῦ
2495 3610 2720 3682 ἰσχυροῦ
2769 3612 3093 3683 διαρπάσαι,
3152 3611 3249 3665 ἐὰν
3302 3610 3378 3682 μὴ
3437 3610 3579 3682 δήσῃ
3633 3608 3733 3662 τὸν

2142 3698 2385 3771 ἰσχυρόν.
2425 3721 2443 3753 ι
2482 3732 2552 3742 -
2582 3724 2602 3756 ι
2648 3704 2845 3771 Ἔλεγε
2877 3704 2935 3758 δὲ
2968 3723 2988 3758 ι
3026 3705 3127 3760 καὶ
3153 3704 3235 3770 τδ,
3273 3722 3293 3757 ι
3341 3703 3469 3756 Ἐὰν
3502 3699 3730 3771 ὑψωθῶ,

438 3776 596 3846 φησι,
624 3778 907 3848 σημαίνων
924 3778 1064 3850 ποίῳ
1087 3776 1307 3844 θανάτῳ
1349 3777 1581 3850 ἔμελλεν
1615 3780 2010 3853 ἀποθνήσκειν⁹
2036 3805 2055 3837 ι
2084 3794 2387 3863 τουτέστιν,
2419 3797 2503 3850 ὅτι
2566 3798 2947 3872 σταυρωθῆναι
3008 3796 3230 3872 μέλλει·
3281 3797 3444 3852 τοῦτο
3488 3794 3601 3868 γάρ
3666 3798 3732 3849 τὸ

438 3871 572 3945 ὕψος
597 3873 692 3925 τοῦ
730 3872 988 3944 σταυροῦ.

509 3969 676 4023 Vens.
710 3967 895 4023 34-36.
931 3985 950 4019 ι
1012 3965 1320 4038 Respondit
1353 3968 1406 4024 ei
1448 3970 1608 4025 turba
1651 3988 1665 4025 :
1710 3971 1819 4028 Nos
1873 3976 2030 4031 audi-

435 4064 618 4119 vimus
646 4078 710 4118 ex
751 4061 869 4132 lege
915 4063 1063 4133 quod
1101 4062 1356 4117 Christus
1404 4078 1589 4119 manet
1636 4065 1688 4120 in
1737 4076 2024 4136 teter-num,

438 4167 493 4212 et
523 4155 797 4226 quomodo
834 4165 888 4209 tu
923 4156 1064 4211 dicis
1101 4173 1115 4210 :
1151 4154 1384 4225 Oportet
1430 4158 1660 4213 exaltari
1696 4159 1891 4215 Filiutn
1928 4162 2025 4217 lio-

440 4249 640 4305 minis?
673 4248 806 4315 Quis
832 4258 918 4304 est
954 4249 1057 4304 iste
1088 4248 1261 4305 Filius
1298 4251 1575 4307 hominis?
1608 4252 1754 4307 Dixit
1780 4269 1913 4323 ergo
1942 4256 2026 4312 eis

2214 4003 2233 4035 ι
2291 3983 2593 4056 ’Λπεκρίθη
2623 3983 2772 4055 αὐτῷ
2804 3987 2833 4038 6
2861 3984 3045 4055 δχλος’
3090 3985 3285 4055 Ἡμεῖς
3313 3983 3634 4057 ἠκούσαμεν
3663 3986 3730 4038 ἐκ

2134 4077 2229 4130 τοῦ
2259 4078 2450 4148 νόμου,
2482 4079 2563 4132 ὅτι
2599 4081 2627 4133 6
2668 4079 2911 4151 Χριστὸς
2947 4080 3104 4151 μένει
3143 4083 3224 4144 είς
3261 4080 3356 4135 τὸν
3390 4080 3601 4135 αἰῶναο
3631 4084 3729 4133 καὶ

2136 4168 2256 4233 πῶς
2284 4170 2349 4224 σὺ
2375 4170 2579 4240 λέγεις,
2606 4173 2689 4225 ὅτι
2709 4173 2792 4227 δεῖ
2821 4172 3106 4243 ὑψωθῆναι
3130 4158 3223 4228 τόν
3247 4173 3380 4227 Υἱδν
3399 4172 3496 4226 τοῦ
3519 4173 3731 4245 ἀνθρὼ-

2135 4279 2276 4329 που;
2306 4263 2404 4327 Τίς
2445 4264 2595 4319 ἐστιν
2633 4258 2791 4325 οὗτος
2824 4266 2853 4318 6
2906 4265 3036 4330 Υἱὸς
3066 4266 3163 4318 τοῦ
3199 4264 3528 4337 ἀνθρώπους
3558 4260 3730 4318 Εῐπεν

437 4341 599 4397 .lesus
638 4357 653 4394 :
687 4342 881 4396 Adhuc
928 4343 1096 4396 breve
1127 4353 1343 4413 tempus
1385 4344 1567 4399 lumen
1606 4346 1884 4403 vobiscum
1918 4359 2021 4403 est.

2137 4350 2226 4409 οῦν
2268 4356 2453 4421 αὐτοῖς
2490 4358 2519 4411 ό
2565 4356 2774 4428 Ἰησοῦς
2801 4374 2816 4389 ο
2873 4358 2995 4411 Ἔτι
3028 4358 3226 4431 μικρὸν
3265 4359 3457 4430 χρόνον
3506 4359 3569 4412 τὸ
3607 4358 3730 4428 φῶς

438 4433 728 4489 Atnbulate
757 4435 932 4490 donec
979 4435 1156 4490 lucem
1211 4436 1445 4502 habetis,
1506 4452 1572 4493 ne
1634 4454 1733 4495 vos
1788 4446 2026 4497 tenebrae

438 4535 725 4594 occupent.
756 4523 824 4579 Et
864 4525 958 4593 qui
988 4525 1232 4580 ambulat
1278 4525 1334 4581 in
1376 4528 1641 4594 tenebris,
1691 4532 1868 4585 nescit
1916 4548 2026 4601 quo

436 4622 618 4676 vadat.
660 4622 796 4676 Dum
847 4621 1025 4678 lucem
1083 4622 1320 4690 habetis,
1361 4626 1569 4680 credite
1622 4627 1675 4681 in
1727 4627 1927 4697 lucem,
1966 4640 2028 4685 ut

437 4717 534 4773 lilii
575 4715 714 4772 lueis
745 4717 888 4771 sitis.
959 4734 978 4768 ι
1034 4716 1429 4773 Existimantes
1482 4722 1915 4788 reprehensuros
1966 4739 2026 4779 se

438 4814 758 4881 Dominum,
814 4824 871 4869 et
906 4814 1289 4869 confutaturos
1342 4830 1466 4869 cum
1516 4819 1672 4887 quasi
1716 4833 1822 4875 non
1878 4831 2025 4876 esset

437 4922 602 4963 verus
620 4908 899 4973 Christus,
934 4908 1121 4963 dicunt
1145 4926 1160 4964 :
1186 4910 1242 4965 Si
1261 4908 1512 4966 Christus
1543 4912 1762 4982 quidem
1796 4914 2025 4969 immor-

439 5001 564 5057 talis
590 5012 699 5068 est,
738 5011 791 5057 tu
826 5011 1009 5056 autem
1040 5004 1108 5057 de
1148 5013 1199 5057 te
1234 5003 1372 5058 dicis
1402 5006 1543 5072 quod
1572 5004 1651 5059 sis
1698 5008 2019 5076 moriturus,

435 5095 708 5164 quomodo
734 5095 898 5164 igitur
922 5096 1213 5150 credemus
1238 5106 1289 5149 te
1311 5110 1432 5150 esse
1455 5096 1774 5153 Christum?
1794 5099 1907 5155 lloc
1929 5117 2024 5155 au-

436 5198 547 5244 tem
576 5188 849 5242 immerito
873 5186 1152 5243 dicebant.
1174 5186 1310 5242 Nam
1332 5187 1638 5257 Scriptura,
1662 5204 1824 5260 quam
1850 5192 2020 5261 legem

435 5284 733 5354 appellant,
758 5298 860 5339 non
880 5284 1055 5340 solum
1089 5285 1532 5351 resurrectionis,
1554 5285 1647 5339 sed
1669 5294 1723 5340 et
1749 5287 2021 5356 passionis

436 5378 705 5434 meminit.
742 5376 953 5433 Etenim
982 5378 1153 5434 Isaias
1185 5389 1477 5447 utrumque
1499 5380 1684 5448 ponit:
1711 5379 2019 5450 passionem

433 5472 654 5542 quidem
685 5481 738 5525 et
757 5481 1008 5539 mortem,
1042 5473 1123 5528 sic
1146 5472 1334 5527 dicens
1360 5473 1424 5528 "z
1456 5492 1474 5523 ι
1513 5471 1580 5528 Ut
1610 5473 1730 5528 ovis
1780 5474 1847 5526 ad
1878 5476 2023 5527 occi-

433 5568 640 5621 sionem
690 5572 889 5624 ductus
937 5579 1055 5637 est;
1112 5586 1130 5621 ι
1184 5566 1641 5623 resurrectionem
1699 5576 1906 5631 autem,
1943 5568 2024 5621 di-

432 5658 630 5729 cendo,
656 5679 675 5713 t
702 5659 765 5716 Et
787 5661 1048 5719 Dominus
1068 5662 1238 5718 voluit
1265 5678 1388 5717 eum
1407 5662 1694 5731 purilicare
1714 5677 1743 5717 a
1763 5660 1941 5734 plaga,
1967 5672 2023 5718 et

504 5844 548 5875 "
578 5843 745 5900 Marc.
788 5859 869 5912 ιιι,
919 5842 1010 5896 27.
1091 5843 1132 5874 ”
1193 5840 1296 5899 lsa.
1343 5856 1459 5912 Llll,
1493 5841 1550 5897 7.

2133 4447 2253 4517 μεθ’
2295 4449 2451 4521 ὑμῶν
2485 4450 2624 4504 ἐστι.
2654 4452 3019 4521 Περιπατεῖτε
3044 4450 3152 4516 ἕως
3188 4451 3250 4504 τὺ
3279 4451 3396 4521 φῶς
3427 4451 3601 4522 ἔχετε,
3635 4452 3726 4507 ἴνα

2131 4542 2207 4613 μὴ
2262 4544 2454 4597 σκοτία
2497 4544 2643 4613 ὑμᾶς
2704 4544 3011 4617 καταλάϐῃ,
3061 4544 3119 4598 Ὀ
3172 4544 3495 4614 περιπατῶν
3545 4545 3605 4597 ἐν
3656 4542 3727 4617 τῇ

2131 4637 2345 4708 σκοτίᾳ,
2378 4637 2481 4691 οὐκ
2533 4633 2642 4691 οἶδε
2673 4638 2778 4691 ποῦ
2820 4639 3047 4708 ὑπάγει.
3091 4639 3243 4702 Ἕως
3283 4639 3347 4691 τὸ
3396 4639 3513 4709 φῶς
3546 4638 3724 4708 ἔχετε,

2127 4730 2417 4785 πιστεύετε
2449 4734 2528 4795 εἰς
2573 4731 2634 4785 τὸ
2656 4732 2795 4801 φῶς,
2848 4732 2937 4786 ἵνα
2990 4733 3097 4785 υἱοὶ
3157 4732 3338 4802 φωτὸς
3395 4732 3653 4804 γένησθε.
3698 4751 3718 4785 ι

2126 4823 2466 4893 Νομίζοντες
2490 4824 2739 4895 ἐλέγχειν
2774 4824 2866 4877 τὸν
2902 4823 3132 4896 Κύριον,
3184 4825 3280 4877 καὶ
3318 4823 3722 4893 ἐπιστομίζειν,

2126 4918 2203 4981 ὡς
2240 4919 2343 4972 οὐκ
2401 4919 2659 4990 ἀληθινὸν
2703 4919 2834 4973 ὂντα
2888 4919 3150 4990 Χριστὸν,
3199 4919 3402 4988 φασίνο
3443 4920 3505 4972 Εἰ
3539 4920 3569 4971 6
3620 4920 3723 4988 μὲν

2126 5015 2366 5086 Χριστὸς
2391 5014 2661 5078 ἀθάνατός
2684 5017 2823 5080 ἐστι,
2864 5014 2930 5067 σὺ
2962 5013 3017 5067 δὲ
3064 5013 3245 5082 λέγεις
3285 5014 3413 5083 περὶ
3464 5011 3722 5079 σεαυτοῦ,

2125 5106 2209 5161 ὅτι
2242 5106 2459 5178 μέλλεις
2488 5106 2886 5177 ἀποθνήσκειν,
2932 5106 3049 5169 πῶς
3079 5105 3190 5177 ἄρα
3242 5123 3301 5159 σε
3350 5105 3723 5175 πιστεύσομεν

2126 5195 2268 5253 εἶναι
2300 5203 2391 5255 τὸν
2422 5201 2661 5270 Χριστόν
2686 5215 2701 5266 ;
2737 5199 2911 5253 Τοῦτο
2934 5198 2991 5253 δὲ
3024 5200 3354 5267 κακούργως
3383 5198 3587 5265 ἔλεγον.
3609 5197 3723 5251 Καὶ

2126 5292 2235 5362 γὰρ
2270 5293 2541 5363 ήΓραφὴ,
2588 5292 2658 5363 ἣν
2701 5292 2864 5361 νόμον
2898 5290 3283 5361 ὀνομάζουσιν,
3323 5291 3385 5343 ού
3425 5292 3589 5361 μόνον
3615 5289 3722 5357 τῆς

2125 5387 2500 5451 ἀναστάσεως,
2541 5385 2681 5439 ἀλλά
2709 5387 2802 5437 καὶ
2840 5384 2933 5438 τοῦ
2967 5384 3177 5447 πάθους
3214 5382 3573 5455 μνημονεύει.
3605 5383 3720 5435 Καὶ

2126 5479 2234 5550 γὰρ
2296 5477 2525 5540 Ἡσαΐας
2557 5478 2848 5547 ἀμφότερα
2890 5477 3113 5549 τίθησι·
3153 5477 3215 5530 τὸ
3270 5477 3371 5547 μὲν
3417 5475 3591 5538 πάθος
3622 5474 3721 5527 καὶ

2125 5572 2218 5623 τὶν
2251 5569 2506 5636 θάνατον,
2533 5569 2676 5624 οὕτω
2699 5569 2876 5638 λέγων
2904 5584 2917 5598 ·
2956 5589 2974 5621 ι
3015 5569 3104 5633 Ὠς
3145 5568 3421 5641 πρόϐατον
3451 5565 3547 5620 ἐπὶ
3580 5581 3723 5638 σφα-

2127 5664 2233 5734 γὴν
2261 5662 2403 5735 ήχθη
2427 5679 2440 5694 ·
2468 5682 2485 5714 ι
2505 5662 2607 5735 τὴν
2630 5663 2687 5717 δὲ
2716 5663 3041 5731 ἀνάστασιν,
3060 5664 3120 5720 ἐν
3141 5664 3221 5734 τῷ
3239 5663 3433 5717 εἰπεῖν’
3462 5680 3482 5716 t
3508 5660 3720 5732 Κῦριος
