4060 6594
362 367 463 432 133

1050 370 1493 431 ENARHATIO
1523 372 1603 433 ΙΝ
1639 372 2140 435 EVANGELIUM
2176 373 2581 436 JOANNIS.-
2609 374 2768 435 CAP.
2807 372 2944 433 XII.

3512 366 3612 429 134

358 480 613 551 βούλεται
643 478 936 551 καθαρίσαι
955 481 1117 534 αὑτὸν
1133 483 1242 537 ἀπὸ
1265 486 1361 555 τῆς
1391 484 1627 557 πληγῆς,
1653 487 1747 538 καὶ
1766 485 1903 550 ὀεῖξα

2010 538 2011 545 η
2041 486 2329 541 ostendere
2344 488 2390 542 ei
2414 489 2613 543 lumen.
2631 507 2650 539 1
2668 486 2834 540 David
2855 498 3070 554 quoque
3087 480 3139 535 e't
3164 483 3349 537 mortis
3362 491 3615 539 etresur-

352 573 522 629 αὑτὸν
567 556 705 640 φῶς.
752 590 771 623 1
808 573 917 626 Καὶ
958 574 988 626 6
1036 573 1201 628 Δαυῖδ
1249 576 1345 628 τοῦ
1403 556 1635 631 θανάτου
1688 578 1807 649 ἅμα
1839 595 1903 632 κα

2040 578 2305 634 rcctionis
2329 579 2656 633 mentionem
2684 578 2812 632 facit
2838 579 2911 628 ¹⁸ε
2946 594 2966 628 ι
2989 574 3105 629 Non
3132 575 3496 644 derclinques,
3524 577 3611 628 in-

349 660 453 729 τῆς
475 658 830 722 ἀναστάσεως
855 658 1149 730 μέμνηται.
1178 679 1198 712 ‹
1229 663 1344 716 Οὑκ
1366 663 1776 732 ἐγκαταλείψεις
1798 665 1927 735 γὰρ,

2035 670 2194 738 quit,
2229 671 2466 724 animam
2519 684 2695 724 meam
2728 670 2780 722 in
2833 665 3072 721 inferno.
3126 684 3147 719 1
3202 666 3265 720 Et
3303 667 3609 737 patriarcha

354 752 512 821 φησι,
557 751 659 821 τὴν
696 749 878 821 ψυχήν
902 769 1002 822 μου
1037 755 1115 816 εἰς
1146 753 1298 825 ᾅδην.
1342 773 1361 806 1
1394 756 1505 810 Καὶ
1532 758 1560 810 6
1586 756 1896 827 πατριάρχη

2034 774 2252 828 quoque
2275 759 2603 814 benedicens
2624 757 2841 821 ludam,
2859 759 2924 811 de
2940 756 3159 811 Christo
3176 757 3516 826 pr0phetizat
3538 757 3607 813 "z

349 844 431 909 δὲ,
452 843 691 913 εὐλογῶν
738 845 828 898 τὸν
858 846 1080 910 Ἰούδαν,
1129 850 1258 918 1:691
1287 849 1525 917 Χριστοῦ
1559 850 1925 920 προφητεύει·

363 953 384 987 ι
424 933 745 990 ’Δναπεσὼν
788 935 1054 1006 ἐκοιμήθη
1093 937 1169 1001 ὡς
1207 937 1363 1000 λέων,
1408 938 1505 991 κα)⁸
1537 939 1613 1001 ὡς
1646 939 1887 1009 σκύμνος
1910 957 1924 971 ·

348 1026 434 1090 τις
458 1028 647 1098 ἐγερεῖ
679 1027 873 1095 αὑτόν;
917 1047 938 1080 1
975 1028 1139 1082 Ὥστε
1165 1029 1490 1100 ἀρνούμενοι
1518 1031 1579 1085 :6
1608 1032 1799 1099 πάθος,
1828 1034 1924 1086 καὶ

350 1119 454 1191 τὴν
499 1120 802 1176 ἀθανασίαν
836 1123 1389 1194 προσμαρτυροῦντες
1414 1124 1494 1193 τῷ
1537 1124 1787 1196 Χριστῷ,
1821 1143 1924 1179 κα-
1955 1138 1967 1159 ·

347 1212 572 1284 κούργῳ
600 1211 797 1284 γνώμῃ
845 1212 1006 1266 τοῦτο
1051 1215 1289 1269 ἐποίουν.
1337 1233 1357 1268 ι
1409 1216 1601 1286 Ἦμεῖς
1643 1217 1922 1288 ἐμάθομεν

345 1305 411 1357 ἐκ
440 1303 537 1358 τοῦ
561 1306 752 1374 νόμου,
789 1324 808 1358 1
846 1304 1114 1373 τουτέστι,
1145 1307 1244 1375 τῆς
1270 1308 1493 1379 Γραφῆς
1524 1310 1777 1380 (λέγεται
1810 1310 1920 1381 γὰρ

346 1398 500 1451 πᾶσα
526 1399 558 1468 ὴ
600 1397 818 1469 Γραφὴ,
846 1398 922 1461 ὡς
946 1399 1204 1464 πολλάκις
1235 1400 1483 1471 εἴπομεν,
1514 1400 1743 1471 νόμος),
1783 1421 1801 1453 ι
1836 1404 1918 1457 ὅτι

343 1490 375 1541 6
423 1489 662 1560 Χριστὸς
701 1489 852 1560 μένει
903 1491 983 1553 εἰς
1032 1489 1125 1544 τὸν
1174 1491 1368 1548 αἰῶνα.
1418 1511 1438 1543 1
1477 1493 1713 1558 Εἰκότως
1758 1495 1920 1548 τοῦτο

343 1580 604 1650 ἐμάθετε·
642 1599 660 1632 ι
696 1579 864 1636 Μένει
894 1580 1005 1651 γάρ
1033 1582 1114 1645 εἰς
1140 1582 1232 1635 τὸν
1265 1582 1458 1648 αἰῶνα,
1497 1601 1517 1635 1
1554 1585 1650 1639 καὶ
1679 1586 1755 1648 ὡς
1785 1585 1918 1649 Θεὸς

347 1673 501 1743 μένει
524 1675 619 1728 καὶ
660 1674 801 1746 μετά
834 1674 933 1746 τὴν
969 1673 1268 1729 ἀνάστασιν
1288 1692 1303 1707 ·
1356 1675 1421 1730 τὸ
1448 1675 1504 1730 δὲ
1536 1676 1707 1741 πάθος
1749 1677 1916 1731 αὑτοῦ

342 1766 446 1819 οὑκ
476 1766 736 1838 ἐμάθετε,
773 1764 870 1822 καὶ
894 1767 1033 1834 πῶς,
1061 1767 1171 1822 τῶν
1192 1767 1370 1824 αὑτῶν
1390 1769 1644 1839 Γραφῶν,
1673 1770 1749 1834 ὡς
1780 1769 1916 1823 ἐδεί-

2040 873 2059 905 ι
2095 850 2469 918 Requiescens
2506 851 2761 905 dormivit
2794 858 2855 903 ut
2877 849 2981 913 leo,
3003 858 3057 902 et
3081 850 3225 902 sicut
3258 848 3470 904 catulus
3494 849 3609 904 leo-

2032 943 2116 996 nis
2168 942 2334 1012 679
2373 957 2387 994 :
2428 941 2549 1010 quis
2585 940 2844 995 excitabit
2875 955 2996 994 eum
3035 940 3060 994 ἲ
3104 959 3123 993 1
3168 942 3347 1010 Atque
3392 940 3467 994 ita
3513 942 3604 1010 qui

2030 1034 2118 1089 hic
2152 1038 2417 1104 negabant
2442 1034 2745 1103 passionem
2768 1075 2784 1101 ,
2811 1044 2864 1088 et
2899 1033 3355 1088 immortalitatem
3386 1032 3605 1089 Christo

2033 1124 2376 1189 tribuebant,
2417 1123 2649 1193 maligna
2682 1122 2735 1176 id
2772 1132 2951 1176 mente
2985 1117 3278 1176 faciebant.
3323 1137 3342 1170 ι
3378 1118 3487 1174 Nos
3508 1119 3603 1172 di-

2026 1213 2257 1269 dicimus
2331 1228 2397 1268 ex
2458 1214 2609 1283 lege,
2663 1230 2683 1264 1
2735 1211 2837 1268 hoc
2888 1221 2975 1267 est
3038 1210 3316 1281 Scriptura
3361 1208 3606 1276 (dicitur

2026 1307 2168 1361 enim
2193 1306 2371 1361 omnis
2395 1304 2697 1375 Scriptura,
2719 1314 2776 1359 ut
2796 1320 2935 1375 smpe
2959 1303 3194 1358 diximus
3212 1344 3228 1370 ,
3251 1302 3383 1371 lex),
3410 1322 3427 1355 ι
3459 1303 3604 1373 quod

2025 1398 2274 1454 Christus
2328 1408 2509 1452 manet
2553 1397 2607 1450 in
2646 1407 2930 1452 teternum.
2978 1414 2998 1449 1
3054 1393 3246 1449 Merito
3302 1396 3402 1449 hoc
3458 1394 3601 1447 didi-

2024 1491 2174 1544 cistis
2201 1510 2213 1544 :
2243 1510 2261 1542 ι
2292 1490 2473 1545 Manet
2494 1491 2637 1544 enim
2665 1490 2719 1544 in
2740 1500 3023 1553 aternum,
3056 1506 3075 1538 1
3103 1497 3232 1542 etut
3252 1486 3395 1541 Deus
3418 1495 3601 1540 manet

2023 1582 2186 1634 etiam
2230 1592 2351 1649 post
2391 1583 2876 1647 resurrectionem;
2917 1580 3221 1649 passionem
3264 1588 3445 1632 autem
3479 1578 3599 1646 ejus

2022 1689 2126 1747 non
2160 1675 2442 1729 didicistis.
2468 1673 2532 1728 Et
2558 1674 2826 1743 quomodo
2846 1712 2862 1736 ,
2891 1688 3011 1726 cum
3038 1674 3239 1727 eaedem
3269 1670 3594 1741 Scriptum,

2032 1774 2088 1818 ut
2107 1767 2468 1834 ostendimus,
2500 1776 2726 1839 utraque
2748 1765 3015 1820 doceant?
3043 1784 3060 1817 ι
3087 1766 3367 1831 Quomodo
3406 1765 3593 1835 igitur,

341 1835 541 1929 ξάμεν,
593 1860 884 1930 ἀμφότερα
935 1860 1074 1931 ὁμοῦ
1122 1835 1531 1929 διδασκουσῶνς-
1562 1880 1582 1915 ι
1621 1835 1743 1924 Πῶς
1796 1861 1903 1925 οῦν,

2023 1856 2228 1918 dicunt,
2271 1864 2325 1910 tu
2371 1857 2508 1913 dicis
2542 1835 2687 1927 quod
2719 1866 2969 1927 oporteat
3005 1858 3231 1912 exaltari
3264 1856 3461 1912 Filium
3494 1858 3595 1912 ho-

340 1951 498 2018 φασὶ,
536 1951 602 2005 σὺ
631 1950 832 2020 λέγεις,
861 1951 944 2005 ὅτι
973 1952 1056 2006 δεῖ
1095 1951 1376 2022 ὑψωθῆναι
1413 1953 1505 2007 τὸν
1537 1953 1664 2008 Υἱὸν
1691 1953 1784 2006 τοῦ
1815 1953 1913 2007 άν-

340 2041 600 2113 θρώπου;
643 2061 662 2094 1
713 2042 908 2114 Ὁρᾷς,
941 2044 1024 2097 ὅτι
1058 2043 1285 2097 καὶτῶν
1312 2044 1727 2114 αἰνιγματωδῶς
1756 2043 1912 2113 λεγο-

339 2136 520 2203 μένων
562 2133 716 2206 παρά
758 2132 961 2207 Κυρίου
1015 2135 1186 2190 πολλὰ
1227 2136 1436 2203 ἐνόουν,
1472 2135 1660 2205 ὥσπερ
1690 2133 1783 2192 οῦν
1818 2136 1911 2191 καὶ

333 2226 397 2279 τὸ
426 2243 447 2274 ι
474 2222 755 2294 ὑψωθῆναι
784 2243 804 2276 1
828 2224 1081 2292 ἐνόησαν,
1109 2226 1190 2279 ὅτι
1216 2227 1344 2297 περὶ
1365 2225 1459 2280 τοῦ
1483 2226 1716 2297 σταυροῦ
1738 2227 1906 2296 λέγει·

332 2314 507 2377 οῦτως
531 2315 641 2385 ἀρα
662 2314 836 2368 πολλὰ
862 2315 961 2386 μὲν
989 2315 1082 2370 οῦν
1109 2317 1313 2382 ἐνόουν,
1350 2317 1797 2381 ἐθελοκακοῦντες
1828 2318 1905 2384 δὲ,

331 2405 561 2472 ἄγνοιαν
591 2405 1007 2476 προεϐάλλοντο.
1037 2407 1235 2460 Σκόπει
1260 2407 1317 2460 δὲ
1341 2408 1434 2462 καὶ
1464 2409 1518 2460 τί
1536 2425 1689 2477 φασι·
1729 2428 1747 2458 ι
1785 2409 1907 2472 Πῶς

331 2498 400 2550 σὺ
433 2496 615 2564 λέγεις
636 2498 718 2551 ὅτι
747 2497 829 2551 δεῖ
860 2496 1144 2568 ὑψωθῆναι
1174 2499 1266 2552 τὸν
1294 2501 1421 2554 Υἱὸν
1465 2500 1558 2553 τοῦ
1587 2500 1902 2569 ἀνθρώπου;

332 2588 422 2653 τίς
444 2588 595 2644 ἐστιν
624 2584 779 2653 οὗτος
810 2590 839 2642 6
868 2589 998 2653 Υἱὸς
1029 2589 1124 2643 τοῦ
1150 2590 1478 2661 άνθρώπου;
1512 2611 1532 2643 1
1557 2593 1906 2664 Κακουργίας

330 2685 443 2756 γὰρ
492 2686 691 2755 μεστὸς
734 2688 763 2740 6
805 2687 962 2755 λόγος
1005 2686 1222 2754 αὑτῶν,
1270 2687 1472 2741 ὡσανεὶ
1511 2689 1672 2743 τοῦτο
1719 2691 1905 2759 λεγόν-

325 2799 439 2834 των
460 2781 597 2852 (51)·
634 2781 766 2836 Οὑδέ
803 2784 1028 2849 οἴδαμεν
1076 2786 1209 2856 περὶ
1250 2785 1397 2851 τίνος
1437 2786 1637 2855 λέγεις,
1672 2792 1767 2843 καὶ
1820 2790 1906 2855 τίς

324 2875 480 2926 ἐστιν
518 2876 547 2928 6
605 2874 729 2938 Υἱὸς
776 2875 870 2929 τοῦ
919 2877 1209 2947 ἀνθρώπου
1241 2894 1254 2908 ·
1284 2880 1381 2932 καὶ
1419 2881 1568 2949 ὅμως
1611 2882 1906 2953 ἀποφαινό-

328 2962 474 3032 μεθα
507 2962 607 3035 τὴν
641 2963 932 3036 ἀλήθειαν,
979 2969 1061 3020 ὃτι
1089 2968 1119 3021 6
1154 2968 1362 3038 μέλλων
1407 2971 1720 3042 ὑψωθῆναι,
1754 2976 1904 3040 ὅστις

323 3054 395 3108 ἂν
444 3055 540 3109 καὶ
586 3054 709 3123 εἴη,
757 3057 861 3112 οὑκ
905 3057 1055 3112 ἐστιν
1089 3061 1118 3113 6
1162 3061 1433 3131 Χριστός·
1474 3063 1591 3127 πῶς
1621 3064 1752 3136 γὰρ,
1794 3067 1904 3119 τῶν

2022 1949 2222 2004 minis?
2258 1969 2276 2001 1
2308 1948 2466 2005 Vides
2494 1951 2634 2020 quod
2661 1951 2823 2004 multa
2855 1961 2909 2004 et
2942 1965 3127 2005 eorum
3155 1965 3276 2020 quae
3301 1966 3328 2003 a
3365 1949 3593 2005 Domino

2019 2040 2250 2093 obscure
2295 2039 2634 2105 dicebantur,
2687 2040 3092 2111 intelligebant,
3131 2038 3588 2109 quemadmodum

2017 2141 2071 2186 et
2102 2150 2120 2182 ι
2167 2132 2393 2187 exaltari
2432 2151 2451 2183 1
2506 2133 2878 2203 intelligebant
2925 2132 2991 2187 de
3025 2146 3189 2187 cruce
3240 2132 3369 2187 dici.
3422 2129 3592 2201 Igitur

2018 2224 2185 2278 multa
2221 2225 2435 2295 quidem
2480 2225 2558 2279 sic
2592 2224 2982 2295 intelligebaut,
3014 2225 3109 2279 sed
3141 2224 3442 2278 voluntaria
3476 2238 3598 2277 ma-

2016 2315 2131 2369 litia
2161 2316 2521 2386 ignorantiam
2549 2318 2934 2385 praetexebant.
2974 2316 3271 2372 Considera
3292 2316 3510 2384 insuper
3537 2326 3594 2371 et

2016 2408 2144 2477 quid
2173 2407 2388 2461 dit-ant:
2415 2426 2434 2459 ι
2464 2408 2739 2474 Quomodo
2769 2419 2821 2461 tu
2851 2409 2986 2463 dicis
3009 2409 3151 2476 quod
3175 2416 3423 2477 oporteat
3443 2408 3592 2463 exal-

2018 2498 2116 2551 tari
2142 2497 2333 2551 Filium
2356 2498 2627 2553 hominis?
2666 2496 2801 2564 Quis
2823 2509 2906 2553 est
2932 2500 3020 2553 hic
3062 2499 3232 2553 Filius
3257 2499 3536 2554 hominis?
3561 2516 3585 2551 1

2014 2590 2217 2645 Malitia
2248 2592 2391 2646 enim
2420 2592 2612 2660 plenus
2634 2601 2718 2646 est
2746 2594 2923 2646 sermo
2958 2590 3190 2657 illorum,
3222 2590 3374 2660 quasi
3405 2591 3477 2644 ita
3507 2590 3591 2645 di-

2013 2683 2251 2737 centium
2293 2701 2306 2736 :
2341 2681 2481 2737 Ecce
2527 2683 2670 2738 enim
2705 2697 2878 2751 neque
2923 2682 3124 2737 scimus
3158 2682 3225 2736 de
3261 2696 3368 2751 quo
3414 2682 3590 2749 dicas,

2011 2784 2066 2828 et
2099 2774 2221 2844 quis
2253 2773 2324 2828 sit
2358 2772 2526 2828 Filius
2560 2774 2827 2839 hominis;
2863 2783 3095 2828 attamen
3132 2771 3460 2829 aﬂirmamus
3495 2789 3586 2828 ve-

2012 2865 2251 2929 ritatem,
2289 2865 2431 2935 quod
2467 2865 2715 2933 quisquis
2752 2864 2838 2918 ille
2877 2875 2959 2919 est
2991 2865 3334 2930 exaltandus,
3390 2867 3435 2919 i's
3474 2881 3580 2920 non

2009 2957 2080 3011 sit
2122 2958 2390 3011 Christus.
2430 2955 2709 3022 Quomodo
2767 2956 2911 3011 enim
2942 2994 2958 3022 ,
2992 2972 3113 3011 cum
3166 2956 3459 3027 Scriptum
3504 2957 3586 3012 di-

2009 3059 2134 3102 cant
2176 3050 2452 3104 Christum
2502 3048 2862 3104 immortalem
2896 3048 3047 3103 esse?
3086 3048 3223 3116 Quid
3273 3049 3434 3118 igitur
3461 3047 3580 3102 Do—

322 3148 564 3251 Γραφῶν
603 3148 874 3218 λεγουσῶν
904 3152 994 3205 τὸν
1026 3153 1264 3224 Χριστὸν
1310 3154 1579 3211 ἀθάνατον
1614 3155 1784 3225 sitiat;
1835 3160 1902 3213 Τί

2013 3140 2191 3195 minus
2224 3141 2308 3193 ὀἳ
2347 3139 2578 3195 Obturat
2632 3140 2842 3194 illorum
2886 3155 3005 3206 ora,
3060 3151 3115 3194 et
3160 3141 3396 3195 ostendit
3437 3138 3582 3208 quod

360 3235 388 3257 τ
573 3240 587 3258 ο
793 3244 807 3264 ν
1258 3248 1271 3265 ν
1350 3249 1363 3265 ι
1735 3253 1748 3268 υ
1818 3254 1840 3268 ρο

324 3256 425 3294 ουν
451 3242 481 3294 6
507 3242 752 3313 Κυριος;
809 3244 1190 3316 Επιστομιζων
1212 3265 1433 3316 αυτους,
1463 3251 1557 3304 καὶ
1578 3251 1633 3304 δε
1644 3268 1796 3315 ικνυς
1814 3271 1899 3307 οτι

320 3332 386 3385 :6
416 3332 589 3397 πάθος
618 3334 774 3389 οὐδὲν
808 3334 1010 3390 κωλύει
1036 3335 1177 3408 πρὸς
1202 3339 1263 3393 :6
1294 3340 1479 3410 μένειν
1513 3343 1677 3397 αὑτὸν
1701 3346 1781 3408 εἰς
1807 3345 1899 3400 τὸν

323 3422 522 3489 αἰῶνα,
551 3443 571 3477 ι
604 3422 727 3480 Ἔτι
758 3427 951 3501 μικρὸν
973 3429 1167 3500 χρόνον
1184 3431 1247 3485 :6
1263 3431 1381 3501 φῶς
1407 3434 1526 3503 μεθ’
1543 3435 1694 3505 ὑμῶν
1713 3438 1847 3502 ἐστι,
1873 3457 1892 3490 1

327 3528 491 3581 φησι·
520 3512 636 3582 φῶς
660 3516 768 3586 γὰρ
789 3515 1072 3586 ὠνόμασεν
1101 3520 1314 3581 ἑαυτόν.
1348 3524 1559 3596 Ὠσπερ
1584 3524 1678 3580 οὖν
1697 3528 1757 3581 τὸ
1783 3528 1899 3597 φῶς

320 3602 387 3654 :6
417 3603 641 3672 ἡλιακδν
673 3605 774 3658 οὑκ
802 3607 1107 3680 ἀναιρεῖται
1137 3611 1347 3683 πάντη,
1388 3615 1527 3671 ἀλλά
1555 3614 1709 3671 δύνον
1737 3621 1897 3674 πάλιν

321 3695 627 3784 ἀνατέλλει·
674 3697 820 3752 οὑτω
866 3702 962 3755 καὶ
1000 3705 1029 3756 ό
1078 3704 1212 3774 ἐμὸς
1256 3704 1483 3771 θάνατος
1522 3710 1585 3762 οὑ
1632 3711 1896 3784 διαφθορά

320 3783 498 3846 ἐστιν,
550 3783 686 3839 ἀλλά
722 3786 871 3851 δύσις
904 3789 1003 3843 καὶ
1044 3793 1396 3861 μετάστασις,
1443 3799 1536 3851 καὶ
1562 3799 1724 3855 πάλιν
1761 3783 1894 3855 ἀνα-

324 3874 468 3928 τελῶ
493 3875 579 3930 διά
609 3878 711 3948 τῆς
741 3881 1113 3950 ἀναστάσεως.
1156 3887 1320 3943 Ὥστε
1352 3890 1478 3945 61:61
1505 3893 1657 3947 οὐδὲν
1696 3896 1895 3949 κωλύει

321 3969 385 4020 τὸ
432 3971 604 4063 πάθος
647 3973 782 4045 πρὸς
826 3976 891 4031 τὸ
929 3979 1100 4036 ἀΐδιον
1141 3978 1282 4038 εἷναὶ
1328 3976 1449 4055 με,
1478 3989 1637 4051 αἰδὲ
1682 3991 1896 4063 Γραφαὶ

324 4061 676 4152 μαρτυροῦσι
708 4067 838 4138 περὶ
867 4067 962 4123 τοῦ
990 4072 1253 4143 Χριστοῦ,
1285 4074 1360 4139 ῶς
1385 4077 1556 4142 ἁῖδιός
1578 4061 1747 4135 ἐστιν·
1782 4084 1895 4152 ἐγὼ

319 4149 435 4247 ἄρα
466 4153 584 4247 ειμι
613 4156 641 4207 ό
670 4156 924 4226 Χριστὸς,
957 4161 1063 4215 κᾶν
1090 4164 1150 4216 :6
1171 4165 1342 4229 πάθος
1365 4168 1584 4224 ὑποστῶ
1602 4188 1618 4203 ·
1649 4171 1762 4241 φῶς
1787 4149 1895 4247 γάρ

322 4244 476 4313 εἰμι·
512 4246 617 4301 κᾶν
665 4248 827 4316 δύνω,
868 4253 1032 4307 πάλιν
1062 4256 1326 4314 ἀνατελῶ.
1365 4278 1384 4311 ι
1434 4261 1623 4332 Ὑμεῖς
1656 4265 1750 4320 οὑν
1792 4244 1896 4321 1:6-

330 4338 632 4403 ριπατεῖτε,
669 4338 775 4404 ἕως
814 4341 875 4394 :6
905 4343 1021 4412 φῶς
1053 4344 1227 4415 ἔχετε·
1277 4366 1297 4399 1
1343 4353 1609 4420 τουτέστι,
1664 4357 1895 4421 Πιστεύ-

330 4442 459 4480 σατε
494 4428 573 4491 εἰς
608 4431 732 4500 ἐμὲ.
777 4433 934 4487 Ποῖον
979 4435 1035 4488 δέ
1068 4438 1261 4508 καιρὸν
1296 4441 1534 4497 ἐνταῦθά
1579 4463 1743 4517 φησι;
1791 4452 1894 4505 Τὸν

2008 3234 2187 3300 passio
2238 3249 2342 3287 non
2376 3232 2629 3303 prohibet
2665 3234 2794 3303 quin
2846 3232 2961 3303 ipse
2997 3250 3016 3283 ι
3072 3242 3289 3286 maneat
3333 3232 3388 3286 in
3421 3240 3581 3287 aeter-

2005 3325 2220 3379 num".
2255 3344 2275 3377 1
2301 3357 2369 3367 -—
2395 3344 2414 3377 ι
2453 3326 2640 3381 Adhuc
2677 3326 2743 3380 ad
2779 3325 2944 3380 breve
3000 3335 3228 3394 tempus,
3260 3324 3452 3395 inquit,
3490 3325 3581 3379 lux

2004 3419 2335 3474 vobiscum»
2361 3418 2558 3474 Lucem
2592 3418 2736 3473 enim
2773 3418 3073 3473 nominavit
3098 3418 3363 3487 seipsum.
3410 3418 3579 3489 Igitur

2002 3513 2144 3565 sicut
2192 3511 2282 3566 lux
2344 3511 2537 3567 solaris
2584 3526 2690 3565 non
2738 3512 2959 3567 omnino
3004 3509 3272 3576 aufertur,
3304 3508 3401 3565 sed
3451 3525 3575 3563 cum

2006 3605 2292 3668 occiderit,
2334 3604 2530 3659 iterum
2558 3603 2822 3670 exoritur,
2855 3604 2927 3657 ita
2953 3612 3002 3656 et
3041 3618 3152 3656 mea
3186 3617 3330 3657 mors
3358 3616 3461 3656 non
3494 3612 3579 3657 est

2009 3697 2321 3763 corruptio,
2376 3694 2471 3749 sed
2528 3708 2756 3749 occasus
2800 3703 2854 3747 et
2905 3691 3219 3759 translatio,
3266 3703 3319 3746 et
3378 3693 3572 3746 iterum

2002 3802 2221 3841 exorior
2266 3801 2361 3857 per
2399 3785 2903 3841 resurrectionem:
2949 3794 3114 3853 atque
3150 3784 3221 3837 ita
3267 3798 3390 3838 cum
3440 3783 3577 3837 nihil

2002 3897 2249 3968 prohibet
2282 3898 2465 3967 passio
2494 3897 2622 3966 quin
2651 3906 2885 3951 aeternus
2913 3895 3037 3963 sint,
3071 3895 3362 3966 Scriptura:
3396 3907 3577 3952 autem

2004 4000 2277 4046 testantur
2318 3991 2384 4045 de
2415 3991 2630 4046 Christo
2666 3991 2811 4060 quod
2847 3997 3083 4044 aeternus
3117 3989 3359 4060 sit,’ego
3409 3990 3574 4059 igitur

2001 4099 2119 4139 smn
2166 4081 2436 4146 Christus,
2480 4082 2696 4138 etiamsi
2737 4081 3043 4151 passionem
3088 4084 3415 4138 sustinuero.
3454 4080 3573 4137 Lux

2000 4174 2143 4230 enim
2189 4187 2333 4237 sum,
2367 4181 2421 4227 et
2457 4171 2501 4227 si
2552 4172 2825 4237 occidero,
2873 4172 3069 4224 iterum
3127 4172 3383 4236 exoriar;
3417 4189 3437 4223 ι
3472 4186 3573 4226 vos

2001 4265 2165 4337 igitur
2195 4265 2465 4321 ambulate
2498 4263 2734 4334 quandiu
2787 4264 2957 4319 lucem
2998 4262 3229 4331 habetis,
3266 4282 3285 4315 1
3323 4265 3424 4319 hoc
3462 4276 3573 4334 est,

2000 4356 2219 4412 Credite
2247 4359 2299 4410 in
2330 4371 2437 4411 me.
2468 4355 2638 4422 Quale
2668 4366 2844 4410 autem
2874 4364 3082 4426 tempus
3117 4357 3218 4415 hoc
3258 4358 3373 4415 loco
3404 4361 3573 4415 dicit?

2005 4466 2133 4504 nunt
2174 4451 2277 4506 hoc
2309 4450 2452 4518 quod
2493 4459 2638 4514 ante,
2674 4447 2756 4503 vel
2793 4459 2914 4518 post
2943 4451 3198 4505 crucem?
3232 4450 3571 4524 Utrumque;

324 4521 435 4615 πρὸ
463 4522 560 4575 τοῦ
589 4525 844 4595 σταυροῦ,
878 4528 910 4597 ἢ
941 4530 1032 4583 τὸν
1059 4536 1200 4602 μετὰ
1225 4531 1318 4586 τὸν
1350 4538 1603 4608 σταυρὸν,
1638 4540 1671 4611 ἢ
1709 4543 1892 4613 ἀμφο-

2010 4561 2023 4592 ι
2050 4539 2333 4594 Ambulate
2363 4556 2383 4590 1
2407 4539 2573 4606 enim,
2592 4539 2785 4607 inquit,
2812 4549 2864 4594 et
2884 4542 3087 4595 credite
3111 4544 3162 4596 in
3192 4559 3296 4607 mc,
3323 4554 3376 4600 et
3396 4521 3573 4615 prius-

325 4614 539 4682 τέρους.
570 4633 589 4667 ι
614 4615 996 4688 Περιπατεῖτε,
1024 4640 1043 4674 ι
1070 4623 1198 4695 γὰρ,
1223 4630 1376 4698 φησὶ,
1396 4630 1490 4684 καὶ
1506 4632 1790 4687 πιστεύετε
1815 4638 1894 4700 εἰς

323 4704 447 4775 ἐμὲ,
476 4707 574 4759 καὶ⁵
605 4709 734 4778 πρὶν
760 4708 792 4778 ἢ
841 4714 1156 4783 σταυρωθῶ,
1186 4718 1282 4771 καὶ
1340 4723 1478 4791 μετά
1503 4722 1595 4775 τὸν
1621 4727 1891 4797 ίσταυρόν.

318 4797 493 4850 Τοῦτο
549 4799 660 4870 γάρ
700 4800 852 4871 δηλοῖ
905 4804 963 4855 ἐν
1017 4804 1094 4875 τῷ
1138 4806 1352 4876 λέγειν,
1408 4829 1427 4862 ι
1474 4812 1618 4876 Ἕως
1663 4814 1725 4867 τὸ
1778 4817 1895 4885 φῶς

318 4887 476 4958 ἔχετε
495 4904 510 4918 ·
547 4908 567 4942 1
603 4892 904 4960 τουτέστιν,
940 4895 1085 4960 Ἕως
1103 4896 1329 4953 δύνασθε
1355 4903 1434 4966 εἰς
1461 4900 1561 4972 ἐμὲ
1592 4907 1891 4961 πιστεύειν·

320 4981 555 5035 δύνασθε
589 4982 645 5036 δὲ
675 4985 769 5037 καὶ
802 4988 910 5056 πρὸ
956 4986 1050 5040 τοῦ
1098 4991 1364 5062 σταυροῦ,
1419 4997 1513 5048 καὶ
1546 4997 1684 5065 μετά
1717 4999 1889 5053 ταῦτα

321 5072 611 5127 πιστεῦσαι
634 5076 713 5138 εις
741 5075 872 5145 ἐμὲ,
893 5077 953 5141 ὃς
974 5079 1089 5147 εἰμι
1119 5080 1254 5149 φῶς.
1283 5099 1303 5132 ι
1349 5081 1410 5135 '0
1434 5083 1491 5136 δέ
1513 5088 1830 5155 περιπατῶν
1862 5108 1882 5142 1

315 5164 376 5254 ἐν
406 5166 475 5234 τῇ
507 5165 758 5237 ἀπιστία,
801 5185 820 5218 ι
858 5167 960 5220 οὑκ
991 5166 1101 5223 οἶδε
1135 5171 1237 5225 ποῦ
1275 5172 1497 5241 ὑπάγει.
1538 5195 1560 5229 1
1596 5178 1744 5232 Πόσα
1776 5182 1885 5254 γὰρ

312 5253 361 5307 οἱ
403 5254 647 5311 Ἰουδαῖοι
682 5257 775 5311 νῦν
804 5260 1130 5330 πράττουσι,
1164 5263 1257 5316 καὶ
1294 5265 1396 5319 οὑκ
1442 5267 1588 5322 ἴσασι
1622 5271 1674 5323 τί
1704 5273 1882 5346 πράτ-

1994 4650 2152 4704 quam
2174 4633 2476 4703 crucifigar,
2502 4641 2556 4687 et
2583 4643 2706 4702 post
2737 4648 2974 4690 crucem.
3001 4632 3111 4689 [loc
3132 4637 3275 4690 enim
3299 4638 3568 4707 signiﬁcat

1994 4725 2221 4780 dicendo
2247 4742 2261 4778 :
2286 4744 2303 4777 t
2329 4724 2766 4792 Quandiuglucem
2793 4725 3022 4790 habetis,
3054 4745 3073 4779 1
3098 4728 3201 4782 hoc
3217 4742 3296 4784 εει
3317 4730 3568 4797 Quandiu

1994 4819 2226 4889 potestis
2278 4819 2334 4872 in
2392 4832 2479 4873 me
2525 4819 2767 4873 credere.
2820 4817 3053 4875 Potestis
3102 4833 3280 4877 autem
3338 4833 3392 4878 et
3436 4834 3568 4881 ante

1993 4924 2210 4964 crucem
2240 4918 2295 4962 et
2321 4916 2504 4976 postea
2536 4909 2757 4963 credere
2783 4909 2835 4962 in
2870 4924 2974 4974 me,
3006 4911 3096 4980 qui
3128 4928 3246 4966 sum
3272 4913 3380 4968 lux.
3413 4934 3432 4966 ι
3460 4914 3565 4981 Qui

1996 5011 2171 5056 autem
2202 5000 2439 5055 ambulat
2469 5018 2493 5052 ν
2538 5000 2590 5054 in
2630 4999 3028 5067 incrudelitate,
3071 5022 3089 5054 ι
3129 5005 3299 5059 nescit
3338 5021 3443 5075 quo
3475 5022 3570 5060 va-

1994 5094 2148 5163 tlat.:1
2172 5090 2361 5146 Omnia
2388 5092 2550 5161 igitur
2572 5108 2688 5160 qua:
2709 5090 2875 5146 Judaei
2905 5108 3047 5148 nunc
3065 5094 3288 5160 faciunt,
3313 5100 3563 5153 nesciunt

1991 5185 2122 5255 quid
2171 5184 2411 5251 faciant,
2464 5184 2558 5238 sed
2596 5184 2647 5237 in
2686 5186 2924 5239 tenebris
2964 5186 3178 5255 quidem
3218 5188 3562 5247 ambulantes

1991 5280 2239 5332 videntur
2260 5287 2458 5331 rectam
2482 5277 2621 5328 viam
2647 5275 2915 5331 incedere.
2940 5275 3170 5333 Omnino
3195 5288 3372 5334 autem
3395 5295 3562 5338 secus

392 5374 434 5403 ³⁸
460 5371 604 5429 Psal.
637 5390 727 5441 xv,
757 5374 845 5428 10.
922 5379 964 5409 ¹⁹
993 5377 1128 5434 Gen.
1168 5395 1314 5446 χιιι,
1336 5382 1389 5437 9.
1466 5385 1514 5418 ³⁸
1554 5386 1734 5443 lTim.
1772 5407 1809 5457 ι,
1841 5393 1901 5448 l7

2010 5397 2138 5452 .ccli.
2178 5394 2438 5461 xxxvtﬂ.
2518 5397 2559 5426 ²¹
2584 5393 2741 5449 Joan.
2779 5410 2876 5462 xu,
2902 5377 2991 5449 54.

1271 5507 1363 5567 Ex
1393 5508 1734 5575 collatione
1765 5517 1950 5580 codd.
1989 5521 2216 5581 Venet.
2262 5521 2326 5583 S.
2359 5518 2578 5581 Marci.

382 5612 497 5698 (51)
545 5613 720 5698 βοιὶιξ.
764 5616 827 5670 51
873 5626 927 5698 et
977 5619 1082 5698 ἐἶξε
1112 5621 1329 5698 ξΩσανεὶ
1371 5624 1531 5698 τοῦτο
1581 5629 1866 5698 λεγόντων.

307 5685 415 5763 μὴ-
432 5688 662 5763 νομίσῃς
686 5687 766 5738 ὅτι
792 5690 919 5763 1:591
950 5690 1042 5763 σοῦ
1068 5691 1320 5763 λέγομεν,
1354 5697 1444 5747 καὶ
1473 5685 1667 5763 εἴποις,
1697 5701 1777 5755 ὅτι
1803 5703 1872 5754 δι’

308 5755 609 5839 ἀπέχθειαν
632 5755 1045 5842 ἐναντιούμεθα,
1082 5755 1717 5842 ἰδοὺῖγάρ-οὑδὲὀἴδαμεν
1746 5773 1875 5842 περὶ

310 5842 457 5888 τεινος
482 5826 681 5894 λέγεις,
708 5844 759 5883 κ.
798 5826 915 5884 τ.λ.
947 5848 965 5882 ι
1001 5832 1162 5898 Quasi
1203 5837 1274 5889 ita
1293 5826 1590 5894 'dtt'cntium
1621 5826 1639 5893 ἐ
1675 5842 1749 5896 Ne
1776 5826 1877 5913 υἷι-

1978 5644 2079 5692 tes.
2108 5651 2203 5691 nes
2232 5637 2299 5691 de
2332 5646 2385 5692 te
2418 5636 2601 5706 l0qui;
2642 5648 2715 5706 ac
2745 5646 2812 5687 ne
2835 5630 3005 5698 dicas,
3033 5637 3173 5704 quod
3213 5653 3275 5694 ex
3303 5643 3425 5696 odio
3464 5644 3560 5698 tibi

1983 5708 2337 5829 gdvcrscmur
2390 5723 2405 5760 :
2462 5704 2588 5763 ecce
2631 5704 2775 5762 enim
2838 5718 3011 5774 neque
3072 5709 3272 5766 scimus
3322 5714 3388 5768 de
3449 5730 3558 5781 quo

2024 5793 2154 5833 tcas.
2194 5796 2212 5829 1
2251 5788 2359 5833 etc.

2054 5793 2154 5842 τις,
2194 5796 2212 5829 1
2251 5793 2359 5833 etc.
