4060 6582
456 347 559 420 135

1356 347 1950 413 THEOPHYLACTI‘
1978 343 2384 410 BULGARIE
2427 340 2779 402 ARCIIIEP.

3588 327 3688 392 136

449 465 646 531 evenit,
695 464 820 518 dum
869 460 1101 515 Sabbata
1145 469 1366 513 servant
1415 468 1471 513 et
1523 457 2025 513 circumcisionem.

2163 469 2335 514 ονσιν,
2387 450 2501 504 ἀλλ’
2529 450 2605 510 ὼς
2634 450 2691 498 ἐν
2738 445 2915 512 σκότῳ
2966 440 3295 512 βαδίζοντες,
3356 435 3574 489 δοκοῦσι
3611 435 3706 504 pte"

453 559 559 613 Sed
590 572 692 610 non
726 557 795 609 ita
829 555 911 607 his
942 553 1118 607 evenit
1149 552 1239 620 qui
1270 550 1635 606 crediderunt.
1671 549 1728 604 In
1760 549 1876 602 luce
1905 546 2025 616 qni-

453 656 573 706 dem
620 650 914 714 ambulant,
951 656 1006 702 et
1049 648 1231 700 omnia
1266 661 1386 716 qua:
1444 645 1674 700 salutem
1721 644 2022 708 continent,

456 743 678 796 faciunt.
708 740 959 794 Umbram
993 739 1136 793 enim
1171 738 1302 808 legis
1334 746 1391 791 et
1422 736 1708 791 tenebrosa
1738 735 2024 802 aenigmata

454 835 792 904 ellugerunt,
848 842 901 886 et
957 839 1305 886 accesserunt
1355 830 1522 901 680
1565 829 1633 883 ad
1685 828 1856 880 lucem
1909 840 2028 895 qua:

453 930 847 992 necnltabatur,
882 934 936 980 et
987 939 1128 978 nunc
1165 923 1396 986 refulsit,
1431 933 1485 976 et
1517 921 1644 975 facti
1702 929 1829 974 sunt
1879 937 1897 969 ι
1936 917 2026 970 lilii

455 1017 607 1083 lucis,
646 1034 667 1068 ι
699 1017 799 1070 hoc
849 1025 930 1069 est
985 1014 1208 1068 Christi.
1242 1013 1374 1067 Nam
1409 1012 1570 1076 dicit,
1613 1029 1632 1062 ι
1669 1018 1730 1064 ut
1762 1009 1860 1062 [Ilii
1891 1006 2031 1061 lucis

457 1109 618 1173 llatis,
664 1126 688 1159 ι
721 1109 819 1160 hoc
848 1114 953 1170 est,
981 1107 1084 1160 mei
1121 1105 1236 1159 lilii.
1264 1103 1504 1158 Tametsi
1538 1103 1589 1156 in
1607 1102 1832 1156 exordio
1867 1113 2032 1153 evan-

456 1202 642 1270 gelista
677 1201 935 1270 quosdam
963 1214 1028 1253 ex
1057 1199 1164 1252 Deo
1191 1207 1350 1251 natus
1377 1197 1543 1259 dicat,
1580 1194 1684 1249 hoc
1713 1201 1891 1246 autem
1917 1189 2032 1243 loco

463 1310 480 1340 ι
525 1292 660 1345 lucis
708 1291 846 1344 lilios
884 1290 1210 1355 nominat",
1251 1306 1270 1339 ι
1309 1290 1409 1342 hoc
1437 1298 1541 1351 εει,
1577 1285 1800 1339 Christi.
1847 1282 2032 1353 Itaque

458 1380 854 1436 confundantur
887 1380 1046 1434 Arius
1069 1389 1122 1435 et
1152 1379 1466 1435 EunOmius.
1497 1377 1613 1433 Una
1643 1378 1789 1430 enim
1839 1389 2033 1444 opera-

463 1477 537 1532 tio
557 1475 737 1531 Patris
759 1484 814 1530 et
840 1473 958 1528 Filii
993 1473 1156 1529 etiam
1189 1473 1291 1527 hoc
1323 1473 1440 1526 loco
1465 1469 1755 1524 iudicatur.

535 1733 694 1787 Vens.
737 1730 928 1787 56-40.
967 1750 984 1783 ι
1023 1729 1146 1784 H:cc
1175 1729 1383 1781 locutus
1409 1738 1494 1781 est
1529 1724 1710 1792 Jesus,
1737 1739 1800 1779 ac
1828 1723 2037 1794 digres-

2132 548 2230 613 τὴν
2260 543 2428 615 ὀρθὴν
2453 541 2680 605 ὁδεύειν,
2710 540 2818 591 πᾶν
2840 537 2896 589 δὲ
2923 534 3230 588 τούναντίον
3259 532 3547 599 πάσχουσι,
3575 529 3701 581 2&6-

2135 637 2298 688 ϐατον
2347 633 2640 704 τηροῦντες
2692 631 2786 685 καὶ
2832 628 3156 698 περιτομήν.
3199 623 3340 677 Ἀλλ’
3374 623 3473 692 οὐχ
3521 625 3570 674 οἱ
3617 637 3709 672 πι-

2136 728 2461 788 στεύσαντες
2493 727 2688 787 οὕτως.
2739 725 2827 776 Ἐν
2851 723 2988 790 φωτὶ
3018 720 3074 772 δέ
3109 716 3495 789 περιπατοῦσι,
3529 716 3712 768 πάντα

2133 821 2198 872 τὸ.
2230 818 2545 891 σωτηριώδη
2583 816 2818 887 ἐχόμενα
2853 813 3207 882 πράττοντες.
3243 810 3352 876 Τὴν
3405 808 3563 860 σκιὰν
3600 806 3712 876 γὰρ

2135 910 2229 964 τοῦ
2266 910 2432 979 νόμου
2466 910 2558 962 καὶ
2589 909 2650 959 τὸ
2685 907 2958 959 σκοτεινὸν
2989 903 3095 956 τῶν
3134 900 3474 968 αἰνιγμάτων
3513 898 3714 966 ἐξέφυο

2136 1021 2252 1071 γον,
2283 1003 2380 1054 καὶ
2409 1002 2486 1071 τῷ
2515 1000 2879 1070 κρυπτομένῳ
2908 998 3047 1064 φωτὶ
3077 995 3354 1063 λάμψαντι
3385 991 3716 1062 προσῆλθον,

2138 1095 2234 1147 καὶ
2285 1093 2545 1160 γεγόνασι
2598 1109 2616 1142 ι
2659 1091 2835 1158 φωτὸς
2881 1087 3009 1148 υἱοὶ,
3053 1105 3071 1137 ι
3125 1085 3394 1143 τουτέστι,
3423 1082 3716 1150 .Χριστοῦ.

2144 1205 2162 1237 ι
2195 1185 2312 1238 ἰνα
2334 1186 2463 1254 γὰρ,
2491 1183 2678 1251 φησὶν,
2700 1182 2808 1233 υἱοὶ
2829 1180 3007 1249 φωτὸς
3030 1177 3259 1245 γένησθε
3281 1192 3295 1205 ·
3337 1196 3354 1225 ι
3383 1177 3517 1244 ὅπερ
3543 1175 3716 1239 ἐστὶν,

2153 1278 2306 1348 Ἐμοὶ
2339 1278 2465 1330 υίοί.
2500 1279 2693 1330 Καίτοι
2731 1276 2789 1326 ἐν
2828 1271 3134 1342 προοιμίοις
3165 1273 3192 1322 ὁ
3225 1268 3616 1336 εὐαγγελιστὴς
3650 1268 3720 1318 ἐκ

2139 1371 2272 1423 Θεοῦ
2322 1367 2652 1438 γεννηθῆναί
2706 1383 2860 1428 τινας
2901 1377 3096 1430 φησιν·
3157 1360 3389 1412 ἐνταῦθα
3432 1359 3488 1411 δὲ
3536 1357 3720 1426 φωτὸς

2141 1465 2291 1525 υἱοὺς
2321 1461 2598 1532 ὀνομάζει,
2626 1460 2896 1519 τουτέστι,
2923 1455 3018 1507 τοῦ
3046 1452 3304 1524 Χριστοῦ.
3339 1447 3723 1519 Αίσχυναίσθω

2140 1551 2233 1608 οὖν
2273 1555 2487 1623 ’Λρειος
2527 1553 2622 1604 καὶ
2671 1549 2956 1617 Εὑνόμιος.
3009 1545 3120 1598 Μία
3162 1545 3270 1613 γὰρ
3311 1544 3558 1612 ἐνέργεια
3604 1541 3722 1592 Πα-

2141 1647 2268 1720 τρὸς
2297 1647 2392 1700 καὶ
2422 1643 2575 1704 Υἱοῦ,
2618 1644 2712 1696 καὶ
2739 1640 2986 1694 ἐντεῦθεν
3016 1639 3313 1691 δείκνυται.

2221 1759 2240 1791 ι
2269 1739 2454 1791 Ταῦτα
2479 1737 2740 1804 ἐλάλησεν
2761 1736 2790 1787 ό
2829 1731 3032 1801 Ἰησοῦς
3050 1749 3062 1761 ι
3091 1731 3184 1783 καὶ
3207 1725 3481 1791 ἀπελθὼν,
3509 1723 3722 1794 ἐκρύϐη

463 1838 588 1889 sus,
622 1823 901 1876 abscondit
943 1836 1001 1875 se
1049 1823 1115 1874 ab
1155 1819 1256 1873 eis.
1311 1818 1446 1872 Cum
1496 1823 1676 1870 autem
1719 1827 1830 1868 tam
1874 1815 2036 1868 multa

2157 1834 2237 1887 ἐπ’
2266 1832 2463 1886 αὐτῶν.
2490 1828 2742 1882 Τοσαῦτα
2762 1827 2817 1879 δὲ
2845 1823 3008 1879 αὐτοῦ
3041 1821 3400 1890 πεποιηκότος
3426 1819 3500 1871 τᾶ.
3518 1819 3722 1886 σημεῖα

467 1917 618 1986 signa
648 1914 864 1969 fecisset
892 1928 1075 1969 coram
1111 1913 1213 1976 eis,
1253 1926 1358 1965 non
1399 1911 1689 1964 credebant
1721 1909 1771 1962 in
1805 1924 1951 1970 eum,
1983 1917 2042 1960 ut

468 2023 646 2061 sermo
693 2007 841 2060 Isaia:
870 2006 1142 2075 prophetae
1169 2003 1498 2074 impleretur,
1531 2016 1688 2066 quem
1719 2001 1851 2055 dixit
1885 2016 1897 2052 :
1944 1998 2046 2052 Do-

468 2102 650 2163 mine,
688 2099 810 2167 quis
851 2098 1078 2152 credidit
1122 2095 1359 2150 sermoni
1404 2096 1631 2148 nostro?
1663 2102 1720 2148 et
1761 2093 2040 2146 brachium

470 2194 676 2247 Dmnini
715 2191 801 2246 cui
831 2191 1119 2245 revelatum
1151 2189 1270 2244 est?
1301 2187 1592 2256 Propterea
1633 2202 1745 2242 non
1791 2195 2046 2255 poterant.

466 2287 707 2346 credere,
735 2283 857 2352 quia
885 2284 1075 2335 iterum
1100 2279 1234 2334 dixit
1257 2277 1422 2332 Isaias
1461 2293 1477 2330 :
1526 2277 1826 2332 Excaecavit
1860 2277 2045 2330 Oculos

469 2390 677 2438 eorum,
719 2384 774 2426 et
807 2373 1080 2426 induravit
1110 2386 1204 2426 cor
1240 2387 1449 2434 eorum,
1485 2385 1552 2423 ne
1591 2370 1806 2422 videant
1848 2370 2043 2429 oculis,

467 2481 523 2523 et
559 2485 624 2522 ne
669 2468 968 2536 intelligant
1005 2468 1188 2532 corde,
1229 2477 1282 2521 et
1315 2474 1722 2531 convertantur,
1774 2475 1828 2518 et
1862 2481 2044 2518 sancm

470 2577 580 2617 eos.
622 2579 639 2613 ι
674 2562 855 2626 Quare
877 2560 1180 2613 occultatus
1211 2569 1294 2612 est
1326 2559 1396 2612 ab
1433 2557 1550 2612 eis?
1588 2557 1702 2611 Non
1731 2557 1874 2609 enim
1907 2573 2048 2611 nunc

479 2673 496 2705 ι
533 2655 736 2722 lapides
797 2653 1033 2706 tulerunt
1080 2662 1268 2706 contra
1311 2665 1432 2703 eum
1461 2690 1476 2714 ,
1518 2669 1536 2702 ι
1574 2665 1745 2718 neque
1794 2649 2048 2718 blasphe-

477 2745 917 2800 maveruntsicut
945 2745 1129 2812 prius:
1174 2757 1342 2811 quare
1376 2742 1537 2811 igitur
1579 2742 1882 2796 occultatus
1926 2741 2050 2795 est?

478 2840 792 2909 Ingrediens
854 2837 1014 2890 corda
1079 2851 1291 2900 eorutu,
1353 2835 1567 2887 videbat
1631 2834 2047 2903 indignationem

476 2933 715 2986 cnrdinm
751 2930 1032 2993 feracium,
1071 2929 1320 2998 quamvis
1355 2927 1488 2981 nihil
1525 2927 1892 2996 loquerentur.
1936 2926 2041 2980 Ita-

477 3039 581 3094 que
627 3041 646 3074 ι
688 3021 974 3077 abscondit
1016 3035 1096 3086 se,
1133 3039 1151 3072 ι
1208 3020 1461 3090 mitigans
1508 3019 1718 3074 illorum
1771 3017 2047 3074 invidiam.

2146 1925 2456 1997 ἔμπροσθεν
2491 1923 2693 1984 αὐτῶν,
2730 1921 2832 1974 οὐκ
2872 1918 3156 1971 ἐπίστευον
3203 1916 3284 1976 είς
3331 1912 3528 1966 αύτόν·
3573 1911 3658 1962 ἶνα
3691 1909 3724 1960 6

2145 2020 2301 2088 λόγος
2341 2017 2565 2070 Ἡσαΐου
2595 2013 2689 2068 τοῦ
2722 2015 2997 2084 προφήτου
3031 2008 3315 2078 πληρωθῇ,
3340 2008 3398 2058 ὃν
3427 2003 3566 2059 εἷπε·
3601 2003 3719 2056 Κύο

2150 2129 2267 2183 ριε,
2304 2111 2388 2173 τίς
2426 2108 2719 2161 ἐπίστευσε
2768 2109 2833 2175 τῇ
2879 2105 3015 2174 ἀκοῇ
3048 2102 3237 2172 ἡμῶν;
3279 2102 3386 2153 Καὶ
3417 2101 3445 2152 ό
3484 2098 3726 2168 βραχῗων

2148 2202 2356 2272 Κυρίου
2394 2201 2501 2252 τίνι
2551 2195 2958 2265 ἁπεκαλύφθης
3007 2196 3095 2248 διὰ
3126 2193 3288 2246 τοῦτο
3315 2193 3415 2244 οῦκ
3453 2188 3728 2256 ἠδύναντο

2147 2295 2463 2353 πιστεύειν,
2504 2293 2585 2344 ὅτι
2633 2290 2797 2343 πάλιν
2843 2283 2996 2341 εἶπεν
3045 2286 3305 2348 Ἡσαΐας·
3359 2280 3723 2349 Τετύφλωκεν

2147 2391 2325 2444 αὐτῶν
2363 2389 2488 2450 τοὺς
2521 2385 2868 2454 ὀρθαλμοῦς,
2903 2383 2998 2436 καὶ
3031 2381 3369 2446 πεπώρωκεν
3411 2375 3587 2428 αὐτῶν
3619 2374 3722 2440 τὴν

2150 2482 2395 2552 καρδίαν,
2430 2480 2517 2531 ἵνα
2551 2478 2626 2548 μὴ
2647 2515 2658 2526 .
2681 2476 2830 2528 ἴδωσι
2858 2476 2968 2534 τοῖς
2994 2471 3317 2542 ὀφθαλμοῖς.
3352 2469 3446 2521 καὶ
3491 2469 3729 2536 νοήσωσι

2150 2577 2215 2645 τῇ
2247 2571 2464 2642 καρδίᾳ,
2495 2571 2588 2622 καὶ
2621 2565 3034 2637 ἐπιστραφῶσι,
3068 2562 3160 2616 καὶ
3187 2564 3421 2629 ἰάσωμαι
3446 2559 3662 2620 αὐτούς.
3695 2575 3719 2607 ι

2151 2669 2314 2729 Τίνος
2338 2667 2522 2717 ἕνεκεν
2550 2682 2566 2714 ι
2600 2661 2806 2729 ἐκρύϐη
2834 2659 2928 2713 ἀπ’
2957 2657 3173 2721 αὑτῶν;
3212 2673 3231 2706 ι
3265 2655 3337 2706 0'3
3365 2653 3473 2720 γὰρ
3495 2669 3513 2701 ι
3545 2650 3730 2712 λίθους

2149 2757 2290 2831 ἦραν
2317 2779 2336 2812 ι
2357 2759 2450 2812 νῦν
2477 2778 2495 2809 ι
2518 2757 2638 2809 κατ’
2657 2755 2844 2815 αὐτοῦ,
2870 2773 2888 2805 ι
2909 2751 3029 2805 οὑδέ
3045 2747 3475 2818 ἐὸλασφήμησάν
3497 2742 3736 2796 τιτοιοῦ-

2150 2869 2241 2904 τον
2261 2844 2371 2903 οἷον
2387 2846 2716 2918 ἔμπροσθεν.
2735 2846 2891 2905 Τίνος
2912 2843 3097 2896 ἕνεκεν
3115 2839 3324 2911 ἐκρύϐιῖ
3341 2856 3354 2894 :
3378 2836 3486 2901 Τὰς
3504 2834 3731 2907 καρδίας

2151 2942 2329 2996 αὐτῶν
2353 2940 2693 3013 ὲμῦατεύων,
2714 2939 2829 3010 ᾔδει
2850 2937 2940 2991 τὸν
2961 2937 3130 3004 θυμὸν
3154 2935 3331 2988 αὐτῶν
3355 2933 3728 3004 ἀγριαίνοντα,

2153 3039 2199 3089 εί
2223 3037 2315 3090 καὶ
2339 3035 2504 3106 μηδὲν
2531 3033 2879 3102 ἐφθέγγοντο.
2910 3027 3226 3099 Κρύπτεται
3257 3021 3350 3080 οῦν
3373 3023 3730 3094 παραμυθού-

483 3116 611 3168 Nam
638 3118 774 3182 quod
808 3115 1118 3179 inviderint,
1147 3123 1202 3167 et
1225 3113 1524 3167 voluntaria
1557 3113 1760 3166 malitia
1789 3129 1896 3167 non
1922 3128 2043 3166 cre-

500 3210 529 3227 o!
555 3210 595 3227 Ιᾼ
635 3209 706 3227 9ο-.
758 3209 786 3227 2,
845 3207 856 3227 2
885 3217 988 3227 .,....
1019 3208 1334 3227 -__-_...-|2_._
1420 3206 1597 3227 JtAJ“-
1627 3223 1638 3227 -
1679 3223 1690 3227 -
1718 3206 1848 3227 Ρη...
1876 3217 2047 3227 ---ιΑΑυ

2161 3145 2317 3197 μενος
2351 3125 2528 3179 αὐτῶν
2563 3127 2654 3178 τὸν
2689 3122 2904 3190 φθόνον.
2947 3118 3070 3173 Ὀτι
3122 3139 3140 3169 ι
3199 3119 3298 3170 οῦκ
3350 3116 3667 3176 ἐπίστευον,
3707 3132 3724 3163 ι

2169 3218 2316 3227 .....
2373 3217 2428 3227 Α,
2619 3217 2630 3227 ι
2685 3214 2728 3227 ορ
2873 3213 2885 3227 ο
2972 3211 2984 3227 1
3099 3209 3160 3227 ,\
3267 3206 3540 3227 0b-!h'“-
3584 3205 3702 3227 _'I"_

478 3209 732 3272 diderint,
758 3207 992 3263 insinuat
1011 3208 1363 3276 evangelista,
1415 3206 1601 3260 dicens
1626 3223 1640 3260 :
1673 3223 1690 3255 ι
1717 3206 1852 3260 Cum
1874 3217 2052 3259 autem

481 3300 594 3368 ipse
624 3307 769 3354 tanta
801 3298 1020 3354 fecisset
1056 3299 1228 3367 signa,
1263 3313 1366 3351 non
1391 3298 1734 3352 crediderunt
1767 3299 1818 3351 in
1851 3313 1996 3352 eum.
2030 3316 2049 3349 ι

485 3390 721 3447 Omnino
761 3407 865 3445 non
908 3407 1086 3461 parvae
1118 3392 1334 3445 malitiae
1364 3406 1519 3460 opus,
1559 3391 1724 3445 tantis
1757 3389 1924 3460 signis
1953 3405 2056 3443 non

483 3487 726 3540 credere.
781 3483 950 3538 Tanta
995 3483 1136 3537 enim
1191 3483 1370 3552 signa,
1422 3484 1618 3553 inquit,
1669 3499 1788 3558 qum
1836 3495 2058 3552 pra-ter-

486 3579 650 3632 mitlit
682 3577 1032 3648 evangelista.
1061 3575 1359 3630 Abscondit
1392 3576 1553 3644 igitur
1587 3591 1647 3630 se
1700 3574 1878 3639 Jesus,
1913 3577 2056 3631 invi-

486 3675 626 3727 diam
669 3674 882 3726 illorum
931 3671 1206 3742 mitigans,
1259 3671 1584 3740 interimque
1615 3672 1693 3724 eis
1733 3679 1940 3737 tempus
1965 3671 2059 3724 dat

485 3779 539 3822 et
564 3769 756 3832 otium,
793 3775 849 3820 ut
875 3782 968 3835 per
1005 3768 1239 3834 quietem
1268 3766 1333 3818 de
1361 3765 1704 3819 sermonibus
1730 3776 1784 3820 et.
1809 3767 2060 3834 operibus

490 3863 609 3930 ejus
655 3861 1001 3914 considerare
1043 3867 1264 3927 queant.
1301 3858 1378 3912 Ita
1418 3859 1584 3923 enim,
1631 3857 1899 3928 siquidem
1963 3875 2061 3913 vo-

493 3953 743 4014 luissent,
788 3949 1072 4019 pervenire
1121 3953 1187 4003 ad
1237 3949 1599 4019 cognitionem
1652 3950 1870 4006 deitatis
1920 3951 2062 4006 illius

494 4044 820 4113 potuissent.
875 4041 1132 4108 Quamvis
1173 4041 1316 4094 enim
1363 4040 1795 4095 incredulitatem
1852 4042 2061 4097 illorqu

495 4145 831 4203 pra‘nosset:
888 4144 1132 4186 attamen
1167 4134 1346 4187 omnia
1396 4147 1515 4200 qua:
1546 4131 1611 4184 ad
1642 4147 1701 4187 se
1737 4133 2060 4198 attinebant,

497 4229 750 4292 faciebat,
773 4236 826 4278 et
851 4225 1074 4288 secedit,
1110 4235 1166 4278 ut
1193 4223 1391 4277 dictum
1419 4232 1520 4287 est,
1557 4223 1683 4277 dato
1711 4224 1792 4278 eis
1823 4234 2064 4292 tempore

493 4321 861 4387 dignoscendi.
923 4337 941 4370 ι
996 4317 1146 4382 Quod
1189 4325 1367 4371 autem
1423 4333 1528 4370 non
1584 4318 1935 4372 crediderunt
2007 4320 2062 4372 in

493 4428 636 4477 eum,
685 4421 744 4464 ut
784 4425 963 4464 sermo
998 4409 1148 4462 Isaia:
1189 4408 1506 4477 impleatur,
1560 4425 1578 4458 ι
1611 4424 1714 4463 nou
1750 4419 1832 4462 est
1879 4424 2061 4465 sermo

2158 3218 2270 3272 ἀλλ’
2301 3217 2580 3285 ἐφθόνουν,
2608 3214 2831 3285 ᾐνίξατο
2864 3213 2892 3264 ὁ
2933 3209 3326 3278 εὐαγγελιστὴς
3354 3206 3541 3260 εἰπών·
3577 3225 3596 3257 ι
3633 3205 3737 3258 Το-

2162 3310 2336 3364 σαῦτα
2369 3311 2426 3363 δέ
2456 3308 2621 3362 αύτοῦ
2654 3308 2856 3376 σημεῖα
2887 3304 3271 3376 πεποιηκότος.
3306 3302 3402 3354 οὐκ
3451 3299 3733 3354 ἐπίστευον

2159 3404 2238 3464 είς
2270 3402 2452 3454 αὐτόν.
2508 3418 2525 3450 ι
2577 3399 2801 3460 Πάντως
2833 3398 2941 3466 γὰρ
2970 3395 3031 3448 ού
3067 3395 3271 3464 μικρᾶς
3322 3391 3519 3454 κακίας
3550 3389 3731 3457 ἔργον,

2160 3496 2220 3548 τὸ
2251 3492 2525 3554 τοσούτοις
2559 3491 2804 3560 σημείοις
2835 3490 2910 3558 μὴ
2937 3486 3246 3540 πιστεῦσαι.
3281 3485 3530 3538 Τοσαῦτα
3557 3483 3612 3535 δὲ
3639 3499 3735 3549 ση-

2164 3587 2310 3654 μεῖα,
2344 3585 2533 3652 φησιν,
2563 3579 2922 3646 ἃπαρέλιπεν
2965 3580 2994 3631 ὁ
3035 3575 3447 3644 εὐαγγελιστής.
3474 3571 3733 3643 ⁷Ἑκρύδη

2160 3681 2338 3732 τοίνυν
2364 3681 2392 3732 ὁ
2427 3677 2654 3748 Ἰησοῦς,
2677 3678 2768 3729 τὸν
2792 3675 2985 3742 φθόνον
3010 3673 3188 3726 αὐτῶν
3216 3670 3734 3742 παραμυθούμενος,

2161 3769 2279 3838 ἅμα
2308 3767 2364 3820 δὲ
2398 3771 2490 3822 καὶ
2531 3767 2702 3828 διδοὺς
2746 3767 2928 3826 αὐτοῖς
2966 3765 3155 3833 καιρὸν
3206 3764 3300 3817 καὶ
3340 3761 3555 3831 σχολὴν,
3591 3760 3736 3814 ὥστε

2161 3859 2284 3914 καθ’
2319 3859 2546 3929 ἡσυχίαν
2579 3857 3006 3911 ἐπισκέπτεσθαι
3054 3857 3179 3918 τοὺς
3218 3855 3412 3922 λόγους
3445 3851 3610 3906 αὑτοῦ
3645 3854 3738 3904 καὶ

2162 3953 2262 4016 τὰς
2291 3952 2537 4021 πράξεις.
2573 3950 2729 4003 Οῦτω
2760 3950 2871 4021 γὰρ
2894 3949 2978 4014 ἃν,
3011 3948 3172 4018 εἰπερ
3210 3946 3510 4007 ἐϐούλοντο,
3542 3945 3738 4014 ἠδυνή-

2167 4048 2338 4116 θησαν
2367 4045 2542 4098 ἐλθεῖν
2569 4047 2649 4107 είς
2691 4042 2941 4112 αἴσθησιν
2978 4040 3069 4094 τοῦ
3094 4040 3404 4110 ἀξιώματος
3431 4040 3524 4108 τῆς
3548 4038 3670 4091 θεότ
3684 4056 3740 4106 q-

2168 4155 2258 4203 τος
2289 4137 2474 4192 αὐτοῦ.
2504 4137 2568 4191 Εἰ
2605 4137 2715 4206 γὰρ
2746 4136 2838 4188 καὶ
2871 4135 2968 4204 τὴν
3014 4135 3274 4188 ἀπιστίαν
3302 4133 3484 4186 αὐτῶν
3513 4133 3742 4203 προεγί.

2167 4247 2398 4292 νωσκεν,
2433 4227 2550 4283 ἀλλ’
2593 4229 2744 4298 ὅμως
2773 4227 2842 4280 τὰ
2892 4227 3022 4296 παρ’
3070 4225 3265 4278 ἑαυτοῦ
3316 4224 3494 4278 πάντα
3543 4222 3742 4288 ἐποίει,

2168 4323 2265 4375 καὶ
2318 4320 2615 4391 ὑπεχώρει,
2675 4319 2751 4382 ὡς
2810 4319 3049 4389 εἴρηται,
3095 4317 3286 4387 καιρδν
3338 4317 3521 4378 αὐτοῖς
3567 4314 3746 4379 διδοὺς

2166 4412 2526 4482 διασκέψεως.
2558 4411 2631 4463 Τὸ
2662 4410 2738 4476 δὲ,
2781 4429 2798 4462 ι
2840 4411 2952 4463 Ούκ
2987 4409 3272 4462 ἐπίστευον
3304 4409 3381 4470 είς
3425 4407 3585 4460 αὐτόν
3607 4425 3620 4439 ·
3657 4407 3746 4460 ἵνα

495 4517 668 4554 causa
693 4542 708 4566 ,
755 4503 847 4555 sed
897 4500 1073 4554 eventi
1107 4500 1521 4569 signilicativus,
1563 4510 1618 4552 ut
1645 4515 1785 4569 saepe
1815 4500 2051 4554 diximus

2175 4511 2202 4561 ό
2227 4508 2381 4576 λόγος
2425 4505 2648 4558 Ἡσαΐου
2683 4503 2966 4574 πληρωθῇ,
3010 4523 3026 4554 ι
3062 4505 3163 4556 οὐκ
3203 4503 3349 4555 ἐστιν
3381 4502 3744 4571 αἰτιολογίας,

496 4592 611 4645 Non
644 4596 786 4646 enim
818 4593 1036 4647 Christo
1071 4593 1412 4646 discretlituri
1451 4601 1610 4646 erant
1647 4607 1712 4645 eo
1742 4592 1886 4659 quod
1916 4609 2065 4660 pra:-

499 4687 635 4738 dixit
678 4686 778 4740 hoc
827 4684 1030 4750 Isaias;
1091 4687 1185 4740 sed
1226 4687 1352 4754 quia
1403 4687 1475 4740 illi
1512 4687 1854 4744 discredituri
1888 4702 2064 4756 erant,

503 4779 623 4833 ideo
675 4779 920 4848 praedixit
974 4776 1159 4833 Isaias.
1215 4779 1280 4831 Et
1337 4778 1514 4833 illud:
1568 4798 1585 4831 ι
1625 4778 1739 4834 Non
1784 4791 2070 4850 potuerunt

497 4872 752 4937 Credere,
803 4870 930 4939 quia
975 4871 1168 4924 iterum
1196 4870 1333 4924 dixit
1382 4870 1551 4924 Isaias
1580 4889 1600 4922 ι
1636 4871 1704 4926 de
1754 4872 1871 4934 eis,
1919 4887 2068 4925 eam-

499 4962 618 5016 dem
661 4963 820 5016 habet
852 4960 1200 5014 sententiam.
1251 4957 1355 5014 Per
1395 4961 1580 5014 omnia
1623 4963 1766 5014 enim
1800 4964 1914 5016 hate
1955 4961 2069 5016 vult

502 5067 769 5117 asserere,
813 5054 956 5120 quod
994 5050 1271 5120 Scriptura
1308 5067 1410 5106 non
1440 5052 1510 5106 sit
1546 5055 1800 5119 mendax,
1844 5063 1897 5108 et
1924 5055 2068 5122 quod

497 5157 559 5197 ea
593 5157 713 5210 qua:
741 5139 987 5210 praedixit
1022 5141 1206 5205 Isaias,
1251 5155 1354 5194 non
1399 5141 1553 5194 aliter
1582 5156 1876 5196 evenerunt
1905 5158 2066 5213 quam

500 5234 656 5288 dixit.
693 5231 762 5287 Ut
817 5247 882 5288 ne
914 5234 1033 5302 quis
1070 5234 1238 5302 possit
1285 5234 1462 5287 dicere
1487 5243 1540 5287 et
1585 5235 1856 5301 dubitare,
1895 5249 2066 5304 quare

502 5327 650 5380 venit
693 5325 962 5390 Christus,
1013 5326 1056 5379 si
1115 5324 1321 5380 sciebat
1368 5327 1508 5395 quod
1549 5323 1719 5380 Judaei
1766 5343 1872 5380 non
1915 5338 2073 5381 erant

503 5419 604 5472 sibi
636 5419 912 5479 credituri,
947 5418 1239 5471 introducit
1267 5427 1323 5495 et
1357 5418 1648 5486 prophetas
1675 5420 1764 5486 qui
1803 5421 1904 5472 hoc
1929 5435 2071 5487 pra:-

501 5513 751 5564 dixeraut
796 5528 810 5565 :
857 5520 911 5564 et
948 5511 1090 5581 quod
1145 5527 1249 5566 non
1300 5511 1568 5581 ignoravit
1633 5511 2066 5566 incredulitatem

506 5604 742 5677 illorum,
791 5613 846 5656 et
879 5603 1229 5658 IlIIlIIOIlIIllIIS
1260 5604 1490 5667 venerit,
1533 5617 1601 5666 ne
1645 5604 1879 5659 habeant
1932 5605 2074 5674 quod

578 5784 622 5813 "
649 5779 666 5833 l
695 5781 853 5838 Joan.
898 5798 981 5852 nt,
1015 5783 1068 5836 1.

2171 4601 2284 4656 ἀλλ’
2315 4598 2617 4663 ἐκϐάσεως,
2648 4597 2722 4659 ὼς
2752 4596 3008 4658 πολλάκις
3025 4597 3272 4664 εἴπομεν.
3301 4595 3373 4648 Οὐ
3402 4597 3507 4664 γὰρ
3523 4593 3748 4664 ἔμελλον

2173 4694 2374 4746 ἐκεῖνοι
2414 4689 2493 4759 τῷ
2525 4689 2746 4759 Χριστῷ
2795 4689 3066 4750 ἀπιστεῖν,
3111 4686 3244 4740 διότι
3275 4689 3535 4754 προεῖπεν
3565 4685 3750 4748 αὐτοῖς

2185 4781 2434 4845 Ἡσαΐας,
2459 4779 2595 4835 ἀλλὰ
2621 4779 2756 4832 διότι
2781 4779 3004 4848 ἔμελλον
3021 4778 3174 4832 αὐτοὶ
3192 4779 3461 4842 ἀπιστεῖν,
3483 4778 3569 4830 διὰ
3590 4777 3749 4830 τοῦτο

2176 4876 2438 4943 προεῖπεν
2467 4873 2652 4934 αὐτοῖς
2681 4873 2708 4923 ὁ
2738 4872 3038 4942 προφήτης.
3065 4872 3174 4924 Καὶ
3196 4871 3276 4931 τὸ,
3313 4888 3330 4920 ι
3355 4870 3469 4922 Οὐκ
3490 4869 3753 4938 ἠδύναντο

2177 4964 2476 5028 πιστεύειν,
2513 4965 2596 5016 δτι
2630 4958 2783 5015 εἶπεν
2839 4962 3064 5024 Ἡσαΐας
3111 4962 3274 5013 πάλιν
3320 4981 3340 5013 ι
3377 4962 3504 5030 περὶ
3536 4958 3751 5025 αὐτῶν,

2175 5055 2275 5124 τῆς
2321 5055 2491 5124 αὐτῆς
2523 5053 2735 5118 ἐννοίας
2768 5055 2972 5123 ἔχεται.
3003 5052 3102 5106 Διά
3130 5053 3347 5106 πάντων
3373 5055 3480 5122 γὰρ
3512 5052 3749 5114 τούτων,

2173 5147 2330 5201 τοῦτο
2380 5147 2630 5218 βούλεται
2680 5146 3053 5218 παραστῆσαι,
3088 5147 3171 5200 ὅτι
3201 5148 3235 5216 ή
3286 5145 3323 5196 Γ
3331 5144 3477 5216 ραφὴ
3511 5144 3753 5216 ἀψευδής

2174 5242 2312 5304 ἐστι,
2345 5241 2442 5294 καὶ
2467 5242 2546 5293 ὃτι
2581 5240 2618 5294 ἃ
2649 5241 3056 5309 προεφήτευσεν
3081 5243 3110 5293 ό
3145 5237 3391 5305 Ἡσαΐας,
3421 5239 3518 5308 οὐχ
3549 5237 3754 5306 ἑτέρως

2181 5332 2510 5402 ἐκϐέϐηκεν,
2544 5333 2658 5386 ἀλλ’
2695 5334 2769 5398 ὼς
2799 5330 2973 5388 εἶπεν.
3008 5334 3125 5388 ἰνα
3151 5332 3259 5402 γὰρ
3305 5332 3378 5402 μή
3410 5348 3495 5396 τις
3533 5330 3632 5403 ἔχῃ
3664 5330 3757 5384 λέ-

2183 5440 2324 5492 γειν,
2357 5425 2452 5477 καὶ
2500 5427 2727 5496 ἀπορεῖν
2769 5426 2911 5488 τίνος
2947 5426 3130 5478 ἕνεκεν
3156 5420 3317 5495 ἦλθεν
3348 5427 3376 5477 ὁ
3410 5423 3755 5494 Χριστὸς,.εί

2183 5515 2300 5586 ⁴ᾔδει
2332 5516 2412 5570 ὅτι
2444 5518 2542 5570 οὐκ
2588 5518 2814 5589 ἔμελλον
2846 5519 2997 5588 αὐτῷ
3039 5521 3089 5572 oi.
3133 5519 3380 5572 Ἰουδαῖοι
3428 5515 3752 5569 πιστεῦσαν

2187 5608 2396 5676 εἰσάγει
2415 5610 2506 5663 καὶ
2528 5611 2652 5674 τοὺς
2675 5613 2959 5683 προφήτας
2980 5610 3136 5666 τοῦτο
3156 5608 3756 5683 προκαταγγείλαντας,
