4060 6600
351 382 454 449 ιεπ

959 385 1055 449 EN
1066 388 1399 452 ARRATIO
1435 390 1517 452 IN
1559 391 1931 455 EVANGELI

2036 396 2057 456 [
2095 393 2441 457 JOANNIS.
2500 421 2553 435 -·
2590 395 2750 458 CAP.
2789 394 2929 456 ΧΠ.

3508 391 3609 456 138

350 501 449 555 καὶ
470 501 555 554 ὅτι
583 499 686 554 οὐκ
716 500 902 572 ἠγνόει
937 500 1060 555 οὐδὲ
1095 503 1123 555 6
1152 503 1387 573 Χριστὸς
1415 503 1513 576 τὴν
1545 505 1802 559 ἀπιστίαν
1831 507 1928 559 αὺ-

2036 516 2258 574 peccato
2280 523 2377 564 suo
2397 517 2720 579 prmtexant,
2746 523 2922 579 neque
2947 516 3155 578 possmt
3182 507 3361 565 dicere
3385 512 3525 581 quod
3555 512 3612 570 Si

345 592 484 656 τῶν,
518 592 633 646 ἀλλ’
661 594 813 663 ὅμως
837 589 1023 664 ἦλθεν,
1060 594 1151 648 ἵνα
1186 594 1260 666 μὴ
1296 598 1572 667 πρόφασιν
1601 598 1766 669 ἔχωσι
1800 598 1932 669 περὶ

346 686 451 757 τῆς
480 685 761 756 ἁμαρτίας
804 686 1004 754 αὐτῶν,
1058 690 1191 761 μηδὲ
1226 688 1489 745 δύνωνται
1519 693 1722 761 λέγειν,
1753 694 1835 748 ὅτι
1869 694 1932 749 Εἰ

346 772 541 849 ἦλθεν,
571 778 978 851 ἐπιστεύσαμεν
1005 781 1095 836 ἀν.
1127 781 1202 834 T6
1230 781 1311 851 δὲ,
1348 802 1366 835 ι
1401 784 1515 836 Οὐκ
1543 784 1806 854 ἠδύναντο
1840 804 1932 840 πι·

352 865 589 935 στεύειν,
628 888 647 922 ι
685 870 805 923 ἀντὶ
838 870 955 937 τοῦ,
989 872 1091 925 οὐκ
1123 873 1336 944 ἤθελον,
1365 876 1497 932 νόει.
1541 878 1603 932 '0
1629 879 1736 951 γὰρ
1765 884 1957 946 κακδςκ

352 960 450 1013 καὶ
480 960 720 1032 πονηρὸς
756 961 1043 1033 ἄνθρωπος
1066 965 1127 1017 οὐ
1154 966 1380 1020 δύναται
1408 970 1685 1025 πιστεύειν
1710 970 1767 1035 ἐς
1796 974 1843 1026 τ’
1867 973 1933 1028 ἂν

350 1052 595 1115 τοιοῦτος
649 1054 736 1125 εἴη
762 1093 776 1118 ,
829 1055 899 1108 τά
955 1058 1170 1127 πονηρά
1220 1058 1423 1131 δηλαδὴ
1473 1062 1933 1135 προαιρούμενος.

353 1144 528 1198 Ὅταν
558 1145 616 1199 δὲ
664 1145 927 1219 ἀκούσῃς,
984 1149 1068 1202 ὅτι
1123 1168 1143 1202 ‹
1196 1149 1559 1224 Τετύφλωκεν
1588 1157 1772 1210 αὐτῶν
1808 1161 1934 1223 τοὺς

352 1235 671 1307 ὀφθαλμοὺς
702 1238 914 1303 δ’Θεδς,
951 1242 1048 1294 καὶ
1079 1241 1417 1314 πεπώρωκεν
1450 1249 1633 1303 αὐτῶν
1665 1250 1763 1321 τὴν
1792 1268 1931 1321 καρ-

350 1326 493 1392 δίαν,
526 1346 545 1379 ι
575 1327 653 1400 μὴ
675 1329 863 1398 νόμιζε
890 1332 972 1386 ὅτι
1001 1332 1192 1398 ἁπλῶς
1217 1337 1344 1401 τοὺς
1372 1338 1472 1408 μὲν
1494 1340 1737 1406 ἀγαθοὺς
1767 1344 1931 1408 ποιεί,

348 1420 477 1483 τοὺς
504 1419 564 1474 δὲ
599 1423 894 1492 πονηροὺς,
927 1424 1111 1496 ἄπαγε
1135 1428 1148 1480 l
1182 1428 1320 1482 ἀλλὰ
1349 1429 1447 1501 τὴν
1476 1431 1570 1484 τοῦ
1602 1431 1739 1486 Θεοῦ
1768 1436 1935 1501 ὲγκα-

348 1510 604 1581 τάλειψιν
647 1513 921 1582 τύφλωσιν
935 1517 1046 1571 νόει
1069 1519 1326 1591 παντελῆ.
1345 1516 1471 1576 Οἷόν
1491 1539 1544 1575 τι
1567 1522 1731 1593 λέγω·
1756 1525 1935 1578 Ἔστω

350 1620 437 1667 τις
492 1606 732 1678 μετρίως
779 1610 1250 1680 πονηρευόμενος’
1293 1612 1469 1684 τούτῳ
1506 1613 1654 1667 δοκεῖ
1693 1618 1933 1671 συνεῖναι

348 1692 435 1748 ἔτι
465 1696 495 1748 6
522 1694 690 1760 Θεόςσ
726 1696 1006 1762 ὲλπίζεται
1054 1701 1160 1771 γὰρ
1208 1704 1637 1775 ἐπιστραφῆναι.
1677 1705 1845 1759 Ὅταν
1876 1705 1935 1760 δὲ

349 1784 434 1846 είς
479 1782 644 1853 κόρον
689 1785 792 1855 τῆς
841 1787 1042 1854 κακίας
1080 1790 1365 1863 ὲμφορηθῇ
1399 1793 1428 1845 6
1457 1791 1765 1865 ἄνθρωπος,
1808 1797 1932 1849 τότε

2041 598 2302 662 venisset,
2364 597 2803 653 credidissemus.
2863 594 2981 651 Hoc
3027 603 3207 651 autem
3259 598 3403 667 quod
3458 599 3611 662 dicit,

2039 688 2201 760 681
2253 689 2371 744 Non
2425 696 2718 759 potuerunt
2759 690 3006 756 credere,
3045 707 3065 741 ι
3103 687 3396 759 signiﬁcat,
3431 690 3614 747 nolue-

2045 789 2189 833 runt.
2225 779 2359 834 Nam
2408 780 2584 834 malus
2639 790 2692 834 et
2746 780 3026 849 improbus
3076 782 3235 836 homo
3275 796 3381 836 non
3429 793 3611 853 potest

2042 871 2286 938 credere,
2318 872 2553 941 quandin
2593 872 2714 927 talis
2762 872 2949 938 fuerit,
2985 872 3119 927 mala
3151 874 3361 929 scilicet
3399 875 3609 945 eligens

2042 975 2108 1017 ac
2147 962 2359 1015 volens.
2402 962 2572 1018 Porro
2618 979 2743 1017 cum
2791 963 3030 1019 audieris
3064 964 3207 1034 quod
3262 983 3282 1017 ι
3327 968 3615 1021 οχοευωιῆι

2042 1054 2230 1110 oculos
2255 1068 2441 1109 eorum
2483 1054 2650 1122 Deus,
2680 1066 2734 1111 et
2761 1057 3066 1111 induruerit
3090 1071 3184 1110 cor
3220 1071 3408 1112 eorum
3438 1074 3453 1112 :
3495 1077 3513 1110 ι
3550 1076 3616 1114 ue

2042 1156 2199 1216 putes
2223 1148 2364 1216 quod
2392 1149 2713 1219 simpliciter
2738 1153 2833 1206 hos
2855 1150 3069 1220 quidem
3102 1150 3245 1206 Deus
3274 1153 3444 1209 bonos
3476 1155 3616 1210 lece-

2043 1240 2132 1302 rit,
2162 1241 2284 1296 illos
2315 1252 2494 1296 autem
2547 1243 2736 1310 malos,
2786 1244 2961 1299 absit!
3020 1245 3114 1299 sed
3147 1245 3238 1299 Dei
3278 1246 3611 1303 relictionem

2043 1332 2393 1386 crecationem
2433 1344 2598 1388 totum
2636 1334 2871 1406 intellige
2908 1351 2923 1389 :
2952 1346 3009 1391 ut
3036 1337 3265 1406 exempli
3292 1338 3462 1408 gratia
3486 1339 3614 1408 quid

2043 1425 2217 1478 dicam
2253 1441 2267 1479 :
2311 1427 2404 1481 Est
2450 1429 2719 1497 quispiam
2772 1443 2878 1482 non
2917 1429 3075 1484 valde
3119 1430 3313 1495 malus,
3356 1445 3616 1499 cumquo

2041 1515 2254 1571 videtur
2280 1517 2461 1573 adhuc
2487 1532 2609 1574 esse
2646 1519 2819 1585 Deus;
2864 1534 2990 1588 spes
3016 1520 3161 1575 enim
3188 1531 3273 1576 est
3305 1523 3447 1593 quod
3482 1537 3616 1577 con-

2043 1617 2286 1664 vertatur
2332 1627 2346 1663 :
2390 1612 2610 1681 quando
2656 1623 2836 1666 autem
2888 1613 3096 1667 malitia
3151 1614 3389 1685 repletur
3426 1614 3613 1678 homo,

2045 1712 2173 1759 tunc
2214 1705 2538 1775 derelinquit
2567 1720 2689 1761 eum
2723 1705 2862 1763 Deus
2895 1719 3115 1779 propter
3152 1712 3346 1765 malam
3373 1711 3490 1782 ejus
3517 1728 3614 1767 v0-

2040 1792 2321 1849 luntatetn.
2361 1794 2568 1852 Dicitur
2615 1809 2794 1853 autem
2843 1798 3004 1855 homo
3044 1808 3102 1854 ut
3145 1815 3346 1866 caecus,
3372 1804 3613 1873 privatus

350 1876 827 1949 nya'raltprtdust
859 1881 956 1951 μὲν
992 1882 1156 1936 αὐτὸν
1184 1886 1212 1937 6
1250 1884 1384 1949 Θεὸς
1422 1885 1512 1941 διὰ
1554 1887 1655 1959 τὴν
1690 1889 1931 1961 πονηρὰν

2040 1887 2222 1941 divino
2238 1887 2466 1956 lumine,
2492 1888 2543 1943 in
2577 1889 2812 1945 tenebris
2838 1890 3056 1946 malitiae
3080 1893 3379 1961 ambulare,
3415 1907 3468 1951 et
3492 1907 3615 1952 lunt:

351 1968 520 2023 αὐτοῦ
551 1973 893 2042 προαίρεσιν·
924 1975 1146 2047 λέγεται
1175 1976 1232 2031 δὲ
1262 1978 1292 2030 6
1317 1977 1608 2050 ἄνθρωπος
1637 1981 1714 2046 ώς
1738 1983 1962 2053 τυφλὸς

348 2062 581 2132 διάγειν,
616 2064 900 2136 στερηθεὶς
922 2067 1017 2121 τοῦ
1045 2069 1190 2123 θείου
1217 2071 1419 2140 φωτὸς,
1446 2074 1540 2127 καὶ
1567 2074 1628 2127 ὲν
1646 2075 1726 2146 τῷ
1753 2077 1936 2132 σκότει

347 2155 451 2225 τῆς
478 2154 756 2227 ἁμαρτίας
781 2159 1128 2229 περιπατῶψ
1161 2163 1256 2216 καὶ
1276 2162 1461 2220 λοιπὸν
1488 2164 1760 2235 τύφλωσις
1787 2168 1937 2239 αὐτῷ

348 2244 499 2299 δοκεῖ
528 2248 563 2317 ἠ
591 2248 688 2302 τοῦ
720 2248 866 2303 θείου
893 2251 1071 2320 φωτὸς
1098 2253 1357 2309 ἀπουσίω
1392 2259 1490 2311 καὶ
1520 2258 1778 2331 πώρωσις
1801 2278 1939 2333 καρς

348 2334 491 2401 δίας,
522 2338 556 2407 ἡ
597 2339 853 2410 στέρησις
887 2340 982 2394 τοῦ
1034 2340 1182 2396 θείου
1212 2342 1376 2414 λόγου
1417 2347 1513 2401 τοῦ
1559 2348 1660 2414 τὰς
1708 2352 1937 2422 καρδίας

347 2424 459 2477 τῶν
488 2426 906 2500 ὑποδεχομένων
938 2431 1103 2488 αὐτὸν
1141 2435 1531 2506 μαλάττοντος.
1576 2437 1934 2511 Τετύφλωται

348 2515 540 2571 λοιπὸν
585 2521 615 2573 6
672 2521 748 2591 μὴ
792 2524 1232 2596 παραδεχόμενος
1264 2527 1402 2594 ὅλως
1433 2531 1628 2585 ἀκτῖνα
1659 2532 1755 2586 τοῦ
1789 2532 1934 2590 θείου

347 2608 510 2679 λόγου
558 2617 654 2668 καὶ
697 2618 1028 2687 πεπώρωται
1075 2620 1104 2673 6
1156 2621 1232 2692 μὴ
1275 2621 1368 2676 τὸν
1417 2622 1760 2695 μαλάττοντα
1834 2628 1936 2693 τὰς

351 2702 584 2775 καρδίας
613 2704 772 2775 λόγον
805 2706 974 2762 θέλων
998 2709 1377 2780 ὲνωτίσασθαι,
1411 2714 1506 2768 καὶ
1540 2715 1676 2780 ὅλως
1704 2719 1738 2787 ἡ
1764 2718 1937 2771 ἀπου-

350 2795 447 2848 σία
468 2795 563 2848 τοῦ
587 2796 727 2851 θεοῦ
753 2799 946 2868 τυφλοῖ
962 2801 1057 2855 καὶ
1082 2803 1341 2869 σκοτίξει.
1365 2805 1537 2860 Ὅταν
1555 2803 1650 2862 οὖν
1672 2809 1933 2882 ἀκούσῃς,

347 2884 436 2938 ὅτι
464 2886 720 2955 τυφλοῖό
744 2887 900 2955 Θεὸς,
947 2889 1091 2944 οὕτω
1132 2892 1264 2959 νόει,
1308 2895 1391 2948 ὃτι
1438 2895 1518 2967 τῷ
1573 2897 1648 2970 μὴ
1682 2902 1937 2971 παρεῖναι

349 2978 569 3046 τυφλοῖ.
601 2979 666 3033 El
706 2979 813 3052 γὰρ
855 2982 1039 3054 παρῆν
1088 2983 1241 3049 Θεὸς,
1291 2986 1391 3041 οὐκ
1426 2988 1492 3043 ἂν
1540 2990 1881 3063 τετύφλωται
1907 2996 1936 3047 6

345 3070 664 3142 ἄνθρωπος.
688 3074 750 3127 Εἰ
772 3069 842 3146 ἧν
859 3075 1037 3146 ἥλιος,
1067 3077 1168 3132 οὐκ
1190 3078 1256 3133 ἂν
1282 3081 1493 3135 σκοτία⁶
1523 3084 1619 3138 νῦν
1647 3084 1705 3139 δὲ
1731 3088 1759 3140 6
1783 3086 1935 3159 ἤλιος

2040 1979 2256 2033 tacitas
2285 1977 2494 2034 videtur
2523 1981 2570 2034 ei
2598 1980 2761 2035 divini
2794 1980 3010 2037 luminis
3046 1984 3316 2050 absentia,
3349 2000 3403 2042 et
3430 1991 3610 2042 cordis

2039 2067 2276 2135 etecitas,
2304 2068 2531 2138 privatio
2560 2070 2726 2126 divini
2751 2072 2925 2138 verbi,
2952 2074 3093 2144 quod
3124 2077 3287 2131 corda
3310 2079 3613 2147 suscipien-

2042 2161 2174 2214 tium
2219 2160 2438 2215 mulcet.
2488 2162 2805 2218 Excmcatur
2842 2175 3255 2236 consequenter,
3289 2170 3377 2237 qui
3432 2172 3613 2228 nullos

2040 2252 2265 2324 suscipit
2304 2254 2485 2309 radios
2515 2256 2683 2311 divini
2721 2258 2905 2327 Verbi;
2947 2270 3002 2316 et
3032 2259 3317 2317 induratus
3368 2274 3470 2327 est,
3513 2268 3605 2335 qui

2038 2356 2341 2399 sermonem
2394 2346 2558 2402 corda
2604 2347 2931 2405 mollientem
2985 2354 3265 2423 suscipere
3318 2371 3421 2409 non
3478 2358 3608 2421 vult,

2036 2444 2093 2491 et
2149 2436 2371 2492 omnino
2420 2438 2663 2495 absentia
2717 2440 2808 2497 Dei
2861 2454 3098 2500 θεύεται
3151 2455 3206 2501 et
3262 2448 3608 2505 ohtcnebrat.

2035 2523 2171 2581 Cum
2227 2527 2391 2599 igitur
2440 2529 2679 2587 audieris
2725 2531 2866 2601 quod
2912 2543 3148 2589 excaecet
3195 2531 3361 2600 Deus,
3409 2538 3488 2590 sic
3523 2538 3608 2590 itt-

2039 2618 2239 2688 tellige,
2270 2622 2412 2692 quod
2434 2630 2667 2677 exca'cet
2692 2639 2815 2678 cum
2847 2639 3083 2694 prtesens
3114 2643 3217 2682 non
3252 2627 3342 2682 sit.
3374 2629 3431 2684 Si
3465 2632 3608 2684 enim

2038 2712 2298 2768 adfuisset
2347 2713 2511 2779 Deus,
2572 2728 2682 2769 non
2719 2726 3026 2773 excaecatus
3078 2717 3271 2773 fuisset
3318 2720 3498 2775 homo.
3553 2720 3611 2776 Si

2037 2813 2156 2861 erat
2186 2804 2288 2872 sol,
2342 2821 2445 2861 non
2503 2806 2689 2878 utique
2733 2819 2889 2863 erant
2922 2808 3178 2865 tenebrae.
3218 2810 3374 2868 Nunc
3430 2829 3609 2869 autem

2035 2898 2116 2953 sol
2151 2897 2279 2953 facit
2324 2909 2561 2963 noctem,
2609 2901 2702 2955 sed
2750 2916 2858 2972 quo
2887 2904 3080 2973 pacto?
3112 2902 3385 2963 Occidens
3412 2925 3425 2962 :
3457 2909 3524 2962 ita
3557 2925 3612 2963 Cl.

2036 2989 2176 3046 Dcus
2203 3006 2376 3046 caecos
2417 2991 2545 3048 facit
2575 2990 2843 3061 homines,
2880 3012 3002 3050 cum
3038 3013 3141 3052 non
3180 2998 3462 3063 adesteis.
3493 3000 3607 3056 Non

2036 3083 2187 3138 adest
2237 3095 2413 3139 autem
2451 3096 2669 3156 propter
2709 3086 2922 3141 illorum
2977 3089 3261 3157 malitiam,
3299 3103 3354 3147 et
3385 3101 3509 3149 tunc
3553 3107 3611 3148 ut

349 3162 635 3233 ποιεῖτὴν
662 3163 858 3219 νύκτα.
917 3166 1082 3221 Ἀλλὰ
1114 3170 1268 3238 πῶς;
1304 3172 1595 3242 Δυόμενος.
1650 3174 1805 3230 Οὕτω
1839 3179 1931 3232 καὶ

2037 3174 2163 3231 0ωεὶ
2199 3185 2445 3245 peccant,
2485 3192 2588 3232 non
2622 3192 2681 3233 se
2731 3188 3133 3248 convertentes,
3169 3195 3223 3239 et
3255 3183 3457 3255 absque
3485 3202 3607 3242 cor-

345 3256 377 3307 6
408 3254 542 3319 Θεδς
579 3257 818 3326 τυφλοὺς
865 3263 1009 3314 ποιεῖ
1042 3261 1171 3326 τοὺς
1216 3262 1538 3335 ἀνθρώπους
1576 3266 1656 3338 τῷ
1682 3268 1756 3340 μὴ
1787 3286 1931 3341 παρ-

346 3350 491 3403 εῖναι
521 3349 726 3416 αὐτοῖς.
762 3352 838 3406 Οὐ
868 3352 1101 3423 πάρεστι
1131 3353 1189 3409 δὲ
1229 3355 1319 3409 διὰ
1342 3356 1444 3428 τὴν
1500 3359 1680 3413 αὐτῶν
1702 3362 1925 3429 κακίαν,

348 3443 450 3496 καὶ
490 3440 682 3497 ἔκτοτε
724 3444 801 3508 ὡς
840 3446 1036 3515 τυφλοὶ
1074 3448 1468 3519 ἀμετάστροφα
1515 3451 1924 3523 ἁμαρτάνουσι,

350 3533 447 3586 καὶ
485 3533 791 3606 ἀδιόρθωτα
824 3540 1279 3608 προσπταίουσιν.
1331 3543 1563 3613 ἰδωμεν
1614 3544 1671 3598 δὲ
1717 3546 1812 3600 καὶ
1859 3546 1930 3601 τὰ

347 3626 447 3679 τοῦ
486 3625 733 3682 Ἡσαΐου·
767 3648 786 3681 ί
824 3629 1017 3702 Κύριε,
1047 3633 1128 3696 τίς
1159 3633 1449 3688 ἐπίστευσε
1477 3639 1544 3707 τῇ
1576 3637 1711 3710 ἀκοῇ
1740 3639 1927 3710 ἡμῶνς

347 3717 477 3770 ἀντὶ
503 3718 621 3784 τοῦ,
655 3721 830 3785 οὐδεὶς
861 3724 1171 3779 ἐπίστευσε.
1198 3725 1272 3779 Τὸ
1299 3726 1431 3798 γὰρ,
1475 3746 1493 3780 ι
1533 3729 1641 3795 τίς,
1675 3748 1695 3782 ι
1732 3731 1931 3785 πολλα-

346 3810 447 3881 χοῦ
486 3812 588 3880 τῆς
632 3814 889 3887 Γραφῆς,
937 3817 1060 3870 ἀντὶ
1096 3817 1214 3885 τοῦ,
1259 3818 1458 3885 οὐδεὶς,
1495 3824 1693 3878 κεῖται.
1741 3824 1829 3889 Ὠς
1862 3826 1928 3879 ἐκ

348 3903 646 3974 προσώπου
670 3906 726 3960 δὲ
769 3906 861 3962 τοῦ
904 3908 1146 3978 Χριστοῦ
1180 3906 1304 3964 εἷπε
1345 3909 1503 3965 τοῦτο
1532 3911 1562 3964 6
1602 3915 1921 3986 προφήτης,

345 3992 604 4061 λέγοντος
657 3995 860 4070 δηλαδὴ
903 3997 1000 4052 τοῦ
1057 3997 1300 4072 Χριστοῦ
1344 4000 1485 4072 πρὸς
1530 4001 1624 4055 τὸν
1673 4005 1922 4076 Πατέρα⁸

353 4102 376 4138 ι
410 4084 609 4157 Κύριε,
642 4087 724 4151 τίς
755 4084 1045 4142 ἐπίστευσε
1086 4091 1155 4162 τῇ
1183 4091 1321 4163 ἀκοῇ
1359 4092 1550 4163 ἠμῶν;
1598 4111 1617 4145 ι
1661 4094 1781 4148 ἀντὶ
1804 4095 1920 4162 τοῦ,

350 4175 543 4242 Οὐδεὶς
574 4179 864 4233 ἐπίστευσε
892 4181 971 4251 τῷ
1001 4181 1143 4253 λόγῳ
1173 4181 1351 4253 ἡμῶν,
1384 4184 1478 4238 καὶ
1502 4182 1579 4256 τῷ
1604 4186 1921 4258 κηρύγματί

2039 3267 2276 3324 rectione
2340 3268 2713 3338 prolabuntur.
2771 3269 3064 3330 Videamus
3105 3286 3286 3332 autem
3336 3288 3390 3335 et
3454 3280 3609 3337 Isaia:

2037 3359 2203 3425 dicta,
2238 3376 2259 3410 ι
2295 3357 2552 3424 Domine,
2585 3362 2707 3430 quis
2732 3363 2960 3418 credidit
3005 3367 3211 3425 auditui
3247 3371 3469 3427 nostro?
3506 3373 3608 3429 hcc

2032 3458 2135 3513 est,
2176 3451 2349 3507 nullus
2380 3452 2632 3508 credidit.
2670 3453 2803 3521 Quis
2836 3457 2981 3511 enim
3025 3474 3169 3531 saepe
3216 3462 3270 3517 in
3317 3464 3598 3531 Scriptura

2037 3543 2285 3612 usurpari
2312 3544 2450 3600 solet
2483 3562 2580 3618 pro
2608 3545 2794 3604 Nullus
2820 3567 2834 3604 :
2863 3553 3018 3621 quasi
3040 3567 3102 3608 ex
3140 3569 3369 3625 persona
3400 3554 3600 3614 Christi

2036 3634 2139 3689 ltoc
2171 3635 2322 3690 dicat
2352 3639 2633 3708 propheta,
2664 3641 2880 3697 dicente
2914 3643 3134 3702 Christo
3163 3648 3378 3703 scilicet
3409 3652 3473 3704 ad
3500 3649 3606 3707 Pa-

2041 3735 2176 3780 trem
2214 3744 2228 3781 :
2273 3745 2292 3778 ι
2333 3727 2582 3797 Domine,
2623 3734 2749 3801 quis
2781 3733 3013 3790 credidit
3038 3737 3244 3794 auditui
3280 3750 3467 3797 nostro
3514 3761 3528 3799 :
3578 3764 3600 3796 ι

2035 3833 2153 3888 pro,
2183 3818 2374 3875 Nullus
2407 3822 2637 3879 credidit
2668 3827 2906 3883 sermoni
2933 3840 3118 3886 nostro
3151 3841 3206 3888 et
3235 3835 3603 3901 praedicationi

2032 3922 2185 3964 mete.
2226 3908 2669 3969 Praedicationem
2725 3917 2965 3973 auditum
3014 3921 3330 3979 nominavit.
3369 3924 3606 3995 Etenim,

2035 4016 2056 4052 ι
2080 3998 2211 4067 Quae
2236 4002 2413 4059 audivi
2451 4017 2482 4061 a
2511 4004 2671 4062 Patre
2706 4022 2849 4074 meo,
2894 4011 3086 4081 inquit,
3121 4014 3209 4069 illa
3233 4016 3369 4084 :dico
3396 4018 3461 4075 ³³.
3494 4037 3513 4071 ι
3536 4049 3605 4060 -

2036 4110 2056 4145 ι
2084 4092 2152 4148 Εῑ
2180 4092 2460 4150 brachium
2479 4108 2657 4154 autem
2679 4099 2763 4155 cui
2797 4103 3087 4159 revelatum
3106 4109 3286 4164 est“?
3314 4129 3332 4162 ι
3361 4110 3464 4167 hoc
3497 4123 3602 4178 est,

2033 4185 2236 4244 Potens
2273 4190 2550 4260 signorum
2586 4194 2778 4264 virtus,
2817 4213 2975 4268 quam
3018 4202 3299 4260 brachium
3339 4192 3602 4270 nominat,

351 4284 492 4337 μουο
520 4270 661 4341 ὅπερ
688 4273 951 4343 κήρυγμα
982 4274 1153 4340 ἀκοὴν
1180 4273 1452 4346 ὠνόμασε.
1490 4277 1600 4330 Καὶ
1635 4279 1766 4349 γὰρ,
1799 4297 1820 4332 ι
1853 4281 1923 4334 Ἀ

2036 4281 2162 4337 nulli
2211 4283 2543 4354 ingratorum
2601 4284 2911 4346 Judaeorum
2967 4295 3257 4350 revelatum
3308 4305 3390 4353 est
3436 4316 3452 4354 :
3504 4304 3601 4358 sed

348 4362 563 4432 ἥκουσα
593 4364 747 4434 παρά
772 4364 867 4418 τοῦ
892 4366 1104 4438 Πατρός
1129 4384 1255 4439 μου,
1288 4369 1473 4439 φησὶν,
1501 4372 1685 4425 ἐκεῖνα
1706 4372 1868 4443 λέγω.
1895 4392 1915 4428 ι

2031 4385 2087 4432 et
2119 4390 2203 4432 me
2231 4385 2339 4433 tam
2371 4378 2535 4433 multa
2572 4380 2723 4452 signa
2756 4380 3044 4441 facientem
3078 4388 3503 4446 calumniantur.

346 4496 415 4506 --
446 4483 467 4516 ε
512 4465 621 4519 Καὶ
652 4466 682 4518 6
733 4463 972 4537 βραχίων
1020 4466 1077 4520 δὲ
1110 4467 1218 4521 τίνι
1257 4469 1654 4542 ἀπεκαλύφθη;
1696 4489 1716 4524 ι
1762 4474 2096 4543 τουτ-έστιν,
2144 4475 2210 4529 Ἦ
2251 4473 2453 4548 δυνατὴ
2486 4476 2594 4531 τῶν
2640 4479 2885 4550 σημείων
2918 4483 3202 4553 ἐνέργεια,
3237 4488 3299 4558 ἢν
3339 4488 3602 4561 βραχίονα

345 4553 630 4622 ὀνομάζει,
686 4554 865 4609 οὐδενὶ
944 4557 1306 4630 ἀπεκαλύφθη
1361 4557 1471 4613 τῶν
1538 4560 1870 4634 ἀγνωμόνων
1936 4564 2206 4621 Ἰουδαίων
2240 4580 2255 4597 ⁸
2296 4566 2435 4622 ἀλλὰ
2489 4567 2584 4622 καὶ
2648 4570 2885 4627 τοσαῦτα
2951 4578 3153 4648 σημεῖα
3199 4553 3481 4637 πόιοόᾆτέῖ
3533 4603 3603 4656 με

347 4652 770 4722 συκοφαντοῦσι.

427 4767 447 4799 ι
482 4748 670 4802 mm
699 4744 852 4803 εἷπεν
888 4749 1141 4816 Ἠσαίας,
1173 4751 1263 4806 ὅτε
1293 4747 1403 4807 εἶδε
1426 4752 1524 4826 τὴν
1552 4753 1708 4821 δόξαν
1741 4758 1929 4828 αὐτοῦ,

2111 4762 2279 4821 Vsus.
2329 4765 2522 4822 41-43.
2576 4787 2596 4820 ι
2642 4768 2766 4826 llaec
2806 4770 2949 4851 dixit;
3001 4769 3170 4830 Isaias
3207 4776 3422 4845 quando
3470 4780 3602 4837 vidit

348 4843 444 4896 καὶ
472 4841 708 4913 ὲλάλησε
739 4844 870 4913 περὶ
899 4842 1089 4899 αὐτοῦ.
1137 4844 1329 4916 Ὅμως
1365 4846 1549 4918 μέντοι
1582 4850 1675 4903 καὶ
1717 4851 1781 4905 ὲκ
1813 4852 1940 4910 τῶν.

345 4934 632 5006 ἀρχόντων
686 4933 873 4989 πολλοὶ
906 4937 1236 4990 ἐπίστευσαν
1287 4940 1365 5003 εἰς
1403 4940 1597 5011 ,αὐτόν’
1648 4942 1787 4997 ἀλλὰ
1835 4945 1929 5001 διά“

343 5031 473 5092 τοὺς
519 5031 849 5100 Φαρισαίους
889 5031 988 5101 οὐχ
1033 5030 1367 5102 ὡμολόγουν,
1428 5034 1516 5089 ἵνα
1559 5034 1634 5106 μὴ
1682 5037 1915 5094 ἀποσυν-

345 5124 560 5190 άγωγοι
582 5123 874 5192 γένωνται.
894 5124 1218 5196 Ὴγάπησαν
1249 5124 1358 5196 γὰρ
1383 5125 1478 5198 τὴν
1506 5127 1663 5193 δόξαν
1695 5129 1803 5183 τῶν
1825 5131 1922 5184 ἀν-

345 5215 583 5286 θρώπων
606 5215 807 5286 μᾶλλον
824 5217 967 5289 ἢπερ
982 5218 1081 5288 τὴν
1098 5216 1255 5283 δόξαν
1271 5217 1363 5271 τοῦ
1386 5218 1543 5273 Θεοῦ.
1571 5239 1590 5274 ι
1608 5251 1675 5262 —
1700 5240 1719 5273 ι
1739 5222 1922 5276 Ταῦτα

343 5303 502 5361 εἶπεν
539 5306 790 5374 Ἠσαίας,
835 5312 926 5364 ὅτε
958 5305 1067 5364 εἶδε
1097 5311 1197 5379 τὴν
1225 5310 1382 5376 δόξαν
1414 5312 1577 5367 αὐτοῦ
1602 5315 1734 5386 (52).
1775 5334 1793 5366 ι
1826 5314 1923 5369 Τί-

345 5419 472 5469 vo;;
504 5401 613 5454 Τοῦ
643 5402 798 5468 Υίοῦ,
851 5405 1027 5458 καίτοι
1060 5404 1155 5459 τοῦ
1187 5406 1398 5478 Πατρός
1440 5406 1541 5479 τὴν
1577 5407 1733 5473 δόξαν
1777 5408 1927 5462 δοκεῖ

347 5494 501 5557 ίδεῑν,
540 5494 664 5548 ὅσον
693 5494 801 5549 ἀπὸ
838 5495 939 5566 τῆς
984 5496 1343 5563 ἀκολουθίας,
1381 5499 1410 5552 6
1442 5499 1749 5570 προφήτης.
1809 5498 1925 5555 Ἐν-

416 5637 467 5667 ¹³
496 5636 653 5691 Juan.
685 5652 775 5704 xv,
804 5638 891 5692 15.
995 5639 1041 5670 ’⁵
1065 5637 1223 5695 Joan.
1258 5654 1358 5707 xu,
1383 5638 1473 5693 58.

2031 4855 2258 4926 gloriam
2308 4857 2444 4929 ejus,
2487 4869 2543 4916 et
2594 4859 2807 4919 locutus
2842 4872 2927 4919 est
2978 4863 3045 4920 de
3082 4879 3168 4921 eo.
3220 4864 3601 4926 Verumtamen

2030 4948 2192 5003 etiam
2213 4962 2280 5005 ex
2316 4951 2649 5021 principibus
2665 4954 2820 5010 multi
2852 4957 3200 5013 crediderunt
3230 4959 3286 5014 in
3304 4976 3424 5016 eum
3456 4980 3472 5020 :
3501 4964 3597 5020 sed

2030 5052 2249 5111 propter
2268 5041 2574 5101 Pharisaeos
2593 5061 2697 5103 non
2722 5047 3137 5117 conﬁtebantur,
3167 5068 3234 5108 ne
3258 5066 3289 5107 e
3316 5052 3601 5127 Syuagoga

2027 5132 2368 5198 ejicereutur.
2400 5133 2715 5192 Dilexerunt
2737 5139 2881 5194 enim
2911 5139 3139 5210 gloriam
3170 5142 3449 5200 hominum
3482 5162 3596 5203 ma.

2025 5223 2106 5291 gis
2132 5239 2291 5301 quam
2319 5224 2541 5294 gloriam
2562 5228 2679 5284 Dei.
2716 5248 2837 5284 ι-ι
2872 5230 2999 5287 Haec
3028 5232 3164 5288 dixit
3196 5235 3359 5291 Isaias
3380 5240 3596 5306 quando

2026 5316 2160 5369 vidit
2194 5316 2420 5387 gloriam
2447 5320 2583 5390 ejus.
2625 5340 2646 5374 ι
2699 5323 2898 5394 Cujus?
2930 5323 3077 5390 Filii,
3122 5329 3369 5395 quantivis
3414 5329 3592 5386 Patris

2026 5409 2248 5480 gloriam
2320 5414 2566 5469 videatur
2620 5410 2894 5484 spectare,
2947 5418 3101 5486 juxta
3147 5425 3590 5493 consequentiam

2024 5502 2337 5573 prophetiae.
2372 5504 2484 5562 Hoc
2509 5514 2686 5564 autem
2718 5510 2836 5567 loco
2864 5511 3194 5584 evangelista
3219 5514 3445 5585 gloriam
3475 5517 3594 5574 Filii

1308 5762 1395 5820 Ex
1448 5760 1792 5825 collatione
1825 5763 2011 5826 codd.
2050 5767 2276 5828 Venet.
2313 5767 2376 5829 S.
2402 5770 2622 5832 Marci.

419 5860 534 5935 (52)
578 5861 709 5919 Cod.
768 5864 839 5917 26
897 5862 1084 5920 addit:
1126 5864 1219 5918 καὶ
1264 5864 1492 5936 ὲλάλησε
1538 5869 1664 5940 περὶ
1697 5868 1884 5939 αὐτοῦ,

2036 5913 2041 5926 .
2071 5873 2396 5931 mentionem
2433 5872 2556 5932 fecit
2576 5873 2715 5947 ejus.
2753 5897 2772 5932 ι

676 5954 949 6018 Parnm.
994 5956 1108 6021 Gn.
1162 5954 1442 6022 CXXIV.
