4060 6572
480 379 582 447 139

1322 379 1901 442 THEOPHYLACTI
1942 378 2354 442 BULGARLE
2388 380 2742 442 ARCHIEP.

3639 375 3744 439 150

478 493 612 549 dicit
636 490 834 547 vidisse
879 488 1072 545 Isaiam
1101 506 1114 545 :
1148 487 1351 545 Paulus
1375 500 1552 546 autem
1585 490 1899 560 Spiritus".
1936 490 2050 546 Una

2162 492 2332 548 ταῦοα
2353 493 2408 547 δὲ
2430 494 2458 546 6
2487 491 2881 561 εύαγγελιστὶις
2905 490 3063 555 δόξαν
3089 489 3181 542 τοῦ
3213 488 3366 553 Υίοῦ,
3393 488 3576 558 φησὶν,
3614 488 3743 540 ἰδεῖν

476 584 643 656 igitur
668 582 835 655 gloria
859 589 1059 637 sanctae
1090 578 1376 635 Trinitatis
1402 597 1415 634 :
1448 590 1500 635 et
1522 595 1642 650 qua:
1667 578 1864 645 Patris,
1886 579 2048 633 etiam

474 674 598 731 Filii
634 684 715 731 est
752 690 766 729 :
810 682 863 727 et
914 687 1035 743 quae
1088 671 1238 738 Filii,
1270 672 1436 744 682
1467 674 1629 727 etiam
1667 672 1900 741 Spiritus
1947 682 2049 729 est.

476 768 715 823 Gloriam
747 774 928 820 autem
988 764 1119 820 dicit
1157 766 1358 820 vidisse
1400 764 1613 829 Isaiam,
1658 763 1860 817 iunium
1898 762 2046 816 illum

478 863 569 932 qui
600 858 871 929 apparuit,
903 856 1193 927 Seraphin,
1227 859 1511 921 carbones,
1546 856 1738 922 altare,
1771 856 2050 911 thronum.

476 951 627 1008 Vidit
679 953 846 1023 igitur
901 950 1070 1006 Isaias
1118 953 1258 1005 hanc
1306 949 1559 1021 gloriam,
1607 961 1663 1004 et
1706 949 1918 1004 locutus
1963 959 2046 1003 est

478 1047 543 1100 de
575 1046 690 1112 illo,
743 1043 881 1099 Filio
930 1043 1205 1099 videlicet.
1244 1044 1381 1110 Quid
1414 1054 1593 1097 autem
1627 1042 1839 1097 locutus
1869 1050 1955 1095 est
1987 1042 2056 1097 de

475 1138 605 1192 illo?
643 1137 714 1191 Ea
770 1152 893 1205 qua:
928 1151 1092 1208 supra
1142 1137 1305 1190 dicta.
1347 1154 1365 1187 ι
1422 1133 1575 1202 Quod
1609 1135 1897 1189 exemerit
1932 1132 2051 1188 illo-

476 1230 821 1297 rum'oculos,
854 1239 908 1285 et
936 1229 1204 1284 iudurarit
1225 1229 1387 1283 corda
1422 1228 1660 1284 illorum.
1694 1246 1712 1280 ι
1744 1226 2056 1297 Assignavit

474 1334 657 1378 autem
713 1321 1046 1393 evangelista
1121 1321 1264 1393 quod
1321 1340 1339 1373 ι
1397 1335 1463 1375 ex
1517 1320 1852 1391 principibus
1900 1317 2055 1372 multi

475 1415 811 1471 crediderint
846 1415 898 1469 iu
953 1413 1127 1478 illum,
1168 1431 1186 1464 ι
1226 1413 1520 1467 ostendens
1560 1410 1703 1480 quod
1739 1420 1794 1466 et
1842 1410 1897 1465 in
1954 1410 2056 1463 hoc

476 1506 688 1563 mentiti
731 1506 840 1562 siut
872 1503 1154 1572 Pharisaei,
1200 1507 1442 1561 dicentes
1474 1522 1487 1559 :
1533 1521 1551 1554 ι
1581 1501 1720 1557 Num
1751 1504 1873 1573 quis
1907 1500 2058 1572 prin-

477 1602 653 1671 cipum
687 1600 917 1656 credidit
945 1600 996 1654 in
1029 1599 1218 1654 illum?
1250 1617 1269 1649 ι
1313 1598 1451 1654 Ecce
1480 1616 1499 1651 ι
1532 1597 1685 1652 multi
1709 1598 2059 1653 crediderunt

478 1694 637 1749 etiam
663 1691 992 1763 principum,
1022 1692 1116 1748 sed
1145 1701 1360 1763 propter
1378 1691 1679 1746 Pharisaeos
1705 1706 1810 1745 non
1832 1691 2052 1745 conﬁte-

478 1788 699 1840 bantur.
738 1785 1056 1839 Dilexerunt
1103 1785 1248 1839 enim
1292 1782 1857 1856 gloriamhominum.
1890 1803 1908 1836 ι
1946 1783 2059 1839 Hoc

481 1887 659 1932 autem
705 1876 957 1932 Christus
1014 1877 1094 1933 eis
1150 1877 1397 1948 praedixit
1425 1878 1521 1933 ’δε
1561 1896 1579 1930 ι
1610 1877 1889 1945 Quomodo
1951 1891 2050 1946 po-
2091 1863 2131 1919 Β

481 1971 637 2026 testis
669 1971 913 2036 credere,
949 1970 1174 2040 gloriam
1226 1970 1295 2025 ab
1349 1969 1660 2025 hominibus
1707 1969 2056 2038 accipientes,

478 2074 533 2118 et
568 2064 795 2135 gloriam
857 2079 885 2116 a
936 2062 1047 2117 Deo
1093 2062 1209 2117 solo
1258 2070 1379 2117 non‘
1410 2061 1756 2131 qurere-mes?
1792 2079 1811 2111 ι
1868 2059 2058 2130 Itaque

479 2156 811 2226 evangelista
857 2157 1093 2211 ostendit
1139 2155 1242 2210 hoc
1292 2154 1371 2209 eis
1422 2154 1674 2209 accidere
1730 2155 1871 2222 quod
1930 2161 2059 2207 ante

480 2252 730 2323 praedixit
764 2251 842 2305 eis
873 2250 1147 2306 Christus.
1182 2248 1275 2304 Sic
1303 2263 1434 2319 ergo
1482 2262 1587 2302 non
1644 2244 1865 2300 fuerunt
1909 2245 2057 2316 prin-

481 2344 655 2411 cipes,
716 2343 807 2397 sed
840 2343 1004 2407 servi,
1058 2351 1359 2396 extremam
1416 2341 1845 2410 vilissimamque
1887 2340 2057 2393 servi-

479 2446 650 2490 tutem
707 2434 1026 2490 servientes.
1066 2432 1141 2487 Ex
1180 2434 1285 2488 hoc
1315 2433 1465 2487 disce
1512 2430 1657 2501 quod
1689 2447 1837 2485 vana:
1872 2431 2057 2502 gloriae

477 2540 714 2585 sectator
741 2544 933 2584 servus
961 2537 1043 2583 est
1076 2537 1129 2583 et
1164 2527 1580 2597 ignominiosus.

552 2805 720 2861 Vens.
755 2802 847 2867 44,
876 2802 967 2858 45.
1004 2820 1022 2853 ι
1051 2800 1205 2857 Jesus
1237 2810 1414 2855 autem
1452 2798 1726 2866 clamavit,
1778 2808 1833 2853 et
1878 2798 2052 2853 dixit:

479 2897 580 2966 Qui
627 2895 797 2950 credit
835 2894 1025 2959 inme,
1072 2907 1179 2947 non
1224 2891 1397 2945 credit
1446 2890 1501 2945 in
1541 2904 1649 2955 me,
1684 2890 1778 2945 sed
1829 2890 1882 2944 in
1932 2904 2054 2944 cum

478 2992 570 3060 qui
628 2988 777 3043 misit
841 3002 950 3041 tne.
1006 2983 1072 3038 Et
1120 2983 1212 3052 qui
1265 2982 1411 3037 videt
1452 2996 1557 3049 me,
1607 2980 1754 3037 videt
1798 2997 1918 3036 cum
1964 2983 2053 3052 qui

479 3082 629 3138 misit
665 3096 768 3135 me.
808 3098 829 3133 ι
865 3078 1169 3133 Occultavit
1189 3076 1405 3147 quidem
1437 3089 1497 3130 se
1528 3076 1837 3146 addempus
1874 3072 2052 3140 Jesus,

477 3162 978 3245 cedens'paulisper
1005 3173 1073 3225 oh
1101 3171 1236 3224 iram
1263 3169 1590 3225 Judteorum.
1630 3168 1830 3222 lterum
1869 3180 2045 3223 autem

478 3273 775 3337 comparet,
826 3279 891 3319 ac
925 3264 1123 3319 clamat
1174 3262 1343 3316 libere
1391 3272 1444 3316 et
1476 3260 1710 3330 publice.
1742 3259 2049 3316 Ostendeus

479 3370 659 3417 autem
714 3358 1111 3429 «semetipsum
1162 3356 1425 3426 aequalem
1479 3355 1627 3411 Patri
1666 3355 1732 3422 ",
1790 3375 1808 3409 ι
1861 3364 1914 3409 et
1948 3355 2058 3410 Deo

482 3466 587 3508 non
640 3451 996 3517 contrarium,
1047 3448 1204 3514 dixit,
1264 3466 1283 3501 ι
1344 3448 1443 3525 Qui
1494 3449 1670 3504 credit
1717 3449 1768 3503 iu
1809 3463 1914 3515 me,
1949 3463 2056 3503 non

481 3544 653 3599 credit
686 3544 739 3597 in
781 3557 889 3609 me,
922 3540 1017 3596 sed
1057 3541 1110 3595 iu
1165 3555 1288 3596 eum
1336 3541 1428 3611 qui
1471 3540 1617 3595 misit
1676 3554 1782 3606 me,
1840 3557 1858 3591 ι
1903 3540 2056 3608 quasi

481 3639 581 3692 hoc
633 3636 818 3691 dicens
860 3654 871 3690 :
910 3633 1050 3700 Quid
1095 3631 1353 3688 timuistis
1397 3631 1618 3686 credere
1669 3628 1722 3684 in
1757 3630 1882 3685 me?
1928 3630 2060 3685 lides

478 3729 568 3784 illa
600 3743 719 3799 quae
756 3734 843 3782 est
871 3726 925 3780 in
957 3740 1063 3791 me,
1099 3725 1165 3778 ad
1196 3723 1415 3779 Patrem
1462 3737 1643 3778 meum
1677 3723 1894 3777 transit.
1928 3720 2059 3776 Vide

481 3829 661 3876 autem
715 3828 772 3874 et
824 3816 1093 3872 sermonis
1152 3814 1502 3869 evidentiam.
1548 3813 1665 3868 Non
1725 3813 1900 3878 dixit,
1954 3810 2055 3878 Qui

478 3912 652 3968 credit
686 3912 842 3979 mihi,
908 3911 1025 3977 Sed,
1063 3927 1081 3961 ι
1117 3909 1206 3978 qui
1242 3908 1417 3963 credit
1446 3909 1499 3962 in
1528 3922 1634 3974 me,
1668 3924 1687 3959 ι
1724 3906 1867 3976 quod
1899 3904 2059 3960 iidem

484 4006 539 4060 in
581 4003 749 4058 Deum
783 4001 1072 4070 signiticet.
1130 3998 1290 4053 Aliud
1338 3998 1485 4053 enim
1541 4006 1628 4052 est
1672 3996 1900 4051 credere
1945 3994 2063 4050 eui-

482 4098 650 4168 piam,
683 4104 737 4149 et
770 4092 914 4147 aliud
943 4092 1170 4148 credere
1203 4091 1256 4145 in
1311 4089 1644 4159 quempiam.
1695 4089 1831 4144 Nam
1876 4089 1923 4145 is
1969 4088 2061 4159 qui

480 4190 654 4244 credit
694 4186 875 4251 alicui,
911 4192 1089 4256 potest
1117 4182 1345 4254 intelligi
1376 4182 1519 4252 quod
1554 4181 1741 4235 credat
1771 4182 1819 4236 ei
1850 4189 1908 4235 ut
1935 4194 2061 4236 vera

479 4283 680 4337 dicenti
725 4297 741 4335 :
796 4279 888 4350 qui
917 4290 1095 4334 autem
1139 4279 1311 4334 credit
1354 4277 1407 4332 in
1451 4276 1785 4347 quempiam,
1841 4276 2062 4330 omnino

480 4385 539 4431 ut
571 4376 623 4430 in
654 4374 821 4429 Deum
852 4370 1047 4425 credit.
1075 4370 1224 4439 |ldeo
1261 4379 1408 4424 recte
1443 4370 1566 4440 quis
1598 4368 1888 4423 crediderit
1930 4382 2063 4438 apo-

479 4468 658 4535 stolis,
686 4477 743 4523 at
767 4482 873 4522 non
906 4458 1033 4521 item
1064 4465 1117 4519 in
1144 4464 1443 4535 apostolos.
1476 4463 1772 4533 Eapropter
1802 4460 2061 4516 Dominus

2154 586 2247 640 τὸν
2294 585 2523 640 Ἡσαΐαν
2547 602 2558 615 ·
2592 589 2619 639 6
2647 587 2702 639 δὲ
2734 586 2967 650 Παῦλος,
2996 584 3090 636 τοῦ
3124 585 3454 652 Πνεύματος.
3500 582 3611 634 Μία
3632 581 3743 651 ἄρα

2152 683 2185 752 ἡ
2224 680 2351 745 δόξα
2399 681 2497 750 τῆς
2536 680 2698 748 ἁγίας
2733 679 2984 749 Τριδδος.
3022 679 3052 747 ἡ
3091 676 3184 729 τοῦ
3236 677 3451 743 Πατρός
3502 674 3596 733 καὶ
3644 672 3740 727 τοῦ

2156 773 2310 837 Υῐοῦ,
2334 773 2372 843 ἦ
2400 789 2459 825 τε
2491 771 2588 825 τοῦ
2614 770 2770 840 ἁγίου
2800 769 3114 838 Πνεύματός
3142 771 3277 825 ἐστι.
3309 768 3478 833 Δόξαν
3508 768 3563 820 δὲ
3593 767 3743 834 λέγει

2157 866 2287 918 ίδεῖν
2319 865 2410 919 τὸν
2450 863 2680 918 Ἡσαΐαν
2700 863 2792 917 τὸν
2818 863 3027 917 καπνὸν
3052 863 3279 924 ἐκεῖνον,
3311 860 3370 913 ὃν
3401 859 3739 928 ἐφαντὰσθη,

2153 958 2223 1010 τὰ
2255 958 2560 1029 Σεραφεὶμ,
2601 958 2729 1017 τοὺς
2766 955 3065 1027 ἄνθρακας,
3107 953 3169 1005 τὸ
3200 953 3612 1021 ουσιαστήριον,
3648 951 3743 1004 τὸν

2156 1048 2367 1118 Θρόνον.
2415 1046 2567 1107 Εἷδεν
2595 1044 2689 1101 οὖν
2718 1050 2746 1102 6
2787 1045 3014 1108 ἸΙσαῖας
3052 1045 3254 1117 ταύτην
3295 1044 3394 1115 τὴν
3428 1044 3606 1107 δύξλν,
3644 1042 3742 1095 καὶ

2156 1142 2386 1212 ἑλεὶιλησε
2419 1142 2545 1213 περὶ
2571 1141 2758 1203 αὐτοῦ,
2788 1139 2881 1194 τοῦ
2915 1138 3046 1193 Υἱοῢ
3074 1138 3298 1210 δηλαδή.
3326 1137 3392 1189 Τί
3424 1136 3479 1189 δὲ
3511 1136 3740 1206 ἐλάλησε

2159 1237 2291 1306 περὶ
2322 1236 2519 1301 animi»;
2557 1236 2638 1287 Τὰ
2678 1235 2792 1288 ἅνω
2833 1235 3131 1303 εἰρημένα·
3172 1249 3189 1283 ι
3246 1230 3367 1283 Ὅτι
3395 1230 3740 1297 τετύφλωγεν

2160 1330 2344 1384 αὐτῶν
2375 1331 2501 1391 τοὺς
2532 1326 2869 1398 ὀφθαλμοὺς,
2917 1325 3013 1378 καὶ
3057 1321 3401 1394 πεπώρωκεν
3437 1320 3616 1374 αὐτῶν
3641 1319 3743 1382 τὰς

2161 1421 2410 1494 καρδίας.
2453 1439 2471 1472 ι
2525 1417 2985 1490 Ἰδρπισημαίνεται
3025 1417 3081 1469 δὲ
3125 1417 3153 1469 6
3186 1413 3606 1482 εύαγγεὶιστῆς,
3655 1412 3740 1465 ὅτι

2167 1534 2187 1568 ι
2219 1515 2327 1569 Καὶ
2345 1516 2408 1567 ὲκ
2423 1513 2532 1567 τῶν
2552 1512 2830 1583 ἀρχόντων
2849 1510 3035 1564 πολλοὶ
3054 1510 3383 1561 ἐπίστευσαν
3402 1509 3482 1569 είς
3501 1504 3685 1566 αὐτὸν,
3712 1523 3733 1557 ι

2160 1606 2422 1660 δεικνύων
2471 1606 2553 1659 ὅτι
2584 1606 2675 1659 καὶ
2709 1606 2768 1659 εν
2817 1603 2995 1671 τούτῳ
3025 1601 3324 1670 ἐψεύσαντο
3372 1600 3418 1652 oi
3452 1600 3741 1670 Φαρισαῖοι

2162 1701 2430 1763 είπὸντεςο
2474 1717 2493 1750 t
2538 1699 2627 1769 Μή
2676 1715 2759 1759 τις
2808 1695 2919 1747 τῶν
2968 1694 3245 1765 ἀρχόντων
3296 1691 3616 1745 ἐπίστευσεν
3658 1692 3740 1753 είς

2163 1792 2355 1860 αύτύνς
2393 1811 2410 1844 ι
2451 1791 2582 1846 Ἰδοὺ
2614 1792 2721 1861 γὰρ
2749 1810 2766 1841 ι
2804 1789 2988 1843 πολλοὶ
3011 1788 3333 1841 ἐπίστευσαν
3368 1788 3458 1839 καὶ
3489 1785 3598 1837 τῶν
3635 1785 3740 1854 ἀρ-

2162 1888 2397 1957 χόντων,
2435 1886 2571 1939 ἀλλὰ
2608 1887 2694 1938 διὰ
2731 1884 2858 1944 τοὺς
2896 1883 3225 1953 Φαρισαίους
3270 1881 3367 1948 οὺχ
3399 1876 3735 1948 ὡμολόγουν.

2173 1980 2499 2052 Ἦγὰπησαν
2530 1980 2640 2048 γὰρ
2670 1977 2769 2044 τὴν
2798 1972 2954 2040 δόξαν
2998 1975 3106 2026 τὼν
3139 1972 3461 2043 ἀνθρώπων.
3504 1988 3522 2021 ι
3567 1968 3741 2021 Τοῦτο

2160 2072 2216 2126 δὲ
2245 2074 2339 2126 καὶ
2364 2071 2647 2141 ὁΧριστός
2678 2070 2861 2132 αὐτοῖς
2888 2056 3168 2135 προεῖπεν,
3202 2067 3281 2118 ὅτι
3317 2084 3335 2114 ι
3366 2062 3487 2126 Πῶς
3507 2059 3741 2115 δύνασθε

2161 2165 2461 2227 πιστεύειν,
2494 2164 2652 2230 δόξαν
2693 2162 2843 2239 παρὰ
2876 2160 3179 2231 ἀνθρώπων
3213 2156 3602 2227 λαμϐάνοντες,
3638 2154 3740 2225 τὴν

2159 2258 2215 2311 δὲ
2243 2257 2399 2323 δόξαν
2422 2257 2521 2327 τὴν
2546 2255 2698 2327 παρὰ
2727 2254 2820 2307 τοῦ
2853 2254 3015 2325 μόνου
3044 2250 3177 2304 Θεοῦ
3203 2249 3517 2321 ἀθετοῦντες
3543 2248 3677 2318 (35);
3715 2264 3734 2297 ι

2159 2351 2438 2403 Δείκνυσιν
2493 2346 2586 2403 οὖν
2640 2349 2668 2400 6
2729 2347 3123 2419 εὐαγγελιστὴς
3196 2343 3355 2398 τοῦτο
3429 2343 3739 2412 πάσχοντας

2160 2446 2380 2509 αὐτοὺς,
2433 2444 2461 2497 δ
2514 2444 2777 2514 προεῖπεν
2823 2442 3006 2502 αὐτοῖς
3040 2442 3066 2493 6
3104 2439 3358 2510 Χριστός.
3398 2435 3584 2497 Οὕτως
3632 2433 3740 2503 ἄρα

2161 2541 2261 2593 οἰκ
2292 2534 2431 2610 ἦσαν
2461 2538 2746 2608 ἄρχοντες,
2785 2534 2920 2588 ἀλλὰ
2951 2531 3149 2593 δοῦλοι,
3184 2530 3428 2583 δουλείαν
3454 2530 3550 2597 τὴν
3580 2526 3741 2603 ὲςχά-

2160 2649 2258 2702 την
2305 2628 2665 2690 δουλεύοντες.
2729 2626 2824 2678 Ἐκ
2868 2624 3062 2677 τούτου
3113 2619 3205 2676 οὖν
3243 2621 3605 2692 μανθάνομεν,
3654 2619 3739 2670 ὃτι

2160 2723 2369 2784 ἐκεῖνός
2400 2725 2513 2774 ἐστι
2537 2719 2720 2783 δοῦλος
2740 2719 2833 2771 καὶ
2853 2717 3066 2785 ἄτιμος,
3104 2719 3129 2769 6
3160 2714 3452 2784 φιλόδοξος.

2235 2814 2486 2883 «Ἰησοῦς
2521 2812 2576 2864 δὲ
2607 2811 2825 2882 ἕκραξε,
2869 2812 2963 2862 καὶ
3007 2804 3187 2860 εἶπεν·
3232 2808 3287 2858 '0
3340 2801 3609 2857 πιστεύων
3656 2799 3738 2863 είς

2159 2907 2258 2977 ἐμὲ
2294 2907 2353 2959 ού
2396 2904 2643 2958 πιστεύει
2687 2908 2764 2966 εἰς
2794 2903 2913 2971 ἐμὲ,
2948 2901 3061 2955 ἀλλ’
3090 2904 3167 2962 εἰς
3198 2900 3286 2952 τὸν
3321 2894 3613 2966 πέμψαντὰ
3644 2906 3739 2961 με*

2159 3001 2255 3053 καὶ
2304 3001 2331 3053 6
2375 2998 2597 3068 Θεωρῶν
2643 2997 2740 3067 ἐμὲ
2806 2995 3005 3065 Θεωρεῖ
3083 2994 3170 3045 τὸν
3223 2989 3517 3060 πέμψαντὰ
3578 3002 3667 3056 με.
3713 3002 3734 3036 ι

2171 3092 2410 3163 Ἕκρύϐη
2450 3092 2547 3161 μὲν
2582 3090 2716 3159 πρὸς
2745 3090 2934 3158 καιρδν
2976 3092 3001 3140 6
3042 3085 3264 3156 Ἰησοῦς,
3312 3083 3390 3154 τῷ
3430 3080 3588 3150 ουμῷ
3630 3067 3741 3131 τῶν

2173 3184 2441 3238 Ἰουδαίων
2472 3181 2922 3252 ύπεξιστάμενος’
2959 3183 3119 3234 πάλιν
3147 3179 3201 3231 δὲ
3234 3173 3614 3247 ἐμφανίζεται,
3645 3172 3741 3225 καὶ

2162 3260 2354 3346 ίιρὰζει
2404 3275 2711 3347 παρρησίᾳ.
2762 3273 3031 3326 Δεικνύων
3073 3270 3129 3324 δὲ
3174 3269 3366 3322 ἑαυτὸν
3396 3267 3489 3319 καὶ
3521 3265 3634 3318 ἴσον
3661 3263 3742 3332 τῷ

2164 3368 2363 3439 Πατρὶ,
2398 3366 2489 3418 καὶ
2525 3367 2623 3418 οὐκ
2659 3365 2921 3426 ἀντίθεον,
2969 3363 3153 3434 φησίνο
3200 3382 3217 3414 ι
3266 3362 3323 3414 '0
3358 3359 3630 3413 πιστεύων
3660 3357 3746 3417 εἰς

2160 3461 2259 3531 ἐμὲ
2317 3460 2379 3513 οὐ
2426 3458 2673 3512 πιστεύει
2723 3459 2803 3520 εἰς
2855 3457 2977 3526 ἐμὲ,
3019 3456 3132 3509 ἀλλ’
3172 3458 3249 3515 εἰς
3308 3454 3397 3506 τὸν
3448 3450 3750 3522 πέμψαντά

2165 3573 2230 3627 με
2254 3570 2266 3584 ’
2306 3573 2324 3606 ι
2362 3553 2564 3609 ὡσανεὶ
2606 3552 2764 3605 τοῦτο
2795 3552 3003 3619 λέγων’
3040 3550 3107 3602 Τί
3137 3549 3413 3602 δεδοίκατε
3450 3545 3750 3599 πιστεῦσαι

2160 3651 2239 3713 είς
2285 3649 2424 3721 ὲμέ;
2481 3649 2550 3701 Ἦ
2601 3650 2681 3710 είς
2714 3648 2815 3717 ἐμὲ
2864 3646 3046 3709 πίστις
3081 3645 3215 3714 πρὸς
3242 3644 3332 3695 τὴν
3365 3640 3584 3709 Πατέρα
3638 3654 3748 3706 μου

2161 3741 2448 3796 διαϐαίνει.
2498 3741 2640 3809 Ὅρα
2691 3739 2748 3792 δὲ
2792 3738 2885 3791 καὶ
2924 3738 3023 3807 τὴν
3071 3735 3357 3806 ἀκρίϐειαν
3406 3731 3500 3785 τοῦ
3554 3731 3744 3798 λόγου.

2164 3834 2279 3887 Οὐκ
2313 3828 2488 3897 εἶπεν,
2519 3832 2601 3885 ὅτι
2670 3829 2727 3883 Ὀ
2763 3828 3033 3881 πιστεύων
3087 3828 3230 3897 ἐμοὶ,
3284 3824 3423 3888 ἀλλ’,
3467 3841 3485 3874 ι
3532 3821 3593 3874 ’0
3649 3836 3747 3872 πι-

2165 3926 2370 3980 στεύων
2399 3928 2477 3989 εἰς
2509 3924 2632 3995 ὲμέ’
2661 3943 2678 3976 ι
2710 3923 2738 3976 ὃ
2766 3923 2862 3993 τὴν
2892 3923 2970 3981 εἰς
3005 3920 3138 3972 Θεὸν
3167 3919 3348 3973 πίστιν
3373 3917 3542 3985 δηλοῖ.
3577 3914 3749 3966 Ἀλλο

2162 4018 2266 4090 γὰρ
2284 4019 2341 4077 τὸ
2370 4017 2644 4070 πιστεύειν
2671 4017 2798 4078 τινὶ,
2825 4016 2918 4068 καὶ
2941 4013 3068 4067 ἄλλο
3098 4012 3157 4066 τὸ
3181 4010 3456 4063 πιστεύειν
3487 4009 3564 4068 εἴς
3594 4023 3743 4059 τινα.

2174 4109 2236 4162 ὐ
2285 4109 2384 4179 μὲν
2429 4109 2538 4179 γὰρ
2575 4107 2846 4160 πιστεύων
2894 4107 3003 4159 τινὶ
3058 4103 3281 4157 δύναται
3326 4101 3622 4169 νοηθῆναι,
3656 4099 3746 4149 ὅτι

2165 4199 2411 4254 πιστεύει
2461 4200 2610 4270 αὐτῷ
2648 4198 2824 4270 ἀληθῆ
2856 4198 3100 4266 λέγοντι’
3156 4200 3184 4251 6
3231 4197 3287 4249 δὲ
3338 4192 3606 4275 πιστεύων
3661 4192 3742 4253 εἴς

2160 4312 2283 4348 τινα
2323 4293 2397 4357 ὡς
2444 4294 2525 4356 είς
2590 4292 2722 4345 Θεὸν
2772 4290 2988 4353 πάντως
3021 4290 3287 4344 πιστεύει.
3330 4290 3420 4341 Διὸ
3466 4285 3746 4340 πιστᾳύξιν

2166 4385 2264 4457 μὲν
2296 4389 2407 4449 τοῖς
2452 4383 2795 4447 ἀποστόλοις,
2828 4381 2972 4435 εἴποι
3010 4380 3075 4434 ἄν
3117 4398 3195 4443 τις
3218 4398 3230 4412 ’
3268 4380 3541 4433 πιστεύειν
3571 4380 3627 4432 δὲ
3660 4382 3745 4443 εἰς

2164 4478 2290 4542 τοὺς
2338 4475 2694 4541 ἀποστόλους,
2729 4476 2829 4528 ούκ
2863 4474 2969 4527 ἔτι.
3009 4472 3107 4526 Διὰ
3142 4471 3298 4525 τοῦτο
3325 4472 3418 4525 οὖν
3444 4473 3490 4524 -6
3535 4471 3745 4542 Κύριος

480 4577 588 4618 non
630 4560 790 4630 dixit,
818 4560 920 4627 Qui
964 4547 1141 4614 credit
1188 4556 1320 4612 mihi
1384 4556 1511 4627 (hoc
1540 4556 1684 4612 enim
1729 4553 1926 4610 Paulus
1953 4552 2057 4610 for-

2168 4564 2478 4632 ούκέἷπεν,
2527 4569 2609 4620 ὅτι
2648 4567 2710 4619 Ὀ
2744 4565 3017 4619 πιστεύων
3048 4564 3173 4634 ἐμοὶ
3202 4561 3396 4632 (τοῦτο
3440 4564 3549 4630 πὰρ
3580 4580 3671 4614 και
3717 4570 3746 4614 ο

483 4658 644 4714 lassis
691 4665 745 4712 et
786 4657 976 4710 Petrus
1024 4661 1237 4724 peierat
1268 4651 1449 4707 dicere
1500 4666 1513 4705 :
1561 4650 1660 4717 Qui
1695 4650 1868 4704 credit
1904 4649 2057 4704 mihi.

483 4753 591 4808 Sed
638 4759 693 4805 et
736 4745 980 4809 Hehrmis
1011 4745 1151 4816 quod
1180 4758 1288 4799 non
1320 4741 1650 4797 crediderint
1674 4739 1832 4807 Mosi,
1861 4754 2061 4812 appro-

482 4843 720 4913 brawr),
750 4839 926 4911 majus
981 4850 1158 4894 autem
1198 4847 1282 4892 est
1306 4836 1450 4908 quod
1486 4835 1638 4904 dicit,
1687 4853 1707 4888 ι
1744 4835 1846 4902 Qui
1887 4835 2062 4889 credit

484 4940 537 4993 in
568 4949 677 5003 me,
714 4953 733 4987 ι
773 4948 873 5006 per
906 4931 1048 5004 quod
1072 4930 1305 4986 ostendit
1349 4944 1409 4986 se
1443 4943 1567 4987 esse
1592 4930 1756 4985 Deum
1789 4944 1803 4983 :
1837 4927 1981 4983 sicut
2005 4936 2060 4981 et

484 5024 764 5097 discipulis
795 5022 1020 5090 dicit“,
1079 5039 1098 5073 ι
1132 5018 1366 5077 Creditis
1411 5020 1466 5075 iu
1514 5018 1707 5086 Deum,
1761 5028 1816 5076 et
1872 5019 1925 5074 in
1975 5033 2059 5077 me

484 5117 710 5172 credite.
748 5132 769 5167 ι
808 5115 988 5183 Atque
1034 5113 1132 5177 ita,
1174 5110 1427 5182 quoniam
1465 5110 1558 5181 qui
1596 5110 1770 5165 credit
1799 5110 1854 5163 in
1887 5110 2057 5176 illum,

482 5209 643 5265 ﬁdem
676 5208 742 5263 ad
762 5205 981 5261 Patrem
1016 5203 1354 5268 transmittit,
1388 5202 1574 5272 utique
1601 5212 1656 5257 et
1687 5204 1777 5271 qui
1804 5202 2063 5263 discredit

481 5304 552 5367 ei.
602 5299 749 5356 Patri
801 5296 1085 5355 discredit.
1139 5315 1158 5350 ι
1193 5294 1295 5364 Qui
1326 5305 1505 5350 autem
1564 5295 1711 5350 videt
1760 5310 1866 5361 me,
1914 5295 2061 5349 videt

481 5410 605 5450 eum
653 5393 748 5462 qui
815 5390 965 5447 misit
1007 5404 1113 5446 me.
1168 5408 1187 5444 ι
1236 5390 1486 5459 Nunquid
1534 5388 1682 5444 videt
1731 5388 2058 5451 lineamenta

483 5487 734 5556 corporis
762 5486 916 5553 ejus?
947 5483 1104 5542 Non:
1141 5499 1317 5557 neque
1349 5483 1492 5539 enim
1532 5481 1694 5537 Pater
1723 5482 1888 5537 habet
1933 5497 2060 5539 cor.-

557 5646 603 5677 ²⁵
626 5643 789 5701 ιὶοιιι.
818 5663 873 5716 x,
910 5645 976 5702 19
1032 5661 1186 5717 seqq.

1264 5645 1309 5677 "
1348 5643 1510 5701 Joan.
1547 5660 1603 5710 v,
1625 5642 1695 5697 44
1717 5660 1731 5710 ;
1756 5643 1776 5696 Ι
1804 5639 1932 5698 Cur.
1965 5658 2038 5710 tv,
2063 5642 2118 5700 3.

2161 4657 2376 4720 Παῦλος
2407 4655 2571 4728 τυχὸν
2607 4658 2700 4709 καὶ
2731 4660 2758 4710 6
2791 4656 2996 4728 Πέτρος
3026 4654 3289 4725 ἠδύναντο
3321 4656 3517 4717 εἰπεῖν,
3552 4660 3629 4706 ὶτι.
3678 4654 3739 4705 ὐ

2164 4749 2437 4804 πιστεύων
2468 4733 2611 4819 ἐμοί·
2644 4748 2781 4803 ἀλλὰ
2824 4748 2919 4801 καὶ
2947 4750 2995 4802 οἱ
3045 4746 3290 4818 Ἑϐραῖοι
3318 4746 3451 4800 διότι
3485 4749 3586 4800 οὐκ
3618 4748 3746 4800 ἐπί-

2165 4857 2353 4895 στευον
2400 4841 2611 4908 Μωσεί,
2654 4841 3074 4909 ὀνειδίζονται),
3121 4842 3181 4895 τὸ
3225 4839 3283 4893 δὲ
3329 4838 3514 4910 μεῖζον
3559 4835 3744 4906 εἶπεν,

2165 4937 2248 4988 ὃτι
2280 4952 2297 4985 ι
2351 4935 2409 4988 Ὀ
2448 4935 2720 4987 πιστεύων
2758 4937 2837 4998 εἰς
2865 4934 2996 5006 ὲμὲσ
3029 4952 3049 4986 ι
3085 4933 3152 4987 δι’
3189 4928 3249 4988 οὗ
3279 4931 3512 4986 δεικνύει
3548 4934 3746 4986 ἑαυτὸν

2170 5013 2480 5079 Θεδνδντα·
2510 5026 2702 5097 ὥσπερ
2735 5027 2831 5079 καὶ
2860 5029 2972 5090 τοῖς
3011 5025 3284 5098 μαθηταῖς
3314 5026 3494 5095 λέγει·
3554 5046 3572 5077 ι
3615 5027 3720 5079 Πι-

2171 5120 2387 5173 στεύετε
2416 5120 2494 5182 είς
2512 5118 2668 5183 Θεὸν,
2690 5121 2782 5171 καὶ
2810 5120 2886 5182 είς
2917 5120 3016 5189 ἐμὲ
3043 5119 3353 5173 πιστεύετε.
3386 5138 3404 5171 ι
3429 5119 3590 5172 Ὥστε
3617 5120 3745 5172 ἐπεὶ

2169 5214 2197 5263 ό
2228 5208 2496 5263 πιστεύων
2532 5213 2612 5275 εἰς
2664 5213 2827 5265 αύτῖν
2902 5211 3000 5284 τὴν
3054 5212 3237 5266 πίστιν
3272 5215 3351 5275 εἰς
3395 5213 3488 5265 τὸν
3518 5212 3744 5280 Ποιτέρά

2168 5301 2500 5367 διαϐιϐάζει·
2550 5306 2646 5358 καὶ
2690 5308 2718 5359 6
2765 5306 3012 5360 ἀπιστῶν
3057 5305 3166 5377 ἄρα
3218 5305 3367 5377 αύτῷ
3420 5306 3498 5376 τῷ
3564 5306 3747 5376 Πατρὶ

2169 5394 2411 5449 ἀπιστεῖ.
2463 5414 2481 5448 t
2525 5398 2633 5450 Καὶ
2664 5398 2695 5450 6
2725 5398 2944 5470 θεωρῶν
2988 5398 3045 5452 δὲ
3080 5400 3180 5470 ἐμὲ
3243 5399 3439 5469 θεωρεῖ
3472 5398 3560 5450 τὸν
3595 5398 3739 5467 πέμ-

2169 5485 2350 5555 ψαντά
2383 5504 2469 5556 με.
2508 5507 2527 5540 ι
2584 5491 2727 5561 ’Λρα
2757 5494 2785 5544 6
2820 5491 3040 5559 θεωρῶν
3088 5491 3178 5545 τὸν
3212 5491 3524 5562 σωματικὸν
3571 5507 3739 5562 χαραο

2193 5644 2235 5676 ³⁷
2264 5644 2495 5715 Philipp.
2523 5661 2581 5711 tt,
2613 5645 2665 5701 6.
2741 5648 2787 5678 “
2815 5647 2970 5703 Juau.
3017 5667 3125 5716 xw,
3162 5653 3211 5706 l.

1442 5758 1539 5819 Ex
1567 5753 1914 5819 collatione
1968 5754 2152 5818 codd.
2189 5757 2420 5821 Venet.
2454 5758 2516 5820 S.
2553 5759 2777 5823 Marci.

556 5860 667 5933 (35)
696 5858 826 5917 Cod.
859 5861 948 5928 3|,
973 5860 1034 5915 ού
1067 5858 1381 5945 ζητοῦντες.
1442 5904 1450 5913 .
