4060 6594
528 402 630 468 113

1376 402 1952 465 TIIEOPIIYLACTI
1994 403 2404 466 BUI.G.-\RLE
2443 405 2798 468 ARCIIIEP.
3689 405 3784 469 144

492 537 497 543 ·
527 519 861 576 verberaturi
899 532 1104 582 Sillulls,
1131 518 1272 588 quod
1301 535 1406 573 non
1440 536 1538 575 nos
1579 522 1930 576 vcrbcramus
1959 537 2098 587 eum,

2217 541 2314 592 μεν
2361 522 2612 590 τύπτειν,
2649 525 2730 576 ὅτι
2759 524 2855 594 οὐχ
2909 525 3070 595 ἡμεῖς
3103 523 3378 594 τύπτομεν
3418 524 3568 587 αὐτὸ,
3607 525 3780 595 ἀλλ’ἢ

527 614 624 667 sed
660 612 774 681 ejus
805 610 1124 684 negligentia
1154 620 1207 664 et
1238 612 1521 667 dissolutio
1549 631 1561 668 :
1591 626 1646 668 et
1673 629 1776 668 non
1806 613 1975 686 684
2007 631 2104 670 nos

528 707 948 762 condemnamus
973 722 1118 768 eum,
1147 705 1237 759 sed
1270 705 1665 761 admonitiones
1692 717 1890 760 nostra:
1913 709 2106 776 quibus

526 816 631 857 non
665 803 863 870 paruit,
895 800 1000 854 illa'
1042 809 1271 870 arguunt
1304 813 1425 851 cum
1457 807 1512 851 ut
1560 798 1980 852 inobmlicutcnt.
2017 799 2108 852 Sic

524 896 690 966 igitur
717 904 772 950 et
799 893 1057 948 Dominus
1088 909 1104 948 :
1133 910 1150 944 ι
1183 890 1298 946 Non
1332 905 1430 960 ego
1453 891 1655 959 judico,
1685 910 1702 943 ι
1735 893 1828 945 sed
1871 909 1889 942 ι
1927 906 2107 945 sermo

524 1002 684 1056 quem
719 987 929 1041 locutus
960 1001 1101 1050 smn,
1144 985 1232 1038 ille
1262 983 1658 1038 condemnabit.
1713 1002 1730 1036 ι
1762 982 1938 1049 Quare
1962 984 2103 1037 enim

524 1094 630 1132 non
663 1077 1054 1132 crediderunt?
1108 1076 1241 1129 Num
1277 1085 1334 1128 ut
1357 1074 1667 1128 adversario
1715 1075 1848 1140 Dei,
1893 1085 1947 1128 et
1979 1090 2104 1142 pro-

523 1171 695 1242 priam
725 1169 949 1237 gloriam
975 1168 1231 1236 quaerenti
1254 1166 1296 1197 ³ο
1332 1166 1353 1218 ?
1389 1165 1447 1218 Et
1475 1165 1630 1234 plane
1662 1186 1679 1216 ι
1718 1181 1816 1234 ego
1846 1181 1876 1219 a
1900 1166 2106 1234 meipso

525 1267 740 1319 locutus
775 1279 879 1317 non
927 1279 1067 1328 sum,
1108 1281 1126 1316 ι
1170 1265 1261 1316 sed
1307 1265 1490 1316 omnia
1539 1279 1567 1316 a
1617 1261 1775 1315 Patre
1824 1275 1942 1315 tneo
1969 1262 2101 1317 dixi.

522 1359 801 1428 Nusquam
838 1357 1096 1428 tneipsum
1125 1357 1438 1426 praedicavi,
1469 1356 1609 1410 aliud
1638 1356 1889 1424 quiddam
1915 1357 1982 1410 ah
2014 1356 2104 1409 illo

521 1453 762 1506 sentiens
789 1469 801 1504 :
840 1469 858 1502 ι
881 1450 976 1505 sed
1004 1450 1046 1504 is
1063 1450 1152 1518 qui
1177 1450 1322 1504 misit
1344 1465 1427 1504 me
1451 1449 1611 1504 Pater
1640 1449 1945 1503 mandatum
1971 1447 2100 1502 mihi

524 1545 670 1598 dedit
726 1543 855 1613 quid
911 1543 1170 1612 dicerem,
1223 1553 1277 1596 et
1329 1542 1459 1613 quid
1513 1543 1783 1612 loquerer.
1841 1561 1859 1594 ›
1920 1541 2100 1608 Papte,

525 1647 728 1706 quanta
772 1635 1060 1690 verborum
1097 1635 1416 1690 humilitas?
1451 1633 1727 1703 Nunquid,
1771 1649 1802 1688 o
1854 1633 2100 1695 Domine,

521 1732 834 1800 priusquam
886 1729 1122 1784 mitteret
1162 1737 1212 1783 te
1256 1728 1418 1783 Pater
1467 1736 1522 1782 et
1568 1728 1721 1782 daret
1751 1726 2096 1795 .mandatum,

522 1839 629 1878 non
659 1822 1024 1893 cognoscebas
1057 1822 1180 1890 quid
1228 1821 1372 1890 loqui
1403 1821 1705 1889 oportebat,
1751 1821 1846 1874 sed
1882 1819 2100 1888 ignarus

523 1930 648 1969 cras
689 1891 926 1968 mandati
975 1912 1153 1982 hujus,
1184 1913 1326 1982 quod
1376 1913 1598 1966 estvita
1640 1921 1862 1974 mterna,
1892 1919 1946 1964 et
1991 1925 2097 1963 non
2132 1891 2170 1945 Β

521 2009 882 2077 cognoscebas
912 2006 1080 2062 vitam
1123 2008 1283 2072 hanc,
1318 2007 1480 2060 vitam
1525 2003 1823 2060 mternam?
1873 2011 1926 2057 et
1957 2018 2094 2073 quo»

521 2100 684 2152 modo
711 2096 920 2163 dixisti,
957 2115 977 2150 ι
1019 2095 1128 2168 Ego
1155 2112 1271 2150 smn
1307 2096 1452 2150 vita?
1490 2114 1508 2147 ι
1539 2094 1700 2151 Vides
1742 2110 1861 2165 qua:
1904 2095 2096 2148 absur-

521 2187 664 2242 ditas
709 2196 1039 2259 prospectet,
1098 2187 1144 2244 si
1186 2201 1290 2241 non
1341 2186 1480 2242 bona
1522 2184 1959 2242 consideratione
2004 2200 2098 2238 au-

520 2282 836 2337 scultemus.
865 2280 1144 2350 Cognosce
1187 2280 1347 2350 igitur
1372 2293 1542 2348 quare
1592 2277 1867 2338 humiliter
1910 2275 2098 2346 loqua-

523 2384 631 2439 tur,
665 2388 856 2440 nempe
878 2380 1097 2442 propter
1120 2373 1413 2436 auditores,
1438 2371 1526 2440 qui
1557 2379 1662 2422 tam
1689 2368 1886 2422 inﬁrmi
1918 2378 2093 2422 erant.

521 2467 588 2522 Et
617 2467 744 2535 quid
784 2466 896 2519 vult
940 2480 1036 2535 per
1089 2464 1205 2518 Iure
1256 2461 1509 2532 signare?
1543 2460 1684 2515 Nihil
1725 2461 1894 2526 aliud,
1931 2476 2093 2530 quarn

519 2559 654 2614 nihil
683 2575 741 2614 se
767 2557 851 2612 vel
880 2558 1076 2611 dicere-
1097 2557 1179 2608 vel
1211 2557 1418 2611 sentire
1448 2563 1642 2622 praeter
1667 2569 1728 2608 ea
1761 2568 1881 2620 qua:
1910 2551 2092 2606 Pater.

519 2651 655 2706 Nam
705 2650 865 2716 sicut,
922 2647 1117 2716 inquit,
1170 2647 1260 2715 qui
1314 2647 1622 2701 mandatum
1658 2643 1921 2710 referunt,
1964 2641 2096 2698 nihil

521 2747 710 2799 dicunt
749 2750 1109 2812 praeterquam
1159 2738 1240 2793 eis
1273 2737 1654 2793 demandatum
1693 2751 1708 2790 :
1761 2737 1831 2789 ita
1864 2752 1992 2791 sane
2041 2746 2096 2791 et

521 2851 624 2905 ego
653 2835 769 2904 ipse
801 2831 934 2887 nihil
979 2830 1123 2885 aliud
1155 2830 1332 2885 sentio
1361 2829 1445 2884 vel
1476 2830 1628 2885 docui
1663 2840 1859 2901 praeter
1883 2845 1946 2885 ea
1977 2845 2096 2900 qua:

523 2925 670 2980 Patri
700 2924 817 2978 visa
851 2931 996 2978 sunt.
1040 2920 1153 2976 IIoc
1187 2921 1352 2992 igitur
1395 2921 1580 2976 volens
1614 2922 1920 2986 ostendere,
1968 2937 2096 2976 con-

522 3017 788 3080 cordiam,
821 3016 1060 3086 inquam,
1091 3015 1370 3068 sententia:
1397 3028 1516 3067 cum
1545 3013 1727 3080 Patre,
1767 3015 2093 3069 mentionem

522 3109 653 3164 fecit
683 3107 841 3176 hujus
869 3106 1122 3176 exempli,
1151 3106 1408 3172 mandati,
1436 3105 1676 3175 inquam.
1705 3106 1828 3161 Ideo
1852 3108 1998 3160 addit
2027 3106 2092 3172 3',

526 3219 547 3255 σ
605 3201 734 3268 Quae
783 3201 946 3270 igitur
993 3199 1208 3270 loquor,
1252 3199 1391 3254 sicut
1429 3199 1562 3253 dixit
1613 3199 1741 3253 tuihi
1783 3197 1962 3264 Pater,
2015 3201 2097 3252 sic

523 3295 731 3364 loquor.
773 3309 792 3345 ι
829 3294 1004 3362 Atque
1049 3293 1120 3346 ita
1167 3291 1293 3362 quia
1344 3291 1478 3344 nihil
1529 3306 1558 3344 a
1609 3290 1926 3359 memelipso
1961 3289 2095 3352 dixi,

520 3385 736 3455 qualem
767 3383 1108 3440 occasionem
1139 3391 1438 3453 pra-texent
1467 3381 1560 3448 qui
1593 3396 1697 3434 non
1727 3380 2098 3434 crediderint?

523 3478 684 3534 Circa
735 3476 1166 3533 controversiam
1198 3474 1342 3530 enim
1382 3475 1903 3536 conuemnabuutur,
1957 3473 2097 3541 quod

520 3573 666 3628 Patri
706 3586 810 3625 non
845 3568 1212 3624 crediderunt.
1249 3567 1393 3621 l‘ihil
1425 3567 1589 3636 igitur
1615 3566 1819 3620 humile
1851 3566 2100 3634 intelligit

518 3661 853 3719 orthodoxus
882 3675 946 3716 ex
1002 3658 1296 3714 humilibus
1341 3658 1448 3712 illis
1496 3658 1696 3722 verbis,
1739 3675 1757 3708 ι
1790 3655 2096 3710 Mandatum

518 3754 726 3824 accepi,
771 3771 790 3805 ι
817 3761 871 3806 et
899 3750 1130 3817 similia;
1163 3753 1255 3805 sed
1276 3747 1504 3805 candide
1521 3748 1634 3803 haec
1661 3746 1878 3817 exponit
1908 3764 1923 3801 :
1959 3747 2099 3802 sicut

518 3846 724 3912 ethoc,
779 3861 800 3896 ι
848 3843 1156 3898 Mandatum
1190 3841 1374 3909 accepi
1415 3840 1542 3909 quid
1582 3840 1840 3903 dicerem,
1889 3849 1943 3893 ct
1969 3839 2097 3907 quid

520 3939 788 4006 loquerer.
831 3953 850 3988 ι
893 3933 1084 3988 Sermo
1109 3933 1253 3987 enim
1284 3947 1405 3986 cum
1438 3931 1511 3986 sit
1561 3929 1752 3998 Filius,
1783 3939 1839 3985 et
1879 3938 2096 3986 enarret

518 4031 700 4084 omnia
726 4043 846 4098 quae
871 4035 999 4082 sunt
1025 4026 1077 4080 in
1109 4033 1314 4091 mente,
1347 4024 1398 4077 itt
1429 4022 1588 4078 Patre
1616 4024 1756 4090 dico,
1785 4026 2095 4078 mandatum

517 4121 590 4177 ab
613 4135 680 4176 eo
708 4134 769 4175 se
794 4118 1070 4186 accepisse
1103 4119 1201 4180 ait,
1226 4116 1357 4186 quid
1387 4115 1532 4169 dicat
1557 4125 1610 4168 et
1636 4116 1761 4184 quid
1793 4115 2047 4184 loquatur
2077 4131 2092 4169 :

515 4209 657 4263 sicut
690 4215 745 4262 et
781 4213 965 4260 noster
997 4218 1200 4268 sermo,
1263 4205 1306 4258 si
1345 4203 1562 4273 quando
1597 4217 1720 4257 vera
1761 4202 1960 4258 dicturi
2005 4217 2099 4257 su-

517 4313 657 4364 mus,
687 4297 775 4352 illa
821 4295 953 4350 dicit
983 4310 1103 4364 quze
1138 4309 1293 4350 mens
1327 4296 1377 4348 ei
1425 4295 1690 4366 suggerit,
1728 4303 1782 4348 et
1825 4309 2094 4363 nusquam

514 4391 740 4446 alterius
790 4387 1108 4444 substantiae
1167 4398 1250 4444 est
1311 4402 1493 4444 sermo
1545 4403 1706 4460 quam
1756 4403 1928 4455 mens,
2003 4389 2095 4444 sed

513 4483 737 4540 omnino
764 4482 1006 4555 ejusdem
1034 4481 1373 4536 substantiae.

1101 4588 1336 4648 CAPUT
1380 4587 1515 4645 XIII.

2209 617 2439 683 ἀμέλεια
2463 617 2627 670 αὑτοῦ
2679 619 2768 670 καὶ
2798 620 2830 687 ἡ
2855 618 3067 681 ἀταξία*
3106 619 3196 670 καὶ
3217 619 3312 687 οὐχ
3331 621 3490 687 ἡμεῖς
3517 621 3782 689 κατακρί-

2212 725 2374 778 νομεν
2393 707 2697 771 αῦτὸν,ἀλλ’
2729 712 2781 760 αἱ
2807 710 3152 780 παραινέσεις
3178 710 3353 778 ἡμῶν,
3392 703 3478 771 αἷς
3509 712 3606 762 οὐκ
3637 712 3785 765 ἐπεί-

2216 800 2339 869 σθη,
2374 791 2534 852 αὗται
2567 799 2962 871 κατηγοροῦσιν
3013 800 3176 853 αὑτοῦ
3210 801 3283 863 ὡς
3316 803 3570 870 ἁνηκόου.
3601 802 3786 866 Οὕτως

2207 889 2299 942 οῦν
2322 890 2414 943 καὶ
2443 891 2470 942 6
2494 889 2716 961 Κύριος·
2745 911 2762 943 ι
2787 893 2895 945 Οὐκ
2915 891 3025 960 ἐγὼ
3045 893 3231 961 κρίνω,
3261 911 3278 944 ι
3310 893 3423 946 ἀλλ’
3443 911 3460 944 ι
3482 896 3508 946 6
3533 893 3711 961 λόγος,
3731 895 3786 948 ὃν

2207 982 2468 1052 ἐλάλησα,
2488 985 2689 1048 ἐκεῖνος
2720 985 3058 1054 κατακρίνει.
3088 1004 3104 1034 ι
3129 985 3278 1036 Διατί
3305 986 3414 1055 γὰρ
3439 985 3782 1054 ἠπίστησανς

2207 1069 2316 1144 ἆρα
2345 1074 2418 1138 ὡς
2442 1076 2695 1147 ἀντιθέῳ,
2727 1079 2819 1128 καὶ
2859 1077 2954 1146 τὴν
2982 1077 3114 1129 ἰδίαν
3144 1076 3302 1143 δόξαν
3353 1076 3639 1146 (meinati;
3685 1079 3786 1130 Kal.

2211 1168 2320 1236 μὴν
2349 1185 2367 1218 ι
2394 1166 2452 1232 ἐξ
2485 1167 2726 1236 ἐμαυτοῦ
2749 1169 2857 1234 ἐγὼ
2885 1171 2983 1221 οὐκ
3004 1169 3260 1238 ἐλάλησα,
3291 1191 3308 1224 ι
3337 1171 3472 1224 ἀλλά
3489 1171 3665 1224 πάντα
3687 1171 3788 1224 ἀπὸ

2206 1259 2300 1310 τοῦ
2334 1259 2544 1328 Πατρός
2581 1278 2681 1330 μου
2715 1263 2904 1322 εἰπὼν,
2935 1264 3171 1333 οὐδαμοῦ
3205 1265 3444 1334 ἐμαυτὸν
3475 1265 3788 1333 ἀνεκήρυξα

2206 1349 2333 1402 ἄλλο
2360 1368 2412 1402 τι
2459 1351 2780 1420 φρονοῦντα.
2825 1373 2842 1406 ι
2902 1353 2960 1406 ὐ
3038 1357 3146 1425 γὰρ
3202 1355 3421 1425 πέμψας
3478 1371 3544 1425 με
3603 1353 3786 1420 Πατὴρ

2206 1441 2428 1510 ἐντολήν
2463 1458 2552 1510 μοι
2584 1442 2801 1506 δέδωκε,
2839 1443 2892 1494 τί
2920 1445 3056 1496 εἴπω
3091 1447 3183 1497 καὶ
3211 1444 3262 1498 τί
3292 1445 3528 1516 λαλήσω.
3567 1463 3585 1494 ›
3620 1443 3786 1494 Βχὸαὶ

2204 1533 2302 1598 τῆς
2329 1535 2715 1604 ταπεινότητος
2751 1537 2858 1588 τῶν
2896 1537 3185 1607 ῥημάτωνε
3236 1531 3382 1608 Ἀρα
3424 1537 3554 1608 γὰρ,
3600 1530 3646 1590 ὦ
3681 1535 3786 1588 Κύο

2208 1642 2314 1696 ριε,
2343 1627 2439 1679 καὶ
2462 1628 2590 1698 πρὶν
2617 1627 2648 1698 ἢ
2681 1628 2874 1700 πέμψῃ
2907 1644 2965 1681 σε
2987 1631 3014 1682 6
3044 1630 3253 1698 Πατὴρ,
3291 1631 3385 1682 καὶ
3407 1629 3482 1698 δῷ
3509 1628 3611 1699 τὴν
3645 1630 3785 1680 ἔντο-

2204 1718 2324 1786 λὴν,
2365 1722 2464 1772 οὑκ
2513 1719 2828 1787 ἐγίνωσκες,
2880 1721 2933 1774 τί
2982 1723 3063 1774 δεῖ
3102 1722 3356 1791 λαλῆσαι,
3403 1720 3518 1774 ἀλλ’
3573 1720 3784 1789 ἀμαθὴς

2207 1813 2450 1882 ὑπῆρχες
2491 1813 2588 1883 τῆς
2624 1815 2844 1884 ἐντολῆς
2887 1815 3114 1884 ταύτης,
3150 1816 3272 1885 ἥτις
3322 1817 3440 1868 ἐστὶ
3494 1811 3610 1884 ζωὴ
3656 1813 3783 1866 αίώ-

2204 1921 2334 1969 νιος,
2372 1906 2467 1958 καὶ
2500 1907 2600 1958 οὐκ
2645 1908 2941 1974 ἐγίνωσκες
2971 1908 3068 1980 τὴν
3104 1907 3248 1979 ζωὴν
3280 1908 3488 1977 ταύτην
3517 1910 3621 1978 τὴν
3656 1909 3781 1961 aid)—

2205 2013 2352 2061 Vtov;
2381 1998 2474 2050 καὶ
2502 1997 2617 2062 πῶς
2653 1993 2831 2063 εἶπας,
2858 2002 2938 2054 ὅτι
2977 2019 2994 2052 t
3019 1999 3161 2068 Ἑγὼ
3189 2003 3304 2070 εἰμι
3335 2001 3367 2069 ἡ
3402 2001 3549 2070 ζωής
3586 2019 3604 2050 ι
3628 1999 3781 2070 Ὁρᾷς

2202 2090 2302 2159 τὴν
2343 2090 2593 2157 ἀτοπίαν,
2645 2093 2742 2161 ὅση
2775 2093 3097 2158 ἀνακόπτει,
3149 2094 3240 2147 ἐὰν
3291 2093 3367 2164 μὴ
3419 2094 3778 2162 εὐγνωμόνως

2206 2181 2599 2253 κατακοῦωμεν
2624 2183 2731 2236 τῶν
2761 2183 3104 2254 λεγομένων;
3139 2185 3308 2238 Γνῶθι
3335 2181 3449 2250 οὖν,
3472 2185 3617 2238 διατί
3645 2184 3782 2238 οὕτω

2204 2274 2475 2337 ταπεινῶς
2543 2274 2864 2344 φθέγγεται,
2922 2279 3004 2330 ὅτι
3032 2277 3118 2331 διά
3157 2279 3284 2338 τοὺς
3310 2277 3593 2349 ἀκροατὰς
3627 2277 3781 2330 ἀσθε-

2203 2368 2314 2428 νεῖς
2349 2365 2528 2430 ὄντας.
2557 2367 2666 2420 Καὶ
2688 2369 2738 2419 τι
2776 2367 3023 2436 βούλεται
3049 2371 3288 2440 σημᾶναι
3320 2371 3410 2424 διὰ
3436 2371 3646 2424 τοᾶτων
3673 2388 3686 2436 ;
3713 2369 3781 2423 T6

2210 2461 2376 2530 μηδὲν
2408 2460 2596 2530 ἕτερον
2633 2459 2665 2531 ἢ
2713 2460 2892 2530 λέγειν
2933 2461 2965 2532 ἦ
2998 2465 3215 2533 φρονεῖν
3255 2466 3408 2532 παρὰ
3437 2463 3531 2516 τὸν
3566 2462 3780 2533 Πατέρα

2204 2552 2423 2624 δηλαδή.
2457 2553 2668 2624 Ὥσπερ
2698 2555 2824 2624 γὰρ,
2861 2556 3048 2624 φησὶν,
3085 2556 3135 2608 οἱ
3167 2556 3400 2620 ἑντολεῖς
3435 2556 3593 2609 οὐδὲν
3633 2555 3781 2618 ἐκτὸς

2205 2645 2296 2696 τοῦ
2330 2646 2722 2716 ἐντεταλμένον
2773 2646 3042 2715 λέγουσιν,
3073 2648 3216 2700 οὕτω
3247 2648 3312 2719 δὴ
3355 2649 3450 2703 καὶ
3481 2648 3649 2712 αὐτὸς
3679 2647 3781 2717 ἐγὼ

2205 2736 2359 2789 οὐδὲν
2385 2738 2565 2810 ἕτερον
2606 2738 2865 2809 ἢφρονῶ,
2900 2740 2931 2811 ἢ
2968 2741 3185 2804 ἐδίδαξα
3217 2742 3368 2811 παρὰ
3405 2743 3474 2794 τά
3498 2740 3580 2811 τῷ
3615 2738 3784 2809 Ilath

2206 2830 2453 2895 δόξαντα.
2507 2831 2677 2884 Τοῦτο
2713 2834 2892 2884 τοίνυν
2933 2832 3102 2886 θέλων
3141 2832 3501 2899 ἐνδείξασθαι,
3546 2832 3608 2884 τὺ
3655 2832 3782 2902 πρὸς

2203 2921 2294 2974 τὸν
2319 2922 2556 2994 Πατέρα,
2602 2923 2767 2993 φημὶ,
2802 2923 3144 2994 όμόγνωμον,
3186 2925 3434 2995 ἐμνήσθη
3470 2924 3668 2977 τούτου
3691 2921 3781 2976 τοῦ

2205 3012 2620 3082 ὑποδείγματος,
2667 3017 2763 3084 τῆς
2801 3015 3018 3084 ἐντολῆς
3095 3015 3257 3082 λέγω.
3295 3015 3386 3068 Διὸ
3420 3017 3515 3068 καὶ
3564 3016 3778 3083 ἐπάγει·

2211 3122 2228 3154 ι
2275 3106 2338 3156 ’Ἀ
2387 3101 2478 3157 οῦν
2525 3104 2689 3169 λαλῶ,
2743 3106 2923 3170 καθὼς
2972 3107 3160 3177 εἴρηκέ
3195 3125 3284 3176 μοι
3330 3109 3357 3159 6
3399 3108 3616 3176 Πατὴρ,
3646 3105 3778 3158 οὕτω

2205 3195 2372 3252 λαλῶ.
2427 3216 2446 3250 υ
2502 3197 2665 3250 Ὥστε
2710 3199 2834 3252 ἐπεὶ
2885 3200 3036 3253 οὐδὲν
3073 3202 3166 3253 ἀπ’
3213 3199 3347 3271 ἐμοῦ
3401 3196 3578 3265 εἷπον,
3631 3199 3779 3252 ποίαν

2204 3290 2476 3360 πρόφασιν
2509 3290 2906 3361 προδαλοῦνται
2937 3293 2986 3344 oi
3028 3291 3465 3362 ἀπειθήσαντες;
3515 3291 3778 3361 ’Λναμφι-

2199 3382 2404 3443 λέκτως
2432 3382 2538 3451 γὰρ
2579 3382 3097 3452 κατακριθησονται,
3129 3384 3204 3445 ὡς
3233 3384 3310 3452 τῷ
3343 3385 3521 3450 Πατρ“ι
3551 3383 3780 3450 ἀπιστή-

2203 3486 2410 3532 σαντες.
2470 3471 2650 3539 Μηδὲν
2709 3467 2800 3524 οὖν
2851 3473 3104 3525 ταπεινὸν
3156 3476 3330 3526 ὲννοεῖ
3375 3473 3440 3544 [ι.
3496 3470 3691 3544 ἐννόει]
3753 3471 3778 3522 6

2199 3561 2510 3630 ὀρθόδοξος,
2545 3562 2654 3615 ἀπὸ
2681 3563 2790 3615 τῶν
2830 3565 3104 3617 ταπεινῶν
3146 3567 3429 3636 ῥημάτων,
3461 3567 3635 3636 ἤγουν
3664 3563 3774 3629 τοῦ,

2206 3671 2224 3703 ι
2271 3653 2516 3724 Ἑντολὴν
2541 3654 2752 3718 ἔλαϐον,
2785 3675 2803 3708 ι
2837 3657 2927 3710 καὶ
2953 3658 3062 3710 τῶν
3093 3659 3373 3711 τοιούτων·
3402 3659 3544 3713 ἀλλὰ
3575 3659 3776 3726 εὐγνω-

2203 3743 2378 3813 μόνως
2407 3745 2578 3798 ταῦτα
2607 3745 2938 3817 ὲκλάμὸανε,
2985 3743 3095 3801 οἷον
3128 3750 3225 3803 καὶ
3262 3750 3422 3802 τοῦτο
3455 3751 3540 3816 τὸ,
3581 3769 3599 3801 ί
3669 3749 3778 3801 Ἐν-

2198 3836 2358 3907 τολὴν
2383 3837 2592 3900 ἔλαϐον,
2624 3839 2677 3890 τί
2715 3841 2875 3905 εἴπω,
2910 3841 3004 3894 καὶ
3045 3841 3099 3893 τι
3128 3842 3368 3911 λαλήσω.
3405 3860 3422 3893 ι
3458 3843 3635 3909 Λόγος
3675 3841 3775 3910 γὰρ

2198 3928 2273 3980 ῶν
2303 3933 2330 3982 6
2367 3929 2512 3992 Υἱὸς,
2565 3933 2656 3983 καὶ
2691 3933 2966 4000 ὲκφαίνων
3005 3933 3180 3987 πάντα
3213 3936 3281 3987 τὰ
3332 3938 3390 3987 ὲν
3422 3937 3504 4005 τῷ
3551 3936 3662 4004 νῷ,
3703 3936 3775 4002 τῷ

2200 4021 2397 4090 Πατρὶ,
2448 4024 2614 4092 φημὶ,
2657 4025 2874 4095 ἐντολὴν
2909 4029 3037 4096 παρ’
3072 4027 3236 4080 αὑτοῦ
3283 4045 3449 4096 φησιν
3491 4028 3696 4091 λαϐεῖν,
3728 4025 3778 4079 τί

2198 4113 2350 4184 εἴπῃ,
2390 4115 2484 4166 καὶ
2516 4114 2568 4166 τί
2598 4115 2826 4188 λαλήσῃ.
2855 4119 3065 4188 Ὥσπερ
3092 4120 3188 4172 καὶ
3225 4122 3254 4172 6
3297 4122 3569 4194 ἡμέτερος
3600 4121 3772 4188 λόγος,

2199 4203 2313 4271 εἴγε
2371 4203 2658 4274 ἀληθεύειν
2692 4207 3003 4278 μέλλοιμεν,
3051 4211 3232 4264 ἐκεῖνα
3277 4210 3448 4278 λέγει,
3498 4211 3537 4264 ἀ
3584 4212 3612 4262 6
3658 4210 3774 4272 νοῦς

2198 4293 2346 4365 αὐτῷ
2391 4296 2702 4362 ὑποϐάλλει,
2751 4302 2844 4352 καὶ
2876 4301 2936 4353 οὺ
2970 4301 3144 4370 δήπου
3196 4304 3547 4374 ἑτεροούσιός
3579 4308 3726 4357 ἐστιν
3749 4303 3774 4354 6

2197 4386 2354 4457 λόγος
2397 4388 2532 4462 πρὸς
2557 4393 2650 4444 τὸν
2681 4391 2826 4459 νοῦν,
2859 4393 2975 4447 ἀλλ’
3004 4395 3290 4464 όμοούσιος
3320 4397 3565 4460 πάντως.

2800 4601 3046 4655 ΚΕΦΔΛ.
3079 4600 3173 4658 II".

513 4710 753 4785 Περειυὶ
797 4713 907 4767 sive
951 4709 1240 4785 ιιιςιιιιιυὶο,Δ
1269 4705 1544 4772 Quomodo
1576 4703 1611 4759 .1
1620 4705 1749 4785 uda_s
1784 4707 2093 4785 exit-erit‘rut

2205 4713 2330 4780 Napi
2377 4712 2483 4768 τοῦ
2515 4713 2824 4782 νιπτῆρος.
2869 4716 3008 4783 Περὶ
3041 4718 3145 4770 τοῦ
3180 4697 3541 4785 ἐξελθόντος
3583 4719 3772 4775 Ἰούδα

583 4777 854 4838 Christum
896 4780 1144 4835 traderet.
1200 4779 1276 4832 De
1306 4787 1564 4845 prwcepto
1607 4791 1661 4829 se
1709 4777 1925 4831 invicem
1971 4781 2097 4832 dili-

580 4852 758 4977 gendi.
801 4849 876 4906 De
905 4868 966 4906 eo
996 4851 1086 4921 qui
1126 4847 1348 4904 Petrum
1381 4846 1746 4916 interrogauit,
1790 4863 1895 4918 quo
1926 4849 2093 4903 abiret

625 4940 764 4977 esus.

581 5035 748 5093 Vsus.
790 5035 842 5089 I.
901 5051 922 5088 ι
972 5033 1114 5088 Ante
1164 5031 1360 5087 festum
1413 5037 1591 5085 autem
1640 5030 1864 5089 Pascha:
1910 5032 2089 5088 sciens

504 5130 665 5188 Jesus
698 5130 842 5199 quod
875 5127 1114 5182 venisset
1145 5125 1277 5181 hora
1303 5125 1490 5194 ipsius,
1523 5131 1582 5178 ut
1611 5125 1864 5179 transiret
1890 5138 1956 5179 ex
1986 5125 2089 5179 hoc

508 5224 711 5280 mundo
741 5223 807 5277 ad
854 5220 1070 5275 Patrem
1099 5235 1114 5272 :
1143 5233 1266 5274 cum
1319 5219 1596 5275 dilexisset
1629 5234 1759 5276 suos
1806 5220 1898 5289 qui
1934 5229 2089 5274 erant

508 5315 564 5370 in
610 5313 832 5378 mundo,
887 5324 1057 5380 usque
1097 5308 1166 5364 ad
1198 5307 1356 5363 linem
1405 5309 1594 5364 dilexit
1624 5323 1740 5365 eos.
1792 5327 1814 5362 ι
1870 5308 2091 5363 Sciebat

507 5407 726 5477 quidem
755 5404 1010 5458 Dominus
1045 5401 1211 5474 685
1244 5410 1299 5458 et
1330 5411 1453 5458 ante
1473 5403 1655 5458 omnia
1679 5402 1875 5457 saecula
1901 5403 2088 5456 horam

581 5563 625 5594 ³ο
661 5560 821 5618 Joan.
858 5577 970 5627 xtv,
1015 5560 1068 5620 6.
1150 5559 1192 5591 “
1235 5554 1397 5616 Joan.
1429 5575 1520 5624 xv,
1565 5557 1654 5613 15.

2270 4785 2370 4856 ἵνα
2399 4785 2507 4856 τὸν
2535 4786 2792 4856 Χριστὸν
2817 4786 3161 4856 παραδώσῃ.
3204 4790 3342 4855 Περὶ
3382 4787 3491 4855 τῆς
3521 4789 3772 4855 ἐντολῆς

2262 4854 2368 4930 {of}
2416 4853 2660 4930 strongly:
2697 4853 3226 4930 mtjx'org._ﬂspl
3282 4853 3392 4912 τοῦ
3440 4853 3772 4928 ζητοῦντος

2261 4923 2510 4992 Πέτρου,
2538 4923 2663 4978 ποῦ
2690 4924 2902 4994 ὑπάγει
2931 4928 2962 4978 ό
2991 4923 3223 4994 Κύρος.
3507 4923 3518 4928 Ἴ
3795 4929 3803 4937 ”

2272 5055 2291 5088 ι
2328 5037 2442 5107 Πρὸ
2468 5037 2526 5090 δὲ
2567 5038 2663 5108 τῆς
2695 5039 2887 5110 ἑορτῆς
2917 5039 3011 5093 τοῦ
3050 5041 3242 5111 Πάσχα
3272 5041 3429 5104 εἰδὼς
3457 5043 3487 5093 6
3549 5038 3770 5111 Ἰησοῦς»

2194 5129 2277 5182 ὅτι
2313 5128 2572 5198 ἐλήλυθεν
2602 5129 2768 5183 αὑτοῦ
2811 5133 2843 5201 ἡ
2888 5131 3028 5202 ὥρα,
3064 5133 3150 5186 ἴνα
3194 5135 3404 5205 μεταδῇ
3447 5136 3512 5188 ὲκ
3551 5134 3642 5188 τοῦ
3679 5133 3770 5185 x6-

2199 5237 2336 5290 σμου
2366 5220 2557 5273 τούτου
2590 5221 2724 5288 πρὸς
2751 5223 2842 5276 τὸν
2867 5223 3102 5293 Πατέρα,
3133 5227 3430 5296 ἀγαπήσας
3452 5227 3579 5288 τοὺς
3616 5225 3770 5286 ἰδίους

2194 5312 2322 5376 τοὺς
2365 5313 2422 5366 ἐν
2474 5312 2550 5382 τῷ
2593 5313 2802 5384 κόσμῳ,
2845 5316 2926 5378 εις
2969 5315 3120 5379 τέλος
3167 5317 3456 5388 ἠγάπησεν
3495 5317 3712 5380 αὐτούς.
3745 5334 3764 5367 ι

2194 5404 2348 5474 ᾝδει
2385 5406 2482 5475 μὲν
2513 5409 2539 5460 6
2563 5405 2766 5477 Κύριος
2799 5409 2894 5461 καὶ
2916 5410 3020 5480 πρὸ
3053 5412 3272 5466 πάντων
3298 5414 3407 5467 τῶν
3434 5415 3648 5469 αἰώνων
3675 5412 3768 5482 τὴν

1475 5680 1565 5739 Ex
1604 5675 1949 5740 collatione
1981 5674 2167 5738 codd.
2209 5676 2434 5738 Venet.
2474 5678 2535 5738 S.
2572 5681 2792 5741 Marci.

581 5808 691 5877 (5i)
745 5809 878 5867 Cod.
925 5807 1016 5878 26,
1047 5807 1285 5873 Ἐκεῖνος
1337 5805 1658 5878 κατακρίνει
1703 5803 1866 5858 αὑτὸν
1909 5805 1967 5859 ἐν
2020 5807 2085 5876 τῇ

2205 5806 2322 5874 εάτῃ
2369 5803 2570 5874 ἡμέρᾳ.
2607 5821 2623 5854 ι
2660 5803 2752 5858 Ille
2813 5802 3193 5863 condemnabit
3252 5809 3426 5880 ipsum
3497 5814 3550 5866 in
3589 5819 3766 5868 extre-

513 5895 599 5936 ma
629 5882 736 5936 dte.
771 5897 792 5931 ο
