4060 6610
347 359 458 422 liii

344 472 582 545 Πέτρον.

339 565 594 630 λοιποὺς,
650 568 798 631 εἰκὸς
861 570 934 639 μὴ
988 570 1298 639 ἀντιδῆναι.
1346 572 1480 625 ἀλλὰ
1522 572 1922 637 καταδέξασθαι

340 662 453 732 τὴν
482 660 743 731 τοιαύτην
770 661 934 732 τιμὴν
963 660 1112 731 παρὰ
1152 661 1246 715 τοῦ
1290 662 1463 732 ’ῐησοῦ
1505 663 1922 734 προσαγομένην

341 756 557 817 αὐτοῖς.
596 755 739 823 Ὅρα
768 753 822 806 δὲ
854 754 949 806 καὶ
994 753 1088 806 τοῦ
1116 755 1320 826 Πέτρου
1358 754 1429 809 τὰ
1470 757 1707 827 ῥήματα,
1752 759 1924 825 πόσην

341 845 590 913 ἔμφασιν
620 842 824 914 ἔχουσι’
859 865 877 897 ι
916 842 988 899 Σύ
1026 863 1128 918 μου
1159 846 1368 910 νίπτεις
1394 847 1516 909 τοὺς
1546 848 1710 911 πόδας
1750 868 1767 899 ι
1806 850 1925 912 ταῖς

340 938 506 1007 χερσὶ
539 937 785 1000 ταύταις,
812 931 899 1001 αἷς
931 938 1166 1007 λεπροὺς
1197 940 1550 1010 ὲκαθάρισας,
1582 935 1672 1005 αἷς
1698 943 1925 1010 νεκροὺς

341 1031 671 1099 ἀνήγειρας,
721 1023 809 1093 αἷς
856 1030 1165 1100 ὀφθαλμοὺς
1212 1032 1426 1099 τυφλῶν
1462 1031 1737 1103 ἀνέῳξαςς
1795 1035 1865 1087 Σὺ
1901 1036 1926 1087 ό

340 1120 522 1174 ταῦτα
574 1121 669 1173 καὶ
720 1120 890 1175 πλείω
928 1120 1183 1193 ποιήσας,
1219 1122 1354 1191 ἐμοῦ
1410 1124 1502 1177 τοῦ
1565 1114 1774 1187 δούλου,
1827 1122 1923 1179 τοῦ

342 1213 619 1284 ἀμαθοῦς,
651 1215 745 1270 καὶ
791 1216 849 1268 οὐ
881 1218 1088 1285 χεῖρας,
1124 1217 1245 1270 οὐδέ
1280 1217 1408 1273 ἄλλο
1456 1218 1621 1291 μέρος
1653 1220 1926 1290 ἐντιμότε-

346 1322 466 1376 ρον,
499 1306 638 1360 ἀλλὰ
684 1307 873 1370 πόδας,
924 1308 985 1361 τὸ
1029 1306 1254 1379 ἔσχατον
1313 1309 1552 1377 πάντων,
1591 1311 1651 1364 τὸ
1692 1311 1925 1379 μάλιστα

346 1396 748 1467 ῥυπαινόμενον
785 1398 943 1468 μέλος
971 1400 1060 1452 καὶ
1090 1400 1282 1470 ἄτιμον
1311 1401 1535 1469 δοκοῦη
1577 1401 1644 1455 Τί
1670 1402 1725 1456 δὲ
1755 1405 1783 1456 ό
1814 1403 1926 1456 Κύυ

345 1506 506 1562 ριοςς
546 1510 564 1542 ι
607 1492 672 1545 Ὃ
706 1492 843 1545 ποιῶ
873 1492 1004 1560 ἐγὼ,
1048 1494 1111 1546 σὺ
1159 1493 1255 1547 νῦν
1283 1495 1383 1548 οὐκ
1421 1490 1592 1560 οἶδας,
1641 1515 1659 1548 ι
1698 1496 1799 1550 ὃτι
1829 1514 1925 1550 τα-

345 1586 778 1655 πεινοφροσύνην
810 1587 1050 1656 περιέχει
1081 1586 1302 1658 πολλὴν,
1338 1588 1430 1641 καὶ
1468 1589 1669 1660 ταύτην
1693 1590 1926 1644 διδάσκω

343 1676 446 1727 καὶ
494 1675 661 1744 ὑμᾶς.
721 1694 740 1728 ι
791 1677 948 1731 Μετὰ
985 1678 1159 1732 ταῦτα
1223 1698 1241 1731 ι
1299 1679 1502 1750 μέντοι,
1548 1681 1636 1734 ὅτε
1700 1683 1779 1752 τῲ
1808 1681 1926 1752 ἐμῷ

343 1766 575 1835 όιόματι
599 1766 850 1838 δαιμόνια
882 1769 1151 1836 ἐκϐαλεῖς,
1184 1772 1310 1824 ὅταν
1334 1771 1451 1844 ἴδῃς
1471 1780 1536 1843 με
1563 1774 1643 1837 είς
1663 1775 1923 1844 οὐρανοὺς

342 1859 886 1930 ἀναλαμϐανόμενον,
914 1862 1044 1915 ὅταν
1072 1863 1223 1934 παρὰ
1250 1864 1342 1919 τοῦ
1375 1865 1512 1918 ῐῐνεύ
1523 1883 1691 1935 ματος
1726 1864 1927 1937 μάθῃς,

340 1952 430 2005 ὅτι
464 1954 527 2006 ἐκ
560 1953 748 2016 δεξιῶν
781 1953 1023 2025 κάθημαι
1053 1955 1145 2008 τοῦ
1176 1956 1408 2028 Πατρός,
1438 1958 1560 2012 τότε
1599 1978 1617 2010 ι
1657 1959 1862 2030 γνώσῃ,
1901 1976 1921 2011 ι

342 2038 431 2097 δτι
491 2045 521 2097 ό
567 2045 714 2099 οὕτω
746 2047 1122 2113 ταπεινωθεὶς,
1175 2048 1251 2113 ὡς
1305 2051 1553 2114 καὶτοὺς
1608 2052 1775 2115 πόδας
1833 2070 1928 2106 σου

343 2132 523 2203 νῖψαι,
557 2136 761 2199 ἐκεῖνός
794 2152 874 2188 σοι
897 2126 1078 2191 δίδωσι
1110 2137 1207 2209 τὴν
1237 2138 1503 2211 τοσαύτην
1525 2140 1753 2211 δύναμιν
1788 2141 1930 2196 κατὰ

343 2225 643 2295 δαιμόνων,
687 2226 782 2279 καὶ
817 2228 1115 2297 ἀνελὴτθη,
1164 2220 1261 2281 καί
1294 2229 1654 2301 συνεδοξάσθη
1703 2232 1781 2302 τῷ
1820 2232 1934 2285 Ila-

345 2318 465 2386 τρὶ,
524 2317 689 2387 μηδὲν
738 2318 1063 2381 ἐλαττωθεὶς
1112 2320 1178 2373 ἐκ
1224 2314 1318 2373 τοῦ
1376 2320 1784 2376 ταπεινοῦσθαιο
1838 2324 1932 2378 καὶ

345 2405 495 2461 οὕτω
517 2407 701 2461 λοιπον
727 2408 1044 2479 ἐνστερνίσῃ
1076 2409 1167 2462 καὶ
1198 2410 1357 2473 αὐτὸς
1390 2410 1489 2482 τὴν
1516 2412 1867 2482 ταπείνωσιν,
1896 2414 1930 2485 ἠ

351 2498 557 2569 μᾶλλον
583 2500 729 2569 {id/of,
762 2503 853 2552 καὶ
884 2501 987 2553 οὐκ
1013 2501 1242 2559 ἐλαττοῖ.

433 2610 453 2643 ι
484 2592 653 2661 Λέγει
711 2592 859 2664 αὐτῷ
914 2590 1116 2665 Πέτρος
1137 2610 1151 2626 ο
1183 2594 1258 2647 Οὐ
1309 2592 1384 2664 μὴ
1414 2593 1575 2668 νίψῃς
1605 2596 1731 2659 τοὺς
1766 2596 1933 2660 πέδας

352 2700 461 2754 μου
487 2684 567 2747 είς
602 2684 696 2738 τδν
725 2684 917 2739 αἰῶνα.
960 2677 1255 2756 Ἀπεκρίθη
1279 2685 1427 2757 αὐτῷ
1456 2689 1485 2740 ό
1522 2688 1757 2758 Ἰησοῦςο
1808 2689 1935 2742 Ἐὰν

353 2777 436 2847 μὴ
460 2774 598 2846 νίψω
635 2795 715 2842 σε,
739 2779 838 2831 οὐκ
869 2777 1010 2848 ἔχεις
1065 2778 1228 2849 μέρος
1261 2778 1376 2849 μετ’
1400 2768 1555 2850 ἐμοῦ.
1597 2780 1758 2847 Λέγει
1786 2780 1933 2852 αὐτῷ

349 2871 543 2939 Σίμων
576 2870 820 2941 Πέτρος·
858 2860 1050 2940 Κύριε,
1103 2869 1178 2941 μὴ
1232 2871 1353 2933 τοὺς
1407 2871 1571 2935 πόδας
1620 2888 1719 2941 μου
1754 2872 1930 2943 μόνον,

348 2958 495 3014 ἀλλᾶ
519 2959 614 3013 καὶ
640 2961 737 3022 τὰς
767 2963 972 3032 χεῖρας,
1006 2961 1099 3012 καὶ
1122 2960 1218 3032 τὴν
1242 2960 1506 3030 κεφαλήν.
1539 2979 1557 3012 ι
1597 2959 1768 3025 Σέϐας
1800 2962 1932 3015 πολὺ

349 3050 435 3120 τῷ
468 3052 656 3123 Πέτρῳ
690 3055 825 3123 πρός
876 3052 966 3106 τὸν
998 3052 1332 3116 διδάσκαλον,
1370 3052 1450 3106 διὸ
1505 3054 1597 3107 καὶ
1631 3054 1935 3110 εὐλαόεῖται

992 366 1434 427 ENARRATIO
1476 368 1556 427 ΙΝ
1590 368 2092 431 EVANGELIUM
2133 371 2479 434 JOANNIS.
2538 397 2606 409 --
2641 373 2803 435 CAP.
2841 371 3019 432 Xlll.
3086 428 3098 443 κ

664 476 757 529 Ἐκ
809 476 865 530 δὲ
925 477 1015 531 τοῦ
1072 478 1282 549 Πέτρου
1343 478 1732 541 παιδευθέντας
1796 480 1922 542 τοὺς

2039 489 2102 535 est
2135 495 2238 534 non
2272 482 2696 544 contravcnisse,
2728 481 2823 537 sed
2857 483 3117 535 honorem
3147 478 3335 533 lmnca
3367 477 3595 532 Domino

3491 370 3591 432 13.0

2022 573 2188 644 687
2219 573 2535 642 suscepisse.
2570 573 2704 630 Vide
2747 582 2923 627 autem
2954 583 3010 628 et
3041 571 3186 627 Petri
3233 570 3393 625 verba
3429 568 3590 637 quan-

2026 677 2130 719 tam
2171 658 2402 721 habeant
2446 668 2768 734 emphasim,
2809 686 2828 720 ι
2875 662 2953 722 Tu
3005 660 3154 720 lavas
3182 679 3332 719 meos
3374 664 3535 734 pedes
3574 683 3592 715 ι

2027 760 2273 815 manibus
2309 759 2414 814 illis
2443 752 2636 830 quibus
2662 760 2847 815 oculbs
2877 760 3139 816 czecornm
3167 758 3447 830 aperuisti,
3480 756 3596 827 qui-

2026 852 2125 906 bus
2172 851 2411 920 leprosos
2452 852 2744 918 muudasti,
2780 853 2976 921 quibus
3007 862 3249 908 mortuos
3280 850 3600 907 suscitasti?

2026 940 2104 999 Tu
2145 947 2233 1013 qui
2269 945 2385 1001 hinc
2429 956 2481 1001 ct
2518 945 2721 1015 majora
2772 945 2946 1000 fecisti
2972 986 2988 1009 ,
3023 960 3193 1012 meos,
3235 942 3379 999 servi
3424 942 3598 1011 impc-

2026 1038 2135 1101 riti,
2169 1047 2222 1091 et
2265 1052 2371 1092 non
2405 1052 2616 1104 manus,
2666 1051 2842 1108 neque
2869 1034 3030 1092 aliam
3071 1047 3276 1106 partem
3322 1030 3599 1091 honestio-

2025 1143 2165 1192 rem.
2224 1131 2321 1185 sed
2376 1129 2571 1199 pedes,
2620 1130 2712 1200 qui
2763 1138 3019 1185 extremae
3063 1129 3306 1185 omnium
3364 1129 3600 1182 maxime

2026 1223 2256 1278 sordidae
2305 1230 2487 1292 partes
2524 1238 2588 1277 ac
2650 1222 3022 1293 ignominiosa:
3072 1221 3382 1276 habemur?
3458 1220 3600 1288 Quid

2027 1314 2191 1386 igitur
2222 1316 2299 1370 ait
2338 1314 2630 1371 Dominus?
2669 1333 2687 1368 ι
2734 1315 2886 1383 Quod
2916 1331 3015 1386 ego
3043 1314 3202 1380 facio,
3242 1324 3295 1371 tu
3331 1330 3477 1368 nunc
3508 1329 3602 1369 ne-

2028 1407 2153 1473 seis,
2194 1426 2212 1460 ι
2248 1407 2388 1477 quod
2433 1422 2698 1463 summam
2729 1406 3085 1463 humilitatem
3133 1405 3187 1460 in
3229 1420 3287 1461 se
3335 1406 3600 1471 continet,

2028 1502 2081 1548 et
2111 1494 2354 1550 eamdem
2384 1509 2480 1550 vos
2503 1506 2717 1566 quoque
2758 1496 2946 1551 doceo.
2978 1514 2997 1547 ι
3036 1494 3291 1561 Posthac,
3323 1514 3342 1547 ι
3380 1492 3601 1565 quando

2026 1584 2212 1655 ejicies
2250 1586 2302 1639 in
2336 1601 2457 1642 meo
2480 1588 2698 1643 nomine
2725 1588 3012 1651 daemonia,
3038 1584 3252 1656 quando
3284 1585 3489 1641 videbis
3512 1599 3605 1673 lue

2030 1677 2082 1732 in
2135 1677 2328 1733 cmlum
2370 1679 2531 1745 sumi,
2564 1680 2782 1750 quando
2820 1695 2849 1733 a
2891 1677 3100 1749 Spiritu
3151 1677 3328 1733 disces
3360 1678 3505 1748 quod
3536 1678 3604 1732 ad

2030 1770 2303 1825 dexteram
2350 1770 2562 1825 sedeam
2589 1770 2792 1835 Patris,
2842 1777 2970 1826 tunc
3023 1789 3041 1823 ι
3073 1770 3213 1825 scies
3246 1788 3265 1822 ι
3321 1769 3463 1839 quod
3517 1762 3607 1824 ille

2031 1860 2123 1932 qui
2166 1860 2236 1916 ita
2263 1860 2341 1916 sic
2382 1877 2440 1916 se
2481 1862 2728 1917 humiliat
2763 1871 2822 1917 ut
2854 1870 2909 1916 et
2946 1862 3113 1933 pedes
3150 1872 3271 1918 tuos
3304 1862 3469 1929 lavet,
3507 1862 3605 1918 tibi

2032 1957 2121 2010 det
2158 1964 2357 2010 tantam
2394 1956 2647 2009 virtutem
2680 1967 2863 2009 contra
2896 1956 3188 2021 daemones,
3220 1965 3274 2012 et
3297 1965 3608 2025 assumptus

2031 2046 2123 2113 sit,
2163 2056 2218 2101 et
2262 2046 2591 2117 gloriﬁcatus
2628 2061 2748 2102 cum
2792 2044 2972 2109 Patre,
3014 2044 3066 2100 in
3112 2045 3259 2101 nullo
3289 2044 3608 2101 imminutus

2030 2149 2252 2210 propter
2275 2154 2425 2193 suam
2460 2137 2914 2192 humiliationem.
2946 2137 3013 2192 Et
3042 2137 3115 2193 ita
3139 2152 3280 2192 nunc
3312 2137 3365 2191 in
3389 2143 3607 2205 pectore

2034 2236 2125 2286 tuo
2154 2232 2441 2286 conserves
2470 2229 2633 2284 etiam
2657 2230 2772 2299 ipse
2798 2220 3181 2294 humilitatem,
3212 2240 3330 2298 qum
3353 2233 3403 2282 te
3434 2224 3611 2296 magis

2034 2321 2318 2388 exaltabit,
2348 2336 2509 2391 quam
2539 2318 2863 2375 humiliabit.

2109 2592 2268 2665 Vsus,
2293 2596 2346 2663 8,
2381 2594 2437 2652 9.
2473 2614 2491 2647 ‹
2526 2593 2666 2649 Dieit
2694 2593 2741 2648 ei
2771 2591 2967 2649 Petrus
3016 2588 3173 2646 :Non
3204 2586 3411 2643 lavabis
3446 2590 3609 2657 pedes

2036 2696 2184 2747 meos
2213 2691 2267 2745 in
2309 2694 2590 2745 aeternum.
2635 2684 2933 2755 Respondit
2963 2684 3010 2738 ei
3042 2680 3236 2738 Jesus:
3271 2678 3329 2736 Si
3368 2696 3475 2735 non
3529 2680 3609 2735 la-

2035 2799 2162 2838 vero
2194 2793 2264 2844 te,
2308 2787 2411 2835 non
2445 2778 2669 2834 lialiebis
2711 2782 2918 2846 partem
2965 2786 3196 2830 mecum.
3249 2766 3390 2828 Dicit
3435 2772 3485 2826 ei
3525 2772 3611 2826 Si-

2038 2891 2157 2928 mon
2203 2872 2427 2927 Petrus:
2458 2866 2696 2935 Domine,
2729 2880 2835 2922 non
2889 2873 3093 2921 tantum
3126 2864 3289 2934 pedes
3320 2872 3491 2929 meos,
3517 2858 3611 2919 sed

2036 2977 2088 3021 et
2118 2980 2328 3027 manus,
2369 2970 2420 3016 et
2455 2968 2635 3030 eaput.
2680 2978 2698 3012 ι
2739 2952 2927 3029 Magna
2974 2957 3276 3013 reverentia
3307 2955 3451 3011 Petri
3487 2958 3612 3025 erga

2038 3058 2368 3124 magistrum,
2410 3055 2550 3108 unde
2583 3062 2636 3106 et
2673 3049 2923 3121 religiose
2950 3051 3091 3107 lianc
3132 3051 3248 3122 ejus
3281 3056 3467 3104 cnram’
3494 3064 3522 3102 a
3555 3062 3613 3101 se

352 3144 568 3215 σφόδρα
630 3145 725 3199 καὶ
771 3145 1155 3214 ἀποπέμπεται
1186 3145 1283 3215 τὴν
1326 3146 1580 3218 τοιαύτην
1620 3147 1932 3220 θεραπείαν.

2040 3148 2314 3201 amandat.
2367 3144 2626 3213 Qitamvis
2667 3153 2844 3198 autem
2900 3152 2953 3197 et
2996 3141 3101 3197 alio
3148 3143 3267 3197 loco
3305 3140 3615 3210 increpatns

351 3236 478 3289 Κᾶν
505 3235 612 3306 γὰρ
667 3235 761 3289 καὶ
787 3237 975 3290 ἄλλοτε
1009 3236 1312 3308 ἐπετιμήθη
1344 3238 1495 3307 παρὰ
1548 3238 1804 3309 Χριστοῦ,
1841 3240 1934 3293 καὶ⁸

352 3326 576 3380 ἕδειδιὰ
629 3326 758 3395 γοῦν
792 3328 890 3398 τὴν
918 3327 1230 3398 ἐπιτίμησιν
1281 3329 1497 3398 ἐκείνην
1542 3329 1934 3395 καταδέξασθαι

352 3421 454 3473 καὶ
482 3418 575 3471 νῦν
602 3419 984 3482 ὑπονίπτοντος
1017 3420 1178 3473 αὐτὸν
1216 3418 1308 3472 τοῦ
1332 3421 1556 3491 Κυρίου,
1587 3421 1701 3475 ἀλλ’
1735 3423 1826 3477 οὖν
1849 3423 1936 3478 διὰ

352 3513 421 3565 τδ
455 3511 599 3579 μέγα
633 3511 727 3563 καὶ
752 3510 885 3563 πολὺ
917 3506 1056 3565 εἶναι
1086 3510 1149 3563 τὸ
1172 3511 1265 3565 νῦν
1321 3513 1469 3583 παρὰ
1505 3514 1741 3583 Χριστοῦ
1788 3517 1938 3585 γινό-

358 3619 549 3672 μενον,
584 3605 951 3672 παραιτεῖται,
981 3602 1075 3655 καὶ
1102 3602 1201 3672 οὐχ
1228 3602 1630 3673 ὑπολογίζεται,
1664 3606 1745 3659 ὅτι
1775 3606 1937 3661 πάλιν

280 3753 291 3758 ,
355 3695 515 3766 αὐτῷ
547 3696 860 3766 ἐπιτιμήσει
899 3690 1027 3758 ἴσως
1078 3694 1432 3766 σφοδρότερον
1461 3695 1537 3759 ὡς
1567 3697 1879 3753 ἀπειθοῦντι
1910 3702 1938 3754 δ

356 3790 591 3860 Κὺριος.
625 3788 688 3840 Τί
717 3785 808 3841 οὖν
832 3790 859 3842 ό
896 3780 1168 3857 Χριστός;
1211 3789 1285 3841 Οὐ
1328 3789 1476 3857 λέγει
1503 3790 1673 3861 αὐτῷ,
1724 3792 1803 3844 ὅτι
1827 3792 1936 3846 Τα-

356 3879 797 3950 πεινοφροσύνην
846 3897 905 3932 σε
936 3879 1188 3947 διδάσκω,
1237 3872 1284 3934 ὦ
1315 3881 1509 3951 Πέτρε,
1548 3882 1641 3934 καὶ
1670 3881 1755 3935 διὰ
1781 3882 1938 3936 τοῦτο

355 3971 540 4026 νίπτω
572 3985 663 4022 σου
685 3971 807 4033 τοὺς
840 3970 1025 4033 πόδας.
1067 3966 1202 4024 Εἷπε
1237 3971 1344 4042 γὰρ
1373 3971 1438 4024 ἂν
1476 3971 1624 4042 αὐτῷ
1654 3974 1682 4025 ό
1710 3973 1934 4045 Πέτρος,

357 4063 463 4115 καὶ
488 4062 835 4131 ἐπωμόσατο,
867 4063 948 4115 ὃτι
983 4060 1075 4114 καὶ
1104 4063 1270 4134 χωρὶς
1299 4061 1392 4116 τοῦ
1418 4063 1543 4127 τοὺς
1580 4065 1745 4126 πόδας
1783 4067 1941 4137 νίψα-

362 4152 497 4206 σθαι
546 4152 644 4223 τὴν
669 4151 1166 4224 ταπεινοφροσύνην
1195 4152 1449 4225 ἀσκήσει.
1497 4155 1657 4208 Ἀλλὰ
1701 4158 1753 4209 τί
1808 4172 1940 4228 φησι

361 4244 507 4316 πρὸς
536 4244 731 4310 aia-.6»);
786 4245 851 4298 "0
882 4245 1112 4315 μάλιστα
1149 4245 1413 4313 ἐγίνωσκε
1440 4245 1631 4301 δάκνον
1655 4249 1816 4303 αὑτοῦ
1844 4250 1941 4322 τὴν

360 4334 623 4406 καρδίαν,
642 4334 799 4387 τοῦτο
820 4336 1047 4388 ἐπισείει
1079 4334 1249 4406 αὐτῷ,
1293 4335 1544 4409 καθάπερ
1570 4355 1621 4391 τι
1649 4336 1939 4411 φόϐῃ-ερον,

368 4446 395 4480 σ
438 4424 569 4482 Ἐὰν
616 4427 695 4498 μὴ
713 4427 852 4497 νίψω
881 4444 962 4492 σε,
1012 4427 1208 4496 λέγων,
1256 4429 1357 4483 οὐκ
1406 4429 1552 4500 ἔχεις
1605 4431 1771 4504 μέρος
1827 4432 1942 4503 μετ’

2037 3240 2198 3295 fuerit
2254 3254 2283 3292 a
2317 3236 2533 3298 Chi~i3to
2565 3236 2630 3300 3‘,
2676 3242 2731 3290 et
2753 3228 3039 3302 oportebat
3079 3242 3226 3288 certe
3255 3242 3308 3287 et
3340 3232 3407 3287 ob
3436 3232 3611 3285 incre-

2038 3333 2304 3402 patiouem
2369 3332 2701 3398 superiorem
2763 3341 2905 3382 nunc
2958 3324 3273 3396 permittere
3308 3326 3365 3379 ut
3411 3323 3616 3378 lavaret

2038 3424 2213 3494 ipsum
2247 3422 2548 3486 Dominus;
2583 3422 2760 3474 tamen
2812 3418 2935 3487 quia
2977 3428 3147 3487 u5que
3177 3418 3311 3473 adeo
3361 3418 3614 3488 magnum

2038 3523 2155 3572 erat
2194 3513 2334 3583 quod
2373 3514 2407 3567 a‘
2451 3510 2672 3567 Christo
2729 3511 3039 3579 gerebatur,
3098 3518 3348 3574 recusat;
3410 3517 3464 3562 et
3507 3522 3614 3562 non

2039 3607 2239 3679 cogitat
2284 3604 2427 3675 quod
2473 3604 2667 3658 iterum
2719 3602 3095 3669 inerepatnrus
3146 3602 3218 3655 sit
3270 3610 3392 3653 eum
3452 3600 3617 3652 vehe-

2039 3699 2274 3756 mentius
2316 3706 2566 3764 tanquam
2598 3693 2993 3749 inobedieutem
3024 3691 3302 3747 Dominus.
3341 3690 3480 3758 Quid
3513 3689 3616 3759 igi-

2042 3803 2128 3848 tur
2166 3792 2412 3847 Christus
2428 3782 2457 3844 τ’
2479 3787 2533 3844 Si
2565 3776 2809 3853 dixisset,
2856 3786 3224 3842 Humilitatem
3262 3788 3312 3841 te
3351 3785 3540 3851 dooeo,
3579 3799 3613 3836 o

2041 3883 2220 3951 Petre,
2264 3893 2315 3939 et
2342 3880 2625 3952 propterea
2656 3880 2776 3934 lavo
2801 3882 2919 3934 tuos
2950 3877 3113 3948 pedes
3139 3895 3152 3932 :
3185 3876 3414 3932 dixisset
3432 3876 3619 3943 utique

2041 3977 2092 4032 ei
2130 3970 2343 4038 Petros,
2386 3981 2439 4027 et
2477 3970 2738 4040 iurasset,
2774 3970 2915 4040 quod
2955 3967 3117 4022 etiam
3155 3967 3357 4034 alisque
3422 3964 3616 4032 pedum

2041 4068 2241 4123 lotione
2293 4048 2650 4121 humilitatem
2703 4062 3025 4118 exercuerit.
3078 4060 3181 4115 Sed
3222 4058 3349 4128 quid
3396 4056 3526 4113 dicit
3552 4056 3621 4112 ad

2045 4159 2231 4216 illum?
2259 4157 2412 4227 Quod
2446 4156 2678 4211 maXime
2717 4155 2924 4212 sciebat
2946 4167 3039 4208 cor
3075 4151 3191 4222 ejus
3222 4149 3616 4213 vell‘icaturum,

2045 4253 2234 4309 incutit
2307 4252 2357 4306 ei
2413 4260 2671 4320 tanquam
2741 4246 3238 4303 terriculamentum
3311 4242 3619 4313 quoddam.

2051 4363 2069 4397 ι
2110 4341 2222 4398 Nisi
2270 4342 2448 4397 lavero
2492 4346 2543 4395 te
2584 4334 2809 4410 (dicens)
2859 4351 2964 4392 non
3003 4336 3168 4390 habes
3234 4344 3443 4403 partem
3490 4340 3622 4386 'tne-

2046 4436 2191 4489 cum.
2238 4450 2257 4485 ι
2298 4429 2429 4486 Nam
2464 4444 2584 4485 cum
2625 4431 2736 4499 ipse
2769 4434 2878 4498 prae
2906 4425 3158 4481 omnibus
3188 4424 3308 4478 aliis
3345 4420 3622 4492 discipulis

363 4518 530 4590 ἐμοῦ.
566 4538 587 4571 ι
632 4517 783 4573 Ἐπεὶ
809 4519 917 4588 γὰρ
950 4519 1112 4584 αὐτὸς
1138 4516 1207 4591 ἦν
1263 4522 1293 4574 ό
1327 4520 1565 4592 μάλιστα
1589 4523 1807 4576 πάντων
1838 4524 1934 4578 τῶι

2053 4525 2224 4594 magis
2256 4524 2595 4580 desideraret
2621 4535 2739 4576 esse
2771 4530 2892 4575 eum
2931 4516 3168 4581 Christo,
3202 4516 3320 4571 ideo
3378 4515 3621 4586 rogabat,

364 4611 550 4665 ἄλλων
583 4610 842 4684 μαθητῶν
896 4612 1078 4666 ποθῶν
1129 4615 1368 4668 συνεῖναι
1420 4614 1642 4686 Χριστῷ
1706 4615 1806 4687 (διὸ
1856 4616 1950 4670 καὶ

361 4704 578 4777 ἠρώτα*
613 4724 632 4758 ι
653 4705 763 4759 Ποῦ
795 4704 1059 4774 ὗπάγεις;
1101 4723 1120 4758 ι
1150 4705 1267 4772 καὶ,
1290 4725 1308 4759 ι
1334 4706 1444 4777 Τὴν
1467 4706 1651 4777 ψυχήν·
1682 4724 1782 4778 μου
1809 4707 1948 4779 ὑπὲρ

367 4798 470 4852 σοῦ
497 4798 666 4870 θήσω,
697 4816 719 4849 ι
772 4797 1239 4867 ἐπαγγελλόμενος
1283 4798 1340 4864 ἐξ
1373 4798 1653 4869 ἀγάπης),
1697 4799 1785 4854 διὰ
1816 4799 1950 4854 ma.

365 4907 479 4961 της-
497 4892 597 4962 τῆς
624 4889 849 4960 ἀπειλῆς
880 4888 1159 4943 κατασείει
1203 4888 1379 4944 αὐτοῦ
1395 4888 1491 4960 τὴν
1518 4889 1718 4964 ψυχήν.
1762 4910 1780 4942 ι
1822 4892 1947 4946 Ἐὰν

364 4983 483 5054 γὰρ
506 4983 580 5052 μὴ
613 4982 748 5053 νίψω
772 4999 852 5048 σε,
888 4982 1071 5053 φησὶν,
1110 4982 1211 5036 οὐκ
1239 4981 1383 5053 ἔχεις
1415 4982 1577 5053 μέρος
1604 4982 1720 5054 μετ’
1755 4982 1942 5054 ἐμοῦ.»

380 5077 476 5140 Ὦς
505 5071 600 5130 οὗν
629 5076 831 5148 ἢκουσε
856 5068 1060 5146 Πέτρος
1078 5074 1289 5146 ταύτην
1306 5076 1407 5146 τὴν
1431 5074 1668 5146 φοϐερὰν
1694 5074 1947 5148 ἀπειλὴν,

366 5170 500 5224 ὅσον
516 5165 582 5239 ἦν
611 5169 668 5221 ἐν
697 5162 765 5239 τῇ
783 5168 1112 5240 παραιτήσεί
1135 5167 1383 5239 σφοδρὸς,
1410 5167 1661 5224 τοσοῦτον
1684 5170 1778 5223 καὶ
1802 5171 1947 5243 eam

373 5259 746 5329 συγχωρήσει.
785 5257 982 5329 μᾶλλον
1019 5259 1077 5313 δὲ
1128 5260 1221 5313 καὶ
1281 5248 1658 5331 σφοδρότερος,
1714 5262 1823 5333 ὅσῳ
1854 5263 1950 5317 καὶ

370 5350 478 5420 τὴν
502 5351 744 5423 κεφαλὴν
767 5353 854 5414 εἰς’
885 5350 950 5405 τδ
971 5351 1229 5422 νίψασθαι
1267 5344 1502 5411 δίδωσιν.
1550 5355 1861 5425 Ἀμφότεροι
1890 5348 1949 5408 δὲ

373 5447 441 5512 ἐξ
464 5446 685 5514 ἀγάπης
709 5459 727 5477 ⁸
772 5446 806 5516 ἦ
825 5462 889 5499 τε
915 5446 1025 5519 γὰρ
1049 5444 1385 5518 παραίτησις
1403 5446 1469 5500 ἐκ
1515 5446 1610 5500 τοῦ
1642 5446 1844 5519 σφόδρα
1870 5462 1950 5501 τι-

379 5539 494 5610 μᾷν
521 5537 614 5591 τδν
641 5536 866 5611 Κύριον,
895 5540 931 5611 ἦ
960 5546 1018 5592 τε
1052 5539 1399 5611 συγχώρησις
1423 5539 1487 5593 ἐκ
1526 5528 1620 5593 τοῦ
1672 5540 1746 5611 μὴ
1773 5540 1947 5596 θέλειν

375 5628 716 5703 χωρισθῆναι
740 5629 925 5685 αὺτοῦ.
958 5632 1028 5686 Σὺ
1059 5631 1115 5685 δέ
1157 5648 1269 5703 μοι,
1303 5632 1431 5688 ὅταν
1459 5631 1574 5705 ἴδῃς
1599 5632 1720 5689 τινὰ
1748 5633 1950 5707 σφόδρα

458 5799 501 5835 ³⁸
524 5800 711 5857 Matth.
746 5818 899 5872 xvttt,
928 5804 1019 5872 2|,
1044 5805 1135 5860 2'2.

2062 4640 2080 4674 ι
2114 4616 2232 4687 Quo
2261 4616 2458 4673 vadis?
2501 4635 2519 4669 ι
2556 4621 2629 4682 et,
2669 4631 2688 4666 ι
2722 4612 2975 4667 Animam
3027 4625 3203 4667 meam
3263 4624 3362 4679 pro
3420 4619 3471 4663 te
3525 4622 3620 4677 po-

2052 4728 2201 4777 nam,
2243 4730 2263 4765 ι
2304 4707 2652 4781 promittebat
2672 4720 2736 4761 ex
2776 4694 3036 4761 cliarifate
3068 4721 3081 4757 :
3116 4700 3421 4771 huiusmodi
3465 4700 3625 4755 minis

2052 4805 2291 4862 animum
2341 4799 2603 4858 concutit.
2649 4817 2668 4851 ι
2705 4795 2839 4853 Nam
2889 4797 2934 4852 si
2971 4811 3077 4852 non
3110 4797 3289 4852 lavero
3329 4804 3401 4862 te,
3431 4794 3621 4866 inquit,

2054 4911 2157 4951 non
2228 4894 2393 4948 habes
2457 4900 2663 4961 partem
2709 4900 2939 4943 mecum.
2978 4904 2995 4938 ι
3037 4882 3139 4940 Ubi
3188 4883 3391 4938 audivit
3435 4884 3624 4937 Petrus

2056 4983 2325 5041 terribiles
2369 4981 2534 5037 hasce
2564 4982 2765 5044 minas,
2803 4992 2964 5048 quam
2988 4974 3276 5030 vehemens
3306 4983 3424 5028 erat
3451 4973 3627 5026 detre-

2052 5078 2268 5142 ctando,
2321 5079 2427 5129 ta'm
2462 5072 2774 5136 vehemens,
2822 5070 2928 5124 imo
2977 5066 3350 5124 vehementior
3381 5071 3502 5118 erat
3533 5064 3627 5117 ad-

2056 5168 2340 5236 mittendo,
2361 5169 2435 5220 ita
2456 5174 2514 5220 ut
2542 5166 2597 5219 et‘
2614 5170 2775 5234 caput
2801 5162 2867 5218 ad
2892 5160 3172 5215 lavandum
3202 5158 3374 5229 daret.
3402 5152 3627 5211 Utrum-

2058 5266 2165 5334 que
2192 5270 2368 5317 autem
2395 5275 2461 5314 ex
2494 5257 2757 5314 charitate
2795 5254 2956 5310 ﬂebat
2985 5270 3000 5308 :
3030 5262 3084 5308 et
3124 5250 3463 5316 detrectatio,
3501 5248 3625 5320 quia

2056 5355 2343 5427 plurimum
2386 5350 2709 5406 observabat
2750 5345 3032 5402 Dominum
3063 5362 3077 5399 :
3115 5351 3168 5398 et
3191 5342 3467 5409 admissio,
3501 5341 3624 5411 quia

2057 5461 2087 5502 a
2129 5442 2353 5500 Domino
2398 5442 2634 5514 separari
2685 5440 2916 5494 noleba‘t.
2950 5437 3029 5492 Tu
3065 5445 3245 5490 autem
3272 5450 3392 5492 cum
3428 5434 3628 5491 videris

2061 5537 2291 5608 aliquem
2330 5535 2484 5591 valde
2527 5542 2807 5606 urgentem
2841 5543 2950 5602 prae
2978 5530 3302 5594 temeritate,
3338 5542 3399 5583 ac
3445 5527 3630 5582 dicen-

2062 5640 2188 5701 tem,
2215 5638 2270 5688 et
2312 5643 2433 5685 cum
2483 5628 2808 5700 iuramento,
2849 5620 3019 5696 688
3094 5619 3376 5695 Nunquam
3434 5619 3628 5676 iaciam
