4060 6572
337 388 447 452 153

992 387 1439 450 ENARBATIO
1470 388 1550 447 ΙΝ
1593 381 2095 446 EVANGELIUM
2135 380 2478 443 JOANNIS.
2520 403 2587 418 ·-·
2629 383 2784 444 CAP.
2819 383 2989 444 XIII.

3503 377 3609 448 154

335 526 466 570 στος
502 505 658 577 ἡμῶν
685 508 880 571 ποιεῖν,
911 507 1074 560 ἄκουε
1100 523 1117 539 ⁸
1153 507 1392 577 Ἐχομεν
1426 506 1483 557 ἒν
1510 505 1720 565 ἑαυτοῖς
1748 502 1920 556 ᾶπαν-

2032 514 2245 569 quoque
2281 510 2336 553 ttt
2385 500 2545 556 faciat
2575 502 2844 572 exigatur,
2883 502 3004 555 audi
3033 500 3337 557 :llabemus
3365 502 3416 556 in
3453 505 3606 557 nobis

331 616 433 660 τες
459 601 542 662 εἷς
569 596 807 666 Χριστὸν
841 596 1252 662 πιστεύσαντες,
1306 598 1394 651 τὸν
1437 596 1608 663 Λόγου)
1651 592 1744 648 τοῦ
1784 591 1919 645 Θεοῦ

334 692 438 745 καὶ
468 691 530 744 τὸ
556 689 911 757 εὑαγγελικὸν
943 692 1223 760 κήρυγμα.
1276 691 1484 753 Πάντες
1514 689 1623 759 γὰρ
1659 685 1921 750 ὑπεδεξὶι-

339 783 487 852 μεθα
513 783 605 835 τὸν
640 782 875 851 Χριστὸν
908 785 965 835 ὲν
995 785 1109 847 ταῖς
1139 783 1386 854 καρδίαις
1416 783 1592 852 ἡμῶν,
1630 780 1745 833 ἀλλ’
1769 778 1923 846 ὀφεί-

334 871 510 942 λομεν
549 875 608 926 ὲν
644 874 719 941 τῷ
749 872 949 943 δείπνῳ
998 873 1174 942 τούτῳ
1206 873 1283 942 τῷ
1333 872 1461 943 θείῳ
1492 873 1778 942 ὲξανιστᾷν
1830 869 1922 923 τὸν

334 965 537 1035 Λόγον,
577 965 672 1018 καὶ
710 964 1065 1018 ἀποτίθεσθαι
1097 964 1262 1018 αὑτοῦ
1302 965 1368 1018 τὰ
1412 965 1623 1033 ἱμάτια,
1656 963 1692 1018 ἃ
1719 980 1924 1031 συγκα-

332 1053 639 1109 λύπτουσιν
670 1055 852 1109 αὑτόν.
897 1055 1133 1126 Ὶμάτιον
1179 1056 1235 1109 δέ
1291 1057 1439 1109 ἐστιν
1484 1058 1517 1127 ἡ
1562 1056 1921 1126 φιλαργυρία,

336 1147 559 1215 ἱμάτιον
585 1149 618 1217 ἡ
666 1147 960 1212 κενοδοξία,
1005 1149 1217 1215 ἱμάτιον
1252 1150 1281 1201 6
1327 1148 1541 1216 φθόνος,
1580 1147 1674 1201 καὶ
1695 1148 1924 1201 ἕκαστον

332 1238 452 1290 τῶν
479 1239 655 1292 ἄλλων
688 1237 899 1305 παθῶν,
931 1237 966 1293 ἃ
992 1239 1069 1308 τῷ
1104 1240 1161 1290 ἐν
1192 1240 1322 1309 ἡμῖν
1353 1238 1483 1309 θείῳ
1517 1241 1676 1309 Λόγῳ
1717 1239 1927 1292 ἐπικεί-

337 1346 481 1397 μενα
518 1328 844 1402 βαρύνουσιν
881 1332 1063 1387 αὑτόν.
1107 1331 1292 1385 Ταῦτα
1324 1332 1507 1385 τοίνυν
1559 1332 1640 1385 δεῖ
1670 1331 1927 1385 ἀποτίθε-

336 1422 467 1476 σθαι
491 1424 840 1494 ἐγειρομένου
865 1423 959 1477 τοῦ
990 1424 1187 1492 Λόγου,
1212 1424 1299 1479 ἵνα
1329 1424 1564 1496 ἐλαφρὸς
1588 1423 1664 1477 ὢν
1700 1423 1923 1495 δύνηται

332 1513 441 1583 τὴν
467 1516 743 1586 ἡμετέραν
769 1516 858 1570 διὰ
920 1518 1211 1585 μετανοίας
1274 1517 1542 1588 κάθαρσιν
1597 1519 1915 1589 ἐνεργῆσαι.

349 1605 634 1676 Ἐγερθεὶς
669 1608 775 1677 γὰρ
805 1609 831 1661 6
861 1608 1053 1675 Νότος,
1113 1608 1207 1661 καὶ
1239 1610 1348 1661 πᾶν
1386 1607 1604 1678 φορτίον
1644 1608 1736 1661 καὶ
1772 1607 1924 1678 μέρι-

340 1715 486 1765 μναν
534 1697 789 1769 βιωτικὴν
844 1699 1204 1768 ἀποθέμενος.
1258 1698 1400 1769 νίψει
1453 1700 1582 1763 τοὺς
1619 1699 1922 1770 ἡμετέρους

334 1787 637 1858 λογισμοὺς
701 1789 950 1861 μαθητὰς
1006 1790 1173 1845 αὑτοῦ
1223 1790 1417 1858 ὄντας,
1477 1793 1571 1846 καὶ
1625 1792 1925 1860 ἑπομένους

332 1877 491 1945 αὐτῷ
517 1896 532 1909 ·
570 1878 710 1948 νίψει
756 1879 812 1932 δὲ
844 1881 970 1943 τοὺς
1008 1880 1190 1945 πόδας,
1225 1883 1493 1945 τουτέστι,
1548 1885 1648 1948 τὰς
1687 1901 1922 1953 πρακτι-

333 1968 446 2029 κας
472 1966 630 2037 ἡμῶν
660 1971 901 2038 κινήσεις
959 1971 1054 2024 καὶ
1100 1973 1165 2024 τὰ
1214 1972 1526 2044 διαδήματα
1560 1973 1735 2044 ἡμῶν.
1774 1975 1835 2027 Εἰ
1864 1974 1921 2028 δέ

330 2074 422 2119 τις
453 2060 623 2113 δεῖται
657 2061 852 2130 ἑτέρας
887 2061 1229 2132 καθάρσεως,
1266 2065 1358 2117 καὶ
1413 2066 1512 2137 τῆς
1543 2068 1600 2119 ἐν
1646 2065 1724 2136 τῷ
1775 2066 1922 2120 διδα-

335 2149 586 2221 σκαλικῷ
640 2157 732 2205 καὶ
762 2152 1083 2225 θεωρητικῷ
1121 2156 1526 2226 εὑδοκιμήσεως
1552 2158 1762 2228 ἐφίεται
1785 2200 1797 2218 ,
1831 2159 1922 2210 λεο

332 2244 489 2309 γέτω
546 2244 684 2313 πρὸς
735 2246 827 2298 τὸν
880 2247 1117 2318 Κύριον’
1183 2248 1424 2318 «Κύριε,
1472 2250 1546 2321 μὴ
1598 2252 1724 2313 τοὺς
1758 2251 1925 2314 πόδας

337 2335 527 2403 μόνον,
546 2336 683 2391 ἀλλὰ
711 2339 801 2391 καὶ
820 2338 918 2402 τὰς
934 2342 1121 2410 χεῖρας
1151 2344 1241 2393 καὶ
1266 2340 1364 2412 τὴν
1388 2341 1634 2411 κεφαλήν
1657 2359 1673 2375 ο
1710 2361 1727 2393 ι
1761 2359 1921 2395 τουτ-

334 2428 482 2492 έστι,
512 2430 604 2501 Μὴ
642 2430 801 2500 μόνον
850 2432 918 2483 τὰ
962 2431 1119 2501 διαϐή
1133 2432 1276 2500 ματά
1312 2449 1412 2502 μου
1436 2432 1761 2503 καθαρίσῃς,
1790 2433 1925 2486 ἀλλὰ

335 2522 439 2574 καί
469 2522 568 2586 τὰς
618 2525 827 2594 χεῖρας,
859 2523 933 2586 ὡς
965 2524 1031 2576 ἂν
1064 2524 1160 2576 καὶ
1189 2524 1409 2593 ἑτέρους
1439 2528 1804 2595 χειραγωγεῖν
1832 2526 1925 2579 καὶ

336 2613 481 2684 πρὶς
510 2612 572 2664 τὸ
602 2613 768 2665 καλὸν
820 2613 1339 2681 προσλαμϐάνεσθαι
1366 2614 1611 2683 δύνωμαι
1636 2632 1652 2646 ⁸
1701 2616 1795 2669 καὶ
1830 2617 1927 2686 τὴν

337 2704 605 2772 κεφαλὴν,
637 2705 725 2758 ἵνα
753 2706 812 2758 ἐν
839 2705 917 2775 τῷ
941 2705 1263 2777 θεωρητικῷ
1295 2707 1386 2759 καὶ
1417 2707 1710 2777 θεολογικῴ
1759 2708 1926 2779 μέρει

338 2794 765 2867 κεκαθαρμένην
795 2796 889 2849 καὶ
914 2796 1226 2867 ἀρύπαντον
1273 2797 1370 2868 τὴν
1402 2798 1528 2868 περὶ
1559 2798 1622 2851 τὸ
1665 2798 1819 2851 Θεῖον
1845 2798 1929 2851 δό-

340 2888 440 2953 ξαν
466 2889 593 2959 ἔχω.
628 2886 814 2952 Οὕτως
836 2888 930 2942 οὖν
947 2890 1033 2944 διὰ
1062 2890 1161 2960 τῆς
1184 2889 1622 2960 ὲξομολογήσεως
1651 2890 1928 2961 δυνάμεθα

338 2983 623 3054 νίψασθαι,
645 2983 719 3046 ὡς
740 2983 805 3037 ἂν
833 2985 907 3055 μὴ
930 2984 1162 3051 ἀναξίως
1189 2984 1548 3055 μετάσχωμεν
1573 2987 1665 3039 τοῦ
1690 2985 1926 3054 δείπνου,

344 3094 368 3129 s
401 3076 499 3129 καὶ
531 3077 706 3146 κρῖμα
731 3076 943 3139 ἑαυτοῖς
967 3076 1232 3148 φάγωμεν
1266 3078 1358 3130 καὶ
1388 3077 1624 3147 πίωμεν.
1658 3096 1677 3129 ι

2022 608 2211 649 omnes
2248 595 2337 662 qui
2373 594 2424 648 in
2482 595 2753 655 Christum
2793 596 3087 663 credimus,
3137 594 3370 651 Verbum
3420 599 3511 653 Dei
3552 605 3606 655 ei

2024 683 2301 751 Evangelii
2346 686 2807 754 przedicationem.
2847 688 3049 743 Omnes
3081 689 3223 743 enim
3270 690 3608 760 suscepimus

2023 773 2297 830 Christum
2337 776 2391 830 in
2414 778 2670 832 cordibus
2697 781 2917 834 nostris.
2955 780 3338 836 Seddebemus
3374 783 3426 836 in
3446 799 3600 838 causa

2024 867 2116 922 illa
2148 868 2325 923 divina
2363 870 2600 924 excitare
2630 869 2860 926 Verbum
2892 882 2948 927 ut
2998 884 3201 942 surgat,
3233 886 3289 930 ct
3332 876 3604 945 deponere

2023 960 2142 1027 ejus
2173 972 2369 1025 vestes,
2402 979 2523 1031 quae
2547 964 2806 1033 obtegunt
2834 964 2985 1019 illud.
3018 966 3198 1021 Vestis
3229 977 3309 1020 est
3331 970 3556 1024 avaritia
3584 986 3603 1037 ;

2024 1055 2208 1111 vestis.
2246 1070 2378 1109 vana
2410 1056 2615 1125 gloria:
2659 1057 2845 1121 vestis,
2891 1058 3111 1123 invidia,
3152 1071 3205 1114 et
3238 1064 3441 1130 quaevis
3466 1063 3604 1116 alia-

2026 1161 2142 1199 rum
2189 1146 2533 1203 affuctionum
2591 1166 2709 1218 qua:
2755 1164 3045 1220 aggravant
3087 1152 3323 1208 Verbum
3363 1157 3601 1211 divinant

2026 1237 2079 1291 itt
2109 1239 2280 1294 nobis.
2306 1239 2395 1294 Illa
2419 1250 2622 1310 Oportet
2653 1244 2942 1308 deponere,
2973 1254 3030 1298 ut
3060 1246 3324 1300 excitetur
3341 1247 3601 1314 Verbum,

2024 1341 2078 1385 et
2130 1340 2334 1400 surgat,
2379 1332 2797 1402 expeditumque
2834 1336 2925 1398 sit,
2968 1345 3025 1389 ιιι
3072 1337 3244 1406 possit
3294 1354 3390 1406 per
3434 1341 3607 1408 paeni-

2026 1421 2249 1476 tentiam
2271 1432 2508 1476 nostram
2535 1424 2748 1493 operari
2776 1425 3165 1493 purgationem.
3193 1426 3427 1482 Verbum
3460 1430 3603 1482 cutim

2025 1528 2149 1568 cum
2178 1513 2496 1578 surrexerit,
2523 1523 2577 1569 et
2602 1531 2816 1569 omnem
2848 1516 3118 1571 sarcinam
3159 1517 3607 1572 sollicitudinem-

2025 1621 2131 1672 que
2179 1605 2531 1674 temporalem
2590 1606 2931 1675 deposuerit,
2989 1607 3189 1663 lavabit
3252 1609 3607 1678 cogitationes

2024 1708 2261 1765 nostras,
2315 1698 2405 1767 qui
2440 1697 2687 1769 discipuli
2741 1700 2856 1769 ejus
2906 1715 3095 1757 suums
3124 1710 3178 1756 ct
3223 1701 3393 1771 ipsum
3425 1703 3608 1772 sequi-

2028 1805 2167 1842 mur.
2214 1788 2434 1843 Lavabit
2472 1796 2650 1845 autem
2675 1791 2862 1859 pedes,
2900 1792 3000 1846 hoc
3023 1801 3128 1854 est,
3157 1792 3464 1859 operativas
3504 1809 3604 1847 uo-

2025 1891 2168 1936 stras
2210 1881 2493 1944 motiones,
2540 1890 2593 1936 et
2630 1897 2848 1952 gressus
2893 1893 3132 1938 nostros.
3183 1884 3238 1938 Si
3273 1894 3450 1940 autem
3482 1885 3606 1955 quis

2026 1989 2163 2042 opus
2196 1972 2444 2027 habuerit
2472 1982 2527 2027 et
2556 1974 2657 2027 alia
2682 1975 3019 2046 purgatione.
3071 1986 3124 2029 et
3151 1978 3413 2032 desiderat
3443 1979 3605 2032 etiam

2028 2065 2270 2119 doctrina
2302 2077 2356 2118 et
2388 2065 2843 2133 contemplatione
2878 2066 3111 2134 probari,
3149 2068 3294 2123 dicat
3321 2069 3386 2122 ad
3420 2069 3602 2121 Domi-

2027 2170 2178 2221 num,
2215 2174 2234 2207 ι
2271 2153 2512 2219 Domine,
2548 2170 2653 2209 non
2686 2156 2855 2210 solum
2881 2154 3043 2224 pedes
3077 2171 3244 2219 meos,
3282 2158 3373 2211 sed
3397 2166 3453 2211 et
3492 2173 3608 2210 ma-

2029 2261 2130 2299 nus
2176 2255 2229 2300 et
2264 2257 2443 2315 caput,
2488 2265 2506 2297 ι
2548 2247 2649 2301 ltoc
2675 2256 2777 2311 est,
2807 2245 2925 2301 Non
2970 2250 3143 2302 solum
3198 2263 3416 2316 gressus
3459 2265 3608 2303 meos

2027 2337 2303 2406 puriﬁces,
2331 2338 2426 2393 sed
2451 2348 2504 2393 et
2533 2355 2745 2405 manus,
2779 2349 2950 2409 utcgo
2979 2350 3031 2395 et
3061 2341 3190 2395 alios
3219 2353 3605 2408 manuducere,

2028 2438 2084 2483 et
2118 2428 2182 2483 ad
2214 2429 2414 2484 bonum
2446 2430 2607 2484 simul
2640 2446 2920 2486 assumere
2950 2435 3155 2489 valeam
3199 2452 3212 2489 :
3244 2447 3298 2489 et
3331 2446 3513 2505 caput,
3550 2449 3609 2491 ιιι

2028 2520 2082 2574 in
2114 2521 2525 2589 contemplativa
2574 2533 2723 2593 parte
2760 2524 2949 2578 divinze
3001 2526 3370 2594 cogitationis,
3411 2544 3608 2600 purga-

2031 2624 2141 2668 tam
2190 2623 2244 2668 et
2296 2615 2688 2668 innnaculatam
2727 2616 2792 2669 de
2825 2616 3023 2671 divinis
3074 2618 3451 2686 cogitationem
3507 2623 3609 2676 ha-

2036 2708 2214 2761 beam.
2244 2706 2316 2759 Ita
2354 2706 2519 2775 igitur
2546 2721 2642 2775 per
2671 2708 3063 2763 confessionem
3098 2709 3262 2764 lavari
3287 2714 3604 2781 poterimus,

2034 2806 2091 2850 ut
2123 2812 2226 2851 non
2265 2797 2481 2865 indigne
2524 2797 2987 2853 commttuicemus
3012 2814 3181 2855 manas
3217 2819 3236 2854 ι
3272 2812 3326 2856 ει
3347 2803 3607 2874 judicium

2034 2888 2188 2945 nobis
2225 2890 2612 2945 manducemus
2633 2898 2686 2946 et
2727 2890 2973 2946 bibamus
3006 2892 3048 2923 ³⁷
3077 2929 3092 2946 .
3141 2911 3159 2943 ι

418 3187 439 3219 ι
463 3168 595 3221 Ὅτε
630 3164 729 3227 οὖν¹
777 3167 927 3237 ενιψε
986 3168 1112 3233 τοὺς
1151 3169 1317 3230 πόδας
1357 3168 1466 3221 τῶν
1519 3168 1797 3241 μαθητῶν,
1827 3169 1923 3224 καὶ

2100 3161 2266 3219 Vens.
2296 3160 2476 3216 12-16.
2515 3179 2534 3212 ι
2565 3161 2858 3231 Postquam
2896 3175 3025 3232 ergo
3058 3160 3275 3217 lavisset
3306 3160 3469 3230 pedes
3512 3176 3610 3216 co-

339 3258 503 3314 ελαόε
555 3258 625 3311 τὰ
674 3259 863 3330 ίμάτια
901 3259 1092 3327 αὑτοῦ,
1129 3260 1417 3315 ἀναπεσὼν
1449 3261 1608 3315 πάλιν
1646 3258 1799 3315 εἶπεν
1827 3263 1928 3315 αὑ-

339 3352 460 3413 τοῖς
480 3367 495 3381 υ
530 3348 834 3404 Γινώσκετε
866 3351 919 3405 τί
948 3352 1231 3415 πεποίηκα
1272 3354 1439 3423 ὑμῖν;
1482 3352 1671 3423 Ὑμεῖς
1699 3354 1929 3423 φωνεῖτὲ

345 3458 414 3511 με
448 3444 478 3495 ό
498 3441 840 3508 διδάσκαλος,
869 3444 963 3497 καὶ
1008 3446 1036 3497 6
1067 3444 1267 3516 Κύριος
1287 3462 1302 3477 ο
1350 3445 1444 3499 καὶ
1491 3446 1673 3511 καλῶς
1701 3447 1891 3515 λέγετε
1911 3465 1926 3479 ο

342 3535 461 3606 εἰμὶ
492 3535 625 3607 γάρ.
664 3537 724 3589 Et
747 3531 840 3589 οὑν
866 3536 977 3604 ἐγὼ
1008 3536 1165 3607 ἔνιψα
1196 3538 1350 3608 ὑμῶν
1372 3538 1500 3602 τοὺς
1534 3539 1717 3604 πόδας,
1753 3540 1780 3592 6
1815 3538 1929 3595 Κύ-

351 3643 466 3697 ριος
493 3627 588 3680 καὶ
618 3628 646 3680 6
670 3627 987 3691 διδάσκαλος
1012 3669 1027 3692 ,
1067 3630 1163 3684 καὶ
1195 3631 1351 3700 ὑμεῖς
1382 3632 1627 3702 ὀφείλετε
1678 3632 1928 3701 ἀλλήλων

341 3716 559 3771 νίπτειν
590 3720 718 3782 τοὺς
766 3720 952 3776 πόδας.
1000 3720 1339 3793 ’Υπόδειγμα
1404 3724 1515 3795 γὰρ
1574 3725 1774 3790 ἔδωκα,
1837 3726 1927 3779 ἵνα

343 3808 529 3873 καθὼς
556 3809 669 3879 ἐγὼ
704 3812 937 3883 ἐποίησα
969 3813 1118 3883 ὑμῖν,
1154 3817 1246 3867 καὶ
1278 3816 1437 3885 ὑμεῖς
1472 3818 1684 3887 ποιῆτε.
1731 3817 1925 3888 Ἀμὴν,

343 3901 495 3973 ἀμὴν
530 3902 674 3971 λέγω
701 3904 857 3974 ὑμῖν,
886 3905 985 3959 οὑκ
1017 3906 1131 3959 εστι
1159 3906 1345 3971 δοῦλος
1382 3908 1581 3979 μείζων
1607 3908 1700 3962 τοῦ
1736 3911 1926 3981 κυρίου

345 3990 534 4057 αὑτοῦ,
553 3993 675 4047 οὑδὲ
702 3994 1001 4060 ἀπόστολος
1023 3997 1224 4066 μείζων
1251 3997 1345 4050 τοῦ
1368 3998 1682 4069 πέμψαντος
1707 4000 1887 4054 αὑτόν.
1904 4019 1922 4053 ι

346 4087 466 4141 Οὑκ
494 4086 576 4140 ἔτι
607 4090 742 4159 πρὸς
768 4088 858 4142 τὸν
878 4088 1082 4159 Πέτρον
1108 4089 1291 4161 μόνον,
1320 4091 1455 4145 ἀλλὰ
1484 4091 1576 4146 καὶ
1604 4093 1740 4161 πρὸς
1760 4092 1929 4147 ᾶπαν-

345 4197 448 4243 τας
490 4180 821 4251 διαλέγεται,
855 4184 950 4236 καὶ
978 4184 1076 4251 τὴν
1134 4184 1313 4238 αἰτίαν
1343 4185 1440 4255 τῆς
1469 4183 1743 4256 τοσαύτης
1797 4186 1927 4253 περὶ

348 4272 545 4327 ἑαυτοῦ
575 4274 1079 4346 ταπεινοφροσύνης
1103 4276 1335 4345 τίθησιν.
1376 4277 1441 4329 ἸΙ
1469 4276 1526 4328 δέ
1555 4277 1669 4330 ὲστι
1731 4275 1790 4329 τὸ
1817 4275 1928 4329 δεῖν

351 4364 599 4435 μιμητὰς
653 4365 850 4429 αὑτοὺς
887 4366 1077 4419 τούτου
1105 4367 1372 4435 γίνεσθαι.
1412 4369 1500 4438 Μή
1529 4385 1658 4422 ποτε
1708 4366 1801 4421 οὖν
1833 4368 1928 4422 καί

347 4459 477 4513 ὅταν
510 4457 665 4526 ἔλεγε
694 4457 772 4528 τῷ
804 4460 1016 4529 Πέτρῳ,
1041 4460 1121 4514 ὅτι
1162 4478 1180 4511 ι
1204 4458 1389 4531 Γνώσῃ
1427 4460 1482 4514 δὲ
1518 4462 1654 4532 μετὰ
1676 4461 1868 4527 ταῦτα,
1901 4482 1919 4515 ι

2036 3271 2173 3318 rum,
2208 3253 2541 3323 receptisque
2568 3256 2808 3309 vestibus
2828 3255 2946 3309 suis
2991 3254 3370 3320 accubuisset;
3404 3254 3600 3309 iterum

2033 3347 2268 3403 dixitcis
2312 3364 2324 3402 :
2364 3344 2526 3401 Scitis
2573 3346 2702 3417 quid
2747 3347 2968 3401 fecerim
3014 3345 3209 3401 vobis?
3246 3346 3355 3402 Vos
3406 3347 3614 3403 vocatis

2035 3454 2119 3495 me
2173 3439 2489 3509 magistrum
2513 3453 2577 3494 ac
2613 3436 2920 3505 Dominum,
2951 3448 3002 3492 et
3044 3439 3177 3493 bene
3230 3439 3411 3494 dicitis
3442 3457 3454 3494 :
3493 3455 3610 3494 sum

2032 3533 2254 3587 ctenim.
2296 3529 2353 3585 Si
2381 3544 2509 3599 ergo
2537 3546 2637 3600 ego
2668 3531 2772 3584 lavi
2812 3531 2974 3599 pedes
3006 3540 3242 3599 vestros,
3271 3530 3531 3587 Dominus
3555 3543 3615 3587 et

2033 3626 2293 3692 magister
2326 3639 2339 3677 :
2383 3639 2479 3678 vos
2519 3637 2733 3692 quoque
2756 3624 2965 3677 debetis
2996 3623 3221 3677 invicem
3253 3623 3343 3677 alii
3384 3624 3611 3677 aliorum

2034 3715 2216 3770 lavare
2242 3715 2424 3785 pedes.
2461 3714 2776 3783 Exemplum
2810 3716 2954 3768 enim
3003 3717 3226 3783 praebui,
3264 3727 3320 3770 ut
3356 3716 3614 3783 quemad-

2034 3812 2249 3863 modum
2301 3823 2400 3876 ego
2428 3808 2528 3861 feci
2568 3806 2744 3871 vobis,
2780 3807 2849 3860 ita
2892 3816 2946 3861 et
2987 3823 3083 3862 vos
3143 3807 3375 3863 faciatis.
3412 3810 3610 3872 Amen,

2032 3915 2188 3955 amen
2217 3900 2339 3954 dico
2372 3899 2545 3965 vobis,
2578 3914 2683 3952 non
2718 3908 2802 3953 est
2824 3913 3011 3953 servus
3042 3898 3215 3967 major
3239 3901 3459 3955 domino
3491 3917 3611 3965 suo,

2032 4007 2209 4063 neque
2258 3991 2466 4061 legatus
2520 3992 2693 4060 major
2732 4001 2911 4046 esteo
2950 3992 3041 4061 qui
3072 3992 3271 4062 legavit
3329 3995 3524 4064 ipsum.
3589 4011 3609 4046 ι

2033 4076 2149 4142 Non
2182 4086 2317 4140 ultra
2346 4085 2409 4139 ad
2435 4083 2650 4139 Petrum
2675 4087 2869 4147 solum,
2899 4086 2991 4139 sed
3024 4087 3091 4140 ad
3117 4100 3303 4141 omnes
3358 4084 3615 4156 loquitur,

2031 4194 2358 4246 causamque
2401 4186 2564 4232 tanta:
2607 4192 2734 4247 erga
2775 4179 2895 4235 illos
2941 4179 3256 4234 humilitatis
3298 4180 3467 4246 ponit,
3499 4196 3617 4249 quae

2031 4285 2134 4341 est,
2164 4283 2221 4328 ut
2248 4272 2389 4325 illius
2414 4269 2601 4324 tiatuus
2628 4271 2947 4327 imitatores.
2979 4272 3043 4327 Et
3078 4274 3208 4343 quid
3260 4274 3306 4329 si
3339 4276 3440 4329 boc
3472 4275 3614 4344 quod

2035 4376 2190 4422 antea
2254 4367 2461 4421 dixerat
2494 4364 2675 4429 Petro,
2713 4383 2733 4417 ι
2801 4364 2951 4419 Scies
2993 4374 3171 4419 autem
3226 4374 3433 4433 postea,
3480 4383 3498 4416 ι
3549 4364 3617 4419 ad

2036 4459 2137 4514 hoc
2212 4467 2422 4529 tempus
2493 4458 2701 4513 dicatur
2752 4456 3057 4526 pertinere?
3109 4474 3127 4508 ι
3199 4454 3348 4510 Scies
3406 4474 3424 4507 ι
3474 4455 3616 4511 enim

347 4550 480 4619 περὶ
508 4548 702 4603 τούτου
747 4550 841 4604 τοῦ
879 4550 975 4604 νῦν
1000 4551 1192 4624 καιροῦ
1231 4552 1421 4623 ἐλεγε;
1460 4573 1478 4606 ι
1511 4554 1696 4628 γνώσῃ
1736 4574 1754 4607 ιν
1791 4556 1921 4627 γὰρ,

2041 4570 2060 4603 ι
2103 4558 2223 4622 post
2251 4552 2365 4607 haec
2397 4568 2415 4602 ι
2462 4551 2615 4616 dixit,
2649 4548 2824 4611 Petre,
2858 4548 3072 4618 quando
3106 4549 3334 4617 receptis
3381 4549 3619 4603 vestibus
3660 4624 3673 4635 ι

346 4634 394 4695 ὦ
427 4642 624 4713 Πέτρε,
681 4662 700 4695 ι
742 4645 882 4713 μετὰ
934 4644 1128 4707 ταῦτα,
1164 4663 1182 4696 ι
1246 4647 1333 4699 ὅτε
1395 4647 1574 4701 λαϐὼν
1621 4651 1689 4702 τὰ
1742 4651 1925 4720 ίμάτιᾶ

2030 4646 2355 4708 acculntero,
2389 4655 2441 4698 et
2469 4657 2684 4709 cmpero
2710 4642 2900 4695 docere
2933 4657 3026 4694 vos
3060 4656 3123 4695 ac
3154 4641 3355 4703 dicere,
3388 4658 3406 4690 ι
3450 4640 3620 4694 Scitis

351 4750 455 4803 μου
484 4736 580 4788 καὶ
610 4737 918 4802 ἀναπεσὼν,
951 4737 1187 4809 ἄρξομαι
1217 4739 1493 4793 διδάσκειν
1543 4741 1686 4811 ὑμᾶς
1718 4742 1812 4795 καὶ
1845 4743 1925 4798 λέ·

2030 4738 2153 4807 quid
2172 4736 2389 4791 fecerim
2429 4734 2616 4789 vobis?
2655 4752 2674 4785 ι
2705 4762 2772 4771 -
2810 4751 2829 4784 ι
2867 4731 3000 4786 Nam
3037 4732 3079 4786 si
3129 4747 3229 4801 ego
3267 4750 3285 4783 ι
3337 4747 3496 4801 quem
3525 4747 3619 4787 vos

349 4841 467 4893 γειν
493 4843 508 4856 ·
547 4844 566 4878 ι
602 4827 904 4881 Γινώσκετε
933 4830 987 4883 τί
1025 4831 1302 4901 πεποίηκα
1332 4832 1499 4901 ὑμῖν;
1528 4852 1545 4884 ι
1580 4863 1651 4872 -νο
1687 4834 1786 4887 «Et
1822 4836 1925 4906 γὰρ

2030 4830 2298 4886 testamiui
2356 4847 2374 4880 ι
2436 4827 2723 4882 Dominum
2768 4835 2822 4879 et
2854 4824 3193 4895 magistrum.
3235 4843 3252 4876 ι
3281 4835 3337 4879 ει
3365 4824 3499 4879 bene
3534 4834 3615 4877 te-

351 4916 463 4986 ἐγὼ
496 4938 516 4970 ι
552 4923 579 4972 6
603 4922 737 4993 παρ’
772 4921 925 4991 ὑμῶν
985 4924 1436 4994 μαρτυρούμενος
1481 4942 1499 4975 ι
1528 4926 1556 4977 6
1587 4924 1789 4996 Κύριος
1837 4928 1925 4981 καὶ

2030 4922 2262 4985 stantini,
2354 4921 2494 4992 (sum
2573 4920 2765 4991 enim.)
2841 4918 3003 4989 pedes
3086 4925 3294 4973 vestros
3366 4916 3473 4970 lavi
3547 4918 3624 4987 (et

350 5010 691 5076 διδάσκαλος,
737 5032 755 5066 ι
800 5014 895 5067 καὶ
927 5014 988 5068 οὑ
1025 5016 1235 5086 ψευδῶς
1292 5016 1739 5089 μαρτυρούμενος
1789 5021 1925 5089 (εἰμὶ

2030 5028 2129 5067 ηοιι
2172 5012 2306 5066 dixit
2374 5026 2652 5067 servorum
2698 5011 3034 5063 indoctorum
3072 5018 3125 5062 et
3172 5007 3571 5061 illitteratorum
3605 5038 3641 5069 ,-

354 5104 507 5173 γὰρ),
556 5104 686 5166 τοὺς
717 5104 883 5169 πόδας
920 5105 1074 5178 ὑμῶν
1107 5107 1264 5178 ἔνιψα
1323 5107 1440 5179 (καὶ
1485 5109 1584 5162 οὑκ
1630 5102 1773 5174 εἶπε,
1816 5110 1925 5163 τῶν

2036 5105 2130 5160 sed
2182 5104 2285 5159 hoc
2358 5103 2571 5157 illorum
2656 5102 2875 5171 reliquit
2930 5098 3391 5167 considerationi),
3471 5097 3624 5155 vobis

353 5193 574 5260 δούλων,
608 5195 719 5248 τῶν
758 5199 1140 5268 ἀγραμμάτων
1170 5200 1264 5253 καὶ
1293 5200 1543 5268 ἀμαθῶν,
1592 5201 1710 5256 ἀλλ’
1747 5203 1928 5273 ἀφῆκε

355 5287 510 5340 τοῦτο
539 5288 973 5359 συλλογίζεσθαι)
1000 5309 1013 5323 ο
1068 5292 1227 5363 ὑμεῖς
1281 5292 1710 5359 ἀναγκαιότατον
1755 5295 1930 5366 χρέως

358 5377 527 5447 ἔχετε,
577 5398 596 5431 ι
634 5380 881 5451 ἀλλήλων
936 5384 1147 5436 νίπτειν
1196 5384 1324 5447 τοὺς
1354 5384 1556 5448 πόδαςο
1597 5405 1615 5437 ι
1658 5387 1930 5451 τουτέστι,

359 5472 541 5524 πᾶσαν
565 5472 844 5527 διακονίαν
874 5475 1138 5547 ἀλλήλους
1194 5476 1256 5549 [f.
1302 5476 1577 5551 ἀλλήλοις]
1612 5479 1933 5549 ὑπουργεῖν.

359 5560 454 5613 Διὰ
485 5561 594 5631 γὰρ
629 5562 722 5616 τοὺ
745 5563 974 5628 νίπτειν,
1009 5568 1146 5637 ὅπερ
1197 5569 1401 5639 ἐσχάτη
1438 5569 1713 5639 ὑπηρεσία
1765 5569 1935 5634 δοκεῖ,

355 5651 454 5715 ,καί
478 5652 579 5714 τὰς
608 5653 773 5717 ἄλλας
803 5657 979 5729 πολλῷ
1006 5659 1207 5730 μᾶλλον
1236 5662 1335 5725 τὰς
1368 5662 1726 5735 ὲντιμοτέρας
1762 5662 1937 5717 τελεῖν

436 5834 477 5869 ³⁷
500 5830 520 5887 ι
540 5833 667 5891 Cor.
704 5850 777 5902 ιι,
803 5835 893 5890 ‘29.

2037 5195 2270 5249 maxime
2319 5193 2684 5249 necessarium
2735 5202 2839 5261 est,
2872 5201 2931 5247 ut
2984 5211 3004 5245 ι
3045 5192 3181 5248 alter
3223 5190 3444 5246 alterius
3484 5190 3627 5244 lavet

2037 5287 2221 5356 pedes,
2266 5307 2285 5340 ι
2319 5288 2421 5342 hoc
2473 5295 2577 5352 est,
2632 5285 2778 5340 omni
2827 5285 3130 5340 ministerio
3183 5284 3335 5339 vobis
3387 5283 3620 5338 invicem

2036 5381 2202 5453 690
2242 5380 2509 5435 serviatis.
2541 5377 2595 5431 ld
2634 5379 2776 5434 enim
2816 5378 2929 5430 vult
2958 5391 3053 5445 per
3084 5376 3360 5438 lotionem,
3390 5389 3510 5445 qua:
3546 5389 3631 5451 εει

2050 5475 2470 5531 ministeriorum
2527 5471 2735 5534 intima,
2796 5478 2854 5524 ut
2904 5476 2958 5523 et
2981 5467 3082 5523 alia
3127 5467 3281 5538 longe
3310 5467 3628 5525 honestiora

2043 5584 2151 5626 non
2183 5568 2568 5624 detrectemus.
2618 5583 2636 5616 ι
2678 5561 2990 5632 Exemplum
3031 5561 3173 5617 enim
3204 5560 3328 5616 dedi
3373 5560 3543 5627 vobis,
3574 5569 3632 5615 ut

2045 5660 2500 5733 quemadmodum
2534 5672 2631 5729 ego
2655 5654 2753 5713 feci
2780 5653 3066 5749 vobisuita
3094 5661 3149 5712 et
3178 5667 3274 5711 vos
3306 5651 3520 5709 faciatis
3553 5667 3567 5705 :
3607 5669 3626 5705 ι
