4056 6570
440 362 545 430 155

1397 362 1977 424 TllEOI‘llYLACTI
2015 360 2428 420 BULGARLE
2465 358 2823 418 AliClllEP.

3605 349 3621 411 l
3634 350 3704 411 56

445 486 549 538 hoc
593 491 697 548 est,
746 498 866 538 cmn
912 482 1212 537 alacritate.
1263 480 1519 548 Quamvis
1574 482 1715 550 quod
1752 496 1850 550 ego
1899 478 1997 532 feci

2128 477 2436 546 ὀφείλομεν.
2478 496 2495 528 ι
2537 477 2873 544 ’Υπόδειγμα
2922 473 3029 545 γάρ
3085 474 3258 527 ἔδωκα
3302 492 3319 523 ι
3356 472 3506 540 ὑμῖν,
3551 492 3570 522 ι
3613 475 3700 530 ἵνα

438 576 614 644 majus
655 577 745 640 sit,
795 583 1061 644 quatenus
1103 590 1204 644 ego
1248 573 1504 630 Deminus
1548 589 1825 639 Servon-nm
1858 574 2011 642 pedes

2122 569 2301 625 καθὼς
2326 568 2437 636 ἐγὼ
2472 569 2703 634 ἐποίησα
2736 568 2914 633 opis,»
2946 565 3087 619 οὕτω
3117 566 3237 618 «καὶ
3270 566 3425 634 ὑμεῖς
3452 566 3694 636 ποιῆτε.»

443 663 708 719 lavizvos
737 674 912 717 autem
961 678 1346 718 conservomm
1405 666 1566 729 pedes
1621 664 1889 723 latrabitis,
1939 673 2018 715 at-

445 769 620 808 tuuu'n
664 769 714 808 et
764 759 1010 809 ductores
1046 757 1287 808 videmus
1334 758 1513 821 pueris
1562 756 1765 808 litteras
1800 756 2019 823 elegan-

445 851 609 900 tiort‘s
654 848 1022 915 pratsrrilwre,
1069 857 1125 899 ut
1170 848 1234 899 ad
1283 847 1638 900 imitationem
1697 847 1943 913 quamvis
1988 862 2016 897 a

445 940 598 1006 longe
638 940 874 993 veniant.
908 937 1224 992 NeceSGario
1253 948 1427 993 autem
1468 943 1739 1004 apostolus
1767 940 2019 992 admonet

440 1032 506 1083 de
544 1032 644 1094 his,
684 1032 936 1099 quoniam
965 1030 1239 1083 inltonore
1270 1041 1423 1085 erant
1460 1030 1643 1095 futuri,
1673 1032 1757 1085 alii
1790 1032 2015 1100 majore,

440 1123 527 1176 alii
578 1125 803 1193 minore,
851 1137 907 1180 nt
936 1143 1001 1180 ne
1052 1128 1189 1183 inter
1232 1129 1634 1184 sedissiderent
1671 1139 1724 1184 et
1771 1132 2019 1198 superbi-

444 1225 582 1279 rent,
622 1218 715 1272 sed
764 1228 821 1271 ut
857 1219 1096 1273 omnium
1156 1222 1391 1290 ipsorum
1435 1220 1657 1289 spiritus
1695 1221 2017 1288 cotnprime-

440 1318 627 1360 rentur
673 1318 726 1361 et
767 1309 1146 1376 dejicerentur.
1173 1329 1192 1361 ι
1231 1311 1350 1365 Non
1382 1320 1465 1366 est
1498 1312 1641 1365 enim
1689 1327 1880 1367 servus
1905 1329 2017 1364 ma-

435 1396 522 1465 jor
573 1398 791 1452 domino
854 1414 971 1465 suo,
1006 1421 1025 1453 ι
1066 1402 1301 1471 quandiu
1360 1417 1547 1458 servus
1590 1413 1724 1458 est:
1769 1422 1789 1455 ι
1841 1418 2016 1471 neque

442 1486 718 1552 apostolus
770 1488 852 1542 vel
886 1489 1090 1557 legatus
1138 1508 1203 1546 eo
1233 1492 1321 1560 qui
1357 1492 1571 1561 legavit,
1610 1512 1629 1546 ι
1664 1495 1901 1563 quaudiu
1934 1503 2017 1549 est

444 1574 648 1642 legatus
677 1598 688 1630 :
716 1583 929 1648 quando
961 1593 1138 1638 autem
1169 1586 1339 1654 major
1397 1586 1477 1648 lit,
1523 1601 1694 1657 neque
1721 1598 1907 1643 servus
1934 1599 2017 1642 est

442 1682 618 1737 nrqne
651 1671 875 1740 legatus.

513 1930 672 1985 Vsus.
706 1933 889 1990 17-19.
932 1954 952 1987 ι
987 1936 1042 1992 Si
1081 1940 1191 1995 haec
1230 1942 1475 2006 novistis,
1513 1943 1653 1998 beati
1683 1946 1814 2000 estis
1857 1946 2017 2017 sile-

442 2023 625 2075 ceritis
671 2039 751 2076 ea.
791 2022 908 2078 Non
938 2026 1002 2081 de
1049 2030 1300 2085 omnibus
1341 2034 1492 2087 vobis
1524 2035 1733 2103 loquor,
1769 2052 1867 2107 ego
1900 2040 2014 2091 Seio

443 2128 576 2178 quos
603 2114 877 2182 elegerim,
914 2120 1008 2173 sed
1055 2131 1112 2175 nt
1143 2122 1500 2190 aditnpleatur
1542 2126 1818 2195 Scriptura
1862 2146 1875 2182 :
1912 2128 2011 2196 Qti

442 2204 552 2258 edit
609 2222 815 2261 mecum
866 2226 1080 2279 panem,
1119 2216 1335 2271 sustulit
1377 2218 1659 2273 adversum
1720 2236 1804 2276 me
1842 2224 2015 2277 calca-

444 2310 602 2349 nenm
644 2313 823 2354 suum.
866 2300 1019 2358 Nunc
1053 2303 1172 2358 dico
1220 2308 1392 2375 vobis,
1435 2310 1744 2380 priusquam
1782 2314 1915 2367 fiat:
1956 2326 2013 2369 ut

441 2403 561 2441 cum
601 2389 798 2445 factum
841 2392 1024 2460 fuerit,
1074 2399 1308 2453 credatis
1334 2402 1472 2469 quod
1500 2417 1601 2468 ego
1628 2404 1750 2460 sim.
1787 2424 1807 2458 ι
1853 2405 1913 2462 Ut
1947 2424 2012 2463 ne

442 2480 645 2545 dicant,
676 2481 785 2537 Cur
809 2485 922 2540 haec
951 2487 1088 2543 dicis
1134 2491 1289 2545 nobis
1317 2492 1470 2560 quasi
1511 2494 1864 2565 ignoremus?
1905 2500 2013 2555 sci-

442 2586 562 2627 mus
591 2574 751 2629 etiam
793 2577 890 2646 ipsi
917 2579 1239 2637 humilitatis
1272 2584 1473 2640 bonum
1502 2602 1516 2641 :
1549 2598 1831 2656 propterea
1859 2591 2010 2655 dicit,

446 2683 466 2717 ι
509 2666 563 2719 Si
593 2669 841 2735 novistis,
893 2690 911 2723 ι
973 2689 1081 2729 non
1119 2674 1307 2730 sullicit
1359 2679 1458 2733 hoc
1507 2682 1658 2735 vobis
1693 2682 1886 2745 solum,
1918 2686 2011 2738 sed

442 2767 567 2811 tunc
611 2760 846 2827 perfecte
888 2781 907 2814 ι
948 2766 1081 2820 estis
1128 2768 1294 2832 beati,
1327 2771 1372 2825 si
1411 2790 1429 2823 ι
1485 2781 1539 2827 et
1587 2792 1606 2825 ι
1656 2774 1943 2830 feceritis:
1988 2798 2007 2831 ι

440 2852 564 2917 quia
596 2864 649 2907 et
687 2846 855 2908 Judaei
919 2859 1166 2914 mandata
1221 2864 1518 2926 sciverunt,
1567 2866 1665 2919 sed
1692 2881 1795 2920 non
1826 2869 1965 2922 beati
1996 2886 2009 2923 :

443 2942 724 2998 miserrimi
753 2956 950 3011 autem,
983 2960 1165 3019 utpote
1198 2954 1288 3022 qui
1324 2970 1431 3009 non
1453 2955 1679 3013 fecerint
1722 2974 1805 3013 ea.
1838 2978 1857 3012 ι
1888 2962 2011 3016 Non

440 3035 507 3090 de
539 3039 787 3093 omnibus
810 3043 960 3097 vobis
990 3044 1107 3099 dico
1138 3065 1151 3101 :
1181 3060 1281 3117 ego
1337 3050 1450 3104 scio
1514 3067 1649 3120 quos
1673 3052 1948 3123 elegerim.
1983 3076 2002 3109 ι

439 3128 625 3196 Arguit
656 3140 713 3185 et
739 3148 843 3186 non
898 3137 1071 3206 arguit
1101 3140 1449 3206 proditorem,
1482 3145 1861 3201 adumbratam
1892 3160 2006 3202 ser-
2035 3128 2075 3160 ι’

443 3235 654 3275 monent
701 3223 962 3282 referens.
1008 3227 1235 3285 Volebat
1275 3234 1423 3288 enim
1464 3251 1586 3290 eum
1636 3238 1705 3292 ad
1738 3241 2005 3309 pmniten-

441 3312 569 3368 tiam
620 3318 919 3375 reducere:
959 3333 1013 3376 et
1063 3324 1184 3380 ideo
1224 3326 1427 3383 relictis
1473 3331 1724 3385 omnibus
1770 3333 1893 3389 aliis
1918 3336 2007 3390 be-

442 3405 648 3463 ueliciis
691 3426 809 3479 qua:
847 3412 898 3467 in
934 3413 1083 3468 illam
1126 3418 1505 3484 collocaverat,
1532 3423 1712 3491 posuit
1742 3426 1843 3481 hoc
1864 3430 2006 3496 quod

440 3502 675 3557 maxime
723 3506 959 3560 omnium
1006 3507 1239 3565 faciebat
1275 3511 1341 3564 ad
1386 3511 1816 3570 confundendum
1858 3534 2003 3575 eum.

445 3611 464 3645 ι
506 3592 604 3660 Qui
655 3596 764 3651 edit
805 3614 996 3665 panem
1051 3617 1281 3664 mecum.
1322 3622 1342 3655 ι
1375 3604 1476 3660 hoc
1506 3617 1610 3671 est,
1643 3610 1735 3678 qui
1771 3612 2008 3680 pascitur

439 3700 469 3739 a
510 3701 613 3754 tne,
667 3688 756 3757 qni
808 3706 923 3745 mea
982 3709 1169 3749 mensa
1212 3692 1432 3763 fruitur,
1477 3701 1620 3769 quod
1648 3710 1705 3757 et
1762 3704 2009 3761 inimicos

438 3778 697 3847 placaret.
726 3782 791 3835 Et
818 3798 923 3837 non
954 3787 1109 3852 dixit,
1140 3786 1235 3843 ilic
1264 3790 1428 3844 tradit
1463 3807 1547 3847 me
1578 3808 1593 3847 :
1626 3794 1747 3861 sed,
1779 3815 1797 3847 ι
1838 3795 2009 3853 Leva-

435 3870 513 3924 vit
544 3873 828 3926 adversum
858 3890 940 3928 me
960 3876 1292 3937 calcaneum.
1325 3898 1344 3933 ι
1380 3880 1482 3935 hoc
1501 3893 1605 3947 est,
1624 3884 1803 3940 dolum
1830 3896 1883 3942 et
1912 3889 2002 3943 de-

436 3959 734 4029 ceptionem
765 3971 949 4017 contra
978 3979 1063 4017 me
1093 3968 1394 4035 composuit
1426 3986 1439 4022 :
1464 3983 1493 4022 a
1517 3969 1842 4029 luctantibus
1864 3991 2011 4029 sum-

436 4059 525 4121 pta
562 4051 896 4119 metaphora,
928 4055 1017 4122 qui
1051 4060 1461 4126 supplantantes
1485 4063 1824 4119 adversarios
1857 4080 2009 4134 suos,

434 4143 558 4195 dttm
604 4143 815 4197 illorum
846 4145 1159 4201 calcaneutn
1197 4150 1427 4218 calcant,
1470 4154 1746 4221 dejiciunt.
1777 4157 1887 4214 Hoc
1916 4178 2011 4213 au-

434 4242 538 4286 tem
558 4234 763 4298 dicens,
786 4253 803 4286 ι
823 4233 939 4289 Non
964 4238 1032 4292 de
1066 4239 1313 4312 omnibus
1340 4242 1493 4297 vobis
1526 4244 1645 4300 dico
1671 4262 1687 4299 :
1720 4264 1743 4298 ι
1775 4262 1841 4300 ne
1868 4248 2011 4302 mul-

431 4323 501 4378 tis
525 4332 784 4379 terrorem
834 4327 1083 4394 incutiat,
1142 4341 1355 4410 separat
1402 4333 1547 4388 illum
1585 4336 1891 4404 manifeste,
1957 4352 2010 4395 et

2120 663 2387 723 τουτέστι,
2426 664 2563 729 μετά
2598 661 2696 730 τῆς
2745 658 2914 725 αὐτῆς
2947 657 3203 724 σπουδῆς.
3238 657 3297 709 El
3351 658 3459 726 γάρ
3493 658 3587 709 καὶ
3641 656 3701 710 τὸ

2123 752 2253 819 ἐμὸν
2286 752 2491 821 μεῖζον,
2529 752 2663 805 καθὸ
2694 751 2972 819 Δεσπότης
3003 748 3077 803 ὣν
3128 749 3259 816 ἐγὼ,
3290 749 3491 801 δούλων
3533 749 3700 812 πόδας

2122 844 2298 913 ἔνιψα,
2331 845 2489 915 ὑμεῖς
2535 845 2591 898 δὲ
2620 844 2725 895 τῶν
2755 843 3061 912 ὁμοδούλων
3092 842 3255 905 πόδας
3303 841 3486 911 νίψετε
3508 858 3521 871 ⁸
3549 843 3700 910 ὅμως

2120 936 2214 989 καὶ
2246 936 2368 998 τοὺς
2418 936 2774 998 διδασκάλους
2805 934 3021 1004 ὁρῶμεν
3052 936 3164 996 τοῖς
3194 935 3352 987 παισὶ
3391 933 3699 1004 γράμματα

2122 1028 2259 1097 μετὰ
2289 1025 2485 1081 πολλοῦ
2510 1027 2604 1081 τοῦ
2623 1026 2850 1089 κάλλους
2876 1026 3288 1097 παραδιδόντας,
3318 1027 3405 1080 ἴνα
3435 1027 3536 1080 κᾶν
3562 1028 3698 1097 πρὸς

2118 1119 2177 1173 τὸ
2205 1120 2627 1189 καταδεέστερον
2656 1119 2855 1171 Ξλθωσι
2892 1119 2990 1182 τῆς
3026 1121 3333 1189 μιμήσεως.
3353 1119 3699 1186 Ἀναγκαίως

2117 1212 2175 1265 δὲ
2202 1214 2313 1275 τοῖς
2342 1211 2661 1275 ἀποστόλοις
2693 1211 2867 1266 ταῦτα
2898 1213 3177 1281 παραινεῖ.
3228 1210 3380 1264 Ἐπεὶ
3402 1210 3511 1280 γὰρ
3530 1211 3696 1278 ἐμελ-

2116 1300 2208 1355 λον
2238 1303 2407 1371 τιμῆς
2459 1302 2893 1368 ἀπολαύσασοαι,
2955 1304 3003 1355 οἱ
3056 1303 3157 1372 μὲν
3217 1303 3479 1371 μείζονος,
3540 1304 3590 1356 οἱ
3638 1303 3698 1358 δὲ

2117 1395 2416 1459 ἐλάττονος,
2451 1395 2537 1449 ἵνα
2567 1396 2642 1464 μὴ
2676 1394 2920 1465 ἀλλήλων
2971 1395 3436 1465 κατεπαίρωνται,
3478 1395 3698 1449 πάντων
3747 1418 3763 1434 ο

2118 1481 2298 1535 αὐτῶν
2329 1481 2578 1546 καθαίρει
2713 1481 2987 1554 καθαιρεῖῖ
3016 1483 3085 1536 ea
3140 1484 3486 1554 φρονήματα.
3528 1503 3546 1536 ι
3580 1487 3698 1539 Ούκ

2116 1570 2232 1624 ἐστι
2268 1571 2377 1640 γὰρ
2400 1571 2584 1635 δοῦλος
2641 1572 2843 1642 μείζων
2902 1572 2995 1625 τοῦ
3031 1558 3220 1643 κυρίου
3261 1574 3450 1638 αὐτοῦ,
3481 1593 3500 1625 ι
3553 1575 3610 1638 ἐς
3648 1576 3697 1628 τ’

2117 1663 2183 1717 ἂν
2275 1663 2477 1727 δοῦλος,
2514 1682 2534 1716 ι
2561 1664 2681 1717 οὐδὲ
2700 1664 2996 1727 ἀπόστολος
3030 1665 3228 1734 μείζων
3258 1665 3350 1718 τοῦ
3382 1665 3699 1736 πέμψαντος

2115 1756 2298 1825 αὑτὸν,
2331 1777 2348 1810 ι
2385 1758 2443 1821 ες
2481 1759 2528 1811 τ’
2571 1757 2640 1811 ἂν
2742 1757 3037 1821 ἀπόστολος
3059 1774 3073 1791 ο
3115 1759 3246 1812 ὅταν
3278 1759 3335 1812 δὲ
3372 1760 3572 1828 μείζων
3601 1762 3698 1831 γέ-

2047 1821 2091 1880 B
2118 1821 2300 1920 νηται,
2333 1850 2452 1902 τότε
2482 1848 2607 1902 οὔτε
2634 1821 2819 1912 δοῦλός
2849 1852 3017 1916 ἐστιν,
3044 1849 3167 1904 οῦτε
3200 1850 3514 1914 ἀπόστολος.

2196 1959 2213 1991 ι
2252 1942 2311 1993 El
2341 1941 2509 1995 ταῦτα
2538 1941 2736 2006 οἴδατε,
2769 1943 3030 2012 μακάριοί
3060 1942 3205 2006 ἐστε,
3244 1942 3339 1995 ἐάν
3372 1943 3558 2012 ποιῆτε
3594 1944 3699 1997 αὒ-

2113 2032 2199 2087 τά.
2232 2033 2305 2086 05
2358 2032 2486 2103 περὶ
2517 2034 2731 2088 πάντων
2765 2033 2918 2102 ὑμῶν
2974 2033 3139 2102 λέγω,
3174 2033 3285 2101 ἐγὼ
3314 2028 3432 2087 οἶδα
3489 2034 3580 2099 οὒς
3610 2037 3698 2101 ἐξ-

2114 2124 2406 2195 ελεξάμην,
2459 2124 2575 2179 ἀλλ’
2608 2125 2698 2178 ἵνα
2730 2127 2762 2194 ἡ
2801 2124 2991 2196 Γραφὴ
3037 2125 3297 2195 πληρωθῇ
3323 2142 3338 2157 ο
3384 2125 3441 2179 '0
3469 2126 3698 2197 τρώγων

2118 2214 2249 2285 μετ”
2272 2215 2405 2287 ἐμοῦ
2436 2215 2526 2269 τὸν
2556 2217 2743 2285 ἄρτον.
2771 2218 2973 2289 ἐπῆρεν
3005 2217 3089 2270 ἐπ’
3123 2218 3219 2289 ἐμὲ
3246 2220 3482 2288 πτέρναν
3503 2220 3693 2275 αὑτοῦ.

2126 2307 2357 2378 Ἀπάρτι
2394 2307 2538 2377 λέγω
2578 2309 2710 2378 ὑμῖν
2754 2308 2861 2379 πρὸ
2910 2308 3004 2361 τοῦ
3056 2309 3347 2377 γενέσθαιο
3420 2310 3508 2364 ῐνα
3563 2311 3696 2364 ὅταν

2112 2397 2360 2467 γένηται,
2392 2398 2841 2469 πιστεύσητε,ὄτι
2865 2398 2974 2467 ἐγώ
2998 2400 3133 2469 εἰμι.
3160 2419 3178 2451 ι
3199 2398 3317 2453 Ἵνα
3339 2400 3414 2469 μὴ
3444 2400 3694 2461 ετπωσιν,

2112 2491 2194 2543 ὅτι
2224 2492 2289 2545 Τί
2328 2492 2499 2545 ταῦτα
2532 2492 2711 2560 λέγεις
2745 2493 2883 2563 ἡμῖν
2911 2491 2985 2555 ὡς
3015 2492 3079 2564 δὴ
3109 2492 3436 2560 ἀγνοοῦστνς
3468 2492 3695 2561 οἴδαμεν

2115 2583 2210 2637 καὶ
2233 2584 2386 2637 αὐτοὶ
2415 2583 2476 2636 τὸ
2497 2584 2595 2653 τῆς
2626 2583 3011 2647 ταπεινώσεως
3063 2583 3245 2650 καλὸν,
3288 2584 3377 2638 διὰ
3402 2583 3560 2638 τοῦτό
3589 2603 3695 2656 φη-

2116 2689 2226 2727 σιν’
2271 2693 2289 2725 ι
2328 2674 2389 2727 ΕΞ
2421 2673 2623 2738 οἴδατε,
2655 2692 2673 2726 ι
2735 2675 2835 2728 οὐκ
2888 2675 3049 2744 ἀρκεῖ
3084 2673 3244 2728 τοῦτο
3309 2675 3497 2745 μόνον,
3550 2677 3695 2730 ἀλλὰ

2112 2767 2234 2819 τότε
2269 2767 2437 2827 ὅντως
2491 2784 2511 2817 ι
2547 2767 2669 2819 ἐστὲ
2697 2766 2980 2837 μακάριοι,
3012 2767 3107 2821 ἐὰν
3141 2785 3159 2819 ι
3197 2766 3289 2820 καὶ
3328 2785 3347 2818 ι
3385 2766 3574 2837 ποιῆτε
3601 2769 3694 2822 αὐ-

2113 2861 2202 2915 τά.
2242 2879 2260 2913 ι
2316 2861 2469 2914 Ἐπεὶ
2494 2861 2588 2914 καὶ
2632 2860 2874 2914 Ἰουδαῖοι
2918 2860 3016 2921 τὰς
3049 2861 3272 2924 ἐντολὰς
3318 2860 3537 2933 ᾔδεσαν,
3571 2863 3692 2916 ἀλλ’

2112 2955 2174 3008 οὐ
2203 2954 2483 3026 μακάριοι,
2515 2952 2842 3008 ἀθλιώτατοι
2871 2953 2949 3019 δὲ,
2981 2953 3057 3017 ὡς
3087 2955 3163 3025 μὴ
3193 2954 3476 3019 ποιοῦντες
3497 2956 3688 3020 αὐτάς.

2119 3067 2138 3100 ι
2178 3050 2254 3102 Οὐ
2289 3049 2419 3119 περὶ
2473 3048 2695 3101 πάντων
2720 3047 2874 3118 ὑμῶν
2912 3047 3075 3117 λέγω.
3104 3047 3214 3117 ἐγὼ
3247 3043 3363 3102 οἰδα
3394 3047 3488 3111 οὓς
3516 3049 3692 3113 ἐξελε-

2111 3137 2308 3208 ξάμην.
2344 3156 2366 3192 ι
2428 3138 2701 3209 Ἐλέγχει,
2754 3140 2851 3192 καὶ
2887 3140 2988 3193 οὐκ
3017 3139 3231 3209 ἐλέγχει
3267 3141 3358 3194 τὸν
3390 3140 3686 3213 προδότην,

2109 3230 2580 3301 συνεσκιασμένως
2637 3231 2925 3303 προφέρων
2990 3231 3082 3284 τὸν
3133 3232 3310 3300 λόγον.
3391 3232 3679 3287 Ἦόούλετο

2107 3322 2215 3391 γάρ
2267 3323 2434 3376 αὑτὸν
2484 3325 2564 3387 εἰς
2617 3325 2905 3394 μετάνοιαν
2954 3326 3214 3394 ἀγαγεῖν
3281 3326 3363 3379 διδ
3416 3328 3510 3380 καὶ
3573 3327 3686 3381 πά⁴

2110 3429 2206 3475 σας
2256 3413 2357 3477 τὰς
2411 3414 2577 3476 ἀλλας
2622 3415 2943 3486 εὐεργεσίας
2991 3417 3170 3484 ἀφεὶς,
3226 3416 3293 3480 ἃς
3350 3418 3486 3490 πρὸς
3520 3419 3686 3473 αὑτὸν

2108 3499 2458 3567 ἐπεδείξατο,
2527 3501 2588 3555 τὸ
2661 3503 2896 3572 μάλιστα
2970 3504 3188 3559 πάντων
3250 3507 3434 3559 ἱκανὸν
3486 3509 3689 3580 ἐντρέ-

2107 3592 2205 3661 ψαι
2258 3593 2454 3658 αὐτὸν,
2534 3593 2691 3647 τοῦτο
2753 3595 3031 3650 τέθεικεν·
3073 3615 3092 3649 ι
3156 3598 3217 3652 Ὀ
3266 3598 3460 3652 ἐσθίων
3521 3600 3689 3671 ἄρτον

2112 3700 2233 3754 μου,
2277 3704 2295 3737 ι
2338 3687 2365 3739 ὁ
2392 3685 2521 3757 παρ’
2555 3687 2691 3757 ἐμοῦ
2720 3688 3070 3758 τρεφόμενος,
3104 3691 3132 3743 ὁ
3164 3690 3280 3758 μετ’
3315 3690 3449 3760 ἐμοῦ
3477 3693 3688 3761 τραπέ-

2109 3778 2209 3846 ζης
2261 3777 2581 3844 ἀπολαύων,
2635 3778 2664 3831 δ
2698 3779 2792 3833 καὶ
2838 3779 2963 3842 τοὺς
2996 3780 3223 3850 ἐχθροὺς
3279 3783 3684 3841 καταδυσωπεΐ.

2110 3870 2219 3922 Καὶ
2270 3871 2371 3924 οὐκ
2427 3864 2600 3933 εἶπεν,
2665 3871 2747 3924 ὅτι
2786 3866 2954 3936 Οὗτος
3015 3874 3349 3944 παραδίδωσι
3417 3892 3504 3945 με,
3546 3876 3684 3938 ἀλλ’,

2115 3979 2134 4013 ι
2175 3957 2347 4031 Ἦρεν
2374 3964 2459 4015 ἐπ’
2493 3964 2592 4034 ἐμὲ
2623 3966 2951 4034 πτερνισμόν
2972 3982 2987 3997 ο
3022 3985 3040 4017 ι
3069 3967 3336 4025 τουτέστι.
3378 3969 3540 4022 Δόλον
3591 3971 3686 4023 καὶ⁸

2109 4055 2324 4125 ἀπάτην
2360 4055 2479 4108 κατ’
2535 4055 2667 4125 ἐμοῦ
2721 4058 3055 4127 συνέθηκεν·
3112 4062 3175 4111 ἐκ
3231 4062 3542 4129 μεταφορᾶς
3575 4061 3685 4115 τῶν

2110 4146 2470 4209 παλαιόντων,
2498 4146 2549 4200 οἳ
2580 4148 3028 4213 ὑποσκελίζοντες
3055 4152 3179 4211 τοὺς
3202 4151 3681 4217 ἀντιπαλαίοντας,

2108 4237 2193 4291 διὰ
2243 4237 2335 4291 τοῦ
2367 4240 2463 4303 τὶς
2491 4240 2728 4308 πτέρνας
2760 4242 2940 4295 αὐτῶν
2987 4246 3198 4308 πατεῖν,
3229 4245 3682 4301 καταϐάλλουσιν.

2110 4328 2291 4381 Εἰπὼν
2317 4329 2372 4380 δὲ
2403 4330 2480 4395 τὸ,
2511 4349 2529 4381 ι
2560 4331 2634 4384 Οὐ
2660 4334 2786 4401 περί
2816 4333 3031 4386 πάντων
3063 4335 3213 4403 ὑμῶν
3234 4335 3401 4403 λέγω,
3434 4355 3452 4388 ι
3490 4336 3575 4389 ἕνα
3602 4338 3685 4409 μὴ

429 4415 665 4471 ostendit
725 4432 889 4472 unum
938 4434 1058 4474 esse
1126 4423 1230 4476 hoc
1270 4433 1456 4479 contra
1506 4440 1565 4481 se
1626 4429 2006 4494 meditantem;

2113 4419 2190 4479 ei;
2224 4417 2449 4480 πολλοὺς
2480 4421 2784 4492 περιστήσῃ
2814 4422 2872 4473 τὸ
2899 4422 3040 4487 δέος,
3076 4423 3361 4494 ἀποσχίζει
3388 4425 3547 4478 αὐτὸν
3577 4442 3686 4494 φοι-ι

433 4508 553 4562 ideo
584 4507 739 4574 dicit,
772 4528 790 4561 ι
838 4512 936 4577 Qui
967 4514 1078 4566 edit
1112 4529 1305 4583 panem
1332 4532 1564 4572 mecum.
1610 4538 1628 4570 ι
1662 4521 1881 4577 Dicente
1906 4537 2007 4578 au-

433 4604 538 4651 tem
598 4595 845 4664 Domino,
886 4618 903 4650 t
970 4601 1078 4670 Ego
1136 4605 1249 4658 scio
1295 4621 1432 4675 quos
1479 4607 1778 4677 elegerint:
1829 4630 1849 4664 ι
1884 4614 2010 4683 quid

430 4688 666 4743 dicemus
684 4691 748 4744 de
766 4687 903 4744 Juda
921 4691 1148 4750 ?Nonne
1188 4696 1335 4750 tllttm
1372 4698 1531 4767 elegit
1567 4702 1590 4755 ?
1609 4702 1775 4773 Elegit
1790 4706 2007 4773 quidem

431 4794 553 4835 eum
587 4796 707 4835 cum
743 4781 915 4837 bonus
944 4796 1102 4851 esset,
1138 4787 1279 4842 sicut
1307 4798 1361 4843 et
1396 4790 1525 4845 Saul
1561 4793 1606 4825 ³⁸
1639 4812 1651 4847 :
1684 4797 1777 4848 sed
1829 4809 2007 4851 muta-

433 4878 517 4923 tus
540 4880 642 4933 est,
700 4872 814 4939 ipse
858 4868 1008 4928 liberi
1045 4876 1312 4932 exsisteus
1343 4880 1573 4937 arbitrii.
1624 4882 2010 4943 Permittitauo

435 4970 540 5017 tem
586 4963 878 5033 unicuique
910 4969 1235 5045 secundum
1270 4972 1411 5038 quod
1460 4975 1572 5027 vult
1616 4981 1866 5045 operari;
1902 4997 2006 5036 non

429 5053 573 5106 enim
628 5052 806 5109 aufert
849 5056 1074 5110 liberum
1136 5059 1440 5117 arbitrium.
1511 5063 1769 5120 Mutatum
1828 5081 2002 5125 autent

431 5142 625 5200 Iudam
662 5147 881 5217 repulit,
908 5149 1068 5220 691
1106 5154 1351 5221 quamvis
1383 5158 1530 5225 prius
1568 5158 1837 5231 elegisset.
1887 5164 2005 5218 (Iace

434 5245 603 5290 terum
641 5241 766 5293 dum
809 5240 959 5307 dicit,
1001 5260 1021 5293 ι
1060 5253 1119 5298 ut
1177 5243 1455 5315 Scriptura
1491 5250 1774 5320 impleatur
1810 5270 1825 5308 :
1875 5274 1894 5307 ι
1929 5255 2009 5310 ita

429 5326 670 5400 intelligo
707 5332 845 5385 sicut
874 5327 1066 5389 similia
1105 5336 1207 5391 alia
1229 5339 1294 5392 de
1323 5340 1516 5409 quibus
1562 5357 1701 5414 sape
1747 5346 2000 5402 diximus.

429 5416 618 5489 Neque
661 5423 805 5478 enim
848 5434 1068 5495 propter
1121 5429 1220 5484 hoc
1277 5439 1495 5489 coactus
1552 5434 1651 5488 fuit
1684 5434 1847 5492 Judas
1880 5453 2001 5506 pro-

430 5512 581 5582 dere,
642 5524 1020 5587 utappareaut
1069 5522 1177 5576 veri
1248 5539 1526 5583 sermones
1574 5529 1885 5600 Scriptum,
1952 5532 2005 5587 id

431 5604 579 5684 quod
635 5606 782 5661 omni
831 5607 1164 5679 blasphemia
1217 5615 1478 5685 plenum;
1547 5619 1638 5676 sed
1667 5629 1721 5675 ut
1772 5621 2006 5679 sciamus

544 5780 589 5821 ³⁸
622 5780 638 5837 l
671 5778 801 5853 Reg.
840 5800 915 5852 ιι,
949 5788 1005 5845 2.

2110 4510 2305 4582 νερῶς,
2336 4512 2430 4564 καὶ
2459 4511 2715 4578 δεικνύει,
2768 4514 2849 4567 ὅτι
2880 4508 2960 4577 εἷς
2993 4515 3141 4568 ἐστιν
3176 4517 3203 4568 ὁ
3232 4516 3351 4569 κατ’
3383 4515 3548 4570 αὑτοῦ
3583 4534 3687 4586 με·

2107 4603 2308 4657 λετῶν·
2343 4603 2423 4656 διδ
2459 4604 2605 4674 λέγει
2629 4621 2644 4636 ’
2684 4624 2701 4657 ι
2759 4604 2816 4659 'U
2841 4606 3037 4660 ἐσθίων
3061 4609 3223 4677 ἄρτον
3256 4626 3379 4678 μου.
3416 4627 3435 4660 ι
3492 4609 3683 4662 Εἰπόν-

2106 4714 2196 4760 τος
2226 4696 2282 4750 δὲ
2320 4697 2408 4750 τοῦ
2443 4697 2639 4769 Ἰησοῦ,
2684 4718 2702 4752 ι
2747 4699 2888 4767 Ἐγὼ
2914 4697 3029 4754 οἴδα
3054 4700 3146 4764 οὓς
3183 4701 3536 4774 ἐξελεξάμην,
3576 4722 3593 4755 ι
3631 4705 3684 4757 τί
3754 4712 3779 4725 ‘

2107 4791 2351 4859 φήσομεν
2380 4791 2508 4861 περὶ
2537 4791 2630 4844 τοῦ
2669 4790 2875 4857 Ίούδα;
2907 4787 3035 4864 'Ap’
3081 4794 3202 4865 οὐχὶ
3262 4796 3355 4848 καὶ
3396 4795 3560 4848 αὑτὸν
3584 4796 3680 4860 ἐξ.

2113 4882 2337 4948 ελέξατο
2362 4900 2376 4949 ;
2420 4882 2733 4949 Ἐξελέξατο
2756 4883 2855 4955 μέν
2883 4876 2975 4937 οῦν
3008 4888 3173 4940 καλὸν
3196 4886 3344 4953 ὅντα,
3362 4888 3436 4952 ὡς
3468 4887 3563 4942 καὶ
3591 4889 3684 4942 τὸν

2109 4976 2281 5029 Σαούλ
2305 4994 2320 5008 ·
2352 4976 2485 5030 ἀλλά
2536 4977 2841 5048 μετεϐλήθη
2868 4993 2882 5008 ο
2912 4978 3260 5044 αὐτεξούσιος
3292 4982 3434 5050 γάρ’
3467 4997 3682 5051 συγχω-

2108 5069 2195 5140 ρεῖ
2224 5068 2279 5121 δὲ
2330 5069 2566 5138 ἑκάστῳ,
2623 5068 2765 5123 καθά
2810 5068 3077 5140 βούλεται,
3124 5071 3423 5141 πράττειν’
3481 5071 3541 5124 ού
3572 5070 3682 5142 γάρ

2106 5163 2319 5231 ἀναιρεῖ
2338 5161 2396 5213 τὸ
2418 5160 2781 5226 αὐτεξούσιον.
2811 5161 3234 5231 Μεταὸληθέντα
3256 5162 3311 5215 δὲ
3336 5163 3426 5216 τὸν
3482 5162 3684 5217 Ἰούδαν

2105 5252 2386 5314 ἀπώσατο,
2421 5253 2471 5305 εἰ
2505 5253 2595 5305 καὶ
2628 5253 2757 5324 πρὶν
2809 5252 3112 5319 ἐξελέξατο.
3160 5253 3233 5306 Τὸ
3278 5253 3357 5319 δὲ,
3426 5273 3445 5307 ι
3480 5254 3598 5308 Ἵνα
3646 5257 3682 5328 ή

2105 5345 2297 5415 Γρανρὴ
2331 5344 2614 5416 πληρωθῇ,
2651 5366 2668 5397 ι
2713 5344 2855 5399 οὕτω
2910 5346 3042 5410 νόει,
3078 5345 3152 5410 ὡς
3183 5348 3277 5399 καὶ
3322 5347 3391 5400 τά
3441 5347 3574 5402 ἄλλα
3612 5349 3681 5401 τὰ

2106 5438 2285 5508 ὃμοια,
2322 5439 2449 5506 περί
2477 5431 2551 5491 ὧν
2587 5438 2844 5499 πολλάκις
2874 5438 3125 5508 εἴπομεν.
3176 5438 3252 5492 Οὐ
3282 5439 3389 5510 γάρ
3411 5440 3498 5494 διὰ
3525 5440 3681 5496 τοῦτο

2106 5530 2429 5601 ⁴π’,ναγκάσθιίι
2473 5530 2502 5583 ὁ
2563 5530 2762 5594 Ἰούδας
2820 5530 3132 5603 προδοῦναι,
3190 5531 3278 5584 διὰ
3329 5533 3389 5585 τὸ
3446 5532 3683 5602 φανῆναι

2107 5621 2325 5695 ἀληθεῖς
2358 5623 2480 5687 τοὺς
2523 5622 2714 5691 λόγους
2756 5623 2852 5694 τῆς
2906 5623 3125 5695 Γραφῆς
3157 5624 3334 5696 (τοῦτο
3363 5627 3469 5697 γὰρ
3496 5624 3678 5701 πάσης
