4056 6660
356 408 460 475 159

1229 416 1808 476 THEOPHYLACTI
1864 415 1960 476 BU
1972 415 2274 476 LGARLE
2319 383 2675 476 ARClIIEP.

3497 403 3602 466 160

352 525 499 578 enim
529 525 615 578 ille
645 525 843 578 excidit
873 541 900 579 ιι
932 525 1106 590 nobis,
1133 525 1202 580 ita
1229 538 1376 582 certe
1402 535 1456 581 et
1485 527 1570 581 hic
1607 537 1826 597 propter
1855 527 1942 580 inv

2062 539 2186 594 me,
2214 529 2400 598 φησιν,
2439 527 2513 590 ὡς
2549 521 2629 590 εἷς
2661 525 2720 591 ἐξ
2743 522 2899 596 ἡμῶν
2937 540 2956 574 ι
3004 521 3204 586 πεσὼν,
3238 519 3533 582 τουτέστιν,
3587 521 3617 572 6

352 617 715 675 obedientiam
752 618 924 673 factus
955 627 1034 674 est
1059 628 1126 674 ex
1159 619 1314 675 nobis
1342 637 1358 688 ;
1397 620 1496 676 hoc
1525 631 1629 684 est,
1658 619 1860 676 excidit
1899 635 1926 672 a

358 713 534 766 nobis.

427 888 590 943 Vsus.
624 889 816 944 23-26.
848 909 866 942 ι
905 890 1031 944 Erat
1053 901 1230 948 autem
1261 910 1398 948 unus
1425 909 1490 948 ex
1520 893 1791 962 discipulis
1817 895 1932 964 ejus

357 994 396 1029 rt
419 982 676 1033 Cutnliens
709 980 760 1034 in
787 982 904 1034 sinu
934 981 1086 1046 .lesn,
1140 984 1393 1038 nimirum
1429 985 1472 1036 is
1497 1001 1655 1053 quem
1680 986 1934 1056 diligebat

355 1067 533 1124 Jcsus.
569 1069 748 1124 lnuuit
793 1087 924 1140 ergo
955 1073 1078 1126 huic
1110 1074 1294 1128 Simon
1345 1075 1560 1138 Petrus,
1599 1086 1654 1130 ιιι
1684 1077 1932 1130 sciStita-

359 1177 505 1217 retur
529 1165 648 1233 quis
677 1177 822 1220 esset
846 1167 912 1220 de
937 1181 1044 1234 quo
1084 1167 1419 1236 loqueretur.
1471 1167 1658 1238 Itaque
1689 1184 1810 1222 cum
1845 1186 1934 1223 re-

357 1259 639 1311 cubuisset
667 1257 754 1312 ille
783 1275 946 1326 super
973 1270 1158 1326 pectus
1197 1260 1344 1329 Jesn,
1387 1262 1516 1318 dicit
1546 1263 1595 1318 ei
1635 1282 1646 1318 :
1687 1263 1932 1328 Domine,

359 1350 480 1416 quis
513 1349 632 1405 est?
661 1351 958 1421 Respondit
987 1352 1162 1420 Jrsus,
1186 1355 1278 1410 Ille
1308 1365 1391 1410 est
1415 1358 1498 1411 cui
1531 1371 1630 1426 ego
1651 1357 1933 1412 intiucttnn

360 1459 554 1512 panem
593 1461 906 1515 porrcxcro.
970 1468 989 1502 ι
1031 1451 1210 1518 Quare
1249 1452 1499 1505 omnibus
1542 1451 1662 1504 aliis
1689 1460 1743 1505 et
1778 1449 1937 1506 Petro

365 1536 482 1605 ipso
509 1539 748 1610 principe
779 1551 1064 1606 tremente.
1096 1543 1334 1602 Joannes
1363 1546 1514 1615 quasi
1545 1546 1827 1601 delicatior
1849 1561 1936 1600 re—

363 1631 564 1686 cumbit
597 1633 648 1687 in
680 1634 796 1688 sintt
833 1635 1081 1690 Domini?
1111 1637 1171 1690 Et
1200 1637 1416 1702 iterum,
1458 1653 1626 1708 quare
1659 1639 1724 1692 de
1760 1637 1939 1706 seipso

365 1723 495 1776 dicit
547 1725 686 1793 quod
754 1743 773 1776 ί
814 1741 935 1781 emn
977 1727 1230 1794 diligebat
1275 1726 1466 1784 Jesus?
1512 1747 1530 1779 ι
1563 1728 1938 1782 Recumbebat

366 1818 580 1885 quidem
619 1827 837 1887 propter
886 1817 1024 1873 duas
1084 1820 1203 1874 illas
1247 1835 1440 1874 Causas
1475 1836 1488 1874 :
1529 1836 1634 1875 una
1671 1829 1774 1884 est,
1809 1822 1933 1890 quia

2034 621 2311 682 διάϐολος·
2350 621 2538 691 ὥσπερ
2565 620 2674 690 γὰρ
2703 618 2908 680 ἐκεῖνος
2938 615 3314 678 ἐκπέπτωκεν,
3347 613 3490 666 οὕτω
3519 613 3619 666 καὶ

2033 709 2182 776 οὗτος
2201 713 2287 767 διὰ
2311 715 2406 782 τῆς
2425 713 2708 784 παρακοῆς
2734 710 2957 780 γέγονεν
2985 709 3042 776 ἐξ
3071 707 3249 780 ἡμῶν,
3276 709 3414 779 ὅπερ
3443 709 3612 770 ἐστὶν,

2037 807 2396 859 ἐκπέπτωκεν
2420 805 2597 876 ἡμῶν.

2115 917 2132 949 ι
2158 893 2266 964 Ἷῐν
2295 897 2350 952 δὲ
2387 897 2740 966 ἀνακείμενος
2768 889 2846 958 εἷς
2869 893 2978 948 τῶν
2993 892 3250 964 μαθητῶν
3268 888 3430 944 αὑτοῦ
3462 892 3517 942 ὲν
3541 886 3620 958 τῷ

2036 989 2222 1058 κόλπῳ
2249 988 2447 1056 Ἰησοῦ,
2499 987 2558 1040 ὃν
2611 985 2800 1056 ἠγάπα
2828 984 3058 1053 Ἰησοῦς.
3107 981 3272 1036 Νεύει
3305 979 3396 1034 οὖν
3441 979 3619 1048 τούτῳ

2039 1085 2220 1152 Σίμων
2271 1082 2474 1152 Πέτρος
2529 1080 2815 1137 πυθέσθαι,
2871 1077 2954 1140 τίς
2992 1078 3057 1130 ἃν
3084 1077 3168 1147 εἴη
3203 1075 3329 1144 περὶ
3355 1070 3417 1130 οὗ
3445 1075 3616 1140 λέγει.

2051 1174 2362 1228 Ἑπιπεσὼν
2387 1172 2445 1226 δὲ
2471 1173 2673 1234 ἐκεῖνος
2706 1173 2798 1224 ἐπὶ
2829 1170 2890 1223 τὸ
2923 1168 3118 1238 στῆθος
3159 1167 3254 1220 τοῦ
3295 1165 3492 1236 Ἰησοῦ,
3530 1167 3622 1219 λέ-

2038 1281 2125 1331 γει
2151 1262 2322 1333 αὐτῷ·
2357 1261 2550 1332 Κύριε,
2583 1261 2666 1323 τίς
2702 1262 2884 1327 ὲστινς
2915 1257 3296 1329 Ἀποκρίνεται
3329 1258 3356 1310 6
3381 1255 3618 1326 Ἰησοῦς⁸

2051 1355 2285 1418 Ἐκεῖνός
2317 1353 2484 1419 ἐστιν,
2515 1345 2560 1419 ᾧ
2586 1351 2696 1422 ἐγὼ
2727 1350 2902 1423 βάψας
2930 1350 2990 1404 το
3023 1349 3237 1420 ψωμίον
3294 1347 3561 1403 ἐπιδώσω.
3597 1368 3616 1400 ι

2039 1447 2192 1502 Διατί
2218 1446 2436 1500 πάντων
2467 1443 2848 1514 ἀγωνιώντων,
2881 1443 2975 1497 καὶ
2999 1441 3166 1496 αὑτοῦ
3196 1441 3288 1495 τοῦ
3320 1441 3622 1512 κορυφαίου

2043 1541 2249 1610 Πέτρου
2275 1539 2590 1610 τρέμοντος,
2626 1539 2654 1592 6
2684 1537 2937 1607 Ἰωάννης
2959 1536 3107 1591 ὥσπε
3119 1554 3150 1606 ρ
3181 1537 3460 1607 ἐντρυφῶν
3489 1536 3627 1588 ἀνά-

2042 1648 2226 1686 κειται
2255 1635 2314 1686 ὲν
2339 1631 2416 1702 τῷ
2443 1630 2538 1683 τοῦ
2569 1631 2778 1698 Κυρίου
2807 1629 3027 1700 κόλπῳς
3061 1631 3152 1682 καὶ
3179 1627 3278 1691 ἔτι,
3318 1627 3459 1682 διατι
3498 1627 3629 1698 περὶ

2043 1723 2236 1778 ἑαυτοῦ
2264 1741 2451 1794 φησιν,
2477 1723 2560 1776 ὅτι
2593 1741 2610 1773 ι
2648 1722 2708 1775 ὃν
2751 1722 2939 1792 ἠγάπα
2961 1723 2988 1774 6
3017 1721 3260 1786 Ἰησοῦςς
3297 1741 3316 1774 ι
3353 1720 3630 1774 ’Δνέκειτο

2048 1819 2144 1887 μὲν
2196 1813 2288 1870 οὖν
2317 1817 2407 1870 διὰ
2424 1815 2595 1870 ταῦτα
2617 1815 2686 1870 τὰ
2715 1816 2807 1868 δύο
2829 1833 2841 1846 ·
2880 1815 2938 1868 ἓν
2971 1814 3092 1884 μὲν,
3123 1814 3208 1868 ὅτι
3261 1812 3628 1884 ἀγαπώμενος

371 1921 486 1975 pta:
510 1907 762 1964 omnibus
790 1909 910 1964 aliis
947 1911 1273 1976 diligebatur
1313 1912 1570 1966 maxime.
1628 1911 1940 1967 Dilectiouis

2062 1908 2108 1984 ᾖν
2137 1911 2353 1964 πάντων
2387 1909 2619 1979 μάλιστα
2649 1909 2756 1962 τῶν
2785 1908 2962 1964 ἄλλων
2985 1923 3000 1939 ’
3025 1907 3261 1976 ’ἀγάπης
3285 1905 3342 1960 δὲ
3400 1907 3630 1977 σημεῖον

369 2008 549 2052 autem
612 2002 845 2071 signum,
904 2001 1221 2056 recumbere
1278 2017 1398 2057 cum
1457 2003 1702 2058 Domino.
1736 2004 1939 2072 Altera,

369 2091 492 2158 quia
516 2091 726 2146 volebat
756 2109 813 2148 se
831 2095 1114 2150 ostendere
1146 2095 1381 2150 alienum
1410 2111 1439 2150 a
1467 2097 1694 2151 crimine
1717 2115 1811 2168 per
1842 2101 1944 2153 hoc

369 2186 510 2256 quod
551 2197 656 2240 tam
690 2188 856 2242 libera
891 2188 965 2242 illi
1003 2205 1123 2244 cum
1152 2188 1368 2245 Christo
1401 2189 1760 2247 familiaritas.
1791 2191 1862 2246 De
1887 2209 1945 2248 se

371 2287 548 2330 autem
585 2288 810 2333 testatur
845 2283 985 2348 quod
1041 2283 1291 2338 dilexerit
1328 2284 1500 2352 ipsum
1549 2283 1728 2348 JeSIIs,
1783 2295 1840 2339 ut
1878 2302 1946 2340 ne

373 2383 492 2422 cum
529 2378 582 2422 tu
620 2356 855 2426 audieris
884 2372 1025 2442 quod
1075 2373 1264 2428 innuat
1290 2375 1338 2429 ei
1371 2375 1584 2441 Petrus,
1621 2386 1678 2430 ut
1708 2379 1945 2432 interro-

375 2467 544 2528 garet,
575 2471 730 2531 putes
771 2467 914 2533 quod
969 2475 1225 2535 tanqu-aut
1283 2467 1476 2536 majori
1515 2470 1610 2538 ipsi
1655 2470 1894 2525 inuuerit
1929 2486 1945 2527 :

377 2553 516 2604 unde
571 2553 702 2608 dicit
731 2555 1060 2625 evangelista
1099 2558 1164 2612 de
1193 2573 1272 2624 se,
1305 2561 1448 2628 quod
1503 2559 1698 2614 Petrus
1730 2563 1835 2615 sibi
1867 2563 1950 2615 itt-

378 2643 492 2696 nttit
530 2660 632 2699 non
683 2655 742 2700 ιιι
781 2648 992 2717 majori,
1021 2651 1114 2704 sed
1146 2661 1206 2706 ut
1243 2652 1291 2707 ei
1346 2653 1437 2720 qui
1496 2653 1727 2709 dilectus
1782 2655 1950 2724 magis

377 2733 552 2789 luerat
599 2753 628 2791 a
675 2737 934 2806 Domitio;
987 2751 1042 2795 et
1090 2741 1162 2795 ita
1197 2744 1368 2812 magis
1405 2745 1750 2810 humilitatis,
1791 2764 1949 2816 quam

378 2833 764 2888 o~tentationis
804 2835 1026 2890 terbuin
1055 2846 1153 2893 est.
1193 2837 1312 2894 Non
1348 2841 1492 2895 enim
1517 2841 1668 2908 dicit,
1701 2841 1811 2911 Ego
1833 2843 1954 2897 dili-

381 2925 567 2991 gebam
588 2925 797 2994 Jesmu,
825 2932 968 3002 quod
999 2933 1065 2988 de
1093 2934 1250 2990 Petro
1284 2945 1636 3006 prmestatur,
1675 2938 1766 2994 sed
1791 2939 1955 3009 quid?

381 3015 476 3070 ille
507 3019 674 3086 enim,
707 3020 902 3092 inquit,
933 3025 1186 3096 diligebat
1221 3045 1326 3094 me,
1361 3031 1452 3098 qui
1486 3039 1705 3100 pmpter
1740 3032 1954 3088 miseri-

383 3107 625 3164 cordiam
679 3121 733 3166 et
785 3115 1183 3172 miserationem
1247 3134 1398 3174 suam
1466 3133 1784 3191 susceperat
1846 3138 1952 3176 me.

2042 2008 2104 2060 τὸ
2152 2005 2472 2060 ἀνακεῖσθαι
2507 2003 2644 2075 μετὰ
2695 2001 2789 2058 τοῦ
2822 2001 3052 2074 Κυρίου.
3095 2001 3324 2070 Ἕτερον
3359 1999 3435 2062 δὲ,
3469 1999 3624 2052 ἀλλό-

2043 2113 2196 2167 τριον
2245 2095 2438 2150 ἑαυτὸν
2476 2095 2569 2148 τοῦ
2603 2094 2948 2164 ἐγκλήματος
2981 2091 3149 2157 δεῖξαι
3186 2091 3506 2162 βουλόμενος
3542 2090 3633 2144 διᾶ⁸

2043 2190 2139 2244 τοῦ
2194 2186 2670 2260 παρρησιάζεσθαι
2721 2187 2814 2239 καὶ
2859 2185 3104 2255 θαρρεῖν.
3161 2184 3293 2254 Περὶ
3327 2183 3523 2236 ἑαυτοῦ
3572 2182 3632 2236 δὲ

2051 2288 2350 2357 μαρτυρεῖ,
2371 2285 2452 2338 ὅτι
2484 2284 2675 2353 ἠγάπα
2695 2283 2857 2336 αὑτὸν
2889 2285 2918 2338 6
2941 2280 3150 2353 Ἰησοῦς
3172 2325 3186 2346 ,
3213 2281 3433 2351 ζήτημα
3465 2279 3630 2334 λύων.

2050 2381 2169 2432 Ἵνα
2197 2379 2308 2450 γὰρ
2338 2379 2412 2448 μὴ
2443 2376 2658 2431 ἀκούων
2689 2375 2777 2440 σὺ,
2809 2377 2890 2430 ὅτι
2927 2375 3142 2430 ἔνευσεν
3178 2374 3326 2445 αὐτῷ
3369 2377 3396 2428 6
3428 2374 3636 2442 Πέτρος

2051 2471 2346 2540 ἐρωτῆσαι,
2403 2469 2650 2540 νομίσῃς.
2693 2469 2775 2522 ὅτι
2823 2467 2899 2532 ὡς
2948 2467 3158 2539 μείζονι
3214 2467 3362 2536 αὐτῷ
3410 2465 3632 2519 ἔνευσε·

2052 2562 2217 2633 φησὶν
2247 2563 2275 2614 6
2298 2559 2693 2629 εύαγγελιστὴς
2724 2557 2854 2628 περὶ
2887 2557 3105 2622 ἑαυτοῦ,
3137 2558 3217 2610 ὅτι
3259 2556 3371 2628 Ούχ
3413 2557 3488 2620 ὡς
3517 2557 3638 2626 μεί-

2053 2655 2168 2720 ζονί
2199 2673 2288 2723 μοι
2315 2653 2531 2708 ἔνευσεν
2553 2654 2580 2707 6
2620 2653 2845 2722 Πέτρος,
2879 2651 2994 2705 ἀλλ’
3022 2651 3098 2713 ὡς
3139 2649 3498 2720 ἀγαπωμένῳ
3530 2650 3639 2702 ὑπὸ

2053 2749 2148 2804 τοῦ
2194 2748 2454 2820 Χριστοῦ.
2491 2748 2653 2800 Ὥστε
2708 2746 2910 2816 μᾶλλον
2949 2744 3372 2812 ταπεινόφρονος
3411 2741 3639 2813 γνώμης

2053 2843 2154 2896 ούκ
2184 2840 2554 2908 ὲπιδεικτικῆς
2575 2841 2690 2892 em
2723 2838 2898 2892 τοῦτο.
2925 2836 3016 2908 Μὴ
3049 2835 3157 2907 γὰρ
3186 2835 3334 2904 λέγει
3364 2837 3444 2888 ὅτι
3497 2834 3640 2903 Ἐγὼ

2055 2935 2285 3006 ἠγάπων
2326 2935 2417 2989 τὸν
2459 2933 2688 3006 Ἰησοῦν,
2717 2931 2745 2986 6
2771 2932 2864 2986 ἐπὶ
2913 2930 3010 2984 τοῦ
3042 2929 3248 3000 Πέτρου
3281 2946 3638 3001 προσμαρτυ-

2060 3031 2162 3101 ρεῖ,
2194 3028 2330 3082 ἀλλὰ
2369 3027 2450 3094 τίς
2481 3027 2742 3090 Ἐκεῖνος,
2769 3025 2956 3094 φησιν,
2986 3023 3172 3095 ἠγάπα
3197 3020 3318 3092 ἐμὲ,
3359 3022 3449 3076 διὰ
3492 3022 3642 3087 ἔλεος

2059 3121 2156 3175 καὶ
2189 3119 2508 3192 οἰκτιρμοὺς
2537 3115 2976 3189 προσλαϐόμενός
3003 3133 3070 3184 με
3092 3130 3106 3144 ⁸
3132 3115 3160 3170 ὃ
3191 3115 3284 3170 καὶ
3306 3116 3334 3168 6
3376 3114 3641 3169 Ἀπόστο-

387 3192 540 3256 Quod
576 3205 626 3248 et
658 3197 942 3264 Apostolus
981 3201 1113 3258 dicit
1165 3203 1244 3258 ⁸ος
1289 3223 1308 3256 ι
1352 3204 1672 3276 Persequor,
1711 3209 1753 3259 si
1805 3221 1957 3261 cunt—

2062 3214 2148 3276 λος
2175 3213 2356 3279 λέγει’
2387 3210 2625 3269 «Διώκω.
2655 3213 2702 3263 εί
2728 3210 2818 3264 καὶ
2845 3207 3162 3270 καταλάϐω,
3202 3209 3287 3276 ἐφ’
3314 3201 3358 3276 ᾧ
3387 3208 3479 3261 καὶ
3507 3225 3642 3260 κατ-

387 3289 715 3354 prehendam
740 3289 874 3345 ineo
907 3307 1012 3362 quo
1043 3303 1093 3348 el
1125 3296 1546 3365 comprehensus
1563 3314 1680 3353 sum
1705 3315 1733 3352 a
1762 3299 1894 3356 Deo.
1931 3319 1949 3352 ι

387 3377 453 3432 Ει
488 3377 680 3434 iterum
709 3381 777 3448 ⁸³,
811 3407 830 3434 ι
862 3384 962 3450 Qui
994 3399 1360 3454 cognoverunt
1394 3389 1582 3454 Deum,
1615 3391 1726 3447 imo
1759 3393 1959 3462 cogniti

389 3479 515 3526 sunt
545 3488 576 3527 a
609 3475 733 3530 Deo.
769 3495 788 3528 ι
816 3477 907 3532 Sic
937 3479 1098 3550 igitur
1121 3497 1243 3536 rum
1267 3483 1417 3550 dicit,
1447 3503 1466 3536 ι
1503 3484 1671 3562 Quem
1706 3486 1963 3555 diligebat

388 3564 565 3632 Jcsus,
613 3587 630 3620 ι
667 3585 769 3626 non
799 3571 1050 3639 gloriatio
1075 3583 1178 3638 est,
1209 3577 1302 3631 sed
1338 3577 1656 3634 humilitatis
1679 3578 1962 3636 indicium.

391 3659 570 3726 Quare
610 3672 788 3718 autem
822 3663 1011 3722 Petrus
1056 3683 1161 3722 non
1200 3671 1494 3738 interrogat
1531 3671 1962 3736 Dmninum,.sed

392 3752 566 3809 innuit
594 3753 834 3812 Joanni?
867 3759 998 3824 Quia
1033 3774 1143 3830 pra:
1181 3761 1346 3816 nimio
1382 3764 1594 3818 fervore
1626 3778 1769 3834 saepe
1799 3765 1967 3818 inter-

393 3857 677 3916 rogaverat
708 3849 1014 3916 Dominum,
1055 3862 1110 3906 et
1146 3851 1455 3924 increpattts
1485 3863 1624 3918 erat,
1653 3856 1770 3927 ejus
1792 3857 1964 3927 gratia

395 3951 537 3990 nunc
575 3937 914 4010 interrogare
950 3942 1221 3996 formidat.
1275 3954 1331 4000 tit
1373 3962 1476 4002 non
1505 3949 1668 4003 etiam
1715 3965 1856 4003 nunc
1891 3960 1968 4002 tc-

395 4029 661 4085 merarius
707 4039 1016 4100 arguatura
1058 4033 1302 4089 Domino.
1344 4037 1522 4103 Quare
1585 4047 1766 4092 autem
1802 4036 1965 4092 Joan-

398 4133 493 4174 nes
535 4123 732 4175 accitnt
777 4135 844 4176 au
889 4136 1076 4194 pectus
1118 4125 1251 4182 Jcsu
1293 4127 1500 4197 absque
1557 4143 1856 4184 revul't‘tllta
1915 4141 1968 4186 et

323 4200 329 4206 ’
397 4216 792 4272 sulnnissione?
821 4219 960 4285 Quia
985 4221 1118 4276 nihil
1149 4224 1326 4279 adhuc
1355 4239 1606 4294 maguum
1641 4225 1708 4280 de
1743 4225 1970 4282 Domino

393 4311 683 4376 sentiebat,
735 4327 906 4382 neque
939 4325 1094 4370 erant
1148 4318 1324 4374 edocti
1385 4319 1604 4390 dignum
1654 4321 1972 4376 reverentiae

395 4403 656 4460 honorem
687 4407 969 4474 exhibere;
1003 4411 1298 4479 piscatores
1325 4413 1468 4466 enim
1507 4424 1659 4468 erant
1702 4425 1756 4468 et
1813 4415 1968 4469 olli-ii

399 4497 659 4569 imperiti.
718 4498 988 4557 Permittit
1017 4511 1195 4557 autem
1227 4504 1274 4559 ei
1319 4503 1576 4560 Dominus
1601 4517 1659 4561 ut
1697 4509 1973 4564 recumth

2067 3308 2308 3378 ελήφθην
2345 3305 2452 3358 ὑπὸ
2481 3303 2616 3358 Θεοῦ
2639 3320 2653 3332 ·
2691 3323 2710 3355 ι
2775 3301 2873 3356 καὶ
2905 3301 3085 3365 πάλιν,
3151 3320 3170 3354 ι
3209 3301 3438 3364 Γνόντες
3484 3299 3640 3365 Θεὸν,

2072 3399 2271 3470 μᾶλλον
2320 3398 2377 3451 δὲ
2411 3395 2747 3465 γνωσθέντες
2781 3393 2884 3448 ὑπὸ
2911 3393 3067 3448 Θεοῦ.
3105 3411 3122 3444 ι
3185 3391 3370 3457 Οὕτως
3423 3390 3517 3446 οὖν
3549 3392 3645 3446 καὶ¹

2067 3494 2151 3560 τὸ,
2192 3513 2208 3545 ι
2241 3493 2302 3546 6v
2350 3491 2539 3562 ἠγάπα
2571 3491 2598 3542 6
2632 3487 2858 3560 Ἰησοῦς,
2897 3505 2915 3538 ι
2969 3487 3028 3539 οὐ
3064 3484 3349 3556 καύχημα,
3381 3483 3518 3538 ἀλλὰ
3549 3501 3646 3540 τα·

2071 3584 2498 3656 πεινοφροσύνης
2521 3581 2793 3650 ἔνδειγμα.
2821 3579 2972 3633 Διατί
3003 3579 3058 3632 δὲ
3089 3579 3186 3649 οὐχ
3215 3579 3242 3632 6
3275 3577 3478 3648 Πέτρος
3507 3579 3646 3648 ἐρω-

2071 3683 2138 3750 τᾷ
2169 3680 2259 3733 τὸν
2311 3663 2537 3749 Κύριον,
2584 3674 2720 3730 ἀλλὰ
2749 3673 2827 3744 τῷ
2869 3673 3090 3743 Ἰωάννη
3133 3672 3382 3738 ἔνευσενς
3426 3671 3648 3741 Ἐπειδὴ

2071 3771 2180 3826 ἀπὸ
2238 3771 2437 3841 πολλῆς
2476 3767 2812 3839 θερμότητος
2844 3765 3161 3837 εὑρίσκεται
3221 3765 3490 3836 πολλαχοῦ
3548 3765 3646 3834 μὲν

2075 3865 2280 3936 ὁρμῶν,
2308 3861 2709 3933 ὲπιτιμὼμενος
2731 3860 2809 3924 δὲ,
2830 3859 3021 3916 τούτου
3049 3859 3234 3913 ἕνεκεν
3257 3857 3350 3911 νῦν
3373 3858 3648 3928 ἐρωτῆσαι

2077 3958 2346 4022 δέδοικεν,
2372 3956 2458 4008 ἵνα
2493 3953 2568 4026 μὴ
2598 3953 2694 4006 καὶ
2719 3952 2813 4006 νῦν
2844 3949 3121 4022 ἐπιπλήξῃ
3169 3948 3316 4018 αύτῷ
3343 3949 3420 4013 ὡς
3445 3966 3650 4020 προπε-

2077 4047 2351 4117 τευομένῳ
2389 4046 2418 4100 6
2471 4044 2694 4116 Κύριος.
2737 4044 2893 4108 Τίνος
2944 4041 3002 4096 δὲ
3055 4043 3242 4096 ἕνεκεν
3298 4042 3326 4095 6
3393 4041 3648 4110 Ἰωάννης

2077 4140 2267 4192 πίπτει
2323 4136 2416 4190 ἐπὶ
2461 4137 2539 4207 τῷ
2570 4134 2755 4206 στήθει
2801 4134 2895 4188 τοῦ
2923 4131 3098 4206 Ἰησοῦ
3131 4131 3302 4196 οὕτως
3334 4131 3651 4195 ἀνευλαὸὦς

2079 4233 2172 4285 καὶ
2198 4228 2610 4296 ἀνυποστόλωςς
2639 4229 2764 4282 Ὅτι
2810 4227 2963 4281 οὐδὲν
2987 4225 3200 4279 οὐδέπω
3230 4226 3360 4296 περὶ
3410 4222 3650 4296 Χριστοῦ

2083 4323 2226 4394 μέγα
2255 4320 2674 4392 ὑπελάμϐανεν,
2717 4317 2837 4371 οὐδὲ
2885 4313 3025 4388 ἦσαν
3062 4315 3506 4384 πεπαιδευμένοι,
3553 4314 3654 4385 τὴν

2080 4413 2236 4480 ἀξίαν
2269 4409 2432 4484 τιμὴν
2485 4410 2783 4483 προσάγειν
2822 4409 2936 4471 τοῖς
2988 4405 3220 4476 τιμίοις·
3257 4403 3429 4467 ἁλιεῖς
3450 4405 3558 4472 γὰρ
3603 4405 3654 4457 οἱ

2081 4505 2376 4575 ἄνθρωποι,
2413 4503 2507 4556 καὶ
2563 4502 2658 4556 τοῦ
2691 4500 3061 4570 προσήκοντος
3087 4497 3339 4566 ἀμαθεῖς.
3371 4498 3658 4567 Συγχωρεί

399 4609 562 4661 super
601 4603 810 4662 pectus,
861 4610 1149 4652 mmrorem
1184 4598 1300 4666 ejus
1357 4600 1594 4666 solvens,
1621 4609 1676 4655 et
1723 4601 1957 4670 mitigans

2075 4600 2132 4654 δὲ
2164 4597 2312 4668 αύτῷ
2344 4598 2372 4649 6
2398 4595 2602 4667 Κύριος
2635 4595 2820 4647 πεσεῖν
2842 4592 2934 4645 ἐπὶ
2963 4591 3022 4646 τὸ
3048 4591 3264 4660 στῆθος,
3290 4589 3386 4658 τὴν
3412 4587 3654 4658 ἀθυμίαν

402 4686 763 4743 turbationem
803 4689 996 4745 mentis
1043 4691 1210 4754 illitis,
1261 4699 1315 4746 et
1353 4692 1404 4744 in
1457 4707 1668 4747 summa
1705 4695 1976 4748 tristitiam

401 4779 636 4849 Sapiens.
683 4778 984 4838 Verisimile
1027 4784 1170 4838 enim
1205 4785 1387 4847 (etiam
1426 4784 1589 4856 693
1629 4786 1681 4840 in
1743 4785 1980 4840 {aciebus

401 4886 588 4926 eorum
650 4871 872 4926 tnultum
905 4876 1155 4930 maeroris
1189 4877 1521 4944 apparuisse.
1560 4878 1625 4931 Et
1679 4893 1850 4949 neque
1899 4879 1979 4934 sic

407 4961 772 5032 interrogatus
815 4965 1073 5019 Dominus
1124 4967 1340 5021 nomine
1403 4967 1748 5045 proditorem
1809 4971 1982 5024 niani-

407 5053 592 5120 festat,
623 5057 716 5110 sed
746 5071 842 5124 per
865 5056 1158 5112 lim-cellam
1186 5067 1312 5114 tunc
1335 5059 1684 5114 manifestum
1715 5060 1861 5126 facit,
1886 5064 1978 5114 ιιιὶ-

406 5163 632 5204 monens
677 5151 1030 5220 proditorem,
1073 5159 1126 5204 et
1184 5151 1236 5204 in
1268 5153 1585 5207 memoriam
1625 5154 1672 5208 ei
1712 5153 1978 5208 reducens

407 5256 648 5296 mensam
687 5251 742 5297 et
781 5254 973 5310 panem
1027 5258 1256 5313 quorum
1317 5245 1588 5316 particeps
1622 5255 1760 5312 erat,
1823 5254 1879 5299 ut
1911 5261 1982 5300 ne

406 5339 690 5406 prodal,et
711 5345 896 5390 contra
921 5348 1226 5404 pascentem
1253 5338 1502 5394 insaniat.
1530 5341 1747 5409 Accipe,
1781 5339 1978 5407 inquit,

407 5442 622 5498 panem,
654 5425 806 5494 cujus
828 5441 1034 5482 mecum
1061 5428 1332 5498 particeps
1349 5443 1430 5496 es,
1456 5445 1659 5484 memor
1687 5439 1804 5484 esto
1835 5444 1984 5483 con:-

412 5523 594 5578 munis
651 5536 870 5577 mensze.
927 5521 997 5575 At
1028 5538 1135 5576 non
1178 5521 1444 5577 intellexit
1478 5525 1655 5577 anima
1695 5523 1839 5576 illius
1874 5538 1984 5591 prie

415 5616 705 5672 atlectione
739 5623 985 5687 gravata,
1030 5615 1084 5670 Si
1137 5616 1222 5694 vis
1249 5622 1302 5669 ct
1335 5615 1451 5684 ipse
1477 5630 1638 5684 prope
1664 5613 1848 5668 Jesum
1898 5629 1984 5666 te-

415 5709 690 5776 cumbere,
735 5718 788 5764 et
819 5708 872 5764 in
899 5717 1091 5778 pectus
1119 5706 1236 5776 ejus
1289 5707 1502 5771 cadere,
1543 5716 1594 5760 ct
1647 5703 1874 5776 tny-tica
1921 5702 1987 5757 ab

495 5897 542 5933 δ’
579 5893 806 5968 Philipp.
844 5909 924 5963 ιιι,
963 5894 1045 5952 12.
1076 5893 1118 5927 ιι
1153 5890 1330 5949 (μιν.
1367 5905 1440 5956 ιν,
1465 5889 1518 5945 9.

2077 4691 2219 4745 λύων
2247 4688 2435 4752 αὐτοῦ,
2462 4689 2556 4743 xui.
2605 4686 2864 4758 πραΰνων
2897 4684 2989 4738 τὸν
3020 4684 3258 4754 τάραχον
3283 4683 3382 4752 τῆς
3411 4683 3652 4745 διανοίας

2078 4783 2259 4848 αὑτοῦ,
2310 4783 2404 4834 καὶ
2433 4779 2618 4844 ἁπλῶς
2648 4779 2747 4847 τὴν
2789 4776 2966 4846 λύπην
3019 4774 3445 4846 κατακοιμίζων.
3491 4773 3654 4836 Εἰκὸς

2078 4878 2186 4946 γὰρ
2219 4875 2312 4928 καὶ
2362 4875 2476 4938 τοῖς
2524 4869 2842 4942 προσώποις
2893 4868 3073 4923 αὐτῶν
3110 4867 3311 4936 πολλὴν
3348 4867 3655 4936 κατήφειαν

2077 4965 2482 5038 ἐπιφαίνεσθαι.
2519 4965 2627 5019 Καὶ
2683 4963 2804 5016 οὐδὲ
2838 4961 3010 5024 οὕτως
3043 4959 3338 5033 ἐρωτηθεὶς
3361 4960 3389 5012 6
3425 4957 3649 5028 Κύριος,

2076 5059 2336 5129 ὀνομαστί
2369 5059 2594 5126 φανεροί
2608 5055 2698 5109 τον
2723 5055 3012 5124 προδότην,
3044 5051 3180 5106 ἀλλὰ
3200 5050 3287 5104 διὰ
3308 5050 3403 5104 τοῦ
3436 5047 3653 5119 ψωμίου

2075 5153 2236 5223 δῆθεν
2265 5149 2540 5220 δηλοποιεῖ
2571 5149 2753 5212 αὑτὸν,
2781 5147 3060 5216 ἐντρέπων
3105 5145 3200 5223 τὸν
3236 5143 3523 5214 προδότην,
3560 5141 3656 5194 καὶ

2079 5222 2158 5307 εἰς
2183 5241 2434 5313 αἴσθησιν
2473 5241 2622 5308 ἄγων
2665 5240 2830 5294 αὐτὸν
2863 5238 2960 5308 τῆς
2997 5222 3280 5307 τραπέζης
3307 5236 3401 5289 καὶ
3431 5235 3525 5288 τοῦ
3558 5235 3658 5305 ἄρ-

2082 5353 2176 5390 του
2204 5351 2218 5366 ⁶
2255 5329 2330 5389 ὧν
2368 5332 2739 5405 μεταλαϐόντα
2791 5333 2890 5384 οὐκ
2933 5331 3038 5384 ἔδει
3081 5327 3370 5400 προδοῦναι
3399 5327 3660 5380 καὶκατὰ

2085 5424 2180 5478 τοῦ
2211 5426 2456 5496 τροφέως
2497 5421 2756 5492 μανῆναι.
2809 5419 2988 5485 Δέξαι,
3051 5419 3205 5488 φησὶ,
3255 5417 3346 5470 τὸν
3377 5417 3562 5486 ἄρτον,
3597 5408 3658 5470 οὗ

2087 5515 2503 5587 συμμετέλαὸες
2553 5515 2710 5582 ἐμοὶ,
2745 5513 2824 5575 εἰς
2873 5511 3126 5579 αἴσθησιν
3171 5508 3314 5562 ἐλθέ
3343 5507 3441 5578 τῆς
3475 5507 3659 5578 κοινῆς

2083 5607 2382 5678 τραπέζης.
2408 5606 2546 5658 Ἀλλ’
2563 5605 2624 5657 οὐ
2649 5605 2878 5674 συνῆκεν
2907 5600 3011 5655 ύπό
3037 5601 3126 5654 τοῦ
3157 5601 3359 5663 πάθους
3389 5600 3658 5672 καρωθεὶς

2085 5700 2184 5772 τὴν
2220 5699 2418 5771 ψυχήν.
2445 5697 2505 5752 Εἰ
2539 5697 2710 5762 θέλεις
2743 5697 2838 5750 καὶ
2887 5692 3048 5757 αὐτὸς
3083 5692 3402 5748 ἀνακεῖσθαι
3433 5691 3659 5763 πλησίον
