4056 6576
349 381 448 446 161

934 382 1374 444 ENARRATIO
1414 382 1494 443 IN
1536 382 2039 445 EVANGELIUM
2078 382 2427 446 JOANNIS.
2466 408 2537 420 -
2575 385 2733 446 CAP.
2773 387 2947 450 Xlll.

3503 385 3608 451 162

346 495 445 548 τοῦ
477 494 675 566 Ἰησοῦ,
709 495 801 549 καὶ
837 496 930 550 ἐπὶ
961 497 1023 550 τὸ
1057 497 1251 566 στῆθος
1280 496 1445 550 αὐτοῦ
1475 499 1687 561 πεσεῖν,
1744 497 1840 550 κα)⁸
1862 497 1929 551 τὰ

2036 512 2095 553 eo
2130 499 2363 562 discere,
2392 500 2458 553 da
2479 516 2698 570 operam
2732 512 2784 555 ut
2815 513 3035 572 propter
3058 502 3357 574 simplicem
3385 503 3613 559 bOnam-

348 588 595 654 μυστικὰ
626 587 755 658 παρ’
787 588 952 642 αὑτοῦ
988 590 1201 659 μαθεῖν,
1241 589 1543 643 σπούδασον
1578 588 1930 659 ἀγαπηθῆναι

342 679 501 749 αὑτῷ
554 679 644 732 διὰ
692 680 920 752 γνώμης
973 681 1151 752 ἁπλῆς
1195 683 1289 735 καὶ
1331 681 1561 751 ἀγαθῆς.
1619 681 1729 736 Καὶ
1767 680 1875 751 γὰρ
1903 680 1932 733 6

358 773 614 841 Ἰωάννης
633 770 999 843 άκακώτερος,
1054 774 1146 826 καὶ
1178 772 1567 844 ἁπλούστερος,
1589 772 1683 826 καὶ
1702 771 1935 843 πραότε-

348 880 445 932 pc;
479 863 695 919 πάντων
722 857 819 933 ἦν’
849 863 931 916 διδ
974 864 1070 917 καὶ
1112 865 1388 933 ἠγαπᾶτο.
1424 864 1535 917 Καὶ
1558 864 1623 916 σὺ
1653 862 1832 915 τοίνυν
1884 862 1935 915 εί

347 954 592 1018 τοιοῦτος
642 955 760 1022 εἴης
790 956 1015 1019 ἄκακος,
1072 956 1350 1027 ἀξιώθήσῃ
1386 957 1480 1009 καὶ
1531 955 1623 1009 ἐπὶ
1654 954 1714 1007 τὸ
1740 953 1933 1024 στῆθος

347 1047 448 1099 τοῦ
494 1044 668 1116 Ἰησοῦ
700 1048 995 1101 ἀναπεσεῖν
1046 1047 1095 1120 (ὃ
1126 1048 1221 1101 τοῦ
1271 1046 1582 1116 θεολογικοῦ
1621 1046 1933 1116 ἀξιώματός

350 1141 471 1193 ἔστι
497 1138 785 1208 σύμϐολον.
828 1141 916 1193 Ἑν
944 1139 1052 1211 γὰρ
1083 1142 1148 1212 τῇ
1178 1139 1375 1211 καρδίᾳ
1402 1136 1543 1193 οἶδεν
1576 1141 1609 1210 η
1634 1139 1822 1209 Γραφὴ
1865 1136 1933 1192 τὰ

352 1230 511 1299 λόγια
549 1230 645 1285 τοῦ
682 1232 888 1304 Κυρίου
922 1234 1317 1305 κρυπτόμενα),
1370 1234 1466 1287 καὶ
1516 1232 1690 1295 οὓτως
1719 1233 1935 1286 ἀποκα-

350 1323 686 1395 λυφθήσεταί
728 1325 904 1379 σοι’τό
923 1343 981 1378 τε
1013 1327 1312 1397 μυστήριον
1341 1325 1507 1389 ἅπαν,
1545 1325 1638 1377 καὶ
1659 1325 1687 1377 6
1714 1323 1809 1377 τοῦ
1838 1323 1929 1376 λό-

351 1432 452 1478 γου
505 1416 795 1488 προδότης.
852 1418 942 1488 Τῷ
998 1420 1108 1489 γὰρ
1140 1419 1237 1489 τὴν
1289 1418 1387 1488 τῆς
1435 1414 1714 1484 θεολογίας
1766 1416 1930 1487 χάριν

353 1508 717 1575 πιστευθέντι,
777 1510 867 1563 καὶ
899 1513 926 1563 6
960 1512 1224 1581 προδότης
1274 1510 1364 1564 τοῦ
1394 1509 1552 1578 λόγου
1584 1510 1612 1562 6
1652 1507 1806 1578 παρὰ
1835 1509 1934 1579 τὴν

350 1598 544 1671 ὀρθὴν,
577 1604 739 1672 φημὶ,
771 1604 952 1657 πίστιν
980 1603 1238 1670 δοξάζων,
1272 1603 1430 1674 δῆλος
1459 1602 1690 1671 γίνεται.
1741 1600 1798 1654 Ὀ
1825 1600 1936 1671 γὰρ

2035 606 2143 661 que
2167 600 2399 644 mentem
2432 592 2501 646 ab
2528 607 2592 646 eo
2631 593 2892 663 diligaris.
2943 594 3154 650 Etenim
3186 594 3424 651 Joannes
3450 598 3612 651 iuno--

2036 680 2403 745 centissimus,
2449 682 2885 750 simplicissimus
2910 696 2964 738 et
2992 687 3464 743 mansuetissimus
3495 702 3614 739 om-

2038 770 2186 824 nium
2211 779 2351 833 erat,
2412 770 2533 824 ideo
2563 782 2615 826 et
2649 772 2994 839 diligebatur.
3037 774 3098 828 Et
3133 786 3189 831 tu
3242 790 3458 847 qttm'lue
3494 776 3616 831 talis

2037 872 2173 924 esto,
2203 869 2256 915 et
2291 861 2603 931 dignabitur
2637 873 2686 917 te
2717 866 2953 933 pectoris
2990 869 3068 921 sui
3092 870 3359 933 recuhitu,
3398 869 3447 922 id
3471 868 3614 938 quod

2039 955 2355 1023 theol0gicaz
2391 956 2671 1025 dignitatis
2708 958 3010 1027 symbolum
3047 971 3149 1015 est.
3192 959 3248 1016 lu
3280 963 3442 1016 corde
3469 962 3614 1015 enim

2039 1046 2291 1116 intelligit
2326 1047 2603 1116 Scriptura
2632 1048 2861 1119 eloquia
2895 1052 3105 1107 Domini
3155 1054 3397 1122 latentia,
3440 1063 3494 1110 et
3528 1056 3614 1110 “ita

2043 1136 2368 1192 revelabitur
2396 1140 2492 1192 tibi
2521 1141 2834 1210 mysterium
2861 1150 3053 1205 totum,
3079 1152 3132 1197 et
3167 1144 3312 1199 verbi
3338 1144 3607 1214 proditor.

2038 1230 2251 1285 Etenim
2284 1233 2369 1287 cui
2416 1234 2699 1303 theologia
2725 1235 3048 1291 beneﬁcium
3097 1239 3470 1292 concreditum
3508 1249 3615 1304 est,

2041 1333 2096 1378 et
2127 1326 2372 1394 proditor
2399 1326 2549 1382 verbi
2583 1331 2676 1398 qui
2720 1344 2826 1384 non
2860 1340 3064 1385 rectam
3102 1339 3248 1385 tenet
3292 1332 3472 1398 ﬁdem,
3502 1348 3616 1386 ma-

2042 1417 2278 1473 nifestus
2331 1420 2409 1474 lit.
2445 1418 2745 1476 HEBl'ellCllS
2811 1424 2954 1476 enim
3007 1413 3321 1478 adulterans
3391 1423 3615 1480 verbum

2038 1510 2306 1574 veritatis,
2336 1512 2428 1580 qui
2453 1522 2534 1567 est
2561 1514 2740 1582 panis,
2772 1514 2920 1569 illum
2968 1531 3074 1570 non
3129 1531 3348 1586 purum,
3390 1517 3486 1572 sed
3528 1516 3616 1572 in-

2040 1599 2269 1655 ιίιιοιιιιη
2331 1603 2532 1658 habere
2569 1606 2893 1661 declaratur.

351 1696 632 1764 αἱρετικὸς
668 1695 836 1749 δολῶν
894 1696 984 1749 τὸν
1044 1697 1200 1765 λόγον
1260 1697 1358 1767 τῆς
1415 1694 1698 1765 ἀληθείας,
1751 1694 1807 1758 ὃς
1863 1695 2010 1746 ἐστιν
2048 1692 2230 1764 ἄρτος,
2289 1695 2388 1748 οὐκ
2419 1696 2619 1765 ἀμιγῆ,
2660 1696 2797 1752 ἀλλά
2850 1698 3195 1769 βεϐαμμένον
3256 1697 3396 1769 ἔχων
3427 1697 3617 1753 τοῦτον

351 1771 649 1840 δείκνυται.

2072 1810 2081 1819 ι

427 1837 468 1928 ζ
485 1837 875 1949 ἐμϐάψας
903 1878 1219 1950 τὸνψωμίον,
1245 1879 1461 1934 δίδωσιν
1487 1837 1659 1950 Ἰούδα
1686 1879 1934 1950 Σίμωνος

2118 1878 2285 1932 Vens.
2321 1876 2510 1932 26-50.
2551 1897 2570 1929 ι
2603 1876 2665 1932 Ει
2710 1893 2830 1933 cum
2864 1878 3171 1937 iutinxissct
3212 1895 3426 1951 panem,
3465 1882 3615 1940 dedit

364 1969 691 2042 Ἰσκαριώτῃ
711 1986 728 2004 ο
763 1972 855 2025 καὶ
893 1973 1029 2040 μετὰ
1060 1972 1122 2025 τὸ
1147 1970 1382 2042 ψωμίον,
1432 1971 1550 2024 τότε
1581 1970 1828 2041 εἰσῆλθεν
1855 1971 1935 2034 είς

352 2063 563 2116 ἐκεῖνον
603 2066 632 2118 6
684 2065 942 2129 Σατανᾶς.
1006 2066 1169 2134 Λέγει
1200 2063 1294 2118 οὖν
1333 2063 1486 2134 αὐτῷ
1519 2066 1547 2116 6
1579 2062 1789 2133 Ἰησοῦς
1815 2078 1829 2094 ο
1869 2064 1936 2116 ὐ

352 2154 551 2218 ποιεῖς,
605 2154 829 2226 ποίησον
877 2155 1085 2225 τάχιον.
1126 2154 1297 2207 Τοῦτο
1329 2154 1386 2208 δὲ
1428 2154 1604 2216 οὐδεὶς
1653 2155 1796 2223 ἔγνω
1825 2153 1935 2207 τῶν

351 2244 751 2313 ἀνακειμένων,
774 2244 907 2315 πρὸς
936 2244 988 2297 τί
1015 2240 1167 2297 εἶπεν
1191 2242 1360 2314 αὐτῷ.
1389 2244 1545 2308 Τινὲς
1563 2245 1669 2315 γὰρ
1695 2244 1932 2309 ἐδόκουν,

352 2338 479 2390 ἐπεὶ
503 2338 566 2391 τὸ
593 2338 974 2409 γλωσσόκομον
1004 2333 1146 2405 εἶχεν
1175 2339 1203 2390 6
1244 2337 1465 2405 Ἰούδας,
1489 2338 1571 2392 ὅτι
1601 2337 1750 2405 λέγει
1784 2337 1935 2409 αὐτῷ

353 2430 380 2482 6
421 2427 657 2500 Ἰησοῦς·
697 2430 991 2501 Ἀγόρασον
1025 2426 1102 2484 ὧν
1132 2430 1322 2501 χρείαν
1357 2429 1554 2500 ἔχομεν
1587 2432 1668 2493 εἰς
1698 2428 1795 2502 τὴν
1817 2431 1937 2500 ἑορ-

353 2520 475 2591 τὴν,
501 2521 537 2593 ἢ
570 2523 683 2585 τοῖς
708 2524 941 2593 πτωχοῖς
970 2522 1058 2575 ἵνα
1086 2539 1140 2575 τι
1164 2522 1260 2593 δῷ.
1290 2521 1485 2576 Λαϐὼν
1512 2520 1605 2576 οὖν
1630 2522 1691 2575 τὸ
1719 2521 1935 2592 ψωμίον

355 2613 583 2678 ἐκεῖνος,
624 2613 824 2677 εὐθέως
861 2613 1108 2684 ἐξῆλθεν.
1146 2609 1256 2667 Ἦν
1285 2614 1340 2668 δὲ
1367 2613 1483 2680 νὺξ,
1515 2614 1605 2667 ὅτε
1631 2614 1873 2685 ἐξῆλθεν.
1911 2632 1931 2667 ι

368 2701 589 2772 Ἐπειδὴ
616 2703 645 2755 6
673 2703 773 2773 μὲν
813 2704 1016 2776 Κύριος
1041 2704 1239 2758 δέδωκε
1269 2704 1331 2758 τὸ
1381 2705 1596 2774 ψωμίον
1619 2704 1696 2776 τῷ
1739 2706 1932 2775 Ἰούδᾳ,

355 2793 409 2846 εἰ
439 2810 560 2857 πως
590 2796 671 2859 είς
700 2795 1052 2867 συναίσθησιν
1091 2795 1260 2849 ἐλθὼν
1302 2795 1403 2867 τῆς
1424 2797 1701 2867 τραπέζης
1726 2796 1935 2851 καὶτοῦ

356 2884 548 2955 ἄρτου,
578 2888 871 2958 ἀπόσχοιτο
912 2889 1012 2959 τῆς
1061 2889 1373 2960 προδοσίας,
1408 2891 1436 2942 6
1473 2888 1531 2941 δὲ
1575 2890 1777 2953 Ἰούδας
1816 2889 1936 2944 οὐδὲ

354 2976 531 3043 οὕτως
558 2980 854 3054 ὲϐελτιώθη
880 2999 895 3054 ἡ
927 2982 1050 3036 τότε
1082 2983 1167 3055 δὴ,
1194 2983 1314 3036 τότε
1343 2981 1669 3054 τελεώτερον
1699 2981 1794 3036 τοῦ
1829 2984 1935 3036 Σα-

356 3070 498 3122 τανᾶ
524 3071 738 3140 γέγονε,
770 3075 864 3126 καὶ
892 3074 1161 3145 παρεδόθη
1214 3072 1399 3127 λοιπὸν
1437 3073 1603 3145 αὐτῷ,
1643 3074 1717 3139 ώς
1751 3074 1934 3146 ἀδιόρο

357 3159 552 3225 θωτος.
604 3163 747 3227 Ἕως
777 3164 876 3233 μὲν
918 3162 1014 3219 οὖν
1040 3161 1120 3228 εἷς
1169 3164 1341 3218 ἐδόκει
1378 3164 1485 3218 τῶν
1526 3164 1805 3235 μαθητῶν,
1838 3168 1932 3220 καὶ

357 3251 455 3306 τοῦ
481 3254 637 3323 ἁγίου
667 3227 831 3326 χορδῦ
880 3256 1064 3326 μέρος,
1106 3227 1219 3310 οὐκ
1251 3253 1366 3328 εἶχε
1396 3227 1673 3326 τοσαύτην.
1697 3227 1929 3328 πάροδον
1958 3227 2004 3289 c

358 3343 440 3406 εἱς
468 3344 632 3398 αὑτὸν
652 3348 679 3398 6
710 3347 990 3409 Σατανᾶς·
1019 3345 1142 3400 ἐπεὶ
1173 3346 1229 3400 δὲ
1261 3348 1557 3416 ἀπέσχισεν
1582 3346 1744 3400 αὑτὸν
1766 3349 1794 3399 6
1823 3345 1935 3399 Κύ-

358 3452 495 3506 ριος,
528 3437 619 3490 καὶ
645 3435 887 3509 ἀφώρισε
907 3436 1012 3492 τῶν
1040 3437 1213 3493 ἄλλων
1246 3438 1526 3510 μαθητῶν,
1556 3438 1934 3509 παραδειγμα-

356 3531 517 3593 τίσας
550 3528 740 3585 τοῦτον
787 3530 874 3586 διά
911 3535 1003 3585 τοῦ
1043 3532 1231 3604 ἄρτου,
1284 3532 1471 3585 ἔκτοτε
1506 3531 1570 3603 δὴ
1622 3532 1933 3603 παρέλαϐεν

356 3622 521 3675 αὐτὸν
573 3623 648 3686 ὡς
680 3623 1172 3695 ἐγκαταλειφθὲν-τα
1218 3624 1379 3678 αὐτὶν
1427 3625 1530 3678 ὑπὸ
1580 3625 1673 3679 τοῦ
1703 3626 1931 3696 Κυρίου,

358 3718 456 3769 καὶ
487 3717 928 3789 ἀποδιορισθέντα
956 3719 1050 3772 τοῦ
1102 3718 1248 3772 θείου
1302 3718 1486 3792 χοροῦ.
1521 3720 1665 3792 Ὅρα
1693 3721 1804 3791 γὰρ
1838 3722 1932 3775 καὶ

356 3808 440 3874 τὸ,
473 3826 492 3860 ι
521 3809 784 3881 Εἰσῆλθεν
814 3811 894 3874 είς
922 3810 1083 3867 αὑτὸν
1110 3813 1138 3864 6
1167 3810 1432 3876 Σατανᾶς,
1463 3830 1483 3864 ι
1515 3812 1813 3879 τουτέστιν,
1853 3815 1933 3877 είς

353 3897 424 3951 τά
454 3897 702 3953 ὲσώτατα
729 3900 826 3971 τῆς
855 3901 1078 3973 καρδίας
1106 3901 1272 3956 αᾷτοῦ
1304 3901 1504 3968 είσέὸυ,
1540 3901 1637 3954 καὶ
1668 3904 1933 3975 κατέσχεν

356 3991 458 4061 τὴν
512 3990 676 4045 αὑτοῦ
732 3991 934 4065 ψυχήν.
978 3993 1251 4066 Πρότερον
1287 3993 1386 4063 μὲν
1414 3994 1524 4064 γὰρ
1556 3992 1755 4061 ἔξωθεν
1782 3995 1933 4068 αὑτῷ

354 4082 705 4155 παρηνώχλει
732 4085 821 4139 διὰ
845 4084 939 4140 τού
960 4087 1061 4157 τῆς
1085 4085 1445 4157 φιλαργυρίας
1487 4086 1692 4151 πάθους
1714 4103 1729 4118 ·
1750 4087 1845 4142 νῦν
1876 4090 1934 4145 δι

353 4173 537 4228 τέλεον
563 4175 726 4230 αὐτοῦ
750 4178 1142 4250 κατεκράτησε,
1180 4181 1280 4251 τὴν
1308 4179 1596 4250 προδοσίαν
1620 4179 1770 4251 αὐτῷ
1803 4181 1935 4235 ὐπο-

356 4268 554 4326 ϐαλὼν.
623 4289 642 4324 ι
671 4271 834 4340 Λέγει
890 4269 984 4325 οὖν
1042 4271 1190 4341 αὐτῷ
1244 4273 1274 4326 6
1329 4271 1576 4341 Ἰησοῦς’
1638 4273 1704 4327 Ὃ
1734 4276 1929 4341 ποιεῖς,

357 4363 584 4435 ποίησον
621 4363 825 4435 τάχιον.
855 4382 874 4417 ι
908 4364 1076 4418 Τοῦτο
1100 4364 1156 4418 δὲ
1206 4366 1267 4418 οὐ
1304 4364 1747 4436 προτρεπομένου
1783 4366 1931 4419 ἐστὶν

356 4457 518 4511 αὑτὸν
536 4458 615 4521 είς
645 4457 956 4530 προδοσίαν,
989 4458 1104 4511 ἀλλ’
1131 4452 1242 4512 οἷον
1264 4456 1608 4522 ὀνειδίζοντος
1629 4458 1777 4529 αὐτῷ
1795 4457 1929 4528 πρὸς

352 4550 452 4623 τὴν
499 4551 791 4623 προδοσίαν
821 4553 1016 4606 ἐλθεῖν.
1044 4552 1116 4607 Τὸ
1171 4552 1299 4623 γὰρ,
1329 4570 1348 4605 ι
1384 4551 1633 4624 Ποίησον,
1675 4569 1696 4605 ι
1734 4550 1927 4615 εἰπὼν,

353 4644 555 4698 ὡσανεὶ
585 4645 744 4699 τοῦτο
797 4644 945 4714 λέγει
964 4660 978 4675 '
1028 4646 1160 4699 Ἰδοὺ
1195 4644 1399 4717 ἀφίημί
1426 4660 1507 4709 σε,
1537 4644 1764 4714 ποίησον
1795 4644 1823 4696 ὃ
1844 4643 1929 4697 θέ-

353 4739 487 4803 λειςο
519 4740 621 4793 οὐκ
640 4739 916 4811 ἐμποδίζω
941 4756 1035 4793 σου
1065 4745 1131 4811 τῇ
1154 4740 1370 4812 γνώμῃ,
1399 4740 1461 4793 οὐ
1488 4740 1705 4810 κατέχω
1729 4755 1790 4792 σε
1823 4738 1927 4792 ἔτι.

356 4833 469 4904 Πρὸ
496 4832 689 4886 τούτου
723 4833 830 4905 γὰρ
859 4832 1018 4895 αὐτὸς
1042 4834 1256 4903 κατεῖχε
1300 4832 1400 4903 τὴν
1432 4830 1717 4901 πονηρίαν,
1747 4829 1930 4901 ἐαυτῷ

354 4927 444 4981 τὸν
471 4927 664 4999 καιρὸν
682 4926 775 4981 τοῦ
800 4926 1029 4980 θανάτου
1048 4925 1253 4997 τηρῶν,
1283 4924 1416 4978 καθὸ
1434 4925 1526 4977 καὶ
1549 4923 1733 4992 ἔλεγεν
1752 4939 1766 4954 ’
1800 4923 1929 4976 «Οὐ-

354 5020 463 5086 δεὶς
497 5021 643 5094 αἴρει
659 5022 760 5092 τὴν
791 5022 968 5093 ψυχήν
1004 5037 1107 5092 μου
1127 5018 1222 5074 ἀπ’
1261 5018 1421 5090 ἐμοῦ,
1447 5017 1563 5070 ἀλλ’
1601 5015 1710 5086 ἐγὼ
1742 5016 1932 5086 τίθημι

353 5120 556 5186 ταύτην
590 5117 686 5169 ἀπ’
715 5116 1005 5186 ἐμαυτοῦ.»
1041 5144 1104 5154 -
1150 5113 1350 5168 (Τοῦτο
1374 5113 1430 5166 δὲ
1453 5111 1627 5175 οὐδεὶς
1657 5111 1798 5179 ἔγνω
1821 5111 1930 5164 τῶν

352 5210 776 5280 ἀνακειμένων.»
817 5207 1001 5272 ’Ἄξιον
1036 5208 1315 5278 ζητήσεως
1347 5206 1526 5272 τοῦτο,
1582 5203 1699 5267 πῶς
1756 5202 1936 5267 οὐδεὶς

355 5304 514 5372 ἔγνω,
544 5304 724 5356 καίτοι
749 5300 1048 5373 ἐρωτηθεὶς
1076 5300 1104 5353 6
1150 5298 1353 5370 Κύριος
1410 5298 1493 5361 τίς
1526 5298 1675 5352 ἐστιν
1710 5297 1738 5349 6
1792 5312 1931 5365 προ-

2037 1968 2189 2026 Judte
2225 1970 2460 2026 SimOnis
2507 1973 2799 2026 lseariotae.
2856 1973 2920 2026 Et
2972 1984 3092 2043 post
3123 1973 3338 2029 ollulam
3409 1978 3615 2047 ingres-

2040 2077 2135 2117 sus
2162 2072 2241 2118 est
2269 2063 2322 2117 in
2355 2077 2477 2117 eum
2505 2063 2755 2119 Satanas.
2796 2064 2934 2119 Dicit
2965 2066 3126 2135 igitur
3151 2067 3199 2121 ei
3222 2065 3379 2122 Jesus
3407 2085 3421 2123 :
3458 2069 3610 2134 Quod

2039 2154 2194 2219 facis,
2239 2155 2326 2209 {ac
2376 2155 2556 2210 citius.
2592 2154 2706 2211 Hoc
2748 2167 2929 2211 autem
2970 2173 3127 2212 nemo
3156 2158 3609 2214 discumbentium

2040 2244 2375 2317 intelligebat
2404 2247 2469 2300 ad
2510 2248 2638 2316 quid
2669 2248 2896 2301 dixisset
2916 2248 2985 2301 ei.
3021 2248 3249 2313 Quidam
3281 2249 3422 2302 enim
3451 2259 3610 2318 puta-

2038 2337 2188 2402 bant,
2223 2339 2346 2406 quia
2381 2337 2586 2392 loculos
2627 2339 2860 2393 habebat
2900 2338 3087 2403 ludas,
3138 2340 3279 2409 quod
3306 2342 3531 2397 dixisset
3560 2341 3610 2396 ei

2036 2430 2227 2486 Jesus:
2255 2431 2387 2487 Eme
2406 2447 2470 2487 ea
2500 2447 2619 2501 quae
2642 2433 2795 2487 nobis
2818 2448 2955 2502 Opus
2972 2445 3095 2487 sunt
3120 2434 3184 2487 ad
3206 2434 3347 2488 diem
3374 2433 3607 2490 festum:

2038 2530 2131 2577 aut
2163 2524 2347 2594 egenis
2387 2531 2446 2577 ιιι
2490 2524 2692 2593 aliquid
2746 2525 2921 2578 daret.
2966 2523 3101 2579 Cum
3145 2539 3273 2595 ergo
3314 2527 3611 2594 accepisset

2038 2616 2300 2682 ollulam,
2362 2618 2620 2672 continuo
2680 2618 2866 2670 exivit.
2925 2617 3053 2669 Erat
3096 2626 3274 2672 autem
3327 2631 3431 2671 nox
3484 2631 3609 2671 cum

2038 2712 2259 2764 exisset.
2296 2728 2315 2761 ι
2369 2707 2468 2764 Ubi
2530 2708 2786 2762 Dominus
2836 2708 3052 2775 quidem
3108 2706 3254 2761 dedit
3317 2707 3607 2761 hocecllam

2037 2801 2210 2867 Juda',
2238 2801 2282 2856 si
2312 2800 2452 2856 forte
2476 2801 2796 2869 recogilaret
2821 2800 3107 2855 amicitiam
3140 2815 3338 2855 mensa:
3352 2811 3405 2854 et
3432 2804 3607 2869 panis,

2039 2913 2069 2952 a
2102 2896 2405 2966 proditione
2432 2896 2755 2963 desisteretf:
2785 2892 2950 2948 Judas
2984 2905 3160 2948 autem
3187 2909 3308 2948 cum
3328 2909 3500 2965 neque
3531 2894 3611 2949 sic

2038 2990 2442 3055 cmendaretur,
2479 3001 2607 3043 tunc
2635 2989 2792 3057 plane
2825 2988 3002 3042 fartus
3033 2997 3115 3041 est
3141 2987 3378 3055 Satame,
3415 3001 3467 3043 et
3499 2998 3609 3041 tra-

2039 3083 2183 3135 ditus
2243 3080 2290 3134 ei
2353 3088 2411 3135 nt
2466 3079 2895 3135 inemendabilis.
2959 3077 3125 3148 Igitur
3179 3080 3414 3148 quaudiu
3470 3094 3608 3137 unus

2039 3174 2424 3245 discipulorum
2458 3175 2761 3239 videbatur,
2817 3185 2871 3229 et
2918 3188 2981 3229 ex
3030 3184 3218 3227 sancto
3280 3172 3370 3227 illo
3418 3177 3608 3236 choro,

2039 3279 2144 3320 nou
2180 3265 2408 3320 habebat
2445 3275 2649 3319 tantum
2694 3278 2971 3319 accessum
3006 3263 3073 3316 ad
3130 3262 3277 3316 illum
3332 3260 3604 3317 Satanas:

2038 3358 2128 3411 ubi
2157 3367 2338 3411 autem
2376 3357 2527 3411 illum
2558 3355 2739 3411 leiSll
2785 3355 3046 3410 Dominus
3069 3394 3085 3421 ,
3126 3367 3181 3410 et
3215 3356 3487 3425 separavit
3536 3356 3606 3408 ab

2038 3448 2157 3502 aliis
2192 3448 2489 3516 discipulis,
2527 3447 2853 3502 traducton
2891 3459 2986 3515 per
3009 3460 3225 3515 panem,
3263 3454 3389 3498 tunc
3416 3445 3611 3496 invasit

2037 3555 2159 3593 eum
2212 3550 2334 3593 uta
2371 3539 2596 3593 Domino
2644 3538 2981 3602 derelictum,
3037 3547 3092 3591 et
3140 3553 3168 3589 a
3212 3537 3393 3589 divino
3443 3535 3608 3589 choro

2036 3642 2367 3700 separatum.
2401 3629 2535 3685 Vide
2562 3631 2704 3685 enim
2737 3629 2961 3684 ethoc:
3016 3645 3036 3679 ι
3091 3626 3370 3697 ingressus
3415 3638 3500 3683 est
3554 3628 3608 3682 in

2035 3741 2157 3779 eum
2198 3724 2448 3790 Satanas,
2486 3741 2507 3775 ι
2566 3723 2669 3777 hoc
2709 3731 2828 3785 est,
2879 3704 3154 3790 ingressus
3206 3730 3290 3775 est
3351 3722 3608 3776 interiora

2036 3820 2217 3874 cordis
2241 3817 2377 3884 eius,
2409 3826 2462 3872 et
2505 3818 2789 3886 occupavit
2820 3817 3056 3871 animam
3094 3814 3230 3883 eius.
3280 3814 3412 3868 Nam
3460 3815 3608 3885 prius

2034 3926 2157 3974 eum
2211 3909 2345 3966 loris
2383 3924 2479 3979 per
2521 3909 2760 3965 avaritiae
2789 3911 2976 3964 vitium
3015 3908 3288 3973 turbabat,
3342 3923 3484 3963 nunc
3510 3923 3609 3962 au-

2038 4013 2145 4060 tem
2182 4005 2418 4073 perfecte
2442 4019 2564 4059 eum
2595 4003 3026 4073 comprehendit,
3073 4002 3429 4072 proditionem
3482 4019 3609 4072 sng-

2033 4112 2249 4167 gerens.
2293 4116 2312 4149 ‹
2352 4096 2489 4152 Dicit
2544 4096 2710 4168 igitur
2766 4096 2814 4152 ei
2863 4094 3057 4153 Jesus:
3112 4096 3266 4164 Quod
3331 4096 3486 4162 facis,
3523 4094 3609 4151 fac

2036 4188 2218 4243 citius.
2260 4207 2279 4241 ι
2319 4188 2430 4243 Hoc
2453 4199 2633 4244 autem
2686 4202 2791 4242 non
2831 4195 2916 4242 est
2960 4187 3299 4242 adhortantis
3333 4190 3397 4242 ad
3427 4189 3612 4257 prodi-

2038 4285 2282 4345 tionem,
2340 4280 2438 4336 scd
2488 4281 2870 4350 exprobrantis
2917 4291 2970 4336 et
3024 4280 3388 4349 permittentis
3438 4281 3487 4334 ei
3540 4281 3607 4334 ad

2035 4376 2392 4447 psoditionem
2443 4376 2647 4431 venire.
2698 4374 2838 4430 Dicit
2877 4374 3055 4441 enim,
3126 4392 3145 4426 ι
3206 4373 3332 4440 Fac,
3366 4392 3385 4425 ι
3451 4375 3608 4444 quasi

2036 4472 2273 4526 diceret:
2313 4469 2449 4524 Ecce
2480 4467 2669 4538 reliqui
2695 4477 2745 4522 te
2780 4466 2961 4523 facere
2989 4469 3132 4537 quod
3187 4467 3302 4522 vis:
3359 4481 3466 4521 non
3500 4466 3607 4519 im-

2035 4563 2192 4632 pedio
2225 4573 2368 4616 tuam
2405 4570 2638 4616 mentem
2660 4600 2675 4626 ,
2729 4575 2836 4614 non
2869 4560 3078 4614 retineo
3109 4570 3160 4614 te
3209 4561 3376 4614 ultra.
3425 4560 3603 4612 Antea

2034 4656 2179 4711 enim
2222 4654 2334 4723 ipse
2363 4653 2650 4709 cohibebat
2695 4652 2955 4706 malitiam
3001 4651 3139 4720 ejus,
3173 4652 3310 4720 apud
3346 4668 3405 4707 se
3441 4650 3608 4725 694

2028 4759 2243 4818 tempus
2262 4747 2453 4802 mortis
2482 4759 2766 4802 reservans
2793 4763 2806 4799 :
2830 4744 2973 4799 sicut
3000 4754 3053 4799 et
3085 4746 3336 4800 dicebat:
3367 4762 3387 4795 ι
3412 4746 3456 4776 ⁴²
3479 4746 3608 4798 Nul-

2028 4840 2110 4895 lus
2136 4838 2270 4894 tollit
2301 4837 2534 4892 animam
2564 4851 2735 4891 meam
2767 4850 2798 4889 a
2835 4850 2936 4900 me,
2970 4836 3065 4890 sed
3093 4850 3193 4905 ego
3236 4850 3375 4905 pono
3418 4850 3537 4888 eam
3573 4851 3605 4887 a

2028 4947 2134 4987 me.
2168 4949 2188 4983 ι
2218 4961 2285 4973 -
2318 4948 2337 4982 ι
2373 4928 2484 4985 Hoc
2527 4938 2706 4984 autem
2758 4927 2935 4982 nullus
2983 4928 3231 4995 cognovit
3284 4928 3576 4980 accumben

2029 5025 2183 5079 tium.
2230 5043 2250 5076 ι
2291 5023 2453 5094 Digna
2484 5023 2731 5092 quaestio,
2768 5036 2874 5090 quo
2903 5032 3059 5089 pacto
3095 5020 3270 5074 nullus
3302 5029 3601 5087 agnoverit,

2033 5133 2158 5173 cum
2190 5125 2409 5196 rogatus
2454 5114 2713 5169 Dominus
2743 5113 2864 5184 quis
2893 5120 3036 5168 esset
3091 5111 3354 5180 proditor,
3384 5109 3602 5175 dixerit,

2039 5228 2057 5262 ι
2107 5210 2202 5264 Cui
2261 5223 2360 5278 ego
2411 5206 2709 5260 buccellam
2770 5205 3061 5259 tradidero.
3107 5222 3126 5256 ι
3163 5200 3388 5256 Videtur
3438 5201 3604 5270 igitur
3700 5213 3705 5219 ’

2029 5301 2164 5358 clam
2205 5299 2308 5355 hoc
2340 5298 2542 5354 dixisse
2586 5295 2800 5362 Joauui,
2853 5305 2911 5351 ut
2959 5295 3135 5350 nullus
3183 5294 3320 5347 alius
3348 5291 3599 5358 audiret;

352 5392 531 5465 δότηξ,
574 5392 752 5459 εἶπεν,
784 5396 866 5448 ὅτι
902 5413 922 5447 ι
954 5390 1023 5464 ᾯ
1076 5391 1187 5460 ἐγὼ
1230 5392 1292 5445 τὸ
1325 5389 1539 5462 ψωμίον
1592 5388 1865 5443 ὲπδώσω.
1902 5405 1921 5439 ι

2036 5392 2152 5462 quia
2182 5403 2236 5445 ct
2263 5388 2501 5444 Joannes
2532 5402 2654 5444 cum
2688 5402 2848 5457 supra
2889 5395 3074 5455 pectus
3108 5383 3470 5449 recumberet,
3508 5397 3601 5437 ro-

354 5492 606 5545 Φαίνεται
640 5487 733 5544 οὖν
790 5489 964 5561 λάθρα
1011 5490 1186 5543 εἰπεῖν
1247 5487 1404 5541 τοῦτο
1460 5486 1597 5557 πρὸς
1653 5485 1811 5555 μόνον
1839 5483 1929 5537 τὸν

2036 5485 2185 5553 gabat
2212 5481 2365 5551 quasi
2402 5479 2453 5533 in
2482 5494 2705 5543 aurem,
2737 5487 2791 5532 et
2821 5477 2897 5530 ita
2938 5475 3182 5546 proditor
3224 5489 3330 5529 non
3374 5473 3602 5529 manife-

367 5588 641 5657 Ἰωάννην,
674 5584 815 5638 ὥστε
845 5582 1047 5654 μηδένα
1094 5581 1202 5635 τῶν
1243 5580 1419 5636 ἄλλων
1473 5577 1725 5631 ἀκοῦσαι.
1771 5572 1927 5630 Ἐπεὶ

2036 5585 2200 5631 status
2225 5582 2331 5635 est,
2360 5570 2596 5640 alioquin
2633 5584 2756 5624 eum
2787 5567 3166 5635 discerpsisset
3199 5563 3393 5622 Petrus
3438 5563 3603 5631 forte,

259 5654 268 5662 ’
355 5653 709 5747 καὶἸωάννῃς
735 5653 867 5747 πρὸς
895 5653 956 5729 τὸ
982 5674 1177 5746 στῆθος
1200 5672 1399 5742 πεσὼν,
1436 5671 1613 5744 ἐρωτᾷ
1640 5669 1924 5740 μονονουχὶ

2036 5677 2076 5726 at
2101 5666 2394 5725 occidisset
2422 5678 2569 5721 eum.
2606 5663 2694 5718 An
2722 5675 2850 5732 ergo
2878 5667 2932 5718 et
2956 5657 3195 5719 Joannes
3227 5676 3333 5717 non
3375 5653 3599 5716 noveral

430 5858 477 5891 δ’
506 5859 667 5916 Joau.
713 5874 766 5925 ι,
820 5858 905 5915 18.
