4056 6576
408 329 596 445 ’163

1373 383 1945 447 THEOPHYLACTI
1986 385 2393 447 BULGARHE
2430 388 2786 454 ARCIIIEP.

3613 395 3715 462 161

478 490 653 547 eum?
692 487 879 560 Neque
908 489 1029 546 iste.
1059 488 1407 561 Nequaquam
1435 494 1577 547 enim
1607 502 1976 563 exspectasset
2009 508 2050 548 ni

2167 499 2305 567 πρδς
2330 500 2391 551 τὸ
2427 494 2542 566 οὖς,
2573 499 2712 554 ὥστε
2754 500 2828 572 μὴ
2863 501 3115 570 γενέσθαι
3134 501 3294 575 δῆλον
3320 515 3412 559 τον
3441 508 3709 580 προδότην
3728 524 3743 543 ο

481 583 777 654 discipulus
808 584 861 637 in
884 592 1091 638 tantam
1121 596 1495 655 prorumperet
1527 586 1881 656 impietatem.
1915 587 2057 643 San-

480 688 565 729 cta
595 678 735 729 enim
770 675 855 729 illa
889 678 1068 729 anima
1100 677 1289 744 procul
1325 693 1355 731 a
1387 677 1476 731 tali
1519 678 1834 749 impietate,
1877 693 2055 750 neque

479 769 547 821 de
584 769 688 820 alio
720 766 876 820 tacile
910 767 1013 820 tale
1040 768 1316 837 quidpiam
1348 772 1621 839 suspicata
1651 770 1773 825 fuit.
1813 788 1832 823 ι
1869 770 2058 828 Nullus

478 874 609 926 ergo
634 859 906 928 cogitavit,
945 876 964 909 ι
1024 860 1118 913 sed
1163 861 1615 916 existimaverunt
1649 865 1791 931 quod
1841 862 2055 929 dicens,

481 968 503 1001 ε
534 949 643 1003 Fac
670 951 849 1015 citius,
887 968 907 1002 ι
947 950 1151 1005 diceret
1172 950 1239 1004 de
1271 952 1450 1022 aliquo
1476 954 1543 1007 ad
1576 953 1774 1008 festum
1802 957 2055 1024 emendo,

482 1061 502 1094 ε
535 1043 622 1097 vel
648 1054 703 1097 ut
739 1044 866 1112 quid
899 1044 1052 1097 daret
1091 1045 1437 1113 pauperibus.
1479 1064 1498 1097 ι
1536 1045 1673 1100 Nam
1701 1047 1926 1102 multam
1963 1064 2058 1104 cu-

477 1150 592 1188 ram
658 1144 878 1203 gerebat
941 1151 1259 1205 pauperum.
1323 1136 1389 1190 Et
1444 1138 1715 1206 quomodo
1771 1140 1860 1208 qui
1920 1140 2056 1196 alios

475 1229 727 1281 admouet
757 1243 823 1280 ne
857 1236 1072 1296 portent
1104 1243 1309 1296 peram,
1344 1244 1520 1298 neque
1555 1245 1650 1296 tes,
1684 1233 1804 1301 ipse
1845 1247 2057 1285 marsu-

476 1317 623 1387 pium
658 1315 1185 1372 ferebat?Ostendit
1228 1321 1371 1389 quod
1410 1329 1463 1372 et
1490 1323 1836 1389 possessione
1861 1334 2056 1376 caren-

479 1422 604 1475 tem,
647 1420 700 1463 et
743 1409 1057 1462 cruciiixum
1118 1411 1339 1473 mundo,
1387 1425 1636 1480 magnam
1690 1422 1905 1482 Oportet
1943 1411 2059 1482 ejus

474 1504 647 1571 partis
705 1518 890 1556 curam
955 1503 1174 1557 habere.
1220 1520 1239 1552 ι
1280 1502 1547 1558 Caeterum
1619 1521 1726 1561 nox
1769 1513 1884 1560 erat
1931 1519 2053 1560 cum

475 1592 675 1647 exisset
700 1610 716 1654 ;
749 1612 767 1643 ι
790 1607 961 1663 neque
978 1593 1077 1647 hoc
1096 1593 1366 1660 superﬂue
1386 1595 1679 1666 assignavit
1701 1596 2054 1668 evangelista,

474 1688 572 1741 Sed
599 1697 658 1740 ut
701 1687 892 1743 doceat
920 1702 1017 1740 nos
1045 1687 1187 1756 quod
1227 1703 1407 1758 neque
1453 1698 1663 1758 tempus
1712 1690 2056 1759 prohibuerit

472 1777 647 1842 illum,
705 1779 799 1832 sed
865 1788 1023 1833 nocte
1076 1779 1256 1832 dolum
1310 1782 1595 1836 struxerit.
1656 1779 1836 1835 Exivit
1893 1782 2057 1851 igitur

2156 586 2195 661 ἦ
2227 593 2334 661 γὰρ
2384 591 2807 645 ἂνδιεσπάσατο
2858 592 3129 665 μάχαιραν
3176 596 3316 667 τάχα
3373 597 3598 669 Πέτρος,
3650 598 3746 655 καὶ

2160 683 2369 735 ἁθεῖλεν
2417 683 2599 739 αὐτόν.
2632 679 2871 754 ’Δρόὖν
2907 685 3025 739 οὐδὲ
3068 685 3319 757 Ἰωάννης
3346 686 3487 757 ἔγνω
3539 690 3742 757 αὐτόνς

2160 774 2295 828 Οὐδὲ
2322 770 2497 838 οὗτος.
2539 775 2614 828 Οὐ
2661 775 2771 844 γὰρ
2813 773 2879 829 ἂν
2910 776 3331 847 προσεδόκησεν,
3362 779 3443 833 ὅτι
3494 780 3743 850 μαθητὴς

2156 866 2250 918 ἐπὶ
2280 864 2533 919 τοσοῦτον
2584 867 2823 936 χωρήσει
2856 867 3221 935 παρανομίας.
3262 868 3457 940 Πόρρω
3490 870 3597 940 γὰρ
3641 871 3741 941 τῆς

2157 956 2418 1027 τοιαύτης
2466 956 2736 1027 πονηρίας
2791 959 2824 1027 ή
2863 957 2993 1025 ἁγία
3026 956 3159 1011 οὖσα
3195 958 3373 1028 ἐκείνη
3419 960 3589 1031 ψυχὴ,
3623 961 3745 1015 οὐδὲ

2158 1048 2288 1119 περὶ
2312 1049 2500 1119 ἐτέρου
2530 1049 2687 1101 τοῦτο
2717 1049 2956 1113 εὐκόλως
2987 1048 3342 1103 ὑπώπτευσεν
3372 1052 3457 1107 ἄν.
3494 1072 3514 1105 ι
3548 1054 3741 1117 Οὐδεὶς

2154 1136 2249 1194 οὖν
2273 1140 2434 1209 ἔγνω,
2473 1159 2493 1192 ι
2553 1140 2669 1194 ἀλλ’
2700 1142 2981 1212 ἐνόμισαν,
3031 1143 3115 1196 ὅτι
3159 1143 3238 1208 τὸ,
3313 1160 3333 1195 ι
3372 1144 3606 1214 Ποίησον
3640 1146 3738 1201 τά·

2157 1250 2296 1306 χιον,
2332 1252 2351 1285 i
2388 1236 2514 1304 περὶ
2544 1235 2638 1289 τοῦ
2669 1237 2936 1306 ἀγοράσαι
2955 1253 3007 1291 τι
3043 1256 3063 1290 ι
3098 1239 3177 1303 είς
3206 1239 3307 1309 τὴν
3334 1240 3547 1312 ἑορτὴν,
3589 1260 3609 1293 ι
3643 1242 3735 1296 λέ-

2157 1341 2269 1394 γει,
2307 1342 2327 1376 ι
2358 1324 2391 1396 ἢ
2422 1325 2508 1378 ἴνα
2537 1343 2590 1378 τι
2620 1325 2695 1395 δῷ
2732 1328 2845 1387 τοῖς
2885 1328 3141 1396 πτωχοῖς.
3181 1346 3200 1379 ι
3250 1328 3357 1380 Καὶ
3394 1328 3502 1397 γὰρ
3534 1327 3739 1401 πολλὴν

2157 1417 2415 1488 πρόνοιαν
2456 1417 2566 1470 τῶν
2603 1418 2834 1488 πτωχῶν
2893 1418 3150 1483 ἐποιεῖτο,
3196 1419 3291 1472 καὶ
3337 1419 3367 1470 6
3401 1422 3513 1483 τοῖς
3555 1419 3741 1483 ἄλλοις

2157 1509 2440 1580 παραινῶν
2499 1508 2575 1579 μὴ
2625 1510 2809 1580 πήραν
2857 1510 3019 1580 ἔχειν,
3055 1509 3130 1582 μὴ
3168 1496 3391 1582 χαὶίκδν,
3419 1512 3580 1576 αὐτὸς
3637 1517 3739 1568 καὶ

2155 1604 2543 1674 γλωσσόκομον
2570 1605 2869 1675 ἐπεφέρετο
2894 1621 2907 1636 ·
2943 1605 3177 1670 δεικνὺς,
3207 1606 3289 1659 ὅτι
3323 1605 3418 1659 καὶ
3445 1608 3538 1659 τὸν
3565 1607 3741 1677 ἀκτή-

2161 1712 2298 1767 μονα
2347 1695 2443 1749 καὶ
2472 1696 2891 1766 ἐσταυρωμένον
2925 1695 3003 1766 τῷ
3034 1696 3244 1768 κόσμῳ,
3277 1695 3477 1767 πολλὴν
3505 1698 3586 1752 δεῖ
3613 1700 3742 1752 τούς

2156 1803 2251 1840 του
2281 1786 2376 1840 τοῦ
2433 1787 2630 1858 μέρους
2659 1788 2919 1857 φροντίδα
2967 1789 3261 1843 ποιεῖσθαι.
3331 1807 3350 1842 ι
3379 1785 3489 1844 Ἦν
3530 1790 3588 1845 δὲ
3616 1789 3737 1856 νὺξ,

472 1872 684 1939 quinta,
706 1880 766 1923 ut
792 1869 921 1923 mihi
940 1871 1175 1937 videtur,
1197 1886 1439 1942 vespera,
1479 1873 1694 1943 quando
1714 1891 1734 1925 ι
1756 1883 1810 1928 et
1833 1874 2050 1929 intravit

2153 1876 2339 1948 φησιν,
2371 1876 2458 1930 ὅτε
2495 1875 2738 1948 ἐξῆλθεν.
2768 1896 2787 1929 i
2811 1878 2947 1932 Οὐδὲ
2962 1879 3120 1932 τοῦτο
3139 1879 3426 1952 παρέργως
3452 1883 3739 1953 ἐπεσημή-

473 1963 528 2016 in
560 1965 732 2031 ipsum
763 1961 1017 2016 Satanas.
1050 1981 1069 2013 ι
1102 1961 1236 2017 Nam
1262 1973 1453 2034 quarta
1476 1965 1693 2035 quidem
1718 1974 1953 2022 accessu
1983 1966 2049 2022 ad

473 2054 646 2120 ilium,
680 2057 894 2124 quando
917 2054 1123 2109 scilicet
1157 2056 1354 2111 mulier
1378 2072 1497 2126 quas
1523 2059 1667 2128 apud
1693 2059 2009 2113 Matuta:qu
2031 2098 2048 2125 ,

474 2156 804 2212 unguentum
875 2143 1151 2200 eﬂ‘udit".
1234 2146 1351 2214 Ipse
1434 2156 1614 2203 autem
1693 2159 1752 2202 ut
1829 2148 2045 2214 abivlt,

428 2235 685 2291 ‘locutus
712 2245 796 2292 est
845 2251 968 2292 cum
1016 2234 1215 2294 ludatis
1265 2239 1333 2294 de
1391 2240 1701 2295 traditione.
1756 2240 1825 2294 At
1861 2242 2048 2310 quinta

469 2348 692 2404 vespera
724 2337 945 2390 intravit
1004 2337 1055 2390 in
1089 2337 1264 2403 illum,
1316 2337 1422 2393 hoc
1466 2345 1568 2402 est,
1621 2338 1906 2407 occupavit
1953 2354 2049 2392 cor

469 2427 629 2497 ejus:
686 2430 827 2482 sicut
876 2429 1017 2484 aliud
1076 2440 1159 2485 est
1208 2442 1490 2498 percutere
1530 2432 1833 2502 quempiam
1890 2446 2050 2483 manu

470 2519 623 2585 foris,
658 2529 712 2574 et
749 2522 894 2577 aliud
929 2533 1010 2578 est
1046 2523 1333 2578 confodere
1365 2524 1543 2594 gladio
1592 2526 1818 2580 viscera.
1873 2525 2051 2577 Exivit

470 2612 637 2681 igitur
658 2610 826 2667 Judas
850 2623 903 2668 et
931 2614 1261 2670 sensibiliter
1279 2624 1333 2669 et
1357 2616 1665 2687 mentaliter
1687 2634 1714 2667 a
1745 2616 2049 2670 Salvatore.

474 2721 496 2754 ε
529 2701 660 2758 Erat
689 2713 868 2759 autem
900 2713 955 2758 et
978 2720 1078 2760 nox
1106 2724 1121 2758 :
1163 2724 1181 2757 ι
1232 2706 1480 2761 fortassis
1511 2718 1565 2761 et
1598 2706 1895 2777 spiritualis
1919 2723 2048 2774 nox,

470 2797 711 2849 avaritiae
743 2796 1119 2850 obtenebratio
1145 2797 1414 2851 invaserat
1446 2812 1593 2851 eum.

2152 1987 2283 2024 νατο
2304 1972 2332 2025 6
2354 1969 2769 2042 εὐαγγελιστὴς,
2799 1971 2859 2024 τὸ
2893 1966 3034 2025 εἶναι
3057 1972 3246 2037 νύκτα,
3274 1973 3389 2027 ἀλλ’
3428 1974 3513 2027 ἵνα
3547 1974 3736 2047 διδάξῃ

2151 2050 2323 2131 ἡμᾶς,
2355 2061 2435 2114 ὃτι
2468 2061 2591 2115 οὐδὲ
2631 2063 2660 2114 6
2707 2061 2899 2131 καιρὸς
2946 2061 3218 2116 ἐκώλυσεν
3246 2065 3431 2129 αὐτὸν,
3456 2065 3593 2118 ἀλλὰ
3640 2070 3740 2121 καὶ

2150 2155 2346 2217 νυκτὸς
2367 2152 2533 2224 οὔσης
2563 2154 2767 2226 ἧρτησε
2803 2154 2865 2226 [Ῑ.
2903 2154 3131 2225 ἧρτυσε]
3149 2156 3239 2209 τὸν
3265 2155 3439 2211 δόλον.
3478 2156 3740 2225 Ἐξῆλθεν

2150 2243 2244 2301 οὖν
2272 2250 2338 2319 τῇ
2369 2248 2597 2320 πέμπτῃ
2617 2248 2763 2301 δοκεῖ
2791 2263 2881 2318 μοι
2909 2248 3169 2320 ἑσπέρας,
3199 2249 3287 2302 ὅτε
3326 2267 3345 2302 ι
3370 2249 3463 2302 καὶ
3485 2250 3740 2321 εἰσῆλθεν

2150 2340 2233 2401 είς
2263 2338 2481 2392 αὐτδνδ
2511 2340 2777 2402 Σατανᾶς.
2819 2358 2838 2390 ι
2875 2340 2918 2392 Τ
2921 2342 2952 2411 ᾗ
3004 2340 3104 2411 μὲν
3136 2341 3247 2413 γὰρ
3298 2342 3516 2413 τετράδι
3564 2360 3740 2412 προσ-

2154 2431 2347 2485 έϐαλεν
2380 2431 2552 2502 αὐτῷ,
2583 2433 2673 2485 ὅτε
2699 2431 2901 2503 δηλαδὴ
2934 2435 2968 2503 ὴ
3015 2434 3167 2505 παρὰ
3192 2432 3271 2504 τῷ
3301 2434 3569 2488 Ματυαίω
3595 2435 3739 2508 γυνὴ

2153 2524 2392 2577 ὲκὲνωσε
2438 2525 2499 2576 τὸ
2550 2523 2754 2595 μύρον
2810 2525 2971 2588 αὐτὸς
3011 2524 3067 2577 δὲ
3097 2525 3350 2580 ἀπελθὼν
3403 2527 3740 2597 ουνελάλησε

2151 2614 2264 2672 τοῖς
2300 2609 2578 2675 Ἰουδαίοις
2628 2613 2759 2683 περὶ
2800 2614 2902 2683 τῆς
2938 2613 3248 2684 προδοσίας.
3300 2618 3379 2688 Τῇ
3408 2615 3468 2670 δὲ
3500 2618 3741 2692 πέμπτῃ

2152 2702 2397 2775 ἑσπέρας
2443 2703 2692 2775 εἰσῆλθεν
2748 2707 2827 2769 είς
2861 2706 3048 2770 αὐτὸν,
3101 2708 3239 2777 ὅπερ
3281 2710 3419 2776 ἐστὶ,
3468 2713 3742 2781 κατέσχεν

2151 2795 2317 2848 αὐτοῦ
2340 2794 2440 2867 τὴν
2474 2796 2703 2865 καρδίαν
2723 2810 2737 2827 ⁸
2772 2795 2960 2869 ὥσπερ
2985 2797 3114 2852 ἄλλο
3140 2800 3258 2852 ἐστὶ
3290 2800 3350 2853 τὸ
3389 2800 3590 2870 πλῆξαί
3610 2819 3740 2868 τινα

472 2892 540 2959 τῇ
575 2890 721 2960 χειρὶ
767 2888 986 2953 ἔξωθεν,
1016 2889 1112 2943 καὶ
1138 2889 1265 2942 ἄλλο
1287 2889 1351 2944 τὸ
1380 2891 1673 2963 είσωθῆσαι
1729 2893 1810 2957 εἰς
1861 2890 2022 2945 αὐτὸν
2075 2888 2135 2943 τὸ
2165 2888 2339 2958 ξίφος,
2397 2890 2491 2942 καὶ
2537 2889 2792 2960 ἐμϐαλεῖν
2837 2890 2970 2944 αὐτὸ
3025 2892 3165 2945 κατὰ
3214 2892 3324 2946 τῶν
3388 2892 3738 2963 σπλάγχνων,

482 2981 704 3049 Ἐξῆλθε
731 2981 789 3035 δὲ
815 2984 844 3034 6
878 2982 1080 3045 Ἰούδας
1113 2984 1206 3038 καὶ
1255 2983 1528 3055 αἰσθητῶς
1587 2987 1682 3039 καὶ
1734 2984 1940 3056 νοητῶς
1982 2982 2092 3037 ἀπὸ
2126 2982 2221 3036 τοῦ
2243 2981 2517 3053 Σωτῆρος.
2557 3001 2578 3035 ι
2614 2979 2723 3037 Ἦν
2756 2981 2812 3036 δὲ
2859 2983 2974 3051 νὺξ,
3016 3002 3041 3036 ι
3067 2987 3209 3057 τάχα
3245 2986 3419 3042 δὲκαὶ
3446 2985 3610 3057 νοητὴ
3636 2991 3740 3061 νὺξ

470 3076 504 3146 ἡ
536 3075 883 3146 κατασχοῦσα
914 3076 1074 3129 αὐτὸν
1108 3076 1211 3146 τῆς
1234 3077 1596 3149 φιλαργυρίας
1626 3079 1912 3143 σκότωσις.

545 3168 709 3223 Vens.
741 3170 831 3234 5|,
857 3169 947 3223 5‘2.
982 3187 1001 3219 ι
1045 3170 1180 3225 Dicit
1205 3168 1364 3227 .lesus
1389 3187 1403 3224 :
1429 3171 1578 3226 Nunc
1606 3171 1938 3243 gloriﬁcatus
1968 3179 2050 3226 est

2235 3187 2254 3220 ι
2289 3168 2455 3237 Λέγει
2514 3169 2547 3222 6
2589 3167 2837 3238 Ἰησοῦςο
2885 3169 3001 3226 Νῦν
3052 3171 3314 3242 ἐδοξάσθη
3367 3173 3395 3225 ὁ
3459 3172 3586 3237 Υἱὸς
3638 3173 3739 3227 τοῦ

470 3261 640 3319 Filius
671 3263 921 3326 hominis,
957 3271 1014 3318 et
1063 3262 1203 3318 Deus
1247 3264 1579 3333 glurilicatus
1608 3270 1695 3317 est
1743 3277 1837 3331 per
1869 3262 2039 3315 illum.

472 3354 532 3411 Si
561 3355 701 3410 Deus
721 3356 1049 3424 gloriﬁcatus
1073 3364 1155 3410 est
1179 3371 1274 3425 per
1301 3370 1447 3421 eum,
1480 3367 1531 3410 et
1559 3356 1700 3410 Deus
1724 3353 2046 3425 gloriﬁcabit

470 3462 595 3503 eum
628 3463 724 3517 per
770 3462 849 3502 sc.
898 3446 962 3502 Et
994 3449 1253 3503 continuo
1288 3447 1613 3517 gloriﬁcabit
1650 3440 1794 3501 eum.
1839 3465 1858 3497 ι
1903 3445 2047 3511 Quo-

472 3540 622 3594 niam
655 3540 1002 3594 conciderant
1041 3539 1424 3609 discipulornm
1457 3552 1688 3603 mentes,
1732 3540 1924 3593 iterum
1956 3551 2048 3591 eas

466 3631 647 3699 erigit,
684 3631 895 3698 dicens,
925 3648 944 3682 ι
980 3630 1129 3686 Nunc
1160 3631 1495 3703 glor'rlicatus
1519 3641 1603 3687 est
1651 3630 1820 3685 Filius
1869 3628 2047 3685 homi-

469 3725 573 3778 nis.
606 3741 625 3774 ι
665 3722 829 3778 Docet
851 3723 995 3778 enim
1027 3737 1125 3778 eos
1158 3739 1262 3779 non
1310 3737 1565 3789 moerere,
1593 3724 1691 3778 sed
1719 3722 1891 3794 magis
1919 3736 2050 3793 gau-

466 3816 617 3871 dere.
645 3815 831 3871 Gloria
891 3815 1032 3870 enim
1080 3826 1162 3870 est
1198 3816 1320 3881 hoc,
1369 3816 1482 3885 ipsa
1522 3816 1709 3885 passio
1737 3815 1964 3882 scilicet,
1995 3823 2051 3870 et

470 3908 613 3976 quod
649 3922 751 3977 per
781 3907 1139 3977 ignominiosa
1174 3908 1485 3964 hominibus
1509 3909 1682 3963 honor
1707 3904 2046 3963 conciliatur.

469 4000 538 4053 Et
566 3998 746 4067 aliter,
777 3998 883 4053 Per
930 4000 1196 4055 miracula
1253 4000 1305 4055 in
1347 4014 1511 4055 cruce
1559 4000 1891 4070 gloriilcatus
1940 4008 2043 4065 est,

469 4091 589 4145 sole
616 4092 907 4157 exstincto,
942 4091 1112 4159 petris
1160 4091 1353 4160 ruptis,
1398 4091 1520 4146 velo
1568 4092 1778 4156 scisso,
1824 4092 2049 4163 aliisque

464 4181 805 4235 mirabilibus
862 4181 1061 4236 factis:
1117 4181 1391 4250 quomodo
1437 4189 1619 4236 autem
1674 4199 1693 4233 ι
1731 4180 2051 4253 gloriﬁcabit

463 4272 605 4326 Deus
643 4270 837 4324 Filium
877 4271 930 4324 in
962 4269 1327 4340 seipso‘iiloc
1354 4282 1458 4337 est,
1493 4285 1589 4340 per
1629 4272 1863 4341 seipsum
1887 4311 1901 4338 ,
1941 4286 2047 4326 non

466 4379 566 4435 per
589 4364 781 4431 alium,
823 4379 937 4418 non
966 4379 1063 4433 per
1083 4363 1305 4434 angelos
1335 4372 1388 4418 et
1412 4364 1787 4432 archangeios.
1819 4378 1924 4418 non
1952 4379 2049 4434 per

463 4457 601 4511 alias
635 4457 889 4521 virtutes,
918 4458 1011 4511 sed
1060 4471 1157 4527 per
1206 4457 1466 4527 seipsum.
1504 4453 1700 4511 Omnia
1744 4456 1887 4510 enim
1912 4470 2043 4526 ope-

2149 3258 2480 3330 ἀνθρώπου,
2543 3261 2639 3313 καὶ
2699 3261 2729 3314 6
2792 3262 2927 3327 Θεὸς
2993 3262 3254 3334 ἐδοξάσθη
3313 3263 3369 3315 ἐν
3439 3263 3610 3334 αὐτῷ.
3670 3267 3739 3319 El

2147 3351 2175 3402 6
2232 3350 2363 3413 Θεὸς
2439 3351 2701 3421 ἐδοξάσθη
2765 3354 2822 3406 ὲν
2883 3353 3055 3424 αὐτῷ,
3108 3357 3202 3408 καὶ
3244 3355 3274 3408 6
3327 3350 3461 3420 Θεδς
3516 3356 3738 3421 δοξάσει

2148 3441 2312 3494 αὐτὸν
2360 3444 2418 3496 ὲν
2462 3442 2659 3514 ἑαυτῷ,
2693 3444 2785 3498 καὶ
2811 3444 2971 3509 εὐθὺς
2999 3445 3212 3513 δοξάσει
3238 3446 3421 3501 αὐτόν.
3448 3466 3466 3498 ι
3509 3445 3736 3519 Ἐπειδὴ

2149 3533 2451 3587 κατέπεσον
2475 3534 2583 3588 τῶν
2628 3534 2889 3607 μαθητῶν
2939 3538 2989 3590 οἱ
3038 3535 3291 3610 λογισμοί
3311 3554 3324 3570 ⁸
3356 3557 3375 3593 ι
3408 3538 3521 3594 Νῦν
3550 3540 3739 3608 ἐδοξά-

2149 3627 2251 3700 σθη
2303 3632 2331 3683 ὀ
2385 3630 2513 3694 rte;
2566 3632 2661 3687 τοῦ
2718 3632 3047 3706 ἀνθρώπου,
3104 3654 3122 3688 ι
3185 3635 3387 3703 λέγων,
3448 3636 3736 3709 διανίστη-

2149 3737 2235 3774 σιν
2264 3722 2481 3788 αὐτούς.
2533 3724 2714 3779 Πείθει
2760 3727 2869 3798 γὰρ
2919 3727 3116 3792 αὐτοὺς
3157 3729 3233 3800 μὴ
3266 3729 3559 3800 κατηφιᾷν,
3591 3728 3736 3783 ἀλλὰ

2151 3812 2354 3882 μᾶλλον
2387 3814 2617 3887 χαίρειν.
2673 3817 2813 3881 Δόξα
2865 3818 2974 3888 γάρ
3009 3817 3125 3871 ἐστι
3184 3819 3361 3886 τοῦτο,
3419 3819 3479 3872 τὸ
3530 3821 3736 3875 παθεῖν

2148 3905 2372 3977 δηλαδὴ,
2409 3909 2502 3962 καὶ
2565 3909 2653 3964 διὰ
2710 3909 2821 3964 τῶν
2881 3910 3095 3982 ἀτίμων
3150 3911 3316 3983 τιμὴν
3366 3914 3480 3975 τοῖς
3513 3912 3733 3984 ἀνθρώ·

2147 4009 2271 4059 ποις
2300 3997 2651 4070 προξενῆσαι.
2677 4000 2786 4053 Καὶ
2816 3999 2992 4063 ἄλλως
3013 3999 3069 4052 δέ
3091 4018 3106 4032 ο
3137 4001 3237 4053 Διά
3274 4000 3342 4054 τά
3364 4002 3420 4053 ἐν
3448 4001 3525 4079 τῷ
3564 4019 3734 4055 σταυο

2150 4085 2229 4155 ρῷ
2260 4087 2513 4158 θαύματα
2559 4088 2842 4158 ἐδοξάσθη,
2899 4091 3055 4162 ἡλίου
3109 4089 3445 4155 σϐεσθέντος,
3506 4092 3734 4162 πετρῶν

2152 4179 2440 4248 ῥαγεισῶν,
2472 4180 2565 4233 τοῦ
2591 4182 3083 4252 καταπετάσματος
3126 4181 3460 4252 σχισθέντος,
3493 4184 3588 4236 καὶ
3615 4183 3734 4237 τῶν

2148 4270 2325 4325 ἄλλων
2367 4273 2584 4327 πάντων
2611 4274 2913 4344 τεραστίων
2968 4276 3294 4343 γενομένων.
3338 4274 3459 4337 Πῶς
3490 4274 3549 4328 δὲ
3585 4291 3609 4326 ε
3637 4275 3733 4328 δοι-

2150 4363 2303 4431 ξάσει
2334 4365 2364 4420 6
2418 4365 2552 4430 Θεὸς
2582 4367 2675 4420 τὸν
2720 4366 2853 4420 Υίδν
2904 4370 2964 4420 ὲν
2991 4366 3202 4437 ἐαυτῷς
3235 4386 3255 4419 ι
3316 4367 3599 4433 Τουτέστι,
3657 4353 3732 4420 δι’

2152 4458 2367 4526 ἑαυτοῦ,
2391 4459 2450 4512 οὐ
2477 4456 2545 4512 δι’
2580 4459 2792 4531 ἑτέρου,
2816 4459 2878 4513 οὐ
2926 4458 2994 4512 δι’
3019 4459 3268 4528 ἀγγέλων
3315 4462 3409 4512 καὶ
3440 4458 3731 4529 ἀρχαγγέο

459 4559 612 4605 ratus
637 4558 723 4604 est
786 4550 857 4605 ad
906 4524 1133 4620 gloriam
1190 4524 1335 4603 Filii.
1375 4565 1394 4599 ι
1446 4548 1718 4604 Contineo
1772 4565 1794 4599 ι
1860 4524 2044 4619 igitur,

2152 4550 2276 4616 λων,
2307 4524 2426 4605 οὐδὲ
2448 4551 2520 4605 δι’
2547 4524 2713 4622 ἄλλης
2734 4551 3047 4620 «δυνάμεως,
3067 4524 3203 4605 ἀλλά
3226 4550 3294 4605 δι’
3323 4524 3551 4606 emat
3589 4524 3733 4607 itav-

458 4643 656 4712 inquit,
696 4660 716 4693 ι
755 4641 1082 4712 gloriﬁcabit
1114 4656 1278 4696 mm:
1317 4659 1339 4694 ι
1377 4640 1480 4696 hoc
1512 4653 1614 4705 est,
1656 4656 1763 4695 non
1790 4643 2041 4709 tardabit,

2152 4647 2347 4713 ταγὰρ
2377 4642 2579 4714 ἔπραξε
2619 4645 2756 4714 πρὸς
2783 4642 2939 4710 δόξαν
2976 4643 3067 4696 τοῦ
3104 4641 3256 4696 Υίοῦ.
3293 4661 3312 4694 ι
3351 4643 3527 4706 Εὐθὺς
3552 4661 3572 4695 ι
3605 4639 3727 4707 οὖν,

460 4736 559 4790 sed
586 4735 639 4788 in
672 4732 974 4806 ipsam
1007 4747 1202 4788 cnice:
1237 4742 1292 4788 et
1336 4733 1530 4788 iterum
1585 4742 1708 4804 post
1762 4742 1874 4788 tces
1907 4734 2039 4798 dies,

2152 4737 2306 4807 φησὶ,
2360 4753 2380 4787 ι
2409 4735 2623 4800 δοξάσει
2680 4735 2880 4788 αὐτόν·
2925 4753 2944 4787 ι
2994 4735 3294 4802 τουτέστιν,
3345 4736 3405 4788 οὐ
3445 4734 3727 4805 βραδυνεί,

460 4840 582 4882 eum
610 4828 952 4882 resuscitavit
971 4840 1096 4880 eum
1123 4841 1137 4881 :
1166 4836 1220 4881 et
1248 4833 1372 4897 post
1398 4826 1752 4895 quadraginta
1776 4828 1891 4881 dies
1915 4842 2043 4897 sup-

2152 4828 2261 4882 ἀλλ’
2286 4829 2342 4881 ἐν
2372 4828 2520 4897 αὐτῷ
2548 4826 2627 4897 τῷ
2661 4825 2881 4897 σταυρῷ
2910 4826 3003 4879 καὶ
3024 4824 3100 4879 αὖ
3141 4826 3279 4896 μετὰ
3311 4828 3459 4895 τρεῖς
3506 4826 3727 4896 ήμέρα;

458 4920 695 4992 peditata
721 4919 894 4990 gratia
931 4919 1170 4990 Spiritus
1202 4917 1503 4988 discipulis.
1530 4915 1833 4974 Videamus
1858 4930 2040 4975 autem

2152 4922 2460 4992 ἀναστήσας
2490 4919 2677 4984 αὐτὸν,
2724 4921 2821 4973 καὶ
2874 4919 3011 4989 μετὰ
3054 4918 3463 4989 τεσσαράκοντα
3504 4920 3728 4989 ἡμέρας

459 5024 514 5068 et
544 5028 609 5067 ex
636 5011 1009 5081 superioribus
1059 5005 1293 5065 uieutem
1326 5011 1636 5067 verborum.
1678 5028 1698 5063 ι
1738 5008 1892 5065 Nunc
1922 5010 2039 5077 glo-

2152 5013 2245 5084 τὴν
2274 5012 2368 5066 τοῦ
2397 5012 2714 5081 Πνεῦματος
2746 5012 2906 5082 χάριν
2959 5012 3363 5082 ἐπιχορηγήσας
3395 5014 3507 5074 τοῖς
3536 5015 3729 5084 μαθη-

456 5096 697 5160 riﬁcatns
726 5114 807 5158 est
845 5100 1015 5157 Filius
1042 5103 1299 5168 hominis,
1338 5120 1357 5155 ι
1403 5105 1503 5158 hoc
1532 5112 1633 5170 est,
1680 5101 1791 5171 Ego
1841 5103 2031 5168 doceo,

2152 5106 2279 5167 ταῖς.
2319 5102 2546 5173 Ἷδωμεν
2573 5102 2630 5156 δὲ
2655 5102 2750 5156 καὶ
2774 5102 2980 5157 ἄνωθεν
3006 5101 3096 5155 τὸν
3134 5101 3337 5155 σκοπὸν
3382 5103 3490 5154 τῶν
3537 5105 3726 5173 ῥημά-

458 5194 831 5263 miraculaque
876 5190 1041 5261 facio,
1072 5202 1128 5247 et
1173 5208 1279 5249 non
1319 5193 1373 5249 in
1418 5208 1505 5249 me
1545 5193 1789 5249 subsistit
1836 5193 2031 5265 gloria,

2152 5212 2267 5249 raw.
2303 5212 2325 5246 ι
2366 5194 2480 5248 Νῦν
2509 5193 2788 5264 ἐδοξάσθη,
2817 5194 3001 5263 φησὶν,
3032 5196 3060 5246 6
3082 5194 3208 5257 Υἱὸς
3227 5193 3319 5248 τοῦ
3349 5194 3639 5266 ἀνθρώπου
3667 5211 3718 5248 ἰ

458 5288 550 5342 sed
617 5287 669 5339 in
733 5285 900 5341 Deum
935 5295 989 5339 et
1038 5283 1254 5340 Patrem
1304 5287 1515 5341 transit.
1543 5285 1678 5353 Quia
1712 5285 1876 5355 igitur
1914 5298 2034 5339 mea

2152 5285 2444 5352 τουτέστιν,
2485 5285 2628 5354 Ἐγὼ
2660 5284 2946 5351 διδάσκων,
3004 5285 3462 5357 Θαυματουργῶν,
3489 5286 3587 5340 καὶ
3619 5289 3726 5340 οὐκ

456 5376 630 5449 gloria
690 5377 861 5448 gloria
944 5377 1004 5431 fit
1064 5375 1262 5442 Patris,
1313 5391 1381 5432 ne
1430 5375 1848 5431 contristemini.
1900 5372 2036 5428 Nam

2152 5379 2223 5441 είς
2252 5377 2353 5448 ἐμὲ
2376 5376 2694 5448 περιίστατο
2724 5378 2759 5447 ή
2784 5376 2931 5442 δόξα,
2948 5375 3063 5429 ἀλλ’
3085 5377 3166 5439 εἰς
3188 5379 3277 5428 τὸν
3305 5365 3458 5438 Θεὸν,
3488 5378 3726 5431 καιΠκο

457 5472 618 5525 Pater
656 5470 853 5524 iterum
882 5471 1205 5541 gloriﬁcahit
1230 5486 1337 5538 me,
1372 5479 1431 5525 ut
1461 5480 1517 5525 et
1543 5470 1657 5539 ipse
1679 5466 2034 5539 gloriﬁcetur.

2152 5469 2275 5540 τέρα
2311 5469 2614 5522 ἀνέσαινεν.
2658 5467 2811 5521 Ἐπεὶ
2846 5467 3024 5521 τοίνυν
3054 5469 3088 5538 ή
3114 5467 3224 5538 ἐμὴ
3270 5466 3399 5532 δόξα
3452 5469 3581 5535 δόξα
3629 5471 3726 5537 γί-

452 5559 722 5631 Νυιιιηυίι]
754 5563 896 5616 enim
949 5576 1048 5633 ego
1103 5562 1328 5630 gloriam
1397 5562 1528 5617 mihi
1587 5559 1827 5625 vindico,
1882 5564 1938 5613 et
1970 5556 2041 5611 ad

2152 5575 2298 5614 νεταοι
2333 5559 2428 5614 τοῦ
2481 5560 2713 5631 Πατρύς,
2774 5557 2849 5630 μὴ
2896 5560 3221 5627 mmmam.
3266 5557 3325 5611 Ὀ
3376 5557 3485 5628 γὰρ
3527 5559 3722 5630 Πατὴρ

451 5654 601 5711 illum
644 5669 753 5711 non
800 5658 1032 5713 transit?
1058 5654 1256 5714 Verum
1303 5655 1606 5714 communis
1633 5662 1719 5712 est
1753 5652 1946 5726 gloria,
1980 5657 2039 5710 et

2152 5653 2310 5710 πάλιν
2337 5652 2549 5720 δοξάσει
2591 5670 2698 5725 με,
2748 5652 2837 5707 ἵνα
2885 5654 2980 5707 καὶ
3008 5652 3168 5716 αὐτὸς
3196 5650 3447 5723 δοξασθῇ.
3480 5651 3575 5725 Μὴ
3609 5653 3721 5725 γὰρ

520 5835 565 5868 ⁸⁸
591 5833 781 5892 Matth.
817 5850 967 5903 xxvi,
1001 5834 1056 5890 7.
