4056 6594
308 399 415 466 1εό

630 469 681 490 ‘4

955 402 1399 463 ENAllRATlO
1440 402 1520 461 ΙΝ
1554 401 2053 463 EVANGELIUM
2090 403 2433 467 JOANNIS.
2470 429 2512 439 ’-
2571 406 2727 467 CAP.
2765 406 2938 466 XIII.

3471 403 3571 467 166

280 516 424 586 ‘éytiu
480 517 578 585 τὴν
623 517 782 580 δόξαν
835 519 1249 589 σφετερίζομαι,
1301 517 1396 570 καὶ
1428 519 1505 579 είς
1544 517 1755 570 ἐκεῖνον
1797 516 1890 568 οὑκ

2004 516 2535 586 iternmgloriflrabit
2570 536 2674 582 me,
2700 531 2752 573 et
2771 536 2873 573 non
2909 517 3160 582 tardabit,
3186 518 3280 572 sed
3316 536 3332 570 ι
3370 533 3517 581 mox,
3549 538 3567 568 ι

300 609 631 675 ἀναϐαίνει;
678 610 838 662 Ἀλλὰ
870 612 1023 682 κοινή
1059 613 1205 664 ἐστιν
1234 612 1267 680 ή
1298 610 1445 674 δόξα.
1483 611 1643 662 Ὥστε
1676 612 1767 663 καὶ
1794 609 1896 661 πά-

298 703 393 756 λιν
422 703 636 767 δοξάσει
687 718 782 773 με·
817 703 911 757 καὶ
958 705 1019 756 οὐ
1087 703 1361 773 βραδυνεῖ,
1407 702 1522 755 ἀλλ’
1569 720 1586 753 ι
1644 701 1825 763 εὐθὺς.
1872 719 1889 753 ι

300 795 437 847 ὃταν
469 794 537 847 τὰ
570 796 741 863 ἄτιμα
773 797 970 864 πάσχω
998 795 1167 863 πάθη,
1218 795 1345 845 ὅταν
1372 793 1511 845 δοκῶ
1535 794 1622 847 διὰ
1666 793 1758 846 τοῦ
1796 793 1911 845 θα-’

298 886 469 939 νάτου
506 888 570 939 ἐκ
611 887 775 955 μέσου
808 886 1082 954 γενέσθαι,
1118 885 1238 938 τότε
1272 885 1468 955 μᾶλλον
1503 886 1748 956 τιμήσει,
1771 886 1891 937 τότε

302 978 543 1047 φανερὸν
577 978 911 1047 καταστήσει
943 977 1029 1030 διὰ
1059 978 1156 1047 τῆς
1188 979 1558 1040 ἀναστάσεως.

386 1088 406 1121 ι
442 1069 664 1132 Τεκνία,
708 1069 786 1122 ἔτι
825 1070 1020 1139 μικρὸν
1076 1070 1195 1139 μεθ’
1230 1070 1384 1139 ὑμῶν
1419 1073 1559 1139 εἰμι.
1612 1068 1888 1139 Ζητήσετέ

307 1174 412 1227 με’
445 1160 540 1212 καὶ
570 1157 756 1223 καθὼς
801 1156 953 1212 εἷπον
983 1162 1093 1222 τοῖς
1135 1160 1430 1222 Ἰουδαίοις,
1464 1161 1544 1212 ὅτι
1579 1160 1751 1211 Ὅπου
1781 1157 1891 1227 ἐγὼ

302 1249 528 1317 ὑπάγω,
554 1250 711 1317 ὑμεῖς
732 1251 791 1302 οὐ
821 1249 1051 1301 δύνασθε
1080 1249 1276 1315 ἐλθεῖν,
1305 1251 1398 1302 καὶ
1421 1249 1549 1318 ὑμῖν
1576 1249 1720 1315 λέγω
1741 1248 1887 1316 ἄρτι.

315 1342 576 1413 Ἑντολὴν
632 1345 826 1410 καινὴν
862 1342 1056 1412 δίδωμι
1110 1343 1258 1413 ὑμῖν,
1301 1344 1386 1396 ἵνα
1434 1344 1686 1408 ἀγαπᾶτε
1724 1342 1888 1411 ἀλλή-

300 1433 457 1498 λους,
490 1432 675 1496 καθὼς
704 1433 965 1503 ἠγάπησα
1001 1434 1168 1503 ὑμᾶς,
1206 1432 1291 1485 ἵνα
1322 1435 1414 1485 καὶ
1446 1433 1603 1502 ὑμεῖς
1637 1432 1888 1501 ἀγαπᾶτε

303 1525 595 1596 ἀλλήλους.
659 1524 750 1578 Ἐν
800 1525 973 1595 τούτῳ
1020 1523 1322 1592 γνώσονται
1357 1525 1578 1589 πάντες,
1631 1526 1712 1577 ὅτι.
1768 1521 1888 1591 ἐμοὶ

308 1618 554 1688 μαθηταί
603 1618 748 1681 ἐστε,
813 1617 909 1669 ἐὰν
958 1618 1181 1686 ἀγάπην
1231 1615 1393 1685 ἔχητε
1449 1617 1507 1669 ὲν
1555 1613 1823 1682 ἀλλήλοις.
1861 1630 1881 1664 ι

320 1711 545 1781 Ἐπειδὴ
582 1708 808 1778 ἔμελλον
863 1708 1000 1779 μετὰ
1052 1707 1249 1778 μικρὸν
1280 1708 1347 1759 τά
1392 1706 1611 1777 λυπηρὰ
1654 1706 1889 1773 ὑποστή-

305 1801 525 1864 σεσθαι,
574 1801 832 1870 προλέγει
882 1797 1066 1851 λοιπὸν
1115 1795 1290 1849 ταῦτα
1320 1795 1524 1856 αὑτοῖς,
1558 1792 1699 1846 ὥστε
1735 1795 1792 1845 ὲν
1819 1794 1884 1863 τῇ

2002 614 2218 678 quando
2286 614 2693 678 ignominiosam
2752 614 3053 681 passionem
3110 612 3304 681 patiar,
3358 612 3577 682 quando

2002 701 2224 755 videbor
2276 718 2371 771 per
2422 713 2645 754 mortem
2697 719 2726 755 e
2786 703 2958 755 medio
3014 702 3162 755 tolli:
3218 709 3345 756 tunc
3404 700 3575 771 magis

2000 790 2323 858 honorabit,
2377 805 2503 848 tunc
2553 810 2651 865 per
2712 796 3163 849 resurrectionem
3221 811 3306 851 nu:
3361 795 3569 850 clarum

1998 886 2178 940 faciet.

2070 1064 2229 1119 Vens.
2263 1064 2450 1118 35-55.
2495 1083 2513 1115 ι
2552 1064 2750 1132 Filioli,
2783 1066 2957 1120 adhuc
2989 1068 3254 1136 paulisper
3291 1068 3567 1123 vobiscum

1992 1174 2131 1209 sum.
2159 1158 2422 1223 Quaeretis
2445 1172 2568 1213 me:
2615 1171 2661 1211 et
2703 1160 2842 1211 sirut
2869 1159 2973 1211 dixi
3026 1157 3226 1213 Judads
3255 1177 3269 1214 ι
3302 1161 3421 1226 Quo
3473 1178 3572 1231 ego

1992 1252 2149 1312 vado,
2177 1267 2268 1303 vos
2292 1266 2394 1303 non
2429 1251 2651 1319 potestis
2681 1253 2859 1303 venire
2885 1268 2899 1304 :
2929 1252 2997 1304 ita
3023 1262 3075 1305 et
3098 1255 3247 1305 vobis
3271 1255 3389 1307 dico
3408 1269 3567 1309 nunc.

1993 1340 2326 1409 Prmreptum
2381 1357 2577 1395 novum
2623 1343 2689 1394 do
2735 1342 2906 1404 Vobis,
2953 1353 3009 1394 ut
3047 1344 3280 1412 diligatis
3316 1344 3568 1408 invicem,

1992 1433 2133 1485 sicut
2167 1432 2324 1485 dileitt
2376 1447 2490 1497 vos,
2532 1443 2587 1483 nt
2620 1442 2674 1485 et
2705 1447 2797 1487 vos
2830 1433 3067 1501 diligatis
3098 1435 3348 1488 invicem.
3385 1435 3441 1488 In
3469 1434 3571 1490 hoc

1990 1524 2131 1576 cn’tm
2165 1535 2485 1592 cognoscent
2513 1538 2702 1578 omnes
2735 1526 2877 1592 quod
2914 1525 3160 1593 discipuli
3194 1527 3296 1579 mei
3333 1527 3491 1589 estis,
3524 1523 3571 1579 si

1990 1614 2333 1669 dilectionem
2390 1617 2684 1671 habueritis
2720 1618 2863 1671 inter
2896 1632 3004 1673 vos.
3049 1637 3068 1670 ι
3114 1618 3381 1685 Quoniam
3413 1620 3570 1687 paulo

1992 1716 2110 1774 post
2146 1707 2354 1775 passuri
2405 1718 2563 1761 erant
2611 1709 2818 1777 gravia,
2847 1724 2908 1762 ea
2950 1725 3088 1763 nunc
3120 1691 3359 1779 praedicit
3388 1714 3488 1775 eis,
3516 1720 3573 1765 ut

1991 1810 2052 1847 ea
2083 1796 2314 1850 habeant
2351 1797 2401 1850 in
2431 1800 2693 1852 memoria
2723 1812 2774 1851 et
2801 1810 3107 1869 praeparent
3136 1816 3194 1856 se
3222 1807 3286 1857 ad
3314 1822 3397 1858 ea.
3425 1805 3571 1861 Cun-

305 1858 523 1965 μνήμη
555 1858 696 1945 αὐτὰ
748 1858 914 1962 ἐχειν,
987 1888 1083 1942 καὶ
1136 1886 1697 1959 προπαρεσκευάσθαι
1752 1858 1886 1954 πρὸς

1995 1896 2097 1954 pert
2144 1896 2323 1940 autem
2364 1888 2467 1943 lict!
2505 1893 2570 1943 ad
2601 1891 2826 1958 gloriam
2862 1893 2997 1959 ejus.
3050 1893 3165 1948 Non
3216 1910 3376 1963 parva
3423 1901 3567 1954 enim

300 1985 501 2038 ταῦτα.
538 1984 909 2054 Σύμϐάλλεται
941 1981 997 2034 δὲ
1035 1982 1127 2034 καὶ
1168 1977 1329 2033 τοῦτο
1358 1980 1437 2042 είς
1472 1978 1569 2049 τὴν
1598 1977 1756 2041 δόξαν
1795 1976 1891 2030 αὑ·-

302 2073 430 2129 τοῦ.
465 2075 538 2126 Τὸ
578 2074 687 2144 γὰρ
720 2071 790 2125 τά
837 2071 1101 2142 μέλλοντα
1143 2068 1522 2139 συμϐήσεσθαι
1564 2069 1677 2131 τοῖς
1710 2065 1890 2136 μαθη-

300 2169 430 2230 ταῖς
466 2166 557 2219 ὑπ’
587 2164 752 2219 αὑτοῦ
792 2161 1329 2235 προαναφωνεῖσθαι,
1366 2161 1425 2213 οὑ
1464 2163 1637 2231 μικρὰ
1665 2158 1731 2228 ἦν
1761 2156 1890 2221 δόξα

304 2261 501 2325 αὑτοῦ,
531 2258 1105 2330 ὑπομιμνησκομένων
1129 2256 1354 2327 ὕστερον
1379 2254 1488 2306 τῶν
1509 2251 1783 2323 μαθητῶν,
1807 2249 1888 2301 ὅτι

301 2355 482 2407 ταῦτα
509 2354 538 2405 ὁ
563 2353 765 2423 Κύριος
810 2352 992 2413 αὐτοῖς
1034 2347 1320 2421 προέλεγε.
1372 2347 1598 2406 Δεικνὺς
1635 2343 1692 2394 δὲ
1721 2343 1804 2394 ὃτι
1828 2341 1889 2392 οὑ

304 2446 407 2500 νῦν
439 2449 655 2517 πρῶτος
686 2445 750 2512 (f.
783 2440 1044 2515 πρῶτον),
1076 2440 1211 2493 ἀλλὰ
1237 2441 1331 2493 καὶ
1363 2438 1467 2507 πρὸ
1493 2433 1688 2488 πολλοῦ
1723 2433 1887 2500 γινώ-

307 2556 455 2605 σκει,
481 2540 565 2592 ὅτι
600 2538 925 2609 ζητήσουσιν
951 2535 1116 2589 αὑτὸν
1139 2536 1197 2588 ἐν
1229 2533 1553 2602 πειρασμοῖς
1583 2530 1753 2590 ὄντες,
1783 2543 1888 2595 φη-

310 2634 420 2693 σὶν,
459 2631 542 2684 ὅτι
575 2631 668 2682 καὶ
691 2631 803 2691 τοῖς
845 2627 1118 2690 Ἰουδαίοις
1142 2624 1274 2678 αὑτὸ
1298 2620 1457 2676 τοῦτο
1480 2618 1656 2686 εἶπεν,
1681 2619 1756 2680 ὡς
1781 2619 1888 2688 πρὸ

309 2720 510 2775 πολλοῦ
540 2721 716 2785 εἰδώς.
746 2720 819 2774 Τὸ
848 2719 927 2786 δὲ,
965 2738 983 2771 ι
1021 2719 1199 2772 Ὅπου
1228 2716 1337 2786 ἐγὼ
1380 2715 1594 2783 ὑπάγω,
1639 2733 1658 2765 υ
1696 2712 1886 2777 εἰπὼν,

307 2815 556 2867 δείκνυσι
583 2813 676 2866 τὸν
700 2810 925 2865 θάνατον
958 2809 1123 2864 αὑτοῦ
1159 2808 1458 2880 μετάϐασιν
1487 2807 1615 2859 ὄντα
1662 2806 1755 2857 καὶ
1796 2820 1890 2873 με-

311 2905 583 2960 τάστασιν
626 2905 916 2976 κρείττονα
958 2905 1037 2966 είς
1073 2903 1238 2955 τόπον
1296 2901 1521 2971 σώματα
1565 2898 1781 2969 φθαρτὰ
1814 2896 1888 2967 μὴ

308 3000 624 3067 δεχόμενον.
679 2996 802 3057 Τοῖς
838 2994 938 3065 μὲν
980 2992 1255 3054 Ἰουδαίοις
1287 2989 1495 3058 ἔλεγεν,
1534 2990 1617 3041 ὅτι
1653 3005 1672 3037 ι
1709 2988 1887 3057 Ζητήη

312 3091 440 3144 σετέ
486 3107 575 3161 με,
623 3090 719 3144 καὶ
756 3089 888 3143 ὅπου
939 3085 1051 3155 ἐγὼ
1094 3085 1308 3154 ὑπάγω,
1367 3085 1525 3154 ὑμεῖς
1567 3082 1629 3134 οὑ
1657 3080 1888 3135 δύνασθε

1988 1978 2161 2046 gloria
2202 1980 2318 2049 ejus
2352 1981 2472 2045 fuit,
2506 1983 2647 2050 quod
2684 1984 2959 2052 discipulis
2991 1988 3233 2054 praulixit
3264 2005 3383 2057 qua:
3407 2006 3570 2046 ercu-

1992 2077 2112 2125 tura
2144 2080 2327 2126 essent
2357 2073 2455 2138 eis,
2481 2076 2886 2130 recordantibus
2908 2087 3092 2146 postea
3126 2082 3402 2150 discipulis
3426 2086 3567 2153 quod

1990 2160 2077 2215 illa
2106 2163 2186 2217 eis
2213 2173 2392 2218 essent
2444 2166 2719 2232 praedicta.
2758 2165 3069 2223 Monstrans
3125 2183 3321 2238 autent,
3370 2190 3429 2229 se
3461 2192 3565 2230 non

1993 2262 2118 2306 tunc
2173 2254 2404 2322 primum
2457 2270 2804 2325 cognoscere,
2856 2262 2949 2315 sed
3006 2262 3171 2315 multo
3216 2274 3370 2319 antea
3425 2269 3566 2338 quod

1989 2347 2265 2412 qttatsituri
2296 2357 2474 2401 essent
2507 2349 2680 2417 ipsum
2714 2351 2765 2404 in
2801 2352 3235 2410 tribulationibus
3262 2360 3562 2423 constituti,

1991 2434 2136 2497 dicit,
2180 2438 2320 2503 quod
2354 2448 2408 2492 et
2450 2437 2647 2494 Iudaeis
2700 2442 2841 2496 iatnd
2882 2446 3053 2513 ipsum
3110 2449 3327 2513 dixerit,
3381 2465 3566 2514 utp0te

1989 2528 2078 2597 qui
2130 2528 2300 2583 multo
2353 2538 2478 2585 ante
2534 2533 2773 2587 sciverit.
2825 2534 2936 2589 lloc
2985 2549 3200 2605 autem,
3243 2558 3262 2591 ι
3295 2541 3413 2606 Quo
3465 2554 3566 2612 ego

1988 2621 2145 2683 vado,
2184 2640 2203 2673 ι
2244 2622 2441 2678 indicat
2473 2625 2590 2693 ejus
2620 2637 2868 2693 mortem,
2899 2644 3017 2698 qua:
3054 2632 3313 2686 transitus
3353 2646 3469 2688 erat
3502 2650 3565 2689 ac

1992 2714 2273 2768 translatio
2309 2715 2367 2769 in
2394 2726 2594 2770 statum
2624 2719 2923 2784 meliorem,
2955 2722 3004 2774 in
3042 2722 3214 2776 locum
3244 2728 3566 2792 corruptibi-

1990 2803 2058 2858 lia
2098 2821 2321 2875 corpora
2358 2822 2462 2862 non
2509 2811 2919 2880 suscipientem.
2972 2809 3140 2882 Igitur
3168 2810 3367 2868 Judaeis
3413 2816 3565 2870 dice-

1992 2897 2103 2962 bat,
2141 2916 2159 2950 ι
2197 2900 2465 2966 Quaeretis
2495 2916 2600 2967 me,
2642 2913 2696 2956 et
2723 2918 2827 2972 quo
2864 2919 2961 2972 ego
2992 2906 3150 2969 vado,
3182 2922 3277 2959 vos
3325 2923 3427 2960 non
3472 2924 3565 2977 po-

1994 2993 2146 3046 testis
2178 2993 2365 3047 venire
2395 3011 2409 3046 :
2452 3012 2472 3045 )
2509 2995 2759 3049 timorem
2816 2997 2921 3051 illis
2954 2999 3240 3060 incutiens,
3289 3001 3564 3069 discipulis

1952 3081 1957 3087 ’
1992 3095 2170 3137 autem
2204 3083 2531 3139 desiderium
2562 3090 2881 3143 accendens.
2913 3090 3126 3145 Etenim
3159 3094 3562 3162 consuevimus,

311 3183 512 3246 ἐλθεῖν,
556 3199 575 3233 ι
615 3180 779 3250 φόϐον
821 3180 1003 3255 αὑτοῖς
1056 3176 1348 3231 ἐπισείων
1382 3177 1494 3238 τοῖς
1516 3173 1572 3226 δὲ
1598 3173 1884 3244 μαθηταῖς,

1992 3178 2205 3245 quando
2227 3177 2470 3233 videmus
2496 3184 2752 3248 quosdam
2776 3196 2838 3235 ex
2868 3183 3056 3238 amicis
3081 3188 3415 3253 accedentes,
3450 3203 3563 3243 ma-

306 3280 406 3329 τὸν
446 3275 612 3329 πόθον
642 3274 910 3340 ἐξάπτων.
947 3274 1058 3327 Καὶ
1084 3273 1191 3342 γὰρ
1226 3269 1501 3340 εἰώθαμεν
1533 3269 1661 3323 ὅταν
1692 3266 1888 3336 ἴδωμέν

306 3384 470 3430 τινας
496 3367 605 3420 τῶν
630 3365 905 3435 φιλτάτων
942 3362 1380 3435 ἀναχωροῦντας,
1414 3359 1645 3431 μάλιστα
1673 3357 1891 3428 διαθερ-

315 3458 633 3529 μαίνεσθαι,
661 3460 758 3511 καὶ
789 3456 1010 3527 μᾶλλον,
1053 3458 1181 3508 ὅταν
1220 3455 1300 3518 είς
1326 3454 1493 3511 τόπον
1523 3453 1779 3516 ἀπίωσιν,
1812 3454 1891 3516 είς

310 3552 376 3606 ὃν
406 3552 470 3605 οὐ
501 3549 724 3604 δυνατὸν
759 3551 889 3619 ἡμῖν
929 3547 1207 3602 ἀπελθεῖν.
1242 3546 1345 3600 ’ἰὸν
1389 3545 1553 3598 πόθον
1585 3540 1678 3600 οὖν
1711 3546 1891 3609 αὑτοῖς

312 3644 570 3711 ἐξάπτων
603 3643 777 3696 ταῦτά
806 3658 959 3712 φησι.
988 3641 1080 3693 Διὸ
1116 3639 1209 3692 καὶ
1233 3638 1314 3704 τὸ,
1349 3657 1368 3690 ‹
1402 3638 1623 3705 Τεκνία,
1662 3656 1681 3689 ι
1710 3653 1885 3709 προσ-

313 3738 550 3808 έθηκεν·
587 3736 674 3791 ῖνα
747 3736 821 3806 μὴ
866 3734 1182 3804 νομίσωσιν,
1219 3731 1294 3795 ὡς
1322 3732 1430 3785 ἀπὸ
1480 3733 1582 3800 τῆς
1629 3729 1891 3799 τοιαύτης

312 3830 615 3891 διαθέσεως
668 3829 844 3882 ταῦτα
873 3823 1028 3880 εἶπεν
1058 3827 1261 3889 αὐτοῖς,
1285 3824 1377 3893 ἀφ’
1402 3819 1473 3896 ἦς
1500 3824 1727 3886 καὶτοῖς
1762 3823 1893 3876 Ἰου-

312 3924 507 3989 δαίοις,
539 3921 731 3989 ἀλλ’ὲξ
759 3920 1000 3990 ἀγάπης.
1037 3919 1338 3989 Ἐζήτησαν
1375 3916 1473 3988 μὲν
1514 3911 1610 3969 οὖν
1643 3913 1809 3969 αὑτὸν
1842 3915 1891 3968 οῖ

328 4016 595 4079 Ἰουδαῖοι,
649 4015 737 4068 ὅτε
764 4016 798 4085 ή
832 4012 987 4076 πόλις
1021 4012 1200 4066 αὐτῶν
1241 4009 1402 4074 ἑάλω,
1449 4009 1543 4062 καὶ
1573 4010 1607 4079 ή
1635 4007 1890 4079 θεήλατος

314 4109 460 4179 ὀργὴ
492 4105 757 4161 πάντοθεν
791 4102 912 4157 κατ’
953 4102 1138 4155 αὐτῶν
1182 4101 1430 4171 ἐφέρετο,
1466 4099 1541 4162 ὡς
1570 4098 1663 4151 καὶ
1702 4096 1858 4167 Ἰώση
1878 4128 1890 4137 ι

313 4213 422 4259 πος
471 4197 740 4266 μαρτυρεῖ
784 4193 871 4246 διὰ
920 4192 1011 4246 τὸν
1084 4190 1315 4244 θάνατον
1360 4188 1456 4242 τοῦ
1508 4186 1682 4257 Ἰησοῦ
1720 4185 1892 4240 ταῦτα

315 4289 503 4350 αὐτοῖς
538 4285 808 4352 γενέσθαι.
839 4286 899 4337 Οἱ
930 4282 987 4336 δὲ
1029 4280 1305 4353 μαθηταὶ,
1352 4281 1440 4361 ὅτε
1489 4277 1757 4347 ἔφευγον,
1799 4277 1889 4335 ὅτε

316 4380 498 4443 ἄλλως
550 4378 856 4431 ὲθλίϐοντω
908 4376 992 4429 διὸ
1035 4376 1128 4429 καὶ
1176 4373 1496 4443 ἀλλαχοῦ,-‹
1543 4371 1889 4442 Ἀρθήσεται,

318 4473 509 4542 φησιν,
535 4472 565 4523 ό
585 4469 838 4541 νυμφίος,
864 4469 960 4523 καὶ
986 4466 1373 4538 νηστεύσουσιν
1401 4467 1451 4518 οἱ
1480 4465 1621 4535 φίλοι
1644 4463 1736 4517 τοῦ
1758 4480 1892 4533 νυμφ

1995 3269 2075 3337 gis
2120 3269 2363 3336 accendi,
2389 3280 2444 3324 et
2475 3271 2707 3326 maxime
2739 3273 2782 3326 si
2816 3285 2941 3328 eant
2987 3276 3041 3328 in
3084 3278 3259 3331 locum
3294 3293 3400 3347 quo
3454 3296 3560 3333 non

1992 3369 2075 3415 est
2106 3361 2362 3427 possibile
2406 3377 2504 3416 nos
2534 3363 2632 3416 ire.
2674 3363 2839 3433 Igitur
2866 3366 3190 3423 desiderium
3235 3370 3338 3425 illis
3370 3388 3562 3426 accen-

1992 3452 2147 3518 dens,
2196 3454 2310 3508 haec
2356 3453 2513 3509 dicit.
2564 3455 2689 3510 Ideo
2734 3467 2789 3511 et
2827 3477 2846 3510 ι
2896 3458 3038 3524 Filii,
3086 3479 3105 3514 ι
3141 3463 3377 3529 adjecit:
3411 3476 3464 3517 ut
3497 3482 3563 3522 ne

1993 3553 2183 3614 putt-nt
2213 3546 2356 3614 quod
2391 3548 2577 3602 eadem
2621 3547 2906 3605 affectione
2944 3567 3044 3621 qua
3084 3552 3298 3619 .Iudazis,
3338 3548 3450 3610 lucc
3480 3558 3561 3611 eis

1991 3638 2062 3691 sit
2091 3637 2324 3705 locutus,
2375 3640 2470 3693 sed
2499 3654 2565 3693 cx
2598 3641 2884 3697 cbaritatr.
2940 3645 3313 3709 Quaasivcrunt
3345 3647 3559 3713 quidem

1993 3745 2113 3783 eum
2145 3729 2336 3794 Judaai,
2386 3733 2602 3801 quando
2651 3734 2842 3788 civitas
2894 3736 3131 3804 ipsorum
3184 3749 3337 3807 capta
3372 3748 3473 3806 est,
3508 3752 3562 3797 et

1997 3821 2076 3874 ira
2107 3822 2363 3877 divinitus
2414 3822 2656 3879 immissa
2703 3827 2938 3896 undique
2988 3828 3042 3882 in
3077 3844 3172 3884 eos
3222 3833 3390 3896 venit,
3423 3835 3563 3887 sicut

1990 3920 2045 3966 et
2067 3908 2333 3981 Iosephus
2368 3923 2597 3968 testatur
2644 3925 2866 3985 propter
2903 3928 3127 3970 mortem
3173 3917 3296 3974 Jesu
3327 3922 3405 3973 cis
3450 3925 3562 3978 lucc

1991 4009 2260 4061 evenisse.
2299 4007 2556 4077 Discipuli
2581 4018 2782 4074 autem,
2814 4012 3026 4079 quando
3052 4011 3323 4082 fugerunt,
3344 4023 3396 4068 et
3430 4016 3563 4071 alias

1994 4099 2177 4154 amicti
2236 4108 2381 4166 sunt,
2438 4109 2723 4170 propterea
2755 4110 2809 4156 et
2839 4102 2944 4156 alio
2996 4102 3113 4158 loco
3140 4104 3207 4169 ιι,
3246 4122 3265 4156 ι
3301 4104 3559 4171 Tolletur,

1989 4192 2188 4262 inquit,
2220 4207 2471 4262 sponsus,
2500 4194 2893 4263 ctjejnnabunt
2926 4197 3082 4250 amici
3123 4198 3364 4251 thalami.
3403 4215 3422 4249 ι
3455 4198 3560 4250 Ita-

1991 4299 2098 4354 que
2151 4284 2335 4349 futura
2391 4286 2717 4354 prmdicitet
2780 4285 2862 4340 bis
2906 4296 2963 4340 et
3011 4286 3153 4343 illis:
3191 4289 3294 4342 illis
3345 4290 3558 4357 quidem

1991 4387 2214 4448 propter
2242 4375 2694 4443 incredulitatem,
2734 4376 2820 4433 his
2843 4388 3020 4434 autem
3054 4390 3273 4449 propter
3299 4397 3559 4448 amorem,

1994 4486 2060 4524 ne
2095 4469 2462 4537 inexspectata
2495 4469 2793 4524 inciderent
2823 4470 2983 4526 inala.
3021 4472 3084 4525 Et
3131 4474 3381 4539 quoniam
3413 4476 3559 4529 veri-

320 4566 526 4636 φῶνος.
566 4583 587 4616 ›
637 4563 901 4636 Προλέγει
949 4558 1044 4615 οὖν
1104 4561 1172 4614 τὰ
1229 4559 1491 4630 μέλλοντα
1539 4561 1636 4612 καὶ
1681 4559 1890 4622 τούτοις

1996 4560 2173 4614 simile
2204 4558 2371 4630 696
2417 4570 2553 4625 erat,
2593 4558 2879 4613 audientes
2906 4561 3030 4614 talia
3083 4563 3287 4616 turbari
3340 4568 3558 4627 animo,

318 4658 618 4722 κάκείνοις,
647 4659 759 4720 τοῖς
784 4656 885 4727 μὲν
910 4655 1000 4709 διὰ
1030 4654 1128 4726 τὴν
1158 4652 1435 4716 ἀπιστίαν,
1466 4655 1577 4715 τοῖς
1603 4651 1661 4707 δὲ
1685 4650 1772 4704 διὰ
1791 4651 1889 4722 τὴν

320 4751 567 4820 ἀγάπην,
597 4748 777 4802 καὶτὸ
809 4745 882 4818 μὴ
913 4745 1335 4816 ἀπροσδοκήτοις
1364 4747 1624 4813 ἐμπεσεῖν
1650 4745 1762 4807 τοῖς
1786 4742 1891 4796 δει-

319 4846 456 4904 νοῖς.
512 4839 731 4909 Ἐπειδὴ
778 4840 856 4900 εις
899 4837 1125 4909 θόρυϐον
1181 4836 1380 4899 αὐτοὺς
1433 4836 1693 4906 ἐμπεσεῖν
1742 4834 1889 4898 εἰκὸς

318 4930 411 5007 ἧν,
438 4931 613 4986 ταῦτα
642 4930 938 4994 ἀκούοντας
961 4931 1036 4992 ὡς
1062 4929 1304 5000 ἐρήμους
1331 4927 1623 4996 μέλλοντας
1646 4925 1887 4992 ἔσεσθαι,

320 5024 728 5097 παραμυθεῖται
768 5023 995 5085 αὐτοὺς,
1040 5022 1133 5091 Μὴ
1163 5020 1407 5089 ἀλγεῖ-ιε,
1443 5019 1652 5088 λέγων·
1697 5017 1892 5088 δίδωμι

320 5121 431 5189 γὰρ
462 5119 592 5187 ὑμῖν
623 5115 843 5184 φύλακα
884 5114 1107 5184 ἰσχυρὸν
1152 5112 1253 5182 τὴν
1304 5112 1548 5181 ἀγάπην.
1609 5111 1736 5163 Ἐὰν
1784 5111 1895 5182 γὰρ

318 5212 530 5280 ταύτην
565 5208 746 5278 ἔχητε,
770 5208 1032 5277 ἀήττητοι
1064 5204 1276 5270 ἔσεσθε,
1316 5204 1409 5256 ὑπ’
1460 5202 1705 5274 ἀλλήλων
1736 5202 1895 5254 δυνα-

328 5300 613 5372 μούμενοι.
641 5295 773 5351 Εἶτα
802 5298 989 5368 ἐπειδὴ
1016 5297 1294 5366 ἠπόρησεν
1316 5293 1384 5348 ἄν
1408 5311 1491 5358 τις
1516 5310 1530 5325 '
1555 5293 1678 5356 Πῶς
1702 5292 1896 5363 καινὴν

319 5391 543 5460 ἐντολὴν
586 5390 765 5455 δίδως,
798 5382 843 5441 ὦ
871 5388 1064 5459 Κύριε,
1089 5389 1196 5456 τὴν
1245 5387 1491 5455 ἀγάπην,
1526 5384 1593 5456 ἢν
1619 5386 1714 5439 καὶ
1743 5385 1801 5437 ὲν
1826 5385 1893 5455 τῇ

321 5483 545 5554 Παλαιᾲ
609 5482 1111 5552 νενομοθετημένην
1175 5481 1424 5551 oramper;
1473 5479 1767 5548 ἐπιφέρει,
1812 5476 1895 5531 ὅτι

326 5595 348 5630 ι
384 5577 585 5640 Καθὼς
614 5576 726 5645 ἐγὼ
755 5575 1016 5645 mimica
1038 5576 1206 5645 ὑμᾶς,
1232 5574 1319 5633 ῐνα
1346 5574 1443 5628 καὶ
1471 5572 1732 5645 ἀλλήλους
1764 5573 1897 5640 ἀγαν-

320 5672 488 5725 πᾶτε.
532 5687 550 5720 ι
592 5668 804 5738 Ὥσπερ
843 5667 952 5736 γὰρ
994 5665 1126 5735 ἐγὼ,
1163 5666 1320 5738 φησὶ,
1370 5666 1584 5735 δωρεὰν
1629 5664 1894 5737 ἠγάπησα

398 5855 446 5888 ⁵⁸
477 5856 665 5910 Matth.
698 5869 772 5920 ix,
800 5852 865 5907 15
903 5869 919 5919 ;
952 5852 1082 5910 Luc.
1110 5870 1164 5922 v,
1195 5854 1286 5910 35.

1997 4662 2051 4705 ut
2078 4652 2352 4709 solitarius
2379 4651 2589 4705 futuros
2608 4651 2937 4717 consolatur,
2969 4651 3044 4705 Ne
3073 4653 3315 4717 dulcatis,
3348 4657 3554 4720 dicens,

1994 4742 2066 4797 do
2090 4743 2232 4796 enim
2260 4742 2411 4797 vobis
2434 4740 2708 4797 custodem
2744 4740 2960 4807 fortem,
2998 4742 3164 4813 ipsam
3194 4744 3556 4807 dilectionem,

1997 4849 2154 4902 quam
2207 4834 2254 4887 si
2307 4831 2631 4896 habueritis,
2661 4831 2801 4886 inter
2838 4846 2931 4889 vos
2959 4834 3319 4899 corroborati,
3374 4836 3559 4892 invicti

1992 4926 2164 4983 eritis.
2202 4925 2402 4981 Deinde
2422 4924 2480 4979 .si
2512 4924 2837 4980 dubitaverit
2866 4925 3007 4994 quis,
3037 4924 3319 4992 Quomodo
3340 4929 3559 4983 manda-

1992 5028 2105 5073 tum
2154 5031 2349 5073 novum
2388 5016 2504 5081 das,
2536 5016 2851 5083 oDontine,
2880 5017 3196 5073 rbaritatem
3229 5033 3386 5088 quam
3416 5030 3469 5073 et
3504 5020 3556 5073 in

1991 5111 2155 5165 veteri
2185 5110 2301 5180 lege
2327 5109 2506 5164 datam
2526 5109 2770 5165 scimus?
2801 5110 3002 5176 subdit,
3032 5129 3050 5162 ι
3091 5111 3243 5166 Sicut
3267 5125 3367 5182 ego
3396 5111 3565 5167 dilexi

1991 5218 2107 5270 vos,
2139 5204 2211 5257 ita
2245 5212 2300 5258 et
2326 5216 2423 5257 vos
2454 5210 2700 5257 mutuum
2751 5202 3009 5274 diligatis.
3045 5222 3065 5255 ι
3100 5205 3557 5271 Queiuadmodum

1992 5296 2137 5350 enim
2185 5308 2307 5364 ego,
2357 5294 2554 5364 inquit,
2612 5295 2781 5366 gratis
2828 5296 2993 5351 dilexi
3046 5312 3161 5361 vos,
3212 5296 3373 5351 nullis
3404 5297 3567 5352 bonis

1992 5386 2246 5456 operibus
2279 5384 2475 5442 vostris
2498 5386 2951 5454 praecedentibus,
2982 5389 3074 5442 sed
3103 5396 3157 5441 et
3184 5403 3305 5443 cum
3341 5390 3555 5444 inimica

1991 5490 2134 5538 esset
2163 5482 2397 5536 humana
2432 5489 2645 5548 natura,
2673 5497 2791 5536 eam
2814 5482 3047 5551 suscepi,
3073 5485 3512 5553 sanctiﬁt-avique
3538 5500 3553 5539 :

1992 5573 2063 5629 ita
2095 5581 2152 5628 et
2179 5586 2275 5628 vos
2316 5572 2484 5643 gratis
2517 5591 2538 5625 ι
2575 5572 2779 5643 diligite
2807 5572 2961 5627 inter
2978 5588 3113 5633 vos:
3154 5592 3173 5626 ι
3203 5576 3365 5629 etiam
3395 5576 3439 5630 si
3469 5577 3555 5630 of-

1992 5664 2228 5723 fenderit
2270 5673 2324 5722 te
2352 5663 2539 5735 frater,
2572 5679 2643 5722 ne
2669 5665 2972 5723 recorderis
3022 5667 3161 5738 ejus.
3200 5666 3362 5727 Vides
3410 5671 3553 5740 quod
