4056 6584
496 349 603 417 167

1354 352 1927 415 THEUPHYLACTI
1968 340 2379 416 BULGARLE
2421 355 2773 416 ARClIlEP.

3629 357 3729 423 16%

486 465 589 521 hoc
632 464 705 521 sit
754 446 953 521 novum
1011 465 1346 532 mandatum,
1394 466 1725 537 diligendum
1761 466 2063 534 proximum

2184 466 2335 537 Βμᾶς,
2364 468 2425 520 ού
2454 467 2918 538 προϋπαρχόντων
2941 465 3094 536 ὑμῶν
3124 467 3589 541 κατορθωμάτων,
3618 469 3756 524 ἀλλά

485 560 574 614 cui
613 558 745 614 nihil
784 558 1014 615 debeas?
1052 558 1163 613 Lex
1215 568 1395 612 autem
1454 557 1667 611 diccbat
1706 555 1775 622 “,
1809 575 1827 607 ι
1872 555 2069 625 Diliges

486 650 719 703 amicum
776 660 980 704 tuum:
1027 668 1045 702 ι
1084 659 1142 704 ιιι
1192 649 1431 703 debitum
1490 650 1740 716 proximo
1780 648 1869 715 qui
1920 646 2071 716 prius

488 742 799 810 inceperat,
874 741 1222 796 dilectionem
1347 739 1756 794 retribuendum
1850 739 2068 808 iubens.

487 833 776 887 Decéarans
852 847 1029 889 autem
1083 833 1229 904 quod
1310 849 1413 886 non
1491 830 1872 901 exstinguendi
1947 838 2071 900 post

487 939 641 977 suun
700 927 1094 995 migrationem,
1121 928 1215 982 sed
1269 926 1527 980 clariores
1585 924 1748 977 futuri
1806 923 1935 989 sint,
1985 920 2073 976 di-

488 1018 603 1070 cit:
637 1035 654 1068 t
709 1016 769 1071 lu
831 1023 932 1071 hoc
1000 1020 1172 1073 scient
1234 1033 1444 1073 omnes.
1502 1034 1520 1067 ο
1574 1014 1736 1070 Vides
1803 1014 2073 1083 quomodo

488 1118 700 1161 asserat
740 1122 833 1163 eos
858 1110 927 1163 ab
960 1109 1214 1164 omnibus
1245 1111 1667 1180 ceguoscendos,
1695 1122 1793 1176 per
1824 1107 1926 1160 hoc
1952 1105 2072 1159 illos

498 1214 607 1252 non
638 1215 827 1268 parum
859 1201 1185 1256 consolans?
1224 1201 1460 1272 Reliquit
1500 1201 1755 1256 indicium
1792 1208 1847 1253 et
1874 1197 2071 1251 chara-

491 1302 695 1346 cterem
726 1310 754 1344 a
784 1293 1079 1355 miraculis,
1113 1308 1142 1346 a
1172 1294 1436 1347 charitate
1466 1303 1647 1347 autem
1693 1305 1837 1344 nunc
1866 1302 2066 1357 cogno-

492 1384 715 1440 s‘cihiles
760 1384 911 1440 facit.
954 1386 1103 1439 illiilli
1154 1387 1299 1440 enim
1337 1397 1482 1451 sunt,
1521 1386 1611 1455 qui
1642 1381 1899 1436 miracula
1927 1380 2072 1434 fece-

492 1486 639 1540 runt,
681 1476 915 1529 audituri
934 1475 1004 1541 ⁸⁸,
1035 1494 1055 1526 ι
1086 1475 1279 1530 “Nescio
1308 1491 1424 1530 vos.
1464 1493 1482 1527 ι
1515 1476 1668 1541 Quod
1717 1485 1895 1527 autem
1933 1481 2074 1526 totus

492 1569 643 1621 orbis
673 1569 948 1622 miraculis
975 1568 1041 1621 ad
1071 1568 1232 1622 [idem
1258 1569 1523 1622 adductus
1558 1569 1649 1629 sit,
1678 1567 1804 1635 quid
1836 1561 2074 1618 mirum?

495 1660 631 1727 Quia
667 1663 810 1715 enim
867 1662 1111 1716 Charitas
1161 1661 1369 1726 aderat,
1403 1662 1520 1715 ideo
1550 1671 1605 1713 et
1641 1663 1812 1713 virtus
1843 1658 1909 1712 ad
1943 1668 2073 1725 ope-

2175 560 2271 611 καὶ
2302 560 2506 630 ἐχθρᾶς
2552 559 2741 631 οὔσης,
2772 562 2864 612 καὶ
2890 563 3324 631 κατηργημένης
3352 561 3452 632 τῆς
3477 559 3757 632 ἀνθρωπί-

2175 667 2273 722 νης
2322 651 2559 719 φύσεως,
2610 652 2757 720 ὅμως
2800 652 2961 715 αύτδς
3011 651 3358 722 ἐπελαϐόμην
3409 650 3616 721 ταύτης
3659 652 3760 705 καὶ

2174 746 2381 813 ἡγίασα
2410 761 2423 776 ·
2456 745 2598 798 οὕτω
2645 746 2740 799 καὶ
2776 745 2935 815 ὑμεῖς
2984 743 3192 814 δωρεὰν
3228 763 3248 795 ι
3291 746 3544 813 ἀγαπᾶτε
3592 744 3758 815 ἀλλή-

2174 837 2317 902 λους·
2356 857 2376 890 ι
2400 837 2503 891 κᾶν
2524 836 2855 910 σκανδαλίσῃ
2879 855 2938 891 σε
2967 839 2995 891 ὁ
3020 837 3272 906 ἀδελφὸς,
3307 836 3383 908 μὴ
3413 837 3757 906 ἐπιμνησθῇς

2173 930 2384 981 τούτου.
2443 929 2607 997 Ὁρᾷς
2645 931 2727 980 ὅτι
2772 929 2930 982 τοῦτὸ
2982 931 3132 982 ἐστιν
3162 930 3196 1000 ἠ
3232 928 3395 1000 καινὴ
3445 927 3657 998 ἐντολὴ,
3695 929 3759 980 τὸ

2178 1020 2346 1089 μηδὲν
2377 1019 2661 1087 ὀφείλοντα
2685 1020 2761 1091 τῷ
2790 1020 3044 1091 πλησίον,
3078 1023 3280 1091 προῖκα
3313 1020 3475 1074 αὑτὸν
3498 1020 3755 1090 ἀγαπᾷν;

2189 1112 2246 1165 Ὀ
2274 1112 2330 1165 δὲ
2363 1113 2545 1181 νόμος,
2571 1130 2591 1163 ι
2616 1113 2973 1182 Ἀγαπήσεις,
2994 1113 3169 1181 ἔλεγε,
3197 1113 3287 1166 τὸν
3312 1113 3465 1182 φίλον
3497 1129 3613 1177 σου,
3642 1130 3661 1162 ι
3681 1111 3759 1175 ὡς

2176 1204 2336 1275 χρέος
2353 1204 2797 1274 προκατάρξαντι
2817 1205 2893 1275 τῷ
2914 1205 3162 1277 πλησίον,
3184 1204 3282 1276 τὴν
3306 1208 3529 1274 ἀγάπην
3555 1204 3763 1257 ἀντιδιε-

2174 1294 2322 1348 δόναι
2339 1293 2594 1350 κελεύων.
2617 1297 2841 1360 Δεικνὺς
2855 1297 2932 1361 δὲ,
2951 1296 3034 1349 ὅτι
3057 1296 3117 1350 ού
3143 1296 3557 1367 σϐεσθήσονται,
3588 1293 3757 1348 αὐτοῦ

2177 1387 2524 1454 ἀπελθόντος,
2559 1387 3046 1463 ἀλλζπεριφαηῖς
3085 1388 3323 1451 ἔσονται,
3357 1387 3526 1458 φησίν
3548 1403 3562 1419 ο
3600 1405 3619 1438 ι
3669 1386 3758 1438 Ἑν

2174 1480 2353 1549 τούτῳ
2392 1479 2700 1548 γνώσονται
2743 1482 2969 1545 πάντες.
3006 1499 3026 1533 ι
3075 1480 3238 1552 Ὁρᾷς
3276 1480 3392 1544 πῶς
3420 1478 3762 1549 διαγνωσθήο

2180 1571 2369 1623 σεσθαι
2402 1570 2603 1634 αὐτοὺς
2651 1573 2803 1640 παρὰ
2853 1572 3021 1624 πᾶσιν
3073 1570 3460 1638 ἀποφαίνεται,
3498 1586 3761 1638 παραμυ-

2178 1660 2440 1731 θούμενος
2475 1663 2670 1724 αὐτοὺς
2706 1663 2766 1716 ού
2800 1663 3015 1734 μικρῶς
3066 1663 3153 1718 διὰ
3188 1661 3420 1729 τούτου;
3487 1662 3671 1729 Ἀιρεὶς
3701 1661 3761 1714 δὲ

495 1755 725 1806 randum
791 1755 1047 1808 miracula
1102 1770 1208 1809 non
1266 1754 1473 1807 deerat.
1537 1752 1691 1818 Quod
1729 1754 1773 1805 si
1818 1749 1973 1804 divisi
2021 1757 2076 1802 et

2184 1754 2287 1806 ἀπὸ
2320 1753 2430 1808 τῶν
2472 1754 2767 1826 θαυμάτων
2820 1756 3020 1819 αὐτοὺς
3053 1754 3483 1827 χαρακτηρίσαι,
3519 1752 3628 1806 ἀπὸ
3660 1752 3763 1819 τῆς

495 1846 735 1900 distincti
787 1844 1042 1909 fuissent,
1092 1847 1270 1901 omnia
1302 1846 1601 1915 perissent,
1618 1854 1672 1900 et
1700 1843 1876 1897 nullus
1901 1842 2077 1898 credi-

2184 1843 2400 1913 ἀγάπης
2448 1824 2867 1917 χαρακτηρίζει.
2920 1824 3260 1913 Πολλοὶ-γὰρ
3298 1824 3558 1912 θαύματα
3602 1841 3764 1912 ποιή-

495 1939 665 1993 disset
732 1938 839 1992 illis
893 1940 966 1991 ita
1015 1950 1204 1993 contra
1256 1953 1316 1993 se
1365 1937 1693 1991 furentibus.
1758 1935 1943 2004 Itaque
1985 1947 2080 1989 eos

496 2032 688 2094 majori
750 2031 1012 2087 miraculo
1065 2032 1255 2102 dignos
1307 2030 1564 2096 faciebat,
1616 2030 1761 2098 quod
1796 2043 1900 2083 una
1934 2034 2082 2082 esset

495 2118 695 2179 anima,
734 2130 786 2171 et
818 2136 981 2172 unutn
1016 2134 1112 2174 cor
1142 2120 1478 2173 credentium
1508 2118 1579 2175 ⁸⁷.

2180 1947 2396 1995 σαντες,
2447 1932 2732 2003 μέλλουσιν
2765 1935 3009 1999 ἀκούειν,
3036 1935 3120 1987 ὅτι
3155 1952 3174 1985 ι
3215 1934 3329 1987 Ούκ
3359 1929 3478 1987 οἶδα
3524 1933 3692 2003 ὑμᾶς.
3737 1948 3756 1982 ι

2178 2022 2242 2075 Εἰ
2259 2022 2314 2074 δὲ
2332 2025 2426 2075 καὶ
2454 2023 2602 2076 πᾶσα
2622 2026 2655 2094 ἠ
2681 2024 2978 2095 οἰκουμένη
3003 2025 3106 2077 ὑπὸ
3133 2021 3242 2076 τῶν
3268 2021 3562 2092 θαυμάτων
3591 2034 3765 2088 προσ-

2182 2114 2325 2184 ήχθη
2361 2116 2427 2185 τῇ
2461 2116 2665 2181 πίστει,
2703 2116 2755 2169 τί
2786 2115 3133 2186 θαυμαστόν;
3172 2115 3318 2168 Διότι
3370 2115 3479 2184 γὰρ
3509 2114 3544 2183 ἡ
3569 2111 3762 2180 ἀγάπη

497 2211 705 2279 απρῆν,
735 2209 824 2264 διὰ
849 2211 1007 2263 τοῦτο
1040 2211 1298 2281 καὶπρὸς
1319 2211 1381 2262 τὸ
1407 2213 1844 2281 θαυματουργεῖν
1893 2209 2079 2270 αὐτοῖς
2135 2205 2364 2277 δύναμις
2415 2209 2567 2278 ἐνῆν.
2633 2210 2696 2263 Εἰ
2718 2209 2809 2267 κδὲ
2854 2209 3142 2280 διέστησαν
3194 2207 3292 2262 ἀπ’
3340 2206 3588 2277 ἀλλήλων
3656 2205 3756 2258 καὶ

500 2303 903 2374 ἐμερίσθησαν,
956 2303 1137 2357 πάντα
1171 2302 1238 2357 ἂν
1286 2304 1470 2368 αὐτοῖς
1521 2306 1616 2359 καὶ
1666 2303 1961 2368 ἀπολώλει,
2032 2302 2126 2355 καὶ
2159 2300 2334 2364 οὐδεὶς
2370 2303 2697 2355 ἐπίστευσεν
2726 2301 2870 2356 οὕτω
2915 2303 3037 2355 κατ’
3069 2300 3318 2371 ἀλλήλων
3374 2296 3759 2370 μαινομένοις*

496 2397 685 2469 ὥσπερ
728 2393 822 2452 οὖν
888 2398 982 2451 καὶ
1035 2395 1231 2451 πολλοῦ
1286 2396 1564 2469 θαύματος
1633 2397 1831 2460 αὐτοὺς
1892 2393 2067 2449 ἐποίει
2099 2393 2284 2460 ἀξίους

495 2493 675 2566 ψυχὴν
703 2494 854 2564 μίαν.

579 2584 740 2639 Vnus.
771 2584 956 2645 56-58.
997 2603 1016 2637 ι
1054 2583 1197 2642 Dicit
1239 2587 1287 2640 ei
1320 2587 1507 2642 Simon
1538 2584 1755 2642 ‘Petrus
1788 2602 1803 2640 :
1836 2582 2084 2646 Domine,

498 2691 605 2746 quo
635 2676 832 2730 vadis?
866 2676 1159 2747 Respondit
1189 2678 1239 2732 ei
1265 2675 1423 2732 Jesus
1457 2695 1472 2733 :
1503 2677 1621 2744 Quo
1656 2690 1757 2746 ego
1784 2675 1943 2739 vado,
1977 2686 2084 2726 non

2365 2394 2423 2448 τὸ
2480 2393 2620 2449 εἶναι
2665 2394 3195 2466 τῶνυπιστευόντων
3235 2393 3334 2465 τὴν
3383 2392 3609 2461 καρδίαν
3668 2392 3768 2447 καὶ

2267 2601 2287 2635 ι
2319 2582 2482 2650 Λέγει
2513 2581 2661 2653 αύτῷ
2678 2581 2861 2653 Σίμων
2891 2582 3125 2653 Πέτρος’
3154 2578 3346 2651 Κύριε,
3373 2575 3475 2631 ποῦ
3496 2576 3764 2646 ύπάγειςς

2201 2675 2499 2747 Ἀπεκρίθη
2548 2675 2697 2746 αύτῷ
2725 2678 2752 2728 ὁ
2792 2674 3030 2746 Ἰησοῦς·
3069 2673 3243 2725 Ὅπου
3294 2670 3406 2739 ἐγὼ
3449 2669 3669 2738 ὑπάγω,
3703 2668 3765 2720 ού

497 2782 653 2838 putes
682 2785 767 2822 tne
796 2784 937 2822 nunc
969 2770 1122 2838 sequi
1159 2770 1443 2838 :sequeris
1479 2777 1660 2823 autem
1698 2775 1905 2838 postea.
1949 2757 2079 2819 Ditil

2187 2767 2413 2822 δύνασαί
2447 2786 2536 2837 μοι
2567 2767 2663 2822 νῦν
2691 2766 3052 2837 ἀκολουθῆσαι
3072 2780 3087 2795 ⁶
3122 2764 3349 2835 ὕστερον
3380 2763 3436 2816 δὲ
3464 2761 3771 2831 ἀκολουθῇ·-

499 2860 547 2913 ei
572 2857 760 2911 Petrus
786 2879 797 2911 ;
820 2855 1069 2924 Domine,
1094 2871 1262 2926 quare
1293 2872 1396 2911 non
1420 2872 1640 2928 possum
1660 2867 1710 2911 te
1734 2855 1885 2924 sequi
1910 2839 2089 2908 nunc?

499 2951 735 3005 animam
770 2964 944 3002 meam
991 2964 1088 3020 pro
1122 2958 1173 3003 te
1204 2964 1424 3020 ponam.
1475 2950 1770 3020 Respondit
1800 2964 1847 3004 et
1877 2947 2040 3003 Jesus
2068 2965 2080 3001 :

500 3041 750 3095 Animam
802 3050 947 3095 tuam
996 3057 1093 3110 pro
1141 3056 1228 3098 me
1280 3042 1483 3113 pones?
1524 3044 1717 3108 Amen,
1765 3054 1922 3096 amen
1965 3041 2085 3096 dico

517 3131 634 3197 tibi,
675 3147 780 3187 non
809 3142 967 3187 canet
1015 3132 1208 3201 gallus,
1260 3136 1433 3189 donec
1487 3145 1569 3191 ter
1605 3150 1690 3190 me
1720 3135 2020 3204 negaveris.
2058 3151 2079 3185 ι

2190 2878 2305 2926 σεις
2341 2878 2452 2930 μοι.
2486 2863 2649 2930 Λέγει
2676 2860 2821 2931 αὐτῷ
2855 2861 3090 2931 Πέτρος·
3127 2856 3323 2927 Κύριε,
3349 2855 3491 2909 διατί
3513 2855 3571 2907 ού
3602 2853 3767 2906 δύνα-

2191 2955 2288 3024 μαί
2318 2971 2398 3007 σοι
2426 2953 2789 3025 ἀκολουθῆσαι
2819 2953 2977 3023 ἄρτι;
3010 2949 3109 3022 τὴν
3137 2950 3318 3020 ψυχήν
3355 2965 3454 3019 μου
3490 2946 3631 3017 ὑπὲρ
3666 2943 3766 2998 σοῦ

2189 3047 2360 3116 θήσω.
2403 3044 2706 3116 Ἀπεκρίθη
2753 3045 2902 3115 αὐτῷ
2935 3044 2962 3097 ὁ
3007 3041 3243 3113 Ἰησοῦςο
3276 3041 3388 3113 Τὴν
3443 3039 3624 3111 ψυχήν
3669 3055 3768 3091 σου

2189 3140 2329 3211 ὑπερ
2376 3139 2510 3211 ἐμοῦ
2546 3140 2770 3210 θήσεις;
2821 3136 3015 3207 Ἀμὴν,
3066 3135 3214 3206 ἀμὴν
3255 3132 3398 3201 λέγω
3443 3148 3546 3196 σοι,
3580 3129 3641 3183 ού
3688 3130 3769 3201 μὴ

509 3224 706 3280 Petrus
755 3240 865 3295 prae
912 3224 1082 3280 multo
1126 3227 1340 3282 fervore
1390 3226 1561 3298 magis
1604 3241 1843 3297 praeceps
1876 3224 2079 3291 factus,

2190 3235 2437 3304 ἀλέκτωρ
2490 3234 2740 3305 φωνήσῃ,
2777 3232 2880 3294 ἐως
2907 3226 2968 3285 οὗ
3001 3226 3297 3300 ἀπαρνήσῃ
3346 3244 3413 3297 με
3452 3225 3594 3296 τρίς.
3638 3240 3656 3274 ι
3709 3222 3769 3276 '0

500 3317 593 3387 qui
630 3318 916 3371 audiverat
951 3318 1236 3374 Dominum
1266 3321 1561 3384 dicentem,
1598 3339 1617 3372 ι
1654 3319 1775 3387 Quo
1806 3335 1906 3391 ego
1926 3321 2084 3386 vado,

500 3424 598 3466 vos
618 3425 725 3466 non
746 3412 973 3481 potestis
1001 3412 1222 3469 venire:
1256 3430 1275 3465 ι
1305 3413 1621 3484 interrogat,
1651 3431 1669 3465 ι
1702 3413 1820 3481 Quo
1840 3413 2033 3469 vadis?
2061 3431 2080 3466 ι

499 3504 653 3573 quasi
707 3505 894 3559 dicens
939 3505 1154 3560 Christo
1190 3522 1204 3559 :
1240 3506 1373 3571 Qua:
1423 3506 1524 3561 ista
1559 3516 1641 3560 est
1670 3506 1755 3559 via
1795 3521 1956 3576 quam
1986 3519 2087 3573 ego

501 3596 734 3672 transire
789 3611 895 3651 non
943 3598 1204 3667 possum?
1244 3595 1362 3652 Non
1412 3599 1558 3652 enim
1608 3597 1850 3655 discendi
1906 3598 2088 3654 animo

498 3689 815 3760 interrogat,
857 3692 951 3745 sed
982 3690 1192 3746 occulte
1222 3691 1324 3746 hoc
1369 3690 1763 3760 subsigniticat,
1797 3690 1939 3760 quod
1973 3690 2086 3745 Etsi

498 3780 866 3838 diliicillimam
890 3784 1128 3837 omnium
1153 3784 1294 3837 viam
1323 3782 1772 3854 transiturus,sis,
1794 3793 1844 3839 te
1868 3798 2084 3853 sequar.

448 3888 465 3911 ι
504 3872 585 3928 lla
627 3887 845 3941 semper
892 3888 1014 3927 cum
1055 3874 1274 3930 Christo
1302 3889 1426 3930 esse
1451 3876 1688 3931 amabat.
1735 3873 1862 3932 Ideo
1886 3888 1941 3931 et
1971 3877 2088 3947 ipse

497 3965 568 4018 ad
614 3974 851 4019 mentem
904 3963 1020 4033 ejus
1071 3965 1368 4035 respondit,
1402 3981 1421 4016 ι
1457 3964 1574 4020 Non
1622 3976 1775 4036 potes
1799 3968 1911 4039 ;me
1942 3981 2086 4023 nunc

508 4056 682 4126 sequi,
716 4067 900 4125 postea
942 4069 1123 4112 autem
1173 4058 1440 4128 sequeris.
1476 4076 1495 4110 ι
1532 4057 1601 4113 At
1632 4059 1719 4114 ille
1748 4060 1821 4115 ita
1855 4069 2089 4113 temera-

500 4152 630 4206 rius
677 4150 758 4218 ﬁt,
789 4162 848 4207 ut
874 4151 1273 4207 contradiceret
1322 4151 1541 4208 Christo
1572 4161 1627 4207 et
1664 4167 1769 4207 non
1799 4163 2087 4209 contentus

495 4244 733 4301 oblatam
777 4260 898 4300 esse
927 4260 1077 4315 Spem
1122 4245 1318 4302 bonam
1364 4245 1511 4316 quod
1561 4256 1745 4316 postea
1799 4256 2087 4303 secuturus

502 4347 670 4403 esset,
724 4347 879 4408 urget
913 4336 1269 4408 pertinaciter
1300 4356 1314 4394 :
1353 4354 1373 4389 ι
1412 4337 1593 4404 Quare
1628 4355 1734 4395 non
1781 4352 2001 4409 possum
2032 4349 2086 4397 te

499 4431 665 4509 modo
700 4429 894 4500 sequi?
923 4430 1161 4485 animam
1198 4446 1377 4487 meam
1408 4447 1505 4501 pro
1531 4444 1584 4487 te
1611 4447 1829 4502 ponam.
1870 4452 1889 4486 ι
1928 4432 2086 4490 Vides

498 4523 903 4579 vehementiam
936 4523 1246 4580 desiderii?
1278 4523 1416 4592 Quia
1468 4524 1755 4581 Dominum
1803 4526 2084 4582 audiverat

496 4616 764 4671 dicentem
791 4613 876 4672 M’:
916 4636 934 4668 ι
976 4616 1236 4688 Majorem
1287 4617 1391 4673 hac
1419 4617 1742 4674 charitalem
1770 4617 1934 4690 697
1963 4620 2082 4674 titil-

499 4707 582 4763 lus
613 4707 798 4773 habet,
824 4723 985 4778 quam
1018 4720 1076 4764 ut
1103 4711 1339 4764 animam
1376 4725 1529 4766 suam
1569 4720 1733 4780 ponat
1760 4728 1858 4781 pro
1891 4712 2080 4769 amicis

496 4802 611 4857 suis
645 4816 659 4855 :
700 4819 720 4854 ι
761 4802 1036 4857 desiderat
1084 4817 1233 4877 nunc
1272 4802 1415 4858 hunc
1448 4803 1676 4873 gradum
1709 4812 1763 4858 et
1802 4803 2077 4875 fastigium

495 4892 805 4959 charitatis;
826 4904 880 4948 et
901 4892 1020 4949 ideo
1036 4893 1317 4964 pollicetur
1331 4895 1564 4950 animam
1585 4911 1736 4950 suam
1764 4912 1964 4965 ponere
1981 4912 2080 4967 pro

495 4982 744 5042 Domino.
767 4984 937 5056 Igitur
955 4984 1207 5041 Salvator
1228 4986 1487 5055 ostendit,
1508 4989 1650 5057 quod
1681 4988 1783 5043 hoc
1809 4990 1890 5044 sui
1915 4991 2082 5046 solius

494 5086 551 5133 et
574 5091 683 5134 non
713 5077 1032 5149 cujusquam
1060 5077 1296 5135 hominis
1326 5078 1414 5147 sit,
1450 5080 1574 5134 talia
1604 5096 1725 5134 cum
1760 5083 2080 5138 auctoritate

496 5172 739 5242 polliceri
774 5186 790 5226 :
821 5180 880 5227 et
917 5173 1072 5239 dicit,
1109 5190 1128 5225 ι
1165 5171 1486 5243 Priusquam
1537 5174 1712 5245 gallus
1760 5184 1939 5242 canat,
1999 5186 2080 5231 ter

496 5262 721 5333 negabis
765 5279 892 5320 me:
925 5283 945 5317 ι
982 5265 1085 5321 hoc
1138 5273 1251 5332 est,
1313 5280 1706 5337 nunc:neque
1762 5268 1906 5323 enim
1960 5275 2080 5322 erat

498 5367 750 5424 magnum
793 5355 1154 5411 intervallum.
1188 5355 1517 5427 Intempesta
1550 5358 1692 5413 enim
1729 5368 1886 5413 nocte
1910 5358 2079 5412 disse-

499 5444 674 5511 rebat,
717 5454 771 5499 et
814 5459 934 5500 cum
991 5447 1164 5517 prima
1215 5462 1281 5503 ac
1319 5449 1553 5503 secunda
1609 5448 1852 5503 custodia
1905 5447 2080 5502 noctis

501 5536 815 5592 transierat.
844 5538 978 5606 Quia
1009 5538 1175 5611 igitur
1205 5556 1398 5611 magna
1424 5541 1660 5596 Charitas
1698 5541 2078 5595 contradicen-

496 5634 604 5684 teut
653 5628 870 5687 Petrum
927 5632 1098 5699 fecit,
1151 5633 1475 5690 charitatem
1525 5634 1741 5704 quidem
1793 5634 2078 5705 approbat,

2193 3329 2396 3401 Πέτρος
2425 3326 2532 3381 ἀπὸ
2554 3325 2758 3395 πολλῆς
2792 3323 3126 3395 θερμότητος
3153 3321 3587 3391 προπετέστερος
3612 3315 3772 3386 γενό-

2191 3438 2385 3493 μενος,
2443 3418 2632 3489 ἐπειδὴ
2681 3418 2882 3489 ἡκουσε
2926 3414 3022 3469 τοῦ
3072 3413 3280 3483 Κυρίου
3346 3412 3629 3474 εἰπόντος,
3681 3410 3769 3462 ὅτι

2194 3526 2214 3562 t
2258 3509 2433 3562 Ὅπου
2476 3506 2586 3575 ἐγὼ
2637 3507 2855 3575 ὑπάγω,
2897 3505 3057 3575 ὑμεῖς
3100 3504 3162 3558 ού
3207 3502 3438 3556 δύνασθε
3491 3500 3704 3567 ἐλθεῖν,
3743 3520 3762 3553 ι

2186 3600 2367 3671 ἐρωτᾷ
2387 3616 2401 3631 ’
2428 3618 2447 3652 ‹
2472 3599 2581 3653 Ποῦ
2606 3598 2835 3668 ὑπάγεις
2855 3616 2870 3665 ;
2896 3617 2915 3649 ι
2937 3598 3139 3650 ὡσανεὶ
3160 3594 3319 3649 τοῦτο
3333 3596 3508 3664 λέγων
3528 3594 3605 3666 τῷ
3632 3595 3771 3666 X9:-

2191 3690 2332 3762 στῷ’
2381 3690 2516 3743 Ποία
2554 3690 2672 3753 ὁδός
2714 3690 2862 3742 ἐστιν
2907 3686 3068 3758 αὕτη,
3104 3689 3171 3760 ἢν
3200 3686 3261 3739 ού
3305 3685 3606 3756 δυνήσομαι
3652 3684 3768 3753 ἐγὼ

2187 3784 2393 3850 ἐλθεῖν;
2447 3783 2522 3836 Oti
2565 3783 2673 3853 γὰρ
2728 3781 2924 3852 μαθεῖν
2979 3779 3302 3852 βουλόμενος
3348 3777 3507 3832 τοῦτο
3559 3778 3766 3848 ἐρωτᾷ,

2187 3874 2323 3930 ἀλλά
2374 3874 2774 3947 κεκρυμμένως
2803 3874 2962 3927 τοῦτο
3001 3858 3279 3942 ύτῶδηλοῖ,
3311 3872 3391 3926 ὅτι
3422 3871 3540 3927 Κᾶν
3574 3871 3769 3924 πασῶν

2185 3968 2601 4040 δυσκολωτέραν
2631 3966 2753 4023 ὁδὸν
2786 3966 3000 4039 μέλλεις
3030 3965 3225 4031 ἐλθεῖν,
3264 3963 3617 4035 ἀκολουθήσω
3648 3979 3765 4017 σοι·

2187 4061 2360 4126 οὕτως
2388 4063 2577 4132 ἠγάπα
2606 4060 2692 4114 ἀεὶ
2720 4062 2957 4115 συνεῖναι
2986 4058 3065 4130 τῷ
3094 4057 3337 4128 Χριστῷ.
3369 4057 3458 4110 Διὸ
3483 4056 3577 4110 καὶ
3602 4056 3771 4120 αὐτὸς

2188 4154 2325 4226 πρὸς
2352 4153 2448 4225 τὴν
2473 4152 2709 4207 διάνοιαν
2737 4151 2904 4205 αὐτοῦ
2940 4151 3295 4222 ἀποκρίνεται
3319 4164 3334 4180 ·
3370 4167 3390 4201 ι
3426 4149 3502 4203 Οὐ
3533 4148 3767 4203 δύνασαί

2191 4263 2283 4318 μοι
2303 4246 2398 4301 νῦν
2425 4246 2790 4316 ἀκολουθῆσαι
2811 4261 2828 4280 ο
2854 4242 3081 4315 ὔστερον
3109 4243 3164 4296 δὲ
3191 4242 3578 4314 ἀκολουθήσεις
3608 4260 3723 4312 μοι.
3741 4262 3759 4294 ι

2201 4340 2259 4394 '0
2294 4339 2351 4393 δὲ
2378 4339 2522 4394 οὕτω
2569 4338 2988 4410 προπετεύεται,
3041 4338 3182 4392 ὥστε
3230 4339 3324 4392 καὶ
3375 4340 3653 4392 ἀντειπεῖν
3686 4338 3766 4409 τῷ

2186 4436 2428 4509 Χριστῷ.
2460 4437 2573 4491 Οὐκ
2594 4436 2882 4509 ἀρκεσθεὶς
2901 4437 3007 4505 γὰρ
3028 4436 3087 4488 τὸ
3110 4433 3175 4507 [ι’.
3204 4432 3305 4506 τῷ]
3329 4433 3574 4506 χρηστὰς
3603 4434 3763 4487 ἐλπξο

2185 4532 2281 4593 δας
2310 4530 2517 4596 λαϐεῖν,
2557 4529 2641 4583 ὅτι
2676 4528 2904 4597 ὕστερον
2955 4526 3343 4598 ἀκολουθήσει,
3397 4525 3648 4597 ἐπιμένει
3690 4530 3762 4600 τῇ

2188 4623 2463 4687 ἐνστάσει,
2492 4623 2587 4676 καὶ
2617 4620 3001 4684 αὐθαδιάζεται
3023 4636 3037 4650 ’
3077 4639 3095 4673 ι
3138 4620 3289 4673 Διατί
3318 4620 3378 4673 οὐ
3412 4619 3649 4691 δύναμαί
3677 4636 3763 4674 σοι

2185 4712 2584 4783 ἀκολουθῆσαι;
2646 4711 2748 4784 τὴν
2800 4711 2981 4782 ψυχήν
3036 4728 3138 4780 μου
3194 4711 3335 4781 ὑπὲρ
3383 4710 3480 4764 σοῦ
3525 4710 3698 4781 θήσω.
3738 4730 3758 4764 ο

2188 4806 2331 4878 Ὅρα
2361 4806 2699 4876 σφοδρότητα
2729 4804 2896 4859 πόθου
2917 4820 2931 4835 ·
2978 4805 3194 4875 Ἐπειδὴ
3224 4804 3389 4877 ἦκουε
3420 4803 3513 4857 τοῦ
3550 4806 3760 4876 Κυρίου

2185 4898 2453 4963 εἰπόντος,
2483 4898 2566 4951 ὃτι
2601 4916 2620 4951 t
2652 4896 2894 4962 Μείζονα
2931 4896 3134 4968 ταύτης
3170 4897 3389 4967 ἀγάπην
3419 4897 3594 4959 οὐδεὶς
3621 4897 3759 4968 ἔχει,

2184 4992 2219 5062 ἢ
2243 4992 2329 5044 ἴνα
2355 5008 2438 5054 τις
2465 4991 2564 5061 τὴν
2583 4991 2759 5061 ψυχὴν
2780 4990 2945 5044 αὑτοῦ
2968 4993 3032 5063 θῇ
3058 4990 3198 5061 ὑπὲρ
3216 4989 3309 5043 τού
3342 4990 3495 5060 φίλου
3512 4989 3700 5057 αὑτοῦ,
3731 5009 3751 5041 ι

2186 5083 2400 5151 ἐφίεται
2430 5083 2616 5137 λοιπὸν
2649 5082 2840 5136 τούτου
2868 5082 2962 5137 τού
2992 5081 3227 5154 βαθμοῦ,
3263 5083 3357 5135 καὶ
3382 5083 3481 5153 τῆς
3514 5082 3759 5153 ἀκροτά-

2185 5191 2285 5244 της
2313 5173 2554 5244 ἀγάπης,
2595 5173 2676 5228 διὸ
2720 5174 2817 5227 καὶ
2857 5174 3199 5244 ὑπισχνεῖται
3232 5172 3401 5227 θεῖναι
3438 5172 3536 5244 τὴν
3573 5172 3755 5243 ψυχὴν

2185 5265 2351 5320 αὑτοῦ
2393 5266 2534 5337 ὑπὲρ
2570 5265 2664 5319 τοῦ
2716 5265 2945 5339 Κυρίου.
3002 5266 3063 5320 ὐ
3088 5267 3265 5319 τοίνυν
3310 5266 3500 5337 Σωτὴρ
3541 5266 3755 5328 δεικνὺς

2185 5357 2356 5429 αὐτῷ,
2379 5360 2459 5412 ὅτι
2489 5359 2655 5414 αὐτοῦ
2684 5359 2847 5430 μόνου
2878 5358 3018 5426 ἐστὶ,
3037 5358 3130 5411 καὶ
3153 5359 3253 5413 οὐκ
3275 5357 3564 5429 ἀνθρώπου
3587 5358 3750 5422 τινὸς,

2184 5450 2246 5503 τὸ
2281 5450 2504 5503 τοιαῦτα
2551 5451 2691 5520 μετὰ
2745 5451 3032 5514 αὐθεντίας
3083 5451 3541 5519 ἐπαγγέλλεσθαι,
3583 5449 3749 5520 φησίτ

2193 5561 2210 5595 ι
2254 5543 2387 5612 Πρὶν
2431 5543 2701 5614 ἀλέκτορα
2763 5542 3030 5612 φωνῆσαι,
3087 5543 3206 5614 τρὶς
3249 5544 3543 5614 ἀπαριήσῃ
3579 5560 3646 5612 με
3672 5558 3686 5573 ·
3725 5560 3744 5594 ι

2187 5635 2451 5701 τουτέστι,
2483 5635 2598 5689 νῦν.
2638 5635 2771 5688 usas
2796 5634 2905 5706 γὰρ
2932 5633 2997 5705 ἦν
3024 5619 3156 5689 πολὺ
3190 5636 3246 5689 τὸ
3274 5636 3579 5706 δῖάςτημα’
3610 5634 3751 5703 ἀωρὶ

575 5811 624 5848 ⁵⁸
671 5809 846 5871 Levit.
879 5832 994 5885 nx,
1024 5815 1114 5871 l8.
1191 5815 1237 5848 “
1264 5815 1458 5872 Matth.
1495 5831 1625 5883 xxv,
1657 5815 1745 5883 12;
1780 5833 1874 5884 vn,
1904 5815 1994 5872 ἓξ.
2072 5816 2079 5845 ¹

2192 5828 2262 5871 tt.
2292 5832 2365 5885 tv,
2408 5816 2495 5873 5‘2.
2569 5819 2614 5851 ⁸⁸
2642 5818 2801 5877 Joan.
2846 5835 2935 5890 xv,
2974 5820 3062 5876 15.
