4056 6596
273 342 385 423 ιὸι)

911 351 1353 413 ΕΝᾹΠΠΑἸῚΟ
1390 349 1471 411 ΙΝ
1512 345 1885 410 EVANGELl

2003 346 2012 403 ί
2044 343 2387 406 JOANNIS.
2419 368 2486 379 -
2517 344 2672 404 CAP.
2714 342 2866 405 XIV.

3440 310 3545 408 ιτο

270 475 387 544 γὰρ
411 472 523 526 τῶν
570 469 781 525 νυκτῶν
833 468 1126 538 διελέγετο,
1159 471 1255 522 καὶ
1286 468 1479 539 πρώτη
1516 467 1611 521 καὶ
1645 465 1873 536 δευτέρα

2003 460 2458 515 ontradictionem
2518 469 2697 511 autem
2756 463 2966 512 resecat
3002 474 3014 509 :
3053 454 3173 511 ideo
3217 462 3273 511 et
3317 452 3551 512 denudat

270 561 348 636 ἦν
398 562 616 633 φυλακὴ
657 562 758 630 τῆς
806 562 997 623 νυκτὸς
1045 559 1349 613 διελθοῦσα.
1417 559 1568 611 Ἐπεὶ
1614 559 1795 611 τοίνυν
1829 560 1863 629 ὴ

274 655 456 728 πολλὴ
490 656 679 724 ἀγάπη
730 656 823 708 τὸν
860 655 1065 724 Πέτρον
1125 652 1471 720 ἀντιλογικδν
1528 651 1825 722 εἰργάσατο
1851 692 1865 715 ,

275 747 383 817 τὴν
424 747 526 817 μὲν
558 745 783 816 ἀγάπην
832 745 1178 815 ἀποδέχεται,
1209 746 1308 814 τὴν
1332 745 1389 798 δὲ
1420 743 1733 811 ἀντιλογίαν
1769 760 1869 794 πε-

278 837 556 910 ρικόπτει.
578 840 669 891 Διὸ
692 838 786 890 καὶ
812 838 1152 905 ἀπογυνμνοῖ
1166 836 1435 905 αύτδντῆς
1458 835 1568 888 ἄνω
1592 833 1868 905 βοηθείας,

275 936 382 984 καὶ
414 931 657 984 παιδεύει
709 929 1103 998 ἐπιγινώσκειν
1154 928 1254 999 τὴν
1300 927 1610 981 ἀσθένειαν.
1654 925 1716 979 Ei
1760 926 1868 995 γὰρ

279 1024 530 1094 ἀγαπᾷς,
566 1023 815 1091 ὀφείλεις
845 1022 921 1092 τῷ
946 1022 1299 1091 ἀγαπωμένῳ
1341 1020 1642 1071 πείθεσθαι.
1681 1013 1870 1082 Εἶπον,

279 1118 369 1169 δτι
415 1135 431 1167 ι
471 1118 543 1169 Ού
592 1116 840 1181 δύνασαι,
876 1135 895 1167 ι
926 1117 1015 1169 καὶ
1047 1115 1366 1182 ἀντιλέγεις.
1421 1114 1519 1168 Διὰ
1565 1113 1664 1183 τῆς
1698 1115 1872 1183 ἀρνή-

284 1224 429 1271 σεως
465 1210 585 1279 εἴσῃ
641 1210 864 1277 σαφῶς,
911 1210 991 1261 ὅτι
1044 1209 1141 1278 οὐχ
1185 1201 1297 1260 οἶόν
1348 1225 1404 1259 τε
1443 1206 1517 1277 μὴ
1565 1204 1873 1274 γενέσθαιδ

282 1300 457 1367 λέγω.
498 1302 661 1353 Ὥστε
710 1301 1007 1371 κηδόμενος
1053 1298 1242 1363 αὐτοῦ,
1279 1298 1662 1368 συνεχώρησεν
1701 1296 1867 1348 αὐτὸν

285 1396 481 1447 πεσεῖν
504 1409 519 1421 ⁸
549 1394 634 1445 ἵνα
666 1395 759 1447 καὶ
793 1396 850 1445 ὲν
877 1397 986 1456 τοῖς
1019 1394 1159 1463 μετὰ
1184 1392 1378 1456 ταῦτα,
1410 1393 1537 1444 ὅταν
1564 1392 1662 1461 τῆς
1697 1391 1873 1442 οἰκου-

1975 572 2096 610 eum
2158 569 2397 623 superno
2432 553 2658 616 auxilio,
2705 560 2758 606 et
2803 552 2961 607 docet
2991 559 3049 604 ιιι
3093 564 3247 605 suam
3295 560 3554 619 agnoscat

1975 648 2422 704 imbecillitatem.
2476 644 2608 698 Nam
2657 646 2700 698 si
2752 644 2967 713 diligis,
3022 644 3185 698 debes
3242 643 3464 699 obedire
3501 644 3552 699 ei

1972 761 2135 812 quem
2167 743 2363 812 diligis.
2396 741 2509 794 Dixi
2537 740 2675 807 quod
2704 757 2722 789 ι
2753 735 2867 791 Non
2899 739 3091 809 possis,
3133 757 3152 791 ι
3185 737 3550 793 contradicis:

1977 854 2073 906 per
2106 837 2446 906 negationem
2503 835 2679 887 disces
2729 832 3033 897 manifeste,
3082 832 3415 902 impossibile
3446 848 3553 887 non

1980 930 2091 984 ﬁeri
2121 929 2263 999 quod
2314 929 2452 982 dico.
2484 924 2545 980 Et
2579 927 2652 979 ita
2678 942 2866 981 curam
2908 925 3023 994 ejus
3055 942 3269 995 gerens,
3308 927 3557 996 permisit

1974 1036 2095 1073 cum
2146 1023 2380 1083 cadere,
2431 1028 2487 1071 ul.
2532 1026 2585 1073 ct
2638 1029 2818 1086 postea
2877 1017 3025 1071 orbis
3088 1018 3557 1073 administratione

1976 1124 2252 1185 suscepta,
2297 1113 2432 1167 nihil
2463 1114 2567 1167 tale
2597 1111 2928 1181 experiatur,
2971 1111 3062 1165 sed
3091 1123 3348 1181 agnoscat
3384 1128 3465 1167 se.
3490 1113 3558 1167 Et

1976 1207 2097 1260 vide
2134 1205 2402 1274 quomodo
2433 1205 2688 1259 ceciderit
2718 1220 2822 1259 non
2868 1204 3057 1270 semel,
3097 1207 3193 1258 sed
3222 1214 3324 1259 ter.
3355 1204 3430 1259 lta
3460 1206 3557 1261 de»

1976 1299 2187 1352 relictio
2246 1297 2336 1353 Dei
2395 1307 2639 1352 nostram
2692 1297 2873 1368 arguit
2934 1297 3426 1365 itttirmitatem;ct
3463 1298 3558 1366 qui

1977 1389 2227 1454 attendit,
2260 1392 2360 1444 hoc
2387 1390 2588 1443 invenit
2617 1390 2931 1444 benelicium
2961 1390 3274 1444 maximum.

289 1490 466 1557 μένης
495 1484 592 1556 τὴν
640 1488 954 1557 οίκονομίαν
1003 1486 1351 1555 ἀναδέξηται,
1387 1483 1463 1556 μὴ
1497 1484 1642 1555 πάθῃ
1698 1481 1875 1545 τοῦτο,
1908 1481 2023 1534 ἀλλ’
2074 1480 2414 1555 ἒπιγινὼσκῃ
2465 1482 2677 1535 ἑαυτόν.
2727 1481 2838 1533 Καὶ
2895 1481 2997 1552 δρα
3026 1479 3142 1541 πῶς
3182 1479 3399 1541 ἔπεσεν,
3460 1481 3562 1552 οὐχ

286 1579 464 1647 ἅπαξ,
503 1578 637 1631 ἀλλὰ
681 1578 828 1649 τρίς.
870 1577 1058 1639 Οὕτως
1096 1579 1131 1648 ἠ
1166 1575 1553 1645 ἑγκατάλειιζμις
1600 1572 1694 1626 τοῦ
1742 1572 1879 1626 Θεοῦ
1911 1572 2010 1643 τὴν
2064 1573 2348 1627 ἀσθένειαν
2380 1574 2564 1645 ήμῶνη
2593 1573 2824 1644 ἐλέγχει,
2858 1576 2950 1627 καὶ
3003 1577 3031 1627 6
3062 1572 3370 1644 προσέχων,
3414 1574 3564 1647 εὑρί-

290 1693 419 1729 σκει
453 1678 659 1745 ταύτην
694 1674 1011 1747 εὐεργεσίαν
1048 1673 1332 1746 μεγίστην.

896 1794 1151 1847 ΚΕΦΔΛ.
1192 1795 1291 1846 1Δ’.

288 1887 436 1954 Περὶ
467 1884 635 1953 Θωμιῖ
660 1882 1027 1953 ἀγνοοῦντος
1048 1884 1165 1938 ποῦ
1189 1882 1406 1948 ὑπάγει
1427 1884 1467 1954 ῤ
1483 1881 1719 1949 Κύριος.

373 1949 481 2008 τοῦ
522 1949 720 2008 ’Ῑούδιὶ
784 1954 890 2007 τοῦ
934 1949 1226 2007 Θιιδδαίου
1267 1949 1598 2022 ἐρωτῶντος
1632 1954 1740 2004 τὸν
1763 1951 1884 2014 ’1η-

369 2025 555 2080 σοῦν.
590 2026 727 2092 Περὶ
761 2024 868 2078 τοῦ
902 2023 1319 2092 Παρακλήτου.
1730 2032 1737 2041 ’

374 2156 395 2189 ι
422 2138 516 2207 Μὴ
543 2136 904 2206 ταρασσέσθω
949 2136 1103 2206 ὑμῶν
1133 2137 1167 2208 ἡ
1198 2136 1396 2207 καρδία
1418 2152 1433 2167 ·
1473 2135 1759 2190 πιστεύετε
1806 2137 1888 2195 εἰς

292 2231 393 2282 τὸν
426 2229 582 2290 Θεὸν,
611 2231 707 2282 καὶ
732 2229 812 2292 εἰς
840 2229 939 2300 ἐμὲ
971 2229 1283 2284 πιστεύετε.
1319 2252 1338 2282 ι
1381 2229 1604 2300 Ἐπειδὴ
1635 2230 1781 2291 εἰκὸς
1821 2223 1889 2296 ἦν

294 2324 502 2384 αὐτοὺς
533 2325 613 2386 εἰς
644 2323 890 2393 ταραχὴν
926 2324 1207 2394 ἐμπεσεῖν,
1249 2321 1595 2385 ἀκούσαντας
1634 2322 1765 2392 περὶ
1796 2321 1888 2373 τοῦ

297 2418 605 2489 κορυφαίου
639 2417 873 2486 Πέτρου,
903 2417 984 2470 δτι
1025 2415 1347 2486 ἀρνήσεται,
1383 2414 1474 2468 διὰ
1504 2412 1667 2467 τοῦτο
1706 2431 1889 2483 παρα-

302 2509 563 2578 μυθεῖται
609 2507 832 2570 αὐτοὺς,
862 2506 955 2559 καὶ
1004 2505 1359 2561 καταστέλλει
1395 2506 1495 2576 τὴν
1536 2506 1636 2571 τῆς
1665 2505 1893 2575 καρδίας

298 2601 573 2670 ταραχήν.
605 2600 668 2652 Εἰ
692 2599 804 2671 γάρ
833 2601 860 2652 6
892 2602 1185 2669 κορυφαῖος
1211 2599 1304 2651 καὶ
1323 2596 1469 2651 οὕτω
1498 2596 1759 2667 διάπυρος
1787 2596 1893 2667 πρὸ

303 2692 600 2760 ἀλέκτορος
626 2692 810 2760 ςρωνῆς
836 2690 955 2760 τρὶς
987 2690 1214 2760 ἔμελλεν
1247 2689 1697 2760 ἀπαρνήσασθαι,
1730 2690 1895 2758 μεγά-

301 2783 411 2851 λην
460 2783 584 2835 τινά
633 2784 956 2851 περίστασιν
1016 2782 1218 2845 αὐτοὺς
1261 2781 1407 2845 εἰκὸς
1452 2777 1521 2852 ἦν
1567 2780 1891 2853 προσδοκᾷν.

307 2873 443 2927 Εἶτα
493 2874 683 2946 ὥσπερ
735 2875 1000 2929 εἰπόντων
1043 2874 1151 2928 τῶν
1193 2874 1495 2945 μαθητῶν·
1529 2873 1641 2927 Καὶ
1687 2872 1802 2936 πῶς
1832 2872 1893 2925 οὺ

303 2968 778 3039 ταραχθησόμεθα
851 2968 1129 3032 τοιαύταις
1210 2968 1499 3038 μέλλοντες
1583 2966 1893 3029 δυσκολίαις

304 3060 645 3128 ἐμπίπτει-ις
691 3061 860 3131 φησί·
903 3078 921 3111 ι
960 3059 1251 3114 Πιστεύετε
1281 3060 1360 3121 εἰς
1386 3059 1478 3111 τὸν
1520 3059 1670 3124 Θεὸν,
1707 3058 1797 3112 καὶ
1818 3060 1897 3121 εἰς

304 3154 413 3223 ἐμὲ
446 3153 758 3217 πιστεύετε,
797 3172 815 3205 ι
854 3154 949 3207 καὶ
988 3152 1164 3207 πάντα
1207 3152 1278 3205 τά
1305 3150 1545 3223 δυσχερῆ
1579 3152 1709 3222 ὑμῖν
1737 3150 1899 3222 λυθή-

309 3260 491 3308 σεται,
527 3244 621 3297 καί
646 3246 681 3317 ἡ
713 3245 925 3316 ταραχὴ
958 3244 1425 3317 κατασταλήσεται
1454 3245 1540 3296 διὰ
1576 3243 1676 3313 τῆς
1705 3246 1786 3307 εἰς
1806 3243 1897 3296 τὸν

2574 1786 2804 1845 CAPUT
2833 1786 2972 1844 XIV.

1994 1879 2067 1934 De
2119 1876 2319 1935 Thonta
2367 1882 2643 1947 ignorante
2694 1898 2796 1949 quo
2845 1882 3013 1936 abiret
3067 1881 3245 1935 Jews.
3303 1879 3375 1936 De
3417 1880 3566 1941 Iuda

2061 1950 2335 2074 (Tltaddu'o
2382 1952 2738 2006 interroamtce
2775 1950 2979 2008 Jcsum.
3023 1953 3097 2006 De
3128 1951 3331 2019 Spiritu
3380 1968 3568 2010 causa-

2082 2034 2245 2074 atate.

2082 2034 2245 2075 αιοιε.

2061 2136 2231 2192 Vens.
2266 2138 2318 2191 1.
2360 2156 2378 2189 ι
2418 2136 2534 2193 Non
2566 2139 2810 2194 turbetur
2844 2158 2937 2197 cor
2965 2156 3237 2214 vestrum;
3269 2151 3490 2207 creditis
3512 2152 3565 2206 itt

1991 2228 2183 2294 Deum,
2214 2242 2269 2285 et
2299 2231 2350 2285 itt
2387 2247 2472 2286 nte
2502 2234 2726 2288 credite.
2764 2253 2783 2285 ι
2819 2233 3086 2301 Quoniam
3137 2242 3427 2299 verisimile
3451 2253 3569 2299 erat

1994 2323 2114 2376 illos
2170 2326 2411 2378 turbatos
2440 2340 2560 2378 esse
2606 2341 2729 2379 cum
2771 2330 3095 2385 audiverunt
3124 2333 3189 2388 de
3233 2335 3393 2390 Petro
3427 2339 3571 2394 inter

1997 2415 2141 2484 ipsos
2168 2415 2426 2482 primario
2467 2418 2608 2485 quod
2636 2430 2930 2486 negaturus
2958 2434 3126 2487 esset,
3163 2426 3281 2482 ideo
3316 2431 3569 2486 consola-

1995 2518 2083 2561 tur
2115 2522 2230 2569 eos,
2267 2517 2315 2560 et
2350 2508 2502 2561 sedat
2529 2511 2771 2562 cordintn
2807 2514 3081 2570 turbellas.
3113 2517 3242 2571 Nam
3273 2536 3392 2574 cum
3424 2525 3572 2592 prin-

1993 2612 2123 2666 ceps
2149 2607 2202 2653 et
2251 2599 2342 2668 qui
2373 2610 2478 2652 tam
2509 2599 2771 2666 fervidus,
2796 2604 3104 2675 priusquam
3136 2611 3306 2674 gallus
3327 2625 3570 2681 caneret,

1999 2700 2083 2744 ter
2130 2705 2425 2761 negaturus
2475 2703 2618 2755 erat,
2676 2695 2967 2751 verisimile
3023 2699 3125 2753 fuit
3178 2719 3421 2772 magnam
3480 2722 3575 2762 eos

1998 2794 2347 2853 exspectasse
2398 2786 2849 2842 vicissitudinem.
2908 2789 3110 2847 Deinde.
3142 2798 3294 2864 quasi
3332 2798 3577 2854 dicerent

2004 2874 2277 2944 discipuli,
2332 2874 2396 2928 Et
2429 2878 2699 2947 quomodo
2728 2894 2831 2932 non
2865 2880 3205 2938 turbabimur
3228 2902 3347 2940 cum
3378 2888 3431 2941 in
3461 2899 3579 2943 tart-

2000 2975 2082 3020 tas
2130 2967 2480 3024 iueiderimns
2526 2970 2909 3027 diﬂicultates?
2949 2975 3123 3045 inquit
3158 2995 3170 3032 :
3204 2997 3222 3029 ι
3263 2977 3497 3036 Creditis
3522 2983 3575 3037 in

1999 3057 2189 3123 Deum,
2217 3072 2271 3113 et
2303 3061 2356 3114 itt
2405 3078 2491 3116 tne
2527 3065 2755 3130 credite,
2798 3084 2815 3115 ι
2848 3076 2903 3119 et
2930 3083 3119 3123 omnes
3172 3073 3332 3125 vestri
3370 3072 3579 3131 labores

1999 3152 2299 3218 solventur,
2348 3168 2404 3210 et
2434 3158 2672 3211 turbatio
2726 3159 3005 3214 sedabitnr
3060 3176 3283 3232 propter
3329 3167 3486 3222 [idem
3524 3169 3579 3222 in

2003 3246 2168 3301 Deum
2198 3258 2253 3303 et
2284 3249 2335 3300 in
2368 3262 2472 3302 me.
2502 3246 2686 3317 anue
2714 3262 2938 3321 propter
2956 3254 3122 3306 etiam
3152 3255 3289 3309 dixit
3312 3257 3416 3322 eis,
3451 3277 3471 3311 ι
3501 3258 3582 3314 Ne

307 3336 449 3388 936v
476 3336 573 3387 sui.
617 3338 697 3399 είς
741 3336 839 3406 ἐμὲ
871 3337 1127 3399 πίστεως.
1172 3338 1271 3389 Διὰ
1299 3335 1458 3389 τοῦτο
1482 3339 1591 3404 γάρ
1622 3338 1715 3389 καὶ
1745 3333 1897 3388 εἶπεν

2007 3344 2253 3393 turbetur
2274 3355 2369 3392 cor
2390 3350 2649 3405 vestrum,
2680 3360 2699 3392 ι
2730 3355 2785 3396 ιιι
2804 3341 2969 3396 Deum
2996 3346 3165 3414 ipsum
3191 3364 3312 3403 esse
3336 3351 3582 3417 credant,

308 3429 537 3489 αὐτοῖς,
579 3445 597 3477 ι
638 3427 730 3497 Μὴ
777 3426 1135 3497 ταρασσέσθω
1194 3426 1348 3497 ὑμῶν
1385 3428 1414 3495 ἡ
1462 3426 1699 3497 καρδία,
1741 3444 1760 3476 ι
1815 3424 1900 3478 ἵνα

309 3518 454 3571 Θεὸν
512 3518 675 3571 αὑτὸν
736 3514 875 3572 εἶναι
931 3519 1315 3583 πιστεύσωσιν,
1366 3520 1431 3572 ἐκ
1474 3517 1566 3572 τοῦ
1616 3520 1683 3571 τά
1734 3519 1791 3570 ἐν
1834 3523 1900 3589 τῇ

316 3611 526 3684 καρδίᾳ
555 3611 740 3665 αὐτῶν
786 3612 1004 3679 εἰδέναι,
1037 3612 1246 3665 καὶτὸν
1277 3611 1459 3684 ἁφανῆ
1506 3614 1741 3684 τάραχον
1786 3613 1904 3664 ὲπι-

319 3702 555 3771 γνῶναι.

399 3809 421 3843 ι
469 3792 559 3844 Ἐν
585 3796 651 3863 τῇ
681 3792 830 3864 οἰκία
852 3792 944 3845 τοῦ
974 3793 1184 3864 Πατρός
1214 3812 1316 3864 μου
1343 3793 1501 3864 μοναὶ
1530 3794 1723 3848 πολλαί
1744 3800 1903 3848 εἰσιν.

317 3882 387 3935 Et
409 3883 466 3937 δὲ
500 3889 596 3953 μὴ,
622 3881 776 3937 εἷπον
812 3883 879 3938 ἂν
911 3885 1067 3951 ὑμῖν·
1095 3887 1405 3957 Πορεύομαι
1426 3886 1711 3955 ἑτοιμάσαι
1742 3887 1905 3941 τόπον

319 3977 481 4044 ὑμῖν.
512 3975 619 4028 Καὶ
654 3975 751 4031 ἐὰν
778 3978 1027 4041 πορευθῶ
1053 3980 1341 4050 ἑτοιμάσαι
1371 3980 1536 4033 τόπον
1562 3981 1712 4051 ὑμῖν,
1745 3980 1905 4034 πάλιν

320 4068 582 4137 ἔρχομαι,
615 4070 711 4122 καὶ
742 4069 1131 4141 παραλήψομαι
1161 4072 1325 4142 ὑμᾶς,
1356 4072 1444 4126 ἵνα
1472 4072 1607 4126 ὅπου
1630 4073 1746 4142 είμλ⁵
1773 4072 1904 4140 ἐγὼ,

320 4160 424 4211 καὶ
452 4159 608 4228 ὒμεῖς
629 4155 750 4231 ἦτε.
782 4179 799 4210 ι
827 4156 961 4213 Εῐπε
990 4162 1088 4231 μὲν
1113 4163 1247 4232 πρὸς
1276 4164 1366 4215 τὸν
1392 4163 1598 4233 Πέτρον
1626 4165 1654 4216 6
1675 4162 1905 4233 Κύριος,

321 4249 413 4301 Et:
436 4268 453 4298 ι
480 4246 899 4321 Ἀκολουθήσεις
925 4268 1013 4321 μοι
1039 4250 1267 4322 ὕστερον
1287 4268 1302 4283 ⁸
1333 4271 1349 4303 ι
1378 4253 1464 4305 ἴνα
1487 4253 1545 4306 δὲ
1568 4251 1645 4325 μὴ
1675 4255 1910 4325 νομίσω·

326 4360 423 4396 σιν
436 4343 694 4408 οίλοιποὶ,
726 4345 809 4397 ὅτι
839 4344 1030 4412 ἐκείνῳ
1052 4344 1197 4416 μόνῳ
1220 4344 1296 4415 τῷ
1323 4346 1515 4418 Πέτρῳ
1534 4345 1695 4399 τοῦτο
1725 4346 1906 4417 ἐδόθη,

327 4436 454 4491 ἀλλ’
487 4436 608 4507 οὖχὶ
648 4440 739 4490 καὶ
766 4438 970 4500 αὐτοῖς.
1005 4436 1187 4508 φησίν,
1220 4438 1301 4491 δτι
1328 4442 1435 4494 Καὶ
1465 4439 1610 4510 ὑμᾶς
1645 4442 1851 4503 ἐκεῖνος
1883 4440 1912 4492 ὁ

326 4529 537 4602 χῶρος,
585 4532 614 4583 ό
653 4532 750 4583 καὶ
795 4529 886 4582 τὸν
939 4532 1146 4602 Πέτρον
1193 4531 1620 4602 ὑποδεξάμενος,
1676 4531 1909 4597 δέξεται,

330 4624 482 4676 ὥστε
513 4623 574 4676 ού
607 4623 715 4696 χρὴ
749 4621 1096 4693 θορυῦεῖσθαι
1127 4624 1257 4692 περ)⁵
1284 4626 1448 4678 τόπου
1473 4640 1487 4654 ·
1519 4643 1535 4676 ι
1570 4624 1770 4678 Πολλαὶ
1802 4623 1912 4695 γὰρ

2006 3433 2436 3500 quandoquidem
2476 3432 2883 3505 introspiciebat
2910 3439 3072 3491 corda
3108 3439 3372 3510 ipsorum,
3402 3454 3456 3499 et
3488 3461 3581 3501 oc-

2006 3522 2207 3576 cultam
2236 3524 2701 3594 perturbationem
2737 3532 3117 3595 cogitescebat.

2083 3785 2243 3840 Vens.
2272 3784 2328 3851 9.,
2348 3786 2402 3841 3.
2440 3806 2458 3838 ι
2484 3785 2541 3841 In
2571 3787 2730 3843 domo
2763 3789 2937 3846 Patris
2954 3793 3059 3846 mei
3081 3794 3383 3850 mansiones
3404 3796 3586 3853 multa:

2008 3890 2157 3933 sunt.
2196 3879 2348 3945 Quod
2390 3880 2433 3933 si
2482 3894 2639 3935 secus
2684 3892 2852 3947 esset,
2902 3885 3155 3940 dixissem
3211 3889 3382 3952 vobis,
3435 3888 3586 3943 Vade

2008 3984 2295 4042 paraturus
2343 3973 2497 4028 vobis
2544 3974 2744 4029 locum.
2798 3977 2863 4029 Et
2890 3980 2932 4031 si
2975 3979 3158 4033 abiero
3187 3981 3252 4033 ad
3291 3984 3584 4052 parandum

2007 4064 2160 4120 vobis
2217 4066 2413 4132 locum,
2472 4066 2667 4122 itcrnnt
2718 4070 2923 4123 veniam
2978 4081 3030 4125 et
3069 4089 3343 4128 assumant
3394 4091 3490 4131 vos
3517 4078 3586 4131 ad

2009 4159 2293 4226 meipsnnt,
2352 4168 2411 4212 ttt
2458 4158 2544 4212 ttbi
2599 4174 2715 4212 sunt
2755 4175 2874 4231 ego,
2908 4171 2957 4216 et
2994 4178 3086 4216 vos
3134 4164 3270 4219 sitis.
3315 4185 3333 4216 ι
3372 4166 3590 4223 Dixerat

2009 4250 2223 4318 quidem
2244 4249 2311 4304 ad
2333 4248 2549 4304 Petrum
2575 4250 2856 4319 Dominus,
2888 4273 2906 4304 ι
2934 4252 3191 4323 Sequeris
3215 4274 3299 4311 tne
3320 4270 3534 4325 postea:
3563 4281 3582 4314 ι

2011 4351 2068 4394 ιιι
2090 4351 2268 4397 autem
2294 4358 2360 4397 ne
2386 4352 2575 4413 putent
2595 4344 2774 4399 eteteri
2799 4346 2940 4412 quod
2966 4347 3062 4400 soli
3085 4347 3248 4402 Petro
3278 4352 3379 4405 boc
3404 4350 3587 4405 datum

2012 4433 2103 4495 sit,
2135 4441 2189 4486 et
2213 4449 2316 4488 non
2347 4435 2509 4489 etiam
2532 4435 2682 4504 ipsis,
2709 4435 2884 4505 inquit
2912 4452 2927 4490 :
2957 4437 3018 4491 Et
3042 4453 3138 4493 vos
3160 4441 3418 4510 suscipiet
3444 4444 3592 4510 regio

2014 4527 2104 4580 illa
2134 4543 2254 4594 qua:
2285 4527 2499 4582 Petrum
2537 4541 2828 4599 exceptura
2858 4539 2963 4592 est,
2996 4540 3161 4600 atque
3195 4532 3265 4586 ita
3299 4550 3402 4586 tton
3434 4550 3592 4605 opor-

2015 4630 2089 4675 tet
2118 4621 2510 4693 698turbari
2539 4638 2636 4689 pro
2666 4622 2817 4675 loco:
2852 4641 2870 4673 ι
2904 4620 3082 4678 Multa:
3111 4624 3255 4679 enim
3287 4630 3593 4683 mansiones

336 4712 503 4780 μοναί
537 4713 674 4764 εἰσιν
703 4714 762 4763 ὲν
784 4714 849 4783 τῇ
875 4712 1023 4783 οίκία
1044 4712 1137 4765 τοῦ
1171 4714 1382 4785 Πατρός
1408 4732 1510 4785 μου
1528 4731 1542 4745 ο
1572 4734 1589 4765 ι
1613 4718 1897 4781 τουτέστιν,

2023 4727 2147 4767 sunt
2183 4728 2237 4766 tn
2278 4714 2437 4767 domo
2480 4711 2659 4767 Patris
2686 4714 2831 4777 .ntei,
2872 4732 2892 4765 ι
2926 4714 3029 4768 hoc
3047 4726 3150 4778 est,
3197 4719 3297 4772 sub
3328 4727 3594 4785 p=.testate

334 4804 448 4857 ὑπὸ
477 4805 581 4873 τὴν
614 4803 861 4868 ἐξουσίαν
891 4802 983 4856 τοῦ
1014 4805 1223 4874 Πατρός
1247 4824 1260 4837 ·
1298 4807 1478 4860 οἰκίαν
1508 4806 1617 4878 γὰρ
1646 4808 1746 4876 τὴν
1771 4807 1919 4871 ἔξου-

337 4894 469 4946 σίαν
495 4895 591 4946 καὶ
634 4896 808 4964 ἀρχὴν
841 4895 971 4949 νόει.
1006 4896 1066 4948 El
1098 4895 1155 4948 δὲ
1186 4896 1282 4949 καὶ
1310 4898 1386 4969 μὴ
1419 4892 1563 4968 ἦσαν
1591 4898 1782 4961 οἰκίαι,
1810 4895 1921 4966 ἑγὼ

339 4985 411 5038 ἃν
436 4985 742 5055 ἐπορεύθην
777 4985 872 5039 καὶ
901 4988 1179 5059 ἡτοίμασα
1222 4989 1370 5059 ὑμῖν.
1422 4990 1584 5043 Ὥστε
1624 4990 1719 5043 καί⁸
1745 4990 1922 5059 ἀμφο-

338 5073 583 5139 τέρωθεν
607 5073 667 5125 ού
696 5072 775 5124 δεῖ
800 5074 943 5143 ὑμᾶς
964 5077 1347 5146 ταράττεσθαι,
1383 5077 1492 5132 εἴτε
1528 5080 1667 5132 εἰσιν
1689 5080 1921 5149 ἕτοιμοι,

339 5164 457 5214 εἴτε
492 5168 587 5216 καὶ
622 5165 721 5235 μή.
756 5166 874 5218 Κᾶν
911 5169 1020 5239 γὰρ
1061 5169 1136 5241 μὴ
1164 5163 1299 5223 ὦσιν
1353 5171 1584 5240 ἕτοιμοι,
1629 5169 1740 5240 ἐγὼ
1784 5171 1925 5238 μετὰ

341 5257 529 5327 πάσης
563 5260 796 5329 σπουδῆς
830 5262 1214 5333 προητοίμασα
1241 5263 1307 5317 ἄν
1349 5264 1555 5329 ταύτας
1583 5267 1731 5335 ὑμῖν.
1770 5266 1833 5319 Εἰ
1865 5264 1920 5318 δὲ

340 5351 444 5402 καὶ
480 5350 573 5402 διὰ
595 5352 657 5402 τὸ
702 5353 989 5423 ἑτοιμάσαι
1038 5356 1167 5422 ὑμῖν
1218 5356 1384 5411 τόπον
1424 5358 1752 5430 ἐπορεύθην,
1801 5360 1918 5414 ἀλλ’

339 5440 468 5494 οὐδὲ
484 5442 656 5506 οὕτως
684 5446 871 5515 ἀφῆκα
896 5445 962 5499 ἂν
984 5447 1148 5517 ὑμᾶς,
1172 5448 1307 5501 ἀλλὰ
1333 5450 1640 5519 παρέλαϐον
1667 5449 1754 5514 ἂν,
1783 5470 1803 5503 ι
1833 5452 1919 5504 ἵνα

342 5535 486 5587 ὅπου
513 5535 629 5603 εἰμὶ
657 5537 790 5603 ἐγὼ,
815 5538 906 5590 καὶ
932 5539 1089 5608 ὑμεῖς
1118 5535 1236 5612 ἦτε.
1274 5560 1292 5593 ι
1332 5542 1495 5613 Ὁρᾷς
1523 5543 1917 5613 παρακλήσεως

344 5624 447 5676 καὶ
499 5622 895 5695 ψυχαγωγίαςο
922 5631 1176 5699 ρήματας
1234 5629 1408 5685 Ὀπου
1458 5632 1575 5702 εἰμὶ
1646 5631 1776 5702 ἐγὼ,
1832 5636 1925 5688 καὶ

346 5714 514 5784 ὑμεῖς
546 5718 664 5768 ἐκεῖ
693 5716 901 5771 ἔσεσθε.
931 5720 1042 5771 Οὐκ
1073 5719 1183 5789 ἔχει
1216 5719 1345 5787 γοῦν
1378 5720 1533 5789 λόγον
1560 5723 1622 5775 τὸ
1654 5724 1925 5795 ταράσσε-

351 5808 481 5862 σθαι
516 5811 683 5881 ὑμᾶς,
717 5812 853 5881 εἴγε
888 5813 1005 5882 μετ’
1034 5814 1168 5883 ἐμοῦ
1200 5813 1339 5867 εἶναι
1377 5816 1619 5886 μέλλετε.

644 5905 913 5964 ΡΑτιιοι.
952 5904 1067 5964 Gn.
1108 5905 1397 5978 CXXIV,

2021 4801 2201 4855 Patris
2234 4803 2358 4856 mei.
2389 4800 2491 4855 Per
2535 4803 2753 4855 domum
2790 4813 2970 4857 antetn
3012 4814 3326 4874 potestatem
3356 4817 3411 4863 et
3441 4810 3593 4879 prin-

2023 4890 2259 4961 cipatum
2309 4892 2565 4962 intellige.
2600 4894 2657 4948 Si
2697 4904 2898 4960 autem,
2924 4897 3220 4953 defuissent
3250 4900 3464 4966 domus,
3496 4916 3594 4970 ego

2030 4983 2252 5038 ivissem
2304 4994 2359 5039 et
2394 4999 2669 5052 parassem
2719 4986 2895 5041 vobis.
2943 4987 3004 5041 Et
3058 4989 3127 5042 ita
3184 4991 3436 5059 utrinque
3487 5007 3591 5044 non

2025 5085 2239 5144 oportet
2265 5090 2360 5129 vos
2389 5078 2617 5141 turbari,
2647 5078 2761 5133 sive
2787 5083 2897 5134 sint
2922 5090 3142 5150 paratae,
3170 5083 3283 5137 sive
3314 5099 3418 5135 non
3442 5084 3548 5137 sint
3576 5102 3591 5137 :

2031 5185 2154 5221 nam
2182 5180 2238 5223 et
2261 5170 2306 5223 si
2334 5183 2536 5239 parata;
2580 5186 2684 5226 non
2727 5183 2932 5240 essent,
2970 5189 3069 5243 ego
3090 5176 3235 5229 muni
3260 5175 3439 5230 studio
3461 5191 3599 5245 pra:-

2030 5276 2305 5330 parassem
2351 5264 2524 5317 vobis.
2564 5264 2715 5332 Quod
2756 5268 2801 5319 si
2847 5276 3024 5319 autem
3065 5278 3118 5321 et
3148 5276 3368 5337 propter
3408 5268 3509 5322 hoc
3542 5278 3600 5320 ut

2029 5370 2323 5423 pra'paretn
2352 5357 2502 5410 vobis
2526 5355 2728 5422 locum,
2770 5358 3006 5425 ivissem,
3039 5375 3104 5413 ne
3127 5359 3206 5413 sic
3228 5361 3440 5428 quidettt
3475 5361 3600 5415 reli-

2030 5449 2268 5515 quissem
2302 5463 2416 5508 vos.
2443 5448 2538 5503 sed
2571 5450 2950 5520 suscepissem,
3001 5468 3018 5501 ι
3053 5462 3111 5504 ιιι
3140 5452 3228 5506 ubi
3256 5468 3375 5508 sum
3404 5469 3526 5525 ego,
3546 5463 3603 5510 et

2032 5555 2129 5594 vos
2149 5543 2294 5597 "sitis.
2325 5560 2346 5594 ι
2375 5539 2538 5596 Vides
2559 5543 2942 5597 consolationis
2964 5553 3017 5597 et
3037 5546 3379 5602 animationis
3399 5547 3601 5603 verba?

2035 5631 2135 5687 Ubi
2180 5650 2297 5688 sunt
2337 5650 2459 5704 ego,
2502 5644 2555 5688 et
2596 5650 2691 5690 vos
2723 5634 2833 5689 illic
2877 5634 3049 5701 eritis.
3096 5637 3210 5692 Non
3244 5640 3401 5695 habet
3442 5642 3606 5712 igitur

2038 5730 2301 5783 rationem
2350 5731 2491 5799 quod
2541 5746 2636 5785 vos
2698 5728 3006 5799 turbemini,
3065 5732 3328 5804 siquidem
3394 5750 3604 5790 mecum

2034 5821 2209 5876 eritis.

3208 5921 3245 5986 6
