4056 6650
606 322 706 390 171

1460 326 2036 390 THEOPHYIACTI
2076 331 2488 394 BUI.GARI/E
2526 334 2883 397 ARCIIIEP.

3730 342 3828 408 1‘72

670 433 837 490 Vens.
888 431 1007 489 4-6.
1066 450 1085 484 ι
1121 430 1185 486 Et
1232 446 1339 503 quo
1388 448 1487 504 ego
1535 436 1672 489 ratio
1724 437 1899 501 scitis,
1944 437 2140 492 etviau

2350 458 2366 492 ι
2399 441 2508 493 Καὶ
2527 443 2662 496 ὅπου
2685 443 2797 512 ἐγὼ
2816 444 3032 512 ὑπάγω,
3055 444 3257 512 οἴδατε,
3280 463 3370 501 και
3388 447 3487 520 τὴν
3502 449 3618 504 ὁδὸν
3641 452 3829 511 οῐδατε.

597 526 769 583 scitis.
828 524 964 581 Dicit
1007 525 1055 579 ei
1101 522 1336 579 Thomas
1371 543 1385 581 :
1422 525 1683 591 Domine,
1740 531 2011 585 nescimus
2055 546 2164 601 quo

596 623 770 688 vadis,
806 630 861 674 et
909 618 1178 688 quomodo
1216 632 1506 688 possumus
1549 621 1691 674 viam
1741 621 1901 677 scire.
1948 623 2084 678 Dicit
2113 626 2162 679 ei

595 713 750 769 Jcsus
780 731 793 767 :
823 712 932 784 Ego
956 727 1075 768 sum
1105 712 1214 777 via,
1246 720 1301 767 et
1336 711 1555 777 veritas,
1579 722 1633 768 et
1666 714 1793 768 vita.
1822 711 1991 769 Nemo
2017 715 2164 770 venit

592 809 657 862 ad
688 806 925 870 Patrem,
952 805 1051 862 nisi
1076 820 1171 876 per
1197 821 1304 861 me.
1335 824 1352 859 ι
1378 804 1513 875 Quia
1546 808 1751 863 sciebat
1781 809 2160 881 cogitationem

590 915 777 955 eorum
813 908 1142 970 quaerentem
1174 898 1387 955 discere
1412 914 1521 969 quo
1555 899 1736 964 vadat,
1763 900 1857 955 dat
1892 899 1971 956 eis
2002 915 2163 956 occa-

592 995 801 1048 sionem
842 990 1063 1062 rogandi
1089 998 1143 1044 et
1174 989 1307 1044 dicit
1340 1008 1355 1047 :
1392 1008 1411 1041 ι
1442 987 1560 1056 Quo
1582 991 1718 1047 vado
1745 991 1917 1058 scitis,
1938 1000 1992 1047 et
2017 993 2157 1047 viam

583 1085 759 1149 scitis,
793 1100 813 1136 ο
850 1083 1082 1139 incitans
1122 1097 1216 1138 eos
1278 1082 1345 1138 ad
1397 1083 1895 1154 interrogationem.
1930 1084 2055 1141 ldeo
2105 1093 2159 1139 et

589 1176 867 1231 'l'homas:
910 1191 933 1226 ι
955 1172 1211 1241 Domine;
1238 1174 1531 1239 nescimus,
1563 1176 1756 1246 inquit,
1790 1190 1896 1246 quo
1923 1176 2073 1232 vadis
2105 1184 2160 1231 et

586 1267 862 1337 quomodo
897 1280 1185 1338 possumus
1211 1265 1351 1319 viam
1386 1265 1548 1320 seire.
1592 1285 1612 1318 ι
1646 1266 1755 1321 Hoc
1802 1278 1980 1322 autem
2024 1266 2158 1322 dicit

585 1361 823 1415 Thomas
856 1374 965 1429 pra:
995 1358 1157 1413 nimia
1197 1356 1505 1422 formidine,
1541 1372 1645 1412 non
1677 1358 1817 1413 sicut
1850 1357 2041 1412 Petrus
2068 1357 2156 1412 deo

583 1455 830 1509 sidcrans
851 1451 1022 1521 sequi.
1050 1447 1218 1519 Igitur
1242 1450 1488 1506 Christus
1516 1452 1806 1505 ostendens
1833 1453 1973 1520 quod
2000 1448 2158 1507 facile

582 1558 634 1601 ct
665 1564 768 1602 non
799 1546 1081 1601 molestum
1103 1544 1175 1599 sit
1202 1544 1280 1598 eis
1300 1544 1474 1614 sequi,
1499 1543 1738 1599 declarat
1757 1554 1807 1599 et
1833 1559 1940 1616 quo
1969 1545 2152 1609 vadat,

532 1676 541 1683 ο
582 1654 636 1697 et
661 1658 778 1713 quae
823 1641 893 1696 sit
933 1639 1037 1694 via.
1071 1637 1206 1693 Nam
1248 1637 1393 1693 vadit
1436 1637 1651 1708 quidem
1684 1640 1748 1691 ad
1780 1638 2029 1703 Patrem;
2066 1637 2153 1692 via

2269 530 2431 601 Λέγει
2453 533 2600 605 αὑτῷ
2627 535 2855 606 Θωμᾶς·
2884 537 3076 607 Κύριε,
3104 538 3203 593 οὑκ
3224 539 3444 613 οἴδαμεν
3467 542 3567 596 ποῦ
3588 544 3828 615 ὑπάγεις,

2268 626 2508 691 καὶπῶς
2557 629 2834 700 δυνάμεθα
2881 629 2979 702 τὴν
3007 631 3125 685 ὁδὸν
3158 633 3378 690 εἰδέναι.
3430 636 3595 705 Λέγει
3638 641 3831 711 αὑτῷὸ

2278 716 2514 789 Ἰησοῦςο
2580 719 2726 788 Ἐγώ
2788 724 2904 792 ειμι
2940 724 2973 794 ἡ
3004 723 3147 788 ὁδὸς,
3186 727 3278 779 καὶ
3314 727 3346 795 ἠ
3376 726 3626 798 ἀλήθεια,
3687 733 3829 801 καὶὴ

2264 807 2401 880 ζωή.
2455 810 2645 875 υὺδεὶς
2694 811 2915 884 ἔρχεται
2966 814 3105 886 πρὸς
3136 816 3228 869 τὸν
3271 819 3529 889 Πατέρα,
3580 821 3631 872 si
3666 820 3740 891 μὴ
3766 822 3827 875 δι’

2263 898 2421 969 ἐμοῦ.
2467 919 2486 953 ι
2529 901 2753 975 Ἐπειδὴ
2802 906 3015 959 συνεῖδε
3041 908 3140 976 τὴν
3165 907 3404 963 διάνοιαν
3430 911 3610 964 αὐτῶν
3633 910 3827 981 ζητοῦ-

2265 1006 2363 1045 σαν
2397 992 2610 1062 μαθεῖν,
2655 995 2759 1049 ποῦ
2814 997 3040 1067 ὑπάγει,
3073 999 3291 1055 δίδωσιν
3334 1002 3520 1068 αὑτοῖς
3562 1005 3828 1075 πρότασιν

2259 1080 2353 1135 τοῦ
2388 1084 2683 1155 ἐρωτῆσαι.
2718 1089 2828 1143 Καὶ
2843 1088 2907 1161 δή
2936 1104 3131 1162 φησιν·
3161 1112 3180 1144 ι
3206 1092 3384 1146 Ὅπου
3414 1095 3611 1163 ὑπάγω
3633 1094 3825 1160 οῐδατε,

2261 1171 2356 1227 καὶ
2390 1174 2488 1246 τὴν
2531 1176 2653 1229 ὁδὸν
2696 1178 2904 1234 οἴδατε·
2941 1201 2960 1235 ι
3004 1183 3324 1252 παρακινῶν
3371 1185 3569 1249 αὑτοὺς
3594 1187 3676 1250 εἰς
3700 1186 3826 1258 ἐρώ-

2257 1279 2437 1335 τησιν.
2469 1267 2558 1319 Διὸ
2581 1269 2677 1322 καὶ
2698 1270 2964 1341 δΘωμιῖςο
2997 1290 3015 1324 ι
3047 1272 3243 1342 Κύριε,
3277 1277 3378 1329 οὑκ
3407 1276 3652 1346 οἴδαμεν,
3679 1278 3823 1347 φησὶ,

2260 1355 2363 1409 ποῦ
2412 1356 2679 1428 ὑπάγεις,
2729 1363 2824 1416 καὶ
2873 1364 2989 1429 πῶς
3053 1365 3333 1436 δυνάμεθα
3384 1367 3482 1438 τὴν
3526 1370 3647 1422 δδδν
3700 1369 3827 1422 εἰδέ-

2259 1462 2347 1500 ναι
2391 1464 2405 1513 ;
2445 1467 2464 1501 ι
2501 1450 2674 1505 Τοῦτο
2697 1453 2755 1506 δὲ
2781 1453 2929 1524 λέγει
2980 1455 3183 1527 Θωμᾶς
3229 1459 3336 1512 ἀπὸ
3368 1460 3569 1531 πολλῆς
3607 1461 3823 1517 δειλίας.

2256 1537 2354 1609 οὑχ
2381 1538 2571 1614 ὥσπερ
2597 1543 2625 1595 ὁ
2652 1546 2858 1617 Πέτρος
2904 1548 3088 1601 ποθῶν
3136 1549 3525 1622 ἀκολουθῆσαι.
3562 1553 3623 1605 Ὀ
3655 1554 3825 1606 τοίνυν

2256 1629 2489 1700 Χριστὸς
2511 1634 2791 1703 δεικνύων,
2821 1638 2901 1692 δτι
2926 1641 3072 1712 ῥᾴων
3097 1642 3280 1707 αὑτοῖς
3302 1645 3455 1698 ἔσται
3479 1646 3571 1699 καὶ
3598 1645 3823 1717 εὐχερὴς

582 1744 759 1790 autem
789 1734 903 1805 ipse
931 1740 1014 1789 est
1055 1731 1323 1789 Christus.
1372 1729 1507 1798 Quia
1556 1730 1717 1801 igitur
1753 1730 1951 1801 inquit,
1987 1747 2006 1780 ι
2041 1728 2140 1800 Ege

2256 1720 2289 1791 ἡ
2314 1721 2711 1796 ἀκολούθησις,
2746 1727 2997 1798 ἐκφαίνει
3029 1731 3206 1787 καὶτὸ
3244 1734 3345 1787 ποῦ
3377 1736 3597 1803 ὑπάγει,
3625 1736 3720 1788 καὶ
3746 1736 3824 1800 τίς

582 1845 700 1885 sum
738 1829 847 1891 via,
901 1847 919 1879 ι
953 1842 1049 1895 per
1080 1840 1167 1880 me
1186 1825 1405 1880 omnino
1440 1821 1505 1876 ad
1533 1822 1744 1879 Patrem
1768 1833 1821 1878 et
1845 1837 1941 1878 vos
1964 1836 2140 1878 ascen-

2258 1787 2409 1866 ἐστιν
2438 1787 2940 1890 ﬁddd;.v'Y1tc'iys:
2976 1822 3078 1893 μὲν
3125 1823 3235 1896 γὰρ
3284 1827 3420 1898 πρὸς
3584 1787 3820 1899 Πατέρα,

579 1925 741 1978 detis.
793 1921 909 1976 Non
959 1919 1132 1976 solum
1180 1927 1360 1973 autem
1408 1917 1518 1983 via,
1560 1918 1654 1972 sed
1691 1927 1745 1971 et
1797 1934 1816 1967 ι
1855 1916 2078 1979 veritas,
2128 1932 2146 1967 ι

578 2027 743 2086 atque
772 2015 845 2069 ita
865 2014 1055 2068 merito
1082 2027 1176 2067 vos
1200 2010 1476 2076 contidite,
1504 2008 1648 2079 quod
1671 2024 1775 2064 non
1807 2007 2149 2078 decipiamini

578 2125 606 2162 τι
642 2124 749 2185 me.
795 2105 899 2162 Sed
927 2115 980 2158 et
1016 2124 1034 2158 I
1074 2103 1181 2157 vita
1216 2122 1235 2155 ι
1271 2119 1389 2158 ειιιιι
1425 2120 1439 2157 :
1473 2101 1615 2156 unde
1654 2111 1711 2155 et
1737 2102 1781 2155 si
1812 2099 2147 2165 moriamini,

580 2217 687 2256 non
727 2197 1033 2271 prohibebit
1061 2211 1155 2253 vos
1195 2210 1344 2251 mors
1389 2195 1680 2263 quominus
1708 2195 1772 2248 ad
1805 2192 2024 2249 Patrem
2052 2206 2148 2246 ve-

581 2296 775 2351 niatis:
835 2295 973 2348 bene
1017 2290 1179 2362 igitur
1220 2289 1387 2345 ﬁdite.
1439 2287 1544 2343 Per
1594 2302 1679 2341 me
1727 2286 1868 2341 enim
1926 2284 2151 2339 veniunt

574 2403 763 2445 omnes
798 2389 863 2442 ad
889 2384 1126 2441 Patrem.
1159 2382 1224 2438 Et
1253 2382 1377 2453 quia
1400 2396 1500 2451 ego
1544 2379 1795 2435 dominus
1831 2394 1950 2432 sum
1983 2377 2149 2431 addu-

574 2483 729 2539 cendi
766 2483 833 2535 ad
862 2479 1096 2544 Patrem,
1129 2480 1349 2531 omnino
1376 2474 1603 2530 venietis
1627 2471 1770 2528 illuc.
1801 2468 1984 2541 Neque
2004 2469 2145 2524 enim

573 2589 667 2644 per
701 2572 861 2628 aliam
892 2573 1031 2624 viam
1058 2583 1220 2640 quam
1249 2582 1343 2637 per
1371 2582 1454 2621 me
1494 2564 1618 2620 illuc
1658 2562 1896 2617 eundum
1934 2570 2037 2615 est.
2067 2557 2144 2611 Tu

574 2676 752 2722 autem
787 2676 840 2720 et
874 2664 977 2718 hoc
1030 2665 1149 2717 loco
1198 2660 1459 2730 aequalem
1515 2658 1709 2712 discito
1753 2654 1944 2708 Filium
1974 2652 2022 2707 ei
2054 2652 2143 2720 qui

571 2761 873 2831 generavit.
911 2756 1043 2811 Nam
1068 2754 1171 2809 alio
1200 2752 1416 2823 quidem
1449 2750 1566 2806 loco
1592 2750 1800 2804 Patrem
1826 2749 1956 2802 dicit
1980 2747 2147 2800 addu-

572 2867 698 2909 cere
722 2853 787 2905 ad
813 2865 890 2905 se.
948 2871 967 2902 ι
1000 2847 1208 2910 Nullus,
1263 2844 1458 2915 inquit,
1493 2847 1686 2913 'potcst
1716 2841 1901 2897 venire
1930 2842 1994 2893 ad
2036 2854 2141 2905 me,

572 2946 675 3001 nisi
699 2944 859 2999 Pater
889 2940 1112 2997 traxerit
1134 2955 1255 2997 eum
1276 2937 1343 2993 δ’.
1370 2957 1388 2990 ι
1412 2937 1525 2993 Hoc
1550 2943 1730 2991 autem
1763 2934 1878 2989 loco
1902 2932 2029 2986 dicit
2051 2947 2145 3001 per

569 3053 628 3092 se
655 3036 850 3092 adduci
894 3035 961 3089 ad
1008 3033 1241 3088 Patrem.
1294 3030 1457 3101 Igitur
1500 3026 1718 3098 aequalis
1751 3034 1831 3082 est
1863 3024 2041 3079 Patris
2076 3039 2141 3079 ac

570 3129 690 3184 Filii
719 3138 978 3199 potestas,
1006 3141 1129 3178 nam
1165 3133 1218 3178 et
1250 3137 1350 3177 una
1382 3121 1645 3191 Operatio.
1666 3116 1801 3173 Cum
1825 3118 1987 3185 igitur
2017 3131 2139 3184 prn-
2167 3131 2211 3191 α

569 3222 747 3275 cticcn
777 3232 1025 3282 exerces,
1050 3215 1114 3295 xﬁt
1161 3215 1252 3269 tibi
1284 3212 1534 3268 Christus
1563 3212 1683 3276 via;
1713 3225 1832 3263 cum
1859 3222 1986 3262 vero
2010 3220 2138 3260 con-

570 3312 900 3384 templationi
934 3325 1090 3364 vacas
1116 3351 1130 3373 ,
1161 3309 1219 3362 lit
1253 3306 1346 3360 tibi
1379 3303 1597 3359 veritas.
1629 3301 1764 3367 Quia
1796 3311 1972 3354 autem
2004 3313 2141 3352 nou-

571 3406 698 3461 nulli
742 3404 1011 3474 pruetieen
1059 3403 1128 3455 ita
1178 3398 1382 3461 colunt,
1428 3406 1482 3450 et
1531 3395 1582 3447 in
1615 3388 2029 3460 contemplativa
2066 3390 2139 3443 ita

564 3498 812 3570 occupati
861 3506 1009 3562 sunt,
1039 3503 1097 3547 ut
1125 3492 1287 3546 vitam
1335 3503 1440 3544 non
1469 3496 1847 3554 assequamur,
1881 3486 1962 3538 vel
1994 3483 2138 3553 quod

566 3602 785 3662 propter
833 3604 1026 3643 vanam
1081 3583 1306 3656 gloriam
1352 3581 1605 3634 virtutem
1654 3576 2052 3645 amplexentur,
2085 3584 2141 3629 et

567 3686 659 3740 hic
708 3680 976 3750 recipiunt
1023 3676 1323 3731 mercedem
1362 3690 1375 3727 :
1410 3673 1490 3727 vel
1534 3668 1676 3740 quod
1708 3670 1760 3722 iu
1798 3666 2139 3737 dogmatibus

501 3794 511 3814 κ
542 3792 671 3829 non
721 3783 867 3828 recte
921 3770 1184 3834 sentiunt,
1219 3777 1273 3822 et
1305 3768 1377 3820 ita
1406 3780 1435 3819 a
1469 3773 1614 3819 recta
1664 3760 1748 3814 via
1796 3759 2134 3823 exciderunt,

563 3868 807 3922 additum
839 3874 923 3919 cst
953 3864 1050 3916 via:
1077 3871 1131 3917 et
1162 3860 1402 3926 veritati,
1454 3858 1553 3913 hoc
1580 3864 1682 3919 est,
1726 3854 1975 3925 practice:
2002 3866 2134 3907 con-

562 3959 1011 4029 tetnplatit'anlue,
1042 3952 1109 4007 Et
1138 3953 1265 4029 vita.
1288 3949 1423 4005 Nam
1443 3949 1566 4003 etin
1592 3947 1877 4002 virtutibus
1892 3944 2134 4006 omnino.

750 4059 800 4102 et
826 4021 1121 4100 de‘divinis
1151 4021 1294 4098 recta
1327 4039 1658 4102 disserendo,
1692 4039 1758 4092 ad
1789 4035 2050 4093 viventem
2079 4034 2132 4089 in

559 4143 839 4205 arculum,
876 4151 929 4196 et
973 4153 1078 4193 non
1135 4141 1202 4192 ad
1253 4145 1520 4191 mortuam
1574 4132 1854 4189 hominum
1916 4129 2129 4185 laudem

558 4244 807 4308 spectare
838 4234 1114 4288 debemus.

2253 1902 2368 1967 ὁδὸς
2392 1905 2449 1959 δὲ
2497 1908 2661 1974 αὑτὸς
2709 1912 2737 1964 ὁ
2769 1912 3025 1982 Χριστός.
3073 1913 3224 1970 Ἐπεὶ
3257 1916 3348 1972 οῦν
3406 1921 3591 1989 φησιν,
3623 1938 3643 1972 ι
3688 1918 3823 1989 Ἑγώ

2252 1997 2369 2067 εἰμι
2394 2000 2426 2070 η
2451 1999 2587 2066 ὁδὸς,
2639 2021 2657 2052 ι
2695 2001 2763 2057 δι’
2794 2005 2929 2077 ἐμοῦ
2966 2008 3182 2072 πάντως
3210 2011 3349 2081 πρδς
3376 2011 3467 2064 τὸν
3494 2011 3713 2082 Πατέρα
3739 2013 3823 2066 καὶ

2221 2088 2412 2159 ’ὑμεῖς
2473 2094 2852 2164 ἀναϐήσεσθε·
2909 2099 2968 2152 οὑ
3034 2100 3195 2171 μόνον
3241 2101 3297 2155 δὲ
3346 2102 3501 2167 ὁδὸς,
3550 2103 3688 2157 ἀλλὰ
3738 2107 3824 2158 καὶ

2256 2199 2274 2231 ι
2318 2181 2565 2254 ἀλήθεια·
2621 2206 2641 2239 ι
2690 2185 2830 2242 ὥστε
2880 2191 3024 2254 εἰκὸς
3052 2192 3191 2263 ὑμᾶς
3220 2194 3465 2266 θαρρεῖν,
3500 2198 3581 2251 ὅτι
3609 2198 3669 2251 οὑ
3698 2198 3824 2268 ψευ-

2250 2271 2519 2342 σθὴσεσθε
2547 2279 2679 2349 παρ’
2708 2279 2864 2350 ἐμοῦ,
2918 2281 3081 2337 Ἀλλὰ
3110 2286 3202 2336 καὶ
3245 2303 3264 2334 ‹
3298 2284 3415 2357 ζωή
3448 2305 3468 2339 ι
3504 2289 3644 2357 ειμι·
3685 2288 3820 2341 ὥστε

2249 2366 2296 2416 εἰ
2322 2368 2414 2419 καὶ
2446 2368 2776 2441 ἀποθάνητε,
2810 2374 2871 2428 οὑ
2895 2374 3128 2430 κωλύσει
3152 2379 3296 2449 ὑμᾶς
3317 2378 3344 2430 δ
3372 2379 3600 2446 θάνατος
3632 2381 3729 2435 τοῦ
3753 2382 3821 2452 μὴ

2247 2458 2370 2529 οὐχὶ
2405 2460 2540 2530 πρὸς
2592 2463 2686 2516 τὸν
2734 2466 2951 2538 Πατέρα
3010 2470 3207 2525 ἐλθεῖν.
3264 2472 3531 2543 Θαρρεῖτε
3580 2471 3710 2527 οὖν’
3759 2473 3820 2528 δι’

2248 2550 2384 2620 ἐμοῦ
2417 2553 2523 2624 γὰρ
2560 2555 2777 2626 ἔρχεται
2820 2561 2930 2626 πᾶς
2977 2561 3113 2632 πρὸς
3149 2563 3237 2617 τὸν
3274 2566 3512 2637 Πατέρα.
3562 2566 3672 2619 Καὶ
3705 2568 3822 2619 ἐπεὶ

2247 2644 2359 2713 ἐγὼ
2409 2646 2596 2717 κύριός
2624 2652 2739 2719 εἰμι
2760 2651 2854 2706 τοῦ
2887 2655 3023 2725 πρὸς
3055 2655 3145 2708 τὸν
3174 2656 3395 2729 Πατέρα
3413 2659 3660 2727 ἀγαγεῖν,
3690 2659 3823 2712 πάν-

2246 2753 2353 2799 τως
2393 2737 2549 2808 ἥξετε
2600 2744 2737 2798 ἐκεῖ.
2777 2745 2910 2799 Ούδέ
2941 2749 3049 2819 γὰρ
3085 2748 3154 2801 δι’
3181 2749 3348 2820 ἄλλης
3387 2751 3530 2816 ὀδοῦ,
3564 2753 3613 2805 si
3644 2750 3726 2822 μὴ
3756 2751 3819 2804 δι’

2247 2829 2403 2898 ἐμοῦ»
2428 2832 2576 2885 ἔστιν
2603 2834 2796 2892 ἐλθεῖν.
2828 2838 2900 2892 Σὺ
2931 2838 2987 2892 δέ
3020 2858 3110 2911 μοι
3138 2843 3245 2896 νόει
3276 2843 3571 2898 κάντεῦθεν
3592 2838 3715 2897 ἴσον
3736 2843 3821 2896 τὸν

2247 2920 2376 2975 Υἱὸν
2405 2923 2481 2994 τῷ
2508 2930 2882 3000 γεγεννηκότι.
2933 2931 3191 3002 ⁹Αλλιιιχοῦ
3220 2934 3321 3005 μὲν
3345 2935 3453 3008 γὰρ
3483 2935 3573 2987 τὸν
3603 2936 3819 3007 Πατέρα

2243 3013 2391 3084 λέγει
2418 3019 2717 3088 προσάγειν
2745 3023 2915 3095 αύτῷ·
2959 3042 2978 3077 ι
3017 3025 3205 3092 Οὐδεὶς
3235 3028 3365 3099 γὰρ,
3401 3029 3555 3099 φησὶ,
3595 3027 3817 3082 δύναται

2244 3106 2420 3160 ἐλθεῖν
2471 3111 2608 3181 πρός
2640 3130 2728 3181 με,
2785 3115 2881 3168 ἐὰν
2924 3115 3001 3189 μὴ
3042 3121 3070 3172 δ
3102 3121 3290 3193 Πατὴρ
3337 3120 3538 3193 ἐλκύσῃ
3574 3123 3765 3180 αὑτόν.
3792 3140 3812 3175 ι

2256 3197 2520 3254 Ἐνταῦθα
2554 3203 2608 3256 δὲ
2637 3205 2712 3276 τῷ
2741 3208 2916 3279 Πατρὶ
2947 3209 3165 3278 λέγεται
3214 3215 3589 3283 προσάγεσθαι
3616 3215 3687 3269 δι’
3720 3219 3815 3269 αύ-

2240 3287 2356 3340 τοῦ.
2398 3290 2515 3362 Ἶση
2563 3293 2668 3363 ἄρα
2704 3297 2737 3365 ἡ
2768 3295 2997 3368 δύναμις
3047 3302 3224 3372 Πατρὶ
3268 3305 3359 3356 καὶ
3398 3304 3546 3375 Υἱῷο
3594 3305 3692 3358 καὶ
3723 3305 3818 3376 μία

2242 3382 2406 3453 γὰρὴ
2440 3384 2717 3457 ἐνέργεια.
2742 3390 2911 3444 Ὅταν
2947 3391 3047 3463 μὲν
3080 3393 3173 3447 οὖν
3201 3397 3302 3466 τὴν
3337 3399 3650 3468 πρακτικὴν
3680 3415 3814 3467 μετ-

2244 3474 2400 3547 ἐρνῃ,
2468 3479 2678 3547 γίνεται
2708 3498 2788 3534 σοι
2814 3483 2928 3547 ὁδὸς
2957 3486 2985 3537 ὀ
3009 3486 3242 3557 Χριστός
3261 3505 3276 3521 ο
3302 3491 3429 3543 ὅταν
3456 3490 3508 3543 δέ
3536 3489 3595 3543 τὸ
3615 3492 3818 3561 Haupt;-

2240 3570 2390 3621 τικδν
2445 3571 2647 3641 ἀσκῇς,
2696 3575 2907 3643 γίνεται
2954 3593 3036 3631 σοι
3070 3576 3314 3649 ἀλήθεια.
3361 3582 3513 3635 Ἐπεὶ
3544 3580 3601 3635 δὲ
3628 3583 3813 3634 πολλοὶ

2241 3659 2335 3712 καὶ
2368 3662 2466 3733 τὴν
2518 3665 2829 3737 πρακτικὴν
2882 3668 3194 3739 μετιόντες,
3249 3673 3345 3725 καὶ
3394 3675 3525 3745 περὶ
3577 3670 3811 3744 θεωρίαν

2238 3752 2650 3824 ἀσχοληθέντες,
2680 3758 2742 3812 οὑ
2768 3761 2987 3826 πάντως
3024 3763 3285 3835 ἐπέτυχον
3317 3765 3417 3837 τῆς
3445 3763 3589 3836 ζωῆς
3621 3765 3674 3837 (ἢ
3706 3768 3810 3834 γὰρ

2237 3843 2323 3898 διὰ
2359 3847 2665 3916 κενοδοξίαν
2697 3852 2797 3922 τὴν
2840 3853 3046 3927 ἀρετὴν
3097 3857 3411 3927 μετιόντες,
3452 3859 3693 3928 ἀπέσχον
3729 3861 3810 3911 ἐν·

2236 3938 2411 3991 ταῦθα
2438 3940 2530 3995 τὸν
2582 3943 2795 4012 μισθὸν,
2829 3946 2862 4018 ἢ
2892 3950 2958 4018 τῇ
2993 3950 3122 4019 περὶ
3158 3948 3220 4003 τὺ
3267 3951 3601 4021 δογματικδν
3632 3954 3809 4024 οἰήσει

2235 4030 2701 4106 ἀπεπλανήθησαν
2750 4036 2851 4108 τῆς
2906 4040 3118 4106 εὐθείας
3142 4041 3311 4113 ὀδοῦ),
3343 4044 3429 4098 διὰ
3458 4043 3615 4099 τοῦτο
3640 4048 3810 4117 πρόσ-

2234 4136 2412 4174 κειται
2457 4125 2523 4195 τῇ
2567 4125 2669 4197 ὀδῷ
2702 4129 2797 4181 καὶ
2823 4131 2888 4201 τῇ
2918 4130 3167 4204 ἀληθείᾳ,
3194 4134 3271 4205 τῷ
3297 4136 3606 4207 πρακτικῷ,
3636 4138 3806 4206 λέγω,

2233 4212 2326 4264 καὶ
2351 4212 2431 4283 τῷ
2455 4214 2797 4290 θεωρητικῷ,
2828 4221 2863 4290 ἡ
2890 4220 3022 4293 ζωή.
3043 4227 3136 4277 Δεῖ
3164 4226 3257 4279 καὶ
3277 4230 3423 4299 ἡμᾶς
3449 4229 3545 4282 καὶ
3571 4230 3803 4293 ὁδεύειν,

2232 4304 2327 4356 καὶ
2354 4305 2623 4376 θεολογετν
2652 4311 2786 4382 πρὸς
2818 4311 2909 4365 τὸν
2930 4313 3107 4377 ζῶντα
3139 4314 3267 4390 [εἰς]
3296 4321 3489 4383 αξῶνα,
3516 4321 3637 4392 οὐχὶ.
3667 4323 3804 4394 πρὸς

2230 4397 2540 4470 τὸνζνεκρδν
2568 4400 2788 4458 ἔπαινον
2812 4405 2919 4460 τῶν
2943 4407 3248 4479 ἀνθρώπων
3282 4412 3624 4485 ἀφορῶντας.

628 4503 796 4558 Vens.
836 4501 889 4555 7.
926 4518 945 4551 ι
981 4499 1035 4553 Si
1061 4492 1447 4566 coguovissetis
1481 4507 1587 4558 me,
1616 4502 1669 4546 et
1701 4490 1913 4544 Patrem
1946 4505 2119 4544 meum

2305 4511 2323 4542 ι
2363 4493 2423 4547 Εἰ
2456 4493 2743 4564 ἐγνώκειτέ
2785 4516 2875 4569 με,
2905 4501 2999 4555 καὶ
3021 4477 3112 4556 τδν
3139 4477 3356 4578 Πατέρα
3379 4477 3481 4578 μου
3504 4507 3800 4576 ἐγνώκειτε
3892 4493 3899 4501 ’

555 4600 740 4667 utique
778 4592 1184 4664 cognovissetis.
1224 4586 1293 4643 Et
1331 4602 1475 4640 nunc
1509 4584 1833 4656 cognoscitis
1866 4600 2022 4649 eum,
2071 4594 2122 4638 et

554 4690 763 4744 vidistis
791 4702 936 4742 eum.
974 4704 991 4737 ι
1030 4681 1309 4750 Quomodo
1333 4677 1582 4748 superius
1612 4675 1765 4740 dixit,
1800 4694 1817 4727 ι
1846 4675 1963 4743 Quo
1988 4676 2121 4729 vado

536 4779 732 4844 .scitis,
789 4788 842 4831 et
875 4776 1014 4830 viam
1073 4771 1246 4837 scitis,
1276 4789 1296 4823 ι
1340 4766 1441 4825 inde
1479 4777 1580 4835 est,
1628 4764 1748 4835 Me;
1787 4768 1888 4821 hoc
1941 4775 2116 4823 autem

552 4874 670 4927 loco
698 4869 868 4924 dicit:
902 4885 921 4920 ι
967 4865 1023 4920 Si
1051 4860 1442 4934 coguovissetis
1468 4876 1569 4926 me,
1609 4869 1661 4915 et
1686 4858 1900 4913 Patrem
1939 4876 2116 4913 meum

548 4961 939 5036 eognovissetis
986 4956 1211 5028 utique?
1266 4974 1285 5007 ι
1327 4952 1443 5009 Non
1504 4965 1627 5008 sunt
1659 4950 1774 5007 haec
1820 4956 2112 5007 contraria.

546 5059 680 5114 Nam
703 5057 977 5111 sciverunt
1015 5050 1231 5121 quidem
1265 5047 1500 5110 Patrem,
1535 5046 1627 5101 sed
1664 5061 1768 5099 non
1806 5054 1863 5099 ut
1893 5057 2111 5114 oporte-

551 5154 662 5208 bat.
706 5148 838 5203 Nam
892 5155 949 5199 ut
1004 5142 1169 5196 Deum
1201 5140 1417 5212 quidem
1446 5139 1755 5202 sciverum;
1794 5147 1852 5191 ut
1896 5137 2111 5191 Patrem

546 5252 750 5307 autemJ
781 5239 1017 5293 nondum
1045 5241 1133 5288 τοι
1155 5231 1242 5287 ubi
1270 5238 1453 5300 potea
1480 5228 1627 5285 venit.
1659 5229 1910 5299 Spiritus,
1935 5232 2112 5283 cunnis

534 5342 621 5392 eis
650 5337 771 5390 data
804 5341 884 5386 est
913 5326 1157 5386 scicntia.
1179 5323 1330 5390 Quod
1360 5323 1520 5393 igitur
1547 5321 1694 5390 dicit,
1724 5320 1863 5374 hunc
1894 5336 2109 5375 sensum

547 5430 744 5485 habet:
791 5425 848 5479 Si
890 5418 1280 5491 cognovissetis
1317 5427 1489 5470 meum
1521 5412 1886 5467 substantiam
1929 5423 1981 5466 et
2027 5414 2110 5465 di~

532 5524 823 5593 guitatem,
854 5528 907 5572 et
940 5512 1117 5571 Patris
1171 5523 1382 5581 quoque
1424 5504 1835 5579 cognovissetis.
1882 5505 1957 5560 Ex
2007 5505 2110 5589 hic

538 5584 717 5669 autem
751 5621 989 5678 tempore
1019 5603 1260 5675 arpis-tis
1286 5615 1610 5675 cognoscere
1638 5615 1756 5671 eum
1786 5614 1880 5669 per
1931 5617 2015 5658 me
2050 5584 2107 5659 ut

608 5796 651 5828 ⁸³
684 5795 840 5854 Joatt.
873 5811 944 5862 Vt,
978 5794 1063 5849 Η.

2228 4590 2314 4645 ἄν.
2344 4592 2454 4645 Καὶ
2486 4594 2688 4664 ἀπάρτι
2720 4594 3018 4663 γινώσκετε
3043 4598 3224 4664 αὑτὸν,
3259 4602 3351 4656 καὶ
3384 4603 3666 4675 ἑωράκατε
3701 4609 3800 4661 αὖ·

2225 4681 2335 4735 τόν.
2367 4702 2386 4734 ι
2424 4682 2549 4747 Πῶς
2587 4686 2844 4757 ἀνωτέρω
2876 4690 2975 4754 μὲν
3002 4687 3186 4755 εἶπεν,
3224 4692 3307 4746 ὅτι
3349 4695 3554 4750 ι”Οπου
3601 4699 3800 4769 ὑπάγω

2224 4775 2428 4843 οἴδατε,
2459 4778 2551 4830 καὶ
2575 4778 2672 4852 τὴν
2701 4780 2816 4833 ὁδὸν
2842 4781 3017 4836 οἴδατε
3038 4824 3054 4850 ,
3095 4803 3112 4836 ι
3145 4785 3444 4853 τουτέστιν,
3493 4787 3624 4860 Ἐμέ
3660 4809 3675 4824 ·
3707 4795 3799 4846 ἐν·

2223 4868 2399 4923 ταῦθα
2435 4870 2488 4923 δὲ
2518 4870 2688 4939 λέγει,
2714 4872 2794 4926 ὅτι
2829 4891 2847 4924 ι
2887 4874 2948 4926 Ei
2989 4876 3089 4946 ἐμὲ
3115 4878 3428 4946 ἐγνώκειτε,
3454 4882 3663 4937 καὶτὸν
3686 4888 3802 4940 Παο

2224 4960 2355 5030 τέρα
2389 4978 2490 5030 μου
2515 4960 2806 5030 ἐγνώκειτε
2839 4962 2931 5027 ᾶνς
2984 4983 3002 5017 ι
3053 4967 3166 5021 Οὑκ
3198 4969 3581 5041 ἐναντιολογῶν
3623 4975 3799 5028 ταῦτά

2223 5068 2407 5123 φησιν,
2431 5052 2666 5124 ᾝδεσαν
2694 5055 2914 5127 μὲνγὰρ
2947 5056 3037 5110 τὸν
3062 5058 3299 5129 Πατέρα,
3331 5062 3429 5131 οὑχ
3462 5062 3606 5117 οὕτω
3635 5064 3691 5118 δὲ
3719 5065 3797 5129 ὡς

2220 5145 2387 5215 ἐχρῆν
2415 5161 2429 5175 ο
2479 5146 2554 5208 ὡς
2589 5146 2721 5201 Θεὸν
2772 5148 2870 5218 μὲν
2917 5150 3027 5222 γὰρ
3056 5150 3293 5222 ᾔδεσαν,
3349 5153 3424 5216 ὡς
3478 5156 3697 5230 Πατέρα
3740 5158 3796 5212 δέ

2221 5235 2393 5292 οὔπω.
2437 5238 2704 5308 ’Υστερον
2738 5239 2793 5292 δὲ
2823 5241 2883 5294 τὸ
2922 5241 3148 5312 Πνεῦμα
3176 5242 3361 5313 ἐλθὸν,
3394 5248 3573 5302 πᾶσαν
3609 5249 3796 5313 αὑτοῖς

2218 5329 2444 5398 ἐνέθηκε
2478 5330 2577 5401 τὴν
2615 5332 2836 5399 γνῶσιν.
2882 5335 2946 5385 ⁸⁸0
2979 5330 3072 5388 οὖν
3101 5336 3271 5407 λέγει,
3319 5339 3562 5396 τοιοῦτόν
3604 5343 3753 5397 ἐστιν
3777 5360 3791 5374 °

2221 5424 2281 5477 Εἰ
2318 5422 2411 5478 οὖν
2467 5425 2754 5494 ἐγνώκειτε
2788 5429 2888 5500 τὴν
2920 5431 3061 5502 ἐμὴν
3089 5432 3296 5498 οὑσιαν,
3329 5436 3423 5489 καὶ
3456 5435 3557 5505 τὴν
3609 5437 3793 5502 ἀξίαν,

2216 5518 2308 5570 καὶ
2326 5518 2421 5587 τὴν
2441 5518 2533 5571 τοῦ
2554 5520 2765 5592 Πατρδς
2784 5520 2849 5574 ἂν
2881 5522 3192 5592 ἐγνώκειτε.
3227 5527 3457 5599 Ἀπάρτι
3475 5529 3531 5582 δὲ
3555 5530 3792 5601 ἧρξασθσ

2216 5608 2502 5678 γινώσκειν
2534 5612 2695 5668 αὑτὸν
2722 5614 2790 5667 δι’
2822 5613 2956 5686 ἐμοῦ
2982 5618 3169 5687 μέσου,
3202 5637 3221 5669 ι
3265 5623 3357 5675 καὶ
3389 5623 3668 5693 ἑωράκατε
3692 5625 3792 5677 at)-
