4056 6618
227 384 329 455 173

823 382 1267 448 ENAauATIo
1309 385 1387 445 1N
1424 376 1917 446 EVANGELIL‘M
1962 374 2303 440 JOANNIS.
2348 404 2405 411 ——
2450 376 2605 438 CAP.
2649 376 2801 437 XIV.

3362 372 3467 445 ,ιτι

218 506 333 563 τὸν.
384 520 403 554 ι
464 500 741 564 τουτέστι,
799 501 876 571 τῷ
911 501 984 570 νῷ
1020 500 1213 569 ὑμῶν,
1253 500 1328 563 ὡς
1379 499 1493 553 ἔστι
1545 500 1788 561 δυνατὸν,

1911 497 2155 558 medium,
2194 515 2209 546 ι
2249 504 2302 548 ct
2330 494 2538 549 Vidistis
2568 509 2715 559 eum,
2744 510 2763 545 ι
2793 492 2892 547 hoc
2919 499 3023 553 est,
3055 502 3234 547 mente
3266 505 3470 545 vestra»

218 596 591 668 έθεωρήσατε.
637 595 791 649 Ἐπεὶ
835 597 943 666 γὰρ
982 596 1081 666 ἐμὲ
1127 594 1331 665 Κύριον
1385 595 1536 665 ἔχετε
1593 596 1689 649 καὶ
1714 594 1793 647 δι-

216 689 513 755 δᾶσκαλον,
532 688 601 743 δι’
627 686 761 757 ἐμοῦ
782 687 999 752 πάντως
1027 686 1122 742 καὶ
1160 690 1259 757 τὴν
1284 686 1375 741 τοῦ
1404 687 1617 756 Πατρὸς
1652 685 1794 755 γνῶς-

218 799 328 847 σιν,
378 780 455 844 ώς
504 779 721 851 ἐφικτὸν
751 779 890 843 τέως
926 779 1076 849 ὑμῖν,
1127 779 1224 832 καὶ
1263 778 1498 851 μετρίως
1533 778 1791 834 ὲλάὅετεο

215 870 318 941 τὴν
343 870 457 940 γὰρ
487 870 825 938 τελειοτέραν
853 865 1005 921 οὔπω
1033 868 1303 932 ἐδέξασθε.
1346 866 1454 922 Καὶ
1507 868 1681 931 ἄλλως
1713 867 1791 921 δέ’

217 965 314 1026 Τὸ,
347 982 367 1014 ι
403 962 467 1015 ΕΞ
487 961 778 1031 ἐγνώκειτέ
797 978 887 1031 με,
912 959 1005 1014 καί⁵
1026 960 1117 1014 τὸν
1142 960 1360 1030 Πατέρα
1381 978 1483 1031 μου
1502 959 1794 1028 ἐγνώκειτε

216 1056 306 1120 ἄν,
348 1073 371 1106 ι
414 1054 515 1108 οὐκ
561 1052 817 1124 ἐμφαίνει
845 1051 1009 1106 αὑτὸν
1038 1048 1375 1119 ἀγνοοῦντας
1418 1050 1636 1114 αὐτοὺς,
1662 1049 1796 1102 ἀλλὰ

215 1148 464 1202 τοιοῦτόν
486 1148 601 1200 ἐστι
624 1146 1020 1216 τὸλεγόμενον
1064 1141 1232 1198 Εἶπον
1271 1145 1424 1215 ὑμῖν,
1455 1145 1537 1197 ὅτι
1566 1162 1585 1195 ι
1618 1144 1794 1197 Ὅπου

216 1239 441 1307 ὑπάγω,
483 1238 686 1301 οἴδατε,
720 1256 738 1289 ι
780 1238 1047 1302 τουτέστι,
1076 1235 1214 1307 πρὸς
1246 1236 1336 1290 τὸν
1367 1236 1607 1307 Πατέρα,
1645 1253 1664 1287 ι
1700 1235 1793 1287 καὶ

212 1331 320 1399 τὴν
342 1331 465 1383 ὁδὸν
484 1331 685 1393 οίδατε,
719 1348 737 1381 ι
769 1329 1070 1393 τουτέστιν,
1104 1328 1257 1398 Ἐμέ.
1282 1324 1415 1383 Εἰπέ
1440 1345 1529 1398 μοι
1554 1327 1754 1398 Θωμᾶς
1774 1344 1789 1359 ·

218 1440 237 1472 ι
286 1422 410 1475 Οὐκ
437 1422 659 1492 οἴδαμεν
686 1420 788 1474 ποῦ
821 1422 1076 1490 ὑπάγεις,
1116 1440 1136 1473 ι
1164 1422 1260 1474 καὶ
1288 1420 1473 1474 λοιπον
1494 1458 1509 1483 ,
1549 1420 1667 1474 οὐδὲ
1696 1420 1795 1491 τὴν

1899 597 2158 659 quantum
2180 586 2439 656 possibile
2458 596 2562 649 est,
2586 586 2894 656 spectastis.
2924 584 3059 652 Quia
3082 585 3227 637 enim
3257 598 3343 639 me
3368 584 3471 638 Dn-

1903 683 2104 735 minum
2151 680 2358 735 habetis
2387 690 2442 735 et
2473 680 2806 749 magistrum.
2863 693 2958 747 per
2982 694 3066 732 nte
3094 677 3250 748 plane
3280 688 3335 732 et
3362 676 3466 731 Pa-

1903 773 2003 828 ttis
2030 772 2336 834 scientiam,
2366 781 2422 824 ιιι
2450 769 2779 839 apprehendi
2819 770 2989 837 potuit
3018 771 3236 836 avobis,
3260 769 3470 823 modice

1901 865 2212 935 accepistis;
2245 880 2369 918 nam
2400 861 2773 932 perfectiorem
2808 861 3043 915 nondum
3068 860 3372 931 accepistis.
3401 842 3473 912 Et

1902 959 2094 1017 aliter;
2127 976 2147 1010 ι
2185 958 2242 1012 Si
2268 957 2658 1028 cognovissetis
2690 970 2797 1020 me,
2825 966 2878 1010 et
2913 954 3124 1008 Patrcut
3158 968 3334 1008 uicum
3369 954 3477 1006 uti-

1901 1065 2006 1119 que
2032 1050 2448 1119 cognovissetis,
2489 1067 2507 1100 ι
2546 1064 2649 1102 non
2684 1047 2861 1116 arguit
2888 1048 3027 1116 quod
3059 1046 3339 1114 ignorent;
3373 1044 3469 1099 sed

1901 1144 2044 1211 quod
2075 1141 2304 1205 dicitur,
2327 1141 2472 1196 hunc
2500 1155 2716 1195 sensum
2749 1140 2909 1194 habet
2937 1156 2949 1191 :
2981 1137 3100 1192 Dixi
3123 1137 3295 1202 vobis,
3326 1136 3470 1207 quod

1907 1249 1926 1282 ι
1958 1230 2074 1297 Quo
2111 1243 2211 1298 ego
2235 1231 2392 1296 vado,
2428 1230 2599 1292 scitis,
2640 1248 2658 1281 ι
2695 1230 2798 1284 hoc
2830 1236 2934 1293 est,
2963 1230 3029 1283 ad
3061 1226 3273 1282 Patrem
3303 1244 3316 1280 :
3356 1243 3374 1277 ι
3416 1238 3474 1282 et

1901 1324 2042 1377 viam
2070 1324 2242 1390 scitis,
2282 1341 2302 1376 ι
2336 1323 2550 1390 hocest,
2577 1321 2678 1376 Me.
2697 1320 2843 1376 Dixit
2864 1321 2996 1376 mihi
3015 1320 3275 1383 Thomas,
3299 1338 3320 1369 ι
3343 1319 3477 1374 Nes-

1901 1416 2078 1469 cimus
2122 1430 2231 1484 quo
2284 1415 2460 1481 vadis,
2522 1433 2541 1467 ι
2589 1422 2645 1469 et
2689 1428 2865 1484 neque
2894 1414 3034 1467 viam
3080 1412 3303 1467 scimus.
3356 1410 3475 1465 Dixi

210 1515 336 1569 ὁδὸν
374 1514 621 1582 οἴδαμεν.
652 1509 821 1568 Εἶπον
846 1513 922 1585 τῷ
944 1514 1117 1587 θωμᾷ
1142 1530 1157 1546 '
1192 1532 1213 1564 ι
1251 1513 1396 1582 Ἐγώ
1432 1514 1543 1583 είμι
1577 1516 1609 1582 ἡ
1642 1512 1759 1570 οδδς
1779 1550 1804 1587 ι

1911 1505 2155 1562 Thomas:
2187 1525 2207 1559 ι
2244 1505 2356 1577 Ego
2382 1521 2502 1562 sum
2535 1506 2618 1560 via
2644 1523 2659 1560 :
2689 1517 2743 1561 et
2770 1504 2949 1561 nullus
2976 1505 3118 1559 venit
3140 1506 3205 1557 ad
3235 1503 3476 1559 Patrem.

212 1608 314 1661 καὶ
342 1607 756 1678 οῦᾰὶςέρχεται
780 1608 914 1678 προς
933 1606 1024 1661 τὸν
1053 1605 1293 1677 Πατέρα,
1314 1608 1363 1660 εί
1389 1604 1465 1677 μὴ
1487 1605 1555 1658 δι’
1582 1604 1738 1674 ἐμοῦ.
1770 1623 1789 1655 ι

1911 1600 2004 1654 nisi
2036 1615 2130 1669 per
2171 1615 2277 1655 me.
2314 1617 2334 1651 ι
2369 1628 2438 1641 --
2472 1618 2492 1651 ι
2529 1596 2585 1653 Si
2619 1599 2781 1669 igitur
2823 1612 2909 1652 me
2951 1597 3376 1667 cognovissetis,
3422 1604 3480 1650 et

211 1701 286 1754 Et
315 1699 498 1754 τοίνυν
527 1701 628 1770 ἐμὲ
661 1701 1086 1769 ἑγνώκειτε,καὶ
1114 1701 1207 1756 τὸν
1234 1701 1457 1772 Πατέρα
1484 1717 1588 1771 μου
1619 1700 1791 1769 ἔγνω·

211 1808 280 1843 τε
315 1791 405 1844 ἀν.
431 1808 453 1841 ι
508 1790 668 1844 Ἀλλὰ
699 1789 807 1862 μὴν
832 1791 933 1863 ἐμὲ
971 1792 1171 1857 οίδατε,
1205 1792 1298 1845 καὶ
1323 1791 1417 1845 τὸν
1443 1790 1664 1863 Πατέρα
1693 1808 1792 1863 μον)

1900 1689 2118 1745 Patrem
2146 1705 2322 1745 meum
2352 1690 2536 1760 utique
2568 1689 2978 1759 cognovissetis.
3020 1705 3039 1739 ι
3085 1686 3354 1742 Caeterum
3390 1701 3477 1740 me

1901 1782 2077 1847 scitis,
2110 1796 2243 1853 ergo
2268 1792 2324 1837 et
2355 1781 2567 1837 Patrem
2620 1795 2799 1835 meum
2835 1779 3010 1835 scitis.
3072 1777 3151 1833 Ex
3184 1778 3288 1834 hoc
3328 1776 3475 1834 enim

210 1882 332 1951 ἄρα
373 1882 574 1936 οἴδατε.
648 1883 877 1953 ’Ᾱπαρτι
924 1882 1055 1954 γὰρ,
1100 1882 1257 1955 φησι,
1284 1881 1581 1955 γινώσκετε
1613 1882 1795 1948 αὐτὸν,

1911 1877 2000 1943 ipsi
2029 1876 2354 1946 cognoscitis
2382 1890 2525 1941 eum,
2557 1882 2613 1930 et
2645 1874 2853 1929 vidistis
2892 1888 3036 1940 eum,
3074 1888 3158 1928 me
3188 1873 3325 1927 viso.

210 1974 317 2026 καὶ
345 1972 628 2043 ἑωράκατε
658 1974 844 2039 αὐτὸν,
878 1975 975 2045 ἐμὲ
1010 1976 1337 2047 ἑωρακότες.

298 2084 319 2118 ι
369 2067 534 2134 Λέγει
580 2065 730 2137 αὑτῷ
755 2067 1021 2130 Φίλιππος
1047 2084 1059 2097 ·
1097 2067 1292 2138 Κύριε,
1326 2069 1496 2135 δεῖξον
1534 2071 1666 2141 ἡμῖν
1706 2070 1799 2123 τὸν

215 2156 475 2226 Πατέρα,
526 2159 619 2211 καὶ
659 2159 826 2229 ἀρκεῖ
862 2159 1017 2230 ἡμῖν.
1075 2159 1241 2229 Λέγει
1281 2160 1430 2231 αὐτῷ
1459 2164 1487 2215 ὁ
1538 2160 1747 2232 Ἰησοῦς
1781 2176 1795 2189 ·

215 2248 494 2301 Τοσοῦτον
523 2249 713 2320 χρόνον
739 2248 859 2320 μεθ’
885 2250 1044 2318 ὑμῶν
1078 2250 1214 2321 είμι,
1256 2252 1352 2305 καὶ
1404 2252 1510 2306 οὐκ
1554 2251 1801 2320 ἔγνωκάς

220 2358 317 2411 με,
346 2341 584 2394 Φίλιππε
612 2359 627 2409 ;
660 2342 720 2395 '0
743 2340 1002 2414 ἑωρακὼς
1032 2344 1154 2413 ἐμὲ,
1177 2344 1387 2414 ἑώρακε
1418 2344 1510 2397 τὸν
1539 2342 1759 2415 Πατέρα
1784 2360 1798 2372 ο

218 2433 320 2485 καὶ
377 2432 497 2496 πῶς
533 2432 598 2485 σὺ
634 2432 815 2501 λέγεις
845 2449 860 2463 ·
910 2433 1093 2498 Δεῖξον
1141 2437 1273 2506 ἡμῖν
1308 2437 1401 2489 τὸν
1458 2435 1720 2506 Πατέρα;
1777 2453 1797 2487 ι

232 2523 444 2576 Ἐδόκει
484 2527 513 2576 δ
556 2523 841 2588 Φίλιππος,
894 2524 976 2578 ὃτι
1013 2525 1106 2577 τον
1142 2526 1243 2596 μὲν
1275 2526 1512 2599 Χριστὸν
1544 2511 1803 2598 ’ἀκριϐῶς

217 2615 513 2683 γινώσκει,
574 2618 763 2685 ἀγνοεῖ
812 2617 867 2671 δὲ
922 2617 1016 2671 τὸν
1076 2618 1334 2690 Πατέραο
1382 2619 1463 2674 διὸ
1510 2619 1605 2673 καὶ
1646 2615 1801 2674 εἶπεο

228 2726 253 2758 ‹
294 2709 482 2775 Δεῖξον
510 2709 644 2777 ἡμῖν
675 2708 766 2760 τὸν
816 2708 1053 2779 Πατέρα,
1106 2709 1201 2762 καὶ
1235 2710 1398 2780 ἀρκεῖ
1427 2711 1581 2781 ἡμῖν.
1615 2728 1635 2762 ι
1679 2710 1802 2764 Κᾶν

220 2800 341 2868 γὰρ
373 2800 635 2869 μυριάκις
674 2798 839 2873 λέγῃς
882 2802 1037 2870 ἡμῖν,
1080 2800 1161 2853 ὅτι
1188 2818 1206 2851 ι
1245 2801 1306 2853 Ei
1337 2800 1439 2871 ἐμὲ
1491 2799 1802 2870 ἐγνώκειτε,

219 2891 325 2943 καὶ
353 2892 446 2943 τὸν
476 2892 693 2961 Πατέρα
744 2908 844 2959 μου
875 2892 1165 2960 ἐγνώκειτε
1200 2893 1287 2957 ἄν,
1323 2910 1341 2942 ι
1372 2894 1433 2946 οὐ
1462 2892 1805 2964 δυνησόμεθα

218 2984 379 3037 οὕτω
413 2983 607 3053 μαθεῖν
637 2983 727 3037 τὸν
756 2985 994 3057 Πατέρα.
1019 2985 1202 3053 Δεῖξον
1232 2980 1324 3041 οὖν
1353 2987 1484 3058 ἡμῖν
1518 2988 1679 3041 αὐτὸν
1695 2990 1808 3050 τοῖς

224 3079 565 3146 σωματικοῖς
592 3076 913 3148 ὀφθαλμοῖς.
953 3077 1194 3132 ’Λκούων
1220 3080 1327 3151 γὰρ
1357 3080 1386 3131 ὀ
1418 3080 1704 3147 Φίλιππος,
1725 3081 1808 3135 ὅτι

1979 2065 2143 2123 Vens.
2175 2066 2232 2130 8,
2254 2066 2307 2121 9.
2343 2085 2362 2117 ι
2397 2064 2532 2119 Dicit
2552 2064 2598 2119 ei
2618 2062 2893 2133 Philippus
2923 2079 2937 2115 :
2964 2045 3218 2123 'Domiue,
3249 2058 3477 2111 ostende

1903 2165 2055 2219 nobis
2077 2161 2313 2229 Patrem,
2342 2160 2609 2217 etsuilicit
2631 2159 2806 2213 nobis.
2834 2157 2975 2212 Βιοὶι
3005 2158 3053 2210 ei
3078 2155 3235 2210 Jesus
3262 2170 3277 2208 :
3300 2154 3476 2207 Tanto

1903 2264 2144 2324 tempore
2177 2254 2453 2309 vobiscum
2481 2258 2636 2317 ’sum,
2670 2262 2722 2306 et
2749 2265 2855 2305 nou
2880 2247 3177 2317 cognovisti
3209 2260 3314 2312 me,
3348 2245 3476 2299 Phi-

1903 2346 2086 2417 Iippe?
2134 2344 2237 2412 Qui
2266 2345 2399 2399 vidit
2427 2358 2532 2406 me,
2570 2343 2703 2397 vidit
2733 2339 2947 2395 Patrem
2983 2355 2997 2391 :
3034 2351 3089 2394 et
3115 2339 3384 2409 quomodo
3419 2346 3473 2389 tu

1902 2437 2063 2502 dicis,
2095 2436 2330 2492 Ostende
2377 2433 2534 2489 nobis
2570 2430 2820 2486 Patrem?
2851 2450 2870 2483 ι
2906 2428 3202 2484 Videbatur
3230 2427 3475 2495 Philippo

1903 2531 2047 2602 quod
2099 2529 2375 2585 Christum
2415 2527 2632 2597 quidem
2671 2524 2808 2580 bene
2836 2530 3206 2593 cognosceret,
3254 2520 3471 2574 Patrem

1905 2631 2086 2678 autem
2115 2622 2410 2693 ignoraret.
2448 2618 2654 2673 Idcirco
2682 2627 2737 2671 et
2766 2616 2939 2672 dixit:
2974 2634 2993 2666 ι
3031 2614 3266 2669 Ostende
3319 2611 3473 2667 nobis

1904 2712 2145 2779 Patrem,
2183 2730 2246 2769 ac
2281 2711 2478 2768 sutiicit
2511 2710 2687 2769 nobis.
2728 2727 2749 2761 ι
2794 2708 2927 2763 Nam
2956 2707 3083 2762 licet
3111 2705 3303 2760 millies
3324 2704 3475 2759 dicas

1905 2805 2084 2870 nobis,
2125 2824 2145 2856 ι
2182 2802 2240 2858 Si
2266 2818 2352 2858 me
2379 2801 2792 2871 cognovissctis,
2824 2809 2875 2854 et
2893 2799 3106 2853 Patrem
3143 2812 3322 2851 meum
3369 2797 3477 2852 uti-

1906 2912 2013 2967 que
2034 2897 2452 2967 cognovissetis,
2491 2914 2510 2948 ι
2548 2896 2966 2965 ιιοιιροεευιιιυε
3011 2893 3083 2945 ita
3126 2891 3339 2945 discere
3376 2887 3479 2943 Pa-

1909 2999 2070 3045 trem.
2109 2986 2344 3044 Ostende
2369 2987 2533 3058 igitur
2567 2988 2723 3042 nobis
2750 2984 2899 3040 illum
2938 2983 3311 3055 corporalibus
3352 2997 3483 3039 ocu-

1910 3081 1998 3137 lis.
2030 3081 2269 3136 Audiens
2297 3082 2440 3136 enim
2473 3080 2754 3150 Philippus
2784 3078 2926 3149 quod
2959 3089 3013 3133 et
3044 3077 3318 3148 propheta:
3356 3091 3479 3132 cor-

220 3170 323 3221 καὶ
346 3170 396 3221 οἱ
411 3169 688 3239 προφῆται
711 3165 849 3222 είδον
872 3168 963 3221 τὸν
990 3169 1144 3233 Θεὸν,
1169 3171 1482 3243 ἐπεθύμησε
1519 3172 1614 3226 καὶ
1644 3174 1804 3237 αὐτὸς

1912 3172 2183 3243 poralihus
2209 3172 2382 3226 oculis
2415 3171 2685 3245 .xidisscnt
2711 3170 2900 3233 Deum.
2925 3168 3269 3223 desiderabat
3297 3179 3345 3219 et
3366 3168 3482 3236 ipse

222 3262 374 3314 οὕτω
399 3261 729 3332 σωματικῶς
762 3264 887 3316 ίδεῖν
918 3263 1102 3327 αὐτὸν,
1133 3265 1235 3319 οὐκ
1269 3264 1446 3331 εἰδὼς,
1491 3265 1575 3319 ὄτι
1623 3266 1808 3321 ἐκεῖνα

224 3352 297 3405 τὲ
341 3351 455 3404 τῶν
505 3352 843 3422 προφητῶν,
901 3353 1317 3421 συγκατάσασις
1373 3349 1465 3425 ἦν.
1522 3355 1580 3409 '0
1626 3355 1808 3409 τοίνυν

226 3443 473 3514 Χριστὸς
490 3443 760 3498 διδάσκων
797 3443 890 3497 τδν
918 3445 1205 3512 Φίλιππον,
1241 3447 1324 3499 ὅτι
1360 3445 1461 3499 οὐκ
1492 3444 1608 3499 ἔστι
1651 3446 1809 3501 δυναέ

220 3536 321 3588 τὸν
382 3537 714 3606 σωματικῶς
764 3536 1029 3609 ὁραθῆναι
1071 3536 1227 3601 Θεὸν,
1280 3538 1445 3608 φησί⁸
1487 3557 1506 3591 ι
1543 3539 1809 3594 Τοσοῦτον

224 3628 427 3699 χρόνον
456 3627 577 3698 μεθ’
604 3629 759 3698 ὑμῶν
797 3631 936 3701 είμι,
962 3630 1056 3683 καὶ
1082 3632 1182 3685 οὐκ
1214 3631 1464 3700 ἔγνωκάς
1491 3649 1581 3703 με,
1617 3634 1809 3687 Φίλιπ-

228 3738 301 3774 πε
328 3738 347 3788 ;
378 3722 620 3793 Ὀραὸτι
640 3722 745 3777 οὐκ
774 3718 1041 3788 εἷπεν,ὄτι
1071 3724 1183 3779 Οὐκ
1208 3718 1346 3788 εἶδές
1374 3726 1620 3794 με,·ἁλλ⁹,
1651 3744 1669 3777 ι
1696 3728 1809 3780 Οὐκ

227 3812 483 3880 ἔγνωκάς
532 3831 600 3884 με
624 3854 639 3878 ,
680 3833 699 3866 ι
755 3814 984 3883 ἀπάγων
1015 3815 1105 3869 τὸν
1143 3815 1410 3870 Φίλιππον
1442 3816 1552 3870 ἀπὸ
1582 3815 1677 3870 τοῦ
1711 3835 1810 3886 χα-

233 3904 500 3975 μαιζήλου
555 3907 941 3977 φρονήματος,
992 3907 1085 3960 τοῦ
1142 3908 1429 3979 ἐπιθυμεῖν
1482 3908 1808 3979 σωματικῶς

233 3998 369 4051 ἰδεῖν
404 3998 498 4051 τὸν
551 4000 790 4069 Πατέρα.
832 3999 1037 4062 Γνῶσις
1076 4001 1207 4073 γὰρ,
1261 4001 1418 4074 φησι,
1471 4001 1690 4070 λέγεται
1718 4002 1810 4054 ἐπὶ

231 4087 411 4153 Θεοῦ,
468 4090 567 4161 οὐχ
617 4091 653 4162 ἡ
697 4092 985 4163 σωματικὴ
1010 4092 1152 4163 δψις.
1187 4091 1322 4149 Εἶτα
1354 4095 1645 4165 ἐπιφέρειθ
1688 4114 1706 4147 ι
1750 4094 1809 4147 '0

234 4182 502 4254 ἑωρακὼς
534 4182 668 4252 ιμὲ,
712 4183 926 4254 ἑώρακε
962 4185 1053 4239 τὸν
1102 4186 1341 4259 Πατέρα.
1386 4206 1404 4239 ι
1446 4189 1512 4242 '0
1540 4186 1597 4242 δὲ
1640 4187 1807 4257 λέγει,

230 4273 481 4326 τοιοῦτόν
504 4275 652 4328 ἐστι’
702 4276 774 4330 Σὺ
806 4277 924 4347 μὲν,
961 4270 1006 4330 ὧ
1034 4278 1266 4332 Φίλιππε
1288 4319 1303 4343 ,
1333 4279 1401 4333 δι’
1421 4278 1598 4349 ὅψεως
1627 4295 1811 4349 σωμα-

230 4367 396 4435 τικῆς
428 4362 609 4433 ζητεῖς
660 4365 788 4418 ἰδεῖν
825 4365 918 4419 τὸν
963 4367 1202 4437 Πατέρα,
1234 4370 1331 4420 καὶ
1357 4367 1558 4431 δοκεῖς,
1608 4365 1812 4435 amat

235 4454 338 4525 ἢδη
376 4449 516 4517 εἶδες
540 4470 556 4485 ο
588 4451 702 4522 ἐγὼ
750 4452 808 4507 δὲ
858 4454 1002 4523 λέγω
1041 4471 1147 4520 σοι,
1186 4455 1268 4509 ὅτι
1298 4457 1346 4508 εί
1380 4455 1481 4526 ἐμὲ
1509 4450 1684 4520 εἶδες,
1720 4456 1814 4507 καί⁹

1914 3265 2060 3319 illum
2092 3264 2276 3318 videre
2309 3262 2687 3332 corporaliter,
2720 3261 2975 3332 ignorans
3000 3260 3143 3330 quod
3186 3260 3275 3313 illa
3308 3257 3483 3313 couti-

1914 3353 2089 3426 geriut
2120 3354 2395 3423 prophetis
2432 3367 2527 3424 per
2551 3353 3089 3409 condescensiouem.
3130 3349 3299 3419 Igitur
3322 3346 3484 3404 Chri-

1912 3458 2027 3502 stus
2060 3449 2260 3502 docens
2290 3447 2597 3516 Philippum
2633 3445 2902 3515 quodnon
2933 3443 3003 3499 sit
3034 3441 3288 3515 possibile
3319 3443 3481 3495 Deum

1914 3541 2082 3595 videri
2113 3539 2480 3609 corporalibus
2504 3523 2708 3603 ocuiis,
2751 3537 2882 3591 dicit
2909 3555 2923 3591 :
2955 3554 2976 3589 ι
3035 3534 3211 3589 Tanto
3244 3544 3485 3602 tempore

1915 3634 2187 3688 vobiscum
2226 3648 2369 3695 sum,
2402 3641 2457 3684 et
2512 3646 2615 3684 nou
2650 3629 2951 3701 cognovisti
3005 3643 3109 3690 me,
3143 3625 3425 3694 Philippe?
3457 3643 3477 3676 ι

1916 3725 2050 3781 Vide
2088 3727 2209 3796 quia
2256 3739 2363 3780 non
2393 3724 2549 3788 dixit,
2577 3720 2694 3777 Non
2722 3722 2901 3776 vidisti
2925 3736 3029 3787 me,
3056 3721 3151 3775 sed
3194 3738 3213 3772 ι
3249 3705 3365 3774 Non
3396 3733 3488 3774 co-

1914 3819 2146 3890 guovisti
2176 3831 2314 3880 me,»
2350 3816 2623 3870 abducens
2651 3813 2951 3885 Philippum
2977 3816 3045 3869 ab
3084 3813 3271 3867 humili
3297 3827 3485 3877 sensu.

1916 3926 2024 3982 quo
2056 3908 2399 3965 desiderabat
2432 3907 2647 3962 Patrem
2677 3906 2859 3961 videre
2889 3906 3264 3975 corporaliter.
3296 3903 3486 3961 Scien-

1916 4000 1989 4052 tia
2018 3998 2161 4051 enim
2195 4002 2261 4052 de
2289 3995 2419 4062 Deo,
2459 3996 2653 4067 inquit,
2686 3994 2919 4062 dicitur,
2950 3995 3112 4066 700
3141 4010 3246 4051 non
3297 4008 3491 4065 corpo-

1916 4090 2045 4146 ralis
2071 4102 2345 4159 aspeetus.
2380 4089 2581 4144 Deinde
2606 4089 2821 4145 subdit:
2852 4108 2873 4139 ι
2905 4088 3005 4157 Qui
3036 4090 3171 4144 vidit
3201 4103 3309 4157 me,
3352 4090 3489 4145 vidit

1915 4185 2156 4239 Patrem.
2187 4201 2206 4235 ι
2232 4180 2388 4250 Quod
2419 4192 2599 4237 autem
2637 4182 2791 4246 dicit,
2821 4182 2893 4236 ita
2925 4197 2984 4237 se
3027 4181 3192 4236 habet
3218 4198 3232 4236 :
3257 4180 3336 4236 Tn
3368 4183 3487 4251 qui-

1916 4277 2065 4339 dem,
2096 4289 2131 4329 ο
2159 4273 2424 4345 Philippe,
2458 4274 2658 4345 quatris
2680 4273 2866 4328 videre
2896 4271 3110 4327 Pati-mn
3147 4273 3260 4327 visu
3293 4287 3488 4341 corpo-

1916 4366 2038 4433 rali,
2063 4376 2118 4422 et
2150 4375 2306 4435 putas
2336 4366 2477 4435 quod
2519 4380 2604 4419 me
2621 4364 2732 4433 jam
2768 4364 2986 4419 videris.
3018 4362 3128 4433 Ego
3158 4375 3336 4419 autem
3362 4363 3485 4419 dico

1918 4460 2039 4526 tibi,
2071 4459 2216 4530 quod
2265 4458 2309 4514 si
2339 4473 2423 4515 me
2455 4458 2698 4523 vidisses,
2732 4457 2894 4512 etiam
2928 4456 3285 4527 illum_utique
3318 4457 3485 4512 vidis-

233 4548 450 4598 ἐκεῖνον
469 4543 535 4599 ἂν
563 4540 725 4610 εἶδες.
769 4544 884 4600 Νῦν
904 4545 961 4599 δὲ
989 4547 1110 4599 ἐπεὶ
1140 4546 1346 4601 ἐκεῖνον
1367 4547 1468 4600 οὐκ
1509 4541 1671 4613 εἶδες,
1691 4545 1804 4599 οὐδὲ

1918 4567 2047 4609 ses:
2075 4567 2220 4608 nunc
2248 4561 2429 4606 autem
2460 4566 2581 4606 cum
2620 4549 2765 4603 illum
2802 4564 2907 4603 non
2943 4549 3175 4615 videris,
3209 4563 3381 4620 neque
3403 4566 3489 4604 me

236 4639 342 4710 spx
372 4634 511 4702 εἶδες
541 4638 617 4702 ὡς
643 4637 750 4711 χρὴ
768 4637 983 4707 βλέπειν
1001 4657 1015 4673 ο
1038 4639 1172 4693 ἀλλὰ
1202 4639 1532 4711 σωματικῶς
1552 4640 1650 4710 μὲν
1673 4636 1810 4704 είδες

231 4733 361 4803 ip),
390 4732 515 4785 ἐπεὶ
542 4732 638 4785 καὶ
669 4731 828 4804 σῶμα
853 4734 1037 4806 φορῶ,
1060 4735 1157 4807 τὴν
1186 4734 1242 4788 δὲ
1272 4733 1427 4789 θείαν
1456 4733 1678 4799 οὐσίαν,
1711 4735 1810 4787 οὐκ

236 4822 379 4889 είδες
401 4842 417 4857 ο
440 4823 581 4878 ὥστε
600 4825 719 4879 οὐδὲ
740 4825 838 4897 τὴν
860 4812 952 4880 toti
983 4826 1190 4898 Πατρὸς
1212 4825 1342 4889 ίδοις
1367 4827 1434 4879 ἂν
1456 4826 1803 4896 σωματικῶς.

236 4916 379 4971 Οὔτε
406 4916 503 4971 οὖν
548 4917 670 4988 εμὲ,
703 4918 828 4971 οὔτε
861 4918 952 4973 τὸν
991 4918 1211 4990 Πατέρα
1239 4918 1464 4972 δυνατόν
1500 4919 1651 4971 ἐστιν
1682 4917 1810 4969 ἰδεῖν

242 5008 592 5081 σωματικῶς.
621 5029 640 5062 ι
682 5009 740 5064 '0
755 5011 863 5082 γὰρ
895 5009 1155 5080 ἑωρακὼς
1185 5010 1282 5079 ἐμὲ
1304 5052 1319 5077 ,
1355 5009 1449 5063 καὶ
1473 5009 1566 5061 τὸν
1595 5009 1811 5079 Πατέρα

239 5105 504 5175 ἑώρακεν.
546 5122 564 5155 ι
612 5103 774 5159 Ἀλλὰ
824 5104 928 5175 μὴν
963 5103 1149 5158 πολλοὶ
1201 5104 1302 5175 ἐμὲ
1363 5102 1610 5158 δοκοῦσιν
1655 5105 1808 5175 ὁρᾷν,

234 5198 336 5248 τὸν
370 5194 428 5247 δὲ
459 5195 681 5266 Πατέρα
723 5195 822 5265 οὐχ
841 5194 1038 5266 ὁρῶσιν
1061 5211 1076 5227 ⁸
1110 5194 1253 5247 ὥστε
1304 5192 1427 5248 οὐδὲ
1475 5193 1643 5264 ὁρῶσι
1669 5193 1813 5247 κατὰ

233 5287 342 5358 τὴν
368 5285 519 5339 θείαν
551 5285 737 5356 φύσιν,
767 5286 901 5341 ἀλλὰ
928 5286 1071 5340 κατὰ
1096 5288 1157 5339 τὸ
1186 5284 1545 5355 ἀνθρώπινον.
1577 5284 1813 5339 Δύνασαι

235 5380 294 5432 δὲ
326 5380 422 5432 καὶ
460 5381 792 5452 σαφέστερον
822 5379 962 5434 οὕτω
990 5380 1202 5450 νοῆσαι·
1241 5377 1557 5449 Ὀμοούσιος
1579 5421 1596 5444 ,
1628 5380 1812 5451 φησὶν,

237 5476 359 5544 εἰμὶ
392 5472 470 5543 τῷ
509 5472 704 5543 Πατρί.
747 5472 807 5525 '0
850 5474 1025 5526 τοίνυν
1057 5472 1318 5545 ἑωρακὼς
1347 5472 1468 5542 ἐμὲ,
1501 5473 1640 5543 ὅπερ
1674 5474 1812 5540 ἐστὶ,

228 5567 428 5635 γνοὺς,
457 5566 598 5637 ἔγνω
617 5566 711 5619 τδν
744 5566 963 5638 Πατέρα
988 5581 1003 5597 ’
1034 5569 1162 5637 μιᾶς
1185 5566 1294 5639 γὰρ
1314 5564 1479 5639 οὔσης
1502 5567 1691 5632 οὐσίας
1721 5567 1813 5620 καὶ

238 5662 497 5731 φύσεως,
555 5660 657 5731 μία
709 5659 801 5714 καὶ
856 5661 888 5731 ἡ
941 5661 1165 5729 γνῶσις.
1219 5658 1566 5730 Δίσχυνέσθω
1598 5660 1816 5730 ’Λρειος

238 5754 487 5819 ἁκούων,
543 5756 625 5809 ὅτι
659 5754 705 5821 ,ὁ
760 5752 1021 5825 ἑωρακὼς
1070 5753 1162 5807 τὸν
1218 5750 1371 5817 Υίδν,
1401 5751 1686 5819 τουτέστι,
1716 5750 1813 5821 τὴν

244 5850 479 5923 θιότῃτα
510 5850 606 5906 τοῦ
662 5848 794 5904 Υίοῦ
819 5849 1010 5920 γνοὺς,
1048 5850 1139 5903 τὸν
1174 5848 1415 5927 Πατέρα,
1447 5847 1563 5919 ἦτοι
1593 5847 1690 5918 τὴν
1723 5845 1817 5899 τοῦ

1918 4641 2102 4698 vidisti
2141 4652 2201 4696 ut
2246 4641 2431 4696 videre
2461 4649 2692 4711 oportet.
2751 4639 3118 4709 Curpnraliter
3159 4640 3374 4710 quidem
3407 4643 3491 4693 vi-

1917 4737 2043 4791 disti
2075 4751 2181 4803 me,
2216 4735 2341 4807 quia
2372 4744 2427 4789 et
2452 4749 2648 4804 corpus
2682 4731 2840 4801 fero;
2873 4733 3109 4789 divinam
3144 4745 3325 4789 autem
3354 4738 3485 4791 sub-

1917 4828 2170 4885 stantiam
2201 4844 2308 4883 non
2337 4827 2539 4889 vidisti,
2565 4835 2733 4896 atque
2762 4827 2833 4880 ita
2861 4839 3035 4897 neque
3065 4825 3277 4882 Patrem
3302 4828 3483 4882 vidisti

1918 4921 2294 4993 corporaliter,
2320 4933 2495 4989 neque
2526 4918 2688 4988 igitur
2716 4932 2825 4985 me,
2852 4931 3027 4986 neque
3050 4916 3265 4974 Patrem
3292 4934 3487 4987 corpo-

1918 5014 2103 5069 raliter
2120 5012 2301 5066 videre
2332 5010 2477 5065 licet.
2501 5028 2520 5060 ι
2557 5009 2765 5064 Etenim
2788 5010 2881 5079 qui
2908 5010 3042 5065 vidit
3062 5024 3167 5073 me,
3190 5019 3245 5066 et
3269 5009 3487 5064 Patrem

1919 5106 2072 5161 vidit.
2117 5122 2139 5158 ι
2189 5105 2261 5158 At
2298 5102 2447 5157 multi
2495 5103 2842 5173 putantquod
2879 5116 2965 5158 tne
3003 5104 3241 5169 videant,
3270 5102 3486 5157 Patrem

1920 5209 2097 5253 autem
2116 5212 2221 5251 non
2251 5196 2452 5250 vident.
2490 5195 2678 5267 Itaque
2707 5210 2881 5264 neque
2904 5212 2990 5253 me
3013 5196 3197 5250 vident
3210 5195 3364 5263 juxta
3396 5211 3491 5248 ua-

1921 5301 2095 5345 turam
2124 5290 2357 5346 divinam
2381 5329 2397 5353 ,
2450 5290 2543 5344 sed
2572 5290 2727 5357 juxta
2779 5294 3090 5343 humanam.
3125 5288 3281 5343 Potes
3319 5299 3373 5344 et
3410 5289 3490 5343 sic

1920 5382 2264 5439 manifestius
2311 5382 2651 5451 intelligere:
2686 5379 2940 5449 Ejusdem
2991 5380 3312 5435 substantiae
3367 5398 3486 5435 sunt

1920 5489 2042 5529 cum
2073 5473 2261 5537 Patre;
2292 5472 2382 5540 qui
2403 5485 2533 5539 ergo
2553 5487 2637 5526 me
2662 5471 2811 5537 vidit,
2846 5472 2946 5524 hoc
2982 5470 3375 5539 est,cognovit,
3398 5487 3493 5526 co-

1923 5566 2106 5634 gnovit
2132 5576 2187 5620 et
2240 5562 2478 5618 Patrem.
2528 5561 2661 5617 Nam
2710 5579 2831 5617 eum
2884 5576 2991 5616 una
3041 5562 3113 5616 sit
3161 5561 3488 5627 substantia,

1924 5659 2149 5713 scienlia
2166 5672 2377 5727 quoque
2405 5671 2507 5712 una
2532 5664 2633 5711 est.
2657 5655 3029 5710 Couiuudalur
3054 5656 3217 5710 Arius
3244 5657 3490 5721 audiens,

1925 5752 2064 5821 quod
2095 5751 2184 5818 qui
2213 5751 2344 5805 vidit
2376 5748 2594 5814 Filium,
2621 5749 2838 5813 hoeest,
2865 5748 3120 5803 deitatem
3144 5748 3260 5805 Filii
3290 5766 3494 5821 cogun-

1925 5847 2034 5903 vit.
2069 5843 2320 5911 Patrem,
2368 5844 2470 5898 hoc
2522 5851 2635 5908 est,
2682 5841 2934 5897 deitatem
2984 5841 3159 5900 Patris
3222 5844 3494 5915 cognovit.
