4056 6636
583 484 687 550 179

1423 486 1999 550 THEUPHYLACTI
2043 486 2455 548 BULGARIIE
2493 487 2853 548 ARCIIIEP.

3728 482 3825 548 180

578 605 786 659 ‘tristari
812 611 867 659 et
896 602 1099 657 turbari
1126 601 1308 657 animo
1336 619 1351 654 :
1381 600 1497 657 Non
1533 602 1658 665 hoc,
1688 602 1885 669 inquit,
1915 610 2000 655 est
2029 601 2154 654 dili-

2265 604 2354 657 καὶ
2387 605 2748 673 ταράττεσθαι
2789 603 2887 665 τὰς
2916 601 3094 672 ψυχὰς
3116 641 3131 663 ,
3158 600 3233 654 Οὔ
3266 599 3442 661 τοῦτο,
3474 595 3660 666 φησὶν,
3686 597 3827 653 ἐστιν

582 712 709 765 gere
744 711 844 758 me.
882 696 1092 751 tristari
1147 705 1202 751 et
1227 702 1423 751 moesto
1452 710 1572 751 esse
1590 696 1765 759 vultu,
1792 694 1884 750 sed
1934 692 2159 748 credere

582 790 666 843 bis
695 804 815 859 qua-
837 804 865 843 a
894 805 977 842 me
1007 788 1290 843 dicuntur.
1320 789 1631 844 Mandatum
1655 788 1802 842 enim
1838 787 1959 842 dedi
1982 786 2156 852 vobis,

585 897 651 936 ne
678 881 989 936 terreamini
1022 881 1089 937 ab
1120 882 1204 936 bis
1229 882 1318 951 qui
1358 882 1613 937 occidunt
1639 894 1869 949 corpus;
1903 879 2157 950 atqueita

580 971 626 1024 si
657 970 880 1041 udigitis
930 986 1037 1037 tne,
1088 972 1191 1026 ltoc
1246 971 1554 1034 observate,
1586 979 1642 1024 et
1681 967 1907 1039 posthac
1941 983 2010 1024 ne
2041 968 2159 1023 sitis

582 1061 766 1118 tristes
793 1062 845 1116 iu
882 1072 1055 1118 morte
1103 1079 1241 1118 mea.
1275 1062 1410 1118 Nam
1447 1063 1665 1119 tristitia
1699 1062 1863 1125 aci,
1918 1076 2025 1117 non
2077 1069 2161 1116 est

578 1151 698 1221 ejus
714 1153 806 1226 qui
829 1155 1087 1211 observat
1120 1156 1433 1212 mandatum
1461 1171 1660 1211 meum.
1694 1154 1975 1223 Quomodo
1999 1155 2160 1224 igitur

583 1262 690 1301 nou
736 1248 1094 1306 observantes
1147 1250 1457 1304 mandatum
1509 1264 1686 1304 meum
1712 1288 1729 1312 ,
1773 1248 1867 1304 sed
1909 1248 2161 1304 timentes

582 1349 838 1405 mortem,
887 1339 1070 1396 dicitis
1115 1342 1259 1412 quod
1295 1341 1534 1413 diligatis
1583 1341 1712 1397 me?
1759 1339 1987 1410 Insuper
2033 1341 2157 1408 quia

577 1430 874 1488 verisimile
912 1442 997 1488 est
1022 1433 1226 1490 dixisse
1269 1434 1390 1489 illos
1438 1434 1503 1487 ad
1560 1434 1720 1490 haec:
1764 1431 1832 1489 Et
1888 1433 2160 1503 quomodo

585 1538 693 1577 non
731 1523 1070 1581 aliiceremur
1103 1526 1347 1590 tristitia,
1377 1525 1625 1597 privandi
1679 1534 1830 1580 tauto
1859 1524 2076 1589 solatio,
2106 1534 2163 1581 et

581 1611 971 1669 refocillatioue
996 1630 1155 1684 quam
1187 1629 1249 1669 ex
1271 1626 1322 1670 te
1347 1615 1642 1671 habemus?
1669 1615 1880 1685 inquit:
1915 1613 2030 1670 Non
2058 1614 2163 1669 erit

582 1704 705 1770 hoc,
731 1720 838 1760 non
861 1706 1200 1775 privabimiui
1226 1707 1649 1763 consolatioueu
1687 1706 1908 1777 Rogabo
1940 1727 1959 1759 ι
1989 1707 2158 1773 enim,

586 1799 687 1852 hoc
709 1807 810 1862 est,
839 1798 1135 1855 obsecrabo
1170 1818 1188 1851 ι
1231 1799 1481 1860 Patrem.
1528 1811 1582 1856 et
1618 1800 1784 1856 alium
1818 1800 2159 1856 Paracletum

2261 690 2482 763 ἀγαπᾷν
2502 711 2590 763 με,
2612 691 3052 765 σκυθρωπάζειν,
3083 692 3178 745 καὶ
3206 688 3594 761 ταράττεσθαι,
3612 687 3747 742 ἀλλὰ
3770 690 3830 743 τὸ

2262 787 2544 842 πείθεσθαι
2579 789 2688 850 τοῖς
2731 788 2860 857 παρ’
2891 785 3028 856 ἐμοῦ
3057 783 3397 855 λεγομένοις.
3446 782 3700 850 Ἐντολὴν
3725 782 3829 853 γὰρ

2261 880 2435 934 ἔδωκα
2455 881 2587 951 ύμῖν
2616 879 2691 952 μὴ
2723 879 3006 949 φοϐεῖσθαι
3034 878 3096 950 υ.
3120 875 3401 948 φοϐεῖσθε]
3422 875 3531 928 ἀπὸ
3559 875 3668 928 τῶν
3702 877 3833 928 ἁπο-

2261 975 2560 1029 κτενόντων
2584 974 2646 1027 τὸ
2677 975 2860 1044 σῶμα.
2895 973 3057 1025 Ὥστε
3094 970 3189 1023 ἐὰν
3224 970 3480 1038 ἀγαπᾶτέ
3514 985 3606 1038 με,
3632 966 3833 1037 ταύτην

2261 1066 2548 1136 φυλάξετε,
2583 1066 2679 1120 καὶ⁵
2700 1065 2774 1134 μὴ
2804 1063 3061 1118 λυπεῖσθε
3081 1060 3267 1115 λοιπὸν
3294 1061 3386 1115 ἐπὶ
3414 1058 3492 1129 τῷ
3522 1056 3739 1126 θανάτῳ
3761 1055 3834 1127 τῷ

2261 1161 2402 1231 ἐμῷ.
2430 1161 2522 1232 Τῷ
2549 1158 2614 1233 [ι’.
2635 1157 2720 1231 τὸ]
2750 1157 2859 1230 γὰρ
2884 1156 3173 1212 λυπεῖσθαι
3201 1156 3303 1209 οὐκ
3332 1153 3449 1208 ἔστι
3473 1152 3837 1222 φυλάσσοντος

2258 1255 2467 1326 ταύτην
2519 1255 2620 1327 τὴν
2665 1253 2902 1324 ἐντολήν.
2959 1250 3084 1315 Πῶς
3113 1245 3207 1305 οὖν
3230 1250 3306 1320 μὴ
3352 1247 3720 1317 φυλάσσοντες
3741 1242 3835 1311 τὴν

2260 1351 2484 1421 ἐντολήν
2532 1366 2656 1420 μου,
2720 1346 2856 1401 ἀλλὰ
2882 1344 3209 1415 φοϐούμενοι
3237 1342 3333 1396 τδν
3358 1341 3615 1404 θάνατον,
3646 1337 3834 1403 λέγετε

2259 1444 2484 1514 ἀγαπᾷν
2509 1460 2577 1513 με
2601 1439 2765 1508 ςεῖτα
2787 1438 2974 1511 ἐπειδὴ
3011 1437 3159 1500 είκδς
3186 1431 3255 1508 ἦν
3285 1433 3483 1496 αὐτοὺς
3508 1430 3644 1502 πρὸς
3666 1429 3835 1483 ταῦτα

2261 1537 2437 1591 εἰπεῖν
2455 1552 2472 1567 σ
2507 1534 2619 1590 Καὶ
2647 1532 2765 1598 πῶς
2794 1533 2856 1587 ού
2883 1527 3317 1601 λυπηθησόμεθα
3341 1568 3356 1593 ,
3393 1525 3681 1597 μέλλοντες
3729 1540 3839 1575 τοι-

2261 1630 2432 1702 αύτης
2468 1627 2869 1701 παρακλήσεως
2903 1623 2995 1678 καὶ
3033 1620 3394 1692 ψυχαγωγίας
3421 1618 3522 1688 τῆς
3559 1616 3711 1685 παρὰ
3745 1616 3836 1669 σοῦ

2269 1722 2643 1794 στερηθῆναις
2676 1717 2842 1789 φησιν
2866 1733 2880 1747 ·
2913 1716 3030 1771 οὐκ
3065 1714 3218 1767 ἔσται
3255 1711 3436 1772 τοῦτο,
3474 1710 3536 1762 ού
3577 1707 3840 1777 στερηθή.

2265 1816 2423 1870 σεσθε
2455 1813 2874 1885 παρακλήσεως.
2907 1829 2926 1863 ι
2974 1809 3267 1881 Ἐρωτήσω
3307 1824 3326 1857 ι
3352 1804 3460 1876 γὰρ
3483 1844 3498 1866 ,
3527 1805 3666 1872 ὅπερ
3701 1799 3836 1859 ἐστὶ,

585 1890 762 1944 mittet
791 1890 942 1947 vobis
961 1911 1010 1945 ιι
1035 1891 1202 1946 alium
1230 1893 1370 1948 sicut
1394 1909 1500 1947 me.
1522 1892 1902 1949 Confuudatur
1919 1894 2020 1948 hoc
2044 1892 2162 1948 loco

2267 1907 2640 1981 παρακαλέσω
2684 1923 2701 1958 ι
2737 1904 2830 1958 τὸν
2870 1902 3111 1973 Πατέρα,
3156 1900 3250 1952 καὶ
3285 1898 3445 1952 ἄλλον
3476 1892 3839 1966 Παρακλητον

585 1981 875 2048 Sabellius,
902 1982 1089 2038 dicens
1114 1999 1275 2037 unam
1306 1998 1591 2053 personam
1625 1984 1804 2039 Patris
1834 1994 1890 2041 et
1938 1985 2057 2041 Filii
2108 1999 2163 2039 et

2524 2001 2673 2070 ὑμῖν,
2734 2017 2753 2049 ι
2814 1961 3133 2058 ἄλλονίὼἰς
3188 1990 3313 2061 ἐμέ.
3373 1961 3724 2058 Αἰσχννέσθω
3766 1986 3842 2037 ὲνο

584 2073 820 2143 Spiritus
848 2076 1047 2133 sancti.
1084 2074 1220 2133 Ecce
1245 2079 1388 2130 enim
1409 2076 1579 2143 audit,
1615 2075 1791 2132 Alium
1821 2075 2161 2133 l’aracletuu'.

584 2166 752 2229 dabo,
794 2176 849 2223 et
889 2169 958 2222 ita
994 2167 1153 2223 aliam
1188 2183 1471 2238 personam
1501 2168 1757 2238 Spiritus.
1788 2168 2162 2225 Couiundatur

582 2266 639 2313 ct
685 2258 1056 2325 Macedonius,
1086 2261 1180 2330 qui
1215 2261 1348 2317 dicit
1388 2262 1612 2317 alterius
1662 2261 1988 2317 substantia:
2039 2277 2163 2318 esse

583 2349 867 2418 Spiritum,
886 2363 939 2407 et
966 2354 1225 2409 minorem
1253 2352 1416 2409 Filio.
1442 2353 1602 2408 Audit
1632 2352 1776 2409 enim
1805 2353 1948 2424 quod
1972 2361 2027 2409 et
2048 2354 2163 2423 ipse

587 2443 903 2503 Paracletus
940 2448 1032 2512 sit,
1069 2446 1425 2502 sicutFilius.
1458 2446 1711 2518 Ejusdem
1736 2447 1885 2502 enim
1905 2447 2161 2501 substan-

582 2540 671 2595 tia:
695 2550 778 2596 est
801 2556 923 2596 cum
947 2539 1085 2596 Filio
1114 2539 1377 2610 Spiritus,
1406 2539 1592 2609 utique
1618 2550 1801 2593 autem
1823 2549 1877 2593 et
1906 2554 2029 2594 cum
2060 2537 2166 2594 Pa-

581 2641 687 2689 tre.
732 2630 866 2687 Nam
918 2632 1077 2688 Pater
1129 2643 1183 2687 et
1214 2632 1383 2686 Filius
1417 2631 1660 2701 ejusdem
1697 2631 2037 2689 substantia.
2077 2630 2166 2689 Ne

584 2727 803 2782 mireris
829 2725 1181 2798 autemquod
1204 2724 1358 2789 dicit,
1398 2745 1416 2777 ι
1455 2724 1673 2792 Rogabo
1710 2722 1966 2792 Patrem;
2000 2744 2018 2777 ι
2057 2740 2161 2781 non

581 2824 726 2878 enim
760 2830 818 2875 ut
846 2837 1043 2877 servus
1093 2831 1237 2886 orat,
1295 2820 1389 2875 sed
1425 2819 1540 2873 vult
1571 2819 1712 2886 quod
1770 2818 2163 2873 sullicienlibus

576 2910 923 2985 argumentis
959 2920 1188 2969 testetur
1211 2910 1492 2979 discipulis
1522 2911 1664 2981 quod
1705 2910 1933 2966 omuiuo
1981 2911 2166 2965 veniat

582 3022 747 3075 super
770 3020 867 3060 eos
906 3003 1142 3074 Spiritus
1176 3000 1491 3056 Paracletus
1527 3020 1540 3055 :
1572 3000 1798 3071 ejusque
1830 3000 2001 3071 gratia
2034 3015 2165 3055 cou-

583 3101 1040 3157 dcsremleusiliis
1060 3100 1217 3167 dicit,
1253 3120 1271 3153 ι
1310 3100 1537 3172 Rogabo
1559 3099 1797 3154 Patrem.
1825 3118 1843 3152 ι
1873 3097 2004 3152 Nam
2022 3098 2065 3152 si
2086 3098 2167 3152 div

583 3196 774 3261 xisset,
823 3194 984 3266 7‘03
1026 3193 1233 3249 Mittam
1256 3235 1271 3259 ,
1302 3212 1410 3251 non
1459 3197 1540 3251 sic
1581 3195 1941 3252 credidissent
1974 3208 1990 3247 :
2024 3208 2166 3248 nunc

2265 2096 2440 2151 ταῦθα
2473 2097 2502 2148 ὁ
2534 2091 2842 2154 Σαδέλλιος,
2878 2090 2907 2142 ὁ
2936 2088 3111 2154 λέγων
3151 2085 3208 2138 ἓν
3261 2082 3554 2152 πρόσωπον
3604 2077 3839 2150 Πατρὸς,

2264 2192 2358 2243 καὶ
2386 2188 2534 2252 Υἱοῦ,
2562 2185 2659 2240 καὶ
2687 2184 2843 2250 ἁγίου
2873 2180 3210 2250 Πνεύματος.
3253 2177 3386 2230 Ἰδοὺ
3405 2172 3740 2245 γᾲράκούει.
3763 2173 3840 2227 ὅτι

2264 2283 2424 2339 ἄλλον
2464 2277 2824 2351 Παράκλητον
2858 2273 3065 2344 πέμψει
3092 2322 3102 2335 ,
3126 2271 3263 2326 ὥστε
3296 2271 3424 2327 ἄλλο
3465 2271 3756 2340 πρόσωπον
3786 2267 3839 2318 τὺ

2265 2375 2359 2431 τοῦ
2390 2374 2731 2441 Πνεύματος.
2762 2368 3112 2440 Αίσχυνέσθ-ι)
3131 2363 3612 2424 καὶΜακεδόνιοςὸ
3644 2361 3836 2429 λέγων,

2263 2470 2348 2524 ὅτι
2383 2467 2551 2539 ἄλλης
2594 2467 2784 2529 οὐσίας
2811 2467 2873 2518 τὸ
2902 2461 3150 2530 Πνεῦμα,
3181 2461 3275 2513 καὶ
3308 2458 3700 2526 ὑποδεέστερον
3747 2459 3837 2506 τοῦ

2269 2562 2421 2620 Υίοῦ.
2472 2562 2532 2615 '0
2574 2560 2672 2630 μὲν
2705 2561 2813 2629 γὰρ
2845 2555 3055 2619 ἀκούει,
3088 2554 3172 2607 ὅτι
3197 2552 3293 2607 καὶ
3323 2550 3454 2605 αύτδ
3483 2547 3841 2619 Παράκλητός

2268 2659 2437 2719 ἐστιν,
2478 2653 2668 2723 ὥσπερ
2698 2650 2792 2705 καὶ
2827 2651 2856 2703 ὁ
2883 2649 3032 2711 Υἱός.
3074 2644 3388 2718 Ὀμοούσιον
3413 2638 3506 2696 οῦν
3534 2642 3612 2711 τῷ
3641 2640 3760 2709 Υἱῷ
3785 2638 3842 2691 τὸ

2268 2748 2495 2818 Πνεῦμα
2521 2761 2534 2773 ’
2573 2746 2790 2806 πάντως
2826 2742 2884 2796 δὲ
2921 2742 3016 2797 καὶ
3034 2740 3212 2809 Πατρί
3239 2755 3251 2767 ’
3285 2737 3385 2807 τῆς
3412 2737 3521 2804 γὰρ
3556 2732 3731 2803 αὐτῆς
3759 2732 3843 2784 ού-

2270 2845 2390 2903 σίας
2422 2841 2612 2909 Πατὴρ
2633 2838 2727 2891 καὶ
2753 2837 2903 2898 Υίὸς.
2939 2835 3028 2906 Μὴ
3057 2830 3344 2901 θαυμάσῃς
3375 2828 3433 2882 δὲ
3460 2827 3514 2880 εἴ
3546 2843 3738 2896 φησιν,
3766 2825 3841 2879 ὅτι

2276 2952 2295 2985 ι
2331 2931 2623 3001 Ἐρωτήσω
2650 2928 2741 2981 τὸν
2771 2925 3014 2996 Πατέρα·
3030 2944 3048 2977 ι
3072 2924 3132 2977 ού
3156 2923 3263 2992 γάρ
3281 2921 3354 2983 ὡς
3383 2919 3567 2980 δοῦλος
3590 2930 3842 2986 παρακα·

2267 3026 2372 3091 λεῖ,
2394 3024 2530 3077 ἀλλὰ
2545 3023 2631 3076 διὰ
2655 3022 2714 3074 τὸ
2742 3018 3156 3090 πληροφορῆσαι
3176 3017 3302 3078 τοὺς
3319 3012 3587 3084 μαθητὰς,
3606 3012 3691 3063 ὅτι
3714 3009 3841 3063 πάν-

2266 3135 2374 3181 τως
2392 3114 2745 3169 ἐπελεύσεται
2770 3112 2954 3173 αὐτοῖς
2973 3109 3032 3162 τὸ
3059 3107 3281 3177 Πνεῦμα
3312 3101 3667 3175 Παράκλητος
3685 3119 3702 3133 ·
3725 3099 3845 3153 τού-

2267 3229 2361 3266 του
2386 3210 2571 3263 ἕνεκεν
2608 3203 3031 3273 συγκαταϐαίνει
3056 3202 3261 3264 αὐτοῖς,
3294 3198 3387 3252 καί
3405 3214 3590 3267 φησιν,
3615 3195 3703 3248 ὅτι
3734 3194 3844 3245 Πα-

583 3300 767 3343 autem
831 3288 1228 3344 credibiliorem
1289 3287 1494 3345 faciens
1551 3303 1889 3354 sermonem,
1957 3287 2163 3355 inquit,

2271 3304 2559 3375 ρακαλέσω
2581 3302 2671 3352 τὸν
2692 3298 2932 3368 Πατέρα.
2958 3297 3020 3350 Εἰ
3042 3294 3150 3363 γὰρ
3174 3290 3347 3357 εἶπεν,
3372 3291 3454 3344 ὅτι
3483 3288 3718 3357 Πέμψω.
3747 3286 3843 3339 οὐκ

589 3399 608 3432 ε
642 3381 862 3451 Rogabo
895 3382 1138 3437 Patrem.
1174 3400 1194 3435 ι
1231 3381 1298 3437 Et
1324 3382 1368 3436 si
1408 3397 1544 3453 opus
1588 3383 1745 3436 fuerit
1782 3380 2082 3451 patrocinio
2110 3389 2166 3433 et

582 3475 852 3539 oratione,
893 3475 1148 3530 erunibus
1178 3474 1351 3529 modis
1372 3488 1592 3544 operam
1618 3474 1757 3528 dabo
1784 3482 1844 3528 ut
1866 3472 2045 3528 veniat
2072 3487 2167 3526 su-

586 3584 681 3635 per
707 3582 803 3623 vos
831 3566 1088 3639 Spiritus.
1127 3566 1183 3621 Id
1209 3567 1353 3638 quod
1377 3577 1430 3622 et
1458 3581 1561 3621 nos
1591 3580 1962 3635 saepenumero
1984 3563 2167 3618 dicere

582 3664 854 3719 solemus:
890 3664 1141 3719 Animam
1174 3678 1347 3719 meam
1381 3675 1657 3734 ponamut
1682 3664 1783 3716 hoc
1811 3662 1923 3726 ﬁat,
1960 3675 2166 3732 quam-

581 3756 665 3810 vis
701 3772 867 3825 parvo
920 3755 1105 3812 labore
1149 3756 1467 3826 plerumque
1518 3770 1604 3809 res
1660 3762 1817 3824 egeat
1866 3771 1881 3808 :
1924 3761 2162 3806 attamen

585 3848 828 3903 volentes
848 3849 1132 3903 Ostendere
1159 3848 1301 3917 quod
1341 3863 1447 3902 non
1494 3849 1857 3902 detrectemus
1886 3844 2124 3900 studium
2145 3882 2162 3909 ,

585 3942 658 3997 ita
688 3942 942 3996 dicimus.
962 3940 1234 3996 Etaliter:
1269 3941 1403 4008 Quia
1434 3955 1531 4009 pro
1559 3941 1714 3995 nobis
1766 3938 2024 3993 Dominus
2075 3953 2165 3993 se-

584 4034 876 4105 metipsum
911 4034 1110 4088 obtulit
1141 4033 1371 4089 hostiam
1419 4033 1603 4097 Patri,
1631 4038 1850 4103 placans
1882 4032 2030 4086 illum
2068 4045 2165 4100 per

585 4140 740 4181 suam
776 4136 1003 4180 mortem
1036 4134 1095 4180 ut
1121 4123 1388 4189 Pontifex,
1416 4126 1609 4179 deinde
1636 4125 1717 4180 sit:
1746 4123 1986 4195 Spiritus
2017 4125 2165 4178 venit

591 4220 647 4276 in
672 4235 791 4285 nos,
818 4230 1003 4290 utpote
1032 4229 1252 4289 peccato
1275 4218 1469 4283 soluto,
1497 4230 1546 4272 et
1572 4217 1870 4273 inimicitiis
1897 4216 2160 4273 sublatis:

589 4323 873 4384 propterea
912 4312 1065 4376 dicit,
1123 4330 1141 4364 ι
1183 4311 1401 4382 Rogabo
1460 4311 1694 4376 Patrem,
1739 4317 1796 4366 et
1822 4308 2162 4367 Paracletum

586 4406 737 4461 dabit
762 4404 935 4467 vobis,
971 4423 992 4457 ι
1024 4404 1125 4460 boc
1147 4413 1251 4469 est,
1284 4405 1508 4474 placabo
1541 4404 1693 4458 vobis
1713 4387 1971 4468 Patrem,
1995 4414 2051 4459 et
2081 4419 2165 4458 re-

586 4497 887 4555 conciliabo
913 4496 1064 4551 illum
1087 4495 1261 4560 vobis,
1286 4498 1378 4567 qui
1406 4507 1626 4568 propter
1648 4505 1923 4565 peccatum
1958 4494 2161 4549 inimici

583 4593 786 4656 eratis;
812 4601 867 4648 et
891 4591 1068 4648 mittet
1096 4590 1248 4648 vobis
1274 4592 1572 4662 Spiritum,
1606 4607 1702 4660 per
1732 4605 1906 4646 meam
1940 4605 2039 4661 pro
2066 4603 2162 4645 vo-

589 4686 671 4739 bis
704 4692 930 4740 mortem
963 4686 1240 4755 placatus,
1272 4692 1328 4738 et
1373 4683 1751 4738 reconciliatus
1784 4682 1957 4738 vobis.
2007 4681 2162 4748 Quod
2193 4671 2237 4726 ῐ)

585 4788 765 4833 autem
798 4778 948 4842 dicit,
983 4796 1003 4828 ι
1043 4775 1116 4833 Ut
1139 4787 1354 4833 maneat
1388 4777 1668 4831 vobiscum
1708 4777 1761 4829 in
1803 4786 2064 4832 aeternum
2090 4816 2104 4841 ,
2137 4792 2155 4825 ι

584 4870 722 4923 dixit
746 4869 1032 4925 consolans
1056 4882 1171 4923 eos.
1202 4866 1318 4921 Non
1349 4868 1495 4923 enim
1526 4867 1621 4932 ita,
1656 4867 1848 4937 inquit,
1890 4877 2163 4937 tempora-

586 4962 666 5017 ria
717 4962 821 5017 erit
866 4963 982 5031 ejus
1026 4960 1358 5017 consuetudo
1405 4959 1707 5025 vobiscum,
1742 4967 1800 5013 ut
1857 4973 2016 5023 mea,
2065 4960 2161 5013 sed

588 5068 761 5123 usque
789 5053 841 5106 in
871 5062 1131 5107 maternum
1162 5050 1379 5106 durabit
1411 5067 1426 5104 :
1460 5064 1636 5118 neque
1662 5048 1871 5105 deﬁciet
1911 5064 2033 5103 cum
2070 5063 2162 5102 \OS

587 5147 782 5202 mortui
829 5144 1067 5209 fuerint,
1114 5145 1207 5198 sed
1245 5142 1407 5199 simul
1459 5140 1831 5213 permanebit,
1877 5150 1933 5195 et
1964 5140 2163 5210 glorio-

584 5242 756 5295 siores
823 5236 1011 5292 reddet
1071 5253 1085 5289 :
1141 5246 1395 5292 caeterum
1461 5251 1589 5291 cum
1649 5233 1902 5289 omnibus
1959 5232 2166 5288 sanctis

584 5346 797 5399 semper
830 5340 914 5384 est
947 5346 960 5383 :
1013 5339 1066 5383 et
1100 5342 1223 5397 post
1285 5342 1473 5383 eorum
1525 5339 1753 5383 mortem
1792 5367 1807 5393 ,
1875 5336 2025 5383 lauto
2062 5339 2164 5395 po-

588 5425 723 5481 tius_
761 5433 966 5491 quanto
1047 5421 1254 5476 scilicet
1334 5420 1680 5475 sublimiores
1758 5431 1889 5475 tunc
1954 5420 2163 5489 £corpo~

585 5515 793 5569 ralibus
844 5513 1243 5569 aﬂ‘cctionibus.
1318 5497 1342 5565 ι’
1392 5513 1652 5583 Spiritum
1713 5522 1894 5567 autem
1960 5512 2162 5566 verita~

588 5608 679 5674 tis,
738 5618 762 5657 I
824 5606 1018 5676 inquit,
1081 5606 1197 5661 Ιιοο
1243 5615 1349 5672 est,
1418 5591 1678 5676 Spiritum
1759 5621 1865 5659 non
1950 5602 2162 5658 Veteris

586 5698 916 5753 'l'estatncuti
992 5699 1161 5767 (nam
1243 5697 1331 5752 illa
1412 5698 1577 5767 ﬁgura
1673 5705 1754 5750 est
1817 5705 1874 5750 et
1938 5694 2160 5765 umbra)

584 5792 678 5844 sed
726 5788 879 5853 Novi,
934 5792 1076 5859 quod
1131 5798 1217 5846 est
1272 5793 1492 5843 veritas.
1554 5788 1834 5843 ilabebaut
1893 5789 2061 5859 igitur
2109 5797 2164 5841 et

588 5883 662 5938 illi
696 5884 784 5953 qui
820 5883 872 5938 in
920 5884 1056 5954 lege,
1090 5882 1388 5956 Spiritum,
1422 5882 1518 5937 sed
1548 5884 1598 5935 in
1633 5883 1802 5953 ligura
1846 5891 1902 5936 et
1939 5883 2162 5934 umbro-

524 6052 529 6061 _
588 5989 732 6044 Sum,
767 5991 906 6030 nunc
943 5974 1150 6033 Veritas
1204 5976 1319 6046 ip.~a
1365 5975 1793 6032 substantialith
1842 5974 1988 6031 venit
2039 5990 2161 6030 cum

2267 3397 2334 3451 ἂν
2366 3396 2539 3459 οὕτως
2574 3395 2935 3447 ἐπίστευσαν*
2970 3388 3066 3443 νῦν
3098 3388 3155 3443 δὲ
3190 3386 3502 3453 ἀξιόπιστον
3543 3382 3721 3436 ποιῶν
3756 3381 3841 3434 τὸν

2266 3489 2449 3558 λόγον.
2486 3488 2672 3556 φησὶν,
2715 3486 2798 3539 ὅτι
2848 3504 2865 3536 ι
2922 3482 3214 3552 Ἐρωτήσω
3251 3478 3342 3532 τὸν
3388 3476 3625 3545 Πατέρα.
3668 3493 3689 3523 ι
3732 3471 3842 3525 Κᾶν

2266 3584 2376 3656 γὰρ
2424 3581 2587 3653 χρεία
2616 3580 2876 3650 γένηται,
2911 3578 3075 3648 φησι.
3119 3572 3515 3646 παρακλήσεως
3549 3570 3642 3623 καὶ
3678 3568 3841 3634 ἁξιώ-

2269 3694 2429 3739 σεως,
2471 3675 2648 3729 πάντα
2679 3671 2880 3744 τρόπον
2923 3669 3230 3731 σπουδάσω,
3264 3667 3355 3721 ἵνα
3395 3663 3596 3735 ἐπέλθῃ
3626 3664 3765 3730 ύμῖν
3788 3661 3845 3713 τὸ

2268 3770 2497 3837 Πνεῦμα
2518 3785 2531 3799 ·
2559 3770 2697 3839 ὅπερ
2730 3766 2825 3820 καὶ
2857 3766 3017 3836 ἡμεῖς
3046 3762 3318 3830 εἰώθαμεν
3347 3757 3607 3819 πολλάκις
3639 3755 3842 3823 λέγειν,

2266 3863 2348 3917 ὅτι
2373 3861 2485 3933 Τὴν
2512 3860 2692 3933 ψυχήν
2718 3876 2819 3930 μου
2852 3858 3022 3929 θήσω,
3044 3856 3130 3909 ἵνα
3154 3853 3271 3908 τόδε
3305 3852 3551 3921 γένηται·
3578 3847 3760 3902 καίτοι
3786 3863 3845 3911 γε

2265 3955 2453 4024 ὀλίγης
2483 3954 2720 4022 σπουδῆς
2744 3950 3000 4013 πολλάκις
3029 3946 3220 4019 χρῄζει
3250 3945 3309 3999 τὸ
3341 3944 3520 4014 ἔργον·
3555 3941 3668 3996 ἀλλ’
3704 3940 3847 4006 ὅμως

2266 4047 2437 4111 δεῖξαι
2474 4045 2719 4108 θέλοντες
2746 4043 2822 4104 ὡς
2850 4043 2912 4096 ού
2956 4038 3405 4112 παραιτησόμεθα
3441 4034 3539 4100 τὴν
3576 4030 3846 4103 σπουδὴν.

2265 4139 2409 4193 οῦτω
2435 4138 2686 4206 λέγομεν.
2716 4135 2926 4197 ’Ἄλλως
2954 4149 3011 4186 τε
3029 4148 3043 4161 °
3080 4130 3232 4185 Ἐπεὶ
3259 4130 3400 4199 ὑπὲρ
3426 4125 3582 4195 ἡμῶν
3615 4127 3847 4194 ἀνήνεγ-

2267 4248 2363 4283 κεν
2391 4227 2583 4283 ἑαυτὸν
2617 4226 2807 4279 θυσίαν
2835 4228 2863 4278 ὁ
2887 4225 3088 4295 Κύριος
3116 4220 3194 4293 τῷ
3229 4219 3423 4292 Πατρὶ,
3458 4215 3847 4287 ἐξιλασάμενος

2267 4321 2432 4378 αὐτὸν
2460 4319 2561 4375 ’δια
2594 4317 2689 4372 τοῦ
2738 4317 2941 4372 οἰκείου
2988 4315 3222 4370 θανάτου
3268 4313 3343 4377 ὡς
3386 4307 3705 4382 ἀρχιερεὺς,
3750 4301 3843 4359 εἷθ’

2266 4415 2410 4469 οὕτω
2458 4414 2520 4467 τὸ
2567 4409 2793 4479 Πνεῦμα
2841 4409 3077 4477 ἐπῆλθεν
3109 4408 3274 4478 ἡμῖν,
3320 4404 3395 4468 ὼς
3423 4404 3521 4472 τῆς
3569 4399 3846 4471 ἁμαρτίας

2267 4508 2548 4577 λυθείσης,
2585 4507 2677 4559 καὶ
2708 4505 2807 4574 τῆς
2855 4502 3054 4573 ἔχθρας
3087 4497 3470 4570 ἀναιρεθείσης
3497 4512 3510 4525 '
3551 4494 3640 4548 διὰ
3690 4489 3847 4545 τοῦτό

2270 4617 2457 4671 φησιν,
2492 4599 2574 4652 ὅτι
2616 4617 2633 4647 ι
2677 4596 2968 4667 Ἐρωτήσω
2996 4594 3085 4645 τὸν
3115 4590 3334 4661 Πατέρα
3358 4628 3372 4653 ,
3407 4587 3500 4641 καὶ
3529 4585 3620 4639 τὸν
3656 4583 3847 4655 Παρά-

2267 4693 2461 4763 κλητον
2495 4690 2657 4743 δώσει
2698 4689 2860 4756 ὑμῖν
2903 4705 2921 4737 ι
2961 4684 3275 4746 τουτέστιν,
3323 4678 3675 4747 Ἐξιλάσομαι
3712 4676 3847 4745 ὑπὲρ

2266 4785 2422 4855 ὑμῶν
2457 4785 2545 4837 τὸν
2596 4782 2836 4854 Πατέρα,
2876 4780 2973 4834 καὶ
3008 4774 3436 4839 ἀποκαταλλάξω
3482 4774 3674 4826 τοῦτον
3720 4772 3845 4841 ύμῖν

2265 4878 2380 4940 τοῖς
2426 4875 2515 4929 διὰ
2552 4874 2649 4945 τὴν
2690 4872 2965 4944 ἁμαρτίαν
2999 4869 3250 4940 ἐχθροῖς,
3299 4866 3395 4920 καὶ
3444 4859 3600 4927 οὗτος
3641 4862 3846 4933 πέμψει

2266 4972 2395 5040 ὑμῖν
2424 4968 2484 5021 τδ
2512 4952 2755 5035 Πνεῦμα,
2787 4962 3089 5029 ὲξιλασθεὶς
3117 4961 3206 5014 διὰ
3236 4959 3330 5013 τοῦ
3362 4958 3496 5026 ἐμοῦ
3525 4958 3667 5027 ὑπὲρ
3695 4954 3846 5024 ὑμῶν

2264 5062 2496 5116 θανάτου
2519 5099 2535 5122 ,
2563 5059 2658 5112 καὶ
2697 5055 3060 5123 καταλλαγεὶς
3092 5054 3242 5124 ύμῖν.
3273 5052 3347 5105 Τὸ
3372 5051 3449 5108 δὲ.
3496 5068 3514 5101 ι
3556 5050 3676 5103 Ἵνα
3710 5049 3847 5117 μένῃ

2267 5153 2387 5225 μεθ’
2418 5153 2572 5221 ὑμῶν
2595 5151 2674 5213 είς
2699 5151 2790 5205 τὸν
2819 5147 3011 5211 αἰῶνα,
3054 5165 3073 5199 ι
3105 5143 3279 5208 εἶπεν,
3309 5142 3425 5213 ἅμα
3464 5141 3564 5210 μὲν
3590 5157 3847 5212 παραμυ·

2265 5238 2529 5308 θούμενος
2567 5235 2782 5299 αὐτούς.
2834 5236 2909 5289 Οὐ
2950 5234 3059 5306 γὰρ
3097 5233 3242 5287 οὕτω
3269 5275 3283 5295 ,
3320 5233 3472 5300 φησὶ.
3512 5228 3846 5299 πρόσκαιρός

2264 5334 2411 5385 ἐστιν
2441 5333 2475 5401 ἡ
2523 5329 2685 5384 αὐτοῦ
2728 5328 3021 5399 παρουσία,
3059 5326 3134 5389 ὡς
3169 5327 3202 5396 ὴ
3248 5323 3376 5395 ἐμὴ,
3410 5322 3526 5376 ἀλλ’
3573 5322 3701 5392 ἄχρι
3752 5318 3846 5372 τοῦ

2263 5426 2458 5488 αἰῶνος
2491 5423 2790 5495 διαρκέσειο
2829 5421 2924 5475 καὶ
2952 5421 3072 5474 οὐδὲ
3105 5419 3378 5473 θανόντων
3411 5416 3570 5487 ὑμῶν
3599 5414 3848 5484 ἀποστή-

2267 5533 2439 5577 σεται,
2463 5515 2599 5567 άλλὰ
2622 5515 3065 5584 συμπαραμενεϊ,
3091 5513 3184 5565 καὶ
3207 5510 3575 5579 ἐνδοξοτέρους
3603 5506 3843 5576 ποιήσει·

2266 5608 2359 5662 καὶ
2380 5609 2513 5661 πᾶσι
2539 5606 2596 5659 δὲ
2624 5609 2735 5669 τοῖς
2760 5605 2935 5671 ἁγίοις
2966 5605 3054 5658 ἀεὶ
3076 5603 3311 5666 σύνεστι,
3335 5601 3428 5654 καὶ
3455 5599 3677 5654 θανοῦσι
3705 5598 3839 5670 tsi-'1.-

2264 5699 2376 5767 λον,
2401 5702 2509 5768 ὅσῳ
2538 5700 2627 5751 καὶ
2656 5697 2980 5766 σωματικῶν
3007 5694 3192 5749 παθῶν
3219 5694 3538 5765 ὑψηλότεροι
3563 5694 3682 5746 τότε
3712 5691 3848 5762 μᾶλ-

2264 5790 2374 5845 λον.
2409 5808 2427 5840 ι
2465 5787 2688 5857 Πνεῦμα
2713 5787 2768 5840 δὲ
2794 5788 3049 5856 ἀληθείας
3081 5805 3101 5837 ι
3129 5786 3312 5854 φησὶν,
3336 5784 3454 5837 ἀντὶ
3478 5783 3593 5847 τοῦ,
3621 5779 3848 5848 Πνεῦμά

2264 5885 2413 5935 ἐστιν
2442 5882 2504 5933 οὐ
2558 5882 2655 5949 τῆς
2698 5879 2936 5942 Halani;
2979 5878 3249 5949 Διαθήκης
3300 5875 3520 5946 (ἐκείνη
3581 5876 3720 5943 γὰρ,
3752 5870 3846 5922 sti-

2268 5991 2366 6039 πος
2403 5975 2494 6027 καὶ
2544 5989 2666 6027 σκια
2692 5993 2724 6041 ι,
2768 5971 2901 6027 ἀλλὰ
2935 5973 3031 6044 τῆς
3064 5971 3227 6038 Νέας,
3258 5970 3378 6041 ἥτις
3412 5969 3557 6021 ἔστιν
3592 5964 3843 6034 ἀλήθεια.
