4056 6598
266 475 369 543 181

873 478 1313 540 ENARRATIO
1349 480 1422 538 1N
1469 476 1960 539 EVANGELIUM
1992 477 2336 539 JOANNIS.
2379 502 2445 513 --
2484 475 2644 538 CAP.
2682 476 2833 538 XIV.

3424 456 3553 535 132'

265 587 435 664 Εἶχον
472 592 569 663 μὲν
606 585 700 645 οὖν
738 590 964 666 Πνεῦμα
997 593 1089 646 καὶ
1132 592 1181 644 οἱ
1213 593 1268 646 ὲν
1298 591 1378 661 τῷ
1407 595 1556 664 νόμῳ
1576 634 1591 654 .
1624 593 1740 646 ἀλλ’
1766 595 1849 646 Αέν

1954 592 2264 662 discipulis,
2299 602 2356 646 ut
2387 591 2457 645 ita
2494 590 2617 661 quis
2646 590 2810 645 dicat.
2858 588 2934 645 Ne
2972 598 3149 643 autem
3180 587 3298 658 quis
3334 588 3530 657 opine-

260 690 429 759 τύπῳ
456 690 551 742 καὶ
576 687 843 750 σκιωδῶς⁸
876 688 973 740 νῦν
1000 687 1057 739 δὲ
1090 688 1122 757 ἡ
1152 686 1380 756 ἀλήθεια
1409 689 1549 754 αὑτὴ
1577 686 1848 748 οὑσιωδώς

264 777 618 846 συγκατῆλθε
647 777 762 838 τοῖς
801 775 1092 848 μαθηταῖς,
1126 776 1201 839 ὡς
1234 777 1302 830 ἂν
1332 778 1475 830 εῖποι
1506 794 1609 840 τις.
1645 777 1761 829 Ἵνα
1794 775 1848 827 δὲ

266 872 347 939 μή
404 869 735 938 νομίσωσιν,
789 869 870 921 ὅτι
920 869 1015 921 καὶ
1052 868 1185 922 αὑτὸ
1240 868 1587 940 σαρκωθῆναι
1645 869 1848 938 μέλλει,

263 962 463 1031 ὥσπερ
495 961 675 1024 αὐτὸς,
713 961 899 1031 φησὶν,
924 961 1007 1013 ὅτι
1047 980 1066 1013 1
1111 959 1174 1012 '0
1199 960 1402 1029 κόσμος
1429 960 1489 1013 οὑ
1511 960 1731 1014 δύναται
1756 959 1849 1013 la.-

265 1053 391 1105 δεῖν
422 1052 576 1107 αὑτό.
610 1072 627 1103 1
669 1053 785 1122 υὺχ
819 1053 997 1119 οὑτω,
1033 1052 1188 1122 φησὶ,
1225 1051 1423 1118 διδάξει
1455 1053 1632 1121 ὑμᾶς,
1664 1051 1851 1120 ὥσπερ

267 1145 387 1212 ἐγώ
413 1161 430 1177 ⁸
467 1147 528 1198 οὑ
557 1145 664 1215 γὰρ
691 1145 913 1216 δύναται
943 1145 1075 1198 αὐτὸ
1107 1146 1133 1198 ὁ
1167 1144 1370 1214 κόσμος
1400 1144 1585 1199 λαϐεῖν
1614 1161 1852 1214 σωματι-

264 1237 409 1300 κῶς·
442 1241 756 1300 τουτέστιν,
803 1237 892 1290 Ἐν
939 1235 1128 1298 αὑταῖς
1160 1236 1372 1305 οἰκήσει
1411 1239 1531 1291 ταῖς
1557 1235 1849 1305 ὑμετέραις

262 1329 496 1398 ψυχαῖς.
530 1330 638 1381 Καὶ
666 1328 840 1383 ἄλλως
873 1328 952 1380 δέ·
984 1328 1057 1380 Οὑ
1087 1327 1310 1381 δύναται
1344 1327 1530 1380 λαϐεῖν
1561 1329 1587 1379 ὁ
1610 1328 1846 1395 κόσμος,

262 1421 577 1481 τουτέστιν,
599 1422 626 1473 ὁ
650 1421 865 1490 χυδαῖος
889 1418 1034 1484 λαὸς,
1067 1418 1161 1472 καὶ
1183 1419 1254 1472 τὰ
1274 1418 1366 1473 τοῦ
1395 1419 1599 1488 κόσμου
1615 1417 1850 1487 φρονῶν,

270 1530 291 1561 1
326 1513 416 1564 ὅτι
448 1512 511 1564 οὑ
544 1513 738 1582 θεωρεῖ
765 1513 896 1565 αὑτό
921 1553 936 1577 ,
971 1531 990 1565 1
1020 1511 1437 1574 τουτέστιν,’ὄτι
1470 1509 1851 1572 exuam-.0;

264 1603 440 1656 αὑτοῦ
472 1607 617 1656 ἐστιν
650 1606 684 1674 ἡ
717 1603 898 1659 οὑσῑα·
945 1604 1180 1675 θεωρίαν
1228 1604 1337 1674 γὰρ
1369 1602 1602 1656 ἐνταῦθα
1629 1604 1728 1672 τὴν
1765 1603 1853 1656 διὰ

262 1694 368 1747 τοῦ
397 1695 517 1756 νοὸς
540 1694 708 1761 λέγει.
739 1694 902 1749 Ὅθεν
932 1695 1027 1750 κα.)⁸
1059 1696 1309 1766 ἐπιφέρει
1334 1711 1350 1726 ’
1384 1714 1402 1747 1
1437 1694 1569 1748 Οὑδὲ
1595 1694 1850 1762 γινώσκει

263 1788 425 1841 αὑτό.
462 1807 481 1839 1
527 1788 711 1859 Ὁρᾷς,
746 1788 828 1841 ὅτι
869 1787 1070 1853 καὶτὸ,
1108 1807 1125 1840 1
1156 1788 1228 1842 Οὐ
1259 1788 1455 1858 θεωρεῖ
1489 1807 1507 1838 1
1545 1787 1734 1851 εἰπὼν,
1768 1789 1849 1853 τὸ,

275 1897 297 1931 1
334 1880 403 1933 οὑ
438 1880 723 1948 γινώσκει,
764 1899 784 1932 1
826 1881 1102 1952 ἐδήλωσες
1144 1881 1556 1952 Παραμυθεῖτσιι
1599 1881 1695 1935 οὖν
1725 1882 1850 1943 τοὺς

1954 696 2041 738 tur
2067 685 2206 753 quod
2244 685 2404 738 etiam
2435 683 2674 753 Spiritus
2707 683 2848 736 sicut
2881 681 2995 747 ipse
3036 680 3398 735 incarnandus
3429 683 3526 743 sit,

1954 776 2145 845 inquit,
2187 796 2207 828 1
2238 774 2407 842 Quem
2449 777 2680 829 mundus
2712 788 2814 829 non
2857 784 3031 844 poteSt
3061 788 3274 842 capwrc.
3331 791 3349 823 1
3390 772 3525 836 Non,

1955 870 2168 938 inquit,
2211 869 2427 922 docebit
2480 882 2575 921 vos
2619 866 2760 922 sicut
2817 881 2970 937 ego:
3019 878 3126 919 non
3174 865 3315 919 enint
3375 879 3531 918 mun-

1952 961 2054 1011 dus
2098 973 2220 1013 eum
2244 958 2597 1027 corporaliter
2649 971 2843 1025 capere
2869 966 3081 1026 potest;
3141 957 3240 1033 hoc
3295 952 3531 1017 cst,Ha-

1954 1050 2147 1105 bitabit
2190 1050 2243 1107 in
2278 1051 2409 1121 ipsis
2454 1049 2739 1104 animabus
2791 1049 3005 1104 vestris.
3061 1047 3126 1103 Et
3168 1048 3322 1102 aliter
3360 1064 3374 1105 :
3416 1046 3528 1100 Non

1954 1154 2127 1215 potest
2163 1145 2407 1213 accipere
2439 1145 2692 1208 mundus,
2728 1143 2831 1198 hoc
2866 1152 2970 1205 est,
3004 1143 3227 1210 populus
3267 1142 3352 1196 ille
3403 1159 3530 1212 pro-

1954 1236 2192 1290 miscuus
2235 1246 2297 1289 et
2346 1234 2559 1303 sapiens
2592 1249 2712 1305 quae
2754 1232 2914 1304 hujus
2960 1234 3177 1295 mundi,
3214 1252 3233 1283 1
3265 1234 3386 1301 quia
3423 1250 3536 1286 non

1956 1329 2100 1382 videt
2147 1344 2269 1382 eum
2296 1368 2309 1391 ,
2349 1346 2368 1380 1
2409 1341 2472 1381 eo
2524 1328 2664 1396 quod
2715 1327 3282 1396 incomprehensibilis
3316 1327 3380 1380 sit
3414 1324 3530 1395 ejus

1953 1420 2272 1475 substantia.
2305 1419 2827 1490 Contemplationem
2869 1420 3012 1474 enim
3045 1430 3097 1473 et
3131 1418 3390 1473 visionem
3428 1419 3529 1471 bne

1953 1511 2072 1566 loco
2110 1511 2305 1567 mentis
2340 1511 2474 1567 dicit
2512 1529 2527 1566 :
2558 1513 2696 1565 unde
2728 1511 2947 1575 snblit,
2983 1530 3001 1562 1
3037 1507 3224 1580 Neque
3254 1509 3531 1577 cognoscit

1952 1616 2095 1658 eum.
2128 1622 2146 1654 1
2178 1602 2339 1657 Vides
2364 1603 2506 1671 quod
2527 1642 2542 1666 ,
2568 1612 2622 1657 et
2660 1622 2678 1654 1
2707 1600 2821 1657 Non
2852 1602 3029 1667 videt,
3056 1620 3074 1653 1
3115 1603 3322 1664 dicens,
3359 1621 3375 1651 1
3413 1599 3529 1654 Non

1954 1694 2250 1761 cognoscit,
2292 1713 2312 1747 1
2342 1694 2702 1765 signiﬁcavit?
2732 1694 3023 1765 PrOpterea
3056 1694 3258 1748 solatur
3287 1694 3529 1760 discipu-

1955 1786 2037 1841 los
2061 1827 2076 1852 ,
2105 1785 2322 1852 dicens,
2360 1804 2379 1838 1
2415 1784 2643 1842 Mundus
2689 1801 2795 1842 non
2828 1795 3002 1857 potest
3034 1801 3232 1855 capere
3260 1786 3409 1840 illum
3444 1803 3458 1839 :
3503 1804 3523 1837 1

1955 1879 2106 1934 vobis
2154 1889 2332 1934 autem
2383 1879 2483 1935 hoc
2524 1879 2724 1934 donum
2776 1879 3047 1949 egregium
3091 1880 3274 1932 datum
3318 1885 3437 1943 est,
3478 1888 3529 1930 tt

264 1971 606 2034 ἀποστόλους
629 1971 719 2025 διὰ
745 1971 841 2024 τοῦ
858 1973 1052 2033 εἰπεῖν.
1074 1972 1155 2024 ὃτι
1179 1990 1198 2023 1
1233 1971 1291 2025 '0
1315 1974 1517 2040 κόσμος
1542 1973 1603 2025 οὑ
1624 1971 1847 2025 δύναται

1958 1987 1979 2021 1
2017 1980 2197 2026 manet
2222 1972 2361 2042 apud
2380 1986 2507 2026 vos:
2542 1990 2558 2023 1
2596 1980 2648 2026 et
2677 1972 2869 2027 deinde
2898 1971 3038 2041 quod
3071 1976 3240 2038 majus
3273 1982 3375 2033 est,
3409 1988 3428 2022 1
3468 1970 3527 2022 Et

266 2063 466 2117 λαϐεῖν
523 2064 679 2119 αὑτόο
715 2085 735 2118 1
772 2066 901 2137 ὑμῖν
928 2067 984 2120 δὲ
1019 2065 1177 2119 τοῦτο
1203 2065 1403 2120 δίδοται
1429 2066 1600 2137 δῶρον
1642 2064 1855 2137 ἐξαίρε-

263 2169 387 2215 τον,
418 2154 514 2207 καὶ
552 2174 573 2207 1
632 2155 783 2223 μένει
828 2155 958 2227 παρ’
987 2155 1118 2225 ὑμῖν
1141 2174 1155 2187 ·
1207 2174 1225 2207 1
1274 2151 1391 2209 εἷτα
1423 2156 1483 2209 τὺ
1518 2156 1724 2227 μεῖζον,
1770 2157 1852 2211 ὄτι

270 2264 293 2298 1
333 2246 450 2301 Καὶ
477 2249 536 2299 ἐν
562 2247 689 2316 ὑμῖν
721 2247 893 2303 ἔσται.
935 2267 954 2301 1
990 2248 1065 2302 Τὸ
1100 2251 1199 2319 μὲν
1227 2248 1359 2319 γὰρ,
1404 2267 1424 2301 1
1468 2249 1603 2320 Παρ⁹
1636 2250 1786 2320 ὑμῖν,
1828 2268 1846 2298 1

263 2338 369 2410 τὴν
410 2339 610 2404 ἔξωθεν
646 2342 710 2394 ὲκ
738 2340 831 2395 τοῦ
864 2340 1131 2412 σύνεγγυς
1159 2342 1428 2413 βωήθειαν
1455 2342 1624 2410 δηλοῖ·
1656 2342 1717 2394 τὸ
1756 2342 1814 2394 δὲ
1834 2381 1849 2404 ,

270 2450 292 2483 1
342 2432 434 2484 Ἕν
454 2433 605 2503 ὑμῖν,
649 2452 669 2485 1
701 2434 799 2504 τὴν
830 2433 1042 2488 ἔνδοθεν
1086 2435 1299 2503 οἴκησιν
1345 2435 1439 2488 καὶ
1467 2433 1796 2503 δυνσὶμωσιν·
1826 2435 1853 2487 ὃ

264 2525 370 2579 καὶ
397 2524 491 2577 τοῦ
523 2525 655 2578 Θεὸν
685 2520 848 2590 εἶναι,
878 2525 1166 2580 δεικτικόν.
1196 2526 1269 2579 Τὸ
1299 2527 1429 2597 γὰρ,
1466 2543 1485 2576 1
1534 2516 1851 2596 Ἐνοικήσω,

266 2616 369 2668 καὶ
416 2616 852 2687 ὲμπεριπατήσω
882 2619 1010 2688 ὑμῖν
1035 2659 1051 2683 ,
1092 2638 1111 2670 1
1165 2619 1194 2673 ὁ
1221 2618 1353 2679 Θεὸς
1373 2618 1545 2687 λέγει.
1587 2636 1606 2670 1
1655 2618 1717 2671 '0
1753 2616 1852 2688 μὲν

267 2703 368 2761 οὖν
409 2708 612 2778 κόσμος
655 2709 717 2762 οὑ
768 2709 991 2764 δύναται
1038 2708 1225 2763 λαόεῖν
1257 2709 1317 2762 τὸ
1357 2709 1583 2781 Πνεῦμα
1607 2751 1622 2773 ,
1659 2711 1740 2763 ὅτι
1789 2711 1851 2764 οὑ

267 2800 538 2868 γινώσκει
580 2801 733 2867 αὑτδ,
776 2802 935 2874 ὑμεῖς
976 2804 1033 2857 δὲ
1062 2801 1361 2872 γινώσκετε
1404 2803 1558 2858 αὑτό.
1602 2821 1620 2854 1
1658 2802 1851 2869 Aturi;

268 2891 423 2944 Διότι
444 2892 546 2944 οὑκ
576 2892 700 2945 ἐστὶ
726 2895 790 2947 ὲκ
818 2892 912 2946 τοῦ
940 2891 1145 2963 κόσμου
1169 2909 1183 2922 ⁸
1219 2911 1237 2944 1
1267 2894 1361 2946 καὶ
1389 2892 1477 2946 διὰ
1489 2891 1647 2946 τοῦτο
1673 2891 1854 2946 δεκτι-

270 2981 363 3036 xei
398 2983 520 3035 ἐστε
549 2982 735 3037 αὑτοῦ.
783 2984 893 3038 Καὶ
944 3002 965 3035 1
1011 2984 1162 3053 μένει
1197 3002 1216 3036 1
1270 2983 1364 3037 νῦν
1401 3002 1422 3036 1
1457 2983 1589 3055 παρ’
1613 2983 1776 3055 ὑμῖν,
1827 3002 1845 3035 1

270 3071 415 3126 ἀλλᾶ
447 3091 469 3125 1
502 3073 597 3126 καὶ
625 3071 778 3128 ἔσται
813 3092 833 3126 1
867 3074 954 3128 ἀεὶ
982 3092 1001 3125 1
1032 3075 1089 3128 ὲν
1121 3074 1269 3144 ὑμῖν.
1303 3092 1325 3125 1

352 3182 375 3213 1
407 3162 524 3217 Οὑκ
552 3163 747 3234 ἀφήσω
774 3162 918 3233 ὑμᾶς
943 3162 1235 3235 ὀρφανούς⁸
1268 3163 1498 3234 ἔρχομαι
1525 3162 1660 3234 πρὸς
1682 3162 1849 3233 ὑμᾶς.

1962 2078 1981 2109 1
2015 2058 2068 2113 in
2103 2060 2255 2114 vobis
2286 2060 2412 2116 erit.
2453 2078 2472 2113 1
2501 2089 2570 2102 -
2603 2080 2622 2113 1
2661 2063 2815 2132 Apud
2847 2076 2942 2117 vos
2982 2079 3001 2114 1
3034 2063 3201 2125 enim,
3245 2072 3529 2115 externum

1952 2151 2246 2206 subsidium
2273 2160 2329 2206 et
2361 2152 2689 2208 vicinitatem
2716 2169 2731 2218 ;
2756 2171 2776 2205 1
2814 2153 2868 2208 in
2899 2153 3091 2208 vobis1
3129 2164 3331 2218 autem,
3364 2152 3531 2206 inter—

1956 2259 2078 2297 nam
2137 2243 2504 2299 habitudinem
2556 2252 2609 2299 et
2675 2246 3179 2302 corroboratiouem
3238 2247 3529 2310 signiﬁcat.

1953 2335 2229 2390 Posterius
2272 2343 2450 2391 autem
2499 2337 2659 2405 illud,
2701 2338 2843 2408 quod
2876 2348 2932 2396 et
2970 2338 3111 2394 Deus
3163 2339 3234 2393 sit
3273 2337 3527 2408 Spiritus.

1954 2430 2250 2499 signiﬁcat,
2308 2434 2399 2502 qui
2455 2433 2602 2499 dicit,
2641 2451 2659 2484 1
2709 2433 2969 2488 Habitabo
3017 2442 3072 2488 et
3127 2435 3414 2488 atnltulabo
3478 2440 3526 2485 in

1952 2521 2031 2576 eis
2050 2523 2116 2578 ".
2146 2542 2164 2575 1
2196 2554 2262 2566 --
2288 2543 2306 2576 1
2340 2525 2507 2595 Igitur
2534 2525 2762 2579 mundus
2793 2525 3008 2595 quidem
3037 2540 3143 2581 non
3172 2536 3345 2596 potest
3367 2526 3531 2598 701.,

1953 2614 2198 2683 accipere
2223 2615 2505 2684 Spiritum.
2530 2616 2653 2686 quia
2687 2631 2792 2670 non
2826 2615 3101 2686 cognoscit
3126 2631 3271 2681 eum,
3306 2631 3397 2671 vos
3429 2633 3528 2670 an-

1957 2714 2063 2760 tem
2106 2708 2431 2775 cognoscitis
2488 2722 2633 2764 eum.
2677 2726 2697 2761 1
2733 2707 2951 2776 Quare?
2988 2706 3124 2775 Quia
3172 2726 3191 2760 1
3248 2723 3356 2764 non
3400 2710 3530 2761 estis

1953 2812 2016 2851 ex
2050 2798 2150 2853 hoc
2196 2798 2431 2864 mundo,
2475 2818 2493 2850 1
2535 2809 2816 2870 propterea
2850 2814 3077 2868 capaces
3106 2798 3236 2883 _ejus
3282 2800 3444 2864 estis,
3478 2813 3530 2852 et

1960 2909 1978 2942 1
2021 2899 2198 2945 manet
2239 2910 2256 2943 1
2292 2905 2433 2946 nunc
2465 2910 2483 2943 1
2514 2893 2650 2963 apud
2681 2907 2798 2960 vos,
2829 2911 2847 2945 1
2880 2892 2975 2948 sed
3007 2910 3026 2945 1
3053 2899 3107 2948 et
3135 2892 3240 2947 erit
3268 2909 3286 2944 1
3321 2904 3529 2961 semper

1958 2998 1978 3031 1
2027 2980 2077 3033 in
2118 2981 2287 3035 vobis.
2322 2997 2342 3033 ι

2028 3164 2187 3221 Vens.
2228 3167 2409 3223 i8-20.
2446 3186 2465 3221 1
2495 3168 2608 3222 Non
2644 3168 2942 3240 relinquam
2980 3184 3075 3226 vos
3101 3169 3409 3239 orpbanos:
3438 3186 3528 3223 vr:-

275 3254 403 3308 Ἔτι
438 3256 655 3326 μικρὸν,
683 3255 778 3309 καὶ
807 3255 836 3307 ὁ
865 3255 1068 3325 κόσμος
1107 3273 1174 3325 με
1204 3256 1301 3308 οὑκ
1330 3254 1411 3308 ἔτι
1446 3256 1663 3328 θεωρεῖ·
1693 3258 1849 3326 ὑμεῖς

1955 3257 2102 3314 niam
2143 3260 2208 3314 ad
2241 3276 2355 3317 vos.
2398 3262 2586 3317 Adhuc
2624 3262 2874 3331 pusillum
2897 3303 2911 3328 ,
2948 3271 3000 3317 et
3033 3264 3263 3318 mundus
3306 3263 3415 3329 iam
3447 3280 3528 3315 me

272 3345 334 3399 δὲ
371 3346 627 3416 θεωρεῖτέ
657 3362 745 3415 με,
774 3346 855 3398 ὅτι
889 3343 998 3412 ἐγὼ
1028 3342 1127 3407 ζῶ·
1158 3343 1249 3396 καὶ
1276 3344 1436 3413 ὑμεῖς
1476 3340 1728 3414 ζήσεσθε.
1762 3341 1849 3395 Ἐν

1957 3366 2062 3406 non
2092 3352 2235 3407 videt
2262 3371 2275 3408 :
2308 3367 2404 3408 vos
2431 3363 2607 3408 autem
2643 3354 2837 3408 videtis
2873 3369 2978 3420 me,
3019 3355 3140 3423 quia
3173 3369 3273 3426 ego
3307 3356 3449 3415 vivo.
3477 3365 3530 3406 et

276 3437 468 3511 ὲκείνῃ
507 3439 574 3507 τῇ
630 3438 814 3508 ἡμέρᾳ
857 3434 1128 3505 γνώσεσθε
1164 3435 1357 3505 ὑμεῖς.
1396 3435 1477 3488 ὅτι
1523 3434 1635 3502 ἐγὼ
1680 3436 1737 3487 ὲν
1775 3434 1852 3503 τῷ

210 3582 219 3589 ,
271 3529 452 3600 Harp!
486 3547 587 3598 μου
609 3570 625 3595 ,
660 3531 757 3583 καὶ
798 3530 954 3600 ὑμεῖς
985 3531 1041 3581 ὲν
1066 3530 1188 3598 ἐμοὶ
1215 3528 1371 3596 κάγὼ
1422 3530 1479 3581 ἐν
1516 3529 1663 3597 ὑμῖν.
1700 3547 1718 3580 1
1752 3526 1844 3598 Μὴ

271 3622 576 3693 φοὸηθῆτε,
628 3623 792 3693 φησὶν
815 3663 829 3689 ,
861 3622 943 3675 ὅτι
972 3618 1124 3675 εἷπον
1166 3622 1314 3691 ὑμῖν,
1353 3641 1371 3674 1
1419 3620 1612 3674 Ἀλλον
1661 3620 1851 3689 Παρά-

272 3716 476 3786 κλητον
505 3713 726 3785 πέμψω,
767 3732 785 3764 1
822 3713 1155 3784 νομίζοντες,
1187 3714 1270 3767 ὅτι
1305 3712 1404 3767 οὑκ
1427 3713 1507 3766 ἔτι
1536 3713 1721 3767 λοιπον
1750 3712 1850 3782 ἐμὲ

268 3805 494 3876 ὄψεσθε
513 3807 574 3859 οὐ
592 3806 701 3877 γὰρ
719 3806 1172 3877 ἀπαναστήσομαι
1195 3805 1351 3877 ὑμῶν
1372 3808 1451 3870 εἰς
1480 3805 1652 3868 τέλος.
1676 3823 1694 3856 1
1720 3804 1853 3875 Ἔρο

268 3918 443 3971 χομαι
481 3918 501 3951 1
540 3898 675 3968 γὰρ,
724 3898 821 3953 καὶ
869 3917 889 3951 1
943 3899 1044 3952 οὑκ
1073 3900 1266 3971 ἀφήσω
1300 3901 1444 3970 ὑμᾶς
1484 3899 1773 3968 ὀρφανούς.
1826 3917 1845 3950 1

279 3989 442 4043 Ἐπεὶ
474 3990 798 4062 ἀρχόμενος,
833 4008 851 4040 1
882 3989 1082 4043 Τεκνία
1114 4010 1132 4042 1
1165 3991 1359 4054 αὑτοὺς
1386 3989 1594 4059 ἔλεγεν.
1622 3989 1850 4044 ἀκολού-

270 4081 385 4145 θως
415 4080 511 4136 νῦν
540 4098 725 4152 φησιν’
768 4100 786 4135 1
825 4083 939 4137 Οὑκ
970 4083 1167 4155 ἀφήσω
1188 4084 1332 4155 ὑμᾶς
1352 4083 1642 4155 ὀρφανούς.
1675 4102 1694 4136 1
1735 4084 1853 4138 Ἵνα

271 4171 330 4226 δὲ
358 4173 434 4243 μὴ
457 4173 771 4243 νομίσωσιν,
793 4174 876 4227 ὃτι
898 4174 973 4236 ὡς
996 4174 1281 4245 πρότερον,
1309 4174 1491 4244 μέλλει
1516 4173 1855 4245 ἐμφανισθῆ-

269 4281 369 4318 ναι
402 4264 498 4317 καὶ
534 4263 720 4327 αὑτοῖς
756 4263 848 4316 καὶ
895 4264 1033 4319 πᾶσι
1073 4263 1212 4333 μετὰ
1241 4266 1513 4333 σώματος,
1548 4265 1734 4334 φησὶν,
1770 4265 1852 4318 ὅτι

275 4375 297 4408 1
353 4355 417 4409 Ὀ
440 4355 642 4426 κόσμος
670 4358 772 4410 οὑκ
800 4357 880 4410 ἔτι
911 4358 1107 4428 θεωρεῖ
1135 4374 1222 4428 με.
1258 4377 1278 4410 1
1317 4357 1505 4428 Ὑμεῖς
1532 4339 1661 4430 γᾶρ,
1690 4359 1848 4428 φησὶ,

270 4449 430 4520 μόνοι
464 4448 660 4519 ὄψεσθέ
704 4467 770 4519 με
805 4449 901 4505 καὶ
936 4450 1076 4520 μετὰ
1121 4452 1221 4521 τὴν
1255 4449 1574 4505 ἀνάστασιν.
1632 4470 1652 4503 1
1685 4451 1774 4505 Ζῶ
1827 4472 1846 4505 1

270 4539 411 4610 γὰρ,
448 4541 498 4592 εἰ
525 4540 618 4592 καὶ
655 4539 884 4594 θάνατον
914 4540 1157 4611 δέξομαι,
1193 4540 1289 4595 καὶ
1333 4540 1652 4612 ἀνίσταμαι.
1684 4560 1703 4593 1
1741 4543 1854 4596 Καὶ

1953 3455 2048 3494 vos
2075 3442 2287 3500 vivetis.
2312 3442 2372 3498 In
2398 3443 2491 3498 illo
2520 3444 2605 3499 die
2632 3459 2729 3499 vos
2752 3444 3087 3515 cognoscetis
3111 3447 3251 3512 quod
3278 3459 3379 3514 ego
3410 3460 3525 3497 sum

1956 3530 2006 3583 in
2041 3530 2199 3587 Patre
2235 3545 2373 3596 meo,
2420 3542 2474 3588 et
2499 3549 2593 3587 vos
2624 3533 2675 3587 itt
2708 3549 2812 3595 me,
2850 3544 2897 3587 et
2933 3548 3033 3603 ego
3066 3534 3118 3587 in
3170 3534 3340 3589 vobis.
3399 3554 3416 3583 1
3454 3533 3529 3584 Nu.

1957 3624 2229 3688 metuatis,
2265 3624 2456 3693 inquit,
2490 3625 2613 3695 quia
2658 3626 2766 3680 dixi
2803 3626 2950 3679 vobis
2979 3641 3062 3679 me
3096 3644 3114 3677 1
3168 3626 3329 3680 alium
3363 3626 3526 3679 νηί-ιι-

1953 3713 2149 3765 oletum
2185 3714 2338 3769 vobis
2367 3716 2682 3778 missurum,
2733 3732 2752 3765 1
2785 3714 3066 3769 credentes
3102 3714 3243 3784 quod
3279 3731 3361 3767 me
3391 3714 3527 3768 ultra

1955 3821 2059 3859 non
2094 3807 2216 3862 sitis
2247 3808 2412 3862 visuri
2447 3825 2463 3863 :
2497 3822 2601 3862 non
2632 3808 2775 3862 enim
2809 3807 2972 3862 abero
3007 3823 3036 3861 a
3078 3807 3227 3860 vobis
3263 3822 3430 3875 usque
3475 3808 3526 3860 in

1957 3896 2137 3951 linem.
2170 3915 2188 3948 1
2224 3897 2449 3952 Veniam
2489 3915 2508 3949 1
2541 3897 2684 3953 enim
2713 3908 2768 3952 et
2799 3916 2819 3949 1
2848 3913 2949 3953 non
2985 3897 3282 3967 relinquam
3313 3913 3409 3953 vos
3438 3916 3529 3951 or—

1956 3987 2184 4057 pbanos.
2237 4007 2255 4040 1
2294 3987 2427 4055 Quia
2460 3989 2609 4058 prius
2655 4007 2674 4042 1
2716 3987 2855 4044 ﬁlios
2891 4006 2911 4041 1
2945 4004 3040 4045 eos
3090 3989 3340 4054 dixerat,
3390 4007 3530 4043 nunc

1955 4090 2350 4150 consequenter
2387 4081 2561 4152 inquit
2608 4100 2623 4137 :
2658 4100 2677 4133 1
2710 4079 2826 4137 Non
2866 4081 3167 4150 relinquam
3205 4096 3300 4135 vos
3328 4085 3527 4151 orpha-

1957 4189 2074 4229 nos.
2116 4192 2135 4225 1
2178 4172 2249 4230 Ut
2274 4184 2453 4228 autem
2494 4189 2560 4230 ne
2588 4175 2901 4230 existiment
2931 4175 3071 4244 quod
3101 4175 3257 4229 sieut-
3282 4176 3431 4246 prius
3460 4177 3530 4228 sit

1956 4263 2385 4320 manifestandus
2427 4274 2481 4319 et
2523 4266 2654 4335 ipsis
2696 4275 2744 4321 et
2774 4265 3024 4322 omnibus
3063 4266 3115 4320 in
3156 4281 3419 4333 corpore,
3452 4267 3530 4321 iu-

1954 4356 2111 4424 quit:
2151 4375 2170 4407 1
2204 4354 2430 4412 Mundus
2449 4355 2561 4424 jam
2592 4371 2677 4412 me
2705 4372 2810 4412 non
2838 4358 2983 4413 videt
3020 4376 3034 4412 :
3073 4376 3092 4409 1
3128 4373 3221 4413 vos
3243 4361 3409 4421 enim,
3445 4361 3531 4412 in-

1951 4448 2096 4518 quit,
2135 4447 2235 4504 soli
2267 4448 2519 4504 videbitis
2549 4464 2635 4503 me
2660 4489 2675 4513 ,
2707 4450 2871 4503 etiam
2908 4460 3023 4518 post
3056 4455 3526 4506 resurrectionem.

1954 4561 1972 4592 1
2005 4540 2138 4596 Vivo
2167 4560 2186 4594 1
2210 4542 2375 4609 enim,
2399 4552 2453 4597 et
2475 4542 2725 4611 quamvis
2743 4552 2968 4598 mortem
2990 4542 3181 4608 feram,
3208 4557 3484 4613 resurgam
3513 4563 3524 4595 τ

268 4633 437 4701 ὑμεῖς
474 4630 531 4683 δὲ
569 4630 826 4701 ζήσεσθε·
869 4650 889 4684 1
927 4632 1234 4698 τουτέστιν,
1292 4633 1513 4697 ’ἰδόντες
1561 4651 1629 4706 με
1679 4636 1849 4706 χαρή-

1961 4649 1980 4682 1
2020 4640 2075 4687 et
2107 4648 2202 4689 vos
2239 4648 2454 4704 quoque
2490 4634 2706 4700 vivetis,
2761 4651 2781 4686 1
2825 4633 2925 4689 hoc
2978 4644 3085 4702 est,
3120 4650 3241 4691 eum
3277 4636 3529 4691 videbitis

272 4723 460 4788 σεσθε,
502 4725 595 4776 καὶ
624 4717 734 4775 οἷον
759 4724 1253 4794 ἀπονεκρωθέντες,
1287 4726 1617 4781 ἀναδιώσετε
1646 4730 1714 4799 τῇ
1742 4729 1847 4798 ἐμῇ

272 4813 572 4886 ἐμφανεεᾳ.
618 4815 690 4867 Ἦ
742 4816 838 4868 καὶ
880 4814 1086 4879 οὕτως’
1122 4815 1353 4887 Ὥσπερ,
1410 4818 1592 4889 φησὶν,
1642 4819 1670 4871 ὁ
1718 4818 1878 4890 ἐμὸς·

273 4906 511 4969 θάνατος
541 4906 621 4969 εἰς
649 4905 791 4977 ζωὴν
830 4905 1083 4976 γέγονεν,
1122 4908 1265 4961 οὑτω
1309 4909 1412 4962 κᾶν
1445 4910 1605 4979 ὑμεῖς
1640 4910 1846 4965 ἀποθά-

274 5010 430 5067 νητε,
469 5012 489 5049 1
535 4994 790 5067 ζήσεσθε.
829 5016 848 5050 1
899 4999 990 5070 Μὴ
1017 4999 1199 5053 τοίνυν
1230 5001 1368 5070 μήτε
1411 4999 1498 5053 ἐπ’
1525 5002 1649 5072 ἐμοὶ
1688 5002 1849 5075 θνήσ-

276 5104 430 5140 κοντι
465 5087 720 5141 λυπεῖσθε
743 5129 758 5155 ,
793 5090 929 5162 μήτε
959 5092 1045 5160 ἐφ’
1078 5091 1312 5155 ἑαυτοῖς.
1343 5092 1460 5146 Κᾶν
1487 5093 1594 5164 γὰρ
1625 5093 1843 5165 θάνητε,

273 5178 510 5248 ζήσεσθε
568 5182 667 5249 τὴν
725 5183 1023 5252 μέλλουσαν
1071 5184 1239 5253 ζωήν.
1308 5204 1325 5237 1
1396 5185 1485 5238 Ἐν
1539 5185 1723 5257 ἐκείνῃ
1780 5189 1847 5256 τῇ

273 5271 462 5342 ἡμέρᾳ
491 5271 786 5339 γνώσεσθε,
818 5275 899 5328 ὅτι
927 5274 1039 5342 ἐγὼ
1067 5277 1124 5328 ὲν
1153 5276 1228 5346 τῷ
1255 5275 1429 5345 Πατρί
1477 5291 1600 5345 μου·
1641 5294 1658 5327 1
1694 5292 1851 5328 τουτ-

271 5364 448 5427 έστιν,
493 5365 660 5418 Ὅταν
708 5365 952 5427 ἀναστῶ,
998 5385 1015 5417 1
1062 5366 1356 5433 γνώσεσθε,
1389 5388 1408 5420 1
1473 5369 1554 5421 ὃτι
1591 5368 1691 5443 οὑκ
1738 5370 1847 5421 ἀπ-

270 5454 541 5525 έσχισμαι
575 5454 670 5508 τοῦ
706 5457 939 5527 Πατρὺς,
960 5457 1095 5512 ἀλλὰ
1128 5459 1228 5529 τὴν
1255 5458 1425 5528 αὑτὴν
1452 5458 1560 5530 ἔχω
1595 5459 1847 5531 δύναμιν.

274 5561 299 5597 1
345 5546 455 5597 Καὶ
485 5544 641 5613 ὑμεῖς
668 5545 726 5597 ὲν
752 5545 874 5617 ἐμοὶ
903 5546 1049 5611 ἐστε,
1083 5565 1102 5598 1
1131 5546 1523 5618 φυλαττόμενοι
1552 5550 1643 5602 ὑπ’
1669 5549 1805 5619 ἐμοῦ
1829 5565 1844 5581 ⁸

275 5654 297 5687 1
339 5633 513 5703 Κάγὼ
545 5634 604 5687 ὲν
638 5635 788 5705 ὑμῖν,
827 5656 845 5688 1
883 5639 1005 5690 ἀντὶ
1032 5638 1148 5701 τοῦ,
1175 5637 1312 5692 Μεθ’
1344 5638 1498 5710 ὑμῶν
1528 5641 1665 5711 ειμι,
1698 5641 1846 5708 ἐξαι-

272 5725 542 5798 ρούμενος
569 5727 676 5784 τῶν
706 5728 957 5799 θλίψεων,
985 5733 1054 5785 τὰ
1082 5731 1339 5802 θαύματα.
1371 5731 1438 5786 δι’
1468 5722 1623 5804 ὑμῶν
1652 5733 1847 5801 τελῶν,

345 5910 391 5942 ³·
424 5908 466 5964 li
508 5911 635 5966 Cor.
666 5927 739 5975 vt,
782 5911 841 5967 l6
871 5928 885 5977 ;
923 5911 1095 5969 chit.
1120 5927 1233 5980 ut,
1271 5913 1355 5968 12.

1958 4740 2064 4791 me,
2108 4726 2439 4795 laetabimini,
2474 4738 2527 4781 et
2557 4728 2709 4798 quasi
2751 4727 2915 4784 occisi
2953 4729 3290 4785 reviviscetis
3323 4729 3375 4784 in
3409 4745 3526 4784 mea

1958 4816 2412 4873 manilestalione.
2468 4817 2559 4874 Vel
2610 4820 2773 4875 etiam
2827 4821 2906 4875 sic
2952 4835 2966 4873 :
3020 4820 3523 4888 Quemadmodum,

1958 4908 2164 4979 inquit,
2219 4924 2365 4964 mors
2399 4926 2514 4965 mea
2551 4911 2692 4967 laeta
2721 4923 2807 4968 est
2841 4912 2908 4968 ad
2946 4915 3145 4978 vitam,
3174 4914 3249 4969 ita
3287 4916 3449 4970 etiam
3483 4917 3525 4968 si

1956 5013 2051 5053 vos
2080 4999 2404 5066 moriemini,
2448 5018 2465 5052 1
2501 5000 2707 5057 vivetis.
2748 5021 2768 5054 1
2804 5002 2881 5059 Ne
2914 5003 3075 5075 igitur
3107 5013 3279 5060 estote
3322 5006 3526 5065 tristes.

1955 5091 2040 5144 vel
2098 5100 2315 5163 propter
2378 5108 2462 5148 me
2516 5095 2606 5163 qui
2674 5096 2912 5163 morior,
2981 5085 3352 5170 vel-propter
3409 5113 3524 5151 vos.

1952 5181 2088 5239 Nam
2167 5184 2292 5240 licet
2364 5187 2704 5255 moriamini,
2748 5188 2940 5245 vivetis
2997 5190 3051 5244 in
3116 5198 3371 5245 aeternam
3450 5193 3529 5243 vi-

1956 5284 2090 5332 tam.
2154 5278 2244 5333 Illa
2285 5280 2428 5333 enim
2475 5278 2564 5334 die
2614 5280 2797 5336 scietis
2849 5282 2992 5351 quod
3045 5300 3064 5334 1
3122 5280 3234 5353 Ego
3283 5283 3333 5336 itt
3365 5280 3525 5337 Patre

1958 5384 2099 5435 meo,
2122 5366 2156 5420 ἰ
2194 5370 2294 5424 boc
2320 5378 2423 5435 est,
2458 5371 2592 5426 Cum
2621 5387 2857 5443 surgam,
2897 5391 2917 5425 1
2958 5371 3139 5428 scietis
3175 5391 3194 5424 1
3238 5373 3379 5444 quod
3418 5390 3522 5426 non

1955 5462 2056 5515 sim
2086 5476 2116 5514 a
2149 5459 2307 5515 Patre
2337 5473 2638 5531 separatus,
2671 5464 2765 5518 sed
2800 5464 3041 5518 eamdem
3084 5465 3256 5519 habeo
3285 5475 3526 5535 potesta-

1956 5564 2084 5610 tem.
2116 5572 2135 5606 1
2174 5553 2240 5608 Et
2266 5569 2360 5610 vos
2388 5556 2440 5609 in
2477 5572 2559 5610 me
2589 5557 2739 5621 estis,
2774 5575 2791 5608 1
2828 5572 2963 5626 quos
2985 5572 3084 5626 ego
3108 5560 3370 5615 custodio.
3410 5577 3428 5610 1
3462 5560 3523 5613 Irlt

1954 5661 2054 5716 ego
2082 5646 2133 5700 in
2157 5646 2327 5712 vobis,
2370 5665 2387 5698 1
2419 5647 2517 5702 hoc
2546 5658 2646 5712 est,
2676 5648 2950 5703 vobiscum
2992 5664 3130 5714 sum,
3171 5664 3264 5705 vos
3288 5650 3523 5721 eripiens

1954 5749 2021 5792 ex
2060 5735 2340 5803 periculis,
2378 5736 2634 5791 miracula
2662 5751 2757 5808 per
2793 5751 2885 5793 vos
2911 5752 3158 5809 operans,
3190 5740 3529 5811 gloriﬁcaue-

1887 5913 2111 5964 ΓΑ.
