4056 6572
477 433 579 497 183

1359 426 1936 489 ΤιιΕΟΡιΙΥιΑαΠ
1992 423 2404 485 BULGARIIE
2440 419 2792 482 ARCIIIEP.

3616 396 3720 461 181

468 561 575 616 q'Je
608 560 699 600 vos
724 560 817 615 per
840 544 1041 598 omnia.
1072 542 1135 598 Et
1154 542 1342 597 aliter:
1379 562 1397 594 ι
1425 542 1480 596 In
1507 542 1657 595 vobis
1685 555 1857 604 sum,»
1888 547 1947 593 ιιι
1964 554 2050 592 ca-
2080 585 2085 594 .

2192 536 2392 603 οξάξων
2433 535 2577 605 ὑμᾶς
2623 529 2811 592 ἁπλῶς
2853 528 2939 583 διὰ
2984 526 3226 582 πάντων.
3277 519 3389 576 Καὶ
3436 517 3611 580 άλλως
3650 516 3738 570 δέ·

468 647 563 705 put
596 635 647 689 in
687 634 983 700 membris;
1033 634 1277 688 membra
1325 635 1471 687 enim
1531 631 1734 686 Christi
1761 631 1830 692 δ’,
1886 645 2044 695 apos-

470 727 609 781 toli:
657 744 677 778 ι
710 736 763 781 et
809 741 903 781 vos
956 727 1010 780 in
1043 743 1148 788 me,
1211 745 1231 779 ι
1270 726 1414 780 sicut
1462 724 1700 778 membra
1738 722 1790 776 in
1847 722 2043 791 capite.

473 820 697 885 Quando
723 833 850 889 ergo
884 820 1202 884 resurrexit,
1236 817 1572 872 manifestam
1595 816 1662 871 de
1687 818 1769 871 his
1797 815 2048 869 omnibus

474 912 754 967 srientiam
787 913 1028 966 tradidit.
1061 911 1245 967 Gratia
1278 914 1421 967 enim
1456 911 1692 981 Spiritus
1725 920 1845 979 post
1870 924 2048 962 resur-

479 1006 771 1061 rectionem
806 1005 985 1059 omnia
1030 1005 1116 1059 illa
1147 1005 1327 1059 docuit
1362 1021 1479 1058 eos.
1516 1003 1650 1061 Cum
1684 1013 1861 1057 autem
1896 1003 2051 1056 audis

475 1095 618 1164 quod
649 1114 666 1145 ι
699 1095 808 1167 Ego
839 1096 890 1149 in
917 1092 1095 1159 Patre,
1123 1106 1176 1151 et
1209 1098 1372 1151 vosin
1404 1111 1510 1158 me,
1533 1104 1585 1149 et
1610 1109 1709 1163 ego
1741 1095 1791 1147 in
1818 1093 1987 1155 vobis,
2027 1111 2046 1144 ι

481 1202 550 1239 ne
578 1187 827 1241 similiter
852 1187 1142 1260 intelligas.
1184 1186 1316 1242 Nam
1347 1187 1516 1242 Filius
1541 1187 1756 1256 quidem
1788 1185 1838 1240 in
1873 1186 2051 1248 Patre,

482 1287 544 1330 ut
574 1278 644 1329 illi
673 1278 1150 1333 eousubstantialis
1182 1298 1198 1334 :
1232 1280 1281 1333 in
1311 1278 1570 1346 apostolis
1596 1289 1798 1340 autem,
1828 1276 2057 1346 ntadju-

485 1380 572 1422 tor
615 1379 669 1422 et
703 1371 1056 1440 cooperarins
1086 1388 1103 1437 ;
1137 1383 1189 1425 et
1221 1371 1447 1439 apostoli
1482 1370 1532 1422 iu
1569 1384 1655 1433 eo,
1688 1380 1746 1422 ut
1781 1371 1869 1437 qui
1907 1366 2071 1437 adjui

486 1473 706 1526 rantur,
725 1472 779 1517 et
799 1474 1206 1533 cooperatorem
1242 1467 1502 1519 habentes
1525 1466 1593 1516 ab
1622 1466 1741 1533 ipso
1767 1463 2054 1519 fovemur:

487 1556 609 1624 quia
641 1564 695 1610 et
729 1556 898 1610 nmlta
931 1558 1032 1611 alia
1068 1559 1282 1611 nomina
1314 1557 1380 1609 de
1411 1558 1520 1611 Deo
1549 1568 1602 1610 et
1632 1557 1944 1612 hominibus
1974 1556 2061 1612 di~

488 1658 705 1714 cuntur,
734 1648 825 1705 sed
853 1664 956 1704 non
991 1649 1241 1705 similiter
1276 1650 1666 1719 intelliguntur.
1701 1650 1781 1704 Dii
1806 1651 1947 1703 enim
1975 1650 2062 1706 di-

491 1738 667 1791 rimur
699 1750 750 1793 et
788 1754 883 1793 nos
914 1740 982 1806 ⁵³,
1030 1740 1123 1795 sed
1179 1756 1283 1795 non
1324 1757 1389 1795 ex
1431 1757 1606 1811 asquo.
1658 1740 1866 1795 Dicitur
1899 1739 2066 1795 Filius

496 1831 669 1899 imago
698 1841 754 1886 et
777 1831 945 1899 gloria
976 1832 1150 1888 Patris
1174 1833 1220 1865 “
1246 1872 1262 1897 ,
1292 1844 1345 1888 et
1371 1835 1533 1888 homo
1565 1850 1800 1903 quoque,
1829 1835 1921 1889 scd
1959 1850 2064 1889 non

493 1922 765 1979 similiter.
801 1924 877 1980 lta
912 1926 1027 1980 haec
1056 1941 1269 1995 quoque
1294 1926 1634 1996 intelligenda
1666 1937 1818 1991 sunt,
1850 1926 1990 1981 sicut
2016 1937 2070 1981 et

495 2017 620 2083 hoc,
659 2036 677 2070 ι
715 2018 1172 2083 Quemadmodum
1200 2019 1347 2073 misit
1377 2034 1462 2073 me
1487 2017 1669 2083 Pater,
1698 2028 1754 2075 et
1783 2032 1882 2088 ego
1917 2021 2071 2074 mizto

496 2122 615 2171 vos,
649 2127 667 2158 ι
717 2124 840 2161 num
888 2108 1050 2176 igitur
1076 2108 1157 2162 sic
1187 2109 1449 2163 debemus
1482 2109 1781 2173 intelligere
1809 2109 2073 2175 simplici-

502 2210 584 2253 ter
601 2201 934 2257 iMinime”.
952 2201 1325 2272 Misitquidem
1344 2200 1536 2257 Filium
1556 2219 1711 2256 suum
1727 2202 2073 2273 Pater,705

499 2291 593 2361 qui
633 2306 750 2348 erat
779 2293 1151 2363 incorporeus,
1183 2305 1238 2348 et
1280 2295 1473 2349 deinde
1514 2295 1826 2349 incarnatus
1871 2306 1978 2358 est,
2021 2306 2077 2348 et

500 2399 568 2437 ex
602 2385 812 2456 virgine
839 2396 998 2441 natus
1022 2398 1103 2441 est
1129 2402 1144 2452 ;
1174 2386 1337 2455 igitur
1365 2397 1419 2440 et
1448 2385 1678 2454 apostoli
1708 2402 1774 2441 ex
1798 2386 1937 2440 cmlo
1965 2387 2075 2440 nati

505 2484 653 2538 sunt,
687 2485 739 2529 ct
787 2476 1111 2546 incorporei.
1145 2485 1199 2531 et
1239 2478 1431 2532 deinde
1471 2477 1755 2541 iucarnati,
1790 2493 1819 2531 e
1850 2478 2077 2546 virgini-

505 2565 714 2626 busque
744 2564 851 2619 nati
880 2566 1168 2621 sunt?Sed
1203 2567 1277 2621 ita
1301 2582 1568 2635 exponere
1602 2566 1933 2637 Scripturas,
1964 2583 2079 2620 ma-

504 2652 701 2711 nifeste
724 2656 955 2712 delirare
977 2668 1078 2712 est.

1582 2768 1605 2821 /

579 2842 745 2897 Vsus.
775 2842 864 2906 2|,
887 2842 975 2897 22.
1011 2860 1029 2894 ι
1059 2841 1159 2908 Qui
1191 2843 1352 2898 habet
1383 2847 1632 2897 mandata
1664 2858 1802 2909 mea,
1829 2853 1883 2896 et
1908 2850 2086 2897 servat

508 2948 598 2998 ea,
631 2932 718 2986 ille
755 2943 838 2988 est
871 2936 960 3003 qui
996 2949 1079 2988 me
1102 2934 1296 3004 diligit.
1321 2933 1420 3007 Qui
1457 2944 1635 2988 autem
1665 2934 1837 3003 diligit
1864 2949 1969 2998 nte,
2007 2934 2086 2987 di-

508 3024 708 3093 ligetur
730 3040 759 3078 ιι
794 3023 972 3090 Patre,
1005 3037 1055 3080 et
1075 3041 1173 3095 ego
1206 3025 1424 3096 diligam
1461 3041 1607 3090 eum,
1644 3036 1697 3079 et
1721 3025 2080 3080 manifestabo

515 3120 566 3175 ei
596 3119 882 3187 meipsum.
909 3119 1041 3176 Dicit
1076 3121 1123 3175 ei
1159 3120 1346 3187 Judas,
1374 3137 1477 3176 non
1502 3120 1591 3176 ille
1624 3120 1941 3176 lscariotes:
1980 3122 2085 3174 Do~

515 3208 680 3270 mine,
713 3208 838 3278 quid
869 3207 1068 3262 factum
1092 3218 1173 3264 est
1197 3209 1338 3278 quod
1375 3210 1820 3265 manifestatnrus
1848 3225 1908 3263 es
1932 3210 2088 3265 nobis

516 3301 770 3369 teipsntn,
819 3309 874 3354 et
913 3317 1018 3356 non
1052 3302 1291 3356 muudo?
1333 3321 1351 3353 ι
1391 3300 1543 3357 Sicut
1570 3310 1624 3356 et
1655 3302 1905 3369 superius
1951 3302 2088 3357 dixi-

517 3412 656 3462 mus,
687 3396 868 3453 verbis
904 3397 1206 3466 lmjusmodi
1242 3396 1513 3450 triatitiam
1544 3395 1758 3450 illorum
1792 3395 1964 3455 Sedat,
1993 3396 2091 3448 do-

518 3504 650 3544 cens
675 3506 769 3545 eos
811 3492 950 3561 quod
981 3490 1068 3544 ille
1112 3490 1295 3559 diligat
1327 3490 1522 3560 ipsum,
1556 3504 1660 3542 non
1710 3488 1800 3557 qui
1847 3486 1991 3541 dolet
2036 3486 2090 3540 in

519 3591 689 3637 morte
719 3583 866 3654 ejus,
897 3584 1038 3653 quod
1066 3594 1119 3638 et
1149 3582 1225 3636 illi
1254 3581 1593 3651 patiebantur
1615 3620 1630 3644 ,
1662 3580 1754 3635 scd
1797 3579 1889 3647 qui
1938 3595 2092 3633 man-

520 3676 643 3729 data
677 3677 794 3746 ejus
824 3685 877 3730 et
907 3687 1169 3746 praecepta
1214 3684 1396 3749 servat
1442 3674 1507 3728 de
1541 3672 1936 3727 contemnenda
1985 3671 2093 3724 vita

521 3778 807 3836 pra-settle,
839 3777 892 3821 et
919 3770 1162 3835 ponenda
1202 3768 1380 3821 anima
1408 3782 1504 3834 pro
1534 3765 1752 3819 Christo
1780 3774 1835 3818 et
1858 3763 2094 3828 virtute;

522 3860 674 3924 quasi
710 3860 783 3913 ita
812 3860 997 3915 dicens
1019 3861 1099 3914 eis
1144 3877 1158 3915 :
1191 3859 1299 3914 Vos
1326 3860 1540 3928 quidem
1574 3858 1778 3927 putatis
1809 3857 1950 3925 quod
1987 3870 2098 3925 prae

524 3952 814 4009 dilectione
850 3953 1077 4008 deleatis
1126 3955 1180 4007 in
1216 3962 1391 4008 morte
1432 3966 1549 4006 mea
1595 3968 1613 4008 :
1652 3965 1750 4022 ego
1790 3959 1968 4003 autem
2005 3963 2101 4017 pro

527 4045 810 4100 charitatis
831 4052 1152 4116 argumento
1180 4044 1349 4098 habeo
1380 4059 1487 4098 non
1512 4041 1715 4096 dolere.
1743 4039 1893 4105 Quod
1921 4048 2099 4093 autem

530 4139 632 4192 hoc
666 4137 831 4202 dicat,
867 4134 1211 4191 manifestum
1244 4145 1325 4192 est
1352 4151 1416 4189 ex
1455 4135 1540 4189 his
1566 4149 1686 4203 qua!
1717 4138 1904 4202 postea
1930 4130 2103 4185 dicit:

534 4249 553 4281 ι
585 4229 640 4286 Si
677 4231 972 4301 diligeretis
1010 4246 1117 4293 me,
1145 4230 1453 4299 gauderetis
1483 4230 1688 4297 utique,
1728 4228 1871 4297 quod
1901 4225 1966 4278 ad
2004 4224 2101 4279 Pa«

533 4338 671 4380 trem
703 4340 845 4380 eam.
897 4342 919 4377 ι
950 4323 1051 4391 Qui
1086 4338 1216 4393 ergo
1254 4321 1427 4391 diligit
1476 4336 1561 4374 me
1584 4363 1601 4385 ,
1643 4321 1803 4376 habet
1851 4318 2106 4373 mandata

536 4434 677 4485 mea,
705 4420 814 4472 imo
847 4434 953 4473 non
1012 4417 1186 4471 solum
1240 4416 1424 4480 habet,
1460 4414 1555 4469 sed
1586 4424 1640 4468 et
1667 4412 1904 4467 custodit
1932 4426 2016 4477 ea,
2052 4418 2112 4464 ut

536 4529 604 4569 ne
636 4512 724 4567 l'ur
748 4512 991 4566 diabolus
1005 4510 1232 4566 veniens
1251 4513 1423 4579 rapiat
1449 4510 1779 4565 thesaurum.
1794 4506 1941 4575 Opus
1963 4507 2111 4562 enim

2157 651 2175 681 ι
2232 630 2320 682 Ἑν
2353 629 2481 697 ὑμῖν
2511 628 2648 696 εἰμι,
2690 643 2708 674 ι
2746 623 2820 685 ὡς
2852 616 3065 689 κεφαλὴ
3098 618 3156 671 ἐν
3184 616 3299 678 τοῖς
3334 612 3520 683 μέλεσι
3550 609 3569 680 (
3597 608 3731 679 μέλη

2151 722 2260 793 γάρ
2285 719 2521 793 Χριστοῦ
2544 719 2593 771 οἱ
2617 715 2951 784 ἀπόστολοι)·
2989 731 3009 763 ι
3047 709 3144 764 καὶ
3172 708 3329 777 ὑμεῖς
3354 706 3409 756 ὲν
3431 705 3573 773 ἐμοὶ,
3614 720 3630 750 ι
3660 699 3734 760 ὡς

2157 815 2293 884 μέλη
2342 815 2400 865 ἐν
2434 815 2499 883 τῇ
2535 810 2771 879 κεφαλῇ.
2820 807 2950 860 Ὅτε
2993 803 3086 858 οὖν
3124 800 3322 867 ἀνέστη
3346 836 3360 856 .
3393 796 3514 849 τότε
3555 793 3739 869 αὐτοῖς

2155 909 2254 978 τὴν
2286 908 2414 976 περὶ
2445 906 2650 958 τούτων
2680 904 2895 955 πάντων
2923 896 3125 965 γνῶσιν
3155 892 3483 963 ἐτράνωσεν.
3527 886 3589 937 'll
3627 885 3736 953 γὰρ

2156 999 2251 1053 τοῦ
2298 997 2615 1066 Πνεύματος
2650 994 2808 1064 χάρις
2852 988 2991 1060 μετὰ
3031 985 3130 1056 τὴν
3181 982 3480 1037 ἀνάστασιν
3508 1019 3523 1042 ,
3563 978 3739 1028 πάντα

2161 1091 2356 1151 αὐτοὺς
2389 1087 2791 1153 ὲξεπαίδευσεν.
2833 1084 2999 1136 Ὅταν
3042 1079 3097 1131 δέ
3129 1077 3356 1146 ἀκούῃς,
3387 1074 3469 1125 ὃτι
3518 1088 3538 1121 ι
3598 1065 3740 1133 Ἐγὼ

2164 1186 2221 1237 ὲν
2255 1181 2333 1251 τῷ
2374 1180 2581 1250 Πατρὶ,
2636 1178 2731 1231 καὶ
2765 1177 2921 1245 ὑμεῖς
2956 1174 3013 1226 ἐν
3052 1170 3197 1241 ἐμοὶ,
3239 1164 3397 1233 κάγὼ
3439 1168 3494 1215 ἐν
3528 1161 3677 1229 ὑμῖν,
3724 1178 3742 1207 ι

2169 1277 2246 1346 μὴ
2275 1274 2476 1345 ὁμοίως
2508 1272 2679 1325 ταῦτα
2709 1270 2842 1322 νόει.
2882 1266 2943 1320 Ὀ
2981 1266 3086 1334 γάρ
3118 1262 3266 1323 Υἱὸς,
3312 1261 3368 1311 ἐν
3406 1258 3504 1327 μὲν
3534 1254 3613 1321 τῷ
3641 1254 3723 1304 lla

2168 1370 2259 1441 τρὶ
2279 1368 2355 1433 ὡς
2386 1364 2670 1437 ὁμοούσιος
2691 1379 2705 1392 ⁸
2736 1364 2793 1415 ὲν
2819 1360 2876 1414 δὲ
2904 1363 3014 1421 τοῖς
3043 1354 3358 1414 ἀποστόλοις
3382 1393 3396 1417 ,
3427 1352 3501 1408 ὡς
3536 1346 3748 1418 βοηθὸς,

2167 1435 2264 1515 καὶ
2288 1435 2570 1526 συνεργός
2599 1455 2697 1509 καὶ
2724 1454 2774 1506 οἱ
2804 1449 3091 1504 ἀπόστολοι
3121 1449 3177 1499 ἐν
3212 1442 3382 1512 αὐτῷ,
3415 1442 3488 1502 ὼς
3525 1435 3747 1509 βοηθού-

2174 1570 2347 1624 μενοι,
2378 1550 2475 1604 καὶ
2499 1546 2945 1617 συνεργούμενοι,
2969 1542 3063 1595 καὶ
3092 1540 3182 1595 ὑπ’
3207 1534 3372 1591 αὑτοῦ
3397 1531 3754 1600 θαλπόμενοι.

2184 1618 2338 1699 Ἐπεὶ
2367 1642 2462 1695 καὶ
2493 1639 2629 1694 ἀλλα
2662 1636 2827 1691 πολλά
2850 1635 3099 1700 λέγονται
3136 1631 3227 1682 ἐπὶ
3256 1625 3393 1681 Θεοῦ
3424 1625 3519 1678 καλ⁸
3543 1618 3754 1691 ἀνθρὼ-

2175 1756 2293 1791 πων
2322 1735 2586 1804 ὀνόματα,
2608 1730 2725 1785 ἀλλ’
2753 1730 2852 1799 οὐχ
2877 1725 3078 1795 ὁμοίως
3110 1720 3378 1776 νοοῦνται.
3407 1714 3615 1771 Λύτίκα
3642 1711 3755 1765 θεοὶ
3777 1778 3798 1788 -

2174 1827 2446 1899 λεγόμεθα
2494 1826 2589 1878 καὶ
2630 1824 2817 1893 ἡμεῖς,
2843 1818 2975 1873 ,ἀλλ’
3026 1817 3128 1870 οὐκ
3171 1812 3406 1881 ἐπίσηςο
3462 1807 3683 1873 λέγεται
3729 1805 3761 1857 6

2098 1900 2147 1959 Β
2177 1927 2307 1988 Υἱὸς
2349 1921 2514 1976 εἰκὼν
2559 1920 2653 1972 καὶ
2684 1916 2811 1980 δόξα
2858 1914 2952 1968 τοῦ
2984 1910 3219 1981 Πατρδς,
3250 1906 3348 1960 καὶ
3374 1906 3403 1957 6
3450 1901 3755 1968 ἄνθρωπος.

2181 2018 2296 2073 ἀλλ’
2341 2017 2439 2085 οὐχ
2487 2012 2708 2083 ὁμοίως.
2747 2009 2935 2071 Οὕτως
2980 2005 3072 2058 οὖν
3117 2003 3210 2056 καὶ
3254 1999 3427 2052 ταῦτα
3470 1995 3550 2047 δεῖ
3594 1992 3755 2052 νοεῖν,

2180 2086 2367 2180 ὥσπερ
2394 2082 2488 2161 παὶ
2516 2082 2594 2170 τὸ,
2631 2124 2649 2155 ι
2690 2100 2883 2163 Καθὼς
2913 2094 3199 2180 ἀπέστειλέ
3222 2110 3288 2163 με
3309 2094 3336 2146 6
3366 2082 3760 2180 {lattpaxiT—t‘o

2184 2202 2386 2271 πέμπω
2421 2197 2587 2264 ὑμᾶς.
2623 2213 2642 2246 ι
2690 2189 2839 2261 ’Δρα
2881 2190 2990 2259 γὰρ
3025 2174 3208 2247 ὀὕτως
3253 2180 3542 2250 ὀφείλομεν
3571 2174 3758 2237 ἀπηῶς

2182 2297 2350 2358 νοείνς
2400 2288 2631 2343 υῦκουν.
2696 2280 3009 2338 Ἀπέστειλε
3060 2279 3156 2349 μὲν
3204 2277 3232 2327 6
3268 2273 3455 2341 Πατὴρ
3496 2270 3587 2321 τὸν
3632 2266 3761 2318 Υἱδιν

2184 2384 2347 2440 αὐτοῦ
2372 2380 2663 2449 ἀσώματον
2683 2377 2836 2439 ὅντα,
2860 2368 2980 2427 εἶτα
3009 2366 3381 2440 σαρκωθὲντα,
3409 2362 3472 2413 ἐκ
3496 2357 3761 2426 παρθένου

2184 2480 2240 2533 δὲ
2272 2477 2635 2545 γεγέννηταιο
2685 2471 2779 2523 καὶ
2826 2470 2873 2521 οξ
2922 2462 3208 2518 ἀπόστολοι
3262 2453 3354 2512 οὖν
3403 2457 3462 2521 ἐξ
3507 2449 3757 2522 οὐρανοῦ,

2188 2573 2285 2626 καὶ
2322 2569 2627 2637 ἀσώματοι,
2663 2560 2780 2618 εἷτα
2823 2558 3218 2629 σαρκωθέντες,
3261 2551 3355 2605 καὶ
3399 2552 3462 2602 ἐκ
3494 2545 3765 2617 παρθένου

2154 2656 2471 2727 γεννηθεὶς
2519 2655 2794 2718 ἓκαστοςς
2843 2648 3003 2702 Ἀλλά
3058 2645 3223 2715 λῆρος
3278 2639 3453 2710 σαφὴς
3501 2637 3559 2690 τὸ
3596 2635 3766 2697 οὓτως

2189 2750 2555 2818 ἐκλαμϐάνειν
2581 2746 2650 2801 τὰ
2687 2745 2785 2814 τῆς
2813 2741 3056 2813 Γραφῆς.

2266 2862 2286 2894 ι
2330 2842 2388 2896 Ὀ
2436 2841 2574 2910 ἔχων
2606 2838 2704 2900 τὰς
2743 2835 2961 2896 ἐντολάς
3009 2848 3151 2903 μου,
3205 2829 3301 2882 καὶ
3348 2823 3528 2897 τηρῶν
3579 2821 3767 2884 αὐτὰς,

2191 2936 2398 2998 ἐκεῖνός
2432 2937 2579 2987 ἐστιν
2609 2933 2636 2984 6
2665 2929 2895 2998 ἀγαπῶν
2931 2944 3022 2997 με.
3075 2924 3134 2978 'U
3164 2923 3219 2976 δὲ
3252 2918 3481 2988 ἀγαπῶν
3520 2934 3608 2986 με,
3638 2918 3769 2981 ἀγα-

2194 3026 2502 3094 πηθήσεται
2556 3021 2660 3075 ὑπὸ
2688 3019 2783 3073 τοῦ
2817 3015 3030 3089 Πατρός
3058 3032 3161 3084 μου
3183 3052 3199 3075 ,
3230 3012 3327 3066 καὶ
3361 3008 3471 3077 ἐγὼ
3502 3008 3775 3075 ἀγαπήσω

2194 3120 2392 3185 αὐτὸν,
2452 3117 2546 3170 καὶ
2592 3113 2878 3183 ἐμφανίσω
2933 3108 3080 3178 αὐτῷ
3122 3104 3383 3176 ἐμαυτόν.
3427 3101 3589 3167 Λέγει
3627 3096 3777 3164 αὖτῷ

2209 3209 2432 3271 Ἰούδας,
2457 3207 2557 3277 οὐχ
2581 3208 2610 3260 6
2652 3203 3002 3274 Ἰσκαριώτης
3029 3216 3043 3229 ο
3074 3198 3248 3265 Κύριε
3267 3237 3283 3261 ,
3327 3195 3421 3246 καὶ
3448 3193 3498 3245 τί
3530 3190 3772 3257 γέγονεν,

2194 3305 2276 3357 ὅτι
2316 3304 2447 3371 ἡμῖν
2499 3299 2713 3369 μέλλεις
2763 3293 3082 3366 ἐμφανίζειν
3129 3289 3383 3350 σεαυτὸν,
3420 3286 3514 3338 καὶ
3546 3284 3664 3353 οὐχὶ
3697 3282 3777 3351 τῷ

2197 3394 2429 3463 avicum;
2473 3390 2633 3444 Καθὰ
2686 3387 2751 3457 δὴ
2783 3386 2881 3440 καὶ
2933 3383 3191 3452 ἀνωτέρω
3246 3380 3472 3448 εἴπομεν
3497 3417 3512 3437 ,
3548 3376 3636 3428 διὰ
3671 3374 3780 3427 τῶν

2197 3484 2457 3538 τοιούτων
2494 3482 2755 3553 ῥημάτων
2793 3477 2891 3547 τὴν
2931 3474 3172 3545 ἀθυμίαν
3207 3471 3387 3524 αὐτῶν
3431 3466 3770 3526 ἀναστέλλει,

2201 3575 2472 3629 διδάσκων
2492 3572 2711 3633 αὐτοὺς,
2736 3571 2817 3621 ὅτι
2844 3569 3052 3628 ἐκεῖνος
3084 3562 3277 3634 ἀγαπᾷ.
3303 3560 3485 3623 αὐτὸν,
3514 3558 3612 3627 οὐχ
3635 3558 3662 3607 6
3685 3557 3780 3608 ἐπὶ

2201 3664 2279 3733 τῷ
2311 3661 2527 3730 θανάτῳ
2559 3657 2724 3712 αὐτοῦ
2768 3655 3015 3726 ἀθυμῶν,
3050 3654 3077 3708 ὃ
3106 3654 3199 3705 καὶ
3231 3652 3384 3705 αὐτοὶ
3432 3650 3736 3718 πάσχουσιν
3763 3688 3778 3712 ,

2203 3757 2319 3811 ἀλλ’
2352 3757 2380 3808 6
2408 3757 2505 3817 τὰς
2547 3752 2768 3815 ἐντολὰς
2797 3750 2963 3805 αὑτοῦ
3000 3750 3098 3802 καὶ
3128 3749 3222 3809 τάς
3269 3743 3645 3814 παραγγελίας
3681 3760 3780 3811 τη-

2210 3851 2340 3922 ρῶν,
2367 3849 2467 3913 τάς
2504 3847 2629 3917 περὶ
2663 3844 2757 3899 τοῦ
2805 3844 2879 3915 μὴ
2925 3841 3318 3896 ἀντιποιεῖσθαι
3348 3839 3446 3907 τῆς
3500 3836 3784 3904 παρούσης

2209 3944 2375 4008 ζωῆς,
2406 3940 2542 3997 ἀλλὰ
2571 3940 2667 4009 τὴν
2696 3938 2874 4009 ψυχὴν
2904 3936 3045 4006 ὑπὲρ
3075 3934 3168 3987 τοῦ
3200 3931 3334 3985 Θεοῦ
3366 3932 3459 3984 καὶ
3492 3927 3584 3982 τοῦ
3614 3925 3784 3980 καλοῦ

2208 4034 2414 4086 τιθέναι
2441 4046 2454 4057 ·
2494 4032 2778 4101 μονονουχὶ
2808 4027 2968 4081 τοῦτο
2998 4025 3171 4093 λέγων
3207 4024 3408 4085 αὐτοῖς·
3456 4020 3643 4088 Ὑμεῖς
3684 4017 3784 4087 μὲν

2211 4121 2482 4191 νομίζετε,
2516 4122 2599 4173 ὃτι
2640 4121 2697 4186 ἐξ
2748 4119 2968 4187 ἀγάπης
3019 4115 3273 4169 λυπεῖσθε
3320 4113 3411 4165 ἐπὶ
3460 4110 3536 4179 τῷ
3572 4109 3791 4178 θανάτῳ

2217 4232 2338 4287 μου’
2360 4213 2470 4282 ἐγὼ
2491 4213 2546 4267 δὲ
2571 4213 2632 4267 τὸ
2661 4213 2736 4283 μὴ
2763 4211 3067 4273 λυπεῖσθαι,
3095 4208 3295 4277 μᾶλλον
3320 4208 3617 4274 τεκμήριον
3647 4201 3785 4268 ἀγά-

2215 4327 2321 4377 πης
2351 4306 2629 4375 ποιοῦμαι.
2660 4306 2781 4357 Ὅτι
2812 4304 2869 4356 δὲ
2899 4303 3057 4355 τοῦτο
3086 4301 3256 4368 λέγει,
3286 4298 3442 4369 δῆλον
3466 4296 3525 4361 ἐξ
3548 4289 3624 4348 ὧν
3650 4292 3788 4364 μετά

2217 4402 2386 4455 πολλά
2407 4417 2592 4471 φησιν.
2626 4417 2646 4450 ι
2678 4398 2740 4450 Εἰ
2762 4393 3012 4469 ἀγαπᾶτέ
3044 4412 3132 4464 με,
3161 4392 3394 4463 ἐχάρητε
3420 4388 3505 4451 ἂν,
3536 4389 3617 4440 ὅτι
3652 4385 3787 4455 πρὸς

2216 4495 2308 4549 τὸν
2336 4495 2553 4562 Πατέρα
2587 4507 2690 4561 μου
2721 4488 3044 4560 πορεύομαι.
3089 4504 3107 4537 ι
3149 4486 3209 4537 '0
3238 4484 3414 4537 τοίνυν
3441 4478 3669 4547 ἀγαπῶν
3699 4494 3788 4545 με,

534 4616 612 4660 est
643 4603 885 4674 diligenti
909 4602 1178 4665 custodia,
1206 4609 1266 4656 ut
1292 4616 1358 4657 ne
1375 4600 1663 4670 perdamus
1687 4614 1773 4654 ea.
1811 4598 1910 4663 Qui
1932 4611 2085 4652 auten

2220 4590 2332 4659 ἔχει
2373 4586 2471 4650 τὰς
2523 4584 2740 4646 ἐντολάς
2791 4599 2919 4651 μου,
2951 4580 3043 4632 καὶ
3072 4577 3133 4630 οὐ
3162 4577 3320 4646 μόνον
3350 4576 3460 4643 ἔχει
3482 4612 3497 4637 ,
3529 4570 3664 4624 ἀλλὰ
3698 4570 3792 4623 καὶ

2295 4680 2308 4685 -
2344 4679 2356 4685 -
2564 4675 2641 4685 ..
2752 4672 2774 4685 ..
2919 4674 2929 4685 .
2999 4667 3112 4685 ..λι
3206 4670 3218 4685 .
3262 4664 3498 4685 νςικη,
3550 4660 3792 4685 e-;e-1--

539 4698 713 4766 diligit
737 4692 1017 4765 rite,quale
1032 4695 1310 4763 praemium
1347 4693 1616 4749 inveniet?
1650 4710 1669 4742 ι
1718 4692 1999 4757 Diligetur,
2026 4691 2114 4746 in-

540 4792 678 4861 quit,
696 4805 725 4843 a
749 4791 902 4845 Patre
919 4798 1060 4854 nico,
1084 4796 1136 4841 et
1163 4801 1261 4857 ego
1291 4787 1505 4855 diligam
1524 4800 1667 4849 eum,
1685 4794 1739 4839 et
1762 4784 2117 4839 manifestalto

541 4884 619 4940 i'li
642 4884 1038 4950 memctipsum.
1066 4900 1083 4933 ι
1103 4879 1282 4946 Quare
1304 4877 1555 4933 hocdixit
1580 4895 1593 4931 :
1625 4895 1647 4929 ι
1673 4875 2117 4931 Manifesmboilli

541 4975 960 5047 memetipsum?
1019 4994 1037 5027 ι
1081 4973 1217 5040 Quia
1260 4982 1379 5042 post
1425 4968 1874 5025 resurrectionem
1924 4984 1984 5023 se
2033 4967 2114 5022 eis

544 5067 987 5125 rnanil‘estaturus
1015 5074 1132 5118 erat
1165 5078 1290 5119 cum
1338 5062 1600 5117 diviniore
1636 5076 1900 5131 corpore,
1943 5068 2001 5112 ut
2046 5074 2117 5113 ne

544 5170 736 5235 putent
766 5160 938 5229 ipsum
970 5154 1294 5227 spiritum'et
1314 5154 1633 5224 phantasma
1657 5169 1798 5216 esse,
1833 5162 2112 5222 propterea

546 5253 792 5326 pradicit
820 5251 901 5307 eis
927 5250 1047 5311 hoc,
1080 5258 1141 5303 ut
1166 5246 1408 5301 videntes
1434 5260 1554 5299 eum
1573 5283 1591 5307 ,
1621 5261 1725 5297 non
1773 5245 2079 5298 discredaut
2099 5282 2115 5305 ,

546 5348 642 5404 sed
677 5346 1028 5401 recordentur
1067 5341 1206 5408 quod
1241 5353 1303 5393 ea
1337 5336 1644 5406 prardixerit
1678 5336 1827 5405 ipsis,
1877 5344 1932 5388 et
1975 5334 2118 5404 quod

549 5448 770 5508 pr0pter
800 5434 1174 5488 mandatorum
1214 5444 1436 5484 suorutn
1469 5427 1905 5481 observationem
1943 5424 2118 5477 mani-

552 5530 775 5582 t‘estetur
796 5525 897 5590 eis,
939 5523 1295 5589 studeantque
1324 5534 1538 5587 seraper
1564 5534 1784 5573 scrvare
1813 5518 1898 5570 illa
1921 5557 1935 5578 ,
1969 5528 2026 5570 ut
2062 5523 2118 5571 et

558 5621 643 5674 llis
669 5634 883 5688 semper
909 5614 1306 5670 manifestetur.
1332 5611 1579 5680 Magnum
1608 5610 1808 5665 etenim
1840 5623 2117 5665 resurrec-

551 5713 716 5768 tionis
768 5720 1168 5766 sacramentum
1195 5750 1210 5774 ,
1261 5704 1474 5761 difﬁcile
1510 5705 1578 5758 ab
1623 5704 1705 5759 eis
1751 5712 2060 5770 susceptum
2096 5715 2113 5754 :

628 5897 672 5928 δ’
708 5895 870 5950 lCor.
925 5910 998 5964 γι,
1033 5891 1114 5948 l5.
1192 5891 1237 5925 ⁸³
1274 5890 1412 5947 Psal.
1456 5906 1612 5957 cxxx,
1649 5888 1701 5941 6.

1780 5885 2019 5940 “lGor.
2079 5900 2136 5947 ιι,
2185 5882 2236 5935 7.

2221 4679 2479 4750 φυλάττει
2517 4675 2709 4738 αὐτὰς,
2752 4672 2839 4725 ἵνα
2873 4674 2948 4741 μὴ
2995 4667 3164 4721 ἐλθὼν
3198 4670 3224 4721 6
3257 4664 3498 4733 κλέπτης
3545 4660 3794 4723 διάϐολος

2221 4773 2427 4843 συλήσῃ
2455 4769 2544 4822 τὸν
2566 4764 2839 4837 θησαυρόν
2861 4781 2873 4794 ο
2912 4762 3158 4831 φυλακῆς
3188 4761 3296 4828 γάρ
3322 4754 3589 4827 ἀκριϐοῦς
3614 4754 3791 4824 χρεία,

2218 4867 2306 4918 ἵνα
2337 4863 2412 4934 μὴ
2435 4860 2790 4929 ἀπολέσωμεν
2828 4855 3051 4917 ταύτας.
3090 4854 3149 4906 ὐ
3179 4851 3234 4904 δὲ
3260 4851 3487 4917 ἀγαπῶν
3523 4864 3611 4919 με,
3643 4848 3794 4898 ποῖον

2217 4957 2451 5013 ἔπαθλον
2480 4955 2755 5025 εὑρίσκεις
2786 4973 2804 5005 ι
2858 4950 3325 5020 Ἀγαπηθήσεται,
3360 4946 3513 5013 φησὶ,
3560 4941 3663 4996 ὑπὸ
3700 4939 3797 4993 τοῦ

2221 5052 2435 5123 Πατρός
2467 5068 2592 5121 μου,
2624 5048 2717 5101 καὶ
2743 5048 2854 5114 ἐγὼ
2875 5045 3146 5113 ἀγαπήσω
3177 5041 3361 5101 αὐτὸν,
3385 5039 3479 5092 καὶ.
3508 5036 3796 5106 ἐμφανίσω

2220 5147 2371 5215 αὐτῷ
2416 5142 2674 5215 ἐμαυτόν.
2721 5162 2738 5193 ι
2786 5139 2943 5202 Τίνος
2990 5137 3047 5191 δὲ
3082 5136 3272 5189 ἕνεκεν
3310 5132 3472 5187 τοῦτο
3515 5127 3668 5192 εἷπε,
3711 5126 3791 5188 τὸ,

2227 5257 2246 5289 ι
2303 5214 2622 5306 Ἑμφανίσω
2650 5227 3109 5299 αὑτῴἐμαυτόνς
3162 5245 3179 5276 ι
3234 5222 3450 5289 Ἐπειδὴ
3508 5219 3646 5287 μετὰ
3697 5214 3795 5285 τὴν

2222 5332 2520 5382 ἀνάστασιν
2549 5325 2774 5394 ἔμελλεν
2804 5322 2990 5383 αὐτοῖς
3021 5317 3400 5387 ἐπιφαίνεσθαι
3445 5314 3581 5382 μετὰ
3621 5310 3794 5361 θεοει-

2221 5419 2477 5489 δεστέρου
2529 5417 2623 5470 τοῦ
2679 5413 2954 5482 σώματος,
3012 5412 3102 5465 ἵνα
3150 5410 3223 5480 μὴ
3276 5406 3573 5476 νομίσωσιν
3635 5398 3797 5455 αὐτὸν

2227 5510 2591 5581 πιιεῦμαικαὶ
2640 5510 2931 5576 φάντασμα
2970 5499 3146 5568 εἶναι,
3197 5500 3286 5554 διὰ
3333 5498 3489 5551 τοῦτο
3539 5492 3798 5566 προλέγει

2225 5604 2384 5659 τοῦτο
2406 5604 2610 5665 αὐτοῖς,
2644 5601 2731 5653 ἵνα
2759 5601 2877 5652 τότε
2908 5597 2983 5668 μὴ
3013 5595 3313 5650 ἀπιστῶσιν
3346 5589 3578 5660 ὁρῶντες
3610 5586 3796 5647 αὐτὸν,

2228 5698 2342 5753 ἀλλ’
2362 5694 2910 5765 ἀναμιμνήσκωνται,
2929 5692 3011 5746 ὃτι
3033 5689 3204 5745 ταῦτα
3222 5687 3406 5748 αὐτοῖς
3432 5682 3680 5754 προεῖπε,
3702 5678 3798 5734 καὶ

2319 5881 2364 5911 ⁵⁸
2393 5878 2550 5935 Joau.
2583 5893 2634 5943 .\',
2659 5876 2745 5931 56.
