4056 6570
331 387 440 453 185

1044 391 1483 454 ENARRATIO
1521 395 1603 454 IN
1642 397 1930 461 EVANGE

2035 398 2139 459 UM
2174 398 2522 460 JOANNIS.
2558 425 2625 435 --
2664 400 2820 459 CAP.
2865 399 3023 459 XIV.

3504 398 3604 463 186

326 503 417 557 ὅτι
467 502 555 557 διὰ
583 503 644 556 τὸ
687 504 787 584 τάς
827 504 1050 579 ἐντολὰς
1097 509 1265 561 αὑτοῦ
1313 514 1524 581 τηρεῖν,
1576 513 1921 583 ἐπιφαίνεται

2035 517 2228 570 idcirco
2260 527 2524 584 praeparat
2554 531 2646 570 eos
2669 517 2854 571 dii-ens
2887 517 3028 583 quod
3063 514 3508 571 manili-staturus
3530 520 3604 571 sit

327 596 546 659 αὑτοῖς·
588 596 681 649 καὶ
714 582 779 667 δὴ
827 599 1172 654 σπουδάσωσι
1203 603 1434 655 πάντοτε
1469 607 1656 671 τηρεῖν
1691 606 1915 673 ταύτας,

328 689 425 745 ῐνα
453 691 549 744 καὶ
577 691 663 744 ἀεὶ
688 691 872 751 αὑτοῖς
909 694 1271 761 ἐπιφαίνοιτο.
1309 697 1469 766 Μέγα
1499 701 1605 771 γὰρ
1634 698 1694 752 ὃν
1719 701 1779 755 τὸ
1822 703 1920 771 τῆς

328 782 688 846 ἀναστάσεως
747 785 1084 858 μυστήριον,
1141 787 1414 851 δυσκόλως
1474 790 1540 844 ἂν
1593 791 1685 845 ὑπ’
1739 793 1917 847 αὑτῶν

332 875 673 946 παρεδέχθη.
718 879 817 931 Διά
866 880 1024 932 τοῦτο
1059 881 1419 951 προομαλίζει.
1478 885 1536 936 ἑν
1585 885 1662 955 τῷ
1715 885 1917 954 λέγειν,

329 967 418 1020 ὅτι
446 967 734 1036 ἐμφανίσει
767 971 951 1031 αὐτοῖς
979 971 1188 1026 ἑαυτόν.
1226 973 1377 1025 Ἐπεὶ
1411 975 1505 1028 καὶ
1540 976 1800 1039 ἀναστὰς,
1828 977 1920 1029 διὰ

329 1059 496 1112 τοῦτο
526 1059 759 1127 ἔφαγεν,
814 1062 900 1114 ἵνα
943 1062 1017 1131 μὴ
1058 1063 1282 1130 δόξωσιν
1324 1065 1488 1117 αὑτὸν
1529 1067 1823 1137 φάντασμα
1848 1087 1859 1097 ·
1893 1068 1920 1118 6

331 1150 432 1203 καὶ
460 1149 557 1204 νῦν
583 1154 611 1205 6
651 1153 853 1216 Ἰούδας
877 1147 1032 1216 οὗτος
1055 1155 1276 1208 ἔπαθεν.
1319 1157 1570 1227 Ἐνόμισε
1597 1159 1705 1228 γάρ
1727 1161 1753 1213 6
1791 1160 1920 1212 Ἰού-

328 1241 432 1307 δας
466 1243 494 1296 6
522 1243 616 1297 νῦν
651 1248 1156 1317 μνημονευόμενος,
1193 1250 1276 1303 ὅτι
1309 1249 1499 1321 ῶσπερ
1529 1251 1656 1316 τοὺς
1690 1254 1920 1323 νεκροὺς

329 1334 554 1404 ὁρῶμεν
586 1336 740 1404 ὄναρ,
774 1337 915 1391 061:9
951 1341 1045 1392 καὶ
1075 1341 1239 1403 αὑτὸς
1285 1342 1473 1406 αὑτοῖς
1517 1344 1922 1416 ἑμφανισθήσε-

329 1439 448 1476 ται·
475 1425 557 1478 διὸ
580 1426 672 1479 καί
699 1444 853 1498 φησιο
886 1448 904 1480 ι
947 1431 1140 1501 Κύριε,
1167 1432 1220 1485 τί
1249 1434 1494 1502 γέγονεν,
1516 1435 1597 1487 ὅτι
1631 1435 1762 1505 ἡμῖν
1795 1436 1923 1505 μὲλ-

333 1514 453 1580 ὶεις
480 1518 807 1588 ἐμφανίζειν
848 1523 1094 1588 σεαυτὸν,
1127 1524 1222 1577 καὶ
1245 1525 1365 1596 οὐχὶ
1393 1525 1469 1596 τῷ
1499 1526 1726 1597 κόσμῳ;
1762 1546 1781 1578 ι
1826 1529 1921 1582 Ἐκ

334 1608 539 1663 πολλοῦ
583 1611 694 1682 γάρ
738 1611 980 1684 θάμϐους
1031 1616 1125 1669 καὶ
1178 1616 1492 1689 ἐκπλήξεως
1537 1617 1696 1672 τοῦτό
1734 1637 1918 1691 φησιν,

336 1696 534 1769 ὥσπερ
563 1701 629 1754 ἂν
659 1703 709 1755 εί
735 1702 941 1772 ἔλεγεν·
969 1705 1105 1758 Οὑαὶ
1135 1706 1268 1776 ἡμῖν
1300 1707 1383 1758 ὅτι
1411 1707 1800 1778 ἀποθνήσκεις,
1826 1713 1921 1761 καὶ

336 1789 534 1865 ὥσπερ
563 1795 611 1845 οί
632 1793 1100 1864 τετελευτηκότες,
1135 1797 1345 1865 μέλλεις
1372 1799 1505 1868 ἡμῖν
1525 1800 1922 1871 ἐμφανίζεσθαι

2022 625 2077 663 δι’
2102 608 2176 662 eis
2204 628 2214 660 :
2244 608 2371 676 quia
2403 619 2454 661 et
2479 624 2599 660 cum
2629 609 3034 669 resurrexisset,
3066 618 3347 675 propterea
3371 609 3606 662 comedit

2022 718 2140 752 cuni
2175 701 2277 763 eis,
2310 710 2363 751 ut
2398 716 2465 753 ne
2504 700 2780 752 videretur
2813 701 2891 753 eis
2922 699 3238 767 phantasma
3271 699 3339 753 ⁸⁸.
3377 699 3428 752 ld
3461 700 3605 768 quod

2022 803 2066 843 ei
2106 792 2254 845 Judze
2286 807 2426 844 nunc
2457 790 2674 845 accidit.
2708 790 3041 858 Opinabatur
3075 791 3218 843 enim
3252 788 3422 845 ludas
3452 792 3606 856 cujus

2024 901 2163 937 mine
2192 890 2515 938 mentionem
2544 884 2691 948 facit,
2715 884 2854 952 quod
2879 884 3019 936 sicut
3045 885 3095 936 in
3124 883 3337 937 somnio
3362 884 3605 937 videmus

2024 988 2297 1037 mortuos,
2333 978 2404 1028 ita
2435 984 2489 1029 et
2522 976 2776 1029 Dominus
2804 975 2883 1028 eis
2921 973 3353 1029 ntauil'estamlus
3395 981 3538 1029 esset
3585 990 3603 1028 :

2024 1070 2144 1123 ideo
2181 1078 2234 1121 et
2266 1069 2395 1122 dicit
2425 1084 2439 1118 :
2472 1086 2491 1119 ι
2535 1067 2778 1134 Domine,
2820 1069 2948 1138 quid
2985 1066 3184 1120 factum
3215 1078 3298 1120 est
3330 1067 3468 1135 quod
3507 1082 3609 1121 no-

2024 1161 2106 1215 bis
2137 1161 2364 1230 teipsnm
2419 1161 2867 1215 manifestaturus
2908 1176 3002 1226 es,
3039 1170 3096 1215 et
3135 1176 3242 1214 non
3291 1159 3528 1214 mundo?
3582 1177 3602 1208 ι

2024 1253 2141 1307 Prae
2178 1253 2342 1305 niulta
2376 1255 2518 1307 enim
2551 1253 2912 1308 admiratione
2951 1263 3006 1308 et
3050 1262 3270 1322 stupore
3313 1253 3412 1307 hoc
3460 1251 3609 1306 dice-

2022 1344 2136 1406 bat.
2183 1347 2324 1399 sicut
2354 1346 2397 1399 si
2432 1346 2655 1400 dixisset
2693 1364 2707 1401 :
2749 1344 2838 1400 Vae
2877 1346 3031 1403 nobis
3062 1345 3206 1415 quod
3260 1345 3525 1408 moreris,
3554 1329 3609 1398 et

2023 1434 2163 1503 quod
2199 1436 2336 1487 sicut
2365 1446 2611 1490 mortuus
2642 1435 3072 1499 tuauil'estautlus
3102 1450 3161 1489 es
3193 1435 3347 1488 nobis
3381 1434 3433 1487 in
3467 1448 3610 1493 sunl-

2026 1525 2155 1580 niis.
2187 1525 2325 1579 Nam
2360 1526 2499 1594 quod
2530 1526 2656 1580 dicit
2687 1543 2700 1580 :
2743 1545 2761 1577 ι
2797 1527 2937 1592 Quid
2974 1526 3177 1581 factum
3219 1536 3325 1588 est,
3364 1544 3382 1577 ι
3417 1527 3608 1581 obslu-
3690 1562 3695 1567 ι

2025 1627 2264 1684 ιιεεςθιιιε
2314 1627 2367 1671 et
2398 1620 2627 1671 attonita
2660 1630 2841 1672 mente
2873 1618 3104 1674 dicebat.
3139 1617 3276 1686 Quid
3316 1619 3475 1690 igitur
3505 1617 3610 1672 Do-

2026 1708 2243 1762 minus?
2276 1710 2545 1785 quomodo
2586 1726 2617 1762 a
2647 1719 2825 1765 mente
2861 1710 3224 1785 suspicionem
3255 1710 3375 1781 ejus
3411 1720 3466 1763 ut
3507 1709 3600 1763 fal-

2026 1800 2198 1855 lacem
2233 1800 2470 1856 refellit?

332 1876 510 1950 δναρί
542 1883 617 1936 Τὸ
644 1883 775 1954 γὰρ,
813 1902 830 1936 ι
870 1885 934 1938 Τί
970 1886 1230 1954 γέγονεν;
1263 1907 1282 1940 ι
1316 1888 1697 1958 ἐκπληκτικῶς
1737 1891 1833 1943 καὶ
1892 1891 2295 1964 τεθαμϐημὲνῳ
2352 1891 2600 1964 λογισμῷ
2659 1878 2802 1948 εἷπε.
2857 1893 2922 1948 Τί
2969 1893 3061 1948 οὖν
3131 1897 3159 1953 6
3210 1892 3414 1965 Κύριος
3454 1894 3592 1964 πρὸς

342 1974 556 2042 ταύτας
592 1972 714 2040 Πῶς
760 1979 921 2032 αὑτοῦ
957 1980 1056 2051 τὴν
1090 1981 1345 2035 ὑπόνοιαν
1389 1982 1593 2052 ταύτην
1634 1983 1710 2047 ὡς
1744 1984 1914 2055 ψευδῆ
1942 1986 2099 2053 λύεις

416 2089 439 2123 ι
498 2071 802 2146 Ἀπεκρίθη
864 2075 1100 2145 Ἰησοῦς,
1137 2077 1231 2131 καὶ
1265 2075 1419 2132 εἶπεν
1458 2079 1626 2149 αὑτῷο
1683 2082 1809 2136 Ἐάν
1840 2100 1921 2146 τις
1958 2086 1997 2143 Β

333 2163 533 2235 ἀγαπᾷ
567 2181 656 2235 με,
681 2165 773 2220 τὸν
803 2166 958 2235 λόγον
990 2186 1094 2239 μου
1133 2172 1389 2240 τηρήσει,
1423 2173 1519 2226 καὶ
1545 2176 1571 2227 6
1601 2175 1788 2247 Πατήρ
1815 2194 1918 2246 μου

336 2255 622 2326 ἀγαπήσει
662 2256 824 2310 αὐτόν
847 2275 862 2289 ο
897 2262 990 2312 καὶ
1043 2260 1181 2332 πρὸς
1215 2262 1376 2315 αὑτὸν
1412 2264 1744 2332 ἐλευσόμεθα
1767 2308 1785 2333 ,
1828 2267 1921 2320 καὶ

342 2349 515 2418 μονὴν
541 2349 670 2420 παρ’
692 2350 841 2421 αὑτῷ
870 2353 1191 2422 ποιήσομεν.
1231 2355 1290 2408 Ὀ
1321 2355 1395 2427 μὴ
1426 2357 1655 2425 ἀγαπῶν
1678 2377 1766 2429 με,
1795 2361 1921 2422 τοὺς

341 2437 543 2507 λόγους
575 2458 677 2512 μου
714 2442 775 2495 ού
808 2447 983 2513 τηρεῖ.
1022 2446 1129 2504 Καὶ
1167 2448 1194 2499 6
1235 2446 1390 2515 λόγος
1431 2447 1490 2501 ὃν
1532 2449 1782 2515 ἀκούετε,
1818 2453 1921 2506 οὑκ

340 2532 493 2586 ἔστιν
522 2535 690 2603 ἐμὸς,
738 2536 871 2590 ἀλλά
900 2536 992 2590 106
1030 2537 1346 2608 πέμψαντός
1398 2560 1464 2612 με
1501 2543 1736 2614 Πατρός.
1789 2564 1808 2597 ι
1864 2544 1922 2599 '0

346 2626 448 2695 μὲν
491 2626 693 2692 Ἰούδας
721 2628 829 2682 ἀπὸ
863 2630 1065 2694 πολλῆς
1098 2630 1300 2694 δειλίας
1331 2630 1579 2703 ἐνόμιζεν
1603 2676 1618 2698 ,
1661 2637 1743 2690 ὅτι
1784 2637 1923 2691 ἀπο·-

344 2715 527 2770 01‘:th
555 2720 583 2771 6
605 2718 830 2789 Κύριος,
866 2720 997 2791 ὄναρ
1031 2723 1323 2793 ὲμφανίσει
1352 2724 1545 2778 ἑαυτὸν
1570 2726 1774 2789 αὐτοῖς·
1800 2726 1922 2780 ὅθεν

345 2808 444 2861 καὶ
470 2811 669 2881 ἐρωτᾷ,
704 2812 955 2885 καθάπερ
982 2815 1218 2884 εἴρηται.
1267 2814 1326 2868 '0
1367 2816 1421 2868 δὲ
1457 2816 1659 2887 Κύριος
1692 2817 1923 2871 διαλύων

344 2902 512 2956 αὑτοῦ
552 2902 650 2975 τὴν
678 2905 955 2973 ὑπόνοιαν,
994 2908 1179 2977 φησὶν,
1208 2910 1288 2961 ὅτι
1313 2909 1526 2980 ’Ὠσπερ
1553 2911 1581 2962 6
1611 2911 1799 2984 Πατὴρ
1826 2912 1922 2981 ἐμ-

346 2993 564 3061 φανίζει
596 2995 807 3059 ἑαυτὸν,
837 2996 978 3051 οὑτω
999 3000 1155 3068 κάγὼ
1188 3000 1472 3069 ἐμφανίσω
1513 3000 1638 3070 ὑμῖν
1665 3001 1922 3071 ἐμαυτόν.

354 3106 373 3138 ι
416 3086 563 3157 Ἐγὼ
588 3090 730 3160 γὰρ,
762 3090 932 3160 φησὶ,
964 3093 1057 3145 καὶ
1085 3093 1112 3144 6
1145 3086 1332 3163 Πατὴρ
1362 3093 1696 3163 ἐλευσόμεθα
1728 3112 1746 3145 ι
1790 3092 1926 3163 πρὸς

346 3179 443 3232 τὸν
487 3181 829 3249 φυλάσσοντα
878 3184 1005 3247 τοὺς
1045 3184 1238 3250 λόγους
1285 3202 1409 3254 μου.
1443 3185 1515 3239 O6
1560 3184 1682 3238 καθ’
1726 3184 1928 3246 ’ύπνους

346 3272 828 3343 ἑμφανισθήσομαι
881 3275 1041 3345 ὑμῖν,
1080 3277 1197 3329 ἀλλ’
1227 3277 1350 3330 ἐπεὶ
1395 3277 1533 3347 μετά
1577 3276 1669 3330 τοῦ
1717 3276 1929 3347 Πατρός

350 3363 534 3433 μέλλω
554 3363 750 3429 ἐλθεῖν,
773 3364 849 3428 ὡς
869 3367 1014 3430 εἰκός
1037 3368 1148 3420 ἐστι
1171 3368 1258 3419 τὸν
1278 3368 1495 3438 Πατέρα
1511 3366 1925 3438 ἐμφανίζεσθαι,

2103 2082 2261 2136 Vens.
2297 2076 2389 2144 93‘.
2423 2083 2513 2138 24.
2548 2102 2567 2135 ι
2610 2082 2899 2152 Respondit
2935 2082 3091 2137 Jesu;
3114 2125 3128 2144 .
3159 2094 3213 2136 et
3258 2084 3392 2136 dixit
3421 2085 3503 2146 ei,
3551 2082 3608 2138 Si

2028 2177 2151 2246 quis
2176 2176 2350 2244 diligit
2384 2193 2489 2242 me,
2522 2192 2827 2231 sermonem
2863 2174 3026 2248 706
3059 2192 3234 2233 meum
3271 2177 3525 2240 servabit,
3553 2189 3611 2231 et

2026 2265 2188 2323 Pa'cr
2225 2284 2375 2324 meus
2413 2269 2601 2339 diliget
2650 2285 2796 2333 eum,
2836 2278 2889 2322 et
2940 2269 3007 2322 ad
3054 2284 3176 2323 eum
3227 2268 3524 2334 veniemus,
3555 2277 3612 2322 et

2031 2362 2364 2416 mansionem
2396 2362 2534 2428 apud
2570 2376 2692 2414 eum
2722 2359 3003 2415 faciemus.
3026 2358 3127 2426 Qui
3157 2375 3261 2413 nou
3294 2359 3471 2427 diligit
3499 2374 3607 2423 me,

2029 2466 2306 2506 sermones
2336 2465 2485 2507 meos
2506 2465 2610 2504 non
2639 2461 2839 2505 servat.
2875 2451 2938 2504 Et
2964 2466 3145 2505 sermo
3179 2465 3336 2518 quem
3375 2451 3603 2512 auditis.

2032 2559 2135 2595 non
2171 2552 2254 2594 est
2293 2556 2465 2605 meus,
2496 2542 2586 2596 sed
2610 2541 2726 2610 ejus
2751 2541 2843 2610 qui
2873 2540 3021 2594 misit
3046 2556 3129 2595 me
3159 2539 3357 2594 Patris.
3391 2559 3410 2592 ι
3445 2537 3610 2595 .Iudas

2030 2634 2245 2704 quidem
2279 2649 2388 2703 pra:
2418 2633 2581 2687 multa
2610 2632 2893 2687 formidine
2916 2633 3261 2689 existimabat
3286 2635 3428 2701 quod
3460 2650 3606 2688 mor-

2034 2738 2154 2782 tuus
2193 2727 2452 2781 Dominus
2484 2726 2535 2785 iu
2582 2725 2810 2781 somniis
2845 2740 2904 2780 se
2936 2725 3278 2781 exliibiturus
3316 2736 3459 2780 esset
3487 2725 3609 2790 eis,

2032 2820 2170 2871 unde
2195 2829 2250 2871 et
2281 2817 2651 2885 interrogabat
2679 2817 2821 2871 sicut
2860 2817 3062 2871 dictum
3085 2825 3190 2872 est.
3224 2815 3479 2870 Dominus
3512 2832 3612 2868 an-

2036 2920 2139 2962 tem
2174 2907 2421 2963 refellens
2451 2908 2566 2973 ejus
2593 2902 2986 2978 Suspicionem,
3013 2906 3186 2975 inquit
3213 2923 3227 2960 :
3262 2906 3415 2961 Sicut
3445 2905 3611 2963 Pater

2032 2999 2347 3055 manifestat
2383 3000 2657 3071 seipsum,
2698 2999 2770 3053 ita
2814 3008 2869 3054 et
2909 3014 3009 3065 ego
3053 2999 3206 3053 vobis
3259 2996 3615 3051 manifestabo

2035 3093 2437 3161 mrmetipsnm.
2481 3110 2499 3142 ι
2538 3089 2649 3160 Ego
2698 3090 2865 3156 enim,
2912 3091 3107 3159 inquit,
3138 3097 3193 3144 et
3239 3088 3398 3144 Pater
3425 3088 3613 3144 venie-

2036 3202 2154 3239 n‘us
2186 3204 2204 3237 ι
2244 3186 2310 3238 ad
2337 3200 2430 3239 eos
2465 3185 2558 3254 qui
2583 3183 2891 3238 custodiunt
2923 3197 3204 3238 sermones
3235 3196 3420 3235 meos:
3452 3191 3614 3249 atque

2037 3280 2104 3331 i‘ti
2136 3293 2242 3331 non
2278 3277 2330 3329 in
2368 3277 2594 3330 sonmiis
2629 3276 3095 3330 inanifestabimur
3129 3275 3282 3329 vobis
3312 3313 3326 3332 .
3356 3274 3448 3330 sed
3487 3274 3613 3342 quia

2038 3388 2157 3424 (οιιιιι
2190 3370 2350 3424 Patre
2384 3381 2641 3424 venturus
2681 3385 2835 3435 sum,
2872 3378 2930 3424 ιιι
2960 3385 3054 3439 par
3077 3379 3163 3423 est
3198 3368 3411 3424 Patrem
3445 3370 3617 3423 inani-

348 3456 499 3511 οὕτω
528 3459 815 3527 γενήσεται
845 3457 939 3513 καὶ
969 3461 1002 3529 ἠ
1033 3458 1139 3528 ἐμὴ
1167 3459 1301 3529 πρὸς
1326 3460 1468 3529 ὑμᾶς
1498 3460 1788 3528 ὲμφάνεια.
1822 3459 1930 3513 Καὶ

2038 3464 2255 3526 festari,
2287 3465 2359 3517 ita
2397 3463 2486 3516 fiet
2527 3473 2582 3517 et
2612 3477 2726 3516 mea
2778 3460 3139 3517 manifestatio
3173 3479 3275 3531 qua
3308 3462 3459 3516 vobis
3499 3476 3616 3514 ma-

350 3555 415 3607 τὸ
447 3552 533 3626 [1⁸.
565 3553 679 3626 τῷ]
710 3553 881 3607 εἰπεῖν
910 3555 987 3621 δὲ,
1028 3557 1109 3609 ὅτι
1159 3576 1177 3608 ι
1212 3557 1395 3628 Μονὴν
1438 3558 1567 3627 παρ’
1593 3556 1739 3627 αύτῷ
1770 3560 1928 3627 ποιή-

353 3661 546 3715 σομεν,
586 3664 605 3697 ›
639 3646 932 3718 ἀνατρέπει
963 3647 1055 3703 τοῦ
1092 3647 1264 3702 Ἰούδα
1291 3649 1386 3720 τὴν
1418 3651 1698 3704 ὑπόνοιαν.
1727 3651 1791 3703 Οἱ
1819 3651 1928 3722 γὰρ

352 3737 577 3809 ὖνειροι,
602 3739 787 3809 φησὶν,
817 3740 877 3793 οὑ
913 3741 1343 3811 παραμένουσιν·
1392 3740 1504 3809 ὲγὼ
1536 3741 1592 3794 δὲ
1635 3742 1928 3811 ὲμφανιζό-

360 3848 543 3900 μενος,
574 3833 876 3903 παραμενῶ
904 3834 1042 3904 μετά
1062 3833 1156 3887 τοῦ
1185 3835 1418 3906 Πατρόςο
1442 3836 1543 3889 οὑκ
1572 3836 1681 3906 ἄρα
1704 3836 1897 3909 όνειρώ
1920 3866 1932 3878 ο

353 3923 455 3993 δης
492 3924 647 3978 ἕσται
683 3927 715 3994 ἡ
753 3926 1101 3997 ὲπιφοίτησίς
1149 3944 1271 3996 μου.
1309 3926 1575 3998 Προλέγει
1618 3928 1674 3981 δὲ
1707 3930 1890 3991 αὐτοῖς
1917 3969 1932 3990 ,

355 4016 434 4078 ὡς
465 4016 627 4087 ἔφην,
655 4018 737 4070 ὅτι
767 4018 1258 4088 ὲμφανισθήσεται,
1289 4019 1374 4072 ἵνα
1408 4019 1481 4089 μὴ
1506 4019 1800 4090 φάντασμα
1833 4020 1933 4073 αὑ⁴

356 4108 452 4162 τὸν
485 4108 679 4173 δόξωσι
700 4149 715 4172 ,
748 4112 843 4163 καὶ
874 4109 991 4180 ἅμα
1033 4111 1290 4182 διεγείρει
1322 4111 1518 4175 αὑτοὺς
1552 4113 1630 4175 είς
1659 4110 1720 4163 τὸ
1747 4114 1935 4182 τηρεῖν

357 4202 460 4259 τὰς
485 4200 652 4254 αὑτοῦ
687 4201 927 4266 ἐντολάς,
964 4202 1168 4266 εἰδότας
1199 4204 1280 4256 ὃτι
1305 4205 1416 4266 τοῖς
1450 4203 1676 4273 τηροῦσι
1710 4202 1934 4271 ταύτας,

357 4292 718 4364 ἱμφανίζεται
743 4295 837 4347 καὶ
863 4294 1046 4358 αὑτὸς,
1071 4295 1163 4346 καὶ
1191 4297 1218 4347 6
1243 4295 1451 4366 Πατήρ·
1479 4291 1748 4366 ῶσπεραῦ
1776 4295 1938 4348 πάλιν

354 4384 459 4440 τοῦ
489 4384 565 4456 μὴ
594 4385 887 4456 τηροῦντος
918 4385 1019 4448 τὰς
1064 4386 1284 4449 ἐντολὰς
1315 4388 1609 4453 ἀφίσταται
1646 4388 1738 4439 καὶ
1777 4387 1938 4452 αὑτὶς

360 4480 461 4532 καὶ
493 4481 521 4532 ὁ
562 4479 770 4550 Πατὴρ,
802 4478 875 4541 ὡς
909 4479 982 4549 μὴ
1018 4476 1360 4544 ἀγαπῶντος.
1400 4498 1418 4530 ι
1474 4479 1532 4533 Ὀ
1561 4479 1667 4550 γὰρ
1701 4480 1774 4551 μὴ
1805 4482 1936 4548 ἀγα-

359 4572 482 4626 πῶν
509 4589 598 4641 με,
627 4573 781 4642 φησὶ,
813 4573 937 4634 τοὺς
952 4572 1139 4639 λόγους
1167 4590 1269 4641 μου
1297 4573 1356 4625 06
1388 4577 1563 4643 τηρεῖ·
1607 4592 1624 4624 ι
1652 4571 1793 4626 ὥστε
1818 4572 1939 4627 οὑδὲ

359 4666 457 4718 τὸν
503 4664 718 4731 Πατέρα
752 4666 960 4733 ἀγαπᾷ,
995 4665 1023 4717 6
1060 4665 1133 4734 μὴ
1165 4663 1393 4730 ἀγαπῶν
1426 4664 1514 4716 τὸν
1543 4664 1670 4717 Υίῦν
1695 4681 1710 4696 ο
1764 4666 1792 4718 6
1832 4665 1941 4732 γάρ

2033 3557 2349 3611 nifcstabor.
2377 3555 2447 3609 At
2473 3555 2722 3620 dicendo,
2784 3573 2803 3606 ι
2837 3554 3164 3608 Mausionem
3198 3555 3338 3623 apud
3370 3569 3490 3607 eum
3537 3550 3617 3605 fa-

2033 3651 2259 3713 ciemus,
2296 3667 2315 3699 ι
2358 3648 2623 3702 subvertit
2659 3645 2809 3700 Judae
2855 3646 3246 3712 suspicionem.
3302 3644 3416 3698 Non
3469 3644 3615 3697 enim

2034 3740 2244 3795 somnia
2277 3748 2518 3803 manent,
2545 3737 2739 3806 inquit.
2768 3737 2877 3805 Ego
2909 3735 3089 3791 autem
3123 3753 3245 3790 cum
3276 3735 3615 3800 manifestor,

2038 3845 2226 3885 maneo
2260 3845 2381 3885 cum
2416 3829 2576 3884 Patre
2608 3847 2622 3883 :
2658 3844 2762 3884 non
2795 3812 2959 3898 igitur’
2989 3828 3143 3899 quasi
3178 3830 3229 3882 in
3265 3828 3476 3882 soumio
3505 3828 3617 3879 erit

2039 3923 2273 3977 visitatio
2305 3938 2441 3977 mea.
2480 3921 2733 3976 Pracdicit
2764 3931 2941 3976 autem
2973 3922 3053 3976 eis
3095 3923 3193 3991 (ut
3225 3921 3368 3989 ᾱιχι)
3396 3934 3456 3973 se
3496 3933 3616 3972 ma-

2042 4016 2439 4082 ttifvstaudum,
2480 4026 2539 4071 ut
2579 4030 2647 4070 ne
2690 4015 3009 4086 phantasma
3066 4015 3239 4086 ipsum
3282 4023 3519 4084 putent:
3563 4020 3622 4068 et

2040 4110 2257 4163 interim
2291 4109 2609 4163 exhortatur
2636 4121 2728 4162 eos
2760 4106 2824 4160 ad
2858 4105 3183 4161 servandum
3217 4105 3465 4158 mandata
3494 4120 3619 4169 sua,

2039 4203 2272 4257 scientes
2321 4202 2465 4270 quod
2519 4199 2865 4255 servantibus
2918 4199 3008 4253 illa
3062 4197 3493 4253 manilcslandus
3548 4199 3623 4252 sit

2041 4295 2156 4362 ipse
2181 4300 2235 4345 et
2267 4289 2448 4344 Pater.
2477 4287 2570 4342 Sic
2597 4303 2810 4358 quoque
2834 4288 2900 4341 ab
2924 4302 2987 4342 eo
3011 4287 3102 4359 qui
3134 4304 3238 4340 non
3265 4298 3444 4341 servat
3475 4302 3622 4340 man-

2041 4386 2186 4451 data,
2218 4382 2447 4437 discedit
2482 4390 2536 4435 et
2564 4380 2678 4449 ipse
2710 4390 2763 4434 et
2795 4377 2974 4442 Pater,
3012 4389 3263 4447 tanquam
3296 4394 3325 4432 a
3359 4395 3464 4431 non
3498 4378 3620 4431 dili-

2042 4485 2218 4546 gente.
2255 4491 2274 4525 ι
2311 4470 2445 4526 Nam
2475 4471 2568 4540 qui
2600 4486 2704 4523 non
2744 4469 2919 4540 diligit
2951 4485 3057 4536 me,
3092 4471 3268 4539 inquit
3294 4509 3309 4533 ,
3341 4482 3623 4523 sermones

2044 4581 2190 4620 meos
2222 4582 2325 4620 non
2362 4575 2561 4628 servat,
2596 4554 2617 4613 ι
2661 4576 2825 4631 atque
2854 4563 2923 4615 ita
2950 4577 3127 4631 neque
3170 4560 3384 4616 Patrem
3426 4561 3620 4631 diligit,

2042 4658 2131 4729 qui
2166 4672 2268 4711 non
2302 4657 2472 4726 diligit
2499 4656 2715 4711 Filium.
2756 4655 2887 4709 Nam
2927 4668 3108 4709 sermo
3140 4653 3298 4720 Filii,
3348 4663 3403 4708 et
3447 4655 3623 4708 Patris

359 4758 521 4826 λόγος
542 4757 633 4810 τοῦ
662 4756 811 4821 Υξ)ὗ,
849 4757 940 4809 καὶ
969 4754 1063 4808 τοῦ
1097 4756 1304 4826 Πατρός
1331 4759 1493 4808 ἐστιν.
1542 4757 1600 4810 Ὀ
1633 4759 1707 4825 μὴ
1738 4755 1930 4825 φυλάτ-

2045 4760 2146 4807 est.
2175 4749 2274 4816 Qui
2305 4751 2467 4819 igitur
2499 4764 2604 4803 non
2628 4748 2863 4804 custodit
2889 4762 3191 4802 sermonem
3222 4747 3366 4808 Filii.
3400 4747 3481 4802 vel
3518 4746 3623 4801 Pa-

363 4869 477 4904 των
499 4850 591 4904 οὑν
624 4853 712 4902 τὸν
739 4850 896 4916 λόγον
921 4847 1014 4902 τοῦ
1041 4847 1196 4911 Υίοῦ,
1232 4849 1349 4918 ἦτοι
1372 4848 1466 4901 τοῦ
1493 4849 1726 4918 Πατρὶς,
1751 4849 1825 4909 ὡς
1856 4866 1945 4919 μι-

368 4945 457 5000 osi
491 4942 585 4994 τὸν
624 4940 769 5005 Υίὸν,
806 4940 949 4994 οὑτω
982 4942 1075 4995 καὶ
1102 4940 1194 4993 τὸν
1233 4939 1470 5010 Πατέρα.
1516 4939 1704 5007 Ὑμεῖς
1748 4940 1946 5003 τοίνυν,

368 5026 417 5086 ὧ
449 5031 689 5103 μαθηταὶ
714 5070 730 5094 ,
765 5032 890 5093 τοὺς
929 5030 1118 5097 λόγους
1157 5047 1256 5100 μου
1292 5028 1617 5098 φυλάσσετε·
1650 5029 1792 5082 οὕτω
1839 5032 1948 5101 γὰρ

370 5126 440 5179 ἂν
469 5126 570 5196 τήν
598 5141 657 5177 τε
692 5124 827 5194 πρὸς
862 5123 963 5192 ἐμὲ
1001 5124 1096 5178 καὶ
1138 5123 1229 5174 τὸν
1265 5121 1485 5194 Πατέρα
1522 5123 1743 5192 ἀγάπην
1785 5122 1951 5176 ἐνδιεί⁹

371 5217 561 5285 ξησοε.
592 5215 755 5278 Τινὲς·
771 5215 826 5269 δὲ
861 5216 959 5267 οὑκ
1000 5214 1107 5267 ἀπὸ
1140 5214 1341 5275 δειλίας
1375 5215 1527 5283 φασὶ,
1571 5214 1661 5265 τὸν
1697 5213 1948 5286 μαθητὴν

382 5308 614 5372 Ἰοξδαν,
645 5307 760 5361 ἀλλ’
791 5307 899 5360 ἀπὺ
953 5306 1335 5377 φιλανθρώπου
1382 5307 1607 5375 γνώμης
1642 5307 1816 5358 εἰπεῖν
1862 5308 1943 5369 τὸ,

375 5399 533 5454 Διατί
566 5416 586 5449 ι
624 5399 834 5468 μέλλεις
882 5398 1201 5469 ἐμφανίζειν
1249 5397 1472 5450 σεαυτὸν
1505 5399 1655 5467 ἡμῖν,
1706 5398 1799 5451 καὶ
1828 5398 1947 5469 οὐχὶ

373 5490 453 5560 τῷ
487 5492 713 5559 κόσμῳ;
746 5508 764 5539 ι
822 5489 1112 5542 Ἦὸούλετο
1148 5489 1256 5557 γὰρ
1298 5489 1371 5560 μὴ
1411 5488 1590 5560 μόνοις
1620 5492 1733 5553 τοῖς
1771 5489 1949 5561 μαθη-

370 5585 500 5645 ταῖς
527 5581 791 5652 ὑπάρχειν
814 5580 910 5651 τὴν
942 5582 1005 5634 ὲκ
1027 5581 1124 5651 τῆς
1154 5581 1476 5648 ἐπιφανείας
1499 5581 1786 5649 ὠφέλειαν,
1813 5582 1948 5637 ἀλλά

375 5676 473 5730 καὶ
498 5673 663 5729 παντὶ
694 5672 770 5744 τῷ
789 5674 1007 5745 κόσμῳ,
1040 5672 1099 5728 Ὀ
1128 5673 1183 5727 δέ
1211 5689 1271 5741 γε
1302 5674 1453 5744 Steti;
1462 5692 1491 5744 ρ
1525 5673 1795 5727 δείκνυσιν
1823 5715 1836 5738 ,
1866 5674 1948 5729 ὅτι

449 5860 494 5890 ⁵⁸
532 5859 688 5914 Joan.
722 5873 835 5921 χιιι,
874 5855 893 5909 i
923 5872 1072 5928 seqq.

2046 4844 2177 4909 tris;
2221 4844 2355 4897 sicut
2389 4842 2502 4896 odit
2536 4840 2750 4908 Filium,
2795 4841 2868 4895 ila
2894 4854 2948 4896 et
2998 4842 3240 4895 Patrem.
3290 4838 3396 4893 Vos
3438 4838 3624 4907 igitur,

2044 4934 2318 5005 discipuli,
2343 4934 2609 4988 custodite
2625 4948 2904 4989 sermones
2931 4948 3100 4988 meos.
3124 4934 3197 4987 Ita
3212 4932 3354 4986 enim
3378 4929 3626 4982 declara-

2047 5027 2170 5081 bitis
2206 5026 2544 5080 dilectionem
2578 5035 2684 5079 tam
2715 5042 2841 5095 erga
2878 5042 2995 5089 mc,
3031 5040 3190 5095 quam
3222 5038 3348 5092 erga
3379 5020 3621 5075 Patrem.

2046 5120 2276 5186 Quidam
2329 5130 2506 5173 autem
2554 5118 2740 5174 dicunt
2786 5116 2978 5173 Judam
3026 5117 3347 5186 discipulum
3400 5130 3502 5168 non
3555 5129 3622 5168 ex

2045 5212 2362 5277 formidine,
2395 5217 2487 5266 sed
2530 5211 2866 5266 misericordi
2907 5221 3086 5264 mente
3111 5210 3351 5264 dixisse:
3391 5226 3409 5259 ι
3443 5207 3626 5273 Quare

2054 5305 2496 5359 manil‘estatnrus
2532 5321 2590 5359 es
2624 5315 2676 5358 te
2709 5304 2883 5362 nobis.
2915 5314 2970 5358 et
3001 5319 3103 5356 non
3141 5301 3375 5356 mundo?
3412 5319 3429 5351 ι
3471 5297 3627 5354 Vole-

2055 5399 2145 5453 bat
2174 5398 2316 5451 enim
2351 5415 2454 5452 non
2494 5397 2638 5452 solos
2673 5398 2991 5466 discipulos,
3026 5396 3118 5451 sed
3171 5404 3227 5450 et
3263 5403 3430 5448 totum
3474 5409 3630 5446 muu-
3686 5398 3691 5403 ’

2055 5492 2179 5544 dum
2214 5491 2495 5545 utilitatem
2522 5506 2588 5545 ex
2619 5491 3051 5544 manifestatione
3081 5488 3197 5559 ejus
3230 5488 3529 5560 percipere.
3560 5487 3631 5539 At

2056 5585 2303 5640 Salvator
2325 5587 2559 5642 ostendit
2592 5601 2696 5640 non
2722 5600 2909 5640 omnes
2941 5584 3065 5639 talia
3090 5582 3389 5653 consequi,
3417 5582 3508 5638 sed
3533 5596 3630 5634 nos

2056 5679 2316 5733 duntaxat
2352 5680 2439 5747 qui
2473 5678 2720 5732 mandata
2742 5677 2884 5733 illius
2903 5692 3181 5734 servamus
3206 5716 3222 5743 ,
3251 5674 3394 5745 digiti
3427 5671 3632 5728 videbi-
