4056 6632
464 463 564 531 157
1334 460 1912 522 THEOPHYLACTI
1954 457 2362 520 BULGARIE
2400 456 2755 520 ARCHIEP.
3600 443 3728 508 188

464 596 588 638 mur
620 577 788 650 ipsius
813 572 1247 632 manifestationc
1266 571 1550 643 Patrisque
1569 574 1876 629 dilectione.
1895 571 1951 627 lu
1973 588 2038 629 eo

2150 575 2202 628 ού
2237 574 2435 638 πάντες
2465 571 2847 640 καταξιοῦνταε
2872 567 2978 624 τῶν
2994 566 3269 631 τοιούτων,
3297 559 3433 620 ἀλλὰ
3471 562 3626 632 μόνοι
3669 564 3733 619 οῖ

459 684 641 728 autem
677 670 764 740 qui
789 668 1020 723 custodit
1050 666 1302 720 mandata
1324 706 1337 730 ,
1370 675 1454 720 est
1487 664 1626 718 Deus
1668 675 1722 719 et
1751 663 1945 728 Pater,
1978 673 2032 719 et

2150 668 2502 737 ρυλάσσοντες
2528 664 2694 720 αὐτοῦ
2716 664 2813 726 τὰς
2840 660 3078 725 ἐντολὰς,
3104 659 3245 724 ἄξιοι
3268 658 3586 728 γενήσονται
3615 657 3739 727 τῆς

459 781 567 820 non
588 764 726 819 sicut
746 764 797 817 in
826 760 981 828 Filio,
1008 761 1079 814 ita
1113 770 1165 814 et
1194 759 1245 813 in
1274 759 1397 813 hoc.
1432 759 1489 812 In
1524 756 1660 811 Filio
1689 758 1902 827 quidem
1932 773 2030 811 na-

459 864 580 909 tura
615 864 720 917 est,
762 854 817 908 in
851 853 1070 909 hamiue
1106 864 1286 907 autem
1331 851 1625 906 secundum
1658 848 2029 906 habitudinem

457 947 767 1017 quamdam.

456 1228 457 1231 ‘
533 1221 698 1276 Vens.
728 1220 819 1285 25,
854 1220 943 1277 26.
980 1240 998 1274 ι
1046 1221 1169 1277 llaec
1202 1221 1413 1276 locutus
1435 1236 1550 1275 sum
1582 1219 1734 1276 vobis
1768 1219 1906 1289 apud
1939 1234 2034 1275 vos

460 1329 686 1371 manens
728 1328 744 1367 :
788 1314 1098 1370 Paracletus
1139 1325 1316 1369 autem
1362 1313 1483 1379 ille,
1530 1312 1620 1383 qui
1668 1321 1751 1367 est
1804 1311 2036 1381 Spiritus

463 1414 705 1469 sanctus,
735 1422 895 1478 quem
926 1406 1103 1462 mittet
1137 1404 1297 1460 Pater
1322 1405 1375 1460 in
1399 1405 1618 1460 nomine
1649 1418 1790 1471 meo,
1825 1403 1912 1460 ille
1938 1419 2035 1459 vos

462 1499 675 1554 docebit
705 1498 908 1562 omnia.
938 1509 993 1553 et
1014 1506 1267 1569 suggeret
1296 1498 1449 1554 vobis
1482 1498 1663 1552 omnia
1697 1511 2033 1566 quaecunque

463 1588 574 1643 dixi
611 1589 782 1643 vobis.
817 1609 836 1642 ι
872 1588 1138 1657 Quoniam
1167 1592 1396 1645 obscura
1420 1597 1577 1645 erant
1607 1588 1883 1658 discipulis
1917 1604 2037 1658 quae

464 1694 493 1733 a
529 1679 756 1735 Domino
782 1681 1133 1746 dicebantur,
1162 1690 1216 1736 et
1243 1680 1347 1736 alia
1376 1681 1595 1752 quidem
1633 1694 1739 1736 non
1775 1680 2036 1752 intellige-

462 1771 615 1837 bant,
645 1782 699 1827 et
724 1772 791 1828 de
821 1772 944 1828 aliis
975 1772 1200 1829 multum
1240 1773 1559 1829 dubitabant
1593 1791 1607 1828 :
1648 1782 1706 1827 ut
1741 1788 1807 1828 ne
1840 1773 2035 1828 iterum

464 1863 797 1936 intermgeut
824 1881 946 1921 eum
994 1876 1050 1922 et
1093 1866 1275 1922 dicant
1308 1883 1324 1920 :
1355 1865 1488 1934 Quae
1535 1865 1787 1921 mandata
1815 1880 2037 1921 servare

2136 778 2196 814 τε
2232 759 2394 814 αὐτοῦ
2432 757 2774 828 ἐπιφανείας,
2814 756 2908 809 καὶ
2939 754 3038 826 τῆς
3082 751 3177 806 τοῦ
3208 750 3422 821 Πατρὸς
3470 748 3736 821 ἀγάπης.

2150 853 2240 906 Ἐν
2282 851 2390 922 γὰρ
2422 849 2501 921 τῷ
2530 848 2859 920 φυλάσσοντι
2889 847 2985 911 τὰς
3036 843 3275 909 ἐντολὰς,
3333 843 3482 896 ἔστιν
3515 843 3543 895 6
3580 840 3742 903 Θεὸς

2139 944 2233 999 καὶ
2261 943 2471 1015 Πατήρ·
2501 941 2618 995 ἀλλ’
2649 941 2747 1010 οὐχ
2778 937 2966 1009 ὥσπερ
3006 940 3064 991 ὲν
3093 936 3170 1007 τῷ
3198 934 3333 1005 Υἱῷ,
3361 934 3504 988 οὕτω
3542 933 3641 987 καὶ
3670 934 3740 987 ὲν

2137 1033 2332 1106 τούτῳ⁶
2364 1035 2420 1086 ὲν
2450 1031 2528 1103 τῷ
2555 1031 2671 1101 Υῑῷ
2702 1030 2801 1102 μὲν
2834 1028 2942 1099 γὰρ
2967 1026 3233 1099 φυσικῶς,
3266 1027 3322 1079 ἐν
3348 1024 3422 1093 τῷ
3444 1020 3741 1094 ἀνθρώπῳ

2140 1126 2197 1181 δὲ
2227 1125 2515 1196 σχετικῶς.

2219 1240 2238 1274 ι
2274 1219 2458 1274 Ταῦτα
2491 1218 2766 1287 λελάληκα
2809 1218 2958 1288 ύμῖν,
3009 1212 3140 1286 παρ’
3174 1214 3303 1283 ὑμῖν
3346 1213 3523 1283 μένων
3546 1229 3561 1243 ο
3589 1212 3622 1265 6
3674 1212 3739 1264 δὲ

2142 1313 2500 1386 Παράκλητος
2537 1312 2598 1366 τὸ
2627 1311 2852 1381 Πνεῦμα
2875 1311 2935 1364 τὸ
2960 1308 3136 1377 ἅγιον,
3165 1307 3193 1361 ὃ
3220 1307 3427 1378 πέμψει
3459 1308 3485 1359 6
3527 1303 3740 1374 Πατὴρ

2141 1408 2200 1459 ὲν
2236 1406 2314 1476 τῷ
2338 1404 2560 1475 ὀνόματί
2594 1421 2717 1475 μου,
2752 1404 2958 1466 ἐκεῖνος
2987 1402 3132 1471 ὑμᾶς
3159 1399 3362 1465 διδάξει
3388 1399 3587 1469 πάντα,
3627 1398 3740 1450 καὶ

2143 1499 2452 1569 ὑπομνήσει
2502 1497 2646 1568 ὑμᾶς
2699 1495 2878 1549 πάντα
2924 1493 2960 1548 ἃ
3023 1488 3179 1553 εἷπον
3228 1491 3379 1562 ὑμῖν.
3427 1508 3447 1543 ι
3498 1485 3738 1557 Ἐπειδὴ

2143 1588 2330 1658 ἀσαφῆ
2359 1589 2472 1651 τοῖς
2508 1585 2782 1658 μαθηταῖς
2813 1580 2954 1655 ἦσαν
3002 1582 3069 1636 τὰ
3115 1580 3220 1636 ὑπὸ
3252 1580 3346 1634 τοῦ
3378 1579 3584 1651 Κυρίου
3632 1577 3737 1630 λε-

2142 1664 2496 1750 γόμεναξκαὶ
2516 1678 2585 1732 τὰ
2618 1676 2715 1748 μὲν
2742 1675 2864 1730 οὐδὲ
2892 1673 3167 1738 συνίεσαν,
3192 1671 3261 1726 τὰ
3290 1672 3349 1726 δὲ
3377 1669 3599 1724 πλείονα
3628 1667 3739 1722 καὶ

2143 1769 2508 1843 ἀμφέδαλλον·
2546 1770 2632 1823 ῖνα
2666 1768 2740 1840 μὴ
2772 1769 2935 1823 πάλιν
2969 1767 3244 1838 ἐρωτῶσιν
3270 1764 3464 1831 αὑτὸν,
3502 1761 3601 1817 καὶ
3636 1760 3740 1814 λέρ

2144 1880 2303 1933 γωσι·
2337 1864 2507 1929 Ποίας
2532 1862 2749 1925 ἐντολὰς
2777 1860 3064 1930 ὀψείλομεν
3090 1858 3382 1929 φυλάττειν
3405 1875 3419 1924 ;
3443 1854 3741 1911 ἀπαλλάτ-

465 1932 761 2013 debemus?
786 1958 982 2015 liberat
1005 1974 1099 2015 eos
1130 1974 1160 2013 a
1188 1932 1518 2024 turbatione,
1541 1958 1725 2014 dicens
1753 1976 1768 2014 :
1796 1957 2043 2013 Paracle-

2150 1972 2225 2008 τει
2269 1955 2472 2017 αὐτοὺς
2518 1952 2792 2024 ὀχλήσεων
2833 1953 2927 2006 καὶ
2974 1950 3242 2024 ταραχῆς,
3289 1949 3496 2018 λέγων,
3535 1949 3619 2002 ὅτι
3670 1949 3737 2001 '0

468 2054 558 2101 tus
580 2047 811 2102 obscura
842 2057 897 2105 et
929 2050 1204 2104 intellectu
1240 2047 1499 2113 diﬁicilia,
1538 2050 1753 2116 cognita
1783 2049 1934 2104 vobis
1964 2048 2044 2102 fa-

465 2136 592 2193 ciet.
638 2136 768 2192 Nam
819 2158 836 2191 ι
875 2139 987 2195 haec
1024 2159 1044 2193 ι
1103 2156 1222 2211 qua:
1278 2142 1430 2197 vobis
1481 2141 1734 2198 videntur
1788 2142 2041 2208 obscura,

465 2229 630 2300 707
654 2231 761 2285 disi
801 2247 920 2286 cum
956 2252 975 2285 ι
1018 2247 1291 2288 manerem
1320 2242 1374 2292 et
1403 2248 1579 2288 essem
1609 2235 1747 2301 apud
1778 2248 1891 2288 vos.
1928 2253 1947 2285 ι
1984 2232 2041 2288 Si

467 2333 648 2378 autem
676 2324 879 2391 abiero,
908 2325 974 2380 de
1007 2327 1259 2380 omnibus
1283 2324 1631 2380 docebimini.
1655 2324 1824 2397 Igitur
1848 2326 1913 2379 de
1942 2325 2046 2381 dis-

462 2429 626 2470 cessu
660 2431 776 2471 meo
830 2433 934 2471 non
964 2428 1178 2487 oportet
1224 2433 1316 2474 vos
1364 2433 1485 2474 esse
1518 2418 1722 2484 tristes,
1767 2418 1858 2489 qui
1897 2427 2041 2472 tanta

467 2506 623 2562 vobis
648 2511 784 2561 bona
818 2515 1132 2580 tantamque
1165 2511 1487 2579 sapientiam
1538 2509 1641 2564 aﬂe
1656 2519 1758 2565 ret.
1795 2509 2043 2575 Quaudiu

469 2600 612 2653 enim
646 2615 745 2668 ego
773 2602 912 2669 apud
962 2616 1059 2656 vos
1107 2616 1316 2669 maneo,
1354 2610 1410 2656 et
1441 2600 1679 2671 Spiritus
1721 2618 1828 2667 non
1857 2600 2042 2667 venit,

470 2690 605 2744 nihil
657 2708 909 2763 magnum
957 2708 1132 2763 neque
1178 2693 1411 2749 sublime
1459 2693 1763 2764 intelligere
1797 2693 2042 2763 potestis.

469 2782 707 2838 Subinde
737 2795 914 2839 autem
943 2785 1282 2841 Paracletum
1318 2787 1581 2855 nominat,
1620 2798 1843 2858 propter
1880 2788 2048 2843 conti-

473 2887 610 2927 nuas
648 2875 886 2943 ipsorum
934 2873 1291 2943 aﬂlictiones,
1344 2877 1486 2933 bono
1533 2878 1655 2934 illos
1705 2879 1885 2934 animo
1926 2895 2047 2935 esse

474 2966 701 3034 faciens,
722 2973 865 3033 quod
891 2970 958 3023 ab
987 2968 1077 3025 illo
1103 2970 1438 3025 refocillandi
1464 2979 1665 3027 essent.
1690 2971 1840 3038 Quod
1869 2981 2044 3027 autem

474 3058 626 3126 dicit,
669 3078 689 3111 ‹
741 3060 797 3116 In
853 3062 1073 3117 nctnine
1126 3077 1246 3118 meo
1287 3081 1306 3115 ι
1374 3064 1551 3120 veniet
1593 3083 1613 3117 ι
1650 3064 1982 3130 Paraclctus,
2023 3084 2042 3118 ι

476 3150 581 3206 hoc
602 3151 733 3215 vult,
767 3153 908 3222 quod
925 3151 1068 3208 Nihil
1100 3154 1332 3210 alieuurn
1359 3171 1388 3209 a
1409 3172 1492 3211 me
1523 3158 1779 3212 docturus
1812 3166 1895 3211 est
1932 3172 2046 3225 vos,

2146 2047 2527 2118 Παρὰκλητος,
2549 2046 2619 2100 τὰ
2646 2045 2831 2115 ἀσαφῆ
2852 2045 2946 2100 καὶ
2967 2045 3258 2115 δυσνόητα,
3282 2042 3563 2111 εὔγνωστα
3592 2040 3738 2112 ὑμῖν

2143 2139 2502 2210 καταστήσει.
2539 2158 2557 2190 ι
2599 2136 2784 2191 Ταῦτα
2822 2156 2841 2189 ι
2880 2137 2979 2208 μὲν
3019 2132 3112 2191 οὖν
3147 2137 3215 2190 τὰ
3244 2136 3430 2205 ἀσαφῆ
3460 2133 3737 2189 δοκοῦντα

2143 2233 2293 2305 ὑμῖν,
2320 2252 2338 2284 ι
2367 2230 2659 2303 λελάληκα,
2696 2230 2825 2301 παρ’
2853 2231 2980 2301 ὑμῖν
3012 2229 3211 2301 μένων,
3243 2249 3261 2280 ι
3294 2230 3387 2283 καὶ
3419 2228 3534 2298 μεθ’
3567 2228 3739 2298 ὑμῶν

2144 2326 2239 2380 ὧν·
2272 2326 2368 2380 ἐὰν
2396 2325 2451 2378 δὲ
2479 2325 2838 2395 ἀποδημήσω,
2866 2325 3039 2379 πάντα
3062 2322 3467 2394 διδαχθήσεσθε.
3503 2322 3577 2375 Ού
3614 2321 3738 2374 τοί-

2145 2437 2242 2474 νυν
2268 2418 2373 2491 χρὴ
2397 2419 2541 2488 ὑμᾶς
2570 2416 2859 2471 λυπεῖσθαι
2891 2417 2985 2469 ἐπὶ
3015 2419 3079 2488 τῇ
3109 2417 3451 2487 ἀναχωρήσει
3482 2434 3612 2486 μου,
3634 2433 3736 2468 τοο

2149 2513 2354 2568 σούτων
2387 2511 2608 2581 ἀγαθῶν
2651 2511 2896 2582 προξένῳ
2932 2510 3166 2583 ἐσομένη
3205 2511 3298 2563 καὶ
3332 2508 3605 2580 τοσαύτης
3642 2526 3741 2561 σο-

2147 2606 2297 2674 φίας.
2331 2604 2477 2666 "Em;
2510 2595 2572 2656 οὗ
2607 2602 2715 2674 γὰρ
2750 2603 2913 2665 αὐτὸς
2956 2603 3090 2674 παρ’
3136 2603 3263 2673 ὑμῖν
3301 2602 3448 2671 μένω
3472 2643 3485 2665 ,
3523 2603 3622 2655 καὶ
3671 2602 3740 2655 τὺ

2149 2696 2376 2765 Πνεῦμα
2413 2695 2487 2767 μὴ
2519 2694 2746 2766 ἔρχηται
2772 2734 2788 2758 ,
2821 2694 2973 2748 οὐδὲν
3013 2694 3178 2764 μέγα,
3222 2694 3343 2747 οὐδὲ
3397 2692 3602 2762 ὑψηλὸν
3652 2693 3741 2744 ὲν-

2147 2789 2338 2860 νοῆσαι
2368 2787 2685 2859 δυνήσεσθε.
2713 2787 2960 2856 Συνεχῶς
2981 2786 3037 2839 δὲ
3059 2786 3415 2856 Παράκλητον
3443 2785 3735 2855 ὀνομάζει,

2147 2882 2235 2937 διὰ
2258 2882 2355 2947 τὰς
2390 2882 2718 2952 συνεχούσας
2746 2880 2944 2943 αὐτοὺς
2965 2879 3194 2950 θλίψεις,
3222 2878 3505 2940 εὐέλπιδας
3528 2879 3736 2941 αὐτοὺς

2150 2974 2340 3035 ποιῶν,
2375 2973 2449 3036 ὡς
2501 2971 2593 3024 ὑπ’
2643 2971 2854 3024 ἐκείνου
2903 2968 3491 3039 ψυχαγωγηθήσονται.
3538 2968 3613 3019 Τὸ
3650 2965 3736 3028 δὲ,

2154 3086 2172 3117 ι
2218 3065 2310 3120 Ἐν
2334 3063 2409 3133 τῷ
2434 3061 2655 3131 ὁνοματί
2690 3079 2791 3131 μου
2825 3081 2844 3113 ι
2875 3059 3153 3114 ἐλεύσεται
3186 3076 3206 3111 t
3237 3060 3266 3112 6
3294 3058 3677 3129 Παράκλητος,
3712 3075 3731 3108 ι

2148 3156 2308 3211 τοῦτο
2336 3154 2504 3224 δηλοῖ,
2521 3157 2602 3208 ὅτι
2651 3154 2817 3207 Οὐδὲν
2845 3152 3124 3224 ἀλλότριον
3163 3152 3295 3221 ἐμοῦ
3328 3150 3529 3233 διδάξει
3558 3151 3738 3219 ὑμᾶς,

478 3258 652 3311 neque
675 3246 946 3313 propriam
983 3246 1207 3316 gloriam
1237 3246 1339 3302 sibi
1369 3248 1695 3315 vindicabit;
1733 3248 1827 3303 sed
1869 3248 1921 3302 in
1949 3264 2044 3321 no;

2151 3252 2269 3305 οὐδὲ
2296 3250 2504 3304 οἰκείαν
2533 3248 2691 3314 δόξαν
2723 3247 3121 3319 σφετερίσεται,
3155 3246 3267 3299 ἀλλ’
3309 3248 3368 3299 ὲν
3392 3244 3470 3312 τῷ
3503 3245 3736 3313 ὀνόματι

479 3334 623 3388 mine
657 3351 773 3390 meo
802 3338 1001 3402 veniet,
1043 3337 1144 3393 hoc
1175 3348 1279 3405 est,
1312 3339 1365 3393 in
1399 3340 1624 3410 gloriam
1653 3339 1758 3395 mei
1787 3341 2043 3407 nominis,

478 3441 584 3480 non
609 3427 694 3480 sui
730 3445 743 3481 :
782 3428 832 3482 id
861 3430 1002 3498 quod
1035 3430 1237 3486 faciunt
1267 3433 1543 3486 contraria
1576 3433 1864 3496 docentes,
1900 3435 2051 3488 audi-

479 3517 687 3572 toribus
726 3520 839 3572 suis
878 3522 1152 3589 proprium
1196 3538 1390 3577 nomen
1419 3524 1886 3578 commendantes;
1918 3522 2044 3588 Qui-

477 3608 599 3661 dam
621 3611 1229 3683 autemsicintelligunt,
1250 3633 1268 3666 ι
1289 3614 1343 3668 1η
1366 3617 1583 3669 nomine
1607 3630 1724 3670 meo
1754 3633 1769 3669 :
1800 3634 1818 3665 ›
1848 3616 2048 3671 Nomen

474 3699 701 3766 Christi,
722 3702 1052 3760 Paraclrtus.
1082 3706 1353 3762 Habemus
1377 3710 1544 3773 enim,
1577 3708 1771 3777 inquit,
1801 3706 2048 3762 Paracle-

479 3803 590 3847 tum
617 3792 799 3848 Jesum
821 3796 1123 3852 Christum.
1155 3798 1290 3865 Quia
1320 3800 1482 3870 igitur
1510 3812 1563 3856 et
1589 3801 1824 3871 Spiritus
1845 3802 1933 3870 qui
1962 3816 2049 3854 ve-

450 3884 560 3966 .nit
594 3885 658 3936 ad
687 3885 1006 3955 discipulos,
1041 3886 1349 3943 Paracletus
1388 3887 1560 3944 factus
1606 3900 1721 3955 est,
1766 3890 2052 3946 mmstitias

480 3974 693 4029 illorum
728 3977 1131 4044 consolaturus,
1164 3981 1213 4033 itt
1245 3981 1462 4034 nomine
1503 3981 1707 4036 Christi
1748 3983 1915 4036 venit.
1951 3980 2052 4035 [δει-

480 4068 717 4123 racletus
738 4069 882 4123 cnim
904 4080 959 4123 et
985 4069 1097 4139 ipse
1120 4070 1262 4126 sicut
1289 4071 1558 4128 Christus.
1580 4072 1686 4127 Sed
1711 4085 1760 4128 et
1782 4073 2051 4128 Christum

472 4159 679 4214 Paulus
713 4162 1316 4236 nominavitSpiritum,
1350 4165 1474 4219 dum
1502 4166 1655 4231 dicit,
1692 4185 1710 4218 ι
1742 4165 1852 4223 Vos
1874 4176 2053 4222 autem

479 4262 586 4311 nan
611 4255 740 4310 estis
765 4256 815 4310 in
844 4272 1028 4323 carne,
1052 4259 1145 4313 sed
1193 4260 1244 4312 in
1291 4256 1516 4324 Spiritu,
1572 4257 1858 4328 siquidem
1886 4257 2058 4329 Spiri-

484 4355 568 4401 tus
599 4345 691 4400 Dei
743 4346 948 4402 habitat
1005 4343 1059 4403 in
1111 4349 1287 4405 vobis.
1330 4349 1386 4404 Si
1420 4360 1597 4404 autem
1635 4350 1756 4420 quis
1791 4349 2055 4420 Spiritum

482 4438 681 4493 Christi
738 4457 841 4493 non
885 4441 1069 4505 habet,
1130 4443 1216 4496 hic
1259 4457 1365 4495 non
1406 4451 1489 4497 est
1534 4443 1653 4511 ejus
1680 4442 1748 4497 ".
1790 4462 1809 4495 ι
1855 4443 2057 4497 Deinde

481 4533 695 4587 subdit:
732 4551 752 4586 ι
780 4534 839 4590 Si
867 4546 1044 4590 autem
1067 4535 1318 4592 Christus
1349 4537 1401 4590 in
1436 4537 1587 4592 vobis
1605 4537 1707 4591 ⁸⁸.»
1737 4538 1897 4593 Vides
1923 4553 2057 4608 quo—

2148 3342 2226 3414 τῴ
2255 3341 2374 3412 ἐμῷ
2402 3339 2523 3411 ἥξει
2544 3381 2559 3405 ,
2593 3338 2898 3403 τουτέστιν,
2933 3339 3014 3401 είς
3051 3337 3208 3402 δόξαν
3240 3336 3333 3389 τοῦ
3366 3334 3499 3405 ἐμοῦ
3526 3335 3737 3405 ὀνόμα-

2148 3449 2260 3497 τος,
2295 3432 2414 3501 οὐχὶ
2437 3430 2529 3484 τοῦ
2566 3429 2720 3495 ἰδίου,
2740 3429 2770 3482 ὅ
2803 3428 3046 3482 ποιοῦσιν
3074 3430 3122 3482 οἱ
3150 3427 3619 3491 ἀντιδιδάσκοντες
3654 3427 3740 3489 είς

2153 3524 2284 3577 ἴδιον
2318 3523 2521 3592 ὄνομα,
2558 3523 2686 3585 τοὺς
2731 3520 3280 3591 ἐπακολουθήσαντας
3307 3520 3489 3582 αὐτοῖς
3524 3520 3738 3588 ἐπαγό-

2154 3631 2326 3684 μενοι.
2350 3613 2508 3676 Τινὲς
2534 3613 2591 3666 δὲ
2621 3614 2700 3678 τὸ,
2748 3632 2766 3664 ι
2798 3615 2856 3666 ὲν
2882 3612 2960 3682 τῷ
2987 3612 3213 3681 ὀνόματί
3251 3629 3377 3681 μου,
3415 3630 3433 3662 ι
3477 3610 3618 3664 οὕτω
3650 3630 3738 3665 νο-

2149 3706 2321 3759 οῦσιν·
2360 3708 2570 3777 Ὀνομα
2599 3705 2693 3760 τοῦ
2728 3702 2991 3777 Χριστοῦ,
3027 3705 3087 3757 τὸ
3108 3746 3123 3768 ,
3156 3705 3535 3775 Παράκλητος.
3569 3703 3743 3775 Ἐχοσ

2155 3816 2253 3862 μεν
2278 3800 2407 3868 γὰρ,
2441 3799 2576 3869 φησὶ
2600 3841 2614 3864 ,
2648 3798 3003 3870 Παράκλητον
3041 3796 3245 3869 Ἰησοῦν
3278 3797 3530 3868 Χριστόν.
3578 3797 3740 3849 Ἐπεὶ

2152 3887 2243 3944 οῦν
2276 3892 2366 3945 καὶ
2396 3892 2458 3947 τδ
2494 3890 2719 3963 Πνεῦμα
2745 3891 2901 3945 ἐλθὸν
2926 3892 3039 3956 τοῖς
3074 3890 3341 3962 μαθηταῖς
3375 3890 3739 3962 Παράκλητον

2153 3982 2366 4051 γέγονε,
2397 3983 2494 4045 τὰς
2529 3982 2706 4047 λύπας
2736 3985 2920 4047 αὐτοῖς
2963 3982 3525 4054 παραμυθησάμενον,
3556 3984 3615 4037 ὲν
3656 3980 3737 4051 τῷ

2153 4074 2379 4145 ὀνόματι
2401 4074 2496 4129 τοῦ
2521 4075 2757 4145 Χριστοῦ
2784 4071 2936 4146 ἦλθε·
2959 4074 3313 4147 Παρακλητος
3335 4080 3443 4146 γὰρ
3460 4074 3557 4129 καὶ
3575 4074 3735 4139 αὐτὶ,

2153 4166 2228 4231 ὠς
2255 4168 2349 4219 καὶ
2376 4167 2404 4218 6
2437 4166 2692 4237 Χριστός.
2742 4166 2902 4220 Ἃ),λὰ
2934 4167 3027 4219 καὶ
3056 4167 3294 4237 Χριστὸν
3318 4167 3413 4219 καὶ
3460 4165 3686 4235 Πνεῦμα
3710 4166 3739 4218 6

2156 4259 2364 4322 Παῦλος
2392 4257 2699 4328 ὠνόμασεν,
2730 4258 2787 4309 ὲν
2813 4253 2894 4322 οἷς
2913 4258 3092 4327 λέγει’
3129 4276 3148 4310 ι
3187 4257 3376 4328 Ὑμεῖς
3405 4257 3460 4312 δὲ
3492 4259 3590 4310 οὐκ
3613 4259 3738 4312 ἐστὲ

2155 4352 2211 4404 ἐν
2245 4353 2407 4424 σαρκὶ
2429 4392 2444 4417 ,
2473 4350 2587 4404 ἀλλ’
2625 4352 2687 4404 ὲν
2719 4349 3017 4420 Πνεύματι,
3044 4350 3201 4424 εἴπερ
3235 4351 3460 4421 Πνεῦμα
3489 4350 3623 4405 Θεοῦ
3659 4352 3739 4403 οἰ-

2156 4448 2243 4497 κεῖ
2280 4447 2336 4497 ὲν
2363 4444 2511 4513 ὑμῖν.
2550 4443 2612 4497 Εἰ
2637 4443 2693 4497 δέ
2718 4461 2800 4505 τις
2830 4443 3055 4513 Πνεῦμα
3082 4442 3320 4512 Χριστοῦ
3348 4444 3446 4497 οὐκ
3475 4444 3609 4513 ἔχει,
3638 4434 3737 4496 οὗ·

2156 4556 2245 4601 τος
2271 4541 2371 4592 ούκ
2406 4540 2552 4592 ἐστιν
2578 4538 2764 4593 αὐτοῦ.
2800 4557 2817 4590 ι
2857 4533 2989 4590 Εἶτα
3012 4538 3229 4603 ἐπάγει*
3265 4555 3284 4589 ‹
3321 4538 3380 4591 Ei
3414 4537 3468 4590 δὲ
3499 4536 3740 4607 Χριστὸς

480 4626 644 4679 modo
680 4641 840 4699 supra
888 4628 1075 4683 dicens
1112 4628 1374 4698 Spiritum
1417 4629 1509 4685 Dei
1562 4630 1809 4685 habitare
1850 4631 1901 4685 in
1947 4631 2045 4697 eis,

2155 4633 2212 4685 ὲν
2248 4632 2397 4701 ύμῖν.
2439 4651 2457 4684 ι
2497 4632 2682 4701 Ὁρᾷς,
2715 4631 2832 4695 πῶς
2882 4631 2993 4684 ἄνω
3038 4629 3205 4682 εἰπὼν
3245 4631 3336 4682 καὶ
3383 4629 3605 4700 Πνεῦμα
3638 4626 3736 4682 τοῦ

482 4718 674 4774 deinde
701 4719 881 4774 subdit
911 4737 925 4774 :
957 4738 976 4772 ι
1004 4721 1252 4776 Christus
1284 4722 1337 4776 in
1362 4722 1551 4790 vobis,
1586 4742 1605 4775 ι
1643 4722 1916 4777 Christum
1949 4725 2055 4778 sci-

482 4811 613 4867 licet
630 4813 890 4881 Spiritum
917 4814 1241 4869 nominans?
1261 4813 1398 4882 Quia
1419 4816 1584 4885 igitur
1607 4814 1844 4883 Spiritus
1868 4815 2028 4873 Chris

483 4914 569 4959 tus
601 4907 933 4971 nominatur,
978 4907 1047 4959 ita
1082 4906 1243 4961 debes
1286 4907 1583 4972 intelligere
1626 4926 1640 4962 :
1679 4926 1698 4959 ι
1742 4906 1796 4961 1η
1840 4908 2055 4963 nomine

485 5015 604 5053 meo
629 4998 803 5053 mittet
820 5014 942 5053 eum
965 4997 1178 5064 Pater,»
1209 5000 1309 5053 hoc
1329 5009 1432 5064 est,
1455 5000 1517 5054 Et
1543 5001 1656 5068 ipse
1685 5000 2055 5055 nominabitur

481 5091 757 5147 Christus.
784 5092 955 5163 igitur
979 5099 1033 5146 et
1057 5090 1296 5160 Spiritus
1315 5100 1541 5148 sanctus
1565 5104 1619 5148 et
1642 5094 1824 5148 docuit
1847 5104 1901 5147 et
1928 5108 2048 5162 sug-

483 5188 666 5255 gessit.
702 5185 887 5240 Docuit
921 5185 1172 5256 quidem,
1200 5200 1530 5256 quaecunque
1573 5202 1683 5240 non
1729 5186 1936 5240 dixerat
1975 5186 2055 5239 eis

482 5277 769 5340 Christus,
822 5286 1007 5343 utpote
1050 5285 1264 5344 portare
1315 5290 1419 5329 non
1466 5277 1723 5332 valentes.
1776 5269 2057 5344 Suggessil

481 5383 632 5435 vero,
697 5381 1029 5438 quarumque
1083 5367 1292 5422 dixerat
1342 5367 1557 5437 quidem
1621 5368 1912 5430 Dominus,
1960 5365 2054 5419 sed

486 5462 768 5515 obscurius
788 5500 802 5524 ,
832 5458 916 5516 vel
947 5475 1067 5530 qua:
1100 5469 1320 5529 propter
1359 5457 1778 5513 imbecillitatem
1829 5456 2056 5511 rationis

489 5553 748 5608 memoria
771 5551 1226 5623 comprehendere
1259 5567 1368 5605 non
1403 5549 1946 5618 valueruntapostoli.

561 5736 724 5791 Vens.
753 5736 841 5793 “27.
877 5757 895 5791 ι
933 5737 1123 5793 l'acem
1158 5735 1401 5804 relinquo
1436 5734 1609 5802 vobis,
1655 5747 1841 5804 pacem
1877 5747 2052 5788 meam

562 5921 606 5952 ⁵⁷
638 5920 791 5976 liotn.
819 5940 932 5985 rm,
956 5922 1009 5977 ll.
1044 5923 1086 5953 δ’*
1120 5918 1253 5975 Ibid.
1294 5917 1378 5973 ιθ.

2154 4725 2291 4778 Θεοῦ
2322 4726 2492 4778 οἰκεῖν
2527 4726 2585 4777 ὲν
2615 4725 2799 4786 αὐτοῖς
2822 4767 2837 4790 ,
2884 4718 3005 4778 εἶτα
3044 4725 3315 4795 ἐπήγαγε,
3351 4743 3369 4776 ι
3410 4724 3646 4792 Χριστὸς
3677 4725 3736 4776 ὲν

2156 4817 2319 4886 ὑμῖνς
2359 4835 2379 4868 ι
2403 4816 2638 4887 Χριστὸν
2656 4815 2762 4886 γὰρ
2801 4814 3040 4886 δηλονότι
3067 4817 3127 4869 τὸ
3169 4816 3391 4886 Πνεῦμα
3428 4817 3735 4888 ὠνόμασεν.

2169 4909 2323 4961 Ἐπεὶ
2365 4905 2457 4963 οὖν
2499 4911 2559 4962 τὸ
2592 4908 2816 4977 Πνεῦμα
2861 4908 3095 4978 Χριστὸς
3143 4908 3508 4979 ὀνομάζεται,
3559 4909 3733 4971 οὕτως

2156 5002 2393 5072 ὀφείλεις
2433 5004 2574 5054 νοεῖν
2601 4999 2753 5054 αὑτό⁸
2809 5019 2827 5051 ι
2877 5001 2966 5053 Ἐν
2999 5001 3075 5071 τῷ
3112 5001 3335 5070 ὀνόματί
3381 5019 3481 5072 μου
3528 5000 3732 5071 πέμψει

2164 5095 2299 5149 αὐτὸ
2326 5096 2355 5149 6
2380 5094 2600 5164 Πατήρ·
2630 5112 2649 5144 ι
2693 5092 2994 5157 τουτέστιν,
3034 5092 3115 5146 ὅτι
3162 5092 3257 5146 καὶ
3295 5093 3454 5156 αὐτὸς
3501 5091 3733 5161 Χριστὸς

2156 5187 2614 5258 ὁνομασθήσεται.
2649 5187 2725 5239 Τὸ
2766 5185 2859 5239 οὖν
2909 5185 3065 5252 ἅγιον
3095 5185 3318 5256 Πνεῦμα
3338 5184 3445 5238 ’καὶ
3488 5181 3692 5247 ἐδίδαξε
3715 5221 3731 5245 ,

2157 5282 2253 5336 καὶ
2275 5280 2609 5348 ὑπέμνησεν·
2637 5277 2840 5342 ἐδίδαξε
2866 5275 2987 5340 μὲν,
3016 5279 3115 5330 ὅσα
3143 5277 3242 5330 ούκ
3271 5273 3424 5330 εἶπεν
3449 5278 3477 5330 ὁ
3500 5275 3730 5346 Χριστὸς

2157 5374 2362 5435 αὐτοῖς,
2399 5372 2474 5435 ὡς
2509 5371 2584 5441 μὴ
2616 5370 2933 5440 δυναμένοις
2964 5368 3230 5438 βαστάσαι
3254 5385 3267 5398 ·
3314 5367 3599 5436 ὑπέμνησε
3648 5363 3723 5425 δὲ,

2155 5464 2256 5518 ὅσα
2286 5458 2407 5516 εἷπε
2439 5462 2536 5531 μὲν
2567 5465 2595 5516 6
2622 5460 2845 5532 Κύριος,
2877 5460 2987 5514 εἴτε
3012 5461 3068 5513 δὲ
3090 5459 3156 5513 δι’
3179 5458 3467 5527 πάρεισιν,
3498 5456 3531 5527 ἢ
3561 5456 3649 5508 διὰ
3672 5454 3730 5507 τ’)

2165 5556 2328 5619 νωθὲς
2375 5555 2472 5609 τοῦ
2512 5555 2771 5625 λογισμοῦ
2807 5555 2909 5610 οὐκ
2935 5552 3279 5625 ἠδυνήθησαν
3324 5551 3620 5621 κατασχεῖν
3658 5549 3722 5617 τῇ

2168 5648 2273 5717 μνή
2283 5662 2357 5717 μῃ
2390 5645 2440 5699 οἱ
2472 5646 2782 5700 ἀπόστολοι.
3658 5630 3661 5633 Δ

2247 5756 2265 5789 ι
2301 5736 2536 5808 Εἰρήνην
2569 5736 2770 5808 ἀφίημι
2798 5735 2951 5807 ὑμῖν,
2976 5734 3200 5807 εἰρήνην
3228 5732 3328 5805 τὴν
3368 5730 3506 5805 Epiri
3540 5729 3728 5799 δίδωμι
