4056 6576
387 417 493 483 189

385 625 482 696 Μὴ
508 626 873 697 ταρασσέσθω
906 627 1061 698 ὑμῶν
1105 631 1139 700 ἡ
1173 629 1407 697 καρδία,
1461 629 1597 700 μηδὲ
1634 628 1912 684 δειλιάτω.
1957 648 1976 682 ι

390 721 565 774 Πάλιν
593 722 652 775 ὲν
680 720 883 783 λύπαις
911 716 1053 793 ἦσαν
1094 724 1143 775 οἱ
1188 721 1484 775 ἀπόστολοι
1504 763 1519 787 ,
1556 721 1848 784 ἀκούοντες
1887 720 1983 774 τοῦ

384 812 599 882 Κυρίου
650 812 929 881 λέγοντος,
977 814 1060 867 ὅτι
1114 813 1257 882 Ἐγὼ
1302 815 1401 883 μὲν
1450 814 1866 891 ἀναχωρῶητὸ
1928 814 1987 868 δὲ

386 904 622 974 Πνεῦμα
656 905 1036 961 ἐπελεύσεται.
1070 907 1162 960 Διὸ
1200 909 1343 977 ὁρῶν
1394 911 1454 960 ὲν
1495 910 1767 977 ταραχαῖς
1817 906 1987 961 οὖσαν

390 995 493 1067 τὴν
525 996 759 1068 καρδίαν
789 997 993 1062 αύτῶν,
1026 999 1121 1053 καὶ
1153 998 1388 1069 μάλιστα
1420 999 1510 1053 διὰ
1543 999 1641 1062 τὰς
1684 998 1988 1067 μελλούσας

388 1090 610 1145 ἐπιέναι
639 1092 824 1156 αὐτοῖς
851 1093 1058 1160 θλίψεις
1085 1094 1329 1157 καὶτοὺς
1354 1094 1648 1165 πολέμους,
1675 1113 1693 1146 ι
1724 1094 1987 1165 Εἰρήνην,
2013 1101 2045 1140 r

390 1186 583 1256 φησὶν,
620 1185 828 1257 ἀφίημι
881 1186 1032 1257 ΰμίνο
1067 1206 1086 1239 ι
1119 1185 1279 1240 τοῦτο
1309 1186 1484 1255 λέγων
1507 1187 1713 1251 αὐτοῖς’
1742 1185 1809 1240 Τί
1843 1185 1970 1256 βλά-

388 1279 600 1333 πτεσθε
631 1278 738 1334 ὑπὸ
770 1280 868 1351 τῆς
888 1278 983 1332 τοῦ
1029 1280 1238 1351 κόσμου
1274 1279 1543 1351 ταραχῆς.
1586 1281 1690 1344 ἕως
1727 1279 1796 1335 ἂν
1839 1281 1993 1350 εἰρη-

388 1370 589 1440 νεύητε
619 1372 757 1443 πρός
789 1390 892 1443 με;
915 1375 991 1428 οὐ
1012 1374 1126 1443 γὰρ
1145 1372 1370 1446 τοιαύτη
1392 1373 1546 1429 ἐστὶν
1574 1377 1607 1446 ή
1633 1373 1741 1447 ἐμὴ
1772 1375 1988 1445 εἰρήνη.

390 1464 487 1518 οἵα
513 1466 548 1535 ἡ
579 1464 674 1518 τοῦ
706 1464 939 1536 κόσμου,
977 1466 1239 1530 πολλάκις
1272 1466 1368 1520 ἐπὶ
1400 1465 1558 1537 κακῷ
1601 1465 1865 1538 γινομένη
1897 1466 1993 1519 καὶ

390 1558 658 1630 ἀνόνητος
680 1554 836 1613 οὖσα.
870 1559 1012 1613 Ἀλλ’
1040 1559 1154 1629 ἐγὼ
1175 1559 1436 1630 τοιαύτην
1466 1560 1681 1629 δίδωμι,
1704 1558 1986 1631 ὥστεξμετ⁹

391 1649 647 1722 ἀλλήλων
695 1651 1024 1722 εἰρηνεύειν,
1072 1651 1168 1705 καὶ
1211 1649 1271 1704 ἓν
1306 1651 1469 1721 σῶμα
1515 1646 1681 1704 εἶναι.
1720 1646 1895 1705 Τοῦτο
1936 1650 1994 1706 δι

395 1745 808 1817 ίσχυρωτὲρους
840 1744 1060 1799 πάντων
1093 1743 1604 1814 ὑμᾶς’καταστήσει
1625 1759 1639 1771 ο
1669 1741 1777 1797 κᾶν
1806 1742 1994 1797 πολλοὶ

390 1839 786 1894 ἐπαναστῶσιν
813 1839 964 1909 ὑμῖν,
997 1838 1151 1891 οὐδὲν
1180 1834 1456 1917 πείσεσθε,
1494 1840 1560 1907 τῇ
1593 1836 1869 1908 ὀμοψυχίᾳ
1899 1836 1993 1891 καὶ

392 1937 463 2003 τῇ
509 1935 632 2004 μετ’
664 1902 912 2003 ἀλλήλων
951 1932 1146 2003 εἰρήνῃ
1182 1902 1571 2002 φραττὸμενοι.
1623 1902 1994 2001 Εἶτα-ἐπειδὴ
2028 1902 2067 1955 P’

407 2028 580 2081 πάλιν
613 2022 793 2090 εἶπεν,
835 2044 853 2076 ι
900 2025 1164 2096 Ἀφίημι,
1206 2044 1224 2075 ι
1275 2025 1414 2093 ὅπερ
1462 2018 1530 2095 ἦν
1580 2022 1993 2093 ἀναχωροῦντος

394 2123 495 2175 καὶ
531 2119 717 2174 ἱκανὸν
752 2119 952 2181 αὐτοὺς
997 2119 1243 2187 συγχεῖν,
1278 2117 1502 2183 ἐπάγει·
1539 2135 1556 2166 ι
1594 2117 1687 2187 Μὴ
1721 2115 1996 2187 ταρασσὲ-

395 2213 514 2269 σθω
542 2212 764 2282 ύμῶνὴ
810 2210 1039 2283 καρδία,
1092 2210 1226 2281 μηδὲ
1271 2208 1545 2263 δειλιάτω.
1590 2228 1609 2262 ι
1648 2208 1722 2262 Τὸ
1756 2209 1856 2278 μὲν
1905 2203 1999 2262 οὖν

395 2304 795 2377 ταράσσεσθαι,
824 2303 931 2357 ἀπὸ
954 2302 1338 2373 φιλοστοργίας
1365 2303 1456 2356 καὶ
1484 2301 1707 2371 ἀγάπης
1735 2302 1835 2371 τῆς
1859 2301 1999 2372 πρὶς

395 2399 567 2453 αὐτὸν
598 2398 861 2466 ἔπασχον,
889 2395 966 2460 ὡς
1013 2394 1302 2465 μέλλοντες
1331 2393 1498 2448 αὐτοῦ
1534 2391 1893 2464 στερηθῆναιο
1934 2392 1996 2445 τὸ

481 2491 709 2561 δειλιᾷν,
738 2488 828 2544 διὰ
850 2489 919 2542 τὰ
941 2486 1322 2559 συμϐήσεσθαι
1350 2485 1612 2555 μέλλοντα
1641 2485 1822 2549 αὐτοῖς
1850 2484 1997 2540 κακά

401 2585 549 2653 μετά
574 2585 665 2637 τον
695 2585 861 2638 αὑτοῦ
892 2583 1145 2637 θάνατον.
1176 2581 1348 2644 mea;
1368 2575 1461 2635 οὖν
1489 2578 1621 2633 οὔτε
1653 2579 1752 2651 τὴν
1783 2579 1890 2633 ἀπὸ
1912 2597 2000 2649 φι-

398 2676 727 2746 λοστοργίας
780 2678 1051 2748 ταραχὴν,
1099 2672 1225 2727 οὕτε
1272 2673 1376 2745 τὴν
1420 2673 1510 2727 διὰ
1557 2672 1654 2736 τὰς
1699 2671 2001 2742 μελλούσας

403 2768 619 2839 θλίψεις
647 2769 849 2823 δειλίαν
901 2769 1128 2842 ἀφίησιν
1188 2769 1374 2832 αὐτοῖς
1453 2767 1854 2839 ἀθεράπευτον·
1904 2766 2020 2822 ἀλλ’

399 2867 563 2938 ὑμῶν
592 2868 625 2938 ἡ
658 2867 875 2938 καρδία,
912 2868 1048 2941 μηδὲ
1079 2868 1350 2922 δειλιάτω.
1393 2887 1411 2919 ι

483 2980 504 3012 ι
555 2959 880 3022 Ἠκούσατε,
929 2961 1012 3014 ὅτι
1058 2959 1170 3028 ἐγὼ
1219 2955 1374 3013 εἶπον
1418 2961 1568 3030 ὑμῖν
1618 2959 1870 3027 ’λ’πάγω,
1908 2957 2005 3011 καὶ

405 3056 647 3127 ἔρχομαι
687 3054 825 3124 πρδς
876 3054 1042 3125 ὑμᾶς.
1082 3056 1146 3108 El
1177 3053 1431 3124 ἠγαπᾶτέ
1480 3069 1581 3122 με,
1630 3052 1865 3123 ἐχάρητε
1911 3051 2003 3114 ἂν,

1046 422 1497 484 ENARBAI‘IO
1538 423 1619 485 IN
1659 423 2162 497 EVANGELIUM
2188 425 2533 492 JOANNIS.
2562 451 2624 462 -
2666 428 2829 492 CAP.
2874 430 3026 491 XIV.
3061 446 3071 455 '

384 534 539 603 ἑρμῖν’
570 529 631 585 o'J
663 532 850 599 καθὼς
883 534 913 585 ὁ
944 534 1149 605 κόσμος
1178 535 1414 600 δίδωσιν,
1446 535 1558 604 ἐγὼ
1595 536 1789 607 δίδωμι
1813 537 1964 608 ὑμῖν.
1996 539 2048 598 Α
2072 536 2141 592 do
2169 539 2324 593 vobis
2360 556 2373 594 :

3569 428 3677 492 19;)

2434 554 2542 594 non
2574 539 2720 595 sicut
2765 539 2997 594 mumlns
3023 540 3137 606 dat,
3165 553 3264 609 ego
3296 540 3364 594 do
3394 540 3575 594 vobis.
3604 539 3684 592 hic

2091 636 2340 689 turbetur
2369 650 2464 692 cor
2495 644 2760 696 vestrum,
2798 649 2975 703 neque
3021 634 3293 689 formidet.
3336 651 3356 685 ι
3398 632 3593 687 lterum
3626 633 3681 686 in

2091 742 2327 783 maerore
2385 736 2545 781 erant
2589 726 2875 797 discipuli,
2924 726 3208 782 audientes
3258 725 3544 782 Dominum
3594 725 3685 780 dio

2091 831 2299 875 centem
2340 838 2353 873 :
2396 820 2504 888 Ego
2535 818 2754 890 quidem
2798 819 3021 874 discedo
3054 860 3070 884 ,
3106 819 3345 889 Spiritus
3379 826 3561 875 autem
3594 834 3686 874 ve-

2093 912 2224 966 niet.
2280 910 2402 964 Iden
2435 912 2627 967 videns
2683 912 2891 967 turbari
2945 926 3042 966 cor
3078 926 3295 976 eorum,
3347 921 3404 966 et
3448 910 3684 966 maxime

2094 1018 2315 1076 propter
2347 1004 2669 1060 aﬂlictiones
2703 1004 3051 1059 imminentes
3075 1013 3130 1059 et
3154 1005 3475 1068 certamina,
3500 1004 3638 1058 dixit
3666 1020 3683 1058 :

2099 1118 2116 1151 ι
2163 1097 2359 1153 Pacem
2398 1098 2647 1167 relinquo
2685 1097 2863 1161 vobis,
2906 1113 2925 1148 ι
2961 1096 3116 1167 quasi
3163 1097 3237 1151 ita
3268 1096 3458 1151 dicens
3497 1113 3512 1151 :
3544 1094 3684 1162 Quid

2093 1200 2290 1245 nocent
2316 1189 2470 1245 vobis
2495 1190 2679 1245 mundi
2712 1189 3071 1255 turbationes,
3099 1204 3223 1244 cum
3258 1203 3469 1243 mecum
3495 1202 3685 1258 pacem

2095 1283 2378 1340 habeatis?
2410 1282 2525 1339 Non
2540 1283 2687 1337 enim
2714 1282 2839 1338 talis
2865 1291 2949 1338 est
2977 1297 3080 1353 pax
3101 1295 3239 1342 mea.
3259 1279 3438 1350 qualis
3468 1278 3685 1344 mundi,

2094 1391 2214 1445 quae
2246 1391 2390 1445 εςιιῃε
2422 1377 2475 1430 in
2512 1377 2654 1432 malo
2685 1376 2765 1440 ﬁt,
2800 1385 2855 1451 et
2889 1378 3048 1445 plane
3094 1372 3263 1429 stulta
3304 1382 3391 1428 est
3419 1389 3437 1427 :
3470 1372 3570 1427 sed
3602 1383 3684 1426 ta.

2098 1468 2202 1523 lem
2228 1483 2329 1538 ego
2358 1469 2446 1531 do,
2476 1475 2533 1521 nt
2560 1476 2617 1524 et
2639 1468 2781 1522 inter
2812 1482 2908 1522 vos
2937 1479 3122 1536 pacem
3149 1464 3414 1530 habeatis,
3439 1475 3492 1518 et
3517 1479 3686 1520 unum

2094 1576 2292 1628 eorpns
2341 1561 2481 1615 sitis.
2534 1558 2646 1615 lloc
2682 1568 2863 1616 autem
2915 1557 3250 1614 fortissimos
3297 1556 3542 1613 omnium
3591 1572 3690 1611 vos

2095 1652 2294 1720 faciet;
2321 1652 2538 1709 etiamsi
2569 1651 2722 1707 umlti
2752 1662 2944 1709 contra
2978 1665 3073 1708 vos
3099 1651 3519 1712 insurrexerint.
3555 1650 3689 1705 nihil

2098 1756 2278 1801 tamen
2314 1744 2618 1816 patiemini,
2653 1744 2945 1801 concordia
2975 1759 3219 1813 paceque
3244 1753 3431 1798 mutua
3463 1744 3683 1800 muniti.

2097 1838 2302 1893 Deinde
2344 1838 2469 1909 quia
2515 1837 2710 1892 iterum
2755 1836 2921 1908 708
2970 1837 3127 1901 dixit,
3183 1855 3203 1889 ι
3245 1835 3537 1905 Relinqtto,
3580 1854 3600 1889 ι
3637 1837 3690 1892 id

2097 1933 2240 2002 quod
2272 1931 2579 1988 recedentis
2624 1940 2743 1985 erat
2774 1942 2829 1985 et
2887 1931 3023 1987 satis
3069 1946 3162 1986 eos
3199 1931 3423 1987 turbare
3451 1940 3686 2002 poterat,

2098 2026 2315 2079 subdit:
2347 2044 2366 2077 ι
2395 2023 2474 2080 Ne
2494 2026 2741 2080 turbetur
2755 2040 2852 2080 cor
2873 2035 3136 2089 vestrum,
3162 2039 3338 2092 neque
3362 2024 3634 2078 formidet.
3663 2043 3682 2076 ι

2101 2119 2273 2190 Igitur
2312 2118 2681 2175 turbationem
2718 2120 3066 2188 patiebantur
3109 2134 3175 2172 ex
3230 2117 3426 2174 aﬂ‘ectu
3486 2117 3690 2172 amoris

2102 2221 2158 2268 et
2192 2211 2485 2267 dilectione
2523 2229 2650 2283 erga
2680 2212 2851 2279 illum,
2881 2214 3023 2282 quod
3060 2212 3146 2266 illo
3178 2212 3429 2282 privandi
3463 2222 3642 2266 essent
3675 2228 3690 2263 :

2103 2306 2365 2359 timebant
2404 2312 2607 2369 autem,
2645 2320 2711 2359 eo
2740 2307 2883 2375 quod
2930 2315 3191 2360 eventura
3223 2316 3379 2359 erant
3415 2305 3520 2359 illis
3555 2303 3692 2356 mala

2105 2404 2228 2464 post
2262 2405 2487 2449 mortem
2513 2393 2652 2462 ejus.
2685 2393 2803 2463 Ipse
2829 2394 2993 2464 igitur
3023 2408 3198 2463 neque
3228 2393 3594 2448 turbationem
3624 2406 3689 2443 ex

2108 2503 2316 2551 amore,
2352 2502 2527 2556 neque
2559 2488 2806 2541 timorem
2832 2502 2897 2540 ex
2934 2484 3317 2540 aﬂlictionihns
3342 2484 3549 2553 absque
3579 2496 3695 2535 me-

2109 2580 2386 2635 dicamine
2418 2580 2710 2650 relinquit;
2741 2578 2833 2634 sed
2858 2589 3091 2648 utraque
3117 2581 3269 2634 sedat
3295 2576 3480 2630 dicens
3510 2593 3525 2629 :
3563 2594 3580 2626 ι
3619 2572 3696 2627 Ne

2113 2672 2366 2728 turbetur
2394 2687 2490 2728 eor
2516 2683 2779 2739 vestrum,
2808 2686 2984 2740 neque
3014 2668 3287 2725 formidet.
3322 2689 3340 2720 ι

2087 2768 2380 2840 ἀμφότερα
2436 2765 2814 2832 καταστέλλει,
2869 2786 2886 2820 ι
2937 2767 3030 2838 Μὴ
3063 2763 3443 2838 ταρασσέσθω,
3496 2762 3693 2830 λέγων,

2177 2954 2342 3009 Vens.
2374 2951 2465 3015 28,
2511 2951 2602 3008 29.
2647 2970 2668 3003 ι
2729 2949 2973 3005 Audistis
3015 2948 3159 3018 quod
3202 2962 3304 3018 ego
3342 2948 3452 3002 dixi
3491 2947 3643 3002 vobis
3679 2964 3695 3002 :

2109 3042 2263 3101 Vado
2298 3055 2354 3101 et
2395 3046 2551 3101 venio
2583 3045 2648 3100 ad
2682 3060 2798 3099 vos.
2832 3043 2888 3099 Si
2919 3042 3216 3114 diligeretis
3245 3055 3350 3108 me,
3388 3041 3700 3109 ganleretis

403 3151 492 3207 ὅτι
524 3144 698 3202 εἷπον·
730 3147 1043 3219 Πορεύομαι
1075 3148 1212 3217 πρὶς
1247 3147 1338 3200 τὸν
1363 3146 1608 3218 Πατέρα,
1640 3148 1722 3199 ὅτι
1755 3147 1782 3199 ὁ
1808 3146 2001 3217 Πατήρ

2105 3141 2295 3210 utique
2328 3143 2470 3208 qttod
2504 3139 2760 3205 dixerim,
2795 3137 2949 3193 Vado
2979 3137 3044 3189 ad
3076 3135 3319 3200 Patrem,
3369 3134 3497 3203 qttia
3540 3132 3703 3187 Pater

405 3257 518 3312 μου
545 3239 747 3308 μείζων
776 3239 878 3311 μοῦ
909 3241 1049 3293 ἐστι.
1085 3240 1193 3294 Καὶ
1220 3238 1317 3292 νῦν
1351 3239 1552 3309 εἴρηκα
1582 3239 1711 3308 ύμῖν
1750 3239 1881 3308 πρὶν
1908 3255 2003 3307 γε·

406 3331 624 3386 νέσθαι·
677 3331 765 3386 ἵνα
809 3332 941 3385 ὅταν
985 3331 1247 3401 γένηται,
1297 3329 1651 3398 πιστεύσητε.
1712 3349 1730 3381 ι
1782 3328 2004 3400 Ἐπειδὴ

411 3424 565 3497 ἑώρα
595 3427 624 3480 ὁ
659 3425 860 3495 Κύριος
894 3424 1023 3487 τοὺς
1048 3424 1382 3486 ἀποστόλους
1413 3421 1535 3492 μηδ’
1569 3422 1707 3485 ὅλως
1744 3419 1877 3492 περὶ
1907 3419 2006 3491 τῆς

406 3518 764 3581 ἀναστάσεως
793 3516 958 3571 αὐτοῦ
1007 3515 1351 3583 ἐλπίζοντας,
1398 3517 1521 3588 μηδ’
1557 3515 1769 3580 εἰδότας
1836 3513 2006 3586 αὐτὴν

410 3614 608 3675 ἁπλῶς
635 3612 688 3666 τί
716 3613 834 3666 ἐστι
855 3651 869 3676 ,
903 3612 998 3666 καὶ
1037 3610 1127 3665 διά
1168 3611 1327 3664 τοῦτο
1362 3608 1572 3680 σφόδρα
1600 3607 2004 3679 λυπουμένους,

412 3707 513 3759 καὶ
540 3704 979 3776 ταραττομένους
1008 3704 1084 3768 ὡς
1117 3702 1416 3774 μέλλοντας
1450 3702 1782 3772 στερηθῆναι
1815 3699 2005 3764 αὐτοῦ,

414 3797 852 3867 συγκαταϐαίνει
877 3796 1011 3869 πρὸς
1030 3795 1132 3869 τὴν
1153 3794 1335 3849 αὐτῶν
1357 3793 1665 3858 ἀσθένειαν,
1691 3794 1785 3847 καί
1806 3809 1973 3863 φησιν
1992 3808 2007 3822 ·

421 3910 443 3942 ι
478 3892 602 3943 Ὅτι
654 3888 765 3958 ἐγὼ
810 3882 964 3941 εἷπον
994 3886 1146 3956 ὑμῖν,
1188 3884 1440 3953 Ὑπάγω,
1487 3884 1583 3938 καὶ
1630 3882 1947 3954 ἐλεύσομαι,
1984 3902 2004 3936 ι

416 3986 516 4037 καὶ
550 3984 703 4051 ὅμως
751 3980 830 4035 ἔτι
876 3979 1157 4044 λυπεῖσθε,
1189 3980 1250 4033 ού
1290 3979 1400 4049 γὰρ
1447 3977 1704 4050 θαρρεῖτε
1747 3977 1895 4047 ἐμοὶ,
1929 3977 2012 4030 δτι

416 4075 527 4133 κᾶν
546 4074 828 4138 ἀποθάνω,
849 4075 999 4144 ὅμως
1017 4075 1073 4126 ὲν
1090 4074 1208 4131 ταῖς
1232 4071 1481 4141 θλίψεσιν
1505 4069 1661 4141 ὑμῶν
1687 4069 1785 4122 οὐκ
1812 4069 2011 4141 ἀφήσω

418 4170 588 4237 ὑμᾶς.
623 4167 740 4222 Νῦν
772 4164 865 4222 οὖν
896 4167 1257 4230 ἀκούσαντες,
1293 4165 1375 4219 ὅτι
1420 4182 1440 4217 ι
1486 4165 1630 4236 Πρὸς
1657 4163 1749 4217 τὸν
1784 4163 2012 4236 Πατέρα

423 4272 530 4334 μου
553 4261 887 4331 πορεύομαι,
920 4280 938 4313 ι
967 4261 1025 4313 ὃν
1051 4259 1210 4328 ὑμεῖς
1237 4259 1413 4330 μέγαν
1440 4259 1648 4312 δοκεῖτε
1673 4258 1765 4311 καὶ
1785 4257 2011 4328 μείζονα

421 4355 583 4428 ἐμοῦ,
612 4356 861 4425 ὀφείλετε
901 4355 1134 4425 χαίρειν,
1172 4352 1254 4406 ὃτι
1287 4353 1425 4424 προς
1456 4352 1663 4406 ἐκεῖνον
1694 4350 1892 4422 ἄπειμι
1920 4350 2013 4406 τὸν

423 4449 652 4521 μείζονά
689 4465 814 4518 μου,
846 4447 943 4501 καὶ
974 4447 1273 4515 δυνάμενον
1317 4444 1497 4498 πάντα
1527 4443 1688 4500 λῦσαι
1728 4446 1796 4497 τὰ
1838 4443 2008 4499 δεινά.

2111 3235 2283 3305 major
2326 3250 2415 3287 me
2450 3239 2556 3288 est.
2589 3232 2657 3287 Et
2687 3246 2830 3286 nunc
2881 3230 2988 3285 dixi
3022 3229 3177 3284 vobis
3218 3228 3547 3296 priusquam
3586 3227 3699 3288 liat,
3776 3300 3777 3303 η

2110 3340 2169 3383 ιιι
2190 3343 2313 3384 cum
2341 3326 2541 3382 factum
2572 3325 2756 3391 fuerit,
2783 3322 3043 3379 credatis.
3072 3341 3091 3375 ι
3120 3322 3257 3389 Quia
3283 3322 3415 3375 vidit
3440 3319 3702 3374 Dominus

2110 3418 2384 3489 apostolos
2427 3432 2532 3472 non
2565 3415 2723 3486 plene
2752 3413 3205 3470 resurrectionem
3243 3425 3397 3468 suam
3438 3423 3664 3479 sperare
3685 3451 3709 3477 ,,

2111 3524 2290 3582 neque
2322 3509 2463 3564 scire
2492 3509 2623 3580 quid
2658 3515 2822 3573 esset,
2857 3517 2911 3562 et
2943 3516 3231 3578 propterea
3269 3502 3424 3557 valde
3468 3491 3709 3556 manere

2109 3615 2162 3660 et
2200 3603 2403 3657 turbari
2442 3614 2500 3656 ut
2524 3616 2585 3655 se
2618 3598 2953 3669 privandos,
2988 3607 3363 3666 attetnpetans
3392 3607 3453 3649 se
3489 3593 3702 3647 illorum

2113 3694 2436 3759 inﬁrmitati,
2472 3693 2603 3748 dicit
2633 3711 2648 3748 :
2702 3711 2722 3743 ι
2757 3691 2895 3759 Quia
2935 3704 3035 3756 ego
3061 3689 3171 3742 dixi
3209 3687 3387 3748 vobis,
3414 3683 3600 3747 Vado,
3648 3693 3703 3738 et

2112 3790 2311 3844 iterum
2333 3787 2566 3853 veniam,
2602 3803 2620 3837 ι
2650 3786 2828 3839 adlmc
2855 3793 3035 3840 tamen
3065 3790 3122 3837 et
3149 3781 3336 3836 tristes
3362 3778 3494 3835 estis
3520 3794 3535 3832 :
3570 3777 3703 3833 Inibi

2111 3883 2256 3937 enim
2286 3895 2391 3935 non
2427 3880 2608 3943 liditis,
2641 3879 2782 3948 quod
2830 3874 3047 3930 etiamsi
3098 3873 3321 3940 moriar,
3366 3882 3607 3928 attamen
3648 3869 3702 3924 in

2118 3972 2504 4030 amiCIionibus
2536 3971 2733 4026 vestris
2764 3984 2870 4024 non
2902 3969 3206 4038 relinquam
3238 3980 3358 4021 vos.
3389 3963 3545 4020 Nunc
3573 3976 3705 4034 ergo

2114 4082 2237 4123 cum
2284 4064 2599 4120 audiveritis
2634 4060 2780 4133 quod
2833 4079 2854 4115 ¢
2894 4062 2962 4116 ad
2993 4058 3209 4115 Patrem
3245 4072 3426 4113 meum
3476 4055 3633 4121 vado,
3678 4075 3697 4107 ι

2115 4160 2206 4229 qui
2250 4171 2502 4227 magnus,
2547 4167 2602 4211 et
2639 4169 2725 4210 me
2759 4152 2933 4223 major
2966 4154 3120 4208 vobis
3152 4151 3386 4212 videtur,
3424 4150 3607 4204 debcrc
3627 4148 3699 4203 tis

2115 4251 2349 4317 gaudere
2375 4246 2520 4315 quod
2549 4246 2616 4299 ad
2642 4244 2791 4299 illum
2819 4259 2964 4309 eam,
2992 4241 3083 4311 qui
3113 4255 3199 4295 me
3224 4238 3421 4308 major,
3445 4247 3499 4292 et
3524 4235 3705 4290 omnia

2116 4340 2249 4395 dura
2294 4339 2491 4408 poterit
2519 4339 2759 4391 auferre.
2803 4334 2967 4390 Vides
2994 4330 3440 4401 consequentiam
3479 4337 3705 4383 senten-

2116 4432 2232 4499 tiae:
2263 4430 2536 4501 quomodo
2565 4444 2686 4483 cum
2718 4428 2874 4492 dicit,
2927 4446 2946 4478 ι
2991 4424 3130 4493 Quia
3159 4422 3321 4478 Pater
3348 4436 3502 4477 meus
3536 4421 3710 4490 major

431 4512 599 4613 ιΟρᾷς
626 4512 727 4610 τὴν
755 4537 1081 4594 ἀκολουθίαν
1109 4512 1204 4590 τοῦ
1231 4537 1525 4605 νοήματος,
1559 4534 1677 4600 πῶς
1704 4535 1788 4600 τὸ,
1828 4554 1845 4587 ι
1884 4536 2005 4589 Ὅτι

2122 4540 2209 4578 me
2235 4533 2344 4588 est,
2383 4541 2402 4576 ι
2427 4517 3150 4588 utconsoleturdiscipulos,
3170 4512 3557 4585 dixerit?,Nam
3582 4514 3709 4583 quia

420 4636 450 4687 ὁ
481 4636 672 4704 ιιατῆρ
709 4651 813 4702 μου
850 4632 1053 4703 μείζων
1089 4630 1191 4702 μοῦ
1227 4633 1362 4695 ἐστι,
1405 4648 1423 4682 ι
1464 4630 1552 4684 διὰ
1587 4630 1648 4683 τὸ
1679 4629 2013 4703 παραμυθή-

423 4728 623 4782 σασθαι
649 4727 776 4790 τοὺς
819 4724 1069 4798 μαθητὰς
1102 4722 1291 4791 εἷπεν;
1334 4724 1490 4778 Ἐπεὶ
1519 4724 1628 4796 γὰρ
1661 4726 1860 4778 ἐκεῖνοι
1890 4722 2013 4778 ἐλυ-

425 4819 649 4883 ποῦντο,
672 4819 747 4882 ὡς
767 4820 867 4872 οὐκ
890 4819 951 4871 iv
972 4817 1339 4888 δυνησομένου
1358 4815 1454 4870 τοῦ
1476 4816 1714 4887 Χριστοῦ
1732 4815 2013 4888 ἐπαμῦναι

422 4910 643 4974 αὐτοὺς,
694 4908 880 4979 φησὶν,
917 4909 1001 4962 δτι
1044 4908 1103 4960 Εἰ
1134 4907 1229 4969 καὶ
1269 4906 1343 4976 μὴ
1375 4904 1487 4973 ἐγὼ
1526 4905 1786 4976 δύναμαι,
1818 4908 1847 4960 ὁ
1885 4906 2014 4975 γοῦν

428 5004 622 5073 Πατήρ
654 5017 788 5072 μου,
819 5000 878 5054 δν
913 4998 1149 5070 μείζονά.
1171 5014 1274 5067 μου
1307 4997 1516 5050 δοκεῖτε
1535 5037 1550 5061 ,
1581 4998 1683 5051 οὐκ
1717 4993 2017 5067 ἀξιόχρεὼς

426 5096 541 5147 ἐστι
575 5093 840 5163 βοηθῆσαι
874 5092 1030 5160 ὑμῖν;
1059 5090 1272 5160 Ὥσπερ
1300 5089 1396 5143 καὶ
1419 5087 1656 5158 ἀλλαχοῦ
1687 5104 1891 5159 φησι’·ι
1922 5088 2014 5159 Μὴ

428 5187 659 5249 δοκεῖτε,
712 5186 796 5238 ὅτι
830 5183 892 5236 οὐ
943 5182 1184 5253 δύναμαι
1238 5179 1625 5252 παρακαλέσαι
1656 5179 1747 5232 τὸν
1796 5178 2017 5249 Πατέρα

434 5298 559 5348 μου,
592 5278 690 5331 καὶ
736 5278 1084 5347 παραστήσει
1136 5292 1226 5345 μοι
1275 5272 1486 5326 δώδεκα
1533 5270 1811 5340 λεγεῶνας
1844 5271 2015 5338 ἀγγέ-

430 5371 569 5436 law;
612 5390 629 5423 ι
668 5369 806 5426 Οὐδὲ
838 5370 947 5439 γὰρ
980 5367 1238 5433 ἐνταῦθα,
1273 5367 1349 5432 ὡς
1382 5366 1666 5431 ἀδύνατος,
1700 5363 1860 5418 τοῦτό
1882 5379 2018 5434 φησι

435 5463 593 5530 (πῶς
623 5463 755 5533 γὰρ,
787 5461 846 5524 ὃς
879 5461 976 5518 καὶ
1013 5462 1173 5530 μόνον
1204 5460 1487 5531 ἐρωτήσας
1526 5458 1653 5522 τοὺς
1695 5455 1980 5523 Ἰουδαίους
2002 5498 2018 5521 ,

435 5554 660 5628 ﬁgeres»
708 5554 909 5617 αὐτοὺς
941 5552 1156 5624 ἀθρόως
1188 5550 1399 5614 πάντας
1431 5550 1512 5613 είς
1542 5550 1608 5604 τά
1634 5546 1876 5618 ὀπίσω;)
1906 5546 2020 5599 ἀλλ’

437 5649 624 5717 ἐπειδὴ
665 5648 793 5721 περὶ
838 5644 1005 5700 αὑτοῦ
1040 5644 1116 5703 ὡς
1153 5643 1441 5713 ἀνθρώπου
1495 5642 1653 5710 δόξαν
1705 5636 1876 5711 εἶχον,
1931 5640 2022 5693 διὰ

2121 4619 2194 4673 illi
2221 4618 2406 4673 tristes
2423 4624 2579 4672 erant
2600 4615 2753 4684 quasi
2779 4629 2885 4669 non
2906 4621 3085 4680 posset
3104 4624 3196 4665 eos
3215 4608 3407 4680 juvare
3430 4606 3708 4671 Chrisms,

2118 4710 2251 4767 dicit
2294 4727 2309 4765 :
2360 4710 2620 4778 Quamvis
2687 4721 2788 4779 ego
2837 4720 2943 4761 non
3009 4718 3256 4774 possem,
3299 4701 3495 4758 saltem
3550 4699 3710 4754 Pater

2118 4819 2292 4869 meus,
2323 4819 2483 4874 quem
2510 4817 2606 4856 vos
2634 4816 2719 4856 me
2752 4799 3012 4870 majorem
3048 4797 3267 4867 putatis,
3303 4809 3482 4848 nonne
3518 4803 3701 4848 tantus

2115 4898 2334 4952 habitus
2361 4904 2444 4951 est
2472 4895 2562 4966 qui
2594 4908 2689 4949 vos
2727 4892 2918 4963 juvet"
2953 4892 3106 4947 Sicut
3136 4899 3191 4945 et
3237 4889 3344 4943 alio
3374 4888 3492 4943 loco
3533 4886 3665 4941 dicit
3692 4904 3707 4940 :

2067 5024 2089 5059 δ
2124 5008 2143 5043 ι
2178 4987 2318 5044 Num
2369 4989 2605 5059 putatis,
2654 4986 2797 5058 quod
2857 5002 2961 5039 non
3017 4984 3220 5053 possim
3275 4997 3435 5036 orare
3492 4980 3708 5034 Patrem

2054 5055 2082 5096 ί
2120 5096 2298 5135 meum
2338 5089 2393 5134 et
2429 5077 2707 5135 exhibebit
2753 5076 2884 5131 mihi
2916 5071 3476 5139 duodecim‘legiones
3526 5083 3711 5134 ange—

2117 5171 2423 5228 luruttt”'?
2455 5189 2474 5223 ι
2527 5168 2641 5223 Non
2683 5167 2830 5223 enim
2859 5166 2963 5221 hoc
3004 5165 3121 5219 loco
3156 5162 3311 5233 quasi
3361 5177 3465 5215 non
3514 5161 3709 5230 possit,

2124 5270 2226 5324 hoc
2270 5267 2419 5331 dicit,
2458 5265 2752 5336 (ouo-nodo
2800 5263 2970 5325 enim,
3015 5261 3106 5330 qui
3137 5258 3250 5313 sola
3286 5254 3713 5323 interrogatione

2121 5360 2335 5417 Judzeos
2358 5360 2615 5415 collectos
2637 5355 2953 5428 prostravit,
2978 5365 3230 5421 retroque
3252 5350 3445 5406 cedere
3472 5348 3649 5402 fet-it”
3666 5347 3710 5417 ί)

2126 5472 2309 5511 verum
2358 5455 2488 5523 quia
2523 5453 2589 5508 de
2618 5467 2683 5507 eo
2714 5461 2775 5505 ut
2806 5449 3025 5504 homine
3049 5445 3321 5501 habebant
3357 5445 3671 5514 ορῐιιίοειριιι
3694 5482 3709 5505 ,

2124 5561 2411 5621 capropter
2469 5550 2583 5605 haec
2614 5549 2812 5616 inquit.
2860 5546 2933 5601 Ita
2968 5545 3131 5613 igitur
3161 5550 3215 5595 ct
3249 5539 3393 5594 istud
3438 5556 3452 5593 :
3493 5556 3511 5589 ι
3549 5536 3711 5588 Patcr

2128 5642 2300 5708 major
2328 5658 2413 5697 me
2440 5652 2543 5696 est.
2585 5660 2604 5692 ι
2645 5637 2790 5692 Dixit
2833 5636 2976 5690 enim
3010 5635 3112 5689 hoc
3142 5633 3299 5704 juxta
3329 5631 3541 5684 illorum
3580 5641 3708 5679 scn-

438 5737 788 5797 τοῦτοταῦτα
811 5754 992 5808 φησιν’
1026 5734 1202 5800 οὕτως
1224 5731 1320 5790 οὖν
1347 5737 1431 5788 καὶ
1455 5735 1538 5800 τὸ,
1564 5752 1583 5786 ι
1627 5734 1687 5788 ’0
1706 5735 1899 5803 Πατήρ
1921 5750 2005 5803 μοι

2129 5734 2377 5799 tentiam,
2412 5729 2749 5785 credentium
2801 5727 2976 5795 ipsum
3003 5724 3224 5794 quidem
3268 5721 3564 5783 inﬁrmum,
3613 5716 3714 5771 Pa-

447 5831 645 5904 μείζων
679 5830 782 5901 μού
826 5833 963 5884 ἐστι.
1003 5849 1021 5883 ›
1058 5829 1203 5902 Πρὸς
1231 5827 1340 5901 γὰρ
1372 5828 1471 5900 τὴν
1516 5826 1742 5881 ἐκείνων
1784 5827 2025 5882 διάνοιαν

511 6011 579 6048 ³⁸“
607 6009 778 6067 Matth
819 6026 966 6081 χιι-ι,
999 6010 1085 6069 55.
1165 6011 1210 6043 ³⁹
1241 6008 1398 6067 Joan.
1434 6024 1589 6079 mu,
1620 6009 1674 6064 6.

2132 5836 2267 5881 trem
2318 5834 2503 5879 autem
2530 5834 2693 5893 posse
2742 5820 2797 5874 in
2830 5827 3072 5891 tempore
3108 5814 3415 5873 alllictionis
3446 5810 3707 5868 subicere.
