4056 6602
437 323 546 390 195
1365 319 1944 381 TIIEGI‘ItYLACTl
1996 320 2811 384 BUt.GAttLEAltClllEP.
2927 385 2933 391 ,
3074 320 3087 327 ‘
3605 310 3740 384 196'

431 418 579 489 quod
614 430 711 487 per
739 413 900 485 7n
949 410 1269 467 uﬂlictiones
1304 410 1599 466 fertiliorcs
1652 425 1835 476 erunt,
1872 415 2012 468 sicut

2128 413 2436 484 κλάδευμα*
2492 414 2773 467 δείκνυσιν
2818 413 3006 478 αὐτοῖς
3045 414 3074 468 δ
3104 412 3331 485 Κύριος,
3376 411 3451 475 ὡς
3482 412 3570 467 διὰ.
3605 412 3727 467 τῶν

427 521 485 567 et
525 520 620 581 per
667 511 997 579 putationem
1042 505 1309 575 palmites.
1349 504 1706 560 Teutaltones
1732 508 1876 559 enim
1922 519 2016 560 eos

2128 506 2355 577 θλίψεων
2385 506 2749 580 γονιμώτεροι
2781 506 3130 577 γενήσονται,
3157 506 3350 578 ὥσπερ
3379 507 3473 560 καὶ
3500 506 3592 560 διὰ
3616 506 3727 574 τῆς

429 605 688 661 fortiores
730 600 1107 655 declarabant.
1156 598 1286 652 Dein
1339 612 1406 652 ne
1451 599 1659 664 dicant,
1701 599 1780 653 De
1821 599 2017 667 quibus

2128 599 2380 661 κλαδείας
2412 599 2476 651 τὰ
2516 600 2809 670 κλήματα’
2840 599 2890 652 oi
2939 600 3048 670 γὰρ
3096 599 3397 669 πειρασμοὶ
3435 598 3729 669 ἰσχυροτέ-

430 697 544 751 haec
574 694 750 749 dicis?
794 711 813 745 ι
858 690 984 756 Vos,
1031 691 1226 760 inquit,
1270 691 1402 745 estis
1433 692 1620 745 mundi
1654 707 1874 762 propter
1902 708 2020 746 ser-

430 805 645 844 monem
677 802 837 856 quem
886 786 1098 840 locutus
1139 801 1258 839 sum
1293 786 1471 839 vobis.
1508 803 1526 837 ι
1568 785 1723 848 Vide,
1764 785 2018 854 superius

429 885 647 940 dicebat
698 896 929 950 purgare
980 880 1219 944 Patrem,
1272 895 1416 934 nunc
1470 880 1667 934 iterum
1703 894 1764 935 se
1811 879 2020 933 inducit

430 991 619 1033 curam
659 986 931 1046 agentem.
961 973 1080 1029 Una
1111 974 1271 1043 igitur
1300 972 1546 1042 operatio
1578 970 1756 1026 Patris
1789 980 1844 1025 ct
1874 970 2017 1025 Filii.

427 1065 561 1139 Ego,
595 1066 791 1137 inquit,
827 1081 922 1120 vos
949 1065 1170 1135 purgavi
1201 1079 1298 1133 per
1325 1079 1500 1118 meam
1533 1066 1837 1120 doetriuant
1870 1078 1887 1118 :
1926 1064 2019 1117 de-

422 1161 572 1231 betis
620 1163 806 1231 itaque
851 1159 997 1230 quod
1040 1168 1281 1215 vestrum
1331 1170 1419 1214 est
1470 1156 1746 1226 conferre,
1798 1157 1920 1213 ideo
1964 1167 2019 1210 et

429 1255 611 1311 subdit
639 1272 653 1308 :

499 1527 665 1582 Vens.
698 1525 816 1580 4-6.
854 1543 873 1576 ι
906 1522 1117 1579 Manete
1142 1524 1197 1577 in
1230 1538 1342 1586 me,
1373 1532 1425 1579 et
1456 1538 1558 1596 ego
1586 1523 1640 1578 in
1666 1522 1837 1578 vobis.
1869 1522 2022 1578 Sicut

430 1622 635 1692 palmes
671 1621 735 1674 de
768 1634 828 1674 se
862 1619 1099 1672 fructum
1139 1619 1282 1673 ferre
1313 1618 1519 1688 nequit,
1564 1618 1669 1674 nisi
1716 1628 1933 1672 maneat
1966 1619 2019 1672 itt

2123 707 2251 760 ρους
2291 691 2496 760 μᾶλλον
2528 692 2729 755 αὐτοὺς
2756 690 3051 744 ἐδείκνυον.
3076 687 3210 744 Εἶτα
3241 691 3331 743 ⁹ιῖνα
3364 691 3439 760 μὴ
3475 689 3723 758 λέγωσι’

2122 786 2259 856 Περὶ
2285 785 2446 838 τίνων
2475 784 2651 838 ταῦτα
2678 784 2895 853 λέγειςς
2935 803 2954 836 ι
2999 783 3214 854 Ὑμεῖς,
3242 784 3431 853 φησιν,
3460 785 3585 836 ἐστὲ
3619 801 3727 835 κα-

2123 878 2279 949 θαροὶ
2308 878 2399 931 διὰ
2430 880 2517 931 τὸν
2551 878 2727 946 λόγον,
2753 878 2811 931 ὃν
2835 876 3109 947 λελάληκα
3138 878 3288 947 ὑμῖν.
3330 896 3350 928 ι
3382 877 3548 945 Ὅρα,
3573 877 3727 928 ἀνω-

2119 973 2267 1043 τέρω
2295 973 2390 1026 τὸν
2427 973 2646 1041 Πατέρα
2681 972 2871 1041 ἔλεγεν
2919 970 3060 1024 εἶναι
3089 971 3181 1024 τὸν
3218 971 3588 1041 καθαίροντα·
3622 969 3727 1020 νῦν

2123 1064 2285 1141 πάλιν
2317 1067 2509 1119 ἑαυτὸν
2559 1067 2772 1133 εἰσάγει
2816 1066 2908 1119 τὸν
2943 1065 3402 1135 ἐπιμελούμενον.
3452 1064 3566 1117 Μία
3609 1063 3725 1132 ἄρα

2120 1160 2154 1227 ἡ
2189 1159 2445 1228 ἐνέργεια
2472 1158 2563 1212 τοῦ
2602 1160 2815 1229 Πατρὸς
2854 1159 2949 1212 καὶ
2977 1158 3073 1212 τοῦ
3110 1158 3263 1211 Υίοῦ.
3322 1156 3488 1226 Ἐγὼ.
3523 1161 3724 1227 φησὶν,

2121 1252 2269 1322 ὑμᾶς
2317 1252 2567 1323 ἐκάθηρα
2602 1251 2691 1305 διά
2723 1255 2821 1323 τῆς
2870 1252 3012 1322 ἐμῆς
3061 1251 3436 1315 διδασκαλίας·
3467 1250 3725 1320 ὀφείλετε

2122 1345 2217 1399 οῦν
2240 1349 2311 1400 τά
2349 1347 2606 1417 ὑμέτερα
2635 1346 2821 1401 λοιπὸν
2854 1344 3297 1400 ἐπιδείκνυσθαι*
3336 1345 3419 1398 διὸ
3447 1346 3540 1399 καὶ
3582 1332 3716 1398 ἐπι-

2123 1456 2303 1509 φερει·

2201 1551 2219 1582 ε
2266 1532 2503 1585 Μεῖνατε
2532 1532 2589 1585 ἐν
2607 1532 2750 1603 ἐμοὶ.
2770 1530 2928 1600 κᾶγὼ
2953 1532 3011 1584 ἐν
3038 1530 3184 1602 ὑμῖν.
3219 1532 3418 1592 Καθὼς
3440 1531 3500 1582 τὸ
3520 1530 3718 1600 κλῆμα

2122 1623 2186 1677 οῦ
2217 1624 2444 1678 δύναται
2478 1623 2696 1696 καρπὸν
2727 1624 2918 1696 φέρειν
2941 1624 3037 1695 ἀφ’
3068 1623 3285 1685 ἑαυτοῦ,
3319 1624 3416 1702 ἐὰν
3451 1621 3528 1694 μὴ
3555 1623 3727 1695 μείνῃ

429 1717 538 1768 vite
565 1730 581 1769 :
615 1714 685 1766 ita
719 1724 896 1781 neque
924 1724 1039 1774 vos,
1074 1710 1178 1763 nisi
1204 1709 1258 1763 in
1283 1723 1368 1763 tne
1401 1708 1733 1762 manseritis.
1762 1706 1875 1778 Ego
1899 1722 2017 1761 sum

2128 1718 2184 1770 ἐν
2238 1717 2304 1787 τῇ
2347 1716 2608 1787 ἀμπέλῳ·
2644 1713 2823 1779 οὕτως
2866 1715 2991 1770 οὐδὲ
3024 1714 3203 1784 ὑμεῖς,
3242 1714 3335 1767 ἐὰν
3374 1712 3449 1784 μὴ
3496 1715 3554 1765 ἐν
3596 1713 3729 1783 ἐμοὶ

429 1808 575 1869 vitis,
612 1820 708 1859 vos
740 1804 1011 1875 palmites.
1045 1803 1145 1870 Qui
1177 1814 1363 1857 manet
1396 1804 1448 1856 in
1484 1817 1591 1867 me,
1624 1810 1678 1856 et
1706 1817 1805 1871 ego
1830 1804 1882 1856 itt
1910 1816 1975 1855 eo
2003 1843 2018 1869 ,

2128 1785 2374 1879 μείνητε.
2420 1785 2561 1876 Ἐγώ
2603 1809 2718 1878 εἰμι
2758 1809 2791 1876 ὴ
2819 1805 3085 1877 ἄμπελος,
3120 1805 3279 1875 ὑμεῖς
3326 1804 3393 1857 τὰ
3434 1804 3723 1874 κλήματα.

429 1900 518 1953 hic
554 1897 657 1952 fert
687 1895 924 1951 fructum
959 1895 1209 1962 multum,
1239 1896 1365 1965 quia
1400 1894 1516 1948 sine
1549 1909 1634 1948 me
1665 1910 1767 1948 non
1795 1895 2020 1964 potesns

429 1993 609 2045 facere
639 1991 954 2060 quidquam.
989 1986 1100 2041 Nisi
1131 1989 1256 2057 quis
1301 1988 1561 2041 manserit
1585 1987 1636 2041 in
1668 2002 1774 2049 me,
1814 1987 2022 2054 ejectus

428 2093 516 2139 est
547 2083 694 2136 lorus
726 2082 866 2135 sicut
895 2080 1121 2145 palmes,
1151 2091 1207 2134 et
1230 2086 1373 2133 aruit
1408 2098 1421 2134 :
1457 2093 1511 2133 et
1536 2088 1870 2150 congregant
1898 2094 2013 2144 eos,

428 2187 484 2231 et
508 2176 560 2230 ιιι
601 2174 776 2247 ignem
817 2172 1135 2243 cottjiciunt,
1187 2181 1242 2227 ct
1272 2172 1487 2225 ardent.
1536 2189 1554 2220 ι
1613 2171 1727 2241 Ego
1773 2169 2015 2241 quidem,

430 2268 625 2337 inquit,
656 2281 753 2319 vos
796 2265 1019 2335 put'gnvi
1057 2280 1151 2333 per
1191 2278 1496 2319 sermonem
1534 2277 1713 2318 meum
1746 2272 1801 2317 et
1824 2263 2023 2318 doctri-

431 2376 579 2422 nam,
608 2371 663 2414 et
690 2360 821 2412 nilnl
849 2358 993 2428 quod
1024 2372 1122 2426 ego
1152 2354 1332 2409 facere
1363 2354 1548 2422 debui,
1595 2356 2019 2425 praetertttissum

430 2459 534 2509 est.
564 2452 790 2522 Oportet
817 2460 994 2504 autem
1023 2463 1167 2503 nunc
1198 2458 1256 2502 ut
1292 2447 1627 2519 incipiantur
1660 2458 1717 2504 et
1741 2464 1807 2504 ea
1843 2464 1964 2519 qua:
1989 2463 2021 2501 a

431 2545 585 2600 vobis
610 2556 759 2598 sunt.
800 2560 820 2593 ι
850 2540 1086 2608 Maneto,
1122 2559 1142 2595 ι
1180 2542 1376 2613 inquit,
1428 2560 1447 2595 ι
1487 2542 1539 2596 in
1574 2557 1687 2600 me.
1734 2560 1754 2595 ι
1788 2541 1922 2596 Nam
1957 2558 2023 2597 ne

430 2652 540 2706 prae
595 2637 792 2691 timore
842 2644 1165 2705 separentur
1218 2636 1289 2690 ab
1333 2650 1423 2702 eo,
1472 2635 1730 2690 remissas
1780 2636 2021 2705 ipsorum

430 2732 643 2785 animas
664 2730 1006 2798 constringit,
1041 2736 1096 2783 et
1119 2728 1220 2784 sibi
1252 2727 1456 2798 jungit,
1489 2738 1545 2785 et
1572 2729 1851 2783 meliorem
1879 2743 2025 2789 nunc

432 2824 514 2879 eis
531 2838 679 2894 spem
710 2823 802 2877 dat
825 2839 837 2874 :
868 2822 1214 2891 Quatcunque
1233 2822 1556 2891 petiveritis,
1590 2822 1788 2891 inquit,
1808 2822 2025 2875 sianau-

435 2919 622 2973 seritis
655 2916 709 2970 in
752 2932 855 2977 me,
891 2914 1191 2986 accipietis.
1227 2916 1309 2969 Ab
1340 2914 1585 2984 exemplo
1606 2916 1849 2984 palmitis
1877 2916 2025 2969 clare

435 3014 593 3068 nobis
625 3013 938 3083 qualitatem
990 3022 1045 3066 et
1093 3012 1257 3066 vitam
1288 3014 1534 3081 exponit,
1585 3026 1749 3081 quam
1797 3010 2027 3082 largitur

2134 1901 2193 1952 Ὀ
2222 1902 2398 1971 μένων
2420 1903 2478 1952 ἐν
2501 1903 2644 1969 ἐμοὶ,
2683 1898 2838 1968 κάγὼ
2865 1900 2922 1952 ἐν
2948 1899 3120 1969 αὐτῷ,
3145 1893 3299 1960 οὗτος
3324 1896 3482 1968 φέρει
3501 1896 3725 1967 καρπὶν

2124 1994 2313 2056 πολὺν,
2343 1994 2425 2046 δτι
2455 1994 2624 2064 χωρὶς
2647 1991 2781 2063 ἐμοῦ
2811 1992 2873 2045 οὐ
2899 1991 3134 2045 δύνασθε
3167 1993 3342 2043 ποιεῖν
3372 1989 3549 2043 οὐδέν.
3591 1989 3724 2041 Ἐάν

2126 2086 2213 2156 μή
2234 2102 2318 2149 τις
2359 2086 2518 2156 μείνῃ
2544 2086 2600 2137 ἐν
2627 2084 2772 2155 ἐμοὶ,
2807 2083 3012 2156 ἐϐλήθη
3052 2081 3159 2150 ἔξω
3184 2082 3259 2146 ὡς
3298 2082 3359 2135 τὸ
3383 2081 3596 2152 κλῆμα,
3630 2082 3727 2134 καὶ

2125 2178 2435 2250 ἐξηράνθησ
2477 2177 2573 2232 καὶ
2622 2179 2949 2247 συνάγουσιν
3009 2175 3169 2240 αὐτὰ,
3211 2175 3308 2228 καὶ
3370 2175 3452 2237 είς
3499 2175 3564 2227 τὸ
3612 2172 3726 2243 πῦρ

2125 2269 2399 2342 βάλλουσι,
2437 2272 2531 2325 καὶ
2558 2270 2795 2326 καίεται.
2838 2288 2858 2322 ι
2902 2268 3045 2337 Ἐγὼ
3095 2267 3218 2339 μὲν,
3250 2267 3404 2335 φησὶ,
3438 2267 3534 2320 καὶ
3577 2265 3727 2335 ὑμᾶς

2124 2362 2373 2435 ἐκάθηρα
2397 2361 2488 2417 διὰ
2515 2361 2611 2415 τοῦ
2637 2361 2796 2429 λόγου
2833 2377 2935 2431 μου
2961 2360 3055 2413 καὶ
3082 2359 3179 2428 τῆς
3209 2357 3586 2419 διδλσκαλίας,
3629 2357 3727 2409 καὶ

2124 2457 2280 2511 οὐδὲν
2302 2455 2412 2509 τῶν
2443 2455 2573 2527 παρ’
2602 2456 2725 2527 ἐμοὶ
2744 2453 3007 2525 ἐνέλειψε.
3046 2454 3139 2506 Δεῖ
3169 2453 3227 2505 δὲ
3263 2448 3504 2521 ὑπάρξαι
3527 2450 3724 2505 λοιπὸν

2124 2551 2222 2603 καὶ
2248 2549 2314 2603 τά
2342 2551 2471 2619 παρ’
2497 2547 2674 2619 ὑμῶν.
2710 2567 2729 2599 ι
2774 2546 3008 2603 Μείνατε
3041 2546 3101 2599 ἐν
3131 2546 3278 2616 ἐμοὶ,
3309 2562 3328 2597 ι
3370 2544 3561 2615 φησίν.
3604 2543 3728 2597 Ἵνα

2123 2641 2235 2712 γὰρ
2267 2639 2342 2713 μὴ
2375 2642 2485 2695 ἀπὺ
2511 2642 2611 2711 τῆς
2645 2640 2849 2705 δειλίας
2901 2638 3312 2710 ὰποσχισθῶσιν
3360 2637 3553 2703 αὐτοῦ,
3587 2653 3727 2707 χαυ-

2125 2734 2389 2788 νωθεῖσαν
2420 2731 2601 2789 αὐτῶν
2631 2733 2731 2804 τὴν
2760 2731 2943 2804 ψυχὴν
2994 2730 3338 2801 ἐπισφίγγει,
3394 2730 3492 2785 καὶ
3542 2727 3728 2800 ἐαυτῷ

2129 2826 2422 2899 σνγκολλᾷ,
2463 2828 2559 2881 καὶ
2614 2827 2857 2898 χρηστὰς
2907 2825 3182 2879 ὑποτείνει
3218 2824 3408 2879 λοιπὸν
3470 2822 3725 2886 ἐλπίδας,

2130 2924 2213 2977 δτι
2278 2925 2423 2978 Ὅσα
2463 2924 2529 2979 ἂν
2560 2922 2914 2996 εαὶτήσησθε,
2950 2922 3210 2995 λήψεσθε,
3261 2923 3355 2975 ἐὰν
3404 2921 3632 2991 μείνητε
3667 2922 3725 2973 ἐν

2127 3015 2271 3086 ἐμοί.
2361 3015 2496 3069 Ἀπδ
2539 3015 2596 3068 δὲ
2646 3012 2738 3068 τοῦ
2822 3013 3223 3083 ῦποδείγματος
3274 3010 3371 3066 τοῦ
3438 3011 3726 3082 κλήματος

433 3107 638 3174 bisqui
673 3104 774 3161 sibi
812 3107 1044 3175 placent.
1082 3101 1218 3158 Nam
1253 3106 1395 3159 sicut
1430 3102 1519 3158 ille
1552 3118 1777 3159 manens
1809 3104 1862 3157 in
1914 3106 2022 3158 vite

2129 3108 2376 3177 ἐναργῶς
2409 3109 2647 3179 παριστᾷ
2682 3109 2817 3179 ἡμῖν
2868 3105 2968 3177 τὴν
3026 3106 3155 3177 παρ’
3215 3102 3381 3159 αὐτοῦ
3431 3104 3728 3174 διδομένην

434 3197 669 3251 fructum
699 3194 849 3260 facit,
883 3213 948 3251 eo
971 3197 1115 3266 quod
1159 3196 1230 3250 ab
1264 3196 1355 3250 illa
1398 3195 1612 3250 vivendi
1646 3196 2021 3265 operationem

434 3291 634 3358 accipit
660 3308 674 3344 :
707 3291 776 3344 ita
799 3301 857 3343 et
881 3304 981 3344 vos
1011 3306 1030 3340 ι
1061 3288 1107 3344 si
1126 3288 1439 3344 manseritis
1459 3287 1513 3342 in
1546 3303 1632 3343 me
1659 3307 1678 3340 ι
1713 3303 1812 3359 per
1834 3291 2022 3343 obser-

436 3387 709 3441 vationem
748 3384 1126 3440 mandatorum
1194 3384 1455 3455 majorem
1493 3379 1726 3437 fructum
1766 3380 2022 3436 ull'eretis.

433 3477 537 3545 Qui
566 3490 746 3534 autem
787 3495 895 3533 non
937 3488 1141 3545 manet,
1174 3479 1361 3532 aridus
1424 3478 1507 3542 lit,
1561 3478 1665 3532 hoc
1700 3485 1804 3540 est,
1838 3475 2026 3545 abjieit

435 3573 579 3639 quod
610 3589 638 3623 a
671 3572 852 3626 radice
883 3570 1104 3626 habuit:
1133 3572 1177 3626 si
1205 3572 1347 3640 quod
1375 3568 1657 3640 spirituale
1698 3567 2022 3624 beneﬁcium

436 3664 756 3733 accipiebat,
796 3665 1044 3733 privatur
1086 3677 1173 3728 eo,
1221 3674 1277 3719 et
1319 3665 1551 3717 nudatur
1591 3659 1797 3717 auxilio
1835 3670 1890 3715 et
1917 3662 2023 3713 vita

436 3773 558 3826 qua:
587 3758 656 3811 ab
675 3772 741 3810 eo
760 3758 941 3811 datur.
973 3756 1040 3810 Et
1068 3756 1199 3827 quid
1225 3755 1483 3812 tandem?
1518 3774 1537 3807 ι
1558 3755 1615 3809 lu
1647 3756 1825 3825 ignem
1858 3753 2027 3807 mitti-

441 3858 552 3911 tur,
591 3856 648 3901 et
683 3847 860 3901 urdet.
905 3864 924 3900 ι
965 3845 1078 3902 Hoc
1124 3856 1305 3901 autem
1356 3847 1474 3901 loco
1505 3857 1557 3900 et
1596 3846 2024 3901 consolationem

440 3957 545 3996 non
572 3956 790 4009 parvam
820 3940 903 3994 eis
931 3943 1041 4005 dat,
1070 3942 1363 3995 ostendens
1391 3941 1533 4008 quod
1565 3940 1618 3993 bi
1646 3940 1738 4008 qui
1773 3937 2031 3994 insidiatu-

443 4045 531 4087 tur
560 4032 685 4099 sibi,
727 4038 790 4086 ut
832 4031 1023 4098 ludas,
1081 4031 1519 4087 cotnbureutur:
1567 4033 1669 4103 ipsi
1721 4042 1898 4087 autem
1933 4032 2025 4103 qui

440 4125 746 4181 manserint
784 4125 838 4180 in
896 4139 981 4189 eo,
1037 4122 1275 4181 fructum
1332 4124 1581 4183 aﬂereut.
1633 4124 1771 4181 Nam
1821 4128 2028 4196 absque

438 4234 604 4278 succo
630 4206 690 4274 et
718 4218 1083 4273 vivitieatioue
1113 4233 1234 4289 qua:
1276 4219 1399 4275 inde
1432 4218 1694 4290 procedit,
1727 4234 1833 4275 nou
1870 4230 2027 4291 pote-

438 4322 568 4373 runt
608 4312 905 4383 quidquam
939 4311 1140 4367 lucere.

512 4584 679 4641 Vsus.
706 4585 820 4641 7-8.
864 4605 883 4637 ι
922 4584 979 4640 Si
1012 4586 1323 4640 manseritis
1363 4587 1414 4640 iu
1451 4600 1555 4647 me,
1603 4593 1659 4639 et
1694 4583 1852 4641 verba
1906 4599 2021 4642 mea

440 4679 494 4735 in
523 4678 678 4732 vobis
718 4678 1035 4739 manserint,
1075 4675 1336 4746 quidquid
1369 4674 1666 4741 volueritis,
1709 4676 1926 4745 petetis,
1972 4684 2027 4729 et

444 4769 536 4825 ﬁet
578 4768 752 4824 Vobis.
795 4769 855 4823 In
912 4768 1016 4823 hoc
1063 4768 1400 4839 glorilteatus
1450 4777 1534 4823 est
1567 4767 1726 4822 Pater
1757 4783 1930 4831 meus,
1968 4779 2028 4823 ιιι

440 4866 677 4921 fructum
718 4864 998 4933 cepiosum
1027 4862 1288 4927 atferatis,
1316 4872 1371 4916 et
1395 4860 1703 4918 efﬁciamini
1735 4864 1837 4917 mei
1861 4863 2026 4918 disci-

440 4957 573 5027 puli.
617 4975 636 5008 ι
683 4954 798 5012 Hoc
833 4957 949 5010 loco
996 4956 1387 5027 interpretatur
1422 4957 1578 5012 nobis
1601 4956 1863 5012 Dominus
1897 4956 2025 5025 quid

441 5049 514 5104 sit
532 5050 675 5119 quod
710 5050 869 5113 dixit,
918 5068 936 5102 ι
970 5048 1029 5103 Si
1067 5049 1379 5103 manseritis
1415 5049 1469 5103 in
1510 5063 1618 5114 me,
1656 5068 1675 5102 ι
1716 5049 1819 5105 hoc
1848 5060 1951 5115 est,
1980 5050 2023 5105 si

442 5143 695 5195 mandata
745 5156 864 5197 mea
914 5140 1283 5197 custodieritis
1334 5142 1488 5197 :boc
1534 5141 1678 5196 enim
1730 5142 2025 5212 signiﬁcat.

432 5228 536 5291 .ISt
565 5236 727 5288 verba
765 5248 882 5289 mea
918 5237 1226 5311 manser'tpt
1259 5236 1311 5288 in
1334 5236 1506 5290 vobis.
1544 5255 1563 5286 ι
1605 5235 1726 5291 Vult
1753 5242 1896 5290 enim
1920 5236 2024 5291 sibi

446 5345 543 5400 per
568 5345 733 5400 opera
784 5330 1160 5384 adltmreatur.
1182 5328 1316 5384 Nam
1343 5330 1651 5399 quicunque
1673 5328 1784 5385 Deo
1813 5330 2025 5401 placere

442 5424 665 5494 cupiens
724 5422 877 5488 vivit,
928 5424 1202 5479 voluntate
1247 5438 1344 5479 sua
1399 5433 1581 5478 tuauet
1625 5423 1679 5479 in
1724 5424 1851 5488 vite,
1905 5440 2025 5478 cum

443 5516 628 5570 nuitur
662 5515 739 5570 illi
771 5530 866 5586 per
903 5516 1246 5573 dilectionem
1282 5525 1339 5573 et
1378 5517 1739 5573 servationem
1803 5519 2028 5571 manda-

444 5619 644 5672 torum,
676 5611 1021 5679 adbteretque
1058 5610 1250 5680 spiritu
1281 5627 1296 5665 :
1322 5610 1463 5667 sicut
1483 5620 1671 5665 contra
1702 5610 1796 5680 qui
1828 5624 2030 5664 aman—

442 5701 691 5754 datorum
717 5701 1097 5759 observatione
1121 5705 1297 5771 abest,
1333 5704 1496 5776 712
1518 5711 1709 5772 sponte
1735 5718 1765 5756 a
1798 5702 2027 5757 Domino

442 5793 729 5852 alienatur.
759 5794 815 5851 lu
840 5796 942 5856 boc
972 5806 1152 5855 autem
1178 5799 1516 5870 gloriﬁcatur
1538 5795 1700 5855 Pater
1729 5812 1901 5864 meus,
1943 5792 2057 5852 in-'

2129 3200 2390 3269 ποιότητα
2419 3200 2512 3252 καὶ
2546 3199 2694 3269 ζωὴν
2727 3201 2842 3262 τοῖς
2880 3196 3270 3269 εὐαρεστοῦσιν
3301 3195 3474 3268 αὐτῷ.
3504 3195 3725 3265 ’Ὠσπερ

2127 3297 2237 3368 γὰρ
2286 3297 2463 3350 ἐκεῖνο
2506 3297 2852 3366 καρποφορεῖ
2892 3296 3053 3365 μένον
3098 3295 3156 3347 ἐν
3207 3295 3274 3365 τῇ
3321 3290 3583 3363 ἀμπέλῳ,
3631 3292 3725 3344 καὶ

2128 3389 2263 3462 παρ’
2297 3389 2513 3458 ἐκείνης
2540 3389 2828 3459 δεχόμενον
2857 3388 2955 3460 τὴν
2988 3387 3128 3456 πρὸς
3161 3387 3221 3441 τὸ
3244 3385 3343 3459 ζῇν
3388 3385 3686 3455 συνεργίαν
3706 3399 3721 3413 '

2126 3482 2271 3535 οὕτω
2303 3482 2396 3535 καὶ
2445 3482 2602 3552 ὑμεῖς
2654 3500 2673 3532 ι
2717 3480 2813 3533 ἐὰν
2862 3481 2921 3534 ἐν
2970 3481 3095 3549 ἐμοὶ
3151 3479 3373 3549 μείνητε
3424 3497 3442 3530 ι
3494 3477 3589 3532 διὰ
3627 3477 3726 3545 τῆς

2127 3576 2408 3644 τηρήσεως
2460 3572 2571 3625 τῶν
2614 3571 2867 3639 ἐντολῶν,
2913 3570 3035 3625 τότε
3108 3570 3330 3623 πλείονα
3374 3568 3594 3642 καρπὸν
3640 3569 3727 3620 ἐνο

2130 3666 2370 3733 έγκοιτε.
2404 3663 2465 3719 Ὀ
2480 3664 2536 3717 δὲ
2574 3664 2649 3735 μὴ
2680 3664 2860 3735 μένων
2888 3663 3229 3734 ξηραίνεται·
3260 3662 3566 3726 τουτέστιν,
3594 3661 3648 3714 εῐ
3670 3677 3723 3713 τι

2130 3754 2281 3830 εἶχεν
2309 3759 2418 3812 ἀπὸ
2440 3759 2539 3829 τῆς
2571 3756 2754 3830 ῥίζης,
2784 3756 3084 3812 ἀποϐάλλει
3104 3773 3119 3788 ·
3151 3756 3204 3809 εί
3228 3771 3350 3810 τινα
3373 3754 3535 3825 χάριν
3560 3770 3699 3808 πνευ

2133 3852 2370 3924 ματικὴν
2417 3851 2654 3921 ἐδέχετο,
2690 3850 2994 3922 γυμνοῦται
3037 3850 3263 3921 ταύτης,
3300 3850 3395 3904 καὶ
3445 3850 3747 3921 στερεῖται-

2128 3944 2228 4014 τῆς
2258 3943 2468 3997 ἐκεῖθεν
2502 3942 2757 4014 βοηθείας
2805 3943 2900 3996 καὶ
2947 3940 3116 4011 ζωῆς.
3172 3942 3285 3995 Καὶ
3321 3940 3377 3996 τί
3426 3940 3487 3994 τδ
3535 3941 3723 3999 τέλοςς

2136 4054 2156 4089 ε
2193 4035 2291 4100 Et;
2342 4035 2458 4107 πῦρ
2497 4034 2774 4105 βάλλεται,
2810 4037 2906 4089 καὶ
2977 4034 3208 4089 καίεται.
3254 4052 3273 4086 ι
3335 4031 3624 4087 Ἐντεῦθεν
3666 4031 3725 4084 δὲ

2132 4129 2231 4183 καὶ
2282 4127 2637 4199 παραμυθίαν
2665 4127 2851 4191 αὐτοῖς
2883 4127 2945 4181 οὐ
3002 4126 3206 4199 μικρὰν
3236 4125 3443 4189 δίδωσι,
3481 4109 3722 4187 δείκνὺς.

2130 4223 2216 4277 δτι
2246 4221 2298 4274 οἱ
2335 4221 2434 4292 μὲν
2463 4218 2905 4283 ἐπιϐουλεύοντες
2938 4217 3109 4288 αὐτῷ,
3141 4213 3253 4281 οἷος
3285 4219 3315 4271 ὁ
3363 4216 3590 4281 Ἰούδας,
3624 4233 3724 4271 κα-

2130 4315 2531 4385 τακαὴσονται·
2565 4312 2720 4366 αὐτοὶ
2757 4311 2814 4366 δέ
2858 4311 3145 4383 μείναντες
3189 4311 3249 4365 ἐν
3280 4310 3455 4381 αὐτῷ,
3507 4311 3723 4380 καρπὸν

2133 4408 2362 4460 οἴσουσι.
2408 4406 2591 4477 Χωρὶς
2627 4405 2739 4475 γάρ
2792 4406 2892 4475 τῆς
2926 4403 3022 4457 ὑπ’
3068 4402 3235 4457 αὑτοῦ
3289 4403 3582 4474 ποιότητος
3629 4400 3723 4457 καὶ

2059 4503 2103 4556 D
2134 4497 2449 4567 ζωογονίας,
2477 4498 2537 4551 οὐ
2569 4497 2893 4568 δυνήσονται
2930 4498 3104 4550 ποιεῖν
3130 4496 3304 4549 οὐδέν.

2206 4611 2226 4644 ι
2267 4591 2393 4645 Ἐὰν
2425 4590 2645 4661 μείνητε
2670 4592 2728 4643 ἐν
2750 4589 2895 4659 ἐμοὶ,
2914 4589 3009 4644 καὶ
3032 4588 3101 4643 τά
3124 4589 3348 4659 ῥήματά
3381 4605 3484 4658 μου
3509 4588 3565 4641 ἐν
3595 4586 3721 4656 ὑμῖν

2134 4685 2318 4759 μείνῃ,
2350 4684 2379 4738 δ
2408 4683 2507 4738 ἐὰν
2535 4682 2748 4753 θέλητε,
2785 4681 3098 4752 αἰτήσεσθε,
3130 4681 3225 4733 καὶ
3246 4680 3542 4750 γενήσεται
3569 4679 3717 4748 ὑμῖν.

2144 4780 2234 4834 Ἐν
2267 4778 2444 4847 τούτῳ
2474 4775 2732 4846 ἐδοξάσθη
2763 4777 2793 4828 ὁ
2824 4774 3017 4845 Πατήρ
3051 4790 3175 4845 μου,
3207 4773 3295 4827 ἵνα
3318 4773 3531 4845 καρπον
3551 4769 3719 4825 πολὺν

2130 4873 2355 4944 φέρητε,
2385 4870 2482 4924 καὶ
2508 4868 2745 4940 γένησθε
2774 4867 2899 4939 ἐμοὶ
2941 4865 3208 4938 μαθηταί.
3257 4885 3279 4920 ι
3333 4865 3604 4920 Ἐνταῦθα
3629 4864 3718 4933 ἐρ-

2133 4964 2361 5037 μηνεύει
2407 4964 2541 5034 ἡμῖν
2569 4965 2598 5017 ὁ
2628 4960 2851 5033 Κύριος,
2901 4959 2955 5012 τί
2989 4961 3105 5014 ἐστι
3157 4958 3240 5025 τὸ,
3275 4978 3294 5011 ι
3339 4959 3464 5014 Ἐὰν
3496 4960 3715 5028 μείνητε

2130 5058 2188 5111 ἐν
2233 5056 2379 5129 ἐμοί.
2418 5073 2438 5107 ι
2495 5054 2800 5115 τουτέστιν,
2847 5052 2974 5107 Ἐὰν
3011 5052 3113 5114 τὰς
3146 5050 3367 5116 ἐντολάς
3396 5068 3498 5122 μου
3546 5047 3713 5121 φυλά-

2130 5151 2283 5223 ξητε.
2324 5150 2387 5203 τδ
2412 5148 2544 5222 γὰρ,
2575 5167 2594 5201 ι
2626 5148 2738 5202 Καὶ
2757 5147 2827 5202 τά
2851 5145 3081 5217 ῥήματά
3104 5163 3207 5218 μου
3238 5146 3294 5200 ἐν
3323 5147 3452 5211 ὑμῖν
3480 5145 3659 5216 μείνῃ,
3692 5159 3710 5191 ι

2129 5242 2289 5296 τοῦτο
2336 5239 2621 5312 σημαίνει.
2671 5239 2784 5310 Τὴν
2831 5238 2921 5292 διὰ
2950 5238 3061 5293 τῶν
3095 5238 3272 5309 ἔργων
3320 5236 3714 5308 προσκόλλησιν

2132 5335 2303 5404 ζητεῖ.
2333 5333 2605 5397 Ἕκαστος
2635 5332 2746 5404 γὰρ
2765 5331 2873 5385 τῶν
2904 5330 3214 5402 θεαρέστως
3244 5329 3485 5395 ζώντων,
3524 5341 3710 5399 προαι-

2134 5437 2281 5498 ρεσει
2315 5425 2493 5498 οίκείᾳ
2521 5426 2671 5497 μένει
2702 5426 2758 5479 ἐν
2785 5426 2850 5497 τῇ
2880 5423 3138 5495 ἀμπέλῳ,
3163 5422 3455 5491 ἐνοῦμενός
3485 5438 3541 5473 τε
3575 5417 3708 5484 αὐτῇ

2130 5519 2220 5574 διὰ
2244 5520 2342 5589 τῆς
2371 5519 2617 5590 ἀγάπης,
2642 5519 2736 5573 καὶ
2766 5518 2865 5590 τῆς
2895 5517 3005 5570 τῶν
3032 5514 3262 5570 ἐντολῶν
3286 5516 3592 5585 τηρήσεως,
3622 5510 3711 5563 καὶ

2134 5614 2192 5665 ἐν
2217 5610 2493 5682 πνεύματι
2544 5609 2914 5680 κολλώμενος·
2950 5608 3142 5678 ὥσπερ
3170 5607 3503 5669 τούναντίον,
3532 5606 3560 5659 ὁ
3613 5603 3711 5670 ἀφ-

2136 5705 2425 5775 ιστάμενος
2444 5703 2545 5773 τῆς
2571 5701 2679 5756 τῶν
2702 5700 2931 5756 ἐντολῶν
2952 5699 3238 5773 ἐργασίας,
3259 5695 3709 5769 άπαλλοτριοῦται

2135 5798 2275 5854 ἑκὼν
2291 5798 2398 5854 ἀπὸ
2414 5797 2509 5852 τοῦ
2538 5798 2619 5852 Κν
2628 5796 2766 5869 ρίου.
2783 5795 2875 5853 Ἐν
2893 5794 3067 5867 τούτῳ
3092 5794 3149 5850 δὲ
3166 5793 3446 5860 δοξάζεται
3474 5794 3515 5846 δ.
3529 5785 3715 5860 Πατήρ
