4056 6602
355 302 457 371 19⁸1

975 307 1419 373 ENARRATIO
1455 312 1536 374 IN
1571 312 2071 377 EVANGELIUM
2104 315 2441 379 JOANNIS.
2476 341 2543 354 --
2581 316 2740 380 CAP.
2780 316 2904 379 XV.

3504 320 3607 386 193

350 436 479 488 μου,
510 417 696 488 φησὶν,
731 417 787 470 ὲν
817 417 894 490 τῷ
924 419 1108 491 φέρειν
1135 421 1281 492 ὑμᾶς
1312 423 1481 476 πολὺν
1513 424 1746 494 καρπόν.
1784 422 1923 487 Δόξα

2032 425 2169 493 quit,
2204 426 2247 480 si
2275 441 2369 480 vos
2392 427 2625 481 fructum
2649 425 2874 480 multum
2907 424 3219 482 attuleritis.
3245 425 3426 483 Gloria
3457 432 3604 488 enim

350 510 465 582 γάρ
486 509 579 564 τοῦ
597 510 729 562 Θεοῦ
749 511 841 563 καὶ
865 512 1094 584 Πατρδς,
1125 515 1158 586 ή
1183 514 1533 587 εὐδοκίμησις
1554 517 1662 568 τῶν
1679 514 1774 569 τοῦ
1794 515 1924 569 Υἱοῦ

346 603 520 656 αὐτοῦ
548 603 828 673 μαθητῶν.
850 605 1169 673 Λάμποντος
1191 608 1298 677 γὰρ
1321 606 1416 660 τοῦ
1441 608 1618 676 φωτὸς
1646 609 1756 661 τῶν
1785 610 1918 661 ἀπο-

345 694 553 749 στόλων
592 695 906 767 ἔμπροσθεν
941 698 1047 751 τῶν
1076 697 1400 769 ἀνθρώπων,
1436 699 1714 764 ἐδοξάζετο
1754 702 1781 754 6
1812 700 1925 753 Πα-

342 788 499 859 τήρό
526 789 794 859 οὐράνιος.
826 790 1053 861 Καρπὸς
1075 791 1186 844 τῶν
1212 792 1525 845 ἀποστόλων
1553 794 1646 846 καὶ
1674 793 1742 845 τά
1771 792 1924 863 ἔθνη,

341 882 417 935 τὰ
463 882 553 935 διὰ
598 882 696 952 τῆς
763 881 1113 946 διδασκαλίας
1182 884 1365 937 αὐτῶν
1430 883 1810 955 προσαχθέντα
1855 886 1922 955 τῇ

344 974 558 1041 πίστει,
587 973 680 1027 καὶ
724 971 839 1046 [τά]
857 973 935 1037 εἰς
955 973 1114 1040 δόξαν
1129 972 1264 1027 Θεοῦ
1282 976 1573 1046 γενόμενα.
1597 974 1658 1028 Ei
1679 974 1926 1029 τοίνυνὲν

341 1063 525 1134 ⁸τούτῳ
553 1062 835 1129 δοξάζεται
872 1065 900 1116 6
933 1066 1140 1136 Πατὴρ,
1164 1065 1222 1117 ἐν
1251 1065 1328 1137 τῷ
1362 1065 1504 1135 ὑμᾶς
1533 1068 1924 1138 καρποφορεῖν,

343 1161 450 1210 οὐκ
476 1158 585 1228 ἀρα
615 1157 883 1229 ἀμελήσει
915 1159 1012 1229 τῆς
1052 1159 1261 1223 οἰκείας
1290 1158 1471 1230 δόξης,
1502 1160 1638 1214 ἀλλά
1670 1160 1763 1214 καὶ
1793 1176 1925 1213 συν-

341 1252 578 1322 εργήσει
623 1251 752 1321 ὑμῖν
799 1253 878 1316 είς
907 1251 968 1304 τὸ
1006 1251 1227 1305 πλείονα
1272 1254 1664 1323 καρποφορεῖν,
1697 1251 1784 1306 ἵνα
1831 1251 1927 1304 καὶ

343 1344 516 1397 πλέον
540 1344 850 1414 δοξάζηται.
884 1361 902 1394 ι
953 1343 1044 1397 Ἐν
1073 1342 1249 1414 τούτῳ
1274 1344 1405 1413 γὰρ,
1446 1345 1631 1414 φησὶν,
1663 1343 1922 1414 ἐδοξάσθη

344 1436 379 1486 6
415 1434 600 1504 Πατήρ
625 1450 749 1502 μου.
785 1434 868 1486 ἵνα
893 1433 1106 1502 καρπὸν
1134 1433 1298 1486 πολὺν
1325 1432 1548 1504 φέρητε,
1577 1436 1671 1486 καὶ
1695 1433 1926 1504 γένησθε

343 1527 477 1597 ἐμοὶ
514 1525 771 1596 μαθηταί.
814 1544 831 1577 ι
880 1525 1066 1598 Ὁρᾷς,
1095 1525 1211 1590 πῶς
1241 1527 1269 1579 6
1298 1527 1511 1597 καρπὸν
1541 1528 1742 1598 φέρων,
1785 1528 1928 1580 ἐκεῖ·

345 1620 442 1681 νός
484 1622 599 1672 ἐστι
635 1618 713 1688 τῷ
742 1618 856 1671 δντι
908 1616 1185 1688 μαθητὴς,
1231 1618 1327 1671 καὶ
1364 1620 1393 1671 6
1440 1619 1627 1690 Πατὴρ
1665 1621 1722 1671 ὲν
1753 1616 1928 1687 τούτῳ

346 1711 661 1776 δοξάζεται,
706 1709 953 1763 τουτέστι
986 1711 1188 1781 χαίρει,
1223 1710 1318 1763 καὶ
1347 1708 1506 1775 δόξαν
1536 1708 1740 1762 οἰκείαν
1766 1708 1925 1774 τοῦτο

345 1807 592 1877 ἡγεῖται.
1654 1870 1659 1875 κ

429 1916 449 1949 ι
482 1892 680 1958 Καθὼς
715 1892 968 1965 ἠγάπησέ
1014 1910 1081 1965 με
1128 1894 1161 1959 6
1199 1893 1409 1965 Πατὴρ,
1457 1891 1613 1960 κάγὼ
1664 1892 1927 1963 ἠγάπησα

346 1991 519 2060 ὑμᾶς.
557 1986 794 2042 Μείνατε
824 1990 882 2040 ὲν
910 1988 976 2057 τῇ
1012 1986 1199 2059 ἀγάπῃ
1231 1988 1297 2058 τῇ
1324 1987 1452 2057 ἐμῇ.
1490 1984 1617 2038 Ἐἀν
1649 1987 1747 2050 τάς
1779 1987 1928 2039 ἐντο-

343 2083 449 2145 λάς
488 2098 589 2151 μου
618 2080 918 2151 τηρήσητε,
956 2080 1167 2149 μενεῖτε
1199 2080 1258 2131 ὲν
1291 2081 1358 2150 τῇ
1383 2078 1573 2150 ἀγάπῃ
1597 2095 1720 2148 μου,
1743 2077 1924 2143 καθὼς

344 2173 465 2243 ἐγὼ
501 2173 599 2237 τὰς
654 2171 871 2236 ἐντολὰς
917 2171 1011 2225 τοῦ
1061 2171 1274 2243 Πατρός
1320 2189 1421 2242 μου
1480 2173 1781 2242 τετήρηκα,
1835 2172 1927 2225 καὶ

348 2267 503 2337 μένω
550 2264 718 2319 αὑτοῦ
770 2265 828 2319 ὲν
865 2267 932 2335 τῇ
967 2264 1174 2336 ἀγάπῃ.
1227 2283 1245 2316 ι
1296 2264 1531 2335 Θαῤῥεῖν
1562 2265 1761 2329 αὐτοὺς
1792 2282 1927 2334 προ-

340 2357 614 2427 τρέπεται
654 2355 745 2410 διά
788 2355 881 2410 τοῦ
927 2356 1125 2424 λέγειν,
1173 2357 1255 2409 ὅτι
1305 2374 1323 2407 ι
1370 2356 1664 2427 Ἠγάπησα
1699 2358 1864 2427 ὑμᾶς,
1900 2376 1918 2408 ι

341 2452 494 2505 οὕτω
519 2450 578 2504 δὲ
601 2450 886 2521 ἠγάπησα,
907 2448 981 2513 ὡς
1005 2451 1032 2502 6
1059 2448 1245 2520 Πατὴρ
1273 2449 1395 2520 ἐμέ.
1419 2448 1590 2503 Τοῦτο
1624 2449 1680 2503 δὲ
1712 2451 1923 2518 ἀνθρω-

344 2542 654 2612 πινώτερον
687 2542 909 2612 εἴρηκεν
929 2558 943 2572 ·
979 2559 997 2593 ι
1043 2543 1280 2596 Μείνατε
1324 2539 1419 2596 οὖν
1449 2544 1514 2603 ἐν
1543 2545 1608 2614 τῇ
1640 2542 1828 2615 ἀγάπῃ
1859 2546 1924 2614 τῇ

347 2638 484 2707 ἐμῇ.
511 2653 531 2686 ι
560 2633 764 2688 Τούτου
790 2635 899 2706 γὰρ
921 2635 1083 2704 ὑμεῖς
1116 2636 1240 2688 ἐστε
1272 2634 1472 2706 κύριοι.
1500 2636 1593 2705 Μὴ
1616 2636 1927 2707 γὰρὲπειδὴ

343 2725 642 2796 ἠκούσατε,
673 2725 755 2780 ὅτι
793 2744 812 2777 ι
857 2726 1150 2794 Ἠγάπησα
1187 2726 1354 2794 ὑμᾶς,
1392 2746 1411 2778 ι
1452 2728 1923 2798 καταφρονήσητε.

362 2816 527 2872 Ἀλλά
558 2816 896 2871 σπουδάσατε
926 2818 1106 2886 μεῖναι
1134 2818 1193 2868 ὲν
1222 2819 1286 2888 τῇ
1316 2816 1507 2889 ἀγάπῃ
1536 2832 1658 2887 μου.
1690 2813 1821 2871 Εἶτα
1849 2817 1927 2869 διο

346 2912 540 2964 δάσκει
584 2909 803 2976 αὐτοὺς,
865 2908 982 2973 πῶς
1031 2908 1352 2980 δυνήσονται
1407 2911 1620 2980 μεῖναι⁶
1687 2909 1783 2963 ἐὰν
1829 2911 1927 2974 τὰς

348 3002 572 3066 ἐντολὰς
597 3002 762 3056 αὐτοῦ
790 3001 1124 3072 τηρήσωσιν.
1159 3001 1247 3064 Ὠς
1269 3001 1377 3069 γὰρ
1402 3000 1657 3064 πολλάκις
1687 3002 1924 3072 εἴρηται,

346 3093 559 3159 ἐκεῖνός
586 3096 733 3148 ἐστιν
765 3096 793 3147 6
823 3092 1053 3161 ἀγαπῶν
1091 3092 1272 3157 αὐτὸν,
1304 3093 1333 3145 6
1376 3094 1474 3155 τὰς
1515 3094 1732 3156 ἐντολὰς
1760 3094 1926 3145 αὑτοῦ

2030 517 2123 574 Dei
2161 529 2214 575 et
2261 519 2460 585 Patris,
2508 518 2828 590 approbatio
2889 519 3269 589 discipulorum
3306 519 3426 576 Filii
3462 523 3601 593 ejus.

2028 609 2162 664 Nam
2202 610 2439 679 fulgente
2482 610 2601 664 luce
2648 610 3016 676 apostolorum
3052 626 3236 680 coram
3271 613 3604 678 hominibus,

2027 701 2434 773 gloriﬁcabatur
2461 699 2622 754 Pater
2651 700 2911 756 caelestis.
2943 701 3177 758 Fructus
3210 705 3354 757 enim
3390 716 3607 772 aposto-

2028 796 2199 848 lorum
2216 804 2339 848 snnt
2358 804 2567 862 gentes,
2581 808 2697 861 qua:
2710 808 2804 862 per
2821 795 3117 849 doctrinam
3133 795 3346 864 illorum
3360 799 3425 850 ad
3445 797 3605 853 ﬁdem

2026 900 2155 943 sunt
2192 887 2456 950 adductae,
2496 895 2553 941 et
2575 901 2694 955 quae
2711 888 2916 955 operati
2941 890 3152 941 suntad
3173 888 3394 958 gloriam
3419 889 3604 946 Dei.Si

2029 979 2195 1047 igitur
2235 980 2572 1051 gloriﬁcatur
2605 978 2766 1034 Pater
2806 980 2930 1032 dmn
2982 975 3078 1034 tos
3110 978 3345 1034 fructum
3376 981 3602 1047 alienis,

2028 1072 2214 1140 utique
2239 1087 2391 1127 suam
2433 1071 2656 1138 gloriam
2709 1085 2813 1125 non
2858 1072 3120 1141 negliget,
3160 1073 3254 1126 sed
3289 1075 3606 1142 operabitur

2029 1164 2328 1228 vobiscum,
2379 1173 2437 1217 nt
2490 1164 2850 1234 copiosiorem
2905 1162 3146 1217 fructum
3198 1164 3460 1232 alieratis,
3497 1182 3605 1236 quo

2026 1257 2198 1327 magis
2229 1255 2579 1325 gloriﬁcetur.
2617 1273 2636 1305 ι
2683 1255 2740 1310 lu
2769 1255 2873 1310 hoc
2899 1258 3065 1319 enim,
3109 1255 3303 1326 inquit,
3334 1259 3605 1328 gloriﬁca-

2029 1358 2115 1403 tns
2143 1356 2225 1401 est
2257 1344 2418 1401 Pater
2463 1361 2632 1408 meus,
2682 1357 2742 1400 ut
2786 1344 3026 1401 fructum
3083 1348 3306 1401 multum
3341 1349 3603 1411 ali'eratis.

2027 1448 2083 1494 et
2111 1438 2415 1494 eﬁiciamini
2471 1438 2573 1492 mei
2622 1438 2892 1506 discipuli.
2941 1457 2960 1491 ι
3003 1437 3165 1494 Vides
3204 1445 3472 1508 quomodo
3515 1442 3606 1497 ille

2026 1542 2112 1588 est
2142 1531 2369 1589 fructum
2401 1534 2631 1590 atl‘erens
2657 1537 2745 1605 qui
2777 1551 2899 1591 vere
2924 1547 3005 1591 est
3041 1537 3357 1608 discipulus,
3412 1549 3466 1592 et
3503 1540 3601 1593 Pa-

2027 1634 2112 1681 ter
2139 1625 2190 1679 in
2223 1626 2327 1681 isto
2378 1627 2731 1696 gloriﬁcatur,
2771 1627 2872 1682 hoc
2913 1635 2997 1685 est
3037 1628 3252 1696 gaudet,
3291 1638 3344 1683 et
3375 1629 3603 1699 gloriam

2028 1732 2181 1772 suam
2216 1716 2320 1772 huc
2354 1719 2652 1773 existimat.

1957 1808 1999 1863 B
2104 1808 2263 1864 Vens.
2310 1809 2363 1872 9,
2398 1809 2481 1864 ιθ.
2520 1829 2538 1861 ι
2577 1809 2731 1865 Sicut
2756 1812 2943 1866 dilexit
2968 1828 3052 1868 me
3089 1806 3268 1875 Pa'tcr,
3310 1814 3387 1869 ita
3426 1824 3481 1871 et
3507 1831 3606 1886 ego

2033 1900 2194 1955 dilexi
2229 1916 2343 1956 vos.
2395 1902 2611 1955 Manete
2644 1902 2695 1955 in
2729 1901 3021 1957 dilectione
3065 1918 3204 1958 mea.
3246 1903 3301 1959 Si
3339 1916 3603 1975 praecepta

1978 2042 1997 2061 κ
2034 2009 2151 2048 mea
2175 1995 2543 2057 servaveritis,
2583 1994 2867 2049 manebitis
2896 1994 2951 2048 in
2984 1994 3270 2051 dilectione
3300 2014 3438 2063 mea,
3463 2000 3604 2055 sicut

2032 2097 2086 2141 et
2126 2102 2225 2158 ego
2262 2097 2525 2156 praecepta
2563 2085 2738 2142 l’atris
2785 2088 2888 2142 mei
2925 2089 3158 2153 servavi,
3205 2099 3260 2143 et
3303 2106 3493 2147 maneo
3548 2094 3602 2146 in

2032 2179 2149 2246 ejus
2171 2178 2477 2233 dilectione.
2516 2197 2535 2230 ι
2560 2178 2888 2233 Exhortatur
2909 2194 3003 2233 eos
3027 2187 3086 2234 ut
3116 2181 3251 2235 bene
3278 2183 3556 2236 conﬁdant
3582 2200 3598 2238 :

2033 2268 2164 2322 dicit
2194 2269 2360 2334 enim,
2407 2287 2426 2320 ι
2472 2267 2636 2323 Dilexi
2681 2284 2793 2324 vos.
2839 2288 2858 2320 ι
2912 2268 3002 2324 Sic
3058 2281 3236 2325 autem
3287 2272 3449 2327 dilexi
3483 2288 3603 2339 vos,

2033 2360 2173 2415 sicu‘t
2221 2375 2306 2415 me
2334 2359 2494 2414 Pater
2524 2361 2715 2430 diligit.
2763 2362 2875 2414 Hoc
2910 2369 3091 2416 autem
3123 2363 3411 2417 humanius
3445 2365 3600 2430 dixit,

2039 2469 2057 2503 ι
2098 2450 2306 2507 Manete
2335 2451 2497 2520 igitur
2526 2452 2579 2505 in
2603 2451 2890 2506 dilectione
2931 2467 3068 2506 mea.
3104 2469 3124 2503 ι
3156 2451 3305 2507 Illius
3329 2454 3474 2507 enim
3508 2469 3604 2509 vos

2031 2542 2162 2597 estis
2190 2541 2414 2595 domini.
2457 2540 2572 2595 Non
2607 2542 2750 2596 enim
2791 2540 2913 2608 quia
2950 2541 3233 2597 audivistis
3278 2543 3422 2612 quod
3468 2562 3486 2595 ι
3521 2545 3607 2598 di-

2033 2633 2255 2688 lexerim
2286 2647 2402 2697 vos,
2460 2650 2482 2685 ι
2535 2634 2893 2688 contemnetis
2936 2632 3078 2688 :sed
3125 2633 3323 2689 dabitis
3357 2650 3605 2704 operam,

2034 2735 2093 2781 ut
2121 2743 2140 2777 ι
2175 2725 2438 2780 maneatis
2468 2725 2518 2778 in
2550 2725 2840 2780 dilectione
2871 2740 3009 2782 mea.
3049 2743 3070 2779 ι
3100 2726 3305 2783 Deinde
3329 2727 3486 2783 docet
3510 2744 3605 2783 eos

2032 2820 2297 2888 quomodo
2319 2826 2568 2887 poterunt
2585 2832 2835 2873 manere:
2857 2819 2903 2872 si
2927 2819 3178 2874 mandata
3196 2833 3291 2874 sua
3313 2820 3606 2878 servarint.

2032 2906 2165 2963 Nam
2196 2915 2278 2980 (ιιι
2305 2925 2448 2979 saepe
2478 2909 2680 2965 dictum
2711 2910 2816 2979 est)
2848 2909 2936 2965 ille
2960 2919 3045 2966 est
3072 2912 3163 2981 qni
3198 2909 3376 2982 diligit
3409 2911 3601 2978 Deum,

2033 3004 2122 3073 qui
2159 3005 2404 3057 mandata
2447 3003 2563 3073 ejus
2612 3012 2794 3058 servat
2817 3004 2886 3058 “.
2920 3003 3020 3060 Per
3053 3005 3234 3059 omnia
3271 3016 3450 3060 autem
3484 3004 3601 3062 haec

2035 3095 2271 3151 ostendit
2296 3098 2437 3165 quod
2469 3106 2593 3152 tunc
2624 3096 2802 3151 securi
2832 3107 3012 3159 erunt,
3052 3113 3173 3152 cum
3201 3099 3365 3152 vitam
3408 3113 3598 3168 puram

348 3188 555 3261 τηρῶν.
587 3187 684 3241 Διὰ
716 3188 930 3241 πάντων
967 3186 1024 3241 δὲ
1052 3185 1258 3240 τούτων
1303 3184 1563 3251 δεικνύει,
1598 3186 1682 3239 ὅτι
1714 3186 1836 3238 τότε
1870 3188 1925 3237 ἐν

2029 3188 2255 3258 egerint.
2285 3206 2304 3239 ι
2345 3187 2491 3243 Sicut
2518 3202 2617 3256 ego
2642 3188 2891 3242 mandata
2934 3185 3114 3242 Patris
3145 3188 3247 3242 mei
3285 3189 3518 3252 schavi,
3548 3199 3606 3244 et

350 3279 624 3349 ἀσφαλείᾳ.
677 3278 911 3338 ἔσονται,
963 3280 1049 3332 ὅτε
1093 3277 1207 3347 βίον
1254 3277 1497 3346 καθαρὸν
1548 3277 1927 3343 ὲπιδείξονται.

357 3395 376 3427 ι
410 3371 611 3436 Καθὼς
640 3370 750 3440 ἐγὼ
770 3370 866 3434 τάς
886 3369 1105 3432 ἐντολὰς
1124 3369 1217 3422 τοῦ
1249 3367 1465 3438 Πατρός
1487 3386 1591 3439 μου
1623 3374 1924 3439 τετήρηκα,

348 3468 446 3521 καὶ
482 3468 629 3538 μένω
650 3464 815 3518 αὑτοῦ
839 3466 896 3518 ὲν
928 3466 996 3535 τῇ
1012 3463 1227 3535 ἀγάπῃ.
1268 3481 1287 3514 ι
1326 3463 1437 3516 Καὶ
1455 3460 1614 3515 τοῦτο
1654 3478 1930 3530 συγκατα-

351 3559 595 3623 ϐατικῶς
637 3557 726 3612 διά
756 3557 853 3626 τὴν
892 3555 1179 3609 ἀσθένειαν
1230 3552 1342 3607 τῶν
1396 3553 1706 3608 ἀκουόντων
1741 3552 1926 3622 φησίν.

353 3655 429 3707 Οὐ
457 3653 567 3724 γὰρ
591 3651 656 3723 δὴ
686 3651 715 3703 6
750 3651 966 3704 πάντων
1010 3647 1307 3718 νομοθέτης
1332 3646 1435 3699 ὑπδ
1473 3645 1692 3708 ἐντολὰς
1727 3645 1926 3708 ἔκειτο,

353 3745 452 3798 καὶ
469 3744 599 3798 ἀνευ
619 3742 726 3796 τῶν
751 3739 1038 3811 Πατρικῶν
1072 3738 1298 3792 ἐντολῶν
1327 3738 1427 3791 οὐκ
1463 3736 1693 3807 ήδύνατο
1719 3735 1928 3804 διάγειν

351 3839 457 3908 τὴν
487 3833 681 3890 ἑαυτοῦ
726 3833 869 3903 ζωήν
888 3847 905 3865 ο
940 3829 1096 3884 τοῦτο
1124 3831 1234 3900 γὰρ
1259 3827 1609 3885 ἀτοπώτατον
1648 3826 1926 3897 ἐννοῆσαι.

354 3931 521 3999 Λέγει
557 3929 618 3982 τὸ
645 3926 711 4001 [Γ.
750 3925 832 3999 δὲ]
876 3923 1055 3989 τοῦτο,
1099 3923 1190 3975 ἐπὶ
1228 3921 1393 3975 πλέον
1433 3917 1931 3992 παραμυθήσασθαι

355 4022 681 4093 βουλόμενος
730 4016 948 4080 αὐτούς.
998 4015 1151 4069 Ἐπεὶ
1206 4013 1315 4085 γὰρ
1366 4012 1551 4080 ἔλεγεν
1577 4013 1783 4076 αὐτοῖς,
1845 4011 1929 4064 ὅτι

365 4114 592 4184 Ἀγαπῶ
612 4114 774 4183 ὑμᾶς,
794 4106 914 4164 εἶτα
931 4109 1153 4182 ἔμελλον
1172 4108 1396 4178 ὕστερον
1422 4105 1632 4176 θλίψεσι
1655 4103 1928 4171 παλαίειν,

352 4206 444 4259 ἵνα
475 4205 551 4275 μή
581 4199 1064 4264 σκανδαλισθῶσιν,
1099 4198 1174 4262 ὼς
1219 4197 1321 4265 τῆς
1354 4196 1576 4266 ἀγάπης
1618 4194 1783 4248 αὐτοῦ
1820 4211 1928 4266 μη-

350 4295 442 4349 δὲν
484 4292 931 4364 συμϐαλλομένης
978 4290 1184 4357 αὐτοῖς,
1237 4290 1329 4361 Μὴ
1364 4288 1704 4361 θορυϐεῖσθε,
1739 4289 1926 4359 φησιν,

352 4388 479 4441 ἐπεὶ
509 4387 651 4458 κάμὲ
685 4386 876 4454 ἀγα-πᾶ
906 4384 1008 4455 μὲν
1031 4387 1057 4437 6
1094 4383 1307 4456 Πατὴρ,
1331 4380 1667 4453 παραδίδωσι
1693 4381 1748 4435 δὲ
1781 4382 1928 4452 ὅμως

352 4483 433 4544 είς
472 4480 531 4532 τὸ
577 4480 717 4551 ὑπὲρ
770 4476 863 4531 τοῦ
915 4479 1121 4549 κόσμου
1176 4475 1388 4531 παθεῖν.
1425 4475 1638 4545 Ὥσπερ
1693 4472 1784 4527 οὖν
1828 4472 1928 4525 οὐκ

353 4569 670 4625 ἐλαττοῦται
704 4571 735 4640 ἡ
759 4571 948 4639 ἀγάπη
969 4570 1064 4622 τοῦ
1098 4568 1308 4639 Πατρδς
1335 4568 1400 4621 ὲκ
1425 4567 1517 4621 τοῦ
1569 4566 1800 4638 πάσχειν
1831 4567 1951 4637 ἐμὲ,

352 4662 569 4733 Midam.
596 4663 909 4732 περιπεσεῖν
940 4658 1191 4731 μέλλητε.

2032 3294 2224 3333 maneo
2268 3278 2320 3332 in
2361 3278 2650 3340 dilectione
2693 3277 2831 3346 ejus.
2897 3296 2916 3330 ι
2959 3278 3023 3332 Et
3053 3278 3157 3334 hoc
3211 3290 3516 3349 temperans
3546 3293 3606 3334 se

2029 3370 2359 3424 audientium
2390 3369 2690 3424 inﬁrmitati
2720 3370 2871 3425 dicit.
2918 3368 3030 3425 Non
3067 3370 3210 3426 enim
3237 3369 3325 3438 qui
3361 3370 3602 3423 Ottlttium

2029 3472 2110 3518 est
2142 3461 2435 3533 li-gislator,
2485 3462 2751 3518 mandatis
2796 3462 3082 3528 obnoxius,
3117 3471 3171 3517 et
3206 3463 3324 3517 sine
3363 3460 3605 3530 paternis

2031 3555 2297 3610 mandatis
2325 3556 2522 3625 degere
2556 3570 2660 3609 non
2692 3563 2869 3624 potest
2903 3570 3054 3610 suam
3089 3554 3286 3620 vitam;
3318 3553 3419 3607 hoc
3455 3552 3602 3607 enim

2032 3646 2270 3714 cogitare
2317 3643 2478 3699 fuerit
2522 3643 2995 3698 absurdissimum.
3055 3642 3192 3697 Dicit
3239 3650 3420 3697 autem
3476 3641 3600 3704 huc,

2033 3737 2257 3788 mu‘tnm
2306 3749 2397 3789 eos
2426 3733 2714 3803 “consulari
2767 3732 2972 3787 volens.
3027 3730 3161 3798 Quia
3205 3732 3349 3787 enim
3386 3732 3602 3786 dicebat
3664 3796 3668 3800 t

2030 3827 2129 3893 eis,
2153 3825 2324 3896 Diligo
2360 3840 2479 3892 vos,
2517 3836 2572 3880 et
2603 3825 2835 3880 habituri
2871 3832 3028 3880 erant
3060 3834 3242 3893 postea
3273 3839 3393 3877 cum
3431 3822 3602 3878 alilic-

2033 3918 2266 3973 tionibus
2298 3925 2592 3983 certamen,
2619 3928 2677 3971 nt
2704 3933 2769 3971 ne
2796 3916 3156 3980 ull'endantur,
3184 3915 3337 3987 quasi
3382 3915 3602 3971 dilectio

2030 4009 2166 4067 nihil
2190 4010 2297 4065 illis
2323 4010 2601 4079 prodesset
2630 4027 2644 4065 :
2670 4006 2747 4062 Ne
2774 4007 3083 4073 turbemini,
3107 4008 3312 4079 inquit,
3351 4008 3474 4079 quia
3497 4007 3603 4063 etsi

2031 4121 2116 4160 me
2143 4103 2328 4173 diligat
2357 4103 2573 4173 quidem
2606 4102 2780 4169 Pater,
2829 4101 3095 4172 permittit
3123 4111 3303 4155 tamen
3341 4109 3399 4155 ut
3429 4101 3603 4169 patiar

2031 4213 2128 4265 pro
2160 4200 2377 4251 mundo.
2403 4196 2552 4252 Sicut
2573 4195 2737 4265 igitur
2764 4209 2867 4249 non
2893 4193 3151 4248 minuitur
3180 4193 3397 4248 dilectio
3424 4192 3603 4247 Patris

2029 4300 2312 4360 propterea
2359 4286 2501 4356 quod
2545 4301 2645 4354 ego
2694 4284 2899 4354 patiar;
2934 4284 3008 4337 ita
3054 4298 3229 4353 neque
3279 4296 3375 4335 vos
3424 4281 3604 4335 minus

2030 4380 2327 4450 diligemini
2364 4395 2394 4435 a
2424 4394 2527 4447 me,
2560 4378 2771 4435 etiamsi
2809 4379 2861 4431 in
2897 4377 3074 4433 varias
3103 4375 3401 4431 incideritis
3428 4373 3597 4430 uillic-

2032 4476 2227 4529 tienes.

1997 4564 2172 4630 οὕτως
2213 4566 2335 4619 οὐδὲ
2397 4566 2556 4637 ὑμεῖς
2586 4558 2764 4637 ⁸ἦττον
2812 4562 3098 4630 ἀγαπᾶσθε
3141 4564 3231 4617 ὑπ’
3306 4560 3465 4631 ἐμοῦ,
3499 4560 3603 4615 κᾶν

430 4704 476 4808 ιτ
488 4704 980 4825 Ταῦτατλελάληκιά.
1007 4704 1156 4823 ὑμῖν,
1179 4752 1266 4805 ἵνα
1292 4754 1324 4824 ή
1349 4750 1493 4824 χαρά
1518 4754 1553 4823 ἡ
1576 4750 1683 4822 ἐμὴ
1710 4752 1767 4803 ὲν
1797 4752 1924 4820 ὑμῖν

2103 4749 2263 4807 Vsus.
2302 4747 2361 4801 ll
2400 4747 2485 4803 1⁸5.
2536 4763 2557 4798 ι
2596 4743 2720 4799 llaec
2747 4744 2962 4799 locutus
3002 4757 3120 4798 sum
3156 4741 3332 4808 vobis,
3369 4751 3427 4795 nt
3463 4704 3601 4812 gaui-

356 4847 516 4919 μένῃ,
558 4845 654 4899 καὶ
677 4846 711 4917 ἡ
738 4845 883 4917 χαρά
930 4842 1083 4914 ὑμῶν
1115 4842 1401 4915 πληρωθῇ.
1443 4840 1592 4914 Αὕτη
1627 4841 1683 4895 δέ
1715 4842 1864 4895 ἐστιν
1897 4841 1931 4911 ἡ

2029 4842 2180 4896 dium
2215 4855 2394 4895 meum
2438 4842 2492 4893 in
2536 4837 2690 4893 vobis
2717 4844 2955 4898 maneat,
2986 4843 3041 4889 et
3077 4834 3329 4909 gaudium
3362 4845 3599 4887 vestrum

353 4938 546 5010 ἐντολὴ
568 4938 601 5008 ή
627 4936 756 5008 ἐμὴ,
785 4937 872 4990 ἵνα
892 4936 1141 5004 ἀγαπᾶτε
1167 4933 1448 5006 ἀλλήλους,
1466 4932 1646 4996 καθὼς
1670 4933 1926 5003 ἠγάπησα

2032 4932 2335 5003 impleatur.
2375 4930 2486 4985 lloc
2528 4938 2612 4984 est
2649 4937 2977 4997 praeceptum
3012 4940 3215 4990 meum,
3275 4933 3333 4980 ut
3363 4923 3600 4989 diligatis

355 5033 522 5103 ὑμᾶς.
555 5031 792 5095 Μείζονα
830 5029 1033 5101 ταύτης
1067 5030 1289 5101 ἀγάπην
1339 5026 1513 5092 οὐδεὶς
1556 5029 1689 5100 ἔχει,
1727 5027 1812 5081 ἴνα
1848 5044 1931 5091 τις

353 5124 455 5195 τὴν
494 5122 673 5194 ψυχὴν
723 5119 886 5174 αὐτοῦ
921 5122 988 5193 θῇ
1046 5120 1187 5189 ὑπὲρ
1225 5118 1353 5173 τῶνν
1378 5118 1547 5187 φίλων
1581 5118 1766 5172 αὐτοῦ,
1808 5135 1827 5169 ι
1862 5146 1931 5156 -

364 5234 383 5268 ι
425 5214 635 5276 Ταῦτα,
684 5214 837 5284 φησὶ,
873 5212 1145 5282 λελάληκα
1193 5204 1402 5282 ὑμῖν,”›
1436 5210 1520 5262 ἵνα
1570 5208 1644 5280 μὴ
1689 5208 1932 5278 διακὸψω

357 5306 515 5374 ὑμῶν
554 5306 650 5374 τήν
680 5304 873 5374 χαράν.
921 5303 1181 5374 Ἔχαιρον
1224 5303 1320 5373 μὲν
1358 5301 1465 5375 γὰρ
1496 5301 1742 5364 συνόντες
1783 5298 1931 5371 αὐτῷ

358 5396 866 5468 θαυματουργοῦντι
915 5397 1010 5449 καὶ
1042 5394 1414 5466 δοξαζομένῳ’
1459 5395 1554 5448 καὶ
1607 5393 1789 5464 μέντοι
1836 5395 1932 5447 καὶ

357 5491 515 5543 αὐτοὶ
544 5488 798 5559 δαιμόνια
840 5488 1191 5552 ἐκϐάλλοντες
1240 5486 1485 5559 ἔχαιρον
1524 5486 1601 5551 ῶς
1643 5488 1736 5540 καὶ
1768 5487 1929 5563 αὐτός

358 5595 529 5650 φησι·
572 5599 591 5632 ι
640 5579 732 5651 Μὴ
773 5579 1016 5652 χαίρετε,
1047 5579 1130 5634 ὅτι
1167 5578 1236 5634 τά
1271 5578 1525 5650 δαιμόνια
1557 5564 1868 5651 ἐκϐάλλετε.
1902 5596 1921 5631 ι

445 5758 490 5794 ⁸³
524 5759 684 5817 Joan.
734 5776 844 5827 11v,
880 5759 964 5814 15.

2033 5040 2128 5080 vos
2163 5025 2415 5084 invicem.
2442 5023 2583 5078 sicut
2610 5021 2770 5075 dilexi
2803 5034 2916 5074 vos.
2938 5018 3193 5087 Maiorem
3225 5017 3325 5072 bac
3357 5016 3601 5070 dilectio-

2032 5134 2153 5173 nem
2187 5133 2345 5173 nemo
2380 5118 2560 5181 liabet,
2596 5125 2654 5171 ut
2686 5117 2809 5185 quis
2847 5113 3082 5168 animam
3118 5126 3268 5166 suam
3299 5119 3465 5179 ponat
3499 5123 3599 5175 pro

2028 5211 2220 5267 amicis
2250 5211 2383 5265 suis.
2409 5227 2506 5262 ι-
2527 5227 2545 5259 ι
2578 5207 2723 5273 Ilaac,
2762 5205 2957 5275 inquit,
2991 5205 3200 5258 locutus
3229 5217 3347 5256 sum
3370 5201 3543 5262 vobis,
3573 5220 3593 5252 ι

2027 5315 2083 5360 ιιι
2124 5319 2228 5358 ιιοη
2280 5301 2591 5356 itnminuam
2640 5297 2893 5369 gaudium
2948 5306 3205 5351 vestrum,
3253 5290 3414 5362 713
3461 5289 3596 5346 Nam

2027 5397 2332 5469 gaudebant
2361 5394 2602 5464 quidem,
2636 5407 2758 5446 cum
2793 5400 2976 5444 essent
3017 5384 3172 5443 simul
3208 5401 3328 5481 cun;
3362 5400 3428 5439 eo
3473 5398 3597 5438 cum

2028 5489 2288 5545 miracula
2320 5487 2521 5542 laceret
2579 5494 2631 5540 et
2679 5483 3073 5551 glorilicaretur
3111 5495 3126 5531 :
3164 5486 3221 5532 et
3251 5477 3349 5547 ip'si
3383 5492 3602 5549 quoque

2026 5574 2286 5633 da'mouia
2322 5576 2598 5646 ejicientcs
2628 5572 2952 5644 gaudebant,
2980 5569 3122 5624 sicut
3155 5577 3210 5625 et
3248 5571 3361 5639 ipse
3399 5569 3598 5637 inqui::
