4056 6606
251 373 340 444 291

926 376 1372 438 ENARRATIO
1411 375 1494 437 IN
1529 373 2025 437 EVANGELI'JM
2066 371 2497 435 JOANNIS.-—
2522 373 2682 436 CAP.
2722 372 2844 435 XV.

3362 368 3473 433 202

251 490 349 555 υὺχ
372 485 521 555 ὑμεῖς
546 485 610 555 τῇ
643 486 749 557 ἐμῇ
784 484 936 559 φιλίᾳ
965 486 1396 557 προσεδράμετε,
1440 484 1557 539 ἀλλ’
1583 483 1693 554 ἐγὼ
1725 487 1791 555 τῇ

1921 494 1951 538 :t
1995 484 2144 555 prior
2181 497 2276 539 vos
2322 484 2505 539 dilexi.
2568 482 2850 551 Quomodo
2902 480 3066 552 igitur
3116 480 3474 550 relinquerem

251 574 406 646 ῦμῶν,
428 574 517 627 καὶ
541 573 756 645 πρῶτος
779 575 922 643 ὑμᾶς
949 575 1236 646 ἠγάπησα.
1271 575 1397 639 Πῶς
1430 569 1523 628 οὖν
1556 574 1799 643 ἐγκατα-

247 667 400 737 λείψω
437 665 574 735 ὑμᾶς
616 668 696 730 είς
724 666 785 721 τὸ
829 668 1157 738 μετέπειτα;
1205 668 1369 721 Ἀλλὰ
1416 686 1435 720 r
1475 668 1571 721 καὶ
1627 665 1804 737 ἔθηκα

250 760 395 827 ὑμᾶς,
421 776 439 809 ι
463 758 753 823 τουτέστιν,
784 758 1086 827 Ἐςρύτευσα
1107 761 1271 830 ὑμᾶς,
1299 778 1320 810 ε
1357 758 1443 813 ἵνα
1490 759 1649 829 ὑμεῖς
1697 757 1802 811 ὑπ-

248 850 418 919 άγητε,
434 868 450 900 ›
472 849 891 914 τουτέστιν,”ἰνα
910 852 1200 922 αὐξηθῆτε,
1215 851 1310 905 καὶ
1328 851 1689 920 πλατυνθῆτε,
1711 841 1825 902 καῖ’

251 943 535 1013 ἁπλωθῇτε,
556 942 649 995 καὶ
670 941 954 1014 ἐκταθῆτε,
980 961 1000 994 ι
1032 943 1128 996 καὶ
1151 942 1363 1014 καρπὸν
1384 941 1609 1013 φέρητε.
1641 959 1659 993 ι
1694 940 1807 994 Ἐν·

250 1036 403 1099 ταῦθα
422 1037 476 1090 δὲ
501 1035 790 1106 προφανῶς
818 1036 913 1090 καὶ
945 1034 1187 1105 γεωργὸν
1206 1033 1400 1089 ἑαυτὸν
1430 1033 1661 1101 εἰσάγει.
1696 1033 1805 1085 Καὶ

250 1129 488 1198 ἀνωτέρω
516 1127 613 1198 μὲν
637 1126 747 1197 γὰρ
765 1128 891 1181 ὅταν
908 1126 1115 1196 ἔλεγεν.
1139 1127 1221 1180 ὅτι
1249 1144 1270 1177 ι
1301 1124 1546 1197 Καθαροί
1576 1127 1697 1179 ἐστε
1715 1123 1804 1179 διὰ

249 1218 529 1286 τὸνλόγον,
559 1218 618 1271 ὃν
655 1217 928 1288 λελάληκα
968 1217 1117 1288 ὑμῖν,
1178 1234 1196 1267 ι
1230 1215 1428 1281 ἔδειξεν
1478 1215 1670 1269 ἑαυτὸν
1714 1215 1806 1267 τὸν

251 1310 594 1382 καθαίροντα·
629 1310 725 1369 νῦν
767 1308 822 1364 δὲ
863 1309 1215 1379 ἐκδηλότερον
1250 1307 1339 1361 διὰ
1366 1305 1461 1361 τοῦ
1495 1308 1690 1369 εἰπεῖν,
1723 1305 1806 1359 ὅτι

256 1422 273 1456 ι
306 1400 437 1470 Ἐγὼ
474 1400 811 1471 ἐξελεξάμην
840 1400 1005 1469 ὑμᾶς,
1028 1399 1125 1455 καὶ
1150 1398 1323 1467 ἔθηκα
1352 1398 1518 1469 ὑμᾶς.
1560 1416 1579 1450 ι
1614 1398 1673 1450 '0
1695 1397 1804 1468 γὰρ

250 1493 473 1564 γεωργὸς
510 1492 779 1564 δήπουθεν
816 1490 1121 1561 ἐκλέγεται,
1160 1490 1257 1545 καὶ
1292 1490 1473 1562 τίθησι
1505 1489 1648 1545 κατὰ
1702 1489 1806 1559 γῆς

248 1583 309 1640 τὰ
337 1582 608 1656 κλήματα.
650 1583 814 1655 Ὀρᾷς
856 1582 955 1653 τὴν
990 1582 1211 1654 ίσότητα
1253 1582 1469 1652 Πατρὸς
1509 1581 1605 1636 καὶ
1638 1581 1803 1649 Υῖοῦ;

257 1677 310 1731 '0
342 1677 521 1749 Πατὴρ
554 1676 801 1747 γεωργὸς
822 1716 838 1740 ,
875 1679 902 1730 6
933 1675 1062 1740 Υἱὸς
1093 1675 1188 1728 νῦν
1234 1674 1510 1730 δείκνυται
1537 1675 1804 1746 γεωργός.

246 1769 500 1840 Αίσλύνην
524 1768 765 1833 ἔνδυσαι,
796 1767 1002 1839 ’Δρειε,
1035 1766 1176 1836 μετὰ
1202 1766 1310 1821 τῶν
1332 1766 1430 1820 σὺν
1461 1765 1547 1819 σοὶ
1572 1768 1653 1829 είς
1678 1764 1813 1819 ἀσέι

1915 593 2013 635 vos
2065 578 2118 633 in
2167 576 2491 648 posterum?
2544 573 2648 631 Sed
2695 594 2714 628 ι
2751 583 2803 631 ει
2838 574 2990 644 posui
3024 587 3140 639 vos,
3178 591 3197 625 ι
3245 572 3347 628 hoc
3370 580 3476 638 est,

1907 670 2142 740 plantavi
2178 683 2297 734 vos,
2337 685 2356 720 ι
2397 676 2453 721 ιιι
2478 667 2636 734 eatis,
2678 684 2696 718 ι
2732 666 2833 721 hoc
2873 675 2978 731 est,
3008 674 3067 720 ut
3107 666 3389 727 crescatis,
3424 671 3481 718 et

1908 761 2290 834 expaudamini
2318 772 2373 816 et
2404 759 2797 823 extendamini,
2842 778 2861 811 ε
2906 757 3250 827 fructumque
3283 755 3481 812 afferas

1909 859 1999 913 tis.
2031 875 2050 910 ι
2100 856 2213 911 lloc
2252 866 2432 910 autem
2457 854 2576 908 loco
2615 852 2902 908 manifeste
2935 846 3227 920 agricolam
3259 864 3319 906 se
3359 863 3482 904 esse

1910 947 2229 1002 introducit.
2284 946 2350 1000 Et
2392 944 2641 1013 superius
2694 943 2911 1014 quidem
2967 943 3184 1012 quando
3244 941 3482 1002 dicebat.

1913 1059 1933 1092 ε
1972 1039 2151 1095 Μυηόὶ
2173 1038 2305 1093 estis
2338 1048 2555 1115 propter
2583 1048 2887 1092 sermonem
2916 1048 3075 1103 quem
3105 1034 3314 1090 loculus
3357 1044 3478 1088 sum

1908 1134 2083 1200 vobis,
2127 1152 2145 1185 ι
2183 1132 2417 1188 ostendit
2455 1134 2689 1201 seipsum
2722 1137 3043 1202 purgantem
3077 1145 3092 1184 :
3130 1143 3273 1183 nunc
3301 1135 3483 1182 autem

1911 1227 2250 1283 manifestius
2292 1241 2388 1297 per
2433 1227 2534 1283 hoc
2563 1226 2704 1295 quod
2737 1225 2888 1290 dicit,
2923 1242 2941 1276 ι
2972 1222 3083 1293 Ego
3112 1221 3247 1290 elegi
3279 1236 3398 1285 vos,
3430 1230 3488 1276 et.

1910 1318 2063 1389 posui
2094 1332 2210 1373 vos.
2257 1336 2274 1369 ι
2311 1316 2442 1372 Nam
2486 1315 2719 1388 agricola
2753 1315 3004 1370 videlicet
3039 1313 3211 1385 eligit,
3250 1322 3304 1367 et
3334 1312 3487 1382 ponit

1909 1408 2010 1464 sub
2044 1417 2243 1463 terram
2276 1406 2549 1478 palmites.
2588 1404 2753 1462 Vides
2792 1405 3155 1476 arqualitatem
3204 1404 3383 1459 Patris
3435 1415 3490 1458 et

1912 1501 2073 1556 Filii?
2095 1500 2160 1555 Et
2204 1499 2365 1555 Pater
2407 1500 2665 1571 agricola,
2699 1508 2753 1553 et
2791 1499 2961 1555 Filius
3002 1512 3146 1554 nunc
3185 1496 3491 1552 ostenditur

1912 1593 2167 1663 agricola.
2191 1591 2578 1647 Confusionem
2613 1591 2856 1656 induere,
2883 1591 3105 1655 Ariane,
3138 1605 3261 1646 cum
3288 1589 3374 1645 bis
3395 1589 3487 1660 qui

1910 1697 2084 1740 tecum
2107 1686 2172 1739 ad
2196 1684 2525 1755 impietatem
2550 1685 2854 1754 prosiliunt.
2881 1682 3011 1739 Vide
3032 1693 3212 1738 autem
3234 1692 3287 1736 et
3308 1682 3488 1745 aliud;

1915 1776 2016 1834 θυι
2047 1775 2307 1846 quidquid
2344 1775 2607 1845 petieritis
2628 1775 2841 1829 Patrem
2869 1775 2921 1829 in
2947 1773 3167 1829 nomine
3194 1787 3336 1839 meo,
3368 1773 3491 1829 dem

248 1861 384 1915 σειαν
406 1860 963 1932 ἐκτραχηλισθέντων.
1000 1861 1143 1931 Ὅρα
1171 1859 1228 1914 δὲ
1262 1860 1360 1913 καὶ
1390 1858 1605 1931 ἕτερον·
1638 1877 1656 1911 ι
1688 1854 1806 1912 Ἵνα

1921 1871 2117 1937 vobis,»
2156 1871 2258 1925 hoc
2288 1878 2391 1937 est,
2427 1869 2536 1939 Ego
2554 1868 2692 1923 dabo
2730 1866 2906 1923 vobis.
2938 1865 3182 1921 Tametsi
3207 1865 3494 1937 Oportebat

247 1954 335 2008 ὅσα
360 1953 419 2006 iv
444 1955 708 2024 αἰτήσητε
748 1952 838 2006 τὸν
863 1951 1101 2023 Πατέρα,
1129 1950 1204 2005 δῶ
1242 1950 1370 2022 ὑμῖν
1389 1965 1405 1982 ο
1444 1968 1462 2017 ι
1501 1950 1805 2013 τουτέστιν,

259 2044 386 2114 Ἐγὼ
427 2045 588 2100 δώσω
643 2046 793 2117 ὑμῖν.
849 2046 1043 2099 Καίτοι
1088 2042 1194 2099 ἔδει
1241 2043 1382 2097 κατὰ
1412 2042 1473 2101 τδ
1512 2041 1807 2103 ἀκόλουθον

248 2136 402 2201 οὕτως
432 2138 610 2189 εἰπεῖν
632 2152 646 2167 ο
681 2137 821 2191 Ὀσα
843 2134 908 2193 ἂν
932 2133 1231 2209 αἱτήσησθε
1262 2132 1353 2188 τὸν
1379 2133 1624 2204 Πατέρα,
1649 2133 1811 2186 δώσει

249 2230 382 2301 ὑμῖνο
418 2232 446 2283 6
493 2230 554 2287 δὲ
611 2223 785 2294 εἶπεν,
814 2230 897 2285 ὅτι
940 2245 959 2280 ι
1004 2227 1147 2296 Ἐγὼ
1169 2227 1244 2280 δῶ
1279 2231 1424 2299 ὑμῖν.
1458 2226 1583 2279 »διὰ
1611 2224 1671 2278 τὸ
1700 2224 1812 2276 ισο-

245 2321 466 2393 δὺναμον
500 2322 744 2385 πάντως.
792 2319 949 2374 Ἐπεὶ
984 2320 1078 2373 καὶ
1110 2321 1139 2374 6
1172 2318 1363 2392 Πατὴρ
1408 2317 1605 2384 διδοὺς,
1641 2318 1699 2369 ὲν
1743 2317 1810 2386 τῇ

249 2413 380 2485 δεξιᾷ
404 2412 571 2468 αὑτοῦ
601 2412 815 2468 δίδωσι·
847 2411 998 2479 δεξιὰ
1019 2410 1076 2464 δὲ
1103 2409 1269 2464 αὐτοῦ
1298 2412 1326 2464 6
1356 2409 1498 2474 Υἱός.
1533 2408 1734 2462 Σκόπει
1755 2406 1813 2460 δέ

249 2521 332 2578 μοι
361 2504 450 2558 καὶ
475 2504 661 2569 τοῦτο,
691 2504 774 2558 ὅτι
797 2503 926 2557 ὅταν
948 2502 1310 2573 φυτευθέντες
1344 2501 1814 2574 καρποφορῶμεν,

248 2600 356 2658 τότε
384 2599 474 2653 καὶ
500 2599 611 2653 ὅσα
632 2598 697 2652 ἂν
726 2596 1098 2669 αίτησώμεθα,
1124 2595 1288 2650 δώσει
1316 2597 1479 2668 ἡμῖν·
1520 2595 1615 2650 ἐὰν
1650 2595 1707 2648 δὲ
1739 2593 1816 2665 μὴ

252 2689 698 2763 ηρποφορῶμεν,
712 2689 773 2743 οὐ
790 2688 1091 2761 ληψόμεθα.
1122 2689 1318 2757 Ἐπεὶ-ὸ
1337 2688 1412 2760 μὴ
1428 2686 1814 2759 καρποφορῶν,

249 2784 358 2845 οὐδὲ
379 2783 731 2856 συμφέροντα
765 2783 858 2836 καὶ
880 2782 1177 2854 ψυχωφελῆ
1219 2783 1472 2847 αἰτεῖται,
1503 2781 1639 2836 ἀλλὰ
1670 2781 1813 2835 πάν-

252 2893 346 2941 τως
366 2876 612 2948 κοσμικὰ
642 2877 736 2931 καὶ
766 2875 1051 2946 ἀνωφελῆ·
1086 2875 1166 2930 διὸ
1193 2875 1314 2929 οὐδὲ
1343 2874 1408 2929 λα
1418 2874 1637 2947 μόἀνει·
1668 2893 1686 2927 ι
1713 2875 1821 2944 Ζη-

252 2971 379 3029 τεῖτε
421 2969 555 3040 γὰρ,
597 2968 753 3039 φησι,
816 2967 909 3022 καὶ
960 2968 1022 3029 οὐ
1073 2966 1401 3040 λαμϐάνετε,
1450 2966 1587 3025 διότι
1633 2966 1820 3031 κακῶς

248 3061 489 3137 μῖτεῖσθε.
521 3081 543 3114 ι

318 3172 337 3206 ι
375 3151 564 3208 Ταῦτα
595 3150 913 3223 ἐντέλλομαι
940 3151 1091 3222 ὑμῖν,
1133 3150 1220 3207 ἵνα
1249 3151 1504 3221 ἀγαπᾶτε
1528 3150 1817 3223 ἀλλήλους.

1910 1963 2063 2032 juxta
2098 1962 2541 2033 consequentiam
2564 1961 2635 2015 ita
2667 1962 2845 2016 dicere
2872 1977 2887 2015 :
2918 1960 3266 2032 Quaecunque
3290 1961 3497 2031 petiver—

1912 2056 2035 2111 ritis
2079 2055 2321 2120 Patrem,
2358 2054 2506 2109 dabit
2569 2054 2724 2109 vobis
2760 2071 2773 2109 :
2808 2054 2903 2109 sed
2937 2053 3093 2122 dixit,
3137 2072 3155 2105 ι
3210 2051 3326 2123 Ego
3371 2053 3494 2108 dem

1913 2148 2089 2213 vobis,
2129 2165 2148 2199 ι
2185 2161 2250 2202 eo
2278 2146 2421 2217 quod
2445 2146 2667 2201 omnino
2699 2147 2773 2200 sit
2800 2145 3043 2216 ejusdem
3069 2146 3341 2215 potentiae,
3368 2145 3495 2214 quia

1915 2249 1970 2296 et
2015 2239 2177 2296 Pater
2216 2241 2311 2311 qui
2348 2241 2459 2303 dat,
2493 2255 2586 2309 per
2619 2241 2866 2311 dextram
2908 2255 3061 2296 suam
3090 2240 3184 2293 dat
3236 2255 3252 2293 :
3302 2239 3495 2293 dextra

1917 2343 2096 2389 autem
2136 2334 2254 2403 ejus
2297 2341 2381 2388 est
2426 2331 2617 2388 Filius.
2658 2332 2950 2389 Considera
2998 2342 3178 2388 autem
3230 2332 3332 2386 hoc
3376 2331 3497 2386 loco

1917 2427 2062 2495 quod
2083 2425 2301 2496 quando
2324 2425 2550 2495 plantati
2578 2422 2811 2478 fructum
2835 2422 3137 2486 all‘erimus,
3172 2430 3303 2478 tunc
3343 2437 3511 2494 ηυδε-ι’

1917 2530 2130 2584 cunque
2153 2513 2524 2585 petiverimus,
2554 2513 2701 2568 dabit
2731 2513 2908 2570 nobis.
2936 2513 2990 2568 Si
3023 2523 3200 2569 autem
3232 2529 3338 2569 non
3364 2515 3499 2571 ειπερ

1918 2606 2090 2662 rimus
2139 2603 2394 2671 fructum,
2425 2619 2535 2660 non
2577 2605 2889 2674 recipimus,
2934 2605 3059 2675 quia
3112 2604 3345 2660 fructum
3386 2605 3495 2661 non

1920 2693 2169 2762 ail'erens,
2218 2711 2400 2768 neque
2442 2696 2637 2751 anima:
2688 2696 2822 2767 petit
2884 2698 3059 2762 utilia,
3127 2698 3224 2754 sed
3270 2700 3496 2754 omnino

1920 2788 2192 2844 mundana
2224 2799 2279 2844 et
2310 2788 2517 2843 inutilia
2557 2805 2572 2842 :
2606 2787 2837 2858 ideoque
2866 2803 2970 2844 non
3012 2789 3213 2859 accipit
3247 2808 3261 2846 :
3301 2790 3498 2857 «Quaa-

1923 2880 2044 2937 ritis
2072 2881 2240 2947 enim,
2288 2880 2487 2953 inquit,
2533 2888 2588 2937 et
2619 2896 2724 2937 non
2748 2880 3015 2953 accipitis,
3049 2896 3115 2939 eo
3155 2884 3300 2955 quod
3353 2884 3498 2941 male

1923 2973 2119 3045 petatis
2138 2973 2203 3029 ".
2243 2991 2266 3028 ι

1992 3148 2157 3205 Vens.
2194 3147 2373 3205 17-19.
2408 3168 2427 3201 ι
2464 3149 2591 3206 Haec
2621 3150 2817 3207 mando
2845 3151 3020 3221 vobis,
3055 3161 3112 3207 ut
3141 3152 3380 3226 diligatis
3407 3154 3498 3210 in«

252 3245 310 3304 Ei
331 3248 357 3299 6
384 3246 593 3317 κόσμος
619 3245 764 3316 ὑμᾶς
796 3245 966 3315 μισεῖ,
1005 3241 1328 3314 γινώσκετε,
1350 3245 1433 3299 ὅτι
1461 3246 1562 3317 ἐμὲ
1600 3244 1817 3317 πρῶτον

1927 3242 2119 3298 vicem.
2141 3242 2198 3299 Si
2217 3242 2454 3298 mundus
2475 3257 2570 3297 vos
2593 3242 2724 3308 odit,
2751 3243 2903 3299 scitis
2919 3244 3061 3315 quod
3079 3260 3163 3300 me
3187 3247 3495 3316 priusquam

254 3338 392 3408 ὑμῶν
416 3337 752 3409 μεμίσηκεν.
784 3337 844 3389 El
866 3337 930 3389 ὲκ
952 3335 1045 3390 τοῦ
1076 3337 1285 3408 κόσμου
1315 3332 1436 3409 ἦτε,
1461 3337 1491 3391 6
1524 3337 1730 3408 κόσμος
1753 3338 1820 3392 ἂν

253 3429 308 3485 τδ
325 3428 448 3483 ἴδιον
474 3429 676 3498 ἐφίλει.
714 3428 839 3481 Ὅτι
864 3426 921 3480 δὲ
947 3429 1014 3481 ἐκ
1042 3428 1136 3483 τοῦ
1162 3429 1369 3499 κόσμου
1400 3430 1501 3484 οὐκ
1530 3429 1673 3494 ἐστὲ,
1706 3428 1821 3483 ἀλλ’

253 3521 353 3590 ἐγὼ
383 3520 718 3591 ἐξελεξάμην
746 3520 889 3591 ὑμᾶς
919 3520 984 3574 ὲκ
1012 3520 1104 3575 τοῦ
1126 3520 1354 3593 κόσμου,
1379 3520 1469 3581 διὰ
1495 3519 1653 3576 τοῦτο
1676 3523 1825 3593 μισεῖ

258 3614 386 3683 ὑμᾶς
416 3615 446 3667 6
478 3615 716 3682 κόσμος.
752 3631 772 3665 ι
812 3614 932 3668 Ὶνα
974 3614 1048 3684 μὴ
1080 3612 1303 3686 δόξωσιν
1327 3614 1704 3677 οῑάπόστολοι,
1740 3615 1822 3667 ὅτι

256 3705 512 3770 ὀνειδίζων
548 3707 582 3758 ὁ
618 3705 818 3775 Κύριος
867 3709 1130 3777 προφέρει
1162 3706 1366 3768 αὐτοῖς,
1408 3704 1469 3758 τὸ
1499 3704 1599 3776 τὴν
1645 3704 1824 3777 ψυχὴν

258 3799 411 3857 αὐτοῦ
448 3799 630 3857 θεῖναι
668 3798 809 3869 ὑπὲρ
837 3796 1037 3860 αὐτῶν,
1090 3799 1186 3852 καὶ
1238 3795 1298 3850 τδ
1340 3797 1680 3861 ἐκλέξασθαι,
1736 3796 1824 3851 διὰ

256 3894 403 3948 τοῦτό
431 3909 608 3965 φησιο
646 3912 664 3945 ι
702 3893 888 3951 Ταῦτα
936 3890 1254 3960 ἐντέλλομαι
1304 3891 1455 3959 ὑμῖν,
1516 3908 1535 3942 ι
1586 3890 1687 3962 οὐχ
1736 3890 1826 3942 ἵνα

257 3988 511 4053 ὀνειδίσω,
537 3986 654 4042 οὐδ’
676 3987 761 4039 ἴνα
787 3984 1309 4053 ἐπαλαζονεύσωμαι
1329 3984 1406 4047 ὡς
1434 3983 1825 4057 κατορθώματι

258 4096 375 4142 τινι,
404 4081 521 4133 ἀλλ’
553 4080 647 4134 ἵνα
673 4078 774 4142 τὰς
805 4078 958 4148 ὑμῶν
996 4076 1175 4147 ψυχὰς
1218 4076 1573 4155 βεϐαιοτέρας
1614 4078 1826 4148 ποιήσω

262 4173 314 4225 έν
341 4176 405 4243 τῇ
432 4173 571 4243 πρὸς
592 4171 851 4242 ἀλλήλους
874 4169 1086 4241 ἀγάπῃ,
1106 4168 1191 4222 διὰ
1211 4165 1372 4222 τοῦτο
1401 4166 1716 4238 ἀπαριθμοῦ
1726 4185 1823 4237 μαι

260 4262 321 4317 τὰ
366 4263 466 4333 τῆς
515 4263 661 4334 ἐμῆς
722 4262 860 4332 πρὸς
914 4261 1058 4331 ὑμᾶς
1112 4260 1332 4329 ἀγάπης
1395 4258 1821 4330 κατορθώματα.

265 4373 283 4405 r
318 4355 501 4410 Ταῦτα
528 4355 643 4425 γὰρ
678 4352 995 4423 ἐντέλλομαι
1035 4353 1184 4424 ὑμῖν,
1222 4350 1311 4405 ἵνα
1357 4352 1610 4420 ἀγαπᾶτε
1660 4351 1826 4422 ἀλλή-

258 4447 391 4514 λους.
432 4467 453 4502 ι
495 4449 654 4503 Ἐπεὶ
678 4447 734 4503 δὲ
770 4446 908 4518 βαρὺ
955 4446 1165 4519 χρῆμα,
1210 4446 1305 4500 καὶ
1330 4446 1534 4515 σφόδρα
1560 4442 1823 4515 λυπηρὸν,

1923 3350 2019 3392 vos
2040 3335 2163 3391 odio
2185 3335 2395 3392 habuit.
2420 3337 2476 3393 Si
2505 3340 2571 3394 de
2590 3338 2792 3392 mundo
2819 3335 3075 3401 fuissetis,
3100 3340 3331 3393 mundus
3353 3341 3496 3409 quod

1922 3444 2082 3485 suum
2115 3439 2197 3486 est
2231 3430 2482 3502 diligeret
2508 3444 2526 3485 :
2569 3431 2694 3501 quia
2726 3446 2855 3487 vero
2885 3433 2950 3488 de
2980 3432 3178 3487 nmndo
3205 3447 3309 3486 non
3341 3434 3496 3497 estis,

1923 3523 2018 3578 sed
2050 3538 2148 3592 ego
2193 3523 2326 3594 elegi
2380 3538 2478 3580 vos
2529 3524 2596 3580 de
2653 3525 2874 3591 mundo,
2931 3535 3215 3595 propterea
3249 3525 3366 3579 odit
3397 3541 3498 3581 vos

1925 3617 2178 3672 mundus.
2220 3636 2239 3669 ι
2280 3615 2348 3671 Ut
2385 3631 2452 3670 ne
2486 3615 2782 3685 Opinentur
2813 3616 3038 3685 apostoli
3071 3617 3213 3685 quod
3238 3614 3500 3671 Dominus

1925 3705 2261 3776 opprobrans
2292 3705 2530 3773 proferat
2556 3706 2637 3760 eis
2658 3706 2800 3774 quod
2825 3706 3057 3760 animum
3088 3722 3240 3761 stram
3271 3723 3365 3776 pro
3389 3688 3500 3761 illis

1925 3805 2110 3868 ponat,
2142 3808 2197 3851 et
2219 3797 2362 3865 quod
2380 3796 2537 3851 electi
2567 3796 2694 3861 sint,
2732 3794 2854 3852 ideo
2886 3797 3042 3862 dixit,
3078 3816 3097 3850 ι
3136 3798 3259 3853 Haec
3299 3800 3498 3852 mando

1927 3886 2100 3950 vobis,
2127 3903 2146 3938 ι
2170 3902 2272 3940 non
2300 3896 2353 3940 ut
2372 3889 2719 3957 exprobrem,
2738 3902 2912 3957 neque
2933 3898 2987 3943 ut
3007 3888 3073 3944 de
3102 3889 3246 3944 bono
3260 3890 3495 3960 quodam

1927 3991 2090 4046 opere
2106 3986 2422 4048 arroganter
2438 3977 2645 4047 loquar,
2665 3978 2759 4033 sed
2778 3989 2834 4033 ut
2851 3978 3059 4033 animas
3076 3989 3283 4036 vestras
3297 3979 3472 4035 firmio
3484 4011 3502 4024 -

1929 4086 2017 4126 res
2039 4070 2232 4125 faciam
2255 4070 2309 4124 in
2328 4070 2592 4125 cliaritate
2616 4082 2822 4134 mtuua,
2847 4071 3049 4127 idcirco
3078 4087 3337 4127 ent-mero
3364 4088 3499 4128 meae

1927 4178 2053 4232 erga
2079 4177 2177 4218 vos
2200 4162 2480 4219 charitatis
2508 4178 2693 4233 opera.
2723 4182 2742 4216 ι
2777 4163 2900 4219 Ιιαξο
2928 4164 3073 4219 enim
3104 4166 3297 4219 mando
3318 4166 3496 4226 vobis.

1928 4264 1987 4309 ut
2020 4253 2256 4326 diligatis
2304 4253 2555 4309 invicem.
2612 4273 2632 4307 ι
2683 4254 2819 4322 Quia
2871 4264 3049 4311 autem
3102 4270 3190 4311 res
3242 4260 3410 4313 ardua
3444 4269 3500 4313 et

1928 4347 2085 4401 valde
2112 4346 2336 4409 molesta
2352 4355 2437 4402 est
2460 4348 2885 4416 persecutionem
2909 4349 3040 4418 pati,
3062 4356 3116 4404 et
3134 4350 3260 4404 odio
3287 4350 3497 4417 haberi,

1927 4441 2242 4496 consolatur
2269 4457 2385 4505 eos,
2415 4440 2604 4497 dicens
2641 4458 2654 4497 :
2694 4441 2750 4495 Si
2792 4457 2889 4495 vos
2928 4442 3052 4497 odio
3103 4443 3333 4508 habent,
3366 4447 3502 4499 nihil

259 4540 317 4593 τδ
339 4540 654 4604 διώκεσθαι,
690 4539 784 4591 καὶ
829 4536 1127 4608 μισεῖσθαι.
1181 4536 1586 4608 παραμυθεῖται
1627 4536 1817 4597 αὐτοὺς

1931 4549 2129 4590 novum
2158 4543 2287 4590 est:
2331 4550 2454 4590 nam
2498 4543 2555 4589 et
2589 4549 2675 4588 me
2709 4533 2942 4603 primum
2991 4534 3118 4590 odio
3172 4536 3499 4601 habuerunt,
3542 4541 3553 4561 ‘

260 4630 445 4700 λέγων,
484 4632 573 4686 ὅτι
620 4628 683 4684 El
716 4631 812 4685 καὶ
844 4631 989 4701 ὑμᾶς
1012 4628 1280 4701 μισοῦσιν,
1306 4629 1459 4685 οὐδὲν
1484 4629 1701 4683 καινόν’
1733 4629 1829 4685 καὶ

261 4721 362 4793 γὰρ
407 4722 507 4794 ἐμὲ
556 4721 774 4790 πρῶτον
824 4720 1218 4791 μεμισήκασιν.
1252 4719 1414 4777 Ὥστε
1458 4720 1525 4789 τῇ
1576 4718 1831 4789 κοινωνίᾳ

261 4813 346 4867 τοῦ
386 4805 703 4885 μισεῖσθαι,
761 4812 836 4876 ὡς
899 4811 1108 4885 μεγάλῃ
1182 4809 1542 4882 παραμυθίᾳ,
1585 4808 1828 4879 ὀφείλετε

262 4906 576 4978 κεχρῆσθαι.
607 4905 833 4974 Ἐπόιγει
851 4904 908 4958 δὲ
931 4905 1025 4958 καὶ
1048 4904 1134 4958 ἓτε
1144 4921 1234 4975 ρον
1256 4903 1455 4975 τρόπον
1473 4900 1830 4975 παραμυθίας

262 4996 824 5068 ἀναγκαπικώτερον.
856 4996 1176 5059 Τοὺναντίον
1203 4997 1333 5068 γὰρ,
1382 4996 1570 5067 φησιν,
1602 4995 1709 5049 ἔδει
1737 4994 1829 5047 λυ-

266 5090 473 5144 πεῖσθαι
497 5089 668 5162 ὑμᾶς,
686 5090 734 5143 εί
753 5088 829 5161 μὴ
850 5088 996 5159 ὑμᾶς
1018 5087 1202 5158 ἐμίσει
1227 5090 1255 5142 6
1279 5086 1506 5159 κόσμος,
1529 5089 1829 5151 τουτέστιν,

262 5179 308 5239 οῖ
334 5180 562 5253 πονηροὶ
595 5179 893 5252 ἄνθρωποι.
936 5178 1272 5235 Ἐδεικνύετε
1304 5179 1411 5250 γὰρ
1439 5177 1504 5231 ἂν
1534 5180 1597 5231 ἐκ
1630 5179 1723 5232 τοῦ
1751 5180 1827 5251 μὴ

267 5272 556 5341 μισεῖσθαι,
588 5271 672 5325 δτι
697 5271 790 5324 καὶ
833 5270 987 5324 αὐτοὶ⁵
1020 5269 1121 5341 τῆς
1169 5268 1337 5340 αὐτῆς
1371 5267 1601 5331 ἐκείνοις
1629 5269 1828 5333 κακίας

265 5363 355 5421 καὶ
383 5363 650 5434 πονηρίας
693 5363 1019 5421 κοινωνεῖτε.
1075 5359 1191 5414 Νῦν
1239 5360 1296 5413 δὲ
1344 5359 1530 5432 ἐπειδὴ
1576 5356 1828 5429 μισοῦσιν

264 5454 403 5524 ὑμᾶς
422 5458 472 5517 οἱ
494 5454 744 5526 πονηροὶ,
774 5454 1018 5526 χαίρετε.
1047 5450 1146 5511 Διὰ
1179 5449 1288 5523 γὰρ
1316 5450 1413 5522 τὴν
1453 5450 1654 5522 ἀρετὴν
1683 5451 1826 5521 ὑμᾶς

268 5545 511 5612 μισοῦσιν
530 5560 546 5575 ο
578 5540 613 5615 ἦ
639 5547 746 5616 γὰρ
766 5548 853 5612 ἅν,
881 5546 974 5601 ἐὰν
998 5547 1099 5600 οὐκ
1123 5546 1297 5616 εἴχετε
1316 5544 1539 5616 ἀρετὴν,
1568 5549 1595 5601 6
1621 5548 1827 5616 κόσμος

264 5636 432 5711 ἐφίλει
460 5638 524 5691 τὸ
551 5637 702 5699 ἴδιον.
744 5639 895 5693 Ἐπεὶ
915 5639 973 5693 δὲ
1007 5657 1025 5691 ι
1054 5638 1166 5707 ἐγὼ
1188 5637 1519 5715 ἐξελεξάμην
1541 5638 1685 5710 ὑμᾶς
1709 5640 1772 5693 ὲκ
1803 5658 1822 5701 ρ

329 5815 373 5846 ⁵¹
400 5814 519 5872 Jac.
563 5832 633 5881 tv,
669 5817 722 5872 3.

628 5918 892 5978 ΡΑτκοι..
938 5915 1053 5975 Gn.
1102 5912 1382 5983 CXXIV.

1930 4636 2094 4696 atque
2127 4625 2199 4680 ita
2232 4626 2353 4695 quia
2384 4640 2672 4679 commune
2694 4623 2857 4697 715
2889 4626 2990 4681 hoc
3022 4641 3232 4682 mecum
3265 4627 3500 4693 habetis,

1932 4725 1992 4771 ut
2020 4717 2145 4772 odio
2185 4715 2514 4779 babeamiui,
2547 4715 2619 4770 sit
2648 4716 2805 4772 vobis
2858 4733 3064 4787 magna:
3108 4719 3501 4774 consolationis
3589 4718 3601 4734 ‘

1930 4808 2069 4865 loco.
2120 4808 2313 4864 Subdit
2360 4818 2541 4865 autem
2597 4815 2653 4865 et
2701 4809 2866 4864 alium
2914 4812 3224 4867 consolandi
3282 4815 3499 4869 modum

1931 4898 2299 4957 eonsolantem
2326 4901 2581 4955 maxime.
2605 4900 2806 4957 Contra
2838 4903 3004 4971 enim,
3030 4902 3183 4967 dicit,
3215 4903 3504 4974 oportebat

1932 5005 2028 5045 vos
2055 5004 2288 5047 maerore
2312 4990 2472 5057 allici,
2502 4993 2547 5048 si
2573 4995 2805 5050 mundus
2836 5009 2932 5050 vos
2963 5010 3066 5050 non
3107 4995 3330 5049 haberet
3351 4995 3499 5062 odio;

1933 5082 2186 5150 mundus,
2220 5084 2322 5139 hoc
2344 5092 2452 5151 est,
2481 5084 2606 5140 mali
2639 5087 2907 5143 homines.
2938 5084 3015 5141 Ex
3061 5102 3126 5142 eo
3158 5088 3304 5142 enim
3353 5087 3499 5157 quod

1934 5189 2039 5231 non
2070 5174 2403 5233 haberemini
2425 5179 2574 5244 odio,
2602 5181 2983 5236 ostenderetur
3009 5181 3150 5252 quod
3171 5188 3227 5235 et
3250 5179 3351 5248 ipsi
3382 5178 3500 5235 illo-

1935 5282 2051 5323 rum
2101 5268 2321 5326 malitiae
2369 5279 2426 5327 et
2469 5270 2739 5340 iniquitati
2783 5271 3297 5328 communiearetis:
3350 5287 3499 5326 nune

1932 5370 2111 5416 autem
2160 5361 2287 5431 quia
2325 5362 2450 5418 odio
2491 5376 2584 5417 vos
2623 5362 2825 5419 habent
2871 5362 3020 5429 mall,
3069 5363 3315 5434 gaudete.
3359 5362 3495 5418 Nam

1930 5465 2149 5525 propter
2191 5455 2447 5510 virtutem
2483 5464 2715 5511 vestram
2771 5471 2866 5511 vos
2894 5457 3144 5511 oderunt.
3193 5455 3409 5529 Alioqui
3448 5459 3497 5515 si

1932 5561 2037 5602 non
2065 5545 2259 5602 essetis
2301 5547 2504 5602 virtute
2532 5548 2760 5619 praditi,
2793 5548 3027 5603 mundus
3055 5564 3125 5620 qu
3145 5546 3200 5606 )d
3229 5564 3382 5606 suum
3413 5559 3498 5605 est

1932 5649 2158 5697 autaret.
2192 5638 2327 5706 Quia
2367 5649 2545 5696 autem
2580 5659 2601 5694 ι
2650 5640 2762 5710 Ego
2808 5655 2906 5697 vos
2952 5641 3090 5714 elegi
3118 5640 3183 5698 de
3232 5643 3431 5699 mundo
3467 5661 3488 5706 ι

3086 5913 3117 5987 7
