4056 6614
556 352 665 417 203
728 330 737 335 ’

1431 355 2007 417 TIIEOPIIYLACTl
2048 356 2462 420 BULGARIIE
2499 360 2855 422 ARCHIEP.

3716 363 3823 426 QOl

558 468 877 540 iniquitatis,
913 486 933 520 ι
993 477 1271 538 propterea
1322 466 1449 524 odio
1483 484 1577 523 vos
1615 470 1779 524 habet
1811 470 2064 538 mundus,
2100 490 2118 522 ι

2232 472 2328 542 τῆς
2356 491 2375 525 ι
2409 472 2504 527 τοῦ
2532 474 2741 544 κόσμου
2779 494 2798 527 ι
2827 473 3113 546 πονηρίας,
3141 496 3158 530 ι
3196 476 3284 531 διὰ
3315 476 3474 531 τοῦτο
3498 481 3652 550 μισεῖ
3682 482 3825 552 ὑμᾶς

556 565 633 619 uti
664 577 758 618 eos
787 563 878 632 qui
911 561 1166 631 operibus
1204 560 1318 617 suis
1353 578 1457 618 non
1487 562 1915 617 communicant.

625 749 787 802 Vsus.
833 745 1028 812 20,2l.
1059 764 1077 796 ι
1127 744 1450 801 Mementote
1497 745 1767 801 sermonis
1814 746 1919 801 mei
1969 763 2127 817 quem

544 858 650 913 =egu
671 842 777 895 dixi
810 839 982 894 vobis.
1010 837 1127 894 Non
1162 846 1243 894 est
1270 854 1457 893 servus
1477 839 1645 909 major
1669 839 1887 893 domino
1919 853 2037 893 suo.
2070 839 2124 893 Si

553 953 636 989 me
684 933 952 1004 persecuti
987 932 1208 997 fuerint,
1247 942 1300 984 ct
1329 946 1423 986 vos
1463 943 1871 1000 persequentur.
1910 930 1965 985 Si
1998 946 2129 986 ser-

551 1044 763 1083 monem
806 1041 983 1080 meum
1034 1032 1408 1088 servaverunt,
1453 1033 1507 1080 et
1534 1035 1773 1080 vestrum
1806 1025 2125 1081 servabunt.

550 1124 652 1179 Sed
685 1124 796 1178 haec
816 1120 995 1177 omnia
1027 1119 1231 1175 facient
1262 1117 1413 1173 vobis
1454 1127 1674 1188 propter
1698 1132 1895 1173 nomen
1925 1133 2124 1183 meum,

549 1218 673 1287 quia
719 1229 821 1270 non
862 1220 1132 1268 noverunt
1169 1225 1292 1267 eum
1327 1211 1416 1282 qui
1453 1211 1601 1265 misit
1646 1226 1755 1266 me.
1795 1227 1815 1263 ι
1851 1209 1962 1265 lloe
1983 1211 2125 1279 quod

546 1306 793 1375 superius
839 1304 992 1367 dixit,
1043 1321 1062 1355 ι
1105 1301 1186 1356 Me
1235 1302 1466 1371 priorem
1493 1300 1647 1355 vobis
1696 1302 1819 1355 odio
1852 1300 2060 1364 habuit,
2100 1318 2118 1351 ι

549 1400 597 1453 td
628 1411 770 1451 nunc
794 1394 1051 1460 dilatatis,
1078 1391 1334 1462 majorem
1363 1391 1467 1446 illis
1492 1389 1917 1446 consolationem
1946 1389 2122 1447 affert.

549 1491 686 1544 Dicit
729 1489 871 1544 enim
910 1503 926 1542 :
971 1506 991 1539 ι
1021 1486 1284 1541 Memores
1320 1485 1456 1540 .sitis
1510 1483 1775 1539 sermonis
1821 1482 1946 1548 mei,
1984 1483 2125 1552 quod

547 1595 654 1635 non
706 1579 777 1634 sit
809 1591 998 1634 servus
1043 1575 1220 1645 major
1252 1575 1470 1631 domino
1504 1588 1602 1629 suo
1634 1590 1649 1628 :
1684 1591 1704 1626 ι
1750 1573 1913 1643 igitur
1953 1586 2126 1642 neque

548 1688 640 1727 vos
679 1688 763 1726 me
795 1670 1046 1740 majores.
1078 1667 1272 1724 Videte
1323 1668 1490 1737 igitur
1544 1681 1652 1735 quo
1701 1672 1855 1735 pacto
1898 1680 1986 1720 me
2039 1665 2121 1720 usi

547 1774 690 1820 sunt.
726 1762 782 1819 Si
814 1760 1084 1833 persecuti
1128 1759 1346 1815 fuerunt
1387 1757 1696 1825 Dominum,
1723 1766 1777 1814 et
1816 1773 1909 1814 vos
1938 1773 2124 1813 servos

2236 566 2265 618 6
2299 564 2530 637 κόσμος,
2561 583 2582 616 ι
2620 566 2697 630 ὠς
2719 566 2797 640 μὴ
2831 570 3222 632 κοινωνοῦντας
3263 574 3373 635 τοῖς
3421 572 3600 641 ἔργοις
3634 574 3822 632 αὐτοῦ.

2311 760 2330 794 ι
2367 744 2751 815 Μνημονεύετε
2796 746 2890 801 τοῦ
2934 746 3115 815 λόγου,
3176 740 3237 800 οὗ
3289 747 3398 817 ἐγὼ
3445 745 3597 801 εἷπον
3656 749 3821 819 ὑμῖν

2236 836 2350 889 Οὐκ
2381 837 2496 890 ἔστι
2529 838 2714 903 δοῦλος
2763 838 2965 910 μείζων
2997 840 3090 893 τοῦ
3148 840 3333 911 κυρίου
3380 841 3561 894 αὑτοῦ.
3603 842 3669 893 Ei
3725 842 3821 910 ἐμῦ

2235 929 2481 997 ἐδίωξαν,
2515 932 2610 987 καὶ
2643 934 2785 1004 ὑμᾶς
2813 933 3124 998 διώξουσιν·
3152 936 3199 987 εί
3237 933 3328 987 τὸν
3367 934 3523 1002 λόγον
3559 951 3664 1003 μου
3697 933 3821 1002 ἐτή-

2237 1038 2428 1093 ρησαν,
2471 1024 2566 1077 καὶ
2612 1024 2702 1078 τὸν
2736 1024 3000 1096 ὑμέτερον
3039 1031 3391 1096 τηρήσουσιν.
3449 1025 3613 1078 Ἀλλὰ
3649 1025 3822 1079 ταῦτα

2235 1114 2416 1168 πάντα
2457 1116 2777 1186 ποιήσουσιν
2804 1116 2932 1195 ᾧμῖν
2963 1116 3049 1170 διά
3072 1118 3130 1170 τὸ
3155 1117 3325 1186 ὄνομά
3361 1135 3484 1187 μου,
3509 1118 3592 1170 ὅτι
3613 1117 3716 1171 οὐκ
3743 1118 3820 1170 oi-

2233 1205 2355 1259 δασι
2411 1207 2502 1260 τὸν
2564 1206 2861 1277 πέμψαντά
2916 1226 3004 1276 με.
3057 1227 3077 1261 ι
3130 1209 3308 1281 Ὅπερ
3365 1210 3476 1263 ἄνω
3529 1205 3710 1274 εἶπεν,
3743 1210 3821 1262 ὅτι

2241 1315 2260 1348 ι
2315 1297 2446 1368 Ἓμέ
2477 1299 2693 1371 πρῶτον
2722 1301 2874 1371 ὑμῶν
2906 1302 3180 1373 μεμίσηκε
3199 1343 3213 1367 ,
3255 1320 3272 1354 ι
3301 1302 3457 1356 τοῦτο
3485 1301 3581 1355 νῦν
3612 1302 3820 1358 πλατύ-

2231 1405 2378 1452 νων,
2434 1391 2530 1462 τὴν
2593 1392 2939 1463 παρηγορίαν
3004 1395 3190 1458 αὐτοῖς
3259 1395 3500 1466 ἐντίθησι
3574 1395 3817 1452 πλείονο.

2239 1497 2257 1532 ι
2301 1480 2597 1553 Μνήσθητε
2628 1482 2758 1556 γὰρ,
2794 1484 2948 1555 φησὶ,
2985 1485 3080 1539 τοῦ
3117 1485 3277 1553 λόγου
3313 1502 3437 1554 μου,
3474 1485 3555 1538 ὅτι
3583 1488 3686 1538 οὐκ
3709 1485 3817 1539 ἔστι

2231 1571 2416 1638 δοῦλος
2484 1575 2689 1646 μείζων
2771 1577 2867 1631 τοῦ
2924 1579 3118 1650 κυρίου
3167 1578 3397 1632 αὐτοῦ’»
3449 1578 3647 1631 οὐκοῦν
3703 1580 3818 1632 οὐδὲ

2230 1663 2390 1735 ὑμεῖς
2417 1665 2553 1736 ἐμοῦ
2597 1666 2864 1736 μείζονες.
2907 1668 3079 1721 Ἴδετε
3114 1668 3297 1722 τοίνυν
3331 1667 3447 1732 πῶς
3494 1669 3621 1737 ἐμοὶ
3652 1669 3815 1740 ἐχρή-

2214 1772 2413 1813 ’σαντα
2476 1758 2536 1812 Εἰ
2593 1757 2818 1824 ἐδέωξαν
2873 1759 2967 1812 τὸν
3005 1759 3280 1830 Δεσπότην
3310 1801 3325 1824 ,
3378 1761 3473 1815 καὶ
3524 1761 3817 1828 ὑμᾶῖτοὺς

546 1860 714 1916 multo
740 1859 910 1930 magis
935 1876 949 1913 :
975 1858 1020 1914 si
1045 1871 1129 1912 me
1146 1870 1250 1910 non
1272 1852 1536 1924 persecuti
1559 1850 1807 1916 fuissent,
1829 1849 1925 1906 sed
1947 1866 2124 1905 meum

2232 1850 2449 1913 δούλους
2474 1851 2652 1922 πολλῷ
2680 1852 2881 1922 μᾶλλον
2902 1867 2916 1882 ·
2941 1854 2989 1905 εί
3021 1851 3096 1923 μὴ
3123 1853 3368 1920 ἐδίωξαν,
3393 1852 3528 1906 ἀλλὰ
3553 1854 3649 1907 τὶν
3667 1852 3817 1920 λόγον

546 1968 850 2010 sermonem
878 1957 1212 2015 servassent,
1242 1955 1297 2002 ει
1322 1955 1560 2001 vestrum
1595 1945 1859 1999 servaturi
1890 1952 2075 1998 essent
2108 1958 2123 1997 ζ

545 2049 599 2104 id
632 2046 774 2118 quod
793 2059 898 2100 nou
924 2042 1038 2097 llet.
1070 2040 1253 2111 Neque
1288 2038 1432 2094 enim
1465 2051 1641 2090 meum
1674 2048 1847 2104 neque
1881 2044 2124 2090 vestrum

546 2141 861 2197 servabunt.
898 2155 918 2189 ι
953 2135 1057 2191 Sed
1092 2132 1275 2189 omnia
1326 2131 1439 2186 haze
1471 2129 1672 2185 facient
1709 2129 1863 2183 vobis
1909 2136 2127 2196 propter

546 2247 631 2287 me
662 2249 678 2287 :
716 2248 737 2283 ι
778 2238 940 2298 atque
986 2227 1059 2280 ita
1095 2224 1138 2279 si
1170 2221 1462 2293 diligeretis
1502 2235 1609 2285 me,
1645 2218 1992 2276 sustineretis
2026 2220 2128 2274 nti-

544 2338 648 2393 qne
676 2330 894 2393 propter
921 2333 1006 2373 me
1030 2331 1188 2385 quem
1222 2315 1467 2383 diligitis,
1488 2322 1547 2367 ut
1566 2313 1763 2367 dicitis.
1779 2311 1885 2367 Sed
1912 2320 1966 2366 et
1998 2310 2127 2365 illud

544 2417 704 2471 etiam
734 2429 829 2468 vos
864 2409 1194 2472 consoletur,
1240 2406 1366 2478 quia
1402 2405 1601 2475 injuria
1648 2403 1963 2458 allieiuntet
2001 2416 2126 2457 eum

534 2509 632 2578 qni
668 2521 756 2561 me
797 2503 964 2560 misit.
1014 2501 1200 2571 Itaque
1253 2501 1301 2557 si
1336 2498 1468 2553 nihil
1506 2496 1675 2561 aliud,
1725 2505 1872 2551 certe
1918 2496 2021 2550 hoc
2059 2496 2131 2549 sit

545 2601 694 2655 vobis
725 2600 781 2655 in
803 2595 1255 2658 consolationem,
1294 2590 1436 2660 quod
1460 2588 1559 2659 ipsi
1589 2598 1646 2645 et
1676 2587 1873 2653 vestri,
1902 2597 1959 2642 et
1999 2587 2129 2653 mei,

544 2688 797 2745 ct‘Patris
826 2687 928 2741 mei
966 2685 1074 2740 sint
1102 2683 1331 2738 inimici.

611 2779 777 2835 Vsus.
801 2775 994 2837 22-25.
1045 2791 1064 2825 ι
1100 2773 1157 2829 Si
1193 2787 1301 2827 non
1342 2771 1634 2838 venissem,
1664 2778 1720 2826 et
1752 2769 1963 2826 locutus
1990 2768 2130 2825 fuis-

545 2889 656 2932 sem
682 2874 783 2938 eis,
825 2879 1105 2942 peccatum
1139 2882 1245 2922 non
1277 2865 1540 2920 baberent
1569 2881 1586 2922 :
1616 2878 1759 2919 nunc
1803 2875 1981 2920 autem
2021 2877 2129 2917 non

546 2968 745 3022 habent
778 2964 919 3035 quod
955 2969 1251 3032 praetexam
1277 2949 1501 3029 peccato
1522 2972 1640 3011 suo.
1670 2956 1771 3023 Qui
1807 2970 1893 3010 me
1922 2955 2059 3023 odit,
2085 2955 2131 3011 is

545 3071 597 3115 et
623 3059 833 3113 P.trezn
857 3069 1033 3109 meum
1054 3051 1188 3108 odit.
1210 3051 1268 3107 Si
1286 3064 1447 3120 Opera
1469 3063 1573 3103 non
1601 3048 1851 3104 fecissem
1879 3048 2018 3103 inter
2038 3062 2131 3104 eos

545 3166 663 3222 qua:
686 3162 842 3204 nemo
864 3147 1000 3203 alius
1022 3144 1173 3212 fecit,
1203 3150 1484 3213 peccatum
1518 3155 1623 3195 non
1658 3140 1954 3195 haberent:
1987 3154 2127 3194 nunc

545 3257 723 3298 autem
761 3248 817 3297 et
849 3240 1119 3317 viderunt,
1155 3246 1209 3292 et
1254 3236 1488 3291 oderunt
1536 3248 1643 3288 non
1679 3233 1851 3289 solum
1885 3247 1991 3298 me,
2025 3246 2125 3287 ve—

545 3351 664 3391 rum
701 3335 864 3390 etiam
899 3342 953 3388 et
1006 3329 1224 3387 Patrem
1276 3344 1456 3385 meum
1492 3345 1508 3384 :
1539 3327 1633 3383 sed
1681 3336 1738 3382 ut
1789 3326 2126 3396 compleatur

545 3443 722 3482 sermo
748 3428 844 3495 qui
876 3425 928 3478 in
970 3426 1084 3494 lege
1125 3437 1317 3476 eorum
1351 3422 1584 3491 scriptus
1618 3428 1722 3484 est,
1764 3420 1891 3476 odio
1925 3421 2123 3474 habue-

544 3530 670 3574 runt
699 3533 785 3573 me
813 3516 1001 3588 gratis.
1043 3533 1063 3568 ι
1100 3512 1237 3569 Num
1270 3522 1451 3569 autem
1481 3513 1647 3583 juste,
1675 3512 1871 3580 inqnit,
1908 3511 2019 3565 haec
2044 3509 2126 3563 fa-

542 3613 709 3674 ciunt,
729 3620 784 3665 et
803 3612 927 3664 odio
956 3610 1158 3663 habent
1176 3617 1228 3661 et
1251 3621 1357 3671 me,
1382 3618 1438 3661 et
1456 3602 1672 3660 Patrem
1692 3619 1894 3668 meum,
1913 3614 1967 3658 et
1994 3603 2127 3657 vos?

541 3721 666 3759 num
700 3713 983 3774 propterea
1016 3716 1138 3771 quae
1167 3700 1278 3755 dixi
1325 3698 1411 3753 vel
1447 3698 1570 3765 feci,
1604 3698 1743 3753 hanc
1774 3707 2009 3752 mentem
2046 3697 2125 3750 in~

540 3793 927 3867 sumpserunt?
961 3792 1100 3857 Non,
1134 3792 1349 3862 inquit:
1395 3801 1682 3861 peccatum
1725 3790 1870 3845 enim
1903 3788 2005 3843 hoc
2040 3789 2122 3842 in-

540 3885 894 3942 condonabile
936 3895 1038 3939 est.
1079 3882 1328 3952 Nunquid
1359 3884 1503 3937 enim
1535 3897 1641 3937 non
1672 3882 1792 3937 veni
1836 3890 1891 3935 et
1929 3880 2126 3936 docui?

542 3979 597 4035 St
629 3994 733 4035 nOn
760 3979 1045 4039 venissem,
1078 3976 1123 4029 si
1158 3989 1263 4029 non
1304 3975 1525 4030 fuissem
1570 3973 1782 4029 locutus
1811 3973 1878 4040 “,
1915 3974 2124 4042 potuis-

539 4082 663 4127 sent
694 4072 896 4132 dicere,
934 4067 1052 4122 Non
1092 4066 1423 4123 audivimus.
1452 4063 1607 4120 Nune
1634 4075 1815 4120 autem
1858 4076 2123 4136 praetextu

539 4174 689 4233 caret
736 4153 926 4219 eorum
979 4160 1204 4217 malitia.
1256 4161 1388 4215 Dein
1436 4160 1562 4229 quia
1609 4159 1743 4214 nihil
1792 4158 1937 4213 aliud
1991 4176 2128 4230 prat-

542 4258 797 4312 tcxebant
850 4258 903 4310 in
948 4254 1218 4320 omnibus,
1264 4267 1423 4322 quam
1471 4252 1617 4323 quod
1645 4263 1867 4321 propter
1911 4250 2127 4306 Patrem

539 4350 870 4406 ulciscantur
902 4350 1001 4418 (sic
1040 4346 1184 4402 enim
1226 4345 1431 4411 dicunt,
1481 4344 1654 4401 Homo
1688 4345 1854 4417 716
1903 4347 1993 4401 hic
2021 4363 2125 4400 non

538 4452 621 4498 est
647 4459 675 4494 a
715 4441 844 4506 Deo,
865 4451 918 4494 et
944 4436 1186 4510 similia),
1205 4437 1407 4493 idcirco
1428 4437 1609 4492 subdit
1635 4452 1649 4491 :
1673 4455 1690 4488 ι
1705 4439 1806 4502 Qui
1830 4452 1914 4490 me
1926 4438 2057 4504 odit,
2075 4448 2129 4491 et

527 4532 752 4589 il‘atrem
809 4548 987 4589 meum
1045 4531 1168 4586 odio
1214 4532 1374 4586 habet
1420 4546 1435 4583 :

539 4630 782 4684 relictum
819 4636 902 4683 est
924 4627 1003 4693 ejs
1035 4626 1086 4680 in
1117 4623 1548 4679 excusationem.
1577 4619 1696 4676 Non
1736 4622 1910 4679 solum
1939 4635 2117 4676 autem

537 4722 835 4777 doctrinam
871 4718 1110 4783 exhibui,
1134 4717 1225 4771 sed
1249 4724 1302 4770 et
1326 4729 1489 4785 opera
1519 4714 1712 4782 atljcci,
1733 4713 1912 4784 qualia
1943 4713 2120 4769 nullus
2167 4784 2174 4791 Π

536 4809 696 4875 alius,
726 4819 784 4862 ut
810 4820 893 4862 est
924 4806 1248 4861 miraculum
1281 4807 1345 4860 de
1376 4819 1544 4869 czeco,
1577 4802 1891 4859 miraculum
1921 4805 1988 4860 de
2015 4803 2122 4859 La-

538 4920 686 4968 zaro,
719 4911 772 4957 et
813 4900 917 4954 alia
955 4898 1228 4953 similiter.
1259 4896 1430 4964 Quam
1467 4897 1628 4967 igitur
1653 4897 1927 4953 habebunt
1954 4912 2122 4953 excu-

537 4991 1176 5052 sationem'lDuctrinam
1226 5004 1538 5044 sermonum
1588 4990 1814 5057 praebui,
1854 4990 2024 5060 atljeci
2071 4999 2127 5045 et

536 5101 723 5159 Opera,
774 5086 914 5140 sicut
961 5093 1014 5137 et
1048 5080 1228 5137 Moses
1281 5080 1545 5152 prxcipit,
1592 5082 1666 5136 illi
1696 5081 1743 5113 “
1770 5082 2123 5137 obediendum

538 5183 823 5246 mandans,
849 5178 941 5247 qui
966 5186 1020 5231 et
1050 5176 1204 5245 signa
1236 5175 1460 5242 faceret,
1490 5186 1543 5230 et
1570 5177 1827 5246 pietatem
1883 5176 2123 5231 doceret-

543 5293 560 5326 ι
600 5273 753 5328 Nune
797 5281 979 5327 autem
1009 5268 1263 5323 viderunt
1295 5285 1314 5319 ι
1364 5267 1491 5336 talia
1525 5283 1711 5337 opera,
1744 5277 1799 5322 ct
1849 5267 2123 5322 nihilomi-

540 5383 640 5421 nus
672 5383 691 5417 ‹
729 5363 814 5419 Me
863 5373 1026 5431 atque
1076 5359 1292 5415 Patrem
1326 5357 1452 5413 odio
1494 5360 1821 5414 habuerunt.
1859 5377 1879 5411 ι
1920 5357 2122 5414 Deinde

540 5458 792 5513 subditet
820 5454 1140 5526 prophetam
1165 5459 1360 5505 testem
1389 5466 1402 5504 :
1442 5448 1713 5505 «Oderunt
1747 5452 2067 5521 me‘gratis.
2098 5467 2117 5500 ι

537 5550 675 5605 Nam
712 5560 930 5618 propter
955 5544 1127 5602 solam
1158 5544 1419 5598 ntalitiam
1460 5554 1514 5598 et
1544 5544 1742 5598 nullam
1794 5544 1953 5597 aliam
1995 5558 2123 5597 can-

539 5658 654 5709 sam
679 5648 863 5695 uatum
896 5648 982 5693 Bal
1016 5641 1117 5693 hoc
1142 5637 1347 5692 odium.
1378 5634 1577 5706 Legem
1623 5648 1799 5693 autem
1833 5654 1934 5692 non
1976 5636 2118 5691 solos

614 5819 659 5852 ⁸³
686 5815 845 5876 Juan.
881 5832 972 5881 xv,
1008 5816 1098 5875 ΞΕ.
1180 5816 1404 5872 6"Deut.
1432 5831 1488 5879 ll,
1526 5816 1608 5881 ιζ).

2154 3190 2202 3254 C

2234 1960 2339 2013 μου
2368 1945 2668 2015 ἐτήρησαν,
2714 1944 2809 2000 καὶ
2842 1942 2936 1998 ’ὢν
2975 1944 3245 2017 ὑμέτερον
3274 1947 3631 2015 τηρήσουσιν.
3682 1944 3815 1997 Ἀλλ’

2228 2036 2329 2089 οὐκ
2361 2035 2477 2089 ἐστι
2505 2035 2665 2091 τοῦτο
2687 2053 2700 2068 ·
2736 2035 2859 2090 οὔτε
2899 2037 3008 2109 γὰρ
3037 2037 3128 2091 τὸν
3170 2038 3323 2107 ἐμὸν,
3352 2039 3477 2092 οὔτε
3498 2039 3592 2093 τὸν
3624 2037 3817 2107 ὑμέτε-

2235 2144 2327 2198 ρον
2375 2130 2729 2200 τηρήσουσιν.
2766 2149 2784 2183 ι
2837 2130 2999 2183 Ἀλλὰ
3051 2129 3221 2185 ταῦτα
3270 2132 3449 2185 πάντα
3499 2133 3813 2201 ποιήσουσιν

2230 2220 2358 2291 ὑμῖν
2389 2221 2455 2273 δι’
2489 2222 2610 2291 ἐμέ.
2652 2240 2671 2273 ι
2714 2222 2877 2276 Ὥστε
2915 2223 2964 2275 εί
3012 2223 3263 2292 ἀγαπᾶτέ
3297 2240 3386 2293 με.
3424 2224 3620 2295 φέρετε
3654 2224 3690 2277 δι
3718 2224 3812 2277 πά-

2230 2328 2384 2381 σχετε
2434 2312 2501 2365 δι’
2546 2313 2646 2383 ἐμὲ
2693 2314 2785 2367 τὸν
2840 2314 3227 2385 ἀγαπώμενον,
3274 2316 3349 2379 ὡς
3405 2316 3616 2384 λέγετε.
3661 2312 3814 2370 Ἀλλὰ

2234 2406 2328 2458 καὶ
2362 2406 2550 2475 ἓτερον
2585 2405 2722 2477 πρὸς
2761 2406 3140 2477 παραμυθίαν,
3164 2407 3248 2460 ὅτι
3274 2407 3367 2459 καὶ
3400 2406 3491 2459 τὸν
3525 2406 3813 2477 πέμψαντά

2234 2513 2303 2565 με
2335 2497 2810 2569 συνεξυδρίζουσιν
2841 2499 2990 2567 ὑμίν.
3024 2499 3084 2551 Εί
3138 2500 3211 2569 μή
3255 2516 3307 2552 τι
3347 2494 3439 2553 οὖν
3481 2499 3635 2563 ἄλλο,
3667 2497 3816 2552 τοῦτο

2231 2588 2383 2659 ἔστω
2407 2589 2537 2659 ὑμῖν
2586 2590 2666 2653 είς
2706 2591 3072 2661 παρηγορίαν,
3117 2591 3197 2644 ὅτι
3232 2591 3282 2644 oi
3327 2590 3483 2644 αὐτοὶ
3511 2593 3608 2643 καὶ
3647 2590 3812 2661 ὑμῶν,

2232 2682 2327 2735 καὶ
2352 2682 2510 2751 ἐμοῦ,
2544 2683 2638 2735 καὶ
2668 2683 2764 2737 τοῦ
2803 2679 3012 2756 Πατρός
3049 2702 3152 2752 μου
3183 2684 3393 2755 ἐχθροί.

2310 2792 2329 2826 ε
2368 2774 2430 2826 Ei
2461 2773 2536 2846 μὴ
2570 2769 2754 2846 ἦλθον,
2786 2776 2881 2829 καὶ
2911 2774 3149 2845 ἐλάλησα
3170 2776 3378 2841 αὐτοῖς,
3416 2775 3695 2846 ἁμαρτίαν
3723 2774 3814 2831 οὐκ

2233 2860 2410 2936 εἶχον·
2443 2867 2539 2920 νῦν
2572 2867 2629 2921 δὲ
2677 2867 2951 2939 πρόφασιν
2980 2867 3080 2921 οὐκ
3123 2867 3306 2939 ἔχουσι
3349 2868 3479 2938 περὶ
3506 2869 3609 2938 τῆς
3643 2869 3813 2938 ἅμαρ-

2230 2958 2351 3022 τίας
2370 2958 2573 3015 αὐτῶν.
2607 2959 2664 3015 Ὀ
2681 2960 2780 3032 ἐμὲ
2813 2959 3011 3031 μισῶν,
3031 2960 3126 3014 καὶ
3150 2961 3239 3013 τὸν
3270 2961 3490 3032 Πατέρα
3521 2978 3628 3031 μου
3656 2962 3809 3032 μισεῖ.

2232 3048 2299 3103 Ei
2338 3049 2403 3103 τά
2425 3050 2561 3122 ἔργα
2593 3051 2667 3121 μὴ
2693 3052 2922 3123 ἐποίησα
2947 3054 3005 3105 ἐν
3035 3052 3240 3116 αὐτοῖς,
3276 3052 3312 3107 ἃ
3335 3053 3509 3116 οὖδ;ὶ;
3539 3052 3699 3116 ἄλλος
3724 3069 3809 3105 πε·

2234 3142 2482 3214 ποίηκεν,
2514 3143 2789 3214 ἁμαρτίαν
2818 3144 2918 3197 οὐκ
2958 3140 3124 3214 εἴχον.
3154 3143 3268 3197 Νῦν
3293 3144 3349 3198 δὲ
3386 3146 3479 3198 καὶ
3510 3144 3804 3215 ἑωράκασι,

2231 3234 2324 3286 καὶ
2351 3236 2713 3306 μεμισήκασι,
2729 3237 2821 3289 καὶ
2838 3236 2957 3305 ἐμὲ,
2980 3238 3075 3290 καὶ
3097 3237 3188 3289 τὸν
3210 3237 3427 3308 Πατέρα
3452 3253 3579 3307 μου,
3602 3235 3809 3290 ἀλλ’ἵνα

2238 3325 2499 3396 πληρωθῇ
2523 3328 2551 3379 6
2585 3326 2741 3395 λόγος
2766 3327 2794 3381 6
2824 3328 3209 3398 γεγραμμένος
3237 3329 3296 3380 ἐν
3331 3328 3407 3398 τῷ
3436 3328 3591 3399 νόμῳ
3621 3326 3809 3393 αὐτῶν,

2232 3417 2312 3471 ὅτι
2348 3417 2646 3488 Ἐμίσησάν
2680 3435 2748 3489 με
2781 3418 3011 3490 δωρεάν.
3055 3438 3074 3473 ι
3110 3416 3260 3491 Ἀρα
3293 3419 3348 3473 δὲ
3376 3420 3605 3483 δικαίως
3649 3417 3807 3472 ταῦτα

2232 3509 2519 3577 ποιοῦσιν,
2568 3512 2662 3565 καὶ
2718 3511 2936 3582 μισοῦσι
2990 3515 3102 3577 καὶ,
3135 3512 3258 3583 ἐμὲ,
3304 3513 3399 3565 καὶ
3451 3513 3543 3566 τὸν
3602 3510 3806 3581 Πατέρα

2236 3610 2469 3677 poema".
2495 3608 2525 3660 ὑ
2536 3608 2666 3679 pic;
2697 3603 2805 3679 ἆρα
2836 3609 2999 3680 ἡτῶν
3025 3608 3327 3680 λεχθέντων
3354 3608 3385 3680 ἢ
3418 3607 3530 3662 τῶν
3556 3607 3809 3680 πραχθέν·

2231 3714 2339 3753 των
2370 3700 2530 3770 χάριν
2562 3700 2818 3770 τοιαύτην
2854 3698 3081 3771 γνώμην
3116 3701 3498 3766 ἐπεδείξαντο“;
3531 3702 3688 3770 Οὐχὶ,
3717 3716 3806 3769 φη-

2233 3790 2348 3843 σίνι
2386 3790 2786 3860 ’ἀσύγγνωστος
2832 3792 2941 3862 γὰρ
2976 3794 3009 3863 ἡ
3047 3793 3292 3863 ἁμαρτία
3337 3794 3537 3849 αὐτῶν.
3576 3792 3669 3865 Μὴ
3708 3791 3806 3862 γὰρ

2231 3883 2329 3935 οὐκ
2351 3877 2536 3956 ἦλθον,
2563 3885 2656 3937 καὶ
2685 3881 2902 3950 ἐδίδαξα
2925 3903 2939 3954 ;
2968 3886 3028 3938 Ei
3060 3886 3133 3956 μὴ
3160 3882 3346 3957 ἦλθον,
3372 3888 3419 3939 εί
3450 3886 3525 3958 μὴ
3553 3886 3802 3955 ἐλάλησα,

2232 3968 2378 4043 εἶχον
2418 3974 2483 4028 ἂν
2532 3975 2686 4028 αὐτοὶ
2723 3975 2923 4045 λέγειν,
2961 3975 3037 4038 ὡς
3085 3977 3200 4031 Οὐκ
3251 3976 3572 4047 ἠκούσαμεν
3597 3993 3611 4008 ο
3642 3974 3731 4029 νῦν
3757 3974 3805 4029 δὲ

2233 4066 2647 4137 ἀπροφάσιστος
2675 4069 2708 4138 ἡ
2740 4069 2977 4140 πονηρία
3015 4069 3216 4123 αὐτῶν.
3262 4055 3397 4123 Εἶτα
3441 4070 3630 4141 ἐπειδὴ
3667 4067 3804 4122 οὐδὲν

2233 4158 2360 4211 ἄλλο
2387 4160 2815 4230 προεφασίζοντο
2847 4159 3148 4235 πανταχοῦ,
3182 4142 3231 4214 ἐι
3270 4161 3345 4233 μὴ
3382 4162 3440 4215 τὸ
3472 4160 3566 4214 τὸν
3604 4159 3803 4228 Πατέρα

2233 4250 2468 4305 ἐκδικεῖν
2492 4252 2538 4319 (ι
2573 4244 2742 4317 Οὗτος
2769 4252 2898 4324 γὰρ,
2930 4255 3118 4325 φησὶν,
3149 4256 3175 4307 6
3204 4252 3511 4325 ἄνθρωπος,
3545 4255 3648 4308 οὐκ
3674 4252 3803 4304 ἐστιν

2235 4344 2299 4396 ἐκ
2330 4344 2422 4395 τοῦ
2457 4343 2613 4411 Θεοῦ,
2654 4362 2673 4395 ι
2722 4346 2817 4398 καὶ
2858 4345 2926 4398 τὰ
2956 4344 3243 4417 τοιαῦτα),
3267 4345 3354 4400 διὰ
3388 4345 3545 4399 τοῦτο
3588 4343 3804 4411 ἐπάγει·

2240 4454 2259 4488 ‹
2308 4437 2368 4489 Ὀ
2397 4438 2494 4506 ἐμὲ
2525 4437 2721 4509 μισῶν,
2754 4438 2865 4507 καὶ,
2890 4439 2981 4492 τὸν
3006 4439 3225 4511 Πατέρα
3264 4456 3366 4509 μου
3398 4441 3577 4509 μισεῖ·
3628 4456 3646 4490 ι
3675 4436 3802 4489 ὥστε

1483 4548 1502 4582 ι
1536 4537 1702 4597 atque
1733 4528 1807 4583 ita
1857 4528 1986 4583 nihil
2023 4529 2124 4584 tale

2234 4531 2354 4585 οὐδὲ
2401 4531 2560 4586 τοῦτο
2618 4534 2803 4598 αὐτοῖς
2848 4535 2927 4598 είς
2961 4534 3257 4602 ἀπολογίαν
3304 4532 3708 4586 ἀπολέλειπται.
3737 4525 3800 4580 Οὐ

2233 4622 2392 4693 μόνον
2431 4622 2489 4674 δὲ
2534 4622 2882 4677 διδασκαλίαν
2936 4625 3317 4694 παρεσχόμην,
3360 4623 3496 4677 ἀλλὰ
3542 4625 3637 4676 καὶ
3682 4620 3801 4689 ἔργα

2231 4715 2569 4789 προσέθηκα,
2620 4711 2707 4769 οἷα
2762 4716 2936 4779 οὐδεὶς
2982 4717 3177 4779 ἄλλος·
3241 4712 3452 4769 οἷονντὺ
3490 4714 3587 4768 τοῦ
3619 4706 3801 4780 τυφλοῦ

2234 4807 2442 4878 Θαῦμα,
2486 4807 2544 4860 τὸ
2571 4807 2665 4860 τοῦ
2691 4808 2964 4880 Λαζάρου,
2999 4809 3093 4861 καὶ
3124 4810 3171 4862 τ’
3212 4807 3347 4863 ἄλλα
3388 4808 3609 4879 ὁμοίως.
3652 4803 3800 4857 Ποίαν

2233 4898 2325 4954 οὖν
2377 4898 2593 4969 ἔχουσιν
2631 4898 2959 4968 ἀπολογίανς
3000 4900 3110 4970 Τὴν
3156 4900 3264 4954 ἀπὸ
3306 4899 3413 4952 τῶν
3455 4899 3628 4966 λόγων
3670 4893 3797 4948 6:61-

2229 4991 2458 5044 σκαλίαν
2503 4992 2883 5061 παρεσχόμην,
2925 4990 3023 5062 τὴν
3075 4991 3182 5044 ἀπὸ
3236 4991 3343 5044 τῶν
3400 4990 3575 5060 ἔργων
3650 4994 3791 5054 7.906-

2229 5084 2403 5155 ἑθηκα
2423 5099 2438 5113 ⁸
2466 5084 2644 5147 καθὼς
2700 5084 2795 5137 καὶ
2843 5087 2872 5137 6
2896 5085 3156 5154 ⁵Μωῦσῆς
3188 5083 3580 5147 διακελεύεται,
3626 5078 3797 5142 ἐκείνῳ

2233 5178 2518 5231 πείῡεσθαι
2544 5175 2950 5242 ἐντελλόμενος,
2985 5176 3061 5247 τῷ
3087 5176 3182 5228 καὶ
3207 5178 3407 5246 σημεῖα
3433 5172 3688 5229 ποιοῦντι.
3717 5164 3797 5218 καὶ

2231 5272 2299 5324 τά
2346 5271 2481 5340 πρὸς
2518 5269 2803 5324 εὐσέϐειαν
2850 5270 3175 5323 διδάσκοντι.
3221 5289 3238 5321 ι
3274 5269 3386 5322 Νῦν
3432 5268 3487 5321 δὲ
3522 5269 3614 5320 καὶ
3642 5260 3798 5331 ἑωρά-

2226 5377 2354 5414 κασι
2400 5379 2420 5412 ι
2467 5360 2692 5414 τοιαῦτα
2754 5360 2914 5431 ἔργα,
2972 5362 3067 5413 καὶ
3112 5360 3262 5429 ὅμως
3302 5375 3320 5409 t
3374 5357 3533 5427 Κσμέ
3580 5353 3671 5407 καὶ
3715 5347 3794 5399 τὸν

2227 5454 2446 5525 Πατέρα
2507 5471 2609 5526 μου
2665 5457 3061 5525 μεμισήκασιν.
3107 5472 3124 5504 ι
3173 5448 3307 5505 Εἶτα
3356 5454 3552 5520 ἐπάγει
3587 5445 3677 5501 καὶ
3718 5439 3794 5493 τὸν

2230 5548 2514 5616 προφήτην
2558 5546 2832 5617 μάρτυρα,
2864 5545 2946 5599 ὅτι
3000 5562 3017 5596 ι
3067 5537 3368 5613 Ἐμίσησάν
3405 5558 3473 5612 με
3516 5535 3733 5610 δωρεάν.
3775 5544 3791 5577 ι

2229 5638 2326 5691 Διά
2361 5654 2471 5708 γάρ
2502 5638 2790 5709 πονηρίλν,
2834 5638 2988 5711 φησὶ,
3024 5637 3190 5707 μόνην
3228 5634 3421 5706 ἐτέχῡη
3451 5632 3511 5685 τὸ
3546 5633 3713 5704 μῖσος,
3741 5617 3793 5673 οὗ
