4056 6578
198 415 303 476 30')

886 406 1333 469 ENARRATIO
1362 405 1446 469 IN
1483 404 1985 473 EVANGELIUM
2017 402 2364 465 JOANNIS.
2428 428 2501 440 --
2534 400 2693 463 CAP.
2726 402 2851 463 XV.

3344 402 3452 470 ΞΜ

201 531 265 582 δι’
285 525 461 580 αἰτίαν
481 522 662 592 ἄλλην.
690 519 872 589 Νὸμον
912 519 991 584 δὲ,
1022 521 1098 582 ὡς
1130 519 1389 582 πολλάκις
1425 520 1672 589 εἴπομεν,
1706 518 1768 569 ού

1883 515 2043 570 libros
2099 506 2230 568 Mosi
2283 513 2433 599 dicit,
2491 511 2585 567 sed
2634 519 2689 567 et
2745 510 3149 580 pregtlietarum.
3197 519 3259 564 ut
3309 528 3455 580 same

202 617 361 688 μόνον
399 614 488 665 τὸν
520 609 835 673 Μωσαῖκὺν,
868 608 1005 662 ἀλλὰ
1048 607 1147 667 καὶ
1195 608 1293 671 τὰς
1319 605 1429 661 τῶν
1473 603 1766 676 προφητῶν

199 706 413 777 βίϐλους
450 702 632 773 φησιν,
664 700 855 771 ὥσπερ
886 695 981 753 οῦν
1019 696 1302 753 κάνταῦθα
1331 697 1430 768 τὴν
1473 696 1567 750 τοῦ
1605 694 1770 749 Δαυτδ

198 799 356 865 νόμον
389 794 690 864 ὠνόμασεν.
733 792 792 845 Ὀ
846 792 943 862 μὲν
975 789 1066 844 οῦν
1111 789 1273 843 Δαυῖδ
1320 788 1598 859 Πνεύματι
1629 787 1771 859 ἁγίῳ

196 884 586 961 προανειρὼνει,
635 886 664 938 ὃ
697 884 924 954 ἔμελλεν
980 884 1014 951 ἡ
1062 881 1244 936 αὐτῶν
1289 882 1523 951 πονηρία
1562 883 1767 934 ποιεῖν’

197 980 347 1039 αὐτοὶ
394 980 453 1032 δὲ
495 977 713 1040 πάντως
743 975 819 1039 ὡς
853 975 1080 1046 πονηροὶ
1109 973 1171 1028 τὸ
1220 972 1513 1044 προλεχθέν
1543 972 1650 1025 ύπδ
1676 970 1771 1025 τοῦ

197 1070 477 1139 προφήτου
515 1069 860 1137 ἐπλήρωσαν,
910 1067 1005 1121 καὶ
1055 1066 1155 1136 τὴν
1207 1065 1548 1136 προφητείαν
1596 1061 1772 1134 ἀληθῆ

197 1161 422 1228 ἔδειξαν.
526 1174 560 1250 ’ν
665 1249 713 1250 Π
1023 1212 1045 1250 μ’

266 1268 286 1303 ι
322 1252 493 1303 Ὅταν
521 1249 578 1303 δὲ
635 1249 763 1320 ἔλθῃ
805 1251 832 1303 ό
887 1247 1262 1319 Παρᾶκλητος,
1313 1248 1373 1301 ὃν
1420 1247 1531 1316 ἐγὼ
1571 1247 1773 1319 πέμψω

197 1343 319 1412 ὑμῖν
353 1341 505 1413 παρὰ
545 1342 639 1395 τοῦ
669 1340 903 1412 Πατρδς,
935 1340 995 1395 τδ
1035 1340 1261 1411 Πνεῦμα
1307 1339 1409 1410 τῆς
1438 1339 1717 1411 ἀληθείας,
1748 1338 1776 1393 ὃ

192 1435 342 1504 παρὰ
380 1435 481 1487 τοῦ
526 1434 738 1501 Πατρός
779 1432 1158 1503 ἐκπορεύεται,
1191 1434 1396 1496 ἐκεῖνος
1440 1433 1777 1503 μαρτυρήσει

198 1528 320 1596 περὶ
353 1525 516 1596 ἐμοῦ.
564 1526 675 1581 Καὶ
714 1525 869 1595 ὑμεῖς
896 1525 953 1578 δἒ
984 1526 1331 1596 μαρτυρεῖτε,
1365 1524 1448 1578 δτι
1482 1524 1577 1578 ἀπ’
1603 1524 1779 1595 ἀρχῆς

195 1619 311 1688 μετ’
340 1615 478 1687 ἐμοῦ
509 1618 655 1669 ἐστε.
704 1634 724 1667 ι
761 1611 898 1670 Eine
945 1617 1059 1679 τοῖς
1121 1614 1411 1686 μαθηταῖς,
1452 1614 1535 1668 ὅτι
1580 1633 1601 1667 ι
1645 1614 1780 1667 Διώ-

196 1709 369 1775 ξουσιν
391 1708 562 1777 ὑμᾶς,
592 1726 610 1760 ι
636 1709 719 1761 ὅτι
745 1725 765 1760 ι
794 1707 900 1761 Τὸν
924 1708 1080 1777 λόγον
1106 1707 1263 1777 ὑμῶν
1284 1707 1345 1759 οὐ
1366 1707 1721 1780 τηρήσουσιν.
1753 1726 1773 1761 ι

198 1803 310 1856 Ἵνα
352 1801 450 1857 οὖν
498 1802 576 1872 μὴ
610 1801 777 1872 ἔχωσι
824 1801 1006 1871 λέγειν
1032 1817 1049 1833 ·
1088 1802 1201 1856 Καὶ
1234 1801 1441 1870 λοιπὸν,
1489 1796 1534 1857 ὦ
1584 1802 1777 1874 Κύριε,

1874 607 2128 662 diximus.
2157 604 2621 672 Quemadmodum
2648 612 2703 658 et
2729 602 2832 658 hoc
2858 603 2977 659 loco
3019 602 3232 659 Davidis
3256 602 3449 660 librum

1873 697 2044 767 legem
2078 698 2393 752 nominavit.
2429 695 2597 767 igitur
2636 694 2806 750 David
2853 694 3057 765 Spiritu
3089 704 3282 750 sancto
3311 710 3451 767 prm-

1872 791 2001 847 dicit
2027 791 2201 860 qualis
2226 790 2404 844 futura
2446 798 2590 844 esset
2627 788 2839 844 illorum
2882 789 3108 854 malitia,
3146 797 3201 844 et
3235 787 3358 858 ipsi,
3390 796 3454 854 ut

1874 883 2022 947 mali,
2047 883 2247 938 dictum
2276 898 2304 935 a
2335 883 2597 953 prepheta
2635 881 3014 951 impleverunt,
3032 889 3085 936 et
3115 881 3448 954 prophetiam

1876 992 2055 1033 veram
2081 991 2199 1037 esse
2229 977 2738 1052 comprobaverunt.
3514 972 3519 975 ’

1948 1249 2114 1304 Vens.
2164 1248 2257 1315 26,
2288 1248 2379 1303 27.
2424 1267 2443 1300 ι
2485 1247 2622 1303 Cum
2668 1255 2846 1302 autem
2902 1246 3111 1302 venerit
3143 1245 3454 1311 Paracletus

1877 1342 2058 1413 (quem
2083 1356 2180 1411 ego
2214 1341 2421 1395 mittam
2447 1340 2601 1394 vobis
2633 1354 2663 1395 a
2693 1337 2876 1408 Patre)
2912 1338 3148 1407 Spiritus
3176 1339 3448 1403 veritatis.

1877 1434 1969 1501 qui
2003 1449 2031 1487 a
2062 1432 2236 1499 Patre
2278 1431 2541 1501 procedit,
2598 1431 2685 1485 ille
2735 1432 3105 1487 testimonium
3149 1432 3457 1502 perbibebit

1878 1525 1945 1581 dc
1988 1540 2093 1579 me.
2141 1524 2207 1578 Et
2254 1539 2349 1578 vos
2381 1533 2542 1579 testes
2589 1523 2739 1590 estis,
2780 1524 2904 1594 quia
2938 1525 3010 1579 ab
3054 1523 3204 1578 initio
3241 1539 3452 1579 mecum

1878 1618 2028 1674 estis.
2057 1635 2077 1669 ι
2125 1616 2345 1670 Dixerat
2374 1615 2675 1684 discipulis,
2723 1633 2744 1667 ι
2783 1614 3130 1675 Persecuturi
3177 1598 3301 1672 sunt
3331 1631 3450 1688 vos,

1880 1724 2184 1767 sermonem
2219 1717 2456 1764 vestrum
2500 1723 2606 1763 non
2642 1707 2956 1771 servabunt.
3000 1726 3020 1763 ι
3057 1706 3129 1764 Ut
3169 1707 3333 1779 igitur
3376 1707 3457 1763 di-

1884 1818 2010 1859 cere
2051 1817 2156 1855 non
2203 1799 2431 1870 possint,
2462 1797 2531 1857 Et
2578 1815 2743 1865 nunc,
2772 1813 2805 1856 0
2838 1798 3087 1865 Domine,
3133 1813 3238 1868 quo
3280 1798 3454 1853 mittis

197 1893 297 1951 ςοῦ
340 1894 591 1964 πέμπεις
632 1895 816 1965 ἡμᾶςς
849 1894 966 1958 πῶς
1016 1893 1323 1958 ἀξιόπιστοι
1376 1894 1641 1965 ἐσόμεθας
1695 1895 1776 1958 τες

1889 1896 2019 1952 nos?
2059 1894 2328 1965 quomodo
2365 1892 2509 1962 digni
2559 1892 2663 1947 ﬁde
2703 1892 2941 1947 erimus?
2968 1891 3090 1960 quis
3120 1890 3184 1946 ad
3232 1905 3332 1946 nos
3366 1898 3456 1945 at-

196 1985 440 2057 προσέξει
470 1988 648 2057 ἡμῖν;
681 1987 765 2050 τίς
799 1987 1189 2058 πεισθήσεταις
1214 1985 1303 2040 διὰ
1355 1984 1513 2040 τοῦτο
1542 1987 1738 2056 ἐπάγει
1759 2001 1774 2018 ο

200 2095 219 2128 ι
251 2079 419 2131 Ὅταν
449 2078 510 2131 δὲ
543 2078 675 2151 ἔλθῃ
717 2079 746 2132 ὁ
771 2073 1152 2151 Παράκλητος,
1197 2080 1406 2147 ἐκεῖνος
1437 2081 1778 2151 μαρτυρήσει

196 2173 315 2241 περὶ
363 2169 528 2239 ἐμοῦ.
588 2188 608 2222 ι
676 2170 1033 2235 Ἀξιόπιστος,
1095 2172 1250 2242 φησὶ,
1314 2172 1523 2243 μάρτυς
1573 2171 1778 2235 ἐκεῖνός

196 2261 351 2319 ἐστιν.
383 2262 555 2315 ’Ὥστε
602 2262 708 2316 ὑπὸ
754 2262 850 2319 τοῦ
904 2263 1225 2335 Πνεύματος
1276 2264 1642 2335 ἐλεγχόμενοι,
1695 2264 1777 2318 ὅτι

197 2354 575 2426 ἁναπολόγητα
629 2357 1027 2428 ἁμαρτάνουσι,
1096 2358 1491 2430 παραδέξονται
1551 2358 1613 2412 τὸ
1677 2358 1779 2429 κή-

198 2448 396 2519 ρυγμα.
424 2466 444 2499 ι
472 2448 588 2501 Καὶ
617 2449 774 2519 ὑμεῖς
804 2450 859 2503 δὲ
917 2452 1270 2522 μαρτυρεῖτε,
1306 2451 1400 2504 ἀπ’
1427 2450 1600 2522 ἀρχῆς
1627 2449 1779 2516 ὄντες

206 2541 311 2609 μετ’
338 2538 496 2611 ἐμοῦ,
531 2557 550 2591 ι
584 2539 666 2593 ὃτι
689 2540 782 2593 καὶ
808 2539 993 2609 λόγοις
1018 2541 1112 2595 καὶ
1130 2526 1312 2611 ἔρὴοις
1341 2540 1779 2610 ἀπροφασίστους

204 2631 382 2695 αὐτοις
407 2630 671 2702 ἐποίησα.
713 2631 976 2704 Θαρρεἶτε
1025 2631 1121 2689 οὖν
1153 2647 1170 2666 ⁸
1218 2633 1279 2688 οὐ
1309 2633 1419 2704 γὰρ
1460 2633 1778 2704 ἀμάρτυρον

206 2721 344 2776 ἔσται
370 2724 432 2776 τὸ
466 2724 760 2794 κήρυγμα,
789 2722 929 2777 ἀλλὰ
960 2725 1056 2777 καὶ
1082 2724 1144 2778 rb
1174 2724 1400 2796 Πνεῦμα
1439 2737 1778 2794 συνεπιμαρ-

206 2813 413 2882 τυρήσει
461 2813 718 2884 σημείοις
747 2815 841 2868 καὶ
874 2814 1088 2886 τέρασι,
1139 2816 1231 2869 καὶ¹
1282 2816 1594 2880 ἀξιόπιστος
1625 2816 1776 2871 ἔσται

212 2904 402 2974 μάρτυς
423 2919 439 2935 '
472 2904 709 2975 Πνεῦμα
750 2907 860 2979 γάρ
896 2908 1045 2961 ἐστιν
1073 2906 1356 2979 ἀληθείας.
1401 2907 1489 2971 Ὠς
1521 2904 1616 2962 οὖν
1644 2908 1778 2973 ἀλη-

208 2994 347 3059 θείας
381 2997 640 3069 Πνεῦμα,
672 2998 1014 3070 μαρτυρήσει
1056 2998 1263 3069 τάληθῆ
1283 3014 1299 3031 ο
1328 2999 1404 3063 ὡς
1427 2998 1484 3052 δὲ
1510 2997 1661 3070 παρὰ
1683 2996 1777 3051 τοῦ

209 3086 400 3158 Harpe;
418 3092 877 3162 ἐκπορευόμενον,
900 3091 1077 3147 πάντα
1102 3088 1241 3147 οῐδεν
1265 3091 1506 3162 ἀκριϐῶς
1527 3106 1543 3122 ο
1571 3091 1779 3146 ἐκεῖθεν

212 3178 309 3249 γάρ
334 3183 499 3249 ἐστιν,
529 3184 595 3250 ἐξ
625 3178 686 3237 οὗ
715 3183 935 3236 πάντων
958 3184 990 3253 ἡ
1012 3181 1232 3251 γνῶσις.
1270 3182 1344 3236 Τὸ
1367 3182 1446 3247 δὲ,
1486 3201 1506 3234 ι
1546 3184 1643 3237 ’ον
1669 3182 1779 3251 ἐγὼ
1808 3214 1852 3274 C

213 3272 419 3341 πέμψω,
456 3293 475 3325 ι
514 3275 624 3345 τὴν
660 3275 882 3346 ἰσότητα
924 3274 1074 3347 δηλοῖ
1115 3275 1215 3347 τὴν
1246 3276 1382 3348 πρὸς
1421 3274 1604 3331 αὐτόν.
1664 3275 1783 3329 Ἀλ·

213 3360 361 3432 λαχοῦ
410 3365 521 3434 γὰρ
580 3365 671 3417 τὸν
724 3366 942 3437 Πατέρα
975 3361 1098 3419 εἷπε
1147 3366 1386 3436 πέμπειν
1422 3366 1483 3419 τ’)
1518 3364 1781 3437 Πνεῦμιν

215 3454 428 3510 ἐνταῦθα
455 3457 539 3522 δὲ,
576 3458 770 3513 ἑαυτὸν
794 3459 1035 3526 πέμπειν
1055 3460 1211 3514 τοῦτο
1232 3458 1422 3524 εἰπὼν,
1456 3460 1608 3513 οὐδὲν
1630 3459 1780 3525 ἄλλο,

217 3546 357 3619 ἢτὴν
407 3552 636 3620 ἰσότητα
695 3550 864 3623 δηλοῖ.
910 3554 1030 3605 Ἵνα
1075 3552 1133 3606 δὲ
1181 3552 1255 3624 μὴ
1293 3553 1421 3623 δόξῃ
1455 3553 1781 3622 ἀντανιστᾷν

217 3638 388 3694 ἐαυτῖν
419 3642 496 3713 τῷ
520 3644 721 3715 Πατρὶ,
750 3644 826 3707 ὡς
858 3644 959 3699 ἀπ’
992 3645 1158 3714 ἄλλης
1185 3644 1431 3709 ἐξουσίας
1460 3644 1696 3714 πέμπων
1724 3644 1784 3697 τὸ

218 3732 439 3803 Πνεῦμα,
463 3736 777 3808 προσέθηκε
800 3754 813 3768 ο
846 3756 865 3790 ι
895 3736 1054 3809 Παρὰ
1074 3736 1167 3790 τοῦ
1193 3737 1424 3809 Πατρός.
1451 3754 1470 3787 ι
1497 3769 1567 3780 -
1591 3753 1610 3787 ι
1638 3732 1785 3807 Πέμ-

216 3826 292 3894 ψω
338 3845 356 3879 ι
408 3830 505 3899 μὲν
558 3830 671 3898 γὰρ
703 3829 885 3895 αὐτὸς,
917 3829 1053 3883 ἀλλὰ
1091 3848 1109 3881 ι
1154 3829 1305 3899 παρὰ
1347 3831 1440 3884 τοῦ
1474 3830 1718 3902 Πατρός·
1758 3847 1778 3882 ι

218 3919 496 3984 τουτέστιν,
526 3919 883 3982 εὐδοκοῦντος
906 3919 997 3972 τοῦ
1030 3920 1265 3990 Πατρδς,
1299 3921 1394 3974 καὶ
1425 3919 1786 3974 συναποστέλ-

220 4008 398 4073 λοντος.
432 4012 508 4065 Ού
546 4011 666 4082 γὰρ
711 4013 770 4079 ἐξ
810 4013 1026 4067 οἰκείων
1058 4013 1276 4068 κόλπων
1317 4013 1480 4077 αὐτὸς
1522 4014 1783 4087 προῖεμαι

221 4101 272 4152 τὸ
318 4103 557 4173 Πνεῦμα,
601 4103 738 4157 ἀλλὰ
781 4103 934 4174 παρὰ
975 4102 1069 4157 τοῦ
1115 4103 1323 4176 Πατρδς
1374 4104 1441 4158 δι’
1479 4104 1613 4175 ἐμοῦ
1660 4123 1785 4178 χορ-

222 4196 431 4259 ηγεῖται.
455 4197 630 4250 Ὅταν
663 4195 719 4249 δὲ
739 4180 1001 4268 ἀκούσῃς,
1030 4198 1111 4250 ὅτι
1149 4215 1167 4249 ι
1216 4197 1626 4268 Ἐκπορεύεται,
1660 4218 1678 4250 ι
1710 4198 1785 4271 μὴ

226 4283 319 4336 νόει
354 4285 659 4357 ἀποστολὴν
702 4286 802 4353 τὴν
832 4287 1178 4358 ὲκπόρευσιν,
1222 4285 1337 4339 οἵαν
1366 4287 1785 4342 ἀποστέλλονται

224 4376 282 4427 τὰ
306 4377 650 4449 λειτουργικὰ
682 4377 989 4447 πνεύματα,
1023 4377 1160 4432 ἀλλὰ
1193 4379 1395 4449 φυσικὴ
1430 4378 1663 4449 ῦπαρξις
1690 4379 1783 4433 τοῦ

229 4468 515 4539 Πνεύματός
572 4473 726 4523 ἐστιν
771 4472 805 4541 ἡ
853 4471 1199 4542 ἐκπόρευσις.
1244 4473 1304 4525 El
1355 4473 1464 4543 γὰρ
1513 4474 1588 4543 μὴ
1642 4472 1783 4527 οὕτω

1882 1989 2093 2045 tendet?
2122 1987 2240 2056 quis
2270 1985 2714 2055 persuadebitur?
2749 1985 2871 2041 ideo
2903 1985 3086 2040 subdit
3117 2002 3132 2039 :
3165 1983 3326 2039 «Cum
3356 1998 3456 2039 aut-

1882 2089 1987 2135 tem
2019 2076 2228 2133 venerit
2250 2076 2583 2142 Paracletus,
2625 2075 2715 2131 ille
2742 2075 3029 2131 testabitur
3049 2074 3116 2130 de
3158 2088 3264 2129 me.
3307 2093 3326 2127 ι
3357 2073 3453 2129 Fi-

1880 2171 2038 2239 delis,
2071 2170 2267 2240 inquit,
2292 2169 2444 2225 testis
2467 2167 2555 2223 ille
2576 2176 2752 2233 est,et
2777 2168 2848 2222 ita
2881 2167 3155 2239 redarguti
3183 2182 3210 2220 a
3246 2166 3454 2238 Spiritu

1880 2265 2021 2335 quod
2055 2263 2260 2334 absque
2301 2262 2649 2321 excusatione
2681 2246 2975 2333 pec’carint,
3007 2261 3449 2332 praedicationem

1880 2359 2176 2429 suscipient
2203 2376 2215 2412 :
2247 2376 2266 2409 ι
2298 2357 2362 2412 Ει
2385 2372 2479 2411 vos
2510 2371 2725 2427 quoque
2756 2356 3105 2423 testabimini,
3129 2357 3219 2425 qui
3255 2354 3323 2410 ab
3358 2356 3457 2410 ini-

1883 2451 1956 2506 tio
1991 2465 2201 2506 mecum
2236 2450 2386 2515 estis,
2420 2467 2440 2503 ι
2479 2448 2605 2518 quia
2634 2457 2688 2502 et
2729 2447 2980 2517 aperibns
3020 2455 3077 2501 et
3111 2446 3453 2508 sermonibus

1882 2541 1983 2598 l'eci
2008 2542 2197 2597 deesse
2231 2541 2364 2610 ipsis
2405 2539 2836 2596 excusationem.
2878 2538 3025 2594 Bono
3066 2538 3231 2611 igitur
3270 2538 3454 2597 animo

1880 2633 2020 2697 sitis,
2064 2632 2374 2702 praedicatio
2402 2646 2506 2685 non
2554 2630 2792 2687 caritura
2829 2638 2914 2684 est
2964 2631 3224 2694 testibus,
3261 2630 3354 2685 sed
3398 2639 3455 2691 et

1882 2724 2120 2797 Spiritus
2145 2740 2267 2781 cum
2294 2723 2462 2797 signis
2488 2731 2541 2780 et
2558 2722 3146 2796 prodigiis.testabitur,
3175 2721 3455 2792 ﬁdelisque

1883 2815 2037 2870 testis
2062 2813 2187 2869 erit.
2218 2813 2312 2871 Est
2343 2814 2485 2869 enim
2524 2812 3103 2885 «Spiritus:veritatis.r
3143 2813 3309 2884 Igitur
3326 2810 3453 2884 Spi-

1882 2907 2017 2962 ritus
2057 2906 2302 2963 veritatis
2352 2920 2479 2960 vera
2524 2904 2898 2960 testiﬁcabitur
2932 2923 2945 2960 :
2986 2920 3109 2960 nam
3144 2921 3165 2956 ι
3216 2919 3245 2957 a
3292 2903 3456 2960 Patre

1880 2998 2145 3070 procedit,
2188 3018 2206 3045 ι
2240 3007 2295 3053 et
2326 2997 2504 3053 omnia
2544 2996 2687 3052 clare
2730 2997 2900 3052 novit.
2939 2995 3034 3053 Est
3055 2996 3199 3053 enim
3230 3010 3297 3051 ex
3326 3011 3391 3053 eo
3423 3012 3454 3053 a

1879 3106 1988 3163 quo
2022 3091 2261 3146 omnium
2309 3090 2556 3147 scientia.
2590 3089 2707 3146 Jam
2742 3090 2885 3161 quod
2917 3090 3065 3157 dicit,
3099 3109 3119 3144 ι
3152 3089 3321 3158 Quem
3354 3104 3456 3161 ego

1884 3184 2115 3246 mittam,
2155 3201 2174 3233 ι
2200 3182 2558 3253 :cqualitatem
2586 3197 2712 3255 erga
2749 3183 2962 3239 Patrem
2999 3183 3284 3255 signiﬁcat.
3317 3182 3455 3239 Nam

1885 3278 1990 3333 alio
2025 3279 2164 3344 loco,
2190 3278 2255 3333 de
2281 3275 2443 3332 Patre
2479 3277 2614 3332 dixit
2640 3277 2781 3347 quod
2809 3277 2984 3333 mittat
3013 3278 3273 3348 Spiritum
3308 3296 3324 3332 :
3353 3279 3456 3334 hoc

1884 3381 2062 3427 autem
2093 3371 2215 3427 loco
2241 3371 2384 3440 quod
2414 3370 2530 3441 ipse
2572 3370 2769 3437 mittat,
2803 3371 2989 3443 utique
3014 3386 3146 3427 sane
3175 3371 3457 3441 aequalita-

1883 3471 1991 3519 tem
2047 3463 2377 3533 signiﬁcans.
2429 3462 2501 3519 Ut
2557 3474 2735 3520 autem
2796 3479 2864 3519 ne
2913 3463 3159 3519 videatur
3192 3464 3457 3520 obluctari

1883 3555 2051 3620 Patri,
2082 3556 2235 3626 quasi
2274 3556 2341 3611 ab
2372 3554 2474 3610 alia
2505 3556 2807 3615 substantia
2838 3556 3015 3609 mittat
3048 3552 3328 3625 Spiritum,
3356 3556 3456 3610 ad-

1886 3648 2039 3713 didit,
2073 3666 2091 3699 ι
2114 3647 2159 3701 Α
2189 3646 2372 3702 Patre.
2402 3665 2420 3698 ι
2463 3645 2597 3700 Nam
2632 3656 2686 3701 et
2719 3645 2834 3715 ipse
2859 3645 3078 3716 quidem
3112 3663 3131 3697 ι
3157 3644 3389 3711 Mittam,
3430 3664 3451 3701 ι

1884 3741 1977 3794 sed
2011 3757 2030 3790 ι
2057 3740 2099 3792 Α
2126 3736 2307 3803 Patre,
2342 3755 2362 3790 ι
2395 3738 2497 3792 hoc
2514 3744 2622 3801 est,
2653 3736 2983 3808 approbante
3005 3736 3185 3805 Patre,
3210 3747 3262 3792 et
3297 3738 3456 3794 simul

1885 3829 2151 3883 mittente.
2208 3824 2327 3883 Non
2374 3825 2517 3882 enim
2570 3840 2637 3881 ex
2696 3826 2915 3896 proprio
2963 3826 3088 3881 sinu
3140 3828 3255 3897 ipse
3308 3829 3458 3897 prius

1884 3922 2064 3986 mitto,
2102 3920 2196 3974 sed
2246 3934 2276 3973 a
2322 3918 2480 3973 Patre
2511 3933 2606 3989 per
2641 3932 2726 3973 me
2758 3917 3148 3990 suppeditatur.
3183 3919 3315 3976 Cum
3355 3936 3457 3974 au-

1886 4022 1991 4069 tem
2034 4011 2272 4067 audieris
2319 4010 2464 4081 quod
2507 4027 2527 4061 ι
2566 4010 2837 4076 Procedit,
2882 4028 2903 4063 ι
2953 4024 3022 4066 ne
3060 4010 3328 4084 intelligas
3360 4027 3457 4083 per

1885 4103 2287 4175 processionem
2320 4102 2629 4158 missionem
2653 4103 2796 4174 quali
2828 4103 3148 4158 emittuntur
3175 4104 3457 4160 ministra-

1888 4198 2009 4254 torii
2060 4198 2304 4267 spiritus,
2343 4197 2439 4251 sed
2476 4195 2738 4250 naturalis
2760 4195 3301 4273 717-subsistentia
3336 4196 3459 4268 Spi-

1888 4291 2023 4345 ritus
2054 4298 2137 4347 est
2176 4290 2471 4359 processio.
2508 4289 2641 4344 Nam
2680 4290 2778 4344 nisi
2825 4290 3225 4359 processionem
3260 4289 3339 4345 sic
3380 4292 3461 4345 in-

1889 4383 2271 4445 tellexerimus,
2317 4381 2411 4435 sed
2464 4388 2744 4435 externam
2796 4379 3084 4449 quamdam
3125 4379 3458 4439 missionem,

1888 4476 2151 4531 incertum
2181 4474 2284 4528 erit
2314 4473 2379 4528 de
2418 4488 2525 4544 quo
2570 4473 2762 4543 spiritu
2794 4472 2970 4527 dicat:
3024 4472 3287 4527 innumeri
3315 4472 3457 4527 enim

227 4560 466 4631 νοήσομεν
494 4563 599 4634 τὴν
628 4562 976 4633 ὲκπόρευσιν,
1003 4563 1141 4616 ἀλλά
1164 4580 1285 4617 τινα
1315 4564 1621 4634 ἀποστολὴν
1654 4564 1781 4629 ἔξω·

1888 4576 2015 4623 sunt
2048 4568 2138 4636 qui
2185 4566 2237 4620 in
2272 4565 2632 4622 ministerium
2664 4565 2954 4620 mittuntur
2983 4575 3201 4635 propter
3231 4580 3323 4618 eos
3362 4567 3456 4634 qui

229 4649 306 4704 Θεν
332 4656 644 4723 γινομένην,
681 4656 874 4725 ἄδηλον
909 4655 1061 4708 ἔσται
1106 4657 1235 4726 περὶ
1269 4656 1421 4710 ποῖου
1472 4656 1785 4728 πνεύματος

230 4740 376 4807 λέγει.
419 4746 609 4817 Μυρία
637 4746 747 4818 γάρ
784 4749 890 4799 εἰσι
935 4746 1004 4799 τὰ
1040 4748 1118 4809 εἰς
1145 4746 1425 4802 διακονίαν
1457 4748 1787 4801 ἀποστελλό-

235 4848 373 4901 μενα,
422 4836 510 4890 δια
556 4837 688 4899 τοὺς
735 4837 1027 4906 μέλλοντας
1068 4839 1426 4910 κληρονομεῖν
1490 4839 1783 4909 σωτηρίαν.

244 4923 379 4980 am
414 4929 518 4998 μὴν
560 4928 798 4985 ἐνταῦθα
839 4928 1115 4999 ἐξαίρετόν
1143 4948 1195 4985 τι
1242 4931 1337 4984 καὶ
1382 4931 1788 5002 κεχωρισμένον

240 5014 410 5089 ἰδίωμά
437 5039 566 5092 φησι
598 5023 658 5075 τὸ
696 5023 1111 5091 ἐκπορεύεσθαι,
1147 5025 1227 5077 ἐνὶ
1275 5024 1352 5094 τῷ
1391 5027 1592 5096 κυρίως
1622 5022 1793 5077 Πνεύ-

240 5124 351 5175 ματι
395 5116 902 5185 προαφωρισμένον.
951 5116 1065 5168 Ούκ
1098 5116 1206 5188 ἄρα
1251 5116 1313 5169 τὸ
1366 5116 1780 5187 ἐκπορεύεσθαι,

237 5200 633 5258 ἀποστέλλεσθαι
665 5208 954 5275 νοήσομεν,
983 5206 1095 5260 ἀλλ’
1136 5209 1200 5260 ἐκ
1240 5206 1336 5259 τοῦ
1384 5206 1596 5276 Πατρὸς
1638 5207 1783 5276 ἔχειν

236 5292 321 5359 τὴν
359 5295 583 5366 φυσικὴν
619 5295 878 5367 ὓπαρξιν.
910 5297 1080 5351 Τοῦτο
1106 5297 1169 5367 δὴ
1200 5297 1259 5351 τὺ
1302 5297 1526 5367 Πνεῦμα
1574 5299 1783 5368 μάρτυς

240 5379 371 5436 ἔσται
396 5388 483 5438 τοῦ
511 5387 866 5457 κηρύγματος
888 5405 902 5422 ο
935 5406 953 5440 ι
984 5390 1077 5442 καὶ
1107 5389 1262 5467 ὑμεῖς
1291 5390 1347 5443 δὲ
1379 5393 1726 5462 μαρτυρεῖτε,
1756 5408 1778 5442 ι

238 5471 355 5525 διότι
378 5476 473 5529 οὐκ
505 5477 564 5542 ἐξ
610 5478 785 5532 ἄλλων
818 5481 1115 5550 ἀκηκόατε,
1146 5479 1264 5536 ἀλλ’
1308 5482 1462 5535 αὐτοὶ
1508 5482 1567 5547 ἐξ
1607 5481 1784 5552 ἀρχῆς

243 5562 459 5621 σύνιστε.
491 5570 565 5622 Oti
600 5570 772 5641 μικρὰ
800 5571 855 5624 δέ
893 5571 1030 5642 αὕτη
1079 5572 1355 5643 μαρτυρία
1401 5573 1506 5627 ὐπδ
1538 5572 1645 5626 τῶν
1685 5573 1782 5627 ἀπ’

244 5654 397 5726 ἀρχῆς
423 5660 687 5715 συνόντων
721 5663 980 5735 γινομένη
1000 5680 1013 5693 ·
1045 5664 1074 5717 ὃ
1097 5666 1190 5719 καὶ
1225 5664 1383 5719 αὐτοὶ
1416 5666 1465 5719 οἱ
1492 5663 1780 5721 ἀπόστολοι
1822 5672 1825 5675 “

308 5834 352 5867 ⁸³
391 5837 545 5893 ﬂeor.
579 5856 617 5907 ι,
639 5841 694 5908 4,

1883 4660 2275 4716 ιιίετεόίιαιιιιηι
2299 4659 2527 4714 salutem
2550 4659 2616 4713 ".
2646 4658 2911 4715 Cancrum
2944 4659 3046 4713 boc
3080 4657 3196 4713 loco
3222 4658 3459 4728 singula-

1883 4753 1958 4806 ris
1993 4753 2234 4821 quazdam
2262 4757 2317 4806 et
2361 4758 2611 4820 separata
2643 4749 2942 4821 proprietas
2991 4758 3075 4803 est
3117 4748 3410 4818 procedere
3438 4786 3454 4809 .

1885 4842 1977 4895 uni
2018 4842 2233 4911 proprio
2261 4839 2486 4910 Spiritui
2517 4841 2791 4895 attributa.
2838 4838 2953 4893 Non
2990 4838 3156 4910 igitur
3191 4837 3458 4908 intellige-

1887 4949 2006 4988 mus
2045 4946 2140 5000 per
2182 4932 2580 5002 processionem
2620 4929 2914 4999 simplicem
2957 4929 3322 4989 emissionem.
3360 4930 3457 4983 sed

1887 5000 2195 5079 naturalem
2211 5038 2274 5077 ex
2306 5021 2466 5083 Patre
2506 5000 2931 5078 subsistentiam.
2964 5020 3062 5076 ilic
3090 5022 3250 5092 igitur
3280 5020 3455 5090 Spiri-

1894 5126 1979 5170 tus
2008 5116 2162 5169 testis
2200 5115 2303 5168 erit
2326 5112 2742 5184 praedicationis,
2775 5130 2794 5164 ι
2826 5110 2892 5166 Et
2934 5126 3028 5167 vos
3056 5124 3268 5181 quoque
3293 5116 3456 5164 testa-

1889 5208 2102 5270 bimini,
2143 5225 2163 5259 ι
2198 5205 2339 5276 quod
2371 5219 2475 5259 non
2506 5219 2572 5259 ex
2609 5203 2729 5258 aliis
2759 5202 3094 5268 audiveritis,
3125 5201 3218 5258 scd
3256 5200 3354 5270 ipsi
3387 5201 3455 5255 ab

1893 5300 2047 5353 initio
2085 5311 2293 5352 mecum
2325 5296 2478 5351 estis.
2527 5292 2645 5350 Non
2681 5309 2907 5365 parvum
2937 5305 3116 5350 autem
3150 5310 3213 5348 ex
3248 5294 3347 5348 hoc
3378 5303 3459 5350 te-.-

1892 5389 2205 5445 stimonium
2232 5388 2300 5443 ab
2317 5388 2473 5444 initio
2496 5387 2658 5444 simul
2684 5401 2803 5444 esse
2826 5404 2839 5441 :
2864 5386 3007 5456 quod
3030 5394 3085 5441 et
3105 5386 3204 5456 ipsi
3228 5384 3458 5457 apostoli

1892 5493 2073 5551 postea
2111 5479 2412 5535 concionati
2443 5489 2587 5547 sunt,
2614 5480 2872 5549 dicentes,
2905 5478 3004 5545 Qui
3028 5478 3188 5534 simul
3222 5477 3468 5535 comedi-

1890 5589 2031 5640 mus,
2064 5574 2331 5643 simulquc
2363 5571 2600 5627 bibimus
2624 5586 2745 5625 cum
2774 5585 2861 5626 eo.
2884 5570 3085 5641 Duplex
3119 5571 3280 5641 igitur
3310 5570 3464 5625 ιοειὶε-

1890 5669 2152 5733 monium,
2191 5681 2221 5720 ιι
2260 5664 2411 5720 vobis
2453 5671 2507 5719 et
2561 5678 2591 5718 a
2638 5660 2864 5735 Spiritu.
2912 5660 3044 5718 Nam
3102 5663 3229 5720 licet
3256 5677 3351 5734 vos
3388 5660 3456 5733 ag
