4056 6636
504 379 613 443 επ

1433 380 2009 445 TIIEOPHYLACTI
2052 384 2459 444 BULGARIIE
2500 384 2854 446 ARCHIEP.

3656 387 3763 451 ἳθῖ

498 474 730 561 ,κιιιιίίιηι
765 490 947 546 testari
986 489 1310 554 videamini,
1346 499 1401 545 at
1438 506 1541 545 nou
1592 493 1716 545 item
1750 492 1815 545 ad
1860 490 2077 562 gratiam

2193 490 2419 562 ὕστερον
2451 490 2635 560 ἔλεγον
2666 489 3109 562 δημηγοροῦντες
3128 509 3142 523 ·
3173 509 3191 544 ι
3228 493 3438 559 Οἴτινες
3464 500 3765 565 συνεφάγο-

505 583 883 638 lestiticabilur
912 593 964 637 et
999 583 1257 653 Spiritus.

2199 598 2297 650 μεν
2333 581 2502 652 αὐτῷ,
2554 584 2647 636 καὶ
2697 584 3042 652 συνεπίομεν.
3090 584 3252 653 Διττὴ
3283 583 3376 638 οὖν
3416 589 3451 657 ἡ
3491 591 3765 658 μαρτυρία

503 681 600 733 καὶ
629 678 758 750 παρ’
789 679 964 749 ὑμῶν,
1009 681 1103 733 καὶ
1154 678 1307 751 παρὰ
1354 677 1446 731 τοῦ
1498 676 1832 747 Πνεύματος.
1867 677 1929 730 Εἰ
1967 676 2074 747 γὰρ
2116 676 2272 747 ὑμεῖς
2329 677 2464 748 πρὸς
2504 679 2664 748 χάριν
2729 680 3025 749 μαρτυρεῖν
3056 678 3259 744 δόξετε,
3287 681 3404 735 ἀλλ’
3427 681 3546 736 οὔτι
3574 701 3639 754 γε
3674 684 3766 740 xa‘t

499 775 563 829 τὸ
596 775 816 845 Πνεῦμα
850 774 984 847 πρὸς
1015 773 1173 847 χάριν
1204 775 1564 845 μαρτυρήσει.

438 851 455 859 ’
1093 888 1324 945 CAPUT
1365 888 1504 945 xvr.

507 984 778 1068 Quomodo
823 1001 976 1054 Jestts
1023 1018 1084 1054 ea
1122 1018 1242 1071 quia
1286 1000 1554 1069 discipulis
1614 1012 1860 1055 eventura
1908 1012 2082 1065 erant,

574 1072 844 1140 pra'dt'xit.
886 1071 961 1125 De
1002 1070 1354 1137 Itoc,'Parum
1399 1070 1628 1126 videbitis
1670 1088 1768 1125 me.
1812 1070 2085 1137 Quomodo

582 1141 740 1194 Pater
768 1158 1086 1212 (pervenitque
1118 1141 1180 1195 ab
1211 1159 1270 1196 eo
1316 1142 1555 1211 petierim
1589 1142 1824 1195 homines
1864 1144 2087 1195 daturus

575 1215 666 1267 ait.

579 1325 739 1379 Vens.
776 1324 895 1378 1-4.
938 1343 956 1374 ι
992 1322 1115 1377 llaec
1153 1322 1368 1378 loculus
1399 1339 1517 1378 sum
1557 1326 1725 1387 vobis,
1769 1334 1829 1380 ut
1865 1341 1930 1380 ne
1958 1328 2084 1395 quid

503 1417 871 1473 oil‘eudamini.
899 1415 1118 1471 Alienos
1162 1430 1191 1470 ει
1222 1418 1509 1487 synagogis
1561 1418 1761 1471 facient
1801 1432 1892 1472 vos
1926 1433 1940 1470 :
1984 1418 2077 1471 sed

504 1509 683 1562 veniet
716 1518 945 1576 tempus,
980 1515 1037 1559 ut
1070 1507 1315 1576 quisquis
1352 1507 1610 1565 interficit
1659 1523 1778 1576 vos,
1832 1508 2080 1562 videatur

504 1600 704 1654 cultum
749 1611 1009 1668 praestare
1046 1599 1172 1653 Deo.
1204 1596 1270 1651 Et
1309 1600 1425 1653 hasc
1479 1600 1678 1655 facient
1724 1602 1896 1666 vobis,
1951 1602 2074 1671 quia

503 1706 607 1745 non
655 1699 918 1744 noverunt
949 1688 1185 1756 Patrem,
1213 1706 1386 1759 neque
1419 1706 1524 1745 uie.
1559 1690 1665 1745 Sed
1710 1692 1825 1747 hare
1865 1692 2078 1748 locutus

502 1796 619 1835 sum
650 1782 821 1845 vobis,
849 1790 925 1848 ut,
957 1797 1077 1836 cum
1110 1782 1317 1835 venerit
1347 1790 1557 1851 tempus
1582 1781 1733 1847 illud,
1768 1782 2079 1837 reminisca-

2764 884 3017 937 ΚΕΦΔΔ.
3059 885 3179 953 ις’.

2181 996 2347 1072 Περζ
2380 995 2484 1049 τοῦ
2528 995 2737 1072 έιηησρῦ
2781 996 3184 1072 ίτροᾳέγογτος
3221 1000 3301 1072 τὰλ
3330 1004 3764 1072 συμϐησόμενα
3847 1005 3856 1058 ἐ

2251 1066 2908 1144 τοῖς-μηρητιεῖςηηεξὶ
2954 1067 3079 1144 τοῦ,
3120 1070 3354 1144 plumos-
3393 1066 3765 1144 real-6165009
3848 1082 3851 1087 ‘

2388 1137 2522 1200 Περὶ
2555 1138 2662 1191 τοῦ
2696 1137 2804 1191 τὸν
2832 1138 3084 1206 Πατέρα,
3114 1137 3244 1192 ὅσα
3274 1139 3352 1194 ἂν
3377 1137 3759 1215 αἰτήσωνται,

2289 1222 2491 1258 ωσειν.

2289 1222 2428 1259 ευρ-ει
2436 1224 2471 1258 ν
2477 1245 2491 1258 .

2259 1337 2276 1369 ι
2328 1317 2514 1371 Ταῦτα
2547 1317 2819 1388 λελάληκα
2850 1319 3013 1389 ὑμῖν,
3066 1320 3152 1373 ἵνα
3189 1320 3265 1391 μὴ
3315 1325 3759 1398 σκανδαλισθῆτε.

2193 1409 2682 1477 Ἀποσυναγώγους
2752 1413 3069 1479 ποιήσουσιν
3122 1413 3307 1482 ὑμᾶς·
3368 1415 3483 1470 ἀλλ’
3546 1418 3762 1490 ἔρχεται

2181 1501 2322 1574 ὥρα,
2365 1502 2452 1555 ἵνα
2502 1503 2612 1565 πᾶς
2660 1505 2689 1556 ὁ
2747 1504 3074 1567 ἀποκτείνας
3127 1505 3293 1575 ὑμᾶς,
3332 1506 3460 1579 δόξει
3505 1508 3761 1579 λατρείαν

2189 1593 2521 1663 προσφέρειν
2576 1593 2654 1663 τῷ
2691 1593 2830 1664 Θεῷ.
2874 1595 2984 1649 Καὶ
3034 1588 3206 1652 ταῦτα
3252 1601 3568 1671 ποιήσουσιν
3613 1605 3758 1671 ὑμῖν,

2178 1683 2259 1735 ὅτι
2286 1684 2384 1736 οὐκ
2414 1682 2659 1751 ἔγνωσαν
2690 1684 2781 1737 τὸν
2819 1686 3053 1756 Πατέρα,
3085 1688 3204 1742 οὐδὲ
3243 1691 3365 1759 ὲμέ.
3405 1691 3566 1747 Ἀλλὰ
3587 1694 3762 1750 ταῦτα

2183 1776 2359 1829 πάντα
2393 1776 2665 1847 λελάληκα
2714 1778 2865 1847 ὑμῖν,
2911 1780 2996 1832 ἵνα
3032 1781 3159 1835 ὅταν
3205 1781 3334 1854 ἔλθῃ
3363 1782 3503 1858 ὥρα,
3551 1804 3761 1858 μνημο-

503 1872 633 1927 mini
664 1887 874 1939 eorum,
896 1873 1038 1943 quod
1062 1888 1160 1942 ego
1184 1873 1411 1928 dixerim
1443 1874 1617 1929 vobis.
1649 1892 1669 1926 ι
1702 1872 1844 1941 Dixi,
1877 1874 2070 1942 inquit,

2184 1868 2385 1938 νεὺητε,
2409 1869 2490 1922 ὅτι
2505 1869 2612 1938 ἐγὼ
2634 1865 2948 1940 εἷπονΐιμῑν.
2966 1891 3085 1923 ι-ι
3112 1872 3400 1943 Ἐλάλησα,
3422 1880 3610 1947 φησὶν,
3633 1883 3760 1949 ὑμῖν

504 1964 655 2019 vobis
697 1965 809 2019 haec
840 1963 1149 2034 priusquam
1182 1966 1394 2029 tierent,
1432 1982 1452 2017 t
1498 1974 1555 2019 ut
1586 1981 1654 2019 ne
1685 1977 1870 2035 postea
1910 1964 2078 2020 otfen-

501 2055 703 2110 datnini
734 2073 753 2106 ι
783 2070 904 2110 cum
939 2056 1181 2111 videritis
1233 2055 1432 2112 multos
1477 2072 1585 2112 non
1626 2058 1866 2122 credere,
1891 2066 1947 2112 et
1982 2072 2076 2113 vos

503 2150 665 2201 inulta
695 2163 883 2218 aspera
912 2150 1041 2217 pati;
1066 2150 1157 2203 sed
1185 2151 1415 2219 cogitate
1436 2150 1580 2219 quod
1601 2150 1765 2204 etiam
1789 2159 2074 2219 antequam

502 2238 702 2294 factum
734 2240 824 2302 sit,
848 2240 1074 2294 dixerim
1125 2241 1298 2295 vobis.
1349 2239 1621 2310 Suscipite
1667 2242 1891 2311 posthac
1925 2258 1954 2295 a
1993 2256 2077 2298 me

500 2330 944 2396 cuusolatiouetn,
993 2332 1135 2402 quod
1167 2346 1343 2401 neque
1393 2333 1447 2387 in
1498 2335 1599 2388 hoc
1648 2334 1910 2402 decipiam
1955 2349 2072 2400 vos,

499 2423 643 2479 sicut
693 2436 866 2493 neque
925 2424 975 2476 in
1039 2425 1387 2492 praedictione
1441 2426 1773 2494 passionum.
1829 2426 1960 2480 Nam
2022 2438 2078 2482 et

505 2533 525 2567 ι
561 2516 764 2585 absque
793 2517 1091 2588 {synagogis
1141 2516 1341 2572 facient
1391 2532 1509 2581 vos,
1557 2536 1576 2570 ι
1628 2529 1681 2574 et
1727 2519 2013 2575 excludent
2047 2534 2075 2573 a

500 2608 746 2663 conciliis
776 2607 1123 2677 honestisque
1156 2609 1577 2676 conditionibus,
1613 2620 1668 2666 et
1713 2610 1767 2665 in
1795 2626 2003 2666 summa
2045 2630 2073 2666 a

500 2713 597 2752 sua
642 2699 1022 2753 communiozie
1063 2702 1415 2768 separabuut.
1463 2700 1675 2756 Etenim
1703 2701 1814 2772 jam
1863 2704 2077 2773 conSpio

502 2798 778 2854 raverant,
811 2789 953 2857 quod
988 2789 1034 2844 si
1062 2784 1183 2858 quis
1213 2790 1563 2846 confiteretur
1588 2790 1884 2858 Christum,
1912 2793 2075 2862 ejice-

502 2889 654 2934 relur
679 2896 706 2933 a
747 2880 1028 2952 Synagoga
1060 2882 1128 2938 “.
1166 2881 1281 2936 Non
1312 2882 1488 2937 solum
1523 2894 1704 2939 autem
1732 2899 1760 2938 a
1795 2883 2076 2957 Synagoga

502 2987 601 3027 vos
637 2972 843 3027 alienos
872 2972 1092 3041 facient,
1121 2973 1213 3029 sed
1239 2984 1293 3030 et
1321 2986 1494 3031 morte
1518 2976 1762 3046 punient,
1796 2987 2077 3046 morteque

504 3065 1038 3139 iguontiniosissima,
1069 3072 1254 3136 utpote
1279 3080 1376 3122 ceu
1410 3069 1770 3138 perniciosos,
1804 3078 1858 3125 et
1890 3081 1947 3124 ut
1970 3071 2076 3125 ini-

506 3155 675 3209 micas
698 3153 793 3211 Dei
824 3154 1074 3213 occident
1103 3170 1222 3213 vos.
1249 3158 1315 3213 Et
1338 3158 1515 3214 omnis
1544 3160 1635 3229 qui
1663 3162 1924 3217 occiderit
1956 3177 2074 3229 vos,

506 3255 655 3301 tanto
682 3247 859 3301 studio
887 3248 1118 3315 occidet,
1156 3257 1216 3305 ut
1242 3268 1260 3303 t
1305 3250 1549 3306 videatur
1583 3253 1692 3307 Deo
1716 3253 1916 3308 cultum
1943 3270 2078 3324 pra»

505 3348 674 3405 Stare,
711 3356 731 3391 ι
759 3339 857 3393 hoc
882 3348 984 3405 est,
1010 3342 1215 3412 putabit
1236 3356 1295 3397 se
1324 3356 1436 3397 rem
1459 3342 1600 3414 piam
1627 3343 1844 3414 Deoque
1869 3358 2076 3417 gratam

505 3430 798 3490 facturum.
827 3429 1025 3491 Subdit
1065 3443 1249 3489 autem
1280 3435 1729 3505 consolationem,
1769 3453 1894 3509 quae
1934 3439 2081 3494 sutii-

504 3538 632 3578 cere
661 3532 822 3594 queat
854 3542 869 3580 :
906 3541 925 3577 ι
958 3521 1083 3580 Haec
1105 3527 1271 3592 enim,
1303 3526 1498 3596 inquit,
1550 3526 1751 3582 facient
1790 3528 1915 3598 quia
1969 3544 2076 3584 non

504 3626 773 3672 noverunt
802 3616 1038 3685 Patrem,
1084 3633 1262 3690 neque
1310 3634 1415 3677 me.
1449 3638 1468 3672 ι
1516 3620 1742 3689 Propter
1774 3636 1858 3676 tne
1908 3620 2076 3686 enim,

506 3710 699 3777 inquit,
727 3718 781 3763 et
814 3709 1027 3765 Patrem
1076 3711 1190 3766 haec
1242 3711 1545 3782 patiemini,
1586 3712 1751 3782 igitur
1794 3714 2077 3770 sustinete.

505 3800 671 3871 718
701 3819 718 3852 ι
758 3800 907 3859 Beati
959 3802 1103 3856 enim
1153 3803 1309 3861 eritis
1337 3818 1458 3858 cum
1509 3806 1981 3874 exprobraverint,
2024 3816 2081 3860 et

505 3894 777 3963 persecuti
811 3907 907 3948 vos
949 3893 1170 3956 fuerint,
1207 3903 1261 3949 et
1288 3894 1707 3952 dixerintotnne
1737 3897 1935 3951 malum
1964 3912 2082 3952 ver-

507 3985 631 4036 bum
655 3992 840 4038 contra
868 3999 982 4051 vos,
1004 3987 1326 4041 mentientes
1345 3996 1566 4057 propter
1583 4001 1688 4042 me.
1718 4007 1739 4040 ι
1761 3986 1888 4043 Ηωο
1912 3989 2079 4043 beati-

507 4077 636 4129 tmlo
699 4084 878 4131 vestra
907 4075 977 4130 sit
1002 4076 1326 4141 consolatio,
1354 4091 1475 4130 cum
1505 4077 1622 4147 ejus
1655 4077 1871 4134 fueritis
1902 4094 2081 4135 recor-

506 4167 642 4222 dati.
677 4185 696 4219 ι
733 4166 858 4223 llaec
888 4178 1071 4223 autem
1102 4168 1316 4226 locutus
1347 4184 1464 4224 sum
1499 4170 1677 4235 vobis,
1713 4189 1733 4224 ι
1769 4179 1828 4227 ιιι
1864 4174 2080 4241 quando

504 4261 751 4315 videritis
781 4261 1006 4317 molesta
1040 4262 1127 4316 illa
1173 4263 1443 4329 evenisse,
1481 4262 1718 4319 credatis
1757 4273 1815 4319 et
1843 4264 1909 4319 de
1954 4265 2080 4321 reli-

507 4354 652 4424 quis.
687 4353 800 4409 Non
826 4355 970 4409 enim
1000 4354 1249 4426 poteritis
1279 4354 1463 4413 dicere
1493 4357 1637 4426 quod
1662 4355 1901 4425 jucunda
1941 4371 2079 4425 prte-

509 4447 739 4502 dixerim
770 4446 940 4513 vobis,
979 4446 1228 4518 decipere
1270 4462 1366 4502 vos
1409 4448 1656 4518 cupiens.
1692 4444 1889 4502 Verum
1941 4446 2081 4504 sicut

2182 1961 2352 2014 ταῦτα
2376 1980 2396 2013 ι
2430 1961 2537 2032 πρὸ
2569 1961 2663 2014 τοῦ
2697 1962 2971 2030 γενέσθαι,
3002 1981 3021 2014 ι
3051 1964 3137 2017 ἴνα
3169 1964 3244 2035 μὴ
3280 1967 3702 2040 σκανδαλισθῆτε
3732 1989 3754 2024 ι

2182 2051 2432 2123 ὕστερον,
2471 2054 2599 2107 ὅταν
2643 2054 2786 2124 ῐδητε
2816 2055 3043 2118 πολλοὺς
3072 2057 3453 2125 ἀπειθοῦντας,
3494 2062 3591 2114 καὶ
3612 2063 3761 2117 δεινὰ

2183 2148 2490 2217 πάσχοντας
2525 2148 2669 2216 ὑμᾶς
2719 2147 2915 2210 αὐτούς
2938 2162 2955 2177 ·
2991 2149 3129 2201 ἀλλὰ
3167 2151 3630 2223 ἀναλογιζόμενοι,
3676 2154 3760 2211 ὅτι

2182 2240 2276 2291 καὶ
2308 2239 2413 2307 πρὸ
2448 2238 2542 2291 τοῦ
2571 2238 2821 2306 γενέσθαι
2851 2238 3047 2303 ταῦτα,
3079 2237 3231 2294 εἷπον
3266 2243 3415 2312 ὑμῖν,
3460 2246 3760 2317 προσδέχη-

2182 2329 2277 2383 σθε
2310 2330 2495 2382 λοιπὸν
2551 2331 2645 2385 καὶ
2689 2330 2786 2401 τὴν
2821 2332 2950 2401 παρ’
2987 2331 3122 2402 ἐμοῦ
3158 2334 3527 2405 παράκλησιν,
3580 2336 3654 2401 ὡς
3697 2339 3760 2393 οὐ

2181 2419 2561 2491 διαψεύσοντος
2611 2421 2754 2492 ὑμᾶς
2787 2421 2895 2474 οὐδ’
2924 2422 2983 2474 ἐν
3013 2423 3207 2492 τούτῳ,
3231 2422 3422 2495 ὥσπερ
3465 2426 3574 2479 οὐδ’
3604 2429 3662 2480 ἐν
3691 2430 3759 2500 τῇ

2182 2516 2311 2584 περὶ
2347 2514 2457 2565 τῶν
2484 2512 2670 2566 δεινῶν
2706 2512 3119 2583 προαγορεύσει.
3157 2516 3392 2584 Καὶγάρ
3430 2534 3449 2568 ι
3491 2519 3762 2572 ἀποσυναο

2182 2605 2395 2675 γώγους
2425 2608 2738 2677 ποιήσουσιν
2764 2606 2930 2676 ὑμᾶς,
2970 2624 2990 2658 ι
3022 2608 3116 2660 καὶ
3141 2606 3248 2660 τῶν
3274 2610 3404 2677 παρ’
3427 2596 3612 2673 αὖτοῖς
3634 2626 3762 2665 συν·-

2182 2694 2396 2764 εδρὶων,
2428 2698 2516 2748 καὶ
2546 2696 2791 2760 ἐνδόξων,
2837 2696 2932 2749 καὶ
2973 2695 3108 2759 ὅλως
3145 2696 3243 2767 τῆς
3266 2698 3449 2753 αὐτῶν
3476 2704 3761 2767 κοινωνίας

2181 2786 2552 2857 ἁφορίσουσιν.
2585 2787 2724 2857 Ἤδη
2768 2788 2877 2860 γὰρ
2917 2788 3218 2854 συνέθεντο,
3256 2791 3338 2843 ὅτι
3371 2792 3467 2846 ἐάν
3511 2809 3598 2858 τις
3624 2796 3760 2865 ὁμο-

2181 2876 2390 2953 λογήσῃ
2438 2880 2528 2934 τὸν
2578 2880 2835 2949 Χριστὸν,
2883 2882 3310 2952 ἀποσυνάγωγος
3371 2886 3622 2957 γένηται.
3678 2890 3754 2944 Οὐ

2184 2970 2345 3039 μόνον
2385 2970 2442 3026 δέ
2483 2971 2661 3038 τοῦτο,
2710 2972 2772 3024 τὸ
2808 2972 3270 3040 ἀποσυναγώγους
3307 2975 3452 3045 ὑμᾶς
3483 2979 3759 3044 γενέσθαι,

2180 3060 2317 3116 ἀλλὰ
2340 3065 2435 3116 καὶ¹
2457 3064 2686 3119 θάνατον
2712 3066 3101 3135 προσδέχεσθε,
3127 3068 3221 3120 καὶ
3249 3067 3477 3123 θάνατον
3499 3072 3763 3126 ἐπονείδι-

2183 3174 2307 3212 στον
2344 3172 2360 3187 ⁸
2391 3158 2467 3221 ὡς
2522 3157 2630 3227 γὰρ
2686 3157 2972 3230 λυμεῶνας
3026 3162 3120 3213 καὶ
3177 3161 3405 3233 ἐχθροὺς
3465 3164 3560 3218 τοῦ
3621 3165 3758 3220 Θεοῦ

2182 3248 2572 3304 ἀποκτενοῦσιν
2600 3250 2766 3320 ὑμᾶς.
2807 3250 2916 3305 Καὶ
2955 3254 3063 3316 πᾶς
3095 3253 3122 3305 ὁ
3144 3254 3384 3323 φονεύων
3411 3255 3577 3327 ὑμᾶς,
3615 3258 3761 3313 οὓτω

2182 3343 2468 3396 σπουδάσει
2518 3345 2648 3412 περὶ
2684 3343 2775 3397 τὸν
2826 3343 3092 3414 ὑμέτερον
3139 3346 3319 3413 φόνον,
3355 3346 3496 3401 ὥστε
3549 3368 3570 3402 ι
3616 3350 3759 3417 δόξει

2178 3429 2431 3501 λατρείαν
2460 3431 2789 3503 προσφέρειν
2817 3432 2895 3502 τῷ
2928 3432 3070 3503 Θεῷο
3103 3452 3124 3486 ι
3166 3438 3433 3503 τουτέστι,
3467 3440 3758 3512 θεάρεστον

2179 3520 2339 3591 ἐργον
2381 3523 2595 3592 νομίσει
2641 3524 2734 3576 καὶ
2786 3524 3007 3589 εὐσεσὲς
3058 3525 3480 3599 διαπράξασθαι.
3533 3533 3756 3603 Ἐπάγει

2178 3611 2234 3665 δὲ
2275 3613 2368 3666 καὶ
2425 3615 2525 3682 τὴν
2575 3614 2928 3685 παραμυθίαν
2979 3616 3278 3687 ἀρκοῦσαν.
3325 3638 3345 3672 ι
3388 3620 3571 3681 Ταῦτα
3624 3626 3756 3696 γὰρ,

2182 3702 2335 3773 φησὶ,
2373 3706 2710 3775 ποιήσουσιν,
2753 3706 2834 3760 ὅτι
2874 3707 2973 3762 οὐκ
3008 3708 3184 3763 οῖδασι
3234 3712 3323 3765 τὸν
3368 3712 3613 3785 Πατέρα,
3636 3718 3758 3772 οὺδέ

2181 3795 2304 3868 ἐμέ.
2342 3814 2362 3847 ι
2393 3796 2472 3848 Δι’
2501 3795 2601 3866 ἐμὲ
2648 3798 2779 3868 γὰρ,
2829 3800 2983 3869 φησὶ,
3031 3801 3123 3854 καὶ
3169 3802 3260 3854 τὸν
3308 3803 3549 3874 Πατέρα,
3585 3807 3758 3861 ταῦτα

2180 3884 2372 3938 παθεῖν
2410 3885 2629 3955 μέλλετε
2653 3901 2668 3916 ·
2704 3886 2900 3941 οὐκοῦν
2940 3889 3260 3959 ὑπομένετε.
3297 3910 3316 3943 ι
3348 3894 3625 3965 Μακάριοι
3648 3898 3759 3967 γάρ

2178 3976 2327 4040 ἐστε,
2353 3978 2484 4030 ὅταν
2531 3977 2865 4031 ὀνειδίσωσιν
2894 3978 3059 4048 ὑμᾶς,
3103 3983 3195 4034 καὶ
3233 3982 3483 4050 διώξωσι,
3535 3988 3629 4040 καὶ
3677 3990 3758 4041 εἷ-

2179 4083 2320 4119 πωσι
2345 4069 2451 4120 πᾶν
2482 4068 2714 4138 πονηρὸν
2736 4070 2885 4139 ῥῆμα
2909 4072 3028 4123 καθ’
3055 4071 3208 4142 ὑμῶν
3232 4073 3550 4145 ψευδόμενοι
3572 4078 3758 4132 ἕνεκεν

2179 4156 2336 4229 ἐμοῦ.
2370 4176 2391 4210 ι
2422 4153 2589 4222 Οὗτος
2612 4163 2639 4212 ὁ
2674 4162 3024 4232 μακαρισμὸς
3058 4166 3403 4236 παράκλησις
3435 4170 3562 4239 ὑμῖν
3592 4171 3755 4237 ἔστω,

2181 4251 2752 4321 ἀναμιμνησκομένας
2771 4252 2928 4306 αὑτά.
2957 4271 2974 4305 ι
3000 4254 3184 4309 Ταῦτα
3201 4257 3255 4310 δὲ
3276 4257 3545 4330 λελάληκα
3560 4261 3710 4332 ὑμῖν,
3730 4280 3753 4313 ι

2181 4341 2268 4395 ἶνα
2300 4343 2518 4397 ἐπειδὰν
2578 4342 2723 4414 εδητε
2767 4340 2837 4396 τὰ
2885 4343 3187 4418 σκυθρωπὰ
3242 4349 3499 4417 ἐκϐάντα,
3531 4353 3756 4406 πιστεύ-

2184 4451 2313 4508 σητε
2345 4436 2440 4491 καὶ
2467 4440 2592 4513 περὶ
2629 4439 2735 4492 τῶν
2763 4440 2985 4497 λοιπῶν.
3016 4444 3089 4497 Οὐ
3122 4443 3231 4515 γὰρ
3260 4445 3408 4511 ἕξετε
3439 4448 3636 4516 εἰπεῖν,
3673 4450 3757 4503 ὅτι

510 4540 836 4595 annuntians
863 4540 1033 4595 tristia
1063 4555 1169 4594 non
1191 4538 1398 4609 decepi,
1429 4540 1503 4594 ita
1533 4554 1707 4609 neque
1730 4540 1848 4597 laeta
1873 4539 2077 4601 dicens,

2184 4527 2251 4580 τὰ
2272 4528 2578 4598 εὐφρόσυνα
2604 4535 2865 4601 προεῖπον
2895 4535 3045 4605 ὑμῖν,
3071 4535 3349 4608 ἐξαπατᾷν
3377 4538 3546 4593 θέλων
3576 4542 3716 4611 ὑμᾶς
3733 4554 3754 4572 ⁶

511 4632 762 4702 indiguus
791 4630 893 4686 fide
921 4631 1141 4686 fuerim.
1170 4627 1395 4699 Insuper
1423 4640 1481 4684 ut
1512 4645 1578 4685 ne
1601 4632 1721 4687 sitis
1746 4633 1923 4685 minus
1945 4646 2079 4700 prmo

515 4726 706 4794 parati,
732 4727 824 4778 sed
863 4724 1129 4793 instructi,
1161 4725 1520 4780 recordemini
1550 4725 1693 4794 quod
1720 4739 1818 4794 ego
1846 4725 1998 4780 vobis
2017 4740 2079 4780 ea

511 4817 761 4882 dixerim,
795 4824 849 4871 et
873 4816 1078 4873 idcirco
1110 4816 1265 4873 stetis
1294 4816 1509 4873 fortiter
1543 4826 1734 4874 contra
1762 4818 2008 4874 adversa.

583 5081 749 5143 Vens.
784 5081 901 5137 5-7.
930 5097 949 5132 t
984 5078 1110 5136 Haec
1133 5087 1312 5134 autem
1342 5078 1496 5135 vobis
1525 5079 1593 5134 ab
1623 5078 1781 5133 initio
1814 5092 1917 5133 non
1948 5078 2080 5142 dixi,

512 5175 638 5244 quia
668 5174 941 5229 vobiscum
980 5187 1155 5228 erant.
1178 5170 1331 5227 Nunc
1365 5181 1544 5229 autem
1574 5171 1710 5225 vado
1738 5173 1805 5224 ad
1836 5186 1959 5225 eum
1991 5174 2080 5240 qui

514 5267 661 5321 tnisit
693 5282 800 5321 tne.
830 5265 899 5327 Et
928 5279 1085 5321 nemo
1110 5280 1179 5320 ex
1204 5266 1357 5323 vobis
1385 5265 1686 5335 interrogat
1732 5278 1817 5318 tne
1843 5277 1950 5332 quo
1982 5278 2075 5316 va.

513 5360 635 5412 dam
665 5375 678 5409 :
710 5358 805 5412 sed
835 5358 957 5427 quia
997 5358 1109 5415 haec
1141 5358 1349 5415 locutus
1385 5372 1505 5412 sum
1546 5356 1721 5419 vobis,
1772 5356 2082 5409 intestitudo

511 5451 753 5521 implevit
784 5467 876 5507 cor
900 5464 1158 5507 vestrum.
1188 5452 1291 5507 Sed
1320 5465 1416 5522 ego
1442 5449 1722 5505 veritatem
1749 5447 1871 5502 dico
1895 5449 2077 5517 vobis;

511 5546 729 5615 expedit
759 5546 909 5600 vobis
948 5554 1008 5600 ut
1040 5559 1138 5615 ego
1183 5544 1396 5599 vadam.
1451 5544 1507 5597 Si
1534 5544 1678 5598 enim
1723 5558 1830 5599 non
1872 5543 2079 5609 abiero,

512 5632 826 5697 Paracletus
853 5654 958 5693 non
996 5640 1168 5693 veniet
1189 5637 1256 5692 ad
1285 5651 1401 5694 vos.
1436 5636 1492 5692 Si
1515 5647 1695 5693 autem
1718 5637 1923 5700 abiero,
1953 5636 2077 5689 utit-

586 5814 805 5873 “Joan.
851 5833 924 5880 ix,
972 5815 1060 5871 32!.

2183 4619 2298 4673 ἀλλ’
2336 4618 2526 4692 ὥσπερ
2572 4622 2643 4675 τὰ
2689 4623 2908 4696 λυπηρὰ
2947 4627 3332 4697 προαγγειλας,
3370 4629 3430 4682 οὐ
3467 4630 3755 4701 διεψευσά-

2184 4727 2314 4783 μην,
2345 4710 2516 4775 οὕτως
2564 4713 2684 4765 οὐδὲ
2724 4714 2791 4769 τὰ
2835 4716 3141 4787 εὐφρόσυνα
3178 4719 3367 4785 εἰπὼν,
3414 4721 3756 4777 ἁπιστεῖοθ..ι

2183 4802 2361 4874 ἄξιος·
2396 4803 2490 4861 καὶ
2513 4803 2630 4874 ἅμα
2668 4804 2757 4860 ἵνα
2786 4806 2861 4878 μὴ
2898 4810 3273 4877 ἀπαράσκευοι
3311 4807 3431 4883 ἦτε,
3475 4814 3589 4871 ἀλλ’
3621 4814 3762 4873 ἐτοι-

2187 4911 2299 4965 μοι,
2338 4896 2766 4967 μνημονεύοντες
2796 4900 2878 4952 δτι
2906 4899 3017 4968 ἐγὼ
3052 4897 3206 4955 εἷπον
3254 4904 3384 4974 ὑμῖν
3423 4905 3619 4973 ταῦτα,
3664 4909 3760 4963 καὶ

2183 4985 2270 5040 διὰ
2295 4985 2452 5039 τοῦτο
2487 4988 2764 5057 ἱστάμενοι
2792 4991 3057 5055 γενναίως
3087 4991 3219 5062 πρὸς
3249 4994 3317 5045 τὰ
3349 4994 3590 5064 λυπηρά.

2266 5096 2285 5129 ι
2327 5077 2511 5132 Ταῦτα
2532 5078 2587 5132 δὲ
2611 5081 2738 5150 ὑμῖν
2758 5080 2817 5149 ἐξ
2838 5082 3011 5157 ἀρχῆς
3033 5082 3135 5136 οὐκ
3156 5078 3329 5150 εἷπον,
3352 5086 3433 5138 ὃτι
3459 5085 3577 5157 μεθ’
3607 5087 3760 5156 ὑμῶν

2189 5171 2338 5244 ήμην
2357 5188 2371 5202 ’
2404 5169 2499 5226 νῦν
2527 5171 2583 5226 δέ
2613 5173 2808 5243 ὑπάγω
2835 5176 2970 5244 πρὸς
2994 5175 3085 5229 τὸν
3114 5175 3406 5248 πέμψαντα
3431 5195 3520 5249 με,
3544 5181 3640 5233 καὶ
3666 5180 3761 5232 οὐ-

2188 5265 2298 5330 δεὶς
2325 5267 2383 5335 ἐξ
2407 5268 2559 5339 ὑμῶν
2583 5266 2765 5336 ἐρωτᾶ
2791 5284 2878 5338 με·
2896 5266 3003 5323 Ποῦ
3031 5270 3291 5339 ὑπάγεις;
3334 5270 3468 5324 Ἀλλ’
3486 5274 3567 5325 ὄτι
3590 5270 3763 5325 ταῦτα

2188 5358 2463 5432 λελάληκα
2493 5361 2643 5431 ὑμῖν,
2673 5362 2705 5429 ἠ
2738 5360 2883 5430 λύπη
2925 5361 3289 5433 πεπλήρωκεν
3318 5363 3468 5433 ὑμῶν
3491 5362 3588 5434 τὴν
3623 5379 3764 5433 καρ-

2187 5451 2325 5507 δίαν.
2372 5451 2511 5504 Ἀλλ’
2544 5451 2654 5521 ἐγὼ
2688 5451 2786 5524 τὴν
2818 5451 3073 5523 ἀλήθειαν
3106 5454 3249 5521 λέγω
3287 5454 3416 5524 ὑμῖν
3443 5469 3456 5483 ·
3490 5455 3763 5525 συμφέρει

2190 5542 2339 5613 ὑμῖν,
2371 5543 2454 5597 ἵνα
2482 5543 2592 5612 ἐγὼ
2632 5544 2876 5600 ἀπέλθω.
2929 5544 3055 5599 Ἐὰν
3095 5546 3202 5615 γὰρ
3248 5544 3359 5615 ἐγὼ
3406 5546 3482 5617 μὴ
3518 5546 3761 5608 ἀπέλθω,

2185 5637 2213 5689 ὁ
2247 5635 2601 5708 Παράκλητος
2652 5637 2750 5691 οὐκ
2802 5635 3075 5693 ἐλεύσεται
3129 5639 3265 5710 πρὸς
3321 5640 3492 5710 ὑμᾶς·
3558 5639 3655 5694 ἐὰν
3703 5637 3768 5693 δὲ

3308 5846 3348 5887 .l
