4056 6574
290 442 403 505 20)

966 447 1403 509 ENABRATIO
1434 449 1515 510 ΙΝ
1533 448 2034 512 EVANGELIUM
2060 453 2404 517 JOANNIS.
2439 481 2508 492 -
2537 460 2698 523 CAP.
2723 464 2876 524 XVI.

3446 464 3555 528 2Ῑο

293 552 798 647 πορευθῶ,ῃπέμψω
820 557 982 612 αὑτὸν
1012 561 1149 630 πρὸς
1169 562 1332 632 ὑμᾶς.
1366 581 1383 613 ι
1409 562 1545 616 Λίαν
1572 563 1867 635 ἐϐαρύνθη-

1980 574 2087 619 tam
2119 583 2239 624 eum
2272 572 2338 624 ad
2369 587 2485 626 vos.
2513 591 2531 624 ι
2558 573 2958 647 Valdegravati
2990 587 3116 634 sunt
3146 578 3367 636 tristitia
3396 580 3566 636 disci‘

292 659 396 695 σαν
425 646 490 714 τῇ
526 643 672 718 λύπῃ
699 648 748 700 οἱ
782 648 1092 713 ἀπόστολοι,
1131 652 1462 717 ἀκούσαντες
1488 655 1712 709 τοιαῦτα
1748 656 1876 726 περὶ

284 735 488 798 αὐτοὺς
507 737 1011 809 συμϐησόμεναΔιὸ
1031 743 1125 795 καὶ
1145 745 1172 797 6
1190 744 1440 815 Κύριος.ι
1455 744 1653 813 Ταῦτα,
1669 767 1686 799 ι
1716 750 1872 819 φησὶ,

286 826 365 880 τὰ
405 826 551 882 οὕτω
579 828 800 900 λυπηρὰ
838 850 857 885 ι
898 833 958 899 ἐξ
1002 835 1177 904 ἀρχῆς
1205 836 1308 890 οὐκ
1350 833 1509 890 εἷπον
1533 838 1680 908 ὑμῖν,
1724 858 1743 890 ι
1777 840 1875 910 οὐχ

284 917 369 981 ὡς
393 920 626 986 ἀγνοῶν,
652 920 768 975 ἀλλ’
801 942 820 974 ι
852 924 936 976 ὃτι
973 923 1094 996 μεθ’
1125 927 1279 998 ὑμῶν
1310 929 1479 1000 ήμην,
1512 948 1531 981 ι
1567 931 1660 983 καὶ
1692 929 1874 985 ἱκανὸν

287 1012 636 1080 προσφύγιον
664 1015 765 1084 ἐμὲ
794 1017 991 1087 εἴχετε,
1020 1020 1117 1072 καὶ
1146 1018 1291 1084 ἅπας
1328 1022 1629 1093 ἀπόλεμος
1660 1023 1748 1076 ἐπ’
1775 1023 1875 1095 ἐμὲ

285 1103 701 1175 ἀνερριπίζετο,
742 1109 899 1163 αὐτοὶ
926 1110 982 1164 δὲ
1018 1112 1076 1164 ἐν
1113 1112 1264 1183 πάσῃ
1305 1114 1576 1187 ἀσφαλείᾳ
1613 1112 1730 1187 ἦτε.
1771 1115 1875 1170 Οὕ-

285 1209 425 1245 κουν
453 1195 561 1248 ἔδει
577 1199 836 1253 τοιούτων
875 1201 1048 1270 λόγων
1068 1203 1211 1271 τότε,
1236 1209 1874 1277 προπαρασκεύαζόντων

286 1285 496 1355 δηλαδὴ
527 1291 619 1343 καὶ
647 1293 1203 1369 προασεραλιζομένων
1246 1298 1388 1366 ὑμᾶς
1411 1314 1424 1327 °
1459 1300 1595 1353 ἀλλὰ
1631 1301 1727 1354 νῦν
1772 1302 1874 1355 ὑπο

284 1376 447 1446 ἀγων
474 1381 606 1451 πρὸς
645 1383 736 1438 τὸν
769 1385 987 1454 Πατέρα
1017 1404 1137 1457 μου,
1165 1389 1259 1442 καὶ
1285 1390 1492 1460 μέλλων
1526 1393 1670 1460 ὑμᾶς
1702 1411 1872 1447 κατα-

286 1468 494 1535 λιπεῖν,
530 1474 779 1546 προλέγω
815 1478 1011 1544 ταῦτα,
1070 1480 1157 1532 ἵνα
1208 1481 1436 1545 ἑαυτοὺς
1476 1482 1869 1554 ἁσφαλίζησθε.

292 1581 313 1613 ι
357 1563 472 1616 Καὶ
510 1565 683 1629 οὐδεὶς
726 1567 783 1633 ἐξ
822 1568 976 1638 ὑμῶν
1006 1571 1186 1642 ἐρωτᾷ
1229 1588 1333 1642 με·
1382 1572 1490 1626 Ποῦ
1539 1573 1808 1643 ύπάγεις;
1847 1594 1865 1626 ι

278 1655 407 1709 ἀλλ’
430 1656 534 1709 ὑπὸ
570 1658 669 1726 τῆς
706 1658 879 1729 λύπης
910 1661 1262 1733 συνεχύθητε,
1287 1666 1382 1718 καὶ
1400 1663 1655 1719 ἔκστασιν
1675 1668 1874 1720 πεπόνο

287 1747 445 1812 θατε,
494 1752 561 1820 τῇ
619 1752 916 1826 προσδοκίᾳ
967 1754 1077 1808 τῶν
1127 1754 1314 1810 δεινῶν
1365 1759 1717 1823 σαλευθέντες
1775 1765 1873 1825 τὰς

286 1840 540 1910 καρδίας.
593 1861 611 1894 ι
671 1844 810 1897 ⁸Λλλ’
860 1847 969 1913 ἐγὼ
1019 1848 1118 1919 τὴν
1171 1849 1427 1920 ἀλήθειαν
1473 1851 1615 1920 λέγω
1658 1854 1806 1923 ὑμῖν.
1845 1872 1865 1906 ι

288 1929 438 2001 ’θρα
496 1932 612 1996 πῶς
664 1931 1076 2007 παραμυθεῖται
1128 1943 1345 2006 αύτούς.
1402 1944 1523 2000 Κάν
1586 1945 1870 2015 μυριάκις,

286 2025 449 2094 φησε,
471 2023 769 2098 λυπηθῆτε,
798 2030 908 2099 ἐγὼ
936 2031 997 2086 τὸ
1026 2033 1301 2102 συμφέρον
1329 2036 1457 2105 ὑμῖν
1478 2036 1644 2106 λέγω.
1687 2038 1876 2109 Ὑμεῖς

289 2119 395 2184 μὲν
428 2116 535 2187 γὰρ
568 2117 748 2171 θέλετε
780 2121 868 2174 ἀεὶ
904 2125 1158 2194 παρεῖναί
1188 2142 1256 2195 με
1288 2127 1417 2197 ὑμῖν
1439 2145 1454 2160 ο
1494 2128 1594 2181 οὐκ
1647 2129 1764 2183 ἔστι
1818 2131 1876 2185 δὲ

285 2206 452 2261 τοῦτο
485 2212 783 2282 συμφέρον.
818 2233 834 2265 ι
884 2212 1008 2269 Ἐὰν
1044 2217 1151 2285 γὰρ
1175 2216 1285 2286 ἐγὼ
1335 2220 1410 2289 μὴ
1435 2221 1678 2286 ἀπέλθω,
1710 2225 1738 2276 6
1764 2224 1876 2276 Πα-

289 2300 564 2372 ράκλητος
597 2304 697 2356 ούκ
745 2304 1024 2361 ἐλεύσεται
1073 2308 1209 2378 πρὸς
1267 2311 1431 2382 ὑμᾶς.
1491 2331 1511 2364 θ
1551 2314 1714 2367 ’Ὥστε
1770 2315 1875 2369 κᾶν

284 2393 449 2462 ὑμεῖς
490 2397 587 2466 τὴν
628 2398 932 2469 παρουσίαν
985 2418 1087 2471 μου
1140 2401 1355 2475 θέλητε,
1400 2405 1462 2459 οὐ
1508 2408 1874 2479 πεισθήσομαι

286 2486 447 2555 ὑμῖν,
486 2488 621 2569 ἀλλά
656 2490 718 2543 τὸ
753 2492 1031 2562 συμφέρον
1065 2494 1194 2564 ὑμῖν
1242 2496 1443 2566 μᾶλλον
1481 2500 1805 2571 αἱρήσομαι,
1837 2502 1870 2574 ἢ

284 2580 354 2632 τὸ
384 2580 678 2647 ἐπιϐλαϐές
722 2584 851 2654 ὑμῖν
894 2585 1127 2656 θέλημα.
1169 2588 1326 2643 Οῦτω
1356 2592 1450 2645 xei.
1478 2592 1639 2662 ἡμεῖς
1665 2592 1875 2663 ὀφείλο-

293 2688 399 2741 μεν
432 2676 604 2727 ποιεῖν
638 2677 938 2748 πανταχοῦ,
984 2678 1046 2732 τὸ
1079 2681 1356 2752 συμφέρον
1385 2683 1480 2737 καὶ
1518 2685 1731 2748 ἑαυτοῖς
1778 2686 1874 2741 καὶ

285 2765 407 2822 τοῖς
431 2763 677 2832 ἀδελφοῖς
702 2784 769 2820 πε
779 2771 995 2838 ρινοεῖν.
1019 2772 1113 2825 καὶ
1139 2771 1217 2842 μὴ
1246 2773 1302 2825 τὸ
1321 2773 1439 2844 ἡδύ.
1481 2776 1608 2829 Ἐὰν
1631 2775 1741 2849 γὰρ
1762 2777 1873 2848 ἐγὼ

288 2856 369 2928 μὴ
394 2858 654 2914 ἀποθάνω
688 2861 829 2931 ὑπὲρ
855 2863 950 2916 τοῦ
983 2865 1213 2936 κόσμου,
1236 2868 1330 2920 καὶ
1362 2869 1583 2924 ἀπέλθω
1619 2872 1756 2944 πρὸς
1778 2873 1872 2929 τὸν

285 2949 536 3020 Πατέρα,
569 2951 758 3007 θυσίαν
805 2955 898 3008 καὶ
948 2956 1174 3028 ἱλασμὸν
1213 2960 1402 3015 ἑαυτὸν
1431 2962 1557 3027 δοὺς
1590 2964 1733 3037 ὑπὲρ
1761 2966 1870 3023 τῶν

286 3044 581 3114 ἁμαρτιῶν
609 3047 704 3100 τοῦ
744 3049 977 3119 κόσμου,
1020 3069 1039 3102 ι
1077 3053 1106 3105 6
1136 3053 1493 3124 [παράκλητος
1523 3058 1624 3111 οὐκ
1655 3058 1871 3114 ἐλεύσε-

284 3138 544 3209 τιιβό).
586 3159 605 3191 ι
646 3141 769 3205 Πῶς
817 3144 927 3213 γὰρ
983 3144 1050 3198 ἂν
1093 3144 1319 3218 ἐπέλθῃ,
1369 3149 1465 3204 ἐὰν
1511 3150 1587 3221 μὴ
1637 3149 1869 3224 ἡέχθρα

1979 658 2115 726 puli,
2151 675 2272 714 eum
2301 663 2553 719 audirent
2584 665 2710 720 talia
2752 666 2854 721 sibi
2902 668 3222 724 adventu-ra.
3268 669 3470 725 Idcirco
3512 680 3569 726 et

1980 749 2261 817 Dominus,
2293 752 2503 820 «Huic,»
2534 757 2732 828 inquit,
2764 766 2872 813 tam
2901 760 3034 815 dura
3062 776 3120 813 ta
3150 762 3413 832 principio
3457 778 3564 817 non

1980 844 2087 898 dixi
2117 846 2319 913 vobis,»
2355 863 2462 903 non
2485 857 2541 902 ut
2574 850 2850 920 ignorans,
2883 853 2977 906 sed
3017 871 3036 904 ι
3062 853 3557 920 vobiscumeram,r

1975 946 2032 991 ct
2081 936 2350 993 suﬂicieus
2398 940 2709 1013 confugium
2744 944 2811 998 ad
2863 960 2948 999 me
2980 945 3282 1010 habebatis.
3319 957 3374 1003 et
3403 962 3564 1001 omne

1977 1036 2253 1085 certamen
2298 1031 2350 1085 in
2388 1048 2473 1086 me
2519 1032 2890 1103 rejiciebatur,
2924 1034 3023 1103 ipsi
3060 1050 3186 1089 vero
3220 1036 3273 1090 in
3304 1036 3449 1090 omni
3476 1051 3565 1091 se-

1977 1123 2206 1198 curitate
2251 1125 2446 1181 eratis.
2494 1125 2661 1195 Igitur
2705 1143 2810 1182 non
2860 1144 3002 1201 opus
3045 1140 3163 1185 erat
3208 1131 3402 1187 talibus
3436 1141 3563 1187 tunc

1976 1217 2321 1272 sermonibus
2355 1233 2447 1272 vos
2479 1223 2769 1290 pra'parari
2805 1231 2859 1276 et
2903 1223 3214 1291 praemuniri
3243 1240 3257 1290 ;
3293 1225 3385 1278 sed
3419 1241 3562 1280 nunc

1978 1312 2179 1367 vadens
2208 1313 2271 1365 ad
2303 1311 2518 1370 Patrem
2551 1331 2751 1378 meum.
2777 1325 2832 1370 et
2872 1332 2965 1371 vos
2991 1317 3299 1384 relicturus,
3329 1321 3561 1388 prmdico

1975 1421 2062 1471 ea,
2091 1419 2145 1460 ut
2176 1423 2271 1462 vos
2302 1410 2578 1465 muniatis.
2615 1428 2633 1463 ι
2673 1409 2740 1464 Ει
2772 1410 2949 1466 nullus
2976 1427 3041 1465 ex
3076 1412 3230 1467 vobis
3266 1421 3419 1483 rogat
3449 1427 3562 1479 mc,

1977 1501 2095 1569 Quo
2124 1502 2309 1558 vadis?
2331 1521 2350 1555 ι
2374 1505 2471 1559 sed
2504 1521 2611 1574 pra:
2636 1505 2855 1561 tristitia
2886 1506 3094 1561 confusi
3119 1509 3273 1572 estis,
3301 1516 3356 1562 et
3378 1521 3562 1562 exces-

1975 1611 2092 1652 sum
2121 1597 2317 1653 meutis
2386 1596 2627 1669 patimini
2661 1616 2676 1654 :
2710 1610 2930 1671 propter
2959 1602 3418 1671 exspectationem
3444 1617 3563 1672 gra-

1973 1690 2119 1744 vium
2149 1704 2412 1745 concussa
2438 1698 2564 1747 sunt
2593 1691 2757 1746 corda
2783 1703 2987 1748 vestra.
3015 1711 3033 1745 ι
3060 1695 3128 1749 At
3146 1710 3246 1764 ego
3274 1695 3560 1750 veritatem

1974 1782 2097 1836 dico
2128 1782 2300 1838 vobis.
2338 1802 2358 1835 ι
2392 1782 2533 1839 Vide
2572 1786 2842 1853 quomodo
2892 1784 3099 1840 solatur
3147 1801 3240 1841 eos
3279 1805 3293 1839 :
3331 1787 3560 1842 Etiamsi

1906 1906 1950 1965 Β
1980 1872 2280 1928 innumeris
2312 1873 2507 1939 modis,
2551 1874 2747 1945 inquit,
2780 1876 2953 1945 magis
2978 1877 3199 1931 tristitia
3228 1874 3595 1944 aﬂiciamini,-

1977 1980 2079 2037 ego
2108 1968 2251 2035 quod
2310 1967 2463 2021 vobis
2511 1967 2644 2022 utile
2693 1978 2777 2023 est
2823 1969 2966 2024 dico.
3019 1967 3152 2023 Nam
3200 1984 3296 2024 vos
3337 1969 3558 2039 quidem

1976 2057 2185 2112 velletis
2215 2072 2428 2127 semper
2448 2072 2568 2113 esse
2596 2073 2828 2127 mecum,
2854 2060 2999 2131 atqui
3028 2061 3129 2116 hoc
3152 2076 3258 2116 non
3284 2072 3368 2117 cst
3392 2076 3563 2132 expe-

1975 2148 2152 2203 diens.
2179 2167 2198 2199 ι
2234 2146 2371 2202 Nam
2406 2150 2451 2203 si
2486 2163 2587 2220 ego
2616 2150 2836 2220 quidem
2869 2166 2972 2205 non
3006 2150 3212 2219 abiero,
3247 2150 3560 2207 Paraclelus

1977 2253 2082 2292 non
2107 2238 2285 2311 veniet
2302 2239 2369 2294 ad
2392 2254 2488 2295 vos
2513 2256 2528 2297 :
2550 2258 2568 2291 ι
2594 2250 2758 2310 atque
2776 2242 2845 2297 ita
2864 2241 3078 2296 etiamsi
3097 2256 3192 2295 vos
3212 2240 3559 2311 praesentiam

1976 2347 2152 2386 meam
2190 2332 2421 2397 velletis,
2456 2348 2561 2387 non
2611 2334 2889 2389 obedirem
2932 2334 3109 2401 vobis,
3150 2335 3245 2389 sed
3300 2335 3558 2405 eligerem

1977 2424 2153 2493 potius
2192 2425 2337 2494 quod
2388 2425 2540 2480 vobis
2575 2425 2725 2490 utile,
2777 2440 2938 2494 quam
2996 2425 3354 2496 perniciosam
3406 2425 3558 2480 vobis

1975 2524 2211 2571 vestram
2262 2515 2615 2572 voluntatem.
2658 2514 2734 2571 Ita
2795 2526 2849 2571 et
2902 2531 3002 2571 nos
3047 2516 3304 2571 debemus
3356 2517 3557 2584 facere,

1974 2607 2363 2677 prospicientes
2398 2623 2613 2677 semper
2644 2610 2786 2677 quod
2820 2618 2874 2662 et
2903 2608 3059 2664 nobis
3084 2617 3139 2663 et
3184 2607 3446 2663 fratribus
3471 2615 3559 2662 est

1974 2700 2130 2767 utile,
2177 2710 2233 2755 et
2275 2715 2382 2756 non
2415 2701 2557 2771 quod
2595 2716 2781 2755 suave.
2817 2699 2951 2756 Nam
2998 2701 3042 2755 si
3075 2715 3173 2769 ego
3207 2715 3312 2755 non
3351 2700 3557 2756 morior

1972 2810 2071 2864 pro
2111 2794 2337 2862 mundo,
2360 2803 2414 2850 et
2440 2809 2509 2850 eo
2535 2794 2605 2850 ad
2629 2794 2866 2862 Patnem,
2899 2794 3023 2850 dato
3048 2793 3320 2849 sacriﬁcio
3342 2803 3396 2849 et
3425 2807 3557 2862 pro-

1944 2886 2251 2955 ,pitiatioue
2273 2900 2369 2955 pro
2405 2885 2641 2957 peccatis
2678 2885 2885 2948 mundi,
2924 2904 2944 2937 ι
2982 2885 3297 2941 Paraclelus
3324 2900 3429 2939 non
3457 2898 3556 2939 ve-

1973 2979 2105 3034 niet.
2149 2998 2168 3031 »
2203 2978 2482 3045 Quomodo
2524 2978 2669 3033 enim
2726 2977 2974 3033 adveniet
3007 2977 3051 3031 si
3108 2975 3416 3058 initnicitize
3446 2990 3553 3029 non

1971 3071 2281 3135 solvantur,
2317 3080 2373 3125 et
2405 3071 2591 3126 occisa
2624 3079 2797 3125 morte
2834 3070 3000 3125 Pater
3051 3070 3299 3123 humanae
3346 3078 3556 3122 naturas

1970 3178 2078 3218 non
2114 3162 2435 3218 concilietur
2453 3165 2481 3217 τ’
2503 3161 2672 3218 Porro
2705 3161 2806 3216 hoc
2850 3161 2967 3215 loco
2996 3159 3366 3216 Macedoniam
3423 3159 3555 3228 quid

284 3230 451 3301 λυθῇ,
487 3233 588 3301 τῆς
629 3234 901 3305 ἁμαρτίας
947 3236 1371 3311 θανατωθείσης,
1415 3240 1512 3295 ἐὰν
1540 3244 1615 3315 μὴ
1660 3246 1864 3303 καταλ-

1978 3264 2232 3327 ροιθιιιιιι
2267 3250 2466 3320 dicere,
2498 3254 2589 3324 qui
2637 3253 2861 3325 gloriam
2905 3252 3141 3322 Spiritus
3175 3262 3464 3306 extenuant
3499 3261 3556 3307 ct

281 3324 430 3395 λαγῇ
466 3325 495 3376 6
534 3326 722 3398 Πατὴρ
745 3331 812 3399 τῇ
846 3328 1161 3405 ἀνθρωπίνῃ
1201 3333 1395 3401 φύσει;
1444 3335 1583 3389 Ἀλλ’
1628 3339 1865 3394 ἐνταῦθα

280 3419 339 3471 οῖ
364 3421 492 3488 περὶ
512 3419 841 3474 Μακεδόνιον
864 3424 915 3475 τι
940 3421 1156 3492 ἔχουσιν
1178 3427 1374 3491 εἰπεῖν,
1399 3431 1868 3500 κατασμικρύνονο

280 3528 382 3574 τες
414 3513 513 3583 τὴν
543 3512 698 3578 δόξαν
744 3516 838 3567 τοῦ
884 3516 1219 3585 Πνεύματος,
1257 3519 1352 3572 καὶ
1385 3519 1570 3575 δοῦλον
1602 3523 1734 3577 αὐτὸ
1768 3524 1863 3578 τοῦ

282 3604 422 3657 Υἱοῦ
462 3605 744 3673 λέγοντες;
780 3607 903 3671 Πῶς
941 3610 1213 3682 συμφέρει
1246 3613 1526 3685 Δεσπότην
1579 3616 1861 3683 ἀπελθεῖν,

282 3696 385 3750 καὶ
429 3696 614 3752 δοῦλον
641 3700 1080 3769 παραγενέσθαι;
1110 3702 1272 3756 Ὥστε
1327 3704 1428 3758 κᾶν
1478 3706 1780 3778 λυπηθῆτε,
1816 3703 1863 3763 ὦ

282 3788 553 3859 μαθηταὶ,
585 3789 673 3844 διὰ
709 3791 810 3863 τὴν
839 3790 980 3864 ἐμὴν
1011 3794 1300 3862 ἀπουσίαν,
1335 3797 1470 3849 ἀλλὰ
1499 3798 1587 3851 διὰ
1620 3800 1719 3870 τὴν
1767 3800 1860 3854 τοῦ

280 3882 605 3953 Πνεύματος
653 3884 857 3956 χάρητε
914 3888 1311 3961 παρουσίαν,ἡ
1367 3889 1434 3943 τὰ
1497 3889 1664 3944 πλείω
1719 3892 1862 3961 ὑμᾶς

279 3977 639 4047 εὐεργετήσει
697 3980 791 4031 καὶ
855 3979 1046 4048 μείζω.
1096 3981 1219 4044 Πῶς
1266 3980 1323 4035 δὲ
1371 3983 1399 4034 ό
1445 3982 1649 4054 Κύριος
1687 3980 1862 4054 εἶπεν,

276 4069 366 4120 ὅτι
402 4085 421 4117 ι
468 4067 651 4121 ταῦτα
685 4069 745 4133 ἐξ
798 4070 974 4151 ἁρχῇς
1024 4071 1124 4125 οὐκ
1175 4066 1363 4140 εἶπον;
1407 4092 1425 4125 ›
1471 4076 1579 4151 Καὶ
1621 4076 1728 4148 μὴν
1771 4079 1867 4143 γέ-

275 4177 550 4231 γραπται,
596 4164 679 4214 ὅτι
728 4144 1242 4234 προσκαλεσάμενος
1286 4168 1414 4230 τοὺς
1452 4166 1680 4235 δώδεκα,
1711 4166 1864 4226 εἶπεν

277 4255 492 4318 αὐτοῖς,
509 4256 588 4307 ὅτι
617 4273 635 4305 ι
675 4255 797 4310 Ἐπὶ
817 4257 1085 4326 ἡγεμόνας
1111 4259 1204 4311 καὶ
1227 4257 1466 4329 βασιλεῖς
1486 4261 1810 4333 ἀχθήσεσθε.
1838 4284 1857 4317 ι

277 4344 420 4400 Eius
444 4348 559 4418 μὲν,
582 4350 663 4402 ὃτι
681 4368 699 4400 ι
724 4350 844 4403 Ἐπὶ
871 4351 1146 4422 ἡγεμόνας
1166 4352 1489 4425 ἀχθήσεσθε,
1506 4374 1524 4406 ι
1546 4356 1606 4409 οὐ
1633 4356 1758 4429 μὴν,
1781 4358 1863 4412 ὅτι

277 4438 469 4503 Οὕτως
486 4441 874 4495 ἀποκτενοῦσιν
902 4442 1067 4512 ὑμᾶς,
1086 4444 1161 4507 ὡς
1182 4446 1531 4513 ἀσεόεἰςνκαὶ
1555 4448 1861 4519 λυμεῶνας,

276 4534 379 4586 καὶ
401 4532 497 4585 τοῦ
520 4534 652 4587 Θεοῦ
675 4536 919 4607 ἐχθρούς.
958 4538 1166 4602 Ἄλλως
1193 4555 1253 4591 τε
1273 4554 1290 4571 ο
1331 4538 1478 4593 Ἐκεῖ
1500 4541 1600 4610 μὲν
1617 4541 1685 4595 τὰ
1712 4541 1862 4613 παρὰ

274 4625 392 4678 τῶν
413 4626 639 4679 ἐθνικῶν
664 4628 848 4691 αὐτοῖς
876 4629 1293 4700 ὲπαχθησόμενα
1319 4626 1459 4698 εἶπε,
1487 4631 1581 4687 νῦν
1602 4631 1658 4687 δὲ
1681 4637 1773 4688 καὶ
1793 4634 1863 4688 τὰ

278 4715 438 4785 παρᾶ
480 4716 590 4768 τῶν
651 4717 937 4773 Ἰουδαίων.
973 4720 1047 4773 Τὸ
1110 4721 1240 4792 γὰρ,
1295 4741 1313 4774 ι
1372 4722 1866 4794 Ἀποσυναγώγους

278 4807 625 4878 ποιήσουσιν,
662 4829 681 4862 ι
724 4812 772 4864 οἱ
835 4810 1069 4866 Ἰουδαῖοι
1120 4815 1358 4877 πάντως.
1398 4816 1541 4886 Ὅρα
1584 4816 1640 4870 δέ
1680 4834 1770 4887 μοι
1806 4820 1864 4873 ὲν

276 4900 465 4971 ταύτῷ
514 4906 608 4956 καὶ
641 4903 702 4958 τὸ
749 4904 846 4958 τοῦ
874 4904 1189 4975 Πνεύματος
1216 4906 1580 4972 αὐτεξούσιον,
1623 4910 1718 4962 καὶ
1763 4909 1863 4982 τὴν

278 4991 377 5045 τοῦ
409 4992 537 5046 Υἰοῦ
571 4996 972 5067 συνευδόκησιν.
1017 4997 1091 5049 Τὸ
1148 4998 1246 5067 μὲν
1272 5000 1400 5069 γὰρ.
1437 5018 1455 5051 ι
1481 5000 1790 5084 Ἐλεύσεται
1820 5005 1848 5057 6

1967 3363 2184 3403 servum
2212 3362 2333 3402 enm
2352 3344 2477 3402 Filii
2528 3345 2747 3401 dicunt?
2776 3346 3055 3415 quomodo
3085 3344 3355 3400 conducet
3395 3344 3551 3399 abire

1970 3439 2277 3503 Dominum,
2308 3449 2363 3494 et
2391 3438 2646 3494 advenire
2664 3437 2925 3494 servum?
2947 3436 3121 3506 Atque
3149 3437 3220 3490 ita
3240 3436 3339 3493 etsi
3366 3438 3550 3492 tristes

1966 3530 2088 3585 sitis
2133 3538 2354 3600 propter
2399 3542 2572 3584 meam
2624 3529 2951 3592 absentiam,
2985 3544 3017 3582 o
3045 3528 3313 3597 discipuli,
3368 3536 3545 3583 tamen

1967 3631 2186 3690 prapter
2215 3622 2505 3676 adventum
2527 3620 2762 3690 Spiritus
2778 3621 3078 3689 gaudeatis,
3099 3620 3191 3689 qui
3227 3620 3469 3690 pluribus
3493 3628 3550 3674 et

1969 3712 2265 3783 majoribus
2281 3728 2375 3767 vos
2397 3710 2670 3767 beneﬁciis
2685 3710 2850 3781 719
2864 3718 3244 3779 prosequetur.
3268 3708 3550 3775 Quomodo

1966 3816 2152 3860 autem
2202 3805 2462 3860 Dominus
2500 3802 2658 3865 dixit,
2701 3822 2720 3855 ι
2772 3802 2897 3857 Hth
2943 3802 3011 3856 ab
3068 3801 3222 3858 initio
3275 3815 3380 3854 non
3434 3800 3549 3861 dixi

1966 3897 2167 3952 vobis?
2208 3916 2227 3950 ο
2273 3896 2707 3967 quandoquidem
2756 3895 3017 3965 scriptum
3044 3904 3128 3950 est
3168 3895 3309 3962 quod
3343 3908 3548 3948 convo-

1966 3991 2102 4046 catis
2138 3990 2241 4046 illis
2285 3990 2590 4054 duodecim,
2638 3989 2834 4061 dixerit
2882 3987 2982 4050 eis,
3023 4005 3042 4038 ι
3079 3987 3160 4040 Ad
3195 3986 3449 4056 praesides
3493 3993 3550 4040 et

1970 4096 2123 4149 reges
2185 4079 2457 4136 ducemini
2489 4079 2556 4134 ⁸⁷.
2594 4097 2613 4130 ι
2650 4077 2796 4131 Dixit
2845 4076 3086 4145 quidem,
3125 4094 3143 4127 ι
3177 4074 3258 4130 Ad
3290 4074 3549 4146 praesides

1966 4173 2263 4237 ducemini,
2309 4190 2328 4224 ι
2361 4187 2467 4226 non
2511 4180 2713 4235 autem,
2740 4170 3001 4227 Occiderit
3029 4184 3122 4223 vos
3170 4176 3229 4225 ut
3263 4168 3548 4237 impioset

1965 4264 2324 4336 perniciosos,
2354 4272 2409 4317 et
2438 4261 2689 4317 inimicos
2718 4258 2835 4314 Dei.
2861 4256 2930 4312 Et
2955 4257 3153 4312 aliter:
3180 4255 3291 4311 Illic
3324 4256 3541 4324 quidem

1965 4357 2097 4413 dicit
2119 4372 2238 4428 qum
2266 4371 2295 4410 a
2332 4355 2580 4426 gentibus
2607 4354 2688 4409 eis
2716 4351 3031 4422 inlligenda,
3058 4366 3198 4405 nunc
3221 4358 3399 4406 autem
3422 4363 3548 4417 quae

1966 4464 1994 4502 a
2027 4446 2252 4502 Judaris.
2302 4465 2320 4498 ι
2356 4447 2572 4516 Absque
2613 4444 2899 4515 synagogis
2932 4458 3028 4499 vos
3068 4440 3287 4506 facient,
3326 4458 3344 4491 ι
3373 4437 3542 4494 .Iuda-i

1966 4539 2190 4595 scilicet.
2225 4537 2361 4593 Vide
2402 4548 2582 4592 autem
2642 4537 2696 4590 in
2740 4538 2844 4592 hoc
2899 4546 2953 4589 et
3004 4534 3264 4606 Spiritum
3315 4534 3544 4587 liberum

1967 4647 2109 4698 esse,
2133 4640 2187 4689 et
2216 4629 2407 4685 Filium
2435 4629 2755 4700 approbare.
2788 4627 3000 4684 Etenim
3033 4626 3174 4695 quod
3204 4626 3356 4693 dicit,
3392 4644 3408 4677 ι
3440 4622 3546 4678 Pa-

1968 4725 2201 4780 raclctus
2235 4724 2434 4789 veniet,
2475 4742 2495 4776 ο
2534 4722 2601 4778 ad
2632 4730 2951 4792 potestatem
2987 4719 3223 4790 Spiritus
3256 4719 3490 4788 pertinet
3523 4735 3541 4773 :

1966 4818 2109 4888 quod
2145 4826 2323 4871 autem
2352 4815 2521 4879 addit,
2557 4833 2585 4866 ι
2622 4814 2735 4884 Ego
2773 4814 2983 4868 mittam
3015 4828 3159 4875 eum,
3203 4830 3222 4864 ι
3250 4811 3317 4865 ad
3343 4813 3545 4879 proba-

1967 4913 2166 4966 tionem
2196 4919 2247 4963 et
2280 4907 2609 4963 voluntatem
2642 4907 2760 4962 Filii
2790 4916 3017 4977 spectat,
3042 4905 3128 4961 cui
3157 4905 3332 4972 pla‘cet
3360 4912 3417 4957 ut
3450 4917 3543 4957 ve-

1967 5004 2077 5058 niat
2109 5001 2444 5065 Paraclelus,
2475 5007 2531 5055 et
2557 4999 2766 5065 annuit,
2794 4999 2943 5054 sisic
2971 5000 3150 5054 dicere
3185 4998 3328 5052 licet.

281 5085 657 5156 Πσράκλητος,
694 5105 713 5138 ι
741 5087 840 5157 τῆς
876 5089 970 5142 τοῦ
999 5089 1313 5160 Πνεύματο;
1362 5091 1640 5159 ἐξουσίας*
1672 5097 1734 5150 τὸ
1777 5098 1857 5164 δὲ,
1906 5117 1924 5150 ι
1976 5093 2119 5162 Ἐγὼ
2152 5093 2356 5163 πέμψω
2389 5092 2572 5157 αὑτὸν,
2608 5111 2642 5155 ιΔ
2696 5092 2798 5162 τῆς
2848 5093 2944 5148 τοῦ
2983 5091 3116 5146 Υἱοῦ
3149 5092 3417 5157 εὐδοκίας,
3444 5095 3538 5148 καὶ

280 5179 425 5250 πρὸς
470 5181 532 5234 τὸ
580 5181 754 5234 ἐλθεῖν
801 5182 891 5237 τὸν
930 5183 1285 5256 Παράκλητον
1332 5187 1648 5257 ἀρεσκείας,
1697 5192 1745 5244 εί
1782 5191 1862 5244 δεῖ
1899 5189 2069 5251 οὕτως
2100 5188 2293 5250 εἰπεῖν,
2317 5186 2409 5239 καὶ
2436 5184 2789 5250 συννεύσεως.

361 5292 380 5323 ι
416 5272 526 5326 Καὶ
582 5272 753 5327 ἐλθὼν
807 5275 1032 5339 ἐκεῖνος,
1083 5276 1291 5345 ἐλέγξει
1334 5280 1424 5332 τὸν
1475 5281 1680 5349 κόσμον
1729 5284 1857 5353 περὶ

282 5363 579 5435 ἁμαρτίας,
615 5365 711 5418 καὶ
740 5366 869 5435 περὶ
899 5366 1266 5439 δικαιοσύνης,
1300 5371 1390 5422 καὶ
1425 5372 1552 5442 περὶ
1584 5374 1818 5443 κρίσεως
1838 5393 1851 5405 ·

282 5457 417 5524 περὶ
445 5455 718 5525 ἁμαρτίας
742 5457 861 5525 μὲν,
895 5459 977 5511 ὅτι
995 5459 1055 5512 ού
1088 5460 1433 5514 πιστεύουσιν
1457 5466 1535 5527 εἰς
1557 5465 1658 5533 ἐμέ
1683 5482 1697 5497 ·
1725 5469 1856 5538 περὶ

278 5545 632 5615 δικαιοσύνης
658 5547 738 5614 δὲ,
764 5549 844 5600 ὅτι
875 5548 1010 5619 πρὸς
1032 5549 1123 5602 τὸν
1150 5551 1368 5622 Πατέρα
1393 5568 1494 5622 μου
1518 5552 1739 5622 ὑπάγω,
1764 5556 1857 5608 καὶ

359 5702 407 5733 ⁸⁷
446 5700 639 5756 Matth.
667 5719 720 5767 Χ,
767 5703 850 5760 18.

2040 5280 2203 5335 Vsus.
2245 5278 2399 5333 8-H.
2443 5296 2462 5331 ι
2503 5276 2721 5334 Etcum
2767 5277 2972 5333 venerit
3016 5276 3126 5343 ille,
3154 5284 3343 5346 arguet
3381 5292 3537 5333 mun-

1964 5372 2089 5427 dum
2136 5373 2203 5426 de
2243 5381 2487 5441 peccato,
2518 5382 2573 5425 et
2608 5376 2675 5425 de
2708 5370 2941 5439 justitia,
2977 5380 3033 5424 et
3078 5371 3144 5424 de
3179 5369 3386 5439 judicio
3415 5387 3428 5423 :
3466 5370 3535 5425 de

1966 5471 2187 5534 peccato
2209 5463 2450 5533 quidem,
2484 5462 2608 5532 quia
2654 5477 2760 5518 non
2812 5462 3038 5516 credunt
3082 5460 3134 5515 in
3172 5475 3256 5514 me
3290 5478 3305 5516 :
3346 5461 3412 5516 de
3448 5461 3537 5528 ju-

1966 5555 2115 5612 stitia
2141 5573 2289 5623 vero,
2313 5558 2442 5628 quia
2474 5558 2540 5613 ad
2573 5556 2782 5612 Patrem
2814 5555 2968 5621 vado,
2989 5565 3042 5610 et
3068 5553 3293 5625 posthac
3316 5570 3427 5610 non
3455 5556 3535 5610 vi-

1258 5801 1350 5860 Ex
1396 5782 1734 5868 collatione
1777 5806 1960 5870 codd.
1991 5809 2215 5872 Venet.
2253 5811 2315 5872 S.
2354 5811 2573 5875 Marci.

361 5894 479 5967 (56)
514 5896 645 5954 Cod.
702 5897 771 5953 52
806 5899 988 5957 addit:
1025 5901 1157 5973 πρὸς
1192 5902 1356 5974 ὑμᾶς.
