4056 6574
552 430 652 495 211

1387 441 1972 502 THEOPHYLACTI
2021 440 2432 503 BULGARIE
2472 445 2513 498 A
2528 439 2832 501 [{ClllEP.

3689 435 3797 496 2-12

549 551 748 606 debitis
775 565 861 606 me
893 569 906 606 :
938 553 1002 606 de
1029 551 1254 622 judicio,
1288 553 1413 623 quia
1451 557 1700 626 princeps
1740 559 1896 628 hujus
1929 560 2116 615 mundi

2232 560 2324 613 οὐκ
2358 559 2439 611 ἔτι
2471 557 2726 627 θεωρεῖτέ
2761 573 2828 628 με
2855 571 2867 586 ·
2902 558 3031 628 περὶ
3059 555 3116 610 δέ
3159 556 3412 626 κρίσεως,
3441 555 3526 608 ὅτι
3563 556 3591 609 ό
3627 556 3814 624 ἄρχων

546 643 657 709 jam
686 642 954 710 judicatus
991 654 1093 699 est.
1141 663 1159 697 ι
1199 646 1387 702 Veniet
1414 644 1750 712 Paracletus,
1777 659 1832 705 ct
1861 667 1979 720 qua:
2003 653 2126 706 inde

550 736 792 791 utilitas?
825 754 842 788 ι
899 738 1125 807 Arguet,
1162 740 1355 809 inquit,
1403 743 1660 798 mundum
1713 745 1780 799 de
1816 757 2060 814 peccato,
2098 766 2114 797 ι

547 839 601 883 et
661 831 906 885 ostendet
968 845 1063 886 eos
1119 845 1454 902 peccatores,
1515 836 1640 904 quia
1692 853 1800 891 non
1875 839 2121 892 credunt.

547 921 776 987 Quando
809 923 954 978 enim
1002 924 1234 979 viderint
1274 942 1367 995 per
1397 943 1590 983 manus
1643 930 2029 999 discipulorum
2071 935 2124 986 in

547 1013 750 1081 Spiritu
781 1015 996 1085 egregia
1025 1016 1180 1085 signa
1220 1028 1274 1072 et
1306 1017 1544 1089 prodigia
1584 1021 1721 1085 fieri,
1755 1032 1808 1076 et
1844 1039 2019 1092 neque
2046 1024 2124 1079 sic

542 1107 790 1171 credent,
821 1111 1092 1174 quomodo
1122 1124 1226 1162 non
1251 1112 1698 1166 condemnatione
1721 1115 1889 1182 digni,
1916 1126 1967 1170 et
1999 1131 2123 1184 pec-

545 1209 670 1256 cato
702 1201 936 1255 maximo
977 1202 1233 1267 obnoxii?
1269 1203 1402 1256 Nam
1453 1221 1599 1260 nunc
1626 1207 1843 1274 quidem
1898 1220 2124 1276 possunt

545 1292 727 1346 dicere
768 1294 910 1362 quod
952 1294 1090 1349 fabri
1148 1297 1291 1352 filius
1345 1299 1473 1362 sim,
1538 1309 1592 1354 et
1643 1299 1861 1355 humilis
1907 1303 2120 1366 matris,

547 1385 797 1452 quamvis
827 1401 926 1453 ego
965 1388 1221 1442 miracula
1273 1387 1468 1443 faciam
1511 1407 1526 1443 :
1567 1402 1691 1446 tunc
1733 1403 1912 1446 autem
1944 1393 2123 1447 incre-

546 1475 741 1530 dulitas
773 1477 918 1531 omni
951 1478 1157 1533 carebit
1195 1483 1564 1546 excusatione,
1596 1481 1799 1551 Spiritu
1823 1484 1872 1537 in
1907 1485 2124 1538 nomine

549 1584 670 1623 meo
717 1570 845 1624 talia
895 1571 1230 1640 perficiente.
1262 1574 1449 1645 Itaque
1488 1595 1506 1628 ι
1552 1577 1617 1630 de
1668 1585 1890 1646 peccato
1927 1595 1944 1628 ι
2000 1577 2120 1630 illos

551 1672 570 1712 ι
613 1673 820 1731 arguet,
875 1682 894 1715 ι
953 1664 1054 1719 hoc
1100 1675 1206 1733 est,
1264 1668 1512 1723 ostendet
1558 1682 1651 1722 eos
1705 1667 1908 1738 absque
1966 1669 2120 1724 venia

547 1769 792 1818 peccare,
821 1773 839 1806 ι
889 1755 955 1810 Ει
993 1758 1058 1812 de
1091 1757 1300 1829 justitia
1337 1780 1356 1812 ι
1401 1775 1612 1832 quoque
1646 1781 1666 1815 ‹
1701 1773 1908 1832 arguet,
1948 1783 1966 1816 ι
1995 1764 2120 1833 quia

545 1858 646 1912 ego
682 1845 748 1898 ad
780 1844 995 1901 Patrem
1045 1864 1223 1903 meum
1271 1851 1430 1918 vado,
1477 1852 1582 1906 hoc
1611 1860 1713 1916 est,
1769 1854 2018 1909 ostendet
2045 1855 2124 1910 eis

545 1937 688 2004 quod
717 1953 838 2009 ego,
860 1954 983 1996 cum
1010 1940 1191 2011 justus
1238 1943 1430 2016 fuerim
1482 1949 1557 2012 etf
1586 1946 2121 2015 irrepreheusibilem

547 2031 750 2102 egerim
797 2033 983 2098 vitam,
1031 2033 1230 2106 injuste
1278 2037 1345 2090 ab
1401 2038 1532 2106 ipsis
1564 2039 1778 2094 occisus
1823 2040 1948 2104 sim,
1982 2049 2037 2095 et
2073 2041 2123 2095 in

550 2123 665 2189 ejus
697 2124 954 2180 indicium
999 2129 1065 2181 ad
1120 2126 1336 2183 Patrem
1388 2129 1580 2185 vadam
1613 2146 1627 2196 ;
1663 2145 1840 2200 neque
1887 2133 2032 2186 enim
2079 2132 2125 2186 si

553 2215 789 2284 iujustus
841 2218 1084 2281 fuissem,
1148 2224 1216 2275 ad
1270 2219 1488 2276 Patrem
1555 2222 1936 2278 ascendissent.
1988 2221 2126 2288 Quia

551 2309 694 2365 cnim
741 2320 798 2390 ut
839 2310 1208 2365 adversarium
1248 2310 1357 2367 Deo
1396 2324 1451 2368 et
1497 2313 1744 2383 iniquum
1785 2314 2124 2378 occiderunt,

492 2399 494 2401 ’
554 2400 817 2456 Ostendet
855 2403 954 2468 eis,
991 2401 1183 2470 inquit,
1221 2403 1480 2473 Spiritus,
1515 2405 1657 2472 quod
1691 2418 1796 2460 non
1835 2404 1936 2460 sim
1979 2404 2124 2458 talis.

552 2492 736 2564 Neque
766 2495 906 2550 enim
939 2496 982 2550 si
1009 2497 1350 2552 adversarius
1382 2498 1475 2552 Dei
1505 2497 1754 2564 fuissem,
1782 2499 1920 2566 apud
1955 2498 2124 2552 Deum

550 2596 605 2642 et
661 2589 1022 2660 legislaturem
1073 2591 1217 2646 hunc
1277 2595 1538 2646 honorem
1601 2603 1883 2648 assecutus
1925 2607 2124 2658 essem,

554 2684 924 2750 honoremque
964 2697 1069 2737 non
1114 2685 1520 2753 temporarium,
1553 2685 1647 2739 sed
1694 2693 1976 2740 mteruum.
2007 2683 2126 2739 Jam

553 2774 699 2841 quod
725 2773 872 2835 dicit,
906 2792 924 2825 ι
965 2775 1195 2830 Posthac
1238 2790 1346 2829 non
1377 2775 1631 2830 videbitis
1668 2790 1778 2839 me,
1813 2794 1832 2829 ι
1867 2784 2124 2829 :etcrnam

553 2867 670 2932 eius
699 2865 839 2935 apud
869 2864 1079 2920 Patrem
1113 2867 1586 2920 conversationem
1623 2864 1956 2920 manifestat.
1988 2883 2007 2916 ι
2049 2864 2124 2918 De

549 2955 754 3025 judicio
789 2974 812 3008 ι
837 2965 1018 3011 autem
1065 2967 1258 3028 arguet
1301 2973 1418 3025 eos,
1468 2975 1487 3009 ι
1523 2959 1647 3028 quia
1680 2958 1928 3028 princeps
1971 2957 2128 3027 hujus

557 3041 737 3097 mundi
773 3042 1047 3114 judicatus
1081 3057 1185 3112 est,
1243 3063 1262 3098 ι
1309 3046 1412 3101 hoc
1437 3055 1542 3111 est,
1587 3047 1749 3102 etiam
1783 3061 1877 3116 per
1910 3048 2011 3102 hoc
2042 3062 2128 3102 me

551 3135 781 3203 justum,
813 3144 867 3191 et
901 3151 929 3189 a
948 3138 1480 3206 peccatoimutunem
1515 3139 1708 3194 iterum
1740 3142 1988 3195 ostendet
2042 3154 2129 3194 me

2230 651 2321 704 τοῦ
2380 652 2586 720 κόσμου
2638 649 2831 703 τούτου
2887 649 3157 719 κέκριται.
3213 667 3231 700 ι
3281 647 3591 702 Ἐλεύσεται
3635 648 3664 700 ό
3699 650 3813 700 Πα-

2231 745 2522 815 ράκλητος,
2567 744 2662 797 καὶ
2709 744 2762 796 τί
2791 743 2852 795 τὺ
2887 743 3108 813 κέρδος;
3144 761 3162 794 ι
3200 740 3462 808 Ἐλέγξει,
3515 741 3668 811 φησι,
3719 743 3813 793 τὸν

2227 836 2432 904 κόσμον
2474 835 2604 905 περὶ
2664 834 2962 904 ἁμαρτίας,
2998 852 3016 885 ι
3057 833 3153 886 καὶ
3183 832 3346 898 δείξει
3397 832 3592 893 αὐτοὺς
3625 831 3812 898 ἀμαρ-

2226 927 2452 991 τωλοῦς,
2479 927 2560 979 ὅτι
2582 925 2642 978 οὐ
2675 925 3043 987 πιστεύουσιν.
3075 925 3242 977 Ὅταν
3267 923 3376 994 γὰρ
3409 922 3558 975 ἴδωσι
3587 922 3674 975 διὰ
3703 923 3814 974 τῶν

2227 1017 2428 1088 χειρῶν
2458 1017 2564 1071 τῶν
2604 1017 2863 1088 μαθητῶν
2900 1019 2956 1070 ἐν
3012 1016 3291 1084 Πνεύματι
3325 1017 3527 1082 σημεῖα
3573 1012 3808 1078 ἐξαίσια,

2226 1113 2318 1164 καὶ
2343 1111 2545 1179 τέρατα
2580 1111 2850 1178 γινόμενα,
2881 1109 2975 1160 καὶ
3005 1108 3125 1160 οὺδέ
3143 1107 3286 1160 οὕτω
3315 1106 3669 1168 πιστεύσωσι,
3695 1103 3811 1166 πῶς

2224 1203 2286 1255 οὐ
2324 1203 2702 1272 κατακρίσεως
2729 1202 2892 1265 ἄξιοι,
2923 1200 3018 1253 καὶ
3045 1198 3291 1268 ἁμαρτίᾳ
3325 1197 3558 1268 μεγίστῃ
3591 1194 3808 1262 ἐνοχοις

2227 1295 2340 1348 Νῦν
2375 1295 2474 1364 μὲν
2514 1295 2621 1364 γὰρ
2652 1294 2837 1364 έχουσι
2869 1293 3071 1360 λέγειν,
3118 1293 3200 1344 ὅτι
3241 1290 3489 1352 τέκτονος
3528 1289 3642 1358 εἰμι
3671 1289 3808 1352 υίδς,

2225 1393 2304 1444 ὅτι
2339 1387 2589 1450 εύτεὶ-οῦς
2622 1386 2848 1457 μητρὸς,
2913 1385 3091 1438 καίτοι
3133 1384 3226 1436 καὶ
3249 1381 3500 1453 θαύματα
3532 1380 3812 1443 ποιοῦντός

2228 1500 2329 1552 μου
2355 1499 2370 1514 ·
2399 1483 2520 1535 τότε
2552 1481 2609 1534 δὲ
2640 1479 3049 1550 ἀπροφάσιστος
3077 1477 3232 1530 ἐσται
3267 1477 3451 1538 αὐτοῖς
3491 1477 3522 1544 η
3559 1471 3809 1535 ἀπιστία,

2222 1576 2316 1629 τοῦ
2373 1575 2692 1645 Πνεύματος
2749 1574 2807 1625 ἐν
2854 1571 2931 1639 τῷ
2957 1569 3184 1641 ὀνόματί
3215 1586 3316 1639 μου
3345 1565 3571 1621 τοιαῦτα
3627 1567 3813 1617 ἔπιτε-

2225 1667 2465 1730 λούντος.
2507 1685 2525 1718 ι
2564 1667 2700 1734 Περὶ
2726 1662 3000 1736 ἁμαρτίας
3025 1681 3043 1715 ι
3079 1657 3171 1714 οὖν
3205 1660 3404 1722 αὐτοὺς
3435 1677 3454 1709 ι
3491 1656 3742 1724 ἐλέγξει·
3785 1674 3804 1704 ι

2221 1761 2492 1826 τουτέστι,
2555 1757 2716 1823 δείξει
2771 1757 2967 1818 αὐτοὺς
2997 1753 3386 1826 ἡμαρτηκότας
3427 1749 3806 1816 ἀσύγγνωστα.

2233 1870 2252 1904 ι
2292 1853 2401 1906 Καὶ
2469 1851 2599 1922 περὶ
2654 1848 3001 1917 δικαιοσύνης
3051 1865 3070 1899 ι
3132 1847 3189 1900 δέ
3251 1842 3482 1912 ἐλέγξει,
3544 1843 3627 1895 ὃτι
3701 1839 3811 1907 ἐγὼ

2229 1947 2365 2017 πρὸς
2394 1944 2734 2016 τὸνχΠατέρα
2769 1959 2870 2012 μου
2903 1941 3204 2012 πορεύομαι
3231 1955 3245 1969 ο
3279 1935 3556 1990 τουτέστιν
3585 1973 3600 1998 ,
3636 1931 3808 1995 Δείξει

2229 2041 2432 2101 αὐτοῖς,
2466 2039 2548 2091 ὅτι
2578 2036 2786 2099 δίκαιος
2832 2033 2928 2100 ὢν,
2962 2033 3056 2088 καὶ
3109 2031 3348 2099 ἄληπτον
3394 2025 3810 2097 παρασχόμενος

2232 2131 2363 2202 βῖον,
2397 2130 2599 2192 ἀδίκως
2627 2129 2718 2181 ὑπ’
2757 2127 2937 2182 αὐτῶν
2971 2123 3244 2198 ἀνῃρέθην
3268 2138 3281 2152 °
3325 2120 3422 2174 καὶ
3474 2118 3666 2172 τούτου
3699 2117 3808 2168 δεῖ·

2229 2240 2365 2293 γμα,
2406 2222 2467 2275 τὸ
2512 2221 2646 2292 πρὸς
2677 2221 2768 2274 τὸν
2819 2219 3036 2288 Πατέρα
3073 2213 3433 2286 πορεύεσθαι·
3458 2213 3558 2264 οῦκ
3588 2211 3654 2264 ἂν
3680 2208 3808 2277 γὰρ,

2229 2317 2277 2368 εί
2319 2313 2394 2385 μὴ
2413 2313 2618 2374 δίκαιος
2672 2315 2842 2381 ήμην,
2905 2309 3038 2379 πρὸς
3071 2307 3160 2360 τον
3197 2305 3413 2374 Πατέρα
3462 2300 3804 2372 ἀνηρχόμην.

2228 2409 2383 2462 Ἐπεὶ
2411 2406 2520 2475 γὰρ
2551 2404 2624 2468 ὡς
2663 2403 2905 2456 ἀντίθεον
2932 2403 3022 2454 καὶ
3059 2399 3371 2469 παράνομον
3394 2395 3556 2450 αὑτὸν
3588 2393 3807 2460 ἐφόνευε

2231 2517 2352 2564 σαν,
2385 2498 2558 2563 Δείξει
2596 2496 2798 2557 αὐτοῖς,
2838 2494 2991 2562 φησὶ,
3046 2492 3108 2544 τὸ
3140 2490 3386 2559 Πνεῦμα,
3430 2488 3511 2540 ὅτι
3565 2485 3665 2538 οὐκ
3692 2483 3808 2553 εἰμὶ

2229 2591 2486 2650 τοιοῦτος.
2533 2587 2610 2640 Οὐ
2664 2586 2774 2656 γὰρ
2827 2585 2893 2638 ἂν
2949 2582 3190 2646 ἀντίθεος
3241 2581 3318 2634 ὢν
3346 2578 3442 2633 καὶ
3473 2578 3804 2646 παράνομος,

2231 2683 2380 2753 παρὰ
2415 2682 2491 2751 τῷ
2520 2679 2637 2751 Θεῷ
2660 2681 2753 2733 καὶ
2791 2678 3059 2750 νομοθέτῃ
3093 2678 3256 2748 τιμῆς
3285 2675 3576 2746 ἡξιούμην,
3602 2673 3694 2724 καὶ.
3723 2687 3810 2724 τι-

2236 2777 2339 2845 μῆς
2371 2775 2430 2827 οὺ
2461 2773 2820 2844 προσκαίρου,
2849 2771 2966 2825 ἀλλ’
2992 2770 3236 2833 αίωνίας.
3276 2769 3348 2821 Τὸ
3370 2769 3498 2838 γὰρ,
3532 2785 3550 2818 ι
3579 2766 3696 2818 Οὐκ
3730 2763 3808 2816 ἔτι

2232 2866 2485 2937 θεωρεῖτέ
2515 2881 2604 2934 με,
2638 2883 2654 2916 ι
2682 2865 2742 2917 τὸ
2770 2863 2985 2917 αἰώνιον
3037 2863 3135 2932 τῆς
3173 2861 3322 2930 παρὰ
3369 2861 3446 2932 τῷ
3494 2859 3669 2929 Πατρὶ
3695 2858 3808 2912 δια·

2229 2958 2415 3026 γωγῆς
2434 2956 2602 3026 δηλοῖ.
2664 2972 2682 3005 ι
2719 2954 2854 3024 Περὶ
2900 2953 2957 3007 δὲ
3009 2953 3242 3023 κρίσεως
3275 2950 3532 3020 »ἐλέγξει
3589 2950 3805 3012 αὐτοὺς,

2236 3073 2254 3106 ι
2292 3055 2374 3107 ὅτι
2399 3056 2427 3106 ὁ
2455 3055 2638 3123 ἄρχων
2677 3051 2770 3106 τοῦ
2803 3052 3012 3122 κόσμου
3047 3052 3236 3105 τούτου
3278 3050 3565 3121 κέκριται·
3603 3069 3621 3102 ι
3655 3067 3807 3103 τουτ-

2233 3147 2366 3208 έστι,
2397 3145 2502 3198 Καὶ
2518 3147 2580 3197 ἐκ
2607 3145 2796 3198 τούτου
2823 3146 2880 3198 δὲ
2909 3144 3070 3198 πάλιν
3101 3143 3310 3198 δίκαιον
3345 3145 3440 3197 καὶ
3484 3144 3806 3213 ἀναμαρτη-

559 3223 818 3295 Spiritus,
850 3243 917 3282 eo
947 3229 1093 3298 quod
1132 3238 1311 3286 rector
1355 3231 1538 3286 mundi
1568 3245 1596 3284 a
1629 3245 1715 3285 me
1739 3231 2013 3302 judicatus
2043 3241 2121 3286 est

2232 3255 2320 3292 τον
2351 3239 2624 3304 ἀποδείξει
2657 3256 2720 3308 με
2756 3239 2816 3290 τὸ
2840 3237 3085 3308 Πνεῦμα,
3111 3240 3176 3291 ἐκ
3227 3236 3320 3291 τοῦ
3373 3236 3464 3290 τὸν
3493 3237 3808 3306 κοσμοκράε

553 3329 610 3372 et
657 3319 850 3375 victus.
890 3319 1023 3387 Quia
1071 3322 1216 3377 enim
1266 3323 1558 3389 dicebant,
1597 3342 1615 3376 ι
1646 3324 1978 3379 ῡπιιιοηίυιιι
2027 3324 2125 3378 ha-

554 3409 647 3466 bet
665 3410 711 3443 “
736 3428 754 3464 ι
775 3421 851 3478 et,
876 3431 900 3466 ι
921 3411 976 3467 ln
994 3411 1277 3469 Beelzebul
1298 3414 1554 3469 miracula
1570 3415 1698 3470 facit
1717 3417 1782 3482 ‘°,
1814 3434 1833 3468 ι
1860 3425 1935 3483 et,
1972 3433 1992 3468 ι
2016 3415 2126 3470 lm-

554 3513 740 3572 postor
762 3515 843 3561 est
873 3523 886 3560 :
923 3525 942 3559 ι
968 3505 1093 3562 llaec
1133 3507 1334 3573 omnia,
1367 3507 1561 3578 inquit,
1590 3510 1944 3564 ostendentur
1971 3525 2126 3576 vana,

552 3613 674 3652 cum
703 3599 1012 3668 apparuerit
1045 3599 1294 3656 diabolus
1331 3602 1744 3667 condemnatus,
1779 3611 1831 3657 et
1851 3611 2128 3657 ostensum

556 3689 717 3745 fuerit
746 3693 999 3748 omnibus
1029 3695 1171 3762 quod
1221 3709 1250 3747 a
1299 3709 1385 3748 me
1415 3695 1487 3749 sit
1515 3694 1705 3760 victus,
1760 3694 1814 3749 id
1847 3695 1989 3765 quod
2036 3709 2130 3749 ue-

553 3783 868 3852 quivissem,
899 3784 945 3841 si
991 3802 1093 3841 non
1142 3786 1235 3841 illo
1273 3785 1494 3842 fuissem
1539 3787 1753 3856 fortior,
1785 3796 1838 3843 et
1885 3789 1953 3843 ab
1980 3787 2128 3842 omni

556 3886 778 3944 peccato
801 3878 1034 3933 alienus.
1072 3878 1354 3944 Quomodo
1387 3879 1489 3932 hoc
1517 3879 1942 3935 demonstratum
1971 3880 2132 3950 720

555 3966 675 4020 est?
725 3965 828 4022 Per
859 3967 1157 4021 adventum
1197 3967 1432 4036 Spiritus
1467 3983 1656 4023 omnes
1686 3971 1779 4038 qui
1807 3970 2040 4025 credunt
2075 3973 2128 4025 in

555 4057 850 4122 Christum,
912 4058 1236 4114 conculcant
1305 4068 1361 4114 et
1435 4071 1792 4116 contemnunt
1866 4075 2130 4118 rectorem

558 4151 766 4205 mundi.
834 4149 986 4206 Unde
1029 4151 1162 4208 satis
1234 4163 1596 4208 monstratum
1635 4156 1778 4224 quod
1823 4171 1851 4208 a
1911 4157 2129 4211 Christo

555 4243 952 4298 condemnatus
980 4245 1052 4298 sit
1087 4245 1258 4300 multo
1282 4256 1464 4300 antea.
1502 4247 1698 4317 Arguit
1724 4263 1856 4316 ergo
1897 4248 2132 4317 Spiritus

557 4354 652 4395 eos
686 4339 778 4407 qui
830 4355 939 4393 non
989 4341 1238 4405 credunt,
1293 4348 1352 4394 ut
1393 4349 1728 4409 peceatores.
1777 4340 1940 4396 Fides
1985 4342 2130 4396 enim

563 4430 819 4499 baptismi
882 4442 1102 4500 peccata
1145 4432 1303 4486 solvit
1354 4446 1451 4502 per
1494 4422 1891 4488 remissionem.
1928 4432 2130 4502 Oper-as

560 4524 737 4580 tiones
765 4533 942 4579 autem
975 4525 1205 4593 Spiritus
1235 4541 1354 4594 qua:
1382 4534 1643 4594 apparent
1679 4526 1731 4579 in
1775 4526 1858 4580 his
1891 4527 1983 4595 qui
2005 4541 2130 4582 cre-

556 4619 830 4683 diderunt,
861 4633 966 4673 non
997 4621 1128 4673 visae
1165 4628 1292 4674 sunt
1324 4619 1374 4672 in
1409 4619 1494 4673 his
1512 4620 1603 4688 qui
1628 4635 1732 4674 non
1759 4621 2126 4676 crediderunt.
2161 4596 2208 4655 ί)

557 4709 714 4766 Unde
753 4712 1025 4781 redarguti
1053 4721 1178 4766 sunt
1211 4713 1262 4766 in
1307 4727 1436 4766 vasa
1475 4711 1610 4765 mala
1657 4722 1710 4766 et
1753 4711 2125 4782 coinquinata,

556 4804 774 4874 indigna
807 4802 1041 4873 Spiritus
1060 4804 1425 4873 susceptione.
1451 4801 1515 4856 Et
1537 4803 1727 4858 aliter:
1755 4805 1946 4874 Arguit
1971 4821 2130 4859 mun-

557 4899 684 4950 dum
713 4897 804 4965 qui
841 4911 948 4950 non
990 4897 1222 4951 credidit
1282 4893 1520 4962 Spiritus
1560 4897 1625 4951 de
1653 4895 1879 4964 iustitia,
1915 4899 2014 4952 hoc
2047 4907 2129 4953 est

557 4991 683 5058 quia
744 4990 984 5056 privatus
1038 5001 1122 5044 est
1165 4990 1398 5057 justitia,
1454 4989 1579 5058 quia
1633 5005 1739 5044 non
1797 4993 2026 5046 credidit
2074 4992 2128 5046 in

551 5083 758 5150 justum
781 5078 988 5146 Iesum,
1021 5097 1167 5149 eum,
1193 5083 1283 5152 qui
1305 5090 1521 5152 propter
1537 5083 1796 5150 justitiam
1821 5097 2131 5154 assumptus

557 5180 639 5226 est
676 5172 726 5226 in
775 5173 963 5229 malos.
1002 5172 1191 5242 Arguit
1220 5185 1400 5228 autem
1447 5182 1501 5229 et
1531 5175 1858 5233 condemnat
1895 5185 1955 5228 ut
1983 5176 2134 5246 igua-

560 5281 706 5332 vum,
747 5266 872 5335 quia
915 5263 1196 5322 vulnerato
1227 5265 1447 5335 Sataua,
1472 5281 1646 5338 neque
1679 5266 1758 5323 sic
1793 5267 1939 5322 illum
1970 5268 2138 5325 voluit

562 5371 796 5412 vincere.

635 5627 799 5682 Vens.
848 5628 1031 5684 lQ-H.
1073 5646 1093 5682 ‹
1144 5630 1335 5685 Adhuc
1371 5631 1539 5684 multa
1591 5631 1764 5687 habeo
1812 5647 1931 5702 qua:
1977 5631 2130 5687 vobis

560 5720 758 5788 t'icam,
799 5723 894 5777 sed
927 5739 1033 5778 non
1064 5723 1288 5794 potestis
1321 5733 1538 5794 portare
1569 5739 1713 5780 nunc
1740 5743 1754 5780 :
1788 5740 1908 5781 cum
1941 5735 2124 5784 autem

633 5903 677 5938 ’τ’
707 5905 896 5964 Matth.
929 5925 1008 5998 ›ἰ.
1049 5908 1133 5965 l8.
1214 5910 1256 5942 "
1321 5908 1451 5967 Luc.
1510 5925 1586 5978 ts,
1623 5909 1703 5967 l9.

2229 3332 2472 3403 τοραύπ’
2505 3331 2640 3401 ἐμοῦ
2674 3330 3102 3402 κατακριθῆναι,
3152 3331 3246 3384 καὶ
3274 3331 3805 3401 καταπαλαισθῆναι.

2244 3423 2462 3494 Ἐπειδῆ
2491 3424 2594 3492 γὰρ
2620 3423 2825 3490 ἔλεγον,
2861 3423 2944 3475 ὅτι
2977 3440 2996 3474 ι
3030 3423 3315 3493 Δαιμόνιον
3346 3423 3478 3493 ἔχει,
3525 3441 3544 3473 ι
3585 3423 3676 3476 καὶ
3726 3425 3809 3475 ὅτι

2237 3534 2256 3568 ι
2311 3517 2400 3568 Ἐν
2434 3515 2510 3584 τῷ
2537 3513 2863 3577 Βεελ.ζε6οὺλ
2896 3512 3151 3584 θαύματα
3187 3515 3348 3575 ποιεῖ,
3375 3532 3392 3564 ι
3424 3513 3516 3566 καὶ
3552 3531 3569 3564 ι
3601 3512 3809 3574 Πλάνος

2233 3607 2386 3660 ἐστί’
2422 3625 2441 3658 ι
2473 3605 2659 3659 Ταῦτα
2695 3607 2895 3671 πάντα,
2956 3607 3121 3675 φησὶ,
3186 3605 3557 3675 δειχθήσονται
3583 3606 3807 3672 μάταια,

2232 3699 2560 3769 κατακρίτου
2583 3697 2842 3766 φανέντος
2871 3697 2964 3750 τοῦ
2987 3697 3255 3759 διαϐόλου,
3291 3698 3382 3750 καὶ
3406 3698 3540 3749 πᾶσι
3570 3696 3812 3765 δειχθένο

2230 3809 2342 3856 τος,
2375 3791 2456 3844 ὅτι
2483 3790 2574 3842 ὑπ’
2613 3790 2745 3860 ἐμοῦ
2778 3790 3056 3860 νενίκηται
3078 3804 3091 3818 ·
3127 3790 3265 3860 ὅπερ
3293 3789 3393 3842 οὐκ
3424 3789 3490 3842 ἂν
3516 3789 3808 3858 ἠδυνήθην,

2231 3885 2278 3935 εί
2318 3882 2394 3952 μὴ
2424 3883 2770 3953 ἰσχυρότερος
2801 3881 2964 3935 αὑτοῦ
2996 3883 3165 3954 ἤμην,
3209 3883 3303 3935 xui.
3331 3882 3512 3950 πάσης
3538 3881 3812 3951 ἁμαρτίας

2231 3975 2529 4046 ἀλλότριος.
2565 3975 2686 4037 Πῶς
2716 3974 2770 4028 δὲ
2797 3974 3008 4046 ἐδείχθη
3033 3974 3228 4038 τοῦτο;
3258 3974 3333 4046 Τῇ
3369 3973 3464 4027 τοῦ
3497 3975 3815 4044 Πνεύματος

2232 4061 2506 4134 παρουσία
2535 4065 2735 4126 πάντες
2757 4064 2808 4116 οἱ
2852 4063 3200 4128 πιστεύοντες
3239 4064 3319 4124 είς
3361 4061 3614 4130 Χριστὸν,
3641 4077 3814 4114 κατα-

2234 4159 2464 4226 πάτημα
2519 4157 2614 4209 καὶ
2676 4154 2833 4225 ὓϐριν
2885 4155 3165 4209 ἐποιοῦντο
3226 4155 3318 4208 τὸν
3369 4153 3811 4223 κοσμοκράτορα.

2233 4248 2445 4301 Οὐκοῦν
2503 4247 2772 4300 ἐδείκνυτο
2831 4248 2894 4300 ἐκ
2923 4247 3148 4311 τούτων,
3184 4246 3278 4300 καὶ
3325 4246 3407 4310 ὅτι
3439 4245 3544 4298 ὑπὸ
3575 4243 3811 4314 Χριστοῦ

2236 4339 2631 4410 κατακέκριται
2682 4338 2863 4409 πολλῷ
2920 4340 3207 4411 πρότερον.
3250 4337 3482 4406 Ἧλεγξε
3531 4336 3710 4390 τοίνυν
3751 4335 3816 4388 τὸ

2236 4431 2461 4500 Πνεῦμα
2498 4431 2622 4494 τοὺς
2657 4431 2730 4502 μὴ
2765 4431 3166 4494 πιστεύσαντας
3196 4431 3271 4494 ὡς
3320 4429 3703 4501 ἁμαρτωλούς.
3747 4426 3811 4480 ’Π

2235 4525 2342 4593 γὰρ
2365 4523 2542 4586 πίστις
2565 4525 2837 4596 ἁμαρτίας
2857 4524 2973 4576 λύει
3003 4524 3088 4578 διὰ
3109 4527 3204 4592 τῆς
3228 4525 3474 4594 ἀφέσεως
3497 4523 3591 4577 τοῦ
3621 4524 3814 4591 βαπτί-

2240 4633 2462 4682 σματος.
2510 4617 2597 4669 Ἐν
2629 4616 2684 4669 δὲ
2714 4619 2826 4680 τοίς
2870 4617 3226 4670 πιστεύσασιν
3258 4618 3313 4670 αί
3367 4619 3688 4687 φαινόμεναι
3719 4615 3813 4668 τοῦ

2237 4708 2555 4779 Ιινεύματος
2596 4709 2888 4779 ἐνέργειαι,
2939 4711 2995 4762 ἐν
3023 4712 3134 4772 τοῖς
3167 4708 3417 4771 ἀπίστοις
3442 4709 3538 4778 οὐχ
3568 4709 3812 4778 ὡρῶντο.

2236 4803 2398 4857 Ὅθεν
2420 4803 2712 4873 ἠλέγχοντο
2739 4802 2906 4872 σκεύη
2943 4803 3174 4873 πονηρὰ,
3220 4804 3314 4855 καὶ
3351 4805 3540 4871 ἐναγῆ,
3567 4803 3659 4855 καὶ
3679 4803 3811 4856 ἀνά-

2237 4895 2322 4960 ξια
2355 4895 2456 4964 τῆς
2493 4895 2586 4947 τοῦ
2614 4893 2931 4965 Πνεύματος
2983 4898 3302 4966 χωρήσεως.
3357 4897 3465 4948 Καὶ
3514 4895 3688 4958 ἄλλως
3715 4894 3810 4946 δέ’

2247 4987 2494 5062 Ἐλέγχει
2549 4986 2641 5040 τὸν
2675 4988 3056 5056 ἀπιστήσαντα
3097 4989 3300 5057 κόσμον
3337 4986 3399 5039 τὴ
3432 4987 3658 5056 Πνεῦμα
3685 4986 3813 5055 περὶ

2236 5078 2600 5148 δικαιοσύνης,
2635 5081 2932 5145 τουτέστιν,
2974 5080 3056 5133 ὅτι
3101 5080 3389 5150 ἐστέρηται
3443 5078 3810 5147 δικαιοσύνης,

2235 5172 2265 5224 ὁ
2306 5169 2380 5242 μὴ
2408 5173 2680 5224 πιστεύων
2709 5173 2788 5233 είς
2827 5173 2918 5226 τὸν
2964 5171 3171 5224 δίκαιον
3233 5167 3456 5241 Ἰησοῦν,
3485 5169 3575 5222 τὸν
3617 5169 3702 5222 διὰ
3739 5169 3817 5221 δι-

2237 5263 2531 5333 καιοσύνην
2565 5263 2946 5333 ἀναληφθέντα
2992 5265 3070 5326 είς
3105 5262 3389 5333 οὐρανούς.
3451 5261 3691 5332 Ἐλέγχει
3721 5261 3816 5314 καὶ

2239 5356 2559 5426 κατακρίνει
2607 5355 2704 5410 καὶ
2747 5355 2823 5419 ὡς
2878 5355 3152 5427 ῥᾴθυμον,
3186 5353 3815 5432 ὅτι.καταθραυσθέντος

2238 5445 2333 5498 τοῦ
2367 5447 2602 5512 Σατανᾶ,
2661 5446 2782 5500 οῦδὲ
2837 5447 3006 5510 οὕτως
3060 5445 3226 5500 αὑτοῦ
3264 5446 3496 5517 ἠθέλησε
3533 5444 3817 5515 περιγενέ-

2241 5539 2384 5593 σθαι.

2317 5652 2335 5684 ι
2377 5634 2499 5686 Ἔτι
2541 5633 2711 5687 πολλά
2765 5633 2872 5704 ἔχω
2913 5634 3093 5702 λέγειν
3149 5633 3296 5703 ὑμῖν,
3351 5632 3467 5687 ἀλλ’
3494 5631 3554 5685 ού
3582 5630 3814 5684 δύνασθε

2239 5724 2530 5796 βαστάζειν
2569 5726 2715 5796 ἄρτι.
2747 5727 2990 5781 Ὀτανδέ
3021 5725 3148 5798 ἔλθῃ
3198 5728 3424 5794 ἐκεῖνος,
3478 5724 3537 5778 τὸ
3583 5722 3814 5794 Πνεῦμα
