4056 6596
274 484 373 553 213

889 484 1332 546 ENARRATIO
1372 484 1453 547 IN
1494 485 1994 549 EVANGELIUM
2033 482 2377 549 JOANNIS.
2420 512 2486 525 -
2521 484 2680 547 CAP.
2722 484 2873 546 XVI.

3406 470 3514 539 2M

273 604 369 672 τῆς
387 598 648 671 ἀληθείας,
677 597 931 669 ὁδηγήσει
952 600 1095 669 ὑμᾶς
1116 602 1197 665 εἰς
1220 603 1401 656 πᾶσαν
1419 603 1518 674 τὴν
1545 602 1825 676 ἀλήθειαν.

1946 607 2143 662 venerit
2175 604 2265 661 ille
2306 605 2398 676 qui
2435 614 2520 660 est
2542 603 2791 674 Spiritus
2822 599 3091 662 veritatis,
3124 596 3292 652 ducet
3339 611 3432 647 vos
3462 594 3516 647 in

272 692 342 744 οὐ
390 690 496 759 γάρ
548 687 767 758 λαλήσει
801 689 893 758 ἀφ’
924 690 1142 757 ἑαυτοῦ,
1204 691 1323 745 ἀλλ’
1368 694 1469 747 ὅσα
1500 693 1567 747 ἂν
1597 695 1831 768 ἀκούσῃ,

275 782 500 852 λαλήσει,
531 781 624 833 καὶ
648 778 715 834 τὰ
761 782 1033 851 ἐρχόμενα
1081 784 1374 852 ἀναγγελεῖ
1392 787 1542 855 ὑμῖν.
1591 787 1835 852 Ἐκεῖνος

275 874 362 937 ἐμὲ
393 872 621 936 δοξάσει,
652 871 732 925 δτι
756 872 822 925 ὲκ
850 871 945 925 τοῦ
971 872 1107 943 ἐμοῦ
1136 875 1389 946 λήψεται,
1417 878 1514 932 καλ⁸
1541 879 1837 947 ἀναγγελεῖ

272 965 409 1034 ὑμῖν.
439 964 618 1017 Πάντα
647 965 749 1018 ὅσα
781 964 894 1033 ἔχει
921 966 950 1018 ό
979 966 1189 1038 Πατὴρ,
1217 970 1327 1039 ἐμά
1366 971 1483 1023 ἐστι
1505 988 1519 1003 ·
1560 971 1647 1025 διὰ
1678 971 1838 1025 τοῦτο

272 1053 428 1119 εἷπον,
449 1057 531 1109 ὅτι
547 1058 612 1109 ἐκ
629 1057 722 1109 τοῦ
748 1057 883 1127 ἐμοῦ
907 1058 1160 1130 λήψεται,
1192 1061 1286 1114 καὶ
1314 1063 1609 1131 ἀναγγελεῖ
1633 1064 1780 1135 ὑμῖν.
1811 1081 1830 1115 ι

272 1147 437 1202 Είπὼν
466 1146 596 1209 ἀνω,
638 1149 720 1201 ὅτι
745 1167 764 1201 ι
804 1151 1079 1221 Συμφέρει
1110 1152 1263 1223 ὑμῖν,
1289 1152 1377 1208 ἵνα
1408 1154 1649 1221 ἀπέλθω,
1688 1174 1708 1207 ι
1741 1155 1835 1209 νῦν

274 1240 512 1294 πλατύνει
540 1240 722 1307 τοῦτο,
752 1243 845 1295 καί
869 1260 1054 1314 φησιν,
1085 1245 1169 1298 ὅτι
1200 1264 1221 1298 ι
1254 1244 1368 1300 Νῦν
1402 1246 1501 1317 μὲν
1520 1248 1581 1300 οὐ
1605 1247 1837 1302 δύνασθε

275 1332 565 1403 βαστάζειν·
595 1331 691 1386 ἐὰν
714 1333 771 1387 δὲ
794 1333 921 1409 ἔλθῃ
951 1337 1177 1399 ἐκεῖνος,
1207 1356 1227 1389 ι
1256 1339 1378 1391 τότε
1403 1338 1468 1409 δὴ
1497 1339 1605 1392 τῶν
1629 1338 1839 1395 ἐκείνου

274 1429 667 1491 ἀπολαύσαντες
696 1430 957 1500 χαρίτων,
984 1432 1063 1493 είς
1090 1434 1272 1485 πᾶσαν
1320 1433 1418 1502 τὴν
1470 1432 1729 1503 ἀλήθειαν
1758 1432 1841 1486 ὁδ-

271 1516 618 1586 ηγηθήσεσθε.
645 1518 811 1572 Ποίαν
832 1520 889 1573 δὲ
920 1519 1179 1591 ἀλήθειάν
1205 1537 1360 1592 φησι,
1387 1522 1419 1593 ἢ
1442 1523 1539 1592 τὴν
1559 1540 1625 1576 πε
1634 1523 1687 1593 pi
1704 1522 1843 1576 πάν-

268 1631 367 1665 των
395 1611 628 1680 γ-ιῶσιν;
686 1614 859 1676 Αὐτὸς
919 1613 1020 1683 μὲν
1071 1613 1179 1685 γάρ
1231 1616 1258 1666 ὁ
1294 1612 1498 1683 Κύριος
1527 1614 1681 1666 οὐδὲν
1711 1613 1841 1684 περὶ

271 1702 450 1757 ἑαυτοῦ
480 1706 626 1774 μέγα
654 1704 954 1773 ἐφθέγξατο
975 1721 990 1736 ο
1014 1704 1131 1775 ἅμα
1159 1705 1258 1773 μὲν
1280 1704 1377 1758 καὶ
1405 1702 1841 1774 ταπεινοφροσύ-

270 1813 358 1865 νης
380 1796 582 1858 τύπους
616 1797 813 1861 διδοὺς,
847 1796 963 1865 ἅμα
982 1796 1041 1848 δὲ
1068 1798 1163 1848 καὶ
1183 1795 1268 1849 διὰ
1301 1795 1399 1866 τὴν
1424 1794 1707 1848 ἀσθένειαν
1732 1794 1840 1847 τῶν

271 1886 650 1955 ἀκροωμένων,
703 1886 802 1939 καὶ
834 1888 932 1957 τὴν
961 1886 1070 1939 τῶν
1106 1885 1375 1939 Ἰουδαίων
1421 1884 1835 1955 ἀγνωμοσύνην.

281 1976 546 2030 ’Δλλόὑόὲ
591 1977 689 2049 τήν
715 1978 823 2032 τῶν
864 1979 1107 2048 νομικῶν
1144 1977 1635 2049 παρατηρήματων
1674 1975 1837 2030 ἔκλυ-

272 2087 348 2124 σιν
374 2071 623 2141 φανερῶς
673 2072 967 2142 εἰσηγεῖτο,
1006 2071 1091 2124 ἵνα
1147 2070 1221 2142 μὴ
1251 2071 1496 2134 ἀντίθεος
1524 2072 1656 2123 πᾶσι
1690 2069 1836 2142 δόξῃ.

270 2162 366 2215 Τοῦ
400 2163 455 2217 δὲ
489 2163 853 2235 Παρακλήτου
882 2163 1150 2230 ἐλθόντος,
1200 2165 1236 2234 ¹ή
1270 2180 1328 2215 τε
1385 2162 1480 2217 τοῦ
1540 2161 1667 2215 Υίοῦ
1714 2161 1842 2226 ἀξία

271 2254 615 2326 διετρανὼθη,
655 2257 750 2309 καλ⁵
779 2258 811 2326 ή
843 2255 1049 2327 ἀληθὴς
1082 2257 1212 2327 περὶ
1237 2256 1458 2310 πάντων
1489 2255 1689 2323 γνῶσις
1721 2254 1840 2318 εξε-

272 2347 422 2419 φάνη,
456 2348 685 2401 καὶτῶν
712 2349 899 2402 τύπων
937 2348 1048 2402 τῶν
1082 2348 1324 2418 νομικῶν
1357 2346 1628 2417 ἀρθέντων
1652 2348 1715 2399 ὲκ
1747 2347 1841 2417 μέ-

272 2454 378 2501 σου,
403 2441 491 2492 καὶ
540 2438 1027 2510 καταργηθέντων,
1078 2440 1159 2502 είς
1188 2439 1288 2510 τὴν
1332 2437 1591 2509 ἀληθινὴν
1635 2439 1729 2491 καλ⁵
1782 2437 1841 2490 ὲν

275 2532 537 2600 πνεύματι
605 2532 864 2603 λατρείαν
923 2531 1311 2603 ὡδηγήθημεν,
1346 2531 1436 2585 διὰ
1466 2529 1576 2584 τῶν
1599 2529 1843 2600 σημείων

274 2624 373 2676 τῶν
402 2626 458 2677 ὲν
479 2624 765 2694 Πνεῦματι
804 2624 1165 2691 τελουμένων,
1195 2622 1590 2694 βεϐαιωθείσης
1629 2621 1728 2693 τῆς
1755 2619 1844 2673 πί-

277 2732 450 2780 στεως.
477 2713 614 2770 Εἶτα
643 2716 834 2788 ἐπειδὴ
860 2717 1073 2788 μεγάλα
1098 2716 1219 2771 τινὰ
1240 2712 1362 2770 εἷπε
1398 2716 1525 2786 περὶ
1550 2715 1644 2768 τοῦ
1672 2713 1846 2768 Πνεύ-

276 2823 450 2879 ματος,
504 2809 600 2863 ἵνα
662 2808 738 2880 μὴ
766 2807 1032 2878 νομίσωσί
1097 2824 1265 2872 τινες,
1315 2808 1397 2860 ὅτι
1440 2805 1645 2877 μείζων
1676 2803 1842 2859 αὐτοῦ

274 2901 380 2953 ἐστι
408 2900 465 2953 τὸ
486 2900 739 2970 Πνεῦμα,
766 2899 819 2953 el
841 2915 906 2968 γε
958 2898 1091 2953 αὐτὸ
1114 2900 1373 2971 ὁδηγήσει
1401 2900 1538 2970 πρὸς
1576 2894 1689 2970 τὴκί
1709 2900 1844 2970 ἀλή-

275 2989 556 3054 θειαν,καὶ
604 2993 816 3061 ποιήσει
872 2992 1216 3062 χωρητικοὺς
1264 2990 1364 3044 καὶ
1402 2991 1685 3054 δεκτικοὺς
1735 2989 1844 3046 τῶν

276 3080 468 3134 πολλῶν
502 3081 603 3134 καὶ
629 3081 900 3152 μεγάλων,
925 3080 983 3148 ἀ,
1009 3081 1105 3134 τοῦ
1137 3082 1374 3152 Χριστοῦ
1425 3082 1712 3152 παρόντος,
1744 3082 1846 3135 οὐκ

273 3171 520 3242 ἠδύναντο
553 3172 825 3243 βαστάσαι
848 3189 863 3204 ⁸
908 3173 997 3227 ἵνα
1022 3168 1116 3227 οὖν
1146 3175 1218 3244 μὴ
1253 3173 1411 3226 τοῦτο
1435 3173 1688 3244 νομισθῇ,
1720 3173 1845 3226 ἑπι-

1933 710 2149 751 omnem
2179 696 2483 752 veritatem.
2524 695 2638 749 Non
2671 693 2813 748 enim
2843 692 3092 761 loquetur
3118 704 3148 744 a
3180 686 3472 756 semetipso
3494 698 3515 740 :
3546 744 3551 749 ,

1935 788 2031 844 sed
2062 802 2400 858 quaecunque
2448 783 2707 853 audierit,
2755 785 3050 855 laquetur:
3094 790 3146 837 et
3183 794 3302 849 quae
3339 779 3517 833 tutura

1936 866 2082 945 sunt,
2114 881 2458 935 annuntiabit
2491 879 2665 935 vobis.
2706 877 2800 932 llle
2851 891 2935 930 tne
2984 871 3331 944 gloriﬁcabit,
3375 870 3508 939 quia

1938 981 2003 1031 de
2037 991 2157 1032 meo
2189 974 2438 1045 accipiet,
2478 983 2532 1029 et
2563 969 2909 1027 annnntiabit
2938 968 3111 1024 vobis.
3140 964 3334 1021 Omnia
3362 976 3514 1034 quae-

1937 1083 2153 1138 cunque
2180 1069 2338 1123 habet
2364 1066 2544 1130 Pater,
2572 1080 2688 1120 mea
2712 1075 2871 1127 sunt;
2904 1070 3186 1141 pr0pterea
3214 1058 3325 1113 dixi
3365 1057 3510 1127 quod

1939 1162 2005 1216 de
2031 1176 2151 1215 meo
2180 1159 2431 1228 accipiet,
2457 1172 2510 1213 ct
2531 1156 2879 1213 annuntiabit
2903 1154 3106 1210 vobis.»
3135 1151 3272 1208 Cum
3297 1151 3520 1204 dixisset

1938 1268 2121 1324 supra,
2154 1273 2172 1307 ι
2219 1254 2449 1324 Expedit
2476 1253 2631 1307 vobis
2660 1260 2718 1306 ut
2753 1251 2965 1316 abeam,
3002 1266 3021 1301 ι
3052 1262 3193 1303 nunc
3222 1246 3326 1301 hoc
3357 1244 3518 1297 latius

1936 1348 2306 1417 prosequitur,
2349 1355 2402 1401 et
2443 1345 2575 1401 dicit
2600 1344 2743 1419 quod
2783 1360 2802 1395 ι
2839 1341 2996 1397 Nunc
3026 1339 3243 1408 quidem
3279 1352 3380 1391 non
3413 1348 3513 1404 po-

1943 1439 2092 1494 testis
2118 1447 2374 1509 portare:
2408 1438 2452 1492 si
2484 1449 2660 1492 autem
2689 1434 2896 1491 venerit
2924 1434 3034 1499 ille,
3074 1451 3092 1484 ι
3125 1440 3254 1485 tunc
3277 1426 3519 1483 fruentes

1941 1530 2082 1585 illius
2106 1530 2295 1598 ,douis,
2339 1531 2393 1585 in
2423 1544 2640 1584 omnem
2677 1528 2963 1582 veritatem
3015 1522 3310 1579 dut-entini.
3343 1521 3521 1588 Quam

1940 1630 2122 1674 autem
2177 1620 2461 1675 veritatem
2520 1618 2698 1688 inquit
2748 1616 2850 1671 nisi
2900 1614 3180 1671 scientiam
3228 1612 3297 1668 de
3339 1609 3522 1671 omni-

1944 1713 2082 1768 bus?
2126 1711 2257 1768 Nam
2295 1712 2431 1767 nihil
2480 1713 2545 1766 de
2584 1726 2643 1766 se
2690 1724 2943 1781 magnum
2980 1709 3096 1778 ipse
3125 1707 3388 1761 Dominus
3435 1704 3520 1758 lo-

1942 1816 2097 1861 cutus
2144 1816 2265 1860 est:
2311 1806 2506 1875 partim
2546 1805 2680 1859 dans
2724 1802 2878 1858 nobis
2916 1800 3143 1871 ﬁguram
3177 1796 3513 1860 humilitatis,

1944 1900 2140 1969 partim
2190 1908 2243 1954 et
2278 1909 2501 1969 propter
2536 1896 2903 1952 inﬁrmitatem
2935 1894 3295 1958 audientium,
3333 1901 3388 1946 et
3434 1891 3521 1945 in-

1945 1991 2327 2063 gratitudinem
2366 1988 2675 2044 .Imlaaorum
2706 2005 2720 2055 ;
2753 1996 2808 2042 at
2839 2001 3013 2057 neque
3050 1985 3297 2055 legalium
3329 1985 3521 2039 obser—

1948 2082 2220 2136 vationum
2282 2081 2607 2136 solutionem
2659 2078 2946 2134 manifeste
3010 2077 3407 2143 introduxerat,
3462 2083 3524 2129 ut

1944 2184 2010 2228 ne
2048 2173 2158 2227 Deo
2191 2176 2498 2228 c0ntrarius
2551 2172 2827 2225 videretur
2861 2169 3133 2225 omnibus.
3186 2167 3287 2223 Ubi
3339 2176 3519 2222 autem
3578 2204 3583 2213 .

1942 2266 2092 2320 venit
2119 2264 2458 2331 Paracletus,
2506 2273 2560 2320 et
2592 2262 2937 2319 manifestata
2984 2263 3086 2316 fuit
3114 2262 3345 2331 dignitas
3374 2258 3519 2326 Filii,

1943 2368 1998 2412 et
2040 2373 2163 2412 vera
2211 2358 2280 2412 de
2325 2358 2580 2412 onmibus
2642 2355 2873 2410 scicntia
2922 2354 2976 2408 in
3027 2354 3201 2407 lucem
3239 2352 3519 2422 producta,

1946 2450 2159 2506 abolitis
2207 2458 2262 2505 et
2314 2448 2543 2504 sublatis
2586 2462 2617 2503 e
2658 2448 2837 2502 medio
2896 2446 3085 2514 ﬁguris
3137 2443 3417 2514 legalibus,
3464 2444 3521 2498 iu

1947 2553 2132 2594 verum
2179 2529 2235 2594 et
2282 2538 2618 2608 Spiritualem
2673 2538 2879 2592 cultum
2926 2537 3135 2591 inducti
3173 2536 3381 2598 sumus,
3425 2548 3525 2603 per

1944 2626 2099 2696 signa
2139 2641 2258 2696 qua:
2293 2628 2344 2680 in
2377 2624 2579 2695 Spiritu
2613 2625 2767 2691 ﬁunt,
2796 2624 3118 2680 conﬁrmata
3164 2622 3290 2677 ﬁde.
3318 2620 3524 2677 Deinde

1945 2720 2070 2789 quia
2117 2734 2310 2788 magna
2368 2718 2614 2789 quaedam
2676 2720 2888 2773 dixerat
2937 2718 3002 2773 de
3056 2715 3305 2786 Spiritu,
3359 2726 3526 2771 utne

1945 2820 2134 2882 putent
2168 2811 2334 2882 aliqui
2382 2812 2526 2881 quod
2566 2810 2741 2881 major
2786 2810 2904 2880 ipso
2937 2811 3010 2866 sit
3038 2808 3316 2880 Spiritus,
3350 2810 3524 2880 siqui-

1945 2903 2068 2958 dem
2098 2902 2212 2969 ipse
2239 2903 2290 2955 in
2323 2902 2607 2957 veritatem
2637 2901 2708 2956 sit
2738 2900 3170 2965 introducturus,
3204 2910 3259 2956 et
3279 2900 3525 2955 facturus

1946 3009 2172 3065 capaces
2192 2993 2458 3064 majorum
2480 3004 2537 3048 et
2566 2993 2797 3062 plurium
2824 3008 2965 3063 quae,
2997 2992 3213 3049 Christo
3236 3004 3526 3063 praesente,

1948 3098 2166 3158 portare
2200 3102 2304 3143 non
2354 3097 2603 3158 poterant
2642 3105 2657 3142 :
2695 3100 2763 3141 ne
2810 3087 2977 3158 igitur
3029 3086 3129 3142 hoc
3178 3086 3301 3157 quis
3336 3085 3526 3141 existi-

1949 3191 2078 3247 met,
2116 3181 2382 3235 subditzc
2433 3177 2550 3234 Non
2592 3179 2738 3234 enim
2778 3178 3029 3248 loquetur
3058 3192 3088 3233 a
3137 3178 3450 3248 semetipso,
3500 3196 3522 3230 ι

256 3265 453 3338 ρφέρειο
488 3284 508 3318 ι
558 3267 639 3321 Οὐ
670 3265 780 3337 γὰρ
812 3265 1035 3338 λαλήσει
1076 3267 1168 3337 ἀφ’
1201 3267 1432 3321 ἑαυτοῦο
1495 3285 1514 3319 ι
1544 3265 1841 3331 τουτέστιν,

1951 3272 2052 3327 hoc
2081 3278 2185 3335 est,
2213 3270 2349 3325 nihil
2384 3269 2658 3341 proprium
2686 3268 2937 3339 loquetur
2970 3280 3161 3356 praeter
3205 3284 3342 3322 mea.
3388 3267 3528 3323 Cum

276 3358 428 3411 Οὐδὲν
459 3359 597 3413 ἴδιον
629 3359 778 3430 παρά
803 3358 872 3412 τὰ
897 3360 1005 3429 ὲμά
1038 3360 1176 3429 ἐρεῖ.
1231 3360 1304 3412 Τὸ
1334 3359 1444 3430 γὰρ
1464 3398 1479 3423 ,
1522 3379 1542 3411 ι
1598 3358 1741 3413 Ὀσα
1777 3359 1844 3413 ἂν

276 3448 494 3522 ἀκούσῃ.
539 3470 560 3502 ι
598 3448 756 3502 τοῦτο
778 3450 949 3521 δηλοῖ,
986 3449 1046 3503 τὸ
1074 3450 1247 3520 μηδὲν
1270 3450 1427 3513 me;
1452 3450 1561 3504 τῶν
1582 3450 1674 3503 τοῦ
1711 3451 1846 3520 Χρι-

278 3542 393 3593 στοῦ
417 3542 654 3607 διδάξαι.
700 3543 911 3613 Ὥσπερ
941 3538 1034 3596 οὖν
1066 3543 1158 3595 καὶ
1187 3541 1354 3604 αὐτὸς
1376 3542 1403 3595 ὁ
1436 3542 1643 3613 Κύριος
1672 3541 1848 3610 λέγων

278 3634 398 3704 περὶ
445 3636 672 3701 ἑαυτοῦ,
727 3637 808 3690 ὅτι
843 3653 863 3688 ι
917 3636 1058 3690 Ὅσα
1090 3636 1300 3707 ηκουσα
1328 3636 1478 3707 παρά
1507 3636 1597 3689 τοῦ
1638 3636 1851 3707 Πατρός

281 3743 370 3796 μου
393 3727 558 3795 λαλῶ,
602 3746 622 3780 ι
653 3729 714 3780 οὐ
741 3727 1125 3798 διδασκόμενον
1153 3727 1347 3782 ἑαυτὸν
1395 3729 1606 3795 εἰσάγει
1659 3726 1852 3797 ὥσπερ

277 3830 326 3871 τι
346 3819 552 3890 νήπιον,
580 3819 696 3872 ἀλλ’
728 3820 811 3874 ὃτι
845 3819 997 3874 οὐδὲν
1028 3819 1185 3884 ἐκτὸς
1212 3820 1321 3874 τῶν
1350 3818 1445 3874 τοῦ
1482 3819 1698 3890 Πατρδς
1728 3816 1853 3873 οὔτε

1952 3366 2095 3421 enim
2139 3364 2298 3431 dicit,
2346 3382 2367 3416 ι
2405 3363 2759 3432 Quaecunque
2808 3361 3062 3429 audierit,
3107 3379 3126 3413 ι
3180 3362 3283 3416 hoc
3353 3361 3531 3431 signat

1952 3459 2094 3529 quod
2145 3458 2277 3512 nihil
2330 3459 2588 3512 docturus
2637 3457 2708 3511 sit
2763 3464 2920 3511 extra
2973 3469 3037 3509 ca
3103 3468 3223 3522 quae
3274 3451 3530 3507 Christus

1955 3548 2168 3603 docuit.
2236 3547 2392 3602 Sicut
2438 3546 2601 3618 igitur
2639 3555 2695 3600 et
2753 3545 3009 3600 Dominus
3061 3544 3173 3614 ipse
3231 3543 3416 3599 dicens
3464 3544 3533 3597 de

1953 3653 2034 3704 se,
2073 3656 2092 3690 ι
2133 3636 2481 3706 Quaecunque
2518 3634 2698 3690 audivi
2749 3649 2779 3688 a
2825 3634 2987 3689 Patre
3035 3648 3177 3697 meo,
3226 3632 3460 3702 loquor:
3506 3652 3526 3685 ι

1955 3739 2062 3778 non
2121 3733 2181 3778 ut
2228 3725 2526 3778 discentem
2583 3731 2639 3776 et
2688 3737 2913 3790 puerum
2959 3736 3019 3777 se
3071 3720 3383 3787 introducit,
3435 3723 3534 3777 sed

1955 3816 2097 3886 quod
2135 3815 2268 3870 nihil
2301 3815 2380 3869 vel
2432 3816 2573 3881 sciat
2608 3816 2689 3870 vel
2728 3814 2942 3880 doceat,
2977 3828 3141 3884 quam
3180 3828 3299 3883 quae
3323 3814 3483 3868 Pater
3514 3832 3529 3868 :

277 3918 545 3979 γινώσκει,
574 3910 702 3966 οὔτε
733 3911 1004 3966 διδάσκει*
1046 3911 1189 3967 οὕτω
1228 3914 1323 3967 καλ⁸
1354 3912 1483 3984 περὶ
1533 3912 1627 3966 τοῦ
1680 3911 1844 3966 Πνεῦ-

1960 3908 2033 3960 ita
2068 3915 2122 3960 et
2152 3906 2217 3961 de
2249 3904 2453 3974 Spiritu
2487 3904 2798 3961 dicendum.
2841 3904 2998 3972 Quod
3025 3915 3207 3961 autem
3239 3919 3350 3960 non
3394 3921 3532 3976 opus

283 4020 440 4071 ματος
480 4019 497 4036 ·
524 4004 662 4058 ἐπεὶ
706 4005 788 4058 ὅτι
822 4006 883 4058 οὐ
932 4005 1103 4058 δεῖται
1144 4004 1494 4080 διδασκαλυις
1516 4004 1579 4056 τὸ
1607 4004 1844 4075 Πνεῦμα,

1958 3998 2157 4054 habeat
2203 3998 2360 4068 721
2406 3997 2630 4054 doctore
2686 3996 2945 4068 Spiritus,
2998 3999 3122 4053 audi
3165 3998 3391 4054 Paulum
3445 3997 3531 4054 di-

277 4094 496 4149 ἄκουσον
527 4096 587 4151 τί
618 4112 785 4167 φησιν
813 4099 840 4151 6
874 4097 1085 4161 Παῦλος
1106 4114 1120 4129 ο
1160 4116 1179 4149 ι
1213 4097 1423 4167 Ὥσπερ
1451 4096 1622 4160 οὐδεὶς
1647 4091 1753 4149 οίδε
1788 4096 1844 4149 τᾶ

1955 4101 2208 4147 centem:
2259 4109 2280 4143 ι
2321 4092 2765 4158 Quemadmodun
2810 4092 2990 4146 nullus
3029 4090 3178 4147 novit
3231 4094 3352 4160 quae
3428 4090 3535 4146 ho-

275 4182 363 4237 τοῦ
382 4183 700 4257 ἀώρώτιου,
732 4188 781 4240 εί
826 4168 902 4257 μή
926 4185 989 4239 τὸ
1026 4186 1245 4257 πνεῦμα
1287 4186 1436 4251 τδ,ὲν
1488 4185 1671 4256 αὐτῷ·
1713 4184 1844 4239 οὖτα

1960 4184 2122 4240 minis
2153 4193 2300 4249 sunt,
2337 4182 2449 4239 nisi
2493 4184 2720 4254 spiritus
2751 4183 2841 4254 qui
2877 4192 2960 4238 est
3003 4183 3057 4237 in
3089 4198 3153 4239 co
3183 4201 3196 4237 :
3231 4183 3304 4238 ita
3334 4190 3390 4238 et
3416 4197 3537 4251 qua:

278 4277 366 4329 καὶ
406 4277 475 4331 τὰ
504 4277 607 4332 τοῦ
651 4278 788 4331 Θεοῦ
826 4278 1002 4342 οὐδεὶς
1023 4273 1188 4342 οἶδεν,
1221 4280 1271 4332 εί
1297 4280 1372 4350 μὴ
1395 4280 1455 4332 τὸ
1495 4280 1725 4352 Πνεῦμα
1758 4279 1844 4334 τοῦ

1962 4276 2079 4342 Dei,
2116 4275 2295 4331 nullus
2326 4276 2491 4342 novit,
2512 4275 2614 4330 nisi
2634 4275 2869 4346 Spiritus
2902 4275 2996 4331 Dei
3015 4275 3085 4329 ⁷⁸.
3123 4294 3144 4327 ι
3177 4276 3336 4332 Vides
3386 4275 3538 4344 quod

274 4365 424 4422 Θεοῦ.
455 4387 474 4420 ι
521 4369 689 4441 Ὁρᾷς
715 4370 1094 4424 αὐτοδίδακτον
1123 4372 1182 4423 τὸ
1204 4370 1359 4438 ἅγιον
1385 4371 1635 4442 Πνεῦμα,
1663 4371 1844 4443 ὥσπερ

1961 4376 2186 4426 sanctus
2243 4365 2477 4436 Spiritus
2544 4366 2627 4421 sui
2685 4367 2856 4436 ipsius
2903 4367 3097 4423 doctor
3159 4368 3251 4434 sit,
3295 4367 3438 4422 sicut
3481 4376 3540 4423 et

277 4458 452 4510 καὶτὸ
473 4460 789 4530 ήμέτερον;
821 4462 933 4514 Καὶ
964 4464 1030 4513 ὲκ
1051 4461 1159 4514 τῶν
1197 4462 1326 4531 ὲξῆς
1353 4462 1411 4515 δὲ
1445 4464 1686 4533 μαθήσῃ,
1717 4464 1745 4517 ὁ
1771 4465 1844 4516 εὑ-

1961 4457 2180 4512 noster?
2209 4456 2276 4510 Et
2312 4471 2377 4511 ex
2419 4457 2511 4512 his
2532 4471 2651 4526 quae
2691 4465 3013 4526 sequuntur,
3068 4458 3241 4512 discet
3279 4459 3541 4515 cordatus

279 4550 523 4621 γνώμων,
556 4552 658 4606 τοῦ
688 4552 1001 4622 Πνεῦματος
1027 4553 1128 4624 τὴν
1167 4551 1418 4627 θεότητα.
1452 4574 1471 4607 ι
1501 4555 1583 4608 Τὰ
1616 4555 1726 4624 γὰρ
1759 4556 1844 4627 ὲρ-

1958 4548 2218 4605 deitatetn
2260 4548 2541 4617 Spiritus:
2577 4566 2597 4602 ι
2635 4547 2767 4613 Quae
2815 4549 2961 4603 enim
3009 4560 3237 4605 ventura
3271 4561 3420 4618 sunt,
3454 4553 3540 4608 in-

278 4644 493 4715 χόμενα,
521 4646 682 4715 φησὶ,
708 4634 1001 4714 ἀναγγελεῖ
1034 4647 1162 4717 ὑμῖν
1183 4664 1199 4680 ·
1238 4666 1257 4699 ι
1291 4647 1560 4712 τουτέστι,
1611 4648 1681 4701 τὰ
1722 4648 1844 4718 μὲλ-

1960 4644 2116 4711 quit',
2168 4641 2521 4697 annuntiabit‘
2567 4641 2741 4697 vobis.
2780 4660 2799 4694 ι
2841 4641 3074 4697 Maxime
3127 4645 3272 4698 enim
3323 4645 3541 4714 propria

280 4736 451 4803 λοντα,
488 4740 632 4811 ὅπερ
664 4738 896 4809 μάλιστα
940 4739 1075 4793 Θεοῦ
1129 4740 1282 4806 ῐδιον,
1315 4741 1349 4810 ή
1386 4741 1498 4794 τῶν
1552 4740 1844 4811 μελλόντων

1951 4745 2036 4792 est
2069 4735 2161 4790 Dei
2225 4735 2826 4805 futurorum'coguitio.
2860 4733 2993 4790 Nam
3040 4737 3168 4806 quia
3210 4736 3346 4791 nihil
3392 4736 3538 4792 aliud

279 4830 466 4897 γνῶσις
495 4847 511 4863 ·
547 4832 675 4885 ἐπεὶ
706 4832 816 4903 γὰρ
849 4832 1003 4887 οὐδὲν
1051 4831 1180 4887 ἀλλο
1206 4833 1295 4888 διὰ
1326 4833 1492 4888 πόθου
1532 4832 1704 4898 οὕτως
1736 4834 1844 4887 ἐστὶ

1957 4826 2317 4884 desiderabile
2348 4827 2421 4881 ita
2448 4838 2536 4883 est
2578 4827 2828 4882 humana:
2880 4838 3086 4883 natura:
3118 4836 3182 4883 ut
3232 4829 3538 4883 futurorum

279 4925 343 4992 τῇ
368 4924 691 4997 ἀνθρωπίνῃ
715 4924 895 4994 φύσει,
924 4923 1000 4988 ὡς
1025 4926 1058 4996 ή
1083 4925 1215 4997 περὶ
1244 4925 1354 4980 τῶν
1378 4925 1680 4998 μελλόντων
1708 4925 1844 4995 γνῶ-

1953 4920 2216 4990 cognitio,
2257 4920 2571 4975 consolatur
2618 4922 2893 4992 apostolos
2940 4932 2994 4975 et
3033 4936 3102 4977 ex
3152 4922 3276 4976 hoc.
3306 4921 3363 4976 In
3414 4928 3540 4981 tan-

286 5030 383 5079 σις,
414 5016 829 5088 παραμυθεῖται
859 5017 987 5081 τοὺς
1047 5018 1376 5083 ἀποστόλους
1432 5019 1528 5072 καὶ
1549 5021 1613 5073 ὲκ
1641 5018 1844 5073 τούτου.

1958 5023 2068 5068 tum
2106 5013 2273 5078 enim,
2301 5013 2500 5079 inquit,
2523 5014 2824 5069 benefaciet
2850 5015 3027 5081 vobis,
3052 5022 3113 5070 ut
3136 5021 3192 5071 et
3219 5012 3527 5068 futurorum

286 5101 546 5159 Τοσοῦτον
594 5106 726 5176 γὰρ,
776 5108 966 5177 φησὶν,
999 5108 1354 5179 εὐεργετήσει
1396 5109 1562 5176 ὑμᾶς,
1590 5107 1731 5163 ὥστε
1761 5109 1856 5163 καὶ

284 5195 340 5247 τὸ
370 5196 554 5266 μεῖζον
580 5198 774 5253 δοκοῦν
806 5200 1047 5265 πάντων,
1083 5200 1247 5255 δώσει
1293 5202 1443 5272 ὑμῖν,
1477 5202 1578 5270 τὴν
1598 5201 1705 5257 τῶν
1731 5202 1854 5254 ἐσο-

288 5289 458 5355 μένων
490 5288 825 5360 πρόγνωσιν.
884 5291 1039 5355 "Atta
1070 5291 1126 5347 δὲ
1157 5292 1281 5346 ἐπεὶ
1324 5294 1422 5349 καὶ
1474 5294 1610 5364 πρὸς
1663 5309 1853 5366 πειρα-

287 5381 450 5449 σμοὺς
471 5380 696 5452 tamen;
718 5383 1100 5450 ἀποδύσεσθαι,
1144 5386 1403 5451 Ἐκεῖνος,
1441 5386 1595 5457 φησὶ,
1621 5387 1759 5456 πρδς
1788 5384 1856 5440 τὰ

290 5470 547 5539 μέλλοντα
576 5474 705 5543 ὑμῖν
736 5474 1076 5545 ωμσαίνειν,
1109 5479 1522 5547 παρασκευάσει
1578 5478 1743 5548 ὑμᾶς,
1778 5478 1856 5542 ὼς

290 5562 359 5634 μή
379 5564 708 5633 ἀφυλάκτως
730 5565 791 5631 ἐξ
814 5568 1036 5635 ἀγνοίας
1063 5570 1343 5639 ἐμπεσεῖν.
1375 5586 1394 5619 ι
1423 5568 1646 5633 Δοξάσει
1680 5568 1739 5622 δὲ
1759 5568 1856 5622 καὶ

290 5654 411 5723 ipd'
451 5676 470 5708 ι
504 5649 564 5709 ὲν
595 5658 704 5729 γὰρ
740 5659 818 5730 τῷ
845 5660 965 5732 ἐμῷ
995 5661 1220 5732 ὀνόματι
1270 5662 1447 5716 πάντα
1473 5662 1569 5717 καὶ
1613 5662 1856 5733 λαλήσει,

290 5746 380 5799 καὶ
414 5747 658 5818 ποιήσει,
693 5749 788 5802 καὶ
839 5749 992 5806 οὐδὲν
1024 5751 1265 5807 ἐναντίον
1289 5753 1434 5826 ἐρεῖο
1493 5752 1632 5807 ὥστε
1668 5771 1734 5826 με
1772 5754 1860 5810 διὰ

361 5931 407 5970 ⁸³
458 5929 631 5988 lCor.
663 5950 722 6003 ιι,
760 5934 846 5990 ιι.

1956 5108 2352 5178 ριάιεοίειιιὶαιιι
2387 5106 2565 5173 vobis,
2597 5122 2716 5177 qua
2750 5107 2988 5163 maxima
3018 5109 3257 5163 omnium
3291 5106 3523 5171 videtur,

1957 5200 2183 5253 daturus
2213 5198 2305 5255 sit.
2342 5197 2611 5255 Praeterea
2647 5202 2772 5271 quia
2798 5202 2863 5255 ad
2893 5202 3217 5257 tentationes
3244 5200 3523 5256 erudiendi

1937 5280 2133 5358 erant,
2164 5290 2260 5348 llle
2296 5306 2392 5348 vos
2442 5294 2791 5364 praeparabit,
2833 5295 3028 5365 inquit,
3073 5296 3140 5350 ad
3193 5293 3373 5348 futura
3418 5309 3540 5365 qua:

1958 5385 2113 5439 vobis
2156 5384 2488 5456 contingent,
2522 5402 2593 5442 ne
2639 5401 2734 5457 per
2780 5387 3143 5459 ignorantiam
3187 5386 3391 5457 absque
3448 5401 3541 5442 cu-

1969 5478 2122 5533 stode
2149 5478 2397 5535 incidatis
2435 5479 2487 5534 in
2523 5479 2634 5536 illa.
2675 5499 2692 5533 ι
2723 5478 3054 5535 Gloriﬁcabit
3082 5488 3261 5534 autem
3289 5488 3473 5535 etme.
3512 5497 3533 5531 ι

1962 5567 2023 5623 In
2056 5570 2274 5623 nomine
2311 5570 2456 5623 enim
2505 5584 2625 5625 meo
2676 5570 2856 5623 omnia
2901 5578 2954 5624 et
2989 5569 3241 5639 loquetur
3277 5578 3331 5624 et
3354 5568 3537 5636 faciet,

1962 5669 2021 5715 et
2060 5660 2193 5715 nihil
2228 5660 2500 5715 diversum
2535 5661 2678 5716 dicet
2716 5676 2729 5712 :
2774 5670 2939 5730 atque
2968 5660 3041 5716 ita
3072 5670 3127 5715 et
3153 5676 3248 5732 per
3274 5659 3534 5716 miracula

1965 5769 2083 5824 quae
2119 5770 2213 5826 per
2238 5753 2392 5810 illum
2442 5753 2592 5821 ﬁent,
2653 5754 2791 5809 Deus
2820 5756 3033 5821 credar,
3069 5770 3190 5811 cum
3231 5754 3285 5810 in
3317 5767 3413 5809 vos
3454 5753 3535 5806 di-
