4056 6604
557 452 698 521 ἱεὶίὸ

1510 448 2084 524 THEOPHYLACTI
2124 465 2529 526 BULGARI/E
2566 466 2922 530 ARCHIEP.
3718 474 3814 540 216

588 567 823 637 scipulos
862 582 1011 624 meos
1062 569 1345 626 abundans
1402 572 1715 629 eﬂ'undetur
1758 574 1932 645 gratia
1986 575 2149 630 etiam

2257 577 2366 630 τῶν
2402 576 2494 632 ὑπ’
2535 577 2748 632 ἐκείνου
2788 576 3092 648 γινομένων
3129 578 3424 652 θαυμάτων
3478 584 3812 659 πιστευθῆναι

589 667 709 727 post
749 674 921 715 meam
986 669 1242 727 mortem,
1296 680 1419 719 cum
1479 680 1658 720 meum
1713 682 1907 723 nomen
1983 668 2152 736 magis

586 750 853 819 fulgebit:
902 755 1044 823 quod
1092 756 1228 809 citra
1272 760 1700 813 controversiam
1734 773 1930 829 magna
1981 759 2153 830 gloria

584 850 688 904 est,
725 841 769 898 si
815 844 938 914 quis
981 846 1340 914 ignominiose
1381 848 1617 914 occisus,
1649 850 1821 917 magis
1851 849 2154 906 clarescere

587 932 831 1001 incipiat.
895 936 1096 991 Deinde
1154 939 1281 1008 quia
1337 940 1658 995 audiverant
1722 941 2005 996 Dominum
2069 942 2153 995 di-

581 1034 791 1079 centem
822 1066 838 1091 ,
876 1045 895 1079 ι
938 1027 1087 1083 Unus
1125 1040 1298 1084 vester
1327 1043 1409 1085 est
1443 1032 1697 1099 magister
1740 1030 2086 1098 Christus“,
2128 1051 2146 1082 ι

583 1126 637 1169 ut
663 1132 730 1171 ne
758 1118 1071 1175 existiment
1096 1121 1228 1187 Quia
1254 1138 1391 1178 unus
1420 1126 1680 1194 magister
1699 1133 1751 1178 tu
1776 1139 1855 1190 es,
1882 1126 2154 1194 quomodo

582 1207 721 1263 dicis
781 1210 936 1266 nobis
990 1221 1045 1266 et
1093 1213 1258 1267 alium
1329 1214 1444 1270 fore
1479 1217 1795 1286 magistrum
1852 1218 2154 1288 Spiritum?

581 1302 785 1367 subdit,
814 1319 835 1353 ι
865 1303 989 1373 quia
1012 1303 1085 1357 De
1110 1321 1227 1360 meo
1256 1308 1503 1379 accipiet,
1540 1328 1559 1361 ι
1587 1309 1688 1364 hoc
1712 1319 1894 1377 est,ex
1925 1310 2010 1365 his
2037 1325 2154 1381 qua:

583 1393 731 1459 novi,
763 1404 818 1448 et
843 1411 907 1449 ex
935 1412 1052 1452 mea
1082 1397 1328 1454 scientia.
1362 1394 1457 1457 Vel
1488 1409 1541 1456 et
1568 1401 1762 1455 aliter:
1793 1420 1813 1453 ι
1849 1400 1921 1457 De
1952 1416 2095 1467 meo,
2128 1420 2146 1453 ι

582 1485 685 1541 hoc
710 1487 894 1552 est,de
918 1505 1037 1544 meo
1056 1492 1332 1558 thesauro,
1353 1493 1439 1562 qui
1463 1494 1860 1550 scilicetPatris
1886 1504 1988 1550 est.
2018 1493 2157 1562 Quo-

579 1577 727 1632 niam
750 1579 893 1634 enim
931 1600 949 1632 ι
976 1581 1324 1653 Quaecunque
1363 1585 1525 1640 habet
1572 1584 1753 1653 Pater,
1790 1602 1909 1642 mea
1965 1596 2092 1643 sunt
2128 1606 2149 1641 ι

579 1680 634 1723 et
657 1687 787 1726 mea:
818 1673 1053 1730 divitiae:
1077 1676 1391 1734 Paracletus
1407 1688 1581 1733 autem
1606 1693 1670 1733 ex
1692 1679 1848 1738 Patre
1866 1679 2150 1750 loquetur:

578 1766 946 1823 rerisimiliter
975 1771 1094 1826 dico
1122 1773 1264 1842 quod
1304 1792 1324 1827 ι
1363 1772 1439 1829 De
1469 1789 1589 1830 meo
1638 1785 1957 1845 accepturus
1994 1774 2088 1837 sit,
2129 1793 2149 1827 ι

580 1858 687 1913 hoc
711 1869 812 1926 est,
847 1862 1102 1919 thesauro
1134 1875 1185 1919 et
1219 1866 1423 1920 divitiis
1458 1867 1722 1922 scientiae.
1756 1867 1935 1933 Quare
1968 1875 2150 1921 autem

2255 664 2408 733 Θεὸν,
2468 666 2597 737 ὑμῖν
2647 670 2762 732 τοῖς
2795 669 2950 741 ἐμοῖς
2993 670 3263 742 μαθηταῖς
3290 673 3643 748 ἐπιχυθείσης
3667 681 3813 732 πλου-

2257 759 2379 824 σίας
2433 760 2532 830 τῆς
2578 760 2822 831 χάριτος,
2882 764 2977 816 καὶ
3013 764 3152 834 μετὰ
3206 764 3298 820 τδν
3332 766 3463 836 ἐμὸν
3486 766 3708 822 θάνατον
3729 771 3814 825 τοῦ

2257 849 2391 919 ἐμοῦ
2438 849 2699 921 ὀνόματος
2740 851 3049 923 λάμποντος
3114 854 3315 924 μᾶλλον
3347 870 3363 886 ⁶
3394 856 3422 909 ὃ
3467 857 3589 924 δόξα
3623 861 3812 933 μεγάλη

2256 942 2374 994 ἐστὶ
2393 942 2489 996 καὶ
2515 943 2945 1013 ἀναμφίλεκτος,
2964 945 3094 999 ὃταν
3120 949 3148 1000 ὁ
3177 947 3472 1016 νεκρωθεὶς
3507 952 3600 1003 καὶ
3628 951 3814 1021 ἀτιμα-

2258 1034 2426 1100 σθεὶς,
2467 1035 2605 1105 μετὰ
2622 1035 2797 1090 ταῦτα
2823 1037 3025 1107 μᾶλλον
3045 1038 3258 1111 λάμπῃ.
3293 1034 3424 1093 Εἶτα
3457 1042 3642 1113 ἐπειδὴ
3666 1043 3813 1113 hucu-

2257 1142 2357 1180 σαν
2387 1127 2480 1181 τοῦ
2504 1127 2709 1199 Κυρίου
2747 1128 3018 1196 λέγοντος,
3051 1130 3133 1183 ὅτι
3176 1149 3195 1182 ι
3223 1124 3320 1194 Εἷς
3350 1130 3505 1201 ὑμῶν
3529 1132 3557 1184 ὁ
3583 1133 3814 1204 καθηγη-

2255 1217 2353 1289 τὴς
2390 1221 2417 1273 ὁ
2445 1221 2679 1291 Χριστός
2706 1222 2873 1288 ἐστιν,
2898 1240 2916 1274 ι
2944 1222 3031 1275 ἴνα
3062 1223 3137 1295 μὴ
3159 1222 3574 1292 νομίσωσιν,ὄτι
3612 1223 3812 1297 Ἐπειδὴ

2256 1307 2338 1373 εἷς
2368 1308 2688 1375 διδάσκαλος
2721 1312 2986 1383 ὑπάρχεις
3015 1313 3198 1377 αὐτὸς,
3231 1313 3349 1377 πῶς
3373 1313 3555 1383 λέγεις
3582 1316 3709 1386 ἡμῖν
3732 1318 3810 1369 καὶ

2256 1403 2413 1457 ἄλλον
2436 1404 2655 1459 ἔσεσθαι
2706 1406 3029 1460 διδάσκαλον
3052 1407 3113 1459 τὸ
3147 1406 3408 1476 Πνεῦμας
3439 1408 3707 1478 ἐπιφέρει,
3739 1410 3810 1463 δτι

2262 1513 2279 1546 ι
2329 1495 2423 1550 Ἐκ
2456 1494 2550 1548 τοῦ
2576 1495 2713 1566 ἐμοῦ
2737 1496 2999 1567 λήψεταν
3036 1514 3056 1548 ι
3092 1497 3394 1561 τουτέστιν,
3440 1497 3530 1563 Ἐξ
3567 1492 3640 1553 ὧν
3664 1499 3811 1564 αὐτὸς

2255 1583 2393 1653 οἶδα,
2419 1590 2482 1641 ἐκ
2509 1590 2611 1659 τῆς
2641 1587 2782 1657 ἐμῆς
2808 1587 3083 1657 γνώσεως.
3114 1590 3185 1642 Ἢ
3209 1588 3303 1643 καὶ
3329 1590 3503 1654 ἄλλως
3526 1607 3541 1620 ⁶
3577 1592 3668 1655 Τὸ,
3693 1611 3710 1643 ι
3729 1591 3814 1647 Ἐκ

2256 1679 2350 1732 τοῦ
2377 1679 2543 1750 ἐμοῦ,
2578 1699 2596 1732 ι
2627 1682 2927 1744 τουτέστιν,
2964 1681 3062 1736 Ἐκ
3095 1681 3189 1735 τοῦ
3218 1681 3351 1752 ἐμοῦ
3380 1681 3815 1757 θησαυροῦ,ὅπερ

2258 1770 2377 1823 ἐστὶ
2409 1770 2503 1824 τοῦ
2532 1771 2767 1843 Πατρός.
2803 1771 2956 1824 Ἐπεὶ
2980 1771 3091 1843 γὰρ
3139 1791 3159 1824 ι
3194 1773 3373 1828 πάντα
3398 1773 3499 1828 ὅσα
3529 1774 3642 1844 ἔχει
3664 1777 3692 1829 ὁ
3718 1777 3817 1829 Πα-

2258 1863 2383 1934 τὴρ,
2411 1863 2522 1934 ἐμά
2558 1864 2697 1927 ἐστι,
2736 1882 2755 1916 ι
2793 1865 2887 1918 καὶ⁵
2914 1863 3046 1934 ἐμὸς
3069 1862 3320 1929 πλοῦτος,
3350 1864 3447 1917 καὶ
3478 1867 3506 1919 ὁ
3541 1866 3812 1938 Παράκληο

578 1950 816 2037 Spiritus
869 1963 1018 2009 tanta
1074 1956 1221 2010 dedit
1275 1956 1433 2013 nobis
1473 1959 1637 2025 bona,
1694 1965 1748 2011 et
1788 1974 1894 2013 non
1947 1957 2152 2013 Filius?

2255 1977 2343 2022 τος
2369 1960 2424 2013 δέ
2453 1960 2518 2013 ἐκ
2549 1958 2644 2013 τοῦ
2675 1960 2889 2031 Πατρδς
2911 1960 3136 2033 λαλήσει
3159 1979 3173 1994 ο
3211 1963 3440 2028 εἰκότως
3471 1962 3637 2033 λέγω,
3676 1982 3695 2016 ι
3730 1966 3812 2019 Ἐκ

579 2042 749 2113 igitur
793 2047 1027 2116 primum
1084 2049 1305 2119 quidem
1357 2049 1591 2105 dicimus
1641 2054 1782 2120 quod
1814 2052 1956 2106 viam
1998 2050 2153 2105 donis

2255 2053 2342 2109 τοῦ
2378 2054 2511 2124 ἐμοῦ
2537 2052 2802 2123 λήψεται,
2841 2072 2861 2106 ι
2894 2055 3160 2122 τουτέστι,
3193 2055 3493 2126 θησαυροῦ,
3545 2057 3641 2110 καὶ
3666 2057 3811 2115 πλού-

576 2136 811 2206 Spiritus
861 2141 1028 2196 Filius
1072 2143 1362 2213 paraverit,
1403 2153 1456 2200 et
1491 2143 1605 2214 ipse
1640 2144 1710 2199 sit
1769 2142 1951 2198 talium
1984 2143 2154 2198 bono-

579 2245 701 2286 rum
742 2243 949 2290 auctor.
999 2234 1114 2291 Nisi
1173 2237 1317 2292 enim
1370 2237 1485 2307 ipse
1534 2248 1822 2307 peccatum
1877 2236 2149 2302 solvisset,

2249 2163 2365 2207 του,
2414 2148 2511 2199 καὶ
2570 2146 2671 2215 τῆς
2706 2144 2980 2214 γνώσεως.
3028 2146 3183 2211 Τίνος
3223 2147 3279 2201 δέ
3308 2148 3496 2202 ἐνεκεν
3522 2149 3586 2203 τὸ
3607 2149 3812 2220 Πνεῦμα

2249 2236 2492 2290 τοσαῦτα
2524 2239 2655 2306 ἡμῖν
2675 2235 2908 2289 δέδωκεν
2943 2235 3147 2304 ἀγαθὰ,
3176 2239 3268 2290 καὶ
3300 2238 3399 2307 ούχ
3421 2239 3449 2291 ό
3474 2237 3637 2304 Υἱός;
3671 2238 3812 2309 Πρῶ-

578 2328 850 2392 quomodo
898 2343 994 2383 nos
1013 2328 1275 2392 Spiritum
1319 2330 1781 2386 obtinuissemus?
1830 2329 1946 2385 Non
2004 2330 2147 2383 enim

2255 2343 2342 2379 τον
2387 2326 2487 2396 μὲν
2519 2325 2613 2381 οῦν
2670 2325 2828 2379 τοῦτο
2874 2325 3128 2397 λέγομεν,
3164 2330 3245 2382 ὅτι
3278 2329 3378 2397 τὴν
3410 2329 3530 2383 ὁδὸν
3590 2333 3705 2393 ταῖς
3728 2329 3809 2383 τοῦ

578 2415 846 2481 habitabit
901 2416 1134 2489 Spiritus
1168 2421 1221 2476 in
1269 2436 1495 2484 corpore
1535 2421 1753 2476 subdito
1806 2420 2044 2490 peccatis
2077 2420 2149 2474 τ’.

579 2504 720 2561 lliuc
748 2520 834 2563 est
867 2509 1008 2580 quod
1032 2511 1078 2567 si
1111 2528 1363 2582 magnum
1406 2512 1534 2583 quid
1590 2512 1738 2567 dedit
1768 2510 2024 2580 Spiritus,
2061 2524 2153 2566 oc-

577 2602 828 2657 casiones
870 2619 900 2656 a
955 2603 1172 2660 Christo
1224 2605 1435 2660 habuit.
1489 2604 1689 2661 Deinde
1730 2605 1856 2674 quia
1911 2604 2150 2660 hrcretici

580 2691 810 2763 Spiritui
864 2708 1022 2750 erant
1070 2697 1391 2761 detractuui,
1443 2699 1596 2767 quasi
1653 2697 1830 2751 minor
1872 2707 2015 2753 esset
2067 2697 2151 2753 di-

577 2783 803 2853 gnitate,
836 2799 901 2839 eo
932 2786 1075 2855 quod
1107 2785 1377 2856 posterius
1401 2788 1611 2843 veniret
1648 2804 1664 2853 ;
1702 2797 1986 2859 propterea
2017 2803 2152 2843 con-

578 2874 725 2930 cedit
762 2876 811 2932 ei
862 2878 1066 2945 majora
1115 2880 1328 2949 operari
1382 2893 1479 2949 per
1516 2880 1811 2951 apostolos,
1850 2889 1908 2936 ut
1936 2896 2033 2950 per
2058 2882 2153 2936 do-

546 2983 778 3033 Διιοιίιιιι
823 2972 1248 3042 magnitudinem
1299 2974 1590 3045 compulsi,
1641 2973 1725 3030 vel
1772 2974 1924 3029 inviti
1967 2974 2149 3045 digni-

2251 2417 2571 2488 Πνεύματος
2615 2419 2847 2487 δωρεαῖς
2872 2422 2900 2472 ὁ
2927 2419 3053 2483 Υἱὸς
3079 2421 3325 2490 ἐποίησε,
3359 2420 3457 2475 καὶ
3486 2422 3650 2486 αύτός
3680 2424 3812 2476 ἐστιν

2257 2511 2286 2563 ὁ
2315 2510 2487 2573 αἴτιος
2518 2508 2629 2562 τῶν
2674 2508 3014 2580 τηλικούτων
3039 2510 3281 2578 ἀγαθῶν.
3327 2512 3391 2565 El
3421 2509 3495 2581 μὴ
3527 2511 3637 2582 γὰρ
3668 2511 3811 2575 αὐτὸς

2257 2600 2356 2671 τὴν
2381 2599 2656 2670 ἁμαρτίαν
2680 2599 2858 2666 ἔλυσε,
2892 2600 3008 2665 πῶς
3032 2600 3097 2654 ἂν
3130 2599 3443 2671 ἠξιώθημεν
3464 2601 3628 2670 ἡμεῖς
3658 2598 3813 2654 Ilvati-

2262 2707 2463 2760 ματος;
2519 2691 2594 2745 Ού
2644 2690 2752 2761 γὰρ
2807 2694 3126 2763 κατοικήσει
3172 2693 3234 2746 τὸ
3263 2692 3488 2763 Πνεῦμα
3521 2694 3582 2746 ἐν
3617 2691 3813 2762 σώματι

2259 2784 2550 2855 καταχρέῳ
2606 2783 2921 2854 ἁμαρτίαις.
2982 2785 3147 2837 Ὥστε
3192 2784 3247 2838 εἴ
3270 2802 3323 2838 τι
3357 2784 3501 2856 μέγα
3529 2783 3724 2838 δέδωκε
3761 2782 3813 2836 τὸ

2257 2877 2500 2946 Πνεῦμα,
2521 2879 2586 2931 ἐκ
2614 2878 2706 2930 τοῦ
2730 2876 2966 2948 Χριστοῦ
2992 2878 3089 2942 τὰς
3105 2878 3355 2949 ἀφορμὰς
3380 2878 3561 2949 ἔσχεν.
3583 2879 3811 2941 Ἔπειτα,

2253 2970 2375 3021 ἐπεὶ
2396 2969 2446 3021 οί
2471 2971 2737 3040 αἱρετικοὶ
2764 2969 2991 3039 ἐμελλον
3041 2970 3366 3041 σμικρύνειν
3395 2972 3482 3024 τοῦ
3509 2970 3813 3040 Πνεύματος

580 3067 747 3114 tatem
799 3059 1033 3131 Spiritus
1082 3072 1398 3133 agnoscant,
1448 3075 1504 3120 et
1553 3078 1659 3120 non
1700 3067 1827 3135 quia
1877 3066 2146 3136 posterior

2255 3063 2352 3131 τὴν
2378 3060 2535 3126 ἀξίαν
2556 3064 2621 3114 ἐκ
2658 3060 2755 3115 τοῦ
2774 3061 3000 3133 ὕστερον
3029 3062 3228 3129 ἐλθεῖν,
3252 3062 3446 3136 τούτού
3468 3063 3656 3116 ἐνεκεν
3680 3060 3813 3131 αύτῷ

576 3154 855 3223 apparuit,
883 3165 1166 3226 propterea
1198 3156 1377 3213 minor
1404 3155 1679 3226 iudicetur
1702 3157 1859 3213 Filio.

2250 3122 2570 3225 παραχωρεῖ
2597 3152 2666 3206 τὰ
2690 3122 2921 3224 μείζονα,
2941 3155 2997 3207 ἐν
3025 3156 3139 3219 τοῖς
3163 3122 3483 3217 ἀποστόλᾶς
3508 3122 3809 3225 ἐνεργῆσαιὀ

577 3250 667 3306 ilva.
700 3250 787 3305 διὰ
813 3251 913 3323 τῆς
935 3253 1045 3307 τῶν
1070 3255 1288 3326 δωρεῶν
1319 3256 1738 3327 μεγαλειότητος
1763 3254 2221 3326 ἀναγκαζόμενοι,
2254 3256 2348 3307 καὶ
2370 3251 2617 3318 ἄκοντες,
2648 3252 2913 3321 ἐπιγνὼσι
2970 3251 3069 3324 τὴν
3128 3250 3286 3318 ἀξίαν
3345 3251 3441 3307 τοῦ
3488 3252 3810 3322 Πνεύματος,

574 3345 670 3399 καὶ
707 3344 783 3416 μὴ
814 3344 949 3399 διότι
981 3345 1211 3419 ὕστερον
1240 3351 1433 3420 ἐφάνη,
1467 3350 1556 3405 διὰ
1586 3350 1745 3404 τοῦτο
1772 3351 1992 3404 ἔλαττον
2022 3349 2239 3422 κριθείη
2262 3347 2356 3401 τοῦ
2395 3345 2551 3401 Υίοῦ.

650 3436 815 3492 Vens.
867 3437 1055 3495 16-18.
1120 3459 1138 3493 ι
1178 3440 1467 3508 Pusillum,
1523 3452 1578 3497 et
1630 3458 1737 3497 non
1787 3443 1987 3500 videtis
2040 3447 2221 3507 me,C

576 3538 632 3582 et
661 3526 864 3583 iterum
901 3528 1153 3598 pusillum
1214 3540 1268 3585 et
1321 3532 1574 3587 videbitis
1603 3548 1708 3598 me,
1755 3534 1880 3601 quia
1912 3535 2051 3589 vado
2082 3533 2147 3587 ad

576 3620 816 3678 Patrem.
875 3620 1144 3677 Dixerunt
1187 3639 1317 3696 ergo
1352 3626 1569 3694 quidam
1618 3640 1684 3681 ex
1721 3626 1995 3698 discipulis
2034 3626 2153 3697 ejus

579 3712 723 3767 inter
752 3727 812 3767 se
839 3730 852 3767 :
887 3712 1023 3780 Quid
1050 3725 1133 3769 est
1164 3715 1266 3769 hoc
1295 3716 1438 3785 quod
1478 3715 1611 3770 dicit
1663 3716 1838 3784 nobis,
1888 3716 2151 3772 Pusillum

577 3814 635 3860 et
665 3819 768 3860 no"
804 3805 998 3863 videtis
1034 3822 1141 3874 me,
1186 3816 1240 3863 et
1270 3808 1464 3863 iterum
1496 3809 1751 3880 pusillum
1802 3822 1856 3864 et
1897 3809 2154 3866 videbitis

576 3913 687 3962 me,
741 3908 794 3954 et
843 3900 979 3966 Quia
1041 3902 1177 3956 vado
1212 3904 1277 3957 ad
1325 3902 1578 3957 Patrem?
1632 3900 1891 3958 Dicebant
1952 3918 2081 3972 ergo
2134 3921 2146 3956 :

579 3990 717 4059 Quid
763 4000 848 4046 est
879 3992 980 4048 hoc
1022 3993 1163 4062 quod
1192 3993 1319 4048 dicit
1350 3994 1641 4063 pusillum?
1664 3996 1936 4050 nescimus
1991 3995 2152 4065 722

578 4082 709 4154 quid
783 4082 1053 4153 loquatur.
1099 4103 1119 4138 ι
1199 4084 1378 4153 Quare
1442 4084 1692 4141 Christus
1761 4099 2031 4141 recessum
2099 4097 2154 4143 et

580 4186 809 4231 mortem
847 4191 999 4230 suam
1052 4177 1105 4232 in
1135 4177 1450 4232 memoriam
1492 4179 1572 4233 eis
1614 4179 1859 4246 reducit,
1906 4180 2154 4249 quamvis

582 4270 751 4341 magis
777 4272 1096 4327 occultanda
1143 4271 1464 4327 videantur?
1493 4271 1726 4328 Mentem
1759 4289 1947 4328 eorum
1990 4289 2150 4329 exer-

579 4364 758 4430 cebat,
787 4373 838 4418 et
881 4356 1243 4436 probatiorem
1301 4366 1572 4421 eiliciebat
1618 4382 1633 4419 :
1686 4380 1973 4438 propterea
2006 4382 2151 4422 sem-

2330 3458 2349 3491 ι
2387 3439 2620 3509 Μικρὸν,
2656 3436 2749 3492 καὶ
2776 3437 2837 3491 ού
2866 3435 3122 3508 θεωρεῖτὲ
3149 3446 3219 3508 με
3239 3455 3253 3470 ·
3289 3436 3384 3492 καὶ
3411 3436 3578 3491 πάλιν
3615 3436 3809 3509 μικρὸν,

2254 3530 2348 3582 καὶ
2367 3528 2564 3599 ὄψεσθέ
2584 3544 2652 3597 με
2668 3544 2681 3558 ·
2700 3528 2784 3581 ὅτι
2807 3527 2916 3597 ἐγὼ
2945 3529 3142 3595 ὑπάγω
3164 3527 3300 3598 πρὸς
3332 3527 3423 3580 τὸν
3452 3528 3673 3598 Πατέρα
3702 3543 3809 3597 μου.

2254 3619 2423 3676 Εἶπον
2456 3616 2548 3675 οῦν
2576 3620 2640 3673 ἐκ
2668 3619 2778 3672 τῶν
2801 3618 3059 3691 μαθητῶν
3084 3617 3251 3673 αύτοῦ
3279 3618 3413 3688 πρὸς
3439 3616 3702 3686 ἀλλήλους
3719 3634 3730 3647 ·
3755 3614 3811 3668 Τί

2254 3715 2372 3767 ἐστι
2404 3711 2563 3766 τοῦτο
2600 3711 2628 3764 ὃ
2652 3711 2802 3781 λέγει
2839 3714 3003 3781 ἡμῖν·
3041 3711 3275 3775 Μικρὸν,
3310 3710 3404 3764 καὶ
3458 3711 3520 3763 ού
3570 3707 3811 3779 θεωρεῖτέ

2260 3823 2326 3877 με
2353 3823 2368 3838 ο
2408 3806 2501 3860 καὶ
2556 3805 2719 3858 πάλιν
2768 3804 2984 3875 μικρὸν,
3036 3803 3131 3857 καὶ
3182 3801 3381 3871 ὄψεσθέ
3437 3819 3504 3872 με
3530 3841 3545 3866 ,
3582 3801 3676 3855 καὶ
3705 3800 3812 3852 Ὀτι

2254 3897 2451 3966 ὑπάγω
2472 3896 2608 3968 πρὸς
2636 3896 2727 3950 τὸν
2756 3896 2973 3966 Πατέρα
3000 3912 3137 3966 μους
3171 3894 3395 3961 Ἔλεγον
3424 3890 3518 3948 οῦν
3539 3910 3554 3925 ’
3587 3892 3749 3947 Τοῦτο
3765 3889 3813 3943 τί

2253 3988 2425 4052 ἐστιν,
2457 3988 2485 4040 ὃ
2545 3987 2694 4071 λέισι
2745 3986 2807 4040 τὸ
2861 3986 3077 4057 μικρὸν,
3127 3985 3228 4038 οὐκ
3259 3984 3480 4054 οἴδαμεν
3518 3984 3574 4038 τί
3602 3984 3806 4037 itaista

2254 4080 2297 4132 Τ
2305 4078 2411 4140 ίνος
2455 4077 2640 4132 ἕνεκεν
2688 4077 2851 4130 πάλιν
2900 4078 3087 4139 αὐτοῖς
3135 4078 3164 4130 ὁ
3207 4077 3443 4147 Χριστὸς
3469 4077 3539 4130 τὰ
3571 4074 3813 4146 περὶτῆς

2255 4172 2652 4241 ἀναχωρήσεως
2706 4169 2802 4223 καὶ
2860 4168 2956 4222 τοῦ
3015 4168 3246 4222 θανάτου
3300 4167 3465 4222 αὑτοῦ
3499 4170 3584 4234 είς
3608 4169 3811 4240 μνήμην

2254 4268 2400 4336 ἄγει,
2428 4267 2604 4320 καίτοι
2645 4266 2753 4320 ἔδει
2794 4265 2994 4336 μᾶλλον
3025 4263 3335 4335 συγκρύψαι
3365 4262 3577 4329 ταῦτα;
3611 4259 3811 4332 Γυμνά-

2255 4359 2362 4425 ζων
2391 4358 2571 4413 αὐτῶν
2602 4358 2701 4430 τὴν
2727 4358 2985 4421 διάνοιαν,
3018 4354 3114 4410 καὶ
3164 4354 3549 4426 δοκιμωτέραν
3578 4356 3810 4425 ἀπεργα-

579 4473 677 4525 per
737 4471 1170 4515 commemorans
1218 4460 1434 4527 tristia,
1510 4459 1805 4516 assuefacit
1868 4459 2031 4524 illos,
2098 4466 2153 4513 et

2256 4452 2502 4521 ζόμενος,
2533 4451 2627 4505 καὶ
2652 4452 2739 4506 διὰ
2760 4451 2917 4505 τοῦτο
2942 4452 3029 4505 ἀεὶ
3053 4449 3379 4521 μνημονεύει
3403 4449 3513 4504 τῶν
3549 4446 3809 4519 λυπηρῶν,

580 4548 647 4601 ad
677 4550 1136 4617 exspectationem
1169 4549 1382 4604 illorum
1436 4549 1705 4619 provehit,
1742 4564 1809 4605 ne
1853 4548 1901 4605 si
1932 4556 2152 4617 repente

2255 4544 2334 4605 είς
2358 4542 2680 4613 συνεθισμδν
2699 4543 2894 4606 αὐτοὺς
2926 4542 3098 4611 ἄγων,
3122 4542 3217 4596 καὶ
3250 4542 3330 4604 είς
3352 4540 3678 4611 προσδοκίαν
3702 4537 3812 4590 τού-

578 4639 852 4703 cveniant,
907 4651 1312 4711 perterreattlur
1345 4657 1357 4692 :
1391 4641 1553 4697 simul
1605 4651 1784 4698 autem
1827 4650 1881 4695 et
1913 4640 2153 4714 adiungit

2255 4650 2383 4698 των,
2410 4635 2498 4688 ἵνα
2544 4634 2618 4705 μὴ
2648 4633 2727 4705 τῷ
2772 4634 2953 4706 ἀθρόῳ
2990 4632 3448 4701 κατατιλαγιῖισιν⁹
3489 4633 3609 4701 ἅμα
3649 4631 3704 4684 δὲ
3729 4628 3811 4681 καὶ

582 4733 827 4787 tristibus
862 4733 1002 4787 laeta.
1037 4732 1202 4805 Igitur
1248 4736 1327 4789 sic
1368 4736 1470 4789 hoc
1514 4736 1654 4800 loco,
1702 4753 1721 4787 ι
1754 4734 2037 4800 Pusillum,
2094 4744 2149 4790 et

2258 4726 2593 4799 προσπλέκει
2613 4728 2723 4791 τοῖς
2749 4727 3014 4798 λυπηροῖς
3046 4727 3116 4781 τὰ
3144 4726 3607 4797 ψυχαγωγοῦνταο
3638 4727 3811 4791 ὥσπερ

580 4838 690 4877 non
729 4823 923 4879 videtis
956 4797 1097 4876 me;
1159 4824 1368 4890 dicens,
1404 4825 1468 4879 ad
1511 4826 1663 4880 triste
1711 4828 1894 4882 statim
1943 4813 2149 4881 addidit

2255 4797 2348 4871 οῦν
2402 4816 2715 4882 κάνταῦθα,
2773 4833 2793 4868 ι
2829 4817 3062 4888 Μικρὸν,
3111 4816 3206 4871 καὶ
3256 4816 3318 4870 ού
3362 4815 3620 4889 θεωρεῖτέ
3680 4829 3805 4884 με.»

580 4913 760 4968 laetum
789 4913 1044 4983 quiddam
1072 4932 1087 4969 :
1119 4932 1137 4965 ι
1162 4913 1227 4968 Et
1251 4914 1441 4969 iterum
1467 4916 1741 4985 pusillum,
1791 4925 1844 4972 et
1896 4917 2151 4972 videbitis

2256 4909 2429 4963 εἰπὼν
2488 4908 2548 4963 τὸ
2592 4908 2859 4981 λυπηρὸν,
2913 4911 3165 4978 ἐπήγαγε
3216 4910 3311 4963 καὶ
3355 4908 3419 4962 τὸ
3472 4910 3807 4977 εὐφροσύναν·

583 5018 687 5068 me,
722 5021 744 5055 ›
775 5012 851 5069 et,
877 5004 958 5058 Ad
990 5003 1157 5059 Deum
1185 5006 1343 5070 vado,
1381 5006 1471 5076 qui
1496 5020 1591 5060 vos
1611 5006 1802 5076 juvare
1848 5015 2024 5075 potest
2051 5024 2065 5062 :
2097 5016 2153 5061 et

2265 5022 2284 5055 ι
2324 5004 2434 5057 Καὶ
2459 5002 2623 5057 πάλιν
2665 5003 2882 5074 μικρὸν,
2914 5002 3009 5056 καὶ⁵
3037 5002 3233 5073 ὄψεσθέ
3259 5019 3325 5071 με
3351 5018 3363 5034 ο
3406 5019 3425 5054 ι
3453 5004 3551 5055 καὶ
3571 5002 3652 5054 ὅτι
3683 4996 3811 5068 Πρὸς

580 5112 692 5149 non
739 5110 926 5166 pereo,
975 5097 1069 5152 sed
1118 5105 1370 5152 transeo:
1420 5106 1476 5152 et
1520 5098 1586 5153 ad
1643 5114 1869 5167 parvum
1930 5100 2150 5168 quidem

2258 5095 2349 5148 τὸν
2373 5093 2506 5147 Θεὸν
2530 5094 2735 5163 ἄνειμι,
2766 5095 2857 5147 τὸν
2878 5093 3176 5165 δυνάμενον
3198 5093 3326 5163 ὑμῖν
3354 5093 3591 5164 βοηθεῖν,
3615 5091 3704 5145 καὶ
3724 5089 3813 5142 οὐκ

579 5197 795 5257 tempus
836 5203 1087 5244 secessus
1127 5188 1252 5251 erit,
1296 5199 1483 5258 postea
1519 5198 1698 5244 autem
1731 5198 1990 5260 perpetuo
2020 5204 2153 5244 con-

2258 5185 2589 5256 ἀπόλλυμαι,
2611 5184 2746 5238 ἀλλὰ
2779 5184 3109 5256 μεθίσταμαι
3129 5201 3144 5215 ·
3181 5185 3276 5239 καὶ
3299 5187 3433 5257 πρὸς
3463 5185 3644 5253 ὀλίγον
3675 5181 3769 5254 μὲν
3787 5179 3815 5232 ὁ

578 5280 842 5335 versabor
871 5280 1173 5335 vobiscum.
1208 5279 1287 5334 llli
1330 5282 1545 5350 quidem
1576 5296 1684 5336 non
1723 5282 2144 5347 intellexerunt;

2260 5278 2560 5348 χωρισμὸς,
2606 5275 2823 5341 αἰώνιος
2851 5277 2908 5330 δὲ
2954 5279 2989 5348 ἡ
3027 5278 3145 5348 μεθ’
3181 5278 3337 5348 ὑμῶν
3375 5279 3454 5342 είς
3484 5279 3544 5331 τὸ
3578 5276 3705 5346 ἑξῆς
3738 5273 3815 5326 διο

583 5372 726 5428 unde
773 5372 1076 5427 admiretur
1138 5372 1407 5442 quispiam
1456 5372 1729 5442 quomodo
1778 5388 1883 5428 non
1920 5389 2153 5445 agnove-

2255 5370 2466 5439 αγωγή.
2499 5370 2725 5423 Ἐκεῖνοι
2749 5370 2933 5440 μέντοι
2958 5371 3020 5424 οὐ
3052 5370 3324 5426 συνίεσανο
3354 5371 3477 5425 ὅθεν
3494 5373 3591 5425 καὶ
3610 5367 3809 5438 θαυμά-

583 5465 693 5518 riut
720 5478 841 5534 quae
878 5461 1112 5518 dicebat.
1149 5461 1376 5518 Videtur
1399 5478 1528 5534 ergo
1552 5462 1634 5517 vel
1667 5463 1889 5518 tristitia
1918 5472 2153 5521 mentem

2255 5476 2396 5514 σειεν
2422 5459 2488 5513 ἄν
2524 5476 2631 5526 τις,
2661 5461 2777 5525 πῶς
2810 5462 2912 5515 οὐκ
2940 5462 3308 5530 ἐπεγίνωσκον
3346 5461 3383 5517 ἃ
3413 5462 3584 5531 λέγει.
3608 5461 3810 5514 Ἔοικεν

582 5570 772 5612 eorum
844 5555 981 5611 adeo
1043 5556 1333 5620 invasisse.
1388 5564 1448 5610 ut
1522 5553 1821 5622 abjicerent
1883 5555 2152 5611 dictorum

2255 5548 2345 5606 οὖν
2375 5553 2407 5622 ἠ
2433 5552 2579 5626 λύπη
2614 5553 2796 5606 αὐτῶν
2825 5552 2922 5624 τὴν
2955 5553 3196 5608 διάνοιαν
3236 5556 3607 5626 κατασχοῦσα,
3656 5550 3810 5607 ἐκϐα-

582 5647 925 5713 memoriam,
992 5647 1076 5704 vel
1131 5657 1350 5718 pr0pter
1400 5648 1786 5703 obscuritatem
1861 5647 2152 5703 verborum

2255 5646 2363 5699 λεῖν
2395 5647 2493 5717 τὴν
2549 5646 2771 5716 μνήμην
2823 5645 2933 5700 τῶν
2992 5646 3380 5721 λεγομένων,ῆ
3423 5649 3530 5702 ἀπὸ
3562 5648 3662 5717 τῆς
3685 5646 3809 5699 ἀσα⁴

581 5739 764 5795 evenit
795 5754 862 5795 ne
893 5739 1275 5811 intelligerent.
1313 5742 1438 5797 ldeo
1465 5739 1622 5796 Jesus
1655 5739 1869 5797 videtur
1902 5740 1981 5797 eis
2010 5755 2143 5797 can-

2256 5736 2414 5807 φείας
2444 5736 2550 5790 τῶν
2578 5736 2857 5808 ῥημᾴτων,
2891 5735 2953 5789 τὸ
2994 5738 3069 5808 μὴ
3105 5737 3344 5795 συνιέναι
3368 5738 3550 5803 αὐτοῖς
3580 5728 3809 5803 ἐπιγενέ-

1836 5896 1865 5919 ό

654 5913 701 5955 ’⁵
732 5919 923 5982 Matth.
965 5937 1121 5992 χχιιι,
1155 5922 1209 5978 8.
1285 5922 1330 5953 ⁷¹
1364 5919 1494 5991 Sap.
1539 5918 1656 5988 1,1.
