4056 6572
347 425 454 487 217

963 426 1413 487 ENABRATIO
1456 427 1533 488 IN
1573 429 2072 490 EVANGELIUM
2129 428 2472 490 JOANNIS.
2502 455 2571 466 -
2611 426 2766 492 CAP.
2808 426 2968 492 XVI.

3505 423 3613 492 218

343 541 494 596 σθαι.
533 540 623 594 Διὸ
649 539 742 594 καὶ
773 539 1020 595 δοκοῦσιν
1048 543 1265 598 ἐναντία
1301 544 1424 598 τινὰ
1461 546 1644 609 αὐτοῖς
1675 547 1766 599 τὸν
1809 547 1914 616 Ἰη-
1943 587 1955 611 Α

2060 546 2201 600 raria
2261 547 2508 615 quaedam
2549 547 2771 602 dicere:
2804 547 2935 600 Nam
2960 545 3002 601 si
3035 545 3250 615 quidem
3308 543 3613 600 videbimus

344 633 479 688 σοΰν
509 634 879 705 φθέγγεσθαιο
914 635 980 691 Ei
1012 637 1244 707 μὲνγὰρ
1285 638 1532 708 ὀψόμεθά
1567 657 1646 704 σε,
1685 639 1789 693 ποῦ
1817 641 1922 694 ὑπ-

344 729 545 795 ἀγεις;
583 729 646 782 El
671 729 729 783 δὲ
760 731 1013 799 ὑπάγεις,
1055 732 1173 796 πῶς
1204 733 1450 805 όψόμεθά
1483 752 1580 800 σε;
1615 735 1925 806 Αἰνίγματα

344 821 460 892 γὰρ
492 821 714 876 ἐδόκουν
741 822 933 877 ταῦτα.

426 931 446 965 ι
487 913 672 982 Ἔγνω
694 909 788 968 οὖν
830 917 859 978 6
897 917 1125 987 Ἰησοῦς,
1155 919 1237 974 ὅτι
1285 916 1477 990 ἤθελον
1502 920 1664 974 αὑτὸν
1695 921 1924 990 ἐρωτᾷν,

288 1078 291 1079 ν
346 1008 446 1060 καὶ
466 1001 620 1060 εἴπεν
649 1009 828 1072 αὐτοῖς
848 1026 862 1040 ·
894 1011 1026 1081 Περὶ
1056 1012 1246 1066 τούτου
1268 1013 1475 1082 ζητεῖτε
1511 1013 1628 1076 μετ’
1659 1013 1926 1080 ἀλλήλων,

343 1098 432 1150 ὅτι
465 1093 620 1150 εἶπον
647 1115 660 1128 ·
682 1099 931 1169 Μικρὸν,
968 1101 1062 1154 καὶ
1092 1103 1152 1154 οὑ
1199 1102 1454 1171 θεωρεῖτέ
1487 1119 1554 1170 με
1575 1119 1588 1131 ’
1626 1101 1722 1153 καὶ⁵
1769 1101 1932 1155 πάλιν

350 1191 572 1260 μικρὸν,
611 1193 704 1245 καὶ
736 1193 929 1262 eteae:
961 1211 1048 1262 με.
1095 1195 1288 1264 Ἀμὴν,
1323 1195 1470 1265 ἀμὴν
1499 1195 1644 1260 λέγω
1669 1195 1822 1263 ὑμῖν,
1848 1195 1931 1246 ὅτι

347 1282 642 1352 κλαύσετε,
675 1288 769 1338 καὶ
792 1285 1092 1356 θρηνήσετε
1122 1287 1298 1356 ὑμεῖς,
1329 1290 1358 1342 6
1379 1287 1433 1340 δὲ
1458 1287 1662 1356 κόσμος
1696 1289 1934 1357 χαρήσε-

347 1393 466 1441 ται,
497 1377 653 1446 ὑμεῖς
699 1377 754 1430 δὲ
785 1378 1189 1447 λυπηθήσεσθε,
1227 1378 1343 1432 ἀλλ’
1402 1380 1435 1447 ή
1470 1379 1612 1446 λύπη
1661 1379 1815 1447 ὑμῶν
1854 1381 1934 1442 εἰς

351 1470 532 1537 χαρὰν
561 1469 870 1538 γενήσεται.
906 1467 968 1520 'll
1001 1469 1161 1539 γυνὴ,
1197 1471 1324 1523 ὅταν
1357 1471 1538 1542 τίκτῃ,
1575 1471 1750 1542 λύπην
1796 1470 1932 1542 ἔχει,

353 1562 437 1614 ὅτι
468 1557 684 1632 ἦλθενή
713 1561 830 1630 ὥρα
855 1563 1025 1632 αὑτῆς
1047 1574 1061 1594 ⁸
1091 1564 1220 1616 ὅταν
1245 1563 1300 1616 δὲ
1333 1566 1572 1634 γεννήσῃ
1614 1564 1674 1616 τὺ
1701 1563 1932 1622 παιδίον,

353 1654 458 1705 οὑκ
493 1653 573 1706 ἔτι
611 1652 940 1722 μνημονεύει
988 1653 1090 1722 τῆς
1115 1653 1345 1723 θλίψεως
1377 1654 1465 1706 διὰ
1491 1656 1590 1725 τήν
1621 1655 1817 1724 χαρὰν,
1855 1656 1937 1707 ὅτι

357 1742 626 1813 ἐγεννήθη
656 1743 938 1814 ἄνθρωπος
969 1746 1049 1806 είς
1092 1744 1183 1796 τὸν
1217 1747 1444 1812 κόσμον.
1499 1746 1609 1798 Καὶ
1654 1746 1811 1815 ὑμεῖς
1844 1741 1938 1798 οὖν

355 1836 539 1905 λύπην
570 1834 670 1905 μὲν
699 1835 793 1889 νῦν
821 1835 992 1904 ἔχετε,
1021 1838 1180 1890 πάλιν
1204 1837 1258 1889 δὲ
1287 1836 1491 1906 ὄψομαι
1515 1837 1679 1906 ὑμᾶς,
1722 1837 1812 1889 καὶ
1840 1855 1940 1906 χα-

2028 646 2102 700 te,
2133 652 2240 705 quo
2275 637 2463 692 vadis?
2495 637 2540 691 si
2567 643 2746 691 autem
2779 636 2948 701 vadis,
2978 637 3249 704 quomodo
3297 633 3604 691 videbimus

2029 730 2114 785 te?
2146 728 2409 784 Videntur
2443 729 2584 784 enim
2617 730 2729 784 haec
2754 728 3041 798 aenigmata
3071 741 3212 783 esse.

2103 930 2266 986 \‘Ens.
2297 930 2482 986 l9-‘22.
2515 951 2533 984 ι
2565 931 2827 998 Cognovit
2853 941 3032 987 autem
3057 931 3216 986 Jesus
3245 931 3389 1000 quod
3418 928 3615 983 vellent

2033 1021 2370 1093 interrogare
2394 1040 2472 1086 se,
2497 1026 2696 1079 etdixit
2719 1025 2830 1079 eis:
2854 1025 2926 1078 De
2945 1025 3044 1078 hoc
3069 1023 3311 1092 (μηδι-ἰῆς
3337 1023 3477 1076 inter
3499 1035 3617 1084 vos,

2033 1119 2172 1184 quod
2200 1118 2308 1172 dixi
2341 1118 2658 1184 :Pnsillnm,
2709 1127 2760 1172 et
2805 1133 2910 1170 non
2950 1117 3144 1168 videtis
3183 1130 3266 1166 me
3300 1131 3314 1168 :
3345 1123 3396 1167 et
3424 1115 3618 1165 iterum

2034 1203 2314 1273 pusillum,
2341 1217 2393 1260 et
2434 1205 2687 1259 videbitis
2715 1223 2820 1260 me.
2862 1205 3053 1268 Amen,
3086 1215 3242 1256 amen
3270 1200 3392 1254 dico
3433 1198 3618 1251 vobis:

2036 1296 2321 1352 Plorahitis
2347 1306 2399 1350 et
2421 1296 2848 1352 lamentabimini
2878 1312 2992 1360 vos,
3014 1293 3245 1347 mundus
3269 1301 3458 1344 contra
3493 1305 3625 1358 gau-

2037 1389 2185 1444 debit
2222 1407 2235 1444 :
2261 1405 2355 1444 vos
2381 1399 2557 1443 autem
2581 1406 2810 1445 mmrore
2832 1388 3166 1452 allicieutini,
3187 1387 3277 1440 sed
3301 1397 3504 1438 mmror
3530 1395 3623 1432 vc-

2036 1487 2148 1532 ster
2164 1488 2405 1532 vertetur
2427 1481 2478 1532 in
2513 1481 2786 1549 gaudium.
2822 1479 3012 1533 Mulier
3037 1493 3158 1532 cum
3196 1477 3359 1546 parit,
3383 1473 3622 1528 dolorem

2040 1568 2220 1634 habet,
2251 1569 2377 1637 quia
2407 1570 2550 1624 venit
2579 1569 2710 1622 hora
2747 1569 2899 1637 ejus:
2928 1580 3047 1622 cuiu
3070 1577 3248 1621 autem
3272 1564 3476 1634 peperit
3503 1576 3628 1628 pue-

2041 1660 2318 1730 rum,jam
2369 1675 2472 1714 non
2535 1662 2776 1714 meminit
2818 1659 3126 1722 anxietatis,
3175 1669 3454 1726 propterea
3483 1653 3627 1723 quod

2041 1753 2269 1821 gaudeat
2291 1752 2562 1806 hominem
2589 1763 2772 1804 natum
2804 1768 2926 1806 esse
2949 1753 3000 1804 lu
3025 1752 3241 1805 mundo.
3271 1749 3333 1802 Et
3358 1766 3449 1803 vos
3469 1750 3629 1818 igitur

2046 1858 2187 1897 nunc
2215 1843 2431 1910 quidem
2461 1854 2747 1897 maerorem
2785 1843 3020 1903 habetis,
3061 1844 3153 1896 sed
3188 1842 3384 1894 iterum
3438 1839 3630 1892 videbo

361 1932 591 2000 ρήσεται
624 1926 777 1997 ὑμῶν
817 1928 1092 2000 ήκαρδία,
1130 1929 1225 1982 καὶ
1255 1929 1354 1999 τὴν
1380 1929 1557 2001 χαρὰν
1588 1930 1739 1998 ὑμῶν
1768 1931 1941 1992 οὐδεὶς

2060 1949 2160 1998 νος,
2212 1941 2266 1986 et
2299 1932 2554 2001 gaudebit
2579 1949 2672 1987 cor
2701 1942 2956 1996 vestrum,
3008 1942 3062 1986 et
3106 1932 3358 2001 gaudium
3389 1939 3628 1985 vestrum

361 2021 509 2090 αίρει
543 2019 636 2088 ἀφ’
662 2019 836 2088 ὑμῶν.
880 2039 900 2072 ι
958 2021 1177 2091 Ἐπειδὴ
1210 2016 1318 2074 εἶδε
1345 2023 1470 2084 τοὺς
1509 2021 1756 2092 μαθητὰς
1819 2023 1940 2092 μηδ’

358 2112 501 2175 ὅλως
539 2113 821 2176 συνιέντας
868 2113 979 2165 τῶν
1027 2113 1344 2183 λεγομένων
1397 2113 1486 2168 διὰ
1535 2115 1634 2184 τὴν
1674 2117 1738 2168 ἐκ
1767 2113 1943 2178 λύπης

359 2203 630 2273 κάρωσιν,
666 2205 998 2273 σαφέστερον
1066 2205 1248 2267 αὐτοῖς
1299 2204 1358 2257 τὸ
1399 2207 1540 2285 περὶ
1586 2205 1680 2258 τοῦ
1711 2205 1943 2259 θανάτου

360 2296 531 2350 αὑτοῦ
587 2296 764 2363 δόγμα
812 2298 1178 2367 ὲμπήγνυσιν,
1242 2298 1328 2351 ἵνα
1379 2298 1788 2362 συνεθισθέντες
1836 2301 1946 2361 τοῖς

368 2390 602 2461 ῥήμασι,
627 2393 723 2443 καὶ
751 2392 865 2450 τοῖς
908 2391 1253 2461 πρᾶγμασιν,
1302 2390 1465 2443 αὑτὸν
1495 2391 1756 2458 γενναίως
1799 2391 1949 2460 ὲνέγο

361 2498 529 2536 κωσι.
557 2481 668 2542 Καὶ
695 2481 759 2552 δή
791 2499 921 2551 φησι
941 2498 954 2512 ·
993 2501 1010 2533 ι
1063 2481 1342 2536 Κλαὺσετε
1383 2484 1480 2553 μὲν
1520 2484 1614 2537 καὶ
1647 2484 1948 2556 θρηνήσετε

365 2574 548 2642 ὑμεῖς,
591 2593 608 2625 ι
635 2574 662 2626 ὃ
691 2573 785 2627 τοῦ
811 2573 1042 2628 θανάτου
1075 2575 1191 2628 ἐστὶ
1213 2575 1306 2628 τοῦ
1345 2576 1580 2647 σταυροῦ
1603 2595 1616 2608 ·
1657 2597 1675 2629 ι
1714 2579 1742 2631 6
1770 2578 1824 2630 δὲ
1854 2579 1948 2629 κό-

367 2680 506 2733 σμος
529 2665 828 2734 χαρήσεται
854 2679 868 2695 ⁸
907 2683 926 2717 ι
961 2666 1262 2731 τουτέστιν,
1287 2668 1350 2720 Οἱ
1372 2667 1440 2720 τὰ
1468 2667 1562 2720 τοῦ
1589 2669 1793 2739 κόσμου
1818 2686 1950 2739 φρο-

366 2755 586 2819 νοῦν-τες
632 2757 877 2810 Ἰουδαῖοι
909 2760 1270 2827 χαρήσονται,
1323 2761 1398 2824 ὡς
1443 2761 1531 2815 τὸν
1559 2762 1748 2834 ἐχθρὸν
1773 2763 1952 2817 αὐτῶν

370 2848 473 2918 ἐμὲ
506 2847 804 2912 ἀνελόντες.
864 2868 883 2901 ι
932 2850 1074 2904 Ἀλλ’
1113 2853 1145 2920 ή
1174 2852 1318 2921 λύπη
1347 2853 1500 2921 ὑμῶν
1539 2856 1620 2917 είς
1642 2857 1816 2924 χαρὰν
1847 2871 1954 2924 γε-

368 2941 628 3009 νήσεται·
667 2963 685 2993 ι
719 2940 909 3012 ὥσπερ
933 2938 1026 2996 οὖν
1048 2945 1197 3014 καὶὴ
1245 2945 1355 2999 τῶν
1396 2944 1664 2999 Ἰουδαίων
1696 2949 1841 3017 χαρὰ
1875 2950 1954 3012 είς

369 3029 552 3102 λύπην
577 3032 762 3096 αὑτοῖς
807 3035 1164 3104 καταντήσει,
1199 3035 1328 3088 ὃταν
1362 3037 1500 3106 μετά
1526 3037 1626 3108 τὴν
1656 3037 1956 3092 ἀνάστασιν

365 3124 432 3175 τὸ
485 3123 614 3192 ἐμὸν
663 3123 954 3194 δοξάζηται
1013 3125 1206 3195 δνομα.
1242 3128 1481 3181 Δύνασαι
1537 3128 1593 3182 δὲ
1628 3131 1722 3181 καὶ
1749 3131 1954 3198 κόσμου

2045 2041 2206 2080 nemo
2237 2025 2386 2079 tollet
2406 2041 2435 2079 a
2461 2025 2631 2079 vobis.
2665 2045 2683 2076 ι
2724 2025 3009 2093 Postquam
3040 2025 3170 2077 vidit
3197 2023 3490 2092 discipulos
3523 2037 3631 2076 non

2049 2115 2347 2185 intelligere
2375 2116 2541 2179 dicta,
2582 2130 2647 2168 eo
2681 2115 2821 2184 quod
2849 2101 3052 2183 gravati
3085 2123 3242 2167 erant
3269 2125 3526 2176 mterore,
3552 2111 3633 2164 in‘

2047 2210 2224 2260 cnlcat
2276 2206 2355 2260 eis
2407 2205 2745 2258 manifestius
2794 2205 2860 2258 de
2908 2214 3081 2256 morte
3135 2217 3256 2264 sua,
3311 2211 3368 2254 ut
3420 2200 3627 2255 assueti

2048 2297 2250 2361 verbis,
2302 2298 2462 2352 etiam
2501 2313 2557 2351 re
2589 2297 2704 2366 ipsa
2739 2311 2854 2349 eam
2897 2293 3112 2348 fortiter
3141 2293 3362 2346 ferrent.
3422 2290 3631 2345 Etenim

2051 2389 2224 2459 inquit
2257 2405 2270 2443 :
2307 2387 2626 2442 «Plorabitis
2653 2399 2705 2442 et
2735 2387 3167 2441 lamentabimini
3200 2401 3320 2451 vos,
3360 2404 3377 2436 ι
3412 2392 3634 2454 propter

2052 2492 2276 2538 mortem
2311 2498 2374 2536 ac
2427 2497 2640 2536 crucem
2671 2499 2685 2535 :
2720 2497 2739 2532 ι
2784 2479 3012 2532 mundus
3059 2489 3239 2532 autem
3295 2477 3570 2547 gaudebit,
3609 2493 3628 2526 ι

2054 2575 2156 2629 hoc
2179 2584 2284 2640 est,
2322 2572 2495 2628 ,ιιιάεί
2528 2574 2800 2626 mundana
2849 2569 3122 2639 sapientes
3151 2568 3484 2636 gaudebunt,
3515 2578 3636 2618 tan-

2053 2683 2215 2737 quam
2283 2668 2370 2736 qui
2427 2665 2803 2720 interemerint
2859 2679 2944 2716 me
2999 2663 3280 2716 inimicum
3365 2659 3630 2728 ipsorum.

2060 2779 2080 2814 ι
2111 2760 2214 2815 Sed
2241 2759 2460 2814 tristitia
2489 2765 2666 2812 vestra
2700 2755 2752 2810 in
2788 2755 3040 2826 gaudium
3072 2763 3334 2807 vertetur:
3385 2770 3402 2803 ι
3443 2765 3636 2819 quem-

2060 2853 2352 2907 admodum
2398 2843 2600 2906 Judaais
2653 2862 2870 2918 quoque
2926 2860 3082 2900 suum
3116 2844 3370 2916 gaudium
3412 2843 3464 2896 in
3501 2856 3638 2896 mm-

2060 2961 2243 3002 rorem
2301 2944 2478 3010 cedet,
2530 2943 2745 3013 quando
2783 2951 2902 3010 post
2952 2954 3125 2994 meam
3179 2937 3632 2992 resurrectionem

2060 3054 2252 3094 nomen
2288 3053 2465 3092 meum
2507 3035 2894 3107 gorillcabitur.
2932 3033 3092 3088 Potes
3129 3043 3309 3086 autem
3343 3039 3397 3086 et
3449 3030 3633 3084 mundi

2061 3130 2336 3199 gaudium,
2375 3145 2479 3185 non
2512 3129 2819 3184 Judworum
2851 3126 3111 3198 gaudiqu
3162 3124 3484 3194 intelligere,
3523 3137 3630 3191 quo

370 3213 574 3284 χαρὰν,
599 3213 674 3284 μὴ
695 3213 795 3286 τὴν
816 3216 924 3268 τῶν
940 3216 1209 3269 Ἰουδαίων
1227 3217 1292 3287 ἣν
1314 3218 1610 3289 ἐχάρησαν,
1629 3217 1724 3271 τοῦ
1751 3218 1954 3289 Κυρίου

2063 3221 2232 3292 gavisi
2269 3229 2415 3286 sunt,
2454 3231 2669 3274 mortuo
2701 3219 2949 3283 Domino,
2994 3219 3087 3272 sed
3135 3216 3362 3270 salutem
3412 3214 3638 3268 mundi:

373 3305 784 3374 ἀναιρεθέντος,
805 3306 940 3359 ἀλλά
964 3307 1061 3377 τὴν
1085 3306 1179 3360 τοῦ
1202 3308 1408 3378 κόσμου
1438 3310 1713 3380 σωτηρίαν
1742 3311 1954 3378 νοῆσαι,

374 3395 522 3453 ὥστε
555 3394 691 3452 εἶναι
719 3399 779 3452 τὸ
811 3399 1101 3469 λεγόμενον
1134 3401 1373 3454 τοιοῦτον
1393 3417 1408 3434 ⁸
1441 3419 1459 3453 ι
1509 3401 1698 3472 Ὑμεῖς
1730 3403 1828 3473 μὲν
1862 3403 1959 3456 λυ-

374 3491 714 3562 πηθήσεσθε,
739 3510 758 3543 ι
797 3492 932 3546 ἀλλὰ
969 3491 1126 3546 τοῦτο
1155 3493 1215 3544 τὸ
1243 3493 1374 3564 ὲμὸν
1405 3493 1596 3557 πάθος,
1623 3495 1709 3565 ἐφ’
1733 3489 1776 3563 ᾧ
1799 3496 1958 3565 ὑμεῖς

373 3584 658 3648 λυπεῖσθε,
716 3585 812 3637 τοὺ
870 3585 1078 3654 κόσμου
1124 3585 1326 3648 παντὸς
1377 3585 1520 3656 χαρὰ
1572 3587 1664 3640 καὶ
1715 3587 1956 3657 σωτηρία

375 3676 556 3732 ἔσται.
591 3672 724 3730 Εἶτα
757 3677 852 3729 καί⁵
879 3677 1231 3746 παράδειγμα
1263 3679 1440 3730 κοινὸν
1474 3678 1726 3747 ἐπιφέρει
1778 3679 1837 3731 τὸ
1861 3679 1958 3749 τῆς

375 3769 641 3838 γυναικὸς
674 3769 769 3822 καὶ
794 3770 891 3839 τῆς
916 3769 1126 3831 ὠδῖνος.
1160 3769 1350 3841 Ταύτῃ
1375 3769 1430 3822 δὲ
1455 3773 1522 3840 τῇ
1557 3770 1843 3840 παραϐολῇ
1867 3771 1959 3822 καὶ

379 3864 430 3915 οί
481 3862 758 3932 προφῆται
805 3862 1124 3931 κέχρηνται,
1160 3864 1226 3932 τῇ
1281 3862 1575 3934 δριμύτητι
1618 3863 1727 3915 τῶν
1752 3862 1960 3915 ὠδίνων

378 3956 486 4026 τὴν
506 3954 808 4026 ὑπερόολὴν
828 3956 924 4024 τῆς
955 3954 1192 4023 ἀθυμίας
1215 3953 1677 4024 παραδηλοῦντες.
1707 3953 1962 4008 Τοιοῦτον

377 4053 440 4106 δέ
471 4067 521 4104 τι
553 4050 736 4119 λέγει·
779 4051 978 4114 Ὠδῖνες
1008 4049 1267 4122 λήψονται
1302 4051 1448 4120 ὑειίς
1483 4049 1748 4120 ἀθυμίας,
1777 4049 1894 4103 ἀλλ’
1928 4051 1963 4120 ἡ

381 4144 535 4212 ὠδὶν,
559 4143 653 4197 τοῦ
685 4144 846 4197 τόκου
879 4145 1027 4198 αἰτία
1053 4144 1284 4212 γίνεται·
1318 4143 1434 4215 ἅμα
1469 4145 1526 4198 δὲ
1566 4143 1662 4197 καὶ
1701 4145 1792 4198 τὸν
1828 4144 1963 4215 περὶ

382 4237 736 4300 ἀναστάσεως
768 4235 1126 4307 πιστούμενος
1159 4236 1338 4305 λόγον,
1365 4237 1460 4289 καὶ
1481 4238 1763 4300 δεικνύων,
1793 4237 1876 4290 ὅτι
1904 4235 1966 4288 τὸ

383 4327 676 4384 ἀποθανεῖν
712 4328 897 4398 ὅμοιόν
924 4330 1038 4382 ἐστι
1072 4328 1148 4398 τῷ
1181 4328 1288 4382 ἀπὸ
1317 4329 1531 4400 μήτρας
1559 4331 1637 4393 εἰς
1664 4329 1780 4398 φῶς
1816 4327 1966 4394 ἐξελ-

385 4421 526 4474 (ιῖν.
566 4420 658 4490 Μὴ
702 4419 812 4490 γὰρ
861 4419 1204 4490 θαυμάσητε,
1250 4422 1333 4474 ὅτι
1376 4420 1462 4473 διὰ
1493 4419 1671 4491 λύπης
1698 4420 1968 4490 τοσαύτης

389 4513 613 4584 μέλλετε
647 4513 860 4584 βαδίσαι
907 4515 1000 4567 ἐπὶ
1033 4514 1206 4584 χαράν
1229 4527 1243 4543 ⁸
1274 4514 1396 4566 ἐπεὶ
1450 4518 1546 4567 καὶ
1583 4515 1616 4584 ή
1669 4519 1853 4582 μήτηρ
1881 4512 1970 4566 διὰ

2061 3323 2119 3368 ιιι
2151 3314 2222 3367 sit
2251 3328 2444 3368 sensus
2481 3312 2746 3368 dictorum
2783 3329 2798 3364 :
2845 3329 2863 3363 ι
2903 3309 3010 3364 Vos
3039 3309 3257 3379 quidem
3289 3320 3522 3360 ιιιαςιὈνο
3563 3304 3643 3360 af-

2063 3405 2340 3468 ﬁciemini,
2381 3424 2400 3457 »
2435 3405 2528 3459 sed
2570 3405 2686 3458 haec
2713 3419 2830 3458 mea
2868 3401 3055 3456 Passio
3101 3411 3318 3470 propter
3349 3414 3510 3469 quam
3549 3413 3643 3452 vos

2060 3498 2193 3552 estis
2237 3498 2442 3562 tristes,
2498 3497 2682 3550 mundi
2722 3496 2886 3549 totius
2931 3494 3186 3564 gaudium
3250 3500 3306 3548 et
3339 3491 3484 3546 salus
3515 3489 3637 3544 erit.

2061 3589 2288 3658 Insuper
2332 3600 2386 3643 et
2443 3587 2745 3655 exeinplum
2794 3599 3081 3640 commune
3128 3583 3279 3637 addit
3314 3581 3554 3635 nmlieris
3591 3588 3645 3634 et

2063 3693 2338 3752 partuum.
2387 3680 2501 3734 Hac
2541 3691 2722 3733 autem
2767 3677 3022 3747 parabola
3058 3685 3113 3730 et
3164 3675 3441 3744 propheta}.
3475 3672 3636 3742 723

2063 3775 2146 3829 usi
2223 3773 2442 3828 fuerunt
2501 3773 2687 3826 dolore
2756 3780 2940 3839 partus
3000 3767 3206 3838 ingenti
3262 3766 3640 3821 excellentiam

2063 3867 2314 3920 maeroris
2337 3866 2726 3934 signiﬁcantes.
2761 3862 2894 3918 Tale
2948 3871 3129 3915 autem
3164 3860 3417 3931 quiddam
3464 3858 3596 3912 dicit
3627 3874 3640 3909 :

2064 3957 2483 4028 Apprehendent
2515 3956 2730 4026 quidem
2795 3971 2895 4010 vos
2946 3953 3164 4008 dolores
3228 3951 3644 4016 mmstitudinis,

2067 4050 2160 4106 sed
2201 4049 2356 4103 dolor
2399 4049 2489 4103 ille
2537 4063 2697 4103 causa
2740 4047 2980 4103 efﬁcitur
3016 4055 3226 4115 partus.
3261 4045 3473 4100 Interea
3509 4058 3645 4098 con-

2070 4143 2248 4196 ﬁrmat
2279 4150 2334 4196 et
2367 4156 2670 4196 sermonem
2710 4142 2778 4195 de
2813 4139 3265 4201 resurrrectione,
3321 4147 3374 4192 et
3405 4135 3649 4190 ostendit

2069 4233 2205 4290 mori
2239 4234 2416 4289 simile
2447 4248 2569 4288 esse
2598 4233 2645 4287 ei
2678 4232 2770 4302 qui
2797 4248 2826 4286 a
2859 4231 3014 4286 vulva
3048 4231 3102 4285 in
3134 4229 3304 4285 lucem
3338 4231 3538 4298 prodit.
3570 4227 3649 4282 Ne

2067 4329 2211 4383 enim
2263 4327 2607 4382 admiremini
2653 4327 2795 4395 quod
2838 4341 2934 4396 per
2980 4333 3186 4378 tantam
3238 4321 3518 4376 tristitiam
3563 4321 3647 4374 in-

2071 4420 2331 4490 gressuri,
2362 4419 2482 4473 sitis
2533 4419 2587 4472 in
2620 4420 2898 4487 gaudium,
2933 4431 3037 4486 qua
3075 4427 3128 4470 et
3163 4422 3337 4468 mater
3372 4430 3467 4484 per
3505 4427 3647 4467 mm.-

2074 4526 2250 4565 rorem
2283 4510 2335 4564 in
2370 4521 2526 4580 partu
2556 4512 2622 4564 ad
2653 4511 2754 4564 hoc
2789 4511 2956 4574 venit,
2988 4517 3046 4562 ut
3071 4508 3144 4562 sit
3173 4516 3366 4562 mater.
3399 4506 3650 4560 Insinuao

385 4605 490 4674 τῆς
519 4605 578 4657 ὲν
602 4607 666 4674 τῇ
701 4604 854 4657 ὠδῖνι
882 4603 1080 4672 λύπης,
1114 4604 1206 4656 ἐπὶ
1232 4603 1291 4657 τὸ
1321 4603 1574 4672 γενέσθαι
1605 4605 1788 4675 μήτηρ
1815 4603 1955 4675 ἔρχε·

2077 4611 2164 4656 tur
2211 4611 2392 4656 autem
2444 4603 2547 4657 hoc
2581 4601 2700 4656 loco
2746 4610 2803 4657 et
2852 4601 3138 4672 mysticum
3188 4599 3471 4668 quiddam,
3505 4600 3649 4669 quod

383 4715 499 4750 ται.
524 4697 833 4751 Αίνίττεται
865 4695 924 4750 δέ
955 4711 1008 4748 τι
1038 4695 1272 4749 ἐνταῦθα
1305 4696 1400 4749 καὶ
1434 4696 1716 4766 μυστικὸν,
1749 4698 1829 4750 ὅτι
1853 4696 1973 4748 ἔλυε

388 4806 486 4842 σεν
511 4788 671 4852 αὑτὸς
699 4787 798 4850 τὰς
820 4786 1010 4850 ὠδῖνας
1037 4790 1132 4840 τοῦ
1157 4786 1410 4851 θανάτου,
1434 4788 1525 4841 καὶ
1547 4787 1668 4841 νέον
1691 4787 1974 4859 ἄνθρωπον

387 4882 833 4950 ἀπγεννηθῆναι
865 4879 1141 4949 ἐποίησεν,
1199 4880 1299 4933 οὑκ
1338 4879 1417 4932 ἔτι
1467 4879 1848 4949 φθειρόμενον,
1874 4879 1974 4931 οὑκ

389 4977 476 5028 ἐτι
513 4973 926 5044 ἀποθνήσκοντα
953 4986 968 5002 °
1003 4973 1062 5035 ὃς
1107 4973 1257 5025 ἐστιν
1301 4972 1462 5036 αὑτὸς
1515 4973 1542 5025 6
1572 4971 1796 5040 Κύριος.
1831 4971 1976 5041 Ὅρα

389 5070 524 5138 γὰρ,
549 5066 662 5129 πῶς
692 5067 793 5119 οὑκ
828 5061 1005 5128 εἶπεν,
1028 5064 1110 5116 ὄτι
1142 5063 1256 5116 Οὑκ
1281 5063 1360 5115 ἔτι
1391 5062 1719 5133 μνημονεύει
1743 5063 1839 5132 τῆς
1867 5063 1975 5114 θλί-

389 5162 561 5231 ψεως,
596 5161 676 5212 ὅτι
703 5155 966 5227 ἐγεννήθη
1001 5157 1140 5226 αὑτῇ
1170 5155 1405 5222 παιδίον,
1442 5155 1576 5218 ἀλλ’,
1617 5175 1633 5207 ι
1674 5155 1797 5208 Ὅτι
1823 5157 1978 5224 ἐγεν-

394 5253 538 5324 νήθη
564 5251 849 5322 ἆνθρωπος
877 5252 958 5314 εἰς
991 5251 1082 5304 τὸν
1115 5250 1342 5318 κόσμον.
1383 5267 1402 5300 ι
1439 5248 1612 5302 Τοῦτο
1639 5249 1747 5318 γὰρ
1778 5249 1837 5301 ού
1874 5249 1977 5319 μά-

393 5360 499 5410 την
529 5341 702 5406 οὑτως
742 5338 915 5406 εἶπεν,
974 5339 1111 5394 ἀλλὰ
1151 5339 1320 5393 θέλων
1355 5339 1708 5408 ἐμφαντικῶς
1759 5341 1857 5394 καὶ
1885 5357 1976 5392 κε-

393 5437 729 5508 κρυμμὲνως
748 5434 1156 5499 ὑπαινίξασθαι,
1177 5434 1258 5486 ὅτι
1281 5433 1441 5495 αὑτός
1474 5435 1620 5485 ἐστιν
1645 5433 1674 5485 6
1695 5432 1976 5502 γεννηθεὶς

397 5530 708 5599 ἄνθρωπος,
747 5528 810 5581 οὐ
839 5527 918 5599 τῷ
968 5527 1220 5582 ὠδίναντι
1260 5525 1424 5580 αὑτὸν
1454 5523 1576 5598 ᾄδῃ,
1610 5524 1747 5578 ἀλλὰ
1777 5523 1856 5594 τῷ
1888 5525 1979 5576 κός

397 5639 544 5692 σμῳ.
585 5620 746 5692 Ἡμῖν
779 5620 885 5690 γὰρ
911 5619 1179 5690 ἐγεννήθη
1206 5617 1266 5682 ἐξ
1295 5618 1643 5678 ἀναστάσεως
1667 5619 1696 5671 6
1732 5618 1849 5679 νέος
1878 5619 1976 5671 ᾶνο

397 5712 618 5782 θρωπος
651 5709 747 5763 καὶ
773 5709 1068 5780 ἄφθαρτος,
1093 5707 1298 5777 Ἰησοῦς
1328 5707 1560 5778 Χριστὸς
1587 5710 1616 5760 6
1643 5707 1773 5770 Θεὸς
1797 5710 1827 5777 ή
1837 5708 1975 5776 μῶν.

397 5806 474 5860 Τὸ
499 5805 674 5859 τοίνυν
712 5802 1058 5875 παράδειγμα
1110 5802 1210 5871 τῆς
1265 5803 1554 5871 τικτούσης
1609 5802 1866 5868 γυναικὸς
1903 5801 1978 5872 μὴ

397 5897 466 5950 δι’
493 5898 616 5953 ὅλου
650 5895 805 5968 ζήτει
858 5894 1236 5968 προσαρμόσαι
1300 5896 1414 5960 τοῖς
1442 5893 1570 5964 περὶ
1620 5893 1711 5948 τὸν
1742 5895 1978 5967 Χριστὸν

2077 4697 2190 4768 ipse
2237 4697 2458 4752 solverit
2496 4697 2717 4752 dolores
2775 4695 2989 4759 mortis,
3025 4703 3079 4748 et
3137 4707 3334 4746 novum
3378 4694 3651 4748 hominem

2077 4789 2224 4844 nasci
2270 4789 2482 4854 fecerit,
2531 4788 2756 4859 posthac
2795 4803 2899 4842 non
2941 4789 3440 4857 corrumpendum,
3480 4799 3654 4855 neque

2079 4883 2380 4947 mortalem,
2415 4883 2503 4951 qui
2555 4891 2638 4935 est
2684 4880 2798 4951 ipse
2833 4881 3117 4936 Dominus.
3156 4880 3287 4935 Vide
3327 4881 3469 4934 enim
3512 4891 3654 4948 quo-

2079 4976 2240 5028 modo
2297 4991 2403 5028 non
2455 4974 2654 5030 dixerit
2702 4974 2846 5042 quod
2902 4974 3126 5042 posmac
3185 4988 3289 5026 non
3340 4973 3656 5026 recordetur

2077 5067 2368 5122 anxietatis
2390 5067 2515 5136 quia
2548 5077 2706 5121 natus
2729 5077 2811 5120 est
2828 5066 2876 5120 ei
2898 5065 3106 5135 puellus
3128 5064 3276 5134 :jsed,
3299 5081 3316 5113 ι
3345 5062 3477 5128 Quia
3498 5071 3656 5116 natus

2078 5167 2162 5214 est
2210 5159 2370 5213 homo
2412 5158 2462 5212 in
2501 5158 2776 5212 mundum.
2812 5175 2830 5208 ι
2861 5156 2973 5211 Hoc
2996 5157 3141 5211 enim
3176 5170 3279 5210 non
3324 5154 3529 5208 frustra
3581 5154 3653 5206 ita

2077 5250 2235 5313 dixit,
2283 5249 2378 5304 sed
2409 5249 2596 5304 volens
2636 5256 2769 5302 cum
2794 5247 3040 5317 emphasi
3081 5255 3134 5300 et
3165 5245 3328 5299 tacite
3378 5242 3656 5296 insinuare

2079 5343 2225 5410 quod
2280 5341 2396 5409 ipse
2434 5340 2505 5395 sit
2562 5340 2653 5394 ille
2708 5349 2868 5393 natus
2926 5337 3108 5400 homo,
3166 5351 3272 5390 non
3329 5331 3655 5405 parturienti

2083 5433 2253 5503 ipsum
2292 5432 2527 5500 inferno,
2581 5433 2674 5486 sed
2729 5431 2968 5483 mundo:
3008 5430 3162 5485 nobis
3195 5429 3338 5483 enim
3376 5442 3443 5482 ex
3473 5439 3655 5480 resur-

2081 5526 2319 5580 rectione
2350 5535 2510 5580 natus
2559 5533 2644 5579 est
2672 5539 2844 5578 novus
2884 5521 3069 5588 homo,
3121 5532 3176 5576 et
3227 5519 3658 5590 incorruptibilis

2078 5615 2243 5672 Iesus
2274 5615 2536 5671 Dominus
2585 5626 2789 5670 noster.
2825 5614 2998 5683 Igitur
3062 5613 3368 5684 exetuplum
3417 5611 3660 5668 mulieris

2086 5709 2349 5778 parientis
2383 5725 2488 5764 non
2530 5725 2625 5779 per
2670 5709 2850 5762 omnia
2888 5724 3102 5779 quantas
3133 5710 3391 5779 adaptare
3423 5710 3506 5764 his
3537 5719 3660 5778 quas

2081 5803 2226 5857 circa
2255 5799 2437 5856 Iesum
2481 5801 2773 5856 acciderint
2809 5817 2829 5868 ς
2877 5800 2970 5856 sed
3008 5809 3217 5856 tantum
3253 5811 3312 5856 ut
3342 5801 3659 5856 ostendatur

2084 5893 2226 5967 quod
2259 5895 2568 5964 temporalis
2602 5895 2670 5949 sit
2702 5893 2871 5962 dolor,
2926 5905 2980 5952 ct
3023 5911 3272 5966 magnum
3305 5894 3514 5950 lucrum
3550 5892 3652 5948 deo
