4056 6618
467 433 576 500 219
1316 438 1893 500 TIIEOPHYLACTI
1939 441 2348 502 BULGARLE
2385 440 2740 507 meumr.
3602 442 3707 508 220

470 550 604 604 luris
635 557 689 604 et
716 546 858 617 quod
895 549 1313 604 resurremionis
1358 559 1548 619 partus
1577 550 1648 604 sit
1677 552 1742 605 ad
1793 553 1957 606 vitam
1989 561 2043 607 et

2149 553 2571 623 συμϐεϐηκόσιν,
2596 555 2713 608 ἀλλ’
2736 556 2770 624 ἡ
2807 555 2966 624 μόνον
3000 556 3083 618 είς
3129 556 3188 610 τὸ
3213 554 3403 621 δεῖξαι,
3437 557 3519 610 ὅτι
3543 558 3714 628 πρόσ-

468 642 963 711 regenerationem,
1007 643 1114 696 alia
1169 653 1348 697 autem
1394 643 1579 698 omnia
1620 645 1686 700 ad
1735 645 2038 714 exemplum

2149 658 2333 710 καιρος
2357 644 2388 712 ὴ
2424 642 2592 713 λύπη,
2628 646 2723 699 καί
2752 646 2837 699 ὅτι
2877 648 3019 715 μέγα
3047 646 3155 699 τῶν
3181 646 3385 700 ὠδίνων
3412 648 3474 701 τὸ
3504 648 3712 719 κέρδος,

469 751 575 788 non
605 733 867 798 alludunt,
890 740 948 785 et
976 733 1189 786 merito.
1214 731 1476 788 Parabola
1503 735 1649 789 enim
1677 735 1722 788 si
1748 750 1842 803 per
1860 735 2039 789 omnia

467 838 734 889 servetur,
769 841 874 879 non
907 837 985 881 eat
1023 826 1301 895 parabola,
1344 828 1437 880 sed
1488 826 1616 881 illud
1664 828 1842 898 ipsum
1896 828 2039 897 quod

466 935 563 989 per
614 918 929 988 parabolam
962 919 1233 990 signatur.
1271 918 1339 971 Et
1390 920 1493 973 hoc
1544 920 1661 975 loco
1694 920 2041 990 intelligimus

465 1026 565 1077 per
595 1011 834 1064 dolorem
871 1012 1154 1078 parientis,
1208 1010 1482 1065 tristitiam
1533 1012 1897 1080 apostolorum
1942 1030 1955 1066 :
1989 1020 2041 1065 et

465 1118 562 1168 per
613 1095 908 1171 gaudium,
976 1102 1405 1157 consolationem
1468 1103 1932 1167 resurrectionis;
1988 1115 2043 1157 et

466 1195 664 1248 iterum
712 1211 805 1263 per
840 1194 1167 1248 solutionem
1217 1194 1459 1248 dolorum
1507 1193 1788 1265 parientis,
1842 1190 2038 1247 inferni

463 1287 890 1342 destructionem
921 1304 936 1353 ;
989 1294 1046 1339 et
1080 1301 1177 1355 per
1200 1286 1556 1351 nativitatem,
1591 1286 2040 1340 resurrectionem

463 1378 816 1449 Primogeniti
845 1393 910 1432 ex
931 1378 1179 1433 mortuis.
1197 1377 1366 1432 Porro
1386 1394 1491 1432 non
1516 1377 1654 1431 ultra
1689 1378 1932 1446 signatur
1954 1376 2041 1430 in-

467 1470 652 1524 fernus
682 1486 778 1539 per
805 1478 1057 1525 matrem.
1088 1468 1205 1526 Non
1242 1471 1384 1524 enim
1417 1472 1638 1541 gavisus
1664 1480 1747 1523 est
1777 1468 2038 1536 infernus,

464 1560 558 1613 sed
582 1561 812 1629 apostoli
840 1560 1009 1630 gavisi
1043 1570 1173 1616 sunt
1204 1562 1402 1629 gaudio
1427 1562 1569 1630 quod
1600 1561 1777 1616 nullus
1810 1561 2038 1616 abstulit

463 1652 532 1704 ab
557 1652 657 1707 eis.
693 1651 846 1706 Tunc
888 1654 1031 1707 enim
1077 1652 1403 1724 gaudebant.
1444 1655 1661 1721 quando
1696 1668 1791 1719 pro
1823 1653 2041 1707 nomine

461 1742 671 1797 Domini
711 1745 1136 1813 aspergebantur
1172 1741 1520 1800 conviciis".
1544 1743 1770 1813 Insuper
1792 1743 2039 1809 dicendo,

468 1853 487 1887 ι
513 1836 778 1891 Gaudium
803 1846 1037 1892 vestrum
1079 1851 1237 1893 nemo
1270 1837 1407 1891 tollit
1445 1854 1473 1892 a
1516 1838 1693 1899 vobis,
1741 1856 1759 1889 ι
1805 1835 2041 1891 ostendit

465 1932 608 1994 quod
660 1928 799 1983 ultra
853 1945 958 1984 non
1021 1931 1311 1995 moriatur,
1358 1931 1449 1984 sed
1506 1942 1770 1998 perpetuo
1821 1930 2033 1995 vivens,
2069 1913 2111 1969 Β

461 2021 567 2075 illis
598 2022 1238 2100 incorruptibilisfgaudii,
1260 2022 1333 2077 sit
1360 2032 1550 2077 auctor
1583 2022 1817 2078 futurus.

2145 733 2238 785 καὶ
2264 732 2344 786 ὅτι
2377 734 2512 803 πρὸς
2539 734 2684 805 ζωὴν
2720 737 2813 789 καὶ
2848 737 3272 805 παλιγγενεσίαν
3302 738 3331 791 ό
3357 739 3455 808 τῆς
3484 742 3717 794 ἀναστά-

2146 841 2284 888 σεως
2316 828 2555 890 τοκετός.
2576 828 2654 880 Τά
2702 827 2747 880 δ’
2782 828 2915 882 ἄλλα
2948 830 3121 884 πάντα
3145 831 3238 884 τοῦ
3275 833 3716 901 παραδείγματος

2141 917 2447 988 ἀπᾴδουσισ
2480 921 2576 973 καί
2610 922 2856 985 εἰκότως.
2887 922 3176 993 Παραϐολή
3200 924 3305 992 γάρ
3354 926 3537 976 ὲστιν·
3594 926 3625 994 ή
3657 924 3716 977 δὲ

2144 1012 2447 1083 παραϐολὴ.
2477 1013 2572 1066 ἐὰν
2598 1014 2686 1067 διὰ
2719 1015 2936 1068 πάντων
2962 1015 3226 1085 σώζηται,
3254 1017 3354 1069 ούκ
3383 1015 3500 1068 ἔστι
3533 1033 3717 1086 παρα-

2144 1104 2293 1172 ϐολὴ,
2321 1105 2436 1158 ἀλλ’
2464 1107 2599 1159 αὐτὸ
2628 1108 2825 1171 ἐκεῖνο,
2872 1107 2939 1160 δι’
2994 1107 3024 1161 ὃ
3064 1109 3096 1176 ἡ
3134 1108 3434 1179 παραϐολή.
3489 1108 3599 1161 Καὶ
3628 1110 3719 1160 ἐν·

2142 1195 2317 1248 ταῦθα
2346 1192 2438 1249 οὖν
2466 1196 2565 1261 τὰς
2598 1198 2791 1261 ὠδῖνας
2813 1198 3160 1269 λαμϐάνομεν
3184 1202 3264 1261 είς
3297 1199 3393 1269 τὴν
3414 1200 3588 1270 λύπην
3609 1200 3721 1254 τῶν

2145 1289 2458 1342 ἀποστόλων
2484 1329 2500 1356 ,
2552 1291 2647 1343 καὶ
2698 1292 2797 1361 τὴν
2826 1292 2999 1361 χαρὰν
3049 1292 3130 1356 είς
3164 1293 3263 1363 τὴν
3294 1293 3433 1361 μετὰ
3460 1292 3560 1362 τὴν
3583 1293 3720 1345 ἀνά-

2146 1396 2334 1433 στασιν
2357 1381 2713 1451 παραμυθίαν
2738 1396 2750 1410 ·
2792 1383 2883 1436 καὶ
2920 1383 3082 1437 πάλιν
3108 1384 3208 1454 τὴν
3233 1384 3344 1437 τῶν
3371 1384 3577 1438 ὠδίνων
3622 1385 3721 1438 λύ-

2145 1488 2249 1535 σιν,
2276 1473 2357 1535 εἰς
2377 1473 2478 1542 τὴν
2499 1474 2592 1526 τοῦ
2617 1472 2745 1544 ᾆδον
2776 1475 3091 1541 κατάλυσιν,
3118 1476 3214 1529 καὶ
3234 1474 3334 1546 τὴν
3363 1475 3617 1545 γέννησιν
3637 1478 3723 1538 είς

2142 1564 2241 1635 τήν
2274 1565 2572 1619 ἀνάστασιν
2605 1567 2700 1620 τοῦ
2737 1568 3091 1638 Πρωτοτάκου
3139 1570 3204 1621 ὲκ
3234 1567 3475 1638 νεκρῶν·
3510 1568 3721 1622 οὐκετι

2146 1656 2329 1726 μέντοι
2383 1658 2475 1712 τὸν
2530 1657 2663 1731 ᾅδην
2717 1661 2799 1723 εἰς
2851 1661 2950 1731 τὴν
2993 1662 3223 1732 μητέρα.
3256 1661 3334 1714 Ού
3368 1661 3474 1733 γὰρ
3499 1662 3722 1732 ὲχάρηό

2143 1745 2297 1817 ᾅδης,
2330 1747 2446 1801 ἀλλ’
2484 1751 2534 1802 οἰ
2589 1750 2877 1804 ἀπόστολοι
2927 1751 3226 1821 ἐχάρησαν,
3283 1752 3379 1804 καὶ
3424 1753 3617 1823 χαρὰν,
3649 1751 3723 1821 ήν

2142 1838 2318 1902 οὐδεὶς
2345 1835 2478 1911 ἦρεν
2511 1842 2610 1895 ἀπ’
2665 1843 2866 1897 αὐτῶν.
2902 1844 3034 1897 Ὅτε
3092 1844 3201 1915 γὰρ
3257 1842 3564 1915 ὑϐρίζοντο,
3595 1845 3721 1895 τότε

2143 1929 2386 2007 ἔχαιρον,
2408 1934 2498 1987 ὅτε
2530 1933 2669 2005 ὑπὲρ
2706 1934 2800 1987 τοῦ
2834 1935 3097 2004 ὀνόματος
3125 1934 3220 1987 τοῦ
3243 1935 3481 2005 Χριστοῦ
3519 1934 3724 2003 ἠτιμά-

2149 2024 2323 2087 ζοντο.
2349 2026 2500 2096 ’Ἅμα
2547 2027 2604 2080 δὲ
2640 2028 2733 2079 καὶ
2762 2027 2853 2081 διὰ
2897 2027 2990 2080 τοῦ
3016 2029 3212 2090 εἰπεῖν,
3238 2028 3319 2080 ὃτι
3348 2046 3367 2078 t
3405 2026 3517 2096 Τὴν
3546 2026 3722 2096 χαρὰν

461 2114 614 2184 ὑμῶν
636 2114 812 2178 οὐδεὶς
844 2116 1011 2185 αἴρει,
1050 2134 1069 2167 ι
1100 2109 1398 2181 δείκνυσιν,
1431 2115 1513 2168 ὅτι
1542 2115 1640 2169 οὐκ
1665 2114 1747 2169 ἔτι
1803 2114 2069 2179 θανεῖται.
2113 2117 2231 2170 ἀλλ’
2293 2118 2379 2172 ἀεὶ
2434 2118 2564 2187 ζῶν,
2617 2119 2959 2174 ἀκαταλύτου
3002 2120 3175 2195 χαρᾶς
3233 2119 3417 2182 αὐτοῖς
3463 2118 3724 2188 πρόξενος

461 2206 636 2262 ἔσται.

533 2303 696 2358 Vens.
732 2303 824 2368 23,
855 2302 944 2357 24.
988 2321 1008 2356 ι
1062 2305 1131 2359 Ει
1177 2305 1229 2358 in
1281 2306 1371 2361 illo
1398 2305 1487 2361 die
1520 2321 1605 2361 me
1635 2323 1741 2362 non
1783 2308 2042 2378 rogabitis

458 2392 771 2462 quidquam.
823 2396 1017 2462 Amen,
1078 2410 1233 2450 amen
1285 2396 1407 2452 dico
1467 2397 1652 2454 vobis:
1686 2397 2037 2468 Quaecunque

463 2484 725 2551 petieritis
771 2482 987 2539 Patrem
1038 2487 1139 2541 sub
1196 2488 1411 2542 nomine
1470 2504 1611 2555 meo,
1667 2490 1815 2545 dabit
1864 2490 2037 2545 vobis.

460 2573 730 2631 Hactenus
769 2592 875 2631 non
929 2577 1141 2645 petistis
1192 2580 1484 2648 quidquam
1516 2584 1616 2636 sub
1649 2581 1869 2636 nomine
1897 2596 2036 2636 meo.

461 2664 635 2723 Petite
662 2678 716 2723 et
764 2669 1064 2736 accipietis,
1102 2678 1159 2725 ιιι
1183 2670 1434 2739 gaudium
1475 2682 1711 2726 vestrum
1748 2674 1819 2728 sit
1863 2673 2040 2741 perie-

2219 2324 2239 2359 t
2287 2306 2376 2361 Ἐν
2419 2304 2604 2377 ἐκείνῃ
2645 2307 2712 2375 τῇ
2740 2305 2925 2375 ἡμέρᾳ
2962 2303 3062 2374 ἐμὲ
3087 2305 3187 2358 οὐκ
3215 2303 3518 2374 ἐρωτήσετε
3545 2303 3722 2357 οὐδέν.

2157 2396 2350 2468 Ἀμὴν,
2380 2396 2528 2467 ἀμὴν
2558 2396 2703 2464 λέγω
2729 2395 2880 2466 ὑμῖν,
2914 2395 2998 2448 ὃτι
3052 2395 3153 2448 ὅσα
3205 2396 3272 2448 ἂν
3318 2395 3579 2463 αἰτήσητε
3627 2395 3723 2449 τὸν

2146 2491 2366 2559 Πατέρα
2398 2491 2457 2543 ὲν
2494 2488 2571 2559 τῷ
2621 2487 2848 2557 ὀνόματί
2887 2505 3013 2557 μου,
3041 2486 3203 2541 δώσει
3237 2488 3386 2557 ὑμῖν.
3428 2488 3573 2551 Ἕως
3594 2487 3723 2558 ἄρτι

2140 2578 2242 2630 οὐκ
2266 2576 2539 2647 ᾐτήσασθε
2564 2576 2718 2630 οὐδὲν
2754 2578 2810 2629 ἐν
2844 2575 2922 2645 τῷ
2954 2577 3179 2646 ὀνόματί
3213 2594 3335 2646 μου.
3361 2578 3593 2642 Αἰτεῖτε,
3625 2580 3724 2631 καὶ

2142 2666 2400 2738 λήψεσθε,
2446 2668 2531 2722 ἵνα
2556 2671 2589 2739 ἡ
2620 2669 2765 2740 χαρά
2798 2664 3004 2743 ύμῶνῇ
3038 2670 3469 2741 πεπληρωμένη.
3510 2689 3529 2722 ι
3568 2671 3721 2738 Ὅτε,

459 2772 629 2815 ctum.
675 2779 696 2814 ι
731 2760 953 2827 Quando
1003 2778 1308 2833 resurgam,
1356 2774 1484 2819 tunc
1534 2765 1709 2819 veniet
1748 2779 1913 2834 super
1954 2781 2043 2823 vos

2149 2759 2333 2827 φησὶν,
2360 2760 2757 2830 ἀναστήσομαι,
2790 2761 2912 2813 τότε
2944 2762 3399 2830 ἐπιφοιτήσαντος
3432 2760 3561 2830 ύμῖν
3581 2764 3723 2814 πάν-

461 2851 792 2916 Paracletus,
856 2863 911 2907 et
954 2853 1171 2908 inducet
1230 2869 1323 2909 vos
1360 2856 1411 2909 in
1459 2870 1674 2911 onmem
1703 2858 1982 2913 veritatem
2020 2874 2035 2913 :

2149 2867 2250 2914 τως
2300 2849 2392 2903 τοῦ
2453 2850 2835 2921 Παρακλήτου,
2896 2852 2993 2905 καὶ
3013 2851 3378 2922 ὁδηγήσαντος
3426 2853 3506 2915 εἰς
3540 2854 3725 2907 πᾶσιν

469 2962 488 2995 ε
520 2942 713 3013 Meque
747 2959 852 2998 non
876 2943 1137 3013 rogabitis
1170 2963 1189 2996 ι
1219 2946 1511 3014 quidquam
1542 2948 1665 3012 tale,
1689 2948 1847 3017 quale
1868 2948 2040 3017 prius,

2149 2941 2239 3013 τὴν
2270 2942 2552 3014 ἀλήθειαν,
2592 2961 2611 2995 t
2645 2944 2744 3013 ἐμὲ
2773 2943 2873 2997 οὐκ
2898 2945 3205 3015 ἐρωτήσετε
3228 2943 3403 3005 οὐδὲν.
3435 2963 3454 2995 ι
3482 2945 3724 2998 τοιοῦτον

468 3053 490 3088 ι
522 3036 639 3101 Quo
671 3035 864 3092 vadis?
896 3056 915 3091 ι
954 3046 1027 3102 et,
1059 3055 1081 3089 t
1116 3036 1355 3094 Ostende
1393 3040 1548 3095 nobis
1576 3041 1810 3100 Patrem.
1859 3061 1879 3096 ι
1911 3042 2043 3100 0m-

2149 3029 2249 3088 οἷον
2310 3035 2409 3089 καὶ
2465 3033 2655 3105 πρώην
2678 3050 2691 3065 ⁸
2731 3053 2750 3086 ι
2786 3034 2894 3088 Ποῦ
2931 3034 3201 3103 ὑπάγειςς
3244 3053 3262 3087 ι
3300 3035 3420 3098 καὶ,
3484 3055 3502 3086 t
3536 3035 3722 3100 Δεῖξον

463 3125 551 3180 nia
579 3125 722 3180 enim
768 3126 953 3182 scietis
995 3128 1047 3181 in
1101 3125 1325 3196 Spiritu.
1363 3126 1457 3182 Vel
1492 3147 1511 3181 t
1558 3130 1839 3199 regaliitis,
1883 3150 1902 3183 ι
1938 3131 2041 3187 hoc

2149 3129 2271 3199 ἡμῖν
2322 3127 2414 3182 τὸν
2448 3127 2685 3198 Πατέρα.
2728 3146 2747 3180 ι
2784 3128 2969 3182 Πάντα
3012 3127 3122 3199 γὰρ
3159 3127 3438 3197 γνώσεσθε
3466 3131 3523 3181 ὲν
3553 3128 3723 3182 Πνεύ-

462 3229 569 3282 est.
607 3219 987 3286 obsecrabitis,
1028 3221 1277 3276 orabitis.
1327 3220 1462 3275 Cum
1527 3221 1693 3291 igitur
1744 3240 1773 3278 a
1810 3224 2040 3281 mortuis

2151 3235 2304 3288 ματι,
2331 3217 2450 3288 ήτοι
2488 3236 2506 3269 t
2538 3218 2873 3288 ἐρωτήσετε,
2913 3236 2932 3268 ι
2964 3217 3086 3270 ἀντὶ
3115 3218 3230 3284 τοῦ,
3286 3217 3719 3289 παρακαλέσετε,

462 3327 841 3377 τορυιτριοτο,
876 3314 1082 3369 mittam
1116 3316 1266 3370 vobis
1297 3314 1635 3369 Paracletum
1671 3332 1684 3370 :
1727 3325 1854 3371 tunc
1879 3336 1898 3370 ι
1932 3334 2037 3373 non

2149 3307 2428 3373 ἀξιώσετε.
2460 3309 2590 3361 Ὅτε
2618 3309 2799 3363 τοίνυν
2852 3310 2917 3363 ἐκ
2971 3310 3182 3379 νεκρῶν
3236 3309 3495 3372 ἀναστὰς,
3522 3308 3724 3378 πέμιίω

462 3417 549 3459 tne
583 3406 856 3475 rogabitis,
894 3425 913 3457 ο
951 3407 1051 3460 hoc
1102 3416 1203 3467 est,
1243 3407 1455 3474 potetis,
1494 3407 1564 3460 ita
1615 3417 1673 3461 ut
1710 3409 1810 3462 sim
1859 3419 2038 3463 vester

2149 3401 2274 3472 ὑμῖν
2291 3401 2380 3454 τὸν
2400 3400 2781 3472 Παράκλητον,
2806 3402 2927 3454 τότε
2949 3419 2968 3453 t
2995 3401 3095 3454 οὐκ
3121 3400 3204 3453 ἔτι
3225 3401 3323 3469 ἐμὲ
3359 3402 3711 3471 ἑρωτήσετε,ι

461 3496 752 3562 mediator,
792 3499 887 3552 sed
942 3496 1104 3569 724
1157 3495 1384 3552 sume-iet
1437 3499 1591 3553 vobis
1623 3514 1816 3553 nomen
1858 3515 2038 3554 meum

464 3597 523 3644 nt
552 3605 580 3642 a
607 3586 768 3645 Patre
799 3592 1077 3659 accipiatis
1114 3591 1421 3659 petitiones.
1463 3589 1732 3646 ‘Ostendit
1758 3591 1919 3661 igitur
1941 3591 2043 3645 hoc

461 3681 581 3736 loco
633 3683 866 3737 nominis
914 3682 994 3736 sui
1027 3681 1324 3747 virtutem;
1372 3683 1635 3752 siquidem
1694 3698 1815 3736 cum
1869 3696 2043 3752 neque

378 3848 381 3851 _
460 3774 694 3837 videtur,
743 3788 916 3843 neque
957 3772 1291 3838 obseeratnr,
1327 3776 1420 3828 sed
1460 3790 1582 3829 cum
1617 3774 1926 3829 nominatur
1951 3790 2042 3830 so-

459 3865 595 3932 lum,
633 3866 756 3920 talia
803 3866 955 3920 facit.
988 3883 1007 3918 t
1054 3864 1366 3935 lincusque,
1416 3866 1611 3935 inquit,
1660 3881 1765 3919 non
1806 3867 2043 3936 petiistis

458 3958 751 4029 quidquam
805 3956 906 4012 sub
956 3958 1175 4012 nomine
1212 3973 1354 4013 meo.
1398 3976 1417 4009 ι
1450 3956 1527 4011 Ex
1555 3957 1656 4012 hoc
1687 3967 1865 4013 autem
1901 3968 2043 4014 tem-

463 4065 594 4118 pore
619 4067 639 4100 ι
688 4048 872 4117 petite,
929 4057 986 4103 et
1022 4067 1043 4100 ι
1108 4049 1330 4104 omnino
1389 4067 1408 4100 ι
1450 4048 1721 4117 recipietis
1760 4066 1773 4103 :
1813 4067 1833 4102 ι
1888 4060 1942 4105 et
1970 4051 2043 4105 ita

461 4142 676 4211 expedit
728 4141 882 4196 vobis
934 4150 994 4196 ut
1044 4156 1145 4213 ego
1185 4143 1423 4196 moriar:
1461 4143 1727 4211 siquidem
1761 4143 1900 4211 apud
1943 4142 2045 4197 Pa-

461 4242 600 4286 trem
635 4232 892 4302 majorem
919 4248 1080 4302 quam
1116 4250 1260 4289 nunc
1294 4234 1547 4289 ﬁduciam
1582 4234 1852 4289 inventuri
1890 4237 2041 4291 estis.

466 4323 587 4378 l‘ton
646 4324 789 4378 enim
846 4324 987 4394 quod
1011 4335 1241 4394 separor'
1282 4340 1311 4379 a
1337 4326 1508 4390 vobis,
1543 4325 1853 4380 existimate
1891 4340 1983 4381 vos
2013 4342 2041 4380 a

2142 3491 2449 3557 τουτέστιν,
2508 3490 2819 3562 αἰτήσεσθε,
2851 3488 2993 3544 ὥστε
3042 3491 3270 3561 μεσίτην
3300 3490 3401 3559 ἐμὲ
3445 3490 3719 3557 γενέσθαι,

2144 3582 2283 3638 ἀλλά
2330 3584 2557 3655 ἀρκέσει
2610 3585 2739 3654 ὑμῖν
2789 3584 2852 3636 τὸ
2889 3584 3062 3654 ὄνομά
3099 3601 3201 3655 μου
3253 3584 3333 3647 είς
3363 3583 3423 3637 τὸ
3453 3584 3598 3655 παρὰ
3625 3585 3722 3637 τοῦ

2144 3676 2358 3745 Πατρὸς
2403 3675 2585 3732 λαϐεῖν
2609 3676 2676 3729 τὰ
2707 3676 3009 3746 αἰτήματα.
3040 3676 3326 3731 Δείιινυσιν
3362 3671 3457 3730 οῦν
3490 3676 3723 3731 ἐνταῦθα

2144 3768 2238 3821 τοῦ
2263 3768 2525 3838 ὀνόματος
2550 3767 2719 3822 αὐτοῦ
2751 3768 2853 3839 τήν
2876 3767 3130 3839 δύναμιν,
3151 3768 3203 3821 εί
3223 3785 3287 3837 γε
3314 3769 3448 3839 μηδὲ
3473 3785 3722 3839 παρακαο

2145 3858 2429 3929 λούμενος,
2453 3858 2570 3913 ἀλλ’
2608 3854 3013 3930 ὀνομαζόμενος
3072 3860 3253 3931 μόνον,
3285 3860 3511 3914 τοιαῦτα
3557 3863 3720 3916 ποιεῖ.

2152 3972 2171 4005 ι
2206 3953 2352 4016 Ἕως
2391 3951 2543 4025 ἄρτι,
2584 3954 2770 4023 φησὶν,
2791 3952 2893 4006 οὐκ
2915 3952 3190 4023 ᾐτήσασθε
3230 3953 3382 4007 οὐδὲν
3412 3954 3471 4007 ὲν
3499 3954 3574 4024 τῷ
3604 3954 3717 4006 ὀνόι

2151 4044 2278 4112 ματί
2310 4060 2445 4114 μου·
2487 4062 2507 4096 ι
2545 4044 2653 4097 ἀπὸ
2679 4043 2773 4101 τοῦ
2798 4043 2892 4098 νῦν
2920 4045 2978 4098 δὲ
3017 4063 3037 4097 t
3075 4046 3300 4112 αἰτεῖτε,
3329 4046 3423 4098 καὶ
3455 4065 3473 4098 ι
3509 4047 3720 4110 πάντως

2154 4154 2173 4187 ι
2199 4135 2456 4204 λήψεσθε.
2496 4155 2515 4187 ι
2551 4136 2715 4189 Ὥστε
2747 4138 3020 4207 συμφέρει
3044 4136 3104 4190 τό
3128 4137 3426 4191 ἀποθανεῖν
3456 4155 3545 4209 με,
3581 4138 3633 4192 εἴ
3658 4152 3721 4207 γε

2152 4229 2372 4299 μέλλετε
2399 4227 2506 4282 ἀπὸ
2541 4227 2633 4281 τοῦ
2660 4228 2754 4283 νῦν
2792 4229 3102 4299 παρρησίας
3146 4230 3393 4299 μείζονος
3437 4232 3720 4300 τυγχάνειν

2147 4319 2300 4389 παρᾶ
2320 4320 2396 4390 τῷ
2424 4319 2595 4390 Πατρί
2626 4337 2748 4389 μου.
2775 4321 2865 4390 Μὴ
2888 4321 2996 4391 γάρ
3021 4321 3208 4391 ἐπειδὴ
3229 4322 3531 4392 χωρίξομαι
3550 4322 3720 4391 ὑμῶν,

466 4430 555 4470 Ine
585 4416 817 4479 relictos,
852 4417 944 4470 sed
979 4431 1174 4471 nemen
1222 4433 1399 4471 meum
1435 4417 1691 4486 majorem
1719 4417 1876 4472 vobis
1907 4418 2043 4472 ﬁdu-

2149 4405 2395 4476 νομίζετε
2426 4407 2924 4478 ἐγκαταλειφθῆναι
2953 4410 3080 4479 παρ’
3112 4411 3269 4480 ἐμοῦ,
3295 4410 3431 4465 ἀλλὰ
3462 4412 3521 4465 τὺ
3543 4414 3720 4484 ὄνομά

463 4514 603 4574 ciam
652 4509 825 4574 dabit,
858 4518 912 4562 et
959 4510 1210 4577 gaudium
1264 4519 1500 4564 vestrum
1554 4517 1680 4564 tunc
1709 4510 1815 4565 erit
1846 4510 2042 4579 plenis-

2150 4516 2252 4568 μου
2286 4500 2459 4570 μείζω
2494 4500 2624 4571 ὑμῖν
2652 4502 2970 4573 παρρησίαν
3002 4501 3185 4568 δώσει,
3226 4506 3322 4557 καὶ
3350 4506 3545 4576 ήχαρὰ
3575 4506 3721 4575 ὑμῶν

462 4603 680 4666 sinmm,
712 4618 832 4656 cum
862 4603 1142 4672 accipietis
1181 4618 1371 4657 omnes
1400 4602 1709 4672 petitiones.
1741 4601 2038 4659 Considera

2149 4590 2265 4643 τότε
2293 4590 2449 4644 ἔσται
2474 4591 2850 4664 πληρεστάτη,
2876 4593 3265 4664 λαμϐανόντων
3291 4597 3469 4650 πάντα
3490 4599 3555 4652 τε
3573 4599 3729 4672 αἰτήι

466 4702 644 4747 autem
682 4694 824 4761 quod
858 4694 949 4749 ille
990 4697 1178 4759 sumit,
1210 4695 1301 4764 qui
1328 4695 1427 4749 sub
1461 4696 1678 4751 nomine
1707 4694 1910 4751 Christi
1948 4712 2043 4767 pe-

2152 4701 2320 4755 ματα.
2360 4685 2558 4739 Σκόπει
2586 4687 2665 4749 δὲ,
2688 4688 2770 4742 ὅτι
2800 4690 3007 4751 ἐκεῖνος
3037 4688 3330 4760 λαμϐάνει,
3361 4692 3388 4744 ό
3424 4692 3483 4745 ἐν
3513 4692 3589 4761 τῷ
3611 4693 3722 4745 όνόο

462 4786 547 4841 tit.
606 4782 794 4839 Nullus
858 4787 1128 4867 igitur‘ex
1181 4786 1264 4839 his
1292 4787 1381 4851 qui
1434 4787 1698 4841 mundana
1750 4796 1944 4858 petunt
1976 4802 2043 4843 ac

2152 4795 2282 4848 ματι
2332 4778 2426 4832 τοῦ
2481 4780 2723 4848 Χριστοῦ
2765 4779 2955 4835 αἰτῶν.
3007 4781 3199 4845 Οὐδεὶς
3221 4782 3315 4836 οῦν
3348 4782 3457 4837 τῶν
3484 4785 3729 4854 κοσμικὰ

459 4877 746 4932 unitnabus
799 4879 1080 4944 damnesa,
1125 4878 1178 4932 in
1214 4879 1434 4933 nomine
1463 4878 1659 4935 Christi
1700 4882 1833 4951 petit
1869 4898 1884 4947 ;
1918 4881 2041 4943 ideo

2149 4872 2445 4927 αἰτούντων
2468 4873 2564 4926 καὶ
2578 4872 2915 4943 ψυχοϐλαϐή,
2938 4875 2995 4927 ἐν
3020 4874 3097 4944 τῷ
3119 4875 3344 4945 ὀνόματι
3376 4877 3469 4931 τοῦ
3494 4877 3730 4949 Χριστοῦ

463 4984 638 5038 neque
683 4968 900 5038 accipit.
955 4968 1160 5024 Nomen
1192 4971 1334 5024 enim
1364 4971 1564 5027 Christi
1588 4972 1828 5027 divinum
1858 4986 1939 5029 est
1977 4989 2042 5029 ac

2149 4970 2307 5033 αἰτεῖ,
2338 4967 2417 5021 διὸ
2443 4967 2564 5021 οὐδὲ
2591 4967 2881 5037 λαμϐάνει.
2924 4968 2998 5022 Τὸ
3025 4970 3134 5042 γὰρ
3157 4970 3328 5041 ὄνομα
3350 4971 3443 5025 τοῦ
3470 4970 3731 5042 Χριστοῦ,

460 5062 721 5117 salutare.
756 5062 982 5128 Quando
1014 5071 1193 5117 autem
1228 5064 1352 5132 quis
1394 5065 1533 5132 petit
1566 5079 1684 5133 quae
1747 5065 1812 5120 ad
1862 5069 2041 5135 perdi-

463 5154 664 5208 tionem
715 5155 909 5208 auimae
952 5153 1244 5222 pertinent,
1288 5154 1556 5222 quomodo
1589 5153 1836 5209 dicemus
1896 5154 2046 5208 illum

468 5246 523 5301 in
565 5246 783 5299 salutari
819 5246 1038 5300 nomine
1078 5248 1307 5315 petere?

538 5337 703 5394 Vens.
742 5338 842 5393 25-
872 5340 964 5394 28.
1003 5356 1022 5390 ι
1068 5336 1193 5393 Hac
1234 5354 1331 5408 per
1360 5338 1649 5407 partemias
1678 5338 1893 5395 locutus
1927 5355 2046 5394 sum

466 5432 620 5486 vobis
657 5449 671 5485 :
720 5432 900 5487 veniet
943 5441 1154 5502 tempus
1182 5446 1306 5486 cum
1339 5430 1450 5500 jam
1497 5444 1603 5482 non
1633 5444 1728 5498 per
1757 5429 2045 5499 proverbia

466 5521 657 5592 iqqnar
705 5523 883 5586 vobis,
924 5523 1019 5578 sed
1053 5524 1227 5593 palam
1260 5523 1325 5577 de
1359 5522 1520 5577 Patre
1563 5521 1895 5575 annuntiabo
1951 5535 2047 5573 vo-

464 5615 586 5682 bis;
618 5616 670 5670 in
703 5617 794 5671 illo
823 5617 908 5671 die
940 5617 991 5671 in
1035 5616 1249 5671 nomine
1293 5629 1412 5669 meo
1443 5616 1674 5683 potetis;
1705 5621 1758 5667 et
1793 5627 1895 5666 non
1922 5611 2043 5668 dico

467 5710 620 5765 vobis
674 5710 818 5779 quod
867 5726 966 5781 ego
1018 5719 1302 5781 rogaturus
1326 5708 1424 5764 sim
1468 5706 1685 5764 Patrem
1716 5720 1815 5777 pro
1840 5705 1991 5763 vobis
2024 5724 2040 5761 ι

537 5880 586 5921 τι
611 5887 731 5940 Aet.
758 5903 808 5953 ν,
835 5885 920 5941 ει.

2153 5060 2298 5115 θεῖον
2333 5064 2427 5115 καὶ
2453 5062 2719 5131 σωτήριον
2749 5078 2763 5093 ο
2809 5062 2940 5117 ὅταν
2991 5063 3048 5117 δέ
3078 5080 3162 5127 τις
3194 5064 3259 5117 τὰ
3294 5063 3429 5135 πρὸς
3457 5064 3731 5118 ἀπώλειαν

2152 5155 2332 5225 ψυχῆς
2359 5154 2597 5225 φέροντα
2626 5155 2785 5221 αἰτεῖ,
2810 5155 2926 5219 πῶς
2961 5155 3196 5228 ἐροῦμεν
3219 5156 3409 5211 τοῦτον
3431 5158 3489 5209 ὲν
3519 5156 3597 5227 τῷ
3626 5172 3728 5209 σω-

2153 5249 2329 5318 τηρίῳ
2359 5247 2589 5318 ὀνόματι
2611 5250 2783 5301 αἰτεῖν
2804 5265 2819 5313 ;

2228 5357 2249 5390 ι
2282 5339 2466 5392 Ἰἀῦτα
2499 5342 2557 5393 ἐν
2581 5339 2906 5412 παροιμίαις
2926 5340 3201 5409 λελάληκα
3234 5340 3363 5411 ὑμῖν
3387 5355 3402 5371 ·
3434 5339 3551 5393 ἀλλ’
3573 5340 3730 5410 ἔρχεο
3803 5324 3810 5332 ³

2151 5447 2242 5482 ται
2293 5429 2435 5502 ὥρα,
2476 5431 2565 5483 ὅτε
2625 5432 2727 5485 οὐκ
2756 5432 2838 5484 ἔτι
2887 5432 2946 5483 ὲν
2988 5433 3309 5502 παροιμίαις
3332 5431 3551 5503 λαλήσω
3576 5433 3729 5500 ύμῖν,

2152 5521 2287 5574 ἀλλὰ
2313 5523 2596 5594 παρρησίᾳ
2628 5526 2755 5594 περί
2778 5524 2871 5579 τοῦ
2905 5525 3118 5596 Πατρδς
3144 5523 3430 5593 άναγγελὼ
3461 5524 3608 5594 ὑμῖν.
3636 5524 3733 5578 Ἐν

2155 5611 2341 5685 ἐκείνῃ
2368 5617 2434 5684 τῇ
2458 5615 2643 5686 ἡμέρα
2677 5618 2735 5668 ὲν
2752 5618 2827 5688 τῷ
2864 5617 3092 5688 ὀνόματί
3129 5632 3231 5683 μου
3264 5614 3556 5685 αἰτήσεσθε
3583 5631 3597 5644 ⁸
3633 5614 3733 5668 καὶ

2150 5706 2212 5760 οὐ
2257 5705 2401 5776 λέγω
2458 5707 2609 5778 ύμῖν,
2675 5708 2755 5762 ὅτι
2787 5707 2898 5778 ἐγὼ
2929 5710 3190 5781 ἐρωτήσω
3227 5708 3319 5763 τὸν
3348 5706 3567 5779 Πατέρα
3597 5705 3733 5779 περὶ
