  <div class='ocr_page' id='page_1' title='image "/cluster/home/n/w/nwhite01/storage/ocr_20150623/124/hvd.32044019208206/124.png"; bbox 0 0 4056 6580; ppageno 0'>
   <div class='ocr_carea' id='block_1_1' title="bbox 400 427 515 492">
    <p class='ocr_par' dir='ltr' id='par_1_1' title="bbox 400 427 515 492">
     <span class='ocr_line' id='line_1_1' title="bbox 400 427 515 492; baseline -0.017 1"><span class='ocrx_word' id='word_1_1' title='bbox 400 427 515 492; x_wconf 71' lang='lat'><strong>221</strong></span> 
     </span>
    </p>
   </div>
   <div class='ocr_carea' id='block_1_2' title="bbox 1104 429 3059 504">
    <p class='ocr_par' dir='ltr' id='par_1_2' title="bbox 1104 429 3059 504">
     <span class='ocr_line' id='line_1_2' title="bbox 1104 429 3059 504; baseline 0.005 -9"><span class='ocrx_word' id='word_1_2' title='bbox 1104 429 1549 497; x_wconf 80' lang='lat' dir='ltr'><strong>ENARRATIO</strong></span> <span class='ocrx_word' id='word_1_3' title='bbox 1585 435 1668 496; x_wconf 84' lang='lat' dir='ltr'><strong>l‘N</strong></span> <span class='ocrx_word' id='word_1_4' title='bbox 1701 436 2199 501; x_wconf 80' lang='lat' dir='ltr'><strong>EVANGELIUM</strong></span> <span class='ocrx_word' id='word_1_5' title='bbox 2235 440 2576 502; x_wconf 77' lang='lat' dir='ltr'><strong>JOANNIS.</strong></span> <span class='ocrx_word' id='word_1_6' title='bbox 2620 466 2686 476; x_wconf 91' lang='lat'><strong>-</strong></span> <span class='ocrx_word' id='word_1_7' title='bbox 2709 438 2869 501; x_wconf 76' lang='lat' dir='ltr'><strong>CAP.</strong></span> <span class='ocrx_word' id='word_1_8' title='bbox 2900 440 3059 504; x_wconf 82' lang='lat' dir='ltr'><strong>XVI.</strong></span> 
     </span>
    </p>
   </div>
   <div class='ocr_carea' id='block_1_3' title="bbox 3563 438 3672 502">
    <p class='ocr_par' dir='ltr' id='par_1_3' title="bbox 3563 438 3672 502">
     <span class='ocr_line' id='line_1_3' title="bbox 3563 438 3672 502; baseline -0.028 0"><span class='ocrx_word' id='word_1_9' title='bbox 3563 438 3672 502; x_wconf 67' lang='lat'>2‘32</span> 
     </span>
    </p>
   </div>
   <div class='ocr_carea' id='block_1_4' title="bbox 409 539 2020 620">
    <p class='ocr_par' dir='ltr' id='par_1_4' title="bbox 409 539 1998 616">
     <span class='ocr_line' id='line_1_4' title="bbox 409 539 1998 616; baseline 0.004 -24"><span class='ocrx_word' id='word_1_10' title='bbox 409 539 572 609; x_wconf 78' lang='grc' dir='ltr'>ὑμῶν</span> <span class='ocrx_word' id='word_1_11' title='bbox 595 555 609 570; x_wconf 92' lang='grc'><strong>·</strong></span> <span class='ocrx_word' id='word_1_12' title='bbox 656 539 822 604; x_wconf 76' lang='grc' dir='ltr'>αὐτὸς</span> <span class='ocrx_word' id='word_1_13' title='bbox 853 540 963 614; x_wconf 80' lang='grc' dir='ltr'><strong>γὰρ</strong></span> <span class='ocrx_word' id='word_1_14' title='bbox 1009 542 1039 598; x_wconf 84' lang='grc' dir='ltr'><strong>ό</strong></span> <span class='ocrx_word' id='word_1_15' title='bbox 1076 544 1269 615; x_wconf 77' lang='grc' dir='ltr'>Πατὴρ</span> <span class='ocrx_word' id='word_1_16' title='bbox 1306 544 1452 614; x_wconf 83' lang='grc' dir='ltr'>φιλεῖ</span> <span class='ocrx_word' id='word_1_17' title='bbox 1473 545 1641 616; x_wconf 79' lang='grc' dir='ltr'>ὑμᾶς,</span> <span class='ocrx_word' id='word_1_18' title='bbox 1712 546 1795 599; x_wconf 83' lang='grc' dir='ltr'><strong>ὅτι</strong></span> <span class='ocrx_word' id='word_1_19' title='bbox 1840 546 1998 615; x_wconf 83' lang='grc' dir='ltr'>ὑμεῖς</span> 
     </span>
    </p>
   </div>
   <div class='ocr_carea' id='block_1_5' title="bbox 2118 539 3673 620">
    <p class='ocr_par' dir='ltr' id='par_1_5' title="bbox 2124 548 3673 620">
     <span class='ocr_line' id='line_1_5' title="bbox 2124 548 3673 620; baseline 0 -15"><span class='ocrx_word' id='word_1_20' title='bbox 2124 564 2219 618; x_wconf 88' lang='lat' dir='ltr'><strong>pse</strong></span> <span class='ocrx_word' id='word_1_21' title='bbox 2261 550 2405 604; x_wconf 85' lang='lat' dir='ltr'><strong>enim</strong></span> <span class='ocrx_word' id='word_1_22' title='bbox 2450 548 2613 604; x_wconf 83' lang='lat' dir='ltr'><strong>Pater</strong></span> <span class='ocrx_word' id='word_1_23' title='bbox 2639 558 2786 605; x_wconf 85' lang='lat' dir='ltr'><strong>amat</strong></span> <span class='ocrx_word' id='word_1_24' title='bbox 2846 565 2964 612; x_wconf 83' lang='lat' dir='ltr'><strong>vos,</strong></span> <span class='ocrx_word' id='word_1_25' title='bbox 2996 549 3119 620; x_wconf 82' lang='lat' dir='ltr'><strong>quia</strong></span> <span class='ocrx_word' id='word_1_26' title='bbox 3167 564 3262 605; x_wconf 78' lang='lat' dir='ltr'><strong>vos</strong></span> <span class='ocrx_word' id='word_1_27' title='bbox 3305 563 3392 604; x_wconf 92' lang='lat' dir='ltr'><strong>me</strong></span> <span class='ocrx_word' id='word_1_28' title='bbox 3430 553 3673 605; x_wconf 66' lang='lat' dir='ltr'><strong>amastis.</strong></span> 
     </span>
    </p>
   </div>
   <div class='ocr_carea' id='block_1_6' title="bbox 390 632 1992 705">
    <p class='ocr_par' dir='ltr' id='par_1_6' title="bbox 390 632 1992 705">
     <span class='ocr_line' id='line_1_6' title="bbox 390 632 1992 705; baseline 0.004 -20"><span class='ocrx_word' id='word_1_29' title='bbox 390 633 516 699; x_wconf 63' lang='grc' dir='ltr'><strong>Δἐμὲ</strong></span> <span class='ocrx_word' id='word_1_30' title='bbox 539 632 906 701; x_wconf 75' lang='grc' dir='ltr'><strong>πεφιλήκατε,</strong></span> <span class='ocrx_word' id='word_1_31' title='bbox 954 636 1049 689; x_wconf 76' lang='grc' dir='ltr'><strong>καὶ</strong></span> <span class='ocrx_word' id='word_1_32' title='bbox 1098 637 1528 700; x_wconf 77' lang='grc' dir='ltr'><strong>πεπιστεύκατε,</strong></span> <span class='ocrx_word' id='word_1_33' title='bbox 1578 637 1662 689; x_wconf 75' lang='grc' dir='ltr'>ὅτι</span> <span class='ocrx_word' id='word_1_34' title='bbox 1697 637 1807 705; x_wconf 77' lang='grc' dir='ltr'><strong>ἐγὼ</strong></span> <span class='ocrx_word' id='word_1_35' title='bbox 1840 639 1992 705; x_wconf 81' lang='grc' dir='ltr'>παρᾶ</span> 
     </span>
    </p>
   </div>
   <div class='ocr_carea' id='block_1_7' title="bbox 405 725 1994 799">
    <p class='ocr_par' dir='ltr' id='par_1_7' title="bbox 405 725 1994 799">
     <span class='ocr_line' id='line_1_7' title="bbox 405 725 1994 799; baseline 0.003 -21"><span class='ocrx_word' id='word_1_36' title='bbox 405 726 512 779; x_wconf 60' lang='grc' dir='ltr'><strong>τοῦ</strong></span> <span class='ocrx_word' id='word_1_37' title='bbox 548 725 683 778; x_wconf 90' lang='grc' dir='ltr'>Θεοῦ</span> <span class='ocrx_word' id='word_1_38' title='bbox 707 725 952 794; x_wconf 66' lang='grc' dir='ltr'>ἐξῆλθον.</span> <span class='ocrx_word' id='word_1_39' title='bbox 1002 726 1257 795; x_wconf 79' lang='grc' dir='ltr'>Ἑξῆλθον</span> <span class='ocrx_word' id='word_1_40' title='bbox 1287 730 1441 798; x_wconf 82' lang='grc' dir='ltr'>παρὰ</span> <span class='ocrx_word' id='word_1_41' title='bbox 1485 728 1578 781; x_wconf 84' lang='grc' dir='ltr'><strong>τοῦ</strong></span> <span class='ocrx_word' id='word_1_42' title='bbox 1631 729 1867 799; x_wconf 77' lang='grc' dir='ltr'>Πατρὸς,</span> <span class='ocrx_word' id='word_1_43' title='bbox 1900 731 1994 783; x_wconf 77' lang='grc' dir='ltr'>καὶ</span> 
     </span>
    </p>
   </div>
   <div class='ocr_carea' id='block_1_8' title="bbox 407 816 1991 891">
    <p class='ocr_par' dir='ltr' id='par_1_8' title="bbox 407 816 1991 891">
     <span class='ocr_line' id='line_1_8' title="bbox 407 816 1991 891; baseline 0.003 -20"><span class='ocrx_word' id='word_1_44' title='bbox 407 816 651 888; x_wconf 70' lang='grc' dir='ltr'>ἐλήλυθα</span> <span class='ocrx_word' id='word_1_45' title='bbox 681 818 759 879; x_wconf 81' lang='grc' dir='ltr'>εἰς</span> <span class='ocrx_word' id='word_1_46' title='bbox 800 818 890 871; x_wconf 77' lang='grc' dir='ltr'><strong>τὸν</strong></span> <span class='ocrx_word' id='word_1_47' title='bbox 933 818 1172 887; x_wconf 88' lang='grc' dir='ltr'>κόσμον·</span> <span class='ocrx_word' id='word_1_48' title='bbox 1215 821 1377 873; x_wconf 68' lang='grc' dir='ltr'>πάλιν</span> <span class='ocrx_word' id='word_1_49' title='bbox 1415 821 1616 891; x_wconf 75' lang='grc' dir='ltr'>ἀφίημι</span> <span class='ocrx_word' id='word_1_50' title='bbox 1645 821 1738 873; x_wconf 84' lang='grc' dir='ltr'><strong>τὸν</strong></span> <span class='ocrx_word' id='word_1_51' title='bbox 1764 822 1991 891; x_wconf 80' lang='grc' dir='ltr'><strong>κόσμον,</strong></span> 
     </span>
    </p>
   </div>
   <div class='ocr_carea' id='block_1_9' title="bbox 411 908 1998 984">
    <p class='ocr_par' dir='ltr' id='par_1_9' title="bbox 411 908 1998 984">
     <span class='ocr_line' id='line_1_9' title="bbox 411 908 1998 984; baseline 0.003 -22"><span class='ocrx_word' id='word_1_52' title='bbox 411 908 517 962; x_wconf 76' lang='grc' dir='ltr'><strong>καὶ</strong></span> <span class='ocrx_word' id='word_1_53' title='bbox 544 909 849 981; x_wconf 72' lang='grc' dir='ltr'>πορεύομαι</span> <span class='ocrx_word' id='word_1_54' title='bbox 896 912 1031 980; x_wconf 75' lang='grc' dir='ltr'>πρὸς</span> <span class='ocrx_word' id='word_1_55' title='bbox 1087 914 1180 964; x_wconf 70' lang='grc' dir='ltr'><strong>τδν</strong></span> <span class='ocrx_word' id='word_1_56' title='bbox 1222 912 1461 982; x_wconf 78' lang='grc' dir='ltr'>Πατέρα.</span> <span class='ocrx_word' id='word_1_57' title='bbox 1511 932 1528 965; x_wconf 79' lang='lat' dir='ltr'><strong>i</strong></span> <span class='ocrx_word' id='word_1_58' title='bbox 1571 913 1847 984; x_wconf 87' lang='grc' dir='ltr'>Παροιμία</span> <span class='ocrx_word' id='word_1_59' title='bbox 1879 913 1998 966; x_wconf 74' lang='grc' dir='ltr'>ἐστὶ</span> 
     </span>
    </p>
   </div>
   <div class='ocr_carea' id='block_1_10' title="bbox 412 1001 1998 1075">
    <p class='ocr_par' dir='ltr' id='par_1_10' title="bbox 412 1001 1998 1075">
     <span class='ocr_line' id='line_1_10' title="bbox 412 1001 1998 1075; baseline 0.003 -21"><span class='ocrx_word' id='word_1_60' title='bbox 412 1001 600 1070; x_wconf 80' lang='grc' dir='ltr'>λόγος,</span> <span class='ocrx_word' id='word_1_61' title='bbox 655 1002 925 1069; x_wconf 78' lang='grc' dir='ltr'>πλαγίως,</span> <span class='ocrx_word' id='word_1_62' title='bbox 985 1002 1080 1055; x_wconf 79' lang='grc' dir='ltr'><strong>καὶ</strong></span> <span class='ocrx_word' id='word_1_63' title='bbox 1117 1004 1635 1075; x_wconf 81' lang='grc' dir='ltr'>ὲπικεκρυμμένως,</span> <span class='ocrx_word' id='word_1_64' title='bbox 1668 1009 1761 1057; x_wconf 70' lang='grc' dir='ltr'><strong>καὶ</strong></span> <span class='ocrx_word' id='word_1_65' title='bbox 1793 1005 1854 1059; x_wconf 80' lang='grc' dir='ltr'><strong>τὸ</strong></span> <span class='ocrx_word' id='word_1_66' title='bbox 1876 1006 1998 1059; x_wconf 81' lang='grc' dir='ltr'>ὅλον</span> 
     </span>
    </p>
   </div>
   <div class='ocr_carea' id='block_1_11' title="bbox 412 1093 1997 1163">
    <p class='ocr_par' dir='ltr' id='par_1_11' title="bbox 412 1093 1997 1163">
     <span class='ocr_line' id='line_1_11' title="bbox 412 1093 1997 1163; baseline 0.003 -17"><span class='ocrx_word' id='word_1_67' title='bbox 412 1093 807 1163; x_wconf 73' lang='grc' dir='ltr'>παραϐολικῶς</span> <span class='ocrx_word' id='word_1_68' title='bbox 833 1094 1192 1163; x_wconf 81' lang='grc' dir='ltr'>ὑποκείμενόν</span> <span class='ocrx_word' id='word_1_69' title='bbox 1229 1114 1279 1148; x_wconf 85' lang='grc' dir='ltr'><strong>τι</strong></span> <span class='ocrx_word' id='word_1_70' title='bbox 1307 1096 1589 1151; x_wconf 83' lang='grc' dir='ltr'>δεικνύων.</span> <span class='ocrx_word' id='word_1_71' title='bbox 1634 1098 1787 1150; x_wconf 72' lang='grc' dir='ltr'>Ἐπεὶ</span> <span class='ocrx_word' id='word_1_72' title='bbox 1819 1099 1997 1151; x_wconf 84' lang='grc' dir='ltr'><strong>τοίνυν</strong></span> 
     </span>
    </p>
   </div>
   <div class='ocr_carea' id='block_1_12' title="bbox 410 1184 2001 1257">
    <p class='ocr_par' dir='ltr' id='par_1_12' title="bbox 410 1184 2001 1257">
     <span class='ocr_line' id='line_1_12' title="bbox 410 1184 2001 1257; baseline 0.003 -21"><span class='ocrx_word' id='word_1_73' title='bbox 410 1185 445 1236; x_wconf 84' lang='grc' dir='ltr'><strong>ὁ</strong></span> <span class='ocrx_word' id='word_1_74' title='bbox 492 1184 695 1253; x_wconf 80' lang='grc' dir='ltr'>Κύριος</span> <span class='ocrx_word' id='word_1_75' title='bbox 738 1184 908 1237; x_wconf 68' lang='grc' dir='ltr'>πολλὰ</span> <span class='ocrx_word' id='word_1_76' title='bbox 958 1186 1142 1248; x_wconf 83' lang='grc' dir='ltr'>αὐτοῖς</span> <span class='ocrx_word' id='word_1_77' title='bbox 1196 1188 1691 1257; x_wconf 78' lang='grc' dir='ltr'>ἐπικεκρυμμένως</span> <span class='ocrx_word' id='word_1_78' title='bbox 1722 1185 1865 1251; x_wconf 75' lang='grc' dir='ltr'>εἶπε,</span> <span class='ocrx_word' id='word_1_79' title='bbox 1906 1190 2001 1241; x_wconf 72' lang='grc' dir='ltr'><strong>καὶ</strong></span> 
     </span>
    </p>
   </div>
   <div class='ocr_carea' id='block_1_13' title="bbox 412 1269 2002 1345">
    <p class='ocr_par' dir='ltr' id='par_1_13' title="bbox 412 1269 2002 1345">
     <span class='ocr_line' id='line_1_13' title="bbox 412 1269 2002 1345; baseline 0.004 -20"><span class='ocrx_word' id='word_1_80' title='bbox 412 1272 792 1342; x_wconf 75' lang='grc' dir='ltr'>παραϐολικὸν</span> <span class='ocrx_word' id='word_1_81' title='bbox 813 1274 871 1326; x_wconf 83' lang='grc' dir='ltr'>δὲ</span> <span class='ocrx_word' id='word_1_82' title='bbox 900 1269 967 1344; x_wconf 79' lang='grc' dir='ltr'>ἦν</span> <span class='ocrx_word' id='word_1_83' title='bbox 997 1275 1055 1327; x_wconf 67' lang='grc' dir='ltr'>τὸ</span> <span class='ocrx_word' id='word_1_84' title='bbox 1080 1275 1207 1345; x_wconf 65' lang='grc' dir='ltr'><strong>περ)⁵</strong></span> <span class='ocrx_word' id='word_1_85' title='bbox 1241 1276 1336 1345; x_wconf 78' lang='grc' dir='ltr'>τῆς</span> <span class='ocrx_word' id='word_1_86' title='bbox 1367 1277 1626 1344; x_wconf 79' lang='grc' dir='ltr'>γυναικὸς</span> <span class='ocrx_word' id='word_1_87' title='bbox 1652 1278 1746 1330; x_wconf 74' lang='grc' dir='ltr'><strong>καὶ</strong></span> <span class='ocrx_word' id='word_1_88' title='bbox 1780 1278 1872 1331; x_wconf 91' lang='grc' dir='ltr'><strong>τοῦ</strong></span> <span class='ocrx_word' id='word_1_89' title='bbox 1912 1294 2002 1331; x_wconf 84' lang='grc' dir='ltr'>το-</span> 
     </span>
    </p>
   </div>
   <div class='ocr_carea' id='block_1_14' title="bbox 414 1357 1999 1440">
    <p class='ocr_par' dir='ltr' id='par_1_14' title="bbox 414 1357 1999 1440">
     <span class='ocr_line' id='line_1_14' title="bbox 414 1357 1999 1440; baseline 0.004 -24"><span class='ocrx_word' id='word_1_90' title='bbox 414 1364 603 1430; x_wconf 83' lang='grc' dir='ltr'>κετοῦ,</span> <span class='ocrx_word' id='word_1_91' title='bbox 628 1363 762 1435; x_wconf 82' lang='grc' dir='ltr'>φησί</span> <span class='ocrx_word' id='word_1_92' title='bbox 791 1381 800 1395; x_wconf 85' lang='grc'><em>’</em></span> <span class='ocrx_word' id='word_1_93' title='bbox 839 1385 859 1417; x_wconf 80' lang='grc' dir='ltr'><strong>ι</strong></span> <span class='ocrx_word' id='word_1_94' title='bbox 898 1366 1080 1419; x_wconf 88' lang='grc' dir='ltr'>Ταῦτα</span> <span class='ocrx_word' id='word_1_95' title='bbox 1102 1357 1170 1420; x_wconf 61' lang='grc' dir='ltr'><strong>ἐν’</strong></span> <span class='ocrx_word' id='word_1_96' title='bbox 1196 1370 1515 1439; x_wconf 80' lang='grc' dir='ltr'>παροιμίαις</span> <span class='ocrx_word' id='word_1_97' title='bbox 1538 1370 1811 1440; x_wconf 81' lang='grc' dir='ltr'>λελάληκα</span> <span class='ocrx_word' id='word_1_98' title='bbox 1845 1371 1999 1440; x_wconf 82' lang='grc' dir='ltr'>ὑμῖν,</span> 
     </span>
    </p>
   </div>
   <div class='ocr_carea' id='block_1_15' title="bbox 414 1455 2003 1532">
    <p class='ocr_par' dir='ltr' id='par_1_15' title="bbox 414 1455 2003 1532">
     <span class='ocr_line' id='line_1_15' title="bbox 414 1455 2003 1532; baseline 0.003 -22"><span class='ocrx_word' id='word_1_99' title='bbox 414 1456 539 1510; x_wconf 62' lang='grc' dir='ltr'>ἀλλ’</span> <span class='ocrx_word' id='word_1_100' title='bbox 572 1455 790 1527; x_wconf 74' lang='grc' dir='ltr'>ἔρχεται</span> <span class='ocrx_word' id='word_1_101' title='bbox 843 1457 984 1527; x_wconf 87' lang='grc' dir='ltr'>ὥρα,</span> <span class='ocrx_word' id='word_1_102' title='bbox 1037 1459 1125 1512; x_wconf 77' lang='grc' dir='ltr'>ὅτε</span> <span class='ocrx_word' id='word_1_103' title='bbox 1182 1460 1283 1513; x_wconf 71' lang='grc' dir='ltr'><strong>οὐκ</strong></span> <span class='ocrx_word' id='word_1_104' title='bbox 1314 1459 1394 1514; x_wconf 77' lang='grc' dir='ltr'>ἔτι</span> <span class='ocrx_word' id='word_1_105' title='bbox 1422 1463 1481 1514; x_wconf 85' lang='grc' dir='ltr'>ὲν</span> <span class='ocrx_word' id='word_1_106' title='bbox 1504 1463 1845 1532; x_wconf 81' lang='grc' dir='ltr'>παροιμίαις,</span> <span class='ocrx_word' id='word_1_107' title='bbox 1868 1461 2003 1515; x_wconf 72' lang='grc' dir='ltr'>ἀλλὰ</span> 
     </span>
    </p>
   </div>
   <div class='ocr_carea' id='block_1_16' title="bbox 418 1550 2004 1622">
    <p class='ocr_par' dir='ltr' id='par_1_16' title="bbox 418 1550 2004 1622">
     <span class='ocr_line' id='line_1_16' title="bbox 418 1550 2004 1622; baseline 0.002 -20"><span class='ocrx_word' id='word_1_108' title='bbox 418 1551 709 1620; x_wconf 67' lang='grc' dir='ltr'>παρρησίᾳ.</span> <span class='ocrx_word' id='word_1_109' title='bbox 758 1550 887 1619; x_wconf 73' lang='grc' dir='ltr'>περὶ</span> <span class='ocrx_word' id='word_1_110' title='bbox 918 1550 1010 1603; x_wconf 87' lang='grc' dir='ltr'><strong>τοῦ</strong></span> <span class='ocrx_word' id='word_1_111' title='bbox 1062 1551 1275 1620; x_wconf 64' lang='grc' dir='ltr'>Πατρός</span> <span class='ocrx_word' id='word_1_112' title='bbox 1297 1552 1580 1620; x_wconf 77' lang='grc' dir='ltr'>ἁναγγελῶ</span> <span class='ocrx_word' id='word_1_113' title='bbox 1608 1553 1757 1622; x_wconf 85' lang='grc' dir='ltr'>ὑμῖν.</span> <span class='ocrx_word' id='word_1_114' title='bbox 1796 1572 1814 1604; x_wconf 74' lang='grc' dir='ltr'><strong>ι</strong></span> <span class='ocrx_word' id='word_1_115' title='bbox 1847 1554 2004 1607; x_wconf 76' lang='grc' dir='ltr'>Μετὰ</span> 
     </span>
    </p>
   </div>
   <div class='ocr_carea' id='block_1_17' title="bbox 417 1642 2004 1714">
    <p class='ocr_par' dir='ltr' id='par_1_17' title="bbox 417 1642 2004 1714">
     <span class='ocr_line' id='line_1_17' title="bbox 417 1642 2004 1714; baseline 0.002 -20"><span class='ocrx_word' id='word_1_116' title='bbox 417 1643 536 1709; x_wconf 75' lang='grc' dir='ltr'><strong>γὰρ</strong></span> <span class='ocrx_word' id='word_1_117' title='bbox 581 1642 679 1714; x_wconf 75' lang='grc' dir='ltr'>τὴν</span> <span class='ocrx_word' id='word_1_118' title='bbox 725 1642 1020 1699; x_wconf 77' lang='grc' dir='ltr'>ἀνάστασιν</span> <span class='ocrx_word' id='word_1_119' title='bbox 1076 1645 1437 1714; x_wconf 80' lang='grc' dir='ltr'>παραστήσας</span> <span class='ocrx_word' id='word_1_120' title='bbox 1490 1645 1681 1698; x_wconf 76' lang='grc' dir='ltr'>ἑαυτὸν</span> <span class='ocrx_word' id='word_1_121' title='bbox 1712 1644 1910 1709; x_wconf 77' lang='grc' dir='ltr'>ζῶντα,</span> <span class='ocrx_word' id='word_1_122' title='bbox 1936 1645 2004 1698; x_wconf 77' lang='grc' dir='ltr'>δι’</span> 
     </span>
    </p>
   </div>
   <div class='ocr_carea' id='block_1_18' title="bbox 419 1735 2004 1807">
    <p class='ocr_par' dir='ltr' id='par_1_18' title="bbox 419 1735 2004 1807">
     <span class='ocr_line' id='line_1_18' title="bbox 419 1735 2004 1807; baseline 0.003 -21"><span class='ocrx_word' id='word_1_123' title='bbox 419 1735 652 1805; x_wconf 69' lang='grc' dir='ltr'>ἡμερῶν</span> <span class='ocrx_word' id='word_1_124' title='bbox 700 1737 1104 1806; x_wconf 71' lang='grc' dir='ltr'>τεσσαράκοντα</span> <span class='ocrx_word' id='word_1_125' title='bbox 1155 1735 1337 1791; x_wconf 83' lang='grc' dir='ltr'>ἐλάλει</span> <span class='ocrx_word' id='word_1_126' title='bbox 1397 1736 1582 1800; x_wconf 82' lang='grc' dir='ltr'>αὐτοῖς</span> <span class='ocrx_word' id='word_1_127' title='bbox 1638 1737 1705 1790; x_wconf 77' lang='grc' dir='ltr'>τὰ</span> <span class='ocrx_word' id='word_1_128' title='bbox 1751 1737 2004 1807; x_wconf 72' lang='grc' dir='ltr'>περὶτοῦ</span> 
     </span>
    </p>
   </div>
   <div class='ocr_carea' id='block_1_19' title="bbox 2095 636 3696 707">
    <p class='ocr_par' dir='ltr' id='par_1_19' title="bbox 2095 636 3696 707">
     <span class='ocr_line' id='line_1_19' title="bbox 2095 636 3696 707; baseline -0.004 -12"><span class='ocrx_word' id='word_1_129' title='bbox 2095 648 2151 695; x_wconf 88' lang='lat' dir='ltr'><strong>et</strong></span> <span class='ocrx_word' id='word_1_130' title='bbox 2188 639 2496 694; x_wconf 74' lang='lat' dir='ltr'><strong>credidistis</strong></span> <span class='ocrx_word' id='word_1_131' title='bbox 2522 639 2664 707; x_wconf 87' lang='lat' dir='ltr'><strong>quod</strong></span> <span class='ocrx_word' id='word_1_132' title='bbox 2699 654 2727 692; x_wconf 89' lang='lat' dir='ltr'><strong>a</strong></span> <span class='ocrx_word' id='word_1_133' title='bbox 2756 639 2864 693; x_wconf 87' lang='lat' dir='ltr'><strong>Deo</strong></span> <span class='ocrx_word' id='word_1_134' title='bbox 2909 637 3191 694; x_wconf 83' lang='lat' dir='ltr'><strong>exiverim.</strong></span> <span class='ocrx_word' id='word_1_135' title='bbox 3232 636 3389 692; x_wconf 80' lang='lat' dir='ltr'><strong>Exivi</strong></span> <span class='ocrx_word' id='word_1_136' title='bbox 3433 653 3459 690; x_wconf 89' lang='lat' dir='ltr'><strong>a</strong></span> <span class='ocrx_word' id='word_1_137' title='bbox 3497 636 3696 702; x_wconf 65' lang='lat' dir='ltr'><strong>Patre,</strong></span> 
     </span>
    </p>
   </div>
   <div class='ocr_carea' id='block_1_20' title="bbox 2097 726 3677 796">
    <p class='ocr_par' dir='ltr' id='par_1_20' title="bbox 2097 726 3677 796">
     <span class='ocr_line' id='line_1_20' title="bbox 2097 726 3677 796; baseline -0.003 -11"><span class='ocrx_word' id='word_1_138' title='bbox 2097 738 2152 785; x_wconf 86' lang='lat' dir='ltr'><strong>et</strong></span> <span class='ocrx_word' id='word_1_139' title='bbox 2186 730 2305 783; x_wconf 83' lang='lat' dir='ltr'><strong>veni</strong></span> <span class='ocrx_word' id='word_1_140' title='bbox 2340 730 2390 782; x_wconf 91' lang='lat' dir='ltr'><strong>in</strong></span> <span class='ocrx_word' id='word_1_141' title='bbox 2438 729 2695 783; x_wconf 80' lang='lat' dir='ltr'><strong>mundum</strong></span> <span class='ocrx_word' id='word_1_142' title='bbox 2734 747 2748 782; x_wconf 91' lang='lat'><strong>:</strong></span> <span class='ocrx_word' id='word_1_143' title='bbox 2779 729 2972 783; x_wconf 89' lang='lat' dir='ltr'><strong>iterum</strong></span> <span class='ocrx_word' id='word_1_144' title='bbox 3013 728 3258 796; x_wconf 86' lang='lat' dir='ltr'><strong>relinquo</strong></span> <span class='ocrx_word' id='word_1_145' title='bbox 3307 726 3587 788; x_wconf 88' lang='lat' dir='ltr'><strong>mundum,</strong></span> <span class='ocrx_word' id='word_1_146' title='bbox 3624 733 3677 780; x_wconf 83' lang='lat' dir='ltr'><strong>ct</strong></span> 
     </span>
    </p>
   </div>
   <div class='ocr_carea' id='block_1_21' title="bbox 2097 820 3677 887">
    <p class='ocr_par' dir='ltr' id='par_1_21' title="bbox 2097 820 3677 887">
     <span class='ocr_line' id='line_1_21' title="bbox 2097 820 3677 887; baseline -0.004 -9"><span class='ocrx_word' id='word_1_147' title='bbox 2097 824 2234 878; x_wconf 85' lang='lat' dir='ltr'><strong>vado</strong></span> <span class='ocrx_word' id='word_1_148' title='bbox 2281 823 2344 876; x_wconf 88' lang='lat' dir='ltr'><strong>ad</strong></span> <span class='ocrx_word' id='word_1_149' title='bbox 2379 822 2614 876; x_wconf 86' lang='lat' dir='ltr'><strong>Patrem.</strong></span> <span class='ocrx_word' id='word_1_150' title='bbox 2658 841 2676 874; x_wconf 78' lang='grc' dir='ltr'><strong>ι</strong></span> <span class='ocrx_word' id='word_1_151' title='bbox 2709 822 2971 875; x_wconf 71' lang='lat' dir='ltr'><strong>Parmmia</strong></span> <span class='ocrx_word' id='word_1_152' title='bbox 3014 829 3099 875; x_wconf 87' lang='lat' dir='ltr'><strong>est</strong></span> <span class='ocrx_word' id='word_1_153' title='bbox 3135 835 3314 875; x_wconf 88' lang='lat' dir='ltr'><strong>sermo</strong></span> <span class='ocrx_word' id='word_1_154' title='bbox 3364 820 3579 887; x_wconf 75' lang='lat' dir='ltr'><strong>oblique</strong></span> <span class='ocrx_word' id='word_1_155' title='bbox 3623 828 3677 872; x_wconf 86' lang='lat' dir='ltr'><strong>ct</strong></span> 
     </span>
    </p>
   </div>
   <div class='ocr_carea' id='block_1_22' title="bbox 2103 913 3676 983">
    <p class='ocr_par' dir='ltr' id='par_1_22' title="bbox 2103 913 3676 983">
     <span class='ocr_line' id='line_1_22' title="bbox 2103 913 3676 983; baseline -0.004 -14"><span class='ocrx_word' id='word_1_156' title='bbox 2103 913 2316 969; x_wconf 80' lang='lat' dir='ltr'><strong>occulte</strong></span> <span class='ocrx_word' id='word_1_157' title='bbox 2348 929 2410 968; x_wconf 85' lang='lat' dir='ltr'><strong>ac</strong></span> <span class='ocrx_word' id='word_1_158' title='bbox 2449 929 2544 983; x_wconf 62' lang='lat' dir='ltr'><strong>per</strong></span> <span class='ocrx_word' id='word_1_159' title='bbox 2570 914 2851 982; x_wconf 79' lang='lat' dir='ltr'><strong>parabolas</strong></span> <span class='ocrx_word' id='word_1_160' title='bbox 2882 922 3050 967; x_wconf 87' lang='lat' dir='ltr'><strong>totum</strong></span> <span class='ocrx_word' id='word_1_161' title='bbox 3079 921 3455 980; x_wconf 82' lang='lat' dir='ltr'><strong>argumentum</strong></span> <span class='ocrx_word' id='word_1_162' title='bbox 3495 918 3676 964; x_wconf 83' lang='lat' dir='ltr'><strong>osten-</strong></span> 
     </span>
    </p>
   </div>
   <div class='ocr_carea' id='block_1_23' title="bbox 2099 1003 3675 1073">
    <p class='ocr_par' dir='ltr' id='par_1_23' title="bbox 2099 1003 3675 1073">
     <span class='ocr_line' id='line_1_23' title="bbox 2099 1003 3675 1073; baseline -0.004 -11"><span class='ocrx_word' id='word_1_163' title='bbox 2099 1007 2255 1063; x_wconf 81' lang='lat' dir='ltr'><strong>dens.</strong></span> <span class='ocrx_word' id='word_1_164' title='bbox 2309 1007 2441 1073; x_wconf 88' lang='lat' dir='ltr'><strong>Quia</strong></span> <span class='ocrx_word' id='word_1_165' title='bbox 2501 1007 2664 1073; x_wconf 73' lang='lat' dir='ltr'><strong>igitur</strong></span> <span class='ocrx_word' id='word_1_166' title='bbox 2720 1006 2976 1060; x_wconf 88' lang='lat' dir='ltr'><strong>Dominus</strong></span> <span class='ocrx_word' id='word_1_167' title='bbox 2997 1006 3162 1058; x_wconf 89' lang='lat' dir='ltr'><strong>multa</strong></span> <span class='ocrx_word' id='word_1_168' title='bbox 3189 1004 3268 1059; x_wconf 88' lang='lat' dir='ltr'><strong>eis</strong></span> <span class='ocrx_word' id='word_1_169' title='bbox 3295 1003 3503 1057; x_wconf 87' lang='lat' dir='ltr'><strong>occulte</strong></span> <span class='ocrx_word' id='word_1_170' title='bbox 3527 1003 3675 1057; x_wconf 81' lang='lat' dir='ltr'><strong>dixe-</strong></span> 
     </span>
    </p>
   </div>
   <div class='ocr_carea' id='block_1_24' title="bbox 2102 1095 3677 1168">
    <p class='ocr_par' dir='ltr' id='par_1_24' title="bbox 2102 1095 3677 1168">
     <span class='ocr_line' id='line_1_24' title="bbox 2102 1095 3677 1168; baseline -0.006 -15"><span class='ocrx_word' id='word_1_171' title='bbox 2102 1110 2207 1165; x_wconf 90' lang='lat' dir='ltr'><strong>rat,</strong></span> <span class='ocrx_word' id='word_1_172' title='bbox 2268 1109 2321 1154; x_wconf 87' lang='lat' dir='ltr'><strong>et</strong></span> <span class='ocrx_word' id='word_1_173' title='bbox 2351 1099 2661 1168; x_wconf 86' lang='lat' dir='ltr'><strong>parabolam</strong></span> <span class='ocrx_word' id='word_1_174' title='bbox 2707 1107 2955 1151; x_wconf 88' lang='lat' dir='ltr'><strong>narrarat</strong></span> <span class='ocrx_word' id='word_1_175' title='bbox 3011 1097 3075 1151; x_wconf 91' lang='lat' dir='ltr'><strong>de</strong></span> <span class='ocrx_word' id='word_1_176' title='bbox 3129 1095 3350 1149; x_wconf 84' lang='lat' dir='ltr'><strong>muliere</strong></span> <span class='ocrx_word' id='word_1_177' title='bbox 3398 1110 3460 1148; x_wconf 88' lang='lat' dir='ltr'><strong>ac</strong></span> <span class='ocrx_word' id='word_1_178' title='bbox 3501 1103 3677 1162; x_wconf 88' lang='lat' dir='ltr'><strong>partu,</strong></span> 
     </span>
    </p>
   </div>
   <div class='ocr_carea' id='block_1_25' title="bbox 2101 1185 3680 1259">
    <p class='ocr_par' dir='ltr' id='par_1_25' title="bbox 2101 1185 3680 1259">
     <span class='ocr_line' id='line_1_25' title="bbox 2101 1185 3680 1259; baseline -0.004 -16"><span class='ocrx_word' id='word_1_179' title='bbox 2101 1189 2236 1243; x_wconf 91' lang='lat' dir='ltr'><strong>dicit</strong></span> <span class='ocrx_word' id='word_1_180' title='bbox 2265 1206 2277 1241; x_wconf 91' lang='lat'><strong>:</strong></span> <span class='ocrx_word' id='word_1_181' title='bbox 2312 1189 2467 1244; x_wconf 72' lang='lat' dir='ltr'><strong>«Haec</strong></span> <span class='ocrx_word' id='word_1_182' title='bbox 2498 1205 2592 1258; x_wconf 84' lang='lat' dir='ltr'><strong>per</strong></span> <span class='ocrx_word' id='word_1_183' title='bbox 2620 1189 2910 1259; x_wconf 75' lang='lat' dir='ltr'><strong>partemias</strong></span> <span class='ocrx_word' id='word_1_184' title='bbox 2941 1204 3085 1242; x_wconf 89' lang='lat' dir='ltr'><strong>nunc</strong></span> <span class='ocrx_word' id='word_1_185' title='bbox 3120 1187 3327 1240; x_wconf 89' lang='lat' dir='ltr'><strong>locutus</strong></span> <span class='ocrx_word' id='word_1_186' title='bbox 3365 1201 3480 1240; x_wconf 92' lang='lat' dir='ltr'><strong>sum</strong></span> <span class='ocrx_word' id='word_1_187' title='bbox 3506 1185 3680 1248; x_wconf 83' lang='lat' dir='ltr'><strong>vobis,</strong></span> 
     </span>
    </p>
   </div>
   <div class='ocr_carea' id='block_1_26' title="bbox 2103 1278 3685 1351">
    <p class='ocr_par' dir='ltr' id='par_1_26' title="bbox 2103 1278 3685 1351">
     <span class='ocr_line' id='line_1_26' title="bbox 2103 1278 3685 1351; baseline -0.003 -13"><span class='ocrx_word' id='word_1_188' title='bbox 2103 1285 2197 1338; x_wconf 86' lang='lat' dir='ltr'><strong>sed</strong></span> <span class='ocrx_word' id='word_1_189' title='bbox 2251 1285 2399 1339; x_wconf 92' lang='lat' dir='ltr'><strong>venit</strong></span> <span class='ocrx_word' id='word_1_190' title='bbox 2454 1285 2603 1344; x_wconf 88' lang='lat' dir='ltr'><strong>hora,</strong></span> <span class='ocrx_word' id='word_1_191' title='bbox 2643 1283 2854 1351; x_wconf 83' lang='lat' dir='ltr'><strong>quando</strong></span> <span class='ocrx_word' id='word_1_192' title='bbox 2908 1299 3011 1335; x_wconf 91' lang='lat' dir='ltr'><strong>non</strong></span> <span class='ocrx_word' id='word_1_193' title='bbox 3047 1280 3182 1334; x_wconf 84' lang='lat' dir='ltr'><strong>ultra</strong></span> <span class='ocrx_word' id='word_1_194' title='bbox 3213 1281 3265 1333; x_wconf 90' lang='lat' dir='ltr'><strong>in</strong></span> <span class='ocrx_word' id='word_1_195' title='bbox 3305 1278 3576 1349; x_wconf 85' lang='lat' dir='ltr'><strong>parabolis</strong></span> <span class='ocrx_word' id='word_1_196' title='bbox 3605 1279 3685 1333; x_wconf 89' lang='lat' dir='ltr'><strong>lo-</strong></span> 
     </span>
    </p>
   </div>
   <div class='ocr_carea' id='block_1_27' title="bbox 2104 1369 3687 1446">
    <p class='ocr_par' dir='ltr' id='par_1_27' title="bbox 2104 1369 3687 1446">
     <span class='ocr_line' id='line_1_27' title="bbox 2104 1369 3687 1446; baseline -0.004 -17"><span class='ocrx_word' id='word_1_197' title='bbox 2104 1392 2265 1446; x_wconf 87' lang='lat' dir='ltr'><strong>quar,</strong></span> <span class='ocrx_word' id='word_1_198' title='bbox 2317 1376 2410 1430; x_wconf 88' lang='lat' dir='ltr'><strong>sed</strong></span> <span class='ocrx_word' id='word_1_199' title='bbox 2443 1375 2609 1430; x_wconf 87' lang='lat' dir='ltr'><strong>libere</strong></span> <span class='ocrx_word' id='word_1_200' title='bbox 2645 1375 2712 1429; x_wconf 88' lang='lat' dir='ltr'><strong>de</strong></span> <span class='ocrx_word' id='word_1_201' title='bbox 2736 1372 2898 1428; x_wconf 83' lang='lat' dir='ltr'><strong>Patre</strong></span> <span class='ocrx_word' id='word_1_202' title='bbox 2924 1373 3256 1428; x_wconf 87' lang='lat' dir='ltr'><strong>annuutiaho</strong></span> <span class='ocrx_word' id='word_1_203' title='bbox 3294 1370 3464 1424; x_wconf 79' lang='lat' dir='ltr'><strong>vobis.</strong></span> <span class='ocrx_word' id='word_1_204' title='bbox 3499 1389 3517 1422; x_wconf 78' lang='lat' dir='ltr'><strong>i</strong></span> <span class='ocrx_word' id='word_1_205' title='bbox 3559 1369 3687 1425; x_wconf 82' lang='lat' dir='ltr'><strong>Post</strong></span> 
     </span>
    </p>
   </div>
   <div class='ocr_carea' id='block_1_28' title="bbox 2107 1467 3680 1534">
    <p class='ocr_par' dir='ltr' id='par_1_28' title="bbox 2107 1467 3680 1534">
     <span class='ocr_line' id='line_1_28' title="bbox 2107 1467 3680 1534; baseline -0.004 -8"><span class='ocrx_word' id='word_1_206' title='bbox 2107 1471 2555 1526; x_wconf 85' lang='lat' dir='ltr'><strong>resurrectionem</strong></span> <span class='ocrx_word' id='word_1_207' title='bbox 2612 1471 2779 1534; x_wconf 86' lang='lat' dir='ltr'><strong>enim,</strong></span> <span class='ocrx_word' id='word_1_208' title='bbox 2839 1484 2958 1522; x_wconf 90' lang='lat' dir='ltr'><strong>cum</strong></span> <span class='ocrx_word' id='word_1_209' title='bbox 3017 1483 3075 1522; x_wconf 92' lang='lat' dir='ltr'><strong>se</strong></span> <span class='ocrx_word' id='word_1_210' title='bbox 3123 1467 3460 1522; x_wconf 76' lang='lat' dir='ltr'><strong>exhibuisset</strong></span> <span class='ocrx_word' id='word_1_211' title='bbox 3497 1467 3680 1520; x_wconf 86' lang='lat' dir='ltr'><strong>vivum</strong></span> 
     </span>
    </p>
   </div>
   <div class='ocr_carea' id='block_1_29' title="bbox 2110 1558 3686 1634">
    <p class='ocr_par' dir='ltr' id='par_1_29' title="bbox 2110 1558 3686 1634">
     <span class='ocr_line' id='line_1_29' title="bbox 2110 1558 3686 1634; baseline -0.005 -16"><span class='ocrx_word' id='word_1_212' title='bbox 2110 1577 2207 1634; x_wconf 88' lang='lat' dir='ltr'><strong>per</strong></span> <span class='ocrx_word' id='word_1_213' title='bbox 2229 1562 2580 1633; x_wconf 75' lang='lat' dir='ltr'><strong>quadraginta</strong></span> <span class='ocrx_word' id='word_1_214' title='bbox 2613 1562 2750 1627; x_wconf 89' lang='lat' dir='ltr'><strong>dies,</strong></span> <span class='ocrx_word' id='word_1_215' title='bbox 2789 1560 3107 1629; x_wconf 75' lang='lat' dir='ltr'><strong>loquebatur</strong></span> <span class='ocrx_word' id='word_1_216' title='bbox 3132 1559 3210 1622; x_wconf 86' lang='lat' dir='ltr'><strong>eis</strong></span> <span class='ocrx_word' id='word_1_217' title='bbox 3234 1558 3300 1613; x_wconf 86' lang='lat' dir='ltr'><strong>de</strong></span> <span class='ocrx_word' id='word_1_218' title='bbox 3327 1559 3487 1613; x_wconf 83' lang='lat' dir='ltr'><strong>Patre</strong></span> <span class='ocrx_word' id='word_1_219' title='bbox 3515 1558 3686 1626; x_wconf 82' lang='lat' dir='ltr'><strong>magis</strong></span> 
     </span>
    </p>
   </div>
   <div class='ocr_carea' id='block_1_30' title="bbox 2111 1651 3687 1727">
    <p class='ocr_par' dir='ltr' id='par_1_30' title="bbox 2111 1651 3687 1727">
     <span class='ocr_line' id='line_1_30' title="bbox 2111 1651 3687 1727; baseline -0.004 -19"><span class='ocrx_word' id='word_1_220' title='bbox 2111 1657 2336 1727; x_wconf 83' lang='lat' dir='ltr'><strong>mystica</strong></span> <span class='ocrx_word' id='word_1_221' title='bbox 2372 1665 2426 1710; x_wconf 90' lang='lat' dir='ltr'><strong>et</strong></span> <span class='ocrx_word' id='word_1_222' title='bbox 2454 1653 2816 1708; x_wconf 80' lang='lat' dir='ltr'><strong>manifestiora</strong></span> <span class='ocrx_word' id='word_1_223' title='bbox 2839 1653 2907 1709; x_wconf 77' lang='grc'><strong>⁷⁸⁵.</strong></span> <span class='ocrx_word' id='word_1_224' title='bbox 2930 1652 3087 1707; x_wconf 86' lang='lat' dir='ltr'><strong>Prius</strong></span> <span class='ocrx_word' id='word_1_225' title='bbox 3127 1653 3268 1705; x_wconf 88' lang='lat' dir='ltr'><strong>enim</strong></span> <span class='ocrx_word' id='word_1_226' title='bbox 3300 1652 3380 1707; x_wconf 87' lang='lat' dir='ltr'><strong>sic</strong></span> <span class='ocrx_word' id='word_1_227' title='bbox 3429 1651 3687 1720; x_wconf 87' lang='lat' dir='ltr'><strong>putabant</strong></span> 
     </span>
    </p>
   </div>
   <div class='ocr_carea' id='block_1_31' title="bbox 2110 1742 3683 1818">
    <p class='ocr_par' dir='ltr' id='par_1_31' title="bbox 2110 1742 3683 1818">
     <span class='ocr_line' id='line_1_31' title="bbox 2110 1742 3683 1818; baseline -0.003 -17"><span class='ocrx_word' id='word_1_228' title='bbox 2110 1746 2228 1818; x_wconf 82' lang='lat' dir='ltr'><strong>ejus</strong></span> <span class='ocrx_word' id='word_1_229' title='bbox 2259 1762 2375 1803; x_wconf 89' lang='lat' dir='ltr'><strong>esse</strong></span> <span class='ocrx_word' id='word_1_230' title='bbox 2399 1745 2613 1800; x_wconf 87' lang='lat' dir='ltr'><strong>Patrem</strong></span> <span class='ocrx_word' id='word_1_231' title='bbox 2641 1743 2831 1809; x_wconf 90' lang='lat' dir='ltr'><strong>Deum,</strong></span> <span class='ocrx_word' id='word_1_232' title='bbox 2863 1744 3007 1800; x_wconf 86' lang='lat' dir='ltr'><strong>sicut</strong></span> <span class='ocrx_word' id='word_1_233' title='bbox 3050 1753 3101 1799; x_wconf 89' lang='lat' dir='ltr'><strong>et</strong></span> <span class='ocrx_word' id='word_1_234' title='bbox 3133 1753 3318 1798; x_wconf 88' lang='lat' dir='ltr'><strong>noster</strong></span> <span class='ocrx_word' id='word_1_235' title='bbox 3346 1750 3451 1805; x_wconf 84' lang='lat' dir='ltr'><strong>est,</strong></span> <span class='ocrx_word' id='word_1_236' title='bbox 3488 1742 3683 1811; x_wconf 80' lang='lat' dir='ltr'><strong>gratia.</strong></span> 
     </span>
    </p>
   </div>
   <div class='ocr_carea' id='block_1_32' title="bbox 420 1826 2020 1905">
    <p class='ocr_par' dir='ltr' id='par_1_32' title="bbox 420 1826 2008 1900">
     <span class='ocr_line' id='line_1_32' title="bbox 420 1826 2008 1900; baseline 0.001 -21"><span class='ocrx_word' id='word_1_237' title='bbox 420 1827 641 1898; x_wconf 81' lang='grc' dir='ltr'>Πατρδς</span> <span class='ocrx_word' id='word_1_238' title='bbox 668 1826 738 1880; x_wconf 73' lang='grc' dir='ltr'>τὰ</span> <span class='ocrx_word' id='word_1_239' title='bbox 773 1827 1157 1900; x_wconf 78' lang='grc' dir='ltr'>μυστικώτερα</span> <span class='ocrx_word' id='word_1_240' title='bbox 1186 1829 1279 1881; x_wconf 77' lang='grc' dir='ltr'>καὶ</span> <span class='ocrx_word' id='word_1_241' title='bbox 1310 1829 1695 1899; x_wconf 72' lang='grc' dir='ltr'>ἀκριϐέστερα,</span> <span class='ocrx_word' id='word_1_242' title='bbox 1733 1829 2008 1900; x_wconf 74' lang='grc' dir='ltr'>Πρότερον</span> 
     </span>
    </p>
   </div>
   <div class='ocr_carea' id='block_1_33' title="bbox 2118 1826 3688 1905">
    <p class='ocr_par' dir='ltr' id='par_1_33' title="bbox 2118 1832 3688 1905">
     <span class='ocr_line' id='line_1_33' title="bbox 2118 1832 3688 1905; baseline -0.004 -12"><span class='ocrx_word' id='word_1_243' title='bbox 2118 1840 2310 1893; x_wconf 85' lang='lat' dir='ltr'><strong>lterum</strong></span> <span class='ocrx_word' id='word_1_244' title='bbox 2340 1846 2518 1893; x_wconf 90' lang='lat' dir='ltr'><strong>autem</strong></span> <span class='ocrx_word' id='word_1_245' title='bbox 2550 1837 2639 1891; x_wconf 89' lang='lat' dir='ltr'><strong>dat</strong></span> <span class='ocrx_word' id='word_1_246' title='bbox 2691 1838 2768 1891; x_wconf 86' lang='lat' dir='ltr'><strong>eis</strong></span> <span class='ocrx_word' id='word_1_247' title='bbox 2813 1836 3085 1900; x_wconf 81' lang='lat' dir='ltr'><strong>fiduciam,</strong></span> <span class='ocrx_word' id='word_1_248' title='bbox 3132 1834 3274 1905; x_wconf 85' lang='lat' dir='ltr'><strong>quod</strong></span> <span class='ocrx_word' id='word_1_249' title='bbox 3312 1832 3543 1888; x_wconf 81' lang='lat' dir='ltr'><strong>habituri</strong></span> <span class='ocrx_word' id='word_1_250' title='bbox 3578 1832 3688 1887; x_wconf 57' lang='lat' dir='ltr'><strong>sint</strong></span> 
     </span>
    </p>
   </div>
   <div class='ocr_carea' id='block_1_34' title="bbox 425 1898 2020 1997">
    <p class='ocr_par' dir='ltr' id='par_1_34' title="bbox 425 1898 2006 1993">
     <span class='ocr_line' id='line_1_34' title="bbox 425 1898 2006 1993; baseline 0.004 -27"><span class='ocrx_word' id='word_1_251' title='bbox 425 1915 543 1985; x_wconf 83' lang='grc' dir='ltr'><strong>γὰρ</strong></span> <span class='ocrx_word' id='word_1_252' title='bbox 570 1914 745 1980; x_wconf 78' lang='grc' dir='ltr'>οὕτως</span> <span class='ocrx_word' id='word_1_253' title='bbox 771 1916 1019 1988; x_wconf 71' lang='grc' dir='ltr'>ἐνόμιζον</span> <span class='ocrx_word' id='word_1_254' title='bbox 1049 1898 1216 1972; x_wconf 67' lang='grc' dir='ltr'>αὑτοῦ</span> <span class='ocrx_word' id='word_1_255' title='bbox 1266 1918 1488 1993; x_wconf 78' lang='grc' dir='ltr'>Πατέρα</span> <span class='ocrx_word' id='word_1_256' title='bbox 1536 1898 1674 1972; x_wconf 77' lang='grc' dir='ltr'>εἶναι</span> <span class='ocrx_word' id='word_1_257' title='bbox 1721 1920 1812 1973; x_wconf 80' lang='grc' dir='ltr'><strong>τὸν</strong></span> <span class='ocrx_word' id='word_1_258' title='bbox 1855 1898 2006 1983; x_wconf 72' lang='grc' dir='ltr'>Θεὸν,</span> 
     </span>
    </p>
   </div>
   <div class='ocr_carea' id='block_1_35' title="bbox 2118 1898 3688 1997">
    <p class='ocr_par' dir='ltr' id='par_1_35' title="bbox 2118 1898 3688 1997">
     <span class='ocr_line' id='line_1_35' title="bbox 2118 1898 3688 1997; baseline -0.003 -13"><span class='ocrx_word' id='word_1_259' title='bbox 2118 1930 2164 1985; x_wconf 89' lang='lat' dir='ltr'><strong>in</strong></span> <span class='ocrx_word' id='word_1_260' title='bbox 2220 1908 2611 1983; x_wconf 81' lang='lat' dir='ltr'><strong>tentationibus</strong></span> <span class='ocrx_word' id='word_1_261' title='bbox 2655 1943 2944 1997; x_wconf 89' lang='lat' dir='ltr'><strong>supernum</strong></span> <span class='ocrx_word' id='word_1_262' title='bbox 2997 1898 3343 1997; x_wconf 67' lang='lat' dir='ltr'><strong>adiutorium.</strong></span> <span class='ocrx_word' id='word_1_263' title='bbox 3385 1943 3403 1977; x_wconf 82' lang='grc' dir='ltr'><strong>ι</strong></span> <span class='ocrx_word' id='word_1_264' title='bbox 3446 1924 3559 1978; x_wconf 84' lang='lat' dir='ltr'><strong>Sub</strong></span> <span class='ocrx_word' id='word_1_265' title='bbox 3592 1940 3688 1979; x_wconf 85' lang='lat' dir='ltr'><strong>no-</strong></span> 
     </span>
    </p>
   </div>
   <div class='ocr_carea' id='block_1_36' title="bbox 422 2008 2013 2083">
    <p class='ocr_par' dir='ltr' id='par_1_36' title="bbox 422 2008 2013 2083">
     <span class='ocr_line' id='line_1_36' title="bbox 422 2008 2013 2083; baseline 0.002 -23"><span class='ocrx_word' id='word_1_266' title='bbox 422 2008 507 2071; x_wconf 84' lang='grc' dir='ltr'>ὠς</span> <span class='ocrx_word' id='word_1_267' title='bbox 536 2009 631 2061; x_wconf 77' lang='grc' dir='ltr'><strong>καὶ</strong></span> <span class='ocrx_word' id='word_1_268' title='bbox 667 2008 825 2078; x_wconf 81' lang='grc' dir='ltr'>ἡμῶν</span> <span class='ocrx_word' id='word_1_269' title='bbox 872 2012 1013 2074; x_wconf 75' lang='grc' dir='ltr'>ἐστι,</span> <span class='ocrx_word' id='word_1_270' title='bbox 1047 2010 1251 2080; x_wconf 84' lang='grc' dir='ltr'>χάριτι.</span> <span class='ocrx_word' id='word_1_271' title='bbox 1290 2010 1459 2065; x_wconf 84' lang='grc' dir='ltr'>Πάλιν</span> <span class='ocrx_word' id='word_1_272' title='bbox 1492 2011 1549 2064; x_wconf 81' lang='grc' dir='ltr'>δὲ</span> <span class='ocrx_word' id='word_1_273' title='bbox 1602 2012 1803 2083; x_wconf 78' lang='grc' dir='ltr'>θάρρος</span> <span class='ocrx_word' id='word_1_274' title='bbox 1828 2011 2013 2075; x_wconf 80' lang='grc' dir='ltr'>αὐτοῖς</span> 
     </span>
    </p>
   </div>
   <div class='ocr_carea' id='block_1_37' title="bbox 421 2099 2011 2174">
    <p class='ocr_par' dir='ltr' id='par_1_37' title="bbox 421 2099 2011 2174">
     <span class='ocr_line' id='line_1_37' title="bbox 421 2099 2011 2174; baseline 0.002 -22"><span class='ocrx_word' id='word_1_275' title='bbox 421 2099 625 2167; x_wconf 78' lang='grc' dir='ltr'>διδοὺς,</span> <span class='ocrx_word' id='word_1_276' title='bbox 645 2101 727 2154; x_wconf 77' lang='grc' dir='ltr'>ὃτι</span> <span class='ocrx_word' id='word_1_277' title='bbox 748 2101 1009 2172; x_wconf 79' lang='grc' dir='ltr'>λήψονται</span> <span class='ocrx_word' id='word_1_278' title='bbox 1030 2104 1087 2155; x_wconf 82' lang='grc' dir='ltr'>ἐν</span> <span class='ocrx_word' id='word_1_279' title='bbox 1105 2104 1218 2166; x_wconf 79' lang='grc' dir='ltr'>τοῖς</span> <span class='ocrx_word' id='word_1_280' title='bbox 1245 2105 1574 2173; x_wconf 79' lang='grc' dir='ltr'>πειρασμοῖς</span> <span class='ocrx_word' id='word_1_281' title='bbox 1595 2102 1846 2174; x_wconf 77' lang='grc' dir='ltr'>βοήθειαν</span> <span class='ocrx_word' id='word_1_282' title='bbox 1872 2102 2011 2158; x_wconf 75' lang='grc' dir='ltr'>ἄνω-</span> 
     </span>
    </p>
   </div>
   <div class='ocr_carea' id='block_1_38' title="bbox 427 2192 2012 2266">
    <p class='ocr_par' dir='ltr' id='par_1_38' title="bbox 427 2192 2012 2266">
     <span class='ocr_line' id='line_1_38' title="bbox 427 2192 2012 2266; baseline 0.003 -23"><span class='ocrx_word' id='word_1_283' title='bbox 427 2192 546 2258; x_wconf 79' lang='grc' dir='ltr'>θεν,</span> <span class='ocrx_word' id='word_1_284' title='bbox 579 2210 598 2244; x_wconf 82' lang='lat' dir='ltr'><strong>t</strong></span> <span class='ocrx_word' id='word_1_285' title='bbox 644 2193 734 2247; x_wconf 86' lang='grc' dir='ltr'><strong>Ἐν</strong></span> <span class='ocrx_word' id='word_1_286' title='bbox 766 2193 1092 2265; x_wconf 83' lang='grc' dir='ltr'>τῷ,όνόματί</span> <span class='ocrx_word' id='word_1_287' title='bbox 1126 2212 1250 2266; x_wconf 87' lang='grc' dir='ltr'>μου,</span> <span class='ocrx_word' id='word_1_288' title='bbox 1275 2197 1462 2266; x_wconf 64' lang='grc' dir='ltr'>φησιν,</span> <span class='ocrx_word' id='word_1_289' title='bbox 1498 2197 1795 2264; x_wconf 78' lang='grc' dir='ltr'>αἰτήσασθε</span> <span class='ocrx_word' id='word_1_290' title='bbox 1832 2193 1895 2266; x_wconf 85' lang='lat' dir='ltr'><strong>[f.</strong></span> <span class='ocrx_word' id='word_1_291' title='bbox 1925 2196 2012 2248; x_wconf 83' lang='grc' dir='ltr'><strong>αἰ-</strong></span> 
     </span>
    </p>
   </div>
   <div class='ocr_carea' id='block_1_39' title="bbox 423 2283 2010 2358">
    <p class='ocr_par' dir='ltr' id='par_1_39' title="bbox 423 2283 2010 2358">
     <span class='ocr_line' id='line_1_39' title="bbox 423 2283 2010 2358; baseline 0.001 -21"><span class='ocrx_word' id='word_1_292' title='bbox 423 2283 709 2356; x_wconf 67' lang='grc' dir='ltr'>τήσεσοεῖ,</span> <span class='ocrx_word' id='word_1_293' title='bbox 740 2302 760 2339; x_wconf 73' lang='grc' dir='ltr'><strong>ο</strong></span> <span class='ocrx_word' id='word_1_294' title='bbox 796 2287 891 2340; x_wconf 76' lang='grc' dir='ltr'><strong>καὶ</strong></span> <span class='ocrx_word' id='word_1_295' title='bbox 924 2286 1176 2341; x_wconf 84' lang='grc' dir='ltr'>τοσοῦτον</span> <span class='ocrx_word' id='word_1_296' title='bbox 1206 2288 1335 2358; x_wconf 85' lang='grc' dir='ltr'>ὑμῖν</span> <span class='ocrx_word' id='word_1_297' title='bbox 1380 2287 1801 2357; x_wconf 72' lang='grc' dir='ltr'>διαϐεϐαιοῦμαι</span> <span class='ocrx_word' id='word_1_298' title='bbox 1857 2291 2010 2357; x_wconf 78' lang='grc' dir='ltr'>φίλον</span> 
     </span>
    </p>
   </div>
   <div class='ocr_carea' id='block_1_40' title="bbox 422 2374 2011 2449">
    <p class='ocr_par' dir='ltr' id='par_1_40' title="bbox 422 2374 2011 2449">
     <span class='ocr_line' id='line_1_40' title="bbox 422 2374 2011 2449; baseline 0 -19"><span class='ocrx_word' id='word_1_299' title='bbox 422 2374 575 2430; x_wconf 79' lang='grc' dir='ltr'>εἶναι</span> <span class='ocrx_word' id='word_1_300' title='bbox 618 2377 709 2431; x_wconf 81' lang='grc' dir='ltr'><strong>τὸν</strong></span> <span class='ocrx_word' id='word_1_301' title='bbox 764 2379 1003 2449; x_wconf 80' lang='grc' dir='ltr'>Πατέρα,</span> <span class='ocrx_word' id='word_1_302' title='bbox 1059 2376 1201 2432; x_wconf 88' lang='grc' dir='ltr'>ὥστε</span> <span class='ocrx_word' id='word_1_303' title='bbox 1245 2378 1364 2432; x_wconf 72' lang='grc' dir='ltr'>οὐδὲ</span> <span class='ocrx_word' id='word_1_304' title='bbox 1389 2379 1486 2449; x_wconf 78' lang='grc' dir='ltr'><strong>τῆς</strong></span> <span class='ocrx_word' id='word_1_305' title='bbox 1519 2379 1795 2449; x_wconf 76' lang='grc' dir='ltr'>μεσιτείας</span> <span class='ocrx_word' id='word_1_306' title='bbox 1826 2378 2011 2431; x_wconf 74' lang='grc' dir='ltr'>λοιπὸν</span> 
     </span>
    </p>
   </div>
   <div class='ocr_carea' id='block_1_41' title="bbox 429 2468 2005 2543">
    <p class='ocr_par' dir='ltr' id='par_1_41' title="bbox 429 2468 2005 2543">
     <span class='ocr_line' id='line_1_41' title="bbox 429 2468 2005 2543; baseline 0.001 -23"><span class='ocrx_word' id='word_1_307' title='bbox 429 2468 571 2537; x_wconf 80' lang='grc' dir='ltr'>ἐμοῦ</span> <span class='ocrx_word' id='word_1_308' title='bbox 595 2469 844 2540; x_wconf 77' lang='grc' dir='ltr'>χρῄζετε.</span> <span class='ocrx_word' id='word_1_309' title='bbox 881 2488 900 2523; x_wconf 80' lang='grc' dir='ltr'><strong>ι</strong></span> <span class='ocrx_word' id='word_1_310' title='bbox 942 2469 1115 2533; x_wconf 76' lang='grc' dir='ltr'>Αὐτὸς</span> <span class='ocrx_word' id='word_1_311' title='bbox 1144 2471 1253 2543; x_wconf 83' lang='grc' dir='ltr'><strong>γὰρ</strong></span> <span class='ocrx_word' id='word_1_312' title='bbox 1286 2489 1306 2523; x_wconf 75' lang='lat' dir='ltr'><strong>i</strong></span> <span class='ocrx_word' id='word_1_313' title='bbox 1344 2473 1550 2534; x_wconf 75' lang='grc' dir='ltr'>ἐκεῖνος</span> <span class='ocrx_word' id='word_1_314' title='bbox 1577 2489 1597 2524; x_wconf 80' lang='grc' dir='ltr'><strong>ι</strong></span> <span class='ocrx_word' id='word_1_315' title='bbox 1637 2470 1781 2541; x_wconf 80' lang='grc' dir='ltr'>φιλεῖ</span> <span class='ocrx_word' id='word_1_316' title='bbox 1807 2471 2005 2541; x_wconf 78' lang='grc' dir='ltr'>ὑμᾶς.»</span> 
     </span>
    </p>
   </div>
   <div class='ocr_carea' id='block_1_42' title="bbox 429 2557 2013 2633">
    <p class='ocr_par' dir='ltr' id='par_1_42' title="bbox 429 2557 2013 2633">
     <span class='ocr_line' id='line_1_42' title="bbox 429 2557 2013 2633; baseline 0.001 -19"><span class='ocrx_word' id='word_1_317' title='bbox 429 2557 572 2614; x_wconf 80' lang='grc' dir='ltr'>Εἶτα</span> <span class='ocrx_word' id='word_1_318' title='bbox 597 2560 681 2614; x_wconf 72' lang='grc' dir='ltr'>ἵνα</span> <span class='ocrx_word' id='word_1_319' title='bbox 711 2563 785 2631; x_wconf 82' lang='grc' dir='ltr'>μὴ</span> <span class='ocrx_word' id='word_1_320' title='bbox 833 2561 1227 2632; x_wconf 78' lang='grc' dir='ltr'>ἀποπηδήσωσι</span> <span class='ocrx_word' id='word_1_321' title='bbox 1255 2561 1350 2616; x_wconf 88' lang='grc' dir='ltr'><strong>τοῦ</strong></span> <span class='ocrx_word' id='word_1_322' title='bbox 1389 2561 1653 2633; x_wconf 77' lang='grc' dir='ltr'>Χριστοῦ,</span> <span class='ocrx_word' id='word_1_323' title='bbox 1691 2562 1767 2626; x_wconf 82' lang='grc' dir='ltr'><strong>ὡς</strong></span> <span class='ocrx_word' id='word_1_324' title='bbox 1799 2563 1899 2615; x_wconf 77' lang='grc' dir='ltr'><strong>οὐκ</strong></span> <span class='ocrx_word' id='word_1_325' title='bbox 1930 2565 2013 2615; x_wconf 76' lang='grc' dir='ltr'>ἔτι</span> 
     </span>
    </p>
   </div>
   <div class='ocr_carea' id='block_1_43' title="bbox 430 2652 2008 2725">
    <p class='ocr_par' dir='ltr' id='par_1_43' title="bbox 430 2652 2008 2725">
     <span class='ocr_line' id='line_1_43' title="bbox 430 2652 2008 2725; baseline 0.001 -20"><span class='ocrx_word' id='word_1_326' title='bbox 430 2652 602 2706; x_wconf 80' lang='grc' dir='ltr'>αὑτοῦ</span> <span class='ocrx_word' id='word_1_327' title='bbox 632 2652 946 2724; x_wconf 75' lang='grc' dir='ltr'>χρῄζοντες,</span> <span class='ocrx_word' id='word_1_328' title='bbox 980 2655 1116 2708; x_wconf 78' lang='grc' dir='ltr'>ἀλλὰ</span> <span class='ocrx_word' id='word_1_329' title='bbox 1148 2654 1224 2724; x_wconf 86' lang='grc' dir='ltr'>τῷ</span> <span class='ocrx_word' id='word_1_330' title='bbox 1250 2656 1423 2725; x_wconf 77' lang='grc' dir='ltr'>Πατρὶ</span> <span class='ocrx_word' id='word_1_331' title='bbox 1454 2655 1673 2724; x_wconf 77' lang='grc' dir='ltr'>ἀμέσως</span> <span class='ocrx_word' id='word_1_332' title='bbox 1704 2653 2008 2723; x_wconf 70' lang='grc' dir='ltr'>ἀγαπώμεο</span> 
     </span>
    </p>
   </div>
   <div class='ocr_carea' id='block_1_44' title="bbox 432 2745 2017 2817">
    <p class='ocr_par' dir='ltr' id='par_1_44' title="bbox 432 2745 2017 2817">
     <span class='ocr_line' id='line_1_44' title="bbox 432 2745 2017 2817; baseline 0 -19"><span class='ocrx_word' id='word_1_333' title='bbox 432 2762 540 2812; x_wconf 85' lang='grc' dir='ltr'>νοι,</span> <span class='ocrx_word' id='word_1_334' title='bbox 575 2746 706 2816; x_wconf 76' lang='grc' dir='ltr'>φησί</span> <span class='ocrx_word' id='word_1_335' title='bbox 731 2762 744 2775; x_wconf 90' lang='grc'><strong>·</strong></span> <span class='ocrx_word' id='word_1_336' title='bbox 803 2764 823 2799; x_wconf 78' lang='grc' dir='ltr'><strong>ι</strong></span> <span class='ocrx_word' id='word_1_337' title='bbox 874 2746 974 2800; x_wconf 75' lang='grc' dir='ltr'><strong>Διὰ</strong></span> <span class='ocrx_word' id='word_1_338' title='bbox 1012 2746 1170 2802; x_wconf 82' lang='grc' dir='ltr'>τοῦτο</span> <span class='ocrx_word' id='word_1_339' title='bbox 1203 2746 1347 2817; x_wconf 83' lang='grc' dir='ltr'><strong>φιλεί</strong></span> <span class='ocrx_word' id='word_1_340' title='bbox 1379 2747 1523 2816; x_wconf 79' lang='grc' dir='ltr'>ὑμᾶς</span> <span class='ocrx_word' id='word_1_341' title='bbox 1569 2747 1597 2799; x_wconf 88' lang='grc' dir='ltr'><strong>ό</strong></span> <span class='ocrx_word' id='word_1_342' title='bbox 1639 2745 1851 2816; x_wconf 79' lang='grc' dir='ltr'>Πατὴρ,</span> <span class='ocrx_word' id='word_1_343' title='bbox 1880 2745 2017 2798; x_wconf 73' lang='grc' dir='ltr'>διότι</span> 
     </span>
    </p>
   </div>
   <div class='ocr_carea' id='block_1_45' title="bbox 436 2835 2018 2911">
    <p class='ocr_par' dir='ltr' id='par_1_45' title="bbox 436 2835 2018 2911">
     <span class='ocr_line' id='line_1_45' title="bbox 436 2835 2018 2911; baseline -0.002 -20"><span class='ocrx_word' id='word_1_344' title='bbox 436 2837 602 2909; x_wconf 64' lang='grc' dir='ltr'>ὑμεῖς</span> <span class='ocrx_word' id='word_1_345' title='bbox 665 2839 765 2909; x_wconf 80' lang='grc' dir='ltr'>ἐμὲ</span> <span class='ocrx_word' id='word_1_346' title='bbox 814 2838 1177 2911; x_wconf 82' lang='grc' dir='ltr'>πεφιλήκατε.</span> <span class='ocrx_word' id='word_1_347' title='bbox 1214 2858 1233 2892; x_wconf 78' lang='grc'><strong><em>›</em></strong></span> <span class='ocrx_word' id='word_1_348' title='bbox 1294 2839 1423 2892; x_wconf 88' lang='grc' dir='ltr'>Ὅτε</span> <span class='ocrx_word' id='word_1_349' title='bbox 1453 2835 1545 2892; x_wconf 79' lang='grc' dir='ltr'>οὖν</span> <span class='ocrx_word' id='word_1_350' title='bbox 1604 2838 1888 2891; x_wconf 78' lang='grc' dir='ltr'>ὲκπέσοιτε</span> <span class='ocrx_word' id='word_1_351' title='bbox 1916 2837 2018 2906; x_wconf 75' lang='grc' dir='ltr'>τῆς</span> 
     </span>
    </p>
   </div>
   <div class='ocr_carea' id='block_1_46' title="bbox 432 2929 2015 3000">
    <p class='ocr_par' dir='ltr' id='par_1_46' title="bbox 432 2929 2015 3000">
     <span class='ocr_line' id='line_1_46' title="bbox 432 2929 2015 3000; baseline 0.002 -17"><span class='ocrx_word' id='word_1_352' title='bbox 432 2931 579 2999; x_wconf 76' lang='grc' dir='ltr'>ἐμῆς</span> <span class='ocrx_word' id='word_1_353' title='bbox 628 2930 849 3000; x_wconf 77' lang='grc' dir='ltr'>φιλίας,</span> <span class='ocrx_word' id='word_1_354' title='bbox 888 2932 1087 2987; x_wconf 75' lang='grc' dir='ltr'>αὐτίκα</span> <span class='ocrx_word' id='word_1_355' title='bbox 1140 2934 1233 2986; x_wconf 73' lang='grc' dir='ltr'>καὶ</span> <span class='ocrx_word' id='word_1_356' title='bbox 1279 2931 1373 2986; x_wconf 88' lang='grc' dir='ltr'><strong>τοῦ</strong></span> <span class='ocrx_word' id='word_1_357' title='bbox 1407 2931 1620 3000; x_wconf 69' lang='grc' dir='ltr'>Πατρδς</span> <span class='ocrx_word' id='word_1_358' title='bbox 1669 2929 2015 2986; x_wconf 80' lang='grc' dir='ltr'>ὲκπεσεῖσθε.</span> 
     </span>
    </p>
   </div>
   <div class='ocr_carea' id='block_1_47' title="bbox 449 3024 2021 3096">
    <p class='ocr_par' dir='ltr' id='par_1_47' title="bbox 449 3024 2021 3096">
     <span class='ocr_line' id='line_1_47' title="bbox 449 3024 2021 3096; baseline 0.001 -19"><span class='ocrx_word' id='word_1_359' title='bbox 449 3024 603 3077; x_wconf 76' lang='grc' dir='ltr'>Ἐπεὶ</span> <span class='ocrx_word' id='word_1_360' title='bbox 620 3024 676 3077; x_wconf 81' lang='grc' dir='ltr'>δὲ</span> <span class='ocrx_word' id='word_1_361' title='bbox 700 3024 1066 3095; x_wconf 77' lang='grc' dir='ltr'>διαφερόντως</span> <span class='ocrx_word' id='word_1_362' title='bbox 1087 3025 1283 3088; x_wconf 75' lang='grc' dir='ltr'>αὐτοὺς</span> <span class='ocrx_word' id='word_1_363' title='bbox 1310 3024 1700 3096; x_wconf 85' lang='grc' dir='ltr'>παρεμυθεῖτο,</span> <span class='ocrx_word' id='word_1_364' title='bbox 1716 3025 1779 3078; x_wconf 74' lang='grc' dir='ltr'>τὸ</span> <span class='ocrx_word' id='word_1_365' title='bbox 1801 3024 2021 3079; x_wconf 82' lang='grc' dir='ltr'>ἀκούειν</span> 
     </span>
    </p>
   </div>
   <div class='ocr_carea' id='block_1_48' title="bbox 432 3115 2022 3188">
    <p class='ocr_par' dir='ltr' id='par_1_48' title="bbox 432 3115 2022 3188">
     <span class='ocr_line' id='line_1_48' title="bbox 432 3115 2022 3188; baseline -0.001 -18"><span class='ocrx_word' id='word_1_366' title='bbox 432 3116 522 3170; x_wconf 78' lang='grc' dir='ltr'>ὅτι</span> <span class='ocrx_word' id='word_1_367' title='bbox 575 3116 727 3188; x_wconf 76' lang='grc' dir='ltr'>παρὰ</span> <span class='ocrx_word' id='word_1_368' title='bbox 779 3116 873 3170; x_wconf 84' lang='grc' dir='ltr'><strong>τοῦ</strong></span> <span class='ocrx_word' id='word_1_369' title='bbox 905 3117 1040 3171; x_wconf 83' lang='grc' dir='ltr'>Θεοῦ</span> <span class='ocrx_word' id='word_1_370' title='bbox 1102 3116 1318 3186; x_wconf 70' lang='grc' dir='ltr'>ἐξῆλθε,</span> <span class='ocrx_word' id='word_1_371' title='bbox 1349 3117 1447 3171; x_wconf 81' lang='grc' dir='ltr'><strong>καὶ</strong></span> <span class='ocrx_word' id='word_1_372' title='bbox 1498 3115 1661 3171; x_wconf 79' lang='grc' dir='ltr'>πάλιν</span> <span class='ocrx_word' id='word_1_373' title='bbox 1720 3118 1859 3188; x_wconf 82' lang='grc' dir='ltr'>πρὸς</span> <span class='ocrx_word' id='word_1_374' title='bbox 1889 3118 2022 3171; x_wconf 81' lang='grc' dir='ltr'>Θεὸν</span> 
     </span>
    </p>
   </div>
   <div class='ocr_carea' id='block_1_49' title="bbox 2108 2015 3688 2089">
    <p class='ocr_par' dir='ltr' id='par_1_49' title="bbox 2108 2015 3688 2089">
     <span class='ocr_line' id='line_1_49' title="bbox 2108 2015 3688 2089; baseline -0.004 -13"><span class='ocrx_word' id='word_1_375' title='bbox 2108 2021 2251 2076; x_wconf 91' lang='lat' dir='ltr'><strong>mine</strong></span> <span class='ocrx_word' id='word_1_376' title='bbox 2302 2034 2442 2086; x_wconf 87' lang='lat' dir='ltr'><strong>meo,</strong></span> <span class='ocrx_word' id='word_1_377' title='bbox 2488 2020 2681 2089; x_wconf 89' lang='lat' dir='ltr'><strong>inquit,</strong></span> <span class='ocrx_word' id='word_1_378' title='bbox 2739 2023 2930 2089; x_wconf 79' lang='lat' dir='ltr'><strong>petetis</strong></span> <span class='ocrx_word' id='word_1_379' title='bbox 2967 2034 2980 2071; x_wconf 90' lang='lat'>:</span> <span class='ocrx_word' id='word_1_380' title='bbox 3019 2036 3037 2070; x_wconf 78' lang='lat' dir='ltr'><strong>i</strong></span> <span class='ocrx_word' id='word_1_381' title='bbox 3068 2027 3122 2073; x_wconf 90' lang='lat' dir='ltr'><strong>et</strong></span> <span class='ocrx_word' id='word_1_382' title='bbox 3174 2018 3226 2072; x_wconf 90' lang='lat' dir='ltr'><strong>in</strong></span> <span class='ocrx_word' id='word_1_383' title='bbox 3288 2026 3494 2070; x_wconf 90' lang='lat' dir='ltr'><strong>tantum</strong></span> <span class='ocrx_word' id='word_1_384' title='bbox 3531 2015 3688 2070; x_wconf 84' lang='lat' dir='ltr'><strong>vobis</strong></span> 
     </span>
    </p>
   </div>
   <div class='ocr_carea' id='block_1_50' title="bbox 2108 2109 3690 2179">
    <p class='ocr_par' dir='ltr' id='par_1_50' title="bbox 2108 2109 3690 2179">
     <span class='ocr_line' id='line_1_50' title="bbox 2108 2109 3690 2179; baseline -0.004 -11"><span class='ocrx_word' id='word_1_385' title='bbox 2108 2114 2443 2168; x_wconf 79' lang='lat' dir='ltr'><strong>conservabo</strong></span> <span class='ocrx_word' id='word_1_386' title='bbox 2491 2112 2726 2165; x_wconf 78' lang='lat' dir='ltr'><strong>amicum</strong></span> <span class='ocrx_word' id='word_1_387' title='bbox 2778 2110 3015 2176; x_wconf 78' lang='lat' dir='ltr'><strong>Patrem,</strong></span> <span class='ocrx_word' id='word_1_388' title='bbox 3047 2119 3105 2164; x_wconf 90' lang='lat' dir='ltr'><strong>ut</strong></span> <span class='ocrx_word' id='word_1_389' title='bbox 3154 2109 3375 2178; x_wconf 83' lang='lat' dir='ltr'><strong>posthac</strong></span> <span class='ocrx_word' id='word_1_390' title='bbox 3398 2124 3572 2179; x_wconf 87' lang='lat' dir='ltr'><strong>neque</strong></span> <span class='ocrx_word' id='word_1_391' title='bbox 3604 2124 3690 2163; x_wconf 89' lang='lat' dir='ltr'><strong>me</strong></span> 
     </span>
    </p>
   </div>
   <div class='ocr_carea' id='block_1_51' title="bbox 2107 2201 3690 2275">
    <p class='ocr_par' dir='ltr' id='par_1_51' title="bbox 2107 2201 3690 2275">
     <span class='ocr_line' id='line_1_51' title="bbox 2107 2201 3690 2275; baseline -0.004 -16"><span class='ocrx_word' id='word_1_392' title='bbox 2107 2221 2245 2275; x_wconf 89' lang='lat' dir='ltr'><strong>opus</strong></span> <span class='ocrx_word' id='word_1_393' title='bbox 2296 2204 2542 2259; x_wconf 87' lang='lat' dir='ltr'><strong>habeatis</strong></span> <span class='ocrx_word' id='word_1_394' title='bbox 2594 2204 2996 2258; x_wconf 81' lang='lat' dir='ltr'><strong>intercessore:</strong></span> <span class='ocrx_word' id='word_1_395' title='bbox 3039 2221 3058 2254; x_wconf 83' lang='grc' dir='ltr'><strong>ι</strong></span> <span class='ocrx_word' id='word_1_396' title='bbox 3113 2218 3233 2255; x_wconf 86' lang='lat' dir='ltr'><strong>nam</strong></span> <span class='ocrx_word' id='word_1_397' title='bbox 3260 2203 3495 2269; x_wconf 83' lang='lat' dir='ltr'><strong>ipsemet</strong></span> <span class='ocrx_word' id='word_1_398' title='bbox 3532 2201 3690 2257; x_wconf 89' lang='lat' dir='ltr'><strong>Pater</strong></span> 
     </span>
    </p>
   </div>
   <div class='ocr_carea' id='block_1_52' title="bbox 2105 2291 3690 2361">
    <p class='ocr_par' dir='ltr' id='par_1_52' title="bbox 2105 2291 3690 2361">
     <span class='ocr_line' id='line_1_52' title="bbox 2105 2291 3690 2361; baseline -0.003 -13"><span class='ocrx_word' id='word_1_399' title='bbox 2105 2310 2204 2349; x_wconf 77' lang='lat' dir='ltr'><strong>vos</strong></span> <span class='ocrx_word' id='word_1_400' title='bbox 2235 2302 2400 2347; x_wconf 84' lang='lat' dir='ltr'><strong>autat.</strong></span> <span class='ocrx_word' id='word_1_401' title='bbox 2432 2312 2450 2345; x_wconf 71' lang='grc' dir='ltr'><strong>ι</strong></span> <span class='ocrx_word' id='word_1_402' title='bbox 2483 2293 2702 2361; x_wconf 84' lang='lat' dir='ltr'><strong>Insuper</strong></span> <span class='ocrx_word' id='word_1_403' title='bbox 2731 2302 2785 2345; x_wconf 89' lang='lat' dir='ltr'><strong>ut</strong></span> <span class='ocrx_word' id='word_1_404' title='bbox 2812 2309 2914 2345; x_wconf 88' lang='lat' dir='ltr'><strong>non</strong></span> <span class='ocrx_word' id='word_1_405' title='bbox 2943 2292 3185 2346; x_wconf 78' lang='lat' dir='ltr'><strong>resiliunt</strong></span> <span class='ocrx_word' id='word_1_406' title='bbox 3208 2307 3237 2345; x_wconf 87' lang='lat' dir='ltr'><strong>a</strong></span> <span class='ocrx_word' id='word_1_407' title='bbox 3264 2291 3499 2356; x_wconf 85' lang='lat' dir='ltr'><strong>Christo,</strong></span> <span class='ocrx_word' id='word_1_408' title='bbox 3533 2291 3690 2358; x_wconf 89' lang='lat' dir='ltr'><strong>quasi</strong></span> 
     </span>
    </p>
   </div>
   <div class='ocr_carea' id='block_1_53' title="bbox 2106 2381 3693 2454">
    <p class='ocr_par' dir='ltr' id='par_1_53' title="bbox 2106 2381 3693 2454">
     <span class='ocr_line' id='line_1_53' title="bbox 2106 2381 3693 2454; baseline -0.004 -14"><span class='ocrx_word' id='word_1_409' title='bbox 2106 2385 2225 2454; x_wconf 90' lang='lat' dir='ltr'><strong>ipso</strong></span> <span class='ocrx_word' id='word_1_410' title='bbox 2265 2400 2370 2438; x_wconf 88' lang='lat' dir='ltr'><strong>non</strong></span> <span class='ocrx_word' id='word_1_411' title='bbox 2401 2385 2631 2437; x_wconf 88' lang='lat' dir='ltr'><strong>habeant</strong></span> <span class='ocrx_word' id='word_1_412' title='bbox 2660 2398 2816 2452; x_wconf 89' lang='lat' dir='ltr'><strong>opus,</strong></span> <span class='ocrx_word' id='word_1_413' title='bbox 2847 2382 2940 2437; x_wconf 86' lang='lat' dir='ltr'><strong>sed</strong></span> <span class='ocrx_word' id='word_1_414' title='bbox 2973 2400 3002 2436; x_wconf 87' lang='lat' dir='ltr'><strong>a</strong></span> <span class='ocrx_word' id='word_1_415' title='bbox 3045 2382 3205 2436; x_wconf 91' lang='lat' dir='ltr'><strong>Patre</strong></span> <span class='ocrx_word' id='word_1_416' title='bbox 3246 2382 3449 2450; x_wconf 81' lang='lat' dir='ltr'><strong>absque</strong></span> <span class='ocrx_word' id='word_1_417' title='bbox 3481 2381 3693 2436; x_wconf 80' lang='lat' dir='ltr'><strong>media-</strong></span> 
     </span>
    </p>
   </div>
   <div class='ocr_carea' id='block_1_54' title="bbox 2105 2472 3694 2546">
    <p class='ocr_par' dir='ltr' id='par_1_54' title="bbox 2105 2472 3694 2546">
     <span class='ocr_line' id='line_1_54' title="bbox 2105 2472 3694 2546; baseline -0.004 -15"><span class='ocrx_word' id='word_1_418' title='bbox 2105 2486 2221 2532; x_wconf 92' lang='lat' dir='ltr'><strong>tore</strong></span> <span class='ocrx_word' id='word_1_419' title='bbox 2278 2476 2594 2546; x_wconf 76' lang='lat' dir='ltr'><strong>diligantur,</strong></span> <span class='ocrx_word' id='word_1_420' title='bbox 2651 2475 2778 2529; x_wconf 89' lang='lat' dir='ltr'><strong>dicit</strong></span> <span class='ocrx_word' id='word_1_421' title='bbox 2813 2492 2827 2529; x_wconf 89' lang='lat'><strong>:</strong></span> <span class='ocrx_word' id='word_1_422' title='bbox 2880 2492 2898 2525; x_wconf 83' lang='grc' dir='ltr'><strong>ι</strong></span> <span class='ocrx_word' id='word_1_423' title='bbox 2936 2472 3227 2541; x_wconf 86' lang='lat' dir='ltr'><strong>Propterea</strong></span> <span class='ocrx_word' id='word_1_424' title='bbox 3269 2482 3415 2527; x_wconf 90' lang='lat' dir='ltr'><strong>amat</strong></span> <span class='ocrx_word' id='word_1_425' title='bbox 3457 2488 3552 2526; x_wconf 88' lang='lat' dir='ltr'><strong>vos</strong></span> <span class='ocrx_word' id='word_1_426' title='bbox 3593 2472 3694 2525; x_wconf 86' lang='lat' dir='ltr'><strong>Pa-</strong></span> 
     </span>
    </p>
   </div>
   <div class='ocr_carea' id='block_1_55' title="bbox 2111 2564 3691 2638">
    <p class='ocr_par' dir='ltr' id='par_1_55' title="bbox 2111 2564 3691 2638">
     <span class='ocr_line' id='line_1_55' title="bbox 2111 2564 3691 2638; baseline -0.003 -16"><span class='ocrx_word' id='word_1_427' title='bbox 2111 2576 2214 2631; x_wconf 87' lang='lat' dir='ltr'><strong>ter,</strong></span> <span class='ocrx_word' id='word_1_428' title='bbox 2264 2583 2330 2623; x_wconf 88' lang='lat' dir='ltr'><strong>eo</strong></span> <span class='ocrx_word' id='word_1_429' title='bbox 2359 2569 2500 2638; x_wconf 87' lang='lat' dir='ltr'><strong>quod</strong></span> <span class='ocrx_word' id='word_1_430' title='bbox 2551 2583 2635 2621; x_wconf 89' lang='lat' dir='ltr'><strong>me</strong></span> <span class='ocrx_word' id='word_1_431' title='bbox 2665 2567 2947 2620; x_wconf 77' lang='lat' dir='ltr'><strong>dilexistis.</strong></span> <span class='ocrx_word' id='word_1_432' title='bbox 2991 2564 3259 2632; x_wconf 59' lang='lat' dir='ltr'><strong>i‘Quandn</strong></span> <span class='ocrx_word' id='word_1_433' title='bbox 3296 2566 3456 2634; x_wconf 80' lang='lat' dir='ltr'><strong>igitur</strong></span> <span class='ocrx_word' id='word_1_434' title='bbox 3476 2565 3691 2619; x_wconf 80' lang='lat' dir='ltr'><strong>excide-</strong></span> 
     </span>
    </p>
   </div>
   <div class='ocr_carea' id='block_1_56' title="bbox 2113 2654 3697 2726">
    <p class='ocr_par' dir='ltr' id='par_1_56' title="bbox 2113 2654 3697 2726">
     <span class='ocr_line' id='line_1_56' title="bbox 2113 2654 3697 2726; baseline -0.006 -11"><span class='ocrx_word' id='word_1_435' title='bbox 2113 2659 2233 2726; x_wconf 78' lang='lat' dir='ltr'><strong>ritis</strong></span> <span class='ocrx_word' id='word_1_436' title='bbox 2259 2676 2287 2712; x_wconf 91' lang='lat' dir='ltr'><strong>a</strong></span> <span class='ocrx_word' id='word_1_437' title='bbox 2344 2674 2457 2713; x_wconf 89' lang='lat' dir='ltr'><strong>mea</strong></span> <span class='ocrx_word' id='word_1_438' title='bbox 2492 2658 2750 2721; x_wconf 83' lang='lat' dir='ltr'><strong>amicitia,</strong></span> <span class='ocrx_word' id='word_1_439' title='bbox 2795 2666 2921 2710; x_wconf 88' lang='lat' dir='ltr'><strong>tunc</strong></span> <span class='ocrx_word' id='word_1_440' title='bbox 2947 2665 3000 2708; x_wconf 91' lang='lat' dir='ltr'><strong>ct</strong></span> <span class='ocrx_word' id='word_1_441' title='bbox 3053 2671 3081 2709; x_wconf 89' lang='lat' dir='ltr'><strong>a</strong></span> <span class='ocrx_word' id='word_1_442' title='bbox 3132 2654 3307 2709; x_wconf 89' lang='lat' dir='ltr'><strong>Patris</strong></span> <span class='ocrx_word' id='word_1_443' title='bbox 3336 2654 3569 2708; x_wconf 86' lang='lat' dir='ltr'><strong>amicitia</strong></span> <span class='ocrx_word' id='word_1_444' title='bbox 3602 2668 3697 2709; x_wconf 76' lang='lat' dir='ltr'><strong>ex-</strong></span> 
     </span>
    </p>
   </div>
   <div class='ocr_carea' id='block_1_57' title="bbox 2114 2746 3697 2818">
    <p class='ocr_par' dir='ltr' id='par_1_57' title="bbox 2114 2746 3697 2818">
     <span class='ocr_line' id='line_1_57' title="bbox 2114 2746 3697 2818; baseline -0.005 -11"><span class='ocrx_word' id='word_1_445' title='bbox 2114 2751 2329 2807; x_wconf 82' lang='lat' dir='ltr'><strong>cidetis.</strong></span> <span class='ocrx_word' id='word_1_446' title='bbox 2384 2749 2447 2804; x_wconf 85' lang='lat' dir='ltr'><strong>Et</strong></span> <span class='ocrx_word' id='word_1_447' title='bbox 2493 2749 2617 2818; x_wconf 84' lang='lat' dir='ltr'><strong>quia</strong></span> <span class='ocrx_word' id='word_1_448' title='bbox 2643 2748 2867 2802; x_wconf 84' lang='lat' dir='ltr'><strong>multum</strong></span> <span class='ocrx_word' id='word_1_449' title='bbox 2922 2763 3014 2801; x_wconf 90' lang='lat' dir='ltr'><strong>eos</strong></span> <span class='ocrx_word' id='word_1_450' title='bbox 3049 2747 3354 2801; x_wconf 86' lang='lat' dir='ltr'><strong>consolatus</strong></span> <span class='ocrx_word' id='word_1_451' title='bbox 3417 2746 3538 2810; x_wconf 88' lang='lat' dir='ltr'><strong>fuit,</strong></span> <span class='ocrx_word' id='word_1_452' title='bbox 3570 2746 3697 2815; x_wconf 83' lang='lat' dir='ltr'><strong>quia</strong></span> 
     </span>
    </p>
   </div>
   <div class='ocr_carea' id='block_1_58' title="bbox 2115 2837 3699 2904">
    <p class='ocr_par' dir='ltr' id='par_1_58' title="bbox 2115 2837 3699 2904">
     <span class='ocr_line' id='line_1_58' title="bbox 2115 2837 3699 2904; baseline -0.004 -5"><span class='ocrx_word' id='word_1_453' title='bbox 2115 2844 2406 2899; x_wconf 85' lang='lat' dir='ltr'><strong>audiebant</strong></span> <span class='ocrx_word' id='word_1_454' title='bbox 2472 2857 2594 2895; x_wconf 85' lang='lat' dir='ltr'><strong>eum</strong></span> <span class='ocrx_word' id='word_1_455' title='bbox 2644 2856 2673 2894; x_wconf 90' lang='lat' dir='ltr'><strong>a</strong></span> <span class='ocrx_word' id='word_1_456' title='bbox 2706 2840 2865 2896; x_wconf 88' lang='lat' dir='ltr'><strong>Patre</strong></span> <span class='ocrx_word' id='word_1_457' title='bbox 2899 2840 3150 2904; x_wconf 72' lang='lat' dir='ltr'><strong>cxit‘isse,</strong></span> <span class='ocrx_word' id='word_1_458' title='bbox 3197 2849 3247 2895; x_wconf 92' lang='lat' dir='ltr'><strong>et</strong></span> <span class='ocrx_word' id='word_1_459' title='bbox 3279 2839 3470 2894; x_wconf 85' lang='lat' dir='ltr'><strong>iterum</strong></span> <span class='ocrx_word' id='word_1_460' title='bbox 3499 2842 3564 2892; x_wconf 85' lang='lat' dir='ltr'><strong>ad</strong></span> <span class='ocrx_word' id='word_1_461' title='bbox 3594 2837 3699 2892; x_wconf 83' lang='lat' dir='ltr'><strong>Pa-</strong></span> 
     </span>
    </p>
   </div>
   <div class='ocr_carea' id='block_1_59' title="bbox 2121 2930 3701 3004">
    <p class='ocr_par' dir='ltr' id='par_1_59' title="bbox 2121 2930 3701 3004">
     <span class='ocr_line' id='line_1_59' title="bbox 2121 2930 3701 3004; baseline -0.003 -16"><span class='ocrx_word' id='word_1_462' title='bbox 2121 2944 2262 2990; x_wconf 85' lang='lat' dir='ltr'><strong>trem</strong></span> <span class='ocrx_word' id='word_1_463' title='bbox 2313 2936 2415 3000; x_wconf 87' lang='lat' dir='ltr'><strong>ire,</strong></span> <span class='ocrx_word' id='word_1_464' title='bbox 2449 2942 2736 3004; x_wconf 85' lang='lat' dir='ltr'><strong>pi0pterea</strong></span> <span class='ocrx_word' id='word_1_465' title='bbox 2788 2933 3047 2987; x_wconf 89' lang='lat' dir='ltr'><strong>continuo</strong></span> <span class='ocrx_word' id='word_1_466' title='bbox 3092 2933 3192 2987; x_wconf 88' lang='lat' dir='ltr'><strong>hoc</strong></span> <span class='ocrx_word' id='word_1_467' title='bbox 3226 2942 3406 2987; x_wconf 88' lang='lat' dir='ltr'><strong>versat</strong></span> <span class='ocrx_word' id='word_1_468' title='bbox 3445 2930 3626 2986; x_wconf 87' lang='lat' dir='ltr'><strong>:unde</strong></span> <span class='ocrx_word' id='word_1_469' title='bbox 3646 2940 3701 2984; x_wconf 87' lang='lat' dir='ltr'><strong>et</strong></span> 
     </span>
    </p>
   </div>
   <div class='ocr_carea' id='block_1_60' title="bbox 2126 3022 3699 3094">
    <p class='ocr_par' dir='ltr' id='par_1_60' title="bbox 2126 3022 3699 3094">
     <span class='ocr_line' id='line_1_60' title="bbox 2126 3022 3699 3094; baseline -0.003 -13"><span class='ocrx_word' id='word_1_470' title='bbox 2126 3027 2201 3081; x_wconf 92' lang='lat' dir='ltr'><strong>illi</strong></span> <span class='ocrx_word' id='word_1_471' title='bbox 2258 3025 2523 3079; x_wconf 84' lang='lat' dir='ltr'><strong>audiendo</strong></span> <span class='ocrx_word' id='word_1_472' title='bbox 2581 3026 2714 3088; x_wconf 64' lang='lat' dir='ltr'><strong>hate,</strong></span> <span class='ocrx_word' id='word_1_473' title='bbox 2771 3024 3003 3077; x_wconf 78' lang='lat' dir='ltr'><strong>utilitate</strong></span> <span class='ocrx_word' id='word_1_474' title='bbox 3053 3032 3303 3094; x_wconf 86' lang='lat' dir='ltr'><strong>percepta</strong></span> <span class='ocrx_word' id='word_1_475' title='bbox 3367 3022 3699 3093; x_wconf 72' lang='lat' dir='ltr'><strong>reSpii-antes</strong></span> 
     </span>
    </p>
   </div>
   <div class='ocr_carea' id='block_1_61' title="bbox 2128 3113 2931 3187">
    <p class='ocr_par' dir='ltr' id='par_1_61' title="bbox 2128 3113 2931 3187">
     <span class='ocr_line' id='line_1_61' title="bbox 2128 3113 2931 3187; baseline -0.007 -16"><span class='ocrx_word' id='word_1_476' title='bbox 2128 3117 2543 3187; x_wconf 80' lang='lat' dir='ltr'><strong>aliquantulum,</strong></span> <span class='ocrx_word' id='word_1_477' title='bbox 2579 3114 2708 3184; x_wconf 90' lang='lat' dir='ltr'><strong>quid</strong></span> <span class='ocrx_word' id='word_1_478' title='bbox 2736 3113 2931 3167; x_wconf 88' lang='lat' dir='ltr'><strong>aiunt?</strong></span> 
     </span>
    </p>
   </div>
   <div class='ocr_carea' id='block_1_62' title="bbox 434 3204 3694 3288">
    <p class='ocr_par' dir='ltr' id='par_1_62' title="bbox 434 3204 3694 3288">
     <span class='ocr_line' id='line_1_62' title="bbox 434 3204 3694 3288; baseline -0.003 -21"><span class='ocrx_word' id='word_1_479' title='bbox 434 3213 665 3281; x_wconf 74' lang='grc' dir='ltr'>ὑπάγει,</span> <span class='ocrx_word' id='word_1_480' title='bbox 700 3211 789 3268; x_wconf 72' lang='grc' dir='ltr'>διὰ</span> <span class='ocrx_word' id='word_1_481' title='bbox 826 3211 984 3268; x_wconf 82' lang='grc' dir='ltr'>τοῦτο</span> <span class='ocrx_word' id='word_1_482' title='bbox 1009 3214 1251 3284; x_wconf 81' lang='grc' dir='ltr'>συνεχῶς</span> <span class='ocrx_word' id='word_1_483' title='bbox 1283 3214 1417 3269; x_wconf 75' lang='grc' dir='ltr'>αὐτὸ</span> <span class='ocrx_word' id='word_1_484' title='bbox 1447 3216 1691 3288; x_wconf 76' lang='grc' dir='ltr'>στρέφει.</span> <span class='ocrx_word' id='word_1_485' title='bbox 1719 3216 1886 3271; x_wconf 80' lang='grc' dir='ltr'>Ὅθεν</span> <span class='ocrx_word' id='word_1_486' title='bbox 1918 3217 2015 3272; x_wconf 76' lang='grc' dir='ltr'><strong>καὶ</strong></span> <span class='ocrx_word' id='word_1_487' title='bbox 2052 3216 2207 3272; x_wconf 76' lang='grc' dir='ltr'>αὐτοὶ</span> <span class='ocrx_word' id='word_1_488' title='bbox 2262 3217 2327 3269; x_wconf 84' lang='grc' dir='ltr'><strong>ὲκ</strong></span> <span class='ocrx_word' id='word_1_489' title='bbox 2354 3215 2449 3269; x_wconf 84' lang='grc' dir='ltr'><strong>τοῦ</strong></span> <span class='ocrx_word' id='word_1_490' title='bbox 2490 3215 2661 3270; x_wconf 69' lang='grc' dir='ltr'>ταῦτα</span> <span class='ocrx_word' id='word_1_491' title='bbox 2699 3213 2916 3268; x_wconf 85' lang='grc' dir='ltr'>ἀκούειν</span> <span class='ocrx_word' id='word_1_492' title='bbox 2945 3208 3339 3281; x_wconf 77' lang='grc' dir='ltr'>ὠφεληθέντες,</span> <span class='ocrx_word' id='word_1_493' title='bbox 3408 3206 3503 3260; x_wconf 61' lang='grc' dir='ltr'><strong>καὶ⁸</strong></span> <span class='ocrx_word' id='word_1_494' title='bbox 3569 3204 3694 3259; x_wconf 75' lang='grc' dir='ltr'>ἀνα·-</span> 
     </span>
    </p>
   </div>
   <div class='ocr_carea' id='block_1_63' title="bbox 366 3305 1107 3374">
    <p class='ocr_par' dir='ltr' id='par_1_63' title="bbox 366 3305 1107 3374">
     <span class='ocr_line' id='line_1_63' title="bbox 366 3305 1107 3374; baseline 0 -15"><span class='ocrx_word' id='word_1_495' title='bbox 366 3368 376 3374; x_wconf 41' lang='grc'>,</span> <span class='ocrx_word' id='word_1_496' title='bbox 435 3305 797 3372; x_wconf 78' lang='grc' dir='ltr'>πνεύσαντες,</span> <span class='ocrx_word' id='word_1_497' title='bbox 832 3305 886 3358; x_wconf 89' lang='grc' dir='ltr'><strong>τί</strong></span> <span class='ocrx_word' id='word_1_498' title='bbox 910 3322 1074 3374; x_wconf 83' lang='grc' dir='ltr'>φασιν</span> <span class='ocrx_word' id='word_1_499' title='bbox 1090 3322 1107 3373; x_wconf 87' lang='grc'><strong>;</strong></span> 
     </span>
    </p>
   </div>
   <div class='ocr_carea' id='block_1_64' title="bbox 519 3398 2096 3475">
    <p class='ocr_par' dir='ltr' id='par_1_64' title="bbox 519 3398 2096 3475">
     <span class='ocr_line' id='line_1_64' title="bbox 519 3398 2096 3475; baseline 0.001 -24"><span class='ocrx_word' id='word_1_500' title='bbox 519 3417 541 3451; x_wconf 76' lang='grc' dir='ltr'><strong>ι</strong></span> <span class='ocrx_word' id='word_1_501' title='bbox 575 3399 838 3468; x_wconf 79' lang='grc' dir='ltr'>Λέγουσιν</span> <span class='ocrx_word' id='word_1_502' title='bbox 867 3398 1016 3469; x_wconf 80' lang='grc' dir='ltr'>αὐτῷ</span> <span class='ocrx_word' id='word_1_503' title='bbox 1040 3401 1089 3453; x_wconf 84' lang='lat' dir='ltr'><strong>oi</strong></span> <span class='ocrx_word' id='word_1_504' title='bbox 1116 3399 1356 3470; x_wconf 58' lang='grc' dir='ltr'><strong>μαθηταὶ⁸</strong></span> <span class='ocrx_word' id='word_1_505' title='bbox 1378 3401 1543 3455; x_wconf 80' lang='grc' dir='ltr'>αὐτοῦ</span> <span class='ocrx_word' id='word_1_506' title='bbox 1563 3417 1578 3433; x_wconf 90' lang='grc'><strong>·</strong></span> <span class='ocrx_word' id='word_1_507' title='bbox 1612 3402 1720 3456; x_wconf 83' lang='grc' dir='ltr'>Ἴδε</span> <span class='ocrx_word' id='word_1_508' title='bbox 1747 3400 1864 3469; x_wconf 88' lang='grc' dir='ltr'>νῦν,</span> <span class='ocrx_word' id='word_1_509' title='bbox 1882 3403 2022 3475; x_wconf 80' lang='grc' dir='ltr'>παρ-</span> <span class='ocrx_word' id='word_1_510' title='bbox 2050 3407 2096 3470; x_wconf 81' lang='lat' dir='ltr'><strong><em>C</em></strong></span> 
     </span>
    </p>
   </div>
   <div class='ocr_carea' id='block_1_65' title="bbox 444 3491 2026 3563">
    <p class='ocr_par' dir='ltr' id='par_1_65' title="bbox 444 3491 2026 3563">
     <span class='ocr_line' id='line_1_65' title="bbox 444 3491 2026 3563; baseline 0.001 -18"><span class='ocrx_word' id='word_1_511' title='bbox 444 3492 614 3563; x_wconf 76' lang='grc' dir='ltr'>ρησία</span> <span class='ocrx_word' id='word_1_512' title='bbox 641 3491 841 3556; x_wconf 85' lang='grc' dir='ltr'>λαλεῖς,</span> <span class='ocrx_word' id='word_1_513' title='bbox 882 3491 980 3545; x_wconf 61' lang='grc' dir='ltr'><strong>καὶ⁸</strong></span> <span class='ocrx_word' id='word_1_514' title='bbox 1031 3491 1336 3563; x_wconf 79' lang='grc' dir='ltr'>παροιμίαν</span> <span class='ocrx_word' id='word_1_515' title='bbox 1383 3494 1641 3563; x_wconf 74' lang='grc' dir='ltr'>οὐδεμίαν</span> <span class='ocrx_word' id='word_1_516' title='bbox 1673 3494 1885 3561; x_wconf 81' lang='grc' dir='ltr'>λέγεις·</span> <span class='ocrx_word' id='word_1_517' title='bbox 1932 3496 2026 3547; x_wconf 89' lang='grc' dir='ltr'><strong>νῦν</strong></span> 
     </span>
    </p>
   </div>
   <div class='ocr_carea' id='block_1_66' title="bbox 440 3579 2028 3656">
    <p class='ocr_par' dir='ltr' id='par_1_66' title="bbox 440 3579 2028 3656">
     <span class='ocr_line' id='line_1_66' title="bbox 440 3579 2028 3656; baseline -0.002 -18"><span class='ocrx_word' id='word_1_518' title='bbox 440 3585 689 3653; x_wconf 78' lang='grc' dir='ltr'>οἴδαμεν,</span> <span class='ocrx_word' id='word_1_519' title='bbox 720 3584 803 3637; x_wconf 83' lang='grc' dir='ltr'>ὅτι</span> <span class='ocrx_word' id='word_1_520' title='bbox 828 3579 976 3645; x_wconf 84' lang='grc' dir='ltr'>οἶδας</span> <span class='ocrx_word' id='word_1_521' title='bbox 998 3583 1196 3649; x_wconf 79' lang='grc' dir='ltr'>πάντα,</span> <span class='ocrx_word' id='word_1_522' title='bbox 1218 3583 1312 3636; x_wconf 72' lang='grc' dir='ltr'><strong>καὶ</strong></span> <span class='ocrx_word' id='word_1_523' title='bbox 1337 3584 1397 3637; x_wconf 82' lang='grc' dir='ltr'>οὐ</span> <span class='ocrx_word' id='word_1_524' title='bbox 1424 3585 1613 3656; x_wconf 83' lang='grc' dir='ltr'>χρείαν</span> <span class='ocrx_word' id='word_1_525' title='bbox 1637 3583 1782 3654; x_wconf 75' lang='grc' dir='ltr'>ἔχεις</span> <span class='ocrx_word' id='word_1_526' title='bbox 1833 3586 1921 3637; x_wconf 77' lang='grc' dir='ltr'><strong>ἵνα</strong></span> <span class='ocrx_word' id='word_1_527' title='bbox 1944 3584 2028 3648; x_wconf 87' lang='grc' dir='ltr'><strong>τίς</strong></span> 
     </span>
    </p>
   </div>
   <div class='ocr_carea' id='block_1_67' title="bbox 444 3674 2055 3747">
    <p class='ocr_par' dir='ltr' id='par_1_67' title="bbox 444 3674 2055 3747">
     <span class='ocr_line' id='line_1_67' title="bbox 444 3674 2055 3747; baseline 0 -17"><span class='ocrx_word' id='word_1_528' title='bbox 444 3687 507 3730; x_wconf 78' lang='grc' dir='ltr'><strong>σε</strong></span> <span class='ocrx_word' id='word_1_529' title='bbox 539 3676 737 3746; x_wconf 77' lang='grc' dir='ltr'>ἐρωτᾷ.</span> <span class='ocrx_word' id='word_1_530' title='bbox 770 3674 858 3728; x_wconf 87' lang='grc' dir='ltr'>Ἐν</span> <span class='ocrx_word' id='word_1_531' title='bbox 884 3674 1078 3747; x_wconf 84' lang='grc' dir='ltr'>.τούτῳ</span> <span class='ocrx_word' id='word_1_532' title='bbox 1102 3677 1450 3746; x_wconf 83' lang='grc' dir='ltr'>πιστεύομεν,</span> <span class='ocrx_word' id='word_1_533' title='bbox 1493 3678 1574 3730; x_wconf 85' lang='grc' dir='ltr'><strong>ὅτι</strong></span> <span class='ocrx_word' id='word_1_534' title='bbox 1595 3678 1702 3733; x_wconf 78' lang='grc' dir='ltr'><strong>ἀπὸ</strong></span> <span class='ocrx_word' id='word_1_535' title='bbox 1717 3677 1853 3730; x_wconf 90' lang='grc' dir='ltr'>Θεοῦ</span> <span class='ocrx_word' id='word_1_536' title='bbox 1876 3676 2055 3746; x_wconf 74' lang='grc' dir='ltr'>ἐξῆλο·</span> 
     </span>
    </p>
   </div>
   <div class='ocr_carea' id='block_1_68' title="bbox 446 3765 2022 3839">
    <p class='ocr_par' dir='ltr' id='par_1_68' title="bbox 446 3765 2022 3839">
     <span class='ocr_line' id='line_1_68' title="bbox 446 3765 2022 3839; baseline 0.001 -18"><span class='ocrx_word' id='word_1_537' title='bbox 446 3767 565 3829; x_wconf 76' lang='grc' dir='ltr'>θες.</span> <span class='ocrx_word' id='word_1_538' title='bbox 612 3765 911 3837; x_wconf 80' lang='grc' dir='ltr'>’Δπεκρίθη</span> <span class='ocrx_word' id='word_1_539' title='bbox 951 3767 1133 3830; x_wconf 81' lang='grc' dir='ltr'>αὐτοῖς</span> <span class='ocrx_word' id='word_1_540' title='bbox 1164 3768 1192 3819; x_wconf 83' lang='grc' dir='ltr'><strong>ὁ</strong></span> <span class='ocrx_word' id='word_1_541' title='bbox 1229 3767 1460 3832; x_wconf 74' lang='grc' dir='ltr'>Ἰησοῦςο</span> <span class='ocrx_word' id='word_1_542' title='bbox 1516 3768 1679 3839; x_wconf 73' lang='grc' dir='ltr'>’Ἄρτι</span> <span class='ocrx_word' id='word_1_543' title='bbox 1712 3766 2022 3824; x_wconf 85' lang='grc' dir='ltr'>πιστεύετε.</span> 
     </span>
    </p>
   </div>
   <div class='ocr_carea' id='block_1_69' title="bbox 449 3846 2027 3930">
    <p class='ocr_par' dir='ltr' id='par_1_69' title="bbox 449 3846 2027 3930">
     <span class='ocr_line' id='line_1_69' title="bbox 449 3846 2027 3930; baseline 0 -19"><span class='ocrx_word' id='word_1_544' title='bbox 449 3857 564 3911; x_wconf 73' lang='grc' dir='ltr'>ἰδοὺ</span> <span class='ocrx_word' id='word_1_545' title='bbox 593 3846 810 3929; x_wconf 70' lang='grc' dir='ltr'>ἔρχεται</span> <span class='ocrx_word' id='word_1_546' title='bbox 832 3857 973 3928; x_wconf 84' lang='grc' dir='ltr'>ὥρα,</span> <span class='ocrx_word' id='word_1_547' title='bbox 996 3858 1090 3912; x_wconf 77' lang='grc' dir='ltr'>καὶ</span> <span class='ocrx_word' id='word_1_548' title='bbox 1116 3857 1212 3912; x_wconf 90' lang='grc' dir='ltr'><strong>νῦν</strong></span> <span class='ocrx_word' id='word_1_549' title='bbox 1242 3857 1520 3930; x_wconf 78' lang='grc' dir='ltr'>ἐλήλυθεν,</span> <span class='ocrx_word' id='word_1_550' title='bbox 1550 3858 1637 3912; x_wconf 76' lang='grc' dir='ltr'><strong>ἵνα</strong></span> <span class='ocrx_word' id='word_1_551' title='bbox 1663 3859 2027 3930; x_wconf 83' lang='grc' dir='ltr'>σκορπισθῆτε</span> 
     </span>
    </p>
   </div>
   <div class='ocr_carea' id='block_1_70' title="bbox 446 3948 2029 4020">
    <p class='ocr_par' dir='ltr' id='par_1_70' title="bbox 446 3948 2029 4020">
     <span class='ocr_line' id='line_1_70' title="bbox 446 3948 2029 4020; baseline 0.001 -17"><span class='ocrx_word' id='word_1_552' title='bbox 446 3949 682 4012; x_wconf 70' lang='grc' dir='ltr'>ἕκαστος</span> <span class='ocrx_word' id='word_1_553' title='bbox 714 3951 794 4011; x_wconf 81' lang='grc' dir='ltr'>εὶς</span> <span class='ocrx_word' id='word_1_554' title='bbox 818 3948 886 4003; x_wconf 79' lang='grc' dir='ltr'>τὰ</span> <span class='ocrx_word' id='word_1_555' title='bbox 914 3948 1044 4012; x_wconf 82' lang='grc' dir='ltr'>ἴδια,</span> <span class='ocrx_word' id='word_1_556' title='bbox 1097 3948 1190 4003; x_wconf 74' lang='grc' dir='ltr'><strong>καὶ</strong></span> <span class='ocrx_word' id='word_1_557' title='bbox 1232 3949 1332 4020; x_wconf 84' lang='grc' dir='ltr'>ἐμὲ</span> <span class='ocrx_word' id='word_1_558' title='bbox 1370 3949 1531 4019; x_wconf 87' lang='grc' dir='ltr'>μόνον</span> <span class='ocrx_word' id='word_1_559' title='bbox 1566 3949 1777 4020; x_wconf 76' lang='grc' dir='ltr'><strong>ἀφῆτε·</strong></span> <span class='ocrx_word' id='word_1_560' title='bbox 1810 3950 1903 4003; x_wconf 78' lang='grc' dir='ltr'>καὶ</span> <span class='ocrx_word' id='word_1_561' title='bbox 1927 3950 2029 4004; x_wconf 78' lang='grc' dir='ltr'><strong>οὐκ</strong></span> 
     </span>
    </p>
   </div>
   <div class='ocr_carea' id='block_1_71' title="bbox 446 4041 2027 4113">
    <p class='ocr_par' dir='ltr' id='par_1_71' title="bbox 446 4041 2027 4113">
     <span class='ocr_line' id='line_1_71' title="bbox 446 4041 2027 4113; baseline 0.001 -18"><span class='ocrx_word' id='word_1_562' title='bbox 446 4042 571 4113; x_wconf 74' lang='grc' dir='ltr'>εἰμὶ</span> <span class='ocrx_word' id='word_1_563' title='bbox 627 4044 809 4112; x_wconf 80' lang='grc' dir='ltr'>μόνος,</span> <span class='ocrx_word' id='word_1_564' title='bbox 841 4042 923 4095; x_wconf 83' lang='grc' dir='ltr'>ὅτι</span> <span class='ocrx_word' id='word_1_565' title='bbox 960 4044 988 4095; x_wconf 88' lang='grc' dir='ltr'>ὁ</span> <span class='ocrx_word' id='word_1_566' title='bbox 1019 4041 1206 4113; x_wconf 82' lang='grc' dir='ltr'>Πατὴρ</span> <span class='ocrx_word' id='word_1_567' title='bbox 1239 4042 1356 4112; x_wconf 86' lang='grc' dir='ltr'>μετ’</span> <span class='ocrx_word' id='word_1_568' title='bbox 1382 4042 1519 4113; x_wconf 79' lang='grc' dir='ltr'>ἐμοῦ</span> <span class='ocrx_word' id='word_1_569' title='bbox 1571 4043 1742 4096; x_wconf 77' lang='grc' dir='ltr'>ἐστιν.</span> <span class='ocrx_word' id='word_1_570' title='bbox 1772 4061 1791 4094; x_wconf 69' lang='grc' dir='ltr'><strong>ι</strong></span> <span class='ocrx_word' id='word_1_571' title='bbox 1834 4042 2027 4096; x_wconf 83' lang='grc' dir='ltr'>Ἀκού-</span> 
     </span>
    </p>
   </div>
   <div class='ocr_carea' id='block_1_72' title="bbox 451 4129 2028 4202">
    <p class='ocr_par' dir='ltr' id='par_1_72' title="bbox 451 4129 2028 4202">
     <span class='ocr_line' id='line_1_72' title="bbox 451 4129 2028 4202; baseline -0.002 -17"><span class='ocrx_word' id='word_1_572' title='bbox 451 4148 649 4196; x_wconf 86' lang='grc' dir='ltr'>σαντες</span> <span class='ocrx_word' id='word_1_573' title='bbox 680 4131 731 4187; x_wconf 85' lang='lat' dir='ltr'><strong>ol</strong></span> <span class='ocrx_word' id='word_1_574' title='bbox 760 4130 1022 4202; x_wconf 67' lang='grc' dir='ltr'>μαθηταὶ,</span> <span class='ocrx_word' id='word_1_575' title='bbox 1046 4132 1128 4185; x_wconf 85' lang='grc' dir='ltr'>ὅτι</span> <span class='ocrx_word' id='word_1_576' title='bbox 1154 4130 1306 4201; x_wconf 82' lang='grc' dir='ltr'>φίλος</span> <span class='ocrx_word' id='word_1_577' title='bbox 1331 4130 1481 4184; x_wconf 73' lang='grc' dir='ltr'>ἔσται</span> <span class='ocrx_word' id='word_1_578' title='bbox 1511 4132 1694 4194; x_wconf 85' lang='grc' dir='ltr'>αὐτοῖς</span> <span class='ocrx_word' id='word_1_579' title='bbox 1724 4132 1750 4182; x_wconf 85' lang='grc' dir='ltr'>ὁ</span> <span class='ocrx_word' id='word_1_580' title='bbox 1779 4129 1907 4193; x_wconf 81' lang='grc' dir='ltr'>Θεὸς</span> <span class='ocrx_word' id='word_1_581' title='bbox 1932 4131 2028 4184; x_wconf 79' lang='grc' dir='ltr'><strong>καὶ</strong></span> 
     </span>
    </p>
   </div>
   <div class='ocr_carea' id='block_1_73' title="bbox 448 4221 2027 4295">
    <p class='ocr_par' dir='ltr' id='par_1_73' title="bbox 448 4221 2027 4295">
     <span class='ocr_line' id='line_1_73' title="bbox 448 4221 2027 4295; baseline -0.003 -16"><span class='ocrx_word' id='word_1_582' title='bbox 448 4225 664 4295; x_wconf 71' lang='grc' dir='ltr'>Πατὴρ,</span> <span class='ocrx_word' id='word_1_583' title='bbox 710 4227 804 4277; x_wconf 82' lang='grc' dir='ltr'><strong>καὶ</strong></span> <span class='ocrx_word' id='word_1_584' title='bbox 833 4224 916 4277; x_wconf 82' lang='grc' dir='ltr'>ὅτι</span> <span class='ocrx_word' id='word_1_585' title='bbox 942 4226 1000 4277; x_wconf 83' lang='grc' dir='ltr'><strong>ού</strong></span> <span class='ocrx_word' id='word_1_586' title='bbox 1037 4224 1246 4278; x_wconf 79' lang='grc' dir='ltr'>δέονται</span> <span class='ocrx_word' id='word_1_587' title='bbox 1278 4224 1376 4294; x_wconf 81' lang='grc' dir='ltr'>τῆς</span> <span class='ocrx_word' id='word_1_588' title='bbox 1405 4222 1568 4277; x_wconf 77' lang='grc' dir='ltr'>αὐτοῦ</span> <span class='ocrx_word' id='word_1_589' title='bbox 1618 4222 1917 4293; x_wconf 78' lang='grc' dir='ltr'>μεσιτείας,</span> <span class='ocrx_word' id='word_1_590' title='bbox 1952 4221 2027 4286; x_wconf 83' lang='grc' dir='ltr'>ὡς</span> 
     </span>
    </p>
   </div>
   <div class='ocr_carea' id='block_1_74' title="bbox 448 4315 2025 4389">
    <p class='ocr_par' dir='ltr' id='par_1_74' title="bbox 448 4315 2025 4389">
     <span class='ocr_line' id='line_1_74' title="bbox 448 4315 2025 4389; baseline -0.003 -17"><span class='ocrx_word' id='word_1_591' title='bbox 448 4317 535 4388; x_wconf 80' lang='grc' dir='ltr'><strong>τῷ</strong></span> <span class='ocrx_word' id='word_1_592' title='bbox 566 4318 739 4389; x_wconf 81' lang='grc' dir='ltr'>Πατρὶ</span> <span class='ocrx_word' id='word_1_593' title='bbox 756 4316 1118 4389; x_wconf 79' lang='grc' dir='ltr'>ᾡκειωμένοι,</span> <span class='ocrx_word' id='word_1_594' title='bbox 1139 4320 1232 4373; x_wconf 67' lang='grc' dir='ltr'>καὶ.</span> <span class='ocrx_word' id='word_1_595' title='bbox 1256 4317 1336 4371; x_wconf 84' lang='grc' dir='ltr'>ὅτι</span> <span class='ocrx_word' id='word_1_596' title='bbox 1364 4317 1556 4387; x_wconf 78' lang='grc' dir='ltr'>ἐξῆλθε</span> <span class='ocrx_word' id='word_1_597' title='bbox 1585 4317 1735 4388; x_wconf 78' lang='grc' dir='ltr'>παρᾶ</span> <span class='ocrx_word' id='word_1_598' title='bbox 1750 4316 1842 4369; x_wconf 90' lang='grc' dir='ltr'><strong>τοῦ</strong></span> <span class='ocrx_word' id='word_1_599' title='bbox 1867 4315 2025 4382; x_wconf 87' lang='grc' dir='ltr'>Θεοῦ,</span> 
     </span>
    </p>
   </div>
   <div class='ocr_carea' id='block_1_75' title="bbox 450 4408 2028 4481">
    <p class='ocr_par' dir='ltr' id='par_1_75' title="bbox 450 4408 2028 4481">
     <span class='ocr_line' id='line_1_75' title="bbox 450 4408 2028 4481; baseline -0.001 -18"><span class='ocrx_word' id='word_1_600' title='bbox 450 4413 642 4481; x_wconf 65' lang='grc' dir='ltr'>φασιν,</span> <span class='ocrx_word' id='word_1_601' title='bbox 675 4411 759 4464; x_wconf 86' lang='grc' dir='ltr'>ὅτι</span> <span class='ocrx_word' id='word_1_602' title='bbox 796 4428 816 4463; x_wconf 77' lang='grc' dir='ltr'><strong>ι</strong></span> <span class='ocrx_word' id='word_1_603' title='bbox 870 4410 981 4465; x_wconf 83' lang='grc' dir='ltr'>Νῦν</span> <span class='ocrx_word' id='word_1_604' title='bbox 1009 4412 1254 4480; x_wconf 74' lang='grc' dir='ltr'>οἴδαμεν,</span> <span class='ocrx_word' id='word_1_605' title='bbox 1306 4412 1387 4465; x_wconf 81' lang='grc' dir='ltr'><strong>ὅτι</strong></span> <span class='ocrx_word' id='word_1_606' title='bbox 1415 4408 1565 4473; x_wconf 77' lang='grc' dir='ltr'>οἶδας</span> <span class='ocrx_word' id='word_1_607' title='bbox 1588 4411 1787 4475; x_wconf 84' lang='grc' dir='ltr'>πάντα,</span> <span class='ocrx_word' id='word_1_608' title='bbox 1820 4429 1839 4461; x_wconf 75' lang='grc' dir='ltr'><strong>ι</strong></span> <span class='ocrx_word' id='word_1_609' title='bbox 1870 4426 2028 4462; x_wconf 84' lang='grc' dir='ltr'>τουτ-</span> 
     </span>
    </p>
   </div>
   <div class='ocr_carea' id='block_1_76' title="bbox 448 4500 2028 4571">
    <p class='ocr_par' dir='ltr' id='par_1_76' title="bbox 448 4500 2028 4571">
     <span class='ocr_line' id='line_1_76' title="bbox 448 4500 2028 4571; baseline -0.001 -15"><span class='ocrx_word' id='word_1_610' title='bbox 448 4504 592 4567; x_wconf 81' lang='grc' dir='ltr'>έστι,</span> <span class='ocrx_word' id='word_1_611' title='bbox 629 4500 924 4565; x_wconf 81' lang='grc' dir='ltr'>Γινώσκεις</span> <span class='ocrx_word' id='word_1_612' title='bbox 950 4502 1019 4555; x_wconf 81' lang='grc' dir='ltr'>τὰ</span> <span class='ocrx_word' id='word_1_613' title='bbox 1043 4501 1463 4566; x_wconf 76' lang='grc' dir='ltr'>σκανδαλίζοντα</span> <span class='ocrx_word' id='word_1_614' title='bbox 1493 4501 1590 4571; x_wconf 79' lang='grc' dir='ltr'>τὴν</span> <span class='ocrx_word' id='word_1_615' title='bbox 1629 4500 1861 4554; x_wconf 78' lang='grc' dir='ltr'>ἑκάστου</span> <span class='ocrx_word' id='word_1_616' title='bbox 1893 4516 2028 4569; x_wconf 88' lang='grc' dir='ltr'>καρ-</span> 
     </span>
    </p>
   </div>
   <div class='ocr_carea' id='block_1_77' title="bbox 448 4593 2028 4668">
    <p class='ocr_par' dir='ltr' id='par_1_77' title="bbox 448 4593 2028 4668">
     <span class='ocr_line' id='line_1_77' title="bbox 448 4593 2028 4668; baseline -0.005 -16"><span class='ocrx_word' id='word_1_617' title='bbox 448 4599 598 4665; x_wconf 74' lang='grc' dir='ltr'>δίαν,</span> <span class='ocrx_word' id='word_1_618' title='bbox 628 4615 648 4650; x_wconf 77' lang='grc' dir='ltr'><strong>ι</strong></span> <span class='ocrx_word' id='word_1_619' title='bbox 678 4598 773 4651; x_wconf 82' lang='grc' dir='ltr'>καὶ</span> <span class='ocrx_word' id='word_1_620' title='bbox 798 4597 859 4650; x_wconf 79' lang='grc' dir='ltr'><strong>οὐ</strong></span> <span class='ocrx_word' id='word_1_621' title='bbox 896 4597 1086 4668; x_wconf 83' lang='grc' dir='ltr'>χρείαν</span> <span class='ocrx_word' id='word_1_622' title='bbox 1118 4595 1280 4667; x_wconf 76' lang='grc' dir='ltr'>ἔχεις,</span> <span class='ocrx_word' id='word_1_623' title='bbox 1322 4615 1341 4648; x_wconf 77' lang='lat' dir='ltr'><strong>i</strong></span> <span class='ocrx_word' id='word_1_624' title='bbox 1390 4597 1478 4648; x_wconf 74' lang='grc' dir='ltr'>ἵνα</span> <span class='ocrx_word' id='word_1_625' title='bbox 1509 4593 1660 4663; x_wconf 75' lang='grc' dir='ltr'>παρά</span> <span class='ocrx_word' id='word_1_626' title='bbox 1690 4609 1855 4647; x_wconf 88' lang='grc' dir='ltr'>τινων</span> <span class='ocrx_word' id='word_1_627' title='bbox 1890 4610 2028 4661; x_wconf 82' lang='grc' dir='ltr'>μαν-</span> 
     </span>
    </p>
   </div>
   <div class='ocr_carea' id='block_1_78' title="bbox 451 4683 2026 4764">
    <p class='ocr_par' dir='ltr' id='par_1_78' title="bbox 451 4683 2026 4764">
     <span class='ocr_line' id='line_1_78' title="bbox 451 4683 2026 4764; baseline -0.004 -20"><span class='ocrx_word' id='word_1_628' title='bbox 451 4692 623 4764; x_wconf 77' lang='grc' dir='ltr'>θάνῃς</span> <span class='ocrx_word' id='word_1_629' title='bbox 649 4691 809 4745; x_wconf 83' lang='grc' dir='ltr'>αὑτά.</span> <span class='ocrx_word' id='word_1_630' title='bbox 834 4692 943 4745; x_wconf 79' lang='grc' dir='ltr'><strong>Καὶ</strong></span> <span class='ocrx_word' id='word_1_631' title='bbox 971 4708 990 4742; x_wconf 85' lang='grc' dir='ltr'><strong>ι</strong></span> <span class='ocrx_word' id='word_1_632' title='bbox 1018 4689 1261 4759; x_wconf 73' lang='grc' dir='ltr'>ἐντούτῳ</span> <span class='ocrx_word' id='word_1_633' title='bbox 1290 4687 1639 4758; x_wconf 82' lang='grc' dir='ltr'>πιστεύομεν,</span> <span class='ocrx_word' id='word_1_634' title='bbox 1657 4687 1739 4740; x_wconf 81' lang='grc' dir='ltr'>ὅτι</span> <span class='ocrx_word' id='word_1_635' title='bbox 1759 4685 1867 4739; x_wconf 82' lang='grc' dir='ltr'>ἀπὸ</span> <span class='ocrx_word' id='word_1_636' title='bbox 1891 4683 2026 4738; x_wconf 85' lang='grc' dir='ltr'>Θεοῦ</span> 
     </span>
    </p>
   </div>
   <div class='ocr_carea' id='block_1_79' title="bbox 2202 3389 3703 3460">
    <p class='ocr_par' dir='ltr' id='par_1_79' title="bbox 2202 3389 3703 3460">
     <span class='ocr_line' id='line_1_79' title="bbox 2202 3389 3703 3460; baseline -0.009 -4"><span class='ocrx_word' id='word_1_637' title='bbox 2202 3402 2362 3457; x_wconf 79' lang='lat' dir='ltr'><strong>Vens.</strong></span> <span class='ocrx_word' id='word_1_638' title='bbox 2415 3397 2602 3454; x_wconf 66' lang='lat'><strong>29-52.</strong></span> <span class='ocrx_word' id='word_1_639' title='bbox 2656 3417 2677 3449; x_wconf 77' lang='grc' dir='ltr'><strong>σ</strong></span> <span class='ocrx_word' id='word_1_640' title='bbox 2738 3396 2931 3450; x_wconf 89' lang='lat' dir='ltr'><strong>Dicunt</strong></span> <span class='ocrx_word' id='word_1_641' title='bbox 2967 3394 3014 3448; x_wconf 78' lang='lat' dir='ltr'><strong>ci</strong></span> <span class='ocrx_word' id='word_1_642' title='bbox 3072 3392 3317 3460; x_wconf 71' lang='lat' dir='ltr'><strong>discipuli</strong></span> <span class='ocrx_word' id='word_1_643' title='bbox 3348 3391 3464 3455; x_wconf 77' lang='lat' dir='ltr'><strong>eius</strong></span> <span class='ocrx_word' id='word_1_644' title='bbox 3506 3406 3519 3443; x_wconf 88' lang='lat'><strong>:</strong></span> <span class='ocrx_word' id='word_1_645' title='bbox 3566 3389 3703 3443; x_wconf 77' lang='lat' dir='ltr'><strong>Erro</strong></span> 
     </span>
    </p>
   </div>
   <div class='ocr_carea' id='block_1_80' title="bbox 2130 3480 3698 3558">
    <p class='ocr_par' dir='ltr' id='par_1_80' title="bbox 2130 3480 3698 3558">
     <span class='ocr_line' id='line_1_80' title="bbox 2130 3480 3698 3558; baseline -0.01 -11"><span class='ocrx_word' id='word_1_646' title='bbox 2130 3510 2273 3548; x_wconf 87' lang='lat' dir='ltr'><strong>nunc</strong></span> <span class='ocrx_word' id='word_1_647' title='bbox 2299 3502 2481 3558; x_wconf 86' lang='lat' dir='ltr'><strong>aperte</strong></span> <span class='ocrx_word' id='word_1_648' title='bbox 2521 3489 2778 3557; x_wconf 81' lang='lat' dir='ltr'><strong>loqueris,</strong></span> <span class='ocrx_word' id='word_1_649' title='bbox 2821 3502 2919 3542; x_wconf 82' lang='lat' dir='ltr'><strong>nec</strong></span> <span class='ocrx_word' id='word_1_650' title='bbox 2942 3484 3284 3557; x_wconf 86' lang='lat' dir='ltr'><strong>proverbium</strong></span> <span class='ocrx_word' id='word_1_651' title='bbox 3327 3483 3489 3535; x_wconf 90' lang='lat' dir='ltr'><strong>ullum</strong></span> <span class='ocrx_word' id='word_1_652' title='bbox 3524 3480 3658 3534; x_wconf 85' lang='lat' dir='ltr'><strong>dicis</strong></span> <span class='ocrx_word' id='word_1_653' title='bbox 3684 3497 3698 3509; x_wconf 92' lang='grc'><strong>·</strong></span> 
     </span>
    </p>
   </div>
   <div class='ocr_carea' id='block_1_81' title="bbox 2131 3577 3705 3657">
    <p class='ocr_par' dir='ltr' id='par_1_81' title="bbox 2131 3577 3705 3657">
     <span class='ocr_line' id='line_1_81' title="bbox 2131 3577 3705 3657; baseline -0.01 -16"><span class='ocrx_word' id='word_1_654' title='bbox 2131 3584 2291 3657; x_wconf 77' lang='grc'><strong>725</strong></span> <span class='ocrx_word' id='word_1_655' title='bbox 2319 3601 2458 3639; x_wconf 83' lang='lat' dir='ltr'><strong>nunc</strong></span> <span class='ocrx_word' id='word_1_656' title='bbox 2485 3582 2688 3637; x_wconf 75' lang='grc' dir='ltr'>ειίιιιιιε</span> <span class='ocrx_word' id='word_1_657' title='bbox 2723 3581 2864 3648; x_wconf 85' lang='lat' dir='ltr'><strong>quod</strong></span> <span class='ocrx_word' id='word_1_658' title='bbox 2897 3582 3004 3633; x_wconf 87' lang='lat' dir='ltr'><strong>scis</strong></span> <span class='ocrx_word' id='word_1_659' title='bbox 3043 3577 3248 3642; x_wconf 84' lang='lat' dir='ltr'><strong>omnia,</strong></span> <span class='ocrx_word' id='word_1_660' title='bbox 3286 3589 3383 3629; x_wconf 88' lang='lat' dir='ltr'><strong>nec</strong></span> <span class='ocrx_word' id='word_1_661' title='bbox 3428 3589 3562 3642; x_wconf 83' lang='lat' dir='ltr'><strong>epus</strong></span> <span class='ocrx_word' id='word_1_662' title='bbox 3619 3579 3705 3628; x_wconf 87' lang='lat' dir='ltr'><strong>est</strong></span> 
     </span>
    </p>
   </div>
   <div class='ocr_carea' id='block_1_82' title="bbox 2130 3665 3702 3747">
    <p class='ocr_par' dir='ltr' id='par_1_82' title="bbox 2130 3665 3702 3747">
     <span class='ocr_line' id='line_1_82' title="bbox 2130 3665 3702 3747; baseline -0.011 -13"><span class='ocrx_word' id='word_1_663' title='bbox 2130 3681 2226 3734; x_wconf 86' lang='lat' dir='ltr'><strong>tibi</strong></span> <span class='ocrx_word' id='word_1_664' title='bbox 2261 3689 2317 3732; x_wconf 92' lang='lat' dir='ltr'><strong>ut</strong></span> <span class='ocrx_word' id='word_1_665' title='bbox 2341 3678 2464 3747; x_wconf 88' lang='lat' dir='ltr'><strong>quis</strong></span> <span class='ocrx_word' id='word_1_666' title='bbox 2497 3686 2546 3729; x_wconf 88' lang='lat' dir='ltr'><strong>te</strong></span> <span class='ocrx_word' id='word_1_667' title='bbox 2577 3674 2892 3740; x_wconf 72' lang='lat' dir='ltr'><strong>interroget.</strong></span> <span class='ocrx_word' id='word_1_668' title='bbox 2918 3669 3020 3723; x_wconf 85' lang='lat' dir='ltr'><strong>Per</strong></span> <span class='ocrx_word' id='word_1_669' title='bbox 3048 3668 3150 3722; x_wconf 84' lang='lat' dir='ltr'><strong>hoc</strong></span> <span class='ocrx_word' id='word_1_670' title='bbox 3181 3666 3450 3721; x_wconf 85' lang='lat' dir='ltr'><strong>credimus</strong></span> <span class='ocrx_word' id='word_1_671' title='bbox 3497 3665 3637 3732; x_wconf 87' lang='lat' dir='ltr'><strong>quod</strong></span> <span class='ocrx_word' id='word_1_672' title='bbox 3671 3680 3702 3717; x_wconf 87' lang='lat' dir='ltr'><strong>a</strong></span> 
     </span>
    </p>
   </div>
   <div class='ocr_carea' id='block_1_83' title="bbox 2132 3748 3699 3833">
    <p class='ocr_par' dir='ltr' id='par_1_83' title="bbox 2132 3748 3699 3833">
     <span class='ocr_line' id='line_1_83' title="bbox 2132 3748 3699 3833; baseline -0.009 -10"><span class='ocrx_word' id='word_1_673' title='bbox 2132 3769 2242 3823; x_wconf 82' lang='lat' dir='ltr'><strong>Deo</strong></span> <span class='ocrx_word' id='word_1_674' title='bbox 2295 3768 2475 3822; x_wconf 77' lang='lat' dir='ltr'><strong>existi.</strong></span> <span class='ocrx_word' id='word_1_675' title='bbox 2522 3761 2814 3833; x_wconf 78' lang='lat' dir='ltr'><strong>Respondit</strong></span> <span class='ocrx_word' id='word_1_676' title='bbox 2864 3762 2942 3816; x_wconf 90' lang='lat' dir='ltr'><strong>eis</strong></span> <span class='ocrx_word' id='word_1_677' title='bbox 3008 3758 3164 3814; x_wconf 80' lang='lat' dir='ltr'><strong>Jcsus</strong></span> <span class='ocrx_word' id='word_1_678' title='bbox 3198 3756 3393 3814; x_wconf 85' lang='lat' dir='ltr'><strong>:Nunc</strong></span> <span class='ocrx_word' id='word_1_679' title='bbox 3445 3748 3699 3810; x_wconf 79' lang='lat' dir='ltr'><strong>creditis!</strong></span> 
     </span>
    </p>
   </div>
   <div class='ocr_carea' id='block_1_84' title="bbox 2131 3847 3702 3926">
    <p class='ocr_par' dir='ltr' id='par_1_84' title="bbox 2131 3847 3702 3926">
     <span class='ocr_line' id='line_1_84' title="bbox 2131 3847 3702 3926; baseline -0.012 -8"><span class='ocrx_word' id='word_1_680' title='bbox 2131 3862 2268 3918; x_wconf 83' lang='lat' dir='ltr'><strong>Ecce</strong></span> <span class='ocrx_word' id='word_1_681' title='bbox 2298 3861 2460 3914; x_wconf 79' lang='lat' dir='ltr'><strong>instat</strong></span> <span class='ocrx_word' id='word_1_682' title='bbox 2503 3869 2732 3926; x_wconf 88' lang='lat' dir='ltr'><strong>tempus,</strong></span> <span class='ocrx_word' id='word_1_683' title='bbox 2757 3862 2813 3909; x_wconf 89' lang='lat' dir='ltr'><strong>et</strong></span> <span class='ocrx_word' id='word_1_684' title='bbox 2843 3854 2953 3924; x_wconf 83' lang='lat' dir='ltr'><strong>jam</strong></span> <span class='ocrx_word' id='word_1_685' title='bbox 2996 3851 3162 3913; x_wconf 88' lang='lat' dir='ltr'><strong>venit,</strong></span> <span class='ocrx_word' id='word_1_686' title='bbox 3204 3858 3262 3904; x_wconf 91' lang='lat' dir='ltr'><strong>ut</strong></span> <span class='ocrx_word' id='word_1_687' title='bbox 3320 3847 3702 3917; x_wconf 69' lang='lat' dir='ltr'><strong>diapergamini</strong></span> 
     </span>
    </p>
   </div>
   <div class='ocr_carea' id='block_1_85' title="bbox 2131 3939 3707 4022">
    <p class='ocr_par' dir='ltr' id='par_1_85' title="bbox 2131 3939 3707 4022">
     <span class='ocr_line' id='line_1_85' title="bbox 2131 3939 3707 4022; baseline -0.011 -14"><span class='ocrx_word' id='word_1_688' title='bbox 2131 3953 2498 4022; x_wconf 82' lang='lat' dir='ltr'><strong>unusquisque</strong></span> <span class='ocrx_word' id='word_1_689' title='bbox 2542 3952 2593 4004; x_wconf 90' lang='lat' dir='ltr'><strong>in</strong></span> <span class='ocrx_word' id='word_1_690' title='bbox 2648 3963 2765 4014; x_wconf 88' lang='lat' dir='ltr'><strong>sua,</strong></span> <span class='ocrx_word' id='word_1_691' title='bbox 2824 3959 3017 4016; x_wconf 89' lang='lat' dir='ltr'><strong>meque</strong></span> <span class='ocrx_word' id='word_1_692' title='bbox 3040 3944 3216 3999; x_wconf 89' lang='lat' dir='ltr'><strong>solum</strong></span> <span class='ocrx_word' id='word_1_693' title='bbox 3255 3939 3619 4019; x_wconf 68' lang='lat' dir='ltr'><strong>relinquatis;</strong></span> <span class='ocrx_word' id='word_1_694' title='bbox 3650 3946 3707 3992; x_wconf 87' lang='lat' dir='ltr'><strong>et</strong></span> 
     </span>
    </p>
   </div>
   <div class='ocr_carea' id='block_1_86' title="bbox 2129 4029 3704 4108">
    <p class='ocr_par' dir='ltr' id='par_1_86' title="bbox 2129 4029 3704 4108">
     <span class='ocr_line' id='line_1_86' title="bbox 2129 4029 3704 4108; baseline -0.011 -8"><span class='ocrx_word' id='word_1_695' title='bbox 2129 4055 2306 4101; x_wconf 86' lang='lat' dir='ltr'><strong>tamen</strong></span> <span class='ocrx_word' id='word_1_696' title='bbox 2339 4058 2445 4097; x_wconf 87' lang='lat' dir='ltr'><strong>non</strong></span> <span class='ocrx_word' id='word_1_697' title='bbox 2473 4055 2592 4095; x_wconf 89' lang='lat' dir='ltr'><strong>sum</strong></span> <span class='ocrx_word' id='word_1_698' title='bbox 2612 4039 2784 4104; x_wconf 88' lang='lat' dir='ltr'><strong>solus,</strong></span> <span class='ocrx_word' id='word_1_699' title='bbox 2817 4037 2941 4108; x_wconf 82' lang='lat' dir='ltr'><strong>quia</strong></span> <span class='ocrx_word' id='word_1_700' title='bbox 2980 4033 3364 4089; x_wconf 78' lang='lat' dir='ltr'><strong>Patermecum</strong></span> <span class='ocrx_word' id='word_1_701' title='bbox 3391 4040 3491 4086; x_wconf 82' lang='lat' dir='ltr'><strong>est.</strong></span> <span class='ocrx_word' id='word_1_702' title='bbox 3527 4048 3545 4080; x_wconf 72' lang='grc' dir='ltr'><strong>ι</strong></span> <span class='ocrx_word' id='word_1_703' title='bbox 3568 4029 3704 4083; x_wconf 78' lang='lat' dir='ltr'><strong>Cum</strong></span> 
     </span>
    </p>
   </div>
   <div class='ocr_carea' id='block_1_87' title="bbox 2129 4120 3708 4202">
    <p class='ocr_par' dir='ltr' id='par_1_87' title="bbox 2129 4120 3708 4202">
     <span class='ocr_line' id='line_1_87' title="bbox 2129 4120 3708 4202; baseline -0.013 -10"><span class='ocrx_word' id='word_1_704' title='bbox 2129 4137 2406 4193; x_wconf 88' lang='lat' dir='ltr'><strong>audissent</strong></span> <span class='ocrx_word' id='word_1_705' title='bbox 2454 4131 2702 4202; x_wconf 87' lang='lat' dir='ltr'><strong>discipuli</strong></span> <span class='ocrx_word' id='word_1_706' title='bbox 2747 4131 2978 4184; x_wconf 87' lang='lat' dir='ltr'><strong>amicum</strong></span> <span class='ocrx_word' id='word_1_707' title='bbox 3018 4126 3127 4180; x_wconf 90' lang='lat' dir='ltr'><strong>illis</strong></span> <span class='ocrx_word' id='word_1_708' title='bbox 3170 4122 3413 4178; x_wconf 86' lang='lat' dir='ltr'><strong>futurum</strong></span> <span class='ocrx_word' id='word_1_709' title='bbox 3458 4120 3625 4175; x_wconf 70' lang='lat' dir='ltr'><strong>Deum</strong></span> <span class='ocrx_word' id='word_1_710' title='bbox 3651 4128 3708 4173; x_wconf 90' lang='lat' dir='ltr'><strong>et</strong></span> 
     </span>
    </p>
   </div>
   <div class='ocr_carea' id='block_1_88' title="bbox 2128 4211 3705 4296">
    <p class='ocr_par' dir='ltr' id='par_1_88' title="bbox 2128 4211 3705 4296">
     <span class='ocr_line' id='line_1_88' title="bbox 2128 4211 3705 4296; baseline -0.013 -11"><span class='ocrx_word' id='word_1_711' title='bbox 2128 4230 2363 4295; x_wconf 89' lang='lat' dir='ltr'><strong>Patrem,</strong></span> <span class='ocrx_word' id='word_1_712' title='bbox 2399 4239 2573 4296; x_wconf 89' lang='lat' dir='ltr'><strong>neque</strong></span> <span class='ocrx_word' id='word_1_713' title='bbox 2612 4224 2851 4293; x_wconf 75' lang='lat' dir='ltr'><strong>indigere</strong></span> <span class='ocrx_word' id='word_1_714' title='bbox 2885 4235 2944 4276; x_wconf 87' lang='lat' dir='ltr'><strong>se</strong></span> <span class='ocrx_word' id='word_1_715' title='bbox 2989 4219 3136 4272; x_wconf 88' lang='lat' dir='ltr'><strong>illius</strong></span> <span class='ocrx_word' id='word_1_716' title='bbox 3165 4214 3591 4276; x_wconf 87' lang='lat' dir='ltr'><strong>intercessione,</strong></span> <span class='ocrx_word' id='word_1_717' title='bbox 3629 4211 3705 4266; x_wconf 88' lang='lat' dir='ltr'><strong>uti</strong></span> 
     </span>
    </p>
   </div>
   <div class='ocr_carea' id='block_1_89' title="bbox 2129 4304 3759 4380">
    <p class='ocr_par' dir='ltr' id='par_1_89' title="bbox 2129 4304 3759 4380">
     <span class='ocr_line' id='line_1_89' title="bbox 2129 4304 3759 4380; baseline -0.015 0"><span class='ocrx_word' id='word_1_718' title='bbox 2129 4322 2364 4380; x_wconf 80' lang='lat' dir='ltr'><strong>maxime</strong></span> <span class='ocrx_word' id='word_1_719' title='bbox 2380 4319 2674 4373; x_wconf 76' lang='lat' dir='ltr'><strong>familiares</strong></span> <span class='ocrx_word' id='word_1_720' title='bbox 2701 4315 2870 4378; x_wconf 83' lang='lat' dir='ltr'><strong>Patri,</strong></span> <span class='ocrx_word' id='word_1_721' title='bbox 2894 4311 3204 4380; x_wconf 73' lang='lat' dir='ltr'><strong>exiisseque</strong></span> <span class='ocrx_word' id='word_1_722' title='bbox 3232 4309 3377 4363; x_wconf 92' lang='lat' dir='ltr'><strong>illum</strong></span> <span class='ocrx_word' id='word_1_723' title='bbox 3411 4322 3440 4359; x_wconf 91' lang='lat' dir='ltr'><strong>a</strong></span> <span class='ocrx_word' id='word_1_724' title='bbox 3463 4306 3592 4372; x_wconf 85' lang='lat' dir='ltr'><strong>Deo,</strong></span> <span class='ocrx_word' id='word_1_725' title='bbox 3621 4304 3713 4369; x_wconf 5' lang='lat' dir='ltr'><strong>di-p</strong></span> <span class='ocrx_word' id='word_1_726' title='bbox 3749 4354 3759 4369; x_wconf 79' lang='grc'><strong>,</strong></span> 
     </span>
    </p>
   </div>
   <div class='ocr_carea' id='block_1_90' title="bbox 2129 4400 3706 4476">
    <p class='ocr_par' dir='ltr' id='par_1_90' title="bbox 2129 4400 3706 4476">
     <span class='ocr_line' id='line_1_90' title="bbox 2129 4400 3706 4476; baseline -0.015 -4"><span class='ocrx_word' id='word_1_727' title='bbox 2129 4425 2297 4472; x_wconf 88' lang='lat' dir='ltr'><strong>cunt:</strong></span> <span class='ocrx_word' id='word_1_728' title='bbox 2340 4432 2359 4466; x_wconf 81' lang='grc' dir='ltr'><strong>ι</strong></span> <span class='ocrx_word' id='word_1_729' title='bbox 2402 4411 2557 4467; x_wconf 86' lang='lat' dir='ltr'><strong>Nune</strong></span> <span class='ocrx_word' id='word_1_730' title='bbox 2584 4410 2785 4465; x_wconf 81' lang='lat' dir='ltr'><strong>scimus</strong></span> <span class='ocrx_word' id='word_1_731' title='bbox 2839 4406 2979 4476; x_wconf 90' lang='lat' dir='ltr'><strong>quod</strong></span> <span class='ocrx_word' id='word_1_732' title='bbox 3027 4405 3136 4460; x_wconf 87' lang='lat' dir='ltr'><strong>scis</strong></span> <span class='ocrx_word' id='word_1_733' title='bbox 3185 4403 3387 4467; x_wconf 88' lang='lat' dir='ltr'><strong>omnia,</strong></span> <span class='ocrx_word' id='word_1_734' title='bbox 3425 4418 3443 4451; x_wconf 77' lang='grc' dir='ltr'><strong>ι</strong></span> <span class='ocrx_word' id='word_1_735' title='bbox 3478 4400 3580 4453; x_wconf 88' lang='lat' dir='ltr'><strong>hoc</strong></span> <span class='ocrx_word' id='word_1_736' title='bbox 3603 4404 3706 4460; x_wconf 88' lang='lat' dir='ltr'><strong>est,</strong></span> 
     </span>
    </p>
   </div>
   <div class='ocr_carea' id='block_1_91' title="bbox 2129 4492 3711 4577">
    <p class='ocr_par' dir='ltr' id='par_1_91' title="bbox 2129 4492 3711 4577">
     <span class='ocr_line' id='line_1_91' title="bbox 2129 4492 3711 4577; baseline -0.011 -16"><span class='ocrx_word' id='word_1_737' title='bbox 2129 4506 2414 4577; x_wconf 75' lang='lat' dir='ltr'><strong>cognoscis</strong></span> <span class='ocrx_word' id='word_1_738' title='bbox 2471 4516 2589 4571; x_wconf 74' lang='lat' dir='ltr'><strong>quae</strong></span> <span class='ocrx_word' id='word_1_739' title='bbox 2658 4498 3080 4569; x_wconf 86' lang='lat' dir='ltr'><strong>uniuscujusque</strong></span> <span class='ocrx_word' id='word_1_740' title='bbox 3135 4510 3229 4551; x_wconf 90' lang='lat' dir='ltr'><strong>cor</strong></span> <span class='ocrx_word' id='word_1_741' title='bbox 3283 4492 3603 4556; x_wconf 79' lang='lat' dir='ltr'><strong>oﬁ‘eudunt,</strong></span> <span class='ocrx_word' id='word_1_742' title='bbox 3654 4493 3711 4545; x_wconf 82' lang='lat' dir='ltr'><strong>et</strong></span> 
     </span>
    </p>
   </div>
   <div class='ocr_carea' id='block_1_92' title="bbox 2138 4584 3745 4665">
    <p class='ocr_par' dir='ltr' id='par_1_92' title="bbox 2138 4584 3745 4665">
     <span class='ocr_line' id='line_1_92' title="bbox 2138 4584 3745 4665; baseline -0.011 -12"><span class='ocrx_word' id='word_1_743' title='bbox 2138 4617 2157 4653; x_wconf 82' lang='lat' dir='ltr'><strong>t</strong></span> <span class='ocrx_word' id='word_1_744' title='bbox 2200 4613 2303 4653; x_wconf 85' lang='lat' dir='ltr'><strong>non</strong></span> <span class='ocrx_word' id='word_1_745' title='bbox 2327 4611 2463 4665; x_wconf 83' lang='lat' dir='ltr'><strong>opus</strong></span> <span class='ocrx_word' id='word_1_746' title='bbox 2500 4595 2663 4649; x_wconf 86' lang='lat' dir='ltr'><strong>habes</strong></span> <span class='ocrx_word' id='word_1_747' title='bbox 2698 4611 2720 4648; x_wconf 74' lang='grc' dir='ltr'><strong>ι</strong></span> <span class='ocrx_word' id='word_1_748' title='bbox 2759 4601 2817 4647; x_wconf 87' lang='grc' dir='ltr'><strong>ιιι</strong></span> <span class='ocrx_word' id='word_1_749' title='bbox 2860 4588 3136 4659; x_wconf 69' lang='lat' dir='ltr'><strong>ab‘aliquo</strong></span> <span class='ocrx_word' id='word_1_750' title='bbox 3180 4588 3356 4641; x_wconf 86' lang='lat' dir='ltr'><strong>discas</strong></span> <span class='ocrx_word' id='word_1_751' title='bbox 3384 4601 3479 4650; x_wconf 82' lang='lat' dir='ltr'><strong>ea,</strong></span> <span class='ocrx_word' id='word_1_752' title='bbox 3517 4603 3536 4636; x_wconf 85' lang='grc' dir='ltr'><strong>ι</strong></span> <span class='ocrx_word' id='word_1_753' title='bbox 3569 4593 3623 4639; x_wconf 89' lang='lat' dir='ltr'><strong>et</strong></span> <span class='ocrx_word' id='word_1_754' title='bbox 3655 4584 3745 4637; x_wconf 54' lang='lat' dir='ltr'><strong>in,</strong></span> 
     </span>
    </p>
   </div>
   <div class='ocr_carea' id='block_1_93' title="bbox 2132 4673 3709 4751">
    <p class='ocr_par' dir='ltr' id='par_1_93' title="bbox 2132 4673 3709 4751">
     <span class='ocr_line' id='line_1_93' title="bbox 2132 4673 3709 4751; baseline -0.01 -9"><span class='ocrx_word' id='word_1_755' title='bbox 2132 4688 2236 4742; x_wconf 89' lang='lat' dir='ltr'><strong>hoc</strong></span> <span class='ocrx_word' id='word_1_756' title='bbox 2278 4684 2548 4741; x_wconf 89' lang='lat' dir='ltr'><strong>credimus</strong></span> <span class='ocrx_word' id='word_1_757' title='bbox 2587 4682 2730 4751; x_wconf 86' lang='lat' dir='ltr'><strong>quod</strong></span> <span class='ocrx_word' id='word_1_758' title='bbox 2763 4696 2792 4734; x_wconf 87' lang='lat' dir='ltr'><strong>a</strong></span> <span class='ocrx_word' id='word_1_759' title='bbox 2853 4681 2961 4734; x_wconf 85' lang='lat' dir='ltr'><strong>Deo</strong></span> <span class='ocrx_word' id='word_1_760' title='bbox 2996 4678 3198 4733; x_wconf 80' lang='lat' dir='ltr'><strong>exieris</strong></span> <span class='ocrx_word' id='word_1_761' title='bbox 3228 4677 3274 4709; x_wconf 78' lang='grc'><strong>⁷⁵</strong></span> <span class='ocrx_word' id='word_1_762' title='bbox 3310 4693 3324 4728; x_wconf 90' lang='lat'><strong>:</strong></span> <span class='ocrx_word' id='word_1_763' title='bbox 3363 4694 3381 4727; x_wconf 78' lang='grc' dir='ltr'><strong>ι</strong></span> <span class='ocrx_word' id='word_1_764' title='bbox 3415 4674 3510 4731; x_wconf 90' lang='lat' dir='ltr'><strong>Dei</strong></span> <span class='ocrx_word' id='word_1_765' title='bbox 3562 4673 3709 4751; x_wconf 83' lang='lat' dir='ltr'><strong>enim</strong></span> 
     </span>
    </p>
   </div>
   <div class='ocr_carea' id='block_1_94' title="bbox 453 4745 2020 4853">
    <p class='ocr_par' dir='ltr' id='par_1_94' title="bbox 453 4745 2020 4853">
     <span class='ocr_line' id='line_1_94' title="bbox 453 4745 2020 4853; baseline -0.004 -17"><span class='ocrx_word' id='word_1_766' title='bbox 453 4745 700 4852; x_wconf 53' lang='grc' dir='ltr'>ἐξῆλθες.</span> <span class='ocrx_word' id='word_1_767' title='bbox 740 4802 761 4836; x_wconf 72' lang='grc' dir='ltr'><strong>ι</strong></span> <span class='ocrx_word' id='word_1_768' title='bbox 788 4782 924 4836; x_wconf 87' lang='grc' dir='ltr'>Θεοῦ</span> <span class='ocrx_word' id='word_1_769' title='bbox 950 4782 1078 4853; x_wconf 83' lang='grc' dir='ltr'>γὰρ,</span> <span class='ocrx_word' id='word_1_770' title='bbox 1114 4780 1175 4835; x_wconf 77' lang='grc' dir='ltr'>τὸ</span> <span class='ocrx_word' id='word_1_771' title='bbox 1205 4745 1402 4834; x_wconf 60' lang='grc' dir='ltr'>εῖδέναι</span> <span class='ocrx_word' id='word_1_772' title='bbox 1424 4781 1491 4833; x_wconf 80' lang='grc' dir='ltr'>τὰ</span> <span class='ocrx_word' id='word_1_773' title='bbox 1518 4745 1743 4850; x_wconf 61' lang='grc' dir='ltr'>κρυπτὰ</span> <span class='ocrx_word' id='word_1_774' title='bbox 1767 4777 1864 4847; x_wconf 82' lang='grc' dir='ltr'><strong>τῆς</strong></span> <span class='ocrx_word' id='word_1_775' title='bbox 1886 4792 2020 4847; x_wconf 85' lang='grc' dir='ltr'>καρ-</span> 
     </span>
    </p>
   </div>
   <div class='ocr_carea' id='block_1_95' title="bbox 2118 4745 3705 4853">
    <p class='ocr_par' dir='ltr' id='par_1_95' title="bbox 2133 4745 3705 4837">
     <span class='ocr_line' id='line_1_95' title="bbox 2133 4745 3705 4837; baseline -0.008 -4"><span class='ocrx_word' id='word_1_776' title='bbox 2133 4786 2216 4833; x_wconf 90' lang='lat' dir='ltr'><strong>est</strong></span> <span class='ocrx_word' id='word_1_777' title='bbox 2260 4778 2401 4832; x_wconf 89' lang='lat' dir='ltr'><strong>scire</strong></span> <span class='ocrx_word' id='word_1_778' title='bbox 2447 4773 2657 4831; x_wconf 81' lang='lat' dir='ltr'><strong>occulta</strong></span> <span class='ocrx_word' id='word_1_779' title='bbox 2709 4773 2888 4828; x_wconf 91' lang='lat' dir='ltr'><strong>cordis</strong></span> <span class='ocrx_word' id='word_1_780' title='bbox 2922 4771 2991 4823; x_wconf 79' lang='grc'>⁷⁸.</span> <span class='ocrx_word' id='word_1_781' title='bbox 3036 4768 3170 4825; x_wconf 83' lang='lat' dir='ltr'><strong>Vide</strong></span> <span class='ocrx_word' id='word_1_782' title='bbox 3206 4779 3386 4823; x_wconf 88' lang='lat' dir='ltr'><strong>autem</strong></span> <span class='ocrx_word' id='word_1_783' title='bbox 3427 4745 3705 4837; x_wconf 57' lang='lat' dir='ltr'><strong>quomodo</strong></span> 
     </span>
    </p>
   </div>
   <div class='ocr_carea' id='block_1_96' title="bbox 453 4860 2020 4943">
    <p class='ocr_par' dir='ltr' id='par_1_96' title="bbox 453 4868 2020 4943">
     <span class='ocr_line' id='line_1_96' title="bbox 453 4868 2020 4943; baseline -0.003 -15"><span class='ocrx_word' id='word_1_784' title='bbox 453 4874 595 4936; x_wconf 80' lang='grc' dir='ltr'>δίας.</span> <span class='ocrx_word' id='word_1_785' title='bbox 613 4875 813 4928; x_wconf 79' lang='grc' dir='ltr'>Σκόπει</span> <span class='ocrx_word' id='word_1_786' title='bbox 839 4875 918 4941; x_wconf 88' lang='grc' dir='ltr'>δὲ,</span> <span class='ocrx_word' id='word_1_787' title='bbox 949 4874 1067 4936; x_wconf 82' lang='grc' dir='ltr'>πῶς</span> <span class='ocrx_word' id='word_1_788' title='bbox 1092 4873 1300 4935; x_wconf 81' lang='grc' dir='ltr'>ἀτελεῖς</span> <span class='ocrx_word' id='word_1_789' title='bbox 1330 4868 1468 4943; x_wconf 79' lang='grc' dir='ltr'>ἦσαν</span> <span class='ocrx_word' id='word_1_790' title='bbox 1496 4872 1745 4940; x_wconf 77' lang='grc' dir='ltr'>λέγοντες</span> <span class='ocrx_word' id='word_1_791' title='bbox 1768 4870 1848 4933; x_wconf 83' lang='grc' dir='ltr'><strong>τὸ,</strong></span> <span class='ocrx_word' id='word_1_792' title='bbox 1867 4888 1885 4921; x_wconf 85' lang='grc' dir='ltr'><strong>ι</strong></span> <span class='ocrx_word' id='word_1_793' title='bbox 1915 4869 2020 4923; x_wconf 62' lang='grc' dir='ltr'>Νῦν</span> 
     </span>
    </p>
   </div>
   <div class='ocr_carea' id='block_1_97' title="bbox 2118 4860 3709 4943">
    <p class='ocr_par' dir='ltr' id='par_1_97' title="bbox 2130 4860 3709 4941">
     <span class='ocr_line' id='line_1_97' title="bbox 2130 4860 3709 4941; baseline -0.008 -14"><span class='ocrx_word' id='word_1_794' title='bbox 2130 4870 2435 4941; x_wconf 81' lang='lat' dir='ltr'><strong>imperfecti</strong></span> <span class='ocrx_word' id='word_1_795' title='bbox 2470 4869 2673 4924; x_wconf 82' lang='lat' dir='ltr'><strong>fuerint</strong></span> <span class='ocrx_word' id='word_1_796' title='bbox 2712 4866 2976 4941; x_wconf 86' lang='lat' dir='ltr'><strong>dicentes,</strong></span> <span class='ocrx_word' id='word_1_797' title='bbox 3023 4882 3042 4917; x_wconf 86' lang='grc' dir='ltr'><strong>ι</strong></span> <span class='ocrx_word' id='word_1_798' title='bbox 3092 4863 3242 4918; x_wconf 86' lang='lat' dir='ltr'><strong>Nunc</strong></span> <span class='ocrx_word' id='word_1_799' title='bbox 3269 4865 3470 4918; x_wconf 88' lang='lat' dir='ltr'><strong>scimus</strong></span> <span class='ocrx_word' id='word_1_800' title='bbox 3502 4877 3517 4913; x_wconf 90' lang='lat'><strong>:</strong></span> <span class='ocrx_word' id='word_1_801' title='bbox 3558 4878 3576 4910; x_wconf 72' lang='grc' dir='ltr'><strong>ι</strong></span> <span class='ocrx_word' id='word_1_802' title='bbox 3616 4860 3709 4929; x_wconf 90' lang='lat' dir='ltr'><strong>qui</strong></span> 
     </span>
    </p>
   </div>
   <div class='ocr_carea' id='block_1_98' title="bbox 453 4949 2020 5036">
    <p class='ocr_par' dir='ltr' id='par_1_98' title="bbox 453 4962 2020 5036">
     <span class='ocr_line' id='line_1_98' title="bbox 453 4962 2020 5036; baseline -0.003 -17"><span class='ocrx_word' id='word_1_803' title='bbox 453 4966 696 5036; x_wconf 73' lang='grc' dir='ltr'>οἴδαμεν.</span> <span class='ocrx_word' id='word_1_804' title='bbox 722 4984 742 5019; x_wconf 82' lang='grc'>›</span> <span class='ocrx_word' id='word_1_805' title='bbox 766 4967 832 5019; x_wconf 81' lang='grc' dir='ltr'><strong>Οἱ</strong></span> <span class='ocrx_word' id='word_1_806' title='bbox 862 4965 970 5035; x_wconf 84' lang='grc' dir='ltr'>γὰρ</span> <span class='ocrx_word' id='word_1_807' title='bbox 992 4963 1261 5019; x_wconf 86' lang='grc' dir='ltr'>τοσούτων</span> <span class='ocrx_word' id='word_1_808' title='bbox 1289 4963 1624 5027; x_wconf 85' lang='grc' dir='ltr'>ἀκούσαντες</span> <span class='ocrx_word' id='word_1_809' title='bbox 1651 4962 2020 5029; x_wconf 64' lang='grc' dir='ltr'>διδασκαλιῶν,</span> 
     </span>
    </p>
   </div>
   <div class='ocr_carea' id='block_1_99' title="bbox 2118 4949 3715 5036">
    <p class='ocr_par' dir='ltr' id='par_1_99' title="bbox 2138 4949 3715 5017">
     <span class='ocr_line' id='line_1_99' title="bbox 2138 4949 3715 5017; baseline -0.01 0"><span class='ocrx_word' id='word_1_810' title='bbox 2138 4962 2281 5017; x_wconf 88' lang='lat' dir='ltr'><strong>enim</strong></span> <span class='ocrx_word' id='word_1_811' title='bbox 2337 4968 2520 5015; x_wconf 88' lang='lat' dir='ltr'><strong>tantas</strong></span> <span class='ocrx_word' id='word_1_812' title='bbox 2583 4957 2866 5012; x_wconf 84' lang='lat' dir='ltr'><strong>audierant</strong></span> <span class='ocrx_word' id='word_1_813' title='bbox 2900 4955 3202 5017; x_wconf 88' lang='lat' dir='ltr'><strong>doctrinas,</strong></span> <span class='ocrx_word' id='word_1_814' title='bbox 3243 4953 3451 5017; x_wconf 87' lang='lat' dir='ltr'><strong>dicunt,</strong></span> <span class='ocrx_word' id='word_1_815' title='bbox 3497 4968 3514 5000; x_wconf 87' lang='grc' dir='ltr'><strong>ι</strong></span> <span class='ocrx_word' id='word_1_816' title='bbox 3554 4949 3715 5002; x_wconf 80' lang='lat' dir='ltr'><strong>Nunc</strong></span> 
     </span>
    </p>
   </div>
   <div class='ocr_carea' id='block_1_100' title="bbox 461 5042 2020 5127">
    <p class='ocr_par' dir='ltr' id='par_1_100' title="bbox 461 5054 2020 5127">
     <span class='ocr_line' id='line_1_100' title="bbox 461 5054 2020 5127; baseline -0.001 -18"><span class='ocrx_word' id='word_1_817' title='bbox 461 5074 482 5109; x_wconf 79' lang='grc' dir='ltr'><strong>ι</strong></span> <span class='ocrx_word' id='word_1_818' title='bbox 521 5057 634 5111; x_wconf 73' lang='grc' dir='ltr'>Νῦν</span> <span class='ocrx_word' id='word_1_819' title='bbox 690 5059 935 5127; x_wconf 68' lang='grc' dir='ltr'>οἴδαμεν,</span> <span class='ocrx_word' id='word_1_820' title='bbox 973 5075 993 5109; x_wconf 83' lang='grc'><strong>)</strong></span> <span class='ocrx_word' id='word_1_821' title='bbox 1030 5057 1213 5126; x_wconf 76' lang='grc' dir='ltr'>φασίν.</span> <span class='ocrx_word' id='word_1_822' title='bbox 1271 5056 1329 5109; x_wconf 86' lang='grc' dir='ltr'>Ὀ</span> <span class='ocrx_word' id='word_1_823' title='bbox 1390 5056 1447 5109; x_wconf 84' lang='grc' dir='ltr'><strong>δὲ</strong></span> <span class='ocrx_word' id='word_1_824' title='bbox 1508 5057 1745 5126; x_wconf 84' lang='grc' dir='ltr'>Χριστὸς</span> <span class='ocrx_word' id='word_1_825' title='bbox 1773 5054 2020 5109; x_wconf 61' lang='grc' dir='ltr'>δεικνύωι</span> 
     </span>
    </p>
   </div>
   <div class='ocr_carea' id='block_1_101' title="bbox 2118 5042 3710 5127">
    <p class='ocr_par' dir='ltr' id='par_1_101' title="bbox 2131 5042 3710 5109">
     <span class='ocr_line' id='line_1_101' title="bbox 2131 5042 3710 5109; baseline -0.01 -1"><span class='ocrx_word' id='word_1_826' title='bbox 2131 5053 2359 5108; x_wconf 90' lang='lat' dir='ltr'><strong>scimus.</strong></span> <span class='ocrx_word' id='word_1_827' title='bbox 2394 5068 2413 5102; x_wconf 73' lang='grc' dir='ltr'><strong>ι</strong></span> <span class='ocrx_word' id='word_1_828' title='bbox 2454 5048 2705 5105; x_wconf 86' lang='lat' dir='ltr'><strong>Christus</strong></span> <span class='ocrx_word' id='word_1_829' title='bbox 2759 5055 2939 5101; x_wconf 82' lang='lat' dir='ltr'><strong>autem</strong></span> <span class='ocrx_word' id='word_1_830' title='bbox 2988 5046 3278 5101; x_wconf 85' lang='lat' dir='ltr'><strong>ostendens</strong></span> <span class='ocrx_word' id='word_1_831' title='bbox 3328 5042 3407 5097; x_wconf 89' lang='lat' dir='ltr'><strong>eis</strong></span> <span class='ocrx_word' id='word_1_832' title='bbox 3437 5042 3579 5109; x_wconf 78' lang='lat' dir='ltr'><strong>quod</strong></span> <span class='ocrx_word' id='word_1_833' title='bbox 3608 5042 3710 5093; x_wconf 68' lang='lat' dir='ltr'><strong>im~</strong></span> 
     </span>
    </p>
   </div>
   <div class='ocr_carea' id='block_1_102' title="bbox 455 5126 2020 5216">
    <p class='ocr_par' dir='ltr' id='par_1_102' title="bbox 455 5146 2020 5216">
     <span class='ocr_line' id='line_1_102' title="bbox 455 5146 2020 5216; baseline -0.003 -12"><span class='ocrx_word' id='word_1_834' title='bbox 455 5150 659 5216; x_wconf 68' lang='grc' dir='ltr'>αὐτοῖς,</span> <span class='ocrx_word' id='word_1_835' title='bbox 716 5152 799 5204; x_wconf 82' lang='grc' dir='ltr'><strong>ὅτι</strong></span> <span class='ocrx_word' id='word_1_836' title='bbox 828 5150 1035 5213; x_wconf 78' lang='grc' dir='ltr'>ἀτελεῖς</span> <span class='ocrx_word' id='word_1_837' title='bbox 1060 5152 1200 5203; x_wconf 87' lang='grc' dir='ltr'>εἰσιν</span> <span class='ocrx_word' id='word_1_838' title='bbox 1233 5147 1336 5216; x_wconf 80' lang='grc' dir='ltr'>ἔτι,</span> <span class='ocrx_word' id='word_1_839' title='bbox 1368 5148 1464 5202; x_wconf 74' lang='grc' dir='ltr'><strong>καὶ</strong></span> <span class='ocrx_word' id='word_1_840' title='bbox 1503 5146 1655 5201; x_wconf 70' lang='grc' dir='ltr'>οὔπω</span> <span class='ocrx_word' id='word_1_841' title='bbox 1705 5146 1858 5200; x_wconf 66' lang='grc' dir='ltr'>οὐδὲν</span> <span class='ocrx_word' id='word_1_842' title='bbox 1893 5148 2020 5216; x_wconf 74' lang='grc' dir='ltr'>μέγα</span> 
     </span>
    </p>
   </div>
   <div class='ocr_carea' id='block_1_103' title="bbox 2118 5126 3708 5216">
    <p class='ocr_par' dir='ltr' id='par_1_103' title="bbox 2130 5126 3708 5214">
     <span class='ocr_line' id='line_1_103' title="bbox 2130 5126 3708 5214; baseline -0.009 -16"><span class='ocrx_word' id='word_1_843' title='bbox 2130 5130 2362 5214; x_wconf 82' lang='lat' dir='ltr'><strong>perfecti</strong></span> <span class='ocrx_word' id='word_1_844' title='bbox 2415 5140 2551 5204; x_wconf 88' lang='lat' dir='ltr'><strong>sint,</strong></span> <span class='ocrx_word' id='word_1_845' title='bbox 2577 5150 2630 5195; x_wconf 89' lang='lat' dir='ltr'><strong>et</strong></span> <span class='ocrx_word' id='word_1_846' title='bbox 2659 5139 2802 5208; x_wconf 88' lang='lat' dir='ltr'><strong>quod</strong></span> <span class='ocrx_word' id='word_1_847' title='bbox 2836 5126 3076 5193; x_wconf 77' lang='lat' dir='ltr'><strong>nendum</strong></span> <span class='ocrx_word' id='word_1_848' title='bbox 3106 5136 3396 5206; x_wconf 85' lang='lat' dir='ltr'><strong>quidquam</strong></span> <span class='ocrx_word' id='word_1_849' title='bbox 3431 5132 3606 5202; x_wconf 78' lang='lat' dir='ltr'><strong>magni</strong></span> <span class='ocrx_word' id='word_1_850' title='bbox 3639 5133 3708 5185; x_wconf 81' lang='lat' dir='ltr'><strong>de</strong></span> 
     </span>
    </p>
   </div>
   <div class='ocr_carea' id='block_1_104' title="bbox 457 5236 2035 5313">
    <p class='ocr_par' dir='ltr' id='par_1_104' title="bbox 457 5236 2035 5313">
     <span class='ocr_line' id='line_1_104' title="bbox 457 5236 2035 5313; baseline -0.003 -18"><span class='ocrx_word' id='word_1_851' title='bbox 457 5244 588 5313; x_wconf 77' lang='grc' dir='ltr'>περὶ</span> <span class='ocrx_word' id='word_1_852' title='bbox 620 5239 788 5297; x_wconf 81' lang='grc' dir='ltr'>αὑτοῦ</span> <span class='ocrx_word' id='word_1_853' title='bbox 822 5243 1132 5313; x_wconf 68' lang='grc' dir='ltr'>ινενόησαν,</span> <span class='ocrx_word' id='word_1_854' title='bbox 1168 5240 1304 5294; x_wconf 83' lang='grc' dir='ltr'>ἀλλὰ</span> <span class='ocrx_word' id='word_1_855' title='bbox 1339 5238 1490 5294; x_wconf 76' lang='grc' dir='ltr'>κάτω</span> <span class='ocrx_word' id='word_1_856' title='bbox 1518 5241 1614 5292; x_wconf 80' lang='grc' dir='ltr'>καὶ</span> <span class='ocrx_word' id='word_1_857' title='bbox 1647 5238 1775 5308; x_wconf 72' lang='grc' dir='ltr'>περὶ</span> <span class='ocrx_word' id='word_1_858' title='bbox 1808 5236 1906 5308; x_wconf 83' lang='grc' dir='ltr'><strong>τὴν</strong></span> <span class='ocrx_word' id='word_1_859' title='bbox 1930 5241 2035 5308; x_wconf 78' lang='grc' dir='ltr'>γῆν</span> 
     </span>
    </p>
   </div>
   <div class='ocr_carea' id='block_1_105' title="bbox 456 5327 2040 5405">
    <p class='ocr_par' dir='ltr' id='par_1_105' title="bbox 456 5327 2040 5405">
     <span class='ocr_line' id='line_1_105' title="bbox 456 5327 2040 5405; baseline -0.005 -20"><span class='ocrx_word' id='word_1_860' title='bbox 456 5331 540 5387; x_wconf 75' lang='grc' dir='ltr'>ἔτι</span> <span class='ocrx_word' id='word_1_861' title='bbox 567 5334 912 5405; x_wconf 73' lang='grc' dir='ltr'>στρέφονται,</span> <span class='ocrx_word' id='word_1_862' title='bbox 941 5332 1126 5402; x_wconf 74' lang='grc' dir='ltr'>φησίνο</span> <span class='ocrx_word' id='word_1_863' title='bbox 1158 5350 1180 5384; x_wconf 76' lang='grc' dir='ltr'><strong>ι</strong></span> <span class='ocrx_word' id='word_1_864' title='bbox 1221 5332 1382 5402; x_wconf 82' lang='grc' dir='ltr'>Ἀρτι</span> <span class='ocrx_word' id='word_1_865' title='bbox 1403 5328 1709 5383; x_wconf 83' lang='grc' dir='ltr'>πιστεύετε.</span> <span class='ocrx_word' id='word_1_866' title='bbox 1772 5347 1793 5380; x_wconf 75' lang='grc' dir='ltr'><strong>ι</strong></span> <span class='ocrx_word' id='word_1_867' title='bbox 1829 5327 2040 5395; x_wconf 84' lang='grc' dir='ltr'>Ὠσπερ</span> 
     </span>
    </p>
   </div>
   <div class='ocr_carea' id='block_1_106' title="bbox 457 5420 2041 5496">
    <p class='ocr_par' dir='ltr' id='par_1_106' title="bbox 457 5420 2041 5496">
     <span class='ocr_line' id='line_1_106' title="bbox 457 5420 2041 5496; baseline -0.005 -16"><span class='ocrx_word' id='word_1_868' title='bbox 457 5425 569 5496; x_wconf 76' lang='grc' dir='ltr'><strong>γὰρ</strong></span> <span class='ocrx_word' id='word_1_869' title='bbox 592 5427 968 5496; x_wconf 75' lang='grc' dir='ltr'>ἐπιμέμφεται</span> <span class='ocrx_word' id='word_1_870' title='bbox 995 5425 1179 5490; x_wconf 84' lang='grc' dir='ltr'>αὐτοῖς</span> <span class='ocrx_word' id='word_1_871' title='bbox 1221 5425 1314 5479; x_wconf 78' lang='grc' dir='ltr'><strong>καὶ</strong></span> <span class='ocrx_word' id='word_1_872' title='bbox 1352 5422 1744 5490; x_wconf 73' lang='grc' dir='ltr'>προσονειδίζει</span> <span class='ocrx_word' id='word_1_873' title='bbox 1777 5420 1878 5491; x_wconf 88' lang='grc' dir='ltr'>τὴν</span> <span class='ocrx_word' id='word_1_874' title='bbox 1905 5421 2041 5490; x_wconf 76' lang='grc' dir='ltr'><strong>βρι-</strong></span> 
     </span>
    </p>
   </div>
   <div class='ocr_carea' id='block_1_107' title="bbox 458 5515 2039 5591">
    <p class='ocr_par' dir='ltr' id='par_1_107' title="bbox 458 5515 2039 5591">
     <span class='ocr_line' id='line_1_107' title="bbox 458 5515 2039 5591; baseline -0.002 -19"><span class='ocrx_word' id='word_1_875' title='bbox 458 5519 667 5589; x_wconf 70' lang='grc' dir='ltr'>διτῆτα</span> <span class='ocrx_word' id='word_1_876' title='bbox 688 5520 789 5589; x_wconf 75' lang='grc' dir='ltr'><strong>τῆς</strong></span> <span class='ocrx_word' id='word_1_877' title='bbox 831 5520 1087 5582; x_wconf 85' lang='grc' dir='ltr'>πίστεως.</span> <span class='ocrx_word' id='word_1_878' title='bbox 1115 5520 1230 5573; x_wconf 76' lang='grc' dir='ltr'>Ἵνα</span> <span class='ocrx_word' id='word_1_879' title='bbox 1252 5517 1355 5591; x_wconf 82' lang='grc' dir='ltr'>[δὲι</span> <span class='ocrx_word' id='word_1_880' title='bbox 1386 5518 1460 5588; x_wconf 83' lang='grc' dir='ltr'>μὴ</span> <span class='ocrx_word' id='word_1_881' title='bbox 1496 5516 1686 5583; x_wconf 81' lang='grc' dir='ltr'>δόξωσι</span> <span class='ocrx_word' id='word_1_882' title='bbox 1720 5515 2039 5587; x_wconf 75' lang='grc' dir='ltr'>χαρίζεσθαι</span> 
     </span>
    </p>
   </div>
   <div class='ocr_carea' id='block_1_108' title="bbox 461 5609 2036 5684">
    <p class='ocr_par' dir='ltr' id='par_1_108' title="bbox 461 5609 2036 5684">
     <span class='ocr_line' id='line_1_108' title="bbox 461 5609 2036 5684; baseline -0.004 -17"><span class='ocrx_word' id='word_1_883' title='bbox 461 5611 637 5682; x_wconf 69' lang='grc' dir='ltr'>αὐτῷ,</span> <span class='ocrx_word' id='word_1_884' title='bbox 663 5613 888 5667; x_wconf 77' lang='grc' dir='ltr'>τοιαῦτα</span> <span class='ocrx_word' id='word_1_885' title='bbox 913 5615 1043 5684; x_wconf 78' lang='grc' dir='ltr'>περὶ</span> <span class='ocrx_word' id='word_1_886' title='bbox 1063 5612 1229 5667; x_wconf 82' lang='grc' dir='ltr'>αὑτοῦ</span> <span class='ocrx_word' id='word_1_887' title='bbox 1254 5611 1589 5676; x_wconf 79' lang='grc' dir='ltr'>ἐννοοῦντες,</span> <span class='ocrx_word' id='word_1_888' title='bbox 1622 5611 1787 5682; x_wconf 75' lang='grc' dir='ltr'>φησιν</span> <span class='ocrx_word' id='word_1_889' title='bbox 1809 5625 1823 5641; x_wconf 77' lang='grc' dir='ltr'><strong>ο</strong></span> <span class='ocrx_word' id='word_1_890' title='bbox 1864 5627 1883 5660; x_wconf 80' lang='grc' dir='ltr'><strong>ι</strong></span> <span class='ocrx_word' id='word_1_891' title='bbox 1910 5609 2036 5681; x_wconf 81' lang='grc' dir='ltr'><strong>Ἑλή</strong></span> 
     </span>
    </p>
   </div>
   <div class='ocr_carea' id='block_1_109' title="bbox 462 5703 2035 5779">
    <p class='ocr_par' dir='ltr' id='par_1_109' title="bbox 462 5703 2035 5779">
     <span class='ocr_line' id='line_1_109' title="bbox 462 5703 2035 5779; baseline -0.001 -21"><span class='ocrx_word' id='word_1_892' title='bbox 462 5704 625 5759; x_wconf 76' lang='grc' dir='ltr'>λύθεν</span> <span class='ocrx_word' id='word_1_893' title='bbox 645 5706 680 5776; x_wconf 75' lang='grc' dir='ltr'><strong>ἡ</strong></span> <span class='ocrx_word' id='word_1_894' title='bbox 696 5704 838 5777; x_wconf 80' lang='grc' dir='ltr'>ὥρα,</span> <span class='ocrx_word' id='word_1_895' title='bbox 864 5706 951 5761; x_wconf 77' lang='grc' dir='ltr'>ἵνα</span> <span class='ocrx_word' id='word_1_896' title='bbox 969 5705 1340 5779; x_wconf 82' lang='grc' dir='ltr'>σκορπισθῆτε</span> <span class='ocrx_word' id='word_1_897' title='bbox 1365 5705 1618 5769; x_wconf 75' lang='grc' dir='ltr'>ἕκαστος.</span> <span class='ocrx_word' id='word_1_898' title='bbox 1632 5723 1650 5756; x_wconf 78' lang='lat' dir='ltr'><strong>i</strong></span> <span class='ocrx_word' id='word_1_899' title='bbox 1685 5703 1874 5773; x_wconf 82' lang='grc' dir='ltr'>Ὑμεῖς</span> <span class='ocrx_word' id='word_1_900' title='bbox 1899 5704 2035 5773; x_wconf 66' lang='grc' dir='ltr'>γὰρ,</span> 
     </span>
    </p>
   </div>
   <div class='ocr_carea' id='block_1_110' title="bbox 545 5880 2113 5956">
    <p class='ocr_par' dir='ltr' id='par_1_110' title="bbox 545 5880 2113 5956">
     <span class='ocr_line' id='line_1_110' title="bbox 545 5880 2113 5956; baseline -0.002 -16"><span class='ocrx_word' id='word_1_901' title='bbox 545 5885 593 5918; x_wconf 71' lang='grc'>⁷⁸</span> <span class='ocrx_word' id='word_1_902' title='bbox 614 5885 740 5942; x_wconf 74' lang='lat' dir='ltr'><strong>Act.</strong></span> <span class='ocrx_word' id='word_1_903' title='bbox 769 5902 809 5954; x_wconf 84' lang='grc' dir='ltr'><strong>ι,</strong></span> <span class='ocrx_word' id='word_1_904' title='bbox 834 5887 889 5944; x_wconf 80' lang='lat'><strong>5.</strong></span> <span class='ocrx_word' id='word_1_905' title='bbox 966 5889 1011 5922; x_wconf 84' lang='lat'>&quot;</span> <span class='ocrx_word' id='word_1_906' title='bbox 1058 5885 1217 5946; x_wconf 79' lang='lat' dir='ltr'><strong>Joan.</strong></span> <span class='ocrx_word' id='word_1_907' title='bbox 1245 5902 1358 5956; x_wconf 75' lang='lat' dir='ltr'><strong>im,</strong></span> <span class='ocrx_word' id='word_1_908' title='bbox 1409 5885 1500 5942; x_wconf 76' lang='lat'><strong>50.</strong></span> <span class='ocrx_word' id='word_1_909' title='bbox 1578 5885 1621 5918; x_wconf 81' lang='grc'><strong>⁷⁸</strong></span> <span class='ocrx_word' id='word_1_910' title='bbox 1650 5882 1798 5941; x_wconf 82' lang='lat' dir='ltr'><strong>Psal.</strong></span> <span class='ocrx_word' id='word_1_911' title='bbox 1838 5895 1992 5952; x_wconf 78' lang='lat' dir='ltr'><strong>xuii,</strong></span> <span class='ocrx_word' id='word_1_912' title='bbox 2022 5880 2113 5938; x_wconf 76' lang='lat'><strong>22.</strong></span> 
     </span>
    </p>
   </div>
   <div class='ocr_carea' id='block_1_111' title="bbox 2136 5225 3711 5301">
    <p class='ocr_par' dir='ltr' id='par_1_111' title="bbox 2136 5225 3711 5301">
     <span class='ocr_line' id='line_1_111' title="bbox 2136 5225 3711 5301; baseline -0.01 -9"><span class='ocrx_word' id='word_1_913' title='bbox 2136 5250 2196 5292; x_wconf 89' lang='lat' dir='ltr'><strong>se</strong></span> <span class='ocrx_word' id='word_1_914' title='bbox 2257 5235 2640 5301; x_wconf 82' lang='lat' dir='ltr'><strong>intellexerint,</strong></span> <span class='ocrx_word' id='word_1_915' title='bbox 2690 5232 2785 5289; x_wconf 86' lang='lat' dir='ltr'><strong>sed</strong></span> <span class='ocrx_word' id='word_1_916' title='bbox 2833 5233 3084 5286; x_wconf 87' lang='lat' dir='ltr'><strong>deorsum</strong></span> <span class='ocrx_word' id='word_1_917' title='bbox 3127 5238 3182 5282; x_wconf 90' lang='lat' dir='ltr'><strong>et</strong></span> <span class='ocrx_word' id='word_1_918' title='bbox 3225 5227 3276 5280; x_wconf 91' lang='lat' dir='ltr'><strong>in</strong></span> <span class='ocrx_word' id='word_1_919' title='bbox 3313 5225 3542 5280; x_wconf 85' lang='lat' dir='ltr'><strong>terrenis</strong></span> <span class='ocrx_word' id='word_1_920' title='bbox 3572 5240 3711 5278; x_wconf 83' lang='lat' dir='ltr'><strong>ver-</strong></span> 
     </span>
    </p>
   </div>
   <div class='ocr_carea' id='block_1_112' title="bbox 2137 5316 3715 5398">
    <p class='ocr_par' dir='ltr' id='par_1_112' title="bbox 2137 5316 3715 5398">
     <span class='ocr_line' id='line_1_112' title="bbox 2137 5316 3715 5398; baseline -0.009 -13"><span class='ocrx_word' id='word_1_921' title='bbox 2137 5338 2348 5395; x_wconf 90' lang='lat' dir='ltr'><strong>sentur,</strong></span> <span class='ocrx_word' id='word_1_922' title='bbox 2402 5327 2576 5398; x_wconf 83' lang='lat' dir='ltr'><strong>inquit</strong></span> <span class='ocrx_word' id='word_1_923' title='bbox 2625 5343 2640 5381; x_wconf 89' lang='lat'><strong>:</strong></span> <span class='ocrx_word' id='word_1_924' title='bbox 2680 5344 2699 5379; x_wconf 85' lang='grc' dir='ltr'><strong>ι</strong></span> <span class='ocrx_word' id='word_1_925' title='bbox 2733 5324 2885 5380; x_wconf 85' lang='lat' dir='ltr'><strong>Nunc</strong></span> <span class='ocrx_word' id='word_1_926' title='bbox 2948 5321 3207 5379; x_wconf 80' lang='lat' dir='ltr'><strong>creditis!</strong></span> <span class='ocrx_word' id='word_1_927' title='bbox 3253 5337 3273 5371; x_wconf 73' lang='grc' dir='ltr'><strong>ι</strong></span> <span class='ocrx_word' id='word_1_928' title='bbox 3306 5316 3715 5385; x_wconf 83' lang='lat' dir='ltr'><strong>Quodammodo</strong></span> 
     </span>
    </p>
   </div>
   <div class='ocr_carea' id='block_1_113' title="bbox 2138 5412 3711 5494">
    <p class='ocr_par' dir='ltr' id='par_1_113' title="bbox 2138 5412 3711 5494">
     <span class='ocr_line' id='line_1_113' title="bbox 2138 5412 3711 5494; baseline -0.01 -16"><span class='ocrx_word' id='word_1_929' title='bbox 2138 5424 2472 5494; x_wconf 83' lang='lat' dir='ltr'><strong>imprOperat</strong></span> <span class='ocrx_word' id='word_1_930' title='bbox 2515 5422 2594 5477; x_wconf 88' lang='lat' dir='ltr'><strong>eis</strong></span> <span class='ocrx_word' id='word_1_931' title='bbox 2650 5421 2954 5474; x_wconf 87' lang='lat' dir='ltr'><strong>tarditatem</strong></span> <span class='ocrx_word' id='word_1_932' title='bbox 2989 5417 3109 5470; x_wconf 80' lang='lat' dir='ltr'><strong>ﬁdei</strong></span> <span class='ocrx_word' id='word_1_933' title='bbox 3164 5415 3399 5470; x_wconf 91' lang='lat' dir='ltr'><strong>illorum.</strong></span> <span class='ocrx_word' id='word_1_934' title='bbox 3427 5412 3497 5467; x_wconf 91' lang='lat' dir='ltr'><strong>Ut</strong></span> <span class='ocrx_word' id='word_1_935' title='bbox 3529 5422 3711 5466; x_wconf 86' lang='lat' dir='ltr'><strong>autem</strong></span> 
     </span>
    </p>
   </div>
   <div class='ocr_carea' id='block_1_114' title="bbox 2139 5503 3710 5585">
    <p class='ocr_par' dir='ltr' id='par_1_114' title="bbox 2139 5503 3710 5585">
     <span class='ocr_line' id='line_1_114' title="bbox 2139 5503 3710 5585; baseline -0.011 -13"><span class='ocrx_word' id='word_1_936' title='bbox 2139 5532 2207 5572; x_wconf 89' lang='lat' dir='ltr'><strong>ne</strong></span> <span class='ocrx_word' id='word_1_937' title='bbox 2241 5516 2528 5570; x_wconf 67' lang='lat' dir='ltr'><strong>videantur</strong></span> <span class='ocrx_word' id='word_1_938' title='bbox 2556 5512 2850 5585; x_wconf 81' lang='lat' dir='ltr'><strong>gratiﬁcari</strong></span> <span class='ocrx_word' id='word_1_939' title='bbox 2882 5510 2981 5579; x_wconf 90' lang='lat' dir='ltr'><strong>ipsi</strong></span> <span class='ocrx_word' id='word_1_940' title='bbox 3015 5507 3140 5562; x_wconf 88' lang='lat' dir='ltr'><strong>talia</strong></span> <span class='ocrx_word' id='word_1_941' title='bbox 3170 5509 3235 5562; x_wconf 89' lang='lat' dir='ltr'><strong>de</strong></span> <span class='ocrx_word' id='word_1_942' title='bbox 3261 5506 3376 5574; x_wconf 87' lang='lat' dir='ltr'><strong>ipso</strong></span> <span class='ocrx_word' id='word_1_943' title='bbox 3391 5503 3710 5569; x_wconf 78' lang='lat' dir='ltr'><strong>sentientes,</strong></span> 
     </span>
    </p>
   </div>
   <div class='ocr_carea' id='block_1_115' title="bbox 2136 5595 3705 5679">
    <p class='ocr_par' dir='ltr' id='par_1_115' title="bbox 2136 5595 3705 5679">
     <span class='ocr_line' id='line_1_115' title="bbox 2136 5595 3705 5679; baseline -0.01 -16"><span class='ocrx_word' id='word_1_944' title='bbox 2136 5610 2351 5678; x_wconf 88' lang='lat' dir='ltr'><strong>inquit:</strong></span> <span class='ocrx_word' id='word_1_945' title='bbox 2392 5625 2411 5659; x_wconf 82' lang='grc' dir='ltr'><strong>ι</strong></span> <span class='ocrx_word' id='word_1_946' title='bbox 2444 5607 2602 5662; x_wconf 83' lang='lat' dir='ltr'><strong>Venit</strong></span> <span class='ocrx_word' id='word_1_947' title='bbox 2626 5606 2757 5659; x_wconf 88' lang='lat' dir='ltr'><strong>hora</strong></span> <span class='ocrx_word' id='word_1_948' title='bbox 2790 5611 2847 5656; x_wconf 89' lang='lat' dir='ltr'><strong>ut</strong></span> <span class='ocrx_word' id='word_1_949' title='bbox 2875 5599 3253 5679; x_wconf 75' lang='lat' dir='ltr'><strong>dispergamini</strong></span> <span class='ocrx_word' id='word_1_950' title='bbox 3284 5595 3705 5667; x_wconf 58' lang='lat' dir='ltr'><strong>unusquisque!</strong></span> 
     </span>
    </p>
   </div>
   <div class='ocr_carea' id='block_1_116' title="bbox 2137 5688 3711 5770">
    <p class='ocr_par' dir='ltr' id='par_1_116' title="bbox 2137 5688 3711 5770">
     <span class='ocr_line' id='line_1_116' title="bbox 2137 5688 3711 5770; baseline -0.008 -14"><span class='ocrx_word' id='word_1_951' title='bbox 2137 5701 2247 5756; x_wconf 77' lang='lat' dir='ltr'><strong>Vos</strong></span> <span class='ocrx_word' id='word_1_952' title='bbox 2295 5700 2461 5767; x_wconf 87' lang='lat' dir='ltr'><strong>enim,</strong></span> <span class='ocrx_word' id='word_1_953' title='bbox 2490 5697 2682 5770; x_wconf 90' lang='lat' dir='ltr'><strong>inquit,</strong></span> <span class='ocrx_word' id='word_1_954' title='bbox 2721 5694 2975 5752; x_wconf 83' lang='lat' dir='ltr'><strong>videmini</strong></span> <span class='ocrx_word' id='word_1_955' title='bbox 3023 5692 3206 5751; x_wconf 84' lang='lat' dir='ltr'><strong>deme</strong></span> <span class='ocrx_word' id='word_1_956' title='bbox 3243 5706 3498 5764; x_wconf 75' lang='lat' dir='ltr'><strong>magnum</strong></span> <span class='ocrx_word' id='word_1_957' title='bbox 3554 5688 3711 5759; x_wconf 84' lang='lat' dir='ltr'><strong>quid-</strong></span> 
     </span>
    </p>
   </div>
  </div>
