4056 6580
458 391 568 456 223

1375 400 1951 471 TIIEOPHYLACTI
1994 411 2407 477 BULGABUE
2449 420 2803 485 ARClIlEP.

3598 427 3703 490 224

460 509 582 558 dam
645 505 844 561 sentire
881 522 1016 577 :egn
1076 515 1256 564 autem
1313 510 1436 568 dico
1482 514 1656 581 vobis,
1689 519 1831 586 quod
1864 534 2027 588 usque

2139 525 2296 593 φησι,
2327 527 2535 581 δοκεῖτε
2569 528 2713 597 μέγα
2752 546 2801 582 τι
2830 528 2959 600 περὶ
2992 530 3125 599 ἐμοῦ
3155 531 3561 601 φαντασθῆναν
3594 533 3704 602 ἐγὼ

465 594 601 650 adeo
652 596 950 666 imperfecti
1005 601 1157 667 estis,
1196 612 1254 657 ut
1302 618 1389 659 me
1440 604 1674 663 inimicis
1718 609 2029 664 derelictnri

461 687 600 746 sitis.
657 696 712 743 et
756 688 1007 744 invasura
1063 699 1150 746 est
1200 708 1294 747 vos
1348 692 1595 759 l‘nrtnido,
1656 707 1709 751 et
1742 697 1814 752 ita
1855 714 2030 769 neque

453 769 678 837 jnnctim
739 773 1022 840 secedetis,
1057 778 1150 831 sed
1197 782 1491 847 separatim
1525 784 1930 854 dispergemini,
1975 799 2029 842 et

461 862 831 931 unusquisque
882 865 1090 936 sibiipsi
1143 867 1209 922 de
1238 869 1410 924 salute
1454 879 1508 925 rt
1548 872 2031 945 profuginpmSpi-

456 951 583 1006 ciet.
637 950 836 1009 Verum
902 973 1002 1024 ego
1052 970 1334 1028 pr0pterea
1386 979 1491 1018 non
1546 964 1751 1020 habebo
1822 967 2024 1038 pejus:

464 1060 481 1093 ι
508 1043 621 1096 Νοιι
670 1046 812 1099 enim
862 1049 1009 1103 solus
1038 1067 1180 1116 sum,
1214 1071 1231 1104 ι
1260 1053 1353 1108 sed
1383 1055 1552 1109 habeo
1585 1066 1637 1110 et
1672 1059 1887 1114 Patrem
1917 1076 2030 1114 me-

457 1151 577 1189 cum
612 1152 625 1187 :
672 1149 835 1207 atque
868 1142 935 1193 ita
965 1157 1137 1211 neque
1168 1160 1262 1213 per
1300 1147 1664 1217 impotentiam
1706 1143 1901 1219 pa'tior,
1934 1153 2028 1209 sed

456 1228 820 1285 voluntarium
883 1249 967 1288 me
1033 1238 1286 1304 permitto
1381 1241 1816 1301 erucilixoribns.
1890 1244 2028 1300 Cum

454 1317 621 1387 igitur
677 1323 913 1379 audieris
967 1326 1312 1394 clamantem,
1348 1348 1367 1382 ι
1404 1329 1473 1386 Ut
1523 1334 1652 1400 quid
1714 1350 1798 1389 me
1828 1336 2026 1391 dereli-

453 1407 617 1475 quisti
651 1409 739 1463 '7?
777 1429 795 1462 ι
834 1426 900 1467 ne
928 1413 1005 1467 sic
1035 1414 1351 1483 simpliciter
1390 1418 1646 1489 intellige,
1673 1424 1811 1489 quod
1838 1422 2030 1478 dereli-

452 1503 568 1550 ctus
613 1498 683 1551 sit
738 1499 991 1556 Salvator
1021 1516 1051 1555 a
1110 1502 1273 1558 Patre
1309 1521 1323 1559 :
1357 1506 1557 1575 alioqui
1609 1511 1878 1578 quomodo
1928 1512 2029 1567 hoc

452 1587 572 1642 loco
632 1601 940 1659 testaretur,
988 1611 1006 1644 ι
1047 1594 1205 1649 Pater
1259 1612 1469 1652 mecum
1524 1596 1655 1653 est?
1691 1618 1708 1650 ι
1746 1602 1840 1656 sed
1872 1601 2030 1656 intel-

452 1681 556 1751 lige
601 1693 652 1735 ut
688 1684 754 1737 ab
800 1680 1032 1739 lmmana
1063 1698 1250 1740 natura
1278 1690 1498 1755 dictum,
1524 1691 1777 1746 derelicta
1810 1702 2030 1761 propter

450 1785 725 1843 peccatum
757 1786 809 1828 et
860 1777 1091 1843 abiecta,
1126 1774 1177 1832 in
1208 1778 1425 1836 Christo
1484 1790 1663 1836 antem
1720 1784 2025 1852 conciliata,

450 1875 505 1919 ct
533 1879 803 1935 assumpta
836 1884 929 1935 per
968 1866 1213 1928 Patrem.

527 2040 692 2099 Vens.
744 2044 833 2099 δὲ.
900 2065 918 2098 ι
987 2045 1111 2103 Ilazc
1144 2058 1322 2103 autem
1374 2049 1586 2105 locutus
1616 2066 1733 2105 sum
1771 2052 1942 2115 vobis.
1972 2062 2029 2109 ut

452 2131 508 2186 iu
544 2149 628 2188 ne
686 2150 869 2204 pacem
926 2138 1206 2206 habeatis;
1238 2140 1292 2194 lu
1326 2142 1526 2196 mutulo
1556 2140 1895 2198 alﬂictionem
1930 2147 2028 2201 ha-

451 2225 666 2292 bebitis,
696 2229 788 2282 sed
824 2230 1095 2296 conﬁdite,
1121 2246 1220 2301 ego
1250 2233 1350 2287 vici
1383 2236 1665 2290 mundum.
1706 2254 1726 2288 ι
1746 2256 1855 2290 -ι
1881 2236 2026 2306 Πωο,

448 2314 645 2387 inquit,
688 2319 898 2375 locutus
945 2336 1061 2376 sum
1099 2324 1272 2388 vobis,
1330 2343 1348 2377 ι
1380 2334 1436 2379 ιιι
1478 2322 1820 2397 ne’ejiciatis
1853 2344 1936 2383 me
1962 2344 2028 2384 ex

455 2420 632 2463 mente
676 2419 877 2474 vestra,
907 2429 1079 2483 neque
1104 2418 1551 2471 commoveamini
1586 2428 1640 2473 et
1673 2420 1960 2474 turbemini
1996 2436 2029 2476 a

448 2500 628 2554 stabili
682 2518 806 2572 erga
837 2519 922 2558 me
972 2506 1263 2569 charitate,
1300 2508 1395 2563 sed
1433 2528 1451 2561 ι
1484 2524 1670 2577 pacem
1704 2510 1951 2566 habeatis
1976 2511 2029 2567 in

450 2604 558 2656 me,
584 2591 683 2646 hoc
706 2600 808 2659 est,
867 2592 1134 2649 Maneatis
1173 2595 1419 2664 infracti,
1448 2599 1773 2667 recipientes
1800 2612 1856 2654 ut
1882 2611 2030 2657 certa

448 2696 786 2751 quacunque
849 2685 960 2739 dixi
1014 2687 1186 2742 vobis.
1246 2689 1441 2742 Audiat
1501 2698 1681 2745 autem
1733 2701 1790 2746 et
1847 2692 2027 2758 Arius,

454 2775 579 2844 quia
619 2775 731 2829 hzrc
770 2777 949 2831 omnia
976 2793 1096 2848 qua:
1140 2779 1359 2833 humilia
1407 2789 1460 2836 et
1518 2780 1739 2851 indigna
1782 2783 2031 2837 videntur

446 2865 614 2934 gloria
641 2865 783 2931 Filii,
815 2877 1036 2937 propter
1064 2871 1338 2927 auditores
1365 2869 1505 2927 dicta
1528 2881 1674 2941 sunt,
1708 2888 1815 2927 non
1853 2883 1907 2927 ut
1932 2890 2030 2930 nos

450 2966 664 3011 utamur
686 2958 770 3013 his
795 2974 892 3029 pro
919 2960 1279 3031 dogmatibus.
1310 2959 1460 3017 Dicta
1486 2960 1627 3017 enim
1658 2968 1793 3031 ,‘sunt
1819 2975 2033 3033 aposto-

447 3049 514 3103 lis
554 3051 605 3103 iu
637 3052 1080 3116 consolationem,
1111 3064 1164 3109 et
1204 3056 1577 3110 demonstrant
1605 3070 1841 3110 amorem
1869 3072 2026 3124 quem

445 3150 572 3205 erga
598 3137 716 3192 illos
746 3141 985 3209 gerebat.
1025 3160 1044 3192 ι
1090 3141 1149 3196 In
1193 3143 1391 3197 mundo
1422 3142 1759 3198 aﬂlictionem
1808 3144 2030 3200 habebi-

452 3203 540 3281 lisﬁ.
572 3245 591 3279 ι
621 3227 734 3282 Non
748 3203 904 3284 enim
937 3247 1031 3296 per
1054 3233 1302 3300 praedicta
1334 3244 1540 3287 tantum
1570 3248 1666 3288 vos
1687 3237 1879 3289 tentari
1907 3251 2029 3303 per—
2055 3215 2097 3272 (ἶ

449 3317 680 3384 mittam,
711 3320 907 3388 inquit,
934 3321 1027 3376 sed
1050 3323 1282 3390 quandiu
1310 3322 1522 3379 fueritis
1542 3323 1596 3379 in
1624 3326 1841 3387 mundo.
1868 3324 2032 3379 «allii-

447 3410 681 3464 ctiouem
710 3411 1006 3467 habebitis:
1044 3432 1063 3466 ι
1100 3430 1201 3468 non
1236 3429 1376 3468 nunc
1405 3425 1634 3479 tantum,
1667 3418 1881 3485 quando
1913 3424 2027 3471 tra-

447 3499 566 3561 dor,
590 3502 684 3555 scd
715 3509 771 3556 et
810 3515 994 3571 pOSIea
1024 3505 1156 3568 ;sed
1181 3505 1416 3559 resistite
1446 3505 1759 3571 turbationi,
1790 3515 1843 3561 et
1865 3506 2031 3578 726

455 3609 477 3643 ι
513 3592 786 3660 conliditr,
809 3596 932 3663 quia
959 3610 1058 3663 ego
1082 3596 1181 3650 vici
1217 3596 1507 3665 mundum;
1534 3613 1670 3666 tego
1692 3608 1872 3653 autem
1903 3614 2028 3652 cum

447 3682 691 3747 vicerim,
744 3700 848 3737 non
882 3685 1155 3751 Oportebit
1203 3700 1301 3738 vos
1346 3686 1639 3755 discipulos
1666 3688 1903 3741 animum
1933 3689 2030 3742 de-

447 3775 731 3840 spondere,
762 3774 851 3827 sed
879 3783 1228 3829 contemnere
1250 3790 1374 3829 eum
1412 3787 1469 3829 ut
1500 3780 1722 3835 victum.
1746 3777 2026 3845 Quomodo

449 3874 626 3915 autem
681 3863 808 3916 \‘icil
845 3865 1145 3919 mundum?
1187 3863 1324 3932 Quia
1355 3866 1553 3919 devicit
1593 3869 1889 3936 principem
1940 3867 2026 3921 af-

447 3951 741 4006 fectionmn
785 3954 1007 4020 mutuli;
1039 3954 1134 4009 sed
1168 3955 1269 4009 hoc
1299 3963 1351 4008 et
1378 3969 1441 4008 ex
1487 3957 1876 4025 posterioribus
1911 3972 2026 4011 ma-

449 4041 723 4096 nifestum.
772 4042 964 4098 Omnia
1014 4047 1156 4099 enim
1196 4046 1244 4098 ei
1302 4045 1542 4116 subjecta
1579 4056 1707 4101 sunt
1743 4056 1797 4102 et
1847 4062 2027 4104 cesse-

453 4143 596 4186 runt.
630 4134 782 4187 Sicut
821 4135 985 4202 igitur
1014 4137 1181 4189 Adam
1217 4138 1378 4199 victo,
1424 4138 1602 4191 oumis
1665 4146 1855 4192 natura
1901 4156 2029 4191 con-

448 4226 703 4279 demnata
763 4234 881 4291 est;
912 4227 980 4278 ita
1009 4228 1094 4280 ubi
1143 4226 1394 4283 Christus
1421 4228 1570 4291 vicit,
1603 4228 1655 4281 in
1682 4244 1894 4283 munem
1929 4244 2027 4281 na-

450 4327 626 4370 turam
656 4316 875 4370 victoria
936 4318 1167 4382 transiit,
1199 4331 1252 4372 et
1298 4321 1471 4373 vit-tus
1508 4331 1688 4374 nostra
1728 4320 1779 4373 in
1811 4318 2027 4373 Christo

448 4405 575 4463 Jcsu
614 4409 841 4477 gratiam
890 4418 1136 4464 assecuta
1166 4420 1247 4464 est
1282 4411 1523 4464 calcandi
1548 4426 1709 4479 super
1744 4419 2024 4480 serpentes

447 4510 502 4554 et
529 4501 791 4567 scorpios,
818 4510 870 4554 et
895 4517 1055 4571 super
1083 4518 1297 4556 omnem
1327 4512 1647 4571 potestatem
1675 4503 1899 4557 inimici.
1927 4502 2027 4556 Per

2134 616 2190 669 δὲ
2224 616 2368 683 λέγω
2400 619 2550 689 ὑμῖν,
2583 620 2666 674 δτι
2719 619 2971 673 τοσοῦτόν
3019 623 3142 675 ἐστε
3178 622 3404 687 ἀτελεῖς,
3441 622 3583 677 ὥστε
3612 627 3705 693 ἐγ-

2135 708 2455 763 καταλιπεῖν
2488 727 2556 781 με
2588 711 2810 780 μίλὶετε
2865 716 2977 777 τοῖς
3026 713 3243 783 ἐχθροῖς
3265 731 3280 748 ο
3338 717 3432 768 καὶ
3463 714 3699 786 τοταὺτη

2134 800 2306 854 δειλία
2334 801 2361 852 ὑ
2372 802 2487 870 μῶν
2516 807 2940 874 κατακρατήσει,
2975 805 3115 860 ὥστε
3145 806 3264 859 οὐδέ
3297 806 3413 874 μετ’
3453 806 3699 876 ἀλλήλων

2134 892 2423 962 δυνήσεσθε
2450 895 2821 966 ἀναχωρῆσαι,
2867 896 3004 952 ἀλλὰ
3034 899 3126 951 καὶ
3157 898 3251 950 ἀπ’
3298 897 3541 965 ἀλλήλων
3594 898 3703 952 δια·

2138 985 2629 1056 σκορπισθήσεσθε,
2667 990 2762 1041 καὶ
2786 990 3013 1051 ἕκαστος
3041 990 3363 1058 καταφυγὴν
3403 989 3498 1042 καὶ
3522 1006 3700 1057 σωτη-

2140 1077 2261 1147 ρίαν
2286 1078 2464 1147 ἐαυτῷ
2507 1080 2810 1149 πορίσεται.
2867 1080 3006 1133 ’Δλὶθ
3038 1082 3190 1136 οὐδὲν
3222 1084 3283 1135 ὲκ
3310 1082 3499 1135 τούτου
3530 1083 3698 1136 δεινὸν

2136 1172 2431 1243 πείσομαι*
2467 1193 2487 1226 ι
2524 1176 2597 1228 Οὐ
2631 1176 2740 1246 γάρ
2772 1175 2927 1246 μόνος
2965 1176 3100 1246 είμὶ,
3138 1197 3157 1229 ι
3205 1178 3319 1231 ἀλλ’
3350 1177 3457 1246 ἔχω
3488 1178 3697 1231 καὶτὸν

2135 1265 2354 1336 Πατέρα
2386 1268 2504 1337 μετ’
2531 1268 2687 1337 ἐμοῦ.
2749 1268 2908 1321 Ὥστε
2938 1269 2997 1322 οὐ
3052 1269 3119 1324 δι’
3145 1270 3447 1339 ἀδυναμίαν
3488 1270 3698 1338 πάσχω,

2133 1357 2250 1410 ἀλλ’
2281 1357 2423 1413 ἑκὼν
2464 1357 2781 1429 παραχωρῶ
2830 1362 2944 1422 τοῖς
2982 1362 3344 1431 σταυρωταῖς.
3406 1359 3576 1414 Ὅταν
3607 1358 3698 1412 οὖν

2134 1447 2375 1522 ἀκούσῃς
2408 1450 2487 1516 τὸ,
2531 1468 2549 1501 ι
2587 1451 2703 1504 Ἵνα
2732 1450 2786 1503 τί
2816 1465 2884 1519 με
2926 1452 3314 1519 ἐγκατέλιπεςς
3364 1471 3383 1503 ι
3420 1453 3494 1521 μὴ
3529 1448 3702 1515 οὕτως

2136 1541 2322 1604 ἁπλῶς
2342 1542 2472 1607 νόει,
2514 1544 2595 1596 ὃτι
2630 1543 3024 1613 ἐγκατελείφθη
3056 1546 3084 1597 ὁ
3113 1542 3305 1613 Σωτὴρ
3336 1544 3439 1596 ὑπὸ
3465 1542 3558 1596 τοῦ
3592 1544 3704 1596 [Ια-

2135 1634 2261 1705 τρὸς
2289 1633 2444 1704 (πῶς
2498 1633 2606 1706 γάρ
2646 1635 2881 1689 ἐνταῦθα
2926 1638 3213 1707 μαρτυρεῖ,
3245 1637 3327 1690 ὅτι
3358 1655 3378 1688 ι
3422 1636 3480 1690 Ὀ
3512 1636 3701 1704 Πατὴρ

2136 1731 2256 1799 μετ’
2276 1728 2410 1799 ἐμοῦ
2442 1731 2594 1796 ἐστι;
2625 1731 2693 1799 ι),
2721 1730 2838 1785 ἀλλ’
2865 1731 2973 1785 ἀπὸ
2991 1732 3089 1801 τῆς
3127 1730 3471 1801 ἀνθρωπίνης
3487 1729 3703 1796 φύσεως

2137 1822 2369 1895 ῥηθῆναι
2399 1822 2511 1875 νόει
2560 1822 2737 1887 τοῦτο,
2767 1824 2869 1892 τῆς
2912 1806 3437 1892 ἐγκαταλειςβθείσης
3490 1821 3578 1875 διὰ
3599 1822 3701 1883 τὰς

2129 1915 2426 1985 ἁμαρτίας,
2454 1915 2549 1968 καὶ
2576 1915 2999 1985 ἀπορῤιφείσης,
3029 1918 3088 1968 ἐν
3114 1914 3335 1987 Χριστῷ
3362 1916 3420 1968 δὲ
3438 1913 3704 1967 καταλλα-

2128 2008 2340 2076 γείσης.
2376 2007 2472 2061 καὶ
2507 2006 3045 2078 προσληφθείσηςτῷ
3082 2009 3274 2077 Πατρί.

2206 2117 2226 2151 ι
2253 2099 2440 2153 Ταῦτα
2464 2099 2738 2168 λελάληκα
2758 2102 2908 2169 ὑμῖν,
2937 2100 3023 2154 ἵνα
3046 2103 3103 2154 ἐν
3124 2103 3246 2171 ἐμοὶ
3266 2102 3491 2171 εἰρήνην
3516 2100 3698 2170 ἔχητε.

2141 2190 2231 2243 Ἐν
2258 2189 2335 2260 τῷ
2365 2190 2555 2261 κόσμῳ
2585 2191 2763 2260 omni
2791 2191 2964 2258 ἐξετε.
2997 2191 3134 2245 ἀλλὰ
3165 2192 3435 2261 θαρσεῖτε,
3465 2189 3573 2260 ἐγὼ
3611 2207 3701 2243 νε-

2130 2279 2330 2348 νίκηκα
2358 2278 2450 2333 τὸν
2479 2264 2723 2350 κόσμον.⁵
2754 2299 2775 2333 ι
2806 2309 2872 2320 -
2914 2298 2933 2332 ι
2972 2278 3182 2344 Ταῦτα,
3238 2282 3424 2352 φησὶν,
3462 2280 3702 2349 ἐλάλησα

2131 2373 2279 2440 ὑμῖν.
2320 2391 2338 2424 ι
2391 2371 2477 2425 ἵνα
2515 2374 2589 2444 μὴ
2621 2371 2887 2441 ἐκϐάλητέ
2934 2388 3002 2443 με
3048 2374 3112 2426 ἐκ
3133 2373 3231 2441 τῆς
3264 2372 3498 2434 διανοίας
3524 2371 3699 2441 ὑμῶν,

2134 2464 2268 2535 μηδέ
2311 2463 2722 2533 διασαλευθῆτε,
2783 2464 2877 2518 καὶ
2906 2463 3214 2536 ταραχθῆτε
3266 2465 3374 2518 ἀπὸ
3402 2462 3502 2533 τῆς
3552 2466 3699 2535 ἐντῇ

2131 2557 2239 2625 ἐμῇ
2266 2556 2457 2628 ἀγάπη
2490 2556 2905 2626 σταθερότητος,
2953 2557 3070 2610 ἀλλ’
3103 2555 3420 2628 είρηνεύητε
3448 2558 3505 2610 ἐν
3538 2554 3698 2625 ἐμοί’

2130 2648 2399 2714 τουτέστι,
2425 2646 2641 2718 Μένητε
2670 2648 2977 2717 άκλόνητοι,
3033 2647 3466 2719 παραδεχόμενοι
3499 2646 3574 2709 ὡς
3606 2663 3701 2700 πιο

2134 2739 2257 2802 στὰ,
2310 2740 2410 2792 ὅσα
2443 2734 2598 2792 εἷπον
2651 2740 2795 2809 ὑμῖν.
2856 2739 3123 2793 ’Δκουέτω
3154 2738 3210 2791 δὲ
3232 2739 3326 2791 καὶ
3350 2739 3583 2807 Ἀρειος,
3615 2738 3700 2792 ὅτι

2129 2832 2304 2885 ταῦτα
2335 2830 2513 2884 πάντα
2551 2829 2619 2884 τὰ
2645 2830 2893 2896 ταπεινά,
2940 2831 3032 2883 καὶ
3068 2830 3263 2895 ἀνάξια
3315 2829 3574 2882 δοκοῦντα
3600 2828 3703 2897 τῆς

2129 2923 2224 2975 τοῦ
2249 2922 2379 2975 Υίοῦ
2404 2922 2583 2991 δόξης,
2614 2923 2703 2977 διὰ
2751 2924 2879 2987 τοὺς
2910 2923 3186 2994 ἀκροατὰς
3224 2923 3459 2994 είρηται,
3482 2922 3581 2991 οὐχ
3613 2922 3704 2975 Iw.

2130 3015 2293 3085 ἡμεῖς
2322 3014 2456 3085 πρὸς
2476 3015 2542 3068 τὰ
2563 3014 2808 3084 δόγματα
2827 3014 3033 3078 τούτοις
3052 3014 3332 3085 χρώμεθα.
3372 3012 3701 3083 Ἐλὲχθησαν

2131 3110 2238 3179 γάρ
2271 3110 2383 3169 τοῖς
2408 3107 2730 3169 ἀποστόλοις
2748 3107 2885 3178 πρὸς
2904 3107 3271 3179 παρηγορίαν,
3289 3107 3364 3170 ὼς
3397 3104 3701 3159 ἐνδεικτικα

2281 3199 2449 3253 αὐτοῦ
2504 3199 2642 3270 πρὸς
2692 3200 2890 3263 αὐτοὺς
2937 3200 3180 3269 ἀγάπης.
3234 3216 3253 3251 ι
3297 3199 3385 3253 Ἑν
3413 3198 3488 3269 τῷ
3511 3198 3700 3266 κόσμῳ

2133 3292 2309 3363 θλίψιν
2332 3291 2500 3355 ἕξετε.
2540 3311 2557 3342 ι
2584 3291 2659 3345 Οὐ
2689 3290 2851 3361 μέχρι
2876 3291 2983 3344 τῶν
3004 3290 3297 3362 ῥηθέντων,
3333 3290 3485 3359 φησὶ,
3511 3288 3702 3343 δεινῶν

2133 3386 2318 3455 στήσω
2346 3384 2475 3454 ὑμῖν
2504 3386 2631 3446 τοὺς
2662 3384 3018 3454 πειρασμοὺς,
3050 3383 3163 3437 ἀλλ’
3192 3385 3297 3447 ἕως
3327 3384 3393 3438 ἂν
3420 3380 3517 3454 ἦτε
3537 3385 3594 3438 ἐν
3619 3382 3701 3454 τῷ

2132 3476 2343 3545 κόσμῳ,
2384 3492 2403 3527 ι
2435 3474 2613 3545 θλῖψιν
2672 3472 2844 3540 ⁹ἐξετε,
2885 3492 2903 3526 ι
2951 3475 3013 3527 οὑ
3044 3474 3161 3538 νῦν,
3194 3477 3282 3528 ὅτε
3314 3476 3699 3544 παραδίδομαι,

2131 3565 2267 3618 ἀλλὰ
2314 3568 2409 3620 καὶ
2459 3567 2597 3637 μετὰ
2627 3565 2821 3620 ταῦτα’
2859 3566 2974 3619 ἀλλ’
3009 3566 3293 3636 ἀντίστητε
3326 3567 3402 3636 τῷ
3430 3566 3699 3636 λογισμῷ·

2137 3677 2155 3710 ι
2195 3663 2455 3729 Θαρσεῖτε
2495 3660 2622 3730 γὰρ,
2664 3659 2746 3712 ὅτι
2804 3658 2915 3726 ἐγὼ
2941 3659 3201 3729 νενίκηκα
3247 3660 3338 3712 τὸν
3395 3660 3633 3724 κόσμον*
3673 3678 3694 3711 ι

2131 3751 2265 3820 ἐμοῦ
2283 3752 2338 3805 δέ
2362 3753 2705 3823 νικήσαντος,
2725 3754 2786 3806 οὐ
2803 3753 2884 3806 δεῖ
2906 3754 3032 3817 τοὺς
3058 3755 3306 3825 μαθητὰς
3333 3755 3474 3824 ὑμᾶς
3490 3755 3700 3820 ἀλύειν,

2129 3843 2265 3897 ἀλλᾶ
2292 3846 2652 3914 καταφρονεῖν
2673 3844 2838 3898 αὑτοῦ
2864 3845 2940 3908 ὡς
2961 3849 3335 3916 νενικημένου.
3369 3847 3492 3909 Πῶς
3528 3847 3583 3900 δὲ
3608 3864 3702 3898 νε-

2131 3939 2323 4007 νίκηκε
2357 3937 2448 3991 τὸν
2492 3939 2739 4009 κόσμον;
2792 3939 2896 3992 Τδν
2930 3939 3167 4009 ἄρχοντα
3207 3940 3315 3993 τῶν
3364 3939 3458 3994 τοῦ
3493 3941 3700 4007 κόσμου

2133 4028 2322 4080 παθῶν
2349 4028 2781 4092 καταπαλαίσας.
2819 4028 2981 4081 Ἀλλὰ
3017 4028 3125 4099 μὴν
3151 4029 3245 4082 καὶ
3277 4028 3386 4083 ἀπὸ
3418 4029 3524 4081 τῶν
3562 4026 3700 4096 μετὰ

2130 4119 2303 4172 ταῦτα
2330 4121 2506 4188 δῆλον.
2538 4121 2722 4174 Πάντα
2744 4120 2851 4190 γάρ
2871 4120 3019 4191 αὐτῷ
3041 4122 3415 4191 ὑπετάγησαν,
3448 4121 3540 4174 καὶ
3562 4136 3701 4187 τταρ⁸

2128 4207 2434 4278 ἐχώρησαν.
2486 4211 2697 4282 Ὥσπερ
2724 4207 2816 4264 οῦν
2841 4210 2934 4264 τοῦ
2971 4209 3143 4280 Ἀδὰμ
3169 4210 3512 4281 ἡττηθέντος,
3550 4211 3699 4262 πᾶσα

2129 4302 2162 4370 ἡ
2195 4299 2358 4368 φύσις
2410 4301 2708 4371 κατεκρίθη
2730 4318 2743 4331 ·
2770 4302 2914 4355 οὕτω
2963 4302 3057 4355 τοῦ
3088 4303 3325 4370 Χριστοῦ
3355 4304 3697 4371 νικήσαντος,

2128 4393 2208 4454 είς
2243 4394 2421 4444 πᾶσαν
2455 4390 2553 4453 τὴν
2581 4391 2740 4461 φύσιν
2771 4394 2802 4461 ἡ
2827 4393 2951 4463 νίκη
2973 4392 3317 4460 διαϐἐὸηκεν,
3348 4394 3442 4446 καὶ
3470 4393 3703 4462 δύναμις

2130 4484 2289 4553 ἡμῶν
2342 4482 2606 4552 ἐχαρίσθη
2660 4486 2718 4536 ἐν
2744 4483 2963 4553 Χριστῷ
3023 4482 3221 4549 Ἰησοῦ,
3274 4486 3465 4537 πατεῖν
3515 4484 3703 4536 ἐπάνω

450 4591 720 4645 hominem
792 4594 934 4646 enim
1007 4592 1231 4647 intravit
1282 4608 1447 4657 mors,
1504 4602 1559 4647 el.
1606 4608 1705 4662 per
1758 4594 2026 4649 hominem

2132 4573 2309 4643 ὖφεων
2346 4574 2439 4626 καὶ
2469 4573 2766 4643 σκορπίων,
2825 4574 2922 4626 καὶ
2954 4574 3047 4627 ἐπὶ
3102 4575 3285 4626 πᾶσαν
3335 4574 3435 4643 τὴν
3469 4571 3703 4643 δὺναμιν

455 4682 562 4736 vita
591 4684 659 4747 ⁷⁸,
726 4693 779 4738 et
826 4684 1110 4754 imperium
1152 4695 1339 4739 eontra
1370 4686 1661 4739 diabolum.
1692 4683 1821 4738 Nam
1860 4685 1903 4739 si
1930 4700 2029 4738 nu-

447 4772 550 4828 dus
583 4772 725 4828 Deus
751 4773 988 4840 vicisset,
1013 4773 1148 4827 nihil
1174 4783 1475 4843 spectasset
1510 4776 1574 4828 aJ
1606 4790 1728 4830 nos.

1007 5058 1238 5116 CAPUT
1293 5058 1458 5114 XVII.

562 5153 748 5208 Oran’o
774 5152 899 5207 Jesu
928 5170 1023 5223 pro
1050 5154 1190 5206 datis
1223 5154 1322 5206 sibi
1353 5169 1385 5205 α
1411 5151 1568 5207 Patre
1619 5153 1913 5222 discipulis.

521 5336 688 5394 Vens.
724 5337 835 5392 1-5.
877 5354 896 5388 ι
934 5334 1056 5391 llaec
1080 5334 1291 5390 locutus
1338 5344 1421 5389 est
1458 5333 1617 5389 lesus
1645 5376 1659 5399 ,
1691 5347 1745 5389 et
1796 5335 2021 5391 sublatis

446 5432 624 5488 oculis
685 5430 738 5484 itt
796 5430 1013 5493 cmlum,
1072 5427 1463 5492 dixitzPater,
1522 5428 1667 5481 venit
1720 5427 1874 5493 hora,
1905 5428 2021 5495 glo-

448 5525 599 5579 rilica
648 5521 839 5576 Filium
872 5530 1040 5585 tuum,
1089 5530 1146 5574 nt
1175 5530 1229 5576 et
1268 5519 1437 5574 Filius
1469 5529 1589 5573 tuus
1630 5518 1891 5588 gloriﬁcet
1928 5529 2019 5573 te:

449 5616 591 5671 sicut
640 5611 833 5665 dedisti
881 5613 928 5665 ei
981 5618 1296 5679 pote-Staten:
1329 5609 1505 5662 omnis
1547 5606 1749 5672 carnis,
1778 5615 1835 5661 ut
1862 5621 2024 5662 omne

447 5707 593 5781 quod
630 5704 825 5760 dedisti
861 5705 931 5770 ei,
968 5703 1057 5759 det
1096 5703 1176 5758 eis
1224 5702 1391 5756 vitam
1441 5710 1719 5754 aeternam.
1774 5698 1894 5754 Ha‘c
1939 5710 2024 5754 est

527 5863 578 5899 "
607 5864 798 5921 Matth.
839 5860 1112 5931 ιινιιΑὸ.
1192 5860 1239 5894 ’⁸
1266 5859 1285 5916 l
1311 5856 1435 5915 Cor.
1462 5875 1549 5923 xv,
1578 5856 1667 5910 2|.

2134 4665 2229 4720 τοῦ
2259 4666 2475 4736 ἐχθροῦ.
2506 4667 2587 4719 Δι’
2612 4666 2901 4736 ἀνθρώπου
2936 4668 3044 4738 γὰρ
3084 4666 3334 4737 εἰσῆλθεν
3387 4670 3418 4721 ό
3449 4666 3702 4731 θάνατος,

2133 4758 2227 4810 καὶ
2246 4758 2313 4810 δι’
2344 4757 2687 4829 ἀνθρώπουη
2736 4757 2874 4827 ζωὴ,
2923 4763 3015 4814 καὶ
3044 4761 3105 4814 τὸ
3145 4760 3288 4814 κατᾶ
3324 4758 3418 4814 τοῦ
3453 4758 3702 4813 διαὸόλου

2131 4850 2351 4919 κράτος.
2390 4851 2453 4903 Ei
2502 4850 2612 4920 γὰρ
2658 4850 2813 4919 ψιλὸς
2858 4851 2989 4915 Θεὸς
3031 4853 3303 4924 ἐνίκησεν,
3353 4854 3508 4907 οὐδὲν
3537 4854 3604 4907 ἂν
3632 4848 3705 4923 ἦν

2131 4941 2270 5012 πρὸς
2299 4944 2465 5012 ἡμᾶς.

2700 5054 2951 5111 ΚΕΦΑΛ.
2990 5057 3089 5111 1Ζ’.

2127 5145 2265 5214 Περὶ
2293 5145 2408 5218 τῆς.
2428 5145 2776 5218 προσευχῆς
2797 5146 2901 5200 τοῦ
2938 5148 3133 5218 Ἰησοῦ
3154 5148 3312 5218 πρὸς
3340 5150 3449 5202 τὸν
3468 5150 3705 5218 Πατέρα

2301 5216 2454 5285 ὑπὲρ
2487 5215 2605 5269 τῶν
2630 5216 2963 5284 δεδομένων
2991 5216 3182 5282 ἐαυτῷ
3213 5218 3515 5286 μαθητῶν.

2204 5350 2222 5379 ι
2249 5327 2434 5381 Ταῦτα
2461 5328 2719 5395 ἐλάλησεν
2742 5329 2769 5380 ὁ
2796 5326 3019 5397 Ἰησοῦς,
3037 5331 3130 5383 καὶ
3151 5331 3323 5401 ἐπῆρε
3351 5334 3476 5392 τοὺς
3496 5332 3708 5400 ὀφθαλ-

2132 5421 2267 5489 μοὺς
2298 5419 2459 5472 αὑτοῦ
2505 5420 2584 5481 εἰς
2620 5420 2711 5472 τὸν
2748 5420 2998 5490 οὐρανὸν,
3030 5422 3125 5474 καὶ
3156 5416 3309 5475 εἷπε⁸
3343 5423 3546 5492 Πάτερ,
3575 5424 3707 5493 ἐλή-

2127 5511 2286 5563 λυθεν
2316 5512 2348 5581 ὴ
2381 5510 2500 5580 ὥρα
2522 5526 2535 5541 ⁸
2566 5509 2788 5574 δόξασόν
2819 5527 2912 5563 σου
2940 5511 3032 5565 τὸν
3070 5511 3217 5578 Υίὸν,
3253 5512 3338 5565 ῖνα
3379 5514 3473 5565 καὶ
3517 5515 3545 5565 ό
3576 5513 3708 5577 Υίός

2129 5621 2227 5657 σου
2252 5602 2448 5672 δοξάσῃ
2486 5618 2566 5665 σε,
2592 5599 2773 5663 καθὼς
2813 5602 3018 5667 ἔδωκας
3043 5604 3191 5673 αὑτῷ
3233 5605 3484 5672 ἐξουσίαν
3517 5608 3709 5676 πάσης

2128 5694 2326 5765 σαρκὸς
2354 5711 2368 5725 ο
2407 5694 2493 5747 ἵνα
2517 5694 2624 5745 πᾶν
2651 5692 2681 5745 δ
2711 5692 2947 5759 δέδωκας
2970 5695 3137 5764 αὐτῷ,
3162 5695 3310 5771 eam
3338 5698 3524 5763 αὐτοῖς
3554 5698 3712 5771 ζωὴν
