4056 6570
297 350 391 412 ΞΞῦ

870 345 1312 407 ENARRATIO
1357 347 1434 408 [Ν
1468 345 1965 408 EVANGELIUM
2003 343 2246 405 JOANN
2257 346 2344 406 IS.
2378 369 2446 385 ’-
2481 346 2636 406 CAP.
2708 346 2894 408 XVII.

3449 349 3559 415 226

301 463 544 517 αἰώνιον-
575 456 718 528 Δῦτη
749 455 804 509 δέ
827 458 974 508 ἐστιν
999 459 1032 526 ὴ
1060 456 1274 518 αἰώνιος
1300 456 1432 528 ζωὴ,
1455 457 1542 508 ἵνα
1567 455 1879 525 γινώσκωσί

1986 461 2166 506 autem
2219 455 2326 507 vita
2363 463 2582 518 aeterna,
2616 463 2673 509 nt
2723 464 3051 523 cognoscant
3083 463 3136 511 te
3190 457 3361 512 solum
3391 458 3557 514 Deum

315 571 373 607 σε
398 555 484 606 τὸν
521 552 682 622 μόνον
708 549 960 617 ἀληθινὸν
991 549 1146 613 Θεὸν,
1189 551 1283 602 καὶ
1321 551 1380 602 ὃν
1417 549 1745 612 ἀπέστειλας
1769 551 1876 616 Ἰη-

315 645 437 698 σοῦν
468 643 716 714 Χριστόν.
765 659 784 692 ›
821 641 1005 693 Εἰπὼν
1047 645 1160 704 τοῖς
1191 643 1482 710 μαθηταῖς,
1511 642 1594 693 ὅτι
1630 659 1647 691 ι
1684 640 1874 709 Θ).ἰψιν

310 736 479 800 ἒξετε,
520 755 536 787 ι
568 735 660 787 καὶ
710 732 1044 802 παραινέσας
1097 733 1282 795 αὐτοῖς
1318 733 1563 803 θαρσεῖν,
1618 733 1873 802 ἀνίστησι

309 826 470 879 πάλιν
511 825 598 878 διὰ
627 825 727 892 τῆς
774 823 962 892 εὐχῆς,
1000 823 1272 876 παιδεύων
1301 826 1450 892 ἡμᾶς
1502 827 1558 878 ὲν
1617 828 1729 886 τοῖς
1757 841 1874 876 πει-

311 919 558 987 ρασμοῖς,
612 915 789 968 πάντα
835 916 1121 984 ἀφιέντας,
1165 916 1259 968 ἐπὶ
1302 919 1392 968 τὸν
1423 915 1557 967 Θεὸν
1596 915 1876 984 καταφεύο

306 1026 442 1076 γειν.
476 1008 681 1069 Ἀλλως
703 1025 762 1060 τε
782 1025 796 1039 ⁸
831 1008 965 1060 Οὐδὲ
1011 1008 1145 1077 εὐχὴ
1174 1007 1234 1060 τὸ
1265 1008 1495 1076 πρᾶγμά
1521 1009 1690 1072 ἐστιν,
1739 1008 1874 1062 ἀλλὰ

305 1098 540 1163 διάλεξις
589 1100 724 1168 πρὸς
781 1099 869 1150 τον
904 1097 1140 1167 Πατέρα.
1189 1098 1252 1148 Εἰ
1281 1097 1338 1149 δὲ
1365 1096 1600 1167 ἀλλαχοῦ
1631 1095 1873 1167 εῠχεται,

305 1194 397 1246 καὶ
427 1192 522 1243 ἐπὶ
551 1191 752 1258 γόνατα
779 1191 1111 1260 κάμπτεται,
1136 1190 1210 1261 μὴ
1239 1191 1545 1262 θαυμάσῃς.
1572 1186 1878 1262 ἾΙλθεςγάρ

305 1289 333 1341 ὁ
359 1286 595 1358 Χριστὸς
650 1287 723 1357 μὴ
757 1287 916 1356 μόνον
949 1287 1136 1338 ἑαυτὸν
1196 1286 1545 1356 φανερώσων,
1605 1287 1739 1340 ἀλλὰ
1782 1289 1876 1340 καὶ

305 1380 505 1450 ἀρετὴν
535 1380 714 1432 πᾶσαν
753 1377 1084 1431 παιδεύσων·
1111 1377 1200 1431 τὸν
1225 1377 1657 1442 δὲ’παιδεύοντα,
1699 1381 1760 1432 ού
1790 1381 1877 1434 διὰ

307 1474 568 1542 ῥημάτων
605 1472 787 1542 μόνον,
815 1471 952 1524 ἀλλὰ
979 1473 1073 1524 καλ.
1099 1471 1186 1525 διὰ
1209 1473 1549 1542 πραγμάτων
1599 1473 1876 1526 παιδεύειν

305 1573 427 1638 χρὴ.
463 1569 648 1634 Δεῖξαι
679 1568 734 1619 ἑὲ
789 1568 977 1633 θέλων,
1013 1569 1093 1622 ὅτι
1124 1571 1221 1622 οὐκ
1253 1571 1420 1634 ἄκων,
1464 1569 1578 1622 ἀλλ’
1612 1570 1752 1622 ἑκὼν
1787 1571 1879 1623 ἐπὶ

304 1660 362 1711 τὸ
401 1660 576 1722 πάθος
603 1659 842 1729 ἔρχεται,
871 1661 1034 1729 φησί·
1067 1679 1085 1710 ι
1128 1661 1328 1729 Πάτερ,
1362 1661 1668 1731 ἐλήλυθενὴ
1701 1661 1870 1730 ὥρα.»

316 1751 446 1804 Ἰδοὺ
487 1751 599 1822 γάρ
643 1752 718 1814 ὠς
772 1752 1048 1805 ἀσπαστὸν
1078 1751 1236 1804 τοῦτο
1266 1753 1440 1830 ποθεζ,
1481 1755 1572 1805 καὶ
1619 1753 1778 1819 δόξαν
1817 1753 1876 1806 τὸ

1978 559 2187 608 verum,
2222 555 2276 598 et
2315 561 2474 614 quem
2529 547 2722 600 misisti
2785 545 2968 600 .lesum
3012 547 3310 602 Christum.
3359 568 3384 602 ο
3422 552 3555 606 Cum

1977 636 2204 690 dixisset
2246 636 2552 706 discipulis,
2589 653 2608 688 ι
2667 636 3026 692 Aliiictiouem
3088 641 3382 707 habebitis,
3448 661 3466 694 ι
3503 653 3558 696 et

1975 727 2044 782 ad
2097 729 2350 782 ﬁduciam
2403 732 2722 782 exhortatus
2782 741 2926 784 esset
2976 749 2988 784 :
3040 732 3231 786 iterum
3275 749 3368 788 eos
3400 736 3560 806 erigit

1975 835 2072 889 per
2111 836 2321 890 preces,
2383 821 2635 874 erudiens
2679 835 2775 873 nos
2812 821 2862 874 in
2919 825 3324 890 tentatiouihus,
3358 827 3560 880 relictis

1976 912 2247 975 oumibus,
2303 912 2371 965 ad
2424 912 2590 964 Deum
2653 913 2945 980 confugere
3001 913 3217 969 debere.
3256 917 3322 970 Ει
3351 917 3555 972 aliter:

1975 1003 2093 1057 Non
2138 1003 2226 1058 hic
2277 1004 2451 1058 oratio
2505 1013 2608 1066 est,
2669 1004 2760 1056 sed
2819 1003 3140 1074 colloquium
3188 1023 3308 1059 eum
3367 1009 3552 1066 Patre.

1977 1094 2128 1159 Quod
2169 1103 2346 1150 autem
2394 1095 2499 1147 alio
2559 1096 2678 1149 loco
2733 1107 2872 1160 orat,
2909 1105 2963 1150 et
3025 1112 3196 1166 genua
3245 1099 3435 1166 tlectit,
3489 1115 3559 1156 ne

1979 1188 2218 1244 mireris.
2278 1181 2436 1241 Venit
2489 1187 2632 1240 enim
2691 1187 2935 1242 Christus
2977 1203 3081 1243 non
3107 1189 3278 1244 solum
3320 1193 3557 1261 seipsum

1981 1279 2444 1344 manifestalurus,
2481 1280 2575 1334 sed
2611 1295 2826 1334 omnem
2861 1282 3112 1333 virtutem
3145 1283 3432 1351 docturus;
3463 1283 3562 1337 do-

1979 1382 2189 1424 centem
2230 1382 2433 1432 autem,
2472 1389 2576 1426 non
2610 1382 2817 1426 tantum
2851 1376 3050 1440 verbis,
3088 1377 3261 1429 sedet
3305 1377 3560 1446 operibus

1979 1462 2178 1516 docere
2220 1472 2452 1531 oportet.
2517 1461 2814 1519 Ostendere
2855 1475 3032 1519 autem
3077 1466 3260 1521 volens
3285 1469 3425 1536 quod
3456 1484 3561 1522 non

1981 1555 2204 1617 invitus,
2253 1556 2346 1609 sed
2397 1571 2490 1609 sua
2546 1566 2737 1625 sponte
2767 1560 2832 1610 ad
2858 1557 3167 1613 Passionem
3210 1559 3564 1624 accedat,di-

1979 1647 2096 1699 cit:
2140 1664 2157 1696 ι
2193 1643 2378 1708 Pater,
2412 1647 2558 1700 venit
2608 1649 2758 1701 hora.
2801 1667 2818 1699 ι
2859 1649 2994 1704 Ecce
3023 1650 3166 1704 enim
3224 1659 3282 1704 ut
3326 1652 3564 1721 Optabile

1987 1738 2089 1790 hoc
2140 1738 2430 1803 desiderat,
2473 1746 2526 1792 et
2567 1738 2791 1808 gloriam
2818 1748 2990 1802 vocat,
3021 1757 3126 1794 non
3152 1756 3304 1794 suam
3331 1751 3562 1807 tantum,

307 1845 540 1912 πρᾶγμα
577 1843 752 1907 καλεῖ,
785 1845 882 1896 οὐκ
907 1845 1114 1896 οἰκείαν
1137 1845 1324 1914 μόνην,
1356 1844 1488 1897 ἀλλὰ
1519 1846 1730 1898 καὶτοῦ
1766 1847 1878 1898 Πα-

1983 1826 2076 1879 sed
2099 1837 2151 1879 et
2183 1825 2360 1881 Patris
2396 1829 2574 1896 :quod
2599 1838 2651 1881 et
2693 1828 2889 1881 factum
2923 1842 3026 1885 est.
3051 1828 3164 1883 Non
3204 1832 3348 1885 enim
3394 1832 3564 1886 Filius

305 1937 457 2003 τρὸς·
490 1934 520 1986 ὃ
557 1935 652 1987 καὶ
673 1935 918 2002 γέγονεν.
954 1937 1028 1987 Οὐ
1059 1935 1165 2005 γάρ
1192 1937 1220 1988 ὁ
1251 1936 1374 1998 Υἱὸς
1417 1937 1597 2005 μόνος,
1630 1937 1764 1989 ἀλλὰ
1787 1939 1880 1990 καὶ

305 2027 332 2078 ὁ
361 2026 547 2096 Πατὴρ
573 2025 856 2094 ἐδοξάσθη.
914 2026 1026 2097 Πρὸ
1063 2027 1318 2098 μὲν“γάρ
1371 2028 1464 2081 τοῦ
1497 2031 1729 2098 σταυροῦ
1759 2029 1880 2082 οὐδὲ

317 2120 560 2173 Ἰουδαῖοι
586 2121 750 2173 αὑτὸν
771 2120 967 2191 ᾔδεσαν
987 2120 1032 2190 (ι
1075 2121 1288 2190 Ἰσραὴλ
1318 2122 1426 2190 γάρ
1456 2139 1522 2190 με
1551 2124 1650 2175 οὐκ
1681 2123 1871 2190 ἔγνω,ι

307 2214 491 2281 φησιν
531 2212 675 2282 μετὰ
708 2212 764 2264 δὲ
796 2211 885 2263 τὸν
910 2212 1140 2282 σταυρὸν
1163 2214 1194 2284 ἡ
1217 2215 1510 2282 οἰκουμένη
1543 2217 1691 2266 πᾶσα
1734 2215 1882 2284 αὐτῷ

307 2305 679 2373 προσέδραμε.
709 2302 958 2356 Δείκνυσι
989 2303 1044 2355 δὲ
1069 2303 1152 2364 τίς
1184 2305 1330 2356 ἐστιν
1359 2306 1392 2372 ἠ
1442 2305 1568 2368 δόξα
1618 2305 1782 2358 αὑτοῦ
1821 2323 1879 2358 τε

307 2401 396 2452 καὶ
427 2398 520 2450 τοῦ
575 2397 808 2468 Πατρός.
841 2397 913 2450 Τὸ
944 2395 1255 2460 πιστεῦσαι,
1282 2397 1434 2466 φησι,
1466 2399 1644 2449 πᾶσαν
1679 2398 1878 2467 σάρκα,

307 2491 399 2544 καὶ
447 2489 898 2561 εὐεργετηθῆναι,
949 2489 1105 2542 τοῦτὸ
1155 2490 1273 2541 ἐστι
1321 2488 1446 2555 δόξα
1475 2488 1632 2542 Θεοῦ.
1664 2489 1736 2541 Οὐ
1773 2490 1880 2559 γὰρ

307 2586 379 2647 εἰς
416 2583 709 2644 Ἰουδαίους
740 2583 932 2652 μόνους
955 2584 988 2652 ἡ
1019 2582 1175 2653 χάρις
1207 2583 1621 2649 συσταλήσεται,
1646 2581 1762 2634 ἀλλ’
1802 2584 1880 2644 εἰς

306 2679 401 2745 τὴν
451 2675 786 2745 οἰκουμένην
836 2675 1216 2744 ὲκταθήσεται.
1276 2671 1409 2727 Εἷπε
1455 2675 1512 2728 δὲ
1567 2674 1746 2734 τοῦτο,
1801 2676 1880 2728 ὅτι

309 2767 494 2837 ἔμελλε
526 2768 773 2836 πέμπειν
802 2765 999 2829 αὐτοὺς
1023 2769 1102 2829 εἰς
1130 2768 1198 2819 τά
1234 2767 1384 2834 ἔθνη.
1417 2768 1527 2837 μ”1ν’
1567 2763 1660 2821 οῦν
1694 2767 1766 2837 μὴ
1795 2785 1881 2820 νο-

313 2859 506 2929 μίσωσι
540 2859 895 2927 καινοτομίαν
925 2853 1062 2911 εἶναι
1107 2857 1287 2924 τοῦτο,
1320 2857 1415 2911 καὶ
1469 2858 1766 2929 ἀϐούλητον
1804 2857 1881 2928 τῷ

312 2951 504 3020 Πατρὶ,
536 2950 832 3012 δείκνυσιν,
867 2950 949 3002 ὅτι
971 2949 1076 3001 ὑπὸ
1103 2947 1194 3000 τοῦ
1244 2948 1454 3018 Πατρδς
1489 2948 1698 3002 δέδοται
1732 2947 1880 3018 αὐτῷ

311 3045 448 3098 κατά
478 3046 669 3113 πάσης
701 3043 900 3113 σαρκὸς
929 3041 1169 3108 ἐξουσία.
1229 3041 1342 3111 Πρὸ
1365 3039 1555 3094 τούτου
1587 3041 1645 3093 δὲ
1695 3040 1879 3108 ἔλεγεν

311 3139 488 3201 αὐτοῖς
511 3154 526 3169 ο
563 3155 583 3188 α
633 3137 724 3199 Et;
757 3135 873 3189 ὁδὸν
896 3135 1064 3188 έθνῶν
1101 3132 1176 3205 μὴ
1198 3133 1489 3202 ἀπέλθητε.
1530 3153 1548 3186 ›
1581 3135 1644 3186 Τί
1671 3134 1724 3186 δέ
1762 3136 1879 3186 ἐστι

310 3233 389 3298 τὸ,
429 3250 448 3284 ι
489 3230 681 3294 Πάσης
709 3227 944 3298 σαρκ6;;
988 3247 1006 3280 ι
1039 3226 1100 3280 ού
1132 3229 1240 3298 γὰρ
1277 3227 1341 3296 δὴ
1374 3227 1575 3289 πάντες
1628 3225 1878 3279 ἐπίστευ-

315 3341 428 3377 σαν.
455 3325 560 3376 Καὶ
593 3321 702 3393 μὴν
727 3321 754 3373 ὁ
777 3319 1032 3390 Χριστὸς,
1060 3320 1120 3372 τὸ
1143 3318 1336 3372 ἑαυτοῦ
1368 3319 1554 3390 μέρος,
1583 3318 1880 3384 ἐσπούδαζε

315 3419 516 3480 πάντας
546 3419 631 3479 είς
664 3417 845 3468 πίστιν
871 3412 1279 3482 ὑπαγαγέσθαι·
1311 3413 1438 3465 εἰδὲ
1474 3411 1547 3482 μὴ
1580 3412 1881 3484 προσέσχον

314 3505 524 3568 ἐκείνοι,
550 3505 617 3556 οὑ
642 3502 733 3555 τοῦ
760 3502 1098 3566 διδάσκοντος
1117 3501 1178 3555 τὸ
1198 3501 1363 3573 έγκλη
1374 3519 1470 3572 μα,
1499 3502 1636 3556 ἀλλά
1659 3501 1768 3554 τῶν
1805 3503 1879 3571 μὴ

315 3596 639 3665 δεχομένων.
679 3595 847 3647 Ὅταν
871 3594 926 3657 δὲ
964 3594 1201 3662 ἀκούσῃς
1228 3593 1309 3658 τὸ,
1349 3613 1367 3645 ι
1406 3595 1675 3659 Δέδωκας,
1713 3614 1731 3646 ι
1762 3595 1877 3658 καὶ,

322 3703 340 3735 ι
369 3686 625 3749 Ἕλαόον,
658 3704 676 3736 ι
719 3687 809 3737 καὶ
849 3685 911 3737 τὰ
943 3685 1191 3751 τοιαῦτα,
1220 3686 1706 3754 συγκαταϐατικῶς
1729 3689 1881 3758 εἰρῆ-

321 3776 436 3830 σθαι
466 3777 606 3842 νόει,
637 3776 712 3840 ὡς
740 3777 996 3846 μυριάκις
1029 3777 1276 3846 εἴπομεν.
1323 3777 1609 3830 Φυλάττων
1654 3779 1761 3846 γὰρ
1795 3779 1882 3832 ἀεὶ

317 3868 373 3921 τὸ
405 3871 567 3932 αὐτός
616 3885 668 3921 τι
699 3871 824 3937 περὶ
858 3867 1023 3922 αὐτοῦ
1050 3868 1229 3937 λέγειν
1261 3868 1422 3939 μέγα,
1458 3869 1880 3936 συγκαταϐαίνει

317 3965 380 4031 τῇ
406 3960 664 4030 ἀσθενείᾳ
691 3961 798 4015 τῶν
827 3960 1111 4030 ἀκροατῶν
1131 3978 1145 3993 ο
1195 3963 1291 4014 καὶ
1344 3961 1530 4031 ἐπειδὴ
1561 3960 1880 4014 ἐσκανδαλί-

319 4055 483 4118 ζοντο,
515 4055 731 4121 μεγάλα
758 4053 883 4123 περὶ
914 4051 1078 4106 αὑτοῦ
1105 4053 1412 4116 ἀκούοντες,
1443 4054 1511 4104 τά
1537 4054 1671 4115 τέως
1698 4054 1882 4115 αὐτοῖς

317 4149 532 4217 χωρητά
567 4146 866 4215 φθέγγεται
889 4160 902 4174 '
943 4144 1134 4213 ὥσπερ
1167 4147 1260 4198 καὶ
1289 4147 1471 4215 ἡμεῖς,
1498 4149 1608 4207 τοῖς
1646 4146 1880 4209 παιδίοις

316 4238 705 4308 διαλεγόμενοι,
768 4237 861 4291 καὶ
891 4237 980 4290 τὸν
1013 4237 1177 4307 ἀρτον
1215 4236 1384 4301 οὓτως
1416 4238 1756 4308 ὀνομάζομεν
1803 4239 1880 4301 ὡς

317 4330 512 4395 ἐκεῖνα,
538 4331 637 4382 καὶ
659 4331 721 4382 τὸ
749 4329 914 4400 ὕδωρ,
941 4330 1034 4384 καὶ
1057 4328 1240 4391 ἁπλῶς
1268 4330 1314 4382 1'
1339 4328 1476 4382 illa
1508 4331 1707 4384 πάντα.
1724 4330 1878 4383 Ἐπεὶ

317 4421 435 4474 ὅταν
463 4423 490 4473 ὁ
513 4421 906 4490 εὐαγγελιστὴς
927 4423 1054 4491 περὶ
1089 4419 1184 4472 τοῦ
1219 4419 1423 4490 Κυρίου
1454 4420 1613 4490 λέγῃ,
1647 4420 1878 4474 ἄκουσον

317 4514 366 4565 τί
394 4531 556 4584 φησι*
599 4534 617 4566 ι
655 4515 836 4570 Πάντα
857 4515 922 4568 δι’
953 4515 1116 4568 αὐτοῦ
1149 4515 1384 4581 ἐγένετο·
1438 4531 1454 4565 ι
1509 4515 1625 4580 καὶ,
1667 4533 1684 4565 ι
1722 4516 1876 4568 Ὀσοι

319 4607 500 4660 ἔλαϐον
554 4608 739 4674 αὑτὸν,
793 4607 993 4660 ἔδωκεν
1041 4607 1222 4669 αὐτοῖς
1279 4606 1526 4672 ἐξουσίαν
1549 4608 1713 4662 τέκνα
1745 4607 1878 4660 Θεοῦ

319 4699 585 4764 γενέσθαι.
621 4718 639 4750 ι
680 4701 739 4752 Ὀ
769 4701 976 4770 ἑτέροις
994 4699 1191 4766 διδοὺς,
1217 4700 1332 4763 πῶς
1364 4701 1526 4764 αὐτὸς
1553 4700 1758 4771 ταύτην
1782 4702 1881 4754 οὐκ

321 4787 474 4861 εἶχεν,
502 4793 621 4846 ἀλλ’
643 4793 910 4864 ἐλάμϐανε
937 4795 1088 4866 παρὰ
1117 4794 1210 4846 τοῦ
1245 4795 1490 4865 Πατρός;
1527 4796 1760 4848 Ἔπειτα
1791 4795 1884 4846 καὶ

321 4905 545 4960 ἐνταῦθα
583 4909 769 4971 ἐντοῖς
793 4907 1012 4961 δοκοῦσι
1069 4907 1274 4970 τούτοις
1320 4912 1598 4972 ταπεινοῖς
1649 4911 1881 4980 ῥήμασι,

321 4999 770 5066 παραπέπλεκταί
826 5017 879 5054 τι
923 5001 1015 5053 καὶ
1066 5001 1287 5071 ὑψηλόν.
1352 5019 1370 5052 ι
1409 5002 1522 5054 Ἵνα
1561 5001 1688 5071 γὰρ,
1727 5003 1883 5070 φησὶ,

322 5092 422 5142 πᾶν
482 5091 511 5144 ὃ
562 5092 796 5155 δέδωκας
830 5091 999 5162 αὐτῷ,
1029 5111 1047 5143 ι
1087 5093 1244 5146 τοῦτο
1272 5093 1369 5162 τῆς
1401 5095 1882 5164 συγκαταὸάσεως’

330 5197 346 5229 ι
375 5181 514 5252 δώσῃ
543 5183 724 5245 αὐτοῖς
754 5183 898 5254 ζωὴν
923 5185 1141 5236 αἰώνιον
1165 5222 1179 5247 ,
1219 5203 1238 5234 ›
1295 5185 1450 5238 τοῦτο
1493 5187 1594 5256 τῆς
1641 5186 1890 5252 ἐξουσίας

321 5273 407 5324 τοῦ
435 5275 766 5343 Μονογενοῦς
828 5278 920 5329 καὶ
951 5276 1048 5346 τῆς
1071 5276 1341 5348 θεότητος.
1392 5278 1529 5332 Θεοῦ
1578 5280 1708 5350 γὰρ,
1735 5279 1793 5332 τὸ
1816 5280 1894 5333 διο

325 5361 463 5417 δόναι
486 5364 650 5438 ζωὴν,
685 5369 779 5420 καὶ
810 5369 1014 5440 ταύτην
1041 5368 1281 5425 αἰώνιον.
1307 5388 1324 5421 ι
1363 5372 1537 5426 Μόνον
1565 5372 1620 5425 δὲ
1637 5373 1887 5442 ἀληθινὸν

327 5452 450 5507 Θεὸν
484 5475 501 5508 ι
565 5456 683 5512 εἷπε
717 5462 806 5514 τον
865 5463 1101 5535 Πατέρα,
1156 5465 1292 5534 πρὸς
1323 5465 1727 5536 ἀντιδιαστολὴν
1781 5467 1887 5520 τῶν

327 5537 680 5617 ψευδωνύμων
707 5550 838 5620 παρ’
870 5551 1097 5622 Ἕλλησι
1119 5553 1274 5616 θεῶν,
1308 5555 1369 5609 οὐ
1405 5557 1512 5626 γάρ
1539 5556 1602 5626 δὴ
1638 5557 1887 5626 χωρίζων

327 5630 509 5687 ἑαυτὸν
552 5639 642 5692 τοῦ
689 5642 913 5712 Πατρδς,
951 5645 1164 5713 ἀπάγει
1217 5648 1327 5700 Καὶ
1377 5647 1538 5709 αὐτὸς
1565 5650 1673 5718 γὰρ
1703 5649 1730 5701 ὁ
1762 5649 1888 5712 Υἱὸς

415 5812 455 5846 ⁷³
492 5811 587 5871 lsa.
620 5835 656 5884 ι,
684 5820 734 5874 5.
811 5821 856 5853 ⁶⁰
887 5821 1074 5880 Matth.
1116 5841 1166 5893 ιι,
1200 5826 1250 5880 ὕ.

1982 1919 2149 1985 solus,
2191 1920 2284 1973 sed
2313 1930 2365 1974 et
2407 1921 2570 1973 Pater
2595 1921 2927 1990 glorilicatus
2955 1933 3054 1974 est.
3095 1922 3228 1976 Nam
3284 1933 3409 1979 ante
3440 1940 3565 1979 cru-

1979 2023 2093 2062 cem
2126 2010 2338 2077 quidem
2368 2025 2545 2081 neque
2570 2010 2738 2064 .luda-i
2760 2012 2930 2080 ipsum
2971 2015 3242 2069 sciverunt
3280 2033 3294 2071 :
3347 2013 3565 2072 olsrael

1979 2100 2120 2153 enim
2176 2115 2261 2154 me
2317 2116 2419 2156 non
2476 2104 2814 2170 cognovit",
2847 2122 2864 2152 ι
2929 2103 3102 2170 inquit
3138 2122 3150 2156 :
3182 2115 3301 2172 post
3351 2122 3566 2161 crucem

1979 2202 2158 2244 autem
2203 2201 2347 2246 totus
2388 2193 2534 2244 orbis
2565 2194 2629 2246 ad
2655 2209 2773 2247 eum
2803 2195 3076 2250 coxilluxit.
3105 2196 3350 2251 Ostendit
3385 2210 3565 2252 autem

1978 2297 2097 2349 qua:
2131 2283 2200 2336 sit
2229 2282 2399 2352 gloria
2437 2283 2552 2352 ejus
2584 2296 2636 2337 et
2667 2285 3158 2349 Patris:Credere,
3191 2287 3385 2356 inquit,
3446 2304 3568 2342 om-

1985 2389 2106 2427 nem
2160 2390 2401 2438 Carnem,
2445 2384 2495 2428 et
2531 2376 2792 2431 beneﬁcia
2832 2380 3092 2448 experiri,
3126 2381 3296 2448 gloria
3341 2381 3429 2434 Dei
3461 2391 3564 2438 est.

1982 2464 2096 2518 Non
2147 2468 2290 2520 enim
2342 2467 2406 2521 ad
2448 2467 2660 2522 JlldﬂlOS
2690 2470 2833 2524 solos
2871 2471 3043 2536 gratia
3076 2475 3439 2538 contrahitur,
3467 2474 3566 2528 sed
3617 2483 3626 2494 '

1983 2556 2036 2608 iu
2073 2567 2238 2610 totum
2265 2560 2448 2610 orbem
2501 2561 2830 2614 extenditur.
2868 2560 3011 2614 Dixit
3053 2572 3228 2615 autem
3271 2563 3394 2629 hoc,
3427 2580 3566 2634 quo~

1981 2648 2124 2699 niam
2192 2649 2456 2702 missurus
2514 2661 2629 2704 erat
2687 2650 2807 2705 illos
2866 2653 3153 2732 ingentes.
3192 2652 3258 2708 Ut
3314 2655 3474 2724 igitur
3501 2672 3567 2711 ne

1983 2747 2169 2804 putent
2205 2738 2492 2790 novitatem
2524 2753 2664 2802 esse,
2702 2748 2755 2792 et
2778 2750 2969 2807 printer
3002 2741 3336 2794 voluntatem
3363 2742 3562 2808 Patris,

1983 2827 2182 2881 indicat
2241 2844 2270 2881 a
2317 2826 2477 2882 Patre
2510 2829 2610 2882 sibi
2647 2829 2825 2882 datam
2873 2843 3188 2900 potestatem
3225 2835 3403 2887 omnis
3441 2850 3566 2888 car~

1988 2919 2091 2971 nis.
2123 2917 2252 2970 Nam
2297 2929 2422 2972 ante
2455 2920 2661 2975 dicebat
2701 2921 2780 2976 eis
2819 2937 2833 2974 :
2883 2941 2900 2972 ι
2945 2922 2998 2976 lu
3033 2925 3170 2978 viam
3207 2927 3446 2993 gentium
3500 2942 3569 2987 uo

1982 3010 2224 3064 abieritis
2256 3011 2324 3066 "°.
2363 3029 2381 3062 ι
2417 3011 2553 3077 Quid
2591 3012 2751 3082 727
2784 3026 2962 3066 autem
2993 3023 3099 3079 cst,
3154 3034 3171 3066 ι
3217 3016 3408 3072 Omnis
3447 3033 3568 3072 car-

1983 3101 2116 3154 nis?
2146 3119 2165 3153 »
2202 3117 2324 3155 nam
2361 3118 2466 3156 non
2514 3118 2701 3156 omnes
2747 3106 3112 3160 crediderunt.
3156 3107 3221 3162 Et
3247 3124 3377 3163 sane
3419 3107 3572 3164 Chriq

1911 3195 1955 3253 Β
1989 3201 2127 3257 stus,
2166 3203 2426 3263 quantum
2451 3194 2518 3248 ad
2555 3209 2612 3248 se
2633 3195 2914 3260 attinebat,
2948 3211 3134 3252 omnes
3180 3202 3244 3251 ad
3277 3198 3435 3255 ﬁdem
3479 3203 3571 3254 ad.

1983 3283 2178 3339 ducere
2212 3287 2435 3340 curabat
2466 3305 2479 3339 :
2508 3285 2651 3356 quod
2681 3296 2862 3341 autem
2915 3288 2988 3341 illi
3035 3305 3139 3342 non
3193 3291 3561 3354 attenderunt,

1982 3391 2089 3430 non
2154 3376 2418 3443 docentis,
2464 3379 2558 3432 sed
2595 3393 2698 3433 non
2753 3380 3162 3449 suscipientium
3223 3386 3427 3440 crimen
3462 3395 3566 3443 εει.

1983 3465 2206 3538 Quando
2233 3470 2682 3537 autemaudieris,
2722 3488 2741 3524 ι
2774 3471 2994 3536 Dedisti,
3042 3490 3061 3524 ι
3093 3481 3146 3525 et
3189 3490 3206 3522 ι
3230 3472 3478 3541 Accepi,»
3513 3485 3569 3530 et

1985 3558 2212 3622 similia,
2243 3559 2481 3628 iulellige
2507 3576 2568 3615 ea
2597 3563 2733 3615 dicta
2765 3576 2885 3617 esse
2912 3564 2976 3615 ad
2999 3563 3300 3618 auditorum
3329 3573 3566 3634 captum,

1983 3649 2284 3715 sicutsmpe
2309 3651 2567 3704 diximus.
2597 3652 2827 3720 Semper
2854 3652 2994 3705 enim
3027 3661 3178 3705 cavet
3213 3669 3280 3706 ne
3305 3655 3368 3706 de
3392 3656 3571 3723 δεῖρςο

1985 3755 2176 3809 magna
2217 3741 2379 3806 dicat,
2415 3751 2469 3794 et
2522 3757 2580 3795 se
2614 3751 2940 3812 attemperat
2994 3742 3297 3798 infirmitati
3349 3747 3564 3800 audito-

1987 3844 2124 3882 rum.
2156 3828 2221 3882 Et
2251 3831 2377 3898 q'uia
2406 3829 2823 3885 oﬂ'endehautur
2845 3848 3034 3902 magna
3068 3833 3133 3886 de
3165 3849 3229 3888 eo
3261 3835 3568 3899 audientes,

1982 3921 2219 3991 loquitur
2268 3925 2332 3978 de
2387 3925 2469 3979 his
2499 3942 2726 3994 quorum
2759 3942 2986 3998 capaces
3015 3937 3139 3982 sunt
3175 3945 3188 3982 :
3221 3930 3360 3982 sicut
3389 3940 3441 3982 et
3470 3945 3570 3990 nes

1985 4030 2124 4084 saepe
2171 4032 2290 4069 cum
2325 4018 2504 4086 pueris
2539 4019 2828 4086 loquimur,
2880 4031 2933 4073 et
2965 4035 3153 4088 panem
3202 4022 3274 4073 ita
3315 4024 3569 4088 nomina-

1984 4120 2103 4158 mus
2151 4115 2208 4158 ut
2255 4106 2348 4168 illi,
2408 4117 2463 4161 et
2505 4123 2726 4176 aquam,
2773 4119 2824 4162 et
2862 4109 2914 4162 in
2941 4125 3148 4163 summa
3186 4112 3388 4165 omnia.
3428 4109 3562 4164 Nam

1981 4197 2195 4264 quando
2251 4200 2576 4266 evangelista
2631 4199 2697 4254 de
2759 4199 2986 4254 Domino
3043 4201 3220 4265 dicit,
3276 4201 3398 4255 audi
3449 4217 3570 4270 qua:

1982 4288 2158 4343 dicat:
2191 4287 2408 4343 «Omnia
2434 4306 2530 4358 per
2556 4290 2724 4358 ipsum
2752 4289 2892 4344 facta
2924 4304 3048 4346 sunt
3069 4293 3114 4324 ⁸⁸
3146 4309 3158 4345 :
3196 4310 3216 4344 ι
3246 4304 3318 4357 et,
3351 4311 3369 4343 ι
3403 4293 3570 4358 Quot.

1981 4389 2111 4446 quot
2134 4391 2447 4446 receperunt
2471 4395 2616 4445 eum,
2656 4381 2803 4434 dedit
2837 4382 2914 4434 eis
2942 4391 3259 4450 potestatem
3301 4382 3438 4441 ﬁlios
3461 4381 3561 4440 Dei

1983 4471 2096 4524 ﬁeri
2118 4472 2182 4524 θ’.
2224 4492 2242 4524 ›
2276 4473 2374 4539 Qui
2404 4473 2522 4526 aliis
2553 4475 2662 4536 dat,
2689 4477 2954 4541 quomodo
2987 4475 3098 4542 ipse
3123 4482 3437 4543 potestatem
3462 4489 3568 4535 non

1910 4552 1957 4608 D
1986 4561 2170 4628 habet,
2195 4567 2285 4618 sed
2310 4564 2552 4632 aeeipita
2586 4563 2791 4619 Patre?
2818 4563 3038 4634 Insuper
3061 4575 3116 4620 et
3145 4565 3229 4619 hic
3260 4567 3308 4619 in
3335 4566 3418 4620 his
3449 4581 3568 4621 ver-

1992 4653 2073 4706 bis
2102 4669 2221 4724 quae
2270 4657 2517 4709 videntur
2559 4655 2804 4721 humilia,
2851 4658 3112 4713 asseritur
3147 4657 3376 4711 sublime
3405 4659 3564 4727 quid-

1991 4741 2135 4796 dam.
2169 4742 2327 4809 Nam,
2361 4753 2418 4798 ut
2459 4746 2608 4812 dicit,
2647 4762 2667 4799 ι
2702 4746 2874 4802 Omne
2915 4751 3057 4817 quod
3086 4748 3278 4802 dedisti
3307 4750 3378 4811 ei,
3409 4767 3442 4814 )_
3464 4749 3566 4803 hoc

1992 4849 2087 4901 per
2133 4836 2648 4890 comlescensionem
2705 4848 2788 4898 est
2823 4838 3022 4895 dictum
3063 4855 3075 4890 :
3127 4858 3144 4890 ι
3175 4839 3271 4892 Det
3293 4840 3371 4893 eis
3403 4841 3566 4892 vitam

1991 4934 2292 4988 aeternam,
2337 4944 2356 4977 ›
2396 4927 2495 4981 hoc
2554 4936 2874 4997 potestatem
2933 4929 3133 4983 indicat
3191 4927 3460 4998 Uuigeniti
3516 4935 3571 4984 et

1993 5015 2231 5071 deitatis.
2271 5015 2362 5072 Dei
2391 5019 2532 5073 enim
2563 5028 2644 5074 est
2672 5021 2802 5075 dare
2825 5021 3010 5085 vitam,
3035 5035 3263 5088 eamque
3289 5031 3566 5075 aeternam.

1999 5125 2017 5159 ι
2057 5107 2239 5162 Solqu
2281 5121 2460 5164 autem
2497 5125 2680 5166 verum
2707 5112 2870 5166 Deum
2910 5131 2929 5163 ι
2965 5111 3100 5166 dixit
3133 5109 3370 5175 Patrem,
3395 5124 3565 5179 oppo-

1994 5197 2172 5251 uendo
2231 5213 2352 5252 eum
2408 5201 2779 5268 mendacibus,
2831 5203 2920 5271 qui
2945 5203 3084 5271 apud
3125 5201 3351 5277 gentiles
3385 5193 3574 5266 erant,

1995 5287 2118 5341 diis.
2170 5287 2285 5342 Non
2338 5290 2480 5343 enim
2539 5291 2774 5360 seipsum
2822 5307 2850 5344 a
2885 5291 3044 5344 Patre
3097 5299 3332 5360 separat.
3365 5291 3562 5346 Absit!

1988 5377 2120 5433 Nam
2179 5395 2300 5436 cum
2351 5383 2424 5436 sit
2450 5398 2608 5438 verus
2655 5382 2844 5450 Filius,
2878 5399 2981 5436 non
3012 5384 3114 5437 erit
3144 5383 3371 5437 mendax
3399 5379 3575 5452 Deus,

1989 5472 2081 5525 sed
2140 5486 2302 5527 verus
2340 5489 2355 5527 ε
2388 5473 2528 5529 sicut
2583 5474 2671 5529 hic
2724 5475 3054 5542 evangelista
3118 5475 3183 5529 de
3238 5476 3464 5532 Domino
3512 5479 3575 5554 iu‘

1991 5561 2230 5632 Epistola
2292 5579 2388 5619 sua
2441 5565 2708 5619 catholica
2755 5567 2953 5634 inquit,
3036 5585 3052 5617 ι
3085 5565 3246 5623 Jesus
3292 5568 3566 5633 Christus,

1991 5653 2078 5708 hic
2109 5665 2194 5709 est
2229 5669 2384 5709 verus
2407 5654 2572 5719 Deus,
2601 5665 2654 5711 et
2679 5657 2786 5710 vita
2817 5667 3019 5711 aeterna
3044 5660 3146 5714 ⁸³.»
3191 5659 3247 5715 Si
3278 5673 3454 5716 autem
3485 5675 3573 5720 ur-

1328 5827 1371 5860 ⁸¹
1401 5827 1553 5884 Joan.
1593 5845 1628 5896 ι,
1663 5829 1714 5884 3.
1794 5831 1838 5864 “
1873 5829 2007 5890 Ibid.
2039 5832 2123 5887 l2.
2200 5833 2246 5865 ⁸³
2281 5831 2298 5886 ι
2334 5832 2490 5888 Joau.
2520 5851 2572 5890 ι’.
2603 5834 2691 5890 20.
