4056 6588
393 345 501 409 227
530 364 535 373 ‘
1312 340 1896 406 THEOPHYLACTI
1933 338 2342 401 BULGARIE
2379 339 2733 399 ARCHIEP.
3529 333 3637 399 2'23

392 467 555 530 geant
599 456 837 514 haeretici
890 454 1087 513 faisum
1140 469 1265 512 esse
1314 456 1481 511 Dcum
1527 456 1700 524 ipsum
1758 454 1974 514 Filium,

2106 451 2335 522 ὶὶηθινὸς
2360 450 2457 516 ὢν,
2491 452 2594 504 οὐκ
2624 451 2690 503 ἂν
2718 449 2804 520 εἴη
2831 448 2964 513 Θεὸς
2991 448 3208 520 ψευίὴ·,
3235 448 3350 502 ἀλλ’
3375 448 3626 520 ἀληθινός
3645 460 3663 477 ⁹

395 551 524 619 quia
548 549 707 604 Pater
733 551 880 605 solus
913 549 1090 605 dictus
1118 549 1187 605 sit
1217 562 1379 603 verus
1414 548 1574 613 Deus,
1601 547 1813 601 discant
1837 544 1987 615 quod

2106 543 2273 614 ὓστιερ
2299 542 2462 605 αὐτὸς
2490 536 2645 604 οὗτος
2673 543 2702 595 6
2726 542 3123 612 εὐαγγελιστὴς
3151 541 3283 611 περὶ
3326 540 3420 595 τοῦ
3456 542 3667 612 Κυρίου

399 647 486 701 hic
517 645 587 700 de
618 644 750 699 Filio
796 646 1131 714 evangelista
1163 644 1301 699 dicat
1333 660 1346 697 :
1392 643 1545 697 «Erat
1571 642 1658 696 lux
1697 656 1820 695 vera
1844 640 1912 692 ⁸³.
1957 658 1978 691 ι

2106 652 2142 684 ιν
2164 636 2229 703 τῇ
2263 633 2524 704 καθολικῇ
2548 632 2715 688 αὑτοῦ
2759 633 3043 705 Ἐπιστολῇ
3071 649 3255 705 φησιν,
3286 633 3368 686 ὅτι
3400 651 3423 684 τ
3457 632 3666 704 Ἰησοῦς

395 733 562 804 Igitur
581 733 877 789 secundum
903 750 999 789 cos
1031 736 1190 788 Pater
1219 744 1303 789 est
1332 735 1423 788 lux
1456 732 1590 787 falsa
1621 751 1635 795 ;
1666 732 1759 787 sed
1797 732 1939 785 absit
1968 748 1982 784 :

2106 726 2335 795 (ριστὸς,
2374 717 2530 789 οὗτός
2561 728 2709 781 ἐστιν
2742 724 2996 795 ἀληθινὸς
3047 725 3200 790 Θεὸς,
3237 725 3333 779 καὶ
3388 724 3503 795 ζωὴ
3531 724 3665 778 αίὼ-

397 836 453 878 et
482 824 554 877 ita
587 825 799 891 quando
842 839 1030 879 verum
1078 824 1246 878 Deum
1289 825 1419 879 dicit
1441 823 1680 887 Putrem,
1709 822 1857 876 {uisis
1884 822 1987 875 diis

2106 835 2215 881 ιιος.
2256 836 2276 871 ι
2313 818 2456 871 Είδὲ
2502 817 2808 871 ἐνίστανται
2863 817 2913 869 oi
2969 817 3259 886 αἱρετικοὶ,
3306 816 3477 887 ψευδῆ
3527 811 3669 871 εἶναι

396 917 674 987 gentilium
706 917 997 986 opponitur
1022 917 1205 972 asicut
1238 924 1293 971 et
1336 916 1457 979 hoc,
1499 933 1518 967 ι
1581 914 1820 969 Gloriam
1865 928 1984 982 qute

2106 909 2223 964 θεὸν
2257 910 2345 963 τὸν
2370 910 2516 973 Υίὸν,
2543 910 2729 978 ἐπειδὴ
2756 910 2784 961 6
2816 908 3005 979 Πατὴρ
3033 910 3248 980 εἴρηται
3285 910 3445 979 μόνος
3479 907 3670 977 ἀληθιν-

314 1023 326 1034 ·
397 1023 427 1063 a
468 1008 583 1063 solo
631 1008 741 1061 Deo
776 1019 862 1064 est
892 1023 994 1063 non
1030 1010 1295 1077 quaeritis.
1338 1028 1355 1059 ι
1399 1008 1523 1063 liam
1556 1009 1701 1061 enim
1737 1006 1789 1060 in
1819 1019 1982 1061 sensu

2106 1003 2181 1065 δὸς
2209 1002 2360 1065 Θεὸς,
2401 1002 2843 1071 μανθανέτωσαν,
2875 1001 2957 1054 ὃτι
2996 1001 3241 1071 περὶτοῦ
3284 1001 3414 1055 Υίοῦ
3445 1018 3609 1070 φησιν
3639 1002 3671 1059 6

401 1100 776 1155 haereticorum
828 1100 1148 1169 intelligere,
1198 1115 1391 1170 nempe
1442 1102 1607 1170 quod,
1670 1114 1792 1152 cum
1841 1097 1988 1154 Deus

2106 1095 2253 1159 ιὺτὸς
2278 1095 2668 1164 εὐαγγελιστὴς
2695 1094 2887 1158 οὕτως,
2919 1096 2998 1148 ὅτι
3029 1115 3048 1147 ι
3075 1090 3187 1147 Ἦν
3212 1095 3272 1148 τὸ
3295 1095 3410 1164 φῶς
3450 1094 3512 1148 τὸ
3537 1093 3675 1165 ἀλη-

398 1194 549 1248 solus
584 1194 761 1247 dictus
787 1194 860 1248 sit
887 1192 1069 1259 Pater,
1100 1193 1334 1251 minime
1362 1193 1502 1248 Deus
1537 1194 1606 1248 sit
1632 1191 1824 1258 Filius,
1858 1188 1988 1244 illud

2106 1187 2267 1244 θινόν.
2295 1205 2314 1239 ι
2356 1186 2499 1256 Ἀρα
2527 1187 2659 1254 γοῦν
2690 1194 2811 1239 κατ’
2835 1187 3032 1250 αὐτοὺς
3053 1186 3081 1240 6
3109 1188 3301 1258 Πατὴρ
3330 1186 3523 1257 ψευδές
3554 1189 3672 1247 ἐστι

399 1288 624 1342 omnino
655 1284 818 1340 fuerit
838 1287 1158 1341 absurdum.

2106 1282 2209 1351 ρῶς
2231 1299 2243 1311 ·
2271 1282 2387 1335 ἀλλ’
2413 1282 2593 1349 ἄπαγε
2617 1283 2630 1335 !
2660 1282 2820 1334 Ὥστε
2840 1282 2933 1335 καὶ
2958 1281 3086 1336 ὅταν
3112 1282 3365 1353 ἀληθινὸν
3384 1282 3517 1335 Θεὸν
3537 1280 3674 1353 λέγῃ

400 1378 491 1431 τὸν
561 1378 804 1447 Πατέρα,
864 1377 1000 1448 πρὸς
1025 1379 1148 1442 τοὺς
1178 1376 1392 1446 ψευδεῖς
1418 1375 1574 1438 θεοὺς
1640 1374 1770 1446 παρ’
1822 1373 2050 1443 Ἕλλησι
2092 1372 2280 1426 τοῦτον
2316 1372 2768 1426 ἀντιδιαστέλλων
2825 1371 3009 1440 λέγει·
3062 1372 3252 1444 ὥσπερ
3302 1370 3395 1427 οὖν
3445 1374 3537 1427 καὶ
3589 1374 3668 1435 τὸ,

407 1489 426 1522 ι
465 1472 507 1523 Τ
512 1472 575 1540 ὴν
610 1470 767 1535 δόξαν
800 1470 898 1540 τὴν
935 1469 1086 1541 παρά
1116 1470 1210 1523 τοῦ
1243 1470 1408 1541 μόνου
1472 1468 1609 1523 Θεοῦ
1671 1469 1731 1522 οὐ
1763 1468 2041 1539 ζητεῖτε.»
2093 1466 2181 1528 Ὠς
2211 1468 2321 1536 γὰρ
2348 1468 2397 1519 οἱ
2427 1466 2698 1539 «ipsum!
2728 1466 2911 1522 νοοῦυι
2936 1467 3145 1534 λοιπὸν,
3182 1468 3309 1521 ἐπεὶ
3346 1468 3506 1538 μόνος
3533 1468 3665 1533 Θεὸς

401 1568 435 1619 6
456 1564 664 1635 Πατὴρ,
721 1564 750 1616 6
779 1562 906 1626 Υἱὸς
935 1562 992 1615 δὲ
1018 1560 1139 1614 οὐδὲ
1161 1561 1298 1623 ὅλως
1353 1559 1473 1618 ἐστὶ
1496 1559 1650 1625 Θεὸς,
1679 1559 1848 1623 ὅντως
1864 1560 2069 1627 ἀνόητα
2098 1556 2272 1610 ταίτα
2305 1556 2439 1625 (57).

477 1658 641 1714 Vens.
701 1656 832 1712 4-6.
871 1674 890 1709 ι
939 1655 1048 1726 Ego
1081 1667 1132 1711 te
1186 1656 1484 1727 gicrilicavi
1537 1671 1701 1726 super
1747 1665 1973 1710 terram.

2155 1674 2174 1706 ‹
2214 1652 2359 1722 Ἐγὼ
2381 1669 2441 1706 σε
2469 1652 2696 1719 ἐδόξασα
2717 1651 2811 1705 ἐπὶ
2839 1652 2938 1724 τῆς
2958 1652 3083 1722 γῆς·
3109 1651 3170 1705 τὸ
3198 1651 3359 1721 ἔργον
3380 1651 3673 1705 ἐτελείωσα

405 1768 542 1822 opus
593 1750 964 1806 consummavi
1007 1748 1148 1819 quod
1198 1747 1391 1812 dedisti
1441 1749 1567 1802 mihi
1610 1757 1667 1801 ut
1699 1746 1932 1821 facerem
1972 1764 1986 1801 :

405 1857 461 1900 et
513 1859 654 1899 nunc
688 1841 927 1909 gloriﬁca
977 1857 1083 1907 me,
1117 1839 1297 1905 Pater,
1338 1841 1479 1911 apud
1508 1840 1848 1908 temetipsum
1878 1839 1994 1910 glo-

408 1939 489 1994 ria
536 1951 699 2007 quam
741 1936 903 1989 habui
960 1934 1273 2003 priusquam
1301 1932 1389 1986 hic
1420 1933 1652 1986 mundus
1677 1940 1820 1984 esset
1849 1930 1992 1999 apud

408 2042 482 2085 te.
535 2027 874 2084 Manifestavi
928 2042 1124 2083 nomen
1189 2037 1334 2081 tuum
1389 2024 1714 2080 hominibus.
1778 2043 1799 2076 ι
1840 2024 1994 2078 Disce

409 2125 515 2178 hoc
558 2122 676 2177 loco
729 2123 1000 2189 quomodo
1034 2119 1295 2190 gloriﬁcet
1350 2117 1513 2172 Pater
1549 2117 1747 2171 Filium
1772 2157 1787 2181 ,
1814 2116 1996 2184 utique

410 2216 551 2270 sicut
577 2227 629 2269 et
659 2212 1059 2282 Filiusl’atrem
1098 2229 1112 2266 :
1155 2229 1173 2264 ι
1206 2210 1318 2282 Ego
1355 2221 1426 2277 te,
1462 2210 1659 2280 inquit,
1700 2209 1994 2280 glorilicavi

407 2322 575 2378 super
615 2316 835 2362 terram.
880 2304 1132 2360 r‘Merito
1163 2305 1386 2369 addidit,
1427 2319 1621 2375 «super
1653 2314 1912 2360 terram.»
1939 2304 1995 2359 In

406 2399 563 2456 caelis
596 2401 741 2453 cnim
788 2399 1122 2469 glorilicatus
1148 2408 1285 2464 erat,
1314 2405 1367 2452 et
1409 2398 1476 2452 ab
1533 2396 1739 2467 angelis
1801 2398 1996 2452 adora-

411 2492 599 2558 batur;
640 2501 786 2546 terra
835 2499 1012 2546 autem
1042 2491 1323 2560 ignorabat
1379 2506 1523 2545 eum.
1556 2490 1726 2560 Igitur
1755 2490 1878 2560 quia
1904 2488 1996 2544 Fio

412 2585 516 2641 lius
567 2586 905 2641 annuntiavit
937 2600 1062 2640 eum
1088 2583 1358 2648 omnibus,
1403 2581 1525 2638 ideo
1557 2584 1729 2639 dicit:
1768 2602 1786 2635 ι
1819 2580 2001 2638 Glori-

415 2678 570 2734 licavi
607 2686 656 2732 te
702 2692 864 2746 super
891 2686 1089 2731 terram
1123 2692 1143 2728 ι
1181 2689 1419 2737 omnem,
1457 2674 1644 2729 notitia
1683 2673 1774 2729 Dei
1830 2675 2000 2729 disse-

413 2771 640 2831 minata,
675 2776 729 2822 et
762 2766 999 2837 perfecto
1038 2779 1199 2837 opere
1240 2783 1260 2817 ι
1316 2765 1458 2835 quod
1512 2764 1706 2820 dedisti
1760 2764 1913 2819 mihi.
1973 2781 1993 2815 ι

412 2858 530 2915 Hoc
576 2860 718 2915 enim
746 2873 881 2930 opus
914 2865 999 2913 est
1030 2857 1421 2913 incarnationis
1471 2854 1768 2927 Unigeniti,
1797 2855 2001 2911 sancti-

414 2953 579 3014 βασι-θ
608 2959 853 3006 naturam
902 2959 1168 3017 nostram,
1228 2957 1282 3005 et
1332 2958 1677 3027 prosternere
1736 2957 1997 3004 rectorem

2098 1746 2125 1798 ὃ
2155 1744 2394 1808 δέδωκάς
2429 1760 2520 1814 μοι
2553 1744 2641 1825 ’ίνα
2692 1745 2924 1814 ποιήσω.
2962 1745 3072 1798 Καὶ
3100 1742 3196 1797 νῦν
3221 1743 3444 1808 δόξασόν
3474 1761 3540 1815 με
3582 1746 3670 1809 σὺ,

2099 1837 2301 1907 Πάτερ,
2336 1838 2491 1908 παρά
2526 1837 2743 1907 σεαυτῷ
2781 1840 2848 1909 τῇ
2876 1837 3024 1911 δόξῃ,
3061 1832 3095 1913 ᾖ
3130 1834 3294 1908 εἶχον,
3329 1838 3434 1907 πρὸ
3463 1837 3557 1891 τοῦ
3583 1838 3676 1898 τὸν

2098 1930 2303 1999 κόσμον
2350 1924 2512 1992 εἶναι,
2562 1929 2712 1999 παρά
2749 1928 2853 1984 σοι.
2903 1929 3257 2001 Ἐφανέρωσά
3299 1945 3391 1981 σου
3414 1928 3474 1982 τὸ
3503 1928 3677 1999 δνομα

2096 2024 2207 2076 τοῖς
2240 2021 2567 2092 ἀνθρώποις.
2628 2039 2646 2072 ι
2677 2020 2933 2075 Μάνθανε
2961 2020 3235 2083 ἐντεῦθεν,
3263 2019 3379 2091 πῶς
3406 2020 3617 2086 δοξάζει
3646 2021 3675 2074 6

2100 2113 2290 2183 Πατὴρ
2319 2115 2410 2166 τὸν
2442 2113 2572 2169 Υίόν
2590 2129 2605 2143 ·
2636 2113 2856 2176 πάντως
2884 2112 3015 2183 γὰρ,
3050 2111 3246 2177 οὕτως,
3270 2113 3345 2175 ὡς
3373 2113 3470 2167 καὶ
3495 2114 3524 2166 6
3548 2113 3678 2176 Υἱὸς

2097 2208 2190 2258 τὶν
2218 2205 2460 2277 Πατέρα.
2492 2226 2511 2257 ι
2562 2203 2705 2273 Ἐγώ
2728 2221 2806 2270 σε,
2831 2205 3017 2274 φησὶν,
3044 2203 3270 2269 ἐδόξασα
3293 2205 3384 2257 ἐπὶ
3403 2204 3500 2273 τῆς
3515 2205 3673 2274 γῆς.ι

2099 2298 2340 2361 Εἰκότως
2372 2298 2680 2368 προσέθηκε
2707 2297 2790 2364 τὸ,
2828 2315 2848 2349 ι
2887 2298 3014 2353 Ἐπὶ
3036 2297 3136 2369 τῆς
3159 2296 3284 2366 γῆς.
3316 2316 3335 2349 ι
3393 2297 3482 2350 Ἐν
3508 2298 3679 2369 οὐρα.»
3726 2309 3771 2335 ι·

2099 2392 2209 2452 νοίς
2238 2390 2347 2461 γὰρ
2369 2389 2752 2460 δεδοξασμένος
2790 2385 2881 2461 ἦν,
2942 2388 3049 2447 ὑπὸ
3076 2389 3183 2442 τῶν
3228 2389 3480 2458 ἀγγέλων
3507 2406 3680 2460 προσ·-

2099 2483 2263 2537 κυνού
2273 2500 2433 2553 μενος
2460 2503 2472 2514 ·
2500 2485 2534 2553 ἡ
2563 2483 2619 2535 δὲ
2644 2482 2715 2552 γῆ
2745 2482 2929 2553 ἠγνόει
2954 2482 3142 2538 αὐτόν.
3187 2482 3339 2536 Ἐπεὶ
3375 2480 3470 2535 οὖν
3499 2482 3528 2535 6
3553 2481 3681 2544 Υἱὸς

2100 2576 2263 2629 αὑτὸν
2298 2575 2591 2645 ἀνήγγειλε
2622 2576 2808 2640 πᾶσιν,
2842 2593 2861 2627 ι
2904 2575 3162 2639 Ἐδόξασά
3193 2593 3276 2640 σε,
3310 2575 3496 2647 φησιν,
3529 2576 3619 2630 ἐπὶ
3654 2592 3675 2631 ι

2100 2668 2284 2739 πάσης
2309 2667 2438 2737 «τῆς
2454 2667 2616 2738 γῆς,ι
2641 2666 2971 2735 θεογνωσίαν
2992 2668 3451 2738 ἐγκατασπείρας.
3475 2668 3569 2722 καὶ
3587 2685 3682 2722 τε.

2100 2760 2333 2824 λειώσας
2370 2778 2389 2813 ι
2428 2759 2491 2813 τὸ
2521 2760 2702 2830 ἔργον,
2735 2760 2765 2814 δ
2790 2761 3030 2825 δέδωκάς
3069 2779 3180 2831 μοι.
3229 2781 3248 2814 ι
3286 2762 3459 2816 Τοῦτο
3485 2763 3593 2834 γὰρ
3617 2762 3681 2817 τὸ

2104 2852 2268 2923 ἔργον
2313 2852 2412 2922 τῆς
2472 2851 2566 2906 τοῦ
2599 2853 2936 2921 Μονογενοῦς
2984 2853 3331 2924 σαρκώσεως,
3366 2854 3427 2909 τὸ
3455 2854 3682 2924 ἁγιάσαι

2101 2944 2202 3016 τὴν
2237 2943 2401 3016 φύσιν
2432 2946 2611 3017 ἡμῶν,
2640 2948 2737 3001 καὶ
2764 2947 2856 3000 τὸν
2883 2947 3015 3019 πρὶν
3037 2947 3451 3019 θεοποιούμενον
3486 2965 3683 3019 κοσμο-

415 3046 622 3109 muudi,
652 3046 741 3113 qui
775 3060 833 3100 se
851 3045 999 3114 prius
1021 3044 1185 3100 Deum
1221 3042 1471 3107 faciebat,
1504 3050 1558 3098 et
1584 3042 1822 3097 inserere
1846 3055 1998 3096 crea-

2108 3037 2354 3110 κράτορα
2383 3038 2730 3107 κατασαλεϊν,
2757 3039 2852 3093 καὶ
2890 3039 3221 3109 θεογνωσίαν
3250 3041 3586 3112 ὲμφυτεῦσαι
3613 3044 3679 3114 τῇ

418 3150 552 3195 tura:
602 3139 768 3213 728
820 3138 1064 3194 notitiam
1099 3135 1214 3192 Dei.
1242 3137 1522 3205 Quomodo
1550 3145 1724 3190 autem
1752 3151 2005 3191 consum-

418 3234 587 3288 mavit
657 3236 787 3299 hoc,
867 3247 990 3287 cum
1053 3232 1290 3287 nondum
1338 3229 1644 3301 inceperit?
1715 3228 1866 3296 Quod
1936 3228 2005 3285 ad

419 3342 505 3382 me
560 3327 799 3393 attinet,
861 3324 1081 3395 inquit,
1154 3323 1544 3379 consummavi.
1597 3322 1695 3378 Vel
1742 3322 1866 3392 quia
1923 3319 2002 3377 fe-

415 3422 493 3477 cit
546 3418 691 3491 quod
733 3418 1025 3474 maximum
1098 3417 1364 3483 omnium,
1422 3425 1477 3471 et
1542 3418 1775 3471 radicem
1831 3416 2005 3470 bono-

420 3526 539 3566 rum
595 3509 838 3564 omnium
906 3508 1063 3564 nobis
1115 3507 1446 3571 substravit,
1511 3507 1753 3561 daemone
1812 3506 2004 3569 victo,

419 3614 474 3659 ct
530 3618 591 3660 se
643 3601 857 3671 objecto
914 3601 1284 3656 voracissima!
1324 3598 1510 3655 bestia:
1570 3599 1780 3652 morti:
1851 3598 2001 3653 radi-

392 3712 536 3752 'cem
595 3697 734 3752 hanc
804 3695 1116 3751 necessario
1174 3694 1416 3749 secuturi
1480 3702 1637 3748 erant
1687 3702 1741 3748 et
1792 3686 2007 3747 fruetus

420 3789 614 3845 divinae
645 3791 886 3844 notitiae:
926 3796 1143 3858 propter
1181 3786 1284 3843 hoc
1310 3788 1464 3853 dixit,
1495 3805 1514 3840 ι
1552 3785 1761 3842 Perfeci
1787 3801 1944 3856 Opus.
1977 3803 1997 3837 ι

422 3881 719 3946 Seminavi,
774 3881 971 3950 inquit,
1001 3879 1243 3934 radicem
1279 3881 1405 3950 plan
1422 3879 1552 3943 lavi,
1584 3879 1793 3934 fructus
1822 3887 2004 3933 autem

420 3985 735 4045 sequentur.
771 3989 790 4024 (
838 3971 1088 4027 Glorilica
1139 3971 1300 4041 igitur
1325 3988 1429 4038 me,
1452 3969 1631 4037 Pater,
1666 3980 1721 4026 et
1749 3982 1806 4026 tu
1863 3971 2006 4041 apud

424 4066 653 4133 teipsum
686 4062 855 4131 gloria
900 4077 1060 4132 quam
1097 4061 1362 4117 habebam
1416 4063 1558 4131 apud
1600 4070 1651 4115 te
1689 4063 2005 4132 priusquam

425 4158 656 4213 mundus
700 4154 1043 4219 subsisteret.
1105 4171 1125 4205 ι
1177 4152 1425 4208 Nondum
1479 4163 1659 4208 autem
1708 4153 2004 4225 glorilicuta

423 4262 542 4305 erat
571 4249 755 4303 carnis
787 4260 1006 4314 natura,
1038 4260 1220 4316 neque
1247 4245 1762 4316 incorruptibilitate
1790 4244 2008 4300 lrueba-

423 4330 535 4411 tur,
600 4357 778 4413 neque
809 4341 1015 4410 regium
1055 4338 1309 4392 thronum
1360 4346 1684 4406 acceperat:
1721 4345 2005 4405 propterea

423 4440 576 4502 dicit,
624 4454 642 4488 ι
683 4434 934 4491 Gloritica
967 4446 1097 4487 me:
1144 4447 1163 4481 ι
1199 4429 1304 4483 hoc
1358 4436 1467 4494 est,
1498 4430 1786 4482 humanam
1833 4442 2006 4481 meam

423 4543 696 4594 naturam,
740 4541 859 4597 qua:
900 4541 1039 4580 nunc
1072 4524 1124 4578 in
1167 4521 1482 4593 ignominia,
1524 4533 1752 4590 quaeque
1793 4517 2010 4575 cruciﬁ-

426 4626 622 4698 genda,
669 4631 723 4679 et
758 4619 999 4675 subvehe
1050 4630 1169 4670 eam
1200 4615 1254 4668 in
1309 4613 1535 4684 gloriam
1558 4626 1717 4680 quam
1746 4609 2008 4665 habebam

424 4717 566 4785 apud
610 4724 660 4767 te
711 4726 811 4780 ego
862 4707 1096 4764 Verbum
1152 4713 1206 4760 et
1245 4702 1415 4760 Filius
1444 4714 1586 4766 tuus,
1629 4720 1650 4754 ι
1696 4705 2009 4771 priusquam

425 4807 661 4864 mundus
676 4809 839 4859 esset.
866 4820 884 4854 ι
906 4798 1201 4856 Collocavit
1216 4796 1360 4852 enim
1382 4796 1671 4850 humanam
1692 4801 1936 4847 naturam
1959 4793 2008 4845 in

427 4903 624 4957 throno
669 4899 839 4963 regio,
869 4901 925 4948 et
990 4893 1249 4955 adoratur
1279 4900 1422 4941 nunc
1453 4884 1521 4939 ab
1567 4883 1713 4939 omni
1739 4891 2008 4937 creatura.

432 5011 451 5045 ι
492 4985 835 5045 blanilestavi
866 4998 1065 5038 nomen
1118 4992 1268 5034 tuum
1325 4977 1656 5032 hominibus.
1691 4993 1711 5028 ι
1750 4972 1906 5029 Nunc
1937 4974 2014 5028 in-

431 5085 760 5149 terpretatur
792 5074 919 5144 quid
960 5073 1052 5136 sit,
1086 5088 1106 5122 ι
1154 5067 1265 5137 Ego
1294 5064 1588 5136 gloriﬁcavi
1621 5078 1816 5118 nomen
1862 5072 2010 5116 tuum

428 5187 594 5243 super
623 5179 844 5234 terram,
887 5186 906 5218 ι
939 5166 1041 5219 hoc
1062 5170 1168 5226 est,
1226 5156 1567 5214 Manifestavi
1615 5170 1808 5210 nomen
1835 5162 2012 5209 tuum.

434 5265 713 5331 Quomodo
759 5260 922 5330 igitur
950 5252 1318 5311 Manifeslavit
1362 5248 1571 5303 Filius?
1606 5246 1815 5300 Etenim
1848 5245 2015 5301 Isaias

433 5370 648 5428 quoque
688 5353 817 5406 dicit
851 5366 865 5402 :
897 5368 915 5402 ι
954 5346 1252 5403 durandum
1283 5358 1379 5415 per
1402 5341 1572 5395 Deum
1636 5354 1821 5393 verum
1857 5338 1927 5392 ⁸⁵.
1986 5356 2007 5390 ι

435 5450 567 5516 Sed,
599 5445 739 5517 quod
774 5458 916 5514 sa'pe
952 5440 1208 5501 diximus,
1239 5435 1487 5507 quamvis
1524 5432 1866 5488 manifestum
1900 5429 2014 5487 fue-

503 5563 549 5595 ⁸⁸
574 5560 734 5616 Joan.
773 5574 813 5622 ι,
841 5556 893 5612 9.
971 5554 1018 5586 ⁸⁸
1048 5552 1154 5609 lsa.
1210 5567 1325 5618 xix,
1365 5551 1450 5606 18.

2108 3130 2305 3184 κτίσει.
2335 3130 2459 3194 Πῶς
2490 3130 2548 3184 δὲ
2578 3132 2893 3185 ἐτελείωσεν
2927 3133 3079 3199 αὐτὸ,
3120 3134 3299 3187 καίτοι
3351 3134 3485 3205 μηδὲ
3515 3134 3685 3206 695d.-

2111 3237 2300 3292 μενοςς
2332 3222 2518 3289 Ὅσον,
2550 3223 2706 3294 φησὶ,
2730 3223 2789 3277 τὸ
2823 3225 2902 3288 είς
2948 3224 3050 3295 ἐμὲ
3077 3221 3234 3298 ἦκον,
3270 3225 3577 3280 ἑτελείωσα.
3611 3227 3683 3280 Ἦ

2107 3315 2204 3369 καὶ
2233 3315 2421 3386 ἐπειδὴ
2445 3315 2505 3370 τὸ
2530 3316 2716 3387 μεῖζον
2746 3316 2965 3370 πάντων
2988 3319 3211 3389 ἐποίησε
3230 3359 3243 3381 ,
3270 3317 3366 3373 καὶ
3393 3318 3492 3390 τὴν
3527 3318 3682 3389 ῥίζαν

2106 3404 2217 3459 τῶν
2244 3405 2468 3475 ἀγαθῶν
2491 3407 2622 3476 ἡμῖν
2647 3407 2999 3473 κατεϐάλετο,
3039 3410 3131 3461 τὸν
3171 3409 3419 3463 διάὅολον
3470 3426 3684 3479 νενικηο

2108 3498 2244 3566 κὼς,
2283 3502 2378 3554 καὶ
2424 3500 2617 3555 ἑαυτὸν
2676 3500 2755 3571 τῷ
2787 3502 3071 3571 παμφάγῳ
3133 3501 3305 3574 θηρίῳ
3354 3502 3431 3573 τῷ
3472 3503 3682 3574 θανάτῳ

2108 3592 2521 3663 ἑπιρρίψας,’τῇ
2555 3594 2612 3646 δὲ
2642 3594 2765 3665 ῥίζῃ
2816 3593 2989 3667 ταύτῃ
3024 3595 3247 3664 ἔμελλον
3293 3596 3684 3668 ἀκολουθήσειν

2108 3685 2166 3753 ἐξ
2201 3686 2447 3755 ἀνάγκης
2474 3687 2570 3740 καὶ
2589 3687 2637 3739 oi
2655 3688 2753 3756 τῆς
2778 3687 3104 3755 θεογνωσίας
3152 3690 3372 3760 καρποί’
3410 3689 3498 3744 διὰ
3526 3691 3682 3744 τοῦτό

2109 3792 2295 3844 φησιν,
2321 3777 2405 3842 ὅτι
2439 3795 2458 3828 ι
2500 3776 2817 3830 Ἐτελείωσα
2837 3779 2898 3830 τὸ
2928 3778 3109 3849 ἔργον.
3147 3798 3167 3832 ι
3206 3780 3497 3851 Ἐσπειρα,
3529 3784 3681 3855 φησὶ,

2110 3868 2265 3939 ῥίζαν
2295 3868 2602 3939 ἐφύτευσαο
2654 3870 2704 3924 oi
2732 3872 2933 3943 καρποὶ
2972 3871 3213 3941 ἕψονται.
3268 3892 3287 3926 ι
3324 3875 3557 3941 Δόξασον
3590 3876 3682 3930 οὖν

2112 3977 2180 4030 με
2213 3963 2307 4015 καὶ
2353 3962 2440 4026 σὺ,
2473 3963 2677 4034 Πάτερ,
2716 3964 2871 4035 παρὰ
2931 3965 3142 4038 σεαυτῷ
3198 3969 3264 4038 τῇ
3291 3967 3439 4042 δόξῃ,
3479 3964 3684 4043 ᾖεῐχον

2111 4052 2259 4122 παρὰ
2326 4053 2411 4105 σοὶ
2461 4054 2590 4123 πρὶν
2620 4055 2653 4123 ἢ
2684 4055 2713 4108 6
2745 4055 2951 4125 κόσμος
2991 4057 3238 4126 συσταίη.
3278 4075 3298 4110 ι
3351 4058 3518 4112 Οῡπω
3543 4061 3685 4113 δεδόο

2111 4143 2275 4209 ξαστο
2303 4147 2401 4212 τῆς
2433 4147 2635 4215 σαρκῖς
2663 4148 2695 4216 ἡ
2737 4147 2920 4215 φύσις,
2951 4148 3072 4202 οὔτε
3105 4150 3411 4222 ἀφθαρσίας
3446 4153 3685 4207 ἀπολαύο

2114 4253 2275 4302 σασα,
2309 4235 2432 4290 οὔτε
2462 4235 2558 4291 τοῦ
2607 4236 2795 4309 θρόνου
2825 4243 3204 4313 κοινωνήσασα
3232 4244 3327 4299 τοῦ
3362 4245 3645 4316 βασιλικοῦ
3667 4261 3682 4277 ⁸

2111 4325 2206 4378 καὶ
2235 4324 2324 4378 διὰ
2341 4326 2502 4379 τοῦτο
2530 4322 2622 4380 οὖν
2669 4345 2832 4399 φησι’
2895 4348 2914 4383 ι
2950 4332 3180 4397 Δόξασόν
3217 4353 3283 4407 με
3311 4351 3326 4366 ο
3365 4355 3384 4388 ι
3419 4336 3683 4404 τουτέστι,

2043 4380 2086 4438 D
2117 4414 2228 4484 Τὴν
2266 4414 2612 4486 ἀνθρωπίνην
2645 4380 2745 4487 μὸυ
2780 4417 2961 4487 φύσιν,
2991 4380 3194 4494 ταύτην

2117 4505 2376 4576 ζομένην,
2397 4510 2494 4576 τὴν
2521 4508 3073 4581 σταυρωθησομένην,
3108 4514 3201 4566 καὶ
3222 4514 3459 4583 ἀνάγαγε
3486 4519 3687 4583 ταύτην

2118 4598 2201 4661 είς
2252 4598 2351 4667 τὴν
2386 4597 2567 4663 δόξαν,
2606 4617 2626 4653 ι
2662 4601 2727 4669 ἢν
2758 4596 2904 4670 εἶχον
2933 4603 3082 4671 παρά
3114 4605 3216 4668 σοὶ,
3247 4624 3265 4656 ι
3326 4607 3436 4675 ἐγὼ
3464 4609 3493 4661 6
3518 4608 3689 4674 Λόγος

2114 4691 2210 4747 καὶ
2239 4689 2367 4753 Υἱός
2402 4705 2519 4755 σου,
2549 4708 2569 4742 ι
2599 4690 2705 4761 πρὸ
2735 4691 2827 4745 τοῦ
2859 4691 2948 4745 τὸν
2981 4696 3183 4765 κόσμον
3209 4692 3365 4752 εἶναι.
3400 4717 3420 4751 ι
3450 4699 3689 4753 Συνεκοὶὸ

2115 4781 2231 4836 θισε
2261 4784 2370 4854 γὰρ
2395 4784 2493 4852 τὴν
2519 4781 2868 4853 ἀνθρωπίνην
2893 4783 3054 4854 φύσιν
3083 4788 3141 4840 ὲν
3172 4787 3250 4858 τῷ
3271 4787 3443 4861 θρόνῳ
3485 4790 3563 4862 τῷ
3592 4793 3690 4861 βα·

2117 4875 2329 4946 σιλικῷ,
2376 4875 2473 4929 καὶ
2526 4879 2912 4945 προσκυνεῖται
2967 4878 3063 4932 νῦν
3090 4874 3196 4933 ὑπὸ
3226 4883 3405 4952 πάσης
3441 4883 3540 4952 τῆς
3577 4884 3691 4936 κτί-

2118 4985 2274 5032 σεως.
2314 4987 2332 5019 ι
2379 4968 2735 5039 Ἐφανέρωσά
2762 4986 2856 5023 σου
2882 4969 2943 5025 τὸ
2970 4970 3143 5042 ὄνομα
3168 4975 3278 5035 τοῖς
3310 4973 3636 5045 ἀνθρώποις.
3665 4994 3685 5028 ι

2116 5060 2232 5115 Νῦν
2254 5060 2548 5134 ἐρμηνεύει
2584 5061 2636 5115 τί
2659 5063 2774 5115 ἐστι
2796 5062 2878 5129 τὸ,
2899 5080 2918 5115 ι
2972 5063 3112 5132 Ἐγώ
3137 5082 3196 5117 σε
3224 5064 3448 5131 ἐδόξασα
3482 5068 3573 5120 ἐπὶ
3593 5068 3692 5136 τῆς

2114 5155 2218 5226 γῆς
2242 5169 2256 5184 ⁸
2297 5173 2316 5207 δ
2350 5156 2411 5208 τὸ
2434 5154 2751 5227 φανερῶσαί
2776 5172 2872 5229 σου
2896 5156 2959 5210 τὸ
2985 5156 3179 5223 ὄνομα.
3219 5159 3344 5223 Πῶς
3375 5156 3468 5214 οὖν
3499 5162 3696 5229 hrpaga-

2115 5264 2289 5319 ρωσεν
2312 5247 2341 5300 6
2364 5246 2490 5309 Υἱός
2514 5262 2531 5314 ;
2580 5245 2676 5300 καὶ
2700 5246 2806 5317 γὰρ
2831 5247 2925 5300 καὶ
2948 5248 2975 5299 6
3009 5246 3234 5311 Ἡσαΐας
3270 5251 3401 5320 φησί
3418 5267 3482 5321 ’,ι
3513 5252 3696 5322 Ὀμεῖν

2118 5339 2211 5392 σῡε
2242 5338 2378 5392 Θεὸν
2405 5338 2496 5392 τὸν
2534 5339 2811 5409 ἀληθινόν.
2846 5357 2865 5390 υ
2923 5337 3063 5392 Ἀλλ’
3092 5338 3121 5392 ὃ
3147 5340 3405 5406 πολλάκις
3441 5343 3695 5414 εἴπομεν,

2113 5431 2195 5483 ὅτι
2223 5430 2272 5483 εί
2305 5430 2406 5483 καὶ
2432 5428 2594 5500 δῆλον
2616 5425 2707 5500 ἧν,
2741 5428 2857 5484 ἀλλ’
2894 5429 3171 5496 Ἰουδαίοις
3200 5430 3406 5504 μόνοις,
3448 5433 3542 5491 καὶ
3569 5433 3694 5497 obii

1393 5654 1486 5726 Ex
1522 5662 1864 5726 collatione
1900 5659 2086 5721 codd.
2120 5660 2354 5723 Venet.
2392 5660 2455 5723 S.
2489 5660 2709 5727 Marci.

506 5803 621 5874 157)
677 5800 809 5856 Cod.
871 5798 970 5861 52,

1038 5796 1243 5855 Ὄντως
1299 5789 1501 5860 ἀνόητα
1559 5787 1732 5841 ταῦτα
1791 5784 2167 5839 παντάπασιν.
