4056 6582
370 364 490 430 229

991 353 1434 419 ENARRATIO
1472 354 1558 417 IN
1595 355 2094 417 EVANGELIUM
2130 357 2450 421 JOANNIS
2496 385 2563 398 ·-
2599 363 2756 426 CAP.
2802 364 2992 427 XVII.

3537 366 3643 431 2Ἰο

369 468 591 544 τούτοιξ
612 478 749 532 πᾶσι
772 488 787 504 '
824 472 918 527 νῦν
941 472 998 527 δὲ
1029 473 1157 544 περὶ
1181 471 1288 524 τῶν
1312 468 1482 523 ἐθνῶν
1521 483 1711 538 φησιν,
1748 466 1832 519 ὅτι
1855 482 1940 533 φα-

2062 465 2153 531 rit,
2220 476 2399 523 tamen
2456 468 2657 526 .ludzris
2707 473 2842 527 solis
2880 482 2933 528 et
2975 486 3150 543 neque
3201 471 3305 528 illis
3345 475 3637 529 omnibus:

371 572 537 646 νερδν
565 571 751 633 αὐτοῖς
772 569 1065 640 γενήσεται
1084 566 1145 619 τὸ
1172 566 1344 637 ὄνομα
1397 566 1492 621 τοῦ
1518 566 1675 632 Θεοῦ,
1702 568 1794 621 τοῦ
1820 570 1864 622 Χ
1874 586 1958 641 ρι-

374 664 512 720 στοῦ
545 665 727 728 δόντος
754 662 856 736 ήδη
889 664 1181 736 σπέρματα
1199 667 1300 736 τῆς
1347 664 1698 735 θεογνωσίας,
1730 664 1818 717 διὰ
1860 665 1957 719 τοῦ

373 759 588 818 καταλῦ
598 779 683 815 σαι
706 761 797 816 τὸν
817 762 916 832 τῆς
937 760 1353 831 εἰδωλολατρίας
1383 761 1669 833 ὑφηγητὴν
1688 761 1953 817 διάϐολον.

377 857 594 919 ’Ἄλλως
630 873 721 909 τε·
779 857 842 909 El
894 856 992 910 καὶ⁵
1022 854 1321 924 ἐγίνωσκον
1369 855 1463 907 τὸν
1495 854 1649 919 Θεὸν,
1688 854 1804 907 ἀλλ’
1859 855 1957 925 οὐχ

369 950 454 1015 ὡς
479 950 699 1020 Πατέρα
726 948 1041 1017 ἐγίνωσκον,
1063 948 1137 1013 ὡς
1160 948 1217 1002 δὲ
1248 950 1320 1019 Δη
1332 947 1588 1018 μιουργον
1617 947 1776 1015 μόνον
1794 962 1809 977 ο
1845 947 1873 999 ό
1900 946 1955 999 δὲ

371 1042 509 1105 Tia;
544 1042 709 1094 αὑτὸν
742 1041 962 1111 Πατέρα
996 1042 1332 1111 ὲφανέρωσε,
1380 1041 1474 1093 καὶ
1504 1039 1592 1092 διὰ
1629 1040 1825 1107 λόγων,
1862 1039 1955 1092 καὶ

368 1134 448 1189 δι’
477 1134 652 1207 ἔργων
673 1134 952 1204 γνώριμον
985 1133 1175 1189 ἑαυτὸν
1199 1135 1575 1203 καταστήσας.
1609 1131 1668 1184 '0
1699 1132 1805 1203 γὰρ
1829 1131 1954 1186 Υῐδν

370 1229 573 1281 ἑαυτὸν
592 1227 880 1294 ἀποδείξας
901 1227 1059 1293 Θεοῦ,
1083 1225 1324 1297 εῦδηλον,
1345 1226 1427 1279 ὅτι
1450 1225 1543 1279 καὶ
1570 1223 1786 1294 Πατέρα
1814 1224 1955 1276 ἐκεῖ.

367 1337 467 1374 νον
489 1320 963 1373 συναπεδείκνυεν.

458 1496 478 1530 ι
513 1477 619 1541 Οὓς
643 1478 885 1543 δέδωκάς
919 1497 1009 1549 μοι
1035 1478 1097 1532 ἐκ
1125 1478 1224 1532 τοῦ
1262 1479 1492 1549 κόσμου,
1538 1480 1617 1532 σοὶ
1645 1473 1819 1549 ἦσαν’
1859 1479 1952 1532 καὶ

366 1570 500 1639 ἐμοὶ
529 1570 724 1632 αὐτοὺς
753 1569 1011 1634 δέδωκας,
1042 1571 1134 1623 καὶ
1155 1570 1244 1623 τὸν
1276 1570 1433 1637 λόγον
1465 1587 1560 1623 σου
1591 1572 1946 1640 τετηρήκτσι.

361 1660 492 1714 Νῦν
520 1660 789 1729 ἔγνωκαν,
811 1662 892 1714 ὅτι
934 1664 1111 1717 πάντα
1139 1663 1236 1715 ὅσα
1263 1663 1502 1727 δέδωκάς
1532 1681 1643 1735 μοι,
1674 1664 1823 1734 παρὰ
1854 1662 1949 1716 σοῦ

363 1755 546 1818 ἐστιν,
586 1754 668 1807 ὅτι
699 1755 768 1807 τὰ
792 1756 1015 1825 ῥήματα
1036 1756 1072 1809 ὃ.
1098 1754 1335 1819 δέδωκάς
1368 1774 1479 1825 μοι,
1505 1756 1713 1809 δέδωκα
1742 1758 1946 1821 αὐτοῖς,

361 1842 469 1898 καὶ
503 1844 657 1897 αὐτοὶ.
685 1843 897 1910 ἔλαϐον,
926 1845 1019 1898 καὶ
1043 1843 1285 1912 ἔγνωσαν
1315 1845 1550 1917 ἀληθῶς,
1572 1847 1653 1899 ὅτι
1680 1846 1831 1919 παρὰ
1853 1846 1946 1899 σοῦ

357 1935 617 2004 ἐξῆλθον,
648 1938 742 1989 καὶ
767 1936 1113 2002 ἐπίστευσαν,
1141 1938 1223 1991 ὅτι
1255 1937 1318 1991 σύ
1352 1955 1415 2009 με
1443 1938 1823 2002 ἀπέστειλας.»
1844 1938 1948 1992 Δύο

356 2026 545 2080 ταῦτα
581 2030 988 2083 κατασκευάσαι
1016 2029 1263 2099 βούλεται
1282 2047 1299 2062 ο
1324 2030 1383 2089 ἓν
1413 2032 1532 2101 μὲν,
1565 2032 1645 2086 ὅτι
1669 2034 1770 2086 οὐκ
1798 2033 1946 2087 ἔστιν

357 2120 615 2183 ἐναντίος
670 2121 748 2190 τῷ
802 2121 979 2191 Πατρί
1003 2139 1015 2153 ·
1052 2121 1243 2192 ἕτερον
1264 2123 1342 2188 δὲ,
1386 2124 1468 2177 ὃτι
1496 2122 1743 2195 βούλημα
1777 2124 1944 2178 αὐτοῦ

357 2210 489 2264 ἔστι
509 2212 571 2264 τὸ
600 2212 887 2266 πιστεῦσαι
909 2214 1106 2277 αὐτοὺς
1141 2213 1217 2286 τῷ
1244 2214 1377 2286 Υἱῷ.
1410 2215 1511 2268 Διὰ
1563 2215 1722 2269 τοῦτό
1743 2232 1908 2285 φησιν
1926 2230 1941 2244 ·

364 2324 385 2356 ι
421 2303 532 2367 Οὓς
579 2304 818 2369 δέδωκάς
872 2323 983 2376 μοι,
1038 2308 1121 2359 oo".
1176 2302 1338 2377 ἦσαν.
1380 2326 1400 2358 ι
1471 2307 1783 2378 Ἀμφότερα
1834 2309 1945 2379 γὰρ

352 2397 540 2451 ταῦτα
566 2398 838 2452 δείκνυται
870 2398 950 2463 τὸ,
981 2416 999 2450 ι
1025 2399 1269 2461 Δέδωκά;
1297 2417 1411 2472 μοι.
1442 2420 1461 2449 ι
1493 2401 1566 2453 Οὐ
1595 2402 1944 2471 γὰρῆρπασα

357 2491 589 2556 αὐτοὺς,
606 2490 747 2543 ἀλλὰ
772 2491 837 2544 σὺ
863 2492 1162 2563 εὐδόκησας
1188 2492 1383 2556 αὐτοὺς
1408 2494 1804 2563 προσγενέσθαι
1829 2511 1939 2564 μοι.

356 2581 532 2636 Ὥστε
571 2584 670 2637 οὐκ
719 2583 1056 2651 ἐναντίωσιν,
1119 2586 1234 2639 ἀλλ’
1272 2586 1528 2658 ὁμόνοιαν
1580 2588 1674 2640 καὶ
1720 2588 1943 2659 ἀγάπην

356 2676 533 2748 ἔχεις,
566 2680 767 2750 Πάτερ,
803 2681 940 2751 πρός
973 2698 1060 2749 με.
1097 2700 1116 2732 r
1150 2681 1254 2735 Τὸν
1291 2682 1449 2752 λόγον
1478 2682 1536 2737 δέ
1586 2700 1678 2737 σου
1705 2685 1940 2755 τετηρή-
1971 2737 1983 2745 ,

356 2788 497 2825 κασι
530 2790 549 2823 ι
581 2770 669 2825 διὰ
690 2770 783 2825 τοῦ
818 2771 1107 2827 πιστεῦσαι
1136 2774 1279 2844 ἐμοὶ,
1306 2775 1499 2845 καὶμὴ
1539 2779 1797 2846 προσχεῖν
1829 2780 1945 2840 τοῖς

368 2863 675 2927 Ἰουδαίοις.
732 2866 793 2920 Ὀ
823 2868 932 2937 γὰρ
977 2866 1058 2938 τῷ
1088 2868 1306 2939 Χριστῷ
1333 2867 1624 2934 πιστεύων,
1664 2871 1755 2922 τὸν
1784 2870 1940 2938 λόγον

351 2956 461 3013 τοῦ
486 2959 619 3012 θεοῦ
643 2962 821 3030 τηρεὶζ
851 2960 1232 3032 τουτέστι,τὴν
1261 2961 1481 3034 Γραφὴν
1509 2962 1600 3016 καὶ
1629 2962 1720 3016 τὸν
1753 2962 1937 3033 νόμονο

353 3051 472 3105 ὑπὸ
526 3052 637 3122 γὰρ
687 3055 787 3122 τῆς
843 3054 1064 3124 Γραφῆς
1114 3054 1546 3121 καταγγέλλεται
1601 3056 1629 3107 ὁ
1682 3056 1936 3126 Χριστός.

365 3143 536 3198 Ἀλλὰ
565 3146 661 3199 καὶ
690 3147 887 3208 enm;-
915 3147 1101 3201 Πάντα
1149 3148 1251 3201 ὅσα
1280 3147 1431 3214 ἔλεγε
1463 3150 1574 3210 τοῖς
1618 3148 1883 3218 μαθηταῖς
1911 3148 1939 3199 ὁ

349 3239 589 3311 Κύριος,
620 3240 719 3293 τοῦ
746 3240 957 3309 Πατρδς
985 3237 1146 3312 ἦσαν.
1200 3260 1220 3294 r
1262 3242 1406 3309 Ἐγὼ
1449 3241 1579 3311 γὰρ,
1615 3243 1801 3310 φησὶν,
1839 3240 1934 3298 ἀπ’

348 3334 601 3405 ἐμαυτοῦ
632 3336 692 3388 οὐ
726 3334 889 3391 λαλῶ.
933 3355 953 3388 ›
985 3331 1151 3389 Εἶπεν
1175 3331 1268 3389 οῦν
1301 3336 1440 3406 μετὰ
1486 3338 1594 3390 τῶν
1634 3337 1808 3391 ἄλλων
1840 3337 1936 3389 αὐ-

345 3430 472 3490 τοῖς
498 3428 591 3480 καὶ
640 3428 820 3494 τοῦτο,
852 3429 935 3482 ὅτι
1001 3428 1294 3483 σίΜεινατε
1330 3431 1388 3482 ὲν
1429 3429 1573 3499 ἐμοί’
1628 3447 1646 3481 ι
1694 3428 1790 3482 καὶ
1825 3429 1935 3483 ἰδοὺ

344 3520 695 3589 τετηρήκασι
721 3520 855 3592 (58).
895 3539 914 3570 ι
954 3519 1069 3574 Νῦν
1100 3519 1367 3589 ἔγνωκαν,
1399 3523 1482 3575 ὅτι
1503 3523 1681 3577 πάντα
1709 3522 1808 3575 ὅσα
1846 3523 1934 3575 δέ.

345 3618 539 3682 δῶκας
574 3634 686 3687 μοι,
747 3618 899 3687 παρὰ
964 3617 1058 3671 σοῦ
1095 3618 1232 3683 ἐστι.
1279 3637 1297 3669 ι
1349 3616 1506 3679 Τινὲς
1547 3617 1716 3688 χωρὶς
1764 3616 1856 3669 τοῦ
1888 3616 1935 3669 Ν

345 3711 826 3779 ἀναγινώσκουσι·
856 3728 874 3761 ι
905 3708 1020 3763 Νῦν
1054 3708 1270 3778 ἔγνωκα
1303 3726 1321 3761 ι
1352 3706 1483 3777 ἐγώ.
1524 3708 1666 3763 Ἀλλ’
1694 3707 1793 3760 οὐκ
1821 3707 1934 3777 ἔχει

345 3807 515 3860 τοῦτο
531 3806 688 3875 λόγον
718 3807 853 3875 (39)'
889 3806 1029 3875 μετὰ
1060 3806 1169 3878 γὰρ
1191 3804 1284 3858 τοῦ
1310 3804 1358 3857 Ν
1388 3804 1470 3857 δεῖ
1495 3802 1892 3872 ἀναγινώσκειν
1917 3818 1931 3833 ο

353 3919 376 3951 r
427 3897 543 3952 Νῦν
580 3899 826 3967 ἔγνωκαν
852 3916 870 3949 ι
900 3897 950 3950 ol
976 3895 1216 3967 μαθηταί
1241 3913 1364 3965 μου,
1411 3894 1596 3965 φησιν,
1646 3895 1727 3947 ὃτι
1783 3894 1934 3946 οὐδὲν

346 3995 490 4052 ἴδιον
511 3994 638 4064 ἔχω,
664 3992 787 4045 οὐδὲ
824 3991 1104 4062 ἀλλότριός
1158 3989 1252 4043 σού
1303 3991 1444 4059 εἰμι,
1502 3988 1637 4043 ἀλλὰ
1679 4007 1697 4039 r
1738 3988 1933 4054 πάντα,

342 4090 457 4143 ὅσα
494 4086 732 4149 δέδωκας
780 4102 891 4154 μοι,
928 4103 946 4137 ι
984 4085 1082 4159 οὐχ
1134 4083 1211 4147 ὡς
1259 4083 1520 4153 κτίσματι
1575 4080 1934 4153 χαριζόμενός

346 4194 451 4251 μοι
478 4177 746 4240 δέδωκαςρ
769 4176 845 4230 Οὐ
872 4177 979 4250 γὰρ
1006 4174 1274 4243 ἐπίκτητα
1300 4191 1391 4244 μοι
1424 4175 1599 4231 ταῦτα
1624 4172 1934 4239 εἰσιν,ἀλλὰ

350 4292 373 4324 σ
410 4269 566 4341 παρὰ
594 4271 687 4323 σοῦ
726 4271 877 4324 ἐστι·
906 4288 925 4321 ι
960 4269 1228 4334 τουτέστι,
1250 4267 1500 4331 Φυσικῶς
1527 4284 1615 4338 μοι
1646 4267 1933 4338 διαφέρον-

341 4381 446 4426 τα,
478 4363 572 4415 καὶ
590 4361 896 4433 ἁρμόζοντά
938 4378 1027 4433 μοι
1061 4361 1138 4423 ὡς
1169 4359 1304 4432 Υἱῷ,
1328 4360 1424 4415 καὶ
1473 4359 1794 4430 ἑξουσιαστῇ
1825 4358 1931 4412 τῶν

345 4454 670 4523 Πατρικῶν.
699 4453 871 4506 Πόθεν
901 4453 955 4506 δὲ
986 4454 1231 4523 ἔγνωσαν
1252 4452 1410 4506 τοῦτο
1433 4453 1483 4504 ol
1520 4450 1760 4524 μαθηταί
1802 4468 1926 4521 μου;

2064 575 2207 615 nunc
2253 570 2430 615 autem
2505 562 2573 617 de
2625 564 2874 618 omnibus
2935 568 3189 626 gentibus
3246 566 3438 634 inquit,
3497 568 3641 634 quod

2062 652 2406 709 manifestum
2455 654 2534 709 eis
2571 653 2811 709 futurum
2874 655 2947 710 sit
2993 671 3190 712 nomen
3228 656 3343 721 Dei,
3371 672 3493 712 cum
3522 658 3637 727 jam

2059 742 2308 798 Christus
2339 745 2548 800 dederit
2579 745 2784 799 semina
2818 745 3012 801 divina:
3044 748 3271 815 uetitiae,
3301 758 3360 802 ut
3387 748 3636 803 destrue-

2059 844 2210 889 retur
2262 838 2522 893 idolorum
2573 838 2771 905 cultus,
2842 855 2999 909 quem
3062 842 3329 911 suggessit
3363 840 3631 899 diabolus.

2058 929 2126 983 Et
2159 929 2347 984 aliter:
2383 931 2640 996 Quamvis
2674 946 3047 1005 cognoverunt
3095 934 3280 999 Deum,
3316 949 3424 989 non
3457 945 3634 989 tamen

2060 1030 2117 1073 ut
2156 1020 2369 1076 Patrem
2429 1035 2824 1093 cognoverunt,
2880 1027 2973 1081 sed
3004 1036 3065 1080 ut
3094 1026 3360 1096 fopilicem
3419 1026 3631 1097 soluml;

2056 1110 2227 1166 Filius
2282 1122 2458 1166 autem
2516 1112 2730 1169 Patrem
2788 1112 3173 1178 tuauiiestavit,
3208 1123 3262 1169 et
3291 1115 3637 1169 sermonibus

2054 1213 2111 1257 et
2138 1205 2391 1273 operibus
2420 1212 2601 1260 uotum
2637 1220 2696 1261 se
2745 1206 2973 1261 faciens.
3003 1204 3138 1261 Nam
3189 1221 3311 1259 cum
3347 1222 3405 1260 se
3434 1204 3633 1261 Filium

2056 1293 2147 1348 Dei
2202 1295 2616 1362 demonstravit,
2643 1296 2987 1351 manifestum
3033 1298 3177 1365 quod
3209 1296 3367 1351 simul
3412 1299 3634 1352 demon-

2055 1388 2240 1440 strarit
2276 1397 2331 1440 et
2358 1386 2501 1440 illum
2530 1385 2696 1463 fuisse
2729 1385 2967 1467 Patrem.

2127 1494 2290 1550 Vsus.
2350 1494 2472 1549 6-8.
2511 1514 2529 1547 ι
2588 1495 2734 1562 Quos
2764 1495 2959 1551 dedisti
3017 1495 3145 1550 mihi
3185 1496 3250 1549 de
3279 1495 3499 1560 mundo,
3548 1494 3624 1550 tui

2054 1595 2205 1642 erant
2239 1606 2251 1642 :
2281 1590 2336 1642 ct
2385 1588 2515 1642 mihi
2551 1589 2739 1642 dedisti
2780 1602 2894 1655 eos,
2911 1596 2978 1655 ,ει
3001 1602 3306 1643 sermonem
3333 1598 3479 1643 tuum
3510 1604 3626 1644 ser-

2054 1690 2332 1736 vaverunt.
2391 1680 2549 1736 Nunc
2604 1692 2972 1748 cognoverunt
2995 1684 3134 1751 quod
3162 1683 3340 1736 omnia
3372 1697 3627 1752 quaecun-

2054 1789 2159 1843 que
2210 1773 2406 1828 dedisti
2467 1773 2619 1836 mihi,
2655 1788 2684 1827 a
2738 1780 2792 1828 te
2816 1783 2986 1828 sunt:
3025 1774 3147 1842 quia
3196 1774 3357 1828 verba
3389 1790 3509 1843 quae
3533 1777 3626 1830 de-

2054 1866 2179 1920 disti
2237 1867 2386 1933 mihi,
2445 1865 2563 1921 dedi
2590 1865 2689 1930 eis,
2719 1876 2772 1921 et
2804 1865 2905 1937 ipsi
2943 1876 3291 1936 acceperunt,
3346 1874 3400 1920 et
3425 1880 3628 1936 cogno-

2053 1967 2245 2016 verunt
2299 1975 2427 2015 vere
2486 1961 2631 2030 quod
2670 1974 2701 2013 a
2735 1970 2785 2013 te
2817 1959 2981 2024 exivi,
3017 1968 3071 2013 et
3110 1959 3451 2013 crediderunt
3477 1959 3620 2027 quod

2056 2066 2109 2111 tu
2171 2071 2255 2111 tne
2293 2056 2506 2110 misisti.
2546 2074 2564 2108 ι
2602 2055 2713 2110 Duo
2736 2055 2849 2109 haec
2905 2054 3102 2110 docere
3133 2054 3323 2120 voluit,
3378 2065 3455 2115 et,
3479 2052 3625 2124 quod

2053 2164 2157 2204 non
2187 2150 2259 2209 sit
2310 2149 2649 2205 adversarius
2717 2149 2824 2202 Deo
2869 2146 3040 2211 Patri,
3063 2156 3117 2201 ct
3177 2148 3321 2217 quod
3376 2147 3627 2201 voluntas

2052 2244 2167 2312 ejus
2195 2243 2265 2296 sit
2306 2241 2527 2296 credere
2566 2241 2688 2295 illos
2716 2240 2855 2296 Filio
2883 2256 2899 2305 ;
2931 2250 3214 2310 propterea
3245 2239 3394 2300 dicit,
3428 2257 3449 2291 ι
3480 2237 3625 2305 Quos

2051 2334 2239 2388 dedisti
2272 2332 2426 2397 mihi,
2459 2332 2534 2386 tui
2560 2339 2737 2386 erant.
2768 2350 2787 2383 ι
2826 2328 3066 2401 Utraque
3090 2320 3235 2383 enim
3259 2330 3625 2384 ostenduntur

2052 2438 2146 2491 per
2175 2422 2278 2476 hoc
2316 2423 2457 2491 quod
2486 2422 2634 2486 dicit,
2666 2439 2685 2472 ι
2721 2421 2919 2478 Dedisti
2954 2420 3106 2474 mihi.
3136 2439 3154 2472 ι
3208 2418 3327 2474 Νοη
3357 2423 3499 2473 enim
3532 2434 3625 2473 ra-

2049 2510 2139 2580 pui
2169 2523 2284 2575 eos,
2315 2510 2408 2564 sed
2432 2519 2485 2562 tu
2514 2509 2879 2577 comprobasti
2919 2516 2977 2562 ut
3007 2510 3127 2564 illos
3167 2509 3297 2562 mihi
3340 2508 3609 2574 lncrarer;

2048 2611 2103 2657 et
2129 2602 2200 2655 ita
2230 2616 2335 2656 non
2369 2601 2714 2655 adversarius
2744 2616 2802 2656 es
2835 2602 2990 2668 mihi,
3021 2601 3117 2656 sed
3149 2602 3491 2656 concordiam
3528 2602 3624 2655 hac

2048 2693 2145 2749 hes
2183 2702 2236 2748 et
2273 2693 2596 2750 charitatem
2628 2709 2755 2763 erga
2812 2708 2920 2761 me,
2961 2709 2993 2747 ο
3027 2692 3205 2749 Pater.
3243 2711 3262 2745 ι
3303 2693 3620 2748 Sermonem

2050 2795 2227 2843 autem
2260 2793 2408 2840 tuum
2455 2795 2829 2850 servaverunt,
2868 2804 2887 2838 ι
2924 2800 3020 2856 per
3070 2785 3175 2840 hoc
3229 2785 3368 2855 quod
3394 2785 3623 2843 credunt

2049 2878 2203 2945 mihi,
2252 2887 2443 2934 etnon
2495 2880 2780 2934 attendunt
2821 2876 3049 2933 Judaeis.
3089 2875 3191 2943 Qui
3219 2878 3361 2932 enim
3395 2877 3625 2932 credunt

2046 2968 2280 3033 Christo,
2332 2984 2641 3024 sermonem
2680 2968 2773 3024 Det
2819 2977 3059 3034 servant,
3097 2969 3198 3023 ltoc
3227 2978 3329 3031 est,
3372 2968 3621 3038 Scriptu-

2047 3074 2162 3115 ram
2200 3067 2254 3115 et
2288 3059 2482 3130 legem.
2525 3060 2661 3113 Nam
2704 3058 2953 3115 Christus
2997 3076 3026 3113 a
3079 3059 3360 3128 Scriptura
3406 3074 3621 3114 annun-

2049 3150 2231 3206 tiatu'r.
2270 3152 2336 3205 Et
2381 3151 2574 3206 aliter:
2616 3149 2810 3207 Omnia
2849 3166 3188 3222 quaecunque
3205 3151 3421 3207 dicebat
3451 3152 3621 3207 disci.

2039 3242 2178 3312 pulis
2200 3242 2479 3310 Dominus,
2502 3241 2680 3297 Patris
2726 3249 2901 3298 erant.
2939 3259 2958 3293 ι
2991 3241 3104 3308 Ego
3136 3241 3299 3314 729
3339 3242 3505 3307 enim,
3534 3242 3621 3295 in.

2039 3334 2177 3404 quit,
2210 3349 2238 3387 a
2271 3335 2478 3404 meipso
2510 3348 2619 3388 non
2656 3333 2867 3403 loquor.
2907 3349 2929 3385 ι
2970 3334 3114 3388 Dicit
3151 3335 3317 3402 igitur
3353 3348 3475 3387 cum
3500 3333 3623 3389 aliis

2038 3437 2093 3482 et
2122 3426 2222 3481 hoc
2250 3426 2352 3492 eis,
2396 3444 2415 3478 ι
2452 3424 2666 3482 Manete
2692 3425 2744 3480 iu
2792 3438 2919 3480 me:
2950 3442 2971 3477 ι
3011 3433 3067 3481 et
3104 3439 3233 3479 ecce
3261 3438 3619 3481 servaverunt

2037 3528 2093 3574 et
2144 3519 2245 3573 hoc
2279 3519 2625 3585 mandatum;
2662 3536 2683 3571 ι
2727 3526 3044 3572 manserunt
3097 3517 3267 3581 enim,
3301 3525 3354 3571 et
3383 3517 3451 3569 ita
3503 3532 3622 3573 ser-

2039 3625 2251 3665 monem
2314 3609 2489 3665 Patris
2546 3616 2919 3665 servaverunt.
2959 3625 2980 3659 ι
3032 3608 3187 3663 Nunc
3250 3615 3620 3678 cognoverunt

2037 3704 2179 3771 quod
2226 3703 2410 3756 omnia
2458 3714 2791 3771 quaecunque
2841 3700 3031 3755 dedisti
3067 3699 3221 3766 mihi,
3246 3715 3275 3752 a
3311 3709 3362 3753 te
3398 3708 3545 3755 sunt.
3582 3716 3602 3752 ι

2038 3793 2264 3861 Quidam
2317 3794 2519 3860 absque
2545 3809 2573 3844 ν
2603 3790 2785 3859 legunt
2826 3791 3039 3857 ἔγνωκα
3073 3808 3091 3842 ι
3124 3791 3367 3859 cognovi,
3404 3807 3422 3841 ι
3457 3798 3510 3845 et
3536 3790 3619 3844 iu«

2039 3886 2232 3955 quiunt
2262 3887 2402 3955 quod
2439 3885 2697 3940 Dominus
2721 3884 2864 3938 dicat
2895 3902 2908 3937 :
2951 3902 2968 3935 ι
3002 3882 3158 3937 Nunc
3183 3883 3407 3953 cognovi
3436 3900 3455 3935 ι
3484 3897 3607 3952 ego.

2040 3974 2145 4029 Sed
2204 3975 2495 4030 absurdum
2558 3987 2671 4039 est,
2732 3985 2787 4028 et
2854 3973 3138 4044 legendqu
3209 3985 3292 4029 est
3345 3972 3612 4043 έγνωκανς

2043 4085 2062 4121 ι
2117 4064 2273 4122 Nune
2320 4076 2688 4136 cognoverunt
2740 4064 2989 4135 diseipuli
3025 4066 3150 4133 mei,
3186 4065 3422 4135 riuquit,
3470 4068 3613 4136 quod

2038 4157 2171 4213 nihil
2211 4157 2384 4211 habeo
2421 4156 2718 4227 proprium,
2755 4172 2931 4226 neque
2960 4172 2989 4210 a
3022 4165 3073 4212 te
3093 4158 3307 4212 alienus
3341 4172 3492 4222 sum;
3522 4157 3616 4213 sed

2035 4264 2375 4319 quaecunque
2429 4250 2624 4304 dedisti
2667 4250 2822 4315 mihi,
2870 4264 2983 4304 non
3027 4259 3086 4304 ut
3113 4259 3378 4304 creatura:
3404 4249 3616 4320 gratiﬁ-

2036 4358 2167 4397 cans
2205 4340 2333 4396 mihi
2375 4341 2593 4396 dedisti.
2640 4340 2755 4395 Non
2814 4343 2956 4396 enim
2993 4342 3108 4396 hmc
3165 4343 3297 4396 mihi
3350 4344 3615 4412 acquisita

2036 4442 2180 4498 sunt,
2214 4452 2233 4485 ι
2271 4434 2365 4488 sed
2414 4447 2445 4487 a
2487 4440 2538 4487 te
2581 4441 2724 4499 sunt,
2756 4452 2774 4486 ι
2800 4433 2899 4488 hoc
2947 4443 3050 4498 est,
3095 4433 3412 4488 naturaliter
3437 4434 3501 4489 ad
3531 4452 3616 4502 me

352 4566 375 4599 ε
410 4544 539 4598 ὐτι
570 4545 637 4597 τὰ
677 4546 919 4616 ῥήματα,
944 4544 979 4598 ὃ.
1014 4542 1252 4606 δέδωκάς
1286 4560 1401 4613 μοι,
1427 4542 1637 4596 δέδωκα
1666 4538 1849 4603 αὐτοῖζ
1876 4558 1922 4593 οι

2046 4529 2307 4594 pertinent
2335 4534 2391 4578 ut
2428 4526 2497 4579 ad
2546 4525 2761 4591 Filium,
2797 4527 2888 4596 qui
2941 4527 2991 4581 iu
3040 4524 3292 4581 Patentis
3326 4527 3484 4581 rehus
3518 4542 3617 4596 po.

341 4637 654 4703 τουτέστιν,
697 4636 829 4688 Ἀπὸ
856 4635 967 4689 τῶν
991 4635 1254 4707 ῥημάτων
1284 4635 1390 4689 τῶν
1415 4634 1563 4705 ἐμῶν
1596 4635 1691 4687 καὶ
1712 4634 1820 4687 τῶν
1850 4632 1937 4685 διε

343 4730 687 4785 δασκαλιῶν.
741 4728 854 4782 Ἀεὶ
891 4731 1001 4800 γὰρ
1039 4730 1236 4790 αὐτοὺς
1272 4726 1575 4792 ἐδίδασκον,
1630 4728 1712 4780 ὄτι
1753 4728 1932 4785 πάντα

342 4826 455 4877 ὅσα
492 4821 621 4892 ἔχω,
654 4821 750 4874 τοῦ
813 4823 1025 4891 Πατρός
1080 4823 1248 4875 ἐστιν.
1302 4821 1410 4873 Καὶ
1438 4820 1498 4873 οὐ
1535 4818 1695 4872 τοῦτο
1748 4821 1929 4890 μόνον,

342 4912 471 4967 ἀλλ’
497 4914 580 4967 ὅτι
609 4914 704 4967 καὶ
742 4932 761 4965 ί
793 4916 945 4986 παρὰ
983 4913 1077 4966 σοῦ
1105 4912 1350 4983 ἐξῆλθον,
1389 4930 1409 4965 ι
1438 4914 1532 4966 καὶ
1574 4913 1655 4966 ὅτι
1698 4930 1716 4963 r
1759 4911 1822 4965 σύ
1860 4929 1928 4982 με

343 5005 705 5069 ἀπέστειλας.
737 5026 756 5057 ι
798 5008 895 5059 Διὰ
924 5007 1034 5076 γὰρ
1056 5005 1149 5058 τοῦ
1176 5004 1516 5073 Εὐαγγελίου
1541 5004 1739 5066 παντὸς
1773 5002 1931 5056 τοῦτο

344 5098 601 5152 ἐϐούλετο
631 5099 1060 5163 κατασκευάσαι,
1100 5099 1182 5151 ὅτι
1205 5098 1306 5151 οὐκ
1334 5097 1578 5161 ἀντεθεός
1610 5090 1935 5163 ὲστιν,ἁλλὰ’

338 5194 413 5249 τὸ
442 5193 715 5263 Πατρικὸν
743 5192 943 5264 πληροῖ
967 5192 1200 5264 θέλημα.

430 5302 451 5335 r
508 5284 649 5352 Ἐγὼ
699 5286 828 5356 περὶ
860 5284 1036 5339 αὐτῶν
1081 5283 1291 5354 ἐρωτῶ,
1335 5284 1395 5337 οὐ
1429 5283 1557 5356 περὶ
1586 5284 1691 5338 τοῦ
1724 5285 1928 5355 κόσμου

340 5379 564 5449 ἐρωτῶ,
598 5380 735 5433 ἀλλὰ
767 5380 892 5450 περὶ
924 5375 996 5435 ὧν
1030 5379 1265 5442 δέδωκάς
1298 5398 1407 5450 μοι,
1432 5381 1514 5432 ὃτι
1547 5380 1629 5433 σοι
1664 5382 1769 5433 εἰσι
1791 5395 1805 5409 ο
1835 5379 1932 5433 καὶ

338 5474 418 5527 τὰ
434 5472 544 5535 ἐμὰ
566 5472 766 5540 πάντα,
792 5472 861 5525 σά
879 5474 1016 5536 ἐστι,
1037 5471 1132 5524 καὶ
1158 5472 1224 5525 τὰ
1244 5471 1330 5537 σὰ,
1354 5471 1483 5543 ἐμὰ,
1502 5470 1594 5524 καὶ
1609 5470 1933 5540 δεδόξασμαι

1302 5617 1396 5677 Ex
1438 5614 1784 5678 collatione
1818 5615 2007 5679 codd.

422 5725 532 5797 (38)
583 5724 715 5797 Cod.
767 5722 858 5797 3l_,
904 5721 1016 5775 Καὶ
1063 5721 1171 5797 ἰδοῦ
1222 5723 1558 5797 τετηρήκασι
1598 5724 1693 5797 καὶ
1718 5721 1921 5797 ταύτην

340 5793 449 5869 τὴ.)
492 5793 735 5865 ἐντολήν,
771 5794 1051 5869 ΔἜμειναν
1096 5794 1235 5869 γὰρ,
1284 5793 1423 5846 ὥστε
1467 5794 1766 5869 τὸν-λόγον
1825 5794 1921 5848 τοῦ

343 5864 562 5938 Πατρὶς
590 5865 947 5937 τετηρήκασι,
975 5864 1070 5919 νῦν
1094 5865 1360 5933 ἔγνωκαν,
1393 5880 1448 5918 κ.
1490 5882 1539 5920 τ.
1572 5864 1621 5920 λ.

2044 4628 2161 4673 tens
2211 4630 2314 4673 est.
2346 4615 2502 4673 Unde
2552 4628 2731 4672 autem
2779 4626 3152 4688 cognoverunt
3214 4617 3330 4670 hate
3365 4616 3610 4684 discipuli

2040 4710 2196 4765 mei?
2233 4729 2251 4764 ι
2288 4710 2426 4776 Quia
2475 4710 2637 4765 verba
2670 4725 2789 4779 quae
2835 4709 3030 4763 dedisti
3098 4709 3250 4772 mihi,
3296 4708 3415 4763 dedl
3449 4709 3548 4770 eis,
3589 4725 3609 4758 ι

2039 4802 2141 4856 hoc
2160 4812 2262 4866 est,
2315 4818 2342 4852 ει
2385 4800 2565 4855 Verbis
2610 4802 2744 4854 meis
2803 4809 2857 4854 et
2885 4800 3163 4855 doctrinis.
3213 4799 3438 4868 Semper
3473 4800 3615 4853 enim

2038 4908 2135 4947 eos
2178 4893 2436 4975 doreham
2472 4890 2613 4961 quod
2642 4892 2823 4946 omnia
2854 4906 3193 4961 qua-cunque
3217 4891 3406 4955 habeo,
3438 4889 3616 4947 Patris

2038 4997 2164 5042 sunt
2198 5003 2211 5038 :
2241 4994 2297 5041 et
2326 5000 2431 5039 nou
2460 4985 2559 5038 hoc
2580 4985 2778 5050 solmu,
2809 4985 2900 5038 sed
2924 4995 2978 5039 et
3003 4983 3144 5053 quod
3198 5001 3217 5035 ‹
3280 4998 3310 5036 a
3364 4993 3415 5037 te
3468 4984 3613 5038 exic-

2039 5079 2167 5141 rim,
2213 5096 2232 5130 ι
2268 5086 2323 5132 et
2356 5076 2500 5146 quod
2537 5094 2556 5127 ι
2592 5087 2647 5129 tu
2683 5091 2766 5130 me
2798 5076 3033 5131 miseris.
3063 5093 3081 5127 ι
3125 5074 3257 5128 Nam
3294 5090 3389 5144 per
3442 5073 3607 5127 Evan-

2041 5168 2237 5241 gelium
2267 5178 2435 5221 totum
2469 5166 2571 5221 hoc
2607 5165 2817 5221 edicere
2834 5168 2969 5231 vult,
3002 5166 3144 5235 quod
3187 5179 3292 5219 non
3324 5164 3391 5220 sit
3424 5164 3611 5219 adver-

2040 5260 2218 5315 sarius
2250 5259 2366 5326 Dei,
2388 5260 2481 5314 sed
2506 5259 2727 5328 impleat
2747 5257 2924 5312 Patris
2950 5258 3305 5312 voluntatem.

2115 5374 2280 5429 Vens.
2314 5372 2367 5437 9,
2398 5371 2485 5426 10.
2527 5390 2546 5423 ι
2591 5358 2700 5442 Ego
2733 5387 2829 5441 pro
2858 5372 2938 5426 eis
2975 5387 3124 5439 rogo,
3154 5385 3255 5423 non
3286 5384 3382 5438 pro
3412 5368 3613 5423 mundo

2045 5481 2193 5537 rogo,
2231 5466 2325 5521 sed
2362 5481 2458 5536 pro
2499 5465 2583 5520 his
2623 5479 2761 5534 quos
2784 5462 2980 5520 dedisti
3010 5462 3162 5528 mihi,
3197 5461 3320 5531 quia
3342 5462 3417 5516 tui
3447 5471 3612 5520 sunt:

2040 5618 2272 5677 Venet.
2314 5614 2378 5674 S.
2408 5610 2630 5673 Marci.

2108 5720 2219 5791 ('59)
2242 5719 2375 5791 Cod.
2414 5717 2505 5781 9.6,
2547 5716 2705 5791 Τινὲς
2734 5715 2906 5786 χωρὶς
2931 5713 3027 5791 τοῦ
3085 5715 3592 5791 ν-ἀναγινώσκουσι

2034 5784 2244 5846 Ιιδ’νῦν
2297 5790 2567 5857 ἔγνωκαν,
2610 5788 2702 5840 καί
2737 5784 2953 5857 φασιν,
2993 5785 3083 5857 ὃτι
3121 5788 3149 5839 ό
3193 5784 3403 5857 ,Κύριος
3440 5784 3613 5857 λέγει,

2036 5862 2147 5917 Νῦν
2170 5853 2385 5930 ἔγνωκα
2417 5858 2548 5927 ἐγώ·
2582 5858 2696 5913 ἀλλ’
2735 5857 2837 5911 οὐκ
2869 5855 3162 5926 ἔχειτοῦτο
3192 5853 3373 5925 λόγον,
3404 5872 3456 5909 κ.
3481 5871 3531 5909 τ.
3560 5853 3609 5921 λέ
