4056 6584
442 311 547 396 2‘31

1365 325 1943 391 THEOPHYLACTI
1982 324 2391 387 BULGARl/E
2432 322 2788 385 ABCHIEP.

3572 316 3686 384 232

438 454 497 498 et
534 457 650 497 mea
676 439 855 496 omnia
896 450 982 495 tua
1012 448 1158 506 sunt,
1189 449 1243 497 et
1273 446 1368 494 tua
1406 455 1524 496 mea
1569 449 1715 503 sunt,
1748 447 1804 493 et
1846 436 2006 507 glori-

2113 437 2173 490 ὲν
2199 435 2403 499 αὐτοῖς.
2454 452 2473 487 ι
2517 435 2762 496 Δεικνὺς,
2796 432 2878 486 ὅτι
2905 430 2974 485 δι’
3008 431 3160 486 οὐδὲν
3189 432 3319 487 ἄλλο
3350 430 3520 486 ταῦτα
3542 431 3685 500 πρὸς

438 534 630 589 ticatus
653 550 774 590 sum
821 533 873 588 in
907 534 1004 588 eis.
1046 552 1066 585 ι
1102 534 1234 589 Cum
1265 535 1589 589 ostendisset
1617 530 1759 601 quod
1789 539 2008 601 prOpter

440 627 574 680 nihil
626 626 765 700 aliud
822 641 985 694 quam
1046 636 1264 695 propter
1313 626 1459 695 ipsos
1509 625 1623 678 haec
1669 624 1736 678 ad
1790 623 2004 678 Patrem

440 717 701 780 dixisset,
761 726 818 770 ιιι
872 719 1082 771 discant
1140 716 1279 784 quod
1332 716 1518 785 diligat
1572 729 1689 780 eos,
1729 724 1783 768 et
1820 728 2004 768 curant

439 823 623 862 eorum
654 819 827 877 gerat,
863 809 1059 878 inquit,
1097 828 1115 861 ι
1154 806 1264 879 Ego
1291 822 1388 878 pro
1422 808 1551 875 ipsis
1582 822 1713 876 rogo
1755 826 1774 859 ι
1809 817 1863 861 et
1887 822 2010 874 sup-

435 902 596 970 plico,
633 919 652 952 ι
684 917 788 956 non
814 915 912 970 pro
935 902 1157 955 mundo.
1194 920 1213 953 ι
1249 899 1488 955 Ostende
1524 900 1668 954 enim
1688 900 1912 955 omnino
1939 914 2007 954 ex

435 993 538 1047 hoc
572 994 713 1062 quod
743 992 959 1062 diligam
991 1006 1104 1046 eos.
1140 991 1255 1046 Non
1287 993 1430 1046 enim
1460 990 1632 1046 solum
1656 992 1723 1045 do
1744 1006 1863 1060 qua:
1889 1005 2005 1045 mea

435 1095 584 1148 sunt,
607 1086 699 1139 sed
722 1094 777 1139 et
806 1094 857 1139 te
884 1099 980 1137 oro
1023 1093 1078 1137 ut
1111 1083 1381 1138 custodias
1405 1098 1518 1138 eos.
1549 1082 1664 1137 Non
1687 1097 1784 1137 oro
1823 1092 1872 1137 te
1911 1098 2008 1152 pro

434 1176 743 1245 promiscuo
774 1174 993 1245 populo,
1043 1174 1135 1243 qui
1181 1174 1448 1230 mundana
1492 1175 1651 1245 sapit,
1699 1193 1721 1226 ι
1764 1175 1860 1230 sed
1911 1190 2008 1243 pro

434 1267 519 1323 his
542 1283 678 1336 quos
714 1268 906 1321 dedisti
949 1267 1076 1320 mihi
1110 1285 1122 1320 :
1162 1266 1234 1320 tui
1262 1267 1407 1320 cnim
1442 1276 1591 1321 sunt.
1626 1285 1644 1318 ι
1688 1267 1751 1321 Et
1781 1267 2008 1322 audiens

432 1360 690 1415 continuo
717 1374 839 1413 eum
874 1359 1185 1424 dicentem,
1228 1378 1247 1412 ι
1286 1357 1489 1414 Dedisti
1524 1359 1653 1414 mihi
1683 1400 1700 1426 ,
1742 1377 1759 1412 ι
1797 1373 1861 1414 ne
1889 1360 2008 1414 exi-

433 1452 620 1507 stimes
657 1467 828 1521 nuper
863 1451 1048 1506 datum
1079 1451 1444 1521 principatum
1484 1461 1538 1506 et
1568 1460 1887 1520 potestatem
1924 1463 2007 1507 ta-

432 1544 560 1609 lem,
594 1545 737 1612 quod
784 1545 998 1612 quando
1029 1543 1213 1619 habqit
1256 1557 1350 1598 eos
1374 1541 1556 1610 Pater,
1590 1543 1704 1613 ipse
1756 1558 1859 1598 non
1908 1545 2003 1598 ha-

432 1635 656 1701 buerit,
740 1645 795 1688 et
847 1635 1039 1690 iterum
1096 1650 1241 1690 nunc
1302 1649 1425 1689 cum
1483 1634 1598 1705 ipse
1644 1634 1802 1689 habet
1862 1634 2006 1690 Patri

2107 529 2197 583 τὸν
2233 528 2454 595 Πατέρα
2501 528 2689 598 φησὶν,
2723 524 2859 581 ἀλλὰ
2900 525 2968 580 δι’
3015 525 3236 592 αὐτοὺς,
3283 524 3373 579 ἴνα
3408 522 3681 595 μάθωσιν,

2108 622 2190 674 ὅτι
2234 620 2422 689 ἀγαπᾷ
2461 618 2678 681 αὐτοὺς,
2723 618 2818 672 καὶ
2863 619 3179 687 προνοεῖται
3226 615 3428 679 αὐτῶν,
3477 612 3683 685 φησίνο

2113 731 2132 763 ι
2181 711 2323 779 Ἐγὼ
2354 711 2482 780 περὶ
2519 710 2699 763 αὐτῶν
2733 709 2944 779 ἐρωτῶ,
2984 728 3002 761 ι
3049 709 3142 763 καὶ
3186 707 3341 773 ἀξιῶ,
3380 725 3399 758 ι
3444 709 3506 760 οὐ
3552 706 3686 775 περὶ

2107 799 2201 853 τοῦ
2234 799 2461 868 κόσμου.
2505 816 2523 849 ι
2560 798 2818 867 Δεὶκνυμι
2867 802 2976 867 γὰρ
3012 798 3222 860 τάντως
3260 801 3322 850 ὲκ
3351 797 3563 860 τούτου,
3599 798 3686 851 ὅτι

2108 890 2306 957 ἀγαπῶ
2353 888 2572 953 αὐτούς.
2616 890 2690 942 Οὐ
2721 890 2830 961 γὰρ
2885 890 3047 959 μόνον
3091 889 3158 940 τὰ
3197 887 3437 958 ἐμαυτοῦ
3466 887 3682 956 δίδωμι,

2108 978 2246 1034 ἀλλὰ
2301 978 2397 1032 καὶ
2429 978 2489 1030 σὲ
2524 977 2826 1046 παρακαλῶ
2859 970 3146 1043 φυλάττέιν
3195 976 3415 1041 αὐτούς.
3468 976 3683 1030 Οῠκουν

2110 1073 2239 1140 περὶ
2274 1070 2382 1124 τῶν
2438 1072 2691 1142 χυδαίων,
2749 1071 2844 1123 καὶ
2896 1069 3003 1122 τῶν
3044 1071 3110 1123 τὰ
3163 1067 3258 1122 τοῦ
3292 1069 3496 1138 κόσμου
3546 1086 3684 1140 φρο-

2108 1164 2343 1219 νούντων
2371 1163 2508 1230 ἀξιῶ
2542 1181 2623 1225 σε,
2667 1180 2685 1215 ι
2725 1162 2861 1216 ἀλλὰ
2895 1164 3024 1233 περὶ
3060 1155 3134 1216 ὧν
3160 1162 3397 1225 δέδωκάς
3427 1179 3519 1231 μοι
3549 1177 3563 1192 ·
3596 1162 3686 1214 σοὶ

2108 1255 2215 1326 γάρ
2247 1254 2408 1307 εἰσιν.
2447 1273 2467 1306 ι
2506 1255 2623 1307 Ἵνα
2651 1253 2707 1307 δὲ
2738 1254 2835 1324 μὴ,
2867 1253 3083 1307 ἀκούων
3128 1252 3365 1323 συνεχῶς
3397 1250 3560 1306 αὐτοῦ
3593 1251 3684 1303 λέν

2109 1362 2319 1415 γοντος,
2344 1346 2425 1399 ὅτι
2460 1364 2479 1397 ι
2510 1345 2757 1409 Δέδωκάς
2782 1362 2924 1416 μοῳ
2950 1345 3177 1418 νομίσῃς
3201 1346 3511 1414 πρόσφατον
3532 1343 3684 1415 αὐτῷ

2108 1436 2354 1493 δεδόσθαι
2404 1435 2502 1506 τὴν
2549 1437 2724 1508 ἀρχὴν
2769 1436 2863 1488 καὶ
2896 1434 2992 1505 τὴν
3030 1435 3274 1502 ἐξουσίαν
3312 1434 3533 1505 ταύτην,
3588 1437 3687 1488 καὶ

2108 1530 2196 1587 ὅτε
2236 1528 2380 1601 εἶχεν
2401 1527 2596 1593 αὐτοὺς
2640 1532 2669 1583 6
2698 1527 2908 1598 Πατὴρ,
2940 1530 3102 1593 αὐτὸς
3124 1530 3224 1582 οὐκ
3257 1525 3421 1599 εἶχεν,
3451 1529 3482 1598 ἢ
3518 1529 3684 1583 πάλιν

2110 1618 2226 1684 νῦν,
2257 1620 2343 1674 ὅτε
2377 1620 2539 1685 αὐτὸς
2571 1620 2703 1692 ἔχει,
2731 1622 2759 1673 ό
2794 1620 2982 1692 Πατὴρ
3024 1621 3273 1691 ἀφῃρέθη
3300 1621 3399 1691 τὴν
3436 1620 3683 1686 ἐξουσίαν

432 1725 669 1780 ablatam
702 1734 1019 1796 potestatem
1044 1764 1063 1790 ,
1093 1736 1377 1795 propterea
1399 1726 1571 1785 dicit:
1614 1744 1633 1777 ι
1661 1722 1852 1781 Omnia
1889 1741 2006 1781 mea

2111 1712 2324 1767 αὐτῶνο
2359 1713 2447 1766 διὰ
2478 1712 2635 1767 τοῦτό
2668 1728 2803 1780 φησι
2825 1725 2844 1744 ο
2898 1730 2918 1763 ι
2969 1713 3081 1766 Καὶ
3126 1713 3193 1767 τὰ
3229 1713 3336 1782 ὲμὰ
3383 1712 3580 1780 πάντα,
3613 1713 3687 1771 σά

434 1828 523 1870 tua
555 1827 700 1882 sunt,
740 1827 794 1871 et
821 1826 909 1871 tua
943 1833 1081 1872 mea.
1132 1835 1151 1869 ι
1184 1816 1300 1872 Νοιι
1329 1820 1473 1873 enim
1510 1835 1651 1872 nunc
1683 1820 1864 1888 accepi
1911 1835 2005 1889 po-

2111 1808 2247 1870 ἐστι,
2299 1806 2395 1859 καὶ
2446 1806 2513 1859 τὰ
2562 1804 2652 1870 σὰ,
2688 1806 2816 1874 ἐμά.
2858 1824 2876 1858 ι
2929 1806 3004 1859 O6
3038 1808 3146 1876 γὰρ
3187 1805 3281 1859 νῦν
3335 1805 3525 1861 ἔλαϐον
3580 1807 3683 1875 τὴν

432 1898 706 1974 testatem,
737 1907 830 1962 sed
872 1909 1084 1977 quando
1123 1908 1197 1962 tui
1238 1908 1479 1974 fuerunt,
1504 1921 1556 1962 et
1587 1908 1692 1963 mei
1739 1910 1999 1964 fuerunt:

437 2015 459 2051 ι
504 1998 619 2052 'l‘ua
646 2000 789 2053 enim
822 1998 1027 2065 omnia,
1071 2014 1227 2053 mea:
1267 2017 1287 2053 ι
1337 2011 1391 2054 et
1422 1992 1640 2069 quando
1677 2002 1789 2071 ipse
1833 2002 2004 2056 habeo

430 2105 545 2154 eos,
589 2098 645 2144 et
677 2100 731 2144 tu
780 2090 968 2155 habes,
1004 2100 1056 2145 et
1100 2106 1202 2144 non
1239 2105 1297 2145 es
1342 2092 1621 2161 privatus:
1660 2111 1678 2144 ι
1712 2091 1828 2147 Mea
1860 2094 2002 2147 enim

431 2180 631 2245 omnia,
665 2190 776 2235 tua.
809 2198 830 2233 ι
859 2209 931 2222 -
965 2197 984 2232 ι
1029 2178 1093 2234 Et
1123 2180 1454 2251 gloriﬁcatus
1485 2198 1601 2235 sum
1640 2182 1690 2236 in
1708 2183 1811 2248 eis,
1846 2201 1863 2235 ι
1902 2183 2005 2237 hoc

429 2281 540 2338 est,
576 2272 1131 2342 potestatenrillorum
1174 2272 1377 2329 habens
1408 2282 1465 2327 ut
1520 2272 1798 2338 Dominus,
1835 2276 1887 2329 in
1926 2276 2004 2331 eis

434 2362 731 2435 gloriticor,
777 2364 916 2417 sicut
943 2373 995 2416 et
1028 2363 1170 2431 regis
1196 2362 1340 2418 ﬁlius
1373 2364 1631 2434 aqualem
1674 2380 1795 2419 cum
1850 2376 2006 2436 patre

432 2463 755 2523 potestatem
817 2454 1025 2510 habens
1070 2469 1134 2510 ac
1180 2448 1428 2524 regnum,
1482 2454 1819 2525 glorificatur
1854 2457 1905 2509 in
1939 2471 2006 2509 eo

434 2545 577 2613 quod
604 2550 750 2597 tanta
781 2542 963 2605 habet,
1001 2554 1199 2612 quanta
1231 2555 1403 2614 pater.
1437 2543 1492 2599 Si
1525 2560 1654 2615 ergo
1692 2546 1887 2601 iterum
1918 2544 2008 2601 Fi-

431 2636 539 2695 lius
575 2636 753 2691 minor
778 2646 923 2691 esset
955 2636 1136 2703 Patre,
1169 2637 1440 2705 quomodo
1482 2651 1650 2693 ausus
1700 2638 1890 2694 fuisset
1922 2639 2004 2692 di-

439 2739 588 2791 cere,
633 2744 651 2777 ι
690 2725 881 2781 Omnia
918 2737 1007 2780 tua
1032 2742 1150 2780 mea
1186 2727 1355 2782 sunt?
1381 2745 1401 2780 ι
1433 2728 1571 2782 Nam
1606 2729 1854 2784 dominus
1884 2731 2006 2798 qui-

433 2817 554 2873 dem
583 2818 768 2871 omnia
791 2818 955 2873 habet
986 2832 1105 2887 quae
1135 2827 1263 2872 sunt
1290 2820 1455 2881 servi.
1486 2834 1679 2880 servus
1701 2832 2005 2876 autemnon

436 2905 621 2959 omnia
653 2921 773 2974 quae
803 2913 934 2961 sunt
968 2905 1192 2965 domini.
1220 2904 1331 2962 Hoc
1360 2916 1537 2964 autem
1569 2907 1686 2962 loco
1710 2910 2006 2961 conversim

435 2997 580 3066 loqui
622 2998 770 3063 licet,
802 3008 859 3052 ut
896 3014 1016 3068 quae
1046 3008 1172 3055 sunt
1200 2997 1401 3063 Patris,
1429 3015 1491 3055 ea
1524 3000 1634 3055 sint
1677 3008 1732 3054 et
1773 2998 1916 3066 Filii,
1954 3010 2011 3054 et

434 3097 644 3145 contra.
691 3090 1036 3147 Gloriﬁcatur
1073 3092 1237 3162 igitur
1273 3089 1442 3146 Filius
1491 3091 1547 3146 in
1598 3092 1683 3147 bis
1730 3107 1852 3162 qua:
1884 3099 2011 3146 sunt

434 3180 633 3236 Patris.
680 3181 911 3237 Tantam
956 3183 1103 3238 enim
1155 3183 1398 3239 omnium
1451 3192 1778 3254 potestatem
1822 3184 2003 3252 habet,

435 3285 695 3343 quantam
725 3284 777 3329 et
804 3274 967 3346 730
998 3274 1181 3330 Pater.

512 3365 672 3423 Vsus.
708 3368 798 3434 ll,
839 3368 923 3422 12.
964 3387 985 3421 ι
1024 3366 1224 3439 Etjam
1273 3385 1378 3425 non
1418 3385 1537 3426 sum
1580 3369 1633 3423 in
1680 3370 1919 3425 mundo:
1957 3382 2012 3424 et

438 3459 494 3521 hi
533 3462 585 3514 in
615 3461 813 3514 mundo
840 3468 984 3525 sunt,
1017 3469 1072 3514 et
1100 3476 1199 3532 ego
1226 3461 1293 3516 ad
1328 3471 1378 3517 te
1406 3463 1583 3517 venio.
1616 3462 1778 3518 Pater
1805 3471 2008 3528 sancte,

435 3566 590 3606 serva
615 3564 707 3605 eos
730 3566 822 3621 per
848 3566 1041 3605 nomen
1063 3561 1236 3618 tuum,
1261 3568 1396 3622 quos
1426 3552 1621 3607 dedisti
1649 3553 1804 3618 mihi,
1826 3563 1881 3607 ut
1902 3553 2012 3607 sint

440 3658 609 3704 unum
641 3644 782 3698 sicut
824 3653 878 3698 et
910 3660 1030 3700 nos.
1074 3643 1208 3700 Cum
1247 3659 1421 3699 essem
1455 3660 1574 3699 cum
1599 3646 1676 3700 eis
1709 3646 1763 3701 in
1788 3647 2007 3709 mundo,

437 3749 540 3804 ego
576 3737 856 3789 servabam
885 3751 979 3791 eos
1015 3737 1069 3791 in
1108 3738 1324 3791 nomine
1354 3746 1466 3792 tuo.
1503 3754 1523 3788 ι
1554 3736 1733 3803 Quare
1755 3738 2012 3791 continuo

437 3823 591 3887 dicit,
618 3840 636 3875 ι
661 3820 784 3879 Jam
809 3840 912 3879 non
935 3841 1052 3880 sum
1081 3826 1133 3879 in
1158 3827 1379 3891 mundo,
1412 3847 1430 3880 ι
1464 3837 1537 3894 et,
1570 3846 1587 3881 ι
1610 3827 1840 3895 Quando
1860 3844 2009 3885 eram

434 3929 559 3969 cum
613 3916 695 3968 eis
725 3915 779 3969 in
822 3915 1058 3970 mundo?
1103 3935 1122 3968 ι
1171 3916 1434 3972 Videntur
1458 3921 1604 3977 enim
1637 3921 2012 3979 contradicto-

436 4004 518 4065 ria
565 4020 668 4058 non
715 4007 1068 4061 examinanti.
1115 4007 1235 4062 Alio
1273 4010 1416 4065 enim
1464 4010 1579 4064 loco
1622 4012 1868 4081 promisit
1894 4013 2007 4069 eis:

441 4112 464 4155 ι
492 4093 597 4153 Ero
636 4097 935 4163 vobiscum,
964 4105 1019 4152 et
1051 4098 1305 4155 videbitis
1340 4117 1422 4155 me
1451 4101 1520 4134 ⁸⁵·
1546 4120 1560 4157 :
1593 4120 1612 4155 ι
1661 4119 1805 4158 nunc
1831 4114 2010 4158 autern

434 4186 543 4241 alia
569 4186 781 4239 videtur
812 4188 1014 4241 dicere.
1052 4186 1237 4243 Potest
1267 4189 1432 4260 igitur
1475 4206 1603 4246 vere
1636 4191 1739 4246 dici
1769 4194 1911 4260 quod
1944 4194 2011 4248 ad

439 4276 679 4343 ipsorum
715 4287 951 4334 mentem
989 4278 1091 4339 ista
1126 4278 1461 4347 loqueretur.
1503 4279 1638 4337 Nam
1670 4284 1796 4352 quia
1826 4285 2013 4337 verisi-

440 4367 567 4421 mile
590 4378 709 4421 erat
735 4369 940 4426 tristari
962 4384 1077 4435 eos,
1112 4378 1295 4440 utpote
1324 4373 1412 4440 qui
1448 4372 1891 4442 relinquebantur
1920 4375 2014 4428 ad-

2111 1897 2377 1963 ἐξουσίαν,
2409 1897 2526 1953 ἀλλ’
2564 1899 2652 1953 ὅτε
2686 1899 2770 1950 σοὶ
2801 1892 2958 1969 ἦσαν,
2992 1899 3085 1950 καί
3109 1898 3230 1968 ἐμοι
3258 1913 3272 1934 ο
3312 1917 3330 1950 ι
3355 1899 3436 1952 Τὰ
3474 1897 3583 1968 γὰρ
3613 1899 3681 1957 σὰ

2112 1990 2312 2054 πάντα,
2336 1991 2462 2060 ἐμά.
2506 2010 2524 2042 ι
2548 1990 2658 2045 Καὶ
2684 1991 2771 2044 ὅτε
2795 1990 2850 2043 δὲ
2880 1990 3041 2053 αὐτὸς
3067 1989 3174 2060 ἔχω
3207 1990 3448 2055 τούτους,
3487 1990 3583 2045 καὶ
3615 1992 3680 2045 σὺ

2111 2078 2278 2148 ἔχεις,
2300 2080 2505 2134 καὶούκ
2534 2081 2816 2152 ἀφῃρέθης
2842 2096 2858 2113 ο
2884 2099 2901 2132 ι
2933 2080 3016 2133 Τὰ
3038 2082 3144 2153 γὰρ
3169 2081 3277 2152 ἐμὰ
3306 2083 3503 2144 πάντα,
3532 2082 3621 2138 σά.
3655 2101 3675 2135 ι

2109 2201 2179 2212 —
2205 2192 2224 2224 ι
2246 2174 2356 2229 Καὶ
2389 2171 2715 2241 δεδόξασμαι
2739 2173 2794 2223 ὲν
2816 2173 3020 2236 αὐτοῖς·
3050 2192 3067 2224 ι
3087 2175 3386 2231 τουτέστιν.
3405 2173 3682 2238 Ἐξουσίαν

2111 2265 2289 2318 αὐτῶν
2314 2266 2450 2335 ἔχων
2481 2264 2555 2326 ὡς
2587 2265 2887 2333 Δεσπότης,
2924 2282 2943 2316 ι
2981 2266 3039 2319 ὲν
3072 2267 3256 2329 αὐτοῖς
3284 2264 3575 2336 δοξάζομαι
3597 2281 3614 2296 ⁸
3653 2284 3675 2319 ι

2112 2357 2303 2423 ὥσπερ
2334 2357 2427 2410 καὶ
2471 2359 2498 2410 6
2531 2356 2623 2409 τοῦ
2659 2355 2927 2427 βασιλέως
2974 2356 3109 2421 υἱὸς,
3142 2356 3239 2427 τὴν
3276 2359 3547 2426 ἰσοτιμίαν
3586 2359 3681 2418 τοῦ

2116 2448 2322 2521 πατρὸς
2354 2448 2514 2517 ἔχων,
2547 2448 2642 2501 καὶ
2689 2449 2786 2520 τὴν
2829 2448 3126 2519 βασιλειαν,
3182 2448 3466 2513 δοξάζεται
3502 2452 3559 2503 ὲν
3606 2450 3684 2520 τῷ

2112 2543 2348 2596 τοσαῦτα
2384 2541 2547 2611 ἔχειν,
2581 2541 2680 2594 ὅσα
2713 2543 2741 2593 6
2774 2542 2980 2611 πατήρ.
3015 2541 3078 2593 Εἰ
3108 2541 3287 2593 τοίνυν
3314 2542 3343 2594 ό
3371 2542 3494 2604 Υἱὸς
3525 2545 3684 2595 ἐλάτ-

2092 2655 2222 2713 ⁴τιιυν
2253 2633 2322 2708 ἦν
2355 2636 2450 2691 τοῦ
2497 2637 2729 2707 Πατρὺς,
2778 2636 2892 2699 πῶς
2926 2637 3223 2706 ἐτόλμησεν
3256 2635 3322 2689 ἃν
3370 2639 3562 2700 εἰπεῖν,
3601 2637 3685 2694 ὅτι

2119 2746 2138 2779 ι
2173 2729 2252 2783 Τὰ
2282 2728 2351 2782 σὰ
2393 2729 2566 2784 πάντα
2625 2728 2732 2798 ἐμά
2778 2729 2943 2782 ἐστιν.
3018 2728 3077 2783 '0
3124 2728 3223 2800 μὲν
3263 2728 3371 2799 γὰρ
3416 2728 3685 2801 δεσπότης

2114 2816 2226 2887 ἔχει
2280 2818 2456 2871 πάντα
2496 2816 2564 2871 τὰ
2611 2818 2705 2870 τοῦ
2762 2816 2986 2871 δούλου*
3048 2820 3076 2872 ό
3105 2818 3163 2873 δὲ
3207 2818 3391 2883 δοῦλος
3428 2821 3530 2877 οὐκ
3568 2820 3686 2892 ἔχει

2115 2910 2294 2963 πάντα
2331 2911 2397 2962 τὰ
2424 2908 2519 2969 τοῦ
2564 2909 2846 2967 δεσπότου.
2890 2910 3156 2969 Ἐνταῦθα
3203 2911 3260 2964 δὲ
3313 2913 3683 2985 ἀντιστρέφει,

2113 3002 2211 3056 καὶ
2239 3003 2305 3055 τὰ
2340 3002 2435 3056 τοῦ
2469 3000 2708 3074 Πατρδς,
2746 3001 2841 3055 τοῦ
2883 3001 3016 3056 Υἱοῦ
3061 3005 3220 3071 εἰσιν,
3271 3003 3461 3075 ὥσπερ
3491 3007 3585 3060 καὶ
3615 3009 3687 3065 τὰ

2114 3092 2209 3146 τοῦ
2241 3094 2394 3158 Υἱοῦ,
2433 3093 2526 3147 τοῦ
2566 3094 2801 3164 Πατρός.
2829 3093 3122 3160 Δοξάζεται
3155 3092 3250 3150 06v
3270 3098 3298 3149 6
3336 3097 3463 3161 Υιὺς
3489 3100 3546 3150 ὲν
3571 3101 3687 3166 τοῖς

2110 3183 2204 3237 τοῦ
2237 3184 2474 3254 Πατρός.
2520 3185 2805 3259 Τοσαύτην
2849 3184 2955 3259 γὰρ
2998 3184 3247 3252 ἐξουσίαν
3297 3186 3412 3259 ἔχει
3448 3190 3685 3257 πάντων,

2113 3277 2246 3348 ὅσην
2280 3278 2375 3331 καὶ
2405 3279 2433 3330 ό
2472 3277 2684 3351 Πατήρ.
3032 3304 3047 3349 ,

2188 3386 2206 3420 ι
2242 3369 2351 3424 Καὶ
2381 3369 2484 3429 οὐκ
2515 3368 2595 3423 ἔτι
2620 3368 2738 3439 εἰμὶ
2770 3370 2829 3424 ὲν
2843 3368 2921 3441 τῷ
2955 3370 3145 3442 κόσμῳ
3171 3387 3187 3403 θ
3220 3372 3316 3427 καὶ
3344 3363 3492 3426 οὗτοι
3519 3374 3578 3426 ὲν
3605 3373 3687 3444 τῷ

2112 3458 2305 3529 κόσμῳ
2339 3460 2466 3523 εἰσὶ,
2500 3460 2595 3516 καὶ
2627 3458 2738 3528 ἐγὼ
2774 3461 2908 3530 πρὸς
2946 3463 3003 3519 σὲ
3044 3462 3295 3533 ἔρχομαι.
3328 3466 3509 3535 Πάτερ
3541 3464 3685 3536 ἅγιε,

2112 3551 2353 3627 τήρησον
2382 3552 2579 3613 αὐτοὺς
2604 3552 2660 3611 ὲν
2685 3552 2762 3622 τῷ
2789 3552 3013 3624 ὀνόματί
3041 3571 3158 3619 σου,
3195 3555 3288 3618 οὓς
3312 3556 3549 3621 δέδωκάς
3571 3576 3684 3630 μοι,

2114 3640 2202 3693 ἵνα
2226 3634 2359 3692 ὦσιν
2380 3638 2437 3693 ἓν
2477 3639 2657 3703 καθὼς
2688 3641 2872 3715 ἡμεῖς.
2917 3642 3043 3697 Ὅτε
3079 3645 3228 3716 ήμην
3271 3647 3388 3712 μετ’
3417 3648 3597 3701 αὐτῶν
3626 3650 3688 3704 ἐν

2113 3732 2192 3802 τῷ
2221 3733 2429 3803 κόσμῳ,
2454 3731 2564 3801 ἐγὼ
2598 3733 2827 3805 ἐτήρουν
2856 3735 3054 3799 αὐτοὺς
3074 3738 3131 3790 ὲν
3158 3738 3235 3807 τῷ
3255 3739 3477 3808 ὀνόματί
3510 3756 3627 3795 σου.
3660 3760 3681 3800 ι

2115 3824 2272 3887 Τίνος
2302 3825 2489 3879 ἕνεκεν
2522 3826 2759 3897 συνεχῶς
2777 3828 2937 3881 τοῦτο
2960 3846 3115 3900 φησι,
3143 3830 3223 3895 τδ,
3265 3850 3284 3883 t
3322 3833 3433 3887 Οὐκ
3459 3834 3538 3888 ἔτι
3570 3837 3688 3905 εἰμὶ

2114 3916 2171 3969 ἐν
2215 3916 2293 3991 τῷ
2339 3917 2547 3989 κόσμῳ,
2597 3936 2615 3969 ι
2648 3918 2766 3982 καὶ,
2822 3936 2841 3970 ι
2887 3920 3017 3972 Ὅτε
3054 3922 3202 3991 ήμην
3247 3926 3366 3994 μετ’
3410 3926 3588 3979 αὐτῶν
3625 3929 3687 3982 ὲν

2112 4007 2188 4076 τῷ
2217 4008 2441 4081 idem);
2478 4026 2497 4060 ι
2530 4008 2814 4063 Φαίνονται
2844 4009 2953 4087 γὰρ
2982 4010 3182 4076 ἄτοπα,
3228 4016 3281 4067 εἴ
3315 4034 3398 4087 τις
3428 4020 3685 4086 ἀνεξετά-

2115 4115 2256 4162 στως
2297 4098 2471 4153 ταῦτα
2516 4099 2810 4177 ὲκδέχοιτο.
2858 4102 3120 4174 Ἀλλαχοῦ
3151 4106 3257 4177 γὰρ
3287 4107 3551 4181 ὑπέσχετο
3581 4113 3682 4172 αὖ-

2112 4194 2245 4257 τοῖς,
2272 4192 2353 4245 ὅτι
2385 4210 2405 4247 ι
2451 4191 2689 4263 Ἕσομαι
2727 4194 2845 4265 μεθ’
2872 4195 3047 4267 ὑμῶν,
3085 4218 3103 4250 ι
3149 4204 3243 4254 καὶ
3278 4201 3360 4255 ὃτι
3394 4221 3413 4254 ι
3449 4205 3683 4273 Ὄψεσθέ

2116 4298 2183 4353 με
2212 4298 2228 4314 ο
2276 4300 2295 4335 ι
2346 4282 2442 4336 νῦν
2474 4283 2531 4337 δὲ
2561 4284 2699 4343 ἄλλα
2742 4286 2989 4356 φαίνεται
3042 4289 3234 4362 λέγων.
3272 4293 3458 4347 Ἔστιν
3502 4295 3595 4350 06v
3623 4300 3684 4352 τὸ

2116 4375 2314 4446 ἀληθὲς
2339 4377 2535 4441 εἰπεῖν,
2572 4378 2654 4432 ὅτι
2701 4379 2837 4452 πρὸς
2870 4381 2969 4452 τὴν
3010 4382 3189 4436 αὐτῶν
3224 4384 3462 4441 διάνοιαν
3505 4389 3683 4450 ταῦτα

433 4459 615 4524 jntore
639 4459 900 4525 destituti.
932 4463 1169 4521 ostendit
1192 4462 1334 4531 quod
1359 4464 1503 4519 Patri
1528 4479 1621 4520 eos
1643 4467 2006 4532 commendet,

2117 4467 2432 4537 φθέγγεται.
2465 4470 2617 4523 Ἐπεὶ
2641 4470 2750 4543 γὰρ
2779 4472 2925 4536 εἰκὸς
2953 4470 3019 4544 ἦν
3042 4476 3242 4542 αὐτοὺς
3267 4478 3577 4551 ἀδημονεῖν,
3604 4486 3682 4549 ὡς

435 4558 493 4605 et
508 4549 657 4605 illum
679 4553 959 4607 custodem
984 4555 1062 4608 eis
1090 4554 1430 4624 prmﬁciat,et
1450 4553 1664 4612 Patrem
1681 4556 2008 4630 alloquatur,

439 4640 666 4696 dicens:
700 4640 833 4707 Quia
855 4649 955 4697 ate
986 4658 1168 4707 vocor,
1200 4661 1220 4697 ι
1254 4659 1406 4697 serva
1436 4645 1551 4715 ipse
1579 4644 1701 4704 illos
1722 4646 2010 4711 innomine

438 4744 554 4798 tuo,
604 4751 623 4787 ι
673 4734 773 4789 hoc
812 4744 943 4801 est,,
982 4751 1077 4805 per
1123 4746 1270 4791 tuum
1318 4736 1641 4806 adiutorium
1666 4748 1720 4794 et
1752 4742 2005 4800 virtutem

438 4835 601 4897 quam
651 4826 847 4881 dedisti
894 4829 1046 4885 mihi.
1080 4827 1337 4895 Quasnam
1379 4841 1558 4885 autem
1610 4840 1696 4886 est
1727 4833 2010 4889 custodia?

445 4933 465 4968 ε
500 4914 570 4972 ῐ]ι
598 4915 708 4970 sint
738 4931 925 4971 unum.
962 4935 983 4970 ι
1035 4917 1171 4973 Nam
1206 4920 1250 4973 si
1298 4921 1614 4975 charitatem
1656 4924 1798 4977 inter
1822 4938 1880 4978 se
1907 4924 2005 4978 ha-

338 5024 341 5027 ‘
439 5007 677 5075 buerint,
705 5015 760 5061 et
790 5024 894 5064 non
938 5010 1141 5064 fuerint
1176 5010 1477 5079 discordes,
1512 5013 1693 5069 invicti
1729 5024 1907 5082 erunt,
1950 5024 2006 5071 et

440 5096 571 5150 nihil
609 5097 691 5152 eis
740 5098 1071 5166 praevalebit.
1123 5099 1240 5156 Non
1285 5103 1606 5175 simpliciter
1644 5115 1823 5161 autent
1876 5124 1896 5160 ι
1934 5106 2005 5163 Ut

437 5191 546 5243 sint
568 5204 756 5253 unum,
784 5209 804 5241 ι
834 5194 927 5246 sed
953 5191 1103 5247 Sicut
1134 5208 1236 5264 ego
1262 5205 1315 5250 et
1339 5207 1415 5261 tu,
1442 5176 1605 5251 unum
1637 5199 1911 5268 sapientes
1953 5210 2008 5254 et

436 5297 602 5335 unum
638 5282 904 5351 volentes,
934 5285 1022 5339 illa
1052 5302 1146 5341 eos
1167 5290 1459 5344 concordia
1496 5292 1786 5347 custodiet.
1818 5291 2007 5364 Itaque

438 5383 497 5427 ut
527 5375 836 5430 consoletur
865 5393 959 5432 eos
985 5378 1197 5434 Patrem
1238 5390 1358 5435 orat
1387 5398 1481 5453 pro
1521 5384 1765 5440 custodia
1795 5400 2002 5440 eorum.

437 5462 573 5517 Nam
606 5462 650 5516 si
674 5464 932 5521 dixisset:
968 5466 1080 5537 Ego
1112 5472 1418 5526 custodiam
1460 5488 1576 5538 vos,
1612 5491 1717 5530 non
1764 5477 1843 5529 sic
1883 5490 2006 5530 cre-

436 5555 729 5612 didissent:
765 5574 909 5614 nunc
950 5570 1129 5616 autem
1178 5565 1303 5619 dum
1333 5564 1547 5623 Patrem
1573 5582 1672 5638 pro
1711 5568 1792 5625 eis
1838 5580 1990 5639 rogat

506 5736 576 5777 ν’
620 5736 771 5793 Joan.
811 5756 921 5810 xw,
958 5742 1042 5804 l9.

2116 4562 2761 4632 ὲγκαταλιμπανομένους
2816 4565 3062 4635 ἐρήμους
3128 4566 3355 4638 βοηθοῦ·
3411 4572 3682 4636 δείκνυσιν

2113 4652 2318 4720 αὐτοῖς,
2349 4653 2430 4706 ὃτι
2468 4652 2547 4728 τῷ
2580 4655 2756 4725 Πατρὶ
2786 4656 2983 4721 αὐτοὺς
3020 4660 3397 4733 παρατίθεται,
3432 4665 3521 4718 καὶ
3554 4665 3683 4729 τοῦ-

2112 4760 2205 4797 τον
2229 4744 2447 4817 φύλακα
2475 4746 2659 4809 αὐτοῖς
2683 4748 2898 4825 ὲφιστᾷ,
2950 4752 3044 4803 καὶ
3065 4750 3142 4823 τῷ
3166 4754 3339 4825 Πατρὶ
3353 4755 3681 4827 διαλέγεται,

2111 4834 2193 4887 ὅτι
2238 4834 2457 4907 Ἐπειδὴ
2488 4837 2625 4907 πρὸς
2661 4841 2888 4891 σεαυτὸν
2935 4839 2998 4893 σύ
3043 4858 3110 4912 με
3152 4843 3357 4917 καλεῖς,
3395 4866 3414 4899 α
3450 4849 3685 4919 φύλαξον

2109 4926 2331 4991 τούτους
2355 4927 2515 4991 αὐτὸς
2539 4930 2597 4981 ὲν
2616 4928 2696 5000 τῷ
2717 4928 2940 4999 ὀνόματι
2963 4949 3056 4988 σου
3073 4950 3089 4967 ο
3119 4953 3136 4987 ι
3163 4937 3432 5003 τουτέστι.
3457 4943 3556 4996 Διὰ
3583 4942 3684 5012 τῆς

2112 5018 2211 5087 σῆς
2239 5017 2489 5090 βοηθείας
2520 5021 2614 5073 καὶ
2651 5018 2957 5092 δυνάμεως,
2995 5025 3062 5096 ἢν
3100 5027 3340 5094 δέδωκάς
3371 5048 3487 5102 μοι.
3510 5035 3602 5097 Τίς
3621 5035 3681 5088 δέ

2109 5110 2256 5163 ἐστιν
2273 5112 2306 5180 ὴ
2328 5110 2540 5181 φυλακή
2559 5128 2603 5174 ς(
2617 5112 2735 5167 Ἵνα
2753 5107 2882 5168 ὧσ.ν
2897 5117 2976 5172 ἐν.
2991 5136 3011 5170 ι
3033 5117 3158 5172 Ἐὰν
3176 5121 3284 5192 γὰρ
3298 5124 3518 5196 ἀγάπην
3546 5127 3682 5198 ἐχω-

2116 5217 2200 5253 σιν
2230 5200 2366 5271 πρὸς
2399 5202 2683 5273 ἀλλήλους,
2709 5206 2801 5259 καὶ
2827 5207 2901 5277 μὴ
2930 5209 3405 5281 διαστασιάσωσιν,
3420 5219 3682 5291 ἀήττητοι

2114 5292 2347 5356 ἔσονται,
2382 5295 2474 5347 καὶ
2505 5295 2658 5350 οὐδὲν
2704 5299 2883 5352 αὐτῶν
2918 5305 3204 5376 κρατήσει.
3241 5309 3352 5379 Οὐχ
3383 5311 3567 5377 ἁπλῶς
3602 5315 3682 5378 δὲ,

2122 5401 2142 5436 ι
2174 5384 2293 5437 ’Ὶνα
2323 5379 2455 5437 ὧσιν
2487 5383 2565 5451 ἒν,
2592 5404 2609 5435 ι
2636 5386 2791 5454 ἀλλὰ,
2812 5390 3008 5455 Καθὼς
3034 5393 3144 5462 ἐγὼ
3164 5398 3254 5448 καὶ
3283 5399 3369 5460 σὺ,
3400 5398 3458 5452 τὸ
3474 5399 3531 5452 ἒν
3552 5418 3687 5471 sapa.-

2115 5476 2353 5541 νοῦντες,
2393 5478 2455 5530 τὸ
2510 5477 2569 5529 ἓν
2614 5477 2877 5545 θέλοντες.
2930 5483 3097 5540 Τοῦτο
3147 5490 3257 5559 γάρ
3307 5491 3454 5545 ἐστιν
3495 5493 3683 5558 αὐτοῖς

2117 5568 2505 5641 φυλακτήριον,
2552 5570 2858 5641 ήόμόνοια.
2905 5574 3021 5630 Ἵνα
3064 5574 3156 5633 οὖν
3188 5581 3383 5646 αὐτοὺς
3421 5599 3685 5658 παραμυιι-
