4056 6640
332 424 439 489 233

1010 421 1459 482 ENARRATIO
1493 420 1570 479 ΙΝ
1612 415 2115 481 EVANGELIUM
2147 414 2489 479 JOANNIS.
2548 413 2806 478 —CAP.
2847 415 3031 479 XVII.

3483 416 3593 482 234

333 536 595 606 θήσηται,
625 531 716 587 τὸν
744 528 969 600 Πατέρα
1002 528 1318 601 παρακαλεῖ
1346 528 1439 581 ἐπὶ
1459 526 1559 598 τὴν
1587 527 1768 581 αὐτῶν
1814 542 1915 596 φυ-
1942 574 1946 586 ε

2052 540 2156 580 ona
2181 541 2275 596 spe
2306 526 2644 584 animantur.
2669 547 2687 580 ι
2716 529 2826 601 Ego
2856 531 3138 586 servabam
3163 545 3257 586 eos
3293 533 3346 586 in
3379 535 3597 588 nomine

327 628 527 697 λακήν.
573 626 636 680 El
674 624 783 694 γὰρ
829 619 1005 690 εἶπεν,
1049 624 1133 677 ὅτι
1193 621 1337 689 Ἐγὼ
1366 622 1591 693 τηρήσω
1623 620 1787 689 ὑμᾶς,
1824 620 1925 674 οὐκ

332 717 402 769 ἂν
429 715 603 778 οὕτως
638 715 1009 768 ἐπίστευσαν⁸
1049 711 1145 766 νῦν
1199 711 1256 764 δὲ
1306 712 1372 765 ἐκ
1419 711 1511 765 τοῦ
1560 710 1652 764 τὸν
1700 710 1921 780 Πατέρα

332 808 467 879 περὶ
509 808 690 860 αὐτῶν
734 806 943 871 ἀξιοῦν,
978 806 1060 869 είς
1103 802 1327 868 ἐλπίδας
1379 803 1577 879 αὐτοὺς
1613 801 1736 870 ἄγει
1790 819 1925 873 χρη-

334 875 488 965 στας.
521 901 595 954 Τὸ
619 901 699 965 δέ,
738 919 762 952 ι
810 898 952 968 Ἐγὼ
994 899 1226 971 ἐτήρουν
1267 875 1467 961 αὑτοὺξ
1496 898 1554 951 ἐν
1591 897 1669 968 τῷ
1697 895 1923 967 ὀνόματί

333 1010 455 1059 σου,
490 1012 510 1045 ι
547 995 736 1065 φησὶν,
767 992 866 1062 οὐχ
892 992 966 1055 ὡς
997 990 1161 1054 αὐτὸς
1191 989 1267 1061 μὴ
1310 989 1608 1060 δυνάμενος
1639 989 1838 1054 ἄλλως,
1872 991 1920 1041 εἰ

330 1084 414 1156 μὴ
459 1084 545 1140 διὰ
597 1085 659 1138 τὸ
711 1084 881 1155 ὄνομα
932 1083 1028 1138 τοῦ
1079 1081 1318 1152 Πατρός,
1378 1081 1496 1140 ἀλλ’
1534 1081 1609 1145 ὡς
1660 1080 1921 1144 πολλάκις

330 1178 583 1247 εἴπομεν,
615 1177 704 1233 διὰ
734 1177 797 1230 τὸ
831 1176 1080 1238 ἀσθενεῖς
1103 1170 1245 1227 εἶναι
1288 1173 1417 1237 τοὺς
1462 1172 1783 1238 ἀκούοντας,
1828 1170 1924 1225 καὶ

332 1269 507 1339 μὴ-πω
574 1268 742 1341 μηδὲν
804 1268 946 1339 μέγα
992 1267 1122 1337 περὶ
1168 1264 1334 1320 αὐτοῦ
1388 1264 1777 1335 φαντάζεσθαι,
1835 1266 1924 1321 διὰ

331 1359 497 1411 τοῦτό
527 1375 715 1431 φησιν,
746 1357 828 1411 ὅτι
865 1357 953 1410 Ἐν
983 1357 1049 1427 τῇ
1084 1357 1149 1425 σῇ
1179 1352 1404 1426 βοηθείᾳ
1445 1354 1673 1423 ἐτήρουν
1703 1352 1923 1416 αὐτούς.

2030 628 2142 684 ιυο,
2180 638 2199 671 ι
2228 619 2359 674 dicit
2405 636 2420 674 :
2455 635 2561 675 non
2596 624 2736 690 qnml
2786 625 2900 693 ipse
2942 640 3048 679 non
3102 626 3277 680 valeat
3310 625 3467 680 aliter
3501 628 3601 683 nisi

2029 726 2126 781 per
2176 726 2369 766 nomen
2419 711 2618 777 Patris,
2665 715 2781 779 sed,
2833 726 2891 770 ut
2934 732 3076 786 sa'pe
3121 718 3254 783 dixi,
3306 717 3606 774 inﬁrmitati

2029 804 2268 859 consulit
2307 805 2640 871 auditorum,
2691 818 2744 861 et
2773 812 3015 864 nondum
3069 828 3317 880 maguum
3349 814 3603 882 quiddam

2029 897 2095 950 de
2122 911 2180 951 se
2216 898 2566 952 sentientium
2595 915 2611 968 ;
2647 909 2868 969 prepter
2909 902 3009 969 hoc
3036 903 3204 958 dicit:
3237 907 3295 960 In
3326 914 3417 960 tuo
3447 905 3606 974 adju-

2029 988 2169 1043 torio
2201 992 2484 1044 servabam
2513 1006 2630 1046 eos.
2678 990 2900 1062 Insuper
2929 1007 2985 1049 et
3016 994 3152 1052 bene
3193 1011 3415 1067 sperare
3454 999 3605 1053 facit.

2029 1079 2499 1146 Quemadmodum
2524 1097 2645 1137 cum
2681 1098 2858 1139 essem
2896 1088 3175 1141 vobiscum
3205 1103 3463 1155 prmseus,
3489 1106 3607 1145 ser-

2030 1171 2305 1227 vabainini
2340 1173 2392 1227 in
2435 1175 2660 1229 nomine
2698 1184 2749 1230 et
2781 1177 3050 1244 adjutorio
3091 1179 3286 1245 Patris,
3346 1181 3419 1234 ita
3466 1197 3611 1238 nunc

2032 1280 2251 1335 quoque
2290 1268 2498 1323 credite
2551 1282 2646 1324 vos
2686 1270 2754 1324 ab
2785 1284 2851 1324 eo
2899 1273 3221 1326 servandos.
3275 1272 3423 1328 Solet
3463 1277 3609 1329 enim

2034 1357 2203 1412 vestri
2246 1372 2432 1413 curam
2470 1360 2693 1417 habere.
3261 1343 3270 1352 ’

334 1455 505 1526 Ἀμα
553 1454 612 1507 δὲ
680 1452 778 1507 καὶ
826 1452 1115 1516 εὐέλπιδας
1167 1451 1365 1513 αὑτοὺς
1440 1450 1604 1513 ποιεῖ,
1659 1448 1741 1500 ὅτι
1795 1447 2006 1521 Ὥσπερ
2044 1452 2138 1505 καὶ
2178 1452 2311 1524 ἐμοῦ
2358 1455 2610 1520 συνόντος
2659 1456 2810 1528 ὑμῖν,
2858 1457 3140 1528 ἐτηρεῖσθε
3177 1458 3236 1511 ἐν
3267 1456 3344 1529 τῷ
3382 1458 3617 1531 ὀνόματι

333 1548 432 1603 τοῦ
459 1545 676 1617 Πατρός
710 1563 814 1618 μου
848 1545 943 1599 καὶ
972 1547 1039 1617 τῇ
1076 1542 1333 1617 βοηθείᾳο
1366 1540 1510 1595 οὕτω
1540 1541 1636 1595 καὶ
1696 1539 1857 1597 πάλιν
1914 1544 2203 1599 πιστεύετε
2237 1547 2342 1601 ὑπὸ
2371 1547 2468 1603 τοῦ
2495 1547 2665 1604 αὑτοῦ
2715 1548 3128 1621 τηρηθήσεσθαι
3155 1566 3170 1581 ο
3238 1551 3467 1622 σύνηθες
3508 1553 3619 1624 γὰρ

336 1642 492 1713 αὐτῷ
522 1641 585 1694 τὸ
614 1639 906 1709 φυλάττειν
924 1639 1089 1710 ὑμᾶς.

418 1754 437 1786 ι
478 1730 586 1796 Οὒς
629 1731 867 1794 δέδωκάς
903 1747 1017 1800 μοι,
1053 1727 1317 1799 ἐφύλαξα,
1346 1729 1441 1782 καὶ
1463 1727 1639 1792 οὐδεὶς
1670 1726 1729 1793 ἐξ
1748 1726 1930 1782 αὐτῶν

338 1824 615 1889 ἀπώλετο,
645 1826 694 1878 ει
726 1823 802 1895 μὴ
833 1826 861 1877 ὁ
911 1822 1029 1887 υἱὸς
1061 1824 1161 1893 τῆς
1195 1822 1494 1887 ἀπωλείας,
1536 1820 1625 1875 ἵνα
1664 1823 1700 1895 ἡ
1735 1819 1928 1893 Γραφὴ

2112 1728 2276 1784 Vsus.
2326 1728 2413 1794 12,
2468 1730 2557 1787 15.
2604 1750 2623 1783 ι
2662 1729 2809 1797 Quos
2853 1731 3049 1787 dedisti
3105 1732 3237 1787 mihi
3279 1748 3379 1803 ego
3436 1744 3621 1789 custo-

2036 1820 2170 1888 diri,
2235 1831 2293 1877 et
2334 1836 2495 1877 nemo
2538 1838 2606 1878 ex
2654 1824 2734 1880 eis
2782 1824 2962 1893 periit,
3018 1824 3121 1880 nisi
3174 1824 3313 1879 (ilius
3360 1825 3449 1880 ille
3498 1842 3620 1895 per-

341 1917 631 1990 πληρωθῇ.
664 1914 782 1969 Νῦν
807 1915 863 1968 δὲ
892 1915 1029 1987 πρὸς
1065 1915 1412 1987 σὲέρχομαι,
1448 1915 1543 1968 καὶ
1575 1914 1749 1968 ταῦτα
1782 1912 1929 1966 λαλῶ

2051 1914 2201 1980 litus,
2230 1923 2287 1968 ut
2320 1915 2602 1986 Scriptura
2635 1917 3026 1986 compleretur.
3058 1913 3219 1973 Nunc
3246 1923 3430 1972 autem
3464 1919 3532 1973 ad
3568 1929 3620 1973 te

343 2015 407 2067 ἐν
444 2011 520 2082 τῷ
568 2010 781 2081 κόσμῳ,
815 2009 902 2063 ἶνα
945 2007 1111 2079 ἔχωσι
1150 2009 1249 2081 τὴν
1294 2008 1468 2080 χαρὰν
1503 2009 1604 2077 τὴν
1651 2008 1790 2077 ἐμὴν
1831 2022 1934 2059 πε-

343 2103 718 2176 πληρωμένην
749 2104 807 2156 ἐν
845 2103 1082 2165 ἑαυτοῖς.
1121 2119 1140 2153 ι
1183 2100 1413 2172 Πολλὴὴ
1448 2099 1781 2163 ταπείνωσις
1826 2098 1936 2152 τῶν

339 2198 634 2272 ῥημάτων,
687 2195 741 2248 εἴ
798 2212 883 2258 τις
942 2195 1085 2248 αὐτὰ
1157 2193 1323 2260 ἀξίως
1407 2193 1703 2264 ἐκδέχοιτο.
1793 2191 1936 2265 Ὅρα

344 2295 457 2364 γὰρ
524 2289 766 2344 ἐνταῦθα
815 2288 867 2342 τί
935 2286 1232 2357 φαίνεται,
1289 2305 1307 2338 ι
1353 2285 1460 2351 Οὓς
1524 2285 1764 2350 δέδωκάς
1822 2301 1935 2355 μοι,

346 2385 617 2456 ἐφύλαξα.
662 2402 682 2436 ›
727 2383 885 2436 Δοκεῖ
911 2381 1019 2452 γάρ
1065 2377 1471 2451 παραγγέλλειν
1496 2379 1576 2451 τῷ
1614 2378 1811 2448 Πατρὶ,
1850 2376 1938 2430 ἵνα

352 2477 604 2550 φυλάσσῃ
632 2476 726 2529 καὶ
754 2474 783 2527 ὁ
815 2472 1006 2543 Πατὴρ
1039 2470 1235 2535 αύτούς
1262 2487 1275 2501 ·
1312 2469 1502 2538 ὥσπερ
1534 2469 1600 2524 ἂν
1630 2469 1683 2522 εἴ
1705 2485 1789 2531 τις
1832 2484 1939 2521 πα-

348 2569 603 2642 ραδιδούς
638 2584 746 2621 τινι
778 2566 1044 2637 χρήματα
1067 2563 1205 2636 πρὸς
1234 2563 1506 2632 φυλακὴν,
1545 2562 1711 2615 εἵπου
1741 2561 1938 2623 Βλέπε,

346 2660 467 2732 ἐγὼ
522 2659 677 2714 οὐδὲν
753 2656 1034 2721 ἀπώλεσα,
1096 2655 1234 2728 μηδέ
1292 2655 1359 2709 σὺ
1417 2655 1707 2725 ἀπολέσῃς.
1777 2651 1941 2707 Ἀλλὰ

354 2752 535 2807 ταῦτα
567 2751 750 2806 πάντα
789 2748 942 2817 λέγει
975 2747 1065 2803 διά
1102 2746 1201 2819 τὴν
1248 2745 1359 2800 τῶν
1400 2745 1659 2818 μαθητῶν
1694 2760 1943 2815 παρηγο-

350 2844 506 2919 ρίαν.
538 2861 558 2896 ι
596 2843 782 2899 Ταῦτα
812 2842 944 2915 γὰρ,
989 2839 1147 2911 φησὶ,
1180 2838 1328 2893 λαλῶ
1365 2842 1424 2893 ἐν
1458 2839 1536 2909 τῷ
1568 2838 1761 2908 κόσμῳ
1797 2857 1816 2888 ›
1853 2836 1941 2890 διὰ

352 2940 454 3013 τὴν
485 2938 597 2992 τῶν
635 2934 892 3015 μαθητῶν
938 2934 1273 3002 ἀνάπαυσιν,
1312 2933 1406 2986 καὶ
1435 2930 1805 3005 παρηγορίαν,
1848 2930 1945 2983 καὶ

349 3034 554 3105 χαρὰν,
594 3030 684 3085 ἵνα
732 3025 1139 3091 ἀναπνεύσωσι,
1167 3026 1263 3078 καὶ
1300 3024 1828 3096 ἀφροντιστήσωσιν,
1870 3021 1945 3084 ώς

359 3122 895 3197 παραλαμϐάνοντός
933 3137 1028 3174 σου
1057 3118 1281 3181 τούτους
1309 3118 1501 3181 σώους,
1528 3116 1624 3170 καὶ
1658 3114 1946 3185 μέλλοντος

359 3218 662 3289 φυλάττειν
703 3216 925 3283 αὐτοὺς,
970 3211 1163 3284 ὥσπερ
1215 3209 1371 3281 κάγὼ
1423 3209 1666 3280 ἐφύλαξα
1724 3205 1943 3272 αὐτοὺς,

360 3311 459 3365 καὶ
510 3310 700 3364 οὐδένα
746 3306 1031 3363 ἀπώλεσα.
1084 3304 1208 3368 Ilii);
1269 3302 1382 3372 οὖν,
1430 3297 1475 3356 ὦ
1520 3301 1712 3372 Κύριε,
1756 3298 1947 3353 οὐδένα

358 3401 691 3468 ἀπώλεσας;
732 3402 761 3456 ὅ
788 3419 851 3455 τε
905 3402 1015 3472 γὰρ
1059 3399 1263 3463 Ἰούδας
1306 3396 1576 3463 ἀπώλετο,
1623 3393 1718 3449 καὶ
1763 3392 1951 3447 πολλοὶ

359 3496 518 3552 uno:
549 3496 758 3565 ὑπῆγον
784 3496 864 3559 είς
905 3493 975 3546 τά
1003 3492 1200 3545 ὀπίσω.
1233 3490 1308 3544 Τὸ
1360 3489 1492 3560 ἐμὸν
1528 3486 1714 3560 μέρος,
1761 3485 1945 3556 φησὶν,

360 3589 562 3645 υύδένα.
599 3586 891 3643 ἀπώλεσα·
933 3586 1058 3641 ὅσον
1098 3585 1208 3656 γὰρ
1237 3581 1299 3637 τδ
1325 3582 1412 3634 ἐπ’
1463 3581 1606 3657 ἐμοὶ,
1652 3576 1805 3631 οὐδὲν
1831 3575 1952 3629 ἐνέ-

358 3684 550 3753 λιιψα,
586 3680 702 3736 ἀλλ’
746 3681 992 3752 ἐτήρησα
1033 3678 1256 3743 αὐτοὺς,
1286 3674 1558 3739 τουτέστι,
1603 3667 1954 3739 παντοιοτρό-

362 3795 487 3841 πως
518 3775 828 3830 ἐσπούδασα
856 3772 994 3844 πρὸς
1037 3770 1134 3842 τὴν
1163 3768 1343 3823 αὐτῶν
1373 3766 1655 3837 φυλακήν·
1691 3765 1739 3816 εἰ
1766 3761 1827 3814 δὲ
1857 3760 1951 3830 ἀφ’

364 3868 581 3926 ἐαυτῶν
614 3865 992 3938 ἀποπηδῷσιν,
1038 3862 1191 3918 οὐδὲν
1233 3861 1395 3914 τοῦτο
1433 3859 1569 3931 πρὸς
1602 3857 1723 3928 ἐμέ.
1774 3857 1849 3911 Τὸ
1872 3854 1950 3920 δὲ,

372 3979 396 4014 ε
433 3960 553 4015 ’Ῑνα
574 3960 610 4030 ἡ
642 3957 835 4030 Γραφὴ
859 3954 1147 4027 πληρωθῇ,
1195 3972 1210 4005 ι
1248 3953 1518 4014 τουτέστι,
1575 3951 1729 4003 πᾶσα
1759 3949 1792 4019 ὴ
1825 3950 1955 4019 περὶ

368 4050 467 4105 τοῦ
491 4049 612 4104 υίοῦ
646 4049 745 4120 τῆς
774 4045 1053 4109 ἀπωλείας
1095 4044 1461 4117 προλέγουσαι.
1497 4041 1610 4095 Καὶ
1634 4039 1745 4110 γὰρ
1774 4040 1869 4092 καὶ
1897 4039 1954 4091 ἐν

365 4143 623 4215 Ψαλμοῖς
659 4140 940 4212 διαφόροις
985 4139 1114 4210 περὶ
1148 4135 1315 4191 αὐτοῦ
1343 4137 1583 4207 εἴρηται,
1618 4133 1714 4187 καὶ
1741 4133 1799 4186 ἐν
1833 4134 1955 4196 ταῖς

370 4236 564 4299 ἄλλαις
587 4234 694 4290 τῶν
726 4232 1023 4306 προφητῶν
1060 4230 1283 4302 βίὸλοις.
1319 4231 1455 4299 Περὶ
1479 4228 1536 4283 δέ
1557 4226 1673 4294 τοῦ,
1706 4244 1725 4278 t
1755 4226 1896 4290 Ἵνα,
1925 4244 1948 4277 ι

372 4328 638 4391 πολλάκις
678 4327 930 4397 εἴπομεν,
985 4325 1068 4379 ὅτι
1102 4324 1171 4378 τὰ
1214 4325 1314 4394 τῆς
1368 4322 1647 4386 ἐκϐάσεως
1689 4320 1877 4379 εἴωθεν
1923 4320 1956 4389 ή

370 4421 577 4496 Γραφὴ
616 4415 998 4486 αἰτιολογικῶς
1029 4417 1317 4485 ἐκφωνεῖν.

454 4531 478 4567 ι
522 4511 665 4582 Ἐγὼ
697 4510 907 4564 δέδωκα
945 4510 1128 4573 αὐτοῖς
1171 4507 1263 4563 τὸν
1304 4507 1461 4577 λόγον
1498 4524 1627 4563 σουο
1668 4507 1764 4563 καὶ
1795 4509 1824 4562 ὀ
1861 4508 1955 4561 κό-

2036 2009 2220 2074 venio,
2246 2017 2302 2062 et
2329 2008 2442 2063 huic
2471 2008 2664 2079 loquor
2689 2010 2741 2064 in
2767 2011 2991 2076 mundo,
3011 2020 3071 2066 ut
3094 2011 3332 2067 habeant
3354 2012 3618 2081 gaudium

2034 2116 2219 2156 meum
2245 2101 2523 2172 impletum
2559 2105 2613 2157 in
2655 2104 2984 2175 semetipsis.
3039 2124 3058 2157 ι
3107 2103 3274 2159 Multa
3324 2106 3618 2159 verborum

2041 2195 2340 2259 humilitas,
2403 2198 2446 2251 si
2500 2197 2623 2266 quis
2663 2212 2724 2251 ea
2759 2198 2915 2268 digne
2943 2199 3241 2268 exceperit.
3278 2196 3443 2252 Vides
3474 2198 3621 2251 enim

2036 2288 2145 2345 hoc
2176 2289 2294 2346 loco
2323 2290 2452 2361 quid
2481 2299 2723 2360 apparet.
2763 2310 2781 2343 ι
2837 2291 2984 2357 Quos
3017 2292 3214 2348 dediSti
3256 2291 3413 2355 tnilsi,
3444 2301 3624 2346 custo-

2043 2383 2175 2439 divi.
2206 2402 2225 2435 ι
2256 2383 2482 2439 Videtur
2511 2383 2654 2439 enim
2705 2384 3036 2439 annuutiare
3083 2383 3228 2450 Patri
3293 2392 3352 2438 ut
3379 2392 3434 2437 et
3466 2382 3626 2436 Pater

2042 2491 2138 2531 eos
2175 2475 2482 2542 custodiat;
2542 2478 2683 2530 sicut
2741 2476 2787 2530 si
2841 2476 2966 2546 quis
3021 2475 3259 2546 cuipiam
3315 2474 3628 2530 tradidisset

2041 2567 2305 2638 pecunias
2334 2565 2741 2630 custodiendas.
2788 2567 2933 2622 dicat
2960 2584 2975 2622 :
3008 2566 3165 2632 Vide,
3198 2581 3302 2637 ego
3346 2567 3482 2621 nihil
3509 2582 3625 2637 pcr-

2046 2657 2184 2724 didi,
2217 2673 2396 2728 neque
2445 2667 2499 2713 tu
2524 2658 2744 2728 perdas.
2780 2658 2846 2713 At
2880 2659 2997 2714 htec
3024 2658 3206 2713 omnia
3240 2658 3374 2713 dicit
3408 2670 3628 2729 propter

2046 2750 2438 2820 discipulorum
2464 2750 2926 2818 consolationem;
2950 2752 3103 2821 quasi
3133 2754 3362 2816 diceret,
3392 2751 3518 2807 [Lee
3549 2753 3627 2806 lu-

2047 2852 2185 2908 quor
2232 2839 2299 2893 ad
2353 2837 2748 2909 discipulorum
2802 2840 3047 2910 quietem
3095 2852 3147 2896 et
3195 2843 3622 2898 consolationem

2048 2943 2114 2983 ac
2145 2929 2426 3000 gaudium,
2458 2938 2517 2984 ut
2561 2931 2859 3001 respirent,
2897 2946 2963 2987 ae
2997 2948 3157 2987 eui-as
3187 2933 3464 3001 deponant
3506 2945 3628 2988 tau-

2050 3038 2214 3094 quam
2245 3023 2543 3095 recipiente
2588 3033 2642 3080 te
2669 3023 2790 3080 illos
2820 3024 3022 3088 salvos,
3061 3036 3117 3079 et
3145 3028 3489 3082 custoditum
3514 3042 3630 3092 eoa,

2052 3118 2192 3174 sicut
2212 3131 2313 3188 ego
2349 3116 2619 3173 custodivi
2647 3131 2741 3174 eos
2769 3128 2821 3172 et
2848 3116 3053 3172 nullum
3112 3120 3291 3177 amisi.
3318 3119 3623 3186 Quomodo,

2053 3226 2085 3265 ο
2116 3210 2366 3277 Domine,
2394 3209 2599 3265 nullum
2628 3211 2935 3280 perdidisti,
2960 3226 3085 3266 eum
3109 3222 3164 3266 et
3184 3211 3358 3269 Iudas
3376 3214 3626 3284 perierit,

2056 3304 2325 3375 multique
2358 3304 2447 3359 alii
2502 3305 2958 3360 retrocesserint?
3004 3306 3278 3372 Quantum
3324 3307 3391 3362 ad
3425 3323 3512 3363 me
3552 3318 3633 3365 at-

2054 3398 2212 3462 tinet,
2248 3398 2448 3467 inquit,
2479 3398 2683 3453 nullum
2710 3398 2923 3467 perdidi
2952 3415 2967 3453 :
2999 3408 3260 3469 quantum
3305 3398 3357 3453 In
3387 3414 3474 3455 me
3505 3400 3629 3466 fuit,

2056 3492 2265 3547 nullum
2299 3491 2496 3549 amisi:
2546 3494 2639 3548 sed
2676 3495 2891 3548 servavi
2928 3508 3044 3557 eos,
3084 3495 3188 3550 hoc
3217 3504 3320 3559 est,
3367 3495 3633 3549 omnimo-

2056 3585 2180 3639 dant
2210 3598 2397 3640 curam
2430 3584 2598 3639 habui
2628 3586 2697 3639 de
2735 3584 2948 3639 illorum
2983 3586 3139 3656 731
3175 3587 3446 3641 custodia.
3478 3586 3632 3652 Quod

2056 3686 2239 3731 autem
2269 3693 2299 3731 a
2331 3677 2529 3746 seipsis
2570 3676 2908 3741 resilierunt,
2948 3679 3080 3731 nihil
3112 3681 3213 3731 hoc
3232 3679 3306 3733 ad
3335 3690 3440 3732 me.
3476 3677 3632 3743 Quod

2055 3778 2238 3824 autem
2266 3768 2449 3824 dicit:
2495 3786 2514 3822 ι
2546 3766 2618 3823 Ut
2653 3768 2930 3837 Scriptura
2969 3769 3280 3839 impleatur,
3320 3788 3342 3821 δ
3384 3771 3485 3825 hoc
3525 3781 3632 3829 εει.

2056 3863 2233 3919 omnis
2260 3876 2378 3931 quae
2408 3862 2475 3916 de
2503 3861 2613 3918 [ilio
2668 3863 2987 3933 perditionis
3024 3863 3288 3934 prtedieit.
3337 3861 3548 3917 Etenim
3581 3874 3634 3915 et

2058 3956 2111 4010 in
2159 3955 2391 4012 Psalmis
2441 3955 2606 4010 variis
2645 3956 2711 4011 de
2753 3955 2845 4011 illo
2900 3956 3104 4011 dictum
3154 3966 3258 4021 est,
3299 3964 3354 4011 et
3411 3958 3464 4011 in
3514 3955 3635 4010 aliis

2056 4048 2445 4117 prophetarum
2477 4046 2648 4102 libris.
2681 4047 2755 4101 De
2786 4047 3008 4102 verbulo
3034 4058 3237 4113 autem,
3267 4065 3287 4100 ι
3318 4055 3401 4114 ut,
3436 4065 3454 4099 ι
3492 4063 3636 4116 serpe

2058 4138 2295 4193 diximus
2324 4138 2467 4209 quod
2495 4152 2560 4194 eo
2580 4148 2769 4193 utatur
2790 4139 3071 4210 Scriptura
3099 4149 3356 4210 tauquam
3388 4147 3635 4203 eventus,

2060 4245 2169 4286 non
2199 4245 2377 4287 causa:
2406 4231 2786 4302 signiticativo.

2132 4507 2297 4565 Vsus.
2333 4507 2519 4564 14-16.
2553 4527 2577 4560 ε
2610 4508 2721 4578 Ego
2764 4508 2957 4566 tradidi
2995 4510 3075 4566 eis
3108 4525 3413 4567 sermonem
3463 4522 3636 4577 tuum,

377 4624 518 4678 σμος
542 4603 811 4675 ἐμίσησεν
843 4599 1066 4664 αὐτοὺς,
1100 4599 1184 4653 ὅτι
1210 4599 1311 4651 οὐκ
1340 4598 1475 4651 εἰσὶν
1498 4599 1564 4652 ἐκ
1595 4597 1690 4652 τοῦ
1724 4599 1946 4669 κόσμου1

2065 4611 2121 4658 et
2181 4601 2413 4656 mundus
2478 4615 2573 4655 eos
2619 4600 2744 4657 odio
2801 4601 3013 4669 habuit,
3062 4602 3188 4672 quia
3248 4617 3352 4657 non
3400 4613 3526 4659 sunt
3574 4605 3640 4659 de

374 4694 566 4759 καθὼς
597 4693 710 4765 ἐγὼ
731 4693 834 4747 οὐκ
871 4693 987 4763 εἰμὶ
1016 4692 1082 4745 ἐκ
1107 4689 1202 4744 τοῦ
1230 4690 1459 4761 κόσμου.
1492 4691 1607 4745 Οὐκ
1632 4690 1844 4763 ἐρωτῶ,
1875 4690 1959 4744 ἵνα

377 4795 520 4864 ἄρῃς
549 4789 749 4852 αὐτοὺς
788 4787 855 4841 ἐκ
893 4785 992 4839 τοῦ
1038 4786 1270 4855 κόσμου,
1313 4784 1428 4838 ἀλλ’
1459 4784 1547 4838 ἵνα
1568 4786 1815 4857 τηρήσῃς
1858 4784 1961 4839 αύ-

378 4886 508 4947 τοῦς
566 4883 629 4935 ἐκ
683 4878 776 4932 τοῦ
823 4875 1087 4950 πονηροῦ.
1138 4876 1237 4932 Ἐκ
1284 4875 1379 4929 τοῦ
1428 4874 1634 4945 κόσμου
1684 4875 1788 4928 οὐκ
1828 4872 1959 4939 εἰσὶ,

380 4974 571 5039 καθὼς
604 4972 718 5041 ἐγὼ
749 4974 815 5025 ἐκ
857 4970 951 5023 τοῦ
983 4970 1190 5040 κόσμου
1234 4968 1337 5022 οὐκ
1379 4967 1516 5038 εἰμί.
1557 4987 1576 5020 ι
1622 4967 1962 5037 Παρακαλῶν

381 5068 478 5123 τὸν
509 5066 736 5134 Πατέρα
763 5063 843 5126 εἰς
874 5062 974 5131 τὴν
1004 5060 1114 5114 τῶν
1143 5060 1456 5115 ἀποστόλων
1486 5058 1762 5130 βοήθειαν,
1815 5059 1963 5129 λέγει

384 5163 484 5217 καὶ
510 5160 713 5224 αἰτίαν,
743 5157 814 5212 δι’
855 5156 923 5229 ἢν
957 5154 1097 5221 ἄξιοί
1129 5156 1235 5208 είσι
1270 5154 1419 5225 παρὰ
1461 5153 1557 5207 τοῦ
1604 5153 1814 5223 Πατρὸς
1847 5155 1967 5207 ἐπι-

390 5254 613 5317 μελείας
668 5250 871 5321 πολλῆς
916 5249 1124 5319 τυχεῖν.
1161 5247 1261 5301 Διά
1311 5247 1421 5318 γὰρ
1472 5265 1492 5298 ι
1533 5245 1625 5299 τὸν
1662 5245 1820 5314 λόγον
1847 5263 1963 5312 σου,

386 5351 577 5420 φησὶν,
602 5347 663 5402 ὃν
687 5345 896 5399 δέδωκα
922 5343 1128 5408 αὐτοῖς,
1165 5361 1184 5395 ι
1233 5341 1600 5412 ἐμισήθησαν.
1633 5340 1795 5393 Ὥστε
1825 5339 1965 5403 ἄξιοι

386 5442 457 5497 ἂν
486 5437 597 5495 εἷεν
624 5440 777 5509 παρά
804 5436 899 5490 σοῦ
932 5433 1289 5506 βοηθηθῆναι,
1334 5435 1384 5486 oi
1412 5432 1502 5486 διὰ
1542 5432 1602 5486 σὲ
1644 5431 1968 5503 μισηθέντες

388 5535 547 5605 παρά
571 5531 680 5585 τῶν
702 5530 772 5582 τὰ
797 5527 893 5581 τοῦ
926 5527 1131 5597 κόσμου
1172 5524 1532 5596 φρονούντων.
1567 5524 1691 5587 Τοῖς
1731 5522 1840 5596 γὰρ
1870 5540 1969 5592 χυ-

388 5629 562 5691 δαίοις
614 5621 901 5696 μισοῦνται
947 5613 1117 5683 οὗτοι,
1151 5617 1336 5689 φησίν.
1382 5635 1402 5669 ι
1448 5617 1524 5671 Οὐ
1559 5618 1667 5689 γάρ
1699 5617 1840 5670 εἰσιν
1907 5619 1971 5670 ἐκ

388 5721 486 5776 τοῦ
523 5720 730 5790 κόσμου
759 5732 772 5747 ·
828 5734 848 5767 ι
898 5712 1198 5777 τουτέστιν,
1254 5711 1354 5764 οὐκ
1401 5711 1582 5781 έχουσι
1627 5709 1856 5782 γνώμην
1895 5709 1972 5781 τῷ

394 5813 588 5884 κόσμῳ
614 5805 1043 5880 προσκειμένην,
1085 5804 1182 5857 καὶ
1210 5802 1359 5875 αὐτῷ
1389 5805 1570 5858 πᾶσαν
1609 5802 1707 5875 τὴν
1734 5802 1972 5874 σπουδὴν

394 5901 958 5979 προσαναλίσκουσαν.
1014 5896 1139 5961 Πῶς
1168 5892 1261 5951 οὖν
1307 5896 1541 5971 ἀλλαχοῦ
1576 5896 1748 5968 λέγει,
1800 5916 1822 5952 ‹
1864 5896 1973 5960 Οὓς

715 5993 984 6053 ΡΑτιιοι..
1032 5990 1147 6050 Gn.
1200 5988 1418 6049 CXXIV
1437 6037 1454 6051 .

2062 4695 2306 4759 mundo,
2349 4693 2489 4748 sicut
2533 4702 2588 4747 et
2637 4708 2736 4764 ego
2785 4707 2888 4747 non
2950 4709 3066 4748 sunt
3127 4694 3196 4749 de
3250 4697 3469 4750 mundo.
3524 4695 3637 4751 Non

2063 4802 2195 4857 rogo
2216 4797 2274 4841 ut
2312 4786 2470 4841 tollas
2489 4800 2582 4841 eos
2613 4787 2680 4840 de
2714 4784 2937 4851 mundo,
2973 4786 3065 4841 sed
3090 4802 3275 4843 serves
3300 4802 3394 4844 eos
3419 4803 3448 4844 a
3475 4789 3635 4843 malo.

2064 4876 2143 4933 De
2192 4878 2394 4933 mundo
2446 4891 2554 4931 non
2614 4887 2780 4941 sunt,
2836 4874 2976 4932 sicut
3017 4886 3073 4931 et
3114 4892 3214 4946 ego
3259 4893 3366 4932 non
3413 4893 3529 4932 sum
3575 4879 3640 4931 de

2066 4970 2290 5025 mundo.
2337 4988 2357 5023 ι
2399 4967 2578 5025 Oraus
2611 4967 2828 5023 Patrem
2861 4978 2916 5024 ut
2955 4968 3175 5037 jnvaret
3212 4969 3508 5040 apostolos,
3560 4970 3644 5024 di-

2064 5064 2139 5120 cit
2191 5072 2247 5121 et
2303 5078 2524 5119 causam
2570 5069 2791 5132 propter
2834 5078 2993 5131 quam
3054 5063 3203 5134 digni
3248 5064 3359 5117 sint
3408 5074 3468 5116 ut
3504 5064 3642 5117 tnui-

2068 5165 2180 5210 tam
2232 5173 2260 5209 a
2292 5155 2451 5211 Patre
2502 5164 2913 5226 consequantur
2971 5172 3181 5211 curam.
3230 5155 3366 5210 Nam
3428 5168 3648 5226 propter

2074 5266 2093 5299 ι
2128 5262 2440 5303 sermonem
2491 5256 2665 5311 tuum,
2712 5248 2907 5318 inquit,
2947 5264 3107 5319 quem
3153 5249 3273 5302 dedi
3313 5249 3413 5315 eis,
3466 5267 3485 5301 ι
3522 5251 3647 5304 odio

2070 5337 2310 5403 fuerunt,
2356 5346 2410 5391 et
2474 5339 2546 5392 ita
2591 5338 2740 5409 digni
2779 5347 2939 5393 erunt
2979 5349 3038 5392 ut
3081 5348 3230 5391 tuum
3271 5339 3511 5395 sentiant
3550 5356 3649 5394 au-

2070 5431 2281 5496 xilium,
2314 5442 2534 5501 propter
2582 5439 2635 5485 te
2666 5432 2813 5487 exosi
2844 5432 2926 5486 his
2967 5431 3059 5500 qui
3114 5431 3385 5485 mundana
3404 5433 3646 5502 sapiunt.

2073 5525 2244 5594 Vulgo
2274 5525 2417 5579 enim
2469 5526 2777 5594 promiscuo
2827 5524 2975 5579 exosi
3025 5533 3174 5589 sunt,
3228 5523 3421 5594 inquit.
3468 5545 3486 5578 ι
3534 5526 3650 5580 Non

2072 5619 2214 5673 enim
2246 5627 2372 5673 sunt
2396 5633 2463 5673 ex
2495 5620 2718 5684 mundo,
2759 5635 2777 5668 ι
2806 5616 2907 5670 hoc
2927 5627 3031 5681 est,
3060 5632 3165 5671 non
3195 5617 3392 5673 habeat
3415 5628 3650 5672 mentem

2075 5713 2276 5766 mundo
2306 5711 2719 5784 agglutinatam,
2743 5718 2798 5764 et
2834 5723 2992 5763 omne
3022 5709 3264 5766 Studium
3294 5711 3359 5779 in
3396 5709 3543 5762 illum
3569 5707 3653 5762 in-

2077 5815 2399 5860 sumentem.
2434 5803 2714 5871 Quomodo
2762 5798 2935 5871 igitur
2961 5802 3093 5859 dicit
3128 5803 3234 5859 alio
3265 5802 3404 5869 loco,
3450 5786 3473 5854 ἆ
3503 5801 3654 5868 Quos

2063 5897 2271 5962 dedisti
2308 5897 2439 5954 mihi
2471 5912 2536 5952 ex
2568 5898 2673 5954 hoc
2697 5896 2921 5964 mundo,
2960 5913 2979 5950 ι
3010 5896 3085 5953 tui
3120 5893 3378 5952 fuerunt?
3404 5893 3513 5948 Illic
3529 5892 3654 5965 qui-

3259 5988 3298 6050 8
