4056 6582
455 394 559 455 235

1377 392 1949 448 ἰἰιιιυιιιιιωιιι
1989 385 2399 447 BULGARIIE
2427 384 2782 445 ARCIIIEP.

3582 386 3687 451 23Ιὶ

453 504 670 562 demde
707 511 897 559 natura
935 502 1142 569 dicens,
1180 500 1322 570 quod
1357 515 1432 556 ειη
1465 498 1771 556 hominibus
1808 500 1933 566 sint,
1975 508 2019 556 et

2128 497 2365 563 δέδωκάς
2398 514 2488 568 μοι
2516 496 2580 551 ἐκ
2620 496 2713 550 τοῦ
2751 496 2976 568 κόσμου,
3013 496 3097 551 σοὶ
3134 489 3312 569 ﬂuctv;
3351 516 3370 549 ι
3421 499 3569 554 Ἐκεῖ
3602 502 3707 572 μὲν

454 609 579 664 pars
608 591 793 649 mundi
819 608 834 646 :
867 593 968 647 hoc
995 600 1174 649 autem
1204 589 1326 645 loco
1352 599 1587 645 mentem
1618 597 1671 644 et
1697 589 2021 645 voluntatem

451 687 740 758 signiﬁcat,
782 683 967 740 dicens
996 684 1138 753 quod
1178 681 1248 738 de
1290 683 1494 738 mundo
1540 697 1646 737 non
1675 682 1805 737 sint.
1841 682 2025 753 Neque

453 778 632 832 turbet
673 784 725 831 le
767 773 909 845 quod
941 774 1073 829 dicit
1107 791 1121 828 :
1154 792 1172 826 ι
1228 773 1381 829 Sicut
1420 787 1519 843 ego
1567 789 1631 829 ex
1682 774 1879 829 mundo
1918 790 2022 830 non

457 886 596 926 eum.
623 888 642 922 ι
677 868 794 925 Non
821 869 967 923 enim
999 868 1080 922 sic
1103 867 1319 922 fuerunt
1342 866 1518 923 sancti
1548 866 1795 937 apostoli,
1833 876 1883 922 et
1915 881 2020 923 nou

455 962 744 1033 participes
815 959 1161 1015 aﬂectionum
1230 959 1452 1025 mundi,
1524 960 1667 1015 sicut
1743 957 2021 1015 Dominus.

456 1074 474 1108 r
509 1052 630 1125 Ipse
654 1053 799 1109 enim
844 1063 1123 1124 peccatum
1146 1066 1253 1107 non
1281 1053 1430 1117 fecit,
1454 1066 1627 1122 neque
1655 1051 1907 1109 inventus
1941 1061 2025 1108 est

451 1147 504 1201 in
534 1160 633 1201 ore
660 1145 776 1213 ejus
818 1144 975 1200 dolus
999 1145 1080 1197 "z
1138 1162 1157 1195 ι
1197 1144 1273 1199 illi
1303 1153 1484 1198 autem
1524 1145 1773 1200 humanae
1817 1156 2023 1200 natura:

448 1237 817 1294 inﬁrmitatem
878 1251 986 1291 non
1055 1234 1272 1290 fuerunt
1336 1238 1681 1308 transgressi.
1741 1236 1816 1291 Ne
1860 1238 2025 1308 igitur

448 1344 569 1384 cum
593 1329 813 1393 dicitur,
849 1346 868 1380 ι
910 1329 1063 1383 Sicut
1106 1343 1205 1398 ego
1229 1344 1335 1383 non
1367 1344 1486 1385 sum
1523 1344 1587 1383 ex
1618 1333 1839 1394 mundo,
1877 1348 1894 1381 ι
1940 1332 2023 1384 in-

450 1421 660 1490 telligas
681 1421 823 1492 quod
861 1421 912 1475 iu
948 1420 1094 1475 nullo
1126 1419 1362 1475 minores
1408 1422 1608 1475 fuerint
1642 1421 1867 1491 apostoli
1920 1422 2024 1477 Do~

449 1513 626 1579 mino;
652 1514 746 1570 sed
770 1513 990 1583 quando
1009 1512 1074 1566 de
1094 1510 1253 1567 Patre
1271 1523 1318 1566 et
1347 1509 1485 1567 Ftlio
1506 1513 1723 1579 dicitur,
1746 1531 1763 1563 r
1790 1515 1949 1577 sicut,
1987 1531 2004 1563 ι

450 1616 579 1659 ιιιηε
604 1605 777 1660 solum
798 1602 1161 1674 mqualitatem
1184 1603 1441 1673 intellige.
1468 1604 1620 1671 Quod
1645 1614 1825 1660 autem
1855 1605 2018 1660 dicit:

453 1717 471 1749 ι
504 1697 621 1753 Non
659 1712 789 1767 rogo
818 1710 871 1750 ut
901 1698 1061 1753 tollas
1096 1710 1192 1751 eos
1224 1709 1291 1751 ex
1324 1698 1541 1759 mundo.
1582 1716 1601 1749 ι
1642 1695 1775 1753 dicit
1827 1699 2015 1755 volens

446 1789 723 1846 declarare
746 1804 900 1844 suam
938 1806 1065 1860 erga
1096 1804 1192 1845 eos
1220 1790 1560 1857 charitatem,
1586 1801 1641 1845 et
1674 1794 1814 1861 quod
1843 1793 2020 1864 magni

2128 590 2255 661 περὶ
2284 592 2385 663 τῆς
2406 587 2623 659 φύσεως
2651 588 2845 658 λέγων,
2889 589 2970 643 δτι
3012 588 3290 661 ἄνθρωποί
3319 591 3447 655 είσι,
3487 593 3582 644 καὶ
3606 592 3704 645 τοῦ

2125 682 2330 752 κόσμου
2381 679 2588 754 μέρος·
2637 680 2874 734 ἐνταῦθα
2919 679 2975 733 δὲ
3016 668 3121 752 ’τὴν
3166 679 3392 752 γνώμην
3451 682 3547 734 καὶ
3602 682 3709 753 τὴν

2126 774 2450 845 προαίρεσιν
2477 773 2627 843 δηλοῖ
2666 774 2838 843 λέγων
2871 790 2883 803 ·
2910 794 2927 826 ι
2953 775 3077 828 Ὀτι
3099 776 3200 829 οὐκ
3221 775 3359 828 εἰσιν
3393 776 3457 828 ὲκ
3481 773 3575 827 τοῦ
3606 776 3707 827 κό-

2127 884 2289 936 σμου.
2325 886 2344 919 ι
2381 867 2455 921 Τὸ
2502 868 2580 931 δὲ,
2635 886 2653 920 ι
2708 867 2906 932 Καθὼς
2957 866 3067 936 ἐγὼ
3106 868 3170 921 ἐκ
3211 867 3305 920 τοῦ
3348 867 3556 937 κόσμου
3601 868 3709 921 οὐκ

2123 960 2262 1029 εἰμὶ,
2296 977 2315 1011 ι
2354 960 2428 1031 μή
2463 976 2520 1013 σε
2562 960 2992 1031 διαταραττέτω.
3040 960 3115 1013 Οὐ
3146 958 3254 1030 γὰρ
3282 958 3347 1030 δὴ
3383 960 3530 1027 ἅγιοι
3559 956 3708 1031 ἦσαν

2123 1050 2295 1115 οὕτως
2327 1051 2375 1103 oi
2428 1049 2737 1115 ἀπόστολοι,
2785 1050 2881 1104 καὶ
2917 1051 3175 1122 ἀμέτοχοι
3224 1049 3333 1103 τῶν
3360 1049 3455 1103 τοῦ
3488 1050 3706 1121 κόσμου

2124 1142 2337 1206 παθῶν,
2371 1141 2560 1212 ὥσπερ
2591 1145 2620 1195 ὁ
2652 1141 2877 1213 Κύριος.
2911 1143 3080 1204 Αὐτὸς
3120 1142 3218 1212 μὲν
3241 1140 3348 1213 γὰρ
3376 1157 3396 1192 ι
3427 1142 3708 1214 ἁμαρτίαν

2122 1238 2222 1291 οὐκ
2256 1237 2535 1307 ἐποίησεν,
2565 1234 2688 1289 οὐδὲ
2719 1236 2869 1298 δόλος
2918 1234 3119 1306 εὑρέθη
3150 1235 3208 1286 ὲν
3237 1230 3314 1305 τῷ
3345 1233 3578 1303 στόματι
3606 1234 3711 1288 αὺ-

2122 1328 2217 1382 τοῦ
2243 1342 2256 1357 ·
2299 1348 2318 1380 ι
2350 1328 2400 1382 oi
2429 1327 2485 1381 δὲ
2523 1326 2622 1397 τῆς
2662 1325 3011 1397 ἀνθρωπίνης
3051 1325 3268 1394 φύσεως
3292 1323 3391 1397 τὴν
3417 1324 3710 1380 ἀσθένειαν

2123 1422 2223 1474 οὐκ
2264 1420 2553 1492 ἐξέϐησαν.
2590 1420 2681 1491 Μὴ
2710 1420 2892 1474 τοίνυν
2920 1420 3003 1483 τὸ,
3050 1438 3067 1470 ι
3134 1416 3329 1481 Καθὼς
3359 1416 3469 1488 ἐγὼ
3510 1420 3574 1472 ἐκ
3606 1416 3707 1472 τοῦ

2124 1514 2332 1584 κόσμου
2353 1514 2456 1568 οὐκ
2482 1513 2620 1583 εἰμὶ,
2660 1532 2679 1565 ι
2709 1510 2973 1578 ἀκούσας,
2995 1512 3197 1582 νοήσῃς
3228 1511 3431 1582 ἀκριδῆ
3456 1511 3710 1583 ἀπαραλ-

2123 1608 2310 1673 λαξίαν
2331 1608 2440 1663 τῶν
2470 1608 2786 1662 ἀποστόλων
2835 1606 2973 1676 πρὸς
3014 1605 3108 1658 τὸν
3158 1603 3364 1678 Κύριον
3383 1620 3399 1636 θ
3429 1604 3543 1659 ἀλλ’
3571 1607 3710 1659 ὅταν

2122 1702 2217 1754 ἐπὶ
2265 1699 2361 1753 τοῦ
2394 1699 2608 1769 Πατρὶς
2655 1700 2749 1751 καὶ
2796 1697 2964 1752 αὑτοῦ
3000 1697 3225 1767 λέγηται
3252 1696 3333 1761 τὺ,
3373 1714 3391 1748 ι
3432 1696 3632 1760 καθὼς,
3674 1715 3700 1748 ο

2122 1794 2243 1846 τότε
2279 1792 2440 1862 μόνον
2475 1793 2576 1859 τὴν
2611 1793 2831 1862 ἰσότητα
2860 1791 3016 1851 ,νόεμ
3048 1790 3121 1844 Τὸ
3145 1789 3223 1852 δὲ,
3261 1808 3281 1841 ι
3335 1788 3448 1843 οὐκ
3486 1789 3704 1860 ἐρωτῶ,

448 1883 660 1938 illorum
708 1899 893 1937 curam
943 1882 1124 1949 faciat,
1161 1883 1502 1940 intercedens
1535 1895 1685 1951 tanto
1716 1886 1892 1941 studio
1925 1902 2019 1956 pro

2124 1885 2213 1940 ἵνα
2240 1888 2375 1957 ἄρῃῖ
2413 1888 2610 1951 αὐτοὺς
2646 1887 2710 1939 ὲκ
2747 1887 2840 1938 τοῦ
2879 1886 3112 1955 κόσμου,
3163 1904 3182 1937 ι
3223 1880 3367 1949 εἶπε,
3403 1883 3572 1938 θέλων
3611 1886 3707 1937 ὲν.-

445 1976 547 2030 eis.
580 1973 699 2030 Non
733 1974 877 2030 enim
911 1975 1125 2030 Patrem
1168 1977 1323 2031 docet
1354 1993 1453 2047 pro
1495 1979 1688 2046 quibus
1722 1988 1863 2044 oret,
1897 1996 2021 2033 nam

449 2072 551 2123 hoc
589 2067 908 2134 absurdum,
956 2070 1048 2123 sed
1086 2067 1169 2128 (ut
1212 2068 1371 2140 dixit)
1415 2070 1653 2125 ostendit
1696 2071 1835 2140 quod
1868 2071 2022 2127 valde

446 2158 631 2229 diligat
659 2159 973 2229 discipulos,
998 2170 1051 2214 et
1086 2160 1300 2215 illorum
1335 2172 1456 2232 agat
1493 2178 1700 2220 curam.
1728 2161 1864 2217 Dicit
1892 2179 2021 2235 ergo

446 2251 633 2308 Patri:
659 2269 679 2304 ι
706 2251 821 2308 Non
843 2266 972 2321 rogo
1000 2262 1059 2306 ut
1079 2252 1231 2307 tollas
1247 2267 1339 2308 eos
1366 2252 1433 2307 de
1456 2256 1671 2320 mundo,
1691 2255 1784 2310 sed
1806 2266 1862 2310 ut
1879 2271 1973 2310 eos
1995 2273 2013 2307 ι

447 2346 722 2401 inmundo
739 2360 862 2401 cum
895 2344 1007 2401 sint
1042 2363 1061 2397 r
1088 2358 1275 2400 serves
1309 2360 1338 2398 ιι
1372 2351 1529 2398 malo.
1562 2363 1581 2396 ι
1604 2345 1815 2417 Repetit
1838 2350 2017 2419 igitur,

454 2458 474 2490 ι
518 2438 596 2493 Ex
648 2438 849 2493 mundo
890 2453 994 2492 non
1044 2447 1188 2500 sunt,
1251 2454 1270 2489 ι
1310 2439 1475 2493 multo
1530 2437 1772 2495 subsidio
1819 2441 2019 2496 habent

445 2546 601 2600 opus.
637 2529 782 2586 Nihil
810 2532 955 2586 enim
997 2545 1286 2586 commune
1319 2528 1513 2585 habent
1542 2548 1665 2586 eum
1695 2542 1863 2599 terra,
1894 2546 2021 2589 coe-

447 2629 618 2681 Iorum
652 2625 777 2679 facti
822 2625 967 2679 cives
1007 2632 1111 2678 :et
1161 2625 1233 2677 ita
1282 2624 1407 2693 quia
1458 2626 1689 2680 mundus
1737 2628 1915 2683 omnis
1963 2636 2021 2682 ut

444 2719 640 2777 alienis
672 2733 870 2773 usurus
907 2728 990 2771 est
1029 2717 1130 2783 eis,
1166 2727 1218 2770 tu
1263 2718 1502 2773 cmlestis
1551 2720 1775 2787 posthac
1806 2729 1864 2775 ιιι
1897 2722 2021 2775 cadi

444 2814 594 2868 rivos
623 2823 827 2866 serves.
865 2808 1006 2864 Dicit
1040 2821 1223 2865 autem
1251 2810 1377 2865 talia
1417 2812 1756 2867 audientibus
1784 2812 2022 2884 discipu-

448 2904 535 2971 lis,
560 2914 621 2960 ut
652 2904 825 2973 magis
854 2902 981 2957 odio
1012 2902 1247 2956 habeant
1280 2903 1561 2970 mundum,
1592 2914 1645 2957 et
1676 2920 1782 2958 non
1817 2905 2021 2961 lindent

446 3010 511 3053 ac
539 2994 770 3067 perdant
796 3003 974 3050 tantas
1005 3010 1130 3048 suas
1150 2995 1355 3053 laudes.
1390 2994 1527 3049 lllud
1558 3005 1738 3051 autem
1766 3013 1779 3050 :
1805 3016 1823 3050 ι
1851 2994 2018 3053 Serva

444 3103 539 3143 eos
567 3104 599 3142 ιι
632 3087 798 3153 malo,
845 3105 866 3140 ι
914 3101 1024 3141 non
1075 3097 1281 3142 tantum
1321 3087 1389 3142 de
1434 3087 1751 3146 liberatione
1787 3106 1818 3144 a
1868 3091 2019 3161 peri-

2124 1976 2404 2044 δείξασθαι
2432 1977 2531 2048 τὴν
2565 1978 2695 2046 περὶ
2741 1977 2935 2041 αὐτοὺς
2974 1978 3218 2048 ἀγάπην,
3261 1978 3358 2031 καὶ
3388 1977 3470 2031 ὅτι
3502 1977 3707 2048 πολλὴν

2122 2070 2301 2122 αὐτῶν
2336 2074 2564 2122 ποιεῖται
2598 2072 2693 2139 τὴν
2728 2070 3003 2140 πρόνοιαν,
3034 2071 3094 2123 τὸ
3241 2068 3336 2140 τῷ)
3373 2072 3511 2140 μετὰ
3536 2072 3702 2137 ιὶκρ;⁸

2124 2161 2272 2225 σείας
2331 2163 2604 2215 ποιεῖσθαι
2658 2161 2756 2233 τὴν
2788 2162 2928 2232 ὑπὲρ
2967 2161 3150 2215 αὐτῶν
3202 2160 3571 2233 παράκλησιν.
3624 2160 3702 2214 οὐ

2124 2254 2231 2327 γὰρ
2268 2254 2332 2326 δὴ
2390 2254 2478 2309 τὸν
2530 2256 2749 2326 Πατέρα
2790 2255 3034 2309 διδάσκει
3101 2254 3230 2327 περὶ
3280 2256 3424 2319 τίνος
3470 2256 3704 2308 αἰτεῖται

2123 2348 2303 2418 (τοῦτο
2330 2349 2436 2420 γὰρ
2472 2349 2719 2420 ἄτοπον),
2763 2348 2879 2401 ἀλλ’
2924 2349 3063 2420 ὅπερ
3113 2344 3288 2415 εἷπον,
3333 2347 3592 2401 δεικνύων
3620 2349 3702 2399 ὅτι.

2126 2443 2463 2514 ὑπεραγαπᾷ
2506 2445 2634 2507 τοὺς
2693 2442 2967 2513 μαθητὰς,
3015 2443 3108 2496 καὶ
3140 2444 3455 2514 προνοεῖται
3494 2443 3698 2508 αὐτῶν,

2126 2536 2261 2604 φησὶ
2284 2534 2453 2589 ταῦτα
2505 2534 2640 2605 πρὸς
2682 2535 2774 2587 τὸν
2822 2536 3061 2606 Πατέρα.
3120 2554 3138 2586 ι
3180 2535 3294 2588 Οὐκ
3342 2534 3551 2605 ἐρωτῶ,
3611 2535 3702 2587 ἵνα

2123 2630 2262 2701 ἄρῃς
2300 2629 2498 2691 αὐτοὺς
2525 2630 2589 2681 ὲκ
2612 2629 2705 2681 τοῦ
2731 2629 2964 2698 κόσμου,
2986 2627 3103 2681 ἀλλ’
3129 2628 3237 2691 ἴνα,
3268 2646 3287 2679 ι
3318 2630 3375 2681 ἐν
3410 2628 3485 2697 τῷ
3508 2627 3699 2696 κόσμῳ

2122 2721 2303 2782 ὄντας,
2357 2741 2374 2773 ι
2416 2722 2662 2794 τηρήσῃς
2712 2721 2819 2773 ἀπὸ
2869 2720 2963 2773 τοῦ
3012 2718 3273 2791 πονηροῦ.
3329 2739 3347 2772 ι
3404 2719 3573 2774 Παλ.ν
3603 2716 3698 2773 οὖν

2124 2813 2569 2884 ἐπαναλαμϐάνει
2596 2831 2608 2844 ·
2655 2834 2674 2866 ι
2722 2814 2817 2866 Ἐκ
2836 2813 2932 2866 τοῦ
2956 2812 3165 2883 κόσμου
3204 2812 3304 2865 οὐκ
3339 2811 3467 2867 εἰσί.
3507 2813 3695 2865 {Ilo}.-

2123 2905 2244 2977 λῆς,
2294 2906 2447 2977 φησὶ,
2495 2905 2709 2959 δέονται
2746 2905 3107 2975 ἀντιλήψεως.
3159 2905 3327 2959 Οὐδὲν
3366 2904 3474 2975 γὰρ
3512 2907 3696 2969 αὐτοῖς

2123 3002 2239 3053 ἐστι
2275 3000 2453 3053 κοινὸν
2495 3000 2631 3069 πρὸς
2677 2998 2775 3069 τὴν
2805 2999 2943 3067 γῆν
2993 2997 3102 3051 τῶν
3158 2998 3406 3070 οὐρανῶν
3440 2998 3696 3066 γεγόνασι

2128 3094 2362 3148 πολῖται.
2405 3093 2568 3146 Ὥστε
2623 3093 2746 3144 ἐπεὶ
2803 3094 2910 3155 πᾶς
2949 3093 2978 3143 ὁ
3012 3091 3216 3161 κόσμος
3266 3090 3342 3153 ὼς
3394 3090 3698 3160 ἀλλοτρίοις

446 3183 605 3248 ullis,
640 3196 824 3237 verum
873 3183 1035 3236 etiam
1079 3184 1144 3237 de
1177 3180 1545 3253 perma’nentia
1590 3194 1642 3239 et
1678 3182 1932 3241 ﬁrmitate
1964 3186 2017 3241 in

2124 3188 2309 3251 αὐτοῖς
2350 3186 2533 3256 μέλλει
2574 3184 2833 3256 χρῆσθαι,
2886 3186 2949 3237 σὺ
3001 3183 3207 3249 λοιπὸν,
3236 3185 3265 3237 ό
3317 3183 3583 3256 οὐράνιος,
3618 3182 3693 3248 ὡς

448 3277 553 3331 title
579 3276 728 3331 dicit.
761 3274 916 3332 Unde
940 3285 995 3330 et
1018 3274 1201 3331 subdit
1235 3292 1249 3329 :

2129 3278 2575 3350 οὐρανοπολίταις
2600 3277 2890 3348 βοήθησον.
2919 3278 3083 3345 Λέγει
3107 3276 3163 3330 δὲ
3193 3276 3260 3331 τὰ
3288 3276 3509 3331 τοιαῦτα
3541 3295 3696 3330 συνε-

447 3366 704 3437 χέστερον
757 3367 816 3421 ὲν
865 3366 1089 3439 ἐπηκόῳ
1135 3367 1247 3421 τῶν
1282 3368 1565 3440 μαθητῶν,
1608 3370 1694 3424 ἴνα
1726 3371 2021 3438 ἀκούοντες
2058 3374 2252 3436 ταῦτα,
2300 3372 2576 3442 μισήσωσι
2601 3370 2691 3424 τὸν
2727 3371 2952 3439 κόσμον,
2989 3368 3085 3421 καὶ
3151 3370 3228 3441 μὴ
3295 3371 3697 3441 καταισχύνωσι

443 3465 513 3515 τε
546 3459 786 3516 τοσαῦτα
808 3459 989 3515 αὐτῶν
1021 3460 1295 3531 ἐγκώμια.
1326 3462 1399 3515 “rs
1426 3462 1506 3527 δὲ,
1552 3481 1572 3515 ι
1605 3464 1856 3536 Τηρησον
1882 3467 2077 3531 αὐτοὺς
2113 3468 2178 3521 ἐκ
2204 3465 2298 3518 τοῦ
2349 3462 2613 3535 πονηροῦ,
2649 3481 2668 3514 ι
2703 3464 2763 3516 οὐ
2797 3466 2929 3532 περὶ
2971 3465 3069 3535 τῆς
3098 3462 3204 3515 τῶν
3238 3463 3499 3518 κινδύνων
3538 3464 3696 3534 μόνον

442 3555 763 3627 ἀπαλλαγῆς
805 3554 975 3625 λέγει,
1010 3555 1146 3610 ἀλλά
1177 3559 1272 3610 καὶ
1321 3557 1451 3628 περὶ
1479 3557 1582 3627 τῆς
1631 3559 1693 3612 ἐν
1719 3562 1788 3632 τῇ
1824 3561 2008 3615 πίστει
2048 3559 2376 3634 παραμονῆς
2404 3560 2499 3613 καὶ
2533 3558 2860 3630 παγιότητος
2885 3575 2899 3589 ·
2933 3559 3014 3612 διὸ
3047 3559 3143 3612 καὶ
3171 3557 3449 3627 ὲπιφέρειο

518 3647 679 3703 Vs‘ns.
736 3647 925 3705 {7-19.
978 3667 999 3701 ι
1037 3648 1332 3704 Sanctiﬁca
1387 3664 1481 3705 eos
1523 3650 1576 3704 in
1631 3651 1860 3708 veritate
1907 3663 2018 3709 tua.

448 3740 639 3793 Sermo
690 3748 815 3792 tuus
862 3750 1059 3793 veritas
1090 3748 1193 3793 est.
1234 3737 1397 3808 732
1429 3736 1577 3795 Sicut
1610 3754 1700 3796 me
1738 3741 1931 3798 misisti
1964 3742 2018 3796 in

450 3832 725 3893 mundum,
763 3829 835 3885 ita
869 3839 925 3885 et
974 3846 1074 3900 ego
1107 3831 1226 3885 misi
1268 3846 1363 3886 eos
1413 3833 1466 3886 in
1503 3834 1799 3900 mundum;
1834 3841 1890 3889 et
1922 3836 2021 3903 pr'u

445 3922 526 3977 eis
556 3935 655 3990 ego
683 3924 962 3977 sanctilico
994 3923 1280 3992 nteips'unt,
1318 3931 1377 3977 ut
1418 3934 1472 3977 et
1517 3924 1619 3994 ipsi
1663 3925 1774 3980 sint
1809 3926 2020 3981 sancti-

449 4015 591 4070 ticali
610 4015 665 4068 itt
692 4014 945 4070 veritate.
980 4032 998 4066 ι
1025 4014 1253 4070 Sanctos
1277 4014 1380 4077 fac,
1409 4014 1600 4084 inquit.
1631 4030 1731 4086 per
1753 4016 2019 4072 datiouem

452 4108 708 4178 Spiritus,
734 4117 788 4163 et
837 4108 1048 4163 custodi
1084 4122 1180 4162 eos
1214 4108 1265 4162 in
1308 4106 1628 4165 rectitudine
1654 4108 1922 4163 sermonis
1969 4115 2025 4163 et

446 4203 785 4271 dogmatum,
816 4207 870 4255 et
905 4201 1057 4254 crudi
1105 4214 1222 4264 eos,
1261 4208 1315 4254 et
1362 4200 1495 4255 doce
1534 4198 1839 4256 veritatem.
1883 4200 2023 4254 San-

448 4291 705 4347 ctiﬁcatio
753 4292 895 4348 enim
942 4300 1026 4347 est
1072 4302 1348 4347 rectorum
1396 4291 1707 4362 dogmatum
1762 4293 2019 4350 servatio.

2202 3671 2220 3705 r
2268 3652 2525 3720 Ἀγίασον
2549 3650 2746 3714 αὐτοὺς
2776 3651 2834 3702 ἐν
2854 3652 2920 3721 τῇ
2952 3649 3180 3721 ἀληθείᾳ
3208 3667 3302 3703 σου
3332 3667 3345 3680 ·
3390 3651 3447 3702 ’0
3480 3649 3634 3718 λόγος
3664 3653 3693 3704 ό

2123 3746 2213 3809 σὸς
2239 3744 2467 3815 ἀλήθειά
2498 3745 2632 3796 ἐστι.
2669 3741 2866 3805 Καθὼς
2900 3743 2999 3812 ἐμὲ
3022 3741 3349 3804 ἀπέστειλας
3378 3744 3458 3806 εἰς
3482 3742 3570 3796 τδν
3601 3743 3694 3796 κό-

2123 3856 2283 3909 σμον,
2314 3836 2470 3905 κάγὼ
2508 3837 2810 3891 ἀπέστειλα
2850 3836 3051 3900 αὐτοὺς
3079 3839 3156 3900 εις
3200 3837 3292 3889 τὶν
3320 3838 3522 3906 κόσμον
3548 3852 3561 3865 ’
3601 3836 3699 3890 καὶ

2123 3929 2263 4000 ὑπὲρ
2289 3928 2469 3982 αὐτῶν
2489 3926 2601 3995 ἐγὼ
2627 3927 2841 3995 ἁγιάζω
2869 3927 3128 3998 ἐμαυτὸν,
3159 3926 3244 3980 ἵνα
3272 3928 3361 3979 καὶ
3385 3926 3537 3980 αὐτοὶ
3562 3918 3697 3980 ὦσιν

2122 4020 2446 4090 ἡγιασμένοι
2482 4019 2539 4071 ἐν
2586 4016 2838 4088 ἀληθείᾳ.
2894 4036 2914 4070 ι
2971 4017 3185 4086 Ἀγίους
3238 4017 3484 4089 ποίησον,
3537 4019 3694 4087 φησι,

2122 4111 2212 4166 διά
2244 4111 2345 4183 τῆς
2370 4111 2464 4165 τοῦ
2488 4110 2805 4181 Πνεύματος
2842 4111 3062 4177 δόσεως,
3093 4113 3188 4165 καὶ
3231 4111 3468 4181 φύλαξον
3499 4112 3695 4177 αὐτοὺς

2123 4203 2183 4257 ἓν
2210 4205 2277 4275 τῇ
2325 4201 2578 4275 ὀρθότητι
2620 4204 2714 4257 τοῦ
2770 4203 2930 4272 λόγου
2976 4204 3213 4258 καὶτῶν
3259 4203 3565 4273 δογμάτων,
3598 4205 3695 4258 καὶ

2124 4294 2416 4350 παίδευσον
2440 4295 2657 4363 αὐτοὺς,
2704 4298 2797 4351 καὶ
2834 4296 3045 4362 δίδαξον
3075 4296 3173 4369 τὴν
3203 4297 3461 4368 ἀλήθειαν
3486 4313 3501 4329 ·
3536 4295 3695 4350 τοῦτο

448 4382 605 4449 Quod
636 4391 815 4437 autem
851 4384 917 4438 de
948 4382 1215 4450 dogmatis
1241 4382 1407 4446 dicat,
1443 4380 1786 4437 manifestum
1813 4398 1827 4436 :
1859 4381 2019 4439 inter-

2125 4386 2253 4459 γὰρ,
2287 4386 2592 4458 ἁγιωσύνη,
2628 4389 2661 4460 ἡ
2712 4393 2822 4443 τῶν
2860 4387 3040 4457 ὀρθῶν
3102 4388 3386 4458 δογμάτων
3439 4389 3690 4459 τήρησις.

449 4478 694 4543 pretatur
725 4476 891 4539 enim,
945 4491 965 4526 ι
1006 4472 1198 4529 Sermo
1234 4483 1356 4530 tuus
1383 4474 1588 4529 veritas
1625 4482 1730 4543 est,
1764 4493 1783 4526 ι
1815 4474 2017 4530 nullum

448 4571 503 4623 in
531 4583 595 4623 eo
628 4568 968 4622 mendacium
997 4583 1014 4620 :
1047 4575 1209 4637 atque
1241 4567 1314 4621 ita
1352 4567 1397 4621 si
1427 4576 1482 4621 et
1519 4567 1640 4621 illos
1676 4567 1869 4621 feceris
1902 4580 2021 4621 ser-

449 4676 574 4716 vare
600 4676 908 4716 sermonem
944 4670 1117 4728 tuum,
1144 4667 1198 4715 et
1221 4660 1482 4714 custodiri
1523 4676 1552 4713 a
1584 4659 1747 4724 malo,
1784 4660 1835 4713 in
1877 4659 2019 4714 veti-

448 4762 556 4808 tate
618 4752 1126 4809 sanetillcabuntur.
1183 4750 1463 4821 Signiﬁcat
1514 4762 1696 4805 autem
1761 4760 1817 4804 et
1874 4751 2017 4805 aliud

444 4846 724 4915 quiddam.
753 4863 771 4896 ι
803 4844 1095 4899 Sanctillca
1125 4857 1219 4898 eos
1251 4844 1303 4897 in
1334 4843 1565 4898 veritate
1585 4851 1693 4907 tua,
1730 4861 1748 4894 ι
1787 4845 1888 4898 hoc
1916 4852 2018 4906 est,

443 4953 630 5007 separa
677 4950 772 4991 eos
831 4935 883 4990 in
933 4934 1157 4989 verbum
1209 4945 1266 4991 et
1317 4933 1786 5004 praedicationem,
1827 4943 1882 4989 et
1931 4933 2017 4989 fac

442 5044 536 5086 eos
567 5029 915 5092 sacriﬁcium,
953 5028 1096 5098 quod
1124 5028 1337 5083 veritati
1377 5037 1481 5083 tuae
1529 5031 1862 5095 ministrent,
1894 5029 2017 5084 huic

442 5139 593 5179 suam
637 5124 803 5176 vitam
851 5130 1198 5176 consecrent.
1246 5121 1441 5177 Subdit
1471 5122 1654 5177 enim:
1689 5140 1706 5172 ι
1746 5121 1901 5177 Sicut
1931 5136 2019 5177 me

444 5212 640 5269 misisti
687 5215 740 5268 in
812 5213 1113 5278 mundum,
1185 5221 1239 5267 et
1282 5228 1379 5284 pro
1450 5213 1532 5269 eis
1583 5230 1681 5285 ego
1737 5214 2019 5269 sanetilico

447 5307 734 5377 meipsum,
767 5322 789 5357 ι
827 5305 931 5361 hoc
949 5315 1054 5370 est,
1089 5304 1257 5361 oﬂ‘ero
1296 5307 1627 5363 sacrificium
1658 5325 1672 5361 :
1706 5307 1780 5361 ita
1812 5317 1865 5362 et
1896 5306 2018 5362 illos

443 5399 750 5464 sanctiﬁca,
780 5398 882 5455 hoc
910 5409 1015 5467 est,
1051 5413 1244 5469 separa
1279 5401 1330 5454 in
1360 5400 1710 5467 sacriﬁcium,
1736 5400 1788 5454 in
1818 5400 2015 5468 praedi-

443 5489 733 5558 cationeui,
772 5502 828 5547 et
856 5493 1127 5553 ednslitue
1158 5508 1254 5550 eos
1284 5495 1533 5550 veritatis
1561 5503 1751 5557 testes,
1791 5492 1932 5547 sicut
1963 5500 2017 5545 et

447 5601 531 5641 me
556 5586 751 5641 misisti
777 5586 1021 5643 veritatis
1055 5597 1244 5643 testem
1277 5598 1332 5642 et
1357 5588 1607 5642 hostium.
1644 5584 1843 5639 Sancta
1873 5583 2014 5638 enitn

444 5660 700 5733 dicuntur
736 5680 916 5733 omnia
949 5693 1070 5748 qtta:
1114 5679 1221 5735 Deo
1275 5680 1527 5747 reposita.
1570 5699 1586 5727 ι
1645 5679 1715 5734 Ut
1747 5688 1798 5731 et
1830 5676 1928 5745 ipsi
1989 5694 2007 5726 ι

514 5860 559 5888 ⁸³
593 5856 697 5911 isa.
725 5873 839 5928 ιιιι,
873 5862 925 5914 9.

2125 4480 2247 4534 Ὀτι
2267 4482 2324 4534 δὲ
2346 4482 2474 4551 περὶ
2503 4481 2790 4554 δογμάτων
2813 4480 2983 4550 λέγει,
3016 4481 3173 4553 δῆλον
3200 4498 3212 4512 °
3241 4480 3534 4552 ἑρμηνεύει
3560 4480 3694 4549 γὰρ,

2120 4573 2203 4626 ὅτι
2241 4592 2261 4626 ι
2304 4571 2363 4626 '0
2384 4572 2541 4642 λόγος
2569 4575 2598 4627 ὁ
2632 4573 2724 4638 σὸς
2766 4573 2993 4645 ἀλήθειά
3020 4575 3192 4638 ἐστιν,
3252 4592 3270 4625 ι
3305 4573 3454 4629 οὐδὲν
3500 4572 3695 4644 ψεῦδος

2120 4667 2180 4720 ὲν
2204 4664 2372 4736 αὐτῷ.
2395 4666 2555 4719 Ὥστε
2587 4665 2681 4719 ὲάν
2704 4666 2797 4719 καὶ
2823 4667 3049 4731 τούτους
3077 4666 3307 4737 ποιήσῃς
3332 4664 3569 4737 τηρῆσαι
3600 4665 3693 4717 τὸν

2120 4757 2279 4826 λόγον
2310 4773 2423 4821 σου,
2464 4757 2558 4811 καὶ
2597 4755 2940 4828 φυλαχθῆναι
2985 4756 3093 4810 ἀπὸ
3123 4756 3215 4810 τοῦ
3249 4754 3509 4826 πονηροῦ,
3542 4757 3602 4808 ὲν
3626 4758 3694 4825 τῇ

2120 4851 2346 4922 ἀληθεία
2381 4849 2830 4921 ἁγιασθήσονται.
2876 4850 3038 4919 Δηλοῖ
3065 4850 3122 4904 δὲ
3174 4849 3267 4902 καὶ
3307 4849 3495 4920 ἕτερόν
3525 4860 3579 4900 τι
3609 4846 3694 4910 τὸ,

2126 4963 2144 4996 ι
2197 4943 2450 5013 Ἀγίασον
2483 4943 2681 5006 αὐτοὺς
2708 4948 2767 4997 ἐν
2796 4946 2860 5013 τῇ
2892 4943 3122 5015 ἀληθεία
3158 4959 3251 4995 σου
3280 4959 3293 4972 °
3339 4960 3357 4993 ι
3395 4942 3694 5007 τουτέστιν,

2133 5037 2416 5107 Ἀφόρισον
2463 5037 2660 5099 αὐτοὺς
2695 5037 2771 5105 τῷ
2799 5035 2943 5105 λόγῳ
2968 5037 3063 5090 καὶ
3106 5036 3183 5105 τῷ
3214 5034 3554 5106 κηρύγματι,
3599 5033 3697 5085 καῖ

2121 5126 2313 5179 θυσίαν
2345 5126 2547 5189 αὐτοὺς
2578 5124 2805 5195 ποίησον
2832 5139 2845 5154 ο
2883 5129 2948 5196 τῇ
2984 5126 3216 5196 ἀληθείᾳ
3246 5128 3418 5197 ταύτῃ
3450 5122 3699 5192 λειτουρι.

2119 5218 2466 5287 γησάτωσαν,
2512 5216 2716 5285 ταύτην
2772 5217 2834 5289 (Γ.
2883 5217 3081 5289 ταύτῃ)
3135 5218 3231 5288 τὴν
3287 5218 3495 5270 οἰκείαν
3546 5215 3696 5285 ζωὴν

2118 5310 2611 5381 ἀφιερωσάτωσαν.
2640 5304 2927 5381 Ἐπιφέρέι
2949 5312 3098 5380 γοῦν·
3143 5328 3162 5361 ι
3201 5308 3395 5371 Καθὼς
3435 5308 3533 5377 ἐμὲ
3556 5308 3699 5360 ἀπέ-

2119 5399 2337 5462 στειλας
2366 5400 2446 5464 εἰς
2476 5399 2567 5455 τὸν
2593 5401 2817 5471 κόσμον,
2848 5388 2939 5455 καὶ
2969 5402 3107 5471 ὑπὲρ
3134 5400 3315 5453 αὐτῶν
3339 5399 3451 5469 ἐγὼ
3479 5396 3698 5467 ἁγιάζω

2110 5491 2360 5563 ’ἐμαυτόν
2387 5508 2400 5523 ·
2434 5510 2452 5544 ι
2486 5494 2785 5558 τουτέστιν,
2823 5495 3122 5564 προσφέρω
3156 5494 3346 5546 θυσίαν
3373 5511 3386 5523 ·
3420 5488 3563 5545 οὕτω
3596 5492 3695 5543 καὶ

2125 5602 2144 5636 r
2187 5584 2382 5647 αὐτοὺς
2427 5584 2678 5653 ἁγίασον,
2737 5604 2757 5637 ο
2804 5585 3113 5650 τουτέστιν,
3178 5586 3445 5656 ἀφόρισον
3496 5582 3697 5636 θυσίαν

2123 5675 2264 5748 ὑπὲρ
2290 5676 2382 5733 τοῦ
2423 5678 2798 5750 κηρύγματος,
2830 5679 2924 5732 καὶ
2954 5680 3050 5749 τῆς
3110 5678 3366 5750 ἀληθείας
3406 5677 3695 5749 μάρτυρας
