4056 6636
384 486 499 553 2'27

983 486 1426 552 ENARRATIO
1465 486 1546 550 IN
1586 490 2085 553 EVANGELIUM
2116 490 2556 555 JOANNIS..-
2589 490 2748 551 CAP.
2781 487 2968 553 XVII.

3538 480 3648 549 233

381 599 558 665 τάξον
584 596 874 667 γενέσθαι,
900 594 1089 666 ὥσπερ
1109 595 1174 666 δὴ
1199 596 1342 667 κάμὲ
1369 595 1697 663 ἀπέστειλας
1719 600 1972 670 μάρτυρα

2092 600 2218 656 sicut
2248 611 2301 655 et
2333 614 2452 668 ego,
2488 615 2508 650 ι
2542 599 2650 652 sint
2688 598 3009 655 sanctiﬁcati
3049 617 3068 650 ι
3094 608 3145 653 et
3179 598 3345 652 oblati
3390 598 3484 677 tibi
3519 601 3650 657 Deo.

387 690 500 761 τῆς
572 688 836 761 ἀληθείας
899 689 996 742 καὶ
1052 687 1283 757 σφάγιον
1341 687 1496 758 (ἅγια
1560 690 1672 761 γὰρ
1727 690 1979 759 λέγονται

386 785 577 837 πάνια
598 782 668 834 τὰ
693 780 772 851 τῷ
789 778 912 849 Θεῷ
932 779 1294 850 ἀνακείμενα)
1325 796 1340 810 ·
1373 798 1391 831 ι
1422 779 1510 835 ἵνα
1533 778 1600 851 δὴ
1627 781 1720 833 καὶ
1750 780 1929 846 αὐτοὶ,
1959 800 1977 833 ι

385 873 592 944 ὥσπερ
616 870 753 942 ἐγὼ,
787 890 807 924 ι
842 865 976 925 ὦσιν
996 871 1348 941 ἡγιασμένοι,
1381 888 1401 923 ι
1438 872 1535 925 καὶ
1565 871 1982 943 ἀνατεθειμένοι

388 967 486 1018 σοὶ
510 966 589 1035 τῷ
626 964 771 1035 Θεῷ,
816 963 915 1034 οὐχ
940 964 1134 1032 ὥσπερ
1161 961 1231 1016 τὰ
1272 961 1412 1016 κατά
1443 962 1607 1033 νόμον
1641 962 1883 1033 θυόμενα
1923 954 1983 1014 ἐν

384 1058 578 1130 τύπῳ,
634 1058 752 1111 ἀλλ’
787 1075 805 1108 ι
867 1059 927 1110 ἂν
954 1055 1204 1127 ἀληθείᾳ.
1242 1074 1261 1107 ι
1296 1056 1363 1108 Δί
1396 1055 1565 1112 πάλαι
1611 1055 1711 1127 μὲν
1749 1055 1863 1125 γὰρ
1890 1053 1985 1128 Ou:

387 1149 516 1202 σὶαι
562 1147 815 1214 τυπικαὶ,
849 1148 948 1201 καὶ
990 1150 1168 1200 πάντα
1216 1147 1285 1201 τὰ
1341 1146 1478 1215 ἆγια
1520 1149 1578 1199 έν
1633 1144 1789 1215 τύπῳ
1841 1139 1985 1215 ἦσαν

389 1241 762 1311 ἀφιερωμένα
796 1241 871 1309 τῷ
902 1239 1045 1311 Θεῷ,
1077 1239 1208 1293 ἀλλο
1227 1255 1280 1293 τι
1307 1237 1682 1310 πνευματικὸν
1708 1253 1981 1309 σκιαγρα-

387 1332 644 1403 ιροῦντα·
683 1327 817 1400 οἷον,
854 1334 883 1386 ὁ
909 1332 1103 1403 ἀμνὸς,
1134 1334 1190 1387 αἱ
1222 1335 1568 1404 περιστεραὶ,
1600 1334 1658 1385 αἱ
1695 1331 1980 1403 τρυγόνες,

384 1429 494 1481 καὶ
540 1423 737 1481 τᾶλλα.
772 1427 840 1480 Δί
883 1424 941 1480 δὲ
1007 1426 1087 1496 τῷ
1135 1424 1257 1496 Θεῷ
1319 1425 1739 1495 ἀνατεθειμέναι
1790 1423 1983 1496 ψυχαὶ,

390 1538 414 1570 ι
470 1522 530 1573 ὲν
576 1518 805 1589 ἀληθείᾳ
857 1536 876 1570 ι
903 1517 1044 1571 είσὶν
1105 1519 1440 1589 ἡγιασμέναι
1470 1518 1567 1571 καὶ
1604 1518 1986 1589 ἀφωρισμέναι

384 1613 495 1664 καὶ
527 1610 905 1680 ἀφιερωμέναι
933 1606 1015 1679 τῷ
1035 1608 1156 1679 Θεῷ
1176 1626 1191 1641 ·
1234 1610 1377 1664 καθά
1415 1610 1511 1664 καὶ
1558 1608 1770 1673 Πσῦλός
1808 1626 1942 1680 φησι
1969 1625 1985 1642 ο

2080 707 2186 746 non
2214 693 2355 747 sicut
2374 705 2494 760 qua:
2521 691 2817 746 secundum
2844 690 3014 760 legem
3039 692 3417 745 sacriticantur
3439 691 3491 745 in
3518 691 3655 763 ﬁgu-

2081 798 2161 849 ra,
2210 783 2304 838 sed
2370 801 2388 833 ι
2428 781 2480 836 in
2542 781 2790 835 veritate.
2858 798 2878 832 ι
2918 780 3198 838 Sacriﬁcia
3254 784 3399 837 enim
3471 795 3651 839 vetera

2082 871 2322 943 liguralia
2358 880 2543 933 erant,
2593 879 2649 927 et
2677 870 2859 925 omnia
2908 884 3096 925 sancta
3146 871 3198 926 in
3237 872 3405 942 ﬁgura
3438 871 3658 927 fuerunt

2081 976 2297 1020 sacrata
2329 963 2461 1032 Deo,
2489 964 2632 1019 aliud
2662 962 2945 1034 spirituale
2969 962 3224 1033 quiddam
3254 965 3654 1031 adumbrantia,

2078 1066 2136 1109 ut
2167 1071 2360 1125 agnus,
2415 1053 2701 1121 columbae,
2755 1065 3014 1122 turtures,
3055 1066 3160 1111 etc.
3217 1057 3437 1131 Anian
3474 1066 3654 1112 autem

2080 1164 2201 1219 qua:
2247 1148 2356 1216 Deo
2407 1146 2732 1213 oﬁ‘eruntur,
2780 1149 2832 1203 in
2868 1149 3096 1205 veritate
3141 1160 3265 1204 sunt
3303 1151 3656 1207 sanmiﬁcatae

2082 1247 2137 1294 et
2168 1252 2496 1295 consecrata:
2542 1241 2672 1306 Deo,
2717 1242 2860 1296 sicut
2902 1249 2956 1295 et
2996 1239 3194 1295 Paulus
3225 1241 3393 1299 dicit:
3429 1262 3447 1296 ι
3483 1243 3655 1299 Extri-

2085 1331 2206 1386 bete
2234 1331 2475 1387 membra
2508 1342 2688 1387 vestra
2718 1332 3046 1388 sacriﬁcium
3073 1333 3248 1388 vivum
3272 1342 3520 1391 sanctum
3550 1337 3649 1392 ⁸⁷.»

2086 1455 2156 1466 -
2191 1442 2210 1477 ι
2263 1423 2553 1480 Sanctiﬁca
2591 1443 2610 1479 ι
2666 1426 2828 1496 igitur
2874 1436 2928 1481 et
2963 1441 3220 1482 consecra
3269 1416 3656 1498 discipulorum

2089 1518 2318 1584 animos,
2354 1527 2406 1572 et
2435 1517 2518 1573 fac
2546 1533 2640 1574 cos
2658 1534 2821 1574 veras
2852 1519 3170 1587 oblationes,
3203 1530 3255 1576 et
3278 1522 3575 1591 corrobora
3604 1534 3661 1579 ut

2096 1624 2195 1681 pro
2222 1610 2449 1666 veritate
2472 1627 2532 1667 se
2554 1612 2880 1683 sacriﬁcent.

392 1720 416 1754 ι
454 1702 856 1773 Παραστήσατε
887 1700 957 1754 τὰ
979 1701 1119 1771 μέλη
1144 1701 1299 1771 ὑμῶν
1330 1700 1523 1755 θυσίαν
1553 1696 1739 1766 ζῶσαν
1773 1701 1957 1771 ἁγίαν.
1989 1720 2010 1756 ι
2046 1735 2112 1748 --
2146 1721 2166 1755 ι
2218 1703 2475 1773 Ἀγίασον
2503 1723 2522 1757 ι
2545 1703 2658 1771 οὖν,
2681 1704 2778 1759 καὶ
2805 1692 3112 1775 ἀφιέρωσω
3137 1707 3238 1772 τὰς
3267 1694 3375 1761 τῶν
3404 1709 3660 1785 μαθητῶν

381 1798 601 1870 ψυχὰς,
642 1798 736 1851 καὶ
803 1796 1130 1868 ἀναθήματα
1166 1795 1370 1861 ταύτας
1418 1797 1647 1869 ποίησον
1666 1796 1931 1868 ἀληθινὰ,
1966 1798 2000 1870 ἢ
2032 1799 2127 1853 καὶ
2169 1800 2310 1871 ὑπὲρ
2338 1802 2437 1871 τῆς
2471 1800 2731 1873 ἀληθείας
2755 1801 3135 1871 ἐνδυνάμωσον
3183 1804 3381 1871 αὐτοὺς
3407 1808 3659 1878 τυθῆναι.

481 1911 500 1944 ι
535 1893 609 1946 Οὐ
652 1891 1016 1963 περὶτούτων
1045 1891 1102 1945 δὲ
1142 1891 1333 1961 ἐρωτῶ
1370 1893 1550 1962 μόνον,
1576 1892 1712 1947 ἀλλά
1743 1893 1986 1967 καὶπερὶ

2156 1892 2327 1951 Vens.
2380 1894 2471 1960 20,
2503 1894 2593 1952 21.
2646 1915 2665 1949 ι
2721 1894 2839 1950 Νυιι
2880 1914 2979 1967 pro
3010 1898 3089 1953 eis
3125 1911 3256 1968 rogo
3298 1909 3530 1968 tantum,
3568 1904 3665 1960 sed

386 1985 511 2038 τῶν
541 1983 909 2038 πιστευόντων
943 1983 1030 2036 διδ
1055 1982 1150 2036 τοῦ
1195 1982 1354 2051 λόγου
1397 1983 1578 2037 αὐτῶν
1623 1984 1705 2048 είς
1734 1982 1856 2055 ἐμὲ,
1899 1984 1987 2039 ἴνα

395 2076 611 2138 πάντες
656 2074 714 2128 ἓν
734 2069 860 2137 ὦσι,
887 2073 1072 2137 καθὼς
1097 2076 1188 2138 σὺ,
1220 2075 1422 2145 Πάτερ,
1454 2079 1512 2130 ὲν
1560 2077 1707 2147 ἐμοὶ,
1746 2075 1902 2146 κάγὼ
1930 2078 1987 2132 ὲν

392 2168 515 2232 σοι,
547 2166 758 2238 ἵναικαὶ
786 2164 945 2222 αὐτοὶ
964 2168 1034 2219 ἐν
1061 2167 1192 2237 ἡμῖν
1218 2165 1284 2220 ἒν
1310 2160 1467 2232 ὦσιν,
1499 2167 1586 2220 ἴνα
1612 2167 1642 2219 ὁ
1674 2167 1878 2238 κόσμος
1900 2184 1989 2221 πι-

395 2257 743 2333 στεύσῃ,⁸ὅτι
769 2259 834 2313 σύ
874 2278 941 2331 με
967 2260 1320 2324 ἀπέστειλας.
1360 2280 1380 2314 ι
1413 2257 1603 2328 Εἶπεν,
1628 2262 1712 2316 ὅτι
1742 2279 1762 2314 ι
1816 2260 1989 2333 ’Υπὲρ

392 2352 587 2407 αὐτῶν
619 2351 730 2421 εγὼ
769 2350 982 2420 ἁγιάζω
1012 2352 1269 2422 ἐμαυτόν.
1314 2370 1335 2407 ι
1373 2352 1473 2407 Ἵν’
1503 2349 1597 2408 οὖν
1636 2338 1713 2425 μὴ
1745 2352 1987 2425 νομίσειέ

391 2461 515 2509 τις,
546 2445 631 2500 ὅτι
661 2444 805 2515 ὑπὲρ
832 2445 1010 2514 μόνων
1041 2444 1151 2498 τῶν
1174 2445 1491 2499 ἀποστόλων
1532 2445 1825 2513 ἀπέθανεν,
1871 2446 1987 2499 ὲπι-

397 2541 608 2608 φέρει·
660 2557 678 2588 ι
710 2537 784 2590 Οὐ
826 2536 956 2606 περὶ
984 2536 1191 2592 τούτων
1208 2537 1266 2591 δὲ
1297 2538 1486 2609 ἐρωτῶ
1520 2539 1700 2609 μόνον,
1732 2537 1870 2591 ἀλλά
1891 2538 1986 2591 καὶ

398 2627 542 2696 περὶ
572 2627 796 2681 πάντων
829 2626 941 2680 τῶν
969 2625 1344 2682 πιστευόντων
1372 2628 1466 2682 διά
1492 2627 1586 2682 τοῦ
1613 2628 1773 2697 λόγου
1806 2629 1987 2682 αὐτῶν

399 2721 493 2782 είς
543 2719 669 2789 ἐμέ.
722 2736 744 2770 ι
787 2717 1054 2772 Ἐνταῦθα
1075 2712 1157 2773 ’δὲ
1199 2720 1520 2791 διανέστησε
1564 2720 1725 2774 πάλιν
1755 2721 1855 2784 τὰς
1882 2720 1988 2790 ψυ-

398 2811 515 2883 χὰς
550 2811 658 2864 τῶν
688 2810 1027 2874 ἀποστόλων,
1052 2811 1107 2864 εἴ
1137 2828 1199 2880 γε
1244 2812 1532 2884 μέλλουσιν
1577 2813 1719 2878 ἕξειν
1760 2813 1989 2878 πολλοὺς

399 2902 685 2972 μαθητάς.
717 2902 941 2972 Ἐπειδὴ
972 2902 1080 2974 γάρ
1128 2899 1304 2969 εἶπεν,
1346 2905 1432 2959 δτι
1467 2923 1486 2956 ι
1522 2905 1599 2957 Οὐ
1630 2903 1988 2975 περὶτούτων

398 2992 574 3063 μόνον
613 2993 826 3065 ἐρωτῶ,
862 3013 881 3046 ι
919 2994 1009 3049 ἵνα
1057 2995 1134 3068 μῂ
1168 2996 1632 3051 σκανδαλισθῶσιν
1668 2998 1715 3051 οξ
1755 2998 1989 3052 ἀπόστο-

398 3087 516 3151 λοι,
546 3086 623 3150 ὡς
667 3088 820 3143 οὐδὲν
847 3087 1127 3159 ἐξαίρετον
1157 3089 1345 3153 αὐτοῖς
1390 3088 1625 3153 διδόντος
1664 3087 1819 3160 παρά
1861 3090 1986 3152 τοὺς

402 3179 658 3248 λοιποὺς,
683 3181 1095 3253 παραμυθεῖται
1141 3181 1340 3247 αὐτοὺς
1372 3181 1461 3237 διὰ
1489 3181 1585 3236 τοῦ
1616 3181 1877 3254 δηλῶσαι,
1905 3183 1988 3236 ὄτι

2088 1986 2254 2040 etiam
2312 2002 2412 2058 pro
2464 1986 2531 2042 iis
2576 1988 2667 2057 qui
2715 1987 2978 2042 credituri
3031 2000 3158 2042 sunt
3210 2004 3307 2058 per
3355 2004 3661 2068 sermonem

2088 2087 2278 2129 eorum
2329 2073 2381 2127 in
2422 2089 2529 2141 me,
2563 2085 2620 2128 ut
2660 2089 2851 2131 omnes
2884 2091 3046 2130 unum
3080 2076 3210 2142 sint,
3245 2080 3384 2134 sicut
3416 2090 3468 2133 tu
3505 2078 3666 2159 Pater

2090 2166 2143 2221 in
2179 2182 2282 2234 me,
2329 2158 2383 2222 et
2416 2183 2514 2236 ego
2547 2169 2599 2223 in
2641 2177 2714 2234 te,
2745 2180 2880 2227 utet
2911 2170 3014 2241 ipsi
3056 2172 3111 2225 in
3143 2171 3297 2227 nobis
3336 2188 3503 2227 unum
3532 2176 3663 2241 sint,

2091 2266 2152 2313 ut
2193 2259 2380 2312 credat
2417 2260 2651 2313 mundus
2681 2260 2824 2328 quod
2865 2271 2920 2314 tu
2968 2274 3053 2316 me
3082 2259 3317 2318 miseris.
3355 2279 3376 2313 ι
3421 2261 3662 2326 Dixerat,

2097 2366 2115 2401 ι
2158 2346 2263 2403 Pro
2290 2348 2422 2417 ipsis
2451 2362 2554 2419 ego
2587 2347 2873 2404 sanctiﬁco
2910 2349 3196 2419 meipsum.
3236 2369 3256 2403 ι
3306 2350 3377 2408 Ut
3406 2352 3569 2422 igitur
3599 2369 3666 2407 ne

2091 2447 2240 2510 putet
2291 2440 2413 2507 quis
2472 2439 2617 2508 quod
2656 2455 2754 2510 pro
2788 2440 2929 2496 “solis
2970 2438 3233 2512 apostolis
3282 2458 3530 2501 mortuus
3572 2446 3663 2513 sit,

2090 2532 2314 2587 subdit:
2348 2550 2368 2583 ι
2404 2529 2518 2586 Νοιι
2563 2547 2660 2602 pro
2688 2532 2773 2587 his
2807 2548 2937 2603 rogo
2970 2535 3168 2597 solum,
3200 2538 3293 2591 sed
3327 2546 3384 2592 et
3411 2526 3509 2606 pro
3545 2555 3665 2592 om-

2093 2625 2256 2680 nibus
2283 2626 2374 2694 qui
2422 2626 2646 2680 credent
2687 2640 2782 2696 per
2822 2641 3129 2682 sermonem
3188 2626 3426 2685 illorum.
3474 2647 3493 2681 ι
3553 2626 3667 2684 Hoc

2091 2730 2270 2774 autem
2300 2719 2419 2773 loco
2457 2716 2653 2774 iterum
2686 2717 2849 2790 erigit
2887 2719 3253 2792 apostolorum
3284 2710 3664 2791 animos‘qnod

2092 2811 2328 2866 habituri
2376 2811 2486 2867 sint
2530 2811 2734 2867 multos
2764 2812 3086 2883 discipulos.
3126 2812 3264 2881 Quia
3308 2816 3451 2870 enim
3508 2814 3665 2883 diXit,

2097 2922 2117 2956 ι
2147 2902 2263 2958 Νοιι
2293 2918 2390 2973 pro
2435 2903 2519 2959 his
2549 2902 2681 2958 solis
2710 2918 2861 2973 rogo,
2901 2921 2920 2956 ι
2969 2913 3028 2958 ιιι
3068 2919 3135 2958 ne
3168 2903 3507 2961 oll‘cndantur
3534 2920 3666 2974 apo~

2093 2997 2217 3054 SlOii
2250 2999 2407 3069 quasi
2450 2996 2585 3052 nihil
2628 2996 2906 3066 singulare
2939 3012 3051 3067 prae
3082 2997 3203 3051 aliis
3246 2998 3504 3064 habeant,
3537 3015 3669 3053 con-

2092 3090 2304 3148 solatur
2351 3104 2471 3157 eos,
2532 3088 2891 3157 signiﬁcando
2954 3088 3070 3144 fore
3133 3089 3255 3145 illos
3312 3090 3666 3161 plurimorum

2092 3180 2218 3235 ﬁdei
2246 3191 2302 3236 et
2328 3178 2520 3236 salutis
2549 3189 2822 3236 auctores.
2845 3179 2910 3235 Et
2935 3180 3061 3251 quia
3100 3181 3235 3237 satis
3264 3183 3671 3239 coinniendarat

407 3272 635 3337 πολλοῖς
707 3273 919 3327 ἔσονται
985 3273 1226 3339 πίστεως
1278 3273 1375 3327 καὶ
1455 3273 1731 3345 σωτηρίας
1793 3275 1983 3329 αῐτιοι.

2092 3272 2383 3356 eosPatri,
2413 3273 2570 3344 quasi
2595 3273 2698 3328 ﬁde
2732 3271 3082 3330 sanctiﬁcaus
3115 3288 3229 3338 eos,
3251 3282 3306 3329 et
3338 3278 3667 3332 sacriﬁcium

442 3364 587 3417 Επεὶ
615 3364 670 3416 δὲ
695 3363 899 3428 ίκανῶς
926 3364 1123 3429 αὐτοὺς
1158 3364 1432 3437 παρέθετο
1455 3364 1532 3436 τῷ
1572 3367 1770 3438 Πατρὶ,
1817 3367 1893 3431 ὡς
1924 3369 1990 3421 ἂν

377 3457 625 3527 ,ἁγιάσῃ
667 3457 864 3520 αὺτιὺς
894 3461 960 3528 τῇ
990 3461 1194 3524 πίστει,
1243 3458 1338 3513 καὶ
1368 3457 1561 3513 θυσίαν
1588 3459 1787 3523 αὐτοὺς
1828 3459 1992 3528 ἁγίαν

402 3553 485 3622 τῇ
513 3550 745 3622 ἀληθείᾳ
776 3552 1101 3624 ἀποτελέσῃ,
1126 3551 1275 3622 λέγει
1302 3553 1495 3607 λοιπὸν
1514 3554 1680 3608 πάλιν
1710 3554 1840 3625 περὶ
1859 3557 1990 3624 ὀμο-

402 3643 586 3708 νοίας,
628 3643 721 3695 καὶ
757 3641 850 3711 ἀφ’
905 3634 966 3695 οὗ
1007 3642 1213 3712 ἧρξατο
1255 3642 1579 3711 κεφαλαίου,
1623 3643 1726 3712 τῆς
1769 3645 1993 3713 ἀγάπης

402 3736 583 3804 λέγω,
613 3738 693 3799 είς
739 3739 918 3790 ἐκεῖνο
952 3737 1140 3791 λοιπὸν
1169 3736 1483 3790 κατακλείει
1513 3737 1608 3789 τὸν
1662 3736 1841 3805 λόγον,
1890 3736 1987 3789 καί

406 3845 618 3898 φησιν·
671 3848 709 3883 ι,
740 3830 860 3883 ἰνα
902 3829 1104 3892 πάντες
1150 3828 1212 3881 ἓν
1268 3822 1408 3883 ὦσι·
1464 3847 1483 3880 ι
1520 3829 1821 3892 τουτέστιν,
1874 3824 1994 3880 Ἵνα

406 3922 648 3993 εἰρήνην
687 3922 786 3975 καὶ
834 3922 1087 3993 ὁμόνοιαν
1136 3922 1341 3993 ἔχωσι,
1398 3921 1495 3975 καὶ
1531 3924 1588 3975 ἐν
1614 3921 1996 3992 ήμῖν,⁴τουτέ·

410 4033 563 4081 στιν,
610 4019 668 4073 ἐν
722 4019 791 4088 τῇ
836 4017 976 4089 πρὸς
1004 4017 1153 4088 ἡμᾶς
1178 4012 1367 4069 πίστει
1389 4016 1452 4068 τὸ
1497 4013 1866 4071 ἀδιάσπαστον
1895 4030 1990 4084 τη-

412 4108 611 4181 ρῶσιν.
643 4107 811 4161 Οὐδὲν
840 4107 953 4179 γὰρ
984 4106 1130 4161 οὕτω
1159 4104 1508 4169 σκανδαλίζει
1539 4104 1669 4168 τοὺς
1714 4102 1987 4175 μαθητὰς,

411 4200 497 4262 ὡς
519 4199 583 4253 τὸ
613 4197 966 4264 διασπᾶσθαι,
1008 4201 1101 4251 καὶ
1148 4198 1223 4269 μὴ
1246 4198 1568 4269 όμοφρονείν
1595 4197 1719 4260 τοὺς
1745 4194 1999 4249 διδασκά-

410 4293 550 4353 λους
574 4305 589 4318 ⁶
638 4289 753 4353 πῶς
792 4288 901 4361 γὰρ
970 4291 1082 4354 τοῖς
1137 4292 1215 4361 μὴ
1265 4290 1336 4342 τὰ
1372 4288 1513 4345 αὐτὰ
1549 4286 1805 4361 φρονοῦσι
1844 4288 2000 4359 θελή-

422 4383 585 4436 σουσί
612 4399 754 4446 τινες
784 4382 1109 4454 πεισθῆναι;
1146 4384 1246 4437 Διά
1272 4381 1432 4436 τοῦτό
1459 4399 1627 4454 φησιν
1654 4397 1668 4411 ⁸
1703 4400 1724 4434 ι
1766 4381 1883 4435 Ἵνα
1904 4382 1999 4435 καὶ

414 4476 584 4532 αὐτοὶ
608 4476 671 4530 ἒν
692 4473 827 4531 ὦσιν
863 4496 882 4529 ι
920 4479 981 4530 ὲν
1016 4481 1082 4547 τῇ
1115 4477 1195 4539 είς
1226 4478 1373 4546 ἡμᾶς
1401 4477 1602 4542 πίστει,
1637 4494 1654 4525 ι
1697 4473 1879 4537 καθὼς
1911 4476 1997 4541 σὺ,

2092 3380 2186 3421 eos
2210 3366 2426 3420 veritati
2469 3380 2686 3421 sacrum
2721 3380 3129 3432 consummatis,
3167 3367 3299 3422 dicit
3344 3378 3529 3439 postea
3563 3370 3668 3424 ite-

2094 3472 2214 3511 rum
2276 3456 2345 3511 de
2398 3456 2720 3521 concordia,
2782 3465 2840 3510 et
2902 3470 2932 3510 a
3009 3468 3116 3526 quo
3169 3457 3338 3525 coepit
3403 3455 3671 3527 principio

2096 3548 2401 3618 (charitatis
2444 3550 2587 3617 dice)
2629 3548 2684 3603 in
2733 3564 2798 3605 eo
2847 3563 2989 3602 nunc
3032 3546 3203 3602 ferme
3258 3548 3549 3613 concludit,
3610 3565 3674 3617 ac

2097 3642 2305 3710 inquit:
2364 3660 2383 3693 ι
2453 3640 2521 3696 Ut
2558 3655 2750 3697 omnes
2808 3656 2973 3695 unum
3031 3641 3158 3705 sint,
3229 3659 3248 3692 ι
3299 3642 3399 3696 hoc
3448 3651 3553 3707 eSt,
3616 3651 3674 3695 ut

2098 3748 2285 3805 pacem
2336 3745 2409 3788 'et
2472 3734 2815 3788 concordiam
2888 3734 3163 3802 habeant,
3230 3743 3287 3789 et
3355 3753 3374 3787 ι
3447 3734 3500 3790 in
3575 3749 3673 3788 uo-

2096 3826 2212 3893 bis,
2253 3844 2273 3878 ι
2336 3825 2441 3881 hoc
2489 3838 2594 3892 εει,
2646 3833 2704 3880 υι
2752 3825 3084 3880 individuam
3124 3841 3250 3896 erga
3307 3840 3404 3881 nos
3452 3840 3674 3881 servent

2098 3917 2277 3973 ﬁdem.
2338 3915 2483 3972 Nihil
2535 3918 2677 3973 enim
2728 3916 2805 3973 ita
2850 3916 3076 3972 oll'endit
3129 3917 3441 3989 discipulos,
3508 3918 3672 3991 733

2096 4010 2157 4066 ut
2210 4010 2387 4065 diveili
2439 4019 2494 4066 ct
2555 4025 2662 4067 non
2730 4011 2870 4066 idem
2923 4012 3130 4068 sentire
3193 4020 3462 4069 doctores.
3525 4015 3672 4081 Quo-

2102 4104 2257 4158 modo
2299 4104 2444 4159 onim
2500 4103 2922 4173 persuadebunt,
2961 4104 3050 4173 qui
3087 4119 3190 4159 non
3240 4105 3380 4160 idem
3426 4107 3675 4177 sapiunt?

2094 4195 2389 4267 Propterea
2434 4198 2607 4251 dicit:
2649 4215 2667 4249 ι
2715 4193 2785 4251 Ut
2807 4206 2862 4252 et
2902 4197 3001 4264 ipsi
3038 4213 3203 4252 unum
3245 4199 3354 4252 sint
3408 4217 3428 4250 ι
3464 4200 3516 4253 in
3574 4201 3676 4252 ﬁde

2100 4304 2228 4360 erga
2260 4305 2378 4357 nos,
2414 4309 2434 4343 ι
2468 4290 2611 4345 sicut
2639 4298 2718 4357 tu,
2756 4289 2938 4358 Pater,
2994 4292 3045 4344 in
3081 4306 3185 4358 uie,
3217 4300 3274 4346 et
3302 4306 3401 4362 ego
3438 4293 3489 4346 in
3542 4303 3612 4346 lc.
3650 4314 3668 4344 ι

2099 4384 2359 4450 Rursum,
2426 4401 2445 4435 ι
2498 4387 2657 4447 sicut,
2718 4402 2737 4435 ι
2785 4384 2891 4439 iro"
2940 4395 3144 4439 exactae
3199 4394 3284 4440 est
3331 4385 3676 4456 wqualitutis.

2103 4474 2218 4530 Non
2250 4477 2393 4530 enim
2423 4475 2676 4545 possibile
2725 4486 2783 4529 ut
2804 4477 2885 4531 ita
2922 4475 3174 4531 uniamur
3224 4477 3363 4533 inter
3390 4462 3487 4532 nos
3539 4478 3679 4535 sicut

412 4570 632 4642 Πάτερ,
669 4571 743 4624 ’ὲν
772 4572 915 4641 ἐμοὶ,
951 4570 1105 4639 κάγὼ
1157 4572 1214 4624 ὲν
1262 4571 1364 4623 σοί.
1414 4568 1443 4623 ι’
1483 4567 1651 4622 Πάλιν
1697 4568 1779 4632 τὸ,
1816 4585 1839 4618 ι
1895 4584 1966 4618 κα

2103 4567 2266 4623 Pater
2314 4568 2500 4622 unitur
2528 4567 2695 4635 Filio;
2748 4578 2911 4637 atque
2946 4569 3016 4623 ita
3058 4584 3178 4623 cum
3221 4568 3394 4625 dicit:
3436 4589 3454 4622 ι
3497 4572 3683 4627 Εειοιο

414 4663 559 4728 Βὼς,
586 4683 617 4716 ,ι
641 4665 754 4716 ὀὐκ
800 4663 1064 4735 ἀκριϐοῦς
1112 4661 1418 4729 ἑξισώσεώς
1449 4662 1620 4718 ἐστιν.
1656 4662 1730 4715 Οὐ
1758 4660 1870 4732 γὰρ
1902 4661 1997 4714 δυ-

417 4753 783 4821 νατὸνοῦτως
801 4756 948 4825 ἡμᾶς
978 4752 1223 4824 ἡνῶσθαι
1251 4753 1521 4825 ἀλλήλοις,
1554 4753 1628 4816 ὼς
1650 4755 1678 4805 ὁ
1706 4752 1897 4822 Πατὴρ
1918 4751 1997 4820 τῷ

422 4846 540 4917 Υίῷ
560 4863 575 4878 ·
610 4846 803 4915 ὥσπερ
832 4848 926 4901 καὶ
948 4848 1078 4899 ὅταν
1098 4846 1264 4916 λέγειν
1306 4863 1325 4896 ι
1372 4845 1591 4898 Γίνεσθε
1628 4846 1994 4914 οἰκτίρμονες,

418 4937 498 4998 ὡς
533 4940 563 4990 ὁ
588 4938 779 5007 Πατὴρ
810 4937 984 5006 ὑμῶν.
1026 4955 1156 4989 ›,.-·-
1185 4954 1204 4987 ι
1239 4936 1359 4990 Ἵνα
1400 4937 1429 4989 ὁ
1472 4936 1675 5006 κόσμος
1707 4932 1996 5004 πιστεύσῃ,

2107 4660 2506 4727 misericordes,
2578 4659 2721 4714 sicut
2789 4659 2945 4715 Pater
3008 4670 3188 4715 vester
3219 4659 3288 4725 ⁸⁸,
3336 4674 3358 4713 ι
3417 4662 3676 4734 intellige.

2112 4768 2132 4804 ι
2165 4750 2232 4807 Ut
2265 4753 2492 4805 mundus
2520 4752 2707 4805 credat
2737 4753 2880 4820 quod
2915 4761 2967 4806 tu
2998 4768 3082 4807 me
3128 4753 3361 4810 miseris.
3406 4772 3424 4805 ι
3466 4752 3676 4810 Etenim

2105 4861 2135 4898 a
2191 4845 2481 4900 concordia
2539 4844 2928 4915 discipulorum
2972 4861 3071 4915 ego
3126 4847 3316 4903 doctor
3360 4847 3682 4916 comprobor

2108 4937 2255 5008 quod
2287 4953 2319 4992 a
2352 4936 2459 4991 Deo
2499 4937 2780 4993 exiverim.
2833 4938 2887 4992 Si
2920 4948 3099 4993 autem
3149 4940 3501 5009 pugnaverint
3540 4939 3684 4992 inter

419 5033 509 5083 ὃτι
544 5031 608 5082 σύ
649 5047 717 5099 με
749 5030 1096 5094 ἀπέστειλας.
1130 5049 1149 5082 ι
1202 5030 1313 5084 Καὶ
1342 5029 1452 5102 γὰρ
1493 5030 1600 5083 ἀπὸ
1620 5032 1720 5098 τῆς
1747 5028 1988 5098 ὁμονοίας

2108 5045 2190 5098 se,
2223 5046 2330 5086 non
2357 5031 2604 5084 dicentur
2634 5030 2841 5098 paciﬁci
2886 5045 3006 5086 esse
3039 5030 3328 5102 discipuli:
3369 5046 3543 5100 neque
3574 5045 3681 5093 me,

421 5122 535 5174 τῶν
566 5122 825 5192 μαθητῶν
877 5121 988 5193 ἐγὼ
1017 5128 1045 5177 ό
1073 5123 1394 5185 διδάσκαλος
1422 5123 1718 5193 φανοῦμαι,
1770 5121 1855 5175 ὅτι
1887 5122 1988 5175 ἀπὶ

2105 5124 2149 5178 si
2181 5122 2438 5193 paciﬁcus
2463 5137 2570 5175 non
2606 5120 2776 5188 luero,
2808 5123 3120 5179 fatebuntur
3148 5138 3178 5177 a
3221 5133 3275 5179 te
3300 5124 3549 5181 missum.
3589 5119 3683 5176 Vi-

421 5213 565 5266 Θεοῦ
617 5216 863 5285 ἐξῆλθον.
910 5217 1037 5270 Ἐὰν
1080 5217 1141 5271 δὲ
1187 5216 1491 5286 μάχωνται,
1522 5216 1623 5268 οὐκ
1674 5215 1866 5287 ἐροῦσι
1907 5214 1988 5268 toi

2107 5218 2203 5273 des
2230 5214 2500 5286 quomodo
2535 5228 2705 5285 usque
2748 5217 2814 5270 ad
2838 5217 3001 5271 liuent
3034 5219 3380 5274 concordiam
3413 5231 3540 5285 erga
3578 5213 3684 5270 Pa-

420 5306 706 5376 εἰρηνικοῦ
732 5303 873 5363 εἶναι
905 5309 1154 5381 μαθητάς
1180 5325 1195 5341 ·
1229 5309 1304 5380 μὴ
1332 5307 1461 5361 ὄντα
1498 5306 1554 5360 δέ
1613 5324 1681 5378 με
1727 5309 1988 5380 είρηνικὺι

2110 5323 2247 5366 trem
2279 5310 2507 5366 astruit?

419 5402 528 5470 οὐχ
572 5403 1001 5475 ὁμολογήσουσιν
1044 5404 1386 5458 ἀπεστάλθαι
1430 5403 1582 5474 παρά
1636 5403 1751 5459 σοῦ.
1812 5404 2002 5477 Ὁρᾷς,
2040 5406 2161 5470 πῶς
2226 5407 2355 5479 ἀχρι
2386 5407 2574 5472 τέλους
2620 5407 2781 5463 τοῦτο
2818 5404 3253 5472 κατασκευάζει,
3313 5406 3374 5458 τὸ
3403 5404 3539 5476 πρὸς
3592 5404 3686 5459 τὸν

427 5495 652 5563 Πατέρα
693 5495 1048 5565 ὁμονοητικόν
1073 5512 1089 5562 ;

506 5604 527 5637 ι
556 5586 727 5654 Κάγὼ
746 5589 845 5655 τὴν
869 5588 1046 5655 δόξαν,
1069 5590 1138 5658 ἣν
1157 5586 1394 5651 δέδωκάς
1413 5603 1524 5657 μοι,
1551 5586 1759 5641 δέδωκα
1789 5586 1988 5652 αὐτοῖς,

2175 5582 2343 5640 Vens.
2388 5582 2481 5650 22,
2527 5583 2617 5640 25.
2673 5602 2693 5637 ι
2743 5582 2811 5637 Ει
2847 5597 2945 5652 ego
3012 5580 3237 5654 gloriam
3284 5596 3445 5653 quam
3493 5581 3689 5640 dedisti

425 5676 517 5731 ἶνα
549 5669 680 5736 ὦσιν
716 5677 796 5742 ἓν,
825 5679 1007 5743 καθὼς
1030 5682 1193 5753 ἡμεῖς
1220 5681 1280 5734 ἓν
1307 5685 1493 5752 ἐσμεν.
1538 5681 1678 5750 Ἐγὼ
1710 5681 1767 5733 ἐν
1795 5679 1988 5745 αὐτοῖς,

2110 5680 2263 5745 mihi,
2301 5677 2421 5762 dedi
2463 5678 2565 5743 eis,
2610 5686 2673 5733 ut
2706 5677 2816 5733 sint
2857 5691 3046 5742 unum,
3093 5676 3234 5732 sicut
3275 5688 3330 5732 et
3376 5694 3473 5734 nos
3519 5694 3686 5732 unum

424 5767 618 5823 καὶσὺ
652 5771 710 5822 ἐν
758 5771 905 5842 ἐμοὶ,
943 5771 1030 5824 ἵνα
1074 5767 1178 5826 ὦσι
1220 5772 1633 5844 τετελειωμένοι
1678 5772 1759 5837 εἰς
1792 5771 1874 5839 ἓν,
1909 5771 1988 5825 κα¹

2111 5785 2319 5826 smnus.
2357 5769 2468 5842 Ego
2495 5770 2548 5826 iu
2579 5770 2681 5838 eis,
2713 5781 2769 5827 ct
2795 5779 2850 5826 tu
2878 5769 2934 5827 in
2961 5784 3067 5838 me,
3100 5779 3161 5828 ut
3187 5770 3297 5830 siut
3327 5778 3684 5830 consununct.

507 5950 555 5985 “
608 5953 769 6009 ltom.
816 5967 896 6021 vr,
938 5951 1025 6009 l9.
1101 5953 1145 5986 ⁸³
1176 5952 1308 6009 Luc.
1334 5967 1413 6021 vr,
1443 5952 1535 6009 ⁵56.
