4056 6580
453 408 566 474 239
1339 410 1925 473 THEOPHYLACTI
1966 412 2377 474 BULGARl/E
2414 413 2617 473 ARClI
2631 412 2769 473 [ΕΡ.
3596 398 3712 462 240

457 532 511 572 ιιι
546 533 732 586 unum,
764 529 816 574 et
850 528 907 573 ut
955 526 1247 589 cognoscat
1281 521 1515 577 mundus
1558 522 1702 592 quod
1732 531 1784 577 tu
1817 537 1903 576 mc
1928 522 2026 577 mi-

2150 522 2223 577 ἵνα
2280 522 2523 594 γινώσκῃ
2581 524 2609 576 ό
2658 522 2883 592 κόσμος,
2939 519 3019 573 ὅτι
3064 517 3129 571 σύ
3189 532 3256 587 με
3293 513 3637 576 ἀπέστειλας.
3688 532 3705 564 ι

456 612 598 666 sisti.
636 629 655 663 ι
716 610 938 678 Qualem
991 610 1220 681 gloriam
1266 613 1445 667 datam
1498 628 1620 669 esse
1677 614 1846 668 dicit?
1896 614 2027 669 liam

2150 612 2298 666 Ιοίαν
2329 611 2804 680 δόξανβεδωκέναι
2830 609 3014 679 λέγεις
3041 608 3152 679 Τὴν
3186 606 3275 661 διὰ
3304 604 3411 659 τῶν
3447 606 3711 674 σημείων,

455 717 576 771 quae
632 717 727 770 per
778 702 927 771 signa
984 711 1038 756 et
1093 717 1188 770 per
1234 703 1483 772 dogmata
1529 712 1583 758 et
1636 705 1933 770 doctrinas,
1978 714 2032 759 et

2150 706 2228 776 ςὴν
2253 705 2344 758 διὰ
2372 705 2483 759 τῶν
2514 706 2798 776 δογμάτων
2820 703 2915 757 καὶ
2937 700 3316 755 διδασκαὶιῶνο
3341 699 3435 752 καὶ
3467 698 3630 768 ἄλλην
3659 697 3716 750 δὲ

456 797 612 848 aliam
648 812 863 866 quoque
898 797 1144 868 gloriam,
1171 798 1476 852 concordia:
1498 797 1725 866 scilicet,
1776 816 1795 851 ι
1834 808 1892 853 ιιι
1923 798 2031 853 sint

2150 797 2308 863 ἱόξαν,
2337 797 2435 868 τὴν
2467 798 2565 867 τῆς
2596 797 2871 868 ὁμονοίας,
2914 814 2932 847 ι
2975 795 3059 848 ἵνα
3085 787 3217 846 ὦσιν
3250 791 3330 844 ἓν.
3373 809 3393 843 ι
3430 787 3580 858 Λῦτη
3605 788 3715 855 γὰρ

454 903 641 942 ιιιιιιιιι.
682 907 700 938 ι
758 887 864 942 Lta
931 882 1075 945 enim
1144 889 1311 957 gloria
1384 888 1553 957 major
1597 901 1701 956 est,
1752 905 1914 960 quam
1967 904 2032 944 ea

2150 894 2165 961 δ
2202 891 2328 956 δόξα
2378 891 2581 960 μείζων
2628 890 2729 959 τῆς
2778 889 2887 942 ἀπὸ
2915 888 3022 941 τῶν
3054 885 3317 955 σημείων.
3361 882 3575 951 Ὥσπερ
3607 883 3716 949 γὰρ

454 997 573 1051 qua:
616 981 914 1050 signorum.
972 981 1105 1035 Nam
1154 983 1291 1037 sicut
1338 993 1390 1037 et
1452 982 1619 1038 Deum
1672 984 2027 1049 admiramur,

456 1072 579 1141 quia
619 1090 723 1126 nou
760 1083 839 1128 εει
876 1074 1070 1127 seditio
1134 1088 1309 1143 neque
1357 1089 1533 1144 pugna
1579 1076 1631 1129 in
1668 1084 1858 1129 natura
1892 1076 2033 1146 ejus,

455 1176 509 1219 et
552 1166 783 1218 maxima
828 1166 930 1219 ista
975 1166 1142 1235 gloria
1177 1177 1306 1222 est:
1340 1172 1411 1221 ita
1455 1179 1511 1222 et
1558 1167 1655 1230 illi,
1694 1167 1893 1236 inquit,
1934 1169 2036 1222 hoc

456 1257 596 1322 loco,
632 1272 659 1309 a
695 1258 980 1311 concordia
1019 1258 1161 1325 dico,
1202 1260 1327 1311 liant
1360 1257 1515 1311 clari.
1558 1276 1575 1310 ι
1622 1258 1733 1329 Ego
1767 1258 1818 1312 in
1849 1257 1949 1323 eis,
1982 1265 2037 1312 et

460 1358 513 1400 tu
558 1349 610 1400 iu
662 1364 766 1402 me.
808 1365 827 1399 ι
886 1348 999 1403 tloc
1050 1350 1166 1402 loco
1214 1349 1451 1404 ostendit
1504 1350 1646 1418 quod
1700 1348 1929 1419 apostoli
1980 1358 2037 1402 et

456 1437 673 1494 Patrem
725 1441 776 1494 in
819 1454 878 1494 se
926 1452 1262 1510 receperunt.
1299 1460 1316 1492 ι
1385 1440 1499 1511 Ego
1544 1442 1711 1506 enim,
1750 1442 1943 1511 inquit,
1982 1441 2034 1493 in

458 1533 592 1601 ipsis
623 1546 765 1595 sum,
800 1550 819 1583 ι
857 1542 912 1586 et
943 1540 992 1587 te
1016 1548 1229 1602 quoque
1260 1536 1429 1589 lialieo
1462 1536 1512 1588 in
1550 1548 1654 1596 me,
1688 1542 1744 1587 et
1770 1533 1841 1587 ita
1872 1533 2035 1586 etiam

461 1636 513 1677 tu
541 1626 591 1677 iu
625 1626 702 1679 eis
732 1638 807 1678 es.
837 1626 956 1679 Alio
979 1636 1155 1679 autem
1189 1626 1305 1681 loco
1337 1635 1392 1680 et
1426 1624 1640 1680 Patrem
1669 1626 1830 1680 etiam
1861 1624 2035 1694 ipsqu

460 1718 797 1771 adventurun
845 1717 995 1783 dicit,
1026 1727 1079 1771 et
1126 1718 1459 1772 mansionem
1505 1717 1779 1773 facturum
1812 1717 1894 1772 '9:
1934 1717 2039 1773 Sa-

459 1811 607 1865 bellii
662 1826 722 1865 os
780 1810 1129 1878 Com-ludens,
1188 1823 1241 1866 et
1288 1812 1423 1866 duas
1471 1810 1806 1867 subSiautias
1861 1810 2037 1865 maui-

2133 985 2230 1038 καὶ
2254 984 2346 1038 τὶν
2378 983 2509 1037 Θεὸν
2545 979 2921 1053 θαυμάζομεν,
2951 981 3034 1033 ὅτι
3066 977 3164 1030 οῦκ
3194 975 3309 1028 ἐστι
3358 972 3545 1035 στάσις
3597 972 3717 1025 οὐδὲ

2137 1078 2284 1148 μάχη
2313 1079 2376 1130 ὲν
2416 1080 2481 1146 τῇ
2517 1077 2676 1145 φύσει
2726 1073 2932 1143 ἐκείνῃ,
2965 1072 3061 1126 καὶ
3104 1069 3332 1139 μεγίστη
3382 1064 3522 1134 αὕτη
3556 1063 3714 1126 δόξα·

2134 1169 2278 1223 οὓτω
2312 1172 2406 1222 καὶ
2437 1163 2604 1234 οὗτοι,
2642 1167 2830 1237 φησιν,
2864 1163 3134 1227 ἐντεῦθεν,
3166 1160 3276 1215 ἀπὸ
3314 1159 3413 1229 τῆς
3467 1157 3718 1228 ὁμονοίας

2134 1263 2298 1331 λέγω,
2350 1261 2695 1331 γενέσθωσαν
2739 1257 3002 1330 λαμπροί.
3044 1274 3062 1310 ι
3117 1254 3258 1323 Ἐγὼ
3288 1254 3347 1307 ὲν
3377 1252 3595 1315 αὐτοῖς,
3623 1249 3719 1302 καὶ

2138 1359 2203 1411 σὺ
2243 1359 2300 1410 ὲν
2339 1356 2482 1426 ἐμοί.
2522 1374 2540 1407 ι
2588 1352 2855 1408 Ἐνταῦθα
2902 1351 3194 1415 δείκνυσιν,
3230 1349 3313 1401 ὅτι
3350 1349 3400 1400 ot
3434 1342 3669 1399 ἀπόστολ
3704 1360 3721 1393 ι

2138 1450 2231 1503 καὶ
2271 1449 2362 1502 τὸν
2397 1445 2614 1515 Πατέρα
2655 1444 2939 1515 ἐχώρησαν
2984 1443 3042 1494 ὲν
3072 1443 3309 1501 ἑαυτοῖς.
3347 1457 3365 1490 ι
3417 1435 3558 1503 Ἐγὼ
3587 1442 3719 1502 γάρ.

2139 1539 2322 1610 φησιν,
2359 1540 2415 1591 ὲν
2444 1538 2627 1599 αὐτοῖς
2660 1554 2678 1587 ι
2716 1536 2853 1606 είμι,
2887 1532 2947 1587 σὲ
2978 1532 3035 1586 δὲ
3062 1531 3223 1584 πάλιν
3247 1530 3355 1600 ἔχω
3384 1531 3440 1581 ὲν
3470 1526 3717 1599 ἐμαυτῷ·

2139 1632 2278 1686 ὥστε
2307 1632 2400 1684 καὶ
2428 1630 2494 1683 σὺ
2519 1632 2576 1684 ὲν
2605 1629 2788 1690 αὐτοῖς
2821 1622 2891 1681 εἷ.
2927 1623 3185 1697 Ἀλλαχοῦ
3218 1624 3274 1677 δὲ
3326 1622 3424 1677 καὶ
3477 1622 3568 1674 τὸν
3606 1620 3725 1672 Πα-

2139 1722 2272 1791 τέρα
2299 1721 2393 1774 καὶ
2410 1720 2572 1773 αὑτὸν
2594 1717 3003 1790 παραγενέσθαι
3031 1715 3184 1788 φησι,
3210 1715 3305 1769 καὶ
3332 1713 3498 1784 μονὴν
3520 1714 3722 1776 ποιεῖν,

2140 1813 2201 1866 τὸ
2232 1813 2324 1866 τοῦ
2371 1812 2660 1867 Σαϐελλίου
2718 1811 2892 1880 στόμα
2940 1810 3291 1881 ἑμφράττων,
3340 1807 3435 1860 καὶ
3486 1804 3584 1866 τάς
3630 1804 3728 1856 δέο

462 1903 689 1959 festaus.
717 1901 829 1957 lloc
851 1914 1027 1957 autem
1061 1903 1180 1958 loco
1204 1914 1258 1957 et
1285 1904 1396 1957 Arii
1427 1903 1691 1959 insaniam
1717 1903 2037 1974 reprimens.

2150 1905 2471 1968 ὑποστάσεις
2519 1901 2871 1975 παραδηλῶν.
2932 1900 3200 1956 Ἐνταῦθα
3258 1898 3449 1968 δὲτὴν
3510 1896 3725 1966 Ἀρείου

463 1995 678 2050 Patrem
715 1996 858 2050 enim
919 1995 1093 2066 inquit
1128 2012 1223 2067 per
1284 1997 1455 2066 ipsum
1494 1995 1609 2049 ﬁeri
1648 1996 1701 2049 in
1740 1994 2038 2064 discipulis,

468 2107 488 2141 ι
526 2100 583 2143 υι
617 2089 755 2143 sciat
785 2089 1015 2142 mundus
1052 2088 1195 2157 quod
1228 2097 1282 2142 tu
1316 2102 1401 2142 me
1433 2088 1681 2142 miseris:
1728 2105 1748 2138 ι
1784 2088 2040 2143 continuo

462 2190 645 2237 autem
707 2180 813 2235 hoc
869 2180 1021 2246 dicit,
1077 2180 1371 2235 ostendens
1432 2195 1640 2248 pacem,
1696 2194 1814 2249 qua:
1868 2180 2042 2234 valeat

462 2276 624 2330 etiam
664 2274 954 2329 conciliare
988 2275 1157 2343 magis
1189 2289 1350 2343 quam
1387 2273 1615 2344 quodvis
1643 2273 1877 2343 signum.
1908 2272 2039 2327 Nam

464 2380 519 2423 ut
576 2370 698 2425 lites
747 2372 929 2425 omnia
995 2367 1324 2436 dissolvunt,
1381 2369 1453 2422 ita
1514 2365 1805 2427 concordia
1860 2367 2040 2421 omnia

461 2461 699 2531 copuhu.

538 2553 703 2607 Vatis.
736 2553 828 2617 23,
868 2552 960 2607 24.
999 2569 1018 2601 ι
1044 2550 1109 2604 Et
1139 2547 1376 2603 dilexisti
1400 2562 1510 2612 eos,
1540 2546 1679 2603 sicut
1704 2558 1757 2602 et
1798 2563 1883 2602 me
1914 2546 2044 2600 dile-

467 2645 615 2698 xisti.
670 2644 852 2708 l‘aler,
892 2658 1026 2713 quos
1068 2641 1260 2695 dedisti
1313 2642 1467 2703 mihi,
1503 2640 1623 2693 volo
1678 2652 1734 2693 ut
1786 2641 1876 2694 ubi
1922 2655 2042 2693 sum

466 2752 587 2806 ego,
615 2749 668 2790 et
699 2738 770 2790 illi
803 2739 910 2790 sint
943 2750 1193 2790 mecum:
1242 2745 1298 2787 ut
1331 2734 1542 2787 videant
1578 2733 1807 2802 gloriam
1847 2748 2043 2798 meam,

467 2845 629 2898 quam
663 2829 854 2882 dedisti
891 2828 1020 2881 mihi
1043 2844 1058 2882 :
1085 2828 1207 2896 quia
1235 2827 1470 2882 dilexisti
1505 2842 1590 2881 me
1619 2838 1746 2882 ante
1767 2829 2042 2882 conditum

471 2924 753 2975 mnuduzu.
795 2939 813 2973 ι
860 2919 1057 2975 lterum
1099 2923 1199 2975 hoc
1262 2921 1382 2975 loco
1410 2935 1506 2990 per
1540 2937 1558 2972 ι
1589 2920 1727 2976 sicut
1758 2936 1777 2969 ι
1807 2919 2046 2989 intellige

471 3014 767 3084 signiﬁcari
799 3023 1057 3083 quautuui
1097 3015 1257 3069 homo
1293 3013 1439 3082 diligi
1477 3021 1671 3083 potest.
1708 3012 1892 3081 Itaque
1921 3030 2044 3066 cum

472 3102 699 3156 (liXlSSCl
727 3102 937 3157 futuros
973 3112 1135 3165 tutos,
1167 3112 1407 3167 sanctos,
1447 3104 1645 3157 multos
1680 3119 1775 3173 per
1800 3120 1893 3160 eos
1923 3121 2045 3159 cre-

2147 1997 2343 2068 μανίαν
2392 1995 2754 2059 ἀναστέλλων,
2788 1993 2878 2047 τὸν
2912 1992 3130 2061 Πατέρα
3154 1992 3287 2061 φησι
3318 1990 3407 2044 διὰ
3435 1987 3598 2043 αὑτοῦ
3627 2004 3730 2055 γε-

2142 2090 2330 2143 νέσθαι
2372 2091 2428 2142 ὲν
2461 2091 2573 2152 τοῖς
2621 2087 2912 2159 μαθηταῖς,
2970 2103 2990 2137 ι
3030 2084 3117 2140 ἵνα
3146 2082 3391 2154 γινώσκῃ
3420 2083 3449 2134 δ
3483 2081 3729 2145 κόσμος,

2141 2184 2225 2237 ὅτι
2257 2182 2323 2236 σύ
2376 2198 2445 2253 με
2490 2180 2839 2244 ἀπέστειλας.
2889 2198 2908 2232 ι
2966 2178 3209 2249 Συνεχῶς
3259 2175 3317 2230 δὲ
3350 2174 3510 2230 τοῦτο
3538 2175 3729 2241 λέγει,

2141 2276 2356 2339 δεικνὺς
2392 2275 2490 2347 τὴν
2524 2275 2750 2347 εἰρήνην
2783 2273 3093 2342 δυναμένην
3135 2267 3541 2325 ἐπισπάσασθαι
3589 2285 3732 2320 παι·-

2142 2368 2233 2433 τὺς
2268 2368 2468 2439 μᾶλλον
2497 2365 2749 2438 σημείου.
2795 2364 3008 2434 Ὠσπερ
3041 2365 3149 2434 γὰρ
3182 2364 3215 2433 ἡ
3245 2361 3361 2434 ἐρις
3393 2358 3729 2424 διαλυτικδν,

2142 2459 2318 2524 οὕτως
2348 2462 2381 2530 ἡ
2415 2459 2705 2531 συμφωνία
2720 2455 3196 2527 ⁸συγκρατητικόν.

2220 2570 2239 2604 ι
2296 2552 2405 2605 Καὶ
2436 2551 2730 2622 ἠγάπησας
2773 2548 2996 2614 αὐτοὺς,
3047 2545 3231 2610 καθὼς
3285 2545 3382 2615 ἐμὲ
3411 2543 3732 2614 ἠγάπησας.

2145 2644 2349 2715 Πάτερ,
2397 2642 2491 2707 οὓς
2542 2642 2781 2705 δέδωκάς
2818 2657 2930 2711 μοι,
2984 2640 3124 2693 θέλω
3156 2638 3245 2692 ῐνα
3276 2639 3411 2692 ὅπου
3444 2638 3562 2707 εἰμὶ
3595 2637 3749 2706 ἐγὼ,

2147 2737 2391 2790 κάκεῖνοι
2422 2728 2526 2788 ὦσι
2560 2733 2679 2804 μετ’
2714 2733 2875 2803 έμοῦ,
2919 2732 3004 2786 ἵνα
3033 2724 3280 2803 θἐωρῶσι
3315 2728 3411 2800 τὴν
3441 2729 3597 2793 δόξαν
3632 2731 3739 2797 τὴν

2146 2827 2310 2898 ἐμὴν,
2342 2828 2413 2899 ἣν
2445 2827 2688 2888 δέδωκάς
2719 2824 2829 2897 μοι,
2859 2825 2942 2879 ὃτι
2977 2823 3274 2894 ἠγάπησάς
3321 2838 3387 2892 με
3435 2822 3539 2892 πρὸ
3564 2838 3742 2874 κατα.-

2148 2920 2313 2990 6ολῆς
2355 2920 2586 2991 κόσμου.
2625 2939 2644 2972 ι
2682 2920 2848 2974 Πάλιν
2894 2918 3126 2973 ἐνταῦθα
3177 2916 3262 2981 τὸ,
3302 2934 3320 2967 ι
3362 2914 3563 2979 καθὼς,
3600 2931 3626 2969 ν
3657 2914 3741 2977 ὼς

2148 3012 2434 3087 ἄνθρωπον
2473 3011 2827 3083 ἀγαπηθῆναι
2860 3012 3117 3082 ἐγχωρεῖ,
3158 3011 3368 3079 νόησον.
3408 3007 3589 3060 Εἰπὼν
3620 3009 3742 3060 τοὶ-

2152 3123 2267 3172 νυν,
2296 3107 2378 3161 ὅτι
2424 3105 2640 3158 ἔσονται
2678 3105 2737 3157 ἐν
2775 3106 3063 3174 ἀσφαλείᾳ,
3099 3103 3181 3156 ὃτι
3211 3102 3425 3155 ἔσονται
3453 3100 3617 3170 ἂγιοι,
3652 3102 3742 3153 ὅτι

473 3192 703 3256 ditui'us,
742 3192 964 3245 multam
1003 3193 1282 3248 habituros
1345 3194 1591 3261 gloriam,
1642 3196 1775 3248 dicit
1816 3210 1960 3250 nunc
1992 3205 2048 3250 et

2153 3199 2341 3252 πολλοὶ
2388 3197 2738 3252 πιστεύσουσι
2780 3197 2846 3251 δι’
2878 3197 3096 3263 αὐτοὺς,
3141 3196 3222 3249 ὅτι
3264 3194 3461 3265 πολλῆς
3492 3193 3741 3249 ἀπολαύ-

474 3285 540 3337 de
574 3286 811 3353 praemiis
832 3296 887 3340 et
911 3287 1128 3341 coronis
1158 3302 1276 3355 qua:
1299 3296 1419 3355 post
1455 3288 1593 3341 lianc
1621 3289 1785 3342 vitam
1815 3288 2046 3358 reposita

2155 3311 2307 3348 σουσι
2336 3294 2514 3363 δόξης,
2547 3293 2693 3362 λέγει
2720 3293 2906 3347 λοιπδν
2939 3295 3031 3347 καὶ
3062 3291 3193 3365 περὶ
3221 3291 3330 3346 τῶν
3358 3292 3496 3361 μετὰ
3517 3291 3616 3360 τὴν
3646 3292 3743 3341 ὲν-

475 3389 622 3434 sunt.
672 3397 691 3429 ι
730 3376 859 3433 Volo
904 3379 1072 3446 enim,
1108 3381 1301 3449 inquit,
1339 3389 1396 3434 ut
1442 3380 1530 3434 tibi
1572 3398 1690 3436 sunt
1731 3397 1849 3451 ego,
1884 3394 1937 3436 et
1976 3382 2047 3436 illi

2152 3388 2344 3441 τεῦθεν
2384 3386 2693 3456 ἀποδημίαν
2743 3385 3015 3457 βραδείων
3054 3387 3149 3438 καὶ
3205 3385 3483 3453 στεφάνων
3512 3386 3745 3439 ἀποκει-

474 3471 603 3525 sint.
637 3487 655 3520 ι
713 3470 779 3524 Et
825 3485 893 3525 ne
937 3486 1060 3526 cum
1115 3472 1217 3525 hoc
1268 3473 1524 3538 audieris,
1569 3475 1849 3527 existimes
1906 3473 2047 3543 quod

2157 3480 2334 3550 μένων
2375 3480 2580 3543 αὐτοῖς.
2626 3498 2644 3529 ι
2686 3479 2838 3533 Θέλω
2886 3478 3015 3549 γὰρ,
3069 3479 3256 3547 φησιν,
3318 3477 3402 3529 ἵνα
3449 3477 3581 3529 ὅπου
3621 3477 3743 3544 εἰμὶ

475 3567 722 3619 eamdem
773 3564 1091 3633 dignitatem
1137 3566 1439 3620 assecuturi
1487 3568 1614 3633 sint,
1666 3569 1881 3625 subdit:
1930 3586 1947 3619 ι
1994 3581 2048 3622 ιιι

2154 3572 2553 3640 ἐγὼ,«κάκεῖνοι
2589 3564 2712 3626 ὦσι.
2763 3588 2781 3622 ι
2816 3572 2925 3624 Καὶ
2961 3570 3050 3624 ἵνα
3079 3570 3155 3640 μὴ
3188 3568 3347 3622 τοῦτο
3378 3567 3614 3630 ἀκούσας
3645 3584 3742 3619 νο-

477 3661 690 3711 videant
729 3659 957 3725 gloriam
1002 3675 1199 3714 nteant.
1247 3679 1266 3711 ι
1299 3660 1414 3716 Non
1449 3662 1591 3716 enim
1625 3661 1803 3714 dixit:
1832 3673 1889 3714 ut
1934 3661 2047 3713 l'ru-

477 3762 639 3803 antur
666 3753 831 3820 gloria
862 3766 998 3815 mea,
1034 3754 1149 3817 sed,
1181 3771 1200 3804 ι
1230 3751 1304 3808 .Ut
1335 3755 1572 3809 videant.
1601 3772 1620 3805 ι
1661 3751 1874 3807 Homini
1905 3755 2050 3805 enim

481 3844 696 3911 requies
741 3845 995 3910 maxima,
1026 3844 1203 3898 videre
1250 3843 1444 3900 Filium
1495 3846 1610 3901 Dei.
1648 3845 1772 3899 Πωο
1801 3846 1943 3900 enim
1971 3853 2057 3898 est

477 3936 659 3990 ournis
712 3936 883 4007 gloria
939 3937 1266 4007 dignorum:
1329 3938 1473 4008 quod
1512 3949 1575 3994 et
1633 3939 1831 3994 Paulus
1883 3941 2054 3996 dicit:

485 4046 503 4079 ι
554 4029 661 4081 rm
702 4044 880 4083 autem
922 4033 1156 4083 ievelata
1191 4028 1329 4084 facie
1364 4031 1588 4100 gloriam
1627 4030 1840 4085 Domini
1873 4046 2060 4101 specu-

483 4124 656 4173 lanzes
677 4119 777 4171 θ’.»
798 4118 1218 4190 73405ιειιάιι
1240 4120 1400 4189 igitur
1417 4123 1519 4175 hoc
1536 4118 1656 4175 loco
1682 4122 1821 4189 quod
1835 4135 1941 4174 non
1964 4121 2055 4185 sit,

484 4213 946 4281 quemadmodum
996 4228 1141 4267 nunc
1196 4213 1409 4266 videtur
1457 4212 1558 4279 eis,
1611 4215 1662 4265 in
1723 4212 1812 4264 vili
1876 4212 2059 4266 liabitu

485 4304 900 4375 conspicrendus
956 4314 1108 4370 tunc,
1160 4306 1255 4359 sed
1315 4305 1367 4358 in
1430 4305 1597 4374 gloria
1654 4319 1816 4373 quam
1873 4305 2099 4359 habuit.

489 4416 508 4449 ι
550 4413 673 4451 ante
704 4399 983 4453 conditum
1025 4398 1307 4451 mundum.
1341 4415 1361 4448 ι
1414 4396 1680 4451 Habebam
1708 4407 1886 4450 autem
1921 4398 2061 4450 lianc

484 4492 730 4559 gloriam,
762 4491 953 4560 inquit,
978 4506 1044 4544 eo
1082 4490 1222 4559 quod
1260 4506 1280 4539 ι
1315 4489 1568 4544 dilexeris
1601 4505 1704 4544 nte.
1737 4507 1757 4541 ι
1794 4488 2059 4543 Insertum

2160 3662 2343 3735 μίξῃς,
2368 3666 2449 3717 ὅτι
2480 3664 2578 3731 τῆς
2602 3664 2773 3732 αὐτῆς
2802 3662 2957 3728 ἀξίας
2987 3664 3263 3732 ἐπιτυχεῖν
3292 3662 3594 3731 μέλλουσιν,
3624 3662 3745 3713 ἐπι-

2157 3755 2314 3826 φέρει
2338 3770 2352 3784 ⁶
2390 3774 2408 3808 ι
2448 3755 2534 3809 ἶνα
2566 3758 2812 3826 θεωρωσι
2839 3756 2938 3824 τὴν
2964 3755 3122 3820 δόξαν
3145 3754 3242 3824 τὴν
3278 3755 3438 3824 ὲμήν.
3474 3771 3490 3804 ι
3524 3754 3599 3806 Οὐ
3628 3753 3745 3824 γὰρ

2157 3844 2311 3900 εἶπεν
2340 3864 2353 3878 ο
2395 3847 2482 3903 ἵνα
2516 3848 2870 3903 ἀπολαύσωσι
2922 3848 3022 3919 τῆς
3084 3846 3242 3918 δόξης
3289 3849 3386 3916 τῆς
3420 3845 3577 3915 ιμῆς,
3622 3844 3745 3897 ἀλλ’

2163 3957 2182 3992 ι
2221 3939 2308 3994 ἵνα
2346 3939 2646 4012 θεωρῶσιν.
2685 3958 2706 3992 ι
2770 3939 3070 4011 ’Δνθρὼπῳ
3114 3942 3222 4009 γάρ
3271 3938 3576 4000 ἀνάπαυσις
3636 3953 3744 4006 με-

2159 4032 2320 4102 γίστη
2350 4033 2411 4088 τδ
2437 4032 2661 4102 θεωρεῖν
2683 4033 2776 4086 τὸν
2801 4033 2961 4085 Υἱδν,
2979 4032 3073 4085 τοῦ
3097 4031 3233 4085 Θεοῦ
3254 4047 3265 4060 ⁸
3298 4033 3453 4084 τοῦτο
3478 4029 3584 4098 γάρ
3611 4027 3743 4093 δόξα

2162 4127 2298 4180 πᾶσι
2325 4128 2437 4190 τοῖς
2468 4126 2670 4190 ἀξίοιςο
2703 4126 2731 4178 ὃ
2760 4126 2854 4180 καὶ
2895 4124 3105 4190 Παῦλος
3151 4125 3330 4193 λέγει’
3366 4142 3387 4174 ι
3446 4123 3637 4192 Ἡμεῖς
3679 4121 3741 4173 δὲ

2161 4217 2670 4289 ἀνακεκαλυμμένῳ
2714 4220 2989 4291 προσώπῳ
3026 4217 3124 4289 τὴν
3182 4217 3340 4281 δόξαν
3377 4215 3578 4285 Κυρίου
3607 4231 3745 4266 κατ’

2162 4310 2566 4381 οπτριζόμενοι.
2597 4327 2615 4361 ι
2642 4309 2893 4364 Δείκνυσι
2921 4309 2978 4363 δὲ
3003 4307 3276 4375 ἐντεῦθεν,
3304 4308 3385 4361 ὃτι
3415 4308 3513 4376 οὐχ
3536 4305 3735 4367 οὕτως,

2163 4402 2353 4473 ὥσπερ
2390 4402 2484 4457 νῦν
2517 4403 2713 4475 ὁρᾶται
2740 4403 2953 4468 αὐτοῖς,
2982 4403 3040 4453 έν
3086 4401 3296 4454 εὐτελεῖ
3342 4401 3582 4469 σχήματι
3613 4400 3745 4466 ὁρα-

2118 4548 2122 4552 .
2165 4496 2392 4566 θήσεται
2435 4496 2579 4562 τότε,
2611 4496 2721 4549 ἀλλ’
2767 4497 2824 4549 ὲν
2858 4490 3045 4567 δόξῃῇ
3080 4489 3195 4563 εἶχε
3234 4511 3253 4546 ι
3299 4494 3405 4562 πρὸ
3436 4491 3745 4559 καταϐολῆς

484 4584 626 4639 enim
664 4594 770 4650 est,
816 4601 835 4634 ι
880 4582 1016 4650 Quia
1052 4584 1289 4638 dilexisti
1332 4598 1439 4642 me.
1467 4602 1486 4636 ›
1530 4581 1700 4654 Igitur
1729 4584 1868 4639 sicut
1902 4598 2048 4654 supe-

2165 4591 2393 4660 κόσμου.
2429 4607 2448 4641 ι
2503 4586 2661 4659 Εζχον
2715 4588 2793 4653 δὲ,
2827 4589 2982 4657 φησι,
3030 4588 3235 4657 ταύτην
3267 4586 3363 4656 τὴν
3399 4582 3575 4648 δόξαν,
3605 4583 3740 4636 διότι

484 4679 598 4733 rius
612 4678 775 4731 dixit:
799 4696 816 4728 ι
838 4675 1091 4732 Glorilica
1112 4692 1198 4732 me
1216 4679 1383 4748 gloria
1401 4694 1564 4747 quam
1591 4677 1749 4732 habui
1772 4689 2059 4747 antequam

485 4770 717 4825 mundus
750 4778 936 4824 esset:
972 4788 993 4821 ι
1030 4780 1098 4823 ita
1129 4781 1184 4824 et
1210 4785 1352 4824 nunc
1386 4788 1406 4822 ι
1443 4778 1568 4824 ante
1600 4770 1872 4825 conditum
1904 4786 2063 4825 mun-

484 4863 608 4917 dum
636 4881 655 4914 ι
685 4862 787 4917 sibi
812 4865 989 4915 datam
1022 4861 1247 4931 gloriam
1274 4862 1700 4931 iuquitdeitatis.
1739 4862 1893 4917 Dedit
1915 4864 2057 4918 enim

484 4952 534 5007 ei
560 4966 747 5006 revera
792 4951 951 5007 Pater
968 4952 1246 5017 deitatem,
1293 4949 1530 5006 utPater
1563 4951 1698 5006 Filio
1722 4953 2057 5006 naturaliter.

485 5042 619 5097 Nam
670 5044 792 5112 quia
851 5048 1039 5114 genuit
1092 5059 1237 5109 eum,
1290 5043 1598 5098 necessario
1651 5045 1813 5098 etiam
1873 5044 2061 5114 gloria:

486 5149 677 5192 auctor
709 5139 810 5192 luit
848 5150 901 5192 et
940 5137 1332 5208 suppeditatur,
1374 5137 1464 5208 qui
1507 5137 1829 5194 substantiae
1871 5145 2061 5193 auctor

487 5232 705 5288 dicitur.

1172 5412 1205 5437 κ

567 5516 727 5571 Vsus.
757 5516 849 5583 25,
878 5514 969 5570 26.
1020 5532 1038 5566 ι
1086 5513 1249 5569 Pater
1283 5510 1448 5582 juSIe,
1495 5521 1548 5567 et
1589 5512 1819 5567 mundus
1862 5521 1912 5568 te
1955 5529 2060 5569 non

486 5615 759 5682 cognovit,
796 5626 893 5682 ego
922 5620 1099 5665 autem
1139 5618 1189 5663 te
1222 5607 1444 5678 cognovi
1474 5623 1487 5659 :
1523 5616 1574 5660 et
1614 5606 1663 5660 lii
1696 5615 2063 5675 cognoverunt

487 5706 631 5778 quod
665 5712 720 5757 tu
757 5719 843 5758 me
867 5703 1099 5757 miseris.
1133 5699 1200 5753 Et
1229 5712 1412 5753 notum
1444 5700 1541 5754 feci
1578 5700 1657 5754 eis
1690 5713 1881 5752 nomen
1912 5706 2058 5752 tuum

559 5887 604 5924 ⁸³
643 5888 798 5945 Jnau.
838 5904 947 5955 xxv,
979 5887 1069 5941 “23.
1147 5885 1192 5918 ’°
1226 5881 1266 5937 ll
1297 5880 1424 5937 Cor.
1450 5895 1533 5948 ιιι,
1567 5881 1650 5935 l8.

2172 4701 2191 4734 ι
2231 4683 2523 4752 ἠγάπησάς
2578 4696 2679 4752 με’
2710 4698 2729 4730 ι
2767 4679 2854 4733 διά
2881 4680 3047 4749 μέσου
3075 4679 3184 4749 γὰρ
3208 4679 3387 4730 κεῖται
3412 4674 3492 4741 τὺ,
3524 4693 3542 4726 ι
3572 4674 3741 4741 Ἠγα-

2160 4778 2341 4847 πησάς
2375 4792 2465 4846 με.
2502 4792 2521 4826 ι
2558 4775 2769 4844 Ὥσπερ
2799 4768 2891 4826 οὖν
2923 4773 3018 4825 καὶ
3047 4770 3305 4841 ἀνωτέρω
3336 4766 3491 4822 εἷπε·
3528 4786 3547 4819 ι
3578 4767 3743 4832 Δόξα-

2161 4869 2252 4922 σόν
2287 4884 2355 4939 με
2381 4871 2447 4936 τῇ
2476 4867 2622 4938 δόξῃ,
2723 4861 2870 4937 εἶχον
2900 4865 3007 4936 πρὸ
3032 4862 3128 4918 τοῦ
3151 4864 3240 4918 τὸν
3269 4866 3473 4933 κόσμον
3500 4858 3637 4914 εἶναι
3658 4877 3673 4891 ·
3717 4879 3735 4911 ι

2158 4960 2305 5014 οῦτω
2350 4961 2447 5013 καὶ⁹
2498 4958 2593 5013 νῦν
2631 4978 2650 5010 ι
2688 4960 2795 5028 πρὸ
2828 4956 3137 5026 καταϐολῆς
3172 4956 3378 5026 κόσμου
3429 4973 3449 5005 ι
3498 4952 3744 5008 δεδόσθαι

2165 5054 2314 5125 αὑτῴ
2343 5053 2441 5125 τὴν
2469 5052 2628 5117 δόξαν
2657 5052 2790 5123 φησι
2829 5052 2926 5122 τῆς
2953 5050 3227 5123 θεότητος.
3270 5049 3481 5102 Δέδωκε
3521 5046 3629 5118 γὰρ
3655 5045 3745 5099 δν-

2164 5164 2270 5210 τως
2294 5145 2444 5217 αὑτῷ
2469 5146 2498 5199 ὁ
2532 5146 2723 5215 Πατὴρ
2765 5144 2862 5214 τὴν
2890 5144 3141 5214 θεότητα,
3173 5143 3248 5206 ὠς
3276 5141 3464 5213 Πατὴρ
3493 5140 3605 5211 Υίῷ
3637 5156 3745 5209 φυ-

2169 5241 2354 5305 σικῶς.
2403 5239 2554 5292 Ἐπεὶ
2592 5237 2702 5309 γάρ
2748 5238 3036 5306 ἐγέννησεν
3083 5237 3269 5301 αὑτὸν,
3305 5236 3619 5302 ἀναγκαίως
3648 5233 3748 5284 καὶ

2140 5338 2263 5403 ,τῆς
2292 5330 2447 5402 δόξης
2478 5332 2648 5395 αἴτιος
2679 5332 2773 5383 καὶ
2806 5331 3079 5402 παροχεῦς
3108 5331 3137 5383 ὁ
3179 5329 3277 5401 τῆς
3334 5327 3524 5391 οὐσίας
3570 5325 3747 5391 αἴτιος

2162 5425 2401 5495 λέγεται.

2247 5536 2266 5570 ι
2315 5518 2495 5588 Πάτερ
2521 5516 2718 5582 δίκαιε,
2762 5514 2858 5567 καὶ
2898 5514 2927 5567 ὁ
2955 5514 3159 5583 κόσμος
3191 5529 3250 5566 σε
3280 5511 3381 5566 οὐκ
3421 5511 3584 5581 ἔγνω,
3631 5510 3750 5579 ἐγὼ

2170 5608 2227 5660 δέ
2270 5625 2328 5660 σε
2380 5608 2578 5676 ἔγνων·
2635 5607 2728 5660 καὶ
2778 5601 2923 5661 οὗτοι
2956 5605 3222 5675 ἔγνωσαν,
3276 5606 3357 5658 ὅτι
3400 5605 3463 5658 σύ
3502 5620 3567 5675 με
3606 5606 3751 5656 ἀπέο

2175 5700 2403 5763 στειλαςΔ
2444 5699 2556 5753 Καὶ
2605 5698 2878 5768 ἐγνώρισα
2912 5700 3092 5762 αὐτοῖς
3146 5699 3206 5753 τὸ
3261 5696 3434 5766 ὄνομά
3483 5711 3599 5760 σου,
3650 5694 3752 5746 καὶ
