4056 6590
424 366 537 433 241

1037 371 1481 434 ENARRATIO
1517 371 1601 432 IN
1641 369 2143 432 EVANGELIUM
2190 370 2530 432 JOANNIS.
2560 394 2624 405 -
2652 369 2808 431 CAP.
2843 368 3059 432 XVIII.

3594 366 3700 430 242

427 481 727 553 γνωρίσωο
762 481 850 537 ἵνα
884 483 918 555 ή
952 484 1161 553 ἀγάπη,
1196 487 1263 557 ῆν
1304 486 1599 558 ἠγάπησάς
1636 504 1725 555 με,
1757 489 1816 541 ὲν
1843 486 2026 550 αὗτοῖς

2145 493 2181 541 et
2223 496 2406 542 notum
2456 487 2672 553 faciam,
2709 494 2771 541 ut
2806 485 3024 541 dilectio
3061 499 3168 555 qua
3211 483 3442 539 dilexisti
3485 499 3591 549 me,
3644 487 3697 540 in

427 569 499 650 ᾖ,
539 576 693 643 κάγὼ
718 576 778 628 ἐν
803 576 1008 640 αὐτοῖς.
1043 597 1061 631 ι
1109 578 1327 650 Ἐπειδή
1361 581 1490 649 περὶ
1518 580 1629 634 τῶν
1657 580 2021 634 πιστευόντων

430 667 667 722 τοιαῦτα
685 667 909 740 ηὔξατο,
934 672 1033 725 καὶ⁵
1051 670 1288 726 τοσαῦτα
1314 673 1499 736 αὐτοῖς
1526 673 1707 742 ἁγαθά
1742 690 2021 745 προεμνη-

438 759 735 826 στεύσατο,
768 762 902 829 φησι
935 761 1121 818 λοιπὸν
1174 761 1548 835 εὖσπλαγχνόν
1574 783 1627 818 τι
1667 766 1761 819 καὶ
1803 764 1904 833 τῆς
1933 764 2022 817 αὑ-

433 851 541 905 τοῦ
563 852 976 922 φιλανθρωπίας
991 855 1161 921 ἀξιον.
1187 864 1209 907 r‘
1238 856 1422 927 Πάτερ
1442 858 1573 928 γὰρ,
1595 859 1748 929 φησὶ,
1775 857 1973 924 δίκαιε,
1997 876 2016 909 ι

435 944 557 1013 ἐγὼ
589 944 690 1015 μὲν
735 944 1038 1017 ἐϐουλόμην
1090 950 1187 1002 καὶ
1221 950 1425 1013 πάντας
1475 949 1796 1024 ἀνθρώπους
1838 948 2024 1020 τυχεῖν

432 1037 552 1091 τῶν
590 1037 848 1092 τοιούτων
899 1039 1144 1108 ἀγαθῶν,
1183 1035 1272 1095 οἷα
1317 1042 1383 1113 δὴ
1415 1043 1742 1116 ἐπηυξάμην
1788 1046 1899 1107 τοῖς
1933 1061 2023 1097 πι-

436 1130 613 1193 στοῖς,
650 1128 766 1182 ἀλλ’
810 1130 912 1184 οὐκ
964 1130 1210 1199 ἕγνωσάν
1241 1150 1331 1197 σε,
1368 1133 1450 1188 διὸ
1494 1122 2024 1201 καῖἀποτεύξονται

432 1220 544 1287 τῆς
573 1218 737 1290 δόξης
768 1221 865 1273 καὶ
911 1222 1021 1274 τῶν
1061 1222 1351 1294 βραϐείων,
1395 1244 1413 1277 ι
1452 1224 1564 1294 ἐγὼ
1595 1226 1652 1281 δέ
1680 1244 1739 1279 σε
1772 1226 1965 1293 ἔγνων.
1997 1246 2017 1279 υ

436 1310 754 1367 Αίνίττεται
796 1313 853 1366 δὲ
881 1315 1116 1369 ἐνταῦθα
1148 1319 1247 1372 καὶ
1273 1318 1400 1380 τοὺς
1427 1319 1733 1383 Ἰουδαίους,
1764 1320 1813 1373 οἳ
1839 1320 2025 1389 ἔλεγον

436 1403 738 1471 γινώσκειν
782 1405 872 1460 τὸν
914 1406 1068 1475 Θεὸν,
1101 1409 1197 1462 καὶ
1236 1408 1509 1464 δείκνυσιν
1537 1411 1734 1475 αὐτοὺς
1784 1412 1859 1483 μὴ
1906 1413 2028 1466 ἐπι-

437 1495 816 1562 γινώσκοντας
857 1499 951 1552 τὸν
996 1500 1253 1571 Πατέραο
1306 1502 1514 1571 κόσμον
1551 1503 1662 1574 γάρ
1707 1505 1835 1567 τοὺς
1890 1504 2026 1557 ’ἰου-

437 1586 632 1650 δαίους
674 1587 809 1657 φησὶ
851 1589 1142 1663 πολλαχοῦ.
1180 1593 1290 1647 Καὶ
1334 1594 1383 1648 ol
1426 1594 1526 1665 μὲν
1567 1594 1808 1650 Ἰουδαῖοί
1839 1613 2025 1665 φασιν,

439 1676 533 1730 ὅτι
558 1678 659 1731 οὒκ
701 1679 1029 1745 ἀπέστειλάς
1063 1699 1132 1752 με
1161 1683 1246 1749 σὺ,
1300 1682 1412 1754 ἐγὼ
1447 1684 1505 1738 δὲ
1556 1703 1576 1736 ι
1607 1684 1823 1750 τούτοις
1862 1706 1882 1739 ι
1914 1689 2030 1751 τοῖς

445 1769 723 1839 μαθηταῖς
774 1789 876 1841 μου
927 1792 947 1824 ‹
980 1774 1075 1827 καὶ
1123 1775 1396 1847 ἐγνώρισα
1437 1776 1497 1831 τὸ
1535 1777 1711 1847 ὄνομά
1753 1795 1873 1843 σου,
1934 1779 2031 1833 καὶ

2130 580 2261 647 ipsis
2305 581 2394 643 sit,
2435 588 2489 634 et
2518 593 2617 649 ego
2656 579 2707 633 in
2753 579 2903 648 ipsis.
2951 598 2967 628 ι
3018 579 3310 648 Postquam
3355 577 3699 634 credentibus

2130 674 2243 729 haec
2298 681 2550 742 precatus
2600 679 2705 737 est,
2766 681 2820 727 et
2885 681 3029 726 tanta
3060 673 3138 727 eis
3167 672 3305 727 bona
3334 671 3702 737 conciliasset,

2130 763 2263 819 dicit
2291 763 2550 833 quiddam
2595 762 2779 818 multae
2827 763 3211 818 misericordiae
3265 772 3319 818 et
3356 761 3707 831 benignitatis

2132 855 2371 926 plenum.
2409 873 2428 908 ι
2478 854 2639 909 Pater
2677 854 2845 920 enim,
2872 855 3045 922 inquit
3078 855 3241 925 juste,
3281 874 3299 906 ι
3338 870 3436 926 ego
3486 854 3703 923 quidem

2131 963 2319 1005 omnes
2370 948 2615 1004 homines
2663 958 2778 1002 haec
2818 947 2956 1002 bona
3012 948 3222 1017 assequi
3279 947 3491 1011 vellem,
3524 946 3704 1017 qualia

2132 1049 2388 1109 precatus
2471 1053 2587 1094 sum
2639 1038 2921 1106 fidelibus;
2987 1039 3079 1093 sed
3155 1053 3262 1093 non
3338 1045 3705 1108 cognoverunt

2135 1143 2206 1196 te,
2281 1131 2401 1187 ideo
2450 1129 2805 1200 privabuntur
2855 1130 3090 1196 praemiis
3146 1138 3200 1184 et
3249 1129 3441 1201 gloria.
3517 1149 3536 1182 ι
3596 1130 3709 1201 Ego

2134 1234 2311 1279 autem
2365 1231 2417 1278 te
2449 1223 2694 1293 cognovi.
2754 1240 2773 1274 ι
2820 1221 3129 1292 Carpuntur
3194 1233 3375 1277 autem
3447 1222 3550 1277 ltoc
3592 1221 3711 1277 loco

2133 1327 2190 1372 et
2240 1314 2451 1380 Judmi,
2508 1315 2599 1384 qui
2657 1330 2715 1371 se
2780 1315 3028 1371 dicebant
3117 1330 3447 1385 cognoscere
3517 1312 3707 1379 Deum,

2133 1417 2188 1465 et
2221 1408 2458 1465 ostendit
2523 1422 2619 1463 cos
2688 1423 2791 1462 non
2858 1422 3190 1478 cognoscere
3254 1406 3492 1461 Patrem.
3560 1405 3714 1459 Mnu-

2135 1503 2260 1557 dutn
2321 1501 2464 1557 enim
2517 1499 2731 1556 Iudaeos
2781 1499 2909 1554 dicit
2956 1500 3171 1568 saepius.
3225 1498 3291 1552 Et
3359 1496 3529 1553 Judaei
3600 1498 3716 1568 qui-

2135 1594 2259 1649 dem
2298 1594 2508 1659 dicunt,
2559 1596 2701 1664 quod
2750 1604 2803 1649 tu
2838 1610 2941 1649 non
2977 1610 3062 1650 me
3117 1594 3347 1661 miseris,
3388 1608 3486 1664 ego
3533 1604 3715 1649 autem

2141 1703 2161 1739 ι
2220 1687 2306 1743 bis
2350 1704 2371 1738 ι
2426 1686 2704 1757 discipulis
2755 1690 2889 1741 meis
2919 1706 2938 1739 ι
2987 1697 3040 1742 et
3086 1702 3282 1741 nomen
3332 1697 3478 1741 tuum
3527 1686 3716 1755 cogniv

2140 1786 2265 1850 tum.
2303 1777 2429 1842 feci,
2485 1788 2540 1832 et
2596 1786 2783 1832 notum
2848 1776 3062 1831 fat-iam.
3120 1796 3138 1829 ι
3202 1775 3483 1841 Quomodo
3534 1786 3712 1830 autent

441 1860 726 1929 γνωρίσω.
776 1881 796 1914 ι
837 1862 962 1928 Πῶς
1001 1864 1059 1917 δὲ
1098 1865 1401 1937 ⁴γνωρίσω;
1440 1867 1791 1938 Ἐπιπὲμψας
1853 1868 2034 1934 αὐτοῖς

2145 1878 2323 1925 notum
2345 1869 2538 1925 faciam
2557 1869 2582 1923 ‘l
2603 1868 2769 1925 Misso
2793 1869 2872 1925 eis
2897 1868 3103 1939 Spiritu
3135 1879 3345 1934 sancto,
3372 1870 3463 1938 qui
3500 1886 3519 1920 ι
3559 1868 3717 1922 indu-

440 1952 515 2005 ’τὸ
545 1952 790 2025 Πνεῦμα,
819 1955 848 2007 ὃ
880 1975 900 2007 ι
936 1956 1193 2027 ὁδηγήσει
1223 1959 1418 2023 αὐτοὺς
1453 1961 1533 2021 είς
1558 1962 1740 2015 πᾶσαν
1769 1962 1870 2033 τὴν
1901 1963 2036 2034 ἀλή-

444 2044 628 2099 Θειαν.
671 2064 690 2097 ι
736 2046 846 2099 Καὶ
877 2048 974 2102 ὲάν
1015 2048 1230 2119 μάθωσι
1282 2053 1366 2115 τίς
1399 2052 1488 2118 σὺ,
1540 2053 1662 2107 τότε
1707 2072 1725 2105 ι
1757 2055 1790 2126 ή
1821 2054 2034 2126 ἀγάπη,

442 2138 521 2207 ἣν
550 2136 844 2207 ἠγάπησάς
880 2157 969 2208 με,
1010 2142 1070 2196 ὲν
1116 2142 1300 2207 αὐτοῖς
1341 2162 1360 2196 ι
1398 2144 1575 2213 ἔσται,
1608 2164 1628 2198 ι
1669 2146 1827 2215 κάγὼ
1853 2148 1912 2201 ἑν
1941 2148 2039 2201 αύ-

444 2229 585 2290 τοίς.
636 2247 654 2279 ι
704 2228 1011 2285 Γνώσονται
1045 2224 1171 2304 γὰρ,
1208 2234 1291 2288 ὅτι
1326 2235 1425 2289 οὐκ
1462 2236 1866 2308 ἀπεσχισμένος
1900 2238 2035 2306 ἐγὼ,

448 2320 593 2376 ἀλλὰ
630 2321 738 2375 τῶν
780 2323 988 2395 σφόδρα
1030 2326 1442 2399 πεφιλημένων,
1485 2330 1582 2383 καὶ
1628 2331 1853 2402 γνήσιος
1904 2331 2035 2395 Υἱὸς

2133 1968 2218 2015 cet
2261 1975 2356 2015 eos
2401 1962 2451 2015 in
2502 1975 2717 2017 omnem
2749 1961 3029 2016 veritatem
3068 1958 3150 2014 "z
3194 1967 3290 2014 »οι
3332 1960 3375 2015 si
3432 1959 3719 2014 didicerint

2134 2055 2255 2124 quis
2283 2065 2336 2109 tu
2366 2055 2462 2117 sis.
2485 2063 2611 2110 tunc
2638 2072 2659 2107 ι
2686 2054 2903 2110 dilectio
2925 2070 3028 2123 qua
3061 2053 3294 2109 dilexisﬁ
3327 2067 3431 2115 tne,
3456 2053 3508 2106 in
3544 2052 3673 2121 ipsis
3693 2072 3711 2103 ι

2134 2147 2258 2213 erit,
2304 2162 2324 2197 ι
2361 2156 2417 2202 et
2449 2161 2552 2217 ego
2581 2145 2633 2201 in
2663 2145 2762 2201 eis.
2808 2164 2826 2198 ι
2867 2144 3053 2201 Scient
3083 2146 3223 2199 enim
3261 2145 3400 2213 quod
3428 2159 3533 2197 non
3562 2159 3720 2213 sepa-

2137 2248 2290 2293 ratus
2313 2250 2436 2308 ego,
2466 2238 2561 2292 sed
2588 2238 2742 2293 valde
2778 2237 3007 2293 dilectus
3031 2246 3086 2292 et
3115 2250 3406 2304 germanus
3433 2234 3602 2289 Filius
3656 2249 3722 2288 ac

2143 2332 2501 2386 coadunatus.
2542 2329 2678 2385 Cum
2716 2330 3036 2401 agnoverint
3077 2338 3256 2384 autem
3296 2329 3416 2395 hoc,
3465 2337 3520 2383 et
3560 2328 3718 2382 fidem

449 2414 554 2467 καὶ
607 2416 972 2486 συνημμένος.
1045 2420 1390 2490 Ἐπιγνόντες
1442 2422 1499 2476 δὲ
1557 2422 1735 2485 τοῦτο,
1794 2423 1891 2477 καὶ
1942 2423 2039 2493 τὴν

2145 2434 2271 2489 erga
2309 2436 2394 2475 me
2428 2429 2483 2476 et
2513 2421 2859 2476 dilectionem
2908 2421 3218 2476 servabunt.
3271 2419 3493 2490 Insuper
3526 2421 3577 2474 itt
3616 2419 3722 2474 illis

450 2507 639 2561 πίστιν
665 2509 761 2579 τὴν
793 2511 875 2573 είς
908 2510 1029 2581 ἐμὲ,
1066 2512 1159 2566 καὶ
1179 2512 1279 2583 τὴν
1338 2514 1561 2585 ἀγάπην
1596 2516 1918 2586 τηρήσουσιν,
1951 2514 2045 2569 uati.

2146 2512 2376 2568 manebo
2398 2527 2499 2581 ego
2525 2511 2615 2582 qui
2653 2512 2789 2567 tales
2813 2512 3034 2576 fuerint,
3074 2512 3272 2581 quique
3297 2521 3347 2565 te
3378 2513 3719 2581 agnoverint,

449 2602 643 2656 λοιπὸν
688 2606 747 2656 ὲν
823 2605 1007 2669 αὐτοῖς
1078 2606 1228 2676 μενῶ
1295 2608 1407 2674 ἐγὼ
1455 2612 1719 2673 τοιούτοις
1786 2605 1929 2674 οὖσι,
1983 2611 2039 2663 σέ

2145 2614 2193 2660 et
2227 2621 2311 2658 tne
2345 2612 2404 2661 ut
2437 2605 2602 2660 Deum
2635 2605 2929 2671 coluerint,
2962 2605 3449 2675 inconcussamque
3476 2620 3601 2675 erga
3636 2620 3722 2663 me

449 2712 513 2750 τε
562 2697 937 2764 ἐπεγνωκόσι,
1008 2700 1153 2770 κάμὲ
1206 2700 1282 2764 ώς
1330 2700 1462 2755 Θεὸν
1517 2701 1744 2772 τιμῶσι,
1788 2703 1882 2756 καὶ
1941 2700 2041 2773 τὴν

455 2789 593 2859 πρὸς
621 2789 721 2861 ἐμὲ
749 2791 930 2845 πίστιν
953 2791 1214 2865 τηροῦσιν
1240 2794 1720 2864 ἀπαρασάλευτον.

1046 2886 1301 2943 ΚΕΦΑΛ.
1342 2888 1451 2941 ιιιο.

453 2974 602 3041 Περὶ
660 2976 773 3044 τῆς
823 2977 1211 3046 παραδόσεως
1276 2978 1383 3034 τοῦ
1452 2980 1675 3047 Ἰησοῦ.
1731 2980 1869 3047 Περὶ
1923 2980 2045 3035 τῶν

525 3047 837 3119 Ἰουδαίων
862 3050 1040 3118 χαμαὶ
1083 3050 1416 3104 πεσόντων.
1470 3052 1609 3118 Περὶ
1661 3051 1768 3105 τοῦ
1813 3052 2042 3119 Πέτρου

528 3118 962 3190 ᾀποκόψαντος
978 3121 1045 3190 τι)
1059 3120 1235 3174 ὠτίον
1255 3119 1459 3190 τῷντοῦ
1477 3122 1797 3190 ἀρχιερέως
1816 3121 2039 3190 δούλῳ.

532 3188 803 3260 Περὶλτοῦ
834 3188 1041 3256 Ἰησοῦ
1080 3189 1463 3260 ἀπαγομένου
1494 3188 1643 3260 πρὸς
1676 3193 1917 3257 Ἅνναν,
1944 3188 2044 3247 καί

530 3257 827 3327 Καϊάφαν,
859 3261 955 3314 καὶ
989 3257 1254 3315 Πιλᾶτον
1275 3257 1286 3260 ⁷
1535 3257 1546 3260 ⁷
1619 3257 1626 3258 ί
1882 3268 1895 3281 “

540 3369 561 3403 ι
597 3351 783 3406 Ταῦτα
814 3353 983 3406 είπὼν
1013 3354 1041 3407 ό
1086 3352 1313 3425 Ἰησοῦς,
1345 3353 1536 3425 ἐξῆλθε
1572 3354 1669 3408 σὺν
1720 3356 1834 3417 τοῖς
1864 3354 2044 3426 μαθη-

453 3444 583 3505 ταῖς
613 3444 781 3497 αὐτοῦ
808 3445 983 3514 πέραν
1030 3445 1122 3499 τοῦ
1153 3445 1459 3517 χειμάρῤου
1491 3446 1599 3500 τῶν
1629 3447 1874 3519 Κέδρων,
1908 3447 2044 3500 ὅπου

456 3531 532 3606 ἦν
566 3534 777 3605 κῆπος’
821 3538 902 3601 είς
954 3538 1014 3592 ὃν
1066 3538 1318 3609 εἰσῆλθεν
1367 3540 1551 3606 αὐτὸς,
1592 3541 1688 3593 καὶ
1723 3541 1773 3593 oi
1805 3539 2047 3611 μαθηταὶ

456 3627 651 3684 αὑτοῦ.
713 3630 867 3702 ᾜδει
905 3631 962 3686 δὲ
1017 3632 1112 3685 καὶ
1139 3630 1368 3696 Ἰούδας,
1405 3632 1434 3684 ὁ
1485 3631 1814 3704 παραδιδοὺς
1860 3633 2044 3698 αὑτὸν,

456 3720 557 3775 τὸν
582 3721 766 3775 τόπον·
795 3722 875 3775 ὅτι
905 3723 1165 3787 πολλάκις
1196 3723 1439 3795 συνήχθη
1471 3725 1500 3776 ό
1525 3724 1739 3793 Ἰησοῦς
1770 3726 1888 3778 ἐκεῖ
1910 3723 2047 3794 μετά

457 3812 574 3866 τῶν
607 3814 866 3883 μαθητῶν
912 3816 1101 3871 αὑτοῦ.
1142 3835 1161 3868 ι
1197 3815 1312 3869 Οὐκ
1344 3811 1521 3884 εἶπεν,
1552 3816 1635 3869 ὅτι
1666 3816 1851 3870 Ταῦτα
1882 3815 2047 3881 εὐξά-

461 3921 629 3975 μενος
646 3909 674 3960 ό
695 3907 925 3977 Ἰησοῦς,
963 3907 1121 3975 ἀλλά,
1150 3928 1171 3961 ι
1207 3907 1392 3962 Ταῦτα
1422 3906 1614 3961 εἰπών.
1644 3930 1663 3959 ι
1686 3908 1762 3962 Οὐ
1781 3908 1889 3979 γάρ
1914 3907 2047 3980 εύχῆ

458 3993 618 4068 ἦντὸ
660 4000 913 4069 πρᾶγμα,
965 4000 1100 4054 ἀλλά
1138 4000 1410 4064 διαλαλιά,
1451 4000 1588 4072 πρὸς
1620 4001 1683 4054 τδ
1709 4001 1835 4062 τοὺς
1868 4000 2049 4071 μαθη-

458 4089 566 4152 τάς
608 4090 1111 4160 παραμυθήσασθαι
1154 4092 1446 4164 γενομένη.
1494 4092 1692 4146 Μέσων
1728 4091 1782 4144 δὲ
1836 4091 2049 4146 νυκτῶν

461 4177 772 4247 ὁδοιπορεῖ,
826 4184 918 4232 καὶ
974 4180 1221 4251 ποταμὸν
1267 4180 1557 4245 διαϐαίνει,
1627 4180 1723 4234 καὶ
1766 4180 2048 4249 ἐπείγεται

465 4269 610 4340 πρὸς
642 4271 731 4323 τὸν
772 4270 849 4340 τῷ
903 4272 1135 4345 προδότῃ
1167 4272 1446 4345 γνώριμον
1485 4273 1650 4327 τόπον
1677 4272 1872 4339 ἐλθεῖν,
1918 4275 2050 4327 ἐαυ-

461 4363 562 4417 τδν
594 4364 863 4429 ἐπιδιδοὺς
888 4367 1001 4430 τοῖς
1032 4365 1318 4434 φονεῦσινσ
1349 4366 1437 4420 ἴνα
1464 4365 1614 4437 δείξῃ
1668 4366 1750 4420 ὄτι
1789 4364 1930 4420 ἑκὼν
1956 4366 2052 4421 ἐπὶ

463 4453 532 4507 es
585 4452 757 4517 πάθος
804 4453 1054 4524 ἔρχεται,
1087 4455 1182 4508 καὶ
1226 4454 1317 4508 τὸν
1360 4456 1454 4509 ἐπὶ
1505 4458 1570 4526 τῇ
1624 4440 1846 4526 ζητήσει
1885 4456 2052 4510 κόπον

465 4545 728 4600 ἐκκόπτει
759 4549 871 4608 τοῖς
900 4546 1197 4611 Ἰουδαίοις.
1228 4547 1347 4601 Ἵνα
1376 4547 1486 4633 γάρ
1521 4547 1595 4618 μὴ
1634 4547 2049 4619 συντρίϐωνται,

2142 2700 2304 2755 ﬁdem
2340 2698 2728 2755 custodierint.

2694 2812 2924 2870 CAPUT
2981 2812 3175 2870 XVIII.

2146 2948 2222 3004 De
2258 2947 2539 3003 traditione
2570 2946 2721 3002 Iesu.
2760 2947 2835 3002 De
2872 2946 3077 3002 Iudaeis
3116 2958 3253 3001 retro
3277 2947 3601 3001 cadentibus.
3650 2946 3725 3003 De

2227 3018 2382 3072 Petro
2413 3019 2504 3083 qui
2525 3018 2749 3071 abscidit
2771 3019 3067 3072 auriculam
3095 3035 3239 3071 servo
3262 3019 3546 3085 pontiﬁcis.
3581 3017 3724 3081 Otto-

2212 3089 2366 3141 modo
2393 3089 2547 3143 .lesus
2572 3092 2759 3142 ductus
2785 3090 2853 3142 sit
2884 3090 2951 3142 ad
2969 3087 3196 3153 Annam,
3220 3088 3473 3158 Caipham
3492 3098 3540 3143 et
3571 3086 3694 3142 Pila
3719 3120 3723 3125 —

2221 3167 2353 3215 tum.

2221 3332 2387 3389 Vens.
2428 3336 2478 3401 Ι,
2499 3335 2552 3390 2.
2579 3354 2597 3388 ι
2629 3334 2754 3393 ηερε
2771 3350 2895 3390 cum
2921 3335 3144 3391 dixisset
3163 3334 3609 3407 JeStts,rgressus
3645 3348 3729 3392 est

2148 3444 2270 3483 cum
2293 3429 2567 3500 discipulis
2597 3432 2711 3487 suis
2737 3439 2885 3486 trans
2912 3439 3204 3487 torrentem
3234 3430 3470 3497 Ccdrnn,
3496 3433 3583 3486 ubi
3611 3440 3729 3488 erat

2147 3524 2341 3579 hortus
2364 3524 2415 3577 in
2438 3539 2598 3594 quem
2625 3524 2845 3578 intravit
2872 3524 2986 3593 ipse
3008 3532 3062 3578 et
3084 3524 3330 3594 discipuli
3353 3525 3487 3595 ejus.
3513 3525 3730 3580 Sciebat

2150 3618 2330 3672 autem
2374 3625 2428 3672 et
2468 3616 2658 3682 Judas,
2708 3617 2798 3686 qui
2846 3616 3098 3671 tradebat
3151 3631 3296 3681 eum,
3333 3615 3532 3681 locum,
3585 3618 3729 3686 quod

2149 3722 2291 3778 sa-pe
2323 3708 2663 3764 convenisset
2695 3707 2852 3763 Jesus
2895 3708 3021 3763 illuc
3058 3722 3182 3763 cum
3218 3708 3497 3777 discipulis
3531 3710 3664 3765 suis.
3702 3730 3721 3762 ι

2150 3799 2265 3856 Non
2302 3803 2471 3857 dixit:
2507 3801 2642 3858 Cum
2676 3814 2925 3871 precatus
2957 3814 3100 3859 esset
3128 3801 3324 3871 Iesus;
3366 3806 3458 3859 sed
3491 3823 3504 3858 :
3550 3823 3568 3856 ι
3602 3805 3730 3859 Haec

2150 3913 2272 3953 cum
2325 3896 2586 3962 dixisset;
2624 3915 2644 3949 ι
2702 3910 2810 3950 non
2851 3895 2993 3949 enim
3032 3896 3209 3952 oratio
3248 3906 3384 3963 erat,
3425 3897 3518 3951 sed
3560 3896 3731 3952 collo-

2149 3989 2335 4059 quium
2392 3987 2462 4043 ad
2515 3987 2767 4042 solatium
2826 3985 3214 4057 discipulorum
3265 3986 3490 4043 factum.
3556 3988 3730 4043 Media

2151 4090 2330 4137 autem
2353 4090 2510 4136 nocte
2525 4079 2685 4158 735
2704 4081 2808 4135 iter
2820 4080 3236 4148 facit,etilumen
3251 4081 3465 4147 transit,
3486 4080 3735 4135 festinat-

2151 4189 2256 4244 que
2272 4174 2526 4229 utveniat
2550 4175 2600 4229 itt
2616 4175 2790 4230 locum
2818 4174 3075 4244 proditori
3096 4184 3307 4241 notum,
3332 4175 3566 4243 seipsum
3609 4190 3733 4244 per-

2152 4270 2370 4324 mittens
2419 4267 2702 4323 ltomicidis
2752 4285 2770 4323 :
2820 4275 2882 4321 ut
2930 4266 3183 4323 ostendat
3237 4266 3378 4336 quod
3425 4276 3616 4336 sponte
3663 4268 3730 4321 ad

2153 4360 2457 4429 passionem
2500 4360 2703 4421 veniat,
2745 4366 2799 4413 et
2845 4357 3080 4413 laborem
3125 4358 3394 4413 minueret
3434 4356 3634 4413 Judaeis
3674 4373 3733 4413 se

2152 4452 2542 4521 quaerentibus.
2600 4449 2732 4505 Nam
2794 4450 2862 4505 ne
2914 4449 3272 4521 fatigarentur
3333 4451 3436 4505 ltuc
3494 4459 3547 4505 et
3606 4450 3734 4505 illuc

2152 4546 2564 4601 obambulantes
2592 4554 2647 4601 et
2674 4555 2977 4615 quaerentes
3008 4559 3155 4609 eum,
3212 4544 3327 4600 abit
3381 4544 3496 4614 ipse
3521 4547 3585 4599 ad
3614 4560 3730 4610 eos,

465 4639 595 4710 τῇδε
628 4640 850 4693 κάκεῖσε
891 4640 1332 4710 περιερχόμενοι,
1381 4643 1475 4693 καὶ
1523 4639 1814 4717 ζητοῦντες
1863 4642 2039 4705 αὑτὸν,

2156 4648 2213 4693 et
2248 4653 2307 4692 se
2331 4637 2578 4711 manibus
2610 4637 2954 4692 inimicorum
2994 4636 3175 4692 infert.
3204 4637 3482 4692 Invenitur
3505 4638 3647 4691 enim
3675 4637 3731 4692 in

466 4731 688 4786 ἄπεισιν
719 4730 881 4795 αὐτὸς
920 4731 1056 4803 πρδς
1086 4730 1315 4796 αὐτοὺς,
1350 4730 1447 4784 καὶ
1484 4732 1564 4795 είς
1604 4730 1702 4793 τὰς
1727 4734 1916 4802 χεῖρας
1952 4733 2052 4784 αὑ-

464 4825 579 4879 τῶν
605 4824 790 4895 βάλλει
818 4825 1010 4879 ἑαυτόν
1030 4841 1045 4856 ο
1082 4824 1274 4895 ῶσπερ
1309 4825 1421 4895 γὰρ
1444 4825 1503 4878 ἐν
1546 4842 1652 4879 τινι
1689 4824 2051 4898 δεσμωτηρίῳ

466 4914 549 4983 τῷ
586 4918 751 4986 κήπῳ
799 4915 1137 4987 εὑρίσκεται.
1176 4915 1293 4969 Ἵνα
1333 4915 1390 4969 δὲ
1442 4913 1518 4987 μὴ
1565 4914 1814 4986 νομίσῃς,
1862 4917 1941 4969 ὅτι
1973 4915 2050 4979 ὼς

468 5004 848 5075 κρυπτόμενος
878 5005 1228 5076 ἀνεχώρησεν
1257 5006 1337 5070 είς
1368 5006 1460 5059 τὸν
1494 5008 1693 5076 κῆπον,
1730 5006 1984 5077 ἐπιφέρει
2019 5007 2055 5061 ὁ

470 5098 885 5169 εὐαγγελιστὴς,
916 5099 998 5153 ὅτι
1033 5118 1051 5149 ι
1092 5099 1246 5169 ’ᾘδει
1278 5097 1373 5152 καὶ
1398 5100 1426 5152 ό
1464 5098 1661 5162 Ἰούδας
1681 5098 1771 5153 τὸν
1800 5100 1983 5154 τόπον.
2026 5118 2047 5152 ι

476 5191 640 5243 Ὥστε
694 5191 895 5260 μᾶλλον
943 5192 1255 5263 φανερῶσαι
1308 5190 1499 5246 ἑαυτὸν
1548 5190 1736 5258 θέλων,
1791 5192 1904 5245 ἀλλ’
1954 5192 2055 5247 οὐκ

473 5287 929 5369 ἀποκρύψασθαι,
970 5290 1049 5351 εἰς
1104 5289 1293 5342 τοῦτον
1331 5288 1425 5342 τὸν
1465 5291 1630 5343 τόπον
1667 5288 2050 5361 παραγίνεται.

480 5396 500 5428 ι
552 5379 707 5450 "nam
736 5378 793 5431 δὲ
826 5380 856 5432 ὁ
904 5380 1104 5444 Ἰούδας
1128 5380 1220 5433 τὸν
1258 5381 1444 5443 τόπον,
1478 5380 1613 5434 διότι
1646 5381 1763 5434 ἐκεῖ
1791 5381 2051 5446 πολλάκις

478 5465 715 5537 συνήχθη
763 5467 792 5519 ὁ
848 5468 1074 5538 Ἰησοῦς.
1118 5489 1138 5523 ι
1197 5468 1277 5523 Τὰ
1338 5471 1447 5541 γὰρ
1496 5469 1677 5540 ἔρημα
1734 5469 1909 5540 χωρία
1960 5471 2052 5523 καὶ

472 5560 708 5629 ἡςυχίας
763 5561 1104 5632 ἐργαστήρια
1141 5562 1467 5632 μετεδίωκεν
1496 5563 1524 5615 ὁ
1558 5561 1783 5634 Κύριος,
1819 5562 1911 5616 καὶ
1945 5561 2050 5631 μά·

475 5648 655 5715 λιστα,
682 5651 811 5706 ὅταν
842 5669 895 5705 τι
936 5654 1343 5727 μυστικώτερον
1387 5655 1697 5726 παρεδίδου.
1743 5654 1912 5709 Πόθεν
1937 5653 1994 5708 δὲ
2020 5654 2050 5708 ό

486 5742 689 5808 Ἰούδας
718 5745 1033 5813 ἐγίνωσκεν,
1077 5747 1160 5803 ὅτι
1188 5748 1247 5805 ἐν
1282 5749 1360 5806 τῶ
1392 5754 1550 5822 κήπῳ
1593 5750 1740 5805 ἐστὶν
1765 5750 1792 5803 ό
1838 5746 2047 5822 Ἰησοῦς

549 5861 589 5892 ⁹¹
618 5858 776 5915 Joan.
815 5878 926 5928 xvr,
984 5864 1068 5921 15.

2161 4731 2340 4794 lrorto,
2386 4729 2540 4800 quasi
2587 4730 2640 4784 in
2685 4744 2908 4785 carcere
2948 4728 3202 4798 quodam.
3243 4730 3311 4785 Et
3351 4745 3417 4784 ne
3454 4730 3733 4785 existimes

2156 4823 2299 4892 quod
2333 4822 2687 4878 delitescendi
2725 4824 2897 4893 gratia
2938 4822 3063 4877 illuc
3103 4837 3163 4878 sc
3205 4822 3517 4889 contulerit,
3551 4822 3734 4877 subdit

2164 4916 2494 4987 evangelista
2524 4918 2667 4987 quod
2704 4935 2723 4968 ι
2759 4925 2811 4971 et
2842 4914 3009 4971 Judas
3045 4916 3265 4970 noverit.
3283 4915 3483 4977 locum,
3520 4933 3539 4966 ι
3571 4924 3734 4978 atque

2159 5009 2232 5063 ita
2254 5008 2421 5078 magis
2442 5007 2778 5063 manifestari
2801 5023 2961 5078 quam
2990 5005 3249 5062 occultari
3275 5006 3445 5061 voluit
3467 5005 3519 5059 in
3554 5005 3730 5059 locum

2162 5105 2311 5158 illum
2336 5104 2581 5159 veniens.
2615 5120 2634 5156 ι
2671 5102 2892 5159 Sciebat
2915 5115 3093 5160 autem
3117 5113 3169 5157 et
3188 5102 3355 5158 Judas
3377 5101 3576 5167 locum,
3603 5102 3732 5172 quia

2157 5212 2299 5265 srpe
2346 5196 2474 5251 illuc
2510 5207 2838 5251 convenerat
2874 5195 3031 5250 Jesus
3073 5210 3196 5250 cum
3237 5192 3510 5259 discipulis
3538 5193 3673 5247 suis.
3709 5212 3728 5245 ι

2160 5287 2412 5342 Solitaria
2466 5287 2609 5342 enim
2664 5287 2781 5342 loca
2838 5296 2893 5341 et
2951 5286 3150 5341 silentii
3195 5284 3435 5340 oliicinas
3490 5300 3735 5354 quaerere

2156 5380 2365 5437 solebat
2408 5378 2684 5444 Dominus,
2728 5388 2782 5433 et
2828 5380 3064 5432 maxime
3105 5376 3150 5433 si
3192 5378 3404 5444 quando
3444 5378 3729 5449 mysticum

2156 5472 2359 5542 aliquid
2413 5471 2681 5526 tradebat.
2729 5467 2885 5523 Unde
2931 5476 3110 5522 autem
3156 5466 3325 5521 ludas
3369 5468 3734 5538 cognoscebat

2158 5565 2303 5637 quod
2335 5566 2385 5621 in
2418 5565 2578 5619 horto
2610 5564 2712 5619 hac
2741 5562 2874 5618 hora
2901 5570 3043 5617 esset
3073 5558 3253 5626 Jesus,
3284 5568 3465 5617 etnon
3492 5562 3543 5616 in
3572 5564 3733 5615 domo

2161 5657 2483 5714 dormiens?
2506 5655 2727 5712 Sciebat
2757 5656 3044 5711 Dominum
3071 5652 3386 5724 frequenter
3413 5663 3565 5708 extra
3593 5652 3732 5708 civi-

2158 5760 2320 5807 tatem
2363 5761 2698 5823 pernoctare,
2746 5757 2799 5805 et
2853 5755 3140 5818 eapropter
3182 5747 3350 5803 etiam
3393 5755 3518 5803 tunc
3553 5748 3733 5801 exisse
