4056 6604
380 359 492 420 245

1058 365 1498 427 ENARRATIO
1538 368 1616 427 ΙΝ
1656 354 2152 429 EVANGELIUM
2189 370 2764 434 1οΑΝΝΙ8.-·-ΟΑΡ.
2794 372 3021 435 XVIII.

3513 372 3625 436 246

384 470 485 538 ἐμὲ
514 470 756 541 ζητεῖτε.
800 470 965 540 ἄρετε
999 475 1221 541 τούτους
1254 478 1486 545 ὑπάγειν
1508 494 1520 511 ⁸
1570 480 1655 533 ἵνα
1687 479 1950 552 πληρωθῇ

2066 481 2221 551 igitur
2256 497 2340 539 me
2376 483 2643 553 quaeritis,
2678 486 2838 540 sinite
2876 486 2973 542 hos
3006 485 3176 549 abire,
3232 495 3288 536 ut
3320 481 3634 553 impleretur

378 560 415 611 ’ὁ
445 558 622 627 λόγος,
648 559 708 613 6v
730 556 903 628 εἶπεν,
935 565 1014 618 ὅτι
1046 563 1152 631 Οὓς
1174 565 1411 634 δέδωκάς
1441 587 1551 642 μοι,
1576 570 1677 625 οὑκ
1696 571 1955 626 ἀπώλεσα

384 653 447 720 ἐξ
474 652 654 708 αὑτῶν
697 655 912 710 οὐδένα.
951 676 970 709 ι
1015 660 1296 716 Κατέδαλε
1346 664 1446 732 μὲν
1473 665 1666 728 αὐτοὺς
1709 665 1954 731 ὑπτίους,

386 746 506 815 ἅμα
554 746 654 818 τήν
677 763 735 799 τε
768 747 998 818 δύναμιν
1028 752 1194 805 αὑτοῦ
1225 753 1420 824 δηλῶν,
1452 756 1543 810 καὶ
1588 758 1670 811 ὃτι
1699 756 1839 811 ἑκὼν
1869 757 1961 829 ἕρ.

374 854 543 906 ,χεται
569 837 705 909 πρὸς
732 841 793 893 τὺ
826 841 1022 906 πάθος·
1054 845 1189 915 πρὸς
1213 845 1271 899 δὲ
1300 847 1511 913 τούτοις
1561 852 1656 903 καὶ
1697 850 1881 921 ἕτερόν
1906 868 1958 905 τι

381 930 707 1002 οικονομῶν.
760 933 878 988 Ἵνα
934 935 1044 1009 γὰρ
1105 939 1177 1010 μὴ
1240 941 1367 1012 είπῃ
1423 960 1542 1007 τις,
1584 945 1665 998 ὅτι
1714 945 1866 1001 οὐδὲν
1911 947 1959 999 οἱ

396 1021 642 1077 Ἰουδαῖοι
673 1025 920 1097 ἥμαρτον
940 1046 955 1060 ·
987 1029 1147 1094 αὐτὸς
1180 1031 1287 1103 γὰρ
1320 1033 1504 1100 αὐτοῖς
1536 1036 1727 1090 ἑαυτὸν
1760 1037 1962 1107 ἐνεχεί-

385 1132 530 1181 ρισε,
577 1117 672 1171 καὶ
717 1118 875 1191 δῆλον
927 1122 1263 1194 κατέστησεο
1302 1124 1389 1179 διὰ
1428 1126 1587 1182 τοῦτο
1631 1129 1965 1185 ἐνδείκνυται

384 1206 572 1270 αὑτοῖς
603 1207 763 1262 τοῦτο
793 1211 854 1264 τὸ
888 1216 1131 1283 σημεῖον,
1177 1217 1359 1270 ἱκανὸν
1385 1217 1444 1271 ὃν
1468 1221 1665 1285 αὑτοὺς
1690 1223 1958 1292 ἀνακρού-

387 1297 606 1352 σασθαι.
662 1301 812 1357 Ἐπεὶ
850 1303 907 1357 δὲ
953 1305 1220 1376 ἐπέμενον
1262 1312 1327 1380 τῇ
1382 1312 1551 1384 κακίᾳ
1600 1315 1692 1367 καὶ
1732 1315 1873 1385 μετὰ
1902 1314 1963 1369 τὸ

386 1388 579 1481 θαῦμα
628 1391 806 1456 τοῦτο,
842 1394 962 1449 τότε
994 1396 1057 1468 δὴ
1104 1400 1299 1455 ἑαυτὸν
1344 1405 1659 1476 ἐγχειρίζει.
1689 1406 1797 1461 Καὶ
1825 1408 1961 1481 ὅρα,

385 1479 506 1543 πῶς
536 1481 657 1536 οὑδὲ
704 1485 835 1556 ἄχρι
859 1491 957 1560 τῆς
991 1487 1309 1557 τελευταίας
1354 1493 1503 1564 ὥρας
1533 1498 1633 1568 τῆς
1678 1499 1810 1570 πρὸς
1837 1479 1969 1564 τοὺς

389 1571 642 1644 μαθητὰς
681 1576 904 1649 ἀγάπης
964 1580 1203 1650 ὑφίεται.
1261 1604 1279 1637 ι
1318 1586 1381 1640 Et
1437 1587 1546 1657 γὰρ
1580 1590 1679 1659 ἐμὲ
1725 1590 1961 1662 ζητεῖτε,

387 1663 577 1752 φησῖν,
609 1665 773 1735 ἄφετε
803 1669 1023 1734 τούτους
1054 1674 1304 1744 ὑπάγειν*
1331 1677 1420 1732 ἵνα
1443 1679 1705 1752 πληρωθῇ
1733 1683 1761 1736 6
1783 1682 1961 1752 λόγος,

385 1753 447 1806 ὃν
473 1750 648 1820 εἶπεν,
679 1758 762 1811 ὅτι
790 1759 898 1825 Οὓς
927 1762 1167 1828 δέδωκάς
1211 1784 1324 1836 μοι,
1365 1768 1465 1823 οὑκ
1490 1750 1746 1826 ἀπώλεσα
1773 1772 1833 1839 ἐξ
1856 1750 1960 1828 αὑ-

386 1845 497 1898 τῶν
536 1846 744 1903 οὐδένα.
798 1868 815 1902 ι
868 1850 1166 1914 Ἀπώλειαν
1194 1855 1249 1908 δὲ
1295 1856 1322 1908 ι
1364 1859 1464 1930 μιν
1498 1858 1700 1932 Κύριος
1728 1862 1828 1934 τῆς
1855 1862 1960 1934 ou.
1988 1846 2038 1908 Β

385 1935 492 2028 Χῆς
534 1937 739 2007 ἔλεγεν,
796 1943 862 2013 ἣν
920 1944 1094 2008 οὐδεὶς
1150 1947 1259 2001 τῶν
1313 1950 1762 2021 μαθητευθέντων
1812 1955 1962 2028 αὐτῷ

388 2027 598 2099 ὑπέστη
620 2047 633 2060 ·
662 2033 690 2084 6
727 2031 784 2085 δὲ
816 2034 1206 2114 εὑαγγελιστὴς
1233 2041 1322 2093 ἐπὶ
1361 2041 1565 2115 ταύτης
1592 2043 1693 2115 τῆς
1721 2027 1963 2118 σωματιζ-

386 2120 490 2191 κῆς
537 2124 813 2193 παρέλαϐε
851 2129 1024 2186 τοῦτο.
1075 2131 1273 2202 Θαῦμα
1315 2135 1390 2197 δὲ.
1428 2136 1542 2200 πῶς
1568 2138 1630 2192 οὑ
1670 2140 1962 2197 συνέλαϐον

383 2214 511 2279 τοὺς
535 2214 889 2283 ἁποστὸλους,
915 2224 1008 2274 καὶ
1039 2225 1347 2297 κατέκοψαν
1369 2229 1587 2296 αὑτοὺς,
1613 2232 1708 2285 καὶ
1729 2231 1964 2303 μάλιστα

382 2304 479 2357 τοῦ
514 2306 719 2379 Πέτρου
770 2313 1174 2383 παροξύναντος
1209 2319 1424 2384 αὑτούς.
1456 2321 1620 2376 Ὅθεν
1652 2323 1830 2393 δῆλον,
1880 2327 1964 2380 ὅτι

386 2397 551 2467 ἡτοῦ
608 2401 1007 2475 συλληφθέντας
1056 2404 1289 2481 δύναμις
1338 2412 1496 2467 τοῦτο
1548 2416 1744 2483 ἐποίει,
1799 2419 1891 2474 καὶ
1931 2420 1963 2491 ἡ

386 2491 684 2563 ἀπόφασις,
715 2496 782 2568 ἣν
813 2502 1096 2571 προεῖπεν,
1133 2505 1215 2558 ὅτι
1247 2523 1265 2556 ι
1301 2506 1495 2571 Οὐδεὶς
1522 2507 1578 2575 ἐξ
1603 2509 1780 2564 αὑτῶν
1809 2512 1957 2565 ἀπώ-

381 2584 528 2641 λετο.
566 2606 586 2640 ι
645 2588 818 2645 Τοῦτο
868 2593 999 2661 γοῦν
1055 2597 1150 2650 καί¹
1194 2599 1221 2651 6
1276 2599 1666 2674 εὑαγγελιστὴς
1702 2601 1965 2659 διδάσκων

383 2676 555 2744 ἡμᾶς,
586 2677 669 2731 ὅτι
701 2681 795 2749 τῆς
822 2682 915 2737 τοῦ
946 2685 1154 2756 Κυρίου
1197 2687 1526 2759 ἀποφάσεως
1561 2687 1629 2763 ἦν
1660 2692 1720 2747 τὸ
1750 2695 1831 2765 μὴν
1866 2712 1967 2750 κα-

385 2769 693 2839 τακοπῆναι
725 2774 851 2837 τοὺς
888 2776 1159 2847 μαθητὰς,
1198 2780 1391 2852 φησίν’
1433 2800 1452 2835 ι
1492 2783 1611 2836 Ἵνα
1654 2784 1912 2858 πληρωθῇ
1936 2787 1964 2841 6

386 2860 567 2929 λόγος,
594 2861 651 2917 ὃν
677 2860 851 2929 εἶπεν,
875 2868 957 2921 ὅτι
983 2870 1096 2924 Οὑκ
1113 2872 1372 2928 ἀπώλεσα
1394 2874 1453 2940 ἐξ
1480 2877 1659 2935 αὐτῶν
1684 2878 1877 2934 οὐδένα
1897 2898 1911 2911 ο
1940 2900 1958 2932 ι

384 2952 475 3008 διὰ
505 2955 613 3028 γὰρ
648 2959 746 3031 τὴν
784 2962 1067 3016 ἀσθένειαν
1113 2963 1294 3018 αὑτῶν
1328 2965 1433 3033 ἔξω
1483 2970 1715 3022 ποιεῖται
1769 2971 1966 3036 αὐτοὺς

387 3051 735 3121 πειρασμῶν.
789 3053 944 3108 Οὕτω
1004 3057 1098 3110 καὶ
1150 3057 1298 3128 ἡμᾶς
1354 3057 1450 3111 νῦν
1505 3058 1799 3130 οἰκονομεῖ,
1864 3062 1966 3117 κᾶν

385 3140 696 3211 ἀγνοῶμεν.
727 3142 888 3197 Ὥστε
936 3147 1153 3217 ἐπειδάν
1208 3165 1290 3217 σοι
1338 3147 1466 3220 ἔλθῃ
1493 3152 1822 3222 πειρασμὸς,
1876 3155 1965 3207 πί-

390 3249 573 3300 στευε,
609 3236 690 3290 ὅτι
739 3238 787 3290 εί
840 3240 916 3310 μὴ
949 3242 1267 3313 ἐγίνωσκεν,
1303 3244 1384 3298 δτι
1432 3246 1657 3302 δύνασαι
1684 3247 1965 3317 διαφυγεῖν

387 3320 599 3397 τοῦτον,
618 3329 719 3383 οὑκ
734 3330 799 3385 ἂν
819 3331 1167 3404 συνεχώρησέ
1192 3350 1271 3389 σοι
1299 3335 1460 3393 αὑτὸν
1482 3339 1751 3403 ἐπελθεῖν,
1777 3339 1965 3413 ὥσπερ

386 3419 511 3473 οὐδὲ
537 3423 661 3476 τότε
690 3427 801 3489 τοῖς
832 3427 1128 3499 μαθηταῖς.

472 3531 489 3565 ι
526 3515 708 3585 Σίμων
733 3512 824 3572 οὖν
852 3520 1055 3593 Πέτρος
1087 3521 1225 3594 ἔχων
1256 3524 1552 3597 μάχαιραν,
1586 3527 1835 3581 εἵλκυσεν
1865 3527 1963 3580 αὑ-

385 3605 513 3676 τὴν,
540 3610 635 3662 καὶ
664 3609 855 3665 ἔπαισε
895 3613 986 3666 τὸν
1013 3614 1108 3668 τοῦ
1138 3617 1440 3688 ἀρχιερέως
1466 3619 1670 3686 δοῦλον,
1704 3623 1798 3675 καὶ
1830 3622 1965 3674 ἀπέ-

389 3705 557 3771 νοψεν
592 3703 758 3758 αὑτοῦ
797 3706 856 3759 τὸ
908 3707 1067 3762 ὠτίον
1119 3711 1180 3763 τὸ
1229 3710 1437 3778 δεξιόνο
1482 3707 1551 3784 ἦν
1581 3713 1637 3767 δὲ
1668 3714 1835 3784 δνομα
1887 3714 1965 3785 τῷ

384 3794 563 3866 Badio:
586 3796 824 3866 Μάλχος.
857 3795 1026 3852 Εἶπεν
1050 3799 1143 3854 οὖν
1171 3804 1198 3856 6
1235 3803 1443 3876 Ἰησοῦς
1470 3805 1546 3877 τῷ
1571 3807 1763 3878 Πέτρῳ
1783 3825 1797 3838 ·
1827 3808 1964 3862 Βάλε

386 3886 489 3957 τὴν
534 3889 813 3961 μάχαιράν
865 3907 958 3945 σου
1012 3894 1091 3957 είς
1141 3895 1239 3966 τὴν
1268 3896 1474 3967 θήκην·
1509 3900 1569 3952 τὸ
1619 3902 1901 3971 ποτήριον.
1935 3903 1964 3956 6

384 3977 590 4033 δέδωκέ
620 3998 709 4049 μοι
745 3984 773 4035 6
805 3981 1013 4055 Πατὴρ,
1058 3986 1118 4039 οὑ
1146 3986 1219 4058 μὴ
1250 3989 1546 4058 πίωάὑτός
1578 4010 1596 4042 ι
1634 3992 1781 4046 Ἰδὼν
1807 3996 1834 4046 ὀ
1868 3996 1966 4049 Πέ-

382 4088 515 4140 τρος
558 4072 650 4125 τὸν
700 4073 903 4145 Κύριον
934 4078 1141 4144 ὑπτίως
1186 4081 1382 4145 αὐτοὺς
1433 4083 1829 4150 καταὸαλόντα,
1871 4090 1963 4142 καὶ

385 4163 629 4233 θάρσους
677 4167 1044 4240 ὑποπλησθεὶς
1075 4171 1160 4226 διὰ
1208 4175 1308 4242 τῆς
1359 4174 1455 4228 τοῦ
1499 4177 1703 4249 Κυρίου
1748 4182 1960 4251 φωνῆς,

380 4256 656 4323 εἰπόντος,
697 4277 717 4310 ι
757 4260 958 4329 Ἀφετε
980 4262 1206 4327 τούτους
1239 4265 1494 4334 ὑπάγειν,
1535 4286 1555 4319 ι
1588 4270 1860 4341 ἐνόμισεν,
1888 4273 1964 4337 ὡς

382 4348 580 4420 καιρὸς
618 4349 807 4405 λοιπὸν
843 4352 1056 4426 ἀμύνης
1085 4356 1235 4420 ἐστὶ,
1270 4360 1364 4410 καὶ
1397 4358 1461 4429 δὴ
1492 4361 1694 4414 σπᾶται
1724 4363 1823 4433 τὴν
1857 4366 1960 4434 μά-

381 4458 606 4512 χαιραν,
639 4443 731 4497 καὶ
762 4448 1028 4500 πατάσσει
1053 4448 1143 4502 τὸν
1176 4449 1383 4506 δοῦλον.
1424 4452 1535 4523 (41)
1562 4454 1626 4509 Εἰ
1658 4455 1715 4508 δὲ
1749 4455 1958 4527 ζητεῖς,

2060 588 2240 630 sermo
2275 590 2432 645 quem
2467 578 2642 635 dixit:
2688 579 2832 645 Quos
2863 577 3053 633 dedisti
3090 575 3245 641 mihi,
3282 591 3386 631 non
3424 576 3633 645 perdidi

2059 682 2123 720 ex
2163 666 2245 724 eis
2283 684 2628 740 quemquam.
2663 690 2682 722 ι
2726 670 3026 727 Prostravit
3065 670 3283 743 quidem
3324 683 3418 725 eos
3447 678 3505 725 ut
3546 685 3635 725 re-

2061 771 2294 817 trorsum
2340 763 2617 825 caderent,
2666 762 2946 818 declarans
2997 762 3293 833 potentiam
3345 775 3522 829 suam,
3583 770 3638 817 et

2060 855 2201 923 quod
2243 856 2308 908 ad
2352 855 2658 925 passionem
2705 864 2894 925 sponte
2931 856 3164 910 veniret.
3201 855 3280 911 Ad
3314 856 3433 912 haec
3469 856 3635 912 etiam

2060 948 2163 1003 hoc
2184 951 2489 1019 providens,
2513 960 2564 1002 ut
2590 964 2654 1003 ne
2676 952 2799 1018 quis
2821 951 2962 1003 dicat
2983 947 3198 1005 .Iudaeos
3219 965 3325 1007 non
3351 964 3633 1019 peccasse,

2061 1053 2126 1094 eo
2151 1041 2291 1109 quod
2318 1039 2421 1097 illis
2449 1056 2510 1096 se
2531 1040 2585 1095 in
2615 1057 2804 1095 manus
2838 1038 3136 1095 tradiderat
3159 1048 3213 1094 et
3241 1039 3634 1101 manifestarat,

2060 1142 2283 1202 propter
2309 1134 2415 1188 hoc
2443 1134 2680 1188 ostendit
2705 1133 2785 1187 eis
2811 1132 2917 1188 hoc
2946 1131 3289 1196 miraculum,
3318 1133 3459 1201 quod
3490 1131 3636 1187 sum-

2062 1223 2243 1281 ciebat
2295 1225 2362 1282 ad
2419 1225 2757 1296 repellendos
2793 1240 2905 1280 eos.
2944 1224 3045 1281 Ubi
3102 1235 3280 1279 autem
3335 1224 3389 1278 in
3433 1224 3635 1280 malitia

2063 1332 2165 1374 sua
2222 1328 2638 1387 permanserunt
2697 1318 2860 1373 etiam
2916 1325 3037 1386 post
3088 1315 3406 1372 miraculum
3458 1316 3636 1381 istud,

2064 1419 2195 1466 tunc
2220 1425 2281 1466 se
2308 1410 2560 1464 manibus
2587 1425 2772 1464 eorum
2815 1408 3080 1479 permisit.
3108 1408 3182 1463 Et
3202 1408 3323 1463 vide
3364 1408 3639 1479 quomodo

2066 1516 2237 1570 usque
2271 1500 2337 1556 ad
2369 1500 2611 1555 ultimam
2649 1501 2841 1554 horam
2875 1498 3221 1554 dilectionem
3247 1513 3373 1567 erga
3398 1498 3636 1569 discipu-

2065 1591 2147 1647 los
2200 1606 2304 1646 nou
2373 1590 2609 1661 reliquit.
2647 1589 2778 1644 Nam
2819 1608 2837 1641 ι
2893 1588 2947 1645 Si
2990 1603 3078 1644 me
3121 1589 3386 1658 quaeritis,
3441 1587 3637 1655 inquit,

2064 1688 2227 1745 sinite
2255 1687 2376 1742 illos
2405 1686 2575 1751 abire,
2610 1695 2669 1740 ut
2717 1684 3032 1753 impleretur
3066 1699 3249 1738 sermo
3289 1697 3448 1753 quem
3479 1681 3634 1737 dixe-

2066 1790 2152 1836 rat
2186 1797 2200 1834 :
2234 1778 2381 1847 Quos
2420 1777 2613 1833 dedisti
2639 1777 2797 1842 mihi,
2851 1790 2916 1831 ex
2951 1775 3031 1830 eis
3064 1791 3167 1831 non
3208 1773 3417 1844 perdidi
3446 1789 3638 1843 quem-

2064 1889 2252 1945 quam.
2289 1890 2308 1925 ι
2342 1869 2710 1926 Perditionem
2736 1878 2914 1924 autem
2965 1868 3225 1923 Dominus
3263 1867 3459 1923 animae
3495 1866 3639 1921 dice-

2065 1966 2197 2033 bat,
2256 1965 2382 2035 quia
2436 1964 2616 2020 nullus
2671 1962 2830 2032 periit
2889 1961 2980 2032 qui
3042 1962 3109 2014 ab
3158 1974 3223 2013 eo
3276 1958 3464 2015 doctus
3514 1958 3634 2013 fuit.

2064 2057 2403 2129 Evangelista
2438 2066 2614 2110 autem
2670 2064 2727 2108 et
2774 2053 2839 2108 ad
2870 2053 3204 2123 corporalem
3251 2051 3436 2105 trahit.
3477 2049 3640 2104 Mira-

2065 2148 2243 2203 cnlum
2291 2159 2492 2213 autem,
2528 2145 2795 2215 quomodo
2849 2159 2951 2198 non
3001 2142 3509 2208 comprehenderint
3562 2139 3637 2195 illi

2067 2238 2365 2312 apostolos,
2413 2246 2468 2293 et
2520 2235 2877 2293 dissecuerint
2929 2250 3061 2299 eos,
3124 2244 3176 2290 et
3233 2235 3466 2288 maxime
3515 2249 3636 2290 cum

2066 2331 2262 2388 Petrus
2297 2330 2573 2385 incitasset
2600 2343 2712 2383 eos.
2760 2326 2915 2383 Unde
2947 2325 3288 2380 manifestttttt
3318 2325 3460 2394 quod
3492 2340 3641 2380 com-

2068 2423 2315 2494 prehensi
2373 2423 2547 2477 virtus
2603 2410 2708 2475 hoc
2757 2418 2980 2483 fecerit,
3037 2428 3093 2473 et
3150 2419 3419 2473 sententia
3475 2433 3636 2488 quam

2069 2519 2425 2590 praedixerat,
2459 2515 2665 2570 nullum
2697 2528 2817 2568 esse
2869 2526 2937 2565 ex
2988 2510 3095 2565 illis
3150 2510 3525 2580 perdendum:
3586 2509 3637 2566 id

2068 2611 2210 2682 quod
2265 2619 2320 2666 et
2366 2607 2695 2677 evangelista
2748 2604 2950 2660 docens
2994 2618 3092 2659 nos
3144 2603 3284 2673 quod
3327 2607 3428 2658 hoc
3478 2601 3641 2658 l‘uerit

2068 2714 2287 2776 propter
2305 2700 2631 2758 sententiam
2662 2697 2895 2763 Domini,
2925 2713 2992 2751 ne
3021 2697 3459 2752 interﬁcerentur
3485 2695 3640 2750 disci-

2069 2798 2202 2869 puli,
2239 2796 2413 2866 inquit
2447 2812 2462 2851 :
2506 2812 2528 2877 ι
2569 2792 2641 2848 Ut
2688 2790 3006 2861 impleretur
3056 2782 3249 2843 sermo
3276 2802 3434 2859 quem
3463 2788 3595 2844 dixit
3622 2829 3636 2853 ,

2071 2888 2192 2944 Non
2226 2885 2437 2959 perdidi
2467 2901 2534 2942 ex
2560 2885 2639 2940 eis
2666 2895 3011 2953 «intemquam.
3048 2898 3066 2933 ι
3089 2878 3223 2937 Nam
3254 2894 3472 2950 propter
3496 2881 3640 2948 ipso-

2067 2997 2185 3037 rum
2221 2974 2593 3035 iulirmitatem
2632 2994 2855 3034 securos
2881 2987 2975 3030 eos
3010 2972 3135 3026 fecit
3164 2989 3191 3026 a
3232 2973 3639 3028 tentationihus.

2067 3077 2142 3139 Ita
2174 3086 2228 3129 et
2282 3091 2387 3130 nos
2436 3089 2580 3129 nunc
2640 3073 2816 3141 regit,
2856 3070 3068 3127 etiamsi
3127 3069 3457 3142 ignoremus.
3489 3065 3644 3124 Unde

2068 3164 2284 3240 quando
2334 3167 2530 3223 incidis
2593 3167 2643 3220 in
2703 3165 3060 3231 lentaliones,
3126 3161 3287 3219 crede
3338 3163 3479 3232 quod
3536 3159 3640 3215 nisi

2073 3262 2415 3331 cognovisset
2448 3270 2499 3314 to
2528 3273 2686 3328 posse
2731 3257 2848 3313 illas
2877 3257 3128 3317 evadere.
3176 3270 3280 3310 non
3308 3252 3641 3325 permisisset

2077 3363 2127 3408 te
2159 3354 2208 3408 in
2237 3367 2330 3406 eas
2359 3351 2619 3417 incidere,
2653 3350 2794 3404 sicut
2824 3363 2997 3421 neque
3028 3360 3154 3403 tunc
3184 3346 3496 3418 discipulus.

2146 3533 2307 3589 Vens.
2352 3532 2441 3599 10,
2475 3530 2560 3587 ll.
2596 3551 2613 3584 ι
2648 3528 2833 3584 Simon
2867 3543 2997 3597 ergo
3027 3526 3220 3585 Petrus
3253 3540 3375 3579 cum
3418 3522 3643 3578 haberet

2072 3628 2331 3701 gladium,
2362 3624 2547 3681 eduxit
2572 3640 2717 3687 eum,
2743 3635 2791 3676 et
2819 3621 3082 3692 percussit
3115 3616 3383 3687 pontiﬁcis
3402 3628 3639 3674 servum,

2073 3729 2127 3775 et
2154 3718 2386 3774 abscidit
2428 3713 2722 3779 auriculam
2764 3714 2881 3782 ejus
2929 3714 3228 3778 dexteram.
3278 3709 3405 3765 Erat
3461 3719 3641 3763 autem

2074 3826 2271 3866 nomen
2334 3823 2493 3864 servo
2540 3805 2799 3861 Malchus.
2858 3804 2993 3859 Dicit
3048 3818 3177 3874 ergo
3227 3799 3384 3857 Jesns
3441 3787 3639 3855 Petro:

2075 3903 2222 3958 Mitte
2271 3900 2506 3973 gladium
2577 3897 2831 3973 tuum‘in
2895 3896 3161 3965 vaginam.
3218 3896 3409 3949 Annon
3461 3891 3638 3948 bibam

2074 3997 2321 4068 poculum
2372 3994 2511 4064 quod
2568 3976 2891 4048 dedit'ntilii
2943 3987 3149 4044 Pater?
3192 4008 3210 4041 ι
3270 3986 3401 4042 Cum
3449 3985 3643 4041 Petrus

2074 4089 2299 4147 vidisset
2337 4085 2629 4145 Dominum
2684 4082 3042 4165 prostravisse
3094 4078 3248 4144 illos,
3302 4083 3357 4135 et
3393 4074 3642 4146 impletus

2068 4190 2217 4249 esset
2293 4180 2485 4241 ﬁducia
2548 4185 2768 4248 propter
2823 4191 3007 4231 vocem
3080 4173 3328 4237 Domini,
3392 4173 3640 4233 dicentis,

2079 4296 2096 4327 ι
2140 4274 2315 4331 Sinite
2346 4273 2469 4331 illos
2500 4272 2693 4337 abire;
2724 4289 2741 4323 ι
2785 4268 3115 4325 existimavit
3154 4266 3315 4339 737
3346 4267 3487 4338 quod
3516 4275 3642 4320 tunc

2073 4377 2220 4422 esset
2251 4375 2464 4436 tempus
2491 4363 2760 4425 vindictae.
2785 4370 3139 4431 extractoque
3167 4360 3344 4431 gladio
3379 4358 3644 4429 percussit

2058 4450 2313 4514 "servum.
2345 4454 2496 4524 Quod
2527 4455 2571 4510 si
2606 4469 2837 4524 qum-ras,
2871 4453 3141 4522 quomodo
3172 4451 3217 4505 is
3250 4450 3539 4521 quijnssns
3561 4460 3645 4505 est

382 4531 503 4627 πῷς
526 4533 554 4585 6
581 4535 890 4602 κελευσθείς
914 4539 988 4608 μὴ
1027 4541 1212 4611 πήραν
1238 4540 1403 4611 ἔχειν,
1425 4544 1556 4614 μηδὲ
1587 4544 1679 4599 δύο
1703 4546 1959 4616 χιτῶνας,

2074 4568 2177 4607 non
2204 4562 2420 4621 portare
2447 4564 2653 4618 peram,
2681 4562 2855 4617 neque
2876 4547 3012 4600 duas
3049 4543 3352 4604 tunicas".
3404 4542 3641 4613 gladium

384 4625 665 4698 μάχαιραν
714 4628 827 4700 ἔχει
850 4647 862 4660 ·
915 4632 1176 4702 μάνθανε,
1207 4635 1288 4688 ὅτι
1338 4636 1425 4690 διὰ
1455 4637 1516 4690 τὸ
1550 4638 1734 4704 ἀρνίον
1758 4640 1964 4710 ταύτης

381 4718 606 4791 ἔχρῃζε,
649 4723 745 4776 καὶ
776 4723 1076 4792 ἐϐάσταζεν
1108 4727 1280 4798 αὐτὴν
1327 4729 1423 4782 καὶ
1450 4732 1591 4800 μετά
1622 4732 1682 4784 τὸ
1710 4732 1923 4785 δεῖπνον
1942 4748 1957 4765 ο

381 4810 417 4883 ἢ
450 4812 546 4864 καὶ
574 4811 829 4877 δεδοικὼς
877 4817 978 4887 τὴν
1016 4817 1285 4886 ἐπίθεσιν,
1339 4821 1755 4893 παρεσκεύαστο
1793 4821 1961 4877 πάλαι

383 4905 468 4965 είς
525 4903 701 4960 τοῦτο.
772 4905 834 4960 Εί
886 4907 942 4961 δὲ
997 4909 1242 4981 ἀπορεῖς,
1304 4912 1421 4975 πῶς
1469 4914 1498 4966 ὁ
1530 4913 1665 4984 μηδὲ
1715 4913 1961 4986 ῥαπίζων

384 4993 467 5066 Π.
505 4996 788 5071 ῥαπίζειν]
816 5001 1196 5079 προσταχθεὶς,
1230 5004 1367 5076 πρὸς
1392 5004 1586 5074 φόνους
1619 5008 1964 5075 παρεσκευά-

383 5087 544 5151 ζετο*
585 5088 858 5157 ἁκούσεις.
906 5092 987 5146 ὅτι
1036 5094 1273 5163 μάλιστα
1310 5096 1408 5166 μὲν
1452 5097 1552 5168 οὑχ
1581 5099 1783 5170 ἑαυτῷ,
1824 5099 1961 5154 ἀλλά

382 5181 463 5250 τῷ
507 5181 817 5255 διδασκάλῳ
849 5185 1089 5256 ἤμυνεν·
1148 5189 1342 5242 ἔπειτα
1393 5188 1515 5243 οὐδὲ
1565 5191 1759 5251 τέλειοι
1809 5189 1961 5245 οὑπω

386 5268 557 5343 ἦσαν*
593 5275 652 5326 ὲν
695 5277 807 5339 τοῖς
850 5275 1102 5348 ὑστέροις
1129 5280 1239 5351 γὰρ
1269 5280 1347 5336 ίδε
1381 5298 1472 5351 μοι
1509 5282 1715 5347 τοῦτον,
1755 5285 1870 5347 πῶς
1893 5283 1962 5339 τὰ

386 5365 591 5433 ἔσχατα
635 5362 862 5437 πάσχων
924 5371 1125 5442 χαίρει.
1170 5370 1283 5443 Νῦν
1314 5373 1370 5426 δὲ
1401 5374 1544 5447 ὑπὲρ
1587 5376 1680 5431 τοῦ
1710 5376 1966 5430 διδασκά-

385 5455 478 5510 λου
518 5460 865 5527 ἀγανακτῶν,
915 5463 1009 5517 καὶ
1040 5464 1128 5517 ἐπ’
1155 5465 1324 5538 αὑτὴν
1355 5468 1506 5540 ὁρμᾷ
1543 5469 1642 5542 τὴν
1681 5469 1956 5539 κεφαλήν·

456 5596 501 5628 ’⁸
555 5595 742 5655 Matth.
803 5601 982 5662 x.10.

2065 4645 2327 4709 traheret,
2366 4643 2511 4696 disce
2557 4640 2701 4710 quod
2744 4638 3043 4710 portaverit
3074 4636 3223 4691 illum
3254 4638 3307 4691 in
3335 4651 3487 4691 usum
3519 4634 3640 4703 agni

2069 4736 2351 4810 paschalis
2380 4735 2543 4790 etiam
2572 4743 2692 4803 post
2714 4747 2950 4796 orenam,
2983 4729 3065 4787 vel
3091 4729 3259 4799 quod,
3286 4730 3478 4785 timens
3504 4726 3641 4782 insl-

2065 4832 2203 4894 dias,
2253 4828 2380 4883 olim
2431 4828 2485 4883 in
2539 4827 2641 4881 hoc
2673 4822 3074 4897 praeparaverit.
3111 4820 3264 4890 Quod
3315 4820 3363 4876 si
3403 4819 3637 4882 dubitas,

2067 4920 2359 4993 quomodo,
2383 4934 2506 4974 cum
2531 4916 2836 4989 prohibitus
2860 4914 3023 4970 fuerit
3046 4914 3129 4971 vel
3146 4913 3312 4982 alapis
3336 4919 3634 4983 percutere,

2066 5012 2131 5066 ad
2171 5010 2372 5067 caedem
2403 5023 2460 5063 se
2495 5007 2787 5079 paraverit,
2841 5006 2969 5062 audi
3004 5003 3273 5076 quomodo
3308 5018 3413 5057 non
3438 5011 3638 5058 semet-

2067 5106 2263 5173 ipsum,
2296 5101 2390 5159 sed
2427 5100 2741 5170 magistrum
2786 5098 3020 5154 maxime
3042 5097 3185 5152 ultus
3222 5094 3418 5161 fuerit;
3442 5092 3640 5149 deinde

2064 5196 2207 5267 quod
2250 5184 2488 5251 nondum
2524 5193 2748 5263 perfecti
2791 5200 2920 5247 tunc
2953 5197 3132 5246 erant.
3160 5184 3296 5242 Nam
3335 5186 3457 5241 vide
3495 5200 3637 5255 quo-

2069 5287 2228 5342 modo
2257 5295 2440 5353 postea
2469 5293 2709 5340 extrema
2738 5282 2882 5339 ferre
2910 5281 3127 5354 gaudet,
3155 5293 3297 5334 nunc
3331 5287 3510 5333 autem
3538 5292 3639 5347 pro

2066 5377 2327 5448 magistro
2351 5377 2679 5448 indignatur,
2706 5386 2761 5431 et
2788 5383 2948 5445 caput
2975 5373 3151 5441 ipsum
3178 5371 3406 5437 invadit,
3437 5372 3489 5424 et
3513 5384 3634 5424 cum

2066 5468 2372 5534 aberraret,
2419 5467 2715 5525 auriculam
2751 5466 2919 5524 solam
2982 5463 3271 5522 abscindit.
3307 5461 3467 5520 Iesus
3507 5475 3636 5517 vero

1324 5718 1414 5777 Ex
1437 5715 1777 5779 collatione
1811 5716 1996 5781 codd.
2027 5719 2255 5783 Venet.
2303 5721 2362 5784 S.
2398 5719 2613 5785 Marci.

463 5816 575 5887 (41)
611 5817 745 5874 Cod.
785 5819 873 5887 52,
919 5822 979 5874 Εἰ
1015 5821 1069 5876 δὲ
1113 5820 1293 5890 ζητεῖς
1338 5819 1531 5889 μαθεῖν
1564 5820 1699 5884 πῶς,
1728 5838 1781 5876 κ.
1818 5838 1868 5874 τ.
1906 5820 1954 5875 λ.
