4056 6578
483 344 588 409 ΞΠ

1406 348 1991 435 ΤΗΕΟίἮΥΙΛΟΤῐ
2028 376 2441 440 BULGARt/s
2476 381 2839 445 ARCHIEP.

3637 386 3748 451 243

477 463 735 531 restituit,
767 474 823 522 et
854 481 951 538 per
991 469 1094 527 hoc
1141 471 1455 531 miraculum
1506 478 1700 536 iterum
1738 483 2039 555 insipiente:

2159 487 2240 542 διὸ
2283 488 2544 562 κάκείνης
2601 492 2675 563 μὴ
2708 491 3064 563 ἐφικόμενος,
3096 491 3157 547 τὸ
3187 491 3319 563 γοῦν
3344 492 3504 548 ὠτίον
3532 493 3742 566 τέμνει.

471 553 691 614 .ludmos
736 560 976 618 refrenat
1027 565 1092 620 ah
1142 566 1341 638 impetu
1392 573 1458 628 ad
1510 553 1886 634 homicidium.
1921 580 2052 635 Nam

477 650 605 714 quia
636 668 885 721 uagnum
922 665 1043 712 erat
1075 659 1396 718 miraculum
1432 667 1483 721 in
1515 670 1777 736 auricula,
1807 681 2057 743 propter-

474 757 536 796 ea
571 754 622 799 et
656 760 848 802 nomen
884 751 1027 806 servi
1060 756 1282 823 apponit
1302 760 1653 829 erangvlista,
1690 773 1749 818 ut
1778 766 1821 821 si
1868 766 2055 836 legcn-

478 845 558 891 tes
585 838 919 907 diseredan-t,
961 844 1029 898 ab
1067 844 1157 900 illo
1189 859 1433 917 qumrant
1465 866 1593 906 num
1627 853 1701 908 ita
1735 855 1934 911 factum
1959 858 2049 912 sit.

471 930 641 987 Porro
681 931 939 992 Dominus
978 935 1198 995 Petrum
1231 942 1445 1011 quidem
1501 947 1749 1018 reprimit
1798 958 1851 1004 et
1882 949 2052 1006 inter-

473 1024 733 1092 ntinatur,
785 1028 1012 1086 dicens:
1051 1051 1069 1085 ι
1107 1033 1257 1091 Mitte
1291 1036 1527 1107 gladium
1572 1029 1732 1098 'qum
1790 1045 1842 1099 in
1903 1046 2056 1116 vagi-

470 1131 616 1171 nam.
652 1137 672 1172 »
704 1117 1030 1179 Consolatur
1056 1135 1235 1183 autem
1269 1130 1533 1187 dicendo:
1571 1152 1591 1185 ι
1630 1132 1887 1189 Porulum
1908 1136 2050 1206 quod

468 1207 615 1263 dedit
651 1212 781 1268 mihi
829 1212 1012 1281 Pater,
1058 1231 1239 1275 annon
1281 1219 1460 1277 bibam
1513 1223 1688 1280 illud?
1719 1246 1737 1279 ι
1801 1225 2052 1285 Ostendit

466 1299 610 1354 enim
652 1304 795 1371 quod
844 1308 1087 1375 patiatur
1123 1326 1230 1366 non
1272 1322 1496 1383 propter
1528 1315 1743 1372 illorum
1770 1319 2049 1387 virtutem,

465 1389 559 1443 sed
598 1406 750 1447 suam
783 1397 1219 1468 permissionem,
1250 1412 1305 1458 et
1329 1406 1475 1474 quod
1517 1422 1621 1462 non
1674 1409 1742 1463 sit
1786 1410 2049 1466 adversa-

466 1483 579 1538 rius
626 1483 767 1550 Deo,
801 1487 894 1544 sed
929 1505 1101 1562 usque
1141 1493 1207 1549 ad
1255 1506 1488 1553 mortem
1519 1498 1683 1555 faciat
1716 1501 2047 1559 voluntatem

466 1572 665 1633 Patris.
690 1578 923 1637 Dicendo
943 1594 1123 1640 autem
1161 1605 1178 1639 ι
1209 1589 1484 1658 poculum,
1512 1610 1530 1644 ι
1566 1593 1799 1663 insignat
1817 1604 2046 1652 mortem

466 1668 678 1726 dulcem
738 1683 793 1727 et
841 1674 1254 1736 desiderabilem
1331 1682 1386 1738 in
1453 1686 1683 1742 salutem
1743 1687 2043 1744 hominum.

462 1760 730 1819 Caeterum
760 1775 815 1821 tu
858 1766 945 1824 hic
978 1773 1250 1840 attendas,
1295 1775 1540 1832 desecari
1570 1778 1866 1835 auriculam
1916 1780 2049 1835 dex-

2171 581 2381 651 Ἶησοῦς
2410 582 2466 637 δὲ
2503 585 2901 657 ύποκαθίστησι
2928 584 3004 658 [Ῑ.
3033 586 3197 642 ἀποκ.
3216 585 3258 659 Ῑ,
3297 587 3392 641 καὶ
3420 587 3507 641 διὰ
3550 588 3742 644 τούτου

2157 671 2251 726 τοῦ
2300 672 2576 745 θαύματος
2627 674 2789 729 πάλιν
2834 678 2959 740 τοὺς
2991 676 3253 746 ἀνοήτους
3296 676 3585 739 Ἰουδαίους
3609 676 3744 730 ἀναο
3811 688 3819 692 ’

2158 764 2419 836 χαιτίζων
2459 766 2559 837 τῆς
2602 767 2693 820 ἐπὶ
2746 766 2838 820 τὸν
2871 766 3031 836 φόνον
3063 767 3262 839 ὁρμῆς.
3306 768 3460 821 Ἐπεὶ
3501 768 3559 821 δὲ
3594 768 3743 838 μέγα

2155 852 2225 928 ῆν
2274 855 2334 911 τδ
2368 858 2461 912 ἐπὶ
2498 858 2576 928 τῷ
2609 856 2758 930 ὠτίῳ
2802 857 3009 930 θαῦμα,
3042 858 3137 913 διὰ
3159 857 3318 912 τοῦτο
3350 858 3445 913 καὶ
3470 859 3531 912 τὸ
3572 857 3746 929 ὄνομα

2156 952 2247 1005 τοῦ
2276 951 2464 1006 δούλου
2492 949 2849 1023 προστίθησιν
2878 953 2906 1005 6
2940 951 3338 1020 εῦαγγελιστής
3357 969 3370 983 ·
3405 951 3473 1004 ἵν’
3505 946 3599 1021 ἐξῇ
3630 952 3741 1012 τοῖς

2156 1041 2648 1111 ἀναγινώσκουσιν,
2696 1043 2859 1114 εἴπερ
2922 1045 3222 1110 ἀπιστοῖεν,
3281 1041 3465 1114 ζητεῖν
3506 1043 3599 1096 καὶ
3646 1060 3742 1096 πε-

2159 1138 2547 1210 ριεργάζεσθαι
2571 1178 2588 1202 ,
2637 1138 2692 1192 εί
2720 1156 2783 1209 γε
2829 1138 2972 1192 οὕτω
3002 1139 3244 1210 γέγονεν.
3277 1138 3421 1193 Ἀλλ’
3459 1139 3488 1193 6
3534 1137 3741 1208 Κύριος

2155 1230 2511 1286 καταστέλλει
2549 1232 2647 1303 μὲν
2676 1230 2766 1285 τὸν
2799 1232 3028 1304 Πέτρον,
3065 1233 3161 1286 καλ⁸
3192 1232 3496 1302 ἀπειλήσας
3521 1232 3570 1301 (ι
3598 1230 3737 1284 Βάλε

2152 1328 2284 1400 γὰρ,
2316 1329 2469 1398 φησὶ,
2500 1327 2598 1400 τὴν
2631 1328 2906 1400 μάχαιράν
2937 1345 3031 1382 σου
3062 1328 3143 1391 είς
3169 1326 3269 1397 τὴν
3309 1327 3485 1397 θήκην
3522 1324 3596 1397 ι),
3628 1343 3735 1379 πα-

2158 1421 2484 1493 ραμυθεῖται
2526 1421 2582 1474 δὲ
2618 1422 2712 1476 καὶ
2756 1423 2812 1475 ὲν
2845 1421 2925 1494 τῷ
2969 1421 3144 1474 εἰπεῖν
3169 1435 3183 1449 ⁸
3225 1439 3243 1472 ι
3275 1419 3348 1473 T6
3397 1418 3679 1490 ποτήριον,
3709 1418 3739 1471 6

2152 1513 2352 1569 δέδωκέ
2380 1531 2470 1584 μοι
2491 1515 2519 1568 6
2547 1511 2757 1585 Πατὴρ,
2788 1513 2849 1567 ού
2882 1512 2954 1585 μὴ
2980 1512 3089 1566 πίω
3120 1512 3286 1576 αὐτός
3328 1511 3583 1564 Δείκνυσι
3604 1510 3732 1580 γὰρ,

2150 1606 2233 1661 ὅτι
2254 1607 2315 1659 ού
2342 1606 2440 1675 τῆς
2468 1606 2692 1661 ἐκείνων
2714 1605 3017 1675 δυνάμεως.
3052 1604 3188 1658 ἀλλά
3207 1604 3307 1674 τῆς
3337 1601 3500 1657 αὑτοῦ
3525 1619 3736 1671 συγχω-

2154 1701 2367 1774 ρήσεως
2399 1700 2459 1754 τὸ
2489 1701 2706 1766 παθεῖν,
2752 1703 2847 1755 καὶ
2880 1701 2962 1754 ὅτι
2995 1700 3095 1753 οὐκ
3142 1698 3410 1761 ἀντίθεος,
3461 1695 3581 1749 ἀλλ’
3610 1695 3733 1766 ἄχρι

2153 1792 2383 1848 Θανάτου
2420 1793 2482 1847 τὸ
2513 1793 2724 1865 θέλημα
2752 1792 2847 1848 τοῦ
2878 1792 3095 1864 Πατρδς
3122 1790 3310 1845 ποιῶν.
3337 1790 3445 1843 Καὶ
3478 1788 3537 1843 τὸ
3564 1788 3733 1841 εἰπεῖν

463 1866 600 1912 tram
655 1861 796 1915 servi
850 1865 1119 1934 pontiﬁcis
1165 1866 1380 1936 signum
1417 1869 1608 1928 fuisse
1670 1872 2039 1930 inobedientizr

2153 1885 2229 1948 δὲ,
2274 1903 2293 1937 ι
2333 1861 2668 1957 ποτήριονή
2718 1884 2781 1938 τὸ
2832 1885 2931 1956 ἡδὺ
2977 1861 3072 1939 καὶ
3120 1882 3454 1954 ὲπιποθητον
3504 1880 3599 1934 τοῦ
3644 1880 3732 1933 ἐπὶ

465 1948 705 2008 illorum.
740 1954 969 2013 Caecitas
1001 1960 1147 2015 enim
1184 1962 1235 2016 in
1273 1960 1443 2019 Israel
1494 1963 1638 2021 facta
1691 1976 1799 2028 est,
1849 1976 1908 2021 ut
1951 1983 2048 2023 au-

460 2042 671 2101 dientes
740 2062 847 2104 non
903 2051 1164 2120 audiant,
1234 2065 1458 2125 propter
1524 2057 1855 2128 impietatem
1916 2075 2043 2129 erga

462 2130 822 2207 Salvatorem,
863 2156 984 2213 quae
1015 2147 1249 2201 maxime
1300 2148 1402 2203 fuit
1441 2149 1779 2219 pontiﬁcum.
1831 2150 1956 2208 ldeo
1988 2161 2043 2209 et

461 2226 717 2284 auriculae
738 2232 1002 2290 ahscissio
1025 2236 1077 2291 in
1104 2252 1264 2293 servo
1286 2240 1561 2310 pontilicis
1586 2242 1730 2298 facta
1753 2254 1856 2299 est.
1885 2243 2041 2312 Quod

460 2325 645 2375 autem
699 2324 947 2383 restituta
1006 2317 1091 2385 est
1145 2333 1410 2399 auricula,
1456 2335 1729 2405 signiﬁcat
1780 2336 2041 2395 lsraelitis

458 2412 587 2467 olim
611 2418 1001 2477 restituendam
1028 2426 1394 2495 prudentiam,
1423 2444 1543 2500 quae
1567 2446 1713 2486 nunc
1734 2440 1817 2487 est
1840 2431 2042 2489 ablata.

458 2505 671 2563 Etenim
713 2510 856 2567 Elias
894 2529 1017 2571 cum
1061 2519 1291 2587 venerit,
1325 2522 1605 2578 revocabit
1636 2537 1730 2579 eos
1780 2523 1847 2578 ad
1879 2523 2043 2580 Chri-

456 2606 623 2667 stum,
653 2609 709 2658 et
733 2607 1023 2679 conjunget
1053 2621 1240 2680 patres
1265 2613 1423 2671 nobis
1451 2613 1600 2683 ﬁliis,
1628 2616 1769 2675 sicut
1798 2628 1853 2674 et
1878 2618 2043 2676 Mala-

459 2691 611 2748 rhias
636 2696 773 2752 dixit
793 2701 861 2756 ".

2148 1976 2397 2049 σωτηρία
2442 1976 2551 2030 τῶν
2601 1975 2906 2048 ἀνθρώπων
2929 1975 3165 2031 θανάτου
3205 1973 3522 2029 αἰνίττεται.
3553 1971 3627 2025 Σὺ
3677 1970 3732 2024 δέ

2148 2086 2240 2140 μοι
2266 2069 2392 2142 ὅρα,
2439 2070 2521 2123 ὅτι
2552 2070 2647 2125 καὶ
2671 2069 2732 2123 τὸ
2763 2067 3111 2138 ἀποκοπῆναι
3140 2066 3202 2121 τὸ
3230 2066 3402 2132 δεξιὸν
3431 2064 3592 2118 ὠτίον
3637 2062 3730 2116 τοῦ

2142 2161 2331 2216 δούλου
2364 2161 2459 2216 τοῦ
2491 2162 2794 2235 ἀρχιερέως
2833 2156 3104 2233 σύμϐολον
3130 2154 3196 2232 ῆν
3225 2158 3326 2230 τῆς
3370 2155 3730 2227 ἀνηκουστίας

2142 2255 2346 2311 αὐτῶν.
2413 2254 2680 2326 Πώρωσις
2745 2250 2855 2325 γάρ
2911 2252 2989 2325 τῷ
3059 2251 3273 2325 Ἰσραὴλ
3334 2251 3581 2323 γέγονεν,
3643 2248 3730 2302 ἴνα

2142 2346 2433 2412 ἀκούοντες
2463 2347 2537 2418 μὴ
2568 2345 2868 2410 ἀκούσωσι,
2902 2344 2992 2400 διὰ
3048 2344 3148 2417 τὴν
3180 2342 3324 2398 κατά
3353 2341 3446 2396 τοῦ
3478 2342 3729 2412 Σωτῆρος

2142 2439 2419 2505 ἀσέϐειαν,
2453 2440 2487 2512 ἢ
2516 2439 2625 2494 τῶν
2650 2438 2959 2511 ἀρχιερέων
3006 2437 3245 2507 μάλιστα
3277 2436 3490 2505 γέγονε.
3526 2435 3605 2487 διὸ
3634 2433 3728 2488 καὶ

2142 2551 2208 2588 πε
2220 2534 2267 2605 pl
2289 2533 2508 2603 οἰκέτην
2533 2533 2837 2605 ἀρχιερέως
2858 2534 2919 2587 τὸ
2948 2530 3216 2605 σύμϐολον
3236 2525 3304 2602 ἦν
3330 2530 3429 2601 τῆς
3451 2527 3547 2583 τοῦ
3567 2527 3726 2582 ὠτίου

2142 2626 2511 2699 ἀφαιρέσεως.
2545 2626 2619 2681 Τὸ
2652 2627 2710 2681 δὲ
2752 2626 3204 2696 ἀποκαταστῆναι
3259 2622 3421 2677 πάλιν
3470 2620 3532 2675 τὸ
3571 2620 3726 2674 ὠτίον

2140 2720 2292 2791 δηλοῖ
2327 2721 2427 2793 τὴν
2480 2720 2710 2795 ὕστερον
2753 2720 3202 2777 ἀποκατάστασιν
3241 2717 3341 2789 τῆς
3370 2716 3481 2771 τῶν
3517 2715 3727 2787 Ἰσραη-

458 2785 621 2841 λιτῶν
665 2792 957 2862 συνέσειυς,
1015 2796 1119 2868 τῆς
1166 2797 1264 2853 νῦν
1309 2800 1728 2874 ἀφαιρεθείσης.
1782 2803 1897 2859 Καὶ
1936 2806 2047 2881 γὰρ
2089 2785 2280 2876 Ἠλίας
2326 2785 2519 2877 ἐλθὼν,
2566 2785 3017 2883 ἀποκαταστήσει
3074 2785 3414 2875 αὖτοὺςνείς
3463 2785 3722 2881 Χριστὸν.

458 2881 551 2933 καὶ
587 2883 811 2955 συνάψει
839 2890 1037 2955 αὐτοὺς
1073 2892 1319 2965 πατέρας
1348 2894 1513 2960 ὄντας
1546 2898 1678 2969 ἡμῖν
1708 2901 1822 2965 τοῖς
1851 2902 2011 2969 υίοῖς,
2043 2905 2190 2962 καθά
2215 2907 2279 2978 δὴ
2310 2909 2404 2963 καὶ
2430 2909 2718 2979 Μαλαχίας
2744 2881 3170 2981 προεφήτευσεν.

527 2975 697 3034 Vsus.
753 2980 939 3035 12-14.
1014 3001 1033 3036 ι
1088 2981 1300 3041 Cohors
1361 2986 1524 3057 igitur
1574 2998 1629 3044 et
1687 2991 1935 3051 tribunus
1983 3003 2041 3052 et

454 3071 690 3127 ministri
750 3071 1059 3131 Iudaeorum
1112 3080 1644 3150 comprehenderunt
1696 3082 1922 3154 Jesum,
1982 3094 2038 3143 et

455 3164 763 3235 ligaverunt
820 3183 965 3234 eum,
1007 3178 1062 3224 et
1120 3171 1461 3229 adduxerunt
1523 3189 1646 3232 eum
1703 3177 1771 3234 ad
1823 3180 2034 3235 Annam

458 3260 714 3328 primum.
742 3260 871 3316 Erat
900 3264 1045 3318 enim
1076 3279 1233 3321 socer
1259 3266 1496 3337 Caiphae,
1526 3270 1616 3341 qui
1644 3282 1761 3326 erat
1793 3272 2035 3341 pontifex

454 3350 584 3405 anni
617 3350 781 3410 illius.
816 3352 948 3409 Erat
989 3364 1173 3413 autem
1220 3357 1452 3428 Caiphas
1500 3362 1547 3418 is
1597 3364 1688 3434 qui
1748 3367 2033 3421 consilium

451 3442 676 3499 dederat
730 3443 955 3510 Judaeis,
1007 3447 1151 3517 quod
1209 3450 1487 3520 expediret
1541 3469 1706 3509 unum
1761 3455 2034 3512 hominem

456 3537 591 3593 mori
644 3554 742 3609 pro
773 3541 990 3612 populo.
1027 3560 1047 3595 ι
1082 3541 1376 3615 Postquam
1412 3546 1594 3602 omnia
1640 3547 1770 3605 fecit
1806 3564 1925 3619 qua:
1972 3551 2038 3604 ad

454 3632 854 3701 reprimendum
910 3635 1129 3691 illorum
1187 3636 1426 3695 furorem
1469 3641 1742 3709 pertinere
1777 3642 2040 3698 videban-

452 3734 562 3790 tur,
605 3723 682 3778 illi
707 3732 888 3781 autem
922 3738 1029 3781 non
1068 3728 1472 3800 intellexerunt,
1507 3741 1637 3790 tunc
1666 3734 1882 3790 tandem
1913 3751 2039 3805 per-

450 3818 603 3873 misit
633 3833 693 3873 se
725 3819 946 3875 abduci.
983 3820 1150 3877 Porro
1197 3821 1271 3877 illi
1316 3822 1545 3894 alligant
1570 3833 1624 3880 ct
1662 3826 1942 3885 abducunt
1968 3827 2036 3882 ad

450 3913 688 3976 Annam,
722 3911 1015 3981 gloriantes
1063 3912 1241 3981 facto,
1302 3924 1359 3971 et
1416 3917 1570 3986 quasi
1627 3920 1894 3975 celebrari
1937 3938 2035 3978 cu-

454 4004 668 4072 pientes
705 4006 931 4074 perinde
963 4021 1029 4061 ae
1065 4021 1317 4077 magnum
1374 4019 1631 4079 tropzeum
1680 4015 2033 4071 excitassent.

450 4094 715 4148 Caeterum
748 4094 1044 4164 prophetiae
1088 4096 1306 4168 Caiphae
1360 4101 1695 4170 meminit",
1749 4108 2038 4162 ostendere

451 4184 641 4241 volens
672 4188 814 4258 quod
851 4204 948 4256 pro
997 4188 1171 4245 salute
1224 4192 1409 4247 mundi
1462 4193 1579 4249 hcec
1618 4194 1760 4252 facta
1808 4199 1944 4266 sint,
1979 4209 2034 4255 et

450 4280 595 4349 quod
629 4288 736 4335 tam
771 4281 1043 4338 excellens
1077 4283 1148 4339 sit
1178 4285 1417 4352 veritas,
1451 4297 1509 4341 ut
1554 4296 1609 4344 et
1661 4290 1864 4348 inimici
1915 4309 2038 4349 eam

451 4371 821 4435 prtedixcrint.
855 4371 923 4428 Ut
947 4373 1090 4428 enim
1125 4390 1229 4431 non
1260 4377 1545 4433 turbemur
1564 4380 1729 4452 738
1757 4382 2039 4441 audientes

449 4461 688 4524 vincula,
721 4462 969 4517 meminit
1003 4465 1322 4533 prophetiae,
1355 4467 1498 4537 quod
1540 4469 1801 4523 salutaria
1839 4469 2040 4527 fuerint

450 4563 504 4610 et
549 4570 698 4611 mors
748 4564 804 4612 et
836 4556 1085 4625 vincula,
1118 4575 1225 4630 qua
1254 4561 1321 4617 de
1360 4576 1523 4616 causa
1580 4572 1634 4618 et
1688 4561 1804 4619 haec
1854 4575 2037 4635 pertu-

448 4650 592 4706 lerit.

2221 3020 2240 3052 ι
2295 3001 2359 3056 Ἦ
2398 3001 2492 3057 οῦν
2534 3003 2881 3073 σπεῖρα,,καὶ
2912 3005 2939 3056 6
2968 3002 3268 3073 χιλιάρχος,
3315 3000 3411 3053 καὶ
3444 2998 3495 3053 oi
3524 2996 3727 3070 ὑπηρέ-

2142 3111 2232 3147 ται
2258 3093 2368 3149 τῶν
2407 3093 2677 3150 Ἰουδαίων
2702 3094 2995 3149 συνέλαϐον
3022 3094 3113 3148 τδν
3154 3091 3382 3163 Ἰησοῦν,
3412 3092 3507 3145 καὶ
3537 3091 3728 3165 ἔδησαν

2141 3187 2327 3253 αὐτὸν,
2376 3189 2470 3243 καὶ
2520 3189 2809 3259 ἀπήγαγον
2836 3187 2998 3242 αὐτὸν
3052 3187 3188 3258 πρὸς
3232 3189 3435 3242 ’Ἅνναν
3487 3185 3723 3258 πρῶτον.

2138 3275 2249 3335 Ἦν
2281 3281 2391 3352 γὰρ
2422 3280 2686 3353 πενθερὸς
2715 3281 2811 3335 τοῦ
2842 3280 3087 3350 Καῖάφα,
3120 3280 3179 3345 ὃς
3216 3275 3285 3351 ἦν
3313 3280 3605 3351 ἀρχιερεὺς
3632 3276 3722 3331 τοῦ

2141 3373 2391 3429 ἐνιαυτοῦ
2419 3374 2651 3431 ἐκείνου.
2681 3368 2791 3430 Ἦν
2824 3374 2881 3428 δὲ
2931 3375 3188 3443 Καῖἀφας
3246 3374 3275 3426 6
3317 3370 3725 3442 συμϐουλεύσας

2140 3469 2256 3530 τοῖς
2287 3464 2581 3532 Ἰουδαίοις,
2607 3468 2688 3522 ὅτι
2709 3467 2977 3540 συμφέρει
3001 3466 3097 3520 ἕνα
3120 3466 3406 3537 ἄνθρωπον
3428 3462 3724 3518 ἀπολέσθαι

2142 3560 2283 3632 ὑπὲρ
2322 3559 2417 3614 τοῦ
2450 3559 2605 3617 λαοῦ.
2654 3581 2673 3613 ι
2711 3562 2841 3615 Ὅτε
2890 3563 3071 3614 πάντα
3115 3559 3388 3629 ἐποίησεν,
3434 3558 3535 3612 ὅσα
3568 3556 3725 3612 ἱκανὰ

2138 3647 2208 3723 ῆν
2256 3653 2569 3707 ἀναστεῖλαι
2620 3654 2842 3721 αὐτοὺς,
2884 3654 2934 3708 oi
2981 3653 3037 3707 δὲ
3076 3653 3135 3707 οὐ
3191 3652 3463 3715 συνίεσαν,
3493 3649 3616 3704 τότε
3663 3650 3723 3721 δὴ

2143 3745 2526 3817 συνεχώρησεν
2555 3748 2865 3816 ἀπαγαγεῖν
2891 3746 3074 3801 αὐτόν.
3107 3747 3170 3802 Οἱ
3211 3745 3267 3798 δὲ
3301 3746 3394 3799 καὶ
3442 3741 3722 3813 δεσμοῦσι.

2141 3838 2235 3891 καὶ
2283 3838 2558 3906 ἀπάγουσι
2607 3838 2743 3910 πρὸς
2788 3839 3010 3905 Ἄνναν,
3047 3837 3237 3907 ὥσπερ
3278 3833 3724 3906 ἐμπομπεύοντες

2139 3930 2218 4001 τῷ
2239 3932 2518 4003 γενομένῳ
2537 3932 2631 3986 καὶ
2654 3930 2909 4003 ἐγκαυχώ
2917 3947 3087 4001 μενοι,
3117 3929 3192 3993 ὠς
3212 3927 3276 4001 δὴ
3307 3927 3447 3997 μέγα
3469 3926 3725 3997 τρόπαιον

2142 4021 2463 4093 στήσαντες.
2489 4023 2600 4094 Τῆς
2623 4022 2679 4076 δὲ
2700 4020 2792 4076 τοῦ
2816 4022 3045 4089 Καῖάφα
3068 4016 3406 4090 προφητείας
3431 4016 3720 4087 μέμνηται,

2139 4113 2311 4181 δεῖξαι
2350 4114 2542 4181 θέλων,
2590 4116 2671 4169 ὅτι
2718 4113 2861 4185 ὑπὲρ
2889 4114 2988 4184 τῆς
3044 4111 3141 4165 τοῦ
3191 4111 3399 4182 κόσμου
3451 4109 3721 4179 σωτηρίας

2140 4206 2316 4261 ταῦτα
2354 4207 2599 4277 ἐγίνετο,
2661 4207 2755 4261 καὶ
2805 4207 2886 4261 ὅτι
2940 4204 3181 4275 τοσαύτη
3236 4202 3337 4271 τῆς
3395 4199 3723 4272 ἀληθείαςὴ

2141 4298 2441 4371 ὑπερϐολὴ,
2481 4297 2557 4362 ὡς
2607 4300 2701 4352 καὶ
2747 4298 2875 4359 τοὺς
2925 4296 3154 4369 ἐχθροὺς
3189 4295 3362 4348 ταῦτα
3397 4307 3721 4362 προαναφω-

2140 4392 2271 4446 νεῖν.
2332 4392 2453 4445 Ἵνα
2502 4390 2612 4464 γὰρ
2653 4391 2750 4463 μὴ,
2780 4390 3014 4462 δεσμοὺς
3064 4388 3326 4453 ἀκούσας,
3392 4384 3720 4456 θορυϐηθῇς,

2139 4482 2551 4555 ἀναμιμνήσκει
2599 4501 2659 4537 σε
2690 4483 2789 4554 τῆς
2818 4479 3184 4553 προφητείας,
3226 4479 3308 4534 ὅτι
3355 4477 3723 4551 σωτηριώδεις

2137 4570 2279 4649 ἦσαν
2307 4577 2403 4630 καὶ
2428 4577 2456 4631 6
2476 4576 2674 4647 δεσμὸς
2699 4577 2793 4630 καὶ
2820 4576 2849 4629 6
2872 4574 3124 4640 θάνατος,
3153 4571 3247 4628 καὶ
3273 4571 3361 4625 διὰ
3388 4568 3597 4642 ταύτην
3625 4568 3723 4639 τὴν

2139 4669 2320 4722 αίτίαν
2350 4667 2554 4723 τούτων
2587 4668 2856 4740 ἠνείχετο.

520 4744 689 4802 Vens.
729 4745 817 4813 15,
853 4746 939 4802 16.
977 4765 995 4799 ι
1031 4745 1375 4817 Sequebatur
1413 4756 1593 4804 autem
1629 4746 1813 4806 Iesum
1846 4750 2031 4806 Simon

2215 4779 2237 4816 ι
2288 4761 2605 4817 Ἠκολούθει
2645 4761 2702 4816 δὲ
2742 4760 2821 4832 τῷ
2850 4762 3027 4831 Ἰησοῦ
3082 4759 3266 4829 Σίμων
3295 4755 3522 4827 Πέτρος,
3574 4754 3670 4809 καὶ
3697 4756 3724 4808 6

448 4838 666 4906 Petrus,
720 4850 776 4895 et
826 4840 971 4896 alius
996 4842 1311 4911 discipulus.
1375 4842 1681 4913 Discipnlus
1727 4854 1905 4902 autem
1943 4846 2031 4902 ille

450 4944 566 4989 erat
595 4942 757 4989 notus
790 4934 1059 5003 pontiﬁci,
1093 4944 1147 4991 et
1174 4936 1414 4992 introivit
1448 4952 1569 4993 cum
1591 4937 1717 4994 Jesu
1743 4938 1797 4993 in
1829 4940 2028 4995 atrium

443 5027 737 5098 ponlilicis,
768 5026 961 5083 Petrus
989 5038 1169 5083 autem
1194 5030 1375 5086 stabat
1398 5030 1463 5086 ad
1485 5032 1686 5087 ostium
1715 5031 1871 5089 foris.
1904 5033 2031 5089 Exi-

444 5123 519 5174 vit
551 5133 731 5177 autem
762 5120 1058 5192 discipulus
1097 5121 1188 5179 ille
1210 5122 1350 5179 alter
1379 5123 1470 5194 qui
1497 5134 1617 5180 erat
1656 5136 1814 5182 notus
1842 5129 2027 5198 ponti-

441 5213 555 5279 ﬁci,
592 5222 646 5269 et
676 5213 815 5269 dixit
845 5215 1104 5281 ostiaria},
1140 5224 1197 5270 et
1224 5216 1530 5273 introduxit
1566 5218 1807 5276 Petrum.
1842 5241 1861 5274 ι
1896 5220 2029 5289 Quis

443 5316 563 5362 erat
598 5325 618 5360 ι
650 5309 788 5365 alius
814 5308 1115 5380 discipulus
1136 5311 1163 5365 ?
1192 5331 1209 5365 ι
1250 5310 1343 5366 Ille
1369 5312 1484 5383 ipse
1510 5314 1600 5384 qui
1634 5315 1750 5371 haec
1783 5315 2025 5384 scripsit.

443 5400 696 5457 Occultat
720 5410 900 5458 autem
930 5419 991 5460 se
1018 5416 1237 5476 propter
1264 5407 1646 5475 humilitatem,
1679 5410 1802 5478 quia
1857 5411 2029 5466 hone-

440 5501 584 5547 stum
616 5507 752 5562 opus
786 5505 1111 5551 narraturus
1137 5507 1279 5563 erat,
1305 5507 1551 5555 secutum
1585 5515 1644 5557 se
1665 5516 1785 5557 esse
1818 5502 2030 5573 fugien-

441 5584 588 5640 tibus
619 5586 776 5654 aliis;
809 5598 1035 5659 prapter
1066 5589 1171 5646 hoc
1205 5590 1444 5647 occultat
1489 5594 1749 5664 seipsum,
1799 5606 1853 5653 et
1888 5611 2029 5667 prae-

440 5680 595 5751 ponit
652 5680 754 5737 sihi
811 5681 1031 5740 Petrum
1066 5703 1082 5742 :
1119 5703 1138 5738 ‹
1181 5686 1524 5758 Sequebatur
1564 5690 1709 5746 enim
1737 5731 1753 5759 ,
1811 5691 2025 5764 inquit,

515 5862 562 5894 "
595 5862 822 5922 Malach.
869 5879 940 5928 tv.
972 5866 1025 5929 5,
1054 5866 1108 5922 6.
1184 5865 1409 5923 9"Joan.
1466 5883 1545 5927 χι.
1610 5867 1696 5922 49.

2140 4854 2300 4921 ἄλλος
2350 4857 2621 4928 μαθητής.
2661 4854 2720 4910 Ὀ
2762 4855 2819 4909 δὲ
2855 4853 3101 4925 μαθητὴς
3129 4853 3336 4913 ἐκεῖνος
3373 4846 3441 4921 ἦν
3485 4847 3724 4917 γνωστὸς

2138 4947 2217 5019 τῷ
2240 4951 2507 5021 ἀρχιερεῖ,
2532 4951 2625 5002 καὶ
2657 4946 2975 5017 συνεισῆλθε
3000 4945 3076 5017 τῷ
3108 4944 3297 5015 ,Ἰησοῦ
3325 4944 3405 5007 είς
3431 4942 3530 5013 τὴν
3555 4942 3724 5014 αὐλὴν

2136 5043 2233 5097 τοῦ
2264 5043 2588 5114 ἀρχιερέως.
2639 5043 2697 5097 Ὀ
2728 5041 2785 5096 δὲ
2815 5042 3019 5114 Πέτρος
3059 5041 3301 5110 εἱστήκει
3331 5037 3470 5108 πρὸς
3497 5039 3562 5108 τῇ
3587 5036 3723 5107 θύρᾳ
3804 5054 3807 5057 ‘

2136 5137 2262 5204 ἔξω.
2302 5136 2556 5208 Ἐξῆλθεν
2589 5135 2681 5191 οῦν
2711 5137 2738 5189 6
2765 5136 3013 5206 μαθητὴς
3036 5135 3064 5188 6
3091 5132 3273 5197 ἄλλος,
3302 5131 3361 5196 ὃς
3385 5127 3452 5201 ῆν
3483 5128 3721 5198 γνωστὸς

2132 5227 2208 5298 τῷ
2238 5230 2511 5299 ἀρχιερεῖ,
2542 5227 2636 5281 καὶ
2671 5222 2793 5282 εἶπε
2822 5230 2888 5299 τῇ
2913 5224 3169 5298 θυρωρῷ,
3205 5224 3299 5277 καὶ
3335 5222 3603 5292 είσήγαγε
3631 5219 3722 5273 τὸν

2130 5319 2361 5391 Πέτρον.
2397 5339 2417 5372 ι
2451 5320 2548 5385 Τις
2584 5316 2653 5394 ἦν
2689 5338 2707 5372 ι
2742 5323 2770 5375 6
2796 5320 2956 5384 ἄλλος
2989 5318 3277 5390 μαθητήςς
3318 5334 3337 5368 ι
3372 5315 3544 5379 Αὐτὸς
3569 5307 3723 5374 οὗτος

2128 5415 2155 5466 6
2183 5412 2359 5466 ταῦτα
2382 5413 2620 5484 γράψας,
2663 5412 3011 5485 ἀποκρύπτει
3042 5410 3099 5464 δὲ
3128 5409 3321 5463 ἑαυτὸν
3350 5408 3437 5462 διὰ
3470 5420 3724 5462 ταπεινο-

2132 5503 2431 5577 φροσύνην.
2451 5504 2672 5575 Ἐπειδὴ
2697 5506 2806 5576 γὰρ
2829 5502 3162 5575 κατόρθωμα
3184 5497 3493 5570 διηγεῖσθαι
3513 5494 3718 5567 μέλλει,

2135 5598 2354 5653 ὅτιτῶν
2378 5598 2554 5654 ἀλλων
2594 5598 3083 5671 ἀποπηδησάντων,
3128 5593 3289 5656 αὐτὸς
3339 5586 3717 5662 ἐπηκολούθει,

2134 5691 2225 5748 διὰ
2245 5691 2405 5748 τοῦτο
2445 5690 2679 5766 κρύπτει
2706 5690 2920 5761 ἑαυτὸν,
2948 5687 3046 5745 καὶ
3085 5685 3378 5759 προτάττει
3405 5679 3601 5738 ἑαυτοῦ
3629 5679 3719 5733 τὸν
