4056 6580
272 368 388 433 249

923 365 1364 429 ENARRATIO
1403 370 1485 432 IN
1525 372 2025 439 EVANGELIUM
2065 379 2408 442 JOANNIS.
2440 408 2506 421 --
2539 383 2697 445 CAP.
2729 381 2951 446 XVIII.

3430 378 3639 453 250Δ

274 476 508 547 Πέτρον.
547 493 569 530 ι
606 474 920 531 Ἠκολούθει
964 476 1094 550 γὰρ,
1143 481 1297 551 φησὶ,
1345 481 1423 553 τῷ
1454 484 1632 555 Ἰησοῦ
1680 486 1866 557 Σίμων

1981 486 2146 546 Iesum
2181 491 2368 553 Simon
2404 493 2634 561 Petrus;
2677 514 2696 548 ι
2730 496 2925 550 deinde
2976 491 3157 548 subdit
3192 509 3207 549 :
3254 511 3274 544 ι
3321 500 3377 547 et
3406 492 3544 549 alius

274 573 524 641 Πέτρος’
562 590 582 624 ι
617 565 740 625 εἶτα
762 572 959 641 ἐπάγει
987 572 1068 640 τὸ,
1100 592 1119 625 ι
1156 577 1251 628 καὶ
1280 576 1308 628 6
1352 575 1510 641 ἄλλος
1539 577 1811 649 μαθητής.
1840 598 1858 631 ι

273 666 380 720 Διά
403 664 909 736 ταπεινοφροσύνην
930 662 1022 720 οὖν
1051 667 1244 721 ἐαυτὸν
1274 667 1531 739 κρύπτει.
1566 672 1675 726 Καὶ
1707 671 1867 725 τοῦτο

273 759 332 813 δὲ
360 759 519 824 αὐτὸ,
549 758 579 811 ὃ
629 758 906 829 μέμνηται
956 758 1173 823 ἐαυτοῦ,
1212 759 1301 815 διὰ
1347 761 1509 815 τοῦτο
1550 763 1863 834 μέμνηται,

274 852 366 905 ἴνα
401 851 689 921 μάθωμεν,
719 852 802 905 ὅτι
836 852 1227 925 ἀκριθέστερον
1258 854 1369 907 τῶν
1400 854 1575 909 ἄλλων
1595 856 1865 927 διηγεῖται

272 944 343 999 τὰ
377 944 527 998 κατὰ
559 944 660 1014 τὴν
689 943 881 1015 αὐλὴν,
907 944 1001 998 ἆτε
1029 944 1178 1000 ἔνδον
1205 945 1298 1002 ὧν.
1338 947 1481 1019 ’Ὅρα
1511 947 1568 1001 δὲ
1624 950 1719 1002 καὶ
1747 947 1866 1013 πῶς

273 1038 650 1107 ὑποτέμνεται
681 1036 744 1090 τὸ
788 1037 921 1091 ῐδιον
951 1037 1246 1106 ἐγκώμιον.
1287 1036 1402 1092 Ἵνα
1434 1040 1545 1111 γάρ
1600 1038 1674 1111 μὴ
1705 1039 1868 1094 ἀκού-

274 1147 400 1194 σας,
432 1131 520 1184 ὅτι
554 1149 573 1183 ι
613 1129 828 1200 εἰσῆλθε
863 1130 960 1183 σὺν
989 1130 1068 1201 τῷ
1090 1129 1265 1199 Ἰησοῦ
1301 1150 1320 1183 ι
1357 1133 1386 1185 6
1416 1133 1692 1202 Ἰωάννης,
1723 1132 1866 1203 μέγα

272 1241 327 1276 τι
370 1224 507 1293 περὶ
557 1221 722 1278 αὐτοῦ
775 1222 1012 1294 ήγηθῇς,
1050 1222 1218 1287 λέγει,
1252 1225 1334 1278 ὅτι
1369 1224 1647 1296 γνώριμος
1678 1220 1746 1295 ἦν
1772 1224 1866 1279 τοῦ

274 1316 608 1386 ἀρχιερέως.
640 1316 714 1369 Οὐ
746 1315 855 1387 γὰρ
880 1314 956 1377 ώς
990 1314 1367 1385 ἀνδρειότερος
1393 1316 1504 1369 τῶν
1535 1316 1712 1371 ἄλλων
1743 1334 1869 1371 συν-

275 1408 560 1479 εισῆλθον,
594 1407 779 1478 φησὶν,
832 1408 947 1462 ἀλλ’
980 1408 1055 1471 ὡς
1088 1408 1365 1480 γνώριμος
1398 1409 1492 1464 τοῦ
1544 1409 1866 1481 ἀρχιερέως.

276 1501 387 1556 Τὸν
417 1502 605 1571 μέντοι
634 1501 840 1571 Πέτρον
885 1499 1276 1573 ἀνακηρύττει,
1314 1501 1390 1566 ὡς
1420 1500 1869 1573 ἀκολουθήσαντα

278 1594 382 1665 μὲν
411 1593 504 1648 διὰ
547 1593 639 1647 τὸν
672 1592 858 1657 πόθον,
891 1593 978 1647 διὰ
1006 1594 1063 1648 δὲ
1095 1593 1156 1647 τὸ
1188 1594 1264 1664 μὴ
1287 1589 1427 1648 εἶναι
1466 1593 1743 1665 γνώριμον
1774 1594 1871 1668 δηο

273 1686 442 1758 λαδὴ,
474 1684 578 1752 ἔξω
613 1686 923 1755 ἱστάμενον.
960 1686 1084 1739 Ὅτι
1117 1686 1229 1756 γὰρ
1260 1685 1356 1740 καὶ
1388 1688 1416 1740 6
1451 1686 1657 1757 Πέτρος
1684 1686 1869 1756 εἰσῆλ-

1964 583 2282 654 discipulus.
2317 602 2336 637 ›
2367 584 2598 655 Propter
2626 585 2987 641 humilitatem
3015 583 3179 653 igitur
3204 596 3263 638 se
3283 581 3540 647 occultat,

1965 684 2020 732 et
2073 686 2291 746 propter
2321 676 2466 731 istud
2520 678 2696 746 ipsum
2717 679 2800 732 sui
2858 676 3124 741 meminit,
3183 682 3240 728 ttt
3269 675 3544 729 discamus

1964 767 2109 838 quod
2146 769 2350 823 certius
2387 778 2570 824 narret
2603 783 2668 824 ea
2696 783 2817 838 qum
2870 769 2921 823 in
2965 769 3104 824 atrio
3130 769 3238 822 sint
3278 766 3444 831 facta,
3479 780 3545 821 eo

1965 862 2108 932 quod
2142 861 2289 918 intus
2318 862 2506 919 fuerit.
2530 860 2665 917 Vide
2686 871 2866 918 autem
2892 863 3163 931 quomodo
3187 870 3240 916 et
3271 860 3544 932 propriam

1966 953 2175 1009 laudem
2211 955 2530 1010 rcsecuerit.
2564 952 2699 1009 Nam
2753 962 2811 1008 ut
2864 968 2932 1009 ne
2965 968 3088 1008 cum
3133 954 3370 1008 audieris
3400 951 3545 1021 quod

1973 1065 1993 1100 ι
2023 1046 2297 1116 ingressus
2324 1046 2396 1103 sit
2425 1062 2548 1103 cum
2574 1046 2706 1103 Jesu
2740 1065 2759 1099 ι
2788 1046 3049 1111 Joannes,
3103 1061 3353 1116 magnum
3387 1044 3548 1115 quid-

1966 1140 2089 1194 dam
2126 1138 2193 1193 de
2220 1154 2285 1195 eo
2317 1139 2595 1195 existimes
2625 1139 2726 1211 (α),
2760 1139 2930 1198 dicit».
2964 1157 2984 1191 ι
3020 1137 3187 1192 Notus
3216 1148 3393 1191 autem
3429 1147 3549 1191 erat

1968 1230 2233 1300 pontifici.
2275 1251 2295 1285 ι
2329 1230 2447 1286 Non
2478 1232 2623 1288 enim
2679 1242 2935 1302 tanquam
2982 1228 3103 1285 aliis
3148 1228 3338 1283 fortior
3384 1228 3549 1283 simul

1968 1325 2248 1395 ingressus
2275 1339 2418 1392 sum,
2449 1324 2646 1394 inquit,
2679 1325 2775 1379 sed
2809 1333 3063 1392 tanquam
3092 1329 3249 1376 notus
3283 1319 3547 1388 pontiﬁci.

1968 1416 2190 1473 Petrum
2220 1433 2354 1473 vero
2403 1419 2684 1487 praedicat,
2737 1432 2801 1471 co
2839 1416 2982 1484 quod
3042 1423 3261 1484 propter
3309 1425 3547 1467 amorem

1971 1518 2186 1567 secutus
2218 1508 2402 1574 fuerit,
2455 1519 2509 1566 et
2535 1511 2660 1579 quia
2697 1524 2800 1564 non
2836 1519 2954 1562 erat
2988 1517 3170 1565 notus.
3209 1504 3355 1558 foras
3382 1511 3550 1558 stete-

1971 1603 2064 1657 rit.
2091 1601 2224 1656 Nam
2276 1602 2422 1671 quod
2478 1611 2534 1658 et
2587 1600 2777 1656 Petrus
2811 1601 3088 1670 ingressus
3130 1596 3321 1652 fuisset
3351 1595 3393 1650 si
3428 1610 3553 1663 per-

1970 1695 2196 1749 missum
2224 1693 2442 1761 fuisset,
2478 1692 2849 1749 manifestum.
2885 1691 3175 1760 Postquam
3209 1689 3354 1744 enim
3384 1684 3553 1742 Joan-

275 1780 373 1835 θεν
408 1780 501 1843 ἂν,
532 1779 691 1849 εἴπερ
710 1780 1022 1851 ἐπετράπη,
1049 1778 1226 1849 δῆλον.
1260 1778 1480 1848 Ἐπειδὴ
1506 1780 1616 1849 γὰρ
1647 1778 1871 1849 ἐξῆλθεν

1981 1801 2070 1843 nes
2093 1787 2283 1848 exivit,
2317 1796 2371 1841 et
2393 1788 2633 1843 ostiaria}
2668 1784 2831 1851 jussit
2876 1793 2935 1839 ut
2974 1783 3122 1838 illum
3152 1782 3544 1844 introduceret,

275 1876 307 1928 6
350 1873 635 1942 Ἰωάννης,
665 1873 762 1927 καὶ
789 1871 886 1942 τὴν
918 1871 1162 1943 θυρωρὸν
1195 1872 1483 1926 ἐκέλευσεν
1517 1870 1681 1926 αὑτὸν
1721 1872 1870 1925 εἱσα-

276 1966 501 2034 γαγεῖν,
532 1965 732 2029 εὐθέως
766 1964 1012 2036 εἰσῆλθεν
1034 1965 1062 2018 6
1096 1963 1323 2034 Πέτρος.
1349 1962 1503 2019 Διατί
1528 1963 1584 2016 δὲ
1613 1964 1643 2015 6
1684 1962 1871 2017 Ἰωάν-

279 2072 382 2126 νης
444 2055 547 2110 οὐκ
591 2056 889 2126 εισήγαγεν
937 2054 1123 2119 αὐτὸν,
1161 2053 1297 2109 ἀλλά
1341 2056 1409 2125 τῇ
1459 2054 1680 2123 γυναικὶ
1715 2053 1874 2107 τοῦτο

282 2147 607 2218 ἐπιτρέπεις
644 2149 743 2203 Διά
776 2148 838 2203 τδ
870 2147 1079 2218 σφόδρα
1103 2145 1325 2217 ἔχεσθαι
1359 2146 1453 2200 τοῦ
1484 2144 1746 2218 Χριστοῦ,
1779 2144 1874 2200 καὶ

282 2239 681 2295 ἐπακολουθεῖν
724 2238 896 2310 αὐτῷ,
940 2238 1036 2293 καὶ
1090 2238 1166 2311 μὴ
1214 2236 1392 2293 θέλειν
1422 2238 1516 2294 ἀπ’
1567 2237 1731 2293 αὐτοῦ
1770 2254 1851 2309 χω

286 2333 565 2403 ριοθῆναι.

370 2442 389 2476 ι
444 2422 609 2492 Λέγει
660 2422 755 2477 οὖν
811 2424 845 2495 η
896 2423 1154 2495 παιδίσκη
1192 2424 1225 2495 ἠ
1262 2422 1509 2497 θυρωρὸς
1536 2423 1613 2494 τῷ
1646 2422 1872 2495 Πέτρῳ·

1896 1839 1945 1899 Β

1972 1877 2152 1934 Statim
2185 1878 2461 1948 ingressus
2504 1887 2589 1933 est
2644 1875 2861 1934 Petrus.
2890 1875 3070 1942 Quare
3103 1883 3283 1928 autem
3310 1872 3549 1928 Joannes

1975 1985 2080 2025 non
2140 1970 2443 2026 introduxit
2487 1985 2609 2025 eum
2637 2008 2654 2033 ,
2702 1972 2796 2026 sed
2851 1968 3063 2024 mulieri
3099 1967 3199 2023 hoc
3232 1965 3553 2022 commisit?

1974 2062 2109 2130 Quia
2143 2062 2297 2117 valde
2322 2063 2635 2118 adhaerebat
2662 2061 2901 2129 Christo,
2938 2076 3171 2131 eumque
3199 2060 3553 2130 sequebatur,

1975 2154 2155 2211 renuit
2185 2155 2253 2210 ab
2284 2169 2350 2210 eo
2373 2155 2641 2226 separari.

2050 2430 2213 2485 Vens.
2249 2427 2339 2492 17,
2373 2425 2461 2481 18.
2503 2444 2521 2478 ι
2556 2423 2702 2482 Dixit
2733 2438 2861 2493 ergo
2885 2421 3045 2476 Petro
3072 2419 3266 2475 ancilla
3294 2417 3554 2483 OStiaria;
3582 2390 3589 2394 κ

285 2515 384 2588 Μὴ
407 2516 502 2569 καὶ
529 2515 594 2569 σὺ
625 2516 689 2569 ἐκ
716 2514 826 2568 τῶν
845 2514 1104 2587 μαθητῶν
1131 2512 1184 2570 εἴ
1207 2516 1302 2571 τοῦ
1335 2515 1625 2589 ἀνθρώπου
1647 2516 1874 2583 τούτους

1981 2523 2117 2580 Num
2148 2529 2205 2578 et
2252 2529 2306 2576 tu
2355 2533 2420 2575 ex
2457 2515 2823 2586 discipulises
2876 2512 3115 2570 hominis
3166 2510 3367 2566 istius?
3419 2508 3559 2563 Dicit

285 2608 458 2675 Λέγει
491 2607 731 2670 ἐκεῖνος’
781 2607 896 2661 Οὐκ
929 2606 1067 2676 εἰμί.
1100 2608 1461 2678 Εἱστήκεισαν
1518 2606 1577 2661 δὲ
1623 2606 1673 2660 οἱ
1703 2604 1874 2660 δοῦλοι

1981 2616 2105 2672 ille:
2167 2614 2283 2670 Non
2338 2626 2479 2667 sum.
2511 2608 2741 2664 Stabant
2786 2614 2968 2662 autem
3003 2603 3148 2660 servi
3187 2612 3238 2657 et
3297 2599 3558 2665 ministri,

288 2700 392 2753 καὶ
417 2701 467 2754 οἱ
507 2699 802 2771 ὑπηρέται,
849 2699 1155 2772 ἀνθρακιὰν
1184 2700 1568 2771 πεποιηκότες,
1598 2698 1679 2753 ὅτι
1707 2698 1874 2770 ψύχος

1981 2707 2075 2777 qui
2102 2719 2307 2775 prunas
2333 2708 2749 2771 congesserant,
2781 2698 2910 2768 quia
2956 2696 3128 2767 frigus
3151 2701 3291 2758 erat,
3338 2701 3392 2747 et
3419 2690 3562 2744 cale-

289 2787 384 2863 ἦν,
430 2793 527 2847 καὶ
555 2792 958 2865 ἐθερμαίνοντο.
998 2787 1108 2846 Ἦν
1143 2792 1200 2846 δὲ
1255 2792 1371 2863 μετ’
1398 2791 1579 2846 αὐτῶν
1611 2793 1640 2846 ὁ
1671 2791 1874 2862 Πέτρος

1985 2798 2260 2856 faciebant
2297 2811 2377 2853 se.
2420 2795 2549 2849 Erat
2576 2801 2754 2847 autem
2785 2805 2909 2847 cum
2938 2787 3020 2844 eis
3058 2797 3114 2842 et
3140 2784 3336 2840 Petrus
3383 2791 3561 2845 stans,

293 2881 492 2947 ἐστὼς,
548 2884 645 2937 καὶ
709 2882 1163 2955 θερμαινόμενος.
1202 2902 1221 2935 ι
1279 2883 1494 2956 Ἐρωτᾷ
1544 2886 1579 2955 ἡ
1618 2884 1874 2954 παιδίσκη

1983 2903 2040 2950 et
2073 2890 2402 2948 calefaciens
2423 2902 2505 2944 se.
2544 2904 2563 2939 ι
2595 2884 2897 2953 lnterrogat
2938 2878 3135 2935 ancilla
3173 2875 3421 2938 Petrum,
3456 2888 3564 2928 non

291 2976 388 3030 τδν
420 2976 647 3048 Πέτρον,
679 2976 741 3029 οὐ
797 2975 1067 3047 θρασέως,
1097 2975 1206 3029 οὐδ’
1253 2977 1568 3048 ἀποτόμως,
1601 2977 1739 3032 ἀλλά
1786 2977 1874 3031 καὶ

1983 2982 2396 3043 contumeliose,
2432 2994 2537 3036 non
2571 2974 2878 3047 praefracte,
2914 2972 3009 3028 sed
3059 2969 3212 3025 valde
3261 2973 3562 3022 mansuete.

293 3071 416 3124 λίαν
460 3070 706 3142 πραέως.
737 3069 812 3123 Οὐ
845 3069 954 3139 γὰρ
1003 3064 1126 3122 εἷπε
1153 3084 1169 3100 ⁸
1199 3069 1292 3141 Μὴ
1323 3070 1418 3124 καὶ
1453 3071 1517 3123 σὺ
1546 3072 1611 3125 ἐκ
1635 3069 1742 3124 τῶν
1775 3086 1874 3142 μα-

1984 3080 2103 3136 Non
2137 3078 2280 3135 enim
2310 3076 2484 3131 dixit:
2526 3070 2664 3126 Num
2694 3078 2749 3125 et
2782 3074 2837 3121 tu
2869 3081 2936 3122 ex
2970 3061 3251 3135 discipulis
3280 3074 3339 3116 es
3389 3058 3565 3127 impo-

297 3163 480 3234 θητῶν
515 3164 564 3215 εἰ
610 3161 704 3215 τοῦ
757 3162 999 3230 πλάνους
1045 3162 1204 3229 ἀλλὰ,
1241 3180 1261 3214 t
1298 3161 1393 3217 τοῦ
1439 3161 1729 3235 ἀνθρώπου
1758 3162 1874 3216 τού-

1986 3171 2195 3230 storis?
2245 3170 2363 3234 sed,
2426 3184 2445 3218 ‹
2491 3162 2726 3220 hominis
2774 3160 2985 3217 istius:
3027 3176 3044 3210 ι
3098 3156 3152 3212 id
3206 3151 3347 3226 quod
3397 3148 3567 3242 magis

296 3274 426 3311 του*
466 3276 486 3308 ι
547 3255 684 3328 ὅπερ
730 3254 986 3325 ἐλεούσης
1046 3255 1249 3326 μᾶλλον
1294 3249 1364 3327 ἦν
1424 3256 1519 3309 καὶ
1570 3254 1879 3326 φιλανθρω-

299 3348 634 3420 πευομένης.
691 3342 826 3401 Εἷπε
882 3346 940 3401 δὲ
994 3345 1076 3414 τὸ,
1139 3364 1159 3398 ι
1220 3346 1295 3419 μὴ
1343 3348 1438 3402 καὶ
1499 3347 1585 3414 σὺ,
1625 3366 1645 3400 ι
1690 3346 1879 3417 ἐπειδὴ

314 3442 567 3510 Ἰωάννης
595 3439 741 3495 ἔνδον
775 3434 862 3511 ἦν.
893 3439 1037 3493 Ἀλλ’
1067 3440 1101 3512 ὴ
1138 3439 1235 3512 μὲν
1257 3438 1396 3511 γυνὴ
1422 3438 1564 3495 οὕτω
1594 3438 1881 3512 προσηνῶς

301 3532 609 3602 διελέγετο’
657 3534 863 3595 ἐκεῖνος
911 3531 967 3585 δέ
1013 3532 1227 3598 οὐδενὸς
1260 3532 1467 3586 τούτων
1509 3532 1728 3604 ᾔσθετο,
1761 3532 1883 3587 οὐδὲ

304 3626 385 3689 εἰς
407 3625 531 3679 νοῦν
556 3622 713 3677 έὸαλε
742 3623 841 3694 τὴν
884 3624 979 3677 τοῦ
1013 3623 1252 3696 Χριστοῦ
1286 3624 1591 3696 πρόρρησιν
1610 3642 1621 3655 ·
1649 3622 1823 3687 οὕτως
1849 3624 1880 3695 ἡ

307 3718 621 3793 ἀνθρωπίνη
670 3717 830 3788 φύσις
867 3717 1096 3783 ἀσθενὲς
1146 3719 1357 3791 χρῆμα,
1411 3719 1541 3773 ὅταν
1580 3718 1686 3773 ὑπὸ
1746 3716 1884 3771 Θεοῦ

310 3814 732 3885 ἐγκαταλειφθῇ.
789 3812 944 3877 Τινὲς
989 3812 1048 3866 δὲ
1092 3812 1330 3883 ματαίαν
1375 3813 1534 3885 χάριν
1563 3811 1642 3882 τῷ
1694 3810 1889 3882 Πέτρῳ

311 3907 683 3979 χαριζόμενοι,
731 3904 919 3975 φασὶν,
954 3907 1036 3960 ὅτι
1068 3906 1168 3976 οὐχ
1204 3906 1279 3969 ὡς
1323 3904 1585 3976 φοϐηθεὶς
1616 3904 1645 3957 6
1686 3903 1889 3975 Πέτρος

312 4000 612 4072 ἠρνήσατο,
654 3998 769 4053 ἀλλ’
818 3997 943 4052 ἐπεὶ
994 3997 1155 4070 ἤθελε
1207 3997 1305 4069 μὲν
1357 3996 1445 4051 ἀεὶ
1504 3998 1743 4051 συνεῖναι
1794 3994 1891 4050 καὶ

312 4092 627 4148 ἀκολουθεῖν
658 4091 737 4164 τῷ
764 4091 1009 4163 Χριστῷ,
1043 4090 1313 4160 ἠπίστατο
1339 4089 1414 4152 δὲ,
1445 4088 1526 4144 δτι
1560 4089 1655 4144 ἐὰν
1697 4088 1891 4161 ὁμολο-

1988 3259 2325 3320 miserantis.
2358 3255 2505 3313 Dixit
2543 3262 2742 3319 autem,
2802 3269 2821 3304 ι
2859 3248 3103 3320 nunquid
3147 3255 3202 3301 et
3244 3243 3347 3300 tu?
3385 3262 3403 3294 ι
3439 3241 3568 3312 quia

1987 3353 2229 3410 Joannes
2256 3350 2403 3405 intus
2433 3357 2571 3401 erat.
2602 3346 2663 3399 Et
2693 3343 2888 3398 mulier
2931 3339 3147 3411 quidem
3184 3339 3257 3393 ita
3290 3342 3572 3392 mansuete

1991 3445 2394 3518 alloquebatur.
2442 3439 2541 3496 Ille
2599 3448 2780 3494 autem
2840 3434 2974 3491 nihil
3020 3433 3212 3488 horum
3264 3428 3570 3491 sentiebat,

1992 3554 2173 3613 neque
2199 3539 2254 3594 in
2285 3536 2526 3593 animum
2561 3531 2859 3601 recipiebat
2887 3526 3089 3583 Christi
3145 3523 3569 3613 praedictionem.

1991 3611 2322 3692 Ita'intirma
2354 3643 2441 3685 res
2474 3629 2711 3683 humana
2763 3631 2954 3678 natura
3011 3628 3113 3682 est,
3145 3616 3362 3684 quando
3398 3627 3428 3666 a
3464 3611 3573 3666 Deo

1993 3723 2409 3796 derelinquitur.
2441 3719 2669 3788 Quidam
2700 3724 2881 3770 autem
2905 3709 3071 3768 stulte
3097 3709 3257 3764 Petro
3281 3702 3574 3796 gratiﬁcari

1995 3794 2261 3882 volentes,
2315 3815 2538 3877 dicunt,
2570 3808 2714 3881 quod
2763 3821 2867 3861 non
2903 3804 2974 3859 ob
3024 3802 3269 3856 timorem
3300 3794 3577 3865 negaverit

1998 3910 2213 3977 Petrus,
2246 3906 2341 3963 sed
2369 3904 2604 3961 voluerit
2647 3899 2865 3972 quidem
2916 3907 3131 3963 semper
3177 3906 3300 3947 cum
3360 3887 3578 3942 Christo

1999 4020 2123 4061 esse
2180 4011 2236 4059 et
2254 4015 2378 4057 eum
2400 3996 2553 4070 sequi
2580 4014 2594 4052 :
2628 3992 2882 4064 cognovit
2915 3999 3094 4045 autem
3120 3984 3262 4057 quod
3294 3984 3338 4039 si
3367 3978 3579 4037 conies-
3662 4023 3675 4040 .

1998 4112 2092 4154 sus
2144 4094 2382 4157 fuisset,
2460 4105 2521 4146 se
2612 4084 2931 4156 discipulum
3000 4081 3170 4146 Jesu,
3245 4071 3579 4146 separandus

312 4187 456 4256 γήσῃ
490 4184 682 4237 ἐαυτὸν
716 4182 964 4253 μαθητὴν
996 4180 1091 4236 τοῦ
1140 4180 1339 4250 Ἰησοῦ,
1373 4180 1869 4253 ἀποχωρισθήσετα

2002 4189 2195 4246 fuisset
2228 4188 2295 4242 ab
2341 4199 2427 4252 eo,
2477 4192 2529 4239 et
2564 4196 2673 4237 non
2725 4179 2864 4233 ttltra
2902 4175 3185 4231 habiturus
3231 4179 3350 4226 erat
3401 4169 3578 4224 locum

313 4275 502 4345 αὑτοῦ,
550 4280 645 4329 καὶ
679 4276 777 4329 οὐκ
821 4275 901 4328 ἐτι
930 4273 1041 4340 έξει
1094 4274 1300 4345 χώραν,
1360 4271 1501 4327 ὥστε
1558 4271 1870 4326 ἀκολουθεῖν

2004 4283 2145 4352 quod
2175 4287 2520 4347 sequeretur,
2553 4284 2607 4329 et
2643 4273 2853 4327 videret
2886 4265 3325 4333 desiderabilem,
3376 4270 3430 4317 et
3458 4274 3585 4330 pro-

315 4372 410 4424 καὶ
457 4368 681 4440 βλέπειν
729 4368 822 4423 τὸν
873 4366 1228 4437 ποθούμενον,
1276 4364 1364 4419 διὰ
1409 4364 1567 4417 τοῦτο
1598 4365 1874 4436 ἠρνήσατο

2004 4383 2193 4445 ptetea
2228 4367 2653 4443 739_negavit,
2675 4365 2861 4420 dicens
2890 4379 2904 4415 :
2931 4378 2950 4413 ι
2985 4358 3099 4416 Νοη
3135 4373 3274 4413 sum.
3311 4373 3329 4407 ι
3370 4352 3509 4445 Nam
3529 4360 3587 4408 et

316 4462 397 4516 ὅτι
432 4480 451 4515 ι
498 4462 612 4516 Ούκ
656 4459 793 4531 εἰμί.
834 4479 854 4513 ι
900 4458 1055 4512 Ἐπεὶ
1102 4460 1196 4513 καὶ
1250 4457 1310 4510 τὸ
1355 4456 1746 4528 θερμαίνεσθαι
1789 4458 1874 4511 ἀπέ

2006 4444 2073 4520 ex
2100 4464 2289 4518 eadem
2320 4460 2590 4518 sententia
2651 4456 2770 4519 fuit,
2802 4454 2946 4525 quod
3007 4466 3065 4507 se
3109 4448 3450 4505 calefaceret.
3493 4444 3584 4499 Si-

316 4554 572 4625 τοιαύτης
602 4555 838 4606 ἐποιεῖτο
870 4550 1118 4623 γνώμης.
1163 4549 1520 4620 ’Υπεκρίνετο
1549 4549 1659 4621 γάρ
1692 4550 1759 4604 τὰ
1790 4548 1874 4617 τῶι

2009 4556 2234 4611 mulavit
2268 4554 2412 4609 enim
2447 4567 2509 4608 se
2559 4550 2745 4606 facere
2775 4563 2838 4604 ea
2888 4561 3008 4616 quae
3037 4541 3295 4607 ministri,
3333 4549 3391 4595 ut
3444 4551 3586 4592 unus

228 4696 231 4701 λ
320 4645 609 4717 ὑπηρετῶν
637 4644 789 4715 δρᾷν,
826 4643 900 4706 ώς
934 4639 1013 4707 εἷς
1043 4641 1291 4703 ἐκείνων,
1330 4642 1419 4695 ἵνα
1454 4641 1531 4714 μὴ
1554 4641 1633 4713 τῷ
1665 4658 1874 4711 κατηφε

2001 4649 2239 4715 illorum,
2265 4655 2325 4701 ut
2355 4660 2423 4701 ne
2454 4660 2516 4699 ex
2555 4642 2774 4699 tristitia
2808 4638 2964 4694 faciei
2998 4637 3369 4708 deprehensus
3400 4630 3587 4686 exclu-

319 4738 413 4793 τοῦ
456 4738 752 4809 προσώπου
804 4735 1100 4808 φωραθεὶς,
1140 4734 1484 4806 ὲκκλεισθείη
1531 4734 1627 4789 τοῦ
1680 4734 1874 4806 βλέπει

2007 4745 2165 4798 datur
2196 4756 2225 4794 a
2263 4738 2494 4796 videndo
2525 4735 2762 4793 Christoc
2795 4732 3033 4803 reiectus
3056 4745 3086 4785 e
3120 4727 3298 4783 medio
3333 4734 3393 4781 ut
3425 4723 3591 4779 disci-

319 4835 410 4888 τὸν
442 4832 699 4904 Χριστὸν,
739 4831 816 4896 ώς
848 4829 1100 4902 μαθητὴς
1124 4829 1315 4885 τούτου
1351 4830 1418 4882 ἐκ
1448 4828 1540 4882 τοῦ
1574 4827 1743 4900 μέσου
1770 4828 1900 4883 διω-
2005 4837 2166 4908 palus
2193 4835 2332 4907 ejus.

321 4925 573 4995 κόμενος.

402 5035 421 5069 ι
466 5014 527 5070 '0
554 5014 648 5069 οὖν
677 5000 969 5086 ἀρχιερεῦς
984 5013 1238 5086 ἠρώτησε
1267 5012 1362 5066 τδν
1403 5011 1612 5084 Ἰησοῦν
1641 5012 1769 5084 περὶ
1797 5011 1906 5065 τῶν

330 5108 590 5180 μαθητῶν
621 5107 811 5173 αὑτοῦ,
841 5106 1092 5178 καὶπερὶ
1121 5088 1222 5175 τῆς
1252 5104 1475 5179 διδαχῆς
1505 5104 1694 5160 αὐτοῦ.
1741 5104 1903 5157 Ἀπε-

2083 5013 2473 5071 ﬁssam-25.
2508 5030 2527 5064 ι
2559 5008 2806 5065 Pontifex
2838 5020 2968 5075 ergo
3004 4998 3353 5068 interrogavit
3401 4996 3588 5051 Jesum

2009 5109 2077 5163 de
2116 5104 2396 5179 discipulis
2421 5104 2557 5171 suis,
2579 5110 2634 5160 et
2661 5102 2727 5157 de
2762 5098 3005 5155 doctrina
3055 5095 3247 5165 ipsius.
3289 5088 3590 5160 Respondit

329 5200 494 5270 κρίθη
526 5199 674 5271 αὐτῷ
696 5202 725 5253 6
771 5199 979 5270 Ἰησοῦς
1005 5216 1020 5230 ’
1064 5197 1209 5265 Ἐγὼ
1244 5198 1531 5273 παρρησίᾳ
1565 5197 1874 5268 ἐλάλησατί

2012 5200 2061 5254 ci
2101 5199 2295 5255 Jesus:
2325 5197 2438 5268 Ego
2468 5196 2638 5267 palam
2668 5196 2883 5249 locutus
2906 5204 3023 5245 sum
3063 5184 3286 5248 mundo,
3318 5196 3417 5252 ego
3450 5195 3593 5235 sem-

329 5293 541 5364 κόσμῳ,
596 5291 709 5361 ἐγὼ
737 5292 967 5345 πάντοτε
1009 5292 1231 5358 ἐδίδαξα
1270 5294 1328 5346 ἐν
1375 5295 1441 5364 τῇ
1490 5293 1783 5363 συναγωγῇ
1812 5307 1874 5344 κα

2010 5306 2108 5362 per
2154 5291 2310 5346 docui
2368 5291 2420 5344 in
2474 5302 2743 5361 synagoga
2793 5293 2850 5341 et
2905 5283 2959 5337 in
3007 5276 3207 5347 templo
3245 5289 3354 5345 quo
3403 5287 3593 5328 omnes

329 5385 385 5439 ιν
416 5384 495 5456 τῷ
518 5383 669 5455 ἱερῷ,
707 5386 840 5439 ὅπου
871 5386 1071 5450 πάντες
1130 5387 1180 5440 oi
1235 5385 1480 5440 Ἰουδαῖοι
1532 5386 1874 5458 συνέρχονται

2007 5382 2181 5439 Judaei
2216 5382 2568 5446 conveniunt,
2609 5389 2663 5434 et
2694 5378 2747 5433 in
2790 5373 3003 5432 occulto
3040 5373 3255 5427 locutus
3283 5381 3404 5422 sum
3436 5364 3588 5419 nihil.

330 5477 425 5530 καὶ
447 5477 504 5531 ἐν
540 5477 768 5550 κρυπτῷ
799 5478 1039 5549 ἐλάλησα
1068 5478 1243 5533 οὐδέν.
1271 5476 1337 5531 Τί
1375 5495 1442 5548 με
1462 5479 1704 5549 ἐρωτᾷςς
1753 5478 1874 5531 Ἐπε

2011 5476 2151 5544 Quid
2184 5490 2271 5531 me
2311 5471 2655 5543 interrogas?
2700 5470 2974 5538 Interroga
3009 5478 3103 5519 eos
3148 5463 3241 5533 qtti
3299 5459 3592 5515 audierunt

332 5566 574 5639 ρώτησον
603 5570 731 5633 τοὺς
772 5570 1104 5639 ἀκηκοότας,
1147 5570 1201 5625 τι
1251 5569 1494 5638 ἐλάλησα
1542 5572 1748 5634 αὐτοῖς.
1793 5570 1874 5624 Ἰδ

2010 5567 2143 5638 quid
2178 5567 2395 5623 locutus
2422 5580 2540 5621 sum
2573 5562 2726 5633 ipsis.
2756 5561 2893 5617 Ecce
2914 5558 2971 5615 hi
3008 5556 3188 5614 sciunt
3212 5569 3330 5625 qua:
3355 5550 3586 5608 dixerim

329 5653 474 5715 οὗτοι
497 5660 725 5726 οἴδασιν,
754 5659 792 5715 ἃ
809 5658 960 5715 εἷπον
983 5660 1115 5732 ἐγώ.
1150 5659 1339 5719 Ταῦτα
1364 5660 1422 5715 δὲ
1445 5662 1608 5716 αὐτοῦ
1630 5661 1874 5727 εἰπόντος

2012 5676 2132 5733 ego.
2184 5662 2313 5717 Hac
2364 5665 2547 5715 autem
2593 5669 2718 5712 cum
2747 5654 2995 5720 dixisset,
3021 5663 3165 5705 unus
3198 5646 3461 5704 assistens
3491 5640 3591 5698 mi-

366 5844 373 5850 “
410 5839 489 5915 (α)
518 5839 660 5899 Edit.
692 5839 837 5911 Lut.,
869 5841 1130 5898 existimes
1159 5857 1279 5899 eum
1310 5839 1584 5912 fortiorem
1615 5840 1763 5897 aliis.
