4056 6600
491 366 594 429 ⁸251

1433 361 2016 426 TuEUPIlYLACTI
2056 358 2474 423 BULGARLE
2509 363 2867 429 ARCIHEP.

3656 346 3771 416 252

493 479 794 534 nistrorutn
849 474 999 531 dedit
1063 472 1274 543 alapam
1324 473 1496 544 Jesu,
1558 474 1801 531 dicens:
1862 462 2066 529 Siccine

2181 462 2263 534 εἷς
2290 460 2400 524 τῶν
2431 471 2725 543 ὑπηρετῶν
2774 467 3135 543 παρεστηκὼς
3181 450 3347 522 ἔδωέε
3391 450 3642 539 ῥάπισμα
3684 465 3770 536 τῷ

492 566 791 636 respondes
830 562 1117 635 pontiﬁcii
1164 562 1465 634 Respondit
1523 566 1574 621 ei
1601 564 1798 622 Iesus:
1838 565 1894 620 Si
1934 565 2073 623 male

492 658 705 714 loculus
748 674 888 723 sum,
943 666 1144 715 testare
1173 664 1239 712 de
1271 659 1448 725 male;
1504 660 1589 715 sin
1644 660 1801 727 bene,
1836 676 1935 717 cur
1987 674 2073 716 me

491 749 694 805 caedis?
723 768 743 802 ι
781 746 1085 820 lnterrogat
1136 748 1375 820 pontifex
1432 748 1618 806 Jesum
1666 751 1736 805 de
1766 751 2081 821 discipulis,

492 839 726 895 fortasse
760 840 812 893 in
850 837 993 894 hun‘c
1039 841 1302 896 modum:
1332 839 1435 897 Ubi
1483 852 1629 909 sunt,
1665 852 1758 898 aut
1799 844 1892 913 qui
1925 853 2069 909 sunt,

490 941 583 986 aut
608 948 713 1002 qua
747 941 929 987 mente
958 945 1052 989 eos
1086 933 1386 1004 collegerit,
1413 945 1464 991 et
1489 935 1618 1006 quid
1644 936 1832 993 volens
1856 936 2069 1004 iQuasi

410 1054 413 1055 ν
488 1024 634 1079 enim
668 1035 983 1081 novatorem
1010 1037 1065 1081 et
1090 1026 1405 1083 seditiosum
1452 1028 1622 1083 voluit
1660 1043 1785 1083 eum
1820 1042 2071 1100 arguere;

489 1115 556 1170 Et
584 1116 652 1169 de
690 1117 935 1171 doctrina
997 1116 1299 1186 interrogat
1357 1117 1535 1186 qualis
1583 1118 1674 1185 sit,
1724 1135 1852 1173 mtm
1883 1135 1911 1173 a
1954 1121 2073 1191 lege

490 1209 771 1276 recedens,
806 1219 861 1263 et
890 1224 1289 1279 pngnanscum
1338 1210 1527 1265 Meae?
1577 1221 1637 1266 ut
1685 1213 1809 1267 inde
1852 1215 2071 1269 inventa

488 1302 775 1357 occasione
803 1311 1060 1370 tanquam
1097 1302 1468 1358 adversarium
1515 1303 1609 1359 Dei
1655 1306 1889 1360 occidat.
1932 1308 2071 1374 Quid

490 1393 654 1463 igitur
693 1394 993 1449 Dominus?
1024 1395 1333 1467 Respondet
1373 1396 1449 1453 illi
1499 1395 1653 1467 juxta
1702 1400 2068 1468 suspicionem

488 1485 642 1556 ejus:
678 1505 698 1538 ι
730 1485 843 1556 Ego
873 1487 1116 1558 quidem,
1146 1489 1342 1559 inquit,
1369 1491 1422 1544 in
1448 1494 1663 1546 occulto
1692 1492 1825 1547 nihil
1861 1492 2070 1550 loeutus

490 1584 631 1632 sum.
670 1597 691 1631 ι
727 1576 862 1633 Nam
911 1589 964 1632 ιιι
1005 1581 1221 1648 quidem
1267 1582 1563 1651 suspicaris
1618 1598 1704 1639 me
1750 1584 2068 1642 seditiosum

489 1668 802 1737 quemdam,
843 1678 898 1724 et
948 1671 1002 1725 in
1056 1671 1273 1727 occulto
1316 1674 1542 1730 consilia
1594 1685 1919 1734 struentem.
1955 1679 2069 1752 Ego

489 1770 668 1814 autem
733 1761 849 1820 tibi.
903 1761 1100 1832 inquit,
1135 1764 1277 1829 dico,
1329 1766 1474 1836 quod
1526 1785 1545 1819 ι
1575 1765 1719 1824 Nihil
1757 1770 1811 1825 in
1856 1772 2067 1828 occulto

487 1850 701 1905 locutus
732 1866 876 1916 sum,
915 1871 935 1904 ι
970 1854 1072 1908 hoc
1126 1862 1230 1922 est,
1272 1855 1411 1911 nihil
1452 1856 1768 1913 seditiosum
1794 1903 1808 1929 ,
1838 1869 1895 1915 et
1926 1860 2068 1918 sicut

488 1951 543 1994 tu
576 1943 843 2011 opinaris,
879 1942 1012 2000 nihil
1044 1949 1262 2014 innoro,
1312 1962 1489 2020 neque
1534 1949 1720 2005 dolosa
1762 1961 1817 2006 et
1857 1954 2069 2009 occulta

489 2043 670 2090 mente
712 2037 991 2107 proprium
1041 2037 1297 2107 quiddam
1329 2038 1538 2096 loeutus
1581 2056 1723 2098 sum.
1777 2043 1914 2112 Quia
1964 2046 2071 2102 nisi

485 2126 565 2181 sic
581 2128 1010 2188 intellexerimus
1028 2132 1172 2202 quod
1197 2135 1263 2189 ad
1279 2134 1642 2204 suspicionem
1667 2138 1939 2207 pontiﬁcis
1955 2141 2071 2197 hac

484 2218 687 2277 dixerit
747 2221 1034 2291 Dominus,
1096 2227 1367 2283 videbitur
1413 2230 1658 2286 mentiri.
1710 2229 1848 2287 Nam
1901 2235 2066 2290 multa

484 2312 623 2366 dixit
650 2329 670 2365 ι
713 2313 768 2367 in
815 2314 1054 2387 occulto,
1094 2335 1113 2370 ι
1147 2324 1333 2388 utpote
1373 2333 1436 2375 ea
1480 2334 1601 2391 quae
1632 2337 1796 2392 supra
1849 2334 2065 2394 captum

486 2403 847 2460 multitudinis
894 2417 1071 2463 erant.
1106 2408 1262 2478 Quod
1310 2422 1493 2468 autem
1528 2414 1658 2470 dicit
1696 2431 1710 2468 :
1756 2434 1777 2469 ι
1814 2416 1955 2485 Quid
1983 2434 2070 2476 me

484 2494 835 2569 interrogas?
881 2499 1161 2572 Interroga
1213 2512 1307 2560 εστ
1360 2504 1451 2575 qui
1509 2509 1838 2564 audierunt:
1885 2528 1905 2563 ι
1960 2527 2066 2567 non

483 2592 775 2660 pertinacis
809 2607 913 2662 est,
965 2596 1061 2652 sed
1119 2596 1333 2656 ﬁdentis
1385 2600 1439 2656 in
1495 2600 1766 2659 dictorum
1815 2607 2064 2664 veritate.

488 2704 507 2736 ι
544 2687 815 2759 Interroga
853 2707 872 2741 ι
913 2689 1080 2757 enim,
1136 2693 1337 2762 inquit,
1372 2692 1647 2762 inimicos,
1690 2696 2065 2767 insidiatores,

482 2778 767 2835 ministros
797 2781 918 2836 illos
948 2783 1041 2852 qui
1093 2783 1397 2854 ligaverunt
1451 2800 1557 2841 nte.
1620 2788 1729 2844 lsta
1778 2790 1924 2846 enim
1986 2801 2071 2849 est

481 2869 734 2929 veritatis
758 2873 1056 2929 indubitata
1085 2875 1501 2947 demonstratio,
1525 2881 1739 2951 quando
1758 2884 1879 2955 quis
1905 2885 2066 2943 habet

483 2964 735 3021 inimicos
760 2977 923 3024 testes
957 2982 1145 3025 eorum
1182 2986 1305 3040 qua:
1331 2970 1480 3029 dicit.
1510 2971 1645 3029 Nam
1672 2975 1909 3033 ministri
1937 2980 2066 3049 ipsi,

482 3056 684 3128 inquit,
716 3070 841 3115 sunt
868 3062 962 3132 qui
1015 3073 1172 3119 antea
1204 3066 1499 3125 dixerunt:
1546 3088 1575 3123 ‹
1606 3068 1890 3143 Nunquam
1920 3074 2066 3128 locus

2189 562 2386 632 Ἰησοῦ,
2420 562 2591 618 είπών
2620 579 2635 596 ο
2666 564 2852 627 Οὑτως
2880 563 3153 633 ἀποκρίνῃ
3182 560 3259 631 τῷ
3289 561 3567 631 ἀρχιερεῖς
3600 560 3771 612 Ἀπεο

2176 650 2339 726 κρίθη
2363 654 2514 727 αὐτῷ
2544 657 2573 709 δ
2615 654 2827 725 Ἰησοῦς
2856 670 2870 686 ·
2908 653 2971 709 El
2994 655 3182 717 κακῶς
3230 652 3493 739 ἐλάλησα,
3547 650 3769 721 μαρτύ-

2176 762 2346 819 ρησον
2371 749 2504 819 περὶ
2533 746 2630 801 τοῦ
2654 745 2828 801 κακοῦ
2847 760 2861 776 ·
2899 747 2948 800 ei
2969 745 3028 799 δὲ
3064 743 3267 809 καλῶς,
3291 744 3345 798 τί
3364 760 3429 814 με
3464 743 3706 810 δαίρεις;
3741 761 3759 792 ι

2186 840 2401 912 Ἐρωτᾷ
2429 842 2458 894 δ
2488 841 2781 911 ἀρχιερεὺς
2803 839 2896 894 τὸν
2933 839 3149 910 Ἰησοῦν
3180 839 3311 909 περὶ
3358 838 3470 892 τῶν
3502 836 3768 907 μαθητῶν

2175 930 2307 997 ἴσως
2343 932 2592 987 τοιαῦταο
2621 931 2729 986 [Ιοὺ
2759 931 2885 995 είσι,
2929 932 3026 987 καὶ
3053 931 3203 994 τίνες
3231 926 3365 996 εἷεν,
3398 932 3496 985 καὶ
3531 930 3624 984 ἐπὶ
3653 930 3765 983 τίνι

2177 1014 2365 1093 σκοπῷ
2380 1016 2613 1087 ,τούτους
2644 1021 2919 1087 συνέλεξε,
2944 1023 3041 1077 καὶ
3066 1021 3120 1075 τί
3155 1021 3514 1092 βουλόμενοςς
3544 1020 3619 1084 ὡς
3651 1020 3767 1090 γὰρ

2175 1116 2538 1186 νεωτεριστήν
2565 1132 2686 1170 τινα
2719 1116 2751 1187 ἢ
2780 1113 3116 1185 στασιαστὴν
3147 1106 3344 1184 ἢθελεν
3398 1113 3566 1167 αὑτὸν
3603 1113 3764 1181 ἐλέγ-

2176 1208 2284 1274 ξαι.
2325 1209 2441 1264 Καὶ
2466 1208 2596 1280 περὶ
2625 1208 2727 1278 τῆς
2755 1208 2980 1279 διδαχῆς
3026 1206 3083 1261 δὲ
3137 1200 3338 1277 ἐρωτᾷ,
3372 1205 3505 1260 ποία
3543 1223 3626 1269 τις
3656 1201 3761 1277 ἦν’

2173 1296 2286 1374 ἄρα
2318 1300 2393 1371 μὴ
2444 1301 2555 1353 ἀπὸ
2609 1299 2704 1354 τοῦ
2752 1300 2920 1369 νόμου
2970 1296 3280 1369 ἀφιστῶσα,
3337 1300 3434 1352 καὶ
3475 1298 3763 1368 μαχομένη

2173 1394 2399 1459 Μωσεῑς
2426 1393 2515 1447 ἶνα
2542 1394 2642 1447 καὶ
2661 1391 2771 1447 ἀπὸ
2796 1391 3003 1461 ταύτης
3025 1383 3284 1463 ἀφορμὴν
3305 1389 3511 1461 εὑρὼν,
3538 1390 3614 1454 ὡς
3644 1388 3767 1443 Oso-

2176 1483 2349 1555 μάχον
2370 1481 2692 1554 ἀποκτείνῃ.
2711 1478 2885 1538 Τίοὺν
2907 1482 2935 1535 ό
2964 1481 3194 1551 Κύριος
3214 1479 3764 1551 Ἀποκρίνεταιαὺτῷ

2173 1573 2315 1645 πρὸς
2369 1575 2468 1647 τὴν
2508 1574 2770 1630 ὑπόνοιαν
2814 1574 3001 1628 αὑτοῦ.
3058 1572 3222 1643 Ἐγὼ,
3251 1574 3443 1643 φησιν,
3512 1591 3532 1626 t
3573 1574 3632 1626 έν
3681 1573 3762 1644 τῷ

2173 1667 2408 1740 κρυπτῷ
2438 1668 2684 1740 ἐλάλησα
2700 1668 2876 1722 οὐδέν.
2913 1685 2935 1722 a
2972 1667 3045 1721 Σὺ
3080 1666 3191 1736 γὰρ
3220 1664 3470 1729 ὑπονοεῖς
3508 1681 3575 1736 με
3629 1681 3762 1718 στα·

2176 1762 2406 1833 σιαστήν
2449 1779 2597 1825 τινα,
2648 1762 2745 1816 καὶ
2777 1760 3028 1833 κρυφίως
3067 1759 3263 1831 βουλάς
3307 1774 3460 1822 τινας
3495 1758 3764 1812 συσκευά-

2177 1855 2340 1920 ζοντα
2367 1871 2383 1888 ·
2416 1854 2529 1924 ἑγὼ
2558 1855 2618 1909 δέ
2640 1870 2746 1920 σοι,
2775 1854 2932 1925 φησι,
2963 1852 3127 1922 λέγω,
3159 1851 3242 1905 δτι
3277 1869 3297 1905 ι
3334 1849 3504 1905 Οὐδὲν
3540 1851 3600 1904 έν
3629 1865 3762 1922 κρυ-

2175 1946 2296 2020 πτῷ
2321 1947 2563 2017 ἐλάλησα
2589 1965 2605 1980 ι
2643 1967 2662 2002 a
2720 1947 3027 2012 τουτέστιν,
3063 1945 3231 1999 Οὐδὲν
3283 1943 3605 2011 στασιῶδες,
3666 1943 3760 1997 καὶ

2172 2041 2441 2107 ὡςδοκεῖς
2468 2042 2556 2109 σὺ,
2578 2039 2984 2112 ’νεωτεροποιῷ
3012 2041 3105 2094 καὶ
3136 2037 3286 2110 δολία
3309 2041 3404 2095 καὶ
3453 2037 3759 2110 ἀποκρύφῳ

2178 2134 2374 2209 γνώμῃ
2401 2120 2646 2207 ἑλάλησά
2687 2153 2739 2189 τι
2773 2135 2996 2190 οίκεῖον.
3036 2131 3193 2187 Ἐπεὶ
3222 2136 3275 2186 εί
3332 2128 3409 2205 μὴ
3448 2131 3597 2187 οὑτω
3633 2133 3758 2201 νοή-

2177 2246 2367 2302 σομεν,
2403 2230 2487 2285 ὅτι
2515 2216 2656 2299 πρὸς
2687 2230 2788 2300 τὴν
2818 2228 3081 2282 ὑπόνοιαν
3128 2226 3225 2281 τοῦ
3257 2225 3563 2300 ἀρχιερέως
3601 2226 3760 2281 τοῦτο

2172 2319 2328 2377 εῖπεν
2376 2325 2405 2377 ό
2457 2323 2687 2393 Κύριος,
2725 2322 3034 2393 φανήσεται
3086 2319 3531 2391 διαψευδόμενος.
3581 2319 3757 2375 Πολλά

2170 2410 2282 2487 γάρ
2305 2412 2461 2469 εἶπεν
2503 2433 2523 2467 ι
2551 2416 2611 2468 ὲν
2629 2410 2885 2485 κρυπτῷ,
2917 2431 2935 2463 ι
2972 2412 3076 2467 ὅσα
3100 2400 3305 2482 δηλαδὴ
3331 2410 3433 2481 τῆς
3474 2410 3586 2465 τῶν
3626 2410 3755 2465 πολε

2168 2508 2278 2565 λῶν
2306 2509 2548 2574 διανοίας
2582 2505 2897 2579 ὑψηλότερα
2922 2500 3015 2579 ἦν.
3034 2505 3110 2561 To
3132 2505 3211 2570 δὲ,
3253 2524 3273 2558 ι
3310 2504 3379 2558 Τί
3405 2520 3471 2575 με
3494 2505 3710 2576 έρωτᾷς
3737 2520 3751 2535 ’

2180 2600 2496 2675 Ἐρώτησον
2538 2604 2669 2664 τους
2711 2600 3045 2672 ἀκηκοότας,
3075 2616 3093 2652 ι
3144 2598 3245 2652 οὑκ
3286 2596 3754 2668 αὑθαδιαζομένου

2169 2691 2339 2760 ἐστὶν,
2375 2676 2513 2749 ἀλλά
2538 2693 2874 2767 θαρροῦντος
2905 2693 2973 2764 τῇ
3019 2689 3130 2745 τῶν
3160 2689 3462 2761 λεχθέντων
3505 2689 3755 2761 ἀληθείᾳ.

2176 2785 2530 2858 «Ἐρώτησον
2564 2804 2584 2839 ι
2623 2768 2756 2858 γάρ,
2809 2784 2967 2857 φησὶ,
3011 2783 3140 2846 τοὺς
3190 2779 3445 2853 ἐχθροὺς,
3471 2780 3603 2845 τοὺς
3648 2785 3759 2836 ἔπιε

2168 2878 2418 2946 δούλους,
2461 2880 2591 2944 τοὺς
2618 2877 2905 2949 ὑπηρέτας
2942 2874 3168 2939 τούτους
3191 2873 3322 2938 τοὺς
3359 2873 3634 2945 δήσαντάς
3667 2891 3753 2946 με.

2167 2972 2319 3045 Αὑτη
2364 2972 2475 3044 γάρ
2501 2975 2602 3043 τῆς
2640 2968 2903 3042 ἀληθείας
2937 2967 3423 3041 ἀναμφισϐήτητος
3457 2968 3753 3033 ἀπόδειξις,

2167 3067 2298 3121 ὅταν
2327 3065 2462 3130 τοὺς
2487 3061 2722 3136 ἐχθρούς
2757 3078 2845 3127 τις
2873 3060 2973 3135 ἔχῃ
3038 3061 3326 3132 μάρτυρας
3350 3055 3444 3115 -ὦν
3488 3061 3659 3129 λέγει.
3692 3064 3755 3116 οξ

482 3162 570 3207 tus
598 3163 681 3209 est
701 3155 861 3211 homo
886 3156 1027 3213 sicut
1060 3157 1147 3214 hic
1177 3161 1341 3217 homo
1356 3163 1425 3218 ⁸⁸.
1457 3181 1477 3217 ι
1509 3164 1717 3222 Etcum
1745 3166 1816 3222 ita
1842 3148 2063 3239 respuu-

2171 3161 2279 3231 γάρ
2301 3158 2577 3229 ὑπηρέται
2600 3156 2780 3222 αὐτοὶ,
2815 3156 3003 3227 φησιν,
3027 3155 3166 3208 εἰσιν
3194 3156 3242 3209 οἱ
3261 3155 3509 3218 εἰπόντες
3530 3156 3718 3226 πρώην
3736 3172 3751 3185 θ

480 3247 672 3307 disset.
725 3264 828 3304 non
880 3259 964 3306 est
1021 3254 1398 3322 admirationi,
1450 3258 1545 3313 sed
1591 3257 1746 3329 alapa
1800 3262 2060 3319 caeditur:

480 3351 592 3407 quo
615 3339 742 3408 quid
785 3340 935 3397 ﬁeret
975 3343 1388 3414 impudentius?
1414 3347 1479 3403 Et
1506 3364 1629 3404 eum
1663 3359 1847 3419 posset
1883 3353 2062 3407 omnia

478 3440 773 3487 concutere
796 3442 853 3489 et
883 3436 1123 3504 abolere,
1156 3434 1293 3494 nihil
1315 3440 1533 3510 quidem
1560 3443 1753 3498 horum
1784 3443 1934 3507 facit,
1970 3447 2064 3502 sed

481 3521 643 3577 verba
695 3525 936 3594 loquitur
988 3543 1109 3596 quae
1160 3531 1403 3586 omnium
1452 3528 1751 3589 bestiarum
1801 3536 2062 3593 saevitiem

481 3607 787 3667 demulcere
840 3626 1081 3683 possent.
1120 3615 1266 3674 Dicit
1300 3620 1487 3676 enim:
1534 3619 1593 3677 Si
1645 3623 1861 3693 quidem
1895 3626 2066 3684 habes

478 3710 541 3756 ut
572 3706 940 3773 reprehendas
970 3724 1032 3762 ea
1059 3726 1179 3781 quae
1211 3724 1353 3768 nunc
1378 3729 1406 3767 a
1436 3730 1520 3770 me
1542 3715 1687 3771 dicta
1706 3728 1852 3786 sunt,
1883 3730 2065 3777 osten-

479 3796 548 3852 de
588 3799 731 3867 quod
771 3802 911 3856 male
940 3803 1210 3862 dixerim:
1258 3807 1303 3862 si
1342 3817 1524 3864 autem
1561 3824 1670 3866 non
1703 3812 1904 3880 habes,
1937 3815 2064 3885 quid

479 3884 720 3944 ferocis?
750 3887 847 3945 Vel
891 3901 945 3947 et
974 3894 1091 3948 sic:
1136 3914 1156 3947 ι
1201 3894 1259 3951 Si
1293 3898 1433 3955 male
1468 3900 1685 3958 locutus
1714 3918 1857 3971 sum,
1896 3924 1915 3957 ι
1938 3884 2067 3961 hoc

477 3991 584 4046 est,
615 3982 663 4037 si
699 3982 838 4039 male
875 3987 1031 4041 docui
1059 3988 1277 4056 quando
1315 3992 1473 4048 docui
1514 3994 1567 4050 in
1595 3998 1909 4067 synagogis,
1932 4002 2065 4054 ecce

481 4089 624 4129 nunc
659 4094 677 4127 ι
715 4079 1087 4134 testimonium
1118 4082 1343 4153 perhibe
1387 4103 1407 4138 ι
1446 4086 1513 4141 de
1546 4086 1685 4142 mala
1717 4090 1985 4159 doctrina,
2009 4102 2064 4149 et

480 4164 640 4234 plene
690 4166 897 4224 instrue
945 4171 1280 4240 pontiﬁcem,
1314 4174 1404 4245 qui
1437 4191 1581 4232 nunc
1643 4177 1945 4251 interrogat
1999 4185 2066 4237 de

480 4257 730 4314 doctrina
779 4276 919 4319 mea.
959 4281 979 4315 ι
1018 4262 1076 4320 Si
1112 4274 1294 4321 autem
1328 4265 1464 4324 bene
1508 4287 1528 4321 ι
1564 4268 1765 4338 docui,
1819 4279 1873 4327 et
1901 4271 2065 4346 τω

482 4365 573 4405 me
602 4351 857 4408 admirati
890 4356 1024 4412 estis
1066 4358 1233 4414 etiam
1260 4374 1360 4417 vos
1394 4361 1653 4427 ministri,
1698 4382 1719 4416 ι
1753 4364 1882 4433 quid
1919 4382 2005 4422 me
2036 4385 2057 4418 ι

482 4460 629 4501 nunc
667 4465 686 4499 ι
726 4449 911 4514 caedis.
953 4468 972 4503 ι
1002 4466 1163 4521 quem
1183 4454 1338 4524 prius
1360 4455 1764 4511 admirabaris?
1790 4455 2065 4517 Percussit

2176 3258 2196 3306 ἃ
2236 3249 2512 3308 Οὐδέποτε
2544 3249 2814 3321 ἐλάλησεν
2862 3248 3173 3319 ἄνθρωπος,
3240 3247 3318 3312 ὡς
3372 3241 3526 3310 οὗτος
3577 3248 3623 3324 ό.
3660 3249 3753 3302 ἀν-

2168 3348 2407 3419 θρωπος.
2459 3364 2480 3398 a
2530 3343 2720 3409 Οὕτως
2753 3338 2849 3396 οὖν
2895 3339 3243 3412 ἀποκριθεὶς,
3294 3341 3355 3395 οὑ
3392 3340 3750 3411 θαυμάζεται,

2169 3441 2310 3497 άλλά
2345 3434 2675 3514 ραπίζεται·
2708 3431 2773 3493 οὗ
2822 3436 2877 3491 τί
2912 3435 3116 3507 γένοιτ’
3145 3434 3213 3491 ἂν
3249 3435 3625 3507 ίταμώτερονς
3657 3437 3754 3488 Δυ-

2167 3533 2404 3605 νάμενος
2429 3532 2486 3587 δὲ
2544 3528 2724 3585 πάντα
2754 3526 3041 3583 συσσεῖσαι
3089 3528 3189 3583 καὶ⁵
3218 3526 3503 3597 ἀφανίσαι,
3547 3528 3753 3581 τούτων

2171 3627 2273 3697 μὲν
2317 3623 2472 3679 οὐδὲν
2525 3624 2714 3678 ποιεῖ·
2776 3619 3078 3690 φθέγγεται
3115 3616 3174 3672 δὲ
3222 3621 3445 3690 ῥήματα
3480 3619 3753 3688 δυνάμενα

2169 3721 2351 3774 πᾶσαν
2383 3716 2683 3789 θηριωδίαν
2706 3712 2959 3771 ἐκλῦσαι.
2994 3713 3060 3767 El
3085 3712 3186 3785 μὲν
3220 3713 3351 3782 γὰρ,
3383 3710 3578 3782 φησὶν,
3612 3711 3753 3781 ἔχεις

2168 3810 2537 3868 ἱπιλαδέσθαι
2577 3807 2686 3864 τῶν
2729 3806 3041 3877 εἰρημένων
3075 3804 3205 3875 παρ’
3228 3802 3387 3875 ἐμοῦ,
3445 3803 3750 3868 ἀπόδειξον,

2167 3907 2249 3961 ὅτι
2282 3903 2476 3968 κακῶς
2497 3898 2654 3957 εἷπον
2678 3919 2692 3934 °
2719 3902 2768 3955 εί
2794 3901 2850 3954 δὲ
2877 3900 2979 3955 οὑκ
3011 3897 3177 3971 ἔχεις,
3208 3897 3261 3951 τί
3292 3897 3530 3969 λυττᾷς;
3562 3897 3633 3949 Ἥ
3660 3897 3748 3950 καὶ

2166 3990 2341 4063 οὕτως
2364 4017 2376 4034 ο
2416 4016 2435 4051 ι
2465 3998 2530 4051 Et
2563 3992 2749 4059 κακῶς
2779 3993 3021 4064 ἐλάλησα
3042 4009 3059 4024 ο
3100 4011 3120 4046 ιι
3153 3992 3456 4057 τουτέστιν,
3487 3991 3549 4045 El
3570 3991 3749 4052 κακῶς

2167 4091 2405 4158 ὲδέδαξα,
2436 4092 2522 4146 ὅτε
2554 4090 2836 4143 ἐδίδασκον
2868 4087 2927 4141 ἐν
2974 4089 3097 4150 ταῖς
3139 4086 3514 4153 συναγωγαῖς,
3550 4082 3746 4155 παρελ-

2168 4184 2277 4239 θὼν
2304 4184 2399 4239 νῦν
2433 4202 2451 4235 t
2486 4181 2840 4254 μαρτύρησον
2870 4198 2889 4234 ι
2914 4179 3045 4251 περὶ
3075 4176 3280 4250 ταύτης
3305 4195 3410 4247 μου
3442 4179 3541 4248 τῆς
3574 4176 3747 4247 κακῆς

2164 4273 2538 4342 διδασκαλίας,
2592 4273 2689 4327 καὶ
2744 4270 3166 4343 πληροφόρησον
3212 4269 3306 4321 τὸν
3341 4267 3608 4339 ἀρχιερέα
3662 4266 3749 4319 τὸν

2158 4368 2266 4422 νῦν
2298 4366 2593 4438 ἐρωτῶντά
2644 4381 2711 4437 με
2766 4363 2899 4437 περὶ
2927 4362 3028 4446 τῆς
3083 4360 3306 4431 διδαχῆς
3364 4376 3466 4430 μου
3494 4374 3509 4389 ο
3558 4376 3578 4411 ι
3618 4360 3664 4411 εί
3697 4357 3750 4411 δὲ

2170 4454 2353 4523 καλῶς
2391 4475 2409 4510 ι
2436 4455 2674 4522 ἐδίδαξα,
2706 4453 2800 4510 καὶ
2837 4452 3235 4522 ὲθαυμαζόμην
3266 4450 3398 4522 παρ’
3433 4449 3589 4521 ὑμῶν
3644 4450 3749 4504 τῶν

483 4538 913 4607 igiturminister
930 4519 1241 4614 Dominum,
1267 4546 1711 4617 magnocrimine
1728 4549 2063 4607 seliberans.
2089 4519 2144 4580 D
2171 4519 2483 4625 ὑπηρετῶν,
2540 4570 2559 4604 ι
2596 4519 2669 4603 τί
2708 4564 2775 4621 με
2833 4564 2853 4601 a
2892 4519 2990 4602 νῦν
3039 4565 3059 4598 ι
3109 4519 3339 4616 δαίρεις,
3373 4563 3392 4597 ι
3450 4542 3511 4599 δν
3560 4541 3750 4615 πρώην

482 4629 620 4690 Nam
652 4632 739 4687 ubi
758 4632 913 4691 Jesus
944 4638 997 4692 in
1025 4647 1193 4695 testes
1232 4649 1455 4696 vocaret
1476 4642 1819 4711 assistentes,
1851 4645 2063 4715 dicens,

489 4742 508 4777 ι
548 4724 690 4781 Ecce
722 4727 775 4782 hi
807 4729 989 4784 sciunt
1023 4745 1142 4800 qua:
1170 4730 1401 4787 dixerim
1432 4748 1555 4805 ego,
1614 4753 1633 4787 ι
1664 4735 1856 4795 volens
1903 4740 2066 4796 mini-

482 4828 597 4881 ster
625 4835 685 4876 se
742 4821 978 4878 liberare
1029 4839 1059 4878 a
1115 4826 1426 4896 suspicione
1455 4829 1597 4897 quod
1652 4845 1761 4887 non
1806 4840 1952 4888 esset
2000 4849 2067 4890 ex

484 4913 909 4974 admiratoribus
957 4914 1109 4982 Iesu,
1150 4919 1420 4987 percussit
1472 4934 1617 4977 eum.
1667 4920 1826 4980 Jesus
1885 4928 2066 4981 autem

484 5006 755 5072 dicendo,
824 5026 843 5060 ι
883 5008 993 5078 Ego
1043 5010 1097 5064 in
1134 5010 1348 5067 occulto
1399 5012 1610 5069 locutus
1666 5031 1786 5070 sum
1838 5016 1993 5085 nihil,
2036 5037 2056 5071 ι

484 5097 697 5154 reducit
735 5097 788 5151 iu
835 5099 1148 5153 memoriam
1180 5100 1518 5170 prophetiam
1549 5105 1855 5163 dicentem:
1891 5124 1911 5159 ι
1943 5106 2061 5164 Non

487 5188 542 5244 in
573 5189 784 5245 occulto
821 5190 1031 5246 loeutus
1068 5209 1214 5259 sum,
1251 5209 1427 5265 neque
1480 5199 1532 5251 in
1580 5197 1697 5253 loco
1730 5209 1885 5255 terra:
1914 5208 2065 5257 tene-

486 5283 651 5338 broso
671 5282 737 5336 ".
776 5300 796 5335 ι

557 5457 726 5513 Vsus.
756 5459 950 5515 2437.
990 5480 1008 5514 ι
1046 5463 1111 5518 Ει
1157 5463 1305 5522 misit
1344 5480 1468 5522 eum
1503 5468 1685 5529 Aonas
1724 5471 1966 5528 vinctum
1999 5473 2066 5529 ad

485 5551 748 5624 Caiphatu
794 5556 1127 5625 pontiﬁcem.
1171 5561 1364 5617 Stabat
1396 5574 1574 5621 autem
1612 5566 1806 5622 Simon
1850 5564 2068 5635 Petrus,

484 5658 537 5704 et
574 5647 927 5706 calefaciebat
960 5666 1039 5708 se.
1077 5650 1345 5711 Dixerunt
1380 5672 1509 5729 ergo
1539 5658 1586 5714 ei
1615 5657 1794 5731 :‘Num
1829 5672 1884 5716 et
1907 5669 1963 5718 tu
1994 5678 2063 5719 ex

562 5831 608 5862 ’δ
660 5830 813 5891 Joan.
861 5852 953 5902 vn,
990 5835 1080 5893 46.
1156 5838 1199 5869 ’⁷
1232 5840 1342 5893 lsa.
1379 5856 1503 5903 xu.
1547 5842 1628 5898 l9.

2163 4644 2512 4715 ἐθαύμαζες
2549 4639 2790 4710 Ἔτυψεν
2831 4638 2924 4693 οὖν
2957 4639 2986 4692 δ
3042 4635 3326 4706 ὑπηρέτης
3371 4635 3465 4689 τὸν
3520 4636 3745 4707 Κύριον,

2167 4736 2407 4811 μεγάλου
2444 4733 2796 4806 ἐγκλήματος
2829 4728 3022 4785 ἑαυτὸν
3047 4729 3427 4783 ἀπαλλάττων.
3470 4729 3624 4782 Ἐπεὶ
3644 4729 3750 4798 γὰρ

2164 4831 2193 4887 ό
2236 4830 2448 4903 Ἰησοῦς
2475 4830 2604 4892 τοὺς
2633 4823 2997 4899 παρεστῶτας
3042 4821 3410 4894 προύκαλεῖτο
3444 4821 3749 4893 μάρτυρας,

2165 4924 2341 4995 λέγων
2368 4941 2385 4960 ο
2422 4944 2443 4977 ι
2485 4923 2594 4978 Ἴδε
2633 4915 2781 4976 οὗτοι
2825 4919 3052 4981 οἴδασιν,
3092 4916 3128 4971 ἃ
3157 4915 3311 4971 εἷπον
3338 4915 3450 4984 ἐγώ
3473 4933 3491 4949 ·
3530 4934 3549 4969 ι
3583 4914 3751 4969 θέλων

2167 5022 2195 5075 ὁ
2225 5018 2512 5089 ὑπηρέτης
2547 5015 2743 5070 ἑαυτὸν
2792 5011 3105 5077 ἀπαλλάξαι
3136 5011 3234 5081 τῆς
3270 5009 3526 5080 ὑποψίας,
3578 5009 3661 5062 ὅτι
3689 5010 3749 5060 οὑ

2167 5114 2276 5170 τῶν
2302 5110 2702 5183 θαυμαζόντων
2730 5108 2823 5161 τὸν
2861 5104 3069 5178 Ἰησοῦν
3094 5100 3183 5178 ἦν,
3214 5102 3412 5174 ἔτυψεν
3438 5103 3622 5159 αὐτόν.
3657 5102 3748 5155 Ei-

2168 5206 2287 5262 πὼν
2311 5204 2369 5258 δὲ
2388 5204 2417 5257 δ
2433 5202 2692 5276 Χριστὸς,
2725 5197 2868 5268 Ἐγὼ
2896 5216 2914 5249 t
2943 5199 2998 5251 έν
3029 5197 3259 5268 κρυπτῷ
3276 5196 3514 5266 ἐλάλησα
3530 5194 3702 5259 οὐδὲν,
3723 5213 3739 5244 ι

2169 5295 2582 5368 ἀναμιμνήσκει
2626 5291 2967 5363 προφητείας
3018 5289 3118 5359 τῆς
3156 5287 3457 5357 λεγούσης·
3527 5305 3546 5338 ι
3582 5287 3746 5340 Οὐδὲν

2170 5387 2354 5458 κρυφῆ
2395 5385 2688 5456 λελάληκα,
2720 5382 2841 5436 οὑδὲ
2871 5382 2928 5433 ὲν
2962 5380 3111 5451 τόπῳ
3139 5381 3245 5448 γῆς
3277 5376 3580 5445 σκοτεινῆς.
3618 5380 3635 5426 i

2246 5499 2265 5534 ι
2335 5470 2689 5533 ’Ἀπέστειλεν
2744 5473 2910 5528 αὑτὸν
2963 5476 2993 5527 ό
3037 5473 3239 5535 Ἅννας
3297 5468 3582 5540 δεδεμένον
3614 5467 3746 5539 πρὸς

2166 5573 2423 5641 Καϊάφαν
2451 5570 2542 5625 τδν
2568 5567 2848 5642 ἀρχιερέα.
2874 5562 2987 5621 Ἠν
3025 5566 3082 5619 δὲ
3111 5564 3295 5636 Σίμων
3318 5563 3525 5633 Πέτρος
3553 5559 3744 5622 ἑστὼς.

2166 5667 2262 5722 καὶ
2301 5664 2749 5738 θερμαινόμενος.
2812 5656 2979 5715 Εἶπον
3031 5656 3125 5715 οὖν
3170 5657 3319 5730 αὑτῷ
3345 5672 3360 5688 °
3398 5656 3490 5727 Μὴ
3525 5653 3621 5709 καὶ
3681 5655 3743 5706 sit
