4056 6580
277 344 402 413 253

270 555 440 611 εἶπεν
470 575 483 588 ο
513 558 627 612 Οὑκ
650 558 788 630 εἰμί.
819 559 986 628 Λέγει
1017 557 1097 623 εἷς
1124 561 1188 613 ἐκ
1209 560 1316 613 τῶν
1338 559 1542 614 δούλων
1563 560 1656 615 τοῦ
1689 562 1877 632 ἀρχιε-

272 654 427 723 ρέως
468 652 742 721 συγγενὴς
774 650 873 717 ὢν,
921 642 983 706 οὗ
1032 652 1280 724 ἀπέκοψε
1307 653 1517 725 Πέτρος
1551 653 1612 708 τὸ
1659 653 1822 709 ὠτίον
1858 671 1875 687 ο

271 747 403 801 Οὔκ
432 744 543 817 ἐγώ
581 764 639 800 σε
664 742 806 800 εἶδον
833 748 893 801 ἐν
906 747 986 819 τῷ
1015 747 1179 819 κήπῳ
1204 748 1327 820 μετ’
1355 747 1562 815 αὑτοῦς
1595 748 1767 804 Πάλιν
1784 743 1877 804 οὖν

268 828 620 912 ἠρνήσατοό
654 842 887 912 Πέτρος,
906 842 1000 895 καὶ
1022 841 1230 907 εὐθέως
1253 841 1504 915 ἀλέκτωρ
1521 840 1824 912 ἐφώνησεν.
1852 859 1871 894 ι

281 923 636 1002 Ἀπάγουσίν
669 933 838 987 αὑτὸν
888 934 1025 1004 πρὸς
1066 933 1324 1004 Καϊάφαν
1373 934 1460 989 διὰ
1498 934 1561 988 τὸ
1612 934 1672 989 ἐν
1727 933 1878 1007 αὑτῷ

270 1026 458 1099 μηδὲν
506 1027 689 1100 εὑρεῖν
728 1028 922 1092 αἴτιον,
981 1028 1113 1093 ἴσως
1156 1027 1607 1092 ὑποπτεύσαντες
1671 1028 1879 1084 ἐκεῖνον

270 1117 599 1189 σοφώτερον
633 1116 783 1183 ὅντα,
820 1119 1005 1190 εὑρεῖν
1032 1138 1086 1173 τι
1112 1119 1257 1175 κατὰ
1278 1118 1373 1174 τοῦ
1420 1119 1602 1190 Ἰησοῦ
1641 1119 1878 1174 θανάτου

267 1210 464 1279 ἄξιον,
517 1210 1024 1283 ὑποσκελίσανταῆ
1070 1214 1130 1266 ἐν
1180 1213 1495 1284 ἀποκρίσει,
1536 1212 1568 1284 ἢ
1622 1211 1879 1285 πράξεώς

265 1323 434 1370 τινος
465 1304 823 1377 δραξάμενον.
852 1305 913 1361 '0
948 1306 1002 1360 δέ
1035 1305 1265 1377 Πέτρος,
1316 1308 1345 1360 6
1374 1305 1577 1379 θερμὸς
1620 1305 1877 1376 ἐραστὴς,

266 1397 529 1470 τοσούτῳ
565 1399 723 1470 κάρῳ
748 1399 1055 1472 κατείχετο,
1094 1399 1234 1455 ὥστε
1265 1398 1622 1471 ἀπαγομένου
1652 1398 1747 1453 τοῦ
1805 1398 1882 1452 δι-

265 1492 584 1560 δασκάλου,
614 1493 735 1547 οὐδὲ
768 1494 1169 1564 μετακινεῖται,
1212 1491 1329 1545 ἀλλ’
1363 1493 1445 1545 ἐτι
1500 1490 1879 1564 θερμαίνεται.

268 1587 457 1642 Ὥστε
470 1588 565 1643 καὶ
584 1586 749 1642 πάλιν
770 1585 1090 1657 ἐρωτηθεὶς,
1114 1586 1388 1655 ἀρνεῖται,
1419 1584 1515 1639 καὶ
1540 1584 1601 1637 οὑ
1625 1583 1881 1655 δεύτερον

269 1679 478 1750 μόνον,
502 1678 640 1734 ἀλλὰ
680 1680 778 1733 καὶ
827 1678 1033 1751 τρίτον.
1070 1678 1227 1756 Διατί
1280 1677 1339 1732 δὲ
1390 1678 1441 1732 οί
1491 1676 1881 1746 εὑαγγελισταὶ

268 1773 493 1838 πάντες
519 1771 660 1844 όμοῦ
699 1772 828 1843 περὶ
858 1771 953 1826 τοῦ
982 1770 1192 1841 Πέτρου
1222 1768 1572 1842 ἀνέγραψαν;
1609 1769 1746 1839 Οὐχὶ
1783 1768 1879 1823 τοῦ

272 1866 653 1939 συμμαθητοῦ
689 1864 1152 1937 κατηγοροῦντες,
1185 1864 1301 1918 ἀλλ’
1333 1865 1481 1935 ἡμᾶς
1506 1862 1880 1928 παιδεύοντες,

274 1960 463 2016 πόσον
491 1960 661 2014 κακὸν
702 1960 765 2013 τὸ
807 1958 882 2029 μὴ
938 1957 1001 2012 τδ
1031 1959 1143 2013 πᾶν
1199 1956 1520 2029 ἐπιτρέπειν
1564 1954 1707 2027 Θεῷ,
1762 1955 1881 2010 ἀλλ’

275 2050 475 2124 ἐαυτῷ
499 2052 746 2124 θαρρεῖν.
771 2051 895 2122 Χρὴ
916 2050 974 2105 δέ
1011 2050 1297 2121 θαυμάσαι
1327 2049 1421 2105 τοῦ
1456 2049 1731 2104 Δεσπότου
1782 2050 1883 2121 τὴν

273 2144 727 2216 φιλανθρωπίαν,
757 2145 841 2198 ὅτι
873 2144 967 2198 καὶ
1009 2143 1316 2216 δεδεμένος,
1375 2144 1469 2199 καὶ
1508 2142 1882 2214 ἀπαγόμενος,

276 2239 397 2294 οὐκ
425 2238 667 2308 ⁴ἡμέλησε
698 2237 791 2291 τοῦ
829 2235 1098 2309 μαθητοῦ,
1130 2237 1268 2293 ἀλλὰ
1308 2239 1573 2310 στραφεὶς
1624 2238 1884 2311 ἐνέϐλεψε

277 2330 375 2404 τῷ
402 2331 613 2402 Πέτρῳ,
665 2331 742 2395 ὡς
775 2330 964 2403 ἕτερος
1004 2330 1403 2403 εὑαγγελιστής
1443 2348 1601 2403 φησι,
1660 2332 1754 2387 καὶ
1796 2331 1887 2386 διὰ

278 2424 392 2480 τοῦ
426 2422 745 2496 βλέμματος
793 2422 1220 2496 προσωνείδισεν
1265 2423 1417 2497 αὑτῷ
1446 2423 1548 2495 τὴν
1575 2423 1884 2491 ἀσθένειαν,

281 2515 394 2572 καὶ
419 2519 498 2581 είς
527 2515 895 2589 μεταμέλειαν
932 2517 1031 2572 καὶ
1062 2516 1278 2588 δάκρυα
1315 2516 1562 2588 ἤγειρεν.
1605 2516 1785 2586 Ὅπερ
1828 2516 1889 2571 δέ

283 2610 417 2667 τότε
440 2611 646 2682 Πέτρος
664 2609 926 2675 πέπονθε,
954 2609 1049 2667 καὶ
1079 2609 1177 2665 νῦν
1196 2609 1462 2682 πάρεστιν
1493 2610 1624 2666 ἰδεῖν
1657 2609 1887 2675 πολλοὺς

284 2702 454 2776 ἡμῶν
484 2702 816 2774 πάσχοντας.
864 2704 1160 2774 Δεσμείται
1188 2702 1300 2774 γὰρ
1344 2702 1375 2756 6
1426 2703 1486 2756 ἐν
1534 2704 1674 2773 ἡμῖν
1729 2701 1890 2771 λόγος

281 2795 390 2852 τοῦ
411 2796 572 2863 Θεοῦ,
605 2798 700 2853 καὶ
720 2791 833 2852 οἷον
857 2795 1357 2871 αἰχμαλωτίζεται,
1389 2795 1503 2850 εἴτε
1542 2796 1649 2850 ὑπὸ
1685 2794 1886 2866 λύπης,

287 2889 408 2945 εἴτε
434 2889 540 2944 ὑπὸ
573 2889 769 2963 ἡδονῆς
798 2887 1420 2962 ἐξανδραποδιζόμενος.
1467 2887 1889 2960 ’Δμφοτέρωθεν

286 2981 409 3053 γὰρ
435 2979 823 3051 δεσμευόμεθά
844 2998 906 3034 τε
942 2980 1040 3035 καὶ
1074 2978 1425 3049 ἁπαγόμεθα,
1458 2978 1490 3047 ἢ
1518 2978 1625 3033 ὑπὸ
1651 2977 1761 3033 τῶν
1792 2977 1887 3033 τοῦ

286 3074 504 3143 κόσμου
526 3072 720 3145 ἡδέων,
750 3072 787 3146 ἢ
806 3073 912 3127 ὑπὸ
934 3073 1043 3128 τῶν
1064 3070 1352 3145 λυπηρῶν,
1386 3069 1478 3126 τοῦ
1502 3071 1638 3126 Θεοῦ
1668 3072 1894 3126 ἐπιλαν-

896 349 1351 415 ΕΝΑΒΒΑΤΙΟ
1392 350 1475 415 IN
1515 350 1887 414 EVANGEL]

1992 353 2021 413 ί
2059 352 2404 420 JOANNIS.
2438 384 2507 394 -
2541 359 2703 419 CAP.
2743 358 2964 419 XVIII.

144 470 155 477 '
270 465 347 517 ἐκ
382 461 487 516 τῶν
522 463 785 536 μαθητων
814 464 985 520 αὑτοῦ
1031 461 1111 531 εἷς
1155 467 1466 537 Ἥρνήσατο
1501 468 1730 534 ἐκεῖνος,
1783 469 1878 522 καὶ

1992 470 2262 542 discipulis
2291 471 2409 543 ejus
2437 473 2540 528 es?
2567 472 2793 543 Nt-gavit
2834 472 2942 537 ille,
2979 484 3033 527 et
3068 472 3237 529 dixit:
3269 470 3383 527 Non
3423 488 3566 531 sum.

3462 360 3569 424 251

1986 564 2127 620 Dicit
2158 565 2206 621 ei
2260 580 2404 621 unus
2450 581 2516 621 ex
2569 568 2742 621 servis
2797 565 3089 635 pontificis,
3156 575 3416 635 cognatus
3454 564 3573 633 ejus

1981 659 2136 728 enjus
2171 660 2482 716 ahSCiderat
2522 658 2716 714 Petrus
2768 659 3104 716 auriculam:
3142 657 3335 712 Nonne
3367 673 3467 729 ego
3519 668 3572 715 te

1978 753 2092 810 vidi
2125 755 2178 809 in
2209 752 2372 835 horto
2406 768 2531 809 cum
2559 752 2691 807 illo?
2720 750 2919 807 lterum
2944 767 3076 822 ergo
3104 754 3325 824 negavit
3351 750 3568 815 Petrus,

1980 858 2035 925 et
2081 848 2264 904 statim
2323 846 2502 919 gallus
2532 845 2752 902 cecinit.
2795 863 2815 897 ι
2850 846 3140 900 ΑιιιΙυοιιιιι
3183 860 3305 899 eum
3346 852 3413 899 ad
3446 844 3573 900 Cai-

1982 943 2168 1014 pham,
2200 957 2266 997 eo
2301 941 2449 1012 quod
2481 940 2584 1011 ipsi
2625 940 2830 995 nullum
2879 940 3088 995 crimen
3123 939 3477 995 inveniebant
3518 939 3570 993 in

1982 1049 2070 1099 eo,
2109 1034 2361 1089 fortassis
2397 1032 2658 1102 suspicati
2714 1031 2864 1086 illum
2898 1032 3283 1102 sapientiorem
3315 1032 3572 1087 inventu-

1983 1143 2105 1182 rum
2146 1126 2351 1198 aliquid
2379 1126 2598 1197 dignum
2640 1134 2815 1180 morte
2846 1133 3038 1181 contra
3073 1122 3281 1186 lesum.
3313 1123 3573 1192 supplan-

1984 1227 2187 1275 tantem
2224 1218 2308 1274 vel
2380 1218 2434 1273 in
2502 1231 2787 1287 responso,
2849 1215 2929 1269 vel
2990 1216 3453 1283 depreltcnsurum
3519 1214 3575 1268 in

1984 1310 2166 1384 aliquo
2205 1310 2469 1367 facinore.
2517 1310 2589 1365 At
2635 1310 2828 1366 Petrus
2878 1309 3120 1364 fervidus
3174 1317 3387 1362 amator
3425 1317 3575 1362 tanto

1983 1413 2208 1472 stupore
2246 1402 2621 1467 detinebatur,
2664 1412 2724 1456 ut
2754 1402 2918 1456 etiam
2957 1417 3079 1454 cum
3113 1402 3371 1471 magister
3405 1400 3577 1455 abdu-

1984 1505 2223 1563 ceretur,
2246 1512 2353 1552 non
2387 1506 2697 1552 commotus
2728 1496 2818 1562 sit,
2843 1496 2936 1550 sed
2962 1495 3142 1550 adhuc
3171 1512 3190 1546 ι
3221 1493 3578 1549 calefaciebat

1983 1604 2064 1653 se,
2102 1608 2125 1643 ι
2180 1589 2254 1645 ita
2314 1599 2373 1646 ut
2432 1591 2629 1645 iterum
2668 1593 3039 1661 interrogatus
3099 1598 3279 1659 neget,
3346 1600 3401 1643 et
3465 1602 3627 1642 non-

1985 1683 2164 1740 solum
2197 1685 2457 1746 secundo,
2487 1683 2583 1739 sed
2621 1691 2676 1738 et
2706 1683 2889 1738 tertio.
2914 1682 3094 1750 Quare
3117 1692 3303 1736 autem
3336 1696 3576 1751 evange-

1988 1776 2124 1831 lista
2147 1790 2342 1831 omnes
2375 1774 2536 1830 simul
2565 1775 2631 1832 de
2657 1773 2819 1830 Petro
2848 1773 3232 1843 scripserunt?
3261 1770 3378 1827 Non
3413 1787 3578 1826 acru-

1988 1877 2176 1925 santes
2224 1864 2548 1936 discipulum
2577 1904 2593 1932 ,
2646 1865 2740 1921 sed
2790 1880 2892 1920 nos
2945 1865 3259 1919 emdientes
3310 1870 3575 1932 quantum

1987 1959 2188 2017 malum
2223 1959 2431 2014 sitnon
2473 1967 2643 2013 totum
2693 1958 2934 2013 tribuere
2976 1956 3120 2020 Deo,
3156 1956 3252 2012 sed
3292 1957 3344 2011 in
3397 1956 3578 2022 seipso

1986 2055 2285 2112 conlidere.
2325 2052 2600 2113 Admirati
2634 2061 2818 2108 autem
2869 2051 3028 2106 decet
3083 2051 3293 2105 Domini
3355 2049 3578 2104 miseri-

1987 2146 2252 2210 cordiam,
2280 2145 2517 2216 quicum
2554 2145 2751 2214 ligatus
2774 2151 2922 2199 esset
2976 2152 3032 2199 et
3055 2144 3438 2203 abduceretur,
3468 2156 3578 2197 non

1988 2238 2289 2309 neglexerit
2306 2236 2654 2307 discipulum,
2674 2240 2767 2292 sed
2790 2251 3085 2293 conversus
3104 2236 3238 2289 vidit
3259 2234 3578 2300 Petrum'”,

1988 2334 2133 2391 sicut
2164 2331 2306 2387 alius
2352 2331 2689 2401 evangelista
2720 2330 2885 2397 dicit,
2926 2337 2981 2384 et
3024 2338 3250 2399 aspectu
3282 2330 3581 2397 opprobrat

1988 2430 2036 2485 ei
2074 2426 2474 2492 inﬁrmitatem,
2503 2436 2559 2483 et
2582 2424 2649 2478 ad
2676 2422 3053 2494 paenitentiam
3091 2438 3155 2479 ac
3186 2422 3458 2494 lacrymas
3483 2438 3582 2478 ex-

1989 2521 2145 2589 citat.
2199 2519 2353 2587 Quod
2387 2527 2571 2576 autem
2619 2526 2751 2572 tunc
2784 2515 3189 2579 acciditPeIro,
3235 2515 3399 2570 etiam
3438 2529 3582 2571 nunc

1992 2616 2177 2673 videre
2217 2614 2343 2669 licet
2372 2613 2592 2671 evenire
2645 2610 2848 2667 multis.
2905 2609 3037 2666 Nam
3092 2609 3289 2676 ligatur
3345 2608 3573 2677 quidem

1992 2722 2179 2764 sermo
2215 2706 2309 2763 Dei
2340 2706 2435 2778 qui
2464 2705 2517 2761 in
2543 2703 2700 2761 nobis
2722 2713 2826 2770 est,
2869 2711 2925 2759 et
2954 2702 3110 2772 quasi
3150 2700 3395 2771 captivus
3423 2698 3582 2755 duci-

1995 2810 2105 2868 tur,
2139 2801 2257 2856 sive
2288 2814 2319 2855 a
2345 2796 2649 2869 voluptate,
2699 2796 2816 2853 sive
2862 2812 2891 2850 a
2933 2796 3153 2851 tristitia
3188 2794 3241 2849 in
3267 2794 3584 2850 servitutem

1992 2894 2277 2952 redactus.
2314 2891 2561 2963 Utroque
2591 2892 2737 2947 enim
2767 2888 2929 2944 modo
2955 2888 3232 2944 vincimur
3269 2897 3326 2943 et
3357 2886 3584 2941 abduci-

1996 3007 2138 3056 mur,
2168 2989 2252 3045 vel
2307 3003 2420 3059 pra:
2468 2985 2767 3056 prosperis,
2821 2983 2905 3040 vel
2957 2998 3068 3054 pra:
3120 2982 3368 3037 adversis
3400 2979 3585 3034 mundi

1994 3082 2166 3141 Deum
2212 3080 2617 3136 ohlivisceutes.
2666 3078 2732 3133 Et
2776 3076 3172 3133 condemnatur
3197 3073 3416 3144 quidem
3472 3088 3589 3127 scr-

288 3164 607 3236 θανόμενοι,
634 3163 729 3219 καὶ
753 3162 1149 3236 κατακρίνεται
1184 3162 1285 3234 μὲν
1319 3164 1350 3217 ό
1387 3162 1570 3232 λόγος,
1611 3164 1739 3235 νικᾷ
1765 3163 1823 3216 δέ
1853 3163 1887 3235 ἡ

1994 3192 2106 3241 m0,
2146 3175 2322 3233 vincit
2349 3185 2531 3233 autem
2559 3172 2891 3229 ahsurditas.
2927 3169 2992 3224 Et
3023 3182 3216 3225 servus
3239 3167 3393 3238 alapa
3426 3166 3587 3220 caedit

288 3256 514 3326 ἀλογία,
545 3257 641 3312 καὶ
664 3258 693 3311 6
722 3256 909 3323 δοῦλος
943 3253 1294 3330 ραπίζειτὸν
1309 3255 1583 3327 δεσπότην
1603 3270 1615 3284 ⁸
1649 3254 1887 3309 τοιοῦτον

1995 3270 2303 3328 dominum.
2364 3266 2438 3322 Ita
2476 3266 2620 3323 enim
2677 3264 2841 3321 habet
2888 3261 3238 3318 ail‘ectionum
3302 3258 3585 3322 tumultus,

293 3351 405 3421 γὰρ
439 3352 473 3422 ἡ
503 3350 614 3405 τῶν
642 3349 834 3406 παθῶν
893 3350 1298 3415 ἐπανάστασις.
1349 3349 1501 3425 Ὀδὲ
1532 3349 1657 3414 νοῦς
1709 3349 1888 3420 ἡμῶν,

293 3436 385 3496 οἷά
414 3459 499 3506 τις
527 3441 762 3515 Πέτρος,
811 3440 1075 3506 πολλάκις
1123 3440 1533 3507 αὑθαδιάζεται,
1568 3441 1647 3505 ὡς
1697 3442 1759 3494 οὑ
1815 3440 1894 3513 μὴ

294 3536 605 3608 ὰρνήσηται
629 3534 725 3591 τὸν
753 3534 939 3603 λόγον,
995 3534 1077 3589 διὸ
1101 3534 1198 3589 καὶ
1232 3534 1451 3589 ἵσταται
1483 3534 1577 3587 καὶ
1600 3531 1893 3606 θερμαίνε-

292 3646 406 3685 ται.
443 3628 695 3683 Ἱσταται
722 3627 844 3699 μὲν,
870 3627 947 3689 ὡς
992 3626 1070 3700 μὴ
1099 3626 1442 3698 κλινόμενος,
1496 3626 1634 3697 μηδέ
1690 3627 1895 3681 ὑποτα-

296 3720 681 3793 πεινούμενος,
706 3718 1039 3790 ἀλλ’ἐπὶτῆς
1059 3718 1349 3783 αὐθαδείας
1376 3718 1665 3793 ἱστάμενος
1689 3719 1893 3789 ὁμοίως

296 3815 392 3867 καὶ
442 3815 648 3889 μένων2
683 3797 1093 3885 Θερμαίνεσθαι
1124 3812 1182 3868 δέ
1242 3813 1486 3883 λέγεται,
1537 3807 1628 3866 οἷα
1661 3811 1727 3883 δὴ
1783 3810 1894 3867 ἀπὸ

296 3904 639 3978 θερμότητος
669 3904 766 3959 καὶ
799 3905 971 3974 τύφου
1002 3903 1181 3961 νοσῶν
1209 3905 1308 3977 τὴν
1340 3905 1654 3961 αὐθάδειαν.
1701 3903 1889 3973 Ἐλέγξ

288 4017 379 4077 χει
413 4000 473 4054 δὲ
496 3999 664 4056 αὑτὸν
696 3999 985 4072 παιδίσκη,
1022 3999 1199 4071 μικρὰ
1231 4017 1316 4065 τις
1349 3998 1536 4072 ἡδονὴ,
1568 3999 1668 4054 καὶ
1719 3996 1891 4069 θηλύ-

294 4108 485 4155 νουσα,
518 4092 615 4147 καὶ
639 4091 843 4157 εὑθέως
876 4092 1123 4164 ἀρνεῖται
1153 4091 1247 4146 τὸν
1275 4091 1457 4161 λόγον,
1520 4091 1614 4146 καλ⁸
1646 4092 1735 4163 τῇ.
1759 4091 1890 4146 ἀλο-

293 4187 392 4259 γία
421 4185 721 4255 ὑπάγεται.
763 4185 927 4241 Ἀλλὰ
971 4186 1064 4240 καὶ
1102 4186 1210 4240 ὑπό
1243 4202 1390 4247 τινος
1416 4184 1735 4258 πειρασμοῦ
1794 4184 1889 4238 λυ-

290 4279 478 4353 πηροῦ
504 4279 817 4351 ἐλέγχεται,
844 4280 1038 4351 ὥσπερ
1063 4278 1158 4334 καὶ
1177 4278 1302 4333 τότε
1320 4277 1532 4350 Πέτρος
1556 4277 1662 4332 ὑπὸ
1677 4276 1889 4344 δούλου,

290 4375 387 4430 καὶ
450 4370 632 4436 οὕτως
677 4372 713 4442 ἡ
769 4370 1026 4426 ἀσθένεια
1075 4372 1243 4425 αὑτοῦ
1299 4371 1689 4426 διαδείκνυται.
1748 4371 1891 4426 Ἀλλ’

299 4466 621 4538 εὑξώμεθα,
659 4464 751 4518 ἵνα
782 4464 1031 4537 ἐμϐλέψῃ
1065 4465 1199 4535 ἡμῖν
1260 4463 1467 4536 Ἰησοῦς
1512 4464 1541 4516 ό
1572 4463 1747 4534 Λόγος
1794 4463 1889 4519 τοῦ

1994 3359 2216 3434 quando
2256 3372 2409 3414 mens
2440 3367 2622 3414 nostra
2654 3355 2810 3426 quasi
2844 3353 3040 3409 Petrus
3074 3350 3272 3422 aliquis
3296 3364 3436 3417 saepe
3460 3364 3587 3419 per-

1999 3456 2144 3511 tinax
2174 3453 2263 3514 sit.
2313 3450 2471 3522 quasi
2521 3464 2626 3504 non
2664 3457 2925 3519 negatura
2968 3443 3216 3510 verbum,
3267 3448 3325 3497 et
3363 3442 3486 3496 ideo
3532 3447 3589 3497 et

1992 3554 2107 3603 stat
2138 3554 2192 3601 et
2219 3529 2464 3600 calescit.
2503 3540 2622 3597 Stat
2663 3539 2906 3610 quidem,
2942 3551 3008 3592 eo
3036 3536 3181 3607 quod
3220 3549 3329 3589 non
3359 3532 3589 3588 incline-

1997 3648 2084 3697 tur
2129 3653 2304 3708 neque
2373 3634 2711 3698 humilietur,
2755 3632 2849 3688 sed
2888 3632 2942 3686 in
2984 3645 3078 3685 sua
3122 3627 3421 3699 pertinacia
3451 3640 3585 3682 con-

1994 3738 2208 3785 stanter
2256 3733 2493 3783 maneat.
2544 3723 2859 3779 Calefacere
2920 3731 3100 3776 autem
3155 3719 3469 3781 sedicitur,
3520 3732 3589 3772 eo

1994 3827 2138 3898 quod
2162 3838 2274 3897 pra:
2304 3822 2517 3887 fervore
2543 3829 2599 3877 et
2627 3820 2771 3876 fastu
2809 3818 3113 3890 pertinacia
3139 3816 3367 3873 laboret.
3392 3814 3587 3885 Arguit

1994 3925 2178 3976 autem
2226 3931 2348 3975 eum
2420 3913 2653 3979 ancilla,
2708 3927 2873 3985 parva
2935 3909 3184 3981 quedam
3234 3906 3482 3977 voluptas
3533 3915 3587 3960 et

1992 4011 2368 4071 eﬂeminans:
2428 4010 2728 4077 statimque
2776 4013 2938 4075 negat
2997 4015 3354 4065 sermonem,
3414 4009 3470 4053 et
3529 4000 3584 4053 in

1995 4104 2394 4163 absurditatem
2416 4102 2615 4158 fertur.
2652 4100 2758 4155 Sed
2786 4107 2841 4154 et
2871 4098 3106 4168 quadam
3142 4095 3372 4151 adversa
3407 4104 3586 4148 tenta-

1998 4200 2146 4256 tione
2171 4198 2439 4269 arguitur,
2471 4199 2611 4252 sicut
2647 4205 2778 4251 tunc
2809 4192 3009 4249 Petrus
3044 4190 3203 4263 741
3237 4206 3266 4245 a
3309 4203 3503 4256 servo,
3533 4198 3590 4242 et

1996 4292 2069 4350 ita
2104 4291 2399 4348 infirmitas
2427 4290 2548 4359 ejus
2577 4286 3025 4356 deprehenditur.
3072 4285 3179 4341 Sed
3213 4297 3499 4354 precemur
3529 4290 3589 4336 ut

1994 4384 2222 4456 aspiciat
2269 4398 2367 4440 nos
2404 4383 2562 4440 Iesus
2605 4379 2846 4437 Verbum
2879 4379 2996 4444 Dei,
3028 4386 3085 4433 et
3116 4379 3182 4431 ad
3215 4375 3593 4443 paenitentiam

1996 4485 2053 4534 et
2083 4478 2356 4549 lacrymas
2379 4483 2635 4545 provocet
2660 4492 2673 4528 :
2705 4472 2848 4540 quod
2877 4471 2993 4539 ﬁet,
3023 4470 3239 4541 quando
3259 4468 3592 4523 ekiverimus

292 4559 462 4624 Θεοῦ,
493 4559 589 4614 καὶ
616 4558 698 4624 είς
731 4556 1024 4628 μετάνοιαν
1055 4557 1151 4612 καὶ
1180 4556 1394 4629 δάκρυα
1434 4557 1710 4630 ἐξεγείρῃ,
1743 4557 1887 4624 ἐξελ-

1999 4586 2065 4626 ex
2099 4570 2242 4625 atrio
2265 4569 2538 4640 pontiﬁcis
2560 4567 2652 4638 qui
2683 4566 2972 4622 Dominum
2997 4563 3288 4632 cruciﬁgit,
3323 4569 3376 4616 et
3409 4570 3592 4615 rector

290 4652 497 4727 θόντας
527 4653 681 4724 ἡμᾶς
719 4651 825 4718 ἐξω
855 4651 956 4722 τῆς
987 4649 1163 4722 αὑλῆς
1218 4650 1313 4705 τοῦ
1337 4650 1432 4706 τὸν
1477 4650 1687 4722 Κύριον
1727 4668 1897 4705 σταυ-

288 4744 528 4817 ροῦντος
562 4744 889 4817 ἀρχιερέως,
918 4746 979 4808 ὃς
1016 4746 1165 4800 ἐστιν
1196 4746 1225 4798 6
1265 4744 1693 4817 κοσμοκράτωρ.
1722 4745 1898 4799 Ὅταν

292 4844 410 4908 γὰρ
460 4837 529 4893 ἐκ
556 4836 650 4892 τοῦ
684 4840 922 4910 κόσμου,
953 4840 1013 4903 ὃς
1061 4839 1215 4892 ἐστιν
1248 4835 1389 4909 αὐλὴ
1442 4835 1541 4891 τοῦ
1581 4837 1897 4909 κοσμοκρά-

298 4947 485 5000 τορος,
518 4928 850 5000 ἐξέλθωμεν,
885 4930 1007 4985 τότε
1032 4930 1121 5003 δὴ,
1172 4931 1296 4985 τότε
1327 4932 1409 4995 είς
1440 4931 1735 4999 μετάνοιαν
1764 4929 1898 4984 εἰλι-

301 5022 466 5093 κρινῆ
494 5022 921 5094 ἀναπησόμεθα
954 5040 968 5054 °
1019 5024 1162 5079 καθὰ
1192 5026 1289 5079 καλ⁵
1323 5025 1352 5077 6
1402 5022 1617 5087 Παῦλός
1676 5041 1843 5095 φησιν
1877 5041 1893 5056 ·

305 5135 325 5168 ι
358 5115 749 5188 ,Ἐξερχόμεθά
768 5118 904 5190 πρὸς
929 5118 1093 5172 αὑτὸν
1114 5117 1221 5183 ἔξω
1248 5119 1347 5190 τῆς
1379 5118 1578 5188 πύλης,
1620 5119 1894 5185 τουτέστι,

300 5209 398 5263 τοῦ
430 5209 661 5279 κόσμου,
684 5209 775 5262 τὸν
796 5210 1104 5276 ὀνειδισμὸν
1137 5210 1303 5265 αὑτοῦ
1331 5211 1617 5281 φέροντες.
1653 5230 1673 5262 ι

381 5319 401 5354 ι
452 5302 681 5372 ’Δγουσι
724 5301 818 5356 τὸν
867 5302 1075 5373 Ἰησοῦν
1127 5303 1236 5357 ἀπὸ
1277 5303 1372 5358 τοῦ
1426 5304 1655 5374 Καῖάφα
1704 5304 1786 5370 είς
1832 5305 1895 5360 τὸ

298 5393 663 5477 πραιτώριον.
693 5392 805 5451 Ἦν
843 5396 903 5451 δέ
935 5397 1117 5470 πρωῒα
1143 5413 1157 5427 ⁸
1189 5396 1283 5451 καὶ
1317 5396 1477 5451 αὑτοὶ
1507 5398 1609 5452 οὑκ
1641 5397 1895 5471 εἰσῆλθον

305 5491 385 5552 ιὶς
423 5488 486 5545 τὸ
521 5489 876 5563 πραιτώριον,
917 5491 1004 5546 ἴνα
1041 5491 1115 5563 μὴ
1160 5491 1486 5564 μιανθῶσιν,
1518 5492 1634 5547 ἀλλ’
1664 5493 1753 5547 ἵνα
1787 5493 1893 5562 φά-

303 5599 443 5651 γωσι
471 5583 531 5639 τὺ
555 5584 766 5656 Πάσχα.
804 5584 1058 5656 Ἐξῆλθεν
1080 5580 1173 5641 οὖν
1201 5587 1230 5639 6
1249 5585 1480 5650 Πιλᾶτος
1509 5586 1647 5659 πρὸς
1673 5587 1895 5653 αὐτοὺς,

304 5676 399 5741 καὶ
427 5673 554 5732 εἷπε
574 5696 587 5709 ·
622 5676 757 5735 Τίνα
787 5679 1129 5751 κατηγορίαν
1162 5679 1360 5752 φέρετε
1388 5681 1531 5735 κατά
1562 5679 1654 5735 τοῦ
1686 5680 1898 5755 ἀνθρώ-

374 5862 443 5895 "-
475 5862 664 5922 Matth.
695 5878 769 5931 ηε,
794 5860 889 5918 se.
964 5861 1008 5895 ἐ
1036 5862 1203 5920 Hebr.
1238 5842 1291 5931 it,
1320 5861 1411 5919 as.

1999 4672 2082 4719 est
2116 4661 2327 4717 mundi.
2366 4659 2596 4729 Quando
2640 4662 2782 4716 enim
2837 4667 2992 4716 extra
3052 4659 3351 4719 mundum,
3383 4655 3474 4724 qui
3507 4662 3591 4708 est

2000 4756 2200 4811 atrium
2229 4754 2460 4811 rectoris
2495 4754 2705 4818 mundi,
2741 4754 2944 4821 egressi
2972 4750 3264 4814 fuerimus,
3296 4758 3425 4803 tunc
3458 4762 3601 4802 sane

2000 4850 2066 4905 ad
2119 4848 2494 4921 paenitentiam
2558 4848 2834 4904 sinceram
2889 4860 3288 4916 exsurgemns:
3347 4842 3489 4898 sicut
3533 4850 3595 4895 ct

2006 4944 2213 5001 Paulus
2245 4944 2417 4999 dicit:
2454 4960 2474 4995 ι
2507 4942 2863 5013 Egrediamur
2909 4941 2976 4995 ad
3003 4956 3126 4993 eum
3170 4950 3322 4993 extra
3352 4947 3599 5005 portam,

2005 5041 2110 5097 hoc
2134 5049 2219 5097 est
2245 5039 2527 5105 mundum,
2550 5036 2908 5109 opprobrium
2939 5033 3059 5096 eius
3093 5033 3326 5089 ferentes
3349 5029 3421 5085 ’⁸.
3450 5045 3469 5079 ι

2074 5301 2241 5359 Vsus.
2270 5299 2457 5358 28-52.
2501 5319 2520 5353 ι
2557 5298 2772 5355 Ducunt
2803 5312 2933 5369 ergo
2964 5295 3149 5351 Jesum
3202 5306 3231 5345 a
3268 5289 3470 5359 Caipha
3533 5285 3600 5341 iis

1995 5396 2334 5470 pnctorium.
2358 5395 2487 5451 Erat
2510 5403 2690 5450 autem
2708 5406 2890 5457 mane,
2915 5399 2968 5444 et
2992 5388 3090 5460 ipsi
3124 5400 3229 5442 non
3256 5380 3592 5438 introierunt

1998 5490 2054 5545 in
2088 5489 2426 5560 pratorium,
2457 5502 2529 5544 ne
2552 5486 3087 5548 contaminarentur,
3126 5480 3222 5536 sed
3273 5487 3326 5532 ut
3359 5476 3592 5532 ederent

1990 5581 2228 5645 Pascha.
2273 5581 2609 5651 Exivitergo
2636 5578 2847 5635 Pilatus
2879 5575 2946 5631 ad
2980 5589 3075 5631 eos
3102 5574 3272 5636 foras,
3304 5578 3361 5626 et
3397 5568 3531 5623 dixit
3566 5582 3588 5626 ι

1998 5676 2171 5745 Quam
2231 5672 2639 5732 accusationem
2707 5668 2916 5728 atTertis
2972 5668 3240 5727 adversus
3308 5662 3598 5721 hominem.
