4056 6590
403 347 512 412 255

1329 346 1913 412 THEOPHYLACTI
1962 348 2377 411 BULGARI/E
2408 350 2770 413 ARCHIEP.

3576 343 3688 409 256

406 465 589 522 hunc?
613 461 1109 534 Responderuntet
1146 460 1407 519 dixerunt
1433 465 1537 521 'ei:
1593 464 1651 521 Si
1686 481 1791 523 non
1845 474 1992 523 esset

2115 480 2202 518 του
2242 463 2474 532 τούτου;
2524 463 2952 536 Ἀπεκρίθησαν,
2990 463 3083 517 καὶ
3116 454 3270 517 εἷπον
3300 459 3447 532 αὐτῷ
3473 476 3489 490 ο
3526 460 3588 514 Et
3619 470 3694 531 μη

408 562 496 614 hic
523 571 746 621 nocens.
779 555 1198 626 haudquaquam
1255 557 1355 612 tibi
1387 558 1808 618 tradidissemus
1847 576 1993 618 cum.

415 652 555 707 Dixit
596 664 725 718 ergo
759 647 839 704 eis
871 647 1078 704 Pilatus
1103 665 1116 703 :
1141 648 1386 719 Accipite
1413 665 1536 706 eum
1575 666 1690 716 vos,
1722 662 1777 706 et
1800 668 1999 709 secun-

413 743 543 798 dum
599 743 770 811 legem
830 750 1069 795 vestram
1123 739 1368 809 iudicate
1392 757 1540 798 eum.
1578 744 1839 800 Dixerunt
1868 760 2000 816 ergo

408 836 458 891 ei
487 834 700 890 Judmi:
746 830 913 887 Nobis
943 845 1048 887 non
1102 830 1231 887 licet
1277 832 1588 891 interllcere
1630 851 1997 907 quemquam:

417 938 476 983 ut
509 941 691 983 sermo
724 923 849 980 Jesu
899 924 1241 995 impleretur,
1269 940 1431 996 quem
1489 929 1626 983 dixit
1682 929 2001 1000 signiﬁcans

412 1037 520 1092 qua
577 1029 754 1075 morte
779 1028 925 1073 esset
988 1019 1361 1077 moriturus.)
1395 1023 1475 1077 Ad
1531 1022 1733 1079 multos
1789 1023 2003 1095 judices

408 1118 612 1170 ducunt
655 1113 968 1179 Dominum,
1020 1114 1307 1182 opinantes
1346 1131 1407 1172 se
1457 1116 1608 1172 illum
1671 1118 2000 1175 contumelia

407 1208 725 1274 aﬁ'ecluros,
754 1207 849 1264 sed
892 1223 1087 1266 revera
1114 1225 1214 1281 per
1241 1210 1410 1265 multa
1459 1212 1751 1268 tribunalia
1794 1212 2001 1268 clarum

409 1299 672 1354 reddunt.
714 1299 981 1358 Dominus
1008 1301 1153 1357 enim
1204 1314 1302 1371 per
1330 1301 1513 1355 omnia
1551 1300 1638 1355 illa
1678 1300 1851 1356 exivit
1894 1315 2000 1355 non

413 1395 705 1451 convictus
736 1395 802 1452 de
828 1397 1078 1462 crimine,
1128 1395 1298 1452 robur
1326 1395 1536 1451 habens
1582 1396 1667 1450 cui
1697 1396 2000 1451 contradici

413 1500 521 1539 non
577 1484 776 1555 potuit.
825 1485 1039 1541 Ducunt
1070 1501 1198 1559 ergo
1227 1502 1351 1542 eum
1402 1487 1468 1541 ad
1521 1487 1856 1557 praetorium.
1886 1485 2002 1543 Non

412 1576 557 1631 enim
600 1577 874 1633 habebant
927 1578 1028 1649 ipsi
1080 1588 1405 1648 potestatem
1459 1579 1766 1646 occidendi,
1817 1587 2003 1647 utpote

413 1679 595 1720 rerum
630 1668 963 1738 patientibus
1009 1669 1302 1736 Romanis;
1336 1668 1418 1724 vel
1452 1669 1579 1741 quia
1626 1670 1892 1724 timebant
1934 1684 2005 1725 ne

411 1768 599 1827 postea
640 1773 830 1830 pmnas
879 1760 1116 1827 luerent,
1174 1761 1419 1817 accusati
1451 1762 1593 1831 quod
1627 1761 2001 1817 indemnatum

412 1849 844 1906 interfecissent.
886 1869 905 1903 ι
970 1850 1105 1906 Erat
1156 1859 1339 1907 autem
1399 1866 1579 1917 mane,
1613 1869 1631 1904 ι
1687 1852 1901 1923 inquit:
1946 1861 2005 1908 ut

414 1943 593 1999 discas
624 1945 767 2015 quod
810 1933 911 2016 per
941 1945 1228 2000 dimidium
1263 1946 1441 2002 noctis
1469 1961 1500 2000 a
1524 1946 1727 2015 Caipha
1763 1947 2002 2001 interro-

412 2043 569 2104 gatus
597 2036 687 2092 sit.
716 2036 872 2092 Prius
899 2038 1046 2093 enim
1080 2053 1243 2108 quam
1280 2037 1455 2107 gallus
1512 2047 1784 2106 cantaret,
1832 2039 2004 2094 abdu-

416 2138 538 2182 ctus
562 2129 727 2184 estad
757 2128 1042 2199 Caipham.
1075 2130 1213 2198 Quid
1236 2142 1414 2185 autem
1441 2132 1508 2187 ab
1539 2147 1605 2187 eo
1637 2133 2005 2204 interrogarit,

416 2219 634 2274 silentio
666 2222 934 2291 praeteriit
965 2223 1070 2279 iste
1109 2224 1465 2295 evangelista.
1495 2224 1600 2279 Alii
1634 2234 1819 2280 autem
1853 2227 2008 2281 dixe-

414 2309 741 2367 runt:Cum
790 2323 1005 2370 noctem
1038 2313 1090 2368 in
1143 2314 1250 2370 illis
1304 2314 1683 2383 perfecissent,
1724 2333 1885 2372 mane
1936 2321 2003 2373 ad

412 2401 645 2457 Pilatum
680 2405 974 2461 duxerunt.
1032 2425 1051 2459 ι
1087 2405 1193 2477 Ipsi
1237 2416 1419 2462 autem
1470 2424 1576 2462 non
1608 2418 1735 2464 sunt
1769 2410 2003 2479 ingressi

414 2495 468 2549 in
500 2497 836 2565 prtetorium,
872 2507 929 2553 ut
962 2515 1029 2556 ne
1060 2499 1452 2570 polluerentur.
1487 2520 1506 2554 ι
1548 2501 1592 2556 Ο
1637 2504 2002 2569 dementiam!

416 2589 625 2656 lnjuste
646 2593 863 2660 quidem
880 2595 1224 2659 occidebant,
1245 2605 1415 2650 etnon
1441 2597 1776 2666 putabanlse
1800 2596 1966 2667 pollui
1992 2615 2006 2653 :

414 2697 472 2741 et
502 2686 669 2757 pollui
707 2703 765 2743 se
793 2690 1114 2756 credebant,
1151 2690 1197 2745 si
1240 2691 1659 2762 ingrederentur
1707 2694 1762 2747 in
1811 2704 2013 2762 praeto-

415 2780 579 2836 rium.
606 2776 747 2847 Quid
787 2791 968 2837 autem
1010 2792 1114 2848 est.
1157 2802 1175 2837 ι
1212 2794 1272 2839 ut
1301 2787 1658 2842 comederent
1700 2786 1955 2843 Pascha?
1985 2807 2004 2841 ι

426 2872 575 2928 Sane
634 2872 900 2930 Dominus
944 2875 1074 2931 illud
1133 2874 1463 2949 fecitprima
1506 2879 1857 2953 Azymorum.
1911 2879 2011 2938 Vel

417 2965 588 3034 igitur
619 2966 990 3036 intelligamus
1048 2984 1145 3035 per
1189 2969 1400 3025 Pascha
1453 2986 1614 3029 omne
1676 2974 1872 3028 festum
1926 2989 2012 3031 se-

417 3070 564 3127 ptem
608 3059 842 3123 dierum,
909 3060 988 3117 vel
1047 3061 1190 3130 quod
1240 3044 1355 3133 ipsi
1378 3064 1596 3133 quidem
1632 3067 2010 3123 manducaturi

2098 554 2167 631 ἦν
2190 551 2346 623 οὗτος
2376 558 2694 622 κακοποιὸς,
2726 558 2829 611 οὐκ
2855 557 2920 611 άν
2957 574 3037 610 σοι
3068 554 3473 625 παρεδώκαμεν
3504 552 3693 608 αὐτόν.

2103 649 2268 708 Εἶπεν
2302 652 2395 707 οὖν
2439 653 2622 715 αὐτοῖς
2652 654 2681 706 6
2731 651 2964 714 Πιλάτος
2991 666 3005 680 ο
3040 649 3248 703 Λάϐετε
3285 648 3450 702 αὑτὸν
3497 647 3715 717 ὑμεῖς,-

2101 747 2195 802 καὶ
2236 745 2377 800 κατὰ
2404 746 2496 799 τὸν
2530 745 2697 816 νόμον
2733 743 2889 814 ὑμῶν
2920 744 3144 813 κρίνατε
3177 742 3362 799 αὐτόν.
3395 737 3567 795 Εἶπον
3605 740 3698 793 οὖν

2101 841 2250 912 αύτῷ
2300 842 2351 894 οί
2413 840 2692 894 Ἰουδαῖοι·
2751 840 2920 910 Ἥμῖν
2966 839 3066 892 οὐκ
3116 837 3328 903 ἔξεστιν
3375 838 3697 890 ἀποκτεῖναι

2101 931 2295 986 οὐδένα
2315 931 2456 985 ’ἵνα
2484 933 2512 984 6
2541 929 2700 999 λόγος
2758 928 2852 983 τοῦ
2897 927 3072 999 Ἰησοῦ
3111 927 3373 1000 πληρωθῇ
3395 969 3409 990 ,
3442 926 3502 979 δν
3536 922 3659 979 εἷπε
3682 967 3697 990 ,

2103 1022 2389 1096 σημαίνων
2450 1023 2590 1092 ποίῳ
2642 1020 2862 1092 θανάτῳ
2932 1018 3161 1091 ἔμελλεν
3222 1018 3613 1088 ἀποθνήσκειν.
3672 1035 3691 1068 ι

2103 1116 2327 1179 Πολλοῖς
2372 1112 2749 1186 δικαστηρίοις
2804 1114 3079 1181 ὑπάγουσι
3124 1112 3215 1165 τὸν
3258 1110 3498 1179 Κύριον,
3540 1107 3700 1162 αὐτοὶ

2106 1202 2207 1275 μὲν
2256 1201 2612 1273 καθυὸρίζειν
2665 1203 2829 1257 αὐτὸν
2869 1201 3146 1272 οἰόμενοι,
3196 1202 3294 1270 τῆς
3337 1200 3393 1253 δὲ
3438 1198 3701 1270 ἀληθείας

2107 1300 2308 1370 μᾶλλον
2340 1300 2428 1354 διὰ
2457 1301 2566 1355 τῶν
2606 1300 2818 1354 πολλῶν
2852 1300 3222 1370 δικαστηρίων
3265 1299 3699 1370 ὲκφαινομένης.

2115 1393 2480 1464 Ἀνέγκλητος
2538 1393 2648 1464 γάρ
2700 1392 2789 1447 διὰ
2852 1392 3062 1447 τούτων
3121 1393 3343 1446 πάντων
3401 1395 3429 1445 6
3487 1392 3703 1462 Κύριος

2105 1481 2361 1549 ἐξελθὼν,
2412 1483 2806 1556 ἀναντίρρητον
2857 1484 2919 1537 τὸ
2961 1485 3162 1555 κράτος
3214 1484 3396 1555 ἔσχεν,
3435 1484 3703 1551 ΙἈγουσιν

2104 1576 2199 1632 οὖν
2231 1577 2397 1631 αὑτὸν
2432 1578 2513 1641 είς
2553 1576 2615 1630 τὸ
2651 1574 3013 1648 πραιτώριον.
3053 1577 3126 1630 Οὐ
3182 1574 3293 1646 γάρ
3347 1568 3494 1644 εἶχον
3544 1572 3706 1627 αὐτοὶ

2105 1670 2357 1738 ἐξουσίαν
2379 1663 2614 1736 ἀνελεῖν,
2636 1670 2732 1724 διτε
2760 1668 2872 1723 τῶν
2896 1669 3240 1741 πραγμάτων
3269 1667 3376 1722 ὑπὸ
3403 1666 3707 1736 Ῥωμαίοις

2107 1766 2379 1835 κειμένων
2399 1780 2412 1793 ·
2447 1763 2564 1834 ἅμα
2591 1763 2648 1817 δὲ
2680 1762 2774 1817 καὶ
2802 1762 3166 1816 ἐδεδοίκεισαν
3185 1803 3198 1825 ,
3242 1763 3441 1830 μήπως
3475 1758 3707 1829 ὕστερον

2106 1855 2263 1918 δίκας
2295 1855 2576 1925 ὑπόσχωσι
2616 1853 3090 1926 κατηγορηθέντες
3112 1894 3126 1915 ,
3161 1852 3239 1917 ὼς
3289 1852 3418 1907 ἄνευ
3465 1849 3709 1921 κρίσεως

2108 1948 2411 2010 ἀνελόντες.
2450 1967 2468 1998 ι
2512 1942 2621 2001 Ἦν
2649 1948 2704 1999 δὲ
2733 1947 2940 2017 πρωΐα,
2976 1965 2995 1997 ι
3043 1945 3231 2019 φησιν,
3265 1943 3353 1998 ἵνα
3390 1946 3453 1997 σὺ
3491 1942 3704 2015 μάθῃς,

2108 2041 2190 2094 ὅτι
2228 2041 2398 2110 ἥμισυ
2429 2039 2531 2110 τῆς
2574 2039 2771 2103 νυκτὸς
2819 2039 2926 2092 ὑπὸ
2972 2038 3200 2107 Καῖάφα
3243 2037 3520 2109 ἡρωτᾶτο.
3568 2035 3710 2106 Πρὶν

2108 2134 2219 2204 γὰρ
2254 2134 2525 2203 ἀλέκτορα
2558 2133 2840 2203 φωνῆσαι,
2873 2131 3097 2204 ἀπήχθη
3142 2130 3281 2201 πρὸς
3312 2130 3598 2198 Καϊάφαν.
3639 2128 3712 2181 Τί

2110 2226 2167 2280 δὲ
2204 2226 2309 2280 ὑπὸ
2347 2225 2541 2280 τούτου
2571 2225 2825 2295 ὴρωτᾶτο
2847 2264 2862 2290 ,
2899 2222 3122 2292 παρῆκε
3155 2221 3253 2292 μὲν
3282 2213 3441 2282 οὗτος
3479 2220 3507 2272 6
3537 2218 3711 2284 εύαγ-

2110 2318 2396 2390 γελιστὴς,
2427 2317 2607 2392 ἕτεροι
2642 2316 2698 2371 δὲ
2728 2311 2901 2371 εἷπον.
2938 2314 3053 2383 Τῆς
3087 2314 3144 2366 δὲ
3175 2313 3371 2375 νυκτὸς
3401 2313 3461 2366 ὲν
3494 2310 3714 2371 τούτοις

2112 2412 2463 2482 ἀνυσθείσης,
2490 2410 2708 2482 πρωίας
2734 2409 2872 2480 πρὸς
2902 2408 3136 2463 Πιλάτον
3161 2407 3460 2476 ἀπάγεται.
3491 2424 3511 2457 ι
3541 2405 3715 2459 Αὐτοὶ

2112 2505 2171 2559 δὲ
2203 2506 2303 2558 ούκ
2337 2504 2592 2574 εἰσῆλθον
2625 2505 2706 2567 είς
2743 2502 2806 2556 τὸ
2839 2500 3207 2572 πραιτώριον,
3238 2501 3325 2554 ἵνα
3360 2501 3435 2568 μὴ
3470 2496 3717 2569 μιανθῶ-

2114 2613 2218 2650 σιν.
2266 2615 2284 2649 ι
2345 2597 2410 2649 Ὢ
2458 2596 2559 2666 τῆς
2608 2593 2829 2658 ἀνοίαςί
2863 2594 3142 2658 Φονῶντες
3194 2594 3292 2664 μὲν
3324 2593 3557 2656 ἀδίκως,
3608 2592 3715 2646 οὐκ

2115 2690 2365 2760 ἐνόμιζον
2412 2688 2762 2760 μιαίνεσθαι·
2788 2687 3161 2759 δικαστηρίων
3193 2687 3251 2741 δὲ
3293 2687 3713 2752 ἐπιϐαίνοντες,

2118 2782 2353 2855 μιαίνειν
2377 2784 2606 2847 ἑαυτοὺς
2635 2782 2887 2855 ήγοῦντο.
2918 2782 2983 2836 Τί
3010 2782 3067 2836 δέ
3090 2784 3259 2847 ἐστιν,
3295 2801 3314 2834 ε
3346 2780 3436 2835 ἵνα
3489 2781 3715 2849 φάγωσι

2112 2876 2175 2930 τὺ
2216 2876 2441 2946 Πάσχα;
2487 2895 2504 2927 ι
2539 2875 2637 2928 καὶ
2683 2876 2787 2947 μὴν
2819 2875 2953 2930 αὐτὸ
2994 2876 3023 2929 6
3066 2873 3271 2945 Κύριος
3330 2873 3602 2942 πεποίηκε
3640 2873 3713 2942 τῇ

2117 2966 2316 3042 πρώτῃ
2338 2967 2448 3021 τῶν
2488 2965 2766 3036 Ἀζύμων.
2792 2968 2862 3020 Ἦ
2890 2966 2983 3021 οὖν
3020 2967 3213 3036 Πάσχα
3240 2967 3339 3035 τὴν
3376 2966 3572 3036 ἑορτὴν
3602 2964 3718 3017 πᾶ-

2115 3080 2216 3117 σαν
2241 3063 2512 3132 νοήσομεν
2541 3060 2641 3123 τὰς
2672 3059 2816 3113 ἑπτὰ
2835 3060 3075 3130 ἡμέρας,
3108 3060 3140 3127 ἦ
3170 3062 3255 3112 ὅτι
3280 3058 3435 3113 αὐτοὶ
3469 3059 3568 3125 μὲν
3587 3057 3717 3111 τότε

417 3159 577 3206 erant
607 3151 659 3205 in
687 3166 997 3220 parascevae
1058 3169 1305 3224 vespere.
1340 3155 1462 3226 Ipse
1518 3168 1701 3214 autem
1746 3161 2006 3217 Dominus

2115 3154 2343 3226 ἔμελλον
2362 3152 2497 3207 αὐτὸ
2519 3155 2714 3222 φαγεῖν
2729 3154 2795 3223 τῇ
2819 3154 3140 3223 παρασκευῇ
3167 3152 3410 3224 ἑσπέρας
3435 3168 3449 3183 ·
3474 3150 3639 3213 αὐτὸς
3656 3150 3719 3203 δὲ

420 3256 529 3296 uno
563 3242 650 3298 die
679 3244 958 3314 przevenit,
992 3261 1284 3303 reservans
1330 3251 1413 3305 sui
1473 3251 1809 3307 occisionem
1846 3269 2010 3324 para-

418 3349 615 3399 scevm,
643 3344 863 3408 quando
890 3348 947 3395 et
976 3349 1133 3396 vetus
1157 3338 1327 3397 fiebat
1354 3342 1587 3400 Pascha.
1616 3344 1786 3401 Porro
1808 3346 2014 3406 Pilatus

417 3428 697 3498 aliquanto
728 3431 1038 3498 humanior,
1066 3433 1182 3501 ipse
1210 3436 1490 3506 egreditur
1518 3454 1532 3490 :
1563 3448 1620 3493 et
1651 3438 1778 3507 quia
1829 3439 2015 3495 Domi-

420 3536 549 3576 num
600 3522 734 3577 vidit
769 3523 1035 3590 vinctum,
1087 3540 1196 3580 non
1240 3527 1575 3583 existimavit
1632 3530 1759 3585 inde
1812 3532 1924 3601 jam
1956 3548 2015 3588 se

418 3627 642 3670 causam
678 3614 881 3674 habere
910 3629 1102 3674 contra
1127 3620 1435 3688 Christum,
1486 3624 1582 3678 sed
1614 3623 1917 3699 interrogat
1947 3627 2016 3683 de

418 3720 581 3760 causa
617 3706 982 3764 vinculorum.
1012 3709 1082 3764 At
1116 3710 1167 3764 bi
1203 3727 1329 3767 cum
1378 3713 1515 3767 nihil
1550 3726 1777 3786 possent
1808 3718 2012 3786 dicere,

426 3814 446 3847 ι
480 3794 592 3852 Nisi
631 3796 719 3852 hic
749 3810 896 3853 esset
957 3799 1302 3868 malefactor,
1366 3805 1544 3872 aiunt,
1610 3822 1717 3863 non
1746 3807 1844 3864 tibi
1908 3821 2015 3864 tra-

418 3888 746 3945 didissemus
784 3906 931 3950 eum.
968 3911 987 3945 ι
1023 3892 1187 3950 Vides
1238 3911 1335 3953 eos
1389 3900 1536 3954 omni
1565 3900 1688 3956 loco
1741 3902 2018 3959 declinare

422 3983 1067 4041 accusationes?Annas
1120 3987 1525 4061 interrogavit,
1568 4003 1625 4047 et
1677 3994 1814 4048 nihil
1861 3996 2016 4051 inve-

423 4074 516 4127 nit.
548 4073 708 4147 742
740 4077 821 4130 Ad
851 4077 1114 4147 Caipham
1158 4082 1325 4147 misit,
1364 4083 1454 4152 qui
1492 4083 1689 4139 iterum
1736 4102 1859 4140 cum
1892 4101 2016 4143 exa-

422 4164 691 4222 minasset
719 4182 867 4236 eum,
932 4170 999 4225 ad
1043 4171 1280 4229 Pilatum
1331 4175 1502 4231 misit.
1554 4176 1760 4235 Deinde
1803 4163 2017 4238 Pilatus

423 4257 621 4315 iterum
677 4261 984 4334 interrogat
1027 4264 1247 4331 :Quam
1313 4264 1719 4326 accusatibnem
1805 4273 2015 4330 habetis

424 4362 616 4407 contra
684 4354 874 4410 hunc?
924 4356 991 4411 Et
1046 4373 1223 4429 neque
1250 4359 1501 4418 hocloco
1565 4362 1751 4419 dicere
1809 4367 2013 4437 aliquid

421 4455 673 4514 possunt.
698 4445 855 4503 Unde
882 4448 1008 4519 quia
1046 4449 1180 4505 nihil
1212 4450 1399 4506 dicunt
1427 4471 1441 4507 :
1476 4470 1495 4505 ‹
1527 4454 1792 4524 Accipite,
1819 4457 2014 4527 inquit,

2119 3247 2226 3319 πρὸ
2259 3248 2389 3317 μιᾶς
2415 3245 2549 3299 αὐτὸ
2579 3245 2890 3317 παρέδωκε,
2918 3244 3104 3316 τηρῶν
3126 3244 3227 3313 τὴν
3263 3241 3460 3297 ἑαυτοῦ
3491 3244 3720 3313 σφαγὴν

2116 3343 2184 3411 τῇ
2218 3324 2584 3409 παρασκευῇ,
2620 3338 2711 3391 ὅτε
2746 3337 2841 3390 καὶ
2874 3338 2936 3391 τὸ
2972 3337 3204 3392 παλαιὸν
3239 3336 3451 3404 ἐγίνετο
3494 3336 3716 3404 Πάσχα.

2132 3431 2191 3486 Ὀ
2213 3432 2269 3485 δὲ
2302 3429 2534 3493 Πιλάτος
2564 3429 2976 3501 ἐπιεικέστερόν
3006 3446 3060 3483 τι
3086 3428 3278 3492 ποιῶν,
3309 3428 3476 3490 αὐτὸς
3505 3428 3677 3494 ἔξεισι
3698 3442 3715 3456 ο

2119 3525 2217 3580 καὶ
2254 3524 2443 3593 ἐπειδὴ
2472 3523 2564 3576 τὸν
2598 3523 2804 3593 Κύριον
2828 3517 2937 3577 εἶδε
2965 3522 3277 3599 δεδεμένον,
3317 3523 3421 3575 οὐκ
3460 3521 3722 3592 ἐνόμισεν

2119 3617 2373 3674 ἐντεῦθεν
2430 3616 2533 3688 ἥδη
2586 3616 2809 3687 ἔλεγχον
2866 3616 3011 3687 ἔχειν
3073 3615 3217 3669 κατὰ
3274 3614 3554 3686 Χριστοῦ,
3599 3611 3722 3668 ἀλλ’

2119 3714 2303 3785 ἐρωτᾷ
2345 3715 2444 3783 τὴν
2478 3712 2658 3766 αίτίαν
2692 3712 2802 3765 τῶν
2841 3710 3078 3781 δεσμῶν.
3110 3710 3173 3764 Ui
3219 3710 3276 3764 δὲ
3306 3709 3459 3763 οὐδὲν
3502 3708 3724 3778 ἔχοντες

2119 3806 2319 3869 εἰπεῖν,
2369 3823 2386 3855 ι
2426 3805 2488 3857 Ei
2525 3803 2599 3875 μὴ
2626 3799 2697 3876 ἦν
2727 3796 2885 3868 οὗτος
2925 3802 3245 3867 κακοποιὸς,
3278 3803 3471 3872 φασιν,
3506 3802 3612 3855 οὐκ
3654 3801 3725 3855 ἄν

2121 3915 2205 3952 σοι
2245 3896 2645 3967 παρεδώκαμεν
2693 3896 2874 3951 αὐτόν.
2938 3915 2958 3949 ι
3006 3896 3173 3967 Ὁρᾷς
3221 3894 3497 3965 πανταχοῦ
3532 3894 3724 3947 ἐκκλί-

2119 4007 2312 4053 νοντας
2338 3989 2464 4051 τοὺς
2494 3988 2777 4058 ὲλέγχουςς
2816 3988 2874 4043 '0
2898 3989 3099 4051 Ἀννας
3127 3986 3407 4059 ἠρώτησε,
3442 3988 3541 4040 καί⁵
3564 3987 3723 4041 οὐδὲν

2120 4081 2334 4152 εὑρὼν,
2368 4081 2504 4150 πρὸς
2553 4080 2812 4149 Καϊάφαν
2864 4079 3130 4150 ἔπεμψεν.
3168 4074 3338 4142 Οὗτος
3371 4078 3538 4133 πάλιν
3581 4079 3724 4132 ἀνα-

2120 4172 2315 4243 κρίνας
2337 4215 2352 4239 ,
2378 4173 2513 4245 πρδς
2546 4172 2778 4227 Πιλάτον
2805 4173 3041 4226 στέλλει.
3075 4169 3209 4225 Εἶτα
3236 4174 3263 4225 6
3291 4172 3526 4235 Πιλᾶτος
3557 4171 3726 4225 πάλιν

2120 4266 2338 4338 ἐρωτᾷ·
2392 4264 2525 4319 Τίνα
2562 4265 2903 4337 κατηγορίαν
2946 4265 3100 4336 ἔχετε
3141 4264 3284 4318 κατὰ
3321 4264 3556 4331 vetitos;
3609 4264 3727 4317 Καὶ

2119 4358 2242 4413 οὐδὲ
2287 4357 2518 4411 ἐνταῦθα
2555 4357 2739 4428 ἔχουσί
2776 4374 2829 4412 τι
2870 4358 3068 4413 εἰπεῖν.
3106 4357 3271 4411 Ὅθεν
3303 4356 3498 4427 ἐπειδὴ
3529 4357 3591 4410 οὐ
3634 4355 3726 4409 λέ-

2120 4468 2312 4520 γουσιν
2372 4451 2567 4513 οὐδὲν,
2611 4469 2629 4502 ι
2671 4450 2925 4513 Λάΰετε,
2978 4449 3178 4519 φησὶν,
3237 4448 3403 4502 αὑτὸν
3455 4448 3639 4518 ὑμεῖς.
3698 4465 3717 4498 ι

428 4549 527 4590 vos
557 4536 732 4606 illum,
767 4558 788 4591 ι
822 4540 949 4611 quia
973 4540 1119 4596 enim
1154 4541 1444 4614 vobisipsis
1468 4545 1735 4614 judicium
1763 4549 2010 4605 vindica-

2136 4544 2362 4612 Ἐπειδὴ
2408 4544 2520 4614 γὰρ
2576 4544 2792 4607 ἑαυτοῖς
2842 4542 3174 4612 ἐπιτρέπετε
3225 4539 3326 4609 τὴν
3370 4539 3594 4613 κρίσιν,
3628 4540 3725 4595 καὶ

425 4628 517 4696 Iis,
548 4639 604 4685 et
641 4643 970 4703 arroganter
1028 4632 1340 4705 loquimini,
1385 4638 1543 4706 quasi
1594 4638 1726 4695 nihil
1777 4658 2014 4712 unquam

429 4720 557 4776 mali
580 4720 869 4781 feceritis:
902 4744 922 4777 ι
959 4724 1075 4783 Nisi
1110 4728 1282 4795 enim,
1311 4729 1590 4800 inquiunt,
1624 4730 1812 4788 fuisset
1850 4736 2016 4792 male-

424 4812 626 4881 factor,
660 4831 765 4872 non
795 4818 892 4873 tibi
920 4819 1339 4877 tradidissemus
1371 4837 1538 4878 eum:
1580 4841 1600 4876 ›
1626 4825 1725 4894 ipsi
1763 4827 2017 4898 accipite,

424 4905 768 4974 etjudicate.
800 4908 857 4965 Si
894 4916 1076 4967 autem
1102 4912 1170 4967 ad
1203 4928 1291 4969 me
1316 4913 1652 4971 delulissetis
1679 4931 1934 4985 causam,
1964 4928 2020 4973 et

421 4997 653 5052 formam
686 4998 826 5067 juris
853 5001 1198 5068 servassetis,
1243 5005 1615 5059 necessarium
1649 5006 1842 5063 fuisset
1887 5025 2018 5080 pro-

422 5090 573 5147 ferre
625 5106 819 5149 causas
860 5093 1120 5150 hominis.
1174 5113 1194 5148 ι
1240 5094 1493 5154 Judicale
1532 5113 1655 5153 eum
1686 5116 1802 5157 vos.
1841 5121 1861 5154 ι
1909 5102 2021 5173 Ego

423 5185 572 5241 enim
630 5188 943 5259 neutiquam
1001 5189 1126 5246 talis
1145 5189 1318 5260 judex
1352 5189 1576 5248 fuerim.
1632 5191 1802 5264 lgitur
1830 5195 1874 5251 si
1932 5196 2018 5249 lex

425 5288 615 5333 vestra
650 5294 757 5336 non
789 5283 979 5337 audita
1008 5298 1173 5339 causa
1224 5287 1400 5355 punit,
1437 5287 1722 5358 «judicate
1750 5288 1878 5359 ipsi.
1910 5306 1929 5340 ι
1955 5288 2025 5342 At

425 5373 502 5429 illi
525 5374 713 5431 dicunt
740 5394 753 5431 :
791 5397 808 5429 ε
838 5377 1009 5435 Nobis
1044 5397 1148 5438 non
1178 5382 1302 5438 licet
1333 5383 1586 5439 occidere
1611 5397 1964 5452 quemquam.
1998 5400 2016 5434 ι

427 5466 543 5525 Hoc
575 5479 753 5526 autem
788 5473 1046 5531 dixerunt
1074 5476 1315 5533 scientes
1340 5478 1484 5546 quod
1519 5477 1748 5531 Romani
1783 5477 1850 5530 ad
1899 5490 2026 5529 cru-

425 5577 546 5617 cem
594 5564 1023 5626 condemnarent
1060 5570 1315 5627 rebelles.
1352 5570 1418 5628 Ut
1455 5571 1623 5641 igitur
1662 5568 2023 5638 cruciﬁgere-

432 5662 520 5709 tur
548 5656 829 5725 Domiuus,
859 5671 914 5717 et
936 5678 1085 5720 mors
1133 5663 1250 5733 ejus
1272 5662 1672 5735 iuvulgaretur,
1701 5662 1822 5732 ejus
1844 5658 2023 5731 gratia

430 5757 738 5825 praetexunt
786 5757 930 5824 quod
968 5773 1077 5813 non
1115 5757 1284 5815 liceat
1336 5757 1441 5814 sibi
1492 5755 1785 5811 occidere:
1820 5751 2026 5821 alioqui

430 5845 701 5912 quomodo
745 5846 1085 5920 Stephanum
1138 5849 1567 5927 lapidarunt”?
1615 5848 1733 5918 sed,
1768 5856 1827 5902 ut
1885 5843 2021 5903 dixi.

508 5938 552 5969 ⁹⁹
576 5936 699 5997 Act.
734 5958 828 6008 vn,
857 5945 945 6001 58.

2123 4635 2544 4701 ἀλαζονεύεσθε,
2581 4634 2657 4699 ὡς
2686 4636 2787 4689 οὐκ
2821 4635 2887 4689 ἂν
2919 4634 3105 4690 ἄδικόν
3129 4651 3181 4689 τι
3206 4634 3534 4707 ποιήσοντες
3559 4649 3720 4687 ποτε.

2129 4754 2147 4795 ς
2196 4735 2260 4788 Εἰ
2289 4732 2364 4804 μὴ
2393 4731 2503 4803 γὰρ
2527 4726 2616 4802 ἦν,
2651 4732 2802 4799 φασὶ,
2846 4731 3163 4795 κακοποιδς,
3190 4731 3291 4784 οὐκ
3337 4730 3403 4784 ἄν
3434 4746 3517 4783 σοι
3550 4746 3729 4800 παρε-

2124 4827 2382 4896 δώκαμεν
2405 4825 2574 4878 αὐτὸν
2613 4843 2659 4889 1,
2692 4844 2712 4877 ‹
2745 4824 2902 4878 αὐτοὶ
2932 4823 3151 4890 λάϐετε,
3175 4824 3271 4878 καὶ
3313 4824 3562 4896 κρίνατε.
3600 4842 3620 4875 ι
3660 4823 3725 4877 Ei

2124 4919 2181 4972 δὲ
2215 4920 2353 4990 πρὸς
2388 4918 2487 4987 ἐμὲ
2527 4916 2822 4987 ἠνέγκατε.
2857 4916 2952 4970 καὶ
2995 4916 3183 4987 σχῆμα
3225 4915 3588 4986 δικαστηρίου
3619 4931 3726 4969 πε-

2128 5011 2388 5082 ριάπτετε
2413 5010 2489 5079 τῷ
2514 5009 2825 5081 πράγματι,
2855 5009 3154 5077 ἀναγκαῖον
3181 5009 3419 5074 ἐξειπεῖν
3447 5009 3518 5062 τὰ
3542 5008 3728 5062 αίτιά-

2129 5120 2275 5174 ματα
2311 5101 2405 5155 τοῦ
2439 5101 2751 5171 ἀνθρώπου.
2794 5119 2811 5151 ι
2858 5098 3096 5170 Κρίνατε
3125 5098 3218 5153 οὖν
3260 5099 3426 5153 αὑτὸν
3459 5101 3658 5170 ὑμεῖς’
3702 5118 3723 5151 ι

2125 5192 2239 5263 ἐγὼ
2273 5193 2382 5263 γὰρ
2415 5192 2516 5245 οὐκ
2546 5191 2611 5245 ἂν
2636 5192 2897 5262 δικαστὴς
2930 5191 3174 5256 τοιοῦτος
3202 5192 3341 5261 εῖην.
3374 5193 3439 5246 Εί
3470 5193 3657 5247 τοίνυν
3700 5195 3731 5248 6

2125 5288 2292 5358 νόμος
2323 5285 2477 5355 ὑμῶν
2511 5283 2773 5347 ἀναιτίως
2796 5285 3037 5351 κολάζει,
3082 5304 3102 5337 ι
3135 5286 3362 5357 κρίνατε
3391 5286 3572 5342 αὐτοί.
3610 5305 3630 5339 ι
3662 5288 3732 5341 Oi

2124 5382 2206 5445 δὲ,
2242 5399 2261 5432 ι
2314 5379 2476 5450 Ἡμῖν
2514 5379 2613 5431 οὐκ
2646 5376 2856 5442 ἔξεστιν
2889 5380 3207 5434 ἀποκτεῖναι
3242 5381 3458 5444 οὐδένα,
3503 5400 3523 5433 ι
3570 5381 3729 5451 φασί.

2127 5472 2300 5528 Τοῦτο
2334 5472 2391 5525 δὲ
2422 5471 2674 5540 λέγουσιν
2710 5469 2912 5534 είδὸτες
2934 5510 2950 5534 ,
2984 5472 3067 5524 ὅτι
3102 5474 3151 5525 oi
3189 5471 3457 5543 Ῥωμαῖοι
3497 5474 3732 5547 σταυρῷ

2126 5564 2556 5627 καταδικάζουσι
2607 5563 2732 5626 τοὺς
2764 5562 3059 5632 ἁντάρτας.
3106 5564 3206 5617 ’Ἰν’
3240 5563 3335 5617 οὖν
3365 5566 3661 5637 σταυρωθῇ
3703 5569 3734 5622 6

2129 5656 2357 5727 Κύριος,
2395 5657 2491 5708 καὶ
2521 5653 2550 5706 6
2583 5653 2817 5716 θάνατος
2854 5653 3019 5708 αὐτοῦ
3063 5655 3429 5728 ὲκπομπευθῇ
3465 5650 3575 5711 καΐ
3598 5661 3733 5712 tm-

2128 5748 2438 5819 κατάρατος
2482 5744 2774 5818 κηρυχθῇ,
2823 5744 3015 5799 τούτου
3060 5746 3248 5801 ἕνεκεν
3289 5749 3734 5818 σχηματίζονται

2127 5842 2203 5905 τὸ,
2223 5842 2298 5913 μὴ
2330 5840 2533 5905 ἐξεῖναι
2563 5838 2747 5903 αὐτοῖς
2772 5837 3093 5896 ἀποκτεῖναι
3116 5857 3133 5873 ο
3161 5839 3284 5898 ἐπεὶ
3315 5840 3436 5905 πῶς
3472 5842 3566 5895 τὸν
3595 5841 3734 5896 Στέ-
