4056 6576
320 393 437 457 25⁵1

967 399 1413 464 ENARRATIO
1444 403 1528 466 IN
1568 402 2069 469 EVANGELIUM
2105 390 2451 469 JOANNIS.
2471 407 2711 470 -CAP.
2736 409 2955 474 XVIII.

3494 416 3599 478 258

314 523 497 573 φανον
549 504 916 576 ἑλιθοϐόλουνξ
956 513 1100 568 Ἀλλ’
1146 515 1285 587 ὅπερ
1321 510 1496 584 εἶπον,
1537 516 1914 588 σταυρωθῆναι

2021 516 2263 585 cruciﬁgi
2331 517 2618 576 Dominum
2678 521 2959 589 volentes,
3014 523 3117 580 hoc
3168 522 3386 591 dicunt,
3439 530 3597 596 quasi

311 598 418 652 τὸν
457 600 662 673 Κύριον
707 602 1058 675 βουλόμενοι,
1105 608 1264 661 τοῦτο
1292 608 1578 676 λέγουσιν·
1622 610 1811 680 ὥσπερ
1850 609 1916 663 ἂν

311 693 373 743 εξ
411 690 582 756 οῦτως
623 691 809 749 εἷπον·
853 696 1016 767 Ἡμῖν
1050 699 1150 753 οὐκ
1203 699 1412 766 ἔξεστιν
1462 703 1781 757 ἀποκτεῖναι
1828 700 1918 755 διὰ

313 784 568 857 σταυροῦ
599 787 793 840 οὐδένα
817 802 832 816 ·
862 788 924 841 :6
956 788 1012 840 δὲ
1059 791 1446 862 σταυρωθῆναι
1478 792 1687 857 τοῦτον,
1723 792 1916 846 ἐπιπό-

311 873 494 945 θητον
525 879 675 946 ἡμῖν.
717 897 736 931 ι
775 879 894 932 Ἵνα
930 882 958 933 6
985 880 1141 949 λόγος
1165 881 1260 935 τοῦ
1303 881 1481 954 Ἰησοῦ
1516 883 1820 954 πληρωθῇ,
1855 880 1917 935 ὃν

310 964 449 1022 εἷπε
493 988 512 1020 ι
547 971 675 1040 περὶ
713 970 807 1024 τοῦ
850 971 1083 1027 Θανάτου
1121 973 1320 1039 αὑτοῦ,
1361 975 1443 1028 ὃτι
1473 974 1719 1046 δηλονότι
1750 991 1916 1028 σταυ-

311 1062 642 1133 ρωθήσεται
663 1103 678 1127 ,
712 1063 744 1133 ἢ
779 1066 863 1118 ὅτι
890 1066 988 1137 οὐχ
1019 1066 1125 1120 ὑπὸ
1175 1068 1446 1122 Ἰουδαίων
1470 1110 1487 1135 ,
1517 1067 1657 1122 ἀλλά
1686 1068 1781 1122 καὶ
1811 1068 1915 1122 ὑπὸ

309 1153 561 1208 ἐθνικῶν
611 1156 837 1225 ἔμελλεν
895 1157 1261 1228 ἀναιρεῖσθαι.
1326 1160 1605 1214 Είπόντων
1659 1155 1752 1214 οῦν
1806 1157 1915 1215 τῶν

325 1248 630 1312 Ἰουδαίων,
676 1250 758 1302 ὅτι
811 1268 830 1302 ι
890 1242 1055 1321 Ἡμῖν
1101 1251 1201 1305 οὐκ
1240 1251 1452 1319 ἔξεστιν
1488 1255 1830 1321 ἀποκτεῖναι,
1890 1270 1910 1305 ι

311 1341 821 1411 παραλαμῶὶνουσι
861 1343 1047 1398 λοιπον
1083 1346 1245 1400 αὐτὸν
1276 1346 1325 1399 οἱ
1362 1347 1587 1411 ἐθνικοὶ,
1622 1347 1717 1401 καὶ
1749 1364 1915 1402 σταυο

314 1436 488 1504 ροῦσι
516 1438 657 1491 κατᾶ
693 1437 756 1490 :6
781 1436 1086 1507 εἰθισμένον
1113 1440 1299 1502 αὐτοῖς
1319 1480 1333 1505 ,
1372 1441 1468 1493 καὶ
1494 1438 1638 1494 οὕτω
1671 1441 1777 1510 πλη
1789 1439 1916 1512 ροῦ-

313 1546 423 1591 ται
473 1534 502 1584 6
556 1530 713 1600 λόγος
766 1537 860 1587 τοῦ
923 1533 1100 1607 Ἰησοῦ
1143 1534 1565 1605 ἀμφοτέρωθεν,
1611 1535 1675 1590 ἐκ
1720 1554 1779 1591 τε
1820 1535 1917 1590 τοῦ

311 1617 564 1682 ἑθνικοῖς
600 1619 970 1692 παραδοθῆναι
992 1660 1006 1686 ,
1046 1624 1140 1675 καὶ
1170 1621 1267 1675 τοῦ
1301 1624 1703 1694 σταυρωθῆναι.

411 1727 431 1760 ι
466 1709 727 1779 Εἰσῆλθεν
753 1705 846 1764 οῦν
874 1713 954 1774 είς
978 1711 1037 1766 :6
1066 1711 1398 1785 πραιτώριον
1422 1713 1585 1768 πάλιν
1611 1717 1639 1768 6
1660 1714 1912 1780 Πιλᾶτος,

312 1801 429 1855 καὶ
464 1800 710 1872 ὲφὼνησε
738 1803 831 1857 τὸν
882 1804 1121 1875 Ἰησοῦν,
1164 1805 1259 1859 καὶ
1288 1801 1442 1859 εἶπεν
1474 1804 1625 1878 αύτῷ
1645 1824 1658 1839 ·
1701 1807 1774 1860 Σὺ
1810 1803 1862 1861 εἴ
1888 1810 1915 1861 6

316 1888 590 1958 βασιλεὺς
611 1891 718 1945 τῶν
759 1890 1062 1961 Ἰουδαίων;
1103 1897 1400 1968 Ἀπεκρίθη
1425 1897 1574 1968 αὐτῷ
1598 1900 1626 1951 ό
1667 1896 1874 1969 Ἰησοῦς
1899 1914 1914 1930 ·
1944 1881 1993 1941 Β

2020 605 2102 660 sic
2145 604 2415 663 dixissent
2449 625 2463 663 :
2504 625 2523 659 t
2559 609 2723 666 Nobis
2752 627 2857 667 non
2888 612 3013 668 licet
3036 614 3286 671 occidere
3314 633 3333 667 ι
3354 616 3411 671 in
3441 631 3604 673 cruce

2026 721 2045 755 ι
2095 718 2445 773 quemquam.
2501 723 2520 756 ι
2598 704 3136 765 Desideratissimum
3204 719 3383 767 autem
3454 720 3601 767 esset

2020 794 2177 850 nobis
2208 798 2350 865 quod
2379 797 2809 868 cruciﬁgeretur.
2837 818 2857 851 ι
2891 800 2962 856 Ut
2996 816 3177 857 sermo
3204 802 3332 858 Jesu
3366 803 3598 874 implea-

2024 895 2111 939 tur
2151 901 2311 955 quem
2365 887 2581 942 dixerat
2648 907 2667 941 ι
2705 890 2771 944 de
2820 901 2994 945 morte
3046 906 3164 959 sua,
3211 908 3406 962 nempe
3454 896 3598 964 qnml

2023 978 2426 1047 cruciﬁgendus
2479 989 2647 1047 esset,
2678 981 2763 1036 vel
2806 982 2948 1051 quod
2990 997 3093 1037 non
3128 997 3155 1037 a
3178 982 3399 1053 Judmis,
3446 987 3540 1040 sed
3570 1001 3600 1039 ιι

2023 1072 2277 1142 gentibus
2324 1072 2678 1130 occidendus.
2735 1072 2869 1129 Cum
2910 1089 3041 1143 ergo
3090 1075 3355 1130 dixissent
3401 1074 3595 1145 Judaei,

2026 1180 2044 1213 ι
2083 1160 2249 1218 Nobis
2298 1178 2403 1218 non
2436 1164 2562 1220 licet
2607 1165 2876 1231 occidere,
2914 1184 2933 1218 ι
2966 1174 3098 1221 tunc
3159 1167 3432 1236 accipiunt
3475 1182 3599 1222 eum

2019 1255 2272 1324 gentiles,
2319 1265 2374 1312 et
2403 1272 2501 1327 pro
2532 1272 2630 1312 sua
2657 1259 3047 1315 consuetudine
3077 1259 3419 1328 cruciﬁguut.
3439 1258 3503 1313 Et
3524 1260 3601 1314 ita

2019 1347 2274 1417 impletur
2309 1363 2489 1404 sermo
2517 1347 2665 1414 Jesu,
2717 1339 2939 1419 etquod
2986 1350 3214 1404 traditus
3285 1351 3598 1422 gentilibus,

2017 1448 2073 1494 et
2105 1441 2249 1511 quod
2297 1440 2609 1496 cruciﬁxus.

2096 1736 2475 1794 Vens.33-56.
2518 1754 2538 1790 ι
2584 1735 2831 1793 Introivit
2882 1752 3012 1808 ergo
3052 1737 3246 1794 iterum
3291 1754 3344 1794 in
3399 1748 3598 1809 prauo-

2022 1829 2161 1884 rium
2197 1827 2426 1894 Pilatus,
2457 1837 2512 1885 et
2538 1828 2978 1894 vocavitJesum,
2999 1838 3054 1886 et
3072 1829 3266 1885 dixitei
3294 1847 3308 1885 :
3336 1830 3487 1886 Tues
3512 1831 3601 1886 ille

2024 1939 2115 1979 rex
2165 1921 2518 1978 Judaeorum?
2564 1920 2861 1992 Respondit
2890 1920 3048 1976 Jesus
3095 1937 3111 1975 :
3148 1921 3193 1974 A
3222 1921 3503 1991 temetipso
3541 1930 3600 1975 tu

327 1980 469 2049 'Atp’
496 1982 691 2037 ἑαυτοῦ
720 1983 782 2037 σὺ
823 1985 980 2040 τοῦτο
1005 1986 1211 2056 λέγεις,
1251 1988 1284 2060 ἢ
1316 1989 1464 2043 ἄλλοι
1493 2007 1578 2043 σοι
1608 1987 1760 2043 εἷπον
1787 1990 1914 2061 περὶ

2022 2015 2125 2070 hoc
2157 2015 2313 2078 dicis,
2350 2029 2418 2069 an
2460 2013 2551 2070 alii
2592 1980 2848 2073 dixerunt
2887 2012 2983 2069 tibi
3021 2012 3090 2067 de
3143 2011 3264 2067 me?
3299 1980 3600 2081 Respondit

314 2074 504 2144 ὲμοῦ;
558 2074 854 2146 Ἀπεκρίθη
888 2077 1038 2148 αὐτῷ
1071 2079 1098 2132 6
1147 2078 1411 2144 Πιλᾶτος·
1442 2081 1588 2152 Μήτι
1621 2080 1734 2150 ἐγὼ
1780 2083 1914 2136 Ἰου-

2021 2074 2420 2162 ΡίΙιιιιιεεΝιιιη
2453 2120 2555 2178 ego
2590 2104 2809 2161 Judaeus
2849 2120 2968 2161 sum
2992 2105 3017 2159 ?
3041 2103 3186 2159 Gens
3214 2112 3301 2157 tua
3336 2112 3390 2158 et
3410 2074 3599 2172 ponti-

312 2167 480 2233 δαίός
504 2171 617 2241 είμι
643 2186 659 2237 ;
689 2171 762 2224 T6
798 2172 947 2238 ἔθνος
977 2171 1038 2227 :6
1078 2172 1169 2225 σὺν
1208 2172 1303 2226 καὶ
1353 2175 1401 2226 oi
1431 2175 1709 2246 ἀρχιερεῖς
1737 2175 1912 2249 παρέ-

313 2257 517 2312 δωκάν
557 2276 616 2312 σε
673 2261 816 2331 ἐμοί.
855 2261 919 2315 Τί
957 2262 1261 2333 ὲποίησας;
1319 2264 1620 2337 Ἀπεκρίθη
1671 2267 1910 2338 Ἰησοῦς·

330 2348 416 2403 Ἥ
447 2350 693 2422 βασιλεία
724 2355 756 2425 ἡ
791 2353 900 2423 ἐμὴ
936 2355 1036 2408 οὐκ
1063 2353 1210 2409 ἔστιν
1244 2356 1309 2409 ἐκ
1337 2356 1431 2409 τοῦ
1463 2359 1669 2428 κόσμου
1699 2357 1911 2412 τούτου.

318 2441 400 2494 Et
444 2445 509 2497 ἐκ
551 2442 644 2497 τοῦ
692 2447 900 2516 κόσμου
930 2447 1121 2501 τούτου
1164 2442 1231 2520 ἦν
1258 2449 1303 2519 ’ή
1347 2448 1594 2518 βασιλεία
1638 2451 1665 2519 ἡ
1699 2450 1830 2520 ἐμὴ,
1866 2449 1914 2502 οἱ

320 2536 611 2605 ὑπηρέται
641 2537 707 2590 ἂν
732 2539 781 2591 oi
824 2538 949 2609 ἐμοὶ
990 2539 1344 2609 ἠγωνίζοντο,
1378 2541 1467 2594 ἶνα
1508 2542 1583 2613 μὴ
1626 2541 1916 2613 παραδοθῶ

318 2630 451 2691 τοῖς
502 2629 795 2694 Ἰουδαίοις.
830 2628 946 2686 Νῦν
987 2630 1044 2684 δὲ
1081 2634 1114 2702 ἡ
1151 2631 1398 2703 βασιλεία
1435 2634 1469 2704 ἠ
1500 2635 1608 2705 ἐμὴ
1637 2634 1737 2688 οὐκ
1767 2633 1915 2687 ἐστιν

319 2720 606 2777 ἐντεῦθεν.
648 2740 667 2774 ι
733 2723 1015 2797 Ἐφώνησε
1059 2725 1152 2780 τὸν
1195 2727 1404 2797 Ἰησοῦν
1443 2727 1474 2780 6
1514 2726 1749 2791 Πιλᾶτος
1790 2727 1913 2780 κατ’

318 2813 506 2880 Ιδίαν,
534 2815 720 2888 ἐπειδὴ
753 2818 963 2889 μεγάλη
1009 2820 1108 2891 μὲν
1141 2821 1270 2892 περὶ
1303 2818 1468 2874 αὐτοῦ
1495 2819 1763 2892 ὑπόληψις
1800 2817 1870 2892 ἦν
1892 2860 1908 2886 ,

321 2906 585 2960 ἐϐούλετο
613 2909 670 2961 δὲ
702 2910 895 2980 μαθεῖν
939 2911 1187 2983 ἀκριϐῶς
1230 2910 1780 2983 ἀπηλλαγμένοςκτοῦ
1825 2912 1913 2965 θο-

322 3000 657 3069 ρύϐου-τῶν
704 3003 990 3060 Ἰουδαίων.
1046 3005 1256 3076 Ἐρωτᾷ
1301 3001 1392 3059 οὖν
1435 3005 1627 3069 αὑτὸν,
1664 3005 1714 3057 εί
1761 3003 1914 3075 βασι-

318 3090 461 3154 λεύς
486 3095 631 3146 ἐστιν
651 3110 665 3124 ·
698 3093 727 3147 ὃ
755 3094 1115 3166 περιεφέρετο
1142 3095 1293 3166 παρὰ
1330 3096 1484 3163 πᾶσι,
1511 3095 1671 3150 τοῦτο
1699 3098 1778 3161 εἰς
1816 3097 1913 3166 μέ-

329 3200 432 3237 σον
457 3184 623 3254 άγων.
664 3186 723 3241 'U
752 3186 808 3241 δὲ
839 3188 1077 3259 Χριστὸς
1103 3189 1285 3261 ἐρωτᾷ
1305 3190 1488 3255 αὑτὸν,
1518 3190 1569 3242 εί
1598 3190 1691 3259 ἀφ’
1714 3186 1910 3243 ἑαυτοῦ

325 3279 495 3332 τοῦτο
538 3280 702 3351 λέγει,
743 3282 775 3354 ἢ
803 3285 912 3336 ἀπὸ
944 3283 1152 3339 άι.λων⁶
1188 3284 1289 3337 οὐκ
1334 3284 1565 3354 ἀγνοῶν,
1596 3283 1713 3339 ἀλλ’
1746 3285 1913 3337 ἑκκα-

326 3370 498 3441 λύψαι
538 3372 637 3444 τὴν
683 3374 925 3446 πονηράν
974 3376 1083 3429 τῶν
1145 3376 1415 3431 Ἰουδαίων
1455 3374 1680 3447 γνώμην
1723 3374 1912 3446 βουλό-

334 3482 529 3537 μενος,
574 3467 715 3520 ὥστε
760 3470 854 3522 καὶ
909 3469 1013 3522 ὑπὸ
1056 3468 1151 3523 τοῦ
1188 3469 1422 3524 Πιλάτου
1466 3468 1913 3540 κατηγορηθῆναι

329 3556 549 3620 αὐτούς.
582 3557 676 3610 Διὸ
716 3559 810 3611 καὶ
854 3560 882 3611 6
913 3559 1143 3623 Πιλᾶτος
1184 3558 1493 3624 ἀκολούθως
1528 3556 1590 3613 :6
1628 3559 1780 3629 παρά
1805 3557 1913 3611 τῶν

345 3650 618 3706 Ἰουδαίων
654 3650 1029 3721 παραδοθῆναι
1060 3650 1226 3705 αὑτὸν
1261 3650 1631 3724 προ[σ]φέρει,
1660 3653 1754 3703 καὶ
1782 3650 1913 3701 ἑαυ-

329 3741 428 3793 τὸν
470 3738 803 3794 ἀπαλλάττει
846 3739 1044 3803 αἰτίας.
1090 3739 1203 3793 Καὶ
1240 3739 1415 3803 άλλως
1449 3740 1535 3793 δέ’
1583 3739 1793 3809 Ἐρωτᾷ
1823 3736 1914 3790 τὸν

333 3833 569 3888 Πιλᾶτον
603 3835 633 3886 6
656 3831 879 3900 Κύριος,
908 3833 958 3886 εί
997 3831 1090 3903 ἀφ’
1129 3831 1323 3886 ἑαυτοῦ
1354 3830 1512 3886 τοῦτο
1540 3830 1709 3899 λέγει,
1743 3830 1776 3901 ἢ
1811 3828 1914 3882 ὑπὸ

333 3925 510 3979 ἄλλων
567 3926 834 3990 πεισθείς.
888 3925 1135 3996 Ἐλέγχει
1190 3925 1298 3996 γὰρ
1347 3923 1434 3977 διά
1470 3922 1665 3979 πούτου
1716 3922 1911 3989 αὐτὸν,

333 4018 562 4087 ἀνόητον
591 4018 744 4084 ὄντα,
793 4018 888 4073 καὶ
931 4019 1172 4090 ἀκρίτως
1212 4018 1522 4083 δικάζοντα,
1572 4018 1667 4071 καὶ
1710 4016 1913 4070 ὡσανεὶ

330 4112 562 4167 τοιαῦτά
615 4129 748 4182 φησι
806 4112 943 4181 πρὸς
997 4112 1265 4167 Πιλάτονο
1324 4113 1388 4165 Et
1442 4110 1541 4182 μὲν
1579 4110 1672 4179 ἀφ’
1715 4106 1911 4164 ἑαυτοῦ

331 4202 493 4257 τοῦτο
517 4206 717 4273 λέγεις,
745 4206 917 4270 δεῖξον
939 4204 1004 4258 τὰ
1034 4207 1237 4275 σημεῖα
1263 4205 1363 4275 τῆς
1391 4204 1533 4275 ἐμῆς
1558 4201 1872 4274 ἀντάρσεως
1894 4215 1909 4230 ·

334 4298 385 4351 εἰ
413 4298 469 4352 δὲ
494 4298 597 4351 ὑπὸ
628 4298 1149 4369 ᾶλλωνὲδιδάχθης,
1198 4297 1393 4353 οὐκοῦν
1423 4296 1625 4367 ἀκριϐῆ
1667 4295 1763 4368 τὴν
1796 4293 1915 4360 ἐξέ-

333 4406 491 4443 τασιν
522 4389 771 4460 ποίησον.
822 4388 880 4442 '0
910 4389 990 4454 δὲ,
1020 4392 1101 4445 ὅτι
1149 4389 1246 4460 μὲν
1288 4389 1489 4460 ἤκουσε
1521 4389 1653 4459 παρ’
1687 4388 1912 4457 ἑτέρων,

335 4481 395 4533 οὐ
428 4481 573 4549 λέγει
599 4495 613 4509 ⁸
650 4479 835 4543 ἁπλῶς
863 4480 920 4534 δὲ
953 4481 1019 4549 τῇ
1056 4478 1150 4532 τοῦ
1182 4479 1310 4533 λαοῦ
1340 4480 1505 4550 ψήφῳ
1544 4479 1757 4543 ἕπεται,
1798 4478 1913 4542 καὶ,

1938 3236 1982 3295 (ἶ

2020 2199 2147 2254 ﬁces
2187 2200 2527 2254 tradiderunt
2570 2210 2621 2253 te
2660 2198 2791 2253 mihi
2825 2214 2839 2251 :
2874 2196 3005 2268 quid
3052 2194 3600 2264 iecistiillespomlit

2017 2292 2209 2347 Jesus:
2235 2290 2477 2364 Regnum
2514 2306 2691 2344 meum
2723 2304 2834 2345 non
2866 2300 2952 2346 est
2978 2290 3045 2345 de
3067 2289 3170 2344 hoc
3194 2288 3414 2343 mundo.
3449 2284 3504 2341 Si
3531 2301 3598 2341 ex

2021 2384 2120 2438 hoc
2154 2384 2357 2437 mundo
2382 2391 2527 2438 esset
2558 2396 2781 2454 regnum
2815 2396 3019 2445 meum,
3061 2379 3296 2434 ministri
3343 2378 3449 2434 mei
3483 2379 3589 2432 uti-

2019 2490 2124 2546 que
2184 2475 2527 2530 decertarent
2552 2486 2621 2529 ne
2658 2474 2903 2529 traderer
2947 2472 3170 2527 Judaeis.
3226 2469 3381 2524 Nunc
3414 2480 3594 2523 autem

2016 2581 2243 2638 regnum
2268 2579 2445 2622 meum
2466 2580 2573 2621 non
2615 2575 2698 2621 est
2721 2565 2866 2621 hinc.
2895 2582 2914 2616 ι
2944 2561 3168 2618 Vocavit
3191 2560 3373 2617 Jesum
3395 2559 3599 2615 Pilatus

2017 2660 2282 2726 scorsim;
2306 2669 2360 2715 et
2392 2659 2518 2728 quia
2561 2673 2756 2730 magna
2785 2658 3027 2727 quaedam
3056 2656 3121 2710 de
3147 2668 3215 2710 eo
3242 2662 3360 2709 erat
3387 2650 3594 2722 opinio,

2018 2750 2231 2807 volebat
2282 2751 2468 2806 omnia
2520 2750 2804 2806 evidenter
2859 2761 3207 2819 cognoscere,
3269 2747 3599 2801 liberaturus

2015 2860 2137 2899 eum
2172 2859 2200 2897 a
2225 2843 2453 2898 tumultu
2489 2843 2821 2899 Judarorum.
2868 2840 3176 2910 lnterrogat
3234 2838 3423 2906 igitur,
3461 2852 3589 2891 num

2017 2952 2108 2991 rex
2151 2936 2240 3003 sit,
2269 2937 2411 3005 quod
2444 2939 2584 3007 apud
2609 2949 2798 2991 omnes
2846 2935 2912 2989 de
2942 2948 3007 2988 eo
3037 2933 3334 2997 ferebatur,
3369 2932 3422 2985 in
3470 2945 3593 2985 rne-
3704 2928 3709 2934 ”

2016 3026 2165 3081 dium
2195 3026 2448 3082 all'erens.
2467 3027 2719 3081 Christus
2747 3032 2925 3079 autem
2949 3024 3143 3094 quaerit
3170 3038 3296 3076 num
3331 3036 3363 3076 a
3388 3031 3595 3076 semet-

2018 3119 2134 3188 ipso
2170 3118 2273 3173 hoc
2306 3119 2469 3183 dicat,
2521 3117 2605 3172 vel
2634 3118 2702 3172 ab
2761 3116 2883 3171 aliis
2935 3134 2949 3170 :
3001 3131 3107 3171 non
3170 3115 3449 3185 ignorans,
3499 3113 3594 3168 sed

2015 3211 2266 3282 detegere
2292 3211 2488 3265 malam
2518 3209 2827 3265 Judazorum
2879 3217 3113 3263 mentem
3145 3194 3354 3272 volens,
3384 3217 3441 3261 ut
3463 3205 3535 3260 ita
3562 3219 3595 3259 a

2015 3305 2188 3359 Pilato
2237 3303 2669 3359 condemnentur
2724 3301 2850 3373 ipsi.
2896 3300 3020 3355 Ideo
3052 3309 3109 3355 et
3163 3298 3370 3354 Pilatus
3404 3313 3526 3353 mox
3562 3312 3595 3351 ιι

2013 3395 2211 3451 Judaeis
2242 3394 2342 3463 sibi
2383 3394 2636 3449 traditum
2665 3394 2816 3458 dicit,
2852 3407 2974 3449 sese
3006 3408 3034 3447 a
3067 3392 3294 3447 crimine
3317 3392 3574 3446 liberans.

2015 3487 2079 3541 Et
2104 3486 2298 3541 aliter:
2325 3484 2625 3557 luterrogat
2645 3484 2877 3539 Pilatum
2910 3484 3170 3539 Dominus
3198 3499 3327 3538 num
3357 3498 3385 3537 a
3414 3483 3595 3551 scipso

2014 3579 2179 3644 dicat,
2210 3578 2293 3632 vel
2318 3578 2386 3633 ab
2408 3577 2529 3632 aliis
2559 3591 2870 3645 persuasus.
2918 3576 3111 3647 Arguit
3143 3584 3323 3630 autem
3381 3574 3595 3644 perlioc

2012 3684 2139 3726 eum
2192 3668 2534 3738 insipientem
2572 3682 2719 3733 esse,
2766 3676 2821 3722 et
2852 3668 3053 3736 absque
3081 3666 3285 3736 judicio
3330 3662 3593 3720 condem-

2015 3770 2258 3828 nantem,
2288 3761 2511 3831 etquasi
2537 3760 2590 3814 in
2626 3762 2767 3814 hunc
2796 3760 3011 3814 modum
3036 3759 3168 3813 dicit
3189 3756 3350 3830 743
3376 3755 3545 3810 Pilato
3573 3770 3588 3809 :

2018 3851 2075 3908 Si
2103 3853 2319 3924 quidem
2353 3867 2382 3907 a
2412 3853 2581 3922 teipso
2628 3851 2733 3908 hoc
2763 3851 2921 3918 dicis,
2974 3859 3217 3906 monstra
3277 3851 3429 3921 signa
3458 3858 3594 3903 mea:

2015 3943 2348 4000 rebellionis.
2389 3944 2444 3998 Si
2476 3953 2658 3998 autem
2681 3943 2749 3998 ab
2772 3943 2893 3999 aliis
2921 3944 3144 3998 edoctus
3177 3957 3256 4007 es,
3288 3942 3452 4012 igitur
3471 3940 3594 3993 dili-

2017 4046 2228 4106 gentem
2260 4035 2661 4105 inqnisitionem
2693 4033 2879 4089 facito.
2932 4034 3001 4086 At
3033 4033 3123 4088 ille
3168 4033 3298 4104 quid
3327 4031 3593 4085 audiverit

2017 4128 2086 4182 ab
2115 4128 2257 4193 aliis,
2292 4140 2397 4181 non
2417 4123 2554 4180 dicit
2585 4142 2600 4180 :
2633 4124 2954 4195 simpliciter
2984 4134 3162 4177 autem
3192 4123 3439 4192 sequitur
3463 4134 3590 4176 seu-

2019 4198 2241 4272 tentiam
2264 4216 2467 4287 populi,
2486 4225 2542 4270 et
2565 4233 2585 4267 t
2609 4214 2975 4269 Tradiderunt
3002 4222 3076 4280 te,
3098 4232 3116 4265 ι
3146 4214 3340 4282 inquit,
3361 4230 3381 4263 ι
3403 4210 3588 4265 milii.»

2019 4309 2150 4363 Cum
2187 4317 2366 4364 autem
2413 4304 2546 4362 dicit
2577 4324 2592 4360 :
2622 4304 2758 4373 Quid
2793 4305 3020 4362 fecisti?
3071 4306 3295 4359 verbum
3338 4304 3490 4373 quasi
3523 4307 3590 4354 ad
3631 4288 3635 4291 ’

2019 4402 2436 4471 amaritudinem
2484 4400 2701 4456 adducti
2728 4409 2783 4455 et
2815 4398 3122 4468 exasperati
3150 4398 3389 4452 videtur.
3452 4395 3595 4450 Dicit

2020 4494 2191 4557 enim,
2260 4492 2400 4560 Quid
2494 4491 2806 4547 lecisti?At
2870 4492 3130 4546 Dominus
3193 4487 3592 4559 respondendo,

341 4594 360 4627 ι
397 4573 732 4645 Παρέδωκάν
772 4589 854 4639 σε,
885 4574 1071 4644 φησιν,
1117 4572 1262 4642 ἐμοί.
1299 4590 1318 4624 ι
1353 4573 1425 4625 Τὸ
1446 4572 1523 4639 δὲ,
1564 4590 1583 4623 ι
1626 4572 1690 4624 Τί
1722 4571 1912 4640 ἐποίη-

2025 4605 2043 4639 ι
2072 4586 2317 4652 Regnum
2349 4599 2525 4640 meum
2558 4600 2665 4640 non
2697 4593 2781 4641 est
2809 4585 2876 4640 de
2903 4586 3004 4639 hoc
3036 4582 3258 4649 mundo,
3293 4600 3312 4633 ι
3347 4582 3454 4636 duo
3478 4580 3593 4635 haec

339 4683 470 4733 σας;
534 4686 555 4720 ›
594 4666 670 4730 ὼς
720 4667 1148 4737 πικραινομένου
1191 4664 1566 4737 ρῆμαέοικεν
1611 4659 1782 4727 εἶναι,
1818 4664 1911 4716 καὶ

336 4761 743 4833 τραχυνομένου
786 4760 993 4815 λοιπόν.
1029 4760 1196 4813 Λάλει
1241 4761 1384 4831 γάρ,
1414 4759 1467 4812 τί
1501 4759 1802 4829 smine“;
1851 4756 1910 4810 Ὀ

336 4852 391 4904 δὲ
420 4851 622 4922 Κύριος
656 4850 746 4904 διὰ
773 4851 867 4903 τοῦ
889 4849 1354 4920 ἀπολογήσασθαι,
1385 4849 1468 4902 ὅτι
1500 4866 1518 4900 t
1565 4849 1630 4901 'H
1665 4847 1912 4918 βασιλεία

336 4943 368 5011 ἡ
397 4941 507 5010 ἐμὴ
533 4941 635 4993 οὐκ
677 4938 824 4992 ἔστιν
852 4940 917 4993 ὲκ
945 4938 1039 4992 τοῦ
1070 4939 1274 5009 κόσμου
1313 4938 1524 5001 τούτου,
1565 4957 1585 4990 ι
1619 4936 1712 4991 δύο
1739 4936 1913 4989 ταῦτα

341 5034 594 5105 κατορθοί
619 5050 635 5064 ο
674 5032 731 5085 ἓν
773 5032 893 5104 μὲν,
947 5033 1137 5100 ἀνάγει
1166 5032 1257 5085 τὸν
1287 5030 1521 5085 Πιλᾶτον
1559 5032 1639 5097 είς
1667 5032 1727 5084 :6
1768 5031 1912 5100 γνῶ-

347 5144 446 5190 θαι,
477 5129 560 5181 ὅτι
593 5127 654 5178 οὑ
696 5125 849 5195 ψιλός
901 5126 1048 5178 ἐστιν
1092 5124 1402 5196 ἄνθρωπος,
1445 5123 1565 5177 οὐδὲ
1602 5122 1710 5175 τῶν
1740 5123 1909 5188 κάτω,

341 5221 475 5273 ἀλλὰ
504 5220 659 5283 θεὸς,
687 5221 782 5273 καὶ
807 5218 941 5273 Θεοῦ
970 5218 1092 5281 Υίός
1110 5232 1123 5247 ·
1153 5217 1340 5288 ἕτερον
1367 5217 1444 5281 δὲ,
1472 5215 1677 5269 διαλύει
1699 5215 1797 5287 τὴν
1822 5217 1913 5268 ὲπὶ

342 5313 616 5383 τυραννίδι
659 5312 913 5381 ὑποψίαν.
970 5329 989 5363 ι
1053 5311 1128 5363 Οὐ
1180 5310 1289 5381 γάρ
1322 5312 1470 5364 ἐστιν
1505 5312 1539 5380 ἡ
1591 5308 1837 5379 βασιλεία
1875 5311 1909 5379 ἡ

342 5404 448 5477 ἐμὴ
470 5408 535 5459 ὲκ
560 5404 654 5458 τοῦ
686 5404 891 5473 κόσμου
915 5404 1128 5457 τούτου.
1168 5421 1187 5455 ι
1223 5403 1385 5457 Ὥστε
1412 5403 1487 5475 μὴ
1516 5403 1710 5457 δέδειθί
1740 5419 1807 5472 με
1837 5401 1912 5465 ὡς

342 5497 637 5570 τύραννον,
672 5496 769 5549 καὶ
807 5498 1161 5566 στασιαστήν.
1202 5513 1220 5546 ι
1263 5495 1324 5548 El
1355 5496 1464 5567 γάρ
1498 5493 1562 5569 ἦν
1593 5497 1657 5549 ὲκ
1692 5494 1789 5548 τοῦ
1821 5494 1913 5548 κό-

346 5605 482 5661 σμου
514 5590 707 5643 τούτου
736 5593 770 5659 η
806 5588 1053 5660 βασιλεία
1085 5606 1210 5658 μου,
1240 5589 1290 5641 οί
1325 5590 1594 5660 ὑπηρέται
1624 5590 1690 5642 ἂν
1719 5590 1767 5641 oi.
1790 5588 1914 5658 ἐμοὶ

342 5685 690 5753 ἠγωνίζοντο,
722 5684 808 5736 ἵνα
843 5684 919 5754 μὴ
949 5681 1258 5752 παραδοθῶ.
1314 5700 1334 5732 ι
1384 5681 1651 5736 Ἐνταῦθα
1678 5681 1735 5735 δὲ
1761 5682 1914 5751 δηλοῖ

345 5776 436 5828 καὶ
455 5775 554 5844 τῆς
586 5772 715 5844 παρ’
744 5774 875 5842 ἡμῖν
901 5772 1174 5841 βασιλείας
1198 5770 1257 5824 :6
1291 5770 1539 5835 ἀσθενὲς,
1572 5773 1653 5825 ὅτι
1687 5772 1743 5823 ὲν
1768 5770 1911 5840 ὑπη-

344 5866 527 5940 ρέταις
561 5867 674 5936 ἔχει
704 5866 801 5936 τὴν
841 5864 994 5936 ἰσχύν
1017 5880 1031 5896 ·
1063 5866 1096 5935 ἠ
1121 5863 1177 5917 δὲ
1200 5863 1312 5917 άνω
1337 5863 1614 5935 αὐτάρκης
1641 5863 1780 5931 ἐστὶ,
1808 5880 1911 5934 μη-

2015 4678 2257 4748 corrigit.
2294 4675 2532 4731 Primum
2573 4676 2719 4732 enim
2773 4677 2930 4731 docet
2970 4673 3201 4729 Pilatum
3262 4682 3321 4726 ut
3355 4672 3493 4727 sciat
3532 4686 3592 4725 se

2015 4786 2121 4824 non
2158 4784 2282 4825 esse
2315 4784 2507 4837 purum
2537 4769 2832 4832 hominem,
2879 4783 3055 4838 neque
3104 4781 3170 4821 ex
3209 4766 3292 4820 liis
3337 4764 3588 4826 terrenis,

2013 4863 2106 4918 sed
2140 4861 2303 4915 Deum
2329 4870 2383 4915 et
2423 4860 2512 4915 Dei
2548 4858 2770 4915 Filium.
2804 4858 3011 4915 Deinde
3039 4859 3199 4912 solvit
3226 4856 3589 4924 suspicionem

2015 4953 2331 5025 tyrannidis.
2367 4970 2385 5004 ι
2438 4951 2554 5006 Non
2604 4963 2688 5007 est
2718 4952 2862 5008 enim
2914 4967 3138 5022 regnum
3176 4965 3350 5004 meum
3382 4947 3449 5001 de
3486 4947 3591 5001 hoc

2015 5046 2269 5107 mundo,»
2297 5052 2352 5098 et
2379 5045 2449 5098 ita
2483 5059 2549 5097 ne
2570 5044 2762 5099 timeas
2781 5057 2866 5098 me
2888 5052 2945 5098 ut
2979 5053 3261 5113 tyrannum
3280 5048 3336 5094 et
3362 5037 3590 5092 seditio-

2015 5153 2153 5192 sum.
2191 5154 2210 5189 ι
2245 5136 2380 5190 Nam
2410 5137 2453 5191 si
2486 5149 2631 5193 esset
2662 5151 2727 5192 ex
2756 5137 2862 5191 hoc
2884 5137 3088 5191 mundo
3115 5146 3338 5202 regnum
3385 5143 3588 5195 meum,

2015 5228 2247 5283 ministri
2279 5228 2381 5282 mei
2415 5236 2718 5283 certassent
2740 5227 2948 5296 utique,
2980 5233 3038 5279 ut
3087 5238 3194 5277 non
3222 5219 3468 5273 traderer
3491 5215 3590 5271 Ju-

2014 5319 2167 5375 daeis.
2196 5338 2215 5371 ι
2240 5318 2349 5374 Hoc
2368 5329 2552 5373 autem
2584 5319 2700 5373 loco
2728 5317 3010 5386 pra-sentis
3031 5314 3182 5382 regni
3210 5309 3585 5365 inﬁrmitatem

2013 5411 2300 5484 signiﬁcat,
2322 5426 2388 5466 eo
2407 5413 2549 5481 quod
2578 5426 2608 5464 a
2640 5411 2908 5465 ministris
2933 5411 3129 5463 habeat
3173 5406 3356 5459 robur.
3387 5403 3590 5473 Super-

2014 5517 2141 5556 num
2156 5505 2334 5556 autem
2353 5518 2448 5571 per
2469 5516 2528 5556 se
2553 5500 2821 5555 sufﬁciens
2838 5508 2939 5559 est.
2961 5497 3104 5551 nullo
3130 5495 3395 5562 indigens.
3423 5493 3592 5547 Mani-

2014 5596 2149 5650 cluei
2171 5595 2295 5649 hinc
2316 5605 2530 5663 sumpta
2561 5608 2692 5646 ausa
2715 5575 2937 5644 dicunt:
2956 5587 3293 5664 Mundusbic
3321 5602 3428 5641 non
3446 5596 3530 5640 est
3559 5601 3589 5640 ιι

2013 5689 2154 5743 bono
2169 5687 2276 5742 Deo
2294 5704 2309 5741 :
2328 5703 2448 5741 nam
2464 5686 2639 5747 Filius,
2654 5683 2767 5747 Dei,
2788 5682 2961 5745 aiunt,
2976 5678 3249 5736 dicitzNon
3263 5689 3347 5733 est
3361 5692 3589 5749 regnum

2014 5794 2192 5833 meum
2222 5778 2364 5832 hinc.
2400 5777 2688 5837 Caeterum,
2722 5788 2754 5827 ο
2777 5773 2946 5838 stulti,
2980 5773 3175 5828 discite
3208 5772 3425 5841 quidem
3477 5771 3593 5840 prio

2015 5886 2158 5924 nium
2183 5870 2250 5924 ab
2272 5870 2384 5939 ipsa
2416 5869 2668 5926 dictione.
2698 5865 2841 5920 Dixit
2869 5867 3015 5923 enim
3042 5884 3053 5920 :
3083 5884 3099 5918 t
3134 5862 3375 5933 Regnum
3408 5876 3590 5918 meum
