4056 6580
559 355 670 422 263

1479 354 2060 422 THEOPHYLACTI
2092 361 2505 426 BULGARUE
2535 360 2899 424 ARCHIEP.

3698 370 3797 426 264

561 478 645 525 tes
671 465 820 524 :Non
845 466 1009 532 hunc,
1029 466 1129 522 sed
1154 464 1477 523 Barabbam.
1506 468 1635 523 Erat
1656 481 1834 526 autem
1854 471 2132 529 Barabbas

2238 493 2348 544 τον,
2381 474 2519 530 ἀλλὰ
2546 476 2638 529 τὸν
2665 473 2977 543 Bapa66av.
3009 468 3118 528 Ἷιν
3137 470 3192 527 δὲ
3220 474 3246 527 6
3278 472 3566 546 Βαραῦεᾶς
3590 471 3806 545 λῃστής.

563 560 722 615 latro.
763 558 914 614 'l‘nnc
965 574 1093 630 ergo
1146 562 1502 631 apprehendit
1557 561 1762 617 Pilatus
1808 562 2026 632 Jcsum,
2083 577 2138 620 et

561 652 868 722 ﬂagellavil.
906 651 970 705 Et
1010 652 1212 708 milites
1242 654 1537 723 plectentes
1561 670 1815 710 coronam
1849 658 1916 712 de
1944 660 2135 726 spinis,

562 744 931 813 imposuerunt
962 745 1124 813 capiti
1159 744 1297 815 ejus,
1328 755 1382 800 et
1412 754 1562 801 veste
1594 762 1870 817 purpurea
1901 749 2138 805 circum-

562 836 820 889 dederunt
860 849 1006 899 eum,
1056 849 1120 889 ac
1164 835 1418 891 dicebant
1446 855 1461 892 :
1494 838 1628 905 Ave,
1657 854 1750 893 rex
1777 839 2085 896 Judteorum
2119 861 2135 896 :

559 938 611 981 et
636 926 838 981 dabant
871 927 919 981 ei
952 927 1156 997 alapas.
1195 927 1375 983 Exivit
1419 932 1614 986 iterum
1644 930 1847 988 Pilatus
1883 933 2048 999 foras,
2083 943 2140 988 et

561 1018 688 1072 dicit
721 1019 801 1073 eis
836 1035 850 1072 :
878 1018 1016 1097 Ecce
1045 1022 1253 1076 adduco
1278 1021 1431 1076 vobis
1465 1037 1589 1077 eum
1622 1023 1791 1087 foras,
1830 1035 1887 1080 ut
1932 1041 2137 1097 cogno-

559 1110 724 1164 scatis
756 1092 1133 1177 quod-nullam
1184 1111 1238 1167 in
1286 1126 1352 1168 eo
1396 1128 1616 1168 causam
1668 1114 1907 1171 invenio.
1959 1116 2139 1176 Exivit

560 1216 688 1272 ergo
723 1201 882 1258 Jesns
914 1203 1060 1259 foras
1082 1215 1303 1276 gestans
1338 1207 1580 1278 spineam
1613 1222 1895 1273 coronam.
1931 1222 1985 1266 et
2011 1227 2138 1281 pur-

559 1311 785 1365 pureum
815 1296 1059 1366 pallium,
1083 1308 1138 1351 et
1163 1298 1297 1352 dicit
1322 1301 1402 1355 eis
1431 1316 1444 1353 :
1473 1298 1613 1355 Ecce
1636 1299 1826 1358 homo.
1849 1302 1983 1357 Cum
2008 1316 2138 1373 ergo

563 1388 825 1442 vidissent
857 1406 978 1443 etnn
1012 1392 1294 1460 pontitlces
1331 1402 1385 1447 et
1426 1392 1658 1449 ministri
1696 1394 2023 1460 clamabant,
2060 1396 2140 1451 di-

561 1490 747 1535 centes
777 1497 793 1535 :
825 1479 1118 1553 Crucilige,
1147 1484 1404 1554 cruciﬁge
1432 1500 1576 1541 eum.
1606 1486 1748 1541 Dicit
1777 1489 1854 1542 eis
1882 1485 2090 1542 Pilatus
2119 1505 2134 1543 :

561 1570 807 1639 Accipite
838 1587 958 1627 eum
992 1588 1109 1640 vos,
1140 1582 1195 1629 et
1225 1576 1525 1647 crnciligitc
1554 1595 1569 1631 :
1603 1594 1704 1648 ego
1736 1580 1881 1633 enim
1915 1596 2020 1635 non
2055 1581 2137 1634 in-

563 1665 722 1720 venio
766 1664 819 1720 in
864 1681 930 1722 eo
959 1682 1201 1723 causam.
1238 1668 1659 1738 Responderunt
1688 1671 1737 1726 ci
1771 1671 1943 1728 Judaei
1975 1692 1989 1727 :
2025 1672 2137 1729 Nos

562 1757 730 1826 legem
760 1758 1046 1824 habemus,
1072 1771 1127 1815 et
1155 1762 1449 1818 secundum
1478 1762 1649 1835 legem
1682 1773 1926 1821 nostram
1976 1766 2136 1821 debet

2241 573 2375 627 Τότε
2414 567 2507 626 οὖν
2537 570 2730 624 ἔλαϐεν
2758 570 2788 622 6
2821 568 3051 631 Πιλᾶτος
3075 566 3167 622 τὸν
3204 568 3416 638 Ἰησοῦν
3450 568 3545 621 καὶ
3592 569 3806 638 ὲμαστῐ·

2240 681 2407 733 γωσε.
2466 664 2577 718 Καὶ
2619 665 2668 716 οί
2725 662 3058 735 στρατιῶται
3110 660 3406 728 πλέξαντες
3456 660 3719 730 στέφανον
3755 662 3807 730 ἐξ

2238 754 2512 822 ἀκανθῶν,
2566 755 2844 825 ἐπέθηκαν
2877 754 3042 808 αὑτοῦ
3076 756 3141 824 τῇ
3191 752 3428 824 κεφαλῇ,
3462 755 3557 805 καὶ
3602 755 3806 823 ίμάτιον

2239 845 2556 918 πορφυροῦν
2587 846 2911 916 περιέϐαλον
2953 844 3138 912 αὑτὸν,
3166 846 3261 898 καὶ⁵
3292 843 3499 913 έλεγονυ
3548 846 3752 917 Χαῖρε,
3781 847 3808 900 6

2240 913 2495 1008 βασιλεῦς
2544 913 3003 1002 τῶννἸουδαίων,
3044 938 3140 991 καὶ
3205 937 3411 991 ἐδίδουν
3454 938 3607 1009 αὑτῷ
3651 913 3806 1010 (latri-

2240 1047 2447 1101 σματα.
2494 1029 2750 1101 Ἐξῆλθεν
2782 1026 2875 1085 οῦν
2920 1030 3026 1095 ἔξω
3058 1030 3222 1085 πάλιν
3252 1032 3280 1083 6
3313 1029 3572 1095 Πιλᾶτος,
3608 1034 3699 1084 καὶ
3725 1032 3807 1086 λέ-

2237 1141 2325 1193 γει
2373 1124 2591 1188 αὑτοῖς’
2644 1125 2749 1178 Ἴδε
2785 1124 2903 1192 ἀγω
2937 1123 3067 1193 ὑμῖν
3104 1122 3264 1176 αὑτὸν
3312 1121 3447 1189 ἔξω,
3501 1123 3588 1177 ἴνα
3623 1124 3805 1192 γνῶτε,

2234 1216 2320 1269 ὅτι
2349 1217 2406 1269 ὲν
2443 1215 2593 1287 αὑτῷ
2625 1215 2883 1287 οὐδεμίαν
2913 1215 3098 1269 αίτίαν
3129 1215 3393 1285 εὑρίσκω.
3437 1214 3693 1284 Ἐξῆλθεν
3722 1211 3807 1268 οὖν

2237 1307 2266 1360 6
2307 1306 2515 1378 Ἰησοῦς
2547 1309 2652 1373 ἔξω
2685 1307 2867 1379 φορῶν
2895 1309 2986 1362 τὸν
3012 1307 3302 1363 ἀκάνθινον
3328 1309 3613 1378 στέφανον,
3638 1309 3729 1362 καὶ
3752 1308 3806 1363 τὸ

2239 1401 2554 1471 πορφυροῦν
2587 1402 2817 1471 ἱμάτιον.
2847 1401 2956 1456 Καὶ
2989 1401 3135 1470 λέγει
3163 1403 3348 1465 αὑτοῖς
3369 1419 3385 1434 ο
3413 1402 3519 1454 Ἴδε
3548 1404 3577 1456 ὁ
3606 1400 3805 1472 ἀνθρω-

2239 1509 2363 1556 πος.
2400 1493 2529 1546 Ὅτε
2558 1491 2653 1546 οῦν
2685 1488 2826 1546 εἶδον
2853 1494 3017 1547 αὑτὸν
3048 1494 3098 1546 οί
3132 1494 3411 1565 ἀρχιερεῖς
3468 1492 3565 1547 καὶ
3594 1494 3644 1547 οί
3677 1493 3805 1563 ὑπη-

2240 1584 2415 1658 ρέται,
2442 1586 2798 1655 ἐκραύγασαν
2823 1585 3096 1654 λέγοντεςο
3123 1585 3467 1656 Σταύρωσον,
3505 1584 3805 1657 σταύρωσον

2237 1677 2420 1732 αὐτόν.
2450 1676 2615 1746 Λέγει
2647 1676 2831 1742 αὐτοῖς
2851 1679 2880 1731 6
2908 1676 3139 1742 Πιλάτος
3166 1693 3180 1708 ο
3210 1677 3421 1732 Λάὸετε
3451 1678 3617 1731 αὑτὸν
3638 1678 3801 1749 ὑμεῖς,

2241 1768 2332 1823 καὶ
2368 1767 2751 1841 σταυρώσατεο
2788 1769 2904 1838 ἐγὼ
2935 1774 3045 1841 γὰρ
3074 1770 3170 1840 οὑχ
3200 1769 3441 1842 εὑρίσκω
3465 1773 3523 1824 ὲν
3549 1769 3699 1840 αὑτῷ
3728 1773 3801 1824 ai-

563 1850 723 1915 tnori,
758 1851 886 1919 quia
923 1849 1120 1908 Filium
1159 1852 1253 1909 Dei
1288 1870 1348 1911 se
1379 1854 1529 1910 fecit.
1584 1875 1603 1909 ι
1654 1855 1792 1914 Vide
1837 1874 1935 1930 per
1973 1873 2135 1929 quant

2238 1859 2380 1916 τίαν.
2426 1861 2833 1934 ’Δπεκρίθησαν
2856 1861 3005 1934 αὑτῷ
3037 1864 3087 1916 oi.
3128 1864 3389 1917 Ἰουδαῖοιο
3435 1863 3629 1934 Ἡμεῖς
3654 1864 3803 1935 νόμον

563 1944 730 1997 multa
796 1953 1133 2002 monstratur
1183 1947 1492 2005 Judzcorum
1552 1952 1782 2008 malitia.
1838 1952 2138 2011 Barabbam

561 2035 704 2088 enim
766 2036 1202 2095 manifestarium
1267 2042 1532 2099 latronem
1583 2055 1793 2116 petunt,
1851 2048 2181 2104 Dominum—

562 2142 693 2181 vero
730 2131 972 2186 tradunt.
1004 2129 1263 2204 Flagellat
1304 2134 1472 2205 igitur
1501 2153 1626 2193 eum
1663 2137 1888 2205 Pilatus,
1926 2151 1983 2194 ut
2009 2156 2141 2196 con-

562 2218 767 2272 soletur
792 2229 847 2275 et
878 2222 1088 2289 mitiget
1111 2239 1299 2279 eorum
1327 2224 1592 2283 furorem.
1621 2229 1762 2284 Nam
1803 2232 1928 2300 quia
1964 2233 2140 2288 verbis

562 2324 668 2362 non
719 2312 896 2379 petnit
925 2328 1047 2369 eum
1079 2316 1327 2387 eripere,
1376 2317 1645 2390 ﬂagellat,
1677 2323 1903 2379 studens
1943 2334 1996 2380 et
2027 2326 2142 2396 ipse

508 2386 518 2396 ’
563 2401 646 2456 vel
690 2418 786 2470 per
819 2404 921 2460 hoc
948 2386 1214 2463 insaniam
1248 2386 1435 2466 eorum
1453 2386 1705 2484 placare.
1756 2415 1825 2471 Et
1872 2386 2141 2485 permittit

562 2502 616 2545 ut
647 2493 891 2568 chlamys
918 2508 972 2552 et
993 2514 1195 2555 corona
1217 2501 1269 2558 ei
1289 2503 1792 2576 circutnponantur,
1813 2525 1921 2579 quo
1952 2525 2139 2565 eorum

564 2583 644 2634 ira
675 2584 1055 2642 exhauriatur.
1108 2588 1272 2662 746
1305 2590 1503 2649 Milites
1532 2610 1662 2652 vero
1691 2599 1871 2653 omnia
1909 2601 1975 2653 ad
2010 2616 2138 2671 gra-

563 2674 695 2727 tiam
739 2672 1053 2733 Judmorum
1099 2678 1328 2736 faciunt.
1360 2682 1493 2737 Nam
1527 2688 1652 2757 quia
1687 2690 2011 2745 audiverunt
2053 2691 2143 2747 Pi-

562 2763 729 2820 latum
788 2768 1055 2826 dicentem
1089 2788 1104 2825 :
1144 2789 1163 2824 ι
1204 2770 1405 2846 Regem
1439 2777 1587 2833 illum
1626 2777 1932 2837 Iudaeorum
1968 2785 2143 2840 diruit-

568 2869 696 2925 tam,
735 2877 755 2912 ι
799 2859 1029 2918 irrident
1056 2880 1198 2921 nunc
1223 2881 1347 2923 eum
1377 2879 1438 2925 ut
1480 2886 1687 2943 regem.
1718 2872 1908 2945 Neque
1936 2878 2081 2932 enim
2108 2893 2139 2933 a

569 2949 744 3008 Pilato
790 2953 1031 3026 instigati
1071 2956 1178 3015 hoc
1213 2958 1507 3029 faciebant,
1557 2967 1649 3034 qui
1683 2968 1850 3023 etiam
1890 2980 1948 3025 et
1980 2983 2140 3027 nocte

567 3043 877 3099 invaserant
915 3044 1103 3103 Jesum
1138 3058 1339 3120 praeter
1378 3057 1706 3111 sententiam
1736 3061 2006 3129 praesidis,
2048 3078 2141 3133 pe-

564 3134 846 3190 cuniarum
875 3140 1044 3206 gratia
1074 3139 1277 3199 ludatis
1301 3146 1693 3215 gratiﬁcantes.
1715 3148 1969 3208 Placidus
1991 3156 2135 3210 enim

563 3238 684 3282 erat
716 3227 944 3299 Pilatus,
976 3242 1031 3287 et
1076 3250 1183 3291 non
1220 3234 1402 3293 eﬂeris
1456 3242 1720 3308 muribus,
1753 3245 1892 3300 sicut
1941 3244 2135 3304 Judaei.

565 3315 736 3373 Porro
783 3321 962 3376 educit
990 3322 1197 3394 Jcsnm,
1244 3329 1380 3384 iram
1421 3330 1635 3387 illorum
1666 3338 2011 3408 exstinguere
2044 3355 2139 3395 vo-

562 3413 719 3484 lens;
756 3420 851 3473 sed
881 3419 958 3475 illi
992 3438 1164 3494 neque
1208 3427 1289 3482 sic
1318 3430 1673 3487 mansuefacti
1706 3445 1853 3490 sunt.
1890 3436 2138 3492 Clamant

563 3517 742 3563 autem
777 3526 791 3563 :
833 3529 852 3562 ι
888 3512 1159 3589 Cruciﬁge
1178 3532 1327 3577 eum.
1363 3538 1384 3574 ι
1421 3521 1554 3577 Cum
1579 3522 1801 3581 vidisset
1833 3537 2015 3583 autem
2041 3527 2138 3584 Pi-

569 3599 707 3656 latus
736 3604 915 3658 omnia
944 3605 1058 3663 hazc
1080 3607 1285 3667 frustra
1317 3612 1454 3680 ﬂeri,
1481 3616 1613 3671 dicit
1643 3634 1656 3670 :
1696 3634 1716 3668 ι
1746 3618 1992 3691 Accipite
2016 3638 2135 3677 eum

566 3705 680 3758 vos,
704 3705 758 3746 ct
787 3698 1087 3768 cruciiigite
1112 3719 1126 3756 :
1157 3717 1258 3772 ego
1277 3705 1421 3759 enim
1449 3722 1556 3763 non
1591 3711 1806 3766 invenio
1832 3712 1886 3767 in
1916 3728 1983 3769 eo
2010 3730 2138 3769 cau-

562 3797 702 3837 satn.
742 3802 761 3835 ι
804 3784 961 3842 Facit
988 3801 1168 3845 autem
1204 3794 1328 3861 hoc,
1370 3796 1652 3867 impellens
1681 3816 1777 3857 eos
1812 3803 1865 3858 in
1912 3818 2025 3860 rem
2058 3807 2138 3861 eis

564 3888 668 3927 non
702 3888 1042 3947 concessam,
1074 3883 1122 3938 si
1150 3882 1288 3940 forte
1322 3887 1405 3943 sic
1439 3890 1757 3948 absolvatur
1776 3893 1956 3953 Jesus.
1999 3897 2133 3953 Nam

563 3976 665 4032 ego
693 3964 933 4034 quidem,
987 3971 1183 4041 inquit,
1221 3976 1311 4044 qni
1358 3978 1532 4034 habeo
1567 3990 1888 4050 potestatem
1920 3989 2138 4044 cruciﬁ-

563 4057 745 4125 gendi,
782 4076 801 4109 ι
832 4060 1034 4116 nullam
1067 4064 1285 4123 invenio
1324 4084 1586 4129 causam:
1625 4094 1645 4129 ι
1692 4092 1786 4135 vos
1815 4092 1993 4137 autem
2028 4099 2136 4140 non

564 4148 828 4205 habentes
853 4162 1176 4221 potestatem
1201 4161 1553 4234 cruciﬁgendi
1581 4167 1763 4224 dicitis
1791 4184 1916 4226 eum
1945 4187 2134 4231 reum:

569 4256 587 4291 ι
623 4241 868 4312 Accipite
900 4245 1064 4316 igitur
1081 4265 1228 4316 eum,
1258 4263 1313 4308 et
1344 4256 1686 4328 cruciﬁgite;
1718 4278 1738 4314 ι
1772 4263 1868 4318 sed
1896 4280 2005 4320 non
2040 4266 2137 4321 lia-

565 4333 702 4387 betis
726 4347 1075 4406 potestatem,
1107 4343 1415 4401 dimittatur
1448 4364 1578 4419 ergo
1609 4351 1771 4413 homo
1796 4354 1905 4411 ille.
1945 4356 2138 4429 Itaque

2241 1952 2459 2024 ἔχομεν,
2496 1955 2589 2008 καὶ
2616 1953 2759 2023 κατὰ
2781 1953 2873 2008 τὸν
2896 1954 3059 2026 νόμον
3088 1954 3243 2025 ἡμῶν
3271 1954 3479 2025 ὀφείλει
3503 1954 3800 2017 ἀποθανεῖν,

2240 2049 2323 2103 ὅτι
2358 2048 2550 2101 ἑαυτὸν
2580 2047 2717 2102 Θεοῦ
2750 2046 2881 2102 Υίδν
2909 2049 3186 2119 ἐποίησεν.
3222 2067 3241 2099 ι
3274 2048 3419 2119 Ὅρα
3451 2048 3544 2103 διὰ
3575 2048 3799 2117 πόσωνη

2240 2137 2411 2192 κακία
2445 2137 2556 2191 τῶν
2600 2138 2874 2193 Ἰουδαίων
2903 2139 3201 2195 δείκνυται.
3235 2141 3340 2194 Τὸν
3374 2142 3481 2213 γὰρ
3526 2139 3802 2212 Βαραϐϐᾶν

2239 2231 2693 2304 ὁμολογουμένως
2721 2231 2927 2305 λῃστὴν
2969 2232 3332 2300 ἐξαιτοῦνται,
3379 2235 3468 2286 τὸν
3503 2233 3563 2287 δὲ
3612 2234 3800 2303 Κύριον

2240 2324 2621 2395 παραδιδόασι.
2663 2324 2942 2393 Μαστιγοῖ
2969 2319 3064 2379 οὖν
3099 2325 3263 2380 αὑτὸν
3293 2328 3321 2379 6
3354 2325 3610 2391 Πιλάτος,
3641 2341 3801 2396 παρα-

2242 2416 2591 2487 μυθήσασθαι
2641 2416 2782 2481 τέως
2841 2418 2936 2471 καὶ
3009 2417 3237 2472 ὲκλῦσαι
3279 2417 3370 2471 τὸν
3420 2417 3594 2488 θυμὸν
3639 2417 3802 2471 αὑτῶν

2243 2508 2585 2579 βουλόμενος.
2643 2509 2860 2581 Ἐπειδὴ
2893 2509 3003 2580 γάρ
3033 2511 3122 2565 διὰ
3169 2513 3431 2583 ῥημάτων
3464 2511 3568 2564 οὑκ
3600 2509 3801 2581 ἴσχυσεν

2241 2600 2405 2653 αὑτὸν
2458 2599 2774 2667 ἐξελέσθαι,
2820 2601 3096 2672 μαστίζει,
3147 2602 3394 2656 σπεύδων
3445 2602 3576 2673 ἀχρι
3624 2601 3800 2655 τούτου

2244 2692 2435 2762 στῆσαι
2470 2693 2571 2763 τὴν
2606 2693 2806 2765 μανίαν
2859 2692 3065 2763 αὐτῶν,
3116 2692 3209 2748 καὶ
3253 2694 3352 2762 τὴν
3403 2693 3676 2765 χλαμύδα,
3717 2689 3804 2746 καὶ

2241 2781 2332 2835 τὸν
2382 2783 2649 2854 στέφανον
2707 2788 2985 2856 συγχωρεῖ
3033 2785 3394 2856 περιτεθῆναι
3444 2786 3626 2857 αὐτῷ,
3674 2784 3800 2838 ὥστε

2241 2873 2421 2927 αὑτῶν
2456 2875 2690 2946 χαλάσαι
2723 2878 2822 2947 τὴν
2851 2877 3024 2949 ὀργήν
3045 2893 3058 2907 ·
3092 2879 3142 2932 oi
3171 2878 3228 2931 δὲ
3264 2880 3597 2948 στρατιῶται
3640 2880 3802 2934 πάντα

2242 2967 2380 3039 πρὸς
2422 2969 2583 3041 χάριν
2626 2967 2735 3022 τῶν
2791 2969 3060 3024 Ἰουδαίων
3106 2972 3458 3043 πράττουσιν.
3505 2972 3660 3026 Ἐπεὶ
3704 2973 3799 3041 γάρ

2240 3060 2482 3132 ἥκουσαν
2514 3061 2610 3114 τοῦ
2642 3060 2878 3116 Πιλάτου
2908 3062 3179 3133 λέγοντος.
3227 3083 3246 3117 ι
3281 3065 3387 3120 Τὸν
3437 3064 3662 3136 βασιλέα
3702 3065 3799 3118 τῶν

2253 3153 2522 3208 Ἰουδαίων
2567 3153 2846 3221 ἀπολύσω,
2899 3174 2918 3209 ι
2964 3156 3299 3226 ἐμπαίζουσι
3341 3157 3532 3212 λοιπὸν
3565 3155 3709 3228 αὑτῷ
3734 3155 3800 3218 ὡς

2242 3244 2471 3316 βασιλεῖ.
2509 3248 2583 3300 Οὐ
2614 3248 2722 3319 γὰρ
2748 3248 2813 3318 δὴ
2848 3249 2954 3303 ὑπὸ
2981 3247 3076 3302 τοῦ
3117 3249 3357 3307 Πιλάτού
3384 3250 3796 3323 αιτροτραττέντες⁴

2238 3338 2459 3392 ἐποίουν
2490 3338 2685 3405 ταῦτα,
2717 3340 2775 3394 οἴ
2797 3356 2862 3410 γε
2895 3341 2991 3396 καὶ
3033 3340 3228 3406 νυκτὸς
3260 3342 3495 3414 ἐπῆλθον
3524 3343 3605 3415 τῷ
3642 3338 3798 3410 Ἰησοῦ

2239 3431 2390 3503 παρὰ
2427 3430 2655 3502 γνώμην
2687 3433 2783 3487 τοῦ
2812 3434 3102 3504 ἡγεμόνος,
3129 3437 3243 3500 τοῖς
3281 3435 3564 3502 Ἰουδαίοις
3594 3435 3796 3508 χαριζό-

2239 3539 2395 3595 μενοι
2417 3524 2717 3595 χρημὰτιιιν
2739 3525 2924 3581 ἕνεκα.
2946 3527 3242 3593 Μαλθακὺς
3269 3529 3368 3599 μὲν
3394 3528 3485 3583 οὖν
3507 3530 3537 3582 6
3565 3528 3797 3590 Πιλάτος,

2237 3615 2297 3668 οὑ
2327 3616 2607 3688 κακοήθης
2649 3616 2708 3671 δὲ
2754 3617 2895 3679 κατὰ
2931 3620 3060 3683 τοὺς
3112 3620 3422 3686 Ἰουδαίους.
3468 3621 3685 3691 Ἐξάγει
3710 3619 3796 3690 μὲν

2238 3706 2348 3779 γὰρ
2369 3705 2461 3763 τὸν
2497 3708 2728 3778 Ἰησοῦν,
2764 3709 2955 3765 σϐέσαι
2984 3711 3150 3766 πάλιν
3175 3713 3354 3767 αὑτῶν
3380 3713 3472 3769 τὸν
3500 3713 3671 3786 θυμὸν
3688 3712 3797 3782 βουο

2236 3798 2482 3870 λόμενος,
2518 3800 2634 3856 ἀλλ’
2661 3803 2863 3857 ἐκεῖνοι
2896 3804 3018 3858 οὑδὲ
3056 3804 3233 3869 οὕτως
3278 3807 3479 3879 ἥμεροι
3519 3807 3794 3877 γεγόνασι,

2239 3892 2404 3964 βοῶσι
2427 3895 2484 3949 δέ
2503 3911 2519 3927 ο
2544 3915 2564 3948 ι
2596 3896 2940 3966 Σταύρωσον,
2967 3898 3279 3971 σταύρωσον
3305 3901 3487 3955 αὑτὸν.
3525 3920 3547 3955 ι
3591 3898 3727 3955 Ἰδὼν
3746 3895 3796 3949 δὲ

2236 3986 2265 4037 6
2293 3985 2525 4049 Πιλᾶτος
2570 3988 2752 4057 μάτην
2816 3987 2995 4043 πάντα
3041 3990 3322 4062 γινόμενα.
3357 3991 3511 4062 φησί·
3552 4010 3574 4045 ε
3605 3989 3795 4046 Λάϐετε

2236 4076 2399 4130 αὑτὸν
2425 4077 2605 4147 ὑμεῖς.
2631 4080 2728 4133 καὶ
2753 4080 3106 4152 σταυρώσατε
3124 4099 3140 4116 ο
3176 4083 3289 4154 ἐγὼ
3313 4085 3423 4157 γὰρ
3449 4087 3549 4156 οὑχ
3577 4083 3797 4154 εὑρίσκω

2235 4168 2295 4223 ὲν
2328 4169 2479 4240 αὑτῷ
2514 4171 2713 4226 αἰτίαν.
2751 4190 2771 4223 ι
2822 4174 2972 4228 Ποιεῖ
3012 4174 3071 4229 δὲ
3098 4174 3280 4242 τοῦτο,
3318 4175 3579 4231 συνωθῶν
3616 4172 3796 4233 αὑτοὺς

2237 4262 2320 4326 εἰς
2348 4263 2583 4334 πρᾶγμα
2612 4263 2688 4336 μὴ
2714 4267 3205 4339 συγκεχωρημένον
3230 4269 3440 4333 αὑτοῖς,
3474 4267 3550 4330 ὡς
3583 4268 3646 4322 ἂν
3673 4267 3796 4318 61:0-

2236 4353 2372 4426 λυθῇ
2408 4356 2438 4410 6
2479 4355 2707 4429 Ἰησοῦς.
2758 4358 2901 4430 Ἐγὼ
2925 4360 3026 4431 μὲν
3062 4361 3195 4433 γὰρ,
3225 4362 3410 4433 φησὶν,
3438 4364 3467 4415 6
3492 4362 3633 4432 ἔχων
3660 4358 3795 4424 ἑξονο

566 4422 690 4480 talis
724 4427 942 4495 quidem
972 4442 1093 4487 erat
1122 4449 1278 4492 mens
1306 4437 1487 4507 Pilati,
1524 4442 1710 4499 mitior
1739 4446 2009 4517 videlicet,
2037 4422 2130 4505 ne-

566 4530 666 4550 nlla
699 4527 877 4550 [omnis
925 4524 1187 4550 sancta-:ln—
1238 4541 1330 4550 μ..-
1385 4532 1604 4550 _-__s._.,
1660 4535 1672 4547 ι
1752 4547 1762 4550 -
1956 4541 1968 4550 .
2059 4544 2129 4550 ----

2238 4422 2371 4499 σίαν
2389 4422 2727 4520 σταυρῶσαι,
2761 4468 2781 4503 ι
2818 4422 3086 4520 ὁιδὲμιωὶ
3109 4422 3572 4525 aiatait-cupit:de
3609 4471 3628 4505 ι
3657 4450 3794 4513 ὑμεῖς

563 4530 667 4583 que
698 4527 879 4574 tamen
922 4524 1187 4581 severiter
1236 4541 1335 4596 pro
1384 4532 1614 4590 veritate
1657 4535 1889 4596 instans.
1938 4541 2013 4597 At
2057 4544 2132 4599 illi

558 4608 723 4665 etiam
776 4613 829 4666 in
872 4614 976 4672 hoc
1020 4620 1256 4689 confusi,
1309 4622 1498 4679 dicunt
1543 4630 1685 4697 quod
1740 4647 1760 4684 ι
1823 4630 2133 4692 Secundum

562 4708 800 4756 nostram
852 4703 1025 4775 legem
1072 4709 1230 4765 debet
1282 4714 1445 4777 mori,
1517 4717 1644 4786 quia
1686 4716 1878 4776 Filium
1929 4723 2022 4779 Dei
2074 4740 2134 4782 se

562 4790 706 4848 fecit.
760 4813 779 4847 ι
832 4796 967 4854 Vide
1002 4806 1271 4868 quomodo
1329 4805 1534 4862 malitia
1589 4809 1693 4864 sibi
1738 4827 1843 4867 non
1886 4827 2129 4873 constet.

563 4879 736 4951 Supra
774 4886 986 4941 dicebat
1018 4890 1098 4944 eis
1129 4889 1335 4949 Pilatus
1365 4911 1379 4947 :
1435 4913 1454 4947 ι
1488 4897 1733 4970 Accipite
1759 4917 1904 4970 eum,
1939 4914 1994 4960 et
2038 4922 2133 4963 se-

562 4979 794 5031 cundum
828 4990 1062 5035 vestram
1096 4982 1268 5054 legem
1297 4986 1559 5056 iudicate,
1599 5009 1619 5043 ι
1666 5002 1721 5047 et
1745 4994 1874 5051 illud
1902 5012 2009 5053 non
2040 5014 2134 5070 ap-

561 5068 875 5135 probarunt.
909 5071 1067 5130 Nunc
1106 5077 1302 5134 iterum
1332 5081 1538 5147 dicunt,
1579 5103 1599 5137 ι
1632 5085 1936 5145 Secundum
1960 5068 2130 5161 legem

562 5170 800 5251 nostram
844 5166 1001 5220 debet
1037 5168 1195 5224 mori.
1235 5188 1255 5223 ι
1300 5171 1473 5242 Supra
1500 5177 1830 5235 accusabant
1871 5182 2014 5251 quod
2054 5183 2135 5239 fe-

559 5249 724 5308 cisset
743 5269 801 5308 se
829 5270 1032 5326 regem,
1062 5274 1206 5315 nunc
1234 5263 1301 5318 de
1326 5266 1610 5323 mendacio
1641 5249 1939 5342 redarguti,
1968 5289 2132 5329 accu-

557 5353 679 5398 sant
709 5363 727 5397 ι
766 5351 911 5416 quod
952 5349 1148 5405 Filium
1185 5351 1279 5409 Dei
1314 5370 1372 5412 se
1414 5358 1622 5414 fecerit.
1662 5379 1681 5412 ι
1713 5362 1854 5429 Quid
1890 5365 1993 5421 hoc
2021 5366 2130 5421 cri-

558 5435 690 5488 mini
715 5438 974 5495 vertitur?
1010 5442 1066 5496 Si
1102 5457 1264 5513 opera
1298 5446 1388 5500 Dei
1431 5447 1584 5515 facit,
1625 5450 1823 5506 Filium
1868 5451 1962 5506 Dei
2008 5468 2131 5510 esse

554 5526 683 5599 quid
712 5529 992 5598 prohibet?
1020 5533 1151 5592 Vide
1176 5548 1359 5594 autem
1387 5542 1623 5596 divinam
1646 5546 2127 5615 dispensationem,

556 5627 825 5689 quomodo
852 5625 924 5680 illi
948 5630 1160 5697 quidem
1193 5633 1260 5688 ad
1285 5635 1482 5690 ntultos
1505 5635 1719 5704 judiccs
1742 5639 1993 5694 duxerint
2022 5639 2129 5695 Do-

555 5713 784 5781 minum,
820 5729 877 5772 ut
923 5718 1257 5779 inlamarent
1286 5736 1340 5781 et
1373 5730 1806 5785 contaminarent
1853 5731 1971 5800 ejus
2010 5731 2127 5802 glo-

556 5806 712 5875 riam,
766 5811 860 5867 sed
902 5816 1228 5874 contumelia
1270 5818 1323 5875 in
1374 5829 1531 5892 caput
1570 5822 1809 5893 ipsorum
1842 5824 2123 5883 reciderit.

2241 4536 2299 4591 δὲ
2327 4538 2376 4593 οἱ
2404 4537 2479 4610 μὴ
2512 4539 2729 4609 ἔχοντες
2761 4540 3012 4609 ἐξουσίαν
3043 4543 3336 4615 σταυροῦν,
3380 4544 3516 4614 φατὲ
3561 4542 3794 4598 ὑπαίτιον

2240 4625 2383 4684 εἶναι
2405 4631 2615 4689 τοῦτον.
2645 4650 2664 4684 ι
2696 4633 2905 4688 Λάϐετε
2926 4631 3020 4691 οὖν
3044 4636 3233 4702 αὑτὸν,
3253 4640 3347 4692 καὶ
3376 4639 3744 4711 σταυρώσατε.
3770 4648 3789 4684 ι

2250 4723 2393 4778 Ἀλλ’
2427 4725 2529 4779 οὑκ
2562 4724 2717 4797 ἔχετε
2743 4726 3023 4795 ὲξουσίαν;
3061 4730 3259 4785 οὐκοῦν
3290 4733 3617 4805 άπολυθήτω
3644 4732 3672 4783 ὁ
3708 4727 3793 4782 ἀν·

2236 4814 2476 4887 θρωπος.
2520 4817 2773 4881 Τοιοῦτος
2822 4821 2923 4890 μὲν
2973 4819 3127 4892 οὖν,6
3166 4824 3368 4888 σκοπὸς
3406 4824 3502 4879 τοῦ
3538 4824 3790 4881 Πιλάτου.

2236 4910 2647 4989 έπιεικέστερρς
2680 4910 2916 4984 δηλαδὴ,
2953 4915 3013 4967 ού
3048 4915 3157 4986 μὴν
3185 4916 3499 4981 ἐνστατικὸς
3526 4918 3662 4987 ὑπὲρ
3705 4913 3789 4980 τῆς

2236 5000 2517 5071 ἀληθείας.
2555 5002 2623 5056 Ol
2657 5001 2712 5056 δὲ
2744 5005 2838 5057 καί⁵
2869 5005 2930 5060 ὲν
2966 5005 3144 5078 τούτῳ
3178 5009 3663 5080 καταισχυνθέντες
3712 5002 3791 5056 λέ-

2234 5108 2446 5161 γουσιν,
2497 5093 2581 5147 ὅτι
2637 5112 2655 5146 ι
2702 5095 2860 5151 Κατὰ
2907 5096 2999 5150 τὸν
3036 5097 3200 5168 νόμον
3241 5098 3400 5169 ἡμῶν
3430 5099 3633 5169 ὀφείλει
3666 5098 3789 5150 ἀποο

2238 5184 2446 5251 θανεῖν,
2469 5186 2552 5240 ὅτι
2593 5186 2723 5240 Υίδν
2751 5186 2886 5241 Θεοῦ
2912 5189 3103 5244 ἑαυτὸν
3137 5191 3418 5264 ἐποίησεν.
3457 5210 3477 5244 ι
3526 5194 3664 5263 Ὀρα
3697 5184 3787 5256 τὴν

2234 5278 2440 5331 κακίαν
2485 5277 2817 5350 ἀσύμφωνον
2856 5282 3047 5356 ἑαυτῇ.
3122 5284 3274 5339 Ἀνω
3316 5285 3511 5353 ἔλεγεν
3551 5282 3724 5343 αὑτοῖς
3762 5276 3788 5328 ό

2234 5369 2499 5432 Πιλάτος·
2556 5389 2574 5422 ι
2624 5372 2834 5426 Λάὂετε
2884 5373 3047 5428 αὑτὸν
3106 5374 3299 5447 ὑμεῖς,
3355 5378 3451 5429 καὶ
3514 5374 3652 5431 κατά
3705 5367 3786 5421 τὸν

2234 5458 2399 5535 νομον
2444 5460 2598 5534 ὑμῶν
2648 5463 2908 5533 κρίνατεο
2952 5483 2973 5517 ι
3023 5466 3120 5520 καὶ
3163 5467 3263 5521 οὑκ
3318 5466 3566 5531 ἐδέξαντο
3619 5458 3782 5518 τοῦτο.

2232 5553 2347 5608 Νῦν
2395 5554 2579 5622 πάλιν,
2633 5556 2716 5611 ὅτι
2772 5576 2791 5609 ι
2845 5559 3006 5613 Κατὰ
3053 5561 3145 5613 τὸν
3190 5562 3356 5633 νόμον
3400 5562 3561 5634 ἡμῶν
3601 5552 3786 5627 ὀφείλει

2232 5647 2544 5717 ἀποθανεῖν,
2597 5668 2616 5702 ι
2655 5650 3046 5724 προφέρουσιν.
3087 5655 3257 5721 "Avia,
3297 5656 3381 5708 ὄτι
3420 5653 3651 5709 Βασιλέα
3674 5649 3787 5701 ἑαυα

2232 5736 2325 5790 τδν
2357 5741 2522 5803 ποιεῖ.
2553 5740 2872 5797 ἐνεκάλουν·
2907 5744 3000 5799 νῦν
3029 5745 3240 5799 ἐκείνου
3258 5744 3488 5815 ψευδοῦς
3518 5734 3786 5811 ἐλεγχθέν·

2231 5845 2345 5897 τος.
2394 5847 2412 5882 ι
2469 5830 2593 5886 Ὀτι
2628 5832 2756 5889 Υίὸν
2785 5833 2921 5889 Θεοῦ
2960 5836 3154 5892 ἑαυτὸν
3205 5839 3368 5900 ποιεῖ.
3413 5856 3437 5891 ι
3488 5830 3782 5903 ἐγκαλοῦσι.
