4056 6602
337 414 454 477 σεε,

1010 414 1455 478 ENARRATIO
1497 416 1578 475 ΙΝ
1601 415 2097 476 EVANGELIUEI
2141 410 2547 480 IDANNIS,’
2574 411 2732 470 CAP.
2768 410 2923 471 XIX.

3528 409 3638 472 266

343 520 464 576 Καὶ
534 515 588 570 τί
669 516 848 569 τοῦτο·
885 516 1174 589 Enimn;
1238 520 1301 572 Εἰ
1350 521 1418 573 τὰ
1471 519 1608 590 ἔργα
1663 519 1757 572 τοῦ
1813 520 1950 573 Θεοῦ

2064 520 2196 574 lline
2237 522 2395 573 enim
2447 520 2618 589 magis
2667 521 2856 574 insons
2893 522 3318 586 demonstratur,
3374 536 3487 576 rem
3528 533 3637 579 tam

342 614 520 677 ποιεῖ,
573 611 702 662 Υίδν
733 610 870 663 Θεοῦ
925 607 1148 666 εἶναιτί
1193 613 1398 666 κωλύει
1453 613 1651 678 αὑτόν;
1690 611 1835 683 Ὀρα
1883 614 1941 666 δὲ

341 704 449 774 τὴν
483 703 634 758 θείαν
669 705 1008 772 οἰκονομίαν,
1048 704 1166 767 πῶς
1213 709 1416 760 ἐκεῖνοι
1460 706 1558 776 μὲν
1612 707 1823 760 πλείοσι
1866 708 1944 761 διο

2051 610 2343 680 diligenter
2377 610 2831 679 disquirentibus.
2887 613 3110 679 Quoties
3144 613 3227 669 vel
3268 612 3472 672 Pilatus
3505 630 3639 673 con--

2051 701 2228 761 fessus
2254 714 2338 761 est
2362 718 2421 759 se
2457 705 2588 758 nihil
2619 705 2865 759 invenire
2895 716 3068 761 morte
3097 706 3314 776 dignum
3339 708 3351 762 !

344 799 677 868 καστηρίοις
703 798 1030 869 παρεδίδουν
1052 799 1144 853 τὸν
1166 800 1396 873 Κύριον,
1415 801 1556 854 ὥστε
1577 805 1950 872 μωμήσασθαι
1989 805 2174 868 αὑτὸν,
2207 801 2303 856 καὶ
2370 801 2711 870 καταχρᾶναι
2740 799 2838 868 τὴν
2863 799 3023 864 δόξαν
3045 801 3234 866 αὐτοῦ,
3261 803 3342 865 εἰς
3400 804 3641 874 κεφαλὴν

336 891 398 942 δὲ
422 891 608 950 αὑτοῖς
632 891 670 960 ἡ
695 889 854 959 ὕϐρις
877 892 1265 962 περιτρέπεται
1285 911 1297 924 ·
1324 893 1574 947 ἐντεῦθεν
1592 894 1702 964 γὰρ
1727 894 1927 964 μᾶλλον
2001 897 2370 967 ἀκατάκριτος
2441 892 2826 954 διαδείκνυται,
2882 890 3275 962 ἐξεταζομένου
3326 897 3420 950 τοῦ
3499 899 3642 969 πρά-

341 998 564 1052 γματος
595 985 1010 1054 ἀκριϐέστερον.
1040 986 1282 1050 Ποσάκις
1307 986 1439 1054 γοῦν
1472 989 1499 1040 0
1535 986 1768 1048 Πιλᾶτος
1791 987 2112 1058 ὡμολόγησε
2147 989 2314 1060 μηδὲν
2349 987 2629 1058 εὑρίσκειν
2653 986 2709 1036 ἐν
2741 982 2892 1054 αῦτῷ
2923 985 3153 1040 θανάτου
3187 987 3372 1051 eam!

431 1095 450 1126 ι
489 1077 621 1130 Ὂτε
654 1074 749 1130 οὖν
797 1079 1031 1148 ἤκουσεν
1065 1080 1092 1130 ὀ
1132 1079 1369 1144 Πιλᾶτος
1410 1081 1602 1134 τοῦτον
1635 1081 1726 1134 τὸν
1766 1082 1943 1145 λόγον,

342 1169 557 1238 μᾶλλον
604 1170 873 1239 ἐφοϐήθη.
917 1171 1013 1224 καὶ
1065 1173 1317 1242 εἰσῆλθεν
1355 1176 1436 1236 εἰς
1491 1175 1552 1226 τὸ
1604 1171 1946 1243 πραιτώριον

337 1259 538 1321 πάλιν,
591 1266 684 1312 καὶ
719 1260 867 1328 λέγει
919 1262 996 1331 τῷ
1062 1263 1264 1332 Ἰησοῦ·
1324 1267 1496 1318 Πόθεν
1528 1261 1575 1318 εἷ
1619 1266 1726 1330 σῦς
1795 1267 1854 1320 Ὀ
1889 1267 1946 1321 δὲ

351 1356 572 1426 Ἰησοῦς
609 1358 902 1428 ἀπόκρισιν
928 1360 1030 1416 οὐκ
1060 1359 1260 1413 ἔδωκεν
1285 1362 1454 1432 αὐτῷ.
1487 1363 1653 1432 Λέγει
1677 1364 1774 1417 οῦν
1796 1365 1946 1436 αὐτῷ

337 1454 368 1502 ὀ
406 1453 663 1514 Ηιλατος·
711 1452 867 1521 Ἐμοὶ
899 1454 960 1505 οὐ
996 1451 1214 1517 λαλεῖςς
1247 1455 1362 1508 Οὐκ
1384 1451 1556 1520 οἶδας,
1583 1457 1666 1508 ὃτι
1699 1457 1948 1523 ἐξουσίαν

341 1546 466 1612 ἔχω
516 1543 836 1616 σταυρῶσαί
876 1563 959 1605 σε,
990 1548 1087 1599 καὶ
1127 1547 1377 1612 ἐξουσίαν
1408 1548 1518 1617 ἔχω
1551 1549 1823 1603 ἀπολῦσαί
1855 1568 1944 1615 σε;

354 1641 670 1711 Ἀπεκρίθη
723 1641 963 1709 Ἰησοῦς’
1017 1643 1133 1696 υῦκ
1185 1637 1336 1713 εῐχες
1387 1645 1642 1709 ἐξουσίαν
1681 1646 1943 1716 οὐδεμίαν

342 1736 478 1787 κατ’
506 1733 664 1804 ἐμοῦ,
694 1735 744 1786 εί
774 1737 849 1804 μὴ
878 1730 946 1804 ἦν
979 1752 1062 1788 σοι
1085 1736 1375 1805 δεδομένον
1402 1735 1636 1794 ἄνωθεν.
1665 1737 1765 1792 Διὰ
1794 1739 1954 1792 τοῦτο

341 1829 375 1878 ὀ
431 1824 766 1896 παραδιδούς
802 1825 871 1894 μέ
905 1843 988 1882 σοι
1054 1826 1280 1896 μείζονα
1328 1827 1610 1898 ἁμαρτίαν
1648 1826 1783 1897 ἔχει.
1829 1848 1848 1880 ι
1891 1830 1954 1883 ’0

342 1917 460 1986 μὲν
495 1916 730 1979 Πιλᾶτος
766 1916 922 1986 ψιλὸν
973 1916 1129 1985 λόγον
1165 1919 1328 1986 μόνον
1372 1896 1640 1983 δικοῦσας,
1689 1896 1771 1972 δτι
1817 1918 1945 1982 Υἱός
1987 1896 2030 1954 Β

346 2011 480 2062 ἐστι
513 2009 608 2063 τοῦ
635 2009 796 2072 Θεοῦ,
829 2011 1098 2078 φοϐεῖται·
1123 2013 1172 2066 οί
1203 2011 1261 2064 δέ
1292 2011 1387 2065 καὶ
1414 2011 1697 2083 ἔργα-θεῖα
1730 2013 1954 2076 ἰδόντες,

346 2099 676 2171 ἀναιροῦσιν
694 2103 878 2166 αὐτὸν,
904 2104 1044 2170 ὑπὲρ
1066 2095 1141 2158 ὧν
1163 2104 1332 2174 ἐχρῆν
1355 2107 1706 2174 προσκυνεῖν.
1747 2104 1958 2175 Ἐρωτᾷ

347 2195 412 2252 δὲ
443 2195 632 2258 αὑτὸν,
684 2197 784 2265 οὐχ
813 2194 988 2260 οὕτως
1035 2195 1224 2268 ὥσπερ
1260 2196 1532 2268 πρότερον
1555 2213 1569 2228 ·
1604 2215 1622 2250 ι
1663 2197 1728 2253 Τί
1757 2198 1954 2266 ἐποίη-

352 2303 505 2352 acc;
543 2306 565 2340 ι
598 2288 760 2354 ἀλλὰ,
814 2307 832 2340 ι
874 2291 972 2353 Τίς
999 2285 1052 2344 εἷ
1099 2289 1199 2355 cui;
1242 2309 1262 2342 ι
1296 2290 1433 2343 Τότε
1485 2293 1583 2360 μὲν
1619 2292 1730 2362 γὰρ
1760 2290 1955 2361 ἐπειδὴ

348 2379 440 2442 ὼς
498 2379 792 2450 βασιλειῶν
846 2381 1184 2444 ἐνεκαλεῖτο,
1255 2382 1487 2446 εἰκότως
1541 2386 1754 2455 ἐρωτᾷ·
1813 2403 1832 2436 ι
1889 2385 1956 2438 Τί

351 2473 662 2542 ιποίησαςς
701 2492 721 2524 ι
757 2474 852 2527 νῦν
874 2475 953 2540 δέ,
979 2475 1102 2528 ἐπεὶ
1130 2475 1206 2538 ὡς
1233 2474 1362 2528 Υίδν
1390 2475 1526 2528 Θεοῦ
1553 2477 1749 2531 ἐαυτὸν
1783 2478 1956 2530 ποιῶν

347 2561 739 2629 διαϐάλλεται,
789 2565 1006 2636 ἐρωτᾷ.⁹
1047 2583 1067 2617 ι
1106 2565 1280 2620 Πόθεν
1314 2563 1363 2620 εί
1410 2567 1514 2632 σῦς
1556 2586 1575 2620 ι
1643 2569 1856 2639 Ἰησοῦς
1895 2568 1954 2621 δὲ

353 2655 515 2723 σιγᾷ.
557 2655 770 2724 Ἔμαθε
810 2657 921 2728 γὰρ
953 2659 1085 2730 παρ’
1132 2659 1300 2713 αὑτοῦ
1329 2662 1356 2713 0
1391 2660 1642 2724 Πιλᾶτος,
1679 2663 1763 2717 δτι
1800 2681 1817 2712 ι
1858 2662 1955 2725 Εἰς

352 2743 526 2798 τοῦτο
551 2748 912 2817 γεγέννημαιο
952 2768 970 2801 ι
1001 2751 1119 2817 καὶ,
1157 2771 1174 2803 ι
1197 2753 1261 2805 Ἦ
1293 2751 1541 2824 βασιλεία
1562 2769 1663 2824 μου
1683 2755 1782 2807 οὐκ
1812 2755 1958 2810 ἔστιν

352 2839 640 2893 ἐντεῦθεν·
692 2858 712 2892 ι
758 2844 852 2895 καὶ
898 2843 1048 2911 ὅμως
1094 2844 1248 2897 οὐδὲν
1311 2847 1375 2898 ἐκ
1413 2846 1620 2898 τούτων
1671 2846 1954 2918 ὠφελήθη,

351 2931 490 2986 οὐδὲ
540 2934 774 3003 ἀντέστη
821 2935 962 3006 ὑπὲρ
995 2936 1098 3006 τῆς
1136 2937 1419 3007 ἀληθείας,
1451 2937 1568 2992 ἀλλ’
1616 2939 1846 2992 ἐνέδωκε
1887 2943 1955 3012 τῇ

363 3024 474 3078 τοῦ
504 3027 664 3097 δχλου
699 3032 869 3100 ὁρμῇ.
901 3032 994 3084 Διὸ
1036 3035 1062 3084 0
1093 3032 1300 3103 Κύριος
1325 3035 1424 3096 τὰς
1457 3035 1758 3105 ἐρωτήσεις
1790 3035 1957 3089 αὑτοῦ

352 3120 446 3181 ὡς
497 3121 619 3191 εικῆ
669 3124 968 3193 γενομένας
1018 3125 1320 3192 διαπτζων,
1371 3127 1524 3180 οὐδὲν
1570 3127 1952 3198 ἀποκρίνεται.

358 3208 551 3272 Ὅλως
581 3211 639 3264 δὲ
674 3212 927 3281 φαίνεται
967 3215 994 3266 0
1029 3215 1259 3277 Πιλᾶτος
1294 3217 1368 3287 μὴ
1399 3217 1628 3289 στερρός
1657 3233 1740 3280 τις
1774 3211 1914 3270 εἶναι
1937 3259 1952 3283 ,

357 3304 508 3363 ἀλλὰ
546 3307 640 3360 καὶ
668 3305 788 3359 λίαν
817 3307 923 3360 ὑπὸ
948 3308 1058 3361 τῶν
1095 3310 1369 3380 τυχόντων
1399 3310 1689 3380 φοδήτρων
1724 3311 1957 3368 διασειό-

357 3415 560 3468 μενος.
593 3400 702 3454 Καὶ
731 3401 841 3470 γὰρ
877 3401 969 3453 καὶ
1005 3401 1131 3464 τοὺς
1178 3401 1466 3467 Ἰουδαίους
1517 3404 1811 3470 ἐδεδοίκει,
1864 3407 1960 3461 καὶ

357 3491 465 3545 τὸν
504 3493 735 3564 Ἰησοῦν,
787 3493 862 3556 ὡς
913 3493 1044 3547 Υίδν
1091 3493 1251 3558 Θεοῦ,
1304 3495 1580 3566 ἐφριττεν.
1625 3497 1855 3568 Ἰδωμεν
1903 3500 1960 3551 δέ

358 3585 467 3641 καὶ
495 3584 612 3649 πῶς
655 3587 852 3642 ἑαυτὸν
899 3587 1246 3657 κατακρίνει,
1279 3586 1348 3642 δι’
1382 3582 1458 3643 ὧν
1495 3589 1668 3658 λέγει’
1715 3611 1733 3642 ‹
1782 3591 1963 3658 Ἐξου-

360 3675 500 3733 σίαν
543 3676 652 3746 ἔχω
694 3679 1012 3748 σταυρῶσαί
1058 3697 1140 3742 σε,
1188 3681 1284 3734 καὶ
1313 3679 1563 3746 ἐξουσίαν
1608 3683 1718 3754 ἔχω
1759 3685 1964 3737 ἀπολῦ-

359 3770 467 3824 σαί
493 3787 573 3824 σε.
612 3790 631 3822 ι
683 3772 747 3826 El
781 3775 890 3843 γὰρ
920 3773 982 3825 τὸ
1011 3775 1119 3832 πᾶν
1152 3775 1210 3825 ἐν
1254 3774 1338 3829 σοὶ
1374 3773 1576 3839 ἔκειτο,
1606 3777 1752 3840 τίνος
1775 3776 1962 3829 ἕνεκεν

359 3864 476 3917 οὐκ
505 3864 764 3928 ἁπέλυες,
805 3865 864 3917 ὃν
907 3865 1152 3920 ἀναίτιον
1191 3859 1390 3938 εῦρες;
1441 3867 1504 3922 '0
1533 3867 1592 3922 δὲ
1626 3868 1833 3940 Κύριος
1870 3869 1962 3924 τὸν

359 3954 546 4026 τύςον
576 3957 742 4012 αὐτοῦ
787 3958 1109 4025 κατασπῶν,
1163 3977 1183 4013 ι
1220 3961 1335 4014 Οὐκ
1366 3956 1534 4031 εἶχες,
1581 3961 1772 4031 φησιν,
1805 3961 1960 4026 ἐξου-

361 4051 501 4104 σίαν
547 4051 808 4121 οὐδεμίαν
853 4051 974 4104 κατ’
1028 4052 1188 4122 ἐμοῦ,
1223 4053 1273 4105 εί
1323 4053 1398 4124 μὴ
1442 4049 1514 4126 ἦν
1562 4071 1644 4108 σοι
1674 4053 1962 4125 δεδομένον

358 4143 603 4204 ἀνωθεν.
637 4162 658 4196 ι
697 4143 775 4199 Οῦ
805 4145 914 4214 γὰρ
941 4144 1130 4208 ἁπλῶς
1152 4144 1328 4209 οὕτως
1355 4145 1710 4217 ἀποθνήσκω,
1743 4146 1882 4204 ἀλλά
1906 4166 1960 4201 τι

363 4237 645 4308 μυστικὸν
674 4238 930 4302 ἐπιτελεῖ),
970 4239 1066 4292 καὶ
1107 4238 1316 4296 ἄνωθεν
1347 4237 1506 4294 τοῦτο
1534 4241 1615 4303 είς
1642 4239 1828 4310 κοινὴν
1857 4257 1963 4294 σω-

359 4331 574 4399 τηρίαν
599 4330 962 4401 προώρισται.
998 4331 1118 4386 Ἵνα
1139 4331 1196 4388 δέ
1231 4332 1307 4402 μὴ
1337 4330 1601 4395 ἀκούσας,
1631 4333 1713 4386 δτι
1741 4349 1761 4383 ι
1792 4334 1965 4386 Ἀνω-

367 4423 474 4476 θέν
515 4424 632 4475 ἐστι
670 4423 980 4494 δεδομένον,
1018 4441 1038 4478 ι
1074 4424 1299 4495 νομίσῃς
1336 4422 1682 4497 ἀπηλλάχθαι
1732 4424 1963 4495 εὐθύνης

367 4513 535 4582 παρὰ
557 4512 683 4582 Θεῷ
713 4514 803 4567 τὸν
837 4513 1090 4580 Πιλᾶτον,
1121 4514 1400 4586 ἐπιφέρει,
1429 4514 1512 4567 ὅτι
1555 4531 1573 4565 ι
1626 4517 1685 4567 '0
1732 4515 1962 4584 παραδι-

2128 1082 2291 1138 \’£ns.
2324 1083 2478 1136 8-H.
2530 1101 2548 1132 ι
2608 1080 2743 1132 Cum
2781 1093 2910 1150 ergo
2959 1079 3205 1134 audisset
3239 1078 3450 1137 Pilatus
3499 1085 3644 1137 hunc:

2053 1190 2384 1240 sermonem,
2440 1172 2613 1242 magis
2651 1171 2852 1225 timuit.
2908 1168 2974 1222 Et
3012 1171 3289 1238 ingressus
3323 1181 3406 1226 est
3448 1183 3644 1240 praato-

2053 1271 2445 1334 rium'iterum,
2490 1277 2542 1320 et
2564 1265 2697 1319 dicit
2721 1264 2786 1316 ad
2829 1263 3013 1320 Jesum
3047 1281 3060 1316 :
3094 1256 3247 1319 Unde
3274 1278 3332 1318 es
3362 1274 3414 1318 tu
3435 1265 3458 1318 ?
3483 1264 3646 1320 Jesus

2057 1371 2236 1415 autem
2261 1374 2574 1429 responsum
2609 1373 2713 1410 non
2734 1357 2881 1411 dedit
2899 1357 2972 1410 ei.
3000 1357 3138 1412 Dicit
3161 1371 3294 1427 ergo
3317 1357 3366 1411 ei
3389 1356 3597 1412 Pilatus
3629 1381 3642 1413 :

2059 1454 2186 1508 Mihi
2220 1469 2328 1508 non
2357 1452 2633 1523 loqueris?
2664 1449 2855 1505 Nescis
2886 1450 3028 1520 quod
3057 1459 3380 1518 potestatem
3419 1451 3644 1504 habeam

2056 1545 2407 1615 crucitigendi
2460 1554 2532 1608 te,
2580 1555 2634 1598 et
2689 1545 2917 1597 habeam
2962 1551 3288 1609 potestatem
3331 1542 3644 1598 absolvendi

2057 1639 2147 1693 te?
2178 1638 2480 1710 Respondit
2524 1636 2682 1692 Jesus
2728 1654 2742 1691 :
2781 1636 2896 1689 Non
2933 1636 3162 1690 haberes
3191 1645 3512 1704 potesta'ent
3550 1636 3645 1689 ad.

2061 1747 2277 1787 versum
2312 1747 2397 1786 me
2429 1731 2616 1796 ullam,
2654 1729 2756 1783 nisi
2791 1729 2883 1784 tibi
2917 1729 3100 1783 datum
3137 1737 3283 1782 esset
3310 1744 3341 1783 e
3372 1729 3644 1798 supernis.

2067 1825 2080 1876 l
2107 1837 2357 1894 roptcrea
2384 1823 2474 1893 qui
2507 1839 2593 1877 me
2620 1821 2839 1878 tradidit
2880 1822 2995 1886 tibi,
3026 1821 3200 1890 majus
3232 1831 3514 1891 peccatum
3549 1823 3648 1876 ha-

2060 1917 2173 1972 bet.
2211 1938 2228 1969 ι
2287 1915 2496 1971 Pilatus
2536 1915 2752 1986 quidem
2799 1915 2985 1969 audito
3019 1915 3162 1968 nudo
3209 1929 3464 1970 sermone
3501 1917 3647 1983 quosi

2059 2011 2129 2065 sit
2158 2009 2328 2065 Filius
2355 2010 2474 2076 Dei,
2507 2010 2771 2078 pavescit.
2807 2007 2888 2061 llli
2940 2006 3107 2063 etiam
3157 2008 3413 2078 operibus
3448 2010 3647 2063 divinis

2060 2105 2189 2160 visis
2219 2120 2341 2160 enm
2373 2104 2649 2169 occidunt,
2679 2111 2903 2174 prapter
2931 2117 3050 2172 qua:
3076 2103 3308 2158 adorare
3338 2103 3642 2172 oportebat.

2057 2200 2365 2269 'lnterrOgat
2391 2209 2574 2253 autem
2598 2213 2722 2253 eum
2749 2212 2858 2250 non
2885 2195 3131 2266 utprius,
3161 2214 3180 2248 ι
3206 2196 3343 2263 Quid
3374 2195 3595 2252 fecisu?
3621 2215 3641 2250 ι

2057 2294 2172 2355 sed,
2207 2310 2227 2344 ι
2266 2293 2398 2360 Quis
2424 2307 2484 2347 es
2509 2291 2608 2345 tu?
2633 2310 2654 2342 ι
2683 2289 2819 2345 Hann
2847 2290 2970 2359 quia
3003 2301 3132 2344 tunc
3152 2289 3371 2360 quidem
3402 2301 3458 2343 ut
3489 2292 3643 2360 regni

2055 2383 2367 2438 invasorem
2422 2383 2742 2453 arguebant,
2791 2382 2987 2436 merito
3033 2381 3282 2447 rogabat,
3333 2401 3352 2432 ι
3392 2381 3532 2447 Quid
3567 2381 3648 2436 [e-

2057 2475 2221 2530 cisn?
2260 2493 2280 2527 ι
2315 2474 2468 2529 Nunc
2497 2482 2680 2528 autem
2705 2473 2831 2542 quia
2859 2480 3121 2526 accusant
3148 2473 3292 2542 quod
3323 2471 3518 2527 Filium
3552 2473 3645 2528 Dei

2057 2585 2117 2625 se
2142 2569 2351 2635 fecerit,
2383 2579 2556 2638 rogat,
2579 2566 2740 2638 747
2771 2585 2790 2618 ι
2820 2565 2977 2622 Unde
3009 2580 3069 2620 es
3103 2565 3200 2619 tu?
3227 2585 3249 2617 ι
3278 2563 3436 2620 Iesus
3465 2575 3589 2621 ante
3616 2590 3643 2616 ιι

2059 2673 2226 2717 tacet.
2283 2663 2550 2716 Didicerat
2595 2660 2739 2713 enim
2781 2659 2848 2712 ab
2875 2673 2939 2712 eo
2966 2657 3170 2711 Pilatus
3216 2659 3360 2727 quod
3400 2675 3418 2709 ι
3446 2656 3503 2711 lu
3540 2657 3646 2712 hoe

2060 2766 2223 2810 natus
2243 2771 2420 2817 sum,»
2443 2761 2516 2817 et,
2547 2771 2564 2804 ι
2589 2753 2830 2822 llegnunt
2853 2767 3031 2806 meum
3056 2768 3160 2804 non
3184 2761 3266 2805 est
3285 2752 3408 2804 hinc
3433 2767 3482 2804 τι
3511 2761 3617 2804 att-.i
3637 2782 3649 2794 ο

2061 2863 2184 2901 men
2219 2846 2351 2900 nihil
2387 2860 2448 2898 ex
2489 2845 2572 2897 his
2619 2844 2864 2914 percepit
2913 2842 3184 2906 utilitatis,
3231 2857 3411 2910 neque
3447 2843 3648 2897 restitit

2061 2940 2182 2994 aliis
2230 2954 2328 3008 pro
2379 2939 2640 3002 veritate,
2700 2939 2795 2992 sed
2846 2937 3012 2992 cessit
3048 2935 3218 2992 turba:
3269 2935 3642 2992 tumultuanti.

2062 3031 2266 3085 Idcirco
2297 3030 2556 3085 Dominus
2587 3028 3044 3099 interrogationes
3076 3025 3215 3097 ejus,
3254 3035 3440 3096 utpote
3473 3026 3646 3083 factas

2063 3133 2284 3186 temere,
2336 3136 2624 3189 respuens,
2674 3121 2809 3175 nihil
2844 3120 3154 3191 respondet.
3191 3118 3424 3173 Omnino
3465 3130 3644 3172 autem

2064 3214 2274 3266 videtur
2320 3215 2525 3273 Ριιιιιιιε
2567 3229 2673 3268 non
2707 3228 2826 3268 esse
2855 3211 3099 3267 fervidus
3135 3219 3190 3266 et
3228 3219 3510 3274 constans,
3550 3215 3645 3264 sed

2015 3295 2029 3318 ⁸
2067 3307 2113 3360 is
2144 3323 2304 3377 quem
2338 3308 2418 3360 vel
2469 3322 2641 3378 pauca
2676 3307 2922 3375 quaedam
2962 3304 3404 3360 terriculamenta
3441 3319 3648 3358 concu-

2067 3402 2229 3459 tiunt,
2272 3399 2403 3454 Nam
2437 3409 2492 3455 et
2519 3399 2734 3455 Judatos
2783 3396 3026 3460 timebat,
3063 3406 3116 3450 et
3145 3395 3328 3450 Jesntn
3363 3404 3422 3449 ut
3452 3393 3646 3448 Filunu

2065 3495 2158 3549 Dei
2202 3496 2481 3549 horrebat.
2542 3491 2835 3547 Videamus
2875 3501 3051 3544 autem
3099 3489 3370 3556 quomodo
3407 3487 3642 3556 seipsuni

2063 3591 2390 3647 condemnet
2419 3602 2517 3655 per
2545 3601 2608 3640 ea
2639 3599 2760 3654 qua?
2806 3585 2982 3640 dicit:
3021 3602 3041 3636 ι
3087 3582 3421 3638 Potestatem
3472 3581 3648 3634 habeo

2065 3680 2414 3748 crocitigendi
2450 3689 2522 3744 te,
2553 3687 2605 3732 et
2633 3686 2959 3747 potestatem
2985 3675 3158 3729 habeo
3181 3671 3488 3726 dimittendi
3516 3681 3589 3724 te.
3618 3679 3640 3724 ι

2065 3769 2125 3826 Si
2179 3771 2326 3824 enim
2370 3771 2475 3824 hoc
2519 3779 2691 3825 totum
2743 3769 2944 3833 habes,
3015 3775 3069 3822 et
3116 3767 3170 3820 in
3213 3777 3265 3821 te
3303 3765 3466 3821 situm
3501 3776 3646 3826 erat,

2066 3879 2238 3934 quare
2275 3877 2383 3918 non
2427 3863 2680 3919 dimisisti
2720 3877 2883 3934 quem
2922 3860 3203 3916 innoxium
3250 3858 3544 3914 invenisti?
3578 3860 3649 3913 At

2068 3955 2330 4011 Dominus
2358 3952 2556 4010 fastum
2583 3955 2705 4026 ejus
2731 3954 3065 4025 deprimens,
3097 3951 3274 4022 inquit
3301 3969 3315 4005 :
3345 3967 3366 4003 ι
3407 3949 3523 4005 Νοη
3549 3950 3648 4004 ha-

2066 4047 2222 4102 beres
2248 4054 2571 4116 potestatem
2603 4045 2766 4100 ullam
2794 4046 3086 4101 adversum
3111 4059 3217 4106 me.
3248 4044 3350 4099 nisi
3375 4053 3519 4100 esset
3549 4044 3648 4100 tibi

2067 4155 2302 4211 superne
2331 4140 2539 4197 datum.
2579 4159 2598 4193 ι
2642 4139 2760 4196 Non
2791 4142 2934 4196 enim
2968 4140 3040 4194 ita
3071 4137 3392 4208 simpliciter
3423 4138 3649 4202 moriar,

2067 4236 2163 4290 sed
2189 4235 2476 4306 mysticum
2505 4234 2707 4304 aliquid
2735 4231 2981 4304 perﬁcio,
3011 4239 3066 4286 et
3085 4230 3410 4302 prarilnitum
3440 4240 3520 4284 est
3550 4230 3652 4285 hoc

2069 4344 2302 4399 superne
2343 4329 2394 4383 in
2435 4327 2664 4383 salutem
2711 4325 3014 4381 hominum.
3051 4323 3129 4379 Ne
3169 4333 3517 4390 autem,eum
3549 4338 3653 4379 au-

2068 4421 2235 4476 dieris
2253 4420 2399 4491 quod
2435 4439 2453 4472 ι
2481 4433 2716 4491 superne
2731 4419 2804 4474 sit
2833 4419 3042 4482 datum,
3074 4434 3093 4468 ι
3120 4415 3400 4472 existimes
3417 4413 3649 4468 Pilatum

2069 4516 2212 4584 apud
2261 4514 2432 4569 Deum
2469 4529 2498 4566 a
2546 4513 2696 4584 culpa
2749 4512 3061 4574 liberatum,
3104 4510 3288 4564 statim
3327 4507 3599 4564 subituri-1t
3630 4523 3648 4558 τ

368 4603 502 4668 δούς
540 4603 606 4673 μέ
642 4622 726 4658 σοι
785 4606 1008 4676 μείζονα
1039 4605 1318 4675 ἁμαρτίαν
1344 4604 1477 4676 ἔχει.
1524 4624 1542 4656 ι
1577 4606 1830 4659 Δείκνυσι
1854 4605 1958 4676 γὰρ

2078 4628 2095 4660 ι
2137 4607 2239 4674 Qui
2274 4608 2500 4663 tradidit
2543 4623 2630 4663 me
2679 4605 2798 4672 tibi,
2845 4603 3020 4672 majus
3068 4611 3351 4674 peceatum
3393 4601 3576 4655 habet.
3624 4616 3646 4650 ι

365 4695 628 4751 ὶντεῦθεν
673 4699 770 4750 καὶ
815 4699 905 4750 τὸν
959 4698 1192 4752 Πιλᾶτον
1233 4698 1511 4768 ἁμαρτίας
1557 4695 1880 4764 ὑπεύθυνον,
1916 4702 1964 4752 εἰ

367 4791 472 4844 καὶ
505 4789 809 4851 ἐλάττονος.
843 4791 918 4843 Οὐ
943 4789 1054 4860 γὰρ
1076 4789 1266 4859 ἐπειδὴ
1304 4789 1514 4844 ἀνωθεν
1543 4790 1770 4856 ἐδέδοτο,
1805 4809 1964 4843 τουτ-

371 4883 521 4945 έστι,
557 4882 949 4954 συγκεχώρητο
995 4883 1056 4935 τὸ
1097 4882 1393 4935 ἀποθανεῖν
1448 4882 1540 4935 τὸν
1573 4883 1828 4952 Χριστὸν,
1865 4884 1966 4954 ἥδη

370 4973 610 5026 ἀναίτιοί
637 4975 774 5025 εἰσιν
808 4974 836 5026 ὅ
867 4989 926 5025 τε
961 4973 1193 5035 Πιλάτος
1228 4973 1322 5026 καὶ
1380 4975 1429 5024 οί
1476 4971 1752 5025 Ἰουδαῖοιο
1783 4974 1900 5027 ἀλλ’
1931 4977 1963 5043 ἡ

376 5067 487 5135 μὲν
539 5067 782 5138 ὑμετέρα
839 5065 1160 5136 προαίρεσις
1205 5066 1266 5118 τὸ
1311 5067 1481 5120 κακὸν
1531 5066 1802 5129 ἐϐούλετο,
1854 5071 1880 5120 0
1909 5069 1968 5123 δὲ

373 5161 520 5224 Θεὸς
548 5163 719 5223 εῐασε,
771 5161 867 5213 καὶ
917 5159 1301 5230 συνεχώρησεν
1352 5161 1434 5222 εἰς
1483 5159 1645 5230 ἔργον
1697 5159 1968 5231 προδῆναι

369 5253 610 5322 ταύτην,
645 5253 856 5308 Οῦκουν
886 5255 1122 5308 ἀναίτιοι
1169 5253 1220 5305 οί
1259 5251 1524 5322 πονηροὶ,
1547 5251 1735 5321 ἐπειδὴ
1774 5252 1803 5302 0
1836 5241 1970 5316 Θεδξ

381 5347 661 5416 συγχωρεῖ
705 5345 803 5415 τὴν
855 5345 1038 5398 αὐτῶν
1088 5344 1294 5397 κακίαν
1345 5345 1425 5406 εἰς
1464 5343 1627 5412 ἔργον
1676 5343 1968 5397 ἐκδαίνειν·

372 5431 525 5486 ἀλλὰ
551 5438 682 5491 διότι
713 5439 810 5491 καὶ
847 5437 1127 5507 βούλονται
1185 5435 1281 5492 καὶ
1309 5435 1759 5507 διαπράττονται,
1789 5437 1970 5508 πάσης

375 5525 766 5591 κατακρίσεως
785 5530 950 5598 ἄξιοι.

463 5636 482 5668 ι
539 5617 631 5670 Ἐκ
671 5616 860 5671 τούτου
897 5620 1075 5690 ἐζήτει
1114 5625 1142 5677 0
1180 5623 1416 5688 Πιλάτος
1465 5624 1737 5679 ἀπολῦσαι
1782 5624 1967 5679 αὐτόν.

375 5713 448 5764 Ol
506 5709 563 5763 δὲ
605 5711 846 5764 Ἰουδαῖοι
894 5712 1166 5781 ἔκραζον,
1217 5716 1504 5781 λέγοντεςο
1535 5735 1553 5767 ι
1602 5717 1727 5771 Ἐὰν
1782 5716 1973 5768 τοῦτον

379 5804 686 5874 ἀπολύσῃς,
716 5807 814 5857 οὐκ
841 5802 889 5856 εἷ
927 5807 1076 5873 φίλος
1115 5808 1206 5859 τοῦ
1259 5810 1556 5881 Καίσαρος.
1591 5812 1704 5873 Πᾶς
1749 5813 1774 5863 0
1816 5811 1972 5879 βασιο

384 5900 493 5954 λέα
526 5899 716 5951 ἑαυτὸν
743 5896 934 5961 ποιῶν,
962 5893 1233 5965 ἀντιλέγει
1255 5899 1332 5968 τῷ
1355 5903 1615 5972 Καίσαρι.
1657 5902 1722 5953 Ὀ
1753 5900 1846 5954 οὖν
1879 5904 1976 5954 [lt-

731 5994 1003 6054 Pn'noe.
1053 5994 1171 6054 (in.
1215 5994 1482 6060 CXXIV.

2067 4698 2320 4755 Ostendit
2347 4702 2490 4755 enim
2511 4701 2634 4754 hinc
2661 4708 2718 4753 et
2741 4697 2971 4752 Pilatum
3006 4708 3250 4766 peccato,
3281 4693 3526 4762 quamvis
3553 4691 3656 4744 mi-

2073 4794 2193 4848 nori
2225 4793 2537 4847 obnoxium.
2571 4791 2687 4846 Non
2712 4793 2855 4844 enim
2883 4790 3010 4859 quia
3044 4802 3277 4857 superne
3327 4787 3508 4836 (latum
3541 4792 3649 4843 est,

2073 4888 2174 4941 hoc
2201 4897 2308 4949 est,
2337 4899 2654 4940 concessum
2683 4893 2766 4938 est
2790 4892 2844 4936 ut
2874 4881 3137 4936 moriatur
3163 4877 3432 4938 Chrisms,
3465 4875 3653 4929 statim

2073 4989 2225 5032 extra
2279 4994 2475 5032 noxam
2527 4987 2654 5031 sunt
2722 4975 2923 5030 Pilatus
2973 4985 3028 5027 et
3075 4972 3283 5036 Jtltiiei;
3328 4974 3420 5024 sed
3471 4978 3652 5023 vestra

2074 5072 2291 5140 quidem
2319 5069 2574 5123 Voluntas
2595 5068 2796 5122 ntalum
2815 5067 3010 5132 voluit,
3040 5067 3182 5118 Dens
3206 5076 3381 5118 autem
3408 5061 3657 5130 permisit

2077 5180 2130 5219 et
2156 5165 2424 5219 concessit
2451 5176 2506 5218 ut
2535 5166 2587 5218 in
2612 5179 2747 5234 opus
2779 5166 2878 5218 hoc
2911 5161 3311 5233 progrediatur.
3336 5159 3503 5227 igitur
3525 5156 3652 5209 tnali

2076 5272 2181 5308 non
2217 5267 2340 5309 sunt
2372 5255 2507 5309 citra
2540 5255 2773 5324 culpam,
2805 5255 2929 5323 quia
2965 5255 3103 5306 Deus
3132 5251 3376 5322 permisit
3415 5249 3656 5317 ipsorum

2079 5346 2338 5398 malitiam
2369 5345 2586 5415 prodire
2615 5347 2668 5399 in
2703 5360 2869 5416 Opus;
2897 5344 2990 5398 Sed
3023 5359 3086 5396 eo
3116 5343 3260 5411 quod
3294 5351 3348 5393 et
3381 5340 3566 5394 volunt
3600 5347 3657 5392 ot

2079 5438 2310 5505 faciunt,
2336 5438 2483 5492 omni
2520 5438 2975 5492 condemnatione
3008 5443 3133 5487 sunt
3164 5431 3334 5500 digni.

2152 5619 2318 5676 Vens.
2355 5619 2541 5673 ιιι-η.
2571 5637 2587 5669 ι
2628 5618 2692 5672 Et
2725 5632 2788 5671 ex
2819 5631 2885 5670 eo
2914 5611 3191 5684 quaerebat
3220 5611 3429 5665 Pilatus
3472 5607 3658 5662 absol-

2079 5730 2207 5769 vere
2255 5729 2400 5767 eum.
2455 5711 2625 5765 Judzci
2682 5720 2862 5762 autem
2911 5705 3242 5770 clamabant,
3276 5705 3515 5757 dicentes
3547 5715 3562 5752 τ
3599 5698 3657 5752 Si

2081 5813 2222 5862 hunc
2247 5805 2561 5870 absolveris,
2584 5820 2688 5857 non
2716 5819 2773 5856 es
2807 5802 3012 5856 amicus
3039 5799 3290 5855 C(BSurlS.
3317 5793 3572 5862 Quisquis
3601 5807 3661 5846 se

2080 5913 2262 5965 regem
2307 5897 2460 5960 facit,
2497 5894 2815 5948 contradicit
2843 5891 3064 5947 Caesari.
3094 5891 3300 5945 Pilatus
3331 5897 3510 5940 autem
3537 5877 3658 5942 eum

3254 5982 3287 6050 9
