4056 6598
507 395 612 460 207

1433 393 2011 456 THEOPHYLACTI
2051 393 2462 456 BULGARl/E
2501 394 2859 456 ARCHIEP.

3657 388 3762 452 268

499 508 742 564 audisset
791 508 932 561 lumc
968 518 1316 569 sermonem,
1365 506 1618 574 produxit
1670 507 1815 563 foras
1875 506 2084 572 Jesum,

2202 508 2347 568 tdroc
2386 504 2623 568 ἀκούσας
2673 503 2866 558 τοῦτον
2911 501 3002 557 τὸν
3043 501 3234 572 λόγον,
3273 503 3480 574 ἢγαγεν
3527 501 3636 569 ἔξω
3674 503 3765 557 τὸν
3813 511 3823 520 ’

501 603 750 671 seditque
784 613 880 669 pro
905 597 1154 652 tribunali
1191 597 1244 651 in
1276 597 1394 653 loco
1424 600 1514 666 qui
1554 599 1752 654 dicitur
1784 601 2084 656 LitImstro-

506 706 607 754 tos,
643 693 894 744 hebraice
947 699 1130 743 autem
1177 687 1485 744 Gabbatha.
1541 690 1665 744 Erat
1707 702 1886 746 autem
1925 708 2083 760 para-

499 799 662 839 sceve
698 780 942 846 Paschai,
994 781 1129 834 hora
1173 779 1346 835 ferme
1379 791 1557 834 sexta.
1599 798 1618 832 ι
1652 780 1944 851 Postquam
1978 783 2084 835 Dn-

501 877 682 930 minus
711 873 1034 944 perstrinxit
1081 869 1314 925 Pilatum
1345 887 1440 939 per
1467 873 1654 936 Verba,
1697 881 1752 926 et
1778 875 2085 928 excusatio-

501 983 624 1024 nem
662 968 778 1021 sive
807 961 1174 1019 defensionem
1204 961 1474 1027 adhibuit,
1499 965 1641 1033 quod
1676 963 1788 1019 Nisi
1839 965 2086 1020 volunta-

503 1063 739 1130 rinsego
774 1058 1039 1127 tueipsum
1073 1058 1278 1122 darem,
1307 1065 1360 1110 et
1393 1057 1554 1122 Pater
1601 1061 1948 1123 concederet,
1979 1078 2083 1116 non

491 1155 734 1210 liaberes
765 1159 1088 1221 potestatem
1123 1160 1315 1204 contra
1371 1166 1476 1211 me,
1518 1160 1572 1206 et
1609 1151 1752 1220 quod
1802 1163 2084 1221 peceatum

489 1246 704 1301 .ltabeas
728 1254 784 1300 et
814 1255 890 1309 tu,
928 1255 982 1299 et
1011 1241 1181 1298 ludas
1216 1253 1394 1298 tamen
1431 1247 1628 1313 majus,
1655 1245 1744 1313 qui
1787 1260 1873 1299 me
1918 1246 2088 1299 tradi-

501 1341 605 1404 dit,
670 1339 752 1393 vcl
794 1339 956 1394 etiam
1011 1337 1272 1408 pupulus,
1299 1353 1363 1391 eo
1393 1342 1536 1406 quod
1569 1355 1588 1388 ι
1628 1336 1803 1406 Super
1841 1338 2084 1392 dolorem

502 1434 790 1486 vulnerum
822 1445 1062 1484 meorum
1092 1429 1296 1482 addidit
1328 1429 1370 1494 ²,
1414 1437 1467 1482 et
1508 1444 1614 1482 non
1646 1439 1728 1483 est
1772 1430 2086 1483 recordatus

496 1525 743 1580 utfaciat
770 1523 1200 1580 misericordiam
1235 1523 1275 1591 ³,
1310 1540 1328 1573 ι
1364 1521 1456 1576 sed
1488 1537 1610 1577 cum
1662 1521 1957 1577 invenisset
2003 1536 2088 1575 me

497 1615 806 1687 patrocinio
843 1625 896 1669 et
925 1613 1198 1686 adjutorio
1245 1613 1590 1679 destitutum,
1640 1612 1787 1667 cruci
1841 1612 2082 1676 tradidit,

500 1721 556 1766 et
583 1722 759 1779 neque
793 1707 1146 1778 taliajudicia
1182 1707 1234 1760 in
1261 1706 1459 1776 quibus
1495 1705 1750 1760 innoxius
1780 1704 2087 1758 declaratus

501 1821 643 1867 sum,
687 1820 811 1859 etim
868 1802 1173 1873 placarunt,
1229 1803 1322 1854 sed
1380 1798 1689 1865 οΙειιιιηιιιιι,
1724 1816 1742 1849 ι
1792 1797 2084 1865 Cruciﬁge,

2200 595 2430 666 Ἰησοῦν,
2466 600 2559 650 καὶ
2583 596 2834 649 ἐκάθισεν
2868 595 2960 648 ἐπὶ
2981 594 3076 647 τοῦ
3110 594 3350 664 βήματος
3373 595 3452 657 είς
3485 595 3652 648 τόπον
3679 595 3765 648 λε-

2186 689 2419 758 γόμενον
2437 689 2838 757 Λιθόστρωτον,
2891 689 3170 759 Ἐϐραϊστὶ
3203 688 3259 742 δὲ
3287 687 3562 742 Γαϐϐαθά.
3585 683 3694 742 Ἦν
3711 689 3765 741 δὲ

2189 783 2512 851 παρασκευὴ
2536 781 2628 834 τοῦ
2654 781 2865 850 Πάσχα,
2891 780 3009 850 ὥρα
3041 781 3100 833 δέ
3129 780 3260 832 ὡσεὶ
3289 781 3444 848 ἕκτη.
3485 797 3501 829 ι
3550 779 3767 850 Ἐπειδὴ

2187 873 2494 942 κατέπληξε
2530 875 2620 926 τὸν
2673 875 2945 927 Πιλάτονὸ
2977 873 3178 942 Κύριος
3207 873 3295 926 διὰ
3333 873 3443 924 τῶν
3479 874 3763 943 ῥημάτων,

2188 961 2281 1014 καὶ
2317 963 2460 1030 σαφῆ
2491 962 2794 1032 παρέσχετο
2818 963 2916 1032 τήν
2955 963 3254 1031 ἀπολογίαν
3274 1005 3288 1028 ,
3323 965 3405 1016 ὅτι
3437 963 3498 1016 Εἰ
3531 963 3608 1034 μὴ
3630 963 3766 1016 ἑκὼν

2187 1050 2297 1119 ἐγὼ
2323 1053 2560 1122 ἐμαυτὸν
2597 1053 2822 1114 ἐδίὲουν,
2877 1056 2971 1107 καὶ
3001 1057 3028 1106 6
3078 1055 3267 1124 Πατὴρ
3295 1056 3596 1123 συνεχώρει
3617 1094 3633 1117 ,
3673 1056 3766 1109 ούκ

2188 1140 2332 1216 εἶχες
2364 1145 2612 1210 ἐξουσίαν
2646 1147 2769 1200 κατ’
2796 1147 2955 1216 ἐμοῦ,
2984 1151 3078 1200 καὶ
3109 1149 3190 1200 ὅτι
3214 1150 3493 1218 ἁμαρτίαν
3511 1149 3658 1219 ἔχεις
3681 1152 3770 1203 καὶ

2189 1239 2276 1301 σὺ,
2320 1240 2414 1291 καὶ
2451 1239 2674 1306 μείζονα
2722 1241 2926 1304 Ἰούδας
2967 1245 2993 1294 6
3040 1243 3368 1312 παραδιδούς
3405 1261 3471 1313 με
3495 1285 3510 1308 ,
3547 1245 3579 1313 ἢ
3629 1245 3719 1296 καὶ
3743 1247 3769 1296 6

2188 1329 2335 1395 λαὸς,
2361 1329 2494 1382 διότι
2515 1348 2532 1380 ι
2575 1331 2698 1382 Ἑπί
2723 1332 2780 1382 τί.
2801 1332 2964 1398 ἄλγος
2982 1333 3089 1384 τῶν
3118 1335 3451 1401 τραυμάτων
3475 1353 3577 1402 μου
3604 1351 3768 1402 προσ-

2188 1421 2375 1490 έθηκε,
2407 1423 2501 1475 καὶ
2545 1423 2646 1476 ούκ
2671 1424 2916 1494 ἐμνήσθη
2947 1425 3171 1487 ποιῆσαι
3201 1425 3366 1489 ἔλεος,
3395 1445 3413 1476 ι
3455 1427 3571 1480 ἀλλ’
3597 1428 3771 1497 εὑρών

2192 1528 2260 1582 με
2283 1514 2696 1583 ἁσυνηγόρητον
2736 1515 2834 1567 καὶ
2859 1515 3186 1588 ἀϐοήθητον,
3220 1519 3440 1588 σταυρῷ
3464 1521 3767 1589 παρέδωκε,

2189 1607 2286 1658 καὶ
2317 1607 2436 1660 οὐδὲ
2462 1609 2696 1661 τοσαῦτα
2730 1610 3080 1681 δικαστήρια,
3116 1611 3174 1676 ἐξ
3198 1605 3274 1664 ὧν
3303 1613 3599 1678 ἀνεύθυνος
3629 1615 3770 1686 ἐξῆλ-

2191 1698 2302 1764 θον,
2329 1699 2784 1771 κατεδυσωπήθη,
2814 1702 2926 1755 ἀλλ’
2952 1703 3102 1770 ἐϐόα,
3151 1723 3168 1756 ι
3202 1705 3526 1778 Σταύρωσον
3551 1748 3567 1771 ,
3611 1708 3768 1760 σταύο

2193 1808 2368 1861 ρωσον
2394 1806 2408 1820 ⁸
2445 1810 2464 1843 ι
2508 1793 2630 1845 ἐπεὶ
2655 1793 2748 1846 οὖν
2774 1793 2947 1848 ταῦτα
2979 1795 3148 1849 είπὼν
3177 1798 3206 1849 6
3233 1799 3437 1869 Κύριος
3465 1800 3769 1871 κατέπληξε

501 1897 758 1965 crucilige
788 1913 802 1950 :
838 1914 856 1948 ι
893 1908 1017 1949 cum
1057 1895 1143 1957 iis,
1174 1893 1419 1962 inquam,
1453 1892 1611 1947 dictis
1653 1891 1916 1946 Dominus
1958 1907 2075 1960 ρει-ο

2202 1883 2279 1936 τὸν
2320 1883 2572 1946 Πιλᾶτον,
2611 1902 2630 1936 ι
2663 1886 2844 1955 ἐζήτει
2873 1889 2936 1940 ἐκ
2956 1887 3146 1940 τούτου
3171 1908 3192 1941 ι
3225 1890 3429 1959 μᾶλλον
3461 1909 3478 1942 ι
3505 1893 3772 1946 ἀπολῦσαι

501 1989 814 2044 strinxisset
848 1986 1102 2049 Pilatum,
1145 2002 1172 2036 4
1208 1985 1484 2052 ιιιιωιιειιιιι
1511 1998 1575 2038 ex
1608 1983 1710 2037 hoc
1747 2000 1768 2034 ι
1808 1982 1898 2036 ille
1921 1982 2090 2051 magis

509 2101 528 2133 ι
563 2081 838 2136 dimittere
883 2095 1030 2135 cum.
1064 2098 1082 2130 ι
1115 2075 1288 2133 Judaei
1330 2087 1509 2130 autem
1545 2091 1667 2130 cum
1701 2075 1874 2146 ipsum
1929 2090 2088 2130 aecu-

445 2242 454 2250 θ
501 2183 716 2228 sassent
758 2173 902 2242 quod
927 2170 1093 2224 Deum
1128 2187 1187 2226 se
1219 2173 1417 2226 laceret
1440 2208 1456 2234 ,
1496 2167 1662 2240 748
1689 2185 1750 2224 ac
1780 2168 1954 2238 legem
1988 2170 2092 2222 ob-

497 2266 781 2336 iecissent,
802 2280 861 2319 se
893 2264 1064 2317 refelli
1101 2263 1363 2332 putabant
1422 2264 1508 2333 (ex
1542 2265 1646 2317 hoc
1674 2259 1880 2317 Pilatus
1919 2260 2093 2331 magis

505 2360 703 2424 timuit,
723 2369 777 2410 et
811 2357 1268 2410 volnitdimittere
1287 2371 1438 2420 eum,
1460 2371 1527 2408 ne
1559 2354 1699 2410 forte
1729 2353 1899 2408 Deum
1925 2353 2096 2409 olfen-

506 2452 704 2518 deret),
743 2450 940 2504 iterum
987 2449 1309 2518 conlugiunt
1338 2449 1410 2502 ad
1458 2458 1715 2503 externas
1746 2446 1914 2514 leges,
1947 2457 1998 2502 et
2036 2453 2095 2501 ut

505 2543 885 2598 meticulosum
942 2551 1146 2595 terrent
1201 2541 1452 2594 Pilatum.
1493 2542 1624 2594 Nam
1677 2542 1807 2609 quia
1849 2540 2095 2594 viderant

503 2651 626 2688 eum
652 2636 850 2703 pietate
879 2634 1110 2697 moveri,
1146 2649 1214 2686 ne
1246 2630 1439 2686 Filium
1461 2630 1554 2686 Dei
1586 2631 1882 2687 occidendo
1905 2629 2093 2686 lesum

505 2730 711 2789 peccet,
745 2732 946 2776 metum
981 2719 1212 2776 Cmsaris
1237 2720 1532 2786 incutiunt,
1558 2730 1612 2776 et
1638 2731 1958 2777 accusantes
1991 2719 2094 2774 Do-

509 2814 714 2868 minum
757 2816 824 2868 de
847 2813 1155 2884 tyrannide,
1193 2813 1422 2866 l’ilatum
1462 2815 1633 2884 magis
1680 2824 1885 2869 terrent
1937 2812 2092 2884 quasi

509 2905 844 2960 offensurum
870 2907 1164 2969 Catsarem,
1195 2905 1239 2958 si
1277 2904 1534 2959 rebellem
1563 2905 1714 2958 illum
1750 2904 2010 2958 dimittat.
2036 2905 2097 2958 Et

511 2998 602 3052 ubi
636 2996 724 3052 ille
745 2998 798 3052 in
820 2997 1112 3068 tyrannide
1142 2997 1557 3064 deprehensus?
1597 2995 1750 3052 Unde
1781 3007 1960 3051 autem
1991 2997 2096 3050 hoc

509 3089 840 3146 ostcmletis‘l
873 3106 999 3143 uttm
1023 3104 1050 3141 a
1086 3089 1359 3159 purpura?
1385 3106 1511 3142 num
1533 3103 1564 3142 a
1597 3087 1936 3143 diademate?
1966 3105 2093 3142 num

510 3203 540 3236 a
588 3183 910 3237 militaribus
963 3182 1179 3252 signis?
1225 3197 1402 3236 nonne
1448 3182 1629 3236 Omnia
1670 3197 1792 3252 quae
1843 3182 2094 3247 habebat,

2194 1975 2378 2030 αὐτόν.
2415 1995 2436 2031 ι
2480 1977 2724 2030 Ἰουδαῖοι
2751 1978 2809 2031 δέ
2831 2019 2847 2043 ,
2881 1978 3006 2033 ἐπεὶ
3037 1980 3112 2044 ὡς
3130 1981 3263 2034 Θεὸν
3298 1982 3554 2037 ποιοῦντα
3587 1987 3772 2038 ἑαυτὸν

2193 2067 2590 2136 διαϐάλλοντες,
2652 2075 2746 2124 καὶ
2783 2071 2876 2124 τὸν
2915 2073 3079 2143 νόμον
3113 2078 3575 2146 προσενεγκόντες
3618 2079 3773 2148 ήλέγ-

2195 2161 2406 2234 χθησαν
2434 2164 2482 2233 (ὁ
2517 2164 2626 2235 γὰρ
2657 2165 2908 2229 Πιλᾶτος,
2943 2167 3008 2220 ἐκ
3050 2168 3244 2223 τούτου
3277 2171 3478 2240 μᾶλλον
3509 2171 3772 2242 ἐφοϐήθη,

2195 2256 2290 2308 καὶ
2305 2254 2558 2310 ἐϐούλετο
2574 2257 2844 2312 ἀπολῦσαι
2867 2259 3053 2325 αὐτὸν,
3092 2262 3288 2330 μήπως
3312 2262 3431 2332 Θεῷ
3468 2264 3772 2334 προσκρού-

2196 2350 2286 2419 σῃ)
2311 2363 2324 2377 ·
2361 2348 2525 2402 πάλιν
2552 2350 2647 2402 ἐπὶ
2673 2353 2799 2414 τοὺς
2833 2351 2939 2418 ἐξω
2967 2351 3165 2422 νόμους
3200 2354 3620 2421 καταφεύγουσι
3645 2398 3661 2418 ,
3687 2359 3775 2407 καὶ

2194 2439 2270 2504 ὡς
2297 2439 2536 2510 ψοφοδεῆ
2569 2441 2869 2510 ἐκφοϐοὖσι
2929 2443 3020 2496 τὸν
3077 2443 3328 2500 Πιλᾶτον.
3375 2446 3463 2508 Ὠς
3503 2446 3617 2516 γὰρ
3644 2440 3777 2499 εἶδον

2195 2531 2358 2584 αὑτὸν
2389 2531 2816 2602 εὐλαϐούμενον,
2841 2532 2915 2604 μή
2946 2533 3075 2587 Υίδν
3104 2535 3240 2588 Θεοῦ
3268 2535 3397 2590 ὅντα
3435 2538 3778 2605 κατακρίνων

2195 2623 2284 2675 τδν
2326 2623 2534 2692 Ἰησοῦν
2586 2625 2830 2696 ἁμάρτῃ,
2864 2625 2956 2678 τὸν
2984 2625 3151 2694 φόϐον
3193 2627 3290 2680 τοῦ
3337 2627 3618 2698 Καίσαρος
3666 2631 3778 2681 ἐπι-

2197 2716 2430 2770 σείουσιν
2461 2717 2631 2787 αὐτῷ,
2662 2720 2754 2771 καὶ
2786 2719 2878 2771 ἐπὶ
2909 2719 3182 2789 τυραννίδι
3216 2721 3306 2774 τὸν
3330 2720 3532 2791 Κύριον
3561 2722 3777 2776 διαϐάλ-

2195 2809 2400 2873 λοντες,
2431 2810 2810 2880 ἐκδειματοῦσι
2848 2811 2938 2866 τὸν
2989 2813 3254 2875 Πιλᾶτον,
3294 2814 3368 2876 ὡς
3419 2813 3778 2884 προσκρούειν

2199 2902 2463 2970 μέλλοντα
2500 2903 2775 2973 Καίσαρι,
2819 2904 2873 2956 εἴ
2916 2919 2980 2970 γε
3020 2903 3286 2956 ἀπολύσει
3325 2905 3416 2956 τὸν
3458 2905 3778 2975 ἀνταίροντα

2197 2996 2370 3065 αὐτῷ.
2426 2998 2535 3050 Καὶ
2569 2998 2675 3050 ποῦ
2722 2998 3034 3068 τυραννξδος
3075 2991 3232 3056 οὗτος
3269 2997 3446 3062 ἑάλως
3503 2998 3672 3050 πόθεν
3726 2998 3778 3049 δέ

2196 3089 2356 3142 τοῦτο
2386 3089 2588 3155 δείξετε
2613 3107 2629 3154 ;
2673 3090 2806 3142 ’A1t6
2831 3091 2931 3160 τῆς
2967 3091 3286 3161 ἁλουργίδος
3311 3107 3327 3156 ;
3352 3091 3460 3143 ἀπὸ
3485 3089 3586 3143 τοῦ
3606 3088 3781 3158 διαδή-

2203 3200 2406 3253 ματος;
2439 3184 2548 3236 ᾶπο
2575 3182 2682 3235 τῶν
2714 3184 3164 3254 στρατιωτικῶν;
3201 3185 3275 3238 Οὐ
3307 3184 3484 3238 πάντα
3515 3181 3668 3252 αὐτῷ
3691 3182 3777 3234 εύ-

512 3275 680 3330 vilia?
709 3287 764 3330 et
795 3275 953 3341 stula,
988 3282 1043 3329 et
1066 3275 1247 3338 cibus,
1277 3283 1333 3329 et
1365 3274 1558 3328 domus
1584 3273 1608 3326 ‘l
1655 3248 1766 3328 luto
1787 3276 1835 3330 ei
1870 3290 1969 3329 nec
2001 3273 2095 3329 do-

2202 3248 2327 3346 τελῆ
2357 3275 2488 3340 ςκαὶ
2533 3277 2714 3346 στολὴ,
2741 3248 2836 3330 καὶ
2860 3275 3059 3347 τροφὴ,
3092 3248 3188 3330 καὶ
3217 3272 3396 3342 οἶκος,
3428 3276 3523 3329 καὶ
3557 3248 3684 3330 οὐδὲ
3706 3269 3779 3326 οἷ-

514 3384 636 3424 mus
663 3378 802 3424 erat.
837 3367 941 3424 Sed
969 3383 1004 3423 ο
1037 3365 1270 3420 Pilatum
1291 3383 1481 3436 parum
1503 3366 1748 3421 virilem!
1785 3366 2088 3420 Periehtari

511 3462 612 3518 sibi
636 3462 784 3516 visus
805 3472 910 3526 est,
949 3461 1242 3530 siquidem
1289 3461 1427 3515 hanc
1463 3474 1684 3513 causam
1736 3460 2097 3515 indiscussam

515 3556 838 3628 negligeret.
864 3550 999 3608 Nam
1046 3553 1198 3607 vadit
1231 3537 1449 3622 quidem
1488 3551 1641 3621 quasi
1690 3551 2102 3606 exatninaturns

514 3649 816 3720 negetiuiu,
851 3647 954 3702 hoc
988 3647 1134 3702 enim
1177 3645 1350 3700 sessio
1378 3643 1674 3716 signiﬁcat.
1720 3643 1875 3698 Nulla
1919 3654 2100 3696 autem

515 3742 919 3798 examinatione
949 3739 1116 3805 facta,
1153 3741 1317 3794 tradit
1369 3739 1544 3804 illum,
1575 3735 1896 3792 existimans
1928 3749 1988 3790 se
2023 3734 2104 3789 sic

517 3834 638 3889 illos
671 3837 1032 3904 placaturum.
1085 3832 1368 3899 Quomodo
1427 3840 1633 3893 autem,
1672 3828 1852 3884 Marco
1893 3828 2104 3883 dicente

519 3929 738 3982 tertiam
791 3925 982 3981 horam
1027 3927 1246 3993 quando
1291 3923 1544 3979 Christus
1593 3921 2020 3990 eruciligebatur
2057 3917 2100 3982 ⁸,

515 4017 757 4072 Joannes
788 4024 997 4071 sextam
1018 4015 1152 4070 dicit
1179 4014 1241 4067 ’ἲ
1266 4013 1435 4083 Igitur
1469 4013 1572 4066 hoc
1596 4011 1814 4066 solvunt
1857 4011 2101 4080 quidam,

520 4110 664 4179 quod
687 4109 972 4177 scriptura:
988 4122 1143 4160 error
1166 4106 1257 4160 sit.
1291 4105 1425 4159 Nam
1448 4104 1627 4159 littera
1653 4103 1870 4174 quidem
1891 4117 2104 4174 gamma

520 4201 740 4256 tertiam
767 4200 959 4254 horam
989 4195 1285 4269 signiﬁcat,
1318 4206 1371 4251 et
1398 4196 1781 4251 estcharacter
1809 4193 1929 4261 ejus
1959 4192 2105 4258 talis,

520 4293 598 4358 1‘;
636 4291 814 4346 littera
841 4300 1020 4346 autem
1050 4305 1171 4360 qua:
1210 4297 1418 4344 sextam
1457 4289 1659 4359 signat,
1712 4285 1874 4341 habet
1912 4287 2110 4340 chara-

523 4396 729 4441 cterem
755 4383 937 4448 talem,
967 4385 1046 4452 ς.
1074 4380 1383 4437 Verisimile
1421 4381 1587 4450 igitur
1621 4379 1863 4434 litteram
1892 4391 2107 4448 gamma

523 4496 554 4533 a
594 4477 953 4548 scriptoribus
984 4491 1090 4532 non
1134 4475 1356 4532 attentis
1391 4472 1654 4529 transisse
1687 4487 1751 4527 ea
1805 4482 1960 4543 parte
1991 4484 2110 4540 qua:

522 4575 578 4627 in
607 4569 998 4641 longitudinem
1037 4580 1242 4625 rectam
1277 4566 1688 4639 producebatur
1719 4564 2002 4619 incurvata
2053 4564 2105 4616 in

523 4665 896 4718 characterem
928 4661 1175 4730 episemi,
1200 4677 1308 4730 quo
1337 4669 1529 4726 sextus
1549 4671 1810 4712 numerus
1835 4657 2107 4727 signatur,

525 4765 580 4810 et
603 4755 684 4810 sic
702 4768 946 4808 errorem
993 4754 1139 4809 hunc
1171 4761 1374 4806 ortum.
1407 4751 1563 4817 Quod
1591 4757 1772 4803 autem
1823 4748 1928 4803 hoc
1960 4747 2106 4801 veri-

519 4847 702 4904 sunile
734 4847 804 4900 sit
841 4843 1041 4900 factum
1079 4860 1223 4908 esse,
1251 4853 1306 4899 et
1351 4842 1568 4897 tertiam
1602 4841 1792 4896 horam
1846 4841 2106 4910 scriptam

523 4955 647 4995 esse
704 4939 870 4994 etiam
912 4942 1053 5007 apud
1100 4936 1389 5000 Joannem,
1430 4943 1486 4989 et
1527 4948 1636 4989 non
1689 4944 1922 4998 sextam,
1967 4935 2108 4986 sicut

524 5048 690 5097 nunc,
728 5028 1076 5086 manifestum
1109 5029 1234 5083 hinc
1260 5036 1364 5084 est.
1398 5025 1533 5082 Nam
1565 5042 1689 5082 eum
1735 5037 1843 5082 tres
1875 5040 2110 5096 evange-

524 5129 695 5189 lista},
737 5122 1058 5185 Matthzeus,
1113 5121 1324 5176 Marcus
1373 5131 1430 5176 et
1500 5120 1672 5174 Lucas
1738 5129 2105 5174 consonanter

528 5217 714 5272 dicant
753 5216 896 5284 quod
934 5233 952 5268 ι
991 5230 1020 5268 a
1051 5227 1203 5268 sexta
1239 5215 1368 5268 hora
1393 5210 1810 5266 tenebrtelactte
1841 5222 1969 5264 sunt
2016 5225 2108 5264 su-

525 5323 628 5378 per
670 5310 978 5362 universam
1012 5319 1210 5361 terram
1259 5320 1428 5375 usque
1471 5305 1535 5358 ad
1563 5306 1754 5359 horam
1785 5319 1980 5356 nonam
2006 5304 2045 5366 °,
2085 5322 2104 5353 ι

531 5401 884 5459 manifestum
916 5402 1058 5472 quod
1088 5400 1346 5454 Dominus
1388 5409 1575 5454 noster
1606 5408 1731 5453 ante
1767 5407 1982 5465 sextam
2015 5397 2115 5450 ho-

533 5512 670 5560 ram,
719 5496 1036 5566 priusquam
1097 5496 1290 5550 liet'ent
1347 5492 1627 5558 tenebrae,
1666 5491 1964 5546 cruciﬁxus
2019 5491 2112 5553 sit,

528 5593 742 5647 scilicet
773 5591 993 5646 circiter
1021 5592 1208 5646 horam
1241 5589 1480 5652 tertiam,
1501 5589 1642 5643 sicut
1669 5585 1881 5640 Marcus
1912 5584 2109 5654 prodit,

527 5680 838 5738 etJoannes
891 5682 1168 5748 similiter,
1227 5683 1475 5752 quamvis
1537 5677 1896 5734 scribentium
1954 5691 2111 5730 error

2203 3382 2329 3432 κος;
2363 3366 2504 3420 Ἀλλ’
2527 3364 2572 3418 ὦ
2594 3368 2688 3437 τῆς
2718 3367 3008 3438 ἀνανδρίας
3037 3367 3132 3421 τοῦ
3164 3368 3396 3421 Πιλάτου
3419 3369 3432 3421 l
3459 3367 3781 3420 κινδυνεύειν

2202 3458 2544 3527 νομίσαντος,
2570 3462 2619 3512 εί
2669 3461 2904 3529 περιίδοι
2937 3460 3198 3530 τοιαύτην
3246 3462 3501 3514 ὑπόθεσιι
3533 3460 3781 3526 ἀνεξέταο

2205 3569 2350 3604 στον.
2403 3552 2712 3622 Ἐξέρχεται
2741 3553 2862 3622 μὲν,
2897 3554 2972 3616 ὼς
3002 3554 3277 3618 ἐξετάσων
3339 3554 3400 3607 τὸ
3439 3557 3676 3624 πρᾶγμα
3707 3555 3782 3622 (τὸ

2205 3643 2314 3712 γὰρ
2369 3644 2592 3698 καθίσαι
2647 3645 2806 3699 τοῦτο
2849 3646 3094 3718 ἐδήλου),
3130 3647 3388 3718 οὐδεμίαν
3434 3649 3490 3701 δὲ
3542 3650 3783 3712 ἐξέτασιν

2209 3736 2604 3807 ποιησάμενος,
2632 3739 3006 3809 ,παραδίδωσιν
3052 3739 3238 3803 αὐτὸν,
3273 3741 3512 3809 νομίζων
3536 3741 3782 3808 δυσωπήο

2207 3845 2320 3880 σειν
2349 3827 2569 3892 αὐτούς.
2621 3830 2744 3894 Πῶς
2799 3830 2856 3883 δέ
2910 3831 3005 3884 τοῦ
3040 3833 3268 3902 Μάρκου
3321 3833 3566 3900 λέγον.ος
3603 3832 3784 3903 τρίτην

2206 3919 2355 3992 ὥραν
2401 3917 2540 3975 εἶναι
2565 3961 2581 3987 ,
2631 3922 2721 3975 ὅτε
2758 3925 2785 3976 6
2815 3922 3048 3994 Χριστὸς
3080 3925 3445 3995 ἐσταυροῦτο,
3474 3926 3504 3978 6
3537 3926 3784 3992 Ἰωάννης

2205 4019 2373 4087 ἕκτην
2405 4019 2574 4089 φησίς
2619 4019 2852 4074 Λύουσιν
2877 4017 2970 4076 οὖν
2995 4022 3176 4088 τοῦτο,
3207 4023 3354 4084 τινές
3398 4022 3516 4093 μέν,
3543 4024 3628 4075 ὅτι
3661 4039 3789 4091 γρα-

2210 4111 2368 4178 φικόν
2399 4112 2459 4162 τὸ
2476 4111 2718 4179 σφάλμα·
2751 4111 2811 4165 τὸ
2835 4114 2933 4183 μὲν
2957 4114 3065 4182 γάρ
3091 4114 3290 4182 γάμμα
3315 4113 3413 4179 τὴν
3439 4112 3631 4182 τρίτην
3645 4111 3786 4180 ὥραν

2211 4205 2504 4272 σημαίνει,
2545 4203 2638 4256 καὶ
2669 4203 2815 4257 ἑστιν
2848 4207 2876 4259 ό
2907 4205 3194 4276 χαρακτήρ
3224 4204 3390 4259 αὐτοῦ
3420 4204 3686 4268 τοιοῦτος,
3710 4203 3747 4256 Γ
3769 4217 3784 4233 ’

2210 4296 2270 4348 τὸ
2303 4295 2359 4348 δὲ
2388 4296 2724 4367 καλούμενον
2751 4297 3050 4370 ἐπίσημον,
3076 4299 3174 4368 τὴν
3203 4297 3371 4368 ἕκτην
3391 4340 3404 4363 ,
3435 4299 3530 4351 xtl.
3559 4298 3672 4369 ἔχει
3702 4297 3788 4348 τὸν

2210 4388 2538 4460 χαρακτῆρα
2594 4390 2820 4456 τοιόνδε,
2857 4388 2952 4458 (τ’.
2985 4390 3146 4454 Είκδς
3185 4387 3279 4444 οὖν
3315 4391 3376 4444 τὸ
3405 4391 3605 4461 γάμμα
3646 4405 3788 4443 στοι-

2211 4483 2358 4552 χεῖον
2385 4481 2492 4534 ἀπὸ
2523 4482 2622 4552 τῆς
2646 4479 2982 4553 άπροσεξίας
3011 4483 3120 4536 τῶν
3165 4484 3633 4554 μεταγραφόντων
3657 4497 3787 4550 κυρ-

2213 4572 2484 4644 τωθείσης
2521 4573 2622 4640 τῆς
2657 4573 3075 4644 ἀποτεταμένης
3097 4574 3317 4638 εὐθείας
3367 4577 3446 4636 είς
3489 4573 3686 4644 μῆκος,
3717 4574 3790 4632 εἰς

2215 4663 2305 4717 τὸν
2326 4663 2422 4717 τοῦ
2446 4665 2718 4736 ἐπισήμου
2747 4664 3140 4735 μεταχωρήσαι
3169 4667 3522 4735 χαρακτῆρα.
3546 4664 3642 4717 καὶ
3656 4661 3792 4715 οὕτω

2215 4753 2314 4824 τὴν
2364 4753 2572 4825 πλάνην
2606 4753 2813 4825 ταύτην
2859 4753 3136 4822 γενέσθαι.
3165 4755 3289 4808 Ὀτι
3346 4754 3404 4808 δὲ
3450 4752 3610 4808 τοῦτο
3653 4753 3792 4812 είκὸς

2217 4843 2498 4913 γενέσθαι,
2531 4844 2627 4898 καὶ
2658 4843 2852 4915 τρίτην
2889 4844 3042 4916 ὥραν
3066 4844 3483 4914 ἀναγράφεσθαι
3517 4845 3610 4898 καὶ
3651 4841 3793 4912 παρά

2216 4935 2296 5006 τῷ
2339 4936 2580 5010 Ἰωάννῃ,
2611 4937 2727 4990 ἀλλ’
2757 4937 2878 5006 ούχὶ
2909 4936 3079 5008 ἕκτην
3125 4938 3314 5011 ὥσπερ
3340 4939 3456 5003 νῦν,
3501 4939 3662 5008 δῆλον
3710 4937 3792 4987 ἐν·

2217 5029 2428 5084 τεῦθεν.
2454 5030 2577 5083 Τῶν
2613 5031 2722 5101 γάρ
2750 5030 2920 5102 τριῶν
2957 5031 3386 5099 εὐαγγελιστῶν,
3423 5030 3516 5084 τοῦ
3547 5047 3606 5084 τε
3651 5029 3795 5083 Ματ-

2220 5124 2394 5188 θαίου,
2421 5125 2518 5179 καὶ
2556 5123 2651 5177 τοῦ
2700 5125 2954 5196 Μάρκου,
2998 5125 3090 5178 καὶ
3132 5123 3225 5179 τοῦ
3280 5125 3468 5179 Λουκᾶ
3495 5121 3792 5193 συμφώνως

2215 5216 2510 5285 λεγόντων,
2557 5215 2632 5279 ὡς
2682 5218 2792 5270 ἀπὸ
2842 5215 3007 5287 ἕκτης
3059 5215 3211 5287 ὦρας
3247 5218 3438 5280 σκότος
3476 5217 3692 5285 ἐγένετο
3713 5209 3795 5277 ἐφ’

2219 5307 2348 5378 ὅλην
2377 5307 2477 5378 τὴν
2511 5307 2638 5377 γῆν,
2685 5308 2790 5370 ἕως
2845 5307 2996 5378 ὥρας
3050 5308 3301 5378 ἐννάτης,
3338 5307 3627 5378 πρόδηλον,
3668 5304 3740 5364 ὠς
3766 5304 3791 5348 δ

2223 5399 2427 5470 Κύριος
2453 5399 2613 5472 ήμῶν
2644 5400 2750 5471 πρὸ
2773 5401 2871 5470 τῆς
2903 5400 3068 5470 ἕκτης
3101 5399 3272 5470 ὧρας,
3300 5401 3406 5468 πρὸ
3429 5399 3522 5452 τοῦ
3555 5392 3792 5460 γενέσθαι

2223 5491 2281 5544 τὸ
2311 5492 2526 5556 σκότος,
2551 5491 2884 5563 ἐσταύρωτο,
2903 5491 3103 5561 δηλαδὴ
3123 5494 3263 5544 κατὰ
3301 5492 3398 5560 τὴν
3419 5486 3606 5555 τρίτην
3625 5481 3788 5552 ὥραν.

2219 5583 2295 5646 ὡς
2327 5585 2356 5638 6
2386 5584 2616 5654 Μᾶρκος
2665 5601 2724 5637 τε
2770 5584 3045 5655 ἱστόρησε,
3089 5586 3184 5637 καὶ
3225 5586 3253 5633 ό
3294 5579 3546 5648 Ἰωάννης
3573 5575 3789 5644 ὁμοίως.

2219 5677 2270 5728 εἰ
2302 5677 2396 5730 καὶ
2421 5678 2454 5745 ή
2484 5677 2660 5746 πλάνη
2689 5674 2798 5728 τῶν
2825 5675 3146 5746 γραφόντων
3170 5673 3234 5726 τὸ
3264 5670 3462 5740 γάμμα
3500 5667 3789 5740 μετέθηκεν

601 5864 624 5898 ⁸
654 5862 800 5923 Psal.
835 5878 1026 5934 vant,
1055 5863 1150 5919 27.
1229 5863 1250 5896 ³
1290 5861 1436 5920 Psal.
1491 5877 1644 5928 cvtn,
1687 5859 1773 5917 l6.
1853 5862 1874 5893 ‘
1929 5823 2099 5919 mare.
2127 5878 2217 5928 xv,
2255 5859 2347 5918 25.
2423 5860 2443 5891 '
2481 5859 2649 5931 ‘Joan.
2686 5875 2800 5925 xix,
2836 5856 2928 5914 27.
3006 5859 3027 5889 ⁶
3073 5855 3266 5913 Matth.
3308 5871 3475 5920 xxvii,
3517 5851 3606 5910 45.
