4056 6590
396 407 513 472 269

1087 419 1528 484 ENARRATIO
1568 424 1650 488 IN
1688 425 2194 495 EVANGELIUM
2231 404 2571 503 JCANNIS.
2598 438 2842 505 *CAP.
2881 443 3024 505 XIX

3553 451 3660 515 Ξτο

390 531 482 592 είς
511 542 605 584 τον
652 531 748 586 τού
799 532 1072 606 ἐπισήμου
1105 537 1452 604 χαρακτῆρα.
1516 535 1673 600 Τινὲς
1730 539 1829 608 μὲν
1885 538 1933 596 οἰ

2035 563 2050 613 λ
2084 547 2370 600 mutaverit
2396 564 2608 619 gamma
2654 553 2704 607 in
2745 555 2968 624 cpisemi
3000 557 3388 616 characterem.
3424 563 3487 619 Et
3515 582 3653 622 non-

391 620 540 675 οὕτω
563 623 748 677 λύουσι
771 625 948 683 τοῦτο.
983 627 1195 697 Ἓτεροι
1217 627 1274 681 δέ
1295 645 1478 697 φασιν,
1507 630 1590 682 ὃτι
1619 631 1648 683 6
1689 631 1787 700 μὲν
1816 633 1975 705 Μάρ-

391 732 495 778 ιιος
511 715 612 784 τὴν
641 715 792 786 ὤραν
821 720 920 789 τῆς
947 722 1301 790 ἀποφάσεως,
1320 722 1418 791 τῆς
1451 724 1580 793 περὶ
1604 724 1698 777 τοῦ
1728 743 1973 797 σταυρω-

390 805 556 876 θῆναι
585 811 677 863 τὸν
703 810 927 881 Κύριον,
967 814 1240 869 ἐκτίθεται
1277 816 1462 884 σαφῶς
1525 817 1620 869 καὶ
1669 817 1974 888 ἀναμφιϐό-

388 897 525 960 λως.
565 901 714 954 Ἐπεὶ
739 902 833 955 οὖν
857 903 1043 957 ἔκτοτε
1093 906 1404 975 σταυρῶσαι
1446 909 1540 960 καὶ
1577 907 1894 980 τιμωρῆσαι
1923 911 1971 963 oi

386 989 646 1045 δικασταὶ
674 993 945 1061 λέγονται,
975 998 1068 1066 ἀφ’
1103 993 1163 1052 οὗ
1187 999 1284 1071 τὴν
1317 999 1590 1068 ἀπόφασιν
1619 1002 1969 1070 ἐξενέγκωσι,

385 1081 483 1135 δεά
517 1085 579 1136 τὸ
609 1086 706 1158 τὴν
745 1086 975 1157 δύναμιν
993 1091 1090 1159 τῆς
1121 1092 1392 1161 τιμωρίας
1421 1093 1516 1146 καὶ
1547 1093 1639 1145 τοῦ
1665 1094 1892 1148 θανάτου
1911 1097 1969 1150 ἐν

381 1178 509 1237 ταῖς
539 1176 809 1243 γλώσσαις
847 1182 1189 1250 κεκτῆσθαι·
1231 1183 1424 1236 τούτου
1471 1184 1629 1253 χάριν
1661 1187 1690 1238 6
1740 1189 1968 1259 Μάρκος

380 1271 457 1335 τῇ
485 1269 644 1342 τρίτῃ
684 1271 804 1343 ὥρᾳ
846 1275 1224 1344 σταυρωθῆναι
1284 1277 1444 1328 αὑτὸν
1486 1278 1658 1344 λέγει,
1693 1280 1786 1349 ἀφ’
1831 1277 1898 1353 ἦς
1938 1286 1966 1337 6

384 1359 620 1422 Πιλᾶτος
651 1363 747 1432 τὴν
778 1365 1050 1434 ἀπόφασιν
1084 1366 1395 1437 ἐξήνεγκεν.
1462 1370 1714 1440 Ἰωάννης
1759 1374 1839 1439 δὲ,
1887 1374 1964 1438 ὡς

378 1452 673 1520 εξρηκότος
712 1457 806 1508 τοῦ
839 1459 1067 1528 Μάρκου
1117 1462 1208 1514 τὸν
1255 1463 1447 1531 καιρὸν
1480 1464 1575 1532 τῆς
1606 1466 1959 1535 ἀποφάσεως,

375 1544 548 1605 αὐτὸς
585 1545 682 1611 τὴν
718 1545 885 1616 ὥραν,
913 1551 970 1601 ἐν
1066 1550 1154 1602 τὸν
1189 1551 1391 1622 Κύριον
1413 1555 1788 1625 ἐσταύρωσαν,
1820 1560 1920 1631 ἔφη
1945 1577 1958 1591 ο

372 1635 506 1687 ἐπεὶ
539 1639 630 1689 καὶ
665 1641 876 1701 σκόπει,
914 1642 1053 1694 πόσα
1067 1644 1282 1710 ,μεταξὺ
1315 1645 1416 1714 τῆς
1434 1649 1582 1716 παρά
1609 1650 1702 1702 τοῦ
1725 1652 1958 1706 Πιλάτου

373 1727 517 1795 περὶ
544 1728 635 1780 τοῦ
666 1731 902 1800 σταυροῦ
932 1734 1278 1802 ἀποφάσεως,
1312 1739 1404 1789 καὶ
1439 1741 1536 1808 τῆς
1553 1739 1700 1809 ὧρας
1728 1743 1954 1813 ταύτης,

372 1816 441 1869 ἐν
478 1812 612 1888 ᾖείς
642 1820 733 1872 τὸν
768 1824 1024 1894 σταυρδν-
1049 1829 1077 1877 6
1123 1826 1323 1894 Κύριος
1381 1830 1574 1901 ἀνέϐη,
1615 1833 1952 1903 πέπρακται.
1993 1831 1996 1834 ’

2080 638 2213 692 nnlli
2235 639 2451 707 quidem
2478 643 2555 696 sic.
2585 646 2787 702 dicunt.
2814 649 2914 702 Alii
2946 661 3125 705 autem
3153 652 3303 708 aiunt
3329 659 3469 724 quod
3513 659 3656 714 Mar-

2078 743 2176 784 cus
2204 730 2421 800 quidem
2455 734 2645 789 horam
2685 755 2789 807 qua
2831 741 2934 795 lata
2969 753 3051 798 est
3072 749 3337 802 sententia
3373 751 3439 804 de
3471 757 3653 808 cruci-

2078 819 2290 889 figendo
2331 825 2578 890 Domino,
2631 829 2916 885 manifeste
2961 843 3017 887 et
3062 835 3265 906 absque
3315 840 3651 898 dubitatione

2074 922 2241 980 ponat
2267 931 2282 968 :
2317 917 2502 986 utique
2531 919 2656 988 quia
2683 922 2997 993 crucifigere
3018 936 3073 980 et
3102 931 3294 995 punire
3327 932 3396 986 ab
3418 947 3484 988 eo
3509 942 3651 988 tem-

2073 1017 2203 1071 pore
2229 1003 2440 1072 judices
2477 1008 2755 1077 dicuntur,
2809 1028 2920 1082 quo
2961 1021 3287 1074 sententiam
3338 1024 3643 1092 proferunt,

2070 1107 2136 1148 eo
2189 1097 2333 1165 quod
2387 1099 2466 1153 vis
2520 1115 2694 1170 poenae
2736 1113 2791 1158 et
2839 1107 3029 1162 mortis
3081 1109 3132 1162 in
3187 1111 3380 1183 linguis
3428 1133 3643 1186 quoque

2069 1187 2160 1242 sit.
2215 1189 2344 1258 Ejus
2383 1193 2555 1262 gratia
2593 1194 2806 1252 Marcus
2843 1199 2998 1253 tertia
3055 1203 3184 1257 hora
3220 1208 3461 1278 cruciligi
3515 1227 3638 1266 eum

2070 1282 2218 1348 dicit,
2258 1298 2286 1336 a
2319 1300 2425 1353 qua
2463 1286 2666 1343 Pilatus
2724 1294 3048 1348 sententiam
3085 1299 3353 1366 exposuit.
3401 1300 3641 1359 Joannes

2067 1385 2270 1437 autent,
2301 1389 2422 1430 cum
2471 1377 2684 1434 Marcus
2716 1381 2943 1438 dixisset
2982 1394 3188 1454 tempus
3220 1393 3518 1458 sementim,
3542 1395 3638 1450 lio-

2067 1478 2182 1518 ram
2233 1465 2287 1520 in
2319 1482 2422 1535 qua
2473 1469 2759 1527 Dominum
2822 1477 3212 1536 crucilixernnt
3265 1483 3413 1538 dicit.
3462 1486 3638 1542 Cane-

2064 1571 2182 1610 rum
2206 1598 2222 1622 ,
2259 1561 2541 1616 considera
2576 1575 2779 1632 quanta
2825 1576 2942 1622 acta
2977 1572 3090 1625 sint
3137 1574 3279 1627 inter
3309 1580 3633 1633 sententiam

2063 1661 2093 1701 a
2128 1647 2303 1703 Pilato
2331 1652 2397 1705 de
2436 1667 2617 1720 cruce,
2652 1664 2706 1710 et
2737 1657 2927 1713 horam
2977 1661 3146 1729 ipsam
3180 1667 3232 1720 in
3270 1683 3372 1736 qua
3415 1670 3465 1724 in
3507 1687 3636 1726 cru-

2062 1753 2178 1793 cem
2229 1740 2487 1797 Dominus
2541 1749 2812 1803 ascendit.
2863 1751 2994 1806 Cum
3073 1755 3370 1814 dimisisset
3433 1762 3636 1820 Barab-

2061 1834 2225 1901 ham,
2274 1837 2564 1908 flagellavit
2609 1840 2829 1909 Jesum,
2880 1857 2935 1900 et
2983 1850 3204 1905 tradidit
3252 1853 3333 1907 eis
3380 1866 3438 1910 ut
3507 1875 3637 1914 cru-

381 1909 692 1974 Ἀπολύσας
720 1913 812 1965 τὸν
833 1913 1143 1984 Βαραϐϐᾶν,
1186 1920 1566 1988 ἐφραγέλλωσε
1596 1924 1688 1976 τὸν
1722 1927 1926 1994 Ἰησοῦν

2060 1927 2389 1997 ciﬁgeretur.
2476 1932 2608 1988 Nam
2669 1935 2928 1993 Barahbaa
2987 1940 3231 1997 dimissio
3303 1909 3634 2007 condemna-

365 1999 471 2050 καὶ
499 2001 785 2070 παρέδωκε
815 2006 1034 2070 πάντως
1056 2009 1218 2063 αὐτὸν
1253 2012 1333 2074 είς
1366 2011 1424 2064 τὸ
1448 2016 1849 2085 στπρωεῆναι.
1889 2019 1933 2071 ἰ

2061 2019 2133 2072 tio
2177 2019 2342 2091 749
2388 2033 2506 2078 erat
2553 2025 2786 2084 Domini.
2823 2027 3059 2085 lllndnnt
3113 2035 3346 2105 milites,
3403 2049 3456 2094 et
3508 2045 3632 2099 vidu

363 2093 487 2162 γὰρ
517 2093 609 2146 τοῦ
643 2096 902 2166 Βαραϐϐἄ
927 2100 1212 2169 ἀπόλυσις,
1249 2105 1575 2176 κατάκρισις
1620 2104 1690 2179 ἦν
1717 2109 1807 2162 τοῦ
1841 2113 1933 2165 Κυ·

2056 2121 2316 2176 quantum
2351 2117 2610 2184 temporis
2641 2119 2839 2174 insumi
2864 2125 3096 2191 potuerit
3127 2127 3194 2181 ad
3225 2127 3481 2197 majorem
3513 2135 3631 2189 illu-

366 2185 516 2252 ρίου.
564 2188 954 2258 Ἐμπαίζουσιν
977 2195 1026 2246 οί
1074 2197 1405 2267 στρατιῶται
1427 2215 1440 2230 °
1471 2202 1566 2254 καὶ
1594 2203 1817 2268 σκόπει,
1851 2205 1933 2257 πό-

2054 2200 2280 2258 sionem.
2317 2206 2513 2261 Eduxit
2539 2224 2662 2264 eum
2691 2209 2920 2278 Pilatus,
2943 2225 2996 2268 et
3019 2215 3230 2272 locutus
3256 2232 3376 2275 cum
3401 2222 3626 2282 ludatis.
3703 2281 3711 2288 .

364 2291 469 2337 σος
488 2277 675 2348 χρόνος
701 2281 952 2351 ἀνηλώθη
981 2285 1047 2336 ἀν
1078 2287 1157 2348 είς
1181 2287 1270 2340 τὸν
1295 2289 1578 2360 φιλότιμον
1606 2294 1925 2364 ἐμπαιγμόν

2054 2291 2253 2348 lterum
2289 2297 2566 2368 ingressus
2595 2302 2853 2368 dijudicat
2890 2303 3111 2372 Jesum,
3146 2309 3339 2365 iterum
3374 2330 3629 2383 egressus

374 2364 708 2436 Ἐξήνεγκεν
733 2370 895 2423 αὑτὸν
915 2374 943 2424 6
970 2374 1214 2441 Πιλάτος,
1250 2381 1344 2431 καὶ
1379 2379 1627 2451 διελέχθη
1656 2386 1768 2447 τοῖς
1815 2384 1933 2440 Ἰου·

2051 2385 2292 2456 loquitur
2325 2364 2448 2444 cum
2473 2390 2695 2450 Judzeis.
2720 2394 2845 2451 Haec
2873 2399 3052 2453 omnia
3085 2402 3421 2460 sufﬁciebant
3452 2413 3516 2464 ad
3545 2411 3623 2464 in-

357 2453 562 2519 δαίοις·
597 2459 758 2512 πάλιν
786 2462 1045 2518 είσελθὼν
1074 2468 1355 2536 ἀνακρίνει
1393 2471 1484 2524 τὸν
1523 2474 1750 2540 Ἰησοῦν·
1785 2476 1933 2531 πάλιι

361 2545 552 2564 ιρι...
651 2551 793 2564 ...
1069 2560 1090 2564 _
1531 2563 1566 2564 η

2051 2453 2372 2533 sumendum
2399 2491 2610 2552 tempus
2641 2486 2709 2540 ab
2729 2487 2859 2541 hora
2895 2490 3049 2545 tertia
3076 2507 3244 2564 usque
3277 2499 3343 2551 ad
3369 2510 3575 2555 sextam
3604 2522 3619 2558 :

357 2545 602 2610 ἐξελθὼν
644 2551 954 2620 διαλέγεται
1007 2560 1120 2622 τοῖς
1181 2561 1479 2626 Ἰουδαίοις.
1527 2563 1717 2620 Ταῦτα
1767 2567 1933 2623 πάντα

361 2633 631 2659 x--.___:_1,_
684 2641 705 2659 ,γ
781 2643 847 2659 ς-
1033 2646 1046 2659 .
1134 2651 1144 2659 .
1205 2650 1216 2659 .
1300 2651 1324 2659 -
1477 2653 1489 2659 -
1637 2655 1656 2659 _

2048 2584 2167 2637 qua:
2198 2570 2432 2626 Joannes
2459 2545 2737 2644 exponens
2771 2580 3075 2650 diligenter,
3103 2545 3286 2656 utjpote
3319 2591 3408 2659 qui
3443 2595 3623 2648 omni-

360 2636 532 2691 ἱκανά
565 2633 632 2709 ἦν
675 2641 953 2700 ἀναλῶσαι
997 2646 1088 2700 τὸν
1121 2650 1230 2702 ἀπὸ
1264 2651 1364 2722 τῆς
1399 2653 1590 2727 τρίτης
1625 2655 1773 2727 ὥρας
1814 2659 1933 2729 ἄχρι

2066 2633 2080 2637 -
2531 2633 2544 2644 .
3106 2633 3286 2656 ---νη-ν
3320 2633 3408 2659 ...η

2046 2661 2148 2716 bus
2172 2663 2479 2721 individuus
2507 2682 2690 2723 comes
2711 2670 2969 2739 adfuerit,
2993 2677 3139 2732 horai
3161 2689 3327 2734 sextae
3356 2685 3619 2750 meminit,

353 2728 469 2798 τῆς
483 2729 648 2800 ἕκτης
670 2734 882 2805 χρόνον,
909 2737 1052 2809 ἅπερ
1087 2740 1339 2814 Ἰωάννης
1359 2745 1652 2817 ἐκθέμενος
1676 2728 1933 2820 ἀκριϐῶς,

2956 2728 2968 2739 ,
3041 2728 3136 2732 ____
3162 2728 3326 2734 --ω-

2043 2753 2260 2820 quando
2283 2763 2338 2809 et
2364 2755 2589 2814 tradidit
2615 2775 2736 2816 eum
2764 2765 3002 2832 perfecte
3029 2778 3087 2825 ut
3109 2774 3477 2845 cruciﬂgatur,
3511 2795 3618 2834 non

354 2820 464 2874 ἅτε
493 2823 626 2877 πᾶσι
659 2827 1179 2898 παρηκολουθηκὼς,
1213 2833 1314 2903 τῆς
1348 2834 1515 2903 ἕκτης
1544 2836 1694 2907 ὥρας
1731 2857 1835 2912 μνη
1846 2859 1933 2910 μο-

2765 2820 2780 2832 _
2895 2820 2900 2821 ,
2979 2820 2998 2822 _
3036 2820 3084 2825 _-
3113 2820 3477 2845 ---αντ--..η
3512 2820 3617 2834 ..νη

2042 2845 2184 2897 ultra
2230 2844 2459 2915 loquens
2496 2864 2615 2903 cum
2666 2852 2888 2920 Iudaeis,
2944 2859 3026 2914 vel
3072 2861 3373 2931 dijudicans
3409 2865 3617 2934 Jesum,

349 2911 548 2977 νεύει,
574 2915 664 2969 ὅτε
703 2920 798 2970 καὶ
831 2921 1150 2990 παρέδωκεν
1184 2925 1345 2978 αὑτὸν
1377 2926 1629 2990 τελείως,
1660 2930 1746 2982 ἵνα
1777 2950 1940 2986 σταυ-

356 3000 532 3071 ρωθῇ.
564 3003 664 3058 οὐκ
693 3005 776 3059 ἔτι
809 3007 1194 3078 διαλεγόμενος
1236 3016 1347 3078 τοῖς
1390 3017 1700 3085 Ἰουδαίοις,
1734 3020 1766 3091 ἢ
1804 3023 1936 3076 ἀνα-

350 3088 561 3156 κρίνων
589 3092 679 3146 τὸν
721 3095 1114 3164 Ἰησοῦν,-ἀλλά
1157 3102 1256 3174 τὴν
1290 3105 1633 3178 τελειοτάτην
1663 3088 1935 3180 ἁπύφασιν

2040 2933 2448 2992 sedextrcmam
2483 2939 2534 2993 in
2567 2957 2688 2996 eum
2719 2945 3002 3014 proferens
3031 2954 3383 3010 sententiam.
3423 2957 3480 3012 Si
3516 2974 3614 3013 au-
3683 2953 3688 2970 '

2039 3031 2146 3078 lem
2177 3027 2297 3096 quis
2328 3029 2510 3097 dicat,
2542 3033 2723 3100 Quare
2756 3039 2974 3096 circiter
3019 3042 3209 3100 horam
3247 3048 3459 3103 tertiam
3489 3067 3612 3106 cum

2037 3114 2248 3168 dicatur
2285 3119 2548 3191 cruciﬁgi,
2585 3127 2696 3179 vult
2727 3127 2920 3185 iterum
2954 3133 3158 3192 absolvi
3194 3139 3390 3198 illum?
3432 3145 3609 3202 discat

346 3181 483 3232 κατ’
515 3183 678 3236 αὐτοῦ
728 3187 1052 3256 ἐξενεγκὼν.
1099 3192 1252 3247 Εἰδὲ
1297 3214 1380 3260 τις
1410 3198 1588 3268 λέγει’
1635 3203 1745 3256 Καὶ
1789 3204 1933 3269 τίνος

346 3267 544 3293 ε-.-----.
574 3275 699 3293 -Α--ι
784 3277 795 3293 ι
958 3280 970 3293 ρ
1107 3281 1130 3293 .-
1320 3287 1333 3293 -
1409 3288 1421 3293 -
1456 3290 1465 3293 -

2038 3205 2268 3272 primum
2301 3211 2556 3278 quidem,
2593 3219 2734 3284 quod
2763 3236 2792 3273 ιι
2825 3223 3428 3289 multitudine'coactus
3463 3238 3610 3293 dedit

345 3267 545 3323 ἓνεκεν
573 3275 711 3327 κατά
745 3277 843 3348 τὴν
881 3280 1070 3352 τρίτην
1097 3281 1269 3353 ὥραν,
1304 3287 1378 3351 ὼς
1409 3288 1609 3358 λέγεις,
1645 3294 1927 3365 ἀποφηνά.

347 3375 518 3402 μενοι
545 3368 917 3402 ητηνιηι.ιῆ;ιυκι
972 3373 1134 3402 ..η-ιιι...
1159 3376 1306 3402 xe-.t~.
1323 3396 1403 3402 ___
1438 3383 1599 3402 ιμλ-
1619 3401 1640 3402 κ
1774 3387 1787 3402 .
1845 3388 1857 3402 .

2041 3267 2051 3272 _
2319 3267 2332 3276 _
2541 3267 2555 3278 ,
2609 3267 2642 3284 ιν
2671 3267 2734 3273 __
2765 3267 2792 3273 ..
2825 3267 3173 3284 ---η--..κωκυ
3208 3267 3428 3289 ιυαυιιιι
3463 3267 3609 3293 ucuu

2036 3301 2399 3370 sententiam;
2457 3306 2648 3364 deinde
2703 3327 2732 3365 a
2784 3318 2999 3373 somnio
3051 3325 3294 3382 mulieris
3344 3331 3609 3402 impulsus

345 3375 518 3428 μενος
545 3368 944 3436 σταυρωθῆναι,
972 3373 1134 3426 πάλιν
1157 3376 1409 3434 ἐϐούλετο
1431 3383 1700 3438 ἀπολῦσαι
1727 3387 1926 3454 αὐτόν;

344 3451 674 3520 μανθανέτω
708 3459 924 3527 πρῶτον
954 3463 1088 3533 μὲν,
1149 3467 1231 3521 ὅτι
1272 3470 1375 3523 ὑπὸ
1404 3472 1496 3526 τοῦ
1536 3475 1775 3545 πλήθους
1809 3478 1930 3549 βια‹

340 3543 523 3609 3921;,
554 3548 704 3602 ἔθετο
733 3553 830 3622 τὴν
852 3555 1126 3624 ἀπόφασιν
1147 3577 1159 3591 ο
1180 3559 1370 3614 ἔπειτα
1395 3565 1489 3618 καὶ
1510 3566 1586 3637 τῷ
1609 3543 1926 3643 ύνείρῳ-τῆς

337 3641 608 3703 γυναικὸς
667 3644 938 3700 αίνίττετο
1003 3646 1086 3720 Η.
1138 3652 1462 3727 ἐνύττετο]·
1516 3653 1582 3730 ἦν
1629 3641 1736 3732 γὰρ
1779 3641 1926 3735 αὐτῷ

341 3731 638 3800 μηνύσασα
664 3751 678 3763 ·
713 3754 731 3786 ι
758 3739 938 3806 Μηδὲν
969 3744 1051 3794 σοὶ
1078 3745 1169 3798 καὶ
1193 3746 1272 3817 τῷ
1302 3749 1496 3822 δικαίῳ
1522 3756 1714 3828 τούτῳ.
1745 3779 1762 3812 ι

337 3822 484 3872 πᾶσι
504 3822 557 3874 δὲ
588 3825 817 3900 τούτοις,
854 3831 1044 3886 σκόπει
1068 3839 1162 3888 καὶ
1189 3837 1280 3890 τὸν
1316 3841 1588 3913 Ἰωάννην,
1619 3848 1731 3911 πῶς
1749 3846 1924 3904 εἶπεν·

341 3930 366 3963 ι
405 3914 547 3986 Ὦρα
573 3913 639 3987 ἦν
658 3919 792 3973 ὡσεὶ
809 3922 966 3993 ἕκτη.
991 3945 1008 3976 ι
1046 3929 1160 3982 οὐκ
1191 3926 1311 3984 εἷπε
1336 3933 1468 4004 γὰρ,
1493 3937 1636 4009 Ὠρσ.
1662 3936 1731 4010 ἦν
1761 3944 1920 4016 ἕκτη,
1953 3925 1961 3932 ’

333 4004 422 4068 ὡς
446 4008 879 4082 ἀποφαινόμενος
902 4057 920 4083 ,
942 4019 1056 4072 ἀλλ’
1082 4021 1157 4084 ὡς
1217 4004 1579 4094 ἐπιδιστάζων
1621 4004 1718 4088 καὶ
1749 4004 1924 4108 ἀμφίλ

333 4099 552 4167 γνοῶν,
608 4122 627 4154 ι
681 4104 821 4160 Ὠσεὶ
867 4109 1024 4180 ἕκτη.
1070 4133 1090 4165 ο
1154 4115 1316 4171 Ὥστε
1357 4120 1509 4176 οὐδὲν
1553 4124 1743 4181 διοίσει
1792 4131 1920 4199 ὑμῖν

336 4181 352 4199 .
395 4183 420 4199 ρ
481 4187 493 4199 .
553 4190 574 4199 -
624 4187 644 4199 ς
730 4192 742 4199 μ
911 4195 920 4199 -
1020 4197 1030 4199 ς
1123 4197 1141 4199 π

334 4181 435 4255 [Γ.
471 4187 645 4261 ἡμῖν]
696 4192 756 4244 τὸ
803 4195 932 4265 ’περὶ¹
981 4197 1080 4268 τῆς
1109 4197 1257 4270 ὧρας
1306 4205 1592 4271 φαίνεσθαι
1633 4212 1708 4282 μὴ
1743 4181 1919 4286 πάντη

333 4278 738 4348 συντρέχοντας
807 4285 1056 4356 ἀλλήλοις
1119 4293 1246 4356 τοὺς
1313 4278 1740 4368 εὐαγγελιστάς,
1806 4278 1918 4360 εἴτε

329 4362 425 4438 [1.
462 4371 517 4422 εί
540 4373 640 4447 γε]
664 4378 1078 4450 συγχωροίημεν
1102 4377 1243 4438 εἶναι.
1269 4362 1585 4458 διαφωνίαν.
1619 4362 1788 4451 Τοῦτο
1810 4399 1916 4470 γὰρ

2037 3386 2215 3444 fuerit.
2259 3390 2556 3454 Nuntiabat
2585 3413 2765 3458 autem
2803 3406 2888 3461 illa
2914 3410 2985 3475 ei,
3023 3429 3042 3464 ι
3078 3413 3222 3470 Nihil
3258 3420 3350 3474 tibi
3382 3386 3438 3477 ei
3455 3386 3610 3494 justo

2035 3481 2182 3536 huic.
2227 3503 2246 3535 ι
2279 3484 2506 3558 Insuper
2535 3496 2815 3551 considera
2846 3509 2900 3553 et
2921 3499 3182 3559 Joannem
3210 3500 3421 3566 'dixisse
3462 3521 3608 3584 quod

2040 3592 2058 3626 ι
2090 3573 2254 3632 fuerit
2281 3580 2412 3634 hora
2445 3581 2614 3639 ferme
2644 3599 2823 3654 sexta,
2859 3610 2878 3643 ι
2913 3596 3066 3662 quasi
3097 3614 3200 3652 non
3231 3603 3517 3673 definiens,
3548 3621 3605 3664 et

2026 3664 2080 3719 in
2121 3669 2372 3740 ambiguo
2405 3674 2718 3745 relinquens
2743 3681 2899 3748 dixit,
2929 3701 2949 3735 ι
2979 3684 3152 3743 ferme
3175 3701 3347 3748 sexta.
3377 3713 3396 3744 ι
3436 3697 3501 3750 Ει
3532 3703 3602 3752 ita

1992 3741 2159 3811 inihil
2189 3759 2472 3829 intererit,
2496 3771 2639 3836 quod
2673 3769 2742 3824 de
2777 3771 2909 3826 hora
2938 3791 3044 3830 non
3084 3780 3335 3836 videntur
3375 3801 3603 3853 prorsus

2023 3850 2310 3906 convenire
2331 3858 2697 3924 evangelistze,
2723 3862 2766 3916 si
2792 3865 3006 3931 quidem
3034 3873 3459 3933 concederemus
3480 3897 3603 3937 esse

2021 3940 2402 4000 dillcrentiam.
2439 3945 2577 4004 Vide
2617 3952 2762 4007 enim
2799 3956 2900 4010 hoc
2924 3997 2940 4024 ,
2976 3975 3103 4015 num
3137 3979 3327 4021 omnes
3360 3970 3601 4028 dixerint

2020 4034 2161 4100 quod
2187 4037 2478 4094 crucilixus
2505 4043 2596 4125 sit.
2630 4043 2699 4098 At
2745 4047 2844 4102 hoc
2872 4051 3090 4120 quidem
3123 4059 3190 4111 ali
3227 4063 3480 4120 omnibus
3513 4077 3600 4121 est

2017 4125 2320 4182 confessum
2355 4148 2368 4184 :
2403 4132 2471 4187 de
2520 4135 2652 4190 hora
2685 4150 2862 4194 autem
2898 4143 2945 4197 si
2979 4145 3118 4200 alius
3157 4149 3286 4205 dicit
3323 4169 3446 4210 esse
3489 4167 3601 4213 ter-

2019 4216 2169 4284 tiam,
2193 4220 2332 4277 alius
2357 4227 2510 4294 quasi
2567 4239 2800 4296 sextam,
2853 4236 2981 4305 quid
3003 4237 3107 4294 hoc
3156 4243 3311 4298 obest
3341 4249 3601 4304 veritati?

2017 4307 2405 4372 Verumtamen
2432 4319 2546 4375 hazc
2577 4323 2946 4384 demonstrata
2976 4342 3102 4386 sunt
3137 4349 3204 4388 ex
3238 4339 3594 4408 abundantia,

2015 4405 2156 4471 quod
2186 4407 2334 4463 nulla
2363 4412 2436 4466 sit
2460 4413 2772 4475 diversitas.

326 4462 555 4535 σκόπει,
583 4469 632 4521 εί
668 4470 743 4542 μὴ
769 4472 968 4539 πάντες
1018 4474 1204 4547 εἷπον,
1253 4485 1336 4538 ὅτι
1376 4487 1730 4562 ἐσταυρώθη·
1771 4462 1910 4546 εί-δέ
1949 4462 2107 4552 τούτο
2152 4501 2254 4571 μὲν
2321 4506 2474 4574 παρά
2517 4508 2737 4566 πάντων
2785 4513 3164 4586 ὡμολόγηται,
3236 4527 3365 4597 περὶ
3399 4529 3456 4584 δὲ
3489 4536 3593 4605 τῆς

326 4552 508 4605 ὦσας-
531 4562 579 4605 εἰ
604 4563 633 4605 ὁ
656 4563 753 4605 μὲν
778 4568 966 4605 τηῖιηυ
994 4567 1127 4605 εῖν...
1174 4577 1200 4605 ,ι
1227 4575 1281 4605 xx
1311 4576 1435 4605 ,ειμι
1468 4579 1635 4605 a.-___.
1672 4601 1737 4605 ,η
1757 4586 1794 4605 ,1,
1857 4586 1906 4605 -p
2009 4587 2034 4599 -
2148 4593 2160 4605 .
2336 4596 2391 4605 ...
2523 4603 2542 4605 ,_
2607 4602 2640 4605 ,ν
2717 4604 2720 4605 ,

2201 4552 2242 4555 _.
2327 4552 2474 4574 "ﬂ...
2524 4552 2735 4566 .-.υ-υ...
2785 4552 2829 4567 ιν
2877 4552 2964 4568 ww
3011 4552 3021 4568 ι
3053 4552 3164 4586 ww,
3236 4552 3303 4578 ἠε
3349 4552 3365 4579 ι
3432 4552 3456 4584 3
3563 4552 3592 4596 ς

325 4552 508 4624 ὥρας,
531 4562 579 4611 εἰ
604 4563 633 4614 ὀ
653 4563 753 4632 μὲν
778 4568 966 4638 τρίτην
993 4567 1154 4638 εἶναι,
1173 4577 1201 4628 6
1225 4575 1282 4628 δὲ
1310 4576 1440 4631 ὡσεὶ
1468 4552 1636 4654 ἕκτην
1668 4552 1824 4654 φασὶ,
1852 4586 1906 4639 τί
1943 4587 2100 4643 τοῦτο
2144 4552 2444 4664 ἐπηρεάζει
2481 4603 2547 4673 τῇ
2593 4552 2876 4679 ἀληθείας.
2933 4552 3078 4684 ῐιλίλν
3139 4615 3273 4670 ἀλλὰ
3311 4552 3592 4681 ἴδίδέικῗάι

325 4651 399 4684 ιη,
429 4659 747 4684 ...ε--..μαμη
799 4663 873 4684 α..-
909 4665 1016 4684 -JM
1064 4667 1087 4684 θ
1275 4673 1287 4684 -
1358 4675 1370 4684 -
1456 4675 1468 4684 -

321 4651 401 4704 ὲκ
429 4659 768 4725 περιουσίας,
795 4663 878 4716 ὅτι
903 4665 1026 4720 οὐδὲ
1058 4667 1324 4738 διαφωνία
1353 4675 1522 4732 ἐστίν.

412 4762 432 4794 ι
467 4746 575 4799 Καὶ
603 4750 753 4816 λέγει
779 4755 892 4818 τοῖς
931 4756 1226 4822 Ἰουδαίοις
1262 4764 1367 4815 Ἴδε
1393 4765 1422 4817 6
1451 4765 1704 4834 βασιλεὺς
1729 4771 1903 4840 ὑμῶν.
1931 4781 1986 4841 Ῑ)
2084 4773 2250 4829 Vens.
2282 4777 2347 4830 14
2378 4779 2463 4833 18.

322 4834 398 4888 Οἱ
426 4836 483 4889 δὲ
515 4839 864 4908 ἐκραύγασαν
886 4861 900 4875 ’
930 4841 1100 4918 *Δρον
1123 4891 1139 4918 ,
1173 4847 1325 4923 ἆρον,
1364 4856 1678 4927 σταύρωσον
1715 4834 1900 4919 αύτόν.

319 4927 499 4996 Λέγει
529 4931 710 4996 αὐτοῖς
742 4935 770 4986 6
815 4935 1046 5002 Πιλάτος
1069 4955 1083 4969 ·
1117 4941 1220 4995 Τὸν
1269 4943 1496 5014 βασιλέα
1539 4949 1691 5018 ὑμῶν
1735 4969 1903 5007 σταυ-

323 5015 529 5087 ρὼσω;
569 5021 972 5094 Ἀπεκρίθησαν
1007 5031 1058 5082 οί
1086 5031 1363 5104 ἀρχιερεῖς
1383 5051 1397 5066 ο
1430 5036 1543 5090 οὐκ
1577 5015 1772 5112 ἐχομεν
1802 5043 1902 5114 βα-

322 5109 508 5176 σιλέα,
542 5113 590 5164 εί
630 5115 706 5184 μὴ
745 5116 1022 5188 Καίσαρα.
1071 5122 1207 5176 Τότε
1240 5123 1332 5179 οὖν
1381 5109 1701 5198 παρέδωκεν
1740 5109 1902 5189 αὐτὸν

318 5199 536 5268 αὐτοῖς,
573 5203 658 5257 ἵνα
689 5210 997 5280 σταυρωθῇ.
1032 5213 1348 5284 Παρέλαϐον
1393 5214 1486 5272 οὖν
1525 5220 1616 5275 τὸν
1661 5221 1898 5293 Ἰησοῦν,

312 5291 418 5343 καὶ
440 5291 642 5362 ἦγαγον
681 5297 842 5352 αὐτὸν
873 5301 952 5364 είς
989 5301 1052 5354 τὸ
1086 5308 1440 5374 σταυρῶσαι,
1489 5309 1586 5364 καὶ
1615 5291 1900 5381 βαστάζων

315 5377 420 5428 τὸν
451 5385 680 5455 σταυρὸν
728 5389 929 5456 αὐτοῦ,
977 5391 1198 5462 ἐξῆλθεν
1245 5399 1326 5461 είς
1356 5401 1553 5465 τόπον,
1606 5377 1899 5476 λεγόμενον

261 5488 279 5509 ο
312 5469 564 5538 Κρανίου
593 5478 774 5543 τόπον,
799 5481 856 5544 ὃς
885 5484 1099 5549 λέγεται
1142 5486 1421 5558 Ἐϐραϊστὶ
1455 5492 1494 5543 Γ
1495 5493 1725 5562 ολγοθᾶ·
1760 5498 1894 5552 ὅπου

310 5560 488 5614 αὐτὸν
513 5565 883 5637 ἐσταύρωσαν,
914 5578 1006 5628 καὶ
1037 5578 1155 5646 μετ’
1177 5580 1345 5632 αὐτοῦ
1376 5560 1578 5648 ἄλλους.
1596 5586 1689 5641 δύο
1715 5589 1898 5643 ἐντεῦ-

308 5653 412 5703 θεν
441 5657 533 5708 καὶ
564 5658 835 5727 ἐντεῦθεν,
869 5667 1032 5732 μέσον
1065 5668 1122 5721 δὲ
1163 5670 1255 5723 τὸν
1301 5673 1530 5742 Ἰησοῦν.
1571 5695 1592 5728 ι
1627 5681 1896 5746 Πολλάκις

305 5745 584 5822 εἴπομεν,
625 5751 700 5814 ὡς
735 5755 991 5826 ἄνανδρος
1028 5761 1228 5828 μᾶλλον
1261 5765 1357 5819 καὶ
1404 5767 1673 5843 ψοφοδεὴς
1717 5777 1745 5828 6
1797 5745 1894 5830 nt.

304 5833 504 5902 λάτος,
538 5840 570 5910 ἢ
605 5845 902 5915 κακοήθης.
943 5849 1084 5918 Ὅρα
1117 5852 1270 5921 γοῦν,
1337 5833 1431 5912 καί
1471 5833 1566 5916 νῦν
1594 5833 1779 5936 σξῆμα
1810 5869 1895 5934 ἐξ·

2503 4799 2522 4832 ι
2563 4781 2628 4837 Ει
2665 4786 2796 4840 dicit
2825 4787 3026 4849 Judaais
3064 4813 3077 4848 :
3108 4796 3246 4852 Ecce
3274 4817 3365 4857 rex
3391 4815 3595 4862 vester.

2009 4863 2088 4918 llli
2107 4877 2288 4920 autem
2318 4869 2648 4940 clamabant,
2679 4875 2850 4946 Tolle,
2881 4884 3029 4949 tolle,
3052 4891 3306 4962 crucifige
3323 4911 3467 4953 eum.
3498 4898 3589 4951 Di-

2009 4956 2171 5011 citeis
2185 4956 2390 5015 Pilatus
2409 4978 2424 5016 :
2443 4961 2642 5035 Regem
2663 4981 2898 5027 vestrum
2919 4978 3226 5049 crucifigam
3245 4956 3585 5054 ilicsponde-

2009 5057 2137 5103 runt
2160 5053 2482 5120 pontiﬁces:
2505 5055 2626 5112 Non
2653 5060 2914 5121 habemus
2938 5082 3138 5138 regem,
3169 5073 3269 5127 nisi
3291 5053 3579 5137 Caesarem.

2008 5137 2160 5196 Tunc
2182 5155 2313 5214 ergo
2344 5147 2701 5206 tradiditeum
2728 5153 2855 5222 illis,
2881 5167 2937 5212 ut
2955 5162 3380 5234 crucifigeretur.
3408 5171 3578 5225 Acce.

2003 5243 2204 5300 perunt
2242 5248 2421 5294 autem
2459 5240 2664 5312 Jesum,
2722 5256 2775 5301 et
2804 5249 3283 5312 adduxerunteum
3316 5269 3374 5314 ut
3400 5263 3578 5316 cruci-

2005 5323 2272 5394 ﬁgerent:
2307 5339 2470 5402 atque
2500 5335 2547 5389 is
2581 5337 2830 5408 bajulans
2865 5356 3081 5400 crucem
3108 5361 3284 5416 suam,
3321 5351 3490 5407 exivit
3525 5355 3576 5410 in

2003 5427 2150 5483 eum,
2183 5421 2272 5488 qui
2304 5423 2504 5479 dicitur
2529 5425 2826 5498 Calvariaz,
2860 5433 3070 5501 locum,
3104 5437 3369 5496 l‘lehraice
3395 5453 3575 5500 autem

2003 5504 2270 5578 Golgotha
2300 5531 2315 5568 :
2352 5515 2439 5570 ubi
2467 5521 2854 5577 cruciﬁxerunt
2887 5538 3032 5592 eum,
3058 5535 3112 5582 et
3147 5545 3267 5584 cum
3309 5549 3372 5615 eo
3418 5537 3580 5608 alios,

2005 5598 2139 5655 duos
2169 5602 2294 5659 hinc
2325 5615 2379 5662 et
2411 5609 2536 5665 hinc
2560 5653 2575 5677 ,
2621 5615 2860 5670 medium
2907 5629 3088 5674 autem
3125 5619 3329 5679 Jesum.
3359 5605 3384 5678 ἰ
3423 5598 3578 5700 Saepe

2004 5689 2240 5748 diximus
2269 5699 2413 5764 quod
2441 5697 2644 5757 Pilatus
2669 5707 2842 5776 magis
2872 5707 3038 5764 fuerit
3060 5712 3240 5769 mollis
3269 5727 3323 5769 et
3345 5689 3574 5774 iueticn-

2004 5781 2170 5851 losns,
2203 5803 2366 5858 quam
2413 5795 2620 5862 asperis
2659 5798 2924 5856 moribus.
2966 5801 3102 5859 Vide
3147 5807 3292 5862 enim
3337 5821 3390 5863 et
3433 5828 3576 5865 nunc

2002 5877 2145 5944 quod
2177 5877 2348 5935 forma
2377 5885 2595 5950 quidem
2641 5890 2912 5951 examinis
2949 5901 3005 5950 et
3043 5893 3231 5966 judicii
3260 5901 3445 5970 utitur,
3482 5905 3574 5958 sed
