4056 6624
522 430 629 495 2ῗὸ

1446 436 2025 500 THEOPHYLACTI
2062 436 2475 502 BULGARIAL‘
2512 436 2865 499 ARCHIEP.

3646 436 3739 501 976

523 546 750 601 dicunt?
778 566 796 599 ι
833 546 1042 615 Scribe,
1063 548 1203 616 quod
1235 548 1322 603 ille
1344 550 1563 606 dixerit.
1594 570 1612 604 ι
1642 550 1776 606 Nam
1808 568 1946 609 nunc
1977 556 2076 623 qui-

2202 571 2394 619 σκωσι,
2444 555 2565 616 ταῖς
2601 553 2808 621 φωναῖς
2854 548 3094 613 άπάσαις
3126 548 3226 622 τὴν
3265 550 3531 607 Ἰουδαίων
3565 556 3740 622 μανίαν

522 639 642 691 dem
697 639 999 693 communis
1058 642 1325 695 sententia
1372 641 1680 720 Judmorunt
1736 655 1977 712 apparet.
2031 646 2089 700 Si

518 736 697 784 autem
734 730 1032 799 appositum
1084 731 1296 796 fuisset,
1326 734 1468 803 quod
1522 734 1635 804 ipse
1680 734 1882 789 dixerit
1914 751 1973 790 se
2012 752 2096 791 re-

517 835 658 891 gem,
690 822 861 876 visum
897 821 1084 878 inisset
1114 825 1319 879 crimen
1353 824 1670 880 temeritatis
1693 836 1742 881 et
1772 829 2095 897 arrogantia:

519 913 683 967 illius.
721 913 826 968 Sed
871 912 1073 968 Pilatus
1122 931 1228 969 non
1277 916 1706 984 obtemperavit,
1743 927 1794 970 et
1840 918 1891 971 in
1925 919 2090 987 priori

518 1003 668 1056 stetit
741 1006 1011 1060 sententia
1069 1022 1081 1059 :
1135 1008 1257 1060 ideo
1306 1006 1436 1059 dicit
1483 1022 1499 1059 :
1544 1023 1563 1057 ι
1630 1006 1782 1072 Quod
1855 1008 2091 1076 scripsi.

516 1093 729 1163 scripsi.
768 1114 788 1147 ι
826 1094 1095 1150 Caeterum
1135 1105 1189 1152 et
1231 1098 1375 1153 aliud
1404 1118 1655 1173 magnum
1689 1105 1941 1173 quiddam
1977 1105 2091 1159 dis-

517 1197 775 1255 pensatur
808 1207 823 1243 :
862 1191 985 1258 quia
1021 1190 1260 1245 futurum
1295 1203 1414 1249 erat
1448 1205 1505 1249 ut
1542 1206 1653 1252 tres
1682 1212 1870 1252 cruces
1900 1197 2089 1253 eodem

516 1275 571 1332 in
611 1278 731 1334 locu
779 1280 1007 1336 defossa:
1034 1282 1302 1353 iacerent,
1353 1297 1411 1339 ut
1462 1301 1528 1342 ne
1577 1289 1920 1359 ignoraretur
1968 1305 2091 1360 qum

513 1381 657 1424 esset
688 1386 820 1425 crux
851 1371 1088 1440 Domini,
1123 1386 1347 1444 propter
1375 1380 1475 1433 hoc
1503 1379 1869 1449 dispensatum
1897 1389 1999 1444 est,
2031 1390 2090 1437 ut

513 1463 626 1517 sola
657 1462 866 1517 titulum
894 1465 1117 1520 haberet
1141 1477 1194 1520 ut
1219 1467 1643 1539 inscriptionem,
1671 1482 1727 1525 ut
1754 1487 1849 1541 per
1873 1474 2084 1543 signum

516 1552 622 1609 tale
652 1567 1087 1625 cognosceretur.
1134 1558 1430 1615 Latronum
1462 1564 1604 1617 enim
1645 1578 1835 1619 cruces
1871 1566 2083 1635 titulum

514 1661 618 1699 non
660 1647 948 1703 habebant.
997 1647 1235 1706 lusiuuat
1281 1664 1461 1706 autem
1504 1661 1559 1708 et
1606 1652 1766 1724 752
1801 1655 2086 1711 sublimius

416 1808 419 1809 ν
513 1740 767 1807 quiddam
832 1741 1120 1813 inscriptio
1180 1744 1481 1813 triplicibus
1533 1746 1730 1801 litteris
1792 1748 2080 1817 inscripta.

509 1832 816 1891 Itlanilestat
868 1840 1010 1892 enim
1046 1836 1329 1894 Dominum
1371 1856 1550 1911 regem
1582 1857 1703 1897 esse
1732 1843 2082 1913 philosophia:

512 1930 765 1998 practicae
799 1943 852 1985 ct
893 1932 1156 1987 naturalis
1186 1943 1238 1986 et
1277 1935 1612 2005 theologiam.
1648 1935 1896 1991 Practica
1937 1938 2080 1990 enim
2117 1915 2159 1975 Β

511 2035 607 2088 per
641 2019 915 2077 Romanas
946 2025 1244 2095 scripturas
1300 2031 1579 2096 ﬁguratur.
1636 2026 1769 2082 Nam
1818 2026 2088 2082 Romano-

521 2128 636 2165 rum
700 2116 1036 2184 principatus
1080 2118 1315 2172 maxime
1367 2119 1540 2174 virilis
1581 2129 1695 2173 erat
1746 2127 1799 2174 et
1839 2130 2087 2173 strenuus

509 2204 561 2259 in
594 2207 750 2260 rebus
792 2206 1018 2263 bellicis.
1062 2211 1165 2264 Per
1216 2210 1432 2266 Grmcas
1482 2226 1633 2277 vero,
1670 2211 1953 2277 naturalis,
2001 2210 2088 2265 cui

507 2297 771 2353 vacabant
795 2298 989 2357 Gra'ci.
1026 2301 1129 2356 Per
1161 2302 1449 2357 llebraicas
1474 2303 1723 2373 denique,
1758 2302 2085 2373 theologica;

507 2401 629 2439 nam
681 2386 922 2444 llebtmis
968 2391 1277 2447 divinorum
1323 2394 1563 2464 cognitio
1600 2393 1909 2448 concredita
1958 2394 2079 2450 l'nit.

505 2478 686 2533 Gloria
721 2481 881 2549 igitur
909 2482 958 2538 ei
986 2485 1076 2553 qui
1107 2501 1202 2553 per
1223 2501 1438 2541 crucem
1468 2488 1718 2556 apparuit
1744 2486 1849 2541 tale
1884 2486 2082 2541 habere

506 2587 751 2641 regnum,
782 2584 837 2629 et
871 2578 960 2642 qui
1000 2578 1255 2632 mundum
1302 2579 1464 2643 vicit,
1507 2579 1800 2647 practicam
1837 2588 2078 2632 nostram

499 2667 756 2720 virtutem
808 2668 1120 2735 roboravit,
1159 2672 1553 2743 scientiamque
1600 2682 1804 2727 natm-re
1851 2670 2077 2741 largitus

501 2767 606 2824 est,
635 2770 690 2813 et
726 2760 793 2813 ab
830 2760 916 2813 illa
955 2776 1050 2814 nos
1096 2762 1246 2816 duxit
1286 2762 1338 2816 in
1370 2763 1626 2818 interiora
1672 2763 1980 2825 velamenti,
2021 2760 2074 2815 in

500 2866 654 2905 suam
700 2851 822 2906 dico
867 2853 1152 2909 scientiam
1203 2863 1257 2909 et
1305 2856 1831 2926 contemplationem,
1869 2853 2078 2908 theolo-

499 2942 641 3013 giam
688 2945 957 3002 videlicet.

2196 645 2596 716 ἑστηλίτευσεν.
2654 644 2719 697 Oi
2762 641 2819 694 δὲ
2848 641 2942 695 καὶ
2982 641 3388 712 ὲσταυρωμένῳ
3417 641 3737 700 ἐϐάσκαινον.

2195 740 2305 791 Καὶ
2331 737 2384 791 τί
2416 754 2619 807 φασιν;
2662 754 2682 787 ι
2716 734 2952 806 Γράψον,
2984 736 3065 788 ὅτι
3092 734 3257 797 αὐτὸς
3291 730 3429 789 εἷπε.
3464 754 3484 787 ι
3524 735 3632 789 Νῦν
3657 738 3740 805 μὲν

2192 828 2301 897 γὰρ
2334 828 2489 898 κοινὴ
2522 827 2700 896 ψῆφος
2742 826 2851 879 τῶν
2912 826 3182 879 Ἰουδαίων
3224 825 3503 893 φαίνεται’
3552 827 3642 880 ἐὰν
3689 829 3739 881 δὲ

2192 918 2490 989 προστεθῇ,
2512 918 2596 972 ὅτι
2622 918 2785 979 αὐτὸς
2812 913 2963 970 εἶπεν
2983 917 3173 970 ἑαυτὸν
3198 916 3443 985 βασιλέα,
3473 919 3569 985 τῆς
3593 920 3738 974 αύτοῦ
3761 969 3764 972 .

2194 1006 2527 1077 προπετείας
2584 1008 2679 1059 καὶ
2709 1005 3028 1071 ἀλαζονείας
3069 1006 3133 1058 τὸ
3188 1006 3440 1077 ἔγκλημα
3487 1009 3736 1076 φαίνεται.

2204 1098 2346 1152 Ἀλλ’
2373 1099 2472 1168 οὐχ
2494 1100 2524 1152 6
2565 1097 2796 1161 Πιλάτος
2829 1097 3183 1168 παρετράπη,
3225 1097 3341 1151 ἀλλ’
3379 1100 3471 1152 ἐπὶ
3495 1100 3591 1169 τῆς
3619 1118 3741 1171 προ-

2199 1189 2357 1261 τέρας
2386 1189 2606 1244 ἵσταται
2629 1189 2877 1260 γνώμης.
2900 1190 2992 1243 Διὸ
3017 1189 3111 1245 καί
3138 1207 3305 1260 φησιν
3320 1207 3333 1221 ·
3360 1207 3378 1241 t
3397 1191 3464 1244 Ὀ
3486 1192 3739 1263 γέγραφα,

2191 1284 2465 1354 γέγραφα.
2512 1303 2531 1336 ι
2581 1283 2748 1337 Ἀλλὰ
2801 1284 2907 1353 μὴν
2938 1284 3034 1339 καὶ
3063 1281 3252 1355 ἕτερόν
3283 1300 3339 1337 τι
3364 1283 3508 1355 μέγα
3548 1286 3739 1340 οίκονο-

2194 1378 2397 1446 μεϊται.
2436 1375 2654 1446 Ἐπειδὴ
2676 1375 2787 1446 γὰρ
2819 1375 3274 1447 καταχωσθέντες
3294 1378 3343 1430 oi
3362 1379 3511 1445 τρεῖς
3540 1380 3742 1449 σταυροὶ

2190 1468 2250 1520 ἐν
2276 1467 2460 1537 ταυτῷ
2517 1466 2746 1535 ἔμελλον
2778 1467 3017 1531 κεῖσθαι,
3073 1466 3162 1521 ῖνα
3198 1467 3272 1538 μὴ
3310 1467 3575 1538 άγνοηθῇ,
3606 1470 3741 1533 ποῖός

2189 1561 2338 1613 ἐστιν
2392 1562 2421 1613 6
2454 1559 2548 1612 τοῦ
2597 1558 2844 1630 Κυρίου,
2893 1559 2983 1613 διὰ
3040 1559 3200 1613 τοῦτο
3229 1557 3552 1630 ᾡκονομήθη
3598 1560 3742 1615 αὐτὸν

2191 1652 2352 1723 μόνον
2398 1651 2579 1706 τῖτλον
2624 1650 2768 1723 ἔχειν
2805 1652 2899 1706 καὶ⁵
2946 1651 3281 1723 ἐπιγραφὴν,
3342 1651 3419 1716 ὡς
3452 1650 3518 1705 ἂν
3545 1651 3630 1705 διὰ
3657 1649 3741 1705 τοῦ

2186 1748 2430 1798 τοιούτου
2459 1742 2689 1815 σημείου
2720 1744 3081 1816 ἔπιγνωσθείη
3103 1761 3116 1776 ·
3150 1745 3202 1797 ot
3245 1742 3354 1813 γὰρ
3377 1744 3488 1798 τῶν
3516 1742 3730 1814 λῃστῶν,

2186 1837 2365 1890 τίτλον
2421 1837 2521 1891 οὐκ
2566 1833 2733 1909 εἶχον.
2777 1840 3084 1892 Αίνίττεται
3125 1838 3183 1892 δὲ
3208 1838 3303 1892 καί
3333 1856 3384 1892 τι
3433 1837 3743 1908 ὑψηλότερον

2189 1929 2222 1998 ἡ
2256 1927 2542 2000 ἐπιγραφή
2565 1931 2809 2000 τρισσοῖς
2827 1930 3152 2001 γράμμασιν
3182 1930 3550 2001 ἑπιγραφεῖσα
3568 1946 3584 1960 ο
3611 1928 3747 1999 δηλοῖ

2184 2017 2277 2072 τὸν
2314 2017 2519 2089 Κύριον
2561 2018 2786 2088 βασιλέα
2827 2015 2968 2074 εἶναι
3010 2022 3346 2090 πρακτικῆς,
3371 2020 3469 2073 καὶ
3505 2020 3739 2089 φυσικῆς,

2186 2108 2282 2166 καὶ
2297 2112 2613 2183 θεολογικῆς
2637 2112 2978 2181 φιλοσοφίας’
3012 2112 3099 2166 διὰ
3127 2112 3229 2183 μὲν
3259 2112 3370 2166 τῶν
3415 2110 3740 2182 Ῥωμαϊκῶν,

2184 2206 2530 2276 γραμμάτων
2566 2206 2666 2276 τῆς
2694 2205 3007 2276 πρακτικῆς
3038 2206 3388 2275 τυπουμένης
3409 2220 3426 2235 ·
3457 2206 3491 2274 η
3521 2204 3626 2272 γὰρ
3645 2203 3741 2255 τῶν

2197 2296 2487 2367 Ῥωμαίων
2518 2295 2661 2366 ἀρχὴ
2706 2296 3057 2367 ἀνδρειοτάτη
3093 2298 3191 2352 καὶ
3220 2295 3644 2366 πρακτικωτάτη
3682 2293 3742 2347 τά

2188 2389 2332 2442 κατὰ
2360 2388 2617 2458 πόλεμον.
2642 2386 2740 2440 Διὰ
2760 2385 2817 2440 δὲ
2837 2387 2950 2442 τῶν
2990 2387 3343 2456 Ἑλληνικῶν,
3372 2387 3474 2458 τῆς
3504 2387 3739 2457 φυσικῆς

2187 2482 2236 2534 οἱ
2287 2480 2398 2549 γὰρ
2444 2479 2711 2550 Ἕλληνες
2744 2480 2876 2550 περὶ
2924 2480 3026 2550 τὴν
3071 2481 3310 2549 φυσικὴν
3355 2478 3737 2551 ἡσχολήθησαν.

2186 2572 2285 2627 Διὰ
2333 2573 2391 2626 δὲ
2452 2572 2560 2627 τῶν
2615 2572 2919 2643 Ἑϐραϊκῶν
2972 2575 3073 2642 τῆς
3130 2571 3484 2643 θεολογικῆς·
3546 2572 3595 2624 oi.
3642 2570 3742 2639 γὰρ

2202 2663 2443 2735 Ἑϐραῖοι
2474 2663 2575 2734 τὴν
2608 2662 2760 2718 Θείαν
2802 2663 3210 2734 ἐπιστεύθησαν
3242 2663 3466 2731 γνῶσιν.
3507 2663 3637 2731 Δόξα
3659 2659 3742 2717 οὖν

2183 2756 2263 2829 τῷ
2302 2757 2391 2812 διὰ
2445 2756 2538 2811 τοῦ
2598 2755 2837 2829 σταυροῦ
2895 2756 3121 2824 φανέντι
3168 2756 3429 2827 τοιαύτην
3481 2755 3620 2828 ἔχειν
3654 2755 3742 2824 τὴν

2185 2849 2484 2922 βασιλείαν,
2535 2849 2631 2904 καὶ
2674 2848 2767 2902 τόν
2809 2866 2871 2902 τε
2920 2848 3125 2919 κόσμον
3177 2849 3484 2919 νικήσαντι,
3520 2849 3612 2901 καὶ
3654 2848 3741 2917 τὴν

2186 2942 2500 3015 πρακτικὴν
2552 2943 2687 3011 ἡμῖν
2736 2939 3085 3011 όμαλίσαντι,
3137 2942 3238 3012 τήν
3282 2957 3342 2994 τε
3398 2940 3600 3009 γνῶσιν
3654 2942 3741 3009 τῆς

499 3040 717 3108 φύσεως
737 3039 1104 3113 χαριζομένῳ,
1136 3042 1231 3095 καὶ
1252 3044 1359 3097 ἀπὸ
1386 3044 1591 3113 ταύτης
1615 3046 1693 3108 είς
1713 3046 1774 3099 τὸ
1804 3041 2072 3114 ἐσώτερον
2111 3038 2205 3093 τοῦ
2272 3036 2793 3107 καταπετάσματος,
2824 3036 2906 3098 είς
2957 3033 3057 3106 τὴν
3089 3033 3298 3089 οἰκείαν
3355 3032 3507 3103 λέγω
3558 3031 3741 3102 γνῶσιν

498 3132 594 3184 καὶ
621 3132 877 3203 θεωρίαν,
913 3132 1032 3203 ἦτοι
1065 3135 1362 3204 θεολογίαν,
1395 3137 1693 3207 είσάγοντι.

568 3224 732 3280 Vens.
776 3226 870 3293 25,
910 3225 1000 3283 ΞΔ.
1035 3245 1052 3280 ι
1094 3228 1289 3285 Milites
1332 3245 1461 3298 ergo
1505 3248 1629 3286 cum
1674 3230 2068 3286 crttcidxisseut

2253 3241 2273 3274 ι
2307 3224 2370 3277 Ol
2401 3215 2496 3276 οὖν
2537 3218 3000 3292 στρατιῶται,δτε
3027 3218 3383 3288 ἐσταύρωσαν
3403 3217 3498 3270 τὸν
3530 3212 3738 3286 Ἰησοῦν,

495 3316 720 3385 Jesum,
767 3330 1094 3390 acceperunt
1142 3322 1462 3377 vestimenta
1511 3324 1663 3392 ejus,
1716 3334 1771 3377 et
1827 3323 2071 3377 fecerunt

494 3422 730 3479 quatuor
751 3420 954 3480 partes,
978 3414 1269 3484 unicuique
1298 3414 1453 3469 tniliti
1480 3424 1708 3485 partem,
1734 3423 1789 3470 et.
1811 3415 2070 3469 tunicam.

499 3502 627 3557 Erat
659 3516 840 3559 autem
885 3507 1063 3560 tunica
1098 3506 1460 3573 incousntilis,
1495 3527 1522 3561 a
1561 3523 1775 3563 summo
1814 3517 2071 3563 contexta

498 3607 594 3662 per
625 3604 816 3649 totum.
865 3594 1126 3650 Dixerunt
1158 3612 1286 3667 ergo
1328 3599 1470 3652 inter
1504 3613 1563 3653 se
1596 3616 1611 3652 :
1643 3597 1722 3653 Ne
1760 3599 2073 3653 scimlanms

494 3700 638 3751 eam,
679 3686 775 3740 sed
818 3687 1110 3742 sortiantur
1140 3689 1207 3742 de
1236 3688 1326 3743 illa
1357 3689 1510 3760 cujus
1550 3689 1641 3755 sit,
1690 3700 1748 3744 ut
1786 3690 2069 3759 Scriptura

494 3779 827 3845 impleretur,
878 3780 1063 3834 dicens
1110 3797 1124 3835 :
1170 3780 1357 3836 Partiti
1412 3791 1536 3836 sunt
1590 3782 1906 3836 vestimenta
1950 3798 2067 3836 mea

494 3869 618 3930 sibi,
653 3878 705 3922 et
753 3870 803 3923 itt
853 3880 1053 3924 vestem
1090 3884 1262 3924 meam
1310 3871 1578 3926 miserunt
1625 3881 1848 3926 sortem.
1901 3890 1920 3922 ι
1964 3870 2069 3925 Per

495 3957 580 4010 illa
612 3960 947 4027 potissimum
980 3960 1269 4030 implentur
1305 3962 1622 4031 prophetiae,
1654 3977 1751 4031 per
1784 3977 1902 4028 qum
1936 3961 2067 4015 dia-

492 4047 647 4105 bolus
689 4052 995 4107 insidiatur.
1043 4052 1109 4105 Et
1151 4053 1271 4107 vide
1314 4055 1619 4108 veritatem.
1664 4053 1797 4109 Tres
1847 4052 2067 4108 fuerunt

494 4143 758 4205 cruciﬁxi,
791 4153 1026 4199 attamen
1061 4145 1112 4198 in
1157 4145 1259 4199 hoc
1289 4144 1403 4201 solo
1431 4144 1725 4214 implentur
1748 4145 2063 4213 prophetica

495 4236 655 4288 dicta.
687 4236 750 4289 Et
782 4236 1061 4290 considera
1102 4237 1377 4307 prophetae
1394 4232 1744 4308 diligentiam.
1772 4236 1889 4292 Non
1917 4239 2062 4292 enim

2179 3313 2372 3368 ἔλαϐον
2404 3313 2495 3366 ατὰ
2551 3312 2744 3383 ἱμάτια
2792 3311 2982 3375 αὑτοῦ,
3046 3308 3144 3365 καὶ
3190 3308 3463 3380 ιποίησαν
3512 3307 3740 3375 τέσσαρα

2182 3408 2347 3477 μέρη,
2383 3405 2600 3476 ἑκάστῳ
2651 3402 2963 3476 στρατιώτῃ
3011 3402 3198 3474 μόρος,
3249 3402 3345 3455 καὶ
3387 3400 3487 3456 τὸν
3529 3398 3736 3470 χιτῶνα.

2175 3494 2287 3551 Ἦν
2308 3498 2365 3552 δὲ
2395 3498 2425 3551 ό
2454 3495 2621 3567 χιτὼν
2656 3497 2925 3568 sapae“.
2988 3496 3053 3549 ἐκ
3109 3494 3220 3548 τῶν
3269 3493 3481 3548 ἄνωθεν
3524 3490 3740 3561 ὑφαντὸς

2173 3587 2373 3654 διόλου.
2430 3585 2602 3642 Εῐπον
2646 3583 2741 3642 οὖν
2798 3588 2937 3658 πρὸς
2976 3584 3242 3657 ἀλλήλους
3266 3601 3281 3616 ·
3330 3584 3428 3656 Μὴ
3482 3583 3739 3655 σχίσωμεν

2174 3679 2357 3743 αὐτὸν,
2412 3679 2548 3733 ἀλλὰ
2577 3678 2836 3749 λάχωμεν
2865 3679 2997 3748 περὶ
3043 3676 3232 3740 αὐτοῦ,
3259 3675 3405 3740 τίνος
3437 3674 3617 3749 ἔσται·
3662 3673 3740 3726 ἵνα

2172 3774 2205 3842 η
2236 3772 2428 3843 Γραφὴ
2471 3770 2768 3842 πληρωθῇ,
2824 3772 2855 3840 η
2905 3769 3172 3838 λέγουσα·
3233 3767 3627 3839 Διεμερίσαντο
3679 3761 3740 3816 τὰ

2180 3866 2377 3935 ἱμάτιά
2426 3881 2550 3934 μου,
2597 3863 2691 3916 καὶ
2740 3863 2836 3916 δπὶ
2884 3862 2978 3917 τὸν
3031 3860 3328 3932 ίματισμόν
3383 3876 3490 3931 μου
3560 3856 3738 3912 ἔϐαλον

2172 3957 2395 4027 κλῆρον.
2436 3972 2455 4006 t
2493 3953 2571 4008 Δι’
2609 3947 2686 4008 ὧν
2728 3954 2757 4005 6
2798 3950 3045 4015 διάϐολος
3093 3950 3481 4021 πονηρεύεται,
3512 3949 3568 4002 αί
3612 3962 3738 4016 προ·

2173 4049 2391 4119 φητεῖαι
2426 4044 2788 4115 πληροῦνται.
2826 4044 2938 4097 Καὶ
2977 4043 3079 4115 ὅρα
3108 4040 3207 4112 τὴν
3256 4040 3554 4110 ἀλήθειαν·
3590 4038 3739 4108 Τρεῖς

2168 4133 2312 4208 ἦσαν
2342 4137 2394 4190 οῖ
2431 4134 2858 4204 σταυρωθέντες,
2895 4133 2993 4188 καὶ⁵
3043 4134 3194 4204 ὅμως
3225 4131 3313 4185 ἐπ’
3356 4131 3528 4186 αὐτοῦ
3584 4130 3735 4201 μόνου

2122 4250 2129 4255 ’
2173 4227 2505 4300 πληροῦνται
2539 4226 2610 4281 τά
2638 4226 2748 4281 τῶν
2796 4219 3112 4299 προφητῶν.
3148 4225 3255 4278 Καὶ
3281 4224 3477 4278 σκόπει
3527 4223 3623 4295 τὴν
3647 4223 3737 4291 τῆς

495 4328 664 4380 solum
692 4327 834 4395 quod
873 4347 890 4380 ι
935 4330 1115 4397 partiti
1151 4327 1372 4397 fuerint,
1411 4346 1430 4381 ι
1467 4329 1559 4384 sed
1592 4329 1753 4383 etiam
1783 4331 1924 4399 quod
1957 4345 2061 4385 non

2179 4320 2509 4394 προφητείας
2541 4318 2850 4389 ἀκρίϐειαν.
2874 4318 2950 4372 Οὐ
2978 4318 3089 4390 γὰρ
3109 4318 3191 4371 ὅτι
3215 4317 3545 4391 ἐμερίσαντο
3564 4318 3735 4388 μόνον,

494 4418 672 4485 partiti
712 4418 930 4480 fuerint,
977 4418 1116 4472 dixit
1160 4417 1444 4487 propheta.
1489 4418 1657 4486 Igitur
1695 4418 1797 4472 alia
1848 4420 2064 4488 quidem

2179 4412 2285 4469 ἀλλ’
2308 4412 2390 4466 ὅτι
2419 4412 2514 4466 καὶ
2560 4411 2661 4465 οὐκ
2693 4411 3043 4480 ἐμερίσαντο,
3079 4405 3232 4463 εἷπεν
3267 4413 3296 4464 6
3324 4411 3635 4481 προφήτης.
3661 4406 3736 4459 Τὰ

490 4507 905 4571 distribuerunt,
938 4507 1174 4561 tunicam
1206 4518 1386 4562 autem
1421 4523 1552 4573 non,
1579 4508 1674 4564 sed
1705 4508 1882 4563 sortiti
1915 4518 2062 4565 sunt.

2179 4506 2273 4577 μὲν
2291 4501 2386 4561 οὖν
2411 4505 2546 4560 ἄλλα
2581 4502 2776 4575 ίμάτια
2809 4504 3169 4583 διενείμαντο,
3197 4503 3291 4559 τὸν
3319 4504 3376 4559 δὲ
3401 4504 3629 4575 χιτῶνα,
3654 4498 3730 4566 οὒ,

490 4597 642 4665 Quod
690 4606 870 4651 autem
923 4616 943 4650 ι
999 4615 1027 4653 a
1076 4614 1288 4655 summo
1340 4598 1505 4654 fuerit
1555 4609 1832 4664 contexta,
1884 4620 1904 4654 ι
1954 4615 2060 4657 non

2179 4571 2308 4654 αλλὰ
2330 4599 2518 4670 κλήρῳ
2539 4571 2861 4668 τὸνπρᾶγμα
2894 4571 3223 4668 ἐπέτρεψαν.
3240 4598 3313 4651 Τδ
3341 4571 3436 4664 δὲ,
3453 4617 3474 4650 c
3524 4596 3619 4651 Ἐκ
3639 4595 3736 4647 τῶν

492 4696 693 4745 trustra
744 4690 843 4745 luit
875 4692 1204 4761 appositum.
1236 4692 1302 4746 Et
1330 4691 1420 4747 alii
1454 4692 1669 4761 quidem
1712 4694 1899 4749 dicunt
1930 4694 2061 4751 alle-

2179 4692 2380 4751 ἄνωθεν
2413 4691 2671 4759 ὑφαντὸς,
2719 4709 2738 4742 ι
2775 4690 2872 4760 οὐχ
2913 4690 3099 4752 ἁπλῶς
3142 4691 3491 4761 πρόσκειται,
3539 4688 3654 4744 ἀλλ’
3689 4687 3736 4739 ot

488 4781 694 4847 goriam
729 4795 825 4850 per
847 4782 947 4835 hoc
978 4782 1205 4851 signari,
1233 4784 1376 4851 quod
1409 4796 1516 4838 nou
1552 4784 1872 4854 simpliciter
1897 4787 2059 4843 homo

2179 4784 2272 4856 μὲν
2300 4783 2631 4854 ἁλληγορίαν
2679 4783 2814 4850 φασὶ
2841 4781 2908 4835 δι’
2938 4779 3105 4835 αὑτοῦ
3149 4781 3468 4850 δηλοῦσθαι,
3516 4783 3600 4836 ὅτι
3646 4779 3736 4846 οὐχ

494 4873 658 4950 fuerit
685 4872 997 4939 cruciﬁxus,
1030 4874 1125 4929 sed
1156 4883 1210 4930 et
1235 4873 1490 4928 deitatem
1520 4890 1753 4944 superne
1787 4876 2060 4932 habuerit.

488 4963 715 5032 Quidam
761 4978 895 5020 vero
934 4979 1104 5034 genus
1139 4964 1328 5020 dicunt
1379 4965 1634 5022 tunicula:
1670 4968 2059 5040 evangelistam

488 5069 734 5110 narrare.
786 5053 925 5122 Quia
964 5056 1109 5112 enim
1159 5055 1431 5112 Palaestini
1479 5057 1614 5114 duos
1662 5075 1871 5130 pannos
1913 5075 2063 5116 com-

489 5148 755 5205 mittendo
815 5158 1118 5205 contexunt
1181 5160 1402 5219 vestes,
1443 5166 1545 5223 pro
1593 5161 1780 5208 sutura
1845 5161 2061 5211 utentes

485 5252 740 5315 contextu
780 5266 795 5296 ε
830 5242 1184 5299 manifestans
1237 5244 1472 5300 Joannes
1520 5243 1663 5315 quod
1718 5243 1843 5302 talis
1899 5244 2061 5302 fuerit

487 5334 748 5400 tunicula,
769 5333 903 5387 dixit
924 5335 1066 5405 quod
1099 5353 1118 5387 ι
1146 5351 1175 5390 a
1197 5351 1411 5392 summo
1430 5351 1525 5406 per
1548 5345 1716 5393 totum
1742 5335 1905 5394 fuerit
1923 5353 2060 5394 con-

490 5435 657 5489 texta,
702 5444 719 5479 t
759 5425 864 5481 hoc
892 5435 996 5493 est,
1024 5426 1094 5483 ab
1129 5427 1284 5483 initio
1320 5439 1373 5484 et
1404 5445 1639 5500 superne
1676 5433 1939 5502 usquead
1974 5435 2058 5488 in-

488 5516 632 5571 tima.
660 5513 966 5572 hlanite'stat
985 5529 1164 5573 autem
1189 5519 1314 5575 hinc
1335 5521 1590 5577 vilitatem
1609 5524 2056 5580 vestimentorum

481 5606 709 5661 Christi.
745 5607 851 5661 Alii
892 5618 1071 5664 autem
1106 5609 1294 5665 dicunt
1334 5611 1476 5679 quod
1511 5610 1566 5666 in
1595 5610 1884 5668 Palmstiua
1924 5627 2059 5668 con-

481 5706 735 5753 terantur
762 5699 879 5754 tela:
919 5715 1021 5755 non
1055 5700 1199 5757 sicut
1225 5702 1364 5772 apud
1404 5716 1503 5759 nos
1533 5719 1551 5757 :
1586 5720 1712 5759 nam
1747 5721 1908 5775 supra
1936 5708 2057 5777 qui-

479 5790 602 5844 dem
656 5799 742 5846 est
773 5791 919 5847 tilum
943 5834 959 5860 ,
990 5792 1132 5850 infra
1167 5803 1349 5852 autem
1385 5798 1695 5854 contexitur
1728 5812 1961 5868 pannus,
2001 5808 2055 5855 et

482 5882 558 5936 ita
587 5884 853 5952 regressio
893 5886 953 5941 lit
986 5903 998 5940 :
1035 5885 1128 5942 sed
1152 5888 1431 5944 contrario
1473 5887 1633 5946 modo
1669 5907 1680 5943 :
1720 5889 1861 5946 infra
1908 5893 2053 5947 enim

2167 4876 2356 4940 ἁπλῶς
2394 4875 2679 4941 ἄνθρωπος
2712 4870 2781 4945 ἦν
2809 4876 2838 4927 ό
2867 4873 3290 4946 σταυρούμενος,
3322 4874 3461 4929 ἀλλὰ
3483 4875 3577 4928 καὶ
3602 4873 3734 4929 ἄνω-

2169 4968 2264 5023 θεν
2299 4969 2399 5039 τὴν
2448 4967 2678 5037 θεότητα
2707 4962 2843 5037 εἶχε.
2876 4965 3036 5029 Τινὲς
3076 4966 3135 5020 δὲ
3178 4965 3311 5020 αὐτὸ
3350 4965 3412 5019 τδ
3451 4962 3592 5027 εἶδος
3643 4958 3731 5015 τοῦ

2167 5061 2493 5135 χιτωνίσκου
2524 5062 2659 5129 φασὶ
2686 5057 3201 5131 τδννεὺαγγελιστὴν
3231 5060 3489 5126 ίστορεῖν.
3526 5051 3734 5116 Ἐπειδὴ

2166 5147 2373 5225 γὰρ’ὲν
2402 5154 2470 5223 τῇ
2498 5150 2835 5222 Παλαιστίνῃ
2864 5149 2959 5204 δύο
2985 5148 3128 5221 ῥάκη
3165 5148 3591 5219 συμϐάλλοντες,
3621 5148 3732 5216 ἦτοι

2127 5286 2137 5298 ,η
2166 5244 2261 5299 δύο
2299 5244 2490 5308 πανία,
2526 5243 2811 5313 ὑφαίνουσι
2841 5242 2911 5296 τὰ
2953 5242 3145 5311 ἱμάτια
3173 5241 3294 5295 ἀντὶ
3320 5241 3504 5312 ραφῆς
3527 5238 3733 5310 χρώμε-

2166 5356 2249 5393 νοι
2278 5336 2358 5409 τῷ
2387 5335 2732 5408 συνυφασμῷ
2756 5351 2772 5366 '
2806 5334 2986 5407 δηλῶν
3011 5338 3038 5393 ό
3080 5335 3356 5405 Ἰωάννης,
3383 5334 3467 5388 ότι
3497 5332 3732 5392 τοιοῦτος

2165 5437 2195 5490 6
2223 5435 2540 5507 χιτωνίσκος
2569 5429 2661 5504 ἦν,
2692 5428 2867 5499 εἶπεν,
2897 5432 2982 5487 ὅτι
3016 5453 3035 5486 ι
3085 5432 3180 5484 Ἐκ
3203 5431 3314 5484 τῶν
3335 5429 3549 5484 ἄνωθεν
3566 5425 3729 5482 διόλου

2164 5526 2421 5599 ὑφαντὸς,
2476 5543 2498 5579 ι
2541 5524 2842 5588 τουτέστιν,
2874 5524 2972 5578 ἀπ’
3023 5524 3198 5593 ἀρχῆς
3225 5523 3321 5577 καὶ
3368 5520 3576 5575 ἄνωθεν
3628 5516 3729 5579 ἕως

2163 5619 2338 5674 κάτω.
2392 5617 2556 5687 Δηλοῖ
2590 5616 2647 5670 δὲ
2683 5614 2939 5668 ἐντεῦθεν
2980 5613 3043 5667 τὸ
3096 5614 3311 5676 εὐτελὲς
3343 5610 3455 5665 τῶν
3506 5608 3729 5680 ἱματίων

2163 5708 2258 5763 τοῦ
2298 5705 2557 5777 Χριστοῦ.
2610 5705 2796 5759 Ἀλλοι
2840 5703 2898 5758 δέ
2929 5720 3116 5772 φασιν,
3166 5703 3352 5756 ὅτιεὲν
3398 5699 3730 5768 Παλαιστίνῃ

2163 5798 2450 5872 ὑφαίνουσι
2478 5798 2609 5863 τοὺς
2639 5797 2840 5863 ἱστοὺς,
2865 5796 2965 5868 οὐχ
2993 5795 3068 5860 ὡς
3093 5793 3224 5866 παρ’
3245 5795 3399 5865 ἡμῖν,
3432 5791 3604 5845 όντων
3622 5789 3733 5847 ἄνω

2168 5894 2265 5950 μὲν
2313 5891 2423 5946 τῶν
2465 5890 2635 5960 μίτων
2666 5889 2760 5944 καὶ
2795 5887 2891 5943 τοῦ
2918 5889 3203 5961 στήμονος,
3250 5886 3400 5942 κάτω
3428 5884 3486 5939 δὲ
3510 5884 3726 5955 ὑφαινο·
