4056 6594
324 443 438 506 277

953 444 1521 507 ENARBATIU‘IN
1574 441 2081 506 EVANGELIUM
2120 442 2466 505 IOANNIS.
2503 466 2572 480 -υ
2612 442 2773 504 CAP.
2807 440 2971 505 XIX.

3493 437 3602 502 2‘78

327 562 498 629 μένου
549 560 646 615 τοῦ
702 561 923 629 πανίου,
970 564 1066 617 καὶ
1099 563 1273 627 οῦτως
1319 562 1732 626 ἀναϐαίνοντος,
1779 559 1917 611 ἀλλά

2026 568 2148 614 sunt
2185 560 2299 627 ﬁla,
2342 561 2396 615 in
2437 574 2654 616 summo
2692 568 2873 615 autem
2911 553 3222 613 contexitur
3268 558 3556 608 contextus
3583 570 3603 607 :

324 652 669 719 τούναντίον,
703 653 855 709 κάτω
890 654 990 726 μέν
1018 658 1158 709 εἰσιν
1196 658 1243 709 oi
1282 658 1447 726 μίτοι,
1474 657 1587 710 ἄνω
1616 655 1671 707 δὲ
1695 652 1923 721 ὑφαίνε-

322 762 425 799 ται
466 747 529 799 τὸ
591 746 847 819 ὕφασμα.
902 748 1181 813 Τοιοῦτος,
1242 751 1428 818 φησιν,
1465 744 1533 818 ἦν
1568 750 1594 801 ὁ
1629 748 1796 816 χιτὼν
1824 742 1918 798 τοῦ

323 842 545 911 Κυρίου
567 862 580 872 ·
616 843 921 914 μυστηρίου
949 842 1006 896 δὲ
1031 840 1100 912 [ί.
1122 841 1212 913 δὴ]
1246 844 1463 904 πάντως
1494 841 1588 893 καὶ
1616 839 1703 892 διὰ
1725 837 1918 892 τούτου

321 932 691 1003 δηλουμένου.
738 934 813 988 Τὸ
845 933 956 1005 γάρ
996 935 1159 1005 σῶμα
1198 934 1293 987 τοῦ
1330 932 1534 1002 Κυρίου
1578 932 1786 986 ἄνωθεν
1820 932 1918 1000 μὲν

321 1024 569 1097 ὗφάνθη.
613 1026 845 1098 Πνεῦμα
895 1028 1005 1098 γὰρ
1055 1027 1211 1095 ἅγιον
1259 1025 1489 1094 ἐπῆλθε,
1546 1026 1639 1079 καὶ
1688 1024 1920 1094 δύναμις

334 1117 603 1189 Ὑψίστου
623 1120 921 1174 ὲπεσκίασε
946 1125 1012 1192 τῇ
1030 1119 1317 1192 Παρθένῳ.
1356 1121 1416 1173 Ei
1448 1122 1556 1191 γᾶρ
1587 1119 1685 1173 καὶ
1709 1117 1922 1187 ἀνθρώ-

321 1223 443 1262 που
492 1207 654 1278 φύσιν
693 1210 923 1263 ἀνέλαϐε
948 1210 1050 1282 τὴν
1089 1211 1242 1264 κάτω
1287 1208 1455 1264 οὖσαν
1487 1209 1581 1263 καὶ
1617 1208 1916 1275 πεσοῦσαν,

320 1299 473 1353 ἀλλὰ
510 1302 575 1372 τῇ
607 1300 815 1356 ἄνωθεν
880 1299 972 1355 τοῦ
1008 1301 1162 1371 ἁγίου
1201 1296 1520 1371 Πνεῦματος
1567 1302 1748 1372 χάριτι
1791 1317 1922 1353 συν-

322 1390 475 1462 έστη
531 1393 628 1447 καὶ
678 1394 960 1466 συνεπάγη
1005 1395 1040 1465 ἡ
1072 1393 1196 1448 θεία
1226 1393 1387 1467 σάρξ.
1415 1393 1491 1447 Τδ
1523 1394 1705 1447 τοίνυν
1761 1393 1919 1462 ἀγιον

262 1484 265 1485 ⁷
323 1484 499 1556 σῶμα
522 1485 621 1541 τοῦ
664 1486 907 1560 Χριστοῦ
965 1487 1268 1559 ἀμέριστόν
1316 1492 1456 1556 ἐστι,
1498 1490 1617 1553 τοῖς
1653 1488 1919 1559 τέσσαρσι

318 1578 432 1631 τοῦ
469 1579 677 1649 κόσμου
732 1580 928 1653 μέρεσι
967 1579 1328 1653 μεριζόμενον
1387 1584 1483 1637 καὶ
1529 1581 1919 1652 διαδιδόμενον.

320 1672 971 1746 Κατακερματιζόμενος
1002 1674 1113 1749 γὰρ
1143 1676 1204 1729 ἐν
1237 1676 1352 1739 τοῖς
1382 1674 1509 1729 καθ’
1538 1674 1658 1741 ἕνα,
1694 1676 1789 1729 καὶ
1823 1676 1925 1748 τὴν

322 1764 572 1820 ἑκάστου
612 1767 795 1839 ψυχὴν
832 1769 1078 1836 ἁγιάζων
1106 1768 1245 1840 μετὰ
1276 1767 1372 1823 τοῦ
1406 1768 1661 1840 σώματος
1690 1771 1719 1823 ό
1748 1769 1926 1823 Μονο-

320 1861 503 1928 γενὴς
523 1858 612 1914 διὰ
642 1861 741 1931 τῆς
772 1860 909 1924 ιδίας
958 1860 1183 1934 σαρκὸς,
1218 1862 1534 1934 ὁλοκλήρως
1584 1863 1678 1917 καὶ.
1721 1863 1921 1934 ἀμερί-

2023 660 2078 707 et
2106 653 2231 707 talis
2273 668 2491 724 quoque
2536 651 2639 708 fuit
2692 652 2873 708 tunica
2919 639 3156 705 Domini.
3191 649 3607 703 Sacramentum

2023 761 2240 814 quoque
2280 756 2334 802 et
2373 761 2471 815 per
2514 745 2620 801 hoc
2663 744 2820 799 nobis
2850 743 3179 798 insinuatur.
3224 737 3360 793 Nam
3409 752 3610 808 corpus

2024 837 2237 893 Dumiui
2289 852 2525 909 superne
2584 836 2800 908 quidem
2847 844 3161 891 contextum
3212 842 3317 889 est.
3372 830 3611 900 Spiritus

2023 933 2167 985 enim
2202 942 2425 987 sanctus
2454 931 2603 985 venit
2629 944 2793 999 super
2821 927 3125 997 Virginem,
3155 934 3209 979 et
3238 924 3414 978 virtus
3444 921 3611 976 Altis-

2023 1026 2146 1081 simi
2187 1025 2531 1079 obumbravit
2561 1038 2679 1078 eam
2714 1023 2782 1079 “.
2814 1020 2971 1076 Licet
2995 1018 3142 1075 enim
3175 1015 3410 1072 hominis
3452 1024 3613 1069 natu-

2034 1135 2146 1173 ram
2201 1118 2530 1186 susceperit,
2564 1132 2687 1188 quae
2721 1116 2954 1170 inferior
2987 1121 3043 1167 et
3083 1109 3258 1165 labilis
3289 1118 3392 1175 est,
3430 1117 3610 1161 tamen

2023 1227 2257 1282 superne
2280 1210 2520 1283 Spiritus
2549 1209 2724 1266 sancti
2754 1209 2930 1279 gratia
2950 1205 3219 1269 constitit,
3244 1210 3300 1258 et
3328 1209 3613 1270 compacta

2022 1311 2104 1357 est
2143 1303 2323 1356 divina
2356 1317 2502 1357 caro.
2533 1302 2701 1372 Igitur
2733 1307 2984 1356 sanctum
3010 1310 3213 1365 corpus
3234 1293 3435 1349 Christi
3462 1290 3612 1365 imii-

2022 1394 2235 1450 visibile
2261 1403 2345 1450 est
2379 1403 2433 1451 et
2479 1393 2740 1449 dividitur
2759 1400 2813 1448 et
2832 1391 3277 1448 communicatur
3304 1386 3356 1442 in
3381 1394 3617 1453 quatuor

2024 1497 2204 1554 partes
2228 1487 2401 1543 orbis.
2437 1487 2770 1542 Distributus
2798 1484 2944 1540 enim
2980 1482 3232 1552 singulis,
3268 1490 3325 1536 et
3355 1480 3615 1533 uniuscu-

2020 1579 2217 1651 jusque
2247 1580 2484 1632 animam
2513 1577 2884 1640 sanctiﬁcans,
2908 1575 3071 1647 753
3103 1589 3227 1628 cum
3261 1584 3492 1641 corpore
3515 1584 3613 1635 per

2022 1686 2178 1725 Suam
2210 1686 2433 1725 carnem
2466 1670 2797 1739 Unigenitus
2839 1680 2895 1726 et
2924 1671 3137 1737 integer
3166 1676 3221 1721 et
3257 1662 3522 1719 imlivisus
3556 1660 3621 1715 in

2025 1765 2279 1820 onmibus
2306 1774 2412 1830 est,
2456 1764 2733 1819 exsistens
2763 1762 2989 1831 ubique.
3034 1759 3321 1830 Nunquam
3353 1756 3497 1812 enim
3529 1753 3617 1808 di-

2026 1861 2176 1913 visus
2206 1867 2310 1921 est,
2346 1857 2489 1911 sicut
2515 1865 2569 1911 et
2600 1855 2800 1910 Paulus
2834 1854 3038 1909 clamat
3067 1853 3134 1910 “.
3166 1851 3304 1918 Quia
3337 1857 3518 1903 autem
3545 1862 3621 1902 es.

326 1965 480 2014 στως
503 1952 561 2004 ἐν
591 1953 740 2018 ὅλοις
771 1955 943 2020 ἐστὶν,
996 1956 1260 2027 ὑπάρχων
1310 1955 1612 2026 πανταχοῦ.
1655 1956 1922 2028 Οὐδαμῶς

2027 1963 2260 2023 quatuor
2285 1950 2570 2006 elementis
2594 1950 2911 2005 universum
2944 1946 3302 2001 constitutum
3332 1951 3435 2007 est,
3456 1939 3623 1995 intel-

322 2042 446 2113 γὰρ
486 2045 835 2116 μεμέρισται,
886 2049 1031 2103 καθά
1081 2049 1177 2104 καὶ
1227 2050 1440 2114 Παῦλος
1483 2049 1601 2124 βοᾷ.
1663 2050 1820 2105 Ἓπεὶ
1863 2051 1921 2106 δέ

325 2130 402 2184 ἐκ
435 2135 719 2207 τεσσάρων
769 2140 1054 2210 στοιχείων
1107 2141 1169 2195 τὸ
1216 2143 1326 2196 πᾶν
1361 2142 1671 2211 σύγκειται,
1701 2144 1921 2215 νοητέον

328 2223 558 2294 ἱμάτιον
608 2230 700 2283 τοῦ
733 2231 938 2304 Ἰησοῦ,
994 2236 1096 2306 τὴν
1174 2237 1512 2310 φαινομένην
1562 2237 1771 2306 ταύτην
1826 2237 1922 2291 καὶ

328 2318 793 2394 προϐεϐλημένην
840 2327 1044 2393 κτίσιν,
1084 2329 1151 2400 ἢν
1197 2331 1248 2383 οί
1280 2330 1535 2399 δαίμονες
1586 2331 1921 2403 μερίζονται,

326 2408 585 2465 ὅταντδν
628 2415 686 2467 ἐν
717 2417 852 2488 ἡμῖν
907 2418 1009 2489 μὲν
1061 2418 1158 2473 τοῦ
1205 2420 1344 2474 Θεοῦ
1390 2421 1549 2491 λόγον
1578 2421 1921 2493 νεκρώσωσι,

330 2501 686 2569 σπουδάζωσι
711 2506 767 2560 δὲ
794 2508 893 2577 τῆς
927 2510 1146 2580 μερίδος
1170 2512 1381 2566 ἑαυτῶν
1409 2513 1743 2584 ποιήσασθαι
1777 2512 1925 2585 ἡμᾶς

326 2593 425 2647 διὰ
455 2595 554 2667 τῆς
604 2599 744 2668 πρὸς
790 2599 859 2653 τά
889 2603 1132 2671 κοσμικὰ
1168 2605 1565 2675 προσπαθείας.
1615 2606 1777 2661 Ἀλλά
1831 2608 1925 2662 τὸν

328 2688 542 2756 χιτῶνα
568 2690 629 2743 οὐ
656 2690 916 2747 δύνανται
967 2698 1182 2766 τεμεῖν,
1214 2698 1306 2751 τὸν
1337 2701 1397 2752 ἐν
1440 2701 1554 2762 τοῖς
1583 2694 1706 2754 οὖσι
1739 2699 1923 2771 λόγον,

329 2779 463 2833 καθ’
499 2780 558 2835 ὃν
582 2784 651 2836 τά
676 2782 854 2839 πάντα
889 2785 1122 2858 ὑπέστη.
1157 2787 1278 2844 Κάν
1319 2789 1430 2861 γὰρ
1477 2795 1737 2865 μυριάκις
1778 2784 1927 2848 άπα-

328 2871 519 2942 τῶμαι
553 2875 661 2929 ὑπὸ
685 2877 797 2931 τῶν
856 2880 1124 2950 ρευστῶν,
1176 2882 1311 2937 ἀλλά
1368 2883 1532 2937 πάλιν
1574 2884 1926 2954 ἐπιγινώσκω

331 2965 478 3020 αὐτὰ
504 2968 704 3037 ῥευττά
724 2968 875 3034 ὄντα,
902 2972 994 3027 καὶ
1032 2973 1126 3027 τόν
1160 2974 1320 3044 λόγον
1352 2978 1448 3032 καὶ
1475 2977 1576 3051 τὴν
1605 2979 1798 3033 οὐσίαν
1815 2979 1926 3034 τῶν

329 3058 635 3132 ἀπατηλῶν
663 3064 759 3118 καὶ⁵
785 3069 1212 3140 παραρρεόντων
1235 3071 1334 3125 οὐκ
1361 3071 1565 3140 ἀγνοῶ.

414 3170 435 3203 ι
473 3154 536 3206 Οί
578 3155 679 3224 μὲν
710 3152 806 3212 οῦν
840 3161 1178 3231 στρατιῶται
1207 3163 1382 3217 ταῦτα
1411 3150 1699 3235 ἐποίησαν.
1730 3166 1927 3239 Είστή-

2023 2044 2193 2115 ligere
2239 2043 2366 2097 licet
2410 2056 2505 2112 per
2534 2041 2859 2097 vestimenta
2917 2038 3046 2095 Jesu
3089 2034 3358 2091 visibilem
3388 2043 3445 2088 et
3488 2046 3615 2101 pro-

2024 2143 2257 2215 positam
2287 2140 2426 2195 hanc
2453 2148 2788 2203 creaturam,
2811 2149 2975 2205 quam
3008 2135 3283 2188 daemones
3305 2128 3620 2200 partiuntur

2025 2236 2245 2308 quando
2298 2234 2355 2288 in
2406 2233 2564 2288 nobis
2622 2244 2932 2286 sermonem
2992 2228 3083 2282 Dei
3136 2225 3418 2280 occidunt.
3473 2221 3617 2276 Dant

2024 2329 2169 2382 enim
2221 2339 2449 2396 operam
2509 2331 2570 2378 ut
2622 2337 2725 2377 nos
2776 2335 2931 2376 suam
2997 2317 3202 2372 faciant
3252 2326 3462 2386 partem
3520 2327 3618 2383 per

2026 2418 2341 2474 aliectiones
2377 2415 2446 2471 ad
2477 2414 2790 2478 mundana;
2821 2412 2918 2467 sed
2960 2411 3195 2465 tunicam
3241 2423 3347 2462 non
3386 2413 3618 2477 possunt

2024 2511 2270 2568 dividere
2297 2508 2351 2564 in
2384 2508 2468 2563 his
2500 2521 2625 2578 quae
2655 2513 2785 2560 sunt
2813 2502 3084 2559 sermonis
3114 2515 3211 2570 per
3243 2513 3404 2570 quem
3427 2496 3617 2552 omnia

2027 2602 2321 2658 constituta
2372 2607 2520 2655 sunt.
2581 2596 2717 2651 Nam
2774 2595 2902 2651 licet
2963 2592 3229 2649 inlinities
3286 2588 3529 2658 decipiar
3585 2602 3621 2641 θ»
3738 2654 3745 2657 _

2027 2696 2185 2751 ﬂuxis
2209 2704 2263 2749 et
2289 2690 2640 2756 transitoriis,
2673 2691 2869 2745 iterum
2910 2696 3090 2742 tamen
3120 2698 3364 2757 agnosco
3397 2697 3461 2738 ea
3487 2695 3614 2737 esse

2028 2788 2368 2854 transitoria,
2400 2795 2458 2843 et
2492 2784 2758 2840 rationem
2791 2797 2856 2838 ac
2885 2779 3246 2837 substantiam
3277 2784 3615 2848 praetereun-

2030 2884 2163 2963 tium
2189 2893 2244 2939 et
2274 2882 2544 2939 fallacium
2587 2893 2693 2935 non
2728 2876 2941 2949 ignoro.

2101 3154 2268 3210 Vens.
2298 3151 2493 3208 24-27.
2528 3168 2550 3205 ι
2584 3148 2654 3206 Ει
2694 3149 2897 3205 milites
2928 3146 3150 3219 quidem
3193 3144 3310 3201 haec
3344 3141 3617 3197 fecerunt.

330 3262 531 3347 κεισαν
592 3247 651 3347 δέ
693 3250 846 3347 παρά
903 3252 982 3325 τῷ
1030 3254 1253 3327 σταυρῷ
1301 3255 1393 3310 τοῦ
1447 3257 1628 3329 Ἰησοῦ
1665 3259 1697 3329 ή
1741 3235 1922 3331 μήτηϋρ

2031 3248 2263 3304 Stabant
2310 3258 2491 3301 autem
2536 3245 2692 3314 juxta
2740 3257 2961 3299 crucem
3005 3239 3135 3294 Jesu
3183 3247 3356 3292 mater
3385 3235 3525 3306 ejus,
3564 3240 3621 3288 et

2366 3341 2378 3347 -
2472 3341 2485 3347 -
2591 3337 2634 3347 ..
2706 3337 2718 3347 .
2794 3335 2849 3347 η.
2961 3334 2973 3347 .
3134 3330 3227 3347 -..
3299 3330 3341 3347 .,
3383 3326 3569 3347 ..ωιΔ

329 3336 525 3403 αὐτοῦ,
564 3339 662 3393 καὶ
690 3342 725 3412 ἡ
776 3341 985 3413 ἀδελφὴ
1051 3348 1152 3418 τῆς
1203 3348 1411 3419 μητρὸς
1467 3350 1633 3404 αὐτοῦ
1668 3352 1860 3423 Μαρία
1889 3355 1924 3427 ἠ

327 3432 430 3486 τοῦ
468 3433 685 3500 Κλοπᾶ,
727 3436 825 3490 καὶ
880 3438 1071 3508 Μαρία
1102 3443 1136 3513 ἡ
1188 3442 1550 3518 Μαγδαληνή.
1597 3444 1802 3516 Ἰησοῦς
1833 3448 1925 3503 οὖν

336 3524 467 3578 ίδὼν
524 3526 627 3597 τὴν
667 3528 909 3600 μητέρα,
965 3533 1060 3588 καὶ
1099 3533 1192 3589 τὸν
1226 3535 1479 3608 μαθητὴν
1509 3540 1841 3607 παρεστῶτα
1866 3540 1925 3595 ὃν

328 3617 547 3691 ἠγάπα,
586 3619 735 3688 λέγει
772 3625 840 3696 τῇ
882 3626 1050 3697 μητρὶ
1084 3625 1252 3680 αὐτοῦ
1279 3642 1294 3657 ·
1340 3628 1529 3695 Γύναι,
1583 3631 1692 3685 ίδοὺ
1725 3633 1754 3686 ό
1809 3632 1925 3698 υἱός

335 3727 454 3766 σου.
483 3708 620 3766 Εἶτα
656 3713 809 3783 λέγει
843 3715 922 3787 τῷ
970 3717 1188 3790 μαθητῇ
1216 3735 1232 3751 ο
1294 3720 1429 3775 Ἰδοὺ
1478 3724 1512 3794 ἡ
1565 3724 1750 3795 μήτηρ
1805 3742 1921 3782 σου.

320 3802 448 3855 Καὶ
478 3802 577 3857 ἀπ’
616 3805 834 3876 ἐκείνης
877 3809 978 3876 τῆς
1010 3807 1161 3880 ῶρας
1192 3808 1386 3865 ἔλαϐεν
1419 3814 1448 3866 ό
1477 3814 1728 3887 μαθητὴς
1754 3816 1925 3890 αὐτὴν

335 3895 418 3957 είς
444 3895 514 3948 τὰ
541 3895 674 3951 ἴδια.
719 3916 738 3949 ι
775 3898 839 3951 Οἱ
879 3900 977 3968 μὲν
1003 3896 1101 3954 οῦν
1134 3904 1474 3975 στρατιῶται
1493 3907 1564 3960 τά
1585 3908 1685 3979 τῆς
1716 3910 1926 3976 οἰκείας

333 3984 600 4055 ἀνοησίας
644 3988 898 4044 ἐποίουν·
935 3992 1099 4058 αὐτὸς
1138 3994 1196 4049 δὲ
1243 3995 1344 4066 τῆς
1380 3998 1589 4069 μητρὸς
1621 4002 1924 4072 φροντίζει,

333 4077 606 4132 διδάσκων
634 4083 785 4150 ἡμᾶς
816 4083 945 4154 ἄχρι
1001 4088 1097 4140 καὶ
1136 4087 1237 4156 τῆς
1283 4089 1605 4156 τελευταίας
1646 4095 1926 4165 ἀναπνοῆς

335 4169 523 4222 πᾶσαν
557 4172 832 4259 ποιεῖσθαι
858 4176 1179 4245 ἐπιμέλειαν
1203 4180 1315 4234 τῶν
1336 4183 1775 4255 γεγεννηκότων.
1813 4185 1925 4239 Καὶ

332 4260 458 4332 ὅρα,
506 4261 626 4325 πῶς
668 4265 846 4319 οὐσῶν
884 4268 978 4321 καὶ
1015 4269 1193 4324 ἄλλων
1246 4274 1544 4342 γυναικῶν,
1609 4279 1779 4350 μόνης
1822 4281 1926 4350 τῆς

338 4356 547 4426 μητρὸς
580 4362 911 4428 προνοεῖται.
951 4363 1045 4416 Δεῖ
1090 4363 1201 4436 γάρ
1227 4366 1580 4437 ἐμποδίζουσι
1633 4372 1735 4443 μὲν
1787 4374 1926 4445 πρὸς

336 4445 651 4542 θεοσέϐειαν
717 4454 831 4517 τοῖς
902 4458 1263 4528 γεγεννηκόσι
1322 4461 1399 4533 μὴ
1448 4464 1778 4536 προσέχεινο
1846 4468 1924 4542 μὴ

229 4561 234 4565 ν
334 4540 693 4609 ἐμποδίζουσι
745 4544 827 4609 δέ,
858 4549 1040 4601 πᾶσαν
1086 4551 1266 4604 αὐτῶν
1305 4555 1561 4624 φροντίδα
1610 4540 1921 4615 ποιεῖσθαιλ

2029 3357 2187 3398 soror
2220 3341 2413 3395 matris
2437 3341 2559 3412 ejus
2591 3337 2756 3391 Maria
2789 3334 3065 3404 Cleophaa,
3098 3341 3153 3387 et
3179 3330 3348 3386 Maria
3383 3326 3618 3396 Magdaw

2031 3437 2174 3491 lene.
2214 3433 2350 3490 Cum
2389 3434 2618 3488 vidisset
2646 3445 2777 3498 ergo
2807 3415 2966 3486 Jésns
3002 3436 3233 3482 matrem
3278 3441 3343 3480 ac
3375 3423 3616 3491 discipu-

2031 3528 2141 3583 lum
2182 3534 2450 3582 astantem
2500 3537 2662 3595 quem
2713 3521 3006 3591 diligebat,
3055 3518 3191 3575 dicit
3245 3516 3405 3571 matri
3455 3527 3567 3569 sua:
3600 3528 3626 3566 ιθ

2031 3621 2224 3676 Mulier
2250 3661 2265 3682 ,
2319 3632 2448 3674 ecce
2490 3617 2633 3672 lilius
2680 3626 2825 3672 tuus.
2877 3610 3083 3668 Deinde
3124 3610 3259 3665 dicit
3302 3605 3615 3681 discipulos

2028 3713 2168 3769 Ecce
2210 3721 2382 3767 mater
2413 3721 2525 3766 tua.
2572 3709 2638 3763 Et
2659 3723 2724 3762 ex
2760 3707 2849 3761 illa
2880 3707 3011 3762 hora
3057 3702 3268 3771 accepit
3304 3715 3424 3755 eam
3456 3697 3621 3755 disci-

2028 3806 2187 3877 pulus
2233 3805 2287 3859 in
2335 3817 2454 3857 sna.
2496 3819 2515 3854 ι
2549 3799 2749 3854 Milites
2789 3797 3013 3869 quidem
3059 3795 3334 3850 faciebant
3376 3805 3475 3863 pro
3518 3805 3615 3846 sua

2030 3897 2370 3969 insipientia.
2394 3897 2516 3966 Ipse
2535 3903 2719 3949 autem
2753 3890 2947 3947 matris
2971 3905 3158 3945 curam
3183 3887 3368 3953 habet,
3415 3883 3619 3939 docens

2031 4007 2129 4047 nos
2176 4005 2349 4061 usque
2389 3987 2457 4043 ad
2487 3997 2794 4043 extremum
2842 3984 3097 4056 spiritum
3150 3994 3370 4037 omnem
3414 3978 3620 4034 habere

2029 4086 2228 4141 debere
2271 4099 2457 4139 curam
2500 4096 2689 4137 eorum
2736 4079 2831 4151 qui
2879 4094 2979 4134 nos
3020 4082 3343 4147 genuerunt.
3389 4072 3455 4126 Et
3495 4069 3621 4124 vide

2028 4173 2298 4246 quomodo
2327 4187 2449 4226 cmn
2476 4165 3205 4248 essentvet‘alize-mulieres,
3228 4161 3399 4218 solius
3425 4158 3619 4215 matris

2030 4288 2217 4332 curam
2269 4281 2412 4341 agat.
2461 4268 2598 4325 Nam
2648 4276 2887 4338 oportet
2920 4265 3139 4336 quidem
3191 4259 3516 4333 parentibus
3546 4256 3615 4313 ad

2029 4370 2286 4439 pietatem
2333 4363 2745 4420 obsistentibus
2777 4371 3146 4427 non-parere,
3193 4369 3301 4410 non
3351 4351 3620 4409 obsisten-

2031 4463 2175 4518 tibus
2208 4468 2389 4516 autem
2436 4457 2583 4510 omni
2621 4468 2755 4510 cura
2787 4452 3036 4517 servire;
3069 4449 3213 4505 sicut
3235 4457 3292 4502 et
3328 4446 3448 4518 ipse
3489 4459 3617 4501 cum

2031 4559 2294 4626 migraret
2339 4568 2369 4607 e
2401 4552 2534 4615 vita,
2571 4548 2715 4620 quod
2760 4545 3058 4602 verisimile
3099 4550 3220 4599 erat
3257 4552 3486 4598 matrem
3516 4539 3620 4595 do-

334 4634 526 4706 ῶσπερ
577 4632 672 4691 οῦν
706 4641 801 4692 καὶ
855 4641 1042 4707 αὐτὸς,
1085 4645 1276 4718 ἐπειδὴ
1323 4648 1601 4721 ἀπεδήμει
1646 4652 1742 4707 τοῦ
1779 4653 1919 4726 βίου,

2028 4649 2142 4703 lere
2174 4656 2229 4701 et
2278 4643 2588 4715 praesidium
2639 4639 2941 4708 requirere,
2985 4633 3325 4691 concredidit
3351 4631 3618 4703 discipulo

336 4728 432 4781 καὶ
459 4728 561 4798 τὴν
602 4732 817 4803 μητέρα
840 4733 988 4797 είκδς
1014 4731 1081 4805 ἦν
1105 4736 1294 4804 ἀλγεῖν
1325 4741 1419 4794 καὶ
1452 4741 1553 4815 τὴν
1586 4747 1922 4816 προστασίαν

2030 4738 2410 4813 praefecturam
2449 4738 2584 4808 ejus.
2621 4731 2868 4789 Occultat
2899 4738 3078 4786 autem
3108 4729 3389 4801 proprium
3420 4740 3617 4783 nomen

333 4823 636 4895 ἐπιζητεῖν,
676 4827 972 4897 ἐγχειρίζει
1022 4828 1099 4901 τῷ
1150 4831 1372 4906 μαθητῇ
1427 4836 1530 4904 τὴν
1584 4841 1924 4909 προστασίαν

334 4915 529 4984 αὐτῆς,
576 4917 953 4991 Ἀποκρύπτει
985 4921 1041 4975 δέ
1072 4923 1134 4976 τδ
1172 4927 1374 4981 οἰκεῖον
1408 4927 1582 4999 ὄνομα
1634 4933 1923 5004 εὐαγγελι-

337 5008 488 5074 στὴς,
525 5010 860 5079 μετριάζων.
904 5013 968 5066 Ei
1002 5013 1113 5085 γὰρ
1145 5016 1403 5072 ἐϐούλετο
1432 5020 1765 5090 κομπάζειν,
1825 5025 1923 5079 καὶ

334 5097 430 5168 τὴν
459 5100 644 5190 αἰτίαν
679 5102 1020 5174 προσέθηκεν
1050 5105 1138 5172 ἂν,
1180 5107 1248 5162 δι’
1281 5109 1348 5181 ἢν
1372 5109 1654 5181 ἠγαπᾶτο.
1681 5115 1792 5168 Καὶ
1812 5116 1922 5190 γὰρ

334 5190 480 5282 εἰκὸς
510 5187 581 5263 ἦν
610 5193 856 5265 μεγάλην
885 5197 1009 5251 τινὰ
1039 5193 1180 5254 εἶναι
1204 5201 1412 5276 ταύτην
1447 5204 1543 5258 καὶ
1574 5187 1921 5282 θαυμαστήν.

334 5281 508 5387 Βαϐαὶ
545 5287 604 5340 δὲ
640 5288 758 5387 πῶς
791 5290 956 5361 ἐτίμα
993 5291 1086 5347 τὸν
1122 5293 1395 5367 μαθητὴν,
1441 5297 1673 5368 ἀδελφδν
1725 5281 1923 5357 ἑαυτοῦ

332 5379 523 5429 τοῦτον
552 5379 876 5448 ποιούμενος
907 5382 920 5435 ί
955 5382 1116 5437 Οῦτω
1153 5385 1317 5439 καλὸν
1340 5386 1420 5458 τῷ
1453 5386 1521 5461 [ﬂ
1550 5388 1635 5462 τδ]
1670 5392 1925 5464 παραμέ-

333 5484 445 5522 νειν
479 5468 701 5540 Χριστῷ
735 5472 1027 5544 πάσχοντιο
1081 5478 1161 5542 εἰς
1210 5479 1551 5552 ἀδελφότητα
1585 5484 1695 5556 γὰρ
1749 5485 1917 5541 αὑτοῦ

334 5560 479 5629 ἄγει.
514 5561 808 5633 Θαύμασον
833 5566 910 5633 δὲ,
938 5568 1056 5631 πῶς
1084 5572 1143 5625 ἐν
1174 5571 1255 5642 τῷ
1298 5575 1522 5647 σταυρῷ
1567 5577 1747 5633 πάντα
1776 5579 1916 5634 ἀτα-

339 5652 521 5724 ράχως
572 5659 741 5724 ποιεῖ,
782 5658 883 5729 τῆς
916 5662 1127 5733 μητρὸς
1179 5666 1522 5737 φροντίζων,
1573 5671 1918 5741 προφητείας

335 5744 584 5816 πληρῶν,
615 5748 694 5819 τῷ
725 5747 898 5825 λῃστῇ
938 5755 1269 5827 παράδεισον
1293 5759 1524 5831 ἀνοίγων
1551 5778 1566 5794 ·
1596 5761 1703 5837 πρὸ
1734 5762 1792 5818 δέ
1820 5763 1915 5819 τοῦ

412 5928 452 5959 ⁸⁸
486 5928 620 5989 Luc.
661 5949 700 6004 ι,
730 5936 824 5993 55.
906 5939 946 5971 ”
980 5937 998 5993 l
1032 5938 1159 5997 Cor.
1194 5957 1232 6010 ι,
1272 5941 1360 6002 15.

2029 4830 2388 4900 evangelista,
2429 4826 2711 4883 modestia;
2749 4823 2947 4894 gratia.
2983 4820 3118 4876 Nam
3149 4820 3194 4877 si
3225 4820 3487 4876 voluisset
3525 4830 3617 4870 ar-

2028 4937 2395 4998 rogansesse,
2419 4934 2637 4975 causam
2658 4920 2826 4973 etiam
2853 4915 3192 4986 apposuisset
3215 4921 3435 4983 propter
3454 4922 3615 4978 quam

2026 5019 2219 5073 fuisset
2270 5014 2520 5069 dilectus.
2573 5010 2792 5066 Etenim
2843 5005 3309 5063 verisimileverat
3358 5015 3615 5070 magnam

2026 5110 2318 5183 quamdam
2352 5107 2511 5162 istam
2536 5118 2660 5159 esse
2688 5114 2744 5158 et
2776 5099 3106 5156 mirabilem.
3132 5096 3253 5152 1am
3296 5111 3448 5166 papa
3478 5109 3618 5164 quo-

2025 5205 2187 5261 modo
2216 5204 2451 5259 honorat
2478 5197 2831 5268 discipulum,
2856 5194 3083 5250 fratrem
3117 5206 3274 5247 suum
3299 5190 3449 5245 illum
3482 5186 3620 5244 faci-

2023 5315 2123 5356 ens
2141 5300 2183 5354 Τ
2198 5298 2382 5367 Usque
2422 5294 2562 5350 adeo
2596 5292 2794 5348 bonum
2838 5300 2922 5345 est
2952 5300 3177 5344 manere
3227 5282 3369 5353 apud
3397 5282 3615 5353 patien-

2021 5400 2131 5448 tem
2164 5389 2487 5456 Christum;
2533 5400 2658 5440 nam
2701 5384 2757 5439 in
2806 5380 3208 5438 fraternitatem
3261 5373 3405 5429 illius
3439 5372 3614 5430 ducit.

2023 5484 2312 5538 Admirare
2357 5454 2537 5535 autem
2583 5474 2857 5548 quomodo
2893 5472 2945 5526 in
2983 5482 3148 5524 cruce
3177 5465 3361 5523 omnia
3405 5466 3637 5537 absque
3742 5454 3753 5469 ’

2027 5574 2337 5631 turbatione
2385 5571 2539 5637 facit,
2580 5567 2771 5625 matris
2818 5577 3008 5619 curam
3063 5573 3254 5632 agens,
3298 5558 3640 5631 prophetiss-

2027 5668 2281 5740 impletis,
2332 5660 2880 5735 latroni-paradisum
2918 5651 3195 5726 aperiens,
3236 5660 3365 5710 ante
3392 5665 3612 5709 crucem

2027 5773 2207 5818 autem
2236 5759 2510 5826 laborans,
2544 5754 2745 5812 sudans
2776 5751 2968 5808 anxius
3005 5767 3018 5806 :
3047 5758 3211 5821 atque
3242 5748 3358 5804 hate
3391 5744 3625 5818 quidem
