4056 6606
463 404 573 470 283

1345 409 1925 472 THEOPHYLACTI
1968 411 2378 474 BULGARI/E
2415 413 2776 476 ARCHIEP.

3610 412 3727 474 284

465 522 610 592 quod
663 529 913 578 versatur
941 521 1045 578 nisi
1083 522 1208 594 quid
1241 522 1472 581 obsistat
1501 542 1608 581 non
1651 527 1867 583 absistit
1893 543 1923 582 a
1951 542 2034 583 suc

2155 527 2492 597 στρατιώτου
2542 529 2622 590 είς
2665 529 2838 583 τύπον
2885 527 3001 582 ἐστὶ
3035 529 3130 600 τῆς
3177 527 3556 600 στρεφομένης
3599 531 3742 598 ῥομ-

466 626 657 677 cursu,
691 611 951 669 Dominus
985 616 1279 671 ostendens
1311 620 1453 687 quod
1490 620 1858 687 rhomphacam
1895 620 2040 674 illam

466 704 644 769 sistat,
669 707 924 775 supponit
942 707 997 762 in
1020 708 1190 778 iigura
1213 709 1352 766 latus
1384 711 1603 766 framea:
1626 713 1836 774 militis,
1863 722 2045 767 osten-

465 796 599 851 dens
637 798 793 851 nobis
824 800 966 868 quod
995 799 1137 855 sicut
1169 802 1371 856 framea
1407 803 1598 857 militis
1634 803 1854 874 appulsa
1886 805 2041 860 lateri

463 889 633 952 Stetit,
665 892 736 942 ita
763 898 811 944 et
840 889 1088 947 ﬂammea
1120 893 1302 956 stabit,
1331 905 1384 948 et
1415 912 1520 950 non
1554 895 1693 950 ultra
1725 897 2040 950 intermitte-

464 985 651 1045 tur,‘et
676 983 924 1038 versione
947 998 1043 1038 sua
1069 994 1362 1050 exterreat,
1383 988 1712 1056 prohibendo
1737 987 2036 1056 ingressum

460 1070 516 1126 in
551 1075 885 1142 paradisum.
925 1074 1340 1134 Confundantur
1380 1079 1644 1142 Armenii,
1679 1082 1770 1149 qui
1804 1095 1911 1134 non
1940 1079 2038 1134 ad-

460 1165 691 1220 miscent
719 1166 772 1220 in
803 1169 1074 1238 mysteriis
1120 1185 1318 1241 aquam
1371 1171 1516 1226 vino.
1551 1170 1667 1225 Non
1717 1174 1862 1225 enim
1917 1187 2041 1226 cre-

458 1254 613 1324 dunt,
646 1268 702 1312 ut
737 1259 972 1326 videtur,
1017 1262 1162 1332 quod
1216 1277 1356 1332 aqua
1387 1279 1450 1317 ex
1481 1263 1649 1319 latere
1688 1278 1905 1334 egressa
1943 1264 2037 1329 sit,

459 1349 604 1415 quod
637 1349 1036 1419 admirabilius,
1085 1352 1250 1424 756
1287 1353 1382 1409 scd
1432 1354 1654 1425 sanguis
1706 1363 1940 1409 tantum.
1974 1354 2042 1408 Et

460 1439 563 1495 hoc
581 1441 701 1497 loco
722 1444 1009 1500 destruunt
1031 1447 1206 1517 majus
1231 1447 1576 1503 miraculum.
1608 1448 1793 1518 itaque
1819 1447 2044 1520 sanguis

455 1532 761 1602 symbolum
815 1538 962 1606 quod
1013 1536 1175 1594 homo
1227 1540 1302 1594 sit
1339 1539 1384 1595 is
1412 1541 1505 1610 qui
1549 1540 1848 1596 cruciﬁxus
1907 1549 2031 1594 est:

457 1640 596 1693 aqua
635 1641 791 1694 vero,
842 1633 985 1700 quod
1042 1632 1088 1687 is
1134 1633 1208 1687 sit
1263 1648 1428 1705 super
1484 1633 1800 1701 hominem,
1849 1633 1902 1688 id
1951 1641 2035 1689 est

462 1714 623 1770 Deus.
988 1721 1003 1746 ³

2142 617 2326 687 φαίας,
2353 618 2448 672 καὶ
2473 619 2791 690 κωλυούσης
2819 621 2967 690 ἡμᾶς
2988 619 3053 673 ἐκ
3077 618 3171 673 τοῦ
3199 619 3552 689 παραδείσου.
3580 620 3742 674 Ἐπεὶ

2139 710 2196 763 δὲ
2229 711 2338 763 πᾶν
2368 711 2427 763 τὸ
2461 713 2830 782 στρεφόμενον
2866 713 2962 765 ἐὰν
3005 713 3078 781 μή
3118 728 3228 764 τινι
3264 711 3601 783 συγκρούσῃ,
3634 713 3740 782 οὐχ

2143 801 2359 854 ἵσταται
2401 802 2496 855 τοῦ
2545 803 2676 856 ίδίου
2735 803 2938 873 δρόμου
2963 818 2976 832 ·
3017 802 3045 853 ό
3075 801 3278 871 Κύριος
3317 803 3604 866 δεικνύων,
3645 804 3738 856 ὅτι

2144 893 2246 963 τὴν
2281 893 2556 964 ῥομφαίαν
2599 895 2818 965 εκείνην
2875 895 3087 964 στήσει,
3125 895 3449 963 ὑποτίθησιν
3491 897 3548 948 ὲν
3580 894 3739 962 τόπῳ

2145 985 2243 1057 τὴν
2280 987 2518 1056 πλευρὰν
2539 989 2601 1058 τῇ
2627 987 2719 1040 τοῦ
2760 991 3095 1058 στρατιώτου
3129 987 3374 1060 ῥομφαία
3395 1004 3410 1020 ο
3439 988 3524 1041 ἵνα
3545 987 3738 1058 δειχθῇ

2144 1076 2299 1144 ἡμῖν,
2331 1076 2414 1128 ὅτι
2469 1075 2659 1146 ὥσπερ
2684 1078 2716 1144 ἡ
2745 1076 2840 1128 τοῦ
2891 1077 3227 1145 στρατιώτου
3276 1073 3737 1146 προσερεισθεῑσα

2143 1167 2208 1234 τῇ
2240 1163 2446 1236 πλευρᾷ
2476 1164 2630 1234 ἔστη,
2664 1164 2809 1218 οὕτω
2853 1165 2946 1218 καὶ
2975 1166 3008 1234 ἡ
3040 1164 3268 1234 φλογίνη
3313 1165 3594 1233 στήσεται,
3633 1162 3740 1215 καὶ

2141 1257 2242 1310 ούκ
2271 1255 2352 1309 ἔτι
2376 1257 2466 1310 διὰ
2491 1256 2584 1310 τοῦ
2617 1257 2948 1328 στρέφεσθαι
2993 1256 3316 1320 ἀπειλοῦσα,
3347 1255 3442 1308 καὶ
3473 1254 3739 1323 ἐκδειμα-

2139 1347 2309 1401 τοῦσα
2327 1349 2426 1418 τὴν
2450 1348 2675 1408 εἴσοδον.
2699 1348 3017 1402 ἀποκλείσει
3037 1347 3129 1402 τοῦ
3150 1347 3505 1419 παραδείσου.
3530 1347 3740 1415 Αἰσχυ-

2142 1439 2424 1494 νέσθωσαν
2487 1439 2792 1509 Ἀρμένιοι,
2848 1439 2897 1492 οί
2942 1441 3017 1510 μὴ
3073 1440 3525 1511 παρακιρνῶντες
3583 1436 3736 1507 ὕδωρ

2142 1532 2220 1603 τῷ
2248 1533 2376 1602 οῐνῳ
2407 1534 2466 1586 ἐν
2494 1535 2608 1595 τοῖς
2635 1533 2980 1603 μυστηρίοις.
3005 1532 3079 1585 Οὐ
3114 1531 3224 1602 γὰρ
3259 1531 3631 1592 πιστεύουσιν,
3651 1528 3736 1592 ὡς

2141 1629 2341 1693 ἔοικεν,
2376 1627 2456 1680 ὅτι
2489 1626 2583 1680 καὶ
2629 1625 2772 1696 ὕδωρ
2808 1625 3072 1697 ἐξηνέχθη
3104 1626 3205 1696 τῆς
3227 1626 3492 1696 πλευρᾶς,
3530 1623 3591 1676 τὸ
3619 1640 3737 1675 πα-

2146 1716 2520 1790 ραδοξότερον,
2585 1717 2722 1771 ἀλλὰ
2777 1717 2938 1787 μόνον
2982 1711 3142 1786 αἷμα,
3193 1713 3488 1770 κάντεῦθεν
3531 1713 3735 1768 καθαι-

454 1808 610 1880 ροῦσι
655 1810 718 1865 τὸ
768 1812 951 1868 πλεῖον
1023 1812 1122 1892 τοῦ
1173 1814 1473 1887 θαύματος.
1546 1817 1621 1872 Τὸ
1672 1817 1773 1889 μὲν
1823 1814 1921 1871 οῦν
1966 1809 2108 1887 αἷμα
2147 1813 2419 1886 σύμῦολον
2469 1813 2564 1867 τοῦ
2614 1807 2754 1868 εἶναι
2815 1811 3108 1884 ἄνθρωπον
3155 1811 3247 1866 τὸν
3305 1811 3734 1884 σταυρωθέντα,

450 1905 514 1958 τὸ
540 1905 597 1958 δὲ
628 1905 774 1978 ὕδωρ
831 1909 973 1981 ὑπὲρ
1007 1909 1319 1980 ἄνθρωπον,
1346 1912 1442 1967 τοῦ
1473 1909 1616 1968 εἶναι
1643 1915 1800 1971 Θεόν.

3487 1901 3504 1944 ι

532 1997 698 2055 Vsus.
739 2000 928 2056 35-57.
966 2022 984 2055 ι
1030 2002 1095 2057 Ει
1123 2003 1215 2071 qui
1262 2003 1420 2072 vidit,
1450 2005 1816 2062 testimonium
1862 2003 2034 2074 perhi-

2222 2022 2240 2054 ι
2270 2000 2377 2054 Kal
2406 2003 2432 2054 ό
2463 1998 2726 2071 ἑωρακὼς
2762 2000 3184 2071 μεμαρτύρηκε,
3209 1999 3303 2054 καὶ
3333 1998 3560 2069 ἀληθινή
3585 2001 3735 2054 ἐστιν

453 2090 588 2153 buit,
623 2100 678 2146 et
705 2107 890 2147 verum
939 2104 1024 2150 est
1079 2095 1445 2151 testimonium
1499 2097 1636 2169 ejus,
1686 2105 1742 2154 et
1789 2097 1882 2153 ille
1931 2098 2037 2154 scit

452 2184 596 2251 quod
624 2198 752 2238 vera
783 2185 933 2249 dicit,
967 2195 1025 2241 ut
1045 2197 1101 2242 et
1126 2203 1222 2244 vos
1248 2190 1503 2246 credatis.
1535 2191 1701 2247 Facta
1733 2198 1862 2247 sunt
1887 2191 2032 2247 enim

455 2277 570 2330 haec
611 2284 668 2330 ut
700 2276 980 2346 Scriptura
1023 2281 1380 2351 impleretur:
1405 2283 1478 2339 0s
1504 2299 1610 2340 non
1635 2285 2037 2341 comminuetur

457 2382 522 2422 ex
548 2382 634 2423 eo.
669 2369 733 2424 Et
766 2386 956 2428 rursus
1000 2373 1104 2427 alia
1158 2374 1438 2443 Scriptura
1473 2377 1603 2432 dicit
1633 2394 1648 2432 :
1677 2377 1953 2434 Videbunt
1979 2379 2033 2434 in

452 2475 614 2527 quem
668 2472 1038 2534 pupugerunt.
1085 2484 1104 2518 ι
1143 2465 1259 2521 Non
1295 2468 1364 2523 ab
1398 2468 1542 2536 aliis,
1590 2469 1788 2541 inquit,
1831 2471 2035 2537 audivi,

450 2550 542 2606 sed
577 2553 692 2622 ipse
719 2569 957 2624 praesens
986 2557 1116 2624 vidi,
1153 2576 1172 2610 ι
1202 2569 1257 2615 et
1283 2575 1469 2615 verum
1495 2571 1579 2617 est
1605 2564 2028 2619 testimonium.)

450 2643 661 2700 Merito.
697 2647 956 2718 lnjuriam
1011 2649 1153 2704 enim
1195 2661 1416 2706 enarrat
1449 2651 1673 2721 factam,
1705 2664 1758 2709 et
1782 2670 1887 2712 non
1917 2670 2036 2711 ma-

451 2751 617 2808 gnum
676 2737 761 2793 vel
814 2741 1170 2796 honorilicum
1234 2743 1460 2812 aliquid,
1520 2753 1579 2800 ut
1631 2757 1917 2816 suspectus
1963 2749 2036 2806 sit

449 2842 666 2896 sermo;
725 2831 818 2886 sed
879 2843 1099 2903 propter
1151 2833 1287 2901 hoc,
1343 2835 1538 2906 inquit,
1592 2838 1711 2896 haec
1757 2841 2038 2913 diligenter

449 2935 669 2985 enarro,
698 2930 754 2976 et
787 2938 848 2978 ea
877 2939 998 2994 quae
1044 2926 1400 2994 ignominiosa
1439 2929 1690 2987 videntur
1710 2933 1765 2990 in
1799 2936 2032 2992 medium

449 3011 644 3077 aﬂ'ero,
677 3022 734 3068 ut
762 3024 816 3069 et
849 3031 942 3073 vos
982 3019 1244 3085 credatis,
1296 3029 1553 3091 tanquam
1601 3025 1826 3081 omnino
1860 3025 2034 3092 veris,

451 3110 505 3154 et
535 3116 640 3156 non
670 3104 736 3157 ad
761 3105 990 3174 gratiam
1023 3107 1184 3164 lictis.
1216 3108 1352 3166 Nam
1377 3113 1470 3183 qui
1512 3114 1578 3168 ad
1607 3115 1836 3182 gratiam
1862 3115 2040 3186 loqui-

451 3201 564 3259 tur,
620 3195 855 3266 gloriosa
907 3199 1081 3268 magis
1127 3203 1299 3272 ponit.
1349 3202 1485 3271 Quia
1539 3215 1716 3262 autem
1762 3217 1815 3263 et
1861 3207 2036 3264 Moses

455 3286 673 3357 dignior
703 3287 807 3344 ﬁde
839 3304 898 3345 se
929 3292 1236 3360 videbatur,
1289 3297 1508 3353 adducit
1555 3307 1610 3353 et
1640 3298 1783 3354 hunc
1815 3309 2030 3357 testem.

452 3377 606 3443 Quod
635 3381 779 3436 enim
822 3381 912 3439 ille
940 3384 1080 3440 dixit
1118 3386 1188 3442 de
1227 3402 1368 3458 agno
1405 3389 1498 3460 qui
1549 3383 1934 3448 immolabatur
1977 3394 2030 3450 in

452 3469 681 3534 Pascha.
715 3475 856 3544 quod
889 3494 908 3528 ι
942 3479 1014 3533 Os
1037 3492 1143 3533 non
1180 3479 1556 3553 confringetur
1581 3483 1647 3553 ",
1685 3501 1704 3535 ι
1730 3483 1833 3540 hoc
1858 3484 2034 3556 inquit

451 3563 783 3635 evangelista
815 3567 869 3623 in
903 3567 1123 3626 Christo
1157 3570 1436 3641 impletum
1484 3587 1606 3630 esse
1635 3591 1650 3628 :
1680 3590 1852 3646 agnus
1885 3578 2031 3633 enim

453 3651 543 3707 ille
573 3654 732 3725 hujus
771 3667 890 3712 erat
938 3658 1133 3728 ﬁgura.
1163 3659 1230 3716 Et
1262 3662 1430 3716 multa
1463 3671 1546 3719 est
1576 3666 1826 3732 cognatio
1851 3649 2033 3738 iiguraa

452 3744 520 3799 ad
554 3747 858 3803 veritatem.
893 3749 1148 3821 itnpletur
1179 3761 1355 3810 autem
1388 3765 1444 3810 et
1474 3755 1576 3809 alia
1605 3757 1882 3827 prophetia
1913 3775 2034 3829 quas

455 3837 604 3903 dicit,
635 3857 654 3891 ι
696 3838 970 3897 Videbunt
1014 3845 1068 3898 in
1111 3860 1271 3913 quem
1322 3858 1683 3918 pupugerunt.
1735 3867 1754 3901 ι
1807 3849 2034 3917 Quando

450 3930 596 3984 enim
646 3942 908 3987 venturus
953 3945 1036 3989 est
1064 3936 1331 4003 judicare,
1366 3945 1498 3992 tunc
1534 3939 1792 3996 videbunt
1823 3955 1948 3996 eum
1977 3942 2030 3997 in

453 4037 680 4090 corpore
722 4025 943 4082 meliore
975 4039 1026 4083 et
1057 4028 1360 4096 diviniore,
1409 4040 1464 4085 et
1498 4043 1827 4102 cognoscent
1855 4034 1908 4088 hi
1937 4035 2031 4105 qui

453 4128 793 4186 pupugerunt
825 4117 902 4183 “',
929 4134 993 4174 ac
1036 4119 1314 4190 lugebunt.
1363 4121 1590 4192 Insuper
1615 4135 1668 4180 et
1694 4127 1780 4180 his
1803 4127 1894 4196 qui
1923 4142 2032 4182 non

453 4207 711 4262 credituri
738 4219 915 4272 erant,
949 4211 1071 4267 ﬁdei
1109 4215 1274 4282 lanna
1304 4223 1360 4268 et
1386 4215 1644 4270 indicium
1674 4215 1780 4272 fuit
1809 4218 1859 4273 id
1888 4221 2032 4289 quod

452 4297 522 4354 ab
551 4299 784 4356 inimicis
811 4313 896 4357 est
921 4313 1270 4374 attentatum,
1298 4315 1358 4361 ut
1387 4307 1631 4365 Thomas.
1661 4309 1795 4365 Nam
1823 4326 1920 4382 per
1950 4311 2034 4366 la-

455 4395 544 4442 tus
593 4387 753 4443 ﬁdem
797 4394 1215 4450 resurrectionis
1252 4398 1482 4468 accepit.
1515 4398 1589 4454 0s
1635 4401 1858 4471 quidem
1899 4399 2030 4457 Jesu

452 4495 560 4533 non
587 4483 905 4551 conteritur,
942 4485 1080 4542 latus
1112 4497 1290 4543 autem
1328 4491 1444 4556 ejus
1466 4493 1696 4547 scaturit
1725 4494 1878 4549 nobis
1906 4493 2031 4549 fon-

401 4605 410 4612 -
454 4581 555 4638 tes,
589 4576 877 4630 essentiam
909 4587 962 4632 et
989 4580 1154 4632 vitam
1191 4580 1346 4636 nobis
1375 4582 1584 4637 dantes.
1621 4584 1775 4654 Aqua
1807 4585 2028 4655 quidem

2140 2091 2173 2160 ἡ
2213 2092 2491 2163 μαρτυρία
2524 2089 2688 2146 αὐτοῦ
2713 2107 2729 2122 ·
2759 2092 3014 2155 κάκεῖνος
3060 2089 3202 2145 οἶδεν
3231 2091 3311 2145 ὅτι
3343 2091 3515 2161 ἀληθῆ
3557 2091 3729 2160 λέγει,

2138 2181 2224 2234 ῐνα
2257 2182 2352 2234 xal
2397 2183 2557 2252 ὑμεῖς
2606 2181 2958 2252 πιστεύσητε.
3010 2183 3262 2251 Ἐγένετο
3308 2182 3365 2235 δὲ
3402 2183 3596 2247 ταῦτα,
3643 2182 3734 2236 ἵνα

2135 2274 2169 2342 ὴ
2216 2273 2407 2344 Γραφὴ
2457 2273 2759 2346 πληρωθῇο
2823 2274 3049 2330 Ὀστοῦν
3078 2275 3138 2329 οὒ
3174 2276 3594 2348 συντριϐήσεται
3633 2275 3730 2330 ἀπ’

2135 2363 2325 2422 αὑτοῦ.
2357 2366 2469 2419 Kal
2494 2365 2660 2421 πάλιν
2693 2367 2859 2438 ἑτέρα
2894 2368 3090 2440 Γραφὴ
3126 2368 3304 2438 λέγει’
3349 2367 3614 2437 Ὄψονται
3649 2369 3732 2431 είς

2138 2455 2198 2512 ὃν
2228 2457 2616 2531 ἐξεκέντησαν.
2659 2478 2678 2513 ι
2717 2460 2792 2513 Οὐ
2829 2460 2963 2532 παρ’
3010 2462 3235 2530 ἑτέρων,
3266 2463 3451 2530 φησὶν,
3491 2461 3728 2532 ἥκουσα,

2135 2547 2252 2602 ἀλλ’
2281 2547 2444 2613 αὐτὸς
2480 2547 2672 2620 παρὼν
2705 2545 2867 2616 εἶδον,
2905 2569 2924 2603 ‹
2965 2552 3062 2605 καὶ
3095 2551 3303 2622 ἀληθής
3333 2553 3481 2604 ἐστιν
3511 2553 3545 2622 ἡ
3577 2569 3726 2622 μαρ-

2135 2640 2317 2712 τυρία.
2359 2659 2378 2694 ι
2419 2641 2680 2706 Εἰκότως.
2715 2642 2915 2714 ’Υόριν
2948 2643 3058 2714 γὰρ
3097 2644 3398 2715 γενομένην
3427 2641 3731 2713 ἐξηγεῖται,

2135 2731 2253 2790 ἀλλ’
2283 2735 2344 2788 ού
2385 2733 2529 2804 μέγα
2572 2751 2624 2788 τι
2653 2735 2750 2789 καὶ
2799 2735 3042 2806 ἔντιμον,
3097 2735 3186 2790 ἵνα
3235 2737 3586 2806 ὑποπτεύσῃς
3637 2737 3736 2790 τὸν

2137 2826 2297 2895 λόγον
2317 2840 2333 2857 ·
2369 2825 2505 2882 ἀλλὰ
2530 2828 2619 2881 διὰ
2647 2827 2827 2893 τοῦτο,
2865 2830 3020 2898 φησὶ,
3044 2829 3215 2882 ταῦτα
3237 2831 3306 2882 ἀκ
3316 2828 3596 2900 ριὸοὶογοῦ
3605 2848 3732 2900 μαι,

2136 2919 2234 2973 καλ⁸
2266 2917 2336 2972 τὰ
2363 2918 2668 2988 ὲφύϐριστα
2713 2919 2976 2974 δοκοῦντα
3007 2922 3088 2984 είς
3135 2921 3300 2991 μέσον
3339 2923 3599 2992 παράγω,
3640 2923 3730 2975 ἵνα

2138 3012 2298 3082 ὑμεῖς
2326 3011 2655 3084 πιστεύσητε
2680 3011 2756 3078 ὡς
2790 3012 3018 3086 ἀληθέσι
3043 3013 3282 3077 πάντως,
3312 3013 3406 3066 καὶ
3434 3015 3556 3084 οὐχὶ
3587 3014 3728 3084 πρὸς

2137 3104 2299 3177 χάριν
2339 3105 2699 3161 συντεθεῖσιν.
2771 3105 2833 3161 '0
2883 3107 2995 3176 7&9
3039 3106 3174 3175 πρὸς
3229 3104 3388 3178 χάριν
3441 3107 3614 3173 λέγων
3659 3109 3728 3160 τὰ

2135 3197 2324 3265 ἔνδοξα
2360 3200 2560 3270 μᾶλλον
2590 3199 2824 3273 τίθησιν.
2860 3199 3016 3254 Ἐπεὶ
3042 3200 3098 3254 δὲ
3127 3203 3154 3254 ὁ
3182 3201 3386 3270 Μωσῆς
3417 3199 3732 3265 ἀξιοπιστό-

2137 3310 2296 3363 τερος
2323 3292 2491 3348 αὑτοῦ
2519 3293 2716 3363 ἐδόκει,
2747 3293 2987 3365 παράγει
3009 3297 3101 3348 καὶ
3128 3294 3319 3348 τοῦτον
3349 3297 3627 3367 μάρτυρα.
3659 3297 3726 3350 ⁸0

2138 3386 2249 3457 γὰρ
2284 3379 2441 3440 εἶπεν
2493 3385 2703 3452 ἐκεῖνος
2741 3387 2990 3459 περὶτοῦ
3017 3388 3076 3441 ὲν
3102 3387 3178 3458 τῷ
3216 3389 3408 3458 Πάσχα
3457 3388 3727 3459 θυομένου

2136 3477 2338 3548 ἀμνοῦ,
2378 3496 2399 3531 r
2445 3478 2672 3534 Ὀστοῦν
2705 3480 2767 3533 ού
2819 3480 3266 3551 συντρισήσεται,
3306 3500 3325 3532 ι
3363 3481 3521 3534 τοῦτό
3555 3497 3727 3552 φησιν

2137 3567 2590 3640 ὁεύαγγελιστὴς
2648 3568 3006 3640 πληρωθῆναι
3051 3569 3144 3622 ἐπὶ
3191 3569 3453 3639 Χριστοῦ.
3501 3568 3562 3622 Ὀ
3616 3569 3731 3641 γὰρ

2135 3658 2310 3729 ἀμνὸς
2357 3659 2586 3724 ἐκεῖνος,
2622 3658 2817 3713 τούτου
2852 3659 3023 3723 τύπος
3059 3653 3126 3728 ἦν
3151 3674 3167 3692 ·
3203 3661 3296 3712 καὶ
3330 3659 3499 3729 πολλὴ
3527 3660 3560 3730 ὴ
3594 3673 3728 3727 συγ-

2135 3751 2322 3819 γένεια
2351 3751 2542 3805 τούτου
2587 3751 2726 3824 πρὸς
2763 3750 2865 3821 τὴν
2896 3751 3183 3823 ἀλήθειαν.
3215 3749 3524 3823 Πληροῦται
3549 3750 3607 3804 δὲ
3630 3750 3726 3804 καὶ

2135 3842 2300 3913 ἑτέρα
2329 3841 2640 3914 προφητεία
2668 3844 2703 3914 ἡ
2756 3842 3023 3913 λέγουσαο
3065 3859 3086 3894 ι
3127 3841 3388 3911 Ὄψονται
3417 3842 3497 3904 είς
3547 3841 3607 3894 ὃν
3637 3839 3727 3907 ἐξ·

2134 3931 2493 4000 εκέντησαν.»
2528 3931 2659 3986 Ὀτε
2690 3931 2802 4003 7&9
2837 3931 3055 4002 ἔρχεται
3102 3933 3309 4004 κρῖναι,
3345 3930 3469 3985 τότε
3501 3930 3726 4001 ὄψονται

2135 4024 2299 4079 αὑτὸν
2324 4025 2384 4077 ἑν
2433 4023 2650 4094 σώματι
2704 4023 2979 4096 κρείττονι
3029 4024 3125 4077 καὶ
3172 4022 3575 4094 θεοειδεστέρῳ,
3628 4023 3723 4075 καὶ

2134 4114 2463 4185 γνωριοῦσιν
2492 4116 2542 4168 oi
2572 4115 3026 4186 ἑκκεντήσαντες,
3044 4114 3141 4168 καὶ
3163 4114 3447 4184 κόψονται.
3470 4114 3545 4167 Ού
3566 4111 3725 4167 τοῦτο

2133 4206 2192 4261 δὲ
2230 4213 2414 4277 μόνον,
2441 4206 2557 4260 ἀλλ’
2589 4208 2672 4262 ὅτι
2741 4208 2839 4263 καὶ
2875 4210 2990 4272 τοῖς
3029 4206 3315 4278 μέλλουσιν
3346 4209 3597 4261 ἀπιστεῖν
3631 4207 3726 4260 πί-

2137 4312 2309 4360 στεως
2335 4295 2474 4367 θύρα
2512 4296 2610 4351 καὶ
2662 4297 2940 4364 ἀπόδειξις
2971 4292 3040 4370 ῆν
3071 4298 3132 4353 τὸ
3166 4297 3442 4370 τολμηθὲν
3473 4298 3579 4352 ὑπὸ
3613 4298 3724 4351 τῶν

2135 4388 2367 4460 ἐχθρῶν,
2419 4385 2531 4444 οἷον
2557 4389 2639 4462 τῷ
2663 4390 2858 4462 Θωμᾷ.
2907 4389 3021 4444 Καὶ
3069 4389 3180 4460 γὰρ
3216 4389 3306 4444 διὰ
3332 4390 3434 4460 τῆς
3484 4389 3723 4459 πλευρᾶς

2135 4482 2415 4554 ὲπιστώθη
2468 4483 2646 4555 τούτῳ
2671 4484 2706 4554 ἡ
2741 4483 3060 4546 ἀνάστασις.
3128 4481 3352 4537 Ὀστοῦν
3408 4481 3508 4551 μὲν
3534 4477 3628 4536 οῦν
3658 4482 3720 4534 ού

2141 4576 2568 4648 συντριϐήσεται
2598 4575 2677 4646 τῷ
2718 4574 2931 4645 Ἰησοῦ⁹
2975 4575 3188 4647 πλευρὰ
3224 4574 3282 4628 δὲ
3321 4575 3490 4628 αὐτοῦ
3537 4574 3724 4645 βλύζει

453 4667 741 4721 essentiam
785 4668 964 4733 dedit,
996 4671 1125 4740 quia
1158 4686 1255 4740 per
1288 4688 1408 4728 eam
1441 4675 1788 4744 pervenimus
1819 4677 1885 4732 ad
1924 4677 2029 4734 hoc

2138 4667 2266 4738 ἡμῖν
2289 4667 2392 4730 τὰς
2413 4667 2511 4736 τῆς
2536 4665 2842 4730 οὑσιώσεως
2867 4665 3027 4737 ἡμῶν
3057 4668 3154 4720 καὶ
3181 4666 3284 4736 τῆς
3315 4666 3584 4730 ζιιιώσεως
3616 4683 3722 4732 πη-

455 4763 514 4809 ut
562 4755 856 4813 Christiani
917 4761 1127 4816 simus:
1159 4764 1380 4834 sanguis
1447 4773 1636 4820 autem;
1683 4767 1888 4836 vitam;
1936 4785 2032 4840 per

454 4846 631 4914 ipsum
677 4849 820 4901 enim
862 4849 1154 4920 pascimur.
1206 4851 1340 4907 Nam
1397 4852 1581 4921 Agnus
1631 4856 1850 4925 quidem
1894 4857 2034 4913 Ver-

453 4936 580 4991 bum
615 4947 698 4993 est
752 4937 868 5002 Dei,
920 4941 1069 5009 quia
1103 4940 1284 5011 capite
1329 4957 1499 5010 usque
1539 4943 1604 4997 ad
1646 4943 1811 5015 pedes
1847 4960 2032 5002 come-

458 5027 667 5084 dendus
719 5042 824 5084 est.
871 5030 1046 5099 Caput
1095 5031 1310 5102 quidem
1361 5032 1666 5104 symbolum
1699 5045 1782 5090 est
1811 5035 2028 5092 deitatis

457 5119 594 5190 (ipsa
626 5121 769 5176 enim
799 5131 882 5178 est
904 5123 1104 5193 caput);
1132 5125 1297 5194 pedes
1316 5135 1494 5181 autem
1521 5128 1721 5194 carnis,
1752 5129 1865 5198 ipsa
1889 5128 2032 5183 enim

458 5219 702 5264 extrema
746 5221 852 5270 est.
891 5215 1119 5286 insuper
1152 5227 1208 5272 et
1238 5219 1491 5273 intestina
1523 5217 1662 5288 ejus,
1688 5219 1948 5291 mysteria
1977 5227 2032 5274 et

459 5303 667 5360 occulta
721 5317 1035 5363 reverenter
1089 5309 1144 5364 in
1195 5309 1376 5365 cibum
1425 5311 1708 5376 habentes,
1754 5326 1877 5366 ossa
1927 5325 2033 5365 non

461 5398 876 5471 conlringimus,
907 5403 1007 5456 hoc
1036 5411 1120 5458 est
1153 5402 1482 5459 diliiciliores
1513 5415 1568 5458 et
1594 5405 1872 5475 graviores
1909 5419 2038 5458 sen-

467 5503 581 5544 sus.
613 5490 744 5557 Quae
787 5493 928 5548 enim
982 5510 1089 5549 non
1140 5509 1431 5566 possumus
1483 5495 1804 5566 intelligere,
1838 5509 1903 5549 ea
1931 5509 2036 5549 non

463 5589 811 5640 conteremus
838 5601 852 5639 :
887 5586 988 5642 hoc
1017 5597 1122 5653 est,
1159 5605 1265 5643 non
1291 5589 1537 5644 dabimus
1566 5603 1785 5659 operam
1816 5596 1873 5641 ιιι
1895 5587 2042 5642 male

2134 4759 2272 4829 γάς·
2310 4758 2456 4830 ὓδωρ
2505 4761 2627 4829 μὲν,
2682 4760 2785 4830 τῆς
2833 4759 3044 4823 οὐσίας’
3079 4758 3147 4814 δι’
3178 4759 3344 4813 αὑτοῦ
3395 4759 3504 4830 γὰρ
3557 4760 3635 4822 εἰς
3660 4759 3720 4811 τὸ

2135 4846 2275 4904 εἴναι
2307 4851 2628 4920 Χριστιανοὶ
2657 4850 2972 4922 ἐρχόμεθαο
3007 4850 3068 4904 τὺ
3117 4849 3176 4903 δὲ
3207 4847 3370 4921 αἷμα,
3402 4851 3503 4920 τῆς
3529 4850 3673 4919 ζωῆς
3698 4865 3714 4880 '

2133 4941 2202 4996 δι’
2226 4942 2392 4997 αὐτοῦ
2431 4946 2540 5015 γὰρ
2568 4942 2903 5014 τρεφόμεθα.
2958 4942 3155 5014 Ἀμνδς
3189 4944 3297 5012 γάρ
3325 4945 3470 4996 ἐστιν
3497 4947 3523 4996 ὁ
3549 4944 3720 5011 Λόγος

2133 5034 2229 5088 τοῦ
2257 5035 2418 5099 Θεοῦ,
2447 5034 2507 5088 ὃν
2539 5037 2816 5099 ἐσθίοντες
2845 5034 2954 5087 ἀπὸ
2983 5035 3228 5105 κεφαλῆς
3249 5035 3378 5106 ἄχρι
3406 5036 3602 5097 ποδῶν,
3629 5052 3718 5087 κε-

2136 5126 2313 5197 φαλῆς
2339 5127 2459 5198 μὲν,
2487 5126 2588 5198 τῆς
2623 5127 2874 5197 θεότητος
2897 5141 2913 5155 ο
2945 5125 3084 5196 αὕτη
3106 5127 3214 5197 γὰρ
3240 5125 3448 5196 κεφαλή
3470 5144 3485 5160 υ
3543 5126 3718 5180 ποδῶν

2136 5219 2215 5284 δὲ,
2244 5219 2345 5289 τῆς
2382 5218 2584 5288 σαρκός
2605 5233 2620 5249 ·
2654 5217 2791 5289 αὕτη
2829 5221 2939 5287 γὰρ
2967 5217 3038 5271 τὰ
3063 5218 3291 5288 ἔσχατα.
3329 5219 3450 5271 Ἔτι
3493 5219 3600 5288 μὴν
3625 5218 3719 5271 καὶ

2134 5313 2205 5365 τὰ
2230 5310 2480 5364 ὲντόσθια
2509 5311 2695 5375 αὐτοῦ,
2722 5312 2788 5363 τὰ
2820 5312 3096 5381 μυστήρια
3119 5310 3213 5363 καὶ
3241 5307 3447 5380 κρύφια
3473 5309 3717 5371 εύλαόὡς

2142 5399 2711 5473 ἔμϐρωματιζόμενοι,
2743 5401 2810 5454 τὰ
2843 5402 2978 5454 ὀστᾶ
3019 5401 3080 5454 ού
3149 5401 3525 5470 συντρίδομεν,
3567 5417 3722 5454 τουτο

2144 5494 2314 5559 ἐστιν,
2343 5495 2412 5548 τὰ
2456 5492 2833 5564 δυσκολώτερα
2866 5495 2974 5548 τῶν
3002 5493 3290 5564 νοημάτων
3316 5493 3411 5546 καὶ
3459 5493 3714 5564 ὲμΰριθέ-

2149 5601 2337 5656 στερα.
2376 5586 2444 5638 ’Δ
2475 5585 2584 5656 7&9
2612 5585 2674 5638 ού
2709 5583 2986 5656 δυνάμεθα
3025 5584 3238 5654 νοῆσαι,
3293 5581 3467 5637 ταῦτα
3498 5585 3558 5636 οὐ
3602 5600 3717 5635 συν-

459 5683 515 5730 et
565 5677 866 5745 periculose
915 5679 1298 5752 intelligamus.
1361 5681 1576 5737 Etenim
1638 5680 1858 5751 quando
1909 5695 2034 5737 sane

2145 5677 2432 5751 τρίψομεν,
2463 5676 2763 5746 τουτέστιν,
2793 5677 2853 5731 ού
2889 5677 3268 5746 σπουδάσομεν
3297 5675 3484 5746 νοῆσαι
3533 5673 3724 5738 κακῶς

533 5860 580 5894 ¹⁷
604 5862 774 5919 Exod.
813 5880 910 5927 xu,
957 5864 1047 5930 $6;
1081 5863 1239 5919 Num.
1278 5865 1331 5930 θ,
1377 5864 1458 5920 ιε.
1541 5865 1582 5897 ’⁸
1633 5867 1801 5934 Apoc.
1845 5876 1884 5930 t,
1925 5862 1978 5919 7.
