4056 6594
338 376 451 442 285

947 383 1393 454 ENARRATIO
1432 392 1513 454 IN
1548 394 2049 463 EVANGELIUM
2085 402 2425 472 JOANNIS.
2466 436 2537 447 —
2573 387 2744 477 CAP.“
2769 416 2943 479 XIX.

3474 389 3485 395 ’
3502 424 3610 488 286

326 492 430 546 καὶ
478 489 1156 563 παρακεκινδυνευμένως.
1220 496 1397 552 Ὅταν
1446 500 1546 571 μὲν
1591 501 1701 575 γὰρ
1758 505 1911 575 ὑγιῶς

2030 514 2320 582 sentimus,
2356 525 2482 573 tunc
2515 535 2618 575 non
2652 523 3029 605 conterimus:
3069 539 3200 583 sana
3226 527 3372 584 enim
3421 546 3609 589 serva-

324 582 566 669 νοῶμεν,
597 582 717 635 τότε
744 583 806 636 οὐ
839 585 1236 656 συντρίϐομ.εν⁸
1268 590 1398 660 ὑγιῆ
1434 593 1546 664 γὰρ
1574 596 1918 669 φυλάττομεν

320 668 399 723 τὰ
440 668 580 724 θεῖα.
636 670 806 724 Ὅταν
840 670 898 725 δὲ
934 674 1449 750 παραϐιασὼμεθα,
1504 685 1599 737 καὶ
1643 687 1920 758 αἱρετικὸν

319 763 510 835 νόημα
545 764 972 837 ὑποδεξώμεθα,
1025 772 1391 844 συντρίϐομεν
1432 778 1528 832 καὶ
1556 781 1919 853 κατακλῶμεν

315 855 386 909 τὸ
422 858 651 929 στεριδδν
697 861 794 912 καὶ
825 857 1306 931 δυσκατέργαστον
1356 865 1556 937 νόημα.
1603 871 1796 926 Καίειν
1824 869 1919 929 οὖν

314 947 395 1001 τὰ
419 946 650 1007 τοιαῦτα
674 948 781 1019 χρὴ
807 948 965 1019 πυρὶ,
994 951 1269 1015 τουτέστι,
1296 952 1376 1025 τῷ
1405 956 1690 1029 Πνεύματι
1713 962 1916 1020 διδόναι

314 1036 394 1090 τὰ
461 1039 692 1094 τοιαῦτα
753 1039 1045 1117 δυσνόητα,
1093 1041 1165 1095 δι’
1210 1035 1274 1096 οῦ
1324 1034 1759 1118 κατεργάζονται
1820 1055 1918 1111 καὶ

313 1131 706 1202 λεπτῦνονται,
737 1134 814 1200 ὡς
839 1134 1019 1190 πάντα
1056 1136 1415 1209 ἐρευνῶντας,
1443 1145 1630 1201 καὶτὰ
1656 1146 1795 1222 βάθη
1819 1149 1914 1205 τοῦ

313 1226 487 1283 Θεοῦ.

403 1339 426 1373 ι
465 1322 623 1379 Μετὰ
643 1323 819 1381 ταῦτα
850 1330 1107 1403 ἠρώτησε
1135 1332 1229 1388 τὸν
1255 1334 1490 1393 Πιλᾶτον
1520 1336 1723 1409 Ἰωσὴφ
1752 1338 1782 1393 ό
1803 1337 1914 1395 me

325 1413 725 1486 ⁹Αριμαθαίας,
751 1418 830 1473 ῶν
860 1422 1119 1496 μαθητὴς.
1137 1425 1234 1480 τοῦ
1283 1428 1489 1499 Ἰησοῦ,
1521 1431 1912 1502 κεκρυμμένος

307 1505 379 1559 δὲ
421 1506 511 1560 διὰ
552 1508 645 1562 τὸν
698 1510 866 1580 φόϐον
902 1515 1011 1570 τῶν
1039 1516 1340 1586 Ἰουδαίων,
1373 1519 1461 1574 ἵνα
1503 1521 1612 1594 ἄρῃ
1649 1521 1711 1578 τὸ
1750 1523 1914 1593 σῶμα

306 1597 421 1652 τοῦ
454 1599 662 1671 Ἰησοῦο
696 1605 793 1657 καὶ⁵
836 1605 1138 1678 ἐπέτρεψεν
1189 1612 1219 1664 ό
1271 1613 1528 1678 Πιλάτος.
1562 1609 1767 1669 *Ηλθεν
1817 1606 1912 1672 οῦν

306 1692 422 1745 καὶ
453 1686 555 1764 ἦρε
582 1693 645 1748 τδ
678 1695 840 1766 σῶμα
871 1698 967 1751 τοῦ
1035 1700 1230 1774 Ἰησοῦ.
1266 1701 1442 1757 Ἦλθε
1489 1705 1547 1759 δὲ
1605 1707 1697 1760 καὶ
1742 1707 1909 1762 Νικό-

307 1781 519 1852 δημος.
562 1787 592 1840 ό
627 1785 800 1841 ἐλθὼν
825 1789 964 1861 πρὸς
994 1792 1086 1846 τὸν
1112 1793 1324 1866 Ἰησοῦν
1357 1797 1552 1859 νυκτὸς
1578 1799 1639 1850 τὸ
1667 1798 1906 1870 πρῶτον,

308 1874 509 1945 φέρων
543 1878 729 1950 μίγμα
773 1855 1023 1954 σμῦρνης
1047 1887 1144 1941 καὶ
1175 1855 1360 1960 ’ἀλόης
1388 1855 1739 1963 ὡσεὶνλίτρας
1779 1855 1908 1949 ἑκαί
1940 1855 1985 1913 Β

306 1969 437 2023 τόν.
490 1972 723 2026 Ἐλαϐον
766 1970 861 2029 οὖν
898 1976 960 2031 τὸ
1002 1980 1161 2049 σῶμα
1190 1978 1287 2034 ⁸ιόῦ
1313 1983 1515 2051 Ἰησοῦ,
1561 1985 1656 2038 καὶ
1708 1984 1909 2057 ἔδησαν

310 2062 459 2115 αὐτὸ
491 2065 547 2116 ὲν
585 2066 814 2132 ὀθονίοις
869 2070 1008 2140 μετὰ
1053 2073 1163 2126 τῶν
1192 2062 1524 2146 ἀρωμάτων,
1563 2078 1746 2143 καθὼς
1786 2079 1909 2144 ἔθος

309 2153 442 2206 ἐστὶ
479 2158 592 2221 τοῖς
622 2158 900 2226 Ἰουδαίοις
928 2165 1300 2233 ἐνταφιάζειν.
1323 2163 1434 2221 Ἦν
1464 2169 1520 2223 δὲ
1548 2171 1606 2224 ὲν
1628 2171 1706 2242 τῷ
1731 2174 1906 2245 τόπῳ,

310 2245 458 2299 ὅπου
499 2249 840 2322 ἐσταυρώθη,
878 2255 1077 2325 κῆπος,
1114 2258 1210 2312 καὶ
1237 2262 1296 2313 ὲν
1342 2261 1420 2331 τῷ
1450 2264 1610 2333 κήπῳ
1642 2266 1908 2335 μνημεῖον

310 2339 531 2405 καινὲν,
566 2342 623 2393 έν
650 2336 694 2410 ᾧ
723 2345 934 2416 οὐδέπω
964 2349 1140 2413 οὐδεὶς
1169 2352 1351 2423 ἐτέθη.
1402 2355 1550 2408 Ἐκεῖ
1578 2352 1671 2410 οῦν
1695 2358 1783 2410 διὰ
1807 2357 1907 2429 τὴν

310 2434 681 2506 παρασκευὴν
726 2437 836 2492 τῶν
895 2440 1188 2507 Ἰουδαίων,
1243 2447 1324 2499 ὅτι
1360 2447 1529 2515 ἐγγὺς
1577 2444 1644 2520 ἦν
1678 2450 1738 2504 τὸ
1768 2468 1907 2523 μνη.

313 2526 498 2592 μεῖον,
536 2525 739 2598 ἔθηκαν
783 2529 873 2583 τὸν
910 2531 1137 2603 Ἰησοῦν.
1178 2555 1197 2588 ι
1253 2538 1409 2601 Τίνος
1450 2540 1635 2596 ἕνεκεν
1672 2543 1770 2615 οὐχ
1825 2539 1908 2609 εἷς

307 2616 429 2668 τῶν
483 2618 690 2675 δώδεκα
741 2625 1015 2695 προσῆλθε
1067 2629 1145 2700 τῷ
1207 2630 1446 2701 Πιλάτῳ,
1506 2635 1621 2687 ἀλλ’
1680 2637 1745 2689 ἐκ
1795 2639 1905 2692 τῶν

311 2709 691 2782 ἑϐδομήκοντα
737 2716 865 2780 ίσως
912 2718 988 2773 ὢν
1043 2722 1070 2774 ό
1125 2722 1347 2793 Ἰωσὴφ,
1394 2727 1569 2800 τολμᾷ
1627 2728 1904 2799 τοιοῦτονς

312 2799 388 2854 El
416 2802 525 2874 γὰρ
548 2805 636 2859 διὰ
668 2806 760 2861 τὸν
792 2809 956 2878 φόϐον
980 2812 1091 2864 τῶν
1112 2813 1383 2869 Ἰουδαίων
1410 2799 1555 2873 εἴποι
1591 2837 1674 2885 τις
1705 2823 1909 2891 κεκρύ-

316 2892 458 2961 φθαι
494 2896 623 2960 τοὺς
665 2898 935 2971 μαθητὰς.
980 2904 1075 2956 καὶ
1118 2896 1276 2969 οὗτος
1322 2907 1406 2978 τῷ
1435 2909 1582 2970 αὐτῷ
1623 2913 1908 2983 κατείχετο

313 2985 494 3056 φόϐῳ.
530 2989 723 3043 Ἔστιν
765 2987 859 3045 οῦν
901 2995 1099 3061 εἰπεῖν,
1144 2998 1226 3051 ὃτι
1262 2999 1468 3071 σφόδρα
1509 3002 1777 3074 ἐπίσημος
1814 3002 1904 3078 ἦν,

314 3080 418 3133 καὶ
444 3079 522 3150 τῷ
559 3081 775 3152 Πιλάτῳ
823 3085 1102 3159 γνώριμος
1132 3090 1220 3144 διὰ
1254 3093 1316 3146 τὸ
1353 3093 1581 3161 ἔνδοξον.
1623 3099 1784 3153 Ὅθεν
1810 3101 1907 3156 καὶ

312 3174 548 3281 νομίρας
587 3175 880 3284 σϐεσθῆναι
907 3179 1007 3251 τὴν
1034 3181 1224 3255 ὀργὴν,
1255 3185 1329 3251 ὡς
1353 3188 1456 3260 ήδη
1486 3191 1903 3263 ἐσταυρωμένον
1933 3223 1978 3284 c

309 3267 417 3322 τοῦ
443 3269 686 3324 ἐναντίου
731 3274 937 3340 αὐτοῖς,
980 3276 1117 3344 μετὰ
1149 3279 1335 3344 ἀδείας
1369 3284 1641 3354 πρόσεισι,
1669 3287 1763 3341 καὶ
1800 3305 1903 3342 πο-

312 3360 511 3432 λυτελῆ
548 3366 784 3420 ποιεῖται
812 3366 911 3437 τὴν
945 3368 1123 3441 ταφὴν
1157 3373 1255 3426 σὺν
1290 3373 1370 3446 τῷ
1397 3374 1717 3449 Νικοδήμῳ,
1750 3381 1904 3435 οὐδὲν

317 3454 422 3522 μὲν
452 3452 596 3507 θεῖον
636 3457 764 3526 περὶ
793 3458 961 3512 αὐτοῦ
995 3463 1401 3535 φανταζόμενοι
1429 3467 1751 3541 ἀμφότεροι,
1786 3472 1906 3527 ἀλλ’

314 3545 396 3610 ὡς
444 3547 574 3617 περὶ
641 3547 933 3622 ἀνθρώπου
980 3553 1140 3624 ψιλοῦ
1199 3557 1554 3629 διακείμενοι,
1625 3563 1748 3616 ἐπεὶ
1813 3565 1907 3619 καὶ

312 3637 544 3693 τοιαῦτα
572 3639 831 3711 φέρουσιν
873 3645 1168 3716 ἀρώματα,
1201 3647 1237 3703 ἃ
1268 3649 1506 3719 μάλιστα
1528 3651 1588 3706 τὸ
1624 3653 1785 3724 σῶμα
1813 3656 1909 3709 πέ-

315 3745 492 3796 φυκεν
518 3730 750 3786 ἐπιπολὺ
788 3733 1088 3805 διατηρεῖν.
1122 3740 1216 3792 καὶ
1247 3738 1323 3812 μὴ
1354 3744 1665 3814 συγχωρεῖν
1693 3746 1905 3816 ταχέως

315 3823 580 3878 manu.
606 3828 675 3897 τῇ
704 3827 882 3902 φθορᾷ
900 3847 914 3861 ⁸
942 3832 1082 3903 ὅπερ
1109 3833 1320 3888 ἐδείκνυ
1341 3836 1540 3902 αὐτοὺς
1574 3838 1726 3894 οὐδὲν
1760 3841 1903 3911 μέγα

316 3915 766 3987 φανταζομένους
813 3922 945 3990 περὶ
991 3924 1180 3979 αὐτοῦ.
1237 3927 1387 3999 Πλὴν
1427 3929 1578 4000 ὅμως
1613 3931 1713 4003 τὴν
1754 3935 1905 4002 φιλο-

319 4008 582 4075 στοργίαν
622 4009 1026 4068 ἐνδείκνυνταιο
1060 4016 1123 4070 οὑ
1161 4018 1272 4088 γὰρ
1311 4018 1387 4082 ὡς
1416 4021 1711 4076 κατάδικον
1744 4024 1905 4079 ἐντα-

316 4095 630 4163 φιάζουσιν,
658 4098 797 4154 ἀλλὰ
838 4102 1169 4172 πολυτελῶς,
1211 4107 1288 4170 ῶς
1315 4108 1436 4174 ἔθος
1463 4113 1580 4175 τοῖς
1608 4110 1901 4178 Ἰουδαίοις.
1932 4099 1953 4109 ’

330 4185 485 4242 Ἐπεὶ
526 4189 584 4242 δὲ
628 4189 735 4245 ὑπὸ
776 4191 874 4247 τοῦ
914 4196 1111 4268 καιροῦ
1151 4199 1463 4271 συνείχοντο
1498 4202 1763 4278 (ὲννάτης
1802 4206 1905 4278 μὲν

315 4277 428 4349 γὰρ
467 4279 621 4350 ὧρας
654 4283 900 4352 ἐγεγόνει
934 4289 968 4358 ἠ
1012 4288 1241 4362 τελευτή
1264 4308 1280 4325 °
1320 4287 1441 4348 εἶτα
1478 4295 1538 4349 έν
1580 4296 1661 4367 τῷ
1698 4277 1901 4369 μεταξὺ

314 4369 392 4439 τῷ
438 4371 655 4461 Πιλάτῳ
705 4377 1062 4447 προσιόντων,
1109 4382 1208 4437 καὶ
1255 4384 1596 4442 καθελόντων
1629 4390 1688 4443 τὸ
1719 4391 1901 4461 σῶμα,

314 4461 462 4524 εἰκὸς
495 4457 563 4532 ἦν
595 4464 841 4537 ἑσπέραν
878 4471 1311 4554 καταλαϐέσθαι,
1354 4472 1473 4553 ένῇ
1506 4478 1667 4549 θέμις
1705 4457 1814 4534 οὐκ⁷
1834 4478 1904 4554 ἦν

2025 620 2146 661 mus
2203 609 2405 664 divina.
2458 610 2683 679 Quando
2718 625 2902 672 autem
2957 619 3279 675 torserimus
3305 630 3360 677 et
3390 623 3607 679 lucreti-

2022 709 2146 750 cnm
2195 713 2415 755 sensum
2469 705 2862 773 acceperimus,
2899 708 3233 764 conterimus
3266 720 3321 766 et
3360 712 3607 768 ccufrin-

2019 784 2199 854 gimus
2252 789 2483 845 solidum
2530 800 2586 847 et
2631 793 2904 851 diﬂicilem
2979 812 3222 857 sensum.
3271 798 3441 872 igitur
3490 805 3606 860 haec

2019 878 2256 934 diﬂicilia
2310 882 2587 939 intellectu
2645 887 2752 956 igni
2800 889 3061 943 tradenda
3137 905 3264 946 sunt
3341 893 3441 949 lmc
3497 905 3601 962 est,

2021 971 2248 1039 Spiritui
2277 984 2489 1041 sancto,
2519 989 2616 1046 per
2644 993 2804 1048 quem
2829 981 3194 1037 coniiciuntur
3223 991 3603 1042 et‘extenuan-

2019 1072 2245 1133 lur,eo
2310 1069 2455 1140 quod
2516 1073 2698 1128 omnia
2739 1082 3057 1144 scrutatur,
3114 1078 3275 1132 etiam
3338 1084 3599 1149 profunda

2018 1155 2112 1215 Dei
2147 1158 2234 1215 ⁸³.

2087 1337 2255 1395 Vsus.
2291 1339 2482 1397 38-42.
2537 1361 2559 1395 ι
2598 1341 2844 1412 Ροειιιαξο
2885 1354 3068 1401 autem
3118 1347 3328 1417 rogavit
3364 1344 3598 1403 Pilatum

2015 1428 2213 1500 Ioseph
2243 1431 2688 1498 Arimatliiensis,
2722 1439 2813 1504 qui
2845 1445 2964 1491 erat
2992 1437 3288 1509 discipulus
3320 1434 3474 1498 Iesu,
3507 1441 3600 1492 sed

2011 1521 2256 1578 occultus
2279 1533 2497 1594 propter
2519 1535 2720 1580 metum
2742 1523 3071 1595 Iudaeorum,
3104 1536 3162 1583 ut
3195 1526 3358 1598 757
3388 1527 3601 1583 tolleret

2014 1628 2218 1684 corpus
2249 1614 2375 1671 Iesu
2420 1633 2435 1670 :
2470 1616 2632 1688 idque
2662 1620 2905 1686 permisit
2952 1619 3174 1674 Pilatus.
3211 1618 3369 1675 Venit
3393 1635 3522 1692 ergo
3548 1629 3601 1675 et

2012 1705 2137 1761 tulit
2184 1696 2382 1778 corpus
2422 1707 2567 1764 Iesu.
2621 1707 2780 1764 Venit
2813 1720 2991 1765 autem
3025 1720 3078 1766 et
3110 1710 3455 1778 Nicodemus,
3506 1713 3598 1781 qui

2014 1807 2245 1853 venerat
2272 1799 2339 1854 ad
2376 1799 2557 1855 Iesum
2589 1811 2747 1856 nocte
2778 1802 3037 1869 primum,
3077 1802 3258 1857 ferens
3307 1804 3596 1856 mixturam

2015 1890 2251 1958 myrrhae
2266 1897 2321 1944 et
2342 1891 2489 1945 aloes
2510 1893 2575 1945 ad
2606 1892 2773 1946 libras
2800 1891 2971 1947 ferme
2994 1905 3236 1949 centum.
3263 1894 3600 1963 Acceperunt

2009 1995 2143 2052 ergo
2182 1997 2382 2054 corpus
2413 1982 2564 2050 Iesu,
2597 1993 2652 2040 et
2683 1985 3047 2042 obvinxemut
3079 1988 3209 2042 illud
3240 1988 3429 2044 linteis
3469 2001 3590 2041 cum

2009 2074 2365 2142 aromatibus,
2413 2078 2554 2131 sicut
2607 2093 2725 2132 mos
2770 2087 2857 2133 est
2904 2078 3103 2134 Iudazis
3152 2079 3405 2150 Sept-lite.
3466 2079 3596 2134 Erat

2009 2174 2192 2220 autem
2227 2167 2279 2220 in
2318 2166 2434 2223 loco
2465 2168 2556 2224 ubi
2603 2170 2899 2227 cruciﬁxus
2932 2182 3017 2228 cst
3045 2173 3253 2235 hortus,
3276 2182 3329 2228 et
3357 2177 3408 2228 in
3440 2174 3595 2228 horto

2009 2268 2421 2314 monumentum
2479 2277 2696 2325 novum,
2739 2266 2790 2317 in
2850 2279 2959 2332 quo
3013 2267 3250 2319 nondum
3309 2266 3592 2334 quisquam

2008 2348 2220 2418 positus
2265 2360 2405 2406 erat.
2442 2351 2515 2406 11ιί
2554 2367 2684 2423 ergo
2742 2366 2961 2425 propter
2995 2372 3322 2425 parascevcn
3372 2356 3594 2412 Iudaeo-

2008 2455 2154 2506 rum,
2207 2444 2350 2513 quod
2400 2443 2453 2498 in
2490 2447 2793 2515 propinquo
2832 2458 2993 2503 esset
3044 2463 3447 2504 monumen'um
3498 2464 3594 2517 po-

2009 2543 2236 2590 suerunt
2271 2535 2474 2591 Iesum.
2533 2556 2552 2589 i
2584 2536 2766 2603 Quare
2821 2554 2927 2594 non
2987 2556 3127 2594 unus
3178 2558 3242 2596 ex
3308 2541 3591 2595 duodecim

2010 2628 2246 2682 accessit
2272 2629 2337 2682 ad
2360 2626 2615 2693 Pilatum,
2645 2631 2738 2684 seil
2760 2629 2977 2700 Ioseph,
3003 2632 3092 2701 qui
3125 2631 3261 2685 forte
3283 2649 3345 2687 ex
3376 2643 3598 2701 septua-

2007 2721 2155 2791 ginta
2185 2730 2324 2786 erat,
2367 2720 2531 2775 audet
2582 2722 2725 2776 hoc?
2759 2722 2888 2777 Nam
2929 2725 2971 2777 si
3022 2733 3238 2794 propter
3269 2734 3465 2777 mutum
3496 2722 3593 2778 In.

2009 2813 2245 2867 decorum
2295 2812 2488 2867 dixerit
2543 2814 2665 2883 quis
2718 2812 2998 2870 delituisse
3050 2814 3362 2884 discipulos,
3401 2823 3454 2869 et
3500 2814 3592 2869 hic

2008 2902 2195 2956 eodem
2254 2914 2534 2973 correptus
2582 2903 2761 2959 fuerat
2808 2905 3027 2960 timore.
3084 2905 3374 2960 Dicendum
3427 2903 3595 2974 igitur

2008 2995 2149 3062 quod
2180 2994 2268 3050 hic
2315 2995 2468 3052 valde
2501 2996 2699 3053 nobilis
2732 2996 2915 3062 fuerit,
2947 3007 2996 3052 et
3044 2996 3218 3052 Pilato
3247 3009 3430 3064 notus,
3465 2996 3589 3066 quia

2012 3086 2207 3141 nobilis
2231 3097 2368 3141 erat.
2393 3087 2550 3144 Unde
2577 3103 2698 3143 cum
2721 3090 3086 3144 existiinasset
3114 3090 3438 3143 exstinctam
3470 3099 3592 3141 esse

2007 3177 2317 3235 Iudaeorum
2351 3180 2484 3234 iram
2513 3193 2579 3237 eo
2611 3180 2755 3250 quod
2789 3180 3134 3235 adversarius
3164 3179 3268 3234 illis
3298 3177 3591 3232 cruciﬁxus

2010 3286 2155 3326 nunc
2204 3282 2370 3339 esset,
2406 3272 2612 3342 absque
2647 3286 2846 3342 pavore
2879 3272 3109 3333 accedit.
3136 3281 3192 3328 et
3218 3281 3587 3342 sumptuosam

2007 3362 2138 3420 facit
2182 3365 2515 3437 sepulturam
2551 3379 2672 3418 cum
2720 3362 3039 3419 Nicodemo.
3070 3363 3216 3420 Nihil
3250 3362 3488 3418 divinum
3521 3358 3592 3416 de

2007 3458 2098 3513 illo
2128 3460 2290 3514 ambo
2312 3456 2637 3523 sentiebant,
2664 3456 2757 3512 sed
2786 3454 3138 3512 aﬁ'ectuerant
3164 3465 3223 3509 ut
3242 3471 3368 3526 erga
3395 3467 3586 3524 purum

2008 3551 2321 3607 hominem:
2352 3551 2476 3622 quia
2523 3549 2649 3606 talia
2681 3547 2976 3606 aﬂerebant
3030 3558 3296 3609 aromata,
3331 3561 3449 3614 qua:
3492 3558 3587 3613 po--

2009 3645 2275 3700 tissimum
2313 3652 2532 3712 possent
2570 3657 2798 3711 corpora
2846 3642 3096 3696 diuturna
3153 3650 3492 3699 conservare,
3532 3642 3589 3691 et

2007 3736 2264 3791 coliiliere
2315 3749 2384 3789 ne
2430 3734 2612 3789 statim
2653 3742 3136 3802 corrumperentur
3169 3748 3185 3785 :
3227 3729 3367 3798 quod
3399 3737 3586 3783 osten-

2008 3826 2086 3880 dit
2112 3840 2206 3881 eos
2251 3825 2426 3879 adhuc
2479 3824 2608 3879 nihil
2649 3838 2903 3893 maguum
2954 3821 3022 3876 de
3070 3836 3135 3876 eo
3165 3821 3455 3891 cogitasse,
3495 3832 3588 3876 νετ

2011 3927 2315 3972 rumtamen
2352 3931 2589 3973 amorem
2623 3931 2781 3971 suum
2815 3914 3111 3970 declarant.
3154 3910 3272 3968 Non
3311 3912 3455 3966 enim
3500 3925 3589 3965 se-

2006 4009 2213 4081 peliunt
2269 4019 2328 4065 ut
2378 4008 2823 4073 condemnatum,
2859 4007 2954 4062 sed
3005 4014 3344 4076 sumptuose,
3380 4014 3436 4057 ut
3469 4018 3588 4058 mos

2005 4113 2087 4158 est
2113 4101 2337 4158 Iudaeis.
2366 4101 2633 4167 Quoniam
2688 4108 2868 4155 autem
2896 4107 3138 4170 tempore
3160 4094 3590 4160 impediebantur

2007 4195 2074 4267 (si
2113 4194 2331 4266 quidem
2370 4194 2501 4249 liora
2533 4207 2672 4247 noua
2701 4190 2843 4247 facta
2871 4202 2988 4245 erat
3019 4204 3162 4245 mors
3195 4203 3212 4242 :
3246 4186 3443 4242 deinde
3465 4200 3586 4240 cunt

2007 4291 2061 4344 in
2096 4288 2272 4343 medio
2301 4297 2544 4357 tempore
2569 4284 2927 4340 accessissent
2952 4283 3019 4335 ad
3048 4280 3279 4335 Pilatum
3307 4288 3357 4334 et
3388 4291 3593 4347 corpus

2009 4380 2275 4446 tulissent,
2304 4378 2596 4433 verisimile
2645 4385 2762 4431 erat
2810 4387 3090 4443 vesperam
3136 4371 3422 4442 ingruisse,
3460 4381 3589 4423 cum

2008 4489 2114 4526 non
2143 4473 2336 4526 licebat
2355 4479 2637 4526 esstrnere
2666 4469 3118 4532 monumentum),
3152 4473 3359 4533 ponunt
3380 4474 3500 4512 eum
3531 4459 3586 4512 in

314 4554 663 4623 ἐργάσασθαι
707 4562 1032 4650 μνημεῖον),
1089 4552 1336 4621 τιθέασιν
1376 4552 1540 4623 αὐτὸν
1565 4571 1646 4632 είς
1674 4572 1735 4624 τὸ
1762 4552 1902 4645 πλη-

2010 4565 2244 4619 viriuum
2301 4573 2731 4618 monumentum.
2771 4580 2789 4611 ι
2832 4559 2959 4613 Erat
3015 4559 3159 4613 enim
3217 4561 3267 4611 in
3329 4556 3450 4610 loco
3494 4552 3587 4609 ubi

317 4647 436 4700 σίον
461 4652 751 4720 μνημεῖον.
780 4671 799 4704 ι
824 4649 937 4707 Ἦν
965 4656 1076 4728 γὰρ
1120 4660 1179 4713 ἐν
1214 4659 1293 4730 τῷ
1324 4660 1499 4734 τόπῳ,
1546 4665 1679 4717 ὅπου
1715 4667 1913 4721 ἐσταυ-

320 4741 492 4822 ρώθη,
542 4746 723 4815 κῆπος
746 4785 763 4811 ,
803 4747 901 4801 καὶ
951 4750 1010 4805 ὲν
1034 4749 1112 4822 τῷ
1137 4754 1301 4824 κήπῳ
1342 4758 1608 4826 μνημεῖον
1643 4759 1851 4815 καινόν.
1881 4778 1903 4814 ι

317 4835 705 4904 οἰκονομεῖται
746 4838 804 4892 δὲ
854 4840 1089 4912 πλησίον
1136 4839 1277 4898 εἶναι
1328 4845 1392 4900 τὸ
1431 4851 1716 4920 μνημεῖον,
1765 4853 1907 4908 ὥστε

318 4926 416 4979 καὶ⁵
471 4928 601 4997 apii;
664 4930 917 5002 μαθητὰς
982 4933 1248 4990 δύνασθαι
1302 4941 1749 5008 παραγενέσθαι,
1812 4946 1906 4999 καὶ

320 5017 518 5081 θεατὰς
572 5020 669 5073 καὶ
715 5022 1000 5095 μάρτυρας
1061 5026 1172 5080 τῶν
1218 5029 1524 5098 γινομένων
1563 5027 1726 5094 εἶναι.
1766 5033 1900 5087 ἀλλὰ

320 5107 415 5171 καὶ
445 5109 784 5176 στρατιώτας
822 5113 1198 5186 ἀποσταλῆναι
1233 5120 1312 5181 είς
1357 5117 1624 5192 φυλακὴν,
1671 5121 1765 5174 καὶ
1823 5120 1899 5193 μὴ

321 5198 467 5264 σχεῖν
505 5199 692 5269 χώραν
725 5202 819 5256 τδν
864 5205 994 5274 περὶ
1037 5205 1139 5275 τῆς
1182 5206 1391 5279 κλοπῆς
1434 5211 1616 5281 λόγον.
1645 5211 1897 5267 ’Ἂπαντα

322 5288 420 5343 οὐκ
447 5288 515 5342 ἂν
541 5290 687 5353 οῦτω
717 5295 1053 5369 προέϐησαν,
1079 5301 1130 5352 εί
1159 5299 1351 5372 πόρῤω
1393 5303 1678 5359 ἐτέθαπτο.
1718 5326 1737 5359 ι
1768 5306 1900 5360 Και-

2010 4658 2301 4714 crucitixus
2355 4667 2460 4721 est,
2520 4657 2730 4718 hortus,
2774 4664 2825 4708 et
2878 4652 2932 4706 in
2987 4654 3143 4705 horto
3178 4657 3587 4705 monumentum

2007 4765 2229 4807 novum.
2289 4767 2307 4800 ι
2351 4746 2622 4818 Singulari
2677 4752 2858 4799 autem
2920 4742 3331 4813 dispensatione
3386 4740 3587 4795 factum

2006 4851 2111 4908 est,
2148 4848 2207 4895 ut
2239 4838 2293 4893 in
2335 4837 2636 4908 prOpinquo
2675 4842 2822 4891 esset
2844 4843 3283 4901 monumentum,
3335 4842 3394 4887 ut
3423 4831 3588 4886 disci-

2004 4934 2117 5007 puli
2150 4932 2371 5003 possent
2420 4931 2632 4997 adesse,
2673 4937 2728 4984 et
2758 4938 3094 4999 spectatores
3126 4942 3191 4982 ac
3220 4936 3384 4981 testes
3416 4926 3589 4981 iacto-

2010 5046 2126 5085 rum
2161 5029 2298 5093 ﬁeri,
2331 5036 2385 5083 et
2415 5026 2611 5081 milites
2640 5025 2781 5080 mitti
2817 5033 3040 5096 possent
3079 5023 3144 5076 ad
3171 5021 3496 5083 custodiam,
3528 5027 3586 5074 et

2011 5134 2070 5180 ut
2114 5131 2352 5179 cessaret
2382 5121 2566 5186 etiam,
2619 5129 2838 5190 prapter
2884 5119 3082 5183 locum,
3119 5116 3242 5171 furti
3295 5113 3583 5182 suspicio:

2009 5231 2130 5287 quze
2179 5214 2360 5269 omnia
2413 5227 2518 5267 non
2550 5211 2921 5280 contigissent,
2967 5210 3009 5263 si
3042 5208 3222 5278 procul
3261 5206 3450 5261 fuisset
3491 5217 3583 5258 se-

2003 5307 2205 5376 pultus.
2245 5321 2264 5355 ι
2322 5302 2527 5358 Novum
2580 5310 2758 5355 autem
2820 5309 2935 5353 erat
2980 5297 3306 5365 sepulcrum,
3357 5295 3412 5350 in
3471 5308 3582 5363 quo

320 5378 412 5433 νὺν
436 5381 514 5435 δὲ
553 5382 617 5435 τὸ
655 5390 939 5457 μνημεῖον,
984 5392 1042 5444 ὲν
1090 5385 1137 5460 ᾧ
1186 5392 1401 5447 οὐδέπω
1436 5393 1613 5458 οὐδεὶς
1650 5396 1831 5467 ἐτέθη,
1870 5416 1890 5449 r

2010 5394 2184 5451 nullus
2218 5392 2394 5447 adhuc
2442 5400 2558 5447 erat
2610 5391 2818 5458 positus
2852 5403 2867 5441 :
2912 5404 2931 5437 ι
2970 5393 3027 5438 ut
3080 5399 3183 5438 non
3216 5379 3584 5437 calumnietur

324 5473 428 5528 iva.‘
451 5476 525 5546 μὴ
571 5482 948 5551 συκοφαντηθῇ
989 5485 1023 5553 ἠ
1071 5484 1388 5550 ἀνάστασις,
1421 5486 1499 5551 ὡς
1546 5487 1709 5542 ἄλλου
1761 5490 1897 5543 ἀνα-

1999 5490 2122 5560 quis
2151 5484 2627 5550 resurrectionem,
2651 5481 2790 5550 quod
2822 5478 2959 5533 alius
2981 5475 3359 5541 resurrexerit,
3387 5483 3443 5530 et
3468 5487 3575 5529 non

324 5568 565 5636 στάντος,
596 5570 691 5625 καὶ
728 5572 850 5642 οὐχὶ
872 5574 967 5627 τοῦ
991 5576 1190 5645 Ἰησοῦ.
1225 5578 1338 5632 Καὶ
1365 5579 1538 5643 ἄλλως
1565 5580 1624 5634 δέ
1643 5596 1658 5611 ο
1704 5598 1724 5631 ι
1757 5581 1897 5635 Και-

2010 5581 2172 5637 Iesus.
2209 5579 2275 5634 Et
2324 5579 2485 5634 aliter
2530 5588 2778 5646 quoque:
2816 5588 2836 5624 ι
2870 5568 3079 5624 Novum
3114 5576 3516 5623 monumentum
3550 5583 3573 5618 ι
3614 5638 3640 5649 ⁸

322 5658 409 5713 νδν
443 5662 506 5715 τὸ
542 5667 830 5735 μνημεῖον,
876 5684 898 5718 ι
932 5669 1279 5740 συμϐολικῶς
1323 5670 1515 5727 τούτου
1539 5672 1897 5747 δηλουμένου,

2010 5671 2243 5746 symbolo
2270 5670 2502 5742 quodam
2540 5663 2720 5722 manif.
2741 5672 2846 5720 stat
2882 5663 3120 5735 futuram
3153 5661 3444 5718 novitatem
3480 5674 3578 5732 per

392 5838 438 5872 ⁸³
465 5839 486 5895 1
513 5839 640 5897 Cor.
680 5858 742 5907 it,
774 5844 863 5899 l0.
