4056 6594
345 388 464 454 289

1043 392 1488 456 ENARRATIO
1529 393 1609 454 IN
1651 391 2149 453 EVANGELIUM
2195 391 2534 452 JOANNIS.
2575 415 2645 427 -
2675 393 2837 452 CAP.
2881 393 3009 454 XX.

3507 391 3620 457 290

337 500 446 567 τῆς
484 501 836 564 αναστάσεως
873 501 1128 565 γενέσθαι
1177 505 1351 564 τινάς,
1381 504 1477 555 καὶ
1513 504 1606 556 ἐπὶ
1640 503 1731 553 τὸν
1759 501 1930 567 τάφον

2044 501 2376 552 stu-rectior":
2423 501 2619 559 scit-us,
2671 499 2872 551 furtum
2923 509 2981 556 et
3016 497 3425 554 translationem
3459 514 3613 558 vocat

341 591 633 652 εἰσελθεῖν,
660 593 874 657 αἴρεται
900 593 927 644 ὁ
946 591 1090 653 λίθος
1121 592 1225 644 ὑπὸ
1245 593 1338 644 τοῦ
1369 593 1622 659 ἀγγέλου.
1640 592 1705 644 'll
1735 591 1788 643 δὲ
1812 593 1940 650 Mar

345 680 440 746 ρία
465 680 619 738 οὐδὲν
641 680 858 732 οὐδέπω
887 685 1016 751 περὶ
1037 681 1386 744 ἀναστάσεως
1413 684 1778 749 γινώσκουσα,
1805 683 1936 732 κλου

340 770 482 842 πὴν,
515 774 608 824 καὶ
649 772 938 840 μετάθεσιν
978 773 1233 841 ὀνομάζει
1261 774 1321 825 τὸ
1350 775 1603 842 πρᾶγμα.
1639 773 1728 824 Διὸ
1757 773 1845 826 καὶ
1879 773 1932 824 οἱ

345 865 595 933 μαθηταὶ
667 865 990 932 ἐφίστανται
1043 865 1120 935 τῷ
1174 866 1463 936 μνημείῳ,
1516 866 1610 918 καὶ
1664 864 1927 932 θεωροῦσι

347 975 364 1004 ι
414 957 484 1009 τά
525 957 705 1008 ὀθόνια
755 957 986 1026 κείμενα
1028 957 1186 1025 μόνα,
1226 976 1244 1008 ι
1293 958 1431 1026 ὅπερ
1467 952 1534 1026 ἧν
1575 957 1928 1016 ἀναστάσεως

339 1045 515 1110 ὅντως
545 1050 606 1100 τὸ
649 1052 894 1118 σημεῖον.
948 1047 1087 1102 Οὕτε
1128 1050 1238 1119 γάρ
1270 1051 1318 1102 εί
1364 1049 1672 1118 μετέθηκάν
1701 1064 1842 1109 τινες
1868 1046 1930 1099 τὸ

343 1139 532 1208 σῶμα,
559 1141 882 1209 ἐγύμνωσαν
906 1141 972 1193 ἂν
1017 1142 1147 1194 αὐτό
1167 1156 1179 1170 ·
1215 1140 1339 1194 οὕτε
1365 1142 1412 1192 εί
1445 1141 1698 1208 ἔκλεψαν,
1733 1140 1929 1208 ἐφρόν-

340 1249 506 1285 τισαν
537 1234 605 1286 ἀν
630 1231 724 1284 τοῦ
782 1251 800 1283 ι
837 1231 896 1284 τὸ
928 1233 1207 1303 σουδάριον
1243 1253 1262 1285 ι
1301 1234 1596 1300 ὲντυλίξαι,
1631 1235 1725 1286 καὶ
1757 1233 1928 1286 θεῖναι

348 1343 370 1376 ι
416 1330 588 1397 χωρ’-ς
614 1329 692 1386 είς
723 1328 818 1382 ἕνα
851 1328 1047 1380 τόπον*
1089 1346 1107 1378 ι
1145 1326 1262 1380 ἀλλ’
1293 1327 1477 1389 ἁπλῶς
1503 1328 1578 1390 ὡς
1605 1323 1771 1395 εἶχεν,
1806 1325 1930 1379 έλα-

343 1415 447 1470 6ον
470 1417 536 1470 ἂν
565 1419 626 1469 τι
661 1420 841 1488 σῶμα.
886 1419 995 1472 Καὶ
1015 1418 1104 1472 διὰ
1129 1418 1289 1472 τοῦτο
1319 1418 1607 1490 προλαῦὼν
1637 1420 1665 1470 ὁ
1697 1419 1930 1486 εὐαγγε-

341 1509 559 1578 λιστὴς,
594 1505 768 1574 εἶπεν,
820 1511 903 1564 ὅτι
936 1509 1148 1583 σμύρνῃ
1199 1512 1472 1582 συνετάφη
1513 1512 1708 1583 πολλῇ,
1745 1515 1779 1582 ἢ
1830 1513 1930 1584 οὐχ

339 1595 518 1670 ἦττον
556 1600 806 1669 μολίϐδου
859 1601 1128 1671 συγκολλᾷ
1157 1601 1236 1672 τῷ
1267 1599 1479 1672 σώματι
1502 1603 1568 1656 τὰ
1595 1603 1810 1658 ὀθόνιαο
1840 1605 1928 1658 ἵνα

340 1691 480 1744 ὅταν
523 1689 871 1757 ἀκούσωμεν,
918 1691 1001 1744 ὅτι
1036 1691 1099 1745 τὸ
1133 1691 1417 1764 σουδάριον
1461 1692 1650 1754 ,ἔκειτο
1683 1693 1809 1764 ίδζᾳ,
1853 1694 1929 1766 μὴ

341 1785 716 1856 ἀνασχώμεθα
759 1785 868 1838 τῶν
914 1784 1204 1854 λεγόντων,
1265 1786 1348 1839 ὅτι
1407 1786 1643 1856 ἐκλάπη.
1697 1789 1770 1841 Οὐ
1820 1789 1930 1858 γάρ

341 1873 523 1938 οὕτως
551 1877 776 1944 ἀνόητος
813 1871 883 1946 ἦν
923 1878 952 1930 ὁ
985 1877 1257 1942 κλέπτων,
1290 1876 1367 1941 ὡς
1397 1877 1526 1949 περὶ
1561 1879 1795 1947 πρᾶγμα
1831 1895 1930 1932 πε-

341 1969 538 2038 ριττὸν
580 1968 834 2021 τοσοῦτον
869 1969 1184 2023 ἀναλίσκειν
1240 1970 1456 2040 χρόνον,
1509 1972 1604 2023 καὶ
1659 1970 1933 2038 τοσαύτην

344 2059 592 2129 σπουδὴν
632 2059 1079 2126 ὄπιδείκνυσθαι,
1128 2046 1224 2116 καὶ
1272 2061 1349 2133 μὴ
1395 2063 1722 2132 ὑφορᾶσθαι,
1757 2065 1838 2117 ὅτι
1874 2066 1933 2116 ἑν

341 2152 466 2222 ὅσῳ
496 2153 808 2222 ἀσχολεῖται
850 2155 980 2223 περὶ
1017 2154 1212 2219 τοῦτο,
1246 2156 1379 2218 ῐσως
1412 2156 1738 2226 κατάφωρος
1775 2157 1934 2227 γενή-

345 2261 528 2298 σεται.
576 2245 711 2317 Ποία
762 2240 854 2298 οὖν
907 2245 1027 2316 ὥρᾳ⁵
1059 2245 1284 2315 γέγονεν
1323 2248 1356 2318 ἡ
1400 2246 1719 2311 ἀνάστασις,
1759 2247 1933 2312 οὐδεὶς

340 2329 494 2386 οἶδεν
517 2349 531 2364 ο
563 2332 750 2404 ὥσπερ
781 2333 874 2387 οὖν
906 2334 1002 2388 καὶ
1025 2336 1054 2386 ὁ
1082 2335 1180 2404 τῆς
1199 2333 1458 2405 δευτέρας
1487 2335 1789 2405 παρουσίας
1813 2351 1934 2387 και-

346 2425 450 2494 ρὸς
479 2424 692 2495 άδηλος.
728 2427 787 2479 Εἰ
815 2425 873 2478 δὲ
912 2425 941 2476 ὁ
990 2424 1090 2494 μὲν
1124 2425 1403 2488 Matinio;
1439 2426 1678 2493 ἑσπέρας
1711 2423 1933 2492 βαθείας

343 2517 504 2583 λέγει
543 2517 636 2570 τὸν
693 2519 915 2588 σεισμὸν
961 2518 1268 2587 γεγονέναι,
1305 2519 1334 2570 ὁ
1361 2517 1417 2570 δὲ
1472 2517 1748 2586 Ἰωάννης,
1791 2514 1934 2585 πρωῒ

347 2611 578 2674 σκοτίας
631 2611 711 2665 ἔτι
763 2611 930 2682 οῡσης
963 2616 1061 2684 τὴν
1111 2614 1335 2682 Μαρίαν
1379 2612 1469 2665 τὸν
1503 2612 1648 2665 λίθον
1697 2613 1934 2682 ἠρμένον

345 2701 616 2757 ἐλθοῦσαν
645 2703 796 2766 ἰδεῖν,
831 2706 929 2758 οὐκ
977 2706 1092 2759 ἐστι
1122 2705 1406 2774 διαφωνία.
1451 2705 1674 2774 Πρῶτον
1703 2705 1802 2774 μὲν
1825 2706 1936 2776 γάρ

346 2794 517 2848 τοῦτο
569 2813 765 2868 φαμεν,
821 2797 903 2850 ὅτι
939 2801 1089 2868 παρά
1135 2800 1232 2870 μὲν
1273 2800 1352 2869 τῷ
1385 2799 1652 2868 Ματθαίῳ
1681 2801 1936 2866 γυναῖκες

347 2882 524 2959 ἦλθον
557 2889 651 2957 ὀψὲ
683 2889 995 2953 Σαϐϐάτων,
1031 2891 1180 2962 παρὰ
1208 2893 1264 2945 δὲ
1294 2892 1371 2962 τῷ
1407 2891 1652 2961 Ἰωάννῃ,
1683 2893 1936 2959 γυναῖκες

347 2980 425 3032 οὐ
464 2981 894 3050 μνημονεύονται
928 2981 1022 3035 νῦν
1070 2983 1348 3054 (περιττὸν
1373 2982 1480 3052 γὰρ
1508 2978 1600 3053 ἦν,
1643 2982 1739 3035 τοῦ
1785 2984 1938 3036 Mar-

350 3071 518 3126 Oaiou
549 3074 793 3136 εἰπόντος
836 3071 1014 3140 τοῦτο,
1047 3075 1141 3128 καὶ
1171 3076 1266 3127 τὸν
1301 3074 1554 3143 Ἰωάννην
1600 3076 1661 3128 τὸ
1689 3075 1820 3128 αὐτὸ
1852 3075 1938 3127 λέ-

349 3163 527 3258 γειν.)
561 3166 696 3219 ἀλλὰ
733 3189 749 3217 ι
791 3168 1036 3239 Μαρίαή
1082 3167 1417 3237 Μαγδαληνὴ
1457 3168 1672 3238 ἔρχεται
1706 3169 1867 3238 πρωΐ.
1911 3186 1931 3220 ι
1967 3203 2008 3258 C

351 3257 619 3326 Atd'gopov.
664 3258 773 3328 γὰρ
824 3260 880 3310 αἱ
933 3260 1068 3328 πρὸς
1113 3260 1175 3311 τὸ
1207 3261 1469 3328 μνημεῖον
1510 3259 1770 3323 ἐλεύσεις,
1808 3261 1938 3312 ποτε

358 3348 470 3416 μὲν
513 3351 648 3416 μετὰ
688 3351 795 3401 τῶν
835 3350 1034 3404 λοιπῶν
1090 3353 1366 3420 γυναικῶν
1411 3352 1504 3420 τῆς
1537 3353 1752 3421 Μαρίας
1787 3354 1942 3420 ἐρχο-

361 3443 556 3510 μένης,
589 3443 718 3496 ποτὲ
748 3444 804 3496 δὲ
851 3446 1018 3513 μόνης
1053 3445 1244 3513 αὐτῆς.
1282 3444 1444 3496 Ὂθεν
1475 3447 1522 3496 οἱ
1557 3445 1941 3512 spargite“).

356 3534 464 3597 τὰς
495 3535 777 3605 διαφόρους
811 3536 1071 3600 ἐλεύσεις,
1121 3537 1278 3598 ἀλλος
1317 3536 1483 3604 ἀλλην
1525 3537 1796 3604 λέγοντες,
1853 3537 1937 3590 δο-

360 3627 524 3680 κοῦσι
567 3629 876 3698 διαφωνεῖν.
927 3630 1148 3698 Πρῶτον
1204 3629 1300 3700 μὲν
1354 3626 1447 3682 οὖν
1480 3629 1639 3683 τοῦτο
1687 3630 1940 3700 λέγομεν,

362 3721 451 3773 ὅτι
505 3721 670 3791 ἀλλην
713 3722 926 3775 ἐλευσιν
976 3723 1125 3790 λέγει
1175 3721 1452 3784 Ματθαῖος
1511 3723 1807 3790 γυναικῶν,
1851 3725 1944 3776 καὶ

362 3812 534 3883 ἄλλην
587 3812 858 3883 Ἰωάννης,
919 3816 1046 3884 μιᾶς
1090 3814 1348 3882 γυναικὸς
1396 3813 1494 3883 τῆς
1559 3813 1941 3882 Μαγδαληνῆς.

369 3906 603 3960 Ἔπειτα
648 3907 731 3970 τὸ,
769 3925 788 3957 ι
834 3908 1074 3978 ἑσπέρας
1125 3907 1368 3976 βαθείας,
1411 3925 1429 3957 ι
1477 3906 1569 3960 καὶ
1615 3906 1696 3968 τὸ,
1750 3925 1767 3957 ι
1799 3903 1944 3976 πρωῒ

367 3996 590 4060 σκοτίας
629 3995 711 4048 ἔτι
749 3995 936 4066 οὔσης,
984 4016 1002 4048 ι
1039 3998 1176 4067 ὅπερ
1239 3995 1424 4067 ἕτερος
1475 3996 1645 4066 λέγει,
1685 4013 1702 4046 ι
1745 3995 1946 4065 ὄρθρου

367 4088 584 4160 βαθέος,
626 4108 644 4142 ι
693 4091 772 4151 είς
805 4091 967 4142 ταὺτὸ
1008 4089 1300 4175 φέρουσινο
1352 4086 1494 4140 ὥστε
1542 4081 1683 4140 εἶναι
1715 4087 1948 4156 μεσονύ-

370 4196 524 4233 κτιον
553 4181 758 4243 πάντας
805 4179 1026 4242 τούτους
1074 4179 1201 4243 τοὺς
1244 4176 1492 4248 καιρούς.
1527 4177 1589 4231 ΕΙ.
1622 4177 1677 4230 δὲ
1711 4178 1944 4246 ἐρωτᾷς,

368 4267 489 4330 πῶς
513 4269 622 4322 τῶν
649 4269 902 4338 φυλάκων
935 4267 1410 4340 παρακαθημένων
1431 4266 1683 4336 Ἰωάννης
1715 4267 1809 4323 καὶ
1841 4267 1945 4318 [ἰέ-

367 4376 498 4430 τρος
527 4360 846 4432 είσῂρχοντο
876 4361 954 4424 εἰς
1000 4360 1060 4414 τὸ
1107 4360 1392 4432 μνημεῖον,
1423 4360 1515 4412 καὶ
1557 4360 1612 4413 αἱ
1649 4361 1908 4425 γυναῖκες
1929 4375 1941 4388 ·

371 4451 575 4516 ἁπλοῦς
598 4455 626 4506 ὁ
654 4452 828 4522 λόγος,
860 4454 941 4506 ὃτι
973 4452 1302 4514 ἀναστάντος
1334 4449 1430 4504 τοῦ
1460 4451 1687 4520 Κυρίου,
1725 4450 1820 4503 καὶ
1849 4451 1946 4503 σὺν

2030 594 2172 662 quod
2219 594 2518 662 contigerat
2549 595 2612 646 de
2639 609 2721 646 eo.
2759 592 2820 646 Et
2853 594 3102 663 discipuli
3131 595 3397 648 assistunt
3425 610 3603 650 manu.

2032 692 2234 748 mento,
2279 693 2332 736 et
2379 685 2560 736 vident
2611 701 2630 734 ι
2691 683 2860 738 lintea
2901 684 3016 738 suda
3073 685 3270 753 posita,
3309 702 3328 735 ι
3364 683 3526 754 759
3559 684 3613 739 id

2029 777 2172 845 quod
2199 791 2340 830 vera:
2380 775 2592 842 signum
2633 786 2748 828 erat
2780 775 3216 831 resurrectionis.
3251 776 3432 842 Neque
3465 779 3610 832 enim

2031 870 2074 920 si
2115 865 2519 921 transtulissent
2559 866 2779 934 quidam
2829 881 3048 934 corpus,
3086 868 3373 920 nudassent
3434 868 3560 919 illud
3595 883 3610 922 :

2028 975 2204 1028 neque
2237 960 2282 1013 si
2320 959 2478 1012 furati
2511 966 2713 1020 essent,
2745 972 2929 1011 curam
2966 957 3282 1010 habuissent
3308 958 3614 1026 di-potteudi

2036 1070 2056 1104 ι
2084 1052 2314 1114 sudarii,
2343 1071 2361 1103 ι
2391 1051 2698 1106 involvendi
2728 1061 2783 1105 et
2805 1049 3039 1121 ponendi
3065 1068 3082 1099 ι
3115 1051 3346 1104 seorsim
3372 1051 3422 1104 in
3447 1066 3616 1106 unum

2031 1145 2232 1210 locum,
2262 1163 2280 1195 ι
2308 1145 2401 1200 sed
2419 1145 2741 1213 simpliciter
2765 1145 2902 1197 sicut
2921 1144 3241 1212 potuissent,
3267 1141 3606 1212 accepissent

2029 1250 2248 1305 corpus.
2302 1235 2532 1304 Pr0pter
2587 1237 2687 1289 hoc
2715 1237 2878 1289 etiam
2921 1234 3252 1302 evangelista
3282 1235 3432 1303 prius
3476 1234 3624 1290 dixit.

2031 1330 2178 1399 quod
2207 1343 2330 1382 cum
2357 1327 2527 1384 multa
2567 1328 2788 1397 myrrha
2833 1325 3098 1394 sepultum
3128 1326 3305 1389 fuerit,
3340 1340 3460 1397 quae
3505 1341 3616 1378 non

2030 1423 2212 1478 minus
2230 1421 2492 1476 bitumine
2513 1421 2676 1474 lintea
2697 1419 2905 1489 corpori
2927 1419 3203 1473 adhazrere
3222 1417 3353 1472 facit
3372 1435 3388 1472 ι
3408 1427 3468 1472 ιιι
3486 1433 3610 1471 cum

2029 1515 2361 1570 audierimus
2387 1513 2530 1583 qund
2551 1513 2769 1568 sudaria
2798 1513 3024 1566 seorsim
3051 1511 3159 1564 illic
3184 1510 3382 1564 fuerint
3411 1511 3609 1577 posita.

2031 1621 2100 1663 ne
2145 1607 2434 1661 credamus
2483 1603 2787 1659 dicentibus
2838 1605 2978 1672 quod
3010 1601 3199 1655 furtim
3245 1602 3317 1655 sit
3352 1601 3612 1655 ablutus:

2040 1713 2212 1767 neque
2239 1697 2380 1753 enim
2406 1698 2478 1751 ita
2506 1695 2763 1764 insipiens
2794 1694 2982 1749 fuisset
3007 1692 3118 1761 fur,
3145 1696 3287 1764 quod
3317 1695 3368 1747 in
3396 1708 3508 1749 rem
3532 1709 3620 1748 su-

2031 1805 2351 1862 pervacuam
2387 1800 2592 1843 lautam
2610 1789 2986 1861 insumps‘ssvt
3007 1803 3191 1842 curant
3217 1798 3271 1840 et
3297 1797 3528 1856 tempus,
3558 1796 3616 1841 et

2034 1895 2138 1934 non
2163 1879 2353 1935 fuisset
2373 1880 2697 1948 suspicatus,
2721 1879 2862 1947 quod
2889 1879 3012 1931 dum
3043 1878 3095 1930 in
3117 1878 3199 1932 liis
3216 1885 3360 1932 esset
3380 1891 3609 1946 acettpa-

2037 1983 2144 2039 tus,
2202 1972 2434 2028 fortasse
2474 1973 2530 2027 in
2577 1973 2722 2026 furto
2765 1971 3277 2040 deprehenderetur.
3317 1970 3482 2040 Igitur
3509 1987 3614 2040 qua

2037 2065 2169 2120 liora
2200 2067 2415 2134 quidem
2451 2064 2608 2121 fuerit
2643 2065 2990 2132 resurrectio,
3033 2064 3207 2118 nullus
3237 2065 3362 2129 scit,
3387 2065 3532 2119 sicut
3561 2073 3619 2119 et

2037 2165 2248 2225 tempus
2272 2157 2493 2212 secundi
2528 2157 2795 2218 adventus
2828 2157 3114 2210 incertum.
3147 2157 3404 2221 Quamvis
3437 2165 3614 2209 autem

2033 2245 2318 2302 Martiiqu
2345 2247 2486 2300 dicat
2539 2244 2804 2316 profundo
2840 2261 3064 2315 veSpere
3092 2245 3294 2301 factum
3317 2260 3441 2302 esse
3463 2255 3623 2302 terra

2035 2349 2260 2404 motum,
2287 2339 2527 2396 Joannes
2560 2349 2739 2393 autem
2786 2354 2941 2394 mane
2983 2357 3001 2388 ι
3034 2353 3158 2394 cum
3203 2347 3384 2394 essent
3437 2337 3620 2392 adhuc

2038 2432 2296 2497 tenebrae,
2345 2449 2364 2484 ι
2398 2429 2620 2486 Mariam
2655 2432 2887 2498 venisse,
2918 2440 2974 2487 et
2999 2431 3197 2486 vidisse
3231 2439 3496 2487 remotum
3535 2428 3616 2480 la-

2037 2524 2215 2594 pidem
2241 2544 2254 2579 :
2280 2539 2382 2578 non
2408 2533 2494 2580 est
2517 2523 2820 2578 diversitas.
2850 2521 2990 2580 Nam
3018 2523 3250 2592 primum
3275 2520 3492 2588 quidem
3516 2519 3621 2574 hoc

2037 2615 2288 2680 dicimus.
2319 2616 2459 2684 quod
2487 2615 2628 2684 apud
2659 2612 2968 2668 Matthaznm
2995 2611 3208 2683 quidem
3243 2611 3500 2666 mulieres
3525 2623 3618 2662 ve-

2039 2714 2236 2760 nerunt
2277 2719 2499 2774 vespere
2540 2704 2900 2759 Sabbatorum
2935 2724 2946 2756 :
2981 2703 3119 2770 apud
3146 2699 3405 2758 Joannem
3437 2707 3619 2751 autem

2039 2797 2292 2854 mulieres
2331 2811 2475 2851 nunc
2519 2811 2629 2849 non
2671 2791 3060 2849 memorantur.
3089 2790 3432 2862 Superlluum
3471 2789 3616 2843 enim

2036 2890 2252 2954 fuisset,
2276 2904 2400 2944 cum
2420 2887 2703 2942 Mattlneus
2725 2887 2828 2942 huc
2852 2886 3001 2957 prius
3023 2885 3269 2946 dixisset,
3298 2892 3356 2935 ut
3384 2879 3621 2935 Jomnes

2043 2984 2232 3038 eadem
2259 2982 2480 3036 diceret.
2516 2981 2620 3036 Sed
2649 2999 2666 3031 ι
2697 2979 2861 3034 Maria
2883 2977 3198 3048 Magdalene
3218 2975 3360 3030 venit
3386 2987 3564 3028 mane.
3594 2992 3613 3028 ι

2041 3074 2193 3129 Multi
2228 3073 2370 3128 enim
2420 3073 2636 3126 fuerunt
2680 3073 2945 3126 adventus
2989 3068 3055 3124 ad
3092 3069 3400 3138 sepulcrum
3433 3083 3447 3118 ε
3476 3065 3621 3119 venit

2042 3167 2185 3221 enim
2216 3165 2486 3220 interdum
2515 3179 2636 3216 cum
2666 3163 2788 3216 aliis
2823 3160 3162 3224 mulieribus,
3207 3159 3475 3214 interdum
3519 3171 3620 3210 au-

2045 3268 2148 3311 tem
2181 3259 2314 3312 sola.
2363 3254 2513 3312 Unde
2549 3253 2889 3324 evangelista:
2933 3253 3110 3305 varias
3155 3249 3494 3303 vlsitatioues
3524 3260 3618 3312 po.

2045 3358 2292 3408 suerunt,
2317 3348 2564 3415 aliusque
2587 3346 2746 3399 aliam
2773 3345 3017 3399 dicentes
3043 3342 3292 3396 videntur
3313 3339 3620 3394 dissonare.

2043 3439 2175 3494 Nam
2211 3441 2445 3510 primum
2484 3439 2708 3508 quidem
2747 3436 2974 3491 dicimus
2997 3434 3142 3504 quod
3173 3431 3330 3484 aliam
3358 3430 3622 3482 visitatio-

2044 3549 2167 3589 nem
2211 3534 2351 3587 dicat
2405 3531 2690 3586 llauhmus
2733 3529 3043 3590 mulierum,
3087 3537 3139 3580 et
3183 3523 3342 3577 aliam
3386 3521 3623 3576 Joannes

2045 3626 2204 3680 unius
2255 3625 2494 3679 mulieris
2542 3621 2909 3692 Magdalenes.
2979 3617 3181 3672 Deinde
3229 3614 3496 3684 profundo
3540 3628 3627 3667 ve-

2045 3731 2223 3787 spere,
2271 3725 2324 3769 et
2382 3731 2402 3764 ι
2437 3727 2593 3767 inane
2635 3727 2756 3766 cum
2801 3709 2977 3762 adhuc
3004 3717 3188 3762 essent
3233 3706 3488 3768 tenebrae,
3521 3721 3540 3754 ι
3575 3703 3625 3756 id

2047 3807 2187 3874 quod
2208 3807 2344 3858 alius
2363 3803 2514 3864 dicit,
2557 3820 2574 3852 ι
2611 3799 2876 3870 profundo
2914 3795 3168 3858 diluculo,
3209 3814 3226 3846 ι
3260 3795 3311 3848 in
3342 3795 3480 3848 idem
3508 3801 3627 3846 teu-

2048 3898 2181 3949 dunt
2211 3909 2226 3952 :
2258 3897 2383 3966 quia
2409 3896 2589 3949 omnia
2632 3893 2722 3950 illa
2753 3902 2992 3960 tempora
3031 3887 3248 3944 fuerunt
3273 3888 3504 3941 medium
3531 3901 3627 3941 no-

2047 3989 2170 4044 ctis.
2204 3988 2258 4042 Si
2289 3997 2465 4040 autem
2501 3999 2656 4056 rogas
2693 3983 2965 4052 quomodo
2997 3979 3359 4035 assidentibus
3388 3978 3628 4032 custodi-

2048 4090 2148 4144 bus
2188 4085 2424 4142 Joannes
2452 4093 2506 4138 et
2556 4083 2747 4138 Petrus
2777 4079 3108 4136 accesserint
3147 4078 3214 4132 ad
3241 4075 3546 4148 sepulcrum
3575 4087 3631 4130 et

2050 4177 2307 4234 mulieres
2344 4193 2357 4228 :
2391 4185 2454 4230 ut
2487 4175 2799 4244 sitnplieiter
2831 4171 3028 4235 dicam,
3062 4185 3184 4225 mox
3220 4179 3279 4224 ut
3312 4169 3634 4223 resurrexis-

2049 4282 2130 4326 sel
2185 4269 2466 4335 Dominus,
2515 4279 2568 4322 et
2615 4265 2880 4320 astilissct
2919 4264 3143 4336 angelus
3193 4261 3448 4332 sepulcro
3506 4275 3630 4318 cunt

2053 4372 2387 4425 terranuotu,
2434 4343 2686 4415 custodes
2729 4359 2964 4422 iverunt,
2999 4366 3056 4409 ut
3103 4355 3418 4410 nuntiarent.
3447 4351 3635 4407 Phari-

2051 4455 2193 4516 Su'is,
2237 4466 2290 4508 et
2338 4455 2409 4508 ita
2454 4451 2703 4522 sepulcro
2746 4465 2776 4504 a
2806 4450 3089 4504 custodum
3132 4448 3382 4516 praesidio
3408 4446 3634 4510 relicto,

367 4542 451 4613 τῷ
481 4544 689 4612 σεισμῴ
716 4543 810 4598 τοῦ
843 4544 1072 4612 ἀγγέλου
1105 4541 1182 4612 τῷ
1215 4543 1368 4612 τάφῳ
1393 4540 1735 4605 ἐπιστάντος.
1765 4542 1815 4594 oi
1841 4540 1941 4610 φύο

2055 4545 2361 4603 libertatent
2388 4542 2678 4598 accedendi
2712 4541 3020 4595 habuerunt
3050 4536 3324 4607 discipuli.

367 4641 535 4704 λακις
586 4637 826 4706 ἀπῆλθον
853 4635 1286 4706 ἀπαγγέλλοντες
1325 4637 1437 4697 τοῖς
1475 4635 1810 4705 Φαρισαίοις,
1853 4635 1948 4689 καὶ
1983 4635 2127 4690 οὕτω
2155 4637 2247 4691 τοῦ
2282 4637 2568 4707 μνήματος
2605 4631 3012 4701 ἀπαλλαγέντος
3077 4629 3177 4700 τῆς
3239 4631 3637 4700 στρατιωτικῆς

368 4735 637 4809 φρουράς,
670 4730 854 4785 ἄδειαν
883 4729 1039 4801 ἔσχον
1063 4730 1110 4780 οί
1143 4726 1382 4798 μαθηταὶ
1421 4725 1850 4796 προσέρχεσθαι.

448 4847 468 4881 ι
501 4827 614 4882 Καὶ
663 4821 1014 4895 παρακύψας,
1048 4821 1234 4891 βλέπει
1277 4821 1506 4890 κείμενα
1543 4824 1610 4873 τά
1644 4821 1858 4875 ὀθόνια⁶
1890 4821 1949 4873 ού

374 4920 563 4993 μᾶντοι
613 4915 883 4986 εἰσῆλθεν.
924 4913 1184 4983 Ἔρχεται
1217 4907 1310 4964 οὖν
1361 4911 1546 4981 Σίμων
1580 4911 1784 4980 Πέτρος
1823 4911 1957 4964 ἀκοθ

371 5012 581 5068 λουθῶν
631 5008 802 5080 αὐτῷ,
858 5006 950 5060 καὶ
997 5005 1247 5075 εἰσῆλθεν
1299 5003 1378 5064 είς
1428 5001 1489 5055 τὸ
1523 5004 1811 5072 μνημεῖον,
1860 5001 1956 5056 καὶ

376 5107 576 5176 θεωρεῖ
611 5106 681 5157 τά
714 5101 893 5154 ὀθόνια
924 5097 1156 5169 κείμενα
1192 5096 1349 5166 μόνα,
1382 5095 1476 5148 καὶ
1505 5095 1565 5146 τὸ
1599 5093 1902 5161 σουδάριον,
1929 5093 1957 5147 ὃ

375 5195 446 5272 ἦν
471 5200 566 5250 ἐπὶ
592 5197 690 5263 τῆς
719 5191 956 5262 κεφαλῆς
987 5187 1175 5251 αὐτοῦ,
1201 5187 1261 5240 οὐ
1299 5185 1437 5256 μετά
1461 5185 1569 5239 τῶν
1597 5184 1817 5238 ὀθονίων
1845 5183 1961 5238 κεί·

383 5307 565 5362 μενον,
609 5286 744 5339 ἀλλά
800 5284 965 5354 χωρὶς
1007 5277 1452 5346 ἐντετυλιγμένον
1501 5278 1579 5339 εἰς
1631 5276 1729 5329 ἕνα
1766 5274 1956 5327 τόπον.

380 5381 517 5436 Τότε
563 5378 655 5432 οὖν
711 5374 928 5443 εἰσῆλθε
985 5372 1076 5424 καὶ
1131 5373 1160 5424 ὁ
1215 5369 1373 5430 ἀλλος
1429 5366 1676 5436 μαθητὴς
1718 5367 1746 5419 ὁ
1786 5364 1957 5418 ἐλθὼν

383 5472 599 5542 πρῶτος
627 5469 706 5530 είς
730 5468 791 5520 τδ
815 5465 1099 5534 μνημεῖον,
1124 5463 1220 5514 καὶ
1251 5460 1326 5512 ἴδε
1359 5461 1455 5513 καὶ
1479 5458 1814 5511 ἐπίστευσεν.
1853 5457 1960 5510 0'3-

382 5563 531 5616 δέπω
565 5559 674 5630 γὰρ
716 5557 932 5628 ᾔδεισαν
962 5554 1058 5621 τὴν
1092 5551 1337 5621 Γραφὴν,
1369 5549 1449 5601 ὅτι
1480 5549 1560 5600 δεῖ
1585 5548 1746 5601 αὑτὸν
1783 5551 1845 5601 ἐκ
1878 5565 1962 5599 νε-

386 5649 538 5721 κρῶν
582 5645 904 5714 ἀναστῆναι.
935 5641 1203 5710 Ἀπῆλθον
1243 5635 1336 5692 οὖν
1381 5637 1541 5690 πάλιν
1574 5639 1706 5706 πρὸς
1741 5640 1965 5702 ἑαυτοὺς

386 5747 437 5798 oi
486 5739 747 5813 μαθηταί.
805 5738 995 5806 Μαρία
1028 5734 1082 5786 δὲ
1136 5733 1378 5802 εἱστήκει
1425 5730 1560 5798 πρὸς
1609 5730 1668 5780 τὸ
1705 5731 1966 5798 μνημεῖον

390 5835 652 5892 κλαίουσα
703 5831 828 5897 ἔξω.
872 5829 958 5890 Ὠς

1005 5822 1096 5879 οὖν
1149 5823 1356 5888 ἔκλαιε,
1403 5821 1720 5891 παρέκυψεν
1777 5825 1856 5883 εἰς
1909 5821 1970 5874 τὸ

2061 4887 2064 4890 ,
2141 4820 2298 4878 Vens.
2336 4817 2488 4874 5-13.
2530 4834 2548 4867 ι
2582 4815 2646 4868 Et
2678 4829 2798 4868 cum
2832 4828 2892 4869 se
2925 4811 3260 4874 inclinasset,
3295 4807 3426 4866 vidit
3467 4809 3636 4877 posita

2067 4909 2397 4971 linteamina,
2429 4920 2538 4960 non
2562 4915 2742 4958 tamen
2773 4901 3014 4956 intravit.
3064 4899 3221 4952 Vertit
3271 4913 3401 4966 ergo
3452 4897 3638 4950 Simon

2065 4999 2258 5054 Petrus
2298 5013 2529 5064 sequens
2553 5011 2700 5060 eum,
2731 5003 2785 5047 et
2817 4992 3061 5046 introivit
3088 4990 3140 5043 in
3207 4999 3636 5042 monumentum.

2067 5090 2134 5143 Et
2164 5089 2306 5142 videt
2332 5087 2646 5140 linteamina
2679 5085 2872 5155 posita,
2899 5092 2955 5136 et
2985 5081 3261 5136 sudarimn
3286 5079 3428 5148 quod
3465 5076 3644 5130 fuerat.

2065 5196 2231 5250 super
2259 5188 2418 5248 caput
2441 5179 2576 5246 ejus,
2603 5192 2706 5228 non
2757 5191 2879 5230 cum
2909 5171 3310 5228 linteaminibus
3377 5169 3637 5238 positum,

2064 5275 2159 5327 sed
2193 5271 2482 5340 separatim
2505 5267 2802 5322 involutum
2833 5267 2883 5320 in
2920 5280 3084 5319 unum
3117 5263 3311 5318 locum.
3337 5260 3488 5320 Tunc
3513 5273 3643 5330 ergo

2064 5362 2310 5415 introivit
2339 5371 2391 5414 et
2421 5359 2506 5414 ille
2541 5359 2679 5412 alius
2723 5356 3019 5426 discipulus
3060 5353 3154 5421 qui
3210 5360 3436 5406 venerat
3484 5350 3634 5418 prior

2066 5453 2132 5506 ad
2200 5462 2602 5506 monumentum
2642 5492 2658 5517 ,
2722 5450 2956 5518 viditque
2986 5435 3061 5500 et.
3096 5443 3342 5500 credidit.
3395 5441 3644 5496 Nundqu

2069 5545 2214 5600 enim
2265 5553 2526 5596 noverant
2564 5543 2916 5611 Scripturant,
2976 5535 3117 5608 quod
3167 5536 3493 5602 oportuisset
3520 5549 3641 5588 cum

2073 5653 2104 5692 ιι
2146 5636 2374 5690 mortuis
2399 5648 2696 5702 resurgere.
2747 5630 3011 5685 Abieiuut
3037 5644 3164 5698 ergo
3200 5643 3384 5682 rursus
3408 5626 3649 5692 discipu-

2071 5729 2105 5782 li
2143 5730 2208 5780 ad
2241 5725 2583 5792 semetipsos.
2611 5721 2774 5775 Maria
2806 5731 2985 5773 autent
3017 5722 3193 5773 stabat
3232 5719 3297 5771 ad
3322 5731 3641 5770 monumen-

2075 5833 2185 5878 tum
2226 5818 2389 5890 760
2453 5817 2605 5883 loris,
2664 5816 2900 5884 plorans.
2969 5814 3104 5867 Dum
3167 5829 3294 5882 ergo
3356 5809 3646 5872 ﬂeret,in-
