4056 6580
439 384 543 452 291

1287 371 1870 436 THEOPHYLACTI
1906 372 2322 435 BULGARl/E
2361 371 2718 434 ABCHIEP.

3584 377 3691 440 292

441 497 664 556 clinavit
689 509 746 551 se
792 492 848 550 in
876 493 1312 552 monumentum,
1368 493 1423 540 et
1452 481 1598 538 videt
1624 483 1758 537 duos
1788 480 2006 549 angelos

2113 481 2405 550 μνημεῖον·
2441 481 2534 532 καὶ
2569 479 2766 550 θεωρεῖ
2796 477 2889 531 δύο
2904 477 3171 548 ἀγγέλους
3205 481 3262 534 ὲν
3293 479 3530 549 λευκοῖς,
3564 486 3706 538 καθ’

446 590 673 644 amictos
718 584 875 650 albis,
929 581 1178 638 sedentes
1212 592 1376 632 unum
1421 575 1488 631 ad
1526 583 1689 644 caput
1711 582 1764 626 et
1791 573 2016 626 alterum

447 682 512 735 ad
544 681 704 750 pedes
725 676 833 730 illic
859 673 949 728 ubi
983 679 1278 743 posuerant
1307 683 1505 738 corpus
1537 665 1688 721 Jesu.
1750 665 1948 720 Dicunt
1966 665 2014 718 ei

446 774 520 828 illi
560 771 805 834 :Mulier,
853 767 984 836 quid
1033 765 1266 836 ploras?
1317 762 1460 818 Dicit
1488 762 1615 817 ei's':
1673 761 2018 814 Sustulerunt

452 863 731 915 Dominum
768 874 970 918 meum,
1005 867 1059 910 et
1095 855 1278 910 nescio
1309 856 1398 908 ubi
1455 866 1756 923 posuerunt
1811 867 1954 905 eum.
1990 868 2010 902 ι

444 955 578 1010 Vide
609 954 696 1009 hic
729 969 889 1022 quau.
917 951 1130 1004 alienus
1164 963 1191 1000 a
1231 946 1369 1000 fastu
1397 947 1468 1000 sit
1491 946 1849 1016 evangelista,
1881 959 2019 1012 quo—

444 1049 606 1102 modo
629 1052 856 1098 lestetur
895 1041 1225 1110 diligentiam
1252 1038 1395 1092 Petri
1434 1041 1484 1092 in
1522 1039 1836 1093 scrutando.
1883 1037 2016 1090 Nam

440 1155 562 1194 cum
588 1139 702 1207 ipse
732 1135 1101 1207 praevenisset,
1137 1141 1190 1186 et
1216 1133 1436 1185 vidisset
1468 1151 1484 1182 ι
1521 1131 1753 1200 jacentia
1784 1131 1969 1192 lintea,
1995 1148 2012 1178 ι
2043 1175 2076 1203 κ

437 1249 545 1286 non
582 1232 720 1284 ultra
775 1231 990 1283 curiose
1057 1228 1249 1296 quaerit
1289 1268 1302 1289 ,
1339 1228 1432 1279 sed
1489 1235 1765 1294 exspectat
1814 1225 1962 1277 ἱιιιιιιι
1999 1242 2014 1277 :

439 1323 636 1378 Petrus
699 1333 878 1376 autem
940 1321 1374 1374 ferventissimus
1422 1319 1784 1373 iutroaressus
1837 1316 2014 1368 omnia

437 1416 722 1483 diligenter
760 1411 1085 1482 exploravit,
1110 1420 1237 1463 tunc
1264 1409 1346 1462 hic
1379 1418 1502 1476 post
1539 1408 1686 1461 illum
1743 1409 2016 1476 ingressus

441 1525 460 1557 ι
490 1507 622 1560 vidit
649 1524 665 1556 ι
688 1503 1006 1575 εειριιιοινιιῐο
1033 1505 1326 1569 separatim
1349 1501 1544 1571 posita,
1567 1518 1585 1549 ι
1613 1515 1675 1553 ac
1699 1501 1962 1552 credidit:
1991 1516 2010 1549 ι

439 1615 542 1650 non
574 1599 712 1664 quod
742 1598 1070 1651 surrexisset
1094 1596 1378 1656 Dominus,
1411 1593 1502 1647 sed
1533 1592 1672 1661 quod
1701 1591 1841 1644 furto
1867 1590 2018 1644 abla-

439 1705 522 1743 tus
558 1701 722 1744 esset.
759 1688 1000 1742 Credidit
1057 1687 1201 1742 enim
1249 1685 1430 1738 Maria.-
1464 1685 1684 1748 dicenti,
1713 1701 1732 1733 ι
1764 1681 2014 1736 Sustule-

439 1793 564 1834 t'ttut
593 1779 902 1834 Doluinunt.
933 1797 951 1830 ι
993 1778 1173 1844 Quare
1220 1789 1400 1829 autem
1465 1775 1696 1829 credidit
1727 1773 1907 1826 Maria!
1956 1780 2012 1826 et

2123 571 2433 641 εζομένους,
2470 572 2565 624 ἕνα
2632 572 2769 640 πρὸς
2805 573 2870 642 τῇ
2915 572 3147 642 κεφαλῇ,
3179 575 3276 625 καὶ
3302 574 3400 628 Eva
3427 575 3562 644 πρὸς
3590 579 3705 639 τοῖς

2123 665 2302 726 ποσὶν,
2331 664 2464 716 ὅπου
2495 663 2673 715 ἔκειτο
2699 663 2758 715 τὸ
2791 663 2949 732 σῶμα
2993 663 3086 715 τοῦ
3133 663 3334 734 Ἰησοῦ.
3371 666 3481 717 Kal.
3509 665 3705 734 λέγον-

2125 771 2210 808 σιν
2240 756 2378 825 αὐτῇ
2411 757 2609 808 ἐκείνοι
2635 773 2650 786 ·
2686 755 2874 817 Γύναι,
2911 755 2963 808 τί
3007 755 3246 819 κλαίεις;
3277 757 3442 824 Λέγει
3481 758 3696 821 αὐτοῖς’

2124 846 2246 898 Ὀτι
2275 842 2418 915 ἦραν
2461 849 2552 898 τὸν
2586 847 2789 916 Κύριὸν
2821 863 2943 915 μου,
2979 850 3070 901 καὶ
3099 850 3200 900 ούκ
3223 845 3339 900 οἴδα
3371 849 3473 901 ποῦ
3497 848 3525 901 ε
3545 857 3704 914 ἰηκαν

2122 939 2303 990 αὐτόν.
2349 956 2366 987 ι
2418 939 2616 990 Σκόπει
2663 954 2755 1006 μοι
2786 938 2846 990 τὸ
2883 937 2978 989 τοῦ
3025 938 3412 1005 εὐαγγελιστοῦ
3474 939 3699 1008 ἄτυφον,

2122 1031 2237 1089 πῶς
2270 1031 2368 1098 τὴν
2395 1030 2680 1100 ἀκρίϐειαν
2704 1031 2798 1098 τῆς
2823 1030 3051 1099 ἐρεύνης
3081 1031 3156 1098 τῷ
3194 1031 3383 1099 Πέτρῳ
3415 1045 3707 1100 προσμαρ-

2124 1125 2294 1191 τυρεῖ.
2343 1121 2669 1191 Προφθάσας
2701 1122 2809 1190 γάρ
2852 1121 3035 1183 αὐτὸς,
3074 1123 3167 1173 καὶ
3200 1120 3323 1173 ἰδὼν
3367 1139 3387 1171 ι
3428 1125 3496 1174 τά
3519 1122 3703 1174 ὀθόνια

2121 1217 2371 1282 κείμενα,
2417 1235 2434 1265 ι
2473 1214 2626 1266 οὐδὲν
2667 1213 2828 1266 πλέον
2875 1214 3343 1284 πολυπραγμονεῖ,
3381 1214 3518 1266 ἀλλᾶ
3566 1215 3700 1266 ἀνα-

2125 1305 2274 1374 μένει
2306 1308 2532 1359 ἐκεῖνον.
2577 1307 2781 1374 Πέτρος
2810 1306 2865 1358 δὲ
2899 1308 2927 1358 6
2955 1307 3287 1377 θερμότατος
3317 1306 3580 1376 ἐνδοτέρω
3605 1322 3701 1373 γε-

2122 1401 2368 1468 νόμενος,
2419 1399 2635 1452 ἅπαντα
2677 1403 3070 1452 κατώπτευσεν
3127 1401 3394 1469 ἀκριϐῶς,
3454 1403 3548 1452 καὶ
3579 1400 3700 1451 τότε

2118 1487 2272 1554 οὗτος
2316 1493 2432 1561 μετ’
2483 1495 2690 1546 ἐκεῖνον
2741 1492 3020 1553 εἰσελθὼν,
3067 1512 3086 1544 ι
3147 1491 3253 1545 είδε
3295 1512 3312 1543 ι
3365 1491 3432 1545 τὰ
3465 1491 3696 1559 ἐντάφια

2116 1583 2458 1653 διῃρημένως
2499 1585 2746 1652 κείμενα.
2810 1602 2828 1634 ι
2872 1586 2966 1636 καὶ
3011 1584 3356 1648 ἐπίστευσεν,
3403 1602 3422 1634 ι
3458 1585 3557 1654 οὐχ
3611 1583 3697 1636 ὅτι

2118 1675 2317 1744 ἀνέστη
2365 1674 2396 1725 6
2430 1674 2652 1744 Κύριος,
2686 1674 2803 1725 ἀλλ’
2847 1675 2930 1727 ὅτι
2969 1674 3203 1744 ὲκλάπη.
3231 1674 3555 1726 Ἐπίστευσε
3586 1673 3698 1742 γάρ

2116 1767 2196 1836 τῷ
2241 1766 2338 1834 τῆς
2381 1765 2597 1835 Μαρίας
2657 1766 2801 1836 λόγῳ
2863 1765 3160 1837 εἰπούσης·
3204 1784 3222 1816 ι
3263 1768 3383 1819 Ὀτι
3431 1762 3575 1836 ἦραν
3604 1767 3699 1818 τὸν

434 1889 539 1928 non
571 1872 827 1941 cogitavit
858 1871 1000 1940 quod
1053 1869 1433 1926 surrexisset?
1488 1885 1509 1919 ι
1558 1865 1803 1920 Nondum
1864 1866 2007 1920 enim

2121 1825 2342 1929 Κύριον.
2385 1879 2404 1910 ι
2440 1825 2539 1911 Διὰ
2571 1825 2625 1912 τί
2651 1825 2939 1913 ἐπίστευσε
2965 1863 3031 1932 τῇ
3081 1825 3295 1931 'biapia,
3327 1861 3423 1913 καὶ
3450 1825 3551 1913 οὐκ
3583 1860 3700 1913 ἐλο-

431 1966 705 2019 Sciverant
728 1962 1087 2029 Scripturam,
1107 1961 1250 2031 quod
1274 1959 1558 2028 oportebat
1579 1974 1700 2012 eum
1729 1972 1758 2010 a
1784 1955 2009 2011 mortuis

433 2065 734 2119 resurgere,
775 2069 792 2101 ι
833 2061 886 2104 et
916 2059 1200 2119 propterea
1228 2048 1573 2102 crediderunt
1607 2047 1806 2112 Mariae,
1833 2041 2011 2116 suspi-

433 2152 734 2211 canturque
763 2142 964 2196 furtum
997 2150 1050 2196 et
1083 2141 1432 2195 ablationem.
1484 2138 1653 2210 Igitur
1677 2141 1728 2192 bi
1793 2141 2006 2208 quidem

438 2251 458 2285 ι
492 2234 738 2288 abierunt
769 2234 834 2286 ad
885 2233 1114 2302 seipsos,
1158 2250 1179 2284 ι
1212 2233 1264 2287 id
1294 2242 1376 2287 est
1403 2247 1499 2302 per
1537 2231 1759 2300 seipsos,
1795 2241 1848 2284 et
1875 2230 2007 2285 nihil

431 2327 571 2378 ultra
641 2325 916 2380 curiosius
973 2326 1329 2392 inquirentes.
1392 2327 1461 2378 At
1518 2323 1684 2377 Maria
1723 2323 2009 2394 (muliebre

425 2417 569 2471 enim
627 2432 794 2486 genus
827 2415 1203 2478 aﬂ‘eclionibus
1254 2417 1426 2486 magis
1480 2417 1774 2470 obnoxium
1830 2424 1886 2470 et
1937 2416 2004 2470 ad

427 2510 693 2577 lacrymas
772 2509 1123 2578 propensum)
1188 2515 1315 2562 ante
1366 2508 1671 2577 sepulcrum
1760 2515 1898 2571 stat,
1953 2517 2009 2562 et

432 2599 630 2668 plorat.
679 2599 813 2666 Quia
864 2601 1009 2654 enim
1043 2616 1150 2654 non
1206 2600 1438 2654 habebat
1475 2599 1682 2663 Jesum,
1716 2599 1798 2655 vel
1829 2600 2006 2656 locum

426 2692 616 2746 videns
642 2694 693 2746 in
731 2707 837 2762 quo
884 2692 1063 2746 fuerat
1119 2694 1352 2762 positum
1399 2693 1756 2748 desiderabile
1786 2709 2005 2766 corpus,

425 2801 492 2840 ex
534 2785 638 2840 hoc
668 2786 783 2840 solo
838 2787 1267 2840 consolationem
1302 2786 1510 2841 invenit
1542 2800 1557 2839 :
1611 2788 1754 2841 unde
1782 2797 1837 2842 et
1892 2803 2005 2841 ma-

427 2879 601 2945 jorem
677 2888 913 2931 meretur
977 2879 1241 2932 visionem
1314 2893 1476 2948 quam
1537 2879 1810 2949 discipuli.
1874 2879 2005 2946 Quae

426 2973 570 3022 enim
608 2969 680 3022 illi
714 2984 819 3022 non
861 2969 1131 3036 viderunt,
1170 2984 1232 3024 ea
1263 2969 1377 3025 haec
1406 2972 1715 3040 conspicata
1742 2982 1844 3038 est,
1869 2971 2006 3027 duos

427 3060 649 3130 angelos
689 3078 707 3110 ι
743 3060 984 3129 inquam.
1027 3060 1272 3114 Maxilua:
1330 3070 1507 3116 autem
1538 3062 1892 3117 consolationi
1955 3063 2004 3118 ei

2116 1952 2327 2020 γίσατο,
2358 1952 2441 2004 ὅτι
2489 1955 2723 2021 ἀνέστης
2769 1969 2787 2003 ι
2819 1951 2986 2005 Οὔπω
3009 1953 3116 2021 γάρ
3154 1953 3375 2023 ᾔδεισαν
3406 1952 3505 2021 τὴν
3555 1953 3700 2018 Γραο

2117 2043 2242 2113 φὴν,
2278 2045 2360 2097 ὅτι
2403 2045 2485 2097 δεῐ
2513 2045 2676 2098 αὑτὸν
2713 2046 2777 2097 ἐκ
2806 2044 3018 2114 νεκρῶν
3047 2045 3371 2115 ἀναστῆναι,
3403 2063 3423 2096 ι
3469 2043 3562 2097 καὶ
3601 2043 3694 2096 διὰ

2113 2139 2273 2190 τοῦτο
2302 2139 2631 2191 ἐπίστευσαν
2663 2141 2729 2208 τῇ
2773 2137 2984 2208 Μαρία,
3035 2139 3242 2208 κλοπὴν
3277 2138 3369 2190 καὶ
3403 2135 3697 2207 μετάθεσιν

2115 2230 2208 2284 τοῦ
2244 2229 2498 2297 σώματος
2523 2229 2922 2300 θποπτευούσῃ.
2954 2223 3114 2284 Οὗτοι
3148 2231 3247 2300 μὲν
3275 2228 3370 2282 οῦν
3399 2247 3418 2278 ι
3453 2226 3699 2299 ἀπῆλθον

2115 2322 2252 2392 πρὸς
2282 2323 2500 2388 αὐτοις,
2542 2341 2560 2372 ι
2595 2323 2866 2386 τουτέστι,
2911 2322 3034 2376 καθ’
3067 2323 3316 2384 ἑαυτοὺς,
3348 2321 3500 2374 οὐδὲν
3529 2319 3696 2372 πλέον

2117 2415 2639 2484 περιεργασάμειοι.
2671 2415 2858 2484 Μαρία
2901 2415 2959 2469 δὲ
2995 2415 3075 2484 (τὸ
3107 2417 3213 2484 γάρ
3248 2415 3560 2482 γυναικεῖον
3596 2411 3695 2477 γέ-

2113 2523 2204 2570 νος
2252 2508 2552 2578 περιπαθὲς
2614 2513 2707 2563 καὶ
2746 2509 3068 2582 φιλόδακρυ)
3121 2511 3255 2581 προς
3307 2508 3368 2562 τὸ
3427 2509 3698 2578 μνημεῖον

2114 2597 2329 2650 ἴσταται
2354 2601 2448 2652 καὶ
2479 2598 2679 2654 κλαίει.
2723 2601 2874 2654 ‘Eml.
2917 2602 3026 2672 γάρ
3060 2601 3161 2654 οὐκ
3191 2595 3305 2671 εἶχε
3333 2600 3425 2652 τὸν
3459 2597 3694 2668 Ἰησοῦν,

2113 2690 2204 2742 τὸν
2249 2691 2416 2745 τόπον
2456 2692 2644 2760 βλέπει
2687 2695 2814 2747 ἔνθα
2853 2695 2930 2762 τὸ¹
2965 2694 3301 2765 ποθούμενον
3337 2694 3496 2764 σῶμα
3557 2709 3701 2745 κατ-

2116 2783 2303 2851 ετέθη,
2355 2786 2418 2837 ἐκ
2465 2785 2657 2838 τούτου
2716 2786 2878 2856 μόνου
2941 2786 3293 2856 παραμυθίαν
3327 2785 3695 2854 εὐρίσκουσα·

2114 2877 2236 2928 ὃθεν
2275 2879 2367 2929 καὶ
2411 2877 2654 2941 ἀξιοῦται
2689 2880 2933 2947 μείζονος
2960 2878 3248 2942 ὀπτασίας,
3285 2879 3316 2949 ἣ
3347 2878 3396 2930 οἱ
3429 2875 3694 2947 μαθηταί.

2120 2971 2184 3022 Ἀ
2234 2970 2344 3040 γάρ
2389 2971 2585 3022 ἐκεῖνοι
2630 2971 2730 3023 οῦκ
2779 2967 2938 3036 εἶδον,
2991 2971 3164 3024 ταῦτα
3214 2971 3353 3040 αὑτὴ
3408 2968 3693 3031 τεθέαται,

2119 3077 2138 3110 ι
2171 3060 2263 3112 δύο
2304 3062 2568 3128 ἀγγέλους
2613 3081 2631 3113 ι
2677 3062 2839 3132 φημί.
2896 3062 2986 3124 Εἰς
3020 3062 3286 3132 μεγίστην
3319 3063 3375 3114 δὲ
3409 3060 3546 3130 αὐτῇ
3582 3076 3698 3111 πα-

426 3163 547 3210 erat
605 3153 920 3222 angelorum
986 3165 1328 3222 conspectus,
1366 3165 1420 3208 et
1479 3153 1717 3224 fulgidus
1792 3157 2001 3210 illorum

2114 3154 2386 3224 ραμυθίαν
2417 3155 2449 3224 ἡ
2481 3154 2590 3206 τῶν
2627 3157 2876 3223 ἀγγέλων
2905 3155 3028 3225 ὄψις
3058 3157 3296 3223 ἐγένετο.
3340 3155 3449 3208 Καὶ
3477 3156 3587 3223 γὰρ
3627 3153 3697 3206 τὸ

429 3247 666 3300 babitns.
700 3264 719 3298 ι
755 3246 954 3300 Sedere
972 3255 1146 3299 autem
1177 3261 1340 3299 untnn
1373 3247 1438 3299 ad
1466 3258 1626 3315 caput
1677 3256 1729 3302 et
1774 3248 2000 3302 alterum

425 3342 492 3394 ad
525 3340 708 3408 pedes,
769 3359 786 3391 ι
828 3339 1139 3393 manifestat
1164 3341 1306 3406 quod
1337 3341 1518 3394 sciant
1577 3341 1705 3410 quid
1750 3342 2004 3411 amplius,

423 3444 480 3487 et
511 3434 555 3488 si
590 3443 866 3500 rogentur,
894 3446 1055 3502 posse
1082 3431 1301 3488 docere.
1345 3431 1518 3487 Poiro
1545 3432 1793 3498 dicendo,
1836 3451 1854 3484 ι
1894 3433 2007 3487 Cur

422 3525 645 3594 ploras?
677 3544 695 3577 ι
717 3539 909 3594 magna
931 3525 1312 3594 compassioue
1335 3523 1548 3594 plenum
1573 3533 1673 3578 est.
1698 3523 1831 3577 Nam
1860 3534 1918 3579 nt
1943 3541 2009 3581 ne

427 3617 677 3672 turbetur
709 3618 906 3671 mulier
938 3617 1366 3686 interrogatione
1397 3619 1518 3681 bac,
1545 3619 2004 3686 perturbationem

424 3709 662 3762 mulieris
697 3711 1018 3777 reprimunt,
1053 3720 1335 3764 mansuete
1363 3726 1428 3764 ac
1489 3710 1697 3778 placide
1753 3713 2004 3775 dicendo,

430 3803 674 3870 «Mulier,
703 3805 828 3875 quid
858 3805 1080 3876 ploras?
1108 3825 1126 3858 ›
1164 3805 1253 3860 Illa
1285 3819 1462 3860 autem
1501 3823 1689 3876 magna
1729 3805 2006 3862 allectione

423 3907 477 3950 et
506 3911 691 3950 amore
724 3898 875 3962 dicit,
932 3916 950 3949 ι
990 3897 1337 3953 Sustulerunt
1390 3901 1676 3954 Dominum
1740 3917 1939 3965 meum,
1982 3919 2000 3952 ι

421 3999 815 4058 proptereaque
848 3989 999 4059 ploro
1033 4006 1048 4042 :
1085 3991 1268 4044 nescio
1297 3991 1442 4043 enim
1483 4007 1590 4059 quo
1631 3990 2008 4044 transtulerint

420 4095 565 4146 cum,
591 4090 648 4133 ut
665 4095 728 4134 eo
758 4083 958 4135 vadens
979 4083 1231 4152 iuungam
1251 4096 1470 4151 corpus.
1491 4093 1544 4136 et
1567 4083 1650 4136 vel
1675 4085 2001 4137 mediocrem

423 4188 488 4226 ex
519 4187 584 4225 eo
616 4173 1036 4227 consolationem
1069 4177 1363 4230 inveniam.
1411 4177 1490 4229 Tu
1541 4191 1669 4229 vero
1730 4178 1876 4230 disce
1918 4175 2008 4230 hic

422 4263 640 4320 Petrum
695 4269 990 4337 practicum
1043 4275 1097 4322 et
1142 4269 1433 4335 fervidum,
1492 4268 1756 4326 Joannem
1828 4278 2006 4323 autem

423 4359 905 4426 eontemplativum
957 4372 1011 4415 et
1042 4363 1106 4416 ad
1139 4362 1449 4416 divinorum
1493 4361 1856 4431 cognitionem
1898 4362 2010 4416 ido-

424 4464 606 4504 neum.
639 4451 847 4521 Swpins
891 4453 1055 4522 igitur
1113 4453 1566 4523 contemplativus
1595 4453 1906 4522 COgnitione
1951 4463 2006 4510 ct

2113 3249 2298 3315 σχῆμα
2325 3246 2506 3298 αὐτῶν
2539 3247 2784 3318 φαιδρὸν,
2820 3247 2914 3300 καὶ
2959 3247 3020 3300 τὸ
3049 3248 3317 3318 καθῆσθαι
3347 3248 3404 3300 δὲ
3453 3247 3650 3309 αὐτοὺς
3671 3285 3692 3308 ,

2119 3355 2136 3388 ι
2177 3336 2274 3390 ἕνα
2323 3338 2458 3408 πρὸς
2486 3341 2550 3408 τῇ
2583 3340 2814 3410 κεφαλῇ,
2857 3340 2952 3393 καὶ
2979 3340 3076 3395 ’ένα
3113 3342 3249 3410 πρὸς
3292 3342 3402 3404 τοῖς
3442 3341 3620 3400 ποσὶν,
3662 3355 3687 3390 ι

2109 3428 2357 3498 ἐμφαίνει
2394 3430 2590 3494 αὐτοὺς
2626 3431 2830 3494 εἰδότας
2877 3449 2930 3485 τι
2958 3433 3138 3496 πλέον,
3172 3435 3266 3486 καὶ
3324 3431 3420 3486 ἐὰν
3477 3433 3694 3502 ἐρωτη-

2111 3519 2265 3584 θῶσι,
2306 3522 2513 3586 διδάξαι
2553 3523 2903 3593 δυναμένους.
2955 3526 3064 3578 Kai.
3113 3525 3174 3579 τὸ
3213 3527 3387 3578 εἰπεῖν
3420 3525 3498 3588 δὲ,
3554 3543 3572 3576 ι
3620 3523 3692 3576 Τί

2111 3609 2347 3675 κλαίεις,
2393 3630 2412 3662 ι
2455 3613 2799 3684 συμπαθείας
2836 3614 3036 3685 πολλῆς
3089 3617 3268 3686 γέμει.
3308 3616 3422 3668 Ἵνα
3473 3619 3573 3684 γάρ
3612 3615 3690 3684 μὴ

2108 3704 2353 3774 ταραχθῇ
2394 3706 2470 3768 ὡς
2505 3707 2664 3776 γυνὴ,
2720 3707 2807 3760 διὰ
2845 3708 2945 3776 τῆς
2993 3710 3312 3778 ἐρωτήσεως
3348 3707 3553 3778 ταύτης
3581 3723 3688 3760 κα·-

2108 3795 2491 3848 ταστέλλουσιν
2537 3797 2709 3866 αὐτῆς
2763 3796 2860 3868 τὴν
2894 3801 3163 3868 ταραχὴν,
3207 3798 3509 3866 συμπαθῶς
3543 3798 3690 3850 οὕτω

2111 3886 2204 3937 καὶ
2241 3888 2428 3956 πράως
2459 3889 2866 3958 ἐρωτήσαντεςο
2905 3907 2924 3940 ι
2964 3889 3151 3955 Γύναι,
3184 3891 3234 3943 τί
3269 3889 3508 3956 κλαίεις;
3553 3907 3572 3940 ι
3618 3888 3687 3942 Ἡ

2107 3978 2164 4031 δὲ
2206 3983 2525 4050 περιπαθῶς
2573 3983 2691 4052 ἅμα
2738 3986 2832 4038 καὶ
2867 3985 3258 4055 φιλοστόργως,
3298 4005 3318 4038 ι
3359 3988 3504 4039 Διότι
3541 3981 3684 4056 ἦραν

2108 4073 2202 4123 τ“ν
2235 4073 2438 4142 Κυριόν
2476 4090 2599 4143 μου,
2642 4095 2660 4126 ι
2717 4079 2873 4146 φησὶ,
2906 4077 2994 4131 διὰ
3043 4079 3208 4131 τοῦτο
3255 4078 3450 4131 κλαίω·
3481 4078 3543 4131 ού
3574 4075 3682 4146 γὰρ

2108 4156 2223 4214 οἶδα
2262 4163 2365 4216 ποῦ
2417 4165 2725 4234 μετέθηκαν
2775 4168 2960 4231 αὑτὸν,
3010 4168 3095 4221 ἶνα
3132 4169 3312 4221 ἐκεῖσε
3348 4167 3679 4230 ἀπελθοῦσα,

2111 4255 2393 4324 περιχυθῶ
2423 4255 2501 4326 τῷ
2537 4257 2773 4328 σώματι,
2826 4260 2921 4312 καὶ
2957 4259 3310 4331 παραμυθίαν
3342 4261 3558 4328 εὑρήσω
3584 4273 3684 4328 μισ

2106 4348 2267 4418 τρίαν
2292 4348 2444 4416 γοῦν.
2478 4351 2549 4404 Σὺ
2576 4351 2632 4404 δέ
2662 4369 2751 4421 μοι
2780 4353 2889 4406 νόει
2917 4354 3121 4423 Πέτρον
3149 4354 3272 4424 μὲν,
3297 4353 3358 4406 τὸ
3382 4351 3684 4422 πρακτικὸν

2108 4441 2203 4494 καὶ
2233 4441 2433 4513 θερμόν
2453 4458 2467 4472 ·
2512 4445 2768 4516 Ἰωάννην
2800 4445 2876 4510 δὲ,
2904 4445 2965 4498 τὸ
2991 4446 3324 4517 θεωρητικὸν
3351 4446 3445 4498 καὶ
3485 4443 3684 4513 εὐφυὲς

423 4543 641 4609 ingenio
692 4547 973 4610 praevenit,
1025 4547 1299 4607 practicus
1364 4555 1544 4599 autem
1591 4546 1859 4615 posterior
1897 4556 2001 4610 est,

2113 4535 2236 4606 περὶ
2274 4535 2374 4606 τὴν
2401 4535 2510 4588 τῶν
2542 4537 2703 4589 θείων
2731 4537 2954 4606 ⁴γνῶσιν.
2997 4539 3264 4602 Πολλάκις
3288 4534 3382 4591 οὖν
3430 4539 3682 4608 προλαμ-

421 4643 657 4687 attamen
695 4634 907 4690 fervore
943 4653 1004 4690 ac
1034 4637 1214 4690 studio
1266 4635 1410 4690 illius
1444 4637 1612 4691 vincit
1641 4653 1888 4693 acumen.
1931 4639 2000 4693 Et

419 4726 568 4780 videt
593 4727 740 4796 prior
772 4729 1012 4782 divinum
1047 4729 1316 4798 quoddam
1345 4730 1661 4800 mysterium
1706 4731 1997 4800 praeticus.

419 4819 504 4871 An
544 4834 648 4871 non
671 4819 775 4873 tale
802 4822 1058 4888 quiddam
1096 4821 1360 4890 contingit
1388 4821 1441 4874 in
1500 4821 1840 4891 disciplinis?
1881 4821 2002 4877 Ete-

425 4909 536 4964 nim
558 4927 679 4965 cum
709 4915 816 4967 duo
846 4913 998 4981 pueri
1023 4922 1169 4979 sunt,
1190 4927 1328 4967 unus
1363 4913 1578 4983 ingenio
1602 4914 1831 4980 acutior,
1865 4913 2002 4968 alter

427 5002 652 5066 tardior,
691 5015 1030 5073 praeoccupat
1056 5005 1142 5060 hic
1157 5020 1255 5060 suo
1277 5007 1458 5060 studio
1485 5005 1817 5060 velocitatem
1845 5013 2003 5060 natu-

425 5109 499 5148 rae
530 5095 773 5151 alterius.
803 5097 1014 5152 Etenim
1043 5099 1094 5152 in
1123 5099 1494 5168 spiritualibus
1534 5113 1680 5166 saepe
1710 5098 2002 5167 practieus,

425 5192 482 5240 et
512 5201 762 5242 sermone
781 5189 967 5252 idiota,
996 5205 1156 5245 sensu
1184 5191 1436 5260 quiddam
1468 5191 1752 5246 sublimius
1779 5191 2008 5260 percipit

425 5280 866 5349 contemplativo.
899 5281 1004 5334 Sed
1049 5291 1101 5335 et
1127 5283 1303 5338 omnis
1335 5283 1512 5337 anima
1553 5298 1670 5352 quae
1700 5283 2011 5336 dominatur

429 5367 824 5434 aﬂ'ectionibus,
858 5369 1022 5424 Maria
1060 5371 1281 5426 dicitur.
1341 5373 1570 5439 Pnrgata
1624 5372 1780 5442 761
1839 5372 2003 5440 igitur

426 5474 522 5528 per
549 5459 891 5514 aﬂ‘eetionum
920 5462 1307 5530 depositionem
1342 5501 1358 5526 ,
1413 5462 1556 5516 videt
1607 5461 1791 5518 Jesum
1843 5463 2002 5516 simul

430 5551 595 5605 Deum
625 5562 681 5605 et
711 5551 1002 5607 hominem.
1050 5553 1186 5608 Nam
1235 5555 1546 5625 angelorum
1582 5571 1718 5609 unus
1751 5556 1840 5624 qui
1878 5573 1896 5605 ι
1936 5556 2001 5607 ad

432 5650 592 5711 caput
637 5661 656 5695 ι
690 5645 860 5707 sedet,
896 5645 1109 5700 deitatis
1135 5646 1436 5716 symbolum
1491 5659 1593 5712 est,
1631 5647 1768 5700 alter
1823 5655 1999 5698 autem

439 5750 458 5784 ι
492 5735 553 5787 ad
589 5735 751 5803 pedes
787 5754 806 5788 ι
841 5736 1231 5792 incarnationis
1267 5738 1451 5801 Verbi,
1483 5754 1602 5806 quae
1628 5748 1707 5792 est
1735 5747 2000 5792 extrema.

2109 4626 2259 4679 δάνει
2283 4628 2382 4697 μὲν
2403 4629 2430 4680 6
2451 4627 2778 4699 θεωρητικὸς
2804 4633 2869 4700 τῇ
2901 4631 3099 4698 γνώσει
3148 4633 3241 4684 καὶ
3277 4634 3342 4702 τῇ
3395 4631 3590 4701 εὐφυΐᾳ
3609 4645 3625 4660 ⁸
3649 4631 3682 4683 6

2107 4718 2165 4772 δὲ
2196 4721 2516 4789 πρακτικὸς,
2563 4722 2803 4790 ὑστερεῖ,
2833 4723 2949 4776 ἀλλ’
2975 4725 3122 4793 ὅμως
3153 4728 3217 4794 τῇ
3257 4725 3548 4795 θερμότητι
3584 4725 3682 4778 καὶ

2105 4811 2274 4883 πολλῇ
2305 4815 2510 4886 σπουδῇ
2551 4817 2679 4887 νικᾷ
2709 4815 2808 4887 τὴν
2849 4818 3059 4871 ἐκείνου
3085 4818 3340 4888 ὀξύτητα,
3367 4821 3460 4872 καὶ
3493 4819 3680 4889 βλέπει

2106 4905 2322 4976 πρῶτος
2365 4906 2511 4960 θεῖόν
2562 4926 2616 4962 τι
2666 4911 2964 4980 μυστήριον
3001 4913 3031 4963 6
3083 4914 3408 4981 πρακτικός.
3447 4914 3515 4965 Ἦ
3559 4911 3682 4982 ούχὶ

2106 4999 2344 5052 τοιοῦτόν
2368 5017 2420 5052 τι
2463 5002 2558 5054 καὶ
2591 5005 2648 5055 ὲν
2686 5005 2800 5066 τοῖς
2843 5004 3129 5074 μαθήμασι
3159 5007 3397 5072 γίνεται;
3434 5007 3541 5057 Καὶ
3569 5005 3679 5074 γάρ

2103 5092 2161 5143 ἐν
2191 5091 2402 5154 τούτοις
2433 5093 2526 5145 δύο
2572 5094 2779 5147 παίδων
2807 5096 2996 5160 ὄντων,
3032 5100 3060 5150 6
3086 5099 3424 5168 άφυέστερος
3457 5098 3553 5150 καὶ
3586 5101 3680 5165 ἁρ-

2105 5184 2329 5256 γότερος
2380 5185 2754 5256 προλαμϐάνει
2793 5191 2858 5258 τῇ
2909 5190 3110 5260 σπουδῇ
3155 5193 3214 5242 τὸ
3248 5193 3410 5260 τάχος
3450 5192 3548 5254 τῆς
3581 5191 3679 5244 τοῦ

2107 5275 2296 5346 ἑτέρου
2334 5277 2570 5344 φύσεως.
2622 5279 2738 5331 Κάν
2767 5283 2876 5343 τοῖς
2905 5286 3296 5352 πνευματικοῖς
3325 5285 3379 5336 δὲ
3415 5285 3680 5346 πολλάκις

2109 5371 2136 5422 6
2163 5370 2466 5440 πρακτικὸς
2497 5371 2591 5424 καὶ
2622 5371 2836 5443 ίδιὼτης
2867 5373 2943 5442 τῷ
2967 5375 3130 5444 λόγῳ,
3161 5376 3340 5446 νόημά
3375 5394 3425 5428 τι
3461 5378 3680 5442 ἐδέξατο

2111 5465 2354 5532 κρεῖττον
2407 5463 2502 5515 τοῦ
2556 5461 2916 5534 θεωρητικοῦ.
2983 5467 3144 5520 Ἀλλά
3196 5471 3288 5520 καὶ
3337 5471 3484 5521 πᾶσα
3522 5469 3680 5538 ψυχὴ

2109 5558 2443 5624 κυριεύσασα
2469 5557 2577 5609 τῶν
2604 5557 2790 5611 παθῶν
2839 5561 3026 5630 Μαρία
3051 5560 3290 5629 λέγεται.
3325 5563 3681 5632 Καθαρθεῖσα

2106 5645 2199 5700 οὖν
2248 5647 2333 5700 διὰ
2380 5647 2479 5716 τῆς
2538 5650 2828 5715 ἀπαθείας,
2861 5652 2963 5724 ὁρᾷ
2991 5653 3082 5706 τὸν
3124 5654 3332 5724 Ἰησοῦν
3374 5655 3504 5707 Θείν
3540 5655 3680 5724 ὁμοῦ

2109 5733 2204 5786 καὶ
2243 5736 2551 5804 ἄνθρωπον.
2574 5740 2637 5792 Oi
2660 5741 2768 5811 γὰρ
2787 5742 3028 5810 ἄγγελοι,
3048 5745 3075 5795 6
3109 5745 3205 5813 μὲν
3228 5764 3245 5795 ι
3269 5745 3404 5816 πρὸς
3425 5749 3489 5817 τῇ
3511 5765 3684 5813 κείρει-

434 5821 499 5894 λῇ
535 5844 554 5878 ι
587 5826 896 5898 καθήμενος
920 5831 1021 5900 τῆς
1063 5831 1316 5901 θεότητός
1352 5835 1469 5885 ἐστι
1506 5831 1800 5901 σύμϐολον·
1844 5833 1871 5884 6
1893 5830 1947 5882 δὲ
1987 5846 2005 5880 ι
2048 5829 2184 5897 πρὶς
2208 5833 2316 5892 τοῖς
2351 5836 2495 5897 ποσῖ,
2537 5851 2554 5873 ς
2578 5833 2679 5897 τῆς
2708 5835 2942 5905 ἐσχάτης
2990 5837 3083 5888 τοῦ
3114 5838 3290 5905 Λόγου
3322 5837 3678 5906 σαρκώσεως.
