4056 6594
319 375 434 441 293

967 373 1415 438 ENARRATIO
1453 373 1534 434 IN
1566 373 2066 435 EVANGELIUM
2108 373 2450 436 JOANNIS.
2490 401 2560 414 -
2592 375 2753 438 CAP.
2793 375 2926 436 XX.

3483 377 3590 442 294

404 504 424 536 ι
483 483 596 538 Καὶ
645 481 820 538 ταῦτα
861 483 1114 549 εἰποῦσα,
1173 484 1422 554 ἐστράφη
1472 485 1552 546 εἰς
1619 482 1689 536 τὰ
1735 482 1912 536 ὀπίσω

2086 483 2253 540 Vens.
2293 484 2478 539 16-18.
2514 503 2532 536 ι
2572 483 2696 545 llaec
2729 499 2852 539 cum
2900 485 3162 550 dixisset,
3203 499 3465 542 conversa
3507 500 3595 543 est

321 575 421 630 καὶ
462 575 658 647 θεωρεῖ
697 576 790 628 τὸν
853 575 1064 645 Ἰησοῦν
1111 577 1346 640 ἑστῶτα,
1389 575 1484 628 καὶ
1532 573 1633 627 οὐκ
1677 572 1797 644 ᾔδει
1829 573 1912 625 ὅτι

338 670 554 739 Ἰησοῦς
610 671 750 722 ἐστι.
803 669 965 736 Λέγει
1016 669 1153 739 αὐτῇ
1205 670 1235 722 6
1297 666 1542 736 Ἰησοῦςο
1616 666 1804 730 Γύναι,
1859 664 1912 718 τί

325 763 579 824 κλαίει;;
612 764 735 814 τίνα
763 762 984 832 ζητείςς
1025 762 1240 832 Ἐκείνη
1271 761 1327 812 δέ
1359 759 1614 824 δοκοῦσα,
1645 760 1726 812 ὅτι
1749 760 1778 810 6
1807 775 1913 825 κη-

322 857 529 928 πουρός
561 858 697 918 ἐστι,
719 856 865 923 λέγει
897 854 1044 927 αὐτῷ
1069 871 1083 885 ’
1112 854 1306 923 Κύριε,
1326 856 1374 906 εἰ
1394 853 1458 906 σὺ
1489 853 1795 914 ἐϐάστασας
1819 852 1914 905 αὐ-

321 952 445 1013 τὸν,
485 949 606 1002 εἰπέ
642 967 756 1018 μοι,
790 948 893 1000 ποῦ
928 948 1131 1017 ἔθηκας
1166 949 1350 1010 αὑτὸν,
1395 945 1550 1013 κάγὼ
1580 946 1741 998 αὐτὸν
1773 945 1911 1014 ἀρῶ.

323 1042 500 1111 Λέγει
549 1042 686 1110 αὐτῇ
741 1042 769 1093 6
805 1041 1053 1111 Ἰησοῦςσ
1107 1040 1315 1108 Μαρία.
1378 1040 1687 1108 Στραφεῖσα
1732 1038 1913 1108 ἐκείνη

321 1133 479 1201 λέγει
502 1133 654 1203 αὐτῷ
683 1149 698 1164 ⁸
746 1133 1019 1197 Ῥαϐουνὶ,
1053 1133 1080 1184 ὃ
1113 1132 1353 1200 λέγεται,
1396 1131 1709 1185 διδάσκαλε.
1751 1131 1916 1198 Λέγει

321 1230 470 1299 αὐτῇ
498 1231 526 1282 6
558 1227 766 1298 Ἰησοῦς
787 1245 800 1259 ’
845 1229 936 1296 Μή
977 1245 1078 1297 μου
1113 1228 1286 1281 ἆπτου
1311 1244 1325 1258 ·
1370 1225 1523 1279 οὔπω
1556 1226 1665 1297 γὰρ
1714 1224 1914 1279 ἀναϐέ-

332 1323 486 1392 ϐηκα
516 1320 648 1391 πρὸς
680 1321 771 1373 τὸν
811 1320 1032 1388 Πατέρα
1075 1337 1196 1389 μου.
1244 1318 1484 1388 Πορεύου
1531 1319 1586 1371 δὲ
1624 1318 1760 1388 πρὸς
1789 1319 1916 1380 τοὺς

323 1415 598 1483 ἀδελφούς
635 1433 757 1484 μου,
797 1417 894 1467 καὶ
917 1415 1038 1467 εἰπὲ
1065 1416 1247 1478 αὐτοῖς
1267 1432 1283 1446 ο
1325 1413 1631 1466 Ἀναϐαίνω
1661 1413 1797 1484 πρὸς
1827 1413 1917 1464 τὸν

328 1506 561 1575 Πατέρα
599 1523 723 1574 μου,
760 1507 856 1558 καὶ
888 1506 1107 1576 Πατέρα
1142 1507 1320 1575 ὑμῶν,
1366 1507 1462 1560 καὶ
1500 1505 1635 1558 Θεὸν
1665 1522 1788 1577 μου,
1824 1505 1917 1558 καὶ

320 1597 471 1649 Θεὸν
514 1597 686 1666 ὑμῶν,
722 1597 979 1666 Ἔρχεται
1019 1596 1208 1664 Μαρία
1250 1599 1282 1667 ή
1314 1596 1670 1667 Μαγδαληνὴ,
1723 1597 1918 1664 ἀπαγ-

319 1688 602 1756 γέλλουσα
630 1690 743 1750 τοῖς
771 1689 1070 1758 μαθηταῖς,
1098 1689 1178 1740 ὅτι
1207 1688 1418 1757 ἐώρακε
1447 1688 1540 1740 τὸν
1569 1685 1794 1758 Κύριον,
1824 1686 1918 1739 καὶ

321 1781 513 1832 ταῦτα
565 1775 720 1832 εἶπεν
752 1782 916 1849 αὐτῇ.
957 1797 974 1830 ι
1021 1781 1176 1842 Τίνος
1217 1780 1404 1833 ἕνεκεν
1447 1779 1695 1852 ἐστράφη
1727 1783 1808 1842 εἰς
1850 1778 1919 1832 τὰ

322 1870 518 1922 ὀπίσω
552 1871 782 1940 Μαρία;
811 1871 943 1940 πρὸς
970 1874 1078 1942 γὰρ
1100 1871 1224 1934 τοὺς
1255 1870 1523 1939 ἀγγέλους
1550 1869 1835 1941 ὁμιλοῦσα,
1866 1869 1918 1922 τί

324 1962 631 2025 πέπονθεν,
663 1963 752 2015 ἵνα
785 1965 995 2032 στραφῇ
1022 1965 1099 2025 εἰς
1133 1962 1204 2014 τὰ
1243 1963 1452 2028 ὀπίσως
1487 1963 1709 2015 Ἔοικεν
1734 1961 1828 2016 οὖν
1859 1963 1917 2013 ἐν

323 2055 453 2124 ὅσῳ
479 2052 615 2124 αὕτη
649 2057 760 2116 τοίς
797 2055 1050 2122 ἀγγέλοις
1095 2055 1310 2124 ὡμίλει,
1359 2057 1387 2108 6
1435 2053 1643 2124 Ἰησοῦς
1690 2054 1919 2117 ἐπιστὰς

329 2145 570 2198 ὁπισθεν
597 2147 788 2214 αὐτῆς,
829 2148 1097 2218 ἐκπλῆξαι
1129 2148 1352 2211 αὐτοὺς,
1393 2147 1680 2211 κάκείνους
1717 2148 1916 2201 θεασα-

340 2240 548 2309 μένους
580 2239 670 2290 τὸν
709 2238 1010 2307 Δεσπότην,
1049 2241 1144 2291 καὶ
1183 2237 1262 2308 τῷ
1300 2238 1560 2308 σχήματι,
1603 2237 1800 2308 καὶτῷ
1833 2253 1921 2290 κιο

331 2334 572 2399 νήματι,
607 2331 704 2384 καὶ
735 2330 814 2400 τῷ
850 2332 1122 2401 βλέμματι
1173 2333 1414 2402 ἐμφῆναι
1451 2331 1674 2392 εὐθέως,
1719 2331 1800 2383 ὅτι
1825 2329 1916 2384 τὸν

331 2423 552 2492 Κύριον
594 2418 754 2486 είδον,
803 2421 1080 2476 καὶτοῦτο
1110 2424 1210 2494 τὴν
1255 2426 1491 2492 γυναῖκα
1538 2420 1749 2474 ἰδοῦσαν
1793 2423 1920 2476 ἐπι-

333 2514 656 2585 στραφῆναι
702 2516 782 2576 ei;
833 2519 904 2570 τὰ
945 2517 1142 2570 ὀπίσω.
1191 2516 1317 2581 Τοῖς
1372 2513 1473 2586 μὲν
1522 2513 1615 2566 οὖν
1667 2512 1921 2582 ἀγγέλοις

329 2607 506 2675 τυχὸν
534 2609 592 2660 ἐν
636 2607 995 2678 ἐκπλήττοντι
1035 2608 1275 2679 σχήματι
1303 2607 1500 2676 ἐφάνη,
1534 2607 1601 2673 τῇ
1635 2604 1693 2658 δέ
1726 2603 1918 2673 Μαρίᾳ

329 2698 445 2751 οὐκ
476 2698 576 2766 ἔτι,
606 2700 720 2752 ἀλλ’
772 2702 830 2752 ἐν
870 2700 1079 2752 εὐτελεῖ
1107 2700 1203 2753 καὶ
1243 2697 1431 2767 κοινῷ.
1467 2697 1560 2749 Διδ
1586 2701 1676 2749 καὶ
1706 2713 1918 2766 κηπου-

339 2790 443 2860 ρὸν
490 2791 651 2842 αὐτὸν
705 2790 955 2860 ἐνόμισεν
988 2787 1150 2852 εἶναι’,
1183 2788 1277 2840 τοῦ
1324 2790 1501 2858 κήπου
1529 2787 1730 2858 δηλαδὴ
1774 2786 1917 2840 ἐκείο

333 2899 464 2945 νου,
500 2884 555 2934 ἐν
577 2875 620 2949 ᾧ
655 2882 714 2933 τὺ
743 2885 1006 2953 μνημεῖον
1035 2877 1124 2951 ἦν.
1157 2880 1320 2933 Ὅθεν
1346 2880 1440 2932 καί
1471 2897 1644 2949 φησι·
1673 2899 1690 2930 ι
1725 2877 1915 2950 Κύριε,

330 2972 397 3022 εἰ
432 2973 494 3024 σὺ
525 2973 834 3036 ἐϐάστασας
867 2974 1029 3025 αὐτόν
1056 2988 1070 3002 °
1112 2991 1130 3022 ι
1153 2972 1448 3036 τουτέστιν,
1485 2973 1625 3024 Εἰσὶ)
1649 2971 1916 3039 ἔκλεψας*

333 3063 443 3115 καὶ
476 3064 534 3115 οὐ
574 3063 721 3132 λέγει
756 3065 848 3116 τὸν
906 3063 1136 3127 Ἰησοῦν,
1171 3063 1308 3127 ἀλλ’,
1345 3082 1363 3114 ι
1395 3063 1578 3127 αὑτὸν,
1621 3082 1639 3113 i
1680 3064 1754 3126 ὡς
1781 3064 1917 3132 πρὸς

335 3153 526 3208 εἰδότα
559 3154 856 3224 ποιουμένη
879 3155 970 3207 τὸν
1003 3154 1180 3219 λόγον.
1229 3172 1247 3206 ι
1288 3155 1348 3206 El
1391 3155 1454 3206 σὺ
1485 3154 1664 3206 τοίνυν
1685 3154 1917 3206 ἐϐάστα-

339 3262 471 3308 σας,
510 3264 528 3296 ι
564 3246 682 3316 ῆτοι
711 3241 873 3318 ἤρας,
905 3247 1000 3299 καὶ
1045 3246 1276 3315 ἔκλεψας
1308 3245 1580 3308 ἐντεῦθεν,
1619 3264 1638 3297 σ
1675 3246 1794 3298 εἰπέ
1831 3263 1920 3315 μοι

335 3336 453 3389 ποῦ
489 3337 690 3408 ἔθηκας
745 3339 928 3402 αὑτὸν,
962 3338 1118 3407 καγὼ
1164 3339 1328 3393 αὑτὸν
1356 3339 1496 3409 ἀρῶ,
1540 3357 1559 3390 ι
1611 3337 1706 3390 καὶ
1760 3355 1926 3408 μετα-

336 3429 498 3499 θὴσω
532 3433 608 3493 είς
650 3431 838 3502 ἕτερον
871 3431 1057 3494 τόπον,
1111 3429 1240 3482 ἔνθα
1274 3429 1711 3500 μεγαλοπρεπῶς
1745 3430 1924 3500 ταφή-

336 3539 520 3576 σεται.
559 3524 720 3587 Ἴσως
754 3523 859 3592 γὰρ
903 3522 1152 3591 ἐφοϐεῖτο
1205 3524 1401 3593 μήπως
1449 3523 1501 3576 οί
1540 3522 1782 3576 Ἰουδαῖοι
1830 3523 1925 3576 καὶ

336 3613 526 3684 νεκρῷ
579 3613 660 3685 τῷ
717 3614 931 3683 σώματι
978 3616 1445 3685 ἐμπαροινήσωσι,
1498 3616 1596 3669 καὶ
1636 3614 1726 3668 διὰ
1769 3611 1925 3666 τοῦτο

338 3705 600 3758 ἐϐούλετο
665 3707 745 3768 είς
803 3706 988 3776 ἕτερον
1040 3708 1203 3760 τόπον
1260 3708 1536 3775 ἄγνωστον
1610 3706 1924 3777 μεταθεῖναι

336 3799 896 3868 τοῦτο.Φιλόστοργος
933 3799 1032 3869 μὲν
1062 3796 1154 3852 οὖν
1187 3801 1219 3868 ἡ
1267 3800 1461 3870 γνώμη
1499 3799 1598 3870 τῆς
1628 3800 1910 3867 γυναικὸς,

341 3895 406 3944 οὗ
439 3893 545 3961 μὴν
576 3892 782 3962 ὑψηλόν
813 3909 866 3944 τι
895 3894 1268 3961 φαντασθῆναι
1300 3892 1595 3963 δυναμένη.
1645 3891 1736 3944 Διὸ
1765 3891 1860 3944 καὶ
1897 3893 1926 3944 6

343 3980 572 4053 Κύριος,
625 3984 751 4036 ἐπεὶ
800 3982 875 4054 μὴ
924 3985 1016 4052 ἀφ’
1078 3984 1278 4053 ἑαυτῆς
1328 3983 1570 4053 ἠδυνήθη
1628 3983 1833 4052 ὑψηλόν
1867 4000 1920 4037 τι

342 4074 561 4143 νοῆσαι,
609 4075 718 4126 ἀπὸ
746 4076 843 4144 τῆς
891 4075 1059 4128 αὑτοῦ
1096 4075 1578 4145 φωνῆςιγνωρίςει
1605 4075 1744 4144 αὐτῇ
1797 4074 1926 4126 ἐαυ-

341 4165 458 4218 τὸν.
487 4165 743 4228 Καλέσας
770 4166 878 4234 γὰρ
923 4167 1082 4237 μόνον
1109 4167 1170 4219 τὸ
1201 4167 1391 4236 ὄνομα,
1439 4166 1576 4236 αὐτῇ
1608 4165 1807 4234 γνῶσιν
1839 4164 1928 4218 διὰ

343 4255 538 4308 τούτου
581 4256 908 4311 ἐντέθεικεν.
947 4258 1158 4329 Ὠσπερ
1190 4258 1301 4321 τοῖς
1343 4257 1621 4321 Ἰουδαίοις
1666 4257 1796 4310 ποτέ
1829 4255 1928 4326 μὲν

350 4348 704 4418 ἐγνωρίζετο,
734 4350 864 4402 ποτέ
892 4349 947 4403 δέ
969 4350 1164 4422 ἄδηλος
1189 4346 1256 4420 ἦν
1282 4351 1375 4403 καὶ
1409 4349 1598 4419 παρών
1622 4363 1635 4377 ’
1664 4349 1808 4402 οὓτω
1834 4349 1928 4401 καὶ

351 4437 748 4509 φθεγγόμενος,
781 4440 943 4510 ἡνίκα
967 4439 1241 4504 ἐϐούλετο,
1267 4441 1392 4492 τότε
1431 4438 1706 4510 γνώριμον
1735 4439 1925 4492 ἑαυτὸν

2019 587 2340 640 retrorsum,
2393 585 2448 630 et
2497 575 2644 630 videt
2685 575 2870 630 Jesum
2914 585 3172 639 stantem.
3217 588 3271 632 et
3315 580 3596 635 nesciebat

2017 669 2156 736 quod
2186 665 2342 721 Jesus
2376 676 2542 720 esset.
2580 667 2717 720 Dicit
2749 667 2796 720 ei
2826 667 2986 722 Jesus
3024 684 3038 722 :
3069 666 3280 735 Mulier,
3321 670 3448 739 quid
3477 669 3594 740 plo-

2019 775 2106 814 ras
2137 759 2160 812 ‘1
2186 758 2354 825 Quem
2389 759 2634 827 qua'ris?
2666 758 2758 812 llla
2809 760 3131 814 existimans
3173 763 3318 830 quod
3353 762 3596 816 hortula-

2018 867 2117 905 mis
2150 862 2316 915 esset,
2353 851 2478 905 dicit
2511 851 2560 904 ei
2591 868 2607 904 :
2643 851 2887 915 Domine,
2925 852 2971 906 si
3012 861 3064 905 tu
3110 855 3400 923 asportain
3443 868 3589 920 eum,

2017 945 2185 1000 dii-ito
2222 945 2349 998 mihi
2404 945 2491 998 ubi
2526 945 2773 1010 posueris
2817 959 2964 1009 eum,
3009 953 3066 998 et
3107 959 3206 1011 ego
3234 945 3414 1000 tollam
3447 959 3594 1000 eum.

2019 1036 2158 1090 Dicit
2191 1038 2238 1090 ei
2273 1035 2432 1090 Jesus
2465 1053 2478 1090 :
2513 1034 2705 1090 Maria.
2741 1035 3015 1090 Conversa
3049 1035 3142 1089 illa
3171 1035 3302 1090 dicit
3331 1036 3412 1090 ei:
3447 1036 3596 1091 Rab-

2017 1128 2164 1193 boui,
2218 1130 2361 1197 quod
2395 1129 2594 1182 dicitur
2642 1129 2921 1197 magister.
2968 1126 3109 1181 Dicit
3156 1129 3205 1181 ei
3254 1127 3445 1184 Jesus:
3476 1127 3596 1184 Noli

2020 1235 2105 1273 me
2156 1227 2401 1288 tangere.
2470 1218 2720 1272 Nondum
2782 1220 2927 1273 enim
2984 1219 3204 1273 ascendi
3256 1224 3320 1271 ad
3379 1217 3595 1273 Patrem

2013 1323 2218 1363 .meuni.
2281 1309 2384 1362 Sed
2439 1309 2573 1362 vade
2629 1310 2696 1362 ad
2749 1307 2946 1362 fratres
2994 1323 3166 1375 meos,
3222 1318 3274 1362 et
3331 1309 3417 1364 dic
3471 1309 3594 1364 eis:

2015 1397 2268 1454 Asccndo
2308 1399 2374 1453 ad
2429 1399 2648 1453 Patrem
2684 1413 2865 1452 meum
2909 1409 2963 1452 et
2996 1399 3214 1452 Patrem
3250 1410 3512 1461 vestrum,
3545 1408 3602 1454 et

2019 1490 2185 1544 Deum
2237 1507 2411 1545 meum
2455 1501 2509 1545 et
2550 1491 2713 1543 Deum
2749 1499 3011 1544 vestrum.
3057 1487 3217 1544 Venit
3279 1489 3448 1543 Maria
3489 1489 3600 1543 Ma-

2020 1583 2264 1653 gdalene,
2296 1583 2628 1636 annuntians
2661 1581 2941 1650 discipulis
2969 1582 3114 1649 quod
3160 1581 3383 1634 vidisset
3422 1579 3603 1634 Domi-

2021 1692 2173 1738 num,
2233 1685 2286 1729 et
2337 1690 2399 1728 ea
2450 1674 2677 1729 dixisset
2724 1675 2847 1730 sibi.
2896 1693 2915 1726 ι
2970 1673 3158 1739 Quare
3199 1688 3461 1728 conversa
3511 1681 3596 1728 est

2022 1778 2318 1822 retrorsum
2380 1766 2585 1832 Maria,
2631 1782 2754 1821 cum
2811 1765 3123 1836 loqueretur
3188 1779 3310 1820 cum
3351 1764 3602 1834 angelis?

2026 1860 2153 1931 quid
2185 1859 2384 1914 accidit
2407 1859 2456 1914 ei
2491 1858 2632 1929 quod
2657 1873 2918 1912 conversa
2953 1866 3035 1912 est
3067 1867 3363 1911 retrorsum
3391 1857 3414 1909 ?
3440 1854 3604 1911 Vide-

2028 1963 2114 2006 tur
2165 1953 2362 2022 igitur,
2423 1954 2550 2006 dum
2603 1951 2692 2006 illa
2748 1950 3151 2018 colloqueretur
3198 1965 3319 2004 cum
3368 1949 3601 2018 angelis,

2025 2042 2208 2099 Jesum
2257 2047 2474 2100 stetisse
2519 2054 2641 2112 post
2689 2057 2836 2104 cam,
2886 2050 2941 2094 et
2976 2041 3099 2096 illos
3141 2041 3424 2106 terruisse,
3471 2042 3602 2111 quia

2024 2146 2405 2208 Spectaverant
2467 2135 2776 2199 Dominum,
2819 2147 2874 2190 et
2934 2135 3143 2200 Italiitu,
3198 2145 3254 2188 et
3299 2135 3494 2196 forma,
3546 2141 3604 2190 et

2027 2237 2272 2299 aspectu,
2293 2231 2474 2282 statim
2501 2226 2809 2280 declarasse
2833 2225 2980 2296 quod
3005 2225 3239 2278 viderint
3269 2223 3555 2286 Dominum
3583 2241 3600 2277 :

2027 2336 2260 2390 cumque
2319 2321 2419 2374 boc
2480 2320 2731 2386 vidisset,
2780 2319 3063 2373 mulierem
3115 2331 3434 2372 conversam
3481 2329 3605 2370 esse

2026 2431 2345 2471 retrorsum.
2381 2413 2514 2469 Nam
2542 2414 2749 2484 angelis
2778 2414 2996 2482 quidem
3031 2413 3084 2466 in
3113 2412 3299 2466 habitu
3324 2405 3464 2464 forte
3495 2421 3604 2478 quo

2027 2509 2262 2563 terrebat
2313 2507 2570 2577 apparuit
2599 2522 2614 2560 :
2642 2505 2822 2561 Mariae
2855 2514 3036 2558 autem
3074 2518 3186 2558 non
3235 2503 3385 2566 item,
3417 2503 3510 2556 sed
3546 2501 3601 2558 in

2024 2602 2258 2670 simplici
2309 2612 2359 2654 et
2405 2602 2705 2655 communi.
2758 2599 2882 2654 luco
2924 2606 2981 2653 et
3033 2596 3180 2650 illum
3228 2593 3438 2665 putavit
3481 2607 3605 2647 esse

2027 2695 2398 2759 hortulanum,
2433 2695 2572 2747 horti
2602 2693 2849 2746 videlicet
2877 2692 3023 2744 illius
3051 2691 3104 2744 in
3146 2703 3253 2757 quo
3281 2686 3602 2756 ,sepulcrum

2025 2799 2143 2843 erat
2173 2805 2187 2842 :
2221 2790 2361 2842 unde
2391 2797 2442 2840 et
2470 2785 2620 2848 dicit,
2656 2802 2673 2835 ι
2706 2784 2952 2846 Domine,
2985 2782 3028 2836 si
3054 2777 3345 2849 asportasu
3370 2793 3493 2831 eum
3524 2793 3538 2830 :
3576 2793 3596 2826 ι

2028 2881 2127 2934 lioc
2153 2889 2254 2942 est,
2298 2880 2342 2933 si
2379 2888 2431 2932 tu
2475 2877 2684 2931 furatus
2715 2890 2772 2930 es
2812 2895 2824 2930 :
2856 2883 2908 2927 et
2951 2888 3056 2926 non
3089 2872 3222 2926 dicit
3268 2869 3478 2933 Jesuin,
3509 2867 3603 2923 sed

2031 2989 2049 3022 ι
2087 2985 2208 3024 eum
2260 2988 2280 3019 ι
2317 2968 2470 3036 quasi
2517 2969 2582 3020 ad
2632 2981 2753 3020 eum
2801 2965 2890 3034 qui
2923 2963 3110 3027 sciret,
3153 2961 3362 3014 faiiens
3399 2974 3606 3014 sermo-

2025 3077 2170 3117 nent.
2209 3079 2228 3112 ι
2269 3060 2325 3113 Si
2356 3058 2518 3129 igitur
2547 3069 2604 3112 tu
2630 3056 2858 3126 pnrtasti
2897 3073 2916 3106 ι
2951 3064 3046 3107 aut
3070 3052 3340 3107 abstulisti
3362 3067 3424 3104 ac
3453 3049 3608 3103 fura-

2027 3162 2112 3206 tus
2131 3167 2190 3206 es
2212 3166 2335 3205 eum
2367 3165 2430 3203 ex
2462 3149 2563 3203 hoc
2587 3149 2728 3212 loco,
2755 3165 2772 3197 ι
2803 3146 2887 3200 dic
2912 3146 3043 3198 mihi
3071 3159 3178 3211 quo
3203 3142 3430 3212 posuisti
3458 3157 3604 3208 eum,

2029 3253 2082 3299 et
2113 3258 2212 3310 ego
2236 3242 2382 3296 illum
2418 3239 2622 3304 tollam,
2654 3257 2674 3290 ι
2699 3247 2751 3292 et
2779 3237 3099 3291 transferam
3132 3236 3183 3288 in
3207 3236 3384 3289 locum
3416 3235 3606 3298 alium,

2030 3337 2122 3392 ubi
2173 3336 2460 3405 magniﬁce
2495 3333 2808 3402 sepelietur.
2855 3329 3107 3386 Fortasse
3141 3329 3286 3384 enim
3337 3326 3609 3381 metuebat

2027 3447 2094 3486 ne
2135 3427 2277 3483 forte
2305 3427 2476 3483 Judaei
2521 3436 2576 3480 et
2625 3425 2678 3479 in
2721 3429 2998 3478 mortuum
3029 3436 3228 3491 corpus
3261 3421 3603 3486 desazvirent,

2027 3534 2082 3578 et
2129 3531 2414 3591 propterea
2467 3517 2681 3574 volebat
2733 3517 2784 3570 in
2827 3515 2990 3569 alium
3043 3514 3376 3584 incognitum
3426 3512 3603 3566 locum

2027 3629 2153 3670 eum
2191 3611 2509 3667 transferre.
2549 3608 2716 3664 Plena
2756 3606 2899 3662 enim
2929 3603 3272 3659 ali‘eetionuin
3299 3613 3415 3657 erat
3452 3617 3606 3658 tuens

2027 3707 2309 3770 mulieris,
2373 3719 2478 3757 non
2527 3703 2715 3756 valens
2761 3699 2990 3753 sublime
3035 3697 3288 3767 quiddam
3341 3695 3601 3766 cogitare.

2025 3798 2148 3853 Ideo
2183 3807 2237 3852 et
2271 3796 2547 3860 Dominus,
2598 3792 2722 3864 quia
2775 3806 2806 3845 a
2851 3791 3026 3860 seipsa
3074 3789 3305 3843 sublime
3341 3788 3603 3857 quiddam

2029 3890 2333 3960 intelligere
2366 3889 2642 3958 nequibat,
2677 3900 2777 3942 sua
2810 3900 2942 3940 voce
2968 3899 3028 3940 se
3063 3883 3136 3938 illi
3179 3889 3366 3937 notum
3400 3879 3600 3935 reddit.

2027 3982 2162 4036 Cum
2186 3980 2331 4035 enim
2356 3979 2471 4035 solo
2498 3977 2714 4034 nomine
2744 3984 2991 4032 vocasset
3013 3990 3155 4040 eam,
3187 3975 3394 4039 dicens,
3435 3991 3453 4023 ι
3488 3970 3604 4026 Ma-

2029 4071 2132 4138 ria,
2178 4089 2198 4124 ι
2235 4070 2318 4124 sui
2351 4069 2595 4124 notitiam
2629 4068 2702 4123 illi
2735 4069 3026 4124 concessit.
3049 4065 3184 4121 Nam
3235 4065 3376 4120 sicut
3401 4062 3604 4119 Judaeis

2028 4165 2318 4234 aliquando
2365 4162 2759 4228 inuotescebat,
2808 4159 3100 4230 aliquando
3144 4160 3311 4214 etiam
3363 4172 3605 4228 praesens

2029 4257 2340 4325 incognitus
2374 4266 2493 4312 erat
2523 4273 2538 4312 ε
2576 4256 2647 4309 ita
2679 4256 2842 4309 etiam
2871 4254 3120 4322 loquens,
3151 4251 3370 4322 quando
3411 4250 3602 4315 voluit,

2028 4350 2268 4417 seipsum
2306 4349 2412 4403 illis
2445 4357 2634 4403 notum
2671 4344 2924 4412 faciebat,
2960 4347 3101 4400 sicut
3130 4355 3182 4400 et
3215 4361 3356 4400 nunc
3386 4345 3604 4414 quando

2031 4440 2218 4504 voluit,
2266 4439 2684 4510 cognoscibilein
2725 4453 2783 4492 se
2827 4437 2956 4492 fecit
3005 4435 3187 4490 Maria:
3232 4449 3328 4503 per
3367 4449 3601 4489 vocem:

349 4531 564 4582 ἐποίει·
610 4530 800 4600 ὥσπερ
835 4530 927 4584 οὖν
959 4533 1054 4585 καὶ
1085 4531 1201 4595 νῦν,
1255 4532 1343 4585 ὅτε
1387 4531 1678 4602 ἐϐουλήθη,
1708 4533 1826 4584 τότε
1857 4534 1918 4602 τῇ

2032 4536 2121 4602 qui
2145 4532 2306 4588 etiam
2331 4535 2374 4586 si
2401 4532 2614 4586 locutus
2638 4530 2884 4593 dixisset,
2921 4548 2938 4581 ι
2967 4528 3178 4593 Mulier,
3204 4543 3300 4582 cur
3323 4527 3546 4596 ploras?
3577 4545 3600 4578 ι

346 4623 540 4694 Μαρίᾳ
581 4622 879 4694 ἐγνώρισεν
909 4623 1097 4676 ἑαυτὸν
1114 4623 1205 4676 διὰ
1231 4623 1331 4693 τῆς
1361 4623 1565 4694 φωνῆς.
1597 4625 1747 4676 Ἐπεὶ
1790 4625 1922 4676 παν.

343 4731 455 4778 ’.ως
513 4716 609 4768 καὶ
678 4717 940 4787 πρότερον
1009 4717 1288 4784 ἐφώνησεν
1341 4716 1478 4786 αὐτῇ
1509 4732 1522 4747 ο
1572 4734 1590 4767 ι
1626 4717 1811 4783 Γύναι,
1871 4717 1921 4770 τί

345 4805 552 4868 κλαίεις
578 4821 594 4867 ;
635 4806 774 4858 Ἀλλ’
803 4807 902 4858 οὐκ
926 4808 1140 4874 ἐπέγνω
1163 4809 1194 4872 ἡ
1229 4807 1364 4877 γυνή
1389 4824 1402 4837 ο
1442 4807 1502 4860 οὐ
1537 4807 1646 4877 γὰρ
1676 4808 1865 4879 ἦθελεν
1895 4811 1922 4861 6

340 4897 572 4967 Ἰησοῦς.
611 4897 739 4952 Ὅτε
768 4899 824 4951 δέ
853 4899 1107 4969 ἠθέλησε,
1139 4899 1262 4952 τότε
1307 4897 1398 4952 διὰ
1434 4899 1537 4968 τῆς
1592 4900 1777 4969 φωνῆς
1826 4903 1923 4952 ἐπ-

341 4991 613 5061 εγνώσθη.
640 5010 658 5044 ι
695 4994 1004 5064 Στραφεῖσα
1031 4992 1238 5063 ἐκείνη,
1263 4992 1412 5062 λέγει
1442 4993 1665 5063 αὐτῷ.ζι
1703 4995 1767 5047 Τί
1795 4995 1922 5047 τοῦ-

339 5100 438 5150 το;
479 5085 624 5153 Πρὸς
654 5086 815 5137 αὐτὸν
847 5084 1141 5152 διελέγετο,
1187 5085 1282 5138 καὶ
1318 5085 1540 5153 ἔλεγενο
1571 5105 1591 5138 ι
1636 5086 1771 5140 Εἰπέ
1805 5105 1917 5155 μοι,

342 5176 447 5229 ποῦ
494 5177 694 5248 ἔθηκας
737 5178 936 5242 αὖτόνς
972 5179 1080 5231 Καὶ
1114 5177 1208 5230 νῦν
1235 5180 1262 5231 ὁ
1305 5178 1695 5249 εὐαγγελιστὴς
1743 5179 1914 5246 λέγει,

340 5270 422 5320 ὅτι
463 5288 482 5320 ι
526 5273 848 5339 στραφεῖσα.
889 5291 907 5322 ι
951 5272 1108 5324 Δοκεῖ
1149 5267 1241 5325 οὖν
1275 5272 1413 5340 μετὰ
1443 5271 1504 5324 τὸ
1546 5273 1720 5324 εἰπεῖν
1749 5273 1920 5343 αὐτὴν

339 5366 424 5426 τὸ,
454 5383 472 5415 ι
520 5365 630 5418 1Ιοῦ
689 5366 924 5436 ἔθηκας
966 5387 986 5418 ι
1038 5368 1445 5437 ἐπιστραφῆναι
1481 5366 1618 5436 πρὸς
1667 5369 1792 5431 τοὺς
1820 5369 1921 5436 ἀγ-

339 5457 555 5524 γέλως,
584 5458 965 5526 ἐρωτήσουσαν
1004 5458 1143 5527 τάχα
1167 5457 1218 5509 τί
1245 5456 1644 5525 ἐξεπλάγησαν,
1679 5451 1796 5512 εἶτα
1827 5457 1917 5510 τὸν

335 5547 577 5622 Χριστὶν
609 5549 914 5603 καλέσαντα
941 5551 1133 5618 αὐτὴν,
1167 5549 1367 5619 πλῆξαί
1388 5568 1444 5604 τε
1469 5553 1556 5606 διὰ
1583 5553 1682 5622 τῆς
1710 5554 1914 5622 φωνῆς,

338 5643 437 5698 καὶ
455 5641 790 5714 ἐπιστρέψαι
826 5639 963 5711 πρὸς
1000 5640 1190 5694 ἐαυτὸν
1221 5642 1316 5694 ἀπ’
1343 5643 1588 5705 ἐκείνων,
1620 5646 1713 5697 καὶ
1741 5643 1916 5708 οὕτως

341 5733 698 5802 ἐπιγνοῦσαν,
753 5751 771 5784 ι
823 5732 1095 5796 Ῥαόουνὀ,
1161 5751 1180 5782 ι
1235 5734 1432 5796 εἰπεῖν,
1490 5733 1586 5786 καὶ
1631 5733 1914 5804 βούλεσθαι

343 5822 442 5897 μὲν
471 5823 796 5894 προσελθεῖν
830 5822 998 5892 αὐτῷ,
1037 5824 1129 5876 καὶ
1157 5825 1398 5878 συνεῖναι
1433 5824 1580 5895 αὐιῷ
1604 5824 1796 5897 ὥσπερ
1819 5828 1914 5880 καὶ

2031 4645 2136 4683 non
2164 4627 2382 4695 agnovit
2423 4633 2598 4678 tamen
2634 4637 2758 4678 eum
2792 4620 2985 4675 mulier
3015 4637 3030 4674 :
3062 4636 3165 4676 non
3205 4620 3350 4674 enim
3393 4618 3606 4674 volebat

2027 4721 2200 4776 Jesus.
2239 4722 2308 4773 At
2344 4718 2558 4788 quando
2601 4715 2802 4779 voluit,
2849 4722 2976 4768 tunc
3026 4727 3121 4782 per
3152 4727 3338 4766 vocent
3390 4713 3606 4781 agnitus

2030 4814 2154 4867 fuit.
2208 4830 2226 4863 ι
2271 4811 2545 4865 Conversa
2618 4807 2812 4861 mulier
2859 4805 2991 4860 dicit
3041 4805 3114 4858 ei.
3188 4822 3208 4856 ι
3253 4802 3393 4869 Quid
3452 4801 3604 4857 hoc?

2027 4906 2160 4959 Cum
2199 4902 2316 4970 ipso
2345 4899 2609 4954 collocuta
2647 4909 2751 4963 est,
2792 4905 2846 4951 et
2886 4895 3122 4960 dicebat,
3155 4914 3174 4947 ι
3208 4894 3306 4948 Dic
3331 4893 3459 4947 mihi
3494 4908 3604 4962 quo

2027 4994 2252 5064 posuisti
2300 4991 2466 5046 cum?
2541 5009 2559 5041 ι
2612 4996 2666 5043 et
2711 5003 2857 5043 nunc
2905 4987 3235 5057 evangelista
3284 4986 3416 5040 dicit
3456 4985 3604 5055 quod

2035 5105 2050 5136 I
2084 5099 2366 5140 conversa.
2407 5101 2426 5134 ι
2472 5081 2635 5152 ’162
2668 5080 2890 5136 Videtur
2921 5080 3105 5150 itaque
3138 5078 3282 5149 quod
3321 5085 3601 5146 postquam

2027 5181 2142 5248 ipsa
2189 5178 2349 5242 dixit,
2385 5194 2404 5229 ι
2445 5175 2562 5242 Quo
2593 5174 2820 5244 posuisti
2845 5189 2968 5228 eum
2997 5174 3019 5227 ?
3073 5191 3093 5226 ι
3129 5185 3445 5227 conversam
3479 5183 3606 5225 esse

2026 5278 2095 5332 ad
2144 5276 2364 5346 angelos
2397 5260 2851 5343 iiiterrogaturam
2898 5271 3123 5326 forsitan
3170 5283 3338 5337 quare
3366 5281 3605 5336 expave-

2024 5368 2152 5423 faeti
2183 5367 2431 5431 fuissent,
2463 5366 2657 5420 deinde
2689 5374 2934 5419 vocatam
2967 5379 2995 5415 a
3025 5361 3269 5428 Christo,
3301 5359 3602 5430 perculsae

2026 5477 2123 5530 per
2149 5475 2355 5524 vocent,
2388 5469 2440 5512 et
2478 5471 2799 5513 conversam
2837 5457 2905 5509 ad
2952 5455 3101 5509 illum
3145 5455 3212 5508 ab
3254 5454 3392 5520 istis,
3431 5463 3487 5508 et
3525 5455 3602 5509 ita

2024 5549 2314 5622 agnovisse
2363 5564 2427 5604 ac
2477 5551 2702 5612 dixisse,
2770 5565 2790 5598 ι
2839 5545 3084 5604 ltabboni
3143 5562 3158 5600 :
3204 5563 3225 5596 ι
3261 5557 3313 5600 et
3360 5546 3602 5601 Voluisse

2024 5646 2254 5714 quidem
2291 5642 2548 5697 accedere
2590 5642 2656 5694 ad
2713 5656 2858 5705 eum,
2907 5647 2962 5692 et
3009 5653 3130 5692 esse
3165 5653 3287 5692 cum
3343 5654 3408 5692 eo
3463 5638 3605 5693 sicut

2024 5737 2212 5804 prius.
2281 5743 2337 5786 et
2395 5730 2642 5784 fortassis
2692 5740 2752 5784 ut
2807 5730 3219 5786 desiderabilem
3282 5730 3600 5800 ainpleXari.

2023 5829 2094 5884 At
2159 5825 2246 5880 ille
2315 5824 2490 5879 erexit
2559 5824 2676 5892 ejus
2734 5836 3006 5890 mentem,
3075 5833 3133 5878 ut
3191 5823 3382 5878 melius
3444 5821 3604 5890 quid-
