4056 6594
348 442 458 505 297

1028 443 1471 508 ENARRATIO
1501 443 1583 505 ΙΝ
1622 437 2117 506 EVANG'ELIUM
2155 436 2497 499 IOANNIS.
2529 457 2601 473 -
2624 436 2780 498 CAP.
2813 435 2942 497 XX.

3507 437 3617 500 29%

346 550 436 608 ὅτι
460 550 635 614 οὕτως
663 548 884 621 ἀνέστη.
915 551 1009 605 καλ⁵
1038 552 1132 606 τοῦ
1183 553 1334 607 λίθου
1361 552 1710 625 ἐπικειμένου
1734 549 1810 621 τῷ
1834 547 1926 603 τά·

2048 546 2174 617 ιιιοιι
2212 547 2284 601 ita
2328 545 2569 601 surrexit
2611 545 2956 616 supraposito
3021 542 3199 613 lapide
3245 555 3410 613 super
3441 548 3617 615 sepul-

348 664 462 718 φφ.
494 644 618 708 Πῶς
649 643 705 697 δὲ
743 644 1039 712 φάντασμα
1078 645 1242 698 αὐτὸν
1266 646 1368 699 οὐκ
1398 646 1681 715 ἐνόμισαν,
1718 642 1932 711 θαυμά-

352 755 508 793 σειεν
533 738 600 792 ἄν
636 754 744 799 τις.
782 736 1038 791 Μάλιστα
1069 737 1167 807 μὲν
1196 736 1289 791 οῦν
1321 739 1359 808 ἡ
1399 736 1539 809 γυνὴ
1582 733 1934 807 προλαϐοῦσα

346 828 557 899 πολλὴν
585 826 686 897 τὴν
710 825 895 880 πίστιν
912 826 1232 897 εἰργάσατο,
1295 828 1473 892 ἄλλως
1501 827 1579 891 δὲ,
1612 825 1708 880 καὶ
1725 825 1934 895 ἥμερον

344 923 541 985 αὐτοῖς
568 919 669 992 τὴν
717 920 846 990 ὄψιν
873 918 1098 986 ἔδειξεν,
1129 920 1246 989 ἅμα
1276 919 1331 973 δὲ
1366 921 1463 974 καὶ
1504 919 1592 972 διὰ
1622 918 1720 989 τῆς
1750 916 1935 987 φωνῆς

347 1012 629 1082 ὲπράῦνεν
659 1010 839 1064 αὐτῶν
882 1008 982 1081 τὴν
1033 1008 1274 1063 διάνοιαν
1322 1005 1729 1081 κυμαίνουσαν,
1764 1007 1938 1061 εἰπὼν

346 1104 437 1168 τὸ,
484 1121 503 1154 t
570 1102 778 1173 Εἰρήνη
825 1101 983 1171 ὑμῖν·
1043 1120 1062 1153 3
1115 1101 1363 1154 τουτέστι
1395 1116 1409 1131 ⁶
1438 1101 1529 1172 Μὴ
1584 1099 1933 1172 θορυϐεῖσθε·

344 1193 473 1264 ἅμα
499 1193 578 1257 δὲ,
634 1194 1047 1263 ἀναμιμνήσκει
1096 1194 1293 1257 αὐτοὺς
1340 1193 1552 1247 καὶτοῦ
1609 1195 1880 1263 ῥήματος.
1908 1190 1938 1244 δ

348 1284 464 1355 πρὸ
489 1283 582 1336 τοῦ
616 1283 852 1353 σταυροῦ
883 1277 1036 1337 εἶπεν
1064 1284 1252 1349 αὐτοῖς
1279 1298 1295 1314 ⁸
1341 1304 1361 1338 ι
1393 1285 1636 1357 Είρὴνην
1669 1283 1767 1356 τὴν
1794 1282 1936 1354 ἐμὴν

344 1374 547 1445 δίδωμι
598 1376 749 1445 ὑμῖν.
794 1392 811 1426 ι
852 1375 1165 1447 Ἐχάρησαν
1193 1375 1251 1430 δὲ
1280 1376 1483 1441 ἰδόντες
1512 1377 1605 1430 τὸν
1645 1376 1871 1448 Κύριον.
1911 1394 1931 1428 3

346 1468 467 1520 Καὶ
512 1467 621 1539 γὰρ
655 1468 749 1522 καὶ
785 1466 945 1522 τοῦτο
992 1471 1225 1538 προεῖπε
1267 1469 1376 1539 πρὸ
1418 1468 1510 1523 τοῦ
1550 1469 1808 1539 σταυροῦ,
1852 1469 1937 1523 ὃτι

356 1576 381 1610 σ
425 1558 667 1629 Ὀψομαι
702 1561 869 1632 ὑμᾶς,
917 1560 1013 1614 καὶ
1041 1562 1338 1632 χαρήσεται
1369 1560 1525 1631 ὑμῶν
1554 1561 1590 1631 ἡ
1643 1561 1868 1631 καρδία.
1912 1579 1931 1613 3

363 1652 592 1724 Ἐπειδὴ
626 1652 682 1707 δὲ
715 1653 851 1724 πρὸς
873 1651 1165 1716 Ἰουδαίους
1195 1653 1431 1725 πόλεμον
1459 1648 1607 1724 εἴχον
1635 1653 1925 1720 ἄσπονδον,

350 1745 524 1800 πάλιν
556 1745 740 1804 αὐτοῖς
773 1762 906 1815 φησι
938 1745 1020 1807 τὸ,
1056 1763 1074 1797 ι
1106 1745 1338 1817 Εἰρήνη.
1377 1764 1396 1798 ι
1432 1746 1644 1817 Ὥσπερ
1676 1747 1787 1818 γάρ
1815 1746 1940 1807 ταῖς

2036 654 2212 696 crum.
2243 637 2528 705 Quomodo
2557 648 2741 693 autem
2773 651 2880 692 non
2914 638 3232 707 putaverint
3264 638 3412 697 illum
3440 641 3615 709 phan-

2039 740 2235 796 tasma,
2272 728 2634 812 admirabitur
2663 729 2954 800 quispiam.
3004 726 3198 787 Mulier
3228 730 3383 798 prius
3415 745 3611 803 magna

2037 839 2132 881 eos
2157 824 2260 879 ﬁde
2285 823 2550 889 ﬁrmarat,
2588 830 2642 878 et
2670 831 2931 891 pra‘terca
2958 831 3291 878 mansuetam
3314 822 3395 879 eis
3422 824 3615 880 faciem

2035 914 2303 978 exhibuit,
2333 923 2388 969 et
2416 929 2545 970 voce
2569 912 2995 973 ﬂuctuabumlas
3033 928 3221 970 eertum
3241 925 3457 971 mentes
3478 915 3618 985 ipla-

2035 1007 2200 1061 cavit.
2233 1006 2367 1062 Cum
2410 1015 2590 1076 autem
2624 1006 2873 1072 dixisset,
2911 1024 2930 1060 ι
2963 1005 3071 1062 Pax
3110 1007 3285 1074 vobis,
3324 1026 3347 1061 3
3373 1007 3477 1063 hoc
3508 1020 3616 1075 est,

2039 1097 2121 1155 Ne
2149 1099 2438 1156 turbemini
2467 1115 2483 1154 :
2519 1111 2789 1154 memores
2820 1112 2913 1154 eos
2930 1098 3061 1155 fecit
3095 1100 3244 1155 verbi
3308 1100 3455 1170 quod
3490 1111 3619 1155 ante

2044 1205 2264 1245 crucem
2311 1190 2527 1246 dixerat
2558 1189 2679 1245 eis:
2729 1207 2749 1242 ι
2798 1188 2994 1245 Pacem
3034 1205 3214 1246 meam
3260 1191 3328 1246 do
3362 1191 3513 1247 vobis
3545 1193 3616 1247 ³⁸.

2047 1300 2066 1334 ι
2102 1281 2282 1339 Gavisi
2326 1290 2644 1339 autentsunl
2682 1281 2800 1343 viso
2828 1280 3078 1339 Domino.
3113 1301 3133 1334 ι
3156 1282 3222 1337 Et
3271 1282 3373 1338 hoc
3404 1299 3619 1353 quoque

2040 1375 2366 1446 praedixerat
2401 1375 2483 1430 eis
2530 1386 2655 1429 ante
2699 1388 2941 1440 crucem,
2989 1375 3178 1431 dicens
3219 1376 3289 1439 ⁸⁸,
3348 1393 3371 1431 ι
3410 1374 3616 1432 Videbo

2041 1479 2156 1532 vos,
2204 1473 2261 1519 et
2301 1465 2557 1534 gaudebit
2597 1479 2692 1521 cor
2724 1476 2980 1526 vestrum.
3022 1484 3043 1519 3
3098 1465 3235 1533 Quia
3262 1476 3442 1523 autem
3489 1482 3615 1523 curm

2038 1552 2243 1609 Iudaeis
2304 1554 2648 1623 implacabile
2700 1556 2964 1626 gerebant
3018 1555 3242 1621 bellum.
3287 1556 3484 1617 iterum
3534 1557 3618 1613 eis

2041 1643 2196 1708 dicit,
2235 1661 2255 1696 ι
2293 1643 2426 1699 Pax.
2467 1662 2487 1697 ι
2526 1644 2683 1700 Sicut
2713 1645 2857 1701 enim
2885 1644 3203 1703 mulieribus
3230 1646 3388 1714 dixit,
3418 1667 3437 1699 ι
3472 1645 3619 1703 Gau-

2042 1735 2183 1800 dete,
2229 1753 2249 1788 3
2278 1749 2350 1789 eo
2380 1736 2521 1805 quod
2553 1735 2607 1790 in
2648 1734 2794 1792 luctu
2824 1746 2981 1792 erant
3012 1754 3027 1792 :
3058 1737 3134 1792 ita
3164 1737 3276 1795 illis
3298 1754 3486 1808 pacem
3526 1740 3623 1799 dat

347 1836 608 1905 γυναιξὶν
660 1830 807 1899 εἷπε,
860 1854 878 1887 ι
915 1836 1175 1909 Χαίρετε,
1212 1856 1231 1890 3
1265 1836 1405 1891 διότι
1443 1838 1501 1891 ἐν
1546 1836 1746 1901 λύπαις
1779 1832 1846 1908 ἦν
1878 1837 1940 1891 τὸ

2048 1835 2261 1896 propter
2303 1825 2501 1882 bellum
2531 1826 2675 1897 quod
2703 1843 2827 1883 cum
2864 1826 3064 1886 Judaei:
3100 1830 3373 1895 habebant
3402 1846 3617 1896 quaties,

348 1927 519 1995 γένος
543 1944 556 1957 ο
587 1924 730 1979 οὓτω
768 1925 980 1989 τούτοις
1004 1925 1104 1997 τὴν
1134 1926 1360 1998 εἰρήνην
1394 1926 1578 1980 δίδωσι
1608 1926 1697 1983 διὰ
1721 1927 1813 1981 τὸν
1839 1925 1938 1980 πό-

2048 1927 2094 1973 et
2126 1917 2360 1973 habituri
2405 1927 2582 1974 erant.
2617 1918 2869 1990 Congrue
2899 1921 3066 1992 igitur
3095 1921 3201 1977 illis
3243 1925 3522 1994 gaudium,
3557 1936 3621 1982 ut

347 2016 548 2087 λεμον,
577 2017 638 2070 ὃν
674 2015 813 2087 πρὸς
836 2016 1037 2081 αὐτοὺς
1081 2011 1226 2089 εἶχον
1255 2016 1350 2070 καὶ
1381 2020 1528 2088 σχεῖν
1550 2017 1776 2088 ἔμελλον
1802 2016 1938 2071 πάν-

349 2124 479 2172 τες.
517 2092 887 2178 Καταλλήλως
922 2105 1017 2161 οὖν
1053 2106 1335 2171 κάκείναις
1370 2107 1470 2179 μὲν
1497 2107 1578 2174 τὸ,
1609 2126 1629 2161 ι
1673 2109 1842 2179 Χαῖρε
1863 2123 1878 2139 ο
1914 2126 1933 2160 3

352 2200 420 2253 ἐν
438 2196 548 2269 γὰρ
569 2197 768 2261 λύπαις
791 2196 1000 2249 τίκτειν
1031 2196 1426 2269 κατηράθησαν
1451 2216 1461 2225 ·
1492 2200 1606 2260 τοῖς
1630 2193 1687 2249 δὲ
1713 2196 1939 2267 ἀνδράσι

351 2289 422 2341 τὸ
450 2287 775 2359 εἰρηνεύειν,
799 2286 885 2340 διὰ
913 2289 1041 2352 τοὺς
1070 2287 1344 2359 πολέμους
1376 2288 1503 2351 τοὺς
1529 2288 1692 2342 ἕνεκα
1715 2288 1807 2342 τοῦ
1839 2306 1941 2359 κη-

360 2378 665 2451 ρύγματος.
700 2378 855 2448 "Apta
905 2377 960 2432 δὲ
993 2380 1252 2449 ἐμφαίνει
1287 2381 1385 2434 καὶ
1428 2381 1498 2433 τὰ
1541 2381 1943 2452 κατορθώματα

352 2471 457 2525 τοῦ
499 2464 765 2543 σταυροῦλ
788 2471 960 2525 ταῦτα
989 2471 1044 2526 δὲ
1076 2468 1143 2544 ἧν
1173 2474 1207 2544 ἡ
1241 2473 1456 2544 εἰρήνη.
1489 2473 1580 2526 Διὸ
1613 2476 1727 2539 καὶ,
1764 2472 1939 2539 Ἐπεὶ,

358 2564 524 2635 φησὶ,
552 2563 641 2616 διὰ
671 2562 767 2616 τοῦ
804 2562 1039 2632 σταυροῦ
1080 2564 1271 2635 εἰρήνη
1314 2562 1699 2637 κατώρθωται,
1732 2564 1942 2635 πέμπω

365 2656 519 2727 ὒμᾶς
552 2656 643 2709 ἐπὶ
682 2655 743 2710 τὸ
770 2656 1055 2727 κήρυγμα.
1092 2650 1598 2728 Παραμυθούμενος
1626 2656 1682 2710 δὲ
1721 2656 1940 2720 αὐτοὺς,

358 2752 461 2804 καὶ
501 2748 960 2820 παραθαρρύνων,
996 2749 1149 2822 φησί·
1183 2765 1202 2799 t
1245 2747 1443 2812 Καθὼς
1469 2745 1781 2800 ἀπέσταλκέ
1819 2763 1886 2817 με
1914 2747 1943 2800 δ

364 2842 576 2913 Πατὴρ,
624 2840 780 2911 καγὼ
841 2840 1044 2911 πέμπω
1107 2841 1275 2911 ὑμᾶς.
1340 2858 1359 2892 3
1399 2840 1474 2893 Τὸ
1529 2839 1639 2909 γὰρ
1687 2839 1846 2909 ἔργον
1883 2837 1945 2890 τὸ

360 2933 521 3003 ἐμὸν,
554 2934 719 3004 φησὶν
748 2973 763 2998 ,
807 2930 1153 3002 ἀναδέχεσθε,
1196 2931 1334 2985 ὥστε
1382 2932 1655 3005 θαρρεῖτε,
1705 2932 1785 2984 ὅτι
1820 2947 1945 2983 συν-

361 3022 559 3093 ἑσομαι
587 3023 735 3093 ὑμῖν.
770 3022 919 3093 Ὅρα
944 3023 1002 3075 δὲ
1030 3020 1128 3093 τὴν
1161 3022 1447 3077 αύθεντίαν
1474 3039 1488 3052 ⁸
1521 3023 1622 3076 ούκ
1648 3017 1821 3085 εἶπεν,
1861 3022 1944 3077 ὅτι

364 3114 746 3185 Παρακαλέσω
790 3116 881 3168 τὸν
929 3115 1148 3186 Πατέρα
1204 3132 1330 3186 μου,
1364 3116 1459 3169 καὶ
1523 3114 1731 3186 πέμψει
1772 3115 1938 3185 ὑμᾶς,

363 3204 507 3268 ἀλλ’,
546 3223 564 3256 ι
620 3203 762 3272 Ἐγὼ
801 3206 1009 3275 πέμπω
1043 3206 1209 3277 ὑμᾶς.
1254 3225 1273 3259 3
1328 3206 1582 3277 Ἑμφυσᾷ
1613 3206 1690 3267 δὲ.
1727 3208 1820 3259 καὶ
1864 3206 1944 3260 δί-

364 3295 536 3351 δωσιν
562 3298 746 3362 αὐτοῖς
786 3299 1012 3370 Πνεῦμα
1057 3299 1235 3369 ἅγιον,
1273 3300 1334 3353 ού
1364 3297 1463 3372 τὴν
1494 3299 1706 3353 τελείαν
1736 3299 1943 3372 δωρεὰν

363 3386 467 3442 τοῦ
494 3387 649 3457 ἁγίου
672 3388 991 3462 Πνεύματος
1021 3390 1115 3444 νῦν
1145 3390 1330 3454 αὐτοῖς
1362 3389 1418 3443 vi
1429 3407 1544 3461 μων
1577 3390 1805 3462 (ταύτην
1834 3392 1944 3464 γὰρ

367 3482 434 3533 ὲν
464 3484 529 3553 τῇ
568 3483 929 3556 Πεντηκοστῇ
962 3482 1189 3554 ἔμελλεν
1218 3481 1447 3553 δοῦναι),
1478 3482 1615 3537 ἀλλὰ
1647 3483 1784 3553 πρὸς
1814 3483 1945 3537 ὑπο-

363 3574 535 3647 δοχὴν
559 3573 652 3628 τοῦ
680 3573 1000 3646 Πνεύματος
1027 3575 1367 3647 ἐπιτηδείους
1403 3576 1600 3640 αὐτοὺς
1645 3576 1835 3630 ποιῶν.
1870 3576 1947 3629 Τὸ

363 3666 503 3737 γὰρ,
548 3685 569 3719 ι
608 3666 818 3722 Λάϐετε
860 3667 1092 3738 Πνεῦμα
1137 3669 1313 3738 ἅγιον,
1358 3686 1378 3722 3
1414 3668 1536 3724 ἀντὶ
1573 3669 1690 3736 τοῦ,
1728 3669 1947 3723 Γίνεσθε

366 3758 668 3828 ἐπιτήδειοι
707 3759 845 3832 πρὸς
874 3760 936 3814 τὸ
960 3759 1148 3815 λαϐεῖν
1184 3758 1433 3832 Πνεῦμα.
1469 3761 1628 3815 Ἐστι
1653 3761 1711 3815 δὲ
1746 3762 1944 3828 εἰπεῖν,

366 3850 455 3903 ὃτι
486 3848 738 3917 ἐξουσίαν
784 3850 908 3904 τινὰ
945 3850 1037 3905 καὶ
1083 3851 1246 3922 χάριν
1289 3851 1667 3923 πνευματικὴν
1716 3850 1948 3904 δέδωκεν

367 3940 578 4007 αὐτοῖς,
633 3942 733 4014 οὐχ
767 3940 909 3995 ὥστε
963 3943 1191 4012 νεκροὺς
1244 3941 1488 4014 ’ἐγείρειν
1542 3943 1640 3994 καὶ
1692 3942 1950 4012 δυνάμεις

368 4035 571 4100 ποιεῖν,
596 4032 714 4088 ἀλλ’
740 4032 880 4087 ὥστε
915 4033 1136 4104 ἀφιέναι
1170 4031 1238 4086 τὰ
1283 4032 1685 4105 ἁμαρτήματα.
1730 4032 1822 4086 Διδ
1856 4032 1950 4101 καὶ

369 4125 651 4193 ἑπήγαγεν
676 4141 693 4157 ο
729 4144 748 4179 ι
773 4125 884 4180 .'Av
909 4143 1071 4180 τινων
1102 4125 1276 4196 ἀφῆτε
1305 4123 1403 4188 τὰς
1442 4124 1737 4196 ἁμαρτίας,
1769 4125 1950 4196 ἀφίεν-

369 4233 466 4271 ται
489 4216 672 4280 αὐτοῖς
694 4233 710 4248 ·
746 4235 767 4270 3
796 4216 1008 4281 δεικνὺς
1036 4216 1117 4271 ὅτι
1144 4214 1305 4271 τοῦτο
1322 4217 1384 4270 τὸ
1405 4212 1546 4281 είδος
1573 4217 1682 4270 τῶν
1706 4234 1951 4287 πνευμα-

368 4307 543 4362 τικῶν
589 4311 948 4380 χαρισμάτων
984 4307 1168 4374 αὐτοῖς
1194 4308 1417 4374 δέδωκε,
1456 4309 1519 4363 τὸ
1559 4312 1662 4380 τῆς
1701 4308 1950 4377 ἀφέσεως

370 4398 487 4452 τῶν
510 4399 796 4479 αμαρτιῶν
813 4417 826 4431 υ
858 4400 998 4472 μετά
1021 4401 1078 4454 δὲ
1106 4401 1204 4472 τὴν
1227 4400 1517 4472 ἀνάληψιν,
1541 4400 1675 4455 αὐτὸ
1702 4400 1764 4456 τὸ
1782 4398 1952 4455 Πνεῦ-

376 4506 454 4560 μα
482 4488 761 4555 κατελθὸν,
792 4491 887 4544 καὶ
921 4490 1030 4543 τῶν
1061 4489 1304 4562 σημείων
1326 4489 1422 4544 καὶ
1445 4494 1643 4553 παντὸς
1672 4489 1834 4543 ἄλλου
1853 4507 1952 4560 χα-

2045 2007 2421 2086 intercutibus,
2453 2019 2509 2063 et
2553 2008 2857 2066 maledictis
2899 2009 3027 2065 olim
3072 2021 3132 2066 ut
3168 2012 3220 2066 in
3255 2012 3477 2069 tristitia
3517 2030 3617 2085 pa-

2045 2100 2225 2154 riant:
2285 2099 2417 2154 viris
2461 2111 2643 2155 autem
2705 2116 2897 2172 pacem
2942 2102 3074 2159 dicit
3118 2113 3339 2175 propter
3377 2109 3616 2177 pericula

2044 2190 2463 2262 prmdicntiouis.
2494 2188 2715 2248 Interim
2746 2206 2799 2248 et
2828 2196 3011 2250 crucis
3042 2197 3179 2251 bona
3214 2198 3471 2267 declarat,
3496 2218 3617 2271 quae

2042 2283 2191 2353 pacis
2220 2292 2367 2338 sunt.
2401 2282 2525 2338 Ideo
2558 2285 2685 2355 quia
2733 2300 2830 2355 per
2877 2303 3119 2355 crucem,
3167 2289 3363 2361 inquit,
3399 2308 3500 2362 pax
3535 2294 3618 2349 fa-

2047 2385 2156 2441 cta,
2192 2376 2349 2432 mitto
2379 2392 2475 2433 vos
2514 2379 2580 2432 ad
2619 2362 3077 2448 praedicationem.
3108 2382 3414 2457 Consolans
3434 2397 3615 2443 mrtem

2043 2481 2136 2523 eos
2156 2475 2212 2522 et
2242 2468 2512 2535 animans,
2554 2469 2749 2540 inquit,
2785 2489 2803 2523 ι
2841 2470 2995 2527 Sicut
3024 2474 3175 2531 misit
3210 2493 3296 2534 me
3324 2476 3508 2544 Pater,
3542 2482 3617 2539 ita

2042 2568 2096 2614 et
2128 2573 2227 2630 ego
2262 2560 2418 2615 mitto
2453 2576 2564 2616 vos.
2607 2580 2626 2613 ι
2671 2562 2843 2617 Meum
2885 2579 3043 2636 opus.
3090 2568 3285 2639 inquit,
3332 2573 3614 2643 suscipite,

2042 2661 2098 2705 et
2124 2651 2380 2706 conﬁdite
2403 2654 2544 2721 quod
2574 2654 2855 2709 vobiscum
2881 2656 2981 2711 sim
3014 2657 3253 2716 futurus.
3280 2661 3410 2719 Vide
3434 2674 3617 2721 autem

2043 2749 2099 2795 et
2120 2741 2526 2798 auctoritatem.
2541 2742 2655 2798 Non
2672 2745 2827 2810 dixit,
2847 2730 3153 2805 Obsecrabo
3175 2749 3388 2808 Patrem
3408 2769 3617 2821 meum,

2043 2843 2099 2888 et
2129 2834 2308 2890 mittet
2352 2849 2486 2890 vos:
2518 2838 2633 2903 sed,
2676 2854 2695 2889 ι
2730 2837 2886 2894 Mitto
2925 2855 3041 2898 vos.
3091 2860 3112 2894 3
3149 2842 3384 2899 lnsulllat
3414 2856 3619 2914 autem,

2044 2936 2101 2982 et
2130 2927 2222 2981 dat
2256 2927 2336 2982 eis
2372 2925 2631 2996 Spiritutn
2666 2940 2936 2998 sanctum,
2964 2949 3072 2989 non
3103 2935 3623 3006 perfectumdonnm

2049 3017 2287 3089 Spiritus
2308 3023 2482 3077 sancti
2518 3037 2662 3077 nunc
2685 3023 2767 3078 eis
2799 3025 3044 3084 tribuens
3073 3029 3203 3098 (hoc
3228 3030 3370 3085 enim
3401 3033 3454 3085 in
3485 3031 3625 3089 Pcu-

2049 3122 2251 3170 tecoste
2280 3113 2506 3171 daturus
2534 3116 2697 3187 erat),
2721 3117 2815 3173 sed
2862 3118 2930 3174 ad
2963 3121 3362 3190 susceptionem
3388 3124 3637 3192 Spiritus

2049 3207 2272 3265 idoneos
2303 3222 2400 3265 eos
2444 3208 2697 3265 reddens.
2744 3229 2764 3262 ι
2811 3210 3082 3282 Accipite,
3127 3214 3323 3284 inquit,
3364 3216 3623 3286 Spiritum

2048 3311 2294 3355 sanctum
2322 3317 2338 3355 :
2366 3320 2386 3354 3
2418 3302 2519 3357 hoc
2565 3302 2872 3369 est,Estote
2908 3304 3084 3361 idonei
3116 3305 3185 3361 ad
3221 3309 3623 3378 suscipiendum

2052 3390 2334 3462 Spiritum.
2388 3393 2686 3451 Dicendum
2738 3406 2929 3469 autem.
2978 3400 3121 3468 quod
3187 3408 3242 3455 et
3305 3413 3624 3471 potestatem

2049 3482 2339 3551 quamdam
2382 3491 2438 3539 et
2486 3484 2690 3541 donum
2741 3488 3029 3558 spirituale
3076 3492 3227 3548 dedit
3266 3493 3372 3559 eis,
3403 3511 3514 3555 non
3567 3506 3629 3552 ut

2051 3584 2297 3629 mortuos
2336 3575 2625 3642 suscitent,
2669 3586 2725 3632 et
2771 3580 2998 3636 virtutes
3036 3582 3260 3648 faciant,
3310 3586 3404 3643 scd
3450 3596 3507 3643 ut
3539 3603 3627 3643 re-

2055 3665 2273 3719 mittant
2295 3677 2540 3737 peccata.
2578 3667 2700 3723 Ideo
2723 3677 2779 3725 et
2811 3672 3014 3740 subdit,
3046 3692 3067 3726 ι
3112 3676 3357 3743 Quorum
3396 3677 3626 3735 remise-

2054 3754 2175 3810 ritis
2222 3768 2467 3825 peccata,
2515 3760 2858 3815 remittemur
2910 3764 3012 3831 eis,
3076 3784 3095 3818 3
3157 3770 3452 3827 ostendens
3479 3774 3626 3840 quod

2051 3863 2218 3918 genus
2270 3850 2631 3919 spiritualium
2690 3852 2955 3911 donorum
3005 3856 3085 3913 eis
3142 3858 3374 3925 dederit,
3427 3863 3626 3918 remis-

2051 3937 2256 4021 sionem
2305 3940 2554 3996 videlicet
2599 3952 2969 4013 peccatorum.
3021 3945 3152 4004 Post
3195 3954 3625 4022 assumptionem

2052 4037 2233 4083 autem
2264 4030 2376 4112 ipse
2415 4032 2654 4102 Spiritus
2679 4050 2802 4089 cum
2837 4035 3229 4109 descendisset,
3262 4052 3314 4097 et
3343 4045 3626 4114 signorum

2052 4133 2108 4177 ct
2138 4123 2365 4177 aliorum
2398 4125 2787 4182 charismatum
2821 4130 3074 4185 virtutem
3121 4134 3203 4188 eis
3251 4134 3479 4204 largitus
3515 4128 3627 4194 est.

2052 4211 2221 4284 Digna
2248 4226 2426 4269 autem
2455 4217 2704 4291 quaisdo,
2740 4234 2909 4289 quare
2944 4236 3048 4283 non
3100 4225 3154 4277 in
3208 4223 3428 4294 Galilzea
3460 4229 3628 4285 disci-

2053 4302 2193 4374 pulis
2222 4317 2467 4376 apparet,
2512 4310 2609 4365 sed
2658 4310 2711 4364 in
2756 4309 3118 4380 Hierusalem,
3153 4330 3274 4373 cum
3312 4317 3531 4376 Marcus
3568 4334 3631 4377 et

2055 4393 2339 4453 Mattliazus
2367 4398 2550 4475 dicant
2590 4400 2909 4470 promisisse
2934 4420 3061 4460 cum
3102 4408 3209 4471 illis
3239 4424 3300 4471 se
3340 4412 3627 4468 videndum

2055 4491 2107 4544 in
2130 4489 2348 4546 Galilaa
2371 4493 2438 4547 “.
2465 4492 2745 4560 Quomodo
2784 4511 2913 4567 ergo
2932 4498 2982 4551 iu
3005 4498 3340 4561 Hierusalem
3366 4506 3630 4574 apparet?

377 4584 645 4653 ρὶσματος
716 4581 816 4646 τὰς
880 4580 1141 4653 δυνάμεις
1211 4583 1395 4647 αὐτοῖς
1470 4580 1943 4652 ἐπεδαψιλεύσατο.

2059 4585 2251 4641 Dicunt
2287 4587 2451 4657 igitur
2481 4588 2722 4658 quidam,
2752 4589 2899 4656 Quid
2942 4590 3081 4647 hoc?
3108 4592 3222 4653 Non
3280 4596 3427 4655 enim
3467 4598 3628 4665 dixit,

376 4673 444 4726 Ἀ
454 4672 562 4738 ξιον
575 4672 634 4727 δὲ
651 4670 906 4744 ζητῆσαι,
927 4675 1071 4737 τίνος
1084 4673 1169 4726 ἓνε
1177 4691 1272 4727 κεν
1288 4674 1390 4727 οὐκ
1412 4675 1470 4727 ὲν
1484 4676 1552 4745 τῇ
1563 4672 1822 4746 Γαλιλαία
1836 4674 1950 4737 τοῖς

377 4764 653 4836 μαθηταῖς
667 4766 1036 4835 ἐπιφαίνεται,
1058 4765 1174 4818 ἀλλ’
1192 4766 1250 4820 ὲν
1269 4767 1334 4837 τῇ
1351 4764 1715 4835 Ἰερουσαλήμ
1734 4779 1750 4795 ·
1774 4764 1954 4819 καίτοι

378 4857 402 4909 5
436 4856 719 4921 Ματθαίος
740 4858 835 4911 καὶ
854 4859 883 4910 ὁ
906 4857 1131 4928 Μάρκος
1145 4856 1481 4928 ὑποσχέσθαι
1502 4855 1664 4911 αὐτὸν
1686 4856 1872 4921 αὑτοίς
1896 4857 1955 4910 ὲν

378 4948 644 5020 Γαλιλαία
663 4948 1002 5020 ὀφθήσεσθαί
1027 4967 1161 5019 φασι
1185 4966 1201 4983 ο
1230 4949 1348 5013 πῶς
1381 4943 1475 5004 οὖν
1501 4952 1559 5004 ἐν
1591 4949 1949 5020 Ἰερουσαλὴμ

379 5041 658 5111 ραίνεται;
691 5043 859 5096 Φασὶν
888 5040 982 5095 οῦν
1010 5058 1175 5107 τινες,
1205 5042 1418 5097 ὅτιΚαὶ
1443 5041 1497 5095 τί
1518 5040 1712 5109 τοῦτο;
1743 5041 1819 5095 Οὒ
1843 5042 1949 5113 γὰρ

379 5133 561 5202 εἶπεν,
622 5136 706 5191 δτι
767 5136 859 5192 Ἐν
902 5137 1161 5209 Γαλιλαίᾳ
1214 5138 1376 5207 μόνον
1434 5137 1746 5210 ὀφθήσομαι
1795 5139 1947 5209 ύμῖν,

377 5235 434 5280 ιν
482 5226 541 5280 δὲ
617 5224 971 5299 Ἰερουσαλὴμ
1033 5229 1136 5282 ούκ
1193 5227 1537 5301 ὀφθήσομαι·
1595 5229 1736 5283 ὥστε
1800 5229 1952 5299 φιλο-

380 5319 560 5387 τιμίας
604 5318 763 5373 τοῦτο
794 5310 1044 5386 πλδῦτος,
1074 5320 1137 5375 ού
1170 5320 1400 5391 ψεύδους
1436 5320 1551 5392 ἔχει
1593 5322 1949 5393 κατηγορίαν.

377 5411 613 5465 Ἔπειτα
662 5411 724 5465 τὸ
768 5410 997 5480 ὄψεσθαι
1033 5412 1198 5465 αὑτὸν
1238 5412 1297 5467 ὲν
1340 5412 1604 5485 Γαλιλαίᾳ
1655 5415 1767 5478 τοῖς
1816 5417 1952 5469 πᾶσι

375 5502 672 5579 μαθηταῖς,
733 5503 856 5573 οὐχὶ
896 5505 1009 5567 τοῖς
1046 5502 1277 5570 δώδεκα,
1307 5504 1449 5559 ἀλλά
1491 5504 1591 5559 καὶ
1635 5508 1748 5572 τοῖς
1804 5507 1954 5564 ἑϐδο-

373 5598 628 5667 μήκοντα
680 5596 1040 5667 ὑπισχνεῖται,
1100 5598 1158 5650 ὲν
1230 5596 1587 5669 Ἰερουσαλὴμ
1646 5599 1702 5654 δὲ
1765 5601 1952 5671 μόνοις

368 5689 485 5752 τοῖς
526 5685 737 5742 δώδεκα
784 5686 965 5760 ὤφθη.
1020 5684 1262 5767 Οὐδεμία
1302 5688 1398 5744 οὖν
1449 5690 1717 5763 διαφωνία
1767 5693 1953 5749 ἐντεῦ-

2053 4675 2218 4750 764
2245 4674 2301 4730 lu
2324 4676 2544 4734 Galilaa
2569 4677 2833 4735 duntaxat
2856 4680 3046 4741 videbo
3057 4698 3183 4747 vos,
3200 4687 3261 4738 .in
3292 4686 3629 4746 Hierusalem

2054 4779 2236 4824 autem
2269 4784 2374 4823 non
2407 4769 2600 4826 videbo
2628 4786 2645 4824 :
2678 4782 2733 4827 et
2775 4771 2848 4825 ita
2890 4774 3130 4841 amplius
3159 4790 3402 4849 apparet,
3438 4790 3494 4837 ct
3522 4798 3627 4837 non

2057 4861 2422 4916 mendacium.
2471 4859 2673 4920 Deinde
2706 4878 2828 4919 cum
2870 4865 3157 4927 videadutn
3215 4871 3358 4927 sein
3404 4872 3629 4928 Galilaea

2056 4952 2126 5007 ab
2154 4952 2409 5009 omnibus
2440 4954 2743 5023 discipulis,
2785 4966 2841 5011 et
2867 4974 2976 5012 non
3009 4975 3039 5014 a
3070 4960 3361 5035 duodecim
3395 4971 3649 5033 tantum,

2057 5047 2151 5100 sed
2174 5058 2222 5101 et
2260 5062 2289 5100 a
2328 5048 2669 5117 septuaginta
2724 5052 3014 5119 promittit,
3050 5052 3107 5111 in
3155 5054 3489 5111 Hierusalem
3525 5073 3629 5115 au-

2061 5142 2166 5188 tem
2215 5135 2348 5190 solis
2417 5137 2696 5192 duodecim
2739 5140 2888 5196 visus
2937 5140 3066 5201 fuit.
3140 5143 3292 5199 Nulla
3326 5145 3493 5216 igitur
3542 5149 3633 5204 bic

2059 5226 2366 5283 diversitas.
2400 5226 2556 5283 Visus
2579 5230 2725 5285 enim
2757 5242 2840 5286 est
2866 5233 2937 5288 ab
2966 5234 3220 5291 omnibus
3250 5238 3304 5291 in
3335 5236 3572 5306 Galilrca.
3599 5259 3633 5298 a

2060 5319 2349 5375 duodecim
2402 5331 2583 5376 autem
2612 5323 2672 5377 in
2716 5323 3086 5382 Hierusalem:
3143 5344 3263 5401 nam
3309 5332 3490 5400 plures
3546 5335 3631 5390 vi-

2058 5412 2243 5467 siones
2276 5412 2532 5468 fueruut:
2562 5414 2702 5471 unde
2734 5416 2823 5471 atii
2856 5418 2974 5483 has,
2995 5418 3097 5483 alii
3129 5419 3247 5474 illas
3268 5421 3627 5493 scripserunt.

2058 5503 2335 5562 Fortassis
2391 5516 2570 5562 autem
2622 5509 2691 5565 de
2758 5509 2947 5566 eadem
3012 5513 3239 5567 materia
3292 5518 3633 5577 tradentibus

2061 5602 2272 5657 duobus
2303 5602 2673 5674 evangelistis,
2703 5601 2903 5674 implet
2933 5618 3053 5674 qua:
3103 5618 3133 5658 a
3178 5610 3361 5678 priore
3413 5615 3632 5676 concise

2062 5692 2205 5748 dicta
2265 5701 2414 5761 sunt,
2468 5692 2752 5764 posterior.
2821 5692 2952 5750 Vide
3013 5695 3237 5770 insuper
3287 5705 3629 5767 sacerdotum

452 5872 501 5905 '°
530 5870 696 5927 Jnan.
756 5889 868 5938 xw,
917 5873 1009 5932 27.
1086 5875 1130 5907 ’ί
1164 5872 1323 5951 Joan.
1369 5894 1482 5948 xw,
1521 5877 1612 5934 22.
1690 5876 1733 5909 ⁸³
1758 5872 1947 5930 Matth.
1974 5890 2121 5945 xxvi,
2156 5876 2267 5945 δὶς
2309 5875 2476 5935 Marc.
2508 5896 2623 5936 xrv.
2650 5882 2740 5940 28.

601 5966 878 6027 ιἈτιιοι..
917 5966 1032 6031 Gn.
1096 5968 1380 6035 CXXIV.

3238 5978 3309 6038 10
