4056 6596
440 429 556 493 $199

1331 427 1913 490 TIIEOPHYLACTI
1964 427 2377 488 BULGARI/E
2416 429 2773 497 ARCHIEP.

440 543 781 612 dignitatem,
817 541 956 611 quod
985 540 1164 595 divina
1197 540 1288 596 sit.
1335 541 1425 596 Dei
1466 541 1610 595 enim
1645 550 1726 594 est
1758 540 2011 593 remittor.

2137 539 2248 593 θεν.
2302 541 2442 594 Πᾶσι
2512 542 2613 610 μὲν
2675 544 2785 614 γάρ
2830 546 2886 598 ἐν
2939 546 3198 617 Γαλιλαίᾳ
3239 545 3416 618 ὤφθη.
3480 549 3586 609 τοῖς
3650 548 3708 602 δὲ

443 643 687 703 peccata.
728 633 817 688 Sic
868 634 1037 704 igitur
1081 633 1154 687 illi
1200 633 1504 688 honorandi
1560 639 1686 684 sunt
1743 642 1798 684 ut
1855 631 2017 685 Deus.

445 727 574 778 Nam
610 729 860 794 quamvis
909 724 1116 794 indigni
1167 725 1297 787 sittt,
1337 725 1464 794 quid
1511 723 1651 778 hoc?
1703 724 2016 777 Divinorum

440 816 710 870 denorum
743 815 978 870 ministri
1015 824 1163 878 sunt,
1187 825 1240 868 et
1271 814 1442 884 gratia
1478 803 1736 880 operatur
1778 825 1873 878 per
1902 825 2018 871 eos,

439 909 581 962 sicut
626 918 675 962 et
717 922 812 978 per
855 909 1065 963 asinam
1113 907 1332 961 Balaam
1378 906 1588 960 locutus
1637 914 1719 959 est
1775 903 1858 958 “z
1911 917 2020 957 non

436 999 582 1052 enim
619 1000 915 1067 indignitas
949 1009 1135 1055 nostra
1168 998 1400 1067 gratiam
1433 997 1722 1067 prohibet;
1755 1005 1916 1065 atque
1947 995 2018 1048 ita

435 1090 562 1157 quia
609 1105 705 1158 per
740 1090 1051 1145 sacerdotes
1075 1090 1249 1160 gratia
1283 1087 1682 1158 suppeditatur,
1713 1084 2016 1141 honorandi

435 1190 584 1234 sunt.

2124 632 2333 684 δώδεκα
2367 634 2426 684 ἐν
2483 633 2868 708 Ἰερουσαλήμ.
2932 639 3204 692 Πλειόνων
3250 641 3359 710 γὰρ
3402 641 3708 712 γενομένων

2125 723 2426 786 ὀπτασιῶν,
2458 727 2507 778 oi
2543 727 2642 796 μὲν
2675 728 2862 792 τάσδε,
2910 730 2960 782 oi
3005 729 3063 783 δὲ
3105 731 3266 784 τάσδε
3306 732 3704 802 ἀνεγράψαντο.

2131 813 2283 867 Ἔστι
2316 815 2360 867 δ’
2394 817 2481 868 ὅτε
2513 820 2608 870 καὶ
2640 819 2769 889 περὶ
2798 818 2893 873 τοῦ
2928 820 3094 874 αὑτοῦ
3127 823 3424 890 κεφαλαίου
3467 825 3562 876 δύο
3590 827 3706 876 δια-

2128 902 2502 973 λαμϐάνοντες
2550 907 2962 976 εύαγγελισταὶ,
3004 912 3311 982 ἀναπληροῖ
3347 913 3417 966 τά
3464 914 3568 966 ὑπὸ
3613 914 3705 968 τοῦ

2128 995 2349 1063 πρώτου
2395 998 2654 1070 λεχθέντα
2695 1003 2814 1054 κατ’
2855 1001 3110 1071 ἔλλειψιν,
3144 1006 3172 1056 ό
3205 1004 3475 1076 δεύτερος.
3507 1006 3706 1058 Σκόπει

2127 1089 2184 1140 δέ
2202 1107 2291 1158 μοι
2309 1090 2418 1144 τῶν
2438 1091 2630 1162 ἱερέων
2655 1093 2753 1164 τὴν
2774 1093 2956 1162 ἀξίαν,
2984 1095 3066 1148 ὅτι
3097 1095 3214 1148 θεία
3239 1098 3354 1150 ἐστί
3380 1117 3386 1124 ·
3416 1097 3552 1150 Θεοῦ
3575 1102 3703 1166 γὰρ,

2127 1189 2189 1233 το
2223 1183 2445 1251 ἀφιέναι
2505 1185 2802 1256 ἁμαρτίας.
2847 1186 3036 1248 Οὕτως
3084 1187 3280 1251 αὐτοὺς
3330 1189 3587 1259 τιμητέον
3631 1188 3706 1251 ὡς

435 1276 590 1328 Θεόν.
642 1273 764 1328 Κᾶν
796 1275 905 1346 γὰρ
939 1274 1147 1342 ἀνάξιοι
1185 1268 1312 1338 ὦσι,
1369 1274 1422 1328 τί
1457 1273 1650 1339 τοῦτο;
1700 1271 1824 1330 Τῶν
1899 1272 2062 1326 θείων
2099 1279 2459 1347 χαρισμάτων
2503 1281 2614 1334 είσὶ
2655 1280 2914 1347 διάκονοι,
2968 1283 3123 1351 καὶὴ
3173 1284 3334 1353 χάρις
3389 1285 3608 1354 ἐνεργεῖ
3638 1281 3704 1335 δι’

437 1370 641 1433 αὐτῶν,
689 1370 879 1441 ὥσπερ
929 1370 1024 1426 οὖν
1098 1372 1192 1426 καὶ
1242 1373 1331 1427 διὰ
1376 1371 1476 1440 τῆς
1551 1371 1674 1424 ὄνου
1718 1370 1814 1422 τοῦ
1869 1371 2099 1442 Βαλαάμ
2133 1370 2442 1442 ἐλάλησεν·
2500 1373 2698 1430 οὔκουν
2749 1377 2784 1445 ἡ
2841 1374 3130 1444 ἁναξιότης
3179 1376 3337 1446 ἡμῶν
3395 1377 3494 1446 τὴν
3545 1377 3705 1446 χάρ.ν

438 1462 659 1515 κωλύει.
693 1463 854 1513 Ὥστε
895 1463 1018 1515 ἐπεὶ
1051 1463 1118 1516 δι’
1162 1464 1355 1534 ἱερέων
1391 1462 1615 1534 ἡχάρις
1663 1464 2009 1533 χορηγεῖται,
2049 1464 2311 1534 τιμητέον
2341 1464 2562 1531 αύτούς.

514 1557 673 1610 Vens.
706 1555 893 1609 ιιι-29.
929 1574 948 1607 t
1004 1554 1246 1610 Thomas
1293 1567 1473 1611 autem
1523 1572 1662 1612 unus
1705 1555 2014 1621 duodecim,

434 1648 524 1717 qui
559 1649 752 1701 dicitur
775 1646 1055 1716 Didymus,
1095 1656 1334 1705 nouerat
1365 1663 1486 1702 cum
1513 1649 1594 1703 eis
1626 1649 1842 1718 quando
1866 1648 2016 1703 venit

2210 1575 2228 1607 ι
2264 1557 2466 1628 Θωμᾶς
2492 1559 2548 1613 δὲ
2582 1553 2662 1623 εἷς
2690 1561 2753 1613 ἐκ
2782 1560 2888 1614 τῶν
2917 1562 3147 1626 δώδεκα,
3177 1563 3204 1615 ὁ
3235 1562 3525 1632 λεγόμενος
3551 1562 3706 1616 Δίδυ-

2126 1664 2248 1718 μος,
2280 1651 2380 1704 οὐκ
2411 1647 2480 1723 ἦν
2513 1652 2629 1722 μετ’
2669 1655 2871 1720 αὐτῶν,
2918 1656 3004 1708 ὅτε
3035 1652 3198 1726 ἦλθεν
3231 1659 3258 1709 ὁ
3295 1655 3522 1726 Ἰησοῦς.
3554 1656 3707 1708 Ἔλε-

431 1737 608 1794 Jestts.
682 1740 946 1794 Dixerunt
993 1755 1123 1808 ergo
1171 1739 1222 1794 ei
1261 1739 1352 1794 alii
1416 1740 1664 1808 discipuli
1715 1733 2011 1794 :Viditnus

2122 1758 2222 1809 γον
2265 1741 2359 1796 οὖν
2393 1743 2544 1814 αὐτῷ
2583 1746 2634 1797 oi.
2678 1745 2826 1799 ἄλλοι
2863 1746 3140 1817 μαθηταί’
3205 1748 3567 1818 Ἑωράκαμεν
3612 1747 3706 1800 τὸν

432 1832 739 1886 Dominum.
765 1831 855 1886 llle
877 1842 1056 1887 autem
1092 1831 1228 1886 dixit
1258 1832 1376 1887 eis:
1409 1831 1520 1886 Nisi
1553 1831 1738 1887 videro
1770 1831 1822 1887 in
1854 1832 2025 1886 maui-

431 1925 532 1980 bus
545 1925 660 1996 ejus
679 1927 957 1994 vestigium
980 1927 1281 1990 clavorum,
1302 1937 1355 1981 et
1379 1927 1577 1980 misero
1598 1925 1824 1996 digitum
1844 1941 2021 1980 meum

432 2010 486 2072 in
515 2019 794 2089 vestigium
815 2019 1108 2083 clavorum,
1131 2029 1187 2074 et
1209 2020 1407 2074 misero
1427 2019 1839 2086 manumzmeam
1869 2019 1921 2072 in
1946 2019 2022 2072 la-

433 2121 518 2166 tus
539 2111 678 2181 ejus,
703 2128 806 2166 non
831 2114 1066 2166 credam.
1103 2111 1165 2164 Et
1187 2121 1312 2181 post
1345 2113 1462 2166 dies
1489 2122 1612 2165 octo
1642 2111 1839 2165 iterum
1863 2121 2023 2164 erant

431 2205 675 2274 discipuli
709 2207 824 2271 ejus
852 2206 1019 2271 intus,
1051 2215 1107 2258 et
1139 2205 1378 2260 Thomas
1410 2220 1532 2260 cum
1554 2205 1633 2260 eis
1670 2222 1683 2258 :
1715 2206 2014 2276 venitergn

429 2297 810 2368 Jesus,januis
842 2302 1060 2366 clausis,
1091 2309 1146 2353 et
1173 2299 1325 2354 stetit
1371 2300 1421 2352 in
1460 2298 1638 2351 tncdio
1678 2297 1920 2364 illorum,
1966 2308 2021 2350 et

428 2391 604 2446 dixit:
634 2391 744 2446 Pax
770 2392 940 2446 vobis.
963 2391 1164 2448 Deinde
1188 2391 1319 2447 dicit
1346 2390 1566 2446 Thema:
1593 2389 1770 2444 :lnl'er
1790 2390 2017 2459 digitum

433 2496 579 2537 tuum
622 2484 746 2549 huc,
778 2493 831 2537 et
862 2483 985 2538 vide
1013 2497 1206 2538 manus
1239 2499 1408 2548 meas,
1435 2493 1490 2536 et
1534 2484 1761 2536 admove
1801 2495 2016 2534 manum

428 2586 600 2642 tuam,
635 2585 690 2630 et
719 2576 952 2632 immitte
977 2577 1030 2631 in
1061 2576 1204 2631 latus
1229 2591 1430 2641 meum,
1462 2585 1514 2629 et
1548 2577 1657 2629 noli
1686 2588 1808 2629 esse
1842 2573 2018 2628 incre-

428 2670 609 2732 dnltls,
642 2671 735 2724 sed
794 2671 1044 2724 credens.
1096 2667 1400 2739 Respondit
1447 2668 1709 2731 Thomas,
1753 2676 1808 2720 et
1835 2667 2014 2721 dixit:

429 2759 693 2814 Dominus
726 2775 876 2814 meus
909 2768 964 2815 et
1005 2760 1146 2814 Deus
1177 2773 1348 2813 meus.
1381 2757 1527 2812 Dixit
1559 2756 1609 2812 ei
1641 2757 1798 2812 Jesus
1829 2775 1842 2809 :
1875 2755 2014 2821 Quia

430 2854 610 2908 vidisti
646 2867 751 2915 me,
781 2852 1012 2917 Thema,
1055 2851 1332 2908 credidisti
1373 2869 1388 2906 :
1429 2852 1569 2906 beati
1595 2851 1683 2920 qui
1717 2863 1825 2904 non
1861 2850 2016 2903 vide-

429 2951 580 3004 runt,
638 2949 696 2996 et
755 2941 1132 2998 crediderunt.
1201 2959 1220 2992 ι
1277 2939 1393 2995 Νοιι
1441 2949 1560 2994 erat
1590 2940 1826 2993 Thomas
1890 2953 2012 2993 cum

429 3033 763 3103 discipulis:
827 3033 1122 3087 verisimile
1167 3033 1312 3088 enim
1361 3032 1506 3086 illum
1555 3047 1620 3086 ex
1673 3031 2013 3100 dispersione

2129 1833 2356 1904 Κύριον.
2407 1834 2466 1887 '0
2502 1835 2559 1888 δὲ
2588 1832 2746 1890 εἶπεν
2779 1837 2964 1900 αὐτοῖς
2993 1854 3006 1868 ·
3053 1839 3179 1890 Ἐάν
3224 1838 3298 1909 μὴ
3334 1838 3428 1890 ῐδω
3477 1839 3535 1889 ἐν
3584 1840 3704 1902 ταῖς

2126 1927 2318 1997 χερσὶν
2361 1927 2527 1982 αὑτοῦ
2578 1929 2669 1981 τὸν
2696 1930 2868 1982 τύπον
2916 1929 3024 1982 τῶν
3071 1929 3238 2000 ἥλων,
3292 1929 3385 1982 καὶ
3435 1929 3583 1998 βάλω
3612 1929 3706 1981 τὸν

2125 2019 2386 2072 δάκτυλόν
2425 2038 2526 2089 μου
2581 2022 2660 2084 είς
2717 2022 2807 2074 τὸν
2846 2021 3012 2075 τύπον
3056 2022 3164 2075 τῶν
3215 2022 3384 2092 ἥλων,
3423 2023 3516 2075 καὶ
3555 2020 3705 2090 βάλω

2125 2111 2224 2182 τὴν
2266 2113 2426 2183 χεῖρά
2476 2129 2578 2182 μου
2615 2115 2695 2176 είς
2736 2115 2836 2183 τὴν
2868 2113 3110 2184 πλευρὰν
3161 2113 3347 2178 αὐτοῦ,
3397 2115 3456 2166 ού
3499 2115 3574 2183 μὴ
3611 2131 3704 2165 πι-

2125 2203 2355 2259 στεύσω.
2400 2207 2507 2258 Καὶ
2545 2206 2664 2274 μεθ’
2700 2207 2912 2277 ἡμέρας
2951 2207 3096 2261 ὀκτὼ
3134 2207 3295 2261 πάλιν
3326 2202 3467 2276 ἦσαν
3517 2207 3625 2259 ἔσω
3653 2207 3706 2258 οἱ

2126 2298 2364 2369 μαθηταὶ
2389 2298 2578 2362 αὐτοῦ,
2615 2301 2710 2352 καὶ
2741 2300 2942 2370 Θωμᾶς
2983 2303 3102 2371 μετ’
3138 2301 3340 2354 αὐτῶν.
3383 2301 3642 2369 Ἔρχεται
3676 2303 3706 2352 ὁ

2135 2390 2342 2459 Ἰησοῦς
2386 2391 2490 2445 τῶν
2529 2391 2708 2463 θυρῶν
2755 2393 3178 2464 κεκλεισμένων,
3210 2395 3304 2446 καὶ
3348 2395 3482 2463 ἔστη
3521 2394 3601 2454 εἰς
3640 2391 3707 2444 τὸ

2124 2481 2311 2549 μέσον,
2354 2480 2450 2533 καὶ
2479 2477 2632 2534 εἶπεν
2659 2497 2672 2510 ⁸
2705 2483 2912 2552 Εἰρήνη
2939 2483 3088 2552 ύμῖν.
3122 2479 3253 2536 Εἶτα
3284 2484 3430 2550 λέγει
3469 2481 3546 2551 τῷ
3585 2482 3707 2534 Θω-

2124 2573 2202 2642 μᾷ
2228 2590 2242 2603 ·
2271 2574 2407 2641 Φέρε
2438 2573 2528 2626 τὸν
2558 2573 2821 2626 δάκτυλόν
2858 2591 2952 2626 σου
2998 2567 3122 2635 ὧδε,
3159 2573 3252 2627 καὶ
3279 2575 3353 2628 ἴδε
3388 2573 3486 2636 τὰς
3514 2573 3704 2642 χεῖράς

2123 2681 2249 2734 μου,
2277 2665 2370 2716 καὶ
2399 2665 2530 2735 φέρε
2557 2665 2656 2734 τὴν
2688 2666 2843 2736 χεῖρά
2879 2682 2994 2727 σου,
3016 2665 3110 2718 καὶ
3140 2666 3267 2736 βάλε
3295 2667 3374 2728 εἰς
3406 2665 3505 2736 τὴν
3537 2665 3705 2716 πλευ·

2123 2757 2222 2826 ράν
2257 2774 2381 2825 μου,
2415 2756 2509 2808 καὶ
2536 2756 2611 2827 μὴ
2639 2758 2792 2824 γίνου
2821 2757 3074 2821 ἄπιστος,
3105 2758 3241 2810 ἀλλά
3278 2758 3492 2811 πιστόε.
3569 2757 3706 2808 Ἀπ-

2119 2849 2311 2919 εκρίθη
2337 2853 2562 2919 Θωμᾶς,
2580 2851 2672 2902 καὶ
2698 2845 2850 2902 εἶπεν
2876 2865 2888 2880 ·
2929 2849 2985 2902 Ὀ
3018 2850 3215 2920 Κύριός
3242 2867 3365 2918 μου,
3402 2854 3493 2902 καὶ
3515 2852 3541 2902 ὁ
3567 2850 3703 2910 Θεός

2120 2959 2242 3011 μου.
2272 2943 2434 3010 Λέγει
2467 2941 2616 3012 αύτῴ
2655 2943 2684 2994 ὁ
2738 2941 2942 3011 Ἰησοῦς
2967 2960 2981 2975 ·
3012 2943 3140 2994 Ὀτι
3175 2942 3426 3013 ἑώρακάς
3468 2960 3559 3010 με,
3602 2959 3709 2993 πε-

2118 3038 2414 3095 πίστευκας
2441 3050 2453 3062 ·
2502 3035 2765 3103 μακάριοι
2791 3034 2840 3086 oi
2873 3033 2948 3103 μὴ
2993 3033 3214 3098 ἰδόντες,
3249 3040 3343 3086 καὶ
3382 3031 3708 3086 πιστεύσανο

429 3123 669 3178 nondum
697 3121 868 3177 fuisse
896 3134 1306 3190 congregatum.
1333 3121 1472 3188 Quid
1500 3131 1678 3174 autem
1729 3130 1836 3180 est,
1872 3138 1891 3172 ι
1917 3121 2011 3185 Qui

2128 3145 2235 3190 τες.
2272 3147 2290 3179 ι
2339 3128 2451 3182 Οὔκ
2480 3123 2547 3197 ἦν
2593 3129 2620 3179 ὀ
2648 3128 2847 3195 Θωμᾶς
2883 3127 3018 3198 μετά
3055 3127 3164 3179 τῶν
3216 3126 3475 3196 μαθητῶν
3501 3141 3516 3155 ο
3552 3125 3704 3186 εἰκὸς

428 3216 624 3272 dicitur
645 3215 967 3287 Didymttsh
998 3215 1374 3284 lnterpretatio
1392 3224 1472 3267 est
1497 3213 1731 3267 nominis
1754 3211 2012 3266 Thomas.

428 3309 888 3373 Quemadmodum
915 3307 1058 3362 enim
1086 3306 1298 3377 Cephzts
1323 3307 1744 3375 interpretamur
1777 3303 2014 3364 Petrum,

427 3403 508 3458 sic
537 3411 592 3456 et
652 3399 890 3457 Thomas
929 3401 1152 3464 dicitur,
1204 3400 1304 3455 hoc
1362 3410 1468 3466 est,
1535 3399 1580 3453 si
1621 3396 2015 3466 interpreteris,

429 3503 588 3550 sonat
629 3494 886 3566 Didymus
928 3511 947 3548 :
984 3494 1176 3549 Merito
1223 3503 1406 3547 autem
1445 3491 1691 3546 meminit
1748 3489 2017 3556 interpre-

430 3588 650 3644 tationis
681 3588 802 3657 ejus
828 3587 1086 3651 nominis,
1122 3594 1178 3638 ιιι
1217 3585 1467 3640 ostendat
1495 3584 1651 3637 nobis
1681 3582 1821 3648 quod
1857 3579 2014 3632 dubi-

427 3688 572 3732 t.ttor
594 3677 814 3748 quidam
844 3679 935 3741 sit,
979 3688 1035 3732 et
1057 3678 1109 3731 id
1141 3676 1258 3732 vitii
1293 3691 1321 3730 a
1355 3676 1621 3746 principio
1646 3673 1915 3736 habuerit,
1956 3680 2014 3725 ιιι

426 3782 479 3822 «οι
504 3786 702 3826 nomen
737 3772 961 3826 indicat.
1008 3770 1322 3826 Dicentihns
1354 3780 1530 3822 autem
1578 3767 1700 3820 aliis
1729 3766 2013 3834 discipulis

428 3867 497 3920 de
523 3865 768 3926 Domino,
807 3878 912 3917 non
962 3864 1135 3917 credit
1164 3880 1177 3916 :
1202 3877 1305 3915 non
1354 3860 1476 3914 illos
1507 3861 1793 3914 mendaces
1821 3858 2010 3912 existi-

427 3972 604 4020 taans,
657 3956 752 4010 sed
808 3953 1264 4008 resurrectionem
1314 3950 1696 4020 impossibiletn
1759 3964 2006 4018 putans:

423 4043 546 4099 ideo
575 4053 626 4096 et
660 4041 927 4112 arguitur,
981 4049 1038 4095 ut
1084 4055 1245 4109 supra
1282 4039 1500 4094 modum
1543 4040 1810 4093 curiosus.
1873 4037 2008 4092 Nam

421 4132 878 4204 quemadmodum
907 4131 1065 4186 facile
1089 4133 1335 4192 credere.
1360 4129 1594 4184 levitatis
1614 4139 1695 4182 est
1717 4145 1729 4180 :
1755 4127 1827 4182 ita
1855 4129 2006 4182 valde

422 4225 711 4289 obluctari,
777 4222 1099 4278 ruszicitatis
1151 4231 1237 4278 est
1287 4221 1613 4276 crassitudo.
1677 4217 1805 4272 Vide
1861 4219 2004 4271 enim

423 4315 697 4382 quomodo
749 4327 926 4382 neque
980 4312 1158 4368 oculis
1209 4311 1421 4367 dicebat
1451 4323 1510 4364 se
1536 4311 1784 4371 credere,
1812 4309 1904 4362 sed
1933 4319 2005 4375 et,

426 4429 446 4458 ι
474 4409 588 4462 Nisi
623 4408 822 4462 misero
849 4420 1069 4459 manum
1099 4419 1297 4471 meam,
1325 4421 1343 4454 ι
1375 4404 1602 4458 addidit.
1641 4403 1792 4459 Unde
1824 4413 2006 4458 autem

2123 3221 2231 3290 γὰρ
2263 3220 2427 3273 αὑτὸν
2461 3221 2526 3271 ἐκ
2577 3220 2676 3288 τῆς
2713 3219 3012 3289 διασπορᾶς
3049 3220 3216 3290 μήπω
3248 3217 3703 3287 ἐπισυναχθῆναι.

2121 3311 2185 3362 Τί
2212 3311 2267 3363 δέ
2298 3314 2467 3376 ἐστιν,
2493 3330 2510 3361 t
2533 3311 2590 3363 Ὀ
2605 3310 2892 3381 λεγόμενος
2913 3309 3140 3378 Δίδυμος
3162 3329 3208 3374 ;›
3245 3311 3414 3362 Τοῦτο
3433 3308 3708 3379 ἑρμηνεία

2119 3403 2237 3454 ἐστὶ
2270 3401 2384 3465 τοῦ,
2442 3421 2459 3453 t
2505 3403 2728 3471 Θωμᾶς.
2771 3422 2788 3454 ι
2844 3404 3057 3472 Ὥσπερ
3107 3402 3215 3472 γὰρ
3267 3401 3325 3453 τὸ
3360 3403 3556 3470 Κηφᾶς
3606 3401 3705 3468 έρ-

2122 3495 2418 3563 μηνεύεται
2469 3497 2714 3561 Πέτρος,
2768 3495 2910 3547 οὕτω
2963 3494 3151 3546 καὶτὸ
3199 3494 3402 3563 Θωμᾶς
3456 3492 3701 3560 λέγεται,

2123 3587 2443 3651 τουτέστιν,
2528 3586 2895 3656 ἑρμηνεύεται
2969 3585 3246 3654 Δίδυμος.
3325 3585 3564 3648 Εἰκότως
3635 3585 3699 3637 δὲ

2119 3679 2450 3748 μνημονεύει
2479 3682 2576 3748 τῆς
2601 3682 2897 3752 ἑρμηνείας
2930 3680 3131 3750 ταύτης
3159 3680 3254 3732 τοῦ
3289 3679 3572 3748 ὀνόματος,
3611 3679 3703 3730 ἵνα

2116 3771 2265 3842 δείξῃ
2313 3772 2467 3841 ἡμῖν,
2501 3773 2580 3824 ὅτι
2613 3771 2961 3833 διστακτικός
2992 3788 3076 3834 τις
3109 3766 3199 3840 ἦν,
3234 3771 3328 3822 καὶ
3364 3768 3572 3822 ἀνωθεν
3607 3772 3707 3821 καὶ

2114 3861 2211 3913 ἀπ’
2241 3861 2415 3932 ἀρχῆς
2459 3861 2699 3914 τοιοῦτον
2753 3857 2864 3931 εἶχε
2901 3861 2991 3914 τὸν
3023 3861 3244 3930 τρόπον,
3297 3859 3372 3922 ὡς
3419 3857 3571 3928 δηλοῖ
3603 3860 3704 3911 καὶ

2113 3953 2377 4022 τοῦνομα.
2408 3953 2643 4020 Λέγουσι
2676 3952 2730 4004 δὲ
2763 3955 2876 4014 τοῖς
2919 3952 3098 4015 ἄλλοις
3135 3951 3405 4021 μαθηταῖς
3437 3953 3566 4020 περὶ
3598 3950 3697 4002 τοῦ

2116 4046 2320 4116 Κυρίου
2383 4044 2622 4115 ἠπίστει,
2648 4045 2745 4113 οὐχ
2770 4045 2845 4108 ὡς
2875 4045 3090 4113 ψευδεῖς
3140 4046 3337 4107 αὐτοὺς
3367 4045 3698 4112 ἡγούμενος,

2113 4136 2250 4190 ἀλλά
2309 4135 2370 4188 τὸ
2411 4136 2646 4205 πρᾶγμα
2692 4135 2790 4204 τῆς
2838 4134 3186 4197 ἀναστάσεως
3247 4134 3510 4187 ἀδύνατον
3558 4128 3700 4185 εἶναι

2114 4227 2351 4296 νομίζων
2378 4243 2391 4257 ο
2423 4227 2505 4280 διδ
2535 4228 2629 4279 καὶ
2665 4226 3006 4293 ἐγκαλεῖται,
3044 4227 3119 4288 ὡς
3157 4225 3300 4296 πέρα
3328 4225 3424 4277 τοῦ
3471 4224 3698 4295 μετρίου

2115 4319 2429 4388 περίεργος.
2465 4319 2680 4388 Ὥσπερ
2711 4318 2818 4387 γὰρ
2845 4317 2904 4370 τὸ
2931 4317 3128 4388 ῥᾳδίως
3159 4316 3461 4380 πιστεύειν,
3495 4317 3700 4384 κουφό-

2112 4425 2306 4478 τητος·
2347 4407 2487 4461 οὓτω
2528 4407 2588 4459 τὸ
2635 4407 2842 4476 σφόδρα
2886 4407 3229 4471 ἀντιτείνειν,
3268 4406 3555 4476 ἀγροικίας
3603 4410 3697 4458 καὶ

421 4501 624 4555 sciebat
640 4501 780 4555 latus
801 4499 1059 4554 habuisse
1083 4495 1349 4566 vestigia?
1367 4496 1628 4550 Audierat
1651 4510 1681 4549 a
1701 4495 2002 4566 discipulis.

2120 4500 2451 4570 παχύτητος.
2489 4499 2635 4569 ’Ὅρα
2665 4499 2745 4563 δὲ,
2780 4499 2925 4561 ὅπως
2965 4499 3087 4551 οὐδὲ
3125 4503 3236 4562 τοῖς
3269 4500 3567 4570 ὀφθαλμοῖς
3593 4499 3699 4568 ἔφη

423 4595 604 4658 Quare
647 4607 752 4647 non
801 4592 987 4647 statim
1029 4596 1252 4658 apparet
1286 4588 1360 4652 ei,
1410 4590 1504 4642 sed
1531 4601 1652 4657 post
1685 4587 1804 4642 dies
1853 4589 2009 4641 octo?

425 4694 482 4737 ut
511 4699 634 4737 cum
671 4683 998 4738 edoceretur
1043 4696 1071 4734 a
1101 4679 1511 4748 condiscipulis,
1545 4687 1600 4732 et
1640 4679 1724 4733 his
1755 4693 1873 4746 qua:
1906 4693 2006 4730 au-

419 4780 619 4838 dierat,
656 4775 709 4829 itt
743 4777 916 4841 majus
940 4772 1103 4845 765
1133 4771 1461 4826 desiderium
1493 4772 1906 4834 accenderetur,
1953 4779 2007 4824 et

422 4866 632 4919 tidclior
663 4865 718 4919 in
774 4866 1019 4919 futurum
1061 4865 1236 4918 tieret.
1271 4861 1572 4917 Ostendere
1609 4870 1790 4915 autem
1821 4862 2008 4914 Vulcns

423 4959 684 5012 Dominus
717 4957 860 5028 quod
882 4967 938 5011 et
978 4967 1107 5011 tunc
1135 4959 1324 5010 aderat
1353 4955 1572 5024 quando
1601 4953 2006 5009 incredulitatis

419 5052 584 5104 verba
620 5066 742 5105 cum
768 5048 1053 5120 discipulis
1083 5047 1336 5103 tractarit
1365 5046 1625 5115 Thomas,
1661 5061 1767 5101 non
1804 5059 1996 5116 exspe-

418 5145 584 5198 ctavit
623 5151 680 5197 ut
709 5147 858 5198 abeo
897 5143 1002 5198 tale
1022 5142 1280 5213 quiddam
1306 5142 1539 5204 audiret,
1575 5143 1666 5196 sed
1701 5141 1815 5208 ipse
1837 5141 2003 5206 prior,

422 5252 544 5305 qua:
573 5235 935 5300 desiderabat,
963 5235 1166 5306 implet.
1195 5233 1407 5289 Etenim
1442 5234 1621 5289 verbis
1656 5233 1849 5287 iisdem
1877 5247 2005 5284 usus

419 5341 521 5382 est.
561 5325 627 5381 Et
656 5326 777 5380 vide
817 5327 1087 5395 quomodo
1115 5326 1368 5396 loquatur
1397 5325 1630 5395 primum
1682 5325 1971 5391 increpans
1990 5363 2002 5387 ,

424 5440 443 5471 ι
487 5417 634 5474 Aﬂ'er
656 5434 874 5473 manum
909 5430 1053 5475 tuam
1078 5419 1710 5489 :otetdeiuZadmonens,
1750 5435 1768 5468 ι
1801 5415 1878 5470 Ne
1909 5417 2005 5481 sis,

426 5514 629 5584 inquit,
661 5514 996 5584 incredulus,
1029 5515 1123 5571 scd
1151 5513 1344 5570 lidelis.
1386 5533 1405 5566 ι
1439 5511 1604 5569 Vides
1659 5510 2004 5565 manifestam

422 5624 485 5660 ex
523 5605 842 5663 inﬁdelitate
879 5607 1050 5663 fuisse
1073 5607 1490 5670 dubitationem,
1516 5617 1567 5660 et
1600 5603 1800 5657 frustra
1839 5614 1977 5670 quos

419 5699 543 5753 dam
589 5700 884 5767 gratiﬁcari
925 5703 1170 5769 'l‘ltontaa,
1201 5700 1448 5756 dicentes
1497 5699 1637 5767 quod
1671 5698 1793 5749 data
1839 5709 2006 5763 opera

489 5889 538 5922 ³³
563 5885 726 5943 Νυιιι.
761 5901 895 5956 xxtt,
926 5889 1020 5944 ‘28.

2117 4590 2418 4654 πιστεύειν,
2463 4589 2600 4642 ἀλλὰ
2648 4589 2742 4640 καὶ
2789 4589 2869 4652 τὸ,
2914 4589 3080 4642 «Ἐὰν
3125 4590 3199 4659 μὴ
3234 4590 3380 4659 βάλω
3413 4591 3512 4660 τὴν
3541 4593 3702 4660 χεῖρά

2119 4697 2243 4749 μου,
2282 4699 2300 4731 ι
2339 4680 2671 4750 προσέθηκε.
2722 4679 2894 4731 Πόθεν
2920 4679 2977 4732 δὲ
3011 4679 3148 4750 ᾔδει,
3195 4681 3276 4733 ὃτι
3305 4681 3511 4744 τύπους
3551 4677 3701 4748 εἶχεν

2117 4775 2150 4844 ὴ
2189 4773 2430 4842 πλευρά;
2462 4771 2730 4835 Ἀκούσας
2776 4773 2929 4843 παρά
2974 4773 3083 4826 τῶν
3127 4774 3405 4844 μαθητῶν.
3447 4775 3604 4834 Τίνος
3640 4773 3702 4826 δὲ

2116 4866 2306 4919 ἕνεκεν
2331 4866 2431 4918 ούκ
2453 4865 2655 4928 εὐθέως
2689 4865 2938 4933 φαίνεται
2961 4866 3130 4935 αὐτῷ,
3166 4865 3303 4918 ἀλλά
3334 4865 3458 4934 μεθ’
3480 4865 3700 4935 ἡμέρας

2116 4956 2262 5010 ὀκτώ
2285 4975 2298 5024 ;
2329 4958 2493 5010 Ὥστε
2526 4957 2768 5026 κατηχού
2779 4975 2936 5026 μενον
2957 4957 3120 5010 αὑτὸν
3145 4958 3250 5010 ὑπὸ
3268 4957 3376 5010 τῶν
3402 4955 3699 5026 συμμαθηο

2114 5050 2241 5115 τῶν,
2265 5051 2357 5102 καὶ
2385 5049 2453 5103 τά
2480 5049 2621 5102 αὐτὰ
2645 5049 2932 5111 ἀκούοντα,
2953 5051 3046 5103 καὶ
3065 5051 3143 5113 εἰς
3163 5051 3387 5104 πλείονα
3417 5051 3582 5104 πόθον
3603 5051 3700 5101 ἐκ-

2111 5141 2336 5209 καῆναι,
2388 5140 2483 5192 καὶ⁸
2520 5140 2838 5207 πιστότερον
2873 5139 3006 5208 πρὸς
3061 5139 3120 5191 τὸ
3171 5140 3362 5211 μέλλον
3411 5138 3692 5207 γενέσθαι.

2113 5234 2292 5298 Δεῖξαι
2329 5232 2384 5284 δὲ
2439 5231 2607 5284 θέλων
2658 5232 2686 5284 6
2719 5231 3014 5302 Δεσπότης,
3055 5233 3135 5284 ὅτι
3173 5235 3270 5286 καὶ
3314 5232 3436 5285 τότε
3488 5229 3696 5301 παρῆν,

2122 5325 2286 5394 ἡνίκα
2319 5323 2386 5376 τά
2410 5323 2507 5392 τῆς
2537 5322 2796 5386 ἀπιστίας
2837 5323 3060 5394 ῥήματα
3092 5324 3228 5394 πρὸς
3247 5325 3373 5387 τοὺς
3402 5322 3700 5393 συμμαθη-

2110 5417 2206 5477 sit;
2243 5413 2542 5482 ἐφθέγγετο
2567 5414 2594 5465 ὁ
2617 5412 2839 5482 Θωμᾶς,
2877 5412 2939 5465 ού
2972 5415 3259 5484 περιμένει
3313 5416 3444 5484 παρ’
3482 5413 3696 5467 ἐκείνου

2109 5506 2341 5561 ἀκοῦσαί
2382 5523 2432 5559 τι
2484 5503 2760 5570 τοιοῦτον,
2819 5505 2934 5558 ἀλλ’
2981 5507 3143 5570 αὐτὸς
3185 5505 3498 5576 προλαϐὼν,
3546 5504 3699 5575 ἅπερ

2111 5600 2378 5671 ἐπεθύμει
2416 5600 2614 5670 πληροῖ
2639 5614 2652 5628 ⁸
2695 5599 2788 5652 καὶ
2828 5599 2936 5669 γὰρ
2986 5601 3096 5663 τοῖς
3134 5601 3377 5670 ῥήμασιν
3417 5599 3698 5668 ἐχρήσατο

2113 5695 2222 5756 τοῖς
2260 5692 2448 5747 αὐτοῦ.
2485 5693 2595 5745 Καὶ
2622 5694 2744 5762 ὅρα,
2771 5691 2830 5742 τὸ
2864 5691 2964 5759 μὲν
2997 5691 3211 5763 πρῶτον
3244 5695 3530 5760 ἐπιτιμητι
3551 5689 3648 5753 ’.ὡς
3681 5705 3696 5718 ο
