4056 6602
366 395 478 461 301

1011 391 1454 456 ENARRATIO
1494 393 1573 453 ΙΝ
1615 391 2581 454 EV’ANGELIUM‘JOANNIS.—
2605 390 2764 453 CAP.
2811 389 2942 451 XX.

3513 379 3624 445 30?.

360 523 381 556 ι
431 503 566 575 Φέρε
602 499 733 571 γάρ,
791 499 968 570 φησὶ,
1041 499 1142 570 τὴν
1174 499 1333 570 χεῖρά
1375 513 1504 552 σουο
1542 516 1561 550 ι
1611 497 1674 550 τὸ
1709 496 1762 550 δὲ
1817 496 1952 566 μετά

2061 506 2108 552 ει
2137 496 2428 567 prudenter
2461 513 2566 552 non
2619 497 2780 552 facile
2827 493 3159 551 crediderit?
3191 493 3320 548 Nam
3372 494 3626 548 Dominus

351 591 555 656 ταῦτα,
587 589 991 662 παραινετικῶς
1016 605 1028 618 ·
1069 608 1087 640 ι
1122 589 1214 658 Μὴ
1244 589 1394 656 γίνου
1425 589 1554 658 γάρ,
1585 587 1769 658 φησιν,
1805 586 1936 642 dm-

354 701 510 748 στος,
535 683 672 737 άλλά
698 681 909 744 πιστός.
965 700 985 734 ι
1020 681 1182 734 Ὅθεν
1222 680 1400 749 δῆλον,
1451 681 1534 735 ὅτι
1586 678 1646 744 ἐξ
1680 679 1940 742 ἀπιστίας

351 770 429 845 ἦν
467 777 500 844 ἠ
524 773 846 842 ἀμφιϐολία,
881 775 977 827 καὶ
1004 773 1184 843 μάτην
1233 773 1422 826 λοιπὸν
1473 771 1940 842 καταχαρίζονταί

297 855 313 874 ³
353 881 509 928 τινες
552 865 630 935 τῷ
686 865 880 935 Θωμᾷ,
945 864 1275 934 φάσκοντες,
1313 863 1386 928 ῶς
1419 862 1480 928 ἐξ
1534 863 1843 934 ἀκριϐείας,
1878 861 1939 916 ού

359 957 568 1028 ῥᾳδίως
604 958 945 1011 ἔπίστευσεν.
994 958 1125 1011 Ἰδοὺ
1147 957 1256 1029 γὰρ
1281 961 1309 1012 6
1353 957 1557 1028 Κύριος
1581 957 1810 1012 ἄπιστον
1841 957 1942 1009 αύ-

355 1048 458 1100 τδν
485 1047 770 1101 ἀποκαλεῖ.
809 1046 952 1118 Ὅρα
974 1047 1031 1100 δὲ
1056 1048 1147 1100 τὸν
1175 1051 1368 1120 πρώην
1397 1047 1648 1114 ἄπιστον,
1673 1047 1800 1110 πῶς
1839 1046 1946 1100 ἀπὸ

356 1140 464 1193 τοῦ
512 1138 754 1210 ἅψασθαι
788 1137 884 1209 τῆς
939 1139 1201 1210 πλευρᾶς,
1267 1140 1516 1206 θεολόγος
1569 1140 1790 1210 ἄριστος
1845 1139 1940 1192 ἀν⁶

358 1229 607 1300 εδείχοη.
633 1229 744 1292 Τάς
762 1230 870 1298 γὰρ
899 1228 992 1282 δύο
1022 1230 1235 1296 φύσεις,
1262 1231 1355 1283 καὶ
1373 1230 1474 1300 τὴν
1496 1229 1626 1299 μίαν
1649 1229 1947 1282 ὑπόστασιν

357 1322 464 1375 τοῦ
499 1323 617 1386 svi);
656 1321 896 1389 Χριστοῦ
938 1320 1177 1384 ἐδίδαξεν
1202 1338 1217 1350 '
1247 1322 1306 1374 ὲν
1367 1322 1467 1391 μὲν
1497 1321 1577 1390 τῷ
1609 1322 1790 1374 εἰπεῖν
1830 1319 1946 1374 Κύ-

363 1432 512 1483 ριον,
545 1416 643 1484 τὴν
671 1413 1018 1484 ἀνθρωπίνην
1049 1413 1212 1484 φύσιν
1255 1415 1370 1482 (καὶ
1397 1413 1504 1484 γὰρ
1528 1415 1617 1467 ἐπ’
1646 1411 1950 1483 ἀνθρώπων

359 1509 432 1558 τὸ
461 1509 673 1575 Κύριος
710 1505 957 1576 λέγεται·
983 1507 1060 1570 ὡς
1097 1507 1175 1568 τὸ,
1211 1525 1230 1557 ι
1269 1506 1460 1575 Κύριε,
1483 1508 1532 1560 εί
1559 1506 1622 1560 σὺ
1647 1506 1952 1568 ἐϐάστασας

361 1599 569 1651 αὐτόν’
609 1600 654 1668 ι)
693 1599 860 1652 διὰδὲ
916 1598 1010 1651 τοῦ
1038 1599 1235 1664 εἰπεῖν,
1297 1615 1315 1647 ι
1366 1597 1425 1650 'U
1471 1597 1604 1660 Θεός
1631 1615 1756 1666 μου,
1797 1617 1816 1649 ι
1854 1597 1954 1660 τὴν

363 1693 526 1744 θείαν
562 1691 768 1757 οὐσίαν,
803 1692 900 1744 ἕνα
925 1691 1110 1762 μέντοι
1137 1691 1230 1744 καὶ
1261 1691 1352 1744 τὶν
1375 1689 1537 1743 αὑτὸν
1569 1683 1710 1742 εἶναι
1747 1689 1954 1760 Κύριον

361 1785 470 1838 καὶ
499 1784 652 1838 Θεόν.
690 1783 965 1838 Δεικνύων
988 1785 1044 1839 δὲ
1069 1785 1201 1853 ἡμίν
1223 1786 1251 1837 6
1286 1783 1512 1854 Κύριος,
1535 1783 1616 1836 ὅτι
1643 1781 1802 1836 τοῦτο
1838 1783 1954 1835 ἐστι

2039 590 2375 658 ὶιιοτοιιιιΙιιιιι
2410 599 2584 645 vocat.
2617 588 2753 644 Vide
2776 596 2958 644 autem
2983 589 3255 658 quomodo
3287 587 3331 641 is
3354 587 3443 655 qui
3474 586 3625 654 prius

2041 682 2369 752 incredulus,
2409 695 2550 738 tactu
2579 684 2768 739 lateris
2802 682 3082 752 theologus
3124 683 3364 750 optimus
3402 681 3627 735 demon-

2039 785 2241 832 stratus
2270 777 2362 829 sit.
2400 774 2546 829 Duas
2575 775 2724 828 enim
2755 782 2974 826 naturas
3004 781 3057 826 et
3085 788 3247 825 unam
3290 770 3623 840 hypostasim

2045 871 2201 923 unius
2216 867 2416 923 Christi
2443 867 2640 921 docuit.
2664 865 2899 920 Dieendo
2926 864 3070 919 enim
3100 863 3405 931 Dominum,
3433 864 3628 918 huma-

2046 978 2170 1016 nam
2231 961 2435 1014 indicat
2483 970 2776 1012 naturam:
2816 972 2936 1011 nam
2971 959 3035 1012 de
3070 957 3381 1011 hominibus
3430 957 3631 1011 dicitur

2049 1053 2325 1116 Dominus,
2360 1052 2520 1140 sicut,
2557 1070 2576 1104 ι
2607 1050 2850 1115 Domine,
2885 1051 2929 1107 si
2955 1058 3009 1103 tu
3041 1049 3310 1103 sustulisti
3335 1064 3458 1102 eum
3488 1049 3556 1100 “.
3601 1068 3620 1099 ι

2047 1145 2504 1212 Dicendoautem,
2541 1163 2561 1196 ι
2596 1145 2738 1198 Deus
2763 1159 2932 1210 meus,
2959 1162 2978 1194 ι
3008 1142 3246 1196 ditinam
3272 1141 3627 1196 substantiam

2050 1236 2291 1292 ostendit
2329 1257 2340 1291 :
2370 1246 2425 1292 et
2473 1235 2547 1288 ita
2606 1251 2772 1288 ιιιιιιιιι
2805 1247 2858 1289 et
2894 1235 3144 1288 eumdem
3183 1249 3304 1289 esse
3341 1233 3628 1287 Dominum

2050 1337 2104 1382 et
2143 1326 2331 1380 Detnn.
2366 1328 2432 1380 At
2457 1327 2718 1382 Dominus
2747 1328 3040 1380 ostendens
3065 1326 3220 1380 nobis
3241 1326 3381 1394 quod
3408 1325 3530 1378 ﬁdei
3561 1326 3632 1378 sit

2056 1419 2296 1488 recipere
2331 1435 2393 1472 ea
2431 1434 2550 1488 qua:
2577 1435 2681 1473 non
2731 1418 3004 1483 videntur,
3057 1415 3231 1471 dicit:
3270 1435 3289 1468 ι
3340 1416 3489 1472 Beati
3539 1420 3632 1485 qui

2055 1525 2160 1565 non
2182 1511 2448 1574 viderunt,
2475 1519 2529 1563 et
2552 1510 2939 1564 crediderunt:
2988 1529 3006 1561 ι
3048 1510 3149 1564 hoc
3193 1509 3312 1564 loco
3339 1507 3634 1577 discipulos

2057 1601 2385 1669 intelligens,
2407 1603 2496 1670 qnl
2523 1615 2698 1670 neque
2725 1600 2953 1654 ﬁxuram
2974 1601 3271 1661 clavorum,
3293 1615 3470 1669 neque
3493 1600 3636 1652 latus

2058 1694 2363 1762 tetigerunt,
2405 1703 2459 1748 et.
2489 1693 2869 1759 crediderunt;
2901 1709 3005 1749 non
3047 1693 3167 1748 illos
3213 1701 3390 1747 autem
3433 1691 3634 1750 solum.

2059 1787 2152 1840 Sed
2179 1794 2234 1838 et
2260 1801 2354 1841 eos
2379 1786 2468 1854 qui
2497 1794 2683 1856 postea
2715 1785 3080 1839 crediderunt.
3121 1783 3238 1838 Non
3288 1784 3508 1854 privans
3541 1800 3637 1836 au-

362 1879 633 1941 πίστεως,
677 1877 753 1941 ὡς
798 1878 860 1930 τὸ
899 1878 968 1931 τὰ
1027 1876 1104 1948 μὴ
1135 1875 1392 1947 ὁρώμενα
1436 1875 1716 1942 δέξασθαι,
1774 1873 1949 1943 φησί·

2061 1889 2162 1931 tem
2198 1875 2460 1931 Thomam
2509 1876 2868 1939 beatitudine,
2907 1877 3010 1930 hoc
3047 1876 3206 1939 dixit,
3231 1877 3321 1932 sed
3349 1877 3638 1930 consolans

372 1989 397 2022 ο
446 1971 726 2039 Μακάριοι
757 1969 808 2021 oi
838 1969 915 2038 μὴ
949 1968 1174 2032 ἰδόντες,
1201 1969 1298 2021 καὶ
1325 1966 1742 2028 πιστεύσαντες.
1787 1984 1807 2017 ι
1856 1967 1952 2018 Αί-

362 2062 613 2114 νίττεται
639 2060 694 2113 δὲ
750 2059 987 2113 ἐνταῦθα
1028 2061 1156 2123 τοὺς
1191 2060 1461 2130 μαθητὰς,
1510 2059 1560 2112 οἳ
1612 2059 1736 2112 οὔτε
1785 2059 1954 2112 τύπον

359 2152 542 2222 ἥλων,
573 2149 697 2204 οὔτε
733 2151 976 2222 πλευρὰν
1013 2150 1439 2222 ψηλαφήσαντες
1463 2152 1816 2216 ἐπίστευσαν,
1854 2154 1954 2204 ούκ

369 2243 620 2306 ἐκείνους
651 2243 707 2296 δὲ
739 2243 956 2313 μόνους,
994 2242 1127 2298 ἀλλὰ
1155 2244 1250 2298 καὶ
1297 2245 1423 2307 τοὺς
1474 2243 1611 2312 μετά
1655 2242 1828 2295 ταῦτα
1863 2261 1954 2295 πι-

374 2335 736 2400 στεύσαντας.
767 2336 879 2389 Ούκ
908 2335 1231 2405 ἀποστερῶν
1252 2335 1308 2388 δὲ
1341 2336 1431 2388 τὸν
1463 2336 1666 2404 Θωμᾶν
1700 2335 1792 2389 τοῦ
1849 2354 1956 2404 μα-

374 2429 676 2498 καρισμοῦ,
713 2423 839 2480 εἷπε
891 2427 1070 2494 τοῦτο,
1105 2428 1242 2481 ἀλλά
1270 2428 1766 2498 παραμυθούμενος
1825 2429 1954 2491 τοὺς

377 2518 464 2589 μὴ
497 2519 720 2582 ἰδόντας.
765 2519 920 2572 Ἐπεὶ
955 2519 1064 2589 γάρ
1104 2518 1290 2572 πολλοὶ
1328 2519 1610 2587 λέγουσιν,
1647 2519 1730 2573 ὅτι
1761 2519 1956 2573 Μακά-

373 2628 491 2680 ριοι
517 2614 564 2664 οί
593 2611 866 2682 ὀφθαλμοὶ
899 2615 945 2664 οί
977 2613 1176 2673 ἰδόντες
1209 2613 1298 2665 τὸν
1334 2613 1560 2683 Κύριον,
1612 2613 1970 2685 παραμυθεῖ-’

373 2719 476 2756 ται
513 2703 756 2768 τούτους,
782 2705 864 2757 ὅτι
890 2703 1049 2757 τοῦτο
1081 2705 1426 2775 μᾶλλόνὲστι
1458 2705 1750 2775 μακάριον,
1786 2705 1847 2757 τὸ
1881 2705 1954 2774 μὴ

381 2792 564 2846 ἰδόντα
597 2793 907 2847 πιστεῦσαι.
943 2795 1064 2857 Πῶς
1111 2795 1167 2846 δὲ
1225 2795 1384 2865 σῶμα
1418 2795 1714 2866 ἄφθαρτον,
1755 2795 1959 2858 τύπους

378 2885 509 2955 ἔχον
536 2887 770 2958 ἐδείχθη,
805 2890 902 2942 καὶ
925 2888 1096 2942 ἁπτὸν
1133 2889 1351 2957 ἐγένετο
1411 2889 1559 2961 χειρὶ
1606 2891 1959 2962 ἁνΟρωπίνῃ;

383 2980 512 3035 ’Ὅτι
541 2981 943 3050 συγκατάϐασις
975 2979 1045 3055 ἦν
1069 2983 1245 3036 ταῦτα
1278 2984 1474 3036 πάντα.
1509 2985 1550 3036 Τ
1555 2985 1582 3036 ὸ
1635 2984 1744 3051 γὰρ
1786 2984 1964 3035 εἰσελ-

381 3074 481 3128 Θον
517 3093 536 3126 ι
571 3075 971 3144 κεκλεισμένων
996 3076 1104 3128 τῶν
1139 3075 1340 3144 θυρῶν,
1380 3094 1398 3126 ι
1447 3077 1541 3128 καὶ
1573 3075 1717 3128 οὕτω
1759 3075 1958 3128 λεπτὸν

382 3168 485 3220 καὶ
513 3167 732 3236 κοῦφον,
766 3167 945 3238 πάσης
967 3166 1278 3237 παχύτητος
1306 3167 1643 3235 ἀπήλλακτο.
1675 3167 1790 3219 "iv:
1825 3167 1956 3236 γοῦν

2056 1984 2149 2022 eos
2171 1968 2259 2035 qui
2292 1985 2397 2022 non
2432 1969 2696 2024 viderant.
2728 1969 2861 2035 Quia
2893 1969 3036 2023 enim
3066 1968 3214 2023 multi
3244 1969 3450 2032 dicunt,
3483 1967 3632 2022 Beati

2056 2060 2196 2112 oculi
2227 2061 2316 2128 qui
2343 2061 2591 2114 viderunt
2616 2061 2921 2127 Οοιιιίιιιιιιι,
2947 2059 3153 2115 solatur
3171 2076 3264 2114 eos
3292 2065 3433 2130 quod
3456 2061 3635 2114 multo

2058 2153 2268 2207 beatius
2318 2153 2389 2208 sit
2429 2169 2550 2208 cum
2599 2169 2701 2206 non
2740 2153 2962 2217 videris,
3003 2151 3320 2207 credidisse.
3355 2152 3638 2218 Quomodo

2058 2263 2236 2301 amem
2259 2262 2457 2316 corpus
2490 2245 2901 2314 incorruptibile
2939 2254 3294 2298 meustratnm
3328 2256 3410 2298 cst
3439 2245 3637 2299 habere

2058 2351 2110 2394 ct
2135 2340 2405 2392 clavorum
2434 2349 2607 2408 typos,
2631 2349 2682 2392 et
2707 2339 2937 2390 humana
2973 2353 3131 2391 manu
3155 2337 3408 2406 tangibiie
3437 2339 3636 2392 factum

2057 2433 2181 2486 est?
2213 2431 2314 2484 Per
2355 2430 2857 2497 attemperationem
2893 2430 2958 2482 ad
3015 2429 3226 2483 illorum
3264 2430 3636 2484 inﬁrmitatem

2070 2524 2207 2576 ί’.ι‹;ι;ι
2241 2535 2364 2575 sunt
2401 2525 2515 2576 haec
2551 2522 2754 2575 omnia.
2797 2520 2947 2586 Quod
2983 2521 3126 2573 enim
3182 2521 3489 2590 ingressum
3523 2534 3642 2574 erat

2067 2635 2083 2665 σ
2123 2615 2324 2668 clausis
2356 2613 2559 2682 januis,
2595 2633 2612 2664 ι
2657 2623 2712 2668 et
2744 2615 2817 2666 ita
2848 2623 3006 2666 tenue
3041 2627 3104 2665 ac
3144 2613 3280 2674 leve,
3319 2615 3466 2667 onmi
3503 2614 3638 2668 lihe-

2066 2723 2182 2757 rum
2218 2705 2318 2759 fuit
2352 2704 2732 2759 crassitudine.
2764 2705 2828 2758 Et
2853 2715 2910 2758 ut
2940 2706 3195 2760 credatur
3224 2705 3432 2759 lirmius
3463 2721 3644 2759 resur-

2066 2798 2255 2859 rectio,
2292 2799 2403 2851 ha-c
2431 2806 2824 2874 monstrantur.
2855 2797 2917 2851 Et
2940 2809 3222 2868 pmpterea
3252 2799 3641 2869 surgithabens

2065 2892 2217 2960 signa
2249 2891 2427 2946 crucis
2450 2901 2502 2944 et
2529 2873 2786 2958 vulneraj
2814 2892 2941 2961 quia
2974 2897 3032 2946 et‘
3059 2894 3202 2962 quod
3237 2892 3490 2952 comedit,
3535 2906 3638 2942 non

2067 2983 2408 3036 necessitatis
2459 2991 2577 3035 erat
2631 2982 2870 3049 corpori,
2911 2983 3004 3036 sed
3051 2985 3118 3036 ad
3169 2983 3638 3036 conlirtmttionem

2071 3073 2495 3128 resurrectionis
2533 3075 2770 3128 comedit
2801 3091 2814 3139 ;
2876 3085 2932 3128 et
2967 3077 3106 3128 sicut
3138 3084 3260 3128 ante
3315 3091 3528 3130 crucem
3589 3075 3640 3126 in

2074 3162 2326 3217 ilnctibns
2357 3165 2662 3230 ambulans,
2692 3181 2794 3219 non
2828 3167 3052 3220 alti-rius
3085 3178 3288 3221 naturm
3321 3183 3518 3236 corpus
3550 3169 3643 3220 ha-

384 3260 653 3330 πιστευθῇ
676 3262 708 3331 ή
740 3261 1056 3327 ἀνάστασις,
1087 3260 1260 3316 ταῦτα
1285 3260 1549 3326 δείκνυσι,
1570 3263 1662 3313 καὶ
1683 3261 1770 3314 διὰ
1799 3261 1958 3314 τοῦτο

2071 3254 2210 3316 bnit,
2246 3257 2313 3307 ita
2338 3265 2554 3309 ctnunc
2596 3257 2865 3326 palpabile
2916 3259 3114 3326 ipsum,
3149 3270 3202 3313 et
3242 3267 3394 3330 typos
3422 3232 3642 3313 habens

388 3351 672 3405 ἀνίσταται
705 3351 844 3421 ἔχων
867 3352 933 3405 τά
959 3354 1162 3422 σημεῖα
1192 3351 1286 3404 τοῦ
1313 3351 1548 3421 σταυροῦ
1579 3351 1790 3414 καὶτὰς
1815 3349 1959 3420 τρώ-

393 3461 530 3507 σεις.
575 3445 730 3497 Ἐπεὶ
761 3446 854 3498 καλ⁸
875 3445 903 3497 ὃ
931 3446 1157 3513 ἔφαγεν,
1181 3445 1282 3498 οὐκ
1303 3445 1520 3515 ἀνάγκῃ
1547 3444 1820 3510 σώματος,
1847 3443 1964 3496 ἀλλ’

392 3537 474 3598 είς
505 3536 768 3589 πίστωτιν
818 3537 916 3606 τῆς
965 3536 1316 3600 ἀναστάσεως
1362 3535 1588 3605 ἔφαγεν.
1626 3536 1840 3604 Ὠσπερ
1873 3529 1967 3587 οὖν

394 3627 504 3699 πρὸ
532 3627 626 3680 τοῦ
658 3628 892 3696 σταυροῦ
923 3629 1017 3681 ἐπὶ
1046 3627 1156 3681 τῶν
1205 3628 1469 3696 κυμάτων
1500 3627 1843 3696 περιπατῶν,
1869 3626 1970 3678 οὐκ

394 3721 564 3790 ἄλλης
596 3720 811 3789 φύσεως
842 3716 956 3789 εἶχε
993 3720 1151 3790 σῶμα
1171 3734 1188 3751 ⁸
1219 3719 1361 3773 οὕτω
1394 3719 1489 3772 καὶ
1515 3717 1608 3770 νῦν
1640 3717 1966 3786 ψηλαφητὸν

394 3814 550 3875 αὐτὸ,
594 3814 686 3866 καὶ
715 3813 918 3875 τύπους
949 3812 1072 3882 ἔχον
1097 3811 1371 3864 δείκνυσιν
1391 3826 1406 3841 ⁶
1439 3811 1588 3880 ὅμως
1623 3810 1718 3860 καὶ
1753 3807 1971 3878 ἀφθαρ-

395 3923 492 3958 τον
523 3906 654 3957 αὐτὸ
683 3905 994 3976 περιφέρει,
1027 3903 1076 3954 εί
1117 3903 1211 3954 καὶ
1258 3898 1580 3970 ψηλαφητὸν
1615 3897 1708 3949 καὶ
1747 3897 1967 3965 ὁρατόν.

396 3997 502 4048 Διὰ
528 3998 635 4065 γὰρ
666 3997 927 4047 πίστωσιν
950 3992 1122 4045 ταῦτα
1151 3991 1446 4051 δείκνυται,
1469 3988 1582 4038 ἀλλ’
1615 3987 1737 4054 οὐχὶ
1759 3989 1974 4059 ἀνάγκῃ

399 4093 497 4140 καὶ
525 4090 674 4157 νόμῳ
706 4086 980 4155 σώματος.
1035 4082 1150 4134 Πᾶν
1180 4082 1288 4150 γὰρ
1338 4080 1398 4132 τὺ
1431 4077 1870 4149 βιϐρωσκόμενον
1894 4081 1974 4143 εἰς

397 4179 690 4247 ἀφεδρῶνα
742 4177 932 4245 χωρεῖ,
996 4175 1094 4228 καὶ
1153 4171 1499 4226 ἀλλοιοῦται·
1537 4173 1674 4241 ὅπερ
1713 4172 1850 4238 μετᾶ
1875 4172 1972 4239 τὴν

395 4271 695 4322 ἀνάστασιν
728 4268 828 4320 οὐκ
861 4263 931 4337 ἦν
984 4268 1077 4328 ἐπὶ
1111 4263 1372 4336 Χριστοῦ,
1422 4263 1559 4318 ἀλλὰ
1587 4264 1817 4333 δυνάμει
1866 4265 1970 4314 τινί

399 4360 620 4428 ἀοράτῳ
653 4360 746 4412 καὶ
774 4359 896 4428 θείᾳ
929 4357 1395 4426 κατηναλίσκοντο
1433 4355 1503 4407 τά
1531 4354 1964 4424 βιϐρωσκόμενα,

400 4452 541 4520 πρδς
571 4451 834 4504 πίστωσιν
868 4450 966 4519 τῆς
1018 4449 1370 4510 ἀναστάσεως
1405 4447 1565 4516 μόνον
1603 4445 1966 4515 παραλαμϐα-

2067 3348 2324 3401 ostendit.
2383 3345 2448 3400 Et
2495 3349 2744 3416 quamvis
2785 3350 3054 3418 palpabile
3104 3361 3158 3405 et
3197 3353 3424 3414 visibile,
3479 3351 3642 3403 simul

2071 3452 2249 3492 tamen
2275 3452 2328 3494 et
2357 3441 2768 3510 incorruptibile
2806 3444 2980 3510 ipsum
3019 3444 3355 3504 circumfert,
3401 3455 3457 3494 nt
3509 3445 3642 3494 tidcs

2069 3535 2456 3597 conﬁrmetur;
2497 3544 2553 3586 et
2609 3549 2712 3586 non
2762 3537 3084 3589 necessitate
3143 3547 3195 3588 (ιι
3231 3537 3346 3602 l-ge
3377 3537 3637 3599 corporis.

2069 3620 2241 3674 Omne
2310 3622 2456 3674 enim
2516 3619 2658 3686 quod
2704 3622 3041 3686 comeditur,
3113 3624 3162 3675 in
3219 3636 3487 3674 secessum
3544 3636 3637 3671 va-

2071 3713 2149 3767 dit
2180 3715 2247 3775 ”,
2273 3725 2325 3766 et
2365 3713 2625 3764 altcratur
2652 3729 2664 3763 :
2708 3711 2760 3764 id
2784 3714 2928 3781 quod
2952 3713 3016 3767 de
3058 3713 3274 3767 Christo
3314 3721 3434 3778 post
3460 3727 3640 3765 resur-

2075 3807 2362 3860 rectionem
2391 3818 2495 3853 non
2525 3813 2645 3856 erat
2686 3804 2992 3868 dicemlmn,
3023 3805 3116 3856 sed
3157 3803 3206 3855 vi
3235 3802 3466 3870 quadam
3499 3805 3638 3856 iuvi-
3706 3861 3710 3865 _

2074 3898 2214 3950 sibili
2242 3903 2296 3945 et
2323 3891 2502 3944 divina
2535 3897 2991 3948 οοιιειιιιιειιιιιιιιιν
3024 3891 3225 3955 edulia,
3261 3895 3324 3946 ad
3351 3895 3640 3946 eunlirma-

2078 3987 2268 4039 tionem
2293 3985 2713 4039 resurrectionis
2737 3995 2936 4038 tantmn
2969 3995 3266 4050 assumpta.
3307 3985 3435 4038 Vide
3458 3997 3636 4039 autem

2073 4075 2338 4140 quomodo
2370 4087 2590 4144 propter
2623 4091 2784 4127 unttnt
2818 4075 3087 4128 hominem
3120 4075 3385 4129 Thomam
3418 4094 3522 4130 non
3544 4079 3641 4130 tle-

2069 4163 2321 4228 dignatus
2369 4174 2448 4217 est
2493 4165 2560 4217 ita
2610 4164 3046 4218 condescendere
3085 4166 3363 4232 Dominus,
3395 4176 3449 4220 et
3497 4166 3641 4220 latus

2065 4255 2368 4315 ostendere,
2395 4261 2452 4305 ut
2490 4252 2659 4306 Salvet
2694 4253 2928 4308 animam
2959 4270 3119 4308 unam
3157 4257 3485 4310 ineredulam
3524 4257 3636 4310 :ita

2063 4355 2116 4398 et
2149 4359 2249 4398 nos
2273 4343 2435 4414 766
2460 4357 2636 4412 neque
2670 4359 2834 4398 unum
2869 4345 2951 4401 vel
2979 4347 3261 4401 minimum
3291 4361 3640 4402 contemnere

2064 4437 2335 4490 debemus.

399 4543 624 4610 νόμενα.
653 4542 796 4611 Ὅρα
826 4541 883 4593 δὲ
927 4541 1044 4606 πῶς
1073 4539 1139 4593 δι’
1174 4541 1270 4592 ἕνα
1298 4539 1585 4607 ἄνθρωπον
1614 4538 1704 4589 τὸν
1747 4533 2064 4604 Θωμᾶν,ούκ
2095 4527 2374 4598 ἀπηξίωσε
2409 4528 2828 4598 συγκαταϐῆναι
2891 4531 2921 4583 ὁ
2984 4528 3210 4599 Κύριος,
3265 4531 3358 4583 καὶ
3397 4530 3639 4600 πλευρὰν

400 4633 702 4698 ὑποδεῖξαι,
739 4635 827 4688 ἵνα
862 4631 1011 4704 σώσῃ
1039 4632 1218 4704 ψυχὴν
1267 4631 1395 4702 μίαν
1438 4629 1795 4684 ἀπιστοῦσαν.
1825 4627 1974 4681 Οὖτω
2007 4623 2097 4674 καὶ
2129 4624 2286 4692 ἡμεῖς
2308 4622 2408 4674 οὐκ
2445 4621 2738 4690 ὀφείλομεν
2769 4625 3130 4694 καταφρονεῖν
3191 4623 3312 4676 ούδέ
3376 4624 3470 4677 τοῦ
3517 4629 3634 4690 ὶνὲς

400 4726 500 4782 καὶ
520 4725 827 4796 ἐλαχίστου.

483 4841 502 4872 ι
542 4819 719 4873 Πολλά
756 4818 854 4888 μὲν
878 4816 975 4870 καὶ
997 4815 1132 4870 ἄλλα
1159 4815 1361 4883 σημεῖα
1400 4811 1654 4878 ἐποίησεν
1703 4811 1732 4862 ὁ
1772 4805 1964 4875 Ἰησοῦς
1993 4812 2034 4864 υ

403 4911 639 4965 ἐνώπιον
681 4909 789 4962 τῶν
831 4907 1088 4978 μαθητῶν
1122 4905 1310 4967 αὑτοῦ,
1351 4903 1387 4958 ἃ.
1415 4905 1516 4956 ούκ
1561 4901 1679 4954 ἔστι
1724 4914 1960 4967 γεγραμ-

411 5006 550 5075 μένα
579 5006 638 5055 ὲν
668 5002 746 5072 τῷ
777 5001 967 5070 βιϐλίῳ
993 4999 1188 5069 τούτῳ.
1221 4997 1407 5050 Ταῦτα
1435 4997 1492 5049 δὲ
1521 4997 1856 5065 γέγραπται,
1893 4988 1958 5082 iv:

408 5094 764 5163 πιστεύσητε,
799 5095 880 5147 ὅτι
912 5091 1117 5161 Ἰησοῦς
1145 5092 1294 5143 ἐστιν
1323 5090 1352 5140 6
1391 5086 1627 5156 Χριστὸς
1661 5086 1690 5137 6
1725 5084 1852 5144 Υἱὸς
1883 5091 1955 5131 νυ

409 5188 570 5250 Θεοῦ,
597 5187 692 5239 καὶ
740 5185 826 5238 ’ίνα
879 5182 1249 5245 πιστεύοντες,
1307 5179 1451 5248 ζωὴν
1486 5178 1644 5247 ἔχητε
1669 5177 1726 5229 ὲν
1763 5173 1840 5244 τῷ
1869 5165 1960 5220 (υό-

415 5298 549 5351 ματι.
579 5279 768 5334 αὐτου.
811 5295 828 5329 ι
873 5275 1006 5346 Περὶ
1053 5274 1220 5326 ποίων
1259 5273 1500 5342 σημείων
1529 5268 1758 5322 ἐνταῦθα
1790 5257 1960 5351 λέλειμδ

411 5345 850 5438 εὐαγγελιστής;
884 5345 1036 5435 ’Δίρα
1085 5362 1196 5416 τῶν
1248 5362 1354 5431 πρὸ
1383 5359 1478 5413 τοῦ
1519 5356 1753 5427 σταυροῦ
1783 5345 1958 5438 vlixi,

415 5436 574 5518 άλλά
606 5460 716 5513 τῶν
764 5436 918 5528 -μετά
993 5455 1094 5526 τὴν
1165 5453 1488 5506 ἀνάστασιν.
1555 5448 1786 5517 Ἐπάγει
1806 5436 1957 5507 γάρ’

423 5574 444 5606 ο
491 5553 777 5622 Ἐποίησεν
805 5547 1037 5601 ἐνώπιον
1086 5545 1195 5598 τῶν
1235 5542 1497 5614 μαθητῶν
1529 5541 1695 5595 αὑτοῦ
1721 5557 1734 5569 ·
1789 5529 1959 5622 Δδὲ

424 5646 528 5717 πρὸ
562 5644 654 5696 τοῦ
684 5639 942 5711 σταυροῦ,
981 5638 1082 5691 οὐκ
1118 5636 1347 5691 ἐνώπιον
1379 5636 1488 5686 των
1528 5632 1770 5704 μαθητινν
1823 5619 1956 5673 ἀλλά

495 5825 540 5856 ³⁸
571 5821 733 5880 Joan.
802 5835 892 5885 xx,
967 5817 1056 5872 15.
1135 5818 1176 5849 ³³
1228 5814 1428 5869 Μ.ιιιιι.
1463 5827 1549 5875 xv,
1584 5810 1642 5864 17

2137 4797 2301 4852 Vens.
2340 4797 2430 4862 30,
2465 4796 2555 4850 51.
2583 4814 2600 4848 ι
2650 4793 2812 4850 Multa
2845 4795 3065 4866 quidem
3099 4805 3150 4852 et
3176 4797 3278 4851 alia
3307 4799 3459 4868 signa
3506 4798 3636 4854 fecit

2063 4891 2218 4946 Jesns
2267 4889 2318 4942 in
2351 4898 2642 4957 conspectu
2675 4887 3060 4955 discipulorum
3095 4905 3335 4953 suorum,
3381 4906 3500 4959 quae
3528 4908 3633 4946 non

2067 4995 2191 5038 sunt
2221 4983 2422 5050 scripta
2469 4980 2523 5034 in
2551 4981 2653 5036 hoc
2681 4980 2839 5034 libro.
2873 4979 2998 5033 Hice
3031 4992 3210 5034 autem
3255 4985 3452 5049 scripta
3487 4992 3634 5045 sunt,

2068 5087 2127 5129 ιιι
2160 5073 2396 5128 credatis
2425 5073 2568 5142 quod
2595 5072 2754 5128 Jesus
2809 5083 2892 5127 est
2929 5071 3179 5127 Christus
3221 5072 3389 5126 Filius
3426 5072 3541 5138 Dei,
3579 5088 3636 5128 et

2064 5179 2120 5221 ut
2164 5169 2452 5223 credentes
2491 5167 2656 5221 vitam
2711 5165 2956 5220 habeatis
2984 5179 3080 5233 per
3128 5180 3322 5219 nomen
3354 5167 3470 5232 ejus
3501 5183 3519 5218 ι
3560 5165 3636 5220 De
3665 5173 3676 5190 '

2064 5256 2259 5323 quibus
2279 5254 2446 5323 signis
2479 5255 2565 5307 hic
2603 5253 2732 5309 dicit
2755 5253 3122 5323 evangelista?
3152 5269 3276 5306 nmn
3309 5254 3374 5306 de
3411 5253 3492 5306 his
3517 5269 3637 5322 qua:

2064 5356 2188 5400 ante
2219 5346 2476 5401 crucem?
2500 5344 2642 5410 Non,
2669 5346 2762 5399 sed
2791 5346 2857 5400 de
2891 5346 2972 5398 his
2994 5360 3113 5412 qute
3135 5355 3253 5411 post
3279 5347 3636 5400 resurrectio-

2063 5453 2182 5492 nem
2225 5437 2382 5492 l'ecit!
2436 5437 2620 5492 subdit
2646 5438 2811 5501 enim,
2855 5455 2874 5488 ι
2944 5437 2998 5492 itt
3047 5447 3339 5505 conspectu
3397 5435 3638 5508 discipu-

2061 5529 2255 5586 lorum.
2289 5549 2308 5582 »
2346 5530 2478 5597 Quae
2504 5541 2680 5584 autem
2703 5539 2827 5584 ante
2859 5543 3095 5593 crucem,
3127 5544 3232 5582 non
3259 5545 3438 5582 coram
3475 5530 3636 5584 disci-

2066 5621 2226 5690 pulis,
2255 5620 2348 5676 sed
2377 5621 2630 5676 omnibus
2650 5618 2875 5674 iaciebat
2926 5619 3100 5689 Atque
3129 5620 3197 5674 ita
3221 5620 3330 5676 her
3358 5620 3418 5675 de
3443 5622 3637 5690 quibus
