4056 6578
503 415 606 477 307

1425 421 2008 483 'l‘HEOPIlYLACTl
2045 420 2460 482 BULGARUE
2495 423 2854 489 ARCHIEP.

3653 433 3764 498 308

502 529 797 584 voluissem
835 530 1044 596 quidem
1087 531 1150 610 de
1209 547 1273 586 eo
1321 533 1658 600 interrogare
1709 534 1931 604 aliquid,
1986 535 2079 587 sed

2186 533 2620 604 κατεπλήττοντο
2647 551 2662 568 ³
2713 537 2809 591 καὶ
2857 535 3138 594 ἐϐούλοντο
3194 541 3375 612 μέντοι
3415 541 3543 610 περὶ
3597 543 3774 613 αὑτῆς

505 631 678 676 metus
709 629 761 676 et
795 621 1078 676 uiauil‘esta
1117 625 1377 694 aspectio,
1411 629 1554 696 quod
1597 644 1701 681 non
1739 637 1880 683 esset
1917 627 2078 688 alius,

500 714 595 768 sed
618 712 704 768 ille
727 713 857 783 ipse,
889 730 992 768 non
1036 717 1421 784 permittebant
1464 719 1926 788 intermgare(a):
1963 729 2083 772 tan-

501 815 611 856 tum
656 817 719 858 ea
754 819 873 874 qua:
899 805 978 859 eis
1012 815 1292 862 creaverat
1339 809 1751 865 manducaruut.
1801 808 2082 876 Quomodo

496 903 677 951 autem
707 897 946 952 creavit?
979 913 1075 953 sua
1107 909 1393 968 potestate.
1419 899 1534 956 Non
1565 903 1708 956 enim
1745 902 1856 970 jam
1889 902 1940 955 in
1969 916 2083 956 cm-

498 987 604 1042 lum
629 989 873 1057 suspicit,
916 1001 970 1046 et
1005 992 1221 1046 Patrem
1259 993 1475 1048 invocat
1509 1011 1523 1048 :
1559 993 1647 1048 illa
1688 993 1832 1047 enim
1880 993 2082 1048 ﬁebant

499 1089 558 1133 ut
588 1096 646 1134 se
677 1081 830 1137 nobis
869 1093 1276 1154 attemperaret.
1314 1082 1474 1140 Jubet
1505 1095 1684 1141 autem
1731 1085 1796 1139 de
1842 1085 2080 1154 piscibus

499 1172 713 1240 aﬂ'crre,
767 1183 824 1228 ut
878 1178 1190 1232 ostenderet
1241 1193 1346 1233 non
1397 1193 1518 1235 esse
1557 1179 1882 1250 phantasma
1937 1179 2078 1246 quod

495 1264 799 1320 videbatur.
833 1264 938 1322 Sed
976 1267 1077 1323 hoc
1109 1270 1224 1324 loco
1253 1269 1468 1339 quidem
1517 1286 1625 1325 non
1671 1271 1801 1326 dicit
1824 1271 1965 1341 quod
1995 1286 2081 1325 co-

497 1359 663 1412 medit
693 1375 813 1414 cum
840 1363 937 1415 eis.
968 1359 1138 1416 Lucas
1168 1372 1348 1417 autem
1397 1365 1534 1418 dicit
1575 1365 1718 1434 quod
1759 1380 1881 1419 cum
1918 1382 1936 1416 ι
1974 1364 2078 1418 illis

495 1462 743 1504 vcrsatus
783 1470 801 1502 ι
837 1452 1246 1524 comcderit(b).
1277 1455 1559 1522 Quomodo
1593 1465 1774 1510 autem
1819 1457 2075 1511 comede-

496 1545 591 1606 rit,
627 1559 731 1597 non
770 1555 851 1598 est
884 1554 1129 1600 nostrmn
1165 1547 1368 1603 dicere.
1401 1547 1550 1603 More
1593 1550 1734 1604 enim
1773 1547 2074 1603 admirabili

495 1634 637 1688 facta
669 1644 793 1690 sunt
827 1636 959 1701 haec,
995 1653 1098 1692 non
1131 1640 1272 1708 quod
1313 1649 1501 1694 natura
1548 1639 1666 1710 ejus
1707 1639 1830 1695 cibo
1883 1639 2077 1695 habeat

493 1740 653 1794 opus,
683 1727 779 1781 scd
837 1730 1006 1784 nostri
1040 1745 1199 1784 causa
1237 1733 1302 1785 ad
1341 1730 1808 1786 conﬁrmationem
1835 1746 2076 1788 resurre-

495 1819 691 1874 ctionis
717 1821 934 1875 ﬂebant.
967 1819 1272 1877 Ostendens
1295 1836 1509 1893 quoque
1535 1839 1642 1878 non
1665 1824 1814 1879 illum
1857 1825 2074 1880 assidue

495 1913 636 1981 apud
667 1927 761 1968 eos
811 1912 1000 1980 fuisse,
1053 1931 1228 1986 neque
1271 1917 1521 1972 similiter
1557 1927 1616 1971 ιιι
1675 1917 1847 1986 prius,
1899 1919 2073 1974 dicit:

501 2022 520 2054 ε
557 2002 796 2073 Hocjam
843 2008 1000 2060 ιρι·ιίο
1035 2007 1408 2065 uitauil'cstatus
1451 2017 1554 2064 est.
1595 2028 1615 2062 ι
1659 2010 1897 2080 lntellige
1929 2011 2080 2065 insu-

497 2111 595 2162 per
633 2097 747 2152 huic
777 2109 827 2152 et
854 2113 948 2168 per
987 2099 1322 2168 allegoriam.
1355 2100 1467 2156 Nox
1509 2102 1652 2156 cnim
1704 2112 1822 2157 erat
1865 2103 2081 2172 quando

497 2189 733 2243 tenebras
774 2190 1089 2245 idololatria:
1134 2192 1498 2258 invalucruut,
1535 2201 1664 2250 ante
1719 2194 1850 2250 solis
1877 2194 2078 2250 Christi

494 2281 784 2336 adventum
812 2323 826 2346 ,
850 2283 1066 2352 quando
1114 2285 1385 2355 propheta:
1433 2285 1838 2349 laboraverunt,
1862 2297 1916 2340 et
1950 2286 2080 2340 nihil

493 2384 774 2443 ceperunt.
799 2373 932 2430 Nam
961 2377 1210 2446 quamvis
1257 2394 1418 2432 unam
1466 2391 1680 2450 gentem
1725 2378 2078 2433 Israeliticam

493 2466 828 2522 conclusisse
876 2469 928 2522 in
975 2483 1172 2539 sagena
1231 2470 1576 2535 videbantur,
1632 2479 1810 2525 tamen
1857 2471 1983 2539 quia
2026 2479 2081 2526 et

497 2560 610 2613 lucc
627 2560 857 2614 subinde
874 2561 938 2613 ad
960 2561 1318 2616 idololatriam
1340 2562 1568 2627 redibat,
1587 2562 1715 2616 nihil
1737 2562 1872 2616 forte
1891 2578 2081 2632 appre-

493 2650 817 2705 henderunt.
854 2651 956 2706 Ubi
1001 2663 1181 2708 autem
1214 2655 1506 2709 diluculmn
1558 2656 1686 2710 solis
1728 2655 1950 2724 juSIitize
1997 2657 2080 2709 in-

498 2742 668 2807 fulslt,
696 2754 749 2798 et
778 2745 1130 2812 apostolicum
1159 2755 1269 2801 rete
1300 2748 1530 2814 ejectum
1575 2757 1681 2812 est,
1715 2749 1900 2803 dextra
1934 2757 2082 2803 certo

496 2836 762 2902 doctrina,
797 2837 862 2890 ad
892 2852 1052 2908 quam
1077 2837 1160 2893 lex
1201 2847 1254 2893 et
1288 2843 1562 2910 prophetcc
1605 2844 1920 2911 comparati,
1951 2843 2083 2897 sini-

497 2939 608 2982 stra
645 2928 1054 2999 intel!iguutur,
1096 2939 1223 2984 tunc
1281 2931 1445 3000 igitur
1490 2934 1723 2986 trahitur
1763 2942 1874 2988 rete
1922 2943 1977 2988 et
2014 2933 2081 2987 ad

495 3020 770 3074 Christum
801 3022 1140 3076 adducuntur
1169 3037 1272 3077 non
1327 3024 1527 3078 ethnici
1581 3033 1813 3091 tantum,
1850 3040 1986 3094 quos
2027 3035 2083 3079 et

497 3124 714 3168 centum
770 3113 972 3168 dixeris
1010 3153 1025 3178 ,
1075 3129 1261 3170 verum
1304 3115 1466 3170 etiam
1505 3115 1782 3182 Israelitzc,
1845 3119 1936 3184 qui
1987 3132 2082 3185 per

498 3205 886 3276 quinquaginta
929 3206 1149 3276 intelligi
1191 3217 1442 3275 possunt.
1477 3225 1494 3258 ι
1543 3207 1770 3276 Quando
1796 3207 2077 3278 euimple-
2107 3235 2152 3295 ο

498 3297 684 3350 nitudo
718 3298 952 3365 gentium
987 3297 1292 3364 intraverit,
1331 3308 1459 3354 tunc
1477 3300 1642 3354 etiam
1689 3300 1848 3354 Israel
1896 3315 2079 3354 serva-

497 3389 664 3443 bitur.
702 3407 720 3440 »
749 3387 884 3443 Tres
926 3403 1074 3453 vero,
1135 3388 1293 3442 ﬁdem
1352 3389 1405 3444 in
1455 3401 1697 3443 sanctam
1754 3388 2075 3445 Trinitatem

497 3482 826 3550 signiﬁcant.
857 3479 994 3534 Nam
1038 3481 1205 3550 quiin
1233 3483 1331 3536 reti
1371 3481 1720 3535 continentur
1759 3489 1976 3536 centum
2023 3490 2079 3536 et

495 3573 906 3644 quinquaginta.
940 3573 1197 3629 Ethnicos
1239 3573 1358 3628 dico
1387 3582 1442 3626 et
1483 3571 1717 3638 Judzcos,
1755 3573 1874 3628 sine
1916 3575 2076 3628 trium

447 3664 454 3670 ’
495 3664 796 3730 adjecdoue
820 3680 923 3719 non
959 3674 1105 3720 sunt.
1128 3665 1346 3731 Absque
1370 3665 1513 3720 enim
1543 3666 1645 3719 [ide
1667 3665 1718 3718 iu
1756 3665 2076 3720 Trinitatem

495 3757 674 3812 nullus
703 3757 756 3811 in
797 3757 897 3812 reti
932 3756 1202 3812 contineri
1233 3756 1455 3812 dicitur.
1495 3757 1627 3810 Illud
1676 3769 1880 3821 autem,
1914 3775 1932 3808 ι
1969 3755 2076 3812 Ve-

496 3853 630 3916 nite,
660 3851 940 3920 prandete,
981 3869 1000 3902 ι
1043 3851 1346 3906 istiusmodi
1372 3851 1573 3920 aliquid
1606 3850 1902 3920 signiticet,
1930 3849 2076 3920 quod

377 3992 386 3999 ,
496 3946 617 4008 post
647 3939 882 4002 labores,
919 3940 1154 4008 requies,
1187 3939 1414 4004 delicire,
1445 3939 1652 4004 l'ruitio,
1680 3949 1897 3994 sanctos
1925 3940 2076 3995 exci-

498 4031 628 4096 piet.
667 4031 1008 4099 Qumcunque
1058 4032 1203 4084 enim
1255 4028 1420 4100 769
1470 4039 1596 4084 tunc
1653 4038 1746 4082 aut
1792 4030 1933 4083 dicta
1988 4040 2081 4083 aut

496 4130 648 4190 gesta
697 4131 845 4187 sunt,
896 4121 1169 4191 mysteriis
1216 4122 1374 4190 plena
1413 4131 1562 4176 sunt.
1613 4119 2077 4186 Quemadmodum

498 4215 662 4282 igitur
702 4221 755 4268 et
808 4211 938 4268 illud
981 4214 1128 4284 quod
1179 4211 1454 4269 Christum
1510 4212 1679 4268 Maria
1731 4213 2076 4268 hortulanum

497 4318 617 4358 esse
643 4304 1059 4369 existimaverit,
1092 4303 1416 4373 simpliciter
1443 4304 1664 4373 quidem
1691 4304 1896 4359 dictum
1925 4303 2078 4358 vide-

498 4406 605 4460 tur,
639 4396 797 4452 habet
825 4405 1004 4450 tamen
1039 4395 1310 4452 occultum
1333 4395 1611 4465 quiddam,
1647 4395 1910 4465 siquidem
1967 4396 2081 4466 ipse

499 4501 684 4542 revera
706 4501 865 4542 verus
885 4495 1003 4542 erat
1027 4486 1263 4557 paradisi
1287 4485 1484 4552 cultor,
1510 4486 1564 4541 in
1599 4488 1716 4557 ipso
1749 4486 2078 4543 monumenti

2183 627 2414 697 ίρωτᾷν,
2443 627 2579 683 ἀλλὰ
2605 630 2666 682 τὸ
2696 629 2839 695 δέος,
2859 631 2956 685 καὶ
2984 630 3047 685 τδ
3073 633 3294 700 εἰδέναι,
3319 635 3402 690 ὅτι
3447 635 3547 705 οὐχ
3577 634 3769 706 ἕτερός

2181 735 2266 782 τις
2299 714 2386 790 ἦν,
2415 719 2530 773 ἀλλ’
2558 721 2744 788 αὐτὸς,
2763 724 2979 794 δπείχον
3011 723 3110 796 τὴν
3140 725 3434 798 ἐρώτησιν,
3469 728 3567 780 καὶ
3605 726 3770 796 μόνον

2181 811 2390 882 ἤσθιον,
2409 813 2552 886 ἅπερ
2567 815 2752 880 αὐτοῖς
2768 815 2858 887 ὲδη
2867 817 3226 889 μιούργησεν.
3245 818 3369 882 Πῶς
3386 819 3445 873 δὲ
3463 818 3765 890 ἐδημιούρ-

2181 921 2382 974 γησεν;
2424 906 2897 973 Ἐξουσιαστικῶς.
2922 909 3037 962 Οὐκ
3066 909 3147 962 ἔτι
3177 909 3289 981 γάρ
3313 911 3391 974 είς
3421 910 3514 963 τὸν
3537 910 3774 981 οὐρανὸν

2181 997 2495 1060 ἀναϐλέπει.
2527 1001 2620 1053 καὶ
2650 1000 2742 1054 τὸν
2777 1001 2996 1072 Πατέρα
3042 1003 3385 1057 ἐπικαλεῖται
3426 1001 3634 1072 (ἐκεῖνα
3667 1001 3770 1072 μὲν

2180 1091 2290 1162 γὰρ
2327 1092 2791 1160 συγκαταὸάσεως
2817 1093 2978 1165 χάριν
3002 1093 3288 1164 ὲγίνοντο)·
3308 1093 3522 1148 κελεύει
3549 1093 3630 1160 δὲ,
3655 1093 3768 1148 ἀπὸ

2179 1185 2291 1238 τῶν
2340 1183 2587 1256 ὀψαρίων
2622 1185 2891 1253 ἐνεγκεῖν,
2933 1186 3018 1239 ἵνα
3057 1187 3226 1260 δείξῃ,
3257 1188 3340 1242 ὅτι
3369 1187 3430 1241 τὸ
3464 1187 3764 1257 ὁρώμενον,
3841 1189 3844 1192 ’

2177 1276 2278 1329 οὐκ
2322 1271 2392 1348 ἦν
2426 1276 2741 1346 φάντασμα.
2783 1277 2924 1332 Ἀλλ’
2971 1278 3206 1333 ἰνταῦθα
3261 1279 3362 1349 μὲν
3389 1280 3450 1334 οὐ
3482 1279 3654 1348 λέγει,
3679 1280 3766 1333 ὅτι

2179 1367 2351 1438 ἔφαγε
2380 1368 2496 1438 μετ’
2521 1369 2723 1424 αὐτῶνσ
2741 1371 2769 1422 ό
2791 1370 2848 1424 δὲ
2872 1371 3089 1434 Λουκᾶς
3126 1386 3314 1441 φησιν,
3341 1371 3425 1425 ὃτι
3455 1389 3474 1423 ι
3506 1371 3767 1424 Συναυλι-

2178 1459 2405 1527 ζόμενος
2433 1460 2636 1524 αὐτοῖς.
2667 1479 2686 1511 ι
2715 1460 2837 1524 Πῶς
2859 1461 2916 1514 δὲ
2933 1461 3140 1533 ἧσθιεν,
3156 1463 3256 1533 οὐχ
3271 1463 3542 1534 ἡμέτερον
3562 1464 3762 1518 εἰπεῖν.

2177 1551 2379 1621 Τρόπῳ
2408 1550 2519 1623 γάρ
2535 1553 2956 1626 παραδοξοτέρῳ
2973 1553 3147 1608 ταῦτα
3165 1554 3406 1624 ἐγένετο,
3434 1556 3532 1626 οὐχ
3555 1555 3631 1619 ὡς
3663 1555 3765 1625 τῆς

2178 1641 2396 1714 φύσεως
2445 1644 2709 1718 δεομένης
2749 1644 3074 1716 βρωμάτων,
3117 1645 3256 1701 ἀλλὰ
3301 1646 3767 1716 συγκαταϐάσεως

2177 1734 2316 1804 πρὸς
2370 1735 2646 1802 ἀπόδειξιν
2697 1740 2799 1809 τῆς
2877 1738 3235 1802 ἀναστάσεως
3284 1739 3599 1808 γινομένης.
3644 1740 3770 1791 Δει-

2179 1826 2358 1881 κνύων
2387 1828 2466 1894 δὲ,
2488 1829 2571 1882 ὅτι
2600 1829 2661 1884 οὐ
2697 1828 2939 1900 συνεχῶς
2970 1830 3155 1893 αὐτοῖς
3201 1830 3598 1899 έπεχωρίαζεν.
3639 1828 3766 1882 οὐδὲ

2107 1881 2150 1938 Β
2178 1917 2381 1988 ὁμοίως
2410 1881 3031 1990 ιδ’ςπερπράᾷηᾲῖφῆσιὶ
3048 1881 3067 1970 4
3085 1881 3401 1990 ’τζετοῆδῆ
3424 1881 3608 1991 τρὶτορ
3631 1919 3766 1986 ἑφα-

2185 2009 2460 2081 νερὼθη.ι
2497 2010 2759 2082 Λάμϐανε
2791 2011 2848 2065 δέ
2883 2028 2973 2082 μοι
2995 2010 3166 2065 ταῦτα
3201 2013 3294 2064 καὶ
3326 2013 3471 2065 κατὰ
3502 2009 3761 2082 θεωρίαν.

2181 2104 2298 2170 Νὺξ
2335 2105 2434 2174 μὲν
2459 2105 2567 2176 γὰρ
2601 2101 2692 2176 ἦν,
2736 2105 2827 2159 ὅτε
2859 2107 2918 2157 τὸ
2951 2105 3142 2167 σκότος
3174 2105 3273 2175 τῆς
3315 2103 3764 2172 εἰδωλολατρεῐας

2181 2195 2425 2265 ἐκράτει,
2452 2193 2560 2264 πρὸ
2592 2193 2694 2262 τῆς
2724 2191 2818 2248 τοῦ
2849 2193 3001 2264 ἡλίου
3028 2191 3267 2261 Χριστοῦ
3311 2191 3637 2262 παρουσίας,
3674 2190 3765 2242 ὅτε

2182 2286 2544 2348 κοπιάσαντες
2571 2285 2621 2338 οἱ
2649 2284 2947 2357 προφῆται,
2987 2285 3139 2338 οὐδὲν
3181 2283 3508 2354 ὲθήρευσαν.
3552 2282 3616 2334 Et
3654 2279 3770 2351 γὰρ

2185 2379 2281 2429 καὶ⁵
2315 2375 2436 2438 ὲνὺς
2488 2375 2678 2438 ἔθνους
2730 2373 2954 2428 ἐδόκουν
2986 2373 3322 2444 σαγηνεῦσαι
3373 2372 3464 2424 τὸν
3521 2368 3766 2440 Ἰσραὴλ,

2182 2469 2296 2522 ἀλλ’
2337 2463 2432 2521 οὖν
2466 2467 2590 2521 ἐπεὶ
2617 2467 2712 2521 καὶ
2741 2461 2897 2530 οὗτος
2921 2467 3162 2536 συνεχῶς
3207 2467 3289 2527 είς
3314 2461 3768 2532 είδωλολατρείαν

2183 2561 2460 2631 ἀπεπὴδα,
2502 2560 2656 2613 οὐδὲν
2684 2560 2824 2631 τάχα
2855 2561 3108 2613 ἐπίασαν.
3136 2559 3265 2613 Ὅτε
3301 2558 3359 2612 δὲ
3385 2559 3420 2628 ἡ
3452 2556 3634 2628 πρωΐα
3669 2555 3766 2608 τοῦ

2193 2654 2376 2706 Ἠλίου
2391 2651 2489 2722 τῆς
2519 2651 2863 2722 δικαιοσύνης
2889 2650 3188 2722 ἐπέλαμψε,
3209 2651 3303 2703 καὶ
3319 2649 3378 2701 τὸ
3406 2644 3769 2702 ἀποστολικδν

2181 2745 2397 2798 δίκτυον
2438 2743 2736 2814 ἐχαλάσθη,
2763 2746 2796 2814 ἡ
2833 2743 2983 2807 δεξιὰ
3017 2744 3186 2806 δντως
3237 2739 3579 2800 διδασκαλία,
3627 2736 3769 2805 πρὸς

2183 2839 2250 2910 ἣν
2267 2839 2295 2891 ό
2309 2837 2470 2906 νόμος
2493 2836 2586 2890 καὶ
2606 2837 2656 2888 οἱ
2678 2836 2956 2906 προφῆται
2978 2833 3478 2906 παραϐαλλόμενοι,
3497 2831 3688 2899 άριστε
3699 2826 3769 2900 ρὰ

2183 2930 2590 2990 νοοῦνται,τότε
2615 2929 2680 3000 δὴ
2717 2929 2936 2983 ἕλκεται
2975 2931 3008 2999 ἡ
3039 2931 3251 2997 σαγήνη
3279 2967 3295 2991 ,
3332 2927 3427 2977 καὶ
3457 2921 3769 2992 προσάγον-

2181 3041 2272 3077 ται
2313 3023 2392 3090 τῷ
2423 3022 2646 3092 Χριστῷ
2680 3021 2779 3091 οὐχ
2805 3022 2854 3074 οί
2883 3020 2943 3086 ἐξ
2968 3020 3137 3074 ὲθνῶν
3167 3019 3341 3089 μόνοι,
3382 3015 3475 3079 οὒς
3505 3014 3600 3068 καὶ
3637 3013 3771 3065 ἑκα-

2182 3115 2274 3169 τὸν
2307 3115 2482 3178 εἴποις
2501 3112 2606 3178 ἂν,
2639 3112 2774 3166 ἀλλὰ
2801 3114 2894 3166 καὶ
2921 3113 2970 3166 οἱ
2995 3111 3054 3179 ἐξ
3083 3110 3322 3182 Ἰσραὴλ,
3341 3109 3391 3162 οἳ
3425 3107 3771 3175 πεντήκοντα

2184 3207 2444 3277 νοηθείεν.
2473 3225 2492 3257 ι
2527 3205 2659 3258 Ὅτε
2694 3204 2801 3276 γὰρ
2829 3204 3106 3274 πλήρωμα
3137 3203 3245 3256 τῶν
3291 3199 3461 3253 ἐθνῶν
3506 3195 3771 3259 είσέλθοι,

2182 3299 2302 3351 τότε
2343 3298 2437 3349 καὶ
2479 3295 2697 3367 Ἰσραὴλ
2741 3297 3072 3365 σωθήσεται.
3107 3313 3126 3345 ι
3164 3295 3228 3347 Oi
3261 3291 3318 3346 δὲ
3361 3291 3511 3360 τρεῖς
3556 3289 3656 3358 τὴν
3687 3286 3774 3348 είς

2179 3389 2279 3460 τὴν
2301 3389 2467 3457 ἁγίαν
2493 3388 2700 3459 Τριάδα
2737 3387 2918 3441 πίστιν
2946 3386 3222 3458 δηλοῦσιν.
3261 3386 3322 3438 Οἱ
3357 3383 3467 3451 γάρ
3497 3395 3776 3448 σαγηνευ-

2183 3480 2368 3542 θέντες
2417 3479 2611 3535 ἑκατὸν
2651 3479 2745 3532 καὶ
2790 3480 3150 3548 πεντήκοντα,
3186 3474 3416 3539 ἐθνικοὶ,
3452 3471 3619 3539 λέγω,
3663 3467 3767 3520 καὶ

2194 3571 2461 3633 Ἰουδαῖοι,
2487 3571 2618 3626 ἄνευ
2646 3571 2744 3639 τῆς
2771 3569 2878 3621 τῶν
2909 3568 3080 3638 τριῶν
3117 3564 3440 3636 προσθήκης
3473 3560 3575 3615 οὐκ
3606 3557 3772 3611 εἰσίν.

2187 3665 2353 3716 Ἀνευ
2385 3663 2492 3734 γὰρ
2521 3664 2620 3734 τῆς
2647 3661 2728 3723 είς
2757 3659 2965 3730 Τριάδα
2995 3658 3253 3722 πίστεως,
3291 3654 3464 3716 οὐδεὶς
3497 3667 3777 3718 σαγηνευ-

2188 3757 2350 3826 θῆναι
2379 3756 2620 3824 λέγεται.
2643 3755 2714 3808 Τὸ
2737 3753 2816 3817 δὲ,
2848 3770 2866 3803 ι
2898 3751 3087 3813 Δεῦτε,
3108 3750 3463 3819 ἀριστήσατε,
3487 3764 3506 3796 ι
3537 3741 3778 3811 αἴνιγμά

2179 3865 2238 3902 τι
2266 3847 2510 3901 τοιοῦτον
2554 3846 2688 3916 ἔχει,
2719 3846 2800 3898 ὅτι
2855 3842 2994 3914 μετὰ
3038 3843 3165 3904 τοὺς
3215 3841 3414 3902 πόνους
3464 3835 3774 3900 διαδέξεται

2179 3939 2306 4003 τοὺς
2336 3937 2524 4004 ἁγίους
2556 3938 2888 3999 ἀνάπαυσις,
2933 3934 3030 3987 καὶ
3068 3932 3273 4003 τρυφὴ,
3314 3932 3412 3984 καὶ
3440 3929 3771 3988 ἀπόλαυσις.

2183 4032 2324 4085 Ὅσα
2347 4032 2455 4101 γὰρ
2483 4030 2604 4082 τότε
2633 4029 2667 4099 ἢ
2703 4025 3070 4098 γεγένηται,ἢ
3099 4024 3338 4095 εἴρηται,
3361 4021 3540 4075 πάντα
3564 4034 3780 4090 μυστη-

2185 4124 2317 4192 ρὶων
2355 4123 2516 4191 γέμει
2548 4137 2562 4150 ο
2582 4119 2773 4190 ὥσπερ
2802 4114 2895 4172 οὖν
2926 4118 3021 4171 καὶ
3049 4119 3110 4172 τὸ
3136 4115 3418 4186 κηπουρδν
3443 4110 3779 4182 νομισθῆναι

2181 4213 2271 4268 τὸν
2289 4213 2520 4283 Χριστὶν
2535 4214 2600 4283 τῇ
2624 4213 2829 4282 Μαρίᾳ,
2852 4209 3057 4264 ἁπλοῦν
3089 4209 3188 4280 μὲν
3214 4209 3382 4273 δοκεῖ,
3397 4206 3508 4275 ἔχει
3529 4204 3587 4257 δέ
3609 4219 3663 4256 τι
3680 4203 3781 4254 καὶ

2184 4303 2837 4375 ἀποκεκρυμμένονηκω.
2871 4303 2981 4374 γὰρ
3013 4297 3082 4372 ἦν
3109 4303 3280 4364 ὅντως
3314 4299 3480 4362 αὐτὸς
3502 4298 3531 4350 ὁ
3563 4294 3781 4366 ἀληθὴς

2183 4398 2282 4452 τοῦ
2313 4397 2649 4470 παραδείσου
2681 4396 2926 4467 γεωργὸς
2951 4397 3008 4450 ὲν
3031 4395 3110 4466 τῷ
3139 4395 3234 4450 τοῦ
3271 4395 3562 4464 μνήματος
3586 4393 3778 4462 κήπῳ,

2184 4489 2440 4562 καθάπερ
2467 4492 2527 4543 ὲν
2555 4489 2889 4561 παραδείσῳ,
2909 4487 2970 4543 τὸ
2993 4489 3302 4557 γυναικεῖον
3324 4487 3483 4556 γένος
3512 4481 3782 4556 ἀνορθού-

499 4579 679 4642 horto,
708 4587 963 4648 tauquam
990 4578 1042 4633 in
1087 4578 1361 4647 paradiso,
1391 4591 1562 4649 genus
1606 4578 1868 4635 muliebre
1911 4578 2080 4635 corri-

2193 4599 2373 4655 μενος,
2394 4581 2490 4636 καὶ
2525 4582 2632 4636 ἀπὸ
2665 4583 2766 4652 τῆς
2817 4581 3029 4652 πλάνης
3062 4581 3159 4635 καὶ
3188 4579 3292 4650 τῆς
3343 4577 3624 4647 ἀγνωσίας
3655 4577 3784 4629 ἑπι-

496 4685 649 4738 gens,
681 4679 843 4740 atque
881 4687 1000 4728 eam
1049 4685 1172 4740 quae
1219 4669 1390 4725 Adam
1452 4670 1686 4740 primum
1741 4670 2084 4728 hortulanum

497 4767 803 4834 deceperat,
841 4763 908 4817 ab
940 4777 1128 4818 errore
1155 4771 1210 4818 et
1234 4762 1538 4833 ignorantia
1575 4770 1918 4820 convertens.
1949 4761 2083 4818 Nam

499 4855 642 4923 quod
680 4854 846 4909 Maria
877 4869 1141 4911 conversa
1187 4854 1278 4921 sit,
1312 4863 1368 4910 et
1399 4856 1545 4925 quod
1569 4858 1635 4912 de
1683 4858 2086 4914 resurrectione

499 4948 769 5012 docuerit,
807 4947 908 5001 hoc
925 4948 1170 5003 declarat
1196 4947 1338 5016 quod
1365 4947 1644 5004 muliebris
1660 4962 1824 5004 sexus
1850 4962 2084 5005 conver-

498 5055 590 5094 sus
613 5049 778 5102 esset,
805 5048 858 5094 et
890 5041 956 5094 ad
988 5040 1358 5096 sublimiorem
1395 5047 1596 5095 statum
1628 5041 1906 5096 reductus.

575 5131 734 5188 Vens.
771 5133 958 5189 15-19.
997 5153 1017 5185 ‹
1051 5132 1185 5188 Cum
1203 5149 1334 5204 ergo
1357 5134 1722 5204 prandissent,
1748 5133 1879 5189 dicit
1901 5133 2078 5190 Simo-

499 5227 552 5278 ui
574 5223 904 5282 PetroJesus
933 5223 1153 5282 :Simon
1188 5225 1629 5298 Joannis,diligis
1659 5243 1745 5284 me
1773 5227 1892 5296 plus
1915 5243 2076 5299 quam

503 5320 808 5375 hi?Dicitei
845 5337 858 5375 :
892 5320 1089 5387 Etiam,
1123 5320 1372 5384 Domine,
1414 5332 1466 5377 tu
1499 5323 1610 5380 scis
1637 5323 1779 5394 quod
1798 5339 1974 5378 amem
2001 5331 2075 5376 te.

503 5414 639 5466 Dicit
660 5414 747 5467 ei:
779 5411 946 5469 Pasce
969 5429 1138 5485 agnos
1171 5429 1341 5471 meos.
1377 5415 1515 5471 Dicit
1551 5416 1599 5471 ei
1632 5431 1822 5472 rursus
1840 5417 2074 5470 iterum:

503 5506 689 5560 Simon
709 5504 952 5573 Joannis,
979 5508 1158 5579 diligis
1181 5508 1306 5562 me?
1331 5508 1420 5564 Ait
1450 5509 1524 5564 illi
1560 5527 1574 5564 ι
1607 5508 1804 5572 Etiam,
1833 5510 2078 5572 Domine,

501 5611 556 5652 tu
578 5599 688 5655 scis
709 5600 850 5670 quod
884 5617 1057 5659 amem
1090 5611 1160 5658 te.
1185 5602 1322 5658 Dicit
1352 5603 1401 5658 ei
1435 5601 1724 5658 :Guberna
1753 5615 1883 5656 oves
1909 5613 2078 5653 meas.

503 5691 639 5746 Dicit
662 5693 711 5747 ei
746 5694 906 5750 tertio
954 5713 968 5750 :
998 5695 1184 5753 Simon
1212 5694 1464 5761 Joannis,
1518 5705 1673 5748 amas
1699 5688 2082 5747 meilndoluit

563 5810 642 5880 (α)
669 5809 745 5935 (In
798 5813 936 5871 Edit.
993 5814 1116 5870 Lut.
1145 5814 1318 5884 deest,
1359 5813 1715 5886 Interrogare,
1751 5819 1804 5868 et
1841 5809 2069 5865 mandu-

501 5898 662 5935 caruu
695 5923 706 5935 .

566 5898 706 5937 rum.

2188 4676 2441 4748 στρέφων
2465 4674 2564 4746 τὴν
2607 4672 2781 4744 ’Λδὰμ
2811 4673 2901 4726 τὸν
2932 4671 3150 4744 πρῶτον
3177 4671 3458 4743 κηπουρὸν
3485 4667 3785 4738 ἀπατήσα-

2188 4785 2310 4824 σαν.
2333 4767 2408 4820 Τὸ
2434 4767 2544 4837 γὰρ
2572 4765 2673 4836 τὴν
2699 4765 2922 4835 Μαρίαν
2965 4763 3342 4834 ἐπιστρέφειν,
3389 4764 3487 4816 καὶ
3519 4758 3783 4814 ἀναδιδά-

2192 4875 2346 4913 σκειν
2375 4859 2504 4928 περὶ
2549 4857 2652 4926 τῆς
2699 4855 3070 4920 ἀναστάσεως,
3093 4856 3287 4910 τούτου
3336 4853 3640 4926 δηλωτικὸν
3684 4847 3786 4923 ἦν,

2185 4951 2282 5006 τοῦ
2307 4950 2368 5004 τὸ
2400 4950 2710 5027 γυναικεῖον
2743 4949 2899 5017 γένος
2953 4947 3400 5020 ἐπιστρέφεσθαι,
3462 4947 3560 5000 καὶ
3579 4943 3790 5013 ἀνάγε-

2194 5045 2344 5100 σθαι.

2271 5153 2290 5186 ι
2328 5136 2456 5188 Ὅτε
2490 5133 2584 5187 οὖν
2618 5133 2943 5204 ἠρίστησαν,
2982 5131 3134 5200 λέγει
3176 5131 3255 5202 τῷ
3285 5122 3494 5198 Σίμωνι
3529 5117 3726 5198 Πέτρῴ
3755 5128 3790 5181 ό

2207 5226 2415 5297 Ἰησοῦς
2443 5243 2456 5256 ·
2486 5225 2667 5295 Σίμων
2711 5225 2886 5292 Ἰωνᾶ,
2919 5225 3140 5295 ἀγαπᾷς
3187 5240 3255 5294 με
3300 5223 3488 5276 πλεῖον
3531 5219 3790 5284 τούτων;

2194 5321 2358 5388 Λέγει
2389 5318 2557 5390 αὐτῷ·
2589 5318 2716 5378 Ναὶ.
2763 5317 2955 5387 Κύριε,
2987 5317 3052 5370 σὺ
3082 5311 3252 5381 οἶδας,
3282 5315 3364 5369 ὅτι
3401 5313 3542 5385 φιλῶ
3575 5329 3657 5366 σε.
3683 5311 3795 5364 At-

2192 5429 2281 5480 γει
2320 5410 2498 5479 αὐτῷ’
2532 5411 2705 5463 Βόσκε
2735 5409 2802 5462 τά
2837 5409 3000 5476 ἀρνία
3029 5425 3158 5478 μου.
3188 5407 3356 5476 Λέγει
3408 5404 3561 5475 αὐτῷ
3615 5403 3795 5458 πάλιν

2187 5501 2688 5572 δεύτερονοΣξμων
2747 5502 2921 5566 Ἰωνᾶ,
2971 5501 3192 5572 ἀγαπᾷς
3251 5517 3352 5569 με;
3397 5499 3565 5566 Λέγει
3608 5497 3794 5566 αὐτιῖι·

2189 5595 2300 5648 Ναὶ
2330 5592 2524 5661 Κύριε,
2551 5592 2618 5644 σὺ
2650 5585 2797 5655 οἶδας
2824 5592 2906 5644 ὅτι
2933 5591 3075 5659 φιλῶ
3103 5609 3183 5650 σε.
3221 5593 3387 5662 Λέγει
3417 5590 3569 5661 αὐτῷ
3593 5606 3608 5620 ·
3653 5588 3794 5644 Ποί-

2194 5704 2354 5758 μαινε
2404 5684 2477 5738 τὰ
2532 5684 2781 5755 πρόϐατά
2845 5701 2968 5754 μου.
2997 5685 3164 5755 Λέγει
3217 5685 3374 5754 αὺτῷ
3423 5684 3488 5737 τὸ
3543 5681 3733 5754 τρίτον
3776 5696 3789 5709 ·

2251 5803 2326 5875 (b)
2362 5801 2522 5875 Deest
2577 5802 2646 5875 in,
2670 5817 2848 5875 graeco
2886 5803 2948 5857 τδ
2979 5801 3311 5870 comederit,-
3365 5800 3463 5858 sed
3493 5812 3690 5856 sensus
3734 5809 3798 5856 et

2198 5871 2364 5932 verba
2392 5871 2551 5929 Luca:
2595 5873 2730 5930 illud
2758 5875 3000 5946 exigunt.
