  <div class='ocr_page' id='page_1' title='image "/cluster/home/n/w/nwhite01/storage/ocr_20150623/124/hvd.32044019208206/168.png"; bbox 0 0 4056 6594; ppageno 0'>
   <div class='ocr_carea' id='block_1_1' title="bbox 359 365 475 430">
    <p class='ocr_par' dir='ltr' id='par_1_1' title="bbox 359 365 475 430">
     <span class='ocr_line' id='line_1_1' title="bbox 359 365 475 430; baseline 0 0"><span class='ocrx_word' id='word_1_1' title='bbox 359 365 475 430; x_wconf 76' lang='lat'><strong>309</strong></span> 
     </span>
    </p>
   </div>
   <div class='ocr_carea' id='block_1_2' title="bbox 1050 365 3017 438">
    <p class='ocr_par' dir='ltr' id='par_1_2' title="bbox 1050 365 3017 438">
     <span class='ocr_line' id='line_1_2' title="bbox 1050 365 3017 438; baseline 0.005 -10"><span class='ocrx_word' id='word_1_2' title='bbox 1050 365 1491 428; x_wconf 81' lang='lat' dir='ltr'><strong>ENARRA&#39;I‘IO</strong></span> <span class='ocrx_word' id='word_1_3' title='bbox 1528 366 1612 429; x_wconf 91' lang='lat' dir='ltr'><strong>IN</strong></span> <span class='ocrx_word' id='word_1_4' title='bbox 1650 365 2153 430; x_wconf 81' lang='lat' dir='ltr'><strong>EVANGELIUM</strong></span> <span class='ocrx_word' id='word_1_5' title='bbox 2186 368 2522 436; x_wconf 84' lang='lat' dir='ltr'><strong>JOANNIS.</strong></span> <span class='ocrx_word' id='word_1_6' title='bbox 2557 401 2627 412; x_wconf 90' lang='lat'><strong>-</strong></span> <span class='ocrx_word' id='word_1_7' title='bbox 2654 376 2816 437; x_wconf 85' lang='lat' dir='ltr'><strong>CAP.</strong></span> <span class='ocrx_word' id='word_1_8' title='bbox 2857 376 3017 438; x_wconf 82' lang='lat' dir='ltr'><strong>XXI.</strong></span> 
     </span>
    </p>
   </div>
   <div class='ocr_carea' id='block_1_3' title="bbox 3515 374 3629 439">
    <p class='ocr_par' dir='ltr' id='par_1_3' title="bbox 3515 374 3629 439">
     <span class='ocr_line' id='line_1_3' title="bbox 3515 374 3629 439; baseline -0.018 0"><span class='ocrx_word' id='word_1_9' title='bbox 3515 374 3629 439; x_wconf 80' lang='grc' dir='ltr'><strong>3ίο</strong></span> 
     </span>
    </p>
   </div>
   <div class='ocr_carea' id='block_1_4' title="bbox 356 477 1966 559">
    <p class='ocr_par' dir='ltr' id='par_1_4' title="bbox 356 477 1945 553">
     <span class='ocr_line' id='line_1_4' title="bbox 356 477 1945 553; baseline 0.002 -22"><span class='ocrx_word' id='word_1_10' title='bbox 356 480 551 548; x_wconf 78' lang='grc' dir='ltr'>Σίμων</span> <span class='ocrx_word' id='word_1_11' title='bbox 616 477 790 542; x_wconf 75' lang='grc' dir='ltr'>Ἰωνᾶ,</span> <span class='ocrx_word' id='word_1_12' title='bbox 840 477 1011 547; x_wconf 71' lang='grc' dir='ltr'>φιλεῖς</span> <span class='ocrx_word' id='word_1_13' title='bbox 1066 497 1172 549; x_wconf 85' lang='grc' dir='ltr'>με;</span> <span class='ocrx_word' id='word_1_14' title='bbox 1216 479 1492 553; x_wconf 79' lang='grc' dir='ltr'>Ἐλυπὴοη</span> <span class='ocrx_word' id='word_1_15' title='bbox 1524 482 1552 535; x_wconf 84' lang='grc' dir='ltr'><strong>ὁ</strong></span> <span class='ocrx_word' id='word_1_16' title='bbox 1600 480 1824 553; x_wconf 83' lang='grc' dir='ltr'>Πέτρος,</span> <span class='ocrx_word' id='word_1_17' title='bbox 1863 481 1945 535; x_wconf 81' lang='grc' dir='ltr'><strong>δτι</strong></span> 
     </span>
    </p>
   </div>
   <div class='ocr_carea' id='block_1_5' title="bbox 2070 477 3627 559">
    <p class='ocr_par' dir='ltr' id='par_1_5' title="bbox 2070 482 3627 559">
     <span class='ocr_line' id='line_1_5' title="bbox 2070 482 3627 559; baseline 0.003 -21"><span class='ocrx_word' id='word_1_18' title='bbox 2070 482 2263 551; x_wconf 73' lang='lat' dir='ltr'><strong>’etrus,</strong></span> <span class='ocrx_word' id='word_1_19' title='bbox 2285 488 2429 557; x_wconf 90' lang='lat' dir='ltr'><strong>quod</strong></span> <span class='ocrx_word' id='word_1_20' title='bbox 2468 488 2693 546; x_wconf 75' lang='lat' dir='ltr'><strong>dixisset</strong></span> <span class='ocrx_word' id='word_1_21' title='bbox 2716 491 2819 547; x_wconf 87' lang='lat' dir='ltr'><strong>sibi</strong></span> <span class='ocrx_word' id='word_1_22' title='bbox 2849 491 3029 556; x_wconf 83' lang='lat' dir='ltr'><strong>tertio,</strong></span> <span class='ocrx_word' id='word_1_23' title='bbox 3050 491 3211 545; x_wconf 79' lang='lat' dir='ltr'><strong>Amas</strong></span> <span class='ocrx_word' id='word_1_24' title='bbox 3235 489 3353 543; x_wconf 77' lang='lat' dir='ltr'><strong>nte?</strong></span> <span class='ocrx_word' id='word_1_25' title='bbox 3381 488 3627 559; x_wconf 78' lang='lat' dir='ltr'><strong>dixitque</strong></span> 
     </span>
    </p>
   </div>
   <div class='ocr_carea' id='block_1_6' title="bbox 360 566 1941 643">
    <p class='ocr_par' dir='ltr' id='par_1_6' title="bbox 360 566 1941 643">
     <span class='ocr_line' id='line_1_6' title="bbox 360 566 1941 643; baseline 0.003 -21"><span class='ocrx_word' id='word_1_26' title='bbox 360 566 525 624; x_wconf 74' lang='grc' dir='ltr'>εἶπεν</span> <span class='ocrx_word' id='word_1_27' title='bbox 554 571 702 640; x_wconf 76' lang='grc' dir='ltr'>αὐτῷ</span> <span class='ocrx_word' id='word_1_28' title='bbox 732 571 793 623; x_wconf 87' lang='grc' dir='ltr'>τὸ</span> <span class='ocrx_word' id='word_1_29' title='bbox 827 571 1006 641; x_wconf 77' lang='grc' dir='ltr'>τρίτον</span> <span class='ocrx_word' id='word_1_30' title='bbox 1030 585 1046 599; x_wconf 84' lang='lat'><strong><em>°</em></strong></span> <span class='ocrx_word' id='word_1_31' title='bbox 1081 572 1258 635; x_wconf 80' lang='grc' dir='ltr'>Φιλεῖς</span> <span class='ocrx_word' id='word_1_32' title='bbox 1289 589 1394 643; x_wconf 89' lang='grc' dir='ltr'>με;</span> <span class='ocrx_word' id='word_1_33' title='bbox 1428 574 1521 625; x_wconf 77' lang='grc' dir='ltr'>καὶ</span> <span class='ocrx_word' id='word_1_34' title='bbox 1569 570 1722 626; x_wconf 77' lang='grc' dir='ltr'>εἶπεν</span> <span class='ocrx_word' id='word_1_35' title='bbox 1750 572 1899 642; x_wconf 84' lang='grc' dir='ltr'><strong>αὑτῷ</strong></span> <span class='ocrx_word' id='word_1_36' title='bbox 1927 589 1941 602; x_wconf 90' lang='grc'>·</span> 
     </span>
    </p>
   </div>
   <div class='ocr_carea' id='block_1_7' title="bbox 364 659 1944 734">
    <p class='ocr_par' dir='ltr' id='par_1_7' title="bbox 364 659 1944 734">
     <span class='ocr_line' id='line_1_7' title="bbox 364 659 1944 734; baseline 0.004 -20"><span class='ocrx_word' id='word_1_37' title='bbox 364 662 573 733; x_wconf 78' lang='grc' dir='ltr'>Κύριε,</span> <span class='ocrx_word' id='word_1_38' title='bbox 593 663 867 717; x_wconf 46' lang='grc' dir='ltr'>σῦκπάντα</span> <span class='ocrx_word' id='word_1_39' title='bbox 899 659 1066 726; x_wconf 76' lang='grc' dir='ltr'>οἶδας,</span> <span class='ocrx_word' id='word_1_40' title='bbox 1118 664 1183 717; x_wconf 80' lang='grc' dir='ltr'>σὺ</span> <span class='ocrx_word' id='word_1_41' title='bbox 1214 665 1524 733; x_wconf 86' lang='grc' dir='ltr'>γινώσκεις,</span> <span class='ocrx_word' id='word_1_42' title='bbox 1550 667 1633 720; x_wconf 79' lang='grc' dir='ltr'>ὅτι</span> <span class='ocrx_word' id='word_1_43' title='bbox 1679 667 1817 734; x_wconf 84' lang='grc' dir='ltr'>φιλῶ</span> <span class='ocrx_word' id='word_1_44' title='bbox 1862 683 1944 721; x_wconf 89' lang='grc' dir='ltr'><strong>σε.</strong></span> 
     </span>
    </p>
   </div>
   <div class='ocr_carea' id='block_1_8' title="bbox 364 755 1943 831">
    <p class='ocr_par' dir='ltr' id='par_1_8' title="bbox 364 755 1943 831">
     <span class='ocr_line' id='line_1_8' title="bbox 364 755 1943 831; baseline 0.003 -22"><span class='ocrx_word' id='word_1_45' title='bbox 364 756 541 824; x_wconf 78' lang='grc' dir='ltr'>Λέγει</span> <span class='ocrx_word' id='word_1_46' title='bbox 555 755 702 827; x_wconf 85' lang='grc' dir='ltr'><strong>αὐτῷ</strong></span> <span class='ocrx_word' id='word_1_47' title='bbox 723 756 752 808; x_wconf 84' lang='grc' dir='ltr'>ὁ</span> <span class='ocrx_word' id='word_1_48' title='bbox 786 756 991 825; x_wconf 78' lang='grc' dir='ltr'>Ἰησοῦς</span> <span class='ocrx_word' id='word_1_49' title='bbox 1016 774 1027 787; x_wconf 91' lang='grc'><strong>·</strong></span> <span class='ocrx_word' id='word_1_50' title='bbox 1055 757 1223 811; x_wconf 85' lang='grc' dir='ltr'>Βόσκε</span> <span class='ocrx_word' id='word_1_51' title='bbox 1247 758 1313 812; x_wconf 83' lang='grc' dir='ltr'><strong>τά</strong></span> <span class='ocrx_word' id='word_1_52' title='bbox 1332 758 1579 828; x_wconf 79' lang='grc' dir='ltr'>πρόϐατά</span> <span class='ocrx_word' id='word_1_53' title='bbox 1599 776 1722 829; x_wconf 89' lang='grc' dir='ltr'>μου.</span> <span class='ocrx_word' id='word_1_54' title='bbox 1751 761 1943 831; x_wconf 81' lang='grc' dir='ltr'>Ἀμὴν,</span> 
     </span>
    </p>
   </div>
   <div class='ocr_carea' id='block_1_9' title="bbox 361 842 1945 919">
    <p class='ocr_par' dir='ltr' id='par_1_9' title="bbox 361 842 1945 919">
     <span class='ocr_line' id='line_1_9' title="bbox 361 842 1945 919; baseline 0.004 -21"><span class='ocrx_word' id='word_1_55' title='bbox 361 847 524 916; x_wconf 71' lang='grc' dir='ltr'>ἀμὴν</span> <span class='ocrx_word' id='word_1_56' title='bbox 544 846 687 915; x_wconf 79' lang='grc' dir='ltr'>λέγω</span> <span class='ocrx_word' id='word_1_57' title='bbox 725 862 831 910; x_wconf 91' lang='grc' dir='ltr'>σοι,</span> <span class='ocrx_word' id='word_1_58' title='bbox 858 848 947 898; x_wconf 78' lang='grc' dir='ltr'>ὅτε</span> <span class='ocrx_word' id='word_1_59' title='bbox 999 842 1065 917; x_wconf 85' lang='grc' dir='ltr'>ἦς</span> <span class='ocrx_word' id='word_1_60' title='bbox 1096 846 1379 919; x_wconf 83' lang='grc' dir='ltr'>νεώτερος,</span> <span class='ocrx_word' id='word_1_61' title='bbox 1401 847 1668 913; x_wconf 78' lang='grc' dir='ltr'><strong>ἐζώννυες</strong></span> <span class='ocrx_word' id='word_1_62' title='bbox 1696 851 1945 914; x_wconf 73' lang='grc' dir='ltr'>σεαυτὸν,</span> 
     </span>
    </p>
   </div>
   <div class='ocr_carea' id='block_1_10' title="bbox 364 934 1947 1013">
    <p class='ocr_par' dir='ltr' id='par_1_10' title="bbox 364 934 1947 1013">
     <span class='ocr_line' id='line_1_10' title="bbox 364 934 1947 1013; baseline 0.006 -26"><span class='ocrx_word' id='word_1_63' title='bbox 364 936 470 987; x_wconf 68' lang='grc' dir='ltr'>καὶ</span> <span class='ocrx_word' id='word_1_64' title='bbox 525 934 875 1005; x_wconf 79' lang='grc' dir='ltr'>περιεπάτεις</span> <span class='ocrx_word' id='word_1_65' title='bbox 907 937 1041 990; x_wconf 83' lang='grc' dir='ltr'>ὅπου</span> <span class='ocrx_word' id='word_1_66' title='bbox 1079 938 1292 1009; x_wconf 72' lang='grc' dir='ltr'>ἤθελες,</span> <span class='ocrx_word' id='word_1_67' title='bbox 1315 941 1444 994; x_wconf 82' lang='grc' dir='ltr'>ὅταν</span> <span class='ocrx_word' id='word_1_68' title='bbox 1469 940 1528 993; x_wconf 86' lang='grc' dir='ltr'><strong>δέ</strong></span> <span class='ocrx_word' id='word_1_69' title='bbox 1559 942 1831 1013; x_wconf 72' lang='grc' dir='ltr'>γηράσῃς,</span> <span class='ocrx_word' id='word_1_70' title='bbox 1855 944 1947 996; x_wconf 80' lang='grc' dir='ltr'>ἐκ·</span> 
     </span>
    </p>
   </div>
   <div class='ocr_carea' id='block_1_11' title="bbox 362 1027 1950 1100">
    <p class='ocr_par' dir='ltr' id='par_1_11' title="bbox 362 1027 1950 1100">
     <span class='ocr_line' id='line_1_11' title="bbox 362 1027 1950 1100; baseline 0.007 -22"><span class='ocrx_word' id='word_1_71' title='bbox 362 1029 549 1092; x_wconf 84' lang='grc' dir='ltr'>τενεῖς</span> <span class='ocrx_word' id='word_1_72' title='bbox 576 1027 674 1091; x_wconf 73' lang='grc' dir='ltr'><strong>τὰς</strong></span> <span class='ocrx_word' id='word_1_73' title='bbox 710 1029 901 1100; x_wconf 83' lang='grc' dir='ltr'>χεῖράς</span> <span class='ocrx_word' id='word_1_74' title='bbox 936 1047 1050 1095; x_wconf 85' lang='grc' dir='ltr'>σου,</span> <span class='ocrx_word' id='word_1_75' title='bbox 1085 1031 1180 1085; x_wconf 84' lang='grc' dir='ltr'>καὶ</span> <span class='ocrx_word' id='word_1_76' title='bbox 1208 1031 1367 1097; x_wconf 75' lang='grc' dir='ltr'>ἄλλος</span> <span class='ocrx_word' id='word_1_77' title='bbox 1396 1050 1454 1087; x_wconf 88' lang='grc' dir='ltr'><strong>σε</strong></span> <span class='ocrx_word' id='word_1_78' title='bbox 1476 1032 1665 1099; x_wconf 77' lang='grc' dir='ltr'>ζώσει,</span> <span class='ocrx_word' id='word_1_79' title='bbox 1687 1037 1781 1089; x_wconf 66' lang='grc' dir='ltr'><strong>ιιαῖ⁸</strong></span> <span class='ocrx_word' id='word_1_80' title='bbox 1810 1036 1950 1089; x_wconf 74' lang='grc' dir='ltr'>οἴσει</span> 
     </span>
    </p>
   </div>
   <div class='ocr_carea' id='block_1_12' title="bbox 364 1119 1951 1197">
    <p class='ocr_par' dir='ltr' id='par_1_12' title="bbox 364 1119 1951 1197">
     <span class='ocr_line' id='line_1_12' title="bbox 364 1119 1951 1197; baseline 0.006 -26"><span class='ocrx_word' id='word_1_81' title='bbox 364 1119 511 1172; x_wconf 81' lang='grc' dir='ltr'>ὅπου</span> <span class='ocrx_word' id='word_1_82' title='bbox 543 1121 604 1174; x_wconf 81' lang='grc' dir='ltr'>οὐ</span> <span class='ocrx_word' id='word_1_83' title='bbox 633 1120 828 1186; x_wconf 80' lang='grc' dir='ltr'>θέλεις.</span> <span class='ocrx_word' id='word_1_84' title='bbox 853 1122 1024 1176; x_wconf 88' lang='grc' dir='ltr'>Τοῦτο</span> <span class='ocrx_word' id='word_1_85' title='bbox 1052 1124 1107 1177; x_wconf 81' lang='grc' dir='ltr'>δὲ</span> <span class='ocrx_word' id='word_1_86' title='bbox 1136 1120 1280 1190; x_wconf 76' lang='grc' dir='ltr'>εἵπε,</span> <span class='ocrx_word' id='word_1_87' title='bbox 1314 1126 1595 1196; x_wconf 78' lang='grc' dir='ltr'><strong>σημαίνων</strong></span> <span class='ocrx_word' id='word_1_88' title='bbox 1625 1127 1764 1197; x_wconf 85' lang='grc' dir='ltr'>ποίῳ</span> <span class='ocrx_word' id='word_1_89' title='bbox 1786 1126 1951 1181; x_wconf 82' lang='grc' dir='ltr'>θανά-</span> 
     </span>
    </p>
   </div>
   <div class='ocr_carea' id='block_1_13' title="bbox 362 1206 1951 1288">
    <p class='ocr_par' dir='ltr' id='par_1_13' title="bbox 362 1206 1951 1288">
     <span class='ocr_line' id='line_1_13' title="bbox 362 1206 1951 1288; baseline 0.009 -31"><span class='ocrx_word' id='word_1_90' title='bbox 362 1222 453 1276; x_wconf 83' lang='grc' dir='ltr'>τῳ</span> <span class='ocrx_word' id='word_1_91' title='bbox 484 1206 818 1271; x_wconf 53' lang='grc' dir='ltr'>δοξάσειντὺν</span> <span class='ocrx_word' id='word_1_92' title='bbox 847 1208 999 1263; x_wconf 81' lang='grc' dir='ltr'>Θεὸν.</span> <span class='ocrx_word' id='word_1_93' title='bbox 1028 1231 1046 1263; x_wconf 87' lang='grc' dir='ltr'><strong>ι</strong></span> <span class='ocrx_word' id='word_1_94' title='bbox 1090 1212 1310 1285; x_wconf 74' lang='grc' dir='ltr'>Ἐπειδὴ</span> <span class='ocrx_word' id='word_1_95' title='bbox 1342 1214 1496 1279; x_wconf 81' lang='grc' dir='ltr'>τέλος</span> <span class='ocrx_word' id='word_1_96' title='bbox 1528 1211 1674 1286; x_wconf 82' lang='grc' dir='ltr'>εἶχεν</span> <span class='ocrx_word' id='word_1_97' title='bbox 1703 1215 1852 1288; x_wconf 82' lang='grc' dir='ltr'><strong>αὐτῷ</strong></span> <span class='ocrx_word' id='word_1_98' title='bbox 1881 1216 1951 1271; x_wconf 79' lang='grc' dir='ltr'><strong>τά</strong></span> 
     </span>
    </p>
   </div>
   <div class='ocr_carea' id='block_1_14' title="bbox 360 1295 1952 1372">
    <p class='ocr_par' dir='ltr' id='par_1_14' title="bbox 360 1295 1952 1372">
     <span class='ocr_line' id='line_1_14' title="bbox 360 1295 1952 1372; baseline 0.006 -25"><span class='ocrx_word' id='word_1_99' title='bbox 360 1295 470 1347; x_wconf 77' lang='grc' dir='ltr'><strong>τοῦ</strong></span> <span class='ocrx_word' id='word_1_100' title='bbox 498 1296 741 1366; x_wconf 78' lang='grc' dir='ltr'>ἀρέστου,</span> <span class='ocrx_word' id='word_1_101' title='bbox 780 1296 860 1367; x_wconf 85' lang='grc' dir='ltr'><strong>τῷ</strong></span> <span class='ocrx_word' id='word_1_102' title='bbox 910 1298 1104 1370; x_wconf 81' lang='grc' dir='ltr'><strong>Πέτρῳ</strong></span> <span class='ocrx_word' id='word_1_103' title='bbox 1153 1299 1250 1370; x_wconf 83' lang='grc' dir='ltr'>τὴν</span> <span class='ocrx_word' id='word_1_104' title='bbox 1299 1300 1638 1372; x_wconf 78' lang='grc' dir='ltr'><strong>προστασίαν</strong></span> <span class='ocrx_word' id='word_1_105' title='bbox 1682 1301 1792 1355; x_wconf 88' lang='grc' dir='ltr'><strong>τῶν</strong></span> <span class='ocrx_word' id='word_1_106' title='bbox 1850 1303 1952 1370; x_wconf 80' lang='grc' dir='ltr'>τῆς</span> 
     </span>
    </p>
   </div>
   <div class='ocr_carea' id='block_1_15' title="bbox 364 1387 1951 1466">
    <p class='ocr_par' dir='ltr' id='par_1_15' title="bbox 364 1387 1951 1466">
     <span class='ocr_line' id='line_1_15' title="bbox 364 1387 1951 1466; baseline 0.008 -28"><span class='ocrx_word' id='word_1_107' title='bbox 364 1387 699 1459; x_wconf 78' lang='grc' dir='ltr'>οἰκουμένης</span> <span class='ocrx_word' id='word_1_108' title='bbox 728 1391 1014 1461; x_wconf 69' lang='grc' dir='ltr'>προϐάτων</span> <span class='ocrx_word' id='word_1_109' title='bbox 1046 1394 1361 1463; x_wconf 73' lang='grc' dir='ltr'>ἐγχειρίζει·</span> <span class='ocrx_word' id='word_1_110' title='bbox 1382 1393 1490 1457; x_wconf 35' lang='grc' dir='ltr'>,οὐκ</span> <span class='ocrx_word' id='word_1_111' title='bbox 1522 1394 1669 1466; x_wconf 75' lang='grc' dir='ltr'>ἄλλῳ</span> <span class='ocrx_word' id='word_1_112' title='bbox 1694 1394 1772 1460; x_wconf 78' lang='grc' dir='ltr'>δὲ,</span> <span class='ocrx_word' id='word_1_113' title='bbox 1813 1395 1951 1451; x_wconf 84' lang='grc' dir='ltr'><strong>ἀλλά</strong></span> 
     </span>
    </p>
   </div>
   <div class='ocr_carea' id='block_1_16' title="bbox 365 1480 1949 1557">
    <p class='ocr_par' dir='ltr' id='par_1_16' title="bbox 365 1480 1949 1557">
     <span class='ocr_line' id='line_1_16' title="bbox 365 1480 1949 1557; baseline 0.008 -26"><span class='ocrx_word' id='word_1_114' title='bbox 365 1480 553 1550; x_wconf 76' lang='grc' dir='ltr'>τούτῳ</span> <span class='ocrx_word' id='word_1_115' title='bbox 579 1481 784 1553; x_wconf 77' lang='grc' dir='ltr'>ταύτην</span> <span class='ocrx_word' id='word_1_116' title='bbox 808 1483 1018 1550; x_wconf 79' lang='grc' dir='ltr'>δίδωσι,</span> <span class='ocrx_word' id='word_1_117' title='bbox 1055 1487 1271 1557; x_wconf 86' lang='grc' dir='ltr'>πρῶτον</span> <span class='ocrx_word' id='word_1_118' title='bbox 1305 1488 1404 1557; x_wconf 81' lang='grc' dir='ltr'>μὲν</span> <span class='ocrx_word' id='word_1_119' title='bbox 1438 1528 1453 1552; x_wconf 96' lang='grc'><strong>,</strong></span> <span class='ocrx_word' id='word_1_120' title='bbox 1494 1489 1576 1542; x_wconf 85' lang='grc' dir='ltr'>ὅτι</span> <span class='ocrx_word' id='word_1_121' title='bbox 1606 1490 1824 1544; x_wconf 82' lang='grc' dir='ltr'>πάντων</span> <span class='ocrx_word' id='word_1_122' title='bbox 1857 1489 1949 1543; x_wconf 76' lang='grc' dir='ltr'><strong>εκ.</strong></span> 
     </span>
    </p>
   </div>
   <div class='ocr_carea' id='block_1_17' title="bbox 368 1572 1953 1649">
    <p class='ocr_par' dir='ltr' id='par_1_17' title="bbox 368 1572 1953 1649">
     <span class='ocr_line' id='line_1_17' title="bbox 368 1572 1953 1649; baseline 0.009 -28"><span class='ocrx_word' id='word_1_123' title='bbox 368 1587 585 1638; x_wconf 84' lang='grc' dir='ltr'>κριτος,</span> <span class='ocrx_word' id='word_1_124' title='bbox 625 1572 719 1642; x_wconf 73' lang='grc' dir='ltr'>καὶ</span> <span class='ocrx_word' id='word_1_125' title='bbox 750 1573 924 1643; x_wconf 84' lang='grc' dir='ltr'>στόμα</span> <span class='ocrx_word' id='word_1_126' title='bbox 954 1575 1049 1630; x_wconf 88' lang='grc' dir='ltr'><strong>τοῦ</strong></span> <span class='ocrx_word' id='word_1_127' title='bbox 1078 1576 1240 1649; x_wconf 87' lang='grc' dir='ltr'>χοροῦ</span> <span class='ocrx_word' id='word_1_128' title='bbox 1272 1578 1494 1642; x_wconf 82' lang='grc' dir='ltr'>παντός’</span> <span class='ocrx_word' id='word_1_129' title='bbox 1520 1580 1708 1634; x_wconf 72' lang='grc' dir='ltr'>ἔπειτα</span> <span class='ocrx_word' id='word_1_130' title='bbox 1739 1581 1953 1647; x_wconf 81' lang='grc' dir='ltr'>δεικνὺς</span> 
     </span>
    </p>
   </div>
   <div class='ocr_carea' id='block_1_18' title="bbox 370 1663 1949 1748">
    <p class='ocr_par' dir='ltr' id='par_1_18' title="bbox 370 1663 1949 1748">
     <span class='ocr_line' id='line_1_18' title="bbox 370 1663 1949 1748; baseline 0.008 -31"><span class='ocrx_word' id='word_1_131' title='bbox 370 1663 551 1733; x_wconf 76' lang='grc' dir='ltr'>αὐτῷ,</span> <span class='ocrx_word' id='word_1_132' title='bbox 578 1666 658 1718; x_wconf 84' lang='grc' dir='ltr'>ὅτι</span> <span class='ocrx_word' id='word_1_133' title='bbox 689 1666 793 1739; x_wconf 78' lang='grc' dir='ltr'>χρὴ</span> <span class='ocrx_word' id='word_1_134' title='bbox 826 1667 1071 1741; x_wconf 75' lang='grc' dir='ltr'>θαρρεῖν,</span> <span class='ocrx_word' id='word_1_135' title='bbox 1119 1673 1194 1734; x_wconf 82' lang='grc' dir='ltr'>ὡς</span> <span class='ocrx_word' id='word_1_136' title='bbox 1221 1672 1320 1741; x_wconf 84' lang='grc' dir='ltr'>τῆς</span> <span class='ocrx_word' id='word_1_137' title='bbox 1367 1674 1652 1743; x_wconf 75' lang='grc' dir='ltr'>ἀρνήσεως</span> <span class='ocrx_word' id='word_1_138' title='bbox 1689 1676 1949 1748; x_wconf 78' lang='grc' dir='ltr'>ἐξειλημ-</span> 
     </span>
    </p>
   </div>
   <div class='ocr_carea' id='block_1_19' title="bbox 376 1753 1951 1840">
    <p class='ocr_par' dir='ltr' id='par_1_19' title="bbox 376 1753 1951 1840">
     <span class='ocr_line' id='line_1_19' title="bbox 376 1753 1951 1840; baseline 0.01 -33"><span class='ocrx_word' id='word_1_139' title='bbox 376 1754 551 1826; x_wconf 81' lang='grc' dir='ltr'>μένης</span> <span class='ocrx_word' id='word_1_140' title='bbox 573 1753 637 1828; x_wconf 78' lang='grc'><strong>[1⁵.</strong></span> <span class='ocrx_word' id='word_1_141' title='bbox 676 1759 1013 1832; x_wconf 80' lang='grc' dir='ltr'>ἐξηλειμμ.]ο</span> <span class='ocrx_word' id='word_1_142' title='bbox 1038 1762 1131 1816; x_wconf 71' lang='grc' dir='ltr'><strong>καὶ</strong></span> <span class='ocrx_word' id='word_1_143' title='bbox 1175 1766 1273 1835; x_wconf 79' lang='grc' dir='ltr'>τὴν</span> <span class='ocrx_word' id='word_1_144' title='bbox 1323 1765 1422 1834; x_wconf 74' lang='grc' dir='ltr'>μὲν</span> <span class='ocrx_word' id='word_1_145' title='bbox 1462 1767 1688 1838; x_wconf 79' lang='grc' dir='ltr'>ἄρνησιν</span> <span class='ocrx_word' id='word_1_146' title='bbox 1712 1769 1773 1822; x_wconf 71' lang='lat'><strong>0&#39;3</strong></span> <span class='ocrx_word' id='word_1_147' title='bbox 1818 1786 1951 1840; x_wconf 73' lang='grc' dir='ltr'><strong>ιιιιρο⁸</strong></span> 
     </span>
    </p>
   </div>
   <div class='ocr_carea' id='block_1_20' title="bbox 371 1832 2026 1931">
    <p class='ocr_par' dir='ltr' id='par_1_20' title="bbox 371 1832 2026 1931">
     <span class='ocr_line' id='line_1_20' title="bbox 371 1832 2026 1931; baseline 0.01 -33"><span class='ocrx_word' id='word_1_148' title='bbox 371 1848 558 1917; x_wconf 73' lang='grc' dir='ltr'>φέρει,</span> <span class='ocrx_word' id='word_1_149' title='bbox 600 1849 722 1904; x_wconf 80' lang='grc' dir='ltr'>οὐδὲ</span> <span class='ocrx_word' id='word_1_150' title='bbox 772 1850 1039 1916; x_wconf 76' lang='grc' dir='ltr'>ὀνειδίζει*</span> <span class='ocrx_word' id='word_1_151' title='bbox 1086 1832 1239 1923; x_wconf 72' lang='grc' dir='ltr'>λέγει</span> <span class='ocrx_word' id='word_1_152' title='bbox 1281 1832 1359 1921; x_wconf 73' lang='grc' dir='ltr'><strong>δέ,</strong></span> <span class='ocrx_word' id='word_1_153' title='bbox 1398 1832 1601 1911; x_wconf 31' lang='grc' dir='ltr'><strong>ὅτι-Εἰ-</strong></span> <span class='ocrx_word' id='word_1_154' title='bbox 1634 1859 1808 1929; x_wconf 78' lang='grc' dir='ltr'>φιλεῖς</span> <span class='ocrx_word' id='word_1_155' title='bbox 1859 1832 1950 1931; x_wconf 76' lang='grc' dir='ltr'><strong>με,</strong></span> <span class='ocrx_word' id='word_1_156' title='bbox 1984 1832 2026 1887; x_wconf 69' lang='grc' dir='ltr'><strong>Β</strong></span> 
     </span>
    </p>
   </div>
   <div class='ocr_carea' id='block_1_21' title="bbox 370 1938 1938 2023">
    <p class='ocr_par' dir='ltr' id='par_1_21' title="bbox 370 1938 1938 2023">
     <span class='ocr_line' id='line_1_21' title="bbox 370 1938 1938 2023; baseline 0.011 -33"><span class='ocrx_word' id='word_1_157' title='bbox 370 1938 676 2009; x_wconf 76' lang='grc' dir='ltr'>προΐστασο</span> <span class='ocrx_word' id='word_1_158' title='bbox 705 1942 817 1997; x_wconf 75' lang='grc' dir='ltr'><strong>τῶν</strong></span> <span class='ocrx_word' id='word_1_159' title='bbox 842 1944 1107 2013; x_wconf 80' lang='grc' dir='ltr'>ἀδελφῶν,</span> <span class='ocrx_word' id='word_1_160' title='bbox 1154 1949 1246 2002; x_wconf 76' lang='grc' dir='ltr'>καὶ</span> <span class='ocrx_word' id='word_1_161' title='bbox 1297 1948 1393 2020; x_wconf 80' lang='grc' dir='ltr'>τὴν</span> <span class='ocrx_word' id='word_1_162' title='bbox 1436 1949 1648 2022; x_wconf 79' lang='grc' dir='ltr'>θερμὴν</span> <span class='ocrx_word' id='word_1_163' title='bbox 1691 1951 1938 2023; x_wconf 79' lang='grc' dir='ltr'>ἀγάπην,</span> 
     </span>
    </p>
   </div>
   <div class='ocr_carea' id='block_1_22' title="bbox 373 2029 1955 2113">
    <p class='ocr_par' dir='ltr' id='par_1_22' title="bbox 373 2029 1955 2113">
     <span class='ocr_line' id='line_1_22' title="bbox 373 2029 1955 2113; baseline 0.009 -32"><span class='ocrx_word' id='word_1_164' title='bbox 373 2029 452 2098; x_wconf 74' lang='grc' dir='ltr'>ἢν</span> <span class='ocrx_word' id='word_1_165' title='bbox 511 2029 696 2099; x_wconf 77' lang='grc' dir='ltr'>ἔλεγες</span> <span class='ocrx_word' id='word_1_166' title='bbox 734 2032 882 2103; x_wconf 76' lang='grc' dir='ltr'>ἔχειν</span> <span class='ocrx_word' id='word_1_167' title='bbox 923 2037 1060 2106; x_wconf 85' lang='grc' dir='ltr'>πρός</span> <span class='ocrx_word' id='word_1_168' title='bbox 1109 2055 1200 2107; x_wconf 89' lang='grc' dir='ltr'><strong>με,</strong></span> <span class='ocrx_word' id='word_1_169' title='bbox 1250 2038 1393 2093; x_wconf 83' lang='grc' dir='ltr'>ὥστε</span> <span class='ocrx_word' id='word_1_170' title='bbox 1446 2041 1955 2113; x_wconf 78' lang='grc' dir='ltr'>ὑπεραποθνήσκειν</span> 
     </span>
    </p>
   </div>
   <div class='ocr_carea' id='block_1_23' title="bbox 378 2121 1958 2203">
    <p class='ocr_par' dir='ltr' id='par_1_23' title="bbox 378 2121 1958 2203">
     <span class='ocr_line' id='line_1_23' title="bbox 378 2121 1958 2203; baseline 0.009 -31"><span class='ocrx_word' id='word_1_171' title='bbox 378 2137 511 2188; x_wconf 85' lang='grc' dir='ltr'>μου,</span> <span class='ocrx_word' id='word_1_172' title='bbox 558 2121 652 2174; x_wconf 90' lang='grc' dir='ltr'><strong>νῦν</strong></span> <span class='ocrx_word' id='word_1_173' title='bbox 703 2123 894 2191; x_wconf 77' lang='grc' dir='ltr'>δεῖξον.</span> <span class='ocrx_word' id='word_1_174' title='bbox 933 2128 1143 2199; x_wconf 84' lang='grc' dir='ltr'>Ἐρωτᾷ</span> <span class='ocrx_word' id='word_1_175' title='bbox 1172 2129 1229 2203; x_wconf 71' lang='grc' dir='ltr'>δὲ</span> <span class='ocrx_word' id='word_1_176' title='bbox 1258 2130 1421 2187; x_wconf 77' lang='grc' dir='ltr'>αὑτὸν</span> <span class='ocrx_word' id='word_1_177' title='bbox 1470 2131 1536 2184; x_wconf 86' lang='grc' dir='ltr'><strong>ἐκ</strong></span> <span class='ocrx_word' id='word_1_178' title='bbox 1587 2130 1795 2202; x_wconf 83' lang='grc' dir='ltr'>τρίτου,</span> <span class='ocrx_word' id='word_1_179' title='bbox 1841 2132 1958 2203; x_wconf 72' lang='grc' dir='ltr'>ἅμα</span> 
     </span>
    </p>
   </div>
   <div class='ocr_carea' id='block_1_24' title="bbox 377 2199 1955 2290">
    <p class='ocr_par' dir='ltr' id='par_1_24' title="bbox 377 2199 1955 2290">
     <span class='ocr_line' id='line_1_24' title="bbox 377 2199 1955 2290; baseline 0.004 -25"><span class='ocrx_word' id='word_1_180' title='bbox 377 2210 707 2277; x_wconf 68' lang='grc' dir='ltr'>μὲνδεικ-νὺς</span> <span class='ocrx_word' id='word_1_181' title='bbox 730 2214 861 2285; x_wconf 79' lang='grc' dir='ltr'>ὅσην</span> <span class='ocrx_word' id='word_1_182' title='bbox 893 2220 1126 2275; x_wconf 81' lang='grc' dir='ltr'>ποιεῖται</span> <span class='ocrx_word' id='word_1_183' title='bbox 1154 2199 1409 2290; x_wconf 71' lang='grc' dir='ltr'>(ρροντίδα</span> <span class='ocrx_word' id='word_1_184' title='bbox 1438 2219 1545 2273; x_wconf 82' lang='grc' dir='ltr'><strong>τῶν</strong></span> <span class='ocrx_word' id='word_1_185' title='bbox 1570 2199 1955 2287; x_wconf 79' lang='grc' dir='ltr'>πιστευόντων,</span> 
     </span>
    </p>
   </div>
   <div class='ocr_carea' id='block_1_25' title="bbox 376 2303 1952 2382">
    <p class='ocr_par' dir='ltr' id='par_1_25' title="bbox 376 2303 1952 2382">
     <span class='ocr_line' id='line_1_25' title="bbox 376 2303 1952 2382; baseline 0.006 -28"><span class='ocrx_word' id='word_1_186' title='bbox 376 2303 472 2354; x_wconf 77' lang='grc' dir='ltr'>καὶ</span> <span class='ocrx_word' id='word_1_187' title='bbox 502 2304 581 2357; x_wconf 86' lang='grc' dir='ltr'>ὅτι</span> <span class='ocrx_word' id='word_1_188' title='bbox 611 2305 866 2360; x_wconf 85' lang='grc' dir='ltr'>τοσοῦτον</span> <span class='ocrx_word' id='word_1_189' title='bbox 908 2310 1100 2381; x_wconf 80' lang='grc' dir='ltr'>ἀγαπᾷ</span> <span class='ocrx_word' id='word_1_190' title='bbox 1128 2311 1198 2365; x_wconf 86' lang='grc' dir='ltr'><strong>τά</strong></span> <span class='ocrx_word' id='word_1_191' title='bbox 1229 2310 1499 2382; x_wconf 75' lang='grc' dir='ltr'>πρόϐατα,</span> <span class='ocrx_word' id='word_1_192' title='bbox 1529 2311 1675 2369; x_wconf 80' lang='grc' dir='ltr'>ὥστε</span> <span class='ocrx_word' id='word_1_193' title='bbox 1705 2312 1800 2375; x_wconf 75' lang='grc' dir='ltr'>καὶ</span> <span class='ocrx_word' id='word_1_194' title='bbox 1853 2314 1952 2382; x_wconf 82' lang='grc' dir='ltr'>τῆς</span> 
     </span>
    </p>
   </div>
   <div class='ocr_carea' id='block_1_26' title="bbox 374 2393 1961 2475">
    <p class='ocr_par' dir='ltr' id='par_1_26' title="bbox 374 2393 1961 2475">
     <span class='ocr_line' id='line_1_26' title="bbox 374 2393 1961 2475; baseline 0.009 -32"><span class='ocrx_word' id='word_1_195' title='bbox 374 2393 463 2456; x_wconf 80' lang='grc' dir='ltr'><strong>είς</strong></span> <span class='ocrx_word' id='word_1_196' title='bbox 522 2396 684 2448; x_wconf 82' lang='grc' dir='ltr'>αὐτὸν</span> <span class='ocrx_word' id='word_1_197' title='bbox 740 2398 963 2470; x_wconf 86' lang='grc' dir='ltr'><strong>ἀγάπης</strong></span> <span class='ocrx_word' id='word_1_198' title='bbox 1027 2402 1185 2455; x_wconf 86' lang='grc' dir='ltr'>τοῦτο</span> <span class='ocrx_word' id='word_1_199' title='bbox 1231 2405 1466 2473; x_wconf 83' lang='grc' dir='ltr'>ποιεῖται</span> <span class='ocrx_word' id='word_1_200' title='bbox 1530 2405 1852 2475; x_wconf 83' lang='grc' dir='ltr'>τεκμήριον,</span> <span class='ocrx_word' id='word_1_201' title='bbox 1898 2404 1961 2459; x_wconf 82' lang='grc' dir='ltr'>τὸ</span> 
     </span>
    </p>
   </div>
   <div class='ocr_carea' id='block_1_27' title="bbox 374 2484 1960 2567">
    <p class='ocr_par' dir='ltr' id='par_1_27' title="bbox 374 2484 1960 2567">
     <span class='ocr_line' id='line_1_27' title="bbox 374 2484 1960 2567; baseline 0.005 -24"><span class='ocrx_word' id='word_1_202' title='bbox 374 2484 492 2543; x_wconf 63' lang='grc' dir='ltr'><strong>τῶν</strong></span> <span class='ocrx_word' id='word_1_203' title='bbox 528 2486 815 2556; x_wconf 77' lang='grc' dir='ltr'>προϐάτων</span> <span class='ocrx_word' id='word_1_204' title='bbox 869 2491 1232 2562; x_wconf 79' lang='grc' dir='ltr'>προΐστασθαι</span> <span class='ocrx_word' id='word_1_205' title='bbox 1261 2510 1276 2526; x_wconf 77' lang='grc' dir='ltr'><strong>ο</strong></span> <span class='ocrx_word' id='word_1_206' title='bbox 1302 2494 1421 2565; x_wconf 80' lang='grc' dir='ltr'><strong>ἀμα</strong></span> <span class='ocrx_word' id='word_1_207' title='bbox 1468 2495 1527 2549; x_wconf 88' lang='grc' dir='ltr'><strong>δέ</strong></span> <span class='ocrx_word' id='word_1_208' title='bbox 1573 2496 1668 2549; x_wconf 81' lang='grc' dir='ltr'>καὶ</span> <span class='ocrx_word' id='word_1_209' title='bbox 1696 2495 1781 2567; x_wconf 76' lang='grc' dir='ltr'><strong>τῷ</strong></span> <span class='ocrx_word' id='word_1_210' title='bbox 1805 2514 1960 2567; x_wconf 77' lang='grc' dir='ltr'>τρισ-</span> 
     </span>
    </p>
   </div>
   <div class='ocr_carea' id='block_1_28' title="bbox 379 2576 1961 2661">
    <p class='ocr_par' dir='ltr' id='par_1_28' title="bbox 379 2576 1961 2661">
     <span class='ocr_line' id='line_1_28' title="bbox 379 2576 1961 2661; baseline 0.011 -33"><span class='ocrx_word' id='word_1_211' title='bbox 379 2576 464 2645; x_wconf 85' lang='grc' dir='ltr'>σῷ</span> <span class='ocrx_word' id='word_1_212' title='bbox 495 2578 594 2646; x_wconf 76' lang='grc' dir='ltr'>τῆς</span> <span class='ocrx_word' id='word_1_213' title='bbox 636 2581 957 2651; x_wconf 77' lang='grc' dir='ltr'>ἐρωτήσεως</span> <span class='ocrx_word' id='word_1_214' title='bbox 1009 2585 1102 2638; x_wconf 76' lang='grc' dir='ltr'>καὶ</span> <span class='ocrx_word' id='word_1_215' title='bbox 1145 2585 1453 2655; x_wconf 73' lang='grc' dir='ltr'>ὁμολογίας,</span> <span class='ocrx_word' id='word_1_216' title='bbox 1491 2588 1552 2641; x_wconf 79' lang='grc' dir='ltr'>τὸ</span> <span class='ocrx_word' id='word_1_217' title='bbox 1595 2591 1815 2661; x_wconf 75' lang='grc' dir='ltr'>τρισσὸν</span> <span class='ocrx_word' id='word_1_218' title='bbox 1861 2592 1961 2660; x_wconf 86' lang='grc' dir='ltr'>τῆς</span> 
     </span>
    </p>
   </div>
   <div class='ocr_carea' id='block_1_29' title="bbox 379 2668 1963 2751">
    <p class='ocr_par' dir='ltr' id='par_1_29' title="bbox 379 2668 1963 2751">
     <span class='ocr_line' id='line_1_29' title="bbox 379 2668 1963 2751; baseline 0.01 -32"><span class='ocrx_word' id='word_1_219' title='bbox 379 2668 665 2748; x_wconf 63' lang='grc' dir='ltr'>ἀρνήσεως</span> <span class='ocrx_word' id='word_1_220' title='bbox 712 2670 1027 2742; x_wconf 84' lang='grc' dir='ltr'>θεραπεύει,</span> <span class='ocrx_word' id='word_1_221' title='bbox 1061 2677 1156 2732; x_wconf 69' lang='grc' dir='ltr'>καὶ</span> <span class='ocrx_word' id='word_1_222' title='bbox 1184 2676 1363 2746; x_wconf 83' lang='grc' dir='ltr'>λόγοις</span> <span class='ocrx_word' id='word_1_223' title='bbox 1413 2679 1707 2751; x_wconf 76' lang='grc' dir='ltr'>ἐπανορθοῖ</span> <span class='ocrx_word' id='word_1_224' title='bbox 1755 2681 1826 2737; x_wconf 73' lang='grc' dir='ltr'><strong>τὰ</strong></span> <span class='ocrx_word' id='word_1_225' title='bbox 1871 2682 1963 2735; x_wconf 67' lang='grc' dir='ltr'><strong>διὰ</strong></span> 
     </span>
    </p>
   </div>
   <div class='ocr_carea' id='block_1_30' title="bbox 380 2754 1959 2838">
    <p class='ocr_par' dir='ltr' id='par_1_30' title="bbox 380 2754 1959 2838">
     <span class='ocr_line' id='line_1_30' title="bbox 380 2754 1959 2838; baseline 0.011 -29"><span class='ocrx_word' id='word_1_226' title='bbox 380 2757 544 2827; x_wconf 85' lang='grc' dir='ltr'>λόγου</span> <span class='ocrx_word' id='word_1_227' title='bbox 561 2754 840 2830; x_wconf 78' lang='grc' dir='ltr'>’γενόμενα</span> <span class='ocrx_word' id='word_1_228' title='bbox 871 2766 1216 2837; x_wconf 76' lang='grc' dir='ltr'>πταίσματα.</span> <span class='ocrx_word' id='word_1_229' title='bbox 1241 2767 1404 2832; x_wconf 82' lang='grc' dir='ltr'>Ἒθος</span> <span class='ocrx_word' id='word_1_230' title='bbox 1453 2769 1676 2838; x_wconf 82' lang='grc' dir='ltr'>γέγονεν</span> <span class='ocrx_word' id='word_1_231' title='bbox 1723 2773 1788 2825; x_wconf 79' lang='grc' dir='ltr'><strong>ἐκ</strong></span> <span class='ocrx_word' id='word_1_232' title='bbox 1830 2772 1959 2827; x_wconf 84' lang='grc' dir='ltr'>τού-</span> 
     </span>
    </p>
   </div>
   <div class='ocr_carea' id='block_1_31' title="bbox 380 2854 1962 2932">
    <p class='ocr_par' dir='ltr' id='par_1_31' title="bbox 380 2854 1962 2932">
     <span class='ocr_line' id='line_1_31' title="bbox 380 2854 1962 2932; baseline 0.012 -32"><span class='ocrx_word' id='word_1_233' title='bbox 380 2866 503 2914; x_wconf 70' lang='grc' dir='ltr'>του,</span> <span class='ocrx_word' id='word_1_234' title='bbox 545 2856 696 2922; x_wconf 81' lang='grc' dir='ltr'>τρεῖς</span> <span class='ocrx_word' id='word_1_235' title='bbox 741 2854 1034 2925; x_wconf 73' lang='grc' dir='ltr'>ὁμολογίας</span> <span class='ocrx_word' id='word_1_236' title='bbox 1079 2859 1428 2914; x_wconf 79' lang='grc' dir='ltr'>ἀπαιτεῖσθαι</span> <span class='ocrx_word' id='word_1_237' title='bbox 1485 2862 1612 2924; x_wconf 82' lang='grc' dir='ltr'>τοὺς</span> <span class='ocrx_word' id='word_1_238' title='bbox 1668 2862 1962 2932; x_wconf 76' lang='grc' dir='ltr'>μέλλοντας</span> 
     </span>
    </p>
   </div>
   <div class='ocr_carea' id='block_1_32' title="bbox 386 2939 1961 3025">
    <p class='ocr_par' dir='ltr' id='par_1_32' title="bbox 386 2939 1961 3025">
     <span class='ocr_line' id='line_1_32' title="bbox 386 2939 1961 3025; baseline 0.01 -33"><span class='ocrx_word' id='word_1_239' title='bbox 386 2939 773 3013; x_wconf 72' lang='grc' dir='ltr'>βαπτισθῆναι.</span> <span class='ocrx_word' id='word_1_240' title='bbox 838 2947 1164 3019; x_wconf 80' lang='grc' dir='ltr'>Ἐρωτηθεὶς</span> <span class='ocrx_word' id='word_1_241' title='bbox 1214 2945 1306 3005; x_wconf 67' lang='grc' dir='ltr'>οὖν</span> <span class='ocrx_word' id='word_1_242' title='bbox 1348 2951 1498 3018; x_wconf 70' lang='grc' dir='ltr'>ἅπαξ</span> <span class='ocrx_word' id='word_1_243' title='bbox 1551 2953 1647 3006; x_wconf 72' lang='grc' dir='ltr'>καὶ</span> <span class='ocrx_word' id='word_1_244' title='bbox 1687 2953 1961 3025; x_wconf 80' lang='grc' dir='ltr'>δεύτερον,</span> 
     </span>
    </p>
   </div>
   <div class='ocr_carea' id='block_1_33' title="bbox 382 3032 1963 3116">
    <p class='ocr_par' dir='ltr' id='par_1_33' title="bbox 382 3032 1963 3116">
     <span class='ocr_line' id='line_1_33' title="bbox 382 3032 1963 3116; baseline 0.009 -30"><span class='ocrx_word' id='word_1_245' title='bbox 382 3032 549 3086; x_wconf 63' lang='grc' dir='ltr'>αὑτὸν</span> <span class='ocrx_word' id='word_1_246' title='bbox 575 3034 666 3088; x_wconf 84' lang='grc' dir='ltr'>τὸν</span> <span class='ocrx_word' id='word_1_247' title='bbox 694 3037 795 3101; x_wconf 83' lang='grc' dir='ltr'><strong>τὰς</strong></span> <span class='ocrx_word' id='word_1_248' title='bbox 840 3039 1069 3114; x_wconf 79' lang='grc' dir='ltr'>καρδίας</span> <span class='ocrx_word' id='word_1_249' title='bbox 1100 3041 1276 3096; x_wconf 75' lang='grc' dir='ltr'>εἰδότα</span> <span class='ocrx_word' id='word_1_250' title='bbox 1329 3043 1584 3116; x_wconf 88' lang='grc' dir='ltr'>μάρτυρα</span> <span class='ocrx_word' id='word_1_251' title='bbox 1623 3045 1963 3111; x_wconf 82' lang='grc' dir='ltr'>ἐπεκαλεῖτο,</span> 
     </span>
    </p>
   </div>
   <div class='ocr_carea' id='block_1_34' title="bbox 382 3124 1960 3205">
    <p class='ocr_par' dir='ltr' id='par_1_34' title="bbox 382 3124 1960 3205">
     <span class='ocr_line' id='line_1_34' title="bbox 382 3124 1960 3205; baseline 0.013 -30"><span class='ocrx_word' id='word_1_252' title='bbox 382 3124 489 3177; x_wconf 66' lang='grc' dir='ltr'><strong>οὒκ</strong></span> <span class='ocrx_word' id='word_1_253' title='bbox 534 3124 615 3180; x_wconf 75' lang='grc' dir='ltr'>ἔτι</span> <span class='ocrx_word' id='word_1_254' title='bbox 661 3128 1178 3200; x_wconf 79' lang='grc' dir='ltr'>αὑθαδειαζόμενος,</span> <span class='ocrx_word' id='word_1_255' title='bbox 1218 3132 1337 3188; x_wconf 78' lang='grc' dir='ltr'>οὐδὲ</span> <span class='ocrx_word' id='word_1_256' title='bbox 1385 3134 1677 3205; x_wconf 84' lang='grc' dir='ltr'>προπετῶς</span> <span class='ocrx_word' id='word_1_257' title='bbox 1728 3135 1960 3205; x_wconf 83' lang='grc' dir='ltr'>φθεγγό-</span> 
     </span>
    </p>
   </div>
   <div class='ocr_carea' id='block_1_35' title="bbox 385 3217 1961 3297">
    <p class='ocr_par' dir='ltr' id='par_1_35' title="bbox 385 3217 1961 3297">
     <span class='ocr_line' id='line_1_35' title="bbox 385 3217 1961 3297; baseline 0.012 -33"><span class='ocrx_word' id='word_1_258' title='bbox 385 3231 574 3283; x_wconf 82' lang='grc' dir='ltr'>μενος,</span> <span class='ocrx_word' id='word_1_259' title='bbox 609 3217 745 3272; x_wconf 87' lang='grc' dir='ltr'><strong>ἀλλά</strong></span> <span class='ocrx_word' id='word_1_260' title='bbox 769 3220 852 3285; x_wconf 77' lang='grc' dir='ltr'><strong>τὸ,</strong></span> <span class='ocrx_word' id='word_1_261' title='bbox 890 3239 911 3273; x_wconf 87' lang='grc' dir='ltr'><strong>ι</strong></span> <span class='ocrx_word' id='word_1_262' title='bbox 942 3223 1014 3275; x_wconf 83' lang='grc' dir='ltr'><strong>Σὺ</strong></span> <span class='ocrx_word' id='word_1_263' title='bbox 1043 3219 1215 3287; x_wconf 75' lang='grc' dir='ltr'>οἶδας,</span> <span class='ocrx_word' id='word_1_264' title='bbox 1252 3243 1271 3276; x_wconf 86' lang='grc' dir='ltr'><strong>ι</strong></span> <span class='ocrx_word' id='word_1_265' title='bbox 1320 3226 1596 3296; x_wconf 80' lang='grc' dir='ltr'>πανταχοῦ</span> <span class='ocrx_word' id='word_1_266' title='bbox 1627 3227 1961 3297; x_wconf 87' lang='grc' dir='ltr'>προστιθείς.</span> 
     </span>
    </p>
   </div>
   <div class='ocr_carea' id='block_1_36' title="bbox 399 3307 1964 3390">
    <p class='ocr_par' dir='ltr' id='par_1_36' title="bbox 399 3307 1964 3390">
     <span class='ocr_line' id='line_1_36' title="bbox 399 3307 1964 3390; baseline 0.018 -31"><span class='ocrx_word' id='word_1_267' title='bbox 399 3307 558 3361; x_wconf 76' lang='grc' dir='ltr'>Ἐπεὶ</span> <span class='ocrx_word' id='word_1_268' title='bbox 590 3312 685 3363; x_wconf 74' lang='grc' dir='ltr'>καὶ</span> <span class='ocrx_word' id='word_1_269' title='bbox 712 3312 898 3383; x_wconf 89' lang='grc' dir='ltr'>τρίτον</span> <span class='ocrx_word' id='word_1_270' title='bbox 927 3315 1212 3387; x_wconf 76' lang='grc' dir='ltr'>ἠρωτήθη,</span> <span class='ocrx_word' id='word_1_271' title='bbox 1255 3316 1532 3389; x_wconf 80' lang='grc' dir='ltr'>ἐταράχθη</span> <span class='ocrx_word' id='word_1_272' title='bbox 1564 3310 1592 3370; x_wconf 75' lang='grc' dir='ltr'><strong>ὅ</strong></span> <span class='ocrx_word' id='word_1_273' title='bbox 1626 3319 1848 3390; x_wconf 80' lang='grc' dir='ltr'>Πέτρος.</span> <span class='ocrx_word' id='word_1_274' title='bbox 1888 3319 1964 3390; x_wconf 84' lang='grc' dir='ltr'>μή</span> 
     </span>
    </p>
   </div>
   <div class='ocr_carea' id='block_1_37' title="bbox 387 3402 1969 3480">
    <p class='ocr_par' dir='ltr' id='par_1_37' title="bbox 387 3402 1969 3480">
     <span class='ocr_line' id='line_1_37' title="bbox 387 3402 1969 3480; baseline 0.008 -28"><span class='ocrx_word' id='word_1_275' title='bbox 387 3417 521 3454; x_wconf 81' lang='grc' dir='ltr'>ποτε</span> <span class='ocrx_word' id='word_1_276' title='bbox 571 3402 734 3466; x_wconf 77' lang='grc' dir='ltr'>αὐτὸς</span> <span class='ocrx_word' id='word_1_277' title='bbox 789 3403 888 3475; x_wconf 85' lang='grc' dir='ltr'>μὲν</span> <span class='ocrx_word' id='word_1_278' title='bbox 934 3406 1128 3477; x_wconf 75' lang='grc' dir='ltr'>νομίζῃ</span> <span class='ocrx_word' id='word_1_279' title='bbox 1181 3406 1375 3475; x_wconf 79' lang='grc' dir='ltr'>φιλεῖν,</span> <span class='ocrx_word' id='word_1_280' title='bbox 1427 3410 1488 3463; x_wconf 85' lang='grc' dir='ltr'>οὐ</span> <span class='ocrx_word' id='word_1_281' title='bbox 1536 3408 1684 3480; x_wconf 82' lang='grc' dir='ltr'>φιλεῖ</span> <span class='ocrx_word' id='word_1_282' title='bbox 1719 3409 1969 3465; x_wconf 75' lang='grc' dir='ltr'>δέοέπεὶ</span> 
     </span>
    </p>
   </div>
   <div class='ocr_carea' id='block_1_38' title="bbox 389 3495 1967 3575">
    <p class='ocr_par' dir='ltr' id='par_1_38' title="bbox 389 3495 1967 3575">
     <span class='ocr_line' id='line_1_38' title="bbox 389 3495 1967 3575; baseline 0.007 -28"><span class='ocrx_word' id='word_1_283' title='bbox 389 3496 490 3547; x_wconf 75' lang='grc' dir='ltr'>καὶ</span> <span class='ocrx_word' id='word_1_284' title='bbox 543 3495 806 3567; x_wconf 83' lang='grc' dir='ltr'>πρότερον</span> <span class='ocrx_word' id='word_1_285' title='bbox 854 3497 1028 3550; x_wconf 81' lang='grc' dir='ltr'>πολλὰ</span> <span class='ocrx_word' id='word_1_286' title='bbox 1072 3499 1310 3571; x_wconf 74' lang='grc' dir='ltr'>νομίζων</span> <span class='ocrx_word' id='word_1_287' title='bbox 1331 3501 1427 3555; x_wconf 76' lang='grc' dir='ltr'>καὶ</span> <span class='ocrx_word' id='word_1_288' title='bbox 1471 3501 1967 3575; x_wconf 77' lang='grc' dir='ltr'>διισχυριζόμενος,</span> 
     </span>
    </p>
   </div>
   <div class='ocr_carea' id='block_1_39' title="bbox 386 3585 1971 3664">
    <p class='ocr_par' dir='ltr' id='par_1_39' title="bbox 386 3585 1971 3664">
     <span class='ocr_line' id='line_1_39' title="bbox 386 3585 1971 3664; baseline 0.008 -29"><span class='ocrx_word' id='word_1_289' title='bbox 386 3585 655 3654; x_wconf 65' lang='grc' dir='ltr'>ἠλέγχετο</span> <span class='ocrx_word' id='word_1_290' title='bbox 687 3587 939 3661; x_wconf 75' lang='grc' dir='ltr'>ὕστερον,</span> <span class='ocrx_word' id='word_1_291' title='bbox 955 3588 1115 3645; x_wconf 88' lang='grc' dir='ltr'>τοῦτο</span> <span class='ocrx_word' id='word_1_292' title='bbox 1142 3590 1205 3663; x_wconf 79' lang='grc' dir='ltr'>δὴ</span> <span class='ocrx_word' id='word_1_293' title='bbox 1230 3593 1327 3646; x_wconf 69' lang='grc' dir='ltr'><strong>καλ⁵</strong></span> <span class='ocrx_word' id='word_1_294' title='bbox 1350 3593 1443 3648; x_wconf 89' lang='grc' dir='ltr'><strong>νῦν</strong></span> <span class='ocrx_word' id='word_1_295' title='bbox 1471 3593 1845 3664; x_wconf 77' lang='grc' dir='ltr'>ἐφοὸήθηοδιὸ</span> <span class='ocrx_word' id='word_1_296' title='bbox 1874 3596 1971 3650; x_wconf 80' lang='grc' dir='ltr'>καὶ</span> 
     </span>
    </p>
   </div>
   <div class='ocr_carea' id='block_1_40' title="bbox 388 3679 1972 3759">
    <p class='ocr_par' dir='ltr' id='par_1_40' title="bbox 388 3679 1972 3759">
     <span class='ocr_line' id='line_1_40' title="bbox 388 3679 1972 3759; baseline 0.006 -27"><span class='ocrx_word' id='word_1_297' title='bbox 388 3679 635 3742; x_wconf 64' lang='grc' dir='ltr'>εὐλαϐῶς</span> <span class='ocrx_word' id='word_1_298' title='bbox 659 3682 1035 3752; x_wconf 81' lang='grc' dir='ltr'>ἀποκρίνεταιο</span> <span class='ocrx_word' id='word_1_299' title='bbox 1065 3701 1083 3734; x_wconf 85' lang='grc' dir='ltr'><strong>ι</strong></span> <span class='ocrx_word' id='word_1_300' title='bbox 1114 3683 1311 3754; x_wconf 86' lang='grc' dir='ltr'>Κύριε,</span> <span class='ocrx_word' id='word_1_301' title='bbox 1332 3684 1396 3737; x_wconf 81' lang='grc' dir='ltr'>σὺ</span> <span class='ocrx_word' id='word_1_302' title='bbox 1425 3686 1604 3759; x_wconf 75' lang='grc' dir='ltr'>πάντα</span> <span class='ocrx_word' id='word_1_303' title='bbox 1630 3683 1799 3750; x_wconf 78' lang='grc' dir='ltr'>οἶδας,</span> <span class='ocrx_word' id='word_1_304' title='bbox 1830 3703 1849 3738; x_wconf 84' lang='grc' dir='ltr'><strong>ι</strong></span> <span class='ocrx_word' id='word_1_305' title='bbox 1877 3687 1972 3741; x_wconf 78' lang='grc' dir='ltr'>καὶ</span> 
     </span>
    </p>
   </div>
   <div class='ocr_carea' id='block_1_41' title="bbox 387 3773 1966 3849">
    <p class='ocr_par' dir='ltr' id='par_1_41' title="bbox 387 3773 1966 3849">
     <span class='ocr_line' id='line_1_41' title="bbox 387 3773 1966 3849; baseline 0.004 -24"><span class='ocrx_word' id='word_1_306' title='bbox 387 3773 463 3827; x_wconf 73' lang='lat' dir='ltr'><strong>1.3L</strong></span> <span class='ocrx_word' id='word_1_307' title='bbox 484 3774 749 3844; x_wconf 78' lang='grc' dir='ltr'>παρόντα,</span> <span class='ocrx_word' id='word_1_308' title='bbox 774 3773 866 3828; x_wconf 74' lang='grc' dir='ltr'>καὶ</span> <span class='ocrx_word' id='word_1_309' title='bbox 881 3774 949 3831; x_wconf 78' lang='grc' dir='ltr'><strong>τά</strong></span> <span class='ocrx_word' id='word_1_310' title='bbox 978 3775 1263 3845; x_wconf 83' lang='grc' dir='ltr'>μέλλοντα,</span> <span class='ocrx_word' id='word_1_311' title='bbox 1289 3796 1307 3829; x_wconf 81' lang='grc' dir='ltr'><strong>ι</strong></span> <span class='ocrx_word' id='word_1_312' title='bbox 1335 3777 1398 3830; x_wconf 81' lang='grc' dir='ltr'>σὺ</span> <span class='ocrx_word' id='word_1_313' title='bbox 1416 3773 1584 3845; x_wconf 76' lang='grc' dir='ltr'>οἶδας,</span> <span class='ocrx_word' id='word_1_314' title='bbox 1604 3780 1686 3833; x_wconf 83' lang='grc' dir='ltr'>ὅτι</span> <span class='ocrx_word' id='word_1_315' title='bbox 1699 3778 1838 3849; x_wconf 83' lang='grc' dir='ltr'>φιλῶ</span> <span class='ocrx_word' id='word_1_316' title='bbox 1861 3796 1920 3833; x_wconf 90' lang='grc' dir='ltr'><strong>σε</strong></span> <span class='ocrx_word' id='word_1_317' title='bbox 1945 3798 1966 3832; x_wconf 86' lang='grc' dir='ltr'><strong>ι</strong></span> 
     </span>
    </p>
   </div>
   <div class='ocr_carea' id='block_1_42' title="bbox 390 3864 1975 3940">
    <p class='ocr_par' dir='ltr' id='par_1_42' title="bbox 390 3864 1975 3940">
     <span class='ocr_line' id='line_1_42' title="bbox 390 3864 1975 3940; baseline 0.006 -24"><span class='ocrx_word' id='word_1_318' title='bbox 390 3864 512 3929; x_wconf 90' lang='grc' dir='ltr'>νῦν,</span> <span class='ocrx_word' id='word_1_319' title='bbox 533 3864 608 3929; x_wconf 86' lang='grc' dir='ltr'><strong>ὡς</strong></span> <span class='ocrx_word' id='word_1_320' title='bbox 634 3867 759 3936; x_wconf 72' lang='grc' dir='ltr'>ἐμοὶ</span> <span class='ocrx_word' id='word_1_321' title='bbox 790 3866 1059 3935; x_wconf 79' lang='grc' dir='ltr'>φαίνεται.</span> <span class='ocrx_word' id='word_1_322' title='bbox 1089 3868 1152 3921; x_wconf 84' lang='lat' dir='ltr'><strong>El</strong></span> <span class='ocrx_word' id='word_1_323' title='bbox 1197 3868 1255 3922; x_wconf 81' lang='grc' dir='ltr'>δὲ</span> <span class='ocrx_word' id='word_1_324' title='bbox 1305 3870 1400 3922; x_wconf 80' lang='grc' dir='ltr'>καὶ</span> <span class='ocrx_word' id='word_1_325' title='bbox 1450 3870 1508 3933; x_wconf 83' lang='grc' dir='ltr'><strong>ἐς</strong></span> <span class='ocrx_word' id='word_1_326' title='bbox 1558 3870 1621 3923; x_wconf 84' lang='grc' dir='ltr'>τὸ</span> <span class='ocrx_word' id='word_1_327' title='bbox 1679 3870 1975 3940; x_wconf 81' lang='grc' dir='ltr'>μετέπειτα</span> 
     </span>
    </p>
   </div>
   <div class='ocr_carea' id='block_1_43' title="bbox 392 3954 1977 4035">
    <p class='ocr_par' dir='ltr' id='par_1_43' title="bbox 392 3954 1977 4035">
     <span class='ocr_line' id='line_1_43' title="bbox 392 3954 1977 4035; baseline 0.006 -28"><span class='ocrx_word' id='word_1_328' title='bbox 392 3959 704 4028; x_wconf 81' lang='grc' dir='ltr'>παραμενεῖ</span> <span class='ocrx_word' id='word_1_329' title='bbox 734 3958 768 4026; x_wconf 78' lang='grc' dir='ltr'>ἡ</span> <span class='ocrx_word' id='word_1_330' title='bbox 801 3956 976 4026; x_wconf 85' lang='grc' dir='ltr'>φιλία,</span> <span class='ocrx_word' id='word_1_331' title='bbox 1001 3957 1100 4013; x_wconf 80' lang='grc' dir='ltr'>καὶ</span> <span class='ocrx_word' id='word_1_332' title='bbox 1144 3958 1302 4013; x_wconf 89' lang='grc' dir='ltr'>τοῦτο</span> <span class='ocrx_word' id='word_1_333' title='bbox 1355 3962 1420 4014; x_wconf 77' lang='grc' dir='ltr'>σὺ</span> <span class='ocrx_word' id='word_1_334' title='bbox 1468 3954 1637 4025; x_wconf 74' lang='grc' dir='ltr'>οἶδας.</span> <span class='ocrx_word' id='word_1_335' title='bbox 1683 3960 1798 4031; x_wconf 79' lang='grc' dir='ltr'>ἐγὼ</span> <span class='ocrx_word' id='word_1_336' title='bbox 1844 3962 1977 4035; x_wconf 75' lang='grc' dir='ltr'>περὶ</span> 
     </span>
    </p>
   </div>
   <div class='ocr_carea' id='block_1_44' title="bbox 395 4048 1978 4125">
    <p class='ocr_par' dir='ltr' id='par_1_44' title="bbox 395 4048 1978 4125">
     <span class='ocr_line' id='line_1_44' title="bbox 395 4048 1978 4125; baseline 0.003 -23"><span class='ocrx_word' id='word_1_337' title='bbox 395 4048 639 4119; x_wconf 74' lang='grc' dir='ltr'>ἐμαυτοῦ</span> <span class='ocrx_word' id='word_1_338' title='bbox 699 4051 800 4105; x_wconf 83' lang='grc' dir='ltr'>οὐκ</span> <span class='ocrx_word' id='word_1_339' title='bbox 843 4050 1154 4123; x_wconf 74' lang='grc' dir='ltr'>ἐνισταμαι.</span> <span class='ocrx_word' id='word_1_340' title='bbox 1179 4051 1364 4109; x_wconf 74' lang='grc' dir='ltr'>Εἰπὼν</span> <span class='ocrx_word' id='word_1_341' title='bbox 1401 4052 1456 4107; x_wconf 81' lang='grc' dir='ltr'>δὲ</span> <span class='ocrx_word' id='word_1_342' title='bbox 1503 4053 1533 4105; x_wconf 79' lang='grc' dir='ltr'>ὁ</span> <span class='ocrx_word' id='word_1_343' title='bbox 1576 4053 1781 4124; x_wconf 81' lang='grc' dir='ltr'>Κύριος</span> <span class='ocrx_word' id='word_1_344' title='bbox 1827 4053 1978 4125; x_wconf 82' lang='grc' dir='ltr'><strong>αὐτῷ</strong></span> 
     </span>
    </p>
   </div>
   <div class='ocr_carea' id='block_1_45' title="bbox 397 4140 1978 4217">
    <p class='ocr_par' dir='ltr' id='par_1_45' title="bbox 397 4140 1978 4217">
     <span class='ocr_line' id='line_1_45' title="bbox 397 4140 1978 4217; baseline 0.005 -24"><span class='ocrx_word' id='word_1_345' title='bbox 397 4140 532 4212; x_wconf 77' lang='grc' dir='ltr'>περὶ</span> <span class='ocrx_word' id='word_1_346' title='bbox 554 4141 655 4211; x_wconf 81' lang='grc' dir='ltr'><strong>τῆς</strong></span> <span class='ocrx_word' id='word_1_347' title='bbox 680 4142 760 4205; x_wconf 84' lang='grc' dir='ltr'><strong>είς</strong></span> <span class='ocrx_word' id='word_1_348' title='bbox 776 4141 940 4196; x_wconf 73' lang='grc' dir='ltr'>αὐτὸν</span> <span class='ocrx_word' id='word_1_349' title='bbox 963 4144 1209 4214; x_wconf 79' lang='grc' dir='ltr'>ἀγάπης,</span> <span class='ocrx_word' id='word_1_350' title='bbox 1233 4144 1600 4217; x_wconf 78' lang='grc' dir='ltr'>προαγορεύει</span> <span class='ocrx_word' id='word_1_351' title='bbox 1627 4146 1779 4217; x_wconf 84' lang='grc' dir='ltr'><strong>αὐτῷ</strong></span> <span class='ocrx_word' id='word_1_352' title='bbox 1795 4148 1892 4202; x_wconf 81' lang='grc' dir='ltr'>καὶ</span> <span class='ocrx_word' id='word_1_353' title='bbox 1915 4146 1978 4201; x_wconf 80' lang='grc' dir='ltr'>τὸ</span> 
     </span>
    </p>
   </div>
   <div class='ocr_carea' id='block_1_46' title="bbox 406 4233 1977 4307">
    <p class='ocr_par' dir='ltr' id='par_1_46' title="bbox 406 4233 1977 4307">
     <span class='ocr_line' id='line_1_46' title="bbox 406 4233 1977 4307; baseline 0.006 -23"><span class='ocrx_word' id='word_1_354' title='bbox 406 4233 732 4305; x_wconf 75' lang='grc' dir='ltr'>μαρτύριον,</span> <span class='ocrx_word' id='word_1_355' title='bbox 754 4235 889 4305; x_wconf 85' lang='grc' dir='ltr'>ὅπερ</span> <span class='ocrx_word' id='word_1_356' title='bbox 916 4234 1142 4303; x_wconf 74' lang='grc' dir='ltr'>ἔμελλεν</span> <span class='ocrx_word' id='word_1_357' title='bbox 1171 4236 1488 4307; x_wconf 80' lang='grc' dir='ltr'>ὑπομένειν.</span> <span class='ocrx_word' id='word_1_358' title='bbox 1517 4237 1772 4307; x_wconf 83' lang='grc' dir='ltr'>Λέγει.δέ</span> <span class='ocrx_word' id='word_1_359' title='bbox 1796 4238 1977 4305; x_wconf 85' lang='grc' dir='ltr'>τοῦτο,</span> 
     </span>
    </p>
   </div>
   <div class='ocr_carea' id='block_1_47' title="bbox 397 4324 1981 4405">
    <p class='ocr_par' dir='ltr' id='par_1_47' title="bbox 397 4324 1981 4405">
     <span class='ocr_line' id='line_1_47' title="bbox 397 4324 1981 4405; baseline 0.005 -29"><span class='ocrx_word' id='word_1_360' title='bbox 397 4324 659 4380; x_wconf 79' lang='grc' dir='ltr'>δεικνύων</span> <span class='ocrx_word' id='word_1_361' title='bbox 692 4325 783 4381; x_wconf 81' lang='grc' dir='ltr'><strong>διὰ</strong></span> <span class='ocrx_word' id='word_1_362' title='bbox 810 4326 1023 4394; x_wconf 82' lang='grc' dir='ltr'>τούτου,</span> <span class='ocrx_word' id='word_1_363' title='bbox 1046 4329 1126 4405; x_wconf 83' lang='grc' dir='ltr'>ὅτι</span> <span class='ocrx_word' id='word_1_364' title='bbox 1160 4330 1253 4384; x_wconf 78' lang='grc' dir='ltr'>καὶ</span> <span class='ocrx_word' id='word_1_365' title='bbox 1285 4328 1445 4384; x_wconf 89' lang='grc' dir='ltr'>τοῦτο</span> <span class='ocrx_word' id='word_1_366' title='bbox 1492 4329 1629 4401; x_wconf 82' lang='grc' dir='ltr'>ὅπερ</span> <span class='ocrx_word' id='word_1_367' title='bbox 1665 4331 1847 4404; x_wconf 84' lang='grc' dir='ltr'>ἐρωτᾷ</span> <span class='ocrx_word' id='word_1_368' title='bbox 1882 4332 1981 4386; x_wconf 84' lang='grc' dir='ltr'><strong>αὺ-</strong></span> 
     </span>
    </p>
   </div>
   <div class='ocr_carea' id='block_1_48' title="bbox 400 4417 1983 4496">
    <p class='ocr_par' dir='ltr' id='par_1_48' title="bbox 400 4417 1983 4496">
     <span class='ocr_line' id='line_1_48' title="bbox 400 4417 1983 4496; baseline 0.004 -25"><span class='ocrx_word' id='word_1_369' title='bbox 400 4418 499 4473; x_wconf 62' lang='grc' dir='ltr'>τρν</span> <span class='ocrx_word' id='word_1_370' title='bbox 542 4419 672 4488; x_wconf 76' lang='grc' dir='ltr'>περὶ</span> <span class='ocrx_word' id='word_1_371' title='bbox 723 4417 819 4473; x_wconf 89' lang='grc' dir='ltr'><strong>τοῦ</strong></span> <span class='ocrx_word' id='word_1_372' title='bbox 871 4419 1114 4492; x_wconf 82' lang='grc' dir='ltr'>ἀγαπᾷν,</span> <span class='ocrx_word' id='word_1_373' title='bbox 1140 4421 1240 4474; x_wconf 82' lang='grc' dir='ltr'>οὐκ</span> <span class='ocrx_word' id='word_1_374' title='bbox 1292 4421 1537 4477; x_wconf 87' lang='grc' dir='ltr'>ἀπιστῶν</span> <span class='ocrx_word' id='word_1_375' title='bbox 1593 4422 1764 4493; x_wconf 78' lang='grc' dir='ltr'>αὐτῷ,</span> <span class='ocrx_word' id='word_1_376' title='bbox 1801 4424 1983 4496; x_wconf 85' lang='grc' dir='ltr'>ἐρωτᾷ</span> 
     </span>
    </p>
   </div>
   <div class='ocr_carea' id='block_1_49' title="bbox 401 4506 1966 4595">
    <p class='ocr_par' dir='ltr' id='par_1_49' title="bbox 401 4506 1966 4584">
     <span class='ocr_line' id='line_1_49' title="bbox 401 4506 1966 4584; baseline 0.003 -22"><span class='ocrx_word' id='word_1_377' title='bbox 401 4506 588 4571; x_wconf 76' lang='grc' dir='ltr'>αὐτὸν,</span> <span class='ocrx_word' id='word_1_378' title='bbox 616 4507 757 4562; x_wconf 86' lang='grc' dir='ltr'><strong>ἀλλά</strong></span> <span class='ocrx_word' id='word_1_379' title='bbox 786 4510 881 4563; x_wconf 69' lang='grc' dir='ltr'><strong>καῖ¹</strong></span> <span class='ocrx_word' id='word_1_380' title='bbox 908 4510 1112 4581; x_wconf 79' lang='grc' dir='ltr'>σφόδρα</span> <span class='ocrx_word' id='word_1_381' title='bbox 1140 4510 1316 4575; x_wconf 77' lang='grc' dir='ltr'>εἰδὼς,</span> <span class='ocrx_word' id='word_1_382' title='bbox 1339 4510 1424 4565; x_wconf 83' lang='grc' dir='ltr'>ὅτι</span> <span class='ocrx_word' id='word_1_383' title='bbox 1472 4512 1665 4582; x_wconf 86' lang='grc' dir='ltr'>ἀγαπᾷ</span> <span class='ocrx_word' id='word_1_384' title='bbox 1686 4528 1700 4542; x_wconf 88' lang='grc'><strong>·</strong></span> <span class='ocrx_word' id='word_1_385' title='bbox 1723 4512 1842 4576; x_wconf 89' lang='grc' dir='ltr'><strong>πῶς</strong></span> <span class='ocrx_word' id='word_1_386' title='bbox 1870 4513 1966 4584; x_wconf 61' lang='grc' dir='ltr'><strong>γὰρ</strong></span> 
     </span>
    </p>
   </div>
   <div class='ocr_carea' id='block_1_50' title="bbox 2070 4506 3777 4595">
    <p class='ocr_par' dir='ltr' id='par_1_50' title="bbox 2085 4509 3777 4583">
     <span class='ocr_line' id='line_1_50' title="bbox 2085 4509 3777 4583; baseline -0.001 -17"><span class='ocrx_word' id='word_1_387' title='bbox 2085 4512 2177 4582; x_wconf 88' lang='lat' dir='ltr'><strong>qui</strong></span> <span class='ocrx_word' id='word_1_388' title='bbox 2211 4529 2308 4583; x_wconf 90' lang='lat' dir='ltr'><strong>pro</strong></span> <span class='ocrx_word' id='word_1_389' title='bbox 2335 4513 2452 4582; x_wconf 89' lang='lat' dir='ltr'><strong>ipso</strong></span> <span class='ocrx_word' id='word_1_390' title='bbox 2481 4512 2795 4583; x_wconf 82' lang='lat' dir='ltr'><strong>martyriqu</strong></span> <span class='ocrx_word' id='word_1_391' title='bbox 2819 4519 2964 4567; x_wconf 86' lang='lat' dir='ltr'><strong>esset</strong></span> <span class='ocrx_word' id='word_1_392' title='bbox 2992 4511 3295 4576; x_wconf 77' lang='lat' dir='ltr'><strong>subiturus,</strong></span> <span class='ocrx_word' id='word_1_393' title='bbox 3330 4509 3422 4565; x_wconf 86' lang='lat' dir='ltr'><strong>sed</strong></span> <span class='ocrx_word' id='word_1_394' title='bbox 3457 4517 3518 4564; x_wconf 84' lang='lat' dir='ltr'><strong>ut</strong></span> <span class='ocrx_word' id='word_1_395' title='bbox 3547 4523 3666 4565; x_wconf 74' lang='lat' dir='ltr'><strong>ma-</strong></span> <span class='ocrx_word' id='word_1_396' title='bbox 3758 4552 3777 4573; x_wconf 84' lang='lat'><strong>,</strong></span> 
     </span>
    </p>
   </div>
   <div class='ocr_carea' id='block_1_51' title="bbox 404 4598 1975 4673">
    <p class='ocr_par' dir='ltr' id='par_1_51' title="bbox 404 4598 1975 4673">
     <span class='ocr_line' id='line_1_51' title="bbox 404 4598 1975 4673; baseline 0.005 -20"><span class='ocrx_word' id='word_1_397' title='bbox 404 4598 509 4653; x_wconf 77' lang='grc' dir='ltr'><strong>οὐκ</strong></span> <span class='ocrx_word' id='word_1_398' title='bbox 532 4600 723 4672; x_wconf 76' lang='grc' dir='ltr'>ἀγαπᾷ</span> <span class='ocrx_word' id='word_1_399' title='bbox 749 4599 808 4664; x_wconf 85' lang='grc' dir='ltr'>ὃς</span> <span class='ocrx_word' id='word_1_400' title='bbox 834 4603 928 4654; x_wconf 81' lang='grc' dir='ltr'>καὶ</span> <span class='ocrx_word' id='word_1_401' title='bbox 965 4601 1337 4672; x_wconf 79' lang='grc' dir='ltr'>μαρτυρήσειν</span> <span class='ocrx_word' id='word_1_402' title='bbox 1368 4601 1553 4671; x_wconf 84' lang='grc' dir='ltr'>μέλλει</span> <span class='ocrx_word' id='word_1_403' title='bbox 1599 4604 1732 4673; x_wconf 79' lang='grc' dir='ltr'>περὶ</span> <span class='ocrx_word' id='word_1_404' title='bbox 1758 4604 1921 4659; x_wconf 85' lang='grc' dir='ltr'>αὐτοῦ</span> <span class='ocrx_word' id='word_1_405' title='bbox 1959 4620 1975 4672; x_wconf 89' lang='grc'><strong>;</strong></span> 
     </span>
    </p>
   </div>
   <div class='ocr_carea' id='block_1_52' title="bbox 408 4691 1981 4766">
    <p class='ocr_par' dir='ltr' id='par_1_52' title="bbox 408 4691 1981 4766">
     <span class='ocr_line' id='line_1_52' title="bbox 408 4691 1981 4766; baseline 0.002 -20"><span class='ocrx_word' id='word_1_406' title='bbox 408 4691 527 4746; x_wconf 86' lang='grc' dir='ltr'>ἀλλ’</span> <span class='ocrx_word' id='word_1_407' title='bbox 552 4692 640 4746; x_wconf 81' lang='grc' dir='ltr'>ἵνα</span> <span class='ocrx_word' id='word_1_408' title='bbox 666 4693 864 4763; x_wconf 79' lang='grc' dir='ltr'>μᾶλλον</span> <span class='ocrx_word' id='word_1_409' title='bbox 882 4691 1030 4764; x_wconf 80' lang='grc' dir='ltr'>δείξῃ</span> <span class='ocrx_word' id='word_1_410' title='bbox 1056 4691 1155 4764; x_wconf 81' lang='grc' dir='ltr'>τὴν</span> <span class='ocrx_word' id='word_1_411' title='bbox 1180 4692 1347 4751; x_wconf 84' lang='grc' dir='ltr'>αὐτοῦ</span> <span class='ocrx_word' id='word_1_412' title='bbox 1371 4693 1463 4748; x_wconf 88' lang='grc' dir='ltr'><strong>τοῦ</strong></span> <span class='ocrx_word' id='word_1_413' title='bbox 1494 4695 1704 4766; x_wconf 81' lang='grc' dir='ltr'>Πέτρου</span> <span class='ocrx_word' id='word_1_414' title='bbox 1734 4695 1981 4766; x_wconf 82' lang='grc' dir='ltr'>ἀγάπην,</span> 
     </span>
    </p>
   </div>
   <div class='ocr_carea' id='block_1_53' title="bbox 411 4783 1985 4859">
    <p class='ocr_par' dir='ltr' id='par_1_53' title="bbox 411 4783 1985 4859">
     <span class='ocr_line' id='line_1_53' title="bbox 411 4783 1985 4859; baseline 0.004 -21"><span class='ocrx_word' id='word_1_415' title='bbox 411 4783 663 4847; x_wconf 72' lang='grc' dir='ltr'>καὶτοὺς</span> <span class='ocrx_word' id='word_1_416' title='bbox 692 4784 883 4849; x_wconf 85' lang='grc' dir='ltr'>ἀλλους</span> <span class='ocrx_word' id='word_1_417' title='bbox 922 4784 1165 4847; x_wconf 76' lang='grc' dir='ltr'>ἅπαντας</span> <span class='ocrx_word' id='word_1_418' title='bbox 1203 4784 1415 4859; x_wconf 80' lang='grc' dir='ltr'>διδάξῃ,</span> <span class='ocrx_word' id='word_1_419' title='bbox 1444 4786 1529 4841; x_wconf 86' lang='grc' dir='ltr'>ὃτι</span> <span class='ocrx_word' id='word_1_420' title='bbox 1588 4787 1687 4842; x_wconf 82' lang='grc' dir='ltr'><strong>ἐάν</strong></span> <span class='ocrx_word' id='word_1_421' title='bbox 1740 4787 1985 4858; x_wconf 84' lang='grc' dir='ltr'>θέλωμεν</span> 
     </span>
    </p>
   </div>
   <div class='ocr_carea' id='block_1_54' title="bbox 407 4874 1985 4952">
    <p class='ocr_par' dir='ltr' id='par_1_54' title="bbox 407 4874 1985 4952">
     <span class='ocr_line' id='line_1_54' title="bbox 407 4874 1985 4952; baseline 0.002 -23"><span class='ocrx_word' id='word_1_422' title='bbox 407 4876 576 4930; x_wconf 73' lang='grc' dir='ltr'>αὐτὸν</span> <span class='ocrx_word' id='word_1_423' title='bbox 625 4877 867 4948; x_wconf 83' lang='grc' dir='ltr'>ἀγαπᾷν,</span> <span class='ocrx_word' id='word_1_424' title='bbox 900 4875 1043 4930; x_wconf 75' lang='grc' dir='ltr'>οὕτω</span> <span class='ocrx_word' id='word_1_425' title='bbox 1088 4874 1480 4949; x_wconf 77' lang='grc' dir='ltr'>σπουδάζωμεν</span> <span class='ocrx_word' id='word_1_426' title='bbox 1527 4879 1689 4941; x_wconf 77' lang='grc' dir='ltr'>αὐτὸν</span> <span class='ocrx_word' id='word_1_427' title='bbox 1743 4881 1985 4952; x_wconf 74' lang='grc' dir='ltr'>ἀγαπᾷν,</span> 
     </span>
    </p>
   </div>
   <div class='ocr_carea' id='block_1_55' title="bbox 408 4967 1984 5044">
    <p class='ocr_par' dir='ltr' id='par_1_55' title="bbox 408 4967 1984 5044">
     <span class='ocr_line' id='line_1_55' title="bbox 408 4967 1984 5044; baseline 0.004 -23"><span class='ocrx_word' id='word_1_428' title='bbox 408 4970 470 5021; x_wconf 87' lang='grc' dir='ltr'><strong>ἐν</strong></span> <span class='ocrx_word' id='word_1_429' title='bbox 498 4967 579 5037; x_wconf 84' lang='grc' dir='ltr'>τῷ</span> <span class='ocrx_word' id='word_1_430' title='bbox 610 4967 718 5020; x_wconf 84' lang='grc' dir='ltr'><strong>τῶν</strong></span> <span class='ocrx_word' id='word_1_431' title='bbox 762 4968 1006 5036; x_wconf 80' lang='grc' dir='ltr'>ἀδελφῶν</span> <span class='ocrx_word' id='word_1_432' title='bbox 1050 4970 1433 5039; x_wconf 72' lang='grc' dir='ltr'>προΐστασθαι.</span> <span class='ocrx_word' id='word_1_433' title='bbox 1477 4970 1603 5035; x_wconf 86' lang='grc' dir='ltr'>Πῶς</span> <span class='ocrx_word' id='word_1_434' title='bbox 1656 4971 1715 5025; x_wconf 81' lang='grc' dir='ltr'>δὲ</span> <span class='ocrx_word' id='word_1_435' title='bbox 1742 4988 1984 5044; x_wconf 82' lang='grc' dir='ltr'>προαγο-</span> 
     </span>
    </p>
   </div>
   <div class='ocr_carea' id='block_1_56' title="bbox 413 5059 1983 5134">
    <p class='ocr_par' dir='ltr' id='par_1_56' title="bbox 413 5059 1983 5134">
     <span class='ocr_line' id='line_1_56' title="bbox 413 5059 1983 5134; baseline 0.003 -22"><span class='ocrx_word' id='word_1_436' title='bbox 413 5060 562 5130; x_wconf 83' lang='grc' dir='ltr'>ρεύει</span> <span class='ocrx_word' id='word_1_437' title='bbox 594 5059 743 5130; x_wconf 81' lang='grc' dir='ltr'>αὐτῷ</span> <span class='ocrx_word' id='word_1_438' title='bbox 768 5059 830 5112; x_wconf 86' lang='grc' dir='ltr'><strong>τδ</strong></span> <span class='ocrx_word' id='word_1_439' title='bbox 860 5059 1174 5131; x_wconf 83' lang='grc' dir='ltr'>μαρτύριον,</span> <span class='ocrx_word' id='word_1_440' title='bbox 1217 5061 1404 5116; x_wconf 83' lang='grc' dir='ltr'>ἀκουε’</span> <span class='ocrx_word' id='word_1_441' title='bbox 1437 5080 1458 5115; x_wconf 78' lang='grc' dir='ltr'><strong>ι</strong></span> <span class='ocrx_word' id='word_1_442' title='bbox 1512 5062 1643 5117; x_wconf 88' lang='grc' dir='ltr'>Ὅτε</span> <span class='ocrx_word' id='word_1_443' title='bbox 1673 5059 1741 5134; x_wconf 71' lang='grc' dir='ltr'>ἧς</span> <span class='ocrx_word' id='word_1_444' title='bbox 1787 5064 1983 5117; x_wconf 78' lang='grc' dir='ltr'>νεώτε-</span> 
     </span>
    </p>
   </div>
   <div class='ocr_carea' id='block_1_57' title="bbox 414 5150 1989 5227">
    <p class='ocr_par' dir='ltr' id='par_1_57' title="bbox 414 5150 1989 5227">
     <span class='ocr_line' id='line_1_57' title="bbox 414 5150 1989 5227; baseline 0.004 -25"><span class='ocrx_word' id='word_1_445' title='bbox 414 5167 531 5223; x_wconf 84' lang='grc' dir='ltr'>ρος,</span> <span class='ocrx_word' id='word_1_446' title='bbox 570 5150 833 5216; x_wconf 75' lang='grc' dir='ltr'>ἐζώννυες</span> <span class='ocrx_word' id='word_1_447' title='bbox 872 5152 1124 5215; x_wconf 74' lang='grc' dir='ltr'>σεαυτὸν,</span> <span class='ocrx_word' id='word_1_448' title='bbox 1157 5172 1176 5204; x_wconf 87' lang='grc' dir='ltr'><strong>ι</strong></span> <span class='ocrx_word' id='word_1_449' title='bbox 1211 5152 1308 5206; x_wconf 79' lang='grc' dir='ltr'>καὶ</span> <span class='ocrx_word' id='word_1_450' title='bbox 1329 5153 1396 5207; x_wconf 87' lang='grc' dir='ltr'><strong>τά</strong></span> <span class='ocrx_word' id='word_1_451' title='bbox 1424 5154 1574 5223; x_wconf 76' lang='grc' dir='ltr'>ἑξῆς.</span> <span class='ocrx_word' id='word_1_452' title='bbox 1610 5155 1832 5226; x_wconf 83' lang='grc' dir='ltr'>Ἐπειδὴ</span> <span class='ocrx_word' id='word_1_453' title='bbox 1855 5155 1989 5227; x_wconf 80' lang='grc' dir='ltr'>γὰρ,</span> 
     </span>
    </p>
   </div>
   <div class='ocr_carea' id='block_1_58' title="bbox 415 5244 1987 5319">
    <p class='ocr_par' dir='ltr' id='par_1_58' title="bbox 415 5244 1987 5319">
     <span class='ocr_line' id='line_1_58' title="bbox 415 5244 1987 5319; baseline 0.004 -24"><span class='ocrx_word' id='word_1_454' title='bbox 415 5244 841 5317; x_wconf 74' lang='grc' dir='ltr'>φησὶν,ἀγαπᾷς</span> <span class='ocrx_word' id='word_1_455' title='bbox 879 5263 969 5311; x_wconf 82' lang='grc' dir='ltr'><strong>με,</strong></span> <span class='ocrx_word' id='word_1_456' title='bbox 996 5245 1091 5301; x_wconf 85' lang='grc' dir='ltr'><strong>καὶ</strong></span> <span class='ocrx_word' id='word_1_457' title='bbox 1123 5246 1385 5311; x_wconf 82' lang='grc' dir='ltr'>πολλάκις</span> <span class='ocrx_word' id='word_1_458' title='bbox 1414 5248 1472 5301; x_wconf 87' lang='grc' dir='ltr'><strong>ἐν</strong></span> <span class='ocrx_word' id='word_1_459' title='bbox 1515 5249 1631 5311; x_wconf 79' lang='grc' dir='ltr'>τοῖς</span> <span class='ocrx_word' id='word_1_460' title='bbox 1670 5249 1809 5319; x_wconf 82' lang='grc' dir='ltr'>ὑπὲρ</span> <span class='ocrx_word' id='word_1_461' title='bbox 1852 5248 1987 5319; x_wconf 82' lang='grc' dir='ltr'>ἐμοῦ</span> 
     </span>
    </p>
   </div>
   <div class='ocr_carea' id='block_1_59' title="bbox 415 5334 1989 5413">
    <p class='ocr_par' dir='ltr' id='par_1_59' title="bbox 415 5334 1989 5413">
     <span class='ocr_line' id='line_1_59' title="bbox 415 5334 1989 5413; baseline 0.003 -24"><span class='ocrx_word' id='word_1_462' title='bbox 415 5334 682 5399; x_wconf 76' lang='grc' dir='ltr'>κινδύνοις</span> <span class='ocrx_word' id='word_1_463' title='bbox 718 5336 818 5405; x_wconf 78' lang='grc' dir='ltr'>τὴν</span> <span class='ocrx_word' id='word_1_464' title='bbox 848 5336 1029 5407; x_wconf 70' lang='grc' dir='ltr'>ψυχήν</span> <span class='ocrx_word' id='word_1_465' title='bbox 1059 5354 1151 5391; x_wconf 64' lang='grc' dir='ltr'><strong>σου</strong></span> <span class='ocrx_word' id='word_1_466' title='bbox 1191 5336 1362 5392; x_wconf 86' lang='grc' dir='ltr'>θεῖναι</span> <span class='ocrx_word' id='word_1_467' title='bbox 1393 5340 1833 5411; x_wconf 84' lang='grc' dir='ltr'>κατεπηγγείλω,</span> <span class='ocrx_word' id='word_1_468' title='bbox 1863 5340 1989 5413; x_wconf 79' lang='grc' dir='ltr'><strong>θάρι</strong></span> 
     </span>
    </p>
   </div>
   <div class='ocr_carea' id='block_1_60' title="bbox 418 5428 1987 5503">
    <p class='ocr_par' dir='ltr' id='par_1_60' title="bbox 418 5428 1987 5503">
     <span class='ocr_line' id='line_1_60' title="bbox 418 5428 1987 5503; baseline 0.004 -22"><span class='ocrx_word' id='word_1_469' title='bbox 418 5429 524 5498; x_wconf 80' lang='grc' dir='ltr'>ῥει,</span> <span class='ocrx_word' id='word_1_470' title='bbox 547 5428 730 5497; x_wconf 82' lang='grc' dir='ltr'>φησίν.</span> <span class='ocrx_word' id='word_1_471' title='bbox 752 5429 908 5482; x_wconf 85' lang='grc' dir='ltr'>Οῦτω</span> <span class='ocrx_word' id='word_1_472' title='bbox 952 5429 1061 5502; x_wconf 80' lang='grc' dir='ltr'><strong>γάρ</strong></span> <span class='ocrx_word' id='word_1_473' title='bbox 1109 5430 1377 5501; x_wconf 79' lang='grc' dir='ltr'>ἐμπλήσω</span> <span class='ocrx_word' id='word_1_474' title='bbox 1407 5448 1502 5499; x_wconf 84' lang='grc' dir='ltr'><strong>σου</strong></span> <span class='ocrx_word' id='word_1_475' title='bbox 1527 5431 1628 5503; x_wconf 80' lang='grc' dir='ltr'>τὴν</span> <span class='ocrx_word' id='word_1_476' title='bbox 1670 5431 1987 5503; x_wconf 76' lang='grc' dir='ltr'>ἐπιθυμίανο</span> 
     </span>
    </p>
   </div>
   <div class='ocr_carea' id='block_1_61' title="bbox 417 5518 1987 5594">
    <p class='ocr_par' dir='ltr' id='par_1_61' title="bbox 417 5518 1987 5594">
     <span class='ocr_line' id='line_1_61' title="bbox 417 5518 1987 5594; baseline 0.001 -17"><span class='ocrx_word' id='word_1_477' title='bbox 417 5518 563 5577; x_wconf 77' lang='grc' dir='ltr'>ὥστε</span> <span class='ocrx_word' id='word_1_478' title='bbox 592 5520 735 5593; x_wconf 79' lang='grc' dir='ltr'>άπερ</span> <span class='ocrx_word' id='word_1_479' title='bbox 761 5522 861 5575; x_wconf 79' lang='grc' dir='ltr'>οὐκ</span> <span class='ocrx_word' id='word_1_480' title='bbox 880 5521 1081 5585; x_wconf 73' lang='grc' dir='ltr'>ἔπαθες</span> <span class='ocrx_word' id='word_1_481' title='bbox 1108 5522 1229 5585; x_wconf 76' lang='grc' dir='ltr'>νέος</span> <span class='ocrx_word' id='word_1_482' title='bbox 1256 5521 1357 5591; x_wconf 82' lang='grc' dir='ltr'><strong>ὢν,</strong></span> <span class='ocrx_word' id='word_1_483' title='bbox 1381 5522 1557 5579; x_wconf 89' lang='grc' dir='ltr'>ταῦτά</span> <span class='ocrx_word' id='word_1_484' title='bbox 1577 5541 1638 5578; x_wconf 90' lang='grc' dir='ltr'><strong>σε</strong></span> <span class='ocrx_word' id='word_1_485' title='bbox 1668 5524 1864 5579; x_wconf 84' lang='grc' dir='ltr'>παθεῖν</span> <span class='ocrx_word' id='word_1_486' title='bbox 1890 5542 1987 5594; x_wconf 86' lang='grc' dir='ltr'>γε·</span> 
     </span>
    </p>
   </div>
   <div class='ocr_carea' id='block_1_62' title="bbox 416 5615 1988 5691">
    <p class='ocr_par' dir='ltr' id='par_1_62' title="bbox 416 5615 1988 5691">
     <span class='ocr_line' id='line_1_62' title="bbox 416 5615 1988 5691; baseline 0.003 -22"><span class='ocrx_word' id='word_1_487' title='bbox 416 5615 723 5687; x_wconf 78' lang='grc' dir='ltr'>τηρακότα.</span> <span class='ocrx_word' id='word_1_488' title='bbox 781 5615 1213 5688; x_wconf 78' lang='grc' dir='ltr'>’Δναμιμνήσκει</span> <span class='ocrx_word' id='word_1_489' title='bbox 1257 5617 1313 5672; x_wconf 87' lang='grc' dir='ltr'><strong>δέ</strong></span> <span class='ocrx_word' id='word_1_490' title='bbox 1367 5616 1531 5673; x_wconf 76' lang='grc' dir='ltr'>αὐτὸν</span> <span class='ocrx_word' id='word_1_491' title='bbox 1577 5617 1673 5674; x_wconf 87' lang='grc' dir='ltr'><strong>τοῦ</strong></span> <span class='ocrx_word' id='word_1_492' title='bbox 1720 5618 1988 5691; x_wconf 76' lang='grc' dir='ltr'>προτέρου</span> 
     </span>
    </p>
   </div>
   <div class='ocr_carea' id='block_1_63' title="bbox 494 5792 1444 5863">
    <p class='ocr_par' dir='ltr' id='par_1_63' title="bbox 494 5792 1444 5863">
     <span class='ocr_line' id='line_1_63' title="bbox 494 5792 1444 5863; baseline 0.007 -14"><span class='ocrx_word' id='word_1_493' title='bbox 494 5795 540 5829; x_wconf 68' lang='grc' dir='ltr'><strong>’τ</strong></span> <span class='ocrx_word' id='word_1_494' title='bbox 582 5792 720 5851; x_wconf 83' lang='lat' dir='ltr'><strong>Tob.</strong></span> <span class='ocrx_word' id='word_1_495' title='bbox 751 5812 807 5861; x_wconf 80' lang='grc' dir='ltr'><strong>ν,</strong></span> <span class='ocrx_word' id='word_1_496' title='bbox 841 5795 906 5851; x_wconf 76' lang='grc'><strong>15</strong></span> <span class='ocrx_word' id='word_1_497' title='bbox 940 5812 956 5863; x_wconf 89' lang='grc'>;</span> <span class='ocrx_word' id='word_1_498' title='bbox 996 5797 1119 5853; x_wconf 82' lang='lat' dir='ltr'><strong>Act.</strong></span> <span class='ocrx_word' id='word_1_499' title='bbox 1151 5811 1323 5862; x_wconf 75' lang='lat' dir='ltr'><strong>xxvn,</strong></span> <span class='ocrx_word' id='word_1_500' title='bbox 1353 5799 1444 5855; x_wconf 74' lang='lat'><strong>‘35.</strong></span> 
     </span>
    </p>
   </div>
   <div class='ocr_carea' id='block_1_64' title="bbox 2048 574 3645 649">
    <p class='ocr_par' dir='ltr' id='par_1_64' title="bbox 2048 574 3645 649">
     <span class='ocr_line' id='line_1_64' title="bbox 2048 574 3645 649; baseline 0.003 -20"><span class='ocrx_word' id='word_1_501' title='bbox 2048 574 2097 629; x_wconf 88' lang='lat' dir='ltr'><strong>ei</strong></span> <span class='ocrx_word' id='word_1_502' title='bbox 2131 592 2145 629; x_wconf 89' lang='lat'><strong>:</strong></span> <span class='ocrx_word' id='word_1_503' title='bbox 2179 574 2423 643; x_wconf 87' lang='lat' dir='ltr'><strong>Domine,</strong></span> <span class='ocrx_word' id='word_1_504' title='bbox 2456 586 2511 633; x_wconf 92' lang='lat' dir='ltr'><strong>tu</strong></span> <span class='ocrx_word' id='word_1_505' title='bbox 2542 580 2725 635; x_wconf 87' lang='lat' dir='ltr'><strong>omnia</strong></span> <span class='ocrx_word' id='word_1_506' title='bbox 2742 582 2904 648; x_wconf 89' lang='lat' dir='ltr'><strong>nosti,</strong></span> <span class='ocrx_word' id='word_1_507' title='bbox 2937 590 2991 636; x_wconf 92' lang='lat' dir='ltr'><strong>tu</strong></span> <span class='ocrx_word' id='word_1_508' title='bbox 3031 581 3138 638; x_wconf 88' lang='lat' dir='ltr'><strong>scis</strong></span> <span class='ocrx_word' id='word_1_509' title='bbox 3173 581 3314 649; x_wconf 91' lang='lat' dir='ltr'><strong>quod</strong></span> <span class='ocrx_word' id='word_1_510' title='bbox 3343 595 3519 635; x_wconf 87' lang='lat' dir='ltr'><strong>amem</strong></span> <span class='ocrx_word' id='word_1_511' title='bbox 3550 578 3645 633; x_wconf 53' lang='lat' dir='ltr'><strong>te.‘</strong></span> 
     </span>
    </p>
   </div>
   <div class='ocr_carea' id='block_1_65' title="bbox 2053 666 3650 738">
    <p class='ocr_par' dir='ltr' id='par_1_65' title="bbox 2053 666 3650 738">
     <span class='ocr_line' id='line_1_65' title="bbox 2053 666 3650 738; baseline 0.001 -18"><span class='ocrx_word' id='word_1_512' title='bbox 2053 666 2193 722; x_wconf 91' lang='lat' dir='ltr'><strong>Dicit</strong></span> <span class='ocrx_word' id='word_1_513' title='bbox 2226 668 2274 723; x_wconf 91' lang='lat' dir='ltr'><strong>ei</strong></span> <span class='ocrx_word' id='word_1_514' title='bbox 2303 667 2465 726; x_wconf 83' lang='lat' dir='ltr'><strong>Jesus</strong></span> <span class='ocrx_word' id='word_1_515' title='bbox 2497 688 2512 727; x_wconf 90' lang='lat'><strong>:</strong></span> <span class='ocrx_word' id='word_1_516' title='bbox 2541 670 2709 728; x_wconf 84' lang='lat' dir='ltr'><strong>Pasce</strong></span> <span class='ocrx_word' id='word_1_517' title='bbox 2738 688 2867 728; x_wconf 87' lang='lat' dir='ltr'><strong>oves</strong></span> <span class='ocrx_word' id='word_1_518' title='bbox 2890 688 3061 729; x_wconf 85' lang='lat' dir='ltr'><strong>meas.</strong></span> <span class='ocrx_word' id='word_1_519' title='bbox 3108 675 3301 738; x_wconf 80' lang='lat' dir='ltr'><strong>Amen,</strong></span> <span class='ocrx_word' id='word_1_520' title='bbox 3325 685 3482 726; x_wconf 90' lang='lat' dir='ltr'><strong>amen</strong></span> <span class='ocrx_word' id='word_1_521' title='bbox 3506 671 3650 724; x_wconf 90' lang='lat' dir='ltr'><strong>dico&#39;</strong></span> 
     </span>
    </p>
   </div>
   <div class='ocr_carea' id='block_1_66' title="bbox 2052 758 3631 836">
    <p class='ocr_par' dir='ltr' id='par_1_66' title="bbox 2052 758 3631 836">
     <span class='ocr_line' id='line_1_66' title="bbox 2052 758 3631 836; baseline 0.002 -24"><span class='ocrx_word' id='word_1_522' title='bbox 2052 758 2167 825; x_wconf 88' lang='lat' dir='ltr'><strong>tibi,</strong></span> <span class='ocrx_word' id='word_1_523' title='bbox 2194 774 2318 814; x_wconf 91' lang='lat' dir='ltr'><strong>cum</strong></span> <span class='ocrx_word' id='word_1_524' title='bbox 2346 775 2496 817; x_wconf 81' lang='lat' dir='ltr'><strong>esses</strong></span> <span class='ocrx_word' id='word_1_525' title='bbox 2528 762 2732 831; x_wconf 80' lang='lat' dir='ltr'><strong>junior,</strong></span> <span class='ocrx_word' id='word_1_526' title='bbox 2780 764 3034 836; x_wconf 84' lang='lat' dir='ltr'><strong>cingebas</strong></span> <span class='ocrx_word' id='word_1_527' title='bbox 3086 774 3159 829; x_wconf 92' lang='lat' dir='ltr'><strong>te,</strong></span> <span class='ocrx_word' id='word_1_528' title='bbox 3203 772 3256 818; x_wconf 90' lang='lat' dir='ltr'><strong>et</strong></span> <span class='ocrx_word' id='word_1_529' title='bbox 3313 761 3631 819; x_wconf 84' lang='lat' dir='ltr'><strong>ambulabas</strong></span> 
     </span>
    </p>
   </div>
   <div class='ocr_carea' id='block_1_67' title="bbox 2049 849 3655 920">
    <p class='ocr_par' dir='ltr' id='par_1_67' title="bbox 2049 849 3655 920">
     <span class='ocr_line' id='line_1_67' title="bbox 2049 849 3655 920; baseline 0.002 -17"><span class='ocrx_word' id='word_1_530' title='bbox 2049 865 2156 920; x_wconf 92' lang='lat' dir='ltr'><strong>quo</strong></span> <span class='ocrx_word' id='word_1_531' title='bbox 2190 849 2411 907; x_wconf 88' lang='lat' dir='ltr'><strong>volebas</strong></span> <span class='ocrx_word' id='word_1_532' title='bbox 2442 870 2457 907; x_wconf 89' lang='lat'><strong>:</strong></span> <span class='ocrx_word' id='word_1_533' title='bbox 2485 867 2606 908; x_wconf 90' lang='lat' dir='ltr'><strong>cum</strong></span> <span class='ocrx_word' id='word_1_534' title='bbox 2642 863 2821 909; x_wconf 89' lang='lat' dir='ltr'><strong>autem</strong></span> <span class='ocrx_word' id='word_1_535' title='bbox 2853 855 3119 918; x_wconf 74' lang='lat' dir='ltr'><strong>senseris,</strong></span> <span class='ocrx_word' id='word_1_536' title='bbox 3147 854 3408 910; x_wconf 86' lang='lat' dir='ltr'><strong>extendes</strong></span> <span class='ocrx_word' id='word_1_537' title='bbox 3439 860 3655 906; x_wconf 88' lang='lat' dir='ltr'><strong>manus‘</strong></span> 
     </span>
    </p>
   </div>
   <div class='ocr_carea' id='block_1_68' title="bbox 2052 943 3633 1016">
    <p class='ocr_par' dir='ltr' id='par_1_68' title="bbox 2052 943 3633 1016">
     <span class='ocr_line' id='line_1_68' title="bbox 2052 943 3633 1016; baseline 0.001 -19"><span class='ocrx_word' id='word_1_538' title='bbox 2052 952 2190 1008; x_wconf 88' lang='lat' dir='ltr'><strong>tuas,</strong></span> <span class='ocrx_word' id='word_1_539' title='bbox 2221 951 2274 999; x_wconf 90' lang='lat' dir='ltr'><strong>et</strong></span> <span class='ocrx_word' id='word_1_540' title='bbox 2307 943 2442 1001; x_wconf 90' lang='lat' dir='ltr'><strong>alius</strong></span> <span class='ocrx_word' id='word_1_541' title='bbox 2478 955 2529 1000; x_wconf 87' lang='lat' dir='ltr'><strong>te</strong></span> <span class='ocrx_word' id='word_1_542' title='bbox 2561 947 2762 1015; x_wconf 90' lang='lat' dir='ltr'><strong>cinget,</strong></span> <span class='ocrx_word' id='word_1_543' title='bbox 2797 956 2852 1003; x_wconf 91' lang='lat' dir='ltr'><strong>et</strong></span> <span class='ocrx_word' id='word_1_544' title='bbox 2879 948 3039 1002; x_wconf 87' lang='lat' dir='ltr'><strong>ducet</strong></span> <span class='ocrx_word' id='word_1_545' title='bbox 3073 961 3179 1016; x_wconf 88' lang='lat' dir='ltr'><strong>quo</strong></span> <span class='ocrx_word' id='word_1_546' title='bbox 3225 961 3333 1001; x_wconf 93' lang='lat' dir='ltr'><strong>non</strong></span> <span class='ocrx_word' id='word_1_547' title='bbox 3363 946 3465 1001; x_wconf 82' lang='lat' dir='ltr'><strong>vis.</strong></span> <span class='ocrx_word' id='word_1_548' title='bbox 3517 943 3633 999; x_wconf 73' lang='lat' dir='ltr'><strong>[loc</strong></span> 
     </span>
    </p>
   </div>
   <div class='ocr_carea' id='block_1_69' title="bbox 2052 1032 3633 1105">
    <p class='ocr_par' dir='ltr' id='par_1_69' title="bbox 2052 1032 3633 1105">
     <span class='ocr_line' id='line_1_69' title="bbox 2052 1032 3633 1105; baseline 0.002 -21"><span class='ocrx_word' id='word_1_549' title='bbox 2052 1041 2232 1086; x_wconf 90' lang='lat' dir='ltr'><strong>autem</strong></span> <span class='ocrx_word' id='word_1_550' title='bbox 2276 1032 2433 1100; x_wconf 91' lang='lat' dir='ltr'><strong>dixit,</strong></span> <span class='ocrx_word' id='word_1_551' title='bbox 2489 1034 2800 1104; x_wconf 87' lang='lat' dir='ltr'><strong>signiﬁcans</strong></span> <span class='ocrx_word' id='word_1_552' title='bbox 2855 1050 2960 1105; x_wconf 92' lang='lat' dir='ltr'><strong>qua</strong></span> <span class='ocrx_word' id='word_1_553' title='bbox 3010 1045 3183 1089; x_wconf 88' lang='lat' dir='ltr'><strong>morte</strong></span> <span class='ocrx_word' id='word_1_554' title='bbox 3233 1034 3633 1104; x_wconf 82' lang='lat' dir='ltr'><strong>gloriﬁcaturns</strong></span> 
     </span>
    </p>
   </div>
   <div class='ocr_carea' id='block_1_70' title="bbox 2052 1125 3637 1198">
    <p class='ocr_par' dir='ltr' id='par_1_70' title="bbox 2052 1125 3637 1198">
     <span class='ocr_line' id='line_1_70' title="bbox 2052 1125 3637 1198; baseline -0.001 -18"><span class='ocrx_word' id='word_1_555' title='bbox 2052 1134 2196 1181; x_wconf 82' lang='lat' dir='ltr'><strong>esset</strong></span> <span class='ocrx_word' id='word_1_556' title='bbox 2228 1125 2420 1182; x_wconf 90' lang='lat' dir='ltr'><strong>Deum.</strong></span> <span class='ocrx_word' id='word_1_557' title='bbox 2452 1145 2472 1180; x_wconf 90' lang='grc' dir='ltr'><strong>ι</strong></span> <span class='ocrx_word' id='word_1_558' title='bbox 2510 1127 2643 1184; x_wconf 90' lang='lat' dir='ltr'><strong>Cum</strong></span> <span class='ocrx_word' id='word_1_559' title='bbox 2671 1128 2879 1198; x_wconf 85' lang='lat' dir='ltr'><strong>prandii</strong></span> <span class='ocrx_word' id='word_1_560' title='bbox 2923 1129 3086 1183; x_wconf 90' lang='lat' dir='ltr'><strong>ﬁnem</strong></span> <span class='ocrx_word' id='word_1_561' title='bbox 3109 1129 3222 1198; x_wconf 80' lang='lat' dir='ltr'><strong>ipse</strong></span> <span class='ocrx_word' id='word_1_562' title='bbox 3272 1126 3509 1193; x_wconf 75' lang='lat' dir='ltr'><strong>fecisset,</strong></span> <span class='ocrx_word' id='word_1_563' title='bbox 3553 1135 3637 1180; x_wconf 84' lang='lat' dir='ltr'><strong>to-</strong></span> 
     </span>
    </p>
   </div>
   <div class='ocr_carea' id='block_1_71' title="bbox 2055 1217 3633 1291">
    <p class='ocr_par' dir='ltr' id='par_1_71' title="bbox 2055 1217 3633 1291">
     <span class='ocr_line' id='line_1_71' title="bbox 2055 1217 3633 1291; baseline -0.001 -17"><span class='ocrx_word' id='word_1_564' title='bbox 2055 1219 2159 1274; x_wconf 90' lang='lat' dir='ltr'><strong>tius</strong></span> <span class='ocrx_word' id='word_1_565' title='bbox 2182 1217 2331 1274; x_wconf 83' lang='lat' dir='ltr'><strong>orbis</strong></span> <span class='ocrx_word' id='word_1_566' title='bbox 2365 1220 2545 1275; x_wconf 89' lang='lat' dir='ltr'><strong>ovium</strong></span> <span class='ocrx_word' id='word_1_567' title='bbox 2574 1221 2952 1291; x_wconf 65' lang='lat' dir='ltr'><strong>prafecturam</strong></span> <span class='ocrx_word' id='word_1_568' title='bbox 2987 1221 3149 1276; x_wconf 88' lang='lat' dir='ltr'><strong>Petro</strong></span> <span class='ocrx_word' id='word_1_569' title='bbox 3173 1219 3465 1275; x_wconf 86' lang='lat' dir='ltr'><strong>committit</strong></span> <span class='ocrx_word' id='word_1_570' title='bbox 3487 1236 3501 1273; x_wconf 88' lang='lat'><strong>:</strong></span> <span class='ocrx_word' id='word_1_571' title='bbox 3525 1234 3633 1273; x_wconf 89' lang='lat' dir='ltr'><strong>non</strong></span> 
     </span>
    </p>
   </div>
   <div class='ocr_carea' id='block_1_72' title="bbox 2055 1310 3632 1381">
    <p class='ocr_par' dir='ltr' id='par_1_72' title="bbox 2055 1310 3632 1381">
     <span class='ocr_line' id='line_1_72' title="bbox 2055 1310 3632 1381; baseline -0.001 -18"><span class='ocrx_word' id='word_1_572' title='bbox 2055 1319 2236 1365; x_wconf 88' lang='lat' dir='ltr'><strong>autem</strong></span> <span class='ocrx_word' id='word_1_573' title='bbox 2262 1310 2375 1374; x_wconf 84' lang='lat' dir='ltr'><strong>alii,</strong></span> <span class='ocrx_word' id='word_1_574' title='bbox 2406 1312 2502 1366; x_wconf 87' lang='lat' dir='ltr'><strong>sed</strong></span> <span class='ocrx_word' id='word_1_575' title='bbox 2536 1311 2663 1367; x_wconf 85' lang='lat' dir='ltr'><strong>huic</strong></span> <span class='ocrx_word' id='word_1_576' title='bbox 2704 1311 2895 1376; x_wconf 85' lang='lat' dir='ltr'><strong>tradit,</strong></span> <span class='ocrx_word' id='word_1_577' title='bbox 2949 1310 3182 1381; x_wconf 86' lang='lat' dir='ltr'><strong>primum</strong></span> <span class='ocrx_word' id='word_1_578' title='bbox 3243 1312 3462 1381; x_wconf 86' lang='lat' dir='ltr'><strong>quidem</strong></span> <span class='ocrx_word' id='word_1_579' title='bbox 3508 1311 3632 1377; x_wconf 87' lang='lat' dir='ltr'><strong>quia</strong></span> 
     </span>
    </p>
   </div>
   <div class='ocr_carea' id='block_1_73' title="bbox 2055 1403 3635 1474">
    <p class='ocr_par' dir='ltr' id='par_1_73' title="bbox 2055 1403 3635 1474">
     <span class='ocr_line' id='line_1_73' title="bbox 2055 1403 3635 1474; baseline -0.002 -16"><span class='ocrx_word' id='word_1_580' title='bbox 2055 1417 2247 1459; x_wconf 86' lang='lat' dir='ltr'><strong>omnes</strong></span> <span class='ocrx_word' id='word_1_581' title='bbox 2281 1404 2642 1474; x_wconf 84' lang='lat' dir='ltr'><strong>praecellebat,</strong></span> <span class='ocrx_word' id='word_1_582' title='bbox 2675 1414 2730 1461; x_wconf 90' lang='lat' dir='ltr'><strong>et</strong></span> <span class='ocrx_word' id='word_1_583' title='bbox 2760 1406 2929 1462; x_wconf 85' lang='lat' dir='ltr'><strong>totius</strong></span> <span class='ocrx_word' id='word_1_584' title='bbox 2963 1413 3136 1460; x_wconf 78' lang='lat' dir='ltr'><strong>coetus</strong></span> <span class='ocrx_word' id='word_1_585' title='bbox 3161 1418 3226 1459; x_wconf 90' lang='lat' dir='ltr'><strong>os</strong></span> <span class='ocrx_word' id='word_1_586' title='bbox 3253 1413 3371 1460; x_wconf 89' lang='lat' dir='ltr'><strong>erat</strong></span> <span class='ocrx_word' id='word_1_587' title='bbox 3395 1419 3411 1469; x_wconf 88' lang='lat'><strong>;</strong></span> <span class='ocrx_word' id='word_1_588' title='bbox 3438 1403 3635 1457; x_wconf 90' lang='lat' dir='ltr'><strong>deinde</strong></span> 
     </span>
    </p>
   </div>
   <div class='ocr_carea' id='block_1_74' title="bbox 2053 1496 3639 1569">
    <p class='ocr_par' dir='ltr' id='par_1_74' title="bbox 2053 1496 3639 1569">
     <span class='ocr_line' id='line_1_74' title="bbox 2053 1496 3639 1569; baseline -0.003 -18"><span class='ocrx_word' id='word_1_589' title='bbox 2053 1497 2348 1553; x_wconf 87' lang='lat' dir='ltr'><strong>ostendens</strong></span> <span class='ocrx_word' id='word_1_590' title='bbox 2382 1498 2506 1569; x_wconf 87' lang='lat' dir='ltr'><strong>ipsi,</strong></span> <span class='ocrx_word' id='word_1_591' title='bbox 2535 1498 2784 1554; x_wconf 89' lang='lat' dir='ltr'><strong>ﬁduciam</strong></span> <span class='ocrx_word' id='word_1_592' title='bbox 2812 1513 2934 1553; x_wconf 87' lang='lat' dir='ltr'><strong>esse</strong></span> <span class='ocrx_word' id='word_1_593' title='bbox 2964 1497 3305 1563; x_wconf 87' lang='lat' dir='ltr'><strong>sumendam,</strong></span> <span class='ocrx_word' id='word_1_594' title='bbox 3351 1496 3639 1566; x_wconf 82' lang='lat' dir='ltr'><strong>negatione</strong></span> 
     </span>
    </p>
   </div>
   <div class='ocr_carea' id='block_1_75' title="bbox 2053 1586 3639 1659">
    <p class='ocr_par' dir='ltr' id='par_1_75' title="bbox 2053 1586 3639 1659">
     <span class='ocr_line' id='line_1_75' title="bbox 2053 1586 3639 1659; baseline -0.001 -19"><span class='ocrx_word' id='word_1_595' title='bbox 2053 1586 2201 1642; x_wconf 84' lang='lat' dir='ltr'><strong>velut</strong></span> <span class='ocrx_word' id='word_1_596' title='bbox 2229 1586 2427 1652; x_wconf 86' lang='lat' dir='ltr'><strong>deleta,</strong></span> <span class='ocrx_word' id='word_1_597' title='bbox 2450 1597 2505 1643; x_wconf 92' lang='lat' dir='ltr'><strong>et</strong></span> <span class='ocrx_word' id='word_1_598' title='bbox 2528 1588 2781 1644; x_wconf 88' lang='lat' dir='ltr'><strong>oblivioni</strong></span> <span class='ocrx_word' id='word_1_599' title='bbox 2814 1589 3010 1644; x_wconf 89' lang='lat' dir='ltr'><strong>tradita</strong></span> <span class='ocrx_word' id='word_1_600' title='bbox 3033 1605 3050 1656; x_wconf 88' lang='lat'><strong>;</strong></span> <span class='ocrx_word' id='word_1_601' title='bbox 3072 1597 3125 1644; x_wconf 88' lang='lat' dir='ltr'><strong>et</strong></span> <span class='ocrx_word' id='word_1_602' title='bbox 3153 1590 3495 1659; x_wconf 79' lang='lat' dir='ltr'><strong>negationem</strong></span> <span class='ocrx_word' id='word_1_603' title='bbox 3518 1588 3639 1655; x_wconf 89' lang='lat' dir='ltr'><strong>qui-</strong></span> 
     </span>
    </p>
   </div>
   <div class='ocr_carea' id='block_1_76' title="bbox 2056 1678 3637 1753">
    <p class='ocr_par' dir='ltr' id='par_1_76' title="bbox 2056 1678 3637 1753">
     <span class='ocr_line' id='line_1_76' title="bbox 2056 1678 3637 1753; baseline -0.001 -20"><span class='ocrx_word' id='word_1_604' title='bbox 2056 1680 2175 1737; x_wconf 87' lang='lat' dir='ltr'><strong>dem</strong></span> <span class='ocrx_word' id='word_1_605' title='bbox 2210 1695 2315 1736; x_wconf 91' lang='lat' dir='ltr'><strong>non</strong></span> <span class='ocrx_word' id='word_1_606' title='bbox 2370 1680 2599 1752; x_wconf 81' lang='lat' dir='ltr'><strong>profert,</strong></span> <span class='ocrx_word' id='word_1_607' title='bbox 2652 1694 2827 1753; x_wconf 84' lang='lat' dir='ltr'><strong>neque</strong></span> <span class='ocrx_word' id='word_1_608' title='bbox 2877 1682 3190 1751; x_wconf 76' lang='lat' dir='ltr'><strong>exprobrat,</strong></span> <span class='ocrx_word' id='word_1_609' title='bbox 3236 1679 3333 1736; x_wconf 89' lang='lat' dir='ltr'><strong>sed</strong></span> <span class='ocrx_word' id='word_1_610' title='bbox 3380 1680 3531 1744; x_wconf 88' lang='lat' dir='ltr'><strong>dicit,</strong></span> <span class='ocrx_word' id='word_1_611' title='bbox 3579 1678 3637 1732; x_wconf 83' lang='lat' dir='ltr'><strong>Si</strong></span> 
     </span>
    </p>
   </div>
   <div class='ocr_carea' id='block_1_77' title="bbox 2061 1772 3641 1843">
    <p class='ocr_par' dir='ltr' id='par_1_77' title="bbox 2061 1772 3641 1843">
     <span class='ocr_line' id='line_1_77' title="bbox 2061 1772 3641 1843; baseline 0 -18"><span class='ocrx_word' id='word_1_612' title='bbox 2061 1790 2082 1825; x_wconf 80' lang='grc' dir='ltr'><strong>ι</strong></span> <span class='ocrx_word' id='word_1_613' title='bbox 2117 1772 2295 1843; x_wconf 81' lang='lat' dir='ltr'><strong>diligis</strong></span> <span class='ocrx_word' id='word_1_614' title='bbox 2339 1788 2444 1838; x_wconf 88' lang='lat' dir='ltr'><strong>me,</strong></span> <span class='ocrx_word' id='word_1_615' title='bbox 2485 1791 2504 1824; x_wconf 81' lang='grc' dir='ltr'><strong>ι</strong></span> <span class='ocrx_word' id='word_1_616' title='bbox 2535 1772 2766 1830; x_wconf 77' lang='lat' dir='ltr'><strong>fratrum</strong></span> <span class='ocrx_word' id='word_1_617' title='bbox 2804 1788 2990 1830; x_wconf 79' lang='lat' dir='ltr'><strong>curam</strong></span> <span class='ocrx_word' id='word_1_618' title='bbox 3011 1774 3309 1842; x_wconf 76' lang='lat' dir='ltr'><strong>suscipito;</strong></span> <span class='ocrx_word' id='word_1_619' title='bbox 3346 1781 3400 1825; x_wconf 89' lang='lat' dir='ltr'><strong>et</strong></span> <span class='ocrx_word' id='word_1_620' title='bbox 3425 1772 3641 1826; x_wconf 83' lang='lat' dir='ltr'><strong>ferven-</strong></span> 
     </span>
    </p>
   </div>
   <div class='ocr_carea' id='block_1_78' title="bbox 2058 1862 3668 1936">
    <p class='ocr_par' dir='ltr' id='par_1_78' title="bbox 2058 1862 3668 1936">
     <span class='ocr_line' id='line_1_78' title="bbox 2058 1862 3668 1936; baseline 0 -19"><span class='ocrx_word' id='word_1_621' title='bbox 2058 1876 2162 1921; x_wconf 90' lang='lat' dir='ltr'><strong>tem</strong></span> <span class='ocrx_word' id='word_1_622' title='bbox 2192 1865 2335 1918; x_wconf 87' lang='lat' dir='ltr'><strong>ill-am</strong></span> <span class='ocrx_word' id='word_1_623' title='bbox 2361 1864 2703 1931; x_wconf 80' lang='lat' dir='ltr'><strong>cbaritatem,</strong></span> <span class='ocrx_word' id='word_1_624' title='bbox 2726 1880 2890 1936; x_wconf 90' lang='lat' dir='ltr'><strong>quam</strong></span> <span class='ocrx_word' id='word_1_625' title='bbox 2914 1881 3041 1936; x_wconf 89' lang='lat' dir='ltr'><strong>erga</strong></span> <span class='ocrx_word' id='word_1_626' title='bbox 3066 1881 3152 1921; x_wconf 91' lang='lat' dir='ltr'><strong>me</strong></span> <span class='ocrx_word' id='word_1_627' title='bbox 3179 1865 3398 1922; x_wconf 87' lang='lat' dir='ltr'><strong>dicebas</strong></span> <span class='ocrx_word' id='word_1_628' title='bbox 3440 1862 3668 1918; x_wconf 76' lang='lat' dir='ltr'><strong>habere</strong></span> 
     </span>
    </p>
   </div>
   <div class='ocr_carea' id='block_1_79' title="bbox 2056 1954 3636 2028">
    <p class='ocr_par' dir='ltr' id='par_1_79' title="bbox 2056 1954 3636 2028">
     <span class='ocr_line' id='line_1_79' title="bbox 2056 1954 3636 2028; baseline -0.002 -17"><span class='ocrx_word' id='word_1_629' title='bbox 2056 1966 2129 2019; x_wconf 75' lang='lat' dir='ltr'><strong>te,</strong></span> <span class='ocrx_word' id='word_1_630' title='bbox 2151 1955 2223 2011; x_wconf 89' lang='lat' dir='ltr'><strong>ita</strong></span> <span class='ocrx_word' id='word_1_631' title='bbox 2257 1964 2313 2010; x_wconf 85' lang='lat' dir='ltr'><strong>ut</strong></span> <span class='ocrx_word' id='word_1_632' title='bbox 2351 1969 2450 2024; x_wconf 90' lang='lat' dir='ltr'><strong>pro</strong></span> <span class='ocrx_word' id='word_1_633' title='bbox 2480 1971 2567 2011; x_wconf 90' lang='lat' dir='ltr'><strong>me</strong></span> <span class='ocrx_word' id='word_1_634' title='bbox 2597 1957 2729 2013; x_wconf 93' lang='lat' dir='ltr'><strong>mori</strong></span> <span class='ocrx_word' id='word_1_635' title='bbox 2751 1966 2973 2028; x_wconf 88' lang='lat' dir='ltr'><strong>paratus</strong></span> <span class='ocrx_word' id='word_1_636' title='bbox 3015 1972 3186 2021; x_wconf 82' lang='lat' dir='ltr'><strong>esses,</strong></span> <span class='ocrx_word' id='word_1_637' title='bbox 3216 1972 3359 2012; x_wconf 93' lang='lat' dir='ltr'><strong>nunc</strong></span> <span class='ocrx_word' id='word_1_638' title='bbox 3385 1954 3636 2011; x_wconf 85' lang='lat' dir='ltr'><strong>ostende.</strong></span> 
     </span>
    </p>
   </div>
   <div class='ocr_carea' id='block_1_80' title="bbox 2056 2044 3643 2120">
    <p class='ocr_par' dir='ltr' id='par_1_80' title="bbox 2056 2044 3643 2120">
     <span class='ocr_line' id='line_1_80' title="bbox 2056 2044 3643 2120; baseline 0.002 -21"><span class='ocrx_word' id='word_1_639' title='bbox 2056 2044 2163 2100; x_wconf 87' lang='lat' dir='ltr'><strong>Ter</strong></span> <span class='ocrx_word' id='word_1_640' title='bbox 2196 2054 2375 2101; x_wconf 88' lang='lat' dir='ltr'><strong>autem</strong></span> <span class='ocrx_word' id='word_1_641' title='bbox 2404 2062 2527 2103; x_wconf 89' lang='lat' dir='ltr'><strong>eum</strong></span> <span class='ocrx_word' id='word_1_642' title='bbox 2559 2048 2857 2117; x_wconf 77' lang='lat' dir='ltr'><strong>interrogat</strong></span> <span class='ocrx_word' id='word_1_643' title='bbox 2891 2091 2907 2120; x_wconf 90' lang='lat'><strong>,</strong></span> <span class='ocrx_word' id='word_1_644' title='bbox 2937 2049 3332 2120; x_wconf 87' lang='lat' dir='ltr'><strong>simulquidem</strong></span> <span class='ocrx_word' id='word_1_645' title='bbox 3362 2047 3643 2103; x_wconf 86' lang='lat' dir='ltr'><strong>declarans</strong></span> 
     </span>
    </p>
   </div>
   <div class='ocr_carea' id='block_1_81' title="bbox 2057 2140 3643 2211">
    <p class='ocr_par' dir='ltr' id='par_1_81' title="bbox 2057 2140 3643 2211">
     <span class='ocr_line' id='line_1_81' title="bbox 2057 2140 3643 2211; baseline 0.002 -22"><span class='ocrx_word' id='word_1_646' title='bbox 2057 2146 2316 2206; x_wconf 89' lang='lat' dir='ltr'><strong>quantam</strong></span> <span class='ocrx_word' id='word_1_647' title='bbox 2347 2140 2686 2194; x_wconf 78' lang='lat' dir='ltr'><strong>credentium</strong></span> <span class='ocrx_word' id='word_1_648' title='bbox 2712 2156 2899 2197; x_wconf 86' lang='lat' dir='ltr'><strong>curam</strong></span> <span class='ocrx_word' id='word_1_649' title='bbox 2934 2144 3149 2208; x_wconf 76' lang='lat' dir='ltr'><strong>lia-beat,</strong></span> <span class='ocrx_word' id='word_1_650' title='bbox 3185 2151 3239 2196; x_wconf 91' lang='lat' dir='ltr'><strong>et</strong></span> <span class='ocrx_word' id='word_1_651' title='bbox 3287 2142 3435 2211; x_wconf 75' lang='grc' dir='ltr'>ψιθά</span> <span class='ocrx_word' id='word_1_652' title='bbox 3471 2153 3643 2209; x_wconf 76' lang='lat' dir='ltr'><strong>usque</strong></span> 
     </span>
    </p>
   </div>
   <div class='ocr_carea' id='block_1_82' title="bbox 2057 2232 3642 2303">
    <p class='ocr_par' dir='ltr' id='par_1_82' title="bbox 2057 2232 3642 2303">
     <span class='ocr_line' id='line_1_82' title="bbox 2057 2232 3642 2303; baseline 0.002 -21"><span class='ocrx_word' id='word_1_653' title='bbox 2057 2232 2193 2285; x_wconf 88' lang='lat' dir='ltr'><strong>adeo</strong></span> <span class='ocrx_word' id='word_1_654' title='bbox 2217 2245 2346 2286; x_wconf 86' lang='lat' dir='ltr'><strong>oves</strong></span> <span class='ocrx_word' id='word_1_655' title='bbox 2370 2232 2561 2302; x_wconf 79' lang='lat' dir='ltr'><strong>diligat</strong></span> <span class='ocrx_word' id='word_1_656' title='bbox 2606 2241 2666 2287; x_wconf 95' lang='lat' dir='ltr'><strong>ut</strong></span> <span class='ocrx_word' id='word_1_657' title='bbox 2712 2234 3015 2291; x_wconf 86' lang='lat' dir='ltr'><strong>dilectionis</strong></span> <span class='ocrx_word' id='word_1_658' title='bbox 3056 2250 3187 2302; x_wconf 79' lang='lat' dir='ltr'><strong>erga</strong></span> <span class='ocrx_word' id='word_1_659' title='bbox 3229 2249 3287 2289; x_wconf 90' lang='lat' dir='ltr'><strong>se</strong></span> <span class='ocrx_word' id='word_1_660' title='bbox 3328 2232 3430 2287; x_wconf 83' lang='lat' dir='ltr'><strong>huc</strong></span> <span class='ocrx_word' id='word_1_661' title='bbox 3479 2240 3642 2303; x_wconf 89' lang='lat' dir='ltr'><strong>ponat</strong></span> 
     </span>
    </p>
   </div>
   <div class='ocr_carea' id='block_1_83' title="bbox 2059 2320 3671 2393">
    <p class='ocr_par' dir='ltr' id='par_1_83' title="bbox 2059 2320 3671 2393">
     <span class='ocr_line' id='line_1_83' title="bbox 2059 2320 3671 2393; baseline 0.001 -18"><span class='ocrx_word' id='word_1_662' title='bbox 2059 2320 2341 2389; x_wconf 89' lang='lat' dir='ltr'><strong>iudicium,</strong></span> <span class='ocrx_word' id='word_1_663' title='bbox 2367 2321 2418 2376; x_wconf 84' lang='lat' dir='ltr'><strong>si</strong></span> <span class='ocrx_word' id='word_1_664' title='bbox 2445 2324 2623 2376; x_wconf 82' lang='lat' dir='ltr'><strong>ovium</strong></span> <span class='ocrx_word' id='word_1_665' title='bbox 2660 2337 2847 2378; x_wconf 89' lang='lat' dir='ltr'><strong>curam</strong></span> <span class='ocrx_word' id='word_1_666' title='bbox 2908 2326 3168 2393; x_wconf 81' lang='lat' dir='ltr'><strong>suscipiat</strong></span> <span class='ocrx_word' id='word_1_667' title='bbox 3219 2344 3231 2380; x_wconf 93' lang='lat'><strong>:</strong></span> <span class='ocrx_word' id='word_1_668' title='bbox 3276 2324 3437 2378; x_wconf 75' lang='lat' dir='ltr'><strong>simul</strong></span> <span class='ocrx_word' id='word_1_669' title='bbox 3475 2323 3671 2379; x_wconf 61' lang='lat' dir='ltr'><strong>etiarn’</strong></span> 
     </span>
    </p>
   </div>
   <div class='ocr_carea' id='block_1_84' title="bbox 2059 2410 3644 2482">
    <p class='ocr_par' dir='ltr' id='par_1_84' title="bbox 2059 2410 3644 2482">
     <span class='ocr_line' id='line_1_84' title="bbox 2059 2410 3644 2482; baseline 0.001 -19"><span class='ocrx_word' id='word_1_670' title='bbox 2059 2424 2155 2479; x_wconf 77' lang='lat' dir='ltr'><strong>per</strong></span> <span class='ocrx_word' id='word_1_671' title='bbox 2184 2411 2378 2465; x_wconf 88' lang='lat' dir='ltr'><strong>trinam</strong></span> <span class='ocrx_word' id='word_1_672' title='bbox 2402 2410 2883 2482; x_wconf 76' lang='lat' dir='ltr'><strong>interrogationem</strong></span> <span class='ocrx_word' id='word_1_673' title='bbox 2916 2422 2970 2467; x_wconf 91' lang='lat' dir='ltr'><strong>et</strong></span> <span class='ocrx_word' id='word_1_674' title='bbox 3022 2411 3443 2475; x_wconf 88' lang='lat' dir='ltr'><strong>confessionem,</strong></span> <span class='ocrx_word' id='word_1_675' title='bbox 3487 2412 3644 2466; x_wconf 70' lang='lat' dir='ltr'><strong>trina:</strong></span> 
     </span>
    </p>
   </div>
   <div class='ocr_carea' id='block_1_85' title="bbox 2061 2500 3641 2574">
    <p class='ocr_par' dir='ltr' id='par_1_85' title="bbox 2061 2500 3641 2574">
     <span class='ocr_line' id='line_1_85' title="bbox 2061 2500 3641 2574; baseline 0 -20"><span class='ocrx_word' id='word_1_676' title='bbox 2061 2500 2327 2570; x_wconf 87' lang='lat' dir='ltr'><strong>uegationi</strong></span> <span class='ocrx_word' id='word_1_677' title='bbox 2362 2501 2627 2571; x_wconf 86' lang='lat' dir='ltr'><strong>medetur,</strong></span> <span class='ocrx_word' id='word_1_678' title='bbox 2656 2512 2713 2557; x_wconf 89' lang='lat' dir='ltr'><strong>et</strong></span> <span class='ocrx_word' id='word_1_679' title='bbox 2736 2501 2913 2559; x_wconf 78' lang='lat' dir='ltr'><strong>verbis</strong></span> <span class='ocrx_word' id='word_1_680' title='bbox 2946 2503 3169 2574; x_wconf 87' lang='lat' dir='ltr'><strong>corrigit</strong></span> <span class='ocrx_word' id='word_1_681' title='bbox 3199 2517 3320 2570; x_wconf 71' lang='lat' dir='ltr'><strong>qua:</strong></span> <span class='ocrx_word' id='word_1_682' title='bbox 3360 2517 3455 2570; x_wconf 87' lang='lat' dir='ltr'><strong>per</strong></span> <span class='ocrx_word' id='word_1_683' title='bbox 3480 2502 3641 2556; x_wconf 88' lang='lat' dir='ltr'><strong>verba</strong></span> 
     </span>
    </p>
   </div>
   <div class='ocr_carea' id='block_1_86' title="bbox 2060 2589 3644 2661">
    <p class='ocr_par' dir='ltr' id='par_1_86' title="bbox 2060 2589 3644 2661">
     <span class='ocr_line' id='line_1_86' title="bbox 2060 2589 3644 2661; baseline 0 -17"><span class='ocrx_word' id='word_1_684' title='bbox 2060 2590 2347 2644; x_wconf 88' lang='lat' dir='ltr'><strong>commissa</strong></span> <span class='ocrx_word' id='word_1_685' title='bbox 2373 2589 2588 2647; x_wconf 85' lang='lat' dir='ltr'><strong>fuerant</strong></span> <span class='ocrx_word' id='word_1_686' title='bbox 2609 2602 2850 2661; x_wconf 87' lang='lat' dir='ltr'><strong>peccata.</strong></span> <span class='ocrx_word' id='word_1_687' title='bbox 2875 2590 3013 2646; x_wconf 89' lang='lat' dir='ltr'><strong>llinc</strong></span> <span class='ocrx_word' id='word_1_688' title='bbox 3039 2607 3157 2647; x_wconf 88' lang='lat' dir='ltr'><strong>mos</strong></span> <span class='ocrx_word' id='word_1_689' title='bbox 3170 2590 3427 2661; x_wconf 83' lang='lat' dir='ltr'><strong>invaluit,</strong></span> <span class='ocrx_word' id='word_1_690' title='bbox 3449 2599 3508 2645; x_wconf 93' lang='lat' dir='ltr'><strong>ut</strong></span> <span class='ocrx_word' id='word_1_691' title='bbox 3534 2597 3644 2644; x_wconf 87' lang='lat' dir='ltr'><strong>tres</strong></span> 
     </span>
    </p>
   </div>
   <div class='ocr_carea' id='block_1_87' title="bbox 2062 2678 3644 2752">
    <p class='ocr_par' dir='ltr' id='par_1_87' title="bbox 2062 2678 3644 2752">
     <span class='ocr_line' id='line_1_87' title="bbox 2062 2678 3644 2752; baseline 0.002 -19"><span class='ocrx_word' id='word_1_692' title='bbox 2062 2678 2435 2736; x_wconf 79' lang='lat' dir='ltr'><strong>confessiones</strong></span> <span class='ocrx_word' id='word_1_693' title='bbox 2486 2695 2516 2734; x_wconf 88' lang='lat' dir='ltr'><strong>a</strong></span> <span class='ocrx_word' id='word_1_694' title='bbox 2576 2680 2910 2749; x_wconf 82' lang='lat' dir='ltr'><strong>baptizandis</strong></span> <span class='ocrx_word' id='word_1_695' title='bbox 2975 2682 3216 2751; x_wconf 74' lang='lat' dir='ltr'><strong>exigaut.</strong></span> <span class='ocrx_word' id='word_1_696' title='bbox 3276 2680 3644 2752; x_wconf 86' lang='lat' dir='ltr'><strong>Interrogatus</strong></span> 
     </span>
    </p>
   </div>
   <div class='ocr_carea' id='block_1_88' title="bbox 2064 2770 3646 2844">
    <p class='ocr_par' dir='ltr' id='par_1_88' title="bbox 2064 2770 3646 2844">
     <span class='ocr_line' id='line_1_88' title="bbox 2064 2770 3646 2844; baseline 0.002 -23"><span class='ocrx_word' id='word_1_697' title='bbox 2064 2770 2226 2841; x_wconf 70' lang='lat' dir='ltr'><strong>igitur</strong></span> <span class='ocrx_word' id='word_1_698' title='bbox 2252 2771 2418 2825; x_wconf 87' lang='lat' dir='ltr'><strong>semel</strong></span> <span class='ocrx_word' id='word_1_699' title='bbox 2457 2779 2622 2841; x_wconf 90' lang='lat' dir='ltr'><strong>atque</strong></span> <span class='ocrx_word' id='word_1_700' title='bbox 2669 2771 2888 2837; x_wconf 89' lang='lat' dir='ltr'><strong>itermn,</strong></span> <span class='ocrx_word' id='word_1_701' title='bbox 2940 2772 3115 2844; x_wconf 89' lang='lat' dir='ltr'><strong>ipsum</strong></span> <span class='ocrx_word' id='word_1_702' title='bbox 3140 2773 3230 2842; x_wconf 87' lang='lat' dir='ltr'><strong>qui</strong></span> <span class='ocrx_word' id='word_1_703' title='bbox 3270 2773 3435 2827; x_wconf 89' lang='lat' dir='ltr'><strong>corda</strong></span> <span class='ocrx_word' id='word_1_704' title='bbox 3495 2772 3646 2825; x_wconf 86' lang='lat' dir='ltr'><strong>novit</strong></span> 
     </span>
    </p>
   </div>
   <div class='ocr_carea' id='block_1_89' title="bbox 2065 2861 3644 2933">
    <p class='ocr_par' dir='ltr' id='par_1_89' title="bbox 2065 2861 3644 2933">
     <span class='ocr_line' id='line_1_89' title="bbox 2065 2861 3644 2933; baseline 0.001 -18"><span class='ocrx_word' id='word_1_705' title='bbox 2065 2870 2254 2916; x_wconf 61' lang='lat' dir='ltr'><strong>testem</strong></span> <span class='ocrx_word' id='word_1_706' title='bbox 2298 2861 2547 2930; x_wconf 88' lang='lat' dir='ltr'><strong>advocat,</strong></span> <span class='ocrx_word' id='word_1_707' title='bbox 2572 2878 2676 2916; x_wconf 85' lang='lat' dir='ltr'><strong>non</strong></span> <span class='ocrx_word' id='word_1_708' title='bbox 2705 2862 2936 2933; x_wconf 86' lang='lat' dir='ltr'><strong>amplius</strong></span> <span class='ocrx_word' id='word_1_709' title='bbox 2982 2864 3316 2918; x_wconf 80' lang='lat' dir='ltr'><strong>conﬁdenter</strong></span> <span class='ocrx_word' id='word_1_710' title='bbox 3361 2878 3534 2930; x_wconf 91' lang='lat' dir='ltr'><strong>nequc</strong></span> <span class='ocrx_word' id='word_1_711' title='bbox 3561 2872 3644 2917; x_wconf 81' lang='lat' dir='ltr'><strong>te-</strong></span> 
     </span>
    </p>
   </div>
   <div class='ocr_carea' id='block_1_90' title="bbox 2065 2951 3649 3023">
    <p class='ocr_par' dir='ltr' id='par_1_90' title="bbox 2065 2951 3649 3023">
     <span class='ocr_line' id='line_1_90' title="bbox 2065 2951 3649 3023; baseline 0.001 -18"><span class='ocrx_word' id='word_1_712' title='bbox 2065 2966 2217 3006; x_wconf 84' lang='lat' dir='ltr'><strong>mere</strong></span> <span class='ocrx_word' id='word_1_713' title='bbox 2244 2951 2503 3021; x_wconf 86' lang='lat' dir='ltr'><strong>loqueus;</strong></span> <span class='ocrx_word' id='word_1_714' title='bbox 2533 2954 2627 3009; x_wconf 90' lang='lat' dir='ltr'><strong>sed</strong></span> <span class='ocrx_word' id='word_1_715' title='bbox 2657 2953 2809 3019; x_wconf 90' lang='lat' dir='ltr'><strong>illud,</strong></span> <span class='ocrx_word' id='word_1_716' title='bbox 2848 2973 2868 3007; x_wconf 81' lang='grc' dir='ltr'><strong>ι</strong></span> <span class='ocrx_word' id='word_1_717' title='bbox 2906 2953 2985 3009; x_wconf 90' lang='lat' dir='ltr'><strong>Tu</strong></span> <span class='ocrx_word' id='word_1_718' title='bbox 3020 2955 3149 3020; x_wconf 87' lang='lat' dir='ltr'><strong>scis,</strong></span> <span class='ocrx_word' id='word_1_719' title='bbox 3184 2975 3203 3008; x_wconf 86' lang='grc' dir='ltr'><strong>ι</strong></span> <span class='ocrx_word' id='word_1_720' title='bbox 3234 2954 3431 3023; x_wconf 88' lang='lat' dir='ltr'><strong>ubique</strong></span> <span class='ocrx_word' id='word_1_721' title='bbox 3460 2954 3649 3021; x_wconf 79' lang='lat' dir='ltr'><strong>adjun-</strong></span> 
     </span>
    </p>
   </div>
   <div class='ocr_carea' id='block_1_91' title="bbox 2064 3043 3647 3114">
    <p class='ocr_par' dir='ltr' id='par_1_91' title="bbox 2064 3043 3647 3114">
     <span class='ocr_line' id='line_1_91' title="bbox 2064 3043 3647 3114; baseline 0.003 -17"><span class='ocrx_word' id='word_1_722' title='bbox 2064 3058 2219 3113; x_wconf 89' lang='lat' dir='ltr'><strong>geus.</strong></span> <span class='ocrx_word' id='word_1_723' title='bbox 2252 3043 2389 3099; x_wconf 90' lang='lat' dir='ltr'><strong>Cum</strong></span> <span class='ocrx_word' id='word_1_724' title='bbox 2408 3046 2572 3099; x_wconf 88' lang='lat' dir='ltr'><strong>etiam</strong></span> <span class='ocrx_word' id='word_1_725' title='bbox 2620 3046 2779 3102; x_wconf 86' lang='lat' dir='ltr'><strong>tertio</strong></span> <span class='ocrx_word' id='word_1_726' title='bbox 2823 3045 3189 3114; x_wconf 86' lang='lat' dir='ltr'><strong>interrogatus</strong></span> <span class='ocrx_word' id='word_1_727' title='bbox 3237 3057 3379 3102; x_wconf 85' lang='lat' dir='ltr'><strong>esset</strong></span> <span class='ocrx_word' id='word_1_728' title='bbox 3433 3044 3647 3109; x_wconf 62' lang='lat' dir='ltr'><strong>Petrus,</strong></span> 
     </span>
    </p>
   </div>
   <div class='ocr_carea' id='block_1_92' title="bbox 2071 3135 3647 3208">
    <p class='ocr_par' dir='ltr' id='par_1_92' title="bbox 2071 3135 3647 3208">
     <span class='ocr_line' id='line_1_92' title="bbox 2071 3135 3647 3208; baseline 0.003 -21"><span class='ocrx_word' id='word_1_729' title='bbox 2071 3135 2316 3191; x_wconf 86' lang='lat' dir='ltr'><strong>turbatus</strong></span> <span class='ocrx_word' id='word_1_730' title='bbox 2343 3144 2448 3200; x_wconf 89' lang='lat' dir='ltr'><strong>est,</strong></span> <span class='ocrx_word' id='word_1_731' title='bbox 2481 3146 2727 3192; x_wconf 89' lang='lat' dir='ltr'><strong>metuens</strong></span> <span class='ocrx_word' id='word_1_732' title='bbox 2759 3151 2824 3192; x_wconf 91' lang='lat' dir='ltr'><strong>ne</strong></span> <span class='ocrx_word' id='word_1_733' title='bbox 2857 3136 2995 3193; x_wconf 83' lang='lat' dir='ltr'><strong>forte</strong></span> <span class='ocrx_word' id='word_1_734' title='bbox 3040 3139 3156 3207; x_wconf 72' lang='lat' dir='ltr'><strong>ipse</strong></span> <span class='ocrx_word' id='word_1_735' title='bbox 3198 3139 3410 3208; x_wconf 85' lang='lat' dir='ltr'><strong>quidem</strong></span> <span class='ocrx_word' id='word_1_736' title='bbox 3453 3138 3647 3197; x_wconf 87' lang='lat' dir='ltr'><strong>existi-</strong></span> 
     </span>
    </p>
   </div>
   <div class='ocr_carea' id='block_1_93' title="bbox 2071 3226 3650 3299">
    <p class='ocr_par' dir='ltr' id='par_1_93' title="bbox 2071 3226 3650 3299">
     <span class='ocr_line' id='line_1_93' title="bbox 2071 3226 3650 3299; baseline 0.001 -19"><span class='ocrx_word' id='word_1_737' title='bbox 2071 3237 2243 3282; x_wconf 86' lang='lat' dir='ltr'><strong>maret</strong></span> <span class='ocrx_word' id='word_1_738' title='bbox 2286 3241 2347 3282; x_wconf 88' lang='lat' dir='ltr'><strong>se</strong></span> <span class='ocrx_word' id='word_1_739' title='bbox 2387 3226 2632 3298; x_wconf 84' lang='lat' dir='ltr'><strong>diligere,</strong></span> <span class='ocrx_word' id='word_1_740' title='bbox 2691 3242 2796 3284; x_wconf 90' lang='lat' dir='ltr'><strong>non</strong></span> <span class='ocrx_word' id='word_1_741' title='bbox 2849 3228 3095 3299; x_wconf 84' lang='lat' dir='ltr'><strong>diligeret</strong></span> <span class='ocrx_word' id='word_1_742' title='bbox 3144 3239 3344 3285; x_wconf 88' lang='lat' dir='ltr'><strong>tamen.</strong></span> <span class='ocrx_word' id='word_1_743' title='bbox 3404 3229 3538 3283; x_wconf 82' lang='lat' dir='ltr'><strong>Nam</strong></span> <span class='ocrx_word' id='word_1_744' title='bbox 3595 3235 3650 3283; x_wconf 90' lang='lat' dir='ltr'><strong>et</strong></span> 
     </span>
    </p>
   </div>
   <div class='ocr_carea' id='block_1_94' title="bbox 2069 3316 3651 3387">
    <p class='ocr_par' dir='ltr' id='par_1_94' title="bbox 2069 3316 3651 3387">
     <span class='ocr_line' id='line_1_94' title="bbox 2069 3316 3651 3387; baseline -0.001 -18"><span class='ocrx_word' id='word_1_745' title='bbox 2069 3316 2220 3384; x_wconf 87' lang='lat' dir='ltr'><strong>prius</strong></span> <span class='ocrx_word' id='word_1_746' title='bbox 2243 3332 2367 3372; x_wconf 88' lang='lat' dir='ltr'><strong>cum</strong></span> <span class='ocrx_word' id='word_1_747' title='bbox 2395 3317 2562 3372; x_wconf 88' lang='lat' dir='ltr'><strong>multa</strong></span> <span class='ocrx_word' id='word_1_748' title='bbox 2602 3332 2662 3373; x_wconf 90' lang='lat' dir='ltr'><strong>se</strong></span> <span class='ocrx_word' id='word_1_749' title='bbox 2684 3331 2841 3387; x_wconf 87' lang='lat' dir='ltr'><strong>posse</strong></span> <span class='ocrx_word' id='word_1_750' title='bbox 2888 3318 3246 3373; x_wconf 85' lang='lat' dir='ltr'><strong>arbitraretur</strong></span> <span class='ocrx_word' id='word_1_751' title='bbox 3299 3327 3458 3386; x_wconf 86' lang='lat' dir='ltr'><strong>atque</strong></span> <span class='ocrx_word' id='word_1_752' title='bbox 3497 3332 3651 3374; x_wconf 80' lang='lat' dir='ltr'><strong>asse-</strong></span> 
     </span>
    </p>
   </div>
   <div class='ocr_carea' id='block_1_95' title="bbox 2072 3406 3681 3478">
    <p class='ocr_par' dir='ltr' id='par_1_95' title="bbox 2072 3406 3681 3478">
     <span class='ocr_line' id='line_1_95' title="bbox 2072 3406 3681 3478; baseline -0.002 -15"><span class='ocrx_word' id='word_1_753' title='bbox 2072 3417 2308 3473; x_wconf 69' lang='lat' dir='ltr'><strong>veraret,</strong></span> <span class='ocrx_word' id='word_1_754' title='bbox 2338 3418 2522 3477; x_wconf 89' lang='lat' dir='ltr'><strong>postea</strong></span> <span class='ocrx_word' id='word_1_755' title='bbox 2577 3408 2861 3464; x_wconf 83' lang='lat' dir='ltr'><strong>convictus</strong></span> <span class='ocrx_word' id='word_1_756' title='bbox 2913 3416 3019 3462; x_wconf 86' lang='lat' dir='ltr'><strong>est.</strong></span> <span class='ocrx_word' id='word_1_757' title='bbox 3077 3406 3207 3461; x_wconf 88' lang='lat' dir='ltr'><strong>Illud</strong></span> <span class='ocrx_word' id='word_1_758' title='bbox 3255 3409 3435 3478; x_wconf 86' lang='lat' dir='ltr'><strong>itaque</strong></span> <span class='ocrx_word' id='word_1_759' title='bbox 3483 3408 3681 3464; x_wconf 83' lang='lat' dir='ltr'><strong>ctiam&#39;</strong></span> 
     </span>
    </p>
   </div>
   <div class='ocr_carea' id='block_1_96' title="bbox 2075 3499 3648 3571">
    <p class='ocr_par' dir='ltr' id='par_1_96' title="bbox 2075 3499 3648 3571">
     <span class='ocr_line' id='line_1_96' title="bbox 2075 3499 3648 3571; baseline 0.001 -20"><span class='ocrx_word' id='word_1_760' title='bbox 2075 3513 2217 3551; x_wconf 91' lang='lat' dir='ltr'><strong>nunc</strong></span> <span class='ocrx_word' id='word_1_761' title='bbox 2247 3499 2538 3565; x_wconf 84' lang='lat' dir='ltr'><strong>metuebat,</strong></span> <span class='ocrx_word' id='word_1_762' title='bbox 2571 3509 2625 3554; x_wconf 89' lang='lat' dir='ltr'><strong>et</strong></span> <span class='ocrx_word' id='word_1_763' title='bbox 2665 3508 2950 3569; x_wconf 86' lang='lat' dir='ltr'><strong>propterea</strong></span> <span class='ocrx_word' id='word_1_764' title='bbox 2999 3500 3302 3555; x_wconf 83' lang='lat' dir='ltr'><strong>verecunde</strong></span> <span class='ocrx_word' id='word_1_765' title='bbox 3340 3503 3648 3571; x_wconf 83' lang='lat' dir='ltr'><strong>respondet,</strong></span> 
     </span>
    </p>
   </div>
   <div class='ocr_carea' id='block_1_97' title="bbox 2075 3589 3650 3662">
    <p class='ocr_par' dir='ltr' id='par_1_97' title="bbox 2075 3589 3650 3662">
     <span class='ocr_line' id='line_1_97' title="bbox 2075 3589 3650 3662; baseline 0.001 -18"><span class='ocrx_word' id='word_1_766' title='bbox 2075 3589 2262 3647; x_wconf 88' lang='lat' dir='ltr'><strong>dicens</strong></span> <span class='ocrx_word' id='word_1_767' title='bbox 2292 3603 2308 3642; x_wconf 92' lang='lat'><strong>:</strong></span> <span class='ocrx_word' id='word_1_768' title='bbox 2334 3608 2356 3642; x_wconf 77' lang='grc' dir='ltr'><strong>ι</strong></span> <span class='ocrx_word' id='word_1_769' title='bbox 2385 3589 2632 3654; x_wconf 90' lang='lat' dir='ltr'><strong>Domine,</strong></span> <span class='ocrx_word' id='word_1_770' title='bbox 2665 3601 2718 3645; x_wconf 89' lang='lat' dir='ltr'><strong>tu</strong></span> <span class='ocrx_word' id='word_1_771' title='bbox 2751 3593 2929 3646; x_wconf 91' lang='lat' dir='ltr'><strong>omnia</strong></span> <span class='ocrx_word' id='word_1_772' title='bbox 2951 3591 3113 3655; x_wconf 88' lang='lat' dir='ltr'><strong>nosti,</strong></span> <span class='ocrx_word' id='word_1_773' title='bbox 3142 3610 3161 3643; x_wconf 82' lang='lat' dir='ltr'><strong>I</strong></span> <span class='ocrx_word' id='word_1_774' title='bbox 3189 3592 3352 3662; x_wconf 76' lang='lat' dir='ltr'><strong>77o</strong></span> <span class='ocrx_word' id='word_1_775' title='bbox 3374 3601 3484 3645; x_wconf 90' lang='lat' dir='ltr'><strong>tum</strong></span> <span class='ocrx_word' id='word_1_776' title='bbox 3514 3606 3650 3659; x_wconf 71' lang='lat' dir='ltr'><strong>pra:-</strong></span> 
     </span>
    </p>
   </div>
   <div class='ocr_carea' id='block_1_98' title="bbox 2076 3677 3645 3750">
    <p class='ocr_par' dir='ltr' id='par_1_98' title="bbox 2076 3677 3645 3750">
     <span class='ocr_line' id='line_1_98' title="bbox 2076 3677 3645 3750; baseline -0.002 -16"><span class='ocrx_word' id='word_1_777' title='bbox 2076 3680 2247 3734; x_wconf 84' lang='lat' dir='ltr'><strong>seutia</strong></span> <span class='ocrx_word' id='word_1_778' title='bbox 2282 3687 2393 3743; x_wconf 85' lang='lat' dir='ltr'><strong>tum</strong></span> <span class='ocrx_word' id='word_1_779' title='bbox 2425 3677 2604 3733; x_wconf 86' lang='lat' dir='ltr'><strong>futura</strong></span> <span class='ocrx_word' id='word_1_780' title='bbox 2633 3697 2647 3734; x_wconf 88' lang='lat'><strong>:</strong></span> <span class='ocrx_word' id='word_1_781' title='bbox 2678 3697 2697 3731; x_wconf 85' lang='grc' dir='ltr'><strong>ι</strong></span> <span class='ocrx_word' id='word_1_782' title='bbox 2725 3688 2778 3733; x_wconf 87' lang='grc' dir='ltr'><strong>ιιι</strong></span> <span class='ocrx_word' id='word_1_783' title='bbox 2839 3681 2949 3735; x_wconf 87' lang='lat' dir='ltr'><strong>scis</strong></span> <span class='ocrx_word' id='word_1_784' title='bbox 2981 3681 3123 3750; x_wconf 78' lang='lat' dir='ltr'><strong>Quod</strong></span> <span class='ocrx_word' id='word_1_785' title='bbox 3157 3696 3301 3736; x_wconf 90' lang='lat' dir='ltr'><strong>nunc</strong></span> <span class='ocrx_word' id='word_1_786' title='bbox 3323 3689 3376 3734; x_wconf 88' lang='lat' dir='ltr'><strong>te</strong></span> <span class='ocrx_word' id='word_1_787' title='bbox 3396 3694 3593 3744; x_wconf 80' lang='lat' dir='ltr'><strong>autem,</strong></span> <span class='ocrx_word' id='word_1_788' title='bbox 3625 3699 3645 3731; x_wconf 86' lang='grc' dir='ltr'><strong>ι</strong></span> 
     </span>
    </p>
   </div>
   <div class='ocr_carea' id='block_1_99' title="bbox 2078 3770 3652 3839">
    <p class='ocr_par' dir='ltr' id='par_1_99' title="bbox 2078 3770 3652 3839">
     <span class='ocr_line' id='line_1_99' title="bbox 2078 3770 3652 3839; baseline 0.001 -14"><span class='ocrx_word' id='word_1_789' title='bbox 2078 3780 2136 3825; x_wconf 87' lang='lat' dir='ltr'><strong>ut</strong></span> <span class='ocrx_word' id='word_1_790' title='bbox 2177 3770 2305 3825; x_wconf 84' lang='lat' dir='ltr'><strong>mihi</strong></span> <span class='ocrx_word' id='word_1_791' title='bbox 2356 3771 2571 3839; x_wconf 88' lang='lat' dir='ltr'><strong>quidem</strong></span> <span class='ocrx_word' id='word_1_792' title='bbox 2635 3772 2864 3826; x_wconf 84' lang='lat' dir='ltr'><strong>videtur.</strong></span> <span class='ocrx_word' id='word_1_793' title='bbox 2925 3772 3215 3838; x_wconf 67' lang='lat' dir='ltr'><strong>Caeterum,</strong></span> <span class='ocrx_word' id='word_1_794' title='bbox 3259 3788 3328 3826; x_wconf 89' lang='lat' dir='ltr'><strong>an</strong></span> <span class='ocrx_word' id='word_1_795' title='bbox 3380 3772 3542 3827; x_wconf 87' lang='lat' dir='ltr'><strong>etiam</strong></span> <span class='ocrx_word' id='word_1_796' title='bbox 3598 3775 3652 3828; x_wconf 92' lang='lat' dir='ltr'><strong>in</strong></span> 
     </span>
    </p>
   </div>
   <div class='ocr_carea' id='block_1_100' title="bbox 2077 3863 3656 3933">
    <p class='ocr_par' dir='ltr' id='par_1_100' title="bbox 2077 3863 3656 3933">
     <span class='ocr_line' id='line_1_100' title="bbox 2077 3863 3656 3933; baseline 0.001 -17"><span class='ocrx_word' id='word_1_797' title='bbox 2077 3870 2353 3933; x_wconf 89' lang='lat' dir='ltr'><strong>posterum</strong></span> <span class='ocrx_word' id='word_1_798' title='bbox 2395 3878 2746 3931; x_wconf 85' lang='lat' dir='ltr'><strong>permansura</strong></span> <span class='ocrx_word' id='word_1_799' title='bbox 2792 3863 2862 3919; x_wconf 90' lang='lat' dir='ltr'><strong>sit</strong></span> <span class='ocrx_word' id='word_1_800' title='bbox 2897 3863 3239 3927; x_wconf 89' lang='lat' dir='ltr'><strong>amicitia,et</strong></span> <span class='ocrx_word' id='word_1_801' title='bbox 3288 3863 3391 3918; x_wconf 87' lang='lat' dir='ltr'><strong>hoc</strong></span> <span class='ocrx_word' id='word_1_802' title='bbox 3441 3878 3656 3933; x_wconf 78' lang='lat' dir='ltr'><strong>quoque</strong></span> 
     </span>
    </p>
   </div>
   <div class='ocr_carea' id='block_1_101' title="bbox 2080 3954 3655 4025">
    <p class='ocr_par' dir='ltr' id='par_1_101' title="bbox 2080 3954 3655 4025">
     <span class='ocr_line' id='line_1_101' title="bbox 2080 3954 3655 4025; baseline 0 -16"><span class='ocrx_word' id='word_1_803' title='bbox 2080 3965 2137 4009; x_wconf 90' lang='lat' dir='ltr'><strong>tu</strong></span> <span class='ocrx_word' id='word_1_804' title='bbox 2160 3954 2299 4009; x_wconf 75' lang='lat' dir='ltr'><strong>nosd</strong></span> <span class='ocrx_word' id='word_1_805' title='bbox 2326 3972 2340 4010; x_wconf 92' lang='lat'><strong>:</strong></span> <span class='ocrx_word' id='word_1_806' title='bbox 2367 3969 2468 4025; x_wconf 87' lang='lat' dir='ltr'><strong>ego</strong></span> <span class='ocrx_word' id='word_1_807' title='bbox 2498 3954 2567 4011; x_wconf 84' lang='lat' dir='ltr'><strong>de</strong></span> <span class='ocrx_word' id='word_1_808' title='bbox 2598 3971 2683 4010; x_wconf 90' lang='lat' dir='ltr'><strong>me</strong></span> <span class='ocrx_word' id='word_1_809' title='bbox 2715 3970 2819 4010; x_wconf 93' lang='lat' dir='ltr'><strong>non</strong></span> <span class='ocrx_word' id='word_1_810' title='bbox 2864 3954 3093 4010; x_wconf 85' lang='lat' dir='ltr'><strong>aﬁlrmo.</strong></span> <span class='ocrx_word' id='word_1_811' title='bbox 3144 3956 3434 4025; x_wconf 80' lang='lat' dir='ltr'><strong>Postquam</strong></span> <span class='ocrx_word' id='word_1_812' title='bbox 3491 3956 3655 4009; x_wconf 88' lang='lat' dir='ltr'><strong>verba</strong></span> 
     </span>
    </p>
   </div>
   <div class='ocr_carea' id='block_1_102' title="bbox 2078 4045 3661 4118">
    <p class='ocr_par' dir='ltr' id='par_1_102' title="bbox 2078 4045 3661 4118">
     <span class='ocr_line' id='line_1_102' title="bbox 2078 4045 3661 4118; baseline 0.002 -18"><span class='ocrx_word' id='word_1_813' title='bbox 2078 4046 2180 4116; x_wconf 90' lang='lat' dir='ltr'><strong>ipsi</strong></span> <span class='ocrx_word' id='word_1_814' title='bbox 2210 4045 2426 4103; x_wconf 86' lang='lat' dir='ltr'><strong>fecisset</strong></span> <span class='ocrx_word' id='word_1_815' title='bbox 2460 4046 2718 4104; x_wconf 88' lang='lat' dir='ltr'><strong>Dominus</strong></span> <span class='ocrx_word' id='word_1_816' title='bbox 2757 4048 2825 4102; x_wconf 87' lang='lat' dir='ltr'><strong>de</strong></span> <span class='ocrx_word' id='word_1_817' title='bbox 2849 4047 2932 4103; x_wconf 93' lang='lat' dir='ltr'><strong>sui</strong></span> <span class='ocrx_word' id='word_1_818' title='bbox 2973 4047 3284 4112; x_wconf 76' lang='lat' dir='ltr'><strong>dilemione,</strong></span> <span class='ocrx_word' id='word_1_819' title='bbox 3333 4048 3661 4118; x_wconf 69' lang='lat' dir='ltr'><strong>martyrium</strong></span> 
     </span>
    </p>
   </div>
   <div class='ocr_carea' id='block_1_103' title="bbox 2079 4139 3658 4211">
    <p class='ocr_par' dir='ltr' id='par_1_103' title="bbox 2079 4139 3658 4211">
     <span class='ocr_line' id='line_1_103' title="bbox 2079 4139 3658 4211; baseline 0.001 -18"><span class='ocrx_word' id='word_1_820' title='bbox 2079 4140 2241 4194; x_wconf 90' lang='lat' dir='ltr'><strong>etiam</strong></span> <span class='ocrx_word' id='word_1_821' title='bbox 2262 4142 2407 4211; x_wconf 84' lang='lat' dir='ltr'><strong>quod</strong></span> <span class='ocrx_word' id='word_1_822' title='bbox 2432 4139 2669 4195; x_wconf 91' lang='lat' dir='ltr'><strong>futurum</strong></span> <span class='ocrx_word' id='word_1_823' title='bbox 2691 4151 2808 4195; x_wconf 90' lang='lat' dir='ltr'><strong>erat</strong></span> <span class='ocrx_word' id='word_1_824' title='bbox 2837 4147 2894 4196; x_wconf 90' lang='lat' dir='ltr'><strong>ut</strong></span> <span class='ocrx_word' id='word_1_825' title='bbox 2920 4141 3233 4206; x_wconf 80' lang='lat' dir='ltr'><strong>sustineret,</strong></span> <span class='ocrx_word' id='word_1_826' title='bbox 3259 4141 3358 4210; x_wconf 90' lang='lat' dir='ltr'><strong>ipsi</strong></span> <span class='ocrx_word' id='word_1_827' title='bbox 3391 4140 3658 4208; x_wconf 63' lang='lat' dir='ltr'><strong>praedicit.</strong></span> 
     </span>
    </p>
   </div>
   <div class='ocr_carea' id='block_1_104' title="bbox 2083 4233 3669 4303">
    <p class='ocr_par' dir='ltr' id='par_1_104' title="bbox 2083 4233 3669 4303">
     <span class='ocr_line' id='line_1_104' title="bbox 2083 4233 3669 4303; baseline -0.003 -14"><span class='ocrx_word' id='word_1_828' title='bbox 2083 4234 2224 4290; x_wconf 87' lang='lat' dir='ltr'><strong>Dicit</strong></span> <span class='ocrx_word' id='word_1_829' title='bbox 2249 4245 2428 4290; x_wconf 83' lang='lat' dir='ltr'><strong>autem</strong></span> <span class='ocrx_word' id='word_1_830' title='bbox 2464 4237 2586 4303; x_wconf 86' lang='lat' dir='ltr'><strong>hoc,</strong></span> <span class='ocrx_word' id='word_1_831' title='bbox 2610 4235 2898 4290; x_wconf 77' lang='lat' dir='ltr'><strong>ostendere</strong></span> <span class='ocrx_word' id='word_1_832' title='bbox 2925 4234 3110 4288; x_wconf 89' lang='lat' dir='ltr'><strong>volens</strong></span> <span class='ocrx_word' id='word_1_833' title='bbox 3139 4234 3284 4301; x_wconf 88' lang='lat' dir='ltr'><strong>quod</strong></span> <span class='ocrx_word' id='word_1_834' title='bbox 3315 4233 3480 4288; x_wconf 87' lang='lat' dir='ltr'><strong>etiam</strong></span> <span class='ocrx_word' id='word_1_835' title='bbox 3517 4234 3669 4288; x_wconf 82' lang='lat' dir='ltr'><strong>istud-</strong></span> 
     </span>
    </p>
   </div>
   <div class='ocr_carea' id='block_1_105' title="bbox 2083 4326 3689 4399">
    <p class='ocr_par' dir='ltr' id='par_1_105' title="bbox 2083 4326 3689 4399">
     <span class='ocr_line' id='line_1_105' title="bbox 2083 4326 3689 4399; baseline -0.002 -18"><span class='ocrx_word' id='word_1_836' title='bbox 2083 4328 2224 4399; x_wconf 88' lang='lat' dir='ltr'><strong>quod</strong></span> <span class='ocrx_word' id='word_1_837' title='bbox 2253 4330 2319 4386; x_wconf 89' lang='lat' dir='ltr'><strong>de</strong></span> <span class='ocrx_word' id='word_1_838' title='bbox 2347 4329 2635 4384; x_wconf 88' lang='lat' dir='ltr'><strong>dilectione</strong></span> <span class='ocrx_word' id='word_1_839' title='bbox 2674 4327 3067 4397; x_wconf 87' lang='lat' dir='ltr'><strong>interrogabat,</strong></span> <span class='ocrx_word' id='word_1_840' title='bbox 3109 4342 3214 4380; x_wconf 89' lang='lat' dir='ltr'><strong>non</strong></span> <span class='ocrx_word' id='word_1_841' title='bbox 3255 4326 3497 4381; x_wconf 83' lang='lat' dir='ltr'><strong>diliidens</strong></span> <span class='ocrx_word' id='word_1_842' title='bbox 3532 4326 3689 4396; x_wconf 76' lang='lat' dir='ltr'><strong>ipsi,’</strong></span> 
     </span>
    </p>
   </div>
   <div class='ocr_carea' id='block_1_106' title="bbox 2083 4418 3669 4493">
    <p class='ocr_par' dir='ltr' id='par_1_106' title="bbox 2083 4418 3669 4493">
     <span class='ocr_line' id='line_1_106' title="bbox 2083 4418 3669 4493; baseline -0.004 -16"><span class='ocrx_word' id='word_1_843' title='bbox 2083 4422 2446 4493; x_wconf 88' lang='lat' dir='ltr'><strong>interrogaret</strong></span> <span class='ocrx_word' id='word_1_844' title='bbox 2468 4437 2615 4486; x_wconf 86' lang='lat' dir='ltr'><strong>eum,</strong></span> <span class='ocrx_word' id='word_1_845' title='bbox 2659 4422 2753 4476; x_wconf 85' lang='lat' dir='ltr'><strong>sed</strong></span> <span class='ocrx_word' id='word_1_846' title='bbox 2804 4420 2964 4490; x_wconf 87' lang='lat' dir='ltr'><strong>plane</strong></span> <span class='ocrx_word' id='word_1_847' title='bbox 3004 4418 3183 4475; x_wconf 74' lang='lat' dir='ltr'><strong>sciens</strong></span> <span class='ocrx_word' id='word_1_848' title='bbox 3229 4420 3368 4482; x_wconf 86' lang='lat' dir='ltr'><strong>quod</strong></span> <span class='ocrx_word' id='word_1_849' title='bbox 3417 4419 3669 4487; x_wconf 75' lang='lat' dir='ltr'><strong>diligeret</strong></span> 
     </span>
    </p>
   </div>
   <div class='ocr_carea' id='block_1_107' title="bbox 2088 4602 3664 4676">
    <p class='ocr_par' dir='ltr' id='par_1_107' title="bbox 2088 4602 3664 4676">
     <span class='ocr_line' id='line_1_107' title="bbox 2088 4602 3664 4676; baseline -0.003 -17"><span class='ocrx_word' id='word_1_850' title='bbox 2088 4607 2171 4676; x_wconf 88' lang='lat' dir='ltr'><strong>gis</strong></span> <span class='ocrx_word' id='word_1_851' title='bbox 2200 4606 2508 4661; x_wconf 89' lang='lat' dir='ltr'><strong>ostenderet</strong></span> <span class='ocrx_word' id='word_1_852' title='bbox 2529 4605 2697 4675; x_wconf 74' lang='lat' dir='ltr'><strong>ipsius</strong></span> <span class='ocrx_word' id='word_1_853' title='bbox 2726 4604 2867 4658; x_wconf 80' lang='lat' dir='ltr'><strong>Petri</strong></span> <span class='ocrx_word' id='word_1_854' title='bbox 2911 4602 3250 4658; x_wconf 90' lang='lat' dir='ltr'><strong>dilectionem</strong></span> <span class='ocrx_word' id='word_1_855' title='bbox 3269 4642 3285 4669; x_wconf 95' lang='lat'><strong>,</strong></span> <span class='ocrx_word' id='word_1_856' title='bbox 3309 4618 3374 4658; x_wconf 89' lang='lat' dir='ltr'><strong>ac</strong></span> <span class='ocrx_word' id='word_1_857' title='bbox 3420 4618 3516 4659; x_wconf 89' lang='lat' dir='ltr'><strong>nos</strong></span> <span class='ocrx_word' id='word_1_858' title='bbox 3543 4616 3664 4656; x_wconf 86' lang='lat' dir='ltr'><strong>om-</strong></span> 
     </span>
    </p>
   </div>
   <div class='ocr_carea' id='block_1_108' title="bbox 2094 4692 3665 4767">
    <p class='ocr_par' dir='ltr' id='par_1_108' title="bbox 2094 4692 3665 4767">
     <span class='ocr_line' id='line_1_108' title="bbox 2094 4692 3665 4767; baseline -0.004 -16"><span class='ocrx_word' id='word_1_859' title='bbox 2094 4712 2190 4751; x_wconf 89' lang='lat' dir='ltr'><strong>nes</strong></span> <span class='ocrx_word' id='word_1_860' title='bbox 2224 4697 2461 4754; x_wconf 85' lang='lat' dir='ltr'><strong>doceat:</strong></span> <span class='ocrx_word' id='word_1_861' title='bbox 2512 4697 2655 4767; x_wconf 85' lang='lat' dir='ltr'><strong>quod</strong></span> <span class='ocrx_word' id='word_1_862' title='bbox 2702 4696 2748 4751; x_wconf 81' lang='lat' dir='ltr'><strong>si</strong></span> <span class='ocrx_word' id='word_1_863' title='bbox 2793 4696 3022 4752; x_wconf 87' lang='lat' dir='ltr'><strong>velimus</strong></span> <span class='ocrx_word' id='word_1_864' title='bbox 3076 4695 3250 4766; x_wconf 83' lang='lat' dir='ltr'><strong>ipsum</strong></span> <span class='ocrx_word' id='word_1_865' title='bbox 3290 4694 3536 4761; x_wconf 79' lang='lat' dir='ltr'><strong>diligere,</strong></span> <span class='ocrx_word' id='word_1_866' title='bbox 3586 4692 3665 4746; x_wconf 89' lang='lat' dir='ltr'><strong>sic</strong></span> 
     </span>
    </p>
   </div>
   <div class='ocr_carea' id='block_1_109' title="bbox 2093 4786 3666 4859">
    <p class='ocr_par' dir='ltr' id='par_1_109' title="bbox 2093 4786 3666 4859">
     <span class='ocr_line' id='line_1_109' title="bbox 2093 4786 3666 4859; baseline -0.002 -18"><span class='ocrx_word' id='word_1_867' title='bbox 2093 4789 2407 4843; x_wconf 90' lang='lat' dir='ltr'><strong>studeamus</strong></span> <span class='ocrx_word' id='word_1_868' title='bbox 2428 4789 2599 4859; x_wconf 89' lang='lat' dir='ltr'><strong>ipsum</strong></span> <span class='ocrx_word' id='word_1_869' title='bbox 2627 4788 2872 4858; x_wconf 76' lang='lat' dir='ltr'><strong>diligere,</strong></span> <span class='ocrx_word' id='word_1_870' title='bbox 2908 4786 3163 4842; x_wconf 89' lang='lat' dir='ltr'><strong>nimirum</strong></span> <span class='ocrx_word' id='word_1_871' title='bbox 3199 4787 3249 4841; x_wconf 93' lang='lat' dir='ltr'><strong>in</strong></span> <span class='ocrx_word' id='word_1_872' title='bbox 3287 4787 3511 4840; x_wconf 86' lang='lat' dir='ltr'><strong>fratrum</strong></span> <span class='ocrx_word' id='word_1_873' title='bbox 3535 4799 3666 4839; x_wconf 85' lang='lat' dir='ltr'><strong>cura</strong></span> 
     </span>
    </p>
   </div>
   <div class='ocr_carea' id='block_1_110' title="bbox 2094 4876 3664 4950">
    <p class='ocr_par' dir='ltr' id='par_1_110' title="bbox 2094 4876 3664 4950">
     <span class='ocr_line' id='line_1_110' title="bbox 2094 4876 3664 4950; baseline -0.005 -15"><span class='ocrx_word' id='word_1_874' title='bbox 2094 4879 2458 4948; x_wconf 83' lang='lat' dir='ltr'><strong>suscipienda.</strong></span> <span class='ocrx_word' id='word_1_875' title='bbox 2515 4880 2651 4935; x_wconf 83' lang='lat' dir='ltr'><strong>Audi</strong></span> <span class='ocrx_word' id='word_1_876' title='bbox 2701 4890 2883 4937; x_wconf 85' lang='lat' dir='ltr'><strong>autem</strong></span> <span class='ocrx_word' id='word_1_877' title='bbox 2922 4878 3194 4950; x_wconf 90' lang='lat' dir='ltr'><strong>quomodo</strong></span> <span class='ocrx_word' id='word_1_878' title='bbox 3240 4877 3289 4932; x_wconf 91' lang='lat' dir='ltr'><strong>ei</strong></span> <span class='ocrx_word' id='word_1_879' title='bbox 3346 4876 3664 4946; x_wconf 84' lang='lat' dir='ltr'><strong>martyrium</strong></span> 
     </span>
    </p>
   </div>
   <div class='ocr_carea' id='block_1_111' title="bbox 2094 4967 3665 5040">
    <p class='ocr_par' dir='ltr' id='par_1_111' title="bbox 2094 4967 3665 5040">
     <span class='ocr_line' id='line_1_111' title="bbox 2094 4967 3665 5040; baseline -0.002 -19"><span class='ocrx_word' id='word_1_880' title='bbox 2094 4971 2352 5039; x_wconf 74' lang='lat' dir='ltr'><strong>praedicat</strong></span> <span class='ocrx_word' id='word_1_881' title='bbox 2380 4989 2396 5025; x_wconf 91' lang='lat'><strong>:</strong></span> <span class='ocrx_word' id='word_1_882' title='bbox 2430 4991 2447 5023; x_wconf 79' lang='grc' dir='ltr'><strong>ι</strong></span> <span class='ocrx_word' id='word_1_883' title='bbox 2487 4971 2715 5039; x_wconf 77' lang='lat' dir='ltr'><strong>Quando</strong></span> <span class='ocrx_word' id='word_1_884' title='bbox 2735 4985 2885 5027; x_wconf 79' lang='lat' dir='ltr'><strong>esses</strong></span> <span class='ocrx_word' id='word_1_885' title='bbox 2910 4969 3095 5040; x_wconf 87' lang='lat' dir='ltr'><strong>junior</strong></span> <span class='ocrx_word' id='word_1_886' title='bbox 3122 4967 3378 5038; x_wconf 88' lang='lat' dir='ltr'><strong>ciugebas</strong></span> <span class='ocrx_word' id='word_1_887' title='bbox 3409 4974 3483 5026; x_wconf 88' lang='lat' dir='ltr'><strong>te,</strong></span> <span class='ocrx_word' id='word_1_888' title='bbox 3508 4982 3528 5017; x_wconf 83' lang='grc' dir='ltr'><strong>ι</strong></span> <span class='ocrx_word' id='word_1_889' title='bbox 3556 4973 3665 5019; x_wconf 91' lang='lat' dir='ltr'><strong>etc.</strong></span> 
     </span>
    </p>
   </div>
   <div class='ocr_carea' id='block_1_112' title="bbox 2092 5057 3662 5134">
    <p class='ocr_par' dir='ltr' id='par_1_112' title="bbox 2092 5057 3662 5134">
     <span class='ocr_line' id='line_1_112' title="bbox 2092 5057 3662 5134; baseline -0.007 -15"><span class='ocrx_word' id='word_1_890' title='bbox 2092 5062 2536 5134; x_wconf 86' lang='lat' dir='ltr'><strong>Quandoquidem</strong></span> <span class='ocrx_word' id='word_1_891' title='bbox 2569 5063 2736 5128; x_wconf 87' lang='lat' dir='ltr'><strong>enim,</strong></span> <span class='ocrx_word' id='word_1_892' title='bbox 2765 5062 2961 5133; x_wconf 88' lang='lat' dir='ltr'><strong>inquit,</strong></span> <span class='ocrx_word' id='word_1_893' title='bbox 2992 5075 3080 5116; x_wconf 89' lang='lat' dir='ltr'><strong>me</strong></span> <span class='ocrx_word' id='word_1_894' title='bbox 3109 5059 3324 5129; x_wconf 87' lang='lat' dir='ltr'><strong>diligas,</strong></span> <span class='ocrx_word' id='word_1_895' title='bbox 3367 5067 3424 5112; x_wconf 90' lang='lat' dir='ltr'><strong>et</strong></span> <span class='ocrx_word' id='word_1_896' title='bbox 3453 5065 3505 5111; x_wconf 92' lang='lat' dir='ltr'><strong>te</strong></span> <span class='ocrx_word' id='word_1_897' title='bbox 3543 5057 3662 5109; x_wconf 84' lang='lat' dir='ltr'><strong>ani--</strong></span> 
     </span>
    </p>
   </div>
   <div class='ocr_carea' id='block_1_113' title="bbox 2096 5148 3716 5226">
    <p class='ocr_par' dir='ltr' id='par_1_113' title="bbox 2096 5148 3716 5226">
     <span class='ocr_line' id='line_1_113' title="bbox 2096 5148 3716 5226; baseline -0.004 -20"><span class='ocrx_word' id='word_1_898' title='bbox 2096 5171 2236 5208; x_wconf 76' lang='lat' dir='ltr'><strong>uiam</strong></span> <span class='ocrx_word' id='word_1_899' title='bbox 2263 5165 2409 5210; x_wconf 88' lang='lat' dir='ltr'><strong>tuam</strong></span> <span class='ocrx_word' id='word_1_900' title='bbox 2442 5155 2494 5209; x_wconf 93' lang='lat' dir='ltr'><strong>in</strong></span> <span class='ocrx_word' id='word_1_901' title='bbox 2530 5153 2786 5226; x_wconf 87' lang='lat' dir='ltr'><strong>periculis</strong></span> <span class='ocrx_word' id='word_1_902' title='bbox 2810 5168 2909 5223; x_wconf 89' lang='lat' dir='ltr'><strong>pro</strong></span> <span class='ocrx_word' id='word_1_903' title='bbox 2940 5168 3028 5209; x_wconf 86' lang='lat' dir='ltr'><strong>tne</strong></span> <span class='ocrx_word' id='word_1_904' title='bbox 3064 5152 3363 5222; x_wconf 85' lang='lat' dir='ltr'><strong>positurqu</strong></span> <span class='ocrx_word' id='word_1_905' title='bbox 3417 5148 3670 5216; x_wconf 78' lang='lat' dir='ltr'><strong>frequeu-</strong></span> <span class='ocrx_word' id='word_1_906' title='bbox 3707 5166 3716 5175; x_wconf 69' lang='grc' dir='ltr'><strong>ν</strong></span> 
     </span>
    </p>
   </div>
   <div class='ocr_carea' id='block_1_114' title="bbox 2098 5238 3668 5316">
    <p class='ocr_par' dir='ltr' id='par_1_114' title="bbox 2098 5238 3668 5316">
     <span class='ocr_line' id='line_1_114' title="bbox 2098 5238 3668 5316; baseline -0.004 -18"><span class='ocrx_word' id='word_1_907' title='bbox 2098 5244 2291 5316; x_wconf 62' lang='grc' dir='ltr'>ιειζεὶε</span> <span class='ocrx_word' id='word_1_908' title='bbox 2319 5245 2589 5314; x_wconf 90' lang='lat' dir='ltr'><strong>pollicitus</strong></span> <span class='ocrx_word' id='word_1_909' title='bbox 2618 5285 2635 5312; x_wconf 95' lang='lat'><strong>,</strong></span> <span class='ocrx_word' id='word_1_910' title='bbox 2678 5263 2698 5297; x_wconf 81' lang='grc' dir='ltr'><strong>ι</strong></span> <span class='ocrx_word' id='word_1_911' title='bbox 2733 5242 2895 5310; x_wconf 82' lang='grc' dir='ltr'>ῐιοιιο,</span> <span class='ocrx_word' id='word_1_912' title='bbox 2937 5242 3133 5312; x_wconf 88' lang='lat' dir='ltr'><strong>inquit,</strong></span> <span class='ocrx_word' id='word_1_913' title='bbox 3178 5250 3294 5296; x_wconf 88' lang='lat' dir='ltr'><strong>esto</strong></span> <span class='ocrx_word' id='word_1_914' title='bbox 3342 5238 3604 5293; x_wconf 86' lang='lat' dir='ltr'><strong>animo&quot;.</strong></span> <span class='ocrx_word' id='word_1_915' title='bbox 3645 5257 3668 5291; x_wconf 74' lang='grc' dir='ltr'><strong>ι</strong></span> 
     </span>
    </p>
   </div>
   <div class='ocr_carea' id='block_1_115' title="bbox 2097 5333 3675 5411">
    <p class='ocr_par' dir='ltr' id='par_1_115' title="bbox 2097 5333 3675 5411">
     <span class='ocr_line' id='line_1_115' title="bbox 2097 5333 3675 5411; baseline -0.006 -16"><span class='ocrx_word' id='word_1_916' title='bbox 2097 5340 2273 5397; x_wconf 83' lang='lat' dir='ltr'><strong>Tuum</strong></span> <span class='ocrx_word' id='word_1_917' title='bbox 2305 5339 2378 5396; x_wconf 88' lang='lat' dir='ltr'><strong>ita</strong></span> <span class='ocrx_word' id='word_1_918' title='bbox 2412 5341 2638 5411; x_wconf 88' lang='lat' dir='ltr'><strong>explebo</strong></span> <span class='ocrx_word' id='word_1_919' title='bbox 2669 5339 3017 5401; x_wconf 86' lang='lat' dir='ltr'><strong>desiderium,</strong></span> <span class='ocrx_word' id='word_1_920' title='bbox 3059 5344 3119 5390; x_wconf 96' lang='lat' dir='ltr'><strong>ut</strong></span> <span class='ocrx_word' id='word_1_921' title='bbox 3154 5350 3276 5405; x_wconf 79' lang='lat' dir='ltr'><strong>qua:</strong></span> <span class='ocrx_word' id='word_1_922' title='bbox 3312 5333 3528 5401; x_wconf 81' lang='lat' dir='ltr'><strong>juvenis</strong></span> <span class='ocrx_word' id='word_1_923' title='bbox 3564 5347 3675 5386; x_wconf 87' lang='lat' dir='ltr'><strong>non</strong></span> 
     </span>
    </p>
   </div>
   <div class='ocr_carea' id='block_1_116' title="bbox 2098 5425 3675 5504">
    <p class='ocr_par' dir='ltr' id='par_1_116' title="bbox 2098 5425 3675 5504">
     <span class='ocr_line' id='line_1_116' title="bbox 2098 5425 3675 5504; baseline -0.008 -14"><span class='ocrx_word' id='word_1_924' title='bbox 2098 5447 2159 5490; x_wconf 85' lang='lat' dir='ltr'><strong>es</strong></span> <span class='ocrx_word' id='word_1_925' title='bbox 2182 5447 2396 5504; x_wconf 83' lang='lat' dir='ltr'><strong>passus.</strong></span> <span class='ocrx_word' id='word_1_926' title='bbox 2425 5447 2488 5489; x_wconf 80' lang='lat' dir='ltr'><strong>ea</strong></span> <span class='ocrx_word' id='word_1_927' title='bbox 2524 5448 2689 5491; x_wconf 82' lang='lat' dir='ltr'><strong>senex</strong></span> <span class='ocrx_word' id='word_1_928' title='bbox 2737 5430 2981 5502; x_wconf 89' lang='lat' dir='ltr'><strong>patiaris.</strong></span> <span class='ocrx_word' id='word_1_929' title='bbox 3014 5425 3441 5483; x_wconf 86' lang='lat' dir='ltr'><strong>Commonefacit</strong></span> <span class='ocrx_word' id='word_1_930' title='bbox 3487 5432 3675 5480; x_wconf 83' lang='lat' dir='ltr'><strong>autem</strong></span> 
     </span>
    </p>
   </div>
   <div class='ocr_carea' id='block_1_117' title="bbox 2099 5516 3667 5593">
    <p class='ocr_par' dir='ltr' id='par_1_117' title="bbox 2099 5516 3667 5593">
     <span class='ocr_line' id='line_1_117' title="bbox 2099 5516 3667 5593; baseline -0.008 -13"><span class='ocrx_word' id='word_1_931' title='bbox 2099 5525 2277 5589; x_wconf 84' lang='lat' dir='ltr'><strong>ipsum</strong></span> <span class='ocrx_word' id='word_1_932' title='bbox 2326 5522 2527 5593; x_wconf 85' lang='lat' dir='ltr'><strong>prioris</strong></span> <span class='ocrx_word' id='word_1_933' title='bbox 2558 5522 2679 5578; x_wconf 65' lang='lat' dir='ltr'><strong>vitm</strong></span> <span class='ocrx_word' id='word_1_934' title='bbox 2707 5519 3031 5579; x_wconf 84' lang='lat' dir='ltr'><strong>:ostendens</strong></span> <span class='ocrx_word' id='word_1_935' title='bbox 3062 5517 3205 5588; x_wconf 90' lang='lat' dir='ltr'><strong>quod</strong></span> <span class='ocrx_word' id='word_1_936' title='bbox 3245 5516 3361 5577; x_wconf 86' lang='lat' dir='ltr'><strong>vice</strong></span> <span class='ocrx_word' id='word_1_937' title='bbox 3390 5531 3542 5574; x_wconf 88' lang='lat' dir='ltr'><strong>versa</strong></span> <span class='ocrx_word' id='word_1_938' title='bbox 3562 5516 3667 5583; x_wconf 83' lang='lat' dir='ltr'><strong>spi-</strong></span> 
     </span>
    </p>
   </div>
   <div class='ocr_carea' id='block_1_118' title="bbox 2103 5607 3681 5679">
    <p class='ocr_par' dir='ltr' id='par_1_118' title="bbox 2103 5607 3681 5679">
     <span class='ocr_line' id='line_1_118' title="bbox 2103 5607 3681 5679; baseline -0.007 -7"><span class='ocrx_word' id='word_1_939' title='bbox 2103 5615 2315 5673; x_wconf 89' lang='lat' dir='ltr'><strong>ritualia</strong></span> <span class='ocrx_word' id='word_1_940' title='bbox 2370 5613 2678 5672; x_wconf 80' lang='lat' dir='ltr'><strong>carnalibus</strong></span> <span class='ocrx_word' id='word_1_941' title='bbox 2743 5610 3124 5679; x_wconf 76' lang='lat' dir='ltr'><strong>respondeant.</strong></span> <span class='ocrx_word' id='word_1_942' title='bbox 3174 5607 3234 5665; x_wconf 76' lang='lat' dir='ltr'><strong>in</strong></span> <span class='ocrx_word' id='word_1_943' title='bbox 3301 5608 3681 5679; x_wconf 67' lang='lat' dir='ltr'><strong>corporalibus</strong></span> 
     </span>
    </p>
   </div>
  </div>
