4056 6598
301 401 412 468 313

987 409 1426 472 EVARRATIO
1462 411 1544 472 IN
1584 410 2089 473 EVANGELIUM
2129 412 2472 475 JOANNIS.
2517 439 2572 449 --
2608 415 2761 476 CAP.
2800 414 2960 474 XXI.

3469 413 3572 475 314

308 539 446 593 μαι,
479 521 536 576 τί
569 521 704 594 πρὸς
743 523 836 590 σέ;
882 542 899 576 ι
943 525 1285 598 Ἔνεχείρησε
1422 527 1745 600 ἐνεχείρισε]
1787 528 1886 598 μὲν

2006 529 2234 583 Jmnium
2261 529 2651 598 praefecturam.
2687 528 2942 592 Quamvis
2959 525 3101 582 enim
3128 523 3360 580 Iacobus
3389 526 3574 578 sedem

300 615 386 684 τῷ
430 614 623 685 Πέτρῳ
655 614 756 686 τὴν
793 616 1009 670 πάντων
1041 617 1150 670 τῶν
1185 618 1392 672 πιστῶν
1427 619 1786 690 προστασίαν.
1825 619 1888 672 Εἰ

303 704 419 776 γὰρ
450 705 544 758 καὶ
569 705 678 758 τῶν
712 706 1103 778 Ἰεροσολύμων
1137 708 1393 773 Ἰάκωϐος
1419 709 1510 763 τὸν
1543 710 1732 781 θρόνον
1763 709 1890 763 ἔλα-

306 798 407 850 ϐεν
430 839 443 855 .
482 796 618 850 ἀλλᾶ
655 797 860 868 Πέτρος
895 798 993 869 τῆς
1026 801 1354 869 οἰκουμένης
1390 800 1626 870 ἀπάσης.
1661 800 1799 868 Φησί
1833 799 1889 852 δὲ

305 890 450 960 πρὸς
476 889 638 944 αὐτον
667 891 807 961 μετά
831 890 1002 944 ταῦτα
1023 907 1037 922 ο
1072 909 1090 943 ι
1127 891 1436 944 Ἀκολούθει
1466 908 1589 963 μοι’
1626 910 1644 944 ι
1675 892 1891 956 δεικνὺς

303 986 369 1036 τὸ
401 983 776 1054 κηδεμονικὸν,
808 985 900 1036 καὶ
929 984 989 1037 τὸ
1021 985 1158 1055 πρὸς
1190 985 1351 1038 αὑτὸν
1381 985 1597 1048 οἰκείως
1630 984 1890 1040 διατεθεῖ-

308 1071 462 1126 σθαι.
488 1073 640 1144 Ἀμα
668 1073 724 1126 δὲ
755 1075 847 1126 καὶ
878 1073 1236 1143 ἀκολούθησιν
1267 1072 1499 1126 ἐνταῦθα
1529 1073 1676 1136 νόει,
1705 1074 1804 1142 τὴν
1835 1072 1892 1124 ὲν

305 1161 452 1216 πᾶσι
478 1163 591 1224 τοῖς
620 1159 803 1230 ἔργοις
832 1161 930 1215 καὶ
958 1163 1068 1226 τοῖς
1097 1162 1280 1231 λόγοις
1300 1162 1667 1234 ἐκπλήρωσιν.
1688 1162 1752 1214 Ol
1782 1161 1891 1232 γὰρ

305 1258 439 1308 κατ’
460 1257 604 1326 ἴχνος
627 1256 726 1326 τῆς
751 1255 917 1310 αὐτοῦ
947 1257 1221 1321 πολιτείας
1251 1255 1546 1327 βαίνοντες,
1574 1255 1670 1310 καὶ
1697 1254 1892 1326 μιμού-

309 1362 474 1417 μενοι
507 1345 670 1400 αὐτοῦ
703 1347 802 1418 τὴν
837 1348 896 1401 ἐν
931 1349 1097 1401 πᾶσιν
1131 1347 1446 1418 ἀκρίϐειαν,
1481 1340 1626 1400 οὗτοι
1660 1343 1891 1400 ἀκολου-

308 1439 502 1494 θοῦσιν
529 1438 700 1510 αὐτῷ.
729 1439 880 1504 Τέως
908 1439 952 1493 δ’
975 1437 1069 1494 οὖν
1095 1439 1367 1511 αἰσθητῶς
1399 1438 1766 1510 ἀκολουθῆσαι
1795 1438 1892 1490 αὐ-

305 1529 392 1598 τῷ
420 1531 512 1583 τὸν
536 1530 742 1600 Πέτρον
769 1531 1159 1601 προτρέπεται,
1186 1529 1421 1593 δεικνὺς,
1445 1528 1579 1598 ὅπερ
1608 1527 1765 1599 ἔφην,
1793 1527 1892 1596 τὴν

307 1623 456 1693 πρὸς
493 1619 657 1674 αὐτὸν
689 1619 980 1676 οἰκείωσιν.
1019 1621 1159 1684 Τοὺς
1197 1622 1306 1692 γὰρ
1345 1621 1732 1690 οἰκειοτέρους,
1767 1618 1891 1672 τού-

306 1729 446 1776 τους
472 1711 799 1776 ἀκολούθους
827 1711 1147 1784 ποιούμεθα.
1179 1711 1333 1765 Ἐπεὶ
1359 1711 1414 1765 δὲ
1439 1711 1609 1765 ταῦτα
1634 1711 1661 1762 6
1689 1710 1894 1781 Πέτρος

306 1806 582 1876 ἤκουσεν,
613 1803 710 1859 καὶ
737 1804 996 1859 τοιούτων
1023 1803 1258 1876 ἠξιώθη,
1288 1803 1364 1868 ὡς
1393 1805 1486 1859 καὶ
1516 1805 1613 1876 τὴν
1637 1804 1893 1873 οἰκουμέ-

1996 619 2388 687 Hierosolymis
2418 619 2710 687 acceperit,
2753 619 2845 672 sed
2893 618 3080 673 Petrus
3113 617 3276 671 totius
3307 626 3573 671 terrarum

1993 710 2161 764 orbis.
2207 709 2551 764 Dixitautem
2590 709 2690 776 ipsi
2725 719 2844 778 post
2893 710 3028 775 haec,
3065 728 3082 760 ι
3138 709 3378 778 Sequere
3415 721 3521 772 me,
3551 725 3575 759 ι

1993 801 2284 855 sollicitum
2315 801 2606 854 ostendens
2643 808 2694 852 ct
2717 798 3032 852 familiarem
3065 814 3172 865 quo
3221 814 3346 865 erga
3398 798 3575 865 ipsum

1998 891 2325 955 adiceretur,
2347 891 2620 946 allectum.
2645 889 2919 945 Christum
2947 899 3121 942 autem
3141 892 3291 958 sequi
3317 889 3403 942 hie
3420 887 3567 942 intel-

1996 987 2118 1053 lige,
2153 999 2380 1053 operum
2419 983 2469 1036 in
2501 983 2751 1036 omnibus
2775 992 2829 1035 et
2861 981 3147 1034 verborum
3182 979 3576 1046 impletionem.

1991 1074 2091 1141 Qui
2117 1079 2260 1130 enirn
2292 1089 2388 1143 per
2419 1073 2642 1142 vestigia
2671 1073 2796 1127 vita:
2840 1072 3011 1140 ipsius
3035 1073 3315 1133 incedunt,
3363 1070 3577 1124 imitan-

1996 1178 2194 1238 turque
2218 1166 2335 1235 eius
2367 1167 2417 1221 in
2441 1167 2693 1222 omnibus
2720 1165 3078 1234 diligentiam,
3134 1163 3223 1217 isti
3277 1170 3578 1230 sequuntur

1994 1262 2193 1331 ipsum.
2227 1259 2447 1316 Interim
2477 1267 2655 1313 autem
2679 1257 2892 1312 Petrum
2909 1257 3230 1310 adhortatur
3248 1262 3306 1307 ut
3327 1269 3385 1307 se
3407 1251 3580 1322 palam

1995 1361 2277 1420 sequatur,
2306 1364 2460 1405 suam
2483 1348 2860 1414 declarans,ut
2887 1346 3020 1410 dixi,
3059 1360 3220 1414 quam
3245 1359 3368 1414 erga
3404 1343 3580 1412 ipsum

1994 1441 2692 1498 habebatfamiliaritatem.
2736 1440 2838 1508 Qui
2867 1440 3010 1495 enim
3058 1439 3212 1495 nobis
3259 1438 3414 1493 valde
3460 1431 3581 1494 ειιιι1

1997 1535 2314 1601 familiares,
2350 1543 2405 1590 ut
2435 1535 2488 1589 hi
2510 1549 2609 1589 nos
2643 1543 2942 1603 sequantur
2956 1532 3184 1602 agimus.
3212 1529 3577 1599 Posteaquam

1995 1639 2176 1684 autem
2208 1627 2395 1682 Petrus
2419 1628 2518 1682 ista
2545 1626 2863 1691 audivisset,
2898 1633 2953 1680 et
2981 1624 3178 1679 talibus
3205 1623 3398 1692 dignus
3431 1629 3582 1678 esset

1997 1721 2240 1787 habitus,
2269 1719 2446 1789 utipsi
2480 1731 2744 1775 terrarum
2775 1718 2926 1774 orbis
2958 1715 3411 1781 committeretur,
3434 1729 3585 1768 mar-

2001 1814 2249 1884 tyrioque
2281 1814 2475 1881 dignus
2529 1813 2842 1874 haberetur,
2905 1809 3170 1866 Joannem
3238 1809 3586 1861 vehementer

307 1875 420 1968 νην
453 1895 892 1968 ἐγχειρισθῆναι,
929 1898 1026 1951 καί.
1050 1875 1371 1968 μαρτυρίας
1406 1875 1734 1967 ἀξιωθῆναι,
1771 1895 1901 1966 σιρό⁴

2006 1875 2252 1975 dilige-us,
2309 1875 2374 1960 de
2403 1906 2518 1975 ipso
2551 1905 2711 1958 etiam
2768 1903 3084 1972 interrogat,
3140 1901 3328 1957 dicens
3364 1916 3378 1953 :
3417 1916 3438 1950 ι
3487 1897 3587 1953 llic

305 1990 424 2058 δρα
451 1993 541 2043 τὸν
571 1989 824 2061 Ἰωάννην
859 1990 1122 2059 ἀγαπῶν,
1159 1991 1340 2060 ἐρωτᾷ
1381 1991 1475 2044 καὶ
1517 1990 1648 2058 ἰτερί⁷
1688 1989 1856 2044 αὑτοῦ
1882 2005 1898 2019 ⁶

312 2103 334 2134 ε
383 2075 553 2146 Οὗτος
588 2082 646 2136 δὲ
682 2083 766 2149 τί;
819 2101 836 2136 ι
882 2083 944 2137 ού
989 2084 1088 2152 τὴν
1126 2083 1294 2153 αὐτὴν
1332 2083 1448 2136 666v
1487 2085 1617 2153 ἡμῖν
1651 2081 1802 2154 ἥξεις
1841 2083 1900 2136 οὐ

309 2174 576 2238 κοινωνὸς
604 2174 755 2228 ἔσται
783 2173 874 2228 καὶ
903 2170 1054 2237 οὗτος
1079 2176 1178 2244 τῆς
1201 2191 1258 2227 τε
1286 2175 1607 2236 ἐπιστασίας
1631 2175 1737 2227 τῶν
1765 2191 1898 2244 προ-

308 2267 523 2328 ϐάτων.
555 2267 649 2318 καὶ
678 2267 777 2337 τῆς
805 2266 896 2319 ἐπὶ
927 2265 1100 2320 ταῦτα
1131 2267 1544 2338 προχειρήσεως
1673 2283 1895 2336 προχειο

307 2357 579 2430 ρεσεως];
613 2358 689 2411 Τὸ
725 2357 854 2428 γὰρ,
900 2375 918 2408 ι
965 2357 1276 2411 Ἀκολούθει
1314 2375 1424 2427 μοι,
1468 2378 1484 2408 ι
1525 2359 1685 2412 τοῦτο
1721 2375 1906 2427 μονον-

305 2449 443 2518 ουχὶ
483 2449 634 2517 δηλοῖ
666 2447 869 2520 ’Δεῦρο
941 2448 1224 2519 παράλαϐε
1264 2449 1331 2503 τὰ
1373 2450 1645 2519 πρόϐατα,
1688 2451 1769 2512 είς
1805 2448 1906 2518 τὴν

305 2543 647 2612 οἰκουμένην
684 2541 886 2606 ἔξελθε.
923 2544 1076 2595 Ἐπεὶ
1116 2543 1296 2596 τοίνυν
1337 2544 1365 2596 6
1415 2541 1620 2612 Κύριος
1663 2536 1770 2594 οἶδε
1813 2539 1905 2592 τὸν

309 2635 530 2706 Πέτρον
560 2634 855 2705 κηδόμενον
881 2634 974 2688 τοῦ
1009 2634 1278 2698 Ἰωάννου,
1312 2633 1407 2688 καὶ
1439 2633 1514 2704 μὴ
1543 2631 1906 2702 ἀποσπασθῆ-

309 2745 414 2780 ναι
443 2727 588 2798 αὑτῴ
620 2725 840 2780 θέλοντα
861 2769 873 2790 ,
905 2727 1133 2799 διαιρῶν
1160 2727 1357 2791 αὐτοὺς
1381 2729 1481 2797 τῆς
1512 2725 1744 2796 ἀκαίρου
1777 2741 1905 2776 συν⁴

309 2817 522 2886 αφείας
545 2818 640 2870 καὶ
668 2816 1072 2886 προσπαθείας,
1099 2818 1302 2887 Ἔργον
1323 2857 1338 2879 ,
1365 2816 1560 2887 φησὶν,
1591 2816 1908 2869 ὲνεπιστεύ-

314 2909 462 2976 οης,
492 2909 648 2962 τοῦτο
680 2910 806 2964 ἄνυε
829 2949 845 2972 ,
880 2910 973 2962 καὶ
1009 2927 1028 2960 ι
1067 2908 1348 2962 ἀκολούθει
1381 2926 1470 2978 μοι
1509 2927 1526 2959 ι
1563 2908 1812 2976 ἐξάγοντί
1845 2928 1905 2963 σε

311 2998 420 3049 ἐπὶ
461 2998 520 3050 τὸ
567 3001 850 3068 κήρυγμα,
890 3000 1216 3070 οἰκουμένην
1257 2999 1477 3054 ἃπασαν
1521 2999 1903 3068 ιγχειρίζοντι.

314 3088 530 3142 Τοῦτον
558 3089 613 3142 δὲ
642 3091 736 3143 ἐὰν
767 3089 906 3143 θέλω
939 3090 1120 3160 μένειν
1149 3089 1386 3144 ἐνταῦθα
1415 3092 1473 3145 έν
1501 3094 1616 3154 τοῖς
1648 3093 1779 3163 περὶ
1806 3093 1908 3164 τὴν

315 3181 614 3236 Γαλιλαίαν
651 3181 860 3244 τόποις,
905 3186 1001 3234 καὶ
1049 3181 1124 3253 μὴ
1169 3182 1592 3238 συναποστεῖλαι
1639 3201 1744 3248 σοι,
1789 3203 1808 3237 ι
1853 3185 1907 3238 τί

312 3276 466 3345 πρὸς
507 3276 600 3340 σέ;
645 3293 663 3328 ι
703 3274 776 3328 T6
812 3274 898 3336 δὲ,
942 3293 960 3326 ι
993 3275 1138 3339 Ἕως
1178 3275 1443 3347 ἔρχομαι,
1487 3294 1506 3329 ι
1546 3276 1690 3341 τινὲς
1728 3277 1900 3342 οὕτως

315 3367 557 3436 ἐνόησαν
578 3383 592 3398 ο
628 3386 648 3418 ι
678 3367 844 3433 Ἕως,
885 3386 904 3420 ι
944 3354 1116 3438 φησὶ,
1152 3369 1294 3422 κατά
1325 3367 1433 3421 τῶν
1470 3369 1902 3436 σταυρωσάντων

321 3477 397 3529 με
435 3459 702 3512 Ἰουδαίων
749 3478 768 3510 ι
817 3459 1067 3530 ἔρχομαι,
1117 3479 1136 3512 ι
1185 3461 1394 3530 μέλλων
1435 3462 1635 3536 αὐτοὺς
1677 3462 1765 3516 διὰ
1803 3463 1903 3529 τῆς

317 3549 438 3603 τῶν
465 3551 749 3621 Ῥωμαίων
773 3552 971 3617 ῥάϐδου
1001 3552 1255 3616 πατάξαι,
1284 3553 1377 3606 καὶ
1403 3555 1779 3624 καταστρέψαι
1805 3554 1904 3625 τὴν

319 3643 486 3696 πόλιν
524 3643 722 3697 αὐτῶν.
757 3644 894 3696 Φασὶ
930 3644 1039 3713 γὰρ
1077 3645 1168 3697 τὸν
1208 3645 1508 3699 ἀπόστολον
1545 3647 1736 3700 τοῦτον
1774 3645 1905 3716 ἄχρι

319 3737 427 3805 τῆς
462 3735 870 3788 Οὐεσπασιανοῦ
911 3737 1263 3808 ἐπικρατείας
1303 3739 1490 3808 σχεδὸν
1523 3741 1635 3802 τοῖς
1671 3740 1784 3794 ἄνω
1815 3741 1905 3792 τόο

322 3845 454 3890 ποις
481 3826 868 3897 ἐπιδημοῦντα,
898 3828 1209 3898 κηρύττειν,
1239 3829 1333 3882 καὶ
1365 3830 1546 3900 μένειν
1575 3831 1754 3884 ἐκεῖσε
1774 3846 1787 3859 °
1820 3831 1906 3884 ὅτε

321 3920 385 3976 δὲ
412 3919 604 3991 ἔμελλε
629 3920 697 3974 τὰ
727 3921 1073 3992 Ἰεροσόλυμα
1101 3923 1326 3987 ἁλῶναι,
1358 3922 1716 3994 μεταστῆναι.
1751 3923 1907 3976 Ἐπεὶ

321 4011 425 4068 οῦδ
457 4016 597 4085 μέγα
629 4016 789 4085 ἔργον
820 4015 1230 4069 ὲνεπιστεύοντο
1259 4018 1319 4069 τὸ
1351 4017 1638 4088 κήρυγμα,
1670 4017 1768 4070 οὐκ
1798 4016 1907 4069 ἔδει

325 4107 518 4160 λοιπὸν
550 4106 746 4168 αὐτοὺς
785 4107 1229 4179 συμπεπλέχθαι,
1263 4107 1401 4161 ἀλλὰ
1440 4107 1786 4180 διῃρημένως
1818 4109 1909 4162 τὸν

331 4199 434 4269 μὲν
462 4198 634 4252 τοῖσδε
654 4241 669 4264 ,
695 4199 787 4253 τὸν
817 4199 873 4252 δὲ
901 4199 1076 4252 τοῖσδε
1110 4201 1421 4272 ἐπιφοιτᾷν.
1448 4198 1602 4263 Τίνος
1633 4199 1690 4253 δὲ
1719 4199 1907 4253 ἕνεκεν

325 4291 358 4342 6
395 4289 786 4358 εὑαγγελιστὴς
822 4288 1150 4360 μνημονεύει
1184 4289 1283 4358 τῆς
1317 4291 1410 4341 ἐπὶ
1444 4288 1503 4342 τὸ
1538 4289 1736 4359 στῆθος
1774 4289 1909 4343 ἀνα-

327 4378 586 4445 κλίσεως,
613 4377 710 4430 καὶ
740 4377 820 4430 ὅτι
849 4375 1102 4448 ἠρώτησε
1124 4391 1140 4408 ⁶
1177 4393 1197 4428 ι
1234 4375 1329 4438 Τίς
1354 4376 1502 4428 ἐστιν
1531 4377 1559 4428 6
1587 4374 1910 4446 παραδιδούς

331 4487 431 4536 σε;
468 4489 486 4522 ι
519 4471 630 4540 Ούχ
663 4469 870 4533 ἁπλῶς,
899 4470 992 4522 καὶ
1025 4468 1101 4532 ὠς
1131 4467 1346 4538 ἔτυχεν,
1378 4467 1603 4520 ἀλλ’ἵνα
1636 4466 1783 4536 δείξῃ
1813 4466 1911 4537 τὴν

2006 2007 2186 2052 autem
2220 1997 2384 2066 quid?
2419 2019 2437 2049 ο
2478 2012 2602 2050 num
2649 1996 2836 2049 eadem
2895 2010 2998 2066 qua
3029 2009 3129 2048 nos
3180 1993 3392 2048 incedet
3449 1990 3589 2046 via?

2011 2106 2136 2144 num
2172 2089 2445 2159 particeps
2474 2087 2574 2140 erit
2600 2087 2700 2140 iste
2721 2086 2902 2140 ovium
2937 2083 3293 2154 prmfecturm,
3333 2090 3496 2151 atque
3519 2081 3586 2136 ad

2007 2181 2093 2235 illa
2121 2178 2506 2247 delegabitur?
2537 2177 2670 2232 illud
2710 2177 2878 2241 enim,
2911 2193 2933 2228 ι
2963 2175 3204 2244 Sequere
3251 2189 3355 2239 me,
3392 2190 3410 2224 ι
3457 2187 3588 2243 pro-

2009 2273 2296 2343 pemodum
2329 2273 2429 2325 hoc
2462 2270 2727 2341 significat
2766 2288 2780 2325 :
2819 2267 2974 2332 Veni,
3011 2281 3229 2322 assume
3253 2281 3402 2328 oves,
3436 2280 3590 2335 egre-

2015 2365 2142 2419 dere
2167 2366 2220 2418 in
2259 2363 2536 2418 mundum.
2577 2362 2742 2433 Igitur
2764 2361 2887 2431 quia
2916 2359 3327 2414 viditDominus
3367 2358 3586 2412 Petrum

2009 2471 2191 2510 curam
2228 2455 2510 2509 habentem
2543 2453 2786 2515 Joannis,
2806 2463 2858 2505 et
2879 2453 2946 2506 ab
2977 2467 3041 2505 eo
3086 2450 3242 2505 avelli
3295 2450 3585 2513 nolentem,

2008 2547 2214 2603 dirimit
2274 2559 2368 2600 eos
2437 2553 2656 2614 propter
2729 2542 3164 2611 intempestivam
3245 2539 3586 2595 affectionem

2007 2650 2059 2694 et
2091 2637 2559 2695 consuetudinem.
2590 2634 2759 2704 Opus,
2808 2635 3001 2705 inquit,
3051 2633 3196 2704 quod
3237 2632 3332 2687 tibi
3354 2645 3583 2686 concrc-

2008 2733 2177 2786 ditum
2224 2739 2328 2793 est,
2377 2729 2596 2798 perﬁce,
2627 2737 2682 2782 et
2715 2745 2735 2778 ‹
2769 2741 2998 2796 sequere
3034 2741 3140 2788 me,
3183 2745 3201 2776 ι
3267 2726 3357 2794 qui
3405 2723 3580 2777 educo

2011 2834 2063 2879 te
2093 2823 2158 2878 ad
2210 2802 2700 2892 praedicationem,
2737 2825 2791 2874 et
2844 2827 3010 2871 totum
3063 2818 3248 2870 orbem
3294 2817 3345 2869 iu
3397 2829 3590 2868 manus

2012 2930 2130 2972 tuas
2153 2918 2326 2970 trado.
2351 2914 2501 2969 Illum
2538 2922 2719 2967 autem
2747 2914 2791 2965 si
2822 2910 2980 2964 velim
3004 2923 3223 2965 manere
3246 2908 3298 2961 in
3321 2909 3421 2962 boc
3446 2907 3591 2972 loco,

2008 3009 2224 3066 Galilana
2255 3007 2479 3072 scilicet,
2503 3015 2554 3062 et
2581 3020 2684 3059 non
2714 3005 2929 3058 mittere
2961 3013 3191 3066 tecum,¢
3225 3002 3348 3069 quid
3379 3001 3514 3054 adtc
3534 2999 3590 3053 τι

2017 3100 2226 3154 (Donec
2256 3099 2490 3162 veniam,
2531 3113 2550 3148 ι
2581 3094 2973 3165 ψιίιίιιιιι772
2990 3093 3068 3149 sic
3095 3105 3404 3158 exponunt:
3439 3111 3458 3144 ι
3490 3092 3596 3146 Do-

1933 3221 1977 3282 C
2011 3205 2130 3255 nec,
2172 3208 2191 3242 ι
2219 3188 2413 3258 inquit.
2435 3195 2620 3242 contra
2673 3183 2890 3240 Judaaos
2915 3225 2930 3250 ,
2955 3184 3045 3254 qui
3076 3197 3162 3236 me
3183 3183 3593 3248 crucitixerunt,

2012 3299 2033 3334 ι
2073 3279 2307 3344 veniam,
2339 3295 2357 3329 ι
2386 3289 2744 3345 percussurus
2778 3289 2871 3328 eos
2893 3273 2945 3327 in
2995 3273 3141 3343 virga
3197 3273 3591 3336 Romanorum,

2001 3379 2056 3425 et
2081 3367 2441 3423 subversurus
2483 3379 2669 3420 eorum
2713 3363 3011 3418 civitatem.
3058 3360 3250 3413 Dicunt
3281 3359 3421 3413 enim
3460 3373 3594 3428 apoo

2004 3464 2204 3521 stolum
2241 3459 2387 3515 illum
2415 3457 2584 3513 ferme
2616 3469 2787 3526 usque
2836 3453 2902 3508 ad
2936 3451 3255 3521 Vespasiani
3309 3450 3595 3520 imperium

2003 3557 2232 3626 locaque
2249 3552 2528 3622 superiora
2549 3562 2888 3619 peragrasse,
2908 3544 3288 3614 praedicantem
3301 3552 3355 3596 et
3369 3554 3597 3594 manen-

2007 3656 2113 3703 tem
2152 3647 2260 3702 illic
2287 3664 2302 3713 ;
2331 3644 2550 3715 quando
2581 3650 2760 3696 autem
2796 3637 3072 3708 capiendae
3103 3645 3259 3690 erant
3285 3633 3592 3703 llierosoly.

2011 3755 2133 3806 mae,
2166 3739 2469 3793 trausiisse.
2500 3735 2671 3804 Igitur
2715 3732 2841 3804 quia
2893 3743 3143 3799 maguum
3193 3725 3592 3796 prmdicationis

2009 3845 2145 3900 Opus
2169 3830 2299 3898 ipsis
2320 3837 2438 3882 erat
2460 3824 2850 3887 concreditum,
2877 3835 2982 3875 non
3006 3827 3166 3873 erant
3197 3817 3586 3887 coniungendi,

2009 3922 2102 3976 sed
2139 3918 2448 3990 separandi,
2481 3927 2540 3972 ut
2568 3932 2706 3972 unus
2723 3917 2788 3970 ad
2826 3919 2946 3982 bos,
2997 3915 3130 3970 alius
3162 3916 3226 3967 ad
3276 3913 3411 3965 alios
3465 3911 3592 3966 iret.

2009 4013 2187 4080 Quare
2213 4021 2394 4065 autem
2441 4007 2690 4061 meminit
2735 4007 3066 4076 evangelista
3117 4002 3391 4059 recubitus
3436 4015 3595 4069 supra

2009 4111 2219 4176 pectus,
2275 4111 2330 4156 et
2393 4100 2539 4171 quod
2596 4099 3036 4166 interrogaverit,
3074 4115 3095 4148 ι
3125 4095 3260 4164 Quis
3293 4102 3380 4148 est
3413 4093 3504 4162 qui
3541 4100 3594 4146 te

2013 4192 2227 4248 tradet?
2263 4211 2280 4244 ι
2319 4190 2434 4246 Νοιι
2460 4192 2560 4258 hoc
2591 4189 2926 4257 simpliciter,
2951 4201 3124 4257 neque
3149 4185 3370 4239 fortuito
3393 4182 3593 4248 evenit,

2012 4289 2104 4344 sed
2130 4298 2187 4343 ut
2216 4288 2472 4344 ostendat
2520 4286 2826 4340 libertatem
2857 4283 3006 4338 Petri
3064 4291 3182 4351 post
3231 4277 3594 4348 negationem.

2012 4378 2148 4436 Nam
2171 4381 2262 4451 qui
2294 4389 2421 4434 ante
2473 4393 2689 4434 crucem
2728 4392 2835 4431 non
2874 4373 3109 4429 audebat
3165 4373 3501 4440 interrogare
3531 4369 3599 4423 de

2017 4475 2302 4538 traditore,
2341 4471 2435 4529 sed
2495 4472 2652 4528 alteri
2709 4469 3102 4532 committebat,
3134 4467 3184 4520 id
3243 4471 3326 4518 est
3381 4461 3595 4527 Joanni,

335 4562 479 4632 μετά
504 4561 602 4632 τὴν
628 4561 855 4632 ἄρνησιν
886 4562 1198 4634 παρρησίαν
1223 4561 1315 4614 τοῦ
1345 4561 1574 4630 Πέτρου.
1607 4559 1667 4613 Ὀ
1695 4561 1802 4629 γὰρ
1837 4559 1903 4630 μὴ

2021 4563 2522 4634 interrogationem,
2542 4560 2620 4615 illi
2635 4560 2874 4615 omnium
2894 4555 3213 4628 przefectura
3232 4553 3597 4617 concreditur,

329 4653 548 4723 τολμῶν
581 4653 688 4723 πρὸ
715 4653 809 4706 τοῦ
849 4651 1086 4723 σταυροῦ
1120 4652 1396 4723 ἐρωτῆσαι
1431 4653 1560 4722 περὶ
1586 4651 1680 4706 τοῦ
1716 4652 1913 4722 προδό-

334 4765 457 4810 του,
487 4745 604 4798 ὰλλ’
629 4746 818 4818 ἑτέρῳ,
852 4745 930 4816 τῷ
957 4746 1202 4816 Ἰωάννῃ,
1233 4747 1551 4816 ἐπιτρέπων
1581 4747 1679 4818 τὴν
1708 4747 1919 4816 ἐρώτη-

336 4855 444 4904 σιν,
469 4831 622 4901 οὗτος
653 4839 748 4891 καὶ
773 4837 872 4908 τὴν
904 4838 1239 4907 προστασίαν
1265 4838 1483 4892 πάντων
1513 4835 1878 4908 ἐγχειρίζεται
1898 4851 1914 4866 °

335 4930 434 4983 καὶ
466 4929 528 4982 ού
569 4929 730 5000 μόνον
764 4930 939 4999 ἑτέρῳ
971 4929 1041 4982 τὰ
1075 4930 1196 4984 καθ’
1230 4930 1425 4984 ἑαυτὸν
1457 4931 1556 4984 οὐκ
1591 4931 1914 5002 ἐπιτρέπει,

336 5022 477 5077 ἀλλά
521 5024 617 5078 καὶ
666 5023 808 5094 ὑπὲρ
873 5021 1038 5077 αὑτοῦ
1089 5023 1298 5078 ἐκείνου
1326 5025 1420 5078 τοῦ
1473 5025 1730 5094 μάλιστα’
1763 5025 1916 5095 παρά

336 5116 547 5180 πάντας
593 5115 956 5186 ἀγαπωμένου
1011 5113 1277 5185 μαθητοῦ,
1329 5116 1529 5187 ἐρωτᾷ,
1585 5114 1680 5169 καὶ
1726 5113 1916 5185 ῶσπερ

339 5209 570 5280 μεσίτης
606 5206 743 5278 πρὸς
773 5207 866 5260 τὸν
897 5206 1102 5276 Κύριον
1133 5206 1366 5275 γίνεται.
1400 5205 1694 5275 Θαύμασον
1727 5205 1784 5258 δέ
1826 5222 1916 5274 μοι

334 5300 400 5354 τὸ
439 5301 641 5368 ἄτυφον
685 5298 780 5352 τοῦ
824 5299 1233 5368 εὐαγγελιστοῦ,
1276 5298 1394 5361 πῶς
1432 5297 1529 5369 τὴν
1570 5298 1917 5369 ὲσφαλμένην

333 5391 449 5446 τῶν
478 5391 688 5444 πολλῶν
717 5392 984 5462 ὑπόληψιν
1011 5391 1342 5463 διορθοῦται,
1371 5391 1447 5453 ὡς
1476 5391 1538 5443 ού
1571 5390 1913 5461 συνεωρακό-

333 5499 447 5538 των
478 5482 508 5536 6
539 5484 668 5553 περ)⁸
701 5482 868 5536 αὐτοῦ
903 5484 1122 5555 εἴρηκεν
1152 5486 1181 5537 6
1217 5481 1418 5554 Κύριος
1439 5521 1454 5544 ,
1489 5481 1624 5535 ἀλλὰ
1657 5482 1916 5550 νομισάν-

335 5595 478 5637 των,
512 5579 595 5632 ὅτι
625 5577 726 5630 οὐκ
761 5579 1132 5631 ἀποθανεῖται.
1194 5577 1268 5629 Τὸ
1300 5576 1355 5628 δὲ
1399 5576 1497 5628 οὐκ
1528 5570 1629 5646 ἦν,
1657 5573 1793 5627 ἀλλά
1819 5573 1880 5626 τὸ
1900 5613 1915 5634 ,

343 5687 363 5720 ε
402 5667 616 5734 Μένειν,
653 5687 672 5719 ι
703 5667 826 5738 οὐχὶ
854 5667 1101 5738 περὶτοῦ
1134 5667 1208 5738 μὴ
1234 5666 1527 5720 ἀποθανεῖν
1550 5666 1732 5730 αὑτὸν,
1762 5658 1914 5718 εἶπεν

334 5764 364 5815 6
401 5761 626 5832 Κύριος,
659 5760 797 5814 ἀλλά
831 5761 960 5828 περί
988 5761 1082 5814 τοῦ
1119 5759 1194 5829 μὴ
1228 5757 1582 5828 συνεζεῦχθαι
1612 5757 1689 5828 τῷ
1721 5757 1913 5827 Πέτρῳ

337 5855 398 5906 ὲν
428 5851 505 5924 τῷ
534 5851 624 5905 τοῦ
658 5851 1009 5924 κηρύγματος
1041 5850 1240 5923 καιρῷ,
1269 5851 1401 5904 ἀλλὰ
1437 5850 1618 5922 μένειν
1645 5849 1768 5904 καθ’
1790 5851 1912 5902 ἐαυ-

2021 4665 2202 4711 etnon
2238 4654 2414 4709 solum
2449 4667 2546 4708 sua
2580 4651 2734 4705 alteri
2771 4665 2876 4704 non
2930 4647 3241 4710 committit,
3274 4647 3365 4700 sed
3394 4654 3450 4698 et
3503 4659 3600 4713 pro

2022 4747 2109 4800 illo
2129 4747 2244 4816 ipso
2262 4746 2352 4816 qui
2378 4745 2610 4798 maxime
2629 4740 2952 4810 diligebatur
2977 4740 3298 4806 interrogat,
3325 4744 3378 4789 et
3406 4736 3464 4789 [lt
3495 4749 3600 4787 me-

2021 4840 2198 4895 diator
2231 4837 2370 4907 apud
2423 4833 2742 4889 Dominum.
2770 4831 3058 4885 Admirare
3110 4837 3290 4882 autem
3319 4840 3479 4895 quam
3529 4824 3602 4878 sit

1991 4929 2277 4984 'alienusa
2327 4925 2468 4980 fastu
2513 4923 2864 4995 evangelista,
2923 4921 3195 4993 quomodo
3246 4917 3599 4988 quorumdam

2019 5017 2376 5086 suspicionem
2409 5015 2652 5086 corrigit,
2685 5013 2825 5084 quod
2885 5028 2993 5066 uou
3045 5021 3192 5066 reete
3249 5007 3603 5078 cognoverint

2018 5111 2148 5182 quid
2189 5111 2254 5166 de
2283 5124 2347 5164 eo
2380 5108 2645 5162 Dominus
2687 5105 2907 5172 dixerit,
2949 5103 3043 5159 sed
3099 5101 3412 5172 putaverint
3459 5102 3603 5166 qnnd

2020 5219 2125 5258 non
2157 5202 2439 5268 moriatur,
2474 5199 2525 5254 id
2588 5199 2730 5270 quod
2762 5213 2866 5254 non
2917 5205 3056 5257 erat,
3104 5195 3198 5249 sed
3245 5211 3262 5243 ι
3314 5190 3532 5244 Manere
3577 5205 3595 5237 ι

2013 5295 2162 5364 jubet
2194 5308 2318 5348 eum
2357 5291 2638 5355 Dominus,
2675 5305 2780 5344 non
2813 5289 2956 5358 quod
2985 5301 3090 5339 non
3154 5285 3438 5344 moriatur,
3501 5277 3596 5333 sed

2017 5387 2158 5456 quod
2190 5402 2295 5441 non
2327 5385 2396 5440 sit
2417 5385 2727 5456 jungendus
2765 5396 2948 5436 cernes
2971 5378 3136 5433 Petro
3194 5373 3600 5457 praedicationis

2018 5491 2278 5548 tempore,
2315 5494 2533 5534 manere
2562 5488 2739 5533 autem
2763 5475 2957 5531 debeat
2988 5487 3086 5527 suo
3121 5471 3257 5524 loco.
3276 5471 3392 5522 Jam
3418 5478 3605 5520 mane-

2021 5589 2078 5628 re
2109 5592 2127 5624 ι
2168 5573 2342 5628 donec
2373 5573 2604 5636 veniam,
2642 5589 2660 5623 ι
2690 5571 2740 5626 id
2763 5579 2850 5626 est
2882 5568 3052 5622 donec
3081 5564 3212 5619 mihi
3245 5562 3523 5632 placuerit,
3545 5569 3603 5612 ut

2017 5681 2073 5722 et
2113 5669 2260 5722 illum
2281 5669 2506 5721 educam
2536 5667 2602 5720 ad
2627 5663 3083 5735 praedicationem.
3131 5658 3208 5715 Te
3261 5658 3402 5712 enim
3456 5667 3601 5708 nunc

2017 5761 2208 5826 educo,
2238 5769 2293 5812 ut
2313 5759 2500 5828 praesis
2524 5757 2663 5823 orbi,
2685 5769 2739 5812 et
2769 5775 2788 5809 ι
2818 5754 3064 5826 sequaris
3091 5770 3209 5809 me:
3243 5769 3262 5805 ι
3286 5750 3402 5820 ipse
3423 5755 3602 5802 autem

2018 5859 2234 5907 maneat
2261 5851 2363 5906 hoc
2400 5849 2537 5914 loco,
2575 5849 2746 5906 donec
2784 5847 3023 5916 redeam,
3054 5857 3108 5904 et
3161 5845 3385 5902 educam
3428 5839 3592 5897 etiam
