4056 6576
475 355 584 421 315

1319 320 1331 329 ’
1387 347 1967 413 THEOPHYLACTI
2005 346 2416 411 BULGABIA!
2458 346 2812 410 ARCHIEP.

3611 341 3716 409 316

474 470 653 541 ipsum
677 465 818 524 sicut
849 475 919 522 te.
948 463 1175 532 Quidam
1210 471 1388 519 autem
1415 464 1497 518 sie
1534 463 1836 533 intelligunt
1873 479 1887 516 :
1915 462 2048 517 Cum

2158 461 2260 514 τόν.
2292 461 2366 516 Τὸ
2382 463 2458 528 δέ,
2499 462 2675 528 «Ἕως
2707 462 2960 534 ἔρχομαι,
3004 481 3024 514 ›
3058 462 3356 528 τουτέστιν,
3383 462 3528 527 Ἕως
3566 464 3729 517 πάλιν

475 561 734 625 audisset,
761 559 958 629 inquit,
988 557 1202 621 Petrus,
1226 556 1369 626 quod
1397 556 1664 611 moriatur
1686 573 1783 625 pro
1806 555 2046 615 Christo.

475 647 743 706 dixinEt
775 642 1011 704 Joannes
1039 648 1169 717 quid
1204 646 1229 700 ?
1271 662 1400 701 ttttnt
1458 647 1727 707 morietur
1781 658 1836 701 et
1893 646 2049 715 ipse?

478 743 728 800 Christus
761 753 937 796 autem
963 741 1065 794 hoc
1092 754 1199 794 non
1262 739 1485 805 rejecit:
1537 739 1727 794 Omnis
1774 740 1916 794 enim
1955 739 2047 810 qui

478 845 633 888 natus
653 842 756 896 est,
783 833 943 886 etiam
969 832 1249 887 morietur.
1281 831 1617 887 Dixitautem
1647 849 1662 886 :
1699 850 1719 883 ι
1744 831 1798 886 Si
1833 832 2050 887 voluero

478 940 716 990 manere,
748 943 766 976 t
804 925 857 979 id
883 930 967 979 est
990 923 1173 979 vivere
1195 938 1317 977 eum
1336 939 1510 993 usque
1529 923 1594 976 ad
1626 923 2050 977 consummatio-

477 1033 599 1073 nem
616 1016 820 1082 sa'culi,
840 1026 898 1071 ut
922 1025 977 1072 et
997 1025 1123 1071 tunc
1152 1014 1217 1069 de
1241 1030 1324 1070 me
1346 1023 1593 1071 testetur.
1620 1014 1768 1070 Unde
1785 1025 1840 1070 et
1865 1015 2052 1068 dicunt

474 1110 657 1163 vivere
686 1121 830 1173 eum,
856 1116 909 1160 et
938 1108 1005 1161 ah
1026 1104 1362 1160 Antichristo
1405 1103 1760 1160 occidendum
1784 1119 1906 1160 cum
1931 1103 2048 1169 Elia

476 1199 857 1271 pradicantem
874 1197 1169 1252 Christum.
1191 1197 1449 1263 Quamvis
1468 1205 1646 1250 autem
1665 1204 1717 1248 et
1735 1210 2052 1250 monumen-

477 1303 592 1349 tuttt
626 1292 743 1360 ejus
776 1291 1113 1354 ostendatur,
1138 1289 1264 1360 quid
1292 1291 1393 1345 hoe
1421 1288 1595 1343 ?Nam
1621 1289 1807 1343 vivens
1835 1290 2048 1357 quidem

477 1385 754 1456 ingressus
777 1392 861 1440 est
892 1383 944 1437 in
978 1383 1128 1449 illttd,
1159 1392 1214 1437 et
1234 1382 1427 1437 deinde
1458 1382 1776 1444 translatus,
1812 1382 1952 1437 sicut
1984 1391 2052 1436 .et

478 1474 663 1529 Euoch
718 1481 773 1529 et
816 1472 1180 1546 Elias.lgitur
1225 1474 1555 1543 evangelista
1615 1477 1808 1530 evertit
1862 1473 2052 1529 ialsam

478 1567 789 1637 opinionem
812 1567 1236 1621 existimantium
1267 1568 1408 1635 quod
1440 1582 1545 1621 non
1585 1568 1848 1620 moriatur
1883 1566 2048 1620 disci-

2152 552 2245 607 καλ
2278 553 2440 607 αὑτὸν
2468 553 2745 623 εὐδοκήσω
2774 553 2910 623 πρὸς
2935 553 2995 606 τὸ
3027 555 3288 625 κήρυγμα
3317 554 3627 623 ἐξαγαγεῖν.
3658 557 3726 609 Σὲ

2154 645 2254 716 μὲν
2289 645 2397 714 γάρ
2433 644 2527 698 νῦν
2564 644 2741 713 ἐξάγω
2780 646 2872 700 ἐπὶ
2907 646 3006 715 τὴν
3043 646 3380 715 προστασίαν
3413 646 3514 717 τῆς
3550 649 3727 701 οἰκου-

2154 737 2346 808 μένης,
2378 738 2473 791 καὶ
2507 755 2525 788 ι
2565 737 2849 807 ἀκολούθει
2886 755 3014 808 μοι·
3056 758 3073 789 ι
3110 738 3270 801 αὐτὸς
3304 738 3361 790 δὲ
3397 738 3608 808 μενέτω
3642 741 3730 792 ἐν-

2150 829 2322 884 ταῦθα
2344 874 2360 899 ,
2391 831 2495 894 ἓως
2523 823 2584 884 οὗ
2616 832 2782 886 πάλιν
2812 832 2952 885 ἐλθω
2972 872 2987 896 ,
3018 832 3113 886 καὶ
3144 832 3319 897 ἐξάξω
3349 831 3510 885 αὐτὸν
3538 831 3730 900 ὥσπερ

2152 923 2247 976 καὶ
2286 922 2366 978 σέ.
2404 922 2560 987 Τινές
2596 923 2652 981 δέ
2673 925 2846 988 οὕτως
2877 924 3056 979 νοοῦσι
3083 938 3095 953 ⁶
3134 924 3432 990 ’Δκούσας,
3469 926 3665 994 φασιν,
3695 928 3728 978 6

2154 1012 2387 1084 Πέτρος,
2417 1016 2500 1069 ὅτι
2530 1015 2770 1070 θανεῖται
2802 1017 2940 1088 ὑπὲρ
2968 1016 3239 1089 Χριστοῦ,
3269 1012 3452 1084 εἶπεν,
3481 1018 3562 1073 ὅτι
3616 1020 3727 1072 Καὶ

2165 1105 2417 1176 Ἰωάννης
2450 1107 2537 1173 τίς
2570 1108 2633 1161 οὐ
2670 1107 2913 1163 θανεῖται
2948 1111 3042 1162 καὶ
3077 1109 3270 1175 αὐτάςς
3305 1108 3365 1163 '0
3401 1109 3458 1163 δὲ
3492 1111 3725 1181 Χριστὸς

2152 1196 2253 1250 οὐκ
2277 1198 2629 1270 ἀπηγόρευσε
2659 1200 2757 1269 μὲν
2778 1199 2939 1254 τοῦτο
2961 1200 3093 1271 (πᾶς
3118 1202 3228 1273 γὰρ
3253 1204 3282 1255 6
3308 1202 3610 1274 γεννηθεὶς,
3633 1203 3728 1256 καὶ

2153 1287 2438 1363 θανεῖται),
2476 1286 2598 1345 εἷπε
2639 1293 2696 1346 δέ
2726 1292 2807 1358 τὸ,
2845 1312 2864 1344 ι
2906 1293 3032 1346 Ἐάν
3067 1293 3205 1348 θέλω
3244 1294 3407 1350 αὐτὸν
3443 1296 3659 1364 μένειν·
3702 1315 3721 1347 ι

2151 1384 2400 1436 τουτέστι
2419 1422 2434 1445 ,
2465 1384 2573 1454 Ζῇν
2604 1382 2732 1454 ἄχρι
2759 1384 2858 1452 τῆς
2887 1383 2983 1437 τοῦ
3019 1385 3225 1455 κόσμου
3260 1384 3603 1450 συντελείας,
3634 1388 3731 1439 καὶ

2151 1473 2273 1526 τότε
2304 1473 2655 1543 μαρτυρῆσαι
2684 1473 2813 1545 περὶ
2842 1472 2997 1545 ἐμοῦ.
3023 1473 3186 1528 Ὅθεν
3213 1473 3308 1529 καί
3339 1491 3471 1545 φασι
3502 1475 3601 1545 ζῇν
3628 1476 3729 1527 αὑ-

2152 1566 2275 1634 τὸν,
2312 1566 2417 1620 ὑπὸ
2457 1567 2514 1622 δὲ
2547 1567 2640 1621 τοῦ
2676 1568 3046 1639 ’Δντιχρίστου
3094 1568 3308 1638 μέλλειν
3344 1570 3730 1640 ἀναιρεθῆναι,

479 1659 636 1727 pulus
659 1659 764 1724 hic,
795 1658 886 1713 sed
916 1658 1236 1712 immortalis
1259 1657 1349 1713 sit.
1385 1657 1520 1713 Vere
1538 1657 1682 1713 enim
1710 1656 2049 1711 mendacium

2158 1658 2254 1712 σὺν
2299 1658 2376 1729 τῷ
2401 1658 2572 1731 Ἠλίᾳ
2616 1659 2957 1731 κηρύττοντά
2999 1660 3092 1714 τὸν
3130 1661 3386 1732 Χριστόν.
3434 1662 3499 1716 Εί⁴
3538 1661 3593 1715 δέ
3638 1665 3735 1715 καὶ

480 1759 589 1811 est,
643 1750 1002 1803 immortalem
1055 1764 1177 1806 esse
1239 1749 1534 1803 hominem.
1593 1750 1852 1816 Quamvis
1906 1751 2049 1804 enim

2159 1749 2350 1820 μνῆμα
2379 1749 2545 1803 αὐτοῦ
2564 1750 2860 1814 δείκνυται,
2893 1752 2946 1805 τί
2972 1751 3163 1817 τοῦτο;
3197 1752 3314 1806 Ζῶν
3345 1753 3444 1823 μὲν
3473 1752 3583 1824 γὰρ
3614 1755 3728 1806 εἰσ·
3780 1820 3803 1835 Ι

482 1841 667 1897 Ειιοι·1ι
697 1851 749 1894 ut
780 1839 961 1895 Helias
983 1857 1087 1895 non
1119 1841 1224 1896 sint
1256 1843 1476 1904 mortui,
1524 1852 1761 1896 attamen
1798 1843 2055 1898 mortales

2158 1839 2316 1909 ἦλθεν
2342 1842 2401 1894 ἐν
2429 1841 2597 1911 αὐτῷ,
2630 1839 2751 1897 εἶτα
2782 1843 3039 1916 μετέστη.
3094 1845 3281 1915 ὥσπερ
3312 1848 3406 1898 καὶ
3438 1846 3609 1917 Ἑνὼχ
3638 1847 3733 1900 καὶ

480 1943 629 1987 sunt.
660 1932 731 1985 Ita
754 1942 809 1988 et
832 1932 919 1987 hic
947 1947 1163 2002 quoque
1195 1933 1442 2002 quamvis
1461 1949 1565 1987 non
1605 1932 1764 1986 fuerit
1788 1943 2056 2000 mortuus,

2158 1932 2362 1996 Ἠλίας.
2400 1934 2727 2003 Ἀνατρέπει
2756 1934 2933 1988 τοίνυν
2959 1938 2986 1989 6
3014 1936 3404 2006 εὐαγγελιστὴς
3435 1938 3534 2008 τὴν
3560 1937 3731 2006 ψευδῆ

479 2032 659 2077 tamen
688 2023 969 2089 morietur.
999 2023 1165 2092 Igitur
1189 2023 1334 2093 quod
1378 2042 1398 2075 ι
1443 2037 1546 2076 non
1566 2022 1814 2087 moritur,
1842 2041 1860 2074 ι
1889 2021 1941 2077 id
1968 2032 2052 2077 est

2158 2024 2311 2090 δόξαν
2341 2024 2453 2077 τῶν
2480 2025 2743 2094 οἰομένων
2763 2067 2777 2090 ,
2809 2027 2891 2079 ὃτι
2924 2028 3023 2081 οὐκ
3054 2028 3392 2100 ἀποθνήσκει
3422 2032 3450 2082 6
3484 2028 3730 2099 μαθητὴς

480 2115 802 2171 immortalis
860 2116 953 2179 sit,
1000 2113 1196 2171 falsum
1232 2125 1339 2172 est.
1387 2114 1491 2169 Alii
1553 2124 1734 2170 autem
1784 2115 2054 2170 aﬂirmant

2158 2110 2331 2179 οὗτος,
2377 2116 2491 2170 ἀλλ’
2514 2118 2782 2180 ἀθάνατος
2826 2118 2999 2174 ἐσται.
3042 2121 3249 2184 Ψευδές
3291 2121 3400 2192 γάρ
3442 2122 3631 2186 ὅντως,
3671 2123 3732 2174 τὸ

479 2209 623 2274 quod
687 2216 929 2262 mortuus
994 2205 1197 2262 fuerit:
1254 2216 1310 2262 et
1345 2206 1487 2277 quod
1543 2207 1691 2272 dicit,
1727 2224 1749 2258 ι
1789 2205 1847 2261 Si
1926 2222 2048 2260 eum

2158 2205 2419 2261 ἀθάνατον
2446 2202 2585 2260 εἶναι
2616 2207 2920 2278 ἄνθρωπον.
2951 2207 3068 2262 Κᾶν
3092 2209 3202 2279 γάρ
3232 2209 3399 2280 Ἑνὼχ
3428 2211 3517 2262 καὶ
3543 2211 3733 2273 Ἠλίας

484 2297 707 2350 voluero
761 2311 999 2362 manere,
1063 2313 1084 2347 ι
1146 2296 1453 2365 intelligunt
1498 2296 1638 2349 sicut
1714 2296 2050 2364 interpretati

2158 2297 2250 2351 οῦκ
2282 2297 2552 2352 ἀπέθανον
2572 2339 2586 2363 ,
2620 2299 2735 2352 ἀλλ’
2758 2300 2906 2368 ὅμως
2939 2300 3145 2372 θνητοί.
3179 2301 3363 2364 Οὕτως
3398 2300 3489 2359 οὖν
3518 2303 3613 2356 καὶ
3643 2298 3737 2354 οὗ-

479 2382 687 2443 sumus.
712 2386 912 2441 Omnes
934 2386 1217 2455 opiniones
1239 2387 1507 2441 diximus:
1540 2402 1605 2440 ne
1622 2402 1781 2456 quam
1807 2387 2056 2457 ignorent

2158 2403 2264 2449 τος,
2313 2387 2416 2440 κᾶν
2456 2390 2557 2442 οὐκ
2600 2390 2895 2455 ἀπέθανεν,
2941 2392 3057 2446 ἀλλ’
3082 2393 3454 2448 ἀποθανεῖται.
3496 2393 3578 2446 T6
3612 2390 3731 2459 οὖν,

476 2478 913 2537 studiosi.Nohis
943 2490 1124 2534 autem
1168 2479 1362 2547 placet,
1398 2478 1561 2549 773
1588 2488 1669 2543 ut,
1706 2497 1729 2531 ι
1759 2478 2056 2534 donecve-

2160 2498 2180 2531 ι
2234 2478 2353 2534 Οὐκ
2400 2483 2753 2552 ἀποθνήσκει,
2815 2503 2834 2536 ι
2888 2487 3190 2551 τουτέστιν,
3242 2487 3508 2551 ἀθάνατος
3555 2487 3735 2550 ἔσται,

481 2569 649 2631 niam,
672 2587 690 2619 ι
713 2568 846 2622 intel
869 2567 1045 2636 igatur
1062 2567 1607 2636 sicutChrysostomo
1621 2568 1803 2623 divino
1814 2578 1869 2623 et
1890 2583 2055 2623 aureo

2159 2570 2374 2641 ψευδές.
2396 2574 2579 2628 Ἄλλοι
2604 2576 2657 2629 δὲ
2682 2576 3136 2643 διαϐεϐαιοῦνται,
3164 2579 3247 2632 ὅτι
3275 2578 3531 2636 ἀπέθανε.
3555 2579 3629 2631 Τὸ
3653 2580 3735 2645 δέ,

478 2660 554 2715 illi
571 2660 653 2713 ori
678 2658 911 2724 videtur,
943 2674 1048 2713 non
1068 2659 1134 2714 de
1154 2659 1283 2727 vita,
1308 2659 1402 2715 sed
1420 2660 1563 2730 quod
1581 2674 1689 2714 non
1722 2660 1794 2715 sit
1821 2660 2055 2731 jungen-

2168 2681 2188 2715 ι
2227 2664 2357 2719 Ὲάν
2388 2665 2527 2720 θέλω
2559 2669 2719 2721 αὐτὸν
2750 2671 2953 2737 μένειν,
2993 2689 3012 2723 t
3045 2671 3122 2735 ὡς
3152 2670 3358 2724 ἄνωθεν
3384 2672 3738 2741 ήρμηνεύσα-

478 2752 581 2807 dus
610 2751 792 2806 Petro.
2168 2770 2287 2824 μεν,
2314 2756 2457 2811 οῦτω
2482 2758 2683 2814 νοοῦσι.
2715 2761 2898 2826 Πάσας
2925 2763 2983 2816 δὲ
3008 2761 3103 2824 τάς
3129 2762 3287 2828 δόξας
3316 2765 3569 2833 εἴπομεν,
3595 2763 3745 2833 ὑπὲρ

479 2840 577 2895 τοῦ
610 2840 880 2912 μηδεμίαν
909 2837 1221 2907 ἀγνοεῖσθαι
1247 2843 1358 2903 τοῖς
1389 2840 1773 2911 φιλομαθέσιν·
1807 2841 1883 2906 ὡς
1913 2843 2044 2914 ἡμῖν
2085 2860 2148 2913 γε
2176 2844 2271 2910 τὸ,
2310 2865 2328 2897 ι
2366 2849 2596 2913 Μένειν,
2626 2848 2730 2913 ἔως
2763 2849 3012 2922 ἔρχομαι,
3071 2871 3091 2902 ι
3128 2851 3302 2916 οὕτως
3340 2854 3564 2922 ἀρέσκει
3595 2855 3739 2907 νοεῖ-

482 2935 643 2997 σθαι,
673 2934 749 2997 ὡς
783 2931 861 3004 τῷ
898 2931 1028 3003 θείῳ
1065 2931 1160 2987 καὶ
1194 2933 1380 3003 χρυσῷ
1415 2932 1512 3004 τὴν
1546 2933 1794 3003 γλῶτταν
1829 2936 2057 3009 Ἰωάννῃ
2090 2937 2272 3006 δοκεῖ,
2304 2941 2425 3011 οὐχὶ
2460 2945 2587 3014 περὶ
2621 2945 2718 3015 τῆς
2755 2945 2935 3018 ζωῆς,
2998 2947 3135 3005 ἀλλά
3170 2950 3300 3018 περὶ
3365 2947 3460 3001 τοῦ
3499 2947 3579 3020 μὴ
3609 2956 3735 3004 συν·

481 3027 740 3099 εζεῦχθαι
768 3027 845 3097 τῷ
878 3027 1091 3100 Πέτρῳ.

554 3120 718 3175 Vsus.
750 3119 842 3185 24,
866 3120 961 3175 25.
994 3138 1013 3171 ι
1051 3120 1148 3174 Hic
1171 3123 1267 3190 {est
1296 3120 1591 3191 discipulus
1637 3122 1727 3181 ille
1768 3125 1859 3194 qui
1907 3124 2056 3181 testi-

2236 3145 2256 3179 ι
2300 3119 2469 3190 Οὗτός
2509 3128 2656 3181 ἐστιν
2691 3129 2720 3182 6
2763 3129 3011 3203 μαθητὴς
3046 3128 3075 3182 6
3115 3132 3413 3202 μαρτυρῶν
3444 3131 3574 3201 περὶ
3606 3131 3738 3185 τοὺ-

484 3213 727 3268 mouium
762 3213 1007 3279 perbibet
1038 3213 1104 3275 de
1136 3214 1242 3281 his,
1269 3223 1323 3269 et
1354 3215 1571 3283 scripsit
1603 3217 1739 3283 haec,
1771 3226 1826 3272 et
1853 3218 2058 3275 scimus

483 3304 630 3374 quod
672 3318 859 3359 verum
892 3313 974 3361 est
1017 3306 1384 3361 testimonium
1435 3307 1573 3375 ejus.
1611 3307 1749 3362 Sunt
1791 3318 1973 3363 autem
2006 3318 2060 3363 et

485 3395 593 3450 alia
644 3396 809 3450 multa
857 3412 978 3466 qua
1019 3397 1148 3452 fecit
1181 3395 1358 3459 Jesus.
1395 3413 1517 3467 quae
1543 3397 1588 3452 si
1635 3398 1938 3453 scribantur
1964 3415 2063 3470 per

481 3486 712 3557 singula,
744 3502 844 3543 nec
883 3489 1018 3557 ipse,
1041 3489 1259 3560 opinor,
1287 3491 1523 3549 mundus
1563 3503 1780 3560 caperet
1811 3506 1907 3546 eos
1959 3503 2066 3561 qui

479 3578 855 3636 scriberentur
897 3579 1088 3635 libros.
1136 3598 1156 3632 ι
1207 3580 1387 3647 Quare
1434 3596 1555 3635 cum
1602 3580 1778 3636 nullus
1829 3597 2064 3652 evange-

478 3669 729 3726 listarum
784 3671 920 3726 alius
962 3673 1031 3727 de
1080 3672 1259 3742 seipso
1305 3672 1620 3742 perhiberet
1666 3673 2058 3739 testimonium,

482 3760 577 3816 hic
604 3762 671 3816 de
699 3763 880 3831 seipso
921 3763 1192 3818 testatur?
1224 3764 1432 3818 Dicitur
1464 3774 1778 3832 postremus
1821 3764 1888 3818 ad
1923 3765 2063 3820 scri-

480 3850 716 3907 bendmn
764 3851 1080 3918 accessisse,
1129 3868 1251 3907 eum
1289 3862 1467 3908 motus
1507 3863 1562 3908 et
1613 3855 1882 3909 excitatus
1914 3865 2058 3911 esset

440 3938 455 3947 κ
483 3942 551 3995 ad
577 3941 629 3995 id
655 3955 752 4010 per
777 3941 1077 3999 Christum.
1103 3942 1168 3997 Et
1200 3950 1419 4013 propter.
1441 3930 1546 3999 hoc
1580 3960 1721 4014 saepe
1756 3946 2062 4001 dilectionis

489 4036 758 4097 meminit,
790 4033 1083 4089 ostendens
1114 4049 1333 4089 causam
1368 4043 1588 4104 propter
1620 4050 1779 4104 quam
1809 4039 1879 4090 ad
1918 4036 2058 4091 scri-

482 4126 714 4182 bendum
767 4126 1076 4192 accesserit,
1104 4126 1246 4195 quod
1276 4125 1529 4181 Christus
1576 4126 1917 4208 commiserit
1956 4112 2059 4182 hoc

482 4233 618 4288 opus
651 4219 700 4274 ei
722 4257 738 4283 ,
778 4218 867 4286 qui
915 4233 1026 4289 pra:
1058 4218 1178 4274 aliis
1205 4218 1374 4289 magis
1415 4216 1762 4289 diligebatur.
1804 4218 1872 4275 Et
1900 4221 2015 4276 scio
2040 4260 2057 4288 ,

482 4310 680 4381 inquit,
730 4310 872 4381 quod
913 4326 1040 4366 vera
1091 4312 1244 4376 dicit,
1299 4312 1404 4367 hoc
1447 4319 1552 4378 est,
1588 4311 1771 4368 Certis
1841 4312 2059 4369 indiciis

484 4416 821 4472 ('Ompertum
856 4404 1085 4471 habens,
1120 4404 1319 4474 scripsi
1352 4419 1474 4475 quas
1507 4405 1727 4473 scripsi,
1752 4415 1937 4474 utpote
1964 4406 2055 4476 qui

2160 3233 2291 3280 των,
2334 3219 2427 3269 καὶ
2471 3218 2690 3290 γράψας
2727 3218 2901 3274 ταῦτα
2926 3235 2941 3249 '
2985 3221 3081 3273 καὶ
3121 3219 3363 3290 οἴδαμεν,
3404 3222 3486 3274 ὄτι
3530 3221 3745 3290 ἀληθής

2160 3309 2309 3363 ἐστιν
2342 3310 2374 3378 ἡ
2417 3311 2691 3381 μαρτυρία
2727 3310 2915 3366 αὑτοῦ.
2944 3312 3101 3364 Ἔστι
3134 3312 3191 3366 δέ
3223 3314 3319 3367 καὶ
3349 3311 3489 3368 ἄλλα
3522 3313 3699 3365 πολλὰ
3720 3357 3743 3381 ,

2160 3400 2261 3454 ὅσα
2292 3401 2545 3471 ἐποίησεν
2572 3405 2600 3456 6
2627 3402 2856 3474 Ἰησοῦς.
2882 3403 3042 3459 ἅτινα
3073 3405 3167 3458 ἐὰν
3198 3406 3475 3475 γράφηται
3504 3405 3628 3458 x10?
3652 3407 3737 3465 ἓν.

2161 3492 2279 3548 οὐδὲ
2310 3494 2471 3546 αὑτὸν
2502 3489 2655 3563 οἶμαι
2686 3494 2781 3549 τὸν
2808 3494 3011 3566 κόσμον
3044 3496 3289 3566 χωρῆσαι
3319 3497 3387 3551 τά
3414 3497 3743 3568 γραφόμενα

2163 3585 2366 3656 βιϐλία.
2410 3604 2429 3637 ›
2468 3587 2624 3650 Τίνος
2664 3586 2852 3641 ἕνεκεν
2890 3588 3118 3657 μηδενὸς
3149 3588 3257 3642 τῶν
3290 3589 3465 3644 ἄλλων
3499 3590 3738 3658 εὐαγγε⁹
3822 3574 3823 3577 η

2160 3675 2356 3729 λιστῶν
2394 3679 2842 3747 μαρτυρήσαντος
2875 3677 3076 3747 ἐαυτῷ,
3111 3674 3265 3741 οὗτος
3304 3683 3571 3751 μαρτυρεῖ
3603 3684 3740 3751 περὶ

2159 3766 2324 3820 αὑτοῦ
2347 3785 2362 3834 ;
2394 3768 2626 3836 Λέγεται
2657 3767 2883 3841 ὕστερον
2910 3768 3047 3837 πρὸς
3071 3769 3132 3822 τὺ
3156 3770 3391 3840 γράφειν
3421 3770 3615 3835 ἐλθεῖν,
3643 3773 3744 3829 τοῦ

2162 3857 2398 3929 Χριστοῦ
2454 3860 2779 3930 κινήσαντος
2836 3860 2998 3913 αὐτὸν
3050 3861 3144 3913 καὶ
3196 3862 3583 3931 διεγείραντος.
3640 3865 3748 3919 Διὰ

2158 3945 2316 4000 τοῦτο
2355 3947 2450 4000 καὶ
2495 3947 2768 4018 μέμνηται
2814 3949 3052 4019 συνεχῶς
3089 3951 3189 4020 τῆς
3236 3950 3475 4020 ἀγάπης,
3522 3953 3745 4016 δεικνὺς

2158 4037 2257 4109 τὴν
2280 4038 2461 4093 αἰτίαν
2486 4040 2580 4108 ἀφ’
2614 4035 2682 4111 ἧς
2713 4042 2805 4093 ἐπὶ
2828 4040 2887 4093 τὸ
2910 4039 3143 4110 γράφειν
3164 4036 3347 4111 ἦλθεν.
3373 4043 3469 4095 καὶ
3495 4043 3583 4096 ὅτι
3604 4043 3748 4110 ἀγα-

2163 4130 2401 4199 πωμένῳ
2451 4129 2559 4182 τῶν
2610 4130 2786 4189 ἀλλων
2845 4130 3079 4199 μάλιστα
3132 4131 3429 4204 ἐνεχείρισε
3475 4132 3632 4185 τοῦτο
3678 4133 3747 4185 τὸ

2159 4219 2320 4292 ἔργον
2349 4223 2378 4274 6
2405 4221 2663 4289 Χριστός.
2693 4220 2804 4278 Καὶ
2834 4216 2952 4275 οἶδα
2974 4262 2990 4284 ,
3022 4223 3156 4293 φησι
3176 4266 3191 4286 ,
3223 4224 3306 4275 ὅτι
3339 4222 3515 4293 ἀληθῆ
3548 4222 3700 4290 λέγει
3728 4239 3741 4253 ·

2157 4313 2430 4379 τουτέστι,
2482 4313 2935 4384 Πληροφορηθεὶς
2979 4312 3218 4384 ἔγραψα,
3267 4314 3308 4370 ἀ.
3356 4313 3591 4385 ἔγραψα,
3640 4314 3742 4369 ﬁt:

2159 4406 2294 4458 πᾶσι
2318 4403 2530 4476 παρὼν,
2557 4405 2653 4458 καὶ
2678 4407 2791 4466 τοῖς
2818 4405 2999 4475 ἔργοις
3027 4406 3121 4459 καὶ
3144 4407 3259 4468 τοῖς
3284 4404 3483 4473 λόγοις,
3510 4406 3605 4458 καὶ
3627 4409 3745 4469 τοῖς

483 4494 705 4550 interfui
741 4496 997 4552 omnibus
1035 4497 1400 4564 sermonibus,
1445 4504 1503 4552 et
1547 4496 1803 4567 operibus
1842 4507 1898 4553 et
1937 4513 2056 4567 pas-

2163 4495 2380 4560 πάθεσι,
2408 4495 2504 4550 καὶ
2531 4496 2643 4559 τοῖς
2670 4494 2810 4565 μετά
2831 4495 2930 4566 τὴν
2956 4495 3271 4554 ἀνάστασιν.
3304 4496 3603 4571 Ἀγαπητὸς
3632 4496 3746 4568 γὰρ

480 4587 727 4644 siouibus
754 4599 807 4646 et
834 4590 917 4646 his
940 4606 1060 4661 quae
1090 4601 1212 4661 post
1230 4590 1688 4646 resurrectionem
1713 4590 2051 4646 acciderunt.

483 4677 719 4736 Dilectus
748 4681 893 4735 enim
933 4696 1104 4750 erant,
1151 4676 1207 4737 et
1244 4696 1350 4737 non
1396 4682 1749 4747 exeludebar,
1782 4693 1947 4751 atque
1982 4682 2057 4737 ita

486 4769 720 4826 ﬁdenter
745 4780 800 4826 et
828 4772 895 4828 de
924 4772 1131 4840 meipso
1156 4772 1278 4828 dico
1300 4761 1443 4843 quod
1468 4788 1593 4829 vera
1626 4774 1767 4842 dico,
1796 4788 2060 4845 provoca-

486 4872 573 4919 tus
592 4872 651 4917 ιιι
675 4864 1019 4933 exquirerem
1049 4879 1168 4934 qua:
1192 4865 1331 4919 taeta
1363 4872 1514 4933 sunt,
1536 4876 1592 4921 et
1615 4865 1824 4936 singula
1851 4865 2060 4923 exami-

486 4970 693 5013 narem.
721 4955 951 5011 Prorsus
966 4964 1148 5011 autem
1169 4956 1407 5011 solemus
1427 4971 1530 5012 nos
1564 4956 1815 5012 homines
1840 4956 2057 5027 quando

483 5046 622 5103 bene
650 5047 865 5104 ﬁdimus
899 5047 1117 5103 veritati
1152 5062 1489 5118 nequaquam
1523 5048 1837 5104 testimonia
1867 5055 2056 5102 nostra

486 5151 742 5194 recusare
778 5154 793 5192 :
829 5138 883 5192 id
937 5140 1080 5209 quod
1131 5148 1188 5196 et
1252 5138 1480 5210 apostoli
1535 5138 1832 5195 dicebant:
1889 5158 1908 5191 ι
1951 5138 2059 5194 Nos

483 5243 672 5285 sumus
698 5237 865 5284 testes
889 5244 1074 5285 eorum
1104 5245 1224 5301 quae
1249 5230 1496 5296 dicimus,
1526 5241 1581 5287 et
1634 5230 1870 5302 Spiritus
1899 5246 2057 5302 quem

484 5320 635 5378 dedit
673 5321 1050 5378 obedientibus
1076 5322 1203 5377 sibi.
1238 5339 1258 5374 ι
1293 5320 1448 5377 Unde
1477 5331 1654 5377 autem
1689 5323 2059 5389 manifestum,

487 5410 685 5479 inquit,
717 5412 859 5480 quod
882 5427 1010 5468 vera
1038 5412 1242 5476 dicam,
1269 5420 1324 5468 et
1352 5426 1457 5467 non
1488 5411 1674 5467 aduler
1697 5413 2060 5484 przeceptori?

490 5499 570 5559 Ex
611 5516 677 5556 eo
717 5502 861 5572 quod
895 5502 1062 5559 multa
1107 5503 1483 5573 praetermitto,
1528 5504 1670 5559 unde
1716 5506 2057 5574 perspicuum

489 5593 632 5661 quod
672 5608 777 5649 non
813 5593 1019 5649 aduler.
1052 5594 1151 5662 Qui
1202 5597 1348 5651 enim
1395 5594 1750 5662 ignominiosa
1792 5596 1972 5649 omnia
2006 5596 2058 5649 in

488 5681 726 5738 medium
758 5684 979 5754 protuli,
1004 5695 1058 5740 et
1081 5701 1187 5740 non
1210 5686 1488 5751 abscondi,
1520 5686 1661 5754 quod
1689 5701 1809 5740 eum
1841 5695 1894 5740 et
1926 5702 2062 5755 pra:-

492 5773 849 5834 varicatorem
883 5777 1049 5850 legiso,
1088 5786 1142 5832 et
1169 5779 1507 5836 seductorem
1539 5776 1973 5842 nominaverunt,
2008 5787 2061 5834 et

2160 4588 2333 4660 ήμην,
2365 4587 2459 4641 καὶ
2500 4588 2602 4641 οὐκ
2640 4587 3124 4659 ἀπελιμπανόμην.
3153 4589 3319 4645 Ὥστε
3362 4589 3744 4660 παρρησιάζοο

2162 4697 2295 4750 μαι,
2330 4680 2425 4735 καλ⁵
2456 4681 2583 4750 περὶ
2617 4679 2853 4751 ἐμαυτοῦ
2887 4679 3063 4748 λέγω,
3096 4681 3178 4735 ὅτι
3211 4679 3497 4752 ἀληθεύω.
3531 4696 3742 4749 προκαο

2159 4771 2419 4843 λούμενος
2456 4773 2732 4838 ἐξετάζειν
2765 4772 2836 4828 τά
2874 4773 3254 4844 γεγενημένα,
3293 4772 3388 4827 καὶ
3426 4772 3743 4842 βασανίζειν

2161 4863 2283 4919 καθ’
2311 4864 2559 4918 ἕκαστον.
2608 4862 2895 4932 Είώθαμεν
2940 4863 2998 4917 δὲ
3047 4864 3264 4927 πάντως
3314 4863 3365 4917 oi
3412 4864 3690 4931 ἅνθρωποι
3717 4903 3737 4929 ,

2158 4957 2288 5010 ὅταν
2331 4955 2537 5026 σφόδρα
2575 4955 2869 5028 θαρρῶμεν
2907 4954 3002 5008 ἐπὶ
3041 4957 3111 5025 τῇ
3155 4952 3412 5025 ἀληθείᾳ,
3461 4953 3737 5024 μηδέποτε

2159 5049 2257 5120 τὴν
2288 5049 2498 5104 ἑαυτῶν
2532 5047 2836 5119 μαρτυρίαν
2865 5046 3181 5118 ἀρνεῖσθαι,
3211 5047 3346 5118 ὅπερ
3383 5047 3477 5100 καὶ
3509 5047 3559 5099 οἱ
3592 5046 3741 5099 ἀπό-ι

2163 5141 2339 5195 στολοι
2379 5140 2563 5205 ἔλεγον
2588 5154 2602 5167 ·
2647 5157 2666 5191 ι
2705 5140 2896 5209 Ἡμεῖς
2938 5140 3106 5209 ἐσμεν
3146 5140 3424 5210 μάρτυρες
3463 5133 3538 5191 ὧν
3572 5136 3735 5204 λέγο-

2165 5249 2294 5303 μεν,
2330 5231 2423 5285 καὶ
2451 5232 2510 5285 τὺ
2543 5231 2766 5300 Πνεῦμα
2785 5271 2799 5297 ,
2830 5230 3044 5284 δέδωκε
3076 5233 3189 5294 τοῖς
3220 5228 3604 5299 πειθαρχοῦσιν
3633 5227 3738 5279 αὐ-

2159 5324 2260 5396 τῷ.
2293 5343 2311 5376 t
2346 5324 2514 5377 Πόθεν
2536 5323 2592 5377 δὲ
2616 5321 2796 5393 δῆλον,
2823 5322 2906 5376 ὅτι
2933 5321 3154 5393 ’Δληθῆ,
3183 5321 3338 5393 φησὶ,
3365 5319 3527 5388 λέγω,
3552 5318 3647 5371 καὶ
3673 5318 3741 5371 οὐ

2162 5414 2457 5486 χαρίζομαι
2484 5413 2562 5485 τῷ
2591 5413 2928 5483 διδασκάλῳ;
2962 5414 3072 5467 Καὶ
3104 5414 3168 5466 ἐκ
3196 5412 3289 5465 τοῦ
3321 5411 3389 5464 τά
3422 5407 3592 5463 πολλὰ
3622 5424 3740 5461 πα-

2167 5506 2435 5577 ραλιπεῖν,
2459 5505 2583 5560 ὅθεν
2606 5505 2785 5577 δῆλον,
2815 5505 2897 5558 ὅτι
2925 5505 3024 5558 οὐκ
3053 5504 3119 5559 ἂν
3146 5502 3508 5574 ἐχαρισάμην.
3536 5500 3595 5553 '0
3623 5499 3742 5573 γάρ

2162 5597 2231 5653 τὰ
2259 5598 2595 5652 ἐπονείδιστα
2626 5599 2800 5652 πάντα
2829 5598 2908 5660 είς
2940 5596 3105 5665 μέσον
3128 5596 3264 5661 θεὶς,
3293 5597 3386 5649 καὶ
3415 5591 3550 5662 μηδὲ
3574 5588 3741 5643 τοῦτο

2163 5685 2645 5756 ἀποκρυψάμενος,
2675 5686 2757 5739 ὅτι
2792 5684 2886 5738 καὶ
2918 5685 3115 5756 ἄνομον
3149 5685 3309 5738 αὐτὸν
3340 5683 3604 5737 ἐκάλεσαν
3638 5681 3739 5733 καὶ

2164 5777 2394 5843 πλάνον,
2427 5779 2519 5833 καὶ
2548 5778 2886 5851 δαιμονῶντα
2904 5819 2919 5846 ,
2950 5776 3165 5849 εὔδηλον
3191 5778 3270 5832 ὅτι
3300 5776 3401 5831 οὐκ
3424 5774 3488 5830 ἀν
3548 5774 3742 5845 ἐχαρι-
