4056 6606
369 421 482 489 an
1086 365 1536 478 ENARRATIo
1579 411 1663 474 IN
1693 410 1971 476 EVANGI

2029 411 2194 476 .lUM
2231 412 2576 475 IOANNIS.
2618 437 2690 451 -·
2717 412 2874 476 CAP.
2921 412 3020 475 IV.
3525 405 3631 472 318

368 541 576 611 σάμην.
637 536 696 590 ’0
717 533 827 607 γάρ
877 519 1257 606 χαριζόμενος,
1304 529 1616 586 τούναντίον
1665 531 1846 582 ποιεῖ’
1895 528 1964 581 τὰ

2065 530 2478 595 dmmoniacum,
2516 529 2862 585 manifestum
2894 537 2976 585 est
3007 528 3148 599 quod
3173 528 3484 596 neutiquam
3513 526 3646 580 aiu-

367 630 723 687 ιπονείδιστα
762 627 1005 699 παριεὶς,
1039 626 1108 679 τά
1146 624 1335 689 ἔνδοξα
1375 624 1456 686 είς
1498 622 1664 693 μέσον
1699 621 1960 692 παράγει.

2067 623 2209 678 latus
2259 623 2473 676 fuerim.
2527 620 2630 688 Qui
2684 623 2829 676 enim
2880 622 3154 688 adulatur,
3210 630 3265 676 et
3304 620 3369 674 ad
3415 617 3645 688 gratiam

365 725 470 794 Μὴ
504 722 790 794 θαυμάσῃς
823 720 899 783 δὲ,
936 719 985 773 εί
1015 718 1083 772 τὰ
1115 717 1442 789 γραφόμενα
1477 713 1660 785 βιϐλία
1695 713 1826 784 περὶ
1852 712 1964 766 τῶν

2066 713 2337 782 loquitur,
2367 711 2701 766 contrarium
2751 711 2906 777 facit,
2971 707 3648 780 omissisquecmtempli—

367 815 476 870 τοῦ
511 813 688 885 Ἰησοῦ
719 813 898 882 ἔργων
927 811 1029 881 ἔφη
1062 811 1137 882 μὴ
1169 809 1420 882 χωρῆσαι
1448 807 1542 860 τὸν
1572 805 1814 876 κόσμονξ
1849 803 1964 858 ἀλλ’

2067 806 2304 871 hilibus,
2346 805 2580 876 gloriosa
2619 803 2672 860 in
2706 803 2939 858 medium
2972 802 3210 857 adducit.
3245 800 3321 856 Ne
3363 798 3651 853 admireris

371 908 642 980 ἐννοήσας
676 905 778 977 τὴν
811 904 1017 973 ἄφατον
1049 902 1281 973 δύναμιν
1313 899 1408 954 τοῦ
1449 896 1586 952 Θεοῦ
1621 897 1797 965 Λόγου
1819 936 1834 957 .
1872 913 1965 949 πι-

2069 908 2250 954 autem
2294 898 2339 952 si
2385 898 2551 952 libros
2599 898 2687 966 qui
2733 896 2800 952 de
2847 895 3105 966 operibus
3144 894 3270 948 Jcsu
3317 892 3650 954 scribantur,

373 1001 525 1065 στῶς
562 999 715 1066 δέξαι
747 998 809 1052 τὺ
851 997 1034 1069 ῥηθέν.
1062 995 1257 1066 ὥσπερ
1299 993 1408 1065 γὰρ
1448 995 1580 1063 ἡμῖν
1614 992 1676 1044 τὸ
1724 990 1972 1060 φθέγγε-

2073 989 2334 1046 mundum
2382 991 2518 1045 dixit
2581 1005 2686 1044 non
2744 1003 2958 1057 capere.
3025 986 3118 1041 sed
3152 985 3419 1040 intellecta
3466 981 3655 1037 inclia-

374 1092 543 1159 σθαι,
577 1090 751 1154 οὕτως
784 1088 1011 1158 ἐκείνῳ,
1053 1085 1253 1158 μᾶλλον
1286 1084 1342 1138 δὲ
1376 1082 1558 1153 πολλῷ
1597 1083 1759 1153 ῥᾷον,
1796 1083 1971 1134 ποιεῖν

2072 1085 2166 1142 bili
2223 1084 2272 1138 vi
2339 1084 2432 1138 Dei
2481 1081 2684 1148 Verbi,
2735 1081 2939 1136 dictum
2987 1079 3221 1134 ﬁdeliter
3271 1077 3476 1145 accipe.
3520 1074 3654 1128 Nam

374 1183 532 1255 ᾰπερ
563 1181 775 1253 ἤθελεν.
806 1179 963 1243 Τινὲς
997 1177 1054 1230 δὲ
1087 1174 1350 1248 Γραφικῷ
1384 1174 1497 1228 ἔθει
1533 1172 1766 1244 ῥηθῆναι
1797 1173 1970 1243 ύπερ-

2075 1176 2216 1231 sicut
2283 1173 2438 1229 nobis
2499 1172 2688 1241 loqui,
2743 1171 2818 1224 ita
2878 1169 2992 1232 illi,
3051 1168 3160 1220 imo
3214 1167 3384 1220 multo
3446 1164 3658 1219 facilius

376 1275 616 1337 ϐολικῶς
637 1272 797 1326 τοῦτό
823 1287 1012 1341 φασιν.
1036 1269 1196 1332 Ἐθος
1221 1268 1332 1339 γὰρ
1355 1269 1420 1337 τῇ
1449 1266 1639 1338 Γραφῇ
1665 1267 1784 1327 ταῖς
1809 1264 1908 1316 ὑπε
1918 1281 1974 1333 ρ-

2077 1277 2159 1322 est
2191 1268 2367 1321 facere
2389 1282 2450 1320 ea
2482 1279 2602 1334 quae
2635 1262 2826 1317 voluit.
2865 1259 3094 1326 Quidam
3129 1269 3308 1312 autem
3343 1271 3439 1326 per
3458 1255 3660 1327 hyper-

377 1367 574 1430 ϐολαῖς
611 1367 913 1437 κεχρῆσθαι
941 1379 955 1395 ·
984 1362 1196 1432 ’Ὠσπερ
1230 1358 1290 1412 τὸ
1311 1399 1326 1424 ,
1362 1358 1589 1428 Είδομεν
1623 1356 1810 1420 πόλεις
1846 1354 1975 1424 ἄχρι

2077 1361 2235 1416 bulen
2282 1374 2431 1415 more
2499 1356 2795 1427 Scriptura:
2833 1363 3032 1426 putant
3086 1354 3314 1409 dictum.
3359 1352 3480 1405 Mos
3514 1350 3661 1404 enim

376 1459 485 1514 τοῦ
531 1457 761 1529 ούρανοῦ
806 1455 1156 1526 φθανούσας·
1198 1453 1296 1506 καὶ
1339 1451 1427 1516 τὸ,
1475 1450 1717 1521 Εἴδομεν.
1743 1448 1978 1520 ἄνδρας.

2083 1453 2379 1521 Scriptura:
2414 1460 2498 1506 est
2546 1449 2839 1520 hyperbole
2871 1448 2946 1501 uti
2981 1464 2996 1500 :
3036 1446 3212 1510 sicut,
3246 1444 3494 1498 Vidimus
3531 1441 3665 1496 civi-

380 1553 489 1607 καὶ
531 1546 674 1622 ἦμεν
723 1549 954 1604 ὲνὼπιον
1003 1547 1185 1602 αὐτῶν
1233 1546 1366 1600 ὡσεὶ
1415 1543 1634 1614 ἀκρίδες
1663 1559 1678 1574 ο
1733 1541 1826 1595 καὶ
1876 1541 1978 1595 ὅσα

2082 1553 2223 1600 tates
2262 1545 2631 1614 pertingentes
2659 1542 2712 1595 in
2749 1540 2945 1594 cmlum
2978 1540 3058 1604 ’³,
3090 1547 3142 1592 et
3169 1578 3184 1601 ,
3211 1536 3457 1591 Vidimus
3497 1533 3662 1596 viros,

380 1643 636 1698 τοιαῦτα.
671 1641 858 1706 Οὕτως
895 1637 989 1694 οὖν
1023 1640 1116 1694 καὶ
1148 1637 1209 1692 τὸ
1251 1636 1325 1706 μὴ
1359 1635 1653 1705 δυνηθῆναι
1697 1652 1715 1685 ι
1756 1634 1847 1685 τὸν
1881 1631 1980 1685 κό-

2083 1646 2136 1692 et
2166 1651 2385 1692 erauuis
2415 1635 2553 1697 sicut
2585 1633 2809 1687 locustae
2835 1647 3016 1686 coram
3045 1631 3126 1685 eis
3149 1630 3215 1694 ³ο,
3247 1640 3301 1683 et
3331 1639 3668 1696 quascunque

387 1754 535 1810 σμον
578 1735 831 1806 χωρῆσαι
881 1732 948 1786 τά
1002 1731 1330 1802 γραφόμενα
1385 1727 1584 1798 βιϐλία.
1641 1745 1659 1776 ι
1715 1722 1874 1787 Τινὲς
1923 1722 1982 1776 δὲ

2085 1736 2211 1784 sunt
2232 1727 2451 1784 similia.
2475 1726 2549 1780 Ita
2586 1724 2905 1795 igiturquod
2927 1742 2946 1776 ι
2988 1739 3095 1778 non
3127 1719 3546 1792 possitmundus
3572 1732 3669 1770 cas-

396 1848 422 1882 ε
457 1829 659 1898 κόσμον
695 1845 712 1878 ι
751 1825 850 1896 μὲν
878 1823 1079 1884 νοοῦσι,
1107 1823 1197 1874 τὸν
1227 1819 1469 1890 κοσμικὰ
1496 1816 1816 1887 φρονοῦντα,
1844 1813 1984 1884 ἔργα

2088 1837 2217 1892 pere
2253 1819 2423 1875 libros
2467 1818 2555 1888 qui
2584 1819 2919 1881 scribantur,
2961 1835 2978 1867 ι
3014 1813 3319 1882 intelligere
3359 1811 3503 1865 licet.
3539 1810 3669 1874 Qui-

388 1921 456 1976 δὲ
490 1883 835 1989 πεποιημένα
870 1915 975 1969 ὑπὸ
1003 1883 1100 1967 τοῦ
1138 1883 1352 1984 Ἰησοῦ,
1385 1910 1454 1964 τὰ
1487 1883 1606 1962 θεῖα
1639 1909 1733 1962 καὶ
1771 1883 1982 1977 μυστη-

2092 1912 2214 1966 dam
2245 1920 2425 1964 autem
2475 1924 2573 1980 per
2623 1926 2642 1960 ι
2701 1906 2958 1962 mundum
3021 1924 3040 1958 ι
3085 1904 3394 1971 intelligunt
3441 1917 3534 1958 eos
3578 1901 3670 1970 qui

398 2015 570 2087 ριώδη
601 2011 792 2076 αὑτοῦ,
820 2010 890 2064 τὰ
918 2008 974 2061 ἐν
1000 2023 1060 2060 τε
1087 2008 1153 2078 τῇ
1187 2005 1404 2074 ἀοράτῳ
1434 2003 1612 2055 κτίσει
1644 1999 1739 2054 καὶ
1764 2002 1829 2069 τῇ
1857 1999 1987 2080 δρα-

2092 2003 2363 2058 mumlana
2388 2001 2607 2071 sapiunt
2633 2018 2648 2056 :
2672 2015 2833 2070 opera
2866 2007 3043 2053 autem
3073 2012 3192 2068 quae
3213 1997 3350 2050 facta
3370 2003 3499 2049 sunt
3518 2009 3546 2046 a
3584 1989 3673 2045 Je—

399 2083 494 2178 σῇ,
540 2083 632 2158 παὶ
682 2105 785 2157 ὅσα
836 2101 966 2172 περὶ⁵
1015 2097 1113 2166 τὴν
1165 2096 1251 2150 ἐπ’
1282 2095 1526 2166 ἐσχάτων
1571 2092 1904 2163 οἰκονομίαν,
1950 2090 1988 2144 ὃ.

2094 2110 2176 2159 su,
2203 2093 2380 2147 divina
2413 2102 2465 2147 et
2501 2093 2774 2164 mysteriis
2811 2091 2987 2161 plena,
3013 2099 3120 2143 tam
3148 2087 3200 2141 in
3227 2083 3483 2141 invisibili
3511 2096 3672 2151 quam

404 2172 720 2267 μῦστηρίων
748 2192 1007 2263 γέμοντα,
1063 2188 1153 2242 τὸν
1181 2188 1443 2258 κοσμικδν
1469 2184 1753 2256 ἄνθρωπον
1781 2184 1857 2253 μὴ
1885 2183 1990 2236 δύ-

2097 2186 2152 2240 ἰη
2185 2183 2380 2238 visibili
2412 2195 2684 2251 creatura,
2707 2193 2763 2239 et
2787 2198 2904 2252 qua:
2931 2182 3105 2236 futura
3135 2187 3280 2243 sunt,
3316 2186 3371 2232 et
3398 2172 3679 2245 mysteriis

401 2264 601 2344 νασθαι
628 2287 856 2356 νοῆσαι·
885 2285 959 2347 ὡς
987 2284 1066 2350 τὸ,
1096 2303 1113 2336 ι
1147 2281 1324 2335 Πολλὰ
1356 2279 1464 2349 ἔχω
1493 2277 1674 2345 λέγειν
1702 2276 1850 2346 ὑμῖν,
1874 2272 1988 2327 ἀλλ’

2097 2287 2224 2334 sunt
2256 2276 2455 2331 referta
2489 2277 2822 2330 mundanum
2867 2273 3138 2329 hominem
3174 2287 3281 2325 non
3325 2283 3486 2339 posse
3519 2264 3681 2318 intel-

404 2383 467 2438 οὐ
502 2379 729 2437 δύνασθε
765 2377 1074 2449 βαστάζειν.
1112 2395 1130 2427 ι
1174 2374 1333 2428 Ἀλλὰ
1365 2373 1474 2442 γὰρ
1505 2369 1789 2438 εύξὼμεθα
1824 2366 1992 2438 μηδέ-

2099 2369 2266 2440 ligere
2293 2389 2307 2425 :
2343 2373 2487 2427 sicut
2511 2378 2567 2422 et
2596 2383 2718 2420 cum
2748 2368 2944 2420 dicitur
2974 2367 3040 2429 δι,
3079 2384 3096 2415 ι
3135 2364 3296 2417 Multa
3327 2362 3498 2417 habeo
3525 2358 3681 2412 vobis

405 2490 544 2528 ποτε
575 2475 656 2537 είς
688 2471 858 2544 λήθην
889 2471 1062 2524 ἐλθεῖν
1091 2466 1202 2520 τῶν
1231 2465 1325 2518 τοῦ
1357 2463 1564 2533 Κυρίου
1599 2461 1774 2530 ἔργων
1804 2476 1862 2511 τε
1896 2457 1992 2511 καὶ

2101 2465 2301 2527 dicere,
2331 2464 2424 2518 sed
2467 2477 2572 2516 non
2609 2458 2836 2530 potestis
2874 2466 3092 2526 portare
3121 2455 3297 2509 modo.
3335 2471 3353 2504 ι
3387 2451 3678 2511 ϐιυιετιιω.

406 2566 610 2632 λόγων,
633 2561 747 2616 ἀλλ’
770 2561 856 2615 ἀεὶ
888 2559 1190 2614 ἀνελίσσειν
1218 2556 1279 2608 τὸ
1309 2551 1514 2624 βιϐλίον
1543 2550 1702 2604 τοῦτο
1729 2549 1822 2602 τοῦ
1855 2548 1993 2618 ὴγαο

2101 2554 2266 2626 774
2296 2568 2582 2624 precemur
2619 2547 2907 2620 nequando
2935 2548 3203 2602 dictorum
3252 2551 3681 2608 sanctorumque

409 2631 683 2726 πήμένου,
729 2653 824 2705 καὶ
867 2647 1244 2722 διερευνᾶσθαι
1291 2647 1383 2699 τὸν
1428 2644 1746 2713 ἐγκείμενον
1791 2641 1995 2710 θησαυ-

2101 2646 2305 2702 Christi
2338 2645 2760 2705 obliviscamur,
2791 2639 2886 2694 sed
2919 2637 3260 2703 revolvamus
3286 2634 3480 2688 librum
3513 2631 3679 2692 hunc,

415 2751 511 2822 ρδν
541 2749 634 2803 καὶ
662 2748 775 2810 τοῖς
810 2744 1054 2814 θαύμασι
1084 2740 1176 2794 τοῦ
1218 2738 1394 2810 Ἰησοῦ
1433 2738 1526 2791 καὶ⁵
1554 2737 1667 2798 τοῖς
1707 2735 1946 2805 ῥήμασιν
1981 2749 1993 2762 ο

2106 2740 2313 2803 dilecti,
2348 2747 2402 2794 et
2433 2746 2736 2793 scrutemur
2770 2737 2825 2788 in
2871 2748 2935 2789 eo
2980 2732 3210 2801 positum
3260 2729 3576 2781 thesaurum
3627 2723 3682 2776 in

411 2813 507 2899 ἱνα
531 2843 850 2914 δυνηθέντες
879 2813 1186 2908 ὲπκαθᾶραι
1212 2836 1438 2898 ἑαυτοὺς
1463 2833 1555 2887 καὶ
1581 2831 1724 2902 λόγῳ
1751 2831 1844 2884 καὶ
1872 2830 1995 2900 βίῳ,

2106 2832 2390 2888 miraculis
2419 2847 2485 2887 ac
2507 2829 2690 2885 verbis
2721 2827 2874 2890 Jesu,
2907 2834 2965 2879 ut
2991 2825 3072 2878 sic
3103 2822 3379 2875 valeamus
3409 2813 3683 2889 puriﬁcari

414 2906 847 3004 καταξιιοθῶμεν
889 2931 986 2985 καὶ
1029 2906 1139 2984 τῶν
1185 2925 1645 2999 ἀπορῤητοτέρων
1692 2922 1865 2992 ἔργων
1906 2919 2000 2972 καὶ

2107 2936 2162 2983 et
2191 2928 2304 2980 vita
2343 2933 2397 2979 et
2429 2936 2705 2987 sermone,
2741 2927 3250 2988 consequamurque
3285 2912 3337 2965 in
3367 2911 3454 2964 die
3480 2906 3688 2963 revela-

421 3027 737 3100 μυστηρίων
767 3028 824 3079 ὲν
853 3023 1037 3094 ἡμέρᾳ
1065 3019 1497 3088 ἀποκαλύψεως,
1526 3015 1561 3068 ἃ
1589 3013 1686 3067 νῦν
1713 3016 1769 3066 ὲν
1797 3011 1876 3081 τῷ
1906 3010 2000 3064 κό-

2111 3021 2275 3076 tionis
2304 3016 2593 3073 ineffabilia
2623 3029 2786 3085 opera
2814 3023 2867 3068 et
2892 3010 3168 3085 mysteria,
3197 3022 3318 3076 quae
3347 3018 3488 3059 nunc
3512 3017 3688 3072 quan-

421 3137 548 3190 σμῳ
574 3120 755 3181 δντες,
782 3117 844 3170 οὐ
874 3113 1151 3185 δυνάμεθα
1179 3111 1429 3182 χωρῆσαι
1452 3122 1466 3136 °
1497 3108 1594 3162 καὶ
1623 3103 2002 3172 τελειωθῶμεν

2111 3113 2202 3168 diu
2255 3112 2311 3166 in
2363 3110 2564 3165 mundo
2613 3124 2821 3173 smnus,
2865 3119 3058 3174 capere
3104 3118 3208 3157 non
3253 3112 3541 3170 possumus
3580 3113 3597 3150 :
3634 3102 3691 3150 et

421 3187 487 3267 ιζ»
514 3187 662 3284 αὐτῷ
695 3210 918 3280 Χριστῷ
948 3209 1026 3279 τῷ
1061 3209 1410 3276 ἀγαπήσαντι
1443 3206 1626 3275 ἡμᾶς,
1659 3202 1754 3255 και
1789 3201 1878 3254 διὰ
1908 3199 2004 3252 τοῦ

2110 3204 2460 3277 periiciamur
2487 3204 2538 3256 in
2583 3201 2824 3266 Christo,
2852 3201 2941 3268 qui
2971 3197 3158 3253 dilexit
3190 3209 3311 3257 nos,
3347 3201 3397 3246 et
3427 3205 3521 3261 per
3557 3187 3691 3242 dile-

2509 3296 2540 3304 ..
2613 3296 2624 3304 .
2707 3294 2719 3304 .
2990 3301 2999 3304 _
3110 3289 3144 3304 .,
3230 3303 3270 3304 η
3424 3281 3686 3304 .ι,,.,,ε,

421 3281 786 3374 ἠγαπημένον
819 3299 983 3355 αὑτοῦ
1025 3297 1302 3370 μαθητοῦ,
1335 3296 1631 3366 φωτίσαντι
1665 3295 1813 3363 ἡμᾶς
1851 3293 1910 3346 ἐν
1939 3294 2002 3361 τῇ

2117 3311 2262 3356 ctum
2299 3313 2455 3353 suum
2491 3294 2816 3366 discipulum
2857 3289 3150 3346 illustravit
3181 3303 3280 3342 nos
3324 3285 3376 3340 in
3424 3281 3689 3352 theologia

425 3373 679 3468 θεολογίᾳ
719 3395 813 3448 καὶ
849 3393 1149 3463 ἐπιγνώσει
1188 3391 1354 3445 αὑτοῦ
1393 3389 1488 3443 καὶ
1519 3388 1614 3441 τοῦ
1662 3386 1872 3458 Πατρδς
1910 3387 2009 3439 καὶ

2116 3405 2170 3450 et
2201 3391 2477 3464 agnitione
2519 3388 2626 3455 sui,
2659 3396 2714 3442 et
2759 3386 2960 3448 Patris,
2991 3392 3045 3437 et
3093 3382 3326 3449 Spiritus
3371 3376 3569 3438 sancti,
3601 3373 3691 3428 cui

424 3487 526 3542 τοῦ
566 3487 721 3556 ἁγίου
765 3485 1114 3556 Πνεύματος,
1158 3477 1203 3552 ᾧ
1243 3483 1278 3554 ἡ
1321 3480 1450 3547 δόξα
1492 3480 1572 3543 είς
1613 3479 1738 3542 τοὺς
1781 3478 2005 3540 αἰῶνας.

1713 3496 1738 3542 ς
1781 3478 2005 3540 αἰῶνας·
2116 3487 2188 3543 sit
2217 3485 2386 3556 gloria
2420 3484 2474 3539 in
2511 3481 2832 3539 saeculorum
2865 3477 3084 3534 saecula.
3120 3479 3309 3530 Amen.

513 3961 560 3996 ¹⁹
589 3963 729 4019 Dan.
754 3976 828 4029 tv,
867 3962 953 4017 l7.
1029 3962 1076 3995 ³⁰
1110 3959 1223 4019 lsa.
1253 3977 1343 4027 χι,
1369 3958 1463 4016 22.
1541 3957 1580 3990 ³¹
1615 3956 1773 4012 Joan.
1811 3967 1926 4019 ut,
1957 3951 2053 4009 12.
