4056 6590
409 386 518 455 319
987 456 990 460 ,
1079 386 1181 448 ΑΙ)
1211 384 1793 450 THEOPHYLACTI
1842 381 2416 445 EXPOSITIONEM
2463 383 2541 442 IN
2579 384 2648 443 D.
2683 379 2997 444 PAULUM
3555 369 3662 436 330

416 527 3639 570 mw

1923 556 2251 567 ——-——

1609 559 1858 568 ———.——_

1289 700 2800 902 THEOPHYLACTI

1557 1015 1934 1074 BULGARIIE
1989 1014 2516 1072 ARCHIEPISCOPI

663 1189 836 1323 IN
925 1197 1445 1326 OMNES
1538 1197 1881 1328 DIVI
1954 1197 2434 1326 PAULI
2516 1186 3398 1322 EPISTOLAS

1444 1454 2624 1573 COMMENTARIUS.

1079 1854 1631 1946 PHILIPPI
1711 1853 2270 1946 MONTANI
2352 1846 2989 1943 PREFATIO

1695 2045 1850 2109 (Edit.
1877 2043 2028 2097 Basil.
2062 2046 2176 2095 anni
2207 2042 2452 2107 MDLlV.)

501 2363 688 2438 Quod
750 2362 815 2424 in
877 2360 1486 2424 commentariorum
1548 2361 2016 2441 rec0gnitione,
2082 2375 2248 2440 quos
2313 2359 2379 2421 in
2437 2355 2785 2435 Evangelia
2839 2353 3361 2433 Theophylactus
3419 2353 3662 2416 diserte

413 2458 782 2536 scripserat,
817 2473 1009 2536 supra
1061 2457 1307 2536 aliquot
1349 2473 1551 2519 annos
1599 2455 1896 2529 fecimus,
1924 2456 2098 2518 idem
2137 2473 2398 2535 quoque
2433 2472 2603 2517 nunc
2635 2454 2840 2517 facere
2873 2453 2946 2514 in.
2977 2452 3060 2514 iis
3094 2468 3260 2532 quos
3327 2450 3395 2512 in
3436 2467 3663 2512 omnes

416 2554 550 2615 divi
588 2553 764 2616 Pauli
803 2553 1117 2632 Epistolas
1151 2553 1376 2627 edidit,
1410 2570 1624 2631 Operae
1659 2553 1936 2630 pretium
1965 2551 2298 2626 duximus,
2347 2549 2620 2614 candide
2670 2553 2928 2612 Lector:
2992 2556 3059 2610 ut
3092 2547 3390 2610 videlicet
3441 2546 3661 2624 aliqua

415 2650 639 2711 saltem
677 2667 756 2711 ex
816 2657 986 2727 parte
1029 2647 1378 2723 intelligas,
1414 2648 1569 2708 dum
1625 2648 1956 2710 emendata
1985 2650 2272 2727 quasdam
2301 2645 3044 2726 proferitnus,quantum
3074 2642 3484 2705 commodum
3533 2641 3663 2703 tuis

416 2745 649 2806 studiis
676 2744 904 2804 aﬂ‘erre
941 2744 1150 2804 conati
1209 2743 1457 2804 simus:
1495 2761 1599 2816 ne,
1644 2745 1817 2822 quod
1853 2746 2234 2824 plerumque
2304 2745 2392 2816 fit,
2439 2741 2802 2821 Splendidis
2852 2740 3399 2820 typographorum
3452 2736 3664 2798 titulis

419 2841 533 2900 tibi
566 2840 669 2901 hic
699 2855 963 2919 quoque
991 2839 1209 2901 fucum
1242 2839 1377 2902 ﬁeri
1405 2851 1613 2918 putes,
1654 2848 1842 2919 atque
1874 2842 1958 2902 ita
1996 2859 2107 2920 per
2141 2840 2670 2919 imprudentiam,
2703 2838 3255 2917 qualiumcunque
3290 2842 3656 2896 nostrorum

415 2935 708 2998 laborum
752 2937 968 2998 fructu
1002 2937 1320 3014 priveris:
1381 2938 1552 3017 quod
1609 2937 2037 2999 Germanisin
2060 2937 2500 3015 recognitione
2536 2934 3156 2996 Commentariorum
3223 2930 3660 3010 Chrysostomi

415 3033 586 3108 apud
639 3032 935 3095 Carolum
983 3033 1276 3095 Guillard
1335 3033 1456 3095 sub
1500 3033 1641 3094 Sole
1683 3050 1874 3093 aureo
1928 3034 2390 3113 impressorum
2465 3048 2694 3110 magno
2751 3029 3198 3092 studiosorum
3250 3025 3662 3088 incommodo

413 3128 761 3204 contigisse
793 3129 1398 3191 animadvertimus:
1432 3146 1578 3190 cum
1607 3147 1685 3189 ne
1717 3146 1789 3190 ea
1835 3130 2100 3209 quidem
2129 3148 2272 3208 quas
2328 3132 2398 3191 D.
2431 3131 2734 3190 Erasmus
2779 3144 2814 3188 a
2857 3125 3044 3187 nobis
3087 3123 3460 3185 admonitus
3521 3124 3662 3200 ipse

414 3225 805 3296 emendarat,
837 3224 929 3284 illi
967 3223 1171 3285 secuti
1218 3223 1500 3287 fuerint:
1566 3242 1730 3304 quos
1773 3226 2038 3304 quidem
2076 3226 2324 3287 labores
2355 3241 2479 3286 non
2517 3241 2744 3302 parvos
2804 3225 2870 3284 in
2903 3230 3074 3284 tuam
3124 3227 3188 3282 et
3220 3221 3661 3280 studiosorum

417 3318 713 3379 omnium
747 3318 1085 3381 utilitatem
1130 3319 1297 3381 haud
1331 3321 1638 3401 gravatim
1689 3323 2118 3400 suscepimus,
2151 3321 2286 3384 fore
2323 3331 2680 3400 sperantes,
2725 3329 2795 3383 ut
2834 3322 2968 3381 Deo
3036 3318 3103 3379 in
3165 3317 3392 3395 primis
3423 3317 3665 3392 Optimo

418 3413 698 3475 maximo
737 3414 828 3498 (in
862 3414 1051 3494 cujus
1101 3416 1371 3495 gloriam
1417 3434 1643 3478 omnes
1681 3426 1948 3480 conatus
1975 3419 2179 3479 nostri
2227 3419 2632 3496 potissimum
2673 3417 3053 3480 incumbere
3094 3415 3354 3486 debent;
3388 3420 3446 3472 et
3477 3412 3665 3486 cuius

419 3510 667 3572 auxilio
697 3510 868 3588 freti,
899 3511 1072 3573 istud
1104 3512 1420 3592 quidquid
1445 3519 1540 3574 est
1569 3514 1786 3591 operis
1848 3514 2260 3594 tentavimus)
2327 3515 2820 3595 haudquaquam
2860 3513 3093 3592 ingrati
3147 3518 3388 3584 essent,
3429 3516 3490 3570 et
3513 3507 3662 3576 tibi.

411 3607 681 3671 candida
733 3611 957 3671 Lector
989 3652 1006 3684 ,
1055 3609 1225 3670 haud
1257 3608 1466 3670 cuivis
1526 3627 1722 3671 sacrae
1772 3611 2112 3688 Scriptura:
2142 3611 2438 3674 studioso
2471 3629 2596 3673 non
2657 3610 3071 3674 infructuosi.
3120 3608 3240 3670 Sed
3274 3624 3354 3668 ne
3414 3604 3664 3670 diutius

414 3711 475 3764 te
505 3721 807 3774 remorer,
841 3722 914 3767 ea
950 3705 1168 3783 paucis
1189 3705 1404 3782 accipe
1464 3724 1740 3786 quorum
1782 3717 1839 3770 te
1872 3709 2322 3786 praemonilum
2355 3709 2673 3786 cupimus.

492 3801 620 3860 Nos
651 3801 849 3860 Graeci
890 3801 1160 3874 codicis,
1203 3817 1334 3880 quo
1382 3818 1544 3863 usus
1579 3810 1676 3864 est
1707 3802 2059 3884 aliquando
2092 3807 2166 3866 D.
2202 3807 2527 3878 Erasmus,
2565 3805 2751 3866 fidem
2781 3820 2972 3884 quam
3014 3799 3345 3880 potuimus
3377 3797 3663 3874 diligen-

419 3895 670 3956 tissime
709 3912 823 3971 prn
852 3902 1069 3956 nostra
1122 3896 1589 3976 qualicumque
1644 3900 2086 3965 mediocritate
2139 3901 2348 3964 secuti
2397 3917 2649 3970 sumus.
2706 3901 2836 3962 nisi
2881 3897 3094 3962 sicubi
3159 3894 3368 3958 scriba
3414 3889 3664 3954 dormi-

421 3998 590 4051 tasse
623 3990 997 4052 videretur:
1057 3992 1526 4069 perabsurdum
1571 3995 1745 4057 enim
1805 3997 2001 4059 fuerit
2039 3999 2285 4078 ubique
2326 3997 2599 4060 scribam
2637 3997 2910 4059 nimium
2945 3997 3111 4058 bona
3151 3980 3283 4054 Iide
3339 3986 3663 4067 amplecti,

413 4085 534 4148 hoc
572 4092 690 4158 est,
727 4102 854 4147 una
886 4103 1031 4148 cum
1072 4087 1262 4165 .ipsis
1305 4089 1561 4163 erratis,
1587 4091 1760 4168 quod
1834 4093 2187 4156 Lonicerus
2238 4095 2478 4172 smpius
2539 4092 2860 4155 factitasse
2902 4088 3438 4170 deprehenditur.
3494 4087 3666 4146 Usus

413 4190 510 4243 est
571 4191 808 4256 autem,
844 4182 906 4244 ni
953 4183 1162 4257 fallor,
1193 4185 1420 4246 eodem
1459 4193 1678 4247 nostro
1711 4189 2098 4268 exemplari:
2147 4191 2214 4252 in
2253 4206 2384 4268 quo
2431 4190 2564 4252 divi
2616 4188 2799 4252 Pauli
2843 4194 3182 4252 contextus
3230 4201 3265 4246 a
3322 4180 3666 4258 TheOphy-

414 4278 559 4339 lacti
611 4280 822 4356 glossa
853 4287 960 4342 aut
998 4281 1203 4359 capita
1235 4281 1375 4358 ipsa
1405 4280 1782 4361 frequenter
1815 4286 1976 4349 male
2016 4286 2532 4367 distinguuntur,
2574 4295 2634 4349 et
2670 4303 3134 4366 nonnunquam
3168 4284 3487 4347 dictiones
3516 4281 3662 4341 aliae

413 4391 526 4449 pro
559 4375 707 4436 aliis
738 4377 1227 4438 substituuntur
1265 4377 1434 4456 (quae
1472 4394 1573 4439 res
1606 4380 1794 4440 nobis
1826 4399 1953 4442 non
2009 4401 2232 4462 parum
2301 4383 2595 4446 exhibuit
2646 4383 2952 4463 negotii)‘;
2985 4382 3224 4462 quibus
3272 4397 3426 4442 sane
3477 4377 3666 4439 resti-

409 4471 667 4554 tuendis
731 4489 854 4550 qua
891 4472 1097 4534 simus
1133 4471 1233 4533 usi
1262 4473 1560 4535 cautione
1632 4475 1786 4538 dum
1839 4478 2188 4556 diligenter
2217 4481 2649 4559 expendimus
2708 4480 2866 4560 quid
2925 4480 3066 4555 ipse
3111 4484 3333 4542 auctor
3378 4476 3445 4542 in
3473 4465 3476 4468 ’
3508 4491 3667 4552 prte-

407 4567 788 4654 ce‘dentibus
818 4575 926 4628 aut
965 4569 1524 4646 subsequentibus
1557 4570 1858 4633 eumdem
1896 4574 2106 4636 locum
2165 4575 2652 4654 attingentibus,
2694 4575 2935 4654 quidve
2968 4574 3474 4652 Chrysostomus
3505 4587 3657 4631 eum

412 4663 622 4724 locum
669 4670 946 4725 tractans
971 4662 1556 4725 antOEcumenius
1606 4667 2095 4745 scripserit,aut
2163 4675 2356 4735 etiam
2423 4675 2750 4734 Porsenna
2787 4679 2976 4735 vetus
3034 4672 3357 4750 interpres
3413 4672 3664 4748 legerit,

405 4759 476 4819 in
510 4758 799 4837 margine
831 4759 1037 4821 Graici
1094 4759 1360 4833 codicis,
1389 4776 1583 4839 quem
1617 4767 2054 4844 typOgraphus
2085 4769 2262 4830 brevi
2308 4768 2477 4846 typis
2516 4769 2839 4830 excudere
2872 4769 3120 4842 statuit,
3153 4769 3292 4830 suis
3357 4767 3516 4830 locis
3547 4783 3663 4827 ex-

403 4853 785 4932 posuimus:
832 4862 902 4916 ut
938 4854 1067 4916 Iad
1105 4854 1392 4917 Corinth.
1427 4873 1556 4930 xxv,
1589 4867 1914 4934 ἁπόστθλοις
1965 4864 2002 4924 d

2062 4873 2306 4942 pravate
2334 4865 2644 4941 scriptum
2697 4863 2904 4927 fuerat
2965 4883 3078 4944 pro
3127 4874 3399 4938 ἀπίστοις,
3459 4871 3520 4924 et
3583 4863 3664 4924 ad

403 4949 603 5012 Galat.
651 4968 708 5022 v,
747 4949 1113 5012 scandalum
1144 4950 1406 5026 Christi,
1439 4969 1554 5031 pro
1578 4957 1879 5021 seandalo
1910 4964 2159 5035 crucis;
2193 4979 2336 5041 quae
2365 4963 2630 5042 quidem
2690 4963 3024 5040 scriptoris
3057 4980 3278 5025 errore
3312 4961 3665 5040 contigisse

405 5047 827 5109 vehementer
864 5047 1151 5108 admiror
1181 5047 1565 5109 Lonicerum
1601 5068 1730 5114 non
1782 5057 2357 5120 animadvertisse:
2392 5076 2538 5121 cum
2576 5058 2674 5120 vel
2711 5076 2788 5120 ex
2814 5076 2960 5121 mox
3009 5060 3439 5138 sequentibus
3465 5059 3663 5120 facile

403 5162 438 5204 a
472 5144 879 5206 mediocriter
903 5142 1162 5206 erudito
1194 5149 1254 5204 et
1285 5151 1526 5207 attento
1552 5165 1728 5211 error
1759 5151 2154 5229 deprehendi
2184 5157 2485 5232 potuerit.
2522 5155 2680 5215 Item
2715 5156 2790 5216 ad
2821 5155 3054 5231 Ephes.
3099 5173 3120 5214 ι
3171 5156 3518 5233 depravate
3555 5157 3656 5216 le-

403 5241 694 5320 gebatur,
727 5242 963 5304 divitiae
993 5241 1173 5314 datm,
1207 5257 1352 5302 cum
1395 5241 1740 5322 legendum
1778 5249 1998 5324 fuerit,
2021 5247 2258 5310 divitia:
2284 5250 2533 5328 gloriae;
2570 5258 2729 5327 δόξης
2765 5250 2961 5319 enim,
3002 5266 3127 5311 non
3148 5258 3347 5322 δόσεως
3376 5251 3667 5312 scriben-

404 5339 558 5399 dum
586 5335 814 5399 fuerat.
849 5335 1091 5410 Quinto
1109 5345 1322 5398 autem
1377 5341 1582 5418 capite
1617 5344 1838 5422 primae
1882 5347 1961 5408 ad
2018 5344 2425 5406 Timotheum
2464 5345 2782 5421 Epistulae,
2819 5345 3026 5406 locum
3060 5346 3127 5406 in
3158 5349 3399 5407 Graecis
3441 5354 3504 5407 et
3539 5349 3656 5406 La-

406 5433 557 5493 tinis
589 5433 890 5495 mutilum
927 5450 1007 5495 ex
1035 5434 1378 5495 Porsennae
1413 5435 1696 5515 scriptis,
1747 5459 1890 5520 quas
1926 5458 2004 5504 eo
2035 5441 2299 5521 quidem
2346 5441 2484 5502 loco
2524 5442 2763 5502 rectius
2811 5441 3045 5503 habere
3082 5442 3490 5519 videbantur,
3546 5462 3656 5504 re-

405 5528 768 5605 stituimus;
813 5529 934 5592 hoc
977 5529 1151 5591 enim
1185 5529 1327 5593 loco
1357 5533 1514 5610 quid
1573 5535 2096 5616 TheOphylactus
2131 5538 2496 5616 scripsisset
2527 5555 2652 5600 non
2711 5540 2863 5600 satis
2902 5540 3090 5602 nobis
3155 5545 3508 5614 constabat,
3543 5542 3661 5603 sed

402 5642 548 5702 quas
608 5625 789 5688 illinc
818 5625 1311 5706 assumpsimus,
1346 5627 1448 5691 his
1492 5633 1660 5694 notis
1693 5633 1737 5713 ()
1769 5634 2282 5708 interclusimus,
2324 5652 2401 5696 ne
2435 5635 2593 5714 quid
2625 5644 2863 5697 temere
2924 5643 3152 5715 praeter
3191 5639 3392 5700 Επιτωυί
3415 5637 3658 5700 codicis

405 5719 592 5780 tidem
627 5720 706 5783 de
769 5729 987 5786 nostro
1023 5721 1352 5786 addidisse
1383 5725 1774 5790 videremur.
1821 5732 2165 5792 Porsennae
2189 5739 2402 5792 autem
2437 5731 2557 5793 viri
2593 5731 2857 5808 eruditi,
2885 5741 2952 5793 ut
2981 5733 3232 5812 opinor,
3263 5741 3324 5795 et
3349 5733 3662 5812 eloquen-

406 5814 485 5878 tis
518 5818 834 5895 versione,
871 5828 938 5883 ut
972 5817 1246 5883 multum
1309 5837 1344 5883 a
1387 5821 1622 5887 Grmcis
1677 5825 2093 5909 discedente,{
2138 5845 2216 5890 ne
2243 5826 2446 5890 dicam
2514 5826 2894 5908 plerumque
2928 5830 3309 5907 dissidente,
3376 5840 3448 5896 ut
3515 5851 3659 5914 qua:
