4056 6594
378 387 483 452 321
1719 393 2287 458 PREFATIONES.
3503 395 3613 459 322

373 502 462 562 sit
513 496 984 578 paraplirastica
1021 497 1237 578 potius
1269 507 1458 579 atque
1499 500 1690 564 etiam
1719 503 1999 566 nimium
2029 504 2254 578 libera,
2294 511 2511 584 utpote
2547 523 2694 586 quae
2727 505 3110 586 plerumque
3147 504 3408 586 adjiciat
3475 527 3622 588 qum

319 671 328 678 η
373 598 444 658 in
505 594 740 657 Grmcis
798 611 928 656 non
971 594 1338 660 habentur:
1386 605 1712 671 etcontra,
1747 599 2074 678 plerisque
2108 601 2176 662 in
2207 601 2360 664 locis
2392 601 2756 680 complures
2786 620 3008 664 versus
3045 619 3308 680 prorsus
3342 604 3619 682 omittat,

372 708 522 766 qua)
547 699 754 751 tamen
774 690 839 752 in
879 699 1096 755 nostro
1128 693 1560 769 manuscripto
1581 695 1801 758 codice
1821 697 2062 769 Graeco,
2083 715 2291 777 eoque
2318 706 2682 776 pervetusto
2713 692 2933 777 aperte
2959 700 3389 772 continentur,
3417 701 3618 774 illius,

375 787 666 865 inquam,
703 785 941 848 omissa
989 785 1314 859 versione,
1377 789 1669 851 Louiceri
1705 791 1917 868 potius
1953 792 2541 872 interpretationem
2589 795 3018 872 arripuimus;
3052 811 3320 872 eamque
3358 798 3622 874 passim,

381 884 492 944 ubi
542 881 902 943 tolerabilis
973 889 1175 958 esset,
1235 884 1656 946 retinuimus.
1700 887 1936 948 Novam
1995 889 2256 967 quidem
2316 907 2394 951 ex
2444 891 2796 951 amicorum
2853 892 3282 968 quorumdam
3339 892 3623 953 consilio

373 979 571 1042 edere
611 985 1066 1052 statueramus,
1109 979 1222 1041 sed
1263 996 1416 1040 cum
1453 981 1515 1042 id
1551 981 1612 1040 in
1649 984 2019 1060 praefatione
2078 984 2281 1046 adorti
2312 985 3005 1056 animadverteremus,
3043 986 3226 1047 nobis
3263 987 3339 1047 ad
3403 988 3469 1048 id
3505 1004 3624 1049 nec

372 1076 531 1136 satis
580 1091 722 1136 esse
767 1074 908 1148 otii,
935 1091 1052 1138 nec
1094 1077 1426 1154 temporis,
1469 1071 1556 1139 lea
1615 1079 2026 1156 potissimum
2061 1081 2449 1142 mutavimus
2473 1099 2638 1158 quae,
2674 1079 3134 1159 Theophylacti
3178 1089 3456 1142 mentem
3515 1092 3626 1144 aut

373 1189 508 1232 non
541 1171 798 1249 assequi
846 1171 1247 1245 viderentur,
1289 1181 1398 1233 aut
1430 1191 1556 1235 non
1591 1177 1744 1236 satis
1778 1176 2197 1255 explicarent.
2232 1175 2326 1237 Ad
2351 1175 2482 1238 haec
2514 1175 2786 1252 margini
2834 1175 3057 1237 multis
3119 1177 3187 1238 in
3242 1176 3400 1238 locis
3445 1195 3626 1256 qum-

372 1268 522 1328 dam
572 1267 964 1341 addidimus,
994 1266 1140 1330 sine
1171 1267 1410 1346 quibus
1444 1269 1660 1330 Latina
1694 1268 1913 1349 legens
1938 1272 2044 1333 vix
2094 1289 2375 1351 unquam
2409 1271 2562 1351 quid
2595 1271 2720 1332 sibi
2778 1270 2930 1333 velit
2976 1271 3490 1352 TheOpbylactus
3531 1274 3630 1334 in-

375 1363 670 1442 telligere
711 1371 942 1442 queat:
981 1352 1134 1424 dum
1196 1363 1494 1425 videlicet
1525 1373 1635 1424 aut
1666 1366 1866 1427 Graeci
1895 1366 2215 1429 sermonis
2250 1367 2487 1429 variam
2539 1368 2797 1445 attingit
2845 1367 3216 1442 lectionem,
3250 1375 3359 1428 aut
3389 1370 3625 1430 Graecas

376 1459 681 1520 dictionis
739 1457 1294 1535 compositionem,
1345 1465 1454 1520 aut
1508 1458 1826 1523 diversam
1881 1461 2442 1540 signiﬁcationem,
2493 1463 2752 1524 aliudve
2809 1462 3160 1543 quidquam
3226 1463 3627 1542 bujusmodi.

375 1556 691 1634 Pleraque
744 1555 934 1615 etiam
966 1554 1326 1617 delevimus
1373 1555 1450 1616 ab
1484 1555 1830 1634 interprete
1862 1558 2023 1618 male
2063 1558 2302 1632 addita,
2343 1558 2519 1637 quod
2547 1567 2660 1620 aut
2711 1575 2935 1636 parum
2997 1559 3076 1619 ad
3131 1576 3268 1620 rem
3319 1558 3627 1636 facerent,

378 1660 495 1712 aut
558 1668 701 1712 cum
751 1649 1212 1728 TlieOpbyIacti
1274 1650 1592 1713 sententia
1666 1662 2050 1730 pugnarent.
2103 1655 2408 1729 Quaedam
2464 1673 2617 1718 vero
2678 1655 3154 1734 perspicuitatis
3211 1655 3409 1732 gratia
3443 1699 3460 1730 ,
3520 1664 3631 1718 aut

383 1746 823 1827 ambiguitatis
869 1745 1137 1807 vitandm
1163 1761 1377 1817 causa,
1416 1762 1458 1807 a
1507 1747 1696 1810 nobis
1761 1754 1914 1810 sunt
1971 1759 2230 1824 mutata,
2291 1757 2360 1812 ut
2420 1751 2830 1814 mediocriter
2871 1751 3130 1813 erudito
3188 1752 3434 1813 Lectori
3483 1769 3634 1814 con-

377 1847 656 1909 sulatur.
701 1845 825 1906 Ista
850 1841 1025 1905 enim
1077 1842 1362 1904 veritatis
1409 1852 1470 1905 et
1519 1860 1711 1906 sacrae
1742 1844 2086 1922 Scriptura)
2123 1847 2434 1908 studiosis
2467 1847 2864 1921 scribuntur,
2913 1849 3154 1927 quibus
3188 1849 3362 1909 nuda
3392 1856 3454 1910 et
3485 1867 3632 1928 per-

378 1943 606 2021 spicua
655 1939 936 2003 auctoris
979 1940 1301 2001 sententia
1349 1939 1550 2019 magis
1587 1939 1810 2018 placet,
1845 1957 2036 2018 quam
2083 1941 2453 2021 interpretis
2498 1942 2706 2005 fucata
2760 1951 2822 2006 et
2880 1943 3163 2006 affectata
3209 1944 3431 2018 dictio,
3487 1963 3631 2024 qum

381 2038 754 2100 istiusmodi
789 2036 1104 2100 studiosis
1140 2035 1433 2099 tenebras
1480 2036 1851 2112 effundens,
1887 2037 2246 2114 plurimum
2289 2037 2556 2102 facessit
2609 2035 2880 2118 negotii.
2916 2043 3111 2102 Porro
3139 2041 3505 2122 _vu|garem
3559 2044 3627 2104 in

383 2134 656 2198 Paulino
695 2141 874 2196 textu
913 2133 1299 2204 versionem,
1343 2149 1468 2213 qua
1509 2134 1742 2211 passim
1801 2134 2005 2196 utitur
2053 2135 2360 2209 Ecclesia,
2393 2135 2523 2197 fere
2559 2136 2972 2211 retinuimus,
3009 2138 3135 2198 nisi
3172 2137 3384 2198 sicubi
3423 2137 3634 2198 Theo-

386 2229 663 2308 phylacti
727 2227 1362 2307 iuterpretatioillam
1436 2231 1775 2290 imm-utare
1834 2233 2145 2307 coegerit:
2209 2239 2303 2302 ut,
2370 2233 2445 2293 ad
2489 2234 2812 2295 Romanos
2864 2250 2998 2311 cap.
3027 2250 3120 2294 xu
3181 2251 3444 2296 necesse
3503 2233 3632 2294 fuit

386 2335 628 2388 mutare
661 2326 1043 2406 conformari
1077 2324 1144 2386 in
1175 2325 1585 2403 conﬁgurari,
1622 2326 1801 2403 quod
1830 2325 2348 2406 'l'hcophylactus
2402 2327 2826 2389 differentiam
2859 2336 3053 2407 ponat
3090 2329 3258 2390 inter
3285 2329 3544 2404 ﬁguram
3569 2336 3633 2390 et

380 2435 677 2497 formam,
729 2438 789 2484 et
821 2424 1084 2500 tiguram
1146 2424 1411 2496 mundo,
1454 2421 1719 2485 formam
1773 2433 1986 2486 autem
2058 2423 2275 2486 virtuti
2322 2424 2582 2486 attribui
2613 2425 2798 2485 dicat.
2840 2426 2996 2486 Item
3056 2426 3389 2487 ITimoth.
3435 2443 3492 2485 v1
3517 2440 3632 2504 pro

379 2518 663 2593 inutilia,
700 2535 962 2582 necesse
992 2517 1114 2579 fuit
1145 2535 1382 2596 ponere
1413 2519 1630 2589 stulta,
1673 2521 1845 2598 quod
1878 2519 2394 2599 'l‘heOphylactus
2433 2521 2498 2580 id
2550 2519 2978 2596 interpretans
3007 2521 3212 2582 dicat:
3252 2521 3631 2594 «Quomodo

384 2616 557 2677 enim
585 2631 715 2677 non
767 2621 864 2677 est
906 2614 1219 2688 stult-um;
1255 2636 1286 2670 »
1320 2621 1381 2674 et
1415 2629 1582 2687 mox,
1627 2637 1656 2672 α
1679 2616 1821 2678 Haec
1856 2615 2050 2677 stulta
2081 2623 2230 2677 sunt
2263 2616 2600 2676 etnoxia.»
2644 2617 2872 2678 Noster
2903 2615 3076 2676 enim
3115 2615 3398 2694 vulgaris
3426 2615 3624 2676 inter-

388 2727 537 2789 pres
576 2709 805 2788 legisse
842 2709 1090 2772 videtur
1117 2718 1430 2787 ἀνονήτους,
1491 2709 1990 2789 Theophylactus

2067 2727 2214 2773 vero
2250 2727 2393 2772 cum
2423 2711 2877 2791 Clirysostomo
2917 2711 3071 2790 legit
3129 2721 3414 2789 ἀνοήτους.
3471 2714 3627 2773 ltetn

385 2807 440 2873 ll
490 2807 766 2869 Timoth.
799 2825 847 2868 ιι
878 2823 990 2884 pro
1018 2824 1093 2866 ne
1121 2803 1368 2886 quando
1394 2808 1751 2882 ponendum
1782 2807 1900 2869 fuit
1925 2808 1984 2868 si
2011 2806 2282 2886 quando,
2317 2817 2422 2870 aut
2451 2809 2691 2886 siforle
2729 2807 2821 2868 vel
2845 2809 3150 2889 fortasse:
3177 2825 3256 2870 eo
3287 2810 3460 2870 enim
3495 2809 3633 2871 loro

395 2915 629 2984 μήποτε,
662 2919 791 2965 non
825 2910 920 2965 est
953 2903 1280 2982 negantis,
1330 2903 1441 2962 sed
1470 2902 1818 2966 dubitantis
1877 2905 2017 2966 sive
2068 2906 2523 2966 addubitanter
2588 2905 3051 2969 asseverantis:
3115 2923 3245 2985 quo
3309 2907 3373 2967 in
3433 2925 3632 2969 sensu

388 3019 557 3080 saepe
597 3000 826 3080 accipit
878 2999 1422 3078 Theophylactus,
1471 3006 1540 3060 ut
1596 3000 1662 3062 in
1716 3000 1986 3078 epistola
2043 3003 2409 3081 Evangeliis
2468 3005 2716 3081 praefixa
2773 3004 2928 3064 satis
2979 3003 3338 3066 docuimus.
3388 3005 3458 3064 In
3498 3004 3632 3081 ipsa

387 3107 603 3160 autem
653 3097 947 3160 Louiceri
1017 3097 1312 3158 versione
1367 3114 1559 3176 quam
1599 3097 1794 3158 multa
1827 3095 2066 3160 fuerint
2095 3099 2258 3161 male
2300 3108 2624 3173 versa,aut
2665 3115 2926 3176 prorsus
2958 3099 3218 3172 omissa,
3251 3116 3326 3160 ex
3361 3097 3455 3159 his
3492 3117 3636 3177 qua)

388 3193 827 3272 decerpsimus
865 3192 1184 3272 conjicere
1239 3192 1488 3268 licebit,
1529 3192 1583 3254 si
1615 3200 1818 3254 totum
1854 3210 2018 3270 Opus
2063 3192 2354 3256 conferre
2415 3195 2719 3273 graveris.
2788 3197 2861 3254 Et
2910 3195 3215 3272 quoniam
3252 3193 3631 3271 principium

389 3292 641 3354 fervere
691 3291 877 3368 solet,
907 3290 1321 3370 exploremus
1380 3306 1570 3368 quam
1621 3289 1808 3352 fuerit
1839 3289 2028 3352 initio
2083 3290 2338 3351 fervens
2371 3297 2430 3351 et
2465 3290 2762 3368 diligens,
2840 3307 2918 3349 ex
2948 3289 3397 3350 multistami-n
3439 3306 3635 3366 pauca

389 3389 836 3467 decerpentes,
871 3405 948 3449 ne
971 3404 1003 3449 a
1037 3385 1500 3464 TheOphylacti
1554 3385 1854 3465 praeclaro
1886 3403 2080 3465 opere
2115 3385 2362 3446 diutius
2412 3385 2707 3446 retardati
2765 3385 3274 3462 prmstantiorum
3323 3383 3633 3462 jactur-ain

388 3483 718 3547 faciamus.
743 3486 968 3546 Noster
1001 3483 1170 3545 enim
1197 3482 1712 3560 TheOpltylactus
1759 3481 2024 3560 pulchre
2053 3482 2470 3543 Horatianum
2506 3481 2666 3541 illud
2707 3480 2937 3552 vitans,
2969 3480 3188 3540 Brevis
3227 3497 3353 3538 esse
3389 3478 3632 3554 laboro,

390 3582 692 3643 obscurus
721 3580 800 3659 ﬁo
826 3598 847 3638 :
908 3579 1408 3642 mediocritatem
1466 3579 1620 3639 scite
1651 3595 1858 3657 usque
1901 3579 2060 3639 adeo
2093 3579 2427 3654 amplexus
2465 3587 2580 3647 est,
2632 3583 2697 3636 ut
2731 3576 3070 3653 perspicue
3102 3575 3412 3648 docendo,
3446 3586 3506 3634 et
3556 3592 3636 3636 ex

392 3676 672 3758 probatis
730 3676 1095 3737 auctoribus
1126 3676 1362 3754 Optima
1396 3691 1669 3754 quasque
1705 3676 1971 3753 apicula;
2004 3689 2176 3736 more
2217 3672 2574 3750 seligendo,
2604 3671 2958 3748 prolixitate
3002 3687 3127 3732 non
3167 3670 3251 3730 sit
3295 3665 3631 3732 molestus.

394 3774 515 3836 Sed
569 3781 717 3834 utet
751 3788 867 3834 nos
903 3771 1257 3834 molestiam
1289 3771 1473 3833 istam
1509 3770 1813 3842 vitemus,
1881 3785 2078 3860 pauca
2136 3767 2246 3829 illa
2305 3768 2542 3846 accipe.
2572 3770 2642 3828 In
2695 3767 2834 3842 ipsa
2865 3767 3082 3828 statim
3121 3767 3337 3845 Operis
3399 3767 3632 3846 prtefa-

395 3871 600 3940 tione,
629 3867 736 3929 ubi
769 3867 848 3927 de
883 3865 1307 3944 Epistolarum
1353 3863 1581 3925 ordine
1635 3864 2156 3943 Theophylactus
2213 3863 2490 3929 disserit,
2527 3880 2596 3924 ac
2645 3863 2920 3925 declarat
2980 3863 3331 3940 Epistolam
3388 3864 3465 3924 ad
3513 3865 3638 3924 Ro-

395 3981 618 4026 manos
665 3979 792 4024 non
833 3969 1162 4041 preptcrea
1191 3960 1391 4039 primo
1444 3958 1585 4021 loco
1615 3958 1937 4032 collocari,
1969 3961 2142 4038 quod
2193 3969 2337 4022 ante
2374 3962 2530 4022 alias
2576 3977 2800 4023 omnes
2837 3960 3073 4039 scripta
3109 3959 3326 4034 fuerit,
3359 3961 3434 4022 ad
3468 3960 3638 4021 hunc

399 4062 662 4122 modum
691 4069 964 4120 verterat
1001 4061 1387 4119 Lonicerus:
1425 4055 1997 4134 «Quandoquidem
2034 4057 2109 4116 ad
2144 4057 2529 4131 Corinthios,
2562 4066 2696 4119 tum
2727 4057 2804 4118 ad
2836 4056 3447 4118 Tliessalonicenses
3483 4071 3636 4128 una,

395 4157 467 4218 in
519 4173 645 4236 qua
676 4157 756 4216 de
790 4155 1146 4216 ministerio
1181 4151 1616 4229 Hierosolyma
1669 4151 2155 4214 transmittendo
2202 4169 2428 4215 omnes
2465 4153 2638 4230 ipsos
2690 4153 2942 4215 occulte
2969 4152 3235 4231 quidem
3271 4167 3641 4213 com-mono-

404 4253 576 4326 facit,
615 4253 776 4314 lianc
807 4250 1274 4328 praecesserint:
1313 4272 1341 4305 iu
1393 4266 1538 4312 cum
1571 4249 1634 4311 in
1673 4250 1904 4310 Graecis
1947 4249 2052 4311 hic
2085 4249 2169 4310 sit
2200 4266 2468 4311 sensus:
2500 4247 3041 4327 Quandoquidem
3073 4249 3236 4308 hanc
3271 4247 3635 4324 prmcedant

397 4352 546 4413 duas
579 4367 721 4430 qua:
739 4349 817 4410 ad
855 4347 1218 4410 Corinthios
1247 4356 1398 4408 sunt
1431 4347 1675 4408 missio:
1709 4346 1868 4425 quin
1901 4353 1962 4406 et
1993 4345 2104 4406 bas
2140 4346 2440 4423 prmcedit
2476 4363 2548 4407 ea
2581 4362 2724 4424 quae
2753 4354 2850 4407 est
2887 4346 2964 4408 ad
3001 4343 3639 4418 Thessalonicenses;

398 4449 466 4509 in
507 4463 656 4525 qua,
727 4453 846 4506 etc.
890 4443 1106 4517 Vides,
1155 4442 1418 4505 candide
1463 4444 1707 4512 Lector,
1737 4441 1908 4520 quod
1947 4440 2024 4502 ad
2059 4439 2481 4520 Epistolarum
2507 4441 2804 4503 ordinem
2825 4439 3071 4512 attinet,
3123 4438 3228 4500 hic
3252 4438 3462 4499 doceri
3500 4455 3641 4499 eam

397 4561 543 4624 quae
598 4543 676 4603 ad
721 4538 1328 4602 Thessalonicenses
1359 4539 1585 4616 scripta
1628 4537 1840 4610 fuerit,
1879 4554 1988 4598 eas
2020 4539 2374 4614 prmcedere
2417 4554 2561 4617 quas
2593 4538 2668 4600 ad
2707 4535 3073 4599 Corinthios
3096 4533 3338 4599 fuerint
3366 4534 3577 4594 missre
3619 4555 3637 4595 :

395 4658 523 4719 qua
547 4639 612 4699 in
646 4635 960 4700 sententia
991 4644 1085 4697 est
1130 4636 1646 4715 Chrysostomus,
1719 4635 1891 4713 quod
1932 4633 2280 4696 Lonicerus
2323 4634 2505 4710 plane
2564 4641 2867 4694 tacuerat.
2899 4633 3110 4692 Graeca
3143 4638 3357 4690 autem
3390 4629 3484 4689 sic
3523 4627 3638 4694 ha-

399 4739 582 4799 bent:
641 4741 756 4796 Καὶ
780 4741 887 4812 γὰρ
911 4741 1016 4812 πρὸ
1051 4741 1222 4811 αὐτῆς
1273 4743 1410 4798 εἰσιν
1469 4741 1525 4793 αἱ
1556 4740 1692 4810 πρὶς
1753 4739 2074 4810 Κορινθίους
2101 4737 2233 4791 660°
2283 4736 2502 4807 καὶπρὸ
2563 4739 2770 4790 τούσιων
2806 4734 2876 4788 αὖ
2929 4737 2963 4805 ἡ
3010 4735 3146 4805 πρὸς
3207 4733 3638 4798 Θεσσαλονικεῖς,

396 4839 458 4890 ὲν
485 4833 596 4912 ᾖ...
640 4830 762 4890 Sed
831 4830 906 4890 ad
952 4834 1142 4906 caput
1191 4828 1468 4906 primum
1496 4827 1850 4902 veniamus,
1901 4836 1964 4886 et
2005 4845 2039 4888 e
2092 4824 2309 4886 multis
2346 4841 2540 4902 pauca
2582 4823 3111 4902 perstringamus.
3162 4823 3232 4884 lu
3279 4840 3428 4884 eum
3457 4821 3634 4883 Pauli

401 4925 613 4987 locum
645 4924 759 5004 qui
782 4923 850 4986 in
885 4923 1107 5003 capitis
1155 4930 1252 4986 est
1297 4923 1508 4984 initio:
1564 4922 1651 4982 De
1681 4921 1850 4983 Filio
1881 4939 1995 4982 suo
2027 4923 2136 5000 qui
2181 4929 2368 4982 natus
2407 4930 2492 4982 est
2528 4940 2609 4982 ex
2640 4921 2867 4982 semine
2917 4919 3122 4982 David
3155 4963 3174 4994 ,
3214 4937 3360 4982 cum
3389 4922 3468 4980 de
3519 4919 3640 4978 du-

402 5021 550 5100 plici
591 5020 1004 5100 generatione
1067 5018 1299 5080 Christi
1329 5025 1548 5096 ageret
1597 5017 2139 5095 TheOpliyiactus,
2194 5016 2414 5078 divina
2465 5023 2530 5078 et
2586 5017 2890 5091 humana,
2917 5017 3001 5078 ita
3029 5015 3345 5095 scriptum
3377 5013 3639 5076 fuerat:

403 5117 774 5192 «Quacirca
808 5134 934 5178 non
983 5115 1062 5177 de
1097 5114 1206 5176 vili
1254 5115 1575 5192 exiguove
1609 5113 1874 5176 homine
1924 5113 2349 5191 Evangelium
2384 5112 2506 5175 hoc
2564 5121 2684 5188 est,
2742 5130 2884 5173 nam
2936 5115 3013 5175 de
3089 5113 3254 5173 Filio
3306 5110 3418 5171 Dei
3483 5119 3636 5183 est;

403 5231 518 5275 nec
549 5213 628 5274 de
660 5213 899 5291 exiguo
934 5213 1094 5285 Deo,
1135 5228 1276 5273 nam
1340 5211 1418 5272 de
1458 5218 1606 5272 nato
1636 5227 1714 5272 ex
1763 5209 2079 5286 sanguine
2101 5207 2362 5273 Davidis
2387 5209 2748 5270 secundum
2779 5226 3060 5270 carnem.
3088 5231 3115 5264 η
3145 5208 3480 5268 Hactenus
3517 5207 3640 5266 Lo-

403 5309 604 5371 niceri
633 5308 845 5371 verba.
873 5307 1065 5369 Vides
1091 5323 1280 5388 quam
1317 5307 1534 5385 inepte
1567 5305 1822 5384 colli-gat
1856 5305 2096 5366 Filium
2142 5305 2255 5365 Dei
2288 5319 2416 5364 non
2458 5321 2602 5366 esse
2661 5304 2976 5383 exiguum
3031 5306 3262 5374 Deum,
3308 5306 3642 5378 propterea

402 5407 574 5485 quod
633 5413 823 5468 natus
856 5403 942 5465 sit
994 5421 1075 5466 ex
1112 5403 1428 5482 sanguine
1469 5401 1728 5465 Davidis
1761 5401 2118 5463 secundum
2151 5415 2432 5470 carnem,
2463 5416 2606 5460 eum
2645 5399 2782 5476 ipse
2817 5399 3052 5461 Paulus
3086 5399 3164 5458 de
3199 5397 3639 5458 incarnatione

400 5505 476 5565 ad
509 5501 954 5580 Philippenses
985 5499 1296 5574 scribens,
1330 5499 1518 5577 longe
1545 5497 1732 5560 aliter
1763 5497 1966 5558 dicat:
2008 5495 2383 5557 Exinanivit
2414 5495 2829 5572 semetipsum,
2873 5504 3017 5569 etc.,
3075 5501 3136 5556 et
3204 5492 3395 5570 paulo
3456 5502 3640 5569 post:

407 5595 802 5660 Humilliavit
834 5595 1248 5673 semetipsum.
1289 5595 1475 5668 Quod
1513 5591 1729 5670 itaque
1788 5591 2306 5670 TbeOphylactus
2337 5599 2524 5670 negat
2556 5591 2975 5670 Evangelium
3008 5591 3128 5653 hoc
3159 5607 3300 5652 esse
3331 5599 3465 5668 περὶ
3486 5597 3646 5668 ψιλοῦ

401 5695 557 5765 θεοῦ,
614 5700 679 5754 et
711 5691 900 5770 paulo
926 5700 1072 5753 ante
1106 5699 1234 5770 περὶ
1259 5697 1416 5768 ψιλοῦ
1444 5697 1752 5768 ἀνθρώπου,
1791 5704 1918 5750 non
1949 5705 2003 5748 ei

2040 5697 2082 5749 it
2109 5687 2509 5761 vertendum,
2537 5689 2675 5749 «De
2710 5689 2948 5768 exiguo
2986 5687 3126 5751 sive
3157 5701 3350 5767 parvo
3415 5687 3573 5760 Deo,
3613 5709 3642 5742 ι

407 5805 644 5868 neque,
679 5789 816 5850 «De
861 5787 969 5850 vili
1008 5788 1326 5867 exiguove
1351 5787 1630 5861 homine,
1662 5786 1847 5861 »scd,
1883 5787 1972 5848 De
2003 5801 2200 5859 mero,
2235 5785 2410 5847 nudo
2446 5782 2806 5864 ctsimplici
2840 5789 2970 5850 Deo
2995 5789 3101 5850 aut
3133 5781 3428 5856 homine;
3467 5788 3536 5843 ut
3565 5783 3648 5844 sit
