4056 6584
455 371 568 439 323
1166 374 1268 436 AD
1303 370 1879 435 THEOPHYLACTI
1917 367 2486 432 EXPOSITIONEM
2522 368 2604 431 IN
2647 369 2715 431 D.
2754 370 3071 434 PAULUM
3593 374 3694 438 32‘

457 496 744 544 sensus:
808 477 1225 558 Evangelium
1266 481 1384 542 hoc
1415 496 1544 542 non
1591 497 1735 542 esse
1790 481 1869 541 de
1902 494 1980 540 eo
2029 477 2141 556 qui
2169 484 2411 539 tantum
2449 477 2534 539 sit
2567 477 2782 553 homo,
2839 487 2950 542 aut
3005 485 3253 541 tantum
3312 481 3509 556 Deus,
3576 488 3692 548 sed

459 578 572 655 qui
610 575 778 636 idem
806 583 868 636 et
908 577 1080 636 Deus
1110 575 1192 637 sit
1220 583 1284 636 et
1321 576 1536 638 homo.
1595 575 1824 637 Eodem
1859 575 2064 652 primo
2094 589 2230 650 cap.
2267 573 2384 644 ibi,
2419 572 2539 635 Cui
2566 575 2771 635 servio
2803 576 2871 636 in
2901 575 3140 654 spiritu
3173 594 3304 637 meo
3354 578 3422 640 in
3481 580 3692 642 Evan-

458 673 644 752 gelio,
685 678 805 733 etc.
868 671 958 733 sic
995 673 1174 750 prius
1204 671 1600 735 habebatur:
1640 695 1668 728 α
1699 674 1850 733 Nam
1882 671 2210 733 servitutis
2247 671 2576 751 Evangelii
2609 681 2876 736 conatus
2922 690 3185 737 necesse
3222 674 3432 752 habet,
3470 699 3499 734 ι
3525 687 3692 758 etc.;

460 784 578 829 nos
633 783 783 828 vero
813 767 1050 829 clarius
1082 768 1158 830 ad
1188 767 1361 829 hunc
1391 768 1687 829 modum:
1722 791 1748 822 ει
1787 767 1906 830 Cui
1935 767 2108 828 enim
2165 767 2498 844 Evangelii
2533 768 2962 830 annuntiandi
3021 769 3300 832 servitus
3357 781 3452 834 est
3513 791 3692 838 com-

459 864 680 933 missa,
716 863 815 923 illi
857 880 1121 925 necesse
1153 871 1250 925 est
1303 872 1392 936 ut,
1428 886 1456 920 in
1489 873 1606 926 etc.
1645 866 1717 924 Et
1749 864 1814 924 in
1847 863 2070 926 Glossa
2100 862 2399 942 sequenti
2429 863 2535 924 ubi
2572 863 2696 937 aitf:
2735 885 2765 920 ο(
2806 864 2993 943 Atqui
3028 867 3104 926 D.
3135 865 3373 929 Paulus
3401 869 3554 932 dum
3586 889 3692 934 as-

457 957 644 1021 sidue
679 966 814 1020 orat
854 966 1151 1036 tanquam
1185 959 1452 1021 vidisset
1508 975 1618 1020 eos
1655 983 1710 1034 ι),
1745 967 1890 1032 etc.,
1948 958 2161 1037 potius
2232 957 2444 1020 dicere
2516 959 2764 1034 debuit,
2791 981 2820 1016 ι
2855 961 3165 1024 Cmterum
3226 966 3403 1043 quod
3458 967 3693 1032 Paulus

456 1055 861 1116 continenter
894 1055 1109 1115 orabat
1135 1064 1201 1116 ut
1231 1072 1342 1116 eos
1404 1055 1672 1128 videret,
1705 1054 1841 1115 sive
1879 1054 2096 1116 videre
2126 1053 2551 1134 contingeret,
2585 1073 2661 1116 ex
2689 1055 2962 1118 ferventi
2996 1055 3116 1119 hoc
3153 1056 3457 1123 charitate
3490 1062 3693 1128 facie-

466 1151 567 1209 bat
599 1170 616 1222 ;
655 1173 682 1204 υ
743 1157 806 1211 et
845 1149 1035 1228 paulo
1066 1159 1233 1229 post,
1271 1151 1376 1213 ubi
1410 1150 1696 1213 hortatur
1729 1161 1796 1212 ut
1826 1157 2189 1212 constantes
2219 1150 2424 1211 simus
2453 1150 2520 1213 in
2554 1153 2957 1216 orationibus
2990 1155 3252 1230 nostris,
3305 1156 3399 1219 sic
3421 1156 3693 1224 habeba-

456 1253 601 1306 tur:
642 1268 668 1300 α
702 1247 922 1325 Neque
956 1247 1128 1308 enim
1158 1247 1606 1309 Paulo-sumus
1650 1246 1958 1325 potiores,
1983 1245 2231 1325 quipro
2270 1263 2459 1308 cruce
2517 1248 2712 1310 etiam
2777 1265 2893 1310 sua
2950 1250 3342 1314 removenda
3400 1264 3692 1330 precatus

457 1350 578 1402 cst.
613 1365 641 1398 »
675 1343 888 1404 Graiae
945 1351 1157 1405 autem
1215 1344 1344 1406 sic:
1369 1353 1445 1406 oe
1476 1353 1586 1424 γάρ
1639 1353 1806 1422 ἐσμεν
1831 1350 2045 1405 Παύλου

2091 1350 2338 1414 iet-tione,
2372 1351 2430 1414 ὃς
2453 1351 2548 1404 καὶ
2589 1351 2727 1422 ὑπὲρ
2770 1351 2865 1406 τοῦ
2906 1353 3166 1417 σκόλοπος
3193 1356 3314 1426 τρὶς
3351 1357 3442 1412 τὸν
3492 1360 3693 1432 Κύριον

455 1446 819 1518 παρεκάλεσε,
888 1437 1004 1500 hoc
1034 1446 1149 1513 est,
1189 1462 1218 1494 α
1247 1442 1464 1519 Neque
1527 1439 1697 1500 enim
1734 1441 1928 1500 Paulo
1987 1455 2212 1500 sumus
2255 1439 2581 1512 meliores,
2615 1439 2730 1518 qui
2756 1457 2868 1518 pro
2904 1441 3292 1504 stimuloter
3349 1447 3688 1510 Dominum

456 1542 750 1611 precatus
779 1541 898 1605 est,
935 1555 964 1590 ιο
999 1535 1105 1596 ubi
1137 1534 1484 1597 dictionem
1519 1544 1613 1596 ter
1647 1534 1890 1608 omisit,
1929 1551 2074 1612 quae
2106 1533 2515 1614 potissimum
2549 1537 2626 1597 ad
2661 1536 2971 1598 orationis
2994 1540 3414 1603 constantiam
3454 1553 3515 1606 et
3547 1563 3692 1624 per-

455 1629 882 1690 severantiam
920 1629 1266 1708 pertinebat
1300 1653 1316 1704 ;
1363 1639 1424 1692 et
1454 1648 1706 1692 crucem
1741 1631 1933 1691 etiam
1967 1645 2057 1706 ρι’(

2135 1629 2399 1692 stimulo
2456 1631 2692 1710 posuit.
2737 1634 2812 1692 Ει
2843 1648 3030 1703 mox,
3084 1645 3259 1715 ὲπὶτῇ
3317 1647 3416 1717 τῆς
3463 1650 3692 1717 πίστεως

454 1731 716 1793 ἐπιδόσει,
753 1725 964 1798 vertit,
1010 1749 1038 1781 ι
1063 1727 1221 1804 Erga
1287 1726 1431 1787 lidei
1459 1725 2132 1800 communicationem,
2159 1747 2185 1780 ι)
2219 1742 2390 1800 cum,
2427 1747 2456 1781 α
2491 1726 2574 1788 ob
2651 1727 2798 1789 ﬁdei
2845 1727 3336 1806 in'crementum,
3373 1757 3402 1790 ιο
3481 1739 3692 1816 potius

455 1821 837 1881 vertendum
869 1829 1060 1882 esset.
1103 1822 1335 1884 Eodem
1373 1821 1579 1899 primo
1613 1821 1843 1900 capite,
1873 1820 1942 1882 in
1990 1820 2178 1896 illud,
2225 1823 2748 1898 Quemadmodum
2774 1835 2832 1887 et
2862 1827 2928 1887 in
2958 1828 3222 1908 reliquis
3243 1832 3549 1908 gentibus,
3606 1838 3690 1900 ita

454 1917 829 1995 scripserat:
859 1939 887 1972 α
909 1917 1552 1980 Committensautem
1571 1919 1771 1997 ipsos,
1791 1918 2028 1997 inquit,
2053 1921 2596 1998 quemadmodum
2613 1922 2751 1984 etin
2780 1923 3051 2002 reliquis
3075 1927 3452 2003 gentibus.»
3474 1933 3680 1990 Συστέλ

455 2023 562 2078 λων
611 2023 668 2076 δὲ
719 2024 812 2076 καὶ
867 2022 1086 2111 αὺιτοὺς,
1140 2024 1296 2094 φησι,
1363 2015 1570 2084 καθώς,
1626 2023 1770 2087 etc.,
1827 2015 1947 2078 hoc
2005 2032 2057 2076 es

2087 2025 2121 2087 l,
2187 2016 2513 2078 «Illorum
2585 2025 2801 2079 autem
2857 2017 3090 2082 fastum
3163 2024 3352 2084 etiam
3411 2026 3689 2103 compri-

457 2127 662 2183 mens,
715 2109 954 2187 inquit,
1007 2111 1578 2186 quemadmodum,
1622 2121 1802 2171 »etc.
1858 2111 2045 2184 Quod
2098 2111 2268 2173 enim
2321 2113 2416 2173 sic
2491 2112 2768 2190 intelligi
2837 2114 3084 2188 debeat,
3150 2120 3306 2178 satis
3371 2121 3692 2184 dedat-am

455 2207 818 2284 sequentia.
885 2208 1118 2267 Eodem
1192 2207 1428 2284 capite,
1502 2207 1608 2268 ubi
1671 2209 1946 2283 exlilicat
2018 2207 2224 2269 locum
2284 2209 2499 2269 Pauli:
2565 2208 2860 2271 Tradidit
2890 2229 2994 2271 eos
3049 2213 3118 2274 in
3163 2213 3494 2288 desideria,
3541 2226 3690 2291 etc.,

455 2301 543 2362 ibi
619 2302 1132 2379 Theophylactus
1195 2310 1413 2370 notat,
1467 2303 1664 2363 tradit
1736 2302 1889 2374 dici,
1961 2319 2072 2378 pro
2129 2304 2359 2364 deserit
2411 2321 2547 2378 eos,
2605 2314 2666 2365 et
2720 2309 3056 2384 permittit.
3130 2311 3481 2374 Lonicerus
3541 2331 3692 2376 vero

459 2417 572 2478 pro
626 2410 720 2462 καὶ
763 2409 850 2479 ἑᾷ,
899 2401 959 2461 id
1012 2409 1132 2473 est,
1187 2409 1244 2460 et
1297 2401 1631 2477 permittit,
1703 2407 2022 2476 posuerat,
2080 2400 2312 2459 amice:
2381 2399 2580 2478 idque
2657 2399 2929 2462 fortasse
2997 2402 3080 2464 ob
3139 2405 3477 2483 scriptura;
3524 2409 3690 2472 ditii-

457 2499 755 2559 cultatem
796 2517 812 2572 ;
856 2503 1014 2559 mire
1081 2497 1252 2558 enim
1321 2497 1525 2556 scriba
1551 2512 1576 2547 ε
1609 2513 1751 2556 cum
1781 2518 1815 2553 α.
1844 2495 2083 2556 calamo
2140 2494 2342 2556 veluti
2377 2494 2746 2557 luxuriante
2803 2497 3249 2576 conjunxerat,
3279 2503 3555 2582 ideoque
3587 2505 3693 2567 in-

457 2605 700 2673 terpres
730 2597 805 2658 ad
862 2604 1030 2667 ὠτάν,
1064 2611 1175 2672 pro
1204 2597 1248 2654 ὢ
1277 2601 1404 2655 trav
1435 2592 1594 2654 forte
1625 2593 1930 2670 reSpexit.
1976 2593 2132 2652 Item
2189 2591 2380 2668 paulo
2413 2599 2551 2668 post
2586 2609 2731 2654 cum
2767 2595 3038 2656 declarat
3067 2599 3242 2674 quod
3274 2598 3422 2660 aliis
3469 2599 3696 2678 impel-

454 2689 732 2752 lentibus
798 2708 924 2752 non
977 2689 1316 2750 habuerint
1367 2705 1581 2765 opus:
1623 2687 1800 2748 «Sed
1852 2687 2001 2763 ipsi,
2058 2686 2292 2765 inquit,
2352 2704 2422 2749 se
2455 2689 2843 2752 contumelia
2881 2692 3254 2756 affecerunt.
3303 2696 3694 2774 Hujusmodi

455 2786 626 2846 enim
653 2794 804 2846 sunt
837 2787 1073 2864 impuri
1110 2785 1204 2844 illi
1239 2785 1543 2855 affectus;
1595 2807 1621 2838 ιο
1661 2783 1766 2844 ubi
1793 2784 1978 2860 longe
2015 2783 2138 2843 alia
2170 2784 2350 2861 prius
2384 2783 2734 2846 habebatur
2759 2789 3101 2863 sententia,
3138 2799 3206 2851 ut
3239 2791 3429 2852 etiam
3455 2793 3516 2854 in
3546 2811 3695 2856 mox

455 2883 912 2960 sequentibus,
954 2882 1066 2950 ibi,
1092 2881 1270 2940 Sicut
1305 2898 1429 2939 non
1453 2879 1882 2958 probaverunt
1907 2881 2098 2938 Deum
2115 2880 2338 2942 habere
2368 2882 2435 2942 in
2461 2885 2730 2953 notitia;
2771 2884 2880 2945 ubi
2920 2885 3474 2967 TbeOphyIactus:
3513 2913 3542 2945 α
3589 2894 3694 2954 ln-

446 2977 646 3056 juria,
696 2977 931 3056 inquit,
971 2994 1095 3056 qua
1142 2979 1344 3038 Deum
1378 2977 1753 3046 affecerunt,
1784 2993 1911 3037 non
1968 2993 2044 3036 ex
2095 2975 2453 3053 ignorantia
2517 2972 2850 3056 processit,
2904 2982 3014 3043 sed
3066 3000 3100 3044 a
3157 2985 3570 3047 meditatione
3627 2996 3694 3050 et

455 3073 696 3146 studio,
727 3095 756 3130 in
791 3076 884 3136 uti
921 3091 1034 3134 nos
1069 3073 1490 3134 restituimus.
1559 3071 1682 3144 Qui
1726 3072 1906 3150 plura
1938 3071 2107 3131 volet
2138 3073 2206 3134 in
2252 3072 2371 3136 hoc
2412 3075 2640 3134 eodem
2708 3077 2912 3152 primo
2943 3078 3147 3156 capite
3177 3082 3512 3142 emendata
3573 3100 3694 3144 no-

453 3176 611 3242 tare,
642 3170 705 3230 id
734 3187 813 3231 ex
846 3171 1185 3249 utriusque
1223 3169 1564 3231 collatione
1613 3170 1795 3232 facile
1832 3170 2084 3246 poterit.
2120 3171 2248 3230 Nec
2295 3169 2356 3229 id
2404 3178 2612 3231 tamen
2637 3171 2803 3244 dico,
2855 3181 2924 3233 ut
2959 3173 3271 3234 Lonicero
3320 3174 3687 3236 detraham:

455 3267 806 3343 plurimum
862 3267 1155 3328 enimilli
1201 3266 1434 3329 debere
1470 3284 1566 3328 me
1631 3268 1910 3344 ingenue
1967 3265 2352 3327 fateormisi
2389 3265 2800 3342 enimipsius
2860 3267 3158 3329 versione
3184 3267 3454 3330 fuissem
3510 3273 3690 3350 adju-

455 3373 578 3435 tus,
614 3362 780 3424 baud
813 3362 998 3424 facile
1033 3363 1358 3442 plerisque
1395 3363 1460 3424 in
1491 3363 1645 3423 locis
1685 3369 2083 3441 pervetustos
2115 3363 2505 3423 characteres
2549 3363 2977 3440 agnovissent,
3017 3372 3085 3425 ut
3123 3364 3378 3426 interim
3406 3365 3484 3426 de
3518 3369 3694 3443 ipso-

452 3477 592 3519 rum
627 3461 822 3537 ﬁgura
857 3459 1014 3521 mihi
1057 3460 1320 3540 quidem
1361 3460 1615 3521 insueta
1643 3458 1871 3520 sileam
1915 3477 1930 3527 ;
1969 3458 2080 3518 sed
2146 3473 2226 3518 ne
2277 3457 2579 3529 studiosi,
2625 3465 2693 3517 ut
2731 3458 3041 3532 diximus,
3079 3460 3133 3520 si
3173 3469 3278 3520 aut
3337 3471 3691 3538 pauca,aut

451 3558 701 3618 nullius
732 3559 1038 3620 momenti
1100 3557 1232 3618 loca
1291 3557 1394 3618 hic
1444 3558 1778 3618 emendata
1836 3553 2040 3616 fuisse
2098 3562 2345 3632 putent,
2375 3569 2452 3613 eo
2484 3552 2698 3615 fructu
2761 3555 3118 3630 priventur,
3179 3573 3369 3635 quem
3429 3576 3508 3616 ex
3574 3557 3690 3621 hac

453 3653 895 3732 recogni‘ione
925 3654 1100 3734 ipsos
1133 3662 1229 3714 σὺν
1254 3660 1372 3730 Θεῷ
1403 3660 1863 3714 consecuturos
1895 3669 2255 3730 speramus.
2281 3654 2437 3715 Sunt
2469 3650 2738 3713 fortasse
2770 3655 3077 3716 nonnulla
3119 3674 3263 3733 quas
3294 3660 3688 3735 typographo

453 3751 666 3824 potius
695 3769 886 3829 quam
928 3749 1263 3828 interpreti
1295 3750 1670 3811 ascribenda
1705 3758 1879 3820 sunt,
1908 3757 1977 3810 ut
2009 3749 2182 3828 quod
2214 3747 2530 3809 Christum
2575 3763 2688 3825 pro
2711 3765 2956 3808 crucem
2985 3762 3383 3829 eXpresserat
3410 3773 3427 3824 ;
3461 3753 3570 3813 sed
3603 3771 3686 3815 ne

447 3843 778 3908 fastidium
839 3845 1102 3923 pariam,
1139 3862 1210 3906 ea
1245 3863 1390 3906 cum
1449 3845 1775 3924 plerisque
1806 3845 1948 3905 aliis
2012 3853 2358 3923 praetereo:
2406 3843 2684 3921 ideoque
2718 3864 2795 3905 ex
2819 3845 2965 3906 aliis
3021 3849 3338 3925 capitibus
3383 3851 3683 3926 pauciora

452 3939 576 3999 huc
610 3939 1050 4002 transcribam.
1081 3941 1298 4017 Capite
1342 3940 1626 4000 secundo
1658 3941 1722 4000 in
1761 3939 1918 3999 illud
1948 3941 2151 4015 Pauli,
2189 3940 2312 4015 Qui
2342 3942 2542 4017 igitur
2570 3941 2758 4001 alium
2789 3940 2989 4013 doces,
3025 3948 3285 4022 teipsnm
3323 3964 3445 4004 non
3469 3945 3681 4019 dares,

447 4036 572 4097 ibi:
613 4061 638 4092 α
681 4038 740 4097 Si
791 4053 1065 4114 namque
1098 4044 1344 4114 gentes,
1383 4058 1411 4090 υ
1437 4043 1554 4097 etc.
1582 4035 1854 4097 multum
1883 4037 1961 4096 ab
2005 4039 2282 4097 auctoris
2321 4047 2529 4096 mente
2560 4037 2852 4097 aberrare
2911 4041 3180 4111 videtur,
3223 4050 3281 4102 et
3325 4042 3513 4117 paulo
3537 4053 3682 4105 ante

447 4136 706 4212 negatio
738 4149 864 4195 non
905 4131 1109 4195 fuerat
1138 4135 1419 4206 omissa;
1449 4141 1513 4194 et
1539 4133 1602 4192 in
1637 4132 1846 4210 glossa
1871 4133 2193 4208 sequenti,
2232 4143 2368 4209 post
2410 4133 2527 4192 ista
2565 4133 2776 4205 verba,
2807 4134 2921 4193 Sin
2947 4136 3174 4204 minus,
3208 4136 3325 4197 ista
3355 4139 3681 4198 desidera-

446 4232 674 4291 bantur
699 4251 716 4289 :
743 4230 884 4293 Non
915 4230 1105 4304 dixit,
1138 4231 1282 4294 Non
1307 4229 1588 4309 prodest,
1618 4247 1693 4290 ne
1721 4230 1919 4307 ipsam
1933 4228 2301 4288 contumelia
2318 4227 2560 4306 afﬁcere
2588 4229 2894 4300 videatur,
2928 4229 3033 4289 sed
3055 4229 3338 4289 Judwum
3357 4250 3426 4291 ea
3458 4231 3676 4304 nudat,

445 4325 692 4386 dicens:
727 4349 754 4381 α
786 4327 1224 4397 Circumcisio,
1260 4349 1288 4382 κ
1321 4335 1546 4397 etc.,et
1579 4342 1725 4387 mox
1750 4325 1856 4386 ubi
1897 4326 2026 4386 duo
2054 4326 2354 4400 prmpntia
2388 4324 2735 4403 posuisset,
2773 4343 2972 4385 unum
3005 4328 3361 4387 secundum
3397 4346 3676 4401 carnem,

445 4423 714 4482 alterum
747 4422 1101 4484 secundum
1135 4421 1435 4500 Spiritum
1469 4421 1608 4483 sive
1643 4420 2060 4494 voluntatem,
2094 4423 2172 4482 de
2214 4422 2330 4484 hoc
2388 4424 2746 4498 pesteriore
2809 4421 3103 4501 loquens,
3163 4426 3258 4485 sic
3319 4425 3680 4487 reddiderat

445 4517 822 4578 Lonicerus:
877 4540 904 4573 α
938 4519 1095 4590 Qum
1123 4535 1264 4580 sese
1299 4519 1529 4580 habent
1553 4517 1646 4580 uti
1682 4527 2244 4580 commemoratum
2296 4529 2414 4591 est,
2452 4519 2709 4598 quando
2744 4517 2902 4578 nihil
2943 4519 3290 4580 carnalium
3326 4522 3671 4598 quisquam

442 4614 785 4676 affectuum
820 4615 1180 4687 habuerint,
1222 4615 1423 4692 utqui
1476 4615 1606 4677 sint
1647 4615 1918 4678 ablati.»
1994 4617 2038 4677 G

2138 4631 2203 4675 ca
2270 4630 2418 4675 vero
2451 4613 2543 4674 sic
2596 4611 2866 4674 habent:
2907 4615 3064 4679 Ἦτις
3113 4618 3278 4678 ἐστὶν,
3309 4616 3385 4678 ὡς
3437 4617 3676 4685 εἴρηται.
3724 4617 3736 4637 '

439 4719 568 4771 ὅταν
597 4737 681 4782 τις
702 4719 871 4790 μηδὲν
896 4719 1136 4789 ἔχειτῶν
1166 4719 1446 4790 σαρκικῶν
1471 4719 1660 4774 παθῶν
1694 4720 2118 4792 περιῃρημένον·
2161 4711 2272 4772 ubi
2309 4710 2504 4770 dictio
2533 4710 2674 4780 ἥτις,
2732 4709 2925 4768 refert
2986 4714 3352 4784 ἀκροϐυστίαν
3379 4715 3440 4764 ἐκ
3486 4734 3678 4788 προαι-

445 4807 668 4877 ρέσεως,
718 4823 868 4883 qua;
896 4824 1012 4867 nos
1042 4807 1136 4868 sic
1191 4807 1617 4880 restituimus,
1659 4809 1828 4887 quod
1857 4808 2121 4886 quidem
2172 4815 2289 4879 est,
2324 4814 2392 4866 ut
2417 4806 2654 4866 dictum
2679 4811 2798 4874 est,
2832 4804 3094 4879 quando
3124 4801 3273 4880 quis
3317 4809 3672 4869 carnalium

438 4904 782 4966 alIectuum
806 4902 1056 4964 nullum
1088 4903 1278 4964 habet
1304 4903 1752 4964 circumcisum
1793 4913 1901 4966 aut
1935 4910 2364 4980 amputatum;
2433 4916 2576 4978 qum
2605 4899 2922 4959 sententia
2957 4897 3122 4958 belle
3146 4899 3298 4960 huic
3332 4899 3470 4962 loco
3519 4918 3678 4960 con-

440 5004 637 5073 venit,
685 5000 789 5061 cui
822 5000 997 5079 prior
1023 5000 1513 5075 contradicebat,
1551 5003 1764 5063 etsub
1827 5002 2012 5062 tinem
2074 4998 2266 5076 hujus
2323 4995 2547 5072 capitis
2604 4993 2682 5054 ab
2750 4993 3030 5054 auctoris
3054 5004 3288 5064 mente,
3355 4997 3415 5056 ni
3465 4996 3674 5068 fallor,

439 5097 710 5159 multum
754 5097 1103 5158 aberrabat.
1139 5098 1259 5158 Sed
1296 5097 1554 5176 longum
1577 5105 1748 5158 esset
1786 5096 2040 5174 singula
2071 5094 2271 5170 capita
2304 5098 2640 5158 excutere;
2675 5090 2751 5150 ad
2782 5099 3034 5150 sextum
3102 5092 3294 5167 igitur
3357 5095 3669 5153 transilio.

438 5197 508 5256 In
539 5194 699 5256 illud
733 5193 956 5254 Pauli:
990 5192 1132 5254 Non
1190 5204 1405 5272 regnet
1433 5203 1755 5271 peccatum
1792 5192 1859 5252 in
1879 5189 2149 5256 mortali.
2183 5196 2329 5259 etc.,
2387 5185 2499 5246 ubi
2538 5185 2786 5248 extollit
2842 5186 3072 5246 Christi
3137 5189 3426 5263 gratiam,
3464 5188 3556 5248 sic
3584 5191 3674 5249 ait

438 5288 996 5369 TheOphylactus:
1033 5310 1062 5343 ι
1097 5289 1315 5366 itaque
1345 5304 1576 5365 corpus
1604 5303 1718 5347 sua
1753 5295 1971 5346 natura
2007 5285 2172 5346 haud
2243 5292 2451 5356 nocet,
2512 5283 2625 5343 sed
2673 5280 2935 5344 obedire
2985 5291 3261 5358 peccato,
3301 5283 3461 5345 illud
3522 5301 3671 5346 vero

438 5384 785 5462 plurimum
817 5386 1018 5444 obest.
1054 5383 1328 5443 Observa
1358 5382 1460 5443 hic
1482 5382 1713 5443 Chrisii
1748 5382 2035 5458 gratiam,
2067 5380 2390 5459 quomodo
2422 5379 2618 5440 Adam
2644 5380 2937 5457 peccarit,
2967 5394 3112 5439 cum
3150 5385 3353 5439 tamen
3380 5379 3670 5440 nondum

437 5480 696 5542 mortale
729 5496 960 5556 corpus
992 5479 1245 5540 haberet
1283 5496 1297 5534 :
1335 5496 1450 5539 nos
1479 5497 1628 5541 vero
1675 5480 1738 5539 in
1775 5479 2018 5539 mortali
2045 5492 2308 5554 corpore
2362 5486 2690 5554 peccatum
2747 5474 3065 5535 vincimus
3099 5483 3160 5535 et
3219 5491 3668 5553 superamus.»

436 5579 756 5639 Hactenus
785 5577 1070 5638 auctoris
1104 5575 1290 5638 verba
1325 5577 1401 5638 ad
1443 5578 1732 5638 Graecum
1790 5574 2116 5653 exemplar
2175 5575 2493 5645 restituta,
2549 5591 2694 5654 quas
2738 5575 2920 5652 prius
2967 5573 3153 5651 longe
3191 5573 3507 5634 diversam
3559 5584 3670 5634 aut

433 5672 811 5733 contrariam
855 5689 978 5750 pra)
1011 5691 1080 5734 se
1114 5670 1403 5734 ferebant
1433 5673 1837 5744 sententiam,
1903 5681 2011 5733 aut
2049 5673 2441 5734 conferendo
2476 5667 2749 5750 patebit;
2776 5669 2948 5748 quod
2991 5669 3042 5729 si
3067 5677 3276 5730 tamen
3309 5670 3381 5731 ad
3409 5671 3665 5729 alteram

434 5769 784 5833 editionem
844 5787 1176 5834 recurrere
1211 5771 1523 5850 graveris,
1570 5769 1656 5830 ibi
1706 5775 1780 5831 ad
1837 5769 2031 5829 istum
2102 5768 2499 5830 scribebatur
2558 5767 2854 5830 modum:
2900 5769 3174 5846 «Itaque
3207 5786 3438 5846 corpus
3497 5766 3663 5827 haud
