4056 6580
347 395 464 459 325
1038 418 1047 425 -
1683 390 2259 453 PREFATIONES.
3450 343 3459 348 ’
3498 391 3608 456 326

348 509 543 570 nocet
569 508 832 575 natura),
863 500 977 562 sed
1008 499 1272 563 obedire
1288 508 1570 580 peccato,
1602 500 1765 564 illud
1802 518 1954 565 vero
1995 503 2347 581 plurimum
2383 503 2585 567 obest.
2618 503 2905 568 Observa
2927 504 3032 568 hic
3067 504 3305 569 Christi
3337 508 3605 585 gratiam

346 598 682 683 quomodo
711 598 912 661 Adam
982 597 1276 677 peccarit,
1309 613 1453 660 cum
1490 605 1697 660 tamen
1734 598 2021 660 nondum
2083 600 2355 662 mortale
2383 617 2619 679 corpus
2654 600 2942 677 haberet,
2998 619 3116 666 nos
3148 619 3302 667 vero
3362 605 3428 666 in
3475 621 3615 667 cor-

350 716 510 777 pore
555 694 807 757 mortali
843 701 1100 773 peccato
1131 692 1595 768 exuberamus,
1619 692 1911 773 adeoque
1946 694 2009 755 in
2053 697 2327 774 peccatis
2365 697 2713 760 nascimur.
2755 719 2786 754 ιο
2818 698 3014 760 Vides
3054 701 3302 774 Lector,
3345 709 3415 763 ut
3444 700 3613 764 haud

338 802 529 857 nocet
557 800 825 866 natura,
858 808 974 870 pro
1007 810 1121 852 sua
1169 798 1405 851 natura
1441 790 1611 852 haud
1653 800 1869 860 nocet;
1901 799 1984 863 et,
2014 802 2272 871 peccato
2304 792 2743 866 exuberamus,
2776 809 2890 871 pro
2917 803 3242 872 peceatum
3276 796 3611 872 vincimus,

338 888 584 950 dixerit
625 886 887 949 diverso
923 895 985 948 et
1010 886 1330 949 contrario
1382 889 1625 950 sensu?
1656 887 1874 966 Capite
1910 887 2103 949 etiam
2133 888 2436 968 sequenti
2463 888 2530 948 in
2557 887 3015 951 annotatione:
3048 890 3135 950 Et
3152 890 3605 966 inventum‘est,

337 985 527 1062 [item
557 983 624 1046 in
655 982 803 1059 alia,
839 983 1021 1044 Nunc
1050 992 1254 1043 autem
1270 982 1407 1064 jam
1427 999 1556 1044 non
1584 1000 1692 1061 ego
1719 985 1974 1062 operor]
2013 983 2214 1047 foedos
2255 985 2471 1063 lapsus
2503 983 2951 1062 deprehendes
2983 984 3040 1046 si
3073 986 3366 1050 conferre
3407 988 3606 1065 lubet,

341 1090 421 1144 ut
457 1088 518 1142 et
547 1097 685 1159 cap.
711 1098 803 1149 ιι,
849 1096 917 1140 x1
956 1086 1016 1141 et
1050 1097 1182 1141 xm.
1229 1080 1300 1141 ln
1338 1079 1456 1141 hoc
1486 1078 1596 1140 ubi
1653 1078 1889 1141 Paulus
1920 1082 2045 1142 ait:
2075 1080 2151 1142 Ut
2185 1080 2255 1142 in
2284 1080 2384 1141 die
2413 1080 2667 1143 honeste
2696 1077 3104 1142 ambulemus.
3138 1082 3233 1141 Ibi
3265 1074 3612 1165 Theophy-

340 1174 552 1239 lactus
615 1175 696 1237 de
727 1174 1034 1238 Romanis
1064 1175 1331 1239 honoris
1364 1183 1426 1236 et
1459 1174 1684 1257 gloriae
1714 1176 1942 1239 studio:

2007 1175 2173 1239 shoc
2202 1176 2394 1239 modo
2422 1175 2690 1238 scribit:
2739 1175 2959 1248 Ἐπειδὴ
3018 1179 3129 1247 γὰρ
3190 1177 3360 1242 πολὺς
3422 1181 3609 1245 αὐτοῖς

337 1276 449 1345 τῆς
476 1272 627 1345 παρὰ
658 1271 766 1326 τῶν
795 1270 1006 1324 πολλῶν
1042 1271 1201 1340 δόξης
1237 1273 1266 1324 ὁ
1292 1270 1470 1338 λόγος,
1495 1271 1783 1339 ἐφέλκεται
1811 1272 2010 1338 αὐτοὺς
2051 1272 2160 1327 ἀπὸ
2197 1272 2300 1343 τῆς
2323 1272 2765 1343 εὐσχημοσύνης,
2809 1265 2933 1329 hoc
2955 1272 3075 1337 est,
3108 1287 3137 1311 ⁸
3170 1266 3589 1346 ρυδηαοᾳιιίσ

342 1364 498 1425 dem
532 1362 654 1438 ipsi
692 1359 870 1440 vulgi
897 1358 1165 1438 gloriam
1198 1358 1334 1420 sive
1366 1357 1705 1435 honorem,
1735 1360 1846 1438 qui
1878 1377 1911 1422 a
1949 1361 2171 1422 multis
2198 1359 2582 1432 exhibetur;
2611 1362 3130 1441 magnifacerent,
3175 1361 3612 1426 ahhonestate

342 1475 463 1522 eos
494 1455 740 1533 allicit;
776 1478 806 1513 ιν
841 1457 1020 1534 prius
1050 1462 1263 1517 autem
1293 1455 1387 1516 sic
1416 1456 1743 1518 redditum
1781 1456 2021 1519 fuerat:
2052 1478 2081 1513 α
2117 1456 2275 1519 Cum
2299 1459 2469 1518 enim
2500 1456 2625 1535 ipsi
2667 1460 2936 1520 Romani
2972 1457 3173 1521 multa
3210 1458 3401 1520 verba
3432 1457 3609 1521 face-

344 1560 518 1626 rent,
553 1575 583 1609 »
611 1559 758 1627 etc.,
805 1551 1108 1616 ιὼὶπολὺς
1142 1552 1320 1622 λόγος,
1356 1566 1484 1612 non
1512 1553 1713 1615 multa
1763 1554 1976 1628 verba,
2007 1554 2121 1619 sed
2151 1553 2415 1616 multam
2459 1571 2703 1628 curam,
2738 1557 3055 1619 rationem
3087 1556 3225 1619 sive
3249 1562 3610 1636 reSpectum

348 1651 592 1714 habere
641 1648 865 1730 gloria:
889 1655 951 1710 et
980 1664 1153 1710 aurae.
1203 1647 1533 1725 p0pularis
1566 1650 1781 1727 potius
1811 1651 2150 1732 significat.
2183 1651 2434 1715 Deinde
2471 1654 2644 1733 quod
2708 1654 3035 1734 adjectum
3096 1660 3216 1725 est,
3250 1676 3278 1710 α
3301 1652 3615 1718 abstrahit

344 1766 467 1810 eos
498 1746 577 1810 ab
605 1764 680 1809 ea
710 1744 934 1824 gloria;
955 1742 1382 1823 turpitudine,
1419 1766 1447 1801 ››
1490 1744 1764 1808 multum
1791 1757 1922 1810 erat
1954 1766 1988 1812 a
2031 1747 2212 1810 Pauli
2257 1755 2319 1809 et
2351 1747 2817 1828 TheOphylacti
2878 1750 3213 1830 proposito
3279 1750 3610 1829 alienum;

344 1843 654 1920 suspicor
682 1843 1100 1921 interpretem
1135 1838 1540 1902 existimasse
1574 1858 1689 1920 pro
1715 1844 1946 1917 εὑοηιημς

2007 1847 2137 1916 ύνης
2171 1842 2514 1923 legendum
2537 1862 2682 1908 esse
2719 1848 3129 1922 ἀσχημοσύνης.
3170 1845 3302 1909 Sub
3336 1864 3410 1909 ea
3433 1849 3607 1910 enim

343 1940 637 2002 dictione
672 1940 861 2001 ducta
890 1944 1024 1999 erat
1053 1936 1251 2011 linea,
1286 1935 1474 2015 quasi
1498 1945 1809 2015 suspecta
1833 1944 2003 1999 esset
2051 1939 2387 2021 scriptura,
2421 1958 2567 2022 qua:
2608 1950 2820 2005 tamen
2871 1940 3037 2006 belle
3075 1942 3287 2020 habet,
3344 1950 3416 2006 ut
3468 1961 3616 2025 qute

342 2037 624 2099 Paulino
655 2034 862 2098 textui
897 2032 1270 2113 respondet,
1322 2031 1431 2094 ubi
1483 2035 1866 2105 εὐσχημόνως.

432 2139 557 2201 Sed
607 2139 687 2201 de
728 2138 846 2200 hac
882 2153 1009 2198 una
1056 2135 1229 2198 Pauli
1280 2135 1569 2215 Epistola
1631 2137 1907 2198 nimium
1940 2138 2182 2215 multa;
2227 2141 2525 2220 pauciora
2555 2142 2866 2222 igitur-ex
2905 2144 3179 2224 reliquis
3208 2143 3518 2219 afferam;
3551 2154 3614 2208 et

345 2252 434 2297 ne
463 2234 728 2314 longius
758 2233 1088 2308 abeamus,
1118 2232 1311 2294 initio
1343 2231 1651 2311 Epistolas
1675 2235 2038 2310 sequentis,
2070 2237 2179 2297 ubi
2219 2238 2457 2319 Paulus
2489 2237 2601 2313 ait,
2637 2239 2762 2299 Per
2789 2240 3171 2301 voluntatem
3194 2241 3332 2313 Dei,
3366 2240 3432 2302 in
3464 2259 3612 2303 eum

347 2333 567 2393 locum
606 2332 961 2393 Lonicerus
998 2346 1011 2390 :
1053 2354 1083 2388 α
1116 2329 1584 2391 Animadverte.
1617 2330 1720 2389 hic
1756 2330 2014 2392 deitatis
2046 2333 2422 2396 vocabulum
2456 2335 2533 2396 ad
2573 2338 2818 2397 Patrem
2853 2336 3219 2414 pertinere;
3255 2358 3283 2391 ιο
3317 2336 3599 2415 egregia,

346 2428 603 2489 scilicet
635 2426 1140 2501 animadversio,
1191 2425 1380 2503 quasi
1431 2441 1582 2487 vero
1618 2442 1891 2505 usquam
1936 2430 2228 2508 negarint
2262 2429 2489 2492 Ariani
2537 2429 2795 2493 deitatis
2830 2432 3215 2508 vocabulum
3252 2433 3325 2493 ad
3363 2434 3611 2494 Patrem

353 2524 707 2601 pertinere.
753 2523 968 2585 Grmca
1010 2522 1104 2584 sic
1146 2521 1386 2584 habent
1429 2543 1445 2584 :
1494 2531 1891 2601 Σημείωσαιδὲ
1923 2551 1954 2587 τ

2032 2533 2134 2589 διὰ
2166 2536 2257 2588 ἐπὶ
2288 2536 2502 2608 Πατρὸς
2534 2537 2807 2607 κείμενον,
2847 2527 2968 2590 hoc
2997 2539 3116 2600 est,
3157 2550 3187 2585 α
3211 2530 3369 2590 Nota
3400 2536 3613 2589 autem

355 2621 520 2682 hanc
546 2620 894 2682 dictionem
923 2636 1038 2698 per
1069 2618 1234 2692 Patri
1265 2618 1648 2697 appositam,
1675 2642 1704 2675 »
1739 2620 1874 2682 sive
1903 2621 1982 2681 de
2013 2625 2194 2685 Patre
2224 2625 2370 2686 dici.
2402 2625 2517 2686 Ubi
2555 2625 3077 2705 TheOphylactus
3111 2632 3327 2687 contra
3348 2626 3615 2687 Arianos

354 2718 535 2780 hunc
568 2716 781 2780 locum
821 2714 1086 2795 profert,
1139 2714 1473 2777 declarans
1518 2717 1697 2795 quod
1734 2717 1864 2780 haec
1897 2719 2264 2796 praepositio
2297 2739 2436 2801 per,
2475 2721 2979 2783 diminutionem
3018 2737 3150 2782 non
3189 2720 3511 2797 importet,
3545 2728 3616 2782 ut

358 2815 486 2893 ipsi
520 2812 820 2876 valebant
853 2836 868 2874 :
900 2828 1045 2875 cum
1077 2812 1268 2874 etiam
1300 2811 1408 2874 hic
1433 2820 1795 2891 apponatur
1830 2813 2019 2887 Patri,
2044 2815 2156 2876 ubi
2187 2816 2427 2878 dicitur
2459 2834 2576 2895 per
2609 2817 2996 2877 voluntatem
3028 2817 3253 2891 Dei,'ut
3287 2815 3502 2877 fusius
3527 2817 3619 2881 ait

358 2913 533 2975 idem
562 2908 1177 2990 'l‘heOphylaetusin
1212 2927 1361 2972 eum
1392 2910 1602 2973 locum
1637 2913 1932 2984 Joannis,
1966 2909 2190 2973 Omnia
2213 2930 2332 2991 per
2362 2914 2570 2992 ipsum
2599 2915 2771 2994 facta
2806 2922 2983 2986 sunt,
3020 2913 3131 2974 ubi
3183 2913 3406 2974 Ariani
3442 2913 3618 2975 vole-

353 3012 516 3075 bant
558 3007 800 3071 Filium
846 3006 1053 3070 facere
1105 3009 1285 3070 Patre
1323 3006 1669 3082 minorem,
1703 3006 1875 3086 quod
1915 3024 2025 3085 per
2052 3009 2270 3086 ipsum
2311 3013 2477 3072 sicut
2518 3028 2632 3089 per
2663 3010 3171 3071 instrumentum
3209 3019 3320 3072 aut
3350 3026 3614 3071 servum

355 3110 544 3170 Pater
572 3104 694 3168 alia
717 3105 976 3168 fecisset
1012 3127 1028 3166 :
1057 3113 1276 3169 contra
1303 3121 1468 3186 quos
1497 3104 1584 3165 ibi
1619 3105 1882 3166 adducit
1914 3105 2082 3166 hunc
2113 3105 2326 3184 ipsum
2360 3106 2599 3180 locum,
2630 3106 2757 3167 Per
2778 3105 3166 3167 voluntatem
3193 3106 3343 3172 Dei;
3370 3117 3432 3166 et
3460 3105 3613 3168 item

356 3204 560 3267 alium
611 3222 693 3264 ex
726 3202 845 3264 hoc
874 3203 1099 3264 eodem
1140 3203 1344 3281 capite
1395 3220 1411 3263 :
1454 3202 1694 3264 Fidelis
1728 3203 1894 3263 Deus
1922 3220 2042 3280 per
2070 3220 2245 3281 quem
2289 3203 2494 3263 vocati
2526 3221 2739 3264 sumus
2783 3204 2852 3265 in
2888 3207 3249 3263 societatem
3287 3203 3448 3264 Filii
3487 3202 3616 3275 sui,

358 3299 477 3364 ubi
525 3299 722 3362 dictio
764 3316 907 3378 per,
951 3297 1380 3376 Patrijuncta,
1425 3316 1831 3379 nequaquam
1881 3298 2197 3377 significat
2245 3299 2492 3361 Patrem
2539 3297 2706 3359 Filio
2760 3299 3106 3361 minorem.
3165 3300 3352 3362 Hunc
3400 3298 3614 3360 locum

356 3394 665 3475 pluribus
712 3395 972 3456 tractavi
1033 3394 1207 3474 quod
1263 3394 1591 3475 plerisque
1642 3395 2088 3457 subobscurus
2139 3396 2509 3470 videretur,
2562 3405 2623 3458 et
2680 3412 2715 3457 a
2769 3395 3080 3458 Lonicero
3126 3395 3392 3475 quidem
3452 3395 3617 3458 male

360 3511 615 3567 versus,
655 3501 720 3554 ut
752 3493 861 3573 qui
897 3510 974 3554 ex
1011 3494 1464 3570 praepositione
1496 3501 1592 3556 διά
1622 3493 1930 3556 deitatem
1967 3490 2240 3566 fecerit;
2273 3509 2304 3553 a
2347 3495 2673 3554 Porsenna
2713 3508 2864 3554 vero
2909 3491 3099 3569 plane
3134 3493 3418 3553 omissus
3448 3492 3619 3553 fuis-

361 3598 462 3652 set
504 3605 520 3652 :
566 3588 731 3651 solet
762 3587 935 3650 enim
975 3588 1093 3650 iste
1141 3587 1195 3650 si
1230 3589 1385 3667 quid
1425 3589 1664 3667 placeat
1696 3589 1968 3652 liberius
1997 3596 2261 3650 tractare
2321 3605 2392 3650 ac
2426 3587 2623 3649 multa
2655 3588 2734 3649 de
2766 3603 2887 3649 suo
2924 3584 3265 3658 infercire;
3306 3595 3369 3648 et
3397 3594 3616 3650 contra

361 3687 417 3748 si
447 3686 605 3768 quid
638 3701 769 3747 non
798 3684 1100 3758 arrideat,
1132 3684 1295 3747 illud
1349 3702 1611 3764 prorsus
1659 3686 1956 3748 omittere
1992 3707 2007 3746 :
2048 3683 2221 3764 quod
2258 3683 2362 3744 hic
2392 3682 2741 3760 contigisse
2786 3682 3064 3755 videtur,
3095 3682 3150 3742 si
3187 3682 3618 3759 modoipsius

361 3781 692 3861 exemplar
723 3798 866 3843 cum
901 3789 1119 3845 nostro
1150 3782 1580 3858 consenserit,
1607 3798 1685 3844 eo
1716 3800 1871 3844 sane
1908 3788 2297 3861 pervetusto.
2321 3782 2450 3841 Nec
2476 3779 2669 3842 video
2693 3795 2810 3841 cur
2837 3778 2943 3841 hic
2973 3779 3052 3841 de
3082 3789 3382 3858 germana
3409 3778 3617 3841 Theo-

363 3877 644 3960 phylacti
700 3878 1024 3955 Scriptura
1079 3878 1374 3940 dubitare
1426 3879 1804 3951 debeamus,
1856 3896 2000 3940 cum
2049 3876 2246 3956 hujus
2299 3875 2419 3936 loci
2476 3874 2868 3936 mentionem
2921 3874 3063 3952 ipse
3109 3873 3298 3937 faciat
3347 3875 3615 3936 Joannis

364 3975 600 4055 primo,
645 3981 710 4036 ut
754 3974 1064 4036 diximus.
1113 3976 1296 4049 Quod
1344 3982 1557 4038 autem
1606 3976 1955 4037 Lonicerus
1984 3972 2261 4053 glossam
2295 3978 2488 4033 totam
2537 3987 3007 4051 nonnunquam
3042 3987 3188 4033 cum
3225 3979 3400 4033 textu
3436 3969 3616 4030 Pauli

366 4069 873 4150 praetermiserit,
904 4086 1032 4132 non
1072 4069 1279 4151 ipsius
1309 4070 1639 4135 voluntate
1672 4070 1906 4133 factum
1941 4088 2084 4133 esse
2114 4067 2413 4145 arbitror,
2446 4068 2558 4131 sed
2594 4067 2803 4146 ipsius
2838 4074 2947 4130 aut
2990 4066 3216 4130 scribta
3248 4068 3460 4146 potius
3495 4084 3613 4129 ne-

363 4167 679 4248 gligentia
713 4175 1063 4229 auterrore
1097 4165 1472 4247 contigisse.

446 4265 570 4326 Hie
616 4264 805 4326 ﬁnem
846 4263 1059 4327 facere
1100 4262 1372 4326 fortasse
1410 4264 1745 4344 expediret
1781 4287 1795 4327 :
1838 4281 1984 4327 nam
2032 4281 2113 4326 ex
2163 4260 2539 4342 hujusmodi
2572 4260 2730 4323 locis
2767 4276 2879 4340 pro
2914 4267 3129 4322 nostra
3173 4260 3617 4339 qualicunque

366 4362 806 4424 mediocritate
844 4359 1156 4422 restitutis
1203 4359 1386 4422 facile
1411 4363 1721 4425 candidus
1763 4365 1989 4425 Lector
2019 4361 2100 4423 de
2135 4359 2405 4439 reliquis
2439 4356 2754 4437 conjicere
2789 4366 3025 4434 posset,
3076 4373 3193 4418 nec
3228 4357 3435 4434 plura,
3476 4357 3617 4432 opi-

364 4473 511 4529 nor,
547 4456 939 4519 desideraret
977 4471 990 4516 :
1025 4455 1107 4518 ob
1146 4458 1537 4520 morosiores
1571 4466 1807 4533 tamen,
1840 4458 2049 4521 adhuc
2083 4456 2356 4536 paucula
2391 4456 2727 4521 ascribam,
2767 4461 2834 4515 ut
2874 4453 3049 4531 quod
3089 4453 3278 4532 hujus
3314 4453 3619 4531 Epistolm

364 4555 576 4633 capite
606 4562 860 4632 quarto,
887 4552 977 4613 ibi
1013 4574 1028 4614 :
1062 4553 1308 4634 Magnae
1336 4554 1485 4615 mihi
1514 4553 1755 4633 gloria,
1789 4554 2163 4616 contrariam
2198 4560 2500 4628 posuerat
2553 4551 2943 4613 sententiam
2971 4566 2987 4623 ;
3027 4557 3088 4611 et
3121 4550 3325 4627 capite
3358 4550 3616 4629 quinto,

370 4651 438 4713 in
470 4668 618 4713 eum
651 4649 826 4711 Pauli
867 4651 1073 4711 locum
1107 4670 1123 4711 :
1157 4651 1236 4709 In
1269 4650 1592 4711 interitum
1630 4652 1865 4723 carnis,
1899 4650 2207 4729 scriptum
2243 4657 2406 4710 erat:
2441 4671 2471 4705 ιι
2504 4649 2640 4708 Hoc
2680 4657 2797 4721 est,
2834 4655 2903 4708 ut
2947 4663 2981 4708 a
3017 4646 3235 4707 morbo
3267 4664 3415 4707 eum
3450 4647 3615 4708 libe-

370 4756 492 4819 ret,
524 4745 752 4819 solvat,
790 4768 820 4802 ι
848 4761 962 4806 nos
991 4744 1083 4805 sic
1119 4746 1605 4806 emendavimus
1631 4765 1646 4804 :
1677 4769 1707 4804 α
1740 4749 1877 4809 Hoc
1906 4756 2023 4823 est,
2052 4758 2119 4810 ut
2154 4748 2373 4810 morbo
2405 4765 2555 4809 eum
2588 4754 2866 4808 maceret
2901 4753 2962 4807 et
2987 4744 3312 4807 tabescere
3343 4744 3551 4818 faciat,
3584 4766 3617 4803 ιι

368 4846 450 4906 de
480 4842 896 4921 castigatione
927 4841 1099 4903 enim
1130 4842 1417 4919 corporis
1453 4840 1762 4921 loquitur,
1800 4856 1865 4905 ut
1895 4848 2231 4922 sequentia
2264 4846 2418 4906 satis
2451 4844 2797 4906 declarant.
2833 4843 3054 4921 Capite
3089 4849 3302 4903 autem
3339 4842 3615 4921 septimo
3706 4878 3715 4884 α

366 4940 678 5020 pleraque
709 4940 1069 5017 depravata,
1102 4946 1164 5001 et
1195 4955 1325 5000 non
1367 4957 1562 5018 pauca
1592 4941 1831 5003 omissa
1862 4942 2088 5017 fuisse,
2123 4943 2237 5023 qui
2267 4950 2471 5003 totum
2503 4941 2622 5004 hoc
2653 4949 2843 5020 caput
2878 4939 3176 5002 conferre
3211 4939 3400 5011 volet,
3425 4937 3613 4999 facile

367 5035 851 5113 deprehendet;
886 5034 1061 5115 quod
1092 5035 1352 5116 quidem
1392 5036 1489 5099 vel
1536 5051 1735 5100 unum
1769 5046 1958 5117 caput
1991 5055 2245 5101 moroso
2277 5039 2469 5100 etiam
2502 5038 2775 5113 Lectori,
2811 5038 2865 5098 si
2896 5044 3109 5099 tamen
3138 5037 3418 5098 veritatis
3458 5042 3599 5096 stu-

368 5134 596 5195 diosus
631 5131 849 5205 fuerit,
879 5131 1040 5193 hanc
1076 5140 1357 5194 nostram
1388 5149 1646 5210 operam
1685 5141 1753 5214 ut
1787 5135 2051 5197 minime
2083 5151 2649 5216 supervacaneam,
2692 5138 3145 5196 commendare
3189 5133 3413 5195 valeat.
3452 5133 3613 5193 Pos-

366 5246 506 5292 sem
541 5246 617 5293 ex
648 5236 910 5307 cep.1x,
960 5247 1024 5290 ιιι
1055 5237 1115 5291 et
1153 5247 1261 5304 xv,
1302 5230 1639 5292 manifeste
1677 5231 2039 5311 depravata,
2071 5241 2132 5295 et
2181 5232 2561 5295 contrariam
2600 5231 2986 5293 sententiam
3033 5228 3426 5293 continentia
3462 5244 3613 5307 pro‘

365 5326 559 5399 ferre,
607 5326 722 5390 sed
761 5325 826 5388 in
871 5326 981 5389 hac
1018 5327 1230 5406 priore
1279 5328 1357 5390 ad
1393 5329 1761 5391 Corinthios
1796 5330 2082 5410 Epistola
2115 5330 2367 5392 diutius
2399 5345 2591 5407 quam
2637 5337 2983 5390 statueram
3020 5342 3163 5387 sum
3208 5324 3607 5386 immoratus.

366 5424 440 5485 In
475 5423 776 5485 secundm
806 5440 959 5485 vero
996 5426 1073 5485 ad
1107 5423 1476 5487 Corinthios
1508 5425 1808 5502 Epistolaa
1845 5427 2050 5505 capite
2086 5426 2316 5504 primo,
2352 5425 2435 5486 ibi
2489 5447 2504 5487 :
2565 5426 2650 5485 Et
2694 5441 2833 5502 spes
2864 5432 3085 5484 nostra
3133 5420 3315 5499 ﬁrma
3362 5429 3449 5481 est
3489 5437 3611 5499 pro

364 5518 565 5592 vobis,
616 5517 832 5597 glossa
886 5518 1080 5599 hujus
1126 5528 1339 5582 textus
1386 5538 1530 5583 cum
1589 5529 1768 5584 textu
1819 5521 2117 5602 sequenti
2156 5519 2387 5595 fuerat
2439 5521 2721 5593 omissa;
2772 5528 2965 5598 atque
3011 5518 3096 5578 ita
3137 5515 3352 5596 glossa
3399 5523 3612 5579 textus

366 5616 710 5696 sequentis
743 5615 896 5679 huic
939 5625 1073 5679 erat
1105 5616 1373 5696 adjecta,
1405 5617 1578 5696 quod
1611 5617 1806 5679 etiam
1849 5616 2084 5680 factum
2115 5628 2208 5680 est
2251 5619 2330 5680 ad
2367 5619 2689 5680 Romanos
2730 5622 2871 5688 xm,
2917 5613 3085 5677 {mdo
3123 5630 3277 5676 sane
3305 5612 3512 5690 lapsu,
3543 5620 3613 5675 ut

366 5713 530 5777 alios
554 5713 846 5793 ejusdem
874 5713 1101 5792 capitis
1132 5725 1526 5792 praeteream.
1556 5715 1854 5778 Secundo
1875 5721 2087 5778 autem
2116 5716 2324 5797 capite
2348 5715 2447 5778 bis
2475 5716 2852 5777 contrariam
2882 5713 3167 5776 reddidit
3195 5710 3607 5774 sententiam.-

369 5811 655 5874 Primum
696 5808 763 5873 in
799 5808 958 5875 illud
994 5810 1170 5875 Pauli
1204 5832 1218 5873 :
1258 5812 1333 5877 Ut
1361 5828 1438 5872 ne
1460 5811 2023 5877 circumveniamur
2050 5834 2089 5875 a
2126 5814 2383 5892 Salano,
2417 5812 2707 5876 dixerat:
2742 5833 2776 5868 α
2816 5812 2954 5873 Νοιι
2989 5810 3164 5874 enim
3192 5825 3226 5872 a
3262 5826 3330 5872 se
3360 5808 3611 5869 discre—
