4056 6616
455 399 563 467 327
1116 408 1220 469 AD
1250 405 1828 470 THEOPHYLACTI
1860 402 2433 471 EXPOSITIONEM
2462 409 2545 472 IN
2584 410 2653 471 D.
2692 407 3014 473 PAULUM
3608 408 3726 472 328

456 522 672 602 pantia
715 523 976 586 Satanas
1021 524 1277 604 accipit,
1328 541 1551 588 verum
1595 536 1656 586 et
1713 532 1928 589 nostra
1979 527 2166 605 rapit,
2211 548 2240 584 ι
2293 544 2438 589 cum
2486 524 2704 589 dicere
2762 525 3122 600 debuisset,
3166 545 3198 584 α
3243 525 3382 586 Non
3433 522 3608 586 enim
3632 525 3723 588 ad

454 635 528 681 se
560 619 942 696 pertinentia
968 620 1257 694 Satanas,
1295 644 1326 679 ιο
1358 622 1708 684 etc.Grtece
1743 622 1914 683 enim
1947 629 2043 683 est

2141 626 2200 684 Ὀ
2229 632 2338 701 γὰρ
2374 628 2621 694 διάϐολος
2644 628 2766 701 οὐχὶ
2790 630 2859 683 τὰ
2888 629 3037 700 αὐτῷ
3063 630 3392 702 διαφέροντα
3418 629 3725 701 λαμϐάνει.

454 708 707 773 Deinde
742 709 933 789 paulo
966 720 1108 787 post
1153 713 1219 775 in
1253 713 1416 776 iilud
1450 722 1627 780 Pauli
1665 741 1680 782 :
1712 720 1876 785 Aliis
1917 719 2166 801 quidem
2195 718 2354 779 odor
2381 717 2604 779 mortis
2639 717 2709 778 in
2744 726 3029 791 mortem,
3064 733 3202 796 pro,
3244 719 3382 779 Deo
3408 727 3716 798 accepta-
3776 740 3789 741 ί

454 803 621 868 biles
670 822 841 879 esse,
898 806 1172 883 dixerat,
1201 827 1347 873 esse
1389 814 1707 890 reprobos
1753 826 1815 880 et
1845 818 2109 879 minime
2151 823 2361 895 gratos
2410 815 2578 893 apud
2619 814 2849 877 Deum.
2901 815 3021 875 Sed
3077 812 3182 875 hic
3209 814 3490 894 quodam
3522 818 3724 878 modo

454 902 863 965 excusandus
909 903 1104 978 venit,
1144 907 1317 985 quod
1363 910 1620 972 Graecus
1663 912 1875 975 codex
1909 912 2144 975 fuisset
2173 919 2540 986 corruptus,
2574 928 2770 990 quem
2805 917 3068 973 secutus
3101 919 3195 972 est
3233 910 3381 984 fide,
3422 919 3491 973 ut
3532 912 3725 974 dixi-

457 1013 634 1070 mus,
671 998 942 1060 nimium
983 1001 1152 1063 bona
1185 1022 1205 1075 ;
1237 1019 1385 1065 nam
1441 1005 1582 1068 loco
1619 1016 1985 1087 capacissimi
2033 1010 2059 1070 ll

2126 1010 2377 1087 gendum
2426 1014 2522 1069 est
2564 1015 2981 1087 εὐπρόσδεκτοι,
3046 1015 3115 1070 ut
3171 1016 3342 1082 patet
3389 1025 3465 1070 ex
3515 1007 3728 1089 Chry-

453 1103 739 1159 sostomo
771 1106 832 1158 et
862 1099 1061 1160 veleri
1091 1099 1465 1179 interprete.
1494 1105 1619 1166 Sed
1652 1107 1731 1167 ad
1761 1106 1886 1168 alia
1908 1122 2261 1185 preperans
2312 1103 2564 1183 reliqua
2594 1102 2788 1183 hujus
2842 1104 3144 1184 Epistolas
3166 1104 3368 1184 capita
3393 1105 3717 1168 transilio.

452 1191 651 1255 lnitio
687 1203 898 1257 autem
948 1196 1178 1274 capitis
1223 1198 1414 1276 primi
1463 1201 1540 1261 ad
1571 1203 1845 1274 Galatas,
1878 1204 1967 1265 ibi
2009 1225 2024 1265 :
2069 1200 2190 1263 Sed
2218 1217 2334 1279 per
2364 1201 2581 1262 Iesum
2629 1198 2970 1273 Christum,
3006 1200 3523 1281 Theophylactus
3556 1201 3722 1264 huic

458 1288 599 1352 loco
623 1289 845 1370 objicit
874 1293 1049 1370 quod
1082 1301 1180 1355 est
1210 1294 1277 1354 in
1311 1294 1486 1357 Actis
1521 1300 1960 1375 apostolorum
1992 1315 2060 1361 ca

2121 1345 2129 1359 .
2163 1315 2309 1372 xm,
2344 1297 2595 1371 dicens,
2629 1305 2739 1359 Καὶ
2772 1304 2882 1377 μὴν
2918 1306 2976 1358 αἱ
3009 1305 3244 1376 Πράξεις
3271 1306 3377 1360 ὑπὸ
3405 1308 3501 1361 τοῦ
3540 1307 3723 1361 Πνεῦ-

457 1411 631 1466 ματος
656 1396 909 1467 δηλοῦσιν
928 1400 1099 1453 αὐτὸν
1118 1400 1501 1474 ἀφορισθῆναι*
1542 1394 1606 1458 id
1637 1402 1774 1458 est:
1834 1420 1859 1452 ιι
1899 1399 2059 1475 Atqu

2140 1397 2295 1457 Acta
2338 1391 2776 1472 apostolorum
2814 1409 2848 1455 a
2874 1392 3118 1471 Spiritu
3158 1400 3378 1456 sancto
3424 1393 3718 1458 indicant

454 1499 607 1544 eum
638 1495 1041 1565 segregatum
1069 1506 1242 1564 esse,
1278 1514 1310 1548 in
1346 1501 1495 1569 etc.,
1528 1495 1881 1557 Lonicerus
1920 1508 2097 1564 vero,
2131 1491 2211 1553 de
2254 1490 2435 1552 Pauli
2467 1491 2780 1569 eperibus
2816 1490 3217 1570 intelligens,
3253 1493 3349 1555 sic
3381 1501 3652 1556 verterat
3691 1516 3716 1556 :

455 1599 488 1639 α
522 1581 684 1658 Ipsae
714 1599 819 1642 res
862 1593 1058 1662 gestae
1084 1593 1362 1664 etopera
1393 1606 1426 1651 a
1459 1592 1698 1669 Spiritu
1732 1599 1949 1654 sancto
1983 1587 2259 1670 profecta
2301 1588 2606 1662 indicant,
2635 1609 2664 1645 ι
2691 1594 2840 1659 etc.,
2881 1604 3024 1666 quas
3061 1586 3213 1650 huic
3258 1586 3401 1652 loco
3438 1588 3715 1654 minime

455 1678 853 1740 conveniunt
909 1702 926 1740 :
990 1697 1107 1741 nec
1172 1700 1317 1762 qum
1373 1686 1585 1748 statim
1642 1694 2008 1767 sequuntur
2066 1686 2229 1748 hanc
2276 1682 2625 1746 admittunt
2679 1683 3329 1762 interpretationem;
3381 1688 3715 1751 subnectit

453 1777 628 1838 enim
666 1798 681 1837 :
730 1797 763 1835 α
809 1777 1225 1853 Perspicuum
1264 1788 1357 1841 est
1396 1783 1592 1861 igitur
1622 1783 1804 1863 quod
1848 1783 1930 1845 sit
1964 1800 2091 1846 una
2137 1791 2199 1846 et
2239 1781 2464 1844 eadem
2503 1786 2781 1859 potestas
2825 1786 2888 1841 et
2928 1780 3132 1842 Patris
3181 1788 3242 1842 et
3278 1780 3430 1843 Filii
3464 1791 3526 1844 et
3568 1784 3715 1859 Spi-

454 1873 619 1935 ritus
649 1874 917 1936 sancti.»
950 1875 1236 1937 Similem
1269 1876 1698 1957 objectionem
1732 1881 1886 1943 facit
1920 1882 1999 1944 ad
2028 1882 2211 1943 Rom.
2247 1879 2481 1959 primo,
2513 1878 2606 1941 ibi
2639 1900 2654 1941 :
2686 1878 2811 1942 Per
2838 1896 3011 1959 quem
3039 1881 3388 1959 accepimus
3408 1882 3706 1961 gratiam.

448 1972 578 2032 Sed
631 1970 903 2033 nimium
947 1970 1049 2032 his
1092 1972 1427 2036 immorer.
1480 1976 1543 2036 Si
1582 1978 1735 2055 quis
1774 1985 1984 2039 tamen
2038 1994 2117 2039 ex
2157 1976 2304 2038 aliis
2348 1975 2655 2053 Epistolis
2692 1978 2981 2055 qumdam
3040 1977 3392 2052 desideret,
3423 1977 3711 2041 conferat

458 2067 740 2143 primum
792 2076 981 2145 caput
1035 2069 1114 2130 ad
1161 2069 1643 2149 Philippenses,
1693 2073 1803 2134 ubi
1852 2088 1979 2135 non
2040 2089 2237 2152 pauca
2288 2069 2496 2133 fuisse
2550 2070 2825 2133 multum
2884 2083 3183 2150 corrupta
3234 2073 3703 2153 deprehendet.

456 2164 789 2242 Expendat
838 2166 992 2227 item
1046 2183 1195 2246 qum
1248 2168 1768 2246 'l‘lieophylactus
1814 2171 1881 2231 in
1925 2188 2074 2232 eum
2127 2168 2307 2230 Pauli
2367 2167 2576 2230 locum
2628 2166 2705 2227 ad
2753 2166 3370 2232 Thessalonicenses
3418 2179 3645 2250 quarto
3684 2192 3706 2231 ι

454 2261 602 2323 Non
640 2262 950 2323 hominem
995 2265 1264 2341 spernit,
1302 2262 1409 2324 sed
1453 2265 1667 2341 Deum,
1716 2266 2145 2345 pulcherrima
2193 2264 2559 2343 scripserat,
2596 2270 2661 2325 et
2706 2261 3060 2342 plurimum
3112 2263 3317 2329 fuisse
3356 2266 3709 2330 deformata

458 2359 808 2435 comperiet
844 2380 861 2418 :
904 2367 967 2419 et
1011 2363 1301 2437 quaedam
1346 2361 1467 2422 sub
1511 2364 1698 2424 linem
1736 2363 2027 2443 ejusdem
2077 2361 2302 2439 capitis
2336 2358 2576 2422 omissa
2614 2356 2822 2422 fuisse
2861 2360 3235 2440 perspiciet.
3272 2364 3480 2442 Atque
3523 2363 3709 2426 i'linc

462 2462 741 2517 transeat
772 2455 849 2516 ad
876 2452 1105 2532 prima
1150 2458 1229 2517 ad
1275 2458 1684 2519 Timotheum
1722 2469 1910 2537 caput
1949 2459 2227 2538 primum
2270 2478 2286 2519 :
2321 2465 2381 2518 et
2411 2455 2689 2534 glossam
2735 2456 2803 2517 in
2844 2455 3010 2518 illud
3052 2458 3258 2535 Pauli,
3297 2458 3420 2522 Sed
3459 2461 3708 2523 miscri-

452 2549 734 2612 cordiam
762 2561 1132 2612 consecutus
1152 2570 1310 2625 sum,
1334 2556 1485 2632 quia
1505 2555 1805 2632 ignorans
1833 2557 1977 2635 [‘eci,
2010 2556 2310 2629 excutiat,
2344 2562 2406 2614 et
2433 2552 2499 2614 in
2532 2569 2658 2614 una
2705 2560 2768 2614 et
2798 2553 3017 2615 eadem
3050 2553 3265 2634 glossa
3323 2572 3451 2619 non
3494 2559 3701 2619 semel

457 2645 704 2722 lapsum
736 2647 1152 2726 interpretem
1183 2650 1450 2710 notabit.
1479 2652 1549 2711 In
1584 2651 1865 2729 Epistola
1900 2669 2050 2714 vero
2086 2654 2162 2714 ad
2197 2650 2635 2712 Philemonem
2667 2648 2844 2728 quod
2876 2658 3097 2712 contra
3131 2649 3322 2713 etiam
3362 2652 3707 2715 Porsennae

458 2743 830 2804 versionem
880 2742 1071 2805 faciat
1116 2746 1426 2822 reperiet,
1482 2748 1590 2807 ubi
1650 2750 2073 2827 :lmperandi
2123 2750 2301 2828 quod
2357 2748 2434 2808 ad
2497 2763 2630 2807 rem
2690 2748 3014 2823 pertinet;
3075 2747 3457 2810 contrariam
3512 2747 3705 2812 habet

453 2843 864 2905 sententiam.
898 2844 1247 2905 Porsennae
1288 2846 1464 2906 enim
1510 2848 1834 2924 accepisse
1882 2848 2136 2908 videtur
2164 2854 2225 2905 τὸ
2260 2854 2485 2924 ἀνῆκον.
2521 2846 2706 2928 quasi
2741 2861 2776 2897 α
2803 2846 3111 2921 privativa
3153 2847 3464 2924 particula
3504 2856 3704 2919 esset,

452 2957 603 3003 cum
655 2941 941 3009 verterit,
992 2939 1162 3019 quod
1203 2940 1285 3000 ad
1331 2959 1463 3002 rem
1512 2961 1641 3003 non
1686 2944 2006 3022 pertinet;
2058 2959 2190 3022 quo
2240 2943 2304 3004 in
2360 2961 2577 3005 errore
2644 2956 2938 3021 pergens,
2993 2947 3183 3003 totam
3241 2941 3705 3022 TheOphylacti

456 3038 763 3116 pervertit
799 3037 1323 3115 explicationem,
1357 3056 1500 3100 cum
1533 3043 1744 3118 potius
1778 3040 2172 3103 contrarium
2206 3040 2587 3117 signiﬁcaret
2621 3050 2682 3103 τὸ
2721 3049 2947 3117 ἀνῆκον,
2983 3056 3215 3118 nempe
3247 3042 3422 3120 quod
3453 3043 3529 3103 ad
3566 3058 3701 3101 rem

458 3139 760 3214 pertinet,
793 3136 931 3198 sive
957 3147 1018 3200 τὸ
1043 3150 1276 3217 πρέπον,
1311 3152 1377 3203 ut
1420 3141 1504 3200 ait
1543 3140 1798 3207 Suidas,
1835 3139 1952 3200 hoc
1994 3154 2060 3199 es

2130 3139 2302 3215 quod
2347 3139 2564 3212 decet,
2596 3136 2768 3216 quod
2802 3136 3127 3209 convenit,
3162 3137 3328 3200 sicut
3357 3148 3417 3202 τὸ
3451 3148 3699 3218 καθῆκον

458 3233 735 3312 ofﬁcium
772 3235 1034 3298 dicitur.
1073 3248 1284 3319 Ἀνήκω
1315 3239 1486 3301 enim
1518 3248 1609 3299 est
1649 3237 1910 3309 animo,
1956 3253 2060 3314 per

2104 3236 2264 3305 ineo,
2299 3245 2534 3313 specto,
2571 3235 2738 3296 sicut
2775 3241 3022 3313 κλθήκω,
3058 3245 3347 3314 προσήκω,
3379 3238 3699 3311 eanec-nio,

465 3339 920 3392 consentaneus
970 3353 1128 3398 sum.
1186 3338 1288 3397 Sic
1346 3333 1812 3396 Demosthenes
1868 3332 1977 3404 ait,
2019 3340 2067 3392 τὲ

2130 3338 2211 3402 εἰς
2251 3340 2452 3408 ἀρετὴν
2496 3340 2791 3410 ἀνήκοντα,
2830 3336 2908 3398 ad
2971 3335 3270 3395 virtutem
3325 3330 3699 3411 spectantia,

457 3424 808 3505 interprete
855 3431 1126 3506 Budteo;
1161 3450 1306 3512 quas
1351 3430 1735 3511 significatio
1778 3427 1931 3490 huic
1983 3429 2122 3488 loco
2179 3426 2453 3488 maxime
2496 3434 2820 3501 convenit.
2864 3435 2984 3496 Sed
3031 3434 3110 3495 de
3153 3431 3349 3511 hujus
3402 3428 3703 3489 versione

455 3522 731 3601 eleganti
782 3528 1076 3606 quidem,
1130 3530 1246 3590 sed
1306 3545 1527 3608 parum
1586 3527 1734 3601 ﬁda,
1784 3525 1938 3587 satis
1995 3534 2180 3586 antea
2235 3525 2474 3585 dictum
2536 3537 2741 3603 puto;
2801 3533 2993 3594 ﬁnem
3048 3530 3267 3610 itaque
3322 3526 3523 3600 facio,
3582 3542 3705 3588 nec

461 3622 719 3682 verbum
759 3624 924 3686 addo
975 3647 991 3688 :
1045 3629 1155 3704 qui
1199 3625 1382 3704 plura
1429 3626 1776 3698 desiderat,
1830 3629 2033 3685 totum
2065 3638 2259 3701 opus,
2303 3620 2360 3681 si
2394 3620 2593 3695 lubet,
2625 3624 2933 3702 conferat,
2964 3636 3049 3703 et,
3100 3628 3162 3689 ni
3208 3625 3414 3700 fallor,
3450 3622 3703 3685 labores

452 3727 708 3780 nostros
738 3720 891 3782 boni
921 3721 1243 3785 consulet.
1282 3723 1451 3784 Bene
1487 3724 1651 3796 vale,
1689 3720 1960 3782 candide
1993 3722 2236 3792 Lector,
2272 3727 2333 3781 et
2368 3717 2462 3780 tui
2498 3721 2778 3786 Montani
2815 3733 3080 3789 conatus
3113 3724 3244 3787 tuis
3278 3721 3515 3786 studiis
3547 3735 3705 3800 pro-

454 3811 645 3877 desse
676 3816 1001 3893 cupientis
1035 3818 1101 3879 in
1134 3818 1368 3880 bonam
1402 3825 1667 3896 partem,
1701 3832 1947 3896 qumso,
1989 3817 2231 3900 accipe.

535 3932 827 4008 Lutetia),
866 3952 900 3996 e
934 3950 1161 3998 musco
1200 3942 1420 3998 nostro
1438 3932 1865 4008 Tornacensi,
1893 3952 1990 3996 xu
2020 3938 2342 4012 Octobris,
2368 3957 2547 4002 anno
2578 3958 2781 4002 MDL".

1731 4311 2040 4428 MON
2055 4314 2416 4433 [TUM

985 4583 1099 4671 T.
1176 4579 1561 4673 BAILII
1637 4580 2219 4675 EDITORIS
2293 4584 3158 4711 LONDINENSIS.

527 4853 896 4909 Prmmaturus
942 4851 1387 4909 doctissimorum
1430 4849 1611 4907 obitus
1657 4865 1821 4923 quam
1868 4851 2023 4922 gravi
2067 4847 2321 4906 Ecclesia:
2369 4847 2779 4916 studiorumque
2840 4846 3182 4905 incommodo
3222 4849 3443 4905 evenire
3483 4850 3700 4921 assolet,

456 4940 833 4998 romlocel‘ecit
877 4956 1118 5012 nuperus
1150 4939 1587 4997 reverendissimi
1614 4940 1741 5005 viri,
1783 4947 1945 5008 atque
1980 4939 2127 4994 omni
2169 4936 2470 4991 litterarum
2512 4948 2710 5003 genere
2746 4935 3126 5002 excultissimi,
3169 4937 3373 4992 domini
3409 4939 3702 5008 Augustini

457 5029 737 5096 Lindselli,
774 5029 1014 5100 episcopi
1067 5027 1504 5094 Herel'ordensis,
1552 5028 1697 5084 inter
1738 5027 1915 5082 media
1960 5026 2180 5098 optima:
2224 5022 2395 5095 frugis
2437 5022 2713 5077 molimina
2753 5023 2987 5092 abrepti.
3032 5023 3204 5091 Quem
3256 5025 3329 5079 ita
3372 5026 3702 5082 exstinctum

454 5119 615 5174 etiam
664 5118 833 5189 ignoti
868 5116 1093 5171 ﬂebunt.
1129 5115 1201 5170 At
1241 5130 1371 5171 vero
1393 5118 1499 5171 mei
1541 5116 1782 5171 muneris
1819 5128 1941 5170 esse
1972 5112 2099 5168 duxi
2138 5113 2251 5182 (qui
2281 5115 2338 5166 in
2374 5110 2674 5167 istiusmodi
2717 5112 2908 5166 studiis
2952 5111 3027 5165 illi
3060 5113 3424 5181 inservierim}
3462 5129 3571 5167 non
3593 5121 3701 5166 tam

458 5208 766 5262 defunctum
817 5208 1012 5278 ignavo
1054 5217 1249 5277 questu
1298 5204 1573 5275 prosequi,
1621 5219 1783 5274 quam
1833 5218 1953 5273 quae
1993 5201 2245 5265 voluerit,
2296 5199 2651 5264 meminisse;
2696 5213 2815 5269 quae
2865 5200 3221 5264 mandaverit,
3268 5201 3514 5271 exsequi.
3565 5199 3700 5255 llinc

457 5296 671 5350 auia-ius
699 5296 832 5350 mihi
880 5294 1299 5360 accendebatur,
1332 5292 1495 5349 hosce
1525 5290 1925 5363 Theopltylacti
1964 5288 2424 5353 Commentarios,
2454 5304 2592 5359 quos
2629 5288 2716 5343 ille
2744 5289 2885 5343 bono
2929 5290 3146 5359 publico
3177 5290 3576 5355 destinaverat,
3604 5304 3702 5359 pro

443 5385 835 5458 mediocritate
883 5398 1006 5438 mea
1049 5383 1228 5452 potius
1277 5382 1546 5448 excolere,
1590 5397 1751 5452 quam
1800 5396 1909 5436 una
1960 5394 2083 5435 cum
2132 5378 2249 5449 ipso
2300 5379 2550 5447 sepelire.
2616 5375 2835 5432 Priores
2886 5377 3055 5446 ipsius
3103 5393 3263 5433 curas
3318 5388 3485 5449 atque
3535 5379 3700 5433 etiam

457 5471 726 5525 secundas
763 5472 974 5538 experti
1008 5481 1164 5524 erant
1199 5487 1215 5524 :
1254 5484 1446 5523 manus
1475 5479 1679 5523 tantum
1711 5470 1898 5523 deerat
1921 5481 2200 5536 suprema.
2235 5467 2389 5523 Unde
2427 5466 2550 5521 licet
2590 5466 2837 5521 fortassis
2874 5467 3013 5521 haud
3042 5484 3211 5537 usque
3240 5469 3374 5523 adeo
3399 5467 3696 5533 absolutos,

459 5572 565 5612 n0n
597 5567 777 5611 tamen
811 5557 1034 5612 omnino
1063 5556 1338 5623 neglectos
1371 5557 1587 5626 prodire
1620 5556 1947 5624 comperies.
1992 5554 2456 5610 Describebamur
2494 5568 2524 5609 e
2566 5564 2778 5610 vetusto
2812 5556 2999 5610 codice
3035 5555 3405 5625 manuscripto
3448 5556 3702 5611 illustris.

457 5646 579 5700 simi
610 5644 827 5701 comitis
864 5646 1236 5711 Arundeliani,
1264 5644 1472 5713 Anglia:
1505 5643 1887 5710 maresclialli,
1935 5642 2038 5697 viri
2068 5651 2131 5696 ut
2188 5643 2416 5711 antiquo
2459 5650 2765 5709 stemmate,
2807 5641 2880 5697 ita
2924 5642 3102 5715 polita:
3148 5644 3485 5713 antiquitatis
3521 5644 3702 5700 studio

460 5734 507 5787 d.
526 5735 753 5792 caritati.
780 5733 911 5789 Post
941 5734 1291 5803 apograptnm
1319 5745 1442 5786 cum
1462 5742 1756 5802 prototypo
1782 5728 2017 5785 ﬁdeliter
2044 5728 2419 5792 commissum,
2451 5730 2518 5782 ad
2552 5743 2715 5782 uniuni
2747 5738 2803 5784 et
2828 5728 3057 5785 alterum
3085 5731 3363 5802 exemplar
3386 5728 3703 5785 Oxonic-nse

457 5820 708 5879 instituta
746 5833 828 5880 est
852 5821 1158 5892 castigatio.
1205 5818 1324 5886 Qua
1363 5819 1415 5874 in
1457 5834 1514 5875 re
1548 5829 1813 5888 quiantmn
1854 5816 1939 5874 ille
1973 5816 2097 5872 ﬁdei
2132 5818 2526 5887 industriaeque
2554 5817 2848 5888 fpraestitit,
2882 5821 3128 5875 testando
3165 5831 3327 5878 erant
3359 5820 3457 5876 viri
3493 5821 3561 5876 ad
3589 5818 3702 5875 cle-
