4056 6604
427 369 536 437 329
1730 354 2294 424 PREFATIONES.
3562 346 3665 419 330

426 484 733 553 gantiorcm
761 477 1064 534 doctrinam
1101 474 1249 541 lacti,
1287 470 1526 527 Thomas
1552 470 1779 541 Triplct,
1820 471 2028 525 amicus
2073 469 2202 522 mihi
2245 467 2459 530 unicus,
2500 475 2553 521 et
2597 464 2838 523 Joannes
2869 465 3206 536 Gregorius;
3235 478 3372 536 quos
3402 463 3459 520 in
3485 480 3668 536 posti--

433 571 597 624 rioris
627 565 952 636 exemplaris
980 563 1266 619 collatione
1290 560 1391 617 sibi
1426 560 1725 631 συνεργοὺς
1765 558 1978 614 ascivit.
2018 556 2344 611 Cteteiarum
2388 552 2593 610 scilicet
2624 554 2765 612 illius
2808 570 3058 610 curarum
3107 569 3203 626 ego
3233 555 3347 625 ipse
3391 553 3666 617 conscius,

430 657 729 712 editionem
771 654 933 709 istam
964 650 1031 705 ad
1065 656 1299 706 mentem
1337 646 1475 716 ejus,
1507 657 1768 717 quantum
1798 654 1940 715 pote,
1974 643 2252 699 adornavi.
2292 642 2673 712 Discrepantes
2713 643 2960 700 codicum
2991 643 3274 710 lectiones,
3304 642 3665 715 appinguntur

421 758 565 799 areae
598 741 902 813 marginali.
933 741 1241 795 Asteriscus
1262 738 1553 794 dictionem
1586 734 1831 804 loquitur
1861 734 1928 786 ab
1962 746 2068 785 uno
2103 739 2196 786 aut
2224 731 2397 785 altero
2421 731 2606 787 codice
2633 732 2932 801 absentem,
2958 740 3122 802 atque
3154 734 3271 787 sine
3303 746 3658 802 magnoseu-

418 831 609 886 tentia:
637 829 963 886 detrimento
991 826 1297 883 delebilem.
1334 826 1460 879 "Io'.
1497 831 1702 877 tessera
1741 826 1824 876 est
1852 817 2199 891 conjecturae,
2241 818 2327 874 cui
2363 819 2579 889 parcius
2607 819 2948 884 indulsimus,
2979 835 3084 888 quo
3119 820 3211 875 tibi
3240 819 3467 876 facultas
3497 819 3668 890 inagis

428 921 641 988 integra
676 916 979 987 iudicandi.
1027 914 1217 970 Latina
1256 913 1473 983 quidem
1513 909 1694 966 versio
1727 918 1813 964 est
1852 907 2079 977 Philippi
2127 906 2406 974 Montani;
2451 922 2636 962 verum
2674 907 2871 977 ubique
2908 909 3041 963 adeo
3079 923 3108 963 a
3144 909 3301 966 nobis
3342 908 3666 979 interpolata

428 1018 594 1075 atque
628 1004 694 1059 ad
727 1002 1041 1060 Graecorum
1077 999 1359 1057 veritatem
1391 1005 1643 1053 revocata
1663 1035 1679 1062 ,
1710 1004 1768 1050 ut
1800 994 1879 1066 (si
1920 1009 2015 1063 per
2037 999 2230 1062 operas
2261 996 2678 1066 typograpbicas
2713 995 2958 1052 licuisset
2989 997 3292 1066 importune
3330 997 3668 1053 festinaban-

426 1091 570 1165 das)
608 1092 787 1146 minus
811 1088 1027 1146 taedium
1057 1088 1196 1145 locet
1219 1102 1373 1143 novae
1402 1100 1625 1157 prorsus
1657 1084 1977 1140 condendae.
2011 1081 2067 1136 id
2090 1082 2235 1153 quod
2274 1083 2742 1141 committentibus
2773 1084 3017 1155 liquebit.
3050 1083 3215 1142 Vale;

1450 1286 1780 1301 ψ

2450 1284 2810 1298 m

1720 1457 2363 1561 ANNOTATA

1187 1655 1339 1729 PRO
1370 1654 1731 1717 SlNGULlS
1763 1652 2332 1716 EPISTOLARUM
2379 1654 2921 1721 ARGUMENTIS.

504 1989 584 2043 Ad
621 1985 889 2042 Romanos
918 1998 984 2039 ea:
1021 1980 1274 2039 Corintho
1320 1980 1502 2034 scribit
1540 1977 1839 2049 Apostolus,
1867 1993 1998 2041 quos
2030 1987 2074 2044 Α
2104 1975 2437 2046 mysterium,
2462 1973 2553 2028 sed
2576 1982 2807 2044 perstare
2832 1990 2863 2027 a
2894 1972 3088 2028 siccato
3117 1989 3138 2028 :
3163 1983 3210 2027 et
3237 1972 3346 2028 alia
3373 1973 3541 2030 multa
3565 1990 3685 2047 qua:

428 2079 663 2136 nondum
689 2072 915 2141 siderat,
950 2071 1365 2128 'sisendi'tamen
1401 2069 1735 2139 percupidus,
1781 2070 1905 2139 quia
1936 2067 2003 2123 de
2038 2086 2043 2091 '

428 2176 514 2228 his
551 2170 725 2227 multa
748 2174 1039 2239 acceperat,
1062 2164 1287 2237 quorum
1311 2173 1361 2218 et
1397 2163 1612 2232 suscipit
1641 2174 1691 2215 et
1721 2160 1908 2215 laudat
1932 2162 2003 2231 [i-

429 2263 571 2327 dem,
607 2268 662 2311 ut
697 2273 853 2326 quam
882 2256 1035 2311 sciret
1064 2254 1208 2325 fama
1233 2264 1281 2308 et
1314 2251 1519 2307 nomine
1543 2250 1792 2305 celebrem
1816 2259 1865 2305 et
1884 2250 2006 2305 ubi-

431 2370 533 2424 que
560 2351 820 2422 vulgatam
852 2364 871 2404 :
902 2359 950 2403 et
999 2346 1079 2418 (ut
1130 2355 1317 2400 cratera
1368 2344 1632 2415 omittam)
1672 2344 1738 2397 de
1775 2343 2007 2414 gentium

431 2438 699 2500 vocatione
734 2440 991 2511 copiasius
1014 2439 1245 2494 disserit.
1398 2442 1399 2447 “

508 2557 622 2614 Nec
654 2572 802 2613 secus
833 2571 899 2610 ea:
924 2554 1129 2626 Epheso
1160 2554 1231 2609 ad
1252 2553 1553 2610 Corinthios
1575 2555 1757 2611 scribit
1796 2555 2010 2625 Epistoa

433 2652 566 2717 lam,
592 2650 712 2705 illos
743 2649 1024 2718 objurgans
1068 2648 1209 2718 quod
1256 2646 1539 2715 plurimum
1580 2649 1716 2702 inter
1743 2664 1798 2702 se
1843 2648 2006 2702 dissi-

430 2743 639 2808 derent,
669 2751 720 2796 et
756 2740 1075 2810 primarium
1105 2741 1384 2806 quemdam
1424 2756 1452 2794 ο
1480 2740 1591 2794 suis
1618 2756 1726 2794 rem
1770 2756 1887 2795 cum
1920 2756 2013 2795 uo-

435 2850 587 2888 uerca
644 2832 918 2886 habentem
969 2830 1101 2887 satis
1148 2829 1461 2899 negligerent
1486 2871 1501 2895 ,
1561 2830 1844 2899 vellentque
1913 2830 2010 2886 sub

436 2925 706 2979 ca'libatus
736 2931 991 2995 pra'textu
1023 2920 1262 2975 nonnulli
1280 2920 1501 2975 divortia
1525 2920 1721 2988 facere,
1743 2932 1792 2976 et
1820 2908 2010 2978 uxore}

437 3016 725 3087 relinquere
750 3029 770 3068 :
804 3022 851 3068 et
891 3012 1040 3067 multi
1080 3012 1381 3082 idolothytis
1405 3022 1752 3068 uescerentur
1778 3030 1797 3069 :
1822 3024 1869 3069 et
1916 3016 2012 3070 alii

438 3109 640 3163 cteteris
672 3096 1278 3178 plane‘contemptis,eos
1310 3106 1569 3159 duntaxat
1598 3106 2009 3173 demirarentur,

438 3207 534 3278 qui
576 3206 745 3262 essent
780 3205 1077 3276 linguarum
1111 3205 1340 3275 gratiam
1385 3206 1648 3258 consecuti
1677 3217 1698 3259 :
1729 3213 1775 3258 et
1804 3242 1820 3269 ,
1848 3204 2010 3274 quod

2110 2068 2181 2122 ad
2212 2066 2307 2121 hos
2338 2066 2392 2120 in
2420 2062 2841 2134 [ideﬁrmandos
2874 2064 3123 2117 maximat
3146 2063 3420 2132 faciams.
3452 2100 3457 2107 .
3534 2108 3537 2111 λ

2182 2183 2263 2237 Ad
2304 2180 2665 2251 Philippenses
2705 2181 2919 2250 insuper
2954 2179 3160 2234 litteras
3208 2180 3368 2234 mittit
3407 2195 3473 2235 ea:
3512 2178 3685 2246 Urbe,

2110 2289 2241 2344 quos
2277 2272 2486 2327 adierat
2519 2286 2665 2339 sane,
2697 2280 2746 2326 et
2783 2272 2851 2325 ad
2880 2271 3043 2339 [idem
3075 2272 3427 2326 instruxerat.
3458 2270 3554 2326 His
3585 2272 3690 2325 ita-

2110 2382 2210 2438 que
2243 2363 2420 2419 Paulo
2464 2363 2566 2432 ipsi
2614 2372 2665 2417 et
2722 2362 2918 2417 sanctis
2966 2361 3229 2417 nonnullis
3270 2361 3690 2415 ministrantibus

2114 2457 2438 2521 necessaria,
2462 2456 2630 2509 etc-orti
2658 2464 2779 2509 sunt
2798 2453 3034 2524 quidam,
3066 2454 3156 2525 qui
3180 2455 3356 2522 pravis
3381 2454 3691 2525 persuasio-

2114 2553 2289 2615 nibus,
2321 2558 2369 2603 et
2408 2548 2502 2603 sub
2530 2546 2658 2616 legis
2686 2546 2874 2600 umbra
2912 2555 2959 2600 et
2989 2546 3385 2601 circuncisionis
3433 2531 3648 2601 obtentu
3670 2584 3688 2610 ,

2113 2641 2430 2711 simplicium
2456 2640 2805 2711 quorumdam
2837 2650 3218 2709 corrumperent
3255 2655 3431 2707 aures,
3455 2655 3695 2694 asseren-

2117 2747 2190 2790 tes
2223 2735 2479 2789 neminem
2511 2747 2661 2793 posse
2687 2732 2799 2785 sine
2826 2731 2934 2800 lege
2952 2730 3275 2801 justiﬁcart’.
3307 2731 3461 2797 Quod
3489 2731 3693 2786 Paulus

2116 2830 2362 2893 audiens,
2388 2825 2810 2895 Philippenstum
2831 2829 2997 2894 primo
3017 2823 3173 2892 ﬁdem
3207 2824 3415 2894 probat,
3439 2832 3490 2878 et
3514 2839 3695 2878 eorum

2118 2941 2172 2979 se
2193 2924 2497 2978 memoriam
2526 2922 2713 2976 habere
2736 2921 2874 2975 inter
2900 2920 3216 2989 precandum
3245 2918 3444 2988 fatetur
3469 2934 3695 2972 comme-

2119 3024 2397 3088 moratque
2419 3012 2858 3088 quemadmodum
2876 3011 3057 3067 Ruina:
3086 3018 3197 3066 sese
3211 3023 3281 3064 ac
3311 3008 3513 3064 Christi
3535 3008 3694 3077 ﬁdens

2120 3117 2317 3163 tutatus
2354 3109 2446 3173 sit,
2485 3117 2534 3163 et
2580 3107 2670 3177 qui
2702 3113 2953 3175 pra-terea
2980 3103 3187 3159 molesti
3217 3103 3318 3158 sibi
3360 3104 3422 3158 in
3472 3102 3694 3158 uinculis

2119 3200 2334 3271 fuerint.
2720 3214 2723 3225 ‘

368 3298 373 3309 ’
441 3311 554 3353 erat
584 3296 965 3364 detestabilius,
996 3310 1321 3366 nequaquam
1349 3296 1615 3350 crederent
1646 3295 1876 3350 humana
1900 3311 2016 3349 cor-
2040 3306 2091 3369 Β
2176 3302 2583 3368 colon”,ng
2621 3309 2779 3363 etiam
2834 3326 2898 3364 επ
2954 3306 3094 3364 Urbe
3121 3271 3323 3363 (idem,
3370 3307 3695 3379 θωρακίων,

442 3406 573 3455 pora
610 3397 724 3456 post
754 3398 973 3443 mortem
1010 3395 1392 3441 resurrectura.
1425 3386 1505 3439 Ad
1533 3386 1737 3439 eosdem
1779 3387 2019 3456 deinceps

443 3491 495 3535 et
526 3482 689 3536 aliam
734 3497 799 3536 ea:
845 3478 1158 3534 Macedonia
1204 3478 1406 3544 scribit,
1451 3477 1663 3547 quando
1705 3478 1913 3548 quidem
1957 3494 2055 3533 ea:-

444 3573 620 3641 priore
650 3572 938 3642 plurimum
967 3570 1307 3641 profecissent
1324 3584 1353 3623 δ
1379 3570 1566 3641 quippe
1594 3585 1724 3639 quos
1750 3570 2022 3639 pwniteret

445 3664 633 3719 tandiu
671 3664 1009 3734 fornicantem
1055 3662 1205 3717 illum
1246 3661 1456 3728 tulisse,
1493 3662 1583 3715 sed
1616 3662 1810 3732 arrepti
1836 3661 2023 3718 deinde

447 3756 963 3811 seditiosissimurum
988 3755 1257 3809 hominum
1289 3769 1565 3823 persuasu,
1590 3752 1717 3822 legis
1751 3754 2019 3808 duntaxat

449 3849 639 3902 littera:
659 3847 993 3912 inhaeserant,
1010 3845 1393 3916 indi/ferentem
1409 3846 1767 3901 existimantes
1791 3849 2023 3917 gratiam

451 3955 570 4008 qua:
601 3957 631 3993 a
656 3939 865 3996 Christo
891 3949 1021 3994 esset
1054 3939 1109 3993 in
1141 3937 1335 3993 multos
1370 3937 1566 3992 collata
1590 3953 1610 3992 :
1630 3939 1756 4009 quin
1785 3941 1943 3994 etiant
1974 3950 2023 3995 et

453 4042 797 4101 praceptores
838 4032 1123 4086 adntodum
1153 4030 1503 4100 jactitabant,
1548 4041 1598 4087 et
1645 4031 1827 4104 gloria:
1867 4035 2026 4088 duce-

455 4123 601 4191 bant,
630 4140 747 4178 cum
778 4125 965 4195 Apollo
993 4123 1175 4179 cellent
1206 4124 1283 4178 vel
1313 4122 1503 4195 Cephte
1540 4137 1715 4194 partes
1756 4127 1940 4191 tutari,
1973 4127 2028 4181 id

457 4229 526 4270 cst
541 4231 694 4270 suum
709 4217 926 4288 quisque
943 4231 1091 4285 quem
1117 4225 1406 4271 sectaretur
1419 4218 1688 4281 extollere,
1705 4220 1843 4273 unde
1862 4218 2028 4272 multa

456 4318 600 4359 erant
629 4308 767 4360 inter
794 4309 887 4359 hos
917 4305 1095 4360 oborta
1122 4304 1344 4360 dissidia
1370 4307 1619 4377 :galioqui
1649 4309 1702 4362 in
1726 4317 2027 4363 sanctorum

459 4397 761 4451 alimoniam
800 4398 1005 4451 abunde
1037 4407 1083 4452 et
1113 4398 1400 4453 liberaliter
1430 4399 1783 4468 conferebant.

530 4508 614 4564 Ea:
638 4494 806 4564 Roma
839 4513 907 4563 ad
934 4508 1155 4565 Galatas
1184 4509 1388 4566 litteras
1413 4506 1578 4567 dedit.
1606 4509 1718 4566 Hos
1747 4513 1884 4566 enim
1910 4528 2026 4567 cum

457 4612 614 4657 antea
652 4605 721 4658 ad
747 4603 903 4674 ﬁdem
939 4619 1096 4676 quam
1137 4604 1328 4672 Optime
1367 4604 1736 4668 instruxisset,
1771 4614 1818 4658 et
1855 4605 2026 4658 credi-

457 4698 651 4752 dissent
678 4715 740 4753 eo
766 4699 1083 4769 pra’dicunle
1111 4698 1166 4752 in
1197 4697 1467 4752 Christum
1505 4695 1691 4752 Jesum
1716 4738 1731 4761 ,
1761 4705 1876 4765 post
1913 4698 2027 4767 ejus

459 4790 741 4841 discessum
775 4803 897 4842 mox
939 4786 1098 4857 lapsi,
1136 4787 1487 4858 improborum
1532 4788 1800 4842 hominum
1844 4805 2028 4859 sugge-

459 4886 627 4933 stione
653 4888 709 4933 ut
744 4895 800 4933 se
827 4878 1260 4933 circumciderent
1289 4872 1541 4946 compulsi
1564 4886 1705 4932 sunt.
1745 4880 1896 4943 Quod
1927 4879 2031 4932 uti—

455 4984 555 5040 que
586 4967 790 5022 Paulus
816 4983 953 5036 trgre
980 4966 1172 5034 ferens,
1205 4967 1328 5035 quia
1353 4975 1544 5034 praeter
1566 4978 1715 5021 suam
1739 4968 2030 5021 instimtio‘

458 5062 572 5116 nem
608 5061 852 5131 egissent,
886 5056 1094 5114 incusat
1135 5053 1311 5114 acriu’s
1342 5060 1483 5130 quod
1519 5075 1571 5113 se
1597 5059 1869 5114 celerrime
1899 5059 2027 5115 adeo

458 5157 579 5206 imm
587 5160 838 5206 ulassent.
1318 5152 1323 5159 ’

532 5266 618 5322 Ea:
653 5265 793 5321 Urbe
831 5275 1088 5337 pra'terea
1134 5276 1183 5320 et
1223 5267 1292 5319 ad
1339 5266 1592 5336 Ephesios
1630 5268 1830 5333 scribit,
1859 5267 2031 5324 haud

460 5350 586 5412 dum
620 5368 793 5410 tamen
816 5372 906 5423 per
931 5372 984 5409 se
1013 5354 1205 5420 aditos,
1246 5356 1337 5408 sed
1360 5355 1822 5412 auditionesolum
1850 5372 2028 5422 perec-

458 5436 573 5520 ptos
611 5446 789 5518 ﬁdeles
822 5428 1039 5514 essepet
1073 5443 1338 5520 Christum
1365 5443 1546 5498 Jesum
1576 5444 1767 5512 Optime
1796 5448 2022 5511 credere,

455 5555 504 5599 et
536 5543 671 5596 mira
712 5540 940 5605 quadam
975 5539 1026 5593 in
1074 5549 1282 5592 sanctos
1327 5554 1502 5591 omnes
1555 5537 1689 5607 σητἱεί
1738 5538 2027 5602 charitate,

459 5637 659 5705 alioqui
697 5648 728 5687 a
761 5650 814 5687 se
843 5646 1119 5702 percupere
1154 5631 1206 5684 in
1234 5630 1337 5697 [ide
1359 5632 1456 5683 hac
1486 5631 1734 5684 stabiliri.
1771 5630 2029 5695 Quocirca

362 5722 367 5729 ’
457 5740 505 5785 et
557 5728 651 5782 hos
698 5742 790 5796 per
839 5726 1040 5779 litteras
1090 5723 1342 5788 instruit,
1398 5725 1571 5790 aitque
1624 5723 2027 5794 haudquaquam

428 5818 872 5888 _COltttll€tllillbltﬂ
901 5831 1035 5881 esse,
1076 5824 1167 5869 aut
1215 5831 1377 5882 nuper
1403 5816 1664 5868 inventum
1698 5817 1792 5869 hac
1835 5817 2030 5873 (Νηίάὶ

830 5919 1094 5977 Ps't'noa.
1139 5917 1254 5975 Gn.
1302 5913 1570 5976 CXXIV.

2121 3403 2309 3472 quippe
2326 3402 2456 3474 qubs
2482 3410 2709 3456 cerneret
2730 3416 2822 3471 per
2849 3401 3081 3455 homines
3095 3400 3365 3470 captiosae
3382 3408 3432 3454 et
3449 3398 3698 3455 subdolus

2124 3495 2275 3565 falsis
2313 3496 2649 3568 quibusdam
2682 3494 3002 3565 argumentis
3032 3495 3442 3549 circumuentum
3476 3492 3575 3556 iri,
3605 3492 3699 3563 qui

2125 3586 2324 3645 Christi
2351 3589 2516 3658 [idem
2538 3589 2866 3657 apertissime
2905 3585 3106 3641 (ἓνωὼ
3147 3586 3372 3656 argutiis
3417 3586 3699 3656 impugna-

2126 3690 2409 3746 rent,.cum
2440 3680 2569 3751 legis
2615 3679 2852 3733 umbram
2894 3690 2943 3733 et
2977 3678 3348 3734 escasivctitas
3375 3686 3701 3733 sectarentur

2124 3785 2170 3828 et
2195 3772 2644 3828 circumcisionem
2668 3771 2933 3841 eferrent.

2197 3889 2283 3942 Ex
2311 3886 2530 3941 Athenis
2555 3898 2675 3940 vero
2706 3880 2755 3938 Τ
2751 3883 3255 3940 hessalonicensibus
3295 3880 3475 3938 scribit
3500 3922 3516 3947 ,
3560 3882 3703 3952 apud

2126 3992 2255 4049 quos
2288 3989 2442 4031 antea
2473 3977 2645 4047 fuerat
2697 3978 2907 4031 diutius
2938 3986 3342 4032 commoratus»:
3368 3984 3421 4040 e_t
3453 3976 3703 4047 quoniam

2129 4072 2298 4126 multa
2335 4088 2452 4125 cum
2484 4073 2537 4126 in
2585 4071 2791 4132 Verria.
2840 4081 2951 4126 tum
2974 4070 3309 4126 .llacedoniat
3340 4071 3549 4127 civitate
3573 4068 3705 4125 Phi-

2127 4163 2305 4234 lippis,
2331 4175 2440 4217 tum
2469 4161 2712 4217 Corinthi
2732 4171 2787 4216 et
2804 4161 3184 4217 Thessalonica:
3198 4162 3699 4232 sinerat'perpessus,

2129 4256 2323 4311 veritus
2358 4256 2422 4307 nc
2454 4251 2531 4307 vel
2559 4269 2624 4307 ex
2650 4254 2761 4308 suis
2794 4254 3051 4322 pressaris
3078 4253 3161 4309 illi
3186 4254 3370 4322 offensi
3387 4253 3545 4309 haud
3569 4255 3705 4309 satis

2129 4348 2344 4403 stabiles
2384 4344 2578 4415 forent,
2608 4345 2683 4400 rel
2714 4363 2933 4401 maerore
2960 4347 3135 4401 nimio
3165 4345 3228 4401 ob
3263 4360 3476 4409 suorum
3522 4362 3551 4400 e
3599 4347 3706 4401 vita

2129 4432 2415 4496 discessum
2441 4438 2843 4506 conﬁcerentur,
2874 4454 2977 4509 quo
2996 4440 3180 4508 patrio
3212 4456 3359 4495 more
3378 4456 3427 4495 ct
3441 4452 3515 4496 rte
3541 4441 3709 4507 pluri-

2129 4551 2270 4588 mum
2311 4536 2660 4604 angebantur,
2709 4530 3034 4591 Timotheum
3087 4520 3202 4585 cum
3251 4530 3473 4598 epistola
3516 4533 3588 4587 ad
3617 4549 3704 4587 eos

2130 4625 2356 4690 dimisit,
2395 4636 2447 4679 ttt
2480 4625 2532 4679 in
2559 4624 2663 4693 [ide
2704 4621 3126 4691 obﬁrmarentur,
3170 4637 3233 4675 ne
3258 4637 3518 4692 quaquam
3552 4636 3706 4691 paeto

2134 4717 2198 4769 ab
2231 4732 2291 4770 ea
2319 4717 2693 4781 desciscerent,
2722 4715 2827 4769 sive
2862 4714 2966 4783 ipsi
2994 4712 3392 4783 aﬂlictarentur,
3425 4715 3533 4768 sive
3571 4714 3706 4766 alios

2132 4817 2401 4862 cernerent
2440 4806 2682 4878 aﬂlictari
2726 4808 3118 4876 .‘hortaturque
3156 4815 3217 4860 ut
3266 4805 3512 4860 ducerent
3546 4805 3705 4859 citant

2132 4899 2571 4969 quemadmodum
2607 4914 2636 4950 a
2665 4913 2721 4952 se
2746 4898 3080 4965 accepissent.
3115 4895 3525 4966 Comntonefacit
3556 4896 3704 4950 insuo

2132 5007 2244 5062 per,
2279 5007 2341 5045 ne
2377 4992 2611 5061 graviter
2658 4989 2829 5055 [erant
2881 4989 3211 5043 morientium
3248 5005 3468 5053 casum,
3512 4999 3558 5041 et
3593 4988 3704 5041 alia

2132 5085 2396 5154 pleraque.
2431 5083 2511 5137 Ad
2541 5084 2748 5139 eosdem
2774 5083 2972 5137 idcirco
2999 5100 3060 5136 ex
3090 5078 3225 5137 Urbe
3253 5092 3301 5135 et
3333 5082 3496 5134 aliaat
3520 5081 3700 5136 scribit

2143 5176 2459 5248 Epistolam,
2482 5177 2607 5246 quia
2641 5178 2782 5246 apud
2802 5192 2886 5230 eos
2917 5185 3063 5230 erant
3085 5173 3321 5230 nonnulli
3346 5174 3604 5244 segniores
3633 5175 3703 5229 ad

2136 5267 2347 5335 bonum,
2389 5277 2436 5321 et
2465 5266 2661 5322 nullius
2690 5267 2936 5322 momenti
2969 5266 3083 5330 viri,
3123 5266 3210 5336 qui
3241 5264 3374 5319 alios
3414 5267 3548 5319 ntira
3590 5279 3705 5322 arte

2129 5359 2400 5430 fallebant,
2445 5367 2741 5413 astrtteutes
2768 5359 2998 5429 jumjant
3046 5364 3242 5411 instare
3272 5354 3467 5410 Christi
3505 5354 3704 5410 adrem-

2135 5462 2266 5515 tunt,
2296 5451 2446 5522 cujus
2478 5462 2523 5506 et
2552 5449 2777 5505 Paulum
2804 5450 2939 5520 falso
2982 5451 3310 5504 testabantur
3340 5460 3625 5516 auctorem,
3656 5459 3707 5505 et

2138 5559 2248 5597 sese
2276 5543 2413 5599 idem
2442 5544 2741 5614 cognovisse
2763 5559 2854 5613 per
2879 5542 3141 5611 Spiritum»
3165 5541 3517 5611 afﬁrmabant.
3545 5542 3708 5613 Cujus

2140 5636 2216 5688 'rei
2244 5637 2433 5689 certior
2466 5634 2636 5703 factus
2666 5633 2977 5699 Apostolus,
3001 5649 3111 5702 per-
3132 5632 3336 5688 litteras
3376 5632 3710 5688 ΤΙεεεςαΙηηίο

2141 5726 2368 5778 ceuslum
2395 5726 2566 5791 primo
2598 5726 2881 5779 adauctam
2916 5723 3072 5794 ﬁdem
3111 5725 3405 5794 collaudat,
3446 5736 3495 5779 ct
3539 5725 3711 5795 gloria

2139 5819 2282 5872 ducit
2315 5818 2454 5887 quod
2488 5815 2683 5873 Christi
2722 5820 2785 5874 ob
2827 5820 3052 5890 gratiant
3095 5818 3314 5876 uiriliter
3343 5818 3535 5888 ferrent
3569 5834 3714 5891 prcs-

3275 5917 3344 5978 11
