4056 6582
453 441 556 504 331

1102 444 1201 504 AD
1238 448 1817 511 'l'llEl)l‘liYi..\CTl
1866 455 2435 515 EXI’USITIONEM
2480 457 2557 516 IN
2605 459 2667 517 D.
2715 457 3020 518 PAULUM

3602 461 3713 518 332!

448 571 625 619 suras,
662 552 960 622 solaturque
991 572 1226 610 asserens
1254 558 1435 612 illatas
1469 560 1552 613 his
1583 560 1746 615 Deum
1793 564 2027 618 vindica-
2054 569 2104 627 Α
2132 568 2300 622 simus
2325 570 2527 636 [tigieus
2556 567 2769 619 Romam
2793 584 2845 619 se
2874 569 2941 618 ad
2962 564 3268 634 Apostolunt
3296 566 3537 627 contulit,
3567 571 3710 635 apud

450 653 626 697 turum
653 646 965 715 quandoque
996 645 1249 717 injurias.

518 734 708 791 Scribit
743 739 811 791 ad
862 737 1185 794 Timotheum
1236 758 1299 797 ex
1347 740 1610 799 Laodicea
1639 763 1752 800 eam
1798 755 1859 803 ob
1894 764 2021 803 cau-

443 832 733 896 sam,,quia
766 830 957 900 Ephesi
994 845 1141 887 erant
1183 836 1433 903 perntulti
1470 840 1558 908 qui
1584 838 1837 896 Judaicos
1889 844 2020 897 ritus

442 934 728 990 servarent,
760 940 877 977 cum
897 924 1047 996 longe
1070 927 1223 979 aliter
1250 930 1355 996 ipse
1382 928 1632 1000 Ephesios
1660 932 2018 999 instruxisset,

449 1016 735 1084 docereque
762 1027 812 1070 et
836 1016 1022 1085 fallere
1044 1017 1351 1090 integriores
1375 1038 1603 1091 quosque
1633 1023 2015 1081 adniterentur.

445 1108 708 1170 Quocirca
752 1107 1079 1164 Timotheum
1114 1112 1355 1167 hortatur
1394 1126 1450 1168 ut
1492 1113 1685 1183 Ephesi
1715 1130 1945 1184 maneat,
1970 1130 2019 1175 et

441 1210 773 1268 corruptores
816 1202 932 1255 illos
975 1207 1186 1275 castiget
1225 1217 1273 1261 et
1327 1210 1594 1278 corrigat,
1634 1220 1690 1263 ut
1735 1213 1944 1266 tandem
1986 1229 2017 1266 α

439 1292 550 1346 suis
582 1293 849 1348 erroribus
895 1309 1248 1352 resanescant.
1296 1300 1381 1353 Ad
1420 1303 1651 1355 eumdem
1683 1306 1912 1357 secundo
1956 1321 2020 1359 ex

441 1381 582 1437 Urbe
616 1386 893 1439 conscribit
924 1387 1232 1453 Epistolam,
1264 1405 1533 1460 monetque
1560 1402 1615 1446 ut
1648 1393 1716 1446 ad
1743 1411 1795 1447 se
1819 1394 2015 1449 redeat.

442 1475 581 1530 Erat
604 1479 742 1531 enim
770 1479 1052 1547 Apostolus
1085 1483 1147 1536 ab
1183 1485 1423 1538 omnibus
1452 1486 1565 1552 jam
1597 1487 1900 1547 destitutus.
1929 1491 2018 1558 qui

436 1584 610 1621 secum
651 1566 868 1623 Romam
896 1587 960 1625 ex
992 1572 1117 1625 Asia
1148 1573 1613 1641 commigrarerant
1636 1616 1649 1641 ,
1683 1580 1881 1630 catenis
1899 1579 2018 1632 abs-

438 1662 635 1724 territi,
694 1661 884 1730 quibus
912 1674 1023 1716 erat
1056 1665 1339 1718 devinctus.

512 1750 595 1804 Ea:
621 1750 867 1821 Nicopoli
898 1753 967 1806 ad
1005 1753 1177 1807 Titum
1210 1756 1411 1810 litteras
1445 1760 1663 1822 scribit;
1690 1759 1759 1811 ibi
1795 1775 2017 1828 namque

437 1844 750 1898 hiemaverat
778 1844 998 1901 Paulus.
1018 1844 1084 1900 In
1115 1845 1270 1901 Creta
1305 1861 1479 1902 autem
1517 1851 1689 1903 Titum
1715 1850 2011 1919 reliquerat,

2125 677 2345 733 eumque
2373 662 2627 714 habitarit
2657 660 2944 729 conjectum
2964 661 3013 712 in
3041 674 3319 721 carcerem,
3339 670 3386 711 et
3409 660 3464 712 in
3487 661 3709 716 rinculis

2126 756 2412 807 detentum.
2452 753 2604 807 Hunc
2638 754 2809 823 i'aq'te
2840 768 2956 805 cum
3002 753 3048 804 ei
3077 753 3266 817 optime
3316 753 3704 819 obsequeretur,

2125 857 2172 899 et
2215 849 2352 900 brevi
2397 847 2590 914 probus
2624 846 2892 908 evasisset,
2922 852 2977 897 ut
3007 845 3054 897 ei
3091 851 3223 897 esset
3266 846 3547 911 acceptior.
3575 844 3707 897 Phi-

2124 937 2318 991 lemoni
2369 940 2697 991 commendat
2742 955 2833 1005 per
2869 938 3109 999 litteras,
3156 936 3504 1006 hortaturque
3544 948 3596 990 ut
3637 938 3706 990 li-

2124 1031 2318 1082 bertate
2358 1027 2537 1093 donet,
2569 1045 2661 1082 nec
2691 1046 2749 1082 eo
2779 1038 2829 1081 ut
2858 1040 3027 1089 servo.
3065 1028 3154 1081 sed
3194 1039 3247 1080 ut
3289 1029 3456 1096 fratre
3497 1037 3698 1081 utatur.

2199 1120 2273 1174 Διί
2326 1119 2573 1174 Hebraeos
2614 1120 2819 1174 demum
2864 1135 2928 1173 ex
2984 1119 3145 1173 Italia
3191 1119 3370 1173 scribit
3415 1130 3435 1170 .°
3476 1121 3563 1187 qui
3602 1121 3700 1172 etsi

2122 1212 2320 1266 Christi
2361 1224 2665 1281 acceperant
2696 1211 2877 1280 ﬁdem,
2921 1212 3063 1264 haud
3093 1222 3263 1264 tamen
3292 1226 3508 1279 prorsus
3533 1229 3563 1262 a
3590 1211 3700 1278 lege

2120 1303 2442 1373 defecerant.
2468 1302 2617 1369 Quod
2662 1319 2788 1357 sane
2828 1306 3001 1372 inique
3032 1306 3201 1372 ferens
3236 1304 3516 1371 Apostolus
3539 1345 3554 1368 ,
3590 1305 3690 1356 etsi

2121 1395 2188 1448 ad
2233 1407 2406 1466 gentes
2431 1405 2568 1460 erat,
2600 1396 3029 1466 ut.Et~angelium
3065 1398 3411 1465 prtedicaret,
3437 1396 3553 1464 jam
3596 1397 3693 1449 de-

2119 1490 2365 1551 stinatus,
2396 1504 2498 1541 non
2529 1488 2619 1541 hos
2644 1498 2817 1542 tamen
2848 1490 3047 1561 ferebat
3080 1491 3206 1558 legis
3240 1489 3436 1543 umbris
3469 1490 3689 1552 obrolri,

2119 1577 2426 1631 existimans
2470 1578 2878 1648 haudquaquam
2925 1580 3253 1633 credentibus
3296 1580 3373 1633 his
3423 1580 3689 1632 molestam

2118 1667 2252 1720 hanc
2285 1669 2397 1738 [ore
2435 1670 2733 1735 epistolam,
2765 1670 2817 1722 in
2852 1686 2955 1738 qua
2992 1671 3054 1722 de
3079 1669 3272 1724 Christi
3312 1669 3559 1733 adventu,
3584 1669 3693 1738 lege

2118 1763 2232 1827 ipsa
2282 1761 2553 1814 umbratili
2586 1762 2811 1814 disserat
2844 1779 2863 1816 :
2893 1779 3046 1829 quam
3082 1778 3309 1816 cessasse
3352 1762 3595 1830 afﬁrmat,
3639 1770 3689 1813 ct

2120 1852 2248 1904 nihil
2284 1853 2337 1904 in
2359 1863 2621 1918 posterum
2648 1855 2950 1919 valituram,
2987 1871 3107 1926 quia
3134 1855 3372 1908 Christus
3398 1852 3685 1916 advenerit,

438 1949 492 1991 ut
524 1953 615 2006 per
638 1939 787 1994 urbes
808 1941 1105 1995 institueret
1134 1944 1449 1998 sacerdotes.
1478 1943 1644 1998 Erant
1666 1946 1799 1999 enim
1822 1947 2011 1999 ibidem
2047 1919 2086 1973 Β
2115 1962 2265 2016 quem
2304 1947 2399 1998 illa
2434 1947 2849 2015 prce/igurasset.

433 2031 667 2101 plerique
709 2034 800 2104 qui
849 2032 944 2089 sub
995 2032 1125 2104 legis
1154 2046 1412 2104 prtetcxtu
1463 2036 1709 2091 seducere
1762 2041 2010 2108 populum

433 2127 777 2180 conabantur.

492 2210 698 2269 Scribit
730 2231 795 2270 ea:
823 2213 962 2271 Urbe
992 2218 1063 2289 ad
1085 2214 1464 2286 Philemonem,
1493 2220 1642 2289 cujus
1670 2236 1845 2274 serrus
1870 2220 2008 2276 Unc-

2192 2037 2289 2090 llis
2308 2038 2483 2106 Itaque
2504 2036 2756 2106 Epistolis
2777 2038 2979 2094 Paulus
3009 2052 3114 2094 tam
3143 2043 3314 2098 valida
3341 2044 3684 2112 fundamenta

2101 2130 2254 2199 jccit,
2288 2141 2339 2182 ut
2368 2130 2704 2184 increscentis
2746 2131 2798 2186 in
2833 2145 3097 2201 posterum
3128 2136 3131 2137 ⁷
3151 2137 3279 2206 ﬁdei
3313 2148 3458 2190 tanta
3510 2145 3680 2205 posse:

2111 2222 2270 2276 moles
2309 2224 2524 2291 imponi.

447 2414 3630 2446 mw

1460 2608 1833 2674 LECTORI
1876 2612 2107 2677 l'ENE
2120 2615 2269 2679 Τις
2300 2615 2449 2675 EDI
2463 2612 2643 2678 TOR.

512 2962 729 3026 Prodit
769 2968 982 3026 tomus
1018 2961 1179 3026 alter
1210 2964 1494 3043 Operum
1548 2963 2052 3045 TheOpbylacti,
2084 2985 2154 3028 ea
2187 2969 2446 3046 quidem
2480 2966 2827 3038 celeritate,
2864 2984 3050 3047 quant
3104 2965 3259 3029 satis
3292 2984 3430 3029 esse
3477 2973 3668 3045 puta-

436 3082 580 3127 mus
604 3070 680 3126 ad
712 3062 900 3126 ﬁdem
933 3062 1383 3135 adstruendam
1425 3063 1838 3142 promissioni
1875 3074 2131 3136 nostras,
2165 3085 2287 3145 qua
2325 3066 2388 3127 in
2424 3067 2665 3127 I’rccvia
2700 3064 3131 3126 Declarutione
3166 3082 3282 3126 nos
3316 3065 3668 3127 obstrinxi-

435 3179 603 3235 mus,
640 3161 953 3242 integram
997 3177 1266 3240 operum
1302 3160 1589 3239 prmclari
1627 3160 1823 3242 hujus
1861 3164 2142 3226 auctoris
2176 3162 2526 3224 editionem
2574 3163 2737 3223 intra
2783 3162 3285 3240 quadriennium
3322 3164 3664 3224 absolven-

434 3263 576 3321 dam
612 3237 1224 3321 foreiﬂabesbwro
1259 3237 1376 3319 hoc
1419 3257 1485 3318 in
1528 3237 2240 3322 tomo'Commentarios
2279 3260 2487 3338 ipsius
2538 3261 2604 3321 in
2654 3237 2877 3321 omnes
2915 3258 3099 3320 Pauli
3149 3252 3472 3337 Epistolas
3497 3256 3523 3326 ;’
3550 3258 3665 3337 qui

433 3356 697 3434 quidem
768 3353 1113 3433 aliquoties
1182 3354 1440 3426 Latine,
1502 3354 1720 3416 Graece
1793 3363 2005 3417 autem
2074 3366 2133 3418 et
2201 3357 2421 3418 Latine
2486 3358 2684 3419 semel
2757 3364 3028 3426 tantum,
3094 3372 3324 3432 nempe
3390 3355 3662 3416 Londini

431 3468 602 3513 anno
634 3453 813 3525 1636,
850 3451 919 3512 in
973 3450 1178 3513 lucem
1233 3448 1554 3529 prodiere.
1604 3450 1698 3512 Ad
1749 3450 1914 3514 hanc
1970 3452 2318 3515 editionem
2376 3454 2529 3514 satis
2578 3454 2842 3514 nitidam
2874 3462 2934 3513 et
2978 3461 3331 3514 accuratam
3385 3461 3664 3512 nostram

436 3554 619 3625 plane
653 3548 1016 3628 exegimus,
1052 3547 1177 3609 nisi
1212 3547 1387 3626 quod
1420 3545 1763 3610 manifesta
1809 3550 2100 3627 quaedam
2141 3551 2382 3610 Latinae
2414 3550 2737 3611 versionis
2781 3559 2983 3612 errata
3034 3550 3446 3611 sustulimus.
3474 3548 3660 3621 Quod

437 3662 584 3707 vero
637 3644 739 3706 bic
790 3664 825 3707 e
877 3651 1097 3707 nostro
1141 3643 1522 3722 adjecimus,
1574 3643 1900 3723 prmcipue
1947 3653 2099 3706 sunt
2148 3648 2467 3708 variantes
2512 3646 2819 3709 lectiones
2861 3666 2937 3709 ex
2989 3648 3206 3709 codice
3255 3645 3667 3708 bibliotltetm

434 3748 491 3805 ri.
555 3742 751 3805 Marci
801 3743 1220 3821 deprompta),
1253 3756 1414 3817 quas
1471 3740 1546 3801 ad
1589 3742 1826 3803 calcem
1867 3743 2045 3813 tomi,
2096 3760 2277 3805 more
2317 3752 2565 3817 nostro,
2632 3743 3081 3822 apposuimus.
3134 3745 3254 3804 Eas
3318 3741 3667 3819 diligitur

432 3842 693 3921 collegit
736 3839 1003 3919 juvenis
1056 3838 1423 3901 industrius
1470 3839 1790 3917 Georgius
1843 3841 2273 3911 Constantini,
2331 3840 2588 3903 natione
2640 3841 2919 3908 Graecus,
2980 3840 3090 3919 qui
3150 3840 3428 3900 similem
3500 3855 3663 3915 ope-

432 3955 562 3998 ram
610 3936 768 3998 alias
798 3936 988 3997 etiam
1042 3935 1228 3997 nobis
1287 3936 1627 4013 impendit.
1684 3937 1994 3999 Collectas
2058 3955 2204 3998 vero
2275 3938 2654 3999 tradidimus
2719 3935 3045 3998 Bonifacio
3096 3937 3358 4007 Finetti,
3417 3921 3663 3995 ordinis

432 4034 944 4106 Pratdicatorum,
1015 4038 1084 4094 ut
1145 4032 1449 4093 omnibus
1509 4034 1850 4112 expensis,
1910 4036 2166 4097 solertia
2226 4055 2341 4099 sua
2406 4045 2468 4099 et
2521 4036 2792 4115 judicio,
2852 4053 2959 4098 cas
3024 4053 3168 4115 qua:
3229 4036 3397 4114 frugi
3465 4033 3659 4094 alicui

428 4148 568 4193 esse
598 4136 881 4210 possent,
919 4127 1246 4206 seligeret.
1299 4127 1554 4190 Scilicet
1596 4146 1713 4189 nos
1749 4130 1934 4208 longe
1967 4132 2043 4192 ab
2068 4146 2290 4192 eorum
2322 4128 2631 4207 Opinione
2668 4145 2916 4201 sumus,
2951 4129 3063 4207 qui
3095 4127 3407 4205 quidquid
3460 4127 3666 4186 varic-

429 4228 571 4289 tatis
622 4228 689 4289 in
743 4225 1076 4307 codicibus
1142 4225 1515 4301 reperiunt,
1566 4223 1625 4285 id
1660 4231 1862 4287 totum
1904 4245 2017 4305 pro
2063 4227 2453 4288 variantibus
2507 4224 2891 4288 lectionibus
2923 4225 3179 4297 habent,
3225 4232 3557 4302 totumque
3593 4222 3659 4281 in

430 4324 750 4385 editiones
789 4339 942 4384 suas
973 4321 1351 4393 effundunt,
1389 4319 1616 4401 sicque
1652 4323 1914 4400 paginas
1944 4324 2158 4385 inutili
2208 4322 2507 4399 congerie
2544 4329 2812 4383 onerant
2842 4320 3009 4382 haud
3046 4337 3206 4382 raro.
3245 4323 3372 4382 Nos
3405 4329 3661 4381 econtra

434 4421 576 4493 rati,
613 4419 935 4482 variantes
988 4418 1301 4480 lectiones
1345 4418 1703 4479 censendos
1745 4435 1869 4479 non
1907 4436 2071 4489 esse,
2115 4418 2241 4479 nisi
2278 4436 2422 4495 qum
2451 4417 2734 4496 phrasin)
2771 4416 2871 4479 vel
2916 4434 3179 4479 sensum
3223 4416 3558 4495 perficiunt
3586 4432 3661 4474 ac.

427 4517 754 4595 complent
786 4563 801 4589 ,
846 4525 956 4577 aut
988 4520 1158 4576 certe
1196 4514 1354 4574 tales
1406 4524 1582 4585 sunt,
1617 4521 1687 4574 ut
1731 4515 1962 4575 merito
1993 4515 2299 4591 ambigas,
2333 4532 2491 4577 num
2552 4514 2648 4575 ha:
2685 4515 2781 4576 Vel
2821 4514 2948 4576 illm
2979 4516 3057 4575 ab
3095 4514 3374 4575 auctoris
3418 4511 3662 4573 calamo

431 4615 732 4693 prOfCleB
775 4610 1041 4693 fuerint,
1094 4628 1167 4673 ea
1205 4610 1423 4673 omnia
1478 4613 2020 4688 prmteﬁnittenda
2072 4612 2463 4689 putavimus,
2518 4628 2664 4691 qum
2714 4621 2823 4674 aut
2870 4607 3231 4680 manifestas
3289 4617 3438 4671 sunt
3489 4626 3665 4668 ama-

428 4712 778 4774 nuensium
812 4708 1279 4781 aberrationes,
1318 4714 1425 4767 aut
1466 4707 1746 4784 phrasim
1794 4725 2170 4777 sensumve,
2214 4708 2424 4784 potius
2471 4725 2661 4786 quam
2696 4708 3081 4788 compleant,
3115 4708 3393 4769 reddunt
3423 4706 3665 4784 imper-

428 4808 786 4870 l'ccliorem.
838 4806 1052 4867 Hocce
1106 4802 1359 4864 delectu
1397 4800 1634 4863 factum
1696 4812 1816 4874 est,
1872 4813 1963 4876 ut,
2025 4822 2166 4865 cum
2232 4805 2548 4866 variantes
2604 4805 2911 4866 lectiones
2968 4813 3200 4866 nostra:
3246 4803 3399 4864 satis
3448 4802 3663 4861 multm

424 4906 658 4976 forent,
694 4903 769 4965 ad
815 4900 1202 4964 mediocrem
1252 4915 1596 4960 numerum
1642 4901 1909 4962 redactas
1947 4900 2103 4961 sint.
2141 4904 2259 4962 Sed
2296 4910 2356 4962 et
2388 4901 2563 4963 aliud
2596 4901 2662 4961 in
2700 4918 2886 4963 causa
2930 4910 3047 4973 est,
3082 4918 3197 4963 cur
3244 4900 3319 4961 ad
3355 4897 3658 4977 majorem

426 5002 672 5079 capiam
715 5016 839 5062 non
885 4995 1288 5060 excreverint
1322 5018 1337 5056 :
1373 5013 1604 5074 nempe
1654 4996 1785 5057 illm
1815 4997 2076 5058 omissm
2112 5004 2517 5080 suntomues
2568 5014 2710 5076 quae
2752 4997 2903 5073 (non
2941 5014 3159 5076 panem
3186 4993 3475 5075 quidem)
3513 5009 3657 5055 cum

431 5098 831 5161 variantibus
864 5094 1256 5156 lectionibus
1290 5110 1367 5155 ex
1401 5093 1734 5155 codicibus
1781 5093 2273 5155 Oxoniensibus
2320 5111 2355 5156 a
2390 5092 2781 5156 Londinensi
2821 5096 3064 5157 editore
3106 5092 3392 5155 collectis
3431 5090 3664 5168 margi-

429 5196 627 5275 nique
663 5191 957 5271 ascriptis
1005 5190 1475 5253 conveniebant
1510 5188 1616 5269 (a).
1650 5192 1787 5250 Non
1830 5190 2106 5250 deerunt
2152 5188 2422 5251 fortasse
2459 5188 2573 5268 qui
2624 5190 2861 5251 vellent
2891 5207 2996 5250 eas
3029 5205 3291 5267 quoque
3328 5186 3432 5247 hic
3468 5186 3664 5247 adno-

427 5302 581 5355 tatas
635 5292 897 5367 habere,
927 5289 1098 5369 quod
1152 5287 1383 5350 referat
1419 5285 1717 5349 nonnihil
1769 5286 1933 5349 scire
1983 5303 2060 5347 an
2105 5286 2319 5365 aliqua
2370 5286 2556 5347 lectio
2598 5302 2724 5347 non
2783 5288 2976 5347 unius
3028 5296 3301 5353 tantum,
3344 5284 3452 5344 sed
3506 5282 3657 5361 plu-

430 5392 597 5453 riu-m
647 5388 940 5450 codicum
976 5387 1357 5449 auctoritate
1406 5383 1848 5448 conﬁrmetur.
1900 5386 1980 5445 At
2018 5398 2145 5445 non
2198 5381 2739 5456 existimavimus,
2792 5399 2925 5443 rem
2981 5382 3142 5443 hanc
3194 5382 3350 5442 tanti
3385 5397 3550 5452 esse,
3586 5388 3661 5439 ut

423 5485 801 5548 ulteriorem
857 5486 1031 5548 hunc
1088 5484 1369 5548 laborem
1442 5480 1682 5545 mereri
1723 5487 1941 5561 posset
1993 5496 2065 5541 ac
2126 5478 2470 5555 postulare.
2531 5477 2729 5541 Porro
2788 5479 3107 5540 variantes
3165 5477 3305 5539 ista;
3350 5472 3662 5539 lectiones

423 5583 622 5645 ferme
676 5581 743 5641 in
779 5598 905 5643 una
937 5580 1034 5642 vel
1071 5582 1268 5643 altera
1294 5595 1447 5643 voce
1488 5579 1628 5640 sitm
1668 5585 1818 5639 sunt
1858 5598 1873 5637 :
1909 5594 2068 5655 quas
2106 5576 2341 5637 ideirco
2386 5577 2600 5638 Graece
2648 5584 2893 5638 tantum
2925 5593 3247 5656 apponere
3287 5574 3547 5654 placuit,
3581 5588 3662 5635 eo

430 5679 522 5739 vel
568 5677 770 5756 magis
824 5678 998 5756 quod
1056 5694 1133 5739 ex
1187 5674 1321 5737 illis
1357 5690 1486 5737 non
1540 5690 1757 5752 paucae
1797 5672 2076 5734 Graecam
2135 5671 2415 5750 pbrasim
2476 5674 2666 5735 unice
2723 5681 3035 5753 spectent,
3073 5672 3365 5749 adeoque
3417 5668 3665 5732 Latinas

416 5925 449 5975 ὁ
521 5862 593 5925 κα)
623 5861 824 5973 Οπέηες,
848 5861 1075 5971 moris
1116 5865 1196 5911 est.
1220 5858 1408 5923 nostri,
1436 5854 1730 5919 collegimus
1760 5870 1808 5906 in
1836 5867 2056 5920 margine
2089 5853 2337 5906 infcriori.
2364 5854 2553 5905 Littera
2581 5869 2609 5904 ο
2633 5854 2985 5913 Oxontensem,
3008 5868 3055 5903 in
3083 5854 3190 5903 cod.
3220 5853 3271 5902 Β.
3309 5851 3453 5903 Marci
3477 5849 3668 5903 Veneti

451 5929 662 5975 esiuuat.
728 5938 821 5974 utr.
893 5937 1000 5971 nn.

451 5929 662 5990 esiguat.
688 5929 821 5974 Enn.
850 5929 1000 5971 Pun.

4048 3528 4049 3569 l

4043 3692 4045 3737 l

4041 3744 4043 3821 4

4039 3850 4041 3907 4

4037 3928 4039 3991 4

4035 4012 4037 4075 4
