4056 6594
419 402 524 476 333
1751 394 2317 468 PREFATIONES.
3553 388 3657 461 ait

416 523 745 589 versionis
783 528 1075 585 tenorem
1122 519 1436 584 intactum
1484 508 1879 601 relinquant.
1914 521 2262 583 Nonnulla;
2303 530 2515 583 tamen
2565 524 2715 581 sunt
2750 516 2943 596 paulo
2999 514 3331 589 fusiores;
3386 516 3662 595 quarum

415 621 707 684 Latinam
760 618 1133 681 versionem
1186 634 1218 679 a
1267 617 1438 679 dicto
1482 616 1814 678 Bonifacio
1852 616 2087 677 Finetti
2144 616 2367 678 factam
2411 634 2537 678 non
2584 613 3187 693 praetermittimus;
3236 619 3348 675 sed
3400 627 3538 673 eam
3583 628 3661 673 au

415 719 656 780 calcem
689 716 942 795 paginae
980 712 1312 794 ponimus,
1362 731 1443 774 ne
1475 712 1761 791 ipsarum
1811 713 2194 775 variantium
2253 714 2602 775 lectionum
2648 711 2884 785 seriem
2941 710 3310 789 initumque
3365 710 3660 771 ordinem

414 813 982 889 abrumperemus.
1035 812 1127 870 Ex
1158 808 1517 872 fusioribus
1564 808 1742 871 hisce
1776 809 2177 872 variantibus
2225 810 2612 874 lectionibus
2644 808 2787 869 aliae
2824 815 2976 869 sunt
3029 807 3201 869 velut
3231 809 3522 886 quaedam
3558 808 3666 869 ade

413 910 794 983 ditamenta,
830 925 976 988 quae
1011 906 1138 987 ipsi
1187 907 1388 969 textui
1432 907 1604 968 edito
1656 906 1861 969 inseri
1913 915 2199 986 possent,
2236 925 2518 985 eumque
2568 904 2923 984 pleniorem
2980 905 3287 978 reddere;
3338 904 3482 966 alia;
3515 920 3666 966 vero

416 1011 573 1066 sunt
626 1004 841 1082 potius
879 1003 1154 1064 diversas
1197 1001 1662 1078 expositiones,
1704 1010 1814 1064 aut
1846 1003 2085 1064 easdem
2126 991 2318 1065 etiam
2369 1003 2576 1082 quoad
2627 1018 2916 1073 sensum,
2967 1001 3077 1060 sed
3131 1001 3342 1061 verbis
3387 1001 3667 1063 diversis

418 1116 789 1177 expressa);
823 1106 885 1160 et
921 1099 1185 1177 quidem
1220 1099 1410 1159 modo
1439 1098 1789 1176 ampliores
1831 1096 2353 1177 expositionibus
2392 1105 2607 1159 textus
2656 1096 2847 1167 editi;
2900 1095 3089 1155 modo
3134 1096 3486 1169 breviores,
3524 1113 3668 1176 quae

420 1195 677 1257 scilicet
733 1201 977 1256 textum
1035 1193 1281 1256 editum
1349 1194 1549 1256 veluti
1613 1194 1997 1272 compendio
2053 1193 2382 1257 exhibent.
2443 1192 2864 1273 PerSpicuum
2928 1191 3169 1254 idcirco
3230 1200 3350 1267 est,
3416 1193 3667 1255 codices

420 1292 771 1370 plerosque
803 1290 917 1369 qui
954 1289 1074 1352 hos
1106 1291 1615 1353 Commentarios
1648 1291 2008 1359 continent,
2049 1291 2567 1370 interpolatrices
2606 1309 2833 1353 manus
2871 1298 3168 1369 expertos
3202 1308 3343 1352 esse
3380 1314 3394 1352 :
3443 1310 3660 1373 neque

422 1386 601 1448 enim
661 1387 800 1449 fieri
854 1393 1069 1466 potest
1108 1394 1178 1449 ut
1234 1394 1360 1448 tam
1413 1386 1743 1448 breviores
1786 1399 1979 1466 quam
2042 1386 2326 1449 fusiores
2384 1388 2825 1467 expositiones
2881 1386 3252 1467 hujusmodi
3313 1387 3391 1449 ab
3444 1389 3666 1449 eadem

424 1482 896 1563 TheOphylacti
951 1499 1147 1545 manu
1200 1480 1588 1544 efﬂuxerint.
1641 1483 1762 1545 Sed
1818 1498 2114 1560 quasnam
2181 1484 2660 1567 Theophylacto
2713 1486 2843 1547 sint
2898 1485 3317 1555 ascribendae,
3370 1503 3667 1565 quaenam

421 1579 876 1659 interpolatori
928 1578 1148 1653 alicui,
1188 1596 1404 1654 nemo,
1437 1595 1580 1639 meo
1613 1577 1885 1658 judicio,
1926 1579 2195 1642 deﬁnire
2236 1591 2469 1661 potest,
2509 1585 2611 1645 cui
2656 1601 2786 1663 prae
2826 1582 3121 1644 manibus
3156 1600 3284 1645 non
3326 1584 3411 1646 sit
3453 1585 3672 1663 ipsum

422 1676 892 1755 TheOpbylacti
938 1674 1434 1754 autographum.
1470 1676 1693 1753 Neque
1735 1675 1907 1734 enim
1944 1676 2017 1736 ad
2055 1675 2118 1737 id
2151 1676 2306 1737 satis
2346 1693 2487 1738 esse
2522 1685 2848 1755 putamus,
2886 1675 3188 1754 majorem
3222 1676 3460 1739 codicis
3490 1688 3670 1739 vetu-

430 1780 692 1845 statem;
730 1779 864 1835 tum
895 1771 1073 1851 quod
1115 1770 1374 1834 difﬁcile
1407 1771 1512 1843 sit,
1554 1786 1690 1831 eam
1728 1770 2120 1850 exploratam
2158 1772 2313 1833 satis
2346 1770 2605 1845 habere,
2644 1788 2787 1834 cum
2836 1789 3004 1849 smpe
3039 1773 3375 1835 vetustatis
3411 1774 3673 1837 inccrtm

424 1870 562 1933 sint
591 1877 759 1932 notte
792 1892 806 1931 :
842 1875 973 1932 tum
1015 1869 1186 1949 quod
1223 1868 1541 1931 recentior
1572 1869 1770 1930 codex
1809 1868 2135 1929 sincerum
2172 1880 2315 1928 esse
2355 1868 2554 1946 possit
2595 1868 2971 1930 vetustioris
3002 1884 3072 1930 ac
3110 1869 3397 1947 purioris
3428 1870 3670 1932 codicis

429 1968 900 2047 apograpbum.
955 1967 1019 2029 Si
1063 1967 1206 2046 quis
1250 1973 1467 2028 tamen
1506 1966 1839 2027 breviores
1885 1963 2324 2043 expositiones
2365 1963 2582 2042 potius
2630 1980 2824 2043 quam
2864 1964 3168 2038 fusiores,
3203 1963 3670 2043 Theophylacti

433 2081 579 2125 esse
639 2063 819 2138 velit,
864 2080 981 2126 nec
1010 2062 1121 2124 ille
1161 2078 1293 2123 rem
1342 2062 1493 2123 satis
1526 2060 1947 2123 verisimilem
1985 2060 2322 2123 aﬂirmabit
2348 2108 2363 2135 ,
2402 2068 2623 2140 utpote
2662 2061 3146 2141 compendiario
3193 2061 3671 2124 commentandi

426 2161 655 2239 generi
702 2178 836 2241 quo
865 2160 1304 2223 delectabatur
1354 2157 1877 2237 TheOphylactus
1920 2164 1981 2220 et
2022 2157 2372 2235 prmsertim
2412 2156 2480 2218 in
2523 2156 2702 2219 hisce
2736 2157 3254 2232 Commentariis,
3291 2157 3406 2237 qui
3447 2157 3516 2220 in
3552 2158 3672 2219 ali-

427 2258 672 2335 quibus
703 2256 1036 2320 codicibus
1076 2264 1367 2335 Ἐξήγησις
1406 2265 1465 2317 ὲν
1487 2265 1744 2334 ἐπιτφμῇ,
1780 2254 2029 2332 Compar

2067 2252 2263 2313 diaria
2302 2253 2643 2330 Expositio
2678 2254 3150 2330 inscribuntur,
3182 2256 3474 2335 apprime
3512 2272 3669 2317 con-

428 2361 827 2416 sentaneam.
862 2352 1049 2428 Quod
1085 2352 1141 2413 si
1169 2352 1289 2414 hoc
1323 2367 1549 2414 verum
1583 2352 1690 2423 sit,
1724 2350 1921 2413 habes
1956 2349 2267 2430 profecto,
2298 2348 2616 2437 benevole
2642 2349 2966 2422 Lector,in
2996 2350 3413 2413 Variantibus
3447 2351 3673 2414 lectio-

430 2450 629 2512 nibus
682 2450 927 2512 nostris
1001 2447 1444 2528 expositiones
1508 2438 1757 2526 aliquot
1814 2447 1923 2529 iis,
1974 2463 2119 2525 quae
2181 2445 2248 2506 in
2304 2444 2476 2507 edito
2538 2454 2711 2507 textu
2780 2445 3140 2521 habentur,
3205 2448 3323 2510 hoc
3380 2448 3669 2523 nom-ine,

431 2546 889 2625 praeferendas.
938 2547 1422 2608 Animadvertas
1471 2544 1574 2606 hic
1606 2560 1779 2617 v-ero,
1817 2536 1958 2616 nos,
1994 2561 2136 2613 cum
2184 2544 2356 2606 edita
2402 2545 2534 2606 loca
2567 2544 3108 2623 respondentibus
3160 2546 3285 2607 sibi
3331 2546 3397 2611 in
3452 2555 3673 2611 nostro

432 2643 654 2706 codice
700 2644 985 2707 textibus
1035 2642 1350 2722 ampliora
1400 2649 1576 2718 sunt,
1630 2652 2042 2720 nequaquam
2098 2641 2346 2718 integra
2391 2639 2656 2715 referre,
2716 2657 2799 2702 ne
2854 2640 3051 2702 nimis
3088 2641 3267 2703 vacui
3318 2658 3352 2702 e
3407 2645 3672 2722 regione

437 2740 857 2819 respondeat;
898 2740 1008 2802 sed
1055 2739 1335 2817 demptis
1373 2739 1457 2800 iis
1490 2756 1636 2815 quae
1669 2737 1735 2800 in
1785 2737 2000 2799 medio
2034 2746 2215 2813 sunt,
2253 2756 2474 2801 eorum
2515 2740 2867 2802 absentiam
2923 2740 3177 2819 punctis
3224 2742 3469 2821 aliquot
3501 2745 3675 2806 ordi-

434 2838 631 2899 natim
668 2837 898 2917 positis
928 2837 1311 2899 indicamus.
1349 2838 1568 2900 Codex
1592 2837 1763 2899 unde
1792 2836 1891 2899 lim
1922 2836 2237 2899 variantes
2275 2836 2579 2898 lectiones
2608 2839 2962 2915 desumptae
2991 2845 3167 2912 sunt,
3202 2838 3291 2899 nil
3349 2840 3674 2918 peculiare

439 2934 627 2996 habet
661 2941 830 3012 quod
868 2934 972 2996 hic
1004 2941 1569 2996 commemoretur.
1597 2934 1980 2995 Chartaceus
2014 2932 2069 2994 is
2103 2938 2221 3003 est,
2260 2940 2321 2993 et
2358 2951 2463 2995 xxv
2496 2933 2752 2995 circiter
2781 2934 3019 2996 saecula
3055 2934 3335 3014 scriptus
3360 2947 3676 2999 censetur

440 3048 475 3090 a
528 3030 680 3091 clar.
743 3030 899 3091 viris
950 3030 1063 3109 qui
1116 3031 1708 3108 Manuscriptorum
1760 3029 2125 3091 Graecorum
2172 3028 2562 3092 bibliotheca:
2596 3032 2662 3093 S.
2714 3032 2926 3093 Marci
2968 3030 3337 3112 Catal0gum
3388 3034 3671 3096 edidere.

440 3127 778 3189 Variantes
818 3127 1131 3189 lectiones
1176 3132 1425 3188 nostras
1474 3124 1811 3203 excipiunt
1859 3126 2360 3193 Observationes
2410 3128 2617 3201 Latini
2661 3129 2930 3202 Latinii,
2997 3145 3158 3208 quas
3210 3135 3280 3191 ut
3337 3130 3409 3191 in
3462 3131 3676 3209 primo

441 3232 638 3295 temo,
675 3222 758 3283 ita
794 3229 857 3283 et
897 3223 963 3284 in
1006 3223 1132 3284 isto
1164 3223 1595 3302 appunimus,
1632 3238 1713 3283 ne
1760 3221 1915 3299 quid
1959 3222 2034 3284 ad
2081 3223 2388 3287 editionis
2428 3231 2663 3287 nostra;
2701 3234 3153 3288 ornamentum
3205 3227 3613 3290 desideretur
3659 3251 3675 3288 :

440 3335 568 3396 qua
631 3325 707 3379 de
767 3335 958 3381 causa
1030 3318 1485 3397 praemittimus
1563 3318 1753 3379 etiam
1823 3335 1952 3380 non
2013 3319 2221 3382 solum
2290 3320 2575 3400 Philippi
2649 3323 2937 3384 Montani
3011 3324 3497 3402 Praefationem,
3563 3343 3678 3387 ve-

440 3432 581 3477 rum
634 3417 823 3478 etiam
876 3417 1219 3491 Adnotata,
1269 3415 1457 3496 queis
1501 3416 1845 3495 cujuslibet
1892 3416 2195 3495 Epistolas
2243 3428 2693 3495 argumentum
2747 3421 2967 3498 paucis
3013 3421 3373 3497 exhibetur,
3405 3431 3466 3484 et
3506 3423 3677 3484 unde

436 3512 715 3592 singulae
771 3512 1026 3591 scripta)
1082 3515 1253 3587 sint,
1318 3513 1675 3587 indicatur,
1736 3528 1880 3593 quin
1943 3531 2086 3576 cum
2165 3522 2414 3577 exstent
2470 3516 2541 3578 in
2602 3516 3004 3579 editionibus
3069 3518 3373 3580 omnibus
3436 3519 3678 3580 Latinis

439 3625 602 3684 quas
650 3608 955 3682 vidimus,
982 3609 1360 3671 Christofori
1395 3606 1758 3684 Porsennae,
1815 3611 2240 3697 quirprimus
2278 3611 2471 3675 hosce
2531 3614 3039 3676 Commentarios
3096 3614 3315 3676 Latine
3356 3617 3680 3679 transtulit

439 3716 636 3782 atque
691 3705 1011 3783 vulgavit,
1055 3723 1196 3768 esse
1247 3715 1568 3786 putamus.
1618 3710 1887 3768 Tomum
1937 3708 2222 3787 denique
2270 3708 2578 3771 claudunt
2628 3710 2758 3772 duo
2814 3710 3091 3785 Indices,
3148 3710 3416 3773 Latinus
3480 3728 3677 3785 unus,

440 3803 699 3863 Graecus
746 3802 952 3875 alter;
1021 3813 1322 3882 uterque,
1377 3803 1927 3882 locupletissimus
1987 3827 2002 3866 :
2056 3819 2188 3883 quo
2235 3803 2331 3864 vel
2364 3804 2513 3889 solo
2553 3804 2993 3869 additamenta
3050 3806 3218 3869 haud
3272 3823 3497 3885 parum
3536 3824 3680 3869 sese

441 3896 645 3959 editio
690 3905 906 3959 nostra
956 3915 1151 3977 supra
1197 3907 1454 3961 caeteras
1498 3898 1926 3962 commendat.
1961 3900 2082 3963 Sed
2129 3917 2260 3964 non
2303 3909 2397 3964 est
2428 3918 2543 3964 cur
2569 3903 2867 3982 pluribus
2908 3912 2968 3966 te
3004 3905 3429 3979 detineamus,
3475 3906 3680 3968 amice

442 3995 689 4056 Lector.
724 3996 861 4056 Jam
898 3994 1112 4058 fruere
1146 3996 1467 4075 praeclaris
1510 3995 1688 4058 hisce
1724 3997 2221 4061 Commentariis
2275 4021 2289 4060 :
2341 4005 2403 4061 et
2435 4005 2676 4062 tomum
2731 4000 3023 4078 tertium,
3069 4004 3184 4082 qui
3221 4004 3531 4084 pleraque
3579 4006 3677 4066 vel

441 4108 709 4170 prorsus
739 4091 1005 4167 inedita,
1033 4093 1129 4156 vel
1171 4094 1495 4157 rarissima
1528 4094 2012 4175 complectettir,
2046 4095 2222 4160 brevi
2260 4096 2602 4160 intervallo
2638 4100 2945 4179 temporis
2969 4107 3371 4178 secuturum,
3407 4118 3679 4165 securus

442 4197 763 4265 exSpecta.
802 4188 1067 4251 Interim
1102 4190 1265 4254 vale.
1542 4238 1549 4241 -
2921 4208 2925 4212 ”
