4056 6660
474 417 584 485 337

1334 416 1738 479 EXPOSITIO
1778 415 1861 475 IN
1902 416 1995 475 EP
2011 415 2062 478 [Ε

2181 414 2281 474 ΑΙ)
2315 411 2498 475 ROM.
2538 438 2607 450 --
2637 415 2798 479 CAP.
2822 416 2870 476 Ι.
3624 405 3725 473 εἶῗῖθ

862 744 869 751 ’
942 762 2084 927 ΤΗΕΟΡΗΥμΑςΤι
2142 761 3278 927 COMMENTARIUS

1197 1013 1328 1103 IN
1410 934 2086 1116 EPISTULAM
2166 1007 2312 1112 AD
2390 1001 3000 1111 ROMANOS.
3134 992 3137 999 ’

905 1369 1306 1454 ΚΕοΑᾼΑῐοΝ
1340 1366 1637 1423 ΠΡΩΤΟΝ.

571 1502 589 1534 ι
627 1481 862 1545 Παῦλος.
897 1499 918 1536 ι
948 1480 1089 1537 Οὕτε
1114 1482 1143 1535 ὁ
1170 1482 1398 1552 Μωσῆς,
1426 1480 1549 1535 οὕτε
1585 1480 1771 1534 πολλοὶ
1793 1480 1903 1532 τῶν
1934 1478 2052 1546 μετ’

477 1576 661 1641 αὐτὸν,
687 1574 804 1631 ἀλλ’
836 1560 959 1629 οὐδὲ.
986 1576 1035 1628 οἱ
1056 1575 1464 1645 εὐαγγελισταὶ,
1502 1574 1570 1628 τὰ
1600 1573 1840 1643 ὀνόματα
1874 1568 2054 1624 αὐτῶν

480 1654 883 1740 προτεθείκασι
921 1669 1030 1723 τῶν
1077 1667 1546 1739 συγγραμμάτων.
1581 1665 1640 1720 Ὀ
1672 1666 1727 1719 δὲ
1786 1663 2054 1735 μακάριος

475 1753 656 1828 οὗτος,
689 1760 963 1831 πανταχοῦ
994 1761 1101 1815 τῶν
1147 1759 1497 1824 Ἐπιστολῶν,
1524 1759 1585 1812 τὸ
1628 1754 1826 1813 ἑαυτοῦ
1884 1755 2055 1826 ὄνομα

478 1854 802 1924 προτίθησι·
849 1852 982 1906 διότι
1028 1854 1228 1906 ἐκεῖνοι
1265 1851 1364 1921 μὲν
1416 1850 1553 1921 πρὸς
1596 1850 1724 1911 τοὺς
1779 1848 2067 1920 παρόντας

480 1946 721 2014 ἔγραφον
749 1961 764 1977 ο
793 1937 949 2006 οὗτος
997 1944 1054 1996 δὲ
1108 1943 1195 1997 διὰ
1240 1940 1454 2014 μακροῦ
1495 1940 1564 1994 τὰ
1625 1940 1931 2010 γράμματα
1980 1939 2058 1992 δι-

483 2039 788 2105 επέμπετο,
813 2035 908 2088 καὶ
952 2034 1176 2098 εἰκότως
1227 2033 1317 2086 τὸν
1370 2033 1534 2101 νόμον
1562 2030 1673 2111 τοῦ
1708 2028 2061 2083 ἐπιστολικοῦ

480 2124 830 2198 χαρακτῆρος
855 2127 1115 2198 ἐπλήρου.
1158 2126 1246 2179 Ἐν
1279 2124 1462 2196 μέντοι
1484 2126 1550 2194 τῇ
1581 2123 1717 2193 πρὸς
1745 2116 2069 2192 Ἑϐραίους,¹

477 2219 542 2271 ού
566 2221 709 2271 ποιεῖ
733 2219 912 2273 τοῦτο.
957 2218 1193 2288 Ἐπειδὴ
1239 2217 1346 2287 γὰρ
1411 2213 1667 2285 ἀπεχθῶς
1714 2208 1866 2282 εἶχον
1917 2211 2056 2283 πρὸς

481 2308 667 2369 αὐτὸν,
700 2308 790 2363 ἴνα
833 2308 904 2381 μὴ
934 2307 1030 2362 τοῦ
1066 2308 1329 2378 ὀνόματος
1359 2303 1521 2367 εὐθὺς
1551 2302 1885 2366 ἀκούσαντες
1920 2302 2056 2356 ἁποο

484 2402 794 2470 πηδήσωσι,
846 2398 1086 2472 κρύπτει
1111 2400 1270 2453 τοῦτο
1320 2400 1378 2453 ὲν
1427 2397 1757 2469 προοιμίοις.
1786 2392 2055 2460 Τίνος’δὲ

481 2493 648 2547 ἕνεκα
681 2495 788 2546 ἀπὸ
804 2493 1008 2546 Σαύλου
1038 2490 1246 2554 Παῦλος
1279 2489 1485 2560 ἐκλήθη
1516 2506 1530 2556 ;
1574 2488 1689 2543 Ἵνα
1739 2487 1874 2558 μηδὲ
1912 2485 2056 2541 κατὰ

481 2584 643 2636 τοῦτο
678 2582 955 2654 ὲλαττωθῇ
983 2583 1078 2636 τοῦ
1115 2582 1412 2653 κορυφαίου
1430 2581 1537 2634 τῶν
1573 2579 1907 2645 ἀποστόλων,
1939 2579 2067 2633 ἐπι-ί

483 2672 777 2742 κληθέντος
832 2673 1020 2741 Κηφᾶ,
1096 2673 1123 2725 ὃ
1162 2671 1524 2743 ἑρμηνεύεται
1553 2690 1571 2724 ι
1603 2669 1846 2742 Πέτρος,
1893 2687 1913 2721 ι
1961 2670 2055 2722 καὶ

479 2728 594 2818 τῶν
624 2728 1097 2830 υἱῶνυΖεϐεδαίου,
1144 2728 1625 2835 ἐπόνόμασθέντων
1659 2728 1984 2832 Βοανεργὲς,
2026 2762 2055 2815 ὃ
2088 2728 2131 2789 Β

481 2857 623 2921 ἔστι,
663 2875 682 2908 ‹
720 2856 826 2909 υἱοὶ
865 2856 1115 2928 βροντῆς.
1153 2873 1172 2908 ι
1280 2866 1283 2869 ’

557 2963 578 2997 ς
604 2943 820 3010 Δοῦλος.
864 2964 884 2997 ι
933 2946 1124 3000 Πολλοὶ
1156 2944 1408 3015 ,δουλείας
1450 2947 1665 3018 τρόποι.
1710 2947 1769 3002 Ὀ
1809 2946 1919 3002 ἀπὸ
1962 2946 2062 3018 τῆς

480 3038 867 3111 δημιουργίας,
918 3040 1041 3094 καθ’
1088 3040 1182 3106 ὃν,
1233 3059 1253 3093 ι
1287 3042 1369 3096 Τὰ
1404 3042 1584 3096 πάντα
1614 3040 1776 3095 δοῦλα
1816 3043 1918 3095 σά·
1975 3061 1994 3094 ι
2034 3043 2063 3095 δ

478 3134 591 3187 ἀπ’)
622 3133 718 3202 τῆς
764 3134 1020 3198 πίστεως,
1061 3134 1184 3188 καθ’
1223 3133 1282 3188 ὃν
1310 3133 1559 3205 εἴρηται·
1605 3154 1622 3186 ι
1664 3134 1785 3188 Ὅτι
1823 3132 2062 3204 ὑπηκού-

480 3243 614 3279 σατε
659 3228 740 3290 είς
771 3226 830 3280 ὃν
880 3227 1214 3300 παρεδόθητε
1264 3227 1435 3282 τύπον
1464 3228 1687 3298 διδαχῆς
1713 3244 1727 3259 ·
1758 3230 1787 3281 ὁ
1820 3228 1927 3281 ἀπὸ
1963 3228 2063 3297 τῆς

480 3319 780 3386 πολιτείας,
802 3321 922 3376 καθ’
947 3318 1005 3377 δν
1052 3322 1147 3377 καὶ
1176 3323 1382 3394 Μωσῆς
1411 3321 1670 3394 θεράπων
1701 3321 1861 3376 Θεοῦ.
1897 3321 2059 3374 Κατὰ

480 3414 692 3479 nivea;
707 3414 798 3470 οὖν
820 3415 1045 3481 τούτους
1071 3416 1200 3481 τοὺς
1223 3418 1479 3489 τρόπους,
1503 3416 1690 3481 δοῦλος
1721 3416 1748 3470 ὁ
1779 3416 2012 3478 Παῦλος.

562 3696 582 3730 ‹
630 3678 808 3748 Ἰησοῦ
852 3679 1113 3746 Χριστοῦ.
1152 3699 1173 3734 ι
1209 3681 1291 3735 Τὰ
1327 3682 1426 3753 τῆς
1471 3684 1786 3753 οἰκονομιας
1819 3683 2061 3754 ὀνόματα

479 3771 867 3843 προϐάλλεται,
894 3773 1001 3828 ἀπὸ
1026 3774 1135 3829 τῶν
1177 3774 1423 3829 κάτωθεν
1453 3775 1544 3829 ἐπὶ
1569 3774 1637 3831 τὰ
1687 3775 1802 3831 ἄνω
1834 3777 2062 3849 ἀνατρέ-

481 3881 616 3936 χων.
657 3865 766 3920 Καὶ
795 3866 906 3936 γὰρ
935 3867 1072 3937 μετὰ
1099 3866 1199 3939 τὴν
1229 3868 1530 3939 σάρκωσιν,
1567 3868 1779 3938 Ἰησοῦς
1809 3869 1903 3923 καὶ
1928 3872 2059 3941 Χριο

485 3955 633 4019 στός.
691 3956 950 4028 Ἐχρίσθη
989 3959 1119 4030 γὰρ,
1174 3958 1338 4029 ἐλαίῳ
1393 3959 1493 4029 μὲν
1550 3958 1826 4030 οὐδαμῶς,
1871 3961 1950 4031 τῷ
2005 3961 2060 4015 δὲ

482 4046 629 4117 ἁγίῳ
680 4049 997 4119 Πνεύματιο
1050 4051 1078 4104 δ
1143 4050 1235 4104 καὶ
1291 4051 1623 4122 κυριώτερον
1684 4053 1905 4117 πάντως
1964 4053 2131 4135 τοῦς

484 4141 693 4196 ἐλαίου.
727 4142 851 4196 Ὅτι
883 4142 940 4195 δὲ
970 4143 1064 4197 καὶ
1100 4143 1271 4214 χωρὶς
1295 4142 1390 4196 τοῦ
1441 4144 1624 4198 ἐλαίου
1669 4146 1851 4217 χρίσις
1885 4147 2056 4213 ἐστὶν,

485 4237 547 4289 ὲν
573 4236 718 4309 μόνῳ
745 4238 822 4307 τῷ
854 4236 1152 4309 Πνεύματι,
1184 4239 1416 4294 ἄκουσον
1443 4255 1457 4270 ·
1503 4257 1522 4291 t
1554 4241 1645 4311 Μὴ
1680 4239 1919 4294 ἅπτεσθε
1953 4239 2059 4295 τῶν

487 4331 727 4399 χριστῶν
754 4348 856 4401 μου
876 4345 892 4362 ο
918 4348 938 4383 ι
968 4332 1228 4403 περὶτῶν
1245 4332 1350 4403 πρὸ
1374 4331 1469 4386 τοῦ
1495 4333 1663 4404 νόμου
1694 4334 1803 4406 γὰρ
1831 4336 1859 4390 ὁ
1882 4334 2057 4403 λόγος,

484 4422 573 4475 ὅτε
601 4422 721 4476 οὐδὲ
748 4423 920 4495 ὄνομα
951 4424 1048 4494 τῆς
1080 4422 1178 4477 τοῦ
1212 4423 1393 4479 ἐλαίου
1428 4425 1662 4496 κρίσεως
1685 4422 1774 4499 ἦν.

561 4616 581 4649 ι
622 4598 855 4670 Κλητός.
893 4617 913 4650 ι
951 4600 1464 4674 Ταπεινοφροσύνης
1503 4604 1565 4657 τὸ
1599 4604 1782 4675 ῥῆμα·
1815 4606 2060 4662 δείκνυσι

484 4687 613 4759 γὰρ,
648 4690 729 4742 ὅτι
759 4690 859 4743 οὐκ
890 4690 1051 4756 αὐτὸς
1082 4692 1324 4764 ζητήσας
1340 4689 1521 4766 εὗρεν,
1548 4697 1921 4769 ἀλλὰςκληθεὶς
1950 4717 2060 4756 πα-

486 4776 770 4848 ρεγένετο.
1198 4794 1203 4799 ’

564 4887 585 4920 ι
630 4869 970 4937 Ἀπόστολος.
1002 4892 1021 4925 ι
1051 4873 1219 4928 Τοῦτο
1241 4875 1455 4929 τέθεικε
1483 4877 1619 4946 πρὸς
1656 4879 2062 4955 ἀντιδιαστολὴν

485 4959 595 5013 τῶν
617 4962 820 5033 ἐτέρων
854 4963 1088 5035 κλητῶν.
1134 4968 1245 5021 Καὶ
1286 4968 1488 5032 πάντες
1515 4969 1614 5040 μὲν
1638 4971 1744 5043 γὰρ
1776 4974 1825 5026 oi
1855 4977 2058 5042 πιστοὶ,

487 5052 709 5123 κλητοί·
742 5054 857 5109 ἀλλ’
890 5058 1087 5111 ἐκεῖνοι
1107 5057 1224 5128 μὲν,
1248 5060 1409 5132 μέχρι
1447 5060 1542 5114 τοῦ
1586 5064 1883 5121 πιστεῦσαι
1910 5083 1926 5099 ’
1951 5068 2064 5138 ἐγὼ

484 5141 563 5206 δὲ,
592 5145 744 5215 φησὶ,
775 5146 872 5200 καὶ
902 5142 1000 5218 τὴν
1023 5149 1330 5221 ἀποστολὴν
1361 5151 1755 5225 ὲνεχειρίσθην,
1792 5158 1858 5228 ἢν
1907 5158 2004 5212 καὶ
2034 5162 2063 5213 ὁ

485 5233 719 5303 Χριστὸς
766 5239 1168 5311 ἐγκεχείριστο,
1215 5242 1369 5313 παρὰ
1422 5242 1516 5298 τοῦ
1565 5245 1778 5318 Πατρὸς
1821 5247 2063 5304 ἀποσταο

486 5325 620 5388 Λείς.
1331 5335 1342 5357 ¹

2080 1366 2133 1427 Α

2632 1363 2685 1435 3
2719 1363 2945 1422 CAPUT
2993 1361 3287 1421 PRIMUM.

2224 1476 2396 1534 Vens.
2423 1477 2448 1532 1
2496 1496 2515 1530 ι
2541 1475 2761 1547 Paulus.
2802 1498 2820 1532 ι
2854 1477 3044 1551 Neque
3068 1480 3264 1548 Moses,
3291 1494 3466 1552 neque
3485 1480 3731 1552 plerique

2162 1567 2275 1633 alii,
2317 1565 2409 1638 qui
2445 1567 2595 1622 illum
2623 1576 2751 1624 sunt
2786 1570 3087 1637 subsecuti,
3136 1570 3245 1626 imo
3278 1587 3451 1641 neque
3495 1588 3733 1643 evange-

2161 1659 2299 1715 lista:
2332 1661 2548 1714 nomina
2579 1675 2674 1715 sua
2705 1661 2920 1731 scriptis
2946 1663 3062 1718 suis
3099 1675 3525 1733 praeposuerunt.
3566 1664 3736 1721 Divus

2162 1758 2338 1806 autem
2370 1751 2493 1818 iste,
2522 1751 2720 1822 ubique
2753 1752 3009 1823 Epistolis
3030 1754 3146 1809 suis
3170 1770 3363 1810 nomen
3396 1771 3554 1810 suum
3587 1772 3730 1825 prm-

2162 1845 2352 1912 ponit:
2396 1843 2539 1915 quod
2567 1843 2643 1898 illi
2689 1835 3013 1914 quidem'ad
3071 1856 3365 1917 praesentes
3397 1849 3736 1916 scribebant,

2163 1936 2251 1991 ltic
2283 1948 2409 1990 vero
2433 1952 2464 1991 e
2487 1935 2778 2007 longinquo
2801 1936 3011 1993 litteras
3028 1939 3292 2006 mittebat,
3325 1948 3378 1994 et
3403 1949 3460 1994 ut
3480 1956 3577 2010 par
3597 1952 3731 2009 erat,

2161 2024 2494 2083 cltaracteris
2525 2028 2828 2098 epistolaris
2855 2029 3022 2099 legem
3055 2031 3379 2101 complebat.
3406 2032 3464 2087 In
3496 2031 3737 2104 Epistola

2165 2126 2344 2169 tamen
2374 2115 2439 2169 ad
2480 2114 2745 2172 Hebraeos
2794 2116 2942 2173 istud
2991 2132 3096 2173 non
3139 2118 3284 2175 facit.
3310 2119 3445 2177 Nam
3476 2125 3736 2193 quoniam

2162 2206 2358 2263 infesto
2389 2208 2727 2279 er‘ga‘ips‘um
2778 2218 2936 2265 erant
2966 2211 3171 2279 animo,
3204 2227 3272 2267 ne
3316 2214 3521 2281 Statim,
3556 2216 3740 2272 audito
3821 2221 3827 2229 ’

2161 2300 2285 2370 ejus
2318 2301 2554 2363 nomine,
2597 2302 2842 2371 protinus
2875 2304 3166 2374 resilirent,
3203 2306 3344 2363 istud
3389 2304 3739 2379 iniprommio

2162 2391 2421 2447 occultat.
2463 2390 2630 2460 Cujus
2668 2403 2851 2448 autem
2878 2395 2956 2450 rei
2991 2397 3163 2467 gratia
3215 2412 3283 2454 ex
3322 2398 3493 2457 Saulo
3540 2399 3739 2457 Paulus

2162 2480 2339 2538 dictus
2366 2482 2491 2538 est?
2535 2482 2602 2539 Ut
2638 2498 2814 2553 neque
2872 2485 2927 2540 in
2958 2487 3080 2556 hoc,
3118 2489 3484 2559 apostolorum
3534 2492 3740 2546 antesi-

2161 2580 2362 2643 gnano,
2390 2574 2480 2643 qui
2507 2573 2733 2645 Cepbas
2758 2576 3059 2647 appellatus
3087 2589 3188 2647 est,
3216 2581 3358 2651 quod
3389 2585 3549 2650 valet,
3572 2583 3616 2638 si
3642 2582 3737 2638 iu-

2166 2668 2494 2737 terpreteris,
2540 2686 2562 2722 ι
2598 2668 2789 2724 Petrus
2827 2688 2878 2735 ι,
2935 2670 3117 2727 minor
3145 2684 3328 2730 esset:
3371 2684 3464 2731 aut
3496 2676 3620 2730 [iliis
3637 2676 3738 2731 Ze-

2163 2757 2351 2823 bedati,
2381 2759 2469 2828 qui
2492 2758 2829 2833 'Boanerges,
2859 2761 2912 2819 id
2947 2772 3052 2831 est,
3083 2781 3102 2817 ‹
3138 2763 3261 2821 Filii
3309 2767 3551 2833 tonitrui,
3591 2788 3609 2820 ι
3648 2785 3740 2824 co-

2163 2851 2469 2922 gnominati'
2496 2851 2665 2908 fuere.
3254 2878 3257 2879 ν

2240 2941 2518 3001 «‘Servus.
2562 2964 2582 2998 ι
2622 2945 2912 3002 Servitutis
2963 2947 3121 3005 multi
3175 2959 3302 3007 sunt
3363 2953 3528 3008 modi.
3585 2953 3739 3010 Alius

2163 3036 2378 3103 quidem
2400 3037 2467 3091 ab
2485 3036 2703 3106 opitlcio
2730 3048 2785 3094 et
2814 3041 3112 3107 creatione,
3142 3020 3435 3098 secundum
3468 3062 3631 3115 quem
3658 3048 3739 3102 di-

2162 3128 2302 3182 citur
2334 3145 2348 3182 :
2396 3146 2415 3180 ι
2450 3125 2642 3183 Omnia
2668 3129 2761 3185 tibi
2782 3132 3023 3186 serviunt
3053 3135 3125 3197 n‘;
3155 3151 3174 3187 ι
3202 3133 3340 3190 alius
3380 3149 3411 3189 a
3436 3137 3560 3202 nde,
3586 3137 3736 3205 juxta

2162 3236 2320 3293 quem
2350 3222 2667 3278 dictum'est
2700 3240 2715 3278 :
2764 3223 3089 3291 «Quoniam
3117 3226 3432 3294 obediistis,
3471 3228 3549 3284 in;
3575 3244 3735 3300 quam

2165 3314 2347 3369 traditi
2376 3314 2529 3382 estis,
2558 3313 2787 3370 formam
2825 3318 3083 3372 doctrinae
3116 3318 3169 3387 b;
3206 3337 3225 3371 ι
3251 3320 3450 3376 aliusa
3478 3321 3734 3377 vitaeJna

2162 3408 2409 3463 stitutor
2438 3421 2544 3476 quo
2570 3407 2730 3463 modo
2763 3406 2943 3465 Moses
2996 3408 3177 3467 dictus
3226 3421 3309 3467 est
3353 3410 3588 3469 famulus
3619 3412 3736 3469 Dei.

2164 3499 2397 3556 Proinde
2458 3499 2634 3556 modis
2687 3499 3084 3558 his-omnibus
3158 3501 3355 3558 Paulus
3428 3504 3740 3558 nominatur

2160 3605 2375 3648 servus.
2491 3593 2499 3619 τ
3004 3614 3007 3617 λ

2237 3700 2256 3733 ι
2288 3680 2417 3737 Jcsu
2445 3681 2665 3739 Cbristi.
2699 3702 2720 3738 ι
2748 3683 3093 3741 (Economia:
3113 3693 3171 3740 et
3193 3683 3615 3754 dispensationis
3639 3703 3737 3743 uo-

2165 3774 2306 3829 mina
2342 3778 2622 3846 prmponit,
2662 3778 2731 3832 ab
2757 3775 3103 3833 inferioribus
3134 3778 3203 3832 ad
3240 3779 3518 3846 superiora
3546 3794 3741 3836 recur-

2162 3880 2311 3922 rens.
2351 3866 2570 3923 IEtet-tim
2625 3877 2747 3936 post
2794 3868 3242 3937 incarnationem,
3269 3867 3446 3934 Iesus,
3482 3880 3536 3924 et
3578 3871 3739 3926 Chri-

2163 3965 2300 4019 stus,
2338 3959 2388 4012 id
2426 3968 2542 4027 est,
2572 3960 2798 4027 chtus,
2824 3959 2999 4016 dictus
3021 3969 3104 4016 est
3144 3970 3387 4017 :unctus
3429 3962 3592 4017 enitu’
3634 3976 3735 4028 esr,

2162 4048 2578 4120 haudquaquam
2612 4051 2762 4119 oleo,
2797 4054 2892 4108 sed
2921 4051 3123 4123 Spiritu
3152 4062 3361 4120 sancto,
3391 4053 3479 4124 qui
3502 4053 3620 4108 oleo
3658 4066 3742 4109 est

2162 4142 2382 4197 omnino
2406 4143 2711 4213 pretiosior.
2755 4145 2922 4200 Porro
2970 4145 3114 4216 quod
3158 4147 3343 4203 unctio
3394 4146 3560 4200 etiam
3620 4147 3740 4201 sine

2162 4230 2282 4287 oleo
2309 4233 2401 4298 sit,
2440 4249 2535 4304 per
2580 4234 2842 4305 Spiritum
2887 4235 3086 4302 solum,
3120 4235 3245 4291 audi
3283 4252 3298 4290 :
3342 4253 3360 4288 ι
3399 4233 3476 4290 Ne
3508 4236 3742 4308 tangatis

2165 4334 2356 4382 unctos
2387 4341 2536 4383 meos
2563 4339 2611 4384 ε.
2652 4347 2671 4381 ι
2707 4327 2860 4395 Quod
2888 4327 3133 4395 verbum,
3167 4327 3233 4384 de
3264 4326 3353 4393 iis,
3371 4326 3464 4398 qui
3500 4336 3629 4384 ante
3660 4328 3740 4382 le-

2163 4431 2283 4487 gem
2313 4416 2482 4483 fuere,
2515 4419 2885 4489 accipiendum
2921 4427 3026 4489 est,
3058 4434 3166 4491 quo
3196 4427 3440 4492 tempore
3471 4420 3741 4476 unctionis

2164 4523 2258 4577 per
2278 4510 2455 4564 oleum
2484 4526 2551 4566 ne
2579 4527 2768 4567 nomen
2794 4514 3009 4583 quidem
3032 4514 3289 4569 innotuit.

2239 4617 2259 4652 ι
2301 4597 2554 4656 Vocatus.
2592 4620 2613 4654 ι
2665 4603 2892 4659 llomilis
2925 4614 2980 4660 et
3008 4606 3238 4661 modesti
3269 4603 3437 4659 animi
3479 4603 3583 4661 boc
3615 4619 3737 4662 vcr-

2164 4690 2289 4745 bum
2322 4703 2426 4747 cst.
2458 4691 2662 4748 Iudicat
2692 4695 2836 4749 enim
2860 4696 3146 4765 quod-non
3172 4696 3291 4768 ipse
3317 4695 3621 4769 “quaerendo
3654 4695 3740 4752 iit--

2165 4784 2394 4851 venerit,
2423 4788 2518 4841 sed
2551 4796 2774 4842 vocatus
2796 4790 3106 4846 accesserit.
3210 4828 3213 4831 ν

2240 4895 2260 4931 ι
2304 4876 2621 4947 Apostolus.
2651 4899 2669 4932 ι
2706 4878 2820 4936 Hoc
2852 4882 3035 4950 posuit
3071 4884 3137 4939 ad
3179 4884 3408 4942 aliorum
3441 4882 3736 4941 discrimen

2164 4969 2254 5039 qui
2282 4973 2455 5026 vocati
2490 4961 2898 5030 sunt.'Etenim
2940 4973 3127 5032 ﬁdeles
3159 4992 3373 5049 omnes,
3413 4976 3595 5034 vocati
3638 4986 3740 5032 :at

2165 5062 2242 5117 illi
2267 5062 2333 5117 ad
2360 5064 3019 5124 credendum‘duntaxat:
3055 5067 3185 5124 Mihi
3209 5086 3357 5138 vero,
3385 5069 3585 5141 inquit,
3617 5076 3739 5124 mu-

2164 5151 2314 5207 neris
2350 5153 2631 5222 apostolici
2661 5153 2894 5221 functio,
2914 5171 3012 5214 seu
3046 5157 3249 5228 legatio
3289 5160 3580 5216 commissa
3612 5168 3696 5214 est
3720 5198 3736 5223 ,

2164 5257 2285 5313 quae
2308 5254 2363 5299 et
2385 5245 2621 5313 Christo,
2656 5262 2778 5302 cum
2806 5264 2839 5304 a
2874 5247 3035 5306 Patre
3068 5249 3397 5316 mitteretur,
3424 5250 3737 5311 concredita

2164 5344 2300 5392 crat.

570 5432 589 5466 ι
636 5416 1041 5490 Ἀφωρισμένος
1062 5419 1143 5484 είς
1160 5421 1490 5491 Εὐαγγέλιον
1509 5424 1665 5481 Θεοῦ.
1698 5445 1718 5479 ι
1742 5428 2054 5498 Τουτέστιν,

2242 5448 2265 5481 ι
2308 5430 2699 5504 Segregatusiu
2732 5434 3086 5507 Emugcuum
3130 5434 3247 5490 Dei.
3289 5453 3310 5487 ι
3347 5433 3459 5491 Hoc
3489 5444 3593 5502 est,
3638 5434 3742 5490 Sc-

497 5503 1052 5579 Ἀποκεκληρωμένος
1076 5512 1155 5575 είς
1173 5511 1268 5582 τὴν
1289 5515 1382 5568 τοῦ
1402 5516 1734 5587 Εὐαγγελίου
1760 5519 2056 5577 διακονίαν.

488 5599 599 5651 Καὶ
646 5597 821 5663 ἄλλως
871 5599 967 5668 δὲ,
1018 5601 1117 5668 τὸ,
1154 5622 1174 5654 ‹
1218 5604 1664 5679 Ἀφωρισμὲνος,
1701 5626 1720 5660 ι
1753 5610 1875 5665 ἀντὶ
1922 5613 2017 5667 τοῦ
2043 5656 2056 5682 ,

486 5687 903 5760 Προωρισμὲνος
927 5693 1006 5756 είς
1032 5692 1191 5748 τοῦτο
1211 5712 1223 5727 ·
1246 5694 1322 5760 ὡς
1346 5698 1440 5752 καὶ
1468 5698 1604 5770 πρὸς
1649 5698 1917 5772 Ἱερεμίαν
1951 5720 2025 5774 φη
2043 5725 2061 5732 -

557 5846 609 5883 ι’
630 5841 769 5899 Psal.
792 5848 1088 5914 cxvrtt,9l.
1165 5853 1194 5892 δ
1218 5851 1373 5909 Rom.
1397 5870 1466 5923 τι,
1496 5855 1580 5909 l7.
1659 5868 1681 5895 ο
1722 5856 1863 5913 Psal.
1908 5874 1958 5925 ς,
1989 5858 2083 5916 15.

2166 5520 2340 5577 lectus
2382 5524 2449 5579 ad
2492 5525 2766 5597 Evangelii
2810 5526 3196 5582 ministerium.
3245 5526 3417 5583 Aliter
3464 5537 3642 5583 autem
3690 5536 3743 5580 et

2173 5622 2192 5664 ι
2230 5614 2576 5685 Segregatus,
2608 5635 2629 5668 ι
2667 5632 2765 5687 pro
2809 5632 2895 5685 eo,
2925 5616 2980 5689 4
3018 5621 3165 5687 quod
3190 5625 3279 5673 est
3307 5616 3737 5673 Prmde'stinatus

2169 5704 2233 5759 ad
2270 5705 2394 5775 hoc,
2432 5708 2730 5778 accipitur;
2770 5718 2828 5765 ut
2855 5724 2977 5767 cum
3022 5710 3088 5767 ad
3120 5708 3412 5768 Jeremiam
3444 5708 3584 5766 Deus
3629 5707 3738 5761 ait:
