4056 6586
365 409 469 470 339

1282 422 1863 493 Tll‘EOPHYLACTI
1896 435 2310 500 BULGARIIE
2344 443 2388 500 A
2402 442 2553 505 RCII
2566 446 2713 507 IEP.

3500 456 3605 517 sto
3649 408 3655 412 ’

374 540 391 570 ι
427 522 742 593 [Nini-qnam
776 525 953 581 cx-Trcs
1001 542 1063 582 cx
1105 532 1328 587 matrice
1379 539 1706 593 sanctiﬁcavi
1755 552 1804 598 te
1831 548 1874 599 ιι.
1917 562 1934 596 ι

2047 549 2130 603 σὶν
2161 552 2188 603 6
2209 552 2339 617 Θεός
2363 569 2376 582 ·
2401 573 2419 605 ι
2455 555 2566 625 Πρὸ
2595 555 2688 609 τοῦ
2721 573 2779 609 σε
2803 555 3038 622 ἐξελθεῖν
3068 558 3134 614 ἐκ
3157 559 3391 632 μήτρας,
3417 558 3621 633 ἡγίακᾶ

359 613 664 678 Quinrtiatn
699 617 811 686 ipse
842 616 1038 675 Paulus
1067 622 1188 676 alibi
1219 626 1330 679 ait:
1366 647 1385 677 ι
1413 627 1638 695 Quando
1661 636 1829 689 visum
1857 647 1941 692 est

365 704 493 769 Deo,
525 709 613 775 qui
672 724 755 762 me
802 714 1105 780 segregavit
1134 730 1197 770 ex
1231 727 1384 773 utero
1433 725 1618 780 matris
1646 742 1777 784 mete
1804 738 1867 798 ,⁸.
1915 749 1934 783 ι

365 794 535 851 Porro
558 812 662 851 non
698 799 898 855 frustra
950 805 1103 872 dicit,
1138 827 1156 858 ι
1202 808 1436 867 Vocatus
1485 830 1629 883 sum,
1659 828 1713 874 et
1753 794 1937 890 segre-

362 893 518 951 gatus
547 885 599 939 in
659 887 1033 962 Evangelium.
1084 916 1102 948 ι
1145 898 1412 966 Quoniam
1444 921 1574 961 vero
1602 910 1650 962 ei
1686 912 1753 966 ad
1784 929 1938 969 arro-

358 985 547 1040 gantes
579 993 759 1035 sermo
776 992 912 1049 erat,
956 987 1102 1043 illum
1136 990 1237 1047 ﬁde
1262 994 1483 1063 dignum
1508 999 1693 1066 ellicit,
1722 1018 1820 1058 ceu
1853 1007 1936 1061 di-

356 1067 559 1124 vinitus
613 1073 862 1131 missum.
903 1077 1256 1150 Evangelinm
1312 1098 1492 1144 autem
1551 1094 1772 1159 dicitur,
1821 1114 1932 1154 non

357 1160 528 1214 solum
568 1173 789 1234 prepter
829 1169 966 1225 bona
1008 1172 1117 1243 jam
1156 1189 1394 1247 peracta,
1442 1198 1626 1240 verum
1649 1189 1813 1243 etiam
1863 1193 1933 1247 ob

354 1252 557 1308 futura.
610 1256 937 1316 Consolatur
992 1266 1213 1336 insuper
1252 1272 1551 1329 auditorem
1597 1278 1713 1347 ipso
1752 1283 1932 1337 statim

356 1346 630 1417 Evangelii
656 1353 892 1408 nomine.
928 1355 1044 1410 Non
1072 1361 1213 1414 enim
1252 1364 1425 1418 tristia
1454 1370 1721 1435 quaedam,
1751 1373 1934 1447 qualia

356 1439 738 1507 prophetarum
779 1447 1058 1511 vaticinia,
1087 1454 1180 1506 sed
1227 1454 1637 1516 innumerorum
1674 1439 1931 1520 bonorum

360 1529 640 1587 thesauros
673 1532 1022 1605 Evangelium
1051 1545 1451 1613 complectitur.
1492 1550 1713 1618 Deinde,
1748 1555 1932 1611 Evan-

353 1621 549 1689 gelium
580 1624 680 1679 hoc
739 1628 829 1684 Dei
861 1642 962 1699 est,
997 1634 1098 1689 hoc
1144 1647 1226 1691 cst
1262 1637 1458 1708 Patris,
1511 1653 1618 1696 tum
1663 1648 1803 1715 quod
1865 1649 1933 1704 ab

353 1716 471 1784 ipso
527 1718 778 1774 donatum
844 1724 934 1790 sit,
993 1736 1101 1780 tum
1135 1730 1276 1798 quod
1347 1732 1524 1802 ipsum
1582 1737 1929 1794 manifestum

351 1810 562 1865 reddat.
616 1811 727 1867 Etsi
772 1818 916 1871 enim
969 1820 1021 1874 in
1061 1820 1243 1879 Veteri
1295 1825 1643 1887 Testamento
1687 1816 1932 1905 cognitius

351 1907 491 1965 erat,
518 1902 647 1958 solis
678 1913 857 1962 tamen
892 1909 1091 1968 Judaais
1128 1926 1246 1971 erat
1288 1920 1567 1990 cognitus,
1610 1902 1785 1995 neque
1829 1926 1932 1983 illis

351 1994 508 2063 ipsis,
544 2005 599 2049 nt
619 1997 800 2056 Pater.
834 2001 1026 2060 Postea
1058 2022 1186 2065 vero
1216 2026 1311 2079 per
1341 1994 1931 2086 Evangeliumrevela-

257 2143 261 2147 _
353 2096 439 2140 tus
460 2098 544 2142 est
573 2090 828 2148 universo
870 2104 1138 2153 terrarum
1180 2102 1319 2170 orbi,
1352 2121 1456 2160 una
1478 2123 1599 2162 cum
1636 2107 1773 2167 Filio
1808 2127 1928 2168 suo.

424 2201 586 2261 Vens.
619 2205 675 2263 2.
705 2227 723 2260 ι
755 2209 905 2275 Quod
933 2220 1097 2269 antea
1150 2219 1472 2286 promiserat
1510 2238 1605 2293 per
1643 2227 1934 2296 prophetas
1961 2257 1963 2259 ι

352 2310 503 2351 suos.
541 2316 560 2349 ι
597 2297 731 2355 Cum
773 2309 1026 2372 tanquam
1059 2321 1271 2373 novam,
1303 2312 1736 2379 praedicationem
1786 2316 1929 2371 illam

353 2387 1121 2463 Evangeliicalumniarentur,
1155 2399 1489 2457 demonstrat
1520 2405 1620 2458 hoc
1644 2406 1819 2476 ipsum
1850 2407 1933 2462 vel

352 2482 555 2541 Griecis
586 2484 737 2557 (sive
766 2488 1341 2562 gentibus)antiquius
1366 2510 1505 2561 esse,
1537 2508 1593 2554 et
1620 2500 1674 2554 in
1700 2502 1932 2570 prophe-

353 2574 422 2629 tis
450 2573 560 2639 jam
611 2584 764 2631 antea
803 2582 1188 2650 perscriptum.
1236 2581 1502 2639 Praeterea
1533 2587 1708 2656 ipsum
1755 2590 1933 2646 Evan-

353 2664 480 2732 gelii
512 2666 836 2721 vocabulum
887 2669 940 2724 in
973 2670 1171 2727 Davide
1206 2672 1498 2741 invenitur,
1545 2677 1674 2733 dum
1726 2680 1930 2751 inquit:

360 2774 379 2806 ι
421 2756 681 2813 Dominus
709 2760 855 2817 dabit
882 2762 1101 2816 verbum
1148 2765 1679 2834 evangelizantibus,
1731 2772 1933 2828 virtute

355 2849 523 2903 multa
560 2846 604 2903 ί.
647 2870 664 2903 ι
715 2851 782 2907 Ει
834 2853 890 2912 in
936 2854 1124 2910 Isaia:
1181 2874 1199 2909 ι
1267 2860 1436 2927 Quam
1486 2864 1714 2933 speciosi
1768 2867 1932 2936 pedes

355 2941 841 3011 evangelizan‘tium
869 2960 1054 3015 pacem
1084 2948 1130 3001 ε.
1170 2968 1189 3001 ι
1459 2951 1467 2958 ’

435 3072 455 3102 ι
496 3054 554 3109 In
602 3055 898 3124 Scripturis
934 3061 1160 3115 sanctis.
1200 3083 1218 3116 ι
1257 3063 1374 3120 Non
1405 3067 1549 3124 enim
1599 3072 1761 3126 verba
1793 3074 1933 3128 dun-

358 3156 513 3202 taxat
541 3150 815 3219 prophetae
847 3151 1112 3220 fecerunt,
1148 3157 1239 3211 sed
1281 3168 1336 3213 et
1360 3159 1559 3231 litteris
1605 3166 1934 3222 mandarunt

2045 660 2126 698 σε.
2158 663 2177 696 ι
2212 646 2320 699 Καὶ
2353 648 2381 700 6
2410 647 2620 712 Παῦλος
2651 649 2708 702 δὲ
2747 650 2908 715 αὐτὸς
2931 651 3167 725 ἀλλαχοῦ
3200 671 3363 723 φησιν
3385 671 3400 686 °
3438 674 3458 708 ι
3490 658 3619 713 Ὅτε

2040 736 2331 810 εὐδόκησεν
2362 741 2390 792 6
2421 740 2573 806 Θεὸς,
2603 743 2631 795 6
2669 743 2933 815 itpopica;
2965 761 3033 816 με
3064 746 3129 798 ὲκ
3159 747 3374 811 κοιλίας
3414 753 3621 821 μητρός

2042 843 2165 897 μου.
2209 848 2228 881 ι
2263 830 2335 883 Ού
2370 831 2546 903 μάτην
2575 833 2632 886 δὲ
2658 833 2828 902 λέγει,
2863 834 2946 888 ὅτι
2982 854 3001 886 ι
3030 836 3243 907 Κλητός
3272 838 3386 906 εἰμι
3410 880 3424 903 ,
3470 859 3490 891 ι
3524 841 3622 893 καὶ

2038 920 2120 976 ὅτι
2156 940 2174 972 ι
2207 922 2617 995 Ἀφωρισμένος
2640 928 2718 989 εἰς
2734 926 2792 979 τὸ
2811 926 3164 996 Εὐαγγέλιον.
3196 946 3215 980 ι
3263 929 3402 983 Ἀλλ’
3433 932 3621 1001 ἐπειδὴ

2041 1013 2179 1084 πρὸς
2210 1016 2480 1081 ἀλαζόνας
2520 1013 2588 1090 ἦν
2616 1019 2642 1073 6
2673 1019 2831 1089 λόγος
2876 1020 3049 1093 αὐτῷ,
3091 1023 3408 1090 ἀξιόπιστον
3457 1024 3621 1078 αὑτὸν

2037 1110 2201 1175 ποιεῖ,
2251 1109 2328 1171 ὡς
2376 1111 2562 1165 θεόθεν
2611 1112 2760 1167 ὄντα.
2803 1114 3137 1183 Εὐαγγέλιον
3170 1115 3227 1169 δὲ
3268 1115 3510 1183 λέγεται,
3554 1118 3620 1170 οὐ

2035 1197 2123 1252 διὰ
2151 1200 2217 1253 τὰ
2252 1202 2522 1272 γενόμενα
2548 1202 2727 1271 ἀγαθὰ
2760 1204 2943 1273 μόνον,
2979 1205 3116 1258 ἀλλὰ
3149 1207 3244 1261 καὶ
3266 1205 3353 1259 διὰ
3388 1205 3457 1260 τὰ
3489 1206 3622 1276 μέλο

2037 1288 2216 1346 λοντα.
2255 1295 2670 1365 Παραμυθεϊται
2703 1297 2760 1350 δὲ
2795 1299 2889 1350 καὶ
2919 1297 3009 1351 τὸν
3032 1297 3308 1369 ἀκροατὴν
3346 1299 3508 1363 εὐθὺς
3531 1299 3620 1353 διὰ

2036 1387 2132 1440 τοῦ
2173 1387 2459 1457 ὀνόματος.
2501 1387 2579 1441 Οὐ
2634 1388 2743 1459 γὰρ
2774 1389 3073 1457 σκυθρωπά
3104 1407 3242 1451 τινα,
3271 1384 3358 1444 οἷα
3399 1393 3465 1445 τὰ
3506 1392 3621 1444 τῶν

2035 1479 2356 1549 προφητῶν,
2386 1479 2524 1532 ἀλλὰ
2579 1481 2789 1550 μυρίων
2820 1482 3039 1549 ἀγαθῶν
3082 1481 3387 1553 θησαυροὺς
3413 1482 3435 1514 ⁸
3463 1501 3610 1551 περις

2034 1573 2167 1641 ἔχει.
2206 1570 2279 1624 Τὸ
2326 1571 2381 1623 δὲ
2421 1571 2749 1640 Εὖαγγέλιον
2779 1572 2957 1636 τοῦτο,
2992 1574 3084 1626 τοῦ
3120 1573 3254 1627 Θεοῦ
3288 1577 3425 1640 ἐστι,
3457 1593 3616 1629 τουτο

2037 1666 2174 1729 ἐστι,
2197 1664 2291 1718 τοῦ
2313 1664 2547 1732 Πατρὸς,
2576 1667 2670 1717 καὶ
2699 1665 2772 1728 ὡς
2794 1665 3035 1736 δωρηθὲν
3060 1666 3188 1736 παρ’
3209 1665 3395 1732 αὐτοῦ,
3421 1667 3512 1720 καὶ
3541 1666 3621 1731 ὡς

2033 1759 2297 1829 γνωρίζον
2326 1758 2504 1812 αὐτόν.
2542 1760 2599 1812 Εἰ
2630 1760 2738 1829 γὰρ
2764 1760 2857 1813 καὶ
2885 1762 2941 1812 ὲν
2979 1763 3045 1831 τῇ
3090 1761 3309 1832 Halat;
3356 1761 3617 1829 ἔγνωστο,

2036 1851 2154 1907 ἀλλ’
2180 1853 2466 1917 Ἰουδαίοις
2499 1852 2686 1924 μόνοις
2715 1871 2727 1884 ·
2758 1854 2850 1907 καὶ
2880 1853 3003 1907 οὐδὲ
3022 1853 3253 1919 τούτοις,
3284 1854 3359 1918 ὡς
3390 1855 3580 1924 Πατήρ
3602 1872 3619 1883 σ

2037 1945 2262 2019 ὕστερον
2282 1947 2361 2011 δὲ,
2396 1948 2482 2001 διὰ
2528 1947 2622 2001 τοῦ
2669 1946 3008 2017 Εύαγγελεου
3049 1946 3390 2021 ἐξεκαλύφθη
3433 1949 3498 2017 τῇ
3540 1949 3614 1998 οἱ·

2037 2041 2277 2112 κουμένῃ
2308 2041 2479 2112 πάσῃ,
2520 2040 2657 2112 μετὰ
2686 2042 2779 2095 τοῦ
2813 2041 2966 2096 Υὶοῦ.

2112 2254 2131 2287 ι
2158 2235 2224 2286 '0
2252 2233 2726 2306 προεπηγγείλατο
2763 2234 2851 2290 διὰ
2877 2234 2987 2290 τῶν
3025 2236 3320 2308 προφητῶν
3354 2237 3545 2293 αὑτοῦ.
3590 2257 3611 2289 ι

2048 2328 2267 2397 Ἐπειδὴ
2297 2328 2374 2391 ὡς
2405 2327 2591 2382 καινὸν
2614 2327 2893 2381 διέϐαλλον
2924 2327 2986 2381 τὸ
3016 2329 3278 2399 κήρυγμα
3301 2370 3317 2393 ,
3343 2329 3619 2383 δείκνυσιν

2033 2420 2164 2474 αὐτὸ
2216 2420 2589 2492 πρεσϐύτερον
2626 2417 2685 2472 ὃν
2716 2421 2813 2474 καὶ
2855 2420 3145 2491 Ἑλλήνων,
3190 2421 3286 2475 καὶ
3318 2422 3375 2474 ὲν
3409 2424 3616 2491 προ(ρή⁸

2031 2526 2154 2573 ταις
2186 2508 2752 2579 προδιαγραφὸμενον·
2781 2509 2875 2562 καὶ
2918 2510 3107 2573 αὐτοῖς
3136 2509 3194 2563 δὲ
3226 2511 3457 2580 ῥήμασι,
3514 2507 3612 2563 τοῦ

2034 2601 2368 2669 Εύαγγελίου
2410 2601 2470 2653 τὸ
2519 2600 2690 2671 ὄνομα
2738 2600 3052 2671 εὑρίσκεται
3095 2603 3153 2653 ὲν
3191 2601 3375 2665 Δαυῖδ,
3407 2601 3482 2665 ὡς
3526 2603 3609 2667 τὸ,

2041 2713 2061 2748 ι
2097 2694 2303 2764 Κύριος
2329 2693 2489 2747 δώσει
2525 2695 2679 2763 ῥῆμα
2711 2696 2823 2756 τοῖς
2859 2692 3404 2764 εὐαγγελιζομένοις,
3454 2695 3611 2748 δυνά-

2037 2806 2130 2859 μει
2161 2789 2181 2819 “
2213 2787 2381 2858 πολλῇ
2411 2805 2423 2819 ο
2459 2806 2478 2839 ι
2516 2786 2612 2840 καὶ
2631 2788 2689 2841 ἐν
2726 2787 2942 2859 Ἡσαΐᾳ,
2978 2805 2999 2840 ι
3047 2787 3136 2851 Ὠς
3159 2786 3352 2859 ὡραῖοι
3378 2787 3426 2840 οἱ
3457 2786 3613 2850 πόδες

2032 2880 2141 2935 τῶν
2166 2878 2670 2950 εὐαγγελιζομένων
2698 2879 2957 2950 εἰρήνηνῑ
2994 2896 3014 2931 ι

2109 3090 2129 3124 ι
2175 3070 2264 3124 Ἑν
2297 3070 2537 3142 Γραφαῖς
2568 3069 2770 3138 ἁγίαις.
2808 3088 2827 3122 ι
2860 3070 2935 3123 Οὐ
2959 3067 3065 3141 γὰρ
3098 3069 3281 3138 ἔλεΥον
3313 3070 3362 3122 οἱ
3397 3068 3611 3139 πρθφῆ’

2037 3181 2123 3217 ται
2157 3163 2338 3233 μόνον,
2383 3161 2519 3215 ἀλλὰ
2567 3162 2660 3214 καὶ
2704 3161 2963 3233 ἔγραφον,
2999 3163 3092 3215 καὶ
3134 3161 3223 3215 διὰ
3273 3161 3615 3231 πραγμάτων

357 3255 476 3309 sua,
512 3256 574 3297 ac
607 3257 703 3313 per
758 3258 844 3299 res
876 3244 1170 3316 ﬁgurarunt
1201 3267 1215 3305 :
1263 3256 1715 3323 quemadmodum
1760 3260 1933 3314 Abra-

2039 3256 2268 3310 ὲτύπουν
2295 3270 2308 3283 ⁸
2340 3244 2414 3318 ὡς
2448 3253 2702 3325 Ἀϐραὰμ
2731 3254 2818 3307 διὰ
2846 3253 2939 3307 τοῦ
2957 3252 3168 3317 Ἰσαὰκ,
3199 3253 3295 3306 καὶ
3323 3252 3351 3304 ὁ
3374 3252 3611 3317 Μωῦσῆς

358 3333 484 3387 ham
518 3350 613 3404 per
655 3336 920 3404 lsaacum,
951 3351 1006 3396 et
1050 3340 1224 3399 Moses
1271 3361 1369 3415 per
1420 3359 1762 3418 serpentem,
1821 3369 1933 3407 ma-

357 3441 635 3495 nuumque
661 3432 1051 3495 exteusionem.
1090 3438 1324 3506 agnique
1372 3442 1776 3498 mactationem.
1810 3445 1935 3499 Ete-

360 3517 472 3571 nim
505 3532 624 3573 cnm
658 3521 825 3577 ardua
859 3524 1124 3595 quaepiam
1154 3528 1439 3585 moliturus
1469 3541 1551 3587 est
1584 3530 1745 3599 Deus,
1768 3535 1935 3589 multo

359 3609 551 3664 eadem
573 3620 698 3667 ante
720 3620 963 3685 tempore
978 3619 1308 3682 vaticinatur
1328 3636 1393 3677 ac
1420 3624 1683 3691 praedicit.
1708 3626 1935 3693 Quando

358 3713 492 3768 ergo
528 3700 770 3771 aitqnod
816 3720 831 3758 :
871 3721 890 3755 ι
925 3704 1073 3760 Multi
1121 3707 1405 3778 prophetae
1433 3712 1721 3780 cupierunt
1750 3711 1935 3766 videre

357 3806 480 3859 ηοω
515 3792 731 3863 videtis,
753 3808 809 3853 et
842 3814 947 3855 non
975 3802 1224 3856 viderunt
1248 3802 1277 3841 ιι
1308 3819 1319 3856 :
1351 3821 1375 3853 ι
1411 3801 1515 3858 hoc
1543 3801 1695 3869 dicit,
1718 3817 1931 3872 nempe,

359 3887 502 3952 quod
541 3903 757 3945 carnem
806 3889 953 3945 illam
996 3908 1150 3947 suam
1210 3908 1322 3948 non
1379 3894 1643 3961 viderint,
1694 3894 1937 3963 adeoque

360 3978 514 4045 signa
544 3979 679 4049 ipsa,
712 3998 829 4051 qua:
864 3985 1100 4053 ipsorum
1129 3986 1301 4041 oculis
1333 3985 1548 4041 fuerant
1596 3988 1861 4057 exposita.

436 4091 600 4150 Vens.
630 4097 685 4150 5.
726 4115 743 4149 ι
772 4096 845 4151 De
871 4098 1008 4153 Filio
1035 4114 1155 4166 suo,
1188 4102 1279 4169 qui
1327 4112 1487 4157 natus
1521 4110 1603 4156 est
1630 4116 1698 4157 ex
1732 4102 1938 4157 semine

364 4183 529 4239 David
567 4188 862 4243 secundum
902 4205 1145 4246 carnem.
1179 4211 1197 4245 ι
1230 4191 1328 4248 Hic
1363 4194 1651 4265 perspicue
1683 4193 1817 4248 duas
1849 4209 1938 4263 ge-

361 4279 670 4334 nerationes
698 4281 1008 4337 manifestat
1036 4302 1049 4337 :
1089 4300 1181 4354 per
1199 4285 1298 4339 hoc
1334 4286 1479 4341 enim
1512 4287 1653 4356 quod
1675 4288 1774 4349 ait,
1808 4305 1826 4338 ι
1862 4286 1936 4343 De

364 4368 501 4425 Filio
529 4370 665 4439 ejus.
700 4389 719 4423 ι
746 4373 849 4430 hoc
874 4383 957 4429 est
990 4374 1105 4442 Dei,
1147 4391 1436 4446 supernam
1477 4379 1879 4447 generationem
1915 4397 1928 4433 :

368 4478 464 4531 per
486 4462 587 4517 hoc
614 4472 792 4519 autem
828 4466 976 4535 quod
1001 4468 1244 4537 apponit,
1280 4486 1298 4520 ι
1337 4469 1413 4522 Ex
1449 4468 1656 4525 semine
1686 4469 1874 4536 David,
1909 4490 1931 4526 ι

364 4553 672 4610 inferiorem
707 4554 868 4612 hanc.
896 4558 1173 4628 Adjiciens
1204 4574 1388 4629 porro,
1415 4579 1434 4612 ι
1474 4560 1781 4617 Secundum
1815 4579 1935 4617 car-

2035 3348 2125 3412 διὸ⁸
2157 3346 2250 3400 τοῦ
2295 3346 2495 3415 ὄφεως,
2539 3347 2634 3398 καὶ
2665 3347 2763 3413 τῆς
2814 3345 2922 3400 τῶν
2952 3344 3152 3414 χειρῶν
3186 3345 3482 3408 ἐκτάσεως,
3518 3343 3613 3394 καὶ

2036 3440 2137 3509 τῆς
2166 3439 2258 3502 τοῦ
2284 3438 2456 3508 ἀμνοῦ
2488 3438 2724 3506 σφαγῆς.
2756 3437 2864 3491 Καὶ
2892 3436 3001 3507 γὰρ
3027 3436 3156 3490 ὃταν
3185 3436 3352 3507 μέλλῃ
3407 3432 3617 3504 μεγάλα

2032 3531 2153 3583 τινὰ
2179 3530 2607 3594 κατασκευάζειν
2634 3530 2654 3560 ⁷
2680 3530 2707 3581 6
2732 3527 2886 3592 Θεὸς,
2913 3526 3020 3599 πρὸ
3075 3526 3285 3580 πολλῶν
3327 3526 3464 3579 αὐτὰ
3486 3540 3621 3594 προ-

2032 3624 2308 3692 αναφωνεῖ
2331 3621 2556 3692 χρόνων.
2593 3621 2656 3674 Εἰ
2690 3618 2783 3673 οῦν
2809 3620 2831 3652 ⁸
2859 3621 2954 3673 καὶ
2984 3618 3167 3687 λέγει.
3223 3619 3306 3670 ὅτι
3347 3636 3365 3669 ι
3418 3614 3612 3668 Πολλοὶ

2035 3714 2310 3783 προφῆται
2372 3711 2724 3781 ἐπεθύμησαν
2789 3709 2918 3763 ἰδεῖν
2963 3708 3000 3764 ἃ
3060 3708 3324 3778 βλέπετε,
3378 3707 3475 3759 καὶ
3511 3705 3613 3757 οὐκ

2034 3804 2196 3871 εἶδον,
2225 3825 2242 3856 ι
2267 3803 2454 3875 Αὐτὴν
2476 3803 2573 3875 τὴν
2607 3802 2807 3873 σάρκα,
2839 3802 3023 3874 φησὶν,
3041 3802 3143 3856 οὐκ
3165 3796 3328 3864 εἶδον,
3353 3800 3446 3852 καὶ
3474 3796 3615 3852 αὐτὰ

2037 3895 2134 3950 ἐπὶ
2166 3895 2274 3949 τῶν
2307 3894 2481 3964 ὄψεων
2510 3894 2580 3947 τὰ
2612 3896 2835 3965 σημεῖα.

2112 4117 2131 4150 ι
2170 4098 2306 4168 Περὶ
2334 4097 2428 4151 τοῦ
2459 4098 2589 4152 Υἱοῦ
2619 4096 2787 4151 αὑτοῦ
2815 4095 2909 4149 τοῦ
2935 4094 3227 4164 γενομένου
3264 4092 3328 4145 ἐκ
3370 4091 3616 4160 σπὲρμσι-

2036 4206 2126 4251 τος
2178 4187 2342 4241 Δαυῖδ
2406 4189 2548 4242 κατᾶ
2616 4188 2814 4257 σάρκα.
2852 4206 2871 4240 ι
2907 4184 3171 4239 Ἐνταῦθα
3222 4181 3469 4251 φανερῶς
3517 4181 3615 4231 τὰς

2037 4283 2131 4337 δύο
2159 4283 2440 4351 γεννήσεις
2470 4280 2621 4351 δηλοῖ
2644 4298 2659 4313 υ
2698 4280 2755 4332 ἐν
2796 4279 2894 4348 μὲν
2934 4276 3011 4348 τῷ
3057 4277 3254 4338 εἰπεῖν,
3288 4292 3306 4324 ι
3344 4272 3477 4342 Περὶ
3522 4288 3616 4322 του

2041 4374 2171 4429 Υἱοῦ
2198 4373 2386 4437 αὐτοῦ,
2419 4391 2436 4423 ι
2472 4372 2717 4425 τουτέστι
2743 4370 2834 4423 τοῦ
2877 4368 3035 4431 Θεοῦ,
3061 4368 3161 4437 τὴν
3191 4367 3303 4419 ἄνω
3326 4363 3580 4432 γέννησιν
3600 4378 3615 4392 ·

2046 4469 2103 4520 ὲν
2132 4466 2190 4519 δὲ
2219 4464 2295 4535 τῷ
2328 4462 2666 4534 προσθεῖναι,
2699 4480 2717 4512 ι
2761 4461 2855 4513 Ἐκ
2901 4458 3212 4528 σπέρματος
3235 4455 3430 4517 Δαυῖδ,
3468 4473 3485 4505 ι
3519 4454 3619 4519 τὴν

2044 4558 2196 4611 κάτω
2220 4571 2233 4585 ·
2258 4553 2517 4625 προσθεὶς
2546 4552 2718 4605 δὲκαὶ
2743 4550 2825 4615 τὸ,
2865 4569 2883 4601 ι
2922 4549 3078 4602 Κατὰ
3119 4548 3320 4617 σάρκα,
3367 4565 3386 4597 ι
3419 4542 3619 4609 ἔδειξεν

362 4661 508 4710 ncm,
550 4664 569 4698 ι
607 4646 867 4703 indicavit
910 4651 1054 4721 quod
1102 4658 1156 4705 et
1187 4653 1483 4706 secundum
1523 4651 1771 4721 spiritum
1791 4652 1934 4719 ejus-

2041 4650 2122 4703 ὃτι
2151 4645 2293 4701 κατὰ
2313 4643 2528 4713 πνεῦμα
2557 4643 2810 4713 γέννησίς
2842 4643 2958 4695 ἔστι
2989 4639 3083 4693 τοῦ
3114 4637 3301 4692 αὐτοῦ.
3334 4637 3410 4690 Οὐ
3437 4635 3619 4688 τοίνυν

362 4739 485 4792 dem
546 4736 620 4792 sit
648 4739 945 4809 generatio.
982 4738 1245 4808 Quocirca
1284 4756 1389 4796 non
1414 4742 1478 4797 de
1509 4741 1651 4796 nudo
1699 4751 1752 4796 et
1804 4743 1936 4796 sim-

364 4830 487 4898 plici
520 4831 751 4901 homine
777 4832 1128 4904 Evangelium
1178 4834 1280 4890 hoc
1318 4844 1400 4889 (εει
1440 4851 1454 4887 :
1504 4848 1627 4887 nam
1683 4833 1748 4888 de
1801 4832 1937 4887 Filio

366 4921 456 4975 Dei
485 4929 567 4978 est
599 4939 612 4988 ;
648 4938 827 4992 neque
856 4923 923 4979 de
957 4925 1101 4980 nudo
1141 4930 1196 4980 et
1234 4924 1468 4995 simplici
1504 4923 1615 4979 Deo
1648 4943 1662 4980 :
1700 4941 1824 4978 nam
1865 4926 1936 4978 de

364 5020 493 5067 nato
521 5029 587 5068 ex
633 5015 841 5070 semine
890 5013 1108 5071 Davidis
1165 5014 1461 5070 secundum
1485 5029 1702 5069 carnem
1730 5030 1744 5078 ;
1778 5014 1848 5068 ita
1882 5024 1938 5066 ut

365 5107 503 5160 idem
531 5107 930 5178 situtrumque,
962 5122 1152 5177 nempe
1167 5116 1221 5163 et
1247 5105 1416 5161 Filius
1449 5107 1540 5162 Dei
1575 5116 1627 5161 et
1660 5106 1799 5161 ﬁlius
1834 5106 1935 5158 Da-

363 5198 523 5254 \-idis.
580 5200 635 5255 ln
694 5210 966 5270 posterum
1048 5202 1230 5271 itaque
1285 5199 1567 5256 Nestorius
1631 5199 1934 5255 erubescat.

364 5292 740 5349 Generationis
772 5304 949 5349 autem
980 5294 1117 5365 ejus,
1152 5309 1271 5363 ante
1302 5295 1353 5364 5
1391 5301 1474 5348 est
1505 5293 1794 5347 secundum
1821 5306 1942 5345 car-

369 5400 513 5448 nem,
541 5387 787 5441 meminit
827 5388 989 5443 etiam
1023 5387 1147 5455 iste,
1186 5388 1407 5457 perinde
1447 5399 1513 5441 ac
1550 5394 1658 5440 tres
1706 5397 1942 5451 evange-

434 5542 465 5585 ίι
528 5544 729 5604 Jerem.
765 5564 803 5606 ι.
842 5550 898 5617 5,
973 5560 997 5592 ο
1026 5548 1201 5605 Galat:
1258 5564 1294 5611 ι,
1341 5548 1429 5604 15.

2046 4742 2174 4810 περὶ
2205 4739 2363 4808 ψιλοῦ
2396 4735 2681 4806 ἀνθρώπου
2713 4734 2831 4786 ἐστὶ
2859 4731 2919 4785 τὸ
2945 4726 3483 4825 Εὑαγγέλιονιπερὲ
3510 4726 3619 4825 γαρ

2043 4832 2135 4886 τοῦ
2170 4830 2299 4884 Υἱοῦ
2324 4829 2421 4882 τοῦ
2451 4828 2587 4882 Θεοῦ
2610 4828 2787 4880 ἐστιν’
2810 4823 2924 4878 ἀλλ’
2954 4823 3076 4876 οὐδὲ
3108 4822 3237 4891 περὶ
3265 4818 3420 4889 ψιλοῦ
3449 4818 3581 4870 Θεοῦ
3603 4833 3617 4847 ·

2044 4918 2305 4989 περὶγὰρ
2348 4917 2442 4970 τοῦ
2465 4917 2756 4985 γενομένου
2798 4915 2863 4968 ὲκ
2904 4914 3217 4983 σπέρματος
3265 4908 3429 4962 Δαυῖδ
3475 4907 3621 4960 κατὰ

2050 5011 2252 5081 σάρκα,
2290 5010 2384 5063 τοῦ
2418 5009 2579 5064 αὐτοῦ
2626 5010 2781 5070 ὄντος
2826 5007 3134 5077 ἀμφότερα,
3183 5005 3276 5057 κα)⁸
3299 5001 3428 5054 Υἱοῦ
3461 4999 3621 5062 θεοῦ,

2050 5104 2143 5156 καὶ
2176 5102 2291 5155 υἱοῦ
2323 5103 2511 5156 Δαυῖδ.
2550 5101 2659 5155 Καὶ
2698 5099 2881 5154 λοιπὸν
2921 5096 3261 5167 αἰσχυνέσθω
3304 5093 3620 5162 Νεστόριος.

2049 5197 2160 5268 Τῆς
2192 5196 2248 5248 δὲ
2281 5197 2422 5249 κατὰ
2455 5195 2632 5266 σάρκα
2665 5194 2972 5264 γεννήσεως
3008 5190 3171 5244 αὑτοῦ
3209 5189 3482 5258 μέμνηται
3525 5186 3624 5235 καὶ

2050 5283 2229 5354 οὗτος,
2282 5289 2357 5351 ὡς
2414 5288 2509 5340 ml.
2569 5288 2619 5340 oi
2668 5289 2819 5356 τρεῖς
2858 5284 3276 5351 Εὐαγγελισταὶ,
3312 5279 3388 5342 ὡς
3420 5279 3485 5331 ἂν
3514 5275 3624 5329 ἀπὸ

2047 5381 2248 5452 ταύτης
2268 5382 2656 5453 χειραγωγήσῃ
2676 5379 2801 5442 τοὺς
2835 5375 3110 5449 ἀκροατὰς
3137 5376 3215 5438 εἰς
3243 5372 3337 5406 ⁵⁸⁸⁸
3362 5371 3462 5443 τὴν
3508 5366 3624 5420 ἄνω

1513 5545 1532 5584 ί
1569 5544 1710 5602 Psal.
1739 5560 1906 5610 exvu,
1943 5542 2030 5605 15.
2110 5546 2135 5584 Β
2161 5544 2378 5607 lsa.Ln,
2404 5541 2456 5594 7.
2531 5539 2767 5595 hMatth.
2792 5552 2908 5602 xm,
2944 5535 3031 5590 16.

1692 5704 1895 5768 Variae
1917 5701 2251 5766 lectiones.

445 5882 753 5955 ⁶θησανρὸν
782 5904 829 5941 σν.
911 5886 928 5916 δ
958 5884 1181 5953 εἰρήνην
1211 5901 1261 5938 ο.
1342 5886 1361 5914 ⁷
1406 5875 1944 5949 προκατασκευάζειν
1978 5890 2031 5930 0.
2109 5874 2127 5905 "
2161 5872 2287 5943 γοῦν
2319 5889 2366 5928 0.

2484 5870 2576 5906 9'“
2612 5867 2702 5924 ἐπὶ
2733 5883 2784 5925 0.
