4056 6674
528 425 632 490 341

1392 423 1793 485 ΕΧΡυςςὶΠο
1823 424 1899 482 1N
1960 424 2197 484 El'lST.
2240 423 2339 481 AD
2381 420 2561 481 ΗΘΜ.
2598 447 2657 455 -
2682 421 2841 484 CAP.
2874 419 2922 482 Ι.

3673 419 3782 483 342

525 541 804 609 γέννησιν.
836 536 946 589 Καὶ
978 534 1086 606 γὰρ
1109 534 1200 587 καὶ
1224 535 1383 599 αὐτὸς
1419 538 1445 588 ὁ
1476 534 1678 607 Κύριος
1703 534 1917 606 πρῶτον
1952 533 2105 605 ὤφθη

2217 532 2353 587 listm
2388 550 2400 586 :
2430 544 2482 586 ut
2520 534 2586 585 ab
2617 535 2716 589 hac
2751 533 3025 591 auditores
3070 532 3137 588 ad
3191 546 3478 602 supernam
3512 532 3654 588 illam
3691 551 3786 606 ge-

525 632 836 703 άνθρωπος,
873 622 992 682 εἶτα
1015 624 1263 697 ἐγνώσθη
1291 626 1443 690 Θεός.
1482 614 1491 621 ’

610 919 629 951 ι
669 898 777 952 Τοῦ
827 895 1137 968 ὁρισθέντος
1182 893 1313 948 Υἱοῦ
1375 892 1512 946 Θεοῦ
1562 895 1619 945 ὲν
1664 891 1915 961 δυνάμει,
1966 887 2107 942 κατᾶ

524 990 754 1062 Πνεῦμα
785 988 1103 1060 ἁγιωσύνης
1124 1028 1138 1053 ,
1173 986 1233 1052 ἐξ
1270 987 1621 1048 ἀναστάσεως
1654 982 1885 1053 νεκρῶν,
1933 980 2106 1050 Ἰησοῦ

522 1083 765 1157 Χριστοῦ
800 1083 894 1136 τοῦ
916 1081 1137 1152 ’Κυρίου
1171 1079 1349 1150 ἡμῶν.
1397 1098 1415 1124 ι
1454 1074 1621 1131 Εἶπεν
1652 1076 1890 1138 ἄνω,.ὃτι
1917 1093 1937 1126 ι
1978 1074 2108 1145 περὶ

523 1177 621 1231 τοῦ
661 1175 789 1230 Υῑοῦ
824 1174 989 1229 αὐτοῦ
1026 1193 1045 1227 ο
1083 1173 1283 1226 ἔστιτὸ
1316 1171 1667 1240 Εύαγγέλιον·
1703 1167 1798 1223 νῦν
1826 1165 1917 1223 οὖν
1940 1185 2111 1222 κατα-

526 1269 826 1334 σκευάζει¹,
875 1267 993 1331 πῶς
1021 1264 1266 1336 ἐγνώσθη
1299 1263 1425 1327 Tib;
1475 1263 1569 1318 τοῦ
1621 1261 1778 1327 Θεοῦ,
1811 1261 1906 1317 καί
1937 1278 2104 1330 φησι,

533 1381 550 1413 ι
590 1362 685 1416 τοῦ
721 1358 1050 1431 ὁρισθέντος,
1090 1378 1108 1410 ι
1142 1357 1441 1419 τουτέστιν,
1475 1355 1886 1426 ἀποδειχθέντος
1908 1355 1978 1419 ¹¹,
2011 1353 2100 1424 βε·

526 1450 1199 1521 6αιωθέντος,κριθέντος.
1239 1450 1406 1520 Ὄρος
1454 1450 1564 1518 γὰρ
1610 1448 1644 1517 ἡ
1689 1446 1903 1518 κρίσις,
1950 1446 2105 1515 καὶὴ

524 1548 731 1615 ψῆφος,
768 1546 863 1599 καὶ
893 1547 926 1616 ή
974 1544 1269 1611 ἀπόφασις.
1315 1543 1518 1616 Πάντες
1554 1541 1662 1611 γὰρ
1695 1540 1972 1610 ὡρίσαντο
2014 1542 2108 1595 καὶ

525 1614 866 1707 ἐψηφίσαντο
901 1614 1061 1689 αὐτὸν
1090 1631 1229 1688 εἶναι
1257 1614 1570 1688 ΥῐὸνΝΘεοῦ.
1598 1631 1804 1698 Πόθεν;
1834 1633 1923 1686 Ἐν
1950 1633 2106 1687 δυνά-

510 1750 648 1800 -μει,
670 1729 968 1792 τουτέστιν,
1001 1728 1108 1781 ἀπὸ
1130 1728 1231 1797 τῆς
1253 1727 1535 1795 δυνάμεως
1557 1725 1669 1779 τῶν
1704 1725 1947 1795 σημείων
1971 1718 2045 1780 ὧν
2063 1726 2105 1758 ¹¹

526 1823 724 1875 ἐποίει.
759 1820 921 1874 Ἀλλὰ
941 1821 1035 1874 καὶ
1095 1837 1115 1871 ι
1142 1818 1529 1889 κατὰΠνεῦμα
1547 1817 1877 1889 ἁγιωσύνης.
1907 1836 1926 1870 ι
1951 1834 2107 1871 τουτ-

2170 632 2179 655 ί
2213 623 2548 681 nerationem
2607 627 2761 695 quasi
2816 641 2979 680 manu
3037 625 3218 681 ducat.
3272 624 3550 695 Siquidem
3580 635 3636 680 et
3668 626 3783 693 ipse

2213 716 2471 770 Dominus
2494 717 2725 785 primum
2773 717 2920 773 visus
2947 728 3031 773 cst
3066 717 3248 782 homo,
3283 716 3479 772 deinde
3535 717 3786 788 cognitus

2210 815 2291 858 est
2319 806 2476 859 Deus.
2782 827 2786 831 θ

2283 897 2446 953 Vens.
2482 898 2536 952 ἀι
2571 918 2590 951 ι
2628 898 2729 964 Qui
2771 897 3021 953 deﬁnitus
3049 908 3132 953 est
3162 897 3329 959 Filius
3362 898 3452 953 Dei
3496 896 3547 952 in
3575 898 3785 956 .virtute

2211 992 2502 1047 secundum
2527 991 2786 1061 Spiritum
2809 990 3274 1057 sanctiﬁcationis,
3296 1007 3362 1048 ex
3384 991 3784 1055 resurrectione

2212 1094 2577 1151 mortuorum,
2606 1082 2749 1140 .Jesu
2798 1084 2997 1140 Christi
3051 1085 3256 1138 Domini
3305 1085 3496 1141 nostri.
3532 1102 3550 1135 ι
3606 1084 3782 1153 Supra

2211 1176 2364 1240 dixit,
2392 1175 2739 1246 Evangelium
2768 1190 2889 1230 esse
2913 1192 2933 1226 ι
2962 1174 3031 1231 de
3061 1175 3198 1229 Filio
3219 1191 3318 1231 suo
3347 1195 3361 1228 :
3402 1194 3425 1227 ι
3452 1176 3785 1247 ιιιιιιοείεἱιυι·

2212 1268 2429 1334 astruit,
2461 1283 2695 1337 quanam
2727 1269 2936 1324 ratione
2967 1268 3215 1340 cognitus
3243 1269 3316 1325 sit
3347 1266 3514 1325 Filius
3547 1268 3636 1323 Dei
3658 1268 3785 1334 ,.iu-

2209 1360 2429 1426 quiens,
2467 1376 2485 1410 ι
2527 1358 2803 1424 deﬁnitus,
2846 1378 2871 1411 ι
2903 1360 3006 1414 hoc
3043 1370 3156 1426 eat,
3190 1361 3608 1423 demonstratus,
3646 1373 3783 1415 con-

2210 1448 2478 1514 ﬁrmatus,
2498 1448 2796 1518 judicatus.
2822 1448 3072 1506 Delinitio
3092 1451 3236 1506 enim
3264 1463 3345 1506 ρει
3367 1451 3479 1520 ipsa
3499 1449 3782 1517 iudicatio,

2208 1541 2520 1612 suffragium
2569 1558 2663 1597 seu
2701 1543 2945 1600 calculus
2990 1555 3046 1599 et
3081 1546 3371 1599 sententia.
3428 1542 3562 1596 Nam
3604 1545 3782 1598 cuncti

2209 1634 2534 1690 deﬁnierunt
2575 1634 2999 1705 judicaruutque
3046 1639 3219 1705 ipsum
3269 1651 3387 1701 esse
3415 1635 3614 1691 Filium
3665 1635 3784 1691 Dei.

2213 1726 2527 1783 Undenam?
2579 1748 2598 1781 ι
2650 1728 2708 1783 lu
2740 1730 2958 1794 virtute,
2992 1748 3010 1781 ι
3051 1730 3155 1784 hoc
3184 1738 3299 1794 est,
3346 1744 3409 1783 ex
3446 1728 3680 1798 potentia
3732 1736 3789 1783 et

2209 1817 2447 1876 eﬁicacia
2480 1821 2757 1890 signorum
2780 1836 2901 1891 quas
2932 1821 3181 1877 faciebat.
3217 1821 3478 1877 Pncterea
3540 1839 3561 1873 ι
3595 1835 3787 1877 secun-

527 1916 700 1977 ἐστιν,
718 1915 781 1967 ὲκ
805 1912 900 1966 τοῦ
927 1912 1265 1982 Πνεύματος,
1284 1911 1353 1963 δι’
1383 1906 1443 1965 οῦ
1457 1911 1651 1981 ἠγίαζε
1669 1913 1795 1973 τοὺς
1825 1911 2105 1964 πιστεύον-

2213 1911 2340 1984 dum
2375 1910 2636 1981 Spiritum
2665 1915 3133 1980 sanctiﬁcationis,
3175 1933 3192 1965 ι
3227 1917 3328 1969 hoc
3359 1924 3460 1979 εει,
3492 1928 3559 1969 ex
3581 1912 3785 1983 Spiritu

527 2026 629 2071 τας
647 2024 659 2037 ⁸
692 2006 825 2061 Θεοῦ
857 2008 966 2078 γὰρ
993 2007 1053 2059 τὸ
1081 2006 1303 2060 τοιαῦτα
1329 2002 1671 2075 χαρίζεσθαι.
1693 2004 1853 2057 Ἀλλὰ
1884 2005 1979 2057 καὶ
2005 2023 2024 2055 ι
2047 2003 2106 2069 tg

528 2100 876 2162 ἀναστάσεως
907 2099 1142 2170 νεκρῶν·
1173 2116 1192 2151 ι
1219 2097 1433 2167 πρῶτος
1475 2096 1583 2168 γὰρ
1606 2090 1790 2161 οὗτος,
1810 2098 1905 2151 καὶ
1924 2099 2104 2167 μόνος,

532 2194 730 2248 ἑαυτὸν
757 2195 970 2264 ἦγειρε.
1013 2194 1119 2245 Καὶ
1151 2192 1215 2244 ὲκ
1251 2191 1349 2259 τῆς
1376 2191 1727 2251 ἀναστάσεως
1759 2186 1851 2243 οὖν
1897 2190 2106 2262 ὡρίσθη

530 2289 626 2342 καὶ
665 2287 955 2356 ἀπεφάνθη
1001 2286 1128 2347 Υἱὸς
1161 2283 1328 2338 Θεοῦ·
1374 2284 1517 2353 μέγα
1546 2284 1655 2354 γὰρ
1686 2284 1780 2335 καὶ
1820 2283 2000 2348 τοῦτο,
2031 2285 2107 2348 ὡς

532 2384 627 2435 καί
658 2380 821 2444 αὐτὸς
849 2380 1034 2448 λέγει·
1072 2397 1091 2432 ι
1133 2379 1304 2431 Ὅταν
1333 2376 1588 2448 ὑψώσητέ
1622 2394 1689 2448 με
1725 2377 1831 2429 ἀπὸ
1858 2377 1958 2447 τῆς
1979 2377 2107 2446 γῆς,

531 2475 653 2527 τότε
685 2471 981 2540 γνώσεσθε,
1011 2472 1091 2526 ὅτι
1122 2470 1232 2540 ἐγώ
1259 2472 1396 2541 εἰμι.
1429 2490 1447 2521 ι

614 2671 629 2702 ι
670 2648 748 2702 Δι’
780 2642 841 2703 οὗ
872 2648 1139 2717 ἐλάϐομεν
1179 2647 1338 2719 χάριν
1393 2647 1488 2700 καὶ
1552 2646 1856 2717 ἀποστολὴν
1894 2647 1973 2711 εἰς
2007 2647 2111 2701 ὑπ-

531 2743 703 2812 ακοὴν
729 2741 1018 2802 πίστεως.»
1069 2740 1207 2811 Ὅρα
1236 2739 1675 2812 εὐγνωμοσύνην.
1702 2740 1890 2805 Ούδὲν,
1922 2739 2108 2809 φησιν,

533 2834 826 2903 ἡμέτερον,
860 2834 993 2886 ἀλλὰ
1023 2833 1202 2886 πάντα
1225 2830 1493 2902 ἐλάϐομεν
1517 2832 1606 2885 διὰ
1629 2832 1724 2886 τοῦ
1759 2831 1886 2885 Υὶοῦ
1907 2832 1971 2887 ¹³.
2002 2833 2111 2885 Καὶ

536 2927 643 2997 μὴν
672 2925 760 2978 διὰ
803 2925 897 2978 τοῦ
936 2925 1257 2995 Πνεύματος
1301 2925 1494 2980 ἔλαϐον
1521 2929 1621 2996 τὴν
1666 2926 1975 2997 ἀποστολὴν
2018 2927 2114 2981 καὶ

545 3020 645 3090 τὴν
666 3020 845 3090 χάριν.
888 3037 906 3069 ι
950 3020 1187 3081 Ἐκεῖνος
1216 3022 1346 3089 γὰρ,
1376 3020 1559 3090 φησιν,
1594 3020 1850 3090 ὁδηγήσει
1874 3019 2045 3088 ὑμᾶς·
2089 3036 2107 3070 ι

534 3113 632 3164 καὶ
665 3113 726 3165 τὸ
755 3110 980 3182 Πνεῦμά
1012 3128 1196 3182 φησιν,
1233 3131 1249 3162 ι
1286 3111 1611 3181 ’Λφορίσατέ
1654 3128 1744 3181 μοι
1779 3112 1870 3165 τὸν
1903 3110 2113 3165 Παῦλον

537 3207 633 3258 καὶ
665 3206 754 3258 τὸν
808 3204 1124 3276 Βαρνάϐαν·
1175 3203 1290 3269 καὶ,
1329 3223 1347 3255 ι
1394 3203 1493 3256 Διὰ
1539 3203 1631 3257 τοῦ
1686 3203 2002 3275 [Ινεύματος
2044 3204 2114 3257 δί·

535 3297 687 3349 δοται
717 3297 873 3365 λόγος
916 3296 1128 3365 σοφίας.
1166 3315 1184 3348 ι
1219 3298 1328 3350 Καὶ
1355 3296 1408 3348 τί
1442 3295 1629 3361 τοῦτο;
1667 3296 1748 3349 Τὰ
1795 3295 1888 3349 τοῦ
1940 3295 2112 3350 Πνεύ-

540 3405 731 3458 ματος,
779 3388 873 3443 τοῦ
909 3390 1040 3443 Υἱοῦ
1086 3390 1223 3455 εισι,
1260 3389 1355 3442 καὶ
1381 3388 1441 3441 τ’)
1466 3389 1726 3457 ἔμπαλιν.
1770 3407 1788 3440 ι
1828 3389 2000 3461 Χάριν
2027 3387 2107 3453 δὲ,

537 3482 1004 3552 φησίν,ὲλάϐομεν
1033 3484 1128 3537 καὶ
1161 3482 1486 3554 ἀποστολὴν,
1515 3501 1532 3534 ι
1563 3483 1995 3549 τουτέστιν,ούκ
2012 3482 2113 3534 αύ-

536 3575 623 3625 τοὶ
653 3573 1096 3645 κατωρθώσαμεν
1139 3575 1200 3628 τὸ
1230 3575 1485 3643 γενέσθαι
1530 3576 1853 3641 ἀπόστολοι,
1885 3575 2000 3628 ἀλλ’
2048 3577 2113 3630 ἐκ

537 3664 638 3731 τῆς
687 3664 895 3719 ἄνωθεν
943 3666 1163 3737 χάριτος
1212 3665 1391 3720 τοῦτο.
1430 3667 1590 3720 Ἀλλά
1644 3650 1738 3721 καὶ
1782 3669 1843 3721 τὸ
1880 3668 2110 3735 πείθειν,

538 3753 638 3823 τῆς
666 3755 887 3827 χάριτος
909 3773 923 3787 ·
967 3758 1036 3831 τὸ⁴
1075 3757 1174 3827 μὲν
1207 3759 1316 3828 γὰρ
1348 3760 1621 3829 περιιέναι
1658 3760 1752 3813 καὶ
1797 3761 2110 3831 κηρύττειν,

539 3845 648 3900 τῶν
682 3847 994 3902 ἀποστόλων
1017 3866 1031 3880 ·
1060 3850 1122 3903 τὸ
1150 3850 1206 3904 δὲ
1233 3849 1442 3904 πείθειν
1473 3851 1598 3915 τοὺς
1629 3852 1948 3916 ἀκούοντας,
1992 3853 2113 3906 ὅλον

538 3937 632 3989 τοῦ
672 3937 833 3991 Θεοῦ.
866 3957 885 3990 ι
929 3940 1019 4003 Εἰς
1059 3941 1306 4010 ὑπακοὴν
1339 3942 1598 4004 πίστεως.
1652 3962 1671 3995 ι
1710 3944 1822 3995 Οὐκ
1854 3944 1934 4007 εἰς
1965 3945 2116 4012 λογο-

545 4031 744 4100 μαχίις
779 4032 872 4087 καὶ
902 4032 1182 4103 ζητήσεις,
1232 4035 1265 4104 ἢ
1296 4036 1667 4099 κατασκευὰς,
1699 4036 2111 4107 ἀπεστάλημεν,

543 4125 724 4194 φησὶν,
754 4125 866 4178 ἀλλ’
893 4128 971 4188 εἰς
1002 4125 1248 4197 ὑπακοὴν
1280 4128 1519 4190 πίστεως
1541 4145 1556 4159 ·
1592 4128 1701 4193 ἵνα,
1735 4129 1924 4200 φησιν,
1958 4130 2008 4182 οἱ
2037 4130 2116 4183 δι-

539 4214 872 4287 δασκομενοιν
895 4217 1264 4284 ὑπακούωσιν,
1280 4221 1704 4291 υὰναντιρρήτως
1739 4222 2112 4285 πιστεύοντες.

622 4497 640 4530 ι
677 4480 767 4533 Ἐν
786 4482 919 4535 πᾶσι
943 4485 1050 4546 τοῖς
1074 4483 1281 4536 ἔθνεσιν
1309 4485 1447 4555 ὑπὲρ
1469 4486 1562 4539 τοῦ
1585 4488 1846 4557 ὀνόματος
1867 4491 2054 4546 αὑτοῦ.
2088 4510 2109 4543 ι
2174 4530 2177 4531 ν

2210 2017 2310 2071 per
2347 2017 2506 2073 quem
2559 2003 2940 2059 sanctiﬁcabat
2986 2005 3287 2059 credentes.
3341 2005 3431 2059 Dei
3473 2004 3616 2060 enim
3667 2011 3784 2066 est,

2209 2094 2415 2149 donare
2447 2095 2595 2148 talia.
2622 2095 2932 2162 Quinetiam
2962 2114 2983 2148 ι
3020 2111 3084 2150 ex
3119 2097 3515 2152 resurrectione
3541 2104 3788 2151 mortuo-

2212 2202 2332 2240 rum
2367 2206 2381 2242 :
2424 2206 2445 2239 ι
2476 2203 2601 2242 nam
2631 2189 2841 2257 primus
2871 2188 2984 2253 ille,
3013 2198 3067 2241 et
3093 2189 3261 2254 solus,
3286 2204 3346 2244 se
3375 2188 3489 2257 ipse
3507 2185 3783 2251 excitavit.

2212 2280 2401 2349 Itaque
2426 2294 2491 2334 ex
2525 2281 2926 2336 resurrectione
2972 2281 3227 2337 deﬁnitus
3258 2291 3341 2335 est
3387 2295 3451 2335 ac
3480 2279 3787 2341 declaratus

2210 2371 2381 2427 Filius
2411 2372 2527 2426 Dei.
2565 2374 2819 2444 Magnum
2848 2375 2993 2427 enim
3025 2384 3081 2429 et
3107 2373 3210 2429 hoc
3231 2382 3332 2437 est.
3369 2371 3592 2442 perinde
3621 2381 3787 2439 atque

2211 2468 2327 2535 ipse
2373 2467 2495 2522 ait:
2552 2486 2571 2519 ι
2627 2468 2760 2522 Cum
2812 2467 3180 2522 exaltaveritis
3214 2483 3303 2521 me
3351 2482 3383 2520 a
3436 2476 3613 2530 terra,
3672 2476 3784 2521 tum

2212 2559 2547 2629 cognoscetis
2572 2560 2714 2629 quod
2744 2574 2842 2628 ego
2865 2576 2983 2615 sum
3012 2562 3054 2613 ί.
3096 2579 3112 2610 ι
3566 2608 3569 2615 .

2290 2648 2449 2706 Vens.
2485 2650 2539 2706 5.
2574 2669 2594 2702 ι
2633 2651 2737 2707 Per
2765 2667 2922 2720 quem
2956 2653 3262 2717 accepimus
3300 2651 3526 2720 gratiam
3557 2659 3625 2709 et.
3654 2664 3788 2718 apo-

2213 2742 2467 2796 stolatum
2506 2743 2575 2797 ad
2620 2743 2975 2798 ohediendnm
3030 2744 3175 2798 ﬁdei.
3228 2762 3246 2797 ι
3300 2743 3432 2800 Vide
3468 2742 3783 2801 modestiam

2211 2844 2267 2889 et
2302 2836 2466 2889 animi
2502 2835 2791 2895 candorem
2828 2854 2844 2891 :
2888 2835 3077 2901 Nihil,
3118 2836 3323 2905 inquit,
3360 2843 3604 2891 nostrum
3628 2834 3784 2899 ,lseal

2213 2926 2395 2980 omnia
2433 2942 2530 2997 per
2579 2927 2772 2982 Filium
2810 2930 3140 2998 accepimus.
3186 2929 3351 2998 Atqui
3401 2944 3495 2998 per
3526 2926 3785 3001 Spiritum

2216 3035 2477 3092 accepere
2507 3021 2866 3091 apostolatum
2891 3032 2945 3076 ct
2965 3024 3248 3091 gratiam.t
3278 3022 3369 3077 Ille
3392 3024 3563 3085 ettitn,
3592 3022 3784 3090 inquit,

2217 3115 2432 3169 docebit
2463 3128 2559 3168 vos
2587 3112 2635 3168 i.
2674 3133 2692 3165 ι
2735 3114 2801 3168 Et
2828 3113 3061 3183 Spiritus
3090 3115 3164 3169 ait
3208 3127 3223 3172 :
3259 3134 3277 3165 ι
3320 3114 3623 3183 εοςτεςέιιο,
3657 3112 3785 3167 tnihi

2220 3204 2441 3258 Paulum
2473 3214 2527 3259 et
2551 3203 2850 3258 Barnabam
2874 3202 2934 3270 k;
2969 3224 2987 3256 ι
3025 3221 3107 3270 ac,
3145 3222 3167 3258 ι
3211 3204 3315 3260 Per
3342 3201 3601 3275 Spiritum
3631 3203 3791 3259 datur

2218 3309 2395 3349 sermo
2413 3293 2691 3365 sapientia:
2714 3292 2756 3350 ι.
2792 3313 2809 3344 ι
2839 3294 3042 3364 Ecquid
3068 3294 3204 3349 hoc?
3227 3296 3356 3360 Quae
3382 3293 3619 3360 Spiritus
3639 3300 3786 3353 sunt.

2216 3385 2336 3440 Filii
2372 3387 2571 3455 pariter
2599 3395 2752 3450 sunt,
2781 3394 2834 3441 et
2868 3398 3076 3442 contra.
3111 3386 3388 3440 ¢Gratiam
3414 3404 3434 3437 ρ
3473 3393 3672 3443 autem,
3705 3384 3788 3434 in-

2217 3476 2352 3546 quit,
2388 3493 2407 3525 ι
2448 3475 2758 3545 accepimus
2788 3486 2841 3530 et
2875 3475 3263 3543 apostolatum,
3316 3491 3336 3524 ι
3374 3472 3475 3527 hoc
3500 3480 3612 3535 est,
3662 3468 3783 3523 Non

2218 3569 2316 3637 ipsi
2351 3566 2549 3623 virtute
2600 3576 2814 3635 nostra,
2864 3577 2920 3621 ut
2953 3566 3181 3635 apostoli
3210 3563 3562 3629 edicerentur,
3616 3561 3790 3632 ἱιιιροη

2220 3661 2509 3726 travimtts,
2563 3661 2658 3715 sed
2721 3661 2821 3714 hoc
2894 3674 2921 3713 a
2999 3672 3231 3728 superna
3310 3656 3505 3723 gratia.
3571 3654 3681 3708 ltuo
3738 3664 3792 3709 et

2218 3751 2568 3822 persuadere,
2602 3750 2791 3821 gratiae
2821 3758 2924 3804 est.
2957 3748 3199 3803 Circuire
3224 3747 3369 3801 enim
3394 3753 3443 3799 et
3473 3744 3787 3815 praedicare,

2216 3841 2586 3912 apostolorum
2620 3856 2815 3896 munus
2840 3849 2923 3896 est
2953 3859 2967 3894 :
3000 3841 3333 3910 persuadere
3368 3854 3497 3895 vero
3528 3839 3791 3894 auditori-

2218 3932 2353 3998 bus,
2379 3940 2556 3987 totum
2605 3942 2689 3987 est
2717 3930 2831 3986 Dei.
2873 3948 2892 3982 ι
2931 3932 3009 3986 Ad
3052 3930 3407 3987 obedientium
3438 3928 3583 3985 ﬁdei.
3619 3949 3639 3981 ι
3673 3927 3787 3985 Non

2178 4070 2183 4077 .
2222 4024 2290 4079 ad
2322 4026 2536 4078 inanem
2581 4024 2865 4079 verborum
2898 4039 3152 4094 pugnam,
3191 4039 3297 4077 non
3342 4024 3408 4079 ad
3441 4022 3790 4093 quaestiones,

2221 4126 2314 4169 aut
2347 4116 2415 4170 ad
2440 4115 2787 4171 artiﬁciosam
2827 4116 3095 4171 orationis
3143 4125 3472 4171 structuram
3501 4114 3648 4170 missi
3697 4128 3789 4167 Su—

2223 4222 2363 4273 mus,
2389 4207 2598 4277 inquit;
2624 4222 2810 4262 verum
2841 4225 2860 4259 ι
2902 4207 2968 4261 ad
2990 4207 3348 4262 obedientium
3379 4207 3523 4272 ﬁdei,
3561 4226 3580 4259 ι
3621 4206 3792 4276 utqui

2176 4336 2183 4339 -
2222 4301 2453 4356 instituti
2485 4299 2705 4366 fuerint,
2736 4299 3014 4357 credentes
3034 4338 3052 4367 ,
3084 4300 3290 4370 inquit,
3322 4299 3462 4355 citra
3515 4298 3792 4354 contradi-

2217 4393 2451 4449 etionem
2472 4392 2743 4449 obediant.
3462 4430 3465 4433 ν
3724 4432 3729 4461 ;

2297 4502 2315 4535 ι
2351 4482 2406 4537 In
2430 4483 2679 4540 omnibus
2700 4483 2974 4555 gentibus,
2995 4500 3093 4555 pro
3114 4485 3332 4540 nomine
3360 4485 3494 4556 ejus.
3537 4505 3558 4538 ι
3581 4515 3648 4527 --
3680 4504 3698 4539 ι
3739 4485 3793 4539 In

542 4601 614 4612 ——
646 4588 664 4622 ι
695 4571 782 4624 Ἐν
836 4574 969 4625 πᾶσι
996 4573 1052 4626 δὲ
1073 4576 1184 4636 τοῖς
1211 4574 1418 4628 ἔθνεσιν
1454 4594 1472 4627 ι
1513 4576 1778 4648 ἐλάϐομεν
1803 4581 1981 4650 χάριν,
2012 4581 2115 4634 οὐκ

2219 4576 2472 4632 omnibus
2516 4592 2672 4646 porro
2707 4577 2956 4648 gentibus
2992 4597 3010 4632 ι
3057 4579 3362 4649 accepimus
3381 4579 3611 4648 gratiam
3634 4619 3649 4645 ,
3683 4594 3791 4633 non

544 4661 657 4730 ἐγὼ
684 4664 862 4732 μόνος,
895 4663 1032 4717 ἀλλὰ
1052 4666 1145 4719 καὶ
1165 4668 1213 4718 οἱ
1241 4666 1419 4720 λοιποὶ
1459 4668 1768 4726 ἀπόστολοι,
1797 4673 1872 4724 υύ
1912 4673 2020 4742 γὰρ
2051 4673 2116 4744 δὴ

545 4754 755 4818 Παῦλος
788 4757 966 4809 πάντα
989 4757 1056 4811 τὰ
1098 4756 1225 4828 ἔθνη
1254 4759 1548 4830 περιῆλθεν
1587 4776 1602 4792 ·
1629 4763 1678 4814 εἰ
1730 4764 1803 4834 μή
1838 4781 1922 4826 τις
1953 4763 2112 4836 εἴπῃ,

543 4847 626 4899 ὅτι
655 4849 704 4900 εἰ
731 4848 826 4900 καὶ
856 4848 931 4919 μὴ
955 4847 1083 4916 ζῶν,
1117 4849 1230 4902 ἀλλ’
1252 4851 1344 4907 οῦν
1375 4853 1513 4923 μετὰ
1535 4854 1814 4925 τελευτὴν,
1838 4860 1915 4920 εἰς
1939 4859 2117 4912 πάντα

542 4942 611 4993 τὰ
649 4940 774 5013 ἔθνη
808 4944 1069 5010 περιὲεισι
1103 4943 1191 4997 διὰ
1231 4944 1340 4997 τῶν
1371 4946 1723 5001 Ἐπιστολῶν.
1760 4949 1877 5000 Ἵνα
1919 4949 1976 5002 δὲ
2019 4966 2113 5003 πι-

544 5034 806 5087 στεύωσιν
829 5036 1116 5099 ἀκούοντες
1135 5038 1179 5068 ³⁸
1199 5040 1324 5107 περὶ
1343 5039 1436 5091 τοῦ
1458 5039 1723 5107 ὀνόματος
1741 5039 1832 5091 τοῦ
1856 5042 2111 5112 Χριστοῦ,

541 5126 727 5195 ούχὶ¹⁸
767 5128 1023 5198 περὶτῆς
1063 5129 1252 5192 ούσὶας
1302 5118 1490 5186 αὐτοῦ.
1549 5134 1622 5183 Τὸ
1653 5134 1761 5202 γὰρ
1802 5134 1971 5202 ὄνομα
2019 5135 2113 5188 τοῦ

542 5218 779 5287 Χριστοῦ
819 5214 904 5288 ἦν,
945 5219 973 5271 ὃ
1008 5221 1202 5274 καὶτὰ
1243 5224 1440 5291 σημεῖα
1481 5224 1672 5277 ἐποίει.
1719 5226 1823 5278 Καὶ
1857 5224 2015 5278 τοῦτο
2069 5226 2125 5280 δὲ

546 5313 781 5373 πίστεως
820 5313 1020 5364 δεῖται·
1052 5313 1175 5365 οὐδὲ
1225 5315 1355 5385 γὰρ,
1386 5314 1492 5366 οὐδ’
1523 5316 1653 5367 αὐτὸ
1685 5317 1927 5386 λογισμῷ
1957 5335 2118 5372 κατα·

546 5402 769 5471 ληπτύν.
805 5404 942 5472 Ὅρα
971 5404 1027 5457 δὲ
1062 5406 1165 5474 τὴν
1198 5405 1415 5475 ξδωρεόιν
1463 5407 1557 5458 τοῦ
1616 5407 1968 5475 Εὐαγγελίου,
2020 5410 2121 5462 οὐκ

545 5495 628 5546 ἐνὶ
659 5495 817 5556 ἔθνει,
851 5495 923 5557 ὡς
1026 5497 1255 5561 Ησλσιιὰ,
1290 5498 1423 5550 ἀλλὰ
1468 5500 1602 5550 πᾶσι
1636 5500 1902 5553 δοθεῖσαν.

627 5695 644 5733 ί
680 5692 834 5748 Joan.
863 5710 980 5758 rm,
1008 5695 1099 5750 ‘28.

1180 5695 1192 5747 i
1231 5696 1387 5752 Joan.
1418 5715 1524 5766 xw,
1552 5700 1633 5754 l5.
1714 5701 1875 5759 ιιΑιοι.
1910 5701 2102 5767 xm,2.

2226 4684 2325 4741 ego
2363 4668 2532 4732 solus,
2566 4684 2749 4723 verum
2784 4669 2972 4739 reliqui
3005 4671 3168 4725 etiam
3197 4671 3466 4740 apostoli:
3512 4687 3617 4727 non
3644 4670 3791 4727 enim

2219 4761 2329 4830 jam
2381 4760 2577 4817 Paulus
2613 4776 2801 4817 omnes
2833 4772 3021 4829 gentes
3070 4763 3439 4819 circumierat.
3464 4763 3579 4820 Nisi
3644 4764 3795 4832 quis-

2226 4855 2365 4922 piam
2396 4854 2536 4908 dicat
2555 4854 2720 4923 quod,
2749 4853 2958 4909 etiamsi
2978 4870 3084 4910 non
3114 4855 3287 4920 vivus,
3320 4866 3440 4924 post
3461 4864 3684 4911 mortem
3715 4865 3798 4910 ta-

2225 4962 2347 5001 men
2371 4948 2436 5001 ad
2465 4961 2654 5002 omnes
2682 4956 2868 5018 gentes
2893 4955 3134 5003 transeat
3161 4963 3258 5018 per
3283 4947 3573 5018 Epistolas.
3603 4948 3674 5003 Ut
3698 4964 3797 5003 au-

2227 5048 2332 5094 tem
2365 5038 2607 5105 credant,
2643 5039 2926 5095 audientes
2955 5040 3023 5094 de
3072 5042 3288 5095 nomine
3317 5040 3548 5107 Christi,
3577 5055 3681 5094 non
3730 5041 3799 5092 de

2226 5130 2464 5185 essentia
2500 5131 2692 5201 ipsius.
2734 5131 2938 5187 Nomen
2969 5133 3115 5188 enim
3146 5132 3346 5189 Christi
3394 5140 3531 5198 erat,
3565 5133 3717 5202 quod.
3743 5143 3798 5186 et

2228 5221 2382 5291 signa
2413 5220 2669 5277 faciebat.
2701 5223 2875 5292 Atque
2907 5224 3046 5279 istuc
3084 5222 3186 5277 ﬁde
3213 5238 3347 5292 opus
3374 5223 3536 5278 habet
3563 5239 3579 5277 :
3625 5238 3799 5293 neque
3867 5245 3882 5255 -

2227 5313 2372 5368 enim
2400 5316 2608 5370 ratione
2636 5316 3015 5385 comprehendi
3053 5325 3249 5384 potest.
3285 5314 3667 5369 Animadverte
3713 5317 3797 5367 hic

2224 5406 2500 5475 Evangelii
2545 5409 2775 5471 donum,
2823 5423 2926 5465 uon
2972 5408 3060 5460 uni
3107 5405 3356 5461 videlicet
3401 5405 3584 5474 genti,
3649 5406 3802 5461 Vete-

2227 5498 2300 5554 t'is
2320 5498 2377 5569 6
2399 5497 2729 5553 Testamenti
2754 5501 2806 5551 in
2839 5514 3042 5552 rnorem
3064 5482 3195 5563 ,‘scd
3222 5497 3471 5555 omnibus
3499 5500 3797 5558 Communi~

2226 5594 2426 5645 catum.
3064 5590 3079 5603 '

2184 5700 2201 5740 Ῑ
2241 5702 2403 5756 ICot‘.
2438 5718 2533 5766 XII,
2559 5703 2610 5755 8.

1886 5796 2080 5857 Vat-ite
2110 5797 2437 5858 lectiones.

628 5886 669 5918 “
701 5886 1102 5959 ἀναδειχθέντος
1136 5908 1207 5949 tu.
1290 5895 1330 5924 ¹²
1361 5893 1393 5947 ἃ
1431 5910 1483 5949 υ.
1566 5895 1606 5926 ¹³
1640 5893 1746 5950 ἀπὸ
1785 5896 1875 5949 τοῦ
1913 5895 2046 5953 Θεοῦ
2083 5914 2131 5953 ι).

2211 5900 2250 5930 ³³
2280 5900 2328 5951 οε
2353 5898 2640 5961 ἀκούοντες
2673 5914 2743 5953 ιιι.
2824 5899 2865 5931 ³⁵
2897 5897 2957 5954 οὺ
2988 5895 3094 5970 γὰρ
3125 5912 3179 5956 0.
