4038 6568
430 411 534 469 5:43
574 445 577 449 -

1400 422 1446 481 Τ
1448 423 1975 487 IIEOPHYLACTI
2020 429 2426 492 BULGARI/E
2471 433 2817 494 ARCHIEP.

3564 433 3678 496 3ἰί

509 523 679 578 Vens.
716 523 771 578 6.
811 545 828 577 ι
874 526 928 580 ln
966 529 1158 595 quibus
1206 535 1340 586 estis
1387 541 1442 586 et
1491 548 1588 589 vos
1637 538 1808 590 vocati
1864 537 1976 592 Jest

2173 559 2192 592 ι
2243 541 2330 594 Ἐν
2349 537 2431 606 οἷς
2454 543 2576 596 ὲστε
2599 543 2694 596 καὶ
2719 545 2876 612 ὑμεῖς
2933 545 3120 617 κλητοί
3157 545 3330 614 Ἰησοῦ
3355 546 3618 616 Χριστοῦ.
3654 568 3673 600 ι

428 616 649 670 Christi.
688 635 706 668 ι
741 616 835 671 llic
864 617 1228 672 tullitillorum
1262 619 1462 676 fastum
1489 633 1542 677 et
1567 625 1932 693 supercilium.
1967 645 1985 679 ι

427 706 545 762 Non
575 709 716 764 cuitu
749 709 864 778 plus
891 726 1050 778 quam
1083 721 1289 768 caetera:
1320 727 1507 782 gentes
1541 717 1870 786 obtinuistis,
1899 721 1989 789 qui

426 801 682 854 videmini
723 801 1008 870 imperare,
1060 805 1187 872 quin
1221 807 1371 862 vobis
1409 811 1638 879 perinde
1677 825 1740 865 ac
1783 814 1991 869 caeteris

423 893 795 959 prmdicamus.
834 894 1006 949 Nolite
1035 897 1196 964 igitur
1218 898 1459 968 gloriari.
1492 901 1675 959 Potest
1701 905 1864 960 etiam
1897 905 1990 960 ali-

424 991 507 1038 ter
532 982 794 1055 intelligi:
827 985 1012 1040 Vocati
1052 989 1195 1044 enim
1227 990 1359 1046 estis
1392 1003 1446 1046 et
1473 992 1609 1062 ipsi,
1640 995 1817 1066 gratia
1843 997 1988 1051 anti-

417 1071 606 1141 cipati,
639 1088 750 1128 non
775 1076 992 1145 propria
1027 1077 1226 1135 virtute
1257 1081 1602 1139 accedentes.

488 1161 656 1220 VERS.
688 1165 744 1221 7.
777 1184 795 1219 ι
830 1165 1093 1224 Omnibus
1115 1172 1206 1241 qui
1234 1173 1418 1230 Romae
1443 1177 1598 1244 estis,
1630 1178 1842 1234 dilectis
1864 1180 1982 1248 Dei,

413 1257 622 1312 vocatis
653 1261 880 1316 sanctis.
937 1280 957 1315 ι
1003 1261 1123 1317 Non
1157 1266 1409 1322 omnibus
1441 1269 1765 1339 simpliciter
1797 1272 1986 1327 Romae

415 1351 723 1418 agentibus,
749 1353 842 1407 sed
887 1371 906 1406 ι
947 1354 1155 1410 dilectis
1208 1357 1322 1412 Dei.
1371 1378 1411 1413 -ι
1458 1359 1608 1416 Unde
1660 1379 1789 1419 vero
1815 1364 1988 1435 liquet

416 1441 558 1504 quod
604 1440 826 1497 dilecti?
901 1460 966 1499 ex
1017 1446 1462 1505 sanctiﬁcatione.
1527 1449 1752 1508 Sanctus
1805 1463 1984 1510 autem

413 1529 597 1587 ttdeles
627 1542 783 1588 vocat
813 1550 1018 1592 omnes.
1052 1537 1259 1594 Rursus
1287 1550 1486 1607 autem,
1524 1559 1542 1594 ι
1578 1541 1858 1611 νοεοιίε,›
1889 1559 1982 1616 ap-

412 1622 620 1690 posuit,
649 1626 966 1681 beneticium
999 1629 1108 1684 illis
1151 1631 1215 1684 ad
1257 1635 1568 1688 memoriam
1603 1651 1886 1702 revocans,
1919 1653 1982 1694 ac

409 1713 574 1766 simul
603 1714 867 1783 indicans,
900 1719 1041 1786 quod
1072 1719 1302 1775 Etiamsi
1333 1736 1400 1776 ex
1437 1724 1758 1782 consulibus
1786 1737 1847 1783 et.
1867 1726 1982 1795 pri-

409 1804 644 1859 matibus
679 1809 865 1871 eratis,
916 1808 1059 1866 Deus
1099 1820 1278 1867 tamen
1330 1814 1518 1869 eadem
1555 1830 1655 1870 vos
1701 1817 1983 1874 vocatione

408 1897 650 1963 vocavit,
675 1913 780 1967 qua
807 1901 1045 1969 privatos
1067 1943 1083 1968 ,
1108 1918 1357 1972 peraeque
1396 1921 1490 1961 vos
1516 1906 1744 1976 diligens
1774 1917 1828 1964 et
1859 1924 1976 1964 san-

407 1988 674 2044 ctiﬁcans.
705 1988 970 2056 Quoniam
995 1994 1158 2062 igitur
1186 1995 1440 2051 similiter
1456 2007 1508 2050 et
1531 1998 1712 2054 dilecti
1741 1999 1895 2063 estis,
1923 2009 1978 2053 et

409 2090 606 2154 vocati,
639 2100 692 2146 et
717 2093 1037 2148 sanctillCati
1061 2133 1076 2158 ,
1104 2095 1155 2148 in
1189 2096 1464 2152 tenuiores
1494 2112 1562 2153 ne
1587 2096 1908 2152 eﬂ‘eramiui.
1964 2145 1966 2150 .

451 2183 457 2196 ‘
483 2197 508 2231 ι
541 2178 727 2237 Gratia
755 2182 908 2239 vobis
931 2194 985 2239 et
1013 2201 1137 2255 pax.
1173 2205 1191 2238 ι
1223 2185 1362 2253 Quin
1389 2197 1443 2242 et
1471 2189 1730 2244 Dominus
1755 2191 1976 2245 verbum

411 2272 513 2327 hoc
546 2272 779 2342 primum
826 2276 1084 2345 apostolis
1121 2277 1265 2332 aedes
1313 2278 1640 2334 intrantibus
1689 2280 1974 2336 dicendum

412 2366 690 2434 praecepit,
716 2369 964 2432 verbum,
1003 2369 1241 2438 inquam,
1275 2371 1440 2440 pacis.
1480 2370 1662 2441 Neque
1687 2371 1832 2427 cnim
1861 2372 1978 2426 cxi-

404 2468 567 2523 guuut
599 2456 799 2512 bellum
829 2459 1068 2527 diremit,
1100 2463 1244 2530 quod
1280 2462 1435 2518 nobis
1471 2473 1754 2533 peccatum
1785 2463 1977 2520 adver-

404 2561 498 2600 sus
538 2548 701 2603 Deum
735 2562 1020 2619 pepererat
1045 2571 1060 2608 :
1086 2569 1187 2623 pax
1210 2566 1402 2610 autem
1436 2556 1522 2610 illa
1555 2573 1659 2611 non
1685 2572 1750 2613 ex
1773 2558 1977 2613 nostris

406 2637 706 2706 laboribus,
744 2642 942 2696 sed-ex.
961 2643 1140 2697 divina
1177 2645 1350 2715 gratia
1375 2645 1629 2715 proﬂuxit
1658 2664 1672 2700 :
1701 2647 1977 2716 priusita-

405 2731 732 2800 quegratia
763 2741 866 2799 est,
903 2733 1106 2802 deinde.
1133 2750 1259 2805 pax.
1295 2737 1420 2793 llaec
1472 2739 1654 2808 itaque
1684 2737 1791 2795 duo
1835 2739 1973 2794 bona

403 2833 660 2891 perpetua
689 2839 908 2882 manere
941 2836 1092 2896 optat
1135 2835 1192 2884 ut
1219 2828 1475 2896 immota,
1514 2844 1582 2884 ne
1613 2830 1788 2885 denuo
1817 2829 1975 2885 nobis

405 2915 461 2970 in
492 2927 774 2984 peccatum
807 2919 1175 2977 relabentibus
1198 2921 1345 2977 aliud
1369 2921 1564 2977 bellum
1588 2925 1971 2981 exsuscitctur.

480 3025 500 3064 ι
537 3008 646 3065 Deo
685 3010 851 3066 Patre
894 3021 1114 3079 nostro,
1160 3023 1214 3069 et
1257 3015 1484 3072 Domino
1510 3016 1635 3072 Jesu
1671 3019 1912 3075 Christo.
1948 3036 1966 3070 ι

402 3100 594 3170 Ροριεί
647 3113 907 3173 quantum
956 3107 1120 3160 valuit
1162 3109 1435 3176 gratia'ex
1466 3111 1644 3166 divina
1673 3121 1794 3167 orta
1837 3111 1972 3168 dile-

2099 631 2368 687 Ἐνταῦθα
2405 635 2661 706 καθαιρεῖ
2690 636 2868 689 αὐτῶν
2896 636 2992 707 τήν
3036 637 3227 708 ὀφρύν.
3264 637 3339 690 Ut)
3371 637 3477 709 γὰρ
3509 636 3680 693 πλέον

2097 721 2284 793 ἔσχετε
2315 725 2358 756 ¹⁶
2388 725 2496 779 τῶν
2544 725 2721 780 ἄλλων
2762 727 2952 792 ἐθνῶν,
2993 729 3042 780 οἰ
3101 727 3388 790 δοκοῦντες
3437 729 3636 798 ἄρχειν
3661 745 3675 760 ο

2095 815 2210 870 ἀλλ’
2235 815 2426 888 ὥσπερ
2446 818 2558 880 τοίς
2581 817 2783 882 ἄλλοις,
2817 817 2958 873 οὕτω
2993 817 3088 872 καὶ
3121 819 3274 887 ὑμῖν,
3302 817 3676 888 κηρύττομενσ

2097 911 2171 981 μὴ
2204 909 2296 964 οῦν
2331 909 2666 981 κομπάζετε.
2721 912 2884 967 Ἀλλὰ
2924 914 3016 966 καί
3061 911 3235 982 ᾷλλως
3259 926 3273 940 °
3320 911 3526 980 κλητοὶ
3561 911 3686 981 γὰρ.

2091 1004 2217 1057 ἐστε
2243 1005 2338 1058 καὶ
2359 1005 2533 1069 αὐτοὶ,
2557 1005 2740 1078 χάριτι
2769 1005 3195 1079 προληφθέντες,
3218 1005 3318 1058 οὐκ
3339 1003 3432 1074 ἀφ’
3459 1003 3678 1056 ἑαυτῶν

2091 1094 2483 1166 προσελθόντες
2501 1097 2564 1149 ".
3015 1159 3018 1163 ,
3529 1167 3531 1170 ς

2170 1205 2190 1240 ι
2231 1188 2372 1241 Πᾶσι
2395 1189 2506 1251 τοῖς
2535 1182 2690 1242 οὖσιν
2711 1187 2769 1240 ὲν
2805 1185 2994 1260 Ῥᾠμῃ
3021 1184 3323 1258 ἀγαπητοῖς
3351 1181 3507 1269 Θεοῦ,
3533 1185 3675 1254 κλη-

2089 1281 2203 1343 τοῖς
2231 1279 2430 1347 ἁγίοις.
2474 1297 2493 1332 ι
2529 1279 2604 1334 Οὐ
2637 1279 2802 1333 πᾶσιν
2827 1277 3014 1341 ἁπλῶς
3041 1279 3154 1346 τοῖς
3179 1277 3237 1329 ὲν
3283 1275 3494 1346 Ῥώμῃ,
3531 1275 3675 1329 ἀλλὰ

2099 1388 2117 1422 ι
2146 1373 2258 1434 τοῖς
2302 1372 2608 1440 ἀγαπητοῖς
2647 1369 2805 1423 ι-ἲεοῦ.
2838 1367 3036 1423 »Πόθεν
3055 1367 3332 1439 amoma
3352 1367 3672 1437 ἁγαπητοί;

2101 1463 2194 1517 Ἐκ
2213 1463 2303 1516 τοῦ
2315 1461 2800 1534 ἁγιασμοῦ·ἁγίους
2815 1462 2872 1516 δὲ
2885 1461 3010 1524 τοὺς
3027 1460 3248 1523 πιστοὺς
3263 1460 3419 1514 καλεί
3433 1458 3668 1521 πάντας.

2096 1552 2266 1607 Πάλιν
2299 1553 2355 1607 δὲ
2385 1553 2466 1617 τὸ,
2505 1571 2524 1605 ι
2571 1553 2840 1622 κλητοῖς,
2880 1570 2898 1603 ι
2933 1550 3270 1621 προσέθηκε,
3315 1550 3414 1618 τῆς
3440 1548 3671 1617 εὐεργε-

2091 1645 2210 1708 σίας
2245 1644 2440 1707 αὐτοὺς
2469 1645 2929 1714 ἀναμιμνήσκων,
2975 1643 3067 1696 καί
3107 1641 3392 1704 δεικνύων,
3425 1642 3508 1695 ὅτι
3542 1641 3668 1695 Κᾶν

2087 1738 2143 1803 ἐξ
2175 1736 2398 1791 ὑπάτων
2429 1735 2526 1790 καὶ
2573 1737 2835 1806 ὑπάρχων
2868 1730 2991 1805 ἦτε,
3040 1734 3156 1789 ἀλλ’
3188 1737 3215 1788 ὁ
3243 1734 3376 1798 Θεὸς
3420 1734 3568 1804 ὑμᾶς
3609 1735 3668 1786 ὲν

2085 1831 2150 1900 τῇ
2177 1831 2314 1898 αὐτῇ
2345 1829 2540 1899 κλήσει
2567 1827 2846 1891 ἐκάλεσεν,
2870 1821 2905 1902 ᾖ
2927 1828 3164 1891 καὶτοὺς
3197 1827 3437 1892 ἰδιώτας,
3458 1825 3669 1893 ὁμοεως

2085 1920 2228 1990 ὑμᾶς
2257 1919 2555 1988 ἀγαπήσας
2587 1917 2684 1972 καὶ
2713 1917 2970 1986 ἁγιάσας.
3003 1917 3161 1970 Ἐπεὶ
3196 1911 3288 1970 οὖν
3320 1917 3415 1970 καὶ
3438 1915 3666 1986 ἠγαπή-

2082 2011 2247 2081 θητε,
2297 2012 2394 2066 καὶ
2442 2009 2733 2080 ἐκλήθητε,
2771 2009 2867 2063 καὶ
2901 2008 3203 2079 ἡγιάσθητε
3235 2007 3462 2080 ὁμοίως,
3515 2007 3664 2062 κατὰ

2079 2102 2189 2156 τῶν
2218 2101 2612 2172 εὐτελεστέρων
2649 2101 2723 2170 μὴ
2755 2099 3064 2171 ἐπαίρεσθε.
3314 2163 3316 2170 Ι

2155 2213 2174 2247 ι
2221 2195 2395 2264 Χάρις
2422 2195 2552 2264 ὑμῖν
2583 2193 2678 2246 καὶ
2723 2193 2936 2263 εἰρήνη.
2988 2211 3006 2244 ι
3059 2192 3170 2246 Kal.
3197 2191 3225 2243 δ
3260 2190 3466 2262 Κύριος
3497 2189 3665 2242 τοῦτο

2080 2287 2314 2358 πρῶτον
2347 2288 2500 2358 ῥῆμα
2528 2286 2607 2348 εἰς
2654 2284 2750 2348 τὰς
2779 2284 2958 2347 οἰκίας
2990 2283 3218 2337 εἰσιοῦσι
3249 2285 3362 2346 τοῖς
3418 2281 3658 2336 ἀποστόο

2077 2379 2193 2441 λοις
2236 2378 2418 2446 λέγειν
2453 2376 2707 2443 ἐπέταξε,
2740 2378 2801 2430 τδ
2850 2376 2947 2446 τῆς
2979 2378 3222 2448 εἰρήνης.
3256 2375 3389 2429 Οὐδὲ
3425 2375 3535 2446 γὰρ
3563 2393 3659 2445 μι-

2078 2474 2208 2541 κρὸν
2241 2471 2478 2541 πόλεμον
2507 2469 2825 2534 κατέλυσεν,
2859 2468 2921 2522 ὃν
2956 2471 3089 2538 ἡμῖν
3140 2471 3173 2538 ή
3223 2469 3468 2538 ἁμαρτία
3521 2466 3658 2536 πρὸς

2076 2580 2168 2618 τον
2185 2563 2316 2618 Θεὸν
2337 2563 2605 2618 ἀπέτεκεν
2627 2577 2640 2590 °
2665 2561 2771 2631 ήδὲ
2797 2561 2989 2632 εἰρήνη
3008 2560 3150 2632 αῦτη
3169 2563 3268 2614 οὐκ
3288 2560 3349 2624 ἐξ
3369 2560 3658 2630 ἡμετέρων

2077 2655 2277 2721 πόνων,
2309 2655 2423 2710 ἀλλ’
2453 2658 2517 2708 ἑκ
2555 2657 2654 2725 τῆς
2691 2655 2841 2717 θείας
2893 2654 3146 2725 χάριτος’
3202 2653 3469 2721 πρότερον
3503 2650 3595 2703 οῦν
3623 2652 3653 2719 ή

2077 2751 2265 2819 χάρις,
2295 2744 2412 2804 εἶτα
2435 2750 2468 2818 ἡ
2497 2749 2709 2819 εἰρήνη.
2743 2746 2933 2802 Ταῦτα
2955 2741 3047 2800 οῦν
3071 2744 3138 2798 τὰ
3166 2744 3259 2798 δύο
3281 2743 3462 2813 ἀγαθὰ
3492 2741 3656 2796 ἐπεύ-

2075 2858 2232 2912 χεται
2265 2841 2448 2912 μένειν
2483 2841 2706 2912 διηνεκῆ
2740 2841 2836 2894 καὶ
2873 2839 3141 2908 ἀκίνητα,
3178 2836 3319 2890 ὥστε
3366 2837 3442 2906 μή
3489 2833 3653 2888 πάλιν

2074 2935 2430 3006 ἁμαρτόντων
2481 2934 2661 3005 ήμῶν,
2691 2934 2880 3004 ἕτερον
2906 2930 3365 3004 ἀναῤῥιπισθῆναι
3388 2928 3650 2996 πόλεμον.

2151 3047 2170 3082 ι
2223 3028 2357 3084 Ἀπὸ
2397 3029 2532 3088 Θεοῦ
2583 3028 2796 3098 [ἰατρὸς
2846 3026 3022 3096 ἡμῶν,
3082 3027 3174 3080 καὶ
3224 3023 3425 3094 Κυρίου
3471 3021 3650 3092 Ἰησοῦ

2073 3121 2332 3194 Χριστοῦ.
2356 3142 2375 3176 ι
2405 3121 2596 3186 Βαὸαἰ,
2616 3121 2826 3190 πόσονή
2857 3119 3017 3190 χάρις
3047 3117 3349 3188 ἴσχυσενη,
3381 3117 3415 3184 ἡ
3448 3115 3513 3168 ὲκ
3539 3113 3642 3181 τῆς

401 3195 611 3250 ctionel
647 3195 781 3251 Nam
809 3198 900 3268 qui
937 3199 1117 3255 hostes
1144 3211 1200 3257 et
1228 3202 1439 3272 iuglorii
1485 3218 1722 3270 eramus,
1754 3202 1968 3260 Patrem

2079 3215 2224 3279 θείας
2253 3215 2507 3286 ἀγάπηςί
2543 3215 2608 3270 Oi
2654 3213 2764 3284 γὰρ
2803 3210 2990 3283 ἐχθροὶ
3029 3212 3125 3265 καὶ
3175 3209 3386 3280 ἄτιμοι,
3426 3204 3648 3274 Πατέρα

405 3287 548 3340 nacti
573 3301 760 3343 sumus
796 3289 970 3359 ipsum
1003 3291 1191 3347 Deum.
1231 3312 1250 3346 ‹
1301 3295 1344 3348 A
1401 3295 1510 3349 Deo
1534 3294 1698 3352 Patre
1726 3297 1890 3366 igitur
1920 3309 1974 3354 et

409 3376 632 3432 Domino
659 3386 842 3435 nostro
870 3379 994 3436 Jcsu
1017 3381 1252 3450 Christo,
1287 3405 1306 3437 ι
1338 3386 1411 3441 sit
1433 3388 1588 3442 vobis
1613 3389 1973 3460 smbilisgra-

404 3469 476 3522 tiu
509 3479 562 3524 et
603 3485 702 3540 pax
743 3485 760 3526 :
790 3474 856 3528 ab
889 3474 1001 3541 his,
1031 3476 1244 3546 inquam
1269 3517 1284 3545 ,
1314 3479 1404 3548 qui
1439 3480 1548 3535 haec
1585 3490 1644 3536 ut
1683 3480 1970 3550 dederunt,

401 3561 476 3616 ita
517 3573 572 3618 et
598 3579 922 3620 conservare
956 3579 1201 3636 possunt.
1235 3601 1238 3604 -
1649 3618 1653 3622 .

473 3654 636 3711 Vsus.
666 3657 722 3712 8.
762 3675 781 3708 ι
822 3659 1059 3715 Primum
1099 3662 1316 3732 quidem
1349 3664 1552 3733 gratias
1583 3681 1682 3735 ago
1709 3665 1822 3722 Deo
1852 3681 1972 3722 meo

401 3762 498 3814 per
523 3746 706 3804 Jcsum
733 3751 1040 3819 Christum,
1096 3771 1192 3824 pro
1217 3759 1470 3814 omnibus
1499 3761 1674 3824 vobis,
1711 3762 1970 3831 quoniam

400 3839 532 3894 ﬁdes
571 3851 745 3896 vestra
768 3845 1118 3900 aununtiatur
1140 3845 1194 3900 in
1215 3847 1469 3905 universo
1491 3852 1712 3906 mundo.
1743 3871 1763 3906 ι
1793 3851 1972 3909 Prom-

404 3931 569 3986 mium
618 3934 797 3988 anima
851 3935 1000 3991 Pauli
1045 3939 1286 4010 dignum,
1323 3956 1435 4010 quo
1481 3944 1734 3998 docemur
1778 3956 1834 3999 et
1870 3947 1971 4015 ipsi

397 4025 603 4093 gratias
636 4039 831 4094 agerc,
878 4043 978 4084 nec
1010 4044 1107 4098 pro
1146 4034 1347 4088 nostris
1394 4043 1624 4100 tantum,
1665 4037 1758 4090 sed
1804 4036 1969 4090 etiam

398 4115 766 4183 proximorum
791 4117 981 4174 bouis:
1005 4120 1104 4174 hoc
1119 4136 1350 4192 namque
1368 4124 1605 4180 cbaritas
1625 4132 1727 4182 est.
1751 4125 1969 4184 Gratias

397 4214 574 4259 autem
613 4207 744 4278 agit,
775 4223 880 4264 non
913 4225 1023 4280 pro
1049 4213 1400 4269 terrestribus
1425 4213 1750 4283 quibusdam
1775 4225 1829 4272 et
1873 4233 1968 4287 pc-

398 4297 680 4352 reuntibus
709 4301 885 4366 bonis,
911 4316 1094 4357 verunt
1120 4313 1406 4374 propterea
1433 4308 1574 4376 quod
1598 4307 1827 4362 Romani
1853 4324 1970 4364 cre-

395 4389 666 4446 diderunt.
710 4389 903 4460 Porro,
943 4396 1085 4465 quod
1114 4398 1211 4462 ait,
1265 4415 1285 4450 ι
1330 4398 1437 4456 Deo
1466 4413 1606 4465 tueo,
1639 4419 1657 4452 ι
1696 4398 1967 4469 affectum,

396 4491 557 4548 quem
603 4483 858 4552 habebat,
896 4487 1221 4558 declaravit,
1275 4491 1444 4546 Deum
1481 4505 1819 4549 communem
1864 4494 1966 4550 sibi

397 4572 1010 4640 privatim-vindicando
1038 4597 1050 4633 :
1081 4581 1224 4649 quod
1245 4590 1300 4636 et
1331 4579 1644 4636 factitarunt
1668 4583 1964 4653 prepbetzn.
1999 4559 2046 4617 Β

395 4661 700 4727 Quinetiam
731 4666 874 4724 Deus
903 4673 1006 4725 hoc
1038 4670 1152 4740 ipse
1187 4669 1344 4738 facit,
1377 4672 1546 4727 Deum
1579 4671 1879 4729 Abrahami
1911 4684 1966 4730 et

393 4753 565 4810 lsaaci
587 4767 640 4811 et
657 4757 848 4814 Jacobi
878 4774 996 4817 sese
1019 4764 1308 4818 nominans
1327 4771 1388 4829 ³,
1413 4774 1469 4818 ιιι
1491 4779 1641 4820 suam
1665 4780 1790 4835 erga
1820 4766 1966 4835 ipsos

391 4847 713 4907 ebaritatem
745 4855 1161 4912 demonstraret.-
1189 4856 1404 4913 Gratias
1445 4873 1606 4928 agere
1645 4870 1827 4915 autem
1874 4863 1962 4916 in-

392 4943 527 5011 quit,
565 4963 584 4996 ι
624 4961 719 5015 per
746 4945 930 5004 Jesum
961 4950 1257 5006 Christum.
1297 4967 1315 5003 ι
1348 4951 1624 5007 Iste-enim
1657 4951 1812 5008 nobis
1837 4967 1963 5022 gra-

397 5035 593 5092 tiaram
613 5041 852 5097 actionis
890 5045 955 5098 ad
1003 5045 1054 5114 7
1085 5045 1250 5099 Deum
1290 5044 1502 5100 Patrem
1549 5046 1817 5101 mediator
1861 5055 1967 5114 est,

392 5143 502 5183 non
539 5131 713 5187 solum
740 5149 837 5190 nos
860 5137 1060 5191 docens
1091 5138 1290 5207 gratias
1314 5153 1494 5206 agere,
1524 5138 1617 5193 sed
1645 5148 1700 5192 et
1723 5147 1965 5194 nostram

393 5223 694 5289 gratiarum
721 5228 989 5283 actionem
1021 5229 1165 5283 Patri
1215 5229 1467 5287 oll‘erens.
1503 5230 1670 5300 Cujus
1701 5245 1864 5299 porro
1891 5231 1967 5284 rei

392 5325 555 5367 causa
616 5318 816 5386 gratias
855 5319 1006 5388 agit?
1045 5320 1197 5386 Quod
1252 5340 1283 5373 σι
1327 5321 1460 5375 ﬁdes
1521 5338 1542 5372 ι
1595 5319 1966 5374 Romanorum

399 5420 420 5454 ι
459 5408 814 5462 auuuutiatur
850 5411 901 5465 itt
951 5411 1204 5467 universo
1249 5414 1472 5468 mundo.
1512 5431 1532 5464 ι
1581 5413 1818 5467 Duarum
1865 5411 1971 5468 illis

393 5509 574 5551 rerum
594 5502 956 5561 testimonium
975 5507 1124 5574 dicit,
1140 5516 1194 5561 et
1212 5508 1353 5575 quod
1380 5506 1745 5570 crediderunt.
1767 5514 1821 5561 ει
1837 5506 1978 5575 (ἰυοά

464 5650 502 5678 ω
549 5643 821 5710 Bito-Lm,
845 5646 928 5700 15.

2073 3308 2306 3379 ἔσχομεν
2344 3307 2435 3363 τὸν
2459 3306 2617 3362 Θεόν.
2652 3306 2788 3361 ’Δπὺ
2817 3303 2949 3380 γοῦν
2976 3305 3071 3358 τοῦ
3105 3302 3240 3357 Θεοῦ
3287 3300 3522 3369 Πατρδς,
3558 3297 3650 3350 καὶ

2073 3401 2166 3454 τοῦ
2199 3399 2406 3470 Κυρίου
2436 3399 2592 3470 ήμῶν
2630 3399 2807 3469 Ἰησοῦ
2860 3397 3130 3470 Χριστοῦ,
3173 3396 3260 3465 εἴη
3298 3395 3424 3464 ὑμῖν
3455 3389 3650 3464 βεϐαία

2073 3493 2107 3563 ἢ
2139 3492 2320 3564 χάρις.
2367 3490 2461 3544 καὶ
2499 3491 2533 3559 ἡ
2566 3491 2760 3562 εἰρήνη
2780 3508 2794 3522 ο
2825 3490 2934 3546 τῶν
2963 3489 3060 3544 καί⁸
3094 3487 3293 3542 δόντων
3325 3483 3521 3546 ταῦτα,
3556 3480 3648 3534 καί

2071 3583 2198 3638 δυνσ
2210 3583 2386 3654 μένων
2410 3581 2663 3650 φυλάξαι.

2148 3696 2167 3729 ι
2216 3674 2440 3748 Πρῶτον
2484 3674 2581 3745 μὲν
2614 3673 2921 3745 εὐχαριστῶ
2951 3672 3052 3742 ,τῷ
3098 3669 3236 3740 Θεῷ,
3265 3685 3368 3737 μου
3408 3666 3496 3720 διὰ
3539 3664 3644 3736 Ίη⁹

2075 3768 2171 3822 σοῦ
2199 3765 2462 3839 Χριστοῦ,
2495 3766 2635 3837 ὑπὲρ
2668 3766 2884 3820 πάντων
2905 3763 3081 3836 ὑμῶν,
3108 3763 3187 3816 ὃτι
3219 3763 3252 3831 ή
3284 3760 3468 3824 πίστις
3492 3754 3646 3827 ὑμῶν

2072 3858 2503 3928 καταγγέλλεται
2525 3860 2582 3911 ὲν
2607 3857 2713 3927 ὅλῳ
2743 3856 2822 3928 τῷ
2843 3856 3052 3927 κόσμῳ.
3091 3873 3110 3906 ι
3154 3854 3372 3924 Πρέπον
3405 3854 3473 3921 τῇ
3507 3847 3648 3917 Παύ-

2071 3953 2164 4006 λου
2189 3952 2334 4023 ψυχῇ
2364 3950 2424 4005 τὸ
2454 3950 2758 4021 προοίμιον,
2791 3950 2859 4004 δι’
2883 3942 2944 4001 οὗ
2981 3945 3344 4015 διδασκόμεθα
3373 3943 3468 3997 καὶ
3494 3940 3645 3996 αὐτοὶ

2072 4045 2450 4115 εὐχαριστείνο
2502 4042 2598 4095 καὶ
2631 4043 2728 4113 οὐχ
2766 4042 2907 4114 ὑπὲρ
2949 4039 3164 4094 οἰκείων
3205 4037 3424 4105 ἀγαθῶν
3461 4035 3641 4104 μόνον,

2071 4138 2207 4193 ἀλλὰ
2247 4139 2479 4194 καὶτῶν
2528 4139 2783 4211 πλησίονο
2818 4135 2976 4190 τοῦτο
3008 4132 3114 4204 γὰρ
3159 4131 3368 4202 ἀγάπη.
3409 4129 3636 4198 Εὑχαριο

2074 4233 2190 4283 στεῖ
2215 4230 2291 4295 δὲ,
2326 4231 2426 4284 οὐκ
2466 4233 2557 4284 ἐπὶ
2579 4231 2788 4302 γηΐνοις
2819 4227 2930 4281 τισὶ
2961 4227 3057 4280 καὶ
3085 4223 3499 4293 ἀπολλυμένοις,
3527 4217 3640 4273 ἀλλ’

2071 4320 2494 4374 ὃτιὲπίστευσαν
2527 4321 2808 4391 Ῥωμαῖοι.
2837 4316 3018 4370 Εἰπὼν
3037 4317 3112 4382 δὲ,
3152 4334 3171 4368 ι
3316 4311 3434 4382 Θεῷ
3461 4327 3585 4381 μου,
3618 4327 3636 4359 ι

2072 4411 2240 4478 ἔδειξε
2272 4415 2370 4486 τὴν
2418 4413 2659 4469 διάθεσιν
2706 4412 2775 4482 ἢν
2809 4411 2942 4482 ἔχει,
2978 4409 3070 4464 τδν
3113 4408 3287 4462 κοινὸν
3335 4405 3468 4459 Θεὸν
3521 4403 3643 4456 ἰδιο-

2074 4503 2419 4574 ποιούμενος,
2446 4503 2521 4560 ὡς
2557 4502 2651 4556 καὶ
2691 4505 2739 4556 οἰ
2773 4501 3072 4574 προφῆται.
3110 4500 3218 4552 Καὶ
3248 4499 3276 4548 ὁ
3306 4497 3437 4559 Θεὸς
3467 4495 3524 4548 δὲ
3549 4491 3641 4560 αὖ·

2072 4594 2164 4658 τὸς
2197 4596 2357 4648 τοῦτο
2385 4597 2566 4660 ποιεῖ,
2623 4592 2755 4648 Θεὸν
2803 4593 3086 4663 Ἀδραὰμ,
3140 4591 3234 4646 καὶ
3277 4589 3497 4652 Ἰσαὰκ,
3551 4583 3642 4638 καί

2069 4685 2286 4751 Ἰακὼὸ,
2320 4688 2485 4741 αὑτὸν
2527 4685 2828 4756 ὀνομάζων,
2861 4685 2962 4744 ,ἵνα
2987 4684 3086 4754 τὴν
3120 4682 3254 4754 προς
3286 4681 3483 4754 absab;
3506 4677 3639 4773 ἀγξ-

2073 4795 2184 4847 πην
2235 4778 2553 4848 ἐνδείξηται.
2605 4777 2959 4848 Εὑχαριστεῖν
3007 4773 3066 4842 δέ
3124 4790 3259 4844 φησι
3315 4770 3405 4824 διὰ
3457 4767 3631 4839 Ἰησοῦ

2071 4869 2311 4940 Χριστοῦ
2334 4885 2346 4897 ·
2380 4865 2532 4933 οὗτος
2560 4869 2669 4939 γὰρ
2701 4869 2793 4922 καί
2822 4867 2922 4939 τῆς
2951 4867 3084 4939 πρὸς
3107 4864 3199 4918 τὸν
3233 4862 3449 4931 Πατέρα
3473 4860 3635 4929 εὐχα-

2073 4961 2284 5034 ριστίας
2309 4962 2350 4995 ¹⁹
2383 4963 2514 5033 ἡμῖν
2540 4963 2568 5016 ὁ
2607 4962 2866 5032 μεσίτης.
2914 4961 2975 5012 οὐ
3017 4958 3175 5029 μόνον
3219 4955 3434 5020 διδάξας
3481 4952 3637 5020 εὐκα’

2074 5056 2300 5124 ριστείν,
2343 5054 2476 5107 ἀλλὰ
2513 5053 2609 5106 καί.
2652 5052 2944 5123 προσάγων
2993 5049 3092 5120 τὴν
3150 5047 3426 5120 ήμετέραν
3474 5043 3634 5112 εὐχα-

2076 5144 2285 5215 ριστίαν
2311 5143 2390 5215 τῷ
2429 5144 2622 5214 Πατρί.
2663 5143 2817 5207 Τίνος
2853 5143 2911 5196 δὲ
2945 5143 3106 5212 χάριν
3141 5138 3484 5209 εὐχαριστεῖς
3514 5135 3633 5215 Ὄξι

2075 5237 2108 5304 ἡ
2167 5235 2347 5298 πίστις
2393 5234 2502 5289 τῶν
2556 5234 2846 5304 Ῥωμαίων
2887 5231 3317 5301 καταγγέλλεται
3341 5228 3386 5259 ²⁰
3439 5229 3498 5279 ὲν
3537 5223 3637 5290 ὅλῳ

2070 5327 2149 5398 τῷ
2181 5328 2392 5398 κόσμῳ.
2427 5327 2531 5381 Δύο
2558 5327 2742 5390 αὐτοῖς
2773 5327 3057 5398 μαρτυρεῖ,
3091 5325 3174 5376 ὅτι
3198 5339 3260 5375 τε
3291 5320 3632 5376 ἐπίστευσαν,

2073 5418 2167 5474 καὶ
2199 5419 2282 5471 ὅτι
2323 5417 2462 5488 μετὰ
2486 5417 2754 5488 τοσαύτης
2785 5416 3120 5491 παρρησίας,
3151 5414 3293 5468 ὥστε
3335 5411 3434 5481 τὴν
3460 5409 3634 5511 nictet?

2074 5507 2256 5562 αὐτῶν
2285 5507 2749 5576 καταγγέλλεσθαι
2796 5509 2853 5560 ἐν
2911 5506 3016 5577 ὅλῳ
3048 5507 3127 5576 τῷ
3170 5504 3362 5573 κόσμῳ
3384 5539 3401 5566 ,
3450 5499 3543 5552 καὶ
3570 5493 3618 5546 δι

1742 5761 1942 5822 Variae
1973 5761 2302 5825 lectiones.

468 5860 506 5890 ⁸⁸
535 5861 681 5929 ἕχίτε
719 5881 791 5918 ttt.

872 5867 908 5896 ιτ
944 5866 1372 5935 προσλητρθέντες
1413 5881 1482 5920 Ill.
1565 5861 1864 5933 ’θηῡξησεν
1881 5878 1937 5918 ο..
2015 5866 2056 5897 ¹⁹
2087 5864 2408 5933 εὐεργεσίας
2441 5880 2494 5918 o.
2573 5865 2618 5897 ²⁰
2653 5864 2816 5933 ἡμεῖς
2847 5862 2936 5918 οῦν
2963 5879 3040 5921 ιιι.
