4038 6594
532 422 632 486 3η

1444 422 2028 486 THEOPHYLACTI
2072 421 2486 484 BULGARME
2525 418 2884 481 ARCillEP.

3683 411 3796 474 313

534 530 690 584 vobis
735 525 936 584 donum
981 525 1268 597 impertiar
1306 528 1610 599 spirituale.
1657 549 1676 584 ι
1713 529 1817 585 Alii
1857 545 1954 600 pro
1990 529 2111 584 aliis

2221 545 2387 600 ρισμα
2414 529 2543 598 ὑμῖν
2573 527 2960 596 πνευματικόν.
3022 542 3041 577 ι
3095 521 3278 576 Ἀλλοι
3313 523 3409 594 μὲν
3442 520 3584 593 ὑπὲρ
3613 521 3803 576 ἄλλων

536 621 756 689 quidem
784 620 944 674 rebus
981 618 1195 690 longam
1225 619 1615 690 profectionem
1637 623 1939 690 suscipiunt
1967 639 1978 674 :
2009 636 2108 690 ego

538 725 686 774 vero,
734 708 930 780 inquit,
984 727 1004 761 ι
1042 718 1100 764 ιιι
1141 711 1292 766 vobis
1346 711 1548 781 aliquid
1590 713 1895 780 impertiar.
1935 728 1953 762 ι
1997 711 2109 767 Hoc

533 811 711 855 antetn
753 800 910 866 dicit,
955 801 1274 859 modestiam
1306 803 1540 873 spirans.
1587 801 1700 856 Non
1736 803 1880 858 enim
1911 804 2005 870 ait,
2038 801 2109 858 Ut

541 893 821 947 instituam
852 909 972 958 vos,
1003 895 1119 961 sed,
1153 893 1220 950 Ut
1261 897 1403 966 quod
1451 897 1657 966 accepi,
1687 895 2107 954 communicem.

533 985 596 1040 Et
635 987 736 1040 hoc
753 1001 967 1056 quoque
983 988 1236 1057 exiguum
1267 997 1320 1044 et
1353 989 1675 1044 modestum.
1701 967 1895 1055 Porro,
1918 991 2115 1044 donum

529 1075 644 1130 sive
679 1077 874 1145 gratia,
907 1092 1064 1131 omne
1099 1079 1149 1131 id
1183 1088 1286 1145 est,
1327 1080 1466 1148 quod
1493 1080 1558 1134 ad
1597 1081 1932 1136 audientium
1972 1095 2120 1134 corn-

533 1165 842 1221 mo.litatcm
883 1168 1132 1222 doctores
1159 1167 1435 1223 indicant:
1470 1184 1592 1223 nam
1655 1157 2113 1224 ειίειιιιεΓιέειιιιιι

527 1257 788 1324 cilicium,
810 1269 864 1313 et
893 1275 957 1314 ex
987 1259 1188 1314 virtute
1209 1259 1406 1314 factum
1429 1275 1550 1316 esse
1575 1261 1852 1329 videatur,
1879 1271 2118 1316 attamen

2218 619 2526 689 ὁῗοεπορίας
2569 618 2614 650 ’⁵
2674 619 2892 690 μακρὰς
2941 615 3270 682 στέλλονται,
3311 613 3423 684 ἐγὼ
3459 613 3540 678 δέ,
3601 614 3802 682 φησὶν,

2176 709 2192 723 ’
2223 714 2342 766 «ἵνα
2370 731 2419 766 τι
2449 711 2662 782 μεταδῶ
2686 712 2866 782 ὑμῖν.»
2893 706 3316 780 Μετριοιρρονῶν
3347 706 3403 760 δέ
3415 704 3573 758 τοῦτο
3605 703 3756 770 λέγει
3779 717 3802 733 ο

2215 806 2276 856 οὑ
2317 804 2424 874 γὰρ
2457 803 2630 866 εἶπεν,
2664 803 2784 855 Ἵνα
2810 800 3024 865 διδάξω,
3069 799 3208 864 ἀλλ’,
3245 798 3367 850 ἰνα
3399 797 3538 867 ὅπερ
3575 792 3802 856 ἔλαϐον,

2220 892 2454 962 μεταδῶ.
2484 891 2594 945 Καὶ
2623 889 2781 944 τοῦτο
2809 889 3002 962 μικρὸν
3033 889 3128 943 καὶ
3157 887 3495 958 σύμμετρον.
3529 884 3802 954 Χάρισμα

2216 985 2272 1036 δέ
2303 985 2349 1016 ’⁵
2391 985 2508 1036 ἐστι
2549 985 2679 1047 πᾶν,
2731 984 2869 1052 ὅπερ
2897 983 2946 1035 υἱ
2978 979 3286 1036 διδάσκαλοι
3331 980 3410 1042 είς
3449 979 3496 1009 ’⁸
3523 977 3803 1046 ὠφέλειαν

2215 1075 2324 1127 τῶν
2352 1073 2664 1127 ἀκουόντων
2690 1071 3079 1126 ἐνδείκνυνται.
3107 1071 3169 1125 El
3202 1070 3310 1141 γὰρ
3340 1067 3435 1123 καὶ
3458 1067 3804 1140 κατόρθωμα

2215 1165 2384 1228 δοκεῖ,
2410 1163 2526 1218 ἀλλ’
2552 1159 2645 1219 οῦν
2675 1165 2770 1219 καὶ
2790 1163 2859 1216 τά
2879 1162 3280 1233 κατορθώματα
3298 1159 3455 1233 ήμῶν
3477 1155 3806 1230 χαρίσματά

2216 1259 2341 1324 εἱσι,
2378 1257 2466 1312 διὰ
2501 1258 2558 1312 τὸ
2587 1261 2685 1329 τῆς
2712 1256 2917 1312 ἄνωθεν
2942 1255 3148 1310 δεῖσθαι
3184 1254 3380 1326 ῥοπῆς.

532 1362 680 1406 recte
707 1368 768 1408 ac
796 1353 1050 1421 praeclare
1079 1368 1108 1406 a
1133 1354 1286 1408 nobis
1316 1351 1478 1419 facta,
1505 1364 1784 1424 propterea
1822 1357 1964 1425 quod
2006 1368 2239 1424 superno
2260 1367 2394 1421 opus
2456 1352 2690 1408 habeant
2748 1350 2972 1413 auxilio,
3019 1351 3160 1404 dona
3209 1357 3336 1402 sunt
3360 1357 3412 1402 et
3443 1349 3801 1403 charismata'

602 1443 768 1499 Vens.
807 1443 894 1498 12.
947 1461 966 1494 ι
1025 1444 1105 1497 Ad
1161 1444 1562 1500 confirmandos
1610 1461 1704 1501 vos
1740 1465 1752 1500 :
1787 1449 1891 1502 hoc
1927 1455 2106 1500 autent

531 1544 639 1601 est,
670 1545 726 1589 nt
771 1549 1112 1588 communem
1161 1536 1370 1606 capiam
1404 1537 1827 1592 consolationem
1869 1537 1922 1592 in
1955 1538 2108 1592 vobis

2297 1462 2314 1494 ι
2356 1445 2446 1506 Εἰς
2478 1444 2538 1497 τὸ
2570 1443 2930 1514 στηριχθῆναι
2981 1442 3164 1512 ὑμᾶς’
3202 1439 3360 1494 τοῦτο
3393 1440 3451 1494 δέ
3483 1442 3624 1505 ἐστι,
3659 1457 3807 1508 συμ-

2216 1533 2640 1604 παρακληθῆναι
2689 1535 2746 1586 ἐν
2807 1533 2958 1603 ὑμῖν,
3005 1531 3093 1585 διὰ
3142 1533 3240 1602 τῆς
3293 1533 3350 1586 ἐν
3401 1531 3654 1602 ἀλλήλοις
3711 1531 3809 1584 πί-

534 1642 630 1686 per
669 1635 908 1679 mutuam
937 1627 1095 1680 fidem
1124 1637 1357 1682 vestram
1383 1628 1540 1682 simul
1574 1639 1628 1682 et
1657 1644 1857 1684 meam.
1899 1647 1918 1681 ι
1945 1627 2107 1682 Clan-

2221 1643 2384 1688 στεως
2437 1626 2592 1695 ὑμῶν
2639 1643 2698 1679 τε
2751 1626 2848 1680 καὶ
2908 1623 3063 1695 ἐμοῦ.
3119 1643 3137 1675 ι
3187 1623 3574 1686 Λανθανόντως
3627 1622 3804 1686 ἔδειξε

533 1716 713 1770 culum
745 1717 1006 1771 indicavit
1031 1717 1196 1770 multa
1243 1717 1376 1786 ipsis
1417 1732 1553 1785 Opus
1587 1733 1708 1773 esse
1745 1723 2104 1774 correctione.

535 1809 824 1876 Postquam
849 1819 1028 1864 autem
1055 1819 1109 1864 et
1133 1809 1236 1864 hac
1255 1810 1408 1864 valde
1431 1810 1712 1866 molestum
1735 1822 1853 1867 erat
1904 1813 2108 1883 (dicere

533 1917 772 1970 namque
831 1901 1136 1972 potuissent
1167 1901 1344 1967 :Quid
1385 1903 1504 1957 ais?
1537 1903 1936 1958 Concutimnr?
1989 1905 2108 1958 Cir.

532 1991 885 2046 (Tllll'lft‘l‘illllll‘
913 1993 936 2046 ?
999 2004 1193 2058 tuaque
1224 2002 1280 2046 ut
1311 1994 1696 2048 conlirmemur
1727 2009 1886 2063 opera
1906 1994 2108 2065 indige-

537 2098 655 2136 lllllS
674 2083 718 2154 ἲ)
769 2082 952 2150 infert,
1003 2103 1022 2136 ι
1059 2083 1174 2139 Hoc
1203 2095 1384 2139 autem
1439 2093 1543 2151 est,
1578 2094 1636 2140 ut
1683 2085 2106 2142 consolationem

533 2174 696 2230 simul
741 2175 979 2244 capiam.
1015 2195 1032 2228 ι
1073 2176 1225 2243 Quod
1273 2191 1404 2232 vero
1451 2177 1550 2244 ait,
1602 2177 1907 2247 huiusmodi
1969 2187 2052 2234 est
2088 2196 2102 2233 :

538 2265 733 2321 Multas
764 2267 1108 2322 sustinuistis
1135 2265 1458 2324 afﬂictiones
1487 2287 1504 2324 :
1539 2288 1559 2322 ι
1599 2269 1913 2326 Desiderari
1945 2269 2109 2340 igitur

539 2374 633 2412 vos
663 2358 864 2422 videre.
904 2377 924 2412 ι
960 2369 1017 2414 ιιι
1045 2361 1418 2430 quadantenus
1471 2376 1568 2417 vos
1605 2361 1942 2427 consolarer,
1997 2362 2106 2417 imo

538 2453 738 2520 potius,
773 2461 831 2506 ut
855 2463 910 2507 et
961 2454 1076 2524 ipse
1109 2453 1536 2510 consolationem
1568 2455 1869 2525 acciperem
1903 2477 1916 2512 :
1952 2469 2105 2509 com-

532 2558 698 2598 mune
729 2543 872 2598 enim
907 2544 1008 2600 hoc
1059 2545 1266 2600 lucrum
1302 2556 1404 2602 est.
1439 2545 1604 2612 Quasi
1645 2547 1790 2600 enim
1829 2547 1887 2600 in
1936 2545 2111 2615 capti-

535 2635 705 2697 vitate
741 2635 1019 2704 degentes,
1055 2636 1148 2704 qui
1183 2646 1295 2692 tum
1336 2637 1523 2692 fideles
1551 2647 1724 2702 erant,
1772 2653 1908 2706 opus
1946 2637 2110 2693 habe-

535 2725 666 2780 bant
717 2735 908 2781 mutuo
937 2734 1227 2792 conventu,
1259 2742 1368 2796 quo
1405 2727 1648 2795 impense
1694 2729 1830 2782 alter
1877 2728 2108 2785 alterum

535 2816 976 2874 consolarentur.
1009 2819 1150 2884 Quid
1195 2819 1361 2874 inde?
1407 2817 1543 2874 Num
1574 2809 1627 2875 et
1669 2821 1864 2876 Paulus
1895 2821 2109 2876 illorum

539 2908 742 2961 auxilio
771 2908 1085 2975 indigebat?
1117 2909 1272 2984 Absit
1303 2927 1330 2964 a
1377 2920 1429 2966 te
1467 2911 1634 2978 istud,
1669 2927 1701 2966 ο
1728 2912 1982 2969 Ecclesia:
2015 2929 2111 2968 co-

539 2995 752 3048 lumna!
810 2995 1008 3054 Verum
1055 3012 1126 3052 ne
1174 2999 1538 3068 impetuosum
1577 3016 1882 3058 sermonem
1924 3005 2114 3070 faciat,
2145 3028 2188 3090 ο

539 3101 674 3140 neve
725 3086 846 3142 illos
897 3085 1055 3144 feriat
1109 3105 1204 3146 seu
1241 3091 1516 3160 percellat,
1598 3092 1673 3146 uti
1729 3094 1987 3162 diximus,
2052 3111 2114 3151 ea

542 3190 760 3247 promer
799 3189 854 3234 et
888 3195 1013 3238 sese
1063 3197 1250 3236 eorum
1305 3184 1695 3240 consolationis
1725 3187 1966 3257 indigere
2017 3187 2114 3242 ait.

546 3269 644 3324 Sin
671 3280 850 3326 autem
884 3274 1152 3345 quispiam
1189 3277 1620 3333 consolationem
1653 3279 1741 3334 hic
1769 3280 1965 3334 dixerit
1994 3295 2116 3336 esse

544 3361 806 3427 lzetitiarn,
841 3381 1001 3434 quam
1032 3367 1104 3422 ob
1141 3365 1264 3422 fidei
1315 3366 1685 3425 Romanorum
1719 3373 2112 3426 incrementum

543 3455 813 3522 habuerit,
866 3465 1026 3528 atque
1058 3449 1148 3513 'ea
1201 3461 1444 3530 indigere
1490 3460 1741 3539 Paulum,
1801 3473 1950 3518 recte
2001 3478 2119 3518 mea

539 3553 756 3620 quidem
784 3554 1053 3610 sententia
1102 3553 1306 3608 dixerit
1339 3574 1352 3610 :
1386 3553 1531 3624 quod
1560 3565 1612 3610 et
1665 3557 2005 3626 perspicuum
2038 3565 2120 3612 est

542 3659 605 3696 ex
631 3657 698 3696 eo
731 3645 874 3713 quod
905 3644 1002 3710 ait,
1038 3661 1058 3696 ι
1098 3643 1202 3699 Per
1233 3651 1480 3700 mutuam
1514 3645 1672 3700 fidem
1699 3657 1935 3702 vestram
1959 3647 2119 3702 simul

539 3744 607 3804 et.
625 3748 836 3802 meam;
875 3753 896 3787 ι
931 3743 989 3790 ιιι
1010 3737 1084 3792 sit
1113 3736 1227 3792 htec
1249 3737 1520 3793 sententia
1549 3755 1563 3792 :
1601 3737 1713 3808 Ego
1741 3740 1954 3808 quidem
1990 3754 2116 3796 con-

540 3839 726 3902 specta
764 3827 870 3883 tide
899 3838 1079 3884 vestra
1123 3831 1365 3886 solamen
1421 3829 1656 3900 capiam,
1696 3841 1860 3900 atque
1893 3830 2121 3888 laetabor

542 3931 609 3969 ex
642 3917 825 3972 animo
857 3935 871 3972 :
907 3934 1005 3974 vos
1046 3934 1176 3975 vero
1206 3936 1303 3990 per
1341 3935 1521 3976 meam
1570 3923 1727 3994 fidem
1765 3923 2116 3980 confirmabi-

543 4007 713 4071 mini,
758 4009 1132 4066 consolatione
1190 4021 1414 4082 accepta
1463 4013 1532 4068 de
1582 4012 1650 4068 iis
1691 4015 1873 4078 rebus,
1922 4015 2119 4082 quibus

2223 1719 2426 1788 πολλῆς
2471 1718 2758 1788 δεομένους
2805 1717 3173 1790 διορθώσεως.
3219 1717 3374 1770 Ἐπεὶ
3409 1716 3466 1769 δέ
3511 1714 3807 1769 καὶτοῦτο

2225 1809 2431 1881 σφόδρα
2473 1809 2730 1880 φορτικὸν
2798 1805 2866 1879 ἦν
2923 1804 3101 1879 (εἷπον
3149 1808 3256 1878 γὰρ
3318 1807 3420 1862 ἄν·
3459 1807 3524 1858 Τί
3572 1806 3805 1872 λέγεις;

2219 1901 2565 1973 Σαλευὸμεθα
2603 1919 2619 1970 ;
2656 1901 3113 1973 περιφερόμεθα;
3163 1900 3258 1954 καὶ
3291 1898 3385 1953 σοῦ
3430 1898 3665 1969 δεόμεθα
3719 1900 3810 1962 εἰς

2219 1994 2280 2046 τ’)
2313 1992 2732 2064 στηριχθῆναις)
2765 1991 2964 2060 ἐπάγει
2991 2007 3005 2020 ·
3045 2011 3064 2044 ι
3107 1990 3279 2044 Τοῦτο
3306 1989 3366 2044 δέ
3409 1989 3544 2050 ἐστι,
3581 2006 3810 2053 συμπε-

2224 2085 2581 2156 ρακληθῆναι.
2627 2107 2646 2140 ι
2688 2088 2754 2140 '0
2792 2085 3022 2154 δὲζλέγει
3079 2081 3316 2138 τοιοῦτόν
3381 2084 3528 2136 ἐστι·
3590 2083 3809 2141 Πολλὰς

2221 2177 2549 2248 ὑπεμείνατε
2581 2177 2790 2248 θλίψεις
2814 2195 2826 2208 ·
2877 2176 3204 2248 ἐπεθύμησα
3237 2176 3420 2228 τοίνυν
3451 2175 3584 2227 ῖδεῖν
3627 2175 3806 2244 ὑμᾶς,

2218 2269 2307 2323 ἴνα
2339 2287 2390 2324 τι
2439 2269 2838 2341 παρακαλέσαι·
2889 2270 3092 2340 μᾶλλον
3119 2267 3200 2330 δέ,
3241 2267 3328 2321 ἵνα
3365 2267 3460 2320 καὶ
3487 2267 3650 2330 αὑτὸς
3689 2284 3806 2317 πα-

2223 2360 2488 2433 ράκλησιν
2547 2361 2824 2432 δέξωμαι·
2885 2361 3064 2413 κοινὸν
3123 2359 3233 2430 γάρ
3282 2359 3398 2412 ἐστι
3462 2358 3524 2410 τὸ
3584 2358 3804 2429 κέρεος.

2220 2455 2433 2524 Ὥσπερ
2469 2453 2578 2525 γὰρ
2609 2455 2667 2507 ἐν
2705 2452 3058 2524 αἰχμαλωσίᾳ
3089 2451 3244 2516 ὄντες
3273 2491 3287 2517 ,
3331 2451 3380 2504 oi
3418 2451 3538 2503 τότε
3591 2449 3808 2512 πιστοὶ,

2219 2547 2430 2602 ἐδέοντο
2460 2547 2558 2616 τῆς
2591 2547 2728 2618 πρὸς
2754 2545 3017 2616 ἀλλήλους
3042 2543 3392 2612 συναγωγῆς,
3419 2543 3510 2595 καὶ
3545 2545 3812 2613 μεγάλως

2222 2637 2659 2708 παρεμυθοῦντο.
2693 2637 2760 2690 Τί
2787 2631 2914 2698 οὗνς
2949 2636 3059 2690 Καὶ
3091 2633 3304 2698 Παῦλος
3333 2635 3504 2688 ἐδεῖτο
3532 2633 3630 2701 τῆς
3663 2635 3812 2702 παρ’

2217 2727 2446 2782 ἐκείνων
2493 2727 2852 2800 συμμαχίαςς
2911 2729 3162 2795 Ἀπαγε,
3220 2728 3250 2780 ὁ
3307 2726 3409 2796 τῆς
3469 2725 3812 2794 Ἐκκλησίας

2221 2821 2448 2884 στὺλοςί
2495 2821 2634 2874 Ἀλλ’
2682 2821 2770 2874 ἵνα
2825 2819 2902 2891 μὴ
2950 2819 3319 2892 καταφορικδν
3369 2821 3415 2852 ⁸⁷
3448 2819 3651 2890 ποιήσῃ
3704 2817 3814 2870 τὸν

2219 2913 2411 2982 λόγον,
2473 2915 2570 2967 κοιλ⁸
2621 2911 2820 2985 πλήξῃ,
2879 2912 2954 2978 ὡς
3013 2915 3262 2982 εἴπομεν,
3317 2911 3536 2973 αὑτοὺς,
3605 2909 3812 2962 τούτου

2221 3005 2410 3058 ἐνεκεν
2445 3004 2540 3058 καὶ
2583 3004 2742 3069 αὑτὸς
2773 3006 2818 3037 ³⁸
2849 3005 3056 3060 δεῖσθαι
3102 3006 3200 3076 τῆς
3229 3005 3360 3075 παρ’
3379 3003 3600 3056 ἐκείνων
3621 3019 3814 3069 παρτι-

2221 3097 2468 3168 κλήσεως
2493 3097 2620 3166 ἔφη.
2657 3097 2717 3148 Εί
2745 3096 2802 3150 δέ
2855 3115 2938 3160 τις
2984 3096 3218 3150 ἐνταῦθα
3267 3096 3614 3167 παράκλησιν
3659 3091 3813 3147 εἶναι

2221 3186 2393 3256 λέγει,
2427 3187 2526 3258 τὴν
2580 3188 2948 3259 εὐφροσύνην,
2996 3189 3096 3258 τὴν
3161 3188 3256 3242 ἐπὶ
3292 3191 3356 3258 τῇ
3409 3187 3508 3256 τῆς
3565 3188 3814 3248 πίστεως

2219 3282 2330 3335 τῶν
2385 3283 2674 3352 Ῥωμαίων
2722 3281 2960 3336 ἐπιδάσει
2997 3321 3012 3346 ,
3068 3281 3162 3335 καὶ
3217 3280 3422 3350 ταύτης
3466 3279 3674 3332 δεῖσθαι
3711 3279 3816 3330 τὸν

2223 3372 2459 3436 Παῦλον,
2496 3373 2675 3437 καλῶς
2701 3373 2768 3428 ἀν
2802 3373 2945 3427 εἴποι
2961 3389 2974 3404 ·
2999 3373 3027 3427 ὃ
3052 3372 3232 3444 δῆλον,
3256 3372 3354 3426 καὶ
3376 3375 3439 3426 ἐκ
3467 3372 3564 3423 τοῦ
3583 3371 3775 3437 λέγειν
3798 3387 3813 3399 ·

2233 3483 2252 3518 ι
2287 3465 2390 3518 Διά
2411 3465 2509 3535 τῆς
2537 3468 2594 3519 ἐν
2621 3464 2871 3536 ἀλλήλοις
2899 3465 3136 3529 πίστεως
3168 3463 3324 3535 ὑμῶν
3350 3481 3408 3516 τε
3439 3463 3534 3515 καὶ
3565 3459 3702 3531 ἐμοῦ
3727 3476 3743 3490 ο
3793 3481 3810 3510 ι

2225 3559 2300 3623 ὡς
2325 3553 2468 3613 εἶναι
2497 3561 2588 3614 τὸν
2615 3561 2773 3630 λόγον
2802 3561 3076 3616 τοιοῦτον*
3104 3561 3215 3615 Καὶ
3248 3559 3356 3628 ἐγὼ
3397 3558 3520 3628 μὲν,
3551 3557 3676 3610 ἰδὼν
3706 3555 3818 3626 τὴν

2227 3655 2409 3708 πίστιν
2445 3655 2620 3724 ὑμῶν,
2655 3655 3156 3726 παρακληθήσομαι
3187 3651 3284 3706 καὶ
3313 3650 3774 3723 εὑφρανθήσομαι
3797 3666 3813 3679 ·

2226 3747 2322 3800 καὶ
2353 3747 2513 3818 ὑμεῖς
2543 3747 2623 3810 δὲ,
2655 3747 2760 3802 ὑπὸ
2783 3747 2885 3818 τῆς
2936 3749 2995 3800 ἐν
3047 3747 3170 3816 ἐμοὶ
3224 3745 3463 3806 πίστεως
3508 3741 3820 3812 στηριχθῆ-

2226 3837 2412 3902 σεσθε,
2450 3837 2944 3909 παραμυθηθέντες
2977 3840 3062 3907 ἐφ’
3095 3832 3175 3902 οἷς
3219 3837 3351 3901 ἴσως
3387 3835 3475 3890 διΞι
3533 3835 3820 3905 μικροψυ-

2221 3929 2346 3999 χίαν
2379 3931 2692 3985 σαλεύεσθε.
2737 3930 2877 3984 Ἀλλ’
2907 3932 2967 3984 οὑ
3009 3931 3182 3984 ταῦτα
3198 3930 3346 3998 λέγει
3370 3927 3640 3998 φανερῶς,
3674 3927 3821 3979 ἀλῗά

2225 4022 2505 4092 μεθοδεύει
2537 4025 2627 4078 τὸν
2665 4025 2848 4094 λόγον,
2879 4026 2952 4089 ὡς
2983 4026 3225 4094 εἴρηται.

541 4103 772 4158 fortasse
815 4119 925 4174 pra-
989 4103 1434 4176 pusillanimitate
1482 4107 1854 4163 concutimini.
1909 4107 2108 4164 Verum
2149 4111 2260 4168 haec
2285 4132 2390 4172 non
2417 4130 2603 4188 aperte
2627 4121 2775 4187 dicit,
2806 4121 2900 4177 sed
2957 4121 3262 4174 orationem
3337 4117 3631 4170 artificiose.
3672 4131 3817 4167 cou-

543 4195 697 4262 texit,
725 4196 804 4272 uti
833 4196 1033 4252 dictum
1058 4205 1166 4254 est.

612 4261 776 4346 venit.
819 4291 906 4345 i5.
953 4309 973 4342 ι
1029 4289 1164 4346 ΝοΙο
1207 4298 1388 4347 autem
1437 4306 1538 4346 vos
1581 4291 1863 4362 ignorare,
1899 4291 2114 4358 fratres,

2300 4319 2318 4351 ι
2353 4301 2426 4354 0-3
2466 4299 2604 4353 Οέλω
2627 4301 2682 4352 δέ
2714 4300 2850 4367 ὕμΞς
2879 4299 3118 4364 ἀγνοεῖν,
3147 4295 3389 4366 ἀδελφοὶ,
3427 4295 3508 4348 ὅτι
3543 4293 3817 4356 πολλάκις

541 4381 685 4448 quod
727 4395 870 4451 szepe
917 4383 1174 4453 proposui
1209 4383 1397 4438 venire
1449 4383 1517 4437 ad
1548 4397 1666 4447 vos.
1715 4395 1767 4439 et
1814 4385 2118 4454 prohibitus

541 4487 660 4533 sum
691 4471 996 4542 hucusque.
1041 4493 1059 4526 ι
1110 4473 1400 4544 Postquam
1469 4490 1632 4544 supra
1689 4477 1925 4544 dixerat,
1979 4479 2119 4549 Opto

541 4563 728 4620 venire
753 4567 818 4621 ad
845 4581 960 4629 vos,
1023 4582 1086 4621 ac
1153 4567 1444 4622 verisimile
1501 4578 1618 4622 erat
1666 4571 1929 4638 quosdam
1967 4571 2118 4642 cogi-

543 4662 662 4709 tare
681 4671 885 4723 secum,
927 4657 984 4712 Si
1022 4666 1178 4727 optas
1203 4667 1258 4714 et
1286 4657 1630 4728 concupiscis
1657 4659 1713 4728 9
1737 4660 2024 4724 consolari,
2063 4669 2117 4716 et

541 4750 969 4806 consolationem
1007 4767 1197 4806 rursus
1218 4751 1486 4820 accipere,
1529 4752 1658 4822 quid
1695 4760 1778 4807 est
1809 4755 1954 4823 quod
1989 4766 2116 4822 pro-

539 4841 747 4905 hibeat,
807 4857 914 4911 quo
973 4843 1152 4898 minus
1198 4843 1419 4898 venias?
1477 4843 1784 4909 subiutulit,
1859 4845 2115 4914 quoniam

546 4951 566 4986 ι
613 4932 926 4990 Prnhibitus
953 4949 1072 4990 sum
1113 4953 1132 4986 ι
1169 4951 1198 4989 a
1241 4936 1372 4990 Deo.
1396 4935 1781 4992 Animadverte
1804 4951 1954 5002 vero,
1977 4952 2116 5006 quo-

542 5027 702 5082 modo
731 5043 839 5082 non
870 5029 1085 5083 curiose
1111 5029 1349 5098 inquirat
1375 5044 1474 5084 cur
1519 5030 1588 5084 sit
1619 5029 1948 5099 prohibitus.
1981 5028 2118 5084 Nam

546 5118 847 5176 Dominicis
899 5121 1169 5175 mandatis
1197 5121 1356 5191 plane
1393 5122 1732 5192 obsequitur,
1761 5121 2018 5178 erudiens
2068 5129 2124 5175 et

550 5228 672 5278 nos,
711 5228 780 5269 ne
815 5213 1035 5268 curiose
1067 5213 1387 5284 indagemus
1411 5230 1475 5268 ea
1507 5229 1631 5284 quae
1664 5214 1806 5268 Deus
1833 5212 1983 5268 facit.
2017 5212 2124 5266 De-

453 5335 465 5348 κ
547 5304 764 5358 nuntiat
789 5305 976 5375 itaque
1019 5304 1303 5374 Romanis,
1329 5307 1472 5377 quod
1526 5321 1631 5361 non
1687 5321 1784 5376 per
1814 5305 2121 5360 socordiam

547 5407 640 5450 aut
672 5408 1048 5466 contemptum
1086 5414 1192 5454 non
1231 5399 1464 5454 venerit.
1496 5399 1646 5455 Adeo
1679 5399 1824 5454 enim
1873 5399 2129 5450 ardenter

546 5500 644 5542 vos
662 5488 844 5558 diligo.
869 5491 1060 5562 inquit,
1087 5503 1144 5547 ut
1167 5507 1342 5562 neque
1362 5492 1665 5563 prohibitus
1689 5489 2019 5556 destiterim,
2036 5487 2127 5542 sed

2226 4393 2540 4461 προεθέμην
2566 4392 2702 4462 πρὶς
2724 4391 2870 4460 ὑμᾶς
2901 4390 3096 4452 ἐλθεῖν,
3130 4388 3225 4443 καὶ
3247 4387 3530 4457 ἐκωλύθην
3555 4386 3688 4456 ἄχρι
3714 4389 3817 4438 τοῦ

2225 4484 2404 4552 δεῦρο.
2450 4503 2468 4535 ι
2515 4483 2734 4554 Ἐπειδὴ
2763 4481 3024 4552 ἀνωτέρω
3049 4479 3223 4540 εἶπεν,
3243 4481 3325 4533 ὅτι
3359 4478 3607 4550 Εὑχομαι
3631 4479 3820 4530 ἐλθεῖν

2227 4573 2364 4641 πρὸς
2401 4571 2566 4642 ὑμᾶς,
2605 4571 2753 4634 εἰκὸς
2787 4570 2844 4623 δὲ
2892 4567 2961 4642 ἦν
3007 4587 3160 4634 τινας
3216 4571 3554 4640 ὑπονοῆσαι,
3614 4571 3696 4622 ὅτι
3751 4571 3820 4623 lii

2225 4662 2358 4734 εὔχῃ
2399 4663 2495 4716 καὶ
2534 4663 2829 4733 ἐπιθυμεῖς
2861 4661 3268 4732 παρακαλέσαι,
3321 4660 3417 4715 καὶ
3447 4659 3820 4730 παρακληθῆ-

2223 4773 2330 4816 ναι,
2354 4757 2405 4807 τί
2423 4755 2484 4807 τὸ
2511 4755 2718 4809 κωλῦον
2748 4753 2954 4821 ἐλθεῖν;
2981 4757 3283 4826 ἐπήγαγεν,
3308 4757 3388 4808 ὅτι
3418 4773 3436 4806 ι
3460 4751 3816 4820 Ἐκωλὺθηνι

2225 4847 2398 4900 ἐλθεῖν
2430 4847 2535 4900 ὑπὸ
2559 4845 2694 4900 Θεοῦ
2720 4847 2786 4902 ’³.
2820 4847 2968 4920 Ὅρα
3009 4847 3086 4912 δέ,
3126 4847 3245 4911 πῶς
3289 4847 3348 4899 οὑ
3384 4845 3820 4916 περιεργάζεται

2227 4938 2314 4991 διὰ
2354 4938 2406 4990 τί
2441 4937 2714 5007 ἐκωλύθη,
2765 4937 2882 4990 ἀλλ’
2921 4938 3137 4991 ὑπείκει
3196 4939 3240 4971 ³⁰
3285 4941 3399 5000 τοῖς
3454 4939 3823 4996 Δεσποτικοῖς

2229 5010 2642 5096 προστάγμασι,
2668 5027 2940 5081 παιδεύων
2971 5029 3066 5081 καὶ
3095 5030 3264 5098 ἡμᾶς,
3289 5027 3372 5080 ἵνα
3401 5031 3475 5096 μὴ
3510 5043 3666 5094 πῖριε
3680 5041 3824 5094 ργα-

2229 5119 2449 5188 ζώμεθα
2468 5119 2504 5174 ὃ.
2527 5121 2552 5172 ὁ
2581 5120 2712 5184 est;
2742 5121 2906 5176 ποιεῖ.
2936 5119 3220 5172 Δεικνυσιν
3241 5116 3334 5181 οὑν
3351 5121 3464 5182 τοῖς
3489 5117 3818 5184 Ῥωμαίοις.

2231 5214 2312 5266 ὅτι
2343 5211 2403 5266 οὑ
2429 5212 2518 5264 δια
2565 5211 2862 5282 ρᾳθυμίαν,
2901 5212 2934 5282 ἢ
2967 5211 3399 5280 καταφρόνησιν,
3453 5210 3555 5262 οὑκ
3588 5208 3817 5277 ἤρχετο.

2233 5302 2499 5356 Τοσοῦτον
2530 5303 2637 5374 γὰρ
2669 5302 3026 5373 περικαίομαι
3059 5301 3237 5370 ὑμῶν,
3267 5301 3349 5351 ὅτι
3375 5299 3496 5352 οὑδέ
3531 5296 3823 5365 κιυλιιόμεο

2235 5411 2322 5458 νος
2355 5395 2692 5464 ἀφιστάμην,
2752 5395 2889 5449 ἀλλά
2919 5393 3082 5446 πᾶλιν
3119 5393 3214 5445 καὶ
3262 5390 3426 5442 πάλιν
3485 5387 3822 5461 ἐπεχείρουν

2237 5485 2432 5550 ἐλθεῖν,
2471 5485 2558 5537 διὰ
2586 5486 2684 5555 τὴν
2711 5483 2944 5556 σφοδρὰν
2981 5483 3111 5556 περὶ
3133 5483 3278 5553 ὑμᾶς
3304 5480 3547 5551 ἀγάπην.

551 5577 750 5635 iterum
777 5593 941 5654 atque
977 5585 1172 5642 iterum
1211 5593 1438 5642 conatus
1459 5600 1581 5641 sum
1617 5583 1824 5650 venire,
1856 5582 1926 5637 ob
1960 5581 2334 5634 vehementem
2360 5593 2484 5647 erga
2521 5593 2617 5631 vos
2649 5577 3010 5630 dilectionem.

1603 5689 1620 5739 ὅ

1881 5739 2083 5801 Variae
2116 5739 2442 5802 lectiones.

622 5870 672 5905 "
693 5871 998 5936 ἀποδημίας
1020 5889 1074 5928 ο.
1151 5874 1196 5905 ³³
1229 5872 1337 5940 γάο
1367 5890 1418 5930 ο.
1493 5872 1540 5905 ¹⁶
1559 5867 1694 5937 πρὸς
1720 5887 1771 5926 ο.
1853 5872 1896 5904 ’⁷
1929 5869 2242 5937 κατάφορον
2264 5885 2316 5926 0.
2357 5935 2362 5941 ἣ
2397 5869 2442 5901 ’⁸
2479 5868 2566 5922 ῖσ.
2605 5866 2791 5920 αὑτόν.
2834 5867 2880 5900 ⁸³
2913 5865 3062 5936 παρά
3093 5864 3230 5920 Θεοῦ
3253 5880 3305 5922 o.

3384 5865 3431 5901 ³⁸
3465 5865 3731 5921 ὑπέκειτο
3762 5879 3824 5922 o.
