4038 6588
255 441 378 504 340

259 644 327 697 ἐν
359 647 472 706 τοῖς
504 645 715 709 λοιποῖς
746 646 975 703 ἔθνεσιν.
1017 668 1036 700 3
1087 651 1305 723 Ἐπειδὴ
1337 653 1696 724 περίδλεπτος
1722 650 1789 727 ἦν
1822 659 1857 725 ἠ

263 737 452 801 πόλις,
490 739 584 791 καὶ
640 740 842 804 πάντες
882 742 1018 810 πρὸς
1062 742 1231 811 αὐτὴν
1283 746 1594 816 συνέρρεον,
1646 749 1735 803 διὰ
1789 750 1861 821 τὰ

263 826 328 877 ἐν
354 827 490 897 αὐτῇ
523 829 567 859 ³¹
598 828 873 900 θαύματα,
904 831 998 884 καὶ
1026 830 1123 901 τὴν
1150 832 1307 899 δόξαν
1336 836 1529 905 αὐτῆς,
1556 837 1646 892 ἵνα
1673 841 1745 910 μή
1778 858 1861 906 τις

264 917 470 988 νομίσῃ
517 920 609 972 τὸν
642 921 852 975 Παῦλον
890 922 977 975 διὰ
1026 924 1124 991 τὴν
1155 925 1326 994 αὐτὴν
1354 928 1534 981 αἰτίαν
1558 928 1861 1001 ’ἐπιθυμεῖν

266 1011 371 1080 τῆς
397 1011 529 1075 θέας
568 1014 774 1078 αὐτῶν,
800 1017 966 1085 φησί·
1000 1016 1098 1069 Διὰ
1137 1016 1291 1070 τοῦτο
1321 1019 1630 1089 ἐπεθύμουν
1663 1024 1858 1092 ἐλθεῖν,

286 1121 307 1153 ‹
333 1103 423 1155 ἶνα
454 1104 577 1156 τινα
606 1106 822 1174 καρπὸν
855 1106 991 1176 σχῶ.
1034 1126 1052 1159 3
1069 1107 1214 1177 ’Δμα
1241 1107 1297 1160 δέ
1315 1110 1407 1161 καὶ
1423 1110 1519 1180 τὴν
1536 1112 1701 1182 ἄλλην
1725 1113 1859 1167 ὑπό-

264 1211 424 1246 νοιαν
478 1194 630 1247 λύει·
674 1196 803 1260 ἴσως
841 1198 950 1269 γὰρ
983 1194 1134 1251 εἶπεν
1186 1200 1249 1252 ἄν
1284 1215 1391 1263 τις,
1436 1201 1517 1253 δτι
1555 1198 1655 1255 Διά
1700 1202 1861 1257 τοῦτο

268 1286 544 1346 ἐκωλύου.
577 1288 714 1342 διότι
745 1289 806 1341 οὐ
840 1290 980 1343 κατὰ
1010 1292 1143 1343 Θεὸν
1176 1289 1353 1343 ἐλθεῖν
1397 1291 1639 1348 ἐϐούλου.
1688 1295 1860 1365 Φησὶν

267 1378 393 1440 οὖν,
425 1379 506 1432 ὅτι
534 1381 761 1451 Καρπὸν
802 1385 948 1452 σχεῖν
974 1384 1297 1456 ἐϐουλόμην.
1338 1387 1454 1441 Οὐκ
1485 1384 1607 1441 εἶπε
1632 1386 1710 1452 δὲ,
1742 1388 1860 1440 Ἵνα

268 1474 600 1542 κατηχήσω,
642 1474 729 1528 ἵνα
771 1475 1002 1540 διδάξω*
1031 1478 1167 1532 ἀλλὰ
1220 1480 1645 1550 μετριοφρονῶν,
1678 1502 1696 1531 ι
1743 1481 1861 1534 Ἱνα

267 1566 397 1617 τινὰ
441 1566 655 1635 καρπὸν
691 1567 802 1636 σχῶ
826 1581 843 1596 ·
884 1586 902 1619 3
938 1568 1126 1639 ὥσπερ
1153 1573 1247 1626 καὶ
1278 1573 1551 1641 ἀνωτέρω,
1592 1590 1612 1624 ι
1648 1572 1765 1625 Ἰνα
1805 1590 1859 1625 τι

276 1657 497 1724 μεταδῶ
526 1657 791 1727 χάρισμα.
820 1678 839 1711 3
870 1660 1180 1714 Συστέλλων
1204 1663 1259 1714 δὲ
1290 1666 1383 1716 καὶ
1429 1663 1647 1727 αὐτοὺς,
1682 1663 1855 1733 φησί·

276 1764 297 1797 ι
341 1748 536 1810 Καθὼς
559 1752 653 1802 καὶ
684 1752 740 1803 ἐν
770 1753 883 1813 τοῖς
906 1752 1115 1814 λοιποῖς
1136 1752 1335 1805 ἔθνεσι.
1367 1771 1384 1802 3
1416 1752 1507 1823 Μὴ
1535 1754 1642 1820 γὰρ
1669 1752 1858 1822 ἐπειδὴ

272 1837 618 1907 β-ασιλεύετε,
662 1842 919 1912 νομίσητε
976 1845 1258 1913 κρείττους
1303 1838 1442 1897 εἶναι
1496 1844 1607 1897 τῶν
1652 1843 1856 1897 λοιπῶν

270 1930 482 1983 ἐθνῶνο
517 1932 576 1985 ἐν
605 1932 697 2004 ἴσῃ
719 1936 829 2004 γάρ
859 1933 1011 1998 τάξει
1041 1934 1286 1989 ἴστασθε.

273 2136 508 2174 Canum.

355 2230 375 2263 ι
415 2212 644 2283 Ἕλλησί
692 2230 751 2267 τε
780 2215 874 2268 καὶ
908 2215 1237 2286 Βαρδάροις,
1277 2220 1459 2286 σοφοῖς
1484 2233 1543 2270 τε
1580 2217 1669 2270 καὶ
1703 2216 1864 2288 ἀνοή-

267 2320 393 2367 τοις
421 2303 708 2375 ὀφειλέτης
735 2306 873 2376 είμί.
906 2306 1062 2360 Οὕτω
1098 2309 1158 2361 τὸ
1185 2309 1305 2361 κατ’
1330 2310 1428 2380 ἐμὲ
1464 2309 1741 2381 πρόθυμον
1767 2309 1862 2363 καὶ

270 2394 409 2464 ὑμῖν
435 2399 544 2457 τοῖς
569 2397 625 2448 ἐν
672 2396 856 2471 Ῥώμῃ
884 2399 1360 2466 εὐαγγελίσασθαι.
1399 2420 1417 2452 3
1447 2402 1557 2455 Kal.
1577 2401 1736 2454 τούτο
1762 2418 1862 2472 με·

270 2488 705 2559 τριοφροσύνης.
746 2490 915 2547 Οὐδὲν
969 2493 1097 2562 γάρ,
1141 2492 1327 2561 φησὶν,
1384 2492 1493 2560 ἐγὼ
1540 2493 1856 2563 χαρίζομαι,

276 2580 400 2634 ἀλλ’
461 2580 742 2649 ἐπίταγμα
800 2582 992 2650 πληρῶ
1051 2584 1400 2651 Δεσποτικὸν,
1462 2587 1559 2638 καὶ
1613 2584 1692 2654 τῷ
1740 2585 1861 2656 Θεῷ

273 2670 624 2740 εὐχαριστεῖν
671 2671 752 2723 δεῖ
808 2674 979 2742 ὑμᾶς·
1039 2674 1245 2737 ἐκεῖνος
1295 2674 1405 2743 γὰρ
1451 2677 1479 2728 ὁ
1531 2676 1857 2747 εὐεργετῶν,

274 2764 393 2832 ἐγὼ
414 2764 467 2817 δὲ
490 2764 773 2834 ὀφειλέτης
801 2767 937 2834 εἰμὶ,
963 2767 1056 2819 καὶ
1081 2767 1456 2838 ἀπαραίτητον
1483 2770 1641 2840 χρέος
1662 2769 1771 2839 ἔχω
1797 2769 1858 2823 τὸ

273 2855 573 2927 κηρύττειν
602 2873 616 2886 ο
644 2856 672 2909 ὂ
705 2856 798 2909 καὶ
847 2860 960 2919 τοῖς
1007 2858 1313 2929 Κορινθίοις
1343 2860 1481 2930 ἔφη’
1518 2879 1536 2912 ι
1597 2862 1733 2914 Οὐαί
1771 2878 1859 2931 μοι

276 2947 378 2998 ἐὰν
430 2948 503 3017 μὴ
548 2947 1006 3018 εὐαγγελίζωμαι.
1063 2967 1081 3000 3
1120 2950 1404 3019 Πρόθυμος
1451 2950 1544 3004 οὖν
1598 2954 1713 3023 εἰμι
1767 2954 1860 3007 καὶ

277 3039 413 3106 ὑμῖν
441 3040 693 3110 κηρύξαι,
725 3040 827 3092 κᾶν
859 3041 1089 3094 κίνδυνοι
1126 3042 1470 3113 προορῶνται
1490 3060 1503 3074 ·
1537 3042 1706 3108 οὕτως
1741 3043 1859 3109 ἔζεε

275 3133 349 3201 τῇ
377 3132 516 3203 ὑπὲρ
550 3132 644 3185 τοῦ
677 3133 913 3203 Χριστοῦ
947 3133 1173 3205 σπουδῇ.

360 3423 378 3454 ι
422 3401 495 3455 Οὐ
545 3402 651 3473 γὰρ
684 3403 1083 3475 ἐπαισχύνομαι
1131 3405 1192 3459 τὸ
1232 3407 1562 3476 Εὐαγγέλιον
1592 3406 1685 3461 τοῦ
1721 3408 1857 3479 Χρι-

1098 449 1507 512 EXPOSITIO
1546 454 1624 514 ΙΝ
1656 455 1895 517 EPIST.
1939 459 2040 518 AD
2085 460 2268 522 ROM.
2301 486 2369 497 -·
2399 463 2562 524 CAP.
2594 465 2642 526 Ι.

348 572 370 605 ι
407 551 527 607 Ἵνα
570 555 690 609 τινὰ
733 556 942 629 καρπὸν
990 560 1103 630 σχῶ
1134 564 1228 615 καὶ
1260 564 1317 615 ἐν
1348 564 1497 635 ὑμῖν,
1526 565 1708 631 καθὼς
1752 568 1849 622 καὶ
1883 578 1926 633 Α

3432 477 3536 534 350

2031 591 2049 625 ι
2087 571 2158 628 Ut
2191 573 2425 630 fructum
2445 577 2693 644 ‘atiqnent
2726 576 2949 632 habeant
2982 577 3035 632 in
3075 578 3243 645 vobis,
3275 585 3537 650 quemad-

1971 666 2187 718 modum
2220 676 2273 721 et
2303 667 2354 720 in
2397 667 2619 738 reliquis
2652 668 2920 737 gentibus.
2959 688 2979 723 3
3019 670 3153 737 Quia
3190 672 3539 729 celeberrima

1962 763 2081 810 erat
2110 760 2258 821 urbs,
2290 767 2347 813 et
2394 773 2584 813 omnes
2629 761 2697 812 ad
2753 776 2871 815 eam
2919 761 3262 817 conﬂuebant
3319 776 3537 834 propter

1964 847 2203 901 miranda
2223 863 2342 917 quae
2366 848 2420 902 in
2452 849 2566 918 ipsa
2593 853 2992 917 spectabantur,
3012 836 3539 924 et‘magnilicentiam

1960 935 2100 1006 ejus,
2138 954 2204 992 ne
2247 938 2370 1008 quis
2418 940 2713 1004 existimet,
2761 942 2904 1011 quod
2956 943 3151 999 Paulus
3188 946 3256 1000 ob
3294 948 3540 1002 eamdem

1961 1042 2177 1082 causam
2221 1043 2315 1085 eos
2366 1030 2547 1085 Videre
2598 1031 2901 1100 desideret,
2938 1033 3166 1104 Propter
3199 1038 3318 1101 hoc,
3349 1039 3541 1107 inquit.

1959 1120 2332 1176 desiderabam
2353 1122 2560 1188 venire,
2590 1143 2606 1174 ‹
2644 1123 2964 1179 utfructum
2985 1125 3214 1195 aliquem
3238 1128 3485 1184 habeam.
3518 1150 3537 1183 3

1960 1210 2129 1267 Simul
2159 1222 2334 1269 autem
2393 1224 2447 1270 et
2494 1216 2656 1270 aliam
2689 1215 3051 1285 suspicionem
3104 1219 3279 1275 diluit.
3336 1221 3540 1277 Forsan

1959 1303 2099 1357 enim
2139 1304 2361 1360 dixisset
2395 1307 2681 1377 quispiam,
2732 1307 2861 1362 Eam
2897 1310 2965 1363 ob
2991 1324 3207 1364 causam
3229 1312 3541 1380 prohibeba-

1961 1395 2057 1460 ris,
2082 1396 2222 1465 quod
2273 1412 2378 1451 non
2421 1398 2719 1454 secundum
2749 1398 2840 1454 Dei
2870 1399 3196 1456 voluntatem
3233 1404 3419 1458 venire
3445 1419 3542 1457 vo-

1960 1486 2124 1541 lueris
2166 1504 2180 1540 :
2210 1486 2341 1543 dicit
2374 1488 2539 1559 igitur
2561 1528 2576 1554 ,
2611 1491 2869 1546 Fructum
2899 1493 3096 1548 habere
3124 1495 3390 1553 volebam.
3428 1495 3544 1552 Non

1959 1586 2136 1630 autem
2160 1577 2257 1643 ait,
2286 1577 2668 1646 Utinstituam,
2695 1593 2751 1635 ut
2776 1582 3017 1651 doceam,
3046 1600 3232 1639 verum
3265 1588 3545 1642 moderate.

1960 1666 2207 1736 loquens,
2250 1686 2270 1720 ι
2313 1666 2647 1757 Dtaliqupm
2701 1670 2934 1727 fructum
2969 1674 3221 1731 habeam.
3265 1694 3284 1728 3
3317 1676 3544 1733 Perinde

1958 1770 2023 1810 ac
2051 1771 2235 1825 supra,
2280 1777 2300 1809 ι
2339 1756 2415 1812 Ut
2440 1756 2654 1829 aliquod
2684 1762 2881 1815 donum
2910 1763 3236 1832 impertiam.
3272 1784 3291 1817 3
3331 1766 3545 1821 lllouum

1960 1855 2139 1901 autem
2165 1846 2358 1902 fastum
2385 1863 2753 1919 compescens,
2786 1852 2982 1923 inquit,
3022 1871 3041 1906 ι
3075 1855 3541 1921 Quemadmodum

1886 1916 1930 1974 Β
1958 1944 2011 1990 et
2058 1936 2111 1990 in
2159 1936 2382 2008 reliquis
2407 1916 2672 2008 gentibus.
2710 1916 2879 1996 3Nou
2912 1916 3054 1997 enim
3084 1916 3213 2014 quia
3253 1948 3539 2016 itnperimn

268 2027 428 2085 orbis
460 2042 625 2096 penes
662 2043 755 2082 vos
782 2034 886 2092 est,
918 2027 1254 2082 arbitremini
1296 2041 1393 2082 vos
1431 2027 1652 2096 reliquis
1684 2028 1934 2097 gentibus
1962 2031 2369 2098 prmstantiores
2445 2047 2565 2090 esse
2595 2050 2611 2089 :

2686 2035 2877 2105 azquali
2940 2036 3083 2092 enim
3123 2038 3311 2094 ordino
3372 2040 3544 2096 colin-

2034 2211 2202 2268 Vetts.
2236 2212 2324 2280 14,
2354 2212 2443 2269 15.
2491 2231 2511 2267 ι
2559 2212 2760 2271 Graecis
2805 2223 2859 2270 ct
2893 2215 3172 2282 Barbaris,
3213 2218 3545 2289 sapientibus

1963 2316 2018 2361 et
2056 2304 2433 2375 insipientibus
2478 2306 2690 2361 debitor
2741 2324 2883 2364 sum.
2933 2309 3011 2364 [ta
3055 2322 3317 2382 quantum
3357 2313 3411 2367 in
3460 2330 3545 2369 me

1964 2405 2070 2465 est,
2104 2404 2325 2467 paratus
2354 2411 2470 2452 sum
2504 2406 2557 2453 et
2586 2398 2755 2465 vobis,
2789 2401 2879 2469 qui
2911 2398 3097 2456 Roma:
3124 2402 3276 2468 estis,
3309 2418 3545 2472 evange-

1966 2488 2150 2542 Iizare.
2188 2506 2208 2541 3
2244 2486 2359 2544 Hoc
2387 2488 2549 2542 etiam
2579 2503 2645 2544 ex
2674 2489 2929 2545 modestia
2964 2504 3168 2548 manat.
3204 2491 3346 2548 Nihil
3374 2495 3539 2559 enim,

1964 2580 2157 2649 inquit,
2209 2594 2310 2651 ego
2372 2579 2534 2647 dono,
2574 2595 2758 2634 verum
2803 2579 3013 2635 Domini
3069 2583 3173 2637 mei
3224 2583 3537 2640 mandatum

1962 2672 2247 2742 adimpleo,
2275 2670 2490 2741 Deoque
2510 2687 2604 2727 vos
2630 2672 2831 2744 gratias
2852 2688 3011 2743 agere
3042 2675 3293 2730 convenit
3324 2692 3339 2730 :
3372 2677 3545 2747 siqui-

1961 2761 2083 2816 dem
2131 2762 2219 2817 ille
2254 2762 2569 2817 benefactor
2595 2773 2696 2824 εει,
2725 2778 2823 2832 ego
2854 2779 2982 2818 vero
3015 2782 3034 2815 ι
3084 2763 3295 2819 debitor
3331 2782 3473 2835 sum,
3522 2787 3540 2819 3

1961 2865 2015 2909 et
2042 2854 2389 2909 irrecusabile
2408 2854 2647 2909 debitum
2678 2855 2849 2911 habeo
2874 2856 3222 2925 praedicandi,
3241 2859 3413 2926 ipsum
3437 2862 3546 2913 sci-

1962 2946 2086 3017 licet
2139 2962 2381 3001 munus:
2417 2949 2559 3016 quod
2610 2958 2666 3002 et
2717 2946 3014 3004 Corinthiis
3068 2950 3333 3004 dicebat:
3386 2968 3409 3005 ι
3452 2950 3544 3006 Va:

1961 3037 2115 3101 mihi,
2139 3038 2186 3093 si
2215 3051 2319 3091 non
2344 3039 2781 3107 evangelizavero
2796 3054 2839 3093 ο.
2872 3059 2893 3092 3
2917 3038 3150 3095 Proinde
3166 3056 3297 3096 sane
3324 3053 3543 3110 paratus

1959 3146 2077 3184 sum
2108 3139 2162 3184 et
2203 3130 2355 3184 vobis
2392 3128 2740 3201 Evangelium
2783 3132 3126 3196 annuntiare,
3156 3133 3367 3188 etiamsi
3393 3135 3540 3202 peri-

1963 3220 2080 3275 cula
2128 3219 2301 3276 oculis
2342 3219 2716 3278 observentur.
2754 3222 2927 3278 Tanto
2957 3223 3012 3279 in
3048 3225 3322 3280 Christum
3344 3224 3545 3295 ﬂagra-

1964 3311 2053 3365 bat
2074 3312 2273 3366 studio.
3278 3376 3283 3379 _

2033 3402 2201 3458 Vens.
2228 3402 2315 3458 16.
2346 3424 2365 3456 ι
2402 3403 2514 3458 Non
2539 3404 2683 3459 enim
2707 3405 2868 3474 pudet
2892 3422 2976 3461 mc
3006 3403 3280 3474 Evangelii
3322 3403 3543 3459 Christi.

280 3492 413 3545 στοῦ
437 3510 448 3523 ·
480 3491 709 3564 δύναμις
741 3495 849 3565 γὰρ
892 3494 1028 3548 Θεοῦ
1062 3497 1210 3551 ἐστιν
1248 3498 1328 3560 εἰς
1377 3499 1648 3569 σωτηρίαν
1694 3500 1856 3553 παντὶ

1962 3492 2148 3548 Virtus
2197 3496 2340 3549 enim
2377 3493 2470 3551 Dei
2521 3505 2606 3550 est
2644 3496 2711 3550 ad
2760 3496 2989 3551 salutem
3023 3497 3170 3551 omni
3218 3496 3483 3551 credenti.
3518 3514 3537 3548 3

277 3583 356 3652 τῷ
381 3583 709 3637 πιστεύοντι.
757 3604 775 3636 3
828 3586 1043 3658 Ἐπειδὴ
1088 3588 1136 3639 οἱ
1180 3587 1434 3657 Ῥωμαῖοι
1477 3589 1680 3659 σφόδρα
1713 3585 1856 3660 ἦσαν

279 3675 606 3745 ἐπτοημένοι
658 3675 787 3745 περὶ
840 3678 938 3747 τὴν
985 3678 1081 3731 τοῦ
1134 3680 1339 3748 κόσμου
1382 3679 1562 3745 δόξαν,
1611 3681 1773 3745 αὐτὸς
1798 3683 1856 3737 δὲ

278 3765 473 3835 ἔμελλε
504 3768 793 3837 κηρύττειν
825 3769 915 3822 τὸν
950 3771 1127 3824 πάντα
1157 3770 1222 3824 τὰ
1252 3770 1352 3840 τῆς
1381 3772 1605 3843 ἀτιμίας
1645 3773 1689 3805 ³⁸
1721 3774 1857 3827 ὐπο-

285 3861 546 3928 μείναντα
597 3862 824 3932 Ἰησοῦν,
856 3865 949 3916 καὶ
979 3864 1125 3926 εἰκὸς
1164 3860 1233 3935 ἦν
1282 3865 1480 3928 αὐτοὺς
1527 3866 1858 3935 ἐπαισχύνε-

284 3954 410 4006 σθαι
456 3954 682 4024 τοιούτῳ
738 3955 982 4008 δοκοῦντι
1027 3955 1273 4025 Σωτῆρι·
1318 3956 1406 4010 διὰ
1449 3957 1607 4009 τοῦτό
1655 3973 1850 4027 φησιν’

291 4065 306 4095 ι
354 4048 468 4099 Ούκ
514 4048 911 4118 ἐπαισχύνομαι
935 4065 950 4081 ο
991 4067 1011 4100 3
1046 4046 1285 4112 ἐκείνους
1314 4050 1451 4112 τέως
1482 4050 1747 4105 διδάσκων
1778 4051 1853 4123 μή

285 4138 727 4207 ἐπαισχύνεσθαι,
770 4139 972 4192 ἐπείτοι
1003 4157 1066 4209 γε
1101 4140 1260 4203 αὐτὸς
1314 4143 1376 4194 οὺ
1414 4142 1576 4211 μόνον
1611 4143 1710 4196 οὐκ
1758 4146 1857 4198 ἐπ-

278 4227 723 4301 ῃσχύνετο,ιὰλλὰ
752 4230 845 4282 καὶ
874 4231 1332 4296 ἐνεκαλλωπίζετο
1360 4233 1436 4303 τῷ
1455 4236 1855 4307 ἐσταυρωμένῳ

280 4324 375 4374 καὶ
407 4322 753 4391 ἐνεκαυχᾶτο.
787 4323 939 4393 ’Λμα
968 4323 1024 4376 δὲ
1055 4326 1147 4378 καὶ
1174 4326 1359 4397 ἐπειδὴ
1386 4328 1539 4380 αὐτοὶ
1570 4330 1661 4381 ἐπὶ
1694 4330 1856 4400 σοφίᾳ

280 4414 617 4485 ἐκόμπαζον,
655 4415 816 4482 Ἐγὼ,
847 4418 998 4486 φησὶ,
1033 4419 1262 4487 σταυρὸν
1290 4420 1517 4489 ἔρχομαι
1547 4422 1852 4492 κηρύττωνσ

280 4508 373 4560 καὶ
397 4508 457 4559 οὐ
484 4508 572 4560 διὰ
594 4507 749 4560 τοῦτο
772 4507 1115 4578 αἰσχύνομαι·
1143 4510 1409 4580 «Δύναμις
1424 4512 1531 4581 γὰρ
1553 4513 1686 4567 Θεοῦ
1707 4515 1855 4568 ἐστιν

280 4599 362 4659 είς
396 4598 671 4667 σωτηρίαν
698 4598 966 4653 ³³.»Ἔστι
1002 4601 1095 4653 καὶ
1128 4600 1359 4672 δύναμις
1395 4606 1472 4666 είς
1499 4604 1743 4671 κόλασιν,
1778 4606 1855 4671 ὡς

277 4693 392 4751 τοῖς
422 4690 737 4757 Αἰγυπτίοις
767 4692 1100 4746 ἐνεδείκνυτο
1129 4695 1157 4746 ὁ
1182 4695 1313 4758 Θεὸς
1342 4695 1440 4765 τὴν
1488 4697 1654 4751 αὐτοῦ
1696 4699 1856 4752 δύνα-

282 4797 399 4851 μιν,
431 4781 673 4843 κολάζων
691 4782 908 4846 αὐτούς.
932 4784 1088 4837 Ἔστι
1117 4786 1211 4839 καὶ
1239 4789 1318 4850 εἰς
1350 4788 1649 4854 ἀπώλειαν,
1679 4788 1754 4853 ὡς
1770 4790 1851 4855 τὸ,

282 4891 301 4923 ι
338 4874 615 4944 Φοϐήθητε
652 4875 741 4926 τὸν
768 4876 1063 4945 δυνάμενον
1094 4878 1356 4933 ἀπολέσαι
1386 4881 1444 4933 ἐν
1473 4881 1688 4954 γεέννῃ.
1727 4902 1747 4936 3
1787 4885 1853 4937 'A

274 4965 455 5018 τοίνυν
488 4963 598 5033 ἐγὼ
626 4967 654 5018 ὁ
684 4967 890 5030 Παῦλος
925 4969 1194 5039 κηρύττω,
1251 4972 1312 5024 ού
1343 4973 1562 5026 κόλασιν
1620 4975 1714 5027 καὶ
1747 4975 1855 5028 ἁπ-

275 5055 475 5107 ὠλειαν
504 5056 763 5129 περιέχει,
787 5058 919 5111 ἀλλὰ
939 5062 1231 5131 σωτηρίαν.
1258 5062 1377 5115 Τίνι
1407 5064 1496 5129 se;
1534 5082 1552 5117 t
1583 5065 1753 5117 Παντὶ
1780 5065 1858 5136 τῷ

278 5142 643 5198 πιστεύοντι.»
677 5148 751 5199 Οὐ
779 5146 888 5218 γὰρ
920 5149 1102 5212 ἁπλῶς
1128 5151 1293 5203 πᾶσίν
1322 5153 1556 5216 ἐστινείς
1587 5153 1858 5225 σωτηρίαν

274 5237 338 5287 τὸ
377 5236 729 5304 Ειίαγγέλιον,
760 5238 895 5291 ἀλλὰ
919 5242 1027 5303 τοῖς
1056 5241 1535 5313 παραδεχομένοις.

353 5433 372 5465 ι
424 5413 658 5483 Ἰουδαίῳ
682 5431 740 5466 τε
764 5417 974 5486 πρῶτον
998 5416 1090 5469 καὶ
1114 5415 1336 5486 Ἕλληνι
1357 5436 1376 5469 3
1396 5416 1489 5482 Τὸ,
1516 5436 1534 5469 ι
1561 5418 1802 5489 Πρῶτον,
1829 5439 1847 5471 3

276 5503 533 5570 ἐιταῦθα,
566 5504 769 5569 τάξεώς
800 5506 918 5557 ἐστι
942 5506 1101 5575 τιμὴ,
1132 5507 1190 5558 οὐ
1242 5508 1462 5577 χάριτος
1496 5511 1852 5581 πλεονασμός.

348 5646 375 5675 °
412 5640 431 5694 Ι
467 5639 593 5695 Cor.
626 5640 817 5705 1ῗ,16.
895 5653 923 5693 Ρ
946 5640 1138 5698 Matth.
1168 5661 1221 5711 x,
1247 5644 1338 5701 28.

1961 3586 2095 3642 Cum
2121 3584 2347 3642 Romani
2378 3587 2443 3642 ad
2472 3587 2657 3641 mundi
2681 3586 2838 3655 hujus
2861 3587 3084 3657 gloriam
3113 3586 3337 3642 miriﬁce
3366 3587 3548 3641 obstu-

1959 3680 2154 3749 pefacti
2201 3687 2404 3742 essent,
2442 3680 2554 3747 ipso
2586 3692 2713 3733 vero
2748 3678 3135 3747 priedicaturus
3160 3688 3296 3745 erat,
3323 3678 3414 3747 qui
3455 3679 3538 3732 ni-

1961 3773 2035 3827 hil
2082 3787 2186 3826 non
2223 3771 2531 3840 ignominia:
2562 3769 2877 3841 pertulerat,
2911 3770 3128 3838 Jesum;
3161 3786 3224 3826 ac
3246 3771 3543 3827 verisimile

1957 3869 2075 3915 erat
2117 3860 2252 3930 ipsis
2294 3860 2481 3929 pudori
2538 3862 2640 3915 hoc
2696 3859 2832 3927 fore,
2870 3862 2916 3915 si
2972 3861 3094 3916 talis
3136 3860 3545 3917 existimaretur

1958 3950 2216 4008 Servator
2246 3968 2261 4006 :
2291 3963 2603 4021 propterea,
2669 3970 2689 4005 ι
2740 3952 2855 4007 Νοη
2903 3967 2987 4009 me
3034 3953 3217 4023 pudet,
3262 3970 3280 4003 3
3309 3951 3531 4022 inquit:

1958 4046 2078 4101 illos
2107 4045 2260 4116 juxta
2293 4048 2511 4111 docens,
2544 4062 2611 4102 ne
2660 4047 2937 4117 pudeiiant
2969 4064 2982 4101 :
3012 4046 3443 4116 quandoquidem
3474 4054 3532 4097 et

1956 4137 2071 4207 ipse
2129 4140 2322 4193 nedum
2362 4153 2467 4193 non
2496 4138 2824 4208 pudetiebat,
2859 4138 2991 4208 quin
3038 4138 3216 4207 potius
3261 4137 3544 4205 pulchrum

1955 4228 2061 4283 sibi
2089 4228 2335 4297 putabat.
2367 4237 2422 4284 et
2454 4227 2786 4298 gloriabatur
2817 4242 2881 4283 eo
2906 4228 3147 4284 nomine.
3176 4214 3309 4292 Quia
3344 4242 3472 4281 vero
3494 4240 3547 4283 ct

1957 4320 2060 4388 ipsi
2111 4320 2391 4389 sapientia:
2440 4321 2657 4375 nomine
2712 4319 2908 4390 turgidi
2956 4329 3132 4383 erant,
3184 4317 3316 4385 Ego,
3354 4302 3546 4386 inquit,

1956 4426 2172 4467 crucem
2234 4413 2338 4482 ιο
2370 4414 2527 4468 venio
2558 4412 2968 4483 praedicaturus,
3003 4425 3103 4465 nec
3134 4419 3417 4478 propterea
3449 4423 3546 4477 pn-

1956 4506 2085 4559 dore
2115 4505 2400 4561 sui‘fundor
2429 4523 2444 4561 :
2473 4522 2616 4569 nam,
2651 4525 2669 4558 ι
2706 4506 2884 4560 Virtus
2916 4504 3007 4559 Dei
3032 4513 3115 4558 est
3145 4505 3195 4557 in
3218 4502 3469 4558 salutem.
3514 4521 3531 4554 3

1953 4594 2227 4664 Est§etiam
2252 4594 2420 4649 virtus
2442 4593 2578 4664 (sive
2597 4593 2857 4664 potentia)
2884 4593 2949 4648 ad
2978 4592 3334 4663 punitionem,
3359 4606 3548 4660 quem-

1953 4686 2241 4740 admodum
2292 4684 2559 4756 [Egyptiis
2613 4699 2767 4738 suam
2826 4682 2968 4738 Deus
3002 4683 3291 4752 potentiam
3320 4681 3550 4735 demon—

1958 4778 2185 4842 strabat,
2217 4778 2362 4848 ipsos
2386 4791 2544 4847 poma
2568 4776 2827 4833 alliciens.
2856 4775 2951 4831 Est
2982 4784 3242 4846 praeterea
3276 4784 3331 4831 et
3362 4776 3429 4829 ad
3462 4775 3544 4828 in-

1962 4869 2199 4933 teritum,
2232 4878 2290 4924 ut
2323 4884 2447 4924 cum
2473 4870 2592 4925 ait:
2629 4887 2649 4921 ι
2682 4870 2889 4924 Timete
2918 4881 3063 4933 eum,
3093 4868 3185 4938 qui
3213 4876 3385 4938 potest
3426 4882 3546 4936 per-

1958 4962 2087 5017 dere
2116 4962 2169 5015 in
2189 4962 2437 5030 gehenna
2464 4972 2516 5019 ι).
2550 4980 2570 5014 3
2595 4961 2723 5028 Quae
2748 4960 2913 5031 igitur
2934 4975 3034 5029 ego
3066 4960 3265 5014 Paulus
3286 4957 3537 5027 prmdico,

1957 5069 2065 5108 non
2090 5068 2304 5123 poenam
2334 5069 2510 5124 neque
2538 5054 2813 5109 interitmn
2843 5053 3146 5117 continent,
3170 5051 3262 5105 sed
3285 5048 3535 5103 salutem.

1957 5149 2054 5203 Cui
2077 5149 2297 5203 autem?
2330 5166 2349 5200 ι
2392 5147 2549 5205 Omni
2585 5145 2882 5203 credenti»
2908 5143 3022 5199 Non
3048 5145 3190 5199 enim
3226 5139 3543 5210 simpliciter

1962 5241 2171 5295 cunctis
2192 5239 2541 5312 Evangelinm
2572 5240 2712 5296 cedit
2743 5240 2809 5294 ad
2850 5239 3100 5302 salutem,
3137 5235 3229 5289 sed
3263 5231 3535 5300 accipien-

1967 5332 2108 5386 tibus
2127 5332 2277 5387 illud.

2038 5424 2267 5480 «Iudaeo
2287 5427 2544 5495 primum,
2595 5432 2652 5479 et
2700 5423 2911 5479 Graeco.
2942 5438 2962 5472 3
3016 5417 3253 5473 Primum
3311 5416 3398 5471 hic
3460 5424 3541 5469 est

1971 5517 2181 5573 ordinis
2229 5520 2419 5587 honos,
2454 5535 2558 5575 non
2596 5518 2783 5588 gratia:
2828 5510 3202 5571 exuberantia.
3234 5509 3351 5564 Non
3388 5506 3533 5563 enim

1607 5740 1809 5805 Varia:
1834 5744 2163 5809 lectiones.

351 5861 389 5891 "
431 5858 670 5914 ἐνταῦθα
698 5877 750 5915 o.
828 5863 874 5896 "
906 5861 1121 5928 ἀδοξίας
1146 5879 1199 5920 ο.
1278 5864 1322 5897 ³³
1355 5864 1387 5933 ἡ
1417 5863 1660 5933 σωτηρία
1691 5879 1762 5919 ιιι.
