4038 6628
470 467 569 533 351

1349 462 1926 525 THEOPHYLACTI
1962 463 2372 523 BULGARIE
2411 462 2765 523 ARCillEP.

3644 460 3747 526 353

474 584 596 650 plus
629 579 785 633 habet
821 575 1036 631 ludmus
1066 576 1197 646 (aut
1241 576 1608 648 praeferendus
1657 576 1780 649 est)
1812 594 1877 632 eo
1917 581 2058 648 quod

2168 580 2237 630 Οὐ
2265 577 2373 648 1&9
2405 577 2711 647 πλέον’ἐχει
2739 576 2769 629 ό
2806 574 3081 640 Ἰουδαῖος,
3113 575 3172 628 ἐν
3204 591 3285 644 τῳ
3311 576 3535 646 μείζονα
3564 576 3751 631 λαῦεῐν

475 671 736 741 majorem
769 668 1032 736 justitiam
1064 667 1337 738 acceperit
1392 686 1407 724 :
1438 683 1626 723 verum
1668 670 1810 738 quod
1846 670 2054 739 primus

474 777 593 817 eam
624 760 911 830 acceperit,
954 759 1250 827 honoratus
1297 771 1380 816 est
1415 776 1430 815 :
1479 760 1646 816 solius
1677 759 1879 816 idcirco
1908 761 2051 816 verbi

475 863 558 910 est
584 853 776 907 lmnor.

547 943 709 998 Vens.
751 942 840 998 17.
876 962 895 995 ‹
931 941 1149 999 Justitia
1192 943 1343 997 enim
1376 942 1470 998 Dei
1513 944 1566 997 in
1624 943 1743 1014 ipso
1788 944 2058 1005 reveletur

473 1053 539 1091 ex
574 1036 677 1090 ﬁde
711 1037 764 1091 in
808 1035 993 1099 ﬁdem,
1024 1037 1163 1091 sicut
1197 1034 1460 1104 scriptum
1489 1044 1573 1092 est
1607 1055 1619 1091 :
1649 1035 1837 1093 Justus
1874 1047 2054 1092 autem

474 1144 539 1184 ex
567 1128 670 1183 ﬁde
703 1129 846 1182 vivet
872 1137 923 1183 (ι.
960 1147 979 1180 ι
1014 1126 1153 1183 Cum
1176 1128 1536 1198 dixeritquod
1569 1129 1635 1183 ad
1660 1130 1885 1185 salutem
1916 1138 2061 1186 esset

474 1219 857 1291 Evangelium,
913 1220 1153 1288 exponit,
1204 1219 1294 1288 qui
1342 1219 1445 1275 hoc
1501 1219 1563 1274 ﬁt
1605 1237 1619 1274 :
1678 1236 1867 1291 nempe
1913 1225 2055 1292 quod

474 1320 655 1367 servet.
678 1326 775 1366 nos
810 1330 829 1364 ι
860 1310 1069 1383 justitia
1095 1311 1213 1375 Dei,
1251 1328 1269 1363 ι
1307 1327 1412 1367 non
1443 1325 1575 1368 sane
1598 1324 1801 1369 nostra.
1836 1314 2056 1383 Qualem

473 1405 616 1457 enim
642 1404 905 1475 justitiam
945 1418 1043 1460 nos
1066 1403 1390 1459 haberemus
1427 1405 1693 1461 exsecrati
1731 1407 1987 1475 operibus
2004 1416 2060 1463 et

474 1495 754 1564 cormpti?
778 1496 847 1549 At
881 1509 1011 1550 vero
1034 1495 1175 1550 Deus
1194 1490 1518 1565 justiﬁcavit
1548 1511 1668 1559 nos,
1699 1513 1804 1551 non
1832 1512 1900 1553 ex
1929 1512 2060 1568 ope-

476 1586 647 1650 ribus,
682 1587 775 1643 sed
808 1601 875 1643 ex
914 1586 1039 1655 ﬁde,
1074 1601 1194 1656 qua:
1234 1588 1298 1641 ad
1335 1587 1495 1643 ﬁdem
1528 1588 1832 1643 uberiorem
1860 1596 1916 1645 et
1938 1604 2058 1644 ma-

471 1679 646 1747 jorem
686 1678 979 1748 procedere
1015 1677 1195 1735 debet.
1223 1677 1335 1734 Nee
1375 1679 1523 1733 enim
1549 1681 1685 1736 satis
1715 1689 1797 1736 est
1825 1682 2055 1752 primum

475 1769 793 1836 credidisse,
867 1768 963 1825 sed
1039 1784 1107 1827 ex
1194 1770 1590 1827 introductoria
1664 1772 1768 1826 ﬁde
1846 1781 2059 1843 oportet

477 1874 577 1914 nos
609 1861 1006 1917 ascendereiad
1044 1863 1557 1918 consummatiorem
1586 1863 1767 1927 ﬁdem,
1807 1863 2056 1918 immobi-

474 1950 578 2005 lem
613 1965 804 2021 nempe
835 1958 890 2006 et
934 1950 1145 2006 ﬁrmam
1176 1953 1381 2019 sedem,
1431 1966 1528 2007 seu
1580 1952 2006 2009 stabilimentnm
2042 1972 2056 2009 :

474 2043 619 2097 sicut
650 2053 705 2098 et
737 2042 963 2113 apostoli
1005 2043 1269 2099 dixerunt.
1295 2046 1360 2099 ad
1398 2045 1681 2099 Dominum
1712 2061 1728 2099 :
1771 2062 1794 2098 ‹
1839 2044 2062 2115 Adauge

476 2132 634 2188 nobis
679 2133 836 2188 ﬁdem
865 2139 907 2186 '.
944 2151 964 2186 ι
1001 2133 1302 2189 Conﬁrmat
1334 2143 1515 2189 autem
1549 2135 1690 2206 quod
1722 2136 1816 2200 ait,
1845 2151 2057 2207 nempe,

475 2224 619 2296 quod
656 2225 862 2280 exﬁde
886 2224 1165 2297 justiﬁcati
1214 2242 1422 2295 sumus,
1455 2242 1519 2283 ex
1558 2228 1836 2299 prophetia
1884 2228 2063 2284 liaba-

478 2333 579 2373 cuc
611 2333 626 2372 :
665 2336 684 2371 ι
725 2315 1128 2383 ιυειυεοεηίιη,
1172 2319 1365 2388 inquit,
1417 2333 1485 2374 ex
1517 2320 1623 2375 ﬁde
1671 2320 1833 2375 vivet.
1869 2340 1888 2375 ι
1926 2319 2059 2376 Cum

477 2409 625 2465 enim
658 2424 721 2464 ea
748 2424 871 2480 qua:
905 2411 1062 2466 nobis
1089 2426 1187 2480 per
1214 2413 1444 2491 gratiam
1490 2428 1642 2468 suam
1689 2412 1832 2470 Deus
1861 2418 2064 2486 imper-

478 2501 584 2568 tiit,
629 2500 895 2559 humanas
945 2505 1300 2574 cogitationes
1346 2506 1636 2571 excedant,
1687 2507 1881 2562 merito
1911 2507 2063 2563 nobis

478 2591 584 2647 ﬁde
616 2607 751 2662 opus
783 2602 886 2649 est.
922 2592 1057 2647 Nam
1089 2594 1134 2650 si
1165 2594 1491 2666 cmperimus
1517 2597 1720 2652 curiosi
1752 2597 2060 2654 divinarum

483 2697 664 2739 rerum
697 2692 1032 2740 scrutatores
1055 2698 1197 2752 esse,
1230 2685 1543 2741 universum
1575 2688 1930 2758 perdidimus.

552 2852 718 2908 Vens.
750 2853 838 2910 18-.
870 2873 889 2907 ι
925 2854 1213 2911 Revelatur
1233 2855 1376 2912 enim
1409 2857 1488 2913 ira
1516 2858 1613 2915 Dei
1642 2859 1708 2916 de
1734 2861 1874 2918 etelo
1904 2877 2065 2933 super

480 2957 696 2999 omnem
731 2945 1062 3016 impietatem
1095 2957 1152 3003 et
1194 2948 1512 3020 injusﬁtiam
1554 2953 1832 3008 hominum
1859 2994 1875 3021 ,
1909 2955 2065 3017 veri-.-

483 3040 650 3088 tatem
689 3034 741 3089 in
795 3036 1058 3107 injustitia
1107 3039 1490 3096 detinentium.
1527 3061 1546 3095 ι
1584 3042 1718 3098 Cum
1752 3058 1781 3098 a
1823 3060 2064 3101 commo-

482 3123 727 3179 tlioribus
749 3140 907 3183 orsus
940 3136 1106 3194 esset,
1142 3129 1478 3202 dixissetque
1522 3132 1788 3202 justitiam
1838 3134 1931 3191 Dei
1967 3151 2064 3208 per

2158 670 2530 741 δικαιοσύνην,
2561 671 2676 724 ἀλλ’
2719 672 2778 724 ἐν
2817 669 2896 740 τῷ
2922 668 3138 738 πρῶτον
3170 667 3340 740 αὐτὴν
3367 668 3577 737 λαϐεῖν,
3604 668 3750 724 τετί-

2167 783 2335 837 ιιηται
2354 781 2367 796 °
2403 766 2647 838 ῥήματος
2675 761 2769 817 οὖν
2790 764 2908 816 ἐστι
2933 762 3069 833 τιμὴ
3103 765 3285 832 μόνον.

2236 964 2254 998 ι
2297 944 2624 1015 Δικαιοσύνη
2674 942 2784 1013 1&9
2816 940 2951 995 Θεοῦ
3001 943 3059 995 ἐν
3108 939 3257 1010 αύτῷ
3293 937 3752 994 ἀποκαλύπτεται

2158 1036 2224 1092 ὲκ
2254 1036 2490 1101 πίστεως
2520 1037 2600 1101 είς
2632 1036 2837 1098 πίστιν,
2883 1031 3064 1097 καθὼς
3095 1033 3435 1104 γέγραπται·
3492 1031 3550 1085 ’0
3588 1030 3646 1082 δὲ
3674 1030 3749 1083 δί-

2161 1146 2315 1193 καιος
2361 1131 2425 1182 ἐκ
2476 1127 2712 1191 πίστεως
2749 1127 2997 1196 ζήσεται.
3050 1145 3069 1178 ι
3103 1122 3310 1190 Εἰπὼν,
3344 1127 3429 1179 δτι
3460 1124 3542 1188 είς
3578 1142 3755 1194 σωτη-

2162 1214 2288 1292 ρίαν
2317 1218 2436 1274 ἐστὶ
2465 1218 2528 1272 τὸ
2550 1218 2906 1287 Εὑαγγέλιον,
2943 1217 3092 1287 λέγει
3126 1218 3221 1285 καὶ
3255 1216 3373 1280 πῶς
3409 1218 3529 1271 ἔστι
3566 1214 3748 1269 τοῦτο.

2160 1315 2341 1383 Ὅτιή
2395 1310 2711 1383 δικαιοσύνη
2759 1310 2854 1364 τοῦ
2894 1311 3031 1365 Θεοῦ
3086 1308 3252 1373 σώζει
3301 1309 3493 1379 ἡμᾶς*
3547 1309 3609 1362 ού
3640 1308 3753 1378 γάρ

2163 1405 2430 1478 ἡμετέρα.
2490 1405 2658 1459 Ποίαν
2690 1404 2799 1473 1&9
2840 1401 3060 1475 εἴχομεν
3094 1403 3141 1436 ³⁸
3173 1400 3525 1472 δικαιοσύνην
3588 1401 3756 1471 ἡμεῖς

2160 1493 2539 1564 ἐϐδελυγμένοι
2568 1496 2679 1557 τοῖς
2709 1493 2891 1564 ἔργοις
2937 1493 3033 1548 καὶ
3083 1491 3507 1562 διεφθαρμένοις
3553 1491 3702 1544 Ἀλλ’
3726 1491 3758 1544 δ

2159 1583 2292 1647 Θεὸς
2331 1584 2648 1639 ἐδικαίωσεν
2697 1585 2866 1655 ἡμᾶς,
2894 1584 2993 1637 ούκ
3045 1583 3105 1648 ἐξ
3149 1583 3348 1655 ἔργων,
3397 1581 3514 1636 ἀλλ’
3549 1584 3615 1636 ἐκ
3664 1582 3760 1635 πί-

2162 1691 2352 1739 στεως,
2398 1676 2522 1747 ἥτις
2551 1677 2633 1740 εἰς
2670 1676 2856 1729 πίστιν
2885 1675 3057 1729 πλείω
3084 1675 3179 1729 καὶ
3205 1675 3376 1746 μείζω
3420 1674 3760 1744 προκόπτειν

2160 1767 2388 1836 ὀφείλει.
2430 1767 2505 1821 Ού
2554 1767 2663 1838 1&9
2714 1767 2877 1839 ἀρκεῖ
2908 1766 2969 1820 τὸ
3003 1764 3237 1837 πρώτως
3284 1763 3595 1831 πιστεῦσαι,
3637 1763 3761 1817 ἀλλ’

2162 1862 2225 1914 in
2271 1860 2372 1930 τῆς
2421 1859 2792 1928 είσαγωγικῆς
2836 1842 3074 1922 πίστεως
3114 1858 3196 1911 δεῖ
3242 1859 3391 1931 ἡμᾶς
3436 1857 3761 1911 ἀναϐαίνειν

2164 1953 2246 2015 είς
2302 1951 2401 2020 τὴν
2473 1950 2811 2021 τελεωτέραν
2893 1951 3111 2013 πίστιν,
3183 1947 3282 2020 τὴν
3361 1948 3761 2018 ἀμετάσειστον

2163 2044 2366 2115 δηλαδὴ
2435 2043 2531 2098 καὶ
2587 2041 2813 2114 βεϐαίαν
2873 2042 3104 2111 ἵδρυσιν,
3156 2040 3294 2094 καθὸ
3336 2041 3434 2095 καὶ
3500 2042 3550 2093 οἱ
3614 2039 3759 2092 ἀπὸ.

2165 2137 2342 2190 στολοι
2402 2133 2555 2188 εἷπον
2611 2135 2750 2206 πρὸς
2805 2133 2899 2188 τὸν
2942 2133 3177 2202 Κύριον·
3208 2151 3227 2185 ι
3270 2132 3514 2202 Πρόσθες
3549 2133 3595 2164 ³⁸
3617 2133 3759 2203 ἡμῖν

2165 2229 2370 2283 πίστιν.
2420 2244 2440 2279 ι
2479 2225 2697 2281 Βεσαιοῖ
2729 2225 2787 2279 δὲ
2835 2225 2866 2280 ὃ
2896 2224 3064 2294 λέγει,
3100 2226 3247 2296 φημὶ
3295 2224 3373 2290 δὲ,
3406 2225 3489 2278 ὅτι
3540 2226 3605 2278 ὲκ
3657 2225 3760 2276 πί·-

2165 2336 2335 2383 στεως
2389 2316 2808 2388 ὲδικαιώθημεν,
2858 2315 2967 2371 ἀπὸ
2990 2315 3091 2387 τῆς
3116 2316 3210 2370 τοῦ
3262 2315 3580 2386 ’Δϐὁακούμ
3605 2331 3619 2344 ο
3644 2334 3667 2368 ‹
3690 2316 3758 2368 ’0

2162 2412 2366 2475 δίκαιος
2384 2410 2512 2482 γὰρ,
2538 2409 2723 2480 φησὶν,
2751 2410 2816 2462 ἑκ
2842 2408 3078 2471 πίστεως
3095 2407 3372 2479 ζήσεται.»
3394 2407 3615 2478 Ἐπειδὴ
3638 2407 3759 2478 1&9

2165 2504 2309 2570 ἀπερ
2332 2502 2465 2573 ἡμῖν
2490 2502 2518 2554 ό
2541 2498 2675 2563 Θεὸς
2700 2498 3009 2573 ἐχαρίσατο,
3037 2499 3362 2570 ύπερόαίνει
3395 2500 3520 2561 τοὺς
3537 2498 3759 2569 ἀνθρω-

2164 2597 2353 2662 πίνους
2374 2594 2686 2664 λογισμοὺς,
2712 2592 2938 2657 εἰκότως
2962 2594 3062 2663 τῆς
3087 2592 3322 2655 πίστεως
3361 2591 3440 2645 δεῖ
3469 2592 3603 2661 ἡμῖν
3626 2605 3641 2618 ·
3675 2591 3760 2653 ὼς

2163 2687 2259 2741 ὲάν
2284 2703 2346 2755 γε
2394 2683 2689 2756 ἀρξώμεθα
2715 2683 3201 2755 περιεργάζεσθαι,
3251 2684 3313 2739 τὸ
3352 2684 3458 2736 πᾶν
3509 2681 3704 2735 ἀπωλέ
3732 2710 3750 2721 ο

2168 2794 2363 2848 σαμεν.

2241 2889 2260 2923 ι
2308 2867 2780 2924 Ἀποκαλύπτεται
2833 2864 2944 2938 γὰρ
2989 2864 3128 2938 ὀργὴ
3167 2864 3301 2929 Θεοῦ
3351 2865 3397 2898 ³⁸
3442 2863 3536 2918 ἐπὶ
3565 2864 3760 2917 πᾶσαν

2164 2960 2418 3014 ἀσέϐειαν
2447 2958 2542 3012 καὶ
2588 2957 2804 3033 ἀδικίαν
2852 2956 3159 3027 ἀνθρώπων
3202 2958 3311 3010 τῶν
3358 2957 3457 3025 τὴν
3490 2956 3761 3029 ἀλήθειαν

2163 3052 2222 3104 ὲν
2244 3051 2425 3120 ἀδικίᾳ
2452 3050 2812 3120 κατεχόντων.
2840 3067 2859 3100 ι
2900 3049 3034 3102 Ἀπὸ
3055 3049 3162 3104 τῶν
3182 3048 3557 3120 χρηστοτέρων
3581 3048 3626 3079 ³⁷
3644 3048 3760 3119 ἀρ-

2166 3142 2417 3211 ξάμενος,
2451 3143 2544 3195 καὶ
2572 3139 2763 3207 είπὼν,
2786 3141 2868 3193 ὅτι
2889 3139 3209 3210 δικαιοσύνη
3233 3139 3368 3192 Θεοῦ
3389 3140 3447 3192 ἐν
3470 3138 3547 3208 τῷ
3573 3138 3760 3208 Εὐαγ-

482 3212 839 3289 Εναιιεείὶιιιιι
877 3219 1128 3288 revelari,
1165 3238 1307 3277 nunc
1349 3236 1411 3278 ea
1460 3224 1666 3293 profert
1701 3241 1821 3295 qua:
1858 3236 2059 3283 terrere

2168 3233 2331 3303 γελίῳ
2385 3231 2850 3297 ἀποκαλύπτεται,
2899 3231 2998 3285 νῦν
3054 3231 3201 3300 λέγει
3252 3231 3347 3283 καὶ
3400 3230 3467 3283 τὰ
3515 3229 3761 3299 φοὸῆσαι

484 3317 684 3378 queant
716 3327 731 3365 :
763 3312 914 3367 novit
959 3315 1101 3367 enim
1137 3315 1277 3384 quod
1317 3315 1496 3385 plures
1527 3325 1671 3371 metu
1702 3317 1768 3371 ad
1807 3319 2060 3374 virtutem

481 3403 797 3458 trahuntur.
830 3403 987 3461 Hunc
1013 3406 1067 3461 in
1106 3408 1323 3463 modum
1365 3408 1506 3464 Deus
1545 3410 1695 3479 regni
1738 3413 2062 3469 mentionem

482 3495 711 3563 faciens,
755 3497 915 3552 simul
966 3500 1229 3568 gehennae
1277 3502 1562 3558 meminit:
1603 3501 1890 3574 Propheta:
1936 3507 2062 3563 item

382 3628 389 3637 .
485 3588 720 3658 primum
758 3590 897 3645 bona
944 3600 1284 3661 praeponam,
1325 3592 1520 3648 deinde
1564 3595 1701 3649 mala
1752 3598 2062 3668 subjiciunt.

479 3678 612 3735 Nam
644 3681 732 3735 illa
772 3683 989 3752 quidem
1029 3692 1154 3738 sunt
1187 3687 1540 3755 praecedentis
1568 3699 1625 3743 et-
1650 3690 1937 3759 przeeipuze
1966 3707 2063 3749 vo-

482 3774 702 3829 luntatis
734 3774 846 3842 Dei,
885 3775 999 3830 hac
1026 3786 1204 3832 autem
1244 3789 1441 3835 nostra:
1488 3780 1733 3851 ignaviae.
1768 3781 2061 3840 Considera

480 3876 662 3922 autem
703 3868 791 3923 hic
814 3869 1076 3925 orationis
1112 3871 1591 3928 consecutionem:
1634 3873 1812 3940 Venit,
1855 3875 2057 3947 inquit,

485 3959 743 4016 Dominus
770 3960 1040 4031 justitiam
1083 3964 1177 4019 tibi
1213 3964 1470 4031 aﬁcrens,
1505 3982 1765 4038 noxasque
1792 3969 2061 4025 dimissio-

483 4068 607 4108 nem
641 4071 655 4107 :
688 4068 806 4125 qua:
834 4053 880 4110 si
915 4071 1019 4110 non
1063 4057 1367 4126 admiseris,
1403 4066 1515 4112 tum
1560 4056 1829 4117 revelatnr
1863 4062 1939 4116 ira
1972 4064 2062 4119 Dei

484 4147 552 4200 de
587 4144 746 4211 coelo,
787 4162 906 4216 quae
930 4146 1180 4205 videlicet
1233 4150 1284 4205 in
1323 4152 1563 4208 secundo
1595 4164 1944 4223 exprometur
1972 4157 2065 4211 ad-

484 4248 668 4291 ventu.
710 4237 785 4292 Ac
822 4237 981 4293 hodie
1021 4240 1234 4308 quidem
1277 4244 1590 4314 experimur
1620 4242 1756 4299 iram
1797 4245 1928 4313 ejus,
1961 4248 2059 4318 ιι

484 4345 672 4385 verum
715 4330 781 4384 ad
826 4333 1223 4389 correctionem
1255 4350 1270 4389 :
1307 4344 1417 4391 tum
1472 4351 1600 4392 vero
1640 4339 1705 4392 ad
1745 4340 2063 4409 supplicium

486 4425 883 4479 tantummodo.
931 4423 997 4479 Et
1044 4440 1188 4480 nunc
1216 4427 1433 4496 quidem
1465 4427 1533 4483 ab
1582 4427 1889 4486 hominibus
1919 4434 2063 4488 vide-

2165 3326 2466 3395 δυνάμενα*
2493 3320 2600 3379 οἶδε
2626 3324 2757 3396 1&9,
2780 3325 2863 3378 ὅτι
2887 3324 2937 3377 οί
2967 3322 3184 3386 πλείους
3211 3323 3288 3392 τῷ
3314 3322 3464 3392 φόϐῳ
3491 3321 3627 3391 πρὸς
3650 3320 3763 3386 τὴν

2166 3419 2368 3491 ἀρετὴν
2386 3419 2657 3472 ἕλκονται.
2678 3416 2844 3472 Οὕτω
2866 3418 2960 3472 καὶ
2979 3419 3007 3470 ὁ
3031 3416 3161 3483 Θεὸς
3188 3416 3327 3485 μετά
3354 3414 3451 3486 τὴν
3474 3413 3764 3485 βασιλείαν

2164 3513 2262 3565 καὶ
2283 3511 2327 3543 ⁸⁸
2366 3510 2495 3580 περὶ
2520 3511 2746 3581 γεέννης
2776 3509 2947 3578 λέγει.
2981 3509 3088 3565 Καὶ
3118 3509 3169 3563 οί
3189 3508 3463 3580 προφῆται
3480 3506 3547 3560 τά
3571 3505 3767 3574 ἀγαθά

2166 3602 2539 3677 προτιθέασιν,
2594 3598 2715 3656 εἶτα
2767 3601 2839 3656 τά
2893 3600 3070 3656 κακά’
3115 3601 3199 3657 ὅτι
3247 3600 3432 3653 ἐκεῖνα
3489 3598 3608 3668 μὲν,
3652 3597 3767 3666 τῆς

2167 3693 2589 3767 προηγουμένης
2623 3692 2718 3746 τοῦ
2748 3691 2885 3746 Θεοῦ
2918 3690 3146 3761 γνώμης
3173 3731 3189 3757 ,
3242 3689 3416 3744 ταῦτα
3455 3688 3512 3742 δὲ
3554 3687 3623 3751 ³³,
3653 3691 3766 3758 τῆς

2168 3785 2444 3858 ἡμετέρας
2483 3784 2778 3858 ῥᾳθυμίας.
2822 3784 3022 3839 Σκόπει
3064 3785 3121 3839 δὲ
3161 3783 3262 3848 τὴν
3293 3781 3614 3836 ἀκολουθίαν
3638 3779 3762 3834 ’τοῦ

2163 3873 2602 3948 λόγουνκτΗλθε,
2656 3876 2839 3947 φησὶν,
2890 3875 2918 3928 ὀ
2968 3874 3194 3944 Κύριος,
3242 3871 3599 3940 ’δικαιοσύνην
3665 3886 3765 3923 σοι

2166 3969 2347 4040 φέρων
2377 3970 2471 4024 καὶ
2503 3968 2699 4039 ἄφεσιν
2719 3984 2734 4001 ·
2769 3968 2864 4022 ἐὰν
2913 3967 2988 4038 μὴ
3021 3967 3171 4039 δέξῃ,
3200 3965 3323 4019 τότε
3367 3960 3766 4018 ἀποκαλύπτε-

2164 4079 2255 4117 ται
2290 4061 2477 4133 ήόργὴ
2506 4060 2602 4115 τοῦ
2633 4059 2770 4115 Θεοῦ
2796 4060 2904 4115 ἀπὸ
2932 4056 3186 4130 ούρανοῦ,
3219 4059 3252 4128 ή
3283 4056 3425 4110 κατά
3449 4054 3547 4124 τὴν
3572 4054 3769 4106 δευτέ-

2170 4172 2268 4227 ραν
2308 4155 2508 4226 δηλαδὴ
2535 4153 2861 4226 παρουσίαν.
2886 4152 2996 4207 Καὶ
3016 4150 3112 4205 νῦν
3147 4148 3246 4221 μὲν
3267 4150 3375 4219 γὰρ
3405 4145 3766 4213 ἀπολάὃομεν

2168 4248 2235 4343 If.
2265 4275 2337 4289 -—
2373 4245 2597 4319 λαύομ.]
2626 4246 2724 4316 τῆς
2753 4245 2920 4343 όργ-ἦς
2946 4241 3136 4343 αὐτού,
3165 4240 3303 4343 ἀλλά
3334 4239 3476 4343 ’πρὸς
3521 4237 3766 4343 6:61.910.-

2167 4327 2288 4392 σινο
2321 4338 2441 4391 τότε
2478 4339 2559 4403 δὲ,
2608 4337 2744 4407 πρὸς
2778 4336 2998 4391 κόλασιν
3034 4333 3210 4404 μόνον.
3248 4332 3355 4386 Καὶ
3384 4330 3478 4383 νῦν
3511 4327 3610 4400 μὲν
3647 4328 3766 4379 ὑπὸ

2164 4430 2477 4501 ἀνθρώπων
2502 4429 2768 4499 δοκοῦμεν
2792 4424 3192 4497 ἐπηρεάζεσθαι
3207 4423 3275 4477 τά
3297 4421 3493 4475 πολλά·
3526 4421 3646 4473 τότε
3668 4418 3763 4487 δὲ,

360 5276 365 5279 ι
482 5255 589 5310 cst,
630 5247 746 5301 haec
791 5261 921 5301 vero
962 5246 1014 5301 in
1063 5262 1227 5317 opere
1276 5246 1641 5304 consistentis.
1694 5248 1861 5315 Hujus
1904 5263 2064 5319 porro

487 4530 608 4567 ιιιιιι·
637 4515 691 4568 in
728 4514 913 4571 multis
942 4514 1063 4570 laedi
1096 4524 1151 4571 et
1183 4515 1348 4586 aﬁligi
1386 4530 1401 4569 :
1439 4525 1566 4572 tunc
1596 4532 1724 4573 vero
1775 4519 2059 4576 manifesta

2168 4523 2377 4594 φανερά
2406 4524 2439 4593 ἡ
2479 4522 2631 4593 παρά
2680 4521 2773 4574 τοῦ
2804 4519 2940 4575 Θεοῦ
2967 4518 3187 4580 κόλασις
3232 4533 3252 4567 ι
3281 4515 3376 4567 ἐπὶ
3413 4514 3591 4568 πᾶσαν
3625 4510 3765 4564 ἀσέ-

484 4604 591 4657 erit
624 4618 783 4673 poena
818 4605 1000 4660 divina
1032 4625 1050 4658 ι
1079 4620 1244 4676 super
1277 4619 1490 4661 onmem
1524 4607 1871 4677 impietatem.
1901 4628 1919 4662 ι
1962 4610 2059 4668 Ve-

2172 4615 2346 4669 ϐειαν.
2383 4634 2402 4668 ι
2444 4615 2511 4668 Ἠ
2542 4614 2641 4685 μὲν
2690 4613 2739 4645 ⁸ο
2772 4611 2978 4683 ἀληθὴς
3026 4606 3271 4679 λατρεία,
3303 4606 3397 4671 καὶ
3426 4601 3757 4685 ήεύσέϐεια,

487 4708 580 4748 rus
622 4708 753 4748 sane
792 4695 968 4749 cultus
1001 4707 1055 4750 et
1119 4694 1289 4765 pietas
1327 4709 1436 4748 una
1483 4705 1601 4762 est;
1636 4696 1884 4767 impietas
1910 4715 2059 4768 vero,

2172 4708 2304 4778 μία·
2374 4705 2494 4774 ἠδὲ
2544 4684 2790 4769 ἀσέᾶεια,
2842 4701 3206 4769 πολυσχιδήςο
3260 4696 3351 4765 διά
3399 4693 3558 4747 τοῦτο
3610 4684 3762 4761 εἶτ-’.ε⁹

487 4784 747 4839 multiﬁda
775 4803 788 4838 :
817 4799 933 4839 eam
964 4787 1032 4841 ob
1055 4801 1167 4842 rem
1191 4785 1342 4854 dixit,
1366 4804 1386 4837 ι
1411 4786 1635 4842 Omnem
1658 4788 2012 4860 impietatem,
2041 4812 2059 4844 ι

2176 4817 2194 4850 r
2243 4798 2426 4850 Πᾶσαν
2452 4794 2729 4861 ἀσέὸειαν,
2768 4812 2788 4851 ›
2826 4792 2900 4854 ὡς
2941 4789 3151 4853 πολλῶν
3185 4788 3362 4842 οὐσῶν
3393 4784 3552 4838 ὁδῶν.
3593 4800 3613 4833 ι
3645 4778 3761 4833 Καὶ

486 4892 582 4932 ceu
626 4876 805 4931 multa:
856 4877 968 4932 sint
1006 4876 1123 4947 ejus
1169 4878 1311 4932 viae:
1353 4895 1373 4930 ι
1418 4884 1472 4932 et
1519 4877 1837 4948 iniustitiam
1891 4882 2059 4938 homi-

2173 4888 2389 4944 ἀδικίαν
2429 4885 2758 4956 ἀνθρώπων.
2810 4903 2830 4939 ι
2868 4882 3033 4937 ’Δλλο
3072 4881 3317 4944 ἀσέϐεια,
3351 4876 3445 4930 καὶ
3475 4873 3604 4928 ἄλλο
3638 4871 3761 4925 ἀδι-

488 4983 638 5022 nnm.
678 4987 701 5021 τ
744 4969 903 5024 Aliud
937 4978 1020 5024 est
1069 4968 1341 5040 impietas,
1372 4978 1426 5026 et
1469 4970 1611 5024 aliud
1647 4971 1926 5039 injustitia.
1969 4974 2059 5029 Illa

2170 4982 2268 5036 κία
2289 4997 2302 5010 ·
2345 4983 2380 5051 ἡ
2431 4981 2530 5051 μὲν
2560 4978 2690 5047 1&9,
2728 4979 2807 5040 εἰς
2833 4976 2965 5029 Θεόν
2990 4992 3000 5005 ’
3030 4975 3063 5045 ἡ
3091 4973 3148 5027 δὲ
3186 4970 3390 5032 ἀδικία,
3437 4970 3517 5029 είς
3548 4962 3760 5043 ἀνθρώ-

483 5059 630 5114 enim
678 5058 733 5114 in
764 5059 956 5125 Deum,
1002 5059 1263 5131 injustitia
1312 5075 1441 5115 vero
1471 5061 1522 5116 in
1562 5060 1829 5118 homines.
1856 5066 1935 5119 Ac
1978 5066 2059 5119 illa

2171 5089 2339 5137 πουςο
2383 5072 2479 5127 κοιλ⁵
2526 5072 2560 5141 ὴ
2615 5070 2735 5140 μὲν,
2785 5068 2879 5122 τοῦ
2929 5063 3267 5137 θεωρητικοῦ
3328 5060 3666 5130 ἁμάρτημα·
3723 5056 3760 5124 ἢ

482 5153 705 5223 quidem
754 5153 950 5207 mentis
976 5152 1027 5207 in
1058 5152 1433 5224 speculatione
1462 5154 1732 5210 versantis
1782 5166 2059 5223 peccatum

2168 5164 2246 5228 δὲ,
2288 5162 2381 5215 τοῦ
2409 5158 2737 5230 πρακτικοῦ.
2774 5156 2976 5215 Πολλαὶ
3019 5154 3077 5209 δὲ
3135 5153 3229 5206 καὶ
3263 5152 3319 5204 αἱ
3367 5148 3574 5214 ταύτης
3603 5143 3715 5197 ὁδοί
3744 5160 3759 5173 ·

2168 5253 2348 5309 ἀδικεῖ
2388 5252 2497 5322 γάρ
2542 5268 2628 5313 τις
2680 5250 2772 5302 τὸν
2819 5246 3048 5317 πλησίον
3102 5245 3196 5299 καὶ
3244 5245 3303 5295 ὲν
3349 5242 3618 5312 χρήμασι,
3659 5236 3762 5314 καὶ

484 5346 612 5389 sunt
652 5337 833 5390 multa:
885 5337 1112 5394 semitae.
1173 5337 1310 5392 Nam
1379 5337 1609 5407 injurias
1655 5347 1737 5393 est
1792 5340 2058 5410 quispiam

486 5429 757 5497 proximo,
786 5444 910 5485 cum
965 5430 1016 5485 iu
1069 5428 1295 5500 pecunia
1342 5440 1396 5485 et
1453 5428 1822 5494 facultatibus,
1861 5441 1967 5485 lum
2010 5436 2059 5486 in

490 5537 659 5577 uxore
687 5533 741 5577 ct
784 5524 972 5594 gloria.
1001 5524 1230 5592 Quidam
1264 5539 1393 5580 vero
1423 5532 1695 5587 asserunt,
1728 5525 1887 5579 etiam
1922 5526 2063 5596 inju-

564 5653 592 5693 (ι
628 5641 828 5701 llabac.
857 5648 993 5712 11,15.
1078 5656 1100 5685 τ
1127 5646 1260 5702 Luc.
1296 5662 1429 5705 xvn.
1454 5646 1509 5700 5.

2169 5347 2227 5398 ἐν
2276 5343 2518 5414 γυναικὶ,
2564 5342 2659 5397 καὶ
2702 5343 2758 5394 ἐν
2802 5339 2951 5410 δόξῃ.
2996 5338 3150 5399 Τινὲς
3196 5335 3255 5388 δέ
3308 5349 3472 5401 φασιν
3524 5330 3609 5383 ὅτι
3653 5334 3764 5385 καὶ

2170 5439 2269 5509 τὴν
2321 5435 2535 5491 ἀδικίαν
2591 5432 2722 5504 περὶ
2782 5431 3066 5501 δογμάτων
3119 5427 3304 5494 ἔθηκε.
3364 5424 3430 5477 Τί
3492 5421 3555 5475 δέ
3613 5420 3761 5482 ἐστι,

2181 5548 2197 5579 ι
2236 5527 2356 5581 Τῶν
2381 5527 2481 5593 τὴν
2504 5524 2763 5595 ἀλήθειαν
2793 5522 2849 5574 ὲν
2878 5520 3063 5589 ἀδικίᾳ
3092 5515 3452 5587 κατεχόντων,
3490 5531 3509 5564 ι
3554 5510 3725 5565 ἄκουε
3744 5521 3763 5538 '

1835 5735 2031 5801 Yarim
2068 5736 2396 5799 lectiones.

567 5835 612 5866 ”
648 5836 843 5906 ἐχομεν
880 5853 949 5891 m.
1031 5836 1074 5867 ³⁵
1107 5834 1310 5905 πρέθες
1342 5852 1412 5889 m.
1496 5832 1539 5865 ³⁸
1568 5829 1701 5885 Θεοῦ
1725 5831 2069 5903 ἀπόὐραινοῦ
2101 5852 2171 5890 ιιι.
2251 5838 2291 5867 ³⁷
2318 5837 2440 5907 γάρ.
2523 5836 2565 5868 ³³
2594 5835 2689 5905 τῆς
2737 5830 3013 5903 βασιλείας
3050 5844 3101 5887 o.
3176 5830 3219 5862 ”
3245 5826 3312 5882 τὰ
3371 5819 3647 5879 ἀκόλουθα
3684 5837 3763 5876 ιιι.

503 5907 546 5937 ⁵ο
580 5910 608 5968 ἡ
658 5908 881 5969 μὲνγὰρ
920 5923 992 5961 ιιι.
