4038 6648
360 446 488 513 353
1229 454 1630 518 EXPOSITIO
1668 459 1751 522 IN
1786 460 1951 525 EPIS

2061 466 2164 527 AD
2190 468 2371 530 ROM.
2415 494 2484 505 -
2521 472 2682 534 CAP.
2710 474 2764 538 Ι.
3532 482 3663 546 ,εει

377 558 460 612 ἰι
501 557 752 629 ἀλήθεια,
793 559 912 632 ἦτοι
949 561 982 630 ἡ
1028 561 1157 631 περὶ
1193 562 1337 619 Θεοῦ
1369 567 1592 635 γνῶσις,
1626 571 1738 633 τοῖς
1776 570 1951 643 ἀνθρὼ

2053 575 2295 643 ,ειίιίιιιιι
2340 578 2405 633 de
2437 581 2780 650 dogmatibus
2817 582 2905 639 bic
2953 584 3209 655 positam.
3244 584 3383 653 Quid
3418 600 3547 643 vero
3587 590 3663 646 sit

364 665 504 713 ποις
530 649 751 719 ὲνετέθη
774 651 831 716 ἐξ
855 650 1055 723 ἀρχῆς.
1079 651 1298 726 Ταύτην
1322 657 1421 726 τὴν
1438 657 1700 727 ἀλήθειαν
1759 662 1852 714 καὶ
1871 662 1969 732 τὴν

363 740 584 809 γνῶσιν
610 743 660 794 oi
693 741 956 810 Ἕλληνες
1000 746 1058 796 ὲν
1090 746 1276 819 ἀδικίᾳ
1318 750 1607 820 κατέσχον,
1658 753 1964 818 τουτέστιν,

363 835 651 906 ἠδίκησαν
678 838 738 889 τὸ
796 830 1054 892 ὅσον’ὲπ’
1093 841 1299 906 αὐτοῖς,
1358 844 1596 909 εἰδώλοις
1652 847 1968 918 περιθέντες

504 927 665 992 δόξαν
691 921 785 981 τοῦ
810 922 979 1007 ’Θεοῦζ
1011 930 1226 1004 Ὥσπερ
1264 936 1359 989 καὶ
1401 936 1430 989 6
1475 938 1733 1008 χρήματα
1759 939 1964 1005 λαϐὼν,

364 1018 518 1073 ὥστε
556 1023 636 1084 είς
688 1023 794 1091 τὴν
836 1018 929 1077 τοῦ
967 1022 1232 1094 βασιλέως
1270 1021 1428 1092 δόξαν
1469 1029 1766 1097 ἀναλῶσαι,
1789 1031 1859 1085 ἂν
1893 1034 1973 1096 εἰς

365 1111 584 1183 λῃστὰς
611 1114 901 1187 δαπανήσῃ
924 1114 1096 1169 ταῦτα
1126 1117 1222 1171 καὶ
1249 1117 1475 1188 πόρνας,
1504 1120 1723 1194 λεχθείη
1754 1122 1821 1177 ἂν
1851 1122 1964 1176 68'.-

365 1205 544 1276 κῆσαι
573 1204 683 1283 τὴν,
704 1205 799 1259 τοῦ
831 1205 1093 1277 βασιλέως
1146 1207 1324 1274 δόξαν.
1360 1212 1471 1265 Καὶ
1514 1214 1563 1266 οἱ
1589 1213 1850 1285 Ἕλληνες
1879 1211 1973 1269 οὖν

365 1296 433 1349 ἐν
490 1296 677 1368 ἀδικίᾳ
732 1298 1021 1369 κατέσχον,
1073 1299 1343 1364 τουτέστι,
1408 1303 1814 1374 κατεκάλυψαν,
1869 1306 1966 1359 καὶ

363 1385 664 1441 ἐσκότισαν
694 1386 895 1452 ἀδίκως
916 1389 1016 1460 τὴν
1040 1388 1198 1455 δόξαν
1218 1390 1316 1445 τοῦ
1345 1386 1482 1447 Θεοῦ
1510 1394 1553 1427 δι
1578 1394 1674 1450 κα)⁸
1700 1396 1800 1467 τὴν
1820 1395 1962 1464 γνῶ-

365 1496 484 1547 σιν,
516 1481 617 1535 οὐκ
647 1480 821 1545 είςτὸ
853 1480 1135 1553 προσῆκον
1159 1484 1296 1556 αὐτῇ
1325 1486 1682 1557 χρησάμενοι.

2082 688 2101 721 ι
2140 668 2435 726 Veritatem
2477 674 2529 728 in
2560 674 2825 745 injustitia
2856 676 3237 745 detinentium,
3276 698 3296 732 ι
3339 681 3461 737 audi
3498 696 3511 734 :
3556 680 3664 738 Vc-

2075 763 2230 830 ritas,
2263 766 2377 819 sive
2426 781 2545 834 qua:
2580 767 2646 821 de
2695 768 2804 823 Deo
2840 777 2920 824 cst
2957 771 3218 841 cognitio,
3249 772 3566 832 mortalibus
3592 775 3660 829 ab

2076 854 2234 909 initio
2280 864 2365 910 est
2427 856 2610 911 insita.
2660 858 2811 913 ﬂante
2866 860 3147 914 veritatem
3206 871 3369 931 atque
3405 862 3655 918 notitiam

2074 946 2244 1010 Graeci
2280 948 2332 1003 in
2386 949 2647 1018 injustitia
2698 953 3068 1019 detinuerunt,
3100 954 3204 1009 hoc
3253 963 3356 1022 est,
3392 965 3655 1024 quantum

2072 1036 2125 1091 in
2174 1037 2307 1106 ipsis
2349 1040 2488 1103 erat,
2552 1039 2743 1108 injuria
2793 1038 3108 1106 aﬂecerunt,
3163 1043 3317 1099 idolis
3352 1044 3657 1100 deterentes

2070 1127 2299 1197 gloriam
2327 1130 2442 1185 Dei.
2476 1129 2708 1187 Perinde
2733 1147 2796 1187 ac
2829 1133 2871 1188 si
2900 1134 3022 1203 quis
3052 1135 3315 1204 pecunias
3358 1139 3652 1207 accipiens,

2071 1220 2136 1271 ad
2176 1220 2319 1290 regis
2348 1222 2573 1289 gloriam
2614 1222 2981 1292 insumendas,
3013 1225 3131 1281 illas
3165 1228 3215 1282 in
3271 1229 3550 1298 praedones
3596 1239 3657 1286 et

2072 1321 2253 1364 scorta
2274 1312 2546 1383 prodigat,
2582 1324 2725 1369 recte
2756 1316 2962 1371 dicetur
2992 1315 3222 1385 injurius
3246 1333 3367 1374 esse
3394 1319 3657 1376 adversus

2076 1400 2216 1470 regis
2252 1401 2477 1468 gloriam
2527 1411 2581 1457 et
2630 1405 3111 1476 magniﬁcentiam.
3164 1403 3335 1464 ϐττιιοί
3367 1409 3549 1479 itaque
3598 1411 3654 1466 in

2075 1490 2337 1559 iniustitia
2382 1494 2750 1560 detinuerunt,
2779 1497 2879 1552 ltoe
2906 1508 3012 1562 est,
3039 1511 3454 1570 cooperuerunt,
3484 1512 3538 1557 et
3575 1502 3658 1555 in-

357 1579 517 1650 juste
566 1578 731 1634 veluti
759 1577 996 1635 tenebris
1025 1572 1376 1637 Obfuscarunt
1413 1583 1639 1653 gloriam
1687 1585 1778 1641 Dei
1809 1597 1861 1640 et
1888 1588 2246 1655 cognitionem
2283 1629 2299 1655 ,
2345 1604 2467 1645 cum
2535 1604 2639 1645 non
2686 1591 2954 1648 decenter
2994 1608 3169 1664 neque
3215 1597 3496 1651 commode
3564 1597 3654 1652 illa

366 1684 678 1731 uterentur.

447 1791 467 1824 ι
506 1770 654 1825 Διότι
682 1770 743 1826 τὸ
766 1774 1007 1841 γνωστὸν
1037 1774 1131 1828 τοῦ
1160 1773 1296 1828 Θεοῦ
1324 1774 1556 1846 φανερόν
1591 1775 1741 1829 ἐστιν
1774 1778 1832 1830 ὲν
1861 1778 1958 1831 αὐ-

2138 1775 2303 1831 Vens.
2339 1776 2517 1832 i9—2l.
2556 1795 2574 1828 ι
2608 1776 2741 1845 Quia
2771 1777 2914 1848 quod
2942 1779 3008 1833 de
3030 1779 3138 1834 Deo
3167 1781 3419 1852 cognosci
3454 1792 3652 1853 potest.

359 1846 509 1927 τοῖς·
549 1866 579 1918 6
599 1865 708 1934 γὰρ
753 1864 885 1929 Θεὸς
914 1864 1096 1930 αὐτοῖς
1126 1866 1465 1938 ὲφανέρωσε.
1503 1867 1585 1920 Τὰ
1608 1869 1716 1940 γὰρ
1748 1868 1951 1939 ἀόρατα

2063 1868 2408 1923 manifestum
2435 1876 2519 1922 est
2553 1869 2604 1922 in
2637 1868 2742 1923 illis
2774 1846 2805 1922 ί
2825 1870 2964 1925 Deus
2996 1871 3139 1925 enim
3186 1871 3317 1940 ipsis
3337 1873 3657 1930 manifesta-

361 1956 557 2022 αὐτοῦ,
588 1954 695 2010 ἀπὸ
725 1956 957 2021 κτίσεως
993 1957 1196 2028 κόσμου
1239 1960 1353 2021 τοῖς
1377 1958 1650 2029 ποιήμασι
1684 1961 1951 2029 νοούμενα

2067 1965 2161 2016 vit.
2190 1958 2488 2015 lnvisibiiia
2521 1962 2664 2015 enim
2706 1960 2875 2031 ipsius
2902 1977 2929 2015 a
2953 1972 3208 2018 creatura
3244 1965 3429 2019 mundi
3460 1981 3559 2035 per
3586 1981 3653 2021 ea

364 2047 689 2119 καθορᾶται,
726 2047 763 2118 ἦ
810 2065 870 2101 τε
905 2048 1077 2112 ἀῖδιος
1116 2049 1282 2103 αὐτοῦ
1313 2048 1543 2120 δύναμις
1577 2053 1670 2104 καὶ
1716 2051 1951 2120 θειότης.

2062 2074 2183 2128 qua;
2212 2059 2354 2113 facta
2388 2067 2534 2124 sunt,
2559 2057 2832 2114 intellecta
2861 2060 3291 2128 conspiciuntur,
3318 2064 3650 2132 sempiterna

366 2142 449 2205 εἰς
483 2140 544 2194 τὸ
588 2135 729 2195 εἶναι
777 2142 972 2205 αὐτοὺς
1005 2142 1449 2215 ἀναπολογήτους
1490 2157 1506 2175 ο
1555 2142 1690 2196 διότι
1733 2144 1951 2213 γνόντες

2059 2161 2277 2217 quoque
2296 2146 2426 2214 'ejus
2476 2149 2715 2217 potentia
2750 2157 2806 2203 et
2838 2148 3094 2205 divinitas
3130 2167 3145 2205 :
3185 2150 3260 2206 ita
3312 2160 3371 2206 ut
3411 2154 3523 2208 sint
3565 2154 3655 2208 inv

358 2234 455 2287 τὸν
502 2233 656 2299 Θεὸν,
680 2234 778 2302 οὐχ
804 2233 879 2298 ὡς
904 2233 1037 2289 Θεὸν
1068 2234 1350 2302 ἐδόξασαν,
1382 2235 1416 2307 ἢ
1446 2234 1884 2308 ηὐχαρίστησαν.
1927 2257 1945 2290 ι

2057 2236 2398 2292 excusabiles
2428 2254 2442 2291 :
2480 2238 2609 2305 quia
2643 2253 2768 2292 eum
2811 2237 2979 2294 Deum
3011 2241 3415 2312 cognovissent,
3449 2258 3556 2299 non
3590 2255 3651 2298 ut

360 2320 536 2380 Εἶπεν
568 2324 808 2393 ἄνω,δτι
865 2327 963 2397 τὴν
1019 2325 1112 2379 τοῦ
1165 2312 1300 2380 Θεοῦ
1354 2326 1559 2395 γνῶσιν
1601 2328 1868 2399 ἠδίκησαν
1900 2330 1952 2383 ol

364 2418 651 2490 Ἕλληνες,
679 2418 867 2483 κακῶς
890 2419 1028 2492 αὐτῇ
1052 2418 1420 2491 χρησάμενοι.
1444 2419 1615 2475 Πόθεν
1638 2417 1734 2476 οὖν
1767 2422 1948 2492 δῆλον,

359 2510 445 2564 ὅτι
468 2510 669 2579 γνῶσιν
697 2507 874 2582 λείχον,
918 2510 1012 2564 νῦν
1039 2527 1238 2582 φησιν’
1277 2526 1296 2564 t
1331 2510 1458 2567 Ὅτι
1503 2512 1566 2564 τὸ
1600 2513 1840 2581 γνωστὸν
1855 2513 1950 2568 τοῦ

361 2601 498 2657 Θεοῦ
521 2603 755 2672 φανερόν
779 2604 926 2656 ἔστιν
944 2604 1002 2656 ἐν
1032 2604 1236 2667 αὐτοῖς.
1274 2623 1292 2656 ι
1314 2598 1449 2657 Είτα
1472 2605 1566 2658 καὶ
1598 2606 1757 2660 τοῦτο
1777 2624 1950 2662 κατα-

363 2693 848 2764 σκευάζει,λέγων,
865 2694 945 2749 ὅτι
962 2694 1095 2749 Ἀπὸ
1109 2695 1210 2766 τῆς
1230 2694 1482 2760 εὐταξίας
1501 2696 1608 2749 τῶν
1633 2699 1948 2768 κτισμάτων

361 2786 691 2858 κηρύττεται
722 2787 768 2820 δ’
796 2789 823 2840 ό
855 2788 1198 2859 Δημιουργός
1218 2806 1231 2819 ·
1266 2787 1341 2852 ὡς
1390 2789 1481 2843 καὶ
1525 2790 1554 2841 6
1582 2788 1745 2843 Δαυῒδ
1770 2789 1945 2859 λέγει·

366 2895 387 2931 t
424 2879 488 2932 υἱ
519 2878 737 2949 οὐρανοὶ
777 2878 1090 2948 διηγοῦνται
1136 2879 1296 2947 δόξαν
1340 2879 1500 2936 Θεοῦ.
1543 2899 1562 2932 ι
1602 2881 1675 2933 Τὸ
1705 2881 1946 2951 γνωστὸν

360 2968 418 3024 δὲ
448 2969 541 3024 τοῦ
571 2970 704 3024 Θεοῦ
737 2968 789 3023 τί
810 2972 976 3036 ἐστιν,
1010 2970 1181 3034 οὕτως
1205 2972 1272 3025 ἂν
1302 2972 1523 3043 μάθοιςο
1555 2971 1662 3025 Τοῦ
1693 2970 1852 3039 Θεοῦ,
1883 2972 1946 3026 τὸ

361 3062 465 3133 μιν
494 3063 642 3117 ἐστιν
682 3062 982 3131 ἄγνωστον,
1014 3056 1126 3117 οἷον
1157 3065 1189 3135 ὴ
1223 3064 1381 3117 οὐσία
1410 3063 1574 3119 αὐτοῦ
1593 3081 1608 3095 ·
1633 3064 1693 3117 τὸ
1721 3064 1779 3118 δὲ
1810 3081 1947 3134 γνω-

2060 2326 2227 2383 Deum
2260 2329 2729 2400 glorificaverunt,
2761 2340 2854 2385 aut
2886 2332 3090 2401 gratias
3125 2343 3372 2403 egerunt.
3416 2357 3436 2388 ο
3469 2335 3647 2406 Supra

2054 2418 2214 2485 dixit,
2287 2421 2430 2490 quod
2488 2418 2851 2489 eugnitionetn
2915 2421 3007 2477 Dei
3078 2422 3275 2492 injuria
3335 2424 3635 2481 aﬂ‘ecerunt

2053 2510 2250 2576 Graeci,
2293 2527 2363 2567 ea
2407 2512 2664 2567 nimirum
2698 2515 3005 2569 abutentes.
3044 2513 3200 2570 Unde
3230 2516 3397 2586 igitur
3424 2518 3640 2588 perspi-

2051 2617 2211 2658 cuum
2247 2604 2338 2669 sit,
2375 2606 2517 2674 quod
2551 2605 2643 2660 Dei
2679 2606 2929 2660 notitiam
2951 2606 3256 2673 habuerint,
3291 2623 3436 2662 nunc
3468 2608 3643 2678 expli-

2049 2704 2180 2751 cat:
2213 2713 2232 2747 ι
2268 2696 2532 2763 Quoniam
2574 2698 2715 2767 quod
2751 2697 2817 2751 de
2846 2697 2956 2752 Deo
2985 2699 3235 2767 cognosci
3288 2708 3483 2769 potest,
3526 2715 3640 2755 ma-

2047 2781 2303 2839 nifestum
2330 2796 2411 2841 est
2436 2785 2489 2840 in
2523 2785 2648 2841 illis.
2680 2804 2699 2837 ι
2730 2785 2931 2842 Deinde
2963 2787 3066 2842 hoc
3091 2786 3264 2856 ipsum
3290 2789 3636 2849 corroborat.

2052 2876 2333 2946 inquiens,
2376 2877 2637 2947 quoniam
2673 2892 2739 2932 ex
2789 2877 2932 2932 bona
2961 2888 3341 2933 creaturarum
3371 2883 3638 2934 constitu-

2050 2973 2199 3023 tione
2232 2969 2559 3040 praedicatur
2585 2967 2776 3039 Opifex
2817 2987 2831 3025 :
2872 2970 3326 3040 quemadmodum
3363 2979 3420 3026 et
3464 2970 3640 3027 David

2030 3064 2120 3117 ait
2152 3079 2166 3117 :
2207 3080 2226 3113 ι
2258 3062 2391 3116 Cteli
2443 3070 2700 3117 enarrant
2730 3063 2957 3132 gloriam
2991 3063 3084 3118 Dei
3112 3071 3160 3117 '.
3199 3081 3220 3116 ι
3269 3064 3408 3131 Quid
3457 3075 3635 3117 autem

359 3155 506 3222 στὸν,
552 3151 664 3210 οἷον
692 3156 870 3210 πάντα
894 3157 962 3212 τὰ
1008 3158 1138 3229 περὶ
1183 3158 1283 3228 τὴν
1311 3158 1528 3223 οὐσίαν,
1570 3157 1872 3224 τουτέστιν,
1908 3159 1942 3229 ἠ

2053 3153 2135 3220 sit,
2166 3154 2307 3221 quod
2333 3153 2398 3207 de
2428 3153 2537 3208 Deo
2562 3154 2815 3223 cognosci
2856 3154 3051 3223 possit,
3087 3154 3162 3209 ita
3191 3154 3403 3210 discere
3434 3170 3626 3226 queas.

358 3246 656 3318 ἀγαθότης,
677 3249 712 3320 ἡ
744 3249 928 3318 σοφία,
950 3250 983 3321 ὴ
1007 3248 1261 3319 δύναμις,
1286 3251 1320 3320 ἠ
1351 3247 1583 3319 θειότης,
1616 3248 1736 3318 ἤτοι
1772 3265 1944 3318 μεγα·

2044 3246 2121 3301 De
2151 3244 2283 3310 Deo,
2321 3244 2465 3300 aliud
2493 3247 2711 3316 quidem
2741 3247 2993 3315 cognosci
3039 3261 3145 3302 non
3188 3256 3385 3317 potest,
3419 3255 3476 3300 ut
3518 3249 3628 3317 ipsa

355 3340 569 3411 λειότης
589 3356 604 3370 °
638 3339 676 3395 ἃ.
703 3341 797 3394 καὶ
840 3342 1050 3410 ἀόρατα
1082 3341 1247 3396 αὐτοῦ
1277 3343 1304 3394 ὁ
1338 3340 1549 3403 Παῦλος
1577 3339 1747 3408 λέγει,
1785 3339 1938 3395 νοού-

2053 3339 2275 3394 essentia
2318 3356 2331 3392 :
2362 3337 2507 3393 aliud
2542 3352 2672 3393 vero
2705 3339 2964 3409 cognosci
2997 3348 3198 3408 potest,
3223 3347 3281 3392 ut
3301 3339 3479 3393 omnia
3510 3353 3632 3406 quae

358 3450 502 3504 μενα
541 3432 639 3504 μὲν
671 3432 719 3466 ⁸³
751 3434 865 3497 τοῖς
896 3434 1186 3503 ποιήμασι.
1216 3434 1340 3496 Τοῖς
1362 3428 1456 3486 οὐν
1487 3431 1748 3502 Ἕλλησιν
1774 3432 1945 3500 ἔδειξε

2053 3438 2164 3486 sunt
2193 3430 2336 3484 circa
2369 3430 2684 3494 essentiam,
2724 3444 2915 3500 nempe
2946 3431 3185 3495 bonitas,
3212 3431 3498 3501 sapientia,
3533 3445 3632 3499 po-

353 3524 424 3579 τὸ
457 3524 700 3593 γνωστὸν
747 3521 914 3577 αὐτοῦ
949 3524 1082 3585 πᾶν,
1113 3522 1282 3593 ἤγουν
1329 3520 1399 3575 τὰ
1439 3526 1570 3594 περὶ
1617 3520 1715 3592 τὴν
1755 3521 1944 3576 οὐσίαν

2053 3523 2231 3587 tentia,
2273 3523 2546 3590 divinitas,
2588 3523 2702 3579 sive
2745 3526 3007 3592 maiestas
3050 3538 3231 3593 ςῳιαξ,
3252 3532 3307 3578 et
3337 3524 3626 3577 invisibilia

355 3615 524 3671 αὐτοῦ
572 3601 776 3680 παντα,
835 3614 871 3670 ἃ.
903 3614 1203 3687 ὀφθαλμοῖς
1256 3613 1356 3686 μὲν
1403 3613 1682 3688 αἰσθητοῖς
1736 3614 1942 3685 ἀόρατά

2053 3612 2155 3681 ejus
2206 3614 2364 3668 divus
2417 3612 2618 3667 Paulus
2654 3613 2918 3680 nominat,
2976 3613 3245 3668 intellecta
3296 3613 3511 3683 quidem
3556 3628 3624 3668 ex

354 3711 485 3787 εἱσι,
518 3709 593 3780 νῷ
639 3710 697 3764 δὲ
742 3708 1086 3782 καταληπτὰ,
1119 3708 1207 3763 διά
1232 3708 1336 3779 τῆς
1378 3710 1436 3763 ὲν
1476 3711 1593 3773 τοῖς
1638 3708 1940 3780 ποιήμασιν

2053 3705 2312 3776 )peribus.
2372 3704 2576 3761 Graecis
2624 3704 2807 3774 itaque
2862 3706 3186 3760 monstravit
3243 3705 3504 3774 quidquid
3553 3707 3622 3759 de

355 3802 634 3872 εὐταξίας.
676 3790 845 3867 ’Τινὲς
894 3801 952 3855 δὲ
998 3797 1237 3874 ἀόραταῖ
1263 3802 1391 3867 τοὺς
1426 3800 1694 3872 ἀγγέλους
1739 3801 1938 3870 φασίνο

2034 3813 2157 3854 sese
2185 3800 2436 3868 cognosci
2464 3806 2668 3868 posset,
2706 3799 2821 3853 sive
2857 3798 3040 3853 omnia
3075 3799 3141 3852 ad
3178 3798 3469 3854 essentiam
3501 3797 3621 3865 eius

354 3896 459 3949 οὐκ
486 3895 754 3965 εὐστόχως
782 3894 849 3957 ⁸⁸,
879 3889 1055 3963 οἶμαι.
1106 3891 1240 3947 Εῐπε
1283 3892 1342 3947 δέ
1374 3908 1456 3957 τις
1494 3893 1615 3946 τῶν
1646 3891 1930 3963 Πατέρων,

2053 3891 2339 3962 spectantia
2366 3904 2379 3950 :
2402 3905 2518 3960 quae
2538 3890 2712 3946 oculis
2728 3889 2943 3962 quidem
2967 3888 3308 3946 sensibilibus
3333 3889 3627 3945 invisibilia

354 3988 524 4042 ἀΐδιον
552 3987 808 4059 δύναμιν,
847 3982 938 4041 τὸν
960 3984 1098 4039 Υίόν
1119 4001 1133 4017 ο
1163 3982 1415 4055 θειότητα
1441 3982 1519 4050 δὲ,
1546 3982 1608 4037 τὸ
1630 3981 1883 4054 Πνεῦμα.

2038 3991 2183 4049 sunt,
2211 3993 2396 4038 mente
2430 3997 2560 4038 vero
2594 3982 3120 4053 comprehensibilia,
3144 3988 3365 4053 propter
3402 3983 3627 4035 concin-

358 4097 486 4137 nam
510 4085 565 4137 in
585 4080 841 4153 operibus
882 4078 1301 4137 ordiiiatibnem.
1328 4077 1673 4151 leuidam
1712 4093 1843 4133 vero
1888 4077 2197 4146 invisibilia,
2240 4077 2461 4147 angelos
2507 4076 2716 4143 dicunt,
2761 4076 2941 4132 minus
3020 4083 3199 4132 tamen
3254 4076 3521 4146 apposite,
3566 4086 3626 4131 ut

346 4178 573 4255 .opinor.
623 4164 859 4243 Quidam
912 4168 1091 4229 autem
1130 4187 1162 4228 e
1208 4171 1484 4238 Patribus,
1543 4170 1928 4243 sempiternam
1986 4172 2308 4241 potentiam,
2346 4170 2549 4227 Filium
2611 4169 2781 4236 dixit;
2824 4167 3160 4224 divinitatem
3209 4177 3412 4236 autem,
3454 4166 3628 4237 Spirio

360 4282 470 4324 tum
502 4277 769 4324 sanetum.

437 4381 457 4415 ι
495 4363 589 4425 Εἰς
610 4361 671 4413 τὸ
704 4356 844 4415 εἶναι
878 4360 1075 4424 αὐτοὺς
1110 4359 1576 4430 ἀναπολογήτους.
1616 4377 1637 4412 ι
1664 4358 1835 4412 Τοῦτο
1875 4357 1934 4426 ἐξ

2116 4379 2137 4413 ι
2172 4356 2243 4414 Ut
2273 4357 2382 4414 sint
2413 4356 2512 4425 ipsi
2545 4353 2961 4430 inexcusabiles.
2993 4370 3014 4405 ›
3043 4351 3159 4408 Hoc
3179 4366 3245 4407 ex
3268 4360 3461 4408 eventu
3494 4368 3625 4407 con-

354 4453 798 4524 ἁποτελέσματος
824 4452 1067 4521 γέγονεν.
1096 4450 1171 4505 οὐ
1200 4450 1311 4522 γὰρ
1333 4451 1421 4505 διὰ
1450 4450 1610 4504 τοῦτο
1637 4449 1809 4504 ταῦτα
1837 4466 1934 4504 πε-
1978 4472 1999 4479 ηκ

2020 4451 2183 4522 Διίεςίι.
2226 4448 2345 4504 Non
2393 4449 2535 4503 enim
2584 4457 2868 4518 propterea
2909 4445 3054 4501 Deus
3115 4445 3232 4501 haec
3268 4443 3416 4511 fecit,
3454 4455 3509 4499 ut
3541 4445 3616 4498 illi

355 4548 584 4620 ποίηκεν
613 4549 641 4601 6
670 4544 822 4613 Θεὸς,
850 4545 937 4599 ἵνα
967 4545 1164 4599 ἐκεῖνοι
1196 4536 1329 4598 ὦσιν
1356 4542 1777 4613 ἀναπολόγητοι,
1810 4538 1947 4596 ἀλλ”

2053 4546 2148 4600 sint
2195 4540 2613 4604 inexcusabiles,
2646 4554 2832 4595 verum
2873 4553 2937 4594 ex
2990 4545 3188 4594 eventu
3239 4537 3342 4593 hoc
3395 4537 3615 4592 accidit.

356 4638 418 4707 ἐξ
450 4639 893 4709 ἀποτελέσματος
923 4636 1125 4708 συνέϐη
1174 4636 1350 4691 τοῦτο.
1402 4636 1646 4707 Πρόσεχε
1685 4635 1820 4705 γοῦν
1853 4634 1930 4705 τῷ

2053 4633 2422 4688 Animadverte
2452 4631 2634 4700 itaque
2673 4629 2832 4685 talem
2876 4628 3174 4699 Scriptura:
3205 4622 3615 4698 proprietateni,

357 4732 581 4803 τοιούτῳ
614 4730 865 4802 ἰδιώματι
891 4729 991 4800 τῆς
1019 4729 1266 4802 Γραφῆς,
1310 4727 1406 4782 καὶ
1448 4729 1529 4781 οὐ
1561 4727 1891 4798 προσκόψεις
1912 4741 1927 4756 ·

2026 4734 2090 4781 et
2123 4740 2229 4780 non
2261 4722 2506 4780 oﬂendes
2538 4740 2553 4776 :
2583 4721 2839 4791 pleraque
2873 4735 3111 4791 namque
3154 4718 3466 4789 huiusmodi
3504 4718 3617 4788 ple-

359 4825 525 4880 πολλά
564 4824 674 4894 γὰρ
713 4820 942 4877 τοιαῦτα
986 4820 1263 4892 πανταχοῦ
1297 4819 1566 4889 λέγονται,
1594 4818 1631 4873 δι
1667 4820 1748 4873 δεῖ
1779 4818 1931 4872 λύειν

2053 4818 2220 4889 risque
2260 4818 2314 4873 in
2362 4817 2496 4872 locis
2541 4815 2817 4883 dicuntur,
2867 4830 2989 4885 quae
3043 4816 3124 4871 sie
3154 4813 3425 4868 diluenda
3466 4819 3612 4876 snnt‘,

356 4919 547 4984 οὕτως,
597 4919 673 4981 ὡς
711 4918 776 4970 ἐκ
812 4914 907 4969 τοῦ
951 4913 1395 4985 ἀποτελέσματος
1449 4910 1930 4981 αἰτιολογούμεναιο

2042 4921 2103 4967 ut
2154 4926 2251 4982 per
2312 4917 2562 4965 eventum
2613 4907 2825 4962 illorum
2890 4907 3151 4963 reddatur
3206 4906 3403 4960 ratio:
3449 4904 3610 4960 veluti

355 5006 463 5066 οἷον
497 5010 646 5078 λέγει
694 5004 891 5061 Δαυῖδ·
944 5024 963 5060 ι
1004 5007 1127 5059 Ὅτι
1175 4996 1250 5059 τὸ
1277 5004 1510 5076 πονηρὸν
1557 5004 1787 5058 ἐνώπιόν
1838 5020 1933 5058 σου

2053 5003 2203 5061 )avid
2238 5001 2458 5072 inquit‘
2492 5018 2505 5054 :
2534 5018 2552 5053 ι
2598 4998 2866 5066 Quoniam
2910 4998 3111 5054 malum
3154 5013 3338 5053 coram
3380 5007 3428 5049 te
3479 4994 3613 5062 feci,

356 5103 610 5173 ἐποίησα,
640 5102 787 5165 ὅπως
825 5099 891 5154 ἂν
921 5101 985 5153 σὺ
1033 5097 1327 5169 δικαιωθῇς
1372 5098 1432 5151 ὲν
1460 5099 1572 5161 τοῖς
1603 5096 1782 5167 λόγοις
1813 5114 1929 5163 σου,

2053 5107 2092 5152 ιι
2133 5095 2447 5165 justiticeris
2504 5093 2558 5148 in
2629 5091 2972 5147 sermonibus
3019 5091 3154 5157 tuis,
3209 5099 3267 5145 ut
3327 5087 3530 5142 vincas.
3582 5106 3604 5142 ι

358 5195 447 5250 καὶ
475 5194 727 5264 νικήσῃς.
762 5210 780 5243 ι
820 5191 931 5246 Καὶ
959 5191 1211 5263 φαίνεται
1244 5189 1469 5253 ἄτοπον,
1501 5187 1616 5243 ἀλλ’
1652 5189 1926 5245 οὐκέστι.

2031 5188 2183 5256 Quod
2234 5185 2447 5242 etiamsi
2478 5186 2801 5240 absurdum
2844 5191 3090 5253 apparet,
3144 5181 3369 5237 minime
3428 5190 3604 5235 tamen

354 5289 485 5358 Φησὶ
523 5288 650 5357 γὰρ,
682 5286 764 5340 ὅτι
795 5284 1190 5357 Εὐεργετηθεὶς
1216 5284 1370 5353 παρά
1414 5270 1533 5349 σοῦ,
1570 5281 1764 5354 Κύριε,
1789 5282 1930 5352 ὑπὲρ

2053 5281 2112 5336 εει
2159 5280 2481 5335 οὺευὴιιιιιι.
2518 5278 2608 5331 Ait
2652 5276 2833 5332 enim:
2869 5274 3156 5331 Beneﬁciis
3183 5283 3318 5340 ate,
3362 5272 3604 5337 Domine,

355 5383 530 5436 πᾶσαν
554 5379 763 5444 ἐλπίδα,
794 5378 1040 5450 ἧμαρτόν
1072 5395 1174 5445 σοι,
1204 5377 1297 5431 καὶ
1320 5378 1384 5430 ἐκ
1414 5375 1605 5430 τούτου
1637 5376 1926 5446 συμϐαίνει

2053 5389 2191 5444 iupl'a
2248 5384 2463 5429 omnem
2524 5384 2674 5442 spem
2729 5369 2971 5434 aﬂ‘eetus,
3035 5366 3252 5438 peccavi
3314 5367 3603 5419 adversum

358 5490 414 5527 σε
449 5464 954 5541 δικαιολογοῦμενον
997 5468 1134 5542 πρός
1186 5486 1275 5540 με,
1307 5467 1485 5538 νικᾷν.
1525 5465 1616 5531 Ἐξ
1668 5464 1951 5519 ἀποτελέολ

424 5624 446 5652 ε
479 5612 626 5668 Psal.
672 5624 826 5673 xvnt,
856 5610 908 5663 1.
993 5610 1008 5643 ί
1069 5605 1210 5663 Psal.
1254 5605 1292 5670 l,
1349 5605 1403 5660 6.

2033 5472 2085 5519 te
2122 5484 2137 5519 :
2172 5475 2332 5535 atque
2381 5478 2446 5520 ex
2501 5463 2606 5520 hoe
2659 5460 2921 5530 contingit
2954 5468 3009 5517 te
3057 5472 3267 5515 mecum
3306 5457 3361 5512 in
3404 5456 3606 5529 judicio

1663 5736 1863 5799 Variae
1908 5735 2245 5798 lectiones.

419 5891 466 5927 “
494 5889 595 5962 τὴν
618 5889 819 5960 γνῶσιν
847 5886 939 5942 τοῦ
977 5886 1112 5940 Θεοῦ
1153 5902 1204 5940 o.
1283 5886 1327 5917 δ’
1360 5885 1693 5956 ὲκηρύττετο
1714 5901 1764 5938 0.
1845 5882 1889 5914 ³³
1920 5882 2104 5953 μέντοι
2148 5898 2201 5937 o.
2278 5880 2324 5912 “
2350 5880 2595 5948 ἀστόχως
2622 5893 2677 5935 0.
