4038 6574
487 416 597 485 32.5
1249 387 1261 398 ’
1376 406 1961 475 'l‘ilEOPIlYLACTl
2006 403 2419 468 BULGARl/E
2459 400 2818 463 ARCIIIEP.
3134 478 3141 483 ἰ
3664 374 3762 448 :56

490 534 905 600 disceptantem,
947 524 1315 580 vincere.le
1361 524 1553 579 elTectu
1605 525 1784 592 itaque
1832 524 2073 589 adeoque

2175 535 2201 570 σ
2213 532 2385 587 ματος
2416 515 2510 570 οῦν
2563 512 2875 568 δικαιοῦται
2902 506 3055 572 Θεὸς,
3087 504 3249 577 ἡμῶν
3295 500 3760 572 ἀγνωμο.οὐντων

489 596 995 689 εκίιυ-Ῑιιειὶηείιιυι·
1040 619 1179 672 Dens
1224 618 1350 671 dtnu
1386 632 1483 670 nos
1524 616 1715 685 ingrati
1753 626 1943 668 sumus
1976 626 2072 681 pro

2180 610 2274 662 ἐπὶ
2308 613 2419 673 τοῖς
2455 608 2589 679 παρ’
2618 607 2787 661 αὑτοῦ
2814 604 3036 664 δοθεῖσι,
3074 600 3169 655 καὶ
3199 599 3273 670 μὴ
3295 598 3526 668 ἐχόντων
3548 596 3602 648 τί
3629 596 3765 648 ἀπο-

495 716 662 783 tpsitts
691 714 742 767 itt
778 728 874 766 nos
904 712 1117 765 collatis
1150 710 1448 771 beneficiis,
1499 723 1596 761 nec
1653 706 1941 774 quidquam
1967 719 2075 772 quo

2180 700 2547 771 λογτβόμεθα.
2588 702 2695 752 Καὶ
2744 700 2793 751 οἱ
2828 696 3088 766 Ἕλληνες
3129 691 3186 746 δὲ
3233 690 3629 760 ἀναπολόγητοι
3678 704 3769 755 γεο

496 824 591 861 uus
645 805 1015 869 defendamus,
1073 805 1352 859 habemus.
1412 802 1616 857 Gru'cis
1670 802 1707 853 it
1730 817 1850 869 tque
1915 798 2071 861 nihil,

2182 796 2371 862 γιῖινασι
2408 833 2422 858 ,
2456 794 2589 846 διότι
2621 793 2839 859 γνόντες
2860 789 2950 843 διὰ
2982 789 3076 857 τῆς
3102 785 3333 848 κτίσεως
3358 782 3450 835 τὸν
3484 782 3643 846 Θεὸν,
3670 780 3770 833 οὒκ

492 914 598 968 quo
631 912 751 951 sese
784 895 1096 959 defendant,
1133 893 1450 962 relinquitur
1484 910 1496 943 :
1534 889 1972 960 (ptatttloquidetn
2006 905 2071 941 ex

2182 888 2350 950 ἀξίως
2396 886 2557 940 αὐτὸν
2594 884 2873 950 ἐδόξασαν,
2907 884 2940 953 ἦ
2986 879 3400 951 ηὐχαρίστησαν
3436 878 3512 940 ὼς
3558 876 3771 946 κτίστῃ

493 988 756 1043 creaturis
790 988 957 1042 Deum
1006 994 1412 1053 cognoscentes.
1447 999 1569 1036 eum
1610 996 1707 1051 pro
1745 979 1936 1033 merito
1969 993 2073 1031 non

2186 980 2282 1031 καὶ
2316 981 2540 1049 Ποιητῇ,
2569 977 2681 1030 ἀλλ’
2708 977 2950 1039 εἰδώλοις
2970 975 3070 1045 τὴν
3089 971 3256 1028 αὑτοῦ
3278 970 3441 1041 τιμὴν
3466 988 3533 1023 πε
3544 968 3769 1038 ριῆιξιαν⁸

497 1082 953 1144 ιιυτὶἰὶοιινοῑιιιιι,
1019 1093 1194 1148 neque
1269 1086 1493 1146 egerunt
1566 1073 1768 1145 gratias
1826 1083 2076 1141 tanquam

2175 1074 2362 1127 matari
2394 1080 2451 1125 et
2520 1070 2559 1123 F
2565 1070 2757 1135 actori,
2801 1082 2985 1123 rerum
3022 1065 3179 1121 idolis
3210 1067 3472 1120 honorem
3541 1061 3645 1132 ipsi
3674 1061 3770 1116 de-

499 1188 507 1220 i
536 1173 664 1224 ittttn
700 1169 1031 1223 detulerunt.

574 1263 732 1316 \‘Eas.
764 1260 856 1326 21,
883 1259 975 1314 9.2.
1010 1278 1027 1310 ι
1068 1258 1171 1313 Sed
1209 1267 1549 1313 evanuerunt
1579 1258 1631 1310 iu
1662 1255 2077 1328 cogitationibus

2260 1274 2278 1304 ι
2331 1252 2469 1305 Ἀλλ’
2498 1247 2919 1321 ἐματαιώθησαν
2943 1250 3001 1300 ἐν
3032 1247 3140 1306 τοῖς
3169 1240 3539 1311 διαλογισμοῖς
3563 1236 3771 1293 αὐτῶν.

499 1354 635 1417 suis,
660 1361 710 1408 et
743 1353 1086 1407 obscuratum
1120 1360 1203 1403 est
1236 1350 1496 1417 insipiens
1519 1364 1613 1402 cor
1647 1365 1855 1403 eorum.
1889 1349 2079 1402 Dicen-

2183 1347 2279 1398 καὶ
2313 1343 2604 1411 ἐσκοτίσθη
2639 1343 2670 1412 ἡ
2704 1340 2966 1401 ἀσύνετος
2995 1337 3173 1392 αὐτῶν
3214 1334 3436 1405 καρδία.
3465 1333 3775 1392 Φάσκοντες

503 1456 579 1493 ινδ
631 1456 689 1495 se
730 1455 849 1494 esse.
894 1440 1184 1508 sapientes,
1230 1439 1377 1492 stulti
1428 1437 1552 1492 facti
1605 1448 1752 1494 sunt.
1796 1458 1813 1490 ›
1843 1438 2075 1492 Causam

2277 1456 2327 1492 αι
2365 1436 2541 1504 σοφοὶ,
2595 1433 3015 1504 ἐμωράνθησαν.
3056 1448 3076 1481 ι
3115 1430 3227 1499 Τὴν
3271 1427 3450 1481 αἰτίαν
3491 1425 3676 1493 τίθησι
3706 1424 3777 1476 δι’
3870 1508 3872 1510 η

502 1527 675 1581 reddit
707 1526 777 1580 ob
804 1540 962 1595 quam
1001 1527 1071 1580 ad
1099 1526 1402 1593 huiusmodi
1427 1528 1714 1581 amentiam
1749 1528 2071 1582 exciderint.

2183 1531 2240 1600 ἣν
2263 1531 2341 1591 εἰς
2359 1526 2614 1594 τοιαύτην
2636 1526 2823 1579 ἄνοιαν
2848 1523 3130 1587 ἐξέπεσον.
3156 1521 3283 1582 Τοῖς
3321 1518 3609 1588 λογισμοῖς
3635 1512 3778 1583 γάρ,

501 1618 1045 1681 ltatiociuatiouibus,
1074 1618 1271 1685 inquit,
1312 1620 1425 1671 suis
1457 1620 1636 1672 omnia
1675 1621 2071 1689 permiserunt:

2183 1622 2331 1692 φησὶ,
2364 1619 2423 1671 τὸ
2447 1619 2554 1671 πᾶν
2588 1615 2896 1687 ἐπέτρεψαν
2917 1629 2931 1643 ⁸
2967 1614 3064 1668 καὶ
3089 1612 3407 1683 βουλόμενοι
3442 1611 3500 1663 ἐν
3532 1611 3778 1678 σχήματι

502 1708 854 1777 \oleulesque
882 1707 935 1760 iu
965 1706 1133 1760 forma
1170 1709 1450 1777 quapiam,
1480 1706 1702 1761 fortnam
1734 1726 1835 1761 non
1871 1710 2077 1761 haben-

2182 1712 2269 1764 τὸν
2297 1710 2730 1780 ἀσχημάτιστον,
2765 1710 2858 1762 καὶ
2894 1710 2952 1759 ἐν
2982 1706 3194 1777 σώματι
3224 1706 3315 1759 τὸν
3351 1704 3646 1770 ἀσώματον
3671 1718 3777 1752 κα-

503 1808 633 1861 tem,
667 1801 909 1868 adeoque
937 1799 988 1851 itt
1023 1814 1271 1868 corpore,
1316 1799 1698 1867 incorporeum
1727 1800 2082 1869 comprehen-

2188 1800 2461 1865 ταλαὸεῖν,
2507 1801 2724 1867 μάταιοι
2764 1800 3128 1869 ἠλέγχθησάν,
3180 1798 3241 1850 οὐ
3294 1795 3637 1864 δυνηθέντων
3666 1794 3781 1846 τῶν

503 1891 650 1956 dere,
682 1892 800 1944 vani
830 1891 1148 1960 deprehensi
1187 1900 1347 1956 sunt;
1377 1890 1799 1960 cogitationibus
1825 1891 2082 1945 nimirum

2191 1893 2465 1964 λογισμῶν
2489 1894 2620 1964 πρὸς
2646 1892 2706 1946 τὸ
2734 1893 2909 1962 πέρας
2938 1890 3233 1957 ἐξικέσθαι.
3278 1889 3561 1942 ’Δσὺνετον
3594 1886 3650 1939 δὲ
3676 1885 3782 1954 τὴν

505 1981 618 2036 sive
666 1982 1176 2037 ratiocinationibus
1222 1982 1382 2035 linem
1432 1996 1589 2036 suum
1632 1998 1733 2036 non
1772 1982 2081 2051 pertingen-

2192 1986 2418 2056 καρδίαν
2471 1985 2649 2037 αὐτῶν
2686 2002 2844 2055 φησι,
2880 1985 2967 2038 διὰ
3005 1984 3065 2037 τὸ
3103 1985 3179 2055 μὴ
3225 1981 3450 2053 θελῆσαι
3490 1978 3673 2032 πίστει
3716 1976 3784 2028 τὸ

506 2075 671 2135 tibus.
719 2074 980 2145 lnsipicus
1029 2087 1232 2141 autem,
1281 2089 1376 2130 seu
1429 2070 1702 2131 intellectu
1736 2087 1929 2129 carens
1985 2089 2083 2128 cor

2195 2080 2302 2129 πᾶν
2334 2077 2647 2145 περιλαϐεῖν
2675 2078 2743 2132 ⁸⁸.
2774 2080 2943 2131 Πόθεν
2971 2078 3027 2130 δὲ
3059 2076 3441 2148 ἐπλανήθησαν
3466 2073 3546 2134 εἰς
3582 2071 3644 2124 τὸ
3665 2072 3784 2130 τοῖς

505 2167 740 2236 ipsorum
789 2167 940 2234 dicit,
999 2167 1139 2236 quod
1197 2166 1300 2221 ﬁde
1358 2169 1493 2222 nolit
1546 2167 1726 2221 omnia
1775 2168 2075 2236 percipere.

2189 2168 2465 2238 λογισμοῖς
2503 2168 2826 2240 ἐπιστρέψαι
2877 2171 2937 2223 τὸ
2981 2169 3231 2232 πᾶνςἘκ
3267 2167 3360 2220 τοῦ
3394 2165 3603 2219 οἴεσθαι
3638 2157 3784 2215 εἶναι

509 2256 662 2312 Unde
706 2270 882 2314 autem
915 2274 980 2314 eo
1008 2261 1211 2313 erroris
1248 2258 1451 2323 delapsi
1504 2268 1653 2324 sunt,
1697 2266 1759 2312 ιιι
1796 2259 2079 2312 ratiocina-

2190 2262 2375 2329 σοφοίθ
2428 2263 2508 2315 διὸ
2556 2265 2648 2317 καὶ
2695 2263 3112 2335 ἐμωράνθησαν.
3164 2256 3229 2314 Τί
3279 2258 3385 2329 γὰρ
3422 2252 3785 2328 ἀνοητότερον

511 2349 745 2402 tionibus
777 2350 890 2403 suis
921 2359 1113 2402 cuncta
1147 2348 1565 2417 permitterent?
1593 2347 1670 2402 Ex
1697 2363 1764 2402 eo
1807 2348 1952 2417 quod
1983 2365 2081 2415 pu-

1611 2347 1670 2402 Ξι
1697 2363 1764 2402 eo
1807 2348 1952 2417 quod
1983 2365 2081 2415 ptt-
2185 2352 2282 2405 τοῦ
2314 2353 2482 2418 λίθοις
2512 2360 2841 2426 προσκυνεῖν
2864 2357 2958 2409 καὶ
2986 2355 3163 2419 ξύλοις
3193 2372 3206 2420 ;

510 2447 687 2491 tarcnt
717 2457 736 2489 ι
771 2454 831 2493 se
874 2453 995 2499 esse
1042 2439 1314 2507 sapientes
1349 2456 1368 2489 ›
1401 2437 1632 2507 ideoque
1678 2454 1698 2488 ι
1743 2437 1894 2491 stulti
1951 2437 2079 2493 facti
2120 2451 2266 2495 sunt.
2306 2460 2324 2492 ι
2391 2442 2528 2508 Quid
2559 2445 2701 2499 enim
2755 2444 3003 2498 stolidius
3076 2459 3236 2511 quam
3272 2440 3476 2509 lapides
3542 2448 3597 2493 et
3634 2436 3786 2505 ligna

517 2531 783 2585 adorare?

582 2622 744 2677 Vens.
768 2621 858 2675 25.
899 2639 918 2672 ι
950 2620 1014 2674 Et
1037 2628 1383 2675 mutaverunt
1411 2619 1638 2689 gloriam
1658 2620 2090 2690 incorruptibilis

2269 2642 2288 2675 ι
2322 2626 2428 2678 Καὶ
2467 2624 2764 2694 ἠλλάξαντο
2793 2622 2887 2694 τὴν
2919 2616 3075 2688 δόξαν
3104 2622 3197 2675 τοῦ
3233 2622 3514 2693 ἀφθάρτου
3540 2616 3678 2674 Θεοῦ
3725 2621 3792 2673 ἐν

514 2716 632 2783 Dei,
670 2715 723 2768 in
757 2703 1165 2769 similitudinem
1200 2713 1450 2783 imaginis
1493 2714 1866 2782 corruptibilis
1910 2712 2090 2769 homi-

2194 2718 2501 2786 ὁμοιώματι
2533 2718 2738 2779 εἰκόνος
2776 2718 3013 2787 φθαρτοῦ
3045 2717 3357 2787 ἀνθρώπου,
3379 2716 3472 2768 καὶ
3492 2713 3787 2771 πετεινῶν.

517 2809 622 2872 nis,
657 2817 711 2860 et
743 2804 1039 2868 volucrum,
1075 2815 1128 2858 et
1162 2805 1592 2874 quadrupedum,
1619 2815 1674 2860 et
1707 2815 2044 2874 serpentum.
2072 2824 2091 2856 ι

2198 2810 2294 2860 καὶ
2344 2808 2712 2877 τετραπόδων,
2771 2810 2862 2860 καὶ
2913 2808 3180 2879 ἑρπετῶν.
3232 2826 3250 2858 ι
3314 2808 3373 2859 Ὀ
3406 2806 3716 2871 άλλάσσων,
3760 2805 3791 2857 ὃ

515 2900 621 2964 Qui
644 2907 942 2967 permutat,
973 2897 1025 2951 id
1053 2896 1197 2965 quod
1228 2896 1408 2963 habet,
1436 2896 1486 2949 in
1512 2896 1657 2950 aliud
1680 2905 1972 2965 permutat.
2000 2894 2103 2950 lla-

2199 2902 2335 2970 ἐχει,
2371 2899 2627 2952 ἀλλάσσει
2667 2899 2801 2967 πρὸς
2847 2898 2992 2951 ἄλλο.
3028 2893 3187 2966 Εἶχον
3216 2898 3323 2968 ἄρα
3365 2897 3457 2949 καὶ
3492 2896 3652 2948 αἰιτολ⁵
3686 2894 3794 2965 τὴν

519 2991 718 3045 hebant
743 3005 872 3059 ergo
899 2998 952 3043 et
1000 2988 1405 3057 ipsi-notitiam,
1451 2989 1544 3043 sed
1575 3003 1694 3042 eam
1723 2987 2097 3055 perdiderunt,

2208 2992 2429 3057 γνῶσιν,
2477 2990 2614 3042 ἀλλά
2668 2990 2985 3061 προῦδωκαν
3034 2988 3202 3058 αὐτὴν
3239 2991 3307 3051 ⁸⁸,
3356 2988 3451 3039 καὶ
3509 2985 3795 3055 ἠθέλησαν

518 3091 570 3133 ct
598 3080 741 3133 aliud
782 3081 1035 3149 quiddam
1073 3080 1271 3134 habere
1308 3079 1587 3134 voluerunt
1632 3090 1832 3149 pratter
1871 3080 1922 3134 id
1954 3080 2098 3149 quod

2206 3082 2337 3136 ἄλλο
2373 3099 2424 3133 τι
2460 3084 2629 3151 σχεῖν.
2680 3083 2812 3150 παρ’
2856 3080 2884 3132 ὃ
2930 3075 3095 3150 εἶχον,
3150 3079 3245 3131 καὶ
3288 3079 3544 3141 ἐξέπεσον
3587 3074 3687 3130 καὶ
3724 3072 3793 3129 οὗ

523 3173 807 3239 habebant,
845 3173 1249 3243 amiseruntque
1294 3172 1343 3227 id
1394 3173 1537 3242 quod
1586 3173 1886 3228 habebant.
1930 3173 2101 3228 Attri-

2206 3174 2373 3244 εἰχον.
2408 3173 2749 3244 Περιέθηκαν
2782 3173 2835 3226 δὲ
2865 3171 2961 3244 τὴν
2994 3172 3151 3239 δόξαν
3187 3171 3287 3224 τοῦ
3322 3169 3602 3241 ἀφθάρτου
3628 3168 3792 3233 Θεζίι,

523 3264 752 3318 buerunt
793 3273 971 3319 autem
1009 3264 1234 3333 gloriam
1270 3264 1693 3333 incorruptibilis
1722 3264 1841 3331 Dei,
1870 3280 1975 3319 non
1998 3264 2095 3320 lto-

2201 3267 2313 3320 οὐδὲ
2345 3266 2638 3336 ἀνθρώπῳ,
2666 3265 2779 3320 ἀλλ’
2805 3266 2971 3317 είκάνι
3019 3263 3307 3336 ἀνθρώπου
3326 3263 3368 3295 ⁸⁷
3401 3262 3667 3334 φθαρτοῦ,
3695 3265 3796 3316 κς).

524 3357 651 3411 mitti
686 3357 929 3427 quidem,
957 3360 1051 3421 sed
1092 3358 1308 3427 imagini
1341 3358 1704 3427 corruptibilis
1741 3359 1997 3413 hominis.
2031 3358 2097 3411 Et

2198 3360 2258 3411 τὸ
2310 3362 2502 3412 τούτου
2555 3362 2755 3428 χεῖρον,
2812 3359 2905 3413 καὶ
2962 3361 3042 3422 εἰς
3088 3358 3292 3431 ἑρπετά
3339 3358 3786 3428 κατηνέχθησαν,

520 3450 664 3517 quod
696 3454 798 3505 hoc
827 3451 982 3518 longe
1007 3450 1248 3507 deterius
1274 3460 1375 3515 est,
1409 3451 1474 3503 ad
1507 3449 1717 3519 reptilia
1748 3449 1908 3503 etiam
1935 3448 2097 3503 delati

2206 3450 2404 3520 μᾶλλον
2437 3450 2494 3502 δὲ
2533 3452 2612 3512 εἰς
2642 3450 2741 3512 τάς
2789 3449 2996 3502 τούτων
3043 3450 3293 3510 εἰκόνας·
3336 3444 3481 3500 οὕτω
3515 3447 3801 3518 λαμπρῶς

521 3550 666 3607 suttt,
700 3540 807 3595 imo
857 3557 985 3596 vero
1012 3551 1066 3596 et
1100 3543 1166 3596 ad
1197 3543 1385 3597 horum
1440 3542 1723 3611 imagines,
1771 3541 1908 3597 adeo
1945 3540 2102 3596 lucu-

2206 3541 2512 3612 ἐμάνησαν.
2538 3541 2651 3611 Τὴν
2671 3541 2780 3611 γάρ
2811 3541 3030 3610 γνῶσιν,
3060 3542 3133 3612 λῆν
3156 3541 3262 3593 ἔδει
3290 3539 3421 3610 περὶ
3448 3539 3545 3593 τοῦ
3571 3540 3798 3593 πάντων

523 3633 695 3689 leutcr
734 3635 1095 3689 insanierunt.
1137 3635 1271 3689 Nam
1314 3634 1707 3705 cognitionem,
1747 3650 1909 3705 quam
1942 3649 2105 3704 opor-

2205 3633 2552 3704 άσυγκρίτως
2588 3633 2947 3704 ὑπερέχοντος
2981 3632 3151 3702 ἔχειν,
3208 3632 3413 3703 ταύτην
3457 3632 3537 3703 τῷ
3570 3634 3800 3686 πάντων

525 3729 672 3809 lebat
700 3729 901 3783 habere
939 3729 1004 3781 de.
1026 3743 1112 3795 eo,
1138 3729 1228 3798 qui
1260 3729 1440 3784 omnia
1474 3728 1576 3798 l3
1609 3728 2105 3797 incomparabiliter

2207 3728 2555 3798 ἀσυγκρίτως
2592 3725 2956 3797 εὐτελεστέρῳ
2983 3726 3342 3798 περιέθηκαν.
3375 3726 3512 3793 Δόξα
3542 3726 3599 3779 δὲ
3627 3724 3795 3791 Θεοῦ,

523 3820 760 3886 excellit,
792 3821 935 3875 hanc
957 3822 1030 3885 ei,
1059 3820 1203 3889 quod
1232 3822 1473 3875 omniunt
1505 3831 1592 3876 est
1616 3821 2107 3892 incomparabiliter

2206 3818 2288 3882 τὸ,
2341 3819 2415 3882 ὡς
2470 3817 2730 3889 Ποιητὴν,
2778 3818 2853 3881 ὡς
2904 3818 3205 3890 προνοητὴν
3254 3817 3641 3887 γινώσκεσθαι,
3694 3819 3798 3871 καὶ

526 3912 872 3978 vilissimum,
900 3914 1284 3966 attribuerunt.
1316 3909 1488 3964 Porro
1512 3912 1679 3979 gloria
1705 3912 1799 3967 Dei
1831 3922 1915 3966 est
1933 3915 2107 3981 ipsum

2209 3908 2380 3964 τᾶλλα
2416 3910 2484 3964 τά
2517 3908 2666 3977 αὐτῷ
2693 3909 2994 3980 πρέποντα.
3020 3910 3174 3974 Τίνες
3204 3910 3260 3965 δέ
3295 3910 3471 3965 ταῦτα
3498 3910 3753 3981 ἥμαρτον
3778 3926 3796 3973 ;

521 4019 621 4060 ceu
653 4002 988 4068 Creatorem,
1021 4018 1118 4057 ceu
1164 4002 1535 4071 providentem
1591 4003 1753 4058 rebus
1797 4003 2106 4057 mortalium

2214 4002 2278 4054 Οἱ
2305 4001 2733 4071 φιλοσοφώτατοι
2763 4002 2827 4069 ⁵⁸,
2864 4003 2914 4055 οἰ
2961 3996 3282 4072 Αἰγύπτιον
3335 3996 3484 4057 οὗτοι
3528 4003 3637 4075 γὰρ
3693 4003 3801 4064 τὰς

525 4097 941 4168 gubernatorem
983 4093 1261 4164 cognosci,
1304 4092 1467 4163 idque
1508 4107 1678 4162 genus
1728 4094 1856 4160 alia,
1906 4109 2025 4163 quae
2056 4094 2106 4148 ei

1653 4109 1678 4147 s
1728 4094 1856 4160 alia,
1906 4109 2025 4163 quae
2056 4094 2106 4148 ei
2215 4094 2323 4145 τῶν
2355 4092 2600 4164 ἑρπετῶν
2637 4095 2854 4159 εἰκόνας
2875 4098 3175 4166 περιεῖπον.
3244 4080 3248 4085 ’

524 4189 874 4245 conveniunt.
906 4188 978 4242 At
1022 4188 1168 4243 enim
1206 4186 1299 4258 qui
1331 4196 1479 4253 sunt,
1513 4187 1602 4258 qui
1629 4189 1764 4243 adeo
1807 4203 1977 4259 usque
2004 4188 2389 4259 deliquerunt?
2419 4188 2849 4260 Sapientissimi,
2885 4190 3144 4263 ίΕεγιιιὶί.
3182 4189 3317 4246 Nam
3382 4201 3437 4247 et
3506 4192 3791 4263 reptiliutn

530 4282 795 4351 imagines
827 4280 905 4335 illi
932 4280 1238 4335 coluerunt.
1682 4292 1697 4307 ⁸

601 4374 764 4430 Vsus.
796 4372 1001 4438 ηαδ.
1033 4390 1053 4424 ι
1099 4372 1328 4443 Propter
1369 4373 1513 4443 quod
1560 4374 1783 4429 tradidit
1824 4390 1918 4432 eos
1962 4377 2108 4436 Deus
2133 4382 2188 4443 D

2293 4400 2310 4434 ι
2370 4383 2461 4437 fuit
2488 4383 2582 4435 καὶ
2617 4380 2934 4451 παρέδωκεν
2965 4378 3163 4443 αὐτοὺς
3204 4379 3232 4433 ὁ
3259 4380 3389 4446 Θεὸς
3420 4384 3480 4434 ἐν
3510 4382 3630 4446 ταῖς
3669 4384 3799 4436 ἐπι-

529 4469 584 4523 in
610 4466 876 4522 desideria
912 4464 1092 4519 eordis
1124 4479 1315 4519 eorum
1359 4465 1412 4519 in
1443 4464 1859 4534 immunditiam,
1895 4478 1954 4523 ut
1974 4485 2106 4526 con-

2210 4474 2431 4544 θυμίαρς
2483 4473 2590 4527 τῶν
2629 4473 2867 4543 καρδιῶν
2919 4472 3101 4526 αὐτῶν
3150 4473 3230 4536 εἰς
3286 4474 3655 4545 ἀκαθαρσίαν,
3696 4475 3798 4529 τοῦ

533 4558 750 4613 ttunelia
800 4556 1039 4612 alliciant
1084 4570 1312 4625 corpora
1369 4570 1465 4611 sua
1518 4558 1571 4610 iu
1617 4560 1947 4629 semetipsis.
1999 4562 2102 4629 Qui

2208 4564 2573 4635 ἀτιμάζεσθαι
2598 4565 2665 4617 τὰ
2701 4565 2928 4632 σώματα
2958 4560 3140 4616 αὐτῶν
3195 4564 3252 4617 ἐν
3302 4566 3518 4629 ἑαυτοῖς
3556 4581 3571 4596 ο
3599 4566 3802 4629 οἵτινες

529 4657 992 4704 commutaveruut
1020 4648 1302 4702 veritatem
1334 4646 1424 4701 Dei
1446 4646 1503 4701 in
1527 4649 1888 4715 mendacium,
1917 4661 1973 4707 et
2010 4667 2106 4708 co-

2214 4658 2553 4727 μετήλλαξαν
2590 4655 2634 4688 ⁸³
2662 4654 2760 4726 τὴν
2787 4655 3046 4727 ἀλήθειαν
3075 4654 3170 4709 τοῦ
3197 4655 3333 4709 Θεοῦ
3384 4658 3443 4709 ἐν
3474 4658 3551 4726 τῷ
3588 4657 3803 4727 ψεύδει,

529 4742 745 4797 luerunt
782 4752 837 4796 et
863 4739 1174 4795 servierunt
1204 4746 1468 4793 creaturae
1495 4739 1671 4807 potius
1693 4757 1855 4811 quam
1878 4742 2107 4800 Creato-

2213 4752 2308 4803 m‘t
2356 4748 2731 4818 ἐσεϐάσθησαν
2781 4748 2875 4800 καὶ
2929 4746 3267 4818 ἐλάτρευσαν
3300 4750 3366 4819 τῇ
3414 4744 3594 4802 κτίσει
3645 4749 3806 4819 παρά

531 4835 595 4898 ri,
629 4834 724 4903 qui
750 4842 835 4887 est
865 4830 1185 4886 benedictus
1216 4830 1268 4883 in
1302 4828 1522 4894 saecula,
1553 4829 1748 4886 Amen.
1780 4850 1800 4885 ι
1828 4860 1898 4874 -
1926 4852 1944 4886 ι
1978 4833 2111 4888 Tra-

2212 4845 2302 4895 τὸν
2345 4841 2719 4907 Κτίσαντα,ὃς
2759 4840 2906 4892 ἐστιν
2945 4839 3239 4911 εὐλογητὸς
3266 4841 3346 4904 εἰς
3394 4841 3523 4903 τοὺς
3570 4841 3804 4903 αἰῶνας.

528 4923 686 4990 didit,
711 4942 729 4975 ι
763 4937 881 4993 pro,
918 4919 1198 4983 Permisit,
1220 4918 1427 4973 dimisit
1460 4936 1474 4973 :
1504 4923 1954 4989 quemadmodum
1997 4939 2112 4978 me-

2227 4935 2424 5004 Ἀμήν.
2458 4952 2476 4983 ι
2516 4933 2611 4992 Τὸ.
2644 4952 2661 4982 ι
2698 4931 3047 5001 Παρέδωκεν,
3076 4949 3095 4983 ι
3130 4931 3252 4985 ἀντὶ
3283 4931 3399 4998 τοῦ,
3434 4932 3657 4994 Εἴασεν,
3686 4935 3802 4985 άπ-

532 5013 681 5068 ιῐίαέε
696 5025 1024 5069 succurrens
1040 5008 1328 5074 laboranti,
1346 5009 1540 5065 deinde
1564 5011 1749 5067 videns
1776 5012 1947 5089 ipsum
1972 5013 2121 5068 inor-

2213 5026 2626 5096 ἐλυσεν·ὦσπερ
2658 5025 2836 5093 ἰατρὸς
2862 5024 3072 5095 βοηθῶν
3092 5024 3168 5095 τῷ
3194 5025 3476 5095 κάμνοντι,
3509 5021 3629 5077 εἶτα
3655 5027 3804 5096 ὀρῶν

534 5107 716 5161 dinate
749 5120 809 5162 se
839 5114 1139 5174 gerentem,
1162 5119 1262 5160 nec
1289 5102 1465 5159 dianae
1486 5104 1889 5171 observantem,
1908 5104 2117 5174 sibique

2217 5112 2554 5166 ἀτακτοῦντα
2590 5113 2717 5181 περί
2743 5115 2842 5183 τὴν
2873 5113 3106 5178 δίαιταν,
3126 5113 3220 5167 καὶ
3254 5112 3595 5168 ἀπειθοῦντα
3624 5117 3800 5185 αὐτῷ,

538 5198 961 5267 immorigernm,
982 5197 1280 5253 traditeum
1301 5207 1361 5251 ut
1377 5197 1754 5253 vehementius
1768 5207 2116 5267 aegrotet,pro

2221 5202 2584 5272 παραδίδωσιν
2627 5202 2787 5256 αὑτὸν
2826 5203 2904 5271 τῷ
2949 5204 3040 5255 ἐπὶ
3082 5203 3245 5256 πλέον
3274 5208 3476 5268 νοσεῖν,
3517 5206 3639 5259 ἀντὶ
3683 5206 3802 5269 τοῦ,

535 5306 599 5344 eo
614 5290 754 5359 quod
773 5298 874 5357 est,
899 5290 1099 5345 deserit
1115 5303 1236 5344 eum
1248 5289 1334 5357 ,ζει
1350 5288 1612 5359 permittit
1629 5297 1688 5344 ut
1711 5303 1823 5344 suae
1843 5288 2108 5343 voluntati

2221 5293 2446 5346 ἀπολύει
2469 5294 2631 5347 αὐτὸν
2662 5297 2754 5347 καὶ
2781 5294 2866 5366 ἐᾷ,
2889 5293 3029 5348 ὥστε
3050 5296 3128 5367 τῷ
3154 5298 3340 5367 οἰκείῳ
3368 5296 3637 5368 θελήματι
3668 5301 3810 5369 χρώ-

540 5382 818 5452 iudulgeus
835 5398 863 5437 a
887 5384 1075 5439 morbo
1088 5398 1192 5437 non
1206 5381 1566 5439 convalescat.
1594 5380 1731 5438 Sunt
1746 5382 1860 5452 qui,
1885 5380 2113 5436 «Tradi-

2227 5403 2388 5455 μενον
2426 5386 2498 5458 μὴ
2539 5387 2975 5458 άιακομισθῆναι
3029 5390 3126 5460 τῆς
3184 5392 3363 5446 νόσου.
3403 5391 3563 5455 Τινὲς
3613 5392 3673 5445 δὲ
3718 5393 3807 5455 τὸ,

537 5476 716 5531 ditcos
730 5476 891 5543 Deus,
913 5495 932 5529 ι
964 5478 1044 5532 sic
1074 5474 1476 5542 intellexerunt,
1505 5491 1701 5547 nentpe
1720 5491 1840 5545 pro,
1870 5474 2115 5529 Tradidit

2234 5495 2252 5524 ι
2292 5477 2614 5545 ιιαρέδωκεν
2642 5479 2669 5529 ὀ
2700 5478 2851 5543 Θεὸς,
2898 5498 2915 5530 ι
2951 5479 3121 5543 οὕτως
3169 5481 3422 5551 ἐνόησαν,
3451 5482 3574 5537 ἀντί
3622 5483 3743 5548 τοῦ,
3774 5485 3809 5552 ἡ

537 5583 632 5623 cos
661 5569 851 5640 injuria
883 5584 988 5641 qua
1010 5571 1179 5627 Deum
1208 5569 1523 5637 ali'ecerunt,
1549 5578 1604 5627 ct
1624 5568 1915 5641 petulantia
1944 5586 1956 5622 :
1983 5582 2116 5637 per-

2230 5569 2308 5629 εἰς
2342 5569 2430 5621 τὸν
2463 5568 2594 5621 Θεὸν
2641 5570 2814 5642 ῦὸρις,
2855 5572 2949 5626 καὶ
2994 5576 3268 5644 παροινία·
3310 5576 3499 5649 ὥσπερ
3549 5578 3814 5649 λέγομεν,

1871 5680 2071 5742 νοτία)
2099 5678 2430 5741 lectiones.

610 5808 659 5844 “
694 5812 1024 5882 παραλαεεῖν
1060 5828 1132 5867 m,
1213 5815 1257 5844 ⁸⁸
1289 5813 1492 5881 ταύτην
1518 5829 1573 5867 ο,
1648 5812 1692 5843 ⁸⁷
1725 5808 1841 5864 τοῦ.
1917 5808 1963 5839 ⁸⁸
1997 5804 2425 5878 φιλοσοφώτεροι
2459 5825 2512 5864 o.
2587 5820 2637 5851 ἰ
2678 5808 3081 5882 μετηλλάξαντο
3118 5828 3190 5868 m.
