4038 6576
324 418 441 490 357

1219 415 1625 482 EXPOSITIO
1664 421 1743 483 ΙΝ
1783 414 2022 482 EPIST.
2060 419 2161 481 AD
2200 418 2382 483 ROM.
2411 447 2474 460 -
2499 417 2658 486 CAP.
2680 423 2724 486 Ι.

3491 424 3597 490 358

330 544 419 601 ’ὁτι
460 546 567 600 τὸν
598 545 746 597 δεῖνα
783 539 1030 596 ἀπώλεεε
1080 538 1140 590 τὸ
1195 537 1460 608 ἀργύριον
1494 556 1506 567 ·
1540 539 1716 591 καίτοι
1751 539 1810 591 οὐ
1869 538 1920 591 τὲ

2033 538 2154 593 inde
2200 553 2264 593 ac
2323 538 2550 595 dicimus
2597 528 2741 610 quod
2782 559 2794 594 :
2844 525 2998 595 Hunc
3059 528 3286 610 pecunia
3318 540 3597 610 perdide-

330 639 606 710 ἀργύριον
635 634 936 696 ἀπώλεσεν,
984 630 1099 684 ἀλλ’
1142 632 1174 700 ἡ
1235 630 1615 701 παράχρησις·
1645 630 1761 695 καὶ,
1813 629 1916 683 Τὸν

332 732 514 787 Σαοὶλ
561 732 595 802 ἡ
649 727 897 800 βασιλεία
946 726 1271 796 διέφθειρεν,
1338 724 1369 794 ἢ
1420 724 1510 777 τὸν
1570 723 1912 793 Σολομῶντα.

334 827 464 877 ἀντὶ
494 823 610 885 τοῦ,
652 820 838 889 Ὶίετῆς
876 817 1149 888 βασιλείας
1187 816 1556 891 παράχρησις.
1603 813 1915 885 Παρεδόθη-

331 930 436 966 σαν
460 912 558 966 οὖν
595 910 684 965 διὰ
711 910 811 981 τὴν
840 909 1046 961 οἰκείαν
1082 907 1376 978 μοχθηρίαν
1426 908 1506 967 εἰς
1554 903 1914 974 ἀκαθαρσίαν,

330 1008 477 1059 ὥστε
508 1005 583 1076 μὴ
611 1002 818 1056 δεῖσθαι
835 1000 1038 1070 ἐτέρων
1065 998 1173 1051 τῶν
1195 997 1521 1068 ὑϐριζόντων
1543 997 1566 1060 ,’
1611 994 1724 1047 ἀλλ’
1765 994 1919 1046 αὐτοὶ

328 1096 564 1161 ἑαυτοὺς
603 1093 875 1165 ὕϐριζονδο
906 1109 917 1121 ·
950 1089 1175 1144 τοιαῦτα
1200 1092 1309 1160 γὰρ
1332 1089 1402 1140 τά
1436 1087 1721 1161 ἀκάθαρτα
1748 1084 1915 1154 πάθη.

332 1191 513 1246 Πόθεν
541 1189 597 1242 δὲ
622 1188 701 1250 εἰς
727 1168 1072 1252 ἀκαθαρσίαν
1099 1181 1456 1252 ἐξεδόθησανς
1499 1181 1594 1233 Ἐκ
1646 1179 1743 1249 τῆς
1785 1180 1919 1249 πρὸς

327 1284 426 1335 τὸν
463 1281 596 1333 Θεὸν
624 1277 856 1349 ὕϐρεως.
900 1275 959 1328 '0
984 1271 1090 1343 γὰρ
1120 1274 1211 1326 τὸν
1266 1272 1397 1326 Θεὸν
1450 1272 1525 1343 μὴ
1573 1271 1740 1324 θέλων
1778 1270 1916 1322 εἰδέ-

332 1389 452 1429 ναι,
483 1369 645 1430 εὐθὺς
674 1367 767 1420 καὶ
800 1362 942 1417 κατά
989 1361 1081 1415 τὸν
1129 1361 1242 1432 βίον
1285 1361 1677 1432 διαφθείρεταιο
1710 1360 1782 1422 ὡς
1822 1359 1919 1413 καὶ

329 1468 362 1518 ὁ
394 1463 557 1521 Austri
585 1463 752 1529 λέγει⁹
776 1480 793 1511 ι
831 1458 997 1513 Εἶπεν
1025 1460 1235 1528 ἄφρωνο
1261 1457 1375 1510 Οὐκ
1402 1455 1519 1509 ἔστι
1544 1456 1701 1519 Θεός’
1724 1475 1743 1507 ι
1771 1450 1914 1520 εἶτα,

336 1574 359 1607 ι
406 1555 789 1624 Διεφθάρησαν
823 1553 916 1605 καὶ
940 1549 1336 1620 ἐδδελύχθησαν
1367 1550 1424 1601 ἐν
1460 1546 1909 1618 ἐπιτηδεύμασι.»

332 1644 693 1714 Μετήλλαξαν
742 1639 835 1696 οὖν
865 1641 934 1694 τὰ
962 1639 1180 1709 ἀληθῶς
1226 1638 1497 1709 προσόντα
1523 1636 1600 1707 τῷ
1645 1636 1786 1707 Θεῷ,
1819 1636 1916 1690 καὶ

330 1733 675 1806 περιέθηκαν
703 1732 842 1785 αὐτὰ
859 1732 971 1795 τοῖς
998 1729 1222 1800 ψευδέσι
1244 1728 1405 1790 θεοῖς.
1425 1727 1519 1794 Τὸ,
1545 1746 1562 1779 ι
1586 1726 1915 1796 Ἐσεὸἀσθη-

330 1845 437 1881 σαν
469 1849 490 1879 ›
527 1826 627 1896 μέν
665 1824 779 1888 οὖν,
802 1824 923 1879 ἀντὶ
957 1820 1458 1892 τοῦ,ὲτίμησαν·τὸ
1489 1820 1568 1881 δέ,
1594 1837 1614 1871 ι
1652 1819 1760 1872 Καὶ
1797 1819 1917 1872 ἐλά-

2029 632 2095 683 rit
2129 648 2144 685 :
2171 631 2318 699 atqui
2358 642 2641 702 argentum
2670 647 2774 686 non
2809 634 3169 703 perdidit,sed
3199 635 3433 690 abusus:
3460 635 3599 690 Sau-

2028 723 2127 776 lem
2161 724 2344 778 itidem
2412 741 2632 795 regnum
2685 727 2946 796 corrupit,
2973 737 3063 780 aut
3097 726 3459 792 Solomonem,
3499 743 3597 797 pro

2024 835 2088 871 eo
2144 818 2285 886 quod
2329 829 2430 883 est,
2476 817 2643 887 Regni
2679 819 2878 873 abusus
2921 820 3169 889 perdidit.
3214 820 3418 875 Traditi
3471 832 3599 877 sunt

2023 926 2150 978 ergo
2173 926 2271 978 per
2293 911 2564 980 propriam
2592 911 2886 978 nequitiam
2917 927 3089 976 suam,
3114 914 3180 967 ad
3206 914 3594 984 impuritatem,

2023 1011 2082 1053 ut
2116 1017 2219 1054 non
2259 1016 2391 1069 opus
2418 1000 2706 1054 habuerint
2759 1001 2877 1056 aliis
2914 1002 3163 1073 injuriam
3214 1003 3594 1070 inferentibus,

2022 1090 2116 1142 sed
2155 1090 2254 1157 ipsi
2293 1105 2352 1144 se
2386 1090 2708 1144 contumelia
2751 1090 3047 1145 aiTecerunt
3077 1107 3094 1146 :
3129 1092 3440 1162 huiusmodi
3466 1104 3597 1150 sunt

2025 1181 2167 1236 enim
2207 1182 2397 1250 impuri
2431 1181 2502 1234 illi
2536 1179 2783 1235 affectus.
2807 1181 2965 1237 Unde
2993 1193 3172 1236 autem
3206 1183 3273 1236 ad
3308 1185 3598 1252 impurita-

2027 1283 2131 1326 tem
2161 1273 2342 1326 traditi
2392 1273 2559 1328 sunt?
2591 1272 2663 1326 Ex
2702 1272 2895 1341 injuria
2925 1288 3030 1342 qua
3058 1272 3110 1327 in
3146 1272 3311 1326 Deum
3362 1274 3601 1344 impege-

2028 1372 2170 1417 ruut.
2208 1361 2341 1416 Nam
2377 1364 2466 1432 qui
2497 1362 2663 1419 Deum
2695 1380 2799 1418 non
2834 1362 2946 1417 vult
2975 1378 3154 1429 nosse,
3175 1365 3356 1418 statim
3388 1365 3440 1417 iu
3473 1365 3598 1420 vita)

2022 1456 2188 1509 etiam
2260 1457 2504 1509 moribus
2568 1456 2934 1526 corrumpitur
2986 1476 2999 1510 :
3043 1457 3493 1525 quemadmodum
3545 1469 3600 1512 et

2028 1547 2189 1600 David
2228 1548 2446 1617 inquit:
2485 1568 2501 1599 ι
2541 1548 2684 1602 Dixit
2723 1550 3005 1618 insipiens,
3044 1549 3161 1605 Non
3181 1561 3265 1604 est
3307 1550 3493 1605 Deusl|
3525 1569 3537 1605 :
3573 1571 3591 1603 ι

2026 1641 2168 1695 illico
2200 1642 2458 1703 subdens,
2490 1660 2508 1692 ι
2539 1641 2787 1711 Corrnpti
2812 1653 2936 1696 sunt
2967 1652 3019 1696 ct
3049 1643 3437 1698 abominabiles
3468 1644 3597 1698 facti

2025 1742 2150 1787 sunt
2207 1733 2257 1786 in
2314 1733 2506 1789 studii.-
2558 1720 2672 1788 stris
2703 1774 2716 1786 .
2750 1753 2767 1784 ι
2804 1734 3221 1789 Commutaruut
3275 1736 3437 1804 igitur
3479 1751 3598 1804 qua:

2026 1839 2151 1877 vere
2186 1825 2265 1895 ad.
2288 1824 2453 1877 Deum
2497 1825 2856 1891 pertint-baut,
2893 1841 3067 1895 eaque
3103 1827 3206 1882 diis
3254 1826 3391 1882 [ictis
3425 1841 3598 1896 appo-

328 1933 591 1986 τρευσαν,
626 1933 643 1963 ι
673 1916 795 1967 ἀντὶ
827 1912 1054 1978 τοῢ,καὶ
1080 1911 1177 1982 τὴν
1216 1910 1305 1964 διὰ
1331 1909 1437 1963 τῶν
1465 1909 1642 1981 ἐργων
1681 1908 1920 1962 δουλείαν

2025 1926 2269 1969 suerunt.
2291 1914 2480 1980 Porro,
2512 1934 2530 1967 ι
2567 1917 2870 1979 coluerunt,
2899 1937 2916 1969 ι
2948 1919 3123 1987 posuit
3157 1933 3274 1986 pro,
3300 1919 3597 1975 honorare-

331 2008 722 2076 προσήνεγκαν
740 2006 807 2056 ⁵¹.
832 2002 1002 2056 Τοῦτο
1033 2004 1143 2072 γὰρ
1169 2004 1202 2072 ἡ
1232 2001 1458 2073 λατρεία
1494 2003 1527 2070 ἡ
1554 2002 1640 2054 διὰ
1667 2000 1916 2069 πράξεως

330 2099 493 2168 τιμή,
514 2099 625 2151 Καὶ
649 2097 748 2150 οὑκ
787 2091 938 2147 εἶπεν
975 2093 1183 2162 ἁπλῶς,
1223 2092 1382 2158 ἀλλά,
1428 2112 1446 2143 ι
1477 2092 1635 2162 Παρά
1661 2092 1750 2145 τὸν
1780 2091 1915 2145 Κτί-

332 2210 532 2252 σαντα,
557 2211 575 2242 ο
607 2192 671 2242 ἐκ
702 2190 801 2259 τῆς
839 2188 1185 2258 συγκρίσεως
1232 2188 1294 2240 τὸ
1342 2186 1595 2255 ἔγκλημα
1647 2185 1911 2253 ἐπαίρων.

345 2285 490 2339 Ἀλλ’
520 2287 748 2346 ἐκεῖνος,
768 2283 953 2352 φησὶν,
983 2300 1001 2332 ι
1035 2279 1327 2349 εὐλογητός
1363 2281 1510 2332 ἐστιν
1541 2280 1620 2341 εἰς
1642 2279 1765 2338 τοὺς
1786 2277 1918 2330 αίῶ-

333 2391 459 2437 νας,
489 2391 507 2423 ι
534 2372 836 2437 τουτέστιν,
854 2371 913 2423 οὐ
933 2368 1251 2440 παρεὸλάδη
1276 2387 1327 2422 τι
1345 2370 1409 2421 ἐκ
1433 2367 1525 2420 τοῦ
1544 2369 1670 2439 παρ’
1695 2367 1917 2422 ἐκείνων

335 2465 700 2535 ὐῦρισθῆναιο
726 2462 841 2517 ἀλλ’
889 2462 1037 2515 ἔστιν
1070 2461 1366 2530 εὐλογητὸς
1408 2464 1485 2525 εἰς
1532 2461 1658 2524 τοὺς
1690 2461 1916 2528 αἰῶνας,

340 2557 599 2625 βεϐαίως,
628 2556 721 2610 καὶ
744 2555 1025 2624 ἀσφαλῶς·
1054 2556 1212 2608 τοῦτο
1239 2555 1349 2626 γὰρ
1372 2553 1454 2619 τὺ,
1482 2574 1498 2604 ι
1526 2555 1719 2625 Ἀμήν.
1749 2574 1767 2606 ι

418 2759 434 2788 ι
472 2739 568 2790 Διά
625 2736 784 2790 τοῦτο
828 2736 1142 2805 παρέδωκεν
1182 2733 1376 2797 αὐτοὺς
1405 2733 1434 2786 ὁ
1466 2732 1597 2793 Θεὸς
1645 2733 1723 2794 εἰς
1770 2732 1916 2801 πάθη

339 2830 585 2897 ἀτιμίας.
608 2827 678 2879 Αἵ
712 2844 771 2879 τε
809 2826 918 2897 γὰρ
957 2824 1166 2895 θήλειαι
1202 2822 1385 2877 αὐτῶν
1440 2822 1779 2893 μετήλλαξαν
1820 2821 1919 2891 τὴν

343 2921 578 2990 φυτικὴν
606 2919 803 2989 χρῖζσιν
832 2920 910 2981 εἰς
937 2918 1035 2989 τὴν
1063 2918 1213 2988 παρὰ
1253 2916 1436 2986 φύσιν.
1476 2915 1705 2986 Ὁμοίως
1733 2915 1791 2967 δὲ
1827 2914 1920 2968 καὶ

336 3018 386 3065 ni
422 3015 671 3083 ἄρρενες,
695 3012 921 3091 ἀφέντες
947 3012 1045 3081 τὴν
1068 3010 1303 3079 φυσικὴν
1329 3009 1524 3079 χρῆσιν
1551 3008 1650 3077 τῆς
1677 3007 1917 3076 θηλείας,

340 3102 716 3173 ἐξεκαύθησαν
742 3104 798 3154 ἐν
827 3104 893 3172 τῇ
917 3101 1093 3173 ὀρέξει
1140 3100 1320 3154 αὐτῶν
1383 3103 1462 3165 εἰς
1520 3100 1778 3169 ἀλλήλους
1822 3100 1920 3169 ἄρ-

343 3214 498 3259 σενες
544 3197 603 3248 ἐν
634 3197 825 3266 ἄρσεσι
870 3196 969 3264 τὴν
998 3193 1384 3263 ἀσχημοσύνην
1431 3193 1920 3262 κατεργαζόμενοι,

340 3290 440 3343 καὶ
467 3290 566 3357 τὴν
593 3286 938 3356 ἀντιμισθίαν
964 3287 1027 3356 ἢν
1055 3286 1161 3337 ἔδει
1207 3286 1306 3354 τῆς
1338 3286 1550 3355 πλάνης
1603 3285 1782 3340 αὐτῶν
1808 3329 1820 3349 ,
1868 3289 1925 3338 ὲν

342 3384 556 3444 ἑαυτοῖς
586 3379 1079 3450 ἀπολαμϐάνοντες.
1110 3396 1128 3430 ι
1165 3378 1333 3434 Πάλιν
1359 3379 1458 3450 τὴν
1489 3380 1579 3435 τοῦ
1605 3379 1737 3434 Θεοῦ
1763 3381 1920 3448 ἐγκα-

339 3470 605 3541 τάλειψιν,
630 3468 924 3538 παράδοσιν
955 3467 1232 3541 ὀνομάζει,
1273 3470 1361 3523 διὰ
1397 3469 1554 3522 τοῦτο
1597 3470 1918 3539 γενομένην,

337 3566 477 3617 διότι
517 3562 848 3632 ἐλάτρευσαν
880 3564 948 3636 τῇ
978 3564 1173 3618 κτίσει.
1201 3564 1415 3633 Ὥσπερ
1448 3557 1541 3615 οὖν
1575 3563 1634 3615 ἐν
1654 3564 1766 3624 τοῖς
1792 3562 1921 3629 περὶ

338 3658 481 3713 (ῒεοῦ
511 3659 797 3728 δόγμασιν,
832 3658 1061 3725 ἀφέντες
1095 3657 1199 3726 τὴν
1231 3655 1339 3710 ἀπὸ
1364 3654 1466 3723 τῆς
1487 3654 1720 3714 κτίσεως
1774 3667 1918 3721 χειρ-

343 3754 613 3822 αγωγίαν,
643 3750 1028 3822 διεφθάρησαψ
1045 3749 1187 3803 οὕτω
1205 3749 1298 3803 καὶ
1325 3749 1383 3801 ἐν
1412 3748 1490 3818 τῷ
1522 3747 1619 3817 βίῳ
1643 3744 1924 3816 βδελυκτοὶ

344 3848 616 3914 ἐγένοντο,
656 3843 884 3913 ἀφέντες
911 3843 1009 3913 τὴν
1036 3843 1176 3896 κατά
1208 3842 1372 3910 φύσιν
1402 3838 1598 3910 ἡδονὴν
1639 3837 1783 3907 (ἥτις
1826 3836 1923 3889 καὶ

344 3936 694 4005 εὶκολωτέρα
742 3937 838 3990 καὶ
875 3934 1078 4005 ἡδίων),
1134 3933 1230 3987 καλ⁵
1254 3933 1346 3985 ἐπὶ
1398 3931 1498 4000 τὴν
1555 3929 1707 3999 παρά
1759 3928 1923 3998 φύσιν

340 4031 733 4099 ολισθήσαντες
760 4028 903 4099 (ἥτις
930 4027 1025 4081 καὶ
1059 4023 1436 4093 δυσκολωτέρα
1458 4023 1553 4076 καὶ
1574 4019 1921 4091 ἀηδεστέρα).

343 4125 421 4177 Τὸ
444 4122 554 4193 γὰρ
582 4118 933 4192 μεταλλάξαι,
954 4119 1112 4171 τοῦτο
1132 4119 1301 4185 δηλοῐ,
1328 4118 1410 4169 ὅτι
1439 4114 1475 4169 ἃ
1503 4108 1647 4183 εἶχον
1675 4112 1918 4183 ἀφῆκαν,

344 4216 444 4267 καὶ
474 4214 612 4268 ἄλλα
643 4212 867 4266 εἴλοντο.
906 4211 1096 4279 Μέγαν
1127 4208 1220 4263 οὖν
1259 4209 1563 4279 κατήγορον
1594 4204 1925 4275 ἀμφοτέροις

342 4311 459 4370 τοῖς
496 4305 678 4374 γένεσι
711 4304 950 4375 παριστᾷ
976 4302 1072 4355 καὶ
1117 4301 1216 4372 τὴν
1265 4299 1447 4371 φύσιν,
1472 4299 1539 4369 ἢν
1578 4298 1921 4368 παρέϐησαν.

348 4401 539 4454 Εἰπὼν
570 4399 673 4469 γάρ
698 4397 833 4467 περὶ
864 4397 974 4449 τῶν
999 4388 1229 4465 θηλειῶν
1285 4391 1772 4462 ἐπικεκρυμμένως
1835 4389 1923 4442 αἱ-

347 4492 518 4563 σχρόν
550 4508 624 4556 τι,
655 4491 751 4542 καλ⁸
787 4488 907 4542 οὺδέ
955 4487 1185 4558 ῥηθῆναι
1212 4485 1441 4555 πρέπον,
1468 4483 1616 4547 λέγει
1655 4483 1750 4536 καὶ
1795 4480 1924 4551 περὶ

348 4583 461 4635 τῶν
491 4580 722 4651 ἀνδρῶν,
753 4581 833 4633 ὅτι
867 4595 885 4628 ι
938 4573 1344 4643 Ἐξεκαύθησαν
1368 4576 1444 4637 είς
1470 4572 1755 4643 ἀλλήλους,
1787 4590 1807 4623 ι
1842 4566 1923 4623 οἷ-

350 4692 518 4746 στρον
539 4674 633 4725 κα)⁵
659 4669 855 4741 μανίαν
873 4668 1072 4738 δηλῶν.
1114 4667 1228 4721 Οὐκ
1251 4661 1371 4719 εἷπε
1403 4664 1481 4733 δὲ,
1500 4664 1609 4733 Τὴν
1631 4661 1924 4732 ἐπιθυμίαν

351 4762 842 4836 κατεργαζόμενοι,
883 4761 1057 4826 ἀλλὰ,
1094 4778 1112 4810 ι
1155 4758 1265 4828 Τὴν
1302 4754 1689 4828 ἀσχημοσύνην
1719 4796 1733 4822 ,
1771 4773 1789 4806 ι
1819 4753 1928 4806 δειο

350 4860 487 4919 xvi»;
516 4857 597 4909 ὃτι
666 4854 766 4925 τὴν
822 4851 986 4922 φύσιν
1008 4849 1375 4921 κατῄσχυναν.
1420 4846 1634 4917 Ἐπειδὴ
1671 4845 1729 4898 δέ
1776 4838 1928 4898 εἶπεν

351 4948 435 4999 ὃτι
476 4965 494 4996 ι
550 4944 641 4997 Ἐν
671 4947 738 5015 τῇ
774 4942 951 5013 ὀρέξει
985 4939 1374 5010 ἐξεκαύθησαν,
1400 4958 1418 4990 ι
1454 4937 1540 4990 ἵνα
1579 4937 1655 5008 μὴ
1680 4935 1927 5006 νομίσῃς,

353 5041 437 5088 ὅτι
486 5037 589 5105 τῆς
643 5034 940 5104 ἐπιθυμίας
998 5028 1067 5103 ἢν
1114 5031 1175 5085 τὸ
1231 5031 1445 5100 νόσημα
1501 5028 1690 5098 μόνης,
1740 5026 1955 5091 Αὐτοὶ,⁸

356 5127 516 5198 φησὶ,
576 5125 1016 5196 κατειργάζοντο,
1068 5123 1334 5187 τουτέστι,
1416 5120 1649 5189 σπουδὴν
1687 5115 1930 5171 ἐποιοῦν-

358 5237 422 5272 ’.ο
492 5219 622 5288 περὶ
674 5234 774 5287 την
819 5214 1184 5284 ἀκαθαρσίαν,
1214 5213 1372 5285 ἔργον
1406 5210 1606 5281 ταύτην
1635 5208 1930 5279 τιθέμενοι,

359 5312 457 5365 καὶ
494 5309 588 5363 τὸν
629 5308 817 5379 μισθὸν
862 5309 960 5378 τῆς
1009 5309 1073 5359 ἐκ
1122 5305 1217 5359 τοῦ
1259 5304 1394 5357 Θεοῦ
1435 5302 1791 5366 ἀποστασίας,
1836 5301 1933 5353 καὶ

359 5404 499 5474 πρὸς
537 5402 607 5455 τὰ
667 5400 861 5455 εἴδωλα
925 5400 1153 5468 πλάνης,
1205 5395 1681 5467 ἀπολαμϐάνοντες
1733 5395 1791 5447 ἐν
1860 5395 1927 5462 τῇ

350 5494 586 5565 τοιαύτῃ
628 5492 1007 5563 ἀσχημοσύνῃ,
1031 5492 1127 5545 καὶ
1161 5492 1218 5543 ἐν
1249 5489 1386 5558 αὐτῇ
1413 5489 1481 5558 τῇ
1513 5488 1673 5557 ἡδονῇ
1705 5486 1803 5556 τὴν
1836 5485 1930 5539 κό-

432 5646 461 5675 ιι
480 5633 764 5699 Ρεαωιιιι,
788 5632 840 5701 1,
860 5632 918 5685 2.

2021 2014 2166 2059 runt.
2200 2008 2260 2060 Et
2297 2025 2316 2057 ι
2366 2008 2666 2060 servierunt
2696 2049 2709 2070 ,
2747 2026 2764 2060 ι
2828 2024 2946 2078 pro,
2976 2009 3231 2078 operibus
3279 2009 3593 2064 servitutem

2020 2090 2383 2153 exltibuerunt
2419 2117 2432 2154 :
2473 2101 2524 2153 id
2558 2101 2699 2154 enim
2730 2110 2816 2154 est
2865 2101 3109 2173 λατρεία,
3142 2103 3313 2156 bonos
3374 2103 3463 2170 qui
3501 2118 3599 2171 per

2020 2203 2156 2258 Opus
2183 2190 2496 2243 exhibetur.
2524 2189 2635 2244 Nec
2682 2190 3001 2258 simpliciter
3044 2192 3200 2258 dixit,
3231 2192 3324 2247 sed
3350 2212 3367 2246 ι
3406 2193 3598 2248 Potius

2019 2294 2181 2348 quam
2214 2280 2480 2342 Creatori.
2509 2300 2528 2333 ι
2563 2294 2629 2335 ex
2661 2283 3072 2351 comparatione
3117 2283 3369 2337 delictum
3403 2299 3597 2353 aggra-

2020 2378 2175 2425 vans'.
2197 2369 2390 2425 Verum
2420 2372 2525 2437 ille,
2556 2373 2748 2439 inquit,
2780 2390 2799 2423 ι
2828 2373 3140 2428 benedictus
3158 2384 3238 2427 est
3259 2375 3308 2426 in
3332 2374 3547 2441 saecula,
3571 2391 3593 2427 ι

2022 2463 2126 2518 hoc
2158 2472 2261 2525 est,
2288 2463 2420 2516 nihil
2478 2458 2772 2531 quidquam
2807 2463 2966 2519 lresus
2997 2473 3080 2518 est
3128 2478 3193 2517 ex
3230 2464 3469 2530 ipsorum
3508 2466 3596 2517 in-

2015 2557 2181 2625 juria,
2212 2550 2304 2611 sed
2328 2565 2410 2610 est
2445 2557 2760 2611 benedictus
2788 2559 2838 2610 in
2868 2573 3061 2620 :cvmu,
3084 2557 3349 2612 stabiliter
3379 2573 3442 2614 ac
3469 2573 3592 2614 cer-
3624 2624 3629 2629 ,

2023 2659 2076 2705 to
2110 2668 2122 2704 :
2151 2654 2252 2705 hoc
2277 2650 2424 2703 enim
2465 2649 2634 2703 Amen
2676 2649 2970 2718 signiﬁcat.

2094 2742 2484 2809 Vens.26,‘27.
2542 2761 2561 2795 ι
2615 2741 2902 2812 PrOpterea
2955 2744 3173 2799 tradidit
3223 2759 3316 2799 eos
3362 2744 3505 2799 Dens
3540 2743 3597 2800 in

2022 2825 2298 2903 passiones
2329 2829 2912 2903 ignominiaFemiiue
2953 2834 3097 2887 enim
3127 2834 3363 2904 ipsorum
3401 2836 3600 2889 immu-

2025 2935 2207 2978 tarunt
2235 2925 2533 2980 naturalem
2568 2939 2718 2978 usum
2752 2925 2805 2977 in
2836 2939 2982 2988 eum,
3023 2925 3114 2993 qui
3156 2940 3238 2980 est
3269 2937 3454 2981 contra
3498 2942 3599 2981 na-

2025 3023 2221 3070 turam.
2273 3012 2536 3069 Similiter
2568 3024 2622 3068 et
2658 3015 2908 3080 masculi,
2967 3016 3158 3068 relicto
3217 3017 3444 3071 naturali
3500 3032 3596 3071 usu

2023 3107 2257 3173 feininaz,
2281 3118 2599 3163 exarserunt
2629 3107 2683 3161 in
2708 3107 2989 3161 desideriis
3014 3108 3130 3162 suis
3153 3109 3290 3162 inter
3322 3125 3380 3164 se
3411 3122 3600 3165 mutuo

2027 3200 2250 3255 masculi
2289 3198 2341 3254 in
2370 3198 2639 3256 masculos
2670 3199 3058 3271 turpitudinem
3090 3215 3243 3254 suam
3290 3211 3596 3270 operantes,

2027 3300 2082 3346 et
2129 3291 2456 3357 mercedem,
2490 3305 2651 3358 quam
2699 3290 2957 3359 oportuit,
2997 3292 3202 3346 erroris
3269 3292 3372 3364 14
3427 3293 3505 3348 sui
3544 3293 3597 3347 in

2025 3382 2214 3451 seipsis
2247 3382 2590 3450 recipientes.
2624 3398 2644 3431 ι
2684 3380 2892 3434 Rursus
2924 3381 3016 3435 Dei
3046 3382 3469 3447 derelictionem,
3491 3393 3602 3436 tra-

2025 3474 2283 3528 ditionem
2316 3473 2580 3537 nominat,
2611 3485 2900 3543 propterea
2928 3472 3149 3535 factam,
3170 3480 3309 3541 quod
3344 3475 3601 3530 inservie-

2022 3575 2151 3619 ruut
2183 3574 2464 3619 creaturae.
2490 3564 2641 3619 Sicut
2677 3578 2807 3632 ergo
2842 3563 2892 3616 in
2926 3564 2990 3616 iis
3027 3577 3146 3631 qua:
3183 3564 3249 3617 de
3284 3561 3392 3616 Deo
3437 3575 3596 3618 erant

2021 3653 2381 3723 dogmatibus,
2431 3663 2636 3707 naturae
2687 3650 3158 3705 tuannductionem
3207 3653 3597 3722 relinquentes,

2023 3746 2258 3813 corrupti
2280 3754 2435 3799 erant
2458 3762 2473 3810 ;
2499 3747 2573 3798 ita
2607 3755 2660 3798 et
2688 3744 2742 3798 in
2775 3742 2880 3796 vita
2907 3744 3274 3798 cxsecrabiles
3296 3744 3426 3799 facti
3450 3756 3595 3813 sunt,

2023 3834 2375 3899 dimittentes,
2410 3848 2528 3903 quas
2567 3834 2862 3888 secundum
2913 3843 3161 3888 naturam
3205 3844 3309 3900 est,
3357 3814 3600 3907 volupta-

2022 3935 2131 3980 tem
2169 3926 2308 3994 (quae
2347 3935 2402 3980 et
2440 3923 2651 3979 facilior
2692 3934 2921 3981 essetet
2952 3926 3218 3994 suavior),
3255 3936 3309 3981 et
3340 3929 3406 3981 ad
3454 3945 3595 3996 eam,

2022 4032 2142 4087 quae
2173 4027 2369 4087 prater
2398 4028 2646 4070 naturam
2677 4028 2759 4072 est
2822 4018 2966 4087 (qua:
2996 4029 3051 4073 et
3079 4018 3348 4074 difﬁcilior
3383 4032 3436 4074 et
3461 4020 3596 4090 inju-

2023 4109 2273 4181 cundior)
2325 4110 2583 4179 prolapsi.
2634 4111 2924 4166 lmmutare
2970 4114 3114 4167 enim
3161 4115 3262 4168 hoc
3307 4115 3596 4183 signiﬁcat,

2024 4203 2166 4272 quod
2194 4216 2313 4271 quae
2342 4202 2616 4259 habebant
2664 4204 3008 4270 dimiserunt,
3037 4214 3091 4259 et
3140 4206 3245 4259 alia
3296 4206 3596 4276 elegerunt.

2024 4291 2274 4366 Magnum
2314 4295 2476 4365 igitur
2503 4306 2873 4351 accusatorem
2899 4297 3113 4366 utrique
3145 4298 3319 4365 sexui,
3344 4308 3593 4353 naturam

2021 4399 2184 4454 quam
2218 4386 2544 4455 transgressi
2575 4396 2722 4452 sunt,
2755 4387 3058 4442 constituit.
3084 4387 3220 4442 Cum
3251 4392 3393 4444 enim
3425 4390 3490 4444 de
3517 4391 3598 4445 fe-

2026 4477 2187 4532 minis
2236 4487 2392 4547 turpe
2428 4477 2683 4547 quiddam
2723 4474 2952 4534 dixissct
2985 4494 3048 4535 ac
3081 4479 3394 4536 indecorum
3440 4484 3602 4554 plane

2027 4570 2197 4635 dictu,
2221 4570 2287 4624 de
2318 4570 2554 4623 maribus
2617 4571 2779 4625 etiam
2812 4570 3068 4640 ait,quod
3108 4573 3410 4627 exarserint
3461 4574 3602 4627 inter

2026 4677 2150 4719 sese
2175 4673 2389 4726 mutuo,
2435 4673 2659 4719 (nstrum
2694 4673 2750 4718 et
2780 4663 3016 4719 furorem
3055 4664 3321 4720 iudieans.
3345 4663 3461 4719 Non
3498 4681 3598 4719 au-

2029 4764 2137 4809 tem
2170 4754 2324 4817 dixit,
2348 4752 2852 4824 Concupiscentiam
2888 4766 3196 4825 opcrantes,
3222 4757 3314 4810 sed
3349 4775 3368 4808 ι
3405 4757 3598 4825 Turpi-

2032 4845 2294 4910 tudinem,
2345 4863 2364 4897 ι
2407 4846 2660 4911 innueus,
2709 4847 2850 4916 quod
2903 4844 3147 4902 naturam
3203 4842 3592 4919 pudt-fecerint.

2032 4936 2298 5003 Quoniam
2331 4930 2459 4993 vero
2488 4938 2645 5002 dixit,
2678 4957 2699 4989 ι
2733 4941 2791 4992 lu
2818 4940 3109 5008 cupiditate
3135 4950 3503 5003 exarserunt,»
3533 4953 3600 4993 ne

2033 5030 2158 5099 quis
2180 5028 2518 5085 existimaret
2548 5030 2858 5099 cupiditatis
2906 5032 3274 5085 tantummodo
3304 5044 3426 5084 esse
3458 5045 3597 5083 mo;-

2036 5123 2183 5184 bum,
2235 5120 2358 5190 Ipsi,
2423 5120 2618 5191 inquit,
2681 5123 3065 5190 Operabantur,
3114 5122 3212 5175 hoc
3245 5121 3595 5183 est,studiusi

2035 5227 2098 5266 ac
2129 5212 2411 5281 diligentes
2435 5219 2591 5265 erant
2637 5211 2779 5265 circa
2816 5211 3203 5280 impuritatem,
3256 5223 3390 5276 opus
3424 5207 3594 5275 ipsam

2036 5302 2315 5369 facientes,
2342 5313 2398 5359 et
2442 5304 2741 5359 mercedem
2779 5302 3095 5359 defectionis
3128 5314 3157 5354 a
3194 5301 3324 5361 Deo,
3348 5307 3402 5351 et
3443 5314 3597 5352 erro-

2039 5396 2112 5449 ris
2167 5396 2488 5451 idololatrici
2541 5394 2865 5464 recipientes
2919 5395 2971 5448 in
3014 5393 3106 5447 tali
3160 5391 3494 5460 turpitudine
3541 5401 3598 5446 et

2033 5489 2087 5541 in
2134 5489 2248 5556 ipsa
2288 5488 2583 5559 voluptate,
2639 5496 2699 5543 ut
2731 5502 2849 5559 qua:
2885 5492 3082 5556 praeter
3124 5490 3374 5539 naturam
3427 5485 3499 5538 sit
3545 5490 3599 5538 et

1678 5740 1874 5801 Varia;
1926 5737 2233 5801 lectiones
2270 5776 2277 5782 -

437 5847 484 5881 ⁸⁸
527 5846 768 5916 ὑϐρίζειν
801 5864 871 5898 ιιι.
954 5847 993 5877 δ’
1029 5855 1373 5914 πριιςευηκαν
1402 5858 1455 5896 0.
