4038 6588
504 406 608 474 359

1395 398 1976 462 TI-IEOPIIYLACTI
2020 392 2435 464 BULGARUE
2471 387 2829 451 ARCHIEP.

3674 384 3794 453 3Εο

508 519 836 592 impnritatis
889 518 1065 588 plena,
1114 530 1330 588 ptenam
1385 495 1668 571 habentes.
1717 496 1855 567 Dicit
1906 519 2085 565 autem

2210 524 2343 562 ιασιν
2366 506 2602 576 ἔχοντες,
2629 505 2705 566 ὡς
2737 501 2888 573 παρὰ
2925 499 3084 570 φύσιν
3117 498 3251 573 οῦσῃ
3289 501 3383 554 καὶ
3415 499 3613 571 πλήρει
3639 515 3794 553 ακα-

512 619 612 670 l.oc
643 613 861 678 Paulus,
895 609 1049 682 quasi
1084 611 1322 664 nondum
1357 609 1594 678 potuerit
1625 606 1708 660 eis
1757 602 2088 674 persuadere

510 717 630 760 esse
654 704 974 774 gehennam.
1005 702 1201 769 Ipsam,
1223 699 1417 768 inquit,
1445 696 1777 751 immundam
1808 692 2084 763 operatio-

513 812 656 861 nem,
687 795 1006 864 supplicium
1039 793 1144 848 illis
1175 807 1295 847 esse
1327 791 1512 857 crede,
1544 789 1588 845 si
1622 788 1857 844 nondum
1908 783 2092 840 credis

514 889 577 942 de
607 888 850 958 gritenna
887 885 1248 939 sermonibus.

583 978 860 1034 VmsﬂS.
893 997 911 1028 ι
950 980 1025 1032 Ac
1055 977 1193 1042 sicut
1221 993 1324 1031 non
1354 975 1715 1046 probaverunt
1766 971 1932 1026 Deum
1989 968 2090 1024 ba-

517 1071 644 1124 l:ere
678 1070 732 1121 in
768 1068 983 1134 notitia,
1014 1067 1234 1120 tradidit
1263 1080 1358 1120 eos
1391 1064 1530 1118 Deus
1560 1063 1614 1117 in
1647 1063 1936 1132 reprobum
1970 1075 2095 1115 sen-

515 1175 658 1225 sum,
684 1171 739 1213 ιιι
771 1159 973 1212 faciant
1002 1173 1088 1224 ea,
1114 1172 1235 1224 quae
1277 1172 1382 1212 non
1418 1156 1765 1211 conveniunt.
1805 1173 1824 1206 3
1869 1155 1948 1208 En
1979 1155 2090 1224 jam

520 1250 680 1305 tertio
707 1249 948 1319 ejusdem
984 1249 1264 1302 sententiae
1288 1246 1556 1310 meminit,
1584 1247 1880 1315 eademque
1903 1245 2096 1299 dictio-

518 1359 585 1398 ne
630 1353 714 1396 est
760 1358 914 1406 usus,
941 1359 959 1393 ι
997 1340 1260 1406 Tradidit,
1289 1358 1307 1391 3
1341 1340 1608 1408 inquiens.
1661 1338 1870 1409 Ubique
1915 1348 2095 1392 autem

519 1434 906 1488 derelictionis
959 1434 1050 1488 Dei
1107 1448 1351 1496 causam,
1399 1432 1705 1487 mortalium
1762 1431 2096 1500 impietatem

517 1542 640 1584 esse
669 1528 821 1594 dicit,
855 1527 928 1582 uti
961 1536 1015 1592 et
1038 1543 1188 1595 nunc
1224 1527 1476 1596 quidem.
1516 1545 1535 1579 ι
1569 1526 1724 1582 Sicut
1755 1541 1858 1580 non
1891 1527 2091 1596 proba-
2137 1579 2140 1582 .

517 1627 714 1673 verunt
778 1619 943 1674 Deum
983 1618 1196 1685 habere
1243 1619 1294 1671 in
1343 1619 1670 1690 cognitione,
1724 1619 1946 1674 tradidit
1998 1633 2094 1674 eos

420 1753 425 1758 .
521 1706 704 1776 (Deus)
731 1726 750 1759 3
783 1708 834 1763 in
853 1708 1156 1778 passiones.
1179 1707 1401 1776 lnjuria,
1430 1709 1624 1779 inquit,
1647 1725 1750 1779 qua
1784 1709 1948 1764 Deum
1973 1707 2101 1764 aﬂ‘e-

451 1854 456 1856 _
522 1808 731 1862 cerunt,
759 1813 863 1853 non
897 1813 962 1851 ex
1015 1799 1317 1868 ignorantia
1361 1802 1649 1870 processit,
1692 1801 1786 1857 sed
1818 1817 1846 1854 a
1877 1800 2102 1855 medita-

523 1891 669 1945 tione
698 1901 750 1958 et
773 1891 972 1946 studio.
1001 1889 1116 1946 Non
1139 1891 1283 1946 enim
1311 1893 1470 1959 dixit,
1496 1893 1960 1960 Quemadmodum
1991 1908 2095 1947 non

523 1990 790 2039 noverunt
839 1983 1030 2050 Deum,
1057 1984 1150 2040 sed
1195 2003 1213 2038 ι
1273 1985 1739 2053 Quemadmodum
1768 2001 1873 2040 non
1903 1987 2097 2056 proba-

523 2088 736 2142 verunt,
775 2097 794 2131 3
829 2080 931 2134 hoc
965 2091 1074 2148 est,
1109 2088 1414 2136 statuerunt
1457 2081 1625 2136 Deum
1666 2081 1717 2134 in
1746 2079 1938 2134 notitia
1991 2094 2096 2134 non

523 2180 731 2236 tenere,
760 2187 823 2227 ac
844 2182 1038 2244 suapte
1065 2181 1254 2245 sponte
1278 2174 1608 2243 impietatem
1635 2173 1936 2244 elegerunt.
1978 2171 2097 2227 Non

449 2310 456 2314 _
526 2263 689 2331 igitur
718 2265 897 2318 carnis
927 2274 1056 2320 sunt
1085 2275 1328 2336 peccata,
1355 2274 1414 2321 ut
1447 2265 1665 2334 quidam
1719 2264 2098 2320 haereticorum

459 2398 462 2400 .
526 2363 737 2422 putant,
764 2371 960 2410 verum
1011 2356 1256 2427 corrupti
1280 2355 1494 2426 judicii.
1522 2355 1764 2411 Primum
1811 2355 1973 2425 igitur
2011 2354 2099 2408 illi

526 2449 966 2516 reprobavernnt
992 2463 1155 2504 nosse
1188 2449 1380 2513 Deum,
1404 2448 1636 2517 ideoque
1665 2447 1810 2505 Deus
1859 2447 2104 2516 permisit

525 2538 648 2593 iilos
672 2540 738 2592 ad
771 2541 1052 2607 reprobam
1088 2550 1327 2595 mentem
1355 2539 1576 2596 deferri.
1602 2539 1832 2594 Aversio
1861 2552 2100 2609 namque

529 2629 618 2683 Dei
651 2639 706 2685 et
755 2631 1054 2695 derelictio,
1077 2688 1082 2694 ,
1104 2631 1325 2686 traditio
1358 2631 1671 2685 nominatur
1709 2630 1762 2684 in
1796 2629 2099 2700 Scriptura.

527 2721 756 2788 Quidam
813 2738 944 2777 vero
973 2738 1004 2777 e
1033 2724 1237 2780 sanctis
1264 2721 1522 2785 Patribus
1575 2721 1804 2793 eleganti
1844 2720 2105 2792 exemplo

531 2814 614 2865 ιιςὶ
645 2823 918 2883 sunt,quo
940 2815 1284 2882 explanatur,
1312 2834 1330 2867 ι
1359 2814 1605 2874 Tradidit
1635 2829 1728 2882 eos
1749 2812 1861 2884 .15
1887 2814 2050 2870 Deus.
2081 2833 2098 2866 3

449 2954 456 2960 .
531 2903 788 2967 Perinde,
820 2904 1093 2974 inquiunt,
1119 2920 1186 2961 ac
1221 2905 1264 2960 si
1298 2905 1418 2974 quis
1445 2887 1752 2970 conniveat,
1795 2904 1982 2960 nolens
2026 2905 2108 2956 vi-

530 2996 660 3050 dere
685 2995 875 3058 solem,
903 2997 1095 3051 deinde
1126 2997 1285 3058 cadat
1325 2998 1378 3052 in
1416 2997 1686 3061 scrobem,
1733 2996 1986 3061 dicimus,
2011 2995 2104 3050 Sol

533 3103 637 3140 non
687 3089 838 3143 visus
895 3088 1040 3144 hunc
1087 3089 1144 3146 in
1197 3088 1398 3150 [ossam
1432 3088 1628 3158 deiecit
1659 3105 1672 3144 :
1702 3103 1806 3145 non
1841 3089 1981 3158 quod
2024 3088 2102 3142 ira

2193 601 2440 672 θαρσίας.
2470 600 2636 668 Λέγει
2663 597 2721 651 δὲ
2753 596 2908 650 τοῦτο
2938 597 2965 648 6
2994 581 3250 659 nam“,
3272 588 3362 648 οἶα
3414 597 3581 664 μήπω
3623 596 3794 650 δυνά-

2195 712 2356 765 μενος
2384 694 2581 756 αὐτοὺς
2613 694 2800 746 πεῖσαι
2823 690 2891 755 δ’,
2921 689 3002 743 ὅτι
3037 688 3154 742 ἔστι
3195 689 3407 757 γέεννα.
3437 688 3619 761 Αὐτὴν
3648 690 3788 760 γὰρ,

2197 789 2350 858 φησὶ,
2410 787 2512 858 τὴν
2557 785 2871 855 ἀκάθαρτον
2902 783 3123 853 πρᾶξιν,
3154 782 3373 837 κόλασιν
3413 783 3599 847 αὐτοῖς
3643 779 3796 835 εἶναι

2195 877 2440 940 πίστευε,
2475 876 2628 944 εἴπερ
2659 874 2914 936 ἀπιστεῖς
2948 876 3062 929 τοῖς
3099 873 3227 944 περὶ
3257 873 3483 944 γεέννης
3515 872 3719 942 λόγοις.

2273 987 2290 1020 ι
2320 970 2429 1022 Καὶ
2467 965 2652 1029 καθὼς
2700 967 2801 1020 οὐκ
2853 966 3183 1036 ἐδοκίμασαν
3213 967 3306 1020 τὸν
3342 967 3473 1022 Θεὸν
3529 968 3676 1038 ἔχειν
3723 970 3793 1021 ὲν

2196 1058 2508 1129 ἐπιγνώσει,
2553 1059 2866 1130 παρέδωκεν
2916 1061 3111 1121 αὐτοὺς
3143 1061 3172 1112 6
3203 1060 3338 1122 Θεὸς
3383 1061 3464 1123 εἰς
3512 1061 3783 1132 ἀδόκιμον

2199 1154 2344 1216 νοῦν,
2369 1157 2542 1208 ποιεῖν
2573 1155 2644 1206 τὰ
2674 1154 2750 1224 μὴ
2786 1153 3121 1223 καθήκοντα.
3159 1172 3177 1206 3
3218 1153 3348 1207 Ἰδοὺ
3384 1154 3446 1206 ὲκ
3477 1155 3665 1224 τρίτου
3687 1155 3790 1224 τῆς

2199 1247 2368 1316 αὐτῆς
2406 1246 2613 1309 ἐννοίας
2649 1247 2695 1277 ⁵³
2729 1246 2996 1316 ἐμνήσθη,
3025 1245 3120 1299 καὶ
3153 1248 3218 1317 τῇ
3249 1245 3386 1316 αὑτῇ
3439 1245 3586 1312 λέξει
3617 1249 3790 1317 ἐχρή-

2202 1358 2354 1406 σατο,
2386 1359 2403 1390 ι
2439 1341 2784 1410 Παρέδωκεν,
2817 1358 2835 1389 3
2872 1338 3067 1392 εἰπὼν.
3093 1339 3380 1410 Πανταχοῦ
3407 1340 3462 1392 δὲ
3494 1340 3595 1409 τῆς
3617 1341 3788 1408 ὲγκα-

2199 1435 2498 1504 ταλείψεως
2525 1433 2618 1486 τοῦ
2653 1433 2788 1486 Θεοῦ
2821 1434 3136 1503 αἱτίαν,τὴν
3163 1433 3270 1488 τῶν
3303 1431 3610 1503 ἀνθρώπων
3647 1434 3788 1488 ἀσέ-

2203 1528 2356 1582 ϐειαν
2390 1524 2528 1582 εἶναι
2575 1526 2741 1595 λέγει,
2790 1527 2980 1596 ὥσπερ
3014 1526 3105 1580 οῦν
3135 1526 3231 1580 καὶ
3249 1527 3369 1580 νῦν.
3399 1546 3417 1577 ι
3449 1515 3646 1591 Καθὼς
3680 1529 3789 1581 οὐκ

2203 1621 2534 1692 ἐδοκίμασαν
2572 1621 2663 1674 τὸν
2693 1621 2827 1674 Θεὸν
2859 1621 3003 1692 ἔχειν
3038 1622 3094 1673 ἐν
3129 1619 3789 1692 ὲπιγνὼσει,παρέξωκεν

2203 1713 2398 1775 αὐτοὺς
2414 1712 2492 1774 εἰς
2513 1710 2762 1780 τὰπάθη.
2780 1728 2798 1762 3
2835 1711 2949 1766 Οὐκ
2977 1709 3214 1786 ἀγνοίας,
3236 1709 3418 1778 φησὶν,
3445 1709 3579 1762 ἀλλὰ
3623 1708 3788 1776 μελέ-

2206 1823 2324 1876 της,
2345 1808 2376 1875 ἡ
2397 1807 2472 1867 εἰς
2502 1805 2634 1858 Θεὸν
2660 1803 2836 1874 ὕϐρις.
2861 1803 2934 1856 Οὐ
2967 1802 3076 1872 γὰρ
3104 1797 3247 1866 εἷπε,
3269 1800 3466 1864 Καθὼς
3484 1803 3582 1856 οὐκ
3608 1800 3788 1869 ἔγνωο

2205 1917 2304 1953 σαν
2363 1899 2452 1952 τὸν
2490 1897 2644 1962 Θεὸν,
2693 1895 2903 1968 ἀλλά,ι⁵
2945 1894 3142 1958 Καθὼς
3191 1897 3292 1950 οὐκ
3349 1895 3702 1964 ἐδοκίμασαν,
3767 1914 3786 1944 3

2201 1987 2323 2043 ἀντὶ
2349 1989 2468 2050 τοῦ,
2498 1987 2720 2058 ἔκριναν
2756 1987 2830 2058 μὴ
2871 1986 3015 2058 ἔχειν
3046 1984 3135 2038 τὸν
3169 1984 3302 2037 Θεὸν
3352 1985 3408 2038 ἐν
3462 1984 3788 2052 ἐπιγνώσει,

2202 2082 2296 2135 καλ⁸
2329 2082 2548 2144 ἑκόντες
2599 2080 2815 2133 εἵλοντο
2865 2079 2966 2148 ,τὴν
3011 2077 3290 2134 ἀσέϐειαν.
3351 2078 3465 2130 Οὐκ
3506 2077 3614 2146 ἄρα
3660 2076 3794 2132 οἱδὶ

2200 2175 2299 2246 τῆς
2334 2174 2534 2245 σαρκός
2559 2175 2664 2226 εἰσι
2692 2173 2761 2226 τά
2802 2172 3143 2242 πταίσματα,
3165 2171 3238 2234 ὥς
3261 2186 3406 2232 τινες
3439 2169 3546 2223 τῶν
3577 2170 3795 2238 αἱρετι-

2203 2269 2316 2323 κῶν
2351 2285 2536 2336 φασιν,
2563 2265 2699 2319 ἀλλά
2731 2268 2830 2336 τῆς
2860 2263 3268 2336 διεφθαρμένης
3291 2263 3546 2334 κρίσεως.
3569 2264 3796 2332 Πρῶτοι

2203 2360 2334 2431 γοῦν
2368 2362 2566 2414 ἐκεῖνοι
2597 2358 3011 2427 ἀπεδοκίμασαν
3043 2357 3104 2410 τὸ
3143 2356 3343 2410 εἰδέναι
3373 2355 3465 2410 τὸν
3499 2356 3650 2420 Θεὸν,
3683 2355 3791 2407 καὶ

2204 2453 2326 2505 τότε
2358 2454 2384 2504 6
2409 2450 2542 2513 Θεὸς
2570 2449 2757 2502 εἴασεν
2791 2449 2989 2512 αὐτοὺς
3015 2449 3094 2512 εἰς
3125 2447 3384 2518 ἀδόκιμον
3414 2445 3555 2499 νοῦν·
3597 2463 3793 2499 κατεν-

2206 2542 2449 2612 εχθῆναι.
2465 2539 2529 2592 Ἡ
2545 2541 2652 2608 γὰρ
2674 2537 2992 2608 ἀποστροφὴ
3008 2537 3100 2590 τοῦ
3123 2535 3280 2602 Θεοῦ,
3307 2535 3400 2588 καὶ
3421 2537 3452 2604 ἡ
3477 2531 3800 2600 ἐγκατάλει-

2204 2633 2318 2702 ψις,
2354 2631 2651 2703 παράδοσις
2674 2627 3001 2698 ὀνομάζεται
3035 2630 3092 2682 ὲν
3116 2629 3182 2694 τῇ
3207 2627 3419 2698 Γραφῇ.
3447 2624 3704 2695 Χαρίεντι
3735 2622 3797 2674 δὲ

2207 2724 2569 2793 ὑποδείγματι
2602 2719 2904 2793 ἐχρήσαντό
2942 2733 3089 2781 τινες
3128 2718 3238 2770 τῶν
3270 2717 3462 2784 ἁγίων,
3489 2708 3637 2768 διὀῦ
3703 2714 3798 2776 £45-

2207 2817 2530 2887 ομαλίζεται
2559 2817 2673 2879 τὸ,ι
2709 2815 3035 2886 Παρέδωκεν
3059 2811 3255 2873 αὐτοῦς
3275 2813 3302 2864 ὁ
3327 2809 3476 2871 Θεός.
3507 2827 3526 2861 3
3553 2807 3800 2871 Ὥσπερ,

2209 2908 2393 2978 φασιν,
2419 2908 2515 2960 ἐάν
2551 2924 2632 2970 τις
2659 2905 2928 2978 καμμύσῃ
2958 2907 3024 2970 ⁸⁵,
3052 2905 3134 2973 μὴ,
3156 2902 3322 2955 Θέλων
3348 2903 3473 2954 ἰδεῖν
3502 2900 3593 2953 τὸν
3614 2898 3800 2970 ἥλιον,

2207 2997 2327 3053 εἶτα
2355 3000 2499 3074 πέσῃ
2550 3001 2628 3064 εἰς
2669 2998 2886 3068 βόθρον,
2936 2996 3190 3067 λέγομεν,
3220 2994 3312 3064 Μὴ
3350 2993 3533 3062 ὀφθεὶς
3569 2993 3597 3043 6
3640 2991 3802 3064 ἥλιος

2208 3095 2304 3147 τὸν
2332 3093 2482 3146 δεῖνα
2558 3093 2638 3155 είς
2690 3090 2883 3161 βόθρον
2937 3089 3182 3160 ἔρριψεν·
3236 3088 3332 3157 οὐχ
3390 3087 3470 3139 ὅτι
3514 3083 3802 3156 ὀργισθεὶς

452 3245 456 3254 Ι
531 3179 773 3247 percitus
827 3178 908 3233 sol
965 3181 1236 3236 hominem
1272 3179 1547 3247 dejecerit,
1581 3194 1769 3240 verum
1802 3179 1944 3249 quod
1972 3194 2102 3235 oeu-

2210 3145 2411 3256 6mm;
2442 3185 2523 3248 εἰς
2573 3145 2764 3254 βόθρον
2793 3145 3018 3253 ἔρριψε
3049 3145 3141 3233 τὸν
3193 3145 3498 3249 ἄνθρωπον,
3543 3145 3657 3228 ἀλλ’
3711 3176 3801 3226 ὅτι

451 3317 456 3326 ,
535 3267 615 3322 los
645 3266 761 3336 ejus
793 3282 898 3322 non
944 3269 1312 3326 illustraverit.
1356 3269 1473 3332 Jam
1504 3271 1657 3340 ,qnod
1713 3285 1818 3324 non
1872 3269 2106 3325 illuxerit

447 3409 452 3413 _
530 3357 729 3422 oculis,
749 3362 894 3414 unde
937 3360 1127 3416 eet?A
1160 3361 1463 3425 claudente.
1505 3361 1775 3428 videlicet,
1817 3361 2027 3427 oculos,
2055 3372 2110 3416 et

447 3503 450 3506 .
533 3451 876 3514 connivente.
906 3451 998 3507 Sic
1023 3461 1079 3508 et
1105 3452 1264 3517 Deus
1298 3454 1520 3522 tradidit
1545 3469 1670 3516 “eos
1719 3455 1771 3508 in
1825 3454 2108 3523 passiones

536 3543 864 3611 ignominiae,
919 3557 1152 3612 quanam
1195 3536 1588 3606 rationeTNon,
1619 3545 1832 3614 agnitus
1875 3545 2108 3603 homini-

450 3697 454 3701 ,
532 3637 650 3689 bus.
673 3636 832 3701 Quod
868 3650 998 3694 vero
1043 3650 1149 3690 non
1179 3637 1248 3691 sit
1277 3640 1515 3706 agnitus,
1545 3637 1717 3696 unde?
1740 3636 1823 3691 Ab
1853 3636 1980 3704 illis,
2024 3637 2110 3691 ni-

531 3726 752 3790 mirum,
809 3726 900 3795 qui
958 3743 1065 3782 non
1127 3729 1514 3797 probaverunt,
1546 3743 1645 3784 nec
1688 3736 1998 3800 statuerunt
2052 3737 2113 3783 ut

533 3828 894 3883 agnoscerent
927 3819 1127 3888 ipsum.

608 3912 772 3968 Vens.
825 3913 916 3968 29.
971 3933 990 3966 ι
1047 3913 1302 3984 Repletos
1343 3916 1492 3970 omni
1536 3915 1821 3984 iniustitia.
1861 3933 1880 3970 3
1952 3913 2111 3979 Vide,

455 4053 458 4055 _
536 4007 752 4075 singula
782 4022 904 4061 cum
945 4008 1364 4078 ampliﬁcatione
1402 4010 1676 4064 dicuntur.
1708 4026 1733 4062 ε
1773 4006 2026 4077 Repletos
2087 4025 2108 4060 3

532 4101 701 4166 enim,
755 4101 952 4169 inquit,
983 4111 1084 4156 etc
1133 4102 1278 4156 omni
1329 4103 1382 4157 in
1431 4102 1674 4171 justitia:
1749 4120 1787 4168 »κ
1817 4101 2109 4166 universa,

535 4178 764 4258 scilicet,
798 4193 1019 4249 malitiae
1041 4209 1376 4250 .mensuram
1420 4195 1770 4265 attingentes.
1797 4192 1954 4260 Dein,
1981 4207 2108 4263 spe-

533 4284 646 4339 cies
674 4285 888 4340 malitias
913 4295 1181 4341 recenset.

613 4395 631 4426 ι
657 4375 1063 4434 Fornicatione.
1089 4377 1356 4434 3,0mnem
1379 4375 1702 4446 simpliciter
1719 4376 2110 4448 impuritatem,

535 4464 916 4524 fornicationis
937 4469 1156 4525 nomine
1183 4469 1497 4538 complexus
1533 4478 1642 4524 est.

613 4578 631 4611 ι
665 4559 936 4616 Versutia.
976 4579 995 4616 3
1031 4561 1250 4616 lnsidiis
1274 4575 1404 4628 erga
1432 4559 1760 4630 proximum.

613 4669 633 4704 ι
671 4651 932 4710 Avaritia.
993 4672 1013 4706 3
1079 4653 1434 4710 Pecuniarum
1482 4659 1538 4707 et
1593 4647 1910 4714 facultatum
1961 4649 2114 4718 cupi-

535 4744 723 4802 ditate.
1949 4736 1957 4744 ’

615 4853 634 4887 ι
665 4832 939 4905 Nequitia.
976 4853 996 4889 3
1037 4834 1297 4892 Vindictae
1327 4833 1539 4890 aﬂ‘ectn.

617 4945 635 4980 σ
690 4926 900 4986 Plenas,
933 4927 1157 4992 invidia,
1208 4925 1530 4982 homicidio.
1589 4941 1615 4976 .-3
1667 4921 1952 4990 Nunquam
2005 4934 2108 4974 non

539 5021 890 5078 homicidium
919 5028 1090 5076 estex
1130 5020 1353 5076 invidia.
1384 5019 1478 5084 Sic
1523 5015 1659 5073 Abel
1707 5015 1915 5070 invisus
1947 5013 2116 5066 Caino

2213 3279 2287 3349 μὴ
2315 3276 2556 3347 φωτισας
2591 3276 2716 3338 τοὺς
2749 3271 3059 3342 ὀφθαλμοὺς
3109 3270 3273 3324 αὐτοῦ
3313 3269 3397 3339 (τὸ
3427 3268 3484 3322 δι
3518 3267 3590 3337 μὴ
3627 3265 3806 3335 φωτε-

2209 3384 2323 3432 σαι,
2349 3367 2549 3430 πόθεν;
2593 3363 2725 3418 Ἀπὸ
2778 3363 2873 3417 τοῦ
2924 3358 3379 3432 κάμμύσαντος
3435 3359 3576 3410 οὕτω
3619 3357 3715 3409 καὶ
3772 3358 3803 3409 6

2209 3460 2342 3523 Θεὸς
2379 3459 2698 3530 παρέδωκεν
2731 3459 2813 3518 είς
2844 3457 2991 3528 πάθη
3055 3453 3304 3525 ἀτιμίας,
3343 3452 3497 3518 πῶςς
3529 3449 3620 3509 Μὴ
3664 3451 3796 3501 ἐπι-

2211 3551 2474 3620 γνωσθεὶς
2521 3552 2634 3613 τοῖς
2681 3549 3012 3620 ἀνθρώποις.
3045 3547 3119 3600 Τὸ
3167 3547 3224 3600 δὲ
3271 3543 3800 3618 μὴὲπιγνωσθῆναι,

2213 3642 2416 3708 πόθεν;
2473 3640 2594 3695 ’Δπ’
2621 3640 2842 3694 ἐκείνων
2904 3639 3014 3693 τῶν
3066 3639 3141 3709 μὴ
3191 3635 3605 3708 δοκιμασάντων
3657 3631 3804 3702 μηδὲ

2211 3736 2512 3808 κρινάντων
2550 3732 2847 3801 ἐπιγνῶναι
2877 3732 3062 3784 αὐτόν.

2293 3935 2311 3968 ι
2348 3911 2824 3987 Πεπληρωμένοις,
2859 3909 3010 3979 πάσῃ
3063 3906 3267 3977 ἀδικίᾳ.
3315 3923 3362 3976 ι,
3395 3905 3558 3975 Ὅρα,
3613 3902 3804 3957 πάντα

2219 4009 2357 4081 μετὰ
2382 4007 2715 4067 ὲπιτάσεως.
2760 4023 2777 4056 ι
2814 4003 3051 4072 Καὶ-γάρ
3072 3998 3559 4069 πεπληρωμένους,
3596 4016 3613 4048 3
3635 3998 3805 4065 φησι,

2216 4101 2330 4165 καὶ,
2363 4119 2382 4151 ι
2419 4100 2566 4169 πάσῃ
2592 4096 2794 4168 ἀδικίᾳ,
2833 4113 2852 4146 3
2887 4095 3019 4147 αὐτὸ
3047 4094 3106 4159 τὸ
3130 4081 3357 4171 ἔσχατον
3383 4091 3580 4162 μέτρον
3611 4089 3802 4156 πάσης

2215 4194 2315 4263 τῆς
2344 4193 2543 4253 κακίας
2577 4188 2915 4258 φθάσαντας.
2950 4180 3084 4250 Εἶτα
3133 4186 3282 4254 λέγει
3324 4183 3419 4236 καὶ
3450 4182 3524 4251 rit
3554 4181 3669 4255 εἴδη
3692 4179 3802 4250 τῆς

2216 4284 2438 4354 κακίας.

2285 4397 2315 4443 ,ι
2358 4376 2610 4447 Πορνεία.
2670 4395 2688 4428 3
2729 4377 2916 4430 Πᾶσαν
2974 4373 3164 4438 ἁπλῶς
3193 4374 3291 4444 τὴν
3324 4360 3663 4452 ἀκαθαρσίαν
3717 4365 3805 4439 τῷ

2217 4468 2316 4538 τῆς
2341 4466 2601 4537 πορνείας
2628 4465 2855 4537 ὀνόματι
2881 4483 2946 4518 πε
2955 4466 3198 4539 ριέλαϐε.
3429 4481 3432 4492 '

2299 4577 2318 4610 ‹
2356 4557 2620 4630 Πονηρίᾳ.
2653 4577 2672 4610 3
2707 4559 2786 4629 Τῇ
2813 4560 2953 4611 κατά
2984 4558 3080 4611 τοῦ
3101 4557 3328 4627 πλησίον
3351 4553 3653 4623 ἐπιϐουλίᾳ.

2299 4669 2318 4702 ι
2365 4651 2674 4722 Πλεονεξίᾳ.
2715 4669 2734 4702 3
2771 4650 2849 4721 Τῇ
2885 4649 2994 4704 τῶν
3027 4650 3328 4722 χρημάτων
3370 4647 3657 4718 ἐπιθυμίᾳ.

2296 4847 2314 4880 ι
2333 4828 2546 4900 Κακία.
2589 4847 2608 4882 3
2633 4829 2709 4900 Τῇ
2737 4827 3092 4908 μνησικακίᾳ.

2292 4938 2311 4971 ι
2337 4919 2587 4981 Macrob;
2616 4917 2834 4986 φθόνου,
2866 4917 3026 4985 φόνου
3053 4917 3121 4969 ³⁸.
3147 4931 3166 4965 3
3220 4911 3334 4966 Ἀεὶ
3364 4914 3391 4965 ὁ
3424 4912 3582 4981 φόνος
3616 4916 3681 4964 ἐκ
3703 4926 3806 4962 του

2218 5009 2440 5080 φθόνου.
2474 5007 2586 5062 Καὶ
2625 4991 2803 5070 Ἀὅελξ
2823 5005 2926 5075 γάρ
2949 5002 3240 5074 φθονηθεὶς
3264 4998 3528 5072 ἀνῃρέθη,
3563 4998 3657 5052 καὶ
3681 4997 3806 5049 Ἰω-

540 5116 807 5180 redditus,
869 5116 1084 5170 occisus
1140 5120 1307 5179 cst',
1364 5108 1662 5180 et,Joseph
1695 5104 2102 5166 ,intcrimendu:

2222 5103 2331 5172 σὴφ
2362 5101 2419 5155 δὲ
2451 5100 2698 5171 ἔμελλεν.

506 5252 509 5254 -
541 5217 679 5263 erat.

624 5297 1060 5364 «.Contentione,
1101 5297 1243 5352 dolo.
1285 5315 1304 5348 3
1352 5296 1428 5354 Ex
1464 5295 1662 5350 invidia
1705 5301 1760 5346 et
1790 5291 1855 5347 lis
1882 5301 1938 5345 et
1967 5289 2122 5344 dolus

543 5391 838 5462 prodeunt,
866 5392 930 5443 ad
962 5391 1260 5461 perniciem
1297 5389 1414 5458 ejus
1443 5388 1530 5442 cui
1559 5385 1856 5441 invidetur.

623 5500 642 5535 ι
675 5482 1028 5551 Malignitate.
1069 5503 1093 5536 ι
1134 5483 1406 5548 Profunda
1429 5479 1693 5536 occultata
1731 5475 1958 5538 malitia,
1994 5487 2115 5542 qua:

546 5578 788 5633 bonitate
816 5578 1048 5646 quadam
1089 5577 1159 5630 sit
1194 5577 1382 5632 oblita.

615 5698 642 5727 ν
684 5688 818 5744 Gen.
845 5705 920 5757 tv,
937 5690 1027 5745 ὃν.

2307 5303 2327 5337 ‹
2370 5282 2607 5356 Ἔριδος,
2639 5281 2811 5336 δόλου.
2851 5299 2869 5333 3
2916 5278 3012 5347 Ἐκ
3041 5277 3135 5331 τοῦ
3157 5275 3351 5348 φθόνου
3385 5273 3479 5326 καὶ
3502 5273 3536 5343 ἡ
3559 5269 3674 5341 ἔρις
3709 5267 3811 5322 καὶ

2228 5381 2258 5434 6
2291 5377 2462 5442 δόλος,
2493 5375 2630 5447 πρὸς
2664 5374 2909 5428 κάκωσιν
2939 5371 3035 5426 τοῦ
3068 5367 3456 5442 φθονουμένου.

2281 5489 2324 5542 ,ι
2363 5467 2732 5542 Κακοηθείας.
2771 5485 2790 5519 3
2832 5465 2944 5535 Τῆς
2983 5467 3042 5519 ὲν
3097 5463 3250 5535 βάθει
3284 5457 3680 5534 κεκρυμμένης
3706 5473 3812 5514 κα-

2229 5568 2376 5630 κίας,
2403 5563 2500 5618 καὶ⁸
2522 5560 2997 5632 ὲπιπλαττομένης
3018 5549 3368 5631 χρηστότητι.

1890 5754 2089 5816 Variae
2118 5751 2444 5816 lectiones.

623 5863 669 5896 "
690 5861 972 5930 ἀποδεῖξαι
1005 5876 1058 5920 0.
1137 5863 1180 5895 ³³
1208 5861 1387 5923 αἰτίας
1421 5875 1496 5912 m.
1573 5859 1620 5892 ⁸⁸
1648 5857 1959 5927 καταμύσῃ.

2038 5857 2085 5889 ⁸⁸
2114 5855 2207 5909 καὶ
2232 5853 2393 5923 φόνου
2421 5867 2494 5906 m.
