4038 6606
453 362 580 433 Ῡ363

1397 373 1988 437 THEOPHYLACTI
2032 377 2452 440 BULGARIIE
2494 382 2849 444 ARCHIEP.

3609 385 3719 448 364

466 491 538 544 cit
575 505 590 542 :
624 493 930 558 propterea,
960 486 1229 558 inquiens,
1277 507 1294 540 ι
1340 490 1727 547 inexcusabilis
1770 507 1853 556 es,
1879 507 1912 547 o
1950 493 2012 546 hc

2148 510 2266 560 γον,
2305 497 2395 548 mi
2449 511 2619 566 φησιο
2664 517 2681 548 ι
2722 497 2816 550 Διὸ
2863 515 2881 547 ι
2927 496 3020 550 καὶ
3081 518 3097 548 ι
3132 498 3539 571 ἀναπολόιητος
3570 494 3657 554 εἷ’
3702 518 3721 549 ι

469 595 579 644 mo,
636 595 656 630 ι
689 578 789 634 hoc
827 586 935 644 cst,
970 579 1404 650 quandoquidem
1463 582 1604 635 nosti
1646 598 1764 637 eam
1804 598 1926 638 esse
1955 583 2040 652 ju-

468 672 671 725 stitiam
698 668 812 733 Dei,
844 669 986 738 quod
1012 669 1136 724 ntali
1163 672 1452 741 sintpmna
1487 673 1654 744 digni,
1697 675 2042 728 inexcusabi-

468 762 534 816 lis
566 776 647 827 es,
671 761 764 832 qui
797 761 1014 832 judicas
1047 764 1236 818 eadem
1285 772 1462 818 tecum
1503 764 1786 822 facientes.
1816 764 2041 822 Videtur

458 866 642 908 autem
673 855 764 909 hic.
789 869 1100 910 sermonem
1142 854 1381 924 dirigere
1406 859 1472 911 ad
1507 859 1776 929 principes
1813 868 1866 914 et
1925 877 2039 914 ma-

458 949 739 1017 gistratus,
759 947 1039 1018 .prascipue
1091 964 1222 1004 vero
1253 950 1320 1004 ad
1363 948 1662 1016 Romanos,
1702 960 1759 1007 ut
1787 951 1877 1021 qui
1914 953 2032 1007 orbi

457 1051 723 1096 terrarum
761 1041 1134 1110 prmsidercnt.
1170 1041 1577 1112 Magistratunm
1615 1045 1755 1098 enim
1788 1044 2035 1116 estjudi-

454 1150 607 1190 care.
640 1127 896 1190 Attamen
934 1134 1107 1190 cuivis
1150 1135 1313 1189 etiam
1350 1135 1654 1190 mortalium
1693 1137 1806 1191 limo
1838 1152 2032 1191 conve~

456 1229 613 1283 ninnt
643 1245 657 1283 :
689 1227 867 1298 quivis
897 1227 1041 1282 enim
1065 1226 1390 1283 sententiain
1421 1227 1564 1284 [πέντε
1586 1237 1783 1298 potest,
1817 1228 2034 1283 etiamsi

456 1322 697 1377 tribunal
743 1337 849 1377 non
909 1329 1158 1392 occupet.
1206 1320 1532 1376 Adulterum
1592 1321 1777 1392 igitur,
1831 1322 2030 1390 inquit,

449 1413 1098 1486 condemnans,teipsum
1125 1414 1478 1480 condemnas,
1497 1427 1619 1469 cum
1641 1412 1754 1483 ipse
1787 1415 2032 1469 moechus

446 1509 546 1563 sis.

520 1599 690 1656 Vsus.
725 1601 783 1655 2.
813 1618 836 1652 (
871 1599 1087 1656 Scimus
1127 1609 1306 1654 autem
1350 1599 1493 1670 quod
1525 1597 1788 1669 judicium
1823 1598 1916 1655 Dei
1948 1607 2032 1654 est
2113 1626 2116 1628 η

449 1696 749 1750 secundum
785 1695 1090 1759 veritatem,
1132 1695 1186 1748 in
1229 1707 1324 1748 eos
1370 1695 1460 1763 qui
1487 1693 1612 1746 talia
1651 1701 1836 1762 agunt.
1882 1710 1901 1742 ι
1951 1691 2030 1746 Ne

446 1790 573 1857 quis
620 1788 807 1842 dicat:
853 1786 967 1858 Ego
1038 1786 1303 1841 hactenus
1359 1785 1608 1840 mmcltus
1648 1800 1770 1839 cum
1823 1800 2024 1849 essent,

2145 589 2416 649 τουτέστι,
2449 592 2595 643 Διότι
2627 586 2773 654 οἶδας
2795 590 2856 644 τὸ
2877 591 3154 662 δικαίωμα
3188 591 3282 644 τοῦ
3319 592 3476 656 Θεοῦ,
3516 595 3597 647 ὅτι
3628 610 3725 646 κοοσ

2145 681 2351 746 λάσεως
2382 682 2521 748 ἄξιοι
2558 686 2606 736 οἱ
2639 684 2857 755 φαῦλοι,
2886 686 3296 754 ἀναπολόγητος
3344 683 3414 754 εἴ,
3465 688 3491 739 δ
3523 688 3726 758 κρίκων

2140 776 2264 838 τοὺς
2289 776 2356 828 τὰ
2374 777 2535 846 ὅμοιά
2558 795 2639 830 σοι
2669 779 3036 849 πράσσοντας.
3065 781 3222 832 Δοκεῖ
3247 779 3305 832 δὲ
3331 778 3564 832 ἐνταῦθα
3587 781 3725 850 πρὸς

2141 867 2408 940 ἄρχοντας
2429 869 2831 937 ἁποτείνεσθαι,
2862 873 2953 924 καὶ
2975 872 3212 942 μάλιστα
3232 874 3355 936 τοὺς
3398 872 3721 942 Ῥωμαίους,

2140 959 2215 1022 ὡς
2250 963 2596 1031 προεστῶτας
2642 963 2744 1033 τῆς
2784 965 3141 1034 οἰκουμένηςο
3177 965 3284 1019 τῶν
3307 965 3414 1035 γὰρ
3445 965 3723 1036 ἀρχόντων

2137 1048 2196 1100 τὸ
2221 1048 2448 1118 κρίνειν.
2487 1053 2631 1122 Πλὴν
2689 1054 2784 1105 καὶ
2841 1054 2975 1124 πρὸς
3024 1055 3200 1106 πάντα
3229 1054 3516 1125 ἄνθρωπον
3547 1055 3722 1108 ταῦτα

2139 1141 2392 1211 ἁρμόζει.
2433 1145 2553 1208 Πῶς
2585 1146 2694 1216 γὰρ
2723 1145 2950 1199 δύναται
3004 1149 3236 1218 κρίνειν,
3279 1148 3381 1202 κᾶν
3419 1146 3493 1218 μὴ
3531 1149 3722 1218 θρόνον

2137 1235 2271 1306 ἔχοι.
2308 1236 2410 1289 Τὸν
2470 1237 2658 1308 μοιχὸν
2711 1237 2827 1302 οῦν,
2886 1240 3042 1308 φησι,
3092 1239 3465 1310 κατακρινῶν,
3495 1241 3722 1292 σεαυτὸν

2136 1329 2511 1400 κατακρίνεις,
2545 1330 2735 1399 μοιχὸς
2765 1330 2858 1381 καὶ
2885 1330 3046 1392 αὐτὸς
3080 1329 3178 1382 ῶν.

2211 1618 2229 1650 ι
2264 1598 2502 1668 Οἴδαμεν
2537 1597 2594 1650 δὲ
2639 1598 2722 1650 δτι
2763 1598 2824 1650 τὸ
2875 1598 3052 1667 κρῖμα
3079 1596 3178 1650 τοῦ
3210 1595 3347 1648 Θεοῦ
3404 1597 3519 1650 ἔστι
3576 1599 3720 1650 κατά

2132 1691 2391 1762 ἀλήθειαν
2415 1691 2507 1743 ὲπὶ
2540 1691 2666 1755 τοὺς
2689 1690 2758 1743 τά
2791 1689 3016 1743 τοιαῦτα
3041 1689 3404 1759 πράσσοντας.
3444 1709 3462 1740 ι
3495 1690 3614 1743 Ἵνα
3642 1691 3718 1760 μὴ

2131 1785 2266 1856 λέγῃ
2292 1801 2396 1849 τις,
2417 1784 2499 1836 δτι
2526 1783 2669 1853 Ἐγὼ
2689 1785 2828 1846 τέως
2854 1783 3131 1852 διέφυγον,
3157 1783 3251 1836 καὶ
3283 1783 3384 1836 ούκ
3411 1782 3718 1848 ὲκολάσθῃν

445 1881 606 1951 eﬂ'ugi
624 1881 972 1951 supplicium,
995 1894 1095 1934 nec
1123 1895 1238 1933 sum
1262 1879 1482 1949 punitus
1505 1877 1717 1933 etiamsi
1751 1879 2012 1933 tuaacltum

2134 1851 2323 1948 ponii);
2349 1876 2445 1943 ὢν,
2481 1851 2658 1931 καίτοι
2690 1877 2782 1930 τὸν
2813 1877 3001 1948 μοιχὸν
3028 1851 3296 1941 κολάσαςο
3342 1876 3510 1946 φησὶν
3549 1880 3715 1944 ἐκφο-

444 1974 794 2045 pnnivcritn;
835 1970 1288 2042 perterrefaciens
1353 1972 1450 2037 ait,
1486 1970 1631 2040 quod
1674 1971 1756 2024 sic
1792 1985 1912 2025 sese
1940 1985 2026 2026 res

445 2084 548 2122 non
571 2069 730 2122 habet
759 2069 900 2136 apud
930 2067 1120 2122 Deum.
1149 2063 1243 2120 llic
1273 2065 1412 2120 enim
1451 2063 1589 2119 alius
1620 2063 1836 2134 quidem
1865 2080 2022 2134 pinna

444 2160 699 2228 aﬂicitur,
734 2160 876 2215 alius
907 2174 1036 2215 vero
1060 2158 1382 2230 supplicium
1422 2157 1626 2223 evadit,
1657 2159 1809 2226 paria
1833 2173 2024 2228 quam-

442 2258 524 2312 vis
551 2257 755 2312 faciat:
789 2256 900 2312 illic
941 2265 1122 2312 autem
1159 2257 1239 2311 sic
1285 2272 1391 2310 non
1424 2264 1510 2311 est
1541 2253 1848 2324 :judiciutn
1876 2255 2019 2309 enim

439 2351 534 2404 Dei
559 2359 641 2404 est
679 2349 973 2404 secundum
1020 2350 1304 2402 veritatem
1325 2363 1455 2415 erga
1475 2347 1671 2402 malos.

510 2442 678 2498 Vsus.
709 2441 832 2498 3-6.
877 2460 896 2494 ι
963 2441 1256 2496 Existimas
1285 2449 1465 2494 autem
1521 2442 1648 2507 hoc,
1678 2456 1712 2496 ο
1741 2443 1905 2497 homo
1929 2441 2018 2511 qui

433 2537 649 2607 judicas
678 2551 772 2591 eos
805 2535 896 2605 qui
932 2535 1060 2588 talia
1130 2544 1318 2603 agunt,
1372 2543 1426 2588 et
1468 2533 1604 2588 facis
1652 2549 1737 2601 ea,
1785 2536 1927 2605 quod
1963 2545 2018 2590 ιιι

436 2631 664 2702 clIugics
689 2628 949 2697 judicium
978 2626 1207 2682 DeiiAn
1234 2626 1451 2683 divitias
1485 2627 1861 2698 l7bonitatis
1879 2630 2016 2700 ejus,

435 2731 490 2778 et
517 2723 814 2794 patientiae,
841 2730 894 2775 et
914 2717 1344 2788 longanitnitatis
1388 2719 1717 2782 contemnis,
1761 2719 2018 2788 ignorans

435 2814 580 2884 quod
613 2812 920 2883 benignitas
971 2809 1065 2866 Dei
1122 2809 1190 2864 ad
1240 2807 1617 2878 ptenitentiam
1670 2819 1722 2865 te
1753 2811 2018 2871 adducit?

437 2906 748 2964 Secundum
815 2916 994 2960 autem
1034 2904 1289 2960 duritiem
1341 2916 1508 2969 tuam,
1558 2913 1614 2958 et
1669 2905 2015 2974 impmnitcns

433 3016 529 3054 cur
561 2997 903 3054 tliesaurizas
926 2996 1023 3052 tibi
1076 2997 1178 3068 ipsi
1215 2998 1350 3052 iram
1383 2997 1436 3052 in
1470 2999 1556 3053 die
1597 2999 1688 3052 ira:
1718 3010 1772 3053 et
1803 2997 2013 3054 revela-

434 3091 600 3149 tionis
641 3101 696 3146 et
718 3091 848 3161 justi
901 3089 1088 3159 judicii
1144 3091 1263 3155 Dei,
1321 3089 1416 3161 qui
1474 3091 1661 3145 reddet
1721 3091 2012 3161 unicuique

2129 1966 2262 2033 ϐῶν,
2293 1968 2374 2020 ὅτι
2405 1968 2503 2036 οὐχ
2535 1966 2710 2031 οὕτως
2738 1968 2857 2021 ἐστὶ
2890 1967 3044 2038 παρά
3095 1966 3233 2037 Θεῷ.
3277 1967 3541 2021 Ἐνταῦθα
3580 1968 3712 2037 γὰρ,

2125 2059 2154 2110 ὁ
2187 2057 2286 2128 μὲν
2341 2058 2655 2125 κολάζεται,
2686 2061 2713 2112 ὁ
2746 2059 2801 2112 δὲ
2851 2058 3158 2127 διαφεύγει,
3212 2059 3278 2112 τὰ
3323 2059 3462 2113 αὐτὰ
3497 2059 3665 2112 ποιῶν
3691 2076 3708 2092 ο

2124 2150 2243 2201 ἐκεῖ
2265 2149 2322 2206 δὲ
2349 2150 2447 2221 οὐχ
2469 2149 2615 2204 οὕτω
2641 2167 2656 2182 ο
2688 2153 2748 2204 τὸ
2782 2150 2892 2222 γὰρ
2920 2154 3095 2222 κρῖμα
3126 2149 3221 2205 τοῦ
3245 2149 3380 2204 Θεοῦ
3415 2150 3533 2204 ἐστι
3568 2153 3713 2204 κατὰ

2124 2240 2386 2312 ἀλήθειαν
2411 2243 2504 2294 ἐπὶ
2527 2243 2654 2305 τοὺς
2683 2242 2946 2312 φαύλους,

2199 2441 2216 2474 ι
2265 2421 2476 2494 Λογίζῃ
2506 2423 2562 2476 δὲ
2590 2421 2770 2488 τοῦτο,
2809 2417 2853 2476 ὦ
2882 2421 3159 2494 ἄνθρωπε,
3189 2424 3217 2477 ό
3246 2422 3445 2496 κρίνων
3481 2423 3608 2488 τοὺς
3638 2425 3710 2478 τά

2120 2513 2344 2569 τοιαῦτα
2373 2515 2736 2586 πράσσοντας,
2767 2515 2860 2568 καὶ
2885 2516 3054 2570 ποιῶν
3076 2516 3238 2581 αὐτὰ,
3267 2517 3349 2570 ὃτι
3375 2517 3439 2568 σὺ
3467 2515 3710 2590 ἐκφεύξῃ

2118 2612 2179 2665 τὸ
2211 2615 2387 2683 κρῖμα
2419 2612 2512 2666 τοῦ
2545 2611 2716 2676 Θεοῦς
2777 2614 2847 2665 Ἢ
2879 2611 2972 2666 τοῦ
3005 2613 3238 2666 πλούτου
3267 2612 3366 2682 τῆς
3398 2615 3709 2683 χρηστότη-

2117 2722 2208 2769 τος
2237 2703 2428 2770 αὑτοῦ,
2486 2704 2581 2757 καὶ
2612 2707 2710 2772 τῆς
2740 2705 2962 2776 ἀνοχῆς,
3018 2703 3114 2757 καὶ
3163 2705 3264 2774 τῆς
3319 2704 3707 2775 μακροθυμεας

2119 2798 2504 2866 καταφρονεῖς,
2533 2797 2748 2864 ἀγνοῶν
2805 2797 2890 2849 ὅτι
2919 2795 2980 2848 τὺ
3021 2796 3261 2868 χρηστὸν
3312 2795 3406 2849 τοῦ
3459 2796 3594 2849 Θεοῦ
3622 2799 3707 2859 είς

2119 2891 2408 2960 μετάνοιάν
2461 2906 2520 2940 σε
2578 2889 2740 2957 ἄγει;
2774 2890 2928 2944 Κατά
2978 2890 3033 2943 δὲ
3081 2889 3178 2961 τὴν
3207 2888 3552 2960 σκληρότητά
3585 2881 3705 2953 σου,

2117 2982 2210 3046 καὶ
2232 2982 2605 3051 ἀμετανόητον
2633 2982 2889 3056 καρδίαν,
2912 2981 3264 3054 θησαυρίζεις
3290 2981 3502 3052 σεαυτῴ
3533 2984 3706 3052 ὀργῇ

2114 3074 2172 3126 ὲν
2215 3075 2403 3145 ἡμέρᾳ
2436 3073 2629 3144 ὀργῆς.
2683 3073 2778 3128 καὶ
2815 3073 3238 3144 ἀποκαλύψεως,
3273 3075 3369 3128 καὶ
3395 3075 3704 3138 δικαιοκρι-

430 3184 727 3242 secundum
768 3196 934 3254 opera
979 3197 1099 3251 sua.
1137 3201 1159 3236 ›
1199 3182 1372 3254 Supra
1425 3184 1586 3249 dixit,
1629 3185 1771 3254 quod
1805 3201 2012 3240 merces

2119 3165 2239 3229 σίας
2263 3165 2357 3218 τοῦ
2391 3165 2550 3221 Θεοῦ.
2606 3167 2700 3229 Ὃς
2745 3165 3020 3220 ἀποδώσει
3043 3168 3258 3236 ἑκάστῳ
3289 3167 3435 3221 κατά
3466 3167 3535 3220 τὰ
3565 3166 3705 3238 ἔργα

427 3278 657 3341 erroris,
692 3285 747 3330 et
769 3285 1140 3331 creaturarum
1172 3276 1371 3342 cultus,
1412 3276 1619 3346 impiis,
1654 3293 1751 3347 per
1775 3275 1865 3331 illa
1889 3277 2002 3345 ipsa

432 3372 484 3425 in
507 3371 705 3440 quibus
754 3368 1132 3434 lasciviebant,
1175 3369 1504 3424 reddebatur
1537 3385 1551 3424 :
1587 3369 1853 3438 siquidem
1892 3371 2004 3440 ipsa

429 3461 720 3531 impuritas
758 3461 890 3516 satis
919 3471 1035 3514 erat
1060 3461 1142 3516 eis
1175 3461 1226 3514 in
1275 3474 1517 3531 ptenam.
1552 3459 1670 3515 Jam
1705 3476 1834 3515 vero
1865 3462 2008 3531 quod

425 3553 1034 3625 superest,supplicium
1071 3552 1204 3624 ipsis
1235 3554 1601 3608 obventurum
1656 3554 1877 3609 revelat.
1910 3555 2008 3610 Est

426 3647 591 3713 enim,
645 3646 842 3715 inquit,
882 3655 938 3701 et
971 3646 1075 3701 alia
1126 3646 1224 3700 tibi
1267 3646 1455 3700 relicta
1495 3660 1677 3716 prona,
1723 3662 1756 3700 ο
1798 3647 2004 3704 homo:

425 3755 549 3801 nam
573 3737 839 3807 judicium
870 3736 964 3793 Dei
999 3751 1107 3792 non
1132 3735 1381 3807 elfugies.
1401 3734 1682 3804 Quomodo
1711 3736 1879 3802 enim,
1911 3737 2002 3808 qui

425 3843 536 3885 tum
571 3831 741 3898 ipsius
791 3829 1053 3897 judicium
1115 3843 1219 3883 non
1270 3827 1784 3898 eﬂugisti?Etenim
1810 3830 1861 3883 in
1897 3843 2006 3898 quo

423 3924 654 3978 alterum
709 3921 1112 3984 condcmnasti,
1161 3929 1350 3976 contra
1401 3921 1634 3990 teipsum
1678 3915 2000 3976 sententiam

421 4016 616 4071 tulisti.
651 4014 749 4069 Sin
777 4023 956 4068 autem
991 4022 1277 4084 propterea
1307 4013 1449 4082 quod
1475 4012 1798 4082 supplicium
1850 4015 1916 4067 de
1949 4024 2002 4068 te

421 4108 661 4162 nondum
722 4113 996 4176 sumptum
1059 4103 1246 4168 fuerit,
1301 4103 1522 4158 divitias
1568 4104 1826 4158 bonitatis
1878 4103 1999 4173 ejus

419 4196 749 4268 asperum-is,
814 4197 917 4251 hoc
981 4195 1159 4265 ipsum
1214 4195 1280 4248 ad
1341 4194 1602 4264 majorem
1639 4195 1734 4248 tibi
1781 4209 1997 4265 pinnam

418 4292 595 4346 cedet.
638 4287 772 4342 Nam
822 4287 1234 4358 longanimitas,
1281 4287 1346 4340 ad
1403 4287 1834 4341 emendationem
1883 4289 1996 4358 ipsa

419 4379 721 4442 utentibus,
769 4377 1027 4432 salutaris
1061 4385 1144 4432 est
1194 4397 1206 4432 :
1247 4377 1648 4432 insumeutibus
1673 4387 1852 4432 autem
1877 4393 1996 4432 eam

417 4472 482 4524 ad
519 4468 731 4538 peccati
781 4476 1153 4538 augmentum,
1187 4465 1408 4536 majoris
1441 4475 1523 4520 est
1562 4467 1810 4536 supplicii
1838 4482 1996 4523 occa-

2115 3259 2304 3313 αύτοῦ.
2370 3279 2386 3309 ι
2429 3255 2598 3312 Εἶπεν
2651 3259 2762 3314 ἄνω
2791 3261 2872 3313 ὅτι
2932 3262 2966 3332 η
3001 3261 3319 3331 ἀντιμισθία
3345 3261 3447 3330 τῆς
3471 3261 3700 3331 πλάνης,

2119 3355 2210 3406 καὶ
2239 3355 2337 3423 τῆς
2364 3353 2918 3424 κτισματολατρείας,
2938 3355 3220 3418 ἐναύτοῖς,
3243 3351 3323 3419 οἷς
3350 3355 3699 3426 ἠσέλγαινον,

2117 3445 2400 3499 ἀπεδίδοτο
2421 3449 2532 3510 τοῖς
2559 3445 2788 3515 φαύλοις
2808 3463 2821 3477 ·
2846 3446 2985 3519 αὕτη
3008 3447 3116 3519 γάρ
3139 3449 3170 3518 ή
3196 3447 3512 3518 ἀκαθαρσία
3538 3449 3700 3520 ἢρκει

2115 3539 2298 3602 αὐτοῖς
2328 3541 2450 3593 ἀντὶ
2483 3539 2757 3603 κολάσεως
2783 3556 2798 3571 ·
2836 3539 2931 3594 νῦν
2973 3542 3029 3594 δὲ
3083 3541 3270 3595 λοιπον
3319 3543 3702 3597 ἀποκαλύπτει

2116 3631 2299 3694 αὐτοῖς
2322 3634 2417 3684 καὶ
2443 3631 2541 3702 τὴν
2570 3631 2814 3686 κόλασιν.
2863 3633 3020 3686 Ἔστι
3049 3635 3180 3704 γὰρ,
3205 3638 3362 3706 φησι,
3407 3635 3501 3689 καὶ
3537 3635 3700 3705 ἑτέρα

2115 3739 2199 3775 σοι
2233 3712 2483 3790 κόλασις,
2513 3723 2768 3795 ἄνθρωπε
2793 3724 2837 3756 ⁸³
2856 3742 2871 3756 ο
2900 3727 2962 3777 ού
2989 3726 3094 3797 γὰρ
3117 3727 3359 3801 ἐκφεύξῃ
3389 3729 3490 3797 τὴν
3517 3729 3700 3799 κρίσιν

2113 3815 2209 3868 τοῦ
2241 3815 2377 3870 Θεοῦ
2397 3831 2411 3846 ⁸
2440 3816 2555 3880 πῶς
2584 3818 2715 3888 γὰρ,
2752 3818 2809 3881 ὃς
2831 3835 2892 3888 γε
2911 3819 3010 3889 τὴν
3033 3819 3235 3873 σαυτοῦ
3260 3821 3361 3874 οὐκ
3401 3819 3697 3891 ἐξέφυγες;

2124 3908 2214 3962 Ἐν
2251 3903 2296 3978 ᾧ
2326 3910 2436 3981 γὰρ
2463 3910 2556 3962 τὸν
2586 3909 2779 3980 ἕτερον
2808 3912 3160 3982 κατέκρινας,
3198 3913 3425 3968 σεαυτὸν
3478 3913 3691 3968 κατεδί-

2113 4015 2308 4062 κασας.
2337 3998 2398 4052 Εἰ
2437 3999 2493 4052 δὲ
2516 3999 2603 4052 διὰ
2623 3999 2684 4053 τὸ
2711 4001 2878 4071 μήπω
2920 4002 3272 4073 κολασθῆναι,
3328 4007 3694 4075 καταφρονεῖς

2109 4089 2205 4142 τοῦ
2255 4091 2488 4144 πλούτου
2514 4092 2611 4161 τῆς
2641 4093 3000 4161 ἀγαθότητος,
3033 4096 3165 4148 αὐτὸ
3195 4096 3353 4149 τοῦτο
3386 4097 3468 4160 είς
3522 4096 3693 4151 πλείω

2112 4197 2196 4252 σοι
2227 4181 2450 4236 κόλασίν
2495 4184 2663 4238 ἐστιν.
2733 4181 2799 4236 Ἢ
2828 4185 2937 4254 γὰρ
2968 4187 3012 4217 ⁸⁸
3044 4187 3426 4258 μακροθυμία,
3442 4193 3559 4253 τοῖς
3594 4190 3693 4260 μὲν

2114 4275 2246 4344 πρὸ,
2281 4275 2566 4345 διόρθωσιν
2601 4277 2737 4347 αὐτῇ
2778 4280 3107 4350 χρωμένοις,
3152 4282 3420 4353 σωτήριος
3456 4284 3502 4314 ⁸⁵
3530 4299 3546 4314 ·
3583 4285 3692 4343 τοῖς

2105 4369 2160 4422 δὲ
2189 4373 2268 4431 εἰς
2297 4370 2612 4441 προσθήκην
2639 4370 2915 4442 ἁμαρτίας
2961 4372 3277 4426 δαπανῶσιν
3295 4375 3491 4446 αὐτὴν,
3521 4392 3689 4446 τιμωι

2111 4461 2231 4530 ρίας
2263 4478 2328 4532 με
2338 4461 2507 4526 ίζονός
2525 4465 2673 4514 ἐστιν
2694 4463 2935 4534 ἀφορμὴ.
2957 4465 3018 4517 ού
3033 4466 3185 4536 πσρά
3205 4466 3300 4537 τὴν
3317 4465 3492 4537 αὐτῆς
3507 4467 3688 4535 φύσιν,

413 4562 546 4617 sio:
589 4575 698 4614 non
758 4560 828 4613 ob
891 4559 975 4612 sui
1043 4567 1314 4624 naturam,
1352 4557 1447 4613 sed
1487 4557 1556 4612 ob
1616 4560 1840 4614 istorum
1894 4561 1990 4614 du-

2117 4556 2246 4610 ἁλλά
2277 4557 2428 4628 παρὰ
2459 4555 2555 4626 τὴν
2571 4556 2795 4610 ἐκείνων
2821 4558 3184 4629 σκληρότητα.
3212 4579 3230 4612 ι
3265 4559 3629 4633 Θησαυρίζεις
3660 4580 3680 4613 ι

415 4655 614 4709 ritiem.
648 4671 665 4704 ι
699 4651 1104 4708 TliesaurizaSi
1131 4651 1300 4714 enim,
1330 4651 1427 4713 ait,
1459 4667 1478 4702 ι
1505 4651 1599 4705 tibi
1629 4652 1734 4720 ipsi
1767 4653 1936 4718 iram:
1972 4671 1991 4706 ι

413 4746 724 4813 non\Deus,
761 4748 854 4801 sed
886 4756 936 4800 tu
972 4745 1070 4800 tibi
1108 4744 1230 4815 ipsi.
1280 4741 1478 4798 Unde?
1504 4759 1534 4798 a
1582 4747 1744 4800 corde
1796 4756 1889 4802 tuo
1914 4748 1997 4802 in-

412 4839 633 4894 ﬂexibili
662 4847 716 4893 et
741 4838 808 4893 ad
841 4838 1041 4892 bonum
1071 4837 1364 4892 obdurato.
1386 4835 1614 4904 Quando
1641 4839 1784 4893 enim
1818 4855 1993 4911 neque

410 4933 651 4987 bonitate
701 4931 952 4998 molliris,
1003 4944 1181 5001 neque
1240 4938 1451 4985 terrore
1480 4929 1737 4995 ﬂecteris,
1775 4934 1906 5002 quid
1942 4944 1992 4987 te

408 5025 827 5080 durius?Porro
863 5041 882 5076 σ
926 5025 1068 5079 diem
1108 5025 1203 5078 irae
1244 5040 1268 5076 ι
1312 5023 1517 5091 dicens,
1557 5025 1756 5092 adjecit
1805 5026 1986 5090 simul,

413 5134 430 5166 ι
474 5115 843 5169 Πονθιιιιίοιιὶε
895 5125 951 5169 et
999 5115 1131 5183 justi
1177 5113 1368 5182 judicii
1418 5115 1559 5172 Dci:
1613 5135 1634 5169 ι
1680 5117 1839 5187 idque
1879 5134 1987 5172 non

407 5208 710 5273 immerito,
738 5221 804 5261 ne
837 5207 960 5276 quis
989 5221 1054 5261 ex
1115 5208 1393 5262 iracundia
1437 5209 1702 5279 judicium
1743 5226 1861 5264 esse
1889 5227 1983 5282 pu~

409 5310 508 5355 tet.
554 5299 798 5354 Detectio
839 5315 1072 5370 namque
1118 5303 1198 5366 lit,
1259 5301 1473 5370 inquit,
1505 5305 1771 5357 omnium.
1810 5304 1989 5370 Quare

406 5406 503 5461 pro
546 5389 910 5446 revelatorum
971 5391 1169 5446 merito
1205 5390 1266 5446 fit
1309 5393 1636 5447 retributio:
1671 5409 1732 5446 ea
1769 5403 1988 5462 propter

401 5484 604 5552 justum
658 5483 821 5535 etiam
856 5492 939 5538 est
985 5482 1278 5551 judicium.
1322 5481 1420 5537 Hic
1465 5497 1619 5545 sane,
1663 5482 1792 5552 quia
1821 5498 1982 5551 opera

402 5575 744 5640 ociruluntur,
780 5590 883 5628 non
947 5590 1162 5645 semper
1193 5575 1404 5643 justitia
1439 5575 1647 5629 obtinet
1678 5594 1689 5628 :
1746 5576 1854 5629 illic
1883 5591 1980 5628 au-

2104 4651 2233 4722 γάρ,
2252 4652 2408 4722 φησὶ,
2436 4671 2453 4702 t
2481 4650 2691 4721 σεαυτῴ
2717 4654 2906 4723 ὀργήν.
2924 4672 2941 4704 ι
2967 4653 3117 4722 ούχό
3134 4653 3518 4717 Θεὸς,ἀλλάσὺ
3536 4671 3689 4708 σεαυ-

2101 4742 2198 4813 τῷ.
2239 4743 2409 4795 Πόθεν
2430 4759 2444 4809 ;
2479 4744 2610 4796 Ἀπὸ
2639 4745 2737 4814 τῆς
2761 4745 3046 4800 ἁνενδότου
3067 4746 3115 4777 ⁸⁸
3133 4745 3228 4800 καὶ
3246 4745 3382 4816 πρὸς
3403 4746 3464 4800 τὸ
3481 4747 3686 4814 ἀγαθὸν

2101 4838 2345 4907 σκληρᾶς
2375 4853 2467 4890 σου
2501 4837 2750 4908 καρδίας.
2774 4837 2942 4891 Ὅταν
2963 4837 3069 4909 γὰρ
3097 4839 3235 4908 μήτε
3260 4842 3330 4910 τῇ
3357 4841 3686 4912 χρηστότητι

2100 4930 2369 5002 μαλάττῃ,
2393 4932 2529 5001 μήτε
2552 4930 2703 5000 φόϐῳ
2726 4933 2975 5004 κάμπτῃ,
3007 4934 3061 4984 τί
3089 4932 3452 5005 σκληρότερόν
3475 4936 3521 4965 ⁸⁷
3554 4953 3682 5004 σου;

2107 5024 2357 5095 Ἦμέραν
2378 5024 2434 5077 δὲ
2462 5023 2633 5094 ὀργῆς
2664 5023 2854 5091 εἰπὼν,
2875 5026 3124 5096 ἐπήγαγε
3154 5027 3250 5079 καὶ
3275 5026 3358 5095 τὸ,
3387 5049 3407 5081 ‹
3449 5031 3685 5083 Ἀποκα-

2098 5115 2309 5184 λύψεως
2325 5117 2831 5187 καὶδικαιοκρισίας
2856 5119 2991 5170 θεοῦ
3017 5134 3031 5147 ⁸
3071 5137 3087 5170 ι
3112 5121 3361 5187 εἰκότως,
3385 5122 3469 5174 ἵνα
3495 5123 3570 5194 μὴ
3594 5141 3681 5176 νο-

2101 5209 2235 5281 μίσῃ
2249 5225 2350 5271 τις,
2384 5209 2604 5261 ὃτικατ’
2630 5207 2800 5278 ὀργὴν
2829 5211 2861 5279 ἡ
2901 5210 3102 5282 κρίσις.
3147 5211 3522 5284 Ἀποκάλυψις
3549 5216 3678 5286 γὰρ.

2099 5303 2252 5367 φησὶ,
2271 5298 2481 5366 γίνεται
2505 5299 2743 5352 πάντων.
2767 5300 2932 5354 ’Ὠστε
2958 5303 3076 5355 κατ’
3092 5302 3252 5368 ἀξίαν
3269 5305 3376 5357 τῶν
3407 5307 3682 5359 ἀποκαλυ-

2093 5392 2380 5460 πτομένων
2405 5394 2436 5460 ἠ
2473 5392 2828 5456 ἀνταπόδοσις
2848 5411 2863 5425 ο
2902 5395 2991 5447 διὰ
3014 5397 3170 5449 τοῦτο
3188 5397 3246 5450 δὲ
3269 5401 3362 5451 καὶ⁵
3382 5399 3631 5469 δικαιοκρ
3652 5429 3682 5443 ι-

2093 5486 2204 5538 σία.
2225 5483 2490 5538 Ἐνταῦθα
2514 5487 2615 5556 μὲν
2641 5486 2772 5555 γὰρ,
2797 5486 2930 5538 διότι
2953 5488 3392 5559 συγκρύπτονται
3418 5491 3484 5542 τὰ
3517 5491 3674 5560 ἔργα,

2089 5576 2179 5629 διὰ
2219 5578 2380 5629 τοῦτο
2408 5577 2469 5628 ού
2509 5579 2740 5632 πάντοτε
2771 5578 2830 5632 τὸ
2854 5579 3062 5632 δίκαιον
3103 5584 3297 5651 κρατεῖ
3320 5597 3334 5613 ⁸
3369 5584 3489 5636 ἐκεῖ
3521 5584 3577 5638 δὲ
3606 5585 3674 5652 τῇ

1742 5698 1942 5759 Varia:
1984 5699 2312 5760 lectiones.

468 5838 510 5868 ⁸³
539 5827 584 5886 ὦ
619 5833 873 5905 ἄνθρωπε
897 5852 970 5889 tn.
1051 5833 1096 5865 “
1129 5835 1228 5902 μὲν
1257 5851 1310 5888 o.
1387 5833 1430 5864 ⁸⁵
1459 5833 1700 5902 σωτηρία
1741 5850 1809 5886 m.

1891 5831 1935 5863 ⁶⁶
1985 5830 2262 5896 ἀναιδείας
2302 5848 2354 5889 0.

2436 5833 2477 5863 ⁵⁷
2513 5829 2611 5894 Τίς
2640 5829 3008 5902 σκληρότερός
3042 5846 3095 5886 0.
