4038 6618
329 416 436 483 365

1164 413 1576 482 EXPOSITIO
1615 418 1698 480 ΙΝ
1739 413 1981 480 EPIST.
2026 418 2127 477 AD
2165 417 2348 482 ROM.
2392 447 2450 458 -
2480 415 2640 480 CAP.
2684 418 2764 480 II.

3515 409 3622 480 366

326 526 679 595 ἀποκαλύψει
708 525 902 580 ἕπεται
933 527 967 598 ἡ
993 526 1382 592 δικαιοκρισία.
1411 527 1722 598 Σημείωσαι
1747 527 1804 580 δὲ
1838 526 1936 598 τὴν

2043 537 2148 580 Iern
2175 527 2557 581 re‘velationcm
2585 528 2832 598 sequitur
2866 526 3074 594 justum
3103 524 3387 594 iudicium.
3416 524 3621 582 Obser—

331 619 646 692 περικοπὴν
665 635 892 689 ταυτην,
912 618 1372 691 συμϐαλλομένην
1396 637 1478 672 σοι
1501 622 1578 683 εἰς
1607 619 1688 682 τὺ,
1715 638 1734 670 ι
1765 619 1927 688 Σκληο

329 713 483 784 ρυνῶ
531 712 633 781 τὴν
666 711 902 782 καρδίαν
935 710 1169 780 Φαραώ·
1211 729 1228 760 ι
1267 709 1554 781 μονονουχὶ
1577 709 1688 777 γὰρ
1741 711 1926 762 ἐκεῖνα

326 821 406 858 πα
413 802 684 874 ραφράξει
716 804 743 856 ὁ
775 802 1007 866 Παῦλος.

404 912 424 946 ι
462 896 589 958 Τοῖς
613 895 714 964 μὲν
742 892 868 948 καθ’
896 892 1179 964 ὑπομονὴν
1208 892 1370 965 ἔργον
1397 885 1610 958 ἀγᾜθοῦ
1641 891 1801 956 δόξαν
1834 891 1926 945 καὶ

223 1043 228 1047 _
323 989 498 1058 τιμὴν
526 988 623 1041 καὶ
658 985 974 1058 ἀφθαρσίαν
1019 986 1268 1058 ζητοῦσι,
1310 985 1460 1057 ζωὴν
1490 984 1733 1040 αἰώνιον.
1770 1005 1788 1036 ι
1831 984 1924 1038 Ei.-

327 1079 474 1140 πὼν,
505 1081 591 1133 ὅτι
644 1079 920 1134 ἀποδώσει
950 1081 1166 1150 ἑκάστῳ
1217 1082 1247 1135 ὁ
1288 1080 1516 1151 Κύριος,
1557 1078 1667 1132 ἀπὸ
1688 1079 1787 1150 τῆς
1816 1078 1926 1131 τῶν

321 1174 555 1242 ἀγαθῶν
587 1175 911 1239 ἀντιδόσεως
942 1174 987 1206 ⁸⁸
1010 1174 1240 1246 ἦρξατο,
1278 1173 1610 1245 ἱλαρώτερον
1649 1171 1740 1226 τὸν
1769 1173 1928 1242 λόγον

323 1267 533 1318 ποιῶν·
559 1268 617 1318 ἐν
656 1267 711 1319 δὲ
737 1267 816 1336 τῷ
846 1267 1044 1331 εἰπεῖν,
1078 1286 1095 1318 ι
1128 1267 1255 1328 Τοῖς
1282 1261 1404 1319 καθ’
1451 1263 1730 1336 ὑπομονὴν
1761 1263 1927 1334 ἔργου

322 1359 576 1426 ἀγαθοῦ·
617 1377 635 1410 ι
671 1359 764 1412 δύο
791 1358 964 1413 ταῦτα
990 1359 1174 1429 δηλοῖ·
1203 1358 1261 1410 ἐν
1289 1360 1410 1428 μὲν,
1443 1359 1525 1411 ὅτι
1560 1355 1641 1412 δεῖ
1675 1360 1749 1430 μὴ
1789 1360 1925 1412 ἀνα-

323 1458 579 1516 πίπτειν,
613 1454 753 1525 μηδὲ
789 1454 1078 1525 ῥᾳθυμεῖν,
1107 1453 1226 1506 ἀλλ’
1257 1453 1552 1522 ὑπομένειν
1578 1454 1706 1525 ἄχρι
1739 1454 1927 1516 τέλους

322 1551 392 1602 ὲν
420 1548 499 1619 τῷ
526 1547 710 1618 καλῷ·
744 1548 932 1619 ἕτερον
965 1547 1042 1614 δὲ,
1087 1549 1172 1601 ὅτι
1209 1548 1269 1599 οὐ
1312 1547 1420 1618 χρὴ
1455 1548 1520 1618 τῇ
1578 1546 1759 1601 πίστει
1786 1544 1927 1618 μόνῃ

323 1642 562 1712 Θαρρεῖν
585 1657 599 1672 ’
640 1640 736 1693 καὶ
768 1641 932 1710 έργου
965 1641 1075 1716 γὰρ
1104 1639 1313 1707 ἀγαθοῦ
1355 1639 1538 1711 χρεία.
1589 1639 1927 1710 Ἀφθαρσίαν

323 1736 391 1787 δὲ
420 1734 616 1799 εἰπὼν,
638 1734 736 1797 τὰς
769 1736 900 1805 περὶ
927 1735 1278 1796 ἀναστάσεως
1301 1735 1508 1800 ἀνοίγει
1546 1732 1734 1804 θύρας.
1772 1728 1924 1798 Εἶτα,

327 1832 529 1902 ἐπειδὴ
589 1833 788 1894 πάντες
829 1830 927 1902 μὲν
991 1830 1352 1900 ἀνιστάμεθα,
1411 1831 1470 1883 οὐ
1513 1830 1714 1892 πάντες
1753 1829 1811 1883 δὲ
1834 1829 1927 1882 ἐπὶ

325 1925 453 1986 τοῖς
493 1923 699 1986 αὺτοῖς,
731 1922 847 1976 ἀλλ’
882 1923 931 1976 οί
969 1923 1067 1992 μὲν
1103 1924 1181 1984 εἰς
1202 1921 1382 1986 δόξαν,
1412 1922 1460 1974 οἱ
1496 1922 1552 1976 δὲ
1575 1924 1654 1985 εἰς
1681 1920 1922 1974 κόλασιψ

322 2015 427 2068 διὰ
461 2015 638 2080 τοῦτο,
670 2017 765 2069 κάι
793 2015 954 2080 δόξαν
983 2015 1080 2069 καὶ
1134 2015 1302 2084 τιμὴν
1347 2009 1521 2067 εἶπεν.
1563 2011 1748 2066 Ἔστιν
1775 2009 1868 2066 οὖν
1898 2015 1927 2065 ὁ

329 2108 450 2170 πᾶς
470 2105 625 2173 λόγος
651 2104 894 2167 τοιοῦτος
916 2122 929 2134 ·
968 2104 1027 2158 '0
1060 2103 1212 2168 Θεὸς,
1248 2103 1403 2172 φησὶ,
1431 2104 1544 2164 τοῖς
1570 2101 1668 2171 μὲν
1701 2099 1926 2171 ζητοῦσι

325 2202 440 2270 τὴν
476 2199 776 2271 μέλλουσαν
799 2198 961 2262 δόξαν
993 2199 1090 2252 καὶ
1111 2197 1300 2268 τιμὴν,
1328 2197 1425 2248 καὶ
1455 2198 1539 2249 ἀεὶ
1590 2195 1927 2264 ἐνῖυμουμέ-

327 2307 453 2353 νοις
477 2290 703 2360 ταύτην,
729 2290 811 2342 ἐτι
839 2289 898 2343 δὲ
923 2292 1016 2343 καὶ
1038 2291 1136 2362 τὴν
1163 2289 1497 2361 ἀφθαρσίαν,
1519 2290 1577 2342 ἐν
1600 2292 1665 2360 τῇ
1692 2287 1927 2342 amna.

335 2402 425 2437 σει
447 2385 670 2455 δηλαδὴ,
708 2383 981 2437 ἀποδώσει
1022 2386 1168 2454 ζωὴν
1201 2383 1444 2437 αἰώνιον.
1509 2383 1630 2444 Πῶς
1661 2379 1717 2436 δὲ
1753 2382 1935 2451 ζητεῖ-

332 2493 434 2528 ται
461 2478 494 2546 ἡ
530 2476 796 2546 μέλλουσα
822 2476 974 2542 δόξα,
1004 2479 1096 2528 καὶ
1121 2477 1277 2546 τιμὴ,
1322 2475 1417 2528 καὶ
1440 2473 1722 2544 ἁφθαρσία
1751 2491 1764 2539 ;
1797 2472 1932 2526 Καθ’

336 2567 624 2636 ὖπςμονὴν
656 2567 817 2638 έργου
842 2565 1072 2635 ἀγαθοῦ.
1127 2566 1186 2619 Ὀ
1221 2568 1330 2636 γὰρ
1370 2570 1427 2618 ὲν
1448 2567 1527 2637 τῷ
1569 2567 1758 2637 ἀγαθῴ
1785 2562 1932 2638 ἔργῳ

339 2659 654 2729 ὑπομένων,
685 2662 779 2714 καὶ
813 2659 1047 2731 βεϐαἷως
1069 2661 1360 2730 ἱστάμενος
1399 2659 1534 2730 πρὸς
1562 2660 1784 2714 ἅπαντα
1812 2677 1931 2714 πει-

343 2751 578 2820 ρασμὸν,
612 2747 767 2815 οὗτος
788 2753 882 2804 καὶ
911 2752 1010 2823 τὴν
1036 2752 1194 2816 δόξαν
1229 2751 1326 2804 καὶ
1359 2752 1460 2824 τὴν
1499 2753 1666 2822 τιμὴν
1708 2752 1787 2822 τῷ
1815 2752 1930 2806 ὄντι

340 2845 520 2912 ζητεῖ,
545 2845 639 2896 καί⁵
655 2845 754 2915 τὴν
784 2844 1116 2915 ἀφθαρσίαν,
1149 2845 1318 2914 ἤγουν
1344 2843 1444 2914 τὴν
1476 2845 1534 2896 ἐν
1561 2844 1640 2915 τῷ
1667 2844 1930 2915 ἀφθάρτῳ

340 2936 559 3004 σώματι
588 2937 698 2990 τῶν
725 2938 1022 3008 ἀφθάρτων
1045 2936 1267 3006 ἀγαθῶν
1305 2936 1631 2990 ἀπόλαυσιν.

2035 634 2096 670 νη
2142 619 2317 671 locum
2370 618 2514 672 hunc
2560 619 2814 673 collatum
2860 617 2955 670 isti
3002 633 3017 681 ;
3087 634 3130 689 ι»
3188 615 3455 669 lndnrabo
3527 629 3622 667 cur

2026 706 2330 765 Pharaonis
2367 715 2436 766 κ’.
2477 726 2495 762 ι
2531 707 2730 764 Paulus
2760 709 2904 764 enim
2933 704 3020 763 illa
3053 708 3246 764 iisdem
3289 708 3401 764 fere
3445 707 3623 762 verbis

2029 803 2440 873 interpretatur.

2107 895 2266 951 Vens.
2303 896 2354 951 7.
2399 915 2417 948 ι
2457 897 2528 950 iis
2562 895 2779 967 quidein
2810 898 2900 968 qui
2952 897 3252 952 secundum
3297 895 3618 965 patientiam

2032 990 2158 1045 b0ni
2200 993 2382 1060 operis
2409 987 2634 1059 gloriam
2663 1000 2716 1044 et
2752 989 3011 1045 honorem
3046 1003 3102 1046 et
3153 990 3620 1061 incorruptionem

2028 1093 2303 1152 quierunt,
2354 1083 2519 1136 vitam
2574 1091 2854 1138 (uernant.
2915 1103 2936 1135 ι
2995 1083 3130 1138 Cum
3189 1078 3415 1139 dixisset
3475 1099 3622 1154 quou

2035 1191 2055 1226 ι
2093 1174 2382 1243 unicuique
2420 1175 2679 1229 Dominus
2714 1177 2922 1242 reddet,
2964 1196 2983 1227 ι
3020 1193 3046 1228 a
3087 1176 3351 1231 bonorum
3386 1178 3625 1232 retrihuo

2032 1267 2175 1322 tione
2201 1282 2362 1322 orsus
2386 1277 2487 1332 est,
2509 1266 2892 1337 iucundiorem
2934 1271 3033 1322 hac
3072 1270 3284 1324 ratione
3316 1270 3621 1324 orationem

2033 1360 2286 1415 reddens.
2327 1357 2566 1414 Dicendo
2597 1373 2803 1420 autem,
2857 1378 2876 1412 ι
2926 1361 2994 1415 iis
3027 1361 3267 1430 quidem,
3303 1363 3393 1430 qui
3431 1379 3625 1415 secun—

2031 1455 2156 1508 dum
2190 1452 2510 1523 patientiam
2549 1455 2728 1523 operis
2757 1455 2903 1518 boni,
2946 1472 2964 1505 ι
3001 1453 3109 1509 duo
3143 1453 3249 1509 ista
3297 1453 3623 1508 denuntiat:

2031 1543 2282 1608 alterum,
2325 1545 2468 1614 quod
2504 1559 2608 1598 non
2653 1545 2723 1599 sit
2763 1561 2793 1600 a
2844 1544 2986 1600 bono
3028 1546 3396 1610 recidendum,
3451 1562 3627 1617 neque

2031 1637 2298 1708 ignaviter
2322 1639 2612 1708 agendum,
2652 1652 2835 1692 verum
2882 1638 2932 1691 in
2968 1638 3106 1692 bono
3149 1631 3216 1690 ad
3264 1637 3422 1692 linem
3455 1654 3626 1708 usque

2031 1734 2484 1800 perseVerandum
2515 1748 2530 1798 ;
2593 1731 2845 1797 alterum,
2877 1732 3018 1801 quod
3052 1746 3160 1786 non
3187 1731 3286 1785 soli
3329 1730 3450 1785 iidei
3493 1747 3626 1784 con-

2034 1825 2198 1880 lidere
2235 1835 2483 1895 oporteat
2518 1843 2532 1880 :
2566 1841 2690 1880 nam
2727 1834 2780 1881 et
2813 1840 2979 1896 opere
3009 1827 3148 1880 bono
3182 1838 3315 1896 opus
3353 1835 3458 1880 est.
3490 1825 3624 1880 Cum
3715 1812 3720 1818 ’

2035 1919 2128 1981 ait,
2169 1935 2186 1968 ι
2224 1917 2718 1989 incorruptionem,
2761 1939 2780 1972 ι
2818 1918 3206 1973 resurrectioni
3242 1919 3386 1972 fores
3423 1917 3621 1987 aperit.

2036 2009 2259 2072 Deinde,
2290 2013 2544 2081 quoniam
2568 2013 2748 2067 cuncti
2769 2012 2988 2082 quidem
3012 2012 3367 2080 resurgimus,
3398 2011 3490 2066 Sed
3514 2027 3619 2065 non

2035 2106 2220 2159 cuncti
2243 2105 2309 2158 ad
2332 2107 2542 2171 eadem,
2563 2105 2655 2160 sed
2668 2105 2754 2158 alii
2775 2106 2992 2174 quidem
3017 2104 3083 2157 ad
3115 2105 3364 2172 gloriam,
3387 2104 3477 2158 alii
3497 2120 3628 2157 vero

2036 2199 2104 2252 ad
2124 2198 2474 2267 supplicium:
2503 2200 2620 2252 ideo
2644 2217 2661 2248 ι
2687 2192 2978 2262 Gloriam,»
3000 2195 3174 2265 inquit
3198 2205 3280 2249 «et
3302 2195 3618 2250 honorem.»

2037 2288 2173 2344 'l'ota
2203 2290 2386 2359 itaque
2419 2287 2526 2358 18
2551 2288 2815 2342 sententia
2845 2299 2929 2344 est
2956 2287 3265 2358 huiusmodi
3299 2305 3314 2340 :
3346 2287 3508 2355 Deus,
3542 2291 3624 2342 inc

2032 2379 2168 2449 quit,
2195 2380 2595 2449 inquirentibus
2632 2378 2867 2434 futuram
2899 2379 3127 2451 gloriam
3159 2393 3212 2435 et
3242 2381 3531 2445 honorem,
3560 2397 3624 2436 ac

2032 2486 2308 2542 numquam
2341 2486 2448 2525 non
2487 2472 2579 2526 illa
2614 2471 3000 2541 cogitantibus,
3045 2486 3307 2542 praaterea
3354 2483 3536 2527 autem
3574 2486 3629 2525 et

2031 2560 2516 2627 incorruptionem,
2565 2562 2619 2615 in
2659 2562 3058 2616 resurrectione
3123 2561 3398 2628 videlicet,
3441 2562 3630 2616 reddet

2031 2659 2196 2711 vitam
2235 2665 2521 2711 :eternam.
2558 2654 2631 2709 At
2659 2670 2764 2724 quo
2812 2664 2970 2723 pacto
3003 2657 3266 2725 quaeritur
3297 2658 3478 2710 futura
3508 2656 3626 2726 gloo

2035 2753 2135 2811 ria.
2168 2751 2341 2805 honos
2364 2758 2412 2802 et
2449 2747 2985 2815 incorruptibilitas?
3015 2763 3110 2818 per
3141 2749 3324 2818 aperis
3355 2749 3478 2802 boni
3509 2760 3630 2818 per-

2037 2841 2424 2899 severantiam.
2466 2837 2600 2893 Nam
2657 2840 2710 2893 in
2745 2854 2910 2908 Opere
2960 2854 3316 2909 perseverans
3361 2840 3527 2907 bono,
3565 2854 3630 2893 ac

2039 2935 2267 2990 ﬁrmiter
2300 2932 2561 2987 adrersus
2590 2929 2886 3000 quamlibet
2911 2932 3267 2985 teutationem
3300 2932 3517 2986 consist
3544 2950 3630 2992 ns.

341 3029 394 3084 is
429 3045 547 3084 cum
580 3031 832 3100 gloriam,
900 3040 1012 3084 tum
1056 3031 1314 3085 honorem
1367 3043 1492 3085 vere
1525 3031 1740 3099 qumril,
1785 3040 1840 3085 et
1875 3028 2360 3098 incorruptionem,
2412 3025 2530 3078 sive
2581 3033 2638 3076 ut
2695 3022 3090 3093 incorruptibili
3140 3039 3372 3093 corpore
3438 3029 3618 3081 iucon

345 3125 696 3194 ruptibilihns
735 3125 895 3179 bonis
927 3126 1157 3179 fruatur.

423 3235 442 3266 ι
485 3215 610 3278 Τοῖς
643 3215 700 3269 δὲ
727 3215 786 3280 ἐξ
818 3217 1082 3286 ἐριθείας,
1120 3217 1214 3270 καὶ
1235 3215 1523 3271 ἀπειθοῦσι
1565 3216 1663 3288 μὲν
1693 3220 1758 3288 τῇ
1800 3218 1932 3289 ἀλη-
1955 3223 2001 3284 C

344 3307 492 3376 Otia,
535 3306 882 3377 πειθομένοις
911 3307 966 3360 δὲ
988 3310 1054 3378 τῇ
1105 3309 1314 3380 ἀδικίᾳ,
1375 3308 1566 3378 θυμὸς.
1625 3311 1720 3363 καὶ
1766 3307 1926 3380 ὁρτὴν

347 3396 443 3448 καὶ
484 3395 680 3465 θλῖψις,
730 3397 827 3449 καὶ⁵
863 3401 1200 3470 στενοχωρία
1255 3401 1346 3451 ἐπὶ
1385 3401 1566 3453 πᾶσαν
1616 3399 1794 3470 ψυχὴν
1832 3403 1931 3453 ἀνι

346 3487 569 3559 θρώπου
601 3486 697 3539 τοῦ
725 3489 1203 3560 κατεργαζομένου
1233 3490 1294 3543 τὸ
1345 3491 1533 3556 κακὸν,
1582 3491 1839 3544 Ἰουδαίου
1871 3507 1932 3545 τε

353 3581 595 3653 πρῶτον,
625 3581 722 3633 καὶ
743 3581 1028 3652 Ἕλληνος.
1077 3599 1095 3632 ι
1140 3583 1381 3653 Ἐριθεία
1398 3583 1613 3652 λέγεται
1650 3587 1684 3656 η
1710 3584 1934 3653 φιλονει-

348 3675 465 3739 κία,
494 3675 589 3726 καὶ
621 3677 651 3743 ἡ
679 3675 872 3741 ἄλογος
910 3676 1184 3740 ἔνστασις.
1210 3697 1227 3727 ι
1257 3679 1381 3740 Τοῖς
1410 3675 1504 3731 οῦν
1535 3676 1594 3743 ἐξ
1620 3679 1880 3747 ἐριθείας,
1908 3698 1927 3732 ι

349 3765 504 3833 φησι,
527 3765 800 3829 τουτέστι,
823 3767 932 3826 eoi,-
962 3766 1275 3835 ἐριστικοῖς.
1313 3768 1563 3821 Δείκνυσι
1587 3769 1644 3820 δὲ
1675 3769 1932 3832 ἐνταῦθα,

347 3854 452 3906 οὐκ
480 3855 591 3906 ἀπὸ
612 3857 858 3922 ἀγνοίας,
892 3853 1006 3908 ἀλλ’
1031 3857 1138 3909 ἀπὸ
1171 3859 1507 3926 φιλονεικίας
1543 3861 1812 3930 πονηροὺς
1846 3877 1934 3927 γι-

349 3945 610 4012 νομένους
635 3961 648 3975 ·
681 3945 805 3997 ὅθεν
840 3949 933 3998 καὶ
965 3947 1366 4016 ἁσύγγνωστοι.
1433 3950 1598 4003 Ἀλλά
1630 3952 1811 4005 καὶτὸ
1841 3952 1934 4004 εὑ·-

356 4037 562 4090 πειθεῖν
584 4040 628 4070 ιο
655 4040 757 4107 μὲν
775 4045 844 4110 τῇ
878 4040 1089 4112 ἀδικίᾳ,
1151 4043 1226 4114 μὴ
1254 4044 1541 4098 πείθεσθαι
1575 4044 1628 4097 δὲ
1681 4047 1748 4116 τῇ
1805 4044 1938 4114 ἀλη-

353 4131 490 4203 θείᾳ,
541 4133 917 4202 προαιρέσεώς
973 4137 1122 4188 ἐστιν
1149 4137 1478 4209 ἁμάρτημα.
1535 4139 1610 4191 Οὐ
1641 4139 1751 4210 γὰρ
1787 4135 1934 4208 εἷπε,

356 4223 727 4295 Βιαζομένοις,
764 4229 1240 4297 τυραννουμένοις,
1268 4229 1424 4296 ἀλλὰ,
1466 4247 1484 4282 ι
1507 4232 1877 4303 Πειθομένοις.
1912 4250 1930 4283 ι

353 4316 495 4388 ’θρα
521 4320 579 4370 δὲ
645 4319 762 4380 πῶ;
798 4321 897 4391 τὴν
949 4322 1048 4391 μὲν
1081 4321 1226 4394 ζωὴν
1269 4324 1369 4394 τὴν
1401 4324 1641 4392 αἰώνιον,
1684 4326 1775 4379 τὸν
1803 4326 1938 4379 Θεὸν

350 4408 502 4463 εἶπεν
533 4412 836 4464 ἀποδώσειν
855 4428 871 4444 ο
899 4415 967 4468 τὰ
998 4414 1054 4467 δὲ
1083 4415 1404 4486 σκυθρωπὰ,
1424 4419 1633 4472 οὐκέτι.
1658 4439 1678 4470 ι
1703 4418 1885 4489 Θυμὸς
1911 4435 1929 4470 ι

353 4502 478 4572 γὰρ,
504 4505 662 4573 φησὶ,
710 4523 730 4555 ι
768 4506 862 4558 καὶ
881 4505 1046 4576 ὀργὴ,
1081 4509 1174 4560 καὶ
1210 4507 1424 4578 θλίψις·
1463 4528 1482 4560 ι
1518 4511 1620 4562 οὐκ
1643 4505 1816 4576 εἶπεν,
1851 4511 1934 4564 ὅτι

2109 3215 2271 3271 Vsus.
2301 3214 2423 3269 8-9.
2495 3211 2596 3270 «lis
2621 3218 2802 3267 autem
2833 3211 2924 3282 qui
2959 3221 3084 3268 sunt
3115 3227 3180 3268 ex
3203 3213 3547 3270 comentione
3580 3224 3634 3266 t-l

2035 3308 2127 3378 qui
2157 3321 2263 3363 non
2290 3306 2640 3376 acquiescant
2672 3305 2907 3368 veritati,
2941 3307 3177 3361 credunt
3205 3318 3392 3362 autem
3425 3308 3633 3378 ίιιῑῳι.-

2037 3402 2163 3468 tati,
2217 3401 2296 3454 ira
2337 3411 2392 3454 et
2446 3397 2768 3468 indignatio,
2838 3397 3117 3453 tribulat'o
3167 3409 3221 3454 et
3277 3400 3526 3470 angustia
3579 3401 3632 3452 in

2037 3507 2254 3550 urunem
2304 3494 2542 3548 animam
2589 3492 2828 3548 hominis
2861 3493 3142 3563 operantis
3188 3492 3425 3556 malum;
3460 3489 3631 3547 Jnda-i

2035 3591 2269 3660 primum
2301 3597 2356 3642 et
2395 3585 2588 3641 Grazci.
2624 3605 2642 3638 ι
2693 3585 2959 3656 Ἐριθεία,
2998 3586 3049 3638 id
3083 3596 3166 3640 est
3213 3603 3233 3636 ι
3271 3587 3572 3652 contentio,
3607 3605 3627 3637 ι

2036 3694 2189 3736 amor
2220 3690 2302 3736 est
2333 3681 2509 3734 litium
2540 3689 2595 3734 et
2643 3677 2976 3732 irrationalis
3016 3677 3260 3747 quaedam
3311 3677 3632 3745 pertinacia.

2043 3793 2060 3825 ι
2096 3773 2166 3828 iis
2199 3773 2362 3843 igitur
2394 3771 2482 3841 qui
2513 3781 2641 3826 sunt
2667 3785 2734 3824 ex
2761 3769 3134 3833 contentione,
3163 3787 3184 3820 ι
3218 3769 3414 3839 inquit,
3445 3769 3496 3822 id
3524 3781 3630 3834 est,

2036 3866 2414 3921 eontentiosis.
2467 3864 2671 3918 Iudicat
2701 3873 2879 3917 autem
2924 3862 3011 3917 hic
3039 3877 3148 3916 non
3189 3877 3254 3916 ex
3300 3864 3630 3932 ignorantia,

2036 3960 2132 4014 sed
2166 3972 2196 4013 e
2220 3957 2400 4012 studio
2437 3956 2651 4010 rixaudi
2698 3967 2897 4024 pravos
2931 3952 3142 4008 factos:
3177 3957 3320 4008 unde
3339 3953 3483 4008 haud
3508 3961 3637 4010 sunt

2039 4052 2196 4106 venia
2248 4048 2415 4119 digni.
2458 4047 2752 4111 Praeterea,
2797 4045 3022 4100 obedire
3069 4046 3286 4116 quidem
3329 4045 3632 4116 iniustitiae,

2041 4155 2138 4195 nec
2185 4140 2409 4195 obedire
2462 4137 2700 4204 veritati,
2748 4137 3014 4206 prepositi
3066 4152 3162 4193 seu
3211 4137 3494 4192 electionis
3550 4145 3635 4193 est

2041 4241 2342 4301 peccatum.
2359 4227 2477 4284 Non
2502 4233 2646 4285 enim
2676 4228 2832 4296 dixit,
2857 4227 2922 4282 Vi
2941 4228 3217 4297 oppressis
3242 4229 3323 4282 vel
3349 4229 3634 4297 tyrannide

2039 4324 2296 4393 gravatis,
2338 4337 2526 4377 verum
2569 4338 2589 4372 ι
2628 4319 3042 4380 Ohedientibus.
3101 4343 3120 4373 ι
3174 4319 3416 4375 Observa
3452 4333 3632 4375 autem

2039 4417 2310 4486 quomodo
2340 4415 2504 4469 vitam
2532 4421 2790 4466 aeternam
2821 4412 2987 4465 Deum
3022 4413 3222 4466 dixerit
3252 4411 3590 4466 redditurum
3615 4427 3632 4471 :

2042 4508 2216 4562 tristia
2249 4522 2376 4562 vero
2408 4521 2512 4560 non
2538 4505 2691 4558 item.
2733 4522 2751 4556 ι
2791 4504 3089 4574 Indignatio
3121 4523 3140 4555 ι
3173 4505 3341 4568 enim,
3369 4505 3466 4568 ait,
3505 4524 3524 4558 ι
3556 4507 3635 4558 ira

365 4595 791 4666 ’Δποδοθησεται
821 4599 972 4668 παρά
1000 4600 1157 4666 Θεοῦ,
1184 4600 1300 4652 ἀλλ’
1330 4603 1515 4655 εἴασεν
1544 4603 1719 4666 οὕτως
1736 4603 1937 4657 ἀπολε-

2044 4615 2097 4656 et
2127 4600 2380 4655 aﬂlictio:
2420 4619 2438 4651 ο
2493 4613 2599 4653 non
2645 4596 2851 4665 adjicit,
2895 4600 3038 4667 quod
3072 4615 3101 4652 ιι
3165 4597 3274 4654 Deo
3316 4597 3633 4661 reddentur,

353 4686 608 4755 λυμένον,
671 4686 814 4739 ὥστε
885 4691 1125 4742 νοεῖσθαι
1147 4691 1191 4722 ⁷⁰
1229 4693 1311 4756 τὸ,
1353 4693 1527 4748 ἔσται.
1564 4695 1637 4748 Τὸ
1688 4696 1788 4766 μὲν
1832 4696 1942 4766 γὰρ

354 4778 660 4843 ζωοποιεῖν,
698 4779 830 4831 ίδιον
856 4779 992 4833 Θεοῦ
1011 4797 1024 4811 ·
1065 4782 1098 4850 ἡ
1127 4781 1183 4833 δὲ
1211 4781 1453 4847 κόλασις,
1479 4785 1587 4837 ἀπὸ
1613 4785 1710 4854 τῆς
1737 4787 1938 4856 ἡμετέι

355 4887 452 4937 ρας
477 4871 752 4940 ῥᾳθυμίας
779 4873 910 4942 ἡμῖν
929 4872 1128 4926 ἔπεισι.
1164 4874 1350 4926 Πᾶσαν
1370 4874 1426 4927 δὲ
1453 4876 1632 4949 ψυχὴν
1647 4878 1936 4947 ἀνθρώπου

354 4964 542 5024 εἰπὼν,
575 4963 854 5016 συστέλλει
889 4967 981 5018 τὸν
1009 4966 1178 5035 τῦφον
1205 4967 1315 5021 τῶν
1348 4968 1658 5038 Ῥωμαίων.
1688 4969 1805 5022 Κᾶν
1832 4971 1939 5040 γὰρ

358 5057 610 5124 ρασιλεὺς
690 5077 797 5124 τις,
823 5060 884 5112 οὐ
911 5060 1167 5129 φεύξεται
1199 5060 1298 5132 τὴν
1318 5061 1497 5132 δίκην,
1513 5061 1576 5114 τὸ
1605 5063 1775 5116 κακὸν
1807 5079 1938 5116 κατ-

253 5191 266 5202 .
357 5147 748 5219 εργαζὸμενος,
777 5153 1055 5203 τουτέστιν
1081 5152 1379 5221 ἐπιμένων,
1409 5151 1504 5204 καὶ
1529 5151 1605 5222 μὴ
1638 5153 1935 5221 μετανοῶν.

356 5241 429 5292 Ub
460 5242 570 5311 γὰρ
600 5236 778 5306 εἶπεν,
821 5241 1248 5312 Ἐργαζόμενος,
1274 5243 1411 5296 ἀλλά
1459 5263 1478 5295 ι
1517 5244 1941 5314 Κατεργαξόμε-

363 5351 468 5398 νος,
505 5353 526 5384 ι
559 5336 730 5403 ῆγουν
773 5334 1006 5405 μελέτην
1031 5335 1353 5405 ποιούμενος
1383 5337 1459 5403 ἱτὸ
1499 5336 1689 5388 κακόν.
1716 5335 1939 5407 Ἐπειδὴ

357 5428 409 5479 δὲ
435 5429 462 5478 ὀ
497 5429 749 5491 Ἰουδαῖος
793 5429 1039 5492 πλείονος
1095 5429 1372 5482 ἀπέλαυσε
1425 5429 1525 5498 τῆς
1565 5428 1936 5492 διδασκαλίας,

361 5525 601 5591 μείζονος
629 5527 722 5576 καὶ
752 5524 1022 5594 τιμωρίας
1050 5523 1202 5586 ἄξιος
1229 5525 1296 5576 ἂν
1325 5523 1435 5593 εἴη.
1467 5542 1484 5573 ι
1523 5523 1752 5575 Δυνατοὶ
1774 5541 1791 5570 ι
1827 5523 1936 5592 γὰρ

430 5647 476 5681 ι·
505 5641 676 5695 Exod.
708 5637 888 5704 tv,2|.

2040 4692 2137 4748 sed
2195 4693 2269 4746 ita
2325 4691 2541 4760 reliquit
2605 4689 2936 4753 absolutum,
3009 4701 3068 4742 ut
3114 4689 3632 4760 subintelligeretnr.

2047 4786 2173 4842 erit.
2224 4784 2360 4838 Nam
2409 4784 2682 4838 viviilcare
2714 4782 2995 4852 proprium
3027 4791 3114 4836 est
3146 4783 3238 4837 Dei
3270 4802 3284 4837 :
3321 4797 3481 4854 pinna
3509 4801 3635 4838 vero

2049 4898 2078 4934 a
2118 4890 2302 4935 nostra
2358 4879 2606 4935 socordia
2658 4877 2878 4932 accidit.
2927 4877 3061 4931 Cum
3111 4888 3291 4933 autem
3348 4897 3367 4930 ι
3417 4894 3632 4933 omnem

2049 4973 2284 5028 animam
2322 4969 2560 5025 hominis
2605 4988 2625 5020 ι
2673 4969 2769 5036 ait,
2816 4969 3088 5024 contrahit
3125 4979 3180 5024 et
3229 4966 3501 5024 imminuit
3553 4971 3634 5022 fa-

2045 5072 2189 5119 stum
2212 5059 2846 5117 Romanorum.Etiamsi
2875 5061 3020 5116 enim
3047 5062 3344 5131 imperator
3364 5060 3632 5131 quispiam

2049 5157 2232 5222 fuerit,
2264 5171 2372 5210 non
2402 5157 2594 5209 evadet
2622 5153 2912 5224 judicium,
2951 5155 2994 5209 si
3033 5155 3232 5208 malum
3265 5166 3545 5223 operatur,
3581 5154 3634 5209 id

2044 5259 2148 5313 est,
2183 5247 2226 5303 si
2263 5256 2578 5316 perseverat
2610 5248 2662 5300 in
2709 5246 2873 5311 malo,
2912 5258 2968 5301 et
3009 5263 3114 5300 non
3165 5245 3472 5316 resipiscat.
3513 5245 3631 5302 Non

2041 5346 2186 5396 enim
2219 5340 2375 5401 dixit,
2418 5337 2810 5408 ἐργαζόμενος,
2847 5339 2898 5392 id
2928 5348 3032 5402 est,
3066 5348 3341 5407 operatus,
3375 5340 3468 5394 sed
3519 5341 3634 5394 Ka-

2041 5429 2466 5500 τεργαζόμενος,
2509 5430 2609 5482 hoc
2634 5439 2739 5494 est,
2776 5439 3191 5498 perseveranter
3212 5445 3470 5496 operans,
3520 5436 3634 5485 sive

2042 5522 2364 5576 exercitium
2410 5519 2618 5576 iaciens
2663 5535 2728 5575 ex
2779 5520 2940 5574 tualo.
2975 5521 3240 5585 Quoniam
3291 5536 3420 5576 vero
3464 5522 3635 5580 Judaei

1697 5757 1900 5818 Varia)
1936 5756 2276 5821 lectiones.

424 5923 468 5956 ⁸³
495 5921 977 5990 ἀνταποδὸςεωςήο.
1054 5922 1096 5952 ⁶⁹
1132 5921 1379 5974 ἁπτιθεῖν
1409 5920 1507 5992 μὲν
1630 5919 1877 5992 ἀληθείᾳ,
1915 5919 2271 5974 πείθεσθαιδὲ
2299 5922 2361 5991 τῇ
2396 5918 2578 5990 ἀδικίᾳ
2612 5934 2662 5974 o.
2741 5920 2786 5950 7°
2812 5922 3012 5972 νοεῖται
3044 5937 3096 5976 o.
