4038 6594
272 490 386 554 3ΰ9
1138 498 1547 562 EXPOSITIO
1592 498 1668 558 1N
1709 499 1945 558 EPIST.
1978 498 2077 557 AD
2118 498 2301 559 ROM.
2345 525 2413 534 -
2442 500 2600 561 CAP.
2646 500 2727 562 ΙΙ.
3444 499 3557 561 370

273 609 382 678 τὴν
441 606 536 660 τοῦ
567 608 731 679 νόμου
786 609 987 679 ἀργίαν
1013 628 1025 641 ·
1084 613 1217 666 ὅπου
1250 631 1333 682 γε,
1372 614 1461 667 ὅτε
1513 614 1664 683 ἤνθει
1697 611 1766 665 τὰ
1792 612 1880 678 σὰ,

1998 612 2151 667 rebus
2195 626 2226 666 a
2276 610 2481 677 Juda~o,
2515 611 2648 666 nihil
2678 609 2927 680 prohibet
2975 608 3264 680 quominus
3307 622 3558 677 perasque

279 700 533 769 ίσότιμός
562 718 644 755 σοι
671 696 739 773 ἦν
760 705 787 757 ό
821 704 1047 778 Ἕλλην,
1083 706 1145 760 τὸ
1182 706 1387 777 ἀγαθὸν
1418 705 1609 761 ποιῶν.

1900 752 1903 753 ν
1990 706 2312 761 honoretur.
2344 703 2576 760 Proinde
2608 719 2674 759 ue
2692 702 2964 774 glorieris,
2995 701 3198 767 Iudaee,
3222 710 3411 757 contra
3434 714 3557 754 eum

272 791 377 860 qui
412 800 497 847 est
527 808 591 847 ex
626 790 915 864 gentibus,
959 805 1079 867 post
1110 796 1244 870 legis
1285 800 1717 870 abrogatiouem,
1752 798 1864 865 ubi,
1907 798 2121 869 quando
2149 808 2238 853 tua
2268 796 2554 862 ﬂorebant,
2601 797 2805 852 honore
2870 795 2961 850 tibi
2998 810 3096 866 par
3132 804 3272 875 erat
3314 792 3565 853 Grarcus.

277 883 482 938 bunum
519 883 744 941 faciens.
791 886 797 901 ’

359 997 379 1029 ι
419 977 578 1032 Ὀσοι
625 980 736 1053 γὰρ
766 983 983 1054 ἀνόμως
1036 986 1307 1057 ἥμαρτον,
1341 990 1557 1061 ἀνόμως
1605 992 1699 1045 καὶ
1733 992 1868 1045 ἁποο

276 1067 541 1124 λοῦνταν
571 1073 665 1125 καὶ
707 1073 822 1128 ὅσοι
864 1075 1107 1148 ἐννόμως
1162 1078 1208 1110 ⁷⁸
1249 1082 1519 1152 ἥμαρτον,
1580 1084 1668 1136 διὰ
1699 1084 1869 1153 νόμου

278 1158 665 1232 κριθήσονται.
702 1164 778 1219 Οὐ
817 1165 927 1239 γὰρ
982 1169 1031 1220 οί
1065 1170 1328 1241 ἀκροαταὶ
1363 1172 1457 1225 τοῦ
1482 1174 1645 1243 νόμου
1669 1174 1870 1229 δίκαιοι

280 1250 442 1321 παρὰ
467 1253 546 1324 τῷ
573 1254 716 1326 Θεῷ,
756 1255 873 1311 ἀλλ’
906 1259 955 1312 οἱ
995 1262 1216 1332 ποιηταὶ
1248 1263 1340 1317 τοῦ
1375 1265 1542 1337 νόμου
1577 1264 1870 1338 δικαιωθή-

286 1360 497 1400 σονται.
548 1365 566 1396 ι
620 1347 862 1417 Ἐδειξεν
913 1352 1048 1416 ἄνω,
1091 1352 1174 1409 δτι
1231 1358 1459 1426 τιμᾶται
1482 1360 1575 1412 καὶ
1605 1363 1632 1414 ὁ
1668 1361 1870 1433 Ἕλλην

285 1439 488 1508 ἐπίσης
509 1438 586 1510 τῷ
627 1442 900 1515 Ἰουδαίῳ⁹
944 1443 1039 1499 νῦν
1061 1446 1351 1514 δείκνυσιν,
1376 1450 1457 1505 ὃτι
1478 1454 1536 1506 ἐν
1565 1455 1630 1524 τῇ
1655 1453 1874 1509 κολάσει

287 1530 572 1605 βαρυτέρα
606 1535 640 1606 ή
679 1537 1007 1608 κατάκρισις
1054 1541 1100 1574 ⁷³
1125 1542 1203 1613 τῷ
1239 1543 1498 1614 Ἰουδαίῳ,
1542 1548 1604 1599 0i
1638 1546 1735 1617 μὲν
1765 1549 1874 1618 γὰρ

286 1620 576 1692 Ἕλληνες,
613 1626 802 1695 φησὶν,
836 1627 1054 1697 ἀνόμως
1088 1631 1356 1702 ἥμαρτον,
1399 1637 1669 1703 τουτέστι,
1706 1640 1876 1708 χωρὶς

286 1711 393 1780 τῆς
444 1714 554 1767 ἀπὸ
586 1715 683 1769 τοῦ
722 1718 891 1788 νόμου
946 1725 1343 1796 κατηχήσεως’
1390 1726 1471 1781 διὸ
1511 1730 1605 1783 καὶ
1658 1730 1877 1800 ἀνόμως

292 1805 647 1875 ἀπολοῦνται,
666 1812 934 1879 τουτέστι,
955 1816 1381 1889 κολασθήσονται
1396 1821 1663 1893 ὲλαφρότε
1671 1841 1784 1895 ρον,
1803 1824 1880 1897 μὴ

1990 968 1997 973 ’
2051 982 2214 1037 Vsus.
2243 981 2328 1048 12,
2363 980 2449 1037 l3.
2483 997 2502 1031 ι
2538 952 2858 1048 Quicunque
2882 975 3025 1031 enim
3072 976 3190 1031 sine
3222 975 3336 1053 lege
3366 992 3527 1046 pecco
3548 1008 3561 1014 —
3581 965 3600 982 “

1980 1082 2196 1137 verunt,
2225 1071 2343 1127 sine
2384 1070 2499 1141 lege
2526 1080 2580 1123 et
2607 1070 2858 1140 peribunt
2887 1086 2901 1121 :
2931 1076 2986 1124 et
3015 1067 3325 1137 quicunque
3359 1068 3410 1122 iu
3446 1069 3562 1135 lege

1979 1173 2360 1238 peccaverunt,
2413 1179 2506 1233 per
2558 1163 2730 1231 legem
2779 1160 3192 1233 judicabuutur.
3244 1158 3360 1213 Non
3416 1160 3559 1214 enim

1981 1260 2258 1315 auditores
2306 1258 2435 1328 legis
2458 1257 2592 1328 justi
2628 1265 2751 1311 sunt
2783 1256 2923 1325 apud
2967 1254 3158 1318 Deum,
3199 1252 3292 1308 sed
3332 1252 3564 1308 fartores

1982 1350 2602 1424 legisjustilicabuntur.
2647 1368 2665 1401 ι
2703 1345 2967 1403 iudicavit
3005 1359 3194 1415 supra,
3229 1340 3373 1412 quod
3411 1341 3566 1396 Cra:-

1983 1457 2079 1498 cus
2103 1442 2293 1495 eodem
2317 1456 2436 1494 cum
2460 1438 2646 1496 Iudaeo
2670 1438 2875 1494 bouore
2903 1436 3132 1492 allicitur
3161 1454 3174 1492 :
3216 1449 3361 1490 nunc
3383 1444 3570 1489 osten-

1985 1536 2062 1591 d't
2093 1534 2234 1605 quod
2276 1533 2524 1605 supplicii
2556 1541 2799 1602 tempore
2825 1531 3042 1602 gravior
3068 1528 3255 1586 Judan
3288 1528 3467 1583 futura
3500 1527 3571 1582 sit

1985 1626 2384 1682 condemnatio.
2429 1625 2604 1681 Graeci
2645 1624 2817 1689 enim,
2850 1622 3047 1692 inquit,"
3082 1642 3101 1675 ‹
3137 1624 3255 1678 sine
3296 1621 3412 1691 lege
3442 1635 3571 1691 pec-

1987 1729 2271 1785 caverunt,
2311 1736 2330 1772 ι
2367 1720 2467 1773 boc
2499 1727 2604 1782 est,
2649 1717 2769 1771 siue
2805 1730 2868 1771 ea
2900 1731 3018 1786 quae
3048 1732 3144 1786 per
3178 1715 3347 1786 legem
3375 1725 3457 1775 est
3488 1714 3572 1768 iu-

1988 1810 2325 1867 struetione:
2372 1818 2652 1881 propterea
2691 1828 2710 1862 ι
2761 1818 2817 1864 et
2848 1808 2965 1864 sine
3007 1807 3124 1879 lege
3168 1800 3425 1878 peribunt
3456 1826 3475 1860 ι
3518 1808 3569 1861 id

289 1896 511 1966 ἔχοντες
527 1900 618 1954 τὸν
642 1902 804 1972 νόμον
822 1908 1235 1979 κατηγοροῦντα
1257 1929 1269 1942 ·
1287 1910 1349 1965 τὸ
1366 1912 1525 1987 γὰρ,‹
1564 1913 1829 1984 ’Δνόμως,
1858 1896 1876 1969 ι

1998 1896 2090 1967 εει,
2124 1901 2413 1971 punientur
2442 1901 2633 1968 levius,
2668 1911 2727 1957 ut
2763 1905 2852 1971 qui
2883 1903 3055 1971 legem
3089 1912 3434 1958 accusantem
3467 1916 3570 1955 non

288 1993 466 2062 χωρὶς
503 1994 600 2064 τῆς
634 1996 845 2051 ἐκείνου
877 2003 1275 2074 κατακρίσεως,
1334 1993 1503 2063 ἔστιν.
1557 2009 1615 2061 Ὀ
1654 2009 1710 2062 δὲ
1751 2008 1879 2062 Ἰου-

289 2082 446 2173 δαῖος
492 2088 735 2158 ἐννόμως
765 2088 1045 2165 ἥμαρτενο
1081 2097 1109 2149 ὅ
1136 2097 1273 2160 ἐστι,
1317 2099 1457 2169 μετὰ
1494 2104 1593 2173 τῆς
1625 2104 1736 2156 ἀπὸ
1785 2103 1878 2157 τοῦ

295 2170 466 2266 νόμου
488 2174 538 2266 ’ξ
583 2183 975 2251 κατηχήσεως·
1020 2183 1100 2238 διὸ
1137 2188 1227 2240 καὶ
1263 2190 1502 2261 ἐννόμως
1534 2170 1878 2266 κριθήσεται,

298 2262 571 2361 ἀντὶ-τοῦ,
620 2273 1110 2346 κατακριθήσεται,
1169 2280 1261 2334 τοῦ
1294 2282 1460 2355 νόμου
1506 2262 1882 2361 σφοδροτέροις

298 2356 453 2451 hinc}
511 2359 863 2434 ἐπικειμένου
913 2368 1005 2421 καὶ
1051 2374 1505 2446 κατηγοροῦντος,
1540 2356 1884 2451 καὶήμείξονα

299 2448 403 2515 τὴν
449 2453 751 2526 καταδίκην
781 2458 1082 2527 ποιοῦντος.
1118 2465 1242 2529 Πῶς
1290 2463 1382 2521 οῦν
1419 2468 1619 2538 λέγεις,
1648 2466 1694 2526 ὦ
1752 2474 1886 2527 Ἰου-

301 2542 442 2609 δαῖε,
477 2545 559 2601 ὅτι
589 2549 665 2602 Οὔ
693 2550 884 2621 δέομαι
934 2555 1030 2624 τῆς
1081 2557 1325 2627 χάριτος,
1359 2557 1447 2614 οἷα
1482 2564 1545 2616 ἐκ
1575 2564 1669 2618 τοῦ
1719 2566 1885 2638 νόμου

302 2635 725 2710 δικαιούμενος;
769 2646 894 2700 Ἰδοὺ
932 2648 1041 2720 γὰρ
1069 2651 1315 2723 scazon,-
1348 2654 1452 2707 ὑπὸ
1470 2655 1562 2710 τοῦ
1585 2658 1751 2730 νόμου
1784 2635 1889 2731 μη-

304 2730 826 2824 δὲνλώφελοόμενος.
879 2742 1043 2797 Ὥστε
1100 2745 1200 2815 τῆς
1236 2751 1329 2800 τοῦ
1382 2749 1621 2819 Χριστοῦ
1669 2730 1888 2824 χάριτος

306 2822 532 2917 ζρῄξεις
563 2829 767 2898 μᾶλλον
786 2830 872 2903 ne
899 2834 1126 2907 Ἕλλην,
1158 2832 1245 2892 οἷα
1288 2840 1365 2911 μή
1396 2822 1712 2910 δικαιωθείς
1738 2822 1892 2917 αταρὰ

305 2914 429 2988 Θεῷ
450 2919 515 2971 ὲκ
547 2920 715 2993 μόνης
739 2924 838 2995 τῆς
876 2927 969 2980 τοῦ
1016 2929 1181 3000 νόμου
1212 2931 1549 3004 ἀκροάσεως.
1588 2936 1748 3008 Παρά
1790 2914 1893 3008 μὲν

306 3009 420 3081 γὰρ
444 3011 777 3083 ἀνθρώποις,
803 3018 851 3070 οξ
875 3018 1140 3092 ἀκροαταὶ
1190 3023 1286 3078 τοῦ
1328 3028 1518 3096 νόμου,
1576 3029 1767 3100 σεμνοὶ
1803 3031 1897 3085 δύ-

308 3112 504 3158 νανται
526 3107 849 3175 φαίνεσθαι·
893 3114 1043 3186 παρὰ
1074 3115 1129 3171 δὲ
1169 3116 1309 3186 Θεῷ,
1351 3122 1449 3192 οὐχ
1472 3120 1644 3187 οῦτως
1666 3139 1679 3155 ·
1707 3122 1822 3179 ἀλλ’
1844 3126 1895 3179 oi

308 3198 537 3266 ποιηταὶ
564 3199 659 3253 τοῦ
689 3203 856 3272 νόμου
885 3204 1241 3263 δικαιοῦνται.

1981 1996 2267 2050 habuerint
2305 2012 2466 2052 :nam
2505 2014 2523 2047 ι
2567 1995 2686 2050 sine
2725 1995 2863 2066 lege,
2917 2014 2935 2047 ι
2972 2005 3076 2061 εει,
3117 1995 3253 2049 citra
3291 1994 3433 2049 illius
3464 1994 3573 2063 20

1983 2089 2513 2144 condemnationem.
2534 2085 2752 2144 Iudaeus
2784 2099 2960 2143 autem
2992 2107 3012 2141 (
3039 2088 3094 2142 in
3116 2088 3232 2158 lege
3255 2106 3274 2140 ι
3306 2087 3572 2157 peccavit,

1983 2185 2085 2240 hoc
2114 2195 2219 2249 est,
2253 2200 2378 2240 cum
2430 2184 2771 2241 institutione
2800 2199 2919 2255 qua:
2949 2192 3033 2240 est
3069 2199 3137 2239 ex
3172 2184 3331 2256 lege:
3371 2183 3492 2239 ideo
3519 2190 3576 2237 et

1986 2278 2041 2332 in
2075 2276 2191 2348 lege
2234 2277 2593 2348 jndicahitur,
2663 2277 2714 2331 id
2772 2286 2876 2341 est,
2908 2276 3398 2342 condemnabimr,
3460 2277 3577 2348 lege

1987 2371 2361 2427 vehementius
2414 2370 2514 2441 ipsi
2566 2371 2910 2425 incumbente
2953 2380 3008 2424 et
3048 2377 3363 2430 accusante,
3403 2369 3575 2438 majo-

1989 2478 2213 2533 remque
2246 2462 2755 2518 condemnationem
2798 2458 3054 2517 faciente.
3085 2460 3370 2528 Quomodo
3412 2460 3577 2529 igitur

1989 2550 2163 2622 dicis,
2202 2553 2406 2620 Iudaee,
2438 2554 2627 2611 Gratia
2661 2570 2759 2625 ego
2795 2569 2902 2610 non
2956 2554 3191 2625 indigeo,
3229 2552 3433 2624 quippe
3481 2552 3574 2622 qui

1989 2661 2057 2701 ex
2090 2645 2205 2716 lege
2220 2644 2531 2716 justiﬁcer?
2560 2643 2697 2700 Ecce
2736 2646 2878 2700 enim
2925 2644 3353 2699 demonstratum
3384 2650 3488 2710 εει,
3524 2651 3578 2698 ιε

1991 2754 2020 2791 a
2059 2737 2175 2810 lege
2214 2737 2348 2793 ttihil
2395 2737 2636 2806 adjutqu
2677 2737 2842 2792 fuisse
2885 2754 2901 2793 :
2941 2737 3122 2806 itaque
3157 2734 3359 2790 Cbristi
3406 2734 3585 2805 gratia,

1994 2831 2167 2900 magis
2206 2830 2414 2902 indiges
2460 2846 2621 2902 quam
2662 2831 2909 2895 Graecus,
2965 2844 3066 2886 ceu
3119 2829 3581 2900 uoujustilicatus

1995 2924 2134 2994 apud
2172 2923 2340 2978 Deum
2372 2939 2438 2979 ex
2471 2925 2588 2983 sola
2630 2923 2765 2990 legis
2794 2923 3093 2979 auditione.
3129 2920 3264 2978 Nam
3304 2922 3444 2994 apud
3478 2923 3579 2977 ho-

1998 3016 2194 3084 mines,
2231 3015 2508 3071 auditores
2551 3016 2681 3083 legis
2732 3026 2786 3070 et
2835 3030 3029 3086 graves
3076 3015 3151 3084 (et
3199 3016 3355 3086 justi)
3407 3015 3580 3070 videri

1998 3120 2249 3179 queunt:
2304 3109 2447 3180 apud
2488 3110 2653 3163 Deum
2691 3122 2794 3164 non
2843 3109 2997 3175 item,
3045 3109 3142 3165 sed
3188 3107 3425 3164 factores
3452 3104 3584 3178 legis

1995 3201 2380 3272 justiticantur.

390 3260 621 3347 ι-Ὅταν
666 3260 775 3368 γὰρ
829 3296 960 3368 ἔθνη
1005 3300 1075 3354 τὰ
1117 3301 1193 3375 μὴ
1240 3304 1405 3376 νόμον
1441 3304 1632 3377 ἔχοντα
1659 3352 1672 3375 ,
1732 3308 1893 3380 φύσει

1998 3260 2014 3272 υ
2070 3290 2233 3349 Vens.
2269 3294 2354 3362 l4,
2390 3293 2477 3351 l5.
2518 3312 2537 3346 ι
2568 3292 2703 3350 Cum
2735 3293 2878 3349 enim
2906 3305 3094 3364 gentes
3124 3308 3242 3363 quae
3274 3290 3445 3363 legem
3476 3306 3581 3345 nou

309 3382 381 3436 τὰ
406 3384 500 3438 τοῦ
531 3388 697 3457 νόμου
733 3393 884 3462 ποιῇ,
924 3388 1071 3447 οῦτοι
1103 3395 1265 3467 νόμον
1301 3401 1375 3472 μὴ
1412 3400 1645 3472 ἔχοντες,
1683 3382 1896 3469 ἑαυτοῖς

312 3479 421 3532 εἱσι
447 3482 632 3547 νόμος.
671 3484 880 3548 Οἴτινες
919 3487 1285 3545 ἐνδείκνυνται
1308 3494 1367 3546 τὸ
1390 3494 1551 3564 ἔργον
1572 3496 1664 3551 τοῦ
1693 3498 1829 3552 Θεοῦ
1850 3500 1895 3533 ⁸⁸

313 3572 562 3662 γρατττδν
594 3574 651 3626 ἐν
698 3578 816 3639 ταῖς
868 3578 1120 3650 καρδίαις
1152 3583 1352 3651 αὐτῶν,
1396 3590 1896 3662 συμμαρτυρούσης

313 3660 496 3713 αὐτῶν
524 3664 624 3733 τῆς
659 3665 1033 3737 συνειδήσεως.
1067 3689 1086 3721 ι
1134 3668 1222 3724 Ἐν
1253 3667 1334 3736 οἷς
1379 3676 1779 3738 κατασκευάζει
1832 3678 1901 3731 τὰ

314 3754 457 3807 κατὰ
483 3754 594 3807 τῶν
632 3754 919 3823 Ἰουδαίων,
962 3760 1104 3815 οὕτω
1165 3765 1603 3836 μεταχειρίζεται
1662 3766 1901 3831 συνετῶς

315 3843 610 3911 τὸνλόγον,
636 3845 777 3899 ὥστε
812 3848 884 3919 μὴ
915 3849 1093 3904 δοκεῖν
1120 3870 1173 3906 τι
1204 3857 1340 3908 κατὰ
1378 3856 1470 3907 τοῦ
1507 3856 1670 3925 νόμου
1699 3857 1898 3926 λέγειν.

328 3933 422 3996 ὀς
448 3935 559 4005 γὰρ
591 3936 831 4008 ἐπαίρων
861 3941 953 3993 καὶ
983 3944 1303 4013 μεγαλύνων
1356 3947 1447 3999 τὸν
1499 3947 1683 4018 νόμον,
1736 3952 1900 4020 φησὶν

318 4026 401 4079 ὅτι
431 4028 483 4080 οῑ
519 4026 595 4100 μὴ
618 4029 783 4100 νόμον
817 4030 1054 4102 ἔχοντες,
1097 4034 1160 4089 τὰ
1191 4035 1247 4087 δὲ
1287 4036 1379 4089 τοῦ
1419 4037 1583 4108 νόμου
1621 4039 1903 4105 ποιοῦντες

325 4139 347 4174 ι
371 4119 555 4190 φύσει.
586 4141 605 4175 ι
642 4122 764 4178 ἀντὶ
780 4125 894 4191 τοῦ,
930 4130 1043 4192 τοῖς
1076 4130 1140 4182 ἐκ
1168 4131 1382 4199 φύσεως
1407 4132 1686 4203 λογισμοῖς
1722 4135 1904 4188 mea.

326 4230 505 4283 μενοι.
532 4216 841 4288 θαυμαστοί
860 4221 1004 4285 τινές
1030 4223 1190 4276 εἰσιν·
1212 4225 1293 4279 ὅτι
1311 4226 1403 4279 τοῦ
1438 4227 1604 4297 νόμου
1626 4229 1725 4281 οὐκ
1756 4230 1909 4301 ἐδεή-

322 4308 521 4377 θησαν,
555 4310 648 4364 καὶ
701 4311 794 4365 τὸν
841 4312 1005 4383 νόμον
1052 4315 1401 4386 ἐπλήρωσαν,
1465 4318 1526 4371 οὐ
1578 4319 1904 4391 γράμματα,

326 4402 443 4455 ἀλλ’
471 4402 608 4475 ἔργα
665 4407 788 4469 ταῖς
845 4407 1096 4478 καρδίαις
1128 4409 1309 4463 αὐτῶν
1356 4409 1780 4482 ὲγκολάψαντες,
1813 4414 1909 4469 καὶ

324 4494 404 4565 τῷ
430 4496 694 4550 συνειδότι
753 4500 849 4554 καὶ
900 4503 1012 4566 τοῖς
1036 4505 1287 4571 φυσικοῖς
1315 4503 1594 4575 λογισμοῖς
1659 4507 1781 4559 ἀντὶ
1812 4506 1907 4561 τοῦ

1999 3386 2224 3452 habent,
2260 3385 2579 3441 naturaliter
2626 3400 2689 3441 ea
2736 3401 2855 3455 quae
2888 3385 3025 3457 legis
3079 3395 3229 3450 sunt,
3268 3385 3494 3447 faciunt,
3530 3382 3584 3437 lti

2000 3480 2170 3551 legem
2205 3496 2311 3535 non
2340 3479 2624 3547 habentes,
2658 3479 2760 3551 ipsi
2808 3480 2909 3536 sibi
2944 3489 3071 3534 sunt
3113 3479 3221 3533 lex.
3264 3475 3368 3545 Qui
3402 3487 3585 3534 osten-

2000 3573 2135 3628 dunt
2167 3588 2301 3644 opus
2329 3571 2462 3645 legis
2494 3576 2756 3641 scriptum
2793 3573 2846 3627 in
2884 3573 3138 3627 curdibus
3167 3571 3299 3635 suis,
3340 3573 3585 3627 testimo-

2002 3663 2151 3717 nium
2196 3664 2452 3719 reddente
2490 3662 2598 3719 illis
2643 3663 2973 3719 conscientia
3023 3663 3284 3733 ipsorum.
3329 3680 3347 3715 ι
3389 3662 3486 3720 Ubi
3518 3679 3582 3719 ea

2002 3770 2122 3824 quae
2146 3758 2330 3810 'contra
2359 3753 2573 3810 Jud:eos
2598 3754 2805 3811 faciunt
2833 3756 3168 3827 argumentis
3198 3756 3415 3824 astruit,
3448 3758 3584 3813 adeo

2004 3849 2297 3918 prudenter
2348 3864 2651 3905 sermonem
2709 3848 3039 3915 moderatur,
3098 3859 3156 3904 ut
3207 3866 3313 3905 non
3342 3849 3587 3906 videatur

2006 3940 2299 4011 quidquam
2345 3941 2605 4013 adversus
2635 3941 2803 4013 legem
2843 3943 3047 3999 dicere.
3091 3943 3262 4000 Veluti
3312 3945 3456 3999 enim
3495 3961 3590 4000 ex-

2009 4030 2202 4086 tnlleus
2232 4037 2285 4083 et
2316 4031 2672 4101 magnificans
2705 4035 2901 4104 lrgem,
2965 4034 3163 4104 inquit,
3208 4034 3349 4105 quod
3416 4034 3584 4105 legem

2009 4139 2112 4178 non
2175 4124 2455 4188 habentes,
2502 4144 2520 4177 ι
2569 4133 2743 4179 tamen
2797 4141 2917 4196 quae
2960 4127 3094 4198 legis
3145 4139 3273 4181 sunt
3327 4126 3587 4182 facientes

2015 4238 2033 4268 ‹
2073 4217 2408 4282 naturaliter,
2448 4239 2467 4271 ι
2513 4219 2564 4273 id
2609 4229 2713 4284 est,
2753 4220 3052 4275 rationibus
3082 4236 3110 4274 a
3165 4232 3358 4275 natura
3414 4222 3591 4276 ductis

2010 4312 2275 4380 persuasi,
2328 4312 2674 4367 admirabiles
2732 4320 2906 4368 sunt:
2959 4313 3402 4384 quandoquidem
3460 4315 3593 4385 legis

2012 4418 2116 4456 non
2169 4402 2522 4471 intliguerint,
2578 4415 2633 4458 et
2681 4404 2851 4475 legem
2909 4404 3127 4459 interim
3175 4405 3587 4475 compleverint,

2013 4509 2119 4548 nou
2160 4496 2369 4550 litteras
2409 4512 2561 4560 sane,
2606 4512 2792 4551 verum
2846 4512 3011 4566 opera
3050 4496 3310 4552 cordibus
3349 4497 3463 4552 suis
3511 4497 3591 4552 iu-

326 4591 498 4657 νόμου
532 4589 806 4660 χρώμενοι
841 4596 921 4653 είς
970 4596 1279 4666 μαρτυρίαν
1302 4594 1396 4650 τοῦ
1420 4597 1607 4652 καλοῦ.
1647 4598 1807 4670 Τρεῖς
1851 4599 1894 4653 δὲ

2015 4586 2342 4656 sculpentes,
2374 4598 2428 4643 et
2460 4590 2792 4644 conscientia
2840 4597 2893 4643 et
2940 4589 3276 4644 naturalibus
3308 4590 3595 4657 cogitatio-

325 4680 529 4749 νόμους
559 4683 795 4737 ἐνταῦθά
823 4702 955 4756 φησι
978 4701 993 4716 ⁸
1017 4685 1110 4739 τὸν
1135 4687 1398 4759 γραπτὸν,
1426 4691 1519 4743 τὸν
1546 4692 1796 4759 φυσικὸν,
1816 4692 1894 4745 κα¹

2018 4678 2177 4734 nibus
2203 4679 2338 4750 legis
2364 4680 2479 4735 loco
2510 4682 2591 4735 usi
2624 4681 2691 4736 ad
2722 4681 3090 4737 testimonium
3120 4681 3243 4737 boni
3279 4691 3333 4737 et
3361 4683 3593 4739 honesti.

325 4773 420 4826 τὸν
455 4773 513 4825 ὲν
550 4775 662 4838 τοῖς
688 4774 893 4845 ἔργοις.
932 4796 950 4828 ι
996 4776 1162 4847 Ἐονη
1196 4779 1263 4832 τὰ
1320 4779 1397 4851 μὴ
1439 4782 1604 4851 νόμον
1631 4781 1842 4853 ἔχοντα.
1885 4803 1903 4835 ι

329 4866 520 4933 Ποῖον;
561 4867 666 4921 Τδν
708 4871 973 4941 γραπτόν.
1010 4891 1037 4922 -‹
1082 4870 1248 4926 Φύσει
1280 4871 1349 4927 τὰ
1376 4871 1470 4926 τοῦ
1504 4873 1669 4945 νόμου
1700 4879 1849 4947 ποιῇ.
1887 4896 1905 4927 ι

329 4958 529 5025 Ποίους
567 4958 672 5013 Τοῦ
705 4960 791 5013 διὰ
822 4962 930 5014 τῶν
971 4962 1166 5033 ἔργων.
1204 4984 1221 5015 ι
1251 4956 1411 5018 υῦτοι
1445 4964 1611 5035 νόμον
1645 4965 1719 5038 μὴ
1756 4964 1910 5036 ἔχον-

329 5066 445 5114 τες.
485 5069 505 5101 ι
538 5053 726 5118 Deiot);
753 5054 857 5107 Τὸν
891 5055 1157 5125 γραπτόν.
1198 5076 1214 5108 ι
1249 5056 1495 5121 Ἐαυτοῖς
1528 5059 1635 5111 εἰσι
1663 5057 1849 5130 νόμος.
1888 5077 1906 5108 ι

336 5142 497 5208 ῐιῶςς
531 5143 621 5214 Τῷ
641 5144 853 5216 φυσικῷ
877 5146 1229 5219 κεχρημένοι.
1254 5167 1271 5199 ι
1304 5147 1514 5212 Οἴτινες
1545 5148 1914 5202 ἐνδείκνυνται

330 5237 395 5289 τὸ
419 5235 583 5308 ἔργον
606 5239 701 5292 τοῦ
734 5239 922 5308 νόμου.
954 5260 973 5292 ι
1010 5240 1207 5308 Ποίου;
1251 5239 1357 5293 Τοῦ
1380 5239 1469 5295 διὰ
1502 5241 1611 5295 τῶν
1638 5242 1914 5311 πράξεων.

335 5329 483 5400 Ὅρα
518 5329 577 5382 δὲ
615 5331 830 5398 σοφίαν,
854 5330 970 5395 πῶς
1001 5332 1101 5386 οὐκ
1124 5331 1321 5402 ἔπληξε
1347 5333 1471 5396 τοὺς
1508 5317 1821 5401 ἰοῦδαίους,
1843 5336 1919 5398 ὡς

335 5422 537 5494 ἀπῄτει
576 5424 610 5493 ἡ
645 5423 935 5479 ἀκολουθία
967 5425 1060 5479 τοῦ
1090 5426 1249 5495 λόγου
1273 5444 1284 5457 ·
1312 5428 1529 5492 πάντως
1552 5427 1663 5498 γὰρ
1692 5428 1831 5482 κατὰ
1861 5429 1920 5481 τὸ

336 5521 634 5574 ἀκόλουθον
661 5521 834 5584 οὕτως
870 5521 974 5576 ἔδει
1006 5524 1181 5577 εἰπεῖν
1208 5540 1221 5553 ·
1254 5524 1426 5577 Ὅταν
1454 5523 1563 5596 γὰρ
1590 5522 1719 5593 εονη
1746 5524 1919 5593 χωρὶς

337 5615 527 5685 νόμου,
559 5615 720 5685 φύσει
742 5616 810 5669 τὰ
839 5614 933 5670 τοῦ
966 5617 1131 5686 νόμου
1159 5619 1312 5689 ποιῇ,
1337 5616 1517 5687 πολλῷ
1544 5617 1787 5687 βελτίους
1810 5616 1917 5670 εἰσὶ

338 5707 448 5761 τῶν
483 5708 592 5760 ἀπ’)
616 5708 712 5761 τοῦ
758 5709 923 5779 νόμου
971 5708 1396 5778 διδασκομένων.
1447 5708 1585 5762 Ἀλλ’
1634 5710 1733 5761 οὐκ
1765 5706 1918 5762 εἷπεν

2018 4771 2154 4827 Tres
2188 4782 2366 4827 autem
2399 4773 2543 4844 leges
2565 4773 2651 4829 hic
2683 4773 2810 4830 dicit
2847 4794 2860 4830 :
2891 4777 3170 4846 scriptam,
3206 4778 3507 4831 naturalem
3542 4788 3598 4831 et

2017 4876 2136 4916 eam
2170 4878 2290 4934 qua:
2321 4864 2485 4919 estin
2519 4865 2793 4936 operibus.
2831 4885 2850 4919 ι
2890 4865 3090 4922 Gentes
3128 4883 3247 4936 qua:
3284 4868 3455 4936 legem
3489 4884 3592 4922 nou

2016 4954 2239 5009 habent.
2286 4973 2306 5008 ι
2359 4955 2626 5023 Qualem?
2696 4958 2991 5029 Scriptam.
3046 4980 3064 5012 ι
3133 4957 3336 5016 Natura
3392 4960 3598 5015 faciunt

2020 5063 2143 5123 qua:
2168 5059 2297 5105 sunt
2322 5050 2474 5121 legis.
2503 5070 2521 5104 ι
2546 5051 2771 5119 Qualis?
2801 5053 2932 5122 Ejus
2955 5070 3074 5124 qua:
3098 5054 3151 5109 iu
3178 5054 3431 5126 operibus
3461 5070 3597 5109 eou—

2025 5148 2189 5202 sistit.
2222 5165 2241 5200 ι
2283 5145 2347 5202 lli
2383 5148 2551 5219 legem
2607 5165 2714 5205 non
2766 5149 3047 5205 habentes.
3088 5168 3106 5201 ι
3146 5149 3414 5216 Qualem?
3450 5149 3593 5204 Seria

2027 5247 2196 5306 ptam.
2239 5258 2256 5290 ι
2301 5237 2416 5294 Sibi
2448 5240 2547 5308 ipsi
2591 5248 2718 5295 sunt
2743 5240 2847 5295 lex.
2884 5260 2902 5292 ι
2933 5241 3174 5307 Quanam
3210 5240 3460 5294 ratione?
3488 5238 3591 5294 Na.

2028 5329 2186 5385 turali
2220 5344 2413 5402 nempe
2441 5343 2670 5389 utentes.
2702 5352 2721 5386 ι
2763 5333 2866 5401 Qui
2894 5335 3187 5390 ostendunt
3213 5348 3349 5403 Opus
3380 5331 3530 5403 legis.
3575 5352 3592 5384 ι

2026 5422 2256 5490 Qualis?
2287 5423 2402 5492 ejus
2433 5441 2551 5496 quae
2585 5427 2635 5481 iu
2686 5427 2941 5498 operibus
2970 5434 3203 5482 constat.
3251 5424 3465 5484 intuere
3502 5443 3598 5483 au-

2028 5526 2133 5571 tem
2188 5517 2278 5572 hic
2316 5517 2657 5589 sapientiam,
2694 5519 2963 5589 quomodo
2992 5517 3226 5584 Iudaeos,
3268 5519 3491 5591 perinde
3538 5537 3598 5577 ac

2025 5613 2293 5666 sermonis
2341 5613 2730 5682 consequentia
2783 5614 3037 5684 postulat.
3087 5628 3195 5669 non
3255 5613 3595 5685 perstrinxit.

2027 5703 2262 5761 Omnino
2282 5706 2428 5761 enim
2459 5721 2553 5778 per
2576 5709 3008 5764 consecutionem
3031 5707 3110 5765 sic
3131 5708 3365 5766 debebat
3383 5708 3562 5766 dicere
3586 5730 3598 5764 :

1672 5847 1868 5912 Variae
1902 5846 2232 5913 lectiones.

418 5978 463 6013 3"
494 5980 553 6034 ὲν
588 5977 741 6049 νόμῳ
768 5993 819 6035 ο.
896 5979 940 6013 ⁷³
969 5978 1147 6050 κρίσις
1185 5995 1259 6037 ιιι.
1336 5979 1379 6012 ⁸ο
1412 5979 1470 6033 ὲν
1505 5979 1654 6050 νόμῳ
1680 5994 1733 6035 0.
1809 5979 1853 6012 ⁸¹
1883 5978 1975 6033 τοῦ
2009 5977 2173 6051 νόμου
2200 5994 2274 6034 ιιι.

3820 5769 3848 5796 ς
