4038 6600
345 421 458 484 373

1209 431 1618 494 EXPOSITIO
1653 433 1735 495 IN
1767 434 2004 497 EPIST.
2046 439 2145 498 AD
2185 439 2369 500 ROM.
2398 466 2467 476 —
2503 443 2662 505 CAP.
2694 443 2774 504 ΙΓ.

3519 442 3635 509 δτι·

343 533 403 631 τί
437 533 531 631 *μὴ
569 533 652 589 δεῖ
674 537 899 608 πρᾶξαι.
940 561 957 593 ι
992 543 1330 615 Διαφὲροντα
1360 565 1379 600 ι
1417 548 1496 614 δὲ,
1522 548 1590 602 τά
1619 548 1933 620 καθήκοντα
1966 586 1974 612 λ

2061 567 2158 622 [uae
2188 569 2292 608 nou
2316 556 2604 611 conveniat
2627 571 2807 626 agere.
2831 555 2934 613 Per
2950 558 3306 630 διαφέροντα,
3331 558 3626 631 unicuique

343 625 570 697 ἑκάστῳ
594 632 834 715 νοητέον,
870 635 1040 705 ἤγουν
1073 637 1144 692 τὰ
1174 641 1542 712 συμφέροντα.

428 739 447 770 ι
487 723 761 788 Πέποιθάς
797 743 856 779 τε
887 730 1114 784 σεαυτὸν
1147 733 1338 804 ὁδηγὸν
1367 734 1508 789 εἶναι
1539 735 1778 805 τυφλῶν,
1821 738 1938 808 φῶς

342 813 460 865 τῶν
505 815 564 867 ἐν
597 818 798 885 σκότει,
841 822 1137 896 παιδευτὴν
1179 825 1451 896 ἀφρόνων,
1485 829 1806 884 διδάσκαλον
1839 849 1934 904 νηο

345 906 512 970 πίων,
549 909 743 980 ἔχοντα
790 913 888 986 τὴν
933 916 1214 988 μόρφωσιν
1263 921 1363 990 τῆς
1405 921 1672 989 γνώσεως·
1701 927 1799 978 καὶ
1839 925 1941 996 τῆς

344 999 610 1070 ἀληθείας
639 1004 697 1058 ὲν
725 1007 802 1076 τῷ
843 1007 1014 1080 νόμῳ.
1061 1030 1079 1063 ι
1145 1012 1429 1084 Ἀνωτέρω
1470 1015 1574 1084 μὲν
1617 1015 1825 1086 ἔλεγεν,
1858 1019 1940 1072 ὅτι

346 1091 507 1146 οὐδὲν
543 1095 745 1165 ὡφελεῖ
789 1100 823 1170 ἠ
856 1101 1121 1170 ἀκρόασις
1149 1104 1244 1157 τοῦ
1272 1105 1460 1175 νόμου,
1495 1107 1590 1160 ὲάν
1621 1109 1698 1179 μὴ
1742 1111 1942 1180 πρᾶξις

351 1188 558 1256 προσῇ.
602 1207 621 1240 ι
672 1191 747 1243 Οὐ
778 1193 886 1262 γὰρ
917 1193 966 1246 οἱ
1002 1195 1292 1266 ἀκροαταὶ,
1328 1217 1346 1249 ι
1389 1199 1546 1270 φησι,
1584 1218 1603 1252 ι
1644 1201 1738 1255 τοῦ
1775 1204 1940 1274 νόμου

347 1280 555 1336 δίκαιοι
593 1285 743 1353 παρά
779 1286 858 1358 τῷ
888 1288 1025 1358 Θεῷ,
1058 1291 1174 1344 ἀλλ’
1202 1294 1250 1345 οἱ
1292 1293 1534 1364 ποιηταί.
1573 1315 1592 1348 ι
1627 1295 1742 1350 Νῦν
1776 1298 1832 1351 δὲ
1882 1298 1943 1352 τὸ

353 1376 546 1444 μεῖζον
579 1376 749 1445 λέγει,
782 1381 865 1434 ὅτι
898 1381 1018 1436 Κᾶν
1046 1383 1364 1450 διδάσκαλος
1395 1381 1468 1452 εἴ,
1507 1388 1580 1457 μὴ
1612 1389 1856 1463 πράττῃς
1887 1393 1944 1446 δὲ

351 1471 424 1522 τὰ
447 1469 543 1523 τοῦ
569 1472 762 1542 νόμου,
785 1475 847 1527 οὐ
875 1476 1036 1546 μόνον
1059 1478 1212 1532 οὐδὲν
1237 1479 1454 1550 ὠφελῇ,
1474 1479 1610 1534 ἀλλά
1635 1484 1730 1536 καὶ
1759 1484 1945 1552 μειζόο

354 1575 460 1627 νως
491 1565 718 1638 κολάζῃ.
738 1568 958 1643 Ἐπειδὴ
977 1571 1084 1643 γὰρ
1113 1572 1375 1644 ἐντούτῳ
1393 1574 1630 1644 μάλιστα
1649 1577 1933 1647 ἐφρόνουν,

356 1654 439 1723 τῷ
465 1654 838 1731 διδασκαλικῷ
866 1661 1162 1733 ἀξιώματι,
1197 1665 1449 1720 ἐντεῦθεν
1485 1669 1531 1699 ’³
1559 1669 1798 1739 μάλιστα
1846 1671 1946 1724 δεί-

357 1763 553 1801 κνυσιν
619 1751 816 1816 αὐτοὺς
858 1757 1323 1824 καταγελάστους.
1381 1760 1559 1815 Ὅταν
1601 1761 1710 1834 γάρ
1769 1763 1942 1830 λέγει.

368 1858 389 1890 ι
416 1839 644 1910 Ὀδηγδν
663 1844 901 1913 τυφλῶν,
916 1847 1236 1904 διδάσκαλον
1253 1851 1486 1921 νηπίων,
1513 1870 1534 1905 ι
1556 1855 1650 1908 καὶ
1672 1854 1740 1908 τά
1757 1855 1943 1920 λοιπά,

2042 647 2417 701 convenientia
2452 649 2802 718 intelligenda
2839 659 2988 718 sunt,
3023 651 3104 705 vel
3137 651 3308 708 utilia.

2116 735 2280 792 Vens.
2311 737 2498 794 19.20.
2529 758 2547 792 ι
2573 737 2815 794 Confidis
2841 741 3070 811 teipsum
3096 756 3214 798 esse
3241 741 3432 798 durem
3458 757 3623 798 czeco-

2042 844 2183 897 rum,
2212 830 2392 886 lumen
2417 846 2605 886 eoru‘u
2631 831 2720 900 qui
2751 833 2805 886 in
2844 835 3082 888 tenebris
3114 844 3258 896 sunt.
3293 834 3627 891 eruditorem

2044 921 2437 991 insipientium,
2472 925 2789 994 magistrum
2826 924 3142 989 infantium,
3190 926 3477 981 habentem
3515 928 3632 980 l‘or-

2046 1030 2188 1070 mam
2219 1016 2462 1071 scientiae.
2487 1027 2539 1072 et
2572 1017 2820 1072 veritatis
2849 1017 2902 1072 iu
2931 1015 3067 1088 lege.
3112 1035 3132 1069 ι
3188 1017 3362 1087 Supra
3410 1019 3630 1088 quidem

2047 1109 2279 1173 dicebat,
2303 1109 2638 1166 auditionem
2667 1111 2802 1179 legis
2831 1110 2965 1164 nihil
2988 1109 3268 1180 prodesse,
3291 1110 3390 1165 nisi
3416 1121 3471 1166 et
3493 1112 3635 1165 actio

2047 1202 2353 1260 accederet.
2389 1222 2408 1256 ι
2444 1202 2630 1274 Neque
2653 1203 2799 1258 enim
2822 1203 3122 1270 auditores,
3163 1221 3182 1254 ι
3215 1203 3415 1273 inquit,
3448 1221 3468 1256 ι
3501 1203 3637 1276 legis

2041 1295 2174 1365 justi
2214 1305 2344 1352 sunt
2397 1296 2540 1365 apud
2580 1295 2772 1361 Deum,
2809 1296 2902 1351 sed
2938 1295 3198 1352 factores.
3257 1314 3278 1349 ι
3316 1294 3470 1352 Nunc
3507 1310 3640 1352 vero

2051 1388 2226 1458 majus
2255 1387 2531 1460 quidpiam
2568 1389 2646 1443 ait
2687 1406 2702 1444 :
2738 1386 2968 1443 Etiamsi
3015 1385 3148 1457 legis
3182 1387 3373 1442 doctor
3416 1400 3497 1452 es,
3542 1399 3643 1440 nec

2051 1491 2230 1537 tamen
2274 1497 2395 1552 qua:
2425 1481 2559 1553 legis
2601 1491 2729 1536 sunt
2755 1480 2913 1543 facis,
2944 1495 3052 1535 nou
3101 1489 3308 1535 tantum
3363 1479 3496 1535 nihil
3543 1477 3640 1533 tibi

2051 1575 2270 1644 prodes,
2304 1590 2491 1628 verum
2517 1573 2682 1630 etiam
2708 1588 2773 1629 eo
2800 1573 3005 1644 majore
3037 1587 3195 1642 poena
3225 1573 3332 1642 22
3364 1570 3640 1627 al'ﬁcieris.

2051 1671 2184 1726 Nam
2239 1673 2496 1742 quoniam
2546 1671 2617 1726 ob
2669 1670 2811 1726 hanc
2883 1667 3254 1740 magistralem
3321 1666 3642 1736 dignitatem

2054 1763 2289 1818 maxime
2319 1761 2709 1829 efferebantur,
2741 1761 2870 1816 hinc
2900 1761 3250 1831 potissimum
3279 1757 3516 1814 ostendit
3548 1770 3644 1811 eos

2051 1870 2172 1910 esse
2199 1855 2472 1910 ridiculos.
2494 1854 2629 1910 Cum
2662 1854 2807 1909 enim
2842 1853 3036 1924 inquit,
3073 1871 3092 1904 ι
3125 1851 3318 1906 ducem
3348 1864 3641 1912 caecorum,

358 1932 455 1986 τὸν
489 1933 658 2002 τῦφον
686 1936 868 1992 αὐτῶν
899 1941 1213 2010 καταλέγει.
1247 1942 1403 1997 Οὕτω
1427 1945 1536 2016 γὰρ
1570 1946 1801 2001 ἐκάλουν
1824 1949 1952 2000 ἐαυ-

2061 1947 2381 2003 eruditorem
2414 1947 2810 2018 insipientium,
2846 1965 2865 1999 ι
2895 1923 3054 2017 idque
3085 1961 3258 2018 genus
3290 1944 3415 2010 alia,
3441 1942 3642 1998 fastum

359 2025 510 2090 τοὺς,
533 2028 782 2098 ὁῖηγοὺς,
807 2031 948 2100 φῶς,
973 2034 1067 2088 καὶ
1099 2035 1423 2102 παιδευτάςο
1455 2039 1583 2102 τοὺς
1614 2040 1670 2094 δὲ
1701 2041 1758 2107 ἐξ
1780 2039 1951 2095 ἐθνῶν

363 2119 761 2189 προσηλῦτους,
803 2124 862 2178 ὲν
901 2125 1105 2192 σκότει,
1144 2129 1239 2182 καὶ⁸
1269 2130 1514 2201 νηπίους,
1548 2131 1643 2186 καὶ
1687 2133 1949 2204 ἄφρονας.

369 2209 557 2281 Ἔχεις
585 2213 642 2266 δὲ
669 2215 770 2284 τὴν
814 2217 1098 2289 μόρφωσιν
1139 2221 1238 2291 τῆς
1269 2220 1526 2290 γνώσεως
1574 2225 1667 2278 καὶ
1699 2225 1795 2296 τῆς
1822 2226 1956 2298 ἀλη-

365 2301 541 2370 θείας,
572 2307 672 2360 οῦκ
708 2307 765 2360 ὲν
794 2313 916 2373 ταῖς
943 2311 1176 2382 πράξεσι
1223 2314 1320 2368 καὶ
1351 2317 1465 2379 τοῖς
1506 2317 1951 2388 κατορθώμασιν,

365 2397 482 2450 ἀλλ’
514 2401 574 2453 ὲν
595 2399 671 2469 τῷ
695 2401 866 2473 νόμῳ.
911 2405 1189 2470 πεποιθὼς
1221 2407 1392 2478 αὐτῷ,
1425 2406 1501 2471 ὡς
1529 2409 1827 2480 μορφοῦντι
1855 2411 1957 2480 τὴν

365 2490 602 2559 ἀρετήν·
638 2491 831 2564 ὥσπερ
855 2495 948 2550 ἐάν
979 2514 1063 2558 τις
1094 2496 1359 2567 βασιλέως
1377 2499 1424 2532 ’⁸
1450 2500 1636 2554 εἰκόνα
1666 2501 1828 2572 ἔχων,
1859 2504 1956 2556 αὑ-

366 2582 460 2644 τὸς
487 2583 588 2652 μὲν
624 2586 745 2638 κατ’
774 2586 943 2659 αὐτὴν
970 2589 1136 2660 μηδὲν
1185 2589 1507 2664 ζωγραφοίη
1527 2609 1540 2623 ⁸
1573 2595 1623 2647 οἱ
1673 2594 1729 2647 δὲ
1760 2596 1835 2666 μὴ
1868 2614 1957 2650 πι-

371 2674 688 2739 στευθέντες
737 2679 928 2750 αὐτὴν,
959 2682 1052 2734 καὶ
1097 2684 1266 2754 χωρὶς
1308 2683 1404 2738 τοῦ
1439 2686 1576 2756 πρὸς
1605 2687 1778 2758 αὐτὴν
1825 2686 1958 2742 ἀποο

371 2765 615 2834 ϐλέπειν,
655 2769 793 2838 μετά
837 2771 1100 2842 ἀληθείας
1147 2775 1320 2848 αὐτὴν
1373 2780 1648 2846 μιμοῖντο.
1701 2779 1816 2843 Πᾶς
1865 2775 1960 2834 οὖν

369 2858 690 2924 διδάσκαλος
721 2862 1006 2936 ζωγραφεῖ
1026 2866 1121 2920 καὶ
1157 2871 1358 2940 μορφοῖ
1379 2870 1478 2942 τὴν
1500 2871 1702 2939 γνῶσιν
1732 2873 1826 2927 τοῦ
1855 2890 1959 2927 κα-

370 2950 488 3016 λοῦ,
513 2952 609 3004 καὶ
633 2953 733 3025 τὴν
755 2955 1034 3025 ἀλήθειαν,
1061 2959 1119 3012 ὲν
1150 2961 1274 3024 ταῖς
1305 2961 1414 3015 τῶν
1443 2962 1704 3033 μαθητῶν
1738 2964 1960 3036 ψυχαῖς.

383 3048 528 3102 Ἀλλ’
550 3052 599 3102 εί
637 3050 738 3120 μὲν
760 3052 856 3105 καὶ
883 3054 1134 3124 πράττει,
1162 3057 1367 3122 τέλειος
1390 3073 1404 3088 °
1430 3059 1478 3111 ei
1505 3059 1550 3112 δ’
1581 3059 1664 3127 οὓ,
1695 3061 1960 3129 τοιοῦτος,

370 3135 476 3194 οἶοι
503 3143 554 3194 οἱ
587 3142 684 3196 νῦν
707 3143 1090 3216 ὀνειδιζόμενοι
1120 3147 1271 3219 παρά
1292 3148 1388 3202 τοῦ
1419 3149 1769 3208 Ἀποστόλου.
1803 3153 1961 3217 Τινὲς

371 3235 429 3287 δὲ
465 3234 756 3329 μόρφωσιν
791 3239 1043 3308 ἐνόησαν,
1085 3241 1186 3311 τὴν
1237 3242 1572 3298 ἐπίπλαστον
1629 3246 1814 3300 εἰκόνα
1860 3247 1962 3316 τῆς
1990 3269 2035 3329 c

373 3325 650 3392 γνώσεως.
681 3328 756 3381 Uti
783 3330 884 3396 τὴν
912 3330 1090 3401 ἀληθῆ
1115 3332 1244 3404 γὰρ,
1269 3334 1421 3404 φησὶ,
1449 3335 1653 3404 γνῶσιν
1686 3337 1782 3390 καὶ
1809 3337 1963 3392 εὐσέ-

374 3418 530 3472 ϐειαν
584 3421 748 3492 ἔχεις,
789 3423 907 3477 ἀλλ’
961 3425 1300 3481 ἑπίπλαστόν
1340 3445 1464 3482 τινα
1521 3433 1618 3483 καὶ
1653 3431 1956 3502 ἐπικεχρω-

377 3511 607 3581 σμένην.

453 3805 472 3838 ι
514 3784 572 3839 '0
597 3781 691 3840 οὗν
719 3787 989 3844 διδάσκων
1034 3790 1244 3863 ἕτερον,
1283 3795 1514 3849 σεαυτὸν
1558 3796 1618 3848 οὐ
1649 3794 1960 3861 διδάσκεις;

391 3877 449 3931 ’Θ
481 3879 777 3950 κηρύσσων
826 3881 901 3953 μὴ
936 3883 1213 3951 κλέπτειν,
1253 3885 1540 3953 κλέπτεις;
1590 3887 1649 3942 ’0
1679 3887 1856 3956 λέγων
1888 3888 1963 3959 μὴ

381 3971 676 4042 μοιχεύειν,
705 3974 1010 4044 μοιχεύεις;
1035 3977 1473 4048 Βδελυσσόμενος
1493 3978 1562 4032 τά
1585 3979 1801 4045 εἴδωλα,
1833 3979 1966 4052 ἱερο-

380 4062 592 4131 συλεϊς;
628 4066 726 4130 Ὃς
749 4067 806 4120 ἐν
836 4067 987 4139 νόμῳ
1015 4071 1310 4140 καυχᾶσαι,
1343 4070 1433 4124 διά
1471 4070 1572 4142 τῆς
1596 4071 1966 4142 παραϐάσεως

374 4155 470 4208 τοῦ
506 4155 674 4227 νόμου
709 4158 801 4211 τὸν
837 4158 972 4214 Θεὸν
1017 4161 1335 4231 ἀτιμάζεις;
1395 4162 1469 4216 Τὸ
1519 4163 1627 4234 γὰρ
1666 4163 1839 4235 ὄνομα
1870 4165 1964 4219 τοῦ

375 4249 511 4304 Θεοῦ
539 4250 606 4304 δι’
647 4251 793 4323 ὑμᾶς
841 4252 1255 4325 βλασφημεῖται
1298 4257 1356 4309 ὲν
1401 4257 1514 4321 τοῖς
1546 4257 1746 4323 ἔθνεσι,
1779 4255 1966 4323 καθὼς

376 4342 706 4412 γέγραπται.
745 4364 765 4399 ι
809 4347 946 4401 Κατ’
973 4346 1244 4420 ἐρώτησιν
1277 4353 1514 4404 ποιεῖται
1537 4351 1629 4404 τὸν
1657 4352 1836 4421 λόγον,
1873 4354 1961 4408 ὲν-

373 4434 594 4504 τρέπων
623 4438 750 4501 τοὺς
794 4442 1186 4510 καυχωμένους
1215 4444 1308 4496 ἐπὶ
1341 4444 1421 4516 τῷ
1455 4444 1749 4500 διδάσκειν.
1795 4446 1965 4518 Ἱερο-

377 4528 569 4582 συλίαν
598 4528 654 4583 δὲ
674 4529 822 4599 λέγει
850 4532 950 4604 τὴν
972 4532 1267 4604 ἀφαίρεσιν
1292 4535 1402 4588 τῶν
1420 4535 1828 4606 ἀνατιθεμένων
1851 4538 1965 4599 τοῖς

2058 2042 2270 2095 illorum
2302 2049 2565 2096 recenset.
2601 2040 2675 2095 lta
2709 2040 2854 2095 enim
2882 2039 3149 2094 vocabant
3179 2037 3522 2106 semetipsos.
3546 2034 3646 2090 du-

2056 2145 2148 2187 ces
2176 2142 2232 2188 et
2255 2130 2435 2186 lumen
2480 2141 2536 2187 et
2573 2143 2980 2201 praeceptores:
3033 2131 3171 2186 istos
3205 2138 3390 2185 autem
3435 2127 3525 2198 qui
3577 2141 3644 2182 ex

2057 2225 2307 2296 gentibus
2339 2225 2620 2281 Judaismo
2650 2235 3018 2292 accesserant,
3052 2224 3104 2279 in
3139 2223 3380 2280 tenebris
3398 2231 3644 2294 agentes,

2057 2331 2115 2374 et
2159 2317 2407 2385 stolidos,
2453 2326 2510 2374 et
2551 2326 2802 2374 amentes
2846 2317 3215 2388 appellabant.
3253 2314 3431 2371 Habes
3464 2323 3643 2370 autem

2065 2425 2085 2459 ι
2120 2407 2349 2462 formam
2383 2407 2709 2477 cognitionis
2738 2417 2793 2462 et
2818 2407 3067 2462 veritatis
3111 2425 3131 2458 ι
3164 2420 3267 2460 non
3305 2406 3358 2460 in
3388 2404 3646 2474 operibus

2059 2509 2115 2556 et
2143 2499 2356 2565 officiis,
2389 2499 2485 2556 sed
2525 2519 2545 2553 ι
2585 2499 2638 2554 in
2682 2499 2822 2570 lege,
2879 2518 2900 2553 ι
2930 2499 3213 2554 confidens
3243 2498 3342 2568 ipsi
3386 2512 3487 2552 ceu
3531 2495 3646 2552 for-

2062 2590 2231 2645 manti
2267 2591 2525 2646 virtutem
2561 2607 2578 2645 :
2617 2591 2844 2660 perinde
2866 2604 2931 2644 ac
2956 2590 3002 2644 si
3030 2589 3314 2659 quisquam
3348 2587 3647 2658 imperato-

2064 2682 2198 2738 riam
2231 2684 2519 2754 imaginem
2569 2682 2799 2747 habens,
2841 2683 2957 2752 ipse
2997 2681 3218 2751 quidem
3261 2679 3394 2734 nihil
3426 2680 3492 2734 ad
3527 2679 3648 2747 ejus

2063 2775 2342 2846 exemplar
2389 2775 2608 2846 eliingat
2663 2775 3003 2846 depingatve,
3064 2771 3154 2827 alii
3207 2783 3389 2827 autem
3446 2771 3656 2842 quibus

2064 2868 2373 2937 huiusmodi
2406 2885 2516 2923 non
2540 2877 2628 2925 est
2653 2869 2970 2934 commissa,
3011 2867 3146 2924 citra
3186 2865 3445 2922 intuitum
3481 2865 3654 2919 etiam

2063 2959 2181 3027 ejus
2210 2975 2398 3016 revera
2439 2963 2612 3031 ipsam
2643 2961 2948 3017 imitentur.
2991 2959 3184 3016 Omnis
3229 2959 3422 3032 itaque
3462 2959 3653 3014 doctor

2067 3053 2265 3108 format
2290 3063 2344 3108 et
2367 3051 2574 3124 effingit
2607 3054 2972 3123 cognitionem
3011 3054 3160 3122 boni,
3200 3053 3444 3122 adeoque
3475 3051 3650 3122 ipsam

2065 3145 2351 3202 veritatem
2399 3146 2452 3201 in
2483 3145 2875 3217 discipulorum
2924 3147 3145 3202 animis.
3195 3145 3351 3213 Quod
3401 3147 3445 3201 si
3485 3159 3652 3216 opere

2065 3241 2357 3312 exprimat,
2393 3240 2668 3312 perfectus
2696 3242 2802 3297 erit
2836 3260 2852 3297 :
2883 3241 2964 3297 sin
2993 3241 3190 3308 minus,
3223 3241 3350 3296 talis
3375 3240 3500 3304 erit,
3521 3254 3652 3310 qua-

2068 3338 2148 3394 les
2178 3351 2323 3393 nunc
2361 3339 2426 3393 ab
2455 3336 2720 3408 Apostolo
2752 3337 3065 3408 culpantur.
3098 3335 3235 3392 Sunt
3273 3333 3364 3405 qui
3401 3349 3500 3406 per
3543 3333 3652 3388 for-

2068 3431 2360 3487 mationem
2393 3429 2540 3486 illam
2576 3429 2969 3486 intellexerunt
2992 3427 3233 3484 eflictam
3261 3438 3426 3498 atque
3453 3428 3650 3481 adum-

2068 3523 2278 3578 bratam
2311 3522 2600 3594 imaginem
2633 3523 2981 3592 cognitionis.
3032 3521 3152 3576 Non
3200 3535 3407 3588 veram,
3450 3521 3649 3590 inquit,

2068 3615 2314 3670 notitiam
2371 3625 2426 3670 et
2482 3615 2738 3685 pietatem
2791 3614 2977 3680 habes,
3030 3613 3126 3668 sed
3179 3611 3414 3667 fucatam
3473 3621 3526 3667 et
3557 3627 3651 3667 co-

2067 3707 2317 3761 loratam.

2138 3794 2303 3850 Vens.
2349 3795 2543 3852 ει-ει.
2594 3814 2614 3850 ι
2668 3794 2770 3862 Qui
2807 3808 2938 3866 ergo
2977 3793 3144 3849 alium
3188 3797 3373 3861 doces,
3422 3794 3651 3864 teipsutu

2069 3902 2173 3942 non
2219 3887 2420 3944 doces?
2461 3888 2564 3956 Qui
2597 3888 2860 3952 praedicas
2903 3903 3009 3944 non
3065 3887 3379 3954 furandum,
3415 3886 3656 3942 furat-is?

2067 3979 2169 4048 Qui
2202 3979 2338 4036 dicis
2371 3994 2478 4035 non
2505 3981 2908 4044 mtechandum,
2950 3978 3279 4035 mmcharis?
3316 3977 3421 4047 Qui
3444 3979 3654 4035 abomi-

2067 4072 2218 4130 naris
2249 4074 2414 4141 idola,
2445 4074 2790 4146 sacrilegium
2818 4071 2991 4128 facis?
3017 4071 3120 4140 Qui
3151 4073 3204 4128 in
3228 4072 3347 4142 lege
3377 4071 3651 4141 gloriaris,

2068 4180 2165 4234 per
2194 4166 2696 4236 praevaricationem
2736 4163 2870 4234 legis
2899 4163 3064 4218 Deum
3091 4163 3425 4218 inhonoras?
3447 4161 3652 4218 Nomen

2067 4259 2214 4316 enim
2246 4259 2338 4315 Dei
2377 4274 2472 4330 per
2503 4273 2600 4313 vos
2643 4256 3055 4326 blasphematur
3097 4255 3239 4310 inter
3267 4263 3479 4327 gentes,
3514 4255 3658 4310 sicut

2068 4351 2330 4421 scriptum
2379 4362 2464 4407 est
2491 4366 2534 4405 ·.
2577 4369 2596 4403 ι
2634 4348 2738 4404 Per
2785 4349 3267 4417 interrogationem
3300 4347 3464 4404 verba
3501 4346 3654 4413 facit,

2069 4441 2417 4513 pudefaciens
2453 4456 2567 4509 eos,
2597 4440 2688 4509 qui
2735 4439 2805 4496 ob
2840 4441 3066 4496 docendi
3103 4455 3300 4497 munus
3347 4440 3658 4512 gloriaban-

2070 4545 2176 4588 tur.
2226 4533 2582 4605 Sacrilegiutn
2625 4547 2754 4588 vero
2799 4532 3036 4604 appellat
3093 4532 3425 4588 ablutionem
3465 4547 3652 4588 eorum

377 4619 640 4684 εἰδώλοις.
667 4622 784 4675 Καὶ
799 4624 908 4695 γὰρ
943 4625 993 4678 ει
1020 4627 1116 4680 καὶ
1155 4626 1541 4682 ὲϐδελύσσοντο
1557 4629 1614 4661 ’δ’
1639 4629 1707 4682 τὰ
1735 4628 1958 4693 εἴδωλα,

2071 4643 2190 4698 qua:
2222 4627 2378 4683 idolis
2413 4639 2730 4682 consecrata
2757 4637 2934 4684 erant.
2968 4625 3105 4682 Nam
3143 4627 3358 4683 etiamsi
3399 4641 3655 4683 exsecrao

375 4711 495 4766 ἀλλ’
523 4713 674 4783 ὅμως
692 4716 738 4748 ⁸⁸
756 4717 820 4786 τῇ
847 4716 1257 4792 φιλοχρηματίᾳ
1275 4721 1540 4791 τυραννοῦ
1550 4739 1702 4793 μενοι
1723 4723 1966 4792 ἣπτοντο

2071 4732 2258 4777 rentur
2289 4723 2449 4788 idola,
2496 4722 2739 4778 avaritia:
2769 4731 2948 4778 tamen
2983 4721 3271 4795 tyrannide
3315 4722 3466 4786 vit-ti,
3495 4720 3655 4776 idolis

375 4805 488 4858 τῶν
519 4805 817 4862 είδωλικῶν
845 4810 1214 4882 ἀναθημάτων
1252 4813 1323 4867 δι’
1358 4814 1796 4886 αἰσχροκερδίαν.
1831 4814 1966 4871 Εἶτα

376 4900 438 4952 τὸ
459 4898 762 4971 βαρύτερον
777 4904 993 4972 ἐπάγει,
1010 4905 1188 4974 λέγων
1203 4924 1216 4938 ⁸
1230 4907 1360 4972 ιὈς
1383 4910 1442 4962 ὲν
1463 4908 1616 4980 νόμῳ
1637 4912 1958 4981 καυχᾶσαι,›

377 4991 454 5054 ὠς
484 4992 742 5064 τιμηθεὶς
771 4996 922 5067 παρά
951 4995 1087 5051 Θεοῦ
1111 4997 1201 5052 διὰ
1230 5001 1322 5053 τὸν
1342 4999 1618 5071 νόμον,διά
1649 5001 1749 5072 τῆς
1781 5004 1976 5073 Rapa-1

377 5087 592 5150 ϐάσεως
636 5088 732 5142 τοῦ
788 5089 955 5161 νόμου
999 5091 1060 5144 τὸ
1097 5091 1232 5146 Θεὸν
1269 5093 1620 5164 ἀτιμάζειςῄ
1657 5094 1798 5167 Τρία
1856 5095 1965 5166 γάρ

379 5185 520 5234 εἰσιν
553 5181 876 5252 ἐγκλήματα
922 5184 1184 5239 ἐνταῦθα·
1218 5186 1276 5240 ἓν
1304 5187 1426 5257 μὲν,
1461 5187 1544 5242 ὅτι
1588 5188 1920 5260 ἀτιμάζουσι
1943 5204 1957 5219 ⁸

376 5272 652 5344 δεύτερον,
705 5274 787 5328 ὅτι
840 5275 1168 5346 ἀτιμάζουσι
1235 5279 1326 5332 τὸν
1384 5281 1697 5351 τιμήσαντο,
1759 5279 1961 5343 αὐτοὺς

378 5364 546 5418 Θεόν·
581 5366 678 5419 καὶ
695 5365 901 5437 τρίτον,
936 5368 1004 5422 δι’
1034 5365 1094 5425 οὗ
1126 5371 1469 5443 ἐτιμήθησαν
1500 5375 1690 5442 νόμου,
1720 5373 1808 5428 διὰ
1839 5372 1964 5428 τού-

376 5472 474 5509 του
497 5457 846 5526 ἀτιμάζουσι,
883 5460 1316 5530 παραϐαίνοντες
1349 5463 1532 5519 αὐτόν.
1567 5461 1720 5528 Εἶτα,
1765 5465 1856 5520 ἵνα
1886 5463 1961 5536 μὴ

381 5548 510 5622 δόξῃ
571 5556 898 5623 κατηγορεῖν
949 5555 1186 5622 οἴκοθεν,
1251 5557 1344 5610 τὸν
1400 5558 1686 5630 προφήτην
1731 5557 1960 5612 Ἡσαΐαν

455 5673 474 5696 ⁸
499 5662 601 5720 lsa.
637 5666 718 5730 lu,
748 5667 802 5723 5.

2067 4816 2265 4874 dicata,
2295 4817 2464 4883 turpis
2490 4824 2732 4886 quastus
2755 4814 2930 4886 gratia
2961 4815 3395 4871 contrectabant.
3425 4813 3653 4876 Deinde,

2069 4905 2208 4972 quod
2258 4905 2477 4973 gravius
2504 4913 2590 4959 est
2635 4904 2817 4968 infert,
2869 4904 3122 4974 inquiens
3159 4923 3172 4960 :
3213 4923 3233 4956 ι
3287 4903 3390 4972 Qui
3435 4905 3486 4960 in
3535 4904 3654 4975 lege

2069 4994 2337 5066 gloriaris,
2366 5012 2385 5045 ι
2421 5004 2478 5048 ιιι
2503 4994 2597 5064 qui
2651 4994 2856 5050 honore
2896 4996 2974 5050 sis
3001 4993 3227 5051 affectus
3247 5009 3277 5050 a
3303 4995 3412 5050 Deo
3434 5003 3654 5066 propter

2067 5087 2265 5156 legem,
2298 5101 2394 5154 per
2425 5087 2560 5157 legis
2599 5087 3100 5156 praevaricationem
3140 5088 3306 5143 Deum
3354 5089 3649 5158 ignominia

2070 5181 2244 5236 afficis
2258 5180 2292 5234 ?~
2313 5180 2438 5235 Tria
2464 5190 2590 5236 sunt
2618 5181 2763 5236 enim
2795 5181 2882 5238 hic
2911 5182 3138 5237 erimina
3169 5201 3183 5237 :
3214 5181 3473 5253 primum,
3507 5187 3651 5253 quod

2071 5275 2463 5342 dehonestent;
2521 5275 2775 5343 alterum,
2842 5275 2988 5346 quod
3049 5275 3239 5344 Deum,
3297 5289 3330 5329 a
3369 5291 3477 5346 quo
3530 5287 3655 5331 sunt

2073 5367 2788 5436 honestati,dehonestant;
2817 5369 3057 5435 tertium,
3085 5368 3227 5439 quod
3251 5367 3388 5440 lege,
3420 5383 3523 5440 qua
3549 5369 3651 5439 ipsi

2071 5460 2344 5517 honestati
2372 5462 2612 5527 fuerunt,
2641 5477 2739 5534 per
2769 5462 2911 5518 hanc
2951 5460 3338 5529 dehonestant,
3377 5471 3653 5535 transgre-

2071 5556 2284 5612 dientes
2313 5557 2507 5635 ipsam.
2549 5557 2771 5623 Deinde,
2816 5571 2883 5613 ne
2907 5555 3156 5612 videatur
3202 5566 3397 5629 suopte
3438 5557 3655 5630 ingenio

1705 5789 1902 5852 Variae
1943 5788 2268 5852 lectiones.

460 5907 505 5937 ’³
531 5908 765 5964 ἐνταῦθα
790 5927 841 5966 ο.
919 5910 964 5944 ³⁵
994 5909 1282 5984 βασιλικὴν
1309 5926 1359 5970 ο.
1442 5915 1487 5946 ’³
1514 5913 1588 5986 μὴ
1614 5914 1862 5968 ἐσέϐοντο
1887 5929 1937 5968 o.
2014 5915 2060 5946 ’⁸
2088 5911 2182 5969 οὖν
2215 5912 2290 5976 ὡς
2317 5927 2372 5968 ο.
