4038 6582
399 446 508 510 ἵῖθ

1284 446 1875 509 THEOPHYLACTI
1920 446 2339 507 BULGARUE
2382 445 2738 506 ARCIIIEP.

3556 443 3667 505 380

402 561 592 624 sentit,
627 559 958 626 multaruqtte
995 558 1115 612 inde
1142 557 1332 613 Judzeo
1373 558 1816 614 commoditatem
1854 573 1978 626 pro—

2102 560 2192 623 ζων
2211 559 2267 612 δὲ
2285 559 2465 622 τοῦτο,
2485 558 2546 610 οῦ
2573 557 2640 611 τὰ
2672 556 3075 626 κατορθώματα
3099 554 3210 607 τῶν
3253 553 3523 609 Ἰουδαίων
3555 558 3673 609 εισ-

405 662 686 707 venturam
717 653 930 706 asserit.
964 650 1043 705 Ad
1093 651 1197 706 hoc
1244 667 1372 705 vero
1403 651 1838 706 conllrmandum
1871 667 1976 704 non

403 744 710 798 Judaiorum
756 743 982 798 virtutes
1027 758 1220 812 resque
1259 755 1482 798 strenue
1527 754 1709 812 gestas
1736 743 1977 810 adducit,

401 851 590 892 verum
637 833 728 889 Dei
753 835 934 906 potius
965 836 1101 889 dona
1137 844 1190 889 et
1223 837 1475 904 gratiam.
1506 817 1615 891 Nec
1643 835 1790 892 enim
1820 834 1978 902 dixit,

403 927 545 995 quod
582 925 809 980 multum
838 926 1191 995 prmstiterint
1233 928 1446 981 emeris
1488 928 1740 998 gentibus
1783 926 1978 987 Judaei,

402 1033 468 1071 eo
497 1017 638 1086 quod
673 1019 772 1071 hoc
804 1017 885 1071 vel
933 1019 1075 1072 istuc
1101 1019 1348 1088 gnaviter
1379 1019 1762 1086 trausegerint,
1795 1031 1980 1072 verum

403 1111 546 1178 mind
583 1129 601 1160 ι
649 1111 942 1164 commissa
972 1112 1081 1164 sint
1115 1112 1218 1165 illis
1251 1112 1470 1166 oracula
1503 1111 1594 1166 Dei
1635 1129 1650 1169 :
1687 1127 1805 1179 quae
1835 1121 1985 1168 certe

407 1203 496 1255 Dei
543 1211 628 1258 est
668 1202 1044 1267 beneficentia,
1079 1203 1184 1274 25
1228 1219 1327 1259 nec
1365 1204 1466 1258 ulla
1508 1204 1716 1259 ratione
1766 1205 1980 1258 illorum

403 1296 486 1348 vel
515 1295 750 1360 dignitas
783 1296 863 1349 vel
896 1297 1233 1364 pmstantia.
1271 1297 1410 1363 Quid
1445 1313 1574 1353 vero
1607 1309 1689 1352 est
1728 1316 1747 1350 ι
1779 1299 1984 1353 credita

405 1387 562 1440 sunt?
595 1405 614 1438 ι
644 1402 764 1456 pro,
797 1400 1144 1456 acceperunt,
1172 1390 1256 1444 vel
1298 1392 1348 1445 in
1383 1405 1574 1444 manus
1607 1401 1982 1462 sumpserunt,

410 1479 665 1549 dignique
683 1479 783 1535 visi
807 1487 934 1533 sunt
955 1481 1082 1544 Deo,
1105 1492 1162 1535 ut
1185 1483 1494 1551 acciperent
1518 1483 1697 1537 divina
1725 1499 1982 1551 responsa

408 1572 622 1626 coalitus
663 1571 919 1624 demissa.
955 1570 1078 1625 Hzcc
1109 1581 1290 1628 autem
1339 1573 1548 1634 dicens.
1585 1575 1731 1644 ipsos
1764 1575 1985 1642 quidem

411 1656 699 1713 defendere
729 1658 940 1712 videtur
967 1677 980 1714 :
1006 1669 1241 1715 attamen
1267 1661 1427 1714 aliam
1461 1677 1650 1716 rursus
1677 1664 1988 1717 accusatio-

411 1765 534 1804 nem
589 1754 640 1804 in
694 1753 926 1807 medium
966 1753 1250 1808 adversum
1305 1754 1450 1822 ipsos
1496 1756 1723 1824 profert,
1765 1757 1988 1809 demon-

2083 653 2230 721 ἀγει,
2262 652 2398 704 ἀλλὰ
2437 653 2502 704 τὲι
2531 650 2624 703 τοῦ
2657 651 2792 702 Θεοῦ
2841 648 3179 720 χαρίσματα.
3211 648 3284 701 Οὐ
3325 649 3434 718 γάρ
3487 646 3672 712 εἶπεν,

2082 744 2166 797 ὅτι
2219 743 2357 796 Πολὺ
2416 741 2833 814 περισσεύουσιν
2889 739 3155 804 Ἰουδαῖοι,
3227 737 3362 792 διότι
3400 738 3521 792 τόδε
3573 741 3674 792 καὶ

2082 835 2201 887 τάδε
2220 832 2615 906 κατώρθωσαν,
2642 832 2757 886 ἀλλ’
2783 834 2865 886 ὅτι
2907 849 2926 882 ι
2961 829 3396 901 Ἑπιστεύθησαν
3422 831 3491 883 τὰ
3511 831 3678 899 λόγια.

2083 926 2180 979 τοῦ
2219 924 2388 978 Θεοῦ⁸
2435 945 2452 976 ι
2484 925 2620 995 ὅπερ
2648 923 2937 993 εὐεργεσία
2968 923 3085 975 ἐστὶ
3116 921 3208 975 τοῦ
3239 921 3397 984 Θεοῦ,
3432 925 3527 976 καὶ
3559 922 3668 975 οὐκ

2085 1018 2311 1072 ἐκείνων
2351 1018 2697 1089 προτέρημα.
2754 1016 2818 1070 Τί
2857 1017 2914 1070 δέ
2954 1019 3069 1068 ἐστι
3109 1017 3189 1081 τὸ,
3229 1035 3248 1066 ι
3302 1014 3680 1083 Ἐπιστεύθη-

2087 1127 2222 1177 σαν;
2250 1131 2268 1163 ι
2290 1111 2438 1165 Ἀντὶ
2455 1110 2840 1175 τοῦ,Ἐλα6ον,
2865 1108 3525 1180 ἐνεχειρίσθησαν,ἀξιοι⁷
3556 1109 3679 1161 ἐδοιὲ
3779 1117 3794 1126 ⁸

2089 1201 2184 1267 ξαν
2215 1201 2294 1273 τῷ
2323 1202 2443 1273 Θεῷ
2482 1202 2577 1255 τοῦ
2613 1201 2865 1266 δέξασθαι
2914 1200 3200 1270 χρησμοὺς
3250 1199 3456 1254 ἀνωθεν
3533 1217 3680 1252 κατ-

2087 1295 2426 1366 ενεχθένταε.
2453 1295 2642 1348 Ταῦτα
2669 1295 2724 1347 δέ
2765 1295 2961 1362 λέγων,
2985 1293 3135 1347 δοκεῖ
3161 1294 3258 1364 μὲν
3285 1295 3466 1347 αὐτῶν
3499 1293 3600 1347 ὕπε
3611 1312 3684 1365 ρ-

2087 1388 2496 1456 απολογεῖσθαι·
2525 1387 2778 1458 ἔγκλημα
2806 1387 2862 1440 δὲ
2881 1389 3029 1456 ὅμως
3056 1387 3220 1441 πάλιν
3243 1387 3370 1443 ἀλλο
3399 1387 3479 1452 είς
3507 1387 3684 1457 μέσον

2089 1479 2272 1542 αὐτοῖς
2311 1477 2609 1549 προσφέρει
2659 1477 2722 1548 If.
2767 1477 2963 1550 προφ.]
3009 1479 3101 1532 καὶ
3148 1478 3420 1532 δείκνυσιν
3475 1479 3684 1542 αὐτοὺς

2089 1569 2500 1640 ἀπιστήσαντας
2529 1572 2638 1632 τοῖς
2667 1568 2831 1632 θείοις
2861 1570 3071 1638 λόγοις,
3113 1570 3180 1623 δι’
3209 1565 3284 1624 ὧν
3311 1569 3682 1640 ἐτιμήθησαν.

2092 1660 2240 1731 Πλὴν
2277 1661 2372 1715 καὶ
2395 1663 2460 1714 τὸ
2498 1660 2753 1730 ἔγκλημα
2782 1661 2963 1722 τοῦτο.
2993 1663 3066 1726 ὡς
3100 1663 3194 1715 ἀπ’
3241 1663 3401 1716 ἄλλου
3437 1663 3686 1730 εἰσάγει,

2091 1754 2289 1807 ὡσανεὶ
2314 1754 2540 1808 τοιαῦτα
2560 1754 2812 1822 λέγοντος
2831 1770 2846 1788 ·
2885 1755 2995 1808 Καὶ
3023 1755 3076 1808 τί
3105 1755 3165 1808 τὸ
3195 1755 3386 1824 ὄφελος
3438 1756 3518 1808 ὃτι
3561 1756 3689 1808 ἐδέ-

409 1849 591 1896 strans
623 1843 766 1910 ipsos
813 1844 1009 1898 divinis
1039 1844 1268 1913 eloquiis
1319 1821 1477 1900 fidem
1498 1821 1616 1899 nou
1651 1847 1983 1910 adhibuisse,

2102 1848 2255 1913 Ξαντο
2285 1847 2355 1900 τὰ
2378 1846 2566 1915 λόγιας
2603 1821 2696 1900 καὶ
2731 1847 2850 1916 γὰρ
2889 1821 3413 1918 ἠπίστησανίΔοκεῐ
3445 1847 3500 1901 δὲ
3529 1847 3690 1900 λύειν

412 1950 508 2002 per
537 1951 654 2002 qme
686 1946 861 1989 tamen
896 1937 1128 2005 plurimo
1155 1939 1264 1990 sint
1301 1938 1501 1992 honore
1530 1937 1726 1995 aﬂ'ecti.
1760 1939 1991 1996 Verum-

415 2037 591 2079 tamen
638 2029 776 2080 hanc
820 2030 1225 2083 accusationem
1279 2011 1593 2095 introducit,
1632 2041 1888 2100 tanquam
1923 2033 1992 2086 ab

412 2121 516 2172 alio
565 2122 780 2187 factam,
827 2123 916 2191 qui
967 2124 1040 2176 ita
1087 2125 1342 2178 diceret:
1391 2124 1592 2193 Ecquid
1637 2127 2002 2181 emolumenti‘

411 2211 617 2264 confert
651 2211 850 2268 Jndxis
895 2216 1036 2284 quod
1071 2215 1289 2270 oracula
1345 2215 1440 2270 Dei
1488 2219 1819 2288 acceperint,
1865 2234 1988 2273 cum

415 2302 678 2356 increduli
703 2320 830 2374 erga
859 2305 1046 2361 eadem
1071 2305 1311 2361 fuerint?
1339 2305 1490 2361 Hanc
1524 2321 1703 2362 autem
1729 2309 1990 2378 objectio-

413 2410 531 2447 nem
559 2395 765 2449 diluere
797 2396 1028 2463 videtur,
1057 2412 1162 2452 non
1193 2413 1289 2466 pro
1325 2399 1477 2468 ipsis,
1503 2401 1596 2453 sed
1627 2415 1724 2468 pro
1759 2399 1866 2454 Deo
1895 2416 1988 2470 po-

412 2485 518 2538 tius
544 2488 843 2556 apologiaiu
877 2488 1135 2544 aﬂ‘ereus.
1175 2489 1329 2556 Quod
1367 2491 1411 2544 si
1460 2491 1726 2546 increduli
1763 2493 1986 2556 fuerint,

409 2579 539 2648 quid
577 2581 676 2634 hoc
713 2582 779 2636 ad
814 2580 1014 2636 Deum?
1043 2583 1183 2635 Num
1211 2583 1424 2636 illorum
1454 2583 1807 2640 incredulitas
1833 2585 1991 2639 fidem

412 2670 505 2724 Dei
529 2673 692 2726 faciet
719 2673 951 2739 irritam,
991 2675 1095 2727 hoc
1119 2683 1238 2737 est,
1280 2674 1623 2728 oraculorum
1651 2677 1992 2731 commiSsio-

411 2777 536 2816 nem
562 2761 693 2830 ipsis
715 2763 854 2818 facta
864 2781 937 2826 in,
955 2765 1182 2835 ejusque
1198 2766 1647 2821 beneficentiam?
1667 2766 1844 2834 Usque
1859 2767 1994 2824 adeo

2093 1939 2190 1991 καὶ
2210 1937 2418 2008 ταύτην
2439 1939 2535 2008 τὴν
2565 1937 2856 2000 ἀντίθεσιν,
2883 1938 2980 2009 οὐχ
3015 1937 3156 2008 ὑπὲρ
3177 1937 3378 2004 αὐτῶν,
3399 1937 3514 1991 ἀλλ’
3537 1938 3688 2004 ὑπὲρ

2092 2031 2186 2086 τοῦ
2245 2030 2381 2085 Θεοῦ
2435 2030 2899 2101 ἀπολογούμενος.
2960 2033 3020 2084 Ei
3071 2032 3182 2102 γὰρ
3234 2030 3567 2102 ἠπίστησαν,
3622 2030 3690 2082 τί

2091 2123 2252 2178 τοῦτο
2277 2122 2414 2193 πρὸς
2444 2123 2534 2176 τὸν
2555 2123 2687 2176 Θεόν
2706 2141 2720 2187 ;
2742 2124 2834 2193 Μὴ
2863 2126 2896 2193 ἡ
2932 2124 3160 2177 ἀπιστία
3189 2124 3369 2177 αὐτῶν
3395 2127 3692 2195 καταργή-

2095 2233 2178 2270 σει
2233 2217 2331 2288 τὴν
2375 2217 2560 2268 πίστιν
2611 2215 2706 2268 τοῦ
2757 2215 2933 2282 Θεοῦ,
2967 2217 3244 2281 τουτέστι,
3305 2215 3417 2286 τὴν
3449 2216 3693 2270 καταπί-

2098 2327 2318 2365 στευσιν
2363 2310 2473 2364 τῶν
2518 2311 2716 2379 λογίων
2767 2313 2863 2365 καὶ
2892 2311 2992 2380 τὴν
3027 2311 3386 2383 εύεργεσίαν;
3418 2309 3694 2364 Τοσοῦτον

2097 2404 2206 2475 γὰρ
2249 2405 2310 2456 οὐ
2365 2403 2663 2474 βλάπτεται
2713 2403 2845 2466 Θεὸς
2892 2405 2956 2456 ἐκ
2994 2404 3090 2472 τῆς
3127 2403 3351 2456 ἐκείνων
3397 2401 3686 2469 ἀπιστίας,

2097 2494 2262 2549 ὃσον⁸
2319 2493 2414 2547 καὶ
2452 2493 2653 2565 μᾶλλον
2689 2493 2976 2559 δοξάζεται
3032 2493 3113 2557 ὠς·
3153 2493 3554 2563 φιλάνθρωπος,
3599 2494 3696 2546 ὅτι

2099 2588 2194 2641 καὶ
2219 2585 2310 2639 τὸν
2337 2585 2598 2656 μέλλοντα
2632 2587 2797 2640 αὐτὸν
2829 2585 3145 2656 ἀτιμάζειν,
3179 2584 3430 2655 φαίνεται
3464 2584 3696 2656 εὐεργε-

2098 2679 2226 2732 τῶν.
2271 2674 2422 2742 Εἶδες
2459 2679 2579 2742 πῶς
2635 2679 2836 2744 αὐτοὺς
2881 2678 3218 2743 ὑπευθύνους
3271 2680 3547 2748 ἐποίησεν,
3589 2677 3692 2748 ἀφ’

2098 2765 2174 2825 ὧν
2203 2771 2661 2836 ἐκαλλωπίζοντο.
2688 2773 2858 2844 ἥγουν
2887 2773 2981 2827 τοῦ
3011 2772 3102 2827 τὸν
3131 2773 3298 2843 νόμον
3321 2772 3613 2840 δέξασθαις

415 2873 646 2923 namque
673 2856 812 2910 Deus
839 2872 906 2912 ex
944 2857 1158 2911 illorum
1199 2857 1576 2913 incredulitate
1601 2859 1741 2913 haud
1766 2858 1998 2926 laeditur,
2043 2872 2102 2916 ut
2159 2863 2496 2931 gloriﬁcetur
2568 2865 2750 2935 potius
2809 2874 2867 2919 ut
2919 2866 3190 2931 benignus
3245 2874 3303 2920 et
3352 2866 3617 2920 humanus
3659 2885 3692 2924 :-

417 2947 852 3018 qnandoquidem
885 2957 940 3002 et
975 2948 1048 3002 illi
1089 2949 1178 3018 qui
1225 2965 1346 3004 eum
1380 2951 1672 3021 ignominia
1734 2951 2026 3009 alIeCturus
2063 2963 2168 3020 est,
2208 2957 2508 3012 beneficum
2559 2972 2681 3012 sese
2738 2959 3013 3014 exhibeat.
3075 2956 3262 3014 Viden'
3303 2957 3695 3028 quomodouos

414 3056 538 3093 reos
565 3040 837 3095 feceritex
871 3041 936 3094 iis
963 3041 1032 3095 ob
1054 3057 1176 3110 qua:
1209 3043 1311 3096 sibi
1338 3041 1638 3111 placebant,
1675 3042 1884 3098 scilicet
1921 3059 1988 3100 ex
2030 3046 2135 3102 hoc
2166 3048 2310 3116 quod
2351 3049 2522 3119 legem
2556 3049 2909 3119 acceperint?

489 3133 658 3188 Vens.
685 3135 739 3189 4.
777 3155 795 3187 ι
832 3135 916 3190 Sit
945 3147 1124 3214 autem
1161 3136 1300 3191 Deus
1339 3153 1524 3204 verax,
1580 3141 1764 3194 omnis
1811 3150 1993 3196 autem
2021 3147 2064 3203 (ς

417 3228 580 3281 homo
613 3229 865 3292 mendax,
895 3229 1036 3284 sicut
1083 3229 1344 3299 scriptum
1385 3241 1469 3286 est
1501 3247 1516 3286 :
1555 3232 1626 3288 Ut
1680 3233 1996 3302 justiliceris

418 3321 470 3374 in
498 3323 836 3376 sermonibus
862 3323 988 3388 tuis,
1017 3324 1271 3378 etvincas
1288 3338 1411 3378 cum
1436 3323 1761 3393 jndicarise.
1798 3345 1815 3376 ι
1853 3325 1998 3380 Dixit

417 3415 758 3482 sirpra,quod
787 3413 1005 3482 quidam
1031 3429 1137 3468 non
1172 3414 1522 3468 crediderunt
1557 3432 1569 3466 :
1595 3414 1812 3479 deinde,
1865 3431 1990 3471 cum

417 3507 611 3558 nedum
633 3505 870 3574 quidam,
894 3519 1075 3560 verum
1095 3521 1284 3561 omnes
1307 3505 1358 3559 in
1379 3507 1692 3561 universum
1713 3508 1998 3562 vidcantur

419 3597 703 3660 increduli,
734 3612 800 3651 ne
825 3598 1082 3654 molestus
1107 3597 1404 3660 videretur,
1463 3612 1772 3651 sermonem
1841 3615 1996 3652 suum

417 3694 824 3762 Supicttlissittte
853 3695 1108 3760 instituit,
1140 3705 1302 3762 atque
1327 3693 1378 3747 id
1403 3693 1550 3763 quod
1577 3708 1763 3748 revera
1797 3693 1996 3748 factum

417 3799 522 3851 est,
542 3790 706 3843 veluti
723 3803 817 3856 per
839 3788 1263 3858 suppositionem
1279 3789 1506 3857 profert,
1527 3787 1777 3856 inquiens
1799 3807 1812 3842 :
1834 3787 2001 3842 Pona-

419 3898 540 3935 nius
562 3883 701 3950 quod
727 3897 918 3935 Omnes
963 3881 1221 3934 imreduli
1272 3879 1520 3934 fuerint:
1574 3882 1767 3950 ecquid
1811 3881 2002 3936 istud?

421 3976 502 4028 vel
527 3975 647 4028 hinc
683 3976 1240 4044 quoquejustiftcatur
1279 3978 1437 4031 Deus.
1462 3975 1574 4029 lloc
1607 3985 1692 4029 est
1721 3993 1736 4029 :
1771 3975 1825 4029 Si
1855 3974 2000 4043 judi-

420 4071 564 4124 ratio
593 4071 682 4124 fiat
704 4080 758 4124 ct
791 4069 1087 4139 exploratio
1118 4085 1302 4122 eorum
1334 4084 1454 4138 qua
1476 4085 1503 4121 a
1537 4067 1642 4121 Deo
1671 4068 1871 4122 Judreis
1891 4068 2003 4122 sint

423 4164 636 4224 collata,
671 4178 735 4216 ac
769 4162 1007 4216 vicissim
1041 4177 1232 4215 eorum
1265 4178 1386 4232 quae
1439 4163 1508 4216 ab
1548 4161 1614 4216 iis
1677 4175 1802 4229 erga
1853 4159 2002 4214 illum

426 4259 536 4311 sint
565 4256 728 4322 facta,
791 4255 932 4308 Deus
957 4256 1198 4308 victoria:
1245 4253 1476 4324 palmam
1520 4253 1839 4321 reportabit,
1865 4252 2005 4306 sicut

423 4361 477 4406 et
503 4349 667 4404 David
698 4347 1158 4415 ctiatuait.Quod
1214 4363 1342 4401 vero
1381 4347 1582 4415 inquit,
1639 4364 1658 4397 ι
1726 4345 1807 4400 Sil
1865 4345 2005 4400 Deus

424 4460 612 4510 verax,
686 4445 965 4512 ursurpavit
1039 4457 1137 4511 pro
1192 4441 1606 4507 Manifestetur,
1663 4440 2002 4496 demonstre-

427 4545 533 4588 tur.

499 4625 799 4682 Vsas.5o6.
838 4645 856 4678 ι
896 4625 952 4682 Si
983 4635 1160 4681 autem
1193 4624 1452 4696 iniquitas
1506 4634 1686 4678 nostra
1719 4625 1810 4680 Dei
1849 4623 2007 4695 justi-

427 4721 558 4774 tiam
600 4722 967 4783 commendat,
992 4720 1119 4790 quid
1149 4717 1433 4772 dicemus?
1467 4715 1604 4770 Num
1639 4717 1873 4786 injustus
1923 4727 2006 4770 est

429 4815 588 4876 licus,
617 4815 704 4881 qtti
752 4813 915 4868 infert
952 4813 1126 4867 iram?
1161 4813 1478 4879 (secundum
1522 4811 1791 4864 hominem
1838 4809 2004 4877 dico.)

424 4906 615 4960 Absit!
640 4907 890 4976 Alioquin
927 4906 1196 4978 quomodo
1219 4903 1908 4972 Deusjudicalnitmundum
1930 4902 1953 4955 ἲ
1979 4919 1998 4952 ι

424 4997 796 5068 Objectionem
817 5002 901 5054 hic
927 4999 1237 5069 hujusmodi
1262 4998 1496 5060 adducit,
1513 5011 1607 5050 ceu
1630 4994 1871 5049 nennulli
1896 4995 2006 5049 sint.

426 5090 517 5160 qni
555 5091 776 5145 dicant:
814 5089 870 5145 Si
904 5091 1061 5156 Deus,
1095 5091 1182 5144 ubi
1209 5090 1259 5143 in
1290 5105 1386 5143 nos
1407 5087 1668 5142 beneﬁcia
1691 5086 2004 5152 contulerit,

429 5200 492 5236 ac
524 5200 552 5237 a
588 5185 744 5238 nobis
773 5193 1118 5254 contemptus
1145 5182 1324 5248 fuerit,
1381 5179 1582 5251 justior
1635 5186 1911 5250 appareat,
1955 5187 2011 5232 et

431 5277 635 5340 vincat,
661 5291 756 5345 per
778 5278 1163 5332 exuberantem
1197 5275 1387 5347 tietupe
1419 5273 1808 5330 humanitatem
1855 5284 2008 5324 errant

435 5369 674 5439 indignis
697 5370 859 5424 etiam
895 5369 1153 5424 beneﬁcia
1179 5371 1464 5425 conferens
1493 5385 1505 5421 :
1539 5382 1636 5427 cur
1665 5364 1716 5418 in
1735 5372 2010 5435 posterum

436 5463 575 5520 iram
605 5461 791 5529 infert,
822 5464 923 5519 hoc
946 5474 1051 5531 est,
1087 5463 1238 5534 punit
1262 5479 1379 5525 nos,
1413 5462 1611 5530 quippe
1639 5459 1729 5530 qui
1764 5455 1888 5510 facti
1935 5454 2014 5508 si-

441 5571 560 5611 mus
587 5556 686 5626 ipsi
737 5568 987 5613 auctores
1013 5573 1135 5613 cum
1159 5554 1584 5628 justificatiouis,
1629 5560 1741 5604 tum
1775 5548 2019 5603 victoria:

433 5707 436 5710 '
515 5702 539 5732 ε
573 5689 718 5746 Psal.
749 5690 944 5758 CXV,2.
972 5691 1009 5757 1,
1039 5689 1093 5745 6.

2043 4511 2090 4568 D

2177 3144 2456 3198 «Γινέσθω
2487 3145 2544 3199 δὲ
2573 3147 2602 3198 6
2651 3145 2782 3210 Θεὸς
2845 3145 3057 3214 ἀληθής
3085 3161 3101 3178 '
3156 3145 3267 3209 πᾶς
3306 3144 3362 3198 δὲ
3405 3144 3700 3214 ἀνθρωπῦς*
3759 3200 3776 3206 -

2102 3233 2362 3306 ψεύστης,
2403 3234 2586 3298 καθὼς
2613 3234 2926 3304 γέγραπται
2950 3251 2965 3266 ο
2989 3235 3178 3296 Ὅπως
3209 3233 3276 3286 ἂν
3308 3231 3602 3302 δικαιωθῇς
3629 3231 3694 3282 ἐν

2103 3331 2216 3392 τοῖς
2246 3327 2425 3397 λόγοις
2460 3345 2578 3391 σου,
2629 3327 2724 3380 καὶ
2752 3327 2983 3398 νικήσῃς
3017 3327 3075 3378 ὲν
3109 3325 3188 3397 τῷ
3231 3323 3506 3394 κρίνεσθαί
3538 3340 3615 3378 σε.
3661 3342 3686 3375 ι

2106 3417 2275 3476 Εἶπεν
2306 3423 2437 3487 ἀνω,
2462 3422 2544 3475 ὅτι
2574 3421 2714 3483 τινὲς
2749 3419 3060 3489 ἠπίστησαν
3082 3434 3096 3449 ⁸
3128 3413 3268 3483 εἶτα,
3312 3417 3433 3469 ἐπεὶ
3458 3415 3576 3486 οὐχί
3609 3433 3695 3468 τι-

2106 3532 2216 3580 νες,
2250 3514 2388 3569 ἀλλὰ
2417 3515 2616 3577 πάντες
2645 3513 2928 3583 φαίνονται
2950 3511 3372 3581 ἀπιστήσαντες,
3401 3509 3694 3577 σοφώτατα

2109 3607 2625 3679 μεταχειριζόμενος
2662 3607 2756 3659 τὸν
2791 3605 2969 3674 λόγον,
3020 3604 3107 3659 διὰ
3151 3605 3213 3657 τὸ
3268 3604 3342 3674 μὴ
3390 3603 3538 3666 δόξαι
3592 3605 3695 3654 ἐπ-

2105 3700 2278 3773 αχθὴς
2313 3703 2356 3765 ⁸,
2389 3701 2450 3754 τὸ
2476 3700 2596 3754 κατ’
2616 3699 2876 3771 ἀλήθειαν
2903 3699 3216 3768 γενόμενον,
3241 3697 3317 3759 ὼς
3349 3695 3469 3749 καθ’
3495 3696 3698 3749 ὑπόθε-

2109 3812 2194 3847 σιν
2222 3792 2425 3864 τίθησι,
2449 3791 2544 3846 καί
2572 3808 2706 3862 φησι
2726 3808 2740 3823 ·
2773 3790 2989 3861 Θῶμεν,
3019 3791 3101 3844 ὅτι
3125 3789 3326 3852 πάντες
3349 3788 3696 3858 ἠπίστησαν·

2109 3889 2205 3941 καὶ
2231 3885 2285 3938 τί
2309 3885 2506 3952 τοῦτο;
2559 3882 2868 3937 Κάντεῦθεν
2900 3881 3204 3936 δικαιοῦται
3229 3883 3257 3934 6
3299 3881 3454 3944 Θεὸς.
3513 3881 3689 3934 Τουτ-

2109 3979 2260 4032 έστιν
2286 3993 2298 4007 °
2337 3978 2402 4031 El.
2434 3976 2617 4046 κρίσις
2649 3975 2860 4042 γένοιτο
2903 3974 2998 4026 καὶ
3049 3971 3296 4038 ἐξέτασις
3329 3971 3438 4024 τῶν
3479 3989 3537 4026 τε
3566 3972 3696 4041 παρ’

2111 4071 2275 4125 αὑτοῦ
2307 4071 2616 4139 γενομένων
2644 4071 2758 4131 τοῖς
2807 4067 3104 4128 Ἰουδαίοις,
3142 4066 3241 4119 καὶ.
3261 4065 3368 4128 τῶν
3393 4065 3524 4133 παρ’
3554 4063 3700 4116 ὲκεί-

2111 4182 2216 4218 νων
2247 4164 2328 4226 είς
2371 4163 2555 4222 αὐτὸν,
2611 4160 2680 4214 τὰ
2725 4160 3020 4230 νικητήρια
3064 4157 3218 4210 ἐσται
3255 4156 3408 4226 παρὰ
3436 4154 3512 4226 τῷ
3535 4154 3655 4226 Θεῴ
3678 4169 3694 4182 ·

2111 4253 2255 4308 καθὰ
2282 4253 2345 4324 δὴ
2380 4252 2475 4306 καὶ
2524 4250 2686 4304 Δαυῒδ
2716 4251 2889 4319 λέγει.
2936 4250 3008 4302 Τὸ
3033 4251 3110 4313 δέ,
3173 4267 3191 4300 ι
3220 4247 3458 4302 Γινέσθω
3505 4249 3534 4300 6
3564 4246 3700 4310 Θεὸς

2111 4346 2338 4419 ἀληθὴς,
2385 4364 2403 4398 ι
2440 4346 2560 4399 ἀντὶ
2586 4345 2708 4410 τοῦ,
2738 4341 3118 4414 Φανερούσθω,
3150 4340 3576 4396 ἀποδεικνύσθω.

2187 4637 2206 4669 ι
2239 4618 2302 4670 Ei
2332 4617 2388 4669 δὲ
2416 4618 2447 4685 ἡ
2483 4614 2667 4668 ἀδικία
2701 4612 2858 4684 ἡμῶν
2885 4612 3022 4666 Θεοῦ
3057 4613 3408 4681 δικαιοσύνην
3445 4613 3696 4682 συνίστη·

2110 4727 2182 4773 σι,
2209 4709 2260 4762 τί
2287 4708 2518 4780 ἐροῦμεν
2546 4725 2561 4772 ;
2595 4707 2686 4772 Μὴ
2717 4706 2902 4768 ἄδικος
2938 4707 2966 4758 6
3015 4704 3146 4768 Θεὸς
3190 4707 3218 4758 6
3267 4705 3547 4774 ἐπιφέρων
3595 4707 3695 4774 τὴν

2106 4804 2278 4874 ὀργὴν
2335 4802 2498 4874 (κατὰ
2546 4799 2834 4869 ἄνθρωπον
2880 4798 3075 4866 λέγω);
3130 4797 3222 4869 Μὴ
3259 4797 3494 4865 γένοιτο.
3541 4797 3696 4850 Ἐπεὶ

2111 4897 2227 4958 πῶς
2255 4896 2430 4966 κρινεί
2456 4895 2484 4946 6
2509 4892 2639 4955 Θεὸς
2687 4893 2778 4944 τὸν
2810 4892 3048 4960 κόσμου
3089 4909 3107 4942 ι
3161 4890 3459 4942 ’Λντίθεσιν
3487 4890 3698 4955 είσάγει

2109 4987 2388 5056 τοιαύτην,
2428 4983 2504 5048 ὦς
2554 5001 2716 5036 τινων
2741 4983 3012 5050 λεγόντων
3033 4999 3048 5014 ο
3083 4983 3148 5037 Εί
3173 4980 3202 5032 δ
3233 4982 3364 5044 Θεὸς
3399 4981 3696 5052 εὐεργετή·

2112 5097 2212 5144 σας
2238 5079 2410 5150 ἡμᾶς,
2465 5072 2584 5130 εἶτα
2641 5075 3054 5146 ἀγνωμονηθεὶς
3099 5073 3230 5144 παρ’
3279 5073 3456 5143 ἡμῶν,
3490 5073 3701 5134 δίκαιος

2117 5173 2318 5246 μᾶλλον
2347 5170 2618 5241 φαίνεται,
2651 5168 2744 5221 καὶ
2770 5169 2917 5235 νικᾷ,
2935 5167 3010 5230 ὠς
3038 5166 3128 5220 διά
3158 5165 3356 5237 πολλὴν
3390 5165 3703 5236 φιλανθρω-

2115 5265 2247 5320 πίαν
2279 5263 2407 5326 τοὺς
2453 5260 2703 5328 ἀναξίους
2758 5259 3086 5328 εὐεργετῶν,
3141 5258 3194 5311 τί
3225 5258 3414 5312 λοιπὸν
3444 5257 3703 5326 ἐπιφέρει

2113 5358 2216 5428 τὴν
2241 5355 2430 5428 ὀργὴν,
2458 5354 2704 5407 τουτέστι
2756 5351 2978 5415 κολάζει
3005 5351 3176 5422 ἡμᾶς,
3209 5351 3342 5414 τοὺς
3370 5350 3703 5420 γενομένους

2125 5448 2273 5519 αὐτῷ
2303 5445 2510 5508 αἰτίους
2566 5442 2900 5506 δικαιώσεως
2950 5443 3044 5496 καὶ
3098 5443 3290 5515 νίκηςς
3347 5442 3495 5511 Αὕτη
3533 5441 3634 5511 μὲν
3669 5441 3704 5508 ἠ

2128 5540 2398 5602 ἀντίθεσις
2425 5555 2440 5569 ο
2468 5535 2585 5591 λύει
2611 5535 2668 5590 δέ
2717 5535 2889 5608 αὐτὴν
2921 5537 3211 5606 πανσόφως
3251 5537 3348 5590 καὶ
3406 5531 3700 5605 ἀγχιστρό⁴

1768 5799 1962 5861 Variae
1997 5796 2322 5858 lectiones.

519 5941 539 5975 ⁷
571 5943 669 5998 καὶ
703 5940 844 6009 ἄξιοι
881 5957 951 5994 Ill.
1027 5944 1048 5978 ³
1078 5940 1185 6007 ὅσῳ
1217 5952 1267 5989 o.

1347 5936 1365 5965 ’
1396 5933 1482 5986 διὰ
1509 5930 1568 5984 τὸ
1597 5930 1744 5992 δόξει
1787 5924 2097 5997 ἀνεπαχθὴς
2131 5942 2182 5979 o.
