4038 6570
359 474 466 539 33X
1197 481 1604 543 EXPOSITIO
1644 483 1727 544 IN
1765 484 1963 545 EPIS’I

2067 484 2146 544 Η)
2177 482 2360 544 ROM.
2396 509 2462 520 -
2503 485 2662 547 CAP.
2699 486 2810 548 ιιι.

359 603 480 655 φως
519 585 560 616 ιο

358 676 526 730 τοῦτο
572 676 674 729 οὐκ
720 671 770 728 εἷ
793 676 944 745 αὐτῷ
969 679 1068 748 τῆς
1107 677 1266 748 νίκης
1292 681 1465 743 αῐτιος
1491 698 1506 712 ’
1541 680 1723 735 ἀδικία
1758 681 1866 752 γὰρ
1896 679 1956 732 τὸ

356 770 456 822 τὸν
486 770 660 822 αἴτιον
686 771 785 840 τῆς
814 769 972 840 νίκης
1013 769 1162 840 παρά
1193 771 1286 824 τοῦ
1317 773 1580 837 νικῶντος
1606 773 1954 838 κολάζεσθαι.

387 859 554 912 Ἀλλὰ
585 859 694 930 μὴν
720 861 749 911 6
774 859 907 921 Θεὸς
937 860 1038 912 οὐκ
1092 860 1278 925 ἄδικος
1303 879 1318 892 ο
1346 862 1468 915 ἐπεὶ
1495 864 1612 926 πῶς
1665 866 1844 934 κρινεῖ
1867 863 1959 916 τὶν

362 954 594 1022 κόσμον,
651 953 745 1004 ἐὰν
777 953 936 1016 αὐτὸς
974 953 1170 1025 ἀδικῇ;
1205 956 1408 1010 Λοιπὸν
1440 956 1552 1020 οὖν,
1587 958 1706 1008 ἐπεὶ
1741 958 1836 1010 καὶ
1869 974 1960 1008 κο-

362 1045 519 1108 λάζει
552 1062 633 1108 σε,
664 1045 759 1098 καὶ
808 1045 920 1097 ουτ
941 1045 1086 1099 ἔστιν
1116 1046 1299 1110 ἄδικος
1337 1049 1376 1080 ¹¹
1400 1066 1412 1080 ·
1445 1049 1542 1101 οὐκ
1569 1049 1678 1117 ἄρα
1708 1048 1773 1100 σὺ
1805 1046 1956 1118 αὐτῷ

361 1140 467 1209 τῆς
488 1138 644 1206 νίκης
676 1138 848 1202 αἴτιος
880 1140 1110 1208 γέγονας
1141 1140 1230 1193 διὰ
1256 1138 1350 1193 τοῦ
1383 1142 1764 1212 ἡμαρτηκέναι
1790 1159 1804 1171 ο
1830 1143 1959 1210 ὲνῆν

367 1232 480 1301 γὰρ
513 1233 610 1285 καὶ
640 1231 813 1295 ἄλλως
848 1233 1031 1303 νικᾷν,
1088 1232 1194 1286 κᾶν
1245 1236 1320 1306 μὴ
1355 1234 1417 1288 σὺ
1447 1235 1619 1306 ὀφθῇς
1664 1235 1853 1297 κακός.
1885 1234 1960 1286 Τὸ

368 1323 450 1385 δὲ,
492 1343 510 1375 ι
542 1326 698 1378 Κατά
747 1325 1034 1401 ἄνθρωπον
1083 1325 1248 1393 λέγω,
1281 1345 1300 1377 ι
1355 1327 1597 1380 τοιοῦτον
1642 1327 1758 1397 ἔχει
1795 1327 1955 1380 νοῦν’

385 1416 530 1485 Ἐγὼ
578 1419 696 1486 μὲν,
751 1420 926 1488 φησι,
986 1417 1214 1472 τοιαῦτα
1245 1421 1621 1490 ἀπολογοῦμαι
1680 1420 1821 1488 ὑπὲρ
1863 1419 1958 1472 τοῦ

372 1510 532 1573 Θεοῦ,
564 1512 706 1570 κατά
752 1511 1094 1582 ἀνθρώπινον
1128 1511 1408 1583 λογισμὸν,
1442 1513 1744 1578 τουτέστιν,
1775 1513 1851 1575 ώς
1880 1512 1959 1565 ἔνι

369 1602 600 1655 δυνατὸν
635 1601 908 1678 ἀνθρώπῳ
961 1603 1272 1673 λογίζεσθαι
1330 1605 1652 1676 δικαιολόγῳ
1703 1605 1766 1658 ¹¹.
1807 1605 1959 1658 Ἐπεὶ

373 1695 475 1746 ὅσα
497 1697 644 1747 ποιεῖ
666 1697 693 1748 6
722 1696 875 1761 Θεὸς,
914 1696 1028 1766 ἔχει
1058 1698 1210 1760 τινὰς
1235 1697 1587 1770 ἀπορρήτους
1611 1698 1827 1766 λόγους,
1863 1699 1960 1751 καὶ

372 1787 517 1856 ὑπὲρ
538 1787 664 1850 τοὺς
713 1787 1090 1858 ἀνθρωπίνους
1117 1789 1411 1860 λογισμούς
1441 1793 1579 1854 ἐστι,
1613 1790 1688 1862 μὴ
1727 1790 1961 1860 δεόμενα

371 1878 474 1948 τῆς
499 1877 628 1950 παρ’
661 1879 820 1948 ἡμῶν
850 1879 1172 1950 ἀπολογίας.

3539 487 3646 548 382

572 626 586 639 .
641 584 750 637 Καὶ
801 583 930 654 μὴν,
985 585 1138 654 φησι,
1198 587 1332 640 διότι
1365 606 1424 641 σε
1456 588 1693 652 κολάζει,
1723 590 1793 642 δι’
1818 589 1950 642 αὐτὸ

2067 589 2240 642 illius?
2271 589 2446 659 Atque
2482 591 2588 646 tale
2635 593 2851 662 quidem
2910 603 2992 648 est
3045 604 3418 663 argumentum
3451 610 3464 659 ;
3499 596 3642 663 quod

2061 679 2200 734 hanc
2232 683 2296 733 ad
2325 681 2586 735 rationem
2617 681 2773 737 diluit
2795 685 3017 737 omnino
3038 685 3334 753 sapienter,
3391 684 3532 737 idem
3587 685 3640 738 in

2059 786 2155 824 eos
2181 772 2530 840 retorqendo.
2550 772 2710 839 Quia.
2746 774 2949 843 inquit,
2987 785 3038 829 te
3057 776 3233 844 punit,
3266 775 3377 846 26
3399 784 3646 842 propter-

2059 876 2122 916 ea
2155 879 2259 916 non
2319 879 2378 918 es
2421 864 2520 933 ipsi
2552 865 2792 918 victoriae
2825 880 2988 919 causa
3038 875 3293 920 auctorve
3326 884 3339 919 :
3383 866 3645 935 injustam

2061 954 2205 1006 enim
2245 953 2380 1008 foret
2415 954 2656 1008 victoriae
2687 966 2963 1008 auctorem
2989 969 3017 1007 a
3047 955 3296 1008 vincente
3328 957 3526 1018 puniri.
3553 956 3650 1008 At-

2069 1049 2159 1113 qtti
2193 1044 2335 1100 Deus
2380 1057 2585 1100 nonest
2611 1048 2864 1113 iniustus.
2903 1063 2922 1097 ι
2972 1046 3207 1113 Alioqui,
3237 1049 3326 1115 qui
3383 1047 3651 1116 iudieabit

2062 1139 2347 1204 mundum,
2385 1157 2404 1190 ι
2439 1141 2483 1194 si
2510 1140 2623 1208 ipse
2652 1139 2722 1192 sit
2752 1137 3028 1206 iniustus?
3062 1137 3312 1202 Proinde,
3339 1154 3461 1192 cum
3499 1150 3550 1192 te
3592 1149 3650 1192 et

2061 1233 2216 1300 punit
2245 1233 2403 1295 Deus,
2437 1243 2492 1288 et
2529 1247 2632 1287 non
2665 1241 2746 1286 est
2785 1229 3035 1300 injustus,
3097 1245 3286 1284 nones
3336 1231 3499 1298 igitur
3547 1231 3646 1297 ipsi

2061 1326 2310 1379 victoriae
2359 1341 2524 1380 causa
2561 1340 2656 1395 per
2687 1327 2974 1380 commissa
3029 1323 3225 1392 ﬂagitia
3263 1335 3348 1376 tua
3382 1341 3394 1374 :
3438 1316 3651 1391 patefat

2063 1418 2204 1471 enim
2229 1427 2281 1472 et
2302 1418 2435 1472 alias
2463 1419 2698 1480 viui-ere.
2729 1418 2943 1472 etiamsi
2964 1433 3070 1471 non
3097 1419 3242 1471 visus
3267 1415 3460 1470 fuisses
3475 1414 3646 1469 scele-

2064 1522 2234 1566 ratus.
2265 1513 2418 1579 Quod
2454 1514 2660 1584 adjicit,
2698 1533 2716 1565 ι
2752 1513 3060 1569 Secundum
3113 1512 3386 1568 hominem
3441 1511 3584 1572 dico,
3621 1527 3642 1562 ι

2062 1620 2208 1658 nunc
2229 1605 2390 1658 habet
2415 1619 2637 1660 tensum
2671 1623 2686 1660 :
2727 1606 2836 1673 Ego
2864 1606 3104 1674 quidem,
3160 1603 3354 1673 inquit,
3385 1603 3500 1656 luce
3549 1617 3648 1670 pro

2063 1696 2172 1750 Deo
2203 1699 2527 1765 respondeo,
2585 1697 2733 1765 iuxta
2799 1700 3090 1752 humanam
3151 1695 3646 1758 ratiocinatiOnem,

2066 1789 2171 1843 hoc
2196 1801 2298 1855 est,
2330 1791 2556 1859 perinde
2588 1807 2650 1844 ac
2681 1791 2938 1860 possibile
2976 1801 3058 1844 est
3094 1790 3300 1844 homini
3359 1801 3646 1842 causarum

2063 1891 2290 1948 patrono
2326 1884 2538 1938 collatis
2583 1885 2838 1954 utrinque
2870 1885 3168 1940 rationibus
3203 1892 3465 1938 statuere.
3505 1881 3640 1936 Nam

372 1987 712 2044 quzecunque
739 1974 848 2044 agit
876 1974 1035 2040 Deus,
1091 1977 1376 2033 nonnullas
1429 1982 1672 2035 occultas
1723 1979 1966 2033 rationes
2001 1975 2614 2054 habent,acltuutanas_
2637 1980 2995 2050 cogitationes
3038 1990 3320 2048 superant,
3355 1984 3650 2043 nostraque

370 2064 692 2120 defensione
716 2081 820 2120 non
848 2067 1111 2138 indigent.

451 2178 469 2210 ι
503 2159 567 2212 El
595 2159 702 2230 γὰρ
728 2162 759 2231 ἡ
784 2161 1012 2230 ἀλήθεια
1042 2164 1135 2218 τοῦ
1163 2163 1298 2218 Θεοῦ
1322 2165 1379 2218 ὲν
1421 2163 1498 2227 τῷ
1529 2165 1645 2235 ὲμῷ
1677 2163 1954 2235 ψεύσματι

2141 2164 2301 2219 Vens.
2339 2164 2457 2220 7-8.
2493 2183 2510 2216 t
2543 2164 2598 2220 Si
2618 2165 2761 2218 enim
2793 2165 2994 2217 veritas
3029 2161 3120 2214 Dei
3143 2161 3194 2213 in
3226 2174 3346 2213 meo
3368 2157 3650 2211 mendacio

372 2251 764 2322 ἐπερίσσευσεν
817 2257 896 2318 είς
927 2257 1028 2325 τὴν
1059 2256 1218 2324 δόξαν
1249 2255 1437 2320 αὑτοῦ,
1472 2257 1522 2310 τί
1568 2258 1650 2312 ἔτι
1687 2258 1843 2326 κάγὼ
1883 2259 1958 2322 ὠς

373 2345 702 2415 ἀμαρτωλδς
733 2347 1027 2418 κρίνομαι;
1067 2351 1157 2404 καὶ
1187 2351 1282 2420 μὴ,
1313 2349 1492 2414 καθὼς
1527 2351 1958 2422 βλασφημούμε-

371 2437 465 2499 θα,
496 2439 590 2491 καὶ
616 2439 800 2503 καθώς
831 2442 964 2510 φασί
992 2460 1138 2516 τινες
1171 2445 1317 2514 ἡμᾶς
1351 2443 1553 2512 λέγειν,
1587 2446 1672 2498 ὅτι
1707 2445 1958 2513 Ποιήσω-

375 2545 478 2597 μεν
529 2529 598 2598 τα
632 2531 798 2596 κακὰ,
834 2533 922 2586 ’ίνα
963 2534 1092 2608 ἔλθῃ
1144 2537 1210 2590 τὰ
1241 2537 1423 2606 ἀγαθά
1457 2539 1542 2604 ¹³;
1574 2530 1648 2590 ὧν
1677 2537 1739 2590 τὸ
1785 2539 1960 2607 κρῖμα
2004 2599 2006 2601 ,

371 2621 581 2676 ἔνδικόν
609 2626 743 2678 ἐστι.
786 2644 804 2676 ι
831 2627 938 2679 Καὶ
976 2629 1138 2682 πάλιν
1158 2629 1220 2682 τὸ
1256 2629 1388 2683 αὐτὸ
1421 2629 1866 2699 ἐπαναλαμϐάνει
1893 2629 1958 2696 ⁸⁵,

369 2713 462 2766 Bai
491 2715 550 2767 τὸ
579 2717 916 2788 σαφέστερον
952 2720 1086 2772 αὐτὸ
1120 2719 1368 2790 ποιῆσαι.
1402 2722 1463 2773 Εί
1487 2721 1595 2792 γὰρ
1639 2723 1666 2774 6
1716 2720 1848 2784 Θεὸς
1881 2720 1960 2772 δί-

371 2824 532 2870 καιος
585 2809 758 2880 ἐφάνη
793 2813 888 2864 καλ⁵
921 2811 1149 2883 ἀληθὴς,
1211 2813 1270 2879 ἐξ
1299 2807 1374 2869 ὢν
1416 2815 1526 2884 ἐγὼ
1565 2816 1958 2886 παρηνόμησα,

370 2900 560 2953 item-6v
590 2903 641 2956 τί
672 2903 954 2974 κρίνομαι,
992 2906 1070 2970 είς
1094 2907 1252 2972 δόξαν
1285 2909 1420 2962 Θεοῦ
1454 2911 1782 2974 συντελέσας
1813 2927 1826 2973 ;
1884 2910 1959 2963 Οὐ

373 2995 483 3060 γὰρ
504 2993 652 3059 ἄξιός
679 2995 794 3062 εἰμι
819 2997 1220 3064 κατακρίσεως,
1253 2997 1389 3050 ἀλλά
1417 2999 1698 3068 στεφάνων
1737 2999 1958 3068 μᾶλλον.

376 3083 440 3134 Εἰ
472 3082 527 3134 δὲ
549 3082 706 3134 τοῦτο
737 3082 959 3152 ἀληθὲς,
989 3086 1096 3155 ἄρα
1127 3088 1219 3140 καὶ
1255 3087 1282 3140 δ
1309 3088 1560 3156 λέγουσιν
1613 3090 1663 3141 οἱ
1696 3089 1961 3159 Ἕλληνες

375 3175 507 3244 περὶ
538 3176 714 3244 ἡμῶν,
747 3175 946 3245 ἀληθὲς
973 3176 1146 3234 ἔσται.
1173 3181 1280 3233 Καὶ
1304 3180 1413 3251 γὰρ
1438 3183 1484 3234 οἱ
1508 3181 1770 3254 ’Έλληνες
1802 3181 1964 3236 ἀκού‹

379 3284 575 3328 σαντες
606 3267 700 3320 τοῦ
740 3269 955 3322 Παύλου
989 3270 1262 3339 λέγοντος,
1290 3272 1371 3326 ὅτι
1429 3291 1448 3324 ι
1487 3274 1662 3328 Ὅπου
1699 3277 1962 3330 ἐπλεόνα-

376 3373 472 3408 σεν
500 3359 531 3426 ἡ
567 3358 835 3428 ἁμαρτία,
855 3359 1390 3430 ὑπερεπερίσσευσεν
1419 3365 1451 3434 ἡ
1484 3365 1697 3436 χάρις,ι
1729 3366 1962 3440 ἐκωμῴ-

372 3450 499 3503 δουν
539 3450 718 3517 τοῦτο,
757 3453 852 3506 καὶ
905 3453 1113 3519 ἔλεγον,
1151 3455 1231 3506 ὄτι
1265 3455 1312 3507 οἱ
1336 3456 1657 3526 Χριστιανοὶ
1702 3459 1958 3528 λέγουσι’

383 3561 402 3594 t
439 3543 760 3613 Ποιήσωμεν
799 3545 868 3596 τὰ.
893 3518 1060 3609 κακὰ,
1112 3546 1200 3599 ἴνα
1231 3546 1359 3618 ἔλθῃ
1387 3518 1454 3600 τὰ
1488 3549 1670 3618 ἀγαθά
1697 3518 1816 3617 ¹³,-’›
1873 3553 1967 3607 καὶ
1993 3518 2038 3576 c

375 3637 716 3704 ἀμάρτωμεν
747 3636 942 3699 πολλὰ,
978 3638 1064 3690 ἴνα
1100 3638 1374 3712 πλεονάσῃ
1416 3641 1449 3710 ἡ
1475 3641 1656 3713 χάρις.
1683 3643 1854 3697 Τοῦτο
1877 3643 1968 3698 οὖν

377 3725 408 3778 6
430 3725 616 3793 ἔλεγον
652 3727 700 3779 οί
735 3727 1019 3798 Ἕλληνες,
1069 3727 1523 3798 βλασφημοῦντες
1557 3731 1650 3784 καὶ
1677 3732 1966 3803 διασύρον-

377 3834 472 3880 τες
518 3819 688 3886 ἡμᾶς,
723 3819 1014 3889 συμὸαίνει
1055 3821 1148 3874 καὶ
1177 3820 1294 3885 νῦν,
1331 3821 1424 3875 ἐὰν
1447 3820 1729 3891 δεξώμεθα
1759 3824 1840 3878 ὅτι
1879 3824 1969 3877 ¹⁶ό

378 3908 512 3970 Θεὸς
547 3908 801 3977 φαίνεται
835 3910 1033 3976 ἀγαθὸς
1063 3910 1127 3962 ἐκ
1152 3909 1250 3980 τῆς
1279 3911 1420 3980 ἐμῆς
1445 3910 1643 3972 κακίας
1674 3911 1766 3964 καὶ
1789 3914 1966 3978 ἀγνωο

383 4005 645 4072 μοσύνης.
687 4002 849 4055 Ἀ).λά
881 4001 987 4072 μὴν
1015 4002 1173 4055 τοῦτο
1209 4004 1310 4055 οὐκ
1351 4002 1519 4056 ἔστιν⁹
1560 4004 1832 4073 Ἑλλήνων
1859 4005 1968 4076 γὰρ

378 4094 491 4146 τοῖιν
520 4095 607 4145 ἀεὶ
634 4093 981 4162 ψευδομένων
1011 4095 1156 4146 ἐστὶν
1183 4095 1210 4147 6
1237 4095 1415 4162 λόγος.
1442 4112 1462 4147 t
1486 4088 1588 4148 Ὧν
1617 4095 1677 4148 τὸ
1697 4097 1966 4168 κατάκρι-

386 4205 464 4255 μα
492 4188 535 4220 ¹⁷
563 4187 772 4241 ἔνδικόν
812 4189 929 4240 ἐστι
953 4204 965 4215 ο
999 4207 1016 4239 ι
1062 4189 1368 4250 τουτέστιν,
1391 4189 1588 4253 οἵτινες
1613 4189 1840 4259 δικαίως
1875 4211 1968 4246 κο-

380 4277 768 4347 λασθήσονται.
801 4279 916 4330 Οὐκ
950 4279 1060 4350 ἀρα
1090 4280 1208 4332 οὐδὲ
1245 4279 1358 4348 ἐγὼ
1392 4280 1562 4343 αἴτιος
1593 4281 1852 4351 γίγνομαι
1889 4283 1968 4354 τῷ

378 4369 502 4439 θεῷ
531 4368 890 4434 δικαιώσεως,
936 4371 1000 4422 ἐκ
1028 4370 1122 4422 τοῦ
1162 4371 1523 4441 ἁμαρτάνειν.
1556 4373 1833 4445 Κρίνομαι
1859 4375 1967 4446 γάρ

379 4463 453 4526 ὡς
484 4462 838 4533 ἀμαρτωλόςε
867 4464 967 4517 οὒκ
1017 4463 1083 4518 ἂν
1131 4463 1186 4517 δὲ
1215 4465 1534 4538 ἐκρινόμην,
1573 4469 1621 4520 εί
1644 4466 1780 4538 πρὸς
1807 4467 1968 4532 δόξαν

384 4555 480 4606 τοῦ
511 4553 650 4606 Θεοῦ
684 4554 1022 4624 ἡμάρτανον.

458 4663 480 4699 ι
511 4645 579 4698 Τί
604 4639 700 4699 οῦν
721 4662 736 4711 ;
759 4646 1102 4716 προεχόμεθα
1131 4647 1211 4713 ¹⁸;
1242 4649 1316 4701 Οὔ
1343 4648 1562 4713 πάντως
1581 4661 1596 4679 ⁶
1633 4653 1966 4723 προῃτιασά-

385 4740 527 4808 μεθα
578 4738 688 4810 γὰρ
731 4738 1019 4802 Ἰουδαίους
1070 4757 1126 4792 τε
1177 4739 1273 4792 καὶ
1315 4741 1584 4812 ’Έλληνας
1617 4741 1823 4803 πάντας
1874 4743 1966 4811 ὑφ’

380 4830 660 4902 ἁμαρτίαν
705 4825 844 4883 εἶναι
873 4847 889 4860 ·
928 4831 1110 4892 καθὼς
1163 4833 1478 4900 γέγραπται
1505 4874 1520 4898 ,
1570 4835 1654 4887 ὃτι
1689 4835 1803 4887 Οὐκ
1846 4834 1963 4887 ἔστι

380 4924 586 4987 δίκαιος
611 4924 731 4977 οὐδὲ
748 4919 829 4986 εἷς
849 4941 864 4955 ’
891 4925 991 4977 οὐκ
1020 4925 1168 4977 ἐστιν
1199 4927 1225 4977 6
1253 4926 1470 4992 συνιὼν,
1497 4929 1599 4981 οὐκ
1641 4926 1789 4981 ἔστιν
1814 4931 1842 4982 ό
1873 4931 1964 4982 ἐκο

382 5014 563 5085 ζητῶν
583 5015 675 5067 τὸν
694 5014 847 5068 Θεόν.
869 5015 1074 5077 Πάντες
1103 5015 1402 5083 ἐξέκλιναν,
1418 5017 1533 5088 ἅμα
1555 5018 1963 5088 ἡχρειώθησαν⁸

382 5109 486 5161 οὐκ
514 5108 629 5161 ἔστι
654 5107 824 5162 ποιῶν
844 5109 1206 5180 χρηστότητα,
1245 5111 1346 5164 οὐκ
1375 5111 1521 5164 ἔστιν
1549 5112 1654 5173 ἕως
1685 5112 1822 5175 ἑνός.
1851 5113 1962 5165 Τά-

384 5220 485 5270 φος
509 5202 857 5273 ἀνεῳγμένος
881 5203 909 5254 6
930 5202 1135 5273 λάρυγξ
1160 5204 1340 5256 αὐτῶν
1363 5224 1376 5238 ο
1409 5207 1529 5267 ταῖς
1572 5203 1845 5272 γλώσσαις
1867 5204 1964 5257 αὖ·

383 5291 496 5345 τῶν
526 5290 836 5345 ἐδολιοῦσαν
862 5309 874 5320 ·
931 5292 1010 5353 ἰὸς
1034 5293 1277 5347 ἀσπίδων
1321 5294 1425 5347 ὑπὸ
1453 5295 1523 5348 τά
1549 5294 1704 5366 χείλη
1740 5295 1920 5347 αὐτῶν
1943 5311 1956 5329 ο

384 5375 462 5435 ὧν
511 5382 575 5434 τὸ
643 5382 818 5452 στόμα
859 5382 1001 5452 ἀρᾶς
1051 5383 1145 5436 καὶ
1197 5383 1420 5454 πικρίας
1463 5383 1662 5453 γέμει·
1720 5382 1866 5447 όξεῖς
1910 5385 1958 5437 oi

386 5477 545 5540 πόδες
579 5476 759 5530 αὐτῶν
803 5477 989 5547 ἐκχέαι
1013 5473 1172 5548 αἷμα.
1205 5480 1528 5551 Σῦντριμμα
1551 5479 1646 5534 καὶ
1678 5479 1960 5534 ταλαιπω-

463 5594 492 5635 (ι
526 5595 683 5650 Rom.
717 5595 881 5661 v,20.
965 5607 988 5634 ο
1015 5595 1157 5652 Psal.
1191 5613 1309 5664 xm,
1335 5599 1426 5662 53,
1460 5614 1620 5672 seqq.

2063 2257 2357 2310 abundavit
2386 2257 2437 2310 itt
2473 2257 2697 2326 gloriam
2727 2255 2921 2324 ipsius,
2956 2253 3082 2322 quid
3113 2251 3288 2305 adhuc
3314 2261 3368 2304 et
3393 2265 3493 2318 ego
3525 2259 3648 2301 tan-

2061 2365 2220 2418 quam
2243 2359 2494 2420 peccator
2537 2349 2797 2416 judicor?
2837 2347 2901 2401 Et
2934 2363 3063 2410 non,
3114 2347 3258 2402 sicut
3301 2344 3648 2412 blasphema-

2064 2458 2203 2504 mur,
2236 2452 2289 2496 et
2320 2443 2461 2496 sicut
2491 2441 2642 2496 aiuut
2693 2442 2907 2510 quidam
2956 2455 3054 2494 nos
3107 2438 3290 2492 dicere
3319 2455 3332 2490 :
3366 2435 3652 2490 Faciamus

2066 2535 2224 2600 mala,
2260 2542 2317 2587 ut
2341 2535 2559 2586 veniant
2584 2532 2765 2588 bona?
2792 2547 3018 2601 quorum
3042 2527 3477 2598 damnatiojusta
3504 2535 3642 2581 est.»

2063 2629 2269 2683 Rursus
2293 2627 2432 2682 idem
2480 2627 2729 2686 resumit,
2762 2635 2820 2678 ιιι
2845 2629 3083 2694 apertius
3131 2622 3340 2676 reddat.
3398 2620 3455 2675 Si
3503 2620 3648 2674 enint

2067 2717 2402 2786 Densiusuts
2434 2725 2488 2772 et
2519 2731 2682 2771 verus
2711 2715 2958 2784 apparuit
2999 2729 3063 2768 ex
3111 2728 3174 2767 eo
3227 2711 3369 2782 quod
3424 2710 3650 2779 deliqui,

2068 2825 2163 2864 cur
2193 2825 2291 2880 ego
2325 2809 2373 2862 in
2400 2818 2674 2880 posterum
2704 2807 3060 2870 condemnor,
3087 2803 3178 2873 qui
3199 2805 3298 2857 ista
3329 2803 3380 2855 in
3424 2802 3649 2872 gloriam

2068 2903 2160 2958 Dei
2191 2899 2729 2958 commiserim?Non
2752 2899 2896 2954 enim
2929 2898 3121 2968 dignus
3161 2911 3282 2950 sum
3321 2893 3652 2949 condemna-

2066 2998 2233 3061 tione,
2265 2995 2357 3050 sed
2394 2994 2612 3048 coronis
2637 2994 2838 3060 potius.
2867 2991 3018 3058 Quod
3053 2991 3098 3045 si
3117 2992 3218 3044 hoc
3250 3003 3458 3051 verum,
3485 2987 3654 3054 igitur

2065 3090 2282 3158 etquod
2319 3087 2492 3141 αι·ωοί
2529 3088 2593 3140 de
2638 3086 2792 3140 nobis
2835 3085 3039 3148 dicunt,
3098 3098 3284 3137 verum
3331 3081 3456 3134 erit.
3514 3078 3648 3133 Nam

2065 3177 2240 3234 Gra'ci
2271 3176 2390 3232 sive
2416 3175 2648 3243 gentiles
2679 3174 2835 3229 simul
2855 3189 2916 3228 ac
2951 3172 3282 3226 audivissent
3309 3168 3534 3223 Paulum
3567 3167 3618 3222 di

2066 3279 2302 3335 centetn,
2343 3289 2362 3320 ‹
2395 3269 2497 3326 Ubi
2528 3267 2824 3323 abundavit
2898 3273 3202 3337 peceatum,
3247 3263 3652 3333 superabunda-

2067 3365 2143 3419 vit
2168 3375 2221 3418 et
2249 3363 2420 3432 gratia
2440 3360 2494 3427 (ι,
2530 3381 2548 3412 ι
2582 3361 2828 3416 ridebant
2850 3359 2973 3416 hoc.
3000 3367 3376 3413 asseverantes
3391 3356 3654 3410 Christia-

2072 3473 2170 3511 nos
2194 3457 2410 3511 dicere:
2453 3474 2470 3508 ι
2504 3454 2786 3509 Faciamus
2811 3452 2974 3516 mala,
3013 3459 3069 3504 ut
3114 3450 3332 3502 veniant
3387 3449 3524 3500 bona
3557 3463 3570 3498 :
3627 3463 3648 3496 ι

2071 3563 2124 3604 et
2148 3564 2430 3620 peccemus
2471 3547 2721 3611 multum,
2763 3553 2822 3599 ut
2883 3545 3144 3598 exuberet
3212 3541 3405 3612 gratia.
3467 3540 3652 3593 lstltuc

2072 3643 2234 3713 igitur
2265 3641 2404 3710 quod
2447 3639 2667 3693 aiebant
2723 3634 2918 3695 Graeci,
2979 3633 3346 3701 vituperantes
3404 3628 3653 3699 proscin-

2072 3737 2370 3801 dcntesque
2398 3747 2515 3798 nos,
2551 3730 2846 3785 etiamnum
2885 3726 3171 3796 contingit,
3231 3737 3442 3794 nempe,
3486 3723 3530 3777 si
3559 3721 3651 3777 ad-

2078 3826 2409 3886 miserimus,
2446 3823 2585 3892 quod
2617 3822 2758 3876 Deus
2781 3821 2954 3874 bonus
2977 3825 3232 3887 appareat
3255 3833 3320 3871 ex
3351 3831 3468 3870 mea
3497 3815 3656 3869 vitio-

2070 3917 2252 3976 sitate,
2287 3927 2494 3967 necnon
2543 3909 2952 3980 ingratitndine.
2993 3907 3192 3963 Verum
3233 3906 3392 3960 aliter
3413 3920 3536 3960 sese
3560 3919 3652 3958 res

2074 4009 2256 4064 liabet.
2296 4006 2606 4062 Gra'corum
2647 4003 2790 4056 enim
2827 4015 3106 4071 nunquam
3139 4014 3248 4053 non
3273 3997 3646 4051 mentientium

2072 4105 2171 4157 iste
2209 4112 2390 4154 sermo
2419 4107 2522 4152 est.
2557 4115 2578 4149 ι
2626 4095 2866 4162 Quorum
2903 4091 3282 4147 condemnatio
3304 4089 3447 4161 jnsta
3475 4098 3582 4152 est.
3626 4107 3642 4140 ι

2071 4194 2122 4248 id
2155 4201 2258 4257 est,
2308 4190 2410 4257 Qui
2456 4190 2601 4258 juste
2646 4188 2957 4259 punientur.
3010 4182 3436 4252 Haudquaquam
3487 4181 3656 4250 igitur

2071 4302 2172 4355 ego
2207 4301 2382 4340 meum
2405 4284 2476 4338 ob
2501 4290 2779 4351 peceatum
2806 4279 2915 4333 Deo
2954 4293 3072 4333 sum
3099 4293 3260 4332 causa
3306 4273 3653 4344 jnstiﬁcatio-

2071 4379 2205 4432 nis:
2261 4375 2593 4434 eondemnor
2641 4374 2782 4426 enim
2832 4380 3084 4440 tanquam
3150 4376 3420 4437 peccator.
3465 4364 3655 4435 Neque

2069 4469 2213 4523 enim
2243 4466 2655 4527 condetnnarcr,
2695 4460 2738 4516 si
2764 4463 2829 4514 ad
2858 4459 3084 4531 gloriam
3122 4457 3214 4512 Dei
3248 4472 3577 4527 peccassem.

2142 4649 2304 4704 Vens.
2335 4645 2494 4702 9-18.
2526 4662 2546 4697 ι
2587 4641 2726 4710 Quid
2749 4641 2927 4712 ergo?
2955 4637 3315 4709 praacellitnns
3370 4638 3504 4692 eos?
3542 4635 3649 4691 Ne-

2067 4759 2362 4816 quaquam.
2398 4740 2615 4797 Causati
2647 4738 2792 4792 enim
2821 4751 3009 4790 sumus
3033 4744 3087 4790 et
3123 4732 3336 4790 Judzeos
3357 4741 3412 4786 et
3436 4731 3654 4787 Graecos

2073 4853 2263 4892 omnes
2292 4836 2392 4891 sub
2425 4843 2643 4902 peccato
2667 4846 2812 4886 esse.
2859 4830 3012 4882 Sicut
3064 4827 3324 4894 scriptum
3359 4835 3464 4892 est,
3524 4824 3651 4892 quia

2076 4926 2193 4983 Non
2229 4935 2312 4980 est
2341 4923 2522 4992 justus
2550 4922 2836 4992 quisquam
2862 4929 2910 4986 ο,
2936 4932 3042 4972 non
3071 4927 3155 4972 est
3185 4916 3508 4985 intelligens,
3542 4929 3648 4968 non

2075 5027 2157 5074 est
2214 5015 2492 5084 requirens
2539 5013 2728 5068 Deum.
2759 5009 2961 5064 Omnes
2999 5008 3429 5071 declinaverunt,
3489 5003 3649 5057 simul

2073 5107 2290 5165 inutiles
2320 5106 2446 5162 facti
2474 5114 2621 5170 sunt,
2654 5118 2762 5158 non
2794 5111 2876 5157 est
2897 5101 2989 5171 qui
3011 5099 3172 5152 faciat
3192 5099 3411 5162 bonum,
3434 5111 3538 5150 non
3564 5105 3647 5148 est

2073 5213 2242 5269 usque
2270 5200 2336 5254 ad
2364 5194 2904 5264 nnum.‘Sepnlcrum
2963 5200 3153 5261 patens
3211 5198 3396 5259 guttur
3433 5201 3646 5248 eorum,

2074 5294 2272 5362 linguis
2299 5292 2414 5347 suis
2437 5293 2622 5345 dolose
2648 5287 2900 5359 agebant.
2927 5284 3208 5339 Venenum
3239 5281 3488 5350 aspidutn
3547 5279 3651 5334 sub

2070 5385 2234 5438 labiis
2273 5397 2461 5438 eorum
2495 5399 2508 5434 :
2537 5395 2767 5450 quorum
2796 5395 2858 5433 os
2893 5376 3273 5433 maledictione
3307 5383 3361 5430 et
3389 5373 3645 5428 amaritu-

2068 5477 2194 5532 dine
2228 5475 2442 5546 plenttut
2475 5483 2597 5530 est:
2625 5471 2836 5528 veloces
2868 5470 3034 5541 pedes
3063 5483 3251 5525 eorum
3287 5467 3352 5524 ad
3375 5466 3648 5523 emtnden-

1714 5746 1915 5808 Varia)
1947 5745 2272 5809 lectiones.

466 5881 507 5910 "’
535 5877 909 5948 ἀντιστρόφως
937 5896 990 5932 o.
1070 5881 1114 5912 ”
1146 5881 1336 5951 ἐπειδὴ
1373 5883 1588 5946 κολάζει
1627 5899 1707 5943 σε,
1760 5884 1860 5934 οὑκ
1906 5881 2054 5951 ἐστιν
2099 5883 2242 5934 ἀδικ.
2272 5896 2327 5934 o.
2406 5879 2450 5912 "
2483 5880 2853 5946 δικαιολογίας
2878 5901 2930 5936 o.

1493 5955 1530 5985 ι’
1554 5954 1705 6020 ἔτερ.
1739 5954 1764 6005 ὁ
1789 5955 1866 6016 είς
1891 5953 1950 6005 τὸ
1982 5947 2054 6004 ὧν
2079 5952 2136 6004 τὸ
2163 5953 2480 6023 κατᾶκριμα
2504 5969 2576 6006 ιιι.

392 5951 657 6019 gap-ﬁrm
693 5969 746 6007 ο.
827 5951 866 5982 ¹⁸
899 5953 1038 6006 καλὰ
1061 5968 1112 6006 o.
1195 5955 1236 5985 “
1260 5955 1333 6018 ὡς
1357 5973 1407 6008 υ.

3014 5884 3056 5916 ¹³
3099 5886 3234 5940 καλά
3266 5904 3318 5942 o.
3399 5889 3442 5920 "’
3466 5903 3629 5958 μετα-

2657 5954 2698 5984 ”
2727 5954 3106 6026 προερχόμεθα
3142 5973 3213 6012 ιιι.
