4038 6580
343 444 453 507 383

1230 448 1814 510 THEOPIIYLACTI
1874 447 2296 509 BULGAIUAZ
2338 447 2695 509 ARCUIEP.

3520 435 3632 501 384

348 560 474 613 dum
498 559 837 629 sanguinem.
860 561 1125 616 Contrltio
1147 572 1198 613 et
1219 564 1575 618 inh-lwitasin
1603 564 1703 618 viis
1716 579 1903 620 eorum

2042 561 2132 630 ρία
2162 562 2222 613 ὲν
2251 563 2370 623 ταῖς
2398 562 2536 623 ὁδοῖς
2565 559 2765 620 αὐτῶν,
2803 555 2895 611 καὶ
2926 556 3041 609 ὁδον
3070 556 3292 627 εἰρήνης
3324 554 3425 608 οὐκ
3452 553 3629 622 ἐγνω-

346 660 401 705 et
427 652 568 704 viam
618 651 767 721 pacis
784 666 889 707 non
913 655 1537 725 cognoverunt.27Non
1550 668 1633 711 est
1649 656 1807 711 timor
1825 655 1919 711 Dei

343 752 471 796 ante
502 742 687 799 oculos
712 755 923 797 eorum.
965 763 983 796 ι
1016 743 1193 813 Supra
1215 744 1430 800 dixerat
1463 749 1607 815 quod
1639 758 1786 803 esset
1819 748 1922 801 ali-

343 847 447 898 qua
486 832 805 887 excellentia
829 834 1049 899 Juda'is,
1083 845 1142 890 ut
1167 836 1362 905 quibus
1385 840 1605 894 omnino
1635 850 1778 896 esset
1801 857 1922 896 cre-

343 924 449 977 dita
485 926 792 997 traditaque
838 928 923 981 lex
962 946 975 981 :
1008 945 1151 984 nunc
1184 945 1311 985 vero
1351 943 1745 989 commonstrat
1788 935 1920 989 nihil

343 1029 437 1068 eos
477 1015 676 1069 trahere
733 1002 995 1071 eximium
1054 1034 1163 1088 quo
1208 1021 1496 1086 excellant,
1557 1033 1819 1091 quantum
1851 1027 1919 1077 ad

2031 667 2149 704 σαν.
2196 651 2312 705 Οὐκ
2363 651 2481 703 ἔστι
2529 648 2695 718 φόϐος
2726 646 2863 701 Θεοῦ
2891 647 3158 701 ἀπέναντι
3185 646 3294 700 τῶν
3327 644 3631 715 ὀφθαλμῶν

2027 742 2228 796 αὐτῶν.
2269 761 2287 794 ι
2325 741 2571 796 Ἀνωθεν
2603 743 2647 774 ¹⁹
2672 738 2866 805 εἰπὼν,
2897 740 2978 794 ὅτι
3004 739 3119 793 ἔστι
3150 757 3201 792 τι
3227 739 3494 811 περισσὸν
3513 740 3631 801 τοῖς

2039 834 2335 900 Ἰουδαίοις,
2361 834 2449 888 διὰ
2472 834 2533 887 τὸ
2553 833 2692 897 ὅλως
2713 830 3070 903 πιστευθῆναι
3093 831 3189 886 καὶ
3212 829 3629 902 ἐγχειρισθῆναι

2026 925 2117 979 τὸν
2144 927 2309 996 νόμον
2354 941 2369 955 ·
2396 926 2491 980 νῦν
2523 925 2766 979 δείκνυσι
2811 924 2977 995 μηδὲν
3010 926 3207 987 αὐτοὺς
3244 923 3388 994 ἔχειν
3426 939 3624 993 περισο

2030 1019 2144 1084 σὸν,
2176 1020 2302 1073 ὅσον
2329 1020 2394 1072 ὲκ
2433 1018 2542 1072 τῶν
2581 1018 2800 1072 οίκείων
2852 1016 3131 1087 πράξεων.
3165 1016 3258 1089 Μὴ
3285 1016 3624 1084 φυλάξαντες

340 1121 503 1175 opera
536 1110 777 1178 propria.
822 1109 1035 1165 Etenim
1066 1125 1188 1165 cum
1216 1128 1324 1166 non
1345 1114 1771 1169 observaverunt
1803 1132 1903 1185 qua

2026 1112 2136 1181 γὰρ
2158 1112 2195 1166 ἃ
2223 1110 2647 1182 ἐπιστεύθησαν,
2675 1110 2879 1181 μᾶλλον
2901 1109 3430 1178 καταγινώσκονται.
3456 1111 3624 1161 Ὠςτε

340 1199 421 1257 cis
451 1202 657 1255 credita
720 1212 897 1266 erant,
955 1205 1126 1274 magis
1178 1207 1632 1261 coudemuautur.
1688 1207 1919 1264 Proinde

341 1295 710 1361 pra-stantiam
743 1296 1035 1362 quamdam
1068 1296 1396 1362 habuerunt,
1440 1310 1708 1367 quatenus
1759 1301 1915 1357 electi

336 1393 467 1437 sunt
492 1399 521 1436 a
560 1386 666 1439 Deo
687 1401 702 1449 ;
726 1384 892 1439 simul
912 1402 975 1440 ac
1006 1399 1136 1441 vero
1166 1389 1403 1457 propriis
1432 1390 1687 1458 operibus
1721 1402 1916 1445 cuntu-

324 1475 496 1529 melia
524 1477 824 1532 all‘eceruut
858 1478 1047 1542 Deum,
1089 1495 1117 1532 a
1146 1495 1251 1548 quo
1292 1480 1501 1535 honore
1539 1493 1700 1536 erant
1736 1482 1915 1536 alfecti

335 1576 501 1636 atque
530 1569 690 1624 electi
721 1588 737 1625 :
775 1571 969 1626 nedum
1028 1571 1159 1626 nihil
1191 1587 1300 1643 quo
1358 1573 1651 1636 excellant,
1694 1575 1915 1638 habent,

336 1673 523 1713 verum
540 1661 702 1715 etiam
730 1664 847 1732 plus
875 1663 1327 1718 condemnamur.
1352 1662 1514 1720 Velut
1537 1666 1700 1734 igitur
1718 1667 1770 1720 in
1790 1682 1915 1736 per-

336 1765 470 1805 sona
505 1750 812 1808 Judaeorum
845 1754 962 1810 ait:
1026 1774 1044 1807 ι
1090 1754 1227 1821 Quid
1260 1755 1463 1822 igitur?
1493 1757 1846 1812 excellimus?
1889 1778 1909 1811 ι

335 1859 434 1913 pro
460 1859 527 1898 eo
558 1847 699 1915 quod
734 1856 837 1910 est,
875 1847 1218 1904 llabemosne
1239 1848 1475 1919 aliquam
1507 1849 1910 1913 excellentiam.

2022 1202 2285 1272 περισσὸν
2317 1203 2417 1273 μέν
2446 1221 2497 1256 τι
2518 1205 2564 1234 ’θ
2595 1199 2741 1273 εἶχον
2785 1202 2923 1256 καθὸ
2950 1204 2992 1234 ⁸⁸
3028 1201 3363 1271 ἐξελέγησαν
3421 1202 3525 1254 ὑπ’)
3564 1202 3614 1234 ’⁸

2020 1292 2154 1346 Θεοῦ
2181 1310 2197 1325 σ
2271 1293 2459 1366 ἐπειδὴ
2511 1296 2557 1329 ⁸³
2588 1294 2677 1348 διὰ
2731 1295 2840 1347 τῶν
2888 1294 3106 1348 οἰκείων
3142 1294 3395 1364 πράξεων
3420 1295 3466 1324 ⁸⁸
3497 1295 3623 1362 ἠτί-

2024 1403 2210 1457 μησαν
2243 1385 2335 1440 τὸν
2365 1387 2682 1458 τιμήσαντα
2718 1386 2917 1449 αὐτοὺς
2948 1385 3082 1439 Θεὸν
3108 1386 3201 1438 καὶ
3227 1384 3619 1452 ἐκλεξάμενον,

2020 1481 2081 1533 οὐ
2120 1480 2280 1549 μόνον
2319 1479 2477 1532 οὐδὲν
2527 1478 2792 1550 περισσὸν
2839 1478 3080 1549 ἔχουσιν,
3118 1476 3254 1531 ἀλλὰ
3307 1477 3402 1530 καὶ⁵
3448 1477 3621 1530 πλέον

2021 1571 2553 1639 καταγινώσκονται.
2585 1568 2758 1641 Φησὶν
2803 1570 2897 1624 οὖν
2946 1569 3021 1632 ὡς
3072 1571 3139 1622 ἐκ
3173 1567 3468 1640 προσώπου
3501 1569 3617 1621 τῶν

2031 1664 2301 1719 Ἰουδαίων
2323 1682 2335 1698 ·
2397 1685 2415 1717 ι
2444 1666 2508 1718 Τί
2540 1664 2675 1729 οῦνς
2712 1663 3057 1737 προεχόμεθα
3094 1665 3175 1731 ";
3223 1683 3241 1715 ι
3315 1665 3460 1716 Ἀντί
3494 1664 3614 1727 τοῦ,

2017 1751 2164 1826 τΑρα
2195 1755 2395 1827 ἔχομέν
2424 1774 2476 1810 τι
2507 1755 2690 1821 πλέον,
2737 1756 2833 1809 καὶ
2874 1754 3201 1826 προέχομεν,
3262 1755 3357 1808 καὶ
3392 1754 3600 1807 εὐδοκιο

2024 1847 2234 1930 μοῦμεν
2257 1850 2308 1901 oi
2341 1846 2605 1910 Ἰουδαῖοι,
2627 1847 2700 1910 ὡς
2727 1847 2820 1900 τὸν
2848 1847 3011 1916 νόμον
3042 1847 3136 1900 καὶ
3169 1845 3271 1917 τὴν
3305 1845 3613 1917 περιτομὴν

334 1953 397 1993 ac
435 1948 758 2007 praestamus
786 1940 930 2007 aliis,
964 1952 1017 1996 et
1070 1943 1346 2010 placemus
1377 1941 1487 1998 Deo
1543 1959 1653 2014 pra:
1699 1945 1903 2000 casteria

2017 1938 2335 2010 δεξάμενοι;
2361 1958 2378 1991 ι
2406 1939 2481 1992 Οὐ
2516 1940 2751 2001 πάντων
2787 1958 2805 1989 ι
2835 1938 2975 1999 ἀντὶ,
3001 1937 3291 2008 Οὐδαμῶς.
3326 1937 3437 1989 Καὶ
3477 1936 3614 1989 ’1ου-

332 2045 430 2082 nos
458 2028 649 2097 Judaei,
709 2033 909 2103 quippe
969 2034 1059 2103 qui
1108 2032 1280 2104 legem
1329 2049 1395 2089 ac
1434 2035 1906 2090 circumcisionem

331 2123 743 2190 acceperimus?
782 2145 802 2177 ι
846 2124 960 2181 Non
1000 2126 1245 2194 omninu,
1282 2145 1300 2178 ι
1344 2127 1501 2194 dixit,
1535 2143 1653 2198 pro,
1687 2125 1908 2197 Nequa-

331 2230 511 2283 quam.
543 2214 712 2272 Judmi
745 2218 890 2272 enim
949 2234 1101 2288 a-que
1144 2235 1209 2274 ac
1260 2216 1434 2275 Graeci
1487 2232 1800 2290 peccarunt,
1843 2237 1909 2274 ne

331 2307 529 2371 dicam,
567 2309 821 2375 amplius.
875 2309 1028 2365 Unde
1079 2326 1209 2365 vero
1244 2313 1345 2367 hoc
1399 2314 1746 2383 perspicuum
1781 2314 1910 2368 est?

331 2394 407 2450 Ex
440 2398 721 2465 prophetis
769 2400 1051 2467 nimirum,
1115 2400 1319 2456 Davide
1363 2419 1428 2457 ac
1482 2404 1648 2461 lsaia.
1687 2403 1907 2459 Davidis

325 2502 562 2558 namque
612 2501 738 2544 sunt
792 2491 905 2555 illa,
936 2494 1004 2546 ab
1048 2509 1114 2548 eo
1160 2494 1280 2549 loco
1328 2495 1485 2564 cujus
1546 2496 1760 2550 initium
1797 2508 1901 2560 est,

329 2599 349 2629 ι
390 2579 500 2634 Non
531 2594 614 2639 est
651 2583 832 2652 justus
887 2585 1198 2655 quisquam,
1241 2604 1259 2637 ι
1306 2601 1479 2657 usque
1518 2590 1586 2643 ad
1642 2605 1763 2642 eum
1812 2591 1903 2645 ubi

324 2669 519 2738 inquit,
590 2689 608 2723 ι
675 2673 1059 2731 Maledictione
1119 2687 1175 2730 et
1251 2680 1616 2735 amaritudine
1687 2683 1901 2750 plenum

323 2773 408 2815 est
441 2760 460 2800 ι
480 2778 495 2827 ;
530 2782 548 2812 ι
588 2764 739 2822 lsaia‘:
767 2777 973 2832 autem,
1009 2785 1029 2819 ι
1069 2766 1292 2823 Velores
1331 2772 1494 2838 pedes
1523 2786 1738 2838 eorum,
1778 2792 1798 2826 ι
1833 2776 1902 2829 ad

325 2871 500 2926 usque
533 2858 708 2913 lorum
733 2861 822 2915 ubi
855 2861 1056 2931 inquit,
1092 2881 1111 2914 ι
1151 2861 1304 2917 Viatn
1351 2866 1503 2934 pacis
1555 2883 1663 2923 non
1707 2885 1908 2940 cogno-

325 2958 518 3004 verunt
546 2951 596 3005 ⁸.
659 2970 680 3003 ι
743 2952 935 3007 Postea
990 2970 1204 3009 rursum
1236 2967 1362 3011 sunt
1395 2957 1612 3015 Davidis
1656 2976 1776 3031 qua:
1814 2978 1903 3018 se-

321 3051 585 3110 quuntur.
618 3043 1021 3103 Celeberrimos
1063 3049 1228 3117 igitur
1263 3052 1659 3120 prOpbetarum
1687 3056 1905 3110 adducit

2011 2030 2150 2084 δαῖοι
2182 2032 2287 2102 γὰρ
2336 2030 2532 2101 ἐπίσης
2590 2032 2701 2092 τοῖς
2756 2030 3014 2102 Ἕλλησιν
3048 2029 3326 2100 ἥμαρτον,
3380 2029 3466 2082 ἵνα
3522 2028 3600 2100 μὴ

2012 2122 2176 2177 πλέον
2214 2122 2379 2191 λέγω.
2413 2122 2524 2178 Καὶ
2553 2123 2719 2175 πόθεν
2749 2122 2939 2193 δῆλον;
2979 2121 3114 2176 Ἀπὸ
3143 2120 3251 2175 τῶν
3279 2121 3600 2191 προφητῶι,

2010 2216 2107 2270 τοῦ
2134 2234 2192 2270 τε
2218 2216 2381 2270 Δαυῖδ
2401 2218 2495 2269 καὶ
2524 2214 2620 2269 τοῦ
2662 2217 2905 2270 Ἡσαΐου.
2942 2213 3106 2267 Δαυϊδ
3137 2215 3236 2284 μὲν
3261 2213 3369 2282 γάρ
3395 2216 3501 2266 είσι
3536 2213 3607 2266 τὰ

2010 2308 2120 2360 ἀπὸ
2151 2306 2269 2372 τοῦ,
2330 2325 2349 2359 ι
2383 2307 2497 2361 Οὐκ
2550 2307 2666 2360 ἐστι
2698 2308 2908 2373 δίκαιος
2959 2307 3081 2360 οὐδὲ
3133 2300 3236 2371 εἷς,
3268 2325 3287 2359 ι
3326 2307 3455 2378 ἄχρι
3481 2306 3602 2375 τοῦ,

2017 2419 2035 2451 ι
2075 2400 2215 2471 ἀρᾶς
2240 2399 2330 2451 καὶ
2362 2398 2587 2471 πικρίας
2625 2399 2785 2467 γέμει
2808 2415 2819 2428 ⁸
2849 2419 2867 2450 ι
2910 2399 3131 2453 Ἡσαΐου
3156 2398 3212 2451 δὲ
3242 2400 3322 2462 τὸ,
3367 2418 3385 2451 ι
3432 2399 3605 2464 Ὀξείς

2007 2493 2057 2545 οἱ
2089 2493 2246 2555 πόδες
2258 2492 2457 2556 αὐτῶν,
2485 2512 2502 2543 ι
2526 2493 2631 2556 ἕως
2659 2492 2705 2523 ’⁸
2732 2491 2848 2557 τοῦ,
2878 2511 2895 2543 ι
2925 2492 3043 2546 ὁδὸν
3067 2493 3292 2563 εἰρήνης
3308 2492 3409 2547 οὐκ
3433 2492 3606 2562 ἔγνω.

2009 2601 2127 2638 σαν.
2162 2603 2181 2635 ι
2215 2582 2347 2637 Εἶτα
2378 2584 2538 2638 πάλιν
2562 2587 2629 2638 τὰ
2660 2584 2752 2638 τοῦ
2788 2585 2979 2642 Δαυϊδ.
3034 2586 3174 2648 Τοὺς
3206 2582 3300 2640 οῦν
3334 2587 3379 2617 ’⁷
3403 2603 3604 2660 γνωρι-

2010 2676 2294 2745 μωτάτους
2319 2675 2426 2728 τῶν
2450 2676 2746 2747 προφητῶν
2769 2677 3006 2747 παράγει
3032 2678 3372 2748 κατηγόρους
3394 2679 3598 2744 αὐτῶν,

2006 2769 2103 2821 καὶ
2150 2768 2569 2838 όμοφωνοῦντας
2622 2770 2665 2801 ’⁸
2697 2768 2948 2841 ἀλλήλοις
2998 2769 3264 2823 δείκνυσι.
3315 2771 3407 2824 Διὸ
3458 2777 3600 2841 μετὰ

2004 2862 2134 2924 τοὺς
2173 2860 2396 2916 Ἡσαΐου
2425 2862 2639 2931 λόγους,
2669 2858 2827 2926 αὖθις
2862 2860 2930 2915 τὰ
2962 2860 3057 2915 τοῦ
3110 2862 3274 2917 Δαυῖδ
3313 2865 3595 2935 ἐπιφέρει.

2017 2955 2076 3009 '0
2111 2955 2220 3026 γὰρ
2269 2955 2495 3017 Ἡσαῖας
2539 2954 2819 3025 προδήλως
2866 2954 3131 3026 περὶτῶν
3172 2956 3444 3011 Ἰουδαίων
3474 2959 3596 3011 διαι-

2004 3046 2224 3115 λέγεται
2244 3064 2258 3078 σ
2288 3046 2430 3101 ὥστε
2457 3048 2552 3100 καὶ
2584 3050 2614 3101 6
2633 3046 2800 3101 Δαυῒδ
2831 3047 2962 3117 περὶ
2991 3047 3099 3100 τῶν
3127 3049 3330 3104 αὐτῶν.
3369 3050 3518 3119 ’Δμα
3539 3051 3600 3106 δέ

318 3141 670 3191 accusatores
710 3135 992 3207 ipsorum,
1048 3140 1262 3212 sibique
1309 3143 1441 3212 ipsis
1493 3145 1902 3203 consentientes

2009 3157 2090 3202 τις
2122 3139 2367 3194 ἐκκλίνει
2413 3139 2523 3193 ἀπὸ
2555 3138 2649 3192 τοῦ
2678 3138 2865 3203 καλοῦ,
2906 3140 2999 3193 καὶ
3027 3139 3228 3203 εὑοέως
3255 3142 3597 3211 ἀχρειοῦταε.

322 3224 462 3279 inter
484 3242 543 3280 se
566 3238 754 3283 mutuo
780 3230 996 3286 iudicat.
1021 3232 1203 3301 Quare
1239 3249 1359 3305 post
1389 3237 1544 3292 Isaiae
1573 3240 1736 3294 verba
1779 3257 1899 3295 rur-

2014 3233 2081 3286 Ἦ
2130 3232 2239 3303 γὰρ
2268 3232 2472 3298 κακία,
2522 3230 2673 3284 οὐδὲν
2726 3231 2843 3285 ἀλλ’
2891 3231 2923 3303 ἢ
2965 3233 3300 3304 παρατροπή
3333 3235 3447 3287 ἐστι
3489 3235 3598 3288 τὲἑι

317 3333 443 3373 sum
471 3318 727 3377 Davidica
760 3321 935 3379 aﬂ‘ert.
974 3324 1142 3382 Isaias
1174 3329 1316 3383 enim
1376 3333 1663 3399 perspicue
1693 3333 1759 3387 de
1790 3331 1893 3387 iu-

2009 3324 2255 3393 φυσικῶν
2286 3326 2422 3395 πρὸς
2474 3328 2535 3378 τὸ
2566 3324 2728 3377 καλὸν
2772 3326 3041 3393 κινήσεων
3071 3340 3083 3353 ·
3115 3325 3239 3378 ὃθεν
3276 3325 3369 3379 καί¹
3397 3327 3476 3389 είς
3535 3340 3597 3381 το

320 3409 449 3462 dacis
484 3409 726 3468 disserit.
760 3414 993 3470 Proinde
1039 3419 1207 3472 etiam
1250 3428 1308 3475 et
1357 3422 1526 3476 David
1559 3423 1623 3476 de
1675 3424 1893 3480 iisdem.

2009 3417 2153 3489 παρὰ
2201 3417 2362 3485 φύσιν
2405 3417 2677 3485 ἐξάγουσα
2714 3416 2805 3471 τὸν
2826 3417 3142 3488 ἄνθρωπον,
3175 3419 3398 3487 ἀχρεῖον
3431 3419 3596 3471 αὐτόν

320 3501 513 3566 Porro,
548 3506 892 3574 simulatque
914 3511 1182 3577 qulspiam
1219 3527 1249 3565 a
1281 3513 1422 3567 bono
1453 3514 1896 3584 declinat,proti-

322 3612 423 3651 nus
452 3597 657 3654 inutilis
704 3601 972 3656 redditur.
1030 3602 1232 3658 Malitia
1269 3607 1416 3659 enim
1469 3606 1603 3661 nihil
1633 3608 1778 3663 aliud
1812 3619 1896 3664 est

317 3704 478 3757 quam
509 3694 786 3759 perversio
820 3696 1151 3751 naturalium
1198 3712 1328 3767 erga
1362 3698 1565 3752 bonum
1597 3713 1841 3756 motuum
1875 3722 1888 3757 :

319 3782 461 3837 unde
493 3785 558 3835 ad
591 3784 642 3839 id
673 3787 819 3855 quod
841 3797 1038 3855 praeter
1074 3800 1324 3843 naturam
1378 3799 1481 3854 est,
1513 3793 1784 3847 hominem
1814 3795 1897 3848 in-

317 3878 516 3940 citans,
577 3877 822 3932 inutilem
864 3880 1038 3948 ipsum
1087 3879 1271 3936 allicit.
1334 3880 1540 3936 Natura
1589 3885 1735 3939 enim
1782 3887 1896 3955 ipso

316 3969 572 4039 deinceps
602 3987 707 4024 non
745 3971 935 4037 utitur,
969 3971 1425 4042 quemadmodum
1471 3990 1572 4030 ucc
1597 3988 1896 4046 aegrotante

317 4061 488 4115 utitur
514 4063 578 4115 ad
640 4064 856 4129 propria
906 4078 1071 4131 opera
1118 4083 1133 4119 :
1173 4064 1448 4122 Praeterea
1483 4084 1505 4119 ι
1545 4070 1807 4124 contritio
1841 4082 1899 4124 et

313 4152 626 4219 infelicitas,
670 4173 691 4207 ι
724 4166 1003 4224 peccatum
1033 4165 1116 4211 est
1147 4174 1162 4211 :
1191 4157 1327 4211 nihil
1356 4159 1501 4211 enim
1540 4158 1678 4214 adeo
1703 4168 1893 4215 conte-

316 4246 387 4299 rit
418 4246 657 4300 animam
682 4256 846 4317 atque
890 4248 1088 4315 ipsum,
1126 4248 1196 4301 ob
1249 4247 1624 4303 dillicultatem
1656 4250 1894 4318 inequa-

316 4338 591 4393 litatemve
623 4340 720 4395 vim
743 4340 883 4409 ejus.
915 4337 1099 4394 Virtus
1122 4356 1358 4409 namque
1396 4355 1497 4397 ceu
1528 4340 1775 4396 naturale
1794 4355 1896 4393 no-

315 4441 485 4485 strum
515 4433 739 4498 bonum,
779 4433 974 4489 leviter
1006 4441 1061 4488 et
1088 4435 1374 4503 aequaliter
1405 4450 1503 4490 nos
1528 4434 1660 4489 ferri
1692 4435 1825 4491 facit
1875 4454 1890 4491 :

316 4524 410 4578 sed
448 4525 661 4590 vitium,
720 4541 818 4581 ceu
881 4539 1075 4595 prmter
1138 4539 1411 4589 naturam,
1469 4526 1605 4581 alias
1670 4526 1886 4597 quidem

1999 3514 2163 3565 ποιεί.
2198 3511 2395 3563 Οὐκέτι
2430 3511 2538 3580 γὰρ
2572 3508 2722 3578 αὐτῷ
2749 3511 2952 3580 χρᾶται
2984 3510 3017 3580 ή
3050 3508 3233 3578 φύσις,
3260 3510 3452 3581 ὥσπερ
3470 3512 3594 3567 οᾷδὲ

1998 3601 2078 3673 τῷ
2103 3601 2351 3656 νοσοῦντι
2388 3603 2466 3663 είς
2494 3602 2562 3655 τὰ
2592 3603 2767 3654 οἰκεῖα
2801 3600 2956 3670 ἔργα.
2995 3620 3014 3652 ι
3054 3600 3376 3673 Σύντριμμα
3410 3604 3466 3656 δὲ
3500 3607 3596 3658 καὶ

1998 3695 2363 3766 ταλαιπωρία,
2405 3713 2423 3745 ι
2462 3695 2494 3763 ἡ
2525 3694 2770 3763 ἁμαρτία
2790 3707 2805 3723 ⁸
2841 3694 2993 3749 οὐδὲν
3016 3695 3125 3767 γὰρ
3154 3694 3297 3749 οὕτω
3317 3697 3596 3767 συντίιίῦει

1997 3786 2195 3859 ψυχὴν,
2247 3788 2320 3850 ὡς
2349 3784 2488 3856 αὕτη
2531 3785 2619 3838 διὰ
2653 3787 2752 3856 τὴν
2779 3786 2996 3839 ἀνοδίαν
3028 3787 3221 3859 αὐτῆς.
3256 3788 3322 3841 Ἢ
3351 3789 3451 3860 μὲν
3480 3792 3593 3859 γὰρ

1997 3881 2189 3951 ἁρετὴ,
2220 3880 2296 3944 ὡς
2329 3881 2560 3949 φυσικῗιν
2596 3879 2755 3951 ἡμῶν
2784 3879 3010 3946 ἀγαῡὸν,
3046 3880 3205 3945 λείως
3238 3882 3332 3935 καὶ
3367 3882 3591 3950 ὁμαλῶς

1998 3975 2147 4046 ημᾶς
2196 3974 2466 4044 φέρεσθαι
2506 3975 2683 4026 ποιεῖ·
2721 3975 2754 4044 ἡ
2788 3974 2843 4027 δὲ
2876 3976 3064 4039 κακία,
3110 3974 3185 4037 ὡς
3216 3974 3368 4044 παρὰ
3398 3974 3584 4044 φύσιν,

2000 4072 2129 4125 ποτὲ
2167 4069 2269 4141 μὲν
2293 4070 2429 4134 ἄνω,
2469 4071 2601 4125 ποτὲ
2633 4070 2691 4123 δὲ
2722 4070 2873 4123 κάτω
2908 4074 3052 4123 ποιεί
3093 4070 3379 4141 φέρεσθαι,
3418 4075 3475 4124 ἐν
3499 4071 3590 4124 ἑλ-

1997 4166 2207 4235 λείψεσι
2244 4167 2337 4219 καὶ
2386 4165 2716 4236 ὑπερσολαῖς
2769 4164 3109 4235 φαινομένη⁹
3164 4166 3261 4218 καὶ
3289 4164 3379 4217 διὰ
3426 4164 3588 4218 τοῦτο

1998 4257 2284 4330 ἀνώμαλον
2311 4259 2441 4327 ἡμῖν
2474 4258 2568 4311 καὶ
2599 4256 2836 4325 ἔγκοπον
2870 4257 2913 4288 ²⁹
2948 4255 3177 4309 ποιοῦσα
3227 4257 3324 4323 τὴν
3345 4253 3584 4323 κίνησιν,

1998 4349 2087 4403 ἵνα
2118 4346 2192 4419 μὴ
2228 4347 2374 4416 λέγω
2394 4347 2493 4410 τὰς
2527 4348 2668 4417 μετὰ
2692 4346 2868 4399 ταῦτα
2896 4346 3164 4407 κολάσεις.
3198 4364 3216 4396 ι
3252 4344 3361 4398 Καὶ
3385 4344 3500 4398 ὁδὸν
3525 4344 3587 4401 δὲ

1998 4438 2272 4510 εἰρήνης,ι
2299 4435 2396 4510 τὴν
2421 4438 2562 4491 κατὰ
2587 4436 2719 4491 Θεὸν
2740 4436 3015 4491 πολιτείαν
3047 4438 3261 4507 νοήσεις
3281 4454 3297 4469 ·
3322 4436 3457 4506 αὕτη
3476 4436 3586 4505 γὰρ

1997 4532 2031 4601 ἡ
2058 4531 2173 4593 ὁδὸς
2197 4531 2295 4599 τῆς
2312 4528 2631 4600 ἀταραξίας.
2661 4547 2679 4581 ι
2720 4530 2926 4597 ’Ἄρατε
2956 4529 3086 4600 γὰρ,
3110 4530 3265 4602 φησὶ,
3299 4531 3389 4584 τὸν
3423 4527 3587 4597 ζυγόν

319 4634 557 4681 sursum,
589 4619 726 4673 alias
745 4635 873 4674 vero
906 4621 1166 4675 deorsum
1213 4620 1345 4675 facit
1400 4620 1555 4685 ferri,
1589 4622 1640 4674 in
1674 4619 1890 4677 delectu

2009 4640 2124 4692 μου,
2148 4623 2242 4675 καὶ
2258 4623 2517 4691 εὑρήσετε
2551 4622 2862 4674 ἀνάπαυσιν
2886 4637 2900 4651 ’
2943 4640 2963 4675 ι
3007 4622 3101 4674 καὶ
3132 4623 3229 4692 τῆς
3264 4621 3499 4693 ἀληθοῦς
3528 4619 3588 4673 δὲ

313 4720 370 4765 et
399 4714 711 4767 οιορμεὶιιιιε
749 4726 1035 4783 apparens,
1068 4729 1133 4769 ac
1163 4724 1450 4782 propterea
1481 4713 1799 4782 iumqualem
1833 4723 1889 4768 et

1996 4712 2223 4783 εἰρήνης
2248 4711 2341 4765 τοῦ
2378 4711 2617 4782 Χριστοῦ
2640 4714 2791 4767 ἐστιν
2814 4713 2932 4776 ὁδὸς
2965 4712 3126 4781 αῦτη.

314 4806 579 4863 dililcilem
641 4820 844 4863 motum
894 4810 1180 4873 exhibens,
1207 4824 1277 4864 ne
1305 4810 1482 4864 dicam
1536 4810 1801 4878 supplicia
1876 4807 2102 4878 posmac
2136 4815 2407 4861 secutura.
2464 4824 2482 4856 ι
2516 4805 2584 4860 Et
2622 4806 2761 4860 viam
2796 4808 2967 4875 p'acis.
3010 4827 3029 4859 ι
3087 4807 3240 4863 Piam
3292 4824 3586 4866 conversa-

314 4901 516 4955 tionem
547 4898 818 4971 iutelliges
876 4920 891 4956 :

315 5010 516 5061 meum,
576 5004 627 5047 et
663 4995 951 5052 invenietis
989 4998 1231 5066 requiem
1288 4997 1316 5036 ιι
1367 5013 1381 5051 :

388 5086 554 5142 Vens.
599 5089 689 5156 l9,
730 5089 823 5146 20.
857 5109 876 5141 ι
916 5088 1136 5146 Scimus
1164 5102 1347 5145 autem
1383 5095 1525 5161 quod
1558 5106 1893 5161 quascunque

313 5179 398 5231 ie'x
445 5180 702 5250 loquitur,
739 5182 805 5237 iis
829 5184 923 5250 qui
960 5182 1013 5236 in
1051 5182 1167 5253 lege
1204 5193 1330 5237 sunt
1354 5183 1609 5252 laquitur,
1646 5192 1704 5237 ut
1728 5199 1891 5237 omite

313 5288 379 5326 ns
407 5276 749 5339 obstruatur,
780 5284 835 5328 et
865 5276 1115 5330 subditus
1148 5276 1241 5329 ﬂat
1262 5277 1438 5332 omnis
1471 5278 1705 5330 mundus
1736 5275 1845 5330 Deo
1872 5293 1886 5340 ;

313 5364 439 5429 quia
472 5379 537 5419 ex
572 5367 827 5435 operibus
853 5368 1122 5439 legis28
1150 5384 1254 5423 non
1276 5368 1667 5435 justilicahitur
1706 5367 1885 5421 omnis

313 5468 447 5507 caro
474 5468 659 5509 coram
706 5457 815 5512 illo.
853 5476 873 5508 ι
915 5458 990 5513 Ne
1043 5462 1225 5512 dicant
1266 5459 1460 5522 Jurhui,
1517 5456 1645 5513 llaic
1686 5458 1751 5512 ad
1788 5472 1890 5513 nos

389 5570 412 5614 ί
457 5571 601 5628 Psal.
635 5590 753 5639 xm,
786 5575 840 5631 5.
920 5578 945 5616 ⁸
975 5574 1074 5630 lsa.
1112 5577 1291 5643 th,7.
1372 5576 1400 5616 ιι
1433 5574 1625 5631 Matth.
1658 5590 1736 5642 αι,
1767 5574 1858 5629 29.

952 4903 1070 4971 ipsa
1121 4903 1266 4957 enim
1321 4913 1407 4957 est
1454 4904 1539 4957 via
1588 4902 1792 4973 quietis
1862 4917 1927 4956 ac
1964 4898 2397 4969 tranquillitatis.
2464 4896 2604 4952 lliuc
2653 4916 2668 4952 :
2708 4916 2725 4948 ι
2792 4898 3007 4960 ’l‘ullite,
3052 4918 3070 4951 ι
3108 4899 3306 4967 inquit,
3343 4919 3362 4953 ι
3395 4902 3582 4972 jngum

1427 5016 1445 5049 ι
1496 5006 1659 5066 atque
1720 5005 1779 5051 ut
1817 4998 1886 5050 ad
1919 5009 2102 5051 veram
2138 4992 2339 5046 Christi
2372 5006 2557 5061 pacem
2588 4993 2895 5060 pervenias,
2926 4992 3039 5046 haec
3063 4994 3151 5049 via
3180 5004 3286 5051 est.

2078 5106 2097 5140 ι
2131 5088 2369 5157 Οἴδαμεν
2422 5087 2499 5152 δὲ,
2530 5089 2611 5142 ὅτι
2644 5088 2746 5142 ὅσα
2791 5089 2821 5140 6
2863 5088 3024 5158 νόμος
3057 5089 3229 5156 λέγει,
3278 5091 3390 5152 τοῖς
3419 5090 3477 5140 ἐν
3504 5090 3587 5160 τῷ

1999 5183 2149 5252 νόμῳ
2200 5180 2384 5234 λαλεῖ·
2441 5181 2528 5234 ἵνα
2559 5182 2667 5235 πᾶν
2714 5182 2888 5251 στόμα
2943 5184 3157 5252 φραγῇ,
3203 5180 3298 5235 καὶ
3331 5179 3587 5246 ὑπόδικος

1996 5276 2223 5344 γένηται
2254 5274 2362 5336 πᾶς
2392 5274 2420 5326 6
2449 5274 2653 5342 κόσμος
2674 5273 2752 5343 τῷ
2788 5272 2906 5344 Θεῷ
2930 5288 2942 5302 ·
2969 5273 3102 5327 διότι
3128 5272 3190 5339 ἐξ
3208 5273 3387 5343 ἔργων
3416 5273 3585 5343 νόμου

1994 5366 2056 5419 οὐ
2084 5366 2508 5437 δικαιωθήσεται
2555 5367 2707 5419 πᾶσα
2738 5366 2875 5435 σάρξ
2903 5365 2967 5420 ³⁸.
2994 5383 3016 5417 ι
3060 5364 3174 5418 Ἵνα
3229 5366 3306 5436 μὴ
3356 5365 3585 5420 εἴπωσιν

1993 5460 2044 5511 οἱ
2078 5458 2347 5525 Ἰουδαῖοι,
2382 5459 2466 5513 ὅτι
2505 5458 2691 5512 Ταῦτα
2724 5458 2786 5511 οὐ
2823 5459 2960 5529 πρὸς
2993 5459 3139 5530 ἡμᾶς
3180 5459 3397 5530 εἴρηται
3423 5474 3437 5488 ·
3472 5475 3584 5528 φη-

1650 5713 1846 5777 νοιὶω
1875 5713 2204 5776 lectiones.

390 5857 433 5888 "
454 5860 565 5914 ἂνω
581 5874 632 5912 0.
736 5859 782 5891 ²⁰
811 5860 993 5929 μέντοι
1019 5876 1066 5913 0.
1173 5861 1215 5891 ³⁸
1244 5861 1335 5912 καὶ
1357 5876 1409 5914 0.
1516 5862 1560 5892 "
1582 5860 1729 5925 ποιοᾶ
1755 5878 1807 5913 n.

321 5930 369 5967 ³⁸
394 5929 521 6003 ἄχρι
550 5944 604 5984 0.
680 5931 722 5962 ³⁷
752 5930 811 5986 δὲ
839 5952 892 5989 υ.

1923 5861 1968 5891 η
2014 5860 2099 5912 re.
2123 5858 2313 5927 ἐπειδὴ
2346 5858 2429 5910 δέ.

970 5932 1015 5962 ¹⁸
1037 5930 1469 6001 ὁμοφρονοῦντας
1504 5949 1557 5987 υ.
1637 5931 1679 5963 ³⁹
1714 5932 1980 5999 ἕγκοπτον
2011 5947 2062 5985 υ.
2144 5930 2186 5962 ³ο
2213 5928 2358 5983 Edit.
2398 5929 2626 5982 ἐνώπιον
2642 5928 2840 5986 αὐτοῦ.

2541 5857 2813 5936 ’τ’ἔργωνΔ
2835 5878 2887 5915 o.
2988 5864 3031 5896 ⁸⁸
3078 5864 3458 5936 προερχεμεθα
3496 5882 3572 5919 ιιι.
