4038 6650
435 381 540 444 307

1337 373 1929 437 THEO'PIIYLACTI
1973 373 2219 437 BULGA
2233 372 2390 435 RI/E
2429 369 2784 434 ARCHIEP.

3592 367 3724 431 388

437 490 660 545 omnino
701 489 868 545 Dedm
907 487 1215 544 oﬂenderit.
1252 488 1372 543 Jam
1407 492 1497 559 qui
1554 489 1779 543 olfendit
1824 488 2010 554 Deum,

2141 489 2512 558 ιπεστέρηται,
2538 483 2920 556 προσκρούσας
2949 482 3084 544 ὅλως
3115 482 3192 550 τῷ
3219 480 3337 550 Θεῷ
3359 497 3374 513 ⁸
3404 483 3433 534 ό
3452 480 3508 534 δὲ
3535 497 3699 551 προσ
3717 509 3730 517 -

441 583 793 652 ignominiam
824 591 996 645 certe,
1029 595 1134 634 non
1188 581 1418 650 gloriam
1452 579 1640 633 refert.
1669 579 1738 634 At
1772 580 1915 633 enim
1951 594 2017 633 ne

439 675 772 742 despondeas
825 683 1110 742 propterea
1157 673 1423 726 animum.
1464 670 1841 725 Justilicantur
1873 671 2018 725 enim

439 782 632 822 omnes
655 766 824 836 gratis
850 765 1022 836 gratia
1049 765 1142 819 Dei
1171 777 1335 834 aquae
1364 765 1537 830 gratia
1570 778 1665 830 per
1695 762 2021 832 redemptio-

441 874 560 913 nem
601 857 681 922 lit,
730 858 829 912 hoc
865 868 968 922 est.
998 856 1297 928 perfectam
1351 856 1655 910 libertatem
1685 871 1845 923 quam
1881 868 2018 923 ope-

441 959 590 1006 ratus
617 962 704 1006 est
739 951 1014 1006 Christus.
1055 947 1173 1019 Ipse
1224 949 1371 1004 enim
1417 961 1539 1003 sese
1568 947 1620 1001 in
1663 946 1896 1016 pretium
1933 959 2022 1000 re-

439 1043 769 1112 demptionis
798 1043 956 1107 dans,
983 1041 1302 1110 juStiﬁcavit
1331 1055 1452 1096 nos.

513 1133 674 1189 Vens.
718 1133 908 1188 25-26.
953 1152 972 1185 ι
1011 1133 1181 1199 Quem
1214 1132 1498 1202 proposuit
1529 1130 1670 1186 Dens
1721 1145 1815 1200 per
1860 1129 2021 1184 ﬁdem

441 1226 873 1296 prOpitiatorinm
925 1225 977 1277 in
1024 1223 1190 1290 ipsius
1250 1223 1562 1292 Sanguine,
1623 1219 1690 1274 ad
1736 1221 2015 1274 ostensio-

443 1335 562 1372 nem
615 1317 839 1386 iustitiae
889 1331 1000 1370 suae
1044 1325 1263 1384 propter
1309 1314 1689 1368 remissionem
1717 1312 2025 1382 praeterito-

2120 580 2383 650 κρούσας,
2419 579 2685 647 αἰσχύνην
2743 575 3079 647 καρποῦται,
3115 575 3177 627 ού
3200 573 3379 638 δόξαν.
3417 571 3582 626 Ἀλλὰ
3629 573 3730 640 μὴ

2120 671 2376 742 ἀπογνῷς
2401 686 2418 701 ο
2450 667 2788 723 δικαιοῦνται
2817 667 2926 739 γὰρ
2952 667 3154 730 πάντες
3180 665 3394 737 δωρεὰν
3423 667 3490 736 τῇ
3523 666 3732 736 χάριτι

2120 761 2216 816 τοῦ
2240 762 2376 815 Θεοῦ
2397 779 2410 793 ·
2446 763 2562 832 ἥτις
2591 761 2750 830 χάρις
2780 759 2869 812 διὰ
2895 759 2992 828 τῆς
3010 759 3446 830 ἀπολυτρώσεως
3474 759 3730 828 γίνεται,

2121 852 2395 916 τουτέστι,
2443 852 2544 920 τῆς
2587 850 2806 913 τελείας
2845 849 3183 920 ἐλευθερίας,
3236 849 3304 920 ἢν
3348 850 3671 920 ὶνήργησεν
3699 851 3734 903 δ

2123 943 2380 1010 Χριστός.
2409 937 2578 1005 Οὗτος
2609 941 2720 1012 γὰρ
2748 938 2943 1012 λύτρον
2982 939 3176 994 ἑαυτὸν
3210 940 3356 1004 δοὺς,
3385 940 3734 994 ἐδικαίωσεν

2123 1035 2294 1105 ἡμᾶς.

2200 1146 2220 1179 ι
2261 1129 2356 1179 Ὃν
2398 1125 2664 1197 προέθετο
2693 1128 2722 1178 ό
2748 1125 2881 1187 Θεὸς
2925 1125 3240 1197 ἱλαστήριον
3263 1123 3354 1178 διὰ
3388 1123 3635 1187 πίστεως
3665 1126 3731 1176 ὲν

2128 1220 2204 1289 τῷ
2236 1220 2402 1272 αὑτοῦ
2443 1220 2660 1289 αἵματι,
2693 1221 2773 1281 εἰς
2817 1217 3046 1282 ἔνδειξιν
3076 1218 3174 1287 τῆς
3210 1217 3565 1286 δικαιοσύνης
3614 1217 3732 1269 αύ-

2127 1309 2246 1372 τοῦ,
2275 1309 2364 1362 διὰ
2393 1310 2492 1380 τὴν
2521 1311 2754 1380 πάρεσιν
2782 1309 2890 1362 τῶν
2920 1311 3334 1380 προγεγονότων
3369 1308 3728 1380 ἁμαρτημά-

444 1420 564 1460 rum
622 1405 976 1463 delictorum.
1015 1403 1070 1456 ln
1123 1403 1518 1458 sustentatione
1571 1403 1661 1456 Dei
1713 1405 1779 1456 ad
1837 1414 2026 1457 osten-

2141 1420 2237 1456 ιων
2263 1420 2276 1433 ·
2318 1403 2377 1455 ἐν
2414 1405 2481 1473 τῇ
2520 1403 2688 1473 ἀνοχῇ
2715 1402 2809 1455 τοῦ
2845 1402 3006 1466 θεοῦ,
3040 1403 3175 1470 πρὸς
3222 1403 3451 1467 ἔνδειξιν
3495 1402 3594 1470 τῆς
3637 1402 3729 1454 δι·

443 1499 652 1552 sionem
707 1497 931 1566 iustitia:
961 1496 1077 1564 ejus
1114 1498 1165 1550 in
1217 1495 1320 1550 hoc
1370 1507 1644 1566 tempore,
1681 1505 1737 1550 ut
1793 1496 1866 1549 sit
1911 1497 2028 1566 ipse

2141 1493 2424 1564 καιοσύνης
2470 1495 2661 1559 αὐτοῦ,
2700 1497 2758 1548 ὲν
2797 1494 2875 1564 τῷ
2937 1496 3034 1548 νῦν
3087 1495 3288 1567 καιρῷ,
3336 1499 3414 1557 είς
3463 1496 3524 1547 τὸ
3578 1491 3730 1546 εἶναι

439 1591 638 1657 justus,
681 1598 735 1642 et
763 1588 1071 1658 justiticans
1127 1605 1248 1643 eum
1297 1590 1384 1658 qui
1427 1601 1508 1644 est
1553 1605 1616 1643 ex
1665 1589 1767 1643 [ide
1795 1586 1943 1642 Jesu.
2001 1606 2022 1641 ι

2141 1587 2292 1640 αὑτὸν
2327 1587 2554 1651 δίκαιον,
2581 1588 2675 1638 καὶ
2717 1585 3030 1639 δικαιοῦντα
3079 1587 3170 1639 τὸν
3219 1591 3283 1640 ἐκ
3323 1586 3562 1649 πίστεως
3611 1587 3734 1652 Ἰηι

449 1701 468 1734 ι
526 1681 894 1749 Propitiatorii
949 1690 1005 1736 et.
1066 1683 1412 1751 snnguinisp
1487 1682 1751 1746 tneininit,
1792 1693 1849 1735 ut
1903 1697 2027 1751 per-

2141 1679 2250 1734 σοῦ.
2295 1699 2314 1731 ι
2366 1679 2703 1750 Ἱλαστηρίου
2737 1680 2833 1732 καὶ
2867 1679 3099 1750 αἵματος
3145 1680 3442 1750 μέμνηται,
3478 1680 3613 1748 πρὸς
3667 1679 3733 1730 τὸ

447 1773 640 1827 suadet
690 1771 876 1828 Juda-o
908 1809 925 1838 ,
987 1774 1132 1840 quod
1175 1787 1270 1842 per
1320 1771 1599 1827 Christmn
1660 1772 1912 1828 remissio
1973 1782 2028 1832 et

2141 1774 2322 1825 πεῖσαι
2378 1771 2471 1825 τὸν
2515 1772 2789 1835 Ἰουδαῖον,
2821 1771 2903 1824 ὅτι
2925 1773 2984 1824 ὲν
3008 1771 3231 1842 Χριστῷ
3261 1774 3294 1841 ἡ
3335 1773 3529 1839 ἄφεσις
3561 1771 3662 1824 καὶ
3696 1772 3731 1839 ἠ

439 1865 759 1936 justiilcatio
803 1866 918 1922 liat.
965 1865 1024 1919 Si
1076 1868 1220 1919 enim
1287 1875 1363 1928 tu,
1395 1865 1594 1934 inquit,
1623 1866 1886 1934 sanguine
1931 1880 2028 1934 pe-

2141 1865 2414 1927 δικαίωσις
2446 1863 2676 1928 γίνεται.
2716 1864 2778 1916 El
2807 1865 2918 1934 γὰρ
2939 1865 3025 1925 σὺ,
3057 1864 3247 1935 φησὶν,
3275 1864 3471 1930 αἵματι
3512 1862 3726 1934 πρ.6α-

446 1962 644 2014 cudum
688 1957 817 2012 dilui
867 1969 1086 2025 peccata
1145 1958 1418 2012 credidisti
1451 1999 1466 2021 ,
1529 1958 1699 2011 multo
1749 1958 1921 2026 magis
1978 1955 2030 2010 id

2141 1977 2242 2013 των
2278 1960 2558 2028 ἁμαρτίας
2587 1958 2661 1990 ³⁸⁸
2688 1957 2918 2010 λύεσθαι
2959 1958 3266 2022 ἐπίστευες,
3301 1955 3482 2024 πολλῷ
3518 1955 3732 2025 μᾶλλον

448 2049 709 2120 sanguine
738 2047 938 2104 Christi
969 2047 1082 2102 tiet.
1110 2047 1264 2114 Quod
1295 2049 1340 2103 si
1367 2049 1803 2118 propitiatorium
1839 2048 2028 2116 legale,

446 2141 652 2197 Christi
686 2151 850 2213 typus
884 2140 1180 2206 exsistens,
1206 2150 1413 2195 tantum
1442 2141 1694 2202 valuerit,
1730 2141 1901 2195 multo
1923 2157 2034 2194 ma-

448 2232 529 2303 gis
574 2233 690 2303 ipsa
730 2233 928 2288 veritas
975 2233 1192 2286 valebit.
1231 2233 1673 2303 Propitiatorium
1718 2242 1899 2289 autem
1934 2247 2032 2290 vo-

449 2327 684 2380 cabatur
714 2341 856 2382 arca:
882 2327 1291 2396 cooperculum,
1327 2327 1469 2398 quod
1495 2343 1560 2382 ex
1603 2338 1835 2396 utraque
1882 2335 2034 2396 parte

447 2422 727 2474 cherubim
773 2423 1116 2491 obtegebant.
1149 2421 1633 2476 lndicabatautem
1673 2422 1893 2476 omnino
1932 2421 2037 2474 hu-

453 2525 665 2564 manam
697 2519 968 2574 naturam,
992 2525 1114 2580 qua:
1148 2511 1550 2577 conpertoriuin
1570 2522 1690 2566 erat
1711 2511 2032 2578 divinitatis,

453 2611 746 2674 contegens
770 2605 967 2674 ipsam.
999 2602 1414 2658 Gloriﬁcabatur
1439 2613 1620 2656 autem
1663 2604 1728 2656 ab
1776 2601 2036 2671 angelicis

452 2695 743 2748 virtutibus
779 2693 1216 2748 ministrantibus
1250 2693 1328 2757 ei,
1353 2706 1576 2762 propter
1613 2693 1866 2746 unionem
1914 2705 2035 2760 qua:

448 2789 496 2840 ei
526 2803 648 2840 cum
683 2787 793 2840 Deo
843 2784 1024 2842 Verbo
1073 2795 1210 2840 erat.
1250 2803 1269 2837 ι
1313 2784 1602 2854 ι’τοιιοειιίι
1638 2804 1658 2837 ι
1713 2799 1844 2840 vero
1878 2783 2036 2852 dixit,

455 2892 514 2934 ut
542 2881 854 2936 ostenderet
891 2881 1002 2948 jam
1033 2880 1161 2934 olim
1209 2880 1602 2950 praedetinitam
1649 2893 1773 2934 esse
1823 2878 2036 2933 redem-

455 2974 687 3042 ptionem
723 2987 820 3042 per
845 2971 972 3027 Jesu
1001 2972 1204 3028 Christi
1253 2972 1594 3041 sanguinem,
1629 2972 1704 3026 ad-
1740 2971 2035 3024 sanandam

457 3067 751 3138 paralysin,
821 3066 924 3120 hoc
976 3075 1100 3134 est,
1157 3067 1632 3120 mortificationem
1686 3075 2034 3136 peccatorum

457 3170 614 3213 antea
641 3160 1024 3224 admissurum,
1065 3177 1085 3211 ι
1144 3160 1196 3213 in
1237 3159 1497 3229 patientia
1553 3159 1671 3213 Dei.
1720 3177 1739 3210 ι
1776 3159 2037 3226 Quamvis

457 3253 603 3306 enim
656 3251 819 3305 multa
865 3249 962 3306 Dei
1014 3251 1259 3306 bonitate
1311 3250 1392 3305 usi
1444 3266 1653 3318 sumus,
1721 3249 2036 3322 paralyticis

463 3355 642 3397 tamen
673 3358 736 3398 ac
762 3344 988 3398 mortuis
1017 3344 1222 3398 similes
1258 3358 1496 3399 eramus.
1524 3342 1650 3398 Haec
1688 3354 1870 3398 autem
1900 3358 2035 3399 con-

460 3437 699 3507 tigerunt
729 3453 748 3487 ι
793 3437 860 3488 ad
918 3439 1284 3490 ostensionem
1323 3435 1551 3504 iustitiae
1591 3454 1610 3487 ι
1647 3437 1761 3500 Dei,
1826 3451 1932 3490 non
1980 3445 2040 3490 ut

458 3529 574 3597 ipse
601 3529 748 3582 solus
773 3527 1234 3598 videaturjustus,
1263 3529 1356 3582 sed
1381 3529 1505 3582 talis
1539 3529 1630 3596 qui
1660 3538 1716 3582 et
1743 3528 1878 3582 alios
1911 3543 2041 3596 pec-

459 3631 584 3672 cato
612 3627 858 3674 mortuos
898 3622 1227 3675 resuscitare
1263 3630 1316 3674 et
1338 3619 1642 3690 justilicai-e
1670 3630 1832 3690 queat
1869 3635 1883 3671 :
1915 3635 2039 3689 per-

461 3713 586 3766 inde
639 3728 700 3766 ac
742 3714 904 3766 alicui
939 3713 1247 3766 divitiarum
1297 3711 1553 3766 indicium
1586 3721 1686 3775 est,
1711 3726 1816 3765 non
1861 3713 2038 3766 solum

457 3806 599 3873 quod
630 3807 745 3875 ipse
796 3807 947 3860 dives
981 3807 1074 3868 sit,
1105 3805 1201 3860 sed
1233 3804 1374 3875 quod
1421 3805 1558 3858 alios
1613 3805 1785 3858 ditare
1849 3803 2038 3874 possit.

460 3902 537 3953 λε
581 3900 763 3966 itaque
797 3897 1040 3968 pudelias
1099 3899 1249 3952 hunc
1314 3897 1367 3951 in
1421 3898 1639 3952 modum
1687 3898 2039 3967 jnStiticatus.

458 3991 594 4045 Nam
642 3993 692 4045 si
732 3991 873 4044 Deus
939 3992 1043 4046 hoc
1099 3989 1304 4044 faciens
1356 4004 1416 4044 se
1463 3999 1725 4055 ostentat,
1791 3990 1895 4043 hoe
1936 3999 2039 4056 est,

460 4084 562 4138 sibi
611 4083 785 4152 placet
838 4097 903 4137 ac
927 4082 1212 4152 gloriatur,
1271 4080 1433 4136 veluti
1501 4096 1603 4136 nos
1627 4081 1932 4150 justiﬂcans
1989 4083 2040 4136 in

460 4177 710 4243 p'a‘seltli
740 4213 756 4241 ,
816 4176 869 4228 id
914 4183 1018 4239 est,
1069 4174 1288 4243 quando
1337 4182 1620 4242 peccatum
1687 4187 2043 4226 consumma-

463 4281 574 4320 tum
615 4278 697 4322 est
725 4309 740 4334 ,
785 4280 841 4322 et
883 4267 1098 4336 quando
1129 4266 1196 4320 de
1242 4267 1396 4321 nobis
1417 4266 1584 4320 veluti
1631 4265 1943 4336 paralyticis
1990 4274 2045 4320 et

461 4361 726 4426 mortuis,
790 4359 1186 4414 conclamatum
1243 4367 1347 4420 est,
1399 4372 1570 4427 quare
1613 4365 1690 4422 tu,
1719 4355 1926 4422 Judme,
1973 4357 2043 4412 ob

461 4452 765 4521 hujnstnodi
808 4450 902 4504 Dei
925 4449 1152 4520 gloriam
1187 4448 1511 4504 erubescis?

2132 2050 2210 2121 τῷ
2238 2050 2431 2120 αἵματι
2462 2049 2554 2102 τοῦ
2580 2047 2818 2119 Χριστοῦ
2844 2065 2858 2078 ·
2887 2049 2981 2100 καὶ
3014 2050 3063 2100 εἰ
3092 2047 3150 2100 τὸ
3180 2047 3497 2117 ἱλαστήριον
3528 2045 3592 2098 τὸ
3637 2063 3730 2098 νο-

2135 2140 2318 2210 μικὸν,
2350 2140 2520 2202 τύπος
2547 2138 2607 2192 ὃν
2635 2139 2732 2192 τοῦ
2764 2137 3024 2210 Χριστοῦ,
3069 2142 3328 2208 τοιαύτην
3358 2135 3506 2209 εἶχεν
3539 2139 3724 2209 ἰσχὺν,

2138 2233 2318 2305 πολλῷ
2361 2233 2563 2304 μᾶλλον
2608 2235 2642 2303 ἡ
2688 2231 2936 2303 ἀλήθεια.
2991 2232 3329 2303 Ἱλαστήριον
3362 2232 3420 2286 δὲ
3471 2233 3730 2285 ἐκαλεῖτο

2134 2329 2196 2382 τὸ
2229 2327 2400 2396 πῶμα
2429 2327 2530 2396 τῆς
2558 2325 2817 2390 κιϐωτοῦ,
2849 2327 2878 2378 ὃ
2907 2328 2966 2393 ἐξ
2990 2326 3270 2397 ἑκατέρων
3301 2327 3410 2378 τῶν
3439 2326 3628 2396 μερῶν
3657 2327 3730 2376 τα

2137 2418 2406 2491 Χερουῦὶν
2456 2418 2735 2487 περιεῖχον
2771 2417 2838 2469 ³⁸.
2883 2416 3099 2488 Ἐδήλου
3129 2417 3188 2468 δὲ
3230 2417 3448 2479 πάντως
3489 2415 3589 2486 τὴν
3623 2416 3727 2467 ἀνι

2138 2512 2418 2585 θρωπίνην
2435 2509 2624 2581 φύσιν,
2659 2510 2780 2580 ἥτις
2808 2508 2976 2580 πῶμα
3000 2505 3068 2581 ἦν
3097 2509 3502 2580 τῆςξοειότητος,
3525 2509 3729 2561 ἐπικα-

2139 2607 2418 2660 λύπτουσα
2443 2603 2671 2673 ταύτην.
2716 2602 3030 2670 Ἐδοξάζετο
3065 2604 3251 2673 μέντοι
3285 2602 3388 2656 ὑπὸ
3412 2601 3520 2654 τῶν
3547 2603 3722 2669 ἀγγε-

2140 2698 2309 2752 λικῶν
2345 2697 2629 2767 δυνάμεων
2644 2695 3006 2750 διακονουσῶν
3037 2695 3198 2764 αὐτῇ,
3229 2693 3320 2747 διὰ
3347 2692 3446 2764 τὴν
3471 2693 3608 2764 πρὸς
3631 2693 3728 2745 τὸν

2150 2791 2284 2844 Θεὸν
2316 2773 2489 2859 Λόγον
2520 2791 2735 2844 ἕνωσιν.
2761 2809 2778 2841 ι
2802 2787 3070 2860 Προέθετο
3092 2807 3110 2838 ι
3127 2787 3203 2848 δὲ,
3234 2780 3408 2851 εἶπεν,
3436 2787 3522 2838 ἵνα
3540 2784 3719 2854 δείξῃ,

2138 2886 2220 2938 ὅτι
2251 2885 2418 2938 πάλαι
2447 2883 2756 2955 προώριστο
2783 2883 2815 2952 ἡ
2848 2882 2936 2934 διὰ
2970 2880 3065 2932 τοῦ
3098 2879 3328 2949 αἵματος
3351 2878 3446 2930 τοῦ
3479 2877 3726 2947 Χριστοῦ

2139 2977 2522 3048 ἀπολύτρωσις
2559 3015 2574 3041 ,
2637 2975 2725 3029 διὰ
2780 2977 2844 3028 τὸ
2904 2973 3161 3028 ἰάσασθαι
3216 2973 3260 3004 ³’
3307 2972 3408 3041 τὴν
3462 2972 3722 3042 πάρεσιν,

2140 3070 2444 3137 τουτέστι,
2496 3070 2596 3140 τὴν
2647 3069 2920 3138 νέκρωσιν
2971 3071 3080 3120 των
3139 3067 3554 3138 ἁμαρτημάτων
3613 3064 3724 3116 τῶν

2141 3161 2579 3232 προγεγονότων,
2620 3161 2679 3212 ὲν
2719 3160 2784 3229 τῇ
2847 3159 3014 3227 ἀνοχῇ
3054 3155 3148 3208 τοῦ
3193 3155 3352 3208 Θεοῦ.
3381 3152 3576 3207 Καίτοι
3615 3151 3726 3221 γὰρ

2144 3253 2346 3323 πολλῆς
2399 3251 2810 3312 ἀπολαύσαντες
2858 3250 2954 3320 τῆς
2993 3247 3090 3302 τοῦ
3137 3246 3271 3300 Θεοῦ
3329 3245 3722 3317 χρηστότητος.

2142 3344 2292 3415 ὅμως
2331 3343 2664 3413 παραλύτοις
2706 3341 2973 3413 ἐῴκειμεν
3020 3342 3114 3394 καὶ
3165 3341 3399 3410 νεκροῖς.
3437 3337 3624 3390 Ταῦτα
3667 3335 3724 3388 δὲ

2143 3438 2392 3507 γέγονεν,
2431 3439 2510 3500 είς
2542 3437 2773 3503 ἔνδειξιν
2794 3435 2894 3504 τῆς
2923 3433 3016 3488 τοῦ
3055 3432 3192 3487 Θεοῦ
3230 3431 3602 3500 δικαιοσύνης,
3638 3430 3725 3483 ἵνα

2147 3533 2224 3602 μὴ
2257 3533 2415 3600 μόνος
2443 3530 2605 3593 αὐτὸς
2622 3531 2764 3600 φανῇ
2792 3528 3024 3590 δίκαιος,
3055 3526 3192 3579 ἀλλὰ
3209 3525 3303 3578 καὶ
3331 3524 3550 3594 ἑτέρους
3569 3538 3723 3576 νενε-

2145 3623 2465 3694 κρωμένους
2500 3623 2565 3691 τῇ
2586 3619 2833 3690 ἁμαρτίᾳ
2859 3620 3088 3689 ἀνιστᾷν
3142 3616 3237 3670 καὶ
3277 3615 3521 3669 δικαιοῦν
3558 3614 3724 3667 δυνά-

2145 3730 2338 3784 μενοςο
2372 3712 2563 3784 ῶσπερ
2598 3711 2823 3775 ἔνδειξις
2852 3709 3110 3774 πλούτου,
3135 3711 3195 3761 τὸ
3233 3709 3310 3779 μὴ
3349 3706 3511 3776 μόνον
3555 3705 3724 3759 αὐτόν

2141 3826 2263 3862 τινα
2318 3805 2458 3861 εἷναι
2493 3807 2772 3870 πλούσιον,
2805 3805 2943 3858 ἀλλὰ
2991 3805 3088 3858 καὶ
3126 3803 3351 3873 ἑτέρους
3408 3799 3724 3863 πλουτίζειν

2154 3901 2442 3955 δύνασθαι.
2473 3899 2567 3970 Μὴ
2611 3899 2794 3952 τοίνυν
2825 3896 3192 3968 ἐπαισχυνθῇς
3215 3893 3360 3948 οὕτω
3409 3891 3725 3960 δικαιούμε-

2143 4010 2255 4056 νος.
2292 3993 2356 4046 Εἰ
2386 3993 2494 4062 γὰρ
2523 3994 2551 4045 ὁ
2588 3991 2719 4053 Θεὸς
2744 3990 3081 4042 ἐνδείκνυται
3115 3985 3277 4040 τοῦτο
3339 3984 3530 4048 ποιῶν,
3570 4000 3726 4036 τουτ-

2146 4085 2285 4147 έστι,
2339 4080 2741 4146 καλλωπίζεται
2767 4079 2864 4134 καὶ
2914 4078 3310 4148 ἐναϐρύνεται,
3368 4074 3441 4136 ῶ,
3496 4071 3727 4125 δικαιῶν

2144 4176 2288 4246 miti;
2317 4175 2375 4228 ὲν
2403 4173 2481 4243 τῷ
2510 4173 2604 4227 νῦν
2639 4171 2837 4242 καιρῷ,
2865 4170 3170 4232 τουτέστιν,
3191 4168 3280 4221 ὅτε
3322 4164 3656 4236 ὲκορυφὼθη
3686 4166 3718 4234 ἡ

2145 4267 2413 4338 ἁμαρτία,
2455 4268 2545 4320 ὅτε
2571 4263 3010 4334 ἀπεγνώσθημεν
3035 4262 3109 4324 ὡς
3158 4260 3484 4330 παρειμένοι
3515 4257 3610 4311 καὶ
3642 4274 3726 4310 νεο

2145 4361 2506 4431 νεκρωμένοι,
2531 4360 2647 4423 πῶς
2671 4359 2736 4412 σὺ
2763 4359 2791 4410 ό
2818 4356 3067 4418 Ἰουδαῖος
3087 4351 3388 4422 ὲπαισχύνῃ
3414 4353 3481 4421 τῇ
3500 4349 3726 4418 τοιαύτῃ

2146 4453 2240 4504 τοῦ
2272 4449 2408 4504 Θεοῦ
2441 4450 2568 4521 δόξῃ
2592 4467 2608 4517 ;

534 4540 698 4596 νειιε.
740 4541 832 4593 27.
870 4559 888 4592 ι
931 4537 1033 4595 Ubi
1063 4548 1150 4594 est
1187 4554 1316 4610 ergo
1369 4537 1624 4608 gloriatio
1655 4537 1784 4592 tua?
1813 4538 2035 4592 Exclusa

2223 4563 2241 4596 ι
2295 4542 2404 4596 Ποῦ
2446 4537 2542 4596 οὖν
2586 4545 2618 4612 ἡ
2673 4542 2975 4613 καύχησιςς
3036 4539 3403 4610 Ἐξεκλείσθη.
3439 4542 3538 4594 Δμὰ
3568 4541 3722 4594 ποίου

457 4643 561 4687 est.
596 4633 700 4687 Per
753 4647 912 4701 quam
971 4634 1183 4701 legem?
1235 4630 1748 4696 Factorum?Non;
1799 4632 1894 4686 sed
1943 4645 2040 4699 per

462 4727 631 4796 tegent
658 4727 801 4783 lidei.
849 4745 866 4776 ι
914 4725 1314 4780 Demonstravit
1365 4724 1511 4794 quod
1554 4739 1649 4793 per
1682 4724 1843 4778 ﬁdem
1880 4725 2042 4792 justi-

463 4822 687 4872 iicamur
721 4836 735 4870 :
764 4820 955 4873 merito
984 4819 1144 4887 igitur
1166 4817 1411 4871 Judaeum
1446 4825 1829 4886 percontatur:
1852 4836 1870 4866 ι
1913 4815 2041 4871 Ubi-

465 4928 586 4966 nam
609 4924 690 4966 est
719 4912 965 4980 gloriatio
995 4923 1081 4964 tua
1115 4930 1134 4963 ι
1166 4909 1276 4980 30
1299 4921 1352 4964 et
1376 4909 1728 4980 arrogantia?
1764 4909 1877 4963 Non
1910 4911 2042 4964 dicit

462 5014 668 5070 autem,
700 5004 804 5060 Ubi
824 5014 908 5059 est
937 5002 1147 5058 virtus?
1178 5019 1278 5057 nec
1299 5003 1442 5056 enint
1473 5001 1744 5056 habebant
1761 5003 2040 5069 virtutem,

461 5099 554 5152 sed
581 5098 748 5152 solani
791 5097 1190 5166 gloriationetn.
1227 5097 1305 5150 Ac
1321 5096 1523 5160 subdit,
1563 5111 1584 5145 ι
1628 5092 1857 5148 Exclnsa
1889 5106 1992 5160 est,
2023 5113 2042 5146 ι

463 5203 563 5259 pro
593 5205 654 5242 eo
679 5191 821 5258 quod
858 5199 964 5255 est,
987 5190 1223 5257 Tempus
1253 5186 1485 5256 amplius
1515 5201 1623 5241 non
1657 5187 1816 5262 habet
1845 5202 2043 5256 oppor-

464 5293 674 5338 tunum.
697 5285 839 5338 Ante
895 5269 1173 5339 Christum
1213 5283 1355 5337 enim
1391 5292 1755 5350 opportunum
1786 5289 1903 5334 erat
1927 5281 2044 5350 glo-

465 5375 593 5428 riari
629 5377 680 5430 in
751 5381 867 5446 lege
900 5393 916 5430 :
951 5375 1060 5445 jatn
1103 5390 1234 5429 vero
1279 5375 1500 5427 minime
1530 5387 1890 5442 opportunum
1938 5382 2041 5438 est,

462 5469 726 5539 siquidem
759 5470 966 5524 inutilis
1021 5483 1143 5524 esse
1173 5469 1536 5522 demonstrata
1570 5476 1675 5519 est.
1713 5465 1846 5530 Quia
1880 5465 1922 5517 si
1953 5467 2039 5520 lex

464 5564 730 5632 patuisset
784 5579 880 5617 nos
933 5561 1278 5632 justilicare,
1325 5575 1430 5613 non
1480 5559 1856 5613 habuissemus
1902 5573 2036 5625 Opus

2146 4636 2350 4707 νόμου;
2379 4636 2488 4690 τῶν
2517 4635 2695 4706 ἔργων
2715 4653 2731 4702 ;
2750 4636 2883 4705 Οὐχί
2906 4635 3074 4687 ’ἀλλὰ
3095 4634 3182 4687 διὰ
3216 4634 3384 4700 νόμου
3420 4636 3679 4696 πίστεω;.
3698 4650 3717 4684 ι

2151 4729 2416 4797 Ἕδειξεν,
2441 4730 2523 4782 ὃτι
2545 4728 2633 4782 διὰ
2656 4729 2890 4790 πίστεως
2920 4728 3280 4796 δικαιούμεθα
3313 4744 3327 4758 ο
3365 4730 3591 4790 εἰκότως
3631 4727 3723 4779 οῦν

2147 4823 2327 4894 ἐρωτᾷ
2340 4823 2434 4876 τὸν
2472 4823 2720 4875 Ἰουδαῖον
2741 4838 2754 4853 ⁸
2779 4821 2886 4876 Ποῦ
2910 4825 3060 4875 ἐστιν
3094 4823 3126 4892 ἡ
3155 4821 3425 4891 καύχησίς
3453 4836 3547 4872 σου
3576 4820 3721 4887 καὶὴ

2153 4917 2604 4987 μεγαλοφροσύνη
2630 4934 2645 4983 ;
2678 4917 2753 4968 oe
2811 4916 2958 4984 λέγει
2994 4915 3052 4966 δέ
3092 4931 3105 4943 ’
3142 4915 3252 4967 Ποῦ
3278 4917 3427 4968 ἐστιν
3447 4915 3480 4983 ή
3511 4913 3677 4982 ἀρετή
3703 4927 3718 4975 ;

2145 5009 2268 5063 οῦδὲ
2300 5011 2409 5079 γὰρ
2447 5005 2593 5078 εἶχον
2640 5009 2864 5078 ἀρετὴν,
2908 5008 3047 5062 ἀλλὰ
3077 5008 3347 5078 καύχησιν
3401 5011 3589 5079 μόνην.
3614 5001 3720 5059 Καί

2145 5118 2330 5171 φησιν,
2348 5102 2432 5153 ὃτι
2460 5119 2478 5150 ι
2521 5099 2894 5171 Ἑξεκλείσοης
2919 5121 2938 5152 ι
2970 5102 3093 5154 ἀντὶ
3111 5101 3232 5165 τοῦ,
3250 5103 3449 5154 Οὐκέτι
3469 5100 3582 5171 ἔχει
3604 5117 3722 5152 και-

2145 5193 2258 5261 ρόν.
2284 5193 2396 5261 Πρὸ
2421 5192 2517 5261 μὲν
2539 5194 2648 5261 γὰρ
2677 5192 2940 5262 Χριστοῦ,
2971 5193 3162 5261 καιρὸς
3193 5189 3262 5265 ἧν
3300 5178 3606 5262 καυχᾶσθαι
3631 5190 3720 5242 ἐπὶ

2140 5283 2218 5353 τῷ
2236 5285 2386 5353 νόμῳ
2405 5300 2421 5314 ο
2456 5284 2552 5336 νῦν
2576 5286 2654 5347 δὲ,
2685 5286 2744 5336 ού
2778 5285 2969 5353 καιρός
2987 5300 3002 5316 ⁸
3031 5285 3301 5355 ἄχρηστος
3330 5287 3438 5354 γὰρ
3461 5283 3716 5352 ἠλέγχθη.

2150 5377 2237 5438 Ὠς
2271 5376 2324 5428 εἴ
2352 5393 2415 5443 γε
2448 5373 2515 5447 ἦν
2537 5376 2760 5439 δυνατὸς
2779 5376 3070 5430 δικαιῶσαι
3091 5379 3120 5429 ὁ
3149 5377 3331 5445 νόμος,
3351 5378 3454 5428 οὐκ
3498 5375 3565 5427 ἂν
3615 5373 3716 5424 ἔδει

2143 5469 2276 5538 ἡμῖν
2309 5469 2569 5540 Χριστοῦ.
2601 5469 2698 5521 Διὰ
2742 5468 2900 5520 ποίου
2951 5469 3008 5521 δὲ
3046 5469 3238 5538 νόμου,
3269 5468 3457 5539 φησὶν,
3490 5464 3719 5531 ἐξεκλεί-

2146 5560 2284 5628 σοη;
2319 5557 2427 5630 ἆρα
2448 5560 2542 5613 τοῦ
2576 5559 2682 5612 τῶν
2714 5559 2890 5628 ἔργων
2913 5559 3101 5630 νόμου,
3135 5562 3404 5623 τουτέστι,
3430 5558 3522 5612 τοῦ
3537 5557 3717 5626 λέγον-

1777 5693 1971 5754 Variae
1998 5694 2331 5756 lectiones.

533 5821 599 5854 ³⁵·
622 5822 898 5894 ἁμαρτιαν
930 5838 984 5878 0.
1065 5824 1107 5856 ³⁸
1139 5824 1426 5894 περιεῖπον
1449 5838 1500 5879 ο.

1608 5821 1652 5852 ³”
1698 5820 2042 5891 ἐργάσασθαι
2091 5835 2142 5873 0.
