4038 6618
342 374 460 438 389

1180 373 1580 438 EXPOSITIO
1627 372 1701 432 IN
1729 371 1969 432 EI’IST.
2013 373 2114 432 AD
2152 372 2331 432 ROM.
2356 395 2428 408 ·-
2463 375 2622 436 CAP.
2654 375 2766 435 III.

3511 378 3618 442 390

341 503 467 552 τος,
484 487 568 538 ὅτι
589 505 608 538 ι
649 485 709 539 '0
731 485 962 556 ποιήσας
977 504 1150 542 ταιτα
1173 489 1401 558 ζήσεται
1418 487 1476 539 ὲν
1504 487 1686 548 αὐτοῖς
1709 505 1726 535 ι
1763 483 1941 554 (τοῦτο

2044 485 2281 538 (ibt-isto.
2326 505 2342 536 ι
2384 485 2483 538 Per
2512 487 2727 555 qualem
2767 507 2784 538 ι
2819 497 2997 541 autem
3033 507 3050 538 t
3103 488 3300 559 legem,
3337 509 3354 541 ι
3418 489 3615 560 inquit,

342 575 460 645 γὰρ
512 575 700 643 ἔλεγεν
763 575 794 627 ὁ
847 577 1192 650 Μωσαῖκὸς);
1237 577 1394 649 Ούχὶ,
1435 575 1622 648 φησὶν,
1659 574 1796 628 ἀλλά
1841 574 1936 625 τοῦ

344 669 521 738 νόμου
548 669 646 738 τῆς
683 669 940 736 πίστεως,
973 672 1098 742 ἥτις
1137 672 1322 742 χάριτι
1342 671 1563 735 δικαιοῖ,
1597 668 1694 722 καὶ
1731 668 1831 721 οὐκ
1876 667 1936 730 ἐξ

346 762 559 832 ἔργων.
606 761 740 814 Ἰδοὺ
771 762 866 815 καὶ
886 762 986 832 τὴν
1018 764 1201 816 πίστιν
1222 765 1387 831 νόμον
1422 761 1602 826 καλεῖ,
1633 760 1720 814 διὰ
1749 759 1810 812 τὸ
1839 757 1934 811 τοῦ

341 853 613 922 ὀνόματος
664 856 816 925 παρά
887 853 1165 920 Ἰουδαίοις
1207 857 1412 926 τίμιον.
1467 854 1671 908 Λοιπὸν
1727 847 1842 916 οὖν,
1889 845 1935 905 ὦ

346 944 597 1011 Ἰουδαῖε,
639 947 698 998 ὲν
735 949 803 1018 τῇ
841 947 1026 1002 πίστει
1073 948 1284 1019 καυχῶ,
1312 951 1381 1020 τῇ
1435 945 1712 1020 δυναμένῃ
1743 962 1802 999 σε
1855 944 1934 998 δι-

343 1040 612 1094 καιῶσαι.

429 1242 450 1275 ι
503 1223 857 1295 Λογιζόμεθα
885 1223 978 1278 οῦν
1023 1226 1206 1279 πίστει
1257 1225 1599 1280 δικαιοῦσθαι
1645 1225 1932 1297 ἄνθρωπον

343 1318 518 1388 χωρὶς
565 1317 743 1388 ἔργων
777 1319 966 1388 νόμου.
1006 1320 1076 1372 Ἢ
1115 1320 1387 1374 Ἰουδαίων
1424 1319 1610 1383 sese;
1638 1321 1817 1390 μόνων
1853 1319 1928 1386 ³⁸ς

343 1410 486 1480 Οὐχὶ
520 1410 578 1462 δὲ
639 1412 737 1464 καὶ
783 1410 987 1477 ἐθνῶνς
1021 1411 1131 1466 Nai.
1171 1411 1266 1464 καὶ
1311 1411 1501 1468 ἐθνῶν.
1545 1410 1810 1483 Ἐπείπερ
1851 1408 1931 1474 εἷς

341 1505 373 1553 ὁ
406 1503 567 1566 Θεὸς,
617 1501 679 1565 ὃς
727 1502 1010 1557 δικαιώσει
1053 1503 1357 1574 περιτομὴν
1404 1505 1470 1557 ἐκ
1519 1503 1778 1568 πίστεως,
1836 1505 1932 1557 καὶ

339 1593 720 1664 ἀκροϐυστίαν
742 1594 832 1648 διὰ
869 1596 968 1664 τῆς
992 1595 1252 1658 πίστεως.
1288 1613 1307 1647 ι
1340 1595 1560 1667 Ἐπειδὴ
1594 1594 1816 1662 ἔδειξεν,
1845 1597 1930 1649 ὃτι

342 1690 403 1738 ἐν
430 1686 513 1757 τῷ
546 1686 741 1756 αἵματι
777 1687 872 1740 τοῦ
920 1686 1182 1758 Χριστοῦ,
1216 1687 1310 1740 καὶ
1339 1690 1440 1740 οὐκ
1485 1691 1544 1742 ἐν
1585 1691 1697 1754 τοῖς
1745 1690 1929 1760 ἔργοις

343 1779 441 1832 τοῦ
478 1781 670 1850 νόμου,
695 1781 730 1851 ἡ
768 1780 1076 1845 δικαίωσις,
1107 1781 1470 1852 συμπεραίνει
1498 1783 1591 1836 τὸν
1623 1781 1800 1852 λόγον,
1834 1783 1930 1839 καί

2043 577 2262 627 exclusa
2317 576 2436 630 est?
2469 579 2712 646 nunquid
2762 593 2858 648 per
2907 579 3076 648 legem
3125 595 3373 650 operum,
3425 595 3617 648 tzenpe

2040 680 2159 735 qua:
2205 667 2353 732 dicit,
2388 688 2404 719 ι
2444 667 2544 734 Qui
2605 669 2793 723 fecerit
2844 668 2980 736 Itzcc,
3017 673 3165 726 vivet
3206 672 3258 726 in
3289 674 3368 727 eis
3397 674 3454 725 i?
3492 693 3510 724 ι
3538 672 3614 742 (id

2039 757 2182 812 enim
2229 758 2366 812 dixit
2421 759 2508 813 lex
2574 759 2858 831 Mosaica.)
2902 761 3355 834 Haudquaquam,
3414 767 3610 834 inqui!,

2044 869 2062 902 ι
2098 853 2190 906 sed
2226 853 2505 924 perlegetn
2547 853 2690 918 ﬁdei,
2721 873 2740 906 ι
2773 871 2890 923 quae
2912 855 3081 925 gratia
3107 858 3388 927 justilicat,
3425 871 3478 912 et
3503 877 3608 912 tton

2035 959 2099 998 ex
2134 945 2410 1014 operibus.
2435 945 2572 999 Ecce
2601 946 2760 1000 ﬁdem
2800 949 2970 1016 legem
3005 951 3166 1004 etiam
3198 960 3378 1016 vocat,
3409 952 3480 1006 oh
3516 966 3612 1005 no-

2039 1035 2199 1090 minis
2218 1036 2356 1104 apud
2376 1034 2588 1091 Judaros
2614 1040 2994 1096 reverentiam.
3025 1041 3076 1094 In
3107 1052 3381 1112 posterum
3407 1043 3609 1113 itaque,

2034 1123 2238 1194 Judzee,
2276 1128 2328 1182 in
2385 1128 2487 1184 ﬁde
2507 1131 2762 1200 gloriare,
2803 1148 2923 1202 qua:
2969 1143 3019 1188 te
3061 1133 3359 1201 justiﬁeare
3415 1145 3610 1204 potest.

2109 1215 2278 1275 Vens.
2306 1218 2502 1274 28—30.
2539 1239 2557 1271 ι
2601 1223 2943 1278 At'bitramur
2973 1225 3156 1297 itaque
3195 1227 3482 1297 iustiﬁcari
3517 1231 3612 1284 ho-

2037 1311 2234 1364 minem
2273 1327 2368 1379 per
2394 1311 2554 1367 (idem
2580 1314 2696 1368 sine
2722 1317 2978 1384 operibus
3009 1317 3161 1386 legis.
3187 1321 3268 1372 An
3300 1318 3610 1376 Iudaeorum

2033 1403 2176 1458 Deus
2212 1405 2455 1459 tantum?
2488 1404 2678 1460 Nonne
2707 1417 2757 1461 el
2779 1411 3067 1479 gentium?
3101 1411 3210 1465 ltno
3235 1423 3290 1466 et
3341 1414 3610 1484 gentium.

2035 1495 2480 1567 Quandoquidem
2519 1514 2659 1554 unus
2693 1510 2779 1556 est
2825 1501 2988 1567 Deus,
3010 1505 3101 1572 qui
3142 1503 3468 1572 jttstificabit
3507 1508 3614 1560 cir-

2034 1590 2423 1645 cumcisionem
2479 1606 2544 1646 ex
2589 1593 2714 1672 Ilde,
2760 1603 2814 1648 et
2850 1598 3170 1666 prteputiunt
3210 1614 3305 1666 per
3361 1597 3544 1653 ﬁdem.
3589 1617 3608 1650 ι

2033 1682 2169 1737 Cum
2219 1683 2537 1749 subjecisset
2567 1685 2764 1752 oculis,
2795 1687 2937 1756 quod
2989 1703 3052 1741 ex
3093 1689 3356 1758 sanguine
3409 1689 3612 1744 Christi

2035 1783 2089 1827 et
2119 1789 2224 1829 non
2273 1790 2339 1829 ex
2388 1777 2643 1844 operibus
2684 1777 2816 1848 legis
2850 1789 2994 1833 esset
3018 1780 3359 1847 justiﬁeatio,
3394 1783 3616 1836 conclu-

346 1835 761 1942 uqatv,._5tt"E.x
775 1873 885 1927 τῶν
904 1892 927 1927 ε
940 1875 954 1926 ί
962 1835 1214 1945 ρημένων
1239 1835 1928 1948 πάντωνσυλλογιξδμεθα,

2037 1866 2114 1919 dit
2149 1881 2474 1930 sermonem,
2516 1868 2769 1939 inquiens
2806 1888 2818 1922 :
2860 1870 2935 1924 Ex
2965 1875 3404 1928 coannctnoralis
3434 1875 3613 1928 omni~

346 1969 534 2021 πίστει
560 1966 908 2020 δικαιοῦσθαι
935 1968 1115 2022 πάντα
1146 1967 1456 2038 ἄνθρωπον.
1490 1971 1600 2022 Καὶ
1649 1970 1724 2042 μὴ
1759 1987 1930 2041 ταρα-

343 2061 506 2132 χθῇς,
538 2055 584 2114 ὧ
621 2061 866 2129 Ίουδαίε,
902 2061 979 2126 ὡς
1030 2061 1239 2116 ἀτόπου
1268 2063 1424 2125 ὄντος
1451 2061 1611 2132 δῆθεν
1639 2063 1734 2117 τοῦ
1791 2064 1934 2134 πρά-

343 2171 579 2224 γματος.
612 2154 704 2224 Μὴ
729 2154 838 2226 γὰρ
871 2155 1097 2225 μερικὸς
1127 2157 1274 2208 ἐστιν
1297 2155 1325 2208 ὀ
1348 2154 1502 2219 Θεὸς,
1526 2154 1668 2207 ὥστε
1687 2157 1744 2208 σὲ
1771 2157 1930 2225 μόνον

345 2247 571 2312 σώζειν,
607 2247 746 2301 ἀλλὰ
779 2249 855 2317 μὴ
901 2248 1080 2301 πάντα
1102 2246 1411 2315 ἄνθρωπον.
1438 2247 1708 2302 Ἐνταῦθα
1737 2248 1796 2302 δὲ
1843 2251 1931 2300 ὲν-

341 2341 540 2410 τρέπει
583 2339 710 2402 τοὺς
755 2338 1047 2402 Ἰουδαίους
1099 2339 1570 2410 πληκτικώτερον,
1605 2340 1680 2404 ὡς
1735 2342 1932 2410 θεομα-

341 2431 599 2500 χοῦντας,
627 2431 786 2501 εἴπερ
820 2431 895 2502 μὴ
931 2431 1326 2502 παραδέχοιντο
1375 2430 1649 2496 σώζεσθαι
1688 2433 1757 2486 τά
1799 2433 1926 2504 ἔθνη

339 2525 440 2579 διὰ
461 2527 560 2594 τῆς
588 2525 849 2589 πίστεως.
879 2527 955 2580 Ού
983 2527 1093 2596 γὰρ
1119 2527 1468 2582 πιστεύουσιν
1493 2526 1656 2580 αὑτὸν
1707 2525 1928 2580 πάντων

339 2618 549 2687 ὁμοίως
584 2615 728 2672 εἶναι
763 2618 918 2682 Θεὸν,
962 2619 1058 2672 καὶ
1095 2620 1447 2690 προνοεῖσθαι
1472 2619 1692 2673 πάντων
1709 2619 1925 2689 ἐπίσης.

342 2705 446 2772 Εἷς
477 2708 570 2763 οὖν
621 2711 756 2774 ἐστι,
789 2709 1090 2775 τουτέστιν,
1125 2713 1152 2764 ὁ
1181 2712 1343 2775 αὐτὸς
1375 2715 1470 2767 καὶ
1505 2705 1776 2766 Ἰουδαίων
1831 2714 1928 2765 καὶ

337 2801 519 2852 ἐθνῶν
543 2799 696 2867 Θεὸς,
733 2799 792 2863 ὃς
812 2799 1019 2853 καὶτὸν
1046 2801 1424 2872 ὲμπερίτομον
1452 2802 1674 2867 δικαιοῖ,
1707 2803 1808 2855 οὐκ
1863 2802 1928 2854 ἐκ

336 2893 442 2946 τοῦ
461 2894 647 2963 νόμου,
679 2893 793 2946 ἀλλ’
831 2895 897 2947 ἐκ
926 2894 1023 2964 τῆς
1050 2893 1311 2960 πίστεως,
1344 2895 1552 2950 καὶτὸν
1586 2894 1926 2966 ἀκρόϐυστον

334 2985 434 3038 διὰ
463 2987 564 3054 τῆς
588 2987 822 3050 πίστεως
847 2986 1269 3056 μεσιτευόμενον
1295 2987 1336 3019 ⁸⁸
1362 2987 1746 3059 παραδέχεται.
1772 2989 1927 3057 Μνη-

337 3079 499 3142 σθεὶς
533 3078 590 3132 δὲ
634 3079 938 3149 περιτομῆς
994 3082 1090 3132 καὶ
1138 3079 1544 3149 ἀκροϐυστίας,
1605 3083 1924 3152 ἀναμιμνή-

2033 1957 2134 2013 bus
2163 1959 2490 2029 colligimus,
2531 1961 2634 2015 lide
2655 1960 2944 2030 justiﬁcari
2972 1980 3186 2018 omnem
3220 1966 3515 2022 hominem.
3548 1965 3615 2019 Et

2034 2066 2100 2104 ne
2133 2050 2388 2116 turheris,
2424 2066 2456 2104 ο
2479 2049 2685 2115 Judme,
2721 2054 2874 2122 quasi
2913 2069 3000 2108 res
3029 2055 3216 2110 isthmc
3251 2057 3320 2110 sit
3357 2059 3610 2113 absurda.

2036 2144 2154 2199 Non
2194 2145 2337 2200 enim
2360 2147 2593 2215 partium
2621 2149 2898 2204 studiosus
2927 2157 3010 2203 est
3041 2148 3205 2215 Deus,
3239 2160 3293 2202 ut
3327 2161 3376 2204 te
3408 2151 3614 2204 solum-

2034 2239 2196 2293 ntodo
2263 2248 2462 2302 servet,
2511 2255 2617 2294 non
2672 2252 2851 2295 autem
2899 2257 3116 2296 omnem
3169 2242 3468 2297 It0mittem.
3518 2242 3616 2296 llic

2032 2331 2439 2388 autethudaeos
2457 2335 2651 2387 rubore
2672 2333 2954 2398 suﬂ‘nndit,
2975 2350 3039 2388 ac
3063 2334 3436 2404 perterrel‘ttcit
3453 2353 3612 2404 supra

2031 2424 2394 2486 modtttn,ceu
2438 2442 2532 2481 eos
2571 2428 2660 2496 qui
2723 2426 2984 2483 adversus
3039 2427 3207 2482 Deum
3266 2439 3526 2498 pugnant,
3567 2430 3609 2480 si

2033 2534 2136 2572 non
2166 2518 2462 2572 admittant
2488 2529 2679 2590 gentes
2705 2520 2908 2574 servari
2943 2535 3038 2589 per
3073 2520 3254 2575 Iidem.
3308 2519 3425 2573 Non
3466 2523 3611 2573 enim

2029 2613 2254 2667 credunt
2286 2613 2457 2682 ipsum
2481 2613 2724 2667 omnium
2756 2627 3003 2682 pera‘que
3035 2612 3200 2666 Deum
3230 2627 3371 2679 esse,
3399 2627 3616 2666 curam-

2030 2721 2136 2776 que
2164 2721 2354 2776 gerere
2386 2707 2626 2759 omnium
2678 2720 2744 2758 ex
2791 2721 2970 2775 teque.
3005 2705 3153 2759 Unus
3196 2705 3382 2774 igitur,
3418 2704 3469 2757 id
3502 2717 3609 2767 est,

2031 2802 2174 2856 idetn
2203 2812 2285 2855 est
2317 2812 2367 2854 et
2393 2799 2702 2854 Iudaeorum
2732 2809 2784 2852 et
2813 2799 3054 2870 gentium
3082 2797 3247 2861 Deus,
3287 2799 3376 2866 qui
3424 2807 3478 2851 et
3507 2797 3615 2852 cir-

2030 2888 2329 2943 cumcisum
2378 2888 2788 2954 jttstilieat,nou
2835 2904 2900 2942 ex
2941 2887 3079 2957 lege,
3125 2889 3217 2943 sed
3276 2903 3339 2942 ex
3393 2889 3518 2954 ﬁde,
3551 2904 3616 2941 ae

2034 2979 2419 3048 pra‘putiatutu
2452 2979 2869 3036 intermediante
2898 2978 3000 3033 lide
3047 2977 3291 3048 suscipit.
3327 2976 3461 3032 Cum
3515 2994 3618 3032 au-

2035 3082 2141 3126 tetn
2179 3071 2612 3125 circumcisionis
2642 3071 2969 3125 mentionem
3021 3071 3185 3124 faciat
3233 3082 3287 3124 et
3337 3072 3608 3140 prmputii.

338 3188 470 3225 σκει
512 3172 621 3225 τῶν
665 3171 772 3242 πρὸ
809 3172 994 3240 ὀλίγου
1055 3171 1353 3243 ῥηθέντων,
1383 3173 1441 3226 ὲν
1473 3167 1552 3236 οἷς
1583 3173 1815 3239 ἐδείκνυ,
1842 3175 1924 3227 ὃτι

2035 3166 2354 3220 memoriam
2405 3163 2624 3218 relricat
2662 3179 2847 3215 eorum
2900 3178 3020 3232 quae
3071 3161 3229 3232 paulo
3277 3173 3404 3218 ante
3464 3165 3609 3218 dicta

334 3264 472 3318 οὔτε
501 3267 535 3336 ἡ
567 3263 836 3336 περιτομὴ
877 3263 1100 3334 ὠφελεῖ,
1135 3263 1242 3316 τῶν
1272 3264 1451 3335 ἔργων
1498 3265 1769 3332 ἀπόντων,
1801 3265 1926 3320 οὔτε

333 3357 378 3426 ἡ
429 3356 764 3426 ἀκροϐυστία
800 3355 941 3425 αύτὴ
972 3354 1095 3410 καθ’
1126 3354 1326 3426 ἑαυτὴν
1356 3354 1607 3426 βλάπτει.
1657 3355 1928 3431 Ἐκάτερα

333 3446 444 3504 οὖν
471 3451 569 3518 τῆς
617 3449 855 3512 πίστεως
884 3449 1119 3504 δέονται.

426 3565 445 3596 ι
489 3544 670 3615 Νόμον
695 3543 788 3596 οῦν
831 3543 1219 3614 καταργοῦμεν
1247 3543 1336 3598 διὰ
1375 3544 1488 3624 τῆς.
1516 3544 1754 3610 πίστεως
1782 3564 1798 3614 ;
1833 3547 1927 3620 Μὴ

337 3635 564 3703 γένοιτο
589 3647 603 3663 ⁸
637 3633 772 3687 ἀλλὰ
824 3632 990 3702 νόμον
1041 3634 1305 3704 ἱστῶμεν.
1337 3652 1358 3686 ›
1391 3632 1612 3704 Ἐπειδὴ
1675 3633 1928 3704 ἐθορύϐει

338 3728 477 3788 τοὺς
503 3725 816 3790 Ἰουδαίους,
842 3725 927 3788 τὸ,
963 3725 1053 3778 τὸν
1097 3726 1259 3795 νόμον
1291 3725 1660 3780 καταλύεσθαι
1705 3726 1794 3780 διὰ
1832 3728 1929 3796 τῆς

348 3817 622 3882 πίστεως,
648 3815 943 3887 θεραπεύει
990 3814 1152 3870 τοῦτο
1187 3816 1275 3869 διὰ
1319 3817 1417 3888 τῆς
1473 3817 1715 3888 μεγάλης
1761 3816 1927 3869 αὑτοῦ

343 3910 567 3978 σοφίας,
590 3907 762 3977 λέγων
795 3908 876 3960 ὅτι
905 3909 1070 3977 νόμον
1098 3909 1221 3978 ίστᾷ
1259 3910 1289 3978 ἠ
1323 3908 1530 3972 πίστις.
1569 3909 1633 3962 "O
1667 3908 1776 3980 γὰρ
1799 3907 1927 3979 ἤθε-

339 4002 440 4053 λεν
467 4004 497 4053 ὸ
533 4001 717 4070 νόμος,
753 4001 1026 4064 τουτέστι,
1059 3999 1120 4052 τὸ
1155 3999 1449 4054 δικαιῶσαι
1472 4000 1786 4072 ἄνθρωπον,
1828 4001 1929 4055 οὐκ

344 4096 540 4165 ἴσχυσε
561 4093 616 4144 δὲ
647 4093 889 4161 ποιῆσαι,
924 4092 1084 4144 τοῦτο
1112 4092 1147 4161 ἡ
1181 4091 1362 4151 πίστις
1383 4091 1584 4145 τελειοῐ
1611 4109 1624 4123 ’
1654 4092 1790 4163 ὁμοῦ
1820 4094 1927 4164 γὰρ

338 4187 426 4256 τῷ
465 4183 758 4238 πιστεῦσαί
789 4200 912 4236 τινα
945 4183 1012 4248 ⁸⁸,
1046 4182 1373 4240 δικαιοῦται.
1407 4184 1481 4236 Ού
1514 4185 1694 4238 τοίνυν
1722 4203 1928 4258 καταρ-

342 4282 440 4348 γεῖ
479 4277 666 4344 αὑτὸν,
697 4277 814 4331 ἀλλ’
875 4278 1018 4347 ἱστᾷ.
1050 4278 1149 4330 Διά
1195 4277 1251 4330 δὲ
1296 4277 1502 4347 ταύτης
1553 4279 1652 4348 τῆς
1702 4277 1925 4343 λέξεως,

341 4373 627 4425 δείκνυσιν
655 4371 817 4425 αὑτὸν
861 4371 1138 4442 κείμενον.
1184 4370 1244 4422 '0
1277 4370 1386 4442 γὰρ
1449 4370 1724 4440 κείμενος,
1754 4371 1926 4424 δεῖται

341 4463 443 4516 τοῦ
477 4458 690 4532 στῆναι.

956 4575 1207 4628 ΚΕΦΛΛ.
1254 4574 1327 4626 Δ’.

429 4711 448 4744 ι
485 4691 662 4746 Τίουν
695 4689 930 4762 ἐροῦμεν
962 4689 1220 4760 Ἀϐραὰμ
1251 4689 1344 4742 τὸν
1385 4689 1598 4758 πατέρα
1637 4688 1793 4760 ἡμῶν
1840 4689 1928 4743 εὖ·

346 4784 587 4855 ρῃκέναι
617 4782 759 4836 κατά
791 4783 1009 4852 σάρκας
1043 4782 1104 4833 El
1127 4782 1235 4852 γὰρ
1263 4780 1516 4852 Ἀϐραὰμ
1537 4780 1596 4845 ἐξ
1617 4781 1792 4849 ἔργων
1815 4781 1926 4834 ὲδι-

346 4877 584 4945 καιώθη,
606 4876 718 4947 ἔχει
739 4875 1021 4946 καύχημα,
1050 4873 1165 4927 ἀλλ’
1186 4873 1246 4926 ού
1272 4874 1407 4944 πρὸς
1428 4874 1519 4926 τὸν
1541 4874 1695 4926 Θεόν.
1728 4874 1794 4926 Τί
1815 4876 1924 4944 γὰρ

345 4977 380 5043 ἡ
413 4973 605 5042 Γραφὴ
648 4970 834 5038 λέγεις
881 4968 1200 5021 Ἐπίστευσε
1249 4968 1307 5020 δὲ
1344 4965 1597 5038 Ἀϐραὰμ
1650 4967 1728 5035 τῷ
1783 4966 1925 5036 Θεῷ,

346 5066 448 5120 καὶ
473 5065 728 5133 ἐλογίσθη
755 5061 903 5133 αύτῷ
937 5063 1015 5125 εἰς
1044 5061 1412 5130 δικαιοσύνην.
1443 5079 1461 5110 ι
1492 5059 1926 5123 Κατασκευάσας

346 5157 553 5219 ἱκανῶς
574 5157 656 5209 ὃτι
700 5157 905 5218 πάντες
931 5153 1028 5219 τῆς
1064 5154 1300 5214 πίστεως
1329 5152 1562 5214 δέονται,
1597 5153 1690 5204 καὶ
1721 5151 1808 5204 διὰ
1832 5150 1926 5204 τοῦ

344 5250 606 5320 Ἀϐραᾶμ
635 5247 794 5301 τοῦτο
833 5245 1094 5316 μειζόνως
1137 5245 1434 5309 δείκνυσιν,
1471 5244 1566 5298 ἆτε
1608 5245 1761 5315 παρὰ
1817 5250 1930 5307 τοῖς

345 5341 627 5403 Ἰουδαίοις
662 5340 976 5410 τιμωμένου
1003 5352 1018 5367 '
1057 5336 1150 5390 καί
1183 5354 1370 5406 φησιν,
1401 5338 1482 5390 ὃτι
1533 5338 1654 5390 οὐδὲ
1703 5354 1855 5400 ουτος
1903 5335 1932 5388 ὁ

345 5433 590 5486 τοσαῦτα
647 5434 741 5484 καὶ
777 5431 845 5482 τὰ
880 5428 1184 5498 τηλικαῦτα
1214 5427 1585 5498 κατορθώσας,
1633 5426 1924 5499 ἐδικαιώθη

349 5527 416 5577 ἐκ
442 5525 551 5577 τῶν
571 5524 768 5594 ἔργων,
798 5522 912 5574 ἀλλ’
941 5523 1006 5572 ὲκ
1037 5522 1134 5590 τῆς
1164 5518 1418 5582 πίστεως.
1452 5519 1671 5588 Πατέρα
1697 5519 1752 5570 δὲ
1783 5519 1925 5571 κατά

434 5657 445 5682 ι
509 5639 687 5694 Levit.
718 5654 875 5702 xvttt,
905 5636 960 5692 5.
1039 5634 1054 5685 3
1099 5635 1238 5692 Gen.
1271 5650 1358 5700 xv,
1385 5635 1440 5688 6.

2033 3267 2184 3322 sunt,
2219 3255 2417 3327 quibus
2443 3256 2716 3311 indicabat
2740 3256 2883 3324 quod
2905 3271 3081 3326 neque
3107 3256 3460 3312 circumcisio
3488 3273 3613 3328 pro-

2033 3352 2206 3418 sit,si
2229 3365 2412 3420 ,συρτει
2436 3349 2654 3414 desint;
2714 3364 2888 3417 neque
2955 3348 3280 3418 pra-putium
3338 3365 3433 3417 per
3487 3364 3612 3404 sese

2031 3443 2326 3511 quidquam
2359 3440 2520 3493 obsit.
2552 3439 2791 3508 Utraque
2832 3439 2993 3510 igitur
3027 3438 3129 3492 lide
3179 3454 3314 3506 opus
3383 3441 3605 3494 habent.

2105 3533 2268 3588 νεεδ.
2297 3532 2384 3586 51.
2421 3550 2439 3583 ι
2488 3531 2688 3599 Legem
2735 3546 2866 3601 ergo
2899 3532 3238 3586 destruimus
3271 3548 3364 3601 per
3402 3533 3609 3586 ﬁdem?

2032 3625 2225 3690 Absit,
2254 3626 2346 3680 sed
2397 3623 2566 3694 legem
2593 3624 2906 3678 statuimus.
2941 3641 2961 3674 ι
2991 3625 3124 3688 Quia
3153 3625 3398 3677 ttotmiltil
3428 3625 3610 3677 turba-

2033 3714 2376 3780 batJudaeos,
2411 3715 2581 3783 Iegent
2611 3715 2714 3770 Ilde
2749 3714 2987 3780 dissolvi,
3023 3725 3179 3768 curat
3223 3714 3368 3770 istud
3405 3715 3597 3770 vulne-

2033 3805 2109 3859 ris
2139 3805 2355 3874 ﬁngenti
2430 3819 2528 3858 sua
2584 3805 2868 3874 sapientia,
2927 3806 3175 3874 inquiens
3227 3807 3368 3874 quod
3433 3805 3602 3874 legem

2033 3893 2234 3950 stabilit
2287 3892 2438 3948 Iides.
2471 3892 2623 3960 Quod
2665 3893 2808 3946 enim
2840 3893 3011 3949 voluit
3066 3895 3173 3960 lex,
3201 3910 3394 3965 nempe
3437 3894 3607 3964 justi-

2035 3984 2199 4038 ﬁcare
2241 3984 2538 4048 hominem,
2577 3999 2683 4038 non
2718 3986 2895 4053 potuit
2951 3994 3131 4038 autem
3163 3996 3422 4054 praestare
3451 4024 3467 4050 ,
3497 3986 3603 4040 hoc

2034 4079 2167 4133 Iides
2182 4075 2411 4147 perlicit.
2433 4073 2604 4130 Simul
2631 4084 2794 4143 atque
2821 4076 2962 4130 enim
2993 4077 3264 4147 quispiam
3293 4078 3607 4142 crediderit,

2033 4170 2282 4240 protinus
2334 4167 2684 4238 jttstiﬁcatur.
2748 4167 2864 4224 Non
2920 4169 3088 4239 igitur
3149 4170 3382 4246 destruit
3431 4170 3607 4239 legem

2035 4265 2192 4328 lides,
2225 4263 2320 4318 sed
2370 4261 2559 4318 statuit
2590 4263 2790 4332 pctius.
2831 4263 2930 4318 Per
2966 4265 3068 4318 hoc
3117 4271 3298 4316 autem
3335 4264 3606 4318 statuendi

2035 4356 2378 4420 vocabulum,
2417 4356 2656 4410 ostendit
2682 4354 2864 4423 jacere
2895 4355 3096 4426 legem.
3131 4355 3270 4409 Nam
3301 4356 3392 4425 qui
3437 4355 3606 4427 jacet,

2032 4463 2167 4517 opus
2195 4447 2356 4502 habet
2390 4457 2447 4502 ut
2491 4447 2732 4518 erigatur
2765 4455 2822 4501 et
2863 4447 3193 4500 stabiliatur.

2557 4562 2662 4632 31
2725 4560 2954 4618 CAPUT
3026 4561 3113 4617 tv.

2106 4691 2267 4748 Vens.
2306 4685 2418 4749 {-5.
2449 4712 2467 4744 t
2503 4692 2640 4760 Quid
2658 4708 2787 4764 ergo
2819 4693 3061 4748 dicemus
3093 4693 3367 4750 Abraham
3400 4707 3606 4765 patrem

2036 4801 2282 4841 nostrum
2336 4786 2608 4840 invenisse
2679 4787 2982 4841 secundum
3033 4788 3302 4842 carnem?
3351 4787 3408 4843 Si
3462 4791 3608 4843 enim

2037 4879 2310 4935 Abraham
2337 4895 2402 4934 ex
2439 4878 2692 4946 operibus
2718 4878 3044 4948 justiﬂeatus
3071 4893 3172 4946 εει,
3207 4881 3368 4935 habet
3418 4882 3615 4952 gloria-

2034 4976 2259 5038 tionem,
2289 4974 2382 5028 sed
2420 4988 2525 5027 non
2573 4973 2711 5042 apud
2736 4972 2930 5028 Deum.
2962 4972 3101 5040 Quid
3135 4977 3280 5030 enim
3325 4973 3609 5043 Scriptura

2041 5065 2214 5120 dicit)
2255 5064 2282 5118 ’ί
2341 5063 2585 5118 Credidit
2643 5065 2915 5119 Abraham
2974 5067 3106 5134 Deo,
3166 5075 3219 5123 et
3300 5079 3606 5133 reputatum

2034 5169 2114 5212 est
2147 5159 2193 5211 ei
2223 5159 2289 5210 ad
2316 5156 2604 5224 justitiam.
2645 5175 2664 5210 ι
2697 5159 2922 5214 Abunde
2948 5162 3080 5214 satis
3104 5160 3432 5214 conﬁrmato
3481 5161 3609 5226 hoc,

2037 5249 2297 5303 nimirum
2323 5252 2465 5318 quod
2493 5265 2682 5305 omnes
2722 5251 2881 5322 plane
2917 5253 3020 5306 lide
3050 5253 3345 5321 indigeant,
3370 5251 3604 5306 Abt-alne

2036 5338 2282 5407 exemplo
2321 5339 2372 5392 id
2411 5337 2605 5394 fortius
2638 5349 2929 5408 monstrat,
2964 5351 3022 5394 ut
3063 5339 3151 5408 qui
3187 5341 3328 5408 apud
3390 5339 3608 5394 διιᾶσι-ηε

2044 5443 2095 5480 ιιι
2137 5444 2333 5497 magno
2359 5417 2647 5485 admodum
2694 5431 2813 5486 loco
2839 5429 3020 5496 fuerit,
3054 5445 3374 5500 summoque
3408 5431 3607 5495 pretio.

2040 5519 2183 5575 Dixit
2234 5521 2416 5592 itaque
2463 5523 2606 5593 quod
2663 5538 2840 5594 neque
2889 5524 2935 5579 is
2986 5523 3129 5594 quis
3164 5522 3292 5578 talia
3353 5533 3614 5592 tantaque

1688 5731 1884 5813 Variae
1921 5730 2254 5796 lectiones.

428 5840 471 5873 ³⁸
493 5839 656 5911 μόνον
684 5856 736 5897 o.
816 5840 856 5870 ³⁹
883 5838 968 5893 Iv.
1005 5836 1451 5908 μεσιτευομένης.
1530 5835 1571 5866 ’⁸ο
1591 5851 1672 5897 τις
1701 5851 1774 5888 ιιι.
