4038 6576
306 384 420 452 393

1164 375 1570 439 EXPOSlTlO
1611 373 1694 437 IN
1737 372 1979 437 EPIST.
2023 372 2124 433 AD
2161 370 2346 434 ROM.
2391 396 2451 409 -
2485 373 2653 437 CAP.
2686 376 2787 440 IV.
3474 373 3581 433 3M

305 496 556 567 ϐυοτίᾳς
591 492 706 548 Οὐκ
752 494 812 547 ἐν
856 495 1155 566 περιτομῇ,
1195 491 1310 548 ἀλλ’
1361 492 1420 545 ὲν
1474 489 1836 562 ἀκροϐυστίᾳ.
1874 507 1894 543 ι

2019 486 2426 544 :ircunteisione
2464 498 2628 554 esset,
2661 505 2730 543 an
2771 489 2824 543 iu
2867 485 3164 558 praeputio?
3189 485 3305 543 Non
3361 501 3481 542 cum
3529 492 3580 539 in

304 589 378 644 Εί
425 587 456 642 ϐ
499 585 872 658 μακαρισμὸς,
916 587 1106 658 φησὶν,
1155 586 1357 657 ἐκείνῳ
1397 584 1630 659 ἁρμόζει
1659 624 1672 646 ,
1839 584 1902 638 οὗ

309 682 396 754 μὴ
434 680 722 751 λογίσηται
772 679 979 752 Κύριος
1035 678 1334 749 ἁμαρτίαν,
1385 676 1650 740 τουτέστι,
1701 674 1779 746 τῷ
1827 674 1904 728 δι-

307 773 642 830 καιωθέντιο
678 770 972 843 ἐδικαιώθη
1005 770 1063 824 δὲ
1103 771 1133 822 6
1185 768 1442 840 Ἀϐραάμ
1470 785 1484 800 ·
1531 768 1760 829 πάντως
1807 765 1905 819 καὶ

308 864 410 920 τοῦ
436 863 792 936 μακαρισμοῦ
814 862 1026 936 ἔτυχεν.
1061 861 1290 932 Ίδωμεν
1313 860 1407 915 οὖν
1433 859 1563 914 πότε
1584 857 1902 930 ἐδικαιώθη,

309 956 659 1034 ἀκρόϐυστος
708 954 809 1020 ῶν,
840 954 874 1025 ἢ
925 953 1334 1026 ὲμπερίτομοςς
1369 951 1736 1023 Ἀκρόϐυστος
1771 951 1910 1004 πάν-

309 1066 447 1114 τως.
494 1049 554 1103 Ὀ
599 1047 951 1120 μακαρισμὸς
973 1047 1086 1118 ἀρα
1113 1047 1210 1100 ἐπὶ
1252 1045 1352 1117 τὴν
1399 1045 1769 1118 ἀκροϐυστίαν
1813 1043 1905 1099 πί-

314 1159 448 1197 πτει
475 1183 492 1210 ,
526 1142 830 1208 τουτέστιν,
861 1141 1002 1212 αὐτῇ
1052 1138 1254 1211 μᾶλλον
1303 1138 1596 1210 προσήκει,
1629 1135 1663 1207 ἢ
1696 1137 1764 1209 τῇ
1811 1152 1909 1190 πε·

317 1237 546 1308 ριτομῇ.

397 1344 420 1379 t
453 1327 565 1381 Καὶ
586 1327 816 1398 σημεῖον
848 1324 1009 1380 ἔλαϐε
1039 1325 1350 1397 περιτομῆς
1388 1323 1458 1392 ⁸⁷,
1487 1321 1766 1396 σφραγῖδα
1791 1321 1909 1392 ἳτῆς

312 1417 667 1490 δικαιοσύνης
700 1423 800 1490 τῆς
822 1417 1084 1484 πίστεως,
1103 1417 1204 1490 τῆς
1225 1421 1286 1474 ἐν
1319 1419 1387 1490 τῇ
1423 1416 1789 1489 ἀκροϐυστίᾳ,
1827 1417 1909 1479 είς

312 1511 380 1563 τὸ
402 1506 546 1566 εἶναι
577 1511 743 1566 αὐτὸν
777 1512 995 1580 πατέρα
1018 1512 1237 1566 πάντων
1273 1508 1384 1562 τῶν
1438 1509 1810 1562 πιστευόντων
1840 1507 1908 1560 δι’

314 1600 714 1674 ἀκροϐυστίας,
732 1603 815 1668 είς
836 1604 894 1657 τὸ
910 1601 1230 1674 λογισθῆναι
1261 1603 1356 1656 καὶ
1381 1601 1568 1665 αὐτοῖς
1590 1598 1689 1671 τὴν
1703 1599 1912 1654 δικαιο-

318 1695 492 1766 σύνην
523 1711 539 1729 ο
563 1696 658 1749 καὶ
673 1695 890 1768 πατέρα
908 1695 1215 1768 περιτομῆς
1232 1695 1344 1758 τοῖς
1375 1693 1479 1748 οὐκ
1504 1691 1570 1746 ἐκ
1603 1691 1910 1763 περιτομῆς

321 1787 509 1859 μόνον,
528 1786 665 1841 ἀλλά
694 1787 790 1841 καὶ
818 1789 932 1852 τοῖς
966 1785 1246 1858 στοιχοῦσι
1281 1788 1395 1850 τοῖς
1421 1787 1594 1856 ῐχνεσι
1630 1786 1730 1856 τῆς
1758 1785 1816 1838 ἐν
1842 1785 1909 1855 τῇ

2005 579 2442 645 circumcisione,
2472 581 2567 637 sed
2606 596 2730 635 cum
2763 581 2834 650 ,in
2886 579 3180 651 pra-putio.
3210 598 3230 632 ι
3277 577 3358 647 Si,
3385 579 3583 650 inquit,

2003 671 2284 729 beatitudo
2323 671 2376 728 ei
2421 671 2695 736 convenit,
2730 671 2817 726 cui
2869 687 2973 728 non
3009 671 3358 743 imputaverit
3403 669 3574 726 Domi-

2007 781 2108 820 nus
2155 775 2456 836 pcccatuut,
2493 765 2593 820 hoc
2646 771 2751 828 est,
2774 765 3094 836 justiﬁcato,
3125 765 3456 836 justiﬁeatus
3499 775 3586 820 est

2007 865 2188 913 autem
2223 859 2498 912 Abraham
2523 900 2539 925 ,
2585 865 2699 913 tum
2735 859 2958 913 omnino
3005 860 3394 915 beatitudinem
3441 872 3580 913 asse.

2005 961 2164 1007 cutus
2189 960 2292 1009 est.
2329 951 2620 1008 Videamus
2667 951 2833 1022 igitur
2859 951 3075 1021 quando
3105 949 3434 1020 justiﬁestus
3455 958 3542 1005 est
3569 966 3584 1004 :

2006 1061 2130 1102 cum
2167 1045 2525 1116 praeputiatus
2558 1056 2724 1108 esset,
2757 1061 2824 1098 au
2863 1059 2985 1097 cum
3027 1041 3589 1098 circumcisusi-Prte-

2009 1141 2248 1210 putiatus
2277 1148 2445 1195 certe.
2476 1137 2761 1192 Beatitudo
2781 1137 2946 1206 igitur
2976 1135 3029 1191 itt
3053 1137 3381 1207 .praaputium
3404 1135 3586 1191 cadit:

2010 1230 2111 1284 hoc
2140 1239 2247 1296 est,
2285 1229 2383 1299 ipsi
2428 1229 2598 1298 magis
2645 1243 2808 1298 quam
2861 1227 3262 1282 circumcisioni
3309 1225 3590 1281 convenit.

2085 1320 2246 1376 Vsus.
2277 1319 2461 1384 “.12.
2501 1338 2520 1373 t
2552 1319 2620 1374 Et
2661 1321 2873 1389 signum
2899 1320 3108 1388 accepit
3133 1317 3590 1382 circumeisionis,

2010 1417 2352 1488 signaculum
2392 1417 2616 1488 iustitiae
2649 1419 2794 1484 ﬁdei,
2839 1432 2958 1485 quat
3007 1415 3174 1471 estin
3222 1414 3504 1484 μητρυιὴ),
3537 1425 3593 1466 ut

2009 1509 2085 1566 sit
2119 1521 2273 1581 pater
2293 1513 2408 1582 ipse
2435 1511 2680 1568 omnium
2711 1509 3050 1566 credentium
3113 1523 3211 1578 per
3245 1507 3594 1578 praeputium,

2010 1608 2146 1654 utet
2162 1601 2242 1654 eis
2271 1599 2570 1670 imputetur
2595 1599 2808 1670 iustitia
2840 1617 2854 1655 :
2887 1609 2940 1654 et
2960 1610 3113 1670 pater
3131 1596 3596 1659 circumcisionis.

2013 1704 2120 1746 non
2151 1689 2218 1746 iis
2257 1699 2465 1746 tantum
2497 1693 2588 1762 qui
2613 1707 2680 1746 ex
2702 1690 3122 1746 circumcisione
3151 1697 3300 1755 sunt,
3325 1688 3419 1744 sed
3439 1697 3504 1740 ct
3532 1688 3598 1740 iis

2012 1785 2106 1856 qui
2135 1794 2418 1842 sectantur
2465 1787 2692 1855 vestigia
2734 1785 2879 1849 ﬁdei,
2912 1799 3034 1855 quae
3089 1791 3176 1839 est
3236 1782 3290 1837 in
3336 1780 3598 1853 przeputiu

316 1877 662 1950 ἀκροϐυστίᾳ
692 1878 930 1943 πίστεως
968 1875 1064 1932 τοῦ
1115 1877 1322 1949 πατρὸς
1365 1876 1526 1947 ἡμῶν
1571 1875 1844 1948 Ἀϐραάμ.
1887 1893 1906 1928 ι

2019 1878 2192 1949 patris
2245 1877 2420 1934 nostri
2473 1877 2792 1934 Abrahami.
2828 1897 2847 1930 ι
2899 1876 3268 1948 Objectionem
3312 1887 3568 1943 emergen

330 1969 636 2024 Ἀντίοεσιν
665 1968 1088 2026 ἀνακύπτουσαν
1132 1966 1251 2022 λύει
1275 1984 1290 2000 ο
1339 1966 1468 2030 ἴσως
1491 1968 1599 2038 γὰρ
1626 1966 1692 2020 ἀν
1718 1982 1803 2029 τις
1835 1959 1914 2019 εἶ-

318 2076 428 2114 πεν
447 2076 463 2091 ·
508 2059 569 2111 Εἰ
594 2059 933 2130 ἀκρόϐυστος
961 2057 1037 2112 ῶν
1068 2055 1366 2127 ἐδικαιώθη
1393 2058 1422 2109 6
1461 2054 1736 2128 Ἀϐραὰμ,
1767 2055 1912 2119 τίνος

315 2152 512 2206 ἕνεκεν
533 2167 598 2204 πε
607 2151 916 2222 ριετμήθη-;
947 2152 1116 2222 Φησὶν
1133 2149 1226 2204 οὖν
1244 2149 1341 2217 ³⁸⁷⁸,
1356 2149 1438 2204 ὃτι
1459 2149 1534 2202 Τὸ
1556 2150 1784 2220 σημεῖον
1807 2145 1909 2218 τῆς

319 2247 630 2318 περιτομῆς
658 2243 875 2311 ἔλαϐεν,
893 2244 1014 2298 ἀντὶ⁵
1033 2243 1330 2314 σφραγῖῖος
1354 2242 1786 2313 σφραγιζούσης,
1819 2240 1916 2296 καὶ

319 2335 842 2409 ἀνακηρυττούσης,
902 2337 985 2390 δτι
1041 2334 1334 2408 ἐδικαιώθη
1386 2337 1452 2389 ἐκ
1495 2334 1733 2399 πίστεως
1761 2375 1778 2402 ,
1819 2334 1916 2406 ῆν-

320 2445 453 2484 τινα
497 2430 678 2484 πίστιν
724 2429 1040 2497 ἐπεδείξατο
1070 2430 1342 2500 πρότερον
1367 2467 1384 2494 ,
1431 2426 1776 2500 ἀκρόϐυστος
1813 2426 1911 2482 ῶν.

323 2520 516 2574 Ὥστε-
558 2523 748 2594 ἐπειδὴ
803 2521 898 2575 δύο
936 2521 1112 2577 ταῦτα
1161 2519 1495 2592 θεωροῦνται
1542 2520 1673 2592 περὶ
1737 2519 1783 2552 ⁴⁸
1823 2520 1915 2574 τὸν

335 2612 615 2686 Ἀϐραὰμ,
640 2613 986 2685 ἀκροϐυστία
1021 2615 1118 2670 καί⁵
1141 2614 1413 2685 περιτομή
1447 2629 1462 2644 ο
1493 2611 1581 2666 διὰ
1611 2615 1712 2683 τῆς
1741 2613 1911 2683 ἀκρο-

322 2703 558 2769 ϐυστίας
587 2705 869 2762 δείκνυται
922 2705 1032 2760 τῶν
1059 2704 1550 2776 ἀκροϐυστούντων
1601 2705 1646 2736 ⁵⁸
1703 2705 1910 2776 πατήρ.

337 2795 509 2852 Ἃ).λά
580 2799 794 2865 ποίων;
849 2799 971 2852 Τῶν
1044 2799 1411 2852 πιστευόντων
1479 2797 1679 2870 ὁμοίως
1741 2798 1913 2868 αὐτῷ,

321 2890 477 2946 ὥστε
509 2891 607 2944 καὶ
635 2892 820 2956 αὐτοῖς
843 2890 944 2956 τὴν
993 2891 1179 2945 πίστιν
1225 2888 1539 2960 λογίζεσθαι
1578 2892 1658 2955 εἰς
1705 2890 1912 2945 δικαιοο

324 2984 527 3055 σύνην,
555 2986 860 3052 τουτέστιν,
901 2984 983 3047 είς
1034 2984 1098 3037 τὸ
1133 2982 1386 3052 γίνεσθα.
1411 2981 1681 3046 δικαίους.
1714 2983 1816 3038 Διά
1855 2983 1916 3038 δέ

322 3078 434 3148 τῆς
464 3078 792 3149 περιτομῆς,
821 3077 987 3130 πάλιν
1029 3075 1214 3148 πατὴρ
1245 3075 1524 3130 δείκνυται
1553 3075 1652 3145 τῆς
1696 3091 1918 3147 περιτοε

326 3171 470 3241 γῆς,
503 3171 774 3240 τουτέστι,
799 3169 910 3224 τῶν
959 3169 1476 3242 περιτετμημένων.
1511 3169 1668 3222 Ἔστι
1698 3167 1757 3222 δὲ
1809 3186 1919 3222 πα-

321 3262 458 3334 τὴρ,
492 3263 553 3316 οὺ
586 3265 698 3326 τοῖς
737 3263 908 3337 μόνην
937 3262 1037 3334 τὴν
1081 3262 1393 3334 περιτομὴν
1430 3260 1646 3332 ἔχουσιν
1685 3260 1754 3326 ⁸⁸,
1782 3259 1920 3316 ἀλλά

325 3359 436 3410 καὶ
465 3358 580 3421 τοῖς
612 3356 893 3429 στοιχοῦσι
929 3358 1044 3422 τοῖς
1081 3356 1256 3426 ἴχνεσι
1309 3355 1407 3424 τῆς
1438 3355 1675 3418 πίστεως
1723 3351 1918 3420 αὑτοῦ,

322 3449 435 3520 τῆς
471 3450 531 3505 ἐν
569 3453 636 3522 τῇ
680 3449 1039 3522 ἀκροϐυστίᾳ.
1068 3449 1258 3512 Οὕτως
1290 3446 1384 3502 οὖν
1440 3447 1522 3500 δεῖ
1558 3447 1874 3516 ἀναγνῶναι
1901 3456 1953 3476 ’⁸

319 3542 450 3596 Καὶ
479 3541 694 3615 πατέρα
724 3543 1030 3614 περιτομῆς
1054 3540 1124 3608 ⁸⁸,
1151 3541 1215 3595 οὐ
1245 3542 1359 3606 τοῖς
1397 3542 1463 3594 ὲκ
1490 3539 1801 3611 περιτομῆς
1827 3538 1922 3607 μό-

324 3651 438 3705 νης
489 3635 875 3706 ἐμοιουμὲνοις
932 3633 1106 3706 αὐτῷ,
1135 3633 1275 3689 ἀλλά
1322 3633 1420 3688 καὶ
1477 3633 1592 3696 τοῖς
1645 3630 1919 3701 στοιχούσι

320 3729 446 3789 τοῖς
485 3725 656 3798 ἴχνεσι
693 3730 794 3800 τῆς
823 3726 1082 3796 πίστεως,
1115 3725 1390 3791 τουτέστι,
1416 3727 1532 3787 τοῖς
1560 3723 1920 3778 πιστεύουσιν

321 3818 536 3891 ὁμοίως
561 3819 778 3891 ἐκείνῳ,
801 3820 882 3884 είς
907 3820 1118 3891 νεκρῶν
1152 3818 1422 3890 σωμάτων
1451 3816 1772 3872 ἀνάστασιν.
1808 3813 1921 3870 Καὶ

322 3912 447 3984 γὰρ
477 3915 711 3978 ἐκεῖνος,
751 3914 930 3985 γέρων
957 3911 1036 3967 ὢν
1075 3913 1170 3968 καὶ
1200 3913 1415 3983 νεκρὸς.
1461 3909 1808 3977 ἐπίστευσεν,
1836 3910 1920 3962 ὅτι

320 4003 561 4058 δύναται
591 4007 619 4058 6
647 4003 782 4068 Θεὸς
799 4004 1063 4076 ζωογόνον
1094 4003 1154 4057 τὸ
1177 4003 1403 4074 σπέρμα
1429 4000 1596 4056 αὑτοῦ
1620 3999 1916 4068 ἀναδεῖξαι,

324 4097 434 4150 καὶ
467 4096 585 4150 υἱὸν
629 4094 783 4166 αὐτῷ
808 4096 1014 4151 δοῦναι.
1049 4094 1239 4149 Ἔστιν
1263 4092 1357 4149 οὖν
1388 4096 1496 4158 πᾶς
1518 4096 1546 4148 6
1593 4091 1718 4157 νοῦς
1743 4093 1919 4149 τοιοῦ-

326 4203 430 4251 τος
451 4203 465 4218 ο
513 4187 877 4258 ’Δκρόϐυστος
904 4187 980 4240 ὣν
1001 4189 1029 4241 6
1048 4185 1327 4258 ’Δϐραάμ,
1357 4185 1650 4240 ἐπίστευσε
1681 4187 1772 4240 καὶ⁵
1811 4185 1922 4241 ἐδι-

324 4279 570 4352 καιώθη,
583 4279 726 4334 ὥστε
758 4279 866 4334 τῶν
895 4278 1253 4352 ἀκροϐὐστων
1291 4279 1502 4336 πιστῶν
1537 4275 1677 4333 εῐναι
1711 4281 1919 4352 πατὴρ.

330 4375 513 4430 Πάλιν
539 4374 704 4428 ἐλαϐε
737 4374 838 4447 τὴν
864 4372 1198 4447 περιτομὴν,
1237 4374 1512 4445 σφραγῖδα
1548 4373 1646 4426 καὶ
1693 4374 1922 4445 σημεῖον

326 4467 437 4537 τῆς
464 4470 614 4541 ἐντῇ
651 4468 995 4542 ἀκροϐυστία
1045 4468 1303 4530 πίστεως,
1327 4467 1470 4520 ὥστε
1534 4461 1677 4520 εἶναι
1733 4464 1919 4536 πατὴρ

2019 1978 2127 2025 tem
2158 1969 2316 2026 diluit
2347 1970 2572 2027 :l'orsan
2607 1972 2751 2026 enim
2791 1969 2988 2041 aliquis
3013 1969 3240 2024 dixisset
3276 1983 3289 2021 :
3325 1967 3383 2022 Si
3423 1965 3598 2020 Abra-

2018 2062 2166 2128 ltam,
2198 2077 2329 2119 eum
2349 2062 2402 2117 iu
2427 2064 2690 2134 pratputio
2716 2071 2885 2128 esset,
2912 2061 3242 2131 iustiﬁcatus
3277 2070 3384 2126 est,
3427 2073 3589 2130 quam

2018 2154 2272 2225 igiturob
2300 2169 2520 2211 causam
2549 2155 2909 2211 circumcisus
2936 2154 3056 2211 est?
3081 2156 3172 2210 Ait
3215 2153 3402 2222 igitur,
3449 2154 3594 2222 quod

2018 2246 2456 2303 circumcisionis
2491 2248 2706 2319 signum
2761 2247 3035 2317 acceperit
3093 2263 3190 2318 pro
3231 2247 3410 2318 sigillo
3454 2246 3599 2300 obsi-

2017 2345 2221 2408 gnante
2248 2353 2316 2394 ac
2343 2337 2678 2410 praedicante
2709 2339 2854 2410 quod
2882 2353 2945 2393 ex
2975 2337 3082 2395 ﬁde
3111 2338 3446 2408 iustiﬁcatus
3479 2349 3596 2392 est:

2018 2444 2182 2500 quam
2209 2445 2346 2487 sane
2369 2432 2528 2486 ﬁdem
2547 2430 2658 2499 jam
2685 2441 3010 2494 antea,cum
3041 2431 3394 2502 praapntiatus
3428 2443 3598 2495 esset,

2017 2522 2276 2578 ostendit.
2297 2521 2434 2578 Cum
2460 2522 2644 2593 itaque
2665 2523 2772 2578 duo
2801 2524 2915 2578 hate
2943 2533 3240 2577 cernantur
3265 2521 3408 2578 circa
3429 2523 3571 2576 Abrn

2017 2612 2261 2678 hamum,
2281 2613 2599 2684 praeputium
2631 2623 2687 2669 et
2725 2613 3071 2670 circumcisio
3097 2632 3120 2669 .:
3156 2628 3255 2686 per
3283 2610 3601 2682 praeputium

2017 2720 2151 2762 sane
2178 2719 2367 2762 eorum
2395 2706 2492 2778 qui
2521 2707 2841 2778 praeputium
2873 2707 3095 2774 habent,
3130 2717 3283 2777 pater
3315 2718 3602 2760 common-

2017 2807 2246 2855 stratur.
2271 2799 2378 2855 Sed
2395 2799 2684 2870 quaiium?
2713 2799 2900 2854 talium
2920 2798 3171 2854 videlicet
3202 2797 3295 2868 qui
3327 2797 3498 2870 ipsius
3520 2799 3604 2851 in-

2017 2903 2132 2947 star
2155 2893 2522 2958 crediderunt,
2546 2911 2567 2945 t
2609 2893 2679 2949 Ut
2702 2894 2864 2949 etiam
2897 2893 3030 2962 ipsis
3052 2892 3193 2946 ﬁdes
3219 2893 3512 2962 imputetur
3535 2893 3604 2946 ad

2013 2984 2305 3054 justitiam,
2342 3003 2362 3038 ι
2409 2987 2513 3042 hoc
2537 2995 2643 3051 est,
2680 2996 2736 3040 ut
2755 2985 2886 3054 justi
2915 2987 3066 3038 liant.
3095 2983 3204 3038 Per
3226 2983 3605 3040 circumcisio-

2021 3093 2144 3133 nem
2172 3093 2320 3146 vero,
2348 3094 2538 3134 rursus
2563 3079 2876 3134 ostenditur
2897 3092 3017 3132 esse
3039 3088 3195 3147 pater
3219 3077 3596 3134 circumcisio-

2022 3171 2126 3238 nis,
2153 3172 2255 3226 hoc
2285 3180 2388 3238 est,
2437 3171 2909 3227 circumcisorum.
2948 3167 3048 3225 Est
3076 3181 3255 3225 autem
3294 3180 3466 3240 pater.
3493 3186 3600 3224 non

2023 3262 2150 3330 illis,
2194 3263 2285 3332 qui
2315 3264 2485 3319 solam
2540 3264 3013 3320 circumcisiunem
3055 3263 3279 3328 habent,
3307 3263 3402 3318 sed
3435 3271 3490 3317 et
3539 3263 3610 3317 iis

2022 3357 2114 3424 qui
2168 3357 2430 3412 incedunt
2480 3371 2576 3427 per
2622 3357 2847 3426 vestigia
2906 3355 3028 3411 ﬁdei
3095 3356 3290 3426 ipsius,
3351 3358 3472 3425 qua:
3548 3357 3603 3408 in

2021 3451 2290 3520 praeputio
2340 3450 2414 3505 illi
2446 3451 2656 3520 obtigit.
2699 3450 2856 3505 lluuc
2913 3451 3099 3522 itaque
3129 3451 3196 3504 ad
3243 3448 3460 3503 modum
3515 3447 3605 3502 hic

2022 3553 2108 3597 est
2144 3543 2402 3610 legendus
2433 3542 2587 3599 locus
2619 3542 2728 3598 :Et
2751 3551 2962 3614 patrem
3003 3539 3459 3601 circumcisiunis,
3495 3553 3603 3591 non

2023 3635 2089 3690 iis
2109 3635 2200 3704 qui
2221 3650 2283 3690 ex
2313 3634 2727 3690 circumcisione
2743 3633 2857 3689 sola
2882 3633 2982 3701 ipsi
3024 3633 3394 3702 adsequantur,
3423 3631 3516 3684 sed
3551 3637 3609 3684 et

2024 3725 2094 3781 iis
2121 3726 2214 3796 qui
2263 3734 2542 3780 sectantur
2569 3725 2801 3794 vestigia
2833 3723 2982 3788 ﬁdei,
3014 3723 3115 3776 hoc
3145 3721 3348 3790 estqui
3376 3721 3606 3774 credunt

2021 3832 2175 3890 teque
2199 3817 2495 3887 atqueipse
2525 3816 2578 3871 in
2611 3825 2950 3872 mortuorum
2984 3829 3273 3884 corporum
3323 3827 3604 3869 resurrec-

2027 3914 2191 3970 tione.
2224 3913 2440 3968 Etenim
2473 3912 2584 3978 ille,
2615 3927 2740 3967 cum
2788 3911 2903 3982 jam
2949 3911 3274 3981 grandaevus
3332 3919 3479 3964 esset
3538 3922 3605 3962 ac

2028 4016 2291 4073 mortuus,
2322 4007 2554 4061 credidit
2581 4005 2725 4076 quod
2763 4005 2906 4059 Deus
2943 4003 3050 4075 33
3083 4018 3269 4059 semen
3293 4018 3448 4057 suum
3481 4016 3609 4070 pto~

2025 4099 2226 4156 litieum
2258 4102 2504 4166 reddere,
2539 4100 2754 4170 ipsique
2780 4101 2950 4154 lilium
2993 4101 3123 4152 dare
3155 4104 3406 4167 potuerat
3461 4095 3604 4150 Sett-

2025 4209 2120 4250 sus
2145 4193 2326 4264 itaque
2354 4207 2450 4262 per
2463 4200 2634 4247 totum
2664 4203 2747 4248 est
2771 4189 3104 4262 hujusmodi.
3134 4190 3268 4244 Cum
3307 4191 3358 4242 itt
3387 4203 3609 4258 prmptt-

2027 4287 2100 4340 tio
2126 4295 2272 4340 esset
2321 4285 2681 4348 Abrahamus,
2718 4283 2950 4338 credidit
2977 4293 3032 4335 et
3062 4282 3397 4352 justiticatus
3414 4289 3517 4346 est,
3547 4292 3607 4334 ιιι
3631 4303 3646 4326 ο

2027 4377 2128 4434 Ιιυο
2165 4387 2322 4446 pacto
2363 4377 2701 4432 credentium
2759 4373 3202 4446 praeputiatorum
3247 4383 3401 4442 pater
3435 4385 3606 4428 esset.
3635 4368 3656 4394 ‘

2025 4470 2240 4526 Rursus
2263 4469 2476 4538 accepit
2502 4467 2996 4533 circutucisionent,
3035 4465 3272 4538 sigillum
3305 4476 3360 4521 et
3389 4468 3605 4537 signum

324 4561 447 4616 τῶν
478 4562 545 4616 ἐκ
596 4539 924 4635 περιτομῆς,
972 4539 1342 4632 στοιχούντων
1397 4557 1601 4629 δηλαδὴ
1647 4555 1746 4610 καὶ
1801 4558 1915 4620 τοῖς

2034 4557 2351 4636 Ιὶιίοίἠυυω
2397 4565 2450 4618 in
2484 4562 2750 4633 praeputio
2781 4561 2995 4627 habuit,
3036 4573 3094 4615 ut
3120 4571 3269 4615 esset
3303 4569 3457 4631 pater
3503 4562 3610 4616 cir-

326 4657 507 4726 ῑχνεσι
539 4655 637 4726 τῆς
666 4656 923 4721 πίστεως,
941 4655 1008 4726 ῆν
1033 4649 1180 4724 εἶχεν
1207 4651 1640 4723 ἔτιάκρόϐυστος
1684 4647 1782 4704 ὢν.
1828 4647 1920 4714 Ὦς

325 4747 542 4817 ταύτης
565 4763 632 4817 γε
655 4747 901 4819 ἀπούσης
920 4749 1108 4818 μάτην
1131 4748 1202 4820 τῇ
1235 4746 1511 4817 περιτομῇ
1546 4741 1923 4808 καλλωπίζον-

326 4852 426 4896 ⁴ται
453 4857 470 4871 ο
501 4841 694 4910 ὥσπερ
728 4840 794 4894 ἂν
827 4843 880 4893 εἰ
912 4859 994 4905 τις
1019 4840 1311 4912 βαλάντιον
1339 4838 1707 4892 ἐπιδείκνυσιν
1748 4852 1926 4907 σφρα-

325 4935 457 5004 γῖδα
488 4934 659 5006 μόνην
687 4933 835 5006 ἐχον,
872 4933 1100 5006 μηδενὸς
1126 4933 1275 4987 ενδον
1316 4931 1703 5001 ἀποκειμένου.
1737 4929 1848 4982 Καὶ
1877 4929 1924 4961 ⁵⁸

326 5027 589 5092 ἰουδαίος
657 5023 753 5080 οὖν
807 5026 1095 5097 βαλάντιον
1155 5029 1306 5081 ἐστιν
1373 5023 1817 5096 ἐσφραγισμένοι)
1851 5024 1919 5093 τῇ

327 5124 631 5194 περιτομῇ,
659 5120 759 5194 τὴν
813 5121 1000 5176 πίστιν
1045 5121 1106 5176 δὲ
1152 5119 1231 5192 μὴ
1281 5117 1455 5190 ἔχων,
1483 5113 1552 5191 ἦς
1594 5115 1832 5188 σφραγὶς
1888 5119 1923 5188 ἠ

331 5217 634 5287 περιτομή.

404 5439 431 5474 ε
464 5421 542 5475 οὐ
571 5419 681 5491 γὰρ
701 5419 792 5473 διά
823 5417 988 5488 νόμον
1016 5417 1051 5487 ἡ
1083 5411 1385 5482 ἐπαγγελία
1411 5410 1490 5482 τῷ
1533 5409 1786 5481 Ἀϐραὰμ
1815 5409 1912 5463 καὶ

324 5516 406 5586 τῷ
433 5513 714 5584 σπέρματι
748 5511 916 5567 αὑτοῦ
940 5549 956 5574 ,
987 5511 1050 5564 τὸ
1080 5508 1416 5580 κληρονόμον
1449 5501 1589 5560 εἶναι
1619 5505 1781 5558 αὑτὸν
1814 5501 1910 5558 τοῦ

330 5609 563 5678 κόσμου,
591 5605 726 5660 ἀλλά
760 5605 847 5658 διά
877 5604 1224 5672 δικαιοσύνη,
1253 5603 1511 5663 πίστεως.
1546 5599 1606 5651 Ei
1633 5597 1742 5667 γὰρ
1773 5596 1822 5650 οὶ
1847 5599 1914 5650 ἐκ

2032 4657 2420 4722 cumcisorum,
2475 4653 2896 4725 ingredientium
2933 4651 3188 4707 videlicet
3236 4667 3337 4723 per
3382 4653 3610 4720 vestigia

2036 4749 2357 4817 lidei,quam
2389 4747 2581 4802 habuit
2603 4746 2729 4799 dum
2753 4745 2934 4799 adhuc
2957 4731 3381 4799 iucircu‘tncisus
3408 4755 3552 4797 esset
3589 4758 3606 4797 :

2032 4859 2140 4914 qua
2202 4841 2448 4907 absente,
2509 4839 2713 4894 frustra
2767 4838 3242 4895 circumcisionem
3290 4839 3390 4893 sibi
3425 4838 3643 4907 gloria:-

2031 4940 2240 4992 tlucunt
2287 4951 2302 4989 :
2359 4933 2584 5004 perinde
2639 4947 2705 4989 ac
2745 4931 2789 4986 si
2825 4932 2955 5002 quis
3006 4946 3322 4986 crumenam
3374 4939 3610 4985 ostentet

2032 5026 2371 5100 signaculum
2403 5026 2577 5083 solum
2629 5027 2947 5091 habentem,
2985 5040 3047 5080 ac
3078 5025 3212 5079 nihil
3269 5023 3411 5077 aliud
3465 5027 3608 5078 intus

2031 5122 2348 5192 repositum.
2376 5118 2597 5175 Iudaeus
2646 5119 2832 5188 itaque
2873 5131 3135 5173 crumena
3176 5126 3282 5182 est,
3318 5116 3640 5172 circumci--

2030 5217 2180 5271 sione
2214 5214 2431 5284 quidem
2467 5213 2713 5283 signata;
2753 5212 2912 5266 Iidem
2945 5225 3098 5275 vero,
3145 5208 3304 5277 cujus
3359 5209 3636 5280 signacu-v

2030 5307 2140 5361 lum
2169 5317 2252 5361 est
2280 5306 2646 5369 circumcisio,
2675 5319 2780 5358 non
2806 5305 3037 5358 habens.

2099 5398 2263 5453 Vsus.
2311 5397 2398 5462 15,
2440 5397 2526 5452 id.
2563 5415 2581 5448 t
2626 5395 2743 5451 Non
2774 5398 2920 5450 enim
2965 5409 3060 5464 per
3099 5392 3269 5463 legem
3315 5394 3608 5464 promissio

2022 5494 2356 5556 Ahraltamo,
2408 5502 2462 5548 et
2519 5489 2709 5546 semini
2772 5487 2912 5558 ejus,
2968 5497 3025 5541 ut
3069 5493 3212 5541 esset
3269 5489 3382 5561 ipse
3439 5487 3612 5542 haeres

2024 5585 2237 5651 mundi,
2271 5584 2364 5642 sed
2401 5599 2494 5653 per
2515 5580 2783 5652 justitiam
2816 5578 2958 5633 ﬁdei.
2995 5576 3052 5634 Si
3077 5579 3220 5633 enim
3255 5579 3348 5648 qui
3376 5593 3440 5632 ex
3473 5579 3612 5649 iege,

1655 5735 1852 5798 Varias
1879 5730 2216 5795 lectiones.-

399 5881 445 5915 “
472 5881 592 5952 τῆς.
620 5877 688 5910 δ’·
716 5877 825 5948 γὰρ
858 5890 912 5932 ο.
987 5875 1033 5906 ⁸⁸
1071 5872 1223 5944 παρὰ
1241 5888 1293 5926 0.
1373 5870 1416 5902 δ’
1445 5867 1798 5939 ἀκροϐὑστων
1832 5881 1883 5920 o.
1959 5863 2006 5894 ⁸⁸
2040 5862 2126 5915 ίσ.
2173 5859 2233 5913 οὐ
2269 5855 2438 5930 μόνην
2471 5857 2581 5918 τοῖς
2623 5854 2721 5925 τὴν
2747 5868 2928 5924 πιριτ.
2961 5851 3043 5922 ἐχ.
3086 5851 3131 5882 ⁸¹
3161 5843 3298 5903 εῖναι
3396 5845 3444 5878 ⁵²
3471 5844 3531 5902 ’0
3555 5860 3610 5910 q.

583 5975 858 6034 Ρηιιοι..
891 5971 985 6031 Cn
1045 5963 1326 6031 CXXIV.

3131 5943 3207 6006 13
