4038 6570
391 352 498 416 397

1246 336 1656 402 EXPOSITIO
1697 337 1780 402 IN
1815 335 2058 400 EPIST.
2091 335 2196 394 AD
2231 334 2422 398 ΗΘΜ.
2454 360 2518 375 ε·-
2551 334 2715 398 CAP.
2759 333 2863 398 IV.

3564 333 3671 397 398

389 465 461 518 τὰ
483 462 560 534 μὴ
581 459 709 514 ὂντα
731 455 804 520 ὡς
836 456 986 511 ὄντα.
1025 473 1045 506 ι
1080 454 1260 526 Ὅπερ
1280 454 1539 526 ἀνωτέρω
1571 448 1696 507 εἷπε
1716 452 1786 518 ⁶¹,
1813 448 1976 506 τοῦτο
2001 472 2018 515 Α

2102 463 2335 520 anquam
2367 449 2495 503 sint.
2532 466 2550 502 ι
2589 447 2747 517 Quod
2775 463 2940 520 supra
2972 447 3206 516 dixerat,
3242 448 3344 504 hoc
3374 449 3554 506 denuo
3589 468 3674 506 re-

389 554 488 612 καὶ
512 553 604 608 νῦν
637 552 822 618 λέγει,
852 550 934 604 ὅτι
979 547 1234 619 Ἀϐραὰμ.
1275 547 1622 613 ἐπίστευσεν,
1661 547 1747 600 ὅτι
1777 543 1806 598 ὀ
1842 542 1977 609 Θεδς

389 644 585 716 νεκρὸν
620 641 814 712 σῶμα,
840 634 954 694 οἷον
992 633 1060 712 ἦν
1115 638 1177 692 τὸ
1220 638 1414 703 αὑτοῦ,
1447 638 1673 692 δύναται
1712 637 1773 691 οὐ
1817 635 1982 708 μόνον

389 735 644 802 ζωῶσαι,
677 732 816 787 ἀλλὰ
850 731 945 786 καὶ⁹
974 730 1243 799 ζωογόνον
1279 729 1526 800 ποιῆσαι.
1563 728 1666 782 Διὰ
1698 727 1857 782 τοῦτο
1892 726 1980 780 λέ-

389 844 478 896 γει
511 825 604 880 νῦν
625 841 640 855 ·
674 842 694 877 ι
728 822 836 878 Τοῦ
867 821 1267 888 ζωοποιοῦντος
1296 821 1423 884 τοὺς
1463 819 1717 892 νεκρούς.
1749 839 1768 871 ι
1805 819 1876 872 Τὸ
1901 819 1981 884 δὲ,

394 938 414 972 ι
457 917 768 980 Καλοῦντος
796 917 868 971 τὰ
919 916 996 988 μὴ
1044 914 1174 968 ὅντα
1212 913 1287 992 ῶς
1313 915 1444 968 ὄντα
1467 952 1484 978 ,
1518 931 1537 965 ι
1579 912 1771 967 τούτου
1819 911 1986 966 ἓνεκα

390 1007 785 1080 προστέθεικεν
811 1047 826 1073 ,
860 1006 949 1060 ἵνα
971 1002 1155 1077 δείξῃ,
1190 1005 1272 1058 ὃτι
1303 1005 1403 1058 οὐκ
1432 1002 1694 1058 ἀδύνατον
1736 1001 1814 1074 τῷ
1841 1000 1984 1072 Θεῷ,

387 1103 450 1155 τὸ
480 1104 606 1166 τοὺς
637 1101 713 1173 μὴ
741 1100 903 1164 ὄντας
931 1100 1130 1162 παῖδας
1159 1097 1254 1154 τοῦ
1279 1099 1321 1132 ⁶¹
1361 1099 1639 1170 Ἀὅραὰμ,
1671 1099 1866 1163 παῖδας
1891 1098 1989 1153 αύ-

389 1192 488 1246 τοῦ
521 1193 771 1260 ποιῆσαι.
806 1192 920 1244 Οὐκ
951 1185 1074 1244 εἶπε
1105 1189 1185 1254 δὲ,
1228 1190 1578 1261 Παράγοντος
1610 1190 1676 1243 τὰ
1706 1191 1806 1243 ούκ
1833 1189 1986 1256 ὄντα,

390 1283 550 1349 ἀλλὰ,
593 1302 612 1336 ι
645 1282 978 1347 Καλοῦντος.
1019 1301 1039 1332 ν
1084 1281 1301 1351 Ὠσπερ
1338 1281 1448 1351 γὰρ
1480 1281 1614 1352 ἡμῖν
1661 1277 1884 1333 εὔκολον
1917 1279 1985 1333 τὰ

389 1376 524 1430 ὄντα
552 1375 802 1442 καλέσαι,
829 1372 1004 1438 οὕτως
1029 1371 1180 1454 αύτῴ
1223 1372 1405 1444 ῥᾴδιον
1461 1373 1530 1426 τὰ
1580 1371 1656 1442 μὴ
1691 1371 1820 1426 ὄντα
1853 1372 1988 1425 ὑπο-

393 1469 620 1540 στῆσαι.
650 1501 652 1508 ε

472 1580 493 1612 ι
530 1563 629 1626 Ὃς
678 1561 808 1632 παρ’
841 1559 1036 1614 ἐλπίδα
1076 1559 1162 1614 ἐπ’
1197 1542 1370 1613 ἐλπίδι
1405 1556 1729 1610 ἐπίστευσεν
1753 1597 1769 1622 ,
1809 1558 1890 1622 εἰς
1933 1556 1994 1610 τὸ

394 1653 660 1720 γενέσθαι
691 1654 856 1708 αὑτὸν
899 1654 1117 1725 πατέρα
1160 1651 1372 1707 πολλῶν
1402 1641 1594 1707 ἐθνῶν.
1646 1670 1663 1702 ι
1699 1650 1792 1722 Μὴ
1832 1650 1992 1722 νομί-

393 1767 520 1822 σῃς,
551 1750 737 1821 φησὶν,
763 1750 886 1819 εἰκῆ
911 1747 1243 1820 τετιμῆσθαι
1273 1747 1365 1801 τὸν
1400 1745 1674 1818 Ἀϐραάμ.
1706 1744 1831 1809 Πῶς
1859 1745 1990 1818 γὰρ,

2083 542 2238 613 petit,
2276 556 2506 613 nempe,
2533 545 2676 612 quod
2699 543 2974 598 Abraham
3007 542 3240 598 credidit
3297 543 3463 598 Deum
3527 561 3676 600 mor-

2084 644 2234 691 tuum
2263 647 2482 704 corpus,
2509 635 2669 705 quale
2687 646 2805 690 erat
2825 635 3015 704 ipsius.
3040 651 3143 691 non
3167 635 3343 692 solum
3366 633 3668 701 vivillrarc,

2082 744 2273 785 verum
2299 727 2464 784 etiam
2508 725 2801 783 fecundum
2857 728 3084 784 reddere
3146 730 3408 799 potuisse.
3468 730 3676 786 Idcirco

2086 836 2227 876 nunc
2248 822 2346 886 ait,
2376 839 2396 874 ι
2427 822 2530 888 Qui
2564 822 2802 878 viviﬁcat
2835 832 3099 879 mortuos.
3137 844 3156 878 ι
3187 823 3300 881 lloc
3333 841 3483 892 vero,
3521 845 3541 879 ι
3571 828 3676 894 Qui

2085 920 2245 982 vocat
2285 925 2350 966 ea
2394 926 2513 981 qum
2563 927 2673 966 non
2707 921 2857 976 sunt,
2888 921 3142 982 tanquam
3177 930 3238 968 ea
3285 931 3406 985 quae
3440 925 3600 980 sunt,
3645 937 3664 969 ι

2087 1004 2357 1074 apposuit,
2386 1014 2445 1060 ut
2472 1004 2727 1061 ostendat
2745 1003 2891 1076 quod
2922 1003 3031 1060 Deo
3059 1021 3164 1060 non
3201 1007 3273 1063 sit
3304 1009 3635 1078 impossibile
3657 1051 3675 1076 ,

2087 1109 2181 1148 eos
2213 1095 2302 1164 qui
2335 1110 2440 1150 non
2470 1104 2596 1150 sunt
2627 1095 2721 1150 lilii
2762 1095 2991 1151 Abrahee
3012 1135 3029 1160 ,
3079 1094 3247 1166 ipsius
3298 1098 3440 1154 lilios
3472 1099 3673 1168 facere.

2089 1186 2206 1243 Non
2237 1197 2417 1244 autem
2449 1188 2620 1253 dixit,
2654 1186 2756 1255 Qui
2786 1187 3034 1258 producit
3075 1195 3198 1258 qua:
3228 1205 3332 1252 non
3365 1201 3518 1254 sunt,
3544 1194 3638 1246 sed
3659 1233 3676 1259 ,

2093 1297 2113 1332 ι
2149 1279 2249 1348 Qui
2281 1290 2454 1336 vocat.
2508 1299 2526 1333 ι
2566 1279 2633 1336 ιιι
2661 1281 2807 1338 enim
2840 1281 2998 1336 nobis
3054 1278 3213 1336 facile
3258 1292 3344 1338 est
3376 1298 3572 1338 vocare
3613 1300 3680 1339 ea

2089 1389 2212 1444 qua:
2241 1383 2387 1440 sunt,
2418 1372 2492 1428 ita
2521 1372 2594 1428 illi
2624 1371 2782 1428 lacile
2806 1381 2910 1440 est,
2935 1388 2998 1428 ea
3032 1388 3151 1445 quae
3180 1388 3284 1430 nou
3317 1384 3443 1430 sunt
3497 1376 3554 1433 in
3592 1393 3679 1432 re-

2092 1480 2211 1534 rum
2247 1475 2496 1522 naturam
2529 1466 2850 1534 producere.

2164 1553 2336 1610 Vsus.
2368 1555 2454 1610 18.
2487 1573 2505 1607 ι
2555 1556 2659 1623 Qui
2694 1567 2888 1626 praeter
2928 1571 3076 1625 spem
3111 1557 3165 1612 in
3197 1572 3292 1626 spe
3325 1559 3595 1628 credidit,
3623 1573 3676 1614 ιιι

2095 1646 2248 1703 fieret
2276 1657 2430 1718 pater
2459 1646 2750 1703 multarum
2781 1650 3044 1720 gentium.
3091 1667 3108 1700 ι
3148 1647 3226 1704 Ne
3261 1650 3564 1720 arbitreris,
3600 1655 3683 1707 in.

2098 1740 2254 1810 quit,
2305 1749 2508 1796 temere
2557 1742 2883 1796 licueratum
2945 1743 3340 1800 Abraliamum.
3398 1745 3682 1813 Quomodo

395 1813 514 1908 (is;
529 1813 679 1914 *ἦρ’
710 1813 901 1898 ἐλπίδα
935 1863 953 1896 ι
996 1813 1110 1916 ἰτίιν⁷
1131 1841 1481 1915 ἀνθρωπίνην
1501 1813 1528 1894 ἰ
1552 1813 1639 1894 sar
1663 1840 1835 1895 ἐλπίδι

2102 1834 2236 1889 enim
2273 1833 2374 1888 hoc
2408 1833 2527 1890 tieri
2557 1833 2756 1904 potuit,
2794 1834 3064 1904 siquidem
3097 1836 3143 1892 is
3177 1853 3197 1888 ι
3234 1848 3427 1906 praeter
3471 1855 3621 1909 spem
3656 1861 3676 1892 ι

391 1936 520 2007 θεία
575 1937 933 2002 ἐπίστευσεν,
989 1954 1009 1987 ι
1063 1935 1146 1990 ὅτι
1199 1934 1488 2008 γενήσεται
1537 1931 1720 2006 πατὴρ
1778 1932 1989 1989 πολλῶν

394 2027 594 2094 ἐθνῶν,
635 2048 652 2082 ι
692 2029 753 2082 ού
780 2028 889 2083 τῶν
925 2028 1290 2100 Ἰσμαηλιτῶν
1327 2029 1346 2099 (
1379 2029 1581 2082 ἐκεῖνοι
1615 2027 1726 2101 γὰρ
1753 2027 1814 2082 οὐ
1850 2028 1992 2085 κατὰ

394 2125 608 2190 πίστιν,
639 2123 775 2178 ἀλλὰ
804 2124 948 2180 κατὰ
979 2123 1142 2194 φύσιν
1175 2121 1235 2189 ἐξ
1264 2121 1431 2176 αὐτοῦ
1457 2121 1500 2193 ),
1535 2120 1674 2176 ἀλλά
1705 2123 1815 2178 τῶν
1850 2122 1993 2179 κατὰ

397 2215 587 2270 πίστιν
611 2215 763 2286 αὐτῷ
795 2216 1082 2284 ὲοικότωνς

481 2410 499 2443 ι
542 2393 700 2447 Κατὰ
742 2392 805 2447 τδ
849 2392 1178 2464 εἰρημένον·
1233 2393 1418 2458 Οὕτως
1465 2392 1622 2448 ἔσται
1668 2393 1731 2447 τὸ
1772 2392 1995 2465 σπέρμα

400 2501 523 2537 σου.
558 2485 664 2538 Καὶ
694 2484 770 2556 μὴ
805 2483 1113 2555 ἀσθενήσας
1147 2487 1215 2558 τῇ
1250 2485 1432 2539 πίστει
1454 2526 1470 2551 ,
1503 2486 1564 2539 ού
1603 2484 1902 2556 κατενόησε
1934 2484 1995 2538 τὸ

400 2575 602 2628 ἑαυτοῦ
627 2575 788 2646 σῶμα
819 2575 922 2646 ἤδη
958 2575 1400 2647 νενεκρωμένον,
1447 2573 1846 2645 ἑκατονταετής
1891 2590 1994 2627 που

403 2668 690 2742 ὑπάρχων,
727 2670 824 2723 καὶ
852 2670 951 2740 τὴν
975 2669 1245 2741 νέκρωσιν
1267 2669 1370 2740 τῆς
1395 2669 1610 2742 μήτρας
1632 2669 1871 2740 Σάρρας.
1901 2668 1996 2733 El;

405 2763 461 2816 δὲ
491 2763 592 2832 τὴν
619 2762 958 2831 ἐπαγγελίαν
981 2762 1076 2816 τοῦ
1107 2761 1244 2816 Θεοῦ
1274 2762 1336 2814 οὐ
1369 2761 1616 2834 διεκρίθη
1646 2765 1712 2833 τῇ
1743 2761 1994 2833 ἀπιστίᾳ,
2045 2761 2062 2778 ⁹

407 2853 524 2908 ἀλλ’
551 2853 934 2924 ἐνεδυναμώθη
959 2857 1030 2926 τῇ
1057 2853 1266 2918 πίστει,
1287 2854 1411 2918 δοὺς
1439 2852 1600 2920 δόξαν
1623 2855 1700 2924 τῷ
1721 2855 1861 2928 Θεῷ.
1888 2855 1998 2910 Καὶ

411 2947 854 3018 πληροορορηθεὶς
884 2947 968 3001 ὅτι
1005 2948 1034 3000 δ
1062 2946 1401 3018 ἐπήγγελται
1429 2987 1444 3010 ,
1485 2947 1709 3013 δυνατός
1756 2950 1872 3003 ἔστι
1905 2949 2000 3004 καὶ

411 3041 657 3110 ποιῆσαι.
693 3057 713 3092 ι
738 3040 943 3103 Εἰπὼν,
964 3041 1046 3094 ὅτι
1076 3057 1096 3092 ι
1121 3039 1259 3110 Παρ’
1280 3039 1469 3093 ἐλπίδα
1496 3041 1884 3110 ἀνθρωπίνην
1914 3040 2000 3095 ἐπ’

412 3133 588 3186 ἐλπίδι
608 3131 686 3202 τῇ
713 3134 840 3202 θείᾳ
860 3133 1166 3200 ἐπίστευσε,
1211 3152 1230 3186 ι
1271 3132 1364 3187 νῦν
1386 3132 1786 3197 κατασκευάζει
1817 3131 1996 3198 τοῦτο,

2095 1927 2386 1983 humanam
2417 1948 2434 1980 ι
2490 1927 2543 1980 in
2575 1942 2670 1997 spe
2709 1945 2728 1980 ι
2762 1928 2942 1983 divina
2974 1947 2997 1980 ι
3031 1928 3278 1994 credidit,
3315 1937 3373 1985 ut
3403 1932 3558 1988 ﬁeret
3588 1949 3684 2002 pa-

2097 2031 2179 2077 ter
2213 2021 2505 2076 multarum
2535 2023 2815 2090 gentium,
2853 2038 2872 2073 »
2916 2037 3022 2077 non
3081 2021 3482 2081 lsmaelitarum
3513 2027 3684 2098 (nam

2095 2112 2170 2172 illi
2206 2127 2314 2169 non
2347 2111 2643 2168 secundum
2673 2111 2859 2180 tidem,
2896 2111 2992 2170 sed
3020 2114 3320 2169 secundum
3355 2131 3574 2172 carnem
3617 2131 3686 2172 et

2094 2221 2161 2263 eo
2199 2207 2641 2277 descenderunt),
2675 2208 2770 2264 sed
2802 2222 2988 2264 earum
3024 2222 3143 2280 qua:
3189 2209 3488 2266 secundum
3525 2210 3684 2266 tidem

2099 2306 2227 2354 sunt
2254 2297 2327 2352 illi
2353 2297 2559 2353 similes
2601 2298 2623 2350 ?

2176 2390 2342 2446 Vsus.
2399 2392 2488 2457 l9,
2533 2391 2624 2446 2|.
2665 2409 2683 2441 ι
2724 2390 3037 2472 Secundum
3089 2391 3237 2462 quod
3288 2392 3490 2448 dictum
3539 2402 3625 2450 est
3665 2408 3684 2450 ι

2105 2485 2196 2544 Sic
2225 2487 2326 2542 erit
2353 2501 2541 2542 semen
2577 2496 2726 2540 tuum
2745 2495 2787 2540 °.
2807 2485 2873 2542 Et
2906 2499 3012 2541 non
3043 2484 3346 2542 inﬁrmatus
3369 2490 3526 2542 estin
3559 2487 3687 2554 lide,

2097 2594 2198 2634 nec
2213 2578 2578 2634 consideravit
2599 2592 2757 2633 suum
2786 2577 2954 2650 ipsius
2976 2593 3185 2650 corpus
3211 2590 3537 2647 emortuum,
3563 2597 3687 2635 cum

2092 2669 2202 2740 jam
2241 2670 2354 2727 fere
2377 2679 2602 2726 centum
2639 2679 2784 2726 esset
2823 2685 3116 2738 annorum,
3149 2681 3204 2726 et
3237 2685 3539 2727 emortuam
3575 2674 3692 2728 vul-

2099 2781 2220 2820 vam
2251 2763 2423 2821 Sara.
2465 2763 2522 2818 lu
2546 2753 2905 2834 promissione
2946 2773 3125 2819 autem
3160 2764 3251 2820 Dei
3284 2781 3390 2819 non
3419 2767 3689 2821 lues-itavit

2104 2857 2436 2924 diuidenda,
2472 2861 2567 2912 sed
2611 2855 2950 2912 confortatus
2977 2865 3062 2912 est
3093 2857 3230 2924 lide,
3276 2857 3412 2913 dans
3458 2859 3687 2930 gloriam

2100 2953 2230 3020 Deo,
2260 2953 2571 3025 plenissime
2622 2952 2801 3008 sciens
2845 2951 2989 3021 quod
3017 2965 3350 3022 quacunque
3382 2953 3693 3022 promiserit

2102 3046 2265 3111 Deus,
2289 3056 2481 3117 potens
2515 3053 2601 3102 est
2646 3056 2702 3101 et
2745 3045 2942 3100 facere.
2985 3064 3005 3098 ι
3041 3043 3180 3112 Quia
3226 3045 3452 3111 dixerat,
3487 3044 3694 3102 Praeter

2105 3154 2253 3209 spem
2293 3138 2582 3192 humanam
2650 3137 2704 3193 in
2735 3151 2832 3207 spe
2877 3137 3058 3191 divina
3101 3137 3360 3205 credidit,
3401 3140 3693 3221 contis-mat

411 3225 508 3280 καί
543 3241 728 3297 φησιν,
754 3226 836 3279 ὅτι
873 3223 1082 3296 ἐρρήθη
1121 3225 1220 3293 μὲν
1247 3225 1385 3296 πρὸς
1412 3224 1596 3290 αὐτὸν,
1627 3225 1710 3278 ὅτι
1750 3246 1768 3278 ι
1803 3227 1999 3279 Ἔσται

2107 3245 2250 3285 nunc
2299 3232 2400 3286 hoc
2444 3231 2614 3300 ipsum
2648 3271 2666 3294 ,
2697 3229 2944 3299 inquiens
3001 3229 3204 3286 dictum
3235 3245 3357 3286 esse
3380 3232 3447 3287 ad
3487 3219 3696 3303 ipsum,i

413 3319 476 3372 τὸ
514 3319 741 3390 σπέρμα
771 3326 865 3371 σου
903 3316 980 3381 ῶς
1005 3317 1074 3370 τὰ
1098 3316 1273 3387 ἄστρα
1307 3316 1402 3369 τοῦ
1435 3314 1690 3386 ούρανοῦ,
1735 3316 1833 3370 καὶ
1862 3315 1937 3379 ὡς
1961 3318 1996 3386 ἡ

414 3410 621 3481 ἄμμος.
671 3427 690 3462 ι
719 3408 889 3474 Αὐτὸς
913 3408 970 3462 δὲ
996 3425 1014 3461 ι
1050 3407 1127 3480 μὴ
1152 3407 1458 3479 ἀσθενήσας
1483 3410 1550 3478 τῇ
1580 3409 1794 3474 πίστει,
1829 3425 1848 3457 ι
1885 3405 2000 3460 ἀλλ’

420 3500 652 3573 ἰσχυρὰν
692 3500 864 3572 αὐτὴν
889 3499 1051 3571 ἔχων,
1073 3499 1173 3554 οὐκ
1201 3499 1508 3570 ἀπέϐλεψεν
1521 3501 1600 3564 είς
1611 3515 1671 3553 τε
1700 3497 1762 3552 τὸ
1801 3499 2002 3552 οἰκεῖον

418 3595 598 3666 σῶμα,
628 3594 729 3664 ἤδη
765 3593 844 3664 τῷ
868 3596 1048 3664 χρόνῳ
1077 3592 1520 3664 νενεκρωμένον,
1559 3590 1657 3645 καὶ
1684 3590 1765 3653 είς
1792 3591 1890 3661 τὴν
1919 3590 2002 3643 δι-

418 3687 557 3756 πλῆν
599 3686 868 3758 νέκρωσιν
904 3687 1004 3757 τῆς
1048 3687 1263 3757 μήτρας
1314 3684 1535 3756 Σάρρας
1584 3683 1717 3753 (καὶ
1755 3682 1867 3752 γὰρ
1906 3681 2003 3735 καὶ

418 3776 636 3831 ἀπὸτοῦ
657 3779 858 3848 γήρως,
890 3778 984 3830 καὶ
1005 3777 1114 3830 ἀπὸ
1142 3779 1239 3849 τῆς
1271 3775 1614 3846 στειρὼσεως
1641 3773 1994 3846 νενέιιρωτο)⁹

417 3871 538 3926 οὐδὲ
559 3871 629 3937 ⁸⁸,
656 3890 675 3924 ι
693 3869 935 3943 διεκρίθη
961 3870 1126 3940 ιξάντὶ
1154 3868 1388 3934 τοῦ,οὐκ
1405 3865 1880 3936 ἑνεδοίασενιόλως,
1905 3865 2006 3917 οὐκ

420 3964 762 4035 ἁμφέόαλεν,
806 3981 823 4014 ι
858 3961 972 4014 ἀλλ’
1001 3961 1328 4032 ὲδυναμὼθη
1351 3962 1418 4032 τῇ
1452 3959 1658 4012 πίστει.
1696 3975 1715 4009 ι
1745 3956 1889 4028 Ὅρα
1919 3955 2003 4022 δὲ,

421 4057 538 4122 πῶς
593 4056 834 4111 δείκνυσι
892 4056 986 4110 τδν
1037 4053 1402 4121 πιστεύοντα,
1461 4051 1662 4120 πολλῆς
1717 4050 2006 4121 δυνάμεως

421 4151 696 4221 δεόμενον.
753 4149 946 4204 Πολλοὶ
989 4148 1100 4220 γὰρ
1138 4146 1487 4219 ὲξηυτέλιζον
1527 4145 1628 4218 τὴν
1670 4145 1886 4209 πίστιν,
1930 4140 2009 4206 ὡς

421 4243 622 4298 ἄπονον
654 4243 916 4314 πρᾶγμα·
945 4243 1014 4296 τὰ
1033 4242 1091 4295 δὲ
1118 4241 1254 4311 ἔργα
1279 4238 1638 4309 ὲμεγάλυνον,
1665 4237 1740 4302 ὼς
1773 4235 2010 4308 ἱδρῶτας

426 4337 639 4408 ἔχοντα,
669 4337 764 4390 καὶ
792 4333 1025 4406 δύναμιν
1053 4332 1417 4387 ἀπαιτοῦντα.
1452 4335 1636 4386 Δείται
1665 4331 1822 4400 γοῦν,
1849 4332 2008 4400 φησι,

427 4431 522 4485 καὶ
563 4432 592 4484 δ
646 4427 919 4483 πιστεύων
965 4429 1213 4500 μεγάλης
1260 4427 1357 4482 καί
1399 4425 1633 4495 δυνατῆς
1671 4423 1849 4494 ψυχῆς
1873 4463 1888 4488 ,
1923 4421 2010 4477 ἵνα

423 4520 821 4593 διακρούσηται
847 4520 973 4583 τοὺς
1017 4521 1115 4590 τῆς
1155 4518 1416 4581 ἀπιστίας
1451 4515 1750 4586 λογισμούς
1771 4530 1785 4545 ο
1816 4513 2009 4584 ὥσπερ

2111 3340 2130 3374 ι
2173 3322 2263 3377 Sic
2309 3326 2414 3376 erit
2461 3336 2647 3378 semen
2702 3332 2850 3377 tuum
2915 3332 2975 3377 ut
3025 3322 3195 3378 stella:
3226 3332 3282 3378 et
3330 3333 3388 3378 ut
3452 3339 3638 3382 arena.
3667 3343 3686 3376 ι

2094 3423 2132 3467 ἰ
2170 3416 2287 3483 Ipse
2345 3431 2471 3470 vero
2503 3434 2524 3468 ι
2581 3415 2634 3470 in
2688 3417 2794 3472 lide
2843 3416 3257 3487 haudquaquam
3311 3417 3692 3484 labefactatus,

2106 3507 2200 3560 sed
2233 3506 2426 3560 fortem
2455 3522 2574 3562 eam
2605 3509 2868 3574 retinens,
2901 3523 3006 3563 non
3041 3509 3279 3578 respexit
3316 3510 3382 3563 ad
3413 3512 3690 3580 proprium

2105 3613 2304 3668 corpus
2333 3615 2512 3665 suum,
2544 3601 2660 3670 ipso
2694 3611 2933 3670 tempore
2957 3602 3069 3671 jam
3105 3612 3436 3668 emortuum,
3469 3618 3569 3658 nec
3597 3619 3694 3659 ex-

2107 3693 2293 3764 pendit
2357 3707 2540 3746 secum
2621 3692 2769 3747 Sarae
2838 3694 3129 3748 matricem
3205 3694 3406 3765 duplici
3485 3697 3695 3754 ratione

2107 3795 2352 3840 enectam
2387 3785 2634 3857 (etenim
2688 3795 2740 3839 ct
2784 3785 2936 3840 senio
2988 3795 3042 3840 et
3103 3785 3387 3844 sterilitate
3421 3787 3533 3858 jam
3575 3800 3695 3846 erat

2109 3881 2448 3948 demortua),-
2485 3897 2506 3931 ι
2548 3893 2651 3934 nec
2682 3876 2975 3944 bwsitavit,
3015 3897 3035 3932 ι
3071 3879 3175 3935 hoc
3203 3889 3306 3947 est,
3337 3895 3442 3935 non
3473 3882 3695 3937 aututino

2111 3968 2399 4034 dubitavit,
2426 3967 2534 4040 35
2564 3983 2668 4024 non
2693 3969 3024 4039 ambigebat,
3049 3990 3070 4022 ι
3105 3971 3199 4025 sed
3226 3970 3329 4026 lide
3353 3971 3695 4029 confortatus

2111 4072 2213 4118 est.
2259 4081 2278 4116 ι
2321 4062 2541 4118 Intuere
2573 4073 2790 4128 autem,
2832 4062 3053 4132 quinam
3095 4062 3346 4119 ostendat
3385 4065 3692 4120 credentem

2113 4173 2246 4226 opus
2282 4156 2485 4214 habere
2524 4155 2693 4211 multa
2731 4156 2930 4212 virtute
2961 4172 3024 4212 ac
3064 4158 3327 4228 potentia.
3357 4157 3492 4214 Nam
3527 4158 3696 4230 pleri-

2113 4265 2218 4317 que
2258 4248 2416 4303 lidem
2451 4248 2863 4312 iimninucruut,
2909 4264 3006 4304 ceu
3039 4265 3150 4304 rem
3189 4251 3410 4305 minime
3456 4249 3697 4308 laborio-

2115 4353 2231 4393 sam
2276 4355 2292 4392 :
2335 4353 2502 4408 opera
2538 4353 2670 4392 vero
2707 4338 3158 4409 magniﬁcarunt,
3195 4347 3252 4394 ut
3283 4355 3402 4410 quae
3441 4341 3694 4396 sudorem

2113 4446 2178 4484 ac
2206 4431 2350 4486 vires
2381 4430 2673 4498 postulent.
2701 4428 2908 4502 Indiget
2939 4432 3123 4502 igitur,
3156 4432 3354 4502 inquit,
3379 4433 3425 4489 is
3456 4434 3545 4505 qui
3579 4452 3699 4489 cre-

2118 4524 2227 4586 dit,
2263 4538 2460 4593 magno
2489 4531 2544 4577 et
2574 4523 2780 4591 potenti
2814 4523 2995 4578 animo
3017 4564 3032 4590 ,
3065 4536 3125 4578 ut
3161 4525 3554 4581 incredulitatis
3607 4545 3699 4580 ra-

425 4613 519 4672 οὗν
575 4615 671 4671 καὶ
732 4613 986 4685 Ἀϐραὰμ
1035 4613 1419 4685 ἐνεδυναμώθη
1475 4615 1544 4685 τῇ
1588 4611 1792 4666 πίστει.
1845 4609 2006 4676 Πῶς;

2120 4615 2500 4670 tiocinatioucs
2524 4613 2708 4684 abigat
2729 4629 2792 4669 ac
2813 4615 3059 4685 repellat,
3085 4615 3312 4686 perinde
3341 4626 3505 4687 atque
3531 4618 3701 4672 Abra-

433 4732 450 4764 ι
499 4711 636 4774 Δοὺς
687 4707 846 4776 δόξαν
887 4707 966 4780 τῷ
1009 4709 1147 4780 θεῷ·
1195 4727 1214 4760 ι
1264 4710 1366 4762 οὐκ
1415 4705 1803 4778 ἀνθρωπίνοις,
1854 4701 2012 4774 φησι,

431 4803 728 4868 πιστεύσας
761 4802 1071 4874 λογισμοῖς,
1097 4801 1210 4856 ἀλλ’
1243 4801 1368 4868 ἄξια
1393 4800 1493 4872 τῆς
1516 4799 1609 4852 τοῦ
1632 4797 1770 4852 Θεοῦ
1791 4795 1952 4866 δόξης
1968 4792 2016 4827 ⁸³⁵

427 4896 894 4968 διανοησάμενός,
925 4896 1020 4949 καὶ
1067 4893 1509 4965 πληροφορηθεὶς
1543 4894 1625 4946 ὅτι
1666 4891 1738 4945 τὰ
1778 4887 2017 4944 ἀδύνατα

431 4990 688 5043 δύναταιο
729 4987 888 5042 τοῦτο
936 4989 1044 5059 γὰρ
1093 4987 1222 5053 δόξα
1268 4987 1427 5040 Θεοῦ.
1464 4986 1610 5057 Ἀρα
1656 4983 1835 5037 τοίνυν
1869 4982 1900 5037 ὁ
1940 4981 2018 5050 μὴ

433 5083 709 5138 πιστεύων
729 5127 744 5149 ,
786 5082 923 5136 ἀλλὰ
955 5082 1468 5151 πολυπραγμονῶν,
1500 5080 1559 5136 οὐ
1607 5077 1821 5143 δοξάζει
1858 5076 2014 5131 Θεὸν.

447 5176 600 5230 Ἐπεὶ
630 5177 685 5230 δὲ
716 5176 816 5228 οὐκ
872 5171 940 5246 ἦν
983 5177 1010 5229 ὁ
1053 5175 1307 5243 Ἀὔραὰμ
1355 5172 1582 5226 τελείων
1619 5169 1813 5224 ἑκατὸν
1854 5167 2014 5231 ἑτῶν,

430 5271 524 5324 διὰ
569 5268 728 5322 τοῦτο
757 5265 878 5322 εἷπε
910 5267 1329 5338 κεκολασμένως
1376 5266 1474 5331 τὸ,
1519 5284 1536 5317 ι
1588 5260 2018 5332 Ἐκατονταετής

438 5379 541 5418 που
555 5362 621 5417 ⁸⁵.
655 5380 676 5415 ι

507 5576 538 5608 η
567 5570 704 5627 Gen.
739 5587 826 5638 xv,
845 5571 900 5628 5.

2117 4706 2309 4760 inantus
2337 4707 2388 4760 in
2422 4705 2527 4760 lide
2557 4706 2832 4759 robustior
2875 4715 2959 4760 est
3007 4705 3268 4763 redditus.
3305 4707 3420 4775 Qua
3457 4703 3704 4764 ratione?

2132 4819 2150 4851 ι
2185 4798 2332 4854 Dans
2359 4799 2584 4868 gloriam
2620 4800 2776 4852 Deo:
2820 4816 2838 4849 ι
2894 4813 2998 4852 non
3044 4798 3318 4866 humanis,
3368 4801 3563 4869 inquit,
3618 4817 3702 4855 ra-

2116 4893 2192 4948 tio
2247 4890 2608 4945 cinationibus
2660 4887 2818 4943 iidem
2871 4889 3166 4955 adhibens,
3230 4891 3321 4944 scd
3381 4889 3542 4962 digna
3608 4892 3701 4946 Dei

2117 4982 2288 5054 gloria
2324 4995 2506 5036 secum
2560 4981 2742 5034 animo
2798 4979 3050 5036 volutans
3107 4981 3449 5047 imlubitalo,
3483 4997 3705 5051 persua-

2118 5093 2214 5132 sus
2273 5074 2414 5145 quod
2467 5071 2820 5144 impossibilia
2893 5073 3061 5142 possit
3102 5091 3116 5126 :
3154 5073 3268 5127 [nec
3299 5072 3441 5126 enim
3481 5070 3576 5128 Dei
3619 5084 3703 5129 est

2121 5168 2314 5239 gloria.
2341 5165 2608 5234 Quocirca
2633 5167 2727 5234 qui
2761 5180 2866 5219 non
2895 5166 3088 5229 credit,
3119 5164 3212 5218 sed
3246 5164 3296 5218 in
3333 5163 3516 5219 inultis
3543 5165 3703 5220 rebus
3802 5188 3806 5191 ·

2118 5261 2374 5316 curiosus
2401 5268 2509 5325 cst,
2544 5271 2648 5311 non
2681 5255 2946 5327 gloriﬁcat
2976 5257 3144 5311 Deum
3177 5275 3189 5309 :
3218 5255 3342 5327 quia
3377 5270 3506 5312 vero
3533 5257 3704 5310 Abra-

2126 5353 2251 5406 ham
2281 5364 2384 5404 non
2407 5359 2526 5403 erat
2551 5347 2708 5418 plene
2732 5357 2948 5402 centum
2973 5361 3261 5414 annorum,
3285 5346 3405 5402 ideo
3430 5349 3706 5402 moderato

2131 5446 2285 5508 dixit,
2324 5461 2341 5494 ι
2383 5443 2661 5496 Annorum
2697 5438 2810 5495 fere
2839 5449 3077 5495 centum.
3115 5455 3134 5490 ι

1785 5686 1988 5748 \‘arim
2015 5684 2350 5747 lectiones.

514 5817 557 5850 “
592 5798 821 5870 εἷπονι).
900 5816 942 5847 ⁸¹
972 5813 1048 5885 τῷ
1073 5829 1127 5870 0.
1205 5813 1249 5846 ”
1288 5812 1380 5867 καὶ
1404 5812 1462 5866 ού
1495 5826 1547 5866 o.
1629 5814 1668 5844 “
1705 5809 1906 5872 δόσεως
1943 5826 2015 5863 ιιι.
2095 5807 2137 5839 ⁸⁸
2172 5805 2568 5877 ἑκατονταετής
2595 5822 2698 5891 που
2722 5802 2795 5891 ῶν
2825 5820 2910 5885 ιιι..
