4038 6572
369 368 478 436 399

1223 368 1628 432 TIlEOPIIYI.
1646 370 1805 431 \CTI
1849 369 1948 431 BU
1962 369 2263 431 LGARL-E
2300 369 2664 434 ARCHIEP.

3528 375 3636 444 ιοο

441 484 604 537 Vens.
647 479 843 534 2-2-25.
902 498 918 531 ι
969 476 1089 532 Ideo
1119 478 1444 550 imputatum
1477 490 1559 534 est
1609 481 1657 534 ei
1697 479 1765 535 atl
1793 479 1947 552 justi-

2148 497 2164 531 ι
2219 478 2311 532 Διὸ
2357 478 2452 534 καὶ
2502 477 2758 549 ἐλογίσθη
2810 478 2959 550 αὐτῷ
3002 480 3082 546 εἰς
3122 479 3493 556 δικαιοσύνην.
3539 489 3654 543 οὐκ

368 575 520 626 tiam.
561 570 676 626 Non
720 581 895 624 autem
925 570 1189 639 scriptum
1225 580 1308 623 est
1363 580 1584 640 propter
1627 570 1796 640 ipsum
1835 580 1956 623 tatr-

369 679 480 719 tttut
519 663 662 734 quod
708 663 1030 732 ltnputatum
1091 673 1176 718 est
1219 663 1267 718 ei
1315 666 1382 717 ad
1430 663 1734 731 justitiam,
1779 666 1872 718 sed
1904 673 1957 718 t-t

363 769 586 829 propter
635 772 761 820 uos,
816 756 1015 826 quibus
1065 757 1446 825 imputabitur,
1510 756 1857 812 credentibus
1902 759 1952 810 in

369 868 491 907 eunt
523 850 612 920 qui
641 850 923 905 suscitavit
951 847 1133 903 Jcsum
1167 848 1452 903 Dominum
1479 860 1720 904 nostrum
1753 863 1782 903 a
1811 865 1954 904 mor-

365 944 470 993 tuis
497 980 512 1004 ,
539 941 628 1009 qui
678 939 909 993 traditus
943 948 1025 992 est
1071 950 1290 1008 propter
1321 937 1514 992 delicta
1546 949 1752 1006 nostra,
1781 947 1834 994 et
1863 955 1953 993 rt-

361 1034 601 1091 surrexit
652 1043 874 1102 promer
923 1031 1367 1100 justiiicationem
1401 1041 1672 1087 nostram.
1720 1052 1737 1084 ι
1791 1030 1950 1087 Post-

362 1139 524 1194 quam
554 1131 608 1178 et
639 1125 802 1178 multa
833 1133 885 1176 et
923 1137 1113 1192 magna
1147 1122 1211 1175 tle
1251 1122 1563 1177 Abraltamo
1593 1126 1850 1188 dixisset,
1886 1141 1951 1178 ne

362 1219 486 1288 quis
532 1218 815 1288 oltjiceret,
873 1215 1078 1284 Ecquid
1113 1216 1215 1269 ista
1265 1216 1331 1269 ad
1376 1216 1512 1271 uos?
1555 1217 1758 1284 subdit,
1807 1220 1949 1286 quod

360 1321 583 1385 propter
620 1327 716 1364 nos
748 1312 909 1366 etiam
959 1311 1156 1378 scripta
1188 1311 1321 1374 sint,
1347 1319 1399 1363 et
1423 1310 1576 1364 nobis
1610 1311 1742 1365 ﬁdes
1773 1311 1948 1380 impu-

364 1407 524 1458 lztlttla
553 1412 636 1457 est
659 1402 723 1456 ad
750 1400 1226 1470 justiﬁeationem,
1253 1401 1411 1455 modo
1435 1416 1550 1452 eam
1579 1400 1947 1467 habuerimus,

369 1517 386 1547 ι
429 1496 728 1552 Credetttes
755 1496 808 1549 in
841 1513 962 1548 euut
995 1495 1086 1565 qui
1121 1495 1378 1548 excitavit
1407 1491 1615 1548 Iesum.
1658 1513 1676 1545 ι
1715 1493 1808 1548 Sin
1850 1495 1950 1549 du-

363 1589 507 1643 bitas
544 1589 814 1656 quomodo
849 1587 1139 1658 justiﬁcuri
1183 1588 1382 1656 possis,
1418 1589 1486 1642 ob
1513 1588 1700 1642 oculos
1754 1589 1949 1643 mentis

364 1693 468 1735 tute
495 1691 670 1735 statue
693 1678 878 1734 Jesuut
905 1680 997 1748 qui
1023 1679 1356 1735 oblitteravit
1379 1689 1601 1749 peccata
1629 1691 1714 1733 tua
1739 1679 1943 1743 omnia,

360 1775 452 1844 qui
489 1784 717 1827 mortem
749 1773 905 1837 obiit,
941 1787 1044 1825 nou
1083 1787 1216 1825 sane
1246 1771 1315 1825 ob
1351 1772 1626 1840 proprium
1660 1770 1942 1836 delictum,

2066 572 2282 642 ἐγράφη
2318 569 2375 625 δὲ
2409 571 2476 625 δι’
2506 571 2670 624 αὑτὸν
2708 571 2887 642 μόνον,
2923 574 3006 626 ὅτι
3062 573 3346 646 Ἐλογίσθη
3390 579 3536 648 αὐτῴ
3572 581 3653 644 εἰς

2063 662 2431 735 δικαιοσῦνην·
2457 663 2594 716 ἀλλὰ
2619 664 2713 718 καὶ
2735 664 2806 718 δι’
2826 665 2972 735 ἡμᾶς
2997 659 3079 730 οἷς
3106 666 3292 736 μέλλει
3316 668 3650 738 λογίζεσθαι,

2064 760 2178 820 τοῖς
2206 755 2556 811 πιστεύουσιν
2586 757 2678 810 ἐπὶ
2709 756 2798 811 τὸν
2840 758 3135 828 ἐγείραντα
3176 759 3385 829 Ἰησοῦν
3418 761 3512 814 τδν
3538 764 3652 816 Κύ-

2065 866 2177 920 ριον
2200 849 2356 920 ήμῶν
2378 852 2442 904 ἐκ
2469 849 2701 919 νεκρῶν·
2733 849 2791 912 ὃς
2825 850 3098 922 παρεδόθη
3126 851 3214 904 διὰ
3243 853 3313 906 τὰ
3346 859 3654 924 παραπτώ-

2065 960 2208 1014 ματα
2238 943 2422 1014 ήμῶν,
2459 941 2553 996 καὶ
2587 942 2798 1014 ἠγέρθη
2830 943 2918 996 διὰ
2949 943 3048 1014 τὴν
3079 942 3364 998 δικαίωσιν
3401 947 3581 1017 ήμῶν.
3625 967 3644 999 ι

2073 1035 2294 1107 Ἐπειδὴ
2338 1035 2507 1089 πολλὰ
2546 1037 2638 1088 καὶ
2672 1036 2884 1105 μέγαλα
2913 1032 3033 1089 εἷπε
3072 1037 3198 1107 περὶ
3227 1038 3322 1091 τοῦ
3375 1039 3652 1111 Ἀϐραὰμ,

2061 1127 2149 1181 ἵνα
2177 1127 2252 1198 μή
2284 1145 2368 1190 τις
2398 1129 2530 1199 εἴπῃ
2555 1143 2568 1156 ·
2607 1129 2713 1182 Καὶ
2755 1127 2807 1181 τί
2836 1129 3010 1181 ταῦτα
3053 1129 3190 1199 πρὸς
3227 1131 3411 1201 ήμᾶςς
3461 1134 3648 1202 φησιν,

2060 1222 2141 1274 ἔτι
2179 1221 2287 1274 Καὶ
2315 1220 2382 1273 δι’
2417 1223 2565 1292 ἡμᾶς
2601 1222 2838 1293 ἐγράφη,
2875 1221 2970 1275 καὶ
3006 1224 3138 1292 ήμϊν
3173 1223 3418 1298 μέλλειή
3467 1228 3650 1290 πίστις

2058 1312 2374 1381 λογίζεσθαι
2437 1314 2517 1377 εἰς
2571 1314 2877 1380 δικαίωσιν,
2939 1315 3101 1384 μόνον
3147 1315 3352 1388 ταύτην
3406 1318 3644 1388 ἔχοιμεν,

2058 1405 2403 1470 πιστεύοντες
2430 1405 2521 1459 ἐπὶ
2547 1405 2636 1460 τὸν
2688 1406 2978 1478 ἐγείραντα
3033 1407 3238 1478 Ἰησοῦν
3264 1409 3328 1463 ⁸⁸.
3386 1411 3445 1462 Εἰ
3477 1409 3532 1462 δὲ
3563 1413 3647 1463 ἑνο

2055 1499 2309 1564 δοιάζεις,
2353 1499 2469 1564 πῶς
2507 1499 2732 1554 δύνασαι
2769 1500 3130 1570 δικαιωθῆναι
3164 1501 3230 1565 ⁸⁷,
3275 1502 3529 1575 ἐννόησον
3557 1504 3646 1557 τὸν

2058 1592 2234 1644 πάντα
2267 1591 2645 1653 ἀπαλείψαντά
2681 1608 2775 1644 σου
2805 1591 2872 1644 τὰ
2913 1593 3292 1663 ἁμαρτήματα
3330 1593 3558 1664 Ἰησοῦν,
3586 1594 3645 1658 δς

2056 1685 2151 1736 καί
2191 1683 2483 1750 ἀπέθανεν,
2516 1683 2577 1736 οὒ
2617 1683 2684 1737 δι’
2715 1685 2923 1738 οίκείαν
2970 1685 3270 1755 ἁμαρτίαν,
3310 1685 3446 1740 am
3480 1688 3577 1754 τὴν
3600 1689 3645 1720 ⁸³

2055 1777 2148 1830 τοῦ
2177 1777 2385 1848 κόσμου
2402 1777 2470 1831 ⁶⁹.
2521 1779 2672 1832 Ἕπεὶ
2693 1778 2747 1832 δὲ
2771 1777 3168 1854 ἁμαρτίανπούκ
3195 1779 3332 1848 ἔχων
3357 1779 3640 1846 ἀπέθανεν,

359 1881 547 1922 verum
598 1876 822 1936 prop'er
854 1863 1050 1919 delicta
1089 1862 1296 1918 ntuudi.
1330 1863 1464 1931 Quia
1498 1879 1626 1918 vero
1668 1875 1947 1935 pecoatum

2056 1870 2284 1934 εἰκότως
2324 1873 2418 1922 καί
2467 1869 2690 1940 ἀνέστη.
2739 1870 2861 1934 Πῶς
2901 1875 3010 1942 γὰρ
3049 1870 3281 1941 ἔμελλεν
3321 1872 3636 1943 ἐνσχεθῆναι

363 1974 470 2012 ιιοιι
511 1959 716 2012 hahens
763 1965 1008 2011 mortuus
1069 1963 1174 2020 cst,
1208 1957 1402 2012 merito
1433 1956 1596 2010 etiam
1632 1959 1947 2011 reSurrcxit.

2055 1961 2129 2031 τῷ
2171 1961 2273 2032 ᾄδῃ
2303 1961 2332 2013 ὁ
2370 1961 2790 2032 ἀναμάρτητοςς
2823 1961 3124 2016 ’Δπέθανεν
3161 1958 3256 2016 οὖν
3291 1963 3384 2018 καὶ
3418 1964 3638 2034 ἀνέστη,

360 2050 475 2118 Qua
507 2050 650 2106 enim
687 2051 898 2108 ratione
937 2049 1006 2104 ab
1042 2047 1230 2104 inferis
1264 2049 1494 2105 detineri
1537 2053 1824 2120 potuisset,
1856 2050 1947 2119 qui

2055 2053 2141 2108 ἵνα
2163 2054 2256 2107 καὶ
2285 2053 2572 2124 ἁμαρτιῶν
2597 2053 2908 2125 ἀπαλλάξῃ,
2928 2055 3023 2106 καὶ
3045 2053 3290 2117 δικαίους
3315 2055 3634 2125 ἐργάσηται.

360 2143 509 2198 omni
551 2157 775 2213 prorsus
821 2149 1047 2214 peccato
1095 2141 1356 2198 vacabat?
1398 2142 1643 2198 Mortuus
1675 2152 1760 2196 est
1791 2142 1947 2213 igitur

2056 2147 2270 2216 Ὥσπερ
2309 2147 2491 2200 τοίνυν
2536 2149 2564 2200 ό
2620 2146 2892 2216 Ἀϐραὰμ,
2929 2147 2989 2199 τ).
3021 2145 3217 2200 ἑαυτοῦ
3262 2147 3422 2215 σῶμα
3451 2145 3640 2216 νεκρὸν

364 2246 417 2290 et
463 2236 785 2302 resurrexit,
826 2246 883 2290 ιιι
916 2245 971 2291 ει
1005 2251 1032 2290 a
1062 2237 1300 2305 peccatis
1347 2235 1642 2302 liberaret,
1685 2244 1738 2292 et
1775 2235 1947 2306 jusms

2055 2239 2135 2301 ὃν,
2162 2239 2451 2294 ἐπίστευσε
2481 2238 2916 2309 ζωογονηθῆναι·
2948 2237 3091 2292 οὕτω
3121 2240 3214 2292 καὶ
3247 2239 3310 2292 σὺ
3351 2239 3639 2291 πίστευσον

358 2327 620 2384 efficeret.
673 2327 1141 2395 Quemadmodum
1193 2327 1359 2397 igitur
1407 2329 1680 2383 Abraham
1730 2327 1947 2384 eﬁ'etum

2055 2333 2138 2386 ὅτι
2195 2333 2408 2404 Ἰησοῦς
2454 2331 2692 2386 ἀπέθανε
2727 2333 2822 2386 καί
2872 2327 3095 2402 ἀνέστη,
3131 2331 3226 2386 καὶ
3258 2330 3638 2402 λογισθήσεται

357 2437 516 2477 Suum
554 2437 754 2490 corpus
793 2419 1022 2476 credidit
1051 2420 1342 2476 fecundum
1386 2423 1538 2479 reddi
1579 2439 1596 2477 :
1643 2439 1747 2478 non
1782 2423 1944 2478 dissi-

2055 2425 2150 2478 καὶ
2191 2425 2276 2478 σοὶ
2310 2425 2389 2487 εἰς
2421 2423 2791 2494 δικαιοσύνην,
2823 2422 3012 2493 ῶσπερ
3042 2423 3135 2476 καί
3167 2421 3244 2492 τῷ
3273 2421 3600 2493 προπάτορι.

359 2515 544 2571 utilem
592 2516 658 2570 ad
689 2515 906 2569 modum
935 2521 989 2570 et
1037 2524 1093 2569 tu
1134 2516 1296 2571 crede
1330 2515 1473 2585 quod
1513 2513 1670 2571 Jesus
1704 2524 1950 2572 mortuus
2003 2525 2086 2572 est
2129 2526 2182 2571 et
2223 2519 2543 2584 resurrexit,
2574 2527 2625 2572 et
2697 2517 3056 2587 imputabitur
3087 2515 3179 2571 tibi
3203 2517 3363 2570 etiam
3391 2517 3456 2570 ad
3478 2513 3637 2584 justi-

358 2611 514 2678 tium,
544 2625 697 2682 a-que
733 2625 796 2665 ac
825 2611 1160 2682 progenitori
1207 2625 1298 2666 tuo
1330 2611 1662 2668 Abrahamo.

979 2725 1209 2781 CAPUT
1251 2726 1311 2782 γ.

435 2842 601 2897 Vens.
641 2840 770 2902 με.
807 2858 826 2891 ι
870 2837 1157 2894 .lustiﬁcati
1189 2855 1319 2908 ergo
1353 2855 1417 2895 ex
1456 2839 1580 2902 ﬁde.
1621 2856 1804 2910 pacem
1848 2841 1946 2896 ha-

2655 2724 2909 2780 ΚΕΦΑΛ.
2957 2724 3034 2779 E'.

2120 2863 2140 2898 ι
2177 2840 2568 2904 Δικαιωθὲντες
2615 2839 2708 2894 οὖν
2742 2841 2808 2894 ἐκ
2853 2838 3110 2901 πίστεως,
3157 2838 3378 2908 εἰρήνην
3430 2835 3636 2906 ἔχωμεν

359 2939 586 2992 beamus
619 2949 751 3004 erga
801 2931 969 2986 Deum
1007 2948 1103 2997 per
1155 2933 1440 2987 Demittunt
1487 2943 1732 2987 nostrum
1763 2931 1947 2988 Jcsurn

2055 2934 2183 3007 πρὸς
2213 2933 2304 2987 τὸν
2328 2932 2484 2997 Θεὸν,
2508 2930 2599 2986 διὰ
2628 2929 2721 2983 τοῦ
2751 2930 2958 3001 Κυρίου
2979 2927 3139 3000 ἡμῶν
3159 2926 3337 2999 Ἰησοῦ
3363 2926 3596 2996 Χριστοῦ
3618 2942 3632 2958 ο

360 3028 640 3088 Christum
691 3065 707 3091 ,
751 3040 850 3097 per
899 3041 1058 3094 quem
1122 3034 1176 3079 et
1223 3039 1498 3080 accessum
1544 3024 1806 3080 habemus
1854 3041 1947 3096 per

2055 3027 2117 3080 δι’
2155 3020 2217 3080 οὗ
2265 3025 2358 3078 καὶ
2399 3025 2500 3096 τὴν
2556 3021 2925 3093 προσαγωγὴν
2957 3021 3278 3090 ἐσχήκαμεν
3317 3021 3386 3090 τῇ
3433 3017 3632 3081 πίστει,

360 3123 522 3178 ﬁdem
558 3121 611 3174 in
643 3119 871 3191 gratiam
902 3117 1061 3172 istam
1091 3117 1144 3170 in
1180 3134 1282 3184 ηιμ
1319 3125 1549 3182 stamus,
1580 3126 1634 3172 et
1659 3117 1947 3186 gloriamur

2055 3121 2134 3182 εἰς
2163 3118 2261 3188 τὴν
2291 3118 2452 3190 χάριν
2486 3114 2716 3186 ταύτην,
2757 3115 2816 3167 ἐν
2918 3113 3255 3183 ἑστήκαμεν,
3292 3112 3386 3164 καὶ
3419 3108 3632 3180 καυχώο

282 3213 284 3215 ’
359 3219 535 3285 iuspe
562 3213 745 3284 gloria:
780 3211 895 3267 Dei.
939 3228 958 3262 ι
1019 3208 1093 3266 De
1139 3213 1262 3264 vita:
1296 3212 1504 3264 ratione
1551 3210 1639 3264 hic
1683 3213 1946 3266 disserit:

361 3321 649 3381 postquam
696 3309 838 3362 enim
874 3310 938 3363 de
987 3306 1089 3361 ﬁde
1135 3305 1351 3374 quidem
1391 3305 1647 3374 pratclara
1697 3305 1946 3369 dixerat,

359 3416 528 3471 opera
561 3415 691 3455 vero
724 3398 1095 3462 imminuerat,
1128 3411 1194 3450 ne
1229 3394 1341 3462 jam
1375 3398 1633 3450 socordes
1663 3395 1854 3459 situas.
1882 3395 1951 3450 de

359 3492 486 3548 vitae
502 3493 752 3560 deinceps
776 3489 1001 3544 formula
1020 3489 1180 3543 verba
1204 3486 1350 3543 facit.
1367 3485 1502 3554 Quia
1529 3487 1660 3542 ﬁdes
1678 3501 1775 3542 nos
1789 3487 1952 3556 justi-

366 3586 568 3652 ﬁcavit,
601 3585 802 3654 inquit,
835 3599 940 3638 non
976 3581 1209 3652 amplius
1235 3595 1542 3651 peccemus,
1564 3595 1750 3635 verum
1790 3599 1808 3633 ι
1841 3581 1949 3636 Pa-

360 3691 478 3730 cem
505 3675 796 3729 habeamus
831 3691 958 3744 erga
993 3674 1181 3738 Deum,
1214 3692 1232 3724 ι
1269 3688 1366 3742 per
1386 3673 1550 3727 vitam
1572 3671 1682 3744 36
1716 3673 1812 3744 ipsi
1845 3675 1951 3726 mi-

364 3769 509 3824 nime
546 3769 940 3838 displicentem.
965 3766 1246 3833 Quomodo
1271 3776 1450 3819 autem
1472 3765 1612 3821 istud
1641 3767 1951 3836 continget?

370 3877 390 3912 ι
419 3855 521 3912 Per
543 3857 824 3911 Dominum
853 3865 1097 3910 nostrum
1119 3854 1304 3910 Jesum
1325 3854 1655 3912 Christum.»
1684 3857 1783 3924 Qui
1803 3859 1947 3914 enim

353 3947 676 4021 justiticavit
705 3963 802 4002 nos
829 3962 956 4001 cum
1000 3939 1322 4016 peccatores
1369 3961 1633 4014 essemus,
1670 3947 1946 4020 atljuvabit

359 4042 522 4097 etiam
542 4057 640 4095 uos
657 4050 712 4092 ut
730 4036 1100 4093 custodiantur
1117 4037 1170 4092 iu
1187 4035 1396 4104 justitia
1420 4037 1590 4107 ipsius
1623 4055 1634 4090 :
1662 4053 1756 4108 per
1775 4040 1946 4108 ipsum

357 4134 504 4190 enim
528 4146 808 4188 accessum
833 4128 1186 4184 obtinuimus.
1211 4128 1364 4196 Quod
1389 4129 1432 4184 si
1454 4145 1574 4184 cum
1602 4129 1787 4198 procul
1807 4144 1949 4184 esse-

357 4242 480 4282 rnus
523 4225 745 4278 adduxit
765 4237 885 4289 nos,
912 4221 1079 4277 multo
1097 4225 1267 4294 magis
1287 4222 1576 4277 viciniores
1596 4238 1692 4276 nus
1714 4222 1948 4276 redditos

357 4317 639 4376 retinebit.
678 4316 919 4370 Adduxit
950 4325 1134 4369 autem
1173 4332 1271 4370 uos
1313 4334 1332 4368 ι
1372 4316 1422 4369 itt
1457 4317 1686 4386 gratiam
1722 4316 1884 4370 hanc.
1922 4335 1943 4369 ι

356 4410 475 4478 Quo
541 4408 756 4464 modo?
813 4408 869 4463 ltt
913 4407 1038 4478 ﬁde,
1102 4408 1205 4462 hoc
1259 4417 1361 4474 est,
1419 4408 1574 4463 ﬁdem
1633 4407 1947 4463 afferentes.

359 4505 490 4569 Quae
519 4517 646 4555 vero
675 4503 824 4556 istzec
855 4511 936 4554 est
965 4499 1176 4570 gratia?
1209 4497 1460 4554 Omnium
1503 4502 1766 4552 bonorum
1796 4514 1942 4553 asse-

357 4595 523 4658 cutio,
557 4607 675 4661 qttte
705 4607 800 4658 per
831 4591 1095 4661 baptisma
1124 4589 1284 4644 nobis
1310 4592 1643 4661 obtigerunt.
1675 4605 1692 4640 ι
1734 4588 1790 4643 ln
1835 4605 1942 4661 qua

356 4695 586 4750 statutus,
614 4702 632 4734 ι
663 4683 1048 4738 ﬁrmitudinem
1067 4691 1122 4738 et
1144 4681 1630 4738 itnmutabilitatem
1661 4683 1944 4739 habentes.

341 4777 550 4834 'Diviua
570 4777 711 4832 enim
737 4777 872 4832 bona
895 4791 1168 4846 nunquam
1192 4790 1300 4830 non
1323 4784 1492 4840 stant,
1513 4791 1686 4846 neque
1706 4792 1941 4846 unquam

355 4872 632 4927 excidunt.
682 4867 792 4925 Nec
832 4884 894 4922 ea
936 4868 1110 4923 soium
1165 4883 1283 4936 quae
1326 4868 1661 4936 accepimus,
1714 4870 1944 4923 ﬁrmiter

358 4975 628 5029 tenemus,
672 4977 857 5015 verunt
891 4960 993 5012 alia
1044 4962 1248 5029 pariter
1283 4973 1386 5013 nos
1421 4971 1739 5030 accepturos
1774 4961 1942 5015 conti-

2057 3208 2196 3279 μεθα
2240 3210 2333 3262 ἐπὶ
2382 3207 2558 3260 ἐλπίδι
2598 3206 2698 3274 τῆς
2731 3203 2891 3275 δόξης
2920 3202 3015 3256 τοῦ
3063 3200 3224 3258 Θεοῦ.
3265 3219 3284 3253 ι
3323 3201 3459 3272 Περὶ
3488 3200 3635 3253 πολι.

2052 3303 2205 3364 τείας
2252 3298 2490 3354 ἐνταῦθα
2536 3297 2870 3366 διαλέγεται.
2919 3294 3143 3363 Ἐπειδὴ
3189 3293 3300 3364 γὰρ
3359 3293 3490 3363 περί
3535 3292 3631 3361 μὲν

2055 3393 2295 3453 πίστεως
2329 3384 2451 3442 εἰπε
2502 3386 2738 3458 μεγάλα,
2775 3385 2844 3438 τὰ
2873 3384 2930 3438 δὲ
2969 3382 3108 3454 ἔργα
3143 3381 3510 3452 ἐξηυτέλισεν,
3549 3382 3635 3433 ἵνα

2055 3483 2130 3554 μὴ
2162 3480 2724 3553 ἁπορρᾳθυμήσωμεν
2754 3479 2822 3543 ⁷⁸,
2852 3479 2984 3547 φησί
3015 3476 3198 3530 λοιπὸν
3227 3477 3318 3528 καὶ
3345 3476 3470 3545 περί
3495 3473 3630 3543 βίου,

2050 3579 2132 3632 ὅτι
2163 3573 2382 3644 Ἐπειδὴ
2410 3575 2443 3642 ἡ
2470 3571 2649 3633 πίστις
2681 3570 3001 3624 ἐδικαίωσεν
3033 3570 3202 3640 ἡμᾶς,
3230 3568 3432 3638 μηκέτι
3455 3569 3631 3637 ἁμαρ-

2053 3672 2330 3739 τάνωμεν,
2357 3667 2472 3721 ἀλλ’
2501 3684 2518 3716 ι
2550 3666 2791 3736 Εἰρήνην
2811 3663 3023 3734 ἔχωμεν
3057 3662 3190 3732 πρὸς
3219 3662 3306 3714 τὸν
3332 3661 3484 3724 Θεὸν,
3509 3680 3526 3712 ι
3547 3659 3630 3713 διὰ

2051 3764 2145 3818 τοῦ
2181 3762 2526 3834 ἀρεσκόντως
2561 3758 2712 3829 αὐτῷ
2743 3756 2894 3828 βιοῦν
2918 3758 2986 3811 ⁷⁸.
3025 3756 3149 3818 Πῶς
3187 3757 3244 3808 δέ
3280 3754 3436 3807 τοῦτο
3468 3755 3626 3822 γενή-

2051 3870 2238 3918 σεταις
2275 3872 2296 3906 ε
2342 3853 2441 3907 Διὰ
2471 3851 2568 3905 τοῦ
2617 3850 2823 3920 Κυρίου
2871 3847 3032 3920 ήμῶν
3070 3845 3244 3916 Ἰησοῦ
3300 3845 3562 3917 Χριστοῦ.
3606 3864 3623 3896 ι

2062 3950 2120 4002 '0
2151 3949 2258 4020 γὰρ
2294 3945 2594 4008 δικαιώσας
2629 3945 2777 4015 ἡμᾶς
2811 3941 3171 4014 ἁμαρτωλοὺς
3214 3939 3397 4002 ὄντας,
3446 3953 3628 4007 συνερ-

2051 4041 2211 4110 γήσει
2252 4040 2346 4092 καί⁵
2375 4038 2453 4100 εἰς
2487 4037 2550 4090 τὸ
2588 4034 2930 4105 φυλαχθῆναι
2953 4034 3102 4104 ἡμᾶς
3136 4036 3193 4086 ἐν
3225 4034 3290 4103 τῇ
3319 4029 3628 4100 δικαιοσύνῃ

2053 4129 2244 4184 αῦιοῦο
2275 4129 2342 4182 δι’
2385 4128 2551 4184 αὑτοῦ
2582 4130 2688 4198 γὰρ
2726 4131 2820 4180 καὶ
2860 4127 2961 4196 τὴν
3001 4125 3367 4196 προσαγωγὴν
3398 4124 3629 4194 ἐσχήκα-

2056 4241 2177 4295 μεν.
2213 4223 2277 4278 Εἰ
2303 4221 2432 4291 γοῦν
2466 4221 2685 4292 μακρὰν
2715 4220 2876 4281 ὄντας
2905 4219 3247 4290 προσήγαγε,
3279 4215 3458 4285 πσλλῷ
3499 4215 3630 4284 μᾱλο

2051 4319 2140 4372 λον
2175 4317 2343 4386 ἐγγὺς
2372 4317 2699 4386 γενομένους
2733 4311 2975 4377 καθέξει.
3012 4311 3342 4382 Προσήγαγε
3384 4309 3442 4362 δὲ
3487 4308 3628 4378 ήμᾶς

2057 4413 2164 4474 «εἰς
2179 4410 2277 4480 τὴν
2295 4409 2453 4481 χάριν
2472 4407 2695 4478 ταύτην.
2709 4424 2728 4459 ι
2754 4406 2877 4469 Πῶς
2895 4421 2910 4471 ;
2929 4403 3015 4458 ’Ev
3037 4402 3111 4472 τῇ
3127 4403 3348 4463 πίστει,
3366 4401 3628 4461 τουτέστι,

1972 4483 2026 4544 Ῑ)
2055 4502 2238 4557 πίστιν
2272 4500 2708 4568 εἰσενεγκόντας.
2761 4497 2858 4562 Τίς
2897 4498 2954 4550 δὲ
2985 4498 3020 4568 ἡ
3065 4497 3258 4567 χάριςς
3302 4493 3366 4546 'H
3414 4494 3628 4546 πάντων

2049 4594 2158 4651 τῶν
2214 4593 2436 4664 ἀγαθῶν
2481 4593 2758 4664 ἐπιτυχία,
2807 4590 2917 4645 τῶν
2968 4589 3057 4644 διὰ
3097 4587 3191 4642 τοῦ
3250 4586 3628 4658 βαπτίσματος

2048 4689 2182 4760 ἡμῖν
2210 4688 2679 4758 προσγινομένων.
2716 4703 2736 4736 ι
2772 4683 2863 4737 Ἐν
2996 4682 3332 4752 ἑστήκαμεν,
3377 4696 3397 4729 ι
3435 4679 3495 4731 τὸ
3546 4675 3630 4747 βέι-

2049 4783 2204 4836 δαιον
2230 4781 2446 4851 ἔχοντες
2477 4779 2572 4833 καὶ
2598 4778 3024 4849 ἀπερίτρεπτον.
3051 4775 3133 4828 Τὰ
3162 4775 3270 4845 γὰρ
3293 4771 3417 4826 θεῖα
3450 4769 3629 4839 ἀγαθὰ

2047 4877 2135 4929 ἀεὶ
2167 4874 2420 4945 ἔστηκεν,
2477 4871 2736 4926 οὐδέποτε
2774 4869 3206 4940 μεταπίπτοντα.
3239 4865 3350 4920 Καὶ
3379 4865 3440 4917 οὗ
3496 4863 3628 4933 μόνα

2046 4965 2242 5032 ταῦτα,
2275 4965 2311 5020 ἃ
2346 4963 2638 5034 ἐλάϐομεν,
2677 4961 2912 5032 βεϐαίως
2947 4959 3168 5030 ἔχομεν,
3202 4955 3338 5012 ἀλλὰ
3365 4954 3462 5009 καὶ
3497 4951 3628 5009 ἄλλα

359 5057 558 5110 dimus.
615 5073 632 5105 ι
691 5054 1000 5108 (Hortamur
1049 5070 1066 5103 ι
1111 5066 1366 5122 namque,
1401 5051 1596 5122 ittquit,
1641 5071 1660 5105 ι
1703 5053 1753 5108 ἱιι
1785 5069 1880 5123 spe
1919 5073 1936 5105 ι

2055 5056 2338 5124 ἐλπίζομεν
2357 5055 2564 5109 λαϐεῖν.
2597 5073 2614 5106 ι
2644 5050 2994 5123 Καυχώμεθα
3016 5069 3032 5100 ι
3056 5046 3385 5120 γὰρ,φησὶν,
3409 5065 3427 5097 ι
3455 5046 3545 5097 ἐπὶ
3561 5045 3625 5113 τῇ

362 5153 629 5204 bonorum
662 5163 783 5215 qua:
818 5145 971 5198 nobis
1004 5155 1128 5198 sunt
1163 5145 1458 5199 obvetttura
1504 5163 1517 5198 :
1562 5161 1684 5216 qua:
1719 5161 1840 5202 cum
1877 5148 1945 5201 a1

365 5257 384 5290 ι
419 5239 646 5310 g'loriatu
703 5238 794 5292 Dei
849 5255 866 5286 ι
921 5239 1248 5306 pertineant,
1299 5239 1608 5293 necessario
1649 5238 1945 5304 dabuntur,

355 5333 567 5386 etiamsi
600 5346 703 5385 non
735 5343 952 5400 propter
1009 5345 1108 5380 nos
1142 5331 1190 5380 id
1240 5327 1354 5394 ﬁat,
1386 5344 1570 5384 verum
1600 5343 1654 5386 ut
1707 5335 1819 5402 ipse
1845 5333 1954 5400 glu-

359 5421 786 5477 riﬁtetut'l)eus.

2045 5148 2224 5202 ἐλπίδι
2254 5168 2273 5200 ι
2300 5149 2407 5202 τῶν
2431 5147 2734 5220 μελλόντων
2766 5147 2899 5216 ἡμῖν
2940 5141 3160 5212 ἀγαθῶν
3192 5139 3449 5194 δίδοσθαι·
3488 5137 3628 5204 ἅπερ

2051 5247 2129 5307 εἰς
2176 5242 2335 5307 δόξαν
2384 5241 2521 5294 Θεοῦ
2557 5241 2708 5305 ὄντα,
2755 5237 3074 5308 ἀναγκαίως
3107 5234 3416 5305 δοθήσεται,
3458 5232 3503 5285 εἰ
3540 5230 3628 5282 καί

2057 5337 2133 5407 μὴ
2161 5335 2226 5388 δι’
2261 5337 2429 5405 ἡμᾶς,
2465 5335 2578 5386 ἀλλ’
2605 5336 2689 5387 ἵνα
2716 5334 2848 5401 γοῦν
2887 5332 3049 5393 αὐτὸς
3076 5327 3331 5398 δοξασθῇ.

1702 5517 1902 5579 Variae
1936 5518 2269 5582 lectiones.

429 5693 475 5720 “‘
505 5691 757 5760 Χριστον.
835 5687 877 5718 ⁶τ
905 5683 1146 5782 among:
1171 5682 1270 5782 nstriX
1298 5680 1826 5782 δικαιωθῆιιαι,λὰ>.λ’
1850 5686 2151 5756 ἀξιωθῆναι
2175 5704 2228 5744 o.
2307 5689 2351 5727 ⁸⁸
2375 5687 2510 5742 ἀλλὰ
2531 5688 2617 5741 διὰ
2649 5688 2746 5757 τὴν
2778 5703 2848 5739 ιιι.
2928 5681 3276 5782 ⁸ξλδὰμαρτίαν
3311 5679 3429 5782 γὰρ
3467 5679 3624 5782 fago;

449 5781 454 5782 ,
517 5761 765 5782 -__-!_.--..
817 5758 931 5782 -.‘:L
973 5759 1060 5782 μ’.-
1143 5771 1164 5782 ιι
1228 5755 1244 5778 -‘
1281 5769 1339 5782 ι.-
1429 5769 1457 5782 η
1489 5754 1566 5782 -.τι
1621 5771 1680 5782 ρ-
1707 5779 1710 5782 .
1741 5773 1844 5782 .-.η
1894 5759 2054 5782 ...‘...-.‘.
2091 5772 2104 5782 ι
2167 5759 2297 5782 Ᾱ.“.Ί..
2353 5762 2449 5782 -2...
2495 5764 2616 5782 _-_-.
2688 5756 2778 5782 ..-.‘.
2820 5758 2958 5782 -.‘--
2998 5754 3222 5782 _..,...:-u
3252 5768 3285 5782 Λ
3489 5769 3530 5782 ,n
3569 5769 3617 5782 ιλ-

359 5764 458 5814 οὐκ
514 5753 934 5830 antiquae-36:
969 5754 1167 5827 εὑρέθη
1191 5753 1339 5830 δξλος
1365 5754 1457 5830 Δέν
1489 5754 1567 5821 τῷ
1621 5755 1847 5826 στόματι
1891 5753 2104 5830 αὑτοῦνο
2162 5759 2300 5814 ἀλλα
2352 5762 2449 5830 την
2495 5764 2620 5830 περὶ
2687 5753 2779 5810 σοῦ
2818 5754 3222 5826 εὐσπλαγχνίαν
3252 5768 3303 5806 o.

363 5847 626 5903 μησωμεν
649 5822 701 5884 o.
775 5822 817 5862 ⁷⁸
839 5822 1170 5899 ἀρέσκοντος
1194 5823 1344 5894 αὐτῷ
1361 5822 1478 5894 βίον
1499 5841 1552 5878 o.

3463 5750 3618 5825 ρᾳθυ·
