4038 6646
409 493 510 560 401

1220 489 1624 551 EXPOSITIO
1657 488 1739 549 ΙΝ
1780 487 2020 548 EPIST.
2059 487 2166 548 AD
2195 487 2376 549 ROM.
2404 512 2463 526 ·-
2494 488 2654 550 CAP;
2685 487 2755 549 ν.

3517 481 3634 546 102

483 622 498 652 ι
535 600 609 655 Ού
646 600 806 670 μόνον
850 598 929 664 δὲ,
962 599 1096 654 ἀλλά
1125 600 1220 653 κα⁶ι
1252 599 1586 670 καυχώμεθα
1620 600 1678 653 ἐν
1711 600 1832 662 ταῖς
1858 597 1970 652 θλί-
2002 625 2011 660 λ

2149 595 2313 672 Vsus.
2346 597 2400 664 ὅ,
2423 597 2478 652 4.
2516 615 2534 649 ι
2576 598 2688 652 Non
2707 597 2880 652 solum
2915 602 3118 656 autem,
3147 593 3240 650 sed
3269 602 3322 648 et
3354 592 3652 663 gloriamur

407 691 582 762 ψεσιν,
618 693 819 757 εἰδότες
851 693 930 746 ὅτι
963 695 997 762 ἡ
1026 693 1202 762 θλίψις
1235 693 1510 763 ὑπομονὴν
1541 693 1971 764 κατεργάζεταν

408 787 439 853 ἡ
491 783 545 836 δὲ
597 782 870 852 ὑπομονὴ,
905 781 1172 854 δοκιμήν
1213 784 1247 853 ἡ
1278 782 1336 836 δὲ
1364 782 1581 854 δοκιμὴ,
1611 783 1820 837 ὲλπίδα·
1855 785 1889 854 ἡ
1923 783 1977 837 δὲ

408 875 556 937 ἐλπὶς
595 875 655 928 ού
695 875 1067 944 καταισχύνει.
1119 893 1136 926 ι
1180 875 1252 927 Οῦ
1286 873 1467 944 μόνον,
1501 874 1690 944 φησιν,
1741 876 1835 928 ἐπὶ
1865 877 1977 938 τοῖς

411 966 692 1035 μέλλουσιν
744 965 970 1033 ἀγαθοῖς
1023 964 1378 1035 καυχώμεθα,
1432 966 1548 1019 ἀλλ’
1601 967 1738 1038 ὅπερ
1790 967 1979 1037 μεῖζόν

409 1055 544 1117 ἐστι,
577 1055 672 1106 καὶ
710 1053 804 1106 ἐπὶ
836 1056 951 1117 ταῖς
985 1054 1079 1109 νῦν
1111 1055 1414 1125 παρούσαις
1447 1057 1578 1128 ἡμῖν
1607 1056 1839 1128 θλίψεσι.
1888 1059 1980 1130 Μὴ

407 1141 516 1209 γὰρ
563 1141 924 1212 θορυϐηθῆτε,
976 1146 1161 1214 φησιν,
1209 1146 1291 1198 ὅτι
1335 1144 1670 1213 θλιϐόμεθαο
1703 1147 1834 1200 αὐτὸ
1872 1147 1980 1218 γὰρ

406 1232 565 1286 τοῦτο
604 1234 866 1305 καύχημα
896 1233 991 1288 τοῦ
1022 1236 1350 1306 Χριστιανοῦ
1378 1239 1445 1290 ⁷².
1481 1240 1592 1291 Καὶ
1623 1238 1765 1304 πῶς;
1793 1239 1915 1292 ’Ότι
1948 1241 1981 1307 ἠ

407 1324 584 1394 θλίψις
621 1327 900 1398 ὑπομονὴν
937 1331 1102 1381 ποιεῖ·
1140 1331 1172 1400 ἡ
1212 1329 1266 1382 δὲ
1319 1330 1589 1401 ὑπομονὴ,
1635 1329 1860 1400 δόκιμον
1889 1329 1981 1384 τὸν

410 1418 813 1490 πειραζόμενον
838 1421 884 1452 ’⁷³
922 1422 1329 1493 ἀπεργάζεταιο
1355 1423 1575 1493 δόκιμος
1605 1423 1662 1478 δὲ
1693 1424 1983 1494 γενόμενος

405 1511 434 1562 δ
465 1509 774 1580 ἄνθρωπος,
806 1512 898 1565 καὶ
927 1512 1146 1584 θαρρῶν
1170 1515 1261 1567 ἐπὶ
1290 1513 1366 1585 τῷ
1391 1515 1580 1585 ἀγαθῷ
1612 1517 1778 1572 αὑτοῦ
1811 1535 1984 1572 συνει-

405 1598 543 1664 δότι,
577 1600 659 1652 ὅτι
688 1599 774 1654 διὰ
807 1601 898 1654 τὸν
935 1601 1066 1654 Θεδν
1095 1601 1306 1674 ὲθλίϐη,
1339 1604 1547 1668 ἐλπίζει
1576 1605 1673 1670 τὰς
1700 1607 1845 1678 ὑπὲρ
1875 1608 1984 1662 τῶν

405 1692 668 1745 τοιούτων
699 1693 932 1763 θλίψεων
963 1696 1219 1765 ἀμοιϐάς.
1262 1695 1327 1750 Ἠ
1360 1697 1416 1750 δὲ
1453 1698 1677 1770 τοιαύτη
1723 1699 1877 1764 ἐλπὶς
1921 1701 1982 1755 ού

405 1783 694 1837 διαπίπτει
743 1785 838 1838 καὶ
890 1788 1242 1858 καταισχύνει
1289 1788 1378 1842 τὸν
1413 1790 1729 1845 ἐλπίσαντα.
1773 1791 1840 1847 Ai
1885 1795 1985 1864 μὲν

407 1878 516 1946 γὰρ
552 1876 895 1948 ἀνθρώπιναι
925 1879 1137 1944 ἐλπίδες
1172 1880 1246 1951 μὴ
1282 1881 1652 1949 ὲκϐαίνουσαι,
1688 1887 1986 1956 καταισχύ-

2077 689 2130 744 in
2171 689 2628 752 tribulationibus,
2664 689 2896 744 scientes
2925 686 3088 756 Quod
3121 685 3396 740 tribulatio
3441 685 3653 756 patien-

2080 781 2204 835 tiam
2241 792 2534 850 operatur,
2564 780 2822 851 patientia
2860 787 3039 834 autem
3075 777 3477 849 probationem,
3528 792 3654 846 pro—

2077 875 2224 931 batio
2259 888 2387 928 vero
2417 889 2590 942 spem,
2623 887 2746 942 spes
2785 882 2963 926 autem
3009 887 3116 927 non
3145 870 3441 942 pudefacit.
3481 888 3501 921 ι
3532 866 3652 921 Non

2079 969 2273 1034 solum,
2306 966 2500 1036 inquit,
2543 967 2612 1020 ob
2645 965 2826 1020 futura
2871 965 3010 1019 bona
3044 964 3358 1034 gloriamur,
3386 962 3479 1016 sed
3510 961 3654 1032 quod

2079 1059 2254 1137 majus
2283 1069 2387 1123 est,
2418 1059 2486 1111 ob
2517 1065 2808 1124 praesentes
2839 1057 3001 1111 etiam
3044 1065 3261 1110 nostras
3309 1053 3651 1108 atllicliones.

2079 1149 2158 1205 Ne
2207 1152 2350 1204 enim
2389 1149 2704 1212 turbemini,
2753 1147 2950 1216 inquit,
2997 1145 3138 1215 quod
3181 1144 3468 1214 afﬂigimur
3502 1162 3514 1196 :
3549 1142 3653 1197 hoc

2082 1244 2256 1312 ipsum
2297 1244 2436 1298 enim
2485 1242 2778 1297 Christiani
2826 1249 2909 1296 est
2955 1239 3225 1309 gloriatio.
3253 1238 3367 1304 Qua
3411 1235 3655 1292 ratione?

2083 1337 2346 1403 Quoniam
2383 1353 2402 1386 ι
2439 1333 2656 1389 amictio
2687 1332 2846 1388 efficit
2877 1332 3214 1400 patientiam,
3245 1330 3504 1398 patientia
3528 1341 3657 1381 vero

2093 1429 2380 1500 probatum
2453 1445 2472 1479 ι
2529 1440 2650 1480 ευιιι
2704 1425 2796 1494 qui
2848 1434 3093 1479 tentatur
3136 1422 3361 1476 reddit:
3400 1420 3657 1490 probatus

2085 1528 2264 1574 autem
2301 1519 2460 1572 homo
2490 1517 2692 1581 factus,
2724 1527 2778 1570 et
2806 1518 2947 1572 bona
2970 1529 3066 1572 sna
3099 1513 3432 1570 conscientia
3463 1512 3656 1576 fretus,

2085 1613 2228 1684 quod
2258 1619 2474 1681 propter
2503 1609 2670 1664 Deum
2700 1610 2770 1664 sit
2793 1606 3053 1674 alllictus,
3085 1621 3183 1674 pro
3209 1604 3514 1672 huiusmodi
3543 1612 3661 1657 tan-

2087 1707 2205 1759 dem
2229 1704 2383 1757 malis
2402 1701 2810 1757 retributionem
2837 1708 3039 1768 sperat.
3062 1697 3211 1753 Talis
3230 1709 3408 1753 autem
3440 1714 3461 1749 ε
3483 1711 3606 1765 spes
3634 1713 3656 1744 ι

2089 1813 2196 1852 non
2231 1795 2454 1861 excidit,
2489 1813 2507 1848 ι
2543 1808 2644 1850 nec
2676 1791 2945 1862 pudefacit
2977 1810 2997 1843 ι
3033 1799 3362 1859 sperantem.
3399 1787 3660 1842 llumanm

2091 1903 2319 1958 namque
2348 1901 2472 1956 spes
2501 1885 2546 1942 si
2583 1900 2686 1940 non
2718 1882 3028 1947 succedant,
3061 1881 3208 1950 ip-os
3241 1887 3522 1946 sperantes
3555 1892 3660 1947 pu-

407 1985 564 2022 νουσι
589 1968 713 2033 τοὺς
744 1968 1062 2040 ἠλπικότας.
1103 1973 1194 2027 Ἑν
1215 1973 1270 2027 δὲ
1295 1977 1414 2038 ταῖς
1437 1975 1609 2039 θείαις
1628 1977 1784 2033 οὐδὲν
1808 1954 1982 2032 τοιοῦ-

2099 1954 2588 2034 dorevsuﬂ‘uudunt.
2642 1979 2702 2031 lu
2750 1974 2948 2030 divinis
2982 1983 3163 2027 autem
3214 1971 3348 2026 nihil
3388 1970 3492 2024 tale
3529 1983 3661 2024 εθι-

407 2078 524 2115 τον.
571 2061 640 2115 ὐ
670 2079 729 2115 τε
761 2062 869 2133 γὰρ
896 2062 1072 2127 διδοὺς
1103 2065 1170 2118 τά
1205 2066 1406 2134 ἀγαθά,
1439 2067 1703 2136 ἀθάνατος
1739 2071 1832 2124 καὶ
1855 2074 1989 2140 ἀγα-

409 2151 522 2213 θός·
556 2153 718 2221 ἡμεῖς
747 2170 803 2206 τε
836 2153 884 2186 ⁷⁵
929 2154 978 2207 οί
1011 2155 1296 2224 μέλλοντες
1325 2158 1533 2224 λαϐεῖν,
1565 2159 1671 2214 κᾶν
1705 2161 1984 2217 ἀποθάνωσι

411 2261 537 2308 μεν,
573 2245 831 2317 ζήσομεν
866 2249 960 2303 καὶ
988 2248 1176 2305 λοιπὸν
1203 2252 1356 2306 οὐδὲν
1381 2252 1441 2307 τὸ
1471 2253 1678 2310 κωλύον
1708 2255 1804 2320 τάς
1833 2256 1989 2310 ἐλπί-

407 2337 504 2400 δας
535 2341 569 2408 ἡ
581 2341 670 2408 μῖν
697 2339 944 2412 ἐκϐῆναι.

487 2470 507 2503 ι
555 2453 680 2506 Ὅτι
719 2457 750 2522 ἡ
787 2455 978 2527 ἀγάπη
1004 2456 1098 2511 τοῦ
1127 2456 1262 2512 Θεοῦ
1289 2457 1584 2532 ἐκκέχυται
1615 2463 1676 2516 ὲν
1704 2464 1820 2526 ταῖς
1848 2480 1990 2535 καρ-

411 2541 557 2604 δίαις
582 2543 739 2614 ἡμῶν
761 2544 850 2600 διά
869 2545 1012 2600 Πνεύ
1023 2564 1190 2618 ματος
1209 2549 1366 2618 ἀγίου
1393 2551 1486 2605 τοῦ
1509 2551 1754 2618 δοθέντος
1777 2557 1930 2626 ἡμῖν.
1965 2575 1984 2610 ι

413 2633 455 2685 Π
471 2635 717 2688 ιστοῦται
741 2637 808 2691 τὰ
837 2637 1101 2708 μέλλοντα
1118 2640 1226 2694 ἀπὸ
1251 2643 1350 2712 τῆς
1381 2643 1622 2713 ἀγάπης,
1653 2646 1718 2715 ἣν
1740 2647 1840 2716 ἤδη
1864 2649 1993 2718 περὶ

411 2727 569 2794 ἡμᾶς
591 2727 828 2793 ὲδείξατο
847 2732 875 2784 ό
893 2730 1045 2794 Θεός.
1069 2733 1372 2804 Μονονουχὶ
1391 2734 1498 2806 γὰρ
1517 2736 1741 2792 τοιαῦτά
1762 2738 1806 2770 ’⁵
1835 2755 1987 2809 φησιθ

409 2818 513 2886 Μὴ
539 2817 867 2890 ἀπιστήσῃς,
898 2822 980 2875 ὅτι
1012 2824 1044 2893 ἡ
1071 2824 1163 2877 ἐπὶ
1195 2827 1313 2888 τοῖς
1341 2824 1506 2890 θείοις
1534 2827 1688 2892 ἐλπὶς
1716 2831 1776 2884 ού
1809 2826 1992 2884 διαπίο
2037 2849 2046 2858 ·

413 2926 452 2958 π
475 2925 572 2963 πει.
609 2910 666 2964 '0
691 2912 798 2983 γὰρ
817 2913 990 2979 οὕτως
1013 2917 1160 2986 ἡμᾶς
1181 2919 1494 2988 ἀγαπήσας,
1520 2919 1660 2974 ὥστε
1683 2923 1833 2985 υἱοὺς
1856 2921 1991 2977 Θεοῦ

413 3001 650 3069 ποιῆσαι
691 3003 906 3067 ἀπόνως
938 3005 1188 3060 ἐντεῦθεν
1217 3008 1318 3078 ἠδη
1345 3009 1433 3062 διά
1465 3011 1779 3080 Πνεύματος
1813 3012 1991 3081 ἀγίου,

416 3090 544 3153 πῶς
575 3092 636 3144 οὔ
668 3093 716 3124 ⁷⁸
747 3093 908 3148 δώσει
941 3097 1239 3164 στεφάνους
1277 3100 1416 3167 μετά
1445 3103 1571 3164 τοὺς
1602 3102 1827 3168 πόνους;
1873 3103 1997 3157 Ἐκ-

418 3182 652 3252 κέχυται
675 3180 767 3238 οῦν
789 3187 820 3254 ή
848 3187 1036 3257 ἀγάπη
1058 3189 1150 3241 τοῦ
1177 3189 1312 3244 Θεοῦ
1333 3192 1388 3244 ὲν
1407 3195 1524 3256 ταῖς
1545 3194 1792 3264 καρδίαις
1816 3195 1994 3266 ἡμῶνο

2091 2073 2268 2142 tingit.
2301 2071 2404 2138 Qui
2431 2071 2574 2125 enim
2606 2071 2747 2126 bona
2793 2067 3024 2131 confert,
3065 2077 3119 2122 et
3146 2063 3466 2120 immortalis
3493 2071 3578 2119 est
3606 2071 3664 2118 et

2091 2165 2283 2219 bonus.
2324 2163 2403 2218 Ac
2434 2178 2530 2217 nos
2566 2162 2658 2231 qui
2697 2175 2884 2214 sumus
2935 2157 3243 2228 accepturi,
3281 2154 3493 2210 etiamsi
3542 2167 3662 2206 ino-

2095 2256 2318 2320 riamnr,
2355 2256 2597 2308 vivemus
2645 2262 2822 2306 tamen
2854 2268 2868 2304 :
2901 2261 2952 2306 et
2974 2251 3049 2304 ~in
3072 2257 3365 2319 posterum
3397 2243 3532 2300 nihil
3560 2244 3664 2298 erit

2093 2348 2395 2416 impediens
2425 2361 2548 2415 spes
2581 2357 2818 2409 nostras,
2848 2343 3142 2412 quominus
3175 2339 3487 2396 succedant.

2164 2461 2328 2516 Vens.
2360 2458 2412 2514 5.
2448 2477 2467 2509 ι
2509 2458 2646 2524 Quia
2687 2457 2926 2512 charitas
2960 2455 3051 2510 Dei
3092 2453 3281 2509 diffusa
3323 2463 3406 2508 est
3449 2453 3503 2506 in
3535 2466 3663 2505 cor-

2095 2553 2250 2608 dibus
2281 2550 2477 2606 nostris
2519 2565 2614 2620 per
2659 2548 2919 2618 Spiritum
2951 2558 3218 2611 sanctum,
3258 2544 3347 2615 qui
3389 2544 3548 2599 datus
3579 2551 3665 2596 est

2095 2645 2274 2702 nobis.
2313 2660 2332 2694 ι
2367 2642 2548 2696 Fidem
2594 2641 2790 2695 astruit
2818 2639 3014 2694 futuris
3043 2653 3106 2694 ex
3153 2637 3460 2702 dilectione,
3501 2649 3667 2703 quam

2090 2737 2200 2807 jam
2241 2745 2397 2790 antea
2441 2733 2584 2789 Deus
2614 2733 2770 2788 nobis
2796 2732 3062 2788 exhibuit.
3094 2730 3484 2801 Propemodum
3520 2726 3661 2783 enim

2095 2829 2223 2884 talia
2246 2827 2400 2882 dicit.
2444 2825 2522 2881 Ne
2550 2826 2885 2895 despondeas
2913 2824 3148 2878 animum
3180 2843 3194 2879 :
3221 2839 3342 2877 nam
3374 2835 3498 2890 spes
3517 2819 3666 2875 circa

2097 2919 2279 2975 divina
2312 2933 2416 2972 non
2461 2917 2682 2972 excidit.
2732 2918 2834 2984 Qui
2869 2902 3180 2972 enim'adeo
3212 2930 3311 2970 nos
3353 2913 3572 2976 dilexit,
3609 2919 3672 2966 ut

2097 3003 2196 3067 nos
2222 3011 2332 3080 jam
2367 3009 2489 3064 inde
2521 3009 2662 3065 filios
2703 3007 2795 3063 Dei
2825 3007 3047 3071 faceret,
3080 3007 3217 3062 citra
3242 3016 3484 3060 nostrum
3519 3005 3668 3058 labo-

2101 3117 2212 3156 rem
2236 3115 2332 3169 per
2367 3099 2628 3171 Spiritum
2663 3106 2930 3160 sanctum,
2963 3095 3231 3165 quomodo
3264 3107 3367 3148 non
3394 3092 3543 3144 dabit
3569 3104 3668 3143 no-

2099 3191 2182 3247 bis
2211 3205 2440 3264 coronas
2491 3198 2603 3258 post
2644 3187 2896 3244 labores?
2929 3184 3106 3241 Effusa
3138 3194 3220 3239 est
3256 3183 3418 3254 igitur
3451 3180 3671 3236 dilectio

416 3274 553 3326 ἀντὶ
596 3275 712 3338 τοῦ,
752 3276 980 3348 δαψιλὴς
1014 3281 1107 3332 καὶ
1157 3281 1390 3336 πλουσία
1436 3283 1708 3352 φαίνεται,
1757 3287 1991 3359 ἑχόντων

2099 3283 2191 3341 Dei
2215 3285 2270 3338 in
2297 3283 2458 3338 corda
2486 3291 2688 3347 nostra,
2719 3279 2768 3333 id
2798 3289 2902 3346 est,
2934 3279 3080 3348 larga
3111 3285 3167 3332 et
3222 3277 3372 3330 dives
3403 3282 3625 3343 apparet
3653 3289 3668 3327 :

415 3362 588 3432 ﬁmi»)
618 3367 676 3419 ἐν
708 3367 958 3437 καρδίαις
984 3370 1043 3422 τὸ
1075 3370 1320 3443 Πνεῦμα,
1353 3371 1382 3427 ὃ
1417 3373 1617 3430 ἔδωκεν
1647 3378 1800 3449 ἡμῖν.

505 3588 524 3622 ι
566 3570 685 3624 Ἔτὶ
715 3571 824 3644 γὰρ
853 3574 1085 3645 Χριστὸς
1144 3576 1313 3630 ὅντων
1364 3578 1520 3650 ἡμῶν
1558 3578 1820 3646 ἀσθενῶν,
1853 3581 1997 3635 κατά

419 3659 620 3730 καιρὸν
645 3662 782 3734 ὑπὲρ
798 3663 1010 3718 ἀσεϐῶν
1035 3665 1292 3722 ἀπέθανε.
1315 3669 1608 3742 Μόλιςίγάρ
1634 3670 1773 3741 ὑπὲρ
1789 3671 1996 3725 δικαίου

421 3768 510 3814 τις
536 3753 910 3810 ἀποθανεῖται·
940 3758 1080 3830 ὑπὲρ
1111 3760 1221 3830 γάρ
1250 3761 1344 3814 τοῦ
1381 3761 1587 3830 ἀγαθοῦ
1615 3765 1758 3834 τάχα
1785 3781 1867 3828 τις
1905 3765 2000 3817 καὶ

421 3842 609 3914 τολμᾷ
631 3845 946 3902 ἀποθανεῖν.
973 3850 1270 3920 Συνίστησι
1300 3853 1357 3906 δὲ
1378 3853 1476 3924 τὴν
1505 3855 1697 3909 ἑαυτοῦ
1723 3855 1943 3925 ἀγάπην
1972 3857 2000 3909 ὁ

422 3936 564 3999 Θεὸς
593 3938 676 4000 είς
698 3939 866 4008 ἡμᾶς,
892 3940 975 3994 ὅτι
994 3940 1074 3994 ἔτι
1098 3943 1444 4014 ἁμαρτωλῶν
1473 3945 1640 3999 ὅντων
1667 3947 1842 4016 ἡμῶν,
1866 3948 2001 4019 Χρι-

427 4027 556 4090 στὸς
587 4031 728 4100 ὑπὲρ
769 4031 933 4102 ἡμῶν
974 4034 1233 4090 ἀπέθανε.
1283 4036 1468 4108 [Ιολλῷ
1512 4037 1605 4092 οὖν
1650 4039 1871 4109 μᾶλλον,
1919 4040 2002 4094 δι-

427 4120 764 4186 καιωθέντες
795 4123 892 4178 νῦν
921 4126 982 4178 έν
1005 4125 1084 4194 τῷ
1115 4128 1309 4198 αἵματι
1337 4129 1522 4194 αὐτοῦ,
1553 4130 1910 4202 σωθησόμεθα
1934 4132 2002 4186 δι’

426 4212 602 4268 αὐτοῦ
649 4215 758 4269 ἀπὸ
803 4217 903 4288 τῆς
939 4218 1130 4290 ὀργῆς.
1174 4237 1193 4272 ι
1245 4216 1435 4287 Εἶπεν,
1475 4222 1556 4276 ὅτι
1591 4223 1624 4294 ἡ
1667 4223 1856 4296 ἀγάπη
1907 4223 2002 4278 τοῦ

428 4305 574 4359 Θεοῦ
622 4307 899 4364 δείκνυται
941 4312 1286 4384 ἐκκεχυμένη
1322 4315 1380 4368 ὲν
1407 4317 1528 4378 ταῖς
1562 4317 1812 4387 καρδίαις
1846 4318 2005 4389 ἡμῶν

428 4397 526 4452 διά
555 4398 650 4452 τοῦ
687 4401 1023 4472 Πνεῦματος,
1071 4405 1100 4458 δ
1139 4405 1336 4476 ἔχομεν
1379 4408 1436 4460 ὲν
1469 4407 1663 4473 αὐταῖς
1695 4408 1846 4462 δοθὲν
1875 4409 2006 4481 παρ’

433 4490 624 4543 αὐτοῦ’
657 4494 751 4546 καὶ
777 4493 858 4547 ἐτι
883 4494 976 4550 οῦν
1004 4495 1248 4551 δείκνυσι
1273 4499 1333 4551 τδ
1370 4499 1467 4568 τῆς
1501 4499 1722 4570 ἀγάπης
1752 4501 2004 4570 μέγεθος,

2096 3378 2294 3450 quippe
2323 3375 2412 3446 qui
2437 3373 2694 3430 habemus
2725 3372 2780 3428 in
2803 3372 2964 3428 corde
2993 3379 3178 3427 nostro
3204 3367 3484 3433 Spiritum,
3510 3379 3670 3436 quem

2096 3471 2245 3528 dedit
2277 3471 2450 3526 nobis.

2173 3583 2335 3638 Vens.
2370 3581 2484 3639 6-9.
2521 3579 2832 3653 «IChristus
2861 3579 3028 3645 enim,
3070 3594 3192 3632 cum
3225 3577 3400 3631 adhuc
3425 3590 3672 3630 essemus

2101 3676 2324 3741 infirmi,
2352 3675 2460 3746 37
2497 3674 2651 3742 juxta
2695 3683 2905 3742 tempus
2943 3685 3040 3740 pro
3081 3669 3262 3738 impiis
3295 3675 3540 3722 mortuus
3570 3677 3672 3720 est.

2106 3768 2204 3823 Vix
2258 3768 2399 3821 enim
2434 3779 2532 3835 pro
2563 3763 2709 3834 justo
2742 3763 2863 3833 quis
2906 3761 3204 3816 morietur:
3241 3773 3366 3812 nam
3409 3773 3502 3828 pro
3535 3757 3679 3812 b0no

2103 3857 2328 3913 forsitan
2382 3857 2502 3926 quis
2530 3857 2694 3911 etiam
2732 3855 2893 3909 audet
2921 3853 3077 3907 mori.
3108 3851 3461 3908 Commendat
3493 3860 3676 3903 autem

2105 3967 2257 4008 suam
2294 3951 2464 4022 ipsius
2497 3948 2839 4005 dilectionem
2877 3947 3016 4002 Dens
3053 3962 3179 4017 erga
3213 3961 3331 4013 nos,
3373 3945 3513 4015 quod
3555 3961 3677 3999 cum

2104 4046 2281 4102 adhuc
2303 4051 2615 4114 peccatores
2644 4055 2906 4106 essemus,
2936 4039 3189 4094 Chrisuts
3219 4053 3316 4108 pro
3346 4037 3500 4092 nobis
3532 4050 3678 4090 mor-

2108 4145 2232 4190 tuus
2269 4143 2375 4189 est.
2407 4133 2571 4188 Multo
2602 4131 2766 4203 igitur
2799 4135 2972 4198 magls
2996 4127 3273 4200 justitlcati
3309 4141 3448 4179 nunc
3480 4125 3530 4179 in
3559 4139 3680 4178 san-

2109 4227 2272 4298 guine
2309 4226 2502 4296 ipsius,
2538 4223 2883 4281 servabimnr
2914 4236 3008 4292 per
3049 4221 3223 4290 ipsum
3255 4217 3323 4272 ab
3354 4218 3452 4273 ira.
3491 4235 3510 4269 ι
3545 4217 3679 4272 Cum

2111 4318 2337 4374 dixisset
2359 4317 2500 4389 quod
2526 4317 2739 4371 dilectio
2761 4315 2852 4370 Dei
2880 4319 3216 4368 monstratur
3243 4310 3410 4365 effusa
3439 4310 3492 4364 in
3516 4310 3680 4365 corda

2111 4417 2297 4466 nostra
2340 4424 2435 4480 per
2463 4409 2751 4480 Spiritum,
2784 4422 2942 4476 quem
2974 4405 3234 4460 habemus
3261 4403 3312 4458 in
3341 4403 3473 4472 ipsis
3499 4401 3692 4457 datum-

2112 4503 2178 4558 ab
2227 4517 2292 4558 eo
2324 4542 2339 4568 ,
2378 4517 2540 4571 porro
2586 4501 2750 4556 etiam
2790 4499 3096 4552 dilectionis
3149 4497 3572 4567 magnitudinem
3613 4496 3684 4551 ob

434 4581 501 4691 fx
525 4580 618 4673 τοῦ
639 4583 930 4638 ἀποθανεῖν
950 4585 1042 4639 τὸν
1061 4586 1295 4657 Χριστὸν
1322 4587 1464 4659 ὑπὲρ
1492 4606 1511 4641 ι
1541 4591 1574 4660 ὴ
1583 4589 1698 4658 μῶν
1715 4590 1958 4644 ἀσθενῶν
1981 4609 2001 4644 ι

2113 4594 2300 4650 oculos
2350 4593 2517 4660 ponit,
2554 4605 2619 4645 ex
2659 4605 2724 4645 eo
2758 4587 2900 4659 quod
2946 4587 3192 4644 Christus
3226 4605 3244 4638 ι
3279 4601 3375 4656 pro
3411 4587 3566 4641 nobis
3600 4587 3686 4640 in-

433 4671 625 4735 ὄντων,
650 4676 950 4743 τουτέστιν,
981 4679 1320 4749 ἁμαρτωλῶν
1342 4679 1627 4753 (ἀσθένεια
1649 4682 1756 4753 γάρ
1778 4685 1810 4754 ή
1834 4685 2009 4754 ἀμαρ-

2117 4685 2286 4740 firmis
2320 4694 2565 4738 morttms
2597 4691 2698 4748 cst,
2733 4700 2751 4732 ι
2795 4681 2846 4735 id
2909 4689 3011 4745 est,
3047 4678 3420 4748 peccatoribus
3455 4681 3687 4749 (pecca-

435 4765 550 4827 τία,
578 4764 768 4838 ὥσπερ
789 4770 822 4838 ἡ
853 4767 1167 4843 δικαιοσύνη
1192 4772 1382 4844 ὑγεία)
1404 4792 1417 4804 ·
1443 4775 1537 4827 καὶ
1559 4774 1620 4826 οὐ
1647 4775 1806 4844 μόνον
1829 4777 2010 4848 ἀμαρ-

2117 4783 2230 4831 tum
2263 4775 2406 4829 enim
2451 4774 2736 4828 infirmitas
2778 4781 2882 4834 est,
2932 4771 3071 4827 sicut
3108 4770 3319 4842 justitia
3349 4773 3597 4840 sanitas),
3632 4780 3687 4824 et

435 4858 624 4911 τωλῶν
660 4858 847 4926 όντων,
889 4861 1022 4916 ἀλλά
1041 4864 1133 4918 καὶ
1170 4882 1189 4917 ι
1215 4864 1446 4928 ἀσεϐῶν,
1473 4884 1491 4917 ι
1521 4865 1582 4919 τδ
1601 4869 1802 4938 χεῖρον,
1829 4867 2006 4922 καίτοι

437 4949 582 5018 ὑπὲρ
606 4949 821 5005 δικαίου
865 4952 1020 5023 μόλις
1049 4970 1133 5017 τις
1161 4954 1536 5010 ἀποθανεῖται.
1584 4955 1886 5027 Ὑπερϐολή
1915 4955 2008 5010 οῦν

437 5041 678 5114 ἀγάπης,
708 5043 770 5097 τὸ
795 5043 934 5116 ὑπὲρ
966 5045 1305 5117 ἁμαρτωλῶν
1335 5047 1430 5101 καὶ
1457 5047 1670 5102 ἀσεϐῶν
1694 5048 2006 5104 ἀποθανεῖν.

437 5136 510 5190 Τὸ
551 5136 630 5203 δὲ,
672 5155 691 5189 ι
728 5137 885 5192 Κατά
917 5138 1127 5209 καιρὸν,
1171 5157 1191 5192 ι
1234 5141 1536 5204 τουτέστιν,
1600 5143 1661 5194 ἐν
1703 5141 1783 5211 τῷ
1833 5159 2005 5213 προσ-

437 5228 624 5298 ήκοντι
641 5229 736 5284 καὶ
753 5229 1148 5301 προωρισμένῳ
1174 5231 1370 5304 χρόνῳο
1396 5233 1485 5286 ὅτε
1505 5233 1614 5303 γὰρ
1635 5227 1704 5304 ἦν
1728 5231 2004 5302 εὔκαιρον,

441 5322 560 5375 τότε
587 5321 880 5376 ἀπέθανεν.
913 5321 1070 5376 Ἐπεὶ
1099 5322 1192 5376 οὖν
1227 5323 1317 5380 διὰ
1352 5324 1450 5393 τὴν
1477 5324 1700 5394 ἀγάπην
1732 5324 1968 5378 ἀπέθανε
1987 5367 2003 5392 ,

439 5413 523 5466 διὰ
549 5413 606 5467 δὲ
631 5403 725 5498 τοῦ
749 5415 980 5470 θανάτου
1009 5418 1314 5484 ἐδικαίωσε,
1344 5417 1523 5488 πολλῷ
1557 5417 1757 5488 μᾷλλον
1779 5417 1886 5470 ἀπὸ
1913 5417 2008 5470 τοῦ

441 5505 533 5559 νῦν
563 5505 729 5561 σώσει
755 5509 906 5578 ἡμᾶς
936 5509 1045 5562 ἀπὸ
1081 5511 1181 5581 τῆς
1212 5509 1406 5581 ὀργῆς,
1439 5507 1533 5574 οὓς
1558 5510 1660 5580 ἢδη
1695 5509 2009 5564 ἐδικαίωσε.

442 5599 515 5652 τὸ
554 5599 665 5670 γάρ
698 5601 882 5671 μεῖζον
927 5601 1115 5665 ἔδωκε,
1151 5602 1212 5656 τὸ
1254 5601 1579 5658 δικαιῶσαιο
1621 5604 1718 5656 καὶ
1765 5601 1874 5657 ἀπὸ
1907 5600 2010 5671 τῆς

2118 4884 2226 4926 ηοη
2256 4869 2428 4924 solum
2459 4883 2560 4938 pro
2587 4865 2980 4936 peccatoribus,
3006 4863 3098 4918 sed
3139 4864 3283 4934 quod
3312 4863 3548 4918 deterius
3572 4871 3685 4928 est,

2125 4965 2264 5031 (pro
2295 4960 2525 5030 impiis,»
2547 4959 2648 5014 etsi
2670 4973 2767 5030 pro
2793 4958 2942 5029 justo
2969 4957 3054 5012 vix
3074 4957 3337 5026 quispiam
3356 4955 3491 5010 mori
3522 4954 3688 5010 susti-

2120 5065 2265 5110 neat.
2284 5053 2599 5108 Dilectionis
2619 5052 2780 5120 igitur
2813 5059 2894 5106 est
2912 5065 3186 5115 excessus,
3212 5049 3351 5120 quod
3384 5061 3479 5116 pro
3498 5061 3689 5114 pecca-

2124 5145 2330 5200 toribus
2359 5153 2414 5200 et
2444 5142 2622 5214 impiis
2646 5143 2716 5198 sit
2745 5152 3012 5198 mortuus.
3035 5139 3185 5208 Quod
3210 5140 3306 5203 ait,
3332 5158 3349 5190 ι
3379 5137 3688 5193 Secundum

2121 5243 2353 5302 tempus,
2385 5250 2404 5284 ι
2432 5230 2759 5286 conveniens
2783 5244 2847 5284 ac
2868 5229 3257 5299 praedefinitum
3288 5235 3497 5294 tempus
3521 5225 3689 5294 signi-

2126 5323 2270 5378 ficat.
2315 5321 2542 5390 Quando
2590 5323 2733 5376 enim
2778 5332 3142 5391 opportunum
3192 5326 3331 5380 erat,
3379 5325 3489 5371 tum
3533 5315 3687 5370 obiit.

2123 5415 2412 5482 Postquam
2463 5413 2628 5483 igitur
2674 5427 2784 5480 prae
2832 5412 3095 5466 charitate
3132 5417 3378 5462 mortuus
3433 5413 3547 5469 est,
3596 5419 3691 5473 per

2125 5514 2350 5560 mortem
2381 5521 2507 5561 vero
2531 5518 2628 5559 nos
2651 5503 2965 5575 justificavit
2995 5523 3009 5557 :
3046 5501 3213 5556 multo
3238 5500 3410 5568 magis
3438 5497 3693 5565 deinceps

2117 5591 2214 5652 nos
2251 5595 2487 5652 servabit
2516 5615 2533 5648 ι
2574 5597 2640 5653 ab
2669 5598 2771 5661 ira,
2812 5615 2831 5649 ι
2862 5609 2995 5666 quos
3017 5592 3467 5665 jnstillcavitjam
3499 5599 3681 5646 antea.

1789 5756 1992 5820 Variae
2027 5755 2360 5820 lectiones.

516 5899 562 5931 "
579 5903 715 5956 tem.
793 5903 836 5934 "'
858 5901 1296 5966 ἐπηρεαζόμενον
1317 5920 1374 5960 ο..
1445 5905 1487 5936 ⁷³
1516 5902 1608 5956 καὶ
1632 5903 1791 5970 ἡμεῖς
1811 5917 1865 5956 τε
1889 5917 1942 5958 0.
2020 5899 2064 5932 "
2087 5898 2314 5970 τοιαύτη
2336 5913 2388 5954 ο.
2467 5897 2512 5930 ’⁸
2533 5890 2646 5952 οὖν.
