4038 6576
385 453 500 524 m3

1232 449 1593 518 ΤΗΕΟΡΗΥ
1598 455 1783 516 LACT
1790 453 1817 513 Ι
1848 453 2258 515 BULGARl/E
2300 453 2652 514 ARCHIEP.

3534 447 3647 513 404

387 567 522 622 Nam
559 563 612 620 id
648 561 802 635 quod
825 559 1000 632 majus
1032 568 1137 627 est,
1173 575 1368 631 nempe
1395 561 1840 632 jttstiiicationem
1872 561 1964 616 do-

2078 563 2241 634 ὀργῆς
2269 563 2328 617 οὐ
2377 561 2578 627 σώσει;
2613 559 2840 614 Σωθεϊσι
2872 560 2928 616 δὲ
2959 559 3068 617 ἇπδ
3097 559 3196 634 τῆς
3241 558 3436 633 ὀργῆς,
3465 562 3561 616 καὶ
3589 562 3668 615 τὰ

389 661 569 724 navit;
597 667 651 713 ct
677 657 744 711 ah
773 656 851 710 ira
903 669 1010 708 non
1060 653 1353 710 liberabit?
1391 657 1634 710 Servatis
1678 653 1872 710 deinde
1903 653 1972 709 ab

387 748 490 814 ira,
514 747 651 803 bona
684 745 850 802 etiam
883 760 981 815 pru
1038 745 1208 800 multa
1232 760 1330 801 sua
1354 745 1646 802 dilectione
1680 746 1982 816 impertiet'

464 838 629 895 Vens.
661 839 748 894 10.
782 855 802 889 ι
835 838 892 892 Si
921 837 1069 894 enim
1101 853 1224 892 cum
1256 837 1458 893 inimici
1491 853 1756 900 essemus.
1791 853 1980 892 recon~

393 930 566 986 ciliati
595 946 783 986 sumus
821 930 930 984 Deo
960 944 1056 998 per
1085 940 1311 985 mortem
1340 927 1462 984 Filii
1499 930 1638 1000 eius,
1672 929 1838 984 multo
1869 943 1982 983 ma-

394 1021 481 1092 gis
513 1021 845 1075 reconciliati
891 1020 1026 1074 salvi
1065 1019 1273 1075 erimus
1302 1021 1353 1074 in
1380 1019 1486 1074 vita
1529 1022 1718 1090 ipsius.
1763 1039 1784 1073 ›
1821 1017 1981 1074 Vide-

399 1124 489 1166 tur
524 1111 706 1167 dicere
738 1111 902 1181 plane
937 1112 1124 1168 eadem
1155 1128 1170 1168 :
1204 1094 1434 1167 diversae
1482 1121 1658 1168 tamen
1691 1119 1818 1166 sunt
1850 1125 1980 1166 sen-

393 1206 596 1268 tcntiae,
635 1219 732 1274 per
763 1205 1222 1274 comparationem
1275 1219 1563 1274 expressae.
1626 1204 1800 1275 Supra
1832 1204 1974 1258 enim

388 1299 514 1362 hoc,
563 1297 844 1364 nimirum,
877 1299 1022 1368 quod
1077 1307 1387 1366 peccatores
1431 1312 1637 1364 sumus,
1679 1297 1978 1368 proponit:

391 1389 586 1444 deinde
617 1403 904 1444 assumens
947 1389 1111 1451 istud,
1160 1403 1350 1456 nempe
1382 1390 1522 1461 quod
1571 1389 1850 1457 lusliticati
1883 1405 1978 1444 su-

391 1495 545 1546 mus,
604 1480 971 1549 comparative
1036 1479 1193 1535 infert
1233 1498 1247 1533 :
1282 1479 1422 1547 Qui,
1468 1495 1589 1536 cum
1664 1489 1978 1550 peccatores

392 1587 662 1637 essemus.
699 1587 800 1629 nos
844 1574 1164 1645 justilicavit
1196 1588 1292 1644 per
1322 1584 1574 1637 mortem,
1610 1573 1777 1628 multo
1808 1573 1978 1644 magis

387 1664 710 1730 justilicatos
759 1664 1026 1721 servabit.
1065 1663 1217 1720 Nunc
1248 1680 1377 1720 vero
1411 1675 1641 1722 mortem
1683 1666 1886 1722 Christi
1913 1683 1976 1722 ac

392 1756 558 1811 vitam
609 1756 912 1823 assumens,
944 1773 1132 1815 rursus
1170 1773 1265 1828 per
1297 1760 1757 1829 comparationem
1808 1760 1976 1815 animi

392 1858 714 1920 conceptum
764 1851 1055 1921 exprimit,
1106 1853 1249 1907 hunc
1293 1853 1359 1906 ad
1408 1853 1622 1907 modum
1674 1851 1972 1922 inquiens:

2085 657 2267 726 ἀγαθὰ
2297 654 2480 722 δώσει,
2513 652 2601 708 διὰ
2629 654 2729 724 τὴν
2767 651 2968 724 πολλὴν
2995 653 3164 709 αὐτοῦ
3193 654 3434 724 ἀγάπην.

2159 861 2176 892 ι
2222 842 2283 895 Εἰ
2315 841 2422 911 γάρ
2451 837 2636 911 ἐχθροὶ
2683 836 2836 900 ὄντες
2865 836 3290 907 κατηλλάγημεν
3313 833 3392 906 τῷ
3419 834 3537 905 Θεῷ
3563 835 3658 890 διὰ

2081 935 2177 989 τοῦ
2208 934 2441 989 θανάτου
2477 931 2572 985 τοῦ
2604 930 2736 984 Υίοῦ
2772 928 2961 993 αὑτοῦ,
3014 927 3193 998 πολλῷ
3235 927 3434 996 μᾶλλον
3458 929 3665 982 καταλ-

2079 1027 2344 1096 λαγέντες
2386 1021 2749 1096 σωθησόμεθα
2782 1021 2842 1074 ὲν
2873 1023 2937 1090 τῇ
2971 1019 3082 1090 ζωῇ
3118 1017 3304 1074 αὐτοῦ.
3343 1037 3362 1070 ι
3400 1019 3560 1072 Δοκεῖ
3595 1021 3666 1073 τὰ

2081 1119 2236 1174 αὑτὰο
2270 1119 2488 1187 λέγειν’
2557 1115 2697 1186 πλὴν
2747 1112 2981 1184 διάφορά
3025 1113 3130 1165 εἰσι
3182 1109 3252 1165 τὰ
3300 1109 3664 1182 ἐνθυμήματα

2082 1212 2452 1283 συγκριτικῶς
2483 1209 2771 1281 γενόμενα.
2813 1208 2960 1261 Ἀνω
2996 1207 3094 1276 μὲν
3125 1205 3233 1276 γὰρ
3270 1204 3350 1269 τὸ,
3395 1204 3664 1274 ἁμαρτωο

2077 1303 2206 1367 λοῦς
2238 1299 2377 1356 εἶναι
2407 1301 2576 1371 ἡμᾶς,
2609 1297 2900 1370 προτίθησι
2923 1297 3001 1330 ⁷⁷⁸
3046 1294 3140 1352 καὶ
3168 1295 3249 1357 τὸ,
3279 1292 3662 1362 δικαιωθῆναι,

2078 1394 2307 1467 ⁸ὓστερον
2339 1391 2541 1456 λαϐὼν,
2571 1386 2938 1460 συγκριτικῶς
2965 1386 3170 1454 ἔλεγεν,
3193 1385 3278 1438 ὅτι
3303 1382 3665 1454 ἁμαρτωλοῦς

2077 1487 2239 1550 ὄντας
2270 1482 2570 1543 δικαιώσας
2602 1480 2690 1533 διὰ
2721 1477 2816 1531 τοῦ
2853 1477 3110 1539 θανάτου,
3143 1473 3322 1546 πολλῷ
3351 1474 3550 1545 μᾶλλον
3579 1475 3664 1528 δι-

2077 1575 2413 1638 καιωθέντας
2451 1571 2635 1625 σώσει.
2664 1569 2779 1623 Νῦν
2809 1568 2864 1621 δὲ
2896 1567 2991 1621 τόν
3035 1567 3266 1620 θάνατον
3298 1565 3400 1618 τοῦ
3421 1563 3659 1634 Χριστοῦ

2077 1661 2174 1722 καὶ
2201 1666 2299 1739 τὴν
2339 1663 2484 1735 ζωὴν
2510 1661 2710 1726 λαϐὼν,
2741 1660 2904 1713 πάλιν
2936 1654 3306 1726 συγκριτικῶς
3347 1653 3570 1725 ἐκφέρει
3598 1654 3661 1708 τὸ

2076 1763 2276 1833 νόημα,
2329 1759 2502 1828 λέγων
2553 1755 2726 1809 οῦτωο
2772 1753 2905 1808 Τότε
2965 1749 3387 1821 κατηλλάγημεν
3436 1745 3523 1801 διὰ
3564 1745 3658 1800 τοῦ

2078 1855 2313 1926 αἵματος
2339 1852 2434 1906 καὶ
2473 1848 2570 1904 τοῦ
2603 1849 2836 1903 θανάτου
2866 1846 2934 1912 ⁷⁸,
2971 1843 3066 1898 νῦν
3095 1842 3150 1896 δὲ
3177 1841 3233 1894 ἐν
3260 1843 3324 1911 τῇ
3356 1840 3469 1910 ζωῇ
3490 1838 3659 1894 αὑτοῦ

395 1940 550 1995 Tunc
593 1938 926 1995 reconciliati
962 1955 1149 1996 sumus
1183 1955 1279 2012 per
1315 1940 1634 2010 sanguinem
1663 1953 1719 1997 et
1746 1953 1972 1998 mortem

2078 1922 2155 2003 ob‘
2189 1945 2580 2015 σωθησόμεθας
2638 1942 2695 1996 ’0
2737 1941 2846 2012 γὰρ
2887 1939 2962 2010 μὴ
3015 1936 3342 2008 φεισάμενος
3384 1933 3478 1988 τοῦ
3523 1931 3657 1986 Υίοῦ

394 2029 534 2100 ejus,
569 2044 714 2084 nunc
764 2043 892 2085 vero
921 2045 1018 2100 per
1049 2029 1213 2084 vitam
1248 2031 1416 2099 ipsius
1453 2046 1556 2086 non
1596 2031 1975 2086 servabimur?

396 2122 498 2188 Qui
547 2123 690 2177 enim
737 2136 848 2177 non
904 2123 1146 2194 pepercit
1191 2123 1328 2179 Filio
1365 2139 1497 2191 suo,
1541 2126 1633 2180 sed
1680 2140 1778 2194 pro
1818 2126 1975 2181 nobis

398 2222 695 2282 nostraque
739 2212 1184 2268 reconciliatione
1229 2213 1281 2268 in
1330 2224 1559 2270 mortem
1597 2215 1762 2280 dedit.
1797 2229 1976 2273 nonne

399 2306 569 2361 multo
601 2305 769 2375 magis
797 2320 891 2374 per
914 2305 1078 2360 vitam
1105 2305 1226 2361 Filii
1254 2308 1337 2362 sui
1369 2309 1768 2365 servabit'nos?

471 2398 638 2454 Vsus.
678 2398 765 2452 ll.
810 2416 829 2450 ι
869 2396 988 2452 Non
1022 2397 1194 2452 solum
1229 2409 1434 2462 autent,
1467 2401 1562 2454 sed
1601 2410 1655 2455 et
1683 2400 1978 2469 gloriamur

399 2493 454 2546 in
485 2492 594 2548 Deo
613 2506 708 2562 per
732 2490 1016 2546 Dominum
1054 2501 1299 2548 nostrum
1329 2491 1512 2548 .lesum
1550 2493 1852 2560 Christum,
1879 2509 1977 2564 per

397 2597 558 2653 quem
576 2597 718 2638 nunc
735 2582 1229 2638 reconciliationem
1249 2583 1577 2653 accepimus.
1605 2601 1624 2636 ι
1647 2583 1762 2639 Non
1780 2584 1976 2650 solum,

398 2676 594 2745 inquit,
619 2675 817 2730 servati
847 2689 1058 2740 sumus,
1082 2689 1270 2732 verum
1297 2685 1352 2730 et
1377 2693 1397 2728 ι
1425 2675 1718 2745 gloriamur
1741 2677 1794 2731 in
1819 2676 1929 2733 Deo
1950 2695 1972 2730 ι

399 2775 621 2836 propter
651 2767 754 2820 hoc
787 2765 988 2833 ipsum,
1019 2765 1167 2835 quod
1215 2781 1338 2820 cum
1367 2765 1518 2836 impii
1551 2768 1823 2832 'essemus.
1859 2783 1976 2824 ser-

400 2857 510 2911 vati
537 2857 730 2921 simus,
779 2855 942 2926 idque
970 2871 1066 2926 per
1111 2857 1430 2926 sanguinem
1461 2856 1758 2928 Unigeniti.
1794 2878 1813 2912 ι
1846 2858 1978 2916 Gle-

400 2950 607 3004 riamur
641 2957 826 3004 autem
874 2963 971 3018 per
1020 2947 1307 3004 Dominum
1355 2948 1542 3005 Jesum
1591 2950 1870 3007 Christum
1898 2969 1916 3006 :
1947 2969 1972 3004 ι

403 3056 528 3096 nam
562 3041 678 3111 ipse
721 3051 808 3096 est
849 3049 1039 3097 auctor
1070 3041 1410 3112 gloriationis
1447 3052 1665 3112 nostrae,
1695 3045 1785 3116 qui
1811 3052 1867 3101 et
1892 3060 1978 3102 reo

400 3131 796 3188 conciliationis
823 3139 907 3188 est
940 3140 1150 3190 auctor.

2077 2041 2263 2104 αὑτοῦ,
2316 2037 2454 2092 ἀλλὰ
2501 2035 2625 2097 δοὺς
2657 2033 2819 2087 αὑτὸν
2848 2031 3029 2084 θανεῖν
3070 2025 3212 2097 ὑπὲρ
3249 2025 3345 2096 τῆς
3380 2023 3658 2096 ἡμετέρας

2079 2127 2456 2196 καταλλαγῆς,
2483 2126 2544 2179 οὐ
2578 2123 2671 2179 νῦν
2706 2121 2888 2193 πολλῷ
2937 2117 3141 2190 μᾶλλον
3172 2117 3230 2169 ὲν
3257 2115 3324 2186 τῇ
3349 2111 3464 2183 ζωῇ
3491 2106 3656 2165 αὐτοῦ

2079 2223 2244 2277 σώσει
2274 2219 2420 2292 ἡμᾶς
2445 2235 2461 2286 ;

2154 2427 2173 2460 ι
2215 2407 2290 2461 Οὐ
2329 2403 2490 2476 μόνον
2518 2402 2598 2468 δὲ,
2631 2393 2770 2454 ἀλλὰ
2809 2398 2906 2452 καὶ
2951 2392 3287 2465 καυχώμεθα
3316 2389 3376 2445 ἒν
3405 2389 3486 2460 τῷ
3515 2386 3654 2458 Θεῷ,

2077 2501 2168 2556 διὰ
2196 2498 2288 2554 τοῦ
2317 2496 2525 2567 Κυρίου
2551 2492 2710 2564 ἡμῶν
2739 2488 2918 2562 Ἰησοῦ
2954 2487 3216 2558 Χριστοῦ,
3247 2484 3315 2538 δι’
3345 2478 3406 2538 οῦ
3431 2481 3527 2534 νῦν
3553 2480 3651 2552 τὴν

2079 2591 2425 2662 καταλλαγὴν
2483 2586 2774 2657 ἐλάϐομεν.
2827 2603 2845 2636 ι
2886 2583 2960 2636 Οὐ
3015 2581 3179 2652 μόνον
3221 2577 3280 2632 δὲ
3331 2573 3653 2644 ἐσώθημεν,

2079 2687 2271 2757 φησιν,
2309 2679 2446 2736 ἀλλὰ
2496 2678 2594 2731 καὶ
2646 2672 2984 2745 καυχώμεθα
3012 2671 3070 2724 ὲν
3097 2667 3174 2740 τῷ
3202 2665 3330 2736 Θεῷ
3353 2665 3398 2698 τ’
3428 2662 3656 2757 δι’-

2027 2793 2030 2796 ‘
2077 2751 2258 2838 τοῦτο,
2291 2769 2375 2826 ὅτι
2415 2770 2635 2831 ἀσεϐεῖς
2678 2767 2832 2828 ὄντες
2871 2762 3179 2831 ἐσώθημεν,
3225 2758 3316 2813 καὶ
3342 2757 3466 2810 τότε
3492 2755 3540 2787 ⁸⁸
3566 2751 3655 2806 διὰ

2077 2868 2172 2923 τοῦ
2197 2867 2430 2936 αἵματος
2467 2861 2562 2915 τοῦ
2613 2855 2977 2926 Μονογενοῦς.
3016 2853 3062 2887 ⁸¹
3101 2850 3448 2922 Καυχώμεθα
3483 2845 3540 2900 δι
3568 2843 3656 2898 διὰ

2075 2961 2170 3016 τοῦ
2223 2959 2430 3030 Κυρίου
2466 2952 2639 3025 Ἰησοῦ
2691 2949 2929 3019 Χριστοῦ
2953 2963 2969 2980 ·
3020 2946 3182 3009 αὐτὸς
3209 2945 3318 3014 γὰρ
3353 2942 3529 3004 αῐτιος
3558 2940 3654 3010 τῆς

2079 3053 2404 3123 καυχήσεως
2447 3047 2580 3118 ἡμῖν
2606 3044 2676 3109 ⁸¹,
2716 3043 2746 3094 ὁ
2775 3041 2867 3095 καὶ
2894 3040 2994 3111 τῆς
3019 3035 3364 3106 καταλλαγῆς
3392 3033 3584 3094 αῐτιος.

477 3219 642 3276 Vens.
675 3221 765 3275 12.
801 3238 820 3273 ι
853 3221 1143 3292 Propterea
1185 3221 1324 3278 sicut
1367 3237 1465 3295 per
1489 3240 1654 3281 unum
1701 3224 1976 3283 hominem

2155 3255 2174 3289 ι
2215 3233 2314 3290 Διὰ
2345 3231 2506 3288 τοῦτο
2541 3231 2732 3301 ὥσπερ
2771 3226 2840 3282 δι’
2869 3225 2987 3289 ἑνὸς
3033 3221 3324 3294 ἀνθρώπου
3355 3211 3657 3324 hostem?

401 3323 685 3384 peccatum
712 3315 764 3368 in
792 3313 933 3368 hunc
964 3315 1220 3370 mundum
1243 3315 1484 3382 intravit.
1510 3328 1566 3374 et
1592 3318 1705 3390 38
1726 3336 1820 3391 per
1849 3335 1981 3390 pec-

401 3417 585 3462 catum
621 3422 801 3476 mors,
844 3418 897 3464 et
928 3407 1000 3462 ita
1039 3407 1090 3463 in
1135 3423 1330 3466 omnes
1376 3411 1624 3468 homines
1667 3427 1814 3468 mors
1855 3429 1982 3483 per-

405 3500 640 3567 transiit,
674 3501 726 3555 in
763 3516 868 3571 quo
919 3516 1109 3557 omnes
1160 3512 1538 3572 peccaverunt.
1585 3523 1603 3556 ι
1636 3504 1989 3580 (Σοωιηοιιοπ

407 3604 526 3647 rato
557 3593 702 3662 qttod
738 3593 998 3648 Dominus
1030 3593 1192 3651 Jesus
1235 3610 1334 3651 nos
1376 3595 1714 3668 justilicavit,
1749 3598 1983 3654 recurrit

404 3683 470 3739 ad
519 3684 756 3739 radicem
811 3685 960 3749 mali,
1024 3695 1304 3754 peccatum
1361 3701 1554 3756 nempe
1596 3699 1650 3743 et
1701 3698 1928 3744 mortem
1959 3703 1980 3745 :

405 3775 696 3832 ostendens
724 3777 865 3844 quod
895 3777 1000 3830 duo
1026 3776 1137 3830 haec
1167 3791 1260 3846 per
1290 3792 1456 3832 unum
1494 3778 1790 3846 hominem,
1821 3780 1981 3836 nimi-

409 3883 522 3922 rum
567 3868 853 3934 Adamum,
888 3867 1128 3938 ingressa
1163 3867 1273 3923 sint
1302 3869 1356 3923 in
1385 3871 1664 3936 mundum,
1695 3882 1983 3942 peccatum

407 3957 654 4014 videlicet
681 3967 736 4011 et
765 3972 950 4024 mors;
1011 3973 1076 4012 ac
1108 3973 1296 4014 rursus
1345 3975 1441 4029 per
1471 3977 1634 4016 unum
1681 3963 1981 4031 hominem,

408 4037 594 4119 utpote
629 4047 930 4112 Christum,
961 4049 1139 4104 ablata
1170 4060 1320 4106 sunt.
1354 4051 1491 4118 Quid
1528 4053 1708 4107 autem
1734 4061 1838 4118 est,
1875 4072 1895 4107 ι
1922 4053 1981 4110 In

407 4157 518 4211 quo
538 4157 728 4198 omnes
757 4145 1156 4212 peccaverunt?
1175 4162 1194 4196 ι
1217 4143 1320 4200 hoc
1345 4153 1452 4210 est,
1483 4144 1535 4199 in
1566 4143 1773 4201 Adamo
1793 4159 1984 4204 omnes

411 4241 792 4304 peccaverunt.
826 4233 962 4290 Cum
988 4236 1130 4290 enim
1165 4235 1255 4291 ille
1281 4236 1589 4301 cecidisset,
1621 4237 1787 4293 etiam
1817 4237 1854 4292 ii
1887 4236 1982 4308 qui

411 4345 518 4386 non
565 4327 793 4382 ederunt
827 4326 895 4382 de
921 4325 1087 4398 ligno,
1112 4326 1240 4384 facti
1289 4338 1417 4384 sunt
1458 4345 1527 4385 ex
1567 4328 1659 4384 illo
1704 4330 1983 4400 mortales,

411 4421 636 4493 perinde
663 4433 728 4475 ac
751 4418 795 4474 si
827 4417 928 4490 ipsi
961 4419 1126 4475 etiam
1162 4418 1514 4492 impegissent
1545 4419 1983 4491 quandoquidem

412 4512 502 4568 ille
533 4510 840 4582 impegerit.

2081 3329 2163 3388 εἰς
2190 3327 2282 3382 τδν
2308 3325 2514 3393 κόσμον
2541 3319 2786 3390 είσῆλθε,
2816 3316 2912 3371 καὶ
2953 3315 3043 3370 διὰ
3067 3313 3166 3384 τῆς
3205 3307 3480 3382 ἁμαρτίας
3510 3306 3538 3359 ὁ
3566 3305 3656 3359 θα·

2082 3437 2264 3484 νατος,
2311 3417 2407 3472 καὶ
2451 3415 2624 3478 οὕτως
2657 3415 2736 3476 είς
2778 3412 2988 3472 πάντας
3020 3403 3343 3478 ἀνθρώπους
3371 3404 3400 3454 ό
3431 3401 3656 3462 θάνατος

2083 3512 2327 3583 διῆλθεν,
2343 3509 2430 3578 ἐφ’
2445 3501 2490 3576 ᾧ
2509 3504 2992 3573 πωτεςῆμαρτον.
3014 3519 3034 3552 ι
3055 3497 3260 3558 Εἰπὼν,
3278 3497 3360 3550 ὅτι
3398 3493 3646 3548 ἐδικαίω-

2087 3621 2180 3660 σεν
2211 3601 2360 3673 ἡμᾶς
2387 3600 2417 3654 ό
2445 3597 2650 3669 Κύριος
2690 3593 2914 3665 Ἰησοῦς,
2942 3591 3236 3661 ἀνατρέχει
3260 3587 3352 3641 ἐπὶ
3375 3586 3475 3658 τήν
3506 3584 3657 3656 ῥίζαν

2081 3695 2178 3752 τοῦ
2227 3693 2399 3749 κακοῦ
2422 3733 2439 3760 ,
2487 3691 2589 3762 τὴν
2645 3688 2923 3760 ἁμαρτίαν
2977 3685 3071 3740 καὶ
3117 3684 3210 3739 τὸν
3256 3683 3516 3736 θάνατον·
3565 3677 3657 3731 καὶ

2081 3789 2372 3851 δείκνυσιν,
2403 3785 2486 3838 ὅτι
2513 3781 2691 3836 ταῦτα
2718 3779 2787 3833 τὰ
2829 3779 2924 3832 δύο
2971 3776 3041 3831 δι’
3073 3775 3192 3839 an;
3236 3772 3532 3843 ἀνθρώπου
3562 3768 3651 3823 τοῦ

2082 3879 2259 3949 ’Λδὰμ
2307 3875 2558 3946 είσῆλθεν
2589 3875 2669 3935 είς
2728 3873 2819 3926 τὸν
2848 3871 3074 3940 κόσμον,
3107 3870 3138 3938 ἡ
3173 3865 3423 3938 ἁμαρτία
3455 3863 3654 3935 δηλαδὴ

2083 3973 2177 4028 καὶ
2201 3973 2229 4026 ό
2256 3970 2486 4033 θάνατος
2503 3985 2517 3998 ·
2541 3967 2637 4022 καὶ
2660 3961 2728 4021 αῦ
2752 3964 2819 4020 δι’
2843 3964 2961 4026 ἐνὸς
2981 3959 3324 4033 ἀνῃρέθησαν
3347 3955 3652 4026 ἀνθρώπου,

2083 4063 2180 4119 τοῦ
2207 4059 2470 4134 Χριστοῦ.
2502 4059 2569 4115 Τί
2598 4058 2656 4112 δέ
2687 4058 2805 4110 ἐστι
2841 4055 2926 4116 τὸ.
2960 4072 2979 4106 t
3028 4051 3146 4120 Ἐφ’
3171 4043 3218 4118 ᾧ
3247 4049 3447 4104 πάντες
3474 4047 3656 4116 ἦμαρ-

2081 4171 2211 4221 nov;
2256 4174 2275 4208 ι
2313 4151 2630 4214 Τουτέστιν,
2682 4148 2776 4202 ἐπὶ
2817 4145 2897 4217 τῷ
2936 4144 3108 4213 ’Δδὰμ
3142 4141 3346 4202 πάντες
3388 4138 3654 4210 ἥμαρτον.

2083 4247 2352 4310 Πεσόντος
2379 4245 2488 4317 γὰρ
2533 4243 2768 4308 ἐκείνου,
2810 4240 2904 4294 καὶ
2929 4239 2979 4292 oi
3016 4236 3092 4308 μὴ
3125 4233 3391 4304 φαγόντες
3424 4230 3534 4284 ἀπὸ
3563 4228 3655 4282 τοῦ

2084 4343 2246 4412 ξύλου
2270 4341 2565 4411 γεγόνασιν
2597 4337 2658 4404 ἐξ
2687 4334 2898 4389 ἐκείνου
2948 4329 3154 4398 θνητοὶ,
3190 4327 3266 4392 ὡς
3291 4326 3359 4381 ἂν
3381 4324 3477 4380 καὶ
3505 4320 3656 4378 αὐτοὶ

2082 4436 2433 4502 πταίσαντες,
2455 4431 2592 4487 διότι
2632 4430 2840 4492 ἐκεῖνος
2878 4424 3159 4480 ἔπταισεν.

481 4579 647 4660 Vsus.
683 4579 891 4674 ἰδέη,
951 4622 970 4655 ι
1016 4601 1198 4672 Usque
1266 4601 1411 4657 enim
1471 4601 1538 4656 ad
1600 4601 1773 4674 legem
1854 4618 1978 4674 pec-

2161 4617 2181 4652 s
2223 4598 2389 4668 ’Δχρι
2409 4595 2518 4666 γὰρ
2541 4593 2706 4663 νόμου
2728 4593 2762 4662 ἡ
2791 4585 3032 4660 ἁμαρτία
3053 4579 3121 4656 ἦν
3140 4583 3198 4637 ὲν
3226 4581 3422 4676 κόσμῳ
3438 4597 3453 4613 ο
3477 4579 3659 4676 αμαρ-

411 4709 586 4755 ratum
655 4673 797 4752 erat
833 4695 887 4750 in
949 4694 1151 4748 mundo
1202 4711 1217 4748 :
1264 4701 1543 4764 peccatum
1623 4673 1802 4748 autem
1877 4710 1978 4750 non

2085 4693 2178 4748 τία
2207 4691 2267 4746 δὲ
2296 4690 2396 4744 οὐκ
2419 4688 2716 4756 ὲλλογείται
2749 4684 2798 4718 ⁸³
2828 4683 2904 4753 μὴ
2933 4680 3086 4743 ὄντος
3113 4677 3302 4748 νόμου.
3347 4673 3490 4728 Ἀλλ’
3532 4673 3658 4764 ὲϐαέ

413 4791 816 4862 imputabatur,
879 4804 1002 4846 cum
1057 4801 1166 4842 non
1229 4763 1376 4842 esset
1436 4785 1544 4840 lex.
1591 4783 1696 4840 Sed
1745 4787 1978 4858 regnarit

2088 4786 2338 4841 σίλευσεν
2362 4784 2392 4836 ὁ
2419 4782 2646 4844 θάνατος
2677 4779 2771 4833 ἀπ’
2811 4774 2986 4844 ’Δδὰμ
3021 4772 3183 4843 μέχρι
3231 4768 3536 4862 Μωῦσέως,
3563 4763 3657 4862 καὶ

413 4856 559 4940 mors
609 4885 677 4939 ab
719 4856 926 4938 Adamo
980 4894 1150 4952 usque
1199 4879 1266 4936 ad
1326 4878 1512 4934 Mosen
1577 4878 1632 4934 in
1671 4893 1767 4935 eos
1813 4856 1978 4935 etiam

2086 4879 2182 4933 hri.
2225 4877 2354 4940 τοὺς
2402 4879 2480 4945 μὴ
2523 4872 2948 4943 ἁμαρτήσαντας
2994 4866 3087 4918 ἐπὶ
3116 4862 3195 4934 τῷ
3226 4861 3536 4930 ὁμοιώματι
3560 4856 3659 4925 τῆς

409 4975 502 5045 qui
567 4991 673 5031 non
728 4981 1063 5045 peccaram,
1107 4972 1160 5026 in
1236 4970 1588 5027 similitudine
1652 4969 1978 5042 praevarica-

2087 4968 2453 5043 παραϐάσεως
2493 4963 2690 5034 Ἀδὰμ,
2724 4962 2781 5025 ὃς
2806 4963 2921 5015 ἑστι
2966 4957 3137 5020 τύπος
3165 4953 3272 5051 τοῦ
3297 4952 3602 5051 μέλλοντος.
3628 4964 3656 5051 ἒ

412 5042 574 5124 tionis
618 5042 834 5130 Atla—mi,
887 5063 980 5134 qui
1027 5072 1105 5120 est
1158 5071 1314 5135 typus
1365 5061 1555 5118 futuri.
1599 5082 1616 5116 ι
1653 5063 1861 5136 Scopus
1901 5073 1978 5121 esl

2089 5042 2300 5118 Σκοπὸν
2329 5059 2442 5130 ἔχει
2475 5055 2670 5122 δεῖξαι,
2699 5055 2784 5107 ὅτι
2811 5053 2906 5106 καὶ
2942 5052 2990 5104 οἱ
3029 5049 3103 5120 μὴ
3131 5045 3399 5115 φαγόντες
3431 5042 3540 5136 ἀπο
3565 5042 3658 5094 τοῦ

409 5157 668 5228 Αροιιιοίο
687 5158 1063 5214 demonstrare
1085 5156 1228 5227 quod
1248 5157 1285 5211 ii
1306 5155 1469 5210 etiam
1497 5155 1590 5226 qui
1616 5171 1724 5212 non
1747 5157 1978 5212 edissenl

2089 5153 2275 5218 ξύλου,
2312 5147 2448 5220 μηδὲ
2494 5144 2902 5216 ἁμαρτάνοντες
2933 5140 3138 5212 ὁμοίως
3166 5139 3247 5210 τῷ
3288 5137 3480 5206 Ἀδὰμ.
3512 5135 3660 5228 eum;

409 5227 478 5303 de
502 5248 670 5330 ligno,
701 5263 800 5304 nec
823 5261 977 5318 eque
1005 5255 1328 5317 peccassent
1353 5254 1516 5316 atque
1542 5246 1736 5312 Adam,
1767 5254 1978 5317 proptet

2084 5243 2175 5298 διὰ
2200 5241 2296 5312 τὴν
2325 5238 2537 5294 ἐκείνου
2576 5235 2874 5308 ἁμαρτίαν,
2907 5233 2983 5296 ώς
3013 5233 3111 5286 καὶ
3141 5229 3302 5284 αὐτοὶ
3324 5227 3657 5330 ἁμαρτόντες

413 5316 568 5397 ἰΙιίυιῚ
599 5350 780 5396 tamen
825 5316 1101 5410 peccatum
1143 5340 1332 5396 itidem
1383 5316 1836 5394 existimabantur
1864 5347 1978 5393 tan-

2085 5335 2414 5405 ιλογίζοντο,
2437 5331 2535 5386 καὶ
2552 5329 2920 5398 ἀπέθνησκον.
2949 5321 3368 5387 Κατασκευάζει
3385 5317 3480 5376 σῦν
3501 5316 3660 5372 τοῦτο

411 5446 573 5500 quam
604 5440 661 5487 et
685 5430 788 5500 ipsi
812 5439 1205 5502 peccassentac
1231 5428 1621 5485 moriebantur.
1645 5429 1819 5496 Atque
1841 5426 1978 5482 istud

2082 5427 2257 5492 οὕτως
2273 5443 2287 5456 ’
2317 5423 2593 5495 ’ἁμαρτία
2622 5419 2842 5492 ἑκράτει
2866 5418 2994 5489 ἄχρι
3013 5417 3113 5485 τῆς
3131 5415 3225 5469 τοῦ
3249 5415 3416 5502 νόμου
3439 5411 3658 5471 δόσεως,

415 5499 484 5577 ita
518 5499 850 5580 conﬁrmat:
883 5525 1176 5581 Peccatum
1227 5523 1490 5594 regnabat
1523 5521 1591 5576 ad
1639 5519 1774 5590 legis
1809 5534 1978 5590 usque

2089 5519 2358 5585 τουτέστι,
2390 5517 2488 5572 καὶ
2509 5516 2615 5586 πρὸ
2639 5511 2734 5568 τοῦ
2762 5511 2947 5580 νόμου.
2977 5510 3112 5564 Ποία
3129 5507 3309 5563 τοίνυν
3331 5499 3400 5577 ἦν
3421 5505 3457 5577 ἡ
3478 5503 3655 5594 ἁμαρο

415 5617 692 5683 lazionem,
741 5616 843 5674 hoc
873 5626 978 5684 est,
1013 5618 1176 5674 etiam
1219 5626 1344 5673 ante
1391 5615 1580 5685 legem.
1615 5611 1787 5680 Quale
1821 5610 1978 5682 igitur

2091 5612 2182 5665 τία
2222 5610 2399 5680 aiam;
2435 5603 2583 5661 'Aaa
2629 5604 2706 5676 μὴ
2731 5605 2764 5674 η
2792 5603 2858 5656 ἐκ
2892 5600 2993 5671 τῆς
3038 5597 3403 5670 παραϐάσεως
3445 5591 3538 5647 τοῦ
3570 5587 3656 5644 v6-

1751 5750 1950 5813 νηπίω
1969 5747 2294 5812 lectiones.

483 5882 528 5915 ’⁷
561 5883 822 5955 πρότερον
851 5897 904 5940 ο.
983 5882 1027 5916 ⁷⁸
1057 5884 1145 5937 Io’.
1186 5880 1374 5937 αὑτοῦ.
1450 5880 1496 5914 ’⁸
1517 5879 1739 5951 Χριστῷ
1759 5894 1811 5936 ο.
1889 5878 1938 5911 ⁸⁸
1958 5877 2045 5934 τον.
2077 5874 2258 5932 τοῦτο.
2335 5872 2378 5907 ⁸³
2407 5870 2501 5928 καὶ
2529 5884 2584 5926 ο.
2658 5869 2702 5904 ⁸⁸
2733 5869 2892 5940 ἡμῶν
2919 5879 2990 5922 m.
3067 5864 3133 5898 "‘
3166 5862 3434 5931 ὲλλογεῖτο
3467 5873 3520 5915 ο.
