4038 6618
301 419 407 484 405

1110 415 1522 479 EXPOSITIO
1558 418 1636 479 IN
1685 362 2074 477 ΕΡΙδΤΪΑι)
2109 411 2288 474 non.
2323 441 2392 449 --
2417 415 2576 478 CAP.
2621 418 2685 477 ιν.

3466 407 3611 472 (Μῦν

305 550 442 605 μους
478 531 579 587 Καὶ
605 531 722 595 πῶς
747 529 974 604 τοιαύτη
1000 531 1242 605 ἁμαρτία
1268 533 1492 604 ἔμελλεν
1519 528 1683 595 εἶναι,
1706 533 1876 602 νόμου
1905 577 1916 594 ,

2001 543 2100 592 :rat
2133 545 2412 604 peccatum
2449 534 2625 589 istuc?
2655 531 2847 587 Nonne
2874 530 3018 601 quod
3051 538 3132 584 est
3163 544 3230 586 ex
3263 539 3572 599 transgres-

303 628 378 697 μὴ
411 626 589 690 δντοςς
660 623 938 695 ’Δμαρτία
989 626 1099 698 γὰρ
1137 627 1260 680 τότε
1312 625 1605 694 λογίζεται,
1638 626 1727 679 ὅτε
1761 624 1875 677 ἔστι

297 718 464 787 νόμος
482 731 498 749 ·
525 713 618 769 καὶ
647 715 1080 787 παραϐαίνοντες
1103 717 1292 771 τοῦτον
1313 719 1359 772 oi
1384 717 1686 792 ἄνθρωποι,
1715 717 1881 785 ἀναγ-

298 807 473 872 καίως
513 806 760 876 λέγονται
789 807 1151 877 ἁμαρτάνειν.
1192 807 1354 862 Ἀλλὰ
1391 808 1496 880 μὴν
1533 825 1561 860 σε
1593 809 1620 861 6
1653 807 1881 870 θάνατος

296 899 649 954 ἐϐασίλευσεν
699 900 834 972 ἄχρι
862 898 1168 967 Μωῦσέως,
1209 920 1228 953 ι
1262 901 1528 966 τουτέστι,
1572 900 1666 954 καὶ
1699 899 1824 972 πρὶν
1854 901 1887 952 6

296 992 459 1061 νόμος
491 991 619 1064 δοθῇ
639 1007 655 1022 α
703 991 844 1046 ὥστε
873 987 941 1062 ἦν
975 992 1216 1064 ἁμαρτία
1246 993 1311 1048 δι’
1337 987 1405 1066 ἦς
1426 994 1454 1046 6
1476 993 1709 1057 θάνατος
1753 992 1884 1045 ἐϐα-

297 1085 565 1142 σίλευσεν.
600 1085 713 1140 Ούκ
740 1084 806 1138 ἂν
833 1085 889 1138 δὲ
916 1085 1288 1152 ἐϐασίλευσεν,
1319 1087 1368 1139 εί
1403 1085 1476 1156 μὴ
1505 1081 1574 1157 ἦν
1596 1102 1680 1148 τις
1703 1085 1887 1154 ἁμαρ-

292 1176 383 1229 τία
407 1176 720 1232 συνιστῶσα
750 1177 933 1232 αὐτόν.
973 1178 1127 1232 Ἐπεὶ
1143 1174 1238 1234 οὖν
1261 1178 1558 1249 ἀπεδείχθη
1588 1179 1671 1232 ὅτι
1703 1180 1768 1232 ἐκ
1785 1175 1887 1248 τῆς

294 1268 677 1339 παραϐάσεως
712 1268 807 1322 τοῦ
838 1269 1006 1341 νόμου
1055 1270 1303 1341 ἁμαρτία
1330 1269 1484 1324 οῦπω
1510 1267 1597 1342 ἦν.
1639 1270 1886 1324 λείπεται

291 1361 394 1432 τὴν
420 1361 522 1415 τοῦ
561 1362 734 1434 Ἀδάμ
765 1362 1038 1433 ἁμαρτίαν
1064 1359 1202 1418 εἶναι
1230 1363 1458 1434 ταύτην,
1485 1364 1552 1416 δι’
1574 1363 1640 1433 ἢν
1666 1364 1692 1415 6
1718 1362 1887 1416 θάνα-

295 1471 386 1508 τος
421 1451 745 1508 ὲϐασίὶευσε
777 1455 871 1508 καὶ
915 1453 1005 1506 ἐπὶ
1036 1456 1163 1519 τοὺς
1194 1454 1272 1526 μὴ
1305 1454 1654 1525 ἁμαρτόντας
1685 1453 1731 1485 ⁸³
1765 1453 1886 1526 μὲν,

291 1547 418 1600 ὅσον
445 1547 513 1599 τὸ
547 1547 634 1618 ἐφ’
659 1545 872 1612 ἑαυτοῖς
913 1545 1102 1618 (νόμον
1147 1547 1258 1619 γὰρ
1291 1547 1367 1619 μὴ
1405 1547 1714 1618 δεξάμενοι,
1754 1545 1889 1618 μηδὲ

291 1633 655 1709 παραϐάντες
705 1635 936 1708 τοῦτον,
977 1640 1098 1695 οὐδὲ
1148 1639 1398 1710 λέγονται
1451 1641 1891 1712 ἡμαρτηκέναι),

289 1733 445 1800 ὅμως
493 1733 674 1803 μέντοι
739 1731 832 1787 ἐπὶ
886 1726 964 1805 τῷ
1014 1731 1328 1806 ὁμοιώματι
1373 1733 1472 1805 τῆς
1523 1734 1892 1806 παραϐάσεως

291 1824 480 1896 Ἀδὲιμ
544 1823 1010 1898 ἁμαρτήσαντας,
1071 1826 1165 1883 καὶ
1227 1825 1518 1890 κοινωνοὺς
1564 1827 1890 1898 γενομένους

1980 631 2136 688 sione
2171 630 2346 701 lcgisf.’
2380 628 2742 697 Atquom‘odo
2774 626 2878 682 tale
2925 635 3203 697 peccatum
3230 639 3352 680 esse
3378 624 3571 693 potuit,

1980 739 2103 779 cum
2137 723 2224 780 lex
2257 740 2360 779 non
2391 722 2570 778 esset?
2601 721 2890 777 Peccatum
2921 720 3065 775 enim
3102 727 3214 773 tum
3246 720 3568 787 imputatur,

1982 819 2198 888 quando
2224 826 2308 872 est
2352 816 2436 870 lex
2473 833 2487 871 :
2521 825 2574 870 et
2615 815 2706 883 qui
2758 813 2898 869 hanc
2945 810 3440 880 transgrediuntur,
3478 825 3575 863 ne-

1981 915 2223 968 cessario
2269 913 2526 966 dicuntur
2566 923 2819 978 peccare.
2877 907 3041 977 Atqui
3085 924 3103 957 ι
3142 904 3285 960 Mors
3323 905 3574 975 regnavit

1981 1004 2050 1057 ad
2075 1017 2245 1068 usque
2294 1001 2515 1068 Mosen,
2553 1019 2573 1052 ι
2620 1000 2724 1054 hoc
2767 1007 2883 1059 est.
2926 999 3246 1068 priusquam
3286 995 3450 1050 etiam
3489 995 3575 1050 lux

1983 1096 2262 1151 ferretur:
2299 1096 2482 1166 itaque
2537 1103 2822 1162 peccatum
2877 1101 3034 1155 erat,
3087 1106 3182 1159 per
3228 1091 3373 1159 quod
3427 1103 3575 1143 mors

1986 1190 2250 1261 regnavit.
2274 1189 2390 1245 Non
2420 1195 2698 1258 regnasset
2723 1195 2925 1252 autem,
2949 1184 3050 1240 nisi
3077 1184 3266 1239 fuisset
3295 1190 3572 1252 peccatum

1985 1280 2256 1352 quoddam
2297 1281 2478 1350 ipsam
2497 1279 2857 1334 constituens.
2893 1274 3028 1343 Quia
3070 1290 3199 1330 vero
3229 1274 3576 1328 demonstra-

1988 1384 2104 1429 tum
2151 1382 2254 1439 est,
2307 1372 2450 1442 quod
2502 1382 2781 1442 peccatum
2834 1385 2897 1425 ex
2951 1367 3389 1437 transgressione.
3438 1366 3576 1436 legis

1989 1465 2224 1518 nondum
2258 1472 2398 1530 erat,
2429 1474 2617 1532 restat,
2637 1473 2940 1533 peccatum,
2957 1461 3145 1516 Adami
3171 1459 3312 1516 istud
3338 1473 3456 1514 esse
3480 1473 3580 1528 per

1989 1556 2136 1626 quod
2183 1570 2330 1612 mors
2388 1557 2629 1626 regnavit
2661 1556 2822 1610 etiam
2869 1554 2922 1608 in
2957 1570 3088 1620 eos,
3137 1552 3260 1622 qui,
3312 1560 3577 1621 quantum

1992 1650 2209 1719 quidem
2255 1650 2309 1704 in
2358 1649 2488 1720 ipsis
2530 1659 2683 1711 erat,
2728 1663 2834 1702 non
2903 1653 3198 1717 peccarunt
3257 1645 3404 1715 (nam
3451 1657 3578 1697 cum

1993 1742 2162 1813 legem
2186 1744 2426 1798 nondum
2463 1741 2826 1812 aecepissent,
2861 1753 3034 1810 neque
3065 1737 3212 1793 illam
3255 1733 3577 1805 transgressi

1995 1834 2244 1903 fuissent,
2277 1849 2534 1904 peccasse
2555 1851 2666 1890 non
2695 1833 2994 1899 dicuntur),
3024 1843 3261 1886 attamen
3305 1831 3356 1884 iu
3389 1827 3580 1884 simili-

290 1917 496 1988 ἐκείνῳ
551 1913 646 1972 τοῦ
712 1919 1092 1990 πταίσματος,
1143 1919 1218 1983 ὡς
1273 1919 1615 1992 προπάτορι,
1669 1921 1726 1982 ὃς
1773 1916 1890 1974 ἐστι

2001 1930 2184 1984 tudine
2209 1928 2630 1999 trangressionls
2653 1929 2841 1983 Adami
2867 1934 3252 1998 peccaverunt,
3283 1938 3346 1979 ac
3371 1920 3580 1992 peccati

293 2009 476 2074 τύπος
530 2011 624 2064 τοῦ
653 2001 918 2084 Χριστοῦ.
958 2013 1050 2077 Ὠς
1077 2013 1184 2084 γὰρ
1213 2015 1240 2066 6
1266 2012 1494 2078 παλαιὸς
1552 2013 1724 2083 Ἀδὰμ
1751 2015 1890 2066 πάν-

294 2121 391 2167 τας
421 2105 724 2170 ὑποδίκους
755 2106 979 2177 ἐποίησε
1008 2106 1086 2177 τῷ
1120 2105 1307 2177 οἰκείῳ
1360 2106 1683 2178 πταίσματι,
1716 2108 1891 2162 καίτοι

297 2197 372 2268 μὴ
431 2197 818 2262 πταίσαντας·
885 2198 1030 2254 οῦτω
1096 2200 1188 2254 καὶ
1227 2199 1256 2251 6
1301 2200 1537 2270 Χριστὸς
1599 2199 1892 2254 ἐδικαίωσε

295 2291 557 2356 πάντας,
616 2292 796 2346 καίτοι
854 2291 929 2364 μὴ
973 2291 1313 2358 δικαιώσεως
1352 2292 1478 2359 άξια
1529 2293 1888 2366 ποιήσαντας..

293 2387 390 2442 Διὰ
407 2387 577 2441 τοῦτο
599 2405 620 2440 ι
645 2386 814 2452 τύπος
831 2387 945 2467 ἐστὶ
968 2388 1059 2443 τοῦ
1087 2389 1392 2462 μέλλοντος,
1421 2410 1441 2444 ι
1463 2390 1734 2459 τουτέστι,
1757 2393 1891 2463 Χρι-

296 2497 453 2538 στου.

370 2593 388 2626 ι
442 2573 594 2628 Ἀλλ’
642 2575 742 2646 οὐχ
791 2576 873 2655 ὡς¹
900 2575 962 2632 τὸ
1012 2577 1372 2652 παράπτωμα
1413 2580 1490 2645 ⁸⁵,
1525 2581 1670 2636 οῦτω
1709 2583 1803 2638 καὶ
1831 2584 1895 2638 τὸ

291 2668 576 2741 χάρισμα.
609 2670 672 2723 Εἰ
691 2671 802 2742 γὰρ
832 2671 912 2743 τῷ
941 2671 1036 2726 τοῦ
1069 2674 1184 2739 ἐνὸς
1215 2674 1632 2746 παραπτώματι
1684 2677 1734 2730 oi
1765 2677 1895 2732 πολ-

1997 2025 2286 2096 participes
2317 2025 2444 2080 l'acti
2476 2034 2603 2080 sunt
2651 2039 2772 2079 cum
2801 2025 2890 2079 illo
2920 2033 3178 2093 tanquam
3211 2022 3579 2093 progenitore,

1995 2120 2090 2191 qui
2119 2128 2201 2175 est
2232 2119 2399 2188 ﬁgura
2447 2119 2674 2174 Christi.
2708 2117 2778 2174 Ut
2805 2119 2949 2175 enim
2988 2129 3144 2174 vetus
3186 2118 3360 2171 Adam
3391 2131 3582 2170 omnes

1994 2212 2258 2268 obnoxios
2291 2212 2419 2267 fecit
2445 2213 2665 2283 proprio
2689 2212 2948 2281 suiipsius
2978 2210 3174 2281 lapsui,
3215 2199 3428 2265 etiamsi
3471 2224 3580 2263 non

1995 2318 2153 2360 erant
2191 2305 2330 2376 lapsi
2359 2322 2372 2358 :
2403 2305 2484 2361 sic
2503 2305 2754 2361 Christus
2779 2319 2972 2360 omnes
2993 2302 3338 2372 justiﬂcavit,
3366 2301 3583 2358 etiamsi

1991 2395 2384 2467 justiﬁeatione
2415 2397 2578 2468 digna
2611 2411 2716 2451 non
2753 2396 3172 2462 transegissent.
3212 2393 3440 2464 Propter
3477 2393 3584 2447 hoc

2001 2507 2020 2542 ι
2057 2499 2217 2560 typus
2243 2499 2328 2546 est
2357 2490 2543 2556 futuri,
2581 2508 2600 2543 ι
2636 2490 2689 2545 id
2718 2497 2819 2554 est,
2857 2487 3086 2544 Christi.

2069 2579 2234 2638 Vsus.
2274 2584 2360 2645 15.
2392 2583 2481 2638 16.
2517 2600 2538 2636 ι
2575 2582 2682 2638 Sed
2735 2596 2840 2637 non
2895 2582 3040 2638 sicut
3092 2579 3350 2637 delictum
3374 2620 3388 2643 ,
3422 2579 3495 2634 ita
3531 2589 3585 2634 et

1995 2679 2224 2735 donum.
2263 2676 2321 2732 Si
2365 2677 2510 2734 enim
2559 2677 2722 2732 unius
2773 2676 2973 2731 delicto
3012 2676 3168 2731 mtﬂti
3201 2684 3329 2732 sunt
3359 2675 3581 2738 mortui,

291 2762 376 2814 λοι
409 2761 718 2828 ἀπέθανον,
773 2763 955 2836 πολλῷ
1004 2764 1205 2836 μᾶλλον
1231 2768 1265 2838 ἡ
1290 2768 1452 2840 χάρις
1481 2767 1578 2822 τοῦ
1610 2769 1769 2836 Θεοῦ,
1802 2771 1897 2826 καὶ

2001 2770 2172 2826 multo
2203 2769 2374 2839 magis
2425 2769 2598 2840 gratia
2630 2766 2725 2824 Dei
2757 2776 2814 2823 et
2852 2767 3088 2834 donum,
3127 2767 3181 2822 in
3207 2767 3380 2838 gratia
3426 2765 3586 2820 unius

290 2855 324 2924 ἡ
341 2853 556 2925 δωρεὰ,
579 2856 639 2908 ἐν
660 2855 843 2929 χάριτι
865 2857 959 2912 τοῦ
978 2857 1098 2922 ἑνὸς
1122 2858 1412 2932 ἀνθρώπου
1451 2861 1628 2934 Ἰησοῦ
1654 2863 1894 2935 Χριστοῦ

2001 2864 2237 2920 heminis
2262 2862 2399 2919 Jesu
2446 2860 2673 2926 Christi,
2708 2860 2760 2915 in
2797 2861 2996 2916 multos
3045 2859 3362 2915 abundavit.
3387 2857 3451 2914 Et
3476 2873 3584 2913 non

292 2947 373 3010 είς
397 2946 539 3011 τοὺς
581 2948 812 3013 πολλοὺς
845 2949 1226 3020 ὲπερίσσευσε.
1267 2953 1375 3007 Καὶ
1419 2954 1518 3025 ούχ
1544 2953 1622 3017 ὡς
1665 2954 1732 3009 δι’
1778 2956 1897 3020 ἐνὸς

2001 2957 2140 3013 sicut
2174 2971 2272 3026 per
2301 2971 2466 3024 unum
2506 2954 2598 3022 qui
2649 2961 2994 3024 peccaverat,
3035 2951 3260 3008 donum.
3313 2948 3586 3005 Iudicium

296 3037 755 3108 ἁμαρτήσαντος,
800 3039 863 3092 τὸ
918 3038 1171 3112 δώρημα.
1223 3041 1296 3095 Τὸ
1327 3043 1426 3113 μὲν
1470 3044 1578 3116 γὰρ
1617 3048 1790 3118 κρῖμα
1837 3046 1898 3114 ἐξ

297 3131 419 3195 ἐνὸς
449 3131 536 3196 είς
564 3133 886 3204 κατάκριμα
907 3149 920 3163 °
950 3133 1011 3186 τὸ
1037 3135 1093 3188 δὲ
1124 3135 1372 3206 χάρισμα
1399 3138 1466 3190 ὲκ-
1485 3137 1697 3192 πολλῶν
1719 3156 1898 3209 παρα-

302 3224 627 3295 πτωμάτων
665 3226 747 3289 είς
778 3225 1079 3296 δικαίωμα.
1117 3253 1136 3280 ο
1166 3229 1241 3282 Ού
1282 3228 1538 3284 τοσοῦτον
1573 3232 1757 3302 μόνον,
1787 3249 1896 3301 φη-

299 3318 383 3370 σιν
409 3285 447 3384 ,-
487 3285 770 3386 ὠφέλησεν
810 3285 1118 3390 ὀΧριάτὺς,
1141 3320 1265 3375 ὅσον
1302 3285 1589 3391 ἔϐλαψε-,οδ
1627 3285 1892 3393 Ἀδάμ.λῆ
1925 3285 1969 3346 c

297 3410 358 3462 Ei
423 3407 541 3482 γάρ
599 3411 633 3480 ή
683 3410 932 3481 ἁμαρτία
1008 3410 1262 3466 τοσοῦτον
1309 3412 1552 3485 ἴσχυσεν,
1599 3414 1740 3469 ὥστε
1780 3415 1898 3480 ἑνὸς

301 3499 668 3568 πταίσαντος,
696 3501 907 3566 πάντας
933 3504 1058 3567 τοὺς
1086 3502 1147 3570 ἐξ
1173 3505 1405 3572 ἐκείνου,
1433 3507 1611 3562 καίτοι
1638 3509 1713 3580 μὴ
1741 3511 1902 3566 πταίει

302 3609 538 3678 σαντας,
571 3593 1012 3666 κατακριθῆναι·
1046 3595 1228 3669 πολλῷ
1268 3597 1471 3668 μᾶλλον
1505 3601 1536 3671 ἡ
1563 3601 1726 3674 χάρις
1749 3605 1781 3676 ἡ
1805 3604 1900 3658 τοῦ

301 3684 444 3738 Θεοῦ
493 3685 590 3740 καὶ
640 3686 874 3757 Πατρδς,
919 3687 980 3740 οὐ
1028 3687 1192 3758 μόνου
1227 3689 1442 3757 τούτου,
1497 3691 1635 3748 ἀλλὰ
1665 3694 1762 3749 καὶ
1806 3695 1902 3750 τοῦ

305 3777 444 3831 Υίοῦ
484 3778 675 3844 αὐτοῦ,
707 3780 789 3844 είς
832 3780 958 3844 τοὺς
1003 3779 1236 3846 πολλοὺς
1282 3785 1634 3855 περισσεύσει
1664 3787 1904 3856 δαψιλῶς

309 3873 532 3942 ῤ·.εῖσα.
558 3872 668 3925 Καὶ
693 3873 796 3926 οὐκ
819 3872 972 3928 ἔσται
1003 3874 1064 3926 τὸ
1089 3873 1320 3948 δώρημα
1350 3876 1444 3930 τοῦ
1468 3876 1606 3932 Θεοῦ
1626 3881 1901 3948 τοσοῦτον,

305 3969 436 4022 ὅσον
468 3967 564 4020 καὶ
589 3966 648 4020 1:6
668 3966 738 4020 δι’
760 3965 880 4031 ὲνδς
917 3968 1343 4038 ἁμαρτήσαντος
1389 3973 1750 4044 κατάκριμα;
1780 3991 1800 4025 ι
1833 3966 1905 4029 T6

311 4062 413 4131 μὲν
434 4061 547 4129 γάρ
572 4061 767 4130 κρῖμα,
801 4079 820 4113 ι
838 4061 1141 4126 τουτέστιν,
1163 4063 1195 4132 ἡ
1229 4063 1627 4136 εύκατάκριτος
1654 4067 1700 4099 ³⁸
1719 4053 1905 4140 ἁμαρ-

312 4155 424 4216 tia,
465 4172 484 4203 ι
519 4151 577 4219 ἐξ
601 4151 720 4216 ἐνὸς
750 4171 768 4205 ι
807 4151 901 4206 τοῦ
933 4153 1104 4223 Ἀδάμ
1127 4157 1340 4225 ῥυεῖσα,
1361 4175 1379 4208 ι
1403 4159 1484 4220 είς
1507 4160 1848 4232 κατάκριμα,
1882 4181 1900 4214 ι

312 4245 627 4310 τουτέστιν,
656 4245 736 4308 είς
761 4243 1014 4310 Θάνατον,
1045 4245 1079 4314 ἦ
1113 4247 1209 4298 καὶ
1242 4247 1462 4314 πλείους
1499 4249 1797 4324 ἁμαρτίας,
1820 4254 1908 4308 ἀεὶ

311 4339 430 4402 τοῖς
461 4335 524 4401 ἐξ
551 4335 758 4389 ἐκείνου
794 4335 1030 4405 ἐγίνετο,
1061 4333 1205 4390 ὥστε
1228 4337 1450 4404 πολλαῖς
1479 4341 1786 4414 ἁμαρτίαις
1813 4347 1910 4400 καὶ

313 4427 539 4499 θανάτῳ
580 4426 902 4500 ἐνσχεθῆναι
927 4429 1053 4493 τοὺς
1071 4429 1168 4483 άνΟ
1180 4430 1416 4500 ρώπους.
1442 4453 1458 4485 ι
1489 4435 1562 4489 T6
1583 4435 1640 4489 δὲ
1662 4438 1909 4510 χάρισμα

314 4525 378 4576 ὲκ
395 4521 613 4576 πολλῶν
639 4523 1104 4593 παραπτωμάτων
1125 4525 1205 4586 είς
1231 4524 1530 4594 δικαίωμα,
1556 4547 1576 4582 ι
1603 4531 1908 4598 τουτέστιν,

1997 3044 2143 3105 enim
2173 3063 2241 3102 ex
2269 3061 2378 3103 uno
2408 3047 2474 3099 ad
2503 3043 3038 3108 condemnationem,
3071 3043 3273 3098 donum
3308 3049 3488 3096 autem
3519 3055 3589 3097 ex

2001 3138 2188 3194 multis
2217 3138 2430 3193 delictis
2465 3137 2531 3191 ad
2561 3135 3026 3206 justiticationem.
3050 3147 3070 3188 ι
3112 3133 3222 3204 39
3247 3130 3363 3188 Non
3387 3133 3591 3188 solum-

2002 3234 2164 3286 modo
2216 3235 2429 3284 tantum
2473 3227 2678 3300 profuit
2739 3226 3024 3292 Christus,
3081 3235 3350 3296 quantum
3406 3225 3592 3279 nocuit

2002 3322 2198 3378 Adam.
2231 3319 2288 3376 Si
2315 3320 2460 3375 enim
2485 3328 2762 3390 peccatum
2785 3326 2996 3372 tantum
3027 3314 3224 3388 potuit,
3252 3325 3311 3369 ut
3336 3315 3404 3369 ob
3428 3315 3594 3369 unius

2003 3417 2212 3485 lapsum
2237 3429 2425 3470 omnes
2450 3414 2573 3485 ejus
2591 3413 2814 3484 posteri,
2840 3411 3058 3467 etiamsi
3087 3425 3190 3465 non
3210 3418 3602 3479 peccaverant,

2003 3508 2497 3566 condemnarentur
2529 3524 2544 3572 ;
2581 3505 2751 3562 multo
2778 3504 2949 3575 magis
2977 3504 3150 3574 gratia
3179 3503 3270 3557 Dei
3296 3511 3350 3556 et
3376 3499 3553 3555 Patris
3573 3537 3590 3561 ,

2006 3611 2057 3657 et
2077 3615 2179 3654 non
2212 3600 2382 3654 solius
2409 3598 2588 3668 hujus,
2617 3613 2804 3654 verum
2831 3597 2992 3652 etiam
3026 3596 3151 3651 Filii
3175 3596 3281 3658 sui,
3311 3595 3365 3649 in
3395 3593 3602 3648 multos

2005 3692 2328 3748 exntberabit
2356 3692 2579 3762 largiter
2611 3690 2803 3746 ﬂuens.
2841 3689 2952 3745 Nec
2976 3690 3082 3745 erit
3116 3688 3314 3742 donum
3353 3688 3444 3742 Dei
3474 3696 3596 3742 tana-

2010 3793 2143 3852 tum,
2178 3792 2381 3854 quanta
2419 3792 2502 3837 est
2529 3797 2650 3852 qum
2679 3797 2774 3852 per
2806 3798 2970 3837 unttm
3012 3781 3422 3850 delinquentem
3450 3781 3596 3834 venit

2007 3875 2428 3932 condemnatio?
2469 3893 2488 3926 ι
2525 3872 2798 3930 Judicium
2838 3875 3008 3940 enim,
3049 3893 3070 3926 ι
3107 3875 3210 3932 hoc
3249 3883 3357 3936 est,
3399 3888 3610 3943 pecca---

2009 3978 2132 4024 tum.
2171 3967 2609 4024 eorudemnationi
2661 3967 2978 4032 obnoxium,
3018 3987 3038 4021 ι
3075 3983 3142 4022 ex
3184 3981 3294 4022 uno
3333 3985 3351 4020 ι
3386 3965 3606 4021 Adamo

2008 4060 2303 4132 proﬂuens,
2339 4080 2357 4112 ι
2392 4060 2458 4114 ad
2485 4060 3017 4123 condemnationem,
3058 4078 3076 4112 ›
3105 4059 3208 4115 hoc
3229 4068 3334 4124 est,
3362 4058 3428 4112 ad
3453 4072 3601 4112 mor-

2010 4163 2144 4218 tem,
2195 4152 2441 4227 etplura
2475 4151 2738 4220 lpeccata,
2794 4167 3073 4221 nunquam
3131 4165 3236 4204 non
3271 4151 3322 4204 in
3367 4150 3603 4220 posteris

2009 4249 2244 4314 exstitit,
2276 4256 2336 4302 ut
2364 4255 2422 4303 et
2450 4245 2636 4302 multis
2664 4245 2902 4316 peccatis
2931 4253 2987 4300 et
3019 4253 3195 4298 morte
3225 4243 3602 4298 detinerentur

2009 4342 2279 4398 homines.
2314 4358 2335 4393 ι
2374 4339 2578 4395 Donum
2623 4345 2804 4393 autem
2835 4351 2898 4393 ex
2934 4336 3120 4391 multis
3174 4334 3388 4390 delictis
3414 4333 3482 4389 ad
3507 4345 3599 4402 ju-

2011 4434 2439 4512 stiticationem.
2477 4451 2496 4484 ι
2534 4431 2637 4487 hoc
2689 4439 2793 4498 est,
2847 4431 3058 4502 gratia,
3105 4445 3214 4484 non
3258 4444 3423 4486 unum
3468 4427 3600 4482 illud

2013 4533 2298 4597 peccatum
2327 4521 2500 4579 solum
2533 4521 2980 4587 abstulit,verum
3008 4521 3168 4576 etiam
3201 4520 3303 4576 alia
3329 4533 3449 4590 quae
3479 4528 3602 4590 post

316 4615 350 4686 ἡ
378 4613 544 4686 χάρις
573 4613 635 4666 οὐ
659 4611 758 4686 τὴν
787 4613 917 4683 μίαν
943 4614 1158 4685 ἐκείνην
1185 4615 1394 4669 ἀνεῖλεν
1416 4617 1696 4687 ἁμαρτίαν
1720 4621 1903 4691 μόνον,

2013 4618 2144 4675 illud
2169 4619 2486 4682 invaserunt
2508 4614 2803 4669 hominem.
2822 4612 3075 4668 Omnium
3093 4613 3235 4666 enim
3254 4620 3374 4682 post
3388 4611 3598 4680 lapsum

317 4709 458 4765 ἀλλὰ
492 4707 591 4762 καὶ¹
618 4705 718 4770 τὰς
762 4707 887 4778 μετ’
927 4704 1148 4774 ἐκείνην
1193 4708 1637 4782 ὲπεισελθχούσας.
1679 4713 1908 4770 Πάντων

319 4803 432 4874 γὰρ
463 4801 575 4857 τῶν
601 4798 741 4872 μετὰ
777 4797 878 4870 τὴν
907 4799 1222 4870 παράϐασιν
1256 4805 1729 4874 παραπτωμάτων
1754 4807 1913 4864 λύσιν
1949 4859 1955 4861 ,

319 4887 512 4958 δοῦσα,
538 4894 620 4958 είς
641 4891 920 4946 δικαίωσιν
948 4892 1078 4964 ἡμῖν
1102 4891 1344 4962 ἐγένετο.

395 5007 420 5040 ‹
454 4985 519 5040 Et
566 4983 674 5057 γάρ
707 4984 786 5055 τῷ
823 4983 918 5039 τοῦ
965 4981 1086 5050 ἑνδς
1139 4985 1556 5059 παραπτώματι
1594 4991 1622 5042 6
1670 4989 1904 5058 θάνατος

324 5081 648 5136 ἐϐασίλευσε
680 5075 768 5134 διὰ
811 5079 907 5133 τοῦ
950 5079 1090 5144 ἑνὸς,
1137 5080 1321 5151 πολλῷ
1355 5083 1559 5152 μᾶλλον
1596 5085 1646 5138 οι
1673 5084 1773 5156 τὴν
1802 5104 1906 5140 πε-

329 5175 575 5248 ρισσείαν
624 5175 724 5242 τῆς
773 5172 1016 5244 χάριτος,
1056 5177 1148 5227 καὶ
1198 5157 1298 5245 τὴν
1325 5174 1534 5246 δωρεάν
1566 5176 1666 5247 τῆς
1704 5177 1910 5232 δικαιο-

331 5267 497 5340 σύνης
529 5263 902 5336 λαμϐάνοντες
943 5257 1008 5329 ⁸⁷,
1042 5267 1100 5318 ὲν
1133 5264 1246 5337 ζωῇ
1285 5266 1670 5336 βασιλεύσουσι
1695 5270 1784 5324 διὰ
1811 5269 1908 5324 τοῦ

331 5361 447 5424 ἐνὸς
491 5356 675 5429 Ἰησοῦ
714 5354 977 5430 Χριστοῦ.
1021 5359 1164 5430 ’Ἄρα
1211 5357 1304 5412 οῦν
1348 5359 1424 5423 ὡς
1461 5360 1530 5414 δι’
1569 5360 1689 5426 ἑνὸς
1727 5379 1912 5432 παρα-

331 5453 624 5524 πτώματος
654 5453 733 5515 είς
758 5452 964 5514 πάντας
986 5449 1307 5521 ἀνθρώπους
1336 5452 1416 5516 είς
1437 5453 1786 5525 κατάκριμα,
1815 5452 1910 5508 οῦ·

333 5555 408 5597 τω
431 5543 529 5598 καὶ
547 5542 616 5597 δι’
633 5542 750 5606 ἑνὸς
764 5540 1132 5611 δικαιώματος
1152 5543 1232 5604 είς
1256 5542 1466 5607 πάντας
1489 5543 1814 5615 ἀνθρώπους
1830 5546 1912 5605 είς

334 5635 616 5690 δικαίωσιν
639 5635 804 5706 ζωῆς.
833 5653 852 5686 ι
881 5633 944 5688 Et
969 5633 1031 5687 τὸ
1052 5634 1250 5704 φαγεῖν
1271 5635 1380 5688 ἀπὸ
1411 5635 1502 5688 τοῦ
1523 5636 1679 5704 ξύλου
1702 5637 1798 5691 ἕνα
1819 5637 1886 5691 ἄν
1901 5665 1914 5673 ~

2017 4721 2361 4777 peccatorum
2398 4705 2772 4762 dimissionem
2812 4704 3040 4768 donans,
3077 4703 3129 4758 in
3152 4703 3598 4775 justiticationem

2016 4800 2174 4860 nobis
2202 4799 2394 4856 cessit.

2091 4987 2257 5044 Vsus.
2299 4986 2387 5052 i7,
2421 4985 2506 5043 i8.
2552 5003 2570 5038 ι
2612 4985 2668 5041 Si
2699 4984 2847 5040 enim
2882 4985 3044 5041 unius
3087 4983 3285 5040 delicto
3323 4995 3469 5038 mors
3508 4996 3600 5036 re-

2019 5082 2206 5155 gnavit
2226 5095 2322 5149 per
2353 5096 2520 5135 unum
2549 5118 2565 5144 ,
2599 5079 2774 5134 multo
2795 5080 2966 5149 magis
2991 5076 3381 5134 abundantiam
3407 5073 3596 5145 gratize

2019 5191 2083 5231 ac
2117 5176 2318 5230 donum
2364 5172 2590 5242 iustitiae
2637 5172 3000 5242 accipientes,
3047 5169 3102 5225 in
3151 5170 3258 5224 vita
3295 5166 3601 5236 regnabant

2019 5283 2116 5336 per
2144 5280 2310 5320 unum
2357 5263 2541 5320 Iesum
2570 5263 2870 5337 Christmn.
2905 5262 3075 5332 igitur
3122 5261 3266 5316 sicut
3310 5273 3406 5328 per
3441 5256 3602 5312 unius

1999 5357 2278 5413 rdelictum
2331 5356 2382 5410 in
2426 5369 2623 5411 omnes
2669 5355 2916 5409 homines
2960 5353 3026 5407 ad
3072 5349 3600 5409 condemnationem,

2019 5447 2100 5502 sic
2135 5461 2231 5518 per
2259 5446 2420 5502 unius
2442 5445 2709 5515 justitiam
2741 5444 2796 5498 in
2823 5459 3011 5499 omnes
3046 5442 3292 5496 homines
3328 5440 3394 5494 ad
3431 5437 3598 5510 justi-

2022 5540 2328 5595 licationem
2371 5540 2514 5593 vitae.
2559 5557 2578 5590 ι
2620 5537 2678 5592 Si
2731 5532 2890 5592 unius
2938 5534 3172 5590 hominis
3223 5533 3486 5590 comestio
3536 5535 3603 5585 de

2023 5637 2170 5706 ligno
2201 5646 2426 5689 mortem
2463 5634 2590 5689 fecit
2651 5645 2879 5700 regnare
2910 5669 2924 5694 ,
2959 5629 3126 5684 multo
3158 5629 3330 5698 magis
3357 5643 3477 5693 nos,
3507 5623 3601 5698 qui

1673 5732 1873 5796 Variae
1913 5732 2244 5808 lectiones.

405 5837 450 5910 ’ξ
489 5835 909 5910 άμαρτάνοντας
948 5849 1001 5890 o.
1079 5835 1126 5870 ⁸⁵
1156 5835 1511 5909 παράπτωμα
1540 5838 1696 5910 ἡμῶν
1729 5840 1847 5893 ὲστι
1886 5854 1958 5896 ιιι.
2036 5838 2084 5870 ⁸⁵
2141 5837 2226 5890 ἵσ.
2262 5834 2400 5891 ἀλλὰ
2431 5831 2610 5904 πολλῷ
2658 5830 2841 5886 πλεῖον
2867 5847 2922 5888 o.

349 5905 400 5938 ⁸⁷
431 5901 690 5972 λαϐύντες
717 5925 770 5962 ο.

3033 5831 3082 5866 ⁸⁸
3129 5830 3459 5902 κατάκριτος
3525 5846 3609 5887 tn.
