4038 6600
462 407 570 474 ὅθ’]

1341 405 1942 470 ’ῪΗΕΟΡΗΥΕΑΕΤῘ
1977 408 2392 473 BULGARHZ
2433 414 2792 478 ARCHIEP.

3621 417 3744 481 4θῖ

459 530 650 601 gratiae
683 542 806 583 cum
837 524 1271 592 exuberantiam,
1323 533 1436 580 tum
1477 525 1690 596 copiam
1724 533 1778 580 et
1821 523 2044 594 largita-

2159 526 2385 599 lpomov,
2410 528 2498 582 τὸν
2521 529 2749 584 θάνατον
2773 529 2997 602 ἐποίησε
3018 528 3338 602 βασιλεῦσαι
3358 548 3369 562 ·
3391 528 3571 602 πολλῷ
3595 533 3746 604 μᾶλα

443 632 569 675 tum
624 619 932 690 accepimus
1001 630 1057 674 et.
1105 617 1384 688 justilicat‘i
1435 635 1649 683 sumus,
1701 619 1946 675 vivemus
1989 629 2043 674 et

466 713 812 782 regnabituus
852 725 949 782 per
978 727 1143 767 unttm
1188 710 1373 768 J‘esum
1407 711 1704 777 Christum,
1741 713 1898 784 cujus
1930 713 2042 767 fra-

443 820 571 860 tres
605 819 814 870 sumus,
855 813 910 859 et
951 803 1006 859 in
1055 805 1298 876 ejusdem
1350 805 1601 875 corporis
1648 805 1911 859 unitatem
1951 821 2042 861 as-

461 897 658 967 s-um'pti
684 937 700 960 ,
733 907 788 951 et
831 897 973 952 sicut
1015 911 1212 966 corpus
1260 896 1448 968 capiti,
1499 897 1577 951 sic
1626 912 1724 952 nos
1764 896 1864 966 ipsi
1909 897 2042 952 uniti

458 1005 650 1045 sumus
675 1000 722 1044 Ρ.
758 988 868 1044 Nec
897 989 1043 1044 enim
1071 988 1300 1058 simplex
1331 997 1387 1044 et
1419 989 1579 1043 unius
1612 989 1813 1058 speciei
1843 990 2042 1046 bonum

445 1083 792 1150 accepimus,
823 1089 882 1135 ut
909 1081 1072 1138 etiam
1107 1083 1172 1137 de
1201 1081 1400 1136 futuris
1426 1082 1762 1148 dubitemus,
1784 1084 1877 1138 sed
1907 1098 2044 1139 exu-

446 1173 706 1228 herantia
744 1174 938 1243 gratiae
975 1181 1162 1229 nostra
1195 1173 1334 1230 bona
1369 1180 1497 1227 sunt
1526 1191 1540 1227 :
1585 1173 2043 1244 quemadmodum

448 1267 508 1319 si
542 1267 666 1338 quis
705 1281 811 1320 cere
848 1265 1023 1320 alieno
1067 1266 1394 1332 obstrictus,
1427 1271 1482 1319 et
1513 1264 1566 1319 in
1599 1279 1875 1320 carcerem
1921 1281 2044 1322 cum

463 1373 636 1413 uxore
688 1367 744 1414 et
778 1358 960 1413 liberis
999 1359 1298 1430 coujertus',
1325 1374 1432 1414 non
1465 1358 1637 1413 solum
1667 1373 1696 1414 a
1733 1373 1954 1414 carcere
1995 1366 2048 1416 et

464 1469 494 1506 a
527 1452 709 1508 debito
758 1453 1039 1520 liberetur,
1084 1468 1268 1508 verum
1318 1452 1481 1507 etiam
1517 1451 1796 1507 innumera
1845 1451 2046 1508 talenta

466 1544 715 1613 accipiat,
758 1560 824 1600 ac
873 1545 926 1601 in
971 1545 1175 1617 regiam
1225 1544 1402 1598 aulam
1450 1540 1792 1598 introductus
1834 1559 2046 1600 summo

468 1640 673 1693 honore
704 1637 994 1702 afficiatur.
1034 1639 1292 1709 regisque
1315 1637 1456 1693 ﬁlius
1485 1635 1874 1693 constituatur.
1906 1637 2050 1694 Con-

461 1729 687 1787 eludens
727 1731 892 1803 igitur
931 1731 1282 1797 sententiam,
1327 1731 1404 1786 ait
1444 1750 1463 1788 ε·
1496 1731 1921 1789 Prolude‘sicut
1952 1743 2050 1800 per

468 1825 630 1879 unius
657 1825 912 1880 delictum
959 1825 1122 1897 (quod
1151 1839 1312 1894 snpra
1344 1824 1610 1896 judicium
1641 1824 1873 1892 vocavit,
1905 1836 2050 1879 nunc

455 1916 722 1974 .delictnm
761 1916 1070 1984 nominans,
1117 1916 1223 1971 hoc
1265 1925 1384 1980 est,
1417 1915 1608 1970 Adami
1654 1913 1962 1986 peccatum)
1995 1913 2048 1968 in

467 2025 663 2066 ωηιιιοε
693 2008 942 2064 homines
967 2008 1282 2081 supervenit
1312 2008 1643 2074 maledictio,
1673 2007 1750 2062 sic
1781 2021 1878 2078 per
1898 2003 2061 2074 justi-

455 2101 598 2160 ,tiaut
633 2099 791 2156 unius
835 2099 1061 2167 Christi,
1095 2100 1147 2154 iu
1178 2115 1372 2156 omnes
1403 2099 1650 2154 homines
1692 2097 1886 2170 gratia.
1921 2097 2056 2152 dans

469 2191 601 2260 ipsis
649 2199 702 2246 et
741 2190 1189 2262 justilicationem
1223 2207 1321 2263 pro
1361 2199 1604 2264 peccato,
1637 2202 1694 2247 et
1743 2190 1907 2246 vitam
1959 2201 2058 2259 pro

469 2295 672 2341 morte.

552 2477 711 2526 Vens.
747 2469 836 2527 l9.
875 2490 893 2523 ι
936 2470 1089 2528 Sicut
1129 2471 1274 2530 enim
1312 2485 1407 2542 per
1440 2470 1862 2528 inobedientiam
1896 2470 2062 2527 unius

471 2558 704 2616 huutinis
760 2571 1077 2632 peccatores
1124 2563 1406 2620 constituti
1465 2572 1594 2617 sunt
1640 2561 1794 2617 multi
1844 2602 1860 2626 ,
1905 2562 1977 2616 ita
2006 2571 2062 2616 et

474 2668 572 2719 ter
605 2654 970 2710 obedientiam
1005 2659 1167 2712 unius
1217 2657 1348 2724 justi
1383 2656 1786 2712 constituentur
1812 2655 1994 2711 multi.
2036 2672 2056 2707 ι

468 2746 590 2800 bon
612 2759 694 2801 est
715 2749 887 2802 otiosa
916 2747 1158 2816 ejusdem
1188 2747 1461 2819 repetitio,
1493 2757 1553 2803 ut
1573 2755 1799 2819 apparet
1825 2766 1840 2805 :
1867 2762 2058 2804 verum

470 2857 592 2895 tum
627 2855 789 2912 supra
825 2843 1072 2907 dixisset,
1115 2860 1134 2896 ‹
1167 2841 1633 2909 Quemadmodum
1658 2856 1756 2912 per
1781 2841 1938 2897 unius
1960 2842 2060 2899 de-

473 2936 684 3004 lictum,
717 2934 828 3008 40
849 2937 926 2992 sic
953 2945 1009 2992 et
1039 2951 1135 3006 per
1162 2937 1322 2991 unius
1347 2934 1610 3004 justitiam
1633 2976 1649 3004 ,
1692 2954 1710 2988 ι
1736 2934 1852 3005 jam
1887 2936 2058 2992 inter-

474 3036 718 3095 pretatur
749 3029 876 3098 quid
909 3029 982 3084 sit
1009 3028 1262 3084 delictum
1296 3029 1488 3092 unius,
1523 3043 1715 3098 nempe
1745 3028 2058 3084 inobedien-

477 3119 571 3181 tia,
598 3132 695 3185 per
729 3132 893 3187 quam
930 3136 948 3171 t
983 3127 1298 3187 peccatores
1331 3117 1609 3173 constituti
1646 3127 1774 3172 sunt
1805 3117 1985 3185 multi,
2029 3136 2048 3171 ι

481 3207 588 3264 hoc
629 3219 742 3274 est,
779 3210 999 3265 obnoxii
1041 3209 1326 3280 supplicio,
1363 3210 1549 3281 reique
1580 3211 1772 3266 mortis
1803 3230 1817 3267 :
1847 3221 1898 3268 et
1937 3226 2058 3284 quae

475 3304 546 3356 ait
581 3301 790 3371 justitia
845 3302 1040 3368 unius,
1077 3302 1333 3358 nimirum
1409 3302 1611 3360 Christi
1658 3321 1671 3357 :
1712 3302 2054 3368 Obedientia,

478 3395 676 3464 inquit,
712 3393 881 3464 ipsius
919 3413 940 3448 ι
980 3395 1046 3450 ad
1080 3405 1307 3450 mortem
1374 3408 1567 3465 usque,
1595 3403 1829 3450 mortem
1876 3404 2055 3450 autem

478 3488 654 3543 nucis
681 3498 737 3542 ιιι
761 3506 779 3540 ι
812 3502 908 3558 per
948 3501 1109 3558 quam
1159 3486 1548 3552 obedientiam,
1571 3487 1806 3542 contrita
1858 3496 2056 3553 morte,

479 3582 694 3640 tiberati
724 3596 915 3644 sumus
943 3594 1039 3636 uos
1071 3581 1138 3635 ab
1164 3578 1334 3650 ipsius
1363 3579 1837 3636 condetunatione.

549 3790 714 3845 Vens.
743 3789 833 3845 20.
874 3807 892 3841 ι
934 3798 1044 3844 .scx
1077 3796 1256 3843 autem
1289 3787 1633 3855 subintravit,
1664 3795 1724 3843 ut
1752 3787 2054 3844 abundaret

479 3884 735 3939 delictum
765 3899 780 3934 :
805 3881 909 3936 ubi
955 3889 1136 3936 autem
1176 3880 1470 3936 abundavit
1512 3879 1790 3947 delictum,
1835 3893 2061 3950 supera-

481 3972 738 4028 bundavit
755 3973 950 4045 gratia.
985 3991 1004 4025 ι
1030 3973 1166 4028 Cum
1189 3970 1518 4027 ostendisset
1547 3986 1736 4028 omnes
1761 3973 1830 4027 ab
1852 3971 2063 4027 Adamo

479 4067 872 4122 condemnatos
910 4079 1051 4131 esse,
1075 4078 1106 4118 a
1129 4063 1349 4120 Christo
1382 4072 1562 4118 autem
1592 4073 1966 4130 conservatos,
1999 4079 2063 4121 ac

480 4159 780 4214 verisimile
823 4168 968 4216 esset
1013 4155 1334 4212 addubitare
1380 4156 1690 4228 quempiam
1740 4171 1805 4212 ac
1856 4156 2061 4222 dicere,

480 4253 619 4320 Quid
649 4252 813 4323 igitur
851 4251 936 4307 lex
967 4257 1046 4306 tot
1083 4263 1254 4304 annos
1290 4248 1550 4314 faciebat,
1578 4248 1622 4306 si
1653 4248 1872 4321 quidem
1905 4249 2062 4306 Chri-

480 4356 598 4401 stus
636 4359 737 4400 nos
771 4341 1130 4412 justilieavit?
1157 4341 1475 4410 respondet,
1503 4343 1647 4412 quod
1682 4360 1700 4393 ι
1731 4340 1841 4398 Lex
1873 4341 2064 4397 subin-

482 4437 664 4502 rravit,
707 4455 726 4488 ι
759 4450 880 4508 pro,
933 4436 1000 4491 ad
1052 4432 1267 4504 tempus
1313 4433 1418 4488 lata
1470 4441 1575 4498 est,
1625 4447 1732 4488 non
1778 4432 2062 4504 primario,

483 4544 656 4598 neque
711 4529 1004 4599 praecipue.
1054 4526 1190 4582 Cum
1240 4536 1418 4582 autem
1481 4525 1830 4594 subingressa
1889 4533 2060 4590 esset,

2146 620 2235 674 λον
2259 624 2419 692 ἡμεῖς
2443 622 2492 675 oi
2517 623 2618 693 τὴν
2640 625 2962 694 περισσείαν
2980 625 3075 678 καὶ
3095 624 3376 696 δαψίλειαν
3392 623 3490 695 τῆς
3511 625 3746 695 χάριτος

2145 713 2422 778 λαϐόντες,
2452 715 2548 767 καὶ
2577 713 2980 782 δικαιωθέντες,
3028 713 3315 788 ζησόμεθα
3344 715 3435 768 καί
3485 713 3749 784 βασιλεύ-

2151 823 2316 876 σομεν
2365 807 2452 861 διὰ
2501 805 2595 862 τοῦ
2653 807 2773 872 ἐνδς
2830 809 3009 879 Ἰησοῦ
3067 806 3332 880 Χριστοῦ,
3390 801 3454 863 οὗ
3519 794 3746 878 ἀδελφοί

2148 899 2336 970 ἐσμεν,
2369 900 2465 954 καλ⁸
2497 899 2780 971 σύσσωμοι
2809 899 2974 956 αὐτοῦ
3005 901 3377 973 κατέστημεν,
3424 901 3522 956 καὶ
3547 899 3748 974 ὥσπερ

2149 993 2309 1065 σῶμα
2348 995 2590 1070 κεφαλῇ,
2644 996 2817 1060 οὕτως
2865 995 3016 1066 αὐτῷ
3073 993 3334 1067 ἡνώμεθα
3362 992 3432 1050 ⁸⁸.
3482 995 3574 1066 Μὴ
3624 996 3746 1066 γὰρ

2150 1083 2358 1137 ἁπλοῦν
2391 1084 2487 1139 καὶ
2522 1083 2794 1155 μονοειδὲς
2821 1083 3031 1151 ἀγαθὸν
3055 1082 3346 1151 ἐλάϐομεν,
3372 1082 3460 1136 ἴνα
3483 1083 3576 1135 καὶ
3602 1082 3751 1153 πρὸς

2147 1175 2218 1231 τὰ
2250 1176 2516 1248 μέλλοντα
2558 1176 2956 1246 ἐνδοιάσωμεν·
2994 1175 3132 1231 ἀλλά
3179 1174 3471 1248 περισσεία
3516 1175 3751 1246 χάριτος

2147 1268 2280 1340 ἡμῖν
2306 1269 2376 1323 τὰ
2400 1268 2580 1339 ἀγαθά
2604 1285 2617 1299 °
2647 1269 2844 1339 ὥσπερ
2874 1271 2929 1326 εῐ
2946 1288 3030 1333 τις
3059 1267 3294 1340 ὀφείλων
3324 1267 3522 1332 πολλά,
3550 1268 3647 1321 καὶ
3666 1269 3752 1330 εἰς

2153 1361 2405 1432 φυλακὴν
2434 1361 2732 1433 ἐμϐληθεὶς
2763 1365 2906 1434 μετὰ
2935 1361 3197 1432 γυναικὸς
3226 1362 3322 1415 καὶ
3361 1360 3595 1425 παίδων,
3621 1355 3751 1412 εἶτα

2149 1454 2210 1508 οὗ
2247 1453 2407 1525 μόνον
2445 1453 2796 1524 ἀπαλλαγείη
2825 1453 2930 1523 τῆς
2968 1451 3221 1524 φυλακῆς
3260 1452 3357 1506 καὶ
3395 1450 3492 1506 τοῦ
3521 1451 3748 1521 χρέους,

2149 1544 2286 1601 ἀλλά
2308 1546 2402 1600 καὶ
2425 1545 2594 1617 μυρία
2616 1545 2853 1600 τάλαντα
2893 1544 3071 1608 λάϐοι,
3100 1545 3196 1599 καὶ⁵
3235 1545 3314 1608 είς
3343 1542 3632 1615 βασιλικάς
3652 1543 3755 1596 αὐ-

2150 1639 2250 1705 λάς
2279 1637 2580 1710 εἰσαχθεὶς,
2600 1638 2768 1711 τιμῆς
2787 1639 2832 1671 ⁸³
2845 1637 3104 1708 ἀξιωθείη
3124 1636 3335 1709 ὑψηλῆς
3365 1637 3458 1691 καὶ
3475 1635 3752 1708 βασιλέως

2149 1732 2266 1796 υίδς
2299 1731 2540 1801 γένοιτο.
2571 1729 2974 1803 Συμπεραίνων
3002 1729 3187 1784 τοίνυν
3212 1729 3274 1782 τὸ
3305 1728 3509 1800 νόημα,
3538 1725 3748 1798 φησίνο

2154 1825 2301 1896 ’Δρα
2342 1819 2436 1879 οὖν
2476 1823 2553 1887 ώς
2605 1822 2672 1876 δι’
2731 1823 2850 1886 ἐνὸς
2890 1819 3342 1894 παραπτώματος
3393 1821 3477 1884 είς
3532 1820 3753 1882 πάντας

2155 1917 2480 1988 ἀνθρώπους
2510 1912 2677 1988 ἦλθεν
2703 1917 2737 1989 ἡ
2768 1916 2988 1987 κατάρα
3021 1912 3181 1987 (ὅπερ
3213 1909 3371 1969 εἶπεν
3406 1913 3521 1968 ἄνω
3543 1913 3749 1984 κρῖμα,

2156 2009 2317 2064 τοῦτο
2344 2009 2443 2064 νῦν
2461 2011 2638 2080 λέγων
2663 2009 2712 2042 ὀ
2742 2007 3121 2082 παράπτωμα,
3149 2005 3420 2072 τουτέστι,
3436 2003 3536 2076 τὴν
3557 2005 3751 2076 ἀμαρ-

2157 2102 2282 2156 τίαν
2309 2099 2403 2154 τοῦ
2449 2095 2672 2172 Ἀδὰμ),
2705 2099 2849 2154 οὕτω
2875 2099 2970 2153 καὶ
2995 2097 3085 2152 διὰ
3113 2097 3209 2151 τοῦ
3247 2097 3620 2168 δικαιώματος
3651 2095 3750 2150 τοῦ

2157 2193 2279 2257 ἐνὸς
2304 2191 2569 2265 Χριστοῦ,
2592 2193 2673 2256 είς
2699 2191 2906 2254 πάντας
2928 2187 3252 2260 ἀνθρώπους
3272 2188 3306 2259 ἡ
3326 2186 3506 2258 χάρις,
3529 2184 3752 2240 διδοῦσα

2155 2286 2341 2350 αὐτοῖς
2372 2284 2468 2339 καὶ
2514 2281 2804 2338 δικαίωσιν
2836 2282 2959 2337 ἀντὶ
3006 2279 3108 2351 τῆς
3142 2278 3438 2351 ἁμαρτίας,
3476 2278 3574 2332 καὶ⁵
3601 2275 3750 2348 ζωὴν

2159 2377 2287 2434 ἀντὶ⁷
2323 2378 2420 2432 τοῦ
2458 2377 2714 2447 θανάτου.

2236 2490 2256 2524 ι
2294 2471 2508 2540 ’Ὠσπερ
2533 2471 2642 2541 γάρ
2683 2467 2773 2522 διὰ
2802 2468 2902 2539 τῆς
2935 2467 3225 2542 παρακοῆς
3257 2465 3354 2521 τοῦ
3386 2463 3507 2528 ἐνὸς
3533 2461 3752 2536 ἀνθρώ·

2162 2581 2289 2630 που,
2331 2562 2649 2634 ἁμαρτωλοὶ
2682 2560 3100 2631 κατεστάθησαν
3156 2559 3206 2613 οἱ
3234 2555 3624 2624 πολλοὶ,ὀῖ›τω
3655 2554 3751 2609 καὶ

2157 2657 2247 2711 διὰ
2277 2659 2377 2728 τῆς
2405 2655 2660 2726 ὑπακοῆς
2689 2655 2784 2710 τοῦ
2822 2654 2942 2720 ἐνδς
2987 2653 3188 2708 δίκαιοι
3237 2649 3752 2720 κατασταθήσονται

2157 2749 2206 2802 οί
2253 2747 2456 2802 πολλοί.
2499 2765 2519 2800 ι
2554 2747 2630 2800 Οὐ
2677 2746 3003 2815 ταυτολογία
3047 2743 3220 2811 ἐστὶν,
3268 2741 3342 2810 ὡς
3402 2738 3578 2796 δοκεῖ·
3630 2736 3749 2792 ἀλλ’

2156 2841 2334 2896 εἰπὼν
2374 2841 2656 2911 ἀνωτέρω,
2691 2859 2710 2892 ι
2754 2841 2965 2911 ’Ὠσπερ
2994 2837 3064 2892 δι’
3111 2837 3230 2902 ἐνὸς
3271 2833 3749 2907 παραπτώματος,

2155 2932 2299 2987 οὕτω
2322 2932 2417 2986 καὶ
2445 2931 2514 2985 δι’
2553 2932 2680 2993 ἐνὸς
2722 2929 3120 3000 δικαιώματος,
3161 2946 3180 2982 ι
3218 2927 3313 2982 νῦν
3342 2925 3667 2999 ἐρμηνεύει,
3697 2922 3750 2976 τί

2159 3021 2230 3098 ἦν
2259 3024 2320 3078 τὸ
2354 3023 2713 3096 παράπτωμα
2756 3022 2852 3076 τοῦ
2899 3019 3038 3088 ἐνὸς,
3085 3020 3181 3074 καί
3215 3037 3401 3091 φησιν,
3451 3019 3535 3072 ὅτι
3569 3017 3607 3088 η
3649 3033 3751 3070 πα·

2162 3115 2353 3188 ρακοὴ,
2383 3114 2452 3170 δι’
2471 3111 2541 3189 ἦς
2572 3133 2591 3168 ι
2623 3113 2939 3186 ἁμαρτωλοὶ
2972 3111 3390 3184 κατεστάθησαν
3411 3110 3461 3164 οί
3485 3109 3695 3174 πολλοὶ,
3723 3126 3744 3162 ι

2159 3212 2463 3269 τουτέστιν.
2489 3207 2784 3264 ὑπεύθυνοι
2804 3205 3049 3269 κολάσει,
3069 3206 3165 3260 καὶ
3180 3203 3465 3260 κατάδικοι
3487 3201 3745 3258 θανάτου’

2163 3305 2256 3360 καὶ
2286 3304 2338 3358 τί
2367 3304 2485 3357 ἐστι
2527 3301 2588 3357 τὸ
2634 3301 2912 3372 δικαίωμα
2957 3299 3053 3352 τοῦ
3102 3298 3242 3364 ἐνὸς,
3295 3297 3569 3362 τουτέστι,
3614 3296 3752 3367 Χρς·

2164 3395 2292 3451 στοῦ
2326 3413 2341 3429 ο
2363 3396 2457 3449 καί
2489 3406 2676 3467 φησιν,
2727 3393 2809 3448 ὃτι
2837 3395 2871 3465 ἡ
2911 3391 3126 3463 ὑπακοὴ
3151 3393 3185 3462 ἡ
3222 3409 3242 3444 ι
3283 3389 3448 3462 μέχρι
3488 3388 3746 3456 θανάτου,

2161 3489 2397 3544 θανάτου
2432 3486 2488 3540 δὲ
2520 3485 2754 3559 σταυροῦ
2776 3502 2792 3518 ’
2825 3504 2844 3538 ι
2886 3485 2954 3540 δι’
2975 3481 3045 3559 ἦς
3088 3485 3338 3556 ὑπακοῆς
3372 3481 3751 3554 συντριϐέντος

2159 3579 2255 3636 τοῦ
2286 3580 2538 3647 θανάτου,
2579 3578 2982 3652 ἀπηλλάγημεν
3015 3578 3182 3642 ἡμεῖς
3224 3575 3326 3646 τῆς
3365 3573 3533 3629 αὐτοῦ
3580 3589 3752 3630 κατα-

2161 3675 2338 3748 δίκης.

2238 3807 2256 3840 ι
2316 3787 2498 3858 Νόμος
2533 3785 2590 3843 δὲ
2607 3787 2653 3821 ’⁸
2681 3783 3068 3859 παρεισῆλθεν,
3107 3784 3194 3838 ἵνα
3229 3781 3502 3855 πλεονάσῃ
3533 3781 3594 3836 τὸ
3646 3798 3749 3836 πα·

2166 3881 2474 3952 ράπτωμα·
2528 3869 2592 3934 οὗ
2651 3878 2711 3932 δὲ
2759 3876 3086 3931 ἐπλεόνασεν
3143 3875 3177 3943 ἡ
3221 3873 3487 3946 ἁμαρτία,
3551 3873 3751 3944 ὑπερε-

2164 3973 2526 4042 περίσσευσεν
2577 3970 2825 4041 ὴχάρις.
2870 3987 2889 4021 ι
2941 3967 3159 4038 Ἐπειδὴ
3199 3965 3370 4031 ἔδειξε
3403 3966 3613 4028 πάντας
3647 3964 3751 4019 ἀπὸ

2167 4063 2267 4134 μὲν
2296 4061 2392 4116 τοῦ
2438 4060 2613 4130 ’Δδὰμ
2657 4057 3199 4121 καταδικασθέντας,
3237 4055 3346 4112 ἀπὸ
3385 4056 3442 4111 δέ
3476 4056 3572 4111 τοῦ
3619 4057 3749 4128 Χριο

2168 4154 2294 4209 στοῦ
2327 4152 2622 4219 σωθέντας,
2656 4150 2804 4214 είκδς
2846 4149 2905 4204 δὲ
2929 4144 2997 4222 ἦν
3025 4162 3150 4203 τινα
3183 4148 3228 4182 ⁸³
3276 4147 3627 4221 ἐπαπορῆσαι
3660 4145 3751 4202 καὶ

2167 4245 2343 4299 εἰπεῖν
2368 4259 2382 4273 ·
2417 4243 2484 4298 Τί
2507 4239 2602 4297 οὖν
2628 4245 2658 4297 ό
2687 4242 2851 4315 νόμος
2880 4242 2950 4296 τὰ
2977 4241 3219 4297 τοσαῦτα
3243 4239 3338 4311 ἔτη
3366 4239 3561 4307 ἐποίει,
3589 4239 3748 4310 είπερ

2163 4340 2192 4392 ὁ
2227 4335 2464 4409 Χριστὸς
2495 4337 2643 4407 ἡμᾶς
2694 4335 3016 4402 ἐδικαίωσες
3065 4334 3250 4406 φησὶν,
3307 4332 3433 4387 δτιι
3480 4331 3541 4385 ὐ
3587 4333 3749 4402 νόμος

2171 4428 2562 4501 παρεισῆλθεν,
2593 4448 2612 4480 ι
2647 4427 2768 4483 ἀντὶ
2791 4425 2907 4493 τοῦ,
2930 4425 3068 4496 πρὸς
3102 4425 3296 4496 καιρὸν
3323 4423 3502 4494 ἐδόθη,
3527 4423 3590 4478 οὐ
3624 4439 3749 4496 προ-

2171 4522 2493 4595 ηγουμένως
2555 4520 2675 4574 οὐδὲ
2732 4519 2976 4593 κυρίως·
3038 4516 3416 4590 παρεισελθὼν
3472 4515 3551 4584 δὲ,
3590 4516 3750 4570 πλέον

479 4625 692 4679 auctius
722 4621 954 4677 reddidit
981 4620 1264 4677 delictum.
1297 4618 1433 4674 Nam
1473 4617 1642 4674 multa
1682 4618 1934 4674 mandata
1961 4618 2054 4674 da-

2170 4615 2394 4685 ἐποίησε
2421 4612 2484 4668 τὸ
2511 4612 2890 4683 παράπτωμα.
2924 4610 3135 4676 Πολλάς
3173 4612 3284 4682 γὰρ
3307 4609 3527 4673 ἐντολὰς
3560 4608 3748 4674 ἐδίδου,

481 4719 760 4786 Ινιιιμηυω
813 4715 996 4770 omnia
1051 4729 1172 4768 cum
1228 4712 1741 4783 transgrederentur
1794 4712 2065 4778 homines,

2166 4703 2231 4767 ἃς
2263 4707 2446 4769 πάσας
2474 4705 2934 4775 παραϐαινόντων
2963 4705 3073 4759 τῶν
3103 4703 3432 4778 ἀνθρώπων,
3456 4703 3749 4757 ἐπλεόνασε

479 4817 754 4864 auxerunt
775 4806 1050 4864 delictum.
1083 4804 1353 4860 Particula
1386 4818 1567 4873 porro,
1604 4822 1623 4857 ι
1667 4802 1759 4869 Ut,
1793 4822 1811 4855 ι
1841 4803 1927 4858 hic
1957 4816 2054 4856 non

2164 4797 2228 4849 τὸ
2255 4797 2636 4868 παράπτωμα.
2671 4795 2747 4851 Τὸ
2778 4798 2858 4860 δέ,
2895 4817 2913 4850 ι
2953 4799 3093 4866 Ἵνα,
3134 4817 3154 4851 ι
3187 4796 3428 4852 ἐνταῦθα
3459 4797 3560 4850 οὐκ
3586 4797 3748 4850 αἰτιο-

481 4910 563 4955 cst
599 4913 780 4955 causa:
814 4897 1106 4962 redditiva,
1147 4897 1241 4952 sed
1271 4903 1522 4952 eventum
1550 4893 1795 4965 respicit.
1839 4892 2054 4949 Sancita

2165 4887 2383 4958 λογικόν
2416 4890 2587 4957 ἐστιν,
2629 4889 2752 4944 ἀλλ’
2778 4891 2844 4944 ἐκ
2887 4893 2986 4962 τῆς
3035 4890 3384 4956 ἀποϐάσεως.
3427 4889 3618 4961 Ἐδόθη
3651 4887 3746 4961 μὲν

480 5005 564 5048 est
615 4991 760 5046 enim
810 4990 892 5044 lex
943 4997 1000 5042 ut
1048 4989 1317 5043 minueret
1361 4997 1416 5040 et
1443 4983 1682 5040 auferret
1730 4992 2008 5053 peccatum
2047 5000 2054 5037 :

2164 4982 2276 5052 γάρ
2297 4983 2324 5034 ὁ
2352 4981 2674 5052 νόμοςξῶστε
2703 4981 2937 5054 μειῶσαι
2961 4982 3054 5036 καὶ
3075 4982 3288 5038 ἀνελεῖν
3313 4983 3414 5056 τὴν
3439 4983 3711 5054 ἁμαρτίαν
3727 4994 3742 5012 ⁸

478 5085 665 5139 evenit
695 5091 876 5137 autem
900 5081 1260 5146 contrarium,
1302 5095 1399 5150 per
1421 5078 1725 5134 socordiam
1757 5075 2054 5142 hominum,

2161 5071 2325 5142 ἐξέϐη
2352 5073 2410 5127 δὲ
2443 5073 2781 5140 τούναντίον,
2818 5073 2909 5128 διὰ
2950 5073 3049 5146 τὴν
3092 5073 3372 5147 ῥαθυμίαν
3401 5074 3510 5128 τῶν
3541 5070 3745 5143 ἀνθρώο

483 5191 588 5230 mm
615 5188 712 5244 per
741 5173 876 5245 legis
905 5182 1182 5228 naturam.
1217 5169 1508 5239 Postquam
1554 5175 1734 5222 autem
1765 5165 2054 5221 abundavit

2168 5182 2311 5232 πων,
2341 5165 2403 5220 οὐ
2437 5165 2538 5237 τὴν
2570 5165 2667 5221 τοῦ
2704 5167 2872 5238 νόμου
2915 5168 3100 5239 φύσιν.
3147 5169 3303 5223 Ἐπεὶ
3331 5168 3390 5223 δέ
3421 5167 3742 5222 ἐπλεόνασεν

481 5279 761 5338 peccatum
799 5281 895 5337 per
926 5265 1123 5337 legem,
1155 5279 1254 5334 per
1283 5260 1556 5322 Christum
1593 5258 1763 5331 gratia
1799 5255 1898 5313 Dei
1922 5271 2054 5312 exu-

2166 5259 2201 5330 ἠ
2229 5256 2475 5330 ἁμαρτία
2518 5257 2606 5312 διὰ
2631 5256 2724 5313 τοῦ
2754 5259 2944 5331 νόμου,
2967 5260 3076 5334 ¹διὰ
3106 5259 3202 5316 τοῦ
3234 5259 3476 5333 Χριστοῦ
3511 5261 3546 5332 ὴ
3587 5259 3741 5331 χάρις

483 5360 713 5422 beravit,
794 5357 995 5412 nedum
1047 5372 1075 5410 a
1135 5354 1372 5426 peccatis
1417 5351 1675 5418 liberans,
1708 5349 1803 5406 sed
1843 5346 1912 5407 ’et
1940 5349 2054 5420 jus-

2170 5349 2265 5405 τοῦ
2312 5349 2450 5405 Θεοῦ
2495 5351 3050 5425 ὑπερεπερίσσευσεν,
3103 5355 3165 5409 οὐ
3235 5355 3399 5427 μόνον
3459 5351 3738 5428 ἁμαρτιῶν

486 5451 698 5505 tilicaus
751 5464 879 5517 nos,
951 5458 1006 5504 et
1087 5447 1338 5503 caelestes
1403 5445 1628 5510 faciens,
1688 5445 2054 5516 ad0ptausque

2171 5442 2550 5510 ἀπαλλάξασα,
2593 5443 2732 5501 ἀλλὰ
2773 5447 2868 5501 καὶ
2915 5446 3276 5517 δικαιώσασα,
3325 5447 3419 5502 καὶ
3464 5444 3744 5521 οὐρανίους

557 5615 585 5659 9
639 5607 803 5663 Rom.
849 5621 963 5670 \‘lll,
997 5603 1094 5671 12;
1129 5603 1178 5668 ll,
1210 5604 1412 5670 (ζωαί,
1453 5602 1534 5656 19..
1613 5611 1640 5650 ιι
1671 5598 1903 5669 Philipp.
1941 5614 2003 5663 tt,
2025 5600 2081 5654 8.

1813 5745 2020 5809 Variae
2047 5745 2379 5809 lectiones.

1944 5900 1985 5932 "
2017 5896 2108 5954 οὖν
2139 5914 2214 5956 ιη.
2288 5899 2333 5930 ⁹¹
2369 5912 2520 5959 τινας
2551 5910 2610 5951 οι

551 5901 600 5938 ⁸⁸
623 5900 910 5976 ήνώθημεν
941 5918 1011 5958 m.
1089 5905 1135 5935 ”
1171 5903 1343 5974 ἀρχῆς
1385 5919 1456 5958 ttt.
1537 5901 1756 5971 ε’σλὲγει
1789 5917 1840 5956 0.
