4038 6580
346 405 458 500 too

1177 434 1582 498 exeosmo
1624 434 1708 497 IN
1738 391 1981 495 EPIST.
2019 433 2121 495 AD
2160 436 2346 499 nou.
2377 461 2446 472 —
2477 437 2635 501 CAP.
2680 437 2781 502 VI.

3413 439 3416 443 ’
3525 437 3630 505 410

348 554 654 624 ποιήσασα,
685 552 781 606 καὶ⁵
801 549 1166 623 υἱοθετήσασα
1184 550 1325 622 Θεῷ.
1353 551 1444 605 Διὸ
1457 553 1555 605 οὐκ
1573 547 1750 615 εἶπεν,
1775 553 1940 605 Ἐπε-
1971 592 1978 606 η

2067 567 2145 607 ιοε
2174 553 2226 608 in
2261 552 2402 610 lilios
2445 554 2561 609 Dei.
2605 554 2898 623 Propterea
2956 568 3062 610 non
3099 554 3258 622 dixit,
3288 555 3636 621 Abundavit,

351 642 666 713 ρίσσευσεν,
713 642 833 698 ἀλλ’
871 663 890 696 ι
935 642 1524 715 ’Υπερεπερίσσευσεν,
1560 663 1579 696 ι
1611 644 1672 699 τὸ
1709 643 1942 713 ἄφθονον

349 735 530 802 αὐτῆς
561 735 761 806 δηλῶν.

432 845 452 879 ε
491 825 611 882 Ἵνα
637 825 830 900 ὥσπερ
879 829 1236 887 ἐϐασίλευσεν
1273 835 1306 904 ἡ
1342 831 1590 904 ἁμαρτία
1637 832 1697 884 ὲν
1730 829 1807 900 τῷ
1846 829 1942 884 θα-

351 919 523 992 νάτῳ,
571 919 714 974 οὕτω
743 923 836 975 καὶ
875 925 908 992 ἠ
945 923 1106 995 χάρις
1152 924 1448 998 βασιλεύσῃ
1481 925 1569 980 διὰ
1595 924 1942 994 δικαιοσύνης

350 1012 436 1076 είς
471 1010 618 1083 ζωὴν
647 1011 867 1066 αἰώνιον
890 1013 961 1071 ’⁸.
1005 1033 1023 1066 ι
1052 1013 1260 1079 Είπὼν,
1292 1017 1375 1072 ὅτι
1403 1016 1943 1088 ὑπερεπερίσσευσεν

351 1103 388 1171 ὴ
444 1101 629 1174 χάρις,
677 1101 915 1158 δείκνυσι
951 1105 1046 1159 καὶ
1073 1106 1135 1160 τὸ
1171 1107 1399 1177 εὔλογον
1435 1108 1532 1162 τοῦ
1590 1107 1943 1179 πράγματος.

352 1192 448 1248 ἴνα
481 1195 558 1265 μὴ
581 1194 927 1265 άπιστῶμεν,
959 1197 1055 1250 καί
1083 1214 1270 1269 φησιν,
1289 1199 1372 1253 ὅτι
1412 1200 1502 1253 Ἐν
1525 1198 1678 1265 τάξει
1708 1197 1809 1268 μὲν
1844 1195 1946 1266 βα-

354 1283 556 1349 σιλέως
605 1287 640 1356 ἠ
686 1286 932 1358 ἁμαρτία
980 1282 1088 1359 ἦν’
1123 1288 1152 1341 ὁ
1201 1289 1259 1343 δὲ
1303 1288 1553 1356 Θάνατος,
1606 1287 1947 1361 στρατιώτης

353 1375 454 1431 ὑπ’
510 1376 684 1448 αὐτῆς
721 1376 769 1409 ⁸⁸
823 1377 1309 1451 καθοπλιζόμενος.
1359 1383 1422 1435 El
1454 1378 1566 1436 ,οὖν
1619 1383 1654 1452 ἡ
1700 1379 1949 1452 ἁμαρτία

354 1467 716 1523 ιϐασίλευσεν
743 1469 926 1540 ἡμῶν,
955 1463 1070 1524 οἷόν
1100 1489 1222 1526 τινα
1263 1472 1606 1546 στρατιώτην
1633 1471 1835 1542 ἔχουσα
1855 1473 1949 1528 τὸν

355 1560 602 1617 θάνατον
629 1604 645 1629 ,
709 1562 894 1636 πολλῷ
957 1564 1162 1636 μᾶλλον
1221 1566 1256 1639 ἡ
1310 1567 1472 1639 χάρις
1525 1565 1836 1637 βασιλεύσει
1890 1568 1948 1622 ἐν

355 1655 517 1726 ἡμῖν,
552 1657 876 1729 ἐπαγομένη
924 1656 1023 1728 τὴν
1060 1657 1434 1731 δικαιοσύνην,
1465 1657 1565 1731 τὴν
1594 1659 1950 1732 ἀναιρετικὴν

353 1746 462 1817 τῆς
489 1745 787 1816 ἁμαρτίας,
822 1748 917 1802 καὶ
966 1747 1056 1801 διὰ
1084 1747 1181 1802 τοῦ
1227 1747 1478 1820 ἀναιρεῖν
1505 1749 1602 1821 τὴν
1645 1750 1949 1823 ἁμαρτίαν,

357 1839 767 1910 συναναιροῦσα
791 1840 881 1894 τὸν
912 1840 1164 1908 θάνατον,
1194 1841 1292 1895 καὶ
1319 1840 1466 1914 ζωὴν
1496 1842 1788 1913 εἰσάγουσα
1811 1844 1948 1898 αἰώ-

2043 645 2163 730 sed,
2201 662 2221 697 ι
2261 645 2760 716 Superabundavit,
2796 665 2816 700 ι
2849 646 3056 715 cupiam
3093 647 3262 719 ipsius
3295 648 3562 703 iudicans.

2115 831 2281 887 Vens.
2316 829 2408 897 2|,
2444 847 2463 882 ι
2499 828 2570 886 Ut
2605 829 3057 900 quemadmodum
3086 839 3368 901 peccatum
3390 830 3640 898 regnavit

2045 921 2100 976 in
2148 933 2399 988 mortem,
2446 919 2526 975 sic
2571 927 2626 974 et
2675 919 2851 990 gratia
2883 928 3072 989 regnet
3118 935 3214 990 per
3255 919 3526 991 justitiam
3583 920 3636 974 in

2043 1014 2210 1070 vitam
2259 1021 2541 1068 aeternam.
2604 1029 2622 1064 ι
2678 1009 2813 1066 Cum
2878 1011 3111 1080 gratiam
3167 1011 3640 1079 superabundasse

2045 1104 2321 1168 dixisset.
2373 1113 2643 1160 monstrat
2691 1118 2856 1175 porro
2909 1103 2992 1160 rei
3037 1104 3518 1170 convenientiam,
3571 1121 3639 1160 ne

2045 1199 2219 1256 simus
2269 1198 2556 1264 increduli,
2597 1197 2894 1268 inquiens:
2949 1193 3303 1267 Imperatoris
3345 1196 3463 1251 loco
3515 1212 3635 1267 pec-

2047 1300 2227 1346 catum
2258 1300 2397 1355 erat,
2446 1304 2592 1345 mors
2643 1302 2775 1345 vero
2810 1289 2968 1345 miles
3008 1289 3078 1344 ab
3124 1289 3242 1358 ipso
3282 1299 3560 1365 armatus.
3580 1287 3640 1343 Si

2048 1381 2214 1453 igitur
2241 1391 2524 1452 peccatum
2551 1381 2894 1437 dominatum
2921 1391 3006 1438 est
3034 1381 3212 1446 nobis,
3246 1380 3409 1436 veluti
3447 1396 3640 1449 quemv

2051 1475 2173 1530 dam
2209 1474 2436 1528 militem
2468 1473 2678 1529 habens
2723 1482 2953 1529 mortem
2975 1512 2992 1539 ,
3044 1473 3213 1528 multo
3250 1472 3425 1545 magis
3467 1471 3642 1543 gratia

2051 1565 2420 1625 dominabitur
2447 1566 2502 1620 in
2533 1565 2708 1631 nobis,
2734 1565 3001 1648 justitiam
3030 1566 3329 1629 adducens,
3367 1580 3488 1635 qua:
3515 1579 3646 1633 pec-

2051 1668 2230 1712 catum
2279 1656 2480 1721 aufert,
2519 1671 2584 1712 ac
2609 1657 2771 1712 simul
2807 1660 2932 1712 dum
2978 1666 3260 1727 peccatum
3293 1657 3453 1720 tollit,
3491 1672 3646 1714 mor-

2054 1759 2162 1804 tem
2217 1750 2380 1805 ctiam
2423 1748 2658 1817 adimit,
2713 1749 2880 1805 vitam
2932 1748 3173 1805 atterens
3227 1749 3640 1818 sempiternam.

2055 1838 2232 1896 Veluti
2280 1841 2448 1912 igitur
2480 1840 2772 1897 contrariae
2820 1841 2960 1896 inter
3003 1857 3124 1898 sese
3154 1850 3458 1913 pugnantes
3499 1841 3648 1895 acies

355 1948 498 1986 νιον.
558 1907 740 1987 Ονίονεὶ
790 1932 921 2002 γοῦν
973 1907 1436 2004 «ἄνντιπειράταεις⁷
1469 1907 1699 2004 γέγονε,
1754 1937 1850 1990 καὶ
1917 1938 1952 2007 ἡ

2067 1907 2506 2001 constituuntur,
2560 1944 2842 2006 peccatum
2897 1935 3116 2005 quidem
3156 1907 3397 1990 imilitem
3453 1933 3648 1988 habuit

355 2024 613 2096 ἁμαρτία
645 2025 746 2094 μὲν
781 2023 897 2098 εἶχε
934 2026 1280 2098 στρατιώτην
1310 2025 1403 2080 τὸν
1430 2026 1740 2100 θάνατον,ή
1768 2028 1825 2082 δὲ
1852 2027 1954 2100 χά-

357 2133 452 2188 ρις
480 2115 583 2186 τὴν
620 2116 996 2189 δικαιοσύνην.
1027 2117 1267 2172 Ἀνεῖλεν
1295 2113 1390 2172 οὖν
1422 2119 1457 2190 ἡ
1481 2100 1824 2191 ’δικαιοσύνη
1855 2121 1955 2192 τὴν

357 2207 618 2280 βασιλίδα
645 2208 946 2282 ἁμαρτίαν,
981 2210 1078 2264 καὶ
1115 2212 1214 2265 σὺν
1265 2211 1403 2285 αὐτῇ
1435 2212 1527 2267 τὸν
1571 2212 1826 2279 θάνατον,
1861 2215 1956 2268 καὶ

353 2300 555 2356 λοιπὸν
584 2300 820 2373 εἰσήχθη
850 2299 966 2372 ζωὴ
997 2301 1237 2366 αἰώνιος.

961 2415 1218 2471 una.
1262 2419 1354 2485 cr.

445 2553 463 2586 ι
505 2533 572 2587 Τί
591 2532 686 2587 οὖν
714 2532 986 2606 ὲροῦμενς
1031 2533 1434 2607 Ἐπιμενοῦμεν
1459 2538 1527 2608 τῇ
1553 2535 1822 2609 ἁμαρτίᾳ,
1855 2537 1953 2594 ῐνα

355 2629 398 2698 ὴ
434 2627 592 2697 χάρις
617 2625 922 2695 πλεονάσῃ;
955 2624 1050 2696 Μὴ
1075 2623 1311 2693 γένοιτο.
1354 2626 1567 2691 Οἴτινες
1607 2627 1957 2699 ἀπεθάνομεν

355 2723 434 2789 τῇ
473 2718 741 2791 ἁμαρτία,
787 2719 905 2782 πῶς
942 2717 1024 2772 ἔτι
1057 2717 1301 2789 ζήσομεν
1346 2719 1403 2772 ὲν
1449 2719 1622 2792 curii;
1667 2738 1687 2773 ι
1735 2720 1956 2794 Ἐπειδὴ

354 2803 544 2873 εἶπεν,
571 2811 651 2865 ὅτι
681 2811 886 2864 «Ὅπου
901 2809 1228 2865 ἐπλεόνασεν
1245 2812 1279 2882 ἡ
1296 2811 1564 2882 ἁμαρτία,
1583 2811 1956 2885 ὑπερεπερίσ-

359 2919 564 2957 σευσεν
601 2903 637 2976 ἠ
673 2904 854 2975 χάρις,
893 2920 912 2954 ι
951 2904 1082 2966 ἴσως
1119 2903 1185 2956 ἄν
1227 2921 1313 2967 τις
1356 2899 1530 2970 εἶπεν,
1578 2904 1660 2959 δτι
1693 2904 1786 2976 Μὴ
1817 2905 1956 2959 ἁποο

359 2989 588 3060 στῶμεν
621 2989 813 3044 λοιπὸν
855 2990 1293 3064 ἁμαρτάνοντες,
1332 2993 1422 3047 ἵνα
1470 2994 1676 3049 πλείων
1714 2996 1748 3066 ή
1795 2995 1959 3066 χάρις

356 3082 552 3155 δειχθῇ
579 3101 595 3116 ο
623 3083 784 3138 τοῦτο
805 3079 898 3138 οὖν
922 3084 1061 3148 λύει,
1088 3084 1266 3154 λέγων
1291 3085 1747 3155 ἀπαγορευτικῶς
1769 3101 1784 3117 ·
1814 3104 1833 3139 ι
1864 3087 1957 3159 Μὴ

358 3178 602 3246 γένοιτο.
661 3196 680 3229 ι
721 3177 904 3249 Ὅπερ
947 3177 1044 3232 ἐπὶ
1094 3178 1205 3233 τῶν
1259 3180 1468 3250 σφόδρα
1513 3179 1958 3250 ὡμολογημένων

2057 2037 2309 2094 mortem,
2360 2027 2536 2098 gratia
2572 2041 2700 2084 vero
2735 2025 3035 2098 justitiam.
3089 2025 3331 2084 Abstulit
3382 2024 3546 2096 igitur
3593 2033 3652 2080 et

2058 2120 2329 2176 interemit
2360 2120 2572 2189 justitia
2621 2120 3010 2189 imperatorem
3065 2129 3372 2188 peccatum,
3423 2131 3490 2172 ac
3539 2127 3647 2171 una

2057 2226 2180 2268 cum
2228 2211 2345 2282 ipso
2396 2223 2650 2279 mortem,
2684 2226 2748 2267 ac
2791 2211 2846 2266 in
2891 2218 3166 2282 posterum
3208 2210 3520 2266 introducta
3564 2215 3652 2264 est

2058 2307 2166 2361 vita
2189 2305 2543 2376 sempiterna.

2685 2418 2914 2476 CAPUT
2954 2417 3046 2475 Vl.

2083 2557 2086 2559 λ
2131 2533 2300 2590 Vens.
2335 2532 2388 2601 1,
2422 2532 2478 2588 2.
2517 2549 2536 2586 ι
2573 2531 2712 2602 Quid
2739 2547 2870 2605 ergo
2895 2527 3652 2587 dicemusipcrmanehimus

2061 2627 2114 2682 in
2163 2634 2410 2696 peccato,
2459 2634 2521 2678 ut
2567 2624 2742 2692 gratia
2802 2621 3099 2678 exuberet?
3127 2623 3306 2676 Absit.
3352 2619 3453 2688 Qui
3503 2621 3651 2676 enim

2059 2721 2256 2778 mortui
2289 2735 2477 2777 sumus
2521 2731 2770 2790 peccato,
2822 2720 3094 2788 quomodo
3127 2717 3233 2791 41
3284 2717 3466 2772 adhuc
3498 2717 3654 2773 vive-‘

2062 2831 2185 2872 mus
2215 2815 2267 2870 in
2293 2813 2450 2886 ipso?
2472 2833 2491 2867 ι
2525 2813 2661 2880 Quia
2693 2813 2929 2879 dixerat,
2971 2830 2991 2865 ι
3015 2809 3116 2867 Ubi
3149 2810 3441 2866 abundavit
3465 2823 3657 2881 pecta-

2063 2918 2196 2975 tum,
2227 2906 2708 2978 super-exuberavit
2733 2907 2960 2977 gratia,n
3003 2903 3200 2975 aliquis
3228 2901 3412 2958 forsan
3446 2900 3653 2959 inferre

2060 2999 2368 3070 potuisset:
2409 2998 2677 3068 Deinceps
2705 3012 2836 3068 ergo
2874 3012 2980 3051 non
3031 2995 3359 3051 desistamus
3401 3006 3653 3065 peccare,

2062 3102 2122 3148 ut
2163 3091 2337 3164 gratia
2369 3105 2434 3148 eo
2465 3091 2640 3163 major
2681 3090 3116 3156 demonstretur;
3138 3085 3276 3144 istuc
3305 3101 3435 3158 ergo
3465 3087 3646 3152 diluit,

2065 3187 2318 3260 inquiens
2349 3201 2448 3258 per
2480 3185 2893 3252 inliciationem,
2935 3181 3094 3238 Absit
3144 3181 3330 3252 :qnod
3373 3181 3425 3235 in
3473 3190 3660 3252 aperte

359 3269 592 3324 ἀτόπων
633 3272 812 3325 ποιεῖν
841 3270 1054 3325 είωθεν.
1108 3265 1242 3326 Εἶτα
1283 3271 1380 3328 καὶ
1417 3271 1682 3344 λογισμὸν
1726 3271 1960 3344 τίθησιν,

2069 3279 2322 3338 absurdis
2356 3278 2538 3336 facere
2580 3277 2885 3336 consuevit.
2918 3275 3126 3332 Deinde
3175 3273 3655 3331 ratiocinationem

358 3362 454 3416 ὅτι
491 3361 867 3437 ’Δπεθάνομεν
901 3365 970 3435 τῇ
1005 3363 1276 3437 ἁμαρτίᾳ,
1326 3363 1416 3418 διὰ
1443 3364 1539 3419 τοῦ
1584 3365 1963 3437 βαπτίσματος

359 3455 570 3526 νεκροὶ
609 3455 748 3526 πρὸς
793 3455 964 3528 αὐτὴν
1013 3455 1321 3528 γενόμενοι,
1379 3456 1523 3512 ὥστε
1581 3457 1782 3530 μηκέτι
1856 3458 1963 3511 ὑπ-

375 3544 609 3600 ακούειν
638 3546 778 3619 αὐτῇ
807 3563 824 3578 ο
854 3547 975 3611 πῶς
1015 3543 1111 3603 οὖν
1160 3547 1244 3602 ἔτι
1270 3549 1509 3620 ζήσομεν
1538 3548 1596 3603 ἐν
1635 3549 1796 3620 αὐτῇ,
1821 3547 1964 3602 ὥστε

368 3638 564 3708 σχέσιν
594 3637 742 3712 ἔχειν
790 3639 932 3712 πρὸς
962 3640 1155 3712 αὐτὴν,
1193 3640 1289 3694 καὶ
1318 3639 1620 3695 ὑπακούειν
1651 3640 1826 3711 αὑτῇ;
1869 3638 1966 3693 Ἐκ

366 3733 570 3786 τούτου
617 3731 993 3804 μανθάνομεν,
1033 3733 1118 3787 ὅτι
1151 3734 1262 3798 πᾶς
1307 3732 1498 3798 πιστὸς
1531 3731 1826 3805 νεκροῦται
1866 3732 1966 3803 μὲν

367 3825 518 3895 πρὸς
548 3823 648 3895 τὴν
676 3823 962 3897 ἁμαρτίαν
991 3825 1081 3879 διὰ
1123 3823 1218 3879 τοῦ
1263 3824 1680 3896 βαπτίσματοςο
1717 3823 1969 3896 ρᾳθυμή-

374 3933 481 3980 σας
507 3915 587 3981 δὲ,
627 3916 792 3981 αὐτὸς
831 3916 1026 3972 ἑαυτὸν
1068 3919 1286 3990 ἀνιστᾷ,
1318 3918 1415 3970 καὶ
1446 3917 1709 3982 ζωοποιεῖ
1738 3916 1788 3951 ⁸⁸
1829 3915 1968 3988 πρὸς

366 4009 581 4082 ταύτην
613 4005 792 4076 αὖθις,
825 4008 968 4064 ὥστε
1007 4010 1394 4084 συμφύρεσθαι
1421 4012 1468 4044 ³⁸
1497 4011 1636 4083 αὐτῇ
1664 4025 1680 4041 ⁸
1717 4009 1912 4083 ὥσπερ
1938 4009 1968 4062 ὀ

369 4104 694 4173 σπουδαῖος,
731 4105 822 4160 ἀεὶ
859 4105 959 4179 τὴν
989 4105 1262 4178 νέκρωσιν
1297 4105 1506 4176 ταύτην
1541 4107 1804 4176 συντηρεῖ
1834 4105 1968 4159 ἐαυ-

366 4197 456 4272 τῷ
475 4242 491 4268 ,
520 4198 625 4256 κᾶν
657 4201 922 4273 μυριάκις
945 4195 1212 4273 ἔπιτάττῃ
1240 4199 1450 4272 ἐκείνη,
1483 4198 1650 4264 αὐτὸς
1672 4198 1749 4264 ὡς
1774 4197 1970 4270 νεκρὸς

370 4296 477 4366 οὐχ
509 4293 804 4350 ὑπακούει.

457 4493 479 4526 ε
519 4473 588 4528 Ἦ
613 4477 884 4544 ἀγνοεῖτε,
907 4476 988 4530 ὅτι
1023 4477 1137 4530 ὅσοι
1156 4473 1568 4550 ἐϐαπτίσθημεν
1597 4479 1679 4544 είς
1699 4479 1962 4550 Χριστὸν,

373 4569 460 4634 εἰς
485 4570 580 4622 τὸν
613 4568 846 4623 θάνατον
875 4569 1042 4622 αὐτοῦ
1084 4569 1530 4644 ἑϐαπτίσθημενς
1579 4572 1969 4645 Συνετάφημεν

377 4660 476 4715 οὖν
507 4660 656 4732 αὐτῷ
687 4661 776 4714 διὰ
794 4659 892 4715 τοῦ
924 4661 1305 4734 βαπτίσματος
1341 4665 1425 4729 είς
1452 4665 1546 4720 τὸν
1577 4666 1808 4721 θάνατον
1834 4680 1853 4699 ·
1880 4667 1970 4723 ἵνα

377 4750 576 4820 ὥσπερ
602 4749 814 4821 ἠγέρθη
845 4750 1081 4822 Χριστὸς
1113 4753 1176 4804 ὲκ
1203 4753 1417 4825 νεκρῶν
1443 4752 1532 4808 διὰ
1560 4753 1663 4825 τῆς
1688 4755 1847 4827 δόξης
1873 4757 1970 4812 τοῦ

379 4841 631 4912 Πατρὺς,
656 4841 801 4894 οὕτω
832 4843 928 4894 καὶ
959 4841 1123 4913 ἡμεῖς
1154 4844 1211 4895 ὲν
1240 4837 1521 4916 καινότητι
1555 4844 1702 4918 ζωῆς
1733 4864 1974 4919 περιπα-

378 4933 666 5002 τήσωμεν.
733 4949 754 4984 ι
816 4933 1242 4998 Κατασκευὰζει
1311 4933 1430 5000 πῶς
1497 4937 1844 5008 ἀπεθάνομεν
1903 4942 1972 5012 τῇ

381 5024 654 5097 ἁμαρτίᾳ,
689 5024 784 5079 καί
827 5041 1013 5098 φησιν,
1051 5026 1134 5079 ὄτι
1178 5027 1278 5082 Διὰ
1312 5027 1405 5082 τοῦ
1442 5028 1841 5102 βαπτίσματος.
1880 5025 1974 5096 Eii;

390 5119 490 5172 τὸν
520 5119 756 5174 θάνατον
777 5119 887 5190 γὰρ
936 5118 1032 5173 τοῦ
1061 5121 1302 5190 Χριστοῦ
1333 5123 1748 5196 ἔδαπτίσθημεν
1775 5143 1790 5158 ·
1824 5143 1976 5181 τουτ-

382 5213 563 5280 έστιν,
587 5214 669 5277 είς
690 5212 763 5266 τὸ·
780 5213 876 5267 καὶ
897 5213 1054 5270 αὐτοὶ
1077 5215 1395 5283 ἀποθανεῖν,
1420 5216 1570 5272 ὥσπε
1579 5236 1612 5290 ρ
1635 5221 1866 5286 ἐκεῖνος.
1883 5220 1974 5284 Ὠς

382 5306 499 5378 γάρ
525 5310 555 5362 ὁ
590 5307 829 5379 σταυρὸς
862 5308 958 5362 καὶ
981 5311 1011 5364 ὁ
1036 5309 1207 5380 τάφος
1227 5309 1305 5382 τῷ
1354 5311 1581 5384 Χριστῷ
1603 5314 1674 5378 ’⁷,
1705 5313 1852 5368 οὕτω
1882 5315 1976 5368 καὶ

383 5402 524 5472 ἡμῖν
555 5401 616 5455 τὸ
652 5400 963 5473 βάπτισμα,
996 5405 1046 5456 εί
1093 5403 1192 5457 καὶ
1247 5404 1323 5476 μὴ
1354 5405 1450 5459 ἐπὶ
1485 5405 1597 5460 τῶν
1633 5405 1838 5461 αὐτῶν.
1870 5406 1977 5460 Αὐ-

386 5493 482 5556 τὸς
512 5493 613 5564 μὲν
651 5493 763 5566 γάρ
813 5495 982 5566 σαρκὶ
1014 5495 1284 5561 ἀπέθανε,
1321 5497 1417 5553 καὶ
1447 5497 1652 5570 ἀνέστη
1675 5516 1690 5530 ·
1723 5499 1886 5568 ἡμεῖς
1916 5498 1976 5552 δὲ

386 5587 457 5656 τῇ
486 5584 744 5658 ἁμαρτίᾳ
768 5585 1122 5659 θνήσκοντες,
1157 5589 1502 5662 ἀνιστάμεθα
1532 5593 1600 5662 τῇ
1631 5591 1804 5664 ἀρετῇ
1831 5606 1844 5620 ·
1886 5591 1976 5645 ἵνα

2065 3373 2262 3445 ponit:
2287 3371 2576 3439 Quoniam,
2602 3370 2801 3441 inquit,
2839 3367 3038 3424 mortui
3065 3381 3254 3422 sumus
3283 3375 3531 3436 peccato,
3561 3379 3660 3434 per

2070 3465 2344 3535 baptisma
2402 3464 2604 3521 mortui
2649 3478 2775 3534 erga
2817 3462 2993 3534 ipsum
3043 3458 3196 3523 facti,
3236 3468 3294 3512 ιιι
3347 3472 3452 3512 non
3494 3471 3659 3528 porro

2067 3560 2514 3628 ohtemperemus
2541 3556 2592 3613 ei
2621 3574 2638 3625 ;
2673 3554 2944 3627 quomodo
2973 3552 3149 3608 adhuc
3180 3551 3425 3606 vivemus
3462 3551 3516 3604 in
3542 3549 3657 3613 illo,

2067 3650 2140 3706 ita
2175 3661 2235 3705 ιιι
2270 3648 2454 3705 affecti
2501 3649 2672 3704 simus
2715 3660 2840 3715 erga
2887 3643 3037 3710 illud,
3096 3643 3256 3713 eique
3305 3632 3664 3697 obediamus?

2069 3742 2206 3800 Hinc
2231 3742 2516 3808 discimus,
2550 3739 2695 3810 quod
2719 3735 2895 3792 omnis
2919 3749 3051 3790 sane
3081 3733 3252 3789 ﬁdelis
3282 3731 3351 3788 ad
3381 3741 3658 3802 peccatum

2068 3841 2318 3888 mortuus
2366 3840 2450 3885 est
2486 3845 2586 3900 per
2627 3827 2924 3898 baptisma.
2957 3824 3212 3895 Segnitcr
3254 3834 3436 3879 autem
3468 3837 3658 3892 agens,

2069 3926 2184 3996 ipse
2207 3924 2444 3993 seipsum
2485 3921 2708 3986 excitat,
2737 3930 2792 3976 et
2817 3918 2998 3974 denuo
3034 3915 3101 3971 ad
3135 3911 3267 3970 illud
3300 3909 3566 3981 vivillcal,
3596 3923 3661 3969 ut

2071 4019 2174 4090 ipsi
2229 4016 2656 4075 commisceatur
2701 4030 2718 4068 :
2751 4009 3207 4084 quemadmodum
3244 4023 3276 4065 e
3308 4007 3526 4065 diverso
3575 4020 3663 4063 se-

2071 4109 2230 4167 dulus
2257 4117 2311 4164 et
2347 4108 2647 4174 studiosus,
2675 4104 2818 4161 hanc
2858 4101 2962 4158 sibi
2989 4108 3222 4156 mortem
3246 4091 3331 4154 vel
3366 4095 3665 4154 mortiﬁca-

2073 4203 2272 4260 tionem
2319 4214 2600 4272 nunquam
2653 4212 2762 4254 non
2799 4194 3001 4251 retinet
3041 4198 3207 4263 atque
3250 4197 3560 4256 conservat,
3606 4191 3678 4244 ut'

2070 4294 2284 4351 etiamsi
2319 4293 2440 4365 plus
2466 4291 2682 4347 vmillies
2709 4297 3004 4361 peccatum
3042 4285 3296 4356 imperet,
3329 4285 3448 4358 ipse
3481 4293 3665 4340 tamen

2071 4387 2237 4443 veluti
2268 4395 2515 4442 mortuus
2547 4399 2652 4440 non
2681 4383 3022 4453 obsequitur.

2142 4475 2311 4534 Vens.
2336 4477 2392 4543 '5,
2423 4477 2478 4532 4.
2515 4491 2536 4528 ι
2580 4475 2663 4541 An
2698 4471 2988 4544 ignoratis,
3029 4469 3179 4543 quod
3225 4466 3541 4540 quicunque
3568 4461 3668 4519 ba-
3768 4466 3771 4470 '

2071 4565 2265 4644 ptizati
2290 4559 2482 4623 sumus
2511 4565 2566 4620 in
2593 4565 2898 4629 Christum,
2932 4564 2989 4618 in
3021 4571 3254 4619 mortem
3285 4559 3459 4630 ipsius
3487 4554 3668 4626 bapti-

2074 4664 2182 4721 zati
2213 4660 2440 4718 sumus?
2468 4656 2782 4728 Consepulti
2824 4655 2992 4726 igitur
3039 4669 3226 4712 sumus
3259 4667 3357 4724 per
3400 4650 3666 4722 baptisma

2076 4759 2132 4815 in
2163 4765 2416 4820 mortem,
2439 4762 2499 4807 ut
2527 4750 2803 4822 quomodo
2823 4749 3080 4806 Christus
3107 4747 3351 4806 surrexit
3377 4762 3406 4802 a
3439 4743 3668 4800 mortuis

2084 4867 2181 4924 per
2208 4850 2435 4920 gloriam
2466 4843 2766 4910 Patris,sic
2795 4852 2851 4899 et
2895 4859 2995 4900 nos
3020 4843 3077 4898 in
3115 4841 3360 4899 novitate
3393 4837 3518 4891 vitae
3547 4849 3665 4889 ain-

2078 4944 2351 5001 bulemus.
2393 4957 2412 4993 ι
2458 4937 2744 5006 Quomodo
2790 4945 3014 5007 peccato
3061 4934 3260 4990 mortui
3312 4931 3504 4994 simus,
3550 4927 3666 4999 jam

2080 5034 2302 5101 astruit,
2335 5031 2443 5088 Per
2477 5031 2768 5100 baptisma,
2806 5027 3083 5098 inquiens.
3129 5025 3187 5081 In
3241 5031 3469 5080 mortem
3519 5019 3667 5074 enim

2079 5125 2284 5184 Christi
2314 5123 2574 5195 baptizati
2615 5136 2828 5187 sumus,
2865 5120 2968 5176 hoc
3015 5125 3121 5185 est,
3167 5122 3226 5171 ut
3271 5124 3327 5171 et
3379 5127 3478 5168 nos
3529 5110 3670 5166 sicut

2084 5220 2173 5276 ille
2205 5219 2524 5275 moriamur.
2558 5214 2712 5282 Quod
2747 5213 2894 5270 enim
2935 5212 3163 5268 Christo
3191 5214 3276 5264 est
3319 5221 3451 5260 crux
3498 5213 3556 5260 et
3583 5217 3674 5258 se-

2085 5312 2329 5382 pulcrum
2353 5349 2369 5377 ,
2403 5311 2457 5365 id
2489 5307 2648 5366 nobis
2679 5317 2765 5364 est
2795 5305 3084 5376 baptisma,
3115 5299 3328 5357 etiamsi
3370 5297 3437 5352 ad
3477 5295 3670 5350 eadem

2085 5416 2372 5476 utrumque
2397 5419 2503 5459 non
2533 5401 2818 5474 pertineat.
2841 5396 2959 5468 Ipse
2981 5406 3212 5464 namque
3242 5406 3408 5447 carne
3427 5397 3677 5446 mortuus

2086 5509 2171 5555 est
2215 5509 2268 5554 et
2317 5495 2650 5561 resurrexit,
2695 5507 2794 5548 nos
2848 5501 3028 5546 autem
3086 5495 3314 5560 peccato
3373 5486 3672 5540 morientes

2084 5589 2424 5660 resurgimus
2453 5588 2654 5642 virtute
2691 5603 2705 5640 :
2739 5591 2799 5638 ut
2833 5601 2852 5636 ι
2893 5579 3050 5638 sicuti
3078 5577 3332 5636 Christus
3363 5591 3521 5633 carne
3577 5587 3670 5628 re.

1718 5729 1928 5793 Varia:
1965 5722 2300 5792 lectiones.

465 5855 520 5937 ’ξ
538 5852 755 5906 αἰώνιον
794 5848 882 5907 διὰ
926 5853 1018 5909 τεῦ
1059 5855 1234 5927 Ἰησοῦ
1279 5855 1486 5928 Κυρίου
1523 5853 1680 5930 ἡμῶν
1711 5871 1786 5913 nt.

401 5943 524 5982 τῖῦυ
550 5943 607 5980 0-.

1882 5857 1927 5890 "
1957 5853 2130 5928 αὐτὴν
2154 5867 2207 5910 o.
2286 5852 2330 5886 "
2352 5849 2482 5916 ζωοῑ
2504 5863 2561 5907 0.

2665 5846 2710 5881 “
2737 5841 3119 5919 συμφέρεσθαι
3155 5857 3228 5900 In.
3335 5843 3384 5877 "
3409 5837 3505 5895 τοῦ
3537 5837 3675 5893 Xse-
