4038 6578
282 453 404 520 H3

1138 456 1550 523 EXPOSI'PIO
1589 455 1673 520 IN
1711 455 1951 520 EPIST.
1999 461 2106 521 AD
2142 459 2324 524 ROM.
2361 489 2429 499 —
2461 461 2620 525 CAP.
2661 462 2761 526 VI".
2801 531 2806 536 _

3473 407 3596 526 414‘

287 574 608 639 ὑπεύθυνος
629 570 708 627 ὣν
735 568 816 646 τῷ
844 573 1079 642 θανάτῳ.
1105 590 1126 626 ι
1153 547 1235 627 ro
1262 573 1317 628 δι
1340 569 1430 648 ζῇ,
1465 572 1534 646 ζῇ
1553 571 1630 644 τῷ
1661 572 1781 644 Θεῷ
1811 588 1823 602 -
1875 591 1893 626 ι

2008 573 2214 629 Etenim
2249 573 2380 632 illud
2402 616 2418 641 ,
2447 595 2466 628 ι
2494 576 2644 643 Quod
2673 582 2920 632 mortuus
2945 585 3049 646 est,
3078 585 3302 649 peccato
3335 588 3580 636 mortuus

291 667 581 732 τουτέστι,
623 669 691 739 τῇ
723 667 847 739 θείᾳ
888 666 1142 739 δυνάμει.
1187 669 1262 738 Ζῇ
1297 668 1404 740 γὰρ
1432 669 1521 723 ἀεὶ
1549 668 1609 721 έν
1638 670 1706 738 τῇ
1733 666 1894 720 δυνάη

296 781 394 833 μει
432 761 532 815 τοῦ
575 760 713 815 Θεοῦ
743 762 840 815 καὶ⁵
872 760 1107 832 Πατρός.
1152 759 1376 831 Ἐπειδὴ
1406 760 1464 814 δὲ
1503 759 1758 830 δεύτερον
1792 757 1895 812 ούκ

297 854 648 924 ἀποθνήσκει
684 853 950 934 ξριστὺς,
991 852 1113 906 οὐδὲ
1165 853 1326 922 ἡμεῖς
1360 851 1614 921 δεύτερον
1666 851 1896 906 θάνατον

299 947 394 1000 διὰ
431 947 628 1018 ἑτέρου
690 945 1072 1016 βαπτίσματος
1119 944 1341 1015 ἔχομεν.
1399 943 1672 1013 Μένωμεν
1713 941 1896 995 τοίνυν

303 1040 401 1092 ἐπὶ
433 1040 544 1092 τῶν
587 1039 900 1109 προτέρων,
937 1037 1209 1104 τουτέστι,
1247 1035 1344 1091 τοῦ
1373 1037 1612 1091 Θανάτου
1665 1035 1766 1107 μὲν
1795 1036 1898 1105 τῆς

304 1130 613 1202 ἁμαρτίας,
645 1129 996 1193 ἀναστάσεως
1011 1130 1070 1183 δὲ
1098 1127 1194 1183 τοῦ
1224 1129 1366 1183 κατά
1392 1128 1526 1182 Θεὸν
1554 1127 1697 1199 βίου.
1722 1125 1897 1180 Τοῦτο

305 1224 361 1276 δὲ
407 1225 708 1292 γενήσεται
747 1224 901 1291 ἡμῖν,
946 1241 964 1274 ι
1018 1221 1107 1276 Ἐν
1169 1221 1391 1294 Χριστῷ
1433 1221 1634 1292 Ἰησοῦ,
1677 1239 1697 1273 ι
1739 1235 1894 1276 τουτ-

309 1315 486 1380 έττιν,
535 1315 594 1367 ὲν
658 1316 727 1385 τῇ
775 1312 1064 1384 συμμαχίᾳ
1096 1314 1326 1367 ἐκείνου.
1396 1315 1455 1367 Ὀ
1512 1316 1622 1382 γὰρ
1665 1313 1897 1384 νεκροὺς

303 1406 470 1466 ὂντας
510 1403 847 1473 ἀναστήσας,
892 1401 1074 1473 πολλῴ
1106 1402 1314 1472 μᾶλλον
1344 1403 1555 1468 ζῶντας
1587 1406 1645 1457 ἐν
1677 1406 1744 1475 τῇ
1779 1402 1894 1475 ζωῇ

307 1497 664 1568 συντηρήσει.

380 1775 402 1810 σ
458 1755 555 1830 Μὴ
600 1742 700 1809 οὗν
742 1754 1077 1826 βασιλευέτω
1118 1755 1152 1826 ἠ
1205 1753 1450 1828 ἁμαρτία
1491 1755 1551 1808 ἐν
1587 1753 1670 1825 τῷ
1715 1753 1895 1826 θνητῷ

305 1847 464 1916 ὑμῶν
498 1847 737 1917 σώματι,
782 1849 864 1909 είς
906 1846 970 1899 τὸ
1008 1844 1305 1900 ὑπακούειν
1347 1845 1484 1915 αὐτῇ
1522 1843 1582 1896 έν
1611 1844 1732 1907 ταῖς
1773 1844 1888 1897 ὲπιο

1997 677 2103 734 εει,
2145 685 2163 720 ι
2199 667 2300 723 hoc
2328 677 2432 732 est,
2461 679 2684 738 propter
2710 678 2995 739 peccatum
3027 679 3295 735 nostrum,
3329 683 3450 722 cum
3481 671 3581 722 mi-

1995 760 2142 812 nime
2182 759 2343 816 morti
2387 759 2654 815 obnoxius
2707 770 2871 815 esset.
2922 781 2940 813 ι
2983 759 3136 828 Quod
3186 771 3363 815 autem
3411 761 3576 827 vivit,

1996 852 2128 907 vivit
2177 852 2309 916 Deo,
2365 871 2382 904 ι
2433 852 2484 906 id
2534 862 2651 916 est,
2706 849 2886 906 divina
2934 853 3195 921 potentia.
3241 849 3384 907 Vivit
3435 855 3581 909 enim

1996 958 2212 1013 semper
2266 944 2317 998 in
2369 944 2570 999 virtute
2615 955 2665 999 et
2715 945 2954 1013 pmemia
2997 943 3084 999 Dei
3127 956 3183 1000 et
3217 946 3409 1002 Patris.
3445 946 3580 1012 Quia

1995 1047 2175 1090 autem
2222 1035 2473 1092 Christus
2518 1039 2757 1092 secundo
2810 1053 2932 1092 non.
2971 1039 3220 1106 moritur,
3277 1055 3448 1109 neque
3483 1054 3583 1093 nos

1997 1129 2292 1184 secundam
2328 1139 2560 1185 mortem
2593 1146 2687 1200 per
2718 1129 2946 1183 alterum
2986 1131 3254 1199 baptisma
3291 1131 3580 1185 habemus.

1997 1221 2315 1279 Maneamus
2350 1224 2514 1294 igitur
2561 1223 2614 1278 in
2655 1222 2950 1294 prioribus.
2999 1229 3102 1282 hoc
3153 1232 3259 1287 est,
3296 1221 3351 1277 in
3403 1236 3578 1275 morte

1997 1314 2214 1382 quidem
2257 1316 2488 1384 peceati,
2532 1315 2582 1368 in
2629 1315 3029 1370 resurrectione
3079 1323 3258 1370 autem
3301 1313 3422 1368 vita
3455 1329 3576 1382 quze

1996 1414 2083 1463 est
2114 1407 2410 1462 secundum
2461 1408 2654 1462 Deum.
2703 1405 2819 1462 lloc
2857 1417 3050 1460 autem
3085 1406 3365 1474 continget
3406 1406 3580 1469 nobis,

2003 1517 2024 1551 ι
2065 1495 2122 1552 1η
2150 1498 2368 1554 Christo
2395 1496 2546 1562 Jesu,
2588 1517 2606 1550 ι
2646 1499 2700 1556 id
2730 1507 2840 1562 est,
2874 1499 3083 1554 auxilio
3115 1498 3280 1554 illius.
3309 1497 3410 1564 Qui
3439 1498 3584 1553 enim

2001 1604 2100 1644 nos
2145 1597 2392 1644 mortuos
2435 1587 2716 1654 excitavit,
2777 1588 2947 1642 multo
3002 1588 3182 1657 magis
3235 1588 3478 1642 viventes
3527 1584 3584 1640 in

1998 1682 2108 1734 vita
2137 1681 2501 1737 conservabit.
3037 1727 3046 1736 .

2074 1771 2236 1828 Vens.
2271 1773 2359 1829 ιε.
2391 1791 2412 1826 ι
2443 1773 2562 1828 Non
2583 1789 2715 1845 ergo
2743 1785 2932 1844 regnet
2954 1781 3238 1845 peccatum
3273 1772 3324 1826 in
3362 1769 3582 1826 mortali

2001 1875 2184 1921 vestro
2235 1880 2482 1935 corpore,
2537 1873 2595 1920 ut
2639 1866 2908 1922 obediatis
2957 1866 3057 1936 ipsi
3105 1865 3157 1918 iu
3193 1863 3586 1934 cupiditatibus

304 1939 536 2007 θυμίαις
577 1937 743 1991 αὑτοῦ
770 1937 815 1992 ⁸.
854 1955 874 1989 ι
919 1936 1166 2002 Δεικνὺς,
1196 1936 1278 1990 ὅτι
1320 1935 1381 1990 ού
1415 1935 1507 2007 βίᾳ
1547 1936 1643 1990 καὶ
1672 1936 1694 1968 ⁸
1746 1935 1885 1989 ἀνά-

2008 1958 2194 2027 ipsius.
2236 1975 2256 2010 ›
2305 1955 2614 2012 Ostendens
2663 1956 2807 2024 quod
2858 1972 2967 2010 non
3013 1955 3064 2010 vi
3113 1963 3218 2008 aut
3259 1931 3588 2008 necessitate

302 2044 419 2100 γκῃ
449 2026 804 2100 κατεχόμεθα
833 2027 938 2081 ὑπὸ
979 2028 1078 2099 τῆς
1107 2028 1326 2092 κακίας,
1364 2025 1482 2081 ἀλλ’
1513 2027 1752 2093 ἑκόντες,
1791 2028 1893 2082 οὐκ

303 2117 452 2186 εἶκε,
505 2120 600 2190 Μὴ
644 2119 1001 2186 τυραννείτω,
1045 2117 1204 2180 ἀλλά,
1255 2136 1274 2170 ι
1313 2118 1404 2188 Μὴ
1448 2118 1824 2189 βασιλευέτω·
1867 2137 1888 2172 ο

305 2211 582 2284 βασιλεία
606 2211 738 2280 γάρ,
785 2211 1019 2264 ἑκόντων
1057 2211 1205 2264 ἐστιν
1245 2211 1557 2265 ἐπιστασία.
1599 2209 1785 2264 Εἰπὼν
1813 2209 1890 2276 δὲ,

309 2324 328 2356 ι
387 2304 482 2358 Ἐν
510 2295 590 2375 τῷ
623 2302 804 2373 θνητῷ
831 2301 985 2374 ὑμῶν
1025 2302 1261 2372 σώματι,
1304 2319 1323 2354 ι
1357 2303 1528 2368 ἔδειξε
1562 2302 1656 2356 δύο
1683 2300 1890 2356 ταῦτα·

302 2399 366 2454 ἓν
396 2401 519 2470 μὲν,
550 2401 634 2454 δτι
660 2397 786 2452 οὔτε
815 2399 887 2452 τὰ
906 2397 1040 2470 ἡδέα
1069 2396 1159 2450 τοῦ
1187 2397 1460 2468 σώματος,
1490 2399 1694 2468 μόνιμα
1744 2397 1896 2471 (θνη-

301 2493 400 2547 τὸν
450 2490 562 2562 γάρ
602 2489 798 2560 ἔστιν),
843 2489 986 2544 ὥστε
1032 2490 1092 2544 οὐ
1141 2489 1225 2543 δεῖ
1267 2489 1595 2558 χαρίζεσθαι
1641 2487 1792 2561 αύτῷ
1835 2491 1893 2544 έν

303 2585 560 2647 τούτοις⁸
588 2582 714 2637 οὔτε
745 2582 815 2637 τά
859 2583 1095 2636 ἐπίπονα
1133 2581 1481 2652 παραμένει·
1523 2578 1663 2636 ὥστε
1711 2583 1770 2635 ού
1816 2582 1896 2636 δεῖ

307 2675 539 2745 φεύγειν
599 2673 670 2728 τά
728 2673 988 2746 λυπηρὰ,
1031 2675 1127 2728 καὶ
1184 2675 1308 2738 τοὺς
1357 2673 1496 2745 πρὸς
1545 2674 1646 2739 τάς
1701 2675 1894 2746 ἡδονᾶς

306 2768 550 2835 ἀγῶνας.
580 2766 845 2838 Δεύτερον
871 2765 948 2831 δὲ,
982 2766 1064 2821 ὄτι
1096 2767 1511 2837 ἀναμιμνήσκει
1539 2767 1708 2838 ἡμᾶς,
1743 2768 1826 2821 ὅτι
1860 2768 1896 2834 ἠ

307 2860 580 2931 θνητότης
626 2858 687 2926 ἐξ
713 2862 1015 2932 ἁμαρτίας.
1044 2861 1264 2926 Μηκέτι
1295 2857 1387 2914 οὖν
1407 2860 1705 2934 δουλεύσῃς
1730 2861 1774 2893 ¹⁹
1797 2861 1898 2916 αύο

304 2955 400 3022 τῇ,
433 2953 502 3023 τῇ
553 2950 788 3006 θάνατον
833 2949 1230 3022 ὲπεισαγούσῃ.
1276 2952 1401 3012 Πῶς
1444 2950 1501 3006 δὶ
1549 2949 1826 3022 βασιλεύει
1861 2952 1896 3022 ἡ

306 3042 597 3115 ἀμαρτία;
638 3043 766 3096 Ἐἀν
809 3042 1217 3113 ύπακούσωμεν
1258 3043 1396 3115 αὐτῇ
1436 3043 1496 3096 έν
1537 3043 1660 3108 ταῖς
1701 3043 1895 3096 ἐπιθυ-

310 3136 469 3208 μίαις
496 3136 592 3190 τοῦ
635 3136 911 3206 σώματος.
959 3134 1131 3188 Ὥστε
1167 3135 1229 3188 οὐ
1268 3133 1331 3188 τι
1375 3133 1534 3204 σῶμα
1570 3134 1728 3204 φύσει
1763 3135 1896 3206 βλά-

306 3247 460 3297 πτει,
509 3229 649 3282 ἀλλά
689 3229 751 3282 τὸ
781 3227 1078 3282 ὑπακούειν
1119 3230 1186 3298 τῇ
1237 3227 1504 3300 ἁμαρτίᾳ.
1532 3228 1675 3300 Ὅρα
1712 3227 1769 3281 δὲ
1799 3228 1898 3301 τὴν

310 3324 480 3394 χάριν
507 3320 603 3375 τοῦ
632 3319 898 3390 Χριστοῦ,
930 3320 1049 3384 πῶς
1074 3321 1102 3373 ὁ
1131 3319 1230 3391 μὲν
1265 3319 1436 3389 Ἀδὰμ
1457 3320 1695 3390 ἥμαρτε,
1721 3320 1896 3375 καίτοι

316 3419 394 3488 μὴ
425 3415 623 3486 θνητὸν
659 3414 799 3486 έχων
843 3413 1006 3484 σῶμα
1030 3429 1046 3445 ο
1077 3415 1242 3484 ἡμεῖς
1284 3411 1341 3466 δὲ
1373 3412 1432 3465 ὲν
1471 3412 1651 3484 θνητῷ
1686 3411 1900 3485 σώματι

309 3507 722 3580 περιγινόμεθα
751 3506 816 3579 [Ῑ.
846 3504 1112 3580 περιγιν.]
1134 3509 1232 3577 τῆς
1259 3505 1553 3577 ἁμαρτίας.

311 3604 489 3656 Adam
519 3598 738 3669 quidem
769 3597 1027 3668 peccarit,
1061 3597 1275 3654 etiamsi
1305 3612 1503 3669 corpus
1572 3597 1804 3654 martale
1863 3614 1971 3657 non
2014 3602 2204 3658 habuit

313 3703 662 3759 superamus.

391 3800 412 3833 ι
449 3780 602 3849 Μηδὲ
631 3780 995 3852 παριστάνετε
1020 3779 1088 3834 τὰ
1121 3779 1258 3851 μέλη
1295 3780 1453 3850 ὑμῶν
1495 3780 1641 3835 ὅπλα
1676 3781 1898 3848 ἀδικίας

314 3875 384 3944 τῇ
419 3873 688 3944 ἁμαρτίᾳ,
726 3871 864 3926 ἀλλά
896 3873 1291 3943 παραστήσατε
1325 3873 1554 3936 ἑαυτοὺς
1579 3872 1657 3944 τῷ
1682 3873 1800 3944 Θεῷ
1822 3875 1899 3939 ὡς

318 3968 384 4020 ἐκ
407 3962 620 4035 νεκρῶν
669 3963 897 4029 ζῶντας,
935 3965 1032 4018 καὶ
1061 3964 1130 4017 τά
1158 3963 1296 4037 μέλη
1326 3963 1481 4035 ὑμῶν
1517 3964 1657 4018 ὅπλα
1697 3966 1902 4020 δικαιοτ-

322 4056 492 4126 σύνης
513 4054 591 4128 τῷ
619 4055 762 4127 Θεῷ.
786 4075 805 4110 ι
840 4057 951 4112 Ποῦ
985 4059 1126 4110 εἰσιν
1149 4056 1200 4110 οί
1235 4057 1550 4128 Μ”ανιχαῖοι”,
1581 4059 1631 4110 οί
1653 4057 1907 4126 λέγοντες

321 4148 382 4201 τὺ
431 4147 594 4219 σῶμα
645 4147 805 4217 φύσει
865 4147 1140 4218 πσνηρόνς
1182 4147 1348 4202 ὅπλον
1397 4149 1504 4220 γάρ
1548 4150 1709 4203 ἐστι·
1744 4149 1804 4203 τὸ
1851 4148 1910 4204 δὲ

317 4239 507 4304 ὅπλον,
543 4239 705 4308 μέσον
743 4241 945 4312 ἀρετῆς
982 4241 1075 4294 καὶ
1121 4240 1343 4304 κακίας.
1405 4240 1498 4312 Τῷ
1538 4239 1844 4312 στρατιώτῃ
1874 4242 1908 4311 ἠ

324 4332 577 4402 μάχαιρα
596 4331 762 4386 ὅπλον
792 4331 934 4404 ὑπὲρ
966 4329 1076 4386 τῶν
1111 4328 1346 4386 πολιτῶν
1366 4347 1381 4360 ⁸
1411 4329 1489 4404 τῷ
1515 4331 1709 4403 λῃστῇ,
1737 4332 1770 4403 ἡ
1805 4333 1912 4402 μά·

320 4439 493 4494 χαιρα
513 4421 677 4476 ὅπλον
707 4423 852 4476 κατά
879 4421 988 4476 τῶν
1017 4421 1277 4476 πολιτῶν.
1308 4441 1326 4474 ι
1347 4419 1440 4494 Μὴ
1472 4422 1838 4493 παριστάνετε
1866 4420 1909 4454 ¹¹

320 4513 394 4564 τὰ
451 4511 588 4581 μέλη
612 4511 768 4581 ὑμῶν
798 4511 940 4566 ὅπλα
981 4511 1198 4578 ἀδικίας
1229 4514 1295 4583 τῇ
1346 4512 1608 4584 ἁμαρτίᾳ.
1640 4531 1660 4565 ι
1709 4511 1769 4567 '0
1801 4511 1910 4584 γὰρ

1997 2065 2026 2103 a
2070 2049 2220 2104 vitiis
2266 2048 2592 2112 detinentur,
2639 2048 2736 2102 sed
2787 2058 2973 2104 nostra
3011 2055 3240 2117 sponte,
3277 2061 3386 2098 non
3427 2045 3583 2107 dixit,

1997 2142 2360 2216 Tyrannidem
2393 2156 2496 2197 non
2533 2151 2784 2196 exerceat
2817 2183 2832 2207 ,
2867 2141 2984 2203 sed,
3022 2159 3040 2194 ι
3076 2137 3153 2195 Ne
3185 2147 3396 2208 regnet.
3421 2156 3440 2188 ›
3481 2135 3590 2190 Rea

2001 2251 2163 2308 gnum
2217 2235 2362 2290 enim
2406 2243 2491 2290 est
2548 2234 2978 2288 voluntariorum
3034 2232 3393 2303 principatus.
3449 2229 3584 2284 Cum

1997 2340 2179 2384 autem
2209 2327 2371 2394 dixit,
2404 2345 2423 2380 ι
2459 2325 2515 2382 In
2548 2326 2761 2382 mortali
2791 2334 2970 2380 vestro
3001 2339 3249 2396 corpore,
3288 2341 3320 2374 ι.
3341 2322 3446 2376 duo
3474 2320 3588 2373 haec

1996 2419 2257 2479 indicavit
2308 2436 2322 2472 :
2374 2417 2642 2482 alterum,
2696 2417 2844 2484 quod
2903 2431 3082 2484 neque
3132 2413 3322 2468 suavia
3370 2411 3587 2480 corpori

1996 2511 2209 2566 stabilia
2251 2510 2359 2564 sint
2398 2509 2506 2581 43
2538 2509 2719 2578 (morti
2760 2507 3027 2576 siquidem
3075 2514 3160 2560 est
3197 2500 3516 2570 obnoxium)
3559 2518 3572 2554 :

2007 2616 2176 2671 quare
2211 2615 2316 2655 non
2349 2611 2433 2654 est
2465 2615 2566 2655 cur
2598 2598 2904 2656 istiusmodi
2935 2595 3306 2666 voluptatibus
3343 2593 3590 2647 tradatur

1997 2709 2220 2764 corpus,
2266 2707 2444 2765 neque
2513 2691 2748 2748 diliicilia
2782 2707 2845 2746 ac
2880 2690 3151 2745 laboriosa
3181 2697 3441 2757 perpetuo
3472 2701 3590 2740 man

1997 2795 2211 2842 neant:
2255 2786 2381 2842 hinc
2429 2786 2604 2842 tristia
2659 2784 3080 2853 haudquaquam
3133 2790 3261 2834 sunt
3313 2777 3592 2846 fugienda,

1999 2891 2178 2947 neque
2229 2876 2554 2942 certamina,
2601 2889 2722 2945 qua:
2771 2873 2926 2929 nobis
2980 2872 3242 2926 adversus
3286 2867 3596 2936 voluptates

2003 2975 2133 3020 sunt
2163 2964 2396 3019 ineunda
2427 2980 2442 3029 ;
2479 2963 2711 3018 alterum
2744 2973 2823 3018 est
2845 3003 2860 3026 ,
2892 2959 3034 3032 quod
3069 2959 3226 3014 nobis
3272 2957 3338 3011 ad
3381 2971 3591 3011 memo-

2008 3054 2148 3110 riam
2211 3064 2429 3110 revocat
2461 3069 2524 3108 ac
2553 3053 2708 3108 docet
2746 3050 3134 3107 mortalitatem
3166 3049 3336 3118 ipsam
3368 3061 3434 3102 ex
3465 3059 3612 3115 pec--

2005 3155 2126 3201 cato
2177 3161 2318 3202 csse.
2355 3142 2476 3198 Non
2527 3144 2693 3214 igitur
2740 3143 2792 3198 in
2844 3151 3127 3213 posterum
3175 3139 3250 3192 illi
3303 3136 3609 3200 iuservias,.

2004 3247 2236 3293 mortem
2294 3236 2500 3292 scilicet
2558 3236 2826 3290 aﬂ'erenti.
2854 3234 2984 3304 Quo
3021 3233 3183 3303 igitur
3219 3232 3376 3286 modo
3407 3237 3608 3299 regnat

2007 3327 2344 3400 peccatum?
2378 3325 2435 3383 Si
2463 3327 2828 3383 obedierimus
2873 3326 2922 3381 ei
2960 3325 3012 3379 in
3058 3322 3444 3392 cupiditatibus
3471 3335 3597 3375 cor-

2009 3421 2176 3488 poris.
2223 3419 2411 3490 ltaque
2459 3434 2654 3488 corpus
2700 3433 2798 3473 sua
2850 3426 3045 3472 natura
3099 3415 3240 3470 haud
3278 3421 3457 3477 nocet,
3499 3411 3596 3468 sed

2007 3512 2236 3568 obedire
2266 3522 2512 3582 peccato.
2546 3509 2793 3566 Observa
2825 3510 2911 3564 hic
2935 3507 3134 3563 Christi
3163 3507 3420 3578 gratiam,
3450 3503 3595 3573 quod

2259 3621 2273 3659 :
2332 3618 2435 3660 nos
2486 3619 2614 3657 vero
2666 3601 2718 3656 in
2780 3614 3007 3668 corpore
3054 3595 3267 3652 mortali
3315 3601 3596 3666 peccatum

2080 3785 2246 3840 Vens.
2310 3783 2397 3840 l5.
2450 3800 2468 3833 ι
2501 3779 2580 3836 Νε
2633 3778 2934 3835 cxhibeatis
2964 3777 3201 3832 membra
3234 3785 3411 3830 vestra
3445 3787 3596 3826 arma

2011 3875 2316 3947 iniquitatis
2360 3885 2608 3942 peccato,
2685 3871 2779 3928 sed
2828 3871 3084 3924 exhibete
3134 3883 3228 3922 vos
3277 3869 3424 3936 ipsos
3480 3866 3594 3920 Deo

2015 3979 2271 4038 tanquam
2317 3983 2384 4021 ex
2433 3965 2661 4020 mortuis
2709 3963 2978 4024 viventes.
3016 3971 3072 4016 et
3117 3960 3360 4016 membra
3412 3965 3596 4012 vestra

2014 4077 2167 4120 arma
2192 4059 2418 4130 justitite
2470 4059 2600 4114 Deo.
2644 4075 2662 4110 ι
2704 4056 2802 4113 Ubi
2845 4054 3122 4110 Manichtni
3156 4052 3246 4124 qui
3274 4065 3474 4121 corpus
3507 4063 3603 4102 ua-

2021 4164 2142 4210 tura
2181 4168 2403 4223 pravum
2470 4149 2697 4206 dicunt?
2744 4163 3022 4204 armorum
3069 4145 3214 4200 enim
3253 4143 3341 4197 hic
3379 4140 3600 4197 nomino

2020 4226 2307 4310 censetur;
2348 4258 2503 4297 arma
2537 4257 2690 4306 vero,
2728 4241 2903 4296 media
2951 4239 3092 4294 inter
3129 4237 3381 4291 virtutem
3425 4244 3478 4289 et
3519 4233 3600 4287 vi-

2023 4337 2179 4390 tium.
2211 4334 2390 4398 Militi,
2435 4333 2588 4389 ensis
2615 4341 2699 4389 est
2750 4332 3173 4387 instrumentum
3203 4342 3301 4398 pro
3351 4325 3598 4390 civibus;

2024 4425 2291 4497 praedoni,
2325 4423 2533 4494 gladius
2583 4424 3002 4479 instrumentum
3052 4428 3136 4475 est
3187 4428 3375 4472 contra
3427 4415 3597 4470 cives.

2029 4534 2048 4568 ι
2095 4513 2174 4570 Ne
2194 4512 2628 4582 exhibeteigitur
2656 4511 2895 4566 membra
2925 4518 3106 4564 vestra
3142 4521 3290 4561 arma
3324 4503 3603 4575 iniustitiae

319 4603 680 4676 ἁμαρτάνων,
725 4605 906 4660 ἀδικεῖ
975 4606 1073 4676 μὲν
1108 4608 1205 4661 καὶ
1244 4607 1335 4661 τὸν
1367 4607 1597 4677 πλησίον
1628 4608 1913 4678 πολλάκις,

2028 4617 2276 4680 peccato.
2320 4626 2339 4659 ι
2377 4605 2480 4673 Qui
2509 4605 2651 4659 enim
2685 4613 2898 4675 peccat,
2935 4601 3192 4671 injuriam
3229 4613 3362 4653 sane
3396 4596 3598 4663 infert;

320 4697 562 4750 πάντοτε
587 4695 643 4750 δὲ
671 4697 888 4752 ἑαυτόν.
913 4716 933 4751 ι
958 4696 1119 4752 ⁹Δ).λά
1156 4699 1234 4770 τῷ
1271 4693 1393 4770 Θεῷ
1436 4701 1851 4771 παραστήσατε,
1881 4719 1900 4753 ι

319 4789 686 4859 ἐννοήσαντες
714 4789 777 4844 τὸ
824 4790 990 4861 μέσον
1016 4787 1112 4844 τοῦ
1147 4790 1291 4845 Θεοῦ
1331 4791 1426 4846 καὶ
1455 4793 1555 4860 τῆς
1604 4791 1904 4863 ἁμαρτίας,

319 4882 425 4937 καὶ
467 4881 573 4935 ὑπὸ
621 4883 728 4937 τίνι
769 4882 982 4954 βέλτιον
1004 4883 1298 4938 τάττεσθαι
1352 4885 1445 4938 καὶ⁵
1491 4883 1906 4956 βασιλεύεσθαι,

318 4967 439 5041 ἄρα
489 4973 557 5042 τῇ
607 4972 928 5044 ηκρωσάσῃ
968 4973 1297 5046 ἀμαρτίᾳ,ἢ
1337 4974 1416 5046 τῷ
1449 4973 1734 5040 ζωὼσαντι
1768 4973 1907 5044 Θεῷ.

325 5082 347 5115 ι
384 5062 568 5118 Ὀπλα
581 5062 636 5117 δὲ
652 5063 994 5136 δικαιοσύνης
1015 5067 1082 5120 τὰ
1109 5066 1243 5137 μέλη
1283 5085 1301 5118 ι
1326 5065 1516 5131 είπὼν,
1537 5067 1652 5136 ἀμα
1677 5067 1774 5137 μὲν
1801 5066 1910 5120 δεί-

318 5170 543 5220 κνυσιν,
587 5152 618 5207 δ
665 5155 760 5209 καὶ
797 5155 1057 5225 ἀνωτέρω
1077 5157 1316 5228 είρηται,
1360 5157 1441 5211 ὅτι
1487 5158 1547 5211 ού
1580 5159 1816 5228 πονηρὸν
1845 5159 1906 5212 τὸ

321 5247 513 5316 σῶμα,
547 5247 601 5302 εἰ
629 5264 692 5317 γε
749 5247 916 5303 ὅπλον
958 5248 1311 5320 δικαιοσύνης
1345 5249 1575 5304 δύναται
1623 5251 1908 5317 γενέσθαι·

319 5339 442 5409 ἅμα
480 5338 559 5403 δὲ,
593 5341 676 5394 ὅτι
703 5341 799 5395 κα)⁸
831 5341 1066 5412 πόλεμος
1101 5341 1398 5411 ἐφέστηκε,
1432 5343 1525 5396 καὶ
1551 5343 1630 5397 δεῖ
1661 5343 1765 5396 ὑπὸ
1791 5341 1910 5414 Θεῷ

318 5433 622 5504 στρατηγῷ
653 5434 699 5466 ¹²
720 5429 886 5499 εἶναι,
912 5437 1009 5487 καὶ
1043 5434 1114 5488 τὰ
1141 5435 1286 5489 ὅπλα
1316 5435 1458 5508 ὑπὲρ
1492 5435 1591 5506 τῆς
1622 5435 1804 5506 ψυχῆς
1828 5453 1912 5488 τι-

318 5521 501 5580 θέναι.

403 5634 424 5669 ι
469 5615 747 5690 ’Δμαρτία
775 5619 889 5690 γὰρ
945 5619 1104 5691 ὑμῶν
1153 5620 1215 5674 ού
1258 5621 1524 5691 κυριεύει.
1555 5622 1628 5676 06
1661 5621 1768 5693 γὰρ
1798 5621 1920 5674 ἐστε

2022 4702 2269 4771 proximo
2307 4715 2449 4770 saepe
2477 4739 2492 4764 ,
2520 4699 2624 4754 sibi
2684 4711 2814 4752 vero
2860 4708 3096 4764 semper.
3147 4709 3166 4744 ι
3219 4690 3325 4746 Sed
3348 4689 3605 4744 exhibete

2016 4808 2116 4848 vos
2139 4795 2283 4863 ipsus
2308 4792 2439 4857 Deo,
2474 4811 2492 4844 ι
2528 4795 2894 4862 expendentes
2923 4797 3183 4852 quantum
3217 4785 3442 4839 interest
3465 4786 3606 4836 inter

2018 4885 2188 4950 Deum
2216 4893 2270 4940 et
2300 4894 2607 4956 peccatum,
2639 4893 2693 4938 et
2723 4882 2829 4936 utri
2860 4880 3054 4936 melius
3086 4879 3158 4933 sit
3188 4876 3382 4946 subjici
3413 4884 3467 4928 et
3500 4890 3604 4944 gu-

2021 4978 2238 5035 bernari
2264 5017 2279 5042 ,
2319 4975 2592 5032 occidenti
2633 4985 2877 5046 peccato,
2909 4989 2976 5027 an
3016 4970 3316 5027 viviﬁcanti
3352 4968 3482 5022 Deo.
3510 4965 3604 5022 Di-

2020 5084 2150 5126 cens
2200 5077 2405 5136 autem,
2462 5086 2482 5120 ι
2529 5068 2790 5135 Membra,
2847 5083 2996 5120 arma
3039 5063 3286 5132 iustitiae,
3331 5079 3351 5114 ι
3407 5058 3602 5129 partim

2022 5161 2280 5230 ostendit,
2311 5162 2360 5217 id
2389 5160 2530 5233 quod
2557 5176 2720 5232 supra
2754 5161 2952 5215 dictum
2986 5169 3091 5225 est,
3115 5158 3254 5228 quod
3277 5169 3470 5224 corpus
3495 5165 3604 5206 non

2021 5261 2107 5308 est
2144 5267 2392 5322 pravum,
2439 5251 2704 5322 siquidem
2752 5249 2984 5320 justitia:
3036 5263 3188 5302 arma
3230 5245 3343 5301 sive
3394 5243 3601 5297 instru-

2019 5352 2260 5397 mentum
2289 5342 2402 5398 ﬁeri
2430 5343 2599 5413 possit
2629 5361 2643 5397 :
2669 5342 2866 5411 partim
2899 5340 3040 5412 quod
3062 5350 3116 5394 et
3145 5336 3382 5408 praulium
3409 5334 3594 5394 instet.

2015 5443 2180 5503 atque
2229 5442 2478 5503 oporteat
2528 5448 2626 5488 nos
2651 5431 2751 5488 sub
2786 5432 2897 5486 Deo
2949 5432 3278 5500 imperatore
3315 5439 3460 5490 esse,
3496 5438 3598 5480 nec

2018 5539 2126 5580 non
2163 5539 2314 5580 arma
2351 5537 2454 5595 pro
2487 5523 2666 5578 anima
2704 5533 2889 5577 nostra
2914 5535 3155 5576 sumere.

2099 5619 2267 5674 \‘sns.
2311 5618 2400 5682 l4,
2456 5635 2474 5670 ι
2507 5613 2798 5673 Peccatum
2835 5615 2976 5670 enim
3013 5614 3169 5670 vobis
3203 5628 3308 5670 non
3349 5611 3596 5670 domina-

1666 5765 1865 5828 Varite
1891 5765 2218 5829 lectiones.

390 5890 410 5922 '
438 5890 609 5962 αὐτῆς
636 5904 692 5944 ο.
770 5889 793 5922 ⁸
824 5887 942 5944 οὐδὲ
971 5905 1024 5946 ο.
1105 5889 1148 5924 ⁸⁸
1170 5889 1545 5961 δουλεύσωμεν
1577 5905 1630 5945 ο.
1711 5891 1748 5923 ¹¹
1771 5890 2133 5961 παριστάνετε
2163 5886 2257 5942 οὖν
2282 5901 2358 5942 ιιι.
2439 5887 2481 5920 ¹¹
2501 5884 2806 5960 στρατηγὸν
2835 5898 2888 5940 ο.
