4038 6628
474 429 582 498 415

1357 426 1936 491 THEOPHYLACTI
1972 421 2392 486 BULGARM!
2425 424 2783 488 ARCHIEP.

3601 421 3713 484 uti

476 549 647 603 bitur.
690 543 806 600 Non
861 543 1004 600 enim
1047 543 1179 599 estis
1209 543 1309 598 sub
1350 543 1490 616 lege.
1521 546 1614 600 sed
1663 545 1762 600 sub
1796 542 1992 614 gratia.
2024 561 2043 597 ι
2075 589 2081 601 .

2192 542 2260 595 πὸ
2306 542 2489 612 νόμον,
2537 540 2674 595 ἀλλὰ
2724 541 2830 596 ὑπὸ
2874 539 3055 611 χάριν.
3091 557 3110 592 ι
3152 536 3228 594 Τὸ
3285 538 3482 609 σῶμα,
3536 541 3748 610 φησιν,

481 641 714 708 Corpus,
773 639 966 706 inquit,
1007 647 1243 692 vestrum
1290 648 1417 692 ante
1456 637 1657 692 Christi
1692 639 1980 692 adventum
2025 651 2056 690 a

492 741 712 796 peccato
743 730 904 784 facile
934 729 1230 798 expugnari
1264 729 1459 797 potuit.
1510 728 1693 799 Neque
1724 729 1870 784 enim
1931 727 2054 797 Spi-

487 825 621 877 rlttt's
657 823 844 876 aderat
884 822 976 890 qui
1004 830 1369 883 succurreret,
1417 835 1592 891 neque
1623 821 1887 888 baptisma
1916 821 2058 890 quod

489 915 816 968 tnurtillcare
857 923 1060 982 posset.
1112 911 1400 981 Propterea
1433 922 1480 965 et
1520 911 1599 964 lex
1657 911 1974 978 przccipiens
2006 919 2062 963 et

496 1019 792 1076 suggerens
843 1005 972 1073 quid
1020 1004 1288 1074 agendum
1321 1013 1487 1069 esset,
1537 1003 1671 1056 nihil
1726 1001 2058 1070 perficiebat.

487 1095 614 1150 Post
642 1094 842 1148 Christi
886 1103 1068 1147 autem
1103 1093 1392 1147 adventum
1431 1093 1571 1144 lucta
1603 1089 1812 1144 facilior
1833 1097 1915 1143 est
1943 1085 2064 1140 red-

489 1188 598 1240 dita
634 1205 649 1242 :
688 1186 916 1253 ideoque
955 1183 1258 1238 certamina
1305 1184 1530 1253 majora,
1575 1198 1670 1235 ceu
1709 1180 1912 1234 auxilio
1946 1195 2065 1230 am-

489 1277 645 1346 pliori
699 1277 856 1331 nobis
905 1277 1264 1345 suppeditato.
1319 1273 1433 1328 Non
1493 1273 1861 1327 dominabitur
1901 1270 2065 1340 igitur

499 1367 654 1422 nobis
699 1378 1003 1437 peccatum,
1047 1367 1148 1422 nisi
1201 1367 1423 1420 nimium
1471 1381 1569 1420 nos
1618 1364 1718 1435 ipsi
1763 1362 2064 1419 subdideri-

496 1473 643 1510 tuns.
674 1457 787 1510 Non
841 1457 983 1512 enint
1037 1464 1118 1512 est
1155 1455 1238 1511 lex
1290 1471 1409 1524 qum
1441 1455 1598 1525 jubet
1650 1465 1881 1520 tantum,
1937 1455 2066 1508 nihil

495 1555 678 1603 autem
723 1546 906 1601 auxilii
941 1546 1164 1615 praebet,
1199 1562 1386 1602 verum
1414 1546 1612 1616 gratia,
1640 1561 1759 1615 quae
1800 1555 1854 1600 et
1886 1547 2064 1615 priora

499 1651 720 1708 peccata
751 1639 999 1700 remittit,
1031 1647 1087 1692 et
1111 1638 1368 1692 adversus
1400 1638 1579 1691 futttra
1611 1636 1802 1691 munit.

571 1727 733 1783 \‘sas.
786 1727 872 1791 15,
907 1727 993 1782 i6:
1049 1745 1069 1780 ι
1103 1728 1240 1792 Quid
1274 1728 1482 1799 igitur?
1514 1726 1880 1788 Peccabimus,
1931 1740 2070 1795 quo-

499 1821 643 1875 niam
693 1835 798 1875 non
841 1835 1028 1875 sumus
1080 1825 1180 1876 sub
1225 1821 1362 1889 lege,
1411 1823 1503 1875 sed
1553 1820 1650 1874 sub
1690 1819 1906 1888 gratia?
1956 1819 2066 1872 Ab-

497 1911 590 1967 sit.
622 1912 700 1966 Αιι
733 1912 957 1967 nescitis
1000 1913 1144 1980 quod
1170 1914 1254 1966 cui
1289 1911 1552 1966 exhibetis
1587 1927 1683 1966 vos
1709 1913 1853 1981 ipsos
1879 1927 2068 1968 servos

502 2006 569 2057 ad
603 2005 989 2069 obedientiam,
1026 2005 1165 2058 servi
1203 2004 1341 2059 estis
1388 2004 1475 2058 cui
1511 2003 1769 2066 obeditis,
1803 2005 1917 2060 sive
1953 2021 2078 2075 pec-

503 2097 606 2150 cati
661 2098 728 2151 ad
775 2106 1024 2164 mortem,
1057 2097 1172 2152 sive
1227 2096 1550 2151 obedientiae
1588 2095 1656 2150 ad
1708 2096 2019 2167 justitiam?
2053 2117 2070 2150 ι

510 2184 728 2255 Ubique
758 2188 1090 2258 ohjectiones
1121 2187 1231 2261 44
1261 2189 1355 2242 has
1387 2199 1668 2257 suspectas
1705 2189 1868 2243 habet
1901 2205 1917 2243 :
1954 2190 2078 2245 ideo

502 2291 558 2334 et
588 2281 837 2350 producit
868 2289 922 2336 et
975 2281 1160 2346 diluit,
1217 2283 1672 2352 quemadmodum
1709 2293 1763 2336 et
1809 2283 1948 2340 hanc
2011 2287 2076 2340 ad

507 2388 669 2442 quam
707 2373 1016 2440 respondet,
1053 2373 1257 2440 dicens,
1286 2393 1306 2426 ι
1349 2375 1523 2430 Absit.
1559 2393 1576 2426 ι
1612 2373 1816 2431 Deinde
1841 2377 2082 2432 ostendit

505 2463 646 2531 quod
695 2462 852 2519 facile
887 2465 1040 2520 nobis
1088 2464 1159 2520 sit
1203 2481 1308 2520 non
1354 2481 1606 2534 peccare.
1643 2467 1895 2538 Cogitate
1931 2469 2078 2524 enim

506 2555 646 2624 apud
682 2570 777 2609 vos
845 2563 1025 2610 utrum
1082 2557 1152 2611 sit
1203 2558 1537 2612 commodius
1591 2573 1787 2613 servos
1822 2575 1920 2615 vos
1960 2573 2082 2615 esse

509 2648 739 2713 peccati,
775 2655 953 2703 vestra
1011 2658 1202 2718 sponte
1235 2649 1307 2702 illi
1337 2651 1611 2718 subjectos
1640 2651 1780 2721 (hoc
1823 2653 1965 2706 enim
2000 2652 2082 2706 in-

507 2738 652 2792 dicat
683 2751 778 2806 per
807 2739 1029 2794 verbum
1063 2757 1082 2792 ι
1106 2739 1374 2794 Exhibete
1409 2741 1479 2805 ι),
1508 2751 1557 2796 et
1584 2741 1793 2796 lucrari
1828 2752 2078 2809 mortem,

518 2829 938 2897 homunullis
992 2845 1228 2899 unquam
1275 2832 1485 2887 saeculis
1539 2831 1831 2888 finiendum
1883 2835 2084 2905 suppli-

508 2919 650 2972 cium
685 2920 830 2989 (uam
873 2921 1064 2976 Adatni
1108 2933 1384 2993 peccatum
1448 2935 1676 2979 mortem
1727 2927 1934 2996 peperit
1964 2942 2084 2980 cor-

511 3011 783 3077 poralem,
840 3021 896 3066 et
946 3027 1067 3082 qua:
1125 3014 1443 3070 dissolvitur
1496 3033 1510 3070 :
1569 3028 1852 3086 peccatum
1903 3029 2081 3072 autem

510 3101 653 3169 quod
687 3118 828 3158 nunc
857 3113 959 3170 est,
995 3116 1212 3161 interna:
1245 3107 1422 3172 morti,
1457 3123 1630 3178 poena:
1656 3109 1908 3163 nimirum
1942 3125 2087 3164 sem-

2162 633 2338 705 ὑμῶν,
2371 634 2476 705 πρὸ
2517 633 2617 705 μὲν
2647 631 2748 703 τῆς
2773 631 2867 687 τοῦ
2894 630 3132 703 Χριστοῦ
3173 630 3499 701 παρουσίας,
3539 631 3749 684 εὐκατ-

2167 723 2468 793 αγώνιστον
2495 718 2563 795 ἦν
2591 725 2658 794 τῇ
2706 723 2976 794 ἁμαρτίᾳ.
3021 720 3157 775 Οὔτε
3182 721 3290 792 γὰρ
3316 718 3540 791 Πνεῦμα
3557 719 3752 791 παρῆν

2165 814 2228 868 τὸ
2268 815 2520 886 βοηθοῦν,
2555 813 2680 868 οὕτε
2712 813 3000 884 βάπτισμα
3028 813 3088 865 τὸ
3116 812 3387 882 νεκρῶσαι
3422 813 3750 880 δυνάμενον.

2165 907 2257 961 Διδ
2313 907 2406 961 καὶ
2450 909 2477 960 ό
2508 907 2673 977 νόμος
2731 905 3093 976 ὑπαγορεύων
3149 904 3219 958 τὰ
3267 904 3553 974 πρακτέα,
3590 903 3752 955 οὐδὲν

2165 999 2332 1070 ἤνυεν
2351 1015 2365 1028 '
2395 997 2642 1061 ἐλθόντος
2671 997 2726 1050 δὲ
2767 997 2860 1051 τοὺ
2892 996 3153 1068 Χριστοῦ,
3175 997 3240 1049 τά
3274 995 3633 1063 παλαίσματα
3655 994 3754 1046 εὑς

2167 1090 2447 1162 κολὼτερα
2480 1091 2671 1160 γέγονε
2697 1107 2711 1122 ·
2740 1090 2819 1144 διὸ
2871 1089 2966 1145 καὶ
3015 1089 3191 1160 μείζω
3239 1087 3306 1142 τά
3348 1086 3752 1156 ἀγωνίσματα,

2167 1184 2242 1248 ὡς
2271 1185 2516 1254 μείζονος
2553 1183 2808 1255 βοηθείας
2832 1183 3124 1252 δεδομένης
3152 1183 3304 1249 ἡμῖν.
3339 1181 3416 1233 (it)
3465 1181 3756 1247 κυριεύσει

2168 1273 2264 1327 οὖν
2296 1275 2328 1344 ἡ
2358 1275 2604 1346 ἁμαρτία
2633 1275 2812 1343 ἡμῶν,
2847 1275 2942 1324 ἐὰν
2983 1273 3059 1341 μὴ
3093 1272 3302 1340 σφόδρα
3345 1269 3574 1330 ἑαυτοὺς
3613 1269 3756 1321 ὑπο-

2174 1368 2618 1438 κατακλίνωμεν.
2661 1367 2737 1418 Οὑ
2767 1366 2877 1435 γάρ
2906 1365 3024 1418 ἐστι
3049 1363 3213 1433 νόμος
3243 1365 3270 1415 ὁ
3289 1360 3529 1416 κελεύων
3564 1361 3757 1431 μόνον,

2179 1459 2454 1530 μηδεμίαν
2486 1458 2542 1511 δὲ
2581 1457 2831 1528 βοήθειαν
2868 1456 3066 1519 διδοὺς,
3099 1452 3236 1509 ἀλλὰ
3286 1454 3467 1523 χάρις,
3496 1453 3530 1523 ἡ
3559 1451 3656 1505 καὶ
3691 1453 3763 1506 τὰ

2177 1550 2422 1620 πρότερα
2478 1549 2856 1618 ἁμαρτήματα
2889 1547 3140 1615 ἀφιεῖσα,
3175 1542 3440 1612 καὶπρὸς
3501 1541 3572 1594 τὰ
3625 1539 3763 1611 μέλ·

2172 1641 2335 1695 λοντα
2367 1639 2803 1710 ἀσφαλιζομένη.
2895 1633 2904 1636 ”

2249 1754 2269 1786 ‹
2298 1735 2363 1787 Τί
2386 1732 2479 1787 οὖν
2503 1750 2519 1799 ;
2564 1733 2980 1802 άμαρτήσομεν,
3014 1731 3099 1785 δτι
3120 1729 3226 1783 οὑκ
3247 1729 3412 1799 ἐσμὲν
3442 1727 3549 1781 ὑπὸ
3566 1727 3760 1796 νόμον,

2177 1825 2292 1877 ἀλλ’
2331 1825 2437 1878 ὑπὸ
2471 1825 2634 1896 χάριν
2655 1841 2674 1888 ;
2697 1824 2788 1892 Μὴ
2813 1822 3021 1890 γένοιτο
3045 1823 3057 1875 !
3092 1822 3206 1876 Οὑκ
3235 1820 3408 1874 οἴδατε
3441 1813 3591 1887 δτιῷ
3614 1836 3763 1889 παρ-

2177 1918 2424 1970 ιστάνετε
2461 1915 2686 1976 ἑαυτοὺς
2717 1914 2940 1977 δούλους
2978 1915 3058 1978 είς
3090 1911 3368 1982 ὑπακοὴν,
3397 1910 3578 1965 δοῦλοί
3634 1913 3764 1965 ἐστε

2181 2004 2224 2077 ᾧ
2255 2008 2580 2078 ὑπακούετει
2609 2008 2729 2078 ἦτοι
2757 2007 3032 2078 ἁμαρτίας
3054 2007 3134 2069 εἰς
3165 2005 3414 2070 θάνατον,
3446 2004 3479 2074 ἢ
3512 2002 3767 2070 ὑπακοῆς

2179 2102 2265 2166 εἰς
2286 2101 2672 2172 δικαιοσύνηνς
2708 2119 2728 2152 ι
2768 2099 3055 2170 Πανταχοῦ
3081 2098 3181 2161 τὰς
3214 2096 3522 2158 ἀντιθέσεις
3553 2095 3767 2158 ταύτας

2180 2190 2499 2256 ὑποπτεύει,
2522 2191 2612 2244 καὶ
2645 2189 2736 2243 διὰ
2778 2188 2938 2243 τοῦτο
2981 2187 3220 2257 παράγει
3253 2186 3349 2241 καὶ
3396 2185 3539 2248 λύει,
3567 2184 3765 2255 ὥσπερ

2180 2285 2276 2338 καὶ
2299 2283 2526 2354 ταύτην,
2558 2281 2760 2336 εἰπών·
2795 2300 2813 2333 t
2847 2280 2938 2350 Μὴ
2967 2279 3214 2348 γένοιτοῑ
3249 2297 3268 2332 ι
3296 2275 3431 2332 Εἶτα
3454 2277 3762 2341 δείκνυσιν,

2181 2378 2264 2430 ὅτι
2315 2373 2534 2428 εὔκολον
2599 2375 2732 2444 ἡμῖν
2790 2373 2852 2426 τὸ
2910 2373 2984 2442 μὴ
3037 2371 3397 2442 ἁμαρτάνειν.
3439 2369 3767 2438 Ἐννοήσατε

2181 2468 2290 2539 γάρ
2316 2469 2470 2519 ποῖον
2495 2467 2766 2537 κρεῖττον,
2799 2465 3022 2527 δούλους
3058 2458 3198 2517 εἶναι
3229 2460 3506 2533 ἁμαρτίας
3535 2461 3770 2522 ἑκόντας

2183 2557 2565 2629 ὑπαγομένους
2629 2556 2808 2626 ταύτῃ
2873 2553 3054 2626 (τοῦτο
3115 2555 3224 2623 γὰρ
3281 2551 3435 2620 δηλοί
3489 2550 3580 2603 διὰ
3631 2549 3769 2614 τοῦ,

2191 2668 2210 2700 ι
2240 2648 2646 2720 Παριστάνετε),
2679 2666 2697 2699 ι
2736 2647 2829 2700 καὶ
2871 2644 3171 2716 κερδαίνειν
3195 2641 3289 2697 τὸν
3323 2643 3573 2706 θάνατον,
3605 2657 3767 2694 τουτ-

2186 2743 2330 2808 έστι,
2386 2744 2486 2812 τὴν
2516 2740 2788 2794 ἀθάνατον
2809 2737 3031 2792 κόλασιν
3071 2736 3125 2807 (ἡ
3185 2735 3285 2804 μὲν
3314 2734 3421 2804 γὰρ
3455 2731 3550 2788 τοῦ
3591 2732 3770 2800 Ἀδὰμ

2189 2837 2459 2908 ἁμαρτία,
2499 2833 2730 2887 θάνατον
2771 2828 3085 2902 σωματικὸν
3117 2828 3211 2881 καὶ
3241 2827 3506 2897 λυόμενον
3538 2825 3732 2878 ἔτεκεν
3752 2839 3766 2853 ⁸

2185 2930 2301 2999 ἡδὲ
2357 2927 2451 2980 νῦν
2505 2924 2772 2997 ἁμαρτία,
2833 2922 3050 2992 θανάτῳ
3099 2920 3326 2989 αἰωνίῳ,
3386 2919 3452 2988 τῇ
3519 2915 3768 2977 κολάσει,

2188 3021 2355 3090 φημὶ,
2417 3019 2508 3071 τὸν
2558 3017 2847 3086 ἄνθρωπον
2907 3011 3318 3084 παραδίδωσιν),
3365 3010 3399 3080 ἢ
3463 3009 3770 3062 ὑπακούειν

2187 3112 2328 3182 Θεῷ,
2352 3112 2445 3164 καὶ
2467 3108 2816 3179 δικαιοσύνην
2847 3106 3174 3179 κερδαίνειν,
3220 3103 3314 3157 καὶ
3349 3102 3418 3156 τὰ
3443 3107 3509 3155 ὲκ
3559 3099 3772 3171 ταύτης

514 3196 736 3258 pitcrnm
774 3197 938 3249 tradit
995 3197 1309 3269 hominem)
1358 3215 1425 3252 an
1461 3201 1668 3254 servire
1703 3192 1832 3264 lico,
1868 3211 1921 3255 et
1965 3203 2080 3271 jus-
2112 3223 2154 3278 ε
2190 3203 2391 3274 ἀγαθά.

516 3286 687 3340 titiam
750 3287 962 3356 aliaque
999 3303 1068 3344 ex
1105 3289 1204 3344 hac
1253 3293 1627 3360 promanautia
1686 3294 1822 3348 bona
1861 3293 2082 3348 lucrari.

595 3373 752 3430 Vens.
789 3378 870 3431 l7.
907 3397 925 3430 ι
977 3378 1162 3434 Gratia
1197 3391 1376 3436 autem
1427 3382 1557 3437 Deo.
1608 3386 1862 3453 quoniam
1921 3387 2089 3442 eratis

517 3469 657 3522 ενι-τί
715 3470 946 3538 peccati,
989 3471 1252 3527 obedistis
1300 3483 1481 3528 autem
1533 3490 1596 3528 ex
1651 3475 1813 3529 corde
1863 3475 1916 3530 in
1966 3493 2086 3532 eam

517 3558 742 3614 formam
769 3561 1025 3618 doctrinae
1056 3562 1108 3618 in
1137 3577 1298 3632 quant
1335 3564 1514 3619 traditi
1546 3565 1699 3620 estis.
1725 3584 1743 3618 ι
1763 3596 1833 3608 -
1855 3587 1874 3620 ι
1902 3567 2087 3623 Gratia

517 3650 646 3704 Deo.
686 3669 704 3704 ι
737 3651 850 3706 Non
895 3655 1037 3708 enim
1103 3664 1223 3709 erat
1276 3655 1635 3712 humanarum
1697 3658 1890 3713 virium
1947 3661 2090 3730 quod

517 3757 616 3797 nos
637 3743 706 3797 ab
731 3744 836 3800 illis
858 3745 1014 3801 malis
1043 3745 1354 3811 liberamur,
1381 3749 1473 3803 sed
1493 3749 1654 3818 plane
1675 3750 1843 3805 divini
1863 3751 2047 3807 auxilii
2072 3769 2090 3807 :

519 3843 804 3903 propterea
849 3845 904 3892 et
956 3847 1140 3907 gratos
1186 3854 1284 3895 vos
1333 3854 1453 3894 esse
1495 3851 1728 3911 oportet.
1780 3842 1950 3898 Porro
1983 3861 2088 3900 non

520 3926 654 3980 estis
674 3927 868 3991 coacti,
897 3929 989 3981 sed
1020 3939 1211 3998 sponte
1238 3946 1300 3984 ex
1329 3931 1510 3986 animo
1545 3932 1826 3989 obedistis.
1857 3934 2094 3990 Proinde

524 4031 589 4069 ne
659 4018 1040 4072 retrocurratis
1097 4017 1166 4074 ad
1243 4019 1296 4075 id
1364 4022 1507 4090 quod
1579 4025 1817 4080 deterius
1891 4039 1998 4093 est,
2063 4046 2090 4083 a

522 4120 769 4173 quonon
812 4107 964 4162 inviti
995 4110 1302 4165 destilistis.
1340 4111 1645 4170 Monstrans
1696 4129 1898 4181 autem,
1950 4123 2092 4189 quod

522 4195 733 4250 etiamsi
761 4195 860 4265 ipsi
893 4203 1238 4265 accesserint,
1279 4211 1448 4258 totum
1485 4215 1660 4261 tamen
1696 4207 1874 4264 iSthuc
1897 4211 2094 4267 divina:

525 4289 714 4356 gratia:
757 4305 893 4360 opus
940 4294 1031 4357 sit,
1088 4295 1304 4365 adjecit,
1374 4316 1395 4352 ι
1440 4298 1646 4355 Traditi
1711 4304 1863 4369 estis,
1913 4323 1933 4358 ι
1991 4308 2093 4364 Ιιοο

524 4391 630 4445 est,
669 4395 696 4433 a
733 4381 840 4435 Deo
873 4384 922 4437 in
959 4400 1077 4440 eam
1113 4388 1372 4444 doctrinae
1406 4389 1635 4446 formam
1672 4396 1917 4464 perducti
1942 4398 2092 4455 estis.

526 4468 656 4532 Quze
708 4485 836 4526 vero
897 4476 1044 4531 istaec
1097 4476 1269 4532 forma
1329 4480 1592 4537 dcctrinaa
1642 4486 1769 4540 est?
1821 4485 1987 4546 Recte
2040 4500 2096 4545 et

528 4575 651 4613 Cum
681 4564 878 4632 optima
909 4571 1321 4628 conversatione
1346 4575 1508 4627 vitam
1538 4576 1759 4634 ducere.
2029 4639 2036 4641 ν,

601 4652 761 4711 Vens.
802 4658 888 4723 18,
919 4660 1004 4716 l9.
1029 4682 1047 4715 ι
1084 4663 1324 4719 Liberali
1362 4677 1544 4722 autem
1582 4685 1610 4722 a
1647 4683 1897 4740 peccato,
1952 4678 2095 4733 servi

529 4737 650 4836 facti
683 4751 813 4806 estis
842 4752 1082 4820 justitiw.
1113 4755 1416 4814 Humanum
1448 4737 1701 4829 quiddam
1729 4765 1851 4822 dico
1881 4737 2100 4839 propter

529 4841 897 4899 infirmitatem
934 4850 1118 4904 carnis
1146 4860 1363 4909 vestrae.
1397 4853 1550 4910 Sicut
1590 4857 1736 4912 enim
1775 4861 2098 4920 exhibttislis

531 4933 776 4990 membra
816 4949 996 4995 vestra
1045 4955 1203 4998 serva
1256 4945 1610 5004 immunditia:
1643 4961 1697 5006 et
1732 4952 2000 5023 iniquitati
2030 4957 2097 5011 ad

532 5028 892 5098 iniquitatem,
957 5035 1027 5088 ita
1074 5052 1214 5091 nunc
1278 5039 1530 5096 exhibete
1601 5050 1844 5101 membra
1900 5059 2097 5102 -ve8tra

526 5138 677 5176 serva
705 5122 930 5191 iustitia:
959 5128 1024 5181 ad
1049 5129 1555 5188 sanetilicationem.
1585 5152 1604 5186 ›
1648 5134 1762 5191 Ι)υο
1792 5137 1898 5193 ista
1932 5139 2099 5194 bene-

528 5217 648 5272 ticia
678 5234 706 5271 a
743 5219 850 5273 Deo
885 5220 1198 5289 accepistis,
1233 5229 1286 5276 et
1309 5226 1450 5291 quod
1478 5223 1687 5281 liberati
1716 5227 1848 5282 estis
1889 5244 1917 5282 a
1951 5237 2098 5285 tanta

529 5312 882 5378 turpitudine,
911 5321 965 5368 et
993 5314 1136 5384 quod
1172 5315 1312 5368 servi
1338 5314 1464 5370 facti
1497 5318 1625 5372 estis
1653 5318 1875 5386 justitim
1910 5337 1924 5374 :
1955 5321 2099 5388 quod

527 5418 741 5454 summo
777 5407 926 5462 vobis
959 5416 1042 5462 est
1073 5407 1286 5462 honori.
1319 5407 1452 5462 Cum
1486 5419 1663 5464 autem
1709 5411 1890 5467 dicere
1917 5413 2098 5481 vellet,

527 5492 588 5546 in
626 5503 880 5561 quantum
917 5501 1058 5555 servi
1112 5501 1290 5556 fuistis
1334 5503 1561 5572 peccati,
1610 5501 1662 5555 in
1713 5510 1922 5557 tantum
1958 5519 2102 5560 nunc

525 5583 789 5639 inservito
841 5587 981 5653 Deo,
1039 5602 1388 5650 antevertens
1451 5594 1571 5658 hoc,
1623 5612 1641 5644 ι
1697 5592 2025 5659 Humanum.
2077 5613 2095 5646 ³

2123 4560 2170 4618 D

2270 3401 2288 3436 ι
2327 3381 2501 3452 Χάρις
2534 3379 2590 3433 δὲ
2628 3377 2708 3448 τῷ
2734 3375 2878 3448 Θεῷ,
2909 3377 2992 3432 ὅτι
3016 3372 3115 3445 ἦτε
3142 3375 3327 3430 δοῦλοι
3346 3374 3445 3442 τῆς
3468 3373 3774 3452 ἁμαρτίας,

2193 3473 2544 3543 ὑπηκούσατε
2575 3471 2632 3524 δὲ
2662 3472 2726 3525 ὲκ
2756 3470 2986 3540 καρδίας
3019 3470 3099 3531 είς
3128 3467 3187 3522 ὃν
3226 3466 3562 3538 παρεδόθητε
3595 3465 3773 3519 τύπον

2190 3565 2428 3636 διδαχῆς.
2463 3584 2481 3615 ι
2503 3593 2570 3605 --
2597 3581 2618 3615 ι
2648 3564 2822 3631 Χάρις
2856 3561 2932 3632 τῷ
2953 3559 3124 3630 Θεῷ.ο
3153 3559 3266 3614 Οὑκ
3288 3556 3634 3628 ἀνθρωπίνης
3661 3554 3772 3626 γάρ

2196 3659 2403 3730 ἰσχύος,
2427 3658 2491 3712 τὸ
2517 3658 2560 3690 ³³
2590 3654 2975 3724 ἀπαλλαγῆναι
2998 3653 3145 3724 ἡμᾶς
3168 3651 3393 3704 ἐκείνων
3423 3651 3529 3701 τῶν
3557 3648 3770 3715 κακῶν,

2193 3753 2332 3808 ἀλλὰ
2363 3751 2518 3814 θείας
2543 3763 2557 3778 ·
2589 3749 2668 3803 διδ
2690 3747 2788 3802 καὶ
2849 3746 3198 3817 εὐχαριστεῖν
3229 3743 3329 3796 δεῖ.
3377 3743 3494 3796 Οὑκ
3523 3741 3772 3810 ἡναγκά-

2195 3847 2359 3918 σθητε
2389 3844 2470 3907 δὲ,
2504 3841 2620 3896 ἀλλ’
2650 3841 2870 3902 ἑκόντες
2900 3841 2958 3892 ἐν
2982 3837 3181 3908 καρδία
3207 3833 3581 3905 ὑπηκούσατε.
3606 3834 3776 3886 Ὥστε

2199 3935 2845 4010 μὴ’δπαλινδρομήσητε
2905 3931 2996 3984 ἐπὶ
3054 3930 3114 3983 τὸ
3178 3931 3392 3999 χεῖρον,
3436 3923 3496 3982 οὗ
3554 3927 3778 3989 ἑκόντες

2195 4031 2490 4098 ἀπέστητε.
2519 4026 2788 4082 Δεικνύων
2827 4024 2903 4086 δὲ,
2934 4024 3018 4078 ὅτι
3047 4023 3096 4076 sl
3136 4023 3226 4076 καὶ
3259 4021 3411 4075 αὑτοὶ
3439 4017 3773 4090 προσῆλθον,

2197 4123 2311 4177 ἀλλ’
2337 4125 2488 4190 ὅμως
2512 4120 2614 4188 τῆς
2633 4117 2728 4172 τοῦ
2756 4114 2893 4170 Θεοῦ
2920 4115 3144 4185 χάριτος
3183 4113 3244 4167 τὸ
3283 4114 3412 4176 πᾶν,
3460 4108 3778 4182 προσέθηκε

2195 4214 2276 4279 τὸ,
2307 4233 2325 4266 ι
2367 4211 2707 4286 Παρεδόθητε
2731 4226 2746 4241 ο
2782 4229 2800 4262 ι
2825 4209 3132 4270 τουτέστιν,
3176 4204 3314 4259 ’Υπδ
3365 4201 3502 4257 Θεοῦ
3552 4201 3775 4272 ὡδηγή-

2198 4309 2328 4381 θητε
2384 4308 2464 4370 είς
2523 4305 2614 4359 τὸν
2664 4303 2834 4358 τύπον
2871 4302 2970 4372 τῆς
3003 4298 3263 4371 διδαχῆς.
3299 4295 3395 4359 Τίς
3454 4294 3511 4348 δὲ
3555 4293 3778 4357 ὸτύπος

2197 4403 2295 4472 τῆς
2347 4399 2601 4472 διδαχῆς;
2655 4397 2729 4452 Τὸ
2765 4394 2942 4469 ὀρθῶς
2995 4392 3127 4466 ζῇν,
3179 4390 3273 4445 καὶ
3299 4386 3440 4461 μετὰ
3498 4384 3810 4452 πολιτεία(

2198 4495 2450 4567 ἀρίστης.

2277 4694 2296 4726 ί
2339 4668 2832 4743 Ἐλευθερωθέντες
2861 4666 2918 4721 δὲ
2947 4665 3056 4722 ἀπὸ
3071 4665 3170 4735 τῆς
3202 4662 3504 4734 ἁμαρτίας,
3539 4657 3775 4715 ἐδουλὼ-

2200 4766 2332 4836 θητε
2393 4765 2460 4835 τῇ
2518 4759 2859 4830 δικαιοσύνῃ.
2907 4755 3278 4828 ’Δνθρώπινον
3340 4752 3504 4819 λέγω,
3552 4751 3640 4805 διὰ
3678 4750 3778 4821 τὴν

2201 4857 2488 4915 ἀσθένειαν
2519 4855 2618 4922 τῆς
2645 4853 2851 4923 σαρκὸς
2895 4849 3068 4920 ὑμῶν.
3109 4849 3321 4918 Ὥσπερ
3358 4847 3468 4916 γὰρ
3501 4845 3780 4914 παρεστή-

2204 4968 2334 5008 σατε
2392 4948 2461 5003 τὰ
2497 4947 2633 5018 μέλη
2689 4943 2844 5014 ὑμῶν
2894 4941 3056 4995 δοῦλα
3088 4944 3154 5013 τῇ
3200 4939 3516 5009 ἀκαθαρσίᾳ
3563 4937 3659 4992 καὶ
3709 4939 3778 5007 τῇ

2199 5043 2401 5114 ἀνομίᾳ
2429 5041 2510 5103 είς
2541 5037 2636 5109 τὴν
2669 5036 2932 5106 ἀνομία-ι’
2961 5033 3106 5088 οὑτω
3144 5031 3239 5085 νῦν
3265 5031 3659 5102 παραστήσατε
3707 5031 3781 5083 τὰ

2204 5133 2344 5205 μέλη
2399 5129 2554 5201 ὑμῶν
2603 5125 2762 5179 δοῦλα
2810 5127 2876 5194 τῇ
2915 5121 3232 5192 δικαιοσύνῃ
3293 5121 3371 5182 είς
3423 5115 3718 5185 ἁγιασμόν.
3756 5132 3775 5166 ι

2200 5225 2306 5282 Δύο
2335 5223 2510 5278 ταῦτα
2532 5217 2934 5290 εὑηργετήθητε
2969 5214 3120 5285 παρὰ
3144 5211 3238 5266 τοῦ
3267 5212 3423 5274 Θεοῦ,
3442 5211 3504 5264 τό
3536 5227 3596 5262 τε
3625 5208 3780 5262 ἐλευ-

2203 5317 2507 5390 θεῳθῆναι
2564 5313 2664 5381 τῆς
2707 5308 2981 5378 τοσαύτης
3040 5305 3320 5377 αἰσχύνης.
3349 5303 3442 5357 καὶ
3481 5300 3540 5355 τὸ
3586 5299 3783 5354 δουλω-

2206 5409 2367 5479 θῆναι
2416 5409 2482 5477 τῇ
2541 5401 2887 5474 δικαιοσύνῃ·
2927 5399 3062 5468 ὅπερ
3097 5397 3217 5450 ἐστὶ
3269 5394 3430 5460 δόξης
3467 5391 3779 5447 ἀπολαῦσαι

2204 5499 2431 5570 πολλῆς.
2461 5495 2689 5551 Μέλλων
2711 5493 2766 5546 δὲ
2791 5495 2988 5554 εἰπεῖν,
3017 5491 3101 5543 ὅτι
3133 5490 3299 5542 Ὅσον
3346 5484 3707 5542 ἐδουλεύσατε
3736 5482 3779 5514 ³³

2199 5596 2266 5665 τῆ
2290 5587 2555 5662 ἁμαρτίᾳ.
2585 5585 2910 5641 δουλεύσατε
2931 5583 3010 5656 τῷ
3033 5581 3156 5654 Θεῷ
3173 5597 3188 5612 ο
3231 5579 3521 5652 προλαϐὼν
3567 5593 3737 5649 φησιν
3761 5587 3777 5606 °

1893 5739 2096 5802 Variae
2134 5737 2468 5803 lectiones.

606 5857 654 5889 ⁸³
687 5855 909 5912 τούτου.
991 5860 1032 5891 ⁸⁸
1059 5861 1191 5932 μηδὲ
1227 5881 1279 5918 ο.
1362 5865 1402 5896 ¹⁸
1433 5861 1765 5934 ἐδουλώθητε
1799 5881 1852 5920 o.
