4038 6586
239 405 355 469 δῙἿ

1108 401 1516 465 EXPOSITIO
1555 401 1635 462 IN
1668 400 1913 462 EPIST.
1945 401 2045 461 AD
2085 403 2268 465 “OM.
2299 425 2365 440 ··-
2391 402 2552 465 CAP.
2591 403 2720 466 VII.

3421 400 3524 465 418

245 533 269 568 ε
314 510 690 586 Ἀνθρώπινον
705 510 866 582 λέγω·
896 530 915 564 ι
935 511 1234 581 τουτέστιν,
1257 513 1508 578 Εύτελὲς,
1538 527 1844 586 μικροπρε-

1949 512 2143 582 inquit,
2176 529 2194 563 ι
2229 512 2372 578 dico,
2407 530 2426 566 ι
2461 513 2562 568 hoc
2589 522 2692 576 est,
2718 511 2972 584 exiguum
2999 511 3280 580 quiddam,
3301 511 3521 575 humite,

243 605 379 668 πὶς,
419 605 745 677 σύμμετρον
788 605 857 676 τῇ
883 604 1143 676 ἀσθενείᾳ
1198 605 1378 676 ὑμῶν.
1414 605 1566 660 Ἔδει
1600 605 1700 676 μὲν
1733 606 1845 676 γὰρ

242 695 671 750 πολλαπλάσιον
698 697 759 750 τὸ
791 697 990 767 μέτρον
1027 696 1129 766 τῆς
1153 696 1400 762 δουλείας
1430 697 1844 753 ἐπιδείκνυσθαι

249 787 333 858 τῷ
358 787 502 858 Θεῷ,
541 789 687 859 ἢπερ
715 788 762 823 ¹⁶
795 790 861 859 τῇ
909 788 1192 860 ἁμαρτίᾳ·
1219 790 1368 861 ὅμως
1388 790 1434 843 δ’
1467 786 1561 844 οὖν
1608 791 1698 844 διὰ
1741 789 1844 860 τὴν

245 877 543 931 ἀσθένειαν
599 877 703 932 κᾶν
729 877 790 932 τὸ
820 873 939 933 ῐσον
992 879 1365 947 είσενέγκατε.
1392 880 1536 952 Ὅρα
1591 880 1672 946 δὲ,
1717 879 1838 943 πῶς

248 969 638 1040 ἐναργέστατα
684 970 787 1041 τὴν
837 969 1242 1025 ὲθελοδουλείαν
1302 973 1460 1042 ἡμῶν
1522 973 1830 1042 ἐδήλωσεν,

248 1060 466 1114 είπὼνο
500 1078 520 1112 ι
547 1061 762 1132 ’Ὥσπερ
819 1061 928 1130 γὰρ
974 1063 1360 1134 παρεστήσατε
1405 1063 1475 1117 τὰ
1512 1064 1652 1136 μέλη
1687 1064 1844 1136 ὑμῶν

249 1153 448 1208 δοῦλα.
486 1173 506 1205 ι
543 1154 710 1208 Δύτοὶ
737 1154 864 1226 7&9,
899 1157 1086 1226 φησιν,
1134 1156 1364 1220 ἑαυτοὺς
1406 1157 1845 1229 αίχμαλωτίζον-

247 1262 369 1310 τες,
406 1245 759 1316 ὑποχειρίους
802 1248 1187 1317 παρεστήσατε
1214 1250 1279 1318 τῇ
1313 1247 1653 1321 ἀκαθαρσίᾳ,
1686 1265 1844 1302 τουτ-

261 1338 409 1401 έστι,
445 1338 684 1408 μοιχείᾳ,
727 1338 986 1410 πορνείᾳ,
1047 1340 1447 1410 ἀρῤητοποιία·
1484 1344 1577 1395 καὶ
1625 1340 1679 1394 τί
1713 1340 1846 1413 περὶ

253 1430 436 1500 μόνης
468 1430 816 1502 ἀκαθαρσίας
873 1431 1017 1500 λέγω
1038 1446 1054 1463 ο
1103 1433 1252 1505 πάσῃ
1304 1433 1522 1505 ἀνομίᾳ,
1547 1432 1848 1487 καθολικώ-

249 1538 424 1592 τερον
465 1523 638 1578 ποιῶν
668 1523 761 1577 τὸν
786 1522 968 1592 λόγον.
1000 1522 1074 1577 To
1096 1523 1174 1591 δὲ,
1205 1541 1224 1576 ι
1267 1522 1363 1587 Ei;
1398 1525 1500 1598 τὴν
1527 1527 1780 1596 ἀνομίαν,
1814 1545 1834 1579 ι

249 1615 406 1669 τοῦτ’
439 1615 610 1680 εστιν,
651 1617 734 1678 είς
766 1615 829 1669 τὸ
863 1615 1125 1670 ὲπιπλέον
1171 1617 1418 1687 ἀνομεῖν.
1461 1618 1536 1671 Oti
1581 1619 1692 1688 7&9
1739 1619 1843 1674 ὁπ-

251 1709 426 1780 ηνίκα
447 1709 572 1762 τινά
597 1707 874 1780 ἁμαρτίαν
892 1710 1208 1780 ἐποιήσατε,
1227 1708 1448 1764 ἴστασθε
1465 1710 1593 1781 ἄχρι
1611 1709 1836 1782 ταύτης,

250 1801 374 1856 ἀλλ’
403 1801 740 1873 ὑπέκκαυμα
763 1801 973 1874 ταύτην
1007 1801 1158 1873 ἔχετε
1193 1805 1274 1866 είς
1323 1802 1384 1856 τὸ
1405 1803 1497 1856 ἐπὶ
1527 1803 1689 1858 πλέον
1719 1805 1880 1874 ἀνθ-ς

1871 1863 1920 1924 Β

254 1898 409 1962 μεῖν.
456 1894 548 1964 Τῷ
581 1895 682 1965 ἴσῳ
740 1894 924 1949 τοίνυν
955 1895 1142 1967 μέτρῳ
1171 1897 1565 1967 παραστήσατε
1593 1895 1663 1951 τά
1704 1896 1844 1968 μέλη

251 1985 416 2055 ὑμῶν
445 1985 608 2039 δοῦλα
629 1988 694 2058 τῇ
727 1986 1044 2061 δικαιοσύνῃ
1075 1987 1122 2053 ⁸,
1177 1990 1446 2052 τουτέστι,
1479 1988 1629 2062 πάσῃ
1651 1990 1842 2060 ἀρετῇ,

248 2079 399 2132 ὥστε
434 2079 490 2132 ἐν
531 2078 854 2150 σωφροσύνῃ
883 2080 979 2134 καὶ
1029 2078 1290 2152 ἁγιασμῷ
1325 2079 1554 2149 διάγειν,
1588 2081 1710 2137 ἀντὶ
1741 2080 1844 2151 τῆς

254 2170 546 2242 προτέρας
577 2169 944 2242 ἀκαθαρσίας.

335 2456 356 2490 ι
391 2437 526 2491 ὐτε
554 2436 665 2508 7&9
699 2429 800 2507 ἦτε
845 2433 1024 2490 δοῦλοι
1069 2435 1170 2508 τῆς
1229 2435 1527 2508 ἁμαρτίας,
1567 2435 1848 2507 ἐλεύθεροι

249 2526 357 2603 ἦτε
387 2533 457 2602 τῇ
486 2529 826 2601 δικαιοσύνῃ.
852 2530 986 2583 Τίνα
1017 2527 1110 2582 οὖν
1145 2529 1358 2600 καρπὸν
1387 2530 1560 2599 εἷχετε
1588 2529 1731 2594 τότε,
1757 2529 1842 2598 ἐφ’

253 2617 340 2685 οἷς
367 2621 464 2676 νῦν
493 2620 930 2692 ὲπαισχύνεσθες
968 2620 1042 2673 Τὸ
1073 2619 1184 2690 γὰρ
1204 2620 1358 2684 τέλος
1387 2620 1634 2683 ἐκείνων,
1677 2619 1844 2676 θάνα-

252 2728 375 2777 τος.
414 2729 436 2764 ι
473 2711 603 2765 Ὅτε
657 2713 718 2764 ὲν
753 2710 927 2780 κακίᾳ
982 2709 1165 2780 ἐζῆτε,
1226 2713 1412 2780 φησιν,
1447 2710 1845 2780 ἀπολελυμένοι

252 2788 360 2878 ἦτε
391 2805 503 2858 ἀπὸ
526 2807 625 2875 τῆς
652 2801 1032 2874 δικαιοσύνης,
1071 2801 1147 2873 μὴ
1191 2802 1628 2872 ὑποτεταγμένοι
1682 2803 1843 2872 αὐτῇ,

257 2896 406 2967 μηδὲ
429 2894 674 2958 θέλοντες
699 2893 973 2966 δουλεύειν
997 2893 1134 2956 ὅλως
1181 2892 1343 2964 αὐτῇ,
1388 2891 1502 2946 ἀλλ’
1537 2891 1848 2962 ἐλευθεριά-

255 2989 448 3056 ζοντες
487 2988 596 3042 ἀπὸ
620 2987 846 3058 ταύτης.
884 2986 1102 3040 Οὐκοῦν
1146 2986 1241 3039 καὶ
1277 2986 1372 3039 νῦν
1409 2984 1753 3048 δουλεύοντες
1773 2987 1842 3056 τῇ

252 3077 601 3151 δικαιοσύνῃ,
637 3077 883 3150 μηδόλως
918 3076 1291 3131 ὑποτάσσεσθε
1311 3079 1378 3146 τῇ
1408 3077 1677 3148 ἁμαρτίᾳ.
1713 3079 1848 3137 Kartg

254 3190 342 3226 τοι
369 3173 424 3224 τί
445 3170 798 3242 ὲκαρποῦσθε
833 3171 942 3224 ἀπὸ
967 3170 1066 3240 τῆς
1097 3167 1480 3272 ἀκαθίαρσίαςις
1501 3169 1694 3232 Ούδὲν,
1721 3168 1841 3222 ἀλλ’
1865 3206 1914 3272 c

256 3261 295 3334 ἢ
345 3260 615 3332 αἰσχύνην
640 3277 654 3292 ⁸
688 3259 785 3335 καὶ
833 3260 890 3314 τί
925 3253 1390 3328 λέγω-αἰσχύνηνς
1430 3257 1691 3312 θάνατον’
1723 3277 1743 3312 ι
1771 3260 1845 3312 Τὸ

257 3356 372 3424 γάρ
395 3353 549 3418 τέλος
572 3354 818 3419 ἐκείνων,
873 3353 1140 3416 θάνατος·
1175 3369 1195 3403 ι
1230 3352 1328 3404 καὶ
1378 3351 1693 3421 σωματικδς
1745 3351 1846 3422 μὲν

259 3445 550 3508 πολλάκις,
583 3445 800 3506 πάντως
833 3443 888 3496 δὲ
909 3443 1164 3513 ψυχικάς.
1210 3442 1372 3494 Ἀλλά
1405 3441 1502 3495 τοῦ
1533 3442 1634 3513 μὲν
1674 3442 1846 3496 θανά-

258 3557 356 3595 του
386 3540 739 3612 ἀπηλλάγητε
767 3539 855 3592 διὰ
883 3540 980 3608 τῆς
1019 3537 1242 3608 χάριτος
1284 3537 1381 3590 τοῦ
1421 3536 1690 3608 Χριστοῦ·
1722 3539 1757 3610 ή
1787 3536 1846 3590 δὲ

258 3634 519 3704 αἰσχύνη,
566 3633 864 3704 ὲπωφελῶς
898 3633 980 3684 ἐτι
1027 3631 1497 3703 παραμένειονῦν
1543 3634 1654 3701 γὰρ
1691 3633 1847 3687 ἐπαι-

265 3727 531 3799 σχύνεσθε
563 3728 656 3780 ἐπὶ
693 3725 923 3789 τούτοις.

339 3839 361 3874 ε
399 3821 536 3874 Νυνὶ
558 3820 617 3874 δὲ
647 3819 1106 3889 ἐλευθερωθέντες
1125 3819 1235 3874 ἀπὸ
1265 3820 1366 3891 τῆς
1399 3819 1699 3891 ἁμαρτίας,
1724 3819 1848 3873 δου-

259 3914 716 3984 metusesth
768 3913 912 3985 Θεῷ,
946 3913 1101 3985 ἔχετε
1154 3913 1247 3968 τδν
1286 3913 1500 3986 καρπὸν
1546 3911 1702 3982 ὑμῶν
1760 3913 1843 3976 είς

262 4007 542 4077 ἁγιασμόν
565 4023 579 4038 ·
607 4009 670 4059 τὸ
697 4006 755 4060 δὲ
785 4005 958 4071 τέλος,
985 4005 1132 4074 ζωὴν
1175 4006 1417 4059 αίὼνιον.
1448 4004 1530 4058 Τά
1559 4004 1670 4075 γὰρ
1699 4003 1846 4072 ὀψώ-

263 4117 359 4154 νια
384 4101 479 4170 τῆς
507 4099 808 4170 ἁμαρτίας,
841 4099 1069 4160 θάνατος
1093 4113 1108 4128 ·
1137 4098 1196 4151 τὸ
1217 4097 1272 4150 δὲ
1295 4097 1542 4168 χάρισμα
1566 4094 1660 4148 τοῦ
1683 4091 1845 4160 Θεοῦ,

263 4190 384 4263 ζωὴ
411 4189 628 4253 αίώνιος
667 4192 725 4244 έν
773 4189 999 4261 Χριστῷ
1042 4186 1215 4260 Ἰησοῦ
1261 4187 1339 4257 τῷ
1386 4187 1576 4256 Κυρίῳ
1605 4183 1783 4255 ήμῶν.
1820 4201 1840 4236 ι

266 4281 392 4336 Τὼν
430 4281 528 4350 τῆς
561 4278 840 4352 ἁμαρτίας
877 4279 1056 4351 ἔργων
1096 4280 1125 4332 δ
1153 4278 1389 4348 καρπὸς,
1443 4274 1677 4347 αἰσχύνη
1700 4292 1715 4307 ο
1746 4275 1848 4346 τῆς

262 4369 613 4441 δικαιοσύνης
656 4372 686 4423 ὁ
734 4370 968 4442 καρπὸς,
1013 4368 1305 4439 ἁγιασμὸς,
1361 4368 1458 4422 καὶ
1510 4365 1845 4437 καθαρότης,

264 4465 369 4520 καὶ
406 4463 620 4532 ἀγνεία.
660 4462 734 4516 Τὸ
783 4461 938 4525 τέλος
992 4461 1242 4528 εκείνων,
1277 4460 1504 4524 θάνατος
1529 4474 1544 4489 ⁶
1580 4460 1643 4512 τὸ
1695 4457 1847 4522 τέλος

1947 601 2304 656 imbecillitati
2364 612 2558 656 vestra:
2603 615 2923 656 consonum.
2959 599 3254 672 Oportebat
3306 602 3524 673 quidem

1948 695 2119 749 multo
2169 693 2429 764 majorem
2491 709 2612 749 esse
2687 695 2971 749 servitutis
3025 709 3334 750 mensuram
3407 709 3528 764 quae

1948 787 2060 842 Deo
2090 795 2209 841 erat
2235 786 2563 851 exhibenda,
2601 800 2764 855 quam
2799 801 2918 855 qua:
2958 795 3181 851 peccato
3216 805 3230 840 :
3279 795 3519 841 attamen

1947 885 2169 948 propter
2223 877 2592 932 inﬁrmitatem
2664 887 2926 942 vestram,
2987 879 3247 946 aequalem
3325 881 3516 933 saltem

1945 971 2218 1026 exhibete.
2267 970 2650 1024 Animadverte
2683 980 2888 1034 autem,
2935 983 3098 1037 quam
3153 972 3517 1040 apertissime,

1948 1076 2045 1118 nec
2081 1077 2187 1116 non
2218 1077 2426 1116 summa
2459 1061 2844 1130 perspicuitate
2873 1060 3234 1114 voluntariam
3275 1073 3520 1117 nostram

1947 1155 2265 1210 servitutem
2300 1154 2574 1221 iudicarit,
2603 1154 2855 1224 inquiens
2881 1169 2900 1208 :
2936 1170 2955 1205 t
2996 1152 3147 1209 Sicut
3171 1156 3314 1210 enim
3353 1169 3524 1210 mem-

1946 1245 2041 1300 bra
2073 1255 2248 1301 vestra
2276 1245 2602 1301 exhibuistis
2631 1234 2814 1300 serva.
2855 1261 2874 1296 ι
2915 1244 3021 1313 Ipsi
3053 1246 3196 1299 enim
3233 1261 3328 1299 vos
3372 1247 3520 1315 ipsos

1947 1339 2303 1408 captivantes,
2355 1335 2668 1407 subjecistis
2721 1330 2818 1406 vos
2869 1336 3192 1406 impuritati,
3249 1338 3349 1391 hoc
3410 1347 3516 1404 est,

1948 1429 2234 1496 adulterio,
2275 1428 2642 1494 fornicationi,
2689 1444 2869 1484 rerum
2903 1428 3232 1484 nefariarum
3271 1432 3528 1500 patratio-

1947 1521 2002 1575 ni
2041 1539 2054 1575 :
2087 1531 2143 1576 et
2177 1522 2305 1590 quid
2347 1523 2412 1576 de
2461 1521 2576 1577 sola
2613 1523 2922 1591 impnritate
2956 1523 3120 1578 verba
3163 1521 3304 1577 facio
3327 1521 3352 1575 τ
3378 1522 3524 1576 omni

1948 1610 2125 1681 potius
2160 1611 2454 1681 iniquitati,
2487 1620 2543 1666 ut
2582 1612 2894 1669 universum
2923 1613 3123 1669 dicam.
3155 1613 3307 1681 Quod
3337 1624 3520 1669 autem

1947 1702 2027 1756 ait
2053 1719 2072 1754 ι
2108 1701 2187 1757 Ad
2217 1702 2582 1771 iniquitatem,
2638 1720 2658 1755 ι
2693 1703 2796 1759 hoc
2829 1713 2934 1768 est,
2973 1705 3039 1758 ad
3073 1704 3244 1774 legem
3296 1703 3524 1759 ulterius

1949 1793 2275 1849 violandam.
2299 1792 2432 1848 Nam
2459 1802 2580 1864 post
2604 1803 2872 1865 patratum
2902 1795 3117 1864 aliquod
3145 1810 3174 1848 a
3206 1794 3360 1849 vobis
3395 1809 3525 1865 pec-

1947 1895 2148 1951 catum,
2207 1886 2295 1940 hic
2342 1901 2448 1942 non
2499 1886 2910 1956 conquiescitis,
2951 1885 3058 1959 45
3095 1886 3188 1942 sed
3224 1890 3523 1958 augendum

1947 1977 2248 2045 iniquitatis
2303 1985 2500 2032 vestra:
2555 1979 2792 2043 modum,
2844 1979 2948 2033 hoc
3007 1981 3179 2048 ipsum
3241 1979 3392 2034 vobis
3444 1989 3527 2032 cst

1948 2068 2000 2121 in
2044 2068 2307 2122 fomitem.
2332 2065 2453 2121 Pari
2496 2069 2679 2138 itaque
2713 2085 2968 2123 mensura
3003 2069 3255 2124 exhibete
3283 2076 3524 2124 tnembra

1946 2171 2123 2214 vestra
2177 2173 2332 2213 terra
2386 2159 2630 2228 iustitiae,
2681 2161 2734 2214 id
2785 2171 2888 2227 est,
2936 2161 3083 2215 omni
3121 2161 3327 2226 virtuti,
3362 2171 3421 2216 ut
3469 2163 3522 2216 in

1950 2248 2307 2318 temperantia
2358 2259 2411 2304 et
2468 2251 2900 2307 sanctiﬁcatione
2945 2251 3110 2307 vitam
3165 2253 3375 2309 ducatis
3425 2268 3526 2324 pro

1945 2342 2110 2411 priori
2144 2343 2395 2411 impurita
2406 2354 2476 2397 te.
3099 2342 3115 2355 ’

2018 2431 2182 2490 Vens.
2209 2434 2409 2500 20,2l.
2440 2453 2458 2487 ι
2488 2434 2623 2489 Cum
2649 2436 2792 2490 enim
2824 2437 2967 2492 servi
2990 2439 3186 2494 essetis
3203 2439 3429 2509 peccati,
3459 2440 3524 2493 li-

1947 2525 2061 2580 beri
2093 2525 2272 2580 fuistis
2294 2527 2542 2594 justitiac.
2572 2527 2742 2593 Quem
2774 2529 2944 2599 igitur
2974 2528 3210 2585 fruemur
3244 2533 3524 2586 habebatis

1948 2627 2062 2672 tum
2097 2619 2150 2672 iu
2190 2619 2293 2672 illis
2355 2620 2406 2674 in
2438 2619 2635 2690 quibus
2671 2635 2815 2674 nunc
2839 2621 3195 2678 erubescitis?
3225 2623 3345 2680 ﬁnis
3378 2626 3522 2679 enim

1948 2709 2165 2764 illorum
2215 2725 2362 2763 mors
2391 2719 2495 2763 est.
2536 2727 2556 2760 ι
2595 2709 2829 2775 Quando
2859 2711 2913 2764 in
2949 2712 3094 2766 vitiis
3121 2723 3174 2767 et
3205 2714 3408 2768 malitia
3439 2718 3524 2768 vi-

1945 2802 2180 2870 vebatis,
2226 2802 2420 2871 inquit,
2473 2803 2640 2858 eratis
2686 2802 2845 2871 plane
2874 2819 2902 2856 a
2932 2803 3144 2874 justitia
3192 2807 3378 2870 soluti,
3414 2823 3523 2862 non

1946 2897 2174 2966 subjecti
2211 2895 2285 2964 ei,
2315 2910 2637 2953 recusantes
2667 2897 2772 2965 ipsi
2805 2899 3028 2953 omnino
3060 2901 3288 2970 servire,
3317 2902 3411 2957 sed
3458 2904 3526 2956 ab

1945 3007 2008 3048 ea
2041 2993 2095 3048 in
2127 2994 2430 3051 libertatem
2463 3011 2556 3050 vos
2605 2997 2976 3052 vindicantes.
3009 2994 3191 3062 Quare
3233 3011 3377 3050 nunc
3418 3011 3527 3049 scr-

1948 3089 2158 3144 vicntes
2184 3089 2432 3159 justitiar,
2466 3104 2570 3143 non
2603 3091 2825 3143 omnino
2851 3087 3218 3156 subjiciamiui
3259 3098 3508 3158 peccato.

1948 3182 2018 3235 At
2076 3182 2366 3250 veroquid
2403 3180 2611 3236 fructus
2666 3191 2721 3237 et
2779 3182 3051 3236 commodi
3096 3196 3159 3236 ex
3207 3182 3528 3250 impuritate

1948 3273 2247 3330 habuistis?
2277 3273 2446 3339 Nihil,
2491 3284 2686 3344 prreter
2717 3275 3089 3346 ignominiam,
3141 3283 3197 3328 et
3240 3273 3368 3344 quid
3404 3274 3525 3328 dicu

1948 3366 2340 3436 ignominiam?
2366 3375 2592 3421 mortem
2626 3384 2639 3420 :
2675 3385 2693 3418 ι
2726 3367 2850 3420 linis
2873 3367 3015 3422 cnim
3039 3365 3255 3420 illorum
3291 3380 3466 3433 mors;
3501 3383 3522 3417 ι

1948 3461 2192 3530 corporis
2224 3460 2443 3528 quidem
2469 3473 2864 3529 sa-penutnero,
2894 3459 3091 3514 animae
3117 3473 3244 3514 vero
3275 3459 3525 3514 omnino.

1950 3552 2147 3608 Verum
2179 3568 2207 3606 a
2243 3562 2416 3606 morte
2450 3551 2667 3606 liberati
2724 3553 2856 3607 estis
2895 3567 2991 3621 per
3027 3553 3258 3621 gratiam
3295 3551 3525 3615 Christi,

1946 3644 2122 3714 pudor
2167 3658 2294 3698 vero
2327 3645 2506 3698 adhuc
2554 3643 2837 3698 commode
2869 3659 3001 3699 sane
3050 3651 3298 3697 remanet
3333 3658 3348 3696 :
3382 3657 3526 3697 nunc

1947 3733 2092 3789 enim
2125 3733 2290 3802 pudet
2321 3747 2414 3785 vos
2446 3735 2674 3786 istorum
2707 3731 2994 3786 scelerum.

2021 3824 2185 3880 Vsus.
2205 3824 2407 3888 22,25.
2440 3841 2460 3875 ι
2497 3822 2650 3879 Nunc
2669 3837 2800 3878 vero
2818 3822 3032 3878 liberati
3061 3837 3089 3875 a
3114 3830 3359 3892 peccato,
3384 3821 3523 3876 servi

1950 3925 2128 3971 autem
2159 3915 2286 3970 facti
2332 3915 2463 3982 Deo,
2499 3914 2706 3970 habetis
2733 3913 2968 3968 fructum
3001 3922 3244 3969 vestrum
3274 3913 3328 3967 in
3359 3928 3525 3968 sanc-

1951 4008 2328 4074 tiﬁcatiouem,
2385 4007 2543 4062 linem
2592 4020 2726 4062 vero
2769 4007 2936 4060 vitam
2987 4014 3271 4060 aeternam.
3309 4004 3524 4075 Stipen-

1950 4102 2098 4155 dium
2122 4101 2263 4154 euim
2301 4100 2531 4171 peccati,
2565 4113 2712 4154 mors
2745 4114 2760 4152 :
2803 4099 3004 4153 donum
3038 4107 3216 4152 autem
3250 4095 3382 4163 Dei,
3418 4097 3525 4151 vita

1948 4207 2148 4249 aeterna
2187 4194 2238 4248 in
2285 4193 2503 4248 Christo
2530 4191 2656 4248 Jesu
2693 4191 2922 4246 Domino
2969 4198 3174 4246 nostro.
3218 4207 3237 4242 ι
3283 4191 3519 4260 Operuut

1949 4285 2159 4356 peccati
2208 4284 2420 4338 fructus
2445 4294 2527 4338 est
2554 4283 2727 4354 pudor
2760 4299 2774 4336 :
2801 4282 3023 4352 justitite
3075 4281 3286 4336 fructus
3317 4283 3520 4334 sancti-

1950 4377 2154 4440 lieatio,
2185 4385 2242 4430 et
2273 4375 2506 4446 paritas,
2537 4385 2593 4430 et
2615 4373 2860 4428 castitas.
2889 4369 3041 4427 Finis
3062 4370 3300 4436 illorum,
3331 4384 3522 4438 mors;

1953 4470 2077 4525 linis
2126 4469 2287 4539 hujus
2325 4468 2432 4524 vita
2477 4476 2704 4522 aeterna.
2738 4483 2758 4519 ι
2796 4464 3075 4536 Stipendia
3108 4465 3263 4520 enim.
3289 4467 3525 4538 peccati,

265 4555 500 4630 ταύτης,
529 4555 644 4629 ξυνὴ
675 4555 914 4620 αἰώνιος.
940 4574 960 4609 ε
999 4555 1080 4622 Τᾲ
1105 4554 1217 4628 γὰρ
1258 4553 1465 4625 ὀψώνια
1523 4553 1626 4624 τῆς
1665 4553 1842 4623 ἀμαρο

1957 4578 2126 4618 mors.
2161 4580 2192 4614 .t
2230 4560 2570 4626 Stipendium
2619 4560 2816 4614 dicitur
2847 4558 3111 4612 cibarium
3145 4557 3408 4611 militibus
3455 4558 3524 4611 ab

265 4652 414 4716 τίας,
449 4650 700 4713 θάνατος.
734 4669 753 4703 ι
793 4648 1056 4718 Ὀψῶνιον
1084 4648 1332 4718 λέγεται,
1355 4647 1417 4702 τὸ
1445 4648 1560 4710 τοῐς
1577 4644 1847 4718 στρατιῶ·

264 4759 390 4806 ταις
415 4743 568 4815 παρά
596 4741 690 4796 τοῦ
723 4741 991 4812 βασιλέως
1030 4740 1308 4812 διδόμενον
1357 4739 1690 4811 σιτηρέσιον.
1735 4739 1848 4792 Καὶ

267 4837 402 4905 ὑμῖν
469 4835 561 4889 οὖν
615 4833 955 4888 δουλεύουσιν
1003 4834 1214 4899 ἐδίδου,
1270 4831 1458 4904 φησὶν,
1508 4833 1544 4903 ἡ
1597 4829 1845 4902 ἁμαρτία

267 4923 504 4992 ὀψώνιον
536 4924 629 4978 καὶ
654 4923 1010 4996 ἀντιμισθίαν
1038 4925 1139 4994 τῆς
1185 4923 1454 4987 δουλείας,
1479 4921 1570 4976 τὸν
1593 4922 1843 4978 θάνατον.

275 5034 294 5067 ι
336 5016 410 5068 Τὸ
452 5015 507 5068 δὲ
547 5018 795 5087 χάρισμα
838 5015 933 5068 τοῦ
979 5015 1136 5068 Θεοῦ.
1170 5032 1192 5066 ι
1223 5014 1338 5069 Οὐκ
1377 5010 1554 5080 εἶπεν,
1601 5013 1667 5066 Ἦ
1700 5014 1849 5067 ἀντι-

270 5106 469 5177 μισθία
497 5108 530 5177 ἡ
560 5108 712 5180 παρά
738 5107 833 5161 τού
861 5108 1016 5174 Θεοῦ,
1046 5107 1203 5173 ἀλλά,
1236 5125 1255 5158 ι
1287 5107 1361 5160 Τὸ
1413 5108 1678 5178 χάρισμα.
1711 5125 1731 5159 ι
1772 5105 1846 5159 Ού

266 5200 382 5271 γάρ
405 5199 638 5269 ἀμοιῶςν
676 5199 773 5254 καὶ
793 5199 1062 5254 ἀντίδοσιν
1093 5198 1272 5251 πόνων
1315 5197 1560 5260 ὲλάδετε,
1589 5195 1724 5249 ἀλλά
1752 5194 1850 5266 χά-

269 5306 384 5362 ριτι
411 5289 589 5343 ταῦτα
620 5292 796 5344 πάντα
824 5291 866 5321 ¹⁹
893 5290 1110 5357 ἐγένετο
1127 5291 1185 5342 ὲν
1213 5286 1433 5359 Χριστῷ
1469 5285 1844 5354 Ἰησοῦ“;αύτὸς

265 5389 381 5456 γὰρ
412 5381 585 5438 ταῦτα
623 5383 890 5453 ἐνήργησε
901 5401 950 5436 ν.

883 5496 1133 5551 ΚΕΦΛΛ.
1169 5497 1244 5548 Ζ’.

347 5632 369 5667 ε
405 5613 477 5666 Ἦ
531 5615 800 5681 ἀγνοεῖτε,
876 5612 1095 5681 ἀδελφοὶ
1141 5608 1492 5680 (γινώσκουσι
1542 5607 1650 5678 γὰρ
1685 5605 1848 5676 νόμον

1958 4655 2286 4725 imperatore
2333 4653 2540 4706 datum.
2595 4649 2761 4704 Vobis
2812 4648 2980 4718 igitur
3019 4648 3121 4702 sibi
3157 4648 3525 4703 servientibus

1954 4757 2235 4817 peccatum
2269 4744 2658 4815 elargiebatur,
2713 4741 2908 4810 inquit,
2959 4740 3286 4809 stipendium
3322 4750 3376 4793 et
3407 4755 3524 4793 scr-

1956 4839 2142 4895 vitutis
2169 4840 2493 4902 mercedem,
2536 4845 2787 4890 mortem.
2829 4851 2849 4886 ι
2887 4831 3095 4887 Donum
3137 4843 3313 4887 autem
3344 4829 3458 4884 ῡυί.
3497 4849 3516 4882 ι

1948 4930 2062 4984 Non
2087 4927 2472 4996 dixit,zMerces
2485 4927 2702 4998 quaazest
2726 4943 2754 4979 a
2779 4922 2910 4994 Deo,
2935 4925 3028 4980 sed
3061 4943 3080 4977 ι
3110 4923 3338 4980 Donum.
3368 4941 3384 4973 ι
3408 4920 3523 4975 Non

1947 5025 2090 5080 enim
2139 5021 2552 5077 retributionem
2607 5032 2664 5076 et
2718 5017 3217 5074 remunerationem
3276 5015 3522 5070 laborum

1950 5129 2252 5173 vestrorum
2283 5114 2593 5185 accepistis,
2620 5112 2714 5167 sed
2740 5127 2804 5167 ex
2839 5111 3010 5184 gratia
3047 5109 3164 5164 haec
3189 5106 3368 5162 omnia
3397 5121 3506 5159 ron.

1962 5211 2200 5278 tigerunt
2249 5208 2301 5263 itt
2340 5207 2557 5263 Christo
2597 5203 2768 5260 Jesu:
2807 5203 2926 5274 ipse
2952 5203 3096 5257 enim
3142 5202 3266 5256 hazc'
3287 5206 3370 5254 est
3398 5209 3521 5266 ope-

1956 5309 2123 5355 ratus.

2547 5495 2776 5553 CAPUT
2816 5495 2923 5550 γη.

2029 5603 2192 5662 Vens.
2237 5607 2347 5662 1-3.
2407 5627 2424 5660 ι
2466 5608 2545 5662 Au
2617 5608 2899 5676 ignoratis,
2942 5605 3139 5659 fratres
3188 5602 3526 5674 (scientibus

1624 5726 1821 5788 Variae
1845 5724 2182 5789 lectiones.

343 5834 386 5868 "
415 5836 553 5907 ὅπερ
578 5850 633 5890 ο.
716 5835 756 5866 ¹⁷
797 5833 998 5904 μᾶλλον
1030 5848 1084 5888 o.
1166 5832 1207 5864 ⁸³
1237 5828 1514 5901 ἁγιωσύνῃ
1545 5843 1600 5883 ο.

1679 5828 1720 5858 ¹⁹
1755 5828 1927 5883 πάντα
1961 5845 2030 5884 tu.
