4038 6604
289 416 412 486 ’ίεέί

1131 417 1532 479 mmsmo
1565 416 1647 476 1N
1683 417 1918 480 EPIST.
1958 420 2056 479 AD
2098 416 2280 480 non.
2312 445 2374 456 ——
2403 421 2560 480 CAP.
2597 402 2732 484 im.

3458 424 3567 487 422

312 532 460 603 δώσῃ
489 527 674 600 χώραν
691 530 1075 600 κατηγορῆσαι
1102 535 1196 601 τῆς
1229 531 1457 598 σαρκός.
1508 529 1570 582 'H
1600 529 1709 600 γὰρ
1743 529 1890 601 ψυχή
1924 587 1925 590 η

2009 530 2153 585 iuret
2202 532 2536 586 accusationi
2591 533 2792 586 carnis.
2846 532 3042 588 Anima
3083 531 3228 588 enim
3282 543 3364 588 est
3404 533 3576 589 instar

312 626 463 676 ἐστιν
493 617 607 676 οἷόν
636 638 720 684 τις
751 621 1098 694 κιθαριστὴς,
1130 623 1206 682 τὰ
1238 621 1294 676 δὲ
1328 621 1465 692 μέλη
1497 621 1737 690 κιθάρα..
1777 623 1890 673 Ka-

311 715 425 778 κῶς
455 713 549 768 οὖν
588 713 884 784 κρούοντος
933 715 1029 774 τοῦ
1084 713 1430 784 κιθαριστοῦ,
1461 713 1652 776 κακῶς
1704 715 1827 783 ἠχεῖ
1859 716 1890 784 ὴ

1994 621 2307 687 citharoedi,
2352 623 2594 678 membra
2617 638 2758 678 vero
2799 635 2858 680 ut
2887 627 3122 681 clthara.
3162 623 3298 681 Male
3341 641 3576 696 namque

1995 720 2047 765 cl
2078 709 2258 778 inepte
2288 711 2536 780 pulsante
2561 714 2883 779 citliartedo,
2919 717 3059 771 male
3107 726 3328 772 resonat
3361 733 3577 788 quoque

309 797 538 878 κιθάρα.
583 807 726 859 Ὑπὸ
754 805 849 859 τὸν
897 807 1063 876 νόμον
1107 807 1292 863 τοίνυν
1323 805 1500 870 ὄντες,
1535 805 1726 875 ἐπειδὴ
1749 806 1796 837 ³³
1825 805 1894 859 τὰ

2009 799 2228 856 cithara.
2249 802 2382 856 Cum
2409 803 2592 871 itaque
2614 805 2718 859 sub
2740 805 2855 876 lege
2880 822 3145 873 essemus,
3171 825 3270 866 nec
3299 817 3591 880 possemus

310 898 462 970 πάθη
515 899 617 952 οὐκ
658 897 976 969 ἐδυνάμεθα
1007 901 1228 967 φυγεῖν,
1273 897 1738 968 ἐτεκνογονοῦμεν
1793 898 1895 961 τὰς

311 993 561 1062 πονηρὰς
585 990 814 1060 πράξεις
840 989 918 1062 τῷ
943 988 1182 1061 θανάτῳ.

391 1103 412 1136 ι
446 1084 586 1136 Νυνὶ
609 1084 666 1138 δὲ
701 1081 1140 1154 κατηργήθημεν
1161 1081 1272 1143 ἀπὸ
1321 1083 1418 1136 τοῦ
1450 1081 1642 1151 νόμου,
1689 1081 1898 1136 ἀποθαο

311 1176 500 1238 νόντες
549 1168 676 1242 ὲνῷ
713 1174 1107 1244 κατειχόμεθα,
1156 1172 1302 1230 ὥστε
1348 1173 1625 1230 δουλεύειν
1657 1175 1805 1245 ἡμᾶς
1839 1177 1898 1228 ὲν

311 1269 602 1338 καινότητι
634 1262 974 1336 Πνεύματος,
1008 1267 1103 1322 καὶ
1149 1267 1211 1320 οὐ
1258 1265 1586 1334 παλαιότητι
1637 1267 1902 1336 γράμμαι

310 1377 429 1423 τος.
470 1380 489 1410 ι
527 1360 642 1413 Οὐκ
669 1356 846 1424 εἶπεν,
885 1359 967 1413 ὅτι
1019 1358 1362 1430 Κατηρνγήϐη
1423 1360 1452 1412 ὁ
1479 1359 1665 1427 νόμος,
1702 1358 1790 1410 ἵνα
1823 1357 1900 1428 μὴ

311 1450 498 1521 πλήξῃ
550 1452 673 1514 τοὺς
718 1450 1044 1514 Ἰουδαίους,
1103 1450 1240 1504 ἀλλὰ
1271 1489 1287 1514 ,
1331 1468 1349 1500 ι
1394 1448 1842 1520 Κατηργήθημεν
1873 1466 1892 1501 ι

311 1545 483 1616 ἡμεῖς
528 1562 546 1598 t
589 1543 698 1598 ἀπὸ
744 1544 840 1596 τοῦ
888 1544 1053 1622 νόμου
1083 1559 1098 1574 ο
1133 1562 1152 1593 ι
1183 1545 1212 1597 ὅ
1240 1545 1421 1609 ἐστιν,
1486 1541 1860 1612 ’Δπελύθημεν
1883 1580 1900 1605 ,

309 1636 798 1708 ἠλευθερώθημεν,
821 1634 1206 1701 ἀποθανόντες,
1237 1637 1333 1689 καὶ
1387 1636 1593 1707 νεκροὶ,
1647 1634 1745 1689 καὶ
1772 1634 1896 1688 ἀκί-

309 1742 476 1796 νητοι
514 1727 795 1796 γενόμενοι
827 1726 964 1798 πρὸς
995 1728 1172 1780 ἐκεῖνο
1211 1727 1272 1779 τὸ
1300 1729 1536 1800 πρᾶγμα
1562 1731 1620 1782 ἰν
1715 1746 1901 1782 κατει-

1996 893 2229 947 affectus
2283 893 2550 962 effugere,
2585 903 3110 968 progenerabamus
3177 918 3340 973 prava
3410 917 3584 974 opera

1998 997 2136 1040 mort
2147 1002 2184 1040 Ι.

2075 1078 2240 1134 Vsus.
2292 1079 2348 1136 6.
2403 1099 2422 1132 ι
2474 1078 2630 1136 Nunc
2662 1090 2845 1136 autem
2890 1082 3048 1138 soluti
3099 1100 3284 1142 sumus
3341 1104 3370 1142 a
3432 1088 3587 1160 lege,

2003 1175 2208 1229 mortui
2239 1175 2310 1241 ei,
2351 1175 2402 1229 in
2448 1191 2554 1246 qua
2592 1175 2996 1242 detinebamur,
3049 1187 3107 1232 ιιι
3144 1181 3442 1235 serviamus
3483 1197 3593 1238 nos.

2001 1265 2056 1318 in
2085 1267 2326 1321 novitate
2355 1266 2614 1336 Spiritus,
2645 1277 2698 1322 et
2745 1282 2855 1322 non
2887 1268 2941 1322 in
2999 1277 3270 1325 vetustate
3299 1272 3512 1328 litterae.
3554 1292 3574 1324 ι

2001 1357 2119 1412 Non
2167 1358 2308 1412 dixit
2359 1358 2592 1414 solutam
2639 1374 2764 1414 esse
2797 1359 2992 1430 legem,
3040 1376 3108 1415 ne
3157 1360 3456 1417 offenderet
3485 1361 3582 1418 Ju-

2003 1451 2180 1518 dzcos;
2227 1451 2324 1505 sed
2365 1468 2384 1503 t
2421 1451 2530 1507 Nos
2561 1452 2725 1507 soluti
2765 1468 2955 1508 sumus
2999 1469 3029 1508 a
3059 1453 3193 1524 lege,
3253 1471 3273 1506 ι
3307 1455 3448 1524 quod
3478 1467 3583 1520 est.

2001 1543 2234 1597 absoluti
2279 1542 2388 1614 47
2420 1558 2629 1608 sumus,
2679 1544 2894 1599 liberati
2953 1560 3164 1612 sumus,
3202 1543 3440 1600 defuncti
3475 1549 3583 1601 vita

2004 1642 2058 1689 et
2088 1634 2313 1700 mortui,
2353 1645 2408 1690 et
2441 1636 2746 1692 immobiles
2789 1635 2921 1692 facti
2961 1639 3026 1693 ad
3069 1639 3212 1693 illam
3253 1649 3364 1693 rem
3397 1639 3446 1693 in
3479 1655 3582 1710 qua

2004 1727 2404 1781 detinebantur.
2442 1728 2516 1782 Ea
2557 1743 2686 1783 vero
2720 1744 2806 1784 res
2843 1741 3123 1800 peccatum
3157 1741 3274 1786 erat
3305 1751 3319 1788 :
3364 1733 3414 1785 in
3454 1731 3575 1802 ipso

309 1818 550 1890 χόμεθα.
575 1819 713 1890 ὅπερ
735 1814 802 1890 ἦν
829 1821 860 1890 ἡ
890 1819 1137 1889 ἁμαρτία
1157 1835 1172 1850 ο
1206 1821 1266 1875 ἐν
1311 1822 1449 1891 αὐτῇ
1480 1823 1588 1893 γὰρ
1639 1817 1750 1875 οἷόν
1795 1839 1899 1876 τινι

2009 1821 2155 1873 enim
2199 1819 2369 1874 veluti
2408 1821 2626 1875 vinculo
2677 1822 2908 1891 quodam
2947 1825 3342 1878 detinebantur.
3387 1823 3583 1880 Mortui

309 1911 502 1983 δεσμῷ
542 1913 936 1984 κατειχόμεθα.
977 1914 1354 1985 Ἀπεθάνομεν
1386 1914 1446 1968 δὲ
1491 1917 1628 1986 πρὸς
1668 1915 1897 1987 ταύτην,

311 2005 408 2070 ἵνα
464 2004 865 2076 δουλεύσωμεν,
903 2006 982 2077 τῷ
1026 2005 1146 2077 Θεῷ
1197 2006 1420 2080 δηλαδὴ,
1461 2027 1480 2062 ι
1523 2010 1582 2062 ὲν
1618 2010 1901 2080 καινότητι

313 2097 656 2168 πνεύματος,
691 2098 788 2152 καὶ
819 2098 882 2152 οὐ
920 2099 1244 2172 παλαιότητι
1273 2102 1625 2172 γράμματος.
1663 2120 1681 2153 ι
1723 2104 1900 2157 Πάλαι

317 2190 421 2260 μὲν
443 2191 554 2260 γὰρ
585 2189 1030 2260 δυσκατόρθωτος
1072 2187 1140 2266 ᾖν
1169 2193 1204 2261 η
1233 2194 1430 2266 ἀρετὴ,
1456 2192 1552 2247 ἅτε
1593 2195 1687 2247 τοῦ
1729 2195 1904 2266 Ἀδὰμ

316 2283 378 2335 ὲν
435 2281 515 2352 τῷ
569 2281 750 2354 Θνητῷ
809 2283 1024 2354 σώματι
1069 2284 1242 2340 πολλὰ
1291 2285 1654 2355 ἐλαττώματα
1698 2288 1904 2356 φυσικὰ

317 2372 726 2444 ἀναδεξαμένου
751 2389 765 2404 ο
804 2374 900 2427 νῦν
942 2374 999 2428 δὲ
1038 2376 1222 2449 χάριτι
1276 2375 1514 2446 Χριστοῦ
1566 2379 1630 2431 ὲν
1690 2379 1767 2448 τῷ
1803 2378 1902 2448 βα-

318 2464 612 2534 πτίσματι,
642 2466 676 2535 ἡ
710 2466 874 2536 φύσις
896 2466 1055 2537 ἡμῶν
1086 2467 1470 2537 ἐνεδυναμώθη
1491 2469 1578 2522 διὰ
1609 2469 1701 2522 τοῦ
1733 2470 1904 2523 Πνεὺ-

321 2575 518 2628 μιιτος,
543 2557 638 2610 τοῦ
665 2561 890 2624 καινοὺς
923 2559 1016 2612 καὶ
1046 2560 1203 2623 νέους
1242 2562 1389 2630 ἡμᾶς
1438 2563 1782 2633 ποιήσαντος,
1812 2562 1906 2615 καὶ

317 2650 741 2716 ἀπαλλάξαντος
801 2652 903 2722 τῆς
942 2651 1310 2723 παλαιότητος
1341 2655 1438 2708 καὶ
1467 2653 1754 2718 ἀσθενείας
1807 2654 1905 2708 τοῦ

320 2743 675 2814 γράμματος.
715 2744 817 2797 Διὰ
843 2743 1002 2798 τοῦτο
1032 2749 1127 2798 καὶ
1158 2748 1216 2798 ἐν
1237 2746 1315 2816 τῷ
1361 2747 1510 2817 νόμῳ
1549 2747 1646 2817 μὲν
1674 2747 1905 2801 σπάνιον

321 2831 389 2910 ἦν
413 2837 446 2904 ἡ
481 2835 778 2908 παροινία,
799 2836 898 2891 νῦν
922 2835 980 2893 δὲ
1011 2837 1070 2891 ἐν
1094 2838 1160 2908 τῇ
1197 2836 1498 2908 Ἐκκλησία
1526 2837 1765 2908 χιλιάδες
1792 2837 1905 2890 τῶν

324 2930 382 2980 ἰν
422 2929 601 3001 ταύτῃ
635 2929 685 2961 ⁸⁵
725 2927 1063 2986 εὐθυνόντων
1087 2943 1101 2957 ⁸
1137 2929 1233 2984 καὶ
1287 2931 1346 2983 ὲν
1401 2931 1467 3000 τῇ
1522 2928 1617 2990 τοῦ
1673 2931 1905 2984 θανάτου

328 3022 738 3092 καταφρονήσει
768 3020 830 3075 τὸ
853 3022 1061 3092 ὅμοιον.

403 3132 424 3164 ι
459 3114 526 3167 Τί
556 3109 650 3168 οὖν
679 3114 945 3184 ἑροῦμενς
977 3113 1102 3168 Ὅτι
1133 3115 1161 3168 ό
1190 3112 1354 3183 νόμος
1386 3112 1662 3184 ἁμαρτίας
1696 3113 1788 3184 Μὴ
1815 3112 1909 3182 γέ-

2002 1924 2180 1966 antem
2211 1929 2400 1969 sumus
2426 1928 2552 1984 erga
2584 1915 2746 1981 istud,
2779 1933 2797 1968 t
2841 1916 2911 1972 Ut
2944 1919 3271 1982 serviamus,
3317 1941 3334 1970 ι
3391 1933 3587 1988 nempe

2006 2006 2135 2070 Deo,
2209 2024 2229 2058 ι
2274 2007 2325 2060 in
2387 2007 2631 2062 novitate
2673 2005 2932 2076 Spiritus,
2983 2019 3035 2064 et
3067 2025 3173 2065 non
3213 2011 3264 2063 in
3310 2021 3585 2065 vetustate

2003 2093 2216 2152 litterae.
2253 2117 2270 2150 ι
2309 2098 2586 2165 Quondam
2609 2103 2752 2155 enim
2776 2102 2946 2156 virtus
2976 2102 3265 2158 difficulter
3297 2105 3586 2159 admodum

2002 2192 2406 2260 perficiebatur,
2465 2207 2530 2246 eo
2581 2193 2724 2263 quod
2802 2193 3044 2251 Adamus
3123 2195 3320 2251 multas
3379 2207 3588 2250 natum

2004 2282 2412 2340 innniuutiones
2465 2285 2518 2340 itt
2567 2286 2781 2341 mortali
2829 2302 2927 2342 suo
2982 2303 3214 2358 corpore
3265 2289 3583 2359 recepisset.

2004 2376 2123 2432 .Iam
2152 2392 2295 2432 nunc
2328 2392 2456 2432 vero
2487 2393 2586 2447 per
2611 2380 2843 2450 gratiam
2893 2379 3098 2435 Christi
3135 2382 3185 2435 in
3235 2381 3587 2456 baptismate,

1995 2478 2202 2522 natura
2239 2477 2422 2522 nostra
2456 2469 2756 2524 cettfortata
2788 2481 2870 2526 est
2903 2487 2997 2539 per
3027 2473 3312 2541 Spiritum,
3363 2473 3452 2543 qui
3488 2490 3588 2532 nos

2007 2573 2180 2614 novos
2212 2557 2344 2614 facit
2373 2571 2426 2614 et
2462 2561 2713 2629 iuvenes,
2748 2577 2812 2617 ac
2863 2562 3113 2618 liberavit
3145 2580 3173 2618 a
3217 2575 3482 2619 vetustate
3524 2581 3590 2622 ac

2007 2651 2324 2706 infirmitate
2375 2651 2592 2708 litterae.
2658 2651 2953 2723 Propterea
3006 2665 3058 2710 et
3115 2656 3170 2710 in
3240 2655 3357 2727 lege
3403 2671 3587 2711 rarum

1971 2813 1977 2820 i
2007 2738 2263 2807 quiddam
2296 2750 2416 2794 erat
2466 2741 2776 2812 virginitas,
2811 2759 2953 2798 nunc
3007 2755 3190 2800 autem
3222 2745 3294 2800 'in
3346 2746 3590 2803 Ecclesia

2005 2829 2211 2886 Christi
2259 2833 2446 2888 multa:
2504 2834 2779 2902 virginum
2813 2835 3077 2891 chiliades
3116 2849 3265 2893 recte
3307 2839 3585 2906 agentium

2002 2922 2409 2979 inveniuntur:
2445 2941 2655 2981 necnon
2717 2928 2768 2982 in
2813 2940 3123 3000 contemptu
3189 2934 3379 2987 mortis
3441 2933 3596 2989 simi-

2010 3018 2153 3072 liter.
3343 3037 3352 3042 '

2086 3109 2246 3164 Vens.
2269 3111 2324 3166 7.
2358 3131 2377 3165 ‹
2414 3111 2552 3180 Qni‘d
2572 3129 2702 3186 ergo
2721 3114 2999 3172 dicemus?
3024 3116 3133 3172 Lex
3156 3128 3444 3188 peccatum
3470 3121 3594 3176 est?

329 3224 472 3262 νοιτο
501 3207 698 3262 ι’Δλλὰ
727 3208 826 3278 τὴν
868 3206 1146 3278 ἁμαρτίαν
1171 3207 1271 3260 οὑκ
1303 3206 1494 3274 ἔγνων,
1525 3209 1573 3260 ει
1600 3207 1674 3278 μὴ
1703 3208 1790 3263 διὰ
1823 3209 1909 3260 νόε-

2014 3203 2187 3258 Absit.
2237 3203 2342 3258 Sed
2373 3216 2654 3274 peccatum
2689 3220 2794 3261 non
2831 3209 3058 3278 cognovi
3112 3210 3213 3264 nisi
3257 3225 3354 3280 per
3395 3211 3592 3283 legem.

330 3317 456 3370 μου.
495 3300 608 3369 Τήν
635 3315 695 3352 τε
723 3297 833 3370 γὰρ
864 3298 1163 3369 ἐπιθυμίαν
1187 3299 1290 3352 οὐκ
1318 3298 1490 3370 ᾔδειν,
1521 3299 1571 3350 εί
1601 3299 1676 3370 μὴ
1697 3302 1726 3353 ό
1747 3300 1910 3371 νόμος

327 3391 547 3458 ελεγενο
593 3391 712 3444 Οὐκ
751 3389 1138 3460 ἐπιθυμήσεις.
1178 3409 1198 3442 ι
1239 3391 1418 3443 Πολλὰ
1461 3390 1636 3445 εἰπὼν
1666 3390 1703 3445 ἃ
1737 3392 1912 3446 ἐδόκει

325 3485 581 3555 διαϐολὴν
617 3486 812 3556 φέρειν
847 3484 943 3540 τοῦ
980 3483 1146 3552 νόμου
1172 3486 1244 3549 ’⁸,
1277 3478 1391 3538 οἷον
1419 3485 1501 3552 τὸ,
1555 3503 1574 3538 ι
1623 3485 1901 3556 Ἀμαρτία

329 3579 484 3649 ὑμῶν
517 3579 580 3632 οὐ
615 3579 926 3648 κυριεύσειο
969 3577 1030 3630 οὺ
1070 3577 1178 3649 γᾴρ
1230 3580 1355 3631 tm
1403 3577 1509 3630 ὑπὸ
1547 3577 1734 3648 νόμον,
1782 3577 1901 3632 ἀλλ’

330 3673 435 3726 ὑπὸ
454 3673 651 3744 χάρινο
687 3689 706 3723 ι
739 3671 856 3737 καὶ,
886 3689 904 3722 ι
926 3671 1197 3741 ,Νόμοςδὲ
1222 3670 1614 3742 παρεισῆλθεν,
1642 3671 1729 3724 ἵνα
1753 3671 1914 3724 πλεο-

330 3767 469 3840 νάσῃ
497 3767 560 3820 τὸ
595 3766 987 3836 παράπτωμα.⁸
1030 3783 1050 3816 ι
1081 3765 1180 3819 καὶ
1211 3765 1318 3835 πρὸ
1351 3763 1579 3835 μικροῦ,
1632 3765 1714 3817 ὅτι
1767 3783 1786 3816 ι
1831 3765 1914 3819 Τὰ

332 3860 644 3929 παθήματα
668 3857 775 3910 τῶν
803 3856 1109 3927 ἁμαρτιῶν,
1139 3855 1213 3910 τὰ
1242 3856 1330 3909 διὰ
1367 3856 1462 3909 τοῦ
1493 3855 1658 3926 νόμου
1681 3870 1698 3889 ο
1737 3874 1760 3908 ›
1792 3857 1910 3921 καὶ,

338 3968 358 4003 ε
397 3949 748 4020 Παλαιότητα
793 3948 1149 4018 γράμματος
1189 3964 1210 3997 ι
1247 3945 1608 4015 ogganniat“
1636 3947 1739 4017 τὴν
1775 3946 1913 4000 ὑπό.

332 4061 479 4098 νοιαν
517 4043 757 4112 ταυτην,
797 4035 908 4094 οἷόν
953 4057 1076 4094 τινα
1118 4038 1393 4094 ἀντίθεσιν
1446 4039 1684 4108 είσάγων
1715 4039 1911 4110 ὥσπερ

333 4135 825 4208 συμϐουλευτικῶς,
857 4133 952 4188 καὶ
988 4133 1160 4202 λέγων
1179 4148 1194 4163 ·
1219 4149 1245 4183 .t
1279 4132 1344 4185 Τί
1367 4131 1459 4186 οὖν
1481 4132 1713 4204 ἐροῦμεν
1741 4150 1760 4185 ι
1789 4133 1917 4203 περὶ

333 4227 424 4281 τοῦ
445 4227 646 4295 νόμους
672 4225 822 4277 ι”Οτι
843 4222 1122 4293 ἁμαρτίας
1154 4241 1174 4275 ι
1201 4216 1337 4280 Εἶτα
1361 4220 1504 4274 λύων
1517 4221 1746 4290 ταύτην,
1769 4221 1919 4291 πρῶ-

332 4336 422 4373 τον
466 4316 570 4394 ,μὲν
598 4314 1069 4387 ἀπογορευτιιαῖις,
1101 4313 1177 4376 ὡς
1207 4312 1399 4368 εἴωθεν
1429 4313 1526 4366 ἐπὶ
1556 4313 1665 4367 τῶν
1701 4312 1908 4384 σφόδρα

338 4410 558 4464 ἀτόπων
578 4408 762 4476 λέγειν
777 4423 792 4439 ο
816 4402 934 4458 εἶτα
953 4405 1050 4459 καὶ
1063 4405 1360 4474 λογισμοὺς
1378 4405 1657 4476 προτιθείς
1681 4421 1694 4435 ·
1714 4405 1770 4458 Ἀ
1780 4421 1921 4476 μαρ-

335 4503 422 4556 τία
458 4500 558 4572 μὲν
593 4499 698 4553 οὐκ
725 4497 876 4561 ἐστι,
903 4499 1082 4573 φησι,
1109 4498 1473 4567 γνωριστικδς
1514 4498 1572 4554 δὲ
1601 4501 1704 4569 τῆς
1731 4499 1917 4569 ἁμαρο

336 4595 454 4657 τίας
475 4609 494 4628 ο
527 4593 590 4648 οὐ
625 4592 735 4662 γὰρ
764 4590 914 4664 ᾔδειν
957 4590 1057 4662 τὴν
1087 4591 1418 4662 ἐπιθυμίαν,
1465 4593 1516 4646 εί
1549 4590 1626 4663 μὴ
1675 4593 1726 4660 ό,
1752 4592 1918 4662 νόμος

339 4688 549 4756 ἔλεγεν·
587 4706 611 4738 ‹
652 4687 768 4742 οὐκ
824 4683 1206 4754 ἐπιθυμήσεις.
1257 4702 1278 4738 ι
1321 4685 1433 4738 Καὶ
1472 4685 1596 4747 πῶς
1645 4683 1836 4738 λοιπὸν
1888 4683 1919 4736 ό

341 4779 726 4848 κατακλυσμὸς
752 4777 948 4847 γέγονε
971 4792 987 4845 ;
1011 4775 1138 4842 Πῶς
1165 4776 1235 4829 τὰ
1264 4774 1475 4846 Σόδομα
1491 4775 1831 4848 ἐνεπρήσθη,
1867 4774 1918 4830 εί

345 4871 418 4944 μὴ
439 4873 536 4926 καὶ
557 4869 666 4940 πρὸ
691 4869 786 4923 τοῦ
811 4869 980 4939 νόμου
1003 4867 1336 4937 ἐγινώσκετο
1363 4869 1532 4921 κακδν
1555 4869 1590 4939 ι)
1611 4869 1914 4939 ἐπιθυμίας

354 4963 725 5032 Ἐγινώσκετο
751 4961 873 5032 μὲν,
906 4960 1022 5014 ἀλλ’
1045 4961 1146 5032 οὐχ
1167 4961 1202 5031 ἡ
1224 4960 1595 5032 ὲπιτεταμένη
1627 4960 1787 5015 ἐπιθυ
1797 4962 1916 5033 μία,

344 5057 464 5110 οὐδὲ
497 5055 679 5119 οὕτως
713 5055 957 5125 ἀκριϐῶς
981 5054 1078 5111 καὶ
1115 5054 1160 5086 ³⁷
1203 5055 1342 5125 μετὰ
1364 5053 1463 5124 τῆς
1492 5054 1600 5108 ἀπὸ
1627 5054 1724 5108 τοῦ
1755 5056 1921 5126 νόμου

349 5150 672 5223 μαρτυρίας.
727 5148 1000 5220 Πρότερον
1053 5147 1153 5219 μὲν
1214 5146 1322 5218 γὰρ
1377 5146 1521 5218 μόνῳ
1571 5149 1652 5221 τῷ
1701 5149 1923 5220 φυσικῷ

347 5243 494 5312 νόμῳ
527 5240 940 5310 διεγινώσκετο,
978 5239 1208 5310 ὕστερον
1243 5239 1302 5292 δὲ
1328 5238 1418 5292 διὰ
1447 5236 1546 5294 τοῦ
1575 5240 1856 5311 γραπτοῦο
1893 5239 1922 5293 ὃ

350 5335 441 5386 καὶ
473 5332 721 5403 μείζονος
751 5330 1026 5400 τιμωρίας
1051 5329 1312 5400 πρόξενον
1333 5346 1346 5360 ·
1375 5328 1494 5384 ἀλλ’
1531 5331 1596 5384 οὐ
1636 5331 1786 5400 παρὰ
1822 5330 1921 5400 τὴν

349 5423 440 5479 τοῦ
470 5426 638 5496 νόμου
662 5423 1032 5488 διδασκαλίαν,
1053 5421 1191 5474 ἀλλὰ
1215 5421 1368 5490 παρὰ
1387 5421 1490 5492 τὴν
1517 5421 1625 5474 τῶν
1655 5422 1728 5492 μὴ
1758 5437 1926 5491 προσσ

351 5521 582 5589 εχόντων
617 5515 891 5588 ρᾳθυμίαν
914 5531 927 5543 ·
959 5515 990 5568 δ
1029 5512 1125 5568 καὶ
1148 5511 1238 5566 διὰ
1266 5512 1376 5566 τῶν
1417 5512 1544 5583 ἑξῆς
1571 5513 1744 5584 δηλοῖ.

424 5706 446 5736 ι
480 5695 639 5751 Rom.
697 5710 774 5758 vt,
802 5693 890 5749 ll.
998 5702 1020 5731 ³
1043 5689 1281 5759 Βοιιιην,
1309 5689 1398 5746 20.

2005 3295 2519 3364 Concupiscentiam
2551 3298 2694 3353 enim
2725 3300 3058 3365 nesciebam,
3099 3301 3200 3356 nisi
3239 3303 3324 3358 lex
3352 3303 3594 3376 diceret,

2007 3387 2130 3441 Non
2161 3389 2536 3458 concupisces.
2596 3409 2614 3443 ι
2653 3391 2787 3446 Cum
2824 3393 2990 3447 multa
3028 3394 3405 3465 dixissetque:
3442 3396 3594 3451 vidc-

2005 3478 2214 3531 ‘bantur
2240 3478 2340 3548 legi
2372 3479 2701 3535 calumniam
2730 3481 2947 3543 afferre,
2985 3483 3145 3552 quale
3193 3495 3310 3550 est,
3345 3504 3364 3538 ι
3399 3482 3598 3541 Pecca-

2015 3583 2126 3625 tum
2166 3571 2322 3628 vobis
2357 3589 2463 3628 non
2511 3575 2898 3642 dominabitur,
2950 3591 3054 3629 non
3107 3577 3250 3630 enim
3306 3578 3441 3632 estis
3494 3581 3597 3634 Sub

2011 3659 2166 3730 lege,
2201 3663 2293 3715 sed
2324 3662 2423 3715 sub
2462 3663 2634 3730 gratia
2663 3671 2730 3726 νς
2765 3682 2784 3714 ι
2822 3675 2896 3732 et,
2933 3683 2950 3715 ι
2992 3663 3105 3719 Lex
3137 3665 3504 3730 subintravit,
3537 3675 3598 3720 ut

2011 3754 2622 3824 exuberaretﬁelictum
2651 3761 2711 3821 ⁶;
2745 3772 2763 3807 ι
2801 3764 2855 3809 et
2886 3755 3029 3826 quod
3080 3754 3238 3826 paulo
3272 3766 3398 3810 ante
3431 3757 3596 3825 dixit,

2016 3865 2040 3898 ι
2075 3845 2315 3901 Affectus
2342 3857 2711 3916 peccatorum,
2746 3848 2837 3917 qui
2879 3863 2984 3917 per
3015 3848 3184 3918 legem
3219 3864 3235 3916 ;
3273 3867 3292 3900 ι
3342 3860 3395 3903 et
3432 3867 3451 3901 ι
3489 3847 3598 3906 Vc—

2017 3948 2270 3994 tustatem
2310 3939 2504 3994 litterae
2533 3957 2547 3994 :
2587 3959 2606 3993 ι
2633 3942 2928 4012 suspicioni
2957 3942 3086 3997 huic
3111 3944 3399 4015 quamdam
3433 3944 3596 4000 veluti

2015 4031 2375 4101 objectionem
2408 4032 2560 4101 quasi
2611 4046 2707 4102 per
2755 4033 3207 4088 consultationem
3246 4035 3600 4090 iutroducens

2019 4124 2288 4187 medetur,
2320 4121 2606 4192 inquiens:
2645 4139 2664 4174 t
2699 4121 2838 4190 Quid
2870 4125 3030 4188 igitur
3055 4125 3322 4179 dicemus:
3351 4126 3415 4180 de
3447 4125 3601 4196 lege?

2024 4231 2044 4267 ι
2084 4213 2447 4270 Peccatunme
2488 4215 2612 4270 est?
2643 4233 2663 4268 ι
2701 4219 2877 4286 Atque
2913 4216 3056 4271 hanc
3089 4219 3483 4287 oppositionem
3514 4219 3599 4272 di-

2017 4305 2118 4361 luit
2169 4305 2403 4374 primum
2456 4304 2786 4370 inficiando,
2841 4308 2918 4362 uti
2987 4290 3270 4362 consuevit
3327 4309 3382 4362 in
3437 4308 3601 4363 vehe-

2023 4405 2234 4452 menter
2296 4397 2548 4452 absurdis
2597 4397 2816 4464 dicere;
2878 4399 3100 4468 posthac
3152 4400 3388 4456 rationes
3433 4402 3596 4456 etiam

2021 4505 2362 4563 proponens,
2386 4475 2675 4546 Feccatum
2709 4489 2923 4559 quidem
2957 4506 3063 4544 non
3095 4500 3211 4556 est,
3263 4491 3471 4568 inquit,
3492 4495 3600 4548 ,setl

1949 4571 1993 4628 ο
2021 4584 2166 4640 enim
2215 4581 2382 4638 index
2417 4584 2626 4653 peccati
2659 4601 2672 4638 :
2711 4601 2732 4636 ι
2772 4583 2887 4639 Non
2941 4586 3082 4639 enim
3120 4602 3304 4641 noram
3338 4589 3602 4658 cupidita-

2028 4691 2157 4748 tem,
2187 4680 2289 4736 nisi
2331 4680 2416 4736 lex
2444 4681 2651 4736 diceret
2694 4696 2709 4735 :
2741 4679 2856 4734 Non
2891 4681 3270 4750 concUpisces.
3309 4700 3328 4734 ι
3357 4684 3428 4738 At
3454 4684 3600 4740 enim

2027 4786 2133 4842 qua
2184 4773 2394 4826 ratione
2443 4771 2723 4826 inductum
2771 4771 2936 4826 fuerit
2978 4771 3276 4826 diluvium?
3324 4771 3605 4841 Quomodo

2027 4863 2262 4920 Sodoma
2300 4863 2547 4918 incendio
2581 4863 2891 4933 perierunt,
2941 4863 2985 4918 si
3018 4873 3143 4919 ante
3182 4863 3353 4935 legem
3404 4851 3608 4922 cuticu-

2029 4959 2292 5029 piscentia
2335 4957 2535 5010 malum
2563 4970 2685 5011 esse
2734 4957 3121 5028 ignorabatur?
3163 4956 3606 5028 Cognoscebatur

2029 5048 2268 5119 quidem,
2298 5049 2392 5102 sed
2422 5062 2528 5101 non
2555 5046 2764 5102 intensa
2791 5056 2847 5102 et
2869 5048 2978 5102 late
3001 5059 3190 5118 patens
3217 5048 3604 5126 concupiscen-

2034 5141 2125 5202 tia,
2179 5151 2356 5206 neque
2395 5135 2531 5192 adeo
2563 5146 2756 5191 exacte
2791 5138 3196 5210 percipiebatur
3222 5153 3286 5193 ac
3315 5123 3446 5192 cum
3471 5139 3606 5212 legis

2032 5229 2360 5282 testimonio.
2403 5226 2559 5281 Prius
2592 5226 2738 5280 enim
2773 5229 2889 5282 sola
2925 5239 3130 5282 natura:
3164 5227 3280 5299 lege
3309 5242 3605 5298 cognosce-

2033 5323 2212 5386 batur,
2247 5333 2436 5391 postea
2470 5335 2595 5374 vero
2626 5329 2681 5374 et
2709 5322 2909 5389 scripta
2956 5320 3092 5390 lege,
3140 5322 3281 5392 quod
3332 5333 3394 5382 et,
3433 5322 3608 5392 majus

2031 5412 2352 5481 supplicium
2380 5410 2564 5465 infert.
2595 5411 2647 5464 Id
2674 5426 2800 5465 vero
2822 5427 2924 5464 non
2956 5413 3150 5465 accidit
3176 5428 3242 5466 ex
3265 5412 3607 5468 institutione

2031 5515 2086 5559 et
2118 5505 2362 5560 doctrina
2393 5503 2548 5573 legis,
2577 5503 2672 5558 sed
2697 5518 2759 5556 ex
2790 5503 3000 5573 ignavia
3031 5502 3162 5574 legis
3187 5506 3470 5577 praceptis
3502 5523 3609 5580 non

2033 5597 2478 5660 :ittscultattt'tum,
2509 5596 2732 5665 perinde
2760 5609 2822 5649 ac
2858 5596 2911 5648 in
2938 5596 3294 5666 sequentibus
3321 5587 3534 5671 patefit.

1699 5760 1898 5821 Vat-ite
1941 5759 2270 5821 lectiones.

427 5869 471 5902 ”
501 5869 624 5923 ἰπεὶ
653 5884 706 5922 0.
783 5868 828 5901 “
870 5865 1102 5921 ἐνταῦθα
1143 5882 1196 5920 o.
1277 5869 1321 5899 ³⁵
1357 5865 1446 5920 ισ.
1485 5862 1558 5936 τῷ
1598 5865 1768 5934 νόμῳ.

1844 5864 1888 5895 ³⁸
1920 5862 2014 5918 νῦν
2041 5863 2330 5934 θεραπεύει
2359 5879 2432 5917 ιιι.
2510 5863 2555 5895 "
2586 5859 2670 5917 Ζὰ.
2709 5863 2784 5928 ώς
2820 5863 2937 5918 καί.
