4038 6644
330 497 435 559 ι25

1181 483 1588 547 EXPOSITIO
1625 487 1711 550 ΙΝ
1751 483 1994 547 EPIST.
2030 481 2126 542 AD
2162 477 2346 541 ROM.
2372 495 2436 509 -·
2466 469 2624 530 CAP.
2661 465 2796 527 VII.

3465 450 3571 521 426

329 609 540 670 λάσεως
579 601 880 665 ὑπεύθυνος
918 601 1088 672 ήμην.
1133 597 1208 652 Τὸ
1233 597 1362 668 γὰρ,
1409 613 1428 648 ι
1481 595 1833 658 ’Δπέκτεινε,
1879 609 1896 643 ι
1931 592 1954 653 Δ

2044 597 2256 642 cccator
2299 593 2598 654 rcputarcr,
2641 596 2811 651 neque
2862 590 3034 648 parum
3065 590 3242 632 essem
3285 572 3574 631 obnoxius.

327 700 414 754 ἐπ’
449 697 780 767 ἀμφοτέρων
828 693 908 746 δεῖ
947 693 1110 756 νοεῖν,
1139 689 1235 744 καὶ
1271 689 1364 742 ἐπὶ
1408 686 1502 740 τοῦ
1543 684 1905 756 ἁμαρτάνειν,

327 791 424 845 καὶ
449 789 544 840 ἐπὶ
565 785 660 840 τοῦ
687 783 1035 848 κολάζεσθαι,
1067 780 1258 850 ὥσπερ
1286 779 1379 832 καὶ
1404 775 1662 847 ἀνωτέρω
1680 775 1723 806 ³⁸
1753 773 1910 844 εἴρη-

325 898 420 933 ται
445 878 525 943 τὸ,
567 895 587 928 ι
643 874 957 928 Ἀπέθανον.
989 889 1007 922 ι
1039 869 1113 922 Τδ
1137 865 1237 923 οὖν
1261 867 1634 939 συμπέρασμα
1662 865 1767 916 πᾶν
1813 862 1912 932 τῆς

326 968 700 1037 ἁποστολικῆς
731 965 941 1026 ἐννοίας
964 961 1205 1015 τοιοῦτόν
1233 963 1384 1013 ἐστι’
1410 959 1598 1028 Νόμου
1638 955 1712 1026 μὴ
1737 956 1910 1019 ὄντος,

327 1061 575 1133 ἁμαρτία
625 1061 687 1112 ού
721 1058 1034 1127 λογίζεται·
1077 1054 1171 1108 τοῦ
1218 1054 1386 1124 νόμου
1433 1051 1490 1104 δὲ
1526 1049 1770 1110 ἐλθόντος
1819 1045 1914 1100 xal.

326 1151 846 1226 παραϐαινομένου,
882 1148 1054 1217 ἐφάνη
1117 1146 1152 1214 ἡ
1206 1142 1449 1214 ἁμαρτία
1499 1140 1596 1194 καὶ
1630 1137 1910 1210 ἀνέζησεν.

328 1244 502 1296 Ὥστε
531 1242 620 1294 διὰ
654 1240 753 1310 τῆς
793 1236 1013 1308 ἐντολῆς
1053 1232 1538 1305 παραϐαινομένης
1565 1231 1600 1300 ὴ
1644 1227 1913 1298 ἁμαρτία,

327 1334 644 1396 τουτέστιν,
689 1333 724 1401 ή
753 1330 850 1400 τῆς
882 1326 1158 1399 ἁμαρτιας
1192 1325 1455 1393 ἕκφανσις
1495 1321 1588 1374 καὶ
1620 1319 1916 1379 ὑπόστασις

333 1424 639 1493 ὑφίσταται
661 1423 728 1486 ³³,
759 1420 1025 1492 πρότερον
1067 1418 1141 1489 μὴ
1167 1415 1546 1485 ὑφισταμένης
1571 1412 1621 1445 ³⁸
1671 1411 1806 1483 μηδὲ
1832 1409 1919 1462 λοο

329 1516 636 1585 γιζομένης
659 1515 727 1577 ³⁸,
779 1514 838 1564 ἐν
885 1509 962 1582 τῷ
1003 1509 1138 1580 μηδὲ
1185 1508 1350 1576 νόμον
1385 1501 1548 1559 εἶναι.
1590 1502 1773 1565 Αἷτιος
1819 1501 1918 1572 μέν

330 1600 436 1656 οὖν
468 1601 592 1656 καθ’
632 1601 796 1654 αὑτὸν
828 1602 856 1653 ὁ
899 1599 1063 1669 νόμος
1092 1598 1191 1667 τῆς
1237 1595 1512 1668 ἁμαρτίας
1560 1593 1660 1647 οὐκ
1711 1588 1812 1665 ἦν’
1856 1592 1917 1643 ού

340 1695 456 1766 μὴν
487 1692 608 1746 οὐδὲ
641 1688 1026 1762 λυτρώσασθαι
1061 1687 1267 1758 ταύτης
1302 1687 1484 1757 ἴσχυεν
1508 1685 1574 1737 ³⁸.
1615 1685 1780 1737 Ὥστε
1821 1682 1920 1752 τῆς

330 1788 565 1856 χάριτος
592 1782 892 1852 ἐδεήθημεν
945 1779 1032 1833 διὰ
1054 1778 1114 1831 τὸ
1138 1777 1329 1831 τούτου
1360 1776 1671 1848 ἀνίσχυρον.

414 1897 432 1930 ς
479 1877 646 1928 Ὥστε
679 1875 707 1927 ὁ
749 1872 848 1943 μὲν
899 1872 1062 1940 νόμος
1101 1869 1276 1938 ἅγιος,
1323 1869 1418 1923 καὶ
1445 1870 1478 1938 ή
1523 1866 1710 1937 ἐντολὴ
1764 1863 1918 1933 ἁγία,

2009 679 2146 735 Nam
2176 698 2193 731 ι
2224 677 2453 740 Occidit,
2493 695 2510 726 ι
2535 675 2602 730 de
2628 687 2855 744 utroque
2880 668 3282 739 intelligendum
3306 674 3411 732 est,
3438 665 3590 720 etde;

2014 778 2235 842 peccato
2260 774 2314 822 et
2336 768 2401 821 de
2422 765 2703 835 supplicio,
2728 762 2951 834 perinde
2972 775 3036 815 ac
3059 773 3220 827 supra
3246 757 3443 812 dictum
3467 762 3572 819 est,

2020 884 2038 917 ι
2075 865 2315 919 Mortuus
2344 875 2485 916 sum.
2527 879 2546 912 ι
2574 856 2711 912 Tota
2752 857 2935 925 itaque
2957 851 3230 908 conclusio
3267 849 3580 924 apostolica:

2015 950 2300 1008 sententia:
2333 958 2416 1005 est
2455 945 2763 1017 hujusmodi
2795 957 2809 996 :
2835 943 2946 1016 49
2970 943 3106 1014 Lege
3129 959 3234 996 non
3259 940 3576 1004 exsistente,

2017 1052 2299 1114 peccatum
2341 1055 2446 1095 non
2486 1039 2783 1106 imputatur
2826 1053 2840 1090 ι
2875 1037 2990 1104 lege
3043 1043 3220 1089 autem
3267 1032 3585 1088 adveniente

2019 1145 2075 1192 et
2105 1133 2327 1199 violata,
2354 1130 2602 1202 apparuit
2629 1137 2910 1198 peccatum
2945 1136 3000 1180 et
3028 1127 3248 1181 revixit.
3280 1125 3468 1194 Itaque
3491 1138 3590 1193 per

2021 1225 2334 1282 mandatum
2367 1219 2814 1292 prmvaricatione
2837 1219 3122 1284 violatum,
3155 1226 3459 1286 peccatum,
3488 1217 3591 1270 hoc

2019 1327 2123 1382 est,
2154 1315 2362 1386 peccati
2396 1311 2765 1368 manifestatio
2788 1319 2842 1364 et
2878 1309 3227 1365 subsistentia
3255 1307 3420 1370 subit.
3466 1321 3592 1361 curn

2024 1419 2149 1463 ante
2177 1421 2354 1476 neque
2377 1404 2722 1468 subsisteret,
2753 1417 2926 1473 neque
2950 1402 3328 1470 imputaretur,
3363 1413 3428 1454 eo
3450 1400 3594 1468 quod

2028 1516 2205 1572 neque
2228 1499 2310 1554 lex
2345 1496 2615 1552 exstabat.
2647 1495 2822 1551 Causa
2857 1495 3039 1563 itaque
3069 1509 3165 1563 per
3193 1508 3252 1549 se
3280 1493 3362 1547 lex
3389 1490 3595 1561 peccati

2024 1593 2441 1661 haudquaquam
2481 1599 2602 1642 erat
2643 1605 2656 1641 :
2690 1602 2788 1642 nec
2813 1597 2991 1643 tamen
3027 1586 3094 1641 ab
3132 1601 3196 1641 eo
3236 1600 3332 1640 nos
3366 1585 3599 1640 liberare

2025 1688 2218 1762 potuit.
2260 1672 2342 1741 Ob
2391 1680 2554 1751 hujus
2600 1678 2784 1750 itaque
2855 1679 3186 1736 debilitatem
3228 1679 3401 1750 gratia
3441 1677 3600 1749 plane

2027 1780 2382 1851 indiguimus.

2096 1875 2260 1929 Vsus.
2299 1873 2387 1927 12.
2428 1887 2447 1923 ι
2479 1871 2666 1942 Itaque
2702 1868 2787 1924 lex
2825 1867 3039 1938 quidem
3091 1871 3304 1926 sancta,
3352 1871 3406 1918 et
3453 1877 3603 1916 man-

333 1973 438 2025 καὶ
464 1967 670 2030 δικαία,
703 1965 796 2018 καὶ
819 1963 1022 2034 ἀγαθή.
1053 1981 1072 2014 ι
1121 1961 1254 2015 Ἰδοὺ
1302 1959 1662 2032 φανερώτατα
1707 1959 1748 1990 ³⁷
1823 1959 1911 2010 ἐν·
1940 1957 1954 2016 ]

2038 1973 2211 2027 latum
2249 1973 2518 2031 sanctum,
2556 1973 2610 2019 et
2652 1962 2879 2034 justum,
2909 1967 2964 2015 et
3005 1957 3228 2012 bonum.
3262 1975 3282 2009 ι
3318 1955 3398 2010 En
3432 1955 3606 2010 mani-

333 2061 525 2115 ταῦθκ
591 2054 1012 2128 Μαρκιωνιτῶν,
1037 2053 1131 2106 καὶ
1156 2051 1496 2121 Μανιχαίων,
1527 2049 1622 2104 καὶ
1654 2049 1927 2119 Σιμωνιά-

337 2153 476 2216 νῶν,
498 2151 593 2203 καὶ
619 2150 834 2202 πάντων
862 2145 971 2199 τῶν
996 2145 1095 2216 τὴν
1135 2142 1379 2198 Παλαιὰν
1400 2141 1796 2196 διαϐαλλόντων
1856 2139 1926 2193 τὰ

341 2244 596 2313 στόματα
632 2235 946 2310 ἐνέφραξεν.
969 2238 1160 2307 Ἀγιον
1182 2235 1290 2308 γὰρ
1311 2234 1402 2288 τὸν
1423 2233 1589 2304 νόμον
1615 2230 1926 2304 ἀνακηρύτ-

343 2351 434 2387 τει
461 2333 670 2401 σαφῶς,
707 2333 800 2383 καλ⁸
831 2329 931 2398 τὴν
960 2327 1180 2396 ἐντολὴν
1214 2325 1396 2393 ἁγίαν,
1434 2323 1530 2377 καὶ
1559 2321 1794 2385 δικαίαν,
1834 2320 1929 2373 καὶ

345 2422 584 2492 ἀγαθήν.
617 2420 874 2490 Διαφέρει
901 2418 957 2472 δὲ
989 2417 1151 2485 νόμος
1178 2416 1224 2447 ³⁸
1251 2413 1492 2484 ἐντολῆς,
1527 2413 1602 2476 ὠς
1627 2411 1928 2466 καθολικώ-

346 2530 508 2585 τερον
533 2509 927 2581 μερικωτέρου,
974 2506 1080 2560 Τοῦ
1116 2506 1224 2577 γὰρ
1254 2503 1422 2575 νόμου
1461 2503 1530 2556 τὰ
1561 2503 1660 2573 μέν
1704 2503 1821 2554 ἐστι
1847 2499 1932 2553 δό-

349 2620 561 2674 γματα,
591 2601 663 2655 τὰ
684 2601 741 2654 δὲ
771 2598 1004 2654 ἐντολαί.
1036 2597 1146 2652 Καὶ
1183 2597 1250 2650 τὰ
1278 2596 1528 2667 δόγματα
1583 2593 1675 2647 οὖν
1715 2593 1810 2646 τοῦ
1845 2592 1934 2645 νό-

357 2712 462 2766 μου
495 2695 652 2762 am,
685 2694 780 2746 καὶ
813 2692 870 2745 al
905 2691 1034 2762 περὶ
1061 2689 1313 2760 πράξεων
1354 2687 1588 2754 ἐντολαὶ,
1631 2689 1805 2754 ἅγιαι,
1839 2686 1936 2738 καὶ

352 2787 584 2848 δίκαιαι,
617 2787 711 2838 καὶ
733 2783 958 2853 ἀγαθαί.
1008 2782 1173 2836 Ὥστε
1223 2781 1316 2834 τοῦ
1347 2779 1554 2850 ἀγα.θοῦ
1601 2781 1695 2832 καὶ
1724 2778 1934 2830 δικαίου

353 2877 494 2931 Θεοῦ
515 2882 624 2931 εισι
671 2875 1109 2947 νομοθετήματα,
1143 2872 1246 2927 κᾶν
1276 2874 1323 2926 οἱ
1357 2872 1614 2943 ῥηθέντες
1669 2871 1938 2940 αἱρετικοὶ

355 2969 452 3028 τοῦ
480 2967 722 3044 πονηροῦ
749 2967 884 3027 θεοῦ
913 2967 1004 3026 τὸν
1037 2965 1199 3042 νόμον
1233 2959 1374 3018 εἶναι
1412 2961 1793 3034 βλασφημῶσι.

434 3170 454 3204 ι
491 3153 567 3206 Τδ
593 3147 686 3206 οὖν
731 3151 934 3221 ἀγαθὸν
1006 3150 1130 3222 ἐμοὶ
1173 3149 1363 3220 γέγονε
1411 3148 1681 3216 θάνατος;
1725 3143 1820 3209 Μὴ
1852 3143 1942 3219 γέ-

361 3241 540 3295 νοιτοὶ
583 3240 723 3293 Ἀλλ’
757 3237 1083 3312 ήάμαρτία,
1126 3239 1214 3293 ἵνα
1262 3243 1403 3309 φανῇ
1427 3239 1691 3309 ἁμαρτία,
1715 3239 1802 3293 διὰ
1847 3240 1936 3293 τοῦ

365 3333 573 3428 αγαιθοῦ
611 3349 698 3404 μοι
731 3330 1182 3402 κατεργαζομένη
1215 3330 1497 3386 θάνατον.)
1541 3332 1598 3385 ⁸0
1625 3333 1722 3402 μὲν
1748 3333 1934 3401 νόμος,
1964 3314 2008 3376 C

365 3422 553 3495 φησιν,
607 3425 668 3476 ού
701 3424 890 3491 γέγονέ
922 3439 1011 3493 μοι
1037 3423 1284 3488 θάνατος,
1329 3422 1441 3477 ἀλλ’
1468 3425 1500 3494 ή
1531 3423 1575 3455 ⁸⁸
1603 3424 1845 3494 ἁμαρτία
1873 3441 1940 3494 με

365 3516 731 3582 ἐθανάτωσεν,
765 3515 854 3570 ἵνα
902 3517 1066 3585 φανῇ,
1101 3515 1332 3586 πηλίκον
1362 3515 1482 3568 ἐστὶ
1511 3517 1703 3582 κακὸν,
1739 3517 1832 3570 καὶ
1860 3517 1943 3570 ὃτι

367 3612 463 3662 καὶ⁵
499 3609 607 3661 ὑπὸ
654 3607 746 3661 τοῦ
791 3607 957 3677 νόμου
1015 3607 1413 3678 ίατρευόμενον,
1459 3611 1640 3679 χεῖρον
1702 3608 1939 3676 ἐγένετο.

375 3699 682 3772 ’Δμαρτίαν
703 3699 778 3766 δέ,
811 3699 887 3762 ὥς
913 3703 1007 3752 καὶ
1033 3699 1295 3770 ἀνωτέρω
1323 3699 1570 3770 εἴπομεν,
1603 3699 1819 3770 νοήσεις
1849 3699 1944 3752 καὶ

369 3793 467 3863 τὴν
511 3792 791 3861 φιλήδονον
837 3791 1086 3861 γνώμην,
1143 3792 1237 3844 καὶ
1259 3790 1357 3862 τὴν
1394 3791 1485 3843 ἐπὶ
1518 3791 1578 3844 τὸ
1605 3792 1943 3862 ἁμαρτάνειν

369 3882 566 3953 ὁρμὴν,
615 3881 716 3953 ήδη
752 3881 807 3934 δὲ
837 3882 931 3934 καὶ
978 3881 1072 3934 τὸν
1110 3880 1377 3946 διάϐολον,
1406 3881 1500 3934 καὶ
1545 3881 1714 3951 αὐτὴν
1762 3881 1819 3934 δὲ
1844 3882 1944 3951 τὴν

372 3975 571 4044 πρᾶξιν
622 3974 711 4027 διὰ
753 3973 851 4043 τῆς
876 3973 1069 4044 ήδονῆς
1107 3972 1503 4043 ύποσύρουσαν.
1554 3974 1727 4043 Χάρις
1749 3969 1841 4026 οὖν
1867 3972 1946 4043 τῷ

373 4066 592 4136 Χριστῷ
621 4065 697 4137 τῷ
728 4064 1048 4136 τηλικούτου
1077 4064 1249 4118 κακοῦ
1283 4066 1430 4134 ήμᾶς
1458 4064 1854 4130 ἁπαλλάξαντι.

446 4258 464 4290 ι
487 4237 603 4291 Ἵνα
625 4240 849 4310 γένηται
875 4238 996 4292 καθ’
1027 4237 1329 4308 ὑπερϐολὴν
1351 4237 1672 4309 ἁμαρτωλὸς
1703 4239 1735 4310 ἡ
1764 4239 1947 4310 ἀμαρ-

375 4332 460 4384 τία
487 4333 577 4385 διὰ
600 4334 696 4402 τῆς
719 4331 959 4401 ἐντολῆς.
991 4332 1118 4396 ιΤὸ,
1149 4351 1166 4383 ι
1196 4330 1312 4386 ἰνα
1342 4333 1586 4401 γένηται,
1618 4351 1636 4382 ι
1665 4334 1785 4386 ἀντὶ
1828 4333 1944 4399 τοῦ,

379 4425 460 4475 ἵνα
489 4425 631 4494 φανῇ
663 4423 846 4491 ἡλίκος
880 4423 1100 4494 ὄλεθρος
1127 4423 1160 4493 ἡ
1193 4423 1472 4493 ἁμαρτίαο
1506 4422 1695 4494 ὥσπερ
1743 4424 1948 4488 καὶτὸ,

383 4534 401 4566 ι
435 4515 679 4567 Γενέσθω
704 4515 762 4568 δὲ
790 4517 819 4568 ὁ
871 4515 1002 4578 Θεὸς
1047 4515 1274 4584 ἀληθὴς,
1309 4533 1326 4566 ι
1369 4517 1490 4569 ἀντὶ
1535 4517 1651 4579 τοῦ,
1697 4518 1945 4586 φανήτω.

2028 2059 2321 2117 festissima
2369 2055 2460 2112 hic
2532 2043 3000 2114 Marcionitarum,
3080 2046 3497 2102 Manichaeorum
3549 2057 3607 2101 et

2027 2150 2489 2215 Simouianorum,
2553 2145 2906 2213 omniumque
2978 2137 3148 2196 Vetus
3198 2137 3606 2194 Testamentum

2028 2243 2475 2301 calumniantium
2530 2254 2628 2296 ora
2655 2237 2949 2294 obstruxit.
2979 2233 3234 2291 Sanctam
3261 2233 3404 2288 enim
3433 2232 3606 2302 legem

2029 2333 2204 2404 palam
2260 2329 2594 2401 pronuntiat,
2628 2335 2682 2380 et
2733 2325 3042 2379 mandatum
3095 2332 3366 2386 sanctum,
3418 2330 3474 2374 et
3519 2319 3609 2389 ju-

2031 2437 2193 2492 stum,
2253 2433 2307 2477 et
2365 2425 2584 2478 bonum.
2650 2417 2838 2475 Diﬂ‘ert
2906 2427 3088 2471 autem
3140 2415 3225 2470 lex
3273 2413 3610 2475 amandato.

2032 2516 2479 2589 quemadmodum
2560 2509 2864 2568 universale
2922 2524 2950 2562 a
3047 2504 3382 2577 particulari.
3453 2502 3613 2574 chis

2031 2611 2176 2666 enim
2220 2607 2320 2663 alia
2356 2605 2572 2676 quidem
2617 2610 2744 2658 sunt
2779 2601 3017 2665 decreta,
3045 2598 3148 2652 alia
3177 2611 3303 2652 vero
3331 2594 3611 2650 mandata.

2037 2701 2259 2756 Decreta
2327 2698 2508 2767 itaque
2557 2696 2694 2766 legis
2742 2694 2856 2750 sive
2907 2691 3155 2762 dogmata
3213 2696 3400 2744 sancta
3465 2694 3612 2749 sunt,
3722 2681 3727 2685 ’

2039 2794 2289 2848 mandata
2331 2790 2494 2845 etiam
2535 2791 2600 2844 de
2633 2787 2798 2843 rebus
2828 2782 3102 2857 gerendis,
3137 2788 3345 2845 sancta,
3379 2780 3522 2851 justa
3558 2787 3616 2834 et

2039 2887 2178 2942 bona
2218 2893 2364 2939 sunt.
2399 2880 2530 2936 Boni
2579 2879 2745 2950 igitur
2784 2885 2838 2932 et
2859 2874 2994 2945 justi
3036 2875 3128 2930 Dei
3161 2882 3288 2929 sunt
3318 2870 3612 2941 legislatio-

2041 2993 2157 3041 nes,
2188 2973 2402 3031 etiamsi
2440 2971 2680 3028 haeretici
2711 2967 2955 3041 praedicti
2986 2965 3136 3038 pravi
3172 2965 3263 3022 Dei
3303 2963 3473 3042 legem
3497 2975 3618 3019 esse

2042 3068 2204 3138 impie
2231 3065 2649 3122 calumnientur.
2745 3080 2750 3084 ’

2118 3159 2277 3214 Vsus.
2320 3157 2406 3212 13.
2446 3177 2462 3210 ι
2506 3154 2660 3222 Quod
2704 3167 2834 3224 ergo
2878 3152 3080 3207 bonum
3114 3156 3219 3212 est,
3253 3146 3384 3202 mibi
3417 3145 3615 3201 factum

2042 3266 2128 3314 est
2180 3249 2364 3313 mors?
2401 3248 2556 3311 Absit
2585 3248 2598 3308 l
2633 3246 2740 3309 Sed
2772 3254 3076 3324 peccatum,
3101 3250 3160 3297 ut
3197 3247 3456 3311 appareat
3484 3253 3614 3309 pec-

2042 3360 2245 3416 catum,
2308 3364 2402 3419 per
2429 3349 2630 3403 bonum
2681 3345 2811 3400 mihi
2864 3353 3144 3414 operatum
3175 3343 3257 3396 est
3294 3339 3548 3394 mortem.
3589 3347 3612 3383 ι

2043 3443 2176 3508 Lex,
2203 3441 2394 3510 inquit,
2423 3456 2530 3494 non
2561 3447 2644 3494 est
2674 3437 2814 3492 facta
2845 3436 2974 3491 mihi
3000 3449 3146 3489 mors
3171 3449 3187 3500 ;
3223 3431 3316 3488 sed
3341 3431 3618 3502 peccatum

2044 3551 2130 3590 me
2153 3535 2375 3598 occidit,
2431 3541 2486 3586 ut
2522 3538 2779 3600 appareat
2817 3527 2975 3598 quale
2999 3533 3372 3596 quantumque
3400 3523 3471 3578 sit
3508 3535 3621 3575 ma-

2043 3625 2177 3691 lum,
2203 3622 2452 3694 quodque
2494 3619 2610 3689 lege
2644 3618 2745 3688 ipsi
2786 3617 3048 3671 medelam
3077 3612 3356 3678 aﬂ'erente,
3381 3609 3622 3665 deterius

2045 3715 2318 3772 evaderet.
2358 3711 2645 3767 Peccatum
2683 3716 2886 3774 autem,
2916 3717 2972 3760 ut
3008 3713 3062 3759 et
3088 3718 3254 3773 supra
3289 3715 3622 3757 commemo-

2045 3816 2244 3872 ratum,
2318 3802 2588 3872 intelliges
2653 3808 2924 3852 amantem
2963 3794 3254 3865 voluptatis
3295 3793 3620 3848 sententiam

2047 3914 2140 3955 seu
2176 3904 2431 3960 mentem,
2481 3902 2644 3961 atque
2687 3891 3059 3944 vehementem
3090 3888 3154 3939 ad
3187 3893 3467 3956 peccatum
3505 3898 3623 3939 mo-

2049 3992 2273 4051 tionem,
2302 3997 2462 4056 atque
2489 3985 2625 4039 adeo
2650 3981 2946 4044 diabolum,
2983 3980 3266 4048 ipsumque
3294 3987 3476 4032 actum
3509 3991 3622 4046 pra:

2049 4080 2318 4149 voluptate
2370 4077 2748 4147 pcllicicntem.
2797 4073 3010 4127 Gratias
3050 4071 3216 4140 igitur
3239 4067 3479 4136 Christo,
3529 4066 3624 4137 qui

2049 4188 2149 4227 nos
2187 4187 2217 4225 a
2252 4177 2398 4224 tanto
2430 4168 2568 4223 malo
2600 4167 2880 4234 liberavit.

2127 4284 2146 4319 ι
2213 4263 2282 4318 lit
2329 4262 2422 4316 ﬁat
2471 4277 2633 4331 supra
2681 4262 2898 4316 modum
2945 4272 3176 4330 peccans
3217 4263 3498 4327 peccatum
3532 4266 3629 4322 per

2053 4356 2384 4412 mamlatmu.
2427 4372 2445 4405 ι
2501 4383 2571 4392 -
2608 4369 2627 4403 ι
2665 4349 2734 4406 Ut
2772 4350 2885 4415 ﬁat,
2918 4368 2936 4403 ι
2969 4363 3090 4419 pro,
3121 4355 3400 4418 appareat,
3423 4351 3628 4414 quanta

2051 4449 2122 4501 sit
2185 4445 2389 4513 peccati
2430 4441 2700 4513 pernicies
2757 4458 2771 4494 :
2837 4440 3287 4510 quemadmodum
3343 4446 3398 4489 et
3443 4431 3626 4487 illud:

2060 4557 2078 4588 ‹
2120 4537 2198 4590 Sit
2229 4549 2404 4590 autem
2436 4533 2581 4588 Deus
2625 4543 2808 4593 verax,
2847 4548 2866 4582 ι
2928 4543 3047 4597 pro,
3086 4526 3260 4596 palam
3298 4524 3392 4579 fiat
3420 4532 3475 4578 et
3507 4535 3632 4592 per--

378 4606 545 4659 Τοῦτο
577 4607 634 4659 δέ
668 4606 759 4659 διὰ
790 4607 890 4677 τῆς
921 4608 1136 4675 ἐντολῆς
1159 4607 1373 4678 ἐδείχθη
1392 4623 1404 4637 '
1444 4609 1715 4679 ἐχρήσατο
1743 4609 1851 4678 γὰρ
1881 4610 1946 4677 τῇ

2057 4629 2324 4699 spicuum.
2377 4627 2522 4679 Istud
2565 4631 2743 4676 autem
2785 4634 2878 4690 per
2923 4619 3238 4672 mandatum
3280 4618 3627 4670 demonstra-

379 4701 562 4768 ἐντολῇ
597 4701 676 4762 είς
706 4700 936 4752 θάνατον
965 4716 977 4730 ο
1025 4698 1211 4770 ὥσπερ
1257 4701 1352 4753 καὶ
1403 4701 1650 4771 νόσημα,
1689 4703 1817 4754 ὅταν
1862 4702 1952 4754 διὰ

377 4790 481 4843 τῶν
511 4790 776 4862 ἰατρικῶν
805 4790 1110 4862 φαρμάκων
1139 4795 1320 4866 χεῖρον
1363 4793 1610 4864 γένηται,
1638 4795 1738 4865 τὴν
1785 4811 1953 4848 κακο-

379 4885 567 4954 ήθειαν
590 4882 757 4936 αὐτοῦ
787 4883 1068 4953 ἐκφαίνειν
1109 4884 1328 4955 λεχθείη
1356 4885 1444 4937 διὰ
1465 4889 1563 4956 τῆς
1586 4886 1834 4957 ίατρικῆς
1867 4887 1958 4939 τέ-

379 4993 530 5047 χνης,
561 4976 638 5040 ὡς
670 4977 748 5048 μὴ
770 4975 1148 5046 ὠφελούμενον
1181 4976 1271 5030 ὑπ’
1303 4977 1491 5048 αὐτῆς.

458 5178 475 5209 ι
510 5159 748 5228 Οἴδαμεν
803 5158 932 5230 γὰρ,
980 5161 1064 5214 ὅτι
1113 5162 1142 5214 ὁ
1175 5160 1335 5231 νόμος
1367 5164 1735 5230 πνευματικός
1770 5165 1953 5218 ἐστιν·

381 5246 489 5315 ἐγὼ
514 5248 572 5300 δὲ
604 5249 867 5318 σαρκικός
897 5249 1033 5319 εἰμι,
1065 5251 1418 5320 πεπραμένος
1463 5251 1568 5304 ὑπὸ
1618 5255 1716 5323 τὴν
1769 5255 1951 5324 ἁμαρ·

379 5346 520 5394 τίαν.
552 5359 572 5392 ι
651 5339 871 5410 Ἐπειδὴ
903 5337 1078 5406 εἶπεν,
1108 5341 1191 5394 ὅτι
1241 5342 1342 5411 ήδη
1393 5341 1481 5395 διὰ
1537 5343 1636 5413 τῆς
1666 5345 1888 5414 ἐντολῆς
1916 5348 1948 5416 ἡ

381 5433 626 5503 ἁμαρτία
675 5433 872 5503 ἐφάνη,
927 5433 1014 5484 ἵνα
1049 5433 1124 5502 μὴ
1164 5432 1394 5504 νομίσῃς
1431 5435 1523 5487 τὸν
1573 5437 1735 5506 νόμον
1776 5439 1950 5493 αἴτιον

381 5525 606 5594 ταύτης,
657 5526 1004 5592 ἀπολογεῖται
1043 5526 1186 5594 ὑπὲρ
1216 5527 1420 5590 αὐτοῦ,
1464 5529 1651 5598 κοινὴν
1702 5531 1952 5601 ἐκφέρων

380 5615 583 5686 ψῆφον,
619 5617 713 5668 καὶ
739 5616 912 5684 λέγων
937 5631 952 5647 ο
1017 5634 1036 5668 ι
1070 5616 1306 5688 Οίδαμεν
1329 5618 1411 5671 ὃτι
1443 5619 1471 5672 ὁ
1500 5619 1664 5689 νόμος
1695 5637 1948 5693 πνευμα-

2056 4730 2166 4773 ιιιιιι
2218 4727 2320 4772 est.
2379 4716 2544 4771 Usum
2585 4724 2668 4769 est
2716 4713 2859 4766 enim
2915 4719 3198 4781 peccatum
3253 4705 3510 4762 mandato
3561 4706 3631 4758 ad

2055 4821 2282 4866 mortem
2316 4823 2332 4862 :
2373 4808 2593 4878 perinde
2623 4821 2684 4860 ac
2713 4805 3000 4860 intirmitas
3026 4803 3107 4857 vel
3150 4805 3387 4865 morbus,
3414 4797 3632 4867 quando

2058 4920 2157 4974 per
2183 4902 2389 4957 medica
2429 4902 2719 4971 pharmaca
2755 4895 3000 4953 redditur
3037 4893 3292 4956 deterior,
3320 4890 3516 4945 malam
3543 4887 3631 4942 sui

2059 4993 2430 5049 habitudinem
2484 5006 2578 5061 per
2633 4991 2898 5044 medicam
2959 4997 3130 5041 artem
3197 4983 3473 5039 declarare
3521 4979 3632 5034 dici

2057 5097 2239 5156 queat,
2272 5100 2392 5140 cum
2417 5098 2480 5138 ex
2510 5099 2572 5137 ea
2603 5083 2734 5137 nihil
2761 5083 2998 5153 juvetur.

2134 5177 2292 5232 Vens.
2349 5177 2434 5231 M.
2469 5195 2488 5227 ι
2526 5176 2739 5229 Scimus
2789 5177 2933 5229 enim
2980 5170 3121 5241 quod
3171 5170 3258 5225 lex
3328 5164 3630 5236 spiritualis

2043 5271 2146 5332 sit,
2174 5287 2273 5340 ego
2324 5280 2504 5324 autem
2537 5268 2792 5332 carnalis,
2830 5267 3167 5320 venundatus
3194 5264 3294 5316 sub
3326 5268 3564 5330 peccato.
3601 5277 3621 5308 ι

2057 5359 2193 5424 Quia
2231 5362 2458 5427 dixerat,
2494 5362 2636 5430 quod
2684 5362 2794 5429 jam
2853 5373 2946 5426 per
2993 5356 3304 5408 tnandatum
3348 5358 3627 5420 peccatum

2055 5456 2325 5521 apparuit,
2355 5470 2421 5508 ne
2451 5453 2732 5508 arbitreris
2766 5453 2934 5519 legem
2974 5464 3189 5504 causam
3243 5461 3363 5501 esse
3399 5443 3628 5514 peccati.

2055 5542 2296 5596 defendit
2339 5557 2795 5611 eam,commuae
2849 5539 3159 5610 suﬂragium
3221 5537 3525 5608 proferens,
3567 5551 3632 5591 ac

2057 5631 2240 5686 dicens
2276 5649 2290 5686 :
2337 5650 2356 5684 ι
2414 5630 2676 5688 Novimus
2735 5634 2875 5701 quod
2913 5631 2998 5685 lex
3035 5629 3332 5702 spiritualis
3369 5638 3486 5697 est;
3523 5645 3543 5680 ι
3576 5627 3633 5682 id

1716 5736 1917 5802 Variae
1944 5742 2274 5807 lectiones.

386 5896 429 5928 ὅ.
451 5827 650 5968 ἐζ
673 5845 744 5930 οὐ
777 5827 1268 5968 ἡιέὲπῑφανέρωται
1303 5851 1376 5888 ιιι.
1455 5836 1499 5868 ³⁸
1524 5837 1865 5914 ὑφισταμένη
1895 5859 1948 5901 ο.

678 5996 950 6058 Panos.
992 5999 1110 6062 tia.
1139 5998 1408 6065 CXXIV.

2046 5849 2088 5880 ³³
2123 5847 2444 5919 λογιζομένη
2489 5864 2541 5904 0.
2620 5849 2662 5880 "‘
2694 5850 2910 5918 ἴσχυσεν
2936 5865 3008 5904 ιιι.
3084 5848 3126 5881 ³⁷
3157 5846 3532 5918 φανερώτερον
3554 5857 3631 5898 In.

3206 6008 3280 6072 14
