4038 6594
456 400 562 464 427
1342 400 1920 463 TIIEOPHYLACTI
1960 399 2370 468 BULGARIE
2410 406 2770 469 ARCHIEP.
3606 407 3705 476 εἷ’ὶὸ

455 514 600 571 enim
623 520 703 567 est
745 511 797 565 iu
846 510 1115 573 confosso,
1151 525 1246 565 nec
1280 512 1514 582 euipiam
1541 513 1857 570 obscurum.
1886 513 2027 569 Tan-

2134 516 2285 581 τικός
2319 517 2489 571 ἐστιν.
2534 517 2975 589 Ὠμολογημένον
3028 517 3139 591 γάρ
3181 517 3297 574 ἐστι
3325 517 3509 589 τοῦτο,
3556 524 3704 593 φησι,

456 620 569 665 ιιιιιι
600 606 741 662 enim
777 607 1007 661 abcstut
1032 605 1117 659 lex
1152 606 1220 659 sit
1251 621 1411 662 causa
1465 610 1694 678 peccati,
1728 617 1787 663 ut
1816 610 2030 666 virtutis

454 704 630 773 potius
662 699 734 753 sit
770 699 1124 769 ,praeceptrix,
1176 698 1399 769 Vitiique
1455 699 1677 754 inimica
1710 710 1763 755 et
1799 699 1906 772 50
1936 703 2033 757 1ιοο·

453 800 554 854 st'is
587 815 602 853 :
640 798 741 852 hoc
796 797 939 851 enim
969 804 1054 851 est
1102 797 1244 864 quod
1293 797 1386 859 ait,
1431 815 1451 849 ι
1492 795 1801 866 Spiritualis
1850 808 1951 857 est.
2005 818 2025 851 ι

452 890 610 948 Unde
659 889 821 960 igitur
866 897 1147 958 peccatum
1194 896 1412 941 enatum
1458 898 1565 953 est,
1599 890 1642 943 si
1678 889 1761 943 lex
1790 900 1898 943 tam
1929 890 2033 943 mi-

453 984 618 1039 randa
681 983 753 1038 sit
806 980 1109 1051 magistra?
1144 980 1180 1034 Λ
1236 980 1622 1050 discipulorum
1674 983 1921 1037 socordia
1979 991 2033 1037 ct

454 1070 840 1132 imbecillitate.
878 1071 1019 1143 «Ego
1049 1091 1066 1124 ι
1095 1074 1262 1139 enim,
1284 1072 1481 1142 inquit,
1510 1091 1530 1125 ι
1561 1074 1795 1129 carnalis
1821 1090 1966 1140 sum,
2004 1094 2023 1129 ι

453 1168 558 1224 hoc
608 1177 711 1233 eet,
749 1165 1003 1221 universa
1035 1164 1265 1219 humana
1324 1172 1538 1228 natura,
1591 1180 1709 1219 cum
1739 1180 1856 1234 qua!
1907 1176 2033 1221 ante

454 1259 720 1315 sancitam
755 1256 926 1327 legem
960 1297 977 1323 ,
1038 1265 1147 1310 tum
1187 1269 1306 1325 quae
1343 1264 1584 1325 tempore
1623 1255 1776 1324 legis,
1813 1256 2032 1310 univcr-

453 1365 571 1405 sam
634 1348 927 1406 aﬂ'ectuum
979 1348 1191 1404 turbam
1259 1348 1363 1404 sibi
1428 1358 1771 1419 aggregatatu
1821 1349 2043 1407 habuit..

451 1438 570 1494 Non
619 1440 763 1495 enim
805 1448 1012 1495 tantum
1050 1439 1329 1494 mortales.
1360 1438 1489 1494 facti
1512 1453 1702 1494 sumus
1746 1452 1809 1493 ex
1841 1441 2029 1495 Adami

453 1531 917 1602 praevaricatione,
945 1545 1130 1586 verum
1162 1530 1323 1585 etiam
1348 1528 1572 1589 affectus
1605 1546 1800 1600 pravos
1839 1542 2029 1588 natura

453 1624 680 1694 recepit,
741 1624 841 1679 sub
868 1631 1097 1695 peccato
1128 1622 1348 1678 vendita
1392 1631 1449 1679 et
1480 1621 1533 1677 in
1565 1622 1885 1679 servitutem
1947 1638 2033 1679 re-

452 1718 633 1782 dacta,
668 1718 739 1773 ita
774 1726 833 1771 ut
870 1731 935 1772 ne
962 1726 1124 1785 caput
1152 1715 1367 1786 quidem
1398 1714 1604 1785 erigere
1634 1724 1819 1784 queat.

525 1810 688 1866 Vens.
744 1808 831 1864 l5.
870 1826 901 1863 ι.
932 1807 1082 1874 Quod
1143 1808 1286 1862 enim
1338 1820 1557 1878 operor,
1591 1824 1611 1858 ι
1646 1807 1838 1879 iuqttit,
1868 1823 1887 1859 ι
1921 1821 2029 1863 ιιοη

2135 607 2228 661 καὶ
2260 608 2425 662 πᾶσιν
2482 608 2815 679 ἐγνωμένον,
2866 612 2950 666 ὅτι
2985 610 3238 667 τοσοῦτον
3272 612 3468 685 ἀπέχει
3499 612 3596 668 τοῦ
3624 613 3706 667 αῑο

2133 716 2245 756 τιοξ
2281 694 2419 753 εἶναι
2461 702 2489 754 ὁ
2521 700 2682 771 νόμος
2721 701 3021 774 ἁμαρτίας,
3074 700 3216 755 ὥστε
3253 704 3347 756 καὶ
3392 702 3706 770 διδάσκαλος

2133 790 2336 861 ἀρετῆς
2382 792 2532 859 ἐστι,
2581 791 2677 847 καὶ
2704 792 2905 857 κακέας
2940 792 3228 866 πολέμιος·
3267 791 3427 848 τοῦτο
3455 794 3568 867 γὰρ
3620 797 3698 862 τὸ,

2132 900 2157 933 4
2200 883 2602 953 Πνευματικός.
2649 902 2668 935 ι
2710 884 2879 939 Πόθεν
2913 883 3005 939 οὖν
3034 886 3066 956 ἡ
3106 886 3351 956 ἁμαρτία
3382 887 3628 955 γέγονεν,
3660 890 3705 941 εἰ

2133 970 2276 1025 οὕτω
2301 972 2613 1041 θαυμαστός
2648 977 2797 1030 ἐστιν
2826 978 2854 1029 ὁ
2892 976 3242 1042 διδάσκαλοςς
3271 978 3429 1050 Παρὰ
3454 978 3555 1049 τὴν
3606 979 3708 1032 τῶν

2137 1064 2394 1135 μαθητῶν
2412 1067 2682 1138 ρᾳθυμίαν
2710 1069 2804 1121 καὶ
2820 1067 3127 1123 ἀσθένειαν.
3148 1088 3168 1121 ι
3193 1069 3335 1137 Ἐγὼ
3352 1090 3372 1122 ι
3394 1072 3525 1142 γὰρ,
3555 1071 3706 1141 φησι,

2141 1175 2157 1206 ι
2184 1158 2444 1228 σαρκικός
2457 1160 2595 1229 εἰμι,
2619 1177 2638 1210 ι
2662 1159 2961 1226 τουτέστιν,
2982 1162 3013 1231 ἡ
3030 1160 3347 1232 ἀνθρωπίνη
3364 1164 3514 1216 πᾶσα
3529 1162 3706 1231 φύσις,

2131 1248 2166 1317 ἥ
2194 1264 2253 1300 τε
2279 1249 2383 1319 πρὸ
2414 1252 2601 1320 νόμου,
2638 1251 2780 1321 καὶὴ
2814 1253 2873 1304 ὲν
2905 1254 3074 1323 νόμῳ,
3105 1252 3283 1306 πάντα
3302 1253 3392 1307 τὸν
3422 1246 3578 1324 ὅχὶῖον
3606 1254 3709 1307 τῶν

2133 1339 2322 1392 παοῶν
2349 1340 2745 1411 ὲπιισαχθέντα
2773 1343 2919 1414 αὐτῇ
2955 1343 3132 1414 ἔσχεν.
3163 1345 3236 1398 Οὐ
3266 1344 3375 1415 γάρ
3404 1346 3565 1415 μόνον
3591 1345 3712 1417 θνη-

2130 1432 2215 1483 τοὶ
2245 1431 2547 1501 γεγόναμεν
2576 1434 2642 1487 εκ
2670 1436 2770 1505 τῆς
2800 1436 3166 1506 παραϐάσεως
3203 1437 3298 1490 τοῦ
3343 1437 3537 1508 Ἀδάμ,
3568 1437 3702 1491 ἀλλὰ

2131 1522 2227 1575 καὶ
2271 1524 2304 1594 ἡ
2340 1523 2501 1592 φύσις
2526 1524 2744 1591 ἐδέξατο
2770 1525 2839 1579 τὰ
2885 1526 3058 1594 πάθη,
3114 1527 3386 1597 πραθεῖσα
3441 1530 3550 1582 ὑπὸ
3604 1530 3699 1599 τὴν

2132 1615 2433 1685 ἁμαρτίαν,
2464 1616 2561 1671 καὶ
2575 1616 2734 1688 δούλη
2751 1619 3042 1692 γενομᾶνη,
3059 1619 3199 1675 ὥστε
3225 1620 3420 1696 μηδὲ⁴⁶
3437 1622 3707 1693 ἀνακύψαι

2131 1706 2419 1762 δύνασθαι.

2209 1816 2230 1850 ι
2255 1799 2320 1852 Ὃ
2337 1798 2447 1871 γὰρ
2472 1801 2912 1872 κατεργάζομαι,
2932 1819 2952 1854 ι
2974 1802 3158 1873 φησὶν,
3180 1822 3198 1856 ι
3217 1803 3279 1857 ού
3302 1802 3575 1872 γινώσκω.
3598 1824 3617 1857 ι
3633 1805 3705 1859 Οὐ

454 1900 709 1973 intelligo.
769 1919 789 1957 ι
848 1898 966 1956 Non
995 1900 1333 1968 amnigenam
1366 1898 1455 1954 hic
1483 1878 1845 1967 ignorantiam
1874 1898 2025 1953 dicit.

2130 1887 2230 1960 τὴν
2252 1890 2493 1961 παντελῆ
2519 1891 2745 1960 ἄγνοιαν
2773 1891 3011 1953 ὲνταῦθά
3032 1910 3216 1966 φησιν.
3238 1895 3300 1949 Et
3323 1896 3434 1966 γὰρ
3459 1896 3710 1964 ἀγνοοῦν-

454 1991 512 2049 Si
550 1994 693 2050 enim
741 2007 811 2046 ex
836 1991 1137 2063 ignorantia
1193 1989 1510 2061 peccabant,
1550 1987 1819 2059 quomodo
1870 1987 2026 2042 dein.

457 2099 586 2156 ceps
616 2083 1011 2157 puniebantur?
1041 2080 1146 2141 Sed
1177 2083 1304 2152 quid
1331 2081 1446 2137 ait?
1475 2080 1735 2137 Tenebris
1754 2080 2025 2151 obsepior,

456 2181 561 2236 huc
590 2179 718 2233 illuc
758 2178 959 2247 rapior,
990 2190 1087 2231 nec
1114 2174 1380 2247 quomodo
1408 2188 1492 2231 me
1521 2182 1799 2243 peccatum
1827 2172 2024 2241 rapiat,

454 2273 599 2327 novi.
650 2269 828 2341 Quare
878 2283 997 2324 cum
1039 2268 1134 2332 ait,
1173 2285 1192 2320 ι
1233 2266 1347 2323 Νοιι
1375 2263 1518 2335 novi,
1555 2283 1575 2317 ι
1606 2265 1747 2319 haud
1781 2264 2029 2334 ignoran-

454 2366 584 2420 tiam
624 2363 699 2419 rei
727 2362 944 2432 agendae
972 2359 1192 2424 iudicat,
1224 2359 1319 2417 sed
1364 2356 1824 2432 circutttstantiam
1856 2365 1910 2410 et
1941 2356 2026 2410 in-

452 2455 619 2510 sidias
665 2469 729 2508 ac
765 2429 1137 2521 deceptionem
1171 2458 1226 2506 et
1254 2459 1485 2522 raptum.
1521 2429 1643 2505 [hic
1693 2458 1871 2503 autem
1914 2462 2029 2501 om-

453 2546 545 2601 nia
570 2544 635 2600 de
662 2543 976 2598 mortalibus
1006 2542 1095 2613 qui
1121 2550 1249 2601 ante
1269 2540 1466 2597 Christi
1490 2540 1543 2595 in
1586 2553 1802 2599 carnem
1829 2539 2029 2594 adven-

456 2648 565 2694 tum
605 2636 776 2703 fuere,
812 2635 964 2701 dicit,
1015 2633 1228 2692 etiamsi
1247 2634 1551 2705 [propriam
1600 2646 1887 2704 personam
1931 2645 2028 2703 po-

454 2731 644 2786 suerit.

534 2842 551 2875 ι
613 2821 733 2878 Non
767 2819 909 2879 enim
955 2818 1095 2889 quod
1135 2817 1276 2883 volo,
1313 2817 1417 2873 hoc
1446 2832 1565 2889 ago.
1601 2836 1620 2871 ι
1653 2816 1758 2874 Pro
1789 2833 1854 2875 eo
1887 2818 2027 2888 quod

455 2922 561 2982 est,
622 2914 737 2969 Non
794 2912 938 2969 enim
996 2909 1139 2981 quod
1182 2909 1467 2966 voluerunt
1500 2910 1766 2975 homines,
1797 2910 2025 2981 quitum

454 3008 659 3070 vixere,
718 3004 841 3058 illud
889 3010 1132 3073 egerunt.
1192 2997 1307 3055 Non
1341 2998 1546 3055 inducit
1587 3007 1763 3056 autem
1791 2999 2027 3055 necessi-

457 3109 642 3163 tatem,
704 3110 880 3164 ncque
941 3095 1046 3149 vim
1094 3108 1191 3165 per
1249 3091 1553 3164 hujusmodi
1606 3107 1902 3149 sermones.
1956 3094 2026 3148 At

455 3191 586 3259 quid
638 3188 757 3243 ait?
806 3187 959 3257 Quod
1017 3200 1124 3241 non
1153 3183 1463 3251 laudabant,
1481 3187 1634 3259 quod
1667 3199 1770 3241 non
1803 3184 2025 3255 recipie-

454 3283 607 3346 hant,
665 3279 805 3350 quod
859 3295 962 3335 non
1016 3276 1331 3349 diligebant,
1373 3277 1476 3333 hoc
1532 3275 1820 3333 faciebant.
1864 3275 2030 3333 Infert

451 3369 598 3424 enim
629 3368 880 3438 deinceps
914 3383 930 3423 :

539 3476 560 3510 ι
585 3457 691 3515 Sed
749 3457 887 3530 quod
938 3457 1047 3524 odi,
1105 3456 1207 3512 hoc
1240 3454 1399 3513 facio.
1433 3474 1453 3510 ι
1493 3454 1827 3526 Viden’quod
1857 3471 2031 3526 neque

456 3551 589 3617 vim,
620 3564 791 3619 neque
812 3548 1188 3605 necessitatem
1220 3547 1309 3604 hic
1337 3547 1533 3605 infert?
1556 3547 1706 3606 Alias
1738 3547 2027 3617 intulisset,

459 3643 565 3699 Sed
607 3642 745 3712 quod
772 3656 952 3714 cegor,
996 3641 1100 3697 hoc
1125 3656 1224 3713 ago
1257 3642 1409 3711 :iam
1458 3656 1591 3697 vero
1625 3656 1728 3696 non
1757 3641 1835 3697 sic
1869 3640 2027 3707 dixit,

456 3737 571 3801 sed,
614 3753 633 3788 ι
691 3733 843 3800 Quod
879 3736 987 3790 odi.
1025 3753 1043 3786 ι
1082 3733 1259 3801 Quare
1290 3733 1438 3797 illud,
1478 3750 1497 3785 ι
1533 3731 1687 3798 Quod
1716 3734 1861 3796 nolo,
1899 3749 1918 3783 ι
1949 3730 2028 3786 sic

457 3825 712 3895 accipias,
759 3834 816 3880 ut
845 3825 1143 3889 expositum
1191 3833 1294 3881 est.
1326 3823 1606 3890 Quomodo
1634 3822 1796 3894 igitur
1821 3823 2030 3878 contiu-

458 3919 656 3989 gebant
702 3913 877 3971 mala?
926 3912 1027 3969 Per
1052 3914 1439 3984 arreptionem,
1504 3929 1600 3983 per
1660 3914 2027 3969 inﬁrmitatem

456 4028 561 4083 qua
620 4008 1054 4065 laborabaut‘ex
1118 4006 1562 4076 praevaricatione
1613 4005 1825 4060 Adami.
1880 4003 2030 4061 Hanc

454 4118 619 4176 porro
668 4101 1031 4157 inﬁrmitatem
1072 4099 1156 4153 lex
1201 4097 1442 4167 proiecto
1472 4111 1669 4153 sanare
1696 4110 1801 4151 non
1834 4096 2024 4167 potuit,

455 4194 669 4253 etiamsi
712 4192 840 4263 quid
875 4193 1136 4263 agendum
1166 4198 1314 4247 esset
1350 4188 1580 4246 dictaret
1614 4207 1629 4243 :
1660 4188 1907 4245 Christus
1934 4202 2030 4244 au-

458 4299 562 4345 tem
613 4288 876 4344 accedens
902 4286 1136 4340 sanavit.
1191 4282 1288 4340 Hie
1342 4283 1505 4355 igitur
1552 4281 1807 4353 Apostolo
1834 4296 2031 4352 seopus

454 4391 538 4436 est
589 4395 682 4450 per
708 4378 888 4434 omnia
937 4393 1055 4448 quae
1091 4376 1228 4433 dixit
1287 4386 1343 4431 et
1389 4389 1509 4446 qua;
1537 4373 1779 4430 dicturus
1800 4383 1902 4439 est,
1932 4375 2030 4430 de-

457 4482 760 4529 monstrare
819 4471 1106 4525 humanam
1155 4476 1405 4527 naturam
1451 4466 1863 4523 immedicabilia
1900 4482 2028 4538 pas-

2134 1998 2227 2045 τες
2261 1981 2610 2054 ἡμάρτανον,
2663 1984 2783 2049 πῶς
2809 1984 2997 2041 λοιπὸν
3036 1987 3389 2052 ὲκολάζοντο;
3454 1987 3615 2043 Ἀλλὰ
3656 1988 3709 2043 τι

2134 2088 2268 2143 φησι
2287 2088 2316 2139 ς’
2337 2072 2666 2145 Examinat,
2698 2074 3140 2147 συναρπάζομαι,
3173 2077 3280 2133 οὐκ
3306 2072 3446 2144 οἶδα,
3493 2077 3611 2142 πῶς
3641 2094 3707 2149 με

2135 2169 2469 2239 συναρπάζει
2492 2171 2525 2241 ἠ
2550 2171 2817 2242 ἁμαρτία.
2839 2172 3002 2227 Ὥστε
3014 2172 3095 2238 τὸ,
3120 2189 3140 2225 ι
3167 2173 3242 2227 Οὐ
3260 2171 3537 2247 γινώσκω,
3560 2192 3581 2226 ι
3610 2174 3709 2229 οὐκ

2131 2262 2357 2332 ἄγνοιαν
2385 2265 2641 2336 ἐμφαίνει
2669 2265 2762 2320 τοῦ
2787 2266 3063 2337 πρακτέου
3087 2266 3156 2333 ⁶¹,
3188 2266 3326 2322 ἀλλὰ
3355 2269 3703 2339 περίστασιν,

2130 2358 2225 2412 καὶ
2254 2358 2570 2430 ἐπιϐουλὴν,
2600 2361 2696 2414 καὶ
2729 2360 2969 2435 ἀπάτην,
2999 2361 3094 2415 καὶ
3125 2362 3503 2433 συναρπαγήν.
3528 2360 3709 2415 Ταῦτα

2130 2449 2191 2503 δὲ
2222 2451 2399 2505 πάντα
2425 2451 2558 2522 περὶ
2583 2451 2694 2506 τῶν
2712 2452 2831 2523 ιπρδ
2849 2453 2950 2524 τῆς
2979 2452 3277 2524 ιπιδημίας
3319 2453 3417 2507 τοῦ
3465 2453 3704 2524 Χριστοῦ

2132 2542 2438 2613 ἀνθρώπων
2466 2542 2635 2613 λέγει,
2665 2547 2714 2598 εἰ
2748 2545 2844 2599 καὶ
2875 2547 2939 2600 τὸ
2971 2547 3172 2600 οἰκεῖον
3209 2547 3507 2618 πρόσωπον
3537 2547 3707 2603 τέθει-

2133 2651 2250 2691 κεν.

2213 2836 2232 2870 ι
2271 2819 2345 2872 Οὐ
2377 2818 2487 2889 γὰρ
2508 2819 2538 2872 6
2581 2818 2742 2882 Θέλω,
2769 2820 2927 2872 τοῦτο
2973 2834 3225 2891 πρασσω.
3252 2837 3272 2872 ι
3322 2820 3470 2873 ’Λντὶ
3491 2819 3610 2885 τοῦ,
3633 2819 3707 2874 Οὔ

2132 2910 2241 2982 γὰρ
2262 2912 2291 2966 6
2317 2912 2506 2980 ἤθελον
2532 2913 2583 2966 οι
2614 2912 2735 2966 τότε
2758 2911 3067 2984 ἄνθρωποι,
3097 2912 3257 2967 τοῦτο
3275 2912 3571 2984 ἔπραττον.
3595 2913 3707 2966 Οὐκ

2132 3002 2379 3073 ἀνάγκην
2409 3003 2466 3057 δὲ
2500 3005 2731 3074 εἰσάγει,
2767 3003 2888 3058 οὐδὲ
2917 3004 3039 3074 βίαν
3072 3004 3164 3058 διὰ
3198 3005 3306 3058 τῶν
3338 3002 3599 3058 τοιούτων
3625 3004 3710 3058 λό-
3793 3038 3803 3049 ι

2131 3112 2264 3164 γων.
2296 3095 2457 3153 Ἀλλὰ
2498 3096 2552 3150 τί
2572 3113 2774 3166 φησιν;
2805 3095 2956 3150 ’Δντὶ
2985 3095 3101 3162 τοῦ,
3132 3097 3166 3149 6
3198 3098 3275 3168 μὴ
3305 3099 3564 3168 ιπήνουν,
3585 3097 3706 3167 ὁμὴ

2128 3188 2478 3259 ἀπεδέχοντο,
2510 3189 2539 3243 6
2574 3189 2650 3262 μὴ
2680 3190 2932 3262 ⁴Ιιγάπιιιιν,
2988 3190 3149 3246 τοῦτο
3194 3192 3450 3247 ἐποίουνο
3503 3190 3696 3261 ἐπάγει

2132 3280 2241 3351 γὰρ
2269 3280 2470 3351 ἐφεξῆς

2206 3484 2226 3517 ι
2271 3463 2435 3520 Ἀλλὰ
2459 3463 2489 3517 6
2520 3462 2684 3534 μισῶ,
2715 3465 2873 3518 τοῦτο
2898 3463 3056 3521 ποιῶ.
3090 3481 3111 3516 ι
3160 3464 3345 3536 Ὁρᾷς,
3374 3465 3458 3537 ὅτι
3486 3465 3553 3519 ού
3586 3464 3705 3535 βίαν

2130 3559 2361 3627 εἰσάγει,
2393 3557 2515 3611 οὐδὲ
2552 3557 2799 3628 ἀνάγκην
2832 3575 2847 3625 ;
2888 3556 3169 3628 Ἐπήγαγε
3201 3557 3311 3628 γὰρ
3341 3557 3430 3624 ἂν,
3503 3558 3643 3611 Ἀλλ’
3677 3556 3706 3610 6

2127 3652 2532 3723 ἀναγκάζομαι,
2563 3650 2722 3708 τοῦτο
2760 3651 3008 3723 πράσσω.
3040 3650 3156 3705 Νῦν
3194 3650 3252 3704 δὲ
3284 3650 3381 3721 οὐχ
3409 3647 3587 3712 οὕτως
3624 3647 3704 3702 si-

2131 3761 2252 3812 πεν,
2277 3745 2414 3812 ἀλλ’,
2454 3764 2473 3797 ι
2496 3745 2561 3799 '0
2581 3744 2778 3815 μισῶ.)
2808 3744 2970 3797 Ὥστε
3000 3743 3077 3809 τὸ,
3102 3742 3203 3797 ιὊ
3226 3742 3288 3796 οὐ
3316 3742 3478 3806 θέλω,
3509 3761 3528 3794 ι
3563 3741 3704 3794 οὖ;ω

2130 3838 2367 3910 νοήσεις,
2395 3837 2471 3901 ὼς
2504 3835 2796 3907 ἐξελ-ἡφθη.
2837 3835 2960 3900 Πῶς
3002 3834 3097 3890 οὖν
3141 3835 3388 3903 ἑγέιοντο
3420 3834 3489 3887 τὰ
3516 3834 3704 3900 κακάς

2130 3929 2286 3985 Κατά
2316 3929 2698 3999 συναρπαγὴν,
2740 3926 2885 3982 κατὰ
2937 3925 3246 3990 ἀσθένειαν,
3294 3926 3361 3997 ἢν
3406 3923 3565 3995 ἔσχον
3597 3924 3705 3978 ἀπὸ

2130 4022 2231 4091 τῆς
2264 4021 2624 4092 παραϐάσεως
2650 4020 2746 4075 τοῦ
2773 4020 2965 4089 Ἀδάμ.
2988 4019 3207 4088 Ταύτην
3223 4017 3285 4072 δι
3299 4017 3402 4089 τὴν
3420 4016 3705 4072 ἀσθένειαν

2129 4116 2158 4167 6
2183 4112 2281 4183 μὲν
2310 4113 2471 4183 νόμος
2497 4113 2597 4166 οὐκ
2627 4112 2846 4182 ἴσχυσεν
2891 4110 3170 4175 ἰάσασθαι,
3230 4109 3408 4164 καίτοι
3455 4108 3518 4163 τδ
3566 4126 3705 4179 πρα-
3770 4106 3774 4111 “
3808 4104 3822 4116 ’

2129 4204 2289 4259 κτέον
2307 4204 2663 4275 ὑπαγορεύων
2681 4219 2698 4237 ο
2722 4206 2750 4258 ὁ
2770 4203 2827 4258 δὲ
2842 4203 2888 4257 Χ
2896 4203 3076 4274 ριστδς
3092 4201 3263 4258 ἐλθὼν
3277 4202 3503 4257 ἥσατο.
3536 4195 3705 4263 Οὗτος

2129 4292 2224 4352 οὖν
2253 4298 2402 4350 ἐστιν
2425 4296 2676 4359 ὁσκοπὺς
2704 4295 2784 4367 τῷ
2814 4296 3125 4367 Ἀποστὸλῳ
3142 4296 3233 4351 διά
3266 4295 3505 4361 πάντων,
3541 4287 3617 4348 ὧν
3646 4311 3703 4348 τε

2129 4385 2306 4457 εἶπεν,
2337 4391 2430 4445 καὶ
2462 4383 2536 4444 ὧν
2565 4388 2751 4461 μέλλει
2781 4391 2977 4457 εἰπεῖν,
3002 4389 3066 4443 τὸ
3093 4388 3261 4455 δεῖξαι
3295 4387 3393 4459 τὴν
3427 4387 3704 4457 ἀνθρωπὶ-

2130 4503 2229 4557 νην
2253 4486 2413 4556 φύσιν
2468 4486 2664 4540 ἀνίατα
2690 4484 2995 4551 παθοῦσαν,
3025 4484 3123 4538 καὶ
3150 4483 3252 4555 οὐχ
3284 4482 3388 4536 ὑπὸ
3416 4481 3580 4537 ἄλλου
3618 4483 3703 4535 ia.-

457 4579 595 4631 sant,
649 4578 750 4619 nec
802 4562 870 4618 ab
897 4561 1003 4617 ullo
1028 4561 1132 4616 alio
1159 4558 1377 4617 sanitati
1425 4558 1749 4624 restitutam,
1803 4568 2024 4629 praeter-

2130 4580 2333 4645 Θεϊσαν,
2365 4579 2399 4652 ἢ
2435 4579 2482 4612 δ’
2507 4578 2612 4632 ὑπὸ
2641 4576 2733 4632 τοῦ
2765 4575 3026 4648 Χριστοῦ.

456 4670 618 4726 quam
644 4670 672 4708 a
704 4656 820 4710 solo
851 4654 1086 4710 Christo.

414 4750 417 4753 ’
529 4745 695 4801 Vens.
728 4746 811 4800 16.
845 4764 864 4798 ι
894 4746 948 4800 Si
982 4756 1162 4803 autem
1203 4743 1346 4815 quod
1369 4741 1514 4806 nolo,
1542 4742 1687 4798 istud
1712 4742 1874 4809 facio,
1894 4757 2025 4797 con-

454 4840 628 4896 sentio
686 4838 787 4910 legi
841 4836 983 4908 quod
1029 4838 1164 4891 bona
1212 4842 1316 4891 est.
1379 4854 1399 4887 ο
1458 4832 1610 4901 Quod
1654 4832 1794 4887 bona
1820 4834 1891 4888 sit
1919 4832 2024 4894 lex.

454 4936 582 4990 inde
628 4929 861 4997 constat,
900 4931 1042 5000 quod
1077 4928 1200 4987 novi
1239 4925 1557 4983 naturaliter
1587 4918 1716 4996 quid
1749 4926 2023 4995 agendum

454 5025 545 5086 sit,
578 5031 633 5077 et
670 5035 775 5098 non
814 5034 935 5074 sum
993 5028 1171 5074 mente
1206 5025 1517 5087 corruptus,
1572 5015 1787 5072 etiamsi
1835 5014 2024 5071 vitium

452 5133 772 5190 prosequor.

529 5209 688 5265 Vens.
716 5208 804 5274 1⁸7,
829 5207 915 5263 18.
951 5226 969 5260 ι
1002 5206 1153 5263 Nunc
1178 5216 1356 5262 autem
1375 5206 1486 5277 jam
1516 5220 1624 5260 non
1648 5218 1844 5274 operor
1871 5201 2024 5267 illud,

456 5302 549 5359 sed
590 5300 733 5371 quod
786 5300 986 5355 habitat
1036 5299 1089 5355 in
1150 5315 1235 5354 me
1294 5307 1600 5366 peccatum.
1654 5296 1789 5352 Novi
1846 5306 2027 5351 autem

455 5396 599 5464 quod
630 5374 733 5448 non
769 5392 970 5447 habitet
1002 5393 1053 5447 in
1084 5406 1190 5459 me,
1222 5393 1323 5447 hoc
1346 5399 1432 5448 est
1458 5391 1512 5445 in
1542 5402 1707 5445 carne
1739 5402 1879 5452 mea,
1933 5388 2028 5457 ho-

453 5501 604 5540 num.
646 5504 667 5536 ι
701 5481 819 5540 Non
847 5484 980 5540 dixit
1035 5486 1177 5554 quod
1236 5498 1363 5539 caro
1405 5481 1537 5537 illud
1589 5490 1863 5552 cperetur,
1919 5481 2015 5536 sed

458 5594 479 5628 ι
513 5587 812 5649 peccatum,
856 5596 876 5629 ι
911 5577 1014 5633 hoc
1043 5584 1145 5647 est_
1160 5574 1366 5647 peccati
1402 5574 1645 5646 tyrannis
1666 5587 1751 5630 me
1778 5572 2012 5642 rapiens.

2205 4774 2224 4807 ι
2260 4755 2322 4808 ΕΙ
2354 4753 2413 4809 δὲ
2445 4754 2477 4807 6
2503 4754 2564 4807 οὐ
2593 4753 2752 4819 θέλω,
2781 4751 2940 4807 τοῦτο
2974 4750 3134 4817 ποιῶ,
3167 4751 3425 4822 σύμφημι
3449 4748 3530 4821 τῷ
3554 4748 3702 4819 νόμῳ

2126 4849 2210 4902 ὅτι
2238 4847 2422 4911 καλός.
2464 4866 2484 4900 ι
2521 4847 2641 4901 ὀτι
2670 4844 2835 4909 καλὸς
2863 4847 2894 4899 6
2915 4846 3098 4916 νόμος,
3123 4845 3282 4917 δῆλον
3299 4843 3359 4909 ἐξ
3385 4836 3462 4898 ὧν
3488 4843 3583 4897 καὶ
3602 4837 3701 4896 αὐ·

2125 4940 2218 5004 τὸς
2249 4934 2369 4994 οἶδα
2406 4939 2654 5008 φυσικῶς
2684 4939 2748 4993 τὸ
2799 4937 3095 5010 πρακτέον,
3128 4944 3225 4993 καὶ
3274 4938 3343 4991 οὐ.
3366 4935 3701 5007 διέφθαρμαι
3728 4938 3731 4941 ’

2127 5033 2227 5104 τὴν
2258 5030 2483 5101 γνώμην
2507 5031 2575 5096 ⁵³,
2613 5031 2663 5083 εἰ
2709 5030 2803 5084 καὶ
2830 5029 2930 5101 τὴν
2959 5029 3159 5084 κακίαν
3191 5029 3553 5100 μετέρχομαι.

2205 5227 2224 5262 ι
2254 5209 2369 5267 Νῦν
2394 5208 2452 5265 δὲ
2494 5208 2677 5263 οὐκέτι
2706 5206 2820 5277 εγὼ
2872 5206 3287 5279 κατεργάζομαι
3324 5205 3483 5272 αὐτὸ,
3514 5205 3634 5260 ἀλλ’
3667 5206 3697 5275 ἡ

2125 5300 2349 5363 οἰκοῦσα
2373 5303 2432 5354 ὲν
2454 5299 2579 5370 ἐμοὶ
2605 5299 2875 5372 ἁμαρτία.
2913 5295 3044 5353 Οἶδα
3078 5298 3160 5371 ,δὲ
3206 5300 3290 5352 δτι
3328 5298 3431 5352 οὐκ
3462 5297 3604 5351 οἰκεῖ
3644 5298 3698 5349 ἐν

2124 5395 2270 5464 spot,
2295 5394 2596 5459 τουτέστιν,
2628 5396 2687 5447 ὲν
2712 5395 2779 5463 τῇ
2814 5392 2977 5464 σαρκί
3010 5408 3134 5462 μου,
3161 5391 3389 5460 ἀγαθόν.
3415 5410 3434 5443 ι
3470 5389 3586 5443 Οὐκ
3618 5384 3697 5441 εἴ·

2126 5501 2226 5538 πεν
2250 5485 2331 5539 ὅτι
2352 5486 2386 5556 ἡ
2412 5485 2550 5554 σὰρξ
2579 5484 2713 5540 αὐτὸ
2731 5485 3156 5555 κατεργάζεται,
3180 5481 3320 5548 ἀλλ’,
3366 5503 3385 5536 ι
3437 5481 3505 5535 Ἡ
3527 5482 3699 5551 ἁμαρ·

2123 5578 2237 5642 τία,
2273 5596 2295 5630 ι
2332 5579 2633 5646 τουτέστιν,
2670 5579 2704 5637 ἡ
2763 5581 2862 5650 τῆς
2892 5577 3171 5650 ἁμαρτίας
3200 5577 3455 5649 τυραννὶς
3496 5590 3694 5645 συναρ-

1797 5711 1996 5772 νιιιιιω
2026 5709 2360 5775 lectiones.

521 5842 569 5875 ⁴⁶
606 5843 727 5898 οὐδὲ
763 5857 815 5899 o.
892 5844 934 5877 “
971 5844 1295 5914 πράγματος
1329 5858 1384 5900 o.
1459 5843 1503 5874 δ’
1534 5840 1653 5895 ἀλλ’
1705 5857 1758 5896 ο.
1833 5843 1879 5874 ⁸³
1909 5843 1974 5914 τῇ
2011 5841 2207 5913 γνώμῃ
2242 5858 2295 5898 ο.
