4038 6600
269 5941 296 5956 κ

351 453 448 512 42]

352 566 509 629 πάζου
519 564 581 616 σά
631 578 720 632 με.

343 662 368 710 δ
395 655 723 717 αὗάλλοντες,
747 653 838 705 κα³ι
866 652 964 724 τὴν
987 651 1082 706 τοῦ
1111 652 1246 706 Θεοῦ
1277 654 1640 728 δημιουργίαν
1671 654 1716 686 δ”
1745 655 1902 706 ἁλλο-

343 746 634 817 τριοῦντες;
667 745 776 796 Καὶ
806 745 943 808 πῶς,
978 743 1133 812 φασὶ,
1162 743 1330 811 λέγει,
1359 745 1440 796 ὅτι
1483 762 1500 794 t
1530 744 1648 796 Οὐκ
1676 744 1814 797 οἰκεῖ
1841 744 1900 798 ἐν

342 841 478 905 ἐμοὶ,
505 836 794 898 τουτέστιν,
820 837 876 888 ὲν
904 839 970 907 τῇ
1000 835 1162 907 σαρκί
1197 853 1317 906 μου,
1379 835 1580 904 ἀγαθόν
1605 853 1620 902 ;
1648 855 1666 886 ι
1705 837 1902 892 Ἀκουε

343 931 450 992 πῶς
501 928 658 981 τοῦτο
703 945 866 996 φησιν
891 943 906 958 ο
951 927 1045 980 Ἐκ
1095 926 1186 978 δύο
1217 927 1244 978 ὁ
1281 927 1566 997 ἄνθρωπος
1592 926 1902 995 σύγκειται,

339 1021 507 1090 duxi};
554 1037 614 1072 τε
664 1019 759 1071 καὶ⁵
815 1021 1049 1088 σαρκός*
1102 1017 1306 1071 τούτων
1336 1018 1393 1071 δὲ
1463 1019 1496 1087 η
1544 1018 1641 1087 μὲν
1671 1017 1816 1087 ψυχὴ
1848 1018 1906 1071 τὸ

340 1115 529 1183 κράτος
559 1111 672 1182 ἔχει
700 1113 757 1164 ὲν
795 1113 991 1176 πᾶσιν,
1045 1109 1166 1181 me
1203 1109 1341 1180 σὰρξ
1401 1109 1559 1178 δούλη
1591 1111 1759 1164 ἐστίν.
1793 1111 1907 1163 Οὐκ

285 1252 287 1254 .
339 1208 470 1258 οέκεῖ
501 1201 592 1257 οὖν
619 1207 674 1256 ὲν
703 1207 768 1275 τῇ
802 1203 967 1273 σαρκὶ
997 1202 1058 1256 τὸ
1087 1203 1309 1272 ἁγαθὶν,
1348 1204 1467 1256 ἀντὶ
1488 1203 1603 1265 τοῦ,
1640 1202 1699 1255 οὐ
1730 1205 1906 1258 κεῖται

341 1299 393 1349 ἐν
419 1301 480 1366 τῇ
507 1295 713 1364 ταύτης
743 1297 788 1327 ⁵⁵
819 1294 1066 1365 ἐξουσίᾳ,
1112 1295 1228 1348 ἀλλ’
1264 1296 1320 1346 ὲν
1371 1297 1438 1365 τῇ
1473 1295 1574 1363 τῆς
1611 1294 1810 1365 ψυχῆς.
1840 1297 1905 1347 Ὃ

339 1385 425 1441 οῦν
451 1387 639 1456 ¹ἑλητσιι
666 1389 697 1458 ἡ
729 1386 879 1456 ψυχὴ
900 1426 914 1449 ,
949 1387 1128 1437 ἐκεῖνο
1154 1385 1384 1456 πράττει
1413 1387 1444 1455 ἡ
1488 1385 1643 1456 σάρξ.
1694 1385 1905 1458 ’Ὥσπερ

340 1479 388 1531 εί
411 1495 489 1540 τις
510 1478 676 1544 εἴποι,
708 1479 791 1530 ὅτι
823 1478 937 1530 Οὐκ
988 1478 1135 1530 ἔστιν
1187 1479 1243 1530 ὲν
1275 1480 1342 1547 τῇ
1377 1474 1579 1547 κιθάρᾳ
1635 1476 1695 1529 τὸ
1743 1477 1908 1530 καλὸν

338 1569 563 1635 κροῦμα,
587 1566 704 1618 ἀλλ’
730 1569 788 1620 ὲν
820 1567 898 1636 τῷ
943 1567 1254 1638 κιθαριστῇ.
1287 1565 1361 1619 Οὐ
1407 1569 1515 1638 γὰρ
1548 1566 1647 1637 τὴν
1675 1567 1907 1636 κιθάραν

337 1653 624 1718 διαϐάλλει,
658 1654 797 1707 ἀλλὰ
821 1656 919 1725 τὴν
950 1655 1222 1730 ὑπεροχὴν
1275 1653 1368 1708 τοῦ
1407 1655 1650 1726 τεχνίτου
1685 1655 1822 1727 πρὸς
1846 1657 1909 1709 τὸ

339 1747 558 1818 ὄργανον
580 1745 852 1799 δείκνυσι.

406 1857 424 1888 ι
451 1839 521 1890 Τὸ
549 1838 660 1909 γὰρ
690 1836 867 1890 θέλειν
921 1836 1255 1909 παράκειταί
1288 1855 1404 1908 μοι,
1445 1838 1505 1891 τὺ
1533 1839 1590 1891 δὲ
1633 1837 1908 1910 κατεργάσ-

1192 445 1594 507 EXPOSITIO
1639 444 1716 506 IN
1758 445 2000 507 EPIST.
2045 445 2143 505 AD
2183 445 2365 506 ROM.
2403 471 2467 480 -
2504 445 2663 507 CAP.
2692 444 2824 506 VII.

776 561 943 614 ’Ὥστε
998 559 1051 613 τί
1113 561 1444 632 φλυαροῦσιν
1493 563 1542 616 oi
1588 563 1686 632 τὴν
1733 561 1906 634 σάρκα

2012 561 2147 629 Quid
2173 563 2333 634 igitur
2368 563 2455 617 hic
2489 573 2758 634 nugantur
2791 570 2845 615 et
2881 558 3166 631 ganniuut,
3210 559 3300 631 qui
3363 575 3580 617 carnem

3478 443 3584 506 430

2007 655 2383 726 criminantur,
2430 661 2479 709 ct
2516 669 2547 709 a
2597 654 2690 708 Dei
2728 653 2943 723 opiﬁcis
2995 653 3277 708 alienant?
3331 653 3398 708 Et
3445 668 3582 723 quo-

2007 745 2189 812 modo,
2219 744 2320 815 51
2354 746 2621 814 inquiunt,
2651 746 2718 800 ait
2760 763 2773 800 :
2810 763 2827 796 ι
2848 744 2999 811 Quod
3031 759 3132 800 non
3161 744 3431 800 habitetin
3461 760 3585 801 Car-

2009 855 2072 890 ne
2127 852 2268 898 mea.
2308 836 2544 894 bonum?
2586 855 2604 887 ι
2643 836 2778 890 Audi
2803 852 2906 906 qua
2958 835 3006 890 id
3045 835 3246 890 ratione
3291 836 3432 891 dicat
3464 854 3479 892 :
3508 838 3582 892 Ex

2008 925 2212 978 duobus
2270 926 2429 982 homo
2489 926 2817 995 compositus
2841 934 2945 992 est,
2994 940 3056 981 ex
3087 927 3264 981 anima
3287 936 3336 981 et
3376 942 3539 981 carne
3570 942 3584 979 :

2010 1018 2198 1072 horum
2261 1019 2510 1083 alterum,
2561 1019 2739 1072 anima
2799 1018 3071 1085 videlicet,
3104 1017 3386 1090 imperium
3425 1019 3590 1073 habet

2009 1109 2060 1164 in
2101 1111 2351 1169 omnibus
2405 1128 2419 1165 :
2473 1126 2598 1166 caro
2623 1120 2800 1166 autem
2862 1125 3017 1165 serva
3045 1095 3150 1166 est.
3211 1111 3329 1168 Non
3382 1111 3590 1166 habitat

2011 1203 2172 1272 igitur
2223 1202 2275 1256 iu
2329 1216 2491 1256 carne
2522 1217 2637 1256 mea
2672 1202 2892 1267 bonum,
2928 1201 2980 1256 id
3030 1210 3135 1268 est,
3171 1215 3276 1260 non
3310 1210 3394 1256 est
3421 1201 3586 1257 situm

2011 1294 2065 1349 in
2115 1293 2230 1362 ejus
2265 1287 2550 1362 potestate,
2607 1293 2703 1348 sed
2737 1294 2788 1347 in
2819 1293 3012 1347 animae
3038 1291 3283 1346 arbitrio.
3320 1289 3588 1361 Quidquid

2012 1383 2172 1453 igitur
2233 1384 2413 1437 anima
2462 1384 2704 1453 elegerit,
2760 1396 2886 1436 caro
2926 1381 3290 1451 prosequitur.
3314 1379 3590 1447 Quemad-

2012 1474 2227 1527 modum
2285 1473 2329 1528 si
2369 1472 2494 1543 quis
2537 1475 2702 1538 dicat,
2751 1471 2896 1528 Bona
2952 1482 3007 1528 et
3068 1472 3332 1527 concinna
3361 1469 3590 1539 pulsatio

2010 1585 2115 1624 non
2145 1579 2227 1623 est
2253 1568 2304 1622 iu
2323 1569 2554 1636 cithara,
2589 1569 2683 1625 sed
2738 1569 2790 1624 in
2837 1569 3160 1628 citharoedo.
3193 1565 3308 1622 Non
3339 1566 3481 1623 enim
3509 1566 3588 1623 ci-

2010 1661 2218 1718 tharam
2288 1660 2666 1726 calumniatur,
2752 1659 2848 1723 sed
2927 1657 3151 1714 artiﬁcis
3216 1657 3590 1713 excellentiam

2009 1752 2368 1809 instrumento
2403 1752 2703 1824 comparati
2736 1751 2996 1812 ostendit.

2087 1841 2248 1898 Vens.
2283 1841 2475 1906 18-20.
2514 1861 2532 1896 ι
2563 1841 2712 1900 Velle
2734 1843 2877 1900 enim
2901 1841 3112 1914 adjacet
3139 1841 3291 1908 mihi,
3331 1841 3592 1914 perﬁcere

339 1927 513 1992 ζεσθαι
537 1927 599 1981 τὸ
630 1929 800 1981 καλὸν
858 1929 956 1998 οὐχ
983 1927 1244 1999 εὑρίσκω.
1273 1929 1347 1982 Οὐ
1395 1929 1503 1998 γὰρ
1528 1928 1555 1982 ὃ
1590 1928 1724 1982 θέλω
1773 1929 1912 1983 ποιῶ

2017 1944 2193 1997 autem
2241 1934 2437 1990 bonum
2483 1949 2590 1990 non
2636 1934 2868 1991 invenio.
2923 1933 3044 1992 Non
3100 1934 3244 1990 enim
3294 1933 3436 2004 quod
3467 1931 3592 1986 volo

337 2021 530 2088 ἀγαθόν
551 2038 566 2051 ·
601 2020 720 2072 ἀλλ’
743 2020 771 2072 δ
795 2021 854 2073 οὐ
886 2021 1024 2073 θέλω
1056 2019 1248 2085 κακὸν,
1280 2019 1438 2073 τοῦτο
1467 2019 1715 2090 πράσσω.
1748 2021 1811 2072 Et
1849 2020 1905 2072 δὲ

336 2113 362 2166 ὃ
387 2113 444 2166 οὺ
483 2112 623 2165 θέλω
654 2111 787 2180 ἐγὼ,
816 2111 974 2164 τοῦτο
1027 2111 1186 2176 ποιῶ,
1216 2111 1400 2164 οὐκέτι
1431 2111 1540 2181 ἐγὼ
1570 2110 1908 2180 κατεργάζο-

343 2223 432 2274 μαι
462 2204 609 2270 αὐτὸ,
642 2205 760 2258 ἀλλ’
790 2207 822 2274 ἡ
857 2204 1084 2257 οἰκοῦσα
1113 2205 1170 2256 ἐν
1200 2206 1323 2274 ἐμοὶ
1355 2203 1620 2273 ἁμαρτία.
1651 2223 1670 2256 ι
1717 2202 1804 2256 Ἐν
1827 2202 1908 2276 τῷ

339 2301 522 2359 εἰπεῖν,
565 2316 582 2350 ι
612 2299 731 2369 Οὐχ
753 2297 1044 2368 stipitum,»
1082 2299 1345 2370 ἐπήρειαν
1370 2301 1463 2352 καὶ
1485 2299 1776 2369 ἐπιϐουλὴν
1807 2298 1908 2370 τῆς

338 2390 599 2459 ἁμαρτίας
627 2391 889 2460 ὲνὲερηνεν
909 2405 923 2418 '
952 2389 1283 2444 ἀπαλλάττει
1334 2392 1442 2461 γὰρ
1475 2391 1566 2442 καὶ
1596 2391 1694 2461 τὴν
1720 2388 1908 2442 οὐσίαν

339 2482 426 2548 τῆς
445 2480 644 2548 ψυχῆς,
677 2481 771 2532 καὶ
791 2478 888 2548 τὴν
920 2478 1111 2532 οὕσίαν
1134 2480 1231 2549 τῆς
1254 2479 1454 2549 σαρκὸς
1477 2478 1824 2549 ἐγκλήματος
1841 2479 1905 2542 ⁸⁸,

339 2572 425 2622 καὶ
449 2572 508 2624 τὸ
537 2573 646 2625 πᾶν
685 2573 778 2624 ἐπὶ
804 2569 904 2641 τὴν
934 2569 1177 2643 πονηρὰν
1228 2571 1426 2640 πρᾶξιν
1459 2571 1551 2622 καὶ
1589 2570 1908 2641 προαίρεσιν

343 2663 575 2732 μεθιστᾷ.
624 2661 719 2714 Ἐν
744 2663 842 2732 μὲν
871 2662 981 2731 γὰρ
1008 2661 1086 2731 τῷ
1115 2662 1312 2724 εἰπεῖν,
1351 2677 1368 2712 ι
1404 2662 1470 2712 Ὃ
1493 2660 1552 2711 οὐ
1580 2659 1768 2724 θέ>,ω,›
1811 2661 1909 2729 τὴν

340 2757 502 2826 ψυχὴν
557 2755 896 2810 ἀπαλλάττει
950 2753 1325 2825 ἐγκλήματος·
1382 2754 1441 2806 ὲν
1492 2752 1550 2806 δὲ
1589 2752 1668 2822 τῷ
1715 2754 1908 2818 εἰπεῖν,

347 2866 364 2899 ι
396 2847 584 2899 Οὐκέτι
613 2847 730 2914 ἐγὼ
762 2843 1173 2914 κατεργάζομαι
1203 2842 1353 2908 αὐτὸ,
1380 2860 1398 2894 ι
1429 2841 1529 2913 τὴν
1552 2843 1729 2914 σάρκα
1758 2839 1911 2894 ἀδιά-

342 2938 524 3007 ϐλητον
557 2939 740 3008 τηρεῖ.
790 2937 888 2999 Τίς
917 2932 1010 2989 οὖν
1057 2935 1116 2987 τδ
1155 2935 1327 2989 κακὸν
1375 2935 1804 3005 κατεργάζεταις
1843 2932 1908 2985 Ἢ

343 3031 590 3102 ἁμαρτία,
627 3032 756 3102 ἥτις
791 3032 959 3094 ἐστὶν,
986 3029 1058 3092 ὡς
1083 3027 1110 3080 ὁ
1131 3028 1522 3098 Χρυσόστομός
1547 3042 1730 3096 φησιν,
1753 3025 1788 3096 ἡ
1809 3041 1908 3076 πο-

344 3128 473 3194 νηρὰ
500 3125 828 3195 προαίρεσις
880 3123 974 3176 καὶ
1031 3120 1494 3190 φιλαμαρτήμων.
1542 3117 1688 3188 Αὕτη
1725 3117 1781 3170 δὲ
1810 3117 1910 3170 οὐκ

344 3216 447 3268 ἔστι
475 3217 869 3287 δημιούργημα
902 3215 948 3245 ⁵⁷
978 3213 1074 3266 τοῦ
1108 3212 1266 3276 Θεοῦ,
1303 3211 1418 3266 ἀλλ’
1450 3210 1722 3281 ἡμέτερον
1749 3209 1908 3279 κίνη-

2012 2027 2152 2081 facio
2206 2026 2405 2082 bonum
2435 2045 2452 2095 ;
2513 2029 2608 2087 sed
2656 2028 2798 2098 quod
2832 2025 2955 2086 nolo
2985 2027 3208 2094 malum,
3247 2028 3349 2087 hoc
3379 2040 3498 2097 ago.
3530 2024 3592 2082 Si

2008 2129 2187 2173 autem
2222 2118 2364 2188 quod
2401 2117 2526 2174 nolo
2567 2132 2686 2188 ego,
2729 2118 2834 2172 hoc
2870 2117 3031 2184 facio,
3061 2117 3173 2189 jam
3204 2133 3306 2176 non
3334 2131 3433 2190 ego
3462 2132 3594 2189 0pc-

2008 2226 2100 2266 ror
2137 2209 2288 2277 illud,
2321 2209 2414 2266 sed
2465 2209 2607 2281 quod
2635 2209 2916 2268 habitatio
2946 2225 3030 2266 me
3060 2219 3359 2282 peccatum.
3403 2227 3422 2262 ι
3457 2208 3593 2266 Cum

2009 2302 2104 2366 ait,
2153 2319 2173 2353 ι
2231 2301 2350 2355 Non
2401 2300 2638 2369 invenio,
2679 2321 2697 2354 ι
2762 2300 2869 2357 vim
2899 2311 2951 2356 et
2980 2300 3201 2360 insidias
3249 2300 3454 2376 peccati
3484 2301 3585 2356 de-

2008 2392 2344 2448 monstravit.
2403 2391 2618 2449 Liberat
2674 2393 2818 2454 enim
2879 2407 2998 2450 cum
3049 2393 3339 2448 essentiam
3392 2392 3588 2450 anima:

2011 2491 2119 2536 tum
2170 2483 2457 2542 essentiam
2505 2483 2684 2542 carnis
2707 2498 2736 2538 a
2773 2483 2998 2544 crimine
3027 2490 3078 2539 et
3112 2483 3472 2545 accusatione.
3505 2492 3582 2535 to-

2011 2583 2230 2644 tmnque
2313 2576 2365 2630 in
2449 2591 2673 2650 pravam
2727 2575 3093 2646 operationem
3147 2585 3202 2638 et.
3257 2575 3588 2632 voluntatem

2011 2663 2284 2744 transfert.
2339 2663 2471 2720 Nam
2514 2679 2635 2727 cum
2670 2666 2830 2732 dicit,
2865 2684 2883 2726 ι
2931 2665 3082 2734 Quod
3114 2666 3260 2732 nolo,
3300 2684 3318 2723 ι
3354 2665 3590 2721 animam

2011 2757 2249 2815 liberata
2288 2759 2518 2817 crimine
2555 2772 2570 2814 :
2603 2775 2724 2816 cum
2757 2776 2881 2818 vero
2909 2761 3110 2828 subdit,
3149 2780 3168 2814 ι
3212 2760 3332 2819 Jam
3361 2777 3465 2818 non
3489 2778 3590 2833 ego

2010 2866 2202 2921 operor
2236 2851 2386 2918 illud,
2435 2869 2453 2902 ι
2500 2867 2718 2910 carnem
2779 2853 2844 2909 ab
2892 2853 3237 2914 accusatione
3294 2854 3588 2910 immunem

2009 2948 2212 2996 servat.
2265 2940 2474 3010 Ecquid
2530 2941 2691 3012 igitur
2730 2943 2981 3011 estquod
3039 2942 3238 2998 tnalum
3291 2944 3592 3013 operatur?

2015 3037 2330 3099 Peccatum,
2360 3032 2503 3104 quod
2537 3045 2642 3100 est,
2664 3033 2814 3104 juxta
2838 3034 3204 3108 Chrysostomi
3240 3034 3588 3102 sententiam,

2013 3137 2178 3194 prava
2234 3123 2481 3180 voluntas
2534 3131 2586 3181 et
2641 3125 2897 3194 peccandi
2943 3125 3120 3179 avida.
3170 3123 3275 3181 Ista
3315 3139 3442 3180 vero
3487 3141 3590 3181 non

2012 3224 2096 3269 est
2150 3230 2282 3284 Opus
2335 3216 2447 3282 Dei,
2479 3216 2572 3272 sed
2633 3227 2819 3272 nostra
2884 3218 3049 3273 motio
3083 3228 3139 3273 et
3192 3215 3587 3285 aﬁ‘ectus.lpsa

348 3323 435 3376 μα.
467 3307 530 3359 Ἠ
557 3307 658 3376 μὲν
689 3307 799 3377 γάρ
829 3305 1015 3382 ἀπλιῖις
1057 3305 1332 3375 βούλησις,
1367 3302 1460 3355 τοῦ
1488 3301 1621 3355 Θεοῦ
1656 3303 1802 3354 ἐστιν
1823 3301 1912 3374 ἐρ-

2013 3307 2225 3376 quidem
2276 3307 2593 3377 simpliciter
2645 3309 2915 3378 voluntas,
2961 3308 3054 3364 Dei
3117 3324 3252 3378 opus
3301 3320 3426 3365 est:
3469 3311 3590 3368 talis

343 3414 461 3466 γον·
489 3401 521 3470 ἡ
551 3399 607 3452 δὲ
629 3398 813 3452 τοιάδε
836 3397 1110 3468 βούλησις,
1137 3395 1422 3467 ἡμέτερον,
1449 3395 1544 3448 καὶ
1565 3396 1663 3464 τῆς
1687 3393 1912 3463 γνώμης

345 3490 509 3559 ἡμῶν.
552 3491 789 3561 Εἴρηται
808 3491 864 3544 δὲ
889 3488 1165 3558 ἀνωτέρω,
1197 3488 1278 3550 τίς
1306 3488 1453 3562 ἐστιν
1481 3488 1512 3556 ἡ
1541 3485 1805 3556 ἁμαρτία,
1831 3485 1912 3538 ὅτι

345 3581 492 3652 ὴτῆς
553 3581 835 3651 ἁμαρτίας
877 3581 1151 3654 τυραννὶς,
1195 3577 1646 3650 συναρπαζούσης
1670 3577 1761 3632 τὸν
1790 3577 1913 3632 νοῦν

346 3670 490 3738 ἡμῶν
514 3670 560 3703 ⁸⁸
583 3671 678 3723 διὰ
704 3670 804 3739 τῆς
834 3669 1047 3740 ἡδονῆς.

418 3763 704 3832 (Εὑρίσκω
727 3761 834 3832 ἄρα
859 3762 948 3814 τὸν
977 3762 1142 3833 νόμον
1171 3763 1248 3834 τῷ
1276 3761 1482 3816 θέλοντι
1505 3762 1626 3834 ἐμοὶ
1656 3762 1830 3812 ποιεῖν
1853 3763 1913 3812 τὸ

349 3853 515 3916 καλὸν,
544 3855 626 3907 ὅτι
665 3854 791 3922 ἐμοὶ
811 3853 872 3906 τὸ
925 3853 1094 3906 κακὸν
1121 3854 1478 3927 παράκειται.
1515 3871 1532 3902 ι
1585 3851 1820 3918 ’Λσαφὲς
1851 3849 1912 3902 τὸ

349 3943 642 4014 εἰρημένον,
696 3943 768 4006 ὡς
797 3943 1028 4007 ἐλλιπῶς
1067 3943 1190 4014 ἔχον
1213 3958 1228 3972 '
1268 3943 1376 3997 ἔδει
1401 3942 1509 4013 γὰρ
1538 3940 1683 3996 οὓτω
1715 3939 1907 4010 λεχθῆ-

350 4051 461 4086 ναι·
490 4035 751 4104 Εὑρίσκω
781 4035 888 4106 ἄρα
917 4035 1006 4087 τὸν
1037 4035 1200 4106 νόμον
1229 4033 1637 4105 συνηγοροῦντά
1673 4049 1788 4101 μοι,
1822 4029 1912 4084 θέ-

348 4125 479 4179 λοντι
508 4127 605 4196 μὲν
639 4127 819 4178 ποιεῖν
851 4127 911 4178 τὸ
936 4126 1120 4191 καλὸν,
1148 4125 1224 4198 μὴ
1249 4125 1489 4178 ποιοῦντι
1517 4125 1594 4189 δὲ,
1624 4123 1758 4176 διότι
1788 4122 1914 4192 ἐμοὶ

349 4221 670 4290 παράκειται
722 4218 782 4270 τὸ
823 4218 1012 4272 κακόν.
1071 4220 1135 4272 Ὃ
1169 4219 1226 4272 δὲ
1278 4217 1450 4285 λέγει,
1492 4214 1732 4268 τοιοῦτόν
1763 4215 1910 4265 ἐστι·

349 4313 450 4382 Τὴν
471 4315 678 4382 γνῶσιν
707 4313 799 4367 τοῦ
832 4312 995 4366 καλοῦ
1033 4312 1093 4376 ἐξ
1125 4312 1298 4384 ἀρχῆς
1330 4308 1914 4380 συγκαταὸεϐλημένην

351 4406 521 4475 ἔσχον·
545 4407 792 4480 εὑρίσκω
821 4406 876 4458 δὲ
906 4405 998 4457 καὶ
1025 4404 1115 4458 τὸν
1137 4404 1297 4481 νόμον
1319 4406 1722 4472 συνηγοροῦντα
1743 4398 1914 4468 ταύτῃ

351 4502 436 4548 καὶ
456 4499 804 4562 ἐπαινοῦντα,
835 4499 926 4550 καὶ.
951 4496 1088 4550 θέλω
1122 4495 1220 4566 μὲν
1249 4497 1442 4561 ποιεῖν,
1470 4494 1608 4562 πλὴν
1642 4491 1916 4562 συναρπά-

2014 3408 2190 3452 autem
2221 3398 2466 3453 voluntas
2494 3399 2559 3452 ad
2580 3413 2674 3452 nos
2699 3401 2931 3470 pertinet
2985 3407 3039 3453 et
3071 3407 3300 3454 mentem
3326 3409 3582 3456 llOSIl'a'll.

2016 3489 2225 3543 Dictqu
2277 3498 2358 3544 est
2383 3499 2560 3548 autem
2602 3505 2761 3560 supra
2793 3491 2918 3560 quid
2960 3491 3030 3547 sit
3059 3499 3361 3562 peccatum,
3389 3507 3586 3560 nempe

2015 3580 2221 3656 peccati
2275 3581 2536 3652 tyrannis,
2575 3570 2814 3638 animum
2856 3591 3098 3639 nostrum
3130 3596 3225 3652 per
3255 3579 3588 3649 voluptatem

2015 3674 2118 3725 alio
2155 3673 2431 3742 rapientis.

2084 3763 2246 3817 Vens.
2295 3763 2386 3816 21.
2431 3781 2451 3815 t
2511 3763 2731 3820 Invenio
2783 3764 2946 3835 igitur
3005 3773 3176 3834 legem
3207 3763 3411 3820 volenti
3452 3767 3584 3819 mihi

2013 3852 2191 3907 fat-ene
2240 3854 2456 3917 bonum,
2514 3854 2654 3923 quod
2713 3853 2848 3908 mihi
2901 3855 3098 3909 malum
3155 3855 3387 3926 adjacet.
3428 3876 3446 3909 ι
3479 3859 3594 3912 0b-

2019 3957 2177 3997 suure
2209 3942 2309 3996 hoc
2335 3944 2536 3996 dictum
2571 3951 2674 4010 est,
2710 3944 2865 4014 quasi
2897 3944 3188 4014 quidquam
3221 3946 3398 4000 desit:
3429 3948 3592 4002 debe-

2014 4033 2104 4088 bat
2155 4034 2296 4088 enim
2345 4033 2422 4088 sic
2456 4033 2560 4088 dici
2595 4033 2854 4091 :Invenio
2909 4035 3094 4106 itaque
3149 4023 3318 4107 legem
3348 4037 3589 4106 patroci-

2015 4131 2230 4176 nanteru
2272 4123 2423 4189 mihi,
2477 4123 2672 4178 volenti
2714 4124 2929 4194 quidem
2981 4124 3158 4182 facere
3195 4127 3419 4190 bonum,
3445 4129 3590 4200 quod

2017 4220 2194 4266 tamen
2253 4228 2358 4266 non
2414 4211 2572 4279 facio,
2623 4229 2688 4268 eo
2737 4213 2880 4286 quod
2931 4214 3130 4269 malum
3185 4216 3316 4270 mihi
3355 4218 3588 4285 adjacct.

2013 4305 2186 4359 Porro
2220 4306 2377 4376 hujus
2425 4305 2525 4360 loci
2570 4306 2690 4362 talis
2737 4315 2822 4362 est
2870 4306 3182 4362 sententia:
3215 4306 3589 4380 Coguitioneui

2015 4396 2146 4452 boni
2176 4397 2241 4450 ah
2294 4397 2448 4452 initio
2485 4412 2689 4452 mecum
2714 4413 2821 4452 una
2862 4399 3142 4454 conditam
3175 4399 3337 4454 habui
3375 4417 3389 4454 :
3433 4400 3590 4457 inve-

2017 4489 2108 4542 nio
2137 4489 2297 4544 etiam
2338 4488 2504 4560 legem
2545 4490 2974 4562 patrocinantem
3013 4490 3156 4558 huic,
3196 4506 3424 4563 eamque
3443 4508 3592 4548 com—

352 4590 526 4661 ζομαι,
564 4594 661 4645 καὶ
705 4593 765 4643 τὸ
799 4590 967 4644 κακὸν
999 4587 1330 4661 παράκειταί
1359 4603 1488 4658 μοι’
1515 4586 1818 4648 τουτέστιν,
1849 4582 1914 4635 Ἦ

2021 4580 2383 4644 mendanlem,
2441 4593 2505 4633 ac
2557 4577 2678 4634 volo
2721 4579 2938 4649 quidem
2994 4579 3240 4652 (bonum)
3307 4583 3588 4652 persequi,

354 4685 539 4752 πρᾶξις
571 4682 670 4736 τοῦ
702 4682 872 4736 κακοῦ
909 4682 1010 4736 οὐκ
1045 4681 1316 4752 ἀνῄρηται
1347 4677 1442 4732 ἀπ’
1486 4676 1644 4747 ἐμοῦ.
1699 4673 1846 4746 Πλὴν
1887 4675 1915 4730 ὁ

2018 4671 2258 4739 adeoque
2312 4687 2590 4742 peragere,
2615 4750 2624 4758 I
2645 4680 2881 4728 attamen
2913 4673 2961 4726 vi
2986 4675 3220 4742 quadam
3253 4675 3362 4729 alio
3385 4676 3587 4746 rapior,
3625 4711 3630 4715 -

355 4778 611 4847 μακάριος
651 4774 924 4846 Ἰωάννης,
948 4774 1085 4846 μετὰ
1114 4774 1200 4839 τὸ,
1230 4771 1372 4826 καθὰ
1395 4770 1629 4840 εἴρηται,
1652 4761 1922 4844 ἑρμηνεῦ-

2017 4763 2326 4833 tualumque
2355 4764 2484 4817 mihi
2511 4764 2754 4834 proxime
2798 4764 3071 4818 admotum
3125 4776 3230 4830 est,
3269 4765 3318 4820 id
3344 4774 3428 4821 est
3465 4783 3595 4836 ope—

356 4883 440 4918 σαι
469 4869 597 4921 αὐτὸ
627 4867 703 4930 ὡς
725 4867 961 4934 ἐλλιπὲς,
989 4866 1305 4929 αἰνίττεται,
1330 4864 1411 4917 ὅτι
1443 4863 1539 4915 καὶ
1559 4861 1732 4923 ἄλλως
1759 4859 1919 4914 δύνα-

354 4974 436 5012 ται
489 4959 778 5030 νοηθῆναι·
814 4955 948 5029 οἷον,
1006 4957 1262 5026 Εὑρίσκω
1312 4954 1421 5025 ἄρα
1461 4953 1552 5006 τὸν
1604 4952 1788 5022 νόμον,
1819 4950 1919 5004 οὐκ

355 5049 488 5121 ἄλλῳ
509 5053 615 5104 τινὶ
648 5051 796 5116 ὄντα,
829 5050 944 5105 ἀλλ’
975 5050 1097 5121 ἐμοὶ
1115 5048 1193 5120 τῷ
1221 5046 1428 5100 θέλοντι
1448 5046 1622 5098 ποιεῖν
1646 5043 1706 5095 τὸ
1729 5041 1912 5097 καλόν.

357 5142 510 5214 Μόνῳ
543 5145 652 5215 γὰρ
677 5144 756 5215 τῷ
789 5143 994 5199 θέλοντι
1025 5145 1198 5195 ποιεῖν
1238 5139 1298 5193 τὸ
1359 5138 1524 5192 καλὸν
1573 5136 1736 5206 νόμος
1768 5133 1916 5190 ἐστὶν

357 5235 384 5284 ὁ
404 5235 580 5304 νόμος,
613 5235 682 5291 τὰ
708 5234 847 5289 αὐτὰ
869 5234 1016 5307 αὑτῷ
1046 5232 1388 5306 βουλόμενος.
1425 5231 1491 5283 Ὃ
1510 5227 1565 5281 δὲ
1595 5225 1797 5298 [ﬂutat]
1829 5225 1917 5279 διὰ

2020 4856 2158 4910 ratio
2190 4855 2318 4908 mali
2363 4869 2466 4908 non
2490 4865 2572 4910 est
2603 4855 2778 4910 ablata
2805 4872 2834 4910 a
2867 4871 2970 4912 me.
2995 4857 3066 4912 At
3088 4871 3214 4911 vero
3243 4858 3396 4913 divus
3428 4856 3593 4914 Joan-

2017 4962 2114 5002 nes
2134 4945 2548 5019 Chrysostomus
2575 4947 2733 5002 simul
2774 4957 2937 5017 atque
2973 4949 3322 5005 hunC'locum
3350 4963 3448 5004 ceu
3469 4966 3591 5003 eum

2019 5039 2116 5114 (uti
2161 5039 2363 5094 dictum
2426 5039 2528 5111 est)
2588 5039 2675 5094 cui
2711 5040 2912 5111 aliquid
2976 5042 3136 5108 desit,
3204 5043 3592 5110 interpretatus

2019 5141 2121 5198 est,
2180 5132 2433 5186 admouet
2494 5139 2548 5184 et
2605 5132 2710 5186 alia
2745 5132 2975 5200 quadam
3017 5131 3223 5185 ratione
3265 5130 3408 5184 hunc
3435 5145 3593 5200 posse

2022 5224 2242 5296 intelligi
2280 5242 2292 5278 :
2331 5234 2407 5291 ut,
2451 5223 2666 5279 Invenio
2714 5225 2930 5294 quidem
2978 5221 3172 5292 legem,
3200 5236 3308 5274 non
3351 5220 3438 5273 alii
3479 5223 3595 5274 cui-

359 5323 459 5376 τῶν
487 5327 685 5397 ἐφεξῆς
710 5327 866 5399 δῆλον
892 5327 959 5383 ⁸⁸.

2021 5319 2162 5392 piam
2225 5319 2510 5382 saucitam,
2564 5317 2655 5369 sed
2719 5315 2848 5368 mihi
2906 5314 3102 5368 volenti
3151 5310 3326 5366 facere
3369 5312 3589 5366 bonum.

363 5413 466 5470 Soli
502 5419 645 5472 enim
674 5419 875 5474 volenti
910 5418 1084 5473 facere
1114 5417 1314 5474 bonum
1364 5414 1450 5469 lex
1476 5422 1558 5468 est
1601 5411 1706 5477 lex,
1763 5408 1952 5465 eadem
1993 5410 2177 5464 volens
2232 5425 2352 5481 quae
2390 5410 2524 5480 ipse.
2566 5406 2719 5476 Quod
2770 5417 2826 5462 et
2863 5407 2915 5461 in
2964 5404 3307 5476 sequentibus
3376 5403 3591 5474 planuztt

362 5506 465 5565 ﬁet.

421 5621 441 5655 ι
477 5604 778 5678 summa.
798 5605 904 5675 γὰρ
933 5601 1010 5677 τῷ
1039 5602 1187 5674 νόμῳ
1212 5599 1304 5654 τοῦ
1337 5597 1494 5664 Θεοῦ,
1521 5595 1662 5650 κατὰ
1682 5595 1772 5649 τὸν
1803 5595 1908 5649 ἔσω

2094 5593 2260 5647 Vens.
2310 5589 2401 5658 22,
2433 5588 2524 5644 25.
2562 5586 2666 5658 52
2725 5603 2744 5638 t
2786 5581 3136 5640 Condelector
3180 5582 3324 5638 enim
3358 5581 3456 5651 legi
3503 5580 3596 5638 Dei

1684 5691 1885 5752 Variae
1923 5689 2258 5750 lectiones.

429 5796 477 5832 “
504 5801 777 5872 Chrysost.
811 5799 906 5868 τῆς
927 5798 1022 5853 τοῦ
1061 5796 1197 5852 Θεοῦ
1249 5792 1628 5868 δημιουργίας.
1727 5790 1774 5825 ³⁵
1807 5790 1930 5844 uati

368 5883 454 5936 ρον
483 5870 606 5923 νοῦν
636 5888 685 5924 o.
758 5871 802 5902 δ’
836 5869 984 5939 δηλοῖ
1009 5886 1082 5924 ιιι.

2012 5804 2060 5843 ο.
2134 5787 2181 5820 *δ
2215 5785 2576 5856 ἐγκλημάτων
2610 5799 2663 5839 o.
2741 5781 2784 5815 ⁵⁷
2821 5779 3146 5854 δημιουργία
3173 5795 3226 5836 o.
3301 5779 3347 5812 ⁸⁸
3395 5778 3598 5851 ἡμέτε-
