4038 6588
411 405 527 473 ΞΜ

1303 385 1878 455 TIIEOPHYLACTI
1923 383 2330 446 BULGARIIE
2373 384 2733 448 ARCI—IIEP.

3562 379 3672 442 432

424 516 724 576 secundum
781 511 1088 568 interiorem
1155 504 1452 560 hominem.
1497 501 1664 555 Video
1698 509 1874 552 autem
1905 495 2002 549 ali-

2116 494 2411 567 Ξνθρωπσν.
2454 493 2645 546 Βλέπω
2671 491 2726 546 δὲ
2751 491 2936 561 ἕτερον
2961 489 3122 561 νόμον
3149 490 3207 544 ἐν
3237 491 3348 553 τοῖς
3383 487 3570 560 μέλεσι
3587 495 3689 561 μου

424 629 510 666 am
542 611 705 678 legem
741 606 793 659 in
827 599 1084 657 membris
1118 598 1251 652 meis
1288 600 1673 664 repugnantem
1717 588 1817 659 legi
1849 601 1997 640 men-

428 704 496 756 tis
548 714 698 761 mese,
727 705 782 750 et
825 691 1186 762 captivantem
1221 701 1306 740 me
1337 685 1453 754 lege
1508 679 1735 752 peccati,
1776 691 1895 747 qua:
1919 685 2002 730 est

425 792 479 844 in
531 785 786 842 membris
835 782 992 835 meis.
1028 798 1046 831 ι
1078 779 1291 830 .Nnram
1346 787 1478 828 sane
1535 781 1588 826 et
1622 769 1854 824 antehac
1905 766 2002 820 ho-

427 894 598 935 num:
650 875 926 930 inveniens
972 880 1149 923 autem
1204 867 1402 937 ipsum,
1447 863 1501 917 in
1565 860 1762 917 litteris
1811 859 1999 922 silum,

425 964 746 1022 commendo
775 962 965 1028 legem,
997 966 1060 1012 ac
1085 956 1354 1012 assentior
1385 954 1432 1008 ei
1469 972 1486 1005 ι
1521 951 1818 1007 secundum
1866 948 2004 1002 inte-

425 1063 625 1115 riorem
668 1057 963 1115 hominem,
1022 1069 1040 1103 ι
1091 1050 1203 1103 sive
1221 1047 1516 1102 secundum
1569 1051 1823 1096 mentem.
1863 1057 1881 1090 ι
1914 1037 2004 1092 Vi-

427 1154 526 1206 deo
557 1159 731 1204 autem
764 1145 924 1200 aliam
962 1143 1155 1212 legem,
1193 1157 1210 1192 ι
1238 1140 1336 1193 hoc
1369 1145 1450 1190 est
1505 1141 1783 1204 peccatum
1818 1148 1832 1183 :
1861 1130 2002 1199 quod

426 1245 548 1298 ideo
587 1242 760 1311 legem
810 1233 1114 1306 appellavit,
1180 1232 1324 1302 quod
1372 1227 1618 1283 homines
1673 1239 1737 1278 eo
1770 1221 2002 1291 decepti,

424 1335 600 1390 eidem
653 1331 1044 1397 obtemperent,
1098 1325 1380 1395 ipsumque
1428 1319 1704 1376 dimittere
1741 1323 2003 1380 metuant,

411 1421 526 1480 'ceu
553 1423 725 1493 legem
770 1417 1058 1490 quamdam
1084 1429 1202 1486 quae
1251 1410 1749 1484 praevaricationem
1777 1419 1883 1461 non
1923 1419 2007 1460 re-

426 1517 610 1588 cipiat.
633 1513 757 1569 llaec
796 1513 956 1581 igitur
988 1516 1249 1580 repugnat
1284 1524 1302 1559 ι
1338 1504 1438 1576 legi
1464 1501 1662 1557 mentis
1699 1513 1853 1565 mete,
1899 1517 1917 1551 ι
1955 1498 2008 1553 id

426 1620 510 1665 est
569 1604 800 1661 naturali
869 1604 1049 1673 (quem
1088 1608 1267 1654 autem
1312 1609 1475 1666 supra
1510 1612 1528 1646 ι
1567 1592 1878 1648 interiorem
1907 1589 2008 1645 ho-

431 1703 628 1755 mincm
670 1717 688 1750 ι
729 1694 1048 1758 nominavit,
1088 1706 1212 1747 eum
1241 1704 1382 1744 nunc
1421 1695 1608 1758 aperte
1642 1693 1876 1739 mentem
1912 1694 2010 1735 vo-

2102 581 2656 658 ἀντιστρατευόμενον
2689 583 2766 654 τῷ
2802 585 2952 653 νόμῳ
2981 581 3074 635 τσῦ
3123 581 3241 644 νσες
3291 599 3413 650 μου,
3477 582 3571 635 καὶ
3604 583 3693 634 αἱ·

2100 678 2513 751 χμα).ωτίζσντὰ
2545 694 2613 748 με
2639 675 2717 748 τῷ
2743 677 2892 747 νόμῳ
2915 676 3016 744 τῆς
3046 674 3344 746 ἁμαρτίας,
3372 673 3450 743 τῷ
3483 673 3596 727 δντι
3627 675 3689 728 ἐν

2100 775 2213 837 τοῖς
2238 771 2424 843 μέλεσι
2453 788 2575 842 μου.
2615 789 2634 822 ι
2705 769 2890 842 ᾝδειν
2926 770 3024 839 μὲν
3075 767 3169 821 καὶ
3223 767 3331 836 πρὸ
3370 765 3562 820 τούτου
3630 767 3694 820 τδ

2102 865 2300 919 καλόν·
2336 863 2512 937 εὑρὼν
2543 863 2599 916 δὲ
2627 861 2760 918 αὐτὸ
2799 864 2857 915 ἐν
2889 862 3184 932 γράμμασι
3219 859 3493 929 κείμενον,
3526 860 3692 912 ἐπαι-

2103 957 2180 1012 νῶ
2208 958 2299 1012 τὸν
2323 957 2506 1028 νόμον,
2553 957 2649 1012 καὶ
2692 954 3156 1026 συγκατατίθεμαι
3204 953 3352 1024 αὐτῷ
3383 972 3402 1006 ι
3427 951 3568 1006 κατὰ
3598 953 3692 1005 τὸν

2106 1052 2214 1107 ἔσω
2245 1051 2554 1125 ἄνθρωπον,
2585 1071 2604 1104 ι
2631 1051 2749 1122 ἦτοι
2776 1048 2916 1102 κατὰ
2946 1047 3038 1101 τὸν
3072 1044 3196 1100 νοῦν
3221 1064 3342 1118 μου.
3375 1065 3392 1098 ι
3425 1045 3615 1099 Βλέπω
3632 1044 3693 1098 δέ

2105 1145 2292 1215 ἕτερον
2325 1147 2511 1214 νόμον,
2553 1161 2571 1194 ι
2607 1140 2872 1203 τουτέστι,
2901 1139 3000 1212 τὴν
3028 1139 3303 1210 ἁμαρτίαν
3323 1152 3340 1170 ο
3376 1141 3442 1209 ἣν
3467 1138 3693 1191 ἐκάλεσε

2107 1234 2294 1306 νόμον,
2324 1233 2414 1288 διὰ
2444 1234 2504 1286 τὸ
2526 1231 2811 1287 πείθεσθαι
2843 1233 2980 1302 αὐτῇ
3007 1231 3133 1294 τοῦς
3162 1230 3578 1299 ἀπατωμένους,
3597 1227 3696 1281 καὶ

2109 1326 2388 1398 φοϐεῖσθαι
2421 1327 2640 1396 ἀφεῖναι
2683 1323 2875 1395 αὐτὴν,
2918 1322 2995 1387 ὡς
3020 1321 3186 1393 νόμον
3223 1322 3346 1375 τινὰ
3400 1320 3695 1391 ἀπαράϐα-

2107 1434 2224 1474 τον.
2255 1416 2405 1487 Αῦτη
2459 1415 2552 1470 οῦν
2595 1412 3072 1486 ἀντιστρατεύεται
3100 1431 3118 1465 ι
3149 1409 3225 1483 τῷ
3262 1410 3414 1482 νόμῳ
3445 1410 3540 1464 τοῦ
3572 1409 3697 1474 νοός

2112 1526 2236 1581 μου,
2267 1528 2287 1562 ι
2319 1507 2587 1574 τουτέστι,
2610 1506 2688 1579 τῷ
2710 1505 2924 1577 φυσικῷ
2948 1505 3025 1576 (ὃν
3050 1505 3105 1559 δὲ
3127 1503 3385 1574 ἀνωτέρω
3411 1521 3428 1554 ι
3468 1502 3578 1555 ἐσω
3605 1503 3700 1557 ἄν·

2111 1603 2328 1674 θρωπον
2355 1619 2377 1653 ι
2405 1600 2678 1670 ὠνόμασε,
2705 1598 2894 1652 τοῦτον
2910 1597 3100 1666 σαφῶς
3131 1594 3257 1652 νοῦν
3283 1594 3584 1665 ὀνομάζει),
3601 1593 3698 1645 καὶ

2111 1695 2237 1766 νικᾷ
2259 1708 2274 1724 ⁸
2312 1691 2511 1764 μᾶλλον
2548 1692 2604 1744 δέ
2635 1689 3030 1762 αἰχμαλωτίζει
3079 1707 3168 1759 με,
3226 1688 3437 1742 καὶτὸν
3465 1685 3696 1756 φυσικὸν

427 1791 562 1862 cat),
591 1800 748 1860 atque
777 1787 965 1850 vincit,
1013 1786 1124 1840 imo
1154 1781 1390 1853 captivat
1415 1795 1521 1844 me,
1549 1788 1603 1833 et
1629 1773 1931 1832 naturalem
1956 1781 2012 1828 et

2116 1784 2206 1841 καὶ
2227 1785 2320 1839 τὸν
2338 1783 2583 1858 γραπτὸν
2597 1783 2760 1854 νόμον
2785 1781 3011 1836 νικῶσα.
3041 1781 3162 1844 Πῶς
3181 1781 3226 1812 ³ο
3253 1776 3647 1850 αἱχμαλωτίζει
3675 1795 3693 1839 ς

429 1883 687 1952 scriptam
744 1879 914 1948 legem
971 1873 1329 1945 supprimens.
1358 1867 1642 1938 Quomodo
1676 1881 1804 1922 vero
1848 1864 2010 1936 capti-

2117 1897 2136 1932 ι
2171 1879 2262 1950 Τῷ
2279 1849 2429 1949 νόμῳ
2449 1879 2549 1948 τῆς
2582 1849 2877 1946 ἁμαρτίας,
2907 1893 2926 1926 ι
2965 1874 3233 1936 τουτέστι,
3258 1875 3324 1942 τῇ
3343 1849 3591 1941 δυνάμει,
3625 1871 3696 1940 τῇ

418 1991 555 2030 Tum
614 1971 808 2028 ducit?
841 1988 859 2022 ι
899 1969 1040 2036 Lege
1091 1963 1330 2037 peccati,
1393 1981 1412 2015 ι
1464 1963 1564 2018 hoc
1619 1968 1701 2014 est
1745 1957 2008 2030 potentia,

2116 1970 2406 2042 τυραννίδι.
2439 1970 2556 2023 Οὐκ
2599 1964 2722 2020 εἷπε
2756 1966 2836 2030 δὲ,
2881 1967 2960 2037 Τῇ
2990 1968 3134 2036 ὁρμῇ
3171 1964 3272 2034 τῆς
3310 1963 3532 2034 σαρκὸς,
3563 1961 3598 2033 ἢ
3627 1962 3696 2031 τῇ

433 2082 606 2137 neque
655 2079 761 2119 non
807 2050 1114 2134 tyrannide.
1152 2055 1271 2112 Non
1321 2064 1497 2110 autem
1529 2054 1685 2116 dixit,
1713 2060 1856 2104 motu
1889 2063 2010 2102 car-

421 2161 539 2224 nis,
594 2165 690 2212 aut
737 2164 948 2220 natura,
991 2166 1179 2207 verum
1227 2150 1342 2221 lege
1390 2145 1620 2218 peccati,
1677 2158 1796 2212 quae
1822 2149 2013 2210 regnat

422 2263 486 2310 ‘et
537 2250 846 2308 dominatur
900 2248 952 2302 in
1015 2244 1255 2300 membra
1282 2257 1423 2298 mea.
1477 2238 1604 2294 llaec
1630 2252 1761 2292 vero
1799 2241 2012 2289 nonest

434 2343 704 2400 calumnia
744 2340 948 2397 carnis.
981 2335 1460 2403 Quemadmodum
1510 2331 1692 2402 praedo
1717 2325 2008 2397 quispiam,

433 2435 479 2488 si
508 2441 737 2501 occupet
770 2429 974 2499 regiam
1007 2426 1266 2494 aliquam,
1307 2422 1366 2477 in
1393 2433 1572 2489 eaque
1623 2420 2010 2474 commoretur,

437 2540 544 2579 non
569 2533 653 2580 est
682 2521 870 2577 isthzec
897 2516 1164 2576 calumnia
1183 2513 1268 2568 vel
1294 2509 1605 2567 criminatio
1633 2510 1854 2562 domus:
1876 2504 2033 2562 hunc,

436 2616 502 2668 ad
532 2612 773 2676 modum,
809 2609 857 2665 si
892 2617 1167 2679 peccatum
1187 2603 1395 2660 habitet
1425 2601 1476 2654 in
1507 2597 1764 2652 membris
1792 2591 2013 2656 nostris,

435 2722 556 2762 eam
605 2703 674 2759 ob
701 2717 818 2756 rem
865 2716 970 2755 non
1003 2707 1085 2753 est
1131 2709 1300 2766 prava
1330 2706 1455 2748 caro
1483 2709 1497 2745 :
1527 2690 1791 2759 siquidem
1831 2695 2014 2755 tyran-

437 2801 566 2854 nide
599 2805 684 2851 est
713 2806 990 2863 oppressa.
1037 2787 1289 2844 Nonnulli
1333 2791 1567 2854 quatuor
1612 2780 1698 2834 hic
1740 2779 1886 2848 leges
1942 2775 2018 2830 fa-

440 2891 591 2945 ciunt
630 2905 644 2942 :
675 2901 838 2941 unam
875 2882 1132 2945 divinam,
1158 2879 1443 2934 docentem
1470 2890 1569 2930 nos
1606 2872 1735 2942 quid
1765 2871 1956 2925 deceat
1998 2885 2012 2922 :

444 2982 671 3037 alteram
715 2978 1120 3048 impugnantem
1161 2985 1281 3036 nos,
1312 2985 1431 3040 qua:
1460 2981 1524 3021 ex
1555 2963 1751 3021 diaboli
1786 2970 1929 3017 motu
1963 2969 2017 3015 et

439 3074 754 3144 Operatione
796 3084 894 3125 nos
922 3064 1128 3122 invadit
1159 3081 1173 3119 :
1207 3063 1446 3127 tertiam,
1493 3060 1662 3130 legem
1713 3057 1928 3120 mentis,
1963 3052 2015 3108 id

439 3175 525 3222 est
576 3161 876 3217 naturalem
911 3175 927 3212 :
963 3165 1314 3227 postremam,
1375 3164 1496 3222 qua:
1540 3158 1624 3204 est
1658 3149 1711 3202 in
1760 3145 2016 3201 membris

442 3256 666 3319 nostris,
706 3254 760 3308 id
817 3260 900 3308 est
943 3259 1211 3304 amantem
1251 3246 1454 3318 peccati
1481 3236 1804 3299 voluntatem
1834 3250 1887 3294 et
1919 3240 2015 3292 hri-

437 3349 743 3406 hitudinem
771 3345 838 3400 ad
863 3344 1082 3408 malum,
1113 3355 1231 3411 quae
1260 3338 1415 3394 nobis
1444 3351 1538 3408 per
1567 3333 2018 3391 consuetudinem

444 3440 610 3496 veluti
637 3437 830 3492 callum
857 3433 1081 3489 obduxit
1113 3440 1166 3484 et
1193 3427 1461 3485 induruit.

513 3529 687 3586 νεεδ.
730 3528 824 3586 24.
864 3544 883 3578 ι
930 3523 1122 3580 Infelix
1157 3535 1256 3591 ego
1282 3521 1465 3586 homo,
1510 3517 1632 3587 quis
1667 3530 1752 3570 me
1774 3513 2023 3568 liberabit

447 3642 514 3681 ex
547 3637 775 3694 corpore
813 3619 1003 3675 mortis
1036 3613 1240 3686 hujus?
1289 3631 1308 3666 ι
1341 3609 1614 3666 Naturalis
1655 3607 1740 3662 lex
1774 3622 1877 3661 non
1904 3602 2016 3659 suf-

449 3719 595 3782 fecit,
649 3717 844 3784 scripta
901 3727 1004 3766 non
1023 3709 1227 3780 potuit,
1260 3706 1353 3760 sed
1387 3713 1675 3772 utramque
1699 3701 1902 3771 peccati
1935 3709 2021 3768 ty-

450 3809 636 3864 rannis
661 3807 808 3860 vicit.
849 3801 1006 3857 Unde
1036 3803 1198 3870 igitur
1236 3806 1319 3852 est
1363 3794 1552 3850 salutis
1589 3792 1760 3863 spes?
1814 3808 1833 3842 ι
1891 3790 2024 3855 Quis

450 3915 536 3955 ine
585 3895 835 3950 liberabit
883 3907 949 3947 ex
989 3903 1214 3958 corpore
1240 3885 1463 3940 mortis?
1513 3903 1531 3936 ι
1580 3885 1684 3938 hoc
1737 3891 1820 3936 est
1865 3879 2024 3934 morti

451 3987 706 4045 obnoxio.
748 3984 1054 4053 fostquam
1080 3981 1236 4034 enim
1266 3992 1460 4047 corpus
1499 3991 1592 4046 per
1621 3972 2025 4045 praevaricatio-

451 4095 577 4135 nem
628 4075 883 4147 passibile
924 4073 1124 4126 factum
1178 4079 1343 4132 esset,
1405 4069 1657 4135 deinceps
1704 4072 1759 4118 et
1806 4071 2028 4132 peccato

451 4179 610 4243 captu
643 4167 800 4224 facile
836 4165 1177 4220 reddebatur.
1212 4159 1375 4230 Atqui
1409 4159 1552 4214 dicet
1582 4156 1804 4227 aliquis,
1847 4155 2029 4225 Siqui-

452 4268 576 4320 dem
634 4275 832 4331 corpus
856 4273 886 4312 a
931 4253 1151 4328 peccato
1190 4264 1298 4308 tam
1333 4252 1492 4307 facile
1527 4250 1705 4305 invadi
1746 4257 2025 4319 potuerat,

452 4372 550 4411 cur
578 4354 756 4424 puniti
794 4360 921 4406 sunt
946 4349 1003 4416 ii,
1031 4347 1123 4418 qui
1149 4356 1278 4417 ante.
1321 4343 1520 4401 Christi
1572 4342 1859 4395 adventum
1905 4354 2029 4408 pec-

454 4443 696 4503 earunt?
747 4443 886 4509 Quia
941 4440 1064 4494 talia
1120 4439 1382 4506 imperata
1435 4443 1614 4498 erant,
1663 4446 1780 4500 qua:
1809 4441 2029 4501 peccato

451 4541 615 4596 etiam
641 4539 948 4592 dominante
971 4531 1274 4604 potuissent
1306 4538 1451 4583 recte
1474 4539 1756 4596 peragere.

529 4717 693 4773 Vens.
717 4715 808 4770 25.
846 4733 866 4766 ι
903 4713 1118 4768 Gratias
1151 4727 1252 4781 ago
1275 4709 1383 4764 Deo
1409 4722 1504 4779 per
1535 4705 1719 4762 Jesum
1755 4707 2027 4765 Christum

456 4811 744 4867 Dominum
791 4816 1054 4861 nostrum.
1094 4822 1112 4854 ι
1167 4801 1301 4866 Quia
1349 4799 1406 4854 in
1455 4799 1731 4871 angustias
1779 4799 2028 4854 redactus

456 4909 614 4966 erat,
664 4912 763 4952 nec
835 4896 998 4948 alium
1043 4892 1382 4946 Servatorem
1423 4889 1649 4953 invenit,
1720 4889 2028 4942 necessario

456 4992 732 5050 ChriStum
772 4985 992 5042 invenit.
1033 4982 1168 5037 Hinc
1196 4993 1248 5035 et
1281 4981 1482 5050 gratias
1515 4981 1624 5050 agit
1657 4999 1676 5032 ι
1723 4981 1833 5035 Deo
1858 4979 2025 5044 l'atri,

459 5100 555 5154 per
580 5081 765 5137 Jesum
799 5077 1074 5132 Christum
1120 5071 1404 5127 Dominum
1448 5080 1716 5134 nostrum,
1758 5088 1776 5122 ι
1821 5070 1922 5125 hoc
1947 5078 2030 5123 est

460 5193 620 5234 causa
676 5173 972 5247 gratiarum
1027 5167 1255 5223 actionis
1304 5165 1598 5220 exsisteute
1649 5161 1755 5233 53
1795 5161 2029 5216 Christo.

461 5271 580 5342 Ipse
629 5267 794 5343 enim,
856 5261 1050 5332 inquit,
1105 5258 1351 5330 praestitit
1403 5270 1468 5311 ac
1497 5257 1763 5322 transegit
1799 5253 2031 5322 quaslex

463 5377 570 5418 non
620 5357 793 5430 potuit
827 5371 842 5409 :
877 5355 991 5424 ipse
1023 5365 1108 5408 me
1135 5351 1202 5405 ah
1224 5349 1588 5404 imbecillitate
1615 5345 1861 5416 corporis
1893 5344 2032 5398 lihe-

462 5455 627 5520 ravit,
645 5447 959 5505 confortans
979 5445 1106 5500 illud
1126 5454 1183 5498 ut
1209 5457 1312 5497 non
1333 5444 1496 5512 p'orro
1516 5440 1722 5510 peccati
1751 5440 2034 5506 tyrannide

464 5544 820 5616 opprimatur.
871 5535 975 5592 Sed
1017 5535 1465 5605 quemadmodum
1515 5546 1612 5602 per
1637 5529 2035 5601 prmvaricatio-

467 5653 591 5695 nem
649 5632 841 5690 Adauii
903 5630 1131 5686 mortale
1187 5627 1410 5690 factum,
1453 5634 1674 5695 peccato
1726 5638 2033 5693 expugnaiu

2113 2064 2294 2134 φύσει,
2329 2062 2486 2127 ἀλλὰ,
2525 2079 2544 2112 ι
2582 2060 2672 2130 Τῷ
2716 2059 2864 2129 νόμῳ
2890 2059 2986 2130 τῆς
3018 2057 3291 2128 ἁμαρτίας
3313 2095 3328 2120 ,
3351 2073 3369 2107 ι
3413 2054 3490 2124 τῷ
3525 2069 3699 2107 κατα-

2113 2155 2450 2224 κρατήσαντι
2481 2151 2591 2204 τῶν
2640 2149 2820 2221 μελῶν
2863 2165 2987 2220 μου.
3027 2148 3198 2201 Τοῦτο
3219 2146 3276 2199 δέ
3305 2146 3405 2219 οὐκ
3433 2145 3549 2198 ἐστι
3579 2143 3699 2196 δια-

2115 2247 2242 2317 ϐολὴ
2264 2245 2363 2317 τῆς
2389 2245 2612 2315 σαρκός.
2640 2244 2855 2314 Ὥσπερ
2886 2242 2993 2311 γὰρ
3023 2241 3251 2312 λῃστὴς,
3285 2239 3383 2291 ἐὰν
3441 2237 3695 2306 κατάσχῃ

2116 2338 2383 2408 βασίλεια,
2409 2336 2506 2390 καὶ
2529 2337 2708 2405 ἐνοικῇ
2734 2335 2776 2366 ⁸⁸
2811 2335 3017 2398 αὐτοῖς,
3049 2332 3109 2386 οὐ
3137 2331 3356 2400 διαϐολή
3391 2332 3508 2384 ἐστι
3537 2328 3698 2382 τοῦτο

2114 2431 2208 2485 τοῦ
2239 2431 2386 2486 οἴκου
2409 2447 2422 2459 ·
2453 2427 2596 2482 οὕτω
2620 2429 2714 2482 καὶ
2743 2425 2997 2492 ἐνταῦθα,
3029 2425 3124 2480 ἐὰν
3149 2425 3273 2495 οἰκῇ
3305 2426 3338 2494 ἡ
3370 2423 3617 2492 ἁμαρτία
3638 2422 3698 2473 ἐν

2115 2526 2226 2586 τοῖς
2253 2521 2470 2592 μέλεσιν
2493 2520 2672 2590 ἡμῶν,
2705 2518 2764 2572 οὐ
2788 2519 2938 2589 παρὰ
2969 2517 3158 2570 τοῦτον
3176 2515 3238 2588 [Ῑ.
3261 2513 3442 2587 τοῦτο]
3479 2511 3698 2584 πονηρά

2116 2617 2148 2684 ἡ
2179 2613 2317 2686 σάρξ
2337 2631 2349 2643 ·
2382 2612 2722 2685 ἐτυραννήθη
2752 2611 2882 2680 γάρ.
2919 2609 3078 2673 Τινὲς
3107 2609 3161 2662 δὲ
3195 2609 3470 2678 τέσσαρας
3494 2607 3698 2676 νόμους

2116 2706 2351 2761 ἐνταῦθά
2384 2723 2548 2774 φασιν
2571 2720 2586 2735 ο
2647 2704 2744 2757 ἕνα
2777 2702 2867 2756 τδν
2901 2700 2995 2756 τοῦ
3031 2699 3189 2766 Θεοῦ,
3227 2700 3319 2752 τὸν
3367 2698 3693 2752 διδάσκοντα

2117 2799 2262 2868 ἡμᾶς
2326 2799 2388 2850 τὸ
2430 2795 2577 2848 δέον·
2625 2794 2904 2865 δεύτερον,
2959 2793 3051 2846 τὸν
3115 2791 3694 2860 ἀντιστρατευόμενον,

2116 2889 2264 2950 ὅστις
2287 2887 2436 2940 ἐστὶν
2460 2887 2488 2938 6
2505 2886 2624 2940 κατ’
2645 2886 2927 2954 ἐνέργειαν
2957 2884 3003 2915 δ’
3031 2882 3125 2937 τοῦ
3156 2881 3405 2936 διαϐόλου
3436 2877 3698 2932 ἐπεισιὼν

2117 2980 2249 3050 ἡμῖν
2268 2994 2282 3007 °
2312 2975 2518 3048 τρίτον,
2550 2975 2643 3029 τὸν
2673 2975 2839 3045 νόμον
2862 2973 2956 3027 τοῦ
2983 2972 3122 3038 νοὸς,
3155 2971 3424 3038 τουτέστι,
3471 2969 3563 3024 τὸν
3597 2985 3699 3038 φυ-

2121 3070 2298 3124 σικόνο
2321 3069 2606 3139 τέταρτον,
2637 3067 2732 3120 τὸν
2761 3066 2890 3120 ὅντα
2929 3068 2988 3118 ἐν
3028 3067 3140 3127 τοῖς
3177 3065 3389 3134 μέλεσι,
3427 3061 3696 3124 τουτέστι,

2120 3161 2217 3232 τὴν
2243 3159 2706 3230 φιλαμαρτήμονα
2732 3157 3054 3227 προαίρεσιν
3087 3156 3182 3208 καὶ
3217 3155 3316 3224 τὴν
3341 3152 3480 3223 πρὸς
3511 3151 3572 3205 τὸ
3601 3168 3700 3203 και

2123 3253 2217 3308 κδν
2244 3251 2450 3322 σχέσιν,
2485 3249 2572 3303 διὰ
2598 3249 2701 3320 τῆς
2732 3246 3022 3318 συνηθείας
3055 3244 3514 3316 ἐνσκιρρωθεῖσαν
3544 3242 3694 3312 ἡμῖν.

2201 3532 2219 3564 ι
2258 3509 2617 3582 Ταλαίπωρος
2648 3507 2758 3578 ἐγὼ
2794 3505 3102 3576 ἄνθρωπος,
3129 3503 3213 3568 τίς
3262 3521 3329 3576 με
3361 3501 3585 3575 ῥύσεται
3633 3503 3699 3557 ἐκ

2121 3606 2216 3662 τοῦ
2250 3605 2503 3677 σώματος
2548 3601 2640 3656 τοῦ
2670 3601 2903 3656 θανάτου
2932 3597 3124 3651 τούτου
3157 3613 3172 3664 ;
3203 3615 3223 3648 ι
3275 3595 3333 3649 Ὁ
3365 3594 3594 3666 φυσικὸς
3611 3593 3700 3647 v6-

2126 3715 2224 3769 μσς
2258 3698 2358 3750 οὐκ
2403 3695 2660 3766 ἤρκεσεν,
2687 3692 2717 3746 6
2745 3689 2988 3762 γραπτδς
3016 3689 3116 3743 οὐκ
3147 3689 3368 3758 ἴσχυσεν
3387 3727 3402 3752 ,
3452 3685 3567 3740 ἀλλ’
3595 3684 3700 3738 ἐνί·

2124 3808 2261 3861 κησε
2297 3791 2391 3843 καὶ
2418 3786 2762 3858 ἀμφοτέρους
2794 3787 2827 3855 ἠ
2851 3782 3108 3854 τυραννὶς
3136 3781 3232 3850 τῆς
3263 3780 3560 3850 ἁμαρτίας.
3598 3778 3699 3830 [I6-

2125 3885 2216 3938 θεν
2235 3882 2326 3935 οὖν
2353 3884 2469 3934 ἐστι
2492 3879 2765 3950 σωτηρίας
2796 3876 2948 3938 ἐλπίς
2971 3891 2986 3938 ;
3022 3894 3040 3926 ι
3067 3875 3161 3936 Τίς
3188 3890 3254 3944 με
3287 3871 3590 3944 ῥύσεταιέκ
3605 3867 3698 3922 τοῦ

2127 3979 2378 4045 σώματος
2405 3971 2746 4041 τοῦιθανάτου
2763 3987 2809 4036 ;›
2838 3970 3104 4032 τουτέστι,
3130 3965 3223 4018 τοῦ
3251 3965 3466 4035 θανάτῳ
3482 3964 3701 4018 ὑποκει-

2119 4067 2317 4138 μένου.
2358 4063 2576 4134 Ἐπειδὴ
2602 4064 2716 4132 γὰρ
2749 4061 2990 4132 παθητὸν
3039 4059 3256 4128 ἐγένετο
3287 4060 3352 4110 ἐκ
3385 4059 3483 4126 τῆς
3523 4057 3700 4126 παρα-

2128 4160 2360 4223 ϐάσεως,
2390 4159 2485 4210 καὶ
2514 4154 2928 4225 εὐεπιχείρητον
2955 4152 3142 4205 λοιπὸν
3188 4151 3255 4221 τῇ
3287 4147 3538 4220 ἁμαρτίᾳ
3568 4162 3700 4200 κατο

2129 4253 2286 4321 έστη.
2327 4249 2468 4303 Ἀλλ’
2499 4250 2615 4320 ἐρεῖ
2645 4265 2730 4311 τις
2751 4261 2766 4275 ·
2794 4244 2905 4298 Καὶ
2951 4244 3140 4310 ἐπειδὴ
3190 4243 3605 4310 εὐεπιχείρητον
3632 4233 3699 4308 ἦν

2104 4345 2189 4398 ’τι
2218 4345 2378 4414 σῶμα
2429 4344 2494 4414 τῇ
2526 4339 2786 4411 ἁμαρτίᾳ,
2829 4337 2920 4390 διὰ
2952 4336 3004 4388 τί
3053 4333 3428 4404 ἐκολάσθησαν
3479 4331 3530 4383 οἱ
3593 4346 3696 4400 πρ)

2127 4436 2367 4508 Χριστοῦ
2399 4432 2838 4502 ἀμαρτάνοντες;
2885 4427 3032 4482 Διότι
3059 4425 3286 4480 τοιαῦτα
3325 4423 3698 4493 ἐπετάγησαν,

2048 4541 2103 4602 1)
2128 4521 2216 4580 οἷα
2262 4526 2357 4579 καὶ
2405 4526 2504 4594 τῆς
2545 4520 2822 4591 ἁμαρτίας
2849 4514 3157 4587 κρατούσης
3194 4510 3458 4583 ἠδύναντο
3505 4524 3704 4578 κατορ-

2128 4617 2278 4670 θοῦν.

2199 4704 2522 4777 Εὐχαριστῶ
2550 4702 2628 4772 τῷ
2652 4699 2770 4772 Θεῷ
2792 4697 2860 4752 δι’
2903 4694 3078 4766 Ἰησοῦ
3104 4691 3343 4766 Χριστοῦ
3375 4689 3469 4744 τοῦ
3495 4687 3696 4756 Κυρίου

2126 4800 2306 4872 ἡμῶν.
2337 4816 2356 4851 ι
2403 4796 2620 4866 Ἐπειδὴ
2636 4791 2970 4865 ἑξηπσρὴθη,
3006 4793 3100 4842 καὶ
3123 4788 3222 4857 οὐχ
3252 4781 3409 4856 εὗρεν
3431 4782 3593 4836 ἄλλον
3614 4782 3698 4834 τὶν

2127 4892 2389 4958 σώζοντα,
2414 4889 2724 4958 ἀναγκαίως
2757 4880 2884 4956 εὗρε
2915 4881 3168 4953 Χριστόν.
3213 4879 3304 4932 Διὸ
3354 4879 3450 4931 καὶ
3482 4875 3698 4945 εὐχαριο

2127 4987 2243 5038 στεῖ
2267 4983 2343 5052 τῷ
2363 4982 2482 5053 Θεῷ
2513 4983 2608 5034 καὶ
2641 4980 2839 5050 Πατρὶ,
2861 4977 2926 5031 δι’
2965 4976 3140 5047 Ἰησοῦ
3169 4971 3263 5025 τοῦ
3292 4972 3496 5040 Κυρίου
3522 4966 3694 5038 ἡμῶν,

2125 5077 2424 5141 τουτέστιν,
2455 5073 2631 5127 αἰτίου
2653 5072 2803 5134 ὄντος
2825 5069 2924 5139 τῆς
2952 5065 3303 5138 εὐχαριστίας
3333 5061 3427 5114 τοῦ
3442 5056 3694 5129 Χριστοῦ.

2127 5167 2299 5229 Αὐτὸς
2327 5167 2458 5236 γὰρ,
2493 5164 2648 5234 φησὶ,
2698 5160 3081 5232 κατώρθωσεν,
3112 5157 3148 5212 ἃ
3177 5158 3205 5209 6
3231 5156 3394 5224 νόμος
3427 5153 3528 5205 οὐκ
3577 5149 3697 5220 ἡδυ-

2129 5259 2268 5330 νήθη
2291 5274 2305 5288 ⁸
2336 5259 2506 5325 ,αὐτός
2545 5273 2612 5326 με
2637 5255 2910 5326 ἐρρύσατο
2939 5254 3003 5305 ἐκ
3035 5251 3136 5320 τῆς
3157 5247 3437 5309 ἀσθενείας
3472 5242 3566 5297 τοῦ
3601 5239 3699 5293 σώ-

2139 5369 2326 5425 ματος,
2357 5348 2739 5420 ἐνδυναμώσας
2767 5347 2916 5412 αὐτὸ,
2942 5345 3082 5399 ὥστε
3101 5342 3297 5414 μηκέτι
3325 5335 3697 5409 τυραννεῖσθαι

2137 5423 2242 5498 ὐπὸ
2277 5446 2374 5515 τῆξ
2410 5443 2705 5514 ἁμαρτίας.
2756 5438 2894 5491 Ἀλλ’
2931 5437 3118 5506 ὥσπερ
3147 5433 3237 5486 διὰ
3265 5431 3362 5501 τὴν
3393 5423 3698 5498 παράϐασιν

2135 5537 2232 5590 τοῦ
2273 5537 2445 5607 Ἀδὰμ
2468 5533 2661 5606 θνητὸν
2688 5531 2930 5602 γεγονὸς,
2961 5523 3431 5594 εὐκαταγώνιστον
3446 5523 3512 5591 τῇ
3536 5520 3699 5587 ἁμαρ-

2138 5631 2228 5700 τίᾳ
2269 5629 2506 5699 κατέστη
2529 5645 2542 5658 ·
2585 5624 2730 5679 σῦτω
2765 5622 2852 5677 διὰ
2907 5619 3004 5691 τὴν
3061 5615 3309 5686 ὑπακοὴν
3345 5610 3511 5668 αὐτοῦ
3543 5624 3700 5663 σταυ-

1797 5743 1994 5805 Varite
2025 5743 2356 5806 lectiones.

540 5858 587 5890 ⁵⁸
621 5855 737 5918 πῶς
781 5853 838 5909 δέ
869 5869 942 5910 ιιι.
1018 5853 1062 5885 ⁵³
1098 5853 1174 5908 ἐν.
1252 5850 1297 5881 ⁵³
1329 5848 1487 5920 ἔργον
1521 5863 1574 5902 ο.
