4038 6586
346 430 458 497 413
1152 436 1554 497 EXPOSlTlO
1594 437 1674 497 IN
1713 438 1944 498 EPIST.
1980 440 2078 499 AD
2109 439 2291 502 non.
2325 463 2393 474 —
2416 437 2572 500 CAP.
2605 438 2769 501 VIII.
3505 411 3622 500 43f

349 555 639 626 ρωθέντος,
668 549 788 608 εἷτα
815 555 1166 621 ἀναστάντος,
1197 559 1296 627 τῆς
1321 557 1630 629 ἀφθαρσίας
1658 559 1782 622 τοὺς
1830 559 1932 631 d9-

2044 558 2203 614 t‘acile
2267 557 2736 613 reddebatur-:sic
2777 569 2873 624 per
2917 554 3034 626 ejus
3096 553 3460 611 obedientiam
3517 559 3615 626 qui

350 649 610 719 ριϐὦνας
658 647 970 718 δεξάμενον,
1024 647 1166 702 κατὰ
1202 649 1300 720 τῆς
1335 649 1608 721 ἁμαρτίας
1641 651 1853 704 ἵσταται
1880 653 1926 684 ⁸³

2039 649 2331 703 crucifixus
2365 656 2447 702 est
2498 659 2552 702 et
2576 649 2892 714 resurrexit,
2932 647 3092 702 arrlta
3125 658 3366 717 accepta,
3391 659 3616 718 peccato

345 741 641 810 γενναίως.
1388 745 1393 750 ’

1388 745 1393 750 ’
2034 738 2244 795 fortiter
2269 739 2498 794 resiStit.

952 855 1200 912 ΚΕΦΑΛ.
1247 855 1327 910 H'.

2611 852 2763 908 CAP.
2798 853 3063 911 VII-Vill.

434 985 452 1017 ι
495 966 639 1035 ’Δρα
665 965 759 1018 οὖν
797 966 959 1028 αὐτὸς
993 967 1104 1035 ἐγὼ
1135 966 1212 1037 τῷ
1255 967 1354 1038 μὲν
1398 966 1490 1021 νοῒ-
1516 968 1750 1022 δουλεύω
1783 971 1934 1041 νόμῳ

2103 965 2266 1021 Vens.
2296 965 2388 1027 25.
2424 966 2471 1020 l.
2519 983 2538 1018 ι
2579 965 2746 1038 igitur
2779 980 2882 1036 ego
2928 967 3045 1037 ipse
3077 975 3254 1022 mente
3295 968 3488 1022 servio
3515 967 3616 1035 legi

341 1057 514 1122 Θεοῦ,
541 1059 607 1127 τῇ
639 1056 697 1110 δὲ
727 1057 894 1126 σαρκὶ
916 1057 1067 1127 νόμῳ
1091 1058 1387 1127 ἁμαρτίας.
1421 1058 1588 1112 Οὐδὲν
1620 1061 1727 1129 ἄρα
1762 1061 1932 1114 κατά-

2043 1055 2159 1122 Dei,
2187 1071 2354 1112 carne
2383 1068 2560 1113 autem
2604 1057 2704 1128 legi
2735 1059 2961 1130 peccati.
2997 1057 3140 1112 Nihil
3181 1073 3310 1128 ergo
3347 1074 3488 1114 nunc
3518 1058 3616 1113 da-

341 1169 534 1222 κριμα
567 1151 665 1205 νῦν
701 1154 812 1216 τοῖς
845 1154 904 1205 ἐν
942 1151 1164 1222 Χριστῷ
1215 1150 1408 1220 Ἰησοῦ,
1450 1153 1522 1222 μὴ
1568 1154 1709 1206 κατὰ
1753 1155 1931 1222 σάρκα

2037 1149 2329 1204 Innationis
2355 1161 2439 1204 est
2469 1151 2536 1206 iis
2561 1152 2653 1221 qui
2686 1160 2813 1204 sunt
2846 1151 2900 1205 in
2941 1150 3162 1206 Christo
3191 1150 3341 1216 Jesu,
3380 1152 3470 1221 qui
3507 1167 3615 1205 non

341 1243 770 1314 περιπατοῦσιν,
796 1243 933 1298 άλλὰ
957 1244 1100 1297 κατὰ
1129 1241 1367 1314 πνεῦμα.
1392 1263 1409 1295 ι
1433 1245 1527 1306 Τὸ,
1561 1264 1578 1296 ι
1609 1245 1877 1305 Δουλεύω.
1907 1262 1926 1297 ι

2046 1243 2342 1296 secundum
2393 1257 2609 1298 carnem
2641 1240 2944 1310 ambulant,
2993 1245 3088 1299 sed
3119 1243 3415 1300 secundum
3455 1245 3619 1312 spiri-

341 1334 478 1388 ἀντὶ
507 1335 621 1399 τοῦ,
657 1334 953 1388 ἐδούλευονο
989 1335 1100 1388 τῶν
1133 1334 1242 1405 7&9
1289 1335 1570 1404 προτέρων
1611 1335 1931 1405 ἀναμιμνή-

2039 1343 2172 1390 tum.
2207 1354 2224 1387 ι
2250 1365 2322 1379 -
2352 1353 2372 1387 ι
2405 1336 2615 1402 Servio,
2651 1355 2669 1389 ι
2703 1351 2802 1407 pro
2823 1337 3149 1399 serviebam,
3177 1337 3348 1392 dixit:
3377 1321 3618 1406 priorum

345 1442 503 1488 σκει.
528 1427 753 1481 Μέλλων
774 1427 879 1498 7&9
904 1428 1098 1490 εἰπεῖν,
1131 1427 1213 1481 ὅτι
1243 1446 1262 1478 ι
1291 1427 1457 1480 Οὐδὲν
1482 1428 1590 1498 ἄρα
1615 1428 1934 1499 κατάκριμα

2037 1442 2270 1498 namque
2296 1429 2565 1484 meminit.
2597 1429 2849 1484 Dicturus
2878 1430 3046 1492 enim,
3091 1446 3110 1482 ι
3143 1427 3284 1483 Nihil
3313 1443 3444 1495 ergo
3476 1442 3621 1482 nunc

342 1519 476 1583 νῦν,
509 1537 528 1570 ι
553 1519 646 1572 καὶ
667 1519 736 1571 τὰ
756 1519 908 1588 ἑξῆς,
931 1520 1025 1572 καὶ
1048 1518 1287 1588 δηλῶσαι
1306 1519 1407 1587 τὴν
1428 1518 1633 1586 ἄφατον
1664 1521 1822 1589 χάριν
1838 1518 1931 1574 τοῦ

2036 1519 2420 1587 damnationis,
2455 1541 2474 1574 ι
2509 1531 2643 1590 etc.,
2680 1536 2890 1578 necnon
2927 1523 3264 1578 indicaturus
3294 1520 3617 1576 incﬂ'abilcm

342 1607 620 1674 Χριστοῦ.
652 1609 1074 1677 ἀναμιμνήσκει,
1115 1609 1232 1672 πῶς
1264 1610 1530 1679 πρότερον
1556 1611 1795 1680 εἴχομεν,
1836 1611 1932 1664 καὶ

2037 1613 2260 1681 gratiam
2293 1613 2514 1678 Christi,
2562 1617 2627 1669 ad
2677 1616 2992 1671 memoriam
3039 1625 3254 1669 revocat
3283 1615 3473 1682 quales
3523 1628 3623 1668 nos

342 1697 442 1750 ὅτι
469 1697 724 1760 ἑνοοῦμεν
753 1697 812 1750 τὸ
842 1699 1006 1752 καλὸν
1025 1737 1046 1764 ,
1079 1717 1098 1750 ι
1128 1701 1200 1770 τῇ
1221 1701 1384 1769 σαρκὶ
1415 1719 1434 1752 ι
1460 1700 1542 1762 δὲ,
1573 1700 1839 1766 τουτέστι,
1864 1703 1930 1772 τῇ

2037 1712 2193 1757 antea
2234 1706 2584 1773 gesserimus,
2621 1715 2674 1761 et
2708 1706 2851 1776 quod
2903 1706 3108 1762 bonum
3158 1685 3617 1776 intelligebamits,

341 1788 460 1853 τῆς
500 1788 698 1856 σαρκὸς
745 1788 1022 1860 ἀσθενείᾳ,
1079 1790 1460 1862 ὑπεπίπτομεν
1511 1791 1590 1860 τῷ
1632 1792 1783 1863 νόμῳ
1833 1792 1933 1862 τῆς

2043 1813 2062 1846 ι
2099 1810 2263 1850 carne
2297 1813 2320 1847 ι
2349 1810 2498 1860 vero.
2553 1798 2654 1852 hoc
2689 1805 2775 1853 est
2823 1798 3007 1852 carnis
3055 1796 3450 1860 imbecillitate,
3512 1796 3616 1865 legi

344 1879 655 1950 ἁμαρτίας.
741 1880 904 1934 Ἀλλά
960 1882 1058 1936 νῦν
1134 1884 1284 1938 οὐδὲν
1344 1884 1663 1955 κατάκριμα
1711 1887 1825 1949 τοῖς
1875 1887 1933 1938 ὲν

2038 1887 2240 1952 peccati
2269 1887 2772 1943 succumbebamus.
2803 1889 2963 1953 Atqui
2994 1904 3138 1942 nunc
3175 1887 3320 1957 nulla
3367 1897 3450 1940 cst
3481 1901 3617 1942 con-

347 1970 584 2041 Χριστῷ
616 1971 809 2039 Ἰησοῦ,
839 1973 1106 2036 τουτέστι,
1133 1975 1246 2037 τοῖς
1267 1972 1360 2026 τοῦ
1381 1973 1753 2045 βαπτίσματος
1777 1975 1937 2041 ἀξιω-

2047 1977 2320 2034 demnatio
2351 1979 2416 2036 iis
2444 1979 2534 2050 qui
2564 1990 2692 2035 sunt
2721 1981 2773 2035 in
2813 1978 3035 2036 Christo
3057 1945 3225 2042 Jesu,’
3246 1981 3347 2034 hoc
3392 1988 3498 2046 est,
3525 1979 3619 2051 qui

349 2059 557 2115 θεῖσιν.
619 2062 834 2134 Ἐπειδὴ
885 2063 943 2117 δὲ
981 2064 1165 2118 πολλοὶ
1213 2066 1308 2120 καὶ
1355 2068 1495 2135 μετὰ
1537 2067 1598 2120 τὸ
1658 2067 1943 2138 βάπτισμα

2047 2073 2112 2125 ad
2145 2071 2471 2142 baptismum
2500 2083 2626 2126 sunt
2663 2073 2908 2129 admissi.
2943 2072 3078 2140 Quia
3118 2087 3248 2127 vero
3275 2072 3430 2128 multi
3455 2073 3619 2128 etiam

351 2152 758 2222 ἁμαρτάνουσι,
811 2155 1154 2226 προσέθηκεο
1210 2175 1229 2208 ι
1278 2156 1402 2222 Τοῖς
1452 2159 1527 2230 μὴ
1572 2160 1714 2214 κατὰ
1763 2155 1942 2233 σάρκα

2046 2173 2168 2231 post
2193 2162 2520 2231 baptismum
2548 2171 2792 2233 peccant,
2831 2164 3049 2235 adjecit,
3093 2181 3112 2216 ι
3151 2163 3253 2230 Qui
3287 2179 3394 2219 non
3423 2179 3623 2219 secun-

352 2243 746 2316 περιπατοῦσιν
784 2265 804 2297 ι
829 2245 1064 2312 δεικνὺς,
1087 2247 1245 2300 ὅτιτὸ
1277 2251 1384 2304 πᾶν
1403 2251 1502 2319 τῆς
1533 2251 1806 2322 ῥᾳθυμίας
1837 2252 1936 2322 τῆς

2047 2255 2172 2308 dum
2206 2269 2425 2310 carnem
2461 2257 2762 2320 ambulant,
2799 2275 2818 2310 ι
2861 2257 3094 2312 innuens
3121 2257 3264 2326 quod
3310 2265 3480 2311 totum
3521 2270 3621 2311 no-

352 2335 660 2404 ἡμετέρας.
695 2336 929 2390 Δυνατὸν
959 2338 1065 2408 γάρ
1097 2338 1194 2392 νῦν
1229 2341 1278 2372 ⁸⁸
1311 2340 1406 2394 καὶ
1439 2341 1641 2411 ῥᾴδιον,
1690 2343 1766 2414 μὴ
1801 2343 1944 2398 κατὰ

2047 2356 2176 2401 strze
2203 2345 2274 2400 sit
2313 2345 2560 2416 ignaviae.
2605 2346 2755 2402 Nunc
2799 2348 2942 2402 enim
2967 2355 3023 2403 et
3051 2348 3306 2418 possibile
3329 2359 3414 2403 est
3443 2356 3501 2404 et
3541 2344 3624 2403 fa-

359 2427 552 2496 σὰρκα
586 2431 929 2498 περιπατεῖν,
963 2429 990 2483 ὂ
1019 2430 1140 2484 τότε
1179 2431 1532 2503 παγχάλεπον
1560 2429 1648 2504 ἦν.
1680 2434 1755 2487 υῦ
1785 2435 1945 2505 μόνον

2045 2437 2169 2505 cile,
2204 2452 2311 2493 non
2343 2438 2624 2493 ambulare
2647 2439 2944 2495 secundum
2969 2454 3213 2505 carnem,
3237 2438 3290 2494 id
3322 2439 3464 2509 quod
3497 2447 3623 2494 tunc

358 2519 423 2570 δὲ
455 2519 752 2590 ἀπέχεσθαι
788 2521 882 2576 τοῦ
913 2522 1055 2577 κατά
1093 2523 1273 2594 σάρκα
1325 2529 1642 2597 περιπατεῖν
1672 2526 1773 2590 δεῖ,
1808 2527 1946 2582 ἀλλὰ

2051 2531 2312 2601 temporis
2351 2532 2828 2601 perdililcillimum
2883 2541 3024 2590 erat.
3073 2531 3190 2587 Non
3223 2531 3396 2588 solum
3441 2541 3621 2586 autem

363 2613 534 2681 χρὴ⁸³
571 2615 853 2683 προσεῖναι
901 2615 992 2668 καὶ
1031 2613 1092 2668 τὸ
1127 2633 1145 2665 ι
1177 2615 1318 2668 κατὰ
1345 2615 1584 2687 πνεῦμα.
1623 2635 1642 2668 ι
1668 2617 1743 2671 Οὐ
1775 2618 1884 2689 7&9
1911 2620 1944 2686 ἡ

2049 2621 2459 2690 temperandum
2497 2634 2580 2679 est
2621 2623 2778 2678 nobis
2806 2637 2874 2678 ne
2903 2625 3198 2680 secundum
3241 2637 3462 2678 carnem
3507 2637 3624 2676 am-

362 2701 552 2772 ἀποχὴ
599 2705 700 2774 τῆς
745 2704 940 2767 κακίας
971 2707 1246 2774 στεφανοῖ,
1268 2706 1384 2761 ἁλλ’
1423 2708 1458 2780 ἡ
1488 2709 1586 2778 τῆς
1609 2709 1811 2781 ἀρετῆς
1851 2710 1945 2765 καὶ

2054 2716 2318 2783 bulemus,
2388 2733 2574 2772 verum
2649 2724 2863 2786 oportet
2912 2715 3076 2771 etiam
3140 2713 3268 2768 illud
3340 2714 3621 2777 accedere,

361 2796 483 2850 τῶν
525 2797 912 2868 πνευματικῶν
949 2796 1126 2870 ἔργων
1156 2799 1382 2870 μετοχή.

2051 2823 2244 2878 nempe
2289 2828 2307 2861 ι
2344 2808 2641 2866 secundum
2671 2808 2943 2877 spiritum.
2975 2824 2996 2859 ι
3035 2804 3152 2861 Νοη
3177 2806 3321 2861 enim
3347 2805 3623 2861 abstinen-

2051 2901 2122 2955 tia
2155 2915 2182 2954 a
2220 2901 2365 2957 vitiis
2397 2910 2642 2964 coronat.
2693 2900 2786 2955 sed
2831 2899 3048 2955 virtutis
3084 2912 3418 2970 operumque
3450 2898 3625 2969 spiri-

2054 2993 2280 3048 tualium
2310 2994 2680 3064 participatio.

2121 3085 2289 3142 Vitas.
2328 3085 2383 3141 2.
2435 3105 2455 3139 ι
2509 3085 2616 3142 Lex
2655 3087 2798 3142 enim
2847 3086 3084 3154 Spiritus
3142 3085 3266 3140 vitae
3309 3085 3363 3138 in
3411 3083 3628 3138 Christo

368 3149 594 3221 Χριστῷ
645 3149 819 3219 Ἰησοῦ
851 3151 1190 3221 ἠλευθέρωσε
1232 3169 1301 3222 με
1349 3151 1458 3206 ἀπὸ
1495 3151 1588 3205 τοῦ
1642 3152 1808 3221 νόμου
1847 3152 1946 3220 τῆς

2050 3174 2176 3231 Jesu
2211 3177 2456 3232 liberavit
2510 3192 2594 3233 me
2623 3193 2652 3232 a
2683 3178 2801 3248 lege
2823 3177 3031 3246 peccati
3059 3185 3115 3232 et
3139 3175 3348 3231 mortis.
3383 3194 3400 3228 ι
3429 3173 3623 3245 Legezn

367 3241 647 3313 ἁμαρτίας
683 3241 778 3295 καὶ
818 3240 910 3295 τοῦ
939 3240 1192 3297 θανάτου.
1227 3261 1247 3294 ι
1297 3243 1480 3314 Νόμον
1516 3241 1854 3314 Πνεύματος,
1889 3244 1950 3298 τὸ

2055 3268 2291 3338 Spiritus
2340 3268 2600 3340 Spiritum
2662 3240 2912 3326 sanctum
2959 3277 3137 3333 vocat,
3185 3268 3410 3338 perinde
3462 3240 3625 3336 atque

370 3336 532 3404 ἅγιον
567 3334 794 3404 Πνεῦμα
843 3334 1018 3399 καλεῖ,
1066 3335 1255 3406 ὥσπερ
1301 3336 1398 3390 καὶ
1440 3337 1602 3406 νόμον
1652 3337 1950 3408 ἁμαρτίας,

2056 3334 2224 3431 legem
2259 3334 2462 3430 peccati
2499 3362 2672 3431 ipsum
2713 3370 3012 3432 peccatum.
3052 3334 3202 3416 Viue
3224 3372 3402 3416 autem
3455 3334 3634 3429 legem

367 3428 478 3497 τὴν
532 3427 830 3495 ἁμαρτίαν.
877 3429 1030 3498 Ζωῆς
1069 3429 1127 3482 δὲ
1171 3429 1334 3498 νόμον
1369 3428 1557 3482 τοῦτόν
1607 3447 1761 3499 φησι,
1812 3429 1952 3498 πρὸς

2058 3427 2198 3508 hanc
2225 3427 2476 3523 appellat,
2516 3427 2574 3508 ut
2603 3427 2838 3525 opponat
2866 3468 2986 3511 eam
3018 3452 3120 3523 legi
3159 3453 3390 3525 peccati.
3423 3427 3544 3522 quae
3573 3460 3627 3506 ct

371 3518 784 3589 ἁντιδιαστολὴν
812 3518 907 3572 τοῦ
935 3520 1032 3590 τῆς
1065 3519 1342 3589 ἁμαρτίας
1375 3519 1563 3589 νόμου,
1603 3519 1698 3572 τοῦ
1739 3521 1832 3573 καὶ
1860 3519 1952 3572 τὸν

2055 3518 2473 3599 mortem'nobis
2524 3518 2978 3600 subministravit.
3033 3518 3244 3598 Etenim
3297 3518 3471 3612 gratia
3530 3541 3627 3597 Dei

375 3611 607 3666 θάνατον
663 3611 1113 3683 προξενήσαντος.
1176 3610 1242 3664 Ἦ
1301 3612 1460 3684 χάρις
1509 3611 1615 3681 γὰρ
1661 3610 1756 3665 τοῦ
1813 3610 1954 3664 Θεοῦ

2055 3635 2253 3691 occidit
2296 3645 2576 3706 peccatum
2624 3645 2678 3690 et
2725 3645 2953 3690 mortem
3007 3652 3022 3689 :
3074 3648 3316 3704 cumque
3349 3642 3625 3688 certamen

375 3704 691 3759 ἐθανάτωσε
721 3704 819 3774 μὲν
849 3703 947 3775 τὴν
987 3703 1264 3775 ἁμαρτίαν
1295 3706 1390 3758 καὶ
1416 3704 1506 3758 τὸν
1546 3704 1794 3757 Θάνατον·
1829 3702 1957 3757 κοῦ-

2058 3725 2213 3781 nobis
2244 3702 2358 3780 leve
2376 3725 2720 3790 reddidisset,
2745 3723 2813 3780 ad
2833 3724 3117 3780 conﬂictus
3139 3702 3330 3778 ita—nos
3350 3721 3623 3794 perduxit.

377 3815 480 3867 φον
524 3798 582 3851 δὲ
627 3799 760 3868 ἡμῖν
811 3797 904 3851 τὸν
954 3798 1140 3863 ἀγῶνα
1190 3798 1480 3866 ποιήσασα,
1528 3796 1700 3859 οὕτως
1750 3795 1844 3850 ἐπὶ
1889 3797 1958 3850 τὰ

2058 3818 2217 3872 Ausae
2256 3827 2381 3872 sunt
2425 3827 2606 3872 autem
2655 3830 2928 3886 perversa:
2975 3815 3170 3886 linguae
3201 3814 3368 3886 legem
3416 3815 3628 3886 peccati

377 3891 738 3961 παλαίσματα
782 3890 1097 3960 εἰσήγαγεν.
1163 3888 1503 3959 Ἐτὸλμησαν
1543 3887 1602 3940 δὲ
1634 3888 1690 3940 αί
1721 3888 1957 3957 πονηραὶ

2061 3909 2150 3964 hic
2175 3909 2354 3964 dicere
2385 3907 2678 3964 Mosaicam
2710 3907 2907 3980 legem,
2937 3922 3098 3977 quam
3129 3915 3308 3963 tamen
3339 3905 3631 3976 Apostolus

351 3985 627 4054 ,γλῶσσαι
652 3984 818 4054 νόμον
848 3982 1126 4052 ἁμαρτίας
1149 3981 1388 4036 ἐνταῦθα
1419 3982 1594 4034 είπεῖν
1619 3979 1709 4034 τὸν
1737 3981 1946 4034 Μωσαῖ·

2062 4017 2326 4072 nusquam
2358 4002 2460 4056 nisi
2490 4009 2733 4057 sanctam
2767 3979 2820 4055 et
2847 4001 3183 4070 spiritualcm
3211 3999 3522 4069 appellavit.
3561 4000 3630 4052 At

377 4077 478 4132 κδν
497 4077 679 4145 νδμονθ
707 4075 766 4129 δν
788 4076 819 4128 6
858 4073 1180 4137 Ἀπόστολος
1204 4073 1436 4144 οὐδαμοῦ
1458 4073 1629 4136 οὕτως
1653 4072 1957 4143 ὠνόμασεν,

2061 4095 2106 4150 si
2133 4094 2430 4164 spiritualis
2457 4103 2562 4159 est,
2591 4093 2863 4162 inquiunt,
2893 4102 2950 4148 et
2977 4093 3063 4148 lex
3092 4092 3346 4154 Musaica,
3372 4091 3502 4163 quid
3537 4091 3632 4161 igi-

377 4169 498 4224 άλλ⁹
540 4168 695 4237 ἅγιον
738 4167 832 4220 καὶ
879 4165 1271 4234 πνευματικόν.
1326 4166 1436 4219 Καὶ
1473 4166 1523 4219 εί
1575 4163 1958 4234 πνευματικὸς,

2064 4163 2450 4258 ιυτίόίευτρρςιι
2495 4202 2524 4241 a
2568 4186 2685 4258 lege
2719 4185 2992 4258 Spiritus?
3042 4186 3338 4242 Plurimum
3389 4186 3627 4256 quidem.

381 4261 573 4331 φασὶν,
601 4260 718 4314 ἐστι
750 4258 847 4312 καὶ
870 4259 900 4311 6
929 4257 1244 4324 Μωσαῖκδς,
1274 4258 1326 4310 τί
1368 4257 1555 4311 λοιπὸν
1584 4257 1836 4329 διέστηκε
1865 4255 1961 4310 τοῦ

2064 4279 2172 4334 Lex
2216 4280 2360 4333 enim
2417 4277 2649 4333 Mosaica
2689 4277 2891 4346 Spiritu
2927 4287 3132 4333 tantum
3181 4280 3290 4334 lata
3341 4289 3460 4345 est;
3517 4278 3632 4334 lucc

383 4355 550 4424 νόμου
584 4353 679 4407 τοῦ
725 4351 1076 4421 Πνιύματοςς
1125 4351 1414 4422 Πάμπολυ.
1471 4349 1530 4404 Ὀ
1566 4350 1668 4421 μὲν
1715 4350 1824 4421 7&9
1866 4348 1961 4404 τοῦ

1471 4349 1530 4404 ’0
1566 4350 1693 4439 μὲνῇ
1715 4350 1824 4421 γὰρ
1866 4348 1961 4404 τοῦ
2065 4381 2244 4426 autem
2277 4381 2332 4425 et
2366 4368 2624 4439 Spiritum
2649 4370 3039 4439 suppeditabat.

384 4446 668 4509 Μωῦσέως
726 4444 832 4498 ὑπὸ
874 4443 1189 4515 Πνεύματος
1228 4443 1390 4514 μόνον
1419 4443 1598 4514 ὲδόθη⁶
1635 4435 1790 4508 οὗτος
1829 4443 1886 4496 δὲ
1913 4442 1960 4478 ⁸⁸
1991 4492 2035 4547 D
2251 4441 2261 4450 '
2410 4435 2420 4439 ’
2717 4435 2765 4439 ”
2968 4446 2975 4464 ι

385 4537 478 4590 καὶ
507 4535 731 4606 Πνεῦμα
752 4535 1038 4608 ¹ἐχορήγει.
1259 4557 1262 4560 η
1991 4535 2041 4547 “’⁴
3501 4569 3526 4581 κ

459 4646 480 4680 ι
525 4629 598 4682 Τὸ
630 4627 741 4698 γὰρ
774 4626 1034 4681 ἀδύνατον
1069 4626 1164 4680 τοῦ
1196 4624 1394 4697 ⁸νὸμου,
1450 4628 1508 4681 ὲν
1539 4621 1585 4697 ᾧ
1615 4627 1836 4699 ἠσθένει
1867 4628 1958 4682 διά

2130 4632 2294 4687 Vsus.
2324 4631 2380 4686 3.
2420 4648 2438 4682 ι
2472 4629 2606 4687 Nam
2631 4633 2771 4701 quod
2792 4640 2912 4686 erat
2933 4631 3190 4701 impossih
3233 4645 3266 4685 e
3291 4632 3418 4702 legi,
3445 4633 3497 4687 in
3526 4647 3636 4701 quo

383 4721 480 4792 τῆς
495 4721 718 4793 σαρκὸς,
739 4722 768 4774 6
795 4720 927 4785 Θεδς
949 4721 1042 4776 τὸν
1067 4721 1260 4776 ἑαυτοῦ
1287 4722 1414 4776 Υίὸν
1434 4722 1656 4793 πέμψας
1674 4725 1732 4777 ὲν
1757 4722 1961 4794 ὁμοιὼ-

2061 4722 2437 4778 inilrmabatur
2463 4738 2560 4793 per
2599 4737 2846 4787 carnem,
2887 4722 3029 4778 Deus
3063 4722 3231 4777 misso
3271 4721 3410 4778 Filio
3445 4737 3546 4778 suo
3581 4723 3635 4778 in

388 4832 521 4884 ματι
578 4814 783 4883 σαρκὸς
865 4813 1166 4885 ἁμαρτίας,
1211 4815 1472 4883 καὶπερὶ
1505 4815 1781 4886 ἁμαρτίας
1827 4834 1963 4870 κατ·

2060 4813 2416 4870 similitudine
2445 4814 2627 4869 carnis
2664 4813 2895 4884 peccati,
2936 4813 3002 4868 de
3049 4823 3274 4883 peccato
3304 4813 3636 4870 condemna-

386 4908 571 4980 ἐκρινε
599 4907 699 4979 τὴν
728 4909 1005 4979 ἁμαρτίαν
1038 4910 1096 4962 ὲν
1139 4911 1207 4979 τῇ
1245 4909 1428 4979 σαρκί.
1468 4928 1489 4961 ι
1543 4909 1819 4980 Ἐμνήσθη
1857 4907 1960 4962 ’τοῦ

2063 4907 2140 4960 vit
2161 4915 2440 4975 peccatum
2468 4906 2522 4960 in
2545 4919 2729 4961 carne.
2765 4923 2785 4959 ι
2815 4905 3057 4960 Meminit
3083 4905 3192 4978 55
3214 4905 3469 4975 Spiritus,
3493 4919 3637 4961 nunc

388 4999 729 5068 Πνεύματος,
784 4999 1113 5069 μνημονεύει
1165 4999 1259 5054 νῦν
1305 5001 1400 5053 καὶ
1441 4998 1536 5053 τοῦ
1566 4999 1816 5069 ,Πατρὸῇ
1866 5000 1962 5054 καὶ

2065 4996 2392 5051 mentionem
2429 4995 2558 5053 facit
2589 5004 2643 5051 et
2673 4995 2852 5050 Patris
2896 5005 2952 5051 et
2982 4994 3124 5058 Filii,
3172 4995 3491 5051 Trinitatem
3537 4995 3635 5050 do-

386 5091 481 5145 τοῦ
529 5091 684 5156 Υἰοῦ,
725 5094 825 5160 τὴν
869 5092 1074 5161 Τριάδα
1121 5091 1388 5145 διδάσκων
1418 5092 1484 5146 ⁵⁷.
1521 5093 1632 5144 Καὶ
1671 5091 1819 5145 δοκεῖ
1863 5091 1963 5160 μὲν

2065 5102 2216 5143 cens.
2248 5086 2326 5142 Ac
2356 5087 2572 5144 videtur
2594 5088 2682 5143 hic
2709 5102 2844 5144 sane
2872 5096 3060 5144 contra
3095 5089 3268 5159 legem
3295 5087 3506 5154 dicere,
3541 5101 3636 5144 ve-

390 5183 533 5236 κατὰ
577 5182 672 5236 τοῦ
721 5181 890 5251 νόμου
935 5181 1134 5248 λέγειν,
1165 5182 1266 5236 οὐκ
1297 5181 1417 5235 ἔστι
1449 5183 1505 5236 δὲ
1537 5182 1716 5259 τοῦτο.
1747 5182 1822 5235 Οὐ
1853 5182 1963 5255 7&9

2065 5193 2186 5233 rum
2222 5177 2274 5232 id
2301 5193 2421 5235 sese
2452 5179 2523 5234 ita
2554 5193 2660 5235 non
2693 5179 2874 5234 habett
2916 5178 3030 5235 Non
3059 5179 3204 5234 enim
3238 5177 3374 5232 dixit
3401 5195 3416 5231 :
3449 5177 3635 5234 Pravi-

392 5271 532 5333 εῐπε,
568 5273 642 5327 T6
677 5274 911 5344 πονηρὸν
938 5272 1032 5326 τοῦ
1059 5273 1244 5343 νόμου,
1269 5275 1326 5326 ὲν
1351 5267 1397 5341 ᾧ
1427 5273 1773 5342 ἐκακούργει,
1804 5271 1962 5339 ἀλλὰ,

2067 5280 2149 5325 tas
2176 5270 2311 5340 legis
2340 5271 2391 5324 in
2423 5285 2526 5340 qua
2562 5285 2817 5342 perverse
2843 5272 3058 5341 agebat,
3093 5272 3189 5326 sed
3220 5287 3239 5322 ι
3281 5270 3634 5339 impossibili-

397 5381 416 5416 ι
451 5365 528 5417 Τὸ
553 5364 832 5425 ἀδύνατον,
875 5365 934 5416 ὲν
960 5357 1002 5431 ᾧ
1025 5363 1261 5434 ἠσθένει.
1299 5381 1324 5416 ι
1343 5363 1463 5425 Πῶς
1492 5363 1548 5418 δὲ
1578 5363 1792 5432 ἠσθένει
1816 5379 1831 5428 ;
1862 5363 1962 5417 Διὰ

2067 5371 2150 5415 tas
2187 5378 2206 5412 ι
2267 5362 2319 5416 ἰη
2364 5377 2467 5432 qua
2511 5362 2790 5418 imbecillis
2832 5373 2972 5416 erat.
3022 5359 3122 5427 Qui
3176 5375 3305 5416 vero
3352 5360 3635 5416 imbecillis

390 5453 492 5523 τῆς
520 5453 744 5522 σαρκὸς,
769 5455 1036 5515 τουτέστι,
1067 5453 1160 5506 τοῦ
1192 5452 1455 5524 σαρκικοῦ
1494 5453 1860 5522 φρονήματος.
1900 5451 1960 5505 Ὀ

2068 5450 2226 5504 crat?
2268 5448 2372 5506 Per
2410 5467 2651 5517 carnem,
2685 5451 2737 5506 id
2776 5461 2862 5506 est
2908 5465 3002 5521 per
3042 5450 3316 5505 carnalem
3356 5451 3631 5508 affectum.

391 5540 450 5594 δὲ
478 5539 601 5603 νοῦς
631 5543 797 5606 ἆπας,
829 5535 904 5593 ὧν
935 5541 1118 5608 ἔλεγεν
1141 5543 1169 5596 6
1209 5541 1550 5605 ’Λπὸστο).ος,
1577 5540 1807 5596 ἐνταῦθα
1833 5543 1962 5595 ἁνα-

2070 5539 2276 5595 Sensus
2293 5550 2471 5594 autem
2502 5540 2783 5595 universus
2810 5554 2995 5594 eorum
3025 5553 3144 5609 quae
3163 5539 3302 5594 dixit
3324 5539 3635 5609 Apostolus,

395 5631 748 5689 καλύπτεται.
799 5634 958 5702 Λέγει
990 5637 1120 5705 7&9,
1167 5633 1242 5698 ὡς
1285 5635 1378 5687 καὶ¹
1421 5634 1677 5704 ἀνωτέρω
1714 5635 1961 5703 εἴπομεν,

2071 5631 2160 5687 hic
2206 5629 2496 5687 reveletur.
2533 5632 2621 5685 Ait
2646 5631 2812 5697 enim,
2865 5641 2923 5686 ut
2955 5640 3009 5686 et
3041 5646 3203 5702 supra
3257 5631 3639 5697 indicavimus,

453 3077 476 3109 ι
547 3058 606 3111 ὐ
650 3057 760 3130 7&9
801 3057 964 3128 νόμος
1013 3058 1107 3111 τοῦ
1165 3059 1478 3130 Πνεῦματος
1524 3059 1626 3128 τῆς
1675 3059 1843 3128 ζωῆς,
1889 3061 1949 3112 ὲν

1732 5751 1930 5812 Variae
1953 5750 2282 5814 lectiones.

467 5879 511 5912 "‘
539 5877 787 5932 ἵστασθαι
821 5895 873 5933 o.
951 5877 995 5908 ⁵⁵
1023 5876 1113 5930 οῦν
1142 5892 1192 5932 0.
1271 5879 1313 5910 ⁸⁵
1347 5875 1423 5930 δεῖ
1477 5894 1529 5932 0.
1606 5879 1648 5908 ⁵⁸
1680 5881 1705 5932 ὁ
1738 5879 1784 5931 δὲ
1816 5896 1864 5934 o.
1943 5879 1986 5911 ³⁷
2032 5879 2057 5930 ὲ

1142 5892 1192 5932 0.
1271 5879 1313 5910 ⁸⁵
1347 5875 1423 5930 δεῖ
1477 5894 1529 5932 0.
1606 5879 1648 5908 ⁵⁸
1680 5881 1705 5932 ὁ
1738 5879 1784 5931 δὲ
1816 5896 1864 5934 o.
1943 5879 1986 5911 ³⁷
2032 5876 2219 5940 ἑνίζων
2249 5892 2298 5929 o.
2385 5871 2628 5940 συνάγων
2663 5890 2735 5926 ιιι.
