4038 6598
423 383 454 442 ζ
461 384 531 446 35
1308 375 1890 438 THEOPHYLACTI
1932 377 2344 439 BULGARUE
2383 376 2742 438 ABCI—IIEP.
3555 372 3672 437 436

419 487 565 558 quod
593 489 673 543 lex
707 486 932 543 docebat
956 485 1189 553 quidem,
1227 501 1332 540 nou
1371 489 1542 555 potuit
1565 498 1742 543 autem
1773 490 1990 545 vincere

2111 489 2173 541 ὃτι
2203 491 2231 542 6
2252 488 2414 557 νόμος
2444 488 2688 541 ἐδίδασκε
2724 487 2844 557 μὲν,
2867 486 2968 540 οὐκ
2998 486 3228 558 ἠδύνατο
3256 487 3314 543 δὲ
3346 479 3570 559 νικῆσαι
3605 492 3668 542 τ’)

423 579 774 634 carnaliorcm
823 577 1101 633 affectum.
1160 575 1394 633 Proinde
1423 577 1586 632 Pater
1633 581 1780 634 misit
1827 596 1985 633 suum

2111 580 2501 652 ιαρκικὼτερον
2529 581 2696 651 φρόνη
2707 598 2800 649 μα.
2848 580 2907 633 '0
2927 579 3105 633 τοίνυν
3133 579 3320 651 Πατὴρ
3344 579 3437 633 ἐπε
3449 580 3554 650 μψε
3577 580 3672 633 τὸν

423 667 592 740 ipsius
623 669 812 726 Filium
849 688 868 722 ι
902 670 952 724 in
982 669 1334 725 similitudine
1362 671 1542 726 carnis
1570 672 1794 740 peccati,
1831 690 1850 722 ι
1884 670 1989 728 hoc

2111 673 2284 725 αυτοῦ
2305 673 2427 724 Υίὸν
2449 691 2467 724 ι
2496 672 2552 725 ὲν
2577 671 2882 740 ὁμοιώματι
2904 671 3104 741 σαρκὸς
3132 671 3427 742 ἁμαρτίας,
3457 689 3478 723 ›
3509 689 3670 724 τουτ-

423 775 534 830 est,
567 778 780 818 carnem
811 762 1094 818 habentem
1120 763 1350 819 similem
1374 763 1670 818 secundum
1699 766 1987 820 essentiam

2111 766 2230 828 ἑστι,
2285 766 2464 835 σάρκα
2508 765 2700 836 ἔχοντα
2747 765 2938 835 ὁμοίαν
3005 765 3102 834 μὲν
3156 764 3297 818 κατὰ
3333 765 3433 834 τὴν
3481 763 3673 817 οὐσίαν

424 865 621 910 nostra:
657 854 964 921 peccatrici,
995 864 1268 910 carentem
1304 865 1483 910 autem
1521 855 1668 910 omni
1744 867 1987 927 peccato.

2111 860 2158 928 τῇ
2209 858 2454 930 ἡμετέρα
2484 859 2550 927 τῇ
2599 856 2929 928 ἁμαρτωλῷ,
2965 856 3350 928 ἀναμάρτητον
3394 857 3472 911 δέ.
3528 856 3675 909 Διὸτι

421 946 558 1012 Quia
587 945 731 1000 enim
765 944 1011 999 meminit
1040 944 1268 1014 peccati,
1303 943 1424 999 ideo
1452 944 1858 999 similitudinem
1897 959 1994 1014 ap-

2111 949 2202 1020 rip
2229 948 2474 1020 ἐμνήσθη
2503 949 2800 1018 ἁμαρτίας,
2829 947 2920 1001 διὰ
2950 949 3108 1003 τοῦτο
3139 950 3198 1002 τὸ
3223 949 3475 1019 ὁμοίωμα
3507 965 3675 1018 προσ.

422 1038 623 1106 posuit.
673 1035 790 1092 Non
840 1037 984 1092 enim
1033 1036 1196 1090 aliam
1244 1050 1462 1090 carnem
1519 1036 1833 1106 assumpsit,
1896 1034 1990 1092 sed

2111 1041 2308 1112 ἔθηκεν.
2337 1041 2410 1094 Οὐ
2432 1040 2540 1112 γὰρ
2562 1041 2626 1109 δὴ
2658 1041 2824 1107 ἀλλην
2849 1040 3029 1111 σάρκα
3059 1038 3341 1102 ἀνέλαϐεν,
3363 1038 3478 1092 ἀλλ’
3503 1038 3675 1111 αὐτὴν

423 1130 595 1197 ipsam
645 1127 784 1182 hanc
827 1135 1132 1194 assumens,
1188 1126 1556 1182 sattctilicavit
1593 1135 1646 1181 et
1691 1127 1992 1194 coronavit,

2111 1130 2300 1200 ταύτην
2345 1131 2546 1197 λαϐὼν,
2584 1131 2780 1202 ήγίασε
2811 1131 2905 1186 καὶ
2938 1131 3305 1200 ἐστεφάνωσε,
3337 1131 3678 1202 κατακρίνας

423 1222 790 1276 condemuans
817 1228 1095 1289 peccatum
1125 1219 1180 1272 in
1208 1226 1481 1286 assutttpta
1513 1230 1698 1280 carne,
1735 1224 1788 1271 et
1813 1226 1996 1270 osten-

2111 1225 2193 1293 τὴν
2243 1223 2518 1294 ἁμαρτίαν
2571 1225 2628 1276 ἐν
2677 1227 2743 1293 τῇ
2795 1226 2960 1295 σαρκὶ
2991 1228 3057 1295 τῇ
3095 1224 3528 1297 προσληφθείσῃ,
3578 1225 3678 1276 καὶ

424 1313 557 1368 deus
582 1326 797 1366 carnem
822 1325 927 1364 non
957 1323 1076 1365 esse
1096 1317 1289 1363 natura
1321 1307 1696 1378 peccatricem.
1719 1306 1765 1361 Α
1785 1307 1999 1360 Christo

2111 1317 2298 1383 ἰείξας,
2335 1320 2418 1373 ὅτι
2461 1319 2522 1371 οὐ
2563 1319 2722 1386 φύσει
2773 1317 3096 1390 ἁμαρτωλὸς
3143 1319 3177 1388 ή
3230 1316 3386 1386 σάρξ.
3445 1315 3679 1386 Ὅμοιον

423 1419 556 1473 ergo
583 1402 806 1472 perinde
831 1400 1030 1463 factum
1055 1410 1158 1468 est,
1187 1415 1252 1455 ac
1277 1399 1323 1454 si
1345 1399 1466 1468 quis
1489 1398 1542 1450 in
1576 1397 1690 1452 foro
1715 1397 1994 1452 mulierem

2111 1405 2191 1464 ιῦν
2232 1411 2458 1478 γέγονεν
2486 1411 2590 1464 ὑπὸ
2624 1409 2887 1480 Χριστοῦ,
2919 1405 3032 1464 οἷον
3057 1408 3112 1462 εί
3144 1425 3228 1474 τις
3273 1411 3331 1462 ὲν
3367 1411 3544 1479 ἀγορᾷ
3577 1409 3680 1478 τὴν

426 1495 770 1566 vapulantem
810 1508 1060 1559 cernens,
1093 1494 1235 1548 dicat
1265 1507 1323 1548 se
1357 1491 1475 1562 ejus
1526 1490 1718 1554 ﬁlium,
1755 1496 1878 1544 cum
1925 1488 1997 1542 sit

2111 1503 2332 1570 γυναῖκα
2361 1501 2708 1572 τυπτομένην
2753 1501 2897 1564 ιδὼν,
2939 1498 3084 1554 εἴποι
3127 1501 3298 1570 αὐτῆς
3347 1499 3488 1553 εἶναι
3539 1501 3677 1563 υίὸς,

427 1602 586 1642 ua'us
617 1589 788 1658 regis,
823 1602 996 1657 eaque
1036 1586 1247 1641 ratione
1298 1584 1491 1640 liberet
1538 1583 1711 1653 ipsam
1747 1597 1776 1634 a
1808 1581 1998 1636 verbe-

2111 1591 2361 1660 βασιλέως
2390 1590 2465 1644 ὣν
2496 1591 2612 1653 υἱὸς
2641 1629 2657 1656 ,
2690 1591 2786 1644 καὶ
2818 1589 2990 1654 οὕτως
3017 1591 3186 1659 αὐτὴν
3214 1589 3543 1656 ἀπαλλάξειε
3571 1590 3682 1642 τῶν

426 1680 695 1736 rantibus.
729 1679 900 1735 Porro
929 1679 1071 1749 quod
1122 1679 1214 1743 ait,
1262 1695 1283 1730 ι
1348 1679 1417 1732 de
1467 1683 1709 1746 peccato,
1749 1693 1769 1726 ι
1824 1680 2000 1744 potest

2111 1683 2426 1738 τυπτόντων.
2465 1683 2539 1736 Τὸ
2575 1683 2654 1748 δι,
2695 1702 2713 1735 ι
2743 1684 2854 1737 Καὶ
2903 1683 3032 1755 περὶ
3081 1683 3375 1753 ἁμαρτίας,
3412 1700 3432 1734 ι
3459 1681 3683 1735 δύναται

427 1772 588 1826 ctiam
621 1771 918 1841 simplicius
944 1770 1192 1838 intelligi,
1219 1770 1358 1824 hanc
1405 1768 1471 1823 ad
1503 1768 1761 1821 rationem
1794 1783 1810 1822 :
1857 1765 2003 1818 Misit

2111 1773 2203 1842 μὲν
2233 1774 2489 1845 νοηθῆναι
2534 1776 2629 1828 καὶ
2669 1774 3066 1844 ἁπλούστερον,
3108 1774 3230 1828 ἀντὶ
3285 1773 3403 1840 τοῦ,
3463 1758 3681 1844 ἐπεμὶξιε

429 1865 621 1919 Filium
673 1878 829 1918 suum
881 1863 1044 1917 Pater
1089 1877 1185 1932 pro
1238 1870 1480 1931 peccato,
1537 1860 1588 1914 ld
1635 1868 1739 1923 est,
1777 1873 1896 1912 eam
1929 1857 2000 1912 ob

2111 1867 2190 1918 τὸν
2226 1866 2351 1919 Υιὸν
2378 1868 2406 1919 6
2435 1865 2625 1937 Πατὴρ
2658 1867 2787 1937 περὶ
2835 1867 3134 1937 ἁμαρτίας,
3172 1864 3475 1927 τουτέστιν,
3515 1866 3684 1918 ἓνεκα

429 1970 569 2022 rem,
602 1964 661 2010 ut
686 1954 980 2011 dehellaret
1015 1961 1322 2024 peccatum.
1357 1951 1510 2018 Quod
1558 1965 1687 2006 sane
1714 1949 2002 2004 declarans

2111 1958 2195 2012 τοῦ
2226 1957 2706 2027 καταγωνίσασθαι
2737 1959 2834 2029 τὴν
2863 1959 3160 2030 ἁμαρτίαν.
3197 1959 3254 2012 Ὀ
3286 1958 3343 2012 δὲ
3379 1960 3682 2028 πάμμεγας

428 2059 658 2116 magnus
683 2047 772 2102 ille
797 2045 1031 2102 Joannes
1058 2046 1476 2117 Chrymstomus
1505 2061 1519 2098 :
1566 2044 1755 2112 Arguit
1780 2040 2002 2113 (ithttiI)

2111 2050 2361 2121 Ἰωάννης
2405 2050 2562 2103 τοῦτο
2607 2050 2804 2121 δηλῶν,
2855 2050 3057 2121 ἔφησεν
3081 2049 3146 2115 ⁸⁸,
3199 2051 3280 2104 ὅτι
3309 2048 3541 2117 Ἠλεγξε
3582 2052 3684 2121 τὴν

430 2151 482 2194 et
545 2137 889 2209 rcprehendlt
947 2147 1228 2207 peccatum
1278 2135 1551 2201 Christus,
1605 2135 1801 2203 quippe
1862 2130 2004 2200 quod

2111 2142 2378 2212 ἁμαρτίαν
2405 2143 2433 2194 6
2460 2141 2692 2211 Χριστὸς
2726 2141 2936 2212 μεγάλα
2968 2142 3374 2211 ἡμαρτηκυῖαν.
3403 2141 3546 2202 Ἕως
3581 2139 3683 2208 μὲν

431 2234 780 2286 vehementer
848 2237 1120 2304 et_supra
1181 2229 1395 2283 modum
1445 2236 1739 2298 peccasset.
1822 2224 2006 2292 Quan-

432 2324 522 2376 ttiu
564 2323 707 2378 enim
787 2330 1062 2392 peccatum
1117 2331 1432 2387 peccatores
1465 2318 1682 2379 occidit,
1729 2315 1876 2386 juste
1925 2314 2007 2370 eis

433 2425 662 2470 mortem
693 2413 892 2470 intulit.
930 2413 1217 2482 Postquam
1249 2425 1379 2466 vero
1403 2423 1598 2479 corpus
1632 2409 1862 2472 Domini,
1905 2408 2008 2462 im-

431 2505 708 2574 pcccabile
748 2505 881 2560 illud
913 2505 1208 2576 reperiens,
1247 2503 1391 2558 letho
1427 2503 1682 2566 dedisset,
1729 2501 1886 2555 veluti
1926 2500 2009 2555 in-

425 2600 622 2669 jnriatn
671 2597 880 2656 faciens
905 2607 959 2654 et
987 2613 1239 2668 peccans,
1271 2596 1694 2652 condemnatum
1727 2601 1830 2649 est.
1864 2591 2011 2648 Misit

433 2695 594 2760 igitur
633 2689 828 2745 Filium
863 2703 1020 2745 suum
1070 2689 1246 2754 Deus,
1295 2703 1416 2742 cum
1450 2697 1509 2741 ut
1541 2687 1850 2741 ostenderet
1883 2700 2008 2756 pec-

430 2795 612 2842 catum
645 2790 699 2841 et
751 2783 1012 2855 iniustum
1041 2796 1162 2839 esse
1200 2791 1255 2838 et
1297 2792 1574 2852 peccasse.
1621 2789 1732 2834 tum
1765 2791 1817 2832 ut
1856 2777 2007 2846 juste

433 2879 605 2949 ipsum
647 2880 1054 2941 condemnaret,
1114 2887 1181 2930 ne
1238 2875 1382 2930 dicat
1428 2873 1694 2938 diabolus,
1747 2872 2004 2926 Christus

435 2976 612 3026 instar
640 2969 795 3024 furtis
826 2981 910 3022 me
936 2967 1082 3020 vicit.

501 3063 666 3117 Vens.
697 3062 750 3115 6.
784 3079 804 3112 ι
842 3058 910 3114 Ut
930 3057 1242 3128 instilletuio
1269 3056 1401 3127 legis
1428 3056 1718 3123 impleatur
1748 3054 1802 3109 in
1827 3053 2006 3118 nobis,

434 3154 529 3225 qui
557 3164 662 3209 nan
707 3152 1000 3208 secundum
1031 3164 1251 3204 carnem
1288 3148 1650 3210 ambulamus,
1687 3147 1780 3202 sed
1816 3161 2011 3202 secun—

448 3249 575 3301 dum
607 3245 879 3315 spiritum.
918 3261 938 3294 ι
985 3239 1063 3297 Ne
1103 3241 1224 3311 quis
1266 3240 1434 3306 dicat,
1480 3239 1687 3310 Ecquid
1729 3241 1792 3292 ad
1828 3252 1936 3300 me,
1963 3239 2009 3293 si

436 3338 684 3393 Christus
708 3337 763 3392 in
794 3349 979 3400 carne.
1011 3349 1172 3404 quam
1203 3332 1518 3403 assumpsit,
1553 3331 1832 3386 victoriam
1873 3329 2013 3384 obti-

436 3430 588 3485 nuit?
611 3437 892 3499 prOpterea
924 3427 1118 3497 lnquit,
1141 3424 1254 3480 luto
1283 3424 1522 3480 maxime
1545 3423 1686 3478 istud
1719 3432 1808 3476 tua
1839 3421 2011 3476 inter-

436 3526 540 3578 est.
576 3519 712 3575 Nam
739 3537 761 3571 ι
797 3518 1114 3588 iustiﬁcati.
1141 3516 1299 3588 legis,
1325 3535 1343 3568 ι
1381 3518 1434 3572 id
1467 3525 1552 3570 est
1582 3514 1705 3569 linis
1734 3521 1790 3570 et
1817 3527 2012 3580 scopus

440 3617 660 3684 (scopus
688 3611 833 3667 enim
864 3611 912 3666 ei
945 3620 1064 3665 erat
1085 3608 1389 3679 justiﬂcare
1422 3605 1721 3676 hominem)
1765 3623 1784 3656 ι
1817 3603 2012 3672 imple-

440 3715 550 3766 tur,
586 3721 608 3756 ι
650 3701 846 3770 inquit,
883 3713 903 3753 ι
942 3699 996 3754 in
1032 3700 1206 3754 nobis.
1237 3708 1259 3750 δ
1296 3696 1448 3764 Quod
1483 3695 1623 3750 enim
1669 3692 1755 3748 lex
1799 3691 2011 3746 volebat

436 3794 654 3862 quidem
675 3825 691 3858 ,
721 3792 988 3846 inﬁrmior
1017 3801 1197 3845 autem
1225 3797 1346 3844 erat
1371 3801 1532 3857 quam
1578 3793 1639 3839 ut
1671 3791 1877 3855 posset,
1907 3783 2010 3838 hoc

439 3883 692 3939 Christus
739 3881 867 3936 fecit
909 3889 1130 3951 propter
1165 3894 1264 3934 nos
1309 3894 1325 3931 :
1373 3890 1430 3933 et
1469 3886 1746 3933 certamen
1792 3876 2010 3948 quidem

443 3976 587 4031 illius
625 3973 747 4039 fuit,
785 3988 886 4028 nos
938 3986 1068 4028 vero
1097 3971 1322 4028 victoria
1358 3971 1512 4041 potiti
1568 3985 1782 4026 sumus.
1833 3969 2013 4036 Quare

443 4077 787 4137 nequaquam
809 4063 974 4120 etiam
1003 4063 1368 4132 peecahimus,
1416 4061 1522 4116 nisi
1550 4061 1847 4116 secundum
1888 4075 2013 4116 car-

444 4170 566 4214 nem
592 4154 1142 4221 obamhulaverimus,
1183 4153 1285 4208 hoc
1309 4162 1416 4218 est,
1453 4152 1694 4210 carnalia
1737 4151 2012 4222 expetive-

441 4252 616 4305 rimus
642 4266 656 4303 :
689 4247 802 4303 into
829 4261 958 4300 vero
991 4260 1096 4301 non
1124 4245 1256 4300 satis
1282 4252 1365 4300 est
1395 4243 1564 4309 istud,
1595 4244 1871 4311 nimirum,
1905 4258 2011 4298 non

443 4355 638 4412 sapere
665 4339 926 4406 carnalia,
951 4347 1202 4394 caeterum
1230 4344 1442 4406 oportet
1473 4337 1636 4391 etiam
1685 4335 1874 4390 adesse
1911 4349 2013 4390 no-

443 4433 548 4495 bis,
577 4441 631 4485 ιιι
669 4445 832 4502 supra
861 4437 1340 4485 commemoratum
1377 4439 1480 4497 est,
1513 4427 1846 4496 spiritualem
1883 4427 2014 4484 aﬂ'c-

2107 2233 2217 2304 γὰρ
2248 2233 2610 2304 ἁμαρτωλοὺς
2638 2234 2898 2289 ὲθανάτου
2939 2233 2973 2304 ἡ
3001 2233 3264 2304 ἁμαρτία,
3297 2233 3436 2287 κατὰ
3471 2231 3561 2285 τὸν
3587 2231 3684 2286 τοῦ

2113 2326 2326 2382 δικαίου
2360 2327 2517 2393 λόγον
2544 2325 2716 2396 ἐπῆγε
2765 2327 2975 2389 τούτοις
3005 2327 3103 2396 τὴν
3137 2326 3415 2394 τελευτήν.
3462 2324 3684 2396 Ἐπειδή

2105 2419 2164 2475 δὲ
2182 2421 2228 2454 η
2259 2420 2639 2490 ἀναμάρτητον
2672 2417 2904 2490 εὑροῦσα
2938 2418 3097 2487 σῶμα
3125 2415 3188 2471 τὸ
3216 2416 3310 2470 τοῦ
3333 2417 3538 2488 Κυρίου
3561 2416 3689 2470 ὲοα-
3745 2479 3756 2488 ο

2106 2509 2366 2577 νάτωσεν,
2399 2511 2474 2574 ὡς
2515 2511 2823 2581 άδικήσασα
2857 2509 2953 2563 καὶ
2999 2508 3320 2581 άμαρτοῦσα
3357 2507 3683 2578 κατεκρίθη.

2111 2603 2366 2677 Ἔπεμψεν
2403 2606 2536 2675 γοῦν
2570 2606 2663 2661 τὸν
2693 2606 2820 2660 Υίὸν
2851 2604 3017 2660 αὐτοῦ
3057 2607 3087 2659 6
3123 2605 3278 2668 Θεὸς,
3313 2606 3408 2659 καὶ
3439 2605 3566 2676 περὶ
3592 2603 3686 2657 τοῦ

2107 2694 2282 2764 δεῖξαι
2320 2697 2419 2768 τὴν
2455 2697 2732 2769 ἁμαρτίαν
2782 2697 2967 2751 ἄδικον
3013 2696 3107 2750 καὶ
3137 2697 3541 2767 ήμαρτηκυῖαν,
3591 2695 3688 2748 καὶ

2110 2792 2434 2860 κατακρϊναι
2465 2789 2634 2860 αὐτὴν
2674 2788 2920 2853 δικαίως,
2965 2788 3056 2842 ἶνα
3113 2789 3189 2859 μὴ
3223 2789 3320 2860 ἔχῃ
3345 2788 3391 2821 ⁸⁸
3441 2787 3619 2856 λέγειν
3658 2787 3689 2840 6

2111 2881 2375 2948 διάὸολος,
2397 2883 2477 2936 ὅτι
2519 2882 2609 2945 Ὧς
2646 2883 2860 2953 ἰσχυρός
2895 2899 2964 2952 με
2993 2881 3245 2952 ἐνίκησεν
3273 2883 3302 2935 6
3333 2878 3590 2951 Χριστός.

2191 3078 2212 3110 ι
2255 3059 2374 3112 Ἵνα
2416 3058 2477 3112 τὸ
2521 3059 2796 3129 δικαίωμα
2842 3059 2935 3113 τοῦ
2978 3059 3143 3129 νόμου
3175 3055 3436 3131 πληρωθῇ
3470 3059 3527 3112 ἑν
3555 3061 3691 3129 ἡμῖν

2061 3198 2078 3214 ,
2112 3151 2227 3213 τοῖς
2260 3149 2334 3220 μὴ
2370 3150 2510 3204 κατὰ
2536 3151 2714 3220 σάρκα
2745 3149 3161 3221 περιπατοῦσιν,
3186 3150 3320 3204 ά).λᾶ
3347 3149 3491 3203 κατὰ
3522 3149 3689 3200 πνεῦ-

2116 3258 2214 3308 μα.
2255 3260 2274 3293 ι
2320 3242 2436 3294 ἰνα
2473 3242 2546 3312 μή
2579 3258 2661 3304 τις
2685 3242 2842 3313 εἴπῃ.
2875 3242 2984 3296 Καὶ
3009 3240 3061 3295 τί
3092 3240 3227 3312 πρὸς
3263 3241 3386 3310 ἐμὲ,
3415 3241 3463 3292 εἰ
3493 3239 3520 3293 6
3557 3239 3691 3310 Χρι-

2115 3333 2243 3396 στὸς
2295 3334 2468 3410 ὲνιτῇ
2524 3333 2711 3403 σαρκὶ,
2746 3334 2812 3403 ἢν
2869 3333 3262 3404 προσείληφεν,
3311 3330 3562 3400 ἑνίκησες
3603 3330 3692 3382 διὰ

2117 3425 2280 3479 τοῦτο
2301 3424 2476 3479 ταῦτά
2501 3441 2688 3494 φησιν,
2718 3425 2802 3478 ὅτι
2827 3424 2966 3495 Πρὸς
3004 3425 3063 3477 σὲ
3086 3423 3186 3494 μὲν
3215 3422 3307 3476 οῦν
3333 3423 3592 3493 μάλιστα.
3614 3421 3692 3474 Τδ

2110 3517 2222 3589 γάρ
2237 3517 2509 3587 δικαίωμα
2527 3517 2621 3570 τοῦ
2647 3517 2830 3587 νόμου,
2858 3517 3123 3581 τουτέστι,
3160 3516 3221 3569 τὸ
3243 3516 3414 3580 τέλος,
3439 3516 3468 3568 6
3491 3512 3692 3577 σκοπὸς

2115 3609 2340 3684 (σκοπὸν
2369 3609 2478 3679 γὰρ
2515 3605 2628 3679 εἶχε
2663 3609 2732 3661 τὸ
2771 3606 3015 3662 δικαιοῦν
3061 3608 3154 3661 τὸν
3185 3606 3516 3680 ἄνθρωπον),
3552 3605 3692 3678 πλη-

2116 3701 2325 3774 ροῦται,
2370 3701 2558 3771 φησὶν,
2603 3700 2662 3754 ὲν
2696 3701 2849 3770 ἡμῖν.
2909 3700 2976 3753 Ὃ
3010 3699 3117 3772 γὰρ
3164 3701 3193 3754 6
3237 3701 3401 3770 νόμος
3428 3699 3693 3770 ἠϐούλετο

2116 3794 2239 3868 μὲν,
2271 3793 2490 3865 ἠσθένει
2519 3792 2595 3859 δὲ,
2627 3791 2785 3847 τοῦτο
2817 3791 2845 3845 6
2882 3791 3113 3862 Χριστὸς
3151 3792 3372 3862 ἐποίησε
3402 3791 3470 3844 δι’
3519 3793 3689 3861 ἡμᾶς’

2115 3886 2210 3942 καὶ
2237 3884 2300 3938 τὸ
2340 3883 2440 3955 μὲν
2482 3883 2770 3955 ἀγώνισμα
2801 3881 3024 3951 γέγονεν
3057 3882 3274 3952 ἐκείνῳ,
3312 3883 3475 3952 ἡμεῖς
3507 3881 3564 3933 δὲ
3593 3880 3694 3949 τῆς

2111 3977 2269 4048 νίκης
2328 3975 2738 4046 ἀπελαύσαμεν.
2794 3974 2888 4027 Διὸ
2939 3973 3036 4026 καὶ
3099 3973 3199 4043 οὐχ
3238 3971 3691 4042 ἁμαρτησόμεθα.

2113 4068 2210 4122 εὰν
2245 4065 2320 4139 μὴ
2357 4068 2498 4122 κατὰ
2549 4068 2732 4139 σάρκα
2779 4065 3192 4138 περιπατῶμεν,
3240 4065 3510 4129 τουτέστι,
3564 4075 3696 4134 σαρ-

2111 4162 2244 4216 κικὰ
2273 4160 2584 4231 φρονῶμεν·
2639 4159 2842 4230 μᾶλλον
2875 4157 2932 4211 δὲ
2960 4157 3063 4212 οὐκ
3109 4157 3273 4225 ἀρκεῖ
3307 4155 3487 4220 τοῦτο,
3517 4151 3580 4208 τὸ
3616 4151 3692 4224 μὴ

2113 4252 2332 4324 φρονεῖν
2357 4249 2619 4322 σαρκικὰ,
2667 4249 2806 4303 ἀλλὰ
2834 4249 2916 4302 δεῖ
2964 4247 3252 4316 προσεῖναι
3277 4247 3433 4316 ἡμῖν,
3476 4243 3555 4308 ὡς
3598 4259 3694 4296 και

2113 4343 2372 4415 ἀνωτέρω
2421 4341 2662 4412 εἴρηται,
2716 4341 2810 4394 καὶ
2859 4337 3234 4409 πνευματικὸν
3277 4335 3556 4407 φρόνημα.
3603 4333 3693 4386 Διὸ

2112 4434 2440 4506 προσέθηκεο
2477 4447 2495 4484 ι
2537 4431 2696 4486 Ἀλλὰ
2713 4431 2854 4486 κατὰ
2881 4429 3116 4500 πνεῦμα.
3153 4447 3171 4480 ι
3205 4457 3273 4470 -—
3306 4443 3326 4478 t
3357 4425 3643 4480 Ἐκκλινον
3665 4443 3686 4477 ι

443 4533 612 4579 ctum.
642 4522 1106 4592 ldeoqueaddidit.
1133 4538 1151 4571 ι
1175 4519 1268 4575 sed
1293 4519 1588 4575 secundum
1603 4518 1876 4589 spiritum.
1907 4539 1926 4572 ι
1946 4551 2011 4562 -

2122 4527 2232 4597 γὰρ
2267 4545 2286 4578 ι
2317 4525 2427 4580 ἀπὸ
2455 4523 2651 4588 κακοῦ,
2685 4543 2703 4576 ι
2744 4523 2836 4576 καὶ
2868 4522 2931 4575 οὐ
2971 4522 3129 4592 μόνον
3157 4519 3334 4584 τοῦτο,
3371 4515 3513 4572 ἀλλὰ
3551 4535 3570 4568 ι
3599 4515 3693 4569 καὶ

451 4632 472 4665 ι
500 4613 713 4668 Declina
743 4619 764 4665 ι
798 4613 943 4668 enim
978 4629 998 4664 ι
1026 4627 1054 4666 ιι
1081 4613 1220 4666 malo
1253 4613 1297 4675 ι,
1333 4629 1352 4663 ι
1378 4612 1553 4680 inquit
1584 4611 1772 4672 David,
1797 4626 1897 4666 nec
1917 4613 2018 4668 hoc

444 4704 765 4782 saeclum,
796 4718 983 4762 verum
1015 4721 1038 4756 ι
1070 4703 1154 4758 l'ae
1183 4721 1203 4755 ι
1225 4703 1389 4757 etiam
1418 4719 1439 4754 ι
1461 4702 1678 4757 bonum.
1699 4721 1718 4754 ι
1739 4700 1854 4757 Νοιι
1871 4703 2014 4757 enim

441 4804 730 4866 postquam
764 4795 1067 4850 audivimus
1095 4795 1236 4863 quod
1265 4792 1516 4849 Christus
1549 4793 1704 4849 nobis
1729 4793 2012 4850 victoriam

445 4887 687 4953 donavit,
736 4886 957 4941 Omnino
1001 4884 1348 4952 recidamus;
1400 4886 1494 4940 sed
1540 4884 1740 4940 lavacri
1779 4886 2008 4956 gratiam

443 4980 720 5035 custodire
749 4985 982 5047 oportet.
1029 4975 1268 5033 Omnino
1307 4977 1456 5032 enirn
1489 4976 1646 5033 nobis
1690 4993 1832 5034 nunc
1864 4978 2009 5033 lucta

441 5078 529 5125 est
556 5069 791 5137 facilior,
817 5075 977 5140 quam
1009 5067 1264 5122 antehac.

518 5161 681 5216 Vitas.
713 5161 768 5216 ὃ.
803 5179 826 5212 ι
853 5160 956 5226 Qui
979 5159 1128 5214 enim
1151 5159 1444 5214 secundum
1473 5173 1690 5214 carnem
1715 5167 1860 5225 sunt,
1896 5175 2015 5230 quat

447 5254 630 5308 carnis
657 5261 806 5316 sunt,
839 5251 1060 5321 sapiunt
1089 5263 1104 5306 ι
1137 5251 1226 5319 qui
1256 5263 1387 5305 vero
1416 5251 1710 5305 secundum
1741 5250 2012 5319 spiritum,

446 5355 567 5413 qua:
605 5352 726 5398 sunt
777 5343 1022 5412 spiritus.
1062 5350 1084 5394 ι
1121 5340 1220 5407 Qui
1266 5351 1390 5396 sese
1436 5341 1656 5405 dedunt,
1686 5339 1880 5410 inquit,
1915 5339 2015 5394 im-

447 5421 739 5492 tnmlcratae
755 5437 938 5492 cat-nis
967 5434 1240 5501 servituti,
1269 5447 1388 5506 quae
1419 5434 1600 5490 carnis
1627 5443 1776 5500 sunt,
1803 5447 2018 5505 semper

525 5593 542 5631 ί
581 5593 721 5650 Psal.
743 5607 938 5696 sunt,
969 5592 1056 5646 15.

2119 4619 2346 4690 ποίησον
2372 4617 2598 4686 ἀγαθόν.
2627 4634 2647 4668 ι
2690 4615 2782 4684 Μὴ
2816 4613 2953 4684 γὰρ,
2974 4611 3160 4683 ἐπειδὴ
3179 4609 3518 4680 ὴκοῦσαμεν,
3549 4608 3630 4662 ὅτι
3661 4607 3692 4660 6

2116 4704 2354 4780 Χριστὸς
2406 4709 2539 4778 ἡμῖν
2590 4707 2690 4778 τὴν
2755 4701 2912 4775 νίκην
2959 4704 3274 4774 ἐχαρίσατο,
3330 4699 3692 4767 ἀνα-πέσωμεν

2115 4800 2314 4871 πάντη·
2352 4799 2488 4853 ἀλλὰ
2536 4798 2617 4852 δεῖ
2655 4797 2944 4866 φυλάττειν
2986 4795 3084 4866 τὴν
3112 4792 3204 4848 τοῦ
3237 4790 3466 4863 λουτροῦ
3507 4789 3686 4860 χάριν.

2117 4895 2342 4958 Πάντως
2373 4895 2485 4965 γὰρ
2520 4890 2864 4962 εὐκολωτέρα
2889 4891 3022 4961 ἡμῖν
3054 4889 3088 4960 ἡ
3135 4886 3280 4955 πάλη
3309 4884 3427 4949 νῦν,
3481 4883 3516 4954 ἢ
3551 4882 3687 4949 πρόο

2115 4999 2294 5057 τερον.
3531 5007 3539 5013 -

2188 5179 2211 5212 ε
2251 5160 2315 5213 Oi
2340 5159 2449 5229 γὰρ
2475 5157 2615 5212 κατὰ
2645 5155 2824 5225 σάρκα
2865 5153 3015 5216 ὄντες
3065 5150 3136 5205 τὰ
3184 5151 3284 5219 τῆς
3324 5145 3531 5219 σαρκὸς
3555 5161 3683 5216 φρο-

2115 5251 2317 5308 νοῦσιν·
2343 5253 2392 5304 οἱ
2429 5250 2485 5303 δὲ
2514 5248 2660 5304 κατὰ
2687 5248 2927 5314 πνεῦμα,
2961 5245 3030 5299 τά
3057 5243 3150 5297 τοῦ
3182 5241 3509 5324 πνεύματος.
3547 5257 3566 5290 ι
3619 5237 3679 5288 Οί

2117 5344 2385 5409 ὲκδόντες,
2437 5344 2625 5410 φησιν,
2677 5341 2904 5402 ἑαυτοὺς
2957 5339 3022 5408 τῇ
3072 5338 3171 5406 τῆς
3213 5334 3416 5402 σαρκὸς
3464 5330 3679 5401 ἀμέτρῳ

2115 5435 2352 5505 δουλεία,
2405 5433 2472 5488 τὰ
2498 5433 2601 5502 τῆς
2647 5431 2848 5503 σαρκὸς
2879 5431 2964 5484 ἀεὶ
3008 5425 3285 5497 φρονοῦσι,
3330 5423 3495 5495 μηδὲν
3544 5419 3676 5473 Οεῑον

1772 5682 1971 5746 Variae
2002 5681 2339 5745 lectiones.

519 5808 566 5842 ⁸³
593 5806 698 5878 ἔφη
728 5822 780 5862 0.
857 5806 904 5840 "
937 5804 1058 5858 ἐπεὶ
1098 5805 1152 5860 δὲ
1178 5819 1230 5861 ο.
1311 5805 1356 5837 ⁶⁰
1387 5803 1498 5876 ἔχοι
1526 5821 1578 5860 0.
