4038 6584
358 389 472 454 437

1221 387 1632 450 EXPOSITIO
1668 389 1747 448 IN
1790 386 2032 450 EPIST.
2076 389 2174 448 AD
2211 389 2391 448 ROM.
2427 414 2492 424 -
2518 389 2674 452 CAP.
2713 391 2884 452 VIII.

3521 393 3648 457 438?

360 501 785 574 περινοοῦντες·
817 499 869 554 oi.
911 499 968 553 δὲ
1015 498 1379 568 ὑποταγέντες
1429 497 1625 560 ὑλικῶς
1672 495 1750 566 τῷ
1795 494 1958 550 πνεύ-

2062 495 2321 565 cogitant,
2357 496 2488 550 nihil
2511 496 2680 552 divini
2709 497 3122 554 considerantes
3152 515 3168 555 :
3198 499 3288 568 qui
3322 513 3449 554 vero
3482 516 3639 570 pror-

364 613 527 666 ματι,
554 595 731 647 πάντα
766 591 1117 662 πνευματικά
1146 589 1241 644 καὶ
1268 587 1526 660 φρονοῦσι
1588 589 1683 641 καὶ
1717 586 1951 640 ποιοῦσι.

449 799 468 829 ι
507 778 582 831 Te
613 777 722 847 γὰρ
759 776 1016 847 φρόνημα
1059 774 1159 846 τῆς
1209 773 1432 845 σαρκὸς,
1464 773 1728 836 θάνατος·
1785 771 1848 826 τὸ
1898 772 1956 824 δὲ

359 871 632 940 φρόνημα
665 868 760 922 τοῦ
800 866 1133 937 πνεύματος,
1186 865 1300 937 ζωὴ
1353 865 1447 919 καὶ
1492 865 1705 938 εἰρήνη.
1746 883 1766 917 ι
1819 863 1960 935 Φρό·

356 979 522 1032 νημα
576 959 782 1030 σαρκὸς
830 959 932 1032 τὴν
989 957 1305 1030 παχυτέραν
1377 959 1619 1014 διάνοιαν
1669 959 1955 1030 ὀνομάζει,

360 1052 484 1105 ἀπὸ
533 1050 628 1104 τοῦ
669 1051 912 1122 χείρονος
963 1051 1135 1122 αὐτὴν
1176 1049 1433 1114 καλέσας.
1470 1050 1545 1104 Οὐ
1575 1050 1682 1122 γὰρ
1713 1050 1777 1118 δὴ
1814 1049 1963 1120 αὐτὴῖ

359 1143 499 1196 καθ’
533 1143 734 1212 ἑαυτὴν
759 1144 792 1211 ή
829 1141 968 1214 σὰρξ
1009 1141 1140 1196 ίδιον
1179 1142 1293 1211 ἔχει
1327 1142 1608 1213 φρόνημα,
1639 1141 1815 1212 ἀλλ’ἢ
1848 1159 1957 1194 πα-

357 1237 496 1305 χεῖα
524 1236 617 1289 καὶ
657 1233 818 1306 ὑλικὴ
879 1233 1091 1289 διάνοια
1138 1235 1398 1305 φρόνημά
1443 1237 1560 1288 ἑστι
1613 1233 1838 1304 σαρκὸς,
1883 1233 1958 1296 ὡς

357 1329 443 1381 ἄν
486 1345 573 1391 τις
618 1327 783 1391 εἴποι,
831 1325 959 1388 νοῦς
1003 1326 1241 1398 σαρκικὰ
1286 1327 1604 1397 φρονήσας·
1634 1326 1825 1395 ὥσπερ
1865 1325 1958 1378 καὶ

2072 603 2164 640 sus
2200 588 2410 655 spiritui
2453 589 2679 657 subjecti
2707 599 2856 655 sttnt,
2898 590 3081 644 omnia
3135 590 3444 660 Spiritualia
3480 594 3638 660 plane

2063 690 2117 734 et
2151 681 2365 748 sapiunt
2390 690 2443 735 ct
2473 679 2694 735 faciunt.

2136 771 2299 828 Vens.
2335 773 2389 828 6.
2447 791 2465 824 ι
2512 771 2752 827 Aﬂ‘ectus
2778 774 2921 828 enim
2949 775 3153 839 carnis,
3183 789 3370 831 mors:
3414 774 3640 832 affectus

2061 872 2242 916 autem
2273 862 2518 932 spiritus,
2552 864 2662 916 vita
2689 871 2743 918 et
2768 879 2892 934 pax.
2933 883 2952 916 ι
2981 863 3245 920 Aﬂ‘ectum
3282 867 3487 930 carnis,
3523 869 3642 936 pin-

2061 955 2304 1023 guioretn
2343 955 2732 1022 cogitationem
2782 956 3051 1022 nominat,
3085 971 3114 1010 a
3149 957 3316 1027 pejori
3357 959 3404 1013 ei
3443 974 3638 1014 nomen

2064 1047 2273 1100 ἰιιιιυιιε.
2311 1047 2600 1100 Enimvero
2642 1047 2753 1116 ipsa
2799 1061 2896 1114 per
2931 1048 3173 1116 seipsam
3202 1063 3328 1102 caro
3358 1049 3640 1117 preprium

2066 1137 2316 1191 aﬂcctum
2344 1153 2451 1192 non
2491 1139 2674 1203 habet,
2709 1139 2801 1194 sed
2831 1138 3045 1208 pinguis
3078 1148 3133 1194 et
3167 1154 3346 1194 crassa
3382 1141 3641 1209 cogitatio

2066 1241 2148 1284 est
2189 1229 2414 1287 aﬂ‘ectus
2443 1232 2642 1296 carnis,
2678 1231 2841 1286 veluti
2897 1231 2940 1286 si
2973 1231 3094 1302 quis
3138 1231 3300 1295 dicat,
3336 1247 3488 1287 mens
3517 1249 3640 1287 car-

2068 1322 2208 1376 nalia
2255 1321 2512 1392 spirans:
2547 1323 3001 1393 quemadmodum
3035 1331 3084 1376 et
3117 1321 3343 1378 affectus
3378 1325 3638 1395 spiritus.

358 1421 635 1490 φρόνημα
661 1417 1116 1496 τοῦ,πνεύματος,
1143 1419 1244 1489 τὴν
1265 1419 1510 1472 διάνοιαν
1535 1419 1632 1487 τήν
1655 1415 1960 1488 φρονοῦσαν

2064 1413 2320 1482 cogitatio
2355 1423 2612 1483 expetens
2642 1424 2697 1470 et
2734 1413 2996 1470 anhelans
3043 1414 3111 1470 ad
3142 1430 3204 1470 ea
3235 1430 3354 1485 quae
3381 1425 3506 1469 sunt
3533 1417 3645 1486 spi-

359 1513 444 1564 τὰ
474 1511 564 1564 τοῦ
583 1510 910 1577 πνεύματος⁶
940 1511 1064 1580 ἥτις
1086 1511 1250 1582 γεννᾷ
1282 1529 1300 1561 ι
1329 1509 1492 1579 ζωὴν,
1526 1527 1544 1560 ι
1568 1509 1703 1579 πρὸς
1720 1508 1959 1561 ἀντιδια-

362 1601 571 1670 στολὴν
611 1599 704 1654 τοῦ
735 1599 994 1664 θανάτου,
1042 1600 1104 1654 ὃν
1149 1601 1316 1672 γεννᾷ
1356 1602 1390 1670 ή
1439 1599 1678 1670 σαρκικὴ
1723 1599 1954 1652 διάνοια·

356 1693 514 1747 ἀλλὰ
539 1693 632 1745 καὶ
660 1712 679 1745 ι
707 1693 954 1764 εἰρήνην,
983 1711 1003 1746 ι
1027 1692 1165 1762 πρὸς
1193 1690 1599 1762 ἀντιδιαστολὴν
1616 1689 1711 1744 τοῦ
1733 1690 1953 1760 ἑφεξῆς.

377 1787 619 1855 Ἐπάγει
645 1788 780 1859 γάρ⁶

456 1900 475 1931 ι
528 1881 672 1935 Διὸτι
719 1881 780 1934 τὸ
812 1880 1070 1953 φρόνημα
1096 1879 1198 1949 τῆς
1227 1877 1430 1946 σαρκὸς
1460 1877 1632 1949 ἔχθρα
1679 1879 1759 1941 είς
1795 1878 1954 1934 Θεόν.

360 1972 466 2041 Τῷ
508 1972 617 2042 γὰρ
644 1973 794 2045 νόμῳ
820 1972 914 2026 τοῦ
942 1971 1082 2026 Θεοῦ
1121 1972 1219 2042 οὐχ
1263 1971 1651 2026 ὑποτάσσεται’
1685 1971 1806 2024 οὐδὲ
1851 1971 1959 2042 γὰρ

363 2065 627 2120 δύναται.
686 2085 706 2118 ι
771 2065 836 2120 Ἦ
892 2064 993 2138 μὲν
1077 2063 1423 2135 πνευματικὴ
1481 2063 1685 2117 διάνοια
1737 2063 1960 2135 εἰρήνην

362 2158 577 2228 γεννᾷ·
612 2159 643 2216 ἠ
692 2144 751 2211 δὲ
805 2157 1079 2229 φρονοῦσα
1129 2156 1200 2210 τὰ
1247 2157 1505 2227 σαρκικὰ,
1568 2156 1768 2227 ἔχθραν
1823 2157 1959 2226 πρὸς

364 2249 534 2302 Θεόν.
585 2243 737 2318 *Δρα
777 2244 869 2302 οὖν
916 2252 1108 2320 χεῖρας
1165 2248 1409 2318 ἀνταίρει
1459 2248 1534 2318 τῷ
1589 2248 1747 2318 Θεῷς
1801 2249 1954 2318 Οὐχὶ,

366 2341 565 2410 φησὶν,
599 2339 732 2393 ἀλλὰ
769 2339 846 2410 τῷ
890 2341 1040 2411 νόμῳ
1083 2341 1248 2395 αὑτοῦ
1301 2341 1376 2410 μὴ
1412 2339 1456 2372 ⁸⁸
1514 2340 1957 2408 ὐποτασσομένη,

364 2429 595 2499 λέγεται
620 2431 784 2502 ἔχθρα
811 2428 952 2486 εἶναι
981 2432 1058 2503 τῷ
1089 2431 1230 2503 Θεῷ.
1258 2433 1348 2502 Μὴ
1376 2431 1685 2503 Θορυσηοῇς
1705 2431 1760 2485 δὲ
1793 2431 1959 2485 ἀκού-

369 2540 478 2586 σας
504 2525 581 2586 τδ,
610 2541 629 2572 σ
652 2523 785 2577 Οὐδὲ
819 2522 924 2593 γὰρ
947 2524 1193 2590 δύναται,
1226 2541 1243 2575 ι
1271 2523 1408 2577 ἀλλὰ
1437 2523 1548 2577 νὸει
1577 2523 1638 2576 τὸ
1666 2524 1959 2593 λεγόμενον

367 2617 454 2680 ὡς
485 2617 580 2670 δεῖ.
612 2617 685 2670 Οὐ
715 2617 825 2688 γὰρ
851 2616 1077 2671 δύναται
1102 2617 1162 2670 τὸ
1188 2617 1446 2688 φρόνημα
1468 2615 1567 2684 τῆς
1599 2615 1826 2686 σαρκὸς,
1854 2614 1959 2678 ἕως

371 2711 445 2762 ἂν
498 2710 629 2781 μένῃ
674 2711 932 2776 τοιοῦτον,
979 2711 1322 2781 ὑποταγῆναι
1356 2709 1474 2780 Θεῷ
1507 2711 1573 2742 ⁸⁸·
1624 2709 1825 2764 ὡσανεί
1873 2727 1958 2772 τις

371 2802 525 2854 εἴποι
551 2803 615 2834 ⁸³*
657 2803 722 2856 Ἡ
765 2802 940 2873 πόρνη
988 2803 1049 2856 οὐ
1089 2803 1318 2857 δύναται
1349 2796 1491 2856 εἶναι
1543 2801 1796 2872 σώφρων.
1847 2799 1959 2854 Καὶ

372 2897 487 2964 γὰρ
510 2894 607 2948 οὐκ
633 2893 807 2961 εἶπεν,
831 2897 912 2948 ὅτι
940 2896 1014 2950 Οὐ
1037 2895 1348 2968 δυνήσεται,
1375 2894 1512 2960 ἀλλ’,
1535 2914 1553 2947 ι
1581 2895 1656 2950 Οὐ
1681 2895 1901 2948 δύναται
1933 2911 1952 2946 ι

373 2986 496 3049 νῦν,
547 2987 806 3057 σαρκικὺν
849 2987 1030 3057 μένον.
1061 2987 1217 3042 Ἐπεὶ
1260 2987 1379 3052 πῶς
1429 2988 1592 3051 αὐτὸς
1633 2987 1844 3052 Παῦλος
1879 2987 1952 3053 ⁸⁵,

2062 1507 2244 1562 ritus:
2301 1522 2422 1577 qua:
2464 1527 2484 1560 ι
2522 1508 2687 1563 vitam
2731 1526 2749 1560 ι
2805 1509 2967 1576 parit,
3015 1514 3076 1563 ut
3105 1508 3264 1563 morti
3317 1517 3639 1577 opponatur,

2059 1614 2220 1670 quam
2253 1601 2487 1656 carnalis
2516 1602 2772 1672 cogitatio
2797 1603 2966 1672 gignit
2997 1620 3012 1657 :
3053 1616 3262 1657 menon
3305 1621 3322 1652 t
3362 1617 3570 1671 pacem,
3617 1619 3635 1653 ι

2063 1703 2116 1747 ιιι
2149 1701 2419 1748 statuatur
2459 1694 2512 1748 in
2541 1695 2879 1750 contrarium
2913 1695 2957 1748 ei
2996 1693 3140 1764 quod
3173 1695 3434 1762 sequitur.
3474 1693 3642 1748 Infert

1987 1801 2034 1859 Β
2062 1786 2204 1838 enim
2237 1800 2254 1838 :

2135 1877 2296 1931 Vens.
2347 1878 2399 1932 7.
2439 1895 2457 1926 ι
2511 1875 2642 1930 Nam
2685 1877 2911 1934 aﬂcctus
2938 1880 3118 1933 carnis
3148 1879 3431 1934 inimicitia
3472 1890 3556 1934 est
3590 1879 3642 1930 in

2067 1968 2229 2023 Deum
2261 1985 2274 2022 :
2304 1969 2427 2038 ilegi
2461 1971 2605 2025 enim
2641 1971 2737 2025 Dei
2769 1987 2872 2026 non
2924 1970 3235 2040 subjicitur.
3265 1971 3451 2042 Neque
3497 1971 3642 2026 enim

2063 2071 2262 2129 potest.
2300 2079 2319 2114 ι
2373 2059 2684 2131 Spiritualis
2722 2062 2979 2132 cogitatio
3021 2077 3206 2131 pacem
3239 2072 3485 2134 generat,
3524 2077 3646 2124 car-

2067 2154 2206 2208 nalia
2235 2169 2366 2210 vero
2416 2153 2698 2221 aﬁectans,
2737 2156 3051 2212 inimicitias
3104 2171 3231 2226 erga
3274 2156 3466 2212 Deum.
3499 2155 3639 2211 Num

2062 2245 2224 2311 igitur
2249 2259 2443 2302 manus
2474 2252 2660 2300 contra
2682 2244 2849 2300 Deum
2876 2245 3114 2301 attollit?
3141 2245 3279 2308 Non,
3315 2246 3511 2316 inquit,
3545 2247 3638 2301 sed

2064 2338 2164 2404 legi
2189 2336 2309 2406 ejus
2341 2353 2446 2394 non
2477 2337 2741 2408 subjecta,
2771 2338 2968 2392 dicitur
2997 2352 3121 2394 esse
3149 2339 3368 2393 inimica
3398 2340 3525 2394 Deo.
3563 2337 3642 2394 Ne

2064 2430 2300 2485 turberis
2331 2438 2513 2484 autem
2543 2444 2666 2485 cum
2696 2429 2871 2493 audis,
2921 2447 2939 2481 ι
2970 2427 3156 2500 Neque
3184 2431 3328 2484 enim
3368 2440 3584 2500 potest;
3617 2449 3635 2481 ι

2061 2535 2246 2574 verum
2280 2519 2332 2574 id
2362 2521 2503 2590 quod
2535 2520 2754 2585 dicitur,
2791 2520 3034 2592 intellige
3063 2521 3221 2576 sicuti
3253 2530 3491 2590 oportet.
3517 2519 3636 2578 Non

2062 2621 2238 2682 potest
2263 2612 2408 2670 enim
2439 2611 2666 2668 aﬁ‘ectus
2691 2613 2891 2680 carnis,
2921 2613 3155 2684 quandiu
3184 2612 3490 2681 huiusmodi
3522 2628 3642 2682 per-

2064 2701 2348 2768 manserit,
2400 2703 2558 2759 subdi
2608 2702 2762 2759 Deo:
2815 2717 2970 2771 teque
3007 2719 3070 2758 ac
3125 2704 3170 2759 si
3224 2704 3367 2759 dicat
3421 2704 3640 2774 aliquis,

2064 2791 2406 2849 Fornicatrix
2439 2809 2544 2850 non
2589 2803 2763 2864 potest
2808 2809 2928 2851 esse
2962 2803 3290 2865 temperans.
3336 2794 3450 2851 Non
3495 2797 3639 2850 enim

2061 2884 2359 2955 dixitquod
2379 2901 2482 2940 non
2515 2886 2980 2955 poteritunquam,
3005 2900 3189 2940 verum
3220 2904 3238 2936 ι
3264 2883 3378 2940 Νοιι
3415 2894 3589 2955 potest
3615 2905 3634 2937 ι

2056 2977 2168 3047 jam
2200 2993 2344 3033 nunc
2381 2979 2505 3033 dum
2558 2978 2791 3032 carnalis
2841 2988 3137 3044 permanet.
3172 2977 3452 3046 Quomodo
3496 2981 3639 3034 enim

372 3078 498 3140 πῶς
523 3080 705 3150 μυρίοι
736 3079 922 3143 ἁπλῶς
967 3081 1032 3135 ὲκ
1063 3081 1319 3151 πονηρῶν
1349 3081 1546 3150 ἀγαθοὶ
1595 3081 1866 3148 ἐγένοντο,
1905 3081 1956 3134 εί

2064 3067 2180 3138 ipse
2214 3068 2437 3135 Paulus,
2473 3069 2743 3138 quomodo
2769 3068 2925 3134 latro,
2953 3070 3226 3138 quomodo
3250 3070 3517 3124 innumeri
3551 3069 3639 3122 alii

370 3144 636 3234 ἀδύνατος
659 3166 778 3241 ήνή
805 3171 1074 3243 μεταϐολή
1099 3189 1113 3238 ;
1142 3144 1301 3227 Uiitw
1332 3144 1424 3226 mi
1453 3173 1512 3224 ὲν
1535 3171 1610 3241 τῷ
1636 3144 1953 3242 Εὐαγγελίῳ

2062 3165 2144 3235 (ut
2170 3161 2336 3218 semel
2369 3159 2584 3230 dicant)
2613 3158 2896 3229 scelerosi,
2929 3175 2996 3217 ex
3033 3160 3192 3215 malis
3231 3161 3355 3222 boni
3393 3161 3510 3216 fieri
3545 3177 3643 3231 po-

370 3262 401 3314 ὁ
452 3261 655 3333 Κύριος
697 3259 944 3332 εἶπενκι
1005 3264 1080 3318 Οὐ
1134 3263 1357 3319 δύναται
1443 3263 1658 3334 δένδρον
1719 3261 1954 3334 πονηρὸν

2062 3256 2309 3320 tuissent,
2331 3254 2380 3311 si
2405 3257 2518 3310 haec
2549 3257 2872 3326 permutatio
2901 3255 3249 3326 impossibilis
3271 3265 3416 3310 esset
3440 3255 3464 3310 ἲ
3490 3255 3642 3311 Hand

372 3354 625 3422 καρποὺς
652 3354 852 3418 καλοὺς
883 3356 1080 3409 ποιεῖν’
1117 3373 1136 3406 ι
1167 3355 1290 3409 ἀντὶ
1319 3354 1436 3419 τοῦ,
1469 3353 1526 3418 ἐς
1549 3354 1594 3407 τ’
1627 3354 1692 3408 ἂν
1791 3371 1956 3422 πονη-

2062 3347 2374 3402 tlissimilem
2399 3348 2465 3402 ad
2489 3348 2706 3402 modum
2733 3347 2992 3403 Dominus
3023 3348 3076 3402 in
3110 3339 3402 3418 Evangelia
3431 3349 3564 3404 dixit
3589 3358 3640 3402 ιιι

374 3441 496 3512 ρὸν.
548 3443 640 3512 Μὴ
692 3443 872 3498 τοίνυν
919 3445 1158 3516 σαρκικὰ
1203 3443 1513 3516 φρονῶμεν,
1566 3443 1703 3499 ἀλλὰ
1748 3444 1818 3499 τά
1858 3445 1952 3497 τοῦ

2063 3461 2081 3494 ι
2123 3438 2240 3496 Non
2277 3447 2454 3511 potest
2511 3441 2675 3495 arbor
2715 3439 2856 3495 mala
2893 3440 3104 3496 fructus
3137 3440 3308 3495 bonos
3352 3440 3574 3496 facere:
3616 3460 3636 3493 ι

371 3533 711 3600 πνεύματος,
736 3533 822 3587 ἴνα
849 3536 1070 3606 εἰρήνην
1097 3534 1308 3606 ἔχωμεν
1346 3533 1482 3606 πρὸς
1511 3533 1602 3589 τὸν
1637 3534 1769 3588 Θεὸν
1793 3534 1955 3589 δόντα

366 3625 509 3693 ἡμῖν
547 3625 608 3677 τὸ
645 3625 890 3696 Πνεῦμα,
925 3626 991 3680 δι’
1029 3621 1090 3682 οὗ
1140 3627 1321 3682 πάντα
1357 3627 1473 3699 ῥᾴω
1505 3628 1637 3699 ἡμῖν
1669 3625 1738 3681 τὰ
1783 3628 1841 3680 ὲν
1874 3626 1953 3699 τῷ

370 3717 527 3787 νόμῳ
556 3715 1000 3790 δυσκατόρθωτα.

454 4003 474 4038 ι
507 3985 571 4038 Οί
599 3985 654 4039 δὲ
700 3987 758 4039 ἐν
799 3987 964 4056 σαρκὶ
987 3987 1158 4054 ὄντες,
1189 3987 1311 4060 Θεῴ
1336 3988 1531 4058 ἀρέσαι
1565 3990 1626 4042 οὐ
1675 3989 1950 4048 δύνανται.

386 4078 582 4147 Ὑμεῖς
610 4078 666 4132 δὲ
701 4080 800 4131 οὐκ
845 4079 968 4132 ὲστὲ
998 4081 1054 4132 ὲν
1087 4083 1273 4152 σαρκὶ,
1332 4081 1451 4136 ἀλλ’
1500 4082 1557 4134 ὲν
1598 4083 1888 4155 πνεύματι.
1927 4104 1946 4137 ι

373 4170 688 4234 Τουτέστιν,
723 4170 784 4222 Οί
827 4171 888 4224 τὸ
919 4173 1180 4242 caput.be
1252 4175 1506 4248 φρόνημα
1557 4177 1772 4248 ἔχοντες
1803 4177 1848 4210 ⁸⁸
1890 4178 1951 4231 οὐ

370 4263 625 4317 δύνανται
663 4263 781 4334 Θεῷ
807 4264 1022 4334 ἀρέσαι,
1055 4265 1160 4329 ἕως
1190 4267 1256 4320 ἂν
1297 4261 1399 4324 ὦσι
1448 4270 1701 4326 τοιοῦτοι.
1733 4271 1808 4325 Οὐ
1844 4270 1954 4344 γὰρ

367 4355 472 4426 τὴν
503 4357 691 4410 οὐσίαν
726 4357 828 4426 τῆς
863 4359 1085 4430 σαρκὸς,
1120 4359 1256 4414 ἀλλὰ
1288 4362 1378 4415 τὸν
1410 4363 1588 4434 παχὺν
1631 4365 1722 4419 καὶ
1762 4383 1956 4437 σαρκι-

2057 3546 2250 3604 nempe
2300 3531 2566 3602 tantisper
2611 3533 2736 3587 dum
2791 3532 2932 3588 mala
2971 3535 3317 3587 remanserit.
3350 3532 3430 3588 Ne
3479 3535 3644 3601 igitur

2057 3624 2297 3680 carnalia
2327 3623 2647 3680 aﬂ‘ectemus
2671 3663 2688 3686 ,
2720 3624 2814 3678 sed
2849 3638 2968 3692 quae
3005 3636 3133 3679 sunt
3178 3625 3425 3694 spiritus,
3458 3633 3515 3679 ut
3543 3640 3643 3694 pa-

2057 3731 2174 3771 cem
2206 3716 2502 3771 habeamus
2541 3716 2608 3770 ad
2640 3716 2828 3778 Deum,
2860 3716 2952 3785 qui
3000 3715 3263 3786 Spiritum
3294 3717 3448 3771 nobis
3479 3731 3650 3770 suum.

2055 3804 2336 3878 impertiit,
2379 3821 2475 3876 per
2504 3821 2666 3875 quem
2709 3809 2888 3861 omnia
2939 3806 3096 3863 nobis
3141 3806 3319 3861 facilia
3359 3816 3486 3863 sunt
3519 3823 3640 3876 qua)

2057 3901 2110 3954 in
2151 3899 2266 3969 lege
2293 3898 2439 3954 facta
2469 3907 2626 3954 erant
2655 3896 2916 3954 diﬂlcilia.

2132 3989 2294 4045 Vens.
2327 3990 2387 4055 8,
2423 3989 2478 4045 9.
2523 4008 2542 4042 ι
2571 3990 2672 4058 Qui
2705 3997 2888 4046 autem
2914 3990 2967 4044 in
3009 4004 3174 4046 carne
3203 4001 3349 4058 sunt,
3388 3992 3495 4047 Deo
3523 3994 3637 4060 pla-

2059 4096 2186 4138 cere
2216 4097 2320 4138 non
2366 4090 2616 4152 possunt.
2654 4081 2764 4138 Vos
2799 4091 2980 4139 autem
3015 4099 3123 4138 non
3159 4084 3296 4154 estis
3351 4085 3403 4138 in
3447 4099 3634 4148 carne,

2056 4174 2152 4231 sed
2203 4174 2258 4230 in
2306 4175 2520 4243 spiritu.
2561 4191 2580 4227 ι
2623 4173 2738 4230 Hoc
2769 4184 2875 4242 est,
2910 4175 3015 4242 Qui
3064 4176 3336 4230 carnalem
3385 4175 3639 4231 aﬂ'ectum
3693 4213 3702 4221 .

2058 4265 2282 4334 habent,
2316 4267 2428 4324 Deo
2459 4267 2672 4338 placere
2706 4277 3002 4337 nequeunt,
3043 4269 3314 4337 tantisper
3344 4270 3468 4322 dum
3505 4269 3640 4324 tales

2061 4359 2283 4415 fuerint.
2316 4358 2432 4415 Non
2467 4360 2612 4416 enim
2643 4360 2999 4416 substantlam
3030 4361 3232 4428 carnis,
3267 4360 3358 4415 sed
3399 4375 3641 4414 crassam

372 4449 468 4502 κὸν
504 4447 638 4518 βίον,
666 4449 762 4502 καὶ
793 4449 914 4503 ὅλον
945 4451 990 4483 ⁸⁸
1023 4453 1458 4521 σαρκοποιοῦντα
1497 4456 1590 4508 τὸν
1642 4456 1952 4528 ἄνθρωπον,

2062 4461 2118 4506 et
2143 4451 2416 4506 carnalem
2455 4451 2646 4518 vitam,
2683 4462 2737 4506 et
2764 4467 2885 4517 qua:
2912 4458 3083 4506 totum
3119 4451 3393 4506 hominem
3419 4465 3638 4506 carnem

369 4539 544 4604 οὕτως
573 4539 849 4611 ὀνομάζει,
898 4541 1042 4596 καθὰ
1075 4542 1171 4596 καί¹
1212 4543 1270 4596 ὲν
1315 4547 1382 4616 τῇ
1427 4547 1659 4617 Παλαιᾷ·
1701 4566 1720 4600 ι
1756 4550 1830 4601 Οὐ
1880 4550 1956 4620 μὴ

2066 4541 2249 4606 eﬂlcit,
2309 4542 2388 4596 sic
2441 4542 2706 4606 nominat,
2762 4543 2946 4597 itidem
3004 4551 3063 4596 ut
3114 4541 3169 4596 in
3214 4540 3399 4596 Veteri
3450 4543 3640 4597 Testa-

374 4629 681 4701 καταμείνῃ
706 4629 766 4684 τὺ
787 4630 1007 4700 Πνεῦμά
1035 4649 1134 4702 μου
1156 4635 1214 4685 ἐν
1237 4635 1350 4696 τοῖς
1387 4634 1698 4706 ἀνθρώποις
1723 4637 1956 4708 τούτοις,

372 4723 461 4776 διὰ
489 4723 550 4776 τὸ
591 4716 731 4776 εἶναι
771 4722 969 4788 αὐτοὺς
1010 4725 1241 4796 σάρκας.
1280 4745 1299 4779 ι
1331 4729 1442 4790 Καὶ.
1476 4727 1558 4792 τὸ,
1594 4746 1613 4780 ι
1662 4727 1851 4798 Ὑμεῖς
1900 4728 1958 4781 δὲ

373 4815 475 4867 οὐκ
506 4814 629 4868 ἐστὲ
654 4815 712 4868 ἐν
730 4815 914 4886 σαρκὶ,
950 4833 969 4868 ι
990 4816 1231 4872 τοιοῦτόν
1259 4819 1431 4884 ἐστιν,
1459 4819 1580 4874 ἀνιὴ⁵
1599 4819 1715 4886 τοῦ,
1735 4821 1812 4872 Οὐ
1837 4819 1956 4872 δου-

374 4905 560 4960 λεύετε
590 4904 668 4976 τῷ
706 4909 954 4979 σαρκικῷ
996 4909 1116 4980 βίῳ,
1147 4910 1283 4963 ἀλλὰ
1323 4908 1402 4979 τῷ
1431 4908 1807 4979 πνευματικῷ.
1840 4910 1953 4963 Καὶ

376 4997 519 5062 τίνος
543 4998 732 5052 ἕνεκεν
757 5001 859 5053 οὐκ
883 4997 1059 5066 εἶπεν,
1101 5001 1295 5071 Ὑμεῖς
1319 5001 1374 5054 δὲ
1403 5002 1502 5055 οὐκ
1531 5003 1652 5054 me
1683 5003 1738 5053 ὲν
1767 5004 1948 5073 ἁμαρ-

376 5090 548 5156 τίαις;
576 5091 695 5143 Ἵνα
739 5093 916 5163 μάθῃς
946 5093 1026 5146 ὅτι
1074 5093 1193 5163 οὐχὶ
1219 5092 1316 5163 τὴν
1348 5092 1634 5162 τυραννίδα
1667 5092 1825 5163 μόνον
1854 5093 1952 5163 τῆς

379 5181 654 5252 ἁμαρτίας
692 5181 914 5237 εσσεσεν
959 5184 989 5236 δ
1036 5182 1295 5254 Χριστὸς,
1339 5184 1474 5236 ἀλλὰ
1522 5186 1618 5238 καὶ
1645 5185 1744 5254 τὴν
1775 5185 1953 5255 σάρκα

382 5274 716 5343 κουφοτέραν
749 5276 844 5330 καὶ
873 5276 1394 5346 πνευματικωτέραν
1425 5277 1704 5348 ἐποίησεν.
1742 5277 1952 5348 Ὠσπερ

380 5361 486 5433 γὰρ
528 5363 664 5436 πυρὶ
703 5364 918 5435 σίδηρος
949 5366 1210 5436 ὁμιλήσας
1257 5365 1367 5437 πῦρ
1420 5367 1650 5437 γίνεται·
1686 5367 1828 5422 οὕτω
1856 5369 1950 5421 καὶ

447 5519 763 5584 “Malunt.
790 5522 873 5578 18.
953 5532 979 5561 ν
1006 5523 1142 5580 Gen.
1168 5540 1241 5590 Vl,
1267 5525 1320 5579 5.

2069 4643 2289 4690 mento'
2323 4653 2336 4690 :
2377 4651 2398 4686 ι
2429 4633 2564 4700 Νοη,
2594 4653 2614 4686 ι
2657 4633 2765 4706 56
2795 4635 2986 4706 inquit,
3028 4653 3047 4687 ι
3089 4635 3423 4704 permanebit
3465 4635 3638 4704 Spiri-

2067 4735 2153 4781 tus
2182 4742 2334 4782 meus
2361 4726 2414 4780 in
2455 4725 2560 4791 his,
2589 4728 2713 4795 quia
2750 4740 2878 4780 caro
2910 4735 3053 4782 sunt.
3103 4745 3122 4778 ι
3159 4724 3331 4780 Porro
3361 4730 3504 4795 quod
3543 4727 3638 4792 ait,

2069 4834 2087 4868 ι
2121 4815 2230 4871 Vos
2269 4826 2447 4872 autem
2500 4831 2606 4872 non
2650 4816 2784 4871 estis
2816 4817 2868 4871 in
2903 4831 3089 4880 carne,
3135 4836 3154 4869 ι
3196 4817 3502 4886 hujusmodi
3535 4829 3634 4881 est,

2059 4906 2174 4962 Neu
2212 4910 2424 4962 servitis
2454 4909 2657 4963 carnali
2703 4909 2850 4976 vitae,
2895 4911 2989 4966 sed
3037 4911 3328 4979 spirituali.
3362 4909 3426 4963 Et
3467 4925 3638 4978 quare

2061 5017 2166 5056 non
2198 5001 2352 5068 dixit,
2386 5001 2494 5056 Vos
2520 5009 2699 5055 autem
2737 5017 2842 5056 non
2875 5005 3006 5059 estis
3053 5005 3104 5058 in
3145 5003 3419 5073 peccatis?
3463 5003 3530 5059 Ut
3556 5004 3638 5057 di-

2061 5110 2204 5159 scas,
2253 5095 2395 5163 quod
2443 5095 2637 5149 nedum
2680 5097 2888 5164 peccati
2925 5099 3262 5166 tyrannidem
3308 5097 3638 5152 exstinxerit

2061 5185 2333 5251 Christus,
2365 5202 2551 5243 verum
2575 5188 2738 5242 etiam
2769 5202 2988 5244 carnem
3021 5200 3072 5244 et
3101 5190 3356 5244 leviorem
3388 5200 3436 5242 et
3471 5190 3633 5256 spiri-

2063 5279 2344 5334 tnaliorem
2386 5279 2700 5335 reddiderit.
2738 5279 3195 5348 Quemadmodum
3243 5282 3388 5335 enim
3428 5280 3629 5334 ferrum

2061 5373 2114 5424 in
2144 5371 2265 5440 igne
2287 5385 2650 5440 commorans,
2677 5371 2817 5443 ignis
2857 5373 2918 5430 ιιι
2940 5391 2954 5430 :
2978 5373 3058 5430 sic
3083 5383 3136 5429 et
3161 5387 3287 5428 caro
3317 5387 3502 5428 eorum
3537 5382 3631 5442 qui

1727 5667 1923 5728 Varia)
1962 5665 2291 5729 lectiones.

451 5821 492 5856 ⁸³
529 5823 624 5892 οὐχ
643 5840 694 5878 ο.
774 5825 822 5861 η
855 5823 929 5895 τῷ
969 5826 1154 5898 Κυρίῳ
1178 5845 1230 5887 o.
1307 5831 1351 5864 ⁸³
1377 5831 1506 5903 sitq
1530 5848 1581 5887 ο.
1663 5834 1704 5866 ⁸³
1743 5834 1853 5898 πῶς
1886 5832 2124 5900 Παῦλο;;
2151 5833 2262 5896 πῶς
2291 5834 2526 5905 ληστής;
2555 5850 2624 5891 tn.
2703 5837 2748 5870 ⁶⁸
2775 5835 3086 5909 στέργοντες
3109 5853 3162 5893 o.
3241 5836 3283 5868 ⁸⁵
3311 5838 3447 5899 ὅλως
3475 5851 3548 5893 tn.
