4038 6580
441 349 548 413 439

1321 345 1900 409 THEOPHYLACTI
1936 344 2350 405 BULGARUE
2385 346 2422 404 Α
2437 345 2741 406 RClllEP.

3561 342 3674 410 ΗΟ

432 476 531 534 per
557 458 820 528 baptisma
869 455 1126 527 Spiritum
1169 455 1517 524 aet-.iperunt,
1549 463 1659 511 tota
1705 453 1993 526 spiritualis

2099 455 2131 524 ή
2167 454 2301 526 σὰρξ
2332 455 2439 508 τῶν
2467 455 2553 509 διὰ
2582 454 2675 508 τοῦ
2710 455 3083 526 βαπτίσματος
3107 455 3168 510 τὸ
3200 453 3421 527 Πνεῦμα
3447 455 3677 530 δεξαμέ-

430 554 679 610 edicitur.

505 671 664 725 Vens.
701 668 782 723 l0.
818 686 836 718 ι
877 665 1150 735 Siquidem
1195 664 1430 735 Spiritus
1466 663 1556 716 Dei
1592 663 1791 716 habitat
1818 662 1869 715 in
1906 676 1996 715 vo-

432 764 534 820 bis.
572 782 589 815 ι
624 793 694 802 --
741 780 759 814 ι
797 760 1076 830 Siquidem
1116 780 1134 810 ι
1179 759 1266 812 hic
1295 772 1399 811 non
1435 755 1584 826 ponit
1613 754 1734 824 quia
1768 753 1994 818 dubitet,

429 868 616 908 verum
651 851 776 922 quia
806 849 958 904 valde
991 850 1195 914 credat,
1224 863 1319 914 pro
1349 863 1412 901 eo
1443 847 1584 914 quod
1618 853 1720 906 est,
1747 844 1998 910 Quando-

389 942 640 1016 _quidem
662 939 773 1010 jam
806 941 1040 1009 Spiritus
1088 937 1178 994 Dei
1235 939 1548 992 demoratur
1577 935 1629 989 in
1663 935 1833 999 vobis,
1866 949 1995 1004 pro-

428 1043 609 1105 pterea
638 1034 692 1088 in
723 1032 914 1101 spiritu
945 1031 1098 1088 estis.

501 1168 520 1199 ι
571 1147 625 1203 Si
659 1147 778 1215 quis
808 1156 986 1200 autem
1021 1143 1284 1213 Spiritum
1317 1143 1517 1197 Christi
1553 1155 1657 1195 non
1692 1141 1872 1203 habet.
1909 1138 1996 1194 hic

425 1255 532 1294 non
557 1249 643 1294 est
663 1236 800 1308 ejus.
835 1256 853 1288 ι
891 1233 1006 1290 Νοιι
1034 1233 1189 1298 dixit,
1217 1232 1272 1287 Si
1293 1242 1477 1286 autem
1509 1229 1768 1298 Spiritum
1794 1228 1998 1294 Christi

426 1346 534 1385 non
558 1328 792 1392 habetis,
817 1325 886 1382 ob
909 1324 1178 1379 sermonis
1205 1322 1552 1392 asperitatem
1576 1329 1631 1374 et
1657 1318 1994 1374 molestiam:

426 1421 541 1487 sed,
581 1439 598 1472 ι
638 1420 694 1475 Si
731 1420 851 1488 quis
877 1418 1136 1489 Spiritum
1177 1431 1282 1471 non
1323 1413 1552 1476 habet,'i
1592 1412 1868 1467 indefinite
1893 1411 1996 1464 sci-

427 1518 576 1582 licet,
631 1537 649 1568 ι
696 1531 798 1571 non
845 1523 925 1569 est
966 1513 1189 1576 Christi,
1232 1532 1250 1564 ι
1305 1513 1467 1581 tdque
1518 1524 1622 1563 non
1669 1506 1993 1562 immerito':

428 1610 666 1681 Spiritus
718 1610 861 1664 enim
907 1607 1018 1677 ipse
1061 1604 1293 1676 sigillum
1344 1612 1444 1658 est.
1494 1601 1722 1656 Proinde
1763 1601 1853 1669 qui
1891 1614 1994 1653 non

428 1711 604 1766 gestat
651 1698 907 1767 sigillum,
952 1712 1058 1750 non
1099 1706 1182 1751 est
1216 1691 1450 1758 Domini,
1482 1692 1572 1761 qui
1618 1705 1711 1760 per
1759 1688 1992 1760 sigillum

431 1794 556 1848 illud
586 1791 939 1864 signiﬁcatur.

506 1926 521 1957 ι
564 1906 617 1960 Si
647 1912 823 1958 autem
855 1902 1101 1958 Christus
1151 1903 1202 1955 in
1242 1900 1391 1954 vobis
1419 1908 1520 1964 est,
1549 1912 1745 1966 corpus
1774 1895 1991 1965 quidem

426 2009 697 2054 mortuum
727 2005 812 2052 est
855 2004 1073 2065 prepter
1105 1977 1406 2065 peceatum,
1459 1992 1682 2061 spiritus
1728 2005 1857 2044 vero
1883 1990 1989 2043 vita

425 2099 508 2142 est
553 2099 772 2160 propter
801 2087 1088 2156 justitiam.
1129 2103 1147 2137 ι
1200 2082 1410 2138 Rursus
1453 2097 1546 2137 eos
1576 2081 1842 2136 exhilarat
1871 2094 1990 2134 cum

425 2181 625 2250 inquit,
683 2199 701 2232 ι
745 2179 799 2235 Si
831 2178 1080 2234 Christus
1111 2186 1194 2233 est
1224 2178 1275 2230 in
1321 2173 1491 2230 vobis.
1537 2193 1556 2226 ι
1607 2173 1857 2228 Nonnulli
1907 2171 1992 2226 hic

427 2287 521 2340 per
551 2272 846 2337 Christum,
881 2269 1143 2341 Spiritum
1175 2269 1572 2332 intellexerunt,
1601 2283 1785 2320 verum
1821 2260 1872 2320 id
1904 2281 1992 2321 se-

424 2380 522 2418 cus
569 2365 751 2419 habet.
799 2363 1068 2418 Cteterum
1135 2361 1426 2431 Apostolus
1476 2361 1579 2414 hoc
1632 2358 1990 2420 demonstrat,

422 2458 566 2526 quod
600 2457 686 2511 cui
723 2454 958 2524 Spiritus
987 2453 1241 2515 adfuerit,
1273 2452 1322 2508 ei
1357 2453 1518 2507 etiam
1554 2451 1692 2507 adsit
1720 2437 1986 2504 Christus.

425 2546 528 2602 Ubi
564 2546 707 2602 enim
741 2555 823 2601 est
864 2562 969 2600 una
1001 2554 1359 2600 sacrosanctae
1394 2542 1677 2597 Trinitatis
1738 2556 1990 2612 persona,

424 2637 538 2692 illic
584 2636 746 2692 etiam
796 2635 1017 2707 reliqnze
1063 2643 1210 2692 sunt.
1261 2635 1463 2704 Ecquid
1499 2633 1607 2689 erit
1659 2633 1704 2690 si
1743 2632 1995 2689 Christus

422 2729 590 2783 fuerit
621 2726 672 2780 in
710 2725 897 2781 nobis?
929 2725 1000 2782 Ut
1045 2739 1245 2795 corpus
1276 2725 1345 2779 sit
1382 2731 1680 2789 mortuum,
1727 2734 1994 2793 quatenus

422 2814 492 2869 ad
521 2823 802 2883 peccatum
839 2832 852 2868 :
886 2812 1124 2882 Spiritus
1156 2821 1332 2867 autem
1370 2822 1592 2867 sanctus
1621 2812 1674 2865 in
1705 2812 1860 2868 vobis
1885 2811 1992 2866 vita

424 2907 520 2972 sit,
563 2906 664 2961 hoc
693 2914 795 2967 est,
824 2905 966 2974 quod
999 2919 1104 2960 non
1135 2902 1305 2961 solum
1351 2905 1466 2975 ipse
1495 2906 1659 2968 vivat.
1706 2904 1802 2960 sed
1829 2905 1992 2959 etiam

425 2997 549 3053 aliis
585 3007 641 3051 ιιι
670 2997 850 3051 vivant
880 3005 1140 3068 praestare
1177 2997 1370 3052 valeat.
1415 3016 1433 3049 ι
1466 2996 1700 3067 Spiritus
1729 3012 1857 3053 vero
1885 2997 1993 3053 vita

425 3099 510 3146 est
534 3088 1064 3160 propterjnstitiam,
1101 3107 1119 3142 ι
1159 3089 1260 3145 hoc
1287 3101 1389 3156 εει,
1418 3089 1558 3159 quod
1592 3089 1873 3160 justificati
1904 3105 1996 3144 su-

2106 564 2233 613 νων,
2263 546 2356 616 ὅλη
2397 546 2739 616 πνευματικὴ
2777 545 3004 613 γίνεται.

2181 675 2200 709 ι
2251 657 2420 728 Εἴπερ
2469 656 2691 726 Πνεῦμα
2733 656 2868 710 Θεοῦ
2899 659 3038 711 οίκεϊ
3066 675 3123 711 εν
3146 657 3296 729 ὗμιν.
3333 678 3352 711 ι
3387 660 3481 724 T6,
3518 679 3536 712 ι
3578 663 3673 716 Ef-

2105 767 2231 822 περ,
2281 768 2298 800 ι
2343 751 2443 803 οὐκ
2487 749 2845 821 ἀμφιϐαλλων
2877 749 3111 819 τίθησιν,
3162 751 3300 805 ἀλλά
3331 755 3427 806 καὶ
3465 755 3673 827 σφόδρα

2105 840 2394 908 πιστεύων,
2427 843 2547 897 ἀντὶ
2577 842 2694 906 τοῦ,
2745 842 3077 913 Ἐπειδήπερ
3119 844 3342 914 Πνεῦμα
3371 845 3504 899 Θεοῦ
3536 849 3677 902 οίκεί

2104 935 2163 986 ἐν
2197 935 2348 1004 ὑμῖν,
2379 935 2467 988 διὰ
2499 935 2656 988 τοῦτο
2683 937 2739 989 ἐν
2765 936 3034 1008 πνεύματί
3062 941 3205 992 ἐστε.

2189 1158 2207 1190 ι
2248 1139 2308 1192 El
2343 1139 2399 1194 δέ
2438 1157 2521 1202 τις
2553 1139 2777 1209 Πνεῦμα
2806 1141 3043 1211 Χριστοῦ
3071 1143 3170 1196 οὐκ
3203 1143 3336 1214 ἔχει,
3379 1139 3537 1210 οὗτος
3574 1147 3675 1202 οὐκ

2105 1229 2252 1284 ἐστιν
2278 1231 2463 1284 αὐτοῦ.
2489 1251 2507 1284 t
2531 1233 2646 1284 Οὐκ
2677 1229 2852 1295 εἶπεν,
2886 1233 2949 1286 Ei
2982 1233 3039 1286 δὲ
3064 1234 3290 1302 Πνεῦμα
3326 1237 3563 1306 Χριστοῦ
3576 1239 3678 1291 οῦκ

2104 1320 2278 1392 ἔχετε,
2326 1321 2488 1376 διάτδ
2518 1323 2614 1375 τοῦ
2649 1323 2806 1392 λόγου
2852 1325 3106 1395 ἐπαχθὲς,
3142 1325 3278 1394 ἀλλ’,
3313 1346 3333 1378 ε
3370 1327 3437 1380 Εἴ
3453 1345 3538 1392 τις
3575 1331 3678 1383 οὐκ

2103 1413 2216 1482 ἔχει
2234 1413 2478 1484 Πνεῦμα,
2510 1433 2528 1466 ι
2552 1414 2818 1484 ἀορίστως
2832 1411 2946 1479 οῦν,
2973 1435 2992 1468 ι
3021 1418 3119 1470 οὐκ
3133 1417 3248 1472 ἐστι
3269 1418 3560 1488 Χριστοῦ-ι
3582 1420 3680 1472 καὶ

2103 1505 2346 1566 εἰκότως.
2385 1505 2445 1558 'll
2477 1505 2584 1576 γὰρ
2612 1507 2872 1577 σφραγὶς,
2913 1507 2974 1560 τὸ
3005 1507 3233 1578 Πνεῦμα
3261 1510 3427 1565 ἐστιν.
3461 1511 3620 1564 Ὥστε
3652 1513 3681 1564 6

2105 1595 2180 1666 μὴ
2208 1594 2344 1664 ἔχων
2361 1595 2460 1667 τὴν
2482 1597 2768 1668 σφραγῖδα,
2790 1600 2889 1652 οὐκ
2921 1597 3034 1652 ἐστι
3049 1599 3145 1653 τοῦ
3172 1603 3442 1656 Δεσπότου
3470 1603 3564 1656 τοῦ
3586 1604 3678 1658 διὰ

2101 1687 2200 1759 τῆς
2228 1689 2520 1758 σφραγῖδος
2548 1691 2762 1762 ἐκείνης
2790 1691 3138 1764 δηλουμένου.

2177 1907 2194 1940 ι
2233 1887 2296 1943 Et
2325 1889 2382 1944 δέ
2427 1893 2662 1960 Χριστος
2690 1895 2748 1948 ἐν
2779 1896 2930 1966 ὑμῖν,
2962 1896 3024 1951 τὸ
3073 1899 3171 1968 μὲν
3201 1901 3360 1972 σῶμα
3385 1903 3578 1974 νεκρὸν
3604 1905 3675 1960 δι’

2095 1980 2372 2052 ἁμαρτίαν
2402 1998 2417 2012 ·
2446 1983 2508 2038 τὸ
2561 1985 2618 2039 δέ
2662 1986 2900 2056 πνεῦμα,
2944 1989 3058 2062 ζωὴ
3107 1991 3196 2046 διὰ
3241 1994 3612 2063 δικαιοσύνην.
3653 2016 3673 2050 ι

2094 2072 2262 2126 Πάλιν
2303 2072 2540 2146 ίλαρύνει
2584 2077 2781 2142 αὐτοὺς
2808 2079 2895 2133 διὰ
2933 2081 3027 2134 τοῦ
3059 2083 3233 2137 είπεῖν
3255 2101 3270 2116 ·
3310 2105 3328 2137 ι
3373 2086 3435 2138 Ei
3462 2087 3518 2140 δέ
3545 2088 3681 2158 Χρι-

2095 2168 2216 2227 στὸς
2235 2167 2291 2218 ἐν
2311 2165 2459 2238 ὑμῖν.
2490 2185 2510 2220 ι
2544 2168 2702 2234 Τινὲς
2725 2171 2783 2224 δὲ
2807 2173 3041 2242 Χριστὸν
3067 2175 3128 2228 1:6
3167 2177 3392 2249 Πνεῦμα
3420 2179 3674 2251 ἐνόησαν·

2094 2255 2193 2308 οῦκ
2233 2255 2349 2310 ἔστι
2403 2257 2480 2324 δέ,
2525 2261 2681 2330 φησι,
2728 2261 2904 2316 τοῦτο·
2953 2263 3091 2318 ἀλλὰ
3134 2265 3290 2320 τοῦτο
3325 2269 3598 2323 δείκνυσιν
3648 2271 3679 2324 6

2107 2348 2446 2417 Ἀπόστο).ος,
2480 2350 2562 2403 ’ὅτι
2602 2352 2631 2405 6
2675 2353 2736 2407 τὸ
2780 2353 3008 2426 Πνεῦμα
3054 2356 3194 2428 ἔχων
3233 2360 3326 2413 καὶ
3367 2362 3533 2418 αὑτὸν
3561 2362 3676 2434 ἔχει

2093 2440 2184 2493 τὸν
2226 2442 2483 2512 Χριστόν·
2513 2443 2668 2498 ’ἔνθα
2714 2447 2821 2516 γὰρ
2865 2451 2965 2518 μία
3009 2451 3308 2517 ὑπόστασις
3355 2457 3455 2523 τῆς
3505 2457 3675 2524 ἁγίας

2094 2533 2347 2603 Τριάδος.
2381 2536 2500 2589 ἐκεῖ
2531 2536 2627 2591 καὶ
2657 2538 2711 2590 αἱ
2747 2537 2951 2594 λοιπαί.
2987 2544 3094 2600 Καὶ
3135 2545 3190 2598 τί
3240 2545 3411 2610 ἔσται,
3443 2547 3539 2601 ἐὰν
3645 2551 3676 2603 6

2093 2624 2328 2692 Χριστὸς
2352 2627 2411 2678 ἐν
2432 2629 2602 2697 ἡμῖνς
2637 2630 2710 2682 T6
2745 2625 2885 2686 εἶναι
2912 2632 2972 2686 τὸ
3003 2634 3161 2705 σῶμα
3195 2640 3409 2710 νεκρδν,
3438 2640 3513 2705 ὡς
3537 2643 3678 2713 πρὸς

2093 2716 2192 2787 τὴν
2219 2717 2516 2787 ἁμαρτίαν.
2568 2721 2641 2774 T6
2668 2723 2723 2776 δέ
2753 2725 2809 2777 ἐν
2838 2725 2967 2795 ὑμῖν
3012 2727 3056 2760 ⁸⁷
3092 2729 3245 2798 ἅγιον
3279 2733 3505 2804 Πνεῦμα
3533 2733 3672 2806 ζωὴ,

2094 2808 2392 2872 τουτέστιν,
2427 2812 2488 2865 οὗ
2537 2813 2700 2882 μόνον
2748 2817 2879 2870 αὐτὸ
2924 2818 2989 2889 ζῇ
3032 2821 3096 2888 ⁸⁸,
3135 2821 3270 2876 ἀλλά
3321 2825 3416 2880 καὶ
3461 2827 3678 2897 ἑτέροις

2093 2898 2251 2952 τοῦτο
2275 2900 2548 2958 δύναται⁶⁹
2581 2907 2861 2978 παρέχειν.
2901 2927 2921 2962 ι
2952 2911 3105 2964 Ἐστι
3133 2913 3189 2967 δὲ
3214 2913 3328 2986 ζωὴ
3355 2915 3417 2969 τδ
3441 2917 3673 2988 Πνεῦμα

2094 2991 2183 3045 διὰ
2208 2992 2579 3067 δικαιοσύνην·
2608 3016 2626 3050 ›
2649 3000 2918 3067 τουτέστι,
2943 3003 3138 3057 διότι⁹⁰
3155 3006 3553 3078 ἐδικαιώθημεν
3570 3011 3679 3064 ὑπὸ

2095 3082 2192 3136 τοῦ
2232 3083 2390 3138 Θεοῦ·
2416 3087 2510 3138 καὶ
2549 3090 2798 3159 τηρεῖται
2822 3093 2879 3144 ἐν
2903 3094 2934 3162 η
2946 3095 3036 3163 μίν
3065 3097 3097 3166 ἡ
3125 3094 3440 3169 δικαιοσύνη
3465 3101 3675 3171 ἐκείνη,

425 3196 548 3237 mus
572 3195 600 3234 a
635 3179 779 3247 Deo;
814 3196 878 3236 ac
919 3181 969 3236 in
1011 3180 1165 3236 nobis
1195 3193 1256 3236 ea
1286 3179 1500 3250 justitia
1533 3180 1648 3236 sive
1673 3179 1992 3248 justiﬁeatio

2101 3173 2219 3244 ἦτοι
2243 3174 2547 3241 δικαίωσις·
2571 3178 2846 3249 ταύτηςδέ
2862 3182 2905 3214 ⁷³
2927 3165 3290 3258 τηροομένης,
3312 3165 3554 3260 ἁμαρτία
3571 3165 3675 3247 οὐκ

425 3285 678 3332 servatur
701 3292 715 3329 :
739 3288 842 3345 qua
874 3281 1108 3340 servata,
1137 3281 1419 3342 peccatum
1461 3287 1564 3326 non
1593 3271 1698 3326 erit
1724 3289 1738 3326 :
1775 3280 1996 3341 peccato

425 3382 557 3422 vero
585 3367 815 3431 sublato,
843 3366 1044 3422 tollitur
1070 3375 1125 3422 et
1150 3382 1317 3428 mors,
1341 3381 1404 3420 ac
1429 3364 1757 3434 relinquitur
1776 3378 1996 3432 prorsus

423 3460 557 3526 vita,
585 3469 640 3515 et
665 3460 717 3515 in
742 3461 990 3530 praesenti
1015 3459 1234 3525 saeculo,
1260 3459 1478 3528 quando
1506 3458 1803 3513 secundum
1830 3457 1994 3511 Deum

429 3550 726 3624 vixerimus
759 3552 900 3619 (ista
945 3551 1088 3606 enim
1127 3549 1341 3619 proprie
1382 3549 1488 3604 vita
1521 3546 1737 3609 dicitur,
1781 3546 1996 3616 quando

425 3650 649 3712 peccato
679 3641 874 3698 mortui
909 3642 1156 3712 sumus),
1192 3651 1248 3696 et
1276 3641 1328 3696 in
1362 3640 1580 3706 futuro,
1608 3639 1714 3694 vita
1764 3638 1995 3695 indisso-

423 3734 624 3790 lubilis.

497 3848 663 3902 Vsus.
715 3850 801 3903 tl.
843 3866 862 3900 ι
903 3848 1058 3916 Quod
1087 3849 1132 3905 si
1167 3847 1400 3919 Spiritus
1425 3848 1562 3918 ejus,
1599 3848 1689 3920 qui
1714 3847 1996 3906 suscitavit

423 3937 606 3993 Jesum
641 3951 704 3993 ex
750 3939 998 4004 mortuis,
1048 3938 1255 3996 habitat
1302 3939 1354 3994 in
1387 3938 1558 4003 vobis,
1589 3941 1679 4008 qui
1710 3939 1995 3996 suscitavit

396 4030 699 4084 Christum
726 4044 754 4083 a
785 4030 1036 4096 mortuis,
1068 4030 1359 4095 vivilicabjt
1395 4039 1450 4084 et
1477 4031 1722 4086 mortalia
1769 4045 1994 4100 corpora

424 4132 604 4177 vestra
654 4129 877 4193 prepter
908 4121 1298 4177 inhabitantem
1344 4122 1605 4192 Spiritum
1647 4123 1764 4191 ejus
1803 4124 1856 4178 in
1899 4138 1993 4177 vo-

422 4215 529 4271 bis.
567 4232 587 4267 ι
625 4215 701 4271 De
739 4216 1138 4271 resurrectione
1170 4214 1259 4271 hic
1303 4231 1491 4270 rursus
1523 4231 1829 4272 sermonem
1880 4231 1996 4271 mo-

424 4317 536 4374 vet,
572 4307 824 4391 inquiens
853 4325 866 4361 :
891 4307 970 4364 Ne
995 4309 1213 4379 angaris
1246 4307 1436 4372 animi,
1463 4308 1604 4378 quod
1635 4309 1845 4364 mortali
1874 4324 1996 4365 cor-

424 4413 558 4470 pore
604 4399 817 4456 cinctus
870 4414 971 4456 es:
1030 4399 1196 4455 babes
1241 4400 1384 4454 enim
1433 4399 1696 4471 Spiritum
1744 4400 1858 4464 Dei,
1901 4401 1992 4470 qui

381 4521 390 4528 -
425 4490 686 4546 excitavit
714 4491 988 4546 Christum
1019 4505 1087 4547 ex
1141 4491 1408 4546 mortuis:
1443 4501 1496 4547 et
1543 4493 1992 4562 quemadmodum

425 4581 578 4651 illum
615 4583 889 4648 excitavit,
917 4582 998 4639 sic
1027 4591 1083 4639 et
1126 4590 1178 4639 te
1211 4583 1580 4649 resuscitabit,
1613 4585 1722 4640 imo
1751 4584 1993 4640 viviﬁca-

417 4673 526 4727 bit.
556 4671 860 4744 Resurgeat
881 4675 1083 4730 etenim
1108 4685 1160 4730 et
1190 4674 1265 4729 illi
1291 4676 1485 4746 quibus
1509 4673 1872 4746 57,Spiritus
1904 4678 1995 4733 Dei

424 4781 532 4822 non
569 4765 752 4833 fuerit,
800 4767 892 4822 sed
946 4768 1012 4822 ad
1040 4769 1362 4836 supplicium
1397 4787 1409 4823 :
1442 4770 1533 4840 qui
1570 4785 1696 4826 vero
1734 4770 1992 4848 Spiritum

425 4855 758 4924 habuerint,
795 4857 850 4910 in
881 4857 1070 4912 vitam.
1113 4856 1401 4926 Propterea
1446 4871 1552 4912 non
1601 4858 1730 4912 dixit
1762 4859 1994 4926 Aposto-

424 4949 529 5016 lus,
555 4948 920 5004 Resuscitabit
944 4965 1164 5019 corpus,
1195 4949 1312 5005 sed.
1345 4969 1364 5001 ι
1401 4950 1725 5016 Vivilicabit,
1762 4970 1780 5002 ι
1814 4950 1882 5005 ob
1915 4952 1994 5005 in-

425 5041 759 5098 habitantem
805 5042 858 5096 in
901 5052 952 5098 te
1002 5041 1285 5112 Spiritum.
1322 5041 1433 5098 Nec
1461 5043 1619 5107 dixit,
1653 5043 1742 5112 qui
1779 5043 1996 5098 inhabi-

427 5132 584 5200 tavit,
615 5133 730 5198 sed,
773 5152 792 5185 ι
828 5134 918 5204 qui
955 5133 1240 5200 inhabitat,
1265 5135 1355 5204 qui
1390 5135 1454 5187 ad
1475 5134 1636 5190 linem
1669 5150 1837 5202 usque
1873 5150 1991 5205 per-

425 5231 630 5276 manet.
667 5243 686 5274 »
721 5222 836 5278 Non
865 5225 1008 5278 enim
1027 5224 1315 5280 sustinebit
1349 5225 1507 5290 Deus,
1538 5225 1840 5280 ubividerit
1872 5225 1995 5294 Spi-

379 5375 386 5383 ,
424 5315 588 5381 ritum
628 5332 784 5371 suum
814 5318 864 5371 itt
897 5327 969 5385 te,
1000 5334 1103 5372 non
1153 5318 1498 5374 introducere
1529 5329 1580 5373 te
1613 5320 1663 5373 in
1695 5319 1990 5374 thalamum

425 5422 582 5464 suum
609 5425 628 5463 :
669 5410 1123 5478 quemadmodum
1160 5413 1204 5467 si
1261 5428 1365 5468 non
1422 5410 1681 5466 habueris
1730 5411 1990 5480 Spiritum

2097 3266 2275 3320 ἔσται·
2331 3269 2608 3341 ἁμαρτίας
2659 3272 2715 3327 δὲ
2765 3274 2840 3345 μὴ
2887 3275 3075 3349 οὔσης,
3119 3279 3241 3335 οὑδέ
3289 3281 3538 3348 θάνατος·
3577 3286 3676 3340 καὶ

2097 3358 2285 3415 λοιπὸν
2315 3361 2428 3434 ζωὴ
2469 3363 2530 3418 τὸ
2572 3366 2702 3432 πᾶν,
2737 3369 2831 3421 καὶ
2860 3370 2918 3422 ἐν
2963 3370 3040 3442 τῷ
3069 3371 3164 3425 νῦν
3213 3375 3311 3445 μὲν
3339 3377 3514 3443 αίῶνι,
3545 3379 3679 3433 ὅταν

2098 3451 2240 3506 κατὰ
2269 3453 2402 3509 Θεὸν
2433 3455 2616 3527 ζῶμεν
2669 3457 2832 3531 (αὕτη
2880 3462 2989 3533 γὰρ
3018 3465 3221 3534 κυρίως
3262 3466 3399 3539 ζωὴ,
3437 3470 3681 3542 ὁπηνίκα

2097 3547 2236 3617 πρὸς
2271 3547 2371 3618 τὴν
2418 3549 2693 3622 ἁμαρτίαν
2721 3553 2892 3624 ἐσμὲν
2919 3557 3150 3627 νεκροὶ),
3198 3560 3293 3614 καὶ
3338 3563 3396 3615 ἐν
3427 3563 3505 3635 τῷ
3542 3565 3678 3633 μέλα

2096 3635 2240 3690 λοντι
2267 3637 2346 3705 δὲ,
2377 3639 2410 3710 ἡ
2443 3638 2781 3706 ἀκατάλυτος
2813 3641 2947 3715 ζωή.

2172 3860 2191 3894 t
2231 3843 2294 3896 Ei
2323 3843 2380 3896 δὲ
2425 3843 2485 3896 τὸ
2515 3844 2743 3916 Πνεῦμα
2771 3846 2864 3900 τοῦ
2901 3837 3213 3921 ἐγείραντδς
3254 3853 3464 3925 Ἰησοῦν
3490 3855 3555 3908 ἐκ
3586 3873 3678 3910 νε-

2097 3937 2245 4008 κρῶν
2268 3937 2408 3991 οἰκεῖ
2438 3937 2496 3990 ἐν
2534 3939 2684 4009 ὑμῖν,
2708 3939 2736 3990 6
2769 3941 2989 4013 ἐγείρας
3013 3943 3103 3995 τὸν
3143 3944 3379 4016 Χριστὸν
3418 3948 3459 3978 ⁷³
3487 3950 3550 4001 ἐκ
3583 3967 3681 4003 νε-

2100 4025 2250 4096 κρῶν
2292 4025 2618 4098 ζωοποιήσει
2664 4029 2757 4081 καὶ
2804 4029 2873 4084 τὰ
2902 4030 3070 4104 θνητά
3112 4033 3341 4105 σώματα
3374 4039 3548 4109 ὑμῶν,
3585 4041 3678 4095 διὰ

2094 4118 2156 4171 τὸ
2181 4118 2424 4174 ἐνοικοῦν
2471 4119 2634 4173 αὑτοῦ
2663 4121 2888 4193 Πνεῦμα
2917 4125 2975 4177 ἐν
3005 4126 3155 4196 ὑμῖν.
3191 4147 3208 4180 ι
3241 4129 3407 4183 Πάλιν
3425 4131 3520 4185 τὸν
3549 4135 3676 4204 περὶ
3774 4141 3780 4146 ”

2095 4209 2443 4275 ἀναστάσεως
2473 4214 2613 4266 κινεῖ
2656 4212 2836 4282 λόγον,
2881 4216 2975 4269 καί
3015 4236 3202 4288 φησιν,
3244 4221 3325 4274 ὅτι
3364 4223 3455 4292 Μὴ
3507 4223 3673 4296 ϐορο-

2098 4300 2294 4372 6ηοῇς,
2318 4303 2399 4356 ὅτι
2431 4304 2622 4374 νεκρὸν
2645 4307 2956 4377 περίκεισαι
2974 4310 3018 4342 ⁷³
3035 4310 3194 4380 σῶμα
3224 4329 3236 4341 ·
3260 4312 3459 4383 ἔχειςτδ
3483 4315 3590 4387 γὰρ
3607 4317 3668 4370 τὸ

2098 4393 2324 4464 Πνεῦμα
2374 4394 2467 4449 τοῦ
2513 4397 2647 4451 Θεοῦ
2693 4399 2789 4452 τοῦ
2842 4401 3154 4473 ἐγείραντος
3197 4405 3288 4458 τὸν
3343 4407 3579 4477 Χριστὸν
3606 4413 3673 4465 ἐκ

2097 4486 2341 4556 νεκρῶν·
2395 4489 2488 4541 καὶ
2525 4487 2713 4561 ὥσπερ
2751 4492 2960 4546 ἐκεῖνον
3002 4494 3242 4566 ἦγειρεν,
3285 4496 3428 4551 οὕτω
3481 4501 3575 4553 καὶ
3608 4500 3671 4554 σὲ

2103 4579 2322 4642 πάντως
2375 4579 2688 4652 ἀναστήσει,
2745 4584 2944 4653 μᾶλλον
2995 4585 3052 4639 δὲ
3113 4588 3460 4660 ζωοποιήσει.
3518 4593 3675 4646 Ἀνα-

2107 4673 2393 4744 στήσονται
2436 4674 2535 4744 μὲν
2565 4674 2673 4744 γὰρ
2698 4677 2748 4729 οἱ
2785 4677 2841 4730 τὸ
2867 4679 3091 4750 Πνεῦμα
3124 4680 3198 4753 μὴ
3253 4681 3486 4752 ἔχοντες,
3539 4685 3676 4739 ἀλλὰ

2103 4765 2182 4826 είς
2214 4765 2435 4819 κόλασιν
2463 4784 2474 4796 ⁸
2515 4769 2564 4820 οἱ
2595 4767 2652 4821 δὲ
2707 4769 2802 4823 τοῦ
2844 4771 3180 4840 Πνεῦματος,
3227 4775 3306 4839 είς
3359 4776 3526 4848 ζωήν.
3576 4780 3677 4832 Διὰ

2102 4856 2260 4910 τοῦτο
2311 4857 2405 4911 καὶ
2437 4859 2466 4911 ὁ
2517 4860 2838 4925 Ἀπόστολος
2882 4863 2983 4918 οὐκ
3029 4859 3201 4930 εἶπεν,
3262 4868 3584 4940 Ἀναστήσει
3615 4871 3677 4924 τὸ

2110 4948 2288 5019 σῶμα,
2319 4949 2475 5014 ἀλλά,
2513 4971 2530 5003 ι
2565 4953 2920 5024 Ζωοποιήσει,
2976 4974 2994 5008 ι
3031 4956 3121 5011 διὰ
3145 4958 3206 5011 τὸ
3230 4959 3474 5014 ἐνοικοῦν
3504 4964 3562 5014 ἐν
3591 4961 3677 5015 σοὶ

2104 5041 2348 5112 Πνεῦμα.
2387 5042 2500 5096 Οὐκ
2538 5039 2680 5110 εἷπε,
2729 5044 2803 5098 Τδ
2837 5047 3147 5118 ἐνοικῆσαν,
3183 5050 3339 5119 ἀλλὰ,
3371 5071 3390 5105 ι
3429 5053 3503 5106 Τὸ
3529 5055 3670 5107 ἐνοι-

2104 5135 2251 5199 κοῦν,
2292 5154 2310 5188 ι
2333 5137 2394 5189 τὸ
2421 5136 2550 5208 ἄχρι
2570 5138 2755 5203 τέλους
2781 5142 3118 5212 παραμένον.
3176 5147 3251 5200 Οὐ
3285 5147 3392 5215 γὰρ
3427 5148 3676 5216 ἀνέξεται

2096 5228 2126 5280 6
2156 5227 2308 5292 Θεὸς,
2345 5227 2468 5282 ἰδὼν
2497 5229 2558 5283 τὸ
2587 5231 2811 5302 Πνεῦμα
2844 5234 3012 5288 αὐτοῦ
3042 5237 3100 5289 ἐν
3129 5238 3232 5300 σοὶ.
3263 5238 3338 5311 μὴ
3376 5242 3603 5310 ἀγαγεῖν
3627 5244 3675 5276 ⁷³

2095 5340 2154 5376 σε
2187 5323 2265 5386 είς
2313 5324 2406 5379 τὸν
2445 5327 2704 5395 νυμφῶνα
2735 5329 2932 5383 αὑτοῦ·
2960 5330 3148 5404 ὥσπερ
3182 5334 3276 5388 ἐὰν
3312 5337 3412 5390 οὐκ
3451 5338 3580 5408 ἔχῃς
3610 5337 3675 5392 τὸ
3785 5361 3795 5371 ·

2095 5415 2340 5484 Πνεῦμα,
2395 5417 2567 5488 ἀπολῇ
2624 5419 2868 5484 πάντως.
2923 5421 3025 5475 κᾶν
3077 5425 3334 5496 ἀναστῇς.
3377 5429 3671 5500 Νέκρωσον

1750 5583 1948 5644 Varia:
2001 5565 2325 5646 lectiones.

494 5719 540 5751 "
602 5721 736 5788 ἡμῖν
768 5736 822 5804 ρ.
899 5721 944 5757 ⁸⁸
1005 5724 1104 5795 ζῇν
1135 5741 1187 5782 o.
1266 5727 1308 5760 ⁶⁹
1338 5726 1596 5784 δύνασθαι
1627 5745 1680 5785 ο.
1756 5731 1799 5762 ⁷⁰
1828 5730 1908 5784 ὅτι
1941 5745 1992 5786 ο.
2070 5732 2112 5763 ⁷³
2151 5731 2258 5802 γὰρ
2307 5745 2357 5786 ο.
2436 5732 2481 5765 ⁷³
2505 5731 2709 5806 Κύριον
2741 5747 2794 5789 o.
2869 5734 3227 5806 ⁷³περίκειται
3265 5747 3336 5789 tn.
3412 5732 3456 5765 ’δ
3488 5731 3575 5803 ἔχε
3603 5746 3666 5790 ο.

424 5787 476 5833 7⁵
499 5787 830 5861 συναγαγεῖν
861 5808 933 5851 tn.
