4038 6580
396 392 509 461 411

1245 367 1648 467 exrosmo
1687 405 1771 467 IN
1815 401 2054 466 EPIST.
2098 403 2199 466 AD
2238 406 2422 470 non.
2454 435 2524 446 —
2553 411 2711 474 CAP.
2739 411 2909 476 VIII.

3554 408 3664 475 442

403 507 593 561 τοίνλν
624 507 686 560 τὸ
717 507 899 580 σῶμα,
926 509 1013 565 ἵνα
1044 511 1168 587 οἰκῇ
1209 515 1272 570 τὸ
1314 517 1541 590 Πνεῦμα
1584 521 1640 573 ὲν
1671 519 1774 586 σοὶ,
1803 518 1898 574 καὶ
1922 518 1991 571 δι’

2099 520 2215 584 Dei,
2271 536 2460 590 pereas
2503 539 2784 581 necessum
2839 524 2894 579 in
2934 523 3323 595 sempiternum
3397 523 3558 578 etiam
3613 529 3658 581 si

401 599 546 653 αὐτὸ
574 598 702 671 δοθῇ
738 617 821 655 σοι
845 602 878 673 ἡ
905 601 1042 674 ζωή.

487 890 508 925 ι
565 871 706 946 Ἄρα
756 875 882 944 οῦν,
933 878 1186 948 ἀδελφοὶ,
1230 869 1504 951 ὀςέειλέται
1551 875 1750 956 ἐσμὲν,
1808 890 1870 942 οὐ
1913 891 1980 960 τῇ

399 968 610 1040 σαρκὶ,
641 969 738 1024 τοῦ
771 973 915 1028 κατᾶ
950 975 1130 1045 σάρκα
1163 976 1283 1048 ζῇν.
1320 998 1338 1031 ι
1369 979 1588 1046 Δείξας,
1627 982 1750 1036 ὅσον
1786 983 1985 1053 ὠφελεῖ

395 1058 433 1112 ὁ
468 1063 837 1131 πνευματικὸς
868 1063 1002 1134 βίος,
1047 1069 1132 1121 ὅτι
1162 1069 1398 1139 Χριστὸν
1437 1071 1644 1126 ἔνεικον
1682 1077 1844 1138 ποιεί,
1889 1074 1984 1130 καὶ

400 1149 666 1214 ζωοποιεῖ
690 1154 764 1215 τὰ,
789 1154 959 1227 θνητὰ
1003 1158 1234 1228 σώματα
1255 1198 1271 1224 ,
1305 1159 1490 1215 λοιπὸν
1519 1163 1621 1234 τὴν
1660 1166 1984 1236 παραίνεσιν

398 1243 648 1312 είσάγει,
693 1246 789 1299 καὶ
822 1246 1096 1302 δείκνυσιν
1115 1289 1131 1315 ,
1157 1251 1239 1304 ὅτι
1269 1253 1370 1306 οὐκ
1413 1253 1579 1324 ἐσμὲν
1607 1255 1883 1324 ὀφειλέται
1912 1260 1980 1329 τῇ

401 1338 594 1407 σαρκὶ,
631 1337 767 1392 ἀλλὰ
786 1339 866 1410 τῷ
895 1341 1172 1413 Πνεύματι
1205 1344 1470 1415 δηλονότι.
1511 1349 1591 1401 Τὰ
1627 1350 1724 1418 μὲν
1745 1349 1854 1421 7&9
1886 1350 1980 1404 τοῦ

397 1426 568 1495 Θεοῦ,
591 1429 669 1492 είς
692 1431 840 1500 ἡμᾶς
865 1431 1046 1502 χάριτι
1072 1435 1261 1504 γέγονε
1282 1451 1297 1466 ο
1325 1436 1394 1490 τὰ
1419 1438 1477 1491 δὲ
1501 1439 1764 1510 ἡμέτερα,
1790 1441 1979 1514 ὀφειλή

398 1520 514 1571 είσι
543 1521 637 1574 καὶ
661 1521 1052 1594 ἀπαραιτήτως
1078 1529 1476 1598 ἀπαιτούμενα.
1518 1530 1869 1602 Ἐρμηνεύων
1899 1534 1978 1599 δὲ,

397 1611 524 1674 πῶς
558 1606 700 1679 εἷπε,
741 1633 760 1667 ι
799 1617 875 1687 Τῇ
905 1619 1089 1687 σαρκὶ,
1124 1638 1142 1672 ι
1180 1619 1267 1674 ίνα
1309 1622 1383 1694 μὴ
1420 1626 1501 1688 είς
1523 1623 1622 1695 τὴν
1647 1626 1746 1696 τῆς
1780 1628 1983 1697 σαρκδς

395 1701 566 1757 τοῦτο
603 1704 776 1776 λάϐῃς
829 1707 1024 1776 φύσιν,
1075 1711 1322 1780 ἐπήγαγε
1370 1713 1464 1778 τὸ,
1525 1733 1545 1767 ι
1590 1716 1746 1770 Κατὰ
1801 1719 1982 1788 σάρκα

398 1790 528 1861 ζῇν.
567 1812 586 1846 ι
617 1796 691 1848 Οὐ
724 1797 831 1868 γὰρ
851 1797 950 1870 τὴν
980 1800 1120 1880 ύπὲρ
1154 1802 1255 1873 τῆς
1279 1805 1480 1874 σαρκὸς
1506 1806 1716 1878 ἀναιρῶ
1739 1807 1783 1838 ⁷⁸
1815 1825 1978 1878 φρον-

397 1859 528 1938 τίδα
580 1886 696 1957 (καὶ
883 1859 1055 1946 πολλά
1089 1859 1250 1966 ἀὑτῇ⁷
1293 1859 1608 1968 ὀῷείλομεν,
1639 1859 1704 1953 τὸ
1753 1859 1977 1974 τρέὲρειν
2004 1859 2056 1920 Β

401 1977 601 2050 αὐτὴν,
639 1979 698 2033 τὸ
727 1981 1000 2053 θάλπειν),
1048 1986 1186 2041 ἀλλὰ
1227 1987 1327 2059 τὴν
1373 1990 1610 2061 σπουδὴν
1652 1993 1696 2024 "
1739 1995 1832 2047 ἐπὶ
1879 1996 1979 2065 τὴν

375 2070 682 2143 ἁμαρτίαν
713 2076 969 2144 ἄγουσαν.
1011 2079 1167 2134 Κατὰ
1209 2082 1387 2152 σάρκα
1428 2083 1536 2152 7&9
1584 2083 1649 2154 ζῇ
1711 2088 1740 2140 ὁ
1805 2087 1977 2140 ποιῶν

397 2163 505 2235 τὴν
540 2166 720 2237 σάρκα
749 2169 948 2238 κυρίαν
975 2170 1074 2241 τῆς
1105 2171 1248 2244 ζωῆς
1286 2175 1388 2245 τῆς
1422 2177 1730 2248 ἡμετέρας,
1762 2181 1856 2234 καὶ
1885 2181 1976 2234 δέ·

401 2271 636 2312 σποιναν
659 2259 758 2329 τῆς
783 2259 984 2332 ψυχῆς.

483 2543 504 2578 ι
544 2526 605 2581 Ei
643 2529 751 2600 7&9
795 2531 936 2586 κατὰ
984 2533 1162 2604 σάρκα
1201 2533 1364 2607 ζῆτε,
1405 2537 1627 2607 μέλλετε
1663 2541 1709 2571 ’⁸
1737 2540 1978 2612 ἀποθνή-

403 2632 596 2671 σκειν
641 2620 690 2673 εί
739 2621 795 2675 δὲ
849 2622 1124 2695 Πνεύμῒατι
1167 2627 1267 2691 τὰς
1314 2630 1543 2700 πράξεις
1581 2633 1675 2686 τοῦ
1724 2633 1976 2702 σώματος

401 2709 704 2766 θανατοῦτε
726 2755 740 2779 ,
775 2713 1027 2786 ζήσεσθε.
1071 2737 1090 2770 ι
1125 2719 1365 2774 Θάνατον
1398 2721 1544 2790 λέγει
1595 2726 1694 2793 μὲν
1744 2728 1838 2779 καὶ
1878 2727 1978 2798 τὴν

399 2800 464 2853 ὲν
513 2803 702 2875 γεέννῃ
740 2805 1006 2862 ἀθάνατον
1039 2809 1258 2864 κόλασιν
1283 2828 1297 2842 ·
1329 2812 1468 2884 πλὴν
1503 2814 1598 2868 καὶ
1619 2815 1716 2886 τὴν
1741 2816 1977 2872 ἐνταῦθα

404 2894 466 2946 ὲν
499 2900 773 2968 πονηραῖς
801 2899 1034 2970 πράξεσι
1075 2903 1222 2972 ζωὴν
1252 2904 1482 2961 θάνατον
1524 2907 1678 2961 καλεῖ
1712 2925 1728 2941 ·
1783 2907 1976 2982 ὥσπερ

404 2985 476 3040 αῦ
490 2987 537 3020 τ’
570 2988 618 3040 εί
645 2987 733 3042 διὰ
755 2991 847 3044 τοῦ
873 2995 1242 3063 πνευματικοῦ
1262 2996 1376 3064 βίου
1395 2999 1492 3062 τάς
1517 2999 1745 3070 πράξεις
1767 2999 1866 3066 τὰς
1886 3017 1980 3056 πο-

405 3078 582 3150 νηρὰς
607 3079 699 3134 τοῦ
739 3081 990 3153 σώματος
1027 3085 1385 3156 θανατοῦμεν,
1418 3090 1699 3161 ζησόμεθα
1732 3093 1824 3147 καὶ
1854 3093 1976 3146 τότε

2089 615 2474 669 resurrcxeris.
2529 615 2788 671 Mortifica
2843 617 3025 688 itaque
3071 633 3289 687 corpus,
3344 624 3403 671 ul
3459 615 3665 670 habitet

2087 697 2321 768 Spiritus
2365 701 2417 756 in
2463 710 2536 767 te,
2583 719 2648 759 ac
2699 712 2918 776 propter
2952 707 3125 776 ipsum
3182 708 3274 763 tibi
3311 708 3417 762 vita
3465 706 3666 775 imper—

2087 791 2270 846 tiatur.

2160 883 2324 942 Vens.
2364 887 2449 942 12.
2483 905 2502 940 ι
2545 886 2828 944 Dehitores
2859 887 3026 958 igitur
3055 904 3260 955 sumus,
3302 892 3520 955 fratres,
3552 907 3656 946 non

2083 977 2256 1040 carni,
2290 986 2350 1032 ut
2375 980 2671 1034 secundum
2718 994 2937 1035 carnem
2981 983 3246 1038 vivamus.
3284 1001 3302 1034 ι
3338 983 3471 1038 Cum
3514 983 3658 1038 indi-

2079 1077 2262 1124 casset
2286 1081 2549 1137 quantum
2599 1071 3010 1127 commoditatis
3061 1073 3328 1141 prmberet
3363 1038 3674 1141 spiritualisi

2084 1158 2215 1223 vita,
2255 1159 2508 1214 nimirum
2537 1160 2679 1228 quod
2711 1159 2988 1217 Christum
3039 1162 3341 1218 inhabitare
3385 1162 3568 1230 faciat,
3601 1174 3656 1217 et

2085 1248 2324 1304 viviﬂcet
2352 1249 2602 1305 mortalia
2635 1265 2864 1321 corpora
2908 1270 2923 1308 :
2957 1253 3212 1321 deinceps
3235 1262 3289 1308 et
3317 1215 3676 1307 adhortatio-i

2085 1355 2206 1396 nem
2246 1342 2299 1396 in
2339 1343 2574 1397 medium
2599 1343 2777 1410 aﬂ'ert,
2809 1344 3104 1400 ostendens
3133 1346 3274 1416 quod
3323 1361 3426 1400 non
3461 1345 3655 1400 debea-

2086 1447 2204 1487 mus
2257 1448 2420 1502 porro
2450 1437 2744 1504 quidquam
2807 1437 3007 1502 carni,
3057 1438 3148 1492 sed
3183 1437 3406 1508 Spiritui
3451 1437 3650 1508 potius.
3701 1502 3706 1506 κ

2082 1519 2215 1576 Nam
2245 1537 2366 1592 qum
2411 1524 2548 1578 Deus
2582 1525 2632 1578 in
2687 1541 2787 1580 nos
2814 1527 3063 1592 contulit,
3100 1542 3194 1595 per
3241 1527 3467 1596 gratiam
3501 1528 3654 1582 uobis

2083 1614 2580 1686 obtigeruntzqum
2642 1631 2769 1672 vero
2819 1627 3024 1680 nostra,
3059 1634 3122 1674 cx
3175 1617 3354 1674 debito
3392 1629 3536 1683 sunt,
3573 1619 3654 1673 in--
3757 1662 3764 1666 .

2081 1707 2528 1774 evitabiliterque
2560 1709 2924 1778 postulantur.
2954 1709 3242 1779 Explicatis
3302 1719 3479 1763 autem
3517 1725 3654 1779 quo-

2086 1799 2243 1851 modo
2303 1798 2525 1864 dixerit,
2583 1817 2601 1851 ι
2651 1801 2823 1867 carni,
2871 1819 2891 1853 ι
2955 1817 3020 1856 ne
3083 1815 3179 1870 pro
3229 1804 3411 1856 carnis
3462 1811 3650 1854 natura

2082 1889 2341 1959 accipias,
2377 1890 2578 1955 intulit,
2611 1909 2630 1942 ι
2668 1901 2727 1946 ut
2757 1892 3054 1946 secundum
3081 1907 3301 1946 carnem
3334 1893 3600 1947 vivamus.
3627 1911 3646 1944 ι

2081 1979 2196 2033 Non
2241 1981 2386 2034 enim
2436 1980 2851 2036 sollicitudinem
2907 1997 3004 2051 pro
3063 1997 3228 2037 carne
3271 1997 3492 2051 prorsus
3525 1984 3651 2037 tollo

2080 2071 2368 2142 (siquidem
2399 2072 2539 2128 haud
2561 2087 2728 2142 pauca
2755 2072 2804 2128 ei
2833 2074 3127 2129 debemus:
3157 2083 3239 2128 est
3270 2073 3414 2128 enim
3438 2073 3648 2138 alenda,

2079 2173 2164 2219 est
2193 2167 2354 2218 etiam
2406 2165 2631 2220 fovenda
2667 2165 2871 2235 nobis),
2909 2166 3002 2219 sed
3051 2165 3286 2220 studium
3315 2173 3370 2218 ct
3394 2175 3648 2219 conatum

2077 2254 2169 2325 qui
2222 2269 2320 2310 nos
2374 2256 2440 2310 ad
2499 2264 2780 2325 peccatum
2819 2255 2986 2310 ducit.
3046 2255 3354 2310 Secundum
3422 2270 3670 2309 carnem.

2078 2347 2222 2401 cnim
2267 2347 2435 2410 vivit,
2493 2347 2584 2416 qui
2637 2362 2856 2401 carnem
2919 2347 3195 2402 dominam
3276 2348 3398 2402 vitae
3454 2358 3652 2402 nostra:

2081 2439 2431 2509 reginatnque
2455 2440 2650 2492 anima:
2680 2437 2833 2492 facit.

2154 2529 2317 2585 Vens.
2352 2531 2439 2585 15.
2482 2548 2501 2581 ι
2557 2530 2615 2584 Si
2653 2530 2795 2585 enim
2831 2531 3126 2585 secundum
3175 2544 3392 2585 carnem
3431 2528 3646 2594 vivatis,

2081 2625 2388 2679 moriemini
2426 2641 2440 2678 :
2471 2624 2558 2678 sin
2598 2623 2803 2694 Spiritu
2839 2622 2978 2677 facta
3007 2625 3256 2693 corporis
3284 2621 3648 2688 niortifleetis,

2078 2718 2294 2771 vivetis.
2331 2735 2349 2768 ι
2388 2716 2612 2772 Mortem
2644 2717 2732 2771 hic
2765 2716 2898 2771 dicit
2929 2731 3034 2770 non
3064 2716 3237 2772 solum
3285 2715 3646 2771 immortalem

2077 2825 2200 2878 quae
2219 2821 2300 2865 est
2328 2810 2382 2864 in
2413 2809 2655 2880 gehenna
2701 2823 2940 2880 pinnam,
2971 2819 3227 2864 caeterum
3271 2808 3444 2877 ipsam
3481 2811 3646 2864 etiam

2077 2900 2167 2956 hic
2193 2899 2247 2954 in
2271 2899 2514 2954 scelestis
2545 2897 2882 2954 facinoribus
2935 2901 3101 2953 vitam
3135 2907 3365 2954 mortem
3393 2899 3646 2969 appellat.

2079 2993 2230 3048 Sicut
2254 3002 2464 3058 contra,
2492 2992 2535 3049 si
2561 3007 2658 3062 per
2681 2991 3016 3062 spiritualem
3041 2992 3206 3045 vitam
3227 3005 3390 3062 prava
3409 2991 3651 3062 corporis

2079 3099 2240 3154 opera
2277 3083 2689 3150 mortifieemus,
2719 3082 2885 3136 vitam
2921 3095 3045 3136 cum
3086 3080 3321 3136 futuram
3352 3081 3651 3136 indissolu-

399 3170 507 3241 τὴν
534 3172 870 3228 ἁκατάλυτον
901 3174 1064 3248 ζωὴν,
1097 3182 1189 3231 καὶ
1221 3178 1316 3232 νῦν
1341 3180 1440 3251 τὴν
1465 3183 1524 3235 ὲν
1545 3183 1736 3254 ἀρετῇ.
1777 3183 1836 3239 '0
1866 3185 1974 3256 7&9
2003 3226 2004 3243 χ

2081 3176 2265 3240 bilem,
2294 3185 2407 3230 tum
2438 3186 2760 3245 prmsentem
2785 3189 2906 3244 quae
2930 3181 3013 3229 est
3043 3173 3098 3228 in
3130 3174 3356 3238 virtute,
3382 3175 3646 3228 vivemus.

399 3263 596 3335 νεκρὸς
646 3266 726 3338 τῷ
764 3267 989 3339 κόσμῳ,
1025 3271 1233 3334 ἐκεῖνος
1262 3273 1352 3344 ζῇ.
1405 3275 1548 3344 Ὀρα
1576 3273 1634 3328 δὲ
1658 3315 1675 3337 ,
1719 3276 1836 3341 πῶς
1876 3279 1977 3332 οὐκ

2081 3265 2213 3320 Nam
2245 3266 2337 3335 qui
2392 3265 2590 3320 mundo
2639 3277 2886 3320 mortuus
2937 3273 3062 3331 est,
3111 3265 3156 3320 is
3203 3265 3358 3318 vivit.
3410 3261 3648 3319 Observa

402 3351 582 3422 εἶπεν,
615 3358 697 3412 ὅτι
727 3359 800 3412 Τὸ
823 3361 983 3430 σῶμα
1015 3360 1309 3417 θανατοῦτε
1330 3365 1522 3434 ’(τοῦτο
1567 3367 1676 3440 7&9
1709 3368 1976 3440 ἀνδροφο-

402 3449 539 3517 νῖα),
565 3449 721 3513 ἀλλὰ,
751 3470 771 3502 ι
798 3451 909 3515 Τὰς
941 3453 1165 3522 πράξεις
1189 3454 1283 3508 τοῦ
1308 3455 1580 3526 σώματος,
1611 3477 1630 3510 ι
1663 3459 1754 3512 καὶ
1774 3459 1976 3526 ταύτας

399 3540 606 3612 δηλαδὴ
642 3543 743 3606 τὰς
791 3545 1051 3613 πονηράς.
1103 3545 1177 3598 Οὐ
1227 3547 1335 3617 7&9
1372 3546 1438 3619 δὴ
1477 3547 1538 3602 τὸ
1574 3549 1707 3620 ὁρᾷν
1756 3551 1974 3619 ἁπλῶς,

404 3632 508 3688 καὶ
543 3633 608 3686 τὸ
645 3634 865 3688 ἀκούειν
890 3634 1068 3704 (ἆτινά
1096 3638 1233 3690 εἰσιν
1263 3639 1400 3708 ἔργα
1425 3639 1630 3706 φυσικά
1659 3639 1754 3694 τοῦ
1786 3640 1976 3714 σῶμα·

399 3726 557 3797 τος),
588 3726 726 3782 ἀλλά
751 3727 814 3781 τὸ
842 3727 1028 3791 κακῶς
1055 3726 1264 3792 τούτοις
1297 3729 1554 3800 χρῆσθαι.

481 3837 502 3871 ι
549 3819 705 3873 Ὀσοι
736 3818 844 3889 7&9
887 3819 1164 3890 Πνεύματι
1193 3821 1328 3874 Θεοῦ
1367 3822 1610 3890 ἄγονται,
1653 3815 1801 3878 οὗτοι
1837 3823 1977 3878 εἰσιν

400 3909 516 3964 υἱοὶ
539 3909 694 3965 Θεοῦ.
755 3931 774 3962 ι
825 3910 1226 3980 Ἐπηγγείλατο
1257 3912 1515 3984 ἀνωτέρω
1537 3953 1554 3980 ,
1589 3915 1671 3968 ὅτι
1703 3915 1973 3986 Ζήσεσθε,

400 4003 452 4056 εί
512 4002 610 4066 τὰς
654 4003 900 4074 πονηρὰς
950 4004 1177 4073 πράξεις
1229 4005 1546 4061 θανατοῦτε.
1593 4006 1709 4060 Νῦν
1755 4006 1978 4078 μείζονα

405 4093 669 4162 στέφανον
709 4095 804 4148 καὶ
847 4095 1036 4165 μισθὸν
1089 4094 1310 4150 πλείονα
1340 4096 1434 4151 τοῦ
1475 4099 1741 4170 προτέρου
1771 4099 1973 4168 τίθησι,

400 4187 505 4259 τὴν
534 4187 684 4240 Θείαν
712 4187 1006 4243 υἱοθεσίαν.
1047 4189 1136 4242 Διὸ
1171 4189 1291 4243 οὐδὲ
1322 4186 1496 4254 εἶπεν,
1525 4191 1678 4246 Ὅσοι
1707 4192 1976 4262 πνεύματι

401 4278 541 4333 Θεοῦ
576 4279 762 4344 ζῶσιν,
796 4280 933 4347 ἀλλ’,
971 4298 990 4332 t
1027 4281 1183 4334 Ὅσοι
1224 4282 1470 4350 ἄγονται,
1521 4302 1540 4336 ι
1575 4287 1844 4351 τουτέστι,
1877 4303 1977 4340 κυ-

402 4372 707 4442 σερνῶνται
754 4375 848 4428 καὶ
885 4374 1249 4446 ήνιοχοῦνται,
1295 4376 1357 4429 τὸ
1389 4377 1614 4449 Πνεῦμα
1657 4380 1846 4450 κύριον
1874 4382 1975 4452 τῆς

400 4482 465 4517 τε
499 4463 676 4534 ψυχῆς
700 4466 794 4519 γαὶ
818 4465 917 4534 τῆς
945 4465 1145 4536 σαρκὸς
1189 4467 1524 4538 ποιούμενοι.
1585 4471 1705 4524 Κᾶν
1739 4472 1848 4542 7&9
1878 4472 1976 4543 βά-

402 4576 624 4629 πτισμα
654 4559 843 4630 λάϐῃς,
863 4560 956 4612 καὶ
981 4559 1098 4623 υίὸς
1121 4561 1251 4633 γένῃ
1273 4561 1404 4615 Θεοῦ
1425 4562 1513 4617 διὰ
1540 4563 1634 4618 τοῦ
1666 4565 1979 4636 βαπτίσμα-

402 4672 519 4717 τος,
558 4654 631 4725 μὴ
685 4654 961 4725 Πνεύματι
999 4655 1055 4708 δὲ
1089 4654 1224 4728 ἄγῃ,
1277 4657 1564 4718 ἀπώλεσας
1601 4656 1700 4724 τὴν
1743 4657 1974 4728 δωρεάν.

405 4747 617 4808 Πάντες
661 4747 758 4816 μὲν
803 4746 911 4816 7&9
959 4746 1183 4816 Πνεῦμα
1220 4734 1567 4818 λαμϐάνομεν
1599 4749 1684 4802 διὰ
1714 4749 1806 4802 τοῦ
1853 4751 1979 4803 λου-

403 4838 540 4908 τροῦ
563 4855 578 4870 ·
626 4838 685 4890 το
721 4837 776 4891 δὲ
814 4837 1044 4905 ἄγεσθαι
1082 4838 1129 4870 ⁸⁸
1169 4837 1320 4909 παρά
1349 4839 1524 4892 πάντα
1559 4839 1671 4909 βίον
1703 4842 1771 4905 θ’,
1819 4841 1980 4896 τοῦτο

405 4928 788 5000 ἀπαιτούμεθα
843 4929 918 4994 ὡς
949 4929 1248 5000 ἡμέτερον.
1306 4929 1396 4981 Διδ
1443 4930 1544 4983 οὐκ
1592 4927 1766 4996 εἶπεν,
1822 4931 1977 4986 Ὅσοι

408 5020 636 5090 Πνεῦμα
667 5020 876 5084 ἱλασον,
909 5015 1054 5076 οὗτοί
1084 5022 1223 5074 εἰσιν
1257 5020 1365 5074 uici
1395 5019 1553 5086 Θεοῦ,
1583 5021 1722 5087 ἀλλ’,
1765 5040 1784 5074 ι
1826 5024 1978 5078 Ὅσοι

410 5109 692 5179 Πνεύματι
728 5109 864 5165 Θεοῦ
891 5110 1135 5178 ἄγονται.
1178 5129 1198 5163 ι

489 5309 508 5342 ι
549 5290 623 5346 Οὐ
656 5291 1008 5360 γὰρ’ὲλάδετε
1051 5289 1269 5362 πνεῦμα
1301 5291 1544 5350 δουλείας
1574 5293 1738 5346 πάλιν
1779 5293 1859 5356 εἰς
1887 5294 1986 5362 φό-

405 5385 505 5439 ϐον
527 5424 541 5449 ,
575 5385 692 5438 ἄλλ’
725 5385 945 5439 ἐλάϐετε
984 5383 1214 5455 Πνεῦμα
1247 5385 1516 5449 υἱοθεσίας
1539 5427 1554 5452 ,
1600 5404 1619 5436 δ
1659 5383 1825 5439 Εἶπεν
1845 5427 1860 5449 ,
1908 5388 1989 5440 ὅτι

2079 3371 2259 3416 autem
2311 3361 2454 3430 quod
2511 3375 2615 3415 non
2664 3360 2886 3426 dixerit,
2940 3373 3138 3429 corpus
3189 3359 3522 3424 occideritis,
3595 3359 3647 3411 id

2078 3451 2220 3508 enim
2274 3450 2622 3506 homicidium
2665 3450 2822 3515 foret,
2877 3450 2998 3513 sed,
3046 3468 3064 3502 ι
3103 3465 3268 3521 Opera
3329 3451 3594 3520 corporis,
3623 3467 3648 3504 ι

2077 3559 2250 3614 eaque
2276 3559 2466 3614 prava.
2495 3541 2609 3596 Non
2643 3543 2786 3597 enim
2826 3543 3008 3598 videre
3033 3541 3351 3611 simpliciter
3375 3549 3430 3595 et
3461 3541 3650 3593 audire

2081 3637 2222 3704 (quae
2251 3643 2379 3690 sunt
2408 3648 2571 3703 upera
2599 3633 2846 3704 corporis
2896 3632 3184 3701 naturalia)
3224 3631 3456 3686 tollenda
3497 3640 3645 3698 sunt,

2077 3727 2170 3783 sed
2205 3726 2413 3782 abusus
2455 3724 2692 3780 illorum.

2153 3819 2312 3874 Vens.
2340 3819 2429 3874 14.
2466 3817 2840 3886 (Quicunque
2862 3815 3006 3870 enim
3033 3814 3238 3884 Spiritu
3270 3813 3363 3870 Dei
3393 3803 3649 3884 aguntur,

2086 3911 2140 3966 hi
2200 3920 2328 3965 sunt
2363 3911 2456 3966 lilii
2513 3909 2627 3966 Dei.
2661 3927 2681 3962 ι
2724 3905 2898 3978 Supra
2948 3907 3220 3977 pollicitus
3265 3916 3371 3971 est,
3407 3907 3650 3972 Vivetis.

2081 4003 2350 4074 inquiens,
2384 4003 2430 4058 si
2484 4016 2650 4072 prava
2689 4015 2854 4071 Opera
2907 4000 3283 4064 mortiflcetis;
3328 4014 3471 4054 nunc
3521 4015 3652 4052 vero

2079 4095 2454 4166 pretiosiorem
2502 4108 2760 4149 coronam
2815 4093 3232 4161 mercedemque
3257 4091 3422 4161 priori
3479 4091 3653 4160 majo-

2081 4205 2193 4244 rem
2240 4187 2439 4248 subdit.
2476 4185 2710 4241 ﬁliorum
2759 4199 2954 4253 nempe
2989 4184 3227 4238 divinam
3279 4183 3648 4252 adoptionem.

2080 4279 2260 4348 Quare
2291 4294 2395 4334 non
2446 4277 2604 4343 dixit,
2636 4277 2964 4346 quicumque
3013 4274 3220 4345 Spiritu
3254 4273 3346 4329 Dei
3391 4274 3646 4341 vixerint,

2079 4373 2171 4429 sed
2211 4391 2230 4424 ι
2277 4371 2585 4442 quicunque
2643 4380 2896 4438 aguntur,
2949 4386 2968 4420 ι
3041 4367 3092 4423 id
3126 4375 3209 4423 est
3264 4368 3651 4436 gubernantur,

2081 4479 2178 4520 ceu
2213 4462 2282 4518 ab
2331 4462 2518 4529 auriga
2554 4461 2812 4530 quodam,
2851 4460 3113 4529 Spiritum
3165 4474 3286 4514 cum
3328 4457 3508 4512 carnis
3539 4466 3652 4511 tum

2015 4545 2056 4600 ί)
2087 4557 2280 4611 anima:
2315 4555 2593 4611 dominum
2637 4553 2918 4606 facientes.
2949 4551 3175 4605 Etiamsi
3210 4552 3353 4604 cnim
3389 4549 3653 4620 baptisma

2087 4646 2386 4718 acceperis,
2423 4653 2478 4699 et
2532 4645 2674 4698 filius
2722 4643 2814 4698 Dei
2862 4642 3032 4699 fueris
3086 4657 3181 4712 per
3228 4642 3518 4710 baptisma,
3551 4655 3654 4694 non

2087 4751 2270 4793 autem
2315 4737 2524 4808 Spiritu
2557 4735 2799 4800 ducaris,
2827 4735 3026 4789 denunt
3061 4744 3116 4788 et
3145 4733 3370 4802 gratiam
3406 4731 3652 4784 amisisti.

2086 4827 2287 4886 Omnes
2309 4827 2528 4897 quidem
2549 4825 2808 4893 Spiritum
2829 4822 3119 4892 accipimus
3137 4821 3246 4891 58
3264 4836 3362 4891 per
3375 4831 3657 4887 regenera-

2090 4922 2253 4977 tionis
2271 4921 2573 4984 lavacrum,
2598 4918 2680 4988 agi
2707 4927 2886 4971 autem
2907 4928 3004 4984 per
3023 4927 3236 4969 onmem
3257 4913 3420 4966 vitam
3443 4910 3656 4974 eodem,

2087 5015 2230 5072 istud
2264 5030 2294 5068 a
2320 5014 2476 5067 nobis
2506 5021 2758 5081 tanquam
2783 5019 3028 5064 nostrum
3052 5006 3310 5076 exigitur.
3361 5002 3658 5071 Eapropter

2090 5123 2196 5161 non
2233 5105 2386 5169 dixit,
2429 5103 2704 5171 Quo°quot
2737 5099 3000 5170 Spiritqu
3060 5101 3410 5164 acceperunt,
3445 5091 3498 5146 hi
3531 5099 3658 5146 sunt

2082 5199 2178 5255 filii
2213 5197 2306 5251 Dei
2341 5214 2356 5252 :
2394 5195 2514 5262 sed,
2552 5213 2570 5246 ι
2603 5195 2878 5262 Quotquot
2908 5190 3113 5262 Spiritu
3151 5187 3243 5241 Dei
3273 5193 3526 5256 aguntur.
3562 5201 3582 5236 ι

2165 5312 2184 5346 ι
2224 5290 2388 5348 Vens.
2414 5290 2503 5346 15.
2539 5307 2558 5341 ι
2591 5288 2707 5343 Non
2733 5287 2876 5343 enim
2905 5281 3190 5352 accepistis
3219 5279 3466 5350 spiritum
3495 5277 3662 5333 servi-

2088 5384 2216 5441 tutis
2254 5385 2448 5438 iterum
2499 5380 2564 5436 ad
2617 5379 2886 5442 timorem,
2941 5376 3036 5431 sed
3078 5371 3362 5440 accepistis
3395 5368 3656 5439 Spiritum

406 5478 519 5532 υἱοὶ
547 5477 684 5530 Θεοῦ
721 5479 856 5530 εἰσιν
899 5478 948 5530 οῑ
987 5477 1266 5548 Πνεύματι
1303 5477 1600 5548 ἀγόμενον
1651 5474 1769 5530 εἶτα
1806 5478 1995 5550 ἐπειδὴ

2092 5475 2400 5546 adeptionis
2427 5473 2659 5528 filiorum
2693 5471 2808 5524 Dei.
2849 5487 2867 5520 ι
2926 5466 3096 5521 Filios
3131 5463 3224 5518 Dei
3265 5477 3386 5518 esse
3413 5463 3502 5531 qni
3538 5461 3661 5530 Spi-

408 5571 508 5624 καὶ
527 5571 574 5622 οἱ
605 5569 960 5640 Ἰουδαῖοιτῆς
985 5569 1258 5633 υἱοθεσίας
1281 5569 1664 5639 μετεποιοῦντο
1685 5571 1752 5633 ⁸³,
1784 5590 1801 5623 ι
1832 5572 1997 5635 Υἱοῦς

2097 5570 2202 5625 ritu
2239 5569 2333 5623 Dei
2375 5576 2646 5635 aguntur,
2685 5562 2821 5616 dixit
2870 5577 2885 5614 :
2922 5559 3034 5628 iam
3074 5571 3199 5610 vero
3243 5555 3369 5626 quia
3399 5562 3452 5608 et
3488 5550 3657 5608 Judaei

1756 5667 1956 5728 Varire
1995 5667 2328 5729 lectiones.

483 5771 530 5802 ⁷⁸
569 5771 655 5824 ῖσ.
684 5773 898 5841 ἀναιρεῖ
923 5789 974 5824 n.
1049 5773 1093 5803 τ’
1121 5771 1219 5843 τὴν
1247 5770 1482 5842 σπουδὴν
1513 5772 1608 5843 τὴν
1632 5789 1702 5828 tu.

406 5843 502 5898 τὸν
533 5843 648 5914 βίον
675 5859 746 5897 tn.
823 5845 866 5875 ⁸⁸
902 5842 1285 5896 ἀντεποιοῦντο
1305 5857 1376 5896 ιιι.

1781 5773 1824 5805 ’⁸⁸
1854 5774 2028 5827 πάλιν.

2107 5775 2149 5806 ⁷9
2175 5768 2264 5824 οὖν)
2292 5786 2342 5823 (ο.
2419 5769 2462 5799 ⁸ο
2489 5767 2714 5833 ἄγεσθαι
2746 5759 3018 5826 πνεύματι
3039 5775 3111 5814 m.
3189 5757 3382 5827 ³¹ιβξον
3407 5754 3588 5810 τοῦτον
3605 5767 3656 5808 0.
