4038 6582
444 349 552 417 443

1328 358 1905 421 THEOPHYLACTI
1949 359 2358 422 sumsum:
2403 339 2753 429 Ananiae.

3581 367 3693 430 4ίὶ

454 465 687 519 ﬁliorum
754 465 1098 535 adoptionem
1143 467 1245 524 sibi
1305 471 1671 540 vindicabant,
1739 475 1804 543 (ι
1867 473 2017 528 Filios

2136 473 2247 546 γὰρ
2295 476 2559 548 ἐγέννησα
2589 480 2680 534 καὶ
2702 478 2894 548 ῦψωσα
2918 491 2934 506 '
2964 497 2981 531 ι
3013 479 3128 544 καὶ,
3165 500 3183 533 ι
3212 481 3340 544 Υἱὸς
3365 484 3716 552 πρωτότοκος

379 549 382 552 ’
456 556 600 608 cnim
637 558 795 626 genui
830 568 884 611 et
911 558 1144 614 exaltavi
1180 574 1228 626 ι,
1266 580 1284 614 ι
1329 572 1403 629 et,
1439 583 1456 616 ι
1499 565 1662 619 Filius
1713 583 1864 622 turus
1910 569 2018 636 pri-

451 650 748 716 mogcnitus
782 645 994 704 Israel!
1026 669 1039 705 :
1076 653 1122 721 ι)
1157 663 1429 722 quantum
1463 656 1530 710 sit
1565 657 1832 712 intervalli
1884 661 2024 714 inter

449 750 688 791 nostram
731 749 781 794 et
831 739 1138 796 Judmorum
1170 745 1512 815 adoptionem
1571 759 1859 805 monstrat.
1917 751 2019 816 Illi,

450 829 642 897 inquit,
698 831 948 900 spiritum
1004 837 1286 892 servitutis
1359 850 1684 908 acceperunt
1740 844 2019 898 :litteram

450 919 584 987 legis
619 921 692 975 ita
729 923 1038 989 nominans,
1085 935 1142 979 ut
1174 943 1294 997 qua:
1325 946 1354 982 a
1393 930 1599 998 Spiritu
1642 935 1858 1001 quidem
1899 936 2020 990 data

447 1013 540 1073 sit,
597 1014 772 1067 servis
828 1025 1006 1070 tamen
1053 1017 1266 1074 interim
1321 1025 1493 1093 magis
1542 1031 1846 1082 conveniat.
1889 1028 2019 1084 Nam

447 1111 502 1155 et
532 1105 841 1170 corporales
872 1107 994 1163 inde
1031 1125 1200 1176 pusum
1251 1122 1304 1165 et
1337 1115 1600 1183 supplicia
1648 1130 2019 1187 prmsto-sunt,

448 1194 832 1264 lapidationes,
875 1203 1190 1258 cxustiones
1228 1214 1281 1258 et
1314 1208 1472 1260 minae
1513 1225 1526 1263 :
1563 1228 1580 1260 ι
1641 1208 1888 1276 Gladius,
1940 1214 2023 1266 iu-

450 1285 591 1353 qnit,
624 1301 722 1342 vos
753 1289 1034 1346 devorabit
1076 1303 1122 1348 ι.
1161 1314 1179 1347 ι
1239 1296 1392 1352 Unde
1441 1298 1631 1368 ingens
1669 1317 1801 1356 sane
1847 1316 2022 1359 metus

460 1379 529 1431 ob
552 1379 742 1434 oculos
775 1394 1042 1440 versatur.
1068 1386 1144 1440 Ac
1175 1388 1391 1457 praemia
1427 1406 1618 1446 rursus
1663 1404 1874 1449 terrena
1899 1411 2023 1464 pro-

447 1469 850 1542 tuissionesque
897 1474 1161 1531 bonorum
1206 1481 1574 1543 terrestrium.
1613 1493 1724 1538 tum
1767 1490 2016 1542 mandata

448 1569 503 1610 et
535 1560 658 1615 vilia
691 1571 743 1615 et
775 1566 996 1619 servilia
1023 1570 1210 1625 multa.
1236 1568 1420 1636 Quare
1448 1572 1522 1626 illi
1547 1575 2018 1644 quidem,etiamsi

448 1650 544 1704 tilii
602 1657 958 1718 vocabantur,
1005 1672 1163 1715 erant
1211 1671 1391 1719 tamen
1438 1674 1496 1720 ut
1529 1669 1708 1722 servi:
1740 1685 1836 1724 nos
1866 1687 2018 1740 vero,

446 1756 543 1794 ceu
578 1743 795 1814 ingenui
843 1757 897 1802 et
933 1749 1109 1805 liberi.
1159 1751 1292 1808 Nam
1327 1766 1381 1810 et
1415 1759 1635 1826 praemia
1677 1771 1858 1816 nostra
1894 1775 2019 1821 sunt

445 1841 710 1906 caelestia,
775 1842 1147 1914 caelorumqne
1198 1863 1418 1915 regnum
1454 1871 1468 1905 ;
1506 1865 1569 1904 ac
1617 1865 1788 1920 plena:
1823 1865 2020 1909 nostrae

445 1950 554 1988 non
618 1947 746 1989 sunt
796 1935 1172 2003 lapidationes,
1214 1939 1374 2009 idque
1439 1958 1611 2010 genus
1669 1946 1772 2000 alia
1823 1963 1942 2017 quae
1989 1966 2016 2004 a

444 2026 824 2081 sacerdotibus
886 2027 1283 2095 inferebantur,
1342 2034 1434 2087 sed
1481 2035 1615 2091 satis
1669 2049 1753 2093 est
1805 2039 1925 2107 cjici
1968 2052 2022 2096 et

444 2116 658 2171 excludi
696 2133 723 2170 a
776 2118 1004 2189 mystica
1068 2136 1251 2175 mensa
1305 2132 1561 2192 tauquam
1616 2126 1807 2186 ﬁlium.
1852 2131 2022 2187 Porro

409 2210 702 2274 ,mandata
748 2210 903 2264 nobis
944 2221 1070 2265 sunt
1099 2212 1278 2267 divina
1322 2231 1385 2269 ac
1416 2217 1664 2288 ingenuis
1701 2226 2022 2280 convenien-

449 2303 570 2355 tia:
607 2301 878 2364 videlicet,
924 2301 1000 2358 Ne
1053 2305 1314 2360 intuearis
1365 2306 1643 2374 feminam,
1701 2323 1760 2368 ut
1813 2330 2017 2371 concu-

444 2393 626 2457 piscas
660 2411 672 2447 :
711 2390 787 2446 Ne
833 2392 983 2459 jurcs
1020 2413 1033 2449 :
1071 2396 1334 2466 Relinque
1379 2415 1441 2454 ea
1479 2418 1597 2471 quae
1628 2406 1872 2472 possides
1905 2426 1918 2462 :
1963 2421 2017 2465 et

443 2498 552 2536 non
605 2497 776 2552 poena:
816 2482 1140 2550 formidine.
1188 2490 1281 2543 sed
1342 2491 1566 2559 spiritus
1622 2497 1914 2564 cupiditate
1964 2511 2018 2556 ct

441 2574 709 2629 cliaritate
743 2576 1120 2645 perﬁciuntur.
1150 2579 1207 2634 ιιι
1257 2582 1400 2648 quod
1454 2586 1800 2643 manifestum
1841 2603 1922 2648 est
1955 2611 2020 2652 ex

2127 587 2227 638 μου
2266 570 2501 641 Ἰσραὴλ,
2552 588 2570 621 ι
2634 571 2876 624 δείκνυσι
2926 571 3092 625 πόσον
3125 571 3186 625 τὸ
3237 574 3403 643 μέσον
3435 573 3532 641 τῆς
3575 576 3719 643 ἡμεο

2123 663 2283 733 τέρας
2316 663 2610 727 υἱοθεσίας,
2644 664 2861 733 καὶτῆς
2892 665 2999 717 τῶν
3047 665 3316 719 Ἰουδαίων
3343 681 3356 694 ο
3392 665 3485 718 καί
3518 683 3712 734 φησιν,

2122 757 2204 810 ὅτι
2269 757 2468 809 ἐκεῖνοι
2509 756 2725 825 πνεῦμα
2759 756 3000 818 δουλείας
3029 755 3240 821 ἔλαῦον,
3281 756 3341 809 τὸ
3388 757 3436 788 ⁸³
3475 758 3716 826 γράμμα

2121 849 2214 902 τοῦ
2262 850 2425 918 νόμου
2457 845 2692 912 καλέσας
2720 848 2894 911 οὕτως
2913 888 2928 910 ,
2961 848 3036 911 ὡς
3065 849 3216 918 παρὰ
3245 847 3340 900 τοῦ
3386 847 3710 917 Πνεῦμα-τος

2125 942 2225 1009 μὲν
2253 942 2404 995 δοθὲν
2425 983 2441 1008 ,
2467 942 2674 1006 δούλοις
2710 942 2765 995 δέ
2800 942 2999 1012 μᾶλλον
3030 941 3289 1011 ἁρμόζον.
3333 942 3442 995 Καὶ
3468 942 3578 1012 γὰρ
3613 945 3711 994 καὶ

2125 1039 2178 1090 αἱ
2219 1037 2482 1107 τιμωρίαι
2529 1036 2679 1102 παρὰ
2708 1037 2874 1100 πόδας
2903 1036 2996 1089 xui.
3035 1036 3382 1106 σωματικαὶ,
3412 1036 3704 1104 λιθασμοὶ,

2123 1129 2214 1181 καὶ
2273 1129 2494 1191 καύσεις
2539 1127 2586 1160 ⁸⁵
2617 1130 2708 1181 καὶ
2747 1128 3003 1192 ἀπειλαὶ,
3051 1129 3135 1181 ὅτι
3179 1146 3198 1179 ι
3243 1129 3504 1197 Μάχαιρα
3561 1127 3706 1196 ὑμᾶς

2122 1216 2408 1270 κατέδεται
2436 1233 2450 1246 ⁸
2493 1236 2511 1268 ι
2545 1219 2640 1270 καὶ
2674 1217 2764 1270 διὰ
2788 1217 2962 1270 ταῦτα
2996 1218 3163 1281 πολὺς
3201 1220 3227 1270 ὁ
3264 1216 3426 1286 φόϐος
3457 1215 3564 1286 πρὸ
3595 1217 3706 1269 τῶν

2122 1311 2436 1381 ὀφθαλμῶν.
2481 1312 2589 1364 Καὶ
2617 1307 2682 1364 αὖ
2717 1312 2767 1363 oi.
2803 1311 2986 1380 μισθοὶ
3017 1311 3286 1377 ἐπίγειοι,
3321 1311 3417 1364 καὶ
3453 1311 3704 1378 ἐπαγγε-

2122 1405 2230 1458 λίαι
2260 1406 2366 1457 τῶν
2395 1403 2492 1474 τῆς
2523 1403 2628 1472 γῆς
2673 1403 2895 1470 ἀγαθῶν
2920 1441 2934 1464 ,
2986 1405 3078 1456 καὶ
3107 1403 3176 1455 τὰ
3210 1402 3564 1471 ἐπιτάγματα
3614 1419 3707 1471 μιν

2122 1498 2408 1568 κροπρεπῆ
2455 1498 2549 1550 καὶ⁷
2596 1496 2842 1553 δουλικὰ.
2884 1497 3047 1549 Ὥστε
3091 1497 3288 1549 ἐκεῖνοι
3333 1495 3431 1564 μὲν
3457 1535 3470 1555 ,
3503 1497 3552 1548 εί
3602 1495 3701 1548 καὶ

2123 1591 2228 1644 υἱοὶ
2270 1589 2584 1656 ἐκαλοῦντο,
2617 1588 2731 1642 ἀλλ’
2777 1590 2851 1652 ὼς
2881 1587 3056 1641 δοῦλοι
3077 1604 3092 1618 ο
3121 1589 3282 1658 ἡμεῖς
3313 1587 3392 1654 δὲ,
3434 1587 3508 1650 ὡς
3535 1587 3705 1654 εὐγε-

2121 1683 2237 1744 νεῖς
2269 1682 2362 1734 καὶ
2388 1681 2686 1751 ἐλεύθεροι.
2716 1682 2827 1735 Καὶ
2856 1681 2966 1751 γὰρ
2994 1679 3092 1734 καὶ
3124 1681 3174 1732 οί
3204 1678 3389 1748 μισθοὶ
3421 1679 3580 1749 ήμῶν
3607 1679 3706 1731 οὒ-

2127 1775 2319 1844 ράνιοι,
2346 1775 2439 1828 καὶ
2472 1774 2718 1844 βασιλεία
2745 1773 2990 1844 οὐρανῶν
3009 1789 3025 1804 ·
3056 1771 3150 1826 καὶ
3182 1773 3238 1824 αί
3264 1771 3520 1834 κολάσεις
3546 1772 3703 1841 ἡμῖν,

2121 1868 2182 1920 οὺ
2214 1865 2471 1935 λιθασμο“ι
2492 1905 2506 1927 ,
2536 1867 2630 1918 καὶ
2657 1867 2726 1919 τὰ
2755 1865 2982 1919 τοιαῦτα
3010 1864 3161 1934 παρὰ
3185 1864 3295 1917 τῶν
3326 1865 3518 1934 ἱερέων
3537 1904 3553 1927 ,
3587 1863 3704 1916 ἀλλ’

2120 1961 2281 2026 ἀρκεῖ
2315 1959 2598 2029 τραπέζης
2647 1959 2912 2028 μυστικῆς
2954 1957 3281 2028 ἐκϐληθῆναι
3314 1955 3389 2020 ὡς
3421 1958 3560 2011 υίόν.
3596 1958 3706 2011 Καὶ

2120 2049 2190 2103 τὰ
2221 2049 2568 2117 ἐπιτάγματα
2595 2088 2610 2112 ,
2644 2048 2763 2101 θεῖα
2787 2088 2800 2111 ,
2839 2049 2930 2100 καὶ
2965 2047 3242 2115 εὐγενέσιν
3269 2048 3314 2079 ⁸⁵
3344 2047 3664 2116 ἁρμόζοντα
3683 2063 3698 2078 ο

2122 2140 2214 2209 Μὴ
2246 2137 2524 2208 ἐμϐλέψῃς
2580 2137 2881 2206 ἐμπαθῶς·
2925 2137 3017 2206 Μὴ
3065 2137 3302 2206 ὀμόσῃς·
3365 2134 3704 2203 Ἀπόκτησαι

2123 2234 2192 2282 τὰ
2237 2231 2363 2284 ὄντα
2403 2247 2505 2282 σοι.
2543 2228 2653 2281 Kai.
2684 2227 2806 2280 οὐδέ
2835 2227 2986 2296 φόϐῳ
3017 2225 3316 2290 κολάσεως,
3352 2225 3486 2279 ἀλλὰ
3536 2225 3705 2278 πνεύ-

2131 2340 2296 2392 ματος
2328 2321 2594 2391 ἐπιθυμίᾳ
2613 2320 2707 2373 καὶ
2732 2321 2920 2392 ἀγάπῃ
2939 2318 3335 2390 κατορθοῦνται
3367 2331 3380 2344 ⁸
3414 2318 3508 2371 καὶ
3538 2317 3701 2387 δῆλον

2127 2415 2185 2479 ἐξ
2207 2407 2281 2467 ὧν
2308 2414 2400 2466 καὶ
2429 2411 2816 2482 ὑπερὸαίνουσι
2850 2411 3036 2464 πολλοὶ
3065 2409 3232 2465 πολλὰ
3262 2409 3369 2466 τῶν
3392 2410 3702 2479 ἐπιταγμά-

2125 2525 2253 2562 των.
2290 2508 2467 2560 Κάκεῖ
2497 2505 2617 2575 μὲν,
2652 2504 2875 2573 Πνεῦμα
2903 2503 3004 2558 οὐκ
3025 2499 3092 2575 ἦν
3116 2519 3130 2533 ·
3161 2502 3396 2557 ἐνταῦθα
3420 2502 3499 2567 δὲ,
3534 2501 3702 2554 πλου-

2131 2599 2221 2652 σία
2250 2599 2284 2668 ἡ
2315 2597 2506 2651 τούτου
2522 2597 2718 2666 χάρις.
2893 2650 2910 2656 ,
3047 2595 3064 2610 ’

440 2680 529 2729 eo,
553 2665 694 2734 quod
734 2667 886 2720 multi
921 2667 1178 2739 pleraque
1217 2673 1473 2728 mandata
1508 2650 2018 2750 transgrediuntur.
2047 2650 2224 2762 Atque
2258 2650 2366 2746 iilic
2418 2650 2632 2760 quidem
2667 2650 2910 2760 Spiritus
2962 2703 3068 2743 non
3110 2688 3335 2755 aderat;
3401 2688 3525 2743 istic
3552 2701 3702 2742 vero.

441 2759 727 2814 abundans
762 2761 880 2830 ejus
910 2763 1103 2830 gratia.

521 2868 540 2901 ι
576 2850 632 2903 In
669 2867 776 2918 quo
800 2851 1099 2910 clamamus
1136 2874 1152 2910 :
1183 2857 1335 2914 Abba
1381 2861 1559 2920 Pater.
1620 2884 1640 2919 ›
1697 2869 2014 2932 llebraicam

441 2941 742 2996 dictionem
768 2945 970 3013 posuit,
1004 2949 1144 3015 quod
1183 2951 1405 3006 verbum
1437 2965 1520 3010 est
1550 2958 1781 3016 ﬁliorum
1825 2969 2018 3032 genui-

2201 2898 2221 2930 ι
2257 2876 2350 2930 Ἐν
2377 2869 2420 2943 ᾧ
2451 2873 2726 2946 κράζομεν
2747 2889 2761 2903 ο
2793 2873 2966 2925 Ἀϐϐἄ
2990 2874 3016 2926 ό
3048 2872 3256 2943 Πατήρ.
3290 2892 3308 2926 ι
3338 2873 3447 2944 Τὴν
3483 2873 3706 2944 ἘὃραΓ

2125 2970 2228 3041 κῆν
2274 2967 2420 3032 λέξιν
2463 2965 2710 3030 τέθεικε,
2753 2964 2890 3035 ὅπερ
2940 2963 3091 3034 ῥῆμά
3127 2965 3242 3017 ἐστι
3291 2964 3532 3034 γνησίων
3571 2965 3702 3019 παίι

440 3050 638 3090 norum
687 3050 814 3106 erga
881 3048 1114 3107 patrem.
1174 3041 1309 3106 Quid
1352 3045 1550 3113 igitur?
1603 3063 1778 3106 nerine
1828 3065 1882 3110 et
1942 3058 2014 3110 illi

442 3126 609 3151 nm...
636 3128 897 3151 ....--I.__a
949 3134 1188 3151 _-_._-,_.-n
1280 3135 1315 3151 η
1550 3141 1562 3151 ι
1689 3144 1701 3151 .
1829 3147 1839 3151 -

2123 3063 2230 3116 δων
2253 3062 2298 3094 ⁸⁵
2332 3061 2468 3132 πρὸς
2498 3059 2732 3128 πατέρα.
2765 3057 2831 3110 Τί
2863 3053 2994 3122 οῦν;
3037 3059 3142 3111 οὐκ
3177 3055 3404 3112 ἐκάλουν
3438 3060 3533 3112 καὶ
3561 3061 3702 3112 ἐκεῐο

442 3126 610 3180 Deum
636 3128 904 3183 vocabant
949 3134 1188 3198 patrem?
1227 3153 1246 3185 ι
1279 3135 1443 3190 Deum
1478 3141 1644 3207 enim,
1689 3144 1888 3214 inquit,
1927 3151 2017 3218 qui

2122 3172 2201 3209 νοι
2232 3126 2444 3223 πατέρα
2472 3151 2564 3206 τὸν
2603 3126 2768 3216 Θεόν;
2803 3169 2823 3203 ι
2869 3151 3002 3204 Θεὸν
3033 3150 3142 3219 γὰρ
3164 3190 3178 3213 ,
3220 3151 3402 3218 φησι,
3445 3151 3536 3204 τὸν
3571 3166 3702 3219 γεν-

441 3218 630 3285 genuit
674 3229 747 3285 te,
789 3219 1123 3289 dereliquisti
1160 3235 1199 3278 ⁸.
1245 3244 1262 3278 ι
1299 3227 1364 3282 Et
1401 3229 1530 3285 alibi
1573 3251 1588 3288 :
1641 3251 1660 3286 ι
1711 3235 1852 3294 Deus
1883 3255 2020 3296 unus

453 3309 698 3364 condidit
725 3328 821 3365 nos
853 3312 902 3366 ιδ.
939 3333 960 3366 ι
991 3315 1056 3368 Et
1083 3333 1095 3370 :
1122 3336 1140 3368 ι
1175 3315 1337 3373 Pater
1355 3337 1493 3376 unus
1509 3327 1748 3381 omnium
1771 3341 2017 3386 nostrum

444 3397 591 3456 Deus
615 3412 664 3457 ο.
713 3421 733 3454 ι
769 3401 882 3458 Etsi
926 3414 1109 3485 autem
1146 3411 1258 3466 haec
1288 3415 1430 3470 dicta
1464 3416 1573 3471 sint
1604 3421 1670 3473 de
1700 3421 1826 3485 illis,
1860 3440 2019 3479 nemo

447 3503 629 3549 tamen
667 3477 1044 3555 inventus’est
1076 3501 1167 3570 qui
1205 3503 1371 3558 Deum
1424 3507 1478 3561 in
1505 3511 1846 3570 orationibus
1903 3517 2018 3571 suis

448 3595 660 3656 patrem
707 3591 939 3658 vocarit,
982 3592 1128 3648 sicut
1177 3610 1273 3650 nos
1301 3612 1492 3653 omnes
1528 3601 1639 3670 jam
1676 3619 1814 3659 nunc
1847 3621 1876 3659 a
1925 3607 2019 3661 ba-

441 3679 666 3747 ptismo.
719 3680 1012 3748 Praeterea,
1045 3687 1216 3742 sicubi
1249 3703 1372 3744 emn
1420 3691 1496 3746 illi
1551 3693 1624 3748 ita
1673 3697 2018 3766 appellarint,

441 3784 510 3823 ex
547 3772 762 3841 propria
790 3773 1034 3842 ipsorum
1067 3781 1336 3835 sententia
1381 3783 1522 3837 istud
1552 3785 1804 3844 fecerunt
1843 3807 1857 3844 :
1891 3791 2022 3846 ﬁde-

440 3863 525 3916 les
558 3873 736 3918 autem
769 3880 833 3920 ex
877 3869 1144 3936 spirituali
1189 3876 1427 3930 motione
1467 3887 1523 3932 et
1554 3881 1890 3947 Operatione.
1947 3884 2019 3940 Ut

440 3953 595 4007 enim
637 3956 890 4012 novimus
919 3958 1184 4028 Spiritum
1219 3967 1521 4034 prophetiae
1549 3985 1615 4024 ex
1654 3986 1720 4026 co
1751 3975 1892 4040 quod
1925 3975 2018 4044 qui

439 4045 709 4112 acceperit
766 4060 914 4112 eum,
973 4047 1153 4105 futura
1209 4057 1450 4122 przedicit
1500 4075 1514 4112 :
1567 4059 1648 4114 sic
1691 4071 1746 4115 et
1784 4062 2020 4132 Spiritus

441 4134 759 4204 adaptionis
795 4138 1028 4194 ﬁliorum
1076 4146 1391 4216 agnoscitur
1423 4164 1490 4203 ex
1515 4163 1581 4205 eo
1614 4154 1754 4219 quod
1791 4159 1880 4224 qui
1929 4173 2018 4212 ac-

437 4227 647 4295 ceperit
679 4227 878 4297 ipsum,
921 4243 1129 4300 patrem
1170 4245 1325 4290 vocat
1364 4238 1557 4306 Deum,
1593 4255 1622 4294 a
1650 4243 1856 4312 Spiritu
1900 4263 2017 4302 mo-

438 4327 550 4374 tus.
588 4315 723 4372 Nam
755 4330 810 4375 et
858 4322 961 4376 hoc
989 4333 1072 4378 est
1109 4341 1271 4380 unum
1306 4344 1374 4382 ex
1407 4331 1563 4386 donis
1594 4331 1852 4402 Spiritus.
1889 4353 2013 4407 pcr-

439 4410 566 4465 inde
607 4427 672 4467 ac
699 4413 815 4482 ipse
846 4413 1031 4482 inl‘ert,
1071 4417 1302 4475 dicens:

513 4501 678 4559 Vens.
712 4505 800 4560 16.
839 4525 857 4558 ι
894 4507 1014 4576 Ipse
1045 4510 1189 4564 enim
1226 4510 1462 4580 Spiritus
1491 4517 1860 4573 testimonium
1893 4521 2014 4576 red-

437 4593 518 4648 dit
543 4595 754 4666 spiritui
781 4609 992 4662 nostro.
1024 4603 1164 4668 quod
1197 4604 1368 4660 simus
1397 4608 1490 4662 ﬁlii
1511 4609 1628 4665 Dei.
1663 4628 1681 4661 ι
1716 4610 1823 4681 59
1845 4611 2010 4667 Para-

436 4683 616 4739 cletus
649 4686 763 4754 ipse
794 4690 1164 4746 testiinonium
1193 4695 1328 4750 dicit
1359 4697 1502 4752 dono
1541 4701 1680 4765 quod
1704 4703 1886 4756 datum
1926 4712 2012 4760 est

435 4775 619 4832 nobis.
650 4776 768 4832 Non
807 4782 954 4837 enim
984 4799 1082 4838 uos
1110 4786 1259 4842 Abba
1290 4802 1548 4846 sonamus
1590 4795 1706 4848 sine
1738 4804 1870 4850 teste
1900 4806 1959 4850 ει·
1981 4812 2010 4850 a

435 4869 598 4924 nobis
635 4868 790 4939 ipsis,
838 4889 1026 4929 verum
1073 4874 1339 4933 Paracleti
1378 4880 1579 4936 donum
1624 4893 1731 4948 est,
1787 4896 1842 4940 et
1895 4888 2012 4954 ipse

435 4957 624 5013 docuit
650 4976 745 5015 nos
763 4978 859 5031 per
886 4963 1168 5036 Spiritum,
1201 4969 1253 5025 id
1281 4981 1366 5026 est
1410 4972 1634 5038 donum,
1665 4976 1744 5030 sic
1781 4975 1922 5046 loqui
1955 4979 2006 5032 in

431 5050 800 5108 orationibus.

517 5229 685 5288 Vens.
723 5234 811 5291 17.
854 5254 872 5288 ι
915 5237 975 5292 Si
1008 5251 1188 5296 autem
1215 5243 1330 5308 lilii,
1363 5254 1416 5300 et
1448 5246 1692 5304 haeredes
1723 5267 1736 5303 :
1771 5250 2015 5306 lta'reiles

440 5320 662 5391 quidem
694 5325 812 5392 Dei,
845 5331 1152 5388 colueredes
1201 5345 1378 5392 autem
1410 5338 1638 5397 Christi.
1683 5361 1702 5395 ι
1741 5343 1874 5409 Quia
1908 5361 2011 5399 non

438 5427 632 5471 omnes
687 5419 782 5474 ﬁlii
847 5432 976 5476 sunt
1023 5423 1287 5494 haeredes,
1339 5435 1574 5487 ostendit
1632 5450 1729 5490 nos
1769 5447 1822 5489 et
1877 5436 2014 5491 ﬁlios

2121 3245 2358 3317 νήσαντα
2377 3261 2435 3297 σε
2455 3241 2816 3311 ἐγκατέλιπες
2837 3258 2884 3292 ⁸)
2913 3242 3007 3294 καὶ
3037 3242 3220 3304 πάλιν,
3246 3259 3263 3292 ι
3291 3240 3424 3305 Θεὸς
3441 3239 3520 3302 εἷς
3552 3241 3703 3294 (xtr-

2119 3355 2214 3392 σεν
2262 3338 2409 3406 ἡμᾶς
2437 3351 2450 3366 ·
2506 3354 2524 3386 ι
2585 3335 2708 3396 καὶ,
2747 3339 2767 3384 ἰ
2822 3333 3012 3404 Πατὴρ
3057 3326 3136 3394 εἷς
3177 3333 3398 3386 πάντων
3447 3333 3623 3402 ἡμῶν.
3666 3350 3685 3382 ο

2133 3431 2272 3486 Ἀλλ’
2302 3431 2350 3484 εί
2396 3430 2492 3483 καὶ
2522 3428 2694 3482 ταῦτα
2723 3427 2940 3498 εἴρηται
2971 3427 3098 3498 περὶ
3130 3426 3356 3480 ἐκείνων
3376 3467 3390 3492 ,
3426 3426 3574 3496 ὅμως
3603 3425 3701 3478 οὐ·

2119 3525 2230 3588 δεὶς
2256 3523 2486 3594 εὓρηται
2517 3522 2575 3574 ἐν
2609 3521 2884 3590 προσευχῇ
2910 3518 3146 3582 καλέσας
3175 3519 3388 3588 πατέρα
3417 3517 3507 3570 τὸν
3538 3516 3697 3580 Θεὸν,

2118 3616 2308 3683 ὥσπερ
2332 3613 2426 3668 νῦν
2457 3613 2618 3685 ἡμεῖς
2647 3611 2849 3672 πάντες
2882 3609 3020 3679 μετὰ
3043 3611 3103 3663 τὸ
3137 3608 3438 3678 βάπτισμα.
3488 3609 3702 3671 Ἄλλως

2117 3728 2200 3770 τε,
2237 3711 2286 3761 εί
2323 3708 2418 3761 καὶ
2455 3706 2722 3760 ὲκάλεσάν
2757 3719 2884 3758 ποτε
2919 3705 3128 3758 ἐκεῖνον
3147 3705 3192 3736 δ’
3219 3745 3233 3770 ,
3265 3701 3380 3756 ἀλλ’
3405 3702 3464 3769 ἐξ
3491 3703 3700 3767 οἰκείας

2116 3799 2394 3863 διανοίας·
2425 3798 2477 3851 oi
2513 3797 2570 3851 δὲ
2620 3797 2803 3850 πιστοὶ
2854 3795 2919 3849 ἐκ
2969 3793 3346 3864 πνευματικῆς
3393 3793 3700 3861 ἐνεργείας.

2121 3892 2332 3960 Ὥσπερ
2366 3888 2473 3958 γὰρ
2515 3886 2673 3955 ἴσμεν
2713 3885 2774 3938 τὸ
2809 3884 3034 3955 Πνεῦμα
3069 3885 3167 3953 τῆς
3202 3884 3562 3954 προφητείας,
3603 3885 3700 3951 ἀφ’

2117 3975 2193 4033 ὧν
2230 3983 2256 4034 ὁ
2288 3979 2470 4033 λαϐὼν
2504 3978 2634 4032 αὐτὸ
2675 3977 2932 4048 προλέγει
2977 3979 3045 4032 τὰ
3093 3977 3356 4048 μέκλοντα
3379 3991 3395 4008 ⁸
3423 3975 3566 4029 οὕτω
3601 3978 3702 4028 καὶ

2117 4074 2343 4142 Πνεῦμα
2375 4071 2646 4134 υἱοθεσίας
2676 4071 3021 4140 γνωρίζεται,
3053 4071 3148 4138 ἀφ’
3177 4063 3254 4124 ὧν
3283 4070 3311 4122 ὁ
3342 4066 3518 4122 λαεὼν
3543 4067 3697 4132 αὐτὸ,

2119 4167 2337 4236 πατέρα
2375 4165 2528 4221 καλεῖ
2564 4163 2657 4217 τὸν
2691 4163 2825 4217 Θεὸν
2851 4203 2866 4226 ,
2897 4163 3002 4216 ὑπὸ
3032 4162 3124 4216 τοῦ
3170 4162 3487 4231 Πνεῦματος
3518 4160 3702 4214 κινοῦν

2121 4274 2302 4327 μενος.
2341 4255 2437 4308 Ἐν
2469 4256 2578 4324 γὰρ
2609 4256 2704 4308 καὶ
2745 4252 2904 4308 τοῦτο
2941 4254 3049 4306 τῶν
3095 4254 3191 4307 τοῦ
3229 4253 3549 4324 Πνεῦματος
3596 4271 3702 4322 χα-

2120 4348 2402 4418 ρισμάτων
2426 4386 2442 4413 ,
2475 4346 2665 4417 ὥσπερ
2690 4339 2782 4398 οὖν
2815 4344 2913 4398 καὶ
2943 4343 3105 4408 αὐτὸς
3138 4343 3393 4415 ἐπιφέρει
3424 4343 3625 4412 λέγων’

2193 4540 2212 4576 ι
2252 4520 2392 4574 Αὐτὸ
2429 4521 2538 4592 γὰρ
2563 4521 2624 4575 τὸ
2657 4521 2883 4592 Πνεῦμα
2910 4523 3297 4594 συμμαρτυρεῖ
3318 4520 3394 4592 τῷ
3426 4521 3700 4592 πνεύματι

2118 4613 2275 4683 ἡμῶν
2294 4653 2309 4678 ,
2339 4614 2422 4665 ὅτι
2451 4612 2617 4682 ἐσμὲν
2646 4614 2811 4667 τέκνα
2839 4613 2993 4670 Θεοῦ.
3028 4633 3047 4666 ι
3079 4616 3248 4678 Αὐτὸς
3279 4618 3306 4668 ὁ
3334 4616 3699 4686 Παράκλητος

2121 4707 2505 4775 συμμαρτυρεῖ
2540 4705 2619 4776 τῷ
2657 4707 2958 4778 χαρίσματι
2991 4707 3068 4777 τῷ
3114 4708 3382 4780 δεδομένῳ
3427 4712 3582 4780 ἡμῖν.
3619 4712 3696 4764 Οὐ

2119 4793 2228 4863 γὰρ
2254 4793 2608 4863 φθεγγόμεθα
2645 4796 2744 4863 μὲν
2773 4797 2833 4848 τὸ
2861 4796 3032 4850 ’Λϐϐᾶ
3059 4799 3238 4866 ἡμεῖς,
3266 4800 3604 4871 ἀμαρτύρως
3634 4801 3696 4853 δέ

2121 4886 2214 4938 καὶ
2247 4886 2339 4953 ἀφ’
2379 4886 2610 4950 ἑαυτῶν,
2633 4887 2769 4941 ἀλλὰ
2801 4887 2892 4940 τοῦ
2935 4888 3296 4959 Παρακλήτου
3336 4891 3484 4943 ἐστὶν
3519 4893 3550 4960 ἡ
3593 4891 3698 4944 δω-

2120 4975 2242 5043 ρεὰ,
2295 4976 2387 5028 καὶ
2423 4976 2586 5038 αὐτὸς
2613 4976 2852 5041 ἐδίδαξεν
2903 4979 3050 5047 ἡμᾶς
3089 4979 3176 5031 διὰ
3222 4978 3314 5031 τοῦ
3351 4979 3693 5049 Πνεῦματος,

2115 5067 2359 5120 τουτέστι
2384 5068 2430 5100 ⁸⁸
2455 5108 2470 5130 ,
2523 5069 2616 5121 τοῦ
2671 5071 3045 5140 χαρίσματος,
3078 5069 3222 5123 οὕτω
3253 5071 3590 5139 φθέγγεσθαι
3634 5074 3695 5124 ἐν

2116 5165 2234 5225 ταῖς
2263 5165 2617 5232 προσευχαῖς.

2195 5275 2214 5306 ι
2256 5257 2316 5309 Ei
2353 5256 2408 5309 δὲ
2455 5256 2621 5309 τέκνα
2645 5297 2660 5320 ,
2697 5256 2788 5308 καὶ
2821 5255 3151 5327 κληρονόμοι
3177 5270 3193 5288 ⁶
3227 5256 3553 5328 κληρονόμοι
3589 5253 3698 5323 μὲν

2117 5347 2274 5410 Θεοῦ,
2300 5348 2739 5418 συγκληρονόμοι
2765 5348 2822 5402 δὲ
2846 5350 3108 5418 Χριστοῦ.
3144 5369 3161 5400 ι
3191 5349 3490 5418 Ἐπειδὴοῦ
3517 5348 3698 5402 πάντα

2121 5441 2190 5492 τὰ
2239 5439 2407 5494 τέκνα
2443 5439 2809 5513 κληρονόμοι,
2859 5441 3172 5507 δείκνυσιν,
3242 5443 3324 5495 ὅτι
3376 5443 3546 5511 mter:
3599 5439 3698 5493 καὶ

523 5561 553 5593 κ
577 5553 683 5613 lsa.
713 5570 750 5625 t,
772 5557 828 5614 2.
901 5569 930 5612 1
957 5561 1129 5620 Exod.
1161 5580 1233 5635 tv,
1257 5565 1348 5624 25.
1429 5579 1450 5607 κ
1474 5568 1580 5624 lsa.
1621 5587 1704 5638 ιιι,
1735 5572 1830 5627 9.0.
1906 5587 1930 5614 α
1969 5571 2017 5627 Di

2121 5591 2326 5639 lxxx",
2374 5577 2457 5632 18.
2539 5577 2568 5618 b
2609 5576 2844 5634 Maliaci).
2925 5596 2961 5634 It
3021 5577 3100 5633 Hi.
3179 5590 3202 5619 θ
3239 5578 3533 5650 RphCSJV,
3560 5581 3614 5635 6.

1777 5685 1976 5746 Varim
2000 5685 2328 5749 lectiones.

519 5769 573 5810 ⁵³
599 5775 727 5848 γάρ.
803 5777 851 5812 ³⁸
882 5779 1131 5847 κολάσεις
1165 5798 1238 5838 m.
1316 5783 1361 5816 "
1391 5783 1673 5853 εὖγενέσιν
1725 5786 1984 5857 άνδρασιν
2018 5807 2088 5844 :n.
2167 5790 2212 5822 ⁸⁸
2243 5805 2541 5844 τεκνωνιιι.
2619 5790 2663 5822 ⁸⁷
2708 5789 2794 5843 ἵσ.
2839 5790 3054 5846 ἐκεινοι.
3131 5792 3174 5823 ⁸⁸
3223 5789 3339 5862 ἦτοι
3393 5807 3445 5848 ο.
