4038 6580
383 385 502 452 445

1206 393 1610 456 EXPOSITIO
1650 396 1730 457 ΙΝ
1773 395 2010 456 EPlST.
2055 397 2154 457 AD
2190 399 2372 464 R031.
2402 404 2640 467 ~CAP.
2681 408 2849 469 VIII.

3525 414 3632 477 446

382 502 560 557 τέκνα
585 500 679 555 καὶ
709 500 1056 574 κληρονόμοι.
1109 505 1324 578 Ἐπειδὴ
1357 510 1403 541 ³⁸
1433 508 1488 561 δὲ
1522 510 1581 561 οὐ
1611 510 1811 572 πάντες
1840 510 1970 579 κλη-

2075 528 2214 576 csse,
2256 527 2308 568 ct
2336 517 2596 572 ha‘rcdes.
2633 517 2764 585 Quia
2801 535 2928 574 vero
2966 533 3068 577 non
3102 535 3291 578 omnes
3319 537 3630 593 magnorum

387 594 614 664 ρονόμοι
662 593 772 646 eici
818 595 1074 663 μεγάλων
1117 598 1496 669 πραγμάτων,
1539 600 1839 665 δείκνυσιν,
1880 601 1962 653 δτι

381 687 488 739 καὶ
518 687 728 756 μεγάλα
744 687 1211 759 κληρονομοῦμενο
1239 709 1258 742 ι
1279 691 1412 744 Θεοῦ
1435 693 1540 762 γὰρ
1565 691 1911 763 κληρονόμοι.
1935 709 1955 742 ι

381 779 582 844 Πάλιν,
637 781 824 850 ἐπειδὴ
860 781 975 836 ἔστι
1012 784 1108 836 καὶ
1141 783 1510 853 κληρονόμους
1545 780 1706 850 εἶναι,
1736 784 1794 836 οὐ
1827 785 1962 837 πάν-

381 886 498 931 τως
519 869 576 922 δὲ
594 870 671 940 τῷ
690 873 986 940 Μονογενεί
1016 875 1498 946 συγκληρονομεῖν.
1529 881 1714 950 φησὶν,
1748 882 1829 935 ὅτι
1867 882 1960 936 καὶ

381 959 551 1014 τοῦτο
568 961 780 1032 ἔχομεν·
816 983 835 1015 ι
860 965 1299 1037 Συγκληρονόμοι
1326 968 1432 1040 γὰρ
1457 962 1688 1041 Χριστοῦ
1721 975 1908 1045 ἐσμεν.
1933 991 1952 1026 ι

469 1156 487 1187 ι
529 1139 702 1210 Εἴπερ
731 1143 1145 1213 συμπάσχομεν,
1183 1146 1270 1198 ἵνα
1301 1146 1396 1200 xui.
1436 1149 1894 1224 συνδοξασθῶμεν.
1934 1175 1953 1207 ι

381 1230 595 1296 Εἰπὼν,
623 1234 704 1285 ὅτι
735 1236 1167 1306 συγκληρονόμοι
1193 1240 1430 1309 Χριστοῦ
1461 1244 1958 1314 ὲσόμεθαςδείκνυ-

382 1341 505 1386 σιν,
545 1325 628 1377 δτι
688 1325 925 1392 εὐλόγως
980 1327 1170 1382 τούτου
1203 1330 1527 1401 τευξόμεθα.
1593 1334 1652 1386 '0
1695 1335 1801 1405 γὰρ
1833 1339 1958 1401 τοὺς

378 1417 542 1469 οὐδὲν
594 1419 1025 1488 κατωρθωκότας
1077 1421 1354 1486 τοσούτοις
1399 1424 1624 1491 ἀγαθοῖς
1672 1427 1958 1500 φιλοτιμη-

381 1509 654 1575 σάμενος,
700 1510 828 1563 ὅταν
882 1511 968 1583 ῐδῃ
1006 1512 1178 1566 πολλὰ
1239 1517 1616 1586 πονήσαντας,
1672 1519 1789 1584 πῶς
1837 1521 1958 1592 οὐχὶ

379 1598 592 1673 μᾶλλον
616 1600 951 1673 ἀμείψεταις
981 1601 1152 1661 Τοῦτο
1176 1604 1230 1660 δὲ
1267 1607 1430 1676 ποιεῖ,
1463 1607 1538 1672 ὡς
1567 1608 1632 1664 ἂν
1665 1611 1739 1682 μὴ
1772 1613 1958 1681 αἰσχύ-

377 1713 587 1748 νωνται
619 1697 669 1749 οί
697 1697 1068 1765 λαμὸἀνοντες
1095 1700 1194 1770 τὴν
1219 1701 1448 1771 δωρεὰν,
1479 1703 1553 1758 ὡς
1585 1704 1795 1765 ἀπόνως
1822 1704 1958 1756 ταύη

376 1803 488 1853 την
512 1786 880 1856 λαμσάνοντες
903 1790 971 1844 ’⁸.
998 1791 1146 1854 Πλὴν
1174 1793 1386 1857 σκόπει,
1414 1795 1496 1846 ὅτι
1526 1794 1758 1849 ἐνταῦθα
1789 1797 1954 1849 αἰνίτ-

2073 606 2334 660 bonorum
2367 609 2738 665 haereditatem
2791 614 3013 679 adeunt,
3047 616 3282 671 ostendit
3320 617 3458 684 quod
3514 632 3632 670 ma-

2071 714 2298 767 gnorum
2353 701 2516 756 etiam
2591 704 2963 760 haereditatem
3022 707 3365 762 consecuturi
3443 707 3632 761 simus.

2074 808 2095 840 ι
2131 789 2260 842 Nam
2293 792 2386 845 Dei
2434 808 2620 847 sumus
2651 794 2912 850 hmredcs.
2949 814 2967 849 ι
3017 795 3243 861 Rursus,
3295 797 3635 866 quandoqui-

2069 881 2188 932 dem
2246 881 2358 934 fieri
2411 892 2608 949 porest,
2652 897 2708 936 ιιι
2758 885 2999 940 Ιιοετειίοε
3035 887 3240 954 simus,
3295 900 3394 941 nec
3455 898 3630 941 tamen

2063 974 2288 1025 mnnino
2329 974 2500 1029 simus
2554 975 2848 1044 Unigenito
2884 977 3216 1039 cohzeredv-s,
3265 979 3340 1032 ait
3388 978 3530 1048 quod
3580 987 3633 1032 et

2071 1068 2169 1120 hoc
2199 1067 2461 1120 habemus
2495 1085 2508 1121 :
2549 1086 2566 1119 ι
2607 1067 2928 1124 Cohaeredes
2960 1072 3100 1122 enim
3136 1067 3334 1123 Christi
3363 1085 3566 1124 sumus.
3608 1088 3626 1120 ι

2147 1178 2164 1210 ι
2201 1159 2256 1212 Si
2290 1171 2471 1214 tamen
2503 1160 2884 1227 compatiinnr,
2919 1173 2974 1215 ut
2997 1172 3050 1215 et
3077 1161 3566 1230 c0ngloriiiccmur.
3605 1179 3624 1212 ι

2064 1249 2198 1305 Cum
2237 1251 2482 1316 dixisset,
2521 1251 2721 1306 Christi
2757 1268 2856 1308 nos
2885 1254 3199 1308 cohaerech
3231 1253 3364 1316 fore,
3399 1253 3630 1306 Ostendit

2065 1357 2166 1396 nos
2215 1343 2353 1396 istud
2410 1359 2515 1396 non
2568 1345 2686 1398 sine
2721 1359 2884 1398 causa
2938 1353 3306 1398 asseruiuros.
3349 1342 3447 1408 Qui
3484 1344 3628 1396 enim

2067 1450 2188 1502 nos,
2224 1449 2343 1492 cum
2376 1436 2508 1492 nihil
2537 1437 2710 1492 adhuc
2738 1436 2862 1490 boni
2890 1436 3135 1504 rectique
3164 1434 3629 1504 praestitissennis,

2065 1529 2232 1582 tantis
2269 1530 2422 1584 bonis
2461 1527 2776 1593 honorarit;
2811 1528 3078 1599 quomodo
3111 1541 3219 1581 non
3255 1525 3491 1595 praemiis
3521 1540 3631 1576 ma-

2060 1621 2272 1690 jorihns
2315 1619 2660 1686 dignabitur,
2716 1635 2839 1675 cum
2903 1635 3000 1674 nos
3055 1617 3282 1673 multum
3355 1615 3631 1672 laborasse

2067 1713 2294 1767 viderit?
2324 1711 2435 1766 lloc
2473 1721 2652 1765 autem
2682 1711 2812 1781 agit,
2847 1723 2911 1764 ne
2947 1709 3221 1780 pudeilant
3247 1709 3279 1761 ii
3308 1708 3396 1777 qui
3430 1709 3626 1760 donum

2065 1801 2358 1871 accipiunt,
2393 1811 2649 1871 tanquam
2684 1803 2821 1856 citra
2883 1801 3120 1855 laborem
3172 1801 3466 1869 accipiant.
3521 1797 3626 1852 Ve-

377 1893 561 1938 τεται,
596 1881 712 1943 πῶς
744 1881 824 1933 δεῖ
853 1881 943 1934 τὸν
969 1882 1268 1946 ἀξιωθέντα
1292 1884 1562 1938 τοσούτων
1602 1887 1819 1956 δωρεῶν
1866 1889 1960 1940 καὶ

2066 1905 2370 1948 rumtanicn
2404 1891 2675 1963 perpende
2709 1903 2885 1947 tecum
2932 1892 3073 1962 quod
3107 1892 3193 1946 hic
3246 1889 3446 1957 innuit,
3500 1905 3632 1958 quo-

378 1971 469 2033 είς
509 1971 654 2042 πάθη
687 1972 781 2026 καὶ
810 1975 892 2036 είς
921 1974 1206 2039 κινδύνους
1233 1977 1428 2032 ἑαυτὸν
1457 1978 1746 2034 ἐκδιδόναι.

466 2165 486 2198 ι
528 2148 828 2219 Λογίζομαι
873 2149 982 2222 γὰρ
1015 2152 1097 2206 ὅτι
1125 2153 1226 2206 οὐκ
1261 2149 1384 2218 ἄξια
1423 2155 1494 2208 τὰ
1527 2155 1826 2226 παθήματα
1866 2159 1961 2213 τοῦ

378 2236 484 2291 νῦν
514 2241 704 2310 καιροῦ
745 2242 883 2312 πρὸς
919 2242 1018 2313 τὴν
1054 2243 1352 2312 μέλλουσαν
1380 2245 1538 2309 δόξαν
1564 2247 1957 2320 ἀποκαλυφοῆ⁴

380 2347 475 2382 ναι
513 2332 593 2394 εἰς
621 2333 790 2400 ἡμᾶς.
813 2352 829 2384 ι
853 2332 1069 2401 Ἐπειδὴ
1102 2333 1284 2398 εἶπεν,
1317 2337 1401 2389 ὅτι
1429 2355 1448 2388 ι
1478 2337 1904 2409 Συμπάσχομεν,
1935 2359 1955 2393 ι

381 2420 484 2474 ἵνα
521 2422 593 2491 μὴ
627 2423 914 2494 ἀποκνήσῃ
946 2425 974 2477 ό
1011 2425 1304 2495 ἀκροατὴς,
1339 2427 1413 2490 ὡς
1447 2428 1540 2480 ἐπὶ
1569 2429 1848 2494 κινδύνους
1880 2430 1962 2496 ἐξ·

381 2513 674 2583 αγόμενος,
727 2516 822 2568 καὶ
872 2517 955 2579 είς
1001 2517 1150 2588 πάθη
1177 2519 1621 2590 περιελκόμενος,
1655 2524 1840 2592 φησὶν,
1880 2525 1962 2578 ὃτι

377 2601 480 2674 Μὴ
522 2604 816 2678 δειλιάσῃς.
872 2625 892 2659 ι
949 2607 1062 2662 Οὐκ
1096 2608 1225 2674 ἄξια
1254 2612 1364 2682 γὰρ
1411 2611 1821 2686 τὰπσθήματα
1864 2616 1960 2670 τοῦ

378 2697 482 2750 νῦν
507 2699 720 2769 καιροῦ,
762 2719 782 2752 ι
817 2700 1087 2763 τουτέστι,
1119 2701 1190 2756 τὰ
1220 2705 1536 2776 πρόσκαιρα
1565 2708 1657 2760 καὶ
1685 2711 1962 2780 παρερχό-

383 2805 550 2860 μενα,
585 2808 602 2842 ι
634 2790 766 2860 πρὸς
801 2791 898 2863 τὴν
926 2791 1227 2862 μέλλουσαν
1253 2795 1702 2868 ἀποκαλυφθῆναι
1723 2801 1900 2864 δόξαν.
1935 2821 1955 2854 ι

288 2892 296 2897 ‘
381 2881 504 2933 Οὐκ
532 2876 648 2934 εἷπε
669 2921 683 2943 ,
719 2881 832 2951 Τὴν
868 2882 1166 2953 μέλλουσαν
1197 2885 1379 2940 ἄνεσιν
1403 2925 1419 2950 ,
1458 2887 1624 2953 ἀλλὰ,
1659 2909 1678 2940 ι
1731 2892 1843 2962 Τὴν
1869 2893 1958 2945 66-

382 2977 507 3040 ξαν.
544 2995 561 3028 ι
597 2974 768 3030 Τοῦτο
794 2977 902 3048 γὰρ
928 2978 988 3031 τὸ
1030 2977 1203 3049 ὄνομα
1239 2981 1541 3052 ἐπέραστον
1573 2986 1686 3046 τοῖς
1723 2985 1959 3048 πολλοῖς.

382 3072 567 3124 Ὀπου
604 3070 700 3140 μὲν
744 3071 958 3133 ἄνεσις,
985 3072 1046 3124 οὐ
1081 3072 1296 3135 πάντως
1330 3072 1454 3136 δόξα
1475 3090 1486 3103 ·
1529 3075 1661 3127 ὅπου
1693 3076 1749 3128 δὲ
1790 3077 1956 3142 δόξα,

2062 1984 2222 2038 modo
2268 1993 2482 2050 Oportet
2560 1983 2725 2038 tantis
2785 1994 3104 2037 exornatum
3177 1981 3330 2036 donis
3395 1981 3628 2050 seipsnm

2059 2091 2182 2132 cum
2215 2075 2598 2129 afﬂictionibus
2632 2082 2741 2126 tum
2787 2073 3044 2142 periculis
3073 2085 3367 2140 exponere.

2135 2172 2297 2225 Vsus.
2333 2168 2421 2223 l8.
2466 2185 2484 2219 ι
2523 2167 2786 2222 Existimo
2809 2169 2952 2221 enim
2993 2165 3134 2236 quod
3171 2180 3272 2219 non
3303 2165 3412 2220 sint
3446 2164 3632 2219 condi-

2061 2277 2178 2332 gnat
2210 2262 2494 2330 passiones
2527 2253 2686 2326 hujus
2717 2257 3000 2328 temporis,
3026 2258 3091 2309 ad
3127 2256 3362 2310 futuram
3400 2257 3626 2324 gloriam

2061 2370 2180 2422 quae
2255 2353 2584 2407 revelabitur
2638 2353 2690 2405 in
2743 2352 2921 2404 nobis.
2985 2367 3004 2401 ι
3068 2348 3335 2415 Quoniam
3394 2347 3626 2407 dixerat.

2069 2465 2087 2497 ι
2128 2445 2520 2515 Compatimur,
2555 2461 2574 2496 ι
2609 2455 2677 2497 ne
2706 2451 2996 2497 cunctetur
3019 2449 3072 2493 et
3096 2441 3365 2494 detrectet
3395 2438 3626 2501 auditor,

2065 2547 2320 2608 tanquam
2385 2537 2449 2589 ad
2506 2535 2746 2606 pericula
2809 2535 3060 2598 eductus,
3121 2543 3177 2587 et
3229 2532 3293 2584 ad
3353 2530 3630 2597 passiones

2062 2633 2448 2695 circumactus,
2478 2643 2638 2694 nunc,
2659 2628 2776 2682 Noli
2809 2628 3021 2693 timere,
3045 2626 3240 2696 inquit.
3297 2645 3314 2677 ι
3351 2622 3460 2678 Non
3484 2624 3626 2678 enim

2063 2726 2240 2795 dignae
2280 2731 2403 2778 sunt
2445 2721 2765 2776 aﬂlictiones
2820 2720 2982 2789 hujus
3015 2720 3296 2786 temporis,
3339 2738 3357 2770 ι
3389 2718 3490 2771 hoc
3549 2727 3633 2769 est

2065 2816 2411 2886 temporariae
2454 2823 2528 2866 et-
2558 2813 2906 2875 transitorize,
2944 2829 2963 2864 ι
3002 2812 3066 2864 ad
3124 2809 3360 2864 futuram
3403 2807 3628 2879 gloriam

2059 2925 2180 2979 qua:
2231 2907 2582 2962 revelabitur.
2635 2924 2654 2956 ι
2693 2904 2808 2958 Non
2864 2903 3021 2966 dixit,
3079 2903 3314 2956 futuram
3370 2902 3628 2969 quietem,

2061 3001 2176 3065 sed,
2211 3013 2230 3050 ι
2261 2998 2519 3054 Gloriam.
2563 3012 2583 3048 ι
2621 2995 2824 3049 Nomen
2869 2996 3012 3048 enim
3040 2993 3203 3049 'islud
3255 2993 3520 3062 plerisque
3549 2999 3630 3044 est

2061 3093 2310 3146 amabile.
2335 3090 2468 3144 Nam
2502 3091 2588 3144 ubi
2614 3087 2786 3158 quies.
2813 3088 2884 3140 ibi
2915 3103 3019 3141 non
3045 3086 3265 3140 cumino
3292 3085 3462 3155 gloria
3492 3103 3506 3138 :
3538 3083 3630 3138 ubi

380 3164 507 3216 ἐκεῖ
550 3165 642 3217 καὶ
693 3162 896 3224 ἄνεσις.
924 3164 1023 3216 Διὰ
1055 3163 1109 3215 δὲ
1139 3163 1232 3216 τοῦ
1270 3165 1446 3218 εἰπεῖν
1481 3166 1560 3228 τὸ,
1602 3186 1620 3218 ι
1656 3168 1960 3222 Ἀποκαλυο

2067 3200 2191 3238 vero
2223 3184 2411 3251 gloria,
2440 3182 2511 3237 ibi
2546 3191 2600 3236 et
2637 3181 2811 3252 quies.
2845 3179 2914 3233 At
2958 3195 3080 3232 cum
3117 3180 3216 3242 ait,
3263 3196 3282 3229 ι
3320 3192 3440 3248 qua:
3476 3192 3631 3231 reve-

382 3257 606 3327 φθῆναι,
637 3275 655 3308 ι
678 3256 895 3321 ἔδειξεν,
920 3257 1001 3308 ὅτι
1023 3256 1116 3308 καὶ
1136 3256 1228 3308 νῦν
1246 3257 1382 3321 ἐστι,
1403 3257 1701 3327 κρύπτεται
1729 3260 1784 3312 δέ
1805 3277 1816 3288 ·
1836 3262 1958 3314 τότε

381 3351 443 3404 δὲ
462 3349 1000 3418 ἀποκαλυφθήσεται,
1028 3349 1296 3410 τουτέστι,
1331 3349 1552 3415 τελείως
1577 3352 1961 3424 φανερωθήσε-

381 3458 501 3494 ται.
521 3440 662 3492 Διότι
678 3439 787 3510 γὰρ
806 3441 1016 3508 μεγάλη
1040 3443 1175 3504 ἐστὶ,
1203 3442 1298 3495 καὶ
1320 3443 1614 3512 ἀφράστως
1642 3445 1960 3514 ὑπερϐαίνει

382 3534 480 3586 τὸν
511 3533 752 3602 παρόντα
781 3532 975 3596 αἰῶνα,
1007 3532 1096 3586 διὰ
1124 3532 1284 3588 τοῦτο
1309 3536 1428 3587 ἐκεῖ
1448 3535 1820 3605 τεταμίευται,
1849 3540 1961 3600 τοῖς

386 3624 768 3696 ἀτελευτήτοις
813 3625 1394 3696 συμπαρεκτεινομένη
1435 3625 1647 3679 αἰῶσιν.
1685 3627 1884 3694 Ὥστε,
1917 3623 1961 3680 ὦ

383 3719 668 3791 ἁκροατὰ,
718 3719 842 3781 ἐπεὶ
887 3720 983 3773 καὶ
1029 3719 1098 3774 τὰ
1147 3720 1447 3790 παθήματα
1493 3719 1587 3773 τοῦ
1637 3720 1732 3773 νῦν
1764 3721 1958 3789 καιροῦ

387 3815 564 3875 εἰσιν,
607 3812 777 3882 ἧγουν
809 3811 1162 3883 πρόσκαιρα,
1193 3811 1292 3865 καὶ
1323 3813 1356 3881 ἠ
1384 3811 1512 3876 δόξα
1543 3811 1634 3865 τοῦ
1672 3813 1960 3880 μέλλοντος

388 3905 584 3967 αἰῶνος
630 3903 726 3958 τοῦ
763 3901 1142 3970 ἀκαταλύτου,
1179 3902 1514 3975 καταφρόνει
1560 3902 1669 3956 τῶν
1704 3903 1961 3974 παθημά-

385 4012 500 4048 των
517 4035 532 4060 ,
567 3994 660 4048 καὶ
685 3996 783 4066 τῆς
809 3995 969 4062 δόξης
1001 3996 1308 4050 ἀντιποιοῦ.

464 4105 488 4143 ι
538 4085 606 4140 'H
637 4080 745 4156 γὰρ
787 4087 1194 4159 ἀποκαραδοκία
1224 4071 1324 4158 τῆς
1360 4089 1586 4153 κτίσεως
1622 4089 1720 4161 τὴν
1753 4088 1961 4143 ἀποκά-

385 4182 552 4250 λυψιν
599 4177 705 4234 τῶν
757 4177 890 4231 υἱῶν
931 4177 1026 4231 τοῦ
1071 4177 1208 4232 Θεοῦ
1264 4179 1642 4249 ἀπεκδέχεται,
1703 4199 1722 4232 ι
1779 4181 1961 4236 Θέλων

384 4274 560 4340 δεῖξαι
583 4275 650 4340 ⁸³,
678 4275 808 4346 ὅσης
838 4269 1142 4343 τευξόμεθα
1171 4269 1348 4342 δόξης,
1387 4273 1572 4342 φησὶν,
1601 4273 1682 4326 ὅτι
1702 4275 1796 4326 καὶ
1819 4275 1960 4346 αὑτὴ

383 4371 419 4438 ἡ
454 4369 632 4430 κτίσις
675 4367 770 4420 ἐπὶ
800 4365 861 4419 τδ
897 4368 1144 4437 κρεῖττον
1183 4364 1626 4435 ’ἀμειφθήσεταν
1661 4364 1766 4422 καὶ
1800 4366 1956 4442 ἑὰνὴ

382 4462 594 4526 κτίσις,
652 4460 834 4532 πολλῷ
876 4461 1076 4530 μᾶλλον
1102 4463 1285 4531 ἡμεῖς.
1334 4460 1390 4515 '0
1436 4462 1534 4529 μὲν
1567 4457 1660 4514 οὖν
1703 4460 1827 4524 νοῦς
1851 4463 1959 4516 τῶν

381 4555 696 4624 λεγομένων
749 4552 1011 4616 τοιοῦτος.
1043 4554 1222 4624 Ὅπερ
1249 4554 1304 4607 δὲ
1325 4555 1373 4606 oi
1407 4553 1687 4623 προφῆται
1721 4554 1958 4617 ποιοῦσι,
1987 4539 2038 4599 D

379 4647 512 4708 τοὺς
552 4643 831 4714 ποταμοὺς
857 4646 1015 4714 χερσὶ
1049 4643 1379 4713 κροτοῦντας
1406 4646 1738 4712 εἰσάγοντες,
1771 4646 1866 4699 καὶ
1892 4649 1959 4700 τὰ

380 4739 484 4807 δρη
517 4737 856 4806 σκιρτῶντα,
905 4737 1002 4788 καὶ
1034 4736 1303 4804 πρόσωπα
1337 4735 1596 4804 ἐμψύχων
1631 4737 1726 4789 καὶ
1764 4736 1960 4806 αἰσθη-

382 4829 555 4882 τικῶν
583 4828 766 4889 αὐτοῖς
801 4826 1180 4898 περιτεθέντες
1210 4825 1274 4897 [ἶ.
1311 4825 1574 4898 περιτιῦ.]
1597 4842 1610 4857 ·

382 4919 549 4981 αὐτὸς
579 4920 742 4980 ποιεῖ,
775 4919 868 4972 καί
889 4936 1072 4989 φησιν,
1096 4919 1179 4972 ὅτι
1195 4918 1257 4972 'H
1281 4919 1454 4982 κτίσις
1477 4921 1624 4972 πᾶσα
1643 4920 1957 4987 ἀποκαρα-

381 5009 604 5064 δοκίαν
623 5009 760 5080 ἔχει,
784 5009 1051 5074 τουτέστι,
1086 5009 1328 5079 μεγάλην
1345 5009 1676 5078 προσδοκίαν
1707 5009 1840 5077 ἔχει,
1867 5011 1954 5062 ὅτι

383 5103 484 5155 καλ⁵
516 5102 652 5171 αὑτὴ
677 5103 770 5156 ἐπὶ
799 5104 860 5156 τὸ
888 5105 1132 5170 κρεῖττον
1159 5102 1583 5173 ἁμειφθήσεται,
1607 5102 1700 5152 καὶ
1729 5101 1961 5154 ἀπεκδὲ-

382 5210 541 5264 χεται
577 5194 676 5263 τὴν
731 5194 1077 5262 ἀποκάλυψιν
1110 5193 1208 5261 τῆς
1253 5193 1412 5260 δόξης
1465 5191 1626 5261 ἡμῶν
1669 5191 1777 5244 τῶν
1830 5194 1961 5246 υἱῶν

381 5284 480 5336 τοῦ
501 5284 656 5341 Θεοῦ.
680 5285 814 5336 Τότε
832 5285 941 5352 γὰρ
966 5286 1061 5337 καὶ
1078 5281 1215 5352 αὐτὴ
1235 5281 1626 5351 δοξασθήσεται
1659 5287 1723 5353 τῇ
1745 5283 1962 5354 ἀφθαρο

383 5374 503 5444 aia,
572 5375 662 5427 ὅτε
702 5373 797 5426 καὶ
836 5375 1018 5444 ἡμεῖς.
1083 5374 1224 5426 Ὅσα
1293 5372 1387 5426 οῦν
1426 5374 1648 5437 ἀκούεις
1690 5373 1962 5442 λεγόμενα

382 5466 518 5534 περὶ
547 5466 646 5533 τῆς
672 5465 922 5529 κτίσεως,
947 5465 1022 5528 ὡς
1048 5467 1177 5539 περὶ
1205 5463 1473 5536 ἐμψύχου,
1511 5466 1962 5536 προσωποποιίας

381 5555 576 5627 τρόπῳ
607 5555 795 5626 νόμιζε
834 5556 1112 5625 λέγεσθαι.

1659 4827 1820 4879 τοῦτο
1867 4828 1961 4880 καὶ

2063 3275 2284 3339 labitur,
2326 3296 2344 3328 ι
2407 3275 2642 3329 ostendit
2688 3273 2833 3328 illam
2887 3273 3184 3331 etiamnum
3245 3283 3386 3332 esse,
3440 3283 3626 3322 verum

2062 3367 2433 3430 absconditam
2467 3384 2480 3420 :
2517 3377 2646 3419 tunc
2673 3376 2853 3417 autem
2894 3363 3238 3426 revelabitur,
3300 3360 3349 3414 id
3382 3369 3462 3414 est
3493 3373 3628 3429 per--

2062 3460 2202 3516 fecte
2254 3457 2718 3513 manifestabitur.
2759 3454 2892 3508 Nam
2922 3454 3049 3524 quia
3109 3453 3297 3531 ingens
3329 3461 3433 3516 est,
3490 3463 3629 3519 praeu

2065 3564 2305 3619 sensque
2335 3548 2593 3603 saeculum
2622 3545 2974 3600 iueiiabiliter
3009 3545 3364 3607 transcendit,
3407 3543 3526 3596 ideo
3555 3541 3626 3594 ibi

2063 3641 2374 3696 reconditur
2394 3638 2739 3706 sempiternis
2765 3645 3053 3691 coextensa
3081 3635 3310 3688 saeculis.
3346 3631 3626 3698 Quamobd

2064 3747 2200 3796 rem,
2246 3745 2288 3784 ο.
2317 3730 2552 3794 auditor,
2601 3743 2722 3783 cum
2781 3726 3104 3781 aiilictiones
3159 3725 3440 3795 praesentis
3510 3723 3625 3777 sint

2064 3822 2348 3892 temporis,
2384 3821 2436 3875 id
2497 3828 2582 3875 est
2635 3818 3026 3883 transitoriaeﬁ
3067 3817 3235 3887 gloria
3295 3828 3423 3869 vero
3457 3814 3625 3869 futuri

2063 3914 2271 3979 seculi,
2334 3926 2628 3982 numquam
2683 3910 2894 3979 scilicet
2937 3908 3242 3973 cessaturi,
3306 3904 3627 3962 aiilicuones

2062 4017 2372 4070 contemne,
2405 4005 2740 4076 gloriamque
2772 4001 3155 4070 complectere.

2132 4101 2299 4156 Vsus.
2332 4098 2420 4153 19.
2461 4116 2480 4149 ι
2519 4095 2828 4150 Vehemens
2851 4094 2995 4148 enim
3014 4091 3348 4162 exspectatio
3365 4097 3631 4146 creatura:

2064 4192 2450 4248 revelationem
2478 4189 2711 4243 ﬁliorum
2737 4186 2827 4241 Dei
2853 4193 3155 4256 exspectat.
3190 4202 3211 4238 ι
3233 4183 3628 4238 Monstraturus

2063 4291 2319 4352 quantam
2377 4282 2547 4335 simus
2597 4279 2825 4348 gloriam
2870 4275 3234 4340 consecuturi,
3264 4274 3457 4344 inquit,
3486 4274 3628 4342 quod

2063 4372 2176 4445 ipsa
2234 4380 2485 4428 creatura
2541 4370 2594 4422 in
2653 4368 2847 4422 melius
2898 4364 3347 4435 permutabitur:
3406 4361 3549 4431 quod
3580 4361 3628 4416 si

2061 4472 2334 4526 creatura,
2373 4461 2546 4516 multo
2568 4458 2740 4530 magis
2769 4471 2888 4514 nos.
2915 4454 3204 4514 Sententia
3225 4454 3407 4526 itaque
3435 4467 3626 4508 eorum

2063 4568 2183 4623 qua
2201 4553 2472 4616 dicuntur,
2498 4560 2582 4604 est
2609 4549 2945 4618 hujusmodi.
2970 4547 3124 4614 Quod
3154 4548 3264 4617 ϐο
3284 4558 3463 4601 autem
3497 4557 3628 4616 pro-

2061 4643 2239 4714 phetis
2267 4645 2320 4697 in
2368 4657 2516 4698 more
2543 4639 2977 4706 est,utﬂumina
3021 4640 3268 4693 manibus
3312 4638 3628 4707 plaudentia

2062 4733 2429 4798 introducam,
2482 4740 2799 4799 montesque
2837 4730 3119 4794 saltantes,
3189 4745 3450 4797 personas
3503 4743 3626 4784 cum

2060 4825 2441 4884 animatorum,
2466 4832 2576 4875 tum
2606 4823 2943 4877 sensibilium
2972 4822 3102 4892 ipsrs
3122 4822 3419 4876 tribuentes
3445 4839 3457 4874 :
3485 4820 3629 4874 idem

2061 4925 2117 4968 et
2143 4914 2258 4982 ipse
2285 4914 2373 4968 hic
2400 4914 2687 4982 Apostolus
2714 4915 2844 4983 agit,
2878 4931 2999 4970 cum
3030 4915 3182 4977 dicit,
3219 4927 3430 4969 onmem
3472 4926 3629 4966 creas

2063 5015 2235 5059 turam
2274 5006 2742 5076 ἀποκαραδοκίαν,
2780 5006 2833 5061 id
2864 5017 2965 5070 est,
3009 5007 3280 5075 ingentem
3336 5012 3630 5073 exspecta-

2065 5095 2266 5148 tionem
2298 5095 2527 5160 habere,
2560 5099 2700 5167 quod
2723 5107 2777 5152 et
2810 5097 2924 5166 ipsa
2961 5097 3012 5152 in
3055 5096 3331 5151 meliorem
3357 5101 3628 5164 permute-

2058 5193 2146 5241 tur
2173 5196 2398 5253 statum,
2431 5203 2534 5243 nec
2562 5205 2667 5242 non
2695 5199 3016 5257 exspectare
3037 5186 3418 5242 revelationem
3441 5183 3631 5252 gloria:-

2058 5280 2235 5334 nostri
2275 5280 2510 5335 filiorum
2542 5280 2657 5335 Dei.
2693 5279 2832 5334 Tum
2867 5280 3100 5333 enim'et
3141 5278 3256 5347 ipsa
3289 5273 3625 5345 gloriﬁcabi<

2060 5381 2149 5426 tur
2180 5372 2716 5442 incorruptibilitate,
2769 5371 2984 5440 quando
3027 5379 3081 5423 et
3131 5383 3249 5422 nos.
3281 5366 3629 5436 Quaecunque

2059 5464 2229 5533 igitur
2255 5465 2415 5520 audis
2450 5466 2552 5521 dici
2581 5465 2646 5519 de
2686 5474 2932 5517 ereatura
2972 5469 3228 5528 tanquam
3261 5460 3326 5515 de
3354 5457 3624 5522 animato.

2059 5557 2454 5627 pr050popmiae
2491 5571 2640 5612 more
2671 5555 2778 5611 dici
2813 5553 3104 5610 arbitrare.

1699 5691 1900 5753 Variee
1933 5689 2268 5765 lectiones.

454 5815 502 5850 ⁸⁸
533 5811 656 5868 ἐπεὶ
702 5830 754 5869 o.
828 5814 874 5848 ’θ
894 5815 1144 5882 λαὸὖντες
1165 5831 1219 5874 0.
1294 5817 1336 5850 ⁹¹
1377 5815 1589 5888 μέλλων
1627 5813 1796 5881 δεῖξαι
1836 5831 1907 5873 m.
