4038 6642
368 405 470 470 447
1284 399 1860 463 THEOPHYLACTI
1891 397 2301 462 BULGARle
2333 399 2685 462 ARCIIIEP.

3507 396 3622 460 £38

444 515 608 572 Vens.
638 513 730 580 ἓθ,
764 513 856 570 ἳΙ.
905 531 923 564 ι
966 511 1207 567 Vanitati
1244 513 1388 568 enim
1422 522 1668 568 creatura
1701 511 1944 582 subjecta

2128 529 2147 566 ι
2204 513 2283 585 Τῇ
2338 512 2446 583 γὰρ
2501 511 2823 584 ματαιότητι
2877 513 2910 582 ἠ
2966 511 3142 576 κτίσις
3198 510 3467 581 ὑπετάγη,
3524 512 3631 581 οὐκ

370 616 475 672 est,
502 610 608 663 non
637 608 844 669 volens,
869 605 964 660 sed
995 614 1355 675 proptereum
1381 604 1469 673 qui
1493 604 1716 671 subjecit
1746 605 1937 673 ipsam.

2080 606 2266 668 κοῦσα.
2310 606 2448 660 ἀλλὰ
2475 606 2564 659 διὰ
2598 605 2690 658 τόν
2735 604 3082 671 ὑποτάξαντα
3116 621 3130 634 ·
3170 603 3258 656 ἐπ’
3295 603 3493 666 ἐλπίδι,
3542 604 3633 656 δτι

374 701 428 754 lu
453 715 567 770 spe,
598 701 740 770 quod
765 708 819 753 et
847 697 963 765 ipsa
997 708 1246 752 creatura
1268 697 1588 752 liberabitur
1617 713 1646 751 a
1681 699 1943 752 servitute

2083 702 2138 754 al
2169 699 2308 772 αὐτή
2332 701 2364 770 ἡ
2393 699 2572 762 κτίσις
2600 698 3094 768 ἐλευθερωθήσεται
3123 697 3232 751 ἀπὸ
3253 698 3355 768 τῆς
3379 697 3634 759 δουλείας

375 790 758 859 corruptionis,
797 791 849 844 in
903 789 1208 844 libertatem
1258 789 1442 858 gloriae
1499 789 1730 844 filiorum
1763 789 1878 844 Dei.
1918 807 1936 840 ι

2080 791 2142 860 ἧς
2159 790 2384 862 φθοράς,
2417 791 2496 854 είς
2520 789 2618 857 τὴν
2649 787 2965 857 ἐλευθερίαν
2993 791 3088 859 τῆς
3106 787 3266 859 δόξης
3285 788 3394 841 τῶν
3415 787 3634 841 τέκνων

318 877 348 920 ’θ
385 910 453 924 -‹
481 900 499 933 ι
544 881 808 948 Vanitati,
838 901 856 934 ι
898 881 1001 937 hoc
1037 882 1498 952 estcorruptioni,
1531 901 1550 934 ι
1589 883 1829 952 subjecta
1863 891 1946 937 est.

2080 883 2138 938 οῦ
2164 883 2320 938 Θεοῦ.
2353 901 2476 934 ι--ι
2502 882 2580 952 Τῇ
2615 883 2956 952 ματαιότητι,
2990 898 3009 932 ι
3048 880 3314 944 τουτέστι,
3338 883 3402 950 τῇ
3427 879 3632 951 φθορᾷ,

376 984 650 1038 creatura,
718 992 737 1026 ι
796 988 895 1044 pro
934 989 998 1028 eo
1029 975 1173 1043 quod
1226 983 1345 1039 est,
1379 975 1746 1042 corruptibilis
1804 973 1944 1028 facta

2107 978 2354 1046 ὑπετάγη
2378 977 2411 1046 ή
2442 975 2641 1037 κτίσις,
2676 991 2694 1024 ι
2716 974 2838 1026 ἀντὶ
2856 972 2977 1036 τοῦ,
2997 971 3215 1043 Φθιρτὴ
3236 971 3428 1040 γέγονε
3447 971 3539 1024 διὰ
3567 970 3634 1023 σὲ

380 1077 461 1118 cSt
491 1074 713 1135 propter
745 1075 797 1119 te
841 1065 1135 1121 hominem.
1169 1067 1341 1122 Simul
1373 1078 1536 1137 atque
1573 1071 1715 1123 enim
1749 1084 1948 1137 corpus

2083 1073 2140 1126 ὸν
2165 1072 2259 1127 ἀνθ
2271 1087 2468 1143 ρωπον.
2510 1066 2730 1138 Ἐπειδὴ
2765 1066 2872 1137 γάρ
2900 1066 3060 1136 σῶμα
3093 1064 3283 1129 ἔλαϐες
3313 1063 3508 1132 θνητὸν
3535 1066 3635 1118 καὶ

379 1153 638 1221 accepisti
698 1155 950 1219 mortale,
984 1165 1038 1209 et
1072 1155 1345 1210 alllictioni
1379 1157 1695 1223 obnoxium,
1729 1175 1847 1212 eam
1880 1161 1948 1214 ob

2080 1163 2319 1235 ιαθητὺν,
2351 1163 2438 1216 διὰ
2469 1160 2629 1214 τοῦτο
2655 1161 2751 1213 καὶ
2782 1161 2814 1228 ig
2840 1157 2914 1227 γῆ
2943 1156 3188 1219 ἀκάνθας
3223 1156 3319 1209 καὶ
3345 1154 3636 1225 τριϐόλους

380 1259 496 1297 rem
535 1253 678 1298 terra
711 1247 872 1300 etiam
910 1247 1096 1317 spinas
1139 1262 1203 1300 ae
1251 1248 1479 1304 tribulos
1515 1249 1812 1318 protulitd,
1839 1265 1952 1305 cm-

2080 1276 2270 1331 ινεγκε,
2300 1259 2391 1312 καὶ
2413 1259 2440 1310 ὁ
2465 1255 2695 1327 οὐρανὸς
2720 1251 3120 1321 παλαιούμενος
3147 1249 3387 1318 ἀλλαγῆς
3415 1246 3629 1318 χρῄζει.

382 1334 605 1404 lumque
638 1344 907 1391 vetustate
939 1337 1243 1407 squalidum
1274 1347 1330 1392 et
1350 1340 1711 1408 antiquatmn,
1738 1357 1954 1410 permu-

2080 1351 2181 1415 ιὼς
2207 1347 2300 1405 οὗν
2343 1349 2410 1403 δι’
2453 1349 2640 1418 ἕτερον
2667 1345 2882 1416 φθαρτὴ
2914 1345 3107 1412 γέγονε
3128 1343 3208 1408 ";
3237 1341 3384 1394 Διότι
3421 1341 3516 1393 καὶ
3545 1339 3638 1394 διὰ

391 1430 594 1482 latione
649 1429 872 1500 indiget.
920 1427 1100 1496 Quare
1138 1439 1316 1486 autem
1351 1441 1574 1501 propter
1613 1433 1777 1487 alium
1827 1449 1954 1489 cor-

2080 1447 2145 1499 ’δν
2172 1444 2456 1514 ἄνθρωπον
2485 1441 2621 1502 ὅλως
2654 1438 2883 1507 ὑπέστη.
2917 1435 2991 1488 Τὸ
3025 1435 3104 1498 δὲ,
3144 1453 3163 1487 ι
3209 1433 3324 1503 Οὐχ
3350 1431 3572 1497 ἑκοῦσα,
3609 1449 3631 1484 ι

393 1519 668 1588 ruptibilis
699 1520 840 1574 facta
882 1531 967 1575 est
1016 1523 1310 1577 creatura?
1338 1523 1604 1590 Quoniam
1648 1534 1702 1579 ct
1737 1537 1956 1594 propter

2080 1538 2213 1592 κιῦτο
2238 1535 2514 1607 σημαίνει,
2541 1532 2662 1586 ἀντὶ
2689 1530 2807 1595 τοῦ,
2839 1530 2940 1600 τῆς
2959 1528 3006 1562 ⁸⁸
3032 1526 3127 1580 τοῦ
3157 1525 3291 1580 Θεοῦ
3320 1527 3369 1559 ³⁵
3407 1525 3641 1594 κηδεμο-

389 1612 662 1666 hominem
701 1614 924 1668 Omnino
952 1613 1004 1666 in
1043 1630 1218 1668 rerum
1257 1625 1505 1670 naturam
1544 1617 1805 1685 producta
1839 1617 1956 1672 fuc-

387 1705 477 1759 rit.
521 1723 538 1756 ι
574 1705 689 1758 Νοιι
726 1705 912 1761 volens
957 1725 976 1758 ι
1019 1717 1225 1774 autem,
1262 1710 1532 1779 signiﬁcat
1558 1711 1738 1765 divina
1769 1712 1956 1782 provi-

385 1801 565 1852 dentia
615 1809 669 1854 et
702 1815 831 1854 cura
871 1810 1039 1855 totum
1097 1803 1198 1857 hoc
1244 1804 1574 1872 contigisse,
1629 1821 1734 1859 non
1787 1806 1956 1874 ipsius

387 1899 655 1942 creaturae
699 1891 904 1943 virtute
931 1902 985 1944 et
1036 1892 1330 1948 industria.
1369 1894 1495 1948 Tute
1527 1896 1956 1968 enimutililatis

389 1983 564 2050 gratia
598 1982 648 2035 id
682 1981 882 2036 factum
917 1995 1020 2047 est,
1054 1996 1108 2038 ut
1136 1986 1540 2054 corruptionem
1572 1989 1691 2058 ejus
1717 1991 1955 2056 intuens,

390 2075 702 2142 asperneris
735 2089 852 2127 eam
883 2079 1230 2146 animumque
1257 2080 1322 2132 ad
1359 2080 1598 2135 coelestia
1639 2083 1955 2140 transferas.

390 2163 631 2218 Audiens
660 2165 800 2231 quod
834 2165 931 2230 ait,
995 2184 1012 2217 ι
1055 2167 1110 2220 in
1147 2181 1263 2237 spe,
1310 2187 1328 2221 ι
1372 2169 1556 2224 itidem
1607 2187 1704 2242 per
1753 2189 1960 2242 proso-

390 2255 666 2322 popmiam
699 2255 940 2325 iutellige
980 2258 1193 2312 dictum
1219 2300 1233 2324 ,
1275 2262 1563 2333 omniaque
1596 2265 1678 2318 his
1738 2266 1957 2322 similia.

394 2346 518 2414 ipsa
553 2346 738 2417 itaque
779 2361 1028 2404 creatura
1107 2369 1126 2402 ι
1165 2353 1484 2410 liberabitur
1518 2374 1534 2412 :
1579 2376 1598 2409 ι
1638 2373 1742 2412 non
1787 2368 1841 2413 tu
1881 2375 1963 2415 so-

397 2437 500 2505 lus,
557 2454 741 2494 verum
797 2450 851 2495 et
893 2441 1020 2498 illud
1068 2444 1212 2514 quod
1262 2454 1313 2500 te
1359 2446 1517 2518 longe
1569 2459 1654 2502 est
1713 2450 1962 2518 inferius,

406 2539 592 2600 utpote
626 2533 978 2588 inanimatutn
1009 2546 1059 2590 et
1098 2537 1414 2596 insensibile
1458 2558 1472 2595 :
1507 2541 1670 2606 istud,
1718 2546 1961 2614 inquam,

395 2623 536 2676 bona
569 2634 745 2679 tecum
767 2627 986 2682 habebit
1007 2631 1339 2695 communia,
1356 2647 1455 2687 nec
1478 2634 1617 2688 ultra
1633 2637 1966 2708 corruptioni

395 2717 503 2772 erit
532 2717 850 2786 obnoxium,
877 2721 970 2774 sed
1000 2731 1049 2776 te
1078 2723 1398 2779 imitabitur.
1419 2727 1496 2780 Ac
1517 2731 1968 2797 quemadmodum

401 2814 451 2857 te
484 2807 820 2874 corruptibili
849 2807 1011 2874 facto,
1045 2809 1156 2878 ipsa
1187 2814 1530 2884 corruptioni
1554 2815 1793 2884 subjecta
1811 2831 1966 2877 erat:

400 2896 483 2950 sic
525 2907 578 2952 te
623 2897 766 2954 facto
815 2900 1237 2972 incorruptibili,
1285 2917 1339 2963 et
1395 2909 1512 2981 ipsa
1540 2911 1972 2983 incorruptibilis

402 2988 515 3044 ﬁet.
570 2990 627 3045 Si
682 2991 850 3062 igitur
884 3005 1135 3052 creatura
1171 3008 1392 3070 propter
1424 3009 1475 3056 te
1529 3017 1685 3072 passa
1745 3015 1843 3073 est,
1881 3017 1972 3064 tua

400 3083 566 3137 etiam
627 3084 876 3154 interest,
934 3087 1026 3144 Dei
1085 3106 1293 3158 causa,
1343 3092 1664 3152 aﬂlictiones
1709 3101 1975 3168 patienter

2057 1631 2175 1694 νίας
2205 1629 2265 1683 τὸ
2305 1628 2413 1681 πᾶν
2452 1626 2690 1694 ἐγένετο,
2727 1622 2822 1676 καὶ
2852 1622 2953 1675 οὑκ
2995 1619 3214 1691 ἐκείνης
3263 1617 3383 1672 ἐστὶ
3433 1617 3642 1687 κατόρ-

2058 1721 2218 1790 θωμα
2239 1735 2253 1752 ο
2287 1717 2426 1788 προς
2451 1716 2558 1785 γὰρ
2601 1713 2700 1785 σὴν
2728 1712 3021 1781 ὠφέλειαν,
3054 1710 3140 1764 ἵνα
3169 1710 3269 1780 τὴν
3299 1708 3506 1780 φθοράν
3539 1708 3636 1760 αὐο

2059 1814 2160 1883 τῆς
2195 1811 2358 1883 όρῶν,
2393 1809 2740 1878 καταφρονῇς
2778 1804 2970 1874 αὐτῆς,
3003 1803 3096 1858 καὶ
3123 1803 3259 1872 πρὶς
3281 1802 3373 1854 τον
3407 1800 3643 1870 οὐρανὸν

2063 1907 2212 1978 ὁρᾷς.
2243 1903 2354 1957 Καὶ
2387 1902 2468 1964 τὸ,
2528 1917 2547 1951 ι
2585 1899 2701 1952 Ἐπ’
2736 1897 2910 1951 ἑλπίδι
2951 1919 2969 1948 ι
3020 1896 3100 1958 δὲ,
3161 1895 3400 1957 ἀκούων,
3463 1910 3639 1964 προσ-

2058 1998 2367 2061 ωποποιίας
2420 1993 2616 2066 τρόπῳ
2649 1990 2884 2062 ῥηθῆναι
2939 1989 3160 2059 νόμιζε,
3214 1990 3307 2041 xal
3358 1988 3538 2041 πάντα
3570 1989 3638 2040 τά

2059 2095 2240 2163 ὃμοιαέ
2270 2091 2379 2144 Kal
2403 2087 2540 2157 αὑτὴ
2563 2082 2656 2139 οὖν
2685 2087 2718 2156 ή
2751 2083 2928 2146 κτίσις
2957 2079 3487 2151 ἐλευθερωθήσεται,
3516 2079 3640 2147 οὐχὶ

2064 2186 2128 2238 σὺ
2167 2185 2328 2255 μόνος
2350 2197 2364 2213 ·
2419 2179 2559 2234 άλλά
2603 2177 2700 2231 καὶ
2733 2175 2794 2228 τὺ
2829 2173 3256 2240 καταδεέστερόν
3290 2188 3383 2224 σου
3405 2169 3445 2234 ,'
3461 2171 3557 2224 καὶ
3583 2169 3645 2223 τὸ

2063 2277 2269 2347 ἄψυχον
2295 2273 2389 2328 καὶ
2417 2269 2742 2339 ἀναίσθητον
2763 2268 2832 2333 ’⁸,
2866 2265 2962 2319 καὶ
2994 2263 3152 2317 τοῦτο
3179 2262 3500 2332 κοινωνήσει
3534 2261 3644 2313 τῶν

2064 2368 2320 2438 ἀγαθῶν
2364 2357 2458 2419 καὶ
2487 2362 2672 2416 οὐκέτι
2712 2360 2865 2412 ἔσται
2909 2355 3145 2426 φθαρτή,
3188 2352 3301 2407 ἀλλ’
3349 2351 3648 2421 ἀκολουθή-

2067 2457 2221 2512 σεταί
2250 2472 2352 2509 σοι.
2385 2453 2498 2507 Kal
2526 2450 2739 2520 ὥσπερ,
2771 2446 2865 2500 σοῦ
2903 2443 3144 2516 φθαρτοῦ
3176 2445 3496 2515 γενομένου,
3521 2443 3644 2512 ἐγέ-

2065 2567 2187 2604 νετο
2215 2547 2430 2618 φθαρτή
2457 2561 2470 2575 ’
2505 2543 2702 2606 οὕτως,
2739 2537 3200 2611 ἀφθαρτισθέντος
3234 2554 3349 2602 σου,
3381 2537 3476 2590 καὶ
3507 2535 3645 2606 αὐτὴ

2068 2639 2594 2712 ἀφθαρτισθήσεται.
2648 2635 2711 2689 El
2750 2628 2844 2688 οὖν
2889 2633 2924 2702 ή
2972 2630 3152 2694 κτίσις
3191 2629 3361 2684 ἔπαθε
3409 2630 3497 2683 διά
3546 2630 3640 2694 σὲ,

2068 2734 2306 2807 ὀφείλεις
2332 2735 2426 2787 καὶ
2455 2734 2518 2786 σὺ
2550 2731 2779 2800 πάσχων
2801 2729 2887 2781 διὰ
2911 2725 3003 2778 τὸν
3025 2725 3158 2779 Θεὸν
3187 2726 3483 2794 ὑπομένειν
3506 2741 3520 2756 ο
3553 2723 3650 2778 καὶ

2071 2832 2119 2883 εί
2170 2827 2354 2898 ἐκείνη
2400 2823 2608 2890 ἐλπίζει
2634 2821 2995 2891 δοξασθῆναι’,
3028 2817 3209 2888 πολλῷ
3247 2817 3449 2888 μᾶλλον
3502 2814 3654 2884 ὀφεί-

2071 2921 2186 2984 λεις
2225 2919 2312 2972 σύ.
2351 2919 2564 2988 Ὠσπερ
2597 2914 2708 2986 γάρ
2733 2916 2859 2978 τοὺς
2889 2911 3111 2976 δούλους
3142 2913 3171 2965 δ
3205 2909 3387 2979 πατὴρ
3417 2905 3652 2970 στολίζει

2073 3013 2152 3075 είς
2187 3009 2344 3074 δόξαν
2396 3007 2508 3060 τῶν
2560 3006 2692 3059 υίῶν
2717 3020 2731 3035 ·
2767 3003 2910 3057 οὕτω
2949 3002 3042 3056 καὶ
3089 3000 3118 3054 ὁ
3153 3000 3288 3064 Θεὸς
3326 2998 3426 3069 τὴν
3469 2997 3652 3051 κτίσιν

2075 3108 2157 3169 είς
2186 3103 2344 3168 δόξαν
2375 3099 2555 3171 ἡμῶν.

407 3176 554 3232 ferre
590 3193 696 3235 :ac
724 3182 772 3235 si
805 3181 892 3236 illa
921 3183 1214 3252 gloriﬁcari
1243 3198 1444 3254 sperat,
1480 3199 1534 3244 tu
1563 3192 1734 3248 multo
1771 3198 1966 3267 magis.
2005 3199 2080 3257 Ut
2107 3199 2252 3253 enim
2290 3194 2530 3251 ﬁliorum
2561 3189 2732 3261 gloria
2794 3203 2984 3244 servos
3024 3194 3176 3257 pater
3246 3183 3443 3248 induit,
3491 3181 3566 3236 ita
3597 3186 3657 3236 et

402 3283 714 3327 creaturam
743 3285 927 3327 nostra
960 3276 1128 3345 gloria
1154 3279 1294 3334 Deus
1319 3283 1623 3339 exornabit.

479 3368 644 3424 Vens.
669 3371 760 3437 22,
789 3371 881 3426 9.5.
906 3391 922 3424 ι
961 3373 1176 3430 Scimus
1198 3377 1339 3430 enim
1364 3379 1505 3447 quod
1523 3382 1701 3437 omnis
1725 3395 1973 3439 creatura

2153 3397 2174 3430 ι
2219 3375 2456 3443 Οἴδαμεν
2487 3370 2597 3441 γὰρ
2621 3370 2705 3424 ὅτι
2745 3369 2892 3422 πᾶσα
2924 3367 2958 3437 ή
2987 3364 3164 3428 κτίσις
3206 3363 3524 3427 συστενάζει
3560 3360 3658 3414 καὶ

407 3466 764 3533 congemiscit
798 3475 851 3519 et
889 3466 1054 3521 simul
1102 3470 1338 3537 parturit
1385 3485 1558 3538 usque
1605 3473 1806 3532 adhuc.
1857 3476 1972 3531 Non

407 3555 581 3608 solum
602 3564 802 3620 autem,
826 3559 918 3611 sed
942 3570 995 3611 ct
1021 3559 1121 3629 ipsi
1145 3560 1412 3629 primitias
1437 3561 1671 3631 Spiritus
1695 3566 1974 3635 habentes,

408 3656 464 3701 ct
495 3661 592 3702 nos
625 3647 721 3716 ipsi
749 3651 801 3703 in
831 3651 988 3706 nobis
1014 3651 1149 3724 ipsis
1169 3655 1706 3722 gemimusJiliormn
1727 3661 1976 3730 adoptio-

410 3755 533 3794 nem
564 3751 964 3811 exspectantes,
1000 3745 1426 3814 redemptionem
1451 3752 1697 3820 corporis
1726 3754 1922 3808 nostri.
1952 3772 1971 3806 ι

413 3831 512 3886 llis
539 3835 876 3904 argumentis
903 3837 1046 3906 cogit
1070 3836 1374 3892 auditorem
1423 3842 1708 3908 prmsentia
1735 3853 1981 3898 contem-

414 3938 566 3985 nere,
608 3926 831 3993 perinde
864 3941 925 3979 ac
952 3927 998 3980 si
1033 3928 1216 3983 dicat:
1250 3927 1330 3984 Ne
1379 3929 1458 3985 sis
1511 3940 1761 3987 creatura
1805 3933 1978 4002 pejor,

413 4028 591 4082 neque
640 4014 694 4068 in
749 4016 1109 4084 praisentibus
1180 4033 1396 4073 morose
1453 4018 1794 4078 delecteris:
1851 4022 1981 4090 quin

418 4106 604 4176 potius
640 4105 986 4177 ingemiscas,
1041 4107 1182 4175 quod
1222 4108 1712 4177 impraesentiarum
1747 4111 1980 4167 futuram

415 4198 644 4266 gloriam
680 4213 786 4253 non
830 4210 1114 4254 assecutus
1163 4213 1244 4256 es.
1280 4199 1415 4254 Nam
1444 4200 1490 4256 si
1531 4211 1782 4257 creatura
1831 4203 1982 4272 inge-

419 4291 629 4356 tniscit,
669 4299 724 4345 tu
755 4290 929 4345 multo
964 4292 1137 4361 magis
1191 4293 1330 4347 idem
1363 4293 1467 4364 δι
1505 4302 1765 4363 praestare
1795 4296 1982 4353 debes.

420 4381 594 4437 Infert
630 4392 834 4448 autem,
869 4382 1013 4451 quod
1036 4392 1090 4436 et
1123 4398 1221 4437 nos
1259 4401 1277 4434 ι
1318 4385 1417 4453 ipsi
1447 4385 1720 4454 primitias
1750 4386 1988 4455 Spiritus

418 4475 700 4538 habentes,
739 4493 758 4526 ι
801 4476 902 4529 hoc
928 4483 1032 4539 est,
1064 4475 1159 4544 qui
1191 4477 1368 4529 futura
1397 4477 1748 4544 gustavimus,
1786 4497 1805 4530 ι
1836 4479 1986 4549 inge-

421 4565 725 4629 miscimus,
763 4585 785 4632 ι
825 4566 1082 4636 quoniam
1132 4582 1194 4621 ea
1249 4568 1483 4621 nondum
1542 4569 1719 4639 adepti
1774 4585 1985 4640 sumus.

2079 3471 2356 3528 συνωδίνει
2383 3469 2511 3536 ἄχρι
2541 3463 2636 3517 τοῦ
2665 3461 2781 3516 νῦν.
2812 3460 2888 3513 Οὐ
2916 3458 3077 3528 μόνον
3106 3456 3185 3518 δὲ,
3211 3455 3346 3509 ἀλλά
3377 3457 3470 3506 καὶ
3497 3455 3657 3506 αὐτοὶ

2078 3567 2176 3639 τὴν
2205 3559 2460 3629 ἀπαρχὴν
2496 3555 2591 3610 τοῦ
2630 3552 2948 3623 Πνεύματος
2977 3550 3216 3620 ἔχοντες,
3254 3547 3348 3600 καὶ
3377 3548 3538 3616 ἡμεῖς
3562 3546 3660 3597 αὖ·

2078 3658 2163 3712 τοι
2196 3656 2253 3709 ὲν
2275 3652 2487 3714 ἑαυτοῖς
2517 3647 2871 3716 στενάζομεν,
2905 3642 3181 3697 υἱοθεσίαν
3205 3639 3658 3708 ἀπεκδεχόμενοι,

2080 3752 2180 3821 τὴν
2213 3743 2595 3816 ἀπολύτρωσιν
2627 3739 2722 3793 τοῦ
2754 3737 3005 3808 σώματος
3040 3734 3220 3804 ⁴ήμῶν.
3266 3751 3285 3785 ι
3321 3733 3420 3785 Διὰ
3451 3729 3662 3783 τούτων

2081 3841 2191 3895 τῶν
2223 3840 2397 3908 λόγων
2449 3830 2854 3900 συναναγκάζει
2882 3829 2973 3883 τὸν
3007 3826 3282 3901 ἀκροατὴν
3326 3824 3663 3895 περιφρονῆ-

2085 3950 2176 3988 σαι
2204 3934 2274 3986 τά
2313 3929 2582 4000 παρόντα,
2612 3925 2813 3978 ὡσανεὶ
2850 3923 3024 3991 λέγων
3046 3939 3060 3954 ο
3100 3921 3196 3991 Μὴ
3251 3919 3383 3990 γένῃ
3411 3918 3510 3987 τῆς
3543 3917 3663 3969 κτί-

2085 4041 2224 4086 σεως
2257 4022 2479 4094 χείρων,
2527 4017 2651 4089 μηδ’
2695 4014 3159 4087 ἐμφιλοχωρήσῃς
3191 4013 3304 4075 τοῖς
3350 4008 3620 4080 παροῦσιν
3644 4025 3661 4040 ·

2084 4117 2222 4172 ἀλλὰ
2271 4114 2473 4186 μᾶλλον
2503 4111 2598 4166 καὶ
2639 4107 2927 4175 στέναξον,
2975 4106 3057 4161 ὅτι
3109 4104 3183 4178 μὴ
3226 4104 3324 4176 τὴν
3363 4102 3664 4175 μέλλουσαν

2084 4207 2242 4273 δόξαν
2273 4205 2374 4276 ήδη
2409 4203 2574 4274 ἔχεις.
2614 4200 2676 4255 Εί
2719 4197 2890 4271 γάρὴ
2943 4197 3121 4259 κτίσις
3163 4196 3441 4260 στενάζει,
3482 4193 3664 4263 πολλῷ

2090 4299 2290 4368 μᾶλλον
2319 4295 2555 4364 ὀφείλεις
2602 4290 2762 4355 αὐτὸς
2811 4290 2989 4344 τοῦτο.
3027 4287 3254 4356 Ἐπάγει
3291 4285 3369 4350 δὲ,
3392 4286 3472 4338 δτι
3503 4304 3522 4337 ι
3549 4285 3663 4338 Καὶ

2087 4391 2248 4460 ἡμεῖς
2292 4388 2445 4441 αὐτοί⁵
2476 4386 2574 4457 τὴν
2607 4382 2860 4453 ἀπαρχὴν
2878 4381 2972 4435 τοῦ
2998 4380 3313 4450 Πνεύματος
3353 4378 3571 4447 ἔχοντες
3590 4415 3604 4438 ,
3635 4395 3655 4429 ο

2086 4481 2357 4545 τουτέστι,
2376 4479 2484 4534 τῶν
2513 4477 2814 4547 μελλόντων
2841 4473 3194 4544 γευσάμενοι,
3216 4489 3234 4522 ι
3265 4470 3616 4537 στενάζομεν,
3637 4487 3657 4520 ι

2087 4573 2222 4628 διότι
2264 4573 2336 4643 μὴ
2368 4571 2470 4641 ήδη
2504 4569 2643 4623 αῦτά
2680 4569 2877 4638 ἔχομεν
2919 4566 2988 4617 ’⁸.
3035 4563 3125 4628 Ἐξ
3153 4557 3228 4616 ὧν
3258 4562 3368 4632 γάρ
3398 4561 3662 4630 ἐλάϐομεν

422 4657 503 4711 Ex
528 4656 594 4710 iis
611 4655 753 4710 enim
784 4656 1114 4726 spiritalibus
1141 4659 1296 4712 donis
1328 4673 1446 4727 quae
1476 4659 1783 4729 accepimus
1835 4660 1975 4730 (nam

2091 4661 2474 4734 πνευματικῶν
2503 4660 2859 4731 χαρισμάτων
2887 4656 3084 4728 (ταῦτα
3099 4654 3258 4724 γὰρὴ
3287 4652 3665 4722 ἀπαρχὴ),καὶ

422 4747 538 4802 haec
579 4757 707 4803 sunt
737 4725 1031 4818 primitiae),
1069 4750 1228 4804 etiam
1283 4725 1356 4803 de
1395 4749 1591 4803 futuris
1609 4725 1975 4820 conjecturam

2091 4755 2162 4809 τά
2214 4725 2474 4825 μέλλοντα
2504 4725 2961 4821 ⁷τεκμαιρόμεθα.
3016 4743 3170 4811 Elea,
3204 4746 3290 4798 ἵνα
3328 4745 3402 4814 μὴ
3441 4744 3513 4814 δῷ
3555 4746 3667 4807 τοῖς

424 4839 678 4894 facimus.
716 4839 941 4906 Deinde,
977 4854 1044 4894 ne
1077 4841 1166 4894 det
1206 4841 1476 4896 haereticis
1508 4842 1847 4895 occasionem
1906 4842 1990 4895 di-

425 4932 606 4999 cendi,
642 4933 776 5000 Quia
822 4933 1051 4986 mundus
1107 4933 1207 4986 iste
1250 4931 1426 4988 malus
1454 4941 1556 4999 est,
1588 4942 1877 5003 eapropter
1907 4933 1992 4987 in-

427 5025 818 5095 gemiscimus:
862 5042 881 5075 ι
922 5022 1179 5079 Filiorum
1224 5025 1567 5091 adoptionem
1589 5033 1992 5095 exspectantes,

426 5117 625 5187 inquit,
654 5117 940 5186 gemimus.
977 5134 997 5166 ι
1044 5115 1121 5169 Ac
1163 5116 1454 5185 quomodo,
1498 5130 1622 5168 cum
1655 5115 1766 5183 jam
1807 5129 1995 5169 sumus

429 5209 696 5279 adoptati,
751 5207 912 5262 aliam
955 5222 1148 5262 rursus
1199 5207 1542 5275 ad0ptionem
1579 5204 1998 5274 prazstolamuri

429 5301 546 5365 Nze,
579 5301 787 5370 inquit,
823 5299 1167 5369 adoptionem
1221 5298 1363 5363 dico,
1409 5311 1515 5350 non
1565 5311 1682 5350 eam
1735 5308 1858 5364 qua:
1904 5309 2001 5363 per

439 5391 716 5461 baptisma
762 5388 996 5458 obtingit
1038 5389 1202 5458 (hanc
1247 5388 1390 5442 enim
1429 5389 1538 5451 jam
1591 5393 1749 5438 antea
1787 5386 2000 5452 accepi-

430 5483 600 5552 mus),
633 5482 725 5537 sed
744 5480 1036 5550 perfectam
1062 5481 1284 5551 gloriam
1318 5480 1371 5533 in
1397 5477 1640 5546 corporis
1666 5474 1998 5544 incorrupti-

499 5598 681 5656 dGcn.
706 5613 790 5665 ιιι,
818 5598 885 5656 18
913 5616 930 5667 ;
958 5599 1096 5656 Psal.
1132 5601 1207 5662 ci,
1234 5598 1325 5654 26.

2095 4843 2388 4912 αίρετικοϊς
2434 4839 2712 4910 ἀφορμὴν,
2745 4839 2828 4891 ὅτι
2873 4837 2962 4891 διὰ
2993 4835 3055 4889 τὸ
3104 4830 3246 4888 εἶναι
3286 4833 3524 4904 πονηρὸν
3575 4832 3669 4885 τὸν

2097 4937 2324 5006 κόσμον,
2367 4934 2456 4988 διά
2483 4932 2640 4986 τοῦτο
2676 4930 3026 5000 στενάζομεν,
3064 4927 3251 4998 φησιν,
3281 4927 3362 4980 ὅτι
3406 4945 3424 4976 ι
3477 4925 3668 4979 Υἱοθε-

2101 5029 2224 5083 σίαν
2247 5025 2696 5095 ἀπεκδεχόμενοι.
2738 5042 2756 5075 ι
2778 5024 2892 5076 Καὶ
2915 5023 3032 5084 πῶς
3058 5022 3108 5074 οί
3130 5022 3231 5092 ἤδη
3268 5020 3669 5089 υίοθετηθέντες

2102 5119 2264 5171 πάλιν
2313 5116 2510 5186 ἑτέραν
2552 5113 2921 5185 ἐκδεχόμεθα;
2967 5111 3104 5178 Ναὶ,
3155 5114 3358 5182 φησιν,
3399 5111 3670 5163 υἱοθεσίαν

2095 5208 2272 5275 λέγω,
2312 5207 2374 5260 οὐ
2416 5207 2517 5275 τὴν
2563 5205 2652 5258 διά
2701 5205 3078 5274 βαπτίσματος
3124 5202 3364 5272 (ταύτην
3409 5201 3516 5272 γάρ
3569 5201 3669 5270 ἤδη

2096 5296 2364 5366 ἐλάϐομεν
2383 5297 2424 5367 ),
2455 5295 2594 5350 ἀλλά
2617 5296 2716 5366 τὴν
2748 5294 2962 5349 τελείαν
2989 5293 3148 5359 δόξαν
3177 5293 3275 5364 τὴν
3303 5293 3360 5344 ὲν
3395 5293 3672 5363 ἀφθαρσίᾳ

2095 5387 2192 5441 τοῦ
2233 5387 2502 5458 σώματος.
2554 5386 2728 5441 Τοῦτο
2782 5387 2892 5457 γάρ
2957 5387 2992 5454 ή
3049 5383 3227 5437 τελεία
3273 5383 3670 5453 ἀπολύτρωσις,

2097 5477 2382 5550 ἐλευθερία
2426 5495 2486 5531 τε
2520 5478 2613 5532 καὶ
2643 5476 2932 5548 ἀπαλλαγὴ
2946 5477 2989 5510 ³⁷
3023 5474 3114 5529 τοῦ
3151 5474 3384 5529 θανάτου
3413 5475 3506 5526 καὶ
3562 5474 3672 5526 τῶν

1761 5693 1965 5754 Variae
2014 5690 2346 5755 lectiones.

507 5801 554 5834 ⁸³
584 5798 801 5868 ἐγένετο
828 5812 882 5852 o.
958 5797 1004 5830 ”
1056 5797 1143 5851 Ῐσ.
1195 5797 1277 5849 ὅτι
1329 5796 1427 5866 τῆς

442 5873 620 5928 τελεία
644 5868 925 5940 ἐλευθερία
948 5869 1038 5924 καὶ
1061 5868 1158 5922 ἀπ.
1203 5881 1255 5921 o.

1533 5796 1576 5828 ⁸⁵
1645 5795 1827 5868 ἀνθρώ
1837 5814 1932 5850 που
1997 5811 2052 5851 ο.

2155 5795 2199 5826 ⁸⁵
2245 5794 2489 5862 ἀνόητον.
2589 5792 2634 5826 ⁸⁵
2671 5790 2901 5862 ἔσχομεν
2932 5808 2983 5847 (ι.
3099 5789 3146 5823 ⁸⁷
3179 5792 3211 5860 ή
3243 5787 3613 5857 ἀπολύτρωσις
3643 5790 3677 5853 ἡ
