4038 6612
327 430 447 498 419

1195 431 1603 493 EXPOSITIO
1642 430 1722 492 IN
1754 429 1993 490 EPIST.
2038 427 2138 490 AD
2176 424 2360 491 ROM.
2389 427 2636 488 -CAP.
2677 425 2847 489 VIII.

3482 423 3590 489 450

332 544 570 610 παθῶν,
616 544 705 597 ὅτε
760 542 946 598 οὐκέτι
988 541 1258 614 μέλλομεν
1311 543 1620 616 στραφῆναι
1671 543 1779 598 ἀπὸ
1821 542 1922 611 τῆς

2026 541 2236 594 bilitate
2263 540 2674 596 consistentem.
2701 538 2816 594 Hoc
2846 535 2988 592 enim
3014 545 3095 593 est
3118 536 3355 607 perfecta
3375 540 3592 595 redem-

332 636 618 700 υἱοθεσίας
648 636 729 698 είς
758 633 1005 688 δουλείαν
1033 635 1131 699 τῆς
1163 635 1463 706 ἁμαρτίας.

421 917 443 950 ε
477 879 555 969 Τῇ
596 898 707 968 γὰρ
739 897 917 952 ἐλπίδι
953 899 1242 970 ἐσώθημεν
1264 917 1277 932 ·
1308 900 1462 964 ἐλπὶς
1496 900 1553 954 δὲ
1589 899 1916 970 βλεπομένη,

332 990 443 1044 οὐκ
475 990 625 1044 ἐστιν
670 991 848 1052 ἐλπίς.
921 992 988 1044 ’0
1019 992 1127 1061 γὰρ
1159 990 1348 1062 βλέπει
1398 1009 1504 1055 τις,
1541 992 1594 1044 τί
1625 992 1720 1047 καὶ
1760 992 1920 1045 τοῦτο

331 1081 592 1147 ἐλπίζεις
634 1083 697 1136 Εἰ
729 1083 786 1136 δὲ
827 1083 856 1136 ὃ
891 1085 954 1137 ού
1007 1083 1298 1154 βλέπομεν,
1331 1078 1645 1154 ἐλπίζομεν,
1689 1083 1755 1138 δι’
1788 1085 1920 1137 ὑπο-

335 1176 516 1245 μονῆς
567 1175 1009 1246 ἀπεκδεχόμεθα.
1064 1194 1084 1228 )
1141 1175 1363 1246 Ἐπειδὴ
1428 1176 1559 1247 περὶ
1613 1175 1918 1246 μελλόντων

337 1265 692 1336 πραγμάτων
713 1263 872 1334 ἔλεγε
904 1266 1019 1329 τοῖς
1042 1264 1254 1329 πολλοῖς
1276 1265 1711 1335 ἀπιστουμένων,
1745 1263 1880 1334 φησί
1902 1280 1917 1296 ο

333 1356 436 1425 Μὴ
465 1358 777 1427 ἀπιστήσῃς
805 1355 892 1422 σὺ,
909 1355 939 1408 ὁ
961 1355 1170 1420 πιστὸς,
1189 1350 1272 1419 οἷς
1298 1355 1470 1424 λέγων
1501 1354 1562 1422 ἐξ
1584 1350 1660 1408 ὧν
1683 1354 1792 1425 γὰρ
1817 1353 1916 1424 ἠδη

335 1445 559 1510 ἔλαϐες,
601 1447 897 1500 πίστευσον
944 1445 1040 1499 καὶ
1090 1445 1220 1516 περὶ
1270 1443 1380 1497 τῶν
1431 1443 1758 1516 μελλόντων.
1808 1443 1919 1496 Καὶ

336 1536 536 1608 ὥσπερ
557 1538 714 1591 οὐδὲν
734 1535 1063 1606 εἰσενεγκὼν
1096 1536 1384 1608 πρότερον,
1415 1538 1465 1590 εί
1499 1535 1574 1608 μὴ
1602 1535 1700 1607 τὴν
1735 1536 1918 1590 πίστιν

341 1632 545 1700 μόνην,
581 1632 796 1700 μεγάλα
825 1629 1017 1693 ἔλαϐες
1044 1629 1196 1700 παρά
1220 1627 1356 1684 Θεοῦ
1378 1643 1392 1658 °
1428 1628 1571 1683 οὕτω
1597 1629 1692 1683 καὶ
1724 1628 1820 1682 νῦν
1849 1631 1915 1700 τῇ

339 1723 532 1776 πίστει
559 1723 763 1794 χρῆσαι
790 1723 927 1794 πρὸς
947 1722 1047 1793 τὴν
1076 1723 1205 1794 περὶ
1233 1721 1342 1777 τῶν
1374 1721 1673 1794 μελλόντων
1701 1723 1915 1778 ἐλπίδα.

351 1813 425 1868 Ἦ
448 1816 556 1886 γὰρ
591 1814 748 1879 ἐλπὶς
779 1815 901 1869 τότε
948 1815 1142 1885 τῳόντι
1182 1813 1332 1868 ἐστὶν
1375 1813 1552 1880 ἐλπὶς,
1605 1816 1734 1869 ὅταν
1788 1815 1919 1882 περὶ

337 1907 456 1960 τῶν
488 1907 562 1978 μὴ
595 1907 944 1976 βλεπομένων
1068 1923 1087 1957 ι
1133 1907 1198 1960 ⁸0
1230 1905 1339 1976 γάρ
1364 1905 1551 1975 βλέπει
1578 1923 1684 1972 τις,
1719 1906 1774 1960 τί
1823 1908 1920 1960 καὶ
1953 1893 1995 1952 Β

337 1997 558 2062 ἐλπίζει
586 2013 602 2064 ;
647 2015 666 2049 ι
687 1998 790 2068 ’Μὴ
816 1997 994 2051 τοίνυν
1017 1995 1198 2052 πάντα
1219 1995 1451 2050 ἐνταῦθα
1469 1997 1742 2067 ζητῶμεν.
1795 2015 1813 2048 ι
1838 1996 1915 2050 Δι’

343 2089 634 2158 ὑπομονῆς
659 2107 678 2141 ι
701 2089 810 2160 γάρ
838 2105 857 2140 ι
879 2088 1292 2159 ἀπεκδεχόμεθα
1309 2087 1377 2141 τὰ
1401 2087 1681 2158 μέλλοντα.
1709 2106 1730 2140 ι
1751 2087 1917 2142 Ὑπο-

339 2184 516 2250 μονὴν
545 2180 603 2233 δὲ
635 2180 763 2234 ὅταν
785 2178 1045 2250 ἀκούσῃς,
1078 2179 1297 2247 ἀγῶνας
1326 2179 1421 2232 καὶ⁸
1450 2179 1680 2251 ἱδρῶτας
1700 2179 1807 2232 νόει
1825 2179 1919 2250 δη-

335 2270 660 2340 λουμένους.
721 2269 1048 2342 ’Υπομένειν
1081 2270 1191 2340 γὰρ
1245 2269 1450 2339 ὀφείλει
1499 2269 1528 2322 ὁ
1569 2269 1916 2340 Χριστιανὸς,

334 2360 782 2433 ἁπεκδεχόμενος
832 2362 898 2416 τά
933 2361 1010 2433 μὴ
1050 2361 1328 2434 δρώμενα,
1358 2361 1693 2432 ἐλπιζόμενα
1733 2363 1790 2418 δὲ
1824 2363 1917 2419 διὰ

334 2452 446 2522 τῆς
474 2451 730 2515 πίστεως.

421 2667 440 2700 ι
484 2647 763 2714 Ὡσαύτως
793 2648 850 2703 δὲ
889 2649 984 2704 καὶ
1008 2649 1070 2704 τὸ
1096 2649 1324 2722 Πνεῦμα
1359 2650 1917 2723 συναντιλαμϐάνεται

329 2743 467 2804 ταῖς
509 2740 818 2803 ἀσθενείαις
865 2740 1044 2810 ἡμῶν.
1088 2759 1106 2793 ι
1145 2741 1458 2812 ’Υπομονῆς
1501 2741 1876 2813 ἐμνημόνευσε
1901 2757 1918 2774 ο

335 2833 782 2904 παραθαρρύνων
800 2834 976 2887 τοίνυν
995 2835 1084 2886 τὸν
1106 2835 1400 2905 ἀκροατὴν,
1432 2834 1618 2904 φησιν,
1645 2835 1724 2886 ὅτι
1749 2851 1770 2886 ι
1809 2833 1922 2888 Καὶ

334 2929 409 2980 τὸ
461 2927 685 2997 Πνεῦμα
730 2926 1287 2997 συναντιλαμϐάνεται
1319 2946 1338 2978 ι
1382 2928 1531 2998 ἡμῖν.
1584 2926 1746 2978 Ὥστε
1843 2924 1918 2996 μὴ

337 3018 644 3090 ἀποκάμῃς
684 3019 921 3083 ἐλπίζων
973 3018 1072 3072 καὶ
1106 3019 1424 3087 ὑπομένων*
1458 3017 1643 3088 βοηθεῖ
1692 3018 1802 3087 γάρ
1835 3033 1918 3068 σοι

333 3113 410 3164 τὸ
463 3112 711 3182 Πνεῦμα,
770 3112 938 3183 μόνην
965 3111 1064 3183 τὴν
1101 3111 1294 3165 ἐλπίδα
1341 3109 1436 3162 καὶ
1491 3108 1590 3182 τὴν
1640 3108 1920 3180 ὑπομονὴν

336 3205 679 3275 εἰσφέροντι.

424 3315 443 3348 ι
483 3298 556 3348 Τὸ
598 3295 707 3364 γὰρ
732 3294 782 3347 τί
817 3293 1246 3366 προσευξώμεθα
1297 3292 1432 3347 καθὸ
1477 3292 1578 3357 δεῖ,
1625 3291 1724 3344 οὐκ
1772 3289 1917 3344 οῐδα-

344 3406 479 3458 μεν.
524 3407 544 3441 ›
591 3388 868 3451 Δείκνυσι,
903 3388 1017 3449 πῶς
1044 3386 1230 3457 βοηθεῖ
1255 3387 1314 3440 τὸ
1349 3385 1574 3455 Πνεῦμα
1604 3386 1722 3448 ταῖς
1757 3382 1918 3437 ἀσθε-

339 3479 521 3542 νείαις
548 3479 722 3550 ἡμῶν,
746 3479 838 3532 καί
861 3495 1047 3549 φησιν,
1072 3479 1152 3531 ὅτι
1177 3476 1443 3530 Τοσοῦτόν
1465 3478 1630 3544 ἐσμεν
1652 3473 1918 3540 ἀσθενεῖς,

339 3571 492 3626 ὥστε
527 3571 650 3624 οὐδὲ
673 3571 726 3623 τί
751 3571 830 3624 δεῖ
858 3567 1264 3640 προσεύξασθαι
1294 3567 1514 3636 οἱδαμεν
1538 3582 1552 3595 ο
1587 3567 1790 3629 πάντες
1811 3566 1921 3641 γὰρ

342 3665 558 3730 ἁπλῶς,
582 3664 674 3717 καὶ
705 3661 816 3732 ἐγὼ
833 3664 862 3715 ό
883 3661 1113 3724 Παῦλος.
1139 3661 1248 3714 Καὶ
1264 3661 1372 3731 γὰρ
1389 3659 1550 3722 αὐτὸς
1576 3659 1922 3730 προσηύξατο

345 3759 485 3828 περὶ
515 3756 607 3809 τοῦ
645 3757 930 3819 σκόλοπος,
961 3756 1056 3809 καὶ
1082 3755 1208 3822 περὶ
1244 3753 1340 3806 τοῦ
1387 3754 1468 3816 εἰς
1500 3751 1720 3822 Ῥώμην
1753 3751 1920 3804 ἀπελ-

345 3850 504 3902 οεῖνο
553 3850 645 3903 καὶ
694 3850 932 3918 Μωῦσῆς
984 3847 1044 3900 δὲ
1083 3847 1211 3918 περὶ
1260 3844 1355 3898 τοῦ
1403 3846 1504 3914 τὴν
1556 3841 1922 3912 Παλαιστίνην

350 3942 487 3995 ἰδεῖν
508 3958 520 3970 ·
554 3940 651 3993 καὶ
697 3938 963 4010 Ἱερεμίας
993 3938 1132 4008 ὑπὲρ
1181 3936 1449 3990 Ἰουδαίων
1495 3937 1572 4001 ’⁸-⁸
1605 3933 1922 4003 ἀγνοοῦντες

345 4029 416 4081 τὸ
435 4029 575 4082 δέον.
607 4028 792 4081 Ταῦτα
819 4028 877 4080 δὲ
907 4028 1056 4095 λέγει
1104 4025 1198 4078 νῦν
1227 4029 1253 4079 ὁ
1290 4025 1523 4090 Παῦλος,
1560 4025 1749 4095 ἐπειδὴ
1778 4023 1922 4088 εἰκὸς

344 4116 422 4191 ἦν
454 4120 578 4182 τοὺς
605 4122 665 4173 ἐν
710 4119 896 4189 Ῥώμῃ
928 4117 1174 4184 πιστοὺς,
1206 4117 1577 4187 διωκομένους
1608 4118 1704 4170 καλ⁸
1744 4115 1923 4169 θλιϐο-

353 4213 575 4282 μένους,
608 4212 794 4265 ἀνεσιν
843 4213 1038 4275 αίτεῖν,
1073 4211 1164 4262 καὶ
1197 4210 1270 4280 μὴ
1313 4209 1708 4278 λαμϐάνοντας,
1761 4224 1923 4260 σκαν-

345 4303 686 4367 δαλίζεσθαι.
736 4303 1018 4357 Δείκνυσιν
1047 4300 1162 4365 οῦν,
1201 4301 1283 4353 ὅτι
1314 4301 1430 4353 Ούκ
1455 4294 1562 4352 οἶδὲ
1611 4315 1697 4362 τις
1750 4299 1922 4351 αἰτεῖν

343 4397 412 4450 τὸ
435 4397 737 4467 συμφέρον.
779 4393 1052 4461 ὐφείλετε
1073 4388 1168 4446 οὖν
1194 4391 1486 4462 ὑπομένειν
1505 4408 1516 4418 υ
1536 4389 1596 4442 τὸ
1621 4388 1676 4442 δὲ
1700 4388 1924 4459 Πνεῦμα

350 4492 522 4559 μόνον
551 4483 683 4552 οἶδε,
713 4486 767 4540 τί
799 4485 1071 4556 συμφέρει
1101 4485 1227 4554 ὑμῖν
1246 4499 1262 4514 °
1293 4482 1374 4536 διὸ
1405 4483 1603 4550 ἐπάγει
1622 4496 1638 4512 ο

2024 635 2157 704 ptio,
2196 633 2442 694 libertas,
2469 641 2523 686 et
2553 646 2674 686 cum
2709 647 2738 684 a
2770 642 2964 696 morte,
2993 639 3103 685 tum
3128 632 3194 686 ab
3215 632 3591 690 all'ectienibns

2023 725 2295 789 liberatio,
2323 739 2443 778 cum
2475 739 2502 776 a
2533 732 2671 777 statu
2696 723 3004 792 adoptionis
3031 723 3082 776 in
3115 727 3318 794 peccati
3355 727 3590 780 servitu-

2026 827 2128 870 tem
2163 832 2268 870 nou
2295 815 2526 884 amplius
2557 815 2827 870 reversuri
2859 814 3146 869 fuerimus.

2094 907 2256 962 Vens.
2289 906 2380 971 24,
2407 905 2496 961 25.
2539 927 2556 958 ι
2590 906 2698 976 Spe
2732 923 2963 974 namque
2989 909 3190 962 servati
3223 924 3428 963 snnzus.
3458 908 3595 980 Spes

2023 1008 2210 1052 autem
2239 1013 2358 1066 quae
2394 998 2631 1065 videtur,
2666 1014 2770 1050 nou
2813 1009 2894 1067 cst
2927 1013 3069 1068 spes.
3100 999 3233 1052 Nam
3271 1001 3415 1070 quod
3450 1003 3594 1054 videt

2022 1092 2165 1158 quis,
2193 1089 2321 1158 quid
2349 1089 2528 1144 adhuc
2559 1088 2788 1158 sperat?
2825 1087 2882 1142 Si
2910 1100 3087 1143 autem
3124 1096 3265 1158 quod
3304 1106 3408 1144 non
3446 1091 3596 1145 vide-

2024 1193 2162 1243 mus,
2190 1192 2492 1244 speramus,
2517 1192 2613 1246 per
2635 1178 2959 1245 patientiam
2984 1188 3380 1246 exspectamus.
3415 1197 3432 1229 ›
3455 1181 3592 1245 Quia

2023 1269 2088 1324 de
2117 1271 2280 1324 rebus
2325 1269 2526 1324 futuris
2556 1284 2585 1324 a
2616 1270 2888 1340 plerisque
2923 1270 2974 1324 in
3001 1271 3219 1324 dubium
3248 1271 3449 1325 vocatis
3476 1284 3593 1324 scr-

2024 1374 2236 1413 monem
2258 1360 2490 1414 habebat
2516 1399 2530 1424 ,
2557 1359 2676 1414 Noli
2713 1359 2970 1424 dillidere,
3006 1359 3195 1428 inquit,
3228 1369 3281 1413 tu
3307 1363 3394 1429 qui
3424 1361 3598 1416 lidclis

2021 1465 2102 1516 es,
2140 1451 2259 1506 istis
2293 1466 2415 1520 quae
2448 1452 2611 1508 dico:
2667 1467 2732 1506 es
2792 1453 2858 1506 ils
2903 1453 3048 1506 enim
3111 1467 3229 1522 qna-
3275 1453 3386 1522 jam
3437 1459 3597 1507 antea

2021 1541 2299 1610 recepisti,
2333 1546 2399 1596 de
2435 1541 2635 1597 futuris
2683 1544 2844 1596 etiam
2892 1544 3072 1597 crede.
3122 1547 3200 1598 Ac
3239 1543 3395 1598 sicuti
3432 1554 3594 1598 antea

2023 1634 2156 1688 nihil
2183 1633 2337 1702 plane
2357 1633 2591 1689 atl‘erens
2630 1643 2826 1705 praeter
2851 1635 3030 1688 solam
3058 1635 3214 1689 lldem
3236 1675 3250 1700 ,
3285 1636 3522 1707 ingentia
3557 1653 3589 1692 a

2023 1727 2132 1782 Deo
2185 1727 2327 1782 bona
2365 1725 2624 1792 accepisti
2661 1743 2675 1780 :
2716 1726 2796 1780 sic
2839 1735 2892 1782 et
2935 1742 3074 1781 nunc
3124 1728 3229 1782 lide
3279 1738 3433 1783 utere
3463 1745 3593 1798 erga

2025 1818 2330 1873 futurorum
2360 1818 2624 1873 bonorum
2665 1832 2835 1888 spem.
2886 1818 3019 1871 Nam
3055 1833 3178 1889 spes
3231 1828 3344 1874 tum
3378 1825 3595 1876 demum

2026 1926 2213 1967 revera
2261 1921 2344 1967 est
2377 1925 2523 1980 spes,
2559 1926 2682 1966 cum
2728 1911 2794 1965 de
2837 1911 2902 1966 iis
2946 1928 3065 1981 quae
3113 1929 3218 1966 non
3270 1925 3592 1978 cernuntur,

2026 2005 2208 2060 fuerit.
2243 2024 2261 2058 ι
2293 2005 2448 2072 Quod
2498 2005 2642 2058 enim
2695 2004 2978 2074 quisquam
3029 2006 3196 2072 videt,
3231 2008 3358 2075 quid
3415 2007 3597 2063 adhuc

2024 2096 2247 2163 sperat?
2281 2113 2300 2146 ι
2328 2095 2406 2150 Ne
2439 2095 2527 2149 hic
2560 2095 2724 2165 igitur
2756 2094 2808 2148 in
2837 2095 2999 2149 terris
3023 2097 3205 2150 omnia
3235 2112 3545 2165 qumramus
3571 2115 3588 2154 :

2029 2208 2051 2242 ι
2087 2189 2190 2254 Per
2216 2189 2530 2258 patientiam
2570 2207 2592 2241 ι
2645 2189 2788 2243 enim
2834 2188 3015 2243 futura
3069 2209 3086 2241 ι
3125 2201 3528 2261 exspectamus.
3567 2208 3588 2242 ι

2025 2279 2355 2334 Patientiam
2393 2290 2574 2335 autem
2607 2297 2731 2334 cum
2769 2282 3065 2347 audiveris,
3095 2283 3416 2348 certamina,
3447 2281 3597 2336 labo-

2027 2387 2113 2426 res
2157 2382 2209 2426 et
2269 2373 2494 2428 sudores
2553 2372 2789 2442 intellige
2853 2374 3186 2426 denuntiari.
3249 2373 3598 2428 Christianus

2024 2464 2167 2518 enim
2196 2464 2466 2518 sustim-re
2510 2464 2687 2526 debet,
2739 2474 3063 2532 exspectans
3101 2479 3163 2518 ea
3194 2480 3314 2534 qua:
3355 2480 3458 2519 non
3512 2467 3596 2519 vi.

2025 2554 2240 2618 dentur,
2277 2553 2371 2606 sed
2402 2569 2463 2606 ea
2487 2569 2606 2622 quae
2637 2568 2730 2623 per
2762 2555 2919 2607 ﬁdem
2952 2561 3258 2623 sperantur.

2098 2643 2259 2699 Vens.
2283 2644 2374 2699 26.
2416 2663 2434 2696 ι
2479 2643 2745 2698 Similiter
2773 2654 2827 2698 et
2858 2644 3094 2714 Spiritus
3116 2645 3334 2715 adjuvat
3367 2645 3598 2701 inﬁrmi-

2028 2743 2195 2791 tatem
2232 2747 2499 2790 nostram.
2541 2755 2560 2787 ι
2597 2735 2880 2791 Patientia
2905 2737 3172 2792 meminit.
3199 2737 3463 2792 Animans
3490 2737 3594 2792 ita-

2025 2844 2132 2899 que
2161 2829 2488 2894 auditorem,
2524 2830 2622 2894 ait,
2652 2828 2797 2898 quod
2836 2837 2892 2883 et
2914 2827 3150 2897 Spiritus
3185 2827 3340 2882 nobis
3364 2829 3597 2897 Opitula-

2031 2932 2137 2976 tur.
2171 2920 2410 2976 Proinde
2457 2922 2730 2991 sperando
2772 2928 2828 2976 et
2866 2923 3206 2984 sustinendo,
3235 2936 3304 2976 ne
3350 2920 3595 2977 fatiscas.

2025 3009 2161 3066 Nam
2198 3012 2293 3067 tibi
2335 3012 2508 3066 solam
2541 3027 2691 3083 spem
2721 3023 2776 3068 et
2795 3012 3115 3082 patientiam
3147 3010 3390 3067 aﬂerenti
3425 3010 3600 3084 Spiri-

2027 3111 2115 3159 tus
2145 3103 2462 3174 opitulatur.

2097 3315 2117 3350 ι
2173 3295 2306 3352 Nam
2359 3297 2490 3368 quid
2520 3311 2738 3353 oremus
2765 3297 2914 3352 sicut
2946 3309 3180 3368 oportet,
3237 3298 3530 3354 nescimus.
3570 3318 3590 3353 ι

2032 3387 2284 3443 Ostendit
2323 3402 2563 3457 quanam
2601 3390 2815 3444 ratione
2847 3388 3087 3458 Spiritus
3123 3398 3408 3444 succurrat
3442 3390 3597 3444 inlir-

2023 3479 2303 3533 tttitatibus
2327 3479 2552 3547 nostris,
2584 3480 2862 3548 inquiens,
2889 3479 3037 3534 Adeo
3073 3495 3263 3533 sumus
3297 3480 3597 3535 imbecilles

2021 3587 2143 3636 nos,
2171 3581 2230 3624 ut
2269 3571 2353 3624 vel
2401 3573 2528 3640 quid
2579 3586 2738 3626 orare
2774 3573 3088 3635 debeamus,
3127 3570 3438 3641 ignoremus
3471 3589 3486 3626 :
3540 3573 3597 3626 in

2023 3663 2338 3717 universum
2367 3676 2580 3726 omnes,
2609 3663 2852 3731 adeoque
2881 3677 2980 3732 ego
3002 3661 3226 3717 Paulus.
3257 3662 3392 3716 Nam
3423 3671 3480 3717 et
3507 3663 3597 3717 ille

2024 3764 2122 3818 pro
2156 3749 2380 3803 stimulo
2412 3751 2624 3815 orabat,
2660 3760 2826 3819 atque
2863 3761 2922 3804 ut
2951 3751 3175 3804 llomam
3223 3752 3598 3818 proﬁciscere-

2025 3846 2112 3890 tur
2139 3855 2152 3890 :
2178 3834 2392 3908 Moyses
2437 3837 2590 3900 item,
2644 3848 2701 3892 ut
2733 3839 3072 3894 Palaestinam
3103 3841 3282 3894 videat
3306 3839 3599 3897 :Jeretnias

2026 3930 2151 3983 item
2182 3944 2278 3997 pro
2308 3929 2541 3994 Judazis;
2593 3922 2902 3998 ignorantes
2933 3931 3061 4001 quid
3107 3943 3469 4001 opportunum
3503 3947 3596 3988 seu
3643 4004 3651 4011 .

2027 4023 2392 4078 necessarium
2437 4034 2604 4078 esset.
2665 4021 2813 4079 llaec"
2837 4039 2965 4079 vero
3016 4025 3129 4095 jam
3174 4026 3332 4080 divus
3403 4025 3600 4082 Paulus

2024 4123 2436 4180 commemorat,
2460 4115 2600 4185 quod
2622 4115 2894 4170 versimile
2923 4125 3060 4180 erat,
3087 4116 3275 4170 ﬁdeles
3291 4116 3382 4186 qui
3415 4115 3601 4170 Roune

2025 4207 2494 4276 persecutionibus
2537 4215 2591 4259 et
2619 4206 2729 4277 62
2766 4204 3151 4262 amictiOnibus
3186 4207 3597 4276 quatiebantur,

2011 4295 2385 4356 cessationem
2418 4309 2481 4349 ac
2514 4297 2754 4364 quietem
2791 4307 2978 4364 petere
3009 4313 3024 4350 :
3056 4304 3110 4349 et
3138 4311 3264 4350 cum
3294 4311 3401 4350 non
3451 4309 3602 4350 asse-

2024 4397 2344 4456 querentur,
2394 4388 2732 4456 deSpondere
2777 4389 3020 4442 animum
3075 4399 3130 4443 et
3179 4389 3400 4442 oll'endi.
3436 4388 3604 4442 Com-

2028 4489 2300 4534 monstrat
2330 4479 2517 4548 igitur,
2539 4481 2681 4549 quod
2709 4495 2870 4536 nemo
2905 4480 3212 4534 mortalium
3247 4480 3379 4534 illud
3413 4491 3602 4550 petere

345 4584 500 4638 norit
532 4585 673 4652 quod
707 4581 978 4650 expediat.
1009 4579 1114 4633 Vos
1145 4579 1342 4645 itaque,
1370 4578 1642 4631 sustinere
1693 4574 1934 4632 debetis:
2005 4573 2155 4633 solus
2192 4583 2372 4627 autem
2421 4572 2656 4644 Spiritus
2688 4585 3020 4642 compertum
3053 4573 3214 4629 habet
3271 4575 3398 4644 quid
3445 4574 3602 4631 vobis

349 4677 548 4748 prosit.
580 4676 867 4744 Propterea
896 4671 1062 4728 infert
1099 4689 1113 4726 :

432 4729 476 4822 ί
502 4729 642 4820 Ἀλλ’
686 4729 828 4820 ἀὐτὸ
877 4764 940 4818 τὸ
999 4762 1225 4833 Πνεῦμα
1261 4761 1723 4835 ὑπερεντυγχάνει
1786 4764 1928 4837 ὑπὲρ

2115 4781 2132 4815 ι
2173 4761 2281 4818 Sed
2305 4759 2395 4814 ille
2421 4758 2536 4828 ipse
2569 4755 2806 4825 Spiritus
2843 4753 3148 4823 interpellat
3199 4769 3297 4823 pro
3322 4729 3476 4809 nobis
3506 4770 3601 4824 ge-

347 4861 514 4934 ημῶν
542 4858 865 4927 στεναγμοῖς
913 4854 1226 4924 ἀλαλήτοις.
1263 4872 1282 4904 ι
1338 4854 1549 4925 Ὠσπερ
1603 4854 1775 4908 πολλά
1822 4873 1923 4925 χα.

356 4954 607 5024 ρίσματα
637 4951 750 5011 τοῖς
810 4945 1228 5018 βαπτιζομένοις
1297 4944 1468 5000 ἐδίδου
1533 4946 1701 4999 πάλαι
1729 4947 1758 5000 ὁ
1789 4946 1921 5010 Θεὸς

353 5045 454 5098 καὶ
480 5044 732 5114 διάφορα,
781 5041 816 5095 a
841 5041 906 5106 δὴ
938 5041 1030 5094 καὶ
1067 5039 1355 5107 πνεύματα
1409 5036 1725 5103 ἐκαλοῦντο,
1773 5039 1867 5091 καὶ
1892 5040 1921 5091 ὁ

358 5135 461 5206 μὲν
511 5131 624 5204 εἷχε
660 5129 999 5202 προφητείας
1051 5127 1366 5198 χάρισμα,ὁ
1411 5125 1469 5178 δὲ
1518 5125 1731 5194 σοφίας,
1783 5128 1812 5179 ὁ
1866 5125 1923 5178 δὲ

355 5227 486 5280 ἄλλο
510 5241 563 5277 τι
586 5240 600 5254 '
633 5222 779 5276 οὕτω
807 5220 906 5275 καὶ
935 5219 1184 5292 χάρισμα
1217 5217 1384 5286 εὐχῆς
1423 5215 1616 5281 ἐδίδου,
1659 5219 1750 5269 καὶ
1790 5217 1923 5270 αὐτὸ

355 5317 605 5371 ἐκαλεῖτο
649 5313 886 5383 πνεῦμα.
933 5309 1153 5380 Ἐπειδὴ
1201 5311 1310 5380 γὰρ
1352 5305 1522 5362 πολλά
1562 5307 1670 5360 τῶν
1715 5323 1924 5378 συμφε-

357 5411 568 5481 ρόντων
596 5409 734 5478 ἡμῖν
765 5404 1114 5475 ἀγνοοῦντες,
1139 5403 1210 5458 τὰ
1240 5404 1315 5476 μὴ
1347 5391 1694 5474 συμφέροντα
1743 5401 1927 5455 αἰτοῦ-

359 5518 483 5572 μεν,
511 5500 710 5570 ἢρκετο
743 5498 992 5568 χάρισμα
1043 5495 1209 5567 εὐχῆς
1245 5497 1324 5559 είς
1360 5495 1455 5547 ἐνα
1489 5493 1612 5548 τινὰ
1638 5493 1747 5547 τῶν
1777 5493 1922 5558 τότε,

355 5591 453 5644 mi.
485 5589 546 5641 τὸ
596 5591 748 5659 κοινῇ
780 5588 1057 5659 συμφέρον
1085 5587 1246 5651 αὑτός
1275 5603 1333 5639 τε
1363 5587 1552 5638 ἵστατο
1595 5583 1780 5651 αίτῶν,
1831 5587 1926 5637 καὶ

2030 4853 2253 4909 mitibus
2302 4846 2774 4904 inenarrabilibus.
2833 4864 2853 4898 ι
2911 4846 3373 4912 Quemadmodum
3433 4845 3598 4899 multa

2028 4946 2166 5000 dona
2197 4956 2405 4997 necnon
2457 4940 2668 4994 diversa
2702 4938 2989 5005 baptizatis
3029 4938 3196 4993 dabat
3245 4938 3371 4992 olim
3425 4937 3592 5003 Deus,

2029 5050 2149 5104 qua:
2198 5045 2252 5088 et
2305 5032 2422 5101 ipsa
2473 5031 2703 5099 spiritus
2743 5029 3175 5098 appellabantur,
3207 5038 3263 5082 et
3292 5027 3432 5082 alius
3471 5027 3598 5098 qui-

2029 5129 2149 5181 dem
2198 5125 2430 5178 habebat
2478 5121 2776 5191 prophetia:
2831 5122 3056 5186 donum,
3098 5121 3240 5174 alius
3287 5119 3588 5188 sapientiae,

2027 5222 2164 5275 alius
2203 5218 2475 5288 quoddam
2519 5216 2663 5270 aliud
2715 5231 2728 5269 :
2785 5215 2927 5269 hunc
2990 5215 3057 5266 ad
3115 5213 3330 5266 modum
3393 5210 3600 5263 donum"

2028 5312 2292 5368 orationis
2341 5309 2711 5380 impertiebat,
2767 5306 2912 5377 quod
2961 5316 3015 5359 et
3067 5306 3241 5374 ipsum
3299 5299 3595 5355 vocabatur

2011 5399 2271 5476 Aspiritus.
2329 5404 2466 5458 Cum
2526 5403 2669 5456 enim
2743 5401 2997 5470 pleraque
3051 5411 3240 5451 eorum
3318 5408 3440 5464 quae
3495 5406 3597 5447 no-

2031 5495 2113 5549 bis
2151 5493 2360 5564 prosint
2404 5494 2754 5562 ignorantes,
2793 5488 3003 5543 inutilia
3056 5496 3396 5554 peteremus,
3438 5497 3596 5538 acce-

2035 5587 2192 5640 tlcbat
2219 5585 2483 5640 orationis
2508 5582 2777 5639 charisma
2796 5578 2885 5634 uni
2912 5578 3126 5633 cuidam
3159 5588 3346 5632 eorum
3371 5572 3462 5646 qui
3482 5567 3599 5630 tum

1681 5721 1878 5785 Variae
1930 5721 2260 5786 lectiones.

428 5855 476 5888 ³³
513 5853 655 5921 ὑπὲρ
692 5848 952 5912 Ἰουδαίας
979 5862 1052 5902 In.
