  <div class='ocr_page' id='page_1' title='image "/cluster/home/n/w/nwhite01/storage/ocr_20150623/124/hvd.32044019208206/239.png"; bbox 0 0 4038 6604; ppageno 0'>
   <div class='ocr_carea' id='block_1_1' title="bbox 475 404 578 468">
    <p class='ocr_par' dir='ltr' id='par_1_1' title="bbox 475 404 578 468">
     <span class='ocr_line' id='line_1_1' title="bbox 475 404 578 468; baseline 0.039 -5"><span class='ocrx_word' id='word_1_1' title='bbox 475 404 578 468; x_wconf 69' lang='grc'><strong>451</strong></span> 
     </span>
    </p>
   </div>
   <div class='ocr_carea' id='block_1_2' title="bbox 1360 401 2790 468">
    <p class='ocr_par' dir='ltr' id='par_1_2' title="bbox 1360 401 2790 468">
     <span class='ocr_line' id='line_1_2' title="bbox 1360 401 2790 468; baseline 0.003 -5"><span class='ocrx_word' id='word_1_2' title='bbox 1360 401 1943 465; x_wconf 80' lang='lat' dir='ltr'><strong>THEOPHYLACTI</strong></span> <span class='ocrx_word' id='word_1_3' title='bbox 1987 401 2401 465; x_wconf 78' lang='lat' dir='ltr'><strong>BULGARL‘E</strong></span> <span class='ocrx_word' id='word_1_4' title='bbox 2438 405 2790 468; x_wconf 83' lang='lat' dir='ltr'><strong>ABCHIEP.</strong></span> 
     </span>
    </p>
   </div>
   <div class='ocr_carea' id='block_1_3' title="bbox 3602 409 3718 473">
    <p class='ocr_par' dir='ltr' id='par_1_3' title="bbox 3602 409 3718 473">
     <span class='ocr_line' id='line_1_3' title="bbox 3602 409 3718 473; baseline 0 -1"><span class='ocrx_word' id='word_1_5' title='bbox 3602 409 3718 473; x_wconf 70' lang='lat'><strong>452</strong></span> 
     </span>
    </p>
   </div>
   <div class='ocr_carea' id='block_1_4' title="bbox 478 518 2051 594">
    <p class='ocr_par' dir='ltr' id='par_1_4' title="bbox 478 518 2046 590">
     <span class='ocr_line' id='line_1_4' title="bbox 478 518 2046 590; baseline -0.001 -18"><span class='ocrx_word' id='word_1_6' title='bbox 478 527 757 587; x_wconf 71' lang='lat' dir='ltr'><strong>vixerunt,</strong></span> <span class='ocrx_word' id='word_1_7' title='bbox 789 531 843 576; x_wconf 90' lang='lat' dir='ltr'><strong>ct</strong></span> <span class='ocrx_word' id='word_1_8' title='bbox 877 520 1020 590; x_wconf 88' lang='lat' dir='ltr'><strong>quod</strong></span> <span class='ocrx_word' id='word_1_9' title='bbox 1047 519 1413 575; x_wconf 75' lang='lat' dir='ltr'><strong>conmuniter</strong></span> <span class='ocrx_word' id='word_1_10' title='bbox 1443 521 1703 575; x_wconf 84' lang='lat' dir='ltr'><strong>omnibus</strong></span> <span class='ocrx_word' id='word_1_11' title='bbox 1731 518 2046 576; x_wconf 79' lang='lat' dir='ltr'><strong>conferebat</strong></span> 
     </span>
    </p>
   </div>
   <div class='ocr_carea' id='block_1_5' title="bbox 2156 518 3733 594">
    <p class='ocr_par' dir='ltr' id='par_1_5' title="bbox 2156 520 3733 594">
     <span class='ocr_line' id='line_1_5' title="bbox 2156 520 3733 594; baseline 0.006 -22"><span class='ocrx_word' id='word_1_12' title='bbox 2156 521 2278 584; x_wconf 78' lang='grc' dir='ltr'>τοὺς</span> <span class='ocrx_word' id='word_1_13' title='bbox 2304 520 2498 584; x_wconf 77' lang='grc' dir='ltr'>ἄλλους</span> <span class='ocrx_word' id='word_1_14' title='bbox 2515 521 2796 575; x_wconf 79' lang='grc' dir='ltr'>ἐδίδασκεν</span> <span class='ocrx_word' id='word_1_15' title='bbox 2816 521 3010 576; x_wconf 78' lang='grc' dir='ltr'>αἰτεῖν.</span> <span class='ocrx_word' id='word_1_16' title='bbox 3030 521 3257 594; x_wconf 78' lang='grc' dir='ltr'>Πνεῦμα</span> <span class='ocrx_word' id='word_1_17' title='bbox 3281 523 3462 578; x_wconf 78' lang='grc' dir='ltr'><strong>τοίνυν</strong></span> <span class='ocrx_word' id='word_1_18' title='bbox 3485 524 3733 580; x_wconf 75' lang='grc' dir='ltr'>ἐνταῦθα</span> 
     </span>
    </p>
   </div>
   <div class='ocr_carea' id='block_1_6' title="bbox 478 610 2039 682">
    <p class='ocr_par' dir='ltr' id='par_1_6' title="bbox 478 610 2039 682">
     <span class='ocr_line' id='line_1_6' title="bbox 478 610 2039 682; baseline -0.005 -15"><span class='ocrx_word' id='word_1_19' title='bbox 478 615 592 681; x_wconf 88' lang='lat' dir='ltr'><strong>ipse</strong></span> <span class='ocrx_word' id='word_1_20' title='bbox 622 623 771 668; x_wconf 86' lang='lat' dir='ltr'><strong>stans</strong></span> <span class='ocrx_word' id='word_1_21' title='bbox 821 612 1168 682; x_wconf 74' lang='lat' dir='ltr'><strong>precabatur,</strong></span> <span class='ocrx_word' id='word_1_22' title='bbox 1214 610 1457 678; x_wconf 88' lang='lat' dir='ltr'><strong>aliosque</strong></span> <span class='ocrx_word' id='word_1_23' title='bbox 1484 611 1536 665; x_wconf 87' lang='lat' dir='ltr'><strong>id</strong></span> <span class='ocrx_word' id='word_1_24' title='bbox 1574 620 1760 680; x_wconf 87' lang='lat' dir='ltr'><strong>petere</strong></span> <span class='ocrx_word' id='word_1_25' title='bbox 1791 611 2039 664; x_wconf 82' lang='lat' dir='ltr'><strong>docebat.</strong></span> 
     </span>
    </p>
   </div>
   <div class='ocr_carea' id='block_1_7' title="bbox 479 701 2043 774">
    <p class='ocr_par' dir='ltr' id='par_1_7' title="bbox 479 701 2043 774">
     <span class='ocr_line' id='line_1_7' title="bbox 479 701 2043 774; baseline -0.005 -14"><span class='ocrx_word' id='word_1_26' title='bbox 479 705 738 774; x_wconf 77' lang='lat' dir='ltr'><strong>Spiritum</strong></span> <span class='ocrx_word' id='word_1_27' title='bbox 798 703 1086 773; x_wconf 82' lang='lat' dir='ltr'><strong>igiturhic</strong></span> <span class='ocrx_word' id='word_1_28' title='bbox 1137 710 1295 756; x_wconf 81' lang='lat' dir='ltr'><strong>vocat</strong></span> <span class='ocrx_word' id='word_1_29' title='bbox 1349 701 1659 771; x_wconf 71' lang='lat' dir='ltr'><strong>huiusmodi</strong></span> <span class='ocrx_word' id='word_1_30' title='bbox 1710 704 1931 764; x_wconf 88' lang='lat' dir='ltr'><strong>donum,</strong></span> <span class='ocrx_word' id='word_1_31' title='bbox 1989 709 2043 753; x_wconf 87' lang='lat' dir='ltr'><strong>et</strong></span> 
     </span>
    </p>
   </div>
   <div class='ocr_carea' id='block_1_8' title="bbox 479 791 2041 864">
    <p class='ocr_par' dir='ltr' id='par_1_8' title="bbox 479 791 2041 864">
     <span class='ocr_line' id='line_1_8' title="bbox 479 791 2041 864; baseline -0.003 -16"><span class='ocrx_word' id='word_1_32' title='bbox 479 798 715 849; x_wconf 86' lang='lat' dir='ltr'><strong>animam</strong></span> <span class='ocrx_word' id='word_1_33' title='bbox 758 795 1109 864; x_wconf 89' lang='lat' dir='ltr'><strong>recipientem</strong></span> <span class='ocrx_word' id='word_1_34' title='bbox 1143 793 1473 863; x_wconf 88' lang='lat' dir='ltr'><strong>precationis</strong></span> <span class='ocrx_word' id='word_1_35' title='bbox 1523 794 1743 856; x_wconf 86' lang='lat' dir='ltr'><strong>donum,</strong></span> <span class='ocrx_word' id='word_1_36' title='bbox 1780 807 1844 847; x_wconf 87' lang='lat' dir='ltr'><strong>ac</strong></span> <span class='ocrx_word' id='word_1_37' title='bbox 1872 791 2041 844; x_wconf 87' lang='lat' dir='ltr'><strong>inter-</strong></span> 
     </span>
    </p>
   </div>
   <div class='ocr_carea' id='block_1_9' title="bbox 479 880 2041 954">
    <p class='ocr_par' dir='ltr' id='par_1_9' title="bbox 479 880 2041 954">
     <span class='ocr_line' id='line_1_9' title="bbox 479 880 2041 954; baseline 0 -20"><span class='ocrx_word' id='word_1_38' title='bbox 479 887 764 954; x_wconf 76' lang='lat' dir='ltr'><strong>pellantem</strong></span> <span class='ocrx_word' id='word_1_39' title='bbox 826 887 966 954; x_wconf 87' lang='lat' dir='ltr'><strong>apud</strong></span> <span class='ocrx_word' id='word_1_40' title='bbox 1041 885 1206 939; x_wconf 88' lang='lat' dir='ltr'><strong>Deum</strong></span> <span class='ocrx_word' id='word_1_41' title='bbox 1266 885 1842 953; x_wconf 86' lang='lat' dir='ltr'><strong>ingemiscentemque.</strong></span> <span class='ocrx_word' id='word_1_42' title='bbox 1907 880 2041 934; x_wconf 61' lang='lat' dir='ltr'><strong>Nam</strong></span> 
     </span>
    </p>
   </div>
   <div class='ocr_carea' id='block_1_10' title="bbox 481 974 2046 1048">
    <p class='ocr_par' dir='ltr' id='par_1_10' title="bbox 481 974 2046 1048">
     <span class='ocr_line' id='line_1_10' title="bbox 481 974 2046 1048; baseline -0.004 -15"><span class='ocrx_word' id='word_1_43' title='bbox 481 996 671 1048; x_wconf 73' lang='lat' dir='ltr'><strong>magna</strong></span> <span class='ocrx_word' id='word_1_44' title='bbox 721 994 843 1032; x_wconf 85' lang='lat' dir='ltr'><strong>cum</strong></span> <span class='ocrx_word' id='word_1_45' title='bbox 900 979 1317 1046; x_wconf 90' lang='lat' dir='ltr'><strong>compunctione</strong></span> <span class='ocrx_word' id='word_1_46' title='bbox 1372 976 1550 1030; x_wconf 83' lang='lat' dir='ltr'><strong>stabat</strong></span> <span class='ocrx_word' id='word_1_47' title='bbox 1608 974 1905 1044; x_wconf 78' lang='lat' dir='ltr'><strong>spiritualis</strong></span> <span class='ocrx_word' id='word_1_48' title='bbox 1959 976 2046 1028; x_wconf 90' lang='lat' dir='ltr'><strong>ille</strong></span> 
     </span>
    </p>
   </div>
   <div class='ocr_carea' id='block_1_11' title="bbox 482 1068 2046 1138">
    <p class='ocr_par' dir='ltr' id='par_1_11' title="bbox 482 1068 2046 1138">
     <span class='ocr_line' id='line_1_11' title="bbox 482 1068 2046 1138; baseline -0.004 -14"><span class='ocrx_word' id='word_1_49' title='bbox 482 1074 665 1133; x_wconf 86' lang='lat' dir='ltr'><strong>homo,</strong></span> <span class='ocrx_word' id='word_1_50' title='bbox 697 1079 752 1124; x_wconf 89' lang='lat' dir='ltr'><strong>et</strong></span> <span class='ocrx_word' id='word_1_51' title='bbox 796 1071 980 1124; x_wconf 88' lang='lat' dir='ltr'><strong>multis</strong></span> <span class='ocrx_word' id='word_1_52' title='bbox 1010 1068 1346 1138; x_wconf 70' lang='lat' dir='ltr'><strong>gemitibus:</strong></span> <span class='ocrx_word' id='word_1_53' title='bbox 1395 1069 1548 1136; x_wconf 82' lang='lat' dir='ltr'><strong>cujus</strong></span> <span class='ocrx_word' id='word_1_54' title='bbox 1592 1068 1855 1135; x_wconf 90' lang='lat' dir='ltr'><strong>hodieque</strong></span> <span class='ocrx_word' id='word_1_55' title='bbox 1899 1081 2046 1136; x_wconf 79' lang='lat' dir='ltr'><strong>sym-</strong></span> 
     </span>
    </p>
   </div>
   <div class='ocr_carea' id='block_1_12' title="bbox 477 1159 2049 1228">
    <p class='ocr_par' dir='ltr' id='par_1_12' title="bbox 477 1159 2049 1228">
     <span class='ocr_line' id='line_1_12' title="bbox 477 1159 2049 1228; baseline -0.004 -10"><span class='ocrx_word' id='word_1_56' title='bbox 477 1163 660 1218; x_wconf 86' lang='lat' dir='ltr'><strong>bolutn</strong></span> <span class='ocrx_word' id='word_1_57' title='bbox 711 1170 798 1216; x_wconf 89' lang='lat' dir='ltr'><strong>est</strong></span> <span class='ocrx_word' id='word_1_58' title='bbox 837 1163 1118 1224; x_wconf 78' lang='lat' dir='ltr'><strong>diaconus,</strong></span> <span class='ocrx_word' id='word_1_59' title='bbox 1151 1171 1322 1225; x_wconf 88' lang='lat' dir='ltr'><strong>stans,</strong></span> <span class='ocrx_word' id='word_1_60' title='bbox 1365 1160 1753 1228; x_wconf 86' lang='lat' dir='ltr'><strong>intentansque</strong></span> <span class='ocrx_word' id='word_1_61' title='bbox 1779 1159 2049 1228; x_wconf 87' lang='lat' dir='ltr'><strong>supplica-</strong></span> 
     </span>
    </p>
   </div>
   <div class='ocr_carea' id='block_1_13' title="bbox 478 1253 1344 1324">
    <p class='ocr_par' dir='ltr' id='par_1_13' title="bbox 478 1253 1344 1324">
     <span class='ocr_line' id='line_1_13' title="bbox 478 1253 1344 1324; baseline -0.001 -16"><span class='ocrx_word' id='word_1_62' title='bbox 478 1258 652 1308; x_wconf 81' lang='lat' dir='ltr'><strong>tiones</strong></span> <span class='ocrx_word' id='word_1_63' title='bbox 683 1271 779 1324; x_wconf 90' lang='lat' dir='ltr'><strong>pro</strong></span> <span class='ocrx_word' id='word_1_64' title='bbox 812 1254 1007 1323; x_wconf 87' lang='lat' dir='ltr'><strong>populo</strong></span> <span class='ocrx_word' id='word_1_65' title='bbox 1038 1253 1344 1307; x_wconf 81' lang='lat' dir='ltr'><strong>eﬂundens.</strong></span> 
     </span>
    </p>
   </div>
   <div class='ocr_carea' id='block_1_14' title="bbox 549 1342 2048 1412">
    <p class='ocr_par' dir='ltr' id='par_1_14' title="bbox 549 1342 2048 1412">
     <span class='ocr_line' id='line_1_14' title="bbox 549 1342 2048 1412; baseline -0.003 -12"><span class='ocrx_word' id='word_1_66' title='bbox 549 1348 712 1400; x_wconf 74' lang='lat' dir='ltr'><strong>Vens.</strong></span> <span class='ocrx_word' id='word_1_67' title='bbox 779 1347 870 1401; x_wconf 71' lang='lat'><strong>27.</strong></span> <span class='ocrx_word' id='word_1_68' title='bbox 929 1365 947 1398; x_wconf 84' lang='grc' dir='ltr'><strong>ι</strong></span> <span class='ocrx_word' id='word_1_69' title='bbox 987 1346 1085 1412; x_wconf 90' lang='lat' dir='ltr'><strong>Qui</strong></span> <span class='ocrx_word' id='word_1_70' title='bbox 1155 1355 1334 1398; x_wconf 84' lang='lat' dir='ltr'><strong>autem</strong></span> <span class='ocrx_word' id='word_1_71' title='bbox 1389 1353 1668 1398; x_wconf 78' lang='lat' dir='ltr'><strong>scrutatur</strong></span> <span class='ocrx_word' id='word_1_72' title='bbox 1704 1343 1888 1407; x_wconf 82' lang='lat' dir='ltr'><strong>corda,</strong></span> <span class='ocrx_word' id='word_1_73' title='bbox 1943 1342 2048 1397; x_wconf 87' lang='lat' dir='ltr'><strong>scit</strong></span> 
     </span>
    </p>
   </div>
   <div class='ocr_carea' id='block_1_15' title="bbox 475 1433 2044 1506">
    <p class='ocr_par' dir='ltr' id='par_1_15' title="bbox 475 1433 2044 1506">
     <span class='ocr_line' id='line_1_15' title="bbox 475 1433 2044 1506; baseline -0.004 -14"><span class='ocrx_word' id='word_1_74' title='bbox 475 1440 604 1506; x_wconf 89' lang='lat' dir='ltr'><strong>quid</strong></span> <span class='ocrx_word' id='word_1_75' title='bbox 654 1437 925 1492; x_wconf 74' lang='lat' dir='ltr'><strong>desideret</strong></span> <span class='ocrx_word' id='word_1_76' title='bbox 965 1437 1220 1504; x_wconf 85' lang='lat' dir='ltr'><strong>Spiritus,</strong></span> <span class='ocrx_word' id='word_1_77' title='bbox 1253 1435 1343 1503; x_wconf 86' lang='lat' dir='ltr'><strong>qui</strong></span> <span class='ocrx_word' id='word_1_78' title='bbox 1396 1435 1695 1488; x_wconf 87' lang='lat' dir='ltr'><strong>secundum</strong></span> <span class='ocrx_word' id='word_1_79' title='bbox 1749 1433 1915 1488; x_wconf 85' lang='lat' dir='ltr'><strong>Deum</strong></span> <span class='ocrx_word' id='word_1_80' title='bbox 1949 1447 2044 1500; x_wconf 87' lang='lat' dir='ltr'><strong>po-</strong></span> 
     </span>
    </p>
   </div>
   <div class='ocr_carea' id='block_1_16' title="bbox 477 1526 2047 1598">
    <p class='ocr_par' dir='ltr' id='par_1_16' title="bbox 477 1526 2047 1598">
     <span class='ocr_line' id='line_1_16' title="bbox 477 1526 2047 1598; baseline -0.004 -13"><span class='ocrx_word' id='word_1_81' title='bbox 477 1530 641 1585; x_wconf 81' lang='lat' dir='ltr'><strong>stulat</strong></span> <span class='ocrx_word' id='word_1_82' title='bbox 678 1544 776 1598; x_wconf 90' lang='lat' dir='ltr'><strong>pro</strong></span> <span class='ocrx_word' id='word_1_83' title='bbox 808 1529 1036 1583; x_wconf 73' lang='lat' dir='ltr'><strong>sancris.</strong></span> <span class='ocrx_word' id='word_1_84' title='bbox 1075 1547 1093 1578; x_wconf 76' lang='grc' dir='ltr'><strong>ι</strong></span> <span class='ocrx_word' id='word_1_85' title='bbox 1122 1526 1238 1580; x_wconf 86' lang='lat' dir='ltr'><strong>Non</strong></span> <span class='ocrx_word' id='word_1_86' title='bbox 1263 1527 1432 1580; x_wconf 87' lang='lat' dir='ltr'><strong>veluti</strong></span> <span class='ocrx_word' id='word_1_87' title='bbox 1458 1527 1739 1596; x_wconf 79' lang='lat' dir='ltr'><strong>ignorante</strong></span> <span class='ocrx_word' id='word_1_88' title='bbox 1761 1527 1870 1580; x_wconf 84' lang='lat' dir='ltr'><strong>Deo</strong></span> <span class='ocrx_word' id='word_1_89' title='bbox 1898 1536 2047 1580; x_wconf 88' lang='lat' dir='ltr'><strong>stans</strong></span> 
     </span>
    </p>
   </div>
   <div class='ocr_carea' id='block_1_17' title="bbox 479 1617 2049 1691">
    <p class='ocr_par' dir='ltr' id='par_1_17' title="bbox 479 1617 2049 1691">
     <span class='ocr_line' id='line_1_17' title="bbox 479 1617 2049 1691; baseline -0.004 -15"><span class='ocrx_word' id='word_1_90' title='bbox 479 1632 731 1691; x_wconf 80' lang='lat' dir='ltr'><strong>precatur</strong></span> <span class='ocrx_word' id='word_1_91' title='bbox 766 1622 926 1675; x_wconf 83' lang='lat' dir='ltr'><strong>horno</strong></span> <span class='ocrx_word' id='word_1_92' title='bbox 950 1622 964 1674; x_wconf 97' lang='lat' dir='ltr'><strong>i</strong></span> <span class='ocrx_word' id='word_1_93' title='bbox 994 1621 1061 1674; x_wconf 89' lang='lat' dir='ltr'><strong>le.</strong></span> <span class='ocrx_word' id='word_1_94' title='bbox 1087 1619 1188 1685; x_wconf 91' lang='lat' dir='ltr'><strong>Qui</strong></span> <span class='ocrx_word' id='word_1_95' title='bbox 1215 1619 1357 1672; x_wconf 90' lang='lat' dir='ltr'><strong>enim</strong></span> <span class='ocrx_word' id='word_1_96' title='bbox 1388 1628 1667 1673; x_wconf 74' lang='lat' dir='ltr'><strong>scrutatur</strong></span> <span class='ocrx_word' id='word_1_97' title='bbox 1687 1618 1874 1680; x_wconf 86' lang='lat' dir='ltr'><strong>corda,</strong></span> <span class='ocrx_word' id='word_1_98' title='bbox 1902 1617 2049 1671; x_wconf 91' lang='lat' dir='ltr'><strong>novit</strong></span> 
     </span>
    </p>
   </div>
   <div class='ocr_carea' id='block_1_18' title="bbox 478 1708 2046 1783">
    <p class='ocr_par' dir='ltr' id='par_1_18' title="bbox 478 1708 2046 1783">
     <span class='ocr_line' id='line_1_18' title="bbox 478 1708 2046 1783; baseline -0.003 -17"><span class='ocrx_word' id='word_1_99' title='bbox 478 1716 598 1783; x_wconf 85' lang='lat' dir='ltr'><strong>quis</strong></span> <span class='ocrx_word' id='word_1_100' title='bbox 633 1715 702 1768; x_wconf 88' lang='lat' dir='ltr'><strong>sit</strong></span> <span class='ocrx_word' id='word_1_101' title='bbox 735 1728 926 1769; x_wconf 87' lang='lat' dir='ltr'><strong>sensus</strong></span> <span class='ocrx_word' id='word_1_102' title='bbox 953 1712 1194 1781; x_wconf 87' lang='lat' dir='ltr'><strong>spiritus,</strong></span> <span class='ocrx_word' id='word_1_103' title='bbox 1254 1709 1306 1763; x_wconf 89' lang='lat' dir='ltr'><strong>id</strong></span> <span class='ocrx_word' id='word_1_104' title='bbox 1333 1719 1418 1764; x_wconf 85' lang='lat' dir='ltr'><strong>est</strong></span> <span class='ocrx_word' id='word_1_105' title='bbox 1464 1708 1762 1778; x_wconf 80' lang='lat' dir='ltr'><strong>spiritualis</strong></span> <span class='ocrx_word' id='word_1_106' title='bbox 1787 1708 2046 1762; x_wconf 88' lang='lat' dir='ltr'><strong>hominis.</strong></span> 
     </span>
    </p>
   </div>
   <div class='ocr_carea' id='block_1_19' title="bbox 2146 610 3732 687">
    <p class='ocr_par' dir='ltr' id='par_1_19' title="bbox 2146 610 3732 687">
     <span class='ocr_line' id='line_1_19' title="bbox 2146 610 3732 687; baseline 0.006 -25"><span class='ocrx_word' id='word_1_107' title='bbox 2146 610 2302 663; x_wconf 84' lang='grc' dir='ltr'>καλεῖ</span> <span class='ocrx_word' id='word_1_108' title='bbox 2331 613 2390 662; x_wconf 87' lang='grc' dir='ltr'><strong>τὸ</strong></span> <span class='ocrx_word' id='word_1_109' title='bbox 2431 611 2701 681; x_wconf 76' lang='grc' dir='ltr'><strong>χάρισμα,</strong></span> <span class='ocrx_word' id='word_1_110' title='bbox 2735 612 2832 669; x_wconf 66' lang='grc' dir='ltr'><strong>καὶ</strong></span> <span class='ocrx_word' id='word_1_111' title='bbox 2860 613 2960 683; x_wconf 82' lang='grc' dir='ltr'>τὴν</span> <span class='ocrx_word' id='word_1_112' title='bbox 2988 611 3164 683; x_wconf 75' lang='grc' dir='ltr'>ψυχὴν</span> <span class='ocrx_word' id='word_1_113' title='bbox 3188 614 3288 686; x_wconf 80' lang='grc' dir='ltr'>τὴν</span> <span class='ocrx_word' id='word_1_114' title='bbox 3326 614 3625 687; x_wconf 60' lang='grc' dir='ltr'>δεχομένην</span> <span class='ocrx_word' id='word_1_115' title='bbox 3657 619 3732 671; x_wconf 80' lang='grc' dir='ltr'><strong>τὸ</strong></span> 
     </span>
    </p>
   </div>
   <div class='ocr_carea' id='block_1_20' title="bbox 2145 702 3731 777">
    <p class='ocr_par' dir='ltr' id='par_1_20' title="bbox 2145 702 3731 777">
     <span class='ocr_line' id='line_1_20' title="bbox 2145 702 3731 777; baseline 0.006 -25"><span class='ocrx_word' id='word_1_116' title='bbox 2145 702 2395 771; x_wconf 72' lang='grc' dir='ltr'>χάρισμα</span> <span class='ocrx_word' id='word_1_117' title='bbox 2421 703 2518 771; x_wconf 81' lang='grc' dir='ltr'><strong>τῆς</strong></span> <span class='ocrx_word' id='word_1_118' title='bbox 2553 703 2740 771; x_wconf 79' lang='grc' dir='ltr'>εὐχῆς,</span> <span class='ocrx_word' id='word_1_119' title='bbox 2779 704 2874 756; x_wconf 74' lang='grc' dir='ltr'>καὶ</span> <span class='ocrx_word' id='word_1_120' title='bbox 2892 704 3334 774; x_wconf 64' lang='grc' dir='ltr'><strong>ἐντυγχάνουσαν</strong></span> <span class='ocrx_word' id='word_1_121' title='bbox 3357 723 3436 777; x_wconf 89' lang='grc' dir='ltr'>τῳ</span> <span class='ocrx_word' id='word_1_122' title='bbox 3478 708 3599 777; x_wconf 83' lang='grc' dir='ltr'>Θεῷ</span> <span class='ocrx_word' id='word_1_123' title='bbox 3622 709 3731 761; x_wconf 70' lang='grc' dir='ltr'><strong>καὶ</strong></span> 
     </span>
    </p>
   </div>
   <div class='ocr_carea' id='block_1_21' title="bbox 2149 793 3733 865">
    <p class='ocr_par' dir='ltr' id='par_1_21' title="bbox 2149 793 3733 865">
     <span class='ocr_line' id='line_1_21' title="bbox 2149 793 3733 865; baseline 0.005 -21"><span class='ocrx_word' id='word_1_124' title='bbox 2149 794 2535 856; x_wconf 76' lang='grc' dir='ltr'>στενάζουσαν.</span> <span class='ocrx_word' id='word_1_125' title='bbox 2565 795 2719 847; x_wconf 76' lang='grc' dir='ltr'>Μετὰ</span> <span class='ocrx_word' id='word_1_126' title='bbox 2743 793 2850 865; x_wconf 83' lang='grc' dir='ltr'>γὰρ</span> <span class='ocrx_word' id='word_1_127' title='bbox 2901 793 3103 865; x_wconf 76' lang='grc' dir='ltr'>πολλῆς</span> <span class='ocrx_word' id='word_1_128' title='bbox 3144 797 3494 862; x_wconf 75' lang='grc' dir='ltr'><strong>κατανύξεως</strong></span> <span class='ocrx_word' id='word_1_129' title='bbox 3534 800 3733 852; x_wconf 78' lang='grc' dir='ltr'>ἵστατο</span> 
     </span>
    </p>
   </div>
   <div class='ocr_carea' id='block_1_22' title="bbox 2145 885 3726 955">
    <p class='ocr_par' dir='ltr' id='par_1_22' title="bbox 2145 885 3726 955">
     <span class='ocr_line' id='line_1_22' title="bbox 2145 885 3726 955; baseline 0.003 -17"><span class='ocrx_word' id='word_1_130' title='bbox 2145 887 2174 938; x_wconf 95' lang='lat'><strong>6</strong></span> <span class='ocrx_word' id='word_1_131' title='bbox 2215 885 2588 953; x_wconf 75' lang='grc' dir='ltr'>πνευματικὸς</span> <span class='ocrx_word' id='word_1_132' title='bbox 2641 885 2932 955; x_wconf 76' lang='grc' dir='ltr'>ἄνθρωπος</span> <span class='ocrx_word' id='word_1_133' title='bbox 2964 887 3188 953; x_wconf 74' lang='grc' dir='ltr'>ἐκεῖνος,</span> <span class='ocrx_word' id='word_1_134' title='bbox 3222 890 3319 942; x_wconf 72' lang='grc' dir='ltr'><strong>καὶ</strong></span> <span class='ocrx_word' id='word_1_135' title='bbox 3355 890 3564 942; x_wconf 80' lang='grc' dir='ltr'>πολλῶν</span> <span class='ocrx_word' id='word_1_136' title='bbox 3597 908 3726 943; x_wconf 74' lang='grc' dir='ltr'>στε-</span> 
     </span>
    </p>
   </div>
   <div class='ocr_carea' id='block_1_23' title="bbox 2147 971 3725 1046">
    <p class='ocr_par' dir='ltr' id='par_1_23' title="bbox 2147 971 3725 1046">
     <span class='ocr_line' id='line_1_23' title="bbox 2147 971 3725 1046; baseline 0.005 -18"><span class='ocrx_word' id='word_1_137' title='bbox 2147 976 2408 1046; x_wconf 72' lang='grc' dir='ltr'>ναγμῶν*</span> <span class='ocrx_word' id='word_1_138' title='bbox 2457 971 2519 1030; x_wconf 76' lang='grc' dir='ltr'><strong>οῦ</strong></span> <span class='ocrx_word' id='word_1_139' title='bbox 2570 976 2666 1030; x_wconf 72' lang='grc' dir='ltr'><strong>καὶ</strong></span> <span class='ocrx_word' id='word_1_140' title='bbox 2707 977 2805 1028; x_wconf 87' lang='grc' dir='ltr'>νῦν</span> <span class='ocrx_word' id='word_1_141' title='bbox 2843 977 3112 1045; x_wconf 81' lang='grc' dir='ltr'>σύμϐολόν</span> <span class='ocrx_word' id='word_1_142' title='bbox 3165 981 3313 1032; x_wconf 89' lang='grc' dir='ltr'>ἐστιν</span> <span class='ocrx_word' id='word_1_143' title='bbox 3373 981 3402 1032; x_wconf 98' lang='lat'><strong>6</strong></span> <span class='ocrx_word' id='word_1_144' title='bbox 3451 981 3725 1044; x_wconf 81' lang='grc' dir='ltr'>διάκονος,</span> 
     </span>
    </p>
   </div>
   <div class='ocr_carea' id='block_1_24' title="bbox 2151 1068 3724 1142">
    <p class='ocr_par' dir='ltr' id='par_1_24' title="bbox 2151 1068 3724 1142">
     <span class='ocr_line' id='line_1_24' title="bbox 2151 1068 3724 1142; baseline 0.003 -22"><span class='ocrx_word' id='word_1_145' title='bbox 2151 1070 2457 1140; x_wconf 77' lang='grc' dir='ltr'><strong>ἱστάμενος,</strong></span> <span class='ocrx_word' id='word_1_146' title='bbox 2487 1069 2578 1122; x_wconf 66' lang='grc' dir='ltr'><strong>καλ⁵</strong></span> <span class='ocrx_word' id='word_1_147' title='bbox 2607 1069 2704 1132; x_wconf 79' lang='grc' dir='ltr'>τὰς</span> <span class='ocrx_word' id='word_1_148' title='bbox 2729 1069 2970 1132; x_wconf 78' lang='grc' dir='ltr'><strong>ἐκτενεῖς</strong></span> <span class='ocrx_word' id='word_1_149' title='bbox 2998 1068 3207 1139; x_wconf 79' lang='grc' dir='ltr'><strong>δεήσεις</strong></span> <span class='ocrx_word' id='word_1_150' title='bbox 3230 1069 3554 1141; x_wconf 81' lang='grc' dir='ltr'>ποιούμενος</span> <span class='ocrx_word' id='word_1_151' title='bbox 3575 1071 3724 1142; x_wconf 82' lang='grc' dir='ltr'>ὑπὲρ</span> 
     </span>
    </p>
   </div>
   <div class='ocr_carea' id='block_1_25' title="bbox 2146 1157 2422 1214">
    <p class='ocr_par' dir='ltr' id='par_1_25' title="bbox 2146 1157 2422 1214">
     <span class='ocr_line' id='line_1_25' title="bbox 2146 1157 2422 1214; baseline 0.007 -3"><span class='ocrx_word' id='word_1_152' title='bbox 2146 1157 2241 1212; x_wconf 88' lang='grc' dir='ltr'><strong>τοῦ</strong></span> <span class='ocrx_word' id='word_1_153' title='bbox 2271 1157 2422 1214; x_wconf 89' lang='grc' dir='ltr'>λαοῦ.</span> 
     </span>
    </p>
   </div>
   <div class='ocr_carea' id='block_1_26' title="bbox 2229 1327 3730 1404">
    <p class='ocr_par' dir='ltr' id='par_1_26' title="bbox 2229 1327 3730 1404">
     <span class='ocr_line' id='line_1_26' title="bbox 2229 1327 3730 1404; baseline 0.003 -21"><span class='ocrx_word' id='word_1_154' title='bbox 2229 1349 2248 1383; x_wconf 82' lang='grc' dir='ltr'><strong>ι</strong></span> <span class='ocrx_word' id='word_1_155' title='bbox 2293 1331 2353 1385; x_wconf 87' lang='lat' dir='ltr'><strong>&#39;U</strong></span> <span class='ocrx_word' id='word_1_156' title='bbox 2382 1331 2439 1384; x_wconf 81' lang='grc' dir='ltr'><strong>δέ</strong></span> <span class='ocrx_word' id='word_1_157' title='bbox 2463 1331 2705 1403; x_wconf 78' lang='grc' dir='ltr'>ἐρευνῶν</span> <span class='ocrx_word' id='word_1_158' title='bbox 2729 1332 2830 1396; x_wconf 84' lang='grc' dir='ltr'>τὰς</span> <span class='ocrx_word' id='word_1_159' title='bbox 2865 1331 3114 1402; x_wconf 80' lang='grc' dir='ltr'><strong>καρδίας,</strong></span> <span class='ocrx_word' id='word_1_160' title='bbox 3140 1327 3250 1384; x_wconf 78' lang='grc' dir='ltr'>οἵδε</span> <span class='ocrx_word' id='word_1_161' title='bbox 3287 1331 3340 1384; x_wconf 88' lang='grc' dir='ltr'><strong>τί</strong></span> <span class='ocrx_word' id='word_1_162' title='bbox 3369 1331 3430 1385; x_wconf 91' lang='grc' dir='ltr'><strong>τὸ</strong></span> <span class='ocrx_word' id='word_1_163' title='bbox 3465 1333 3730 1404; x_wconf 72' lang='grc' dir='ltr'>φρόνημα.</span> 
     </span>
    </p>
   </div>
   <div class='ocr_carea' id='block_1_27' title="bbox 2147 1421 3730 1498">
    <p class='ocr_par' dir='ltr' id='par_1_27' title="bbox 2147 1421 3730 1498">
     <span class='ocr_line' id='line_1_27' title="bbox 2147 1421 3730 1498; baseline 0.001 -22"><span class='ocrx_word' id='word_1_164' title='bbox 2147 1421 2240 1476; x_wconf 82' lang='grc' dir='ltr'><strong>τοῦ</strong></span> <span class='ocrx_word' id='word_1_165' title='bbox 2288 1422 2624 1492; x_wconf 81' lang='grc' dir='ltr'>Πνεύματος,</span> <span class='ocrx_word' id='word_1_166' title='bbox 2693 1423 2776 1477; x_wconf 80' lang='grc' dir='ltr'>ὅτι</span> <span class='ocrx_word' id='word_1_167' title='bbox 2823 1425 2964 1477; x_wconf 79' lang='grc' dir='ltr'>κατὰ</span> <span class='ocrx_word' id='word_1_168' title='bbox 3015 1423 3149 1477; x_wconf 89' lang='grc' dir='ltr'>Θεὸν</span> <span class='ocrx_word' id='word_1_169' title='bbox 3203 1423 3524 1494; x_wconf 71' lang='grc' dir='ltr'><strong>ἐντυγχάνει</strong></span> <span class='ocrx_word' id='word_1_170' title='bbox 3583 1426 3730 1498; x_wconf 78' lang='grc' dir='ltr'>ὑπὲρ</span> 
     </span>
    </p>
   </div>
   <div class='ocr_carea' id='block_1_28' title="bbox 2151 1514 3730 1586">
    <p class='ocr_par' dir='ltr' id='par_1_28' title="bbox 2151 1514 3730 1586">
     <span class='ocr_line' id='line_1_28' title="bbox 2151 1514 3730 1586; baseline 0 -16"><span class='ocrx_word' id='word_1_171' title='bbox 2151 1515 2344 1586; x_wconf 80' lang='grc' dir='ltr'>ἁγίων.</span> <span class='ocrx_word' id='word_1_172' title='bbox 2373 1533 2392 1567; x_wconf 80' lang='grc' dir='ltr'><strong>ι</strong></span> <span class='ocrx_word' id='word_1_173' title='bbox 2424 1515 2536 1585; x_wconf 80' lang='grc' dir='ltr'>Οὐχ</span> <span class='ocrx_word' id='word_1_174' title='bbox 2559 1515 2634 1578; x_wconf 82' lang='grc' dir='ltr'>ὡς</span> <span class='ocrx_word' id='word_1_175' title='bbox 2658 1514 3001 1584; x_wconf 81' lang='grc' dir='ltr'>ἀγνοοῦντος,</span> <span class='ocrx_word' id='word_1_176' title='bbox 3021 1515 3180 1585; x_wconf 76' lang='grc' dir='ltr'>φησι,</span> <span class='ocrx_word' id='word_1_177' title='bbox 3210 1515 3303 1569; x_wconf 89' lang='grc' dir='ltr'><strong>τοῦ</strong></span> <span class='ocrx_word' id='word_1_178' title='bbox 3321 1515 3477 1581; x_wconf 85' lang='grc' dir='ltr'>Θεοῦ,</span> <span class='ocrx_word' id='word_1_179' title='bbox 3510 1515 3730 1570; x_wconf 75' lang='grc' dir='ltr'>ἵσταται</span> 
     </span>
    </p>
   </div>
   <div class='ocr_carea' id='block_1_29' title="bbox 2149 1606 3731 1678">
    <p class='ocr_par' dir='ltr' id='par_1_29' title="bbox 2149 1606 3731 1678">
     <span class='ocr_line' id='line_1_29' title="bbox 2149 1606 3731 1678; baseline -0.001 -18"><span class='ocrx_word' id='word_1_180' title='bbox 2149 1609 2179 1660; x_wconf 87' lang='lat'><strong>6</strong></span> <span class='ocrx_word' id='word_1_181' title='bbox 2206 1606 2491 1678; x_wconf 86' lang='grc' dir='ltr'>ἄνθρωπος</span> <span class='ocrx_word' id='word_1_182' title='bbox 2517 1608 2703 1660; x_wconf 77' lang='grc' dir='ltr'>αἰτῶν.</span> <span class='ocrx_word' id='word_1_183' title='bbox 2731 1625 2750 1659; x_wconf 83' lang='grc' dir='ltr'><strong>ι</strong></span> <span class='ocrx_word' id='word_1_184' title='bbox 2791 1606 2849 1660; x_wconf 89' lang='lat'><strong>&#39;0</strong></span> <span class='ocrx_word' id='word_1_185' title='bbox 2893 1607 3002 1678; x_wconf 77' lang='grc' dir='ltr'>γὰρ</span> <span class='ocrx_word' id='word_1_186' title='bbox 3046 1607 3284 1677; x_wconf 80' lang='grc' dir='ltr'>ἐρευνῶν</span> <span class='ocrx_word' id='word_1_187' title='bbox 3345 1607 3447 1670; x_wconf 82' lang='grc' dir='ltr'>τὰς</span> <span class='ocrx_word' id='word_1_188' title='bbox 3496 1607 3731 1678; x_wconf 76' lang='grc' dir='ltr'><strong>καρδίας</strong></span> 
     </span>
    </p>
   </div>
   <div class='ocr_carea' id='block_1_30' title="bbox 2151 1696 3731 1770">
    <p class='ocr_par' dir='ltr' id='par_1_30' title="bbox 2151 1696 3731 1770">
     <span class='ocr_line' id='line_1_30' title="bbox 2151 1696 3731 1770; baseline -0.001 -16"><span class='ocrx_word' id='word_1_189' title='bbox 2151 1696 2258 1754; x_wconf 79' lang='grc' dir='ltr'>οἶδε</span> <span class='ocrx_word' id='word_1_190' title='bbox 2291 1699 2343 1752; x_wconf 84' lang='grc' dir='ltr'><strong>τί</strong></span> <span class='ocrx_word' id='word_1_191' title='bbox 2387 1700 2452 1752; x_wconf 88' lang='grc' dir='ltr'><strong>τὸ</strong></span> <span class='ocrx_word' id='word_1_192' title='bbox 2489 1699 2744 1770; x_wconf 84' lang='grc' dir='ltr'>φρόνημα</span> <span class='ocrx_word' id='word_1_193' title='bbox 2765 1699 2858 1752; x_wconf 88' lang='grc' dir='ltr'><strong>τοῦ</strong></span> <span class='ocrx_word' id='word_1_194' title='bbox 2884 1697 3219 1769; x_wconf 77' lang='grc' dir='ltr'>Πνεύματος,</span> <span class='ocrx_word' id='word_1_195' title='bbox 3252 1715 3274 1751; x_wconf 74' lang='grc' dir='ltr'><strong>ι</strong></span> <span class='ocrx_word' id='word_1_196' title='bbox 3321 1699 3590 1764; x_wconf 78' lang='grc' dir='ltr'>τουτέστι,</span> <span class='ocrx_word' id='word_1_197' title='bbox 3629 1699 3731 1752; x_wconf 86' lang='grc' dir='ltr'><strong>τοῦ</strong></span> 
     </span>
    </p>
   </div>
   <div class='ocr_carea' id='block_1_31' title="bbox 477 1789 2051 1876">
    <p class='ocr_par' dir='ltr' id='par_1_31' title="bbox 477 1799 2045 1876">
     <span class='ocr_line' id='line_1_31' title="bbox 477 1799 2045 1876; baseline -0.006 -16"><span class='ocrx_word' id='word_1_198' title='bbox 477 1805 612 1861; x_wconf 86' lang='lat' dir='ltr'><strong>Nam</strong></span> <span class='ocrx_word' id='word_1_199' title='bbox 653 1821 774 1874; x_wconf 67' lang='lat' dir='ltr'><strong>quae</strong></span> <span class='ocrx_word' id='word_1_200' title='bbox 809 1805 917 1860; x_wconf 85' lang='lat' dir='ltr'><strong>Deo</strong></span> <span class='ocrx_word' id='word_1_201' title='bbox 947 1814 1102 1876; x_wconf 76' lang='lat' dir='ltr'><strong>grata</strong></span> <span class='ocrx_word' id='word_1_202' title='bbox 1131 1812 1278 1868; x_wconf 87' lang='lat' dir='ltr'><strong>sunt,</strong></span> <span class='ocrx_word' id='word_1_203' title='bbox 1312 1817 1375 1857; x_wconf 89' lang='lat' dir='ltr'><strong>ea</strong></span> <span class='ocrx_word' id='word_1_204' title='bbox 1411 1800 1646 1871; x_wconf 75' lang='lat' dir='ltr'><strong>postulat</strong></span> <span class='ocrx_word' id='word_1_205' title='bbox 1696 1814 1796 1871; x_wconf 89' lang='lat' dir='ltr'><strong>pro</strong></span> <span class='ocrx_word' id='word_1_206' title='bbox 1846 1799 1912 1854; x_wconf 81' lang='lat' dir='ltr'><strong>iis</strong></span> <span class='ocrx_word' id='word_1_207' title='bbox 1956 1799 2045 1868; x_wconf 90' lang='lat' dir='ltr'><strong>qui</strong></span> 
     </span>
    </p>
   </div>
   <div class='ocr_carea' id='block_1_32' title="bbox 2156 1789 3729 1876">
    <p class='ocr_par' dir='ltr' id='par_1_32' title="bbox 2156 1789 3729 1862">
     <span class='ocr_line' id='line_1_32' title="bbox 2156 1789 3729 1862; baseline -0.003 -16"><span class='ocrx_word' id='word_1_208' title='bbox 2156 1793 2531 1862; x_wconf 88' lang='grc' dir='ltr'>πνευματικοῦ</span> <span class='ocrx_word' id='word_1_209' title='bbox 2582 1789 2910 1860; x_wconf 79' lang='grc' dir='ltr'>ἀνθρώπου·</span> <span class='ocrx_word' id='word_1_210' title='bbox 2949 1792 3034 1844; x_wconf 83' lang='grc' dir='ltr'>ὅτι</span> <span class='ocrx_word' id='word_1_211' title='bbox 3075 1790 3143 1844; x_wconf 78' lang='grc' dir='ltr'><strong>τὰ</strong></span> <span class='ocrx_word' id='word_1_212' title='bbox 3171 1789 3430 1844; x_wconf 83' lang='grc' dir='ltr'>δοκοῦντα</span> <span class='ocrx_word' id='word_1_213' title='bbox 3474 1791 3554 1860; x_wconf 87' lang='grc' dir='ltr'>τῷ</span> <span class='ocrx_word' id='word_1_214' title='bbox 3581 1789 3729 1860; x_wconf 82' lang='grc' dir='ltr'>Θεῷ,</span> 
     </span>
    </p>
   </div>
   <div class='ocr_carea' id='block_1_33' title="bbox 478 1864 2051 1962">
    <p class='ocr_par' dir='ltr' id='par_1_33' title="bbox 478 1890 2044 1962">
     <span class='ocr_line' id='line_1_33' title="bbox 478 1890 2044 1962; baseline -0.008 -8"><span class='ocrx_word' id='word_1_215' title='bbox 478 1899 731 1962; x_wconf 70' lang='grc' dir='ltr'>δυιιιςὶη</span> <span class='ocrx_word' id='word_1_216' title='bbox 785 1897 1023 1953; x_wconf 82' lang='lat' dir='ltr'><strong>Ecclesia</strong></span> <span class='ocrx_word' id='word_1_217' title='bbox 1071 1895 1311 1950; x_wconf 84' lang='lat' dir='ltr'><strong>ﬁdeles:</strong></span> <span class='ocrx_word' id='word_1_218' title='bbox 1375 1893 1428 1948; x_wconf 91' lang='lat' dir='ltr'><strong>hi</strong></span> <span class='ocrx_word' id='word_1_219' title='bbox 1477 1893 1645 1959; x_wconf 85' lang='lat' dir='ltr'><strong>enim,</strong></span> <span class='ocrx_word' id='word_1_220' title='bbox 1691 1910 1709 1943; x_wconf 86' lang='grc' dir='ltr'><strong>ι</strong></span> <span class='ocrx_word' id='word_1_221' title='bbox 1777 1890 1973 1945; x_wconf 80' lang='lat' dir='ltr'><strong>sancti.</strong></span> <span class='ocrx_word' id='word_1_222' title='bbox 2025 1908 2044 1941; x_wconf 76' lang='grc' dir='ltr'><strong>ι</strong></span> 
     </span>
    </p>
   </div>
   <div class='ocr_carea' id='block_1_34' title="bbox 2156 1864 3728 1962">
    <p class='ocr_par' dir='ltr' id='par_1_34' title="bbox 2156 1879 3728 1951">
     <span class='ocr_line' id='line_1_34' title="bbox 2156 1879 3728 1951; baseline -0.001 -17"><span class='ocrx_word' id='word_1_223' title='bbox 2156 1882 2340 1934; x_wconf 83' lang='grc' dir='ltr'>ἐκεῖνα</span> <span class='ocrx_word' id='word_1_224' title='bbox 2375 1883 2521 1934; x_wconf 76' lang='grc' dir='ltr'>αἰτεῖ</span> <span class='ocrx_word' id='word_1_225' title='bbox 2551 1879 2690 1950; x_wconf 74' lang='grc' dir='ltr'>ὑπὲρ</span> <span class='ocrx_word' id='word_1_226' title='bbox 2731 1881 2839 1934; x_wconf 88' lang='grc' dir='ltr'><strong>τῶν</strong></span> <span class='ocrx_word' id='word_1_227' title='bbox 2878 1880 2934 1932; x_wconf 83' lang='grc' dir='ltr'>ἐν</span> <span class='ocrx_word' id='word_1_228' title='bbox 2969 1883 3035 1950; x_wconf 77' lang='grc' dir='ltr'>τῇ</span> <span class='ocrx_word' id='word_1_229' title='bbox 3078 1879 3376 1951; x_wconf 74' lang='grc' dir='ltr'>Ἐκκλησία</span> <span class='ocrx_word' id='word_1_230' title='bbox 3399 1881 3446 1914; x_wconf 78' lang='grc'><em>³³</em></span> <span class='ocrx_word' id='word_1_231' title='bbox 3473 1879 3683 1933; x_wconf 84' lang='grc' dir='ltr'>πιστῶν</span> <span class='ocrx_word' id='word_1_232' title='bbox 3709 1895 3728 1910; x_wconf 71' lang='grc' dir='ltr'><strong><em>ο</em></strong></span> 
     </span>
    </p>
   </div>
   <div class='ocr_carea' id='block_1_35' title="bbox 477 1983 2052 2060">
    <p class='ocr_par' dir='ltr' id='par_1_35' title="bbox 477 1983 2052 2060">
     <span class='ocr_line' id='line_1_35' title="bbox 477 1983 2052 2060; baseline -0.007 -14"><span class='ocrx_word' id='word_1_233' title='bbox 477 1993 653 2060; x_wconf 77' lang='lat' dir='ltr'><strong>Atque</strong></span> <span class='ocrx_word' id='word_1_234' title='bbox 689 1992 789 2046; x_wconf 90' lang='lat' dir='ltr'><strong>hoc</strong></span> <span class='ocrx_word' id='word_1_235' title='bbox 841 1989 916 2053; x_wconf 86' lang='lat' dir='ltr'><strong>lit,</strong></span> <span class='ocrx_word' id='word_1_236' title='bbox 954 1997 1012 2040; x_wconf 90' lang='lat' dir='ltr'><strong>ut</strong></span> <span class='ocrx_word' id='word_1_237' title='bbox 1046 2005 1142 2043; x_wconf 91' lang='lat' dir='ltr'><strong>nos</strong></span> <span class='ocrx_word' id='word_1_238' title='bbox 1192 1986 1467 2042; x_wconf 78' lang='lat' dir='ltr'><strong>discamus</strong></span> <span class='ocrx_word' id='word_1_239' title='bbox 1513 1994 1697 2052; x_wconf 83' lang='lat' dir='ltr'><strong>petere</strong></span> <span class='ocrx_word' id='word_1_240' title='bbox 1753 1983 2052 2039; x_wconf 85' lang='lat' dir='ltr'><strong>secundum</strong></span> 
     </span>
    </p>
   </div>
   <div class='ocr_carea' id='block_1_36' title="bbox 480 2071 2055 2150">
    <p class='ocr_par' dir='ltr' id='par_1_36' title="bbox 480 2071 2055 2150">
     <span class='ocr_line' id='line_1_36' title="bbox 480 2071 2055 2150; baseline -0.006 -12"><span class='ocrx_word' id='word_1_241' title='bbox 480 2085 672 2147; x_wconf 86' lang='lat' dir='ltr'><strong>Deum,</strong></span> <span class='ocrx_word' id='word_1_242' title='bbox 701 2081 815 2136; x_wconf 85' lang='lat' dir='ltr'><strong>sive</strong></span> <span class='ocrx_word' id='word_1_243' title='bbox 850 2095 968 2150; x_wconf 60' lang='lat' dir='ltr'><strong>qua</strong></span> <span class='ocrx_word' id='word_1_244' title='bbox 998 2079 1110 2134; x_wconf 86' lang='lat' dir='ltr'><strong>Deo</strong></span> <span class='ocrx_word' id='word_1_245' title='bbox 1157 2078 1425 2149; x_wconf 82' lang='lat' dir='ltr'><strong>placeant.</strong></span> <span class='ocrx_word' id='word_1_246' title='bbox 1453 2074 1589 2141; x_wconf 85' lang='lat' dir='ltr'><strong>Quia</strong></span> <span class='ocrx_word' id='word_1_247' title='bbox 1616 2073 1780 2145; x_wconf 79' lang='lat' dir='ltr'><strong>igitur</strong></span> <span class='ocrx_word' id='word_1_248' title='bbox 1815 2071 2055 2142; x_wconf 87' lang='lat' dir='ltr'><strong>Spiritus</strong></span> 
     </span>
    </p>
   </div>
   <div class='ocr_carea' id='block_1_37' title="bbox 484 2165 2055 2244">
    <p class='ocr_par' dir='ltr' id='par_1_37' title="bbox 484 2165 2055 2244">
     <span class='ocr_line' id='line_1_37' title="bbox 484 2165 2055 2244; baseline -0.004 -16"><span class='ocrx_word' id='word_1_249' title='bbox 484 2174 776 2230; x_wconf 84' lang='lat' dir='ltr'><strong>intercedit</strong></span> <span class='ocrx_word' id='word_1_250' title='bbox 805 2189 904 2244; x_wconf 85' lang='lat' dir='ltr'><strong>pro</strong></span> <span class='ocrx_word' id='word_1_251' title='bbox 945 2173 1120 2236; x_wconf 86' lang='lat' dir='ltr'><strong>nobis,</strong></span> <span class='ocrx_word' id='word_1_252' title='bbox 1163 2185 1235 2227; x_wconf 88' lang='lat' dir='ltr'><strong>ne</strong></span> <span class='ocrx_word' id='word_1_253' title='bbox 1265 2170 1603 2238; x_wconf 65' lang='lat' dir='ltr'><strong>destiondeas</strong></span> <span class='ocrx_word' id='word_1_254' title='bbox 1629 2167 1872 2221; x_wconf 85' lang='lat' dir='ltr'><strong>animum</strong></span> <span class='ocrx_word' id='word_1_255' title='bbox 1900 2165 2055 2236; x_wconf 78' lang='lat' dir='ltr'><strong>quis-</strong></span> 
     </span>
    </p>
   </div>
   <div class='ocr_carea' id='block_1_38' title="bbox 485 2263 1462 2336">
    <p class='ocr_par' dir='ltr' id='par_1_38' title="bbox 485 2263 1462 2336">
     <span class='ocr_line' id='line_1_38' title="bbox 485 2263 1462 2336; baseline -0.008 -15"><span class='ocrx_word' id='word_1_256' title='bbox 485 2269 612 2336; x_wconf 84' lang='lat' dir='ltr'><strong>quis</strong></span> <span class='ocrx_word' id='word_1_257' title='bbox 647 2282 706 2322; x_wconf 90' lang='lat' dir='ltr'><strong>es</strong></span> <span class='ocrx_word' id='word_1_258' title='bbox 743 2268 834 2332; x_wconf 92' lang='lat' dir='ltr'><strong>qui</strong></span> <span class='ocrx_word' id='word_1_259' title='bbox 862 2264 1152 2319; x_wconf 85' lang='lat' dir='ltr'><strong>alllictione</strong></span> <span class='ocrx_word' id='word_1_260' title='bbox 1176 2263 1462 2332; x_wconf 86' lang='lat' dir='ltr'><strong>premeris.</strong></span> 
     </span>
    </p>
   </div>
   <div class='ocr_carea' id='block_1_39' title="bbox 556 2350 2049 2422">
    <p class='ocr_par' dir='ltr' id='par_1_39' title="bbox 556 2350 2049 2422">
     <span class='ocr_line' id='line_1_39' title="bbox 556 2350 2049 2422; baseline -0.004 -12"><span class='ocrx_word' id='word_1_261' title='bbox 556 2356 721 2412; x_wconf 73' lang='lat' dir='ltr'><strong>Vsus.</strong></span> <span class='ocrx_word' id='word_1_262' title='bbox 742 2357 832 2412; x_wconf 71' lang='lat'><strong>28.</strong></span> <span class='ocrx_word' id='word_1_263' title='bbox 859 2376 876 2408; x_wconf 84' lang='grc' dir='ltr'><strong>ι</strong></span> <span class='ocrx_word' id='word_1_264' title='bbox 909 2355 1126 2411; x_wconf 87' lang='lat' dir='ltr'><strong>Scimus</strong></span> <span class='ocrx_word' id='word_1_265' title='bbox 1146 2365 1322 2408; x_wconf 88' lang='lat' dir='ltr'><strong>autem</strong></span> <span class='ocrx_word' id='word_1_266' title='bbox 1349 2353 1490 2422; x_wconf 90' lang='lat' dir='ltr'><strong>quod</strong></span> <span class='ocrx_word' id='word_1_267' title='bbox 1509 2350 1856 2422; x_wconf 78' lang='lat' dir='ltr'><strong>diligentibus</strong></span> <span class='ocrx_word' id='word_1_268' title='bbox 1883 2350 2049 2405; x_wconf 89' lang='lat' dir='ltr'><strong>Deum</strong></span> 
     </span>
    </p>
   </div>
   <div class='ocr_carea' id='block_1_40' title="bbox 476 2443 2048 2517">
    <p class='ocr_par' dir='ltr' id='par_1_40' title="bbox 476 2443 2048 2517">
     <span class='ocr_line' id='line_1_40' title="bbox 476 2443 2048 2517; baseline -0.007 -10"><span class='ocrx_word' id='word_1_269' title='bbox 476 2454 662 2509; x_wconf 83' lang='lat' dir='ltr'><strong>omnia</strong></span> <span class='ocrx_word' id='word_1_270' title='bbox 695 2458 1058 2517; x_wconf 87' lang='lat' dir='ltr'><strong>cooperantur</strong></span> <span class='ocrx_word' id='word_1_271' title='bbox 1107 2447 1161 2500; x_wconf 91' lang='lat' dir='ltr'><strong>in</strong></span> <span class='ocrx_word' id='word_1_272' title='bbox 1206 2446 1426 2509; x_wconf 83' lang='lat' dir='ltr'><strong>bonum,</strong></span> <span class='ocrx_word' id='word_1_273' title='bbox 1488 2445 1555 2498; x_wconf 89' lang='lat' dir='ltr'><strong>iis</strong></span> <span class='ocrx_word' id='word_1_274' title='bbox 1605 2443 1696 2512; x_wconf 89' lang='lat' dir='ltr'><strong>qui</strong></span> <span class='ocrx_word' id='word_1_275' title='bbox 1749 2443 2048 2496; x_wconf 80' lang='lat' dir='ltr'><strong>secundum</strong></span> 
     </span>
    </p>
   </div>
   <div class='ocr_carea' id='block_1_41' title="bbox 479 2533 2054 2616">
    <p class='ocr_par' dir='ltr' id='par_1_41' title="bbox 479 2533 2054 2616">
     <span class='ocr_line' id='line_1_41' title="bbox 479 2533 2054 2616; baseline -0.01 -17"><span class='ocrx_word' id='word_1_276' title='bbox 479 2544 816 2616; x_wconf 81' lang='lat' dir='ltr'><strong>prapositum</strong></span> <span class='ocrx_word' id='word_1_277' title='bbox 843 2540 1022 2596; x_wconf 86' lang='lat' dir='ltr'><strong>vocati</strong></span> <span class='ocrx_word' id='word_1_278' title='bbox 1065 2548 1211 2592; x_wconf 87' lang='lat' dir='ltr'><strong>sunt.</strong></span> <span class='ocrx_word' id='word_1_279' title='bbox 1254 2555 1273 2589; x_wconf 79' lang='grc' dir='ltr'><strong>ι</strong></span> <span class='ocrx_word' id='word_1_280' title='bbox 1311 2536 1438 2601; x_wconf 77' lang='lat' dir='ltr'><strong>Qua:</strong></span> <span class='ocrx_word' id='word_1_281' title='bbox 1469 2533 1580 2600; x_wconf 89' lang='lat' dir='ltr'><strong>jam</strong></span> <span class='ocrx_word' id='word_1_282' title='bbox 1616 2545 1775 2588; x_wconf 87' lang='lat' dir='ltr'><strong>antea</strong></span> <span class='ocrx_word' id='word_1_283' title='bbox 1817 2546 2054 2588; x_wconf 82' lang='lat' dir='ltr'><strong>comme-</strong></span> 
     </span>
    </p>
   </div>
   <div class='ocr_carea' id='block_1_42' title="bbox 482 2625 2054 2704">
    <p class='ocr_par' dir='ltr' id='par_1_42' title="bbox 482 2625 2054 2704">
     <span class='ocr_line' id='line_1_42' title="bbox 482 2625 2054 2704; baseline -0.01 -13"><span class='ocrx_word' id='word_1_284' title='bbox 482 2645 693 2694; x_wconf 75' lang='lat' dir='ltr'><strong>inorata</strong></span> <span class='ocrx_word' id='word_1_285' title='bbox 730 2641 880 2701; x_wconf 85' lang='lat' dir='ltr'><strong>sunt,</strong></span> <span class='ocrx_word' id='word_1_286' title='bbox 919 2644 1136 2704; x_wconf 64' lang='lat' dir='ltr'><strong>nempe,</strong></span> <span class='ocrx_word' id='word_1_287' title='bbox 1187 2630 1328 2697; x_wconf 85' lang='lat' dir='ltr'><strong>quod</strong></span> <span class='ocrx_word' id='word_1_288' title='bbox 1383 2636 1638 2680; x_wconf 87' lang='lat' dir='ltr'><strong>creatura</strong></span> <span class='ocrx_word' id='word_1_289' title='bbox 1677 2625 1922 2693; x_wconf 84' lang='lat' dir='ltr'><strong>subjecta</strong></span> <span class='ocrx_word' id='word_1_290' title='bbox 1969 2631 2054 2676; x_wconf 90' lang='lat' dir='ltr'><strong>est</strong></span> 
     </span>
    </p>
   </div>
   <div class='ocr_carea' id='block_1_43' title="bbox 479 2715 2051 2796">
    <p class='ocr_par' dir='ltr' id='par_1_43' title="bbox 479 2715 2051 2796">
     <span class='ocr_line' id='line_1_43' title="bbox 479 2715 2051 2796; baseline -0.011 -11"><span class='ocrx_word' id='word_1_291' title='bbox 479 2730 709 2786; x_wconf 86' lang='lat' dir='ltr'><strong>vanitati</strong></span> <span class='ocrx_word' id='word_1_292' title='bbox 742 2746 756 2782; x_wconf 94' lang='lat'><strong>:</strong></span> <span class='ocrx_word' id='word_1_293' title='bbox 787 2729 1038 2796; x_wconf 87' lang='lat' dir='ltr'><strong>quodque</strong></span> <span class='ocrx_word' id='word_1_294' title='bbox 1087 2717 1658 2788; x_wconf 68' lang='lat' dir='ltr'><strong>incorruptibilitatem</strong></span> <span class='ocrx_word' id='word_1_295' title='bbox 1717 2715 1790 2768; x_wconf 85' lang='lat' dir='ltr'><strong>sit</strong></span> <span class='ocrx_word' id='word_1_296' title='bbox 1839 2729 2051 2768; x_wconf 81' lang='lat' dir='ltr'><strong>assum-</strong></span> 
     </span>
    </p>
   </div>
   <div class='ocr_carea' id='block_1_44' title="bbox 481 2807 2054 2896">
    <p class='ocr_par' dir='ltr' id='par_1_44' title="bbox 481 2807 2054 2896">
     <span class='ocr_line' id='line_1_44' title="bbox 481 2807 2054 2896; baseline -0.011 -17"><span class='ocrx_word' id='word_1_297' title='bbox 481 2837 644 2896; x_wconf 86' lang='lat' dir='ltr'><strong>ptura</strong></span> <span class='ocrx_word' id='word_1_298' title='bbox 679 2839 696 2876; x_wconf 92' lang='lat'><strong>:</strong></span> <span class='ocrx_word' id='word_1_299' title='bbox 735 2832 792 2874; x_wconf 87' lang='lat' dir='ltr'><strong>et</strong></span> <span class='ocrx_word' id='word_1_300' title='bbox 840 2820 1063 2881; x_wconf 86' lang='lat' dir='ltr'><strong>iterum,</strong></span> <span class='ocrx_word' id='word_1_301' title='bbox 1099 2815 1238 2880; x_wconf 87' lang='lat' dir='ltr'><strong>Quid</strong></span> <span class='ocrx_word' id='word_1_302' title='bbox 1275 2829 1434 2868; x_wconf 82' lang='lat' dir='ltr'><strong>orare</strong></span> <span class='ocrx_word' id='word_1_303' title='bbox 1470 2807 1788 2870; x_wconf 72' lang='lat' dir='ltr'><strong>debeamus,</strong></span> <span class='ocrx_word' id='word_1_304' title='bbox 1837 2807 2054 2877; x_wconf 75' lang='lat' dir='ltr'><strong>ignora-</strong></span> 
     </span>
    </p>
   </div>
   <div class='ocr_carea' id='block_1_45' title="bbox 482 2897 2055 2971">
    <p class='ocr_par' dir='ltr' id='par_1_45' title="bbox 482 2897 2055 2971">
     <span class='ocr_line' id='line_1_45' title="bbox 482 2897 2055 2971; baseline -0.013 0"><span class='ocrx_word' id='word_1_305' title='bbox 482 2930 606 2971; x_wconf 86' lang='lat' dir='ltr'><strong>mus</strong></span> <span class='ocrx_word' id='word_1_306' title='bbox 635 2933 651 2968; x_wconf 92' lang='lat'><strong>:</strong></span> <span class='ocrx_word' id='word_1_307' title='bbox 678 2911 1086 2966; x_wconf 83' lang='lat' dir='ltr'><strong>admonitiones</strong></span> <span class='ocrx_word' id='word_1_308' title='bbox 1116 2917 1273 2961; x_wconf 89' lang='lat' dir='ltr'><strong>erant</strong></span> <span class='ocrx_word' id='word_1_309' title='bbox 1303 2905 1370 2959; x_wconf 89' lang='lat' dir='ltr'><strong>iis</strong></span> <span class='ocrx_word' id='word_1_310' title='bbox 1412 2903 1502 2971; x_wconf 87' lang='lat' dir='ltr'><strong>qui</strong></span> <span class='ocrx_word' id='word_1_311' title='bbox 1534 2902 1716 2955; x_wconf 67' lang='lat' dir='ltr'><strong>llonra&#39;</strong></span> <span class='ocrx_word' id='word_1_312' title='bbox 1747 2897 2055 2968; x_wconf 63' lang='lat' dir='ltr'><strong>adﬁgeban—</strong></span> 
     </span>
    </p>
   </div>
   <div class='ocr_carea' id='block_1_46' title="bbox 484 2989 2050 3072">
    <p class='ocr_par' dir='ltr' id='par_1_46' title="bbox 484 2989 2050 3072">
     <span class='ocr_line' id='line_1_46' title="bbox 484 2989 2050 3072; baseline -0.015 -9"><span class='ocrx_word' id='word_1_313' title='bbox 484 3022 596 3072; x_wconf 90' lang='lat' dir='ltr'><strong>tur,</strong></span> <span class='ocrx_word' id='word_1_314' title='bbox 644 3003 804 3059; x_wconf 85' lang='lat' dir='ltr'><strong>sicuti</strong></span> <span class='ocrx_word' id='word_1_315' title='bbox 855 2999 1259 3055; x_wconf 84' lang='lat' dir='ltr'><strong>annotavimus.</strong></span> <span class='ocrx_word' id='word_1_316' title='bbox 1309 2995 1438 3060; x_wconf 65' lang='lat' dir='ltr'><strong>Qua</strong></span> <span class='ocrx_word' id='word_1_317' title='bbox 1495 3007 1621 3046; x_wconf 87' lang='lat' dir='ltr'><strong>vero</strong></span> <span class='ocrx_word' id='word_1_318' title='bbox 1671 3008 1814 3045; x_wconf 91' lang='lat' dir='ltr'><strong>nunc</strong></span> <span class='ocrx_word' id='word_1_319' title='bbox 1848 2989 2050 3054; x_wconf 86' lang='lat' dir='ltr'><strong>subdit,</strong></span> 
     </span>
    </p>
   </div>
   <div class='ocr_carea' id='block_1_47' title="bbox 483 3082 2053 3155">
    <p class='ocr_par' dir='ltr' id='par_1_47' title="bbox 483 3082 2053 3155">
     <span class='ocr_line' id='line_1_47' title="bbox 483 3082 2053 3155; baseline -0.015 0"><span class='ocrx_word' id='word_1_320' title='bbox 483 3097 727 3155; x_wconf 88' lang='lat' dir='ltr'><strong>omnium</strong></span> <span class='ocrx_word' id='word_1_321' title='bbox 772 3105 898 3148; x_wconf 89' lang='lat' dir='ltr'><strong>sunt</strong></span> <span class='ocrx_word' id='word_1_322' title='bbox 945 3088 1408 3145; x_wconf 78' lang='lat' dir='ltr'><strong>manifestissima.</strong></span> <span class='ocrx_word' id='word_1_323' title='bbox 1440 3085 1571 3139; x_wconf 85' lang='lat' dir='ltr'><strong>Nam</strong></span> <span class='ocrx_word' id='word_1_324' title='bbox 1626 3101 1646 3135; x_wconf 82' lang='grc' dir='ltr'><strong>ι</strong></span> <span class='ocrx_word' id='word_1_325' title='bbox 1706 3082 2053 3151; x_wconf 71' lang='lat' dir='ltr'><strong>diligentibus</strong></span> 
     </span>
    </p>
   </div>
   <div class='ocr_carea' id='block_1_48' title="bbox 2154 1968 3731 2047">
    <p class='ocr_par' dir='ltr' id='par_1_48' title="bbox 2154 1968 3731 2047">
     <span class='ocr_line' id='line_1_48' title="bbox 2154 1968 3731 2047; baseline -0.001 -19"><span class='ocrx_word' id='word_1_326' title='bbox 2154 1968 2300 2028; x_wconf 76' lang='grc' dir='ltr'>οὗτοι</span> <span class='ocrx_word' id='word_1_327' title='bbox 2324 1975 2434 2045; x_wconf 80' lang='grc' dir='ltr'>γὰρ</span> <span class='ocrx_word' id='word_1_328' title='bbox 2471 1992 2490 2026; x_wconf 84' lang='grc' dir='ltr'><strong>ι</strong></span> <span class='ocrx_word' id='word_1_329' title='bbox 2536 1975 2584 2027; x_wconf 71' lang='grc' dir='ltr'>οἱ</span> <span class='ocrx_word' id='word_1_330' title='bbox 2610 1974 2777 2042; x_wconf 69' lang='grc' dir='ltr'>ἅγιοι.</span> <span class='ocrx_word' id='word_1_331' title='bbox 2815 1993 2834 2026; x_wconf 78' lang='grc' dir='ltr'><strong>ι</strong></span> <span class='ocrx_word' id='word_1_332' title='bbox 2865 1975 3079 2028; x_wconf 75' lang='grc' dir='ltr'>Γίνεται</span> <span class='ocrx_word' id='word_1_333' title='bbox 3103 1974 3159 2027; x_wconf 75' lang='grc' dir='ltr'><strong>δὲ</strong></span> <span class='ocrx_word' id='word_1_334' title='bbox 3188 1969 3372 2038; x_wconf 65' lang='grc' dir='ltr'>τοῦτο,</span> <span class='ocrx_word' id='word_1_335' title='bbox 3425 1976 3515 2028; x_wconf 77' lang='grc' dir='ltr'><strong>ἵνα</strong></span> <span class='ocrx_word' id='word_1_336' title='bbox 3561 1975 3731 2047; x_wconf 75' lang='grc' dir='ltr'>ἡμεῖς</span> 
     </span>
    </p>
   </div>
   <div class='ocr_carea' id='block_1_49' title="bbox 2158 2066 3733 2137">
    <p class='ocr_par' dir='ltr' id='par_1_49' title="bbox 2158 2066 3733 2137">
     <span class='ocr_line' id='line_1_49' title="bbox 2158 2066 3733 2137; baseline -0.001 -17"><span class='ocrx_word' id='word_1_337' title='bbox 2158 2067 2521 2136; x_wconf 81' lang='grc' dir='ltr'><strong>μανθάνωμεν</strong></span> <span class='ocrx_word' id='word_1_338' title='bbox 2535 2068 2706 2120; x_wconf 79' lang='grc' dir='ltr'>αἰτεῖν</span> <span class='ocrx_word' id='word_1_339' title='bbox 2724 2067 2865 2120; x_wconf 78' lang='grc' dir='ltr'>κατὰ</span> <span class='ocrx_word' id='word_1_340' title='bbox 2880 2067 3034 2131; x_wconf 82' lang='grc' dir='ltr'>Θεὸν,</span> <span class='ocrx_word' id='word_1_341' title='bbox 3053 2067 3223 2137; x_wconf 83' lang='grc' dir='ltr'>ῆγουν</span> <span class='ocrx_word' id='word_1_342' title='bbox 3239 2066 3314 2120; x_wconf 80' lang='grc' dir='ltr'><strong>τὰ’</strong></span> <span class='ocrx_word' id='word_1_343' title='bbox 3328 2069 3635 2137; x_wconf 79' lang='grc' dir='ltr'>ἀρέσκοντα</span> <span class='ocrx_word' id='word_1_344' title='bbox 3650 2067 3733 2136; x_wconf 82' lang='grc' dir='ltr'>τῷ</span> 
     </span>
    </p>
   </div>
   <div class='ocr_carea' id='block_1_50' title="bbox 2154 2154 3730 2230">
    <p class='ocr_par' dir='ltr' id='par_1_50' title="bbox 2154 2154 3730 2230">
     <span class='ocr_line' id='line_1_50' title="bbox 2154 2154 3730 2230; baseline -0.003 -15"><span class='ocrx_word' id='word_1_345' title='bbox 2154 2159 2298 2229; x_wconf 83' lang='grc' dir='ltr'>Θεῷ.</span> <span class='ocrx_word' id='word_1_346' title='bbox 2353 2158 2508 2212; x_wconf 78' lang='grc' dir='ltr'>Ἐπεὶ</span> <span class='ocrx_word' id='word_1_347' title='bbox 2536 2154 2630 2214; x_wconf 82' lang='grc' dir='ltr'>οὖν</span> <span class='ocrx_word' id='word_1_348' title='bbox 2653 2158 2715 2211; x_wconf 87' lang='grc' dir='ltr'><strong>τὸ</strong></span> <span class='ocrx_word' id='word_1_349' title='bbox 2745 2156 2973 2228; x_wconf 81' lang='grc' dir='ltr'>Πνεῦμα</span> <span class='ocrx_word' id='word_1_350' title='bbox 3014 2159 3155 2230; x_wconf 81' lang='grc' dir='ltr'>ὑπὲρ</span> <span class='ocrx_word' id='word_1_351' title='bbox 3185 2158 3344 2230; x_wconf 80' lang='grc' dir='ltr'>ήμῶν</span> <span class='ocrx_word' id='word_1_352' title='bbox 3386 2159 3730 2229; x_wconf 79' lang='grc' dir='ltr'>ἐντυγχάνει,</span> 
     </span>
    </p>
   </div>
   <div class='ocr_carea' id='block_1_51' title="bbox 2157 2249 2904 2322">
    <p class='ocr_par' dir='ltr' id='par_1_51' title="bbox 2157 2249 2904 2322">
     <span class='ocr_line' id='line_1_51' title="bbox 2157 2249 2904 2322; baseline 0.001 -19"><span class='ocrx_word' id='word_1_353' title='bbox 2157 2252 2233 2322; x_wconf 79' lang='grc' dir='ltr'>μὴ</span> <span class='ocrx_word' id='word_1_354' title='bbox 2271 2249 2464 2317; x_wconf 86' lang='grc' dir='ltr'>λυποῦ,</span> <span class='ocrx_word' id='word_1_355' title='bbox 2496 2253 2524 2302; x_wconf 88' lang='lat'><strong>6</strong></span> <span class='ocrx_word' id='word_1_356' title='bbox 2565 2249 2904 2318; x_wconf 87' lang='grc' dir='ltr'>θλιϐόμενος.</span> 
     </span>
    </p>
   </div>
   <div class='ocr_carea' id='block_1_52' title="bbox 2232 2338 3731 2410">
    <p class='ocr_par' dir='ltr' id='par_1_52' title="bbox 2232 2338 3731 2410">
     <span class='ocr_line' id='line_1_52' title="bbox 2232 2338 3731 2410; baseline 0.001 -16"><span class='ocrx_word' id='word_1_357' title='bbox 2232 2360 2251 2394; x_wconf 80' lang='grc' dir='ltr'><strong>ι</strong></span> <span class='ocrx_word' id='word_1_358' title='bbox 2287 2341 2526 2410; x_wconf 79' lang='grc' dir='ltr'>Οίδαμεν</span> <span class='ocrx_word' id='word_1_359' title='bbox 2564 2341 2622 2393; x_wconf 77' lang='grc' dir='ltr'><strong>δέ</strong></span> <span class='ocrx_word' id='word_1_360' title='bbox 2667 2341 2749 2394; x_wconf 81' lang='grc' dir='ltr'><strong>ὅτι</strong></span> <span class='ocrx_word' id='word_1_361' title='bbox 2779 2342 2892 2404; x_wconf 88' lang='grc' dir='ltr'>τοῖς</span> <span class='ocrx_word' id='word_1_362' title='bbox 2924 2338 3181 2408; x_wconf 77' lang='grc' dir='ltr'>ἀγαπῶσι</span> <span class='ocrx_word' id='word_1_363' title='bbox 3225 2340 3318 2394; x_wconf 81' lang='grc' dir='ltr'><strong>τὸν</strong></span> <span class='ocrx_word' id='word_1_364' title='bbox 3368 2338 3522 2404; x_wconf 79' lang='grc' dir='ltr'>Θεὸν,</span> <span class='ocrx_word' id='word_1_365' title='bbox 3549 2341 3731 2397; x_wconf 73' lang='grc' dir='ltr'>πάντα</span> 
     </span>
    </p>
   </div>
   <div class='ocr_carea' id='block_1_53' title="bbox 2157 2430 3732 2503">
    <p class='ocr_par' dir='ltr' id='par_1_53' title="bbox 2157 2430 3732 2503">
     <span class='ocr_line' id='line_1_53' title="bbox 2157 2430 3732 2503; baseline -0.003 -17"><span class='ocrx_word' id='word_1_366' title='bbox 2157 2435 2416 2502; x_wconf 81' lang='grc' dir='ltr'>συνεργεῖ</span> <span class='ocrx_word' id='word_1_367' title='bbox 2447 2434 2528 2494; x_wconf 88' lang='grc' dir='ltr'>εἰς</span> <span class='ocrx_word' id='word_1_368' title='bbox 2562 2431 2578 2461; x_wconf 84' lang='grc'>¹</span> <span class='ocrx_word' id='word_1_369' title='bbox 2607 2431 2667 2483; x_wconf 88' lang='grc' dir='ltr'><strong>τὸ</strong></span> <span class='ocrx_word' id='word_1_370' title='bbox 2697 2430 2923 2500; x_wconf 83' lang='grc' dir='ltr'>ἀγαθὸν,</span> <span class='ocrx_word' id='word_1_371' title='bbox 2960 2434 3073 2494; x_wconf 84' lang='grc' dir='ltr'>τοῖς</span> <span class='ocrx_word' id='word_1_372' title='bbox 3113 2431 3254 2484; x_wconf 79' lang='grc' dir='ltr'>κατὰ</span> <span class='ocrx_word' id='word_1_373' title='bbox 3287 2430 3547 2503; x_wconf 83' lang='grc' dir='ltr'>πρόθεσιν</span> <span class='ocrx_word' id='word_1_374' title='bbox 3594 2432 3732 2502; x_wconf 82' lang='grc' dir='ltr'>κλη-</span> 
     </span>
    </p>
   </div>
   <div class='ocr_carea' id='block_1_54' title="bbox 2155 2522 3723 2594">
    <p class='ocr_par' dir='ltr' id='par_1_54' title="bbox 2155 2522 3723 2594">
     <span class='ocr_line' id='line_1_54' title="bbox 2155 2522 3723 2594; baseline -0.003 -15"><span class='ocrx_word' id='word_1_375' title='bbox 2155 2529 2265 2587; x_wconf 85' lang='grc' dir='ltr'>τοῖς</span> <span class='ocrx_word' id='word_1_376' title='bbox 2285 2522 2455 2578; x_wconf 85' lang='grc' dir='ltr'>οὖσιν.</span> <span class='ocrx_word' id='word_1_377' title='bbox 2485 2543 2503 2576; x_wconf 79' lang='grc' dir='ltr'><strong>ι</strong></span> <span class='ocrx_word' id='word_1_378' title='bbox 2529 2524 2636 2576; x_wconf 74' lang='grc' dir='ltr'><strong>Καὶ</strong></span> <span class='ocrx_word' id='word_1_379' title='bbox 2665 2523 2734 2576; x_wconf 78' lang='grc' dir='ltr'><strong>τὰ</strong></span> <span class='ocrx_word' id='word_1_380' title='bbox 2773 2523 3036 2594; x_wconf 86' lang='grc' dir='ltr'>πρότερον</span> <span class='ocrx_word' id='word_1_381' title='bbox 3064 2522 3162 2594; x_wconf 84' lang='grc' dir='ltr'>μὲν</span> <span class='ocrx_word' id='word_1_382' title='bbox 3183 2522 3470 2593; x_wconf 74' lang='grc' dir='ltr'>εἰρημένα,</span> <span class='ocrx_word' id='word_1_383' title='bbox 3489 2523 3551 2577; x_wconf 81' lang='grc' dir='ltr'>ὅτ</span> <span class='ocrx_word' id='word_1_384' title='bbox 3577 2542 3594 2575; x_wconf 86' lang='grc' dir='ltr'><strong>ι</strong></span> <span class='ocrx_word' id='word_1_385' title='bbox 3656 2523 3723 2576; x_wconf 81' lang='grc' dir='ltr'><strong>Ἦ</strong></span> 
     </span>
    </p>
   </div>
   <div class='ocr_carea' id='block_1_55' title="bbox 2156 2613 3732 2683">
    <p class='ocr_par' dir='ltr' id='par_1_55' title="bbox 2156 2613 3732 2683">
     <span class='ocr_line' id='line_1_55' title="bbox 2156 2613 3732 2683; baseline -0.004 -11"><span class='ocrx_word' id='word_1_386' title='bbox 2156 2617 2332 2678; x_wconf 77' lang='grc' dir='ltr'>κτίσις</span> <span class='ocrx_word' id='word_1_387' title='bbox 2357 2613 2600 2683; x_wconf 80' lang='grc' dir='ltr'>ὑπετάγη</span> <span class='ocrx_word' id='word_1_388' title='bbox 2631 2615 2700 2681; x_wconf 77' lang='grc' dir='ltr'>τῇ</span> <span class='ocrx_word' id='word_1_389' title='bbox 2747 2613 3103 2682; x_wconf 82' lang='grc' dir='ltr'>ματαιότητι·</span> <span class='ocrx_word' id='word_1_390' title='bbox 3149 2630 3169 2665; x_wconf 79' lang='grc' dir='ltr'><strong>ι</strong></span> <span class='ocrx_word' id='word_1_391' title='bbox 3206 2613 3320 2677; x_wconf 83' lang='grc' dir='ltr'>καὶ,</span> <span class='ocrx_word' id='word_1_392' title='bbox 3352 2613 3436 2666; x_wconf 81' lang='grc' dir='ltr'><strong>ὅτι</strong></span> <span class='ocrx_word' id='word_1_393' title='bbox 3460 2613 3732 2682; x_wconf 61' lang='grc' dir='ltr'>ἀφθαρτιτ</span> 
     </span>
    </p>
   </div>
   <div class='ocr_carea' id='block_1_56' title="bbox 2155 2703 3738 2778">
    <p class='ocr_par' dir='ltr' id='par_1_56' title="bbox 2155 2703 3738 2778">
     <span class='ocr_line' id='line_1_56' title="bbox 2155 2703 3738 2778; baseline -0.001 -18"><span class='ocrx_word' id='word_1_394' title='bbox 2155 2709 2414 2778; x_wconf 79' lang='grc' dir='ltr'>σθήσεται</span> <span class='ocrx_word' id='word_1_395' title='bbox 2433 2724 2446 2740; x_wconf 76' lang='grc' dir='ltr'><strong>ο</strong></span> <span class='ocrx_word' id='word_1_396' title='bbox 2469 2707 2564 2761; x_wconf 72' lang='grc' dir='ltr'><strong>καὶ</strong></span> <span class='ocrx_word' id='word_1_397' title='bbox 2584 2707 2735 2770; x_wconf 73' lang='grc' dir='ltr'>αὖθις</span> <span class='ocrx_word' id='word_1_398' title='bbox 2759 2706 2842 2768; x_wconf 84' lang='grc' dir='ltr'><strong>τὸ,</strong></span> <span class='ocrx_word' id='word_1_399' title='bbox 2873 2723 2891 2758; x_wconf 86' lang='grc' dir='ltr'><strong>ι</strong></span> <span class='ocrx_word' id='word_1_400' title='bbox 2928 2705 2993 2756; x_wconf 84' lang='grc' dir='ltr'><strong>Τί</strong></span> <span class='ocrx_word' id='word_1_401' title='bbox 3018 2703 3432 2774; x_wconf 74' lang='grc' dir='ltr'>προσευξόμεθα</span> <span class='ocrx_word' id='word_1_402' title='bbox 3461 2705 3563 2758; x_wconf 79' lang='grc' dir='ltr'><strong>οὐκ</strong></span> <span class='ocrx_word' id='word_1_403' title='bbox 3586 2703 3738 2758; x_wconf 62' lang='lat' dir='ltr'><strong>ofﬁc.-</strong></span> 
     </span>
    </p>
   </div>
   <div class='ocr_carea' id='block_1_57' title="bbox 2159 2792 3734 2873">
    <p class='ocr_par' dir='ltr' id='par_1_57' title="bbox 2159 2792 3734 2873">
     <span class='ocr_line' id='line_1_57' title="bbox 2159 2792 3734 2873; baseline -0.004 -18"><span class='ocrx_word' id='word_1_404' title='bbox 2159 2819 2279 2873; x_wconf 85' lang='grc' dir='ltr'>μεν,</span> <span class='ocrx_word' id='word_1_405' title='bbox 2325 2820 2345 2853; x_wconf 79' lang='grc' dir='ltr'><strong>ι</strong></span> <span class='ocrx_word' id='word_1_406' title='bbox 2385 2801 2733 2871; x_wconf 75' lang='grc' dir='ltr'>παραινέσεις</span> <span class='ocrx_word' id='word_1_407' title='bbox 2755 2799 2898 2866; x_wconf 77' lang='grc' dir='ltr'>τινὲς</span> <span class='ocrx_word' id='word_1_408' title='bbox 2924 2792 3062 2869; x_wconf 75' lang='grc' dir='ltr'>ἦσαν</span> <span class='ocrx_word' id='word_1_409' title='bbox 3087 2801 3200 2862; x_wconf 84' lang='grc' dir='ltr'>τοῖς</span> <span class='ocrx_word' id='word_1_410' title='bbox 3233 2799 3293 2850; x_wconf 80' lang='grc' dir='ltr'><strong>ἐν</strong></span> <span class='ocrx_word' id='word_1_411' title='bbox 3326 2796 3514 2870; x_wconf 75' lang='grc' dir='ltr'><strong>Ῥώμῃ</strong></span> <span class='ocrx_word' id='word_1_412' title='bbox 3534 2814 3734 2855; x_wconf 82' lang='grc' dir='ltr'>κακου-</span> 
     </span>
    </p>
   </div>
   <div class='ocr_carea' id='block_1_58' title="bbox 2155 2889 3734 2967">
    <p class='ocr_par' dir='ltr' id='par_1_58' title="bbox 2155 2889 3734 2967">
     <span class='ocr_line' id='line_1_58' title="bbox 2155 2889 3734 2967; baseline -0.004 -19"><span class='ocrx_word' id='word_1_413' title='bbox 2155 2893 2444 2967; x_wconf 84' lang='grc' dir='ltr'>χουμένοις</span> <span class='ocrx_word' id='word_1_414' title='bbox 2471 2894 2546 2957; x_wconf 81' lang='grc' dir='ltr'>ὡς</span> <span class='ocrx_word' id='word_1_415' title='bbox 2579 2891 3162 2964; x_wconf 79' lang='grc' dir='ltr'>παρεσημειωσάμεθα</span> <span class='ocrx_word' id='word_1_416' title='bbox 3184 2906 3198 2922; x_wconf 73' lang='grc' dir='ltr'><strong>ο</strong></span> <span class='ocrx_word' id='word_1_417' title='bbox 3224 2891 3296 2944; x_wconf 83' lang='grc' dir='ltr'>τὰ</span> <span class='ocrx_word' id='word_1_418' title='bbox 3337 2891 3397 2944; x_wconf 78' lang='grc' dir='ltr'><strong>δὲ</strong></span> <span class='ocrx_word' id='word_1_419' title='bbox 3421 2889 3539 2956; x_wconf 90' lang='grc' dir='ltr'>νῦν,</span> <span class='ocrx_word' id='word_1_420' title='bbox 3573 2906 3734 2958; x_wconf 77' lang='grc' dir='ltr'>φανεο</span> 
     </span>
    </p>
   </div>
   <div class='ocr_carea' id='block_1_59' title="bbox 2157 2980 3726 3057">
    <p class='ocr_par' dir='ltr' id='par_1_59' title="bbox 2157 2980 3726 3057">
     <span class='ocr_line' id='line_1_59' title="bbox 2157 2980 3726 3057; baseline -0.004 -18"><span class='ocrx_word' id='word_1_421' title='bbox 2157 2984 2378 3057; x_wconf 82' lang='grc' dir='ltr'>ρώτατα</span> <span class='ocrx_word' id='word_1_422' title='bbox 2421 2986 2461 3038; x_wconf 79' lang='grc'>⁸.</span> <span class='ocrx_word' id='word_1_423' title='bbox 2509 3003 2529 3036; x_wconf 81' lang='grc' dir='ltr'><strong>ι</strong></span> <span class='ocrx_word' id='word_1_424' title='bbox 2586 2986 2710 3047; x_wconf 83' lang='grc' dir='ltr'>Τοῖς</span> <span class='ocrx_word' id='word_1_425' title='bbox 2744 2983 2854 3054; x_wconf 84' lang='grc' dir='ltr'>γὰρ</span> <span class='ocrx_word' id='word_1_426' title='bbox 2881 2983 3134 3051; x_wconf 82' lang='grc' dir='ltr'>ἀγαπῶσι</span> <span class='ocrx_word' id='word_1_427' title='bbox 3167 2980 3256 3036; x_wconf 92' lang='grc' dir='ltr'>τὸν</span> <span class='ocrx_word' id='word_1_428' title='bbox 3285 2981 3440 3049; x_wconf 83' lang='grc' dir='ltr'>Θεὸν,</span> <span class='ocrx_word' id='word_1_429' title='bbox 3474 2981 3674 3043; x_wconf 78' lang='grc' dir='ltr'>πάντα,</span> <span class='ocrx_word' id='word_1_430' title='bbox 3702 2997 3726 3032; x_wconf 73' lang='grc' dir='ltr'><strong>ι</strong></span> 
     </span>
    </p>
   </div>
   <div class='ocr_carea' id='block_1_60' title="bbox 2155 3073 3736 3147">
    <p class='ocr_par' dir='ltr' id='par_1_60' title="bbox 2155 3073 3736 3147">
     <span class='ocr_line' id='line_1_60' title="bbox 2155 3073 3736 3147; baseline -0.004 -14"><span class='ocrx_word' id='word_1_431' title='bbox 2155 3081 2250 3133; x_wconf 79' lang='grc' dir='ltr'><strong>καὶ</strong></span> <span class='ocrx_word' id='word_1_432' title='bbox 2293 3078 2365 3132; x_wconf 83' lang='grc' dir='ltr'><strong>τὰ</strong></span> <span class='ocrx_word' id='word_1_433' title='bbox 2410 3077 2673 3133; x_wconf 86' lang='grc' dir='ltr'>δοκοῦντα</span> <span class='ocrx_word' id='word_1_434' title='bbox 2703 3077 2940 3147; x_wconf 87' lang='grc' dir='ltr'>δυσχερῆ</span> <span class='ocrx_word' id='word_1_435' title='bbox 2993 3075 3090 3129; x_wconf 72' lang='grc' dir='ltr'>καὶ</span> <span class='ocrx_word' id='word_1_436' title='bbox 3134 3073 3382 3144; x_wconf 80' lang='grc' dir='ltr'>θλιϐερὰ,</span> <span class='ocrx_word' id='word_1_437' title='bbox 3417 3091 3437 3125; x_wconf 78' lang='grc' dir='ltr'><strong>ι</strong></span> <span class='ocrx_word' id='word_1_438' title='bbox 3476 3075 3736 3144; x_wconf 82' lang='grc' dir='ltr'>συνεργεῖ</span> 
     </span>
    </p>
   </div>
   <div class='ocr_carea' id='block_1_61' title="bbox 485 3168 2051 3252">
    <p class='ocr_par' dir='ltr' id='par_1_61' title="bbox 485 3177 2051 3252">
     <span class='ocr_line' id='line_1_61' title="bbox 485 3177 2051 3252; baseline -0.011 -10"><span class='ocrx_word' id='word_1_439' title='bbox 485 3189 682 3252; x_wconf 89' lang='lat' dir='ltr'><strong>Deum,</strong></span> <span class='ocrx_word' id='word_1_440' title='bbox 713 3186 921 3250; x_wconf 86' lang='lat' dir='ltr'><strong>omnia,</strong></span> <span class='ocrx_word' id='word_1_441' title='bbox 964 3201 983 3234; x_wconf 76' lang='grc' dir='ltr'><strong>ι</strong></span> <span class='ocrx_word' id='word_1_442' title='bbox 1037 3179 1383 3251; x_wconf 85' lang='lat' dir='ltr'><strong>quantumvis</strong></span> <span class='ocrx_word' id='word_1_443' title='bbox 1450 3179 1615 3230; x_wconf 89' lang='lat' dir='ltr'><strong>ardua</strong></span> <span class='ocrx_word' id='word_1_444' title='bbox 1665 3177 1948 3228; x_wconf 89' lang='lat' dir='ltr'><strong>videantur</strong></span> <span class='ocrx_word' id='word_1_445' title='bbox 1999 3182 2051 3227; x_wconf 89' lang='lat' dir='ltr'><strong>et</strong></span> 
     </span>
    </p>
   </div>
   <div class='ocr_carea' id='block_1_62' title="bbox 2156 3168 3732 3252">
    <p class='ocr_par' dir='ltr' id='par_1_62' title="bbox 2169 3168 3732 3242">
     <span class='ocr_line' id='line_1_62' title="bbox 2169 3168 3732 3242; baseline -0.005 -14"><span class='ocrx_word' id='word_1_446' title='bbox 2169 3178 2245 3238; x_wconf 80' lang='grc' dir='ltr'><strong>είς</strong></span> <span class='ocrx_word' id='word_1_447' title='bbox 2277 3174 2338 3227; x_wconf 91' lang='grc' dir='ltr'><strong>τὸ</strong></span> <span class='ocrx_word' id='word_1_448' title='bbox 2368 3173 2593 3242; x_wconf 85' lang='grc' dir='ltr'>ἀγαθόν.</span> <span class='ocrx_word' id='word_1_449' title='bbox 2631 3191 2652 3226; x_wconf 75' lang='grc' dir='ltr'><strong>ι</strong></span> <span class='ocrx_word' id='word_1_450' title='bbox 2691 3174 2807 3226; x_wconf 82' lang='grc' dir='ltr'>Οὐκ</span> <span class='ocrx_word' id='word_1_451' title='bbox 2851 3169 2972 3224; x_wconf 81' lang='grc' dir='ltr'>εἷπε</span> <span class='ocrx_word' id='word_1_452' title='bbox 3011 3171 3087 3236; x_wconf 85' lang='grc' dir='ltr'><strong>δὲ,</strong></span> <span class='ocrx_word' id='word_1_453' title='bbox 3119 3171 3203 3224; x_wconf 85' lang='grc' dir='ltr'>ὅτι</span> <span class='ocrx_word' id='word_1_454' title='bbox 3243 3169 3396 3223; x_wconf 82' lang='grc' dir='ltr'>οὐδὲν</span> <span class='ocrx_word' id='word_1_455' title='bbox 3434 3168 3732 3238; x_wconf 77' lang='grc' dir='ltr'>ἐπέρχεται</span> 
     </span>
    </p>
   </div>
   <div class='ocr_carea' id='block_1_63' title="bbox 485 3267 2054 3350">
    <p class='ocr_par' dir='ltr' id='par_1_63' title="bbox 485 3267 2054 3350">
     <span class='ocr_line' id='line_1_63' title="bbox 485 3267 2054 3350; baseline -0.011 -15"><span class='ocrx_word' id='word_1_456' title='bbox 485 3294 699 3350; x_wconf 76' lang='lat' dir='ltr'><strong>aspera,</strong></span> <span class='ocrx_word' id='word_1_457' title='bbox 731 3295 749 3330; x_wconf 83' lang='lat' dir='ltr'><strong>t</strong></span> <span class='ocrx_word' id='word_1_458' title='bbox 785 3276 836 3332; x_wconf 90' lang='lat' dir='ltr'><strong>in</strong></span> <span class='ocrx_word' id='word_1_459' title='bbox 862 3277 1058 3330; x_wconf 87' lang='lat' dir='ltr'><strong>bonum</strong></span> <span class='ocrx_word' id='word_1_460' title='bbox 1088 3280 1472 3342; x_wconf 71' lang='lat' dir='ltr'><strong>uioperantur.</strong></span> <span class='ocrx_word' id='word_1_461' title='bbox 1501 3287 1518 3320; x_wconf 83' lang='grc' dir='ltr'><strong>ι</strong></span> <span class='ocrx_word' id='word_1_462' title='bbox 1549 3268 1667 3322; x_wconf 84' lang='lat' dir='ltr'><strong>Non</strong></span> <span class='ocrx_word' id='word_1_463' title='bbox 1691 3267 1828 3324; x_wconf 76' lang='lat' dir='ltr'><strong>dixit</strong></span> <span class='ocrx_word' id='word_1_464' title='bbox 1851 3277 2054 3328; x_wconf 87' lang='lat' dir='ltr'><strong>autem,</strong></span> 
     </span>
    </p>
   </div>
   <div class='ocr_carea' id='block_1_64' title="bbox 485 3359 2048 3440">
    <p class='ocr_par' dir='ltr' id='par_1_64' title="bbox 485 3359 2048 3440">
     <span class='ocr_line' id='line_1_64' title="bbox 485 3359 2048 3440; baseline -0.007 -16"><span class='ocrx_word' id='word_1_465' title='bbox 485 3371 629 3440; x_wconf 86' lang='lat' dir='ltr'><strong>quod</strong></span> <span class='ocrx_word' id='word_1_466' title='bbox 655 3369 788 3426; x_wconf 87' lang='lat' dir='ltr'><strong>nihil</strong></span> <span class='ocrx_word' id='word_1_467' title='bbox 822 3368 998 3433; x_wconf 84' lang='lat' dir='ltr'><strong>triste,</strong></span> <span class='ocrx_word' id='word_1_468' title='bbox 1032 3366 1232 3422; x_wconf 87' lang='lat' dir='ltr'><strong>nihilve</strong></span> <span class='ocrx_word' id='word_1_469' title='bbox 1263 3361 1481 3417; x_wconf 75' lang='lat' dir='ltr'><strong>diﬂicile</strong></span> <span class='ocrx_word' id='word_1_470' title='bbox 1513 3359 1732 3417; x_wconf 84' lang='lat' dir='ltr'><strong>invadat</strong></span> <span class='ocrx_word' id='word_1_471' title='bbox 1758 3359 2048 3427; x_wconf 76' lang='lat' dir='ltr'><strong>diligentes</strong></span> 
     </span>
    </p>
   </div>
   <div class='ocr_carea' id='block_1_65' title="bbox 485 3450 2055 3528">
    <p class='ocr_par' dir='ltr' id='par_1_65' title="bbox 485 3450 2055 3528">
     <span class='ocr_line' id='line_1_65' title="bbox 485 3450 2055 3528; baseline -0.008 -11"><span class='ocrx_word' id='word_1_472' title='bbox 485 3465 688 3528; x_wconf 87' lang='lat' dir='ltr'><strong>Deum,</strong></span> <span class='ocrx_word' id='word_1_473' title='bbox 751 3462 867 3526; x_wconf 88' lang='lat' dir='ltr'><strong>sed,</strong></span> <span class='ocrx_word' id='word_1_474' title='bbox 918 3460 1060 3528; x_wconf 90' lang='lat' dir='ltr'><strong>quod</strong></span> <span class='ocrx_word' id='word_1_475' title='bbox 1111 3456 1369 3513; x_wconf 87' lang='lat' dir='ltr'><strong>invadant</strong></span> <span class='ocrx_word' id='word_1_476' title='bbox 1413 3454 1654 3521; x_wconf 86' lang='lat' dir='ltr'><strong>quidem,</strong></span> <span class='ocrx_word' id='word_1_477' title='bbox 1709 3466 1894 3505; x_wconf 90' lang='lat' dir='ltr'><strong>verum</strong></span> <span class='ocrx_word' id='word_1_478' title='bbox 1938 3450 2055 3505; x_wconf 80' lang='lat' dir='ltr'><strong>istis</strong></span> 
     </span>
    </p>
   </div>
   <div class='ocr_carea' id='block_1_66' title="bbox 488 3540 2052 3608">
    <p class='ocr_par' dir='ltr' id='par_1_66' title="bbox 488 3540 2052 3608">
     <span class='ocr_line' id='line_1_66' title="bbox 488 3540 2052 3608; baseline -0.01 -1"><span class='ocrx_word' id='word_1_479' title='bbox 488 3554 647 3608; x_wconf 90' lang='lat' dir='ltr'><strong>malis</strong></span> <span class='ocrx_word' id='word_1_480' title='bbox 675 3561 728 3606; x_wconf 88' lang='lat' dir='ltr'><strong>et</strong></span> <span class='ocrx_word' id='word_1_481' title='bbox 769 3549 1152 3605; x_wconf 65' lang='lat' dir='ltr'><strong>afﬂictionibus</strong></span> <span class='ocrx_word' id='word_1_482' title='bbox 1189 3544 1328 3600; x_wconf 87' lang='lat' dir='ltr'><strong>Deus</strong></span> <span class='ocrx_word' id='word_1_483' title='bbox 1371 3546 1425 3597; x_wconf 90' lang='lat' dir='ltr'><strong>in</strong></span> <span class='ocrx_word' id='word_1_484' title='bbox 1453 3542 1794 3598; x_wconf 85' lang='lat' dir='ltr'><strong>commodum</strong></span> <span class='ocrx_word' id='word_1_485' title='bbox 1831 3540 2052 3594; x_wconf 82' lang='lat' dir='ltr'><strong>alllicto-</strong></span> 
     </span>
    </p>
   </div>
   <div class='ocr_carea' id='block_1_67' title="bbox 484 3631 2052 3703">
    <p class='ocr_par' dir='ltr' id='par_1_67' title="bbox 484 3631 2052 3703">
     <span class='ocr_line' id='line_1_67' title="bbox 484 3631 2052 3703; baseline -0.008 -7"><span class='ocrx_word' id='word_1_486' title='bbox 484 3659 604 3696; x_wconf 84' lang='lat' dir='ltr'><strong>rum</strong></span> <span class='ocrx_word' id='word_1_487' title='bbox 641 3642 829 3695; x_wconf 84' lang='lat' dir='ltr'><strong>utitur.</strong></span> <span class='ocrx_word' id='word_1_488' title='bbox 860 3639 1082 3699; x_wconf 84' lang='lat' dir='ltr'><strong>Deinde,</strong></span> <span class='ocrx_word' id='word_1_489' title='bbox 1104 3636 1231 3703; x_wconf 76' lang='lat' dir='ltr'><strong>Quia</strong></span> <span class='ocrx_word' id='word_1_490' title='bbox 1267 3635 1370 3690; x_wconf 89' lang='lat' dir='ltr'><strong>hoc</strong></span> <span class='ocrx_word' id='word_1_491' title='bbox 1400 3631 1718 3687; x_wconf 84' lang='lat' dir='ltr'><strong>incredibile</strong></span> <span class='ocrx_word' id='word_1_492' title='bbox 1747 3631 2052 3693; x_wconf 75' lang='lat' dir='ltr'><strong>videbatur,</strong></span> 
     </span>
    </p>
   </div>
   <div class='ocr_carea' id='block_1_68' title="bbox 329 3709 2053 3803">
    <p class='ocr_par' dir='ltr' id='par_1_68' title="bbox 329 3709 2053 3803">
     <span class='ocr_line' id='line_1_68' title="bbox 329 3709 2053 3803; baseline -0.008 -13"><span class='ocrx_word' id='word_1_493' title='bbox 329 3709 349 3726; x_wconf 27' lang='grc' dir='ltr'>ᾖ</span> <span class='ocrx_word' id='word_1_494' title='bbox 432 3769 436 3774; x_wconf 92' lang='grc'><strong>-</strong></span> <span class='ocrx_word' id='word_1_495' title='bbox 484 3749 513 3788; x_wconf 87' lang='lat' dir='ltr'><strong>a</strong></span> <span class='ocrx_word' id='word_1_496' title='bbox 546 3731 834 3803; x_wconf 66' lang='lat' dir='ltr'><strong>praeteritis</strong></span> <span class='ocrx_word' id='word_1_497' title='bbox 870 3729 973 3784; x_wconf 91' lang='lat' dir='ltr'><strong>hoc</strong></span> <span class='ocrx_word' id='word_1_498' title='bbox 1023 3725 1253 3789; x_wconf 85' lang='lat' dir='ltr'><strong>stabilit,</strong></span> <span class='ocrx_word' id='word_1_499' title='bbox 1305 3724 1608 3793; x_wconf 85' lang='lat' dir='ltr'><strong>inquiens:</strong></span> <span class='ocrx_word' id='word_1_500' title='bbox 1653 3738 1670 3774; x_wconf 90' lang='grc' dir='ltr'><strong>ι</strong></span> <span class='ocrx_word' id='word_1_501' title='bbox 1715 3721 1784 3775; x_wconf 86' lang='lat' dir='ltr'><strong>lis</strong></span> <span class='ocrx_word' id='word_1_502' title='bbox 1821 3719 1915 3788; x_wconf 86' lang='lat' dir='ltr'><strong>qui</strong></span> <span class='ocrx_word' id='word_1_503' title='bbox 1963 3733 2053 3776; x_wconf 75' lang='lat' dir='ltr'><strong>se-</strong></span> 
     </span>
    </p>
   </div>
   <div class='ocr_carea' id='block_1_69' title="bbox 488 3809 2056 3890">
    <p class='ocr_par' dir='ltr' id='par_1_69' title="bbox 488 3809 2056 3890">
     <span class='ocr_line' id='line_1_69' title="bbox 488 3809 2056 3890; baseline -0.01 -12"><span class='ocrx_word' id='word_1_504' title='bbox 488 3827 724 3880; x_wconf 91' lang='lat' dir='ltr'><strong>cundum</strong></span> <span class='ocrx_word' id='word_1_505' title='bbox 759 3821 1097 3890; x_wconf 88' lang='lat' dir='ltr'><strong>propositum</strong></span> <span class='ocrx_word' id='word_1_506' title='bbox 1147 3815 1326 3872; x_wconf 79' lang='lat' dir='ltr'><strong>vocali</strong></span> <span class='ocrx_word' id='word_1_507' title='bbox 1359 3823 1504 3872; x_wconf 89' lang='lat' dir='ltr'><strong>sunt.</strong></span> <span class='ocrx_word' id='word_1_508' title='bbox 1545 3832 1563 3867; x_wconf 78' lang='grc' dir='ltr'><strong>ι</strong></span> <span class='ocrx_word' id='word_1_509' title='bbox 1600 3811 1810 3866; x_wconf 79' lang='lat' dir='ltr'><strong>Etenim</strong></span> <span class='ocrx_word' id='word_1_510' title='bbox 1843 3809 2056 3866; x_wconf 83' lang='lat' dir='ltr'><strong>vocavit</strong></span> 
     </span>
    </p>
   </div>
   <div class='ocr_carea' id='block_1_70' title="bbox 489 3902 2056 3981">
    <p class='ocr_par' dir='ltr' id='par_1_70' title="bbox 489 3902 2056 3981">
     <span class='ocr_line' id='line_1_70' title="bbox 489 3902 2056 3981; baseline -0.009 -13"><span class='ocrx_word' id='word_1_511' title='bbox 489 3924 564 3978; x_wconf 88' lang='lat' dir='ltr'><strong>le,</strong></span> <span class='ocrx_word' id='word_1_512' title='bbox 586 3915 777 3981; x_wconf 84' lang='lat' dir='ltr'><strong>inquit,</strong></span> <span class='ocrx_word' id='word_1_513' title='bbox 797 3927 922 3965; x_wconf 87' lang='lat' dir='ltr'><strong>cum</strong></span> <span class='ocrx_word' id='word_1_514' title='bbox 950 3910 1107 3976; x_wconf 80' lang='lat' dir='ltr'><strong>longe</strong></span> <span class='ocrx_word' id='word_1_515' title='bbox 1127 3909 1368 3969; x_wconf 87' lang='lat' dir='ltr'><strong>abesses,</strong></span> <span class='ocrx_word' id='word_1_516' title='bbox 1389 3905 1601 3973; x_wconf 83' lang='lat' dir='ltr'><strong>sibique</strong></span> <span class='ocrx_word' id='word_1_517' title='bbox 1629 3914 1680 3959; x_wconf 91' lang='lat' dir='ltr'><strong>te</strong></span> <span class='ocrx_word' id='word_1_518' title='bbox 1698 3902 2056 3970; x_wconf 71' lang='lat' dir='ltr'><strong>pro;.inqunnt</strong></span> 
     </span>
    </p>
   </div>
   <div class='ocr_carea' id='block_1_71' title="bbox 490 3991 2053 4068">
    <p class='ocr_par' dir='ltr' id='par_1_71' title="bbox 490 3991 2053 4068">
     <span class='ocr_line' id='line_1_71' title="bbox 490 3991 2053 4068; baseline -0.012 -5"><span class='ocrx_word' id='word_1_519' title='bbox 490 4006 640 4068; x_wconf 74' lang='lat' dir='ltr'><strong>fecit,</strong></span> <span class='ocrx_word' id='word_1_520' title='bbox 665 4014 717 4058; x_wconf 86' lang='lat' dir='ltr'><strong>et</strong></span> <span class='ocrx_word' id='word_1_521' title='bbox 755 4019 859 4060; x_wconf 91' lang='lat' dir='ltr'><strong>non</strong></span> <span class='ocrx_word' id='word_1_522' title='bbox 907 4000 1081 4057; x_wconf 86' lang='lat' dir='ltr'><strong>multo</strong></span> <span class='ocrx_word' id='word_1_523' title='bbox 1121 3999 1293 4066; x_wconf 68' lang='lat' dir='ltr'><strong>magis</strong></span> <span class='ocrx_word' id='word_1_524' title='bbox 1319 3995 1427 4066; x_wconf 75' lang='lat'><strong>63</strong></span> <span class='ocrx_word' id='word_1_525' title='bbox 1469 4005 1660 4050; x_wconf 86' lang='lat' dir='ltr'><strong>vocato</strong></span> <span class='ocrx_word' id='word_1_526' title='bbox 1692 4009 1847 4061; x_wconf 82' lang='lat' dir='ltr'><strong>Opem</strong></span> <span class='ocrx_word' id='word_1_527' title='bbox 1880 3991 2053 4048; x_wconf 74' lang='lat' dir='ltr'><strong>feret?</strong></span> 
     </span>
    </p>
   </div>
   <div class='ocr_carea' id='block_1_72' title="bbox 485 4083 2043 4154">
    <p class='ocr_par' dir='ltr' id='par_1_72' title="bbox 485 4083 2043 4154">
     <span class='ocr_line' id='line_1_72' title="bbox 485 4083 2043 4154; baseline -0.013 0"><span class='ocrx_word' id='word_1_528' title='bbox 485 4099 720 4154; x_wconf 71' lang='lat' dir='ltr'><strong>Vocatus</strong></span> <span class='ocrx_word' id='word_1_529' title='bbox 742 4105 826 4151; x_wconf 86' lang='lat' dir='ltr'><strong>est</strong></span> <span class='ocrx_word' id='word_1_530' title='bbox 846 4103 1023 4148; x_wconf 90' lang='lat' dir='ltr'><strong>autem</strong></span> <span class='ocrx_word' id='word_1_531' title='bbox 1057 4092 1220 4146; x_wconf 89' lang='lat' dir='ltr'><strong>homo</strong></span> <span class='ocrx_word' id='word_1_532' title='bbox 1251 4107 1271 4140; x_wconf 85' lang='grc' dir='ltr'><strong>ι</strong></span> <span class='ocrx_word' id='word_1_533' title='bbox 1310 4088 1606 4146; x_wconf 84' lang='lat' dir='ltr'><strong>secundum</strong></span> <span class='ocrx_word' id='word_1_534' title='bbox 1636 4083 1989 4153; x_wconf 86' lang='lat' dir='ltr'><strong>propositum,</strong></span> <span class='ocrx_word' id='word_1_535' title='bbox 2027 4101 2043 4133; x_wconf 75' lang='grc' dir='ltr'><strong>ι</strong></span> 
     </span>
    </p>
   </div>
   <div class='ocr_carea' id='block_1_73' title="bbox 485 4173 2046 4251">
    <p class='ocr_par' dir='ltr' id='par_1_73' title="bbox 485 4173 2046 4251">
     <span class='ocr_line' id='line_1_73' title="bbox 485 4173 2046 4251; baseline -0.01 -5"><span class='ocrx_word' id='word_1_536' title='bbox 485 4193 589 4246; x_wconf 91' lang='lat' dir='ltr'><strong>hoc</strong></span> <span class='ocrx_word' id='word_1_537' title='bbox 611 4199 694 4246; x_wconf 82' lang='lat' dir='ltr'><strong>est</strong></span> <span class='ocrx_word' id='word_1_538' title='bbox 726 4186 1019 4245; x_wconf 86' lang='lat' dir='ltr'><strong>secundum</strong></span> <span class='ocrx_word' id='word_1_539' title='bbox 1058 4181 1328 4251; x_wconf 86' lang='lat' dir='ltr'><strong>propriam</strong></span> <span class='ocrx_word' id='word_1_540' title='bbox 1366 4179 1715 4235; x_wconf 86' lang='lat' dir='ltr'><strong>voluntatem.</strong></span> <span class='ocrx_word' id='word_1_541' title='bbox 1753 4173 1868 4230; x_wconf 82' lang='lat' dir='ltr'><strong>Non</strong></span> <span class='ocrx_word' id='word_1_542' title='bbox 1902 4175 2046 4232; x_wconf 89' lang='lat' dir='ltr'><strong>enim</strong></span> 
     </span>
    </p>
   </div>
   <div class='ocr_carea' id='block_1_74' title="bbox 2158 3258 3731 3331">
    <p class='ocr_par' dir='ltr' id='par_1_74' title="bbox 2158 3258 3731 3331">
     <span class='ocr_line' id='line_1_74' title="bbox 2158 3258 3731 3331; baseline -0.008 -9"><span class='ocrx_word' id='word_1_543' title='bbox 2158 3266 2327 3322; x_wconf 87' lang='grc' dir='ltr'>δεινὸν</span> <span class='ocrx_word' id='word_1_544' title='bbox 2355 3268 2465 3328; x_wconf 87' lang='grc' dir='ltr'>τοῖς</span> <span class='ocrx_word' id='word_1_545' title='bbox 2505 3263 2764 3331; x_wconf 72' lang='grc' dir='ltr'>ἀγαπῶσι</span> <span class='ocrx_word' id='word_1_546' title='bbox 2789 3263 2880 3315; x_wconf 88' lang='grc' dir='ltr'>τὸν</span> <span class='ocrx_word' id='word_1_547' title='bbox 2925 3262 3081 3324; x_wconf 85' lang='grc' dir='ltr'>Θεὸν,</span> <span class='ocrx_word' id='word_1_548' title='bbox 3110 3259 3228 3316; x_wconf 76' lang='grc' dir='ltr'>ἀλλ’</span> <span class='ocrx_word' id='word_1_549' title='bbox 3270 3261 3352 3312; x_wconf 82' lang='grc' dir='ltr'><strong>ὅτι</strong></span> <span class='ocrx_word' id='word_1_550' title='bbox 3393 3259 3574 3314; x_wconf 73' lang='grc' dir='ltr'>ἔπεισι</span> <span class='ocrx_word' id='word_1_551' title='bbox 3608 3258 3731 3328; x_wconf 84' lang='grc' dir='ltr'>μὲν,</span> 
     </span>
    </p>
   </div>
   <div class='ocr_carea' id='block_1_75' title="bbox 2159 3350 3738 3426">
    <p class='ocr_par' dir='ltr' id='par_1_75' title="bbox 2159 3350 3738 3426">
     <span class='ocr_line' id='line_1_75' title="bbox 2159 3350 3738 3426; baseline -0.007 -16"><span class='ocrx_word' id='word_1_552' title='bbox 2159 3358 2299 3410; x_wconf 78' lang='grc' dir='ltr'>ἀλλὰ</span> <span class='ocrx_word' id='word_1_553' title='bbox 2325 3357 2463 3426; x_wconf 85' lang='grc' dir='ltr'>πρὸς</span> <span class='ocrx_word' id='word_1_554' title='bbox 2503 3357 2564 3408; x_wconf 89' lang='grc' dir='ltr'><strong>τὸ</strong></span> <span class='ocrx_word' id='word_1_555' title='bbox 2599 3355 2884 3423; x_wconf 82' lang='grc' dir='ltr'>συμφέρον</span> <span class='ocrx_word' id='word_1_556' title='bbox 2913 3352 3022 3407; x_wconf 85' lang='grc' dir='ltr'><strong>τῶν</strong></span> <span class='ocrx_word' id='word_1_557' title='bbox 3052 3350 3509 3421; x_wconf 78' lang='grc' dir='ltr'>κακουχουμένων</span> <span class='ocrx_word' id='word_1_558' title='bbox 3535 3350 3738 3419; x_wconf 74' lang='grc' dir='ltr'>κέχρη-</span> 
     </span>
    </p>
   </div>
   <div class='ocr_carea' id='block_1_76' title="bbox 2163 3440 3735 3513">
    <p class='ocr_par' dir='ltr' id='par_1_76' title="bbox 2163 3440 3735 3513">
     <span class='ocr_line' id='line_1_76' title="bbox 2163 3440 3735 3513; baseline -0.006 -10"><span class='ocrx_word' id='word_1_559' title='bbox 2163 3467 2255 3504; x_wconf 84' lang='grc' dir='ltr'><strong>ται</strong></span> <span class='ocrx_word' id='word_1_560' title='bbox 2287 3450 2314 3500; x_wconf 83' lang='grc' dir='ltr'>ὁ</span> <span class='ocrx_word' id='word_1_561' title='bbox 2343 3447 2476 3509; x_wconf 86' lang='grc' dir='ltr'>Θεὸς</span> <span class='ocrx_word' id='word_1_562' title='bbox 2509 3449 2620 3508; x_wconf 85' lang='grc' dir='ltr'>τοῖς</span> <span class='ocrx_word' id='word_1_563' title='bbox 2650 3445 2864 3508; x_wconf 83' lang='grc' dir='ltr'>δεινοῖς.</span> <span class='ocrx_word' id='word_1_564' title='bbox 2892 3440 3047 3508; x_wconf 82' lang='grc' dir='ltr'>Εἶτα,</span> <span class='ocrx_word' id='word_1_565' title='bbox 3081 3443 3270 3513; x_wconf 76' lang='grc' dir='ltr'>ἐπειδὴ</span> <span class='ocrx_word' id='word_1_566' title='bbox 3299 3445 3527 3497; x_wconf 82' lang='grc' dir='ltr'>ἄπιστον</span> <span class='ocrx_word' id='word_1_567' title='bbox 3558 3443 3735 3496; x_wconf 70' lang='grc' dir='ltr'>ἐδόκει</span> 
     </span>
    </p>
   </div>
   <div class='ocr_carea' id='block_1_77' title="bbox 2159 3531 3732 3604">
    <p class='ocr_par' dir='ltr' id='par_1_77' title="bbox 2159 3531 3732 3604">
     <span class='ocr_line' id='line_1_77' title="bbox 2159 3531 3732 3604; baseline -0.006 -12"><span class='ocrx_word' id='word_1_568' title='bbox 2159 3540 2342 3598; x_wconf 84' lang='grc' dir='ltr'>τοῦτο,</span> <span class='ocrx_word' id='word_1_569' title='bbox 2372 3538 2480 3591; x_wconf 80' lang='grc' dir='ltr'><strong>ἀπὸ</strong></span> <span class='ocrx_word' id='word_1_570' title='bbox 2504 3537 2611 3588; x_wconf 87' lang='grc' dir='ltr'><strong>τῶν</strong></span> <span class='ocrx_word' id='word_1_571' title='bbox 2642 3535 3025 3604; x_wconf 74' lang='grc' dir='ltr'>παρελθόντων</span> <span class='ocrx_word' id='word_1_572' title='bbox 3077 3533 3286 3604; x_wconf 85' lang='grc' dir='ltr'>βεϐαιοῖ</span> <span class='ocrx_word' id='word_1_573' title='bbox 3333 3532 3485 3596; x_wconf 81' lang='grc' dir='ltr'>αὐτὸ,</span> <span class='ocrx_word' id='word_1_574' title='bbox 3519 3531 3732 3598; x_wconf 83' lang='grc' dir='ltr'>λέγων·</span> 
     </span>
    </p>
   </div>
   <div class='ocr_carea' id='block_1_78' title="bbox 2160 3621 3736 3697">
    <p class='ocr_par' dir='ltr' id='par_1_78' title="bbox 2160 3621 3736 3697">
     <span class='ocr_line' id='line_1_78' title="bbox 2160 3621 3736 3697; baseline -0.007 -14"><span class='ocrx_word' id='word_1_575' title='bbox 2160 3649 2179 3684; x_wconf 78' lang='grc' dir='ltr'><strong>ι</strong></span> <span class='ocrx_word' id='word_1_576' title='bbox 2223 3631 2352 3696; x_wconf 80' lang='grc' dir='ltr'>Τοῖς,</span> <span class='ocrx_word' id='word_1_577' title='bbox 2400 3630 2540 3682; x_wconf 80' lang='grc' dir='ltr'>κατὰ</span> <span class='ocrx_word' id='word_1_578' title='bbox 2589 3627 2843 3697; x_wconf 83' lang='grc' dir='ltr'>πρόθεσιν</span> <span class='ocrx_word' id='word_1_579' title='bbox 2886 3626 3122 3694; x_wconf 81' lang='grc' dir='ltr'>κλητοῖς.</span> <span class='ocrx_word' id='word_1_580' title='bbox 3157 3642 3176 3675; x_wconf 76' lang='grc' dir='ltr'><strong>ι</strong></span> <span class='ocrx_word' id='word_1_581' title='bbox 3212 3624 3321 3677; x_wconf 80' lang='grc' dir='ltr'>Καὶ</span> <span class='ocrx_word' id='word_1_582' title='bbox 3363 3624 3473 3692; x_wconf 83' lang='grc' dir='ltr'>γὰρ</span> <span class='ocrx_word' id='word_1_583' title='bbox 3507 3621 3736 3675; x_wconf 69' lang='grc' dir='ltr'>ἐκάλεσέ</span> 
     </span>
    </p>
   </div>
   <div class='ocr_carea' id='block_1_79' title="bbox 2161 3713 3734 3794">
    <p class='ocr_par' dir='ltr' id='par_1_79' title="bbox 2161 3713 3734 3794">
     <span class='ocr_line' id='line_1_79' title="bbox 2161 3713 3734 3794; baseline -0.007 -18"><span class='ocrx_word' id='word_1_584' title='bbox 2161 3740 2243 3785; x_wconf 86' lang='grc' dir='ltr'><strong>σε,</strong></span> <span class='ocrx_word' id='word_1_585' title='bbox 2276 3723 2436 3794; x_wconf 67' lang='grc' dir='ltr'>φησι,</span> <span class='ocrx_word' id='word_1_586' title='bbox 2482 3723 2700 3791; x_wconf 80' lang='grc' dir='ltr'>μακρὰν</span> <span class='ocrx_word' id='word_1_587' title='bbox 2749 3719 2904 3782; x_wconf 73' lang='grc' dir='ltr'>ὅντα,</span> <span class='ocrx_word' id='word_1_588' title='bbox 2962 3720 3056 3772; x_wconf 76' lang='grc' dir='ltr'>καὶ</span> <span class='ocrx_word' id='word_1_589' title='bbox 3106 3716 3305 3771; x_wconf 81' lang='grc' dir='ltr'>οἰκεῖόν</span> <span class='ocrx_word' id='word_1_590' title='bbox 3347 3731 3408 3768; x_wconf 89' lang='grc' dir='ltr'><strong>σε</strong></span> <span class='ocrx_word' id='word_1_591' title='bbox 3450 3713 3695 3784; x_wconf 81' lang='grc' dir='ltr'>ἐποίησε</span> <span class='ocrx_word' id='word_1_592' title='bbox 3721 3730 3734 3743; x_wconf 90' lang='grc'><strong>·</strong></span> 
     </span>
    </p>
   </div>
   <div class='ocr_carea' id='block_1_80' title="bbox 2125 3799 3740 3882">
    <p class='ocr_par' dir='ltr' id='par_1_80' title="bbox 2125 3799 3740 3882">
     <span class='ocr_line' id='line_1_80' title="bbox 2125 3799 3740 3882; baseline -0.013 -12"><span class='ocrx_word' id='word_1_593' title='bbox 2125 3867 2128 3871; x_wconf 85' lang='grc'><strong>,</strong></span> <span class='ocrx_word' id='word_1_594' title='bbox 2159 3816 2254 3866; x_wconf 73' lang='grc' dir='ltr'>καὶ</span> <span class='ocrx_word' id='word_1_595' title='bbox 2278 3815 2429 3882; x_wconf 82' lang='grc' dir='ltr'>πόσῳ</span> <span class='ocrx_word' id='word_1_596' title='bbox 2452 3811 2652 3880; x_wconf 78' lang='grc' dir='ltr'>μᾶλλον</span> <span class='ocrx_word' id='word_1_597' title='bbox 2673 3808 2966 3876; x_wconf 55' lang='grc' dir='ltr'>κληθέντος</span> <span class='ocrx_word' id='word_1_598' title='bbox 2988 3806 3089 3861; x_wconf 79' lang='grc' dir='ltr'><strong>οὐκ</strong></span> <span class='ocrx_word' id='word_1_599' title='bbox 3109 3803 3498 3875; x_wconf 70' lang='grc' dir='ltr'>ἀντιλήψεταις</span> <span class='ocrx_word' id='word_1_600' title='bbox 3521 3799 3740 3870; x_wconf 81' lang='grc' dir='ltr'>Κλητὸς</span> 
     </span>
    </p>
   </div>
   <div class='ocr_carea' id='block_1_81' title="bbox 2162 3888 3736 3974">
    <p class='ocr_par' dir='ltr' id='par_1_81' title="bbox 2162 3888 3736 3974">
     <span class='ocr_line' id='line_1_81' title="bbox 2162 3888 3736 3974; baseline -0.011 -15"><span class='ocrx_word' id='word_1_601' title='bbox 2162 3907 2220 3959; x_wconf 73' lang='grc' dir='ltr'><strong>δὲ</strong></span> <span class='ocrx_word' id='word_1_602' title='bbox 2251 3906 2464 3974; x_wconf 87' lang='grc' dir='ltr'>γίνεται</span> <span class='ocrx_word' id='word_1_603' title='bbox 2496 3903 2786 3972; x_wconf 82' lang='grc' dir='ltr'>ἄνθρωπος</span> <span class='ocrx_word' id='word_1_604' title='bbox 2815 3899 2960 3954; x_wconf 81' lang='grc' dir='ltr'>κατὰ</span> <span class='ocrx_word' id='word_1_605' title='bbox 2992 3896 3276 3969; x_wconf 72' lang='grc' dir='ltr'>πρόθεσιν,</span> <span class='ocrx_word' id='word_1_606' title='bbox 3306 3894 3579 3958; x_wconf 81' lang='grc' dir='ltr'>τουτέστι,</span> <span class='ocrx_word' id='word_1_607' title='bbox 3610 3888 3736 3944; x_wconf 82' lang='grc' dir='ltr'>κατ’</span> 
     </span>
    </p>
   </div>
   <div class='ocr_carea' id='block_1_82' title="bbox 2162 3981 3736 4065">
    <p class='ocr_par' dir='ltr' id='par_1_82' title="bbox 2162 3981 3736 4065">
     <span class='ocr_line' id='line_1_82' title="bbox 2162 3981 3736 4065; baseline -0.012 -14"><span class='ocrx_word' id='word_1_608' title='bbox 2162 3997 2368 4052; x_wconf 81' lang='grc' dir='ltr'>οἰκείαν</span> <span class='ocrx_word' id='word_1_609' title='bbox 2397 3995 2739 4065; x_wconf 83' lang='grc' dir='ltr'>προαίρεσιν.</span> <span class='ocrx_word' id='word_1_610' title='bbox 2771 3993 2886 4046; x_wconf 87' lang='grc' dir='ltr'><strong>Οὐκ</strong></span> <span class='ocrx_word' id='word_1_611' title='bbox 2931 3993 3094 4062; x_wconf 78' lang='grc' dir='ltr'>ἀρκεῖ</span> <span class='ocrx_word' id='word_1_612' title='bbox 3116 3989 3226 4058; x_wconf 84' lang='grc' dir='ltr'><strong>γὰρ</strong></span> <span class='ocrx_word' id='word_1_613' title='bbox 3254 3989 3288 4057; x_wconf 84' lang='grc' dir='ltr'>ἡ</span> <span class='ocrx_word' id='word_1_614' title='bbox 3324 3984 3515 4055; x_wconf 85' lang='grc' dir='ltr'>κλῆσις</span> <span class='ocrx_word' id='word_1_615' title='bbox 3555 3982 3574 4052; x_wconf 91' lang='grc'>(</span> <span class='ocrx_word' id='word_1_616' title='bbox 3614 3981 3736 4034; x_wconf 78' lang='grc' dir='ltr'>ἐπεὶ</span> 
     </span>
    </p>
   </div>
   <div class='ocr_carea' id='block_1_83' title="bbox 2164 4071 3736 4152">
    <p class='ocr_par' dir='ltr' id='par_1_83' title="bbox 2164 4071 3736 4152">
     <span class='ocr_line' id='line_1_83' title="bbox 2164 4071 3736 4152; baseline -0.01 -12"><span class='ocrx_word' id='word_1_617' title='bbox 2164 4089 2372 4150; x_wconf 82' lang='grc' dir='ltr'>πάντες</span> <span class='ocrx_word' id='word_1_618' title='bbox 2401 4084 2778 4152; x_wconf 82' lang='grc' dir='ltr'>ἂνὲσὼθησαν</span> <span class='ocrx_word' id='word_1_619' title='bbox 2803 4096 2818 4114; x_wconf 87' lang='grc'><strong>·</strong></span> <span class='ocrx_word' id='word_1_620' title='bbox 2855 4082 3060 4144; x_wconf 80' lang='grc' dir='ltr'>πάντες</span> <span class='ocrx_word' id='word_1_621' title='bbox 3080 4080 3190 4149; x_wconf 84' lang='grc' dir='ltr'>γὰρ</span> <span class='ocrx_word' id='word_1_622' title='bbox 3215 4071 3573 4146; x_wconf 80' lang='grc' dir='ltr'>ἐκλήθησαν),</span> <span class='ocrx_word' id='word_1_623' title='bbox 3598 4071 3736 4127; x_wconf 78' lang='grc' dir='ltr'>ἀλλὰ</span> 
     </span>
    </p>
   </div>
   <div class='ocr_carea' id='block_1_84' title="bbox 2155 4171 2988 4246">
    <p class='ocr_par' dir='ltr' id='par_1_84' title="bbox 2155 4171 2988 4246">
     <span class='ocr_line' id='line_1_84' title="bbox 2155 4171 2988 4246; baseline -0.006 -18"><span class='ocrx_word' id='word_1_624' title='bbox 2155 4175 2315 4246; x_wconf 84' lang='grc' dir='ltr'>χρεία</span> <span class='ocrx_word' id='word_1_625' title='bbox 2342 4175 2436 4230; x_wconf 67' lang='grc' dir='ltr'><strong>καὶ¹</strong></span> <span class='ocrx_word' id='word_1_626' title='bbox 2460 4175 2561 4242; x_wconf 81' lang='grc' dir='ltr'>τῆς</span> <span class='ocrx_word' id='word_1_627' title='bbox 2591 4171 2988 4244; x_wconf 83' lang='grc' dir='ltr'>προαιρέσεως.</span> 
     </span>
    </p>
   </div>
   <div class='ocr_carea' id='block_1_85' title="bbox 481 4237 3838 4346">
    <p class='ocr_par' dir='ltr' id='par_1_85' title="bbox 481 4237 3838 4346">
     <span class='ocr_line' id='line_1_85' title="bbox 481 4237 3838 4346; baseline -0.011 -6"><span class='ocrx_word' id='word_1_628' title='bbox 481 4282 677 4341; x_wconf 85' lang='lat' dir='ltr'><strong>sullicit</strong></span> <span class='ocrx_word' id='word_1_629' title='bbox 716 4279 925 4337; x_wconf 86' lang='lat' dir='ltr'><strong>vocatio</strong></span> <span class='ocrx_word' id='word_1_630' title='bbox 985 4274 1247 4346; x_wconf 73' lang='lat' dir='ltr'><strong>(aiiOtllllll</strong></span> <span class='ocrx_word' id='word_1_631' title='bbox 1283 4286 1474 4328; x_wconf 84' lang='lat' dir='ltr'><strong>omnes</strong></span> <span class='ocrx_word' id='word_1_632' title='bbox 1496 4269 1695 4327; x_wconf 84' lang='lat' dir='ltr'><strong>servati</strong></span> <span class='ocrx_word' id='word_1_633' title='bbox 1723 4275 1927 4333; x_wconf 83' lang='lat' dir='ltr'><strong>essent,</strong></span> <span class='ocrx_word' id='word_1_634' title='bbox 1997 4266 2265 4336; x_wconf 84' lang='lat' dir='ltr'><strong>siquidem</strong></span> <span class='ocrx_word' id='word_1_635' title='bbox 2325 4276 2381 4322; x_wconf 89' lang='lat' dir='ltr'><strong>et</strong></span> <span class='ocrx_word' id='word_1_636' title='bbox 2413 4281 2602 4324; x_wconf 88' lang='lat' dir='ltr'><strong>omnes</strong></span> <span class='ocrx_word' id='word_1_637' title='bbox 2641 4275 2768 4322; x_wconf 81' lang='lat' dir='ltr'><strong>sunt</strong></span> <span class='ocrx_word' id='word_1_638' title='bbox 2797 4258 3025 4332; x_wconf 85' lang='lat' dir='ltr'><strong>vocati),</strong></span> <span class='ocrx_word' id='word_1_639' title='bbox 3052 4273 3242 4316; x_wconf 81' lang='lat' dir='ltr'><strong>verum</strong></span> <span class='ocrx_word' id='word_1_640' title='bbox 3265 4256 3430 4314; x_wconf 87' lang='lat' dir='ltr'><strong>etiam</strong></span> <span class='ocrx_word' id='word_1_641' title='bbox 3455 4237 3838 4340; x_wconf 30' lang='lat' dir='ltr'><strong>retentare“</strong></span> 
     </span>
    </p>
   </div>
   <div class='ocr_carea' id='block_1_86' title="bbox 480 4383 748 4449">
    <p class='ocr_par' dir='ltr' id='par_1_86' title="bbox 480 4383 748 4449">
     <span class='ocr_line' id='line_1_86' title="bbox 480 4383 748 4449; baseline -0.015 -14"><span class='ocrx_word' id='word_1_642' title='bbox 480 4393 615 4449; x_wconf 83' lang='lat' dir='ltr'><strong>Opus</strong></span> <span class='ocrx_word' id='word_1_643' title='bbox 643 4383 748 4431; x_wconf 80' lang='lat' dir='ltr'><strong>est.</strong></span> 
     </span>
    </p>
   </div>
   <div class='ocr_carea' id='block_1_87' title="bbox 555 4439 2051 4531">
    <p class='ocr_par' dir='ltr' id='par_1_87' title="bbox 555 4456 2051 4531">
     <span class='ocr_line' id='line_1_87' title="bbox 555 4456 2051 4531; baseline -0.007 -10"><span class='ocrx_word' id='word_1_644' title='bbox 555 4467 718 4523; x_wconf 65' lang='lat' dir='ltr'><strong>Vrsas.</strong></span> <span class='ocrx_word' id='word_1_645' title='bbox 751 4465 841 4530; x_wconf 69' lang='lat'><strong>29,</strong></span> <span class='ocrx_word' id='word_1_646' title='bbox 863 4465 952 4520; x_wconf 85' lang='grc'><strong>50.</strong></span> <span class='ocrx_word' id='word_1_647' title='bbox 991 4481 1010 4515; x_wconf 84' lang='grc' dir='ltr'><strong>ι</strong></span> <span class='ocrx_word' id='word_1_648' title='bbox 1044 4463 1176 4518; x_wconf 81' lang='lat' dir='ltr'><strong>Nam</strong></span> <span class='ocrx_word' id='word_1_649' title='bbox 1200 4477 1336 4531; x_wconf 90' lang='lat' dir='ltr'><strong>quos</strong></span> <span class='ocrx_word' id='word_1_650' title='bbox 1364 4459 1655 4528; x_wconf 83' lang='lat' dir='ltr'><strong>praescivit,</strong></span> <span class='ocrx_word' id='word_1_651' title='bbox 1680 4468 1734 4513; x_wconf 89' lang='lat' dir='ltr'><strong>et</strong></span> <span class='ocrx_word' id='word_1_652' title='bbox 1765 4456 2051 4528; x_wconf 54' lang='lat' dir='ltr'><strong>praedesti-</strong></span> 
     </span>
    </p>
   </div>
   <div class='ocr_carea' id='block_1_88' title="bbox 2156 4439 3737 4531">
    <p class='ocr_par' dir='ltr' id='par_1_88' title="bbox 2247 4439 3737 4531">
     <span class='ocr_line' id='line_1_88' title="bbox 2247 4439 3737 4531; baseline -0.014 -22"><span class='ocrx_word' id='word_1_653' title='bbox 2247 4475 2266 4508; x_wconf 83' lang='grc' dir='ltr'><strong>ι</strong></span> <span class='ocrx_word' id='word_1_654' title='bbox 2304 4457 2427 4509; x_wconf 83' lang='grc' dir='ltr'>’Ότι</span> <span class='ocrx_word' id='word_1_655' title='bbox 2476 4451 2570 4517; x_wconf 82' lang='grc' dir='ltr'><strong>οὒς</strong></span> <span class='ocrx_word' id='word_1_656' title='bbox 2611 4450 2887 4523; x_wconf 79' lang='grc' dir='ltr'>προέγνω,</span> <span class='ocrx_word' id='word_1_657' title='bbox 2919 4447 3015 4502; x_wconf 74' lang='grc' dir='ltr'>καὶ</span> <span class='ocrx_word' id='word_1_658' title='bbox 3063 4443 3338 4517; x_wconf 76' lang='grc' dir='ltr'>προώρισε</span> <span class='ocrx_word' id='word_1_659' title='bbox 3378 4439 3737 4531; x_wconf 81' lang='grc' dir='ltr'>συμμόρφους</span> 
     </span>
    </p>
   </div>
   <div class='ocr_carea' id='block_1_89' title="bbox 485 4552 2056 4625">
    <p class='ocr_par' dir='ltr' id='par_1_89' title="bbox 485 4552 2056 4625">
     <span class='ocr_line' id='line_1_89' title="bbox 485 4552 2056 4625; baseline -0.009 -7"><span class='ocrx_word' id='word_1_660' title='bbox 485 4564 631 4618; x_wconf 88' lang='lat' dir='ltr'><strong>navit</strong></span> <span class='ocrx_word' id='word_1_661' title='bbox 663 4560 968 4616; x_wconf 80' lang='lat' dir='ltr'><strong>coniormcs</strong></span> <span class='ocrx_word' id='word_1_662' title='bbox 1011 4557 1124 4612; x_wconf 87' lang='lat' dir='ltr'><strong>lleri</strong></span> <span class='ocrx_word' id='word_1_663' title='bbox 1175 4555 1394 4625; x_wconf 79' lang='lat' dir='ltr'><strong>imagini</strong></span> <span class='ocrx_word' id='word_1_664' title='bbox 1424 4553 1542 4608; x_wconf 88' lang='lat' dir='ltr'><strong>Filii</strong></span> <span class='ocrx_word' id='word_1_665' title='bbox 1580 4552 1688 4620; x_wconf 89' lang='lat' dir='ltr'><strong>sui,</strong></span> <span class='ocrx_word' id='word_1_666' title='bbox 1737 4563 1797 4606; x_wconf 93' lang='lat' dir='ltr'><strong>ut</strong></span> <span class='ocrx_word' id='word_1_667' title='bbox 1834 4553 1904 4605; x_wconf 81' lang='lat' dir='ltr'><strong>sit</strong></span> <span class='ocrx_word' id='word_1_668' title='bbox 1943 4552 2056 4620; x_wconf 87' lang='lat' dir='ltr'><strong>ipse</strong></span> 
     </span>
    </p>
   </div>
   <div class='ocr_carea' id='block_1_90' title="bbox 484 4641 2056 4724">
    <p class='ocr_par' dir='ltr' id='par_1_90' title="bbox 484 4641 2056 4724">
     <span class='ocr_line' id='line_1_90' title="bbox 484 4641 2056 4724; baseline -0.009 -18"><span class='ocrx_word' id='word_1_669' title='bbox 484 4651 872 4724; x_wconf 83' lang='lat' dir='ltr'><strong>primogenitus</strong></span> <span class='ocrx_word' id='word_1_670' title='bbox 905 4649 958 4701; x_wconf 92' lang='lat' dir='ltr'><strong>in</strong></span> <span class='ocrx_word' id='word_1_671' title='bbox 993 4646 1174 4700; x_wconf 90' lang='lat' dir='ltr'><strong>multis</strong></span> <span class='ocrx_word' id='word_1_672' title='bbox 1209 4643 1484 4698; x_wconf 82' lang='lat' dir='ltr'><strong>fratribus.</strong></span> <span class='ocrx_word' id='word_1_673' title='bbox 1519 4641 1666 4708; x_wconf 89' lang='lat' dir='ltr'><strong>Quos</strong></span> <span class='ocrx_word' id='word_1_674' title='bbox 1707 4651 1886 4694; x_wconf 88' lang='lat' dir='ltr'><strong>autem</strong></span> <span class='ocrx_word' id='word_1_675' title='bbox 1917 4655 2056 4709; x_wconf 79' lang='lat' dir='ltr'><strong>pra:-</strong></span> 
     </span>
    </p>
   </div>
   <div class='ocr_carea' id='block_1_91' title="bbox 485 4731 2057 4803">
    <p class='ocr_par' dir='ltr' id='par_1_91' title="bbox 485 4731 2057 4803">
     <span class='ocr_line' id='line_1_91' title="bbox 485 4731 2057 4803; baseline -0.01 -3"><span class='ocrx_word' id='word_1_676' title='bbox 485 4744 808 4803; x_wconf 82' lang='lat' dir='ltr'><strong>destinavit,</strong></span> <span class='ocrx_word' id='word_1_677' title='bbox 840 4740 939 4794; x_wconf 88' lang='lat' dir='ltr'><strong>hos</strong></span> <span class='ocrx_word' id='word_1_678' title='bbox 977 4748 1032 4794; x_wconf 91' lang='lat' dir='ltr'><strong>et</strong></span> <span class='ocrx_word' id='word_1_679' title='bbox 1063 4738 1294 4793; x_wconf 79' lang='lat' dir='ltr'><strong>vocavit.</strong></span> <span class='ocrx_word' id='word_1_680' title='bbox 1335 4755 1353 4790; x_wconf 76' lang='grc' dir='ltr'><strong>ι</strong></span> <span class='ocrx_word' id='word_1_681' title='bbox 1386 4736 1608 4793; x_wconf 64' lang='lat' dir='ltr'><strong>Prmscit</strong></span> <span class='ocrx_word' id='word_1_682' title='bbox 1648 4733 1791 4790; x_wconf 84' lang='lat' dir='ltr'><strong>Deus</strong></span> <span class='ocrx_word' id='word_1_683' title='bbox 1829 4746 1924 4788; x_wconf 81' lang='lat' dir='ltr'><strong>eos</strong></span> <span class='ocrx_word' id='word_1_684' title='bbox 1963 4731 2057 4799; x_wconf 90' lang='lat' dir='ltr'><strong>qui</strong></span> 
     </span>
    </p>
   </div>
   <div class='ocr_carea' id='block_1_92' title="bbox 485 4821 2061 4902">
    <p class='ocr_par' dir='ltr' id='par_1_92' title="bbox 485 4821 2061 4902">
     <span class='ocr_line' id='line_1_92' title="bbox 485 4821 2061 4902; baseline -0.011 -9"><span class='ocrx_word' id='word_1_685' title='bbox 485 4837 766 4893; x_wconf 80' lang='lat' dir='ltr'><strong>vocatione</strong></span> <span class='ocrx_word' id='word_1_686' title='bbox 793 4832 938 4902; x_wconf 76' lang='lat' dir='ltr'><strong>digni</strong></span> <span class='ocrx_word' id='word_1_687' title='bbox 969 4836 1117 4896; x_wconf 87' lang='lat' dir='ltr'><strong>sunt,</strong></span> <span class='ocrx_word' id='word_1_688' title='bbox 1148 4829 1340 4884; x_wconf 85' lang='lat' dir='ltr'><strong>deinde</strong></span> <span class='ocrx_word' id='word_1_689' title='bbox 1374 4825 1738 4896; x_wconf 85' lang='lat' dir='ltr'><strong>praedestinat.</strong></span> <span class='ocrx_word' id='word_1_690' title='bbox 1774 4822 1928 4879; x_wconf 88' lang='lat' dir='ltr'><strong>Prior</strong></span> <span class='ocrx_word' id='word_1_691' title='bbox 1960 4821 2061 4876; x_wconf 87' lang='lat' dir='ltr'><strong>ita-</strong></span> 
     </span>
    </p>
   </div>
   <div class='ocr_carea' id='block_1_93' title="bbox 482 4913 2053 4999">
    <p class='ocr_par' dir='ltr' id='par_1_93' title="bbox 482 4913 2053 4999">
     <span class='ocr_line' id='line_1_93' title="bbox 482 4913 2053 4999; baseline -0.011 -15"><span class='ocrx_word' id='word_1_692' title='bbox 482 4943 586 4999; x_wconf 87' lang='lat' dir='ltr'><strong>que</strong></span> <span class='ocrx_word' id='word_1_693' title='bbox 618 4936 700 4982; x_wconf 85' lang='lat' dir='ltr'><strong>est</strong></span> <span class='ocrx_word' id='word_1_694' title='bbox 731 4923 1088 4995; x_wconf 72' lang='lat' dir='ltr'><strong>praescientia,</strong></span> <span class='ocrx_word' id='word_1_695' title='bbox 1126 4929 1309 4991; x_wconf 88' lang='lat' dir='ltr'><strong>postea</strong></span> <span class='ocrx_word' id='word_1_696' title='bbox 1355 4918 1600 4988; x_wconf 84' lang='lat' dir='ltr'><strong>sequitur</strong></span> <span class='ocrx_word' id='word_1_697' title='bbox 1630 4913 2053 4985; x_wconf 73' lang='lat' dir='ltr'><strong>praedestinatio.</strong></span> 
     </span>
    </p>
   </div>
   <div class='ocr_carea' id='block_1_94' title="bbox 481 5003 2054 5078">
    <p class='ocr_par' dir='ltr' id='par_1_94' title="bbox 481 5003 2054 5078">
     <span class='ocr_line' id='line_1_94' title="bbox 481 5003 2054 5078; baseline -0.012 -2"><span class='ocrx_word' id='word_1_698' title='bbox 481 5017 1012 5076; x_wconf 74' lang='lat' dir='ltr'><strong>Praedestinationem</strong></span> <span class='ocrx_word' id='word_1_699' title='bbox 1039 5025 1217 5068; x_wconf 79' lang='lat' dir='ltr'><strong>autem</strong></span> <span class='ocrx_word' id='word_1_700' title='bbox 1249 5009 1534 5078; x_wconf 76' lang='lat' dir='ltr'><strong>intelliges,</strong></span> <span class='ocrx_word' id='word_1_701' title='bbox 1563 5003 2054 5076; x_wconf 82' lang='lat' dir='ltr'><strong>impermutabilem</strong></span> 
     </span>
    </p>
   </div>
   <div class='ocr_carea' id='block_1_95' title="bbox 485 5095 2054 5168">
    <p class='ocr_par' dir='ltr' id='par_1_95' title="bbox 485 5095 2054 5168">
     <span class='ocr_line' id='line_1_95' title="bbox 485 5095 2054 5168; baseline -0.013 0"><span class='ocrx_word' id='word_1_702' title='bbox 485 5113 577 5168; x_wconf 81' lang='lat' dir='ltr'><strong>Dei</strong></span> <span class='ocrx_word' id='word_1_703' title='bbox 617 5111 814 5166; x_wconf 90' lang='lat' dir='ltr'><strong>bonam</strong></span> <span class='ocrx_word' id='word_1_704' title='bbox 868 5107 1220 5162; x_wconf 86' lang='lat' dir='ltr'><strong>voluntatem.</strong></span> <span class='ocrx_word' id='word_1_705' title='bbox 1269 5100 1541 5158; x_wconf 71' lang='lat' dir='ltr'><strong>Prmnovit</strong></span> <span class='ocrx_word' id='word_1_706' title='bbox 1597 5099 1778 5167; x_wconf 68' lang='lat' dir='ltr'><strong>itaque</strong></span> <span class='ocrx_word' id='word_1_707' title='bbox 1831 5095 2054 5153; x_wconf 84' lang='lat' dir='ltr'><strong>Paulum</strong></span> 
     </span>
    </p>
   </div>
   <div class='ocr_carea' id='block_1_96' title="bbox 485 5188 2060 5266">
    <p class='ocr_par' dir='ltr' id='par_1_96' title="bbox 485 5188 2060 5266">
     <span class='ocr_line' id='line_1_96' title="bbox 485 5188 2060 5266; baseline -0.01 -9"><span class='ocrx_word' id='word_1_708' title='bbox 485 5201 763 5257; x_wconf 87' lang='lat' dir='ltr'><strong>vocatione</strong></span> <span class='ocrx_word' id='word_1_709' title='bbox 789 5196 1062 5266; x_wconf 77' lang='lat' dir='ltr'><strong>Evangelii</strong></span> <span class='ocrx_word' id='word_1_710' title='bbox 1085 5196 1304 5264; x_wconf 80' lang='lat' dir='ltr'><strong>dignum</strong></span> <span class='ocrx_word' id='word_1_711' title='bbox 1327 5205 1464 5253; x_wconf 85' lang='lat' dir='ltr'><strong>esse.</strong></span> <span class='ocrx_word' id='word_1_712' title='bbox 1491 5191 1678 5261; x_wconf 85' lang='lat' dir='ltr'><strong>sicque</strong></span> <span class='ocrx_word' id='word_1_713' title='bbox 1706 5188 2060 5258; x_wconf 69' lang='lat' dir='ltr'><strong>praedestina-</strong></span> 
     </span>
    </p>
   </div>
   <div class='ocr_carea' id='block_1_97' title="bbox 484 5279 2062 5355">
    <p class='ocr_par' dir='ltr' id='par_1_97' title="bbox 484 5279 2062 5355">
     <span class='ocr_line' id='line_1_97' title="bbox 484 5279 2062 5355; baseline -0.008 -12"><span class='ocrx_word' id='word_1_714' title='bbox 484 5293 598 5355; x_wconf 89' lang='lat' dir='ltr'><strong>vit,</strong></span> <span class='ocrx_word' id='word_1_715' title='bbox 646 5289 751 5344; x_wconf 87' lang='lat' dir='ltr'><strong>hoc</strong></span> <span class='ocrx_word' id='word_1_716' title='bbox 786 5295 871 5342; x_wconf 85' lang='lat' dir='ltr'><strong>est</strong></span> <span class='ocrx_word' id='word_1_717' title='bbox 937 5281 1444 5354; x_wconf 85' lang='lat' dir='ltr'><strong>impermutabiliter</strong></span> <span class='ocrx_word' id='word_1_718' title='bbox 1487 5279 1746 5344; x_wconf 78' lang='lat' dir='ltr'><strong>decrevit,</strong></span> <span class='ocrx_word' id='word_1_719' title='bbox 1818 5280 2062 5346; x_wconf 86' lang='lat' dir='ltr'><strong>adeoque</strong></span> 
     </span>
    </p>
   </div>
   <div class='ocr_carea' id='block_1_98' title="bbox 488 5368 2062 5448">
    <p class='ocr_par' dir='ltr' id='par_1_98' title="bbox 488 5368 2062 5448">
     <span class='ocr_line' id='line_1_98' title="bbox 488 5368 2062 5448; baseline -0.011 -10"><span class='ocrx_word' id='word_1_720' title='bbox 488 5382 890 5438; x_wconf 70' lang='lat' dir='ltr'><strong>statuittocare</strong></span> <span class='ocrx_word' id='word_1_721' title='bbox 934 5378 1136 5448; x_wconf 82' lang='lat' dir='ltr'><strong>ipsum.</strong></span> <span class='ocrx_word' id='word_1_722' title='bbox 1168 5372 1492 5430; x_wconf 82' lang='lat' dir='ltr'><strong>Conformes</strong></span> <span class='ocrx_word' id='word_1_723' title='bbox 1533 5371 1696 5441; x_wconf 75' lang='lat' dir='ltr'><strong>igitur</strong></span> <span class='ocrx_word' id='word_1_724' title='bbox 1721 5368 1882 5425; x_wconf 81' lang='lat' dir='ltr'><strong>eilicit</strong></span> <span class='ocrx_word' id='word_1_725' title='bbox 1922 5369 2062 5424; x_wconf 87' lang='lat' dir='ltr'><strong>ima-</strong></span> 
     </span>
    </p>
   </div>
   <div class='ocr_carea' id='block_1_99' title="bbox 486 5459 2066 5548">
    <p class='ocr_par' dir='ltr' id='par_1_99' title="bbox 486 5459 2066 5548">
     <span class='ocr_line' id='line_1_99' title="bbox 486 5459 2066 5548; baseline -0.013 -18"><span class='ocrx_word' id='word_1_726' title='bbox 486 5478 596 5548; x_wconf 79' lang='lat' dir='ltr'><strong>gini</strong></span> <span class='ocrx_word' id='word_1_727' title='bbox 637 5473 792 5542; x_wconf 79' lang='lat' dir='ltr'><strong>Filii,</strong></span> <span class='ocrx_word' id='word_1_728' title='bbox 829 5489 965 5544; x_wconf 85' lang='lat' dir='ltr'><strong>quos</strong></span> <span class='ocrx_word' id='word_1_729' title='bbox 995 5471 1286 5543; x_wconf 78' lang='lat' dir='ltr'><strong>praenoscit</strong></span> <span class='ocrx_word' id='word_1_730' title='bbox 1314 5459 1526 5539; x_wconf 79' lang='lat' dir='ltr'><strong>dignos.</strong></span> <span class='ocrx_word' id='word_1_731' title='bbox 1559 5467 1709 5534; x_wconf 89' lang='lat' dir='ltr'><strong>Quod</strong></span> <span class='ocrx_word' id='word_1_732' title='bbox 1738 5467 1881 5523; x_wconf 88' lang='lat' dir='ltr'><strong>enim</strong></span> <span class='ocrx_word' id='word_1_733' title='bbox 1931 5463 2066 5519; x_wconf 79' lang='lat' dir='ltr'><strong>Uni.</strong></span> 
     </span>
    </p>
   </div>
   <div class='ocr_carea' id='block_1_100' title="bbox 2159 4530 3737 4619">
    <p class='ocr_par' dir='ltr' id='par_1_100' title="bbox 2159 4530 3737 4619">
     <span class='ocr_line' id='line_1_100' title="bbox 2159 4530 3737 4619; baseline -0.011 -17"><span class='ocrx_word' id='word_1_734' title='bbox 2159 4550 2263 4619; x_wconf 80' lang='grc' dir='ltr'>τῆς</span> <span class='ocrx_word' id='word_1_735' title='bbox 2297 4547 2504 4608; x_wconf 76' lang='grc' dir='ltr'>εἰκόνος</span> <span class='ocrx_word' id='word_1_736' title='bbox 2563 4542 2660 4598; x_wconf 84' lang='grc' dir='ltr'><strong>τοῦ</strong></span> <span class='ocrx_word' id='word_1_737' title='bbox 2708 4540 2838 4595; x_wconf 85' lang='grc' dir='ltr'>Υἱοῦ</span> <span class='ocrx_word' id='word_1_738' title='bbox 2889 4537 3080 4601; x_wconf 82' lang='grc' dir='ltr'>αὐτοῦ,</span> <span class='ocrx_word' id='word_1_739' title='bbox 3134 4537 3217 4599; x_wconf 85' lang='grc' dir='ltr'><strong>είς</strong></span> <span class='ocrx_word' id='word_1_740' title='bbox 3263 4535 3326 4586; x_wconf 87' lang='grc' dir='ltr'><strong>τὸ</strong></span> <span class='ocrx_word' id='word_1_741' title='bbox 3382 4530 3524 4586; x_wconf 77' lang='grc' dir='ltr'>εἶναι</span> <span class='ocrx_word' id='word_1_742' title='bbox 3572 4533 3737 4585; x_wconf 82' lang='grc' dir='ltr'>αὑτὸν</span> 
     </span>
    </p>
   </div>
   <div class='ocr_carea' id='block_1_101' title="bbox 2164 4621 3734 4712">
    <p class='ocr_par' dir='ltr' id='par_1_101' title="bbox 2164 4621 3734 4712">
     <span class='ocr_line' id='line_1_101' title="bbox 2164 4621 3734 4712; baseline -0.014 -17"><span class='ocrx_word' id='word_1_743' title='bbox 2164 4640 2512 4712; x_wconf 86' lang='grc' dir='ltr'>πρωτότοκον</span> <span class='ocrx_word' id='word_1_744' title='bbox 2541 4637 2600 4690; x_wconf 82' lang='grc' dir='ltr'>ἐν</span> <span class='ocrx_word' id='word_1_745' title='bbox 2647 4633 2865 4695; x_wconf 81' lang='grc' dir='ltr'>πολλοῖς</span> <span class='ocrx_word' id='word_1_746' title='bbox 2897 4631 3169 4698; x_wconf 77' lang='grc' dir='ltr'>ἀδελφοῖς.</span> <span class='ocrx_word' id='word_1_747' title='bbox 3201 4624 3306 4688; x_wconf 82' lang='grc' dir='ltr'>Οὓς</span> <span class='ocrx_word' id='word_1_748' title='bbox 3336 4624 3394 4678; x_wconf 82' lang='grc' dir='ltr'><strong>δέ</strong></span> <span class='ocrx_word' id='word_1_749' title='bbox 3434 4621 3734 4693; x_wconf 81' lang='grc' dir='ltr'>προώρισε,</span> 
     </span>
    </p>
   </div>
   <div class='ocr_carea' id='block_1_102' title="bbox 2161 4714 3737 4793">
    <p class='ocr_par' dir='ltr' id='par_1_102' title="bbox 2161 4714 3737 4793">
     <span class='ocr_line' id='line_1_102' title="bbox 2161 4714 3737 4793; baseline -0.015 -4"><span class='ocrx_word' id='word_1_750' title='bbox 2161 4732 2388 4793; x_wconf 79' lang='grc' dir='ltr'>τούτους</span> <span class='ocrx_word' id='word_1_751' title='bbox 2432 4732 2526 4784; x_wconf 76' lang='grc' dir='ltr'>καὶ</span> <span class='ocrx_word' id='word_1_752' title='bbox 2560 4727 2810 4782; x_wconf 82' lang='grc' dir='ltr'>ἐκάλεσε.</span> <span class='ocrx_word' id='word_1_753' title='bbox 2864 4743 2885 4778; x_wconf 73' lang='grc' dir='ltr'><strong>ι</strong></span> <span class='ocrx_word' id='word_1_754' title='bbox 2920 4719 3298 4792; x_wconf 81' lang='grc' dir='ltr'>Προγινὼσκει</span> <span class='ocrx_word' id='word_1_755' title='bbox 3331 4717 3351 4748; x_wconf 88' lang='grc'>⁸</span> <span class='ocrx_word' id='word_1_756' title='bbox 3383 4719 3412 4771; x_wconf 84' lang='lat'><strong>6</strong></span> <span class='ocrx_word' id='word_1_757' title='bbox 3441 4714 3574 4777; x_wconf 88' lang='grc' dir='ltr'>Θεὸς</span> <span class='ocrx_word' id='word_1_758' title='bbox 3612 4717 3737 4776; x_wconf 71' lang='grc' dir='ltr'>τοὺς</span> 
     </span>
    </p>
   </div>
   <div class='ocr_carea' id='block_1_103' title="bbox 2164 4801 3738 4890">
    <p class='ocr_par' dir='ltr' id='par_1_103' title="bbox 2164 4801 3738 4890">
     <span class='ocr_line' id='line_1_103' title="bbox 2164 4801 3738 4890; baseline -0.012 -14"><span class='ocrx_word' id='word_1_759' title='bbox 2164 4822 2350 4889; x_wconf 78' lang='grc' dir='ltr'>ἀξίους</span> <span class='ocrx_word' id='word_1_760' title='bbox 2377 4823 2476 4890; x_wconf 83' lang='grc' dir='ltr'>τῆς</span> <span class='ocrx_word' id='word_1_761' title='bbox 2507 4817 2773 4886; x_wconf 79' lang='grc' dir='ltr'>κλήσεως,</span> <span class='ocrx_word' id='word_1_762' title='bbox 2809 4809 2908 4870; x_wconf 79' lang='grc' dir='ltr'>εἷθ’</span> <span class='ocrx_word' id='word_1_763' title='bbox 2941 4810 3118 4874; x_wconf 74' lang='grc' dir='ltr'>οὕτως</span> <span class='ocrx_word' id='word_1_764' title='bbox 3150 4807 3452 4879; x_wconf 76' lang='grc' dir='ltr'>προορίζει.</span> <span class='ocrx_word' id='word_1_765' title='bbox 3489 4801 3738 4875; x_wconf 78' lang='grc' dir='ltr'>Πρότὲρα</span> 
     </span>
    </p>
   </div>
   <div class='ocr_carea' id='block_1_104' title="bbox 2164 4894 3735 4984">
    <p class='ocr_par' dir='ltr' id='par_1_104' title="bbox 2164 4894 3735 4984">
     <span class='ocr_line' id='line_1_104' title="bbox 2164 4894 3735 4984; baseline -0.015 -15"><span class='ocrx_word' id='word_1_766' title='bbox 2164 4911 2258 4970; x_wconf 81' lang='grc' dir='ltr'><strong>οὖν</strong></span> <span class='ocrx_word' id='word_1_767' title='bbox 2287 4915 2319 4984; x_wconf 79' lang='grc' dir='ltr'>ἡ</span> <span class='ocrx_word' id='word_1_768' title='bbox 2352 4913 2679 4984; x_wconf 82' lang='grc' dir='ltr'>πρόγνωσις,</span> <span class='ocrx_word' id='word_1_769' title='bbox 2715 4905 2837 4962; x_wconf 76' lang='grc' dir='ltr'>εἷτα</span> <span class='ocrx_word' id='word_1_770' title='bbox 2871 4909 2899 4960; x_wconf 88' lang='lat'><strong>6</strong></span> <span class='ocrx_word' id='word_1_771' title='bbox 2923 4901 3284 4974; x_wconf 81' lang='grc' dir='ltr'>προορισμός.</span> <span class='ocrx_word' id='word_1_772' title='bbox 3314 4895 3657 4967; x_wconf 83' lang='grc' dir='ltr'>Προορισμὸν</span> <span class='ocrx_word' id='word_1_773' title='bbox 3678 4894 3735 4947; x_wconf 79' lang='grc' dir='ltr'><strong>δὲ</strong></span> 
     </span>
    </p>
   </div>
   <div class='ocr_carea' id='block_1_105' title="bbox 2163 4987 3732 5075">
    <p class='ocr_par' dir='ltr' id='par_1_105' title="bbox 2163 4987 3732 5075">
     <span class='ocr_line' id='line_1_105' title="bbox 2163 4987 3732 5075; baseline -0.015 -16"><span class='ocrx_word' id='word_1_774' title='bbox 2163 5005 2378 5075; x_wconf 83' lang='grc' dir='ltr'>νοήσεις</span> <span class='ocrx_word' id='word_1_775' title='bbox 2424 5003 2485 5056; x_wconf 83' lang='grc' dir='ltr'><strong>τὸ</strong></span> <span class='ocrx_word' id='word_1_776' title='bbox 2522 4999 2860 5070; x_wconf 78' lang='grc' dir='ltr'>ἀμετάθετον</span> <span class='ocrx_word' id='word_1_777' title='bbox 2929 4994 3026 5050; x_wconf 87' lang='grc' dir='ltr'><strong>τοῦ</strong></span> <span class='ocrx_word' id='word_1_778' title='bbox 3075 4990 3211 5047; x_wconf 79' lang='grc' dir='ltr'>Θεοῦ</span> <span class='ocrx_word' id='word_1_779' title='bbox 3258 4988 3462 5058; x_wconf 82' lang='grc' dir='ltr'>ἀγαθὸν</span> <span class='ocrx_word' id='word_1_780' title='bbox 3501 4987 3732 5075; x_wconf 78' lang='grc' dir='ltr'>θέλημα.</span> 
     </span>
    </p>
   </div>
   <div class='ocr_carea' id='block_1_106' title="bbox 2166 5074 3736 5164">
    <p class='ocr_par' dir='ltr' id='par_1_106' title="bbox 2166 5074 3736 5164">
     <span class='ocr_line' id='line_1_106' title="bbox 2166 5074 3736 5164; baseline -0.015 -14"><span class='ocrx_word' id='word_1_781' title='bbox 2166 5074 2426 5164; x_wconf 15' lang='grc' dir='ltr'>Πρίοέγνω</span> <span class='ocrx_word' id='word_1_782' title='bbox 2460 5087 2574 5156; x_wconf 76' lang='grc' dir='ltr'>οὖν,</span> <span class='ocrx_word' id='word_1_783' title='bbox 2616 5091 2698 5143; x_wconf 85' lang='grc' dir='ltr'>ὅτι</span> <span class='ocrx_word' id='word_1_784' title='bbox 2731 5089 2760 5142; x_wconf 87' lang='lat'><strong>6</strong></span> <span class='ocrx_word' id='word_1_785' title='bbox 2811 5085 3027 5147; x_wconf 84' lang='grc' dir='ltr'>Παῦλος</span> <span class='ocrx_word' id='word_1_786' title='bbox 3055 5082 3204 5150; x_wconf 78' lang='grc' dir='ltr'>ἄξιος</span> <span class='ocrx_word' id='word_1_787' title='bbox 3237 5083 3339 5150; x_wconf 84' lang='grc' dir='ltr'>τῆς</span> <span class='ocrx_word' id='word_1_788' title='bbox 3371 5078 3618 5145; x_wconf 85' lang='grc' dir='ltr'>κλήσεως</span> <span class='ocrx_word' id='word_1_789' title='bbox 3643 5074 3736 5128; x_wconf 85' lang='grc' dir='ltr'><strong>τοῦ</strong></span> 
     </span>
    </p>
   </div>
   <div class='ocr_carea' id='block_1_107' title="bbox 2165 5165 3738 5260">
    <p class='ocr_par' dir='ltr' id='par_1_107' title="bbox 2165 5165 3738 5260">
     <span class='ocr_line' id='line_1_107' title="bbox 2165 5165 3738 5260; baseline -0.013 -21"><span class='ocrx_word' id='word_1_790' title='bbox 2165 5183 2525 5260; x_wconf 38' lang='grc' dir='ltr'>Εὑαγγελίουὶ</span> <span class='ocrx_word' id='word_1_791' title='bbox 2550 5182 2647 5234; x_wconf 74' lang='grc' dir='ltr'>καὶ</span> <span class='ocrx_word' id='word_1_792' title='bbox 2670 5177 2812 5232; x_wconf 77' lang='grc' dir='ltr'>οὓτω</span> <span class='ocrx_word' id='word_1_793' title='bbox 2842 5175 3142 5246; x_wconf 82' lang='grc' dir='ltr'>προώρισε,</span> <span class='ocrx_word' id='word_1_794' title='bbox 3165 5172 3444 5226; x_wconf 80' lang='grc' dir='ltr'>τουτέστιν</span> <span class='ocrx_word' id='word_1_795' title='bbox 3470 5165 3738 5236; x_wconf 77' lang='grc' dir='ltr'>ἀμεταθέ-</span> 
     </span>
    </p>
   </div>
   <div class='ocr_carea' id='block_1_108' title="bbox 2166 5258 3737 5344">
    <p class='ocr_par' dir='ltr' id='par_1_108' title="bbox 2166 5258 3737 5344">
     <span class='ocr_line' id='line_1_108' title="bbox 2166 5258 3737 5344; baseline -0.014 -13"><span class='ocrx_word' id='word_1_796' title='bbox 2166 5293 2274 5338; x_wconf 85' lang='grc' dir='ltr'><strong>τως</strong></span> <span class='ocrx_word' id='word_1_797' title='bbox 2302 5258 2516 5344; x_wconf 45' lang='grc' dir='ltr'>ὥρισεξ</span> <span class='ocrx_word' id='word_1_798' title='bbox 2540 5274 2634 5327; x_wconf 78' lang='grc' dir='ltr'>καὶ</span> <span class='ocrx_word' id='word_1_799' title='bbox 2665 5271 2862 5338; x_wconf 71' lang='grc' dir='ltr'>ἔστησε</span> <span class='ocrx_word' id='word_1_800' title='bbox 2904 5267 2968 5320; x_wconf 89' lang='grc' dir='ltr'><strong>τὸ</strong></span> <span class='ocrx_word' id='word_1_801' title='bbox 2997 5264 3229 5321; x_wconf 84' lang='grc' dir='ltr'>καλέσαι</span> <span class='ocrx_word' id='word_1_802' title='bbox 3259 5260 3444 5316; x_wconf 83' lang='grc' dir='ltr'>αὐτόν.</span> <span class='ocrx_word' id='word_1_803' title='bbox 3475 5258 3737 5328; x_wconf 85' lang='grc' dir='ltr'>Συμμόρ-</span> 
     </span>
    </p>
   </div>
   <div class='ocr_carea' id='block_1_109' title="bbox 2163 5347 3738 5437">
    <p class='ocr_par' dir='ltr' id='par_1_109' title="bbox 2163 5347 3738 5437">
     <span class='ocr_line' id='line_1_109' title="bbox 2163 5347 3738 5437; baseline -0.013 -16"><span class='ocrx_word' id='word_1_804' title='bbox 2163 5383 2296 5437; x_wconf 71' lang='grc' dir='ltr'>(ρους</span> <span class='ocrx_word' id='word_1_805' title='bbox 2346 5363 2530 5418; x_wconf 81' lang='grc' dir='ltr'>τοίνυν</span> <span class='ocrx_word' id='word_1_806' title='bbox 2577 5363 2723 5416; x_wconf 81' lang='grc' dir='ltr'>ποιεῖ</span> <span class='ocrx_word' id='word_1_807' title='bbox 2745 5362 2845 5429; x_wconf 85' lang='grc' dir='ltr'><strong>τῆς</strong></span> <span class='ocrx_word' id='word_1_808' title='bbox 2876 5358 3085 5418; x_wconf 81' lang='grc' dir='ltr'>εἰκόνος</span> <span class='ocrx_word' id='word_1_809' title='bbox 3118 5355 3213 5408; x_wconf 89' lang='grc' dir='ltr'><strong>τοῦ</strong></span> <span class='ocrx_word' id='word_1_810' title='bbox 3255 5349 3389 5405; x_wconf 79' lang='grc' dir='ltr'>Υίοῦ</span> <span class='ocrx_word' id='word_1_811' title='bbox 3420 5347 3614 5416; x_wconf 83' lang='grc' dir='ltr'>αὑτοῦ,</span> <span class='ocrx_word' id='word_1_812' title='bbox 3644 5347 3738 5413; x_wconf 81' lang='grc' dir='ltr'><strong>οὓς</strong></span> 
     </span>
    </p>
   </div>
   <div class='ocr_carea' id='block_1_110' title="bbox 2163 5441 3741 5529">
    <p class='ocr_par' dir='ltr' id='par_1_110' title="bbox 2163 5441 3741 5529">
     <span class='ocr_line' id='line_1_110' title="bbox 2163 5441 3741 5529; baseline -0.013 -17"><span class='ocrx_word' id='word_1_813' title='bbox 2163 5457 2532 5529; x_wconf 82' lang='grc' dir='ltr'>προγινώσκει</span> <span class='ocrx_word' id='word_1_814' title='bbox 2562 5454 2766 5518; x_wconf 81' lang='grc' dir='ltr'>ἀξίους.</span> <span class='ocrx_word' id='word_1_815' title='bbox 2819 5454 2884 5505; x_wconf 90' lang='lat'><strong>&quot;0</strong></span> <span class='ocrx_word' id='word_1_816' title='bbox 2912 5450 3020 5522; x_wconf 80' lang='grc' dir='ltr'>γάρ</span> <span class='ocrx_word' id='word_1_817' title='bbox 3045 5451 3192 5502; x_wconf 83' lang='grc' dir='ltr'>ἐστιν</span> <span class='ocrx_word' id='word_1_818' title='bbox 3234 5446 3264 5500; x_wconf 87' lang='grc' dir='ltr'><strong>ό</strong></span> <span class='ocrx_word' id='word_1_819' title='bbox 3296 5441 3609 5514; x_wconf 76' lang='grc' dir='ltr'>Μονογενὴς</span> <span class='ocrx_word' id='word_1_820' title='bbox 3641 5441 3741 5509; x_wconf 66' lang='grc' dir='ltr'><strong>φύς</strong></span> 
     </span>
    </p>
   </div>
   <div class='ocr_carea' id='block_1_111' title="bbox 487 5529 2051 5652">
    <p class='ocr_par' dir='ltr' id='par_1_111' title="bbox 487 5556 2051 5652">
     <span class='ocr_line' id='line_1_111' title="bbox 487 5556 2051 5652; baseline -0.014 -26"><span class='ocrx_word' id='word_1_821' title='bbox 487 5568 701 5641; x_wconf 73' lang='lat' dir='ltr'><strong>genitus</strong></span> <span class='ocrx_word' id='word_1_822' title='bbox 739 5576 821 5623; x_wconf 89' lang='lat' dir='ltr'><strong>est</strong></span> <span class='ocrx_word' id='word_1_823' title='bbox 846 5565 1136 5652; x_wconf 77' lang='lat' dir='ltr'><strong>secundum</strong></span> <span class='ocrx_word' id='word_1_824' title='bbox 1168 5571 1417 5618; x_wconf 87' lang='lat' dir='ltr'><strong>naturam</strong></span> <span class='ocrx_word' id='word_1_825' title='bbox 1448 5599 1464 5627; x_wconf 92' lang='lat'><strong>,</strong></span> <span class='ocrx_word' id='word_1_826' title='bbox 1509 5561 1610 5616; x_wconf 90' lang='lat' dir='ltr'><strong>hoc</strong></span> <span class='ocrx_word' id='word_1_827' title='bbox 1649 5559 1749 5629; x_wconf 91' lang='lat' dir='ltr'><strong>ipsi</strong></span> <span class='ocrx_word' id='word_1_828' title='bbox 1781 5556 1906 5612; x_wconf 85' lang='lat' dir='ltr'><strong>facti</strong></span> <span class='ocrx_word' id='word_1_829' title='bbox 1938 5563 2051 5610; x_wconf 80' lang='lat' dir='ltr'><strong>sum</strong></span> 
     </span>
    </p>
   </div>
   <div class='ocr_carea' id='block_1_112' title="bbox 2156 5529 3741 5652">
    <p class='ocr_par' dir='ltr' id='par_1_112' title="bbox 2167 5529 3741 5615">
     <span class='ocr_line' id='line_1_112' title="bbox 2167 5529 3741 5615; baseline -0.013 -12"><span class='ocrx_word' id='word_1_830' title='bbox 2167 5566 2272 5615; x_wconf 87' lang='grc' dir='ltr'>σει,</span> <span class='ocrx_word' id='word_1_831' title='bbox 2302 5547 2465 5602; x_wconf 92' lang='grc' dir='ltr'>τοῦτο</span> <span class='ocrx_word' id='word_1_832' title='bbox 2489 5545 2645 5602; x_wconf 75' lang='grc' dir='ltr'>αὐτοὶ</span> <span class='ocrx_word' id='word_1_833' title='bbox 2669 5543 2928 5612; x_wconf 85' lang='grc' dir='ltr'>γεγόνασι</span> <span class='ocrx_word' id='word_1_834' title='bbox 2956 5539 3099 5595; x_wconf 79' lang='grc' dir='ltr'>κατὰ</span> <span class='ocrx_word' id='word_1_835' title='bbox 3128 5537 3316 5612; x_wconf 79' lang='grc' dir='ltr'>χάριν,</span> <span class='ocrx_word' id='word_1_836' title='bbox 3346 5534 3455 5588; x_wconf 73' lang='grc' dir='ltr'>υἱοὶ</span> <span class='ocrx_word' id='word_1_837' title='bbox 3481 5529 3617 5588; x_wconf 83' lang='grc' dir='ltr'>Θεοῦ</span> <span class='ocrx_word' id='word_1_838' title='bbox 3647 5531 3741 5584; x_wconf 73' lang='grc' dir='ltr'>καὶ</span> 
     </span>
    </p>
   </div>
   <div class='ocr_carea' id='block_1_113' title="bbox 1845 5686 2428 5753">
    <p class='ocr_par' dir='ltr' id='par_1_113' title="bbox 1845 5686 2428 5753">
     <span class='ocr_line' id='line_1_113' title="bbox 1845 5686 2428 5753; baseline -0.019 0"><span class='ocrx_word' id='word_1_839' title='bbox 1845 5690 2056 5753; x_wconf 77' lang='lat' dir='ltr'><strong>Varire</strong></span> <span class='ocrx_word' id='word_1_840' title='bbox 2089 5686 2428 5750; x_wconf 84' lang='lat' dir='ltr'><strong>lectiones.</strong></span> 
     </span>
    </p>
   </div>
   <div class='ocr_carea' id='block_1_114' title="bbox 565 5802 2788 5895">
    <p class='ocr_par' dir='ltr' id='par_1_114' title="bbox 565 5802 2788 5895">
     <span class='ocr_line' id='line_1_114' title="bbox 565 5802 2788 5895; baseline -0.013 -13"><span class='ocrx_word' id='word_1_841' title='bbox 565 5831 610 5862; x_wconf 71' lang='grc'><strong>⁸³</strong></span> <span class='ocrx_word' id='word_1_842' title='bbox 645 5823 1111 5895; x_wconf 83' lang='grc' dir='ltr'>ἐκκλησιαστικῶν</span> <span class='ocrx_word' id='word_1_843' title='bbox 1147 5839 1199 5878; x_wconf 93' lang='lat' dir='ltr'><strong>o.</strong></span> <span class='ocrx_word' id='word_1_844' title='bbox 1277 5822 1294 5854; x_wconf 75' lang='grc' dir='ltr'><strong>ί</strong></span> <span class='ocrx_word' id='word_1_845' title='bbox 1341 5820 1476 5891; x_wconf 81' lang='grc' dir='ltr'>πρὸς</span> <span class='ocrx_word' id='word_1_846' title='bbox 1526 5835 1578 5874; x_wconf 93' lang='lat' dir='ltr'><strong>o.</strong></span> <span class='ocrx_word' id='word_1_847' title='bbox 1659 5818 1678 5849; x_wconf 79' lang='lat'>&#39;</span> <span class='ocrx_word' id='word_1_848' title='bbox 1720 5813 2099 5886; x_wconf 74' lang='grc' dir='ltr'>φανερώτερον</span> <span class='ocrx_word' id='word_1_849' title='bbox 2133 5827 2184 5866; x_wconf 95' lang='lat' dir='ltr'><strong>o.</strong></span> <span class='ocrx_word' id='word_1_850' title='bbox 2263 5809 2282 5840; x_wconf 87' lang='grc'>³</span> <span class='ocrx_word' id='word_1_851' title='bbox 2314 5802 2706 5877; x_wconf 67' lang='grc' dir='ltr'>προγινώσκων</span> <span class='ocrx_word' id='word_1_852' title='bbox 2736 5816 2788 5856; x_wconf 90' lang='lat'><strong>0.</strong></span> 
     </span>
    </p>
   </div>
  </div>
