4038 6594
495 407 606 472 455

1419 401 1994 464 THEOPHYLACTI
2039 401 2447 462 BULGARLIE
2487 401 2845 463 ARCHIEP.

3650 402 3746 471 456

497 525 804 590 resurrexit,
837 523 1086 579 Christus
1125 529 1206 577 est
1249 520 1420 576 Filius
1453 521 1541 576 ille
1576 522 1693 576 Dei.
1739 521 1872 588 Quis
1918 521 2077 592 igitur

2195 522 2306 583 πός
2338 521 2486 573 ἐστιν
2527 523 2554 574 ὁ
2592 519 2717 581 Υἱὸς
2753 517 2847 572 τοῦ
2881 517 3038 573 Θεοῦ.
3079 518 3172 584 Τίς
3206 515 3308 574 οὖν
3348 519 3379 574 ὁ
3423 521 3749 592 κατακρίνων

496 617 870 688 condemnabit
898 624 1042 669 tanta
1072 615 1238 683 gloria
1255 615 1482 669 donatos
1511 629 1574 669 ac
1602 615 1849 684 dignatas
1873 614 1896 667 τ

573 728 591 761 ι
638 708 738 774 Qui
762 717 842 761 est
869 709 935 760 ad
968 708 1246 762 dexteram
1282 706 1408 770 Dei,
1442 708 1532 776 qui
1570 707 1732 761 etiam
1765 706 2074 776 interpellat

501 813 596 866 pro
624 795 778 849 nobis
827 813 845 846 ι
877 825 944 835 -
973 812 991 846 ι
1043 793 1356 862 [interpellat
1397 810 1493 864 pro
1525 795 1702 859 nobis,
1741 813 1759 842 ι
1795 796 1965 860 dixit,
2017 804 2076 848 ut

501 887 702 940 Christi
739 901 865 956 erga
912 899 1010 940 nos
1049 884 1389 940 dilectionem
1432 896 1821 941 commonstret
1867 906 1879 940 :
1929 886 2074 957 quod

502 979 713 1033 ttiamsi
746 995 805 1033 ea
835 995 955 1049 qua:
984 979 1048 1033 ad
1083 979 1324 1048 corporis
1351 979 1434 1032 sui
1467 981 1921 1048 dispensationem
1954 995 2076 1048 pero

501 1075 738 1126 tiuercnt
788 1072 1134 1142 adimplevit,
1174 1072 1404 1125 amicum
1457 1081 1634 1124 tamen
1668 1081 1723 1124 et
1755 1071 2074 1126 clementem

495 1179 653 1218 suum
704 1180 828 1234 erga
876 1182 970 1218 nos
1013 1163 1266 1217 allectum
1301 1165 1532 1217 nondum
1575 1163 1850 1228 dissolvit,
1893 1177 2076 1217 verum

497 1257 650 1327 quasi
687 1257 891 1326 legatus
920 1273 1016 1324 pro
1043 1256 1199 1308 nobis
1229 1254 1515 1308 intercedit
1561 1271 1574 1307 :
1607 1254 1708 1308 hoc
1737 1255 1880 1308 enim
1914 1255 2084 1323 signi-

498 1349 622 1399 licat
663 1343 998 1413 ὲντυγχάνει.
1043 1342 1176 1396 Nam
1213 1343 1310 1396 ista
1363 1341 1529 1396 dictio
1579 1339 1850 1410 Unigeniti
1891 1340 2079 1411 gloriae

500 1438 917 1491 diminutionem
969 1450 1308 1504 nequaquam
1359 1434 1541 1489 infert.
1595 1431 1728 1486 Nam
1766 1448 1887 1487 cum
1931 1435 2082 1501 prius

499 1527 762 1593 dixisset,
848 1545 867 1579 ι
903 1528 1001 1594 Qui
1035 1537 1117 1580 est
1157 1528 1222 1580 ad
1274 1527 1516 1580 dextram
1561 1524 1654 1580 Dei
1707 1543 1726 1576 ι
1761 1524 1937 1595 (quod
1972 1539 2083 1577 ma-

505 1622 723 1690 jestatis
751 1620 870 1688 ejus
908 1629 990 1673 cst
1018 1618 1274 1673 indicium
1299 1617 1340 1688 ),
1373 1617 1554 1671 intulit
1587 1619 1802 1680 deinde,
1841 1635 1858 1668 ι
1904 1616 2082 1670 luter-

505 1711 670 1779 pellat
708 1726 722 1763 :
761 1726 779 1760 ι
825 1709 960 1762 nihil
1006 1709 1152 1762 aliud
1204 1721 1297 1776 per
1335 1706 1437 1762 hoc
1484 1709 1732 1770 iunuens,
1769 1721 1969 1776 quant,
2007 1705 2084 1758 uti

503 1802 703 1855 dictum
737 1809 841 1866 est,
873 1800 992 1868 ejus
1023 1814 1150 1868 erga
1183 1813 1283 1853 nos
1321 1798 1663 1852 dilectionem
1699 1816 1713 1852 :
1743 1799 2082 1868 thanquui-

2175 616 2300 676 τοὺς
2334 612 2602 682 τοσαύτης
2640 611 2798 683 δόξης
2829 610 3189 678 άξιωθέντας;

2255 721 2273 756 ι
2316 706 2412 767 ’ος
2451 705 2544 758 καὶ
2582 703 2730 757 ἐστιν
2765 706 2822 758 ὲν
2865 703 3013 773 δεξιᾷ
3043 702 3136 756 τοῦ
3161 703 3327 768 Θεοῦ,
3363 702 3426 766 ὃς
3455 702 3547 756 καὶ
3577 703 3749 772 ἐντυγ-

2177 795 2327 866 χάνει
2357 795 2498 868 ὑπὲρ
2519 797 2696 866 ἡμῶν.
2731 815 2749 847 ι
2781 795 2874 855 Τὸ.
2914 813 2932 846 t
2981 795 3338 864 Ἐντυγχάνει
3365 795 3512 864 ὑπὲρ
3533 795 3700 864 ἡμῶν,
3727 817 3743 848 ι

2177 883 2353 953 εἷπεν,
2379 887 2467 940 ἴνα
2489 886 2637 958 δείξῃ
2662 887 2760 957 τὴν
2791 886 2930 955 πρὸς
2958 887 3104 954 ἡμᾶς
3131 885 3361 954 ἀγάπην
3386 883 3481 938 τοῦ
3507 884 3746 954 Χριστοῦο

2178 980 2260 1032 ὅτι
2295 977 2475 1032 καίτοι
2511 979 2583 1030 τὰ
2607 979 2703 1045 τῆς
2743 977 3066 1046 σωματικῆς
3097 975 3422 1045 οἰκονομίας
3452 975 3747 1045 πληρώσας,

2179 1071 2239 1124 ού
2286 1069 2551 1124 κατέλυσε
2597 1070 2698 1138 τὴν
2746 1067 2876 1138 περὶ
2929 1069 3076 1138 ἡμᾶς
3115 1069 3512 1139 φιλάνθρωπον
3562 1070 3746 1137 σχέσιν,

2180 1162 2319 1216 ἀλλὰ
2357 1161 2654 1233 πρεσϐεύει
2685 1161 2823 1231 ὑπὲρ
2847 1161 3027 1231 ἡμῶν·
3059 1162 3217 1215 τοῦτο
3248 1161 3363 1232 γὰρ
3389 1161 3472 1227 τὸ,
3505 1180 3524 1212 ι
3545 1162 3749 1230 Ἐντυγ-

2182 1254 2358 1324 χάνει.
2396 1272 2414 1304 ι
2441 1253 2514 1305 Ού
2543 1252 2852 1323 γὰρδὴπου
2871 1251 3166 1305 ἐλάττωσιν
3195 1253 3299 1319 τῆς
3319 1250 3417 1303 τοῦ
3436 1251 3749 1319 Μονογενοῦς

2184 1345 2342 1412 δόξης
2370 1347 2580 1411 εἰσάγει
2609 1346 2643 1415 ὴ
2667 1344 2811 1408 λέξις
2837 1343 2999 1412 αὕτη.
3037 1343 3318 1413 Πρότερον
3352 1343 3466 1412 γὰρ
3499 1341 3658 1394 εἰπὼν
3676 1342 3747 1407 τὸ,

2192 1455 2210 1488 ι
2238 1439 2334 1500 Ὀς
2371 1439 2518 1490 ἐστιν
2547 1439 2603 1490 ἐν
2630 1437 2777 1508 δεξιᾷ
2805 1437 2897 1490 τοῦ
2930 1437 3065 1489 Θεοῦ
3093 1437 3139 1468 ⁸⁸
3169 1456 3186 1488 ι
3224 1438 3243 1505 (
3279 1436 3423 1504 ὅπερ
3461 1436 3557 1505 τῆς
3597 1452 3748 1505 μεγα-

2185 1528 2460 1598 λειότητὸς
2493 1531 2642 1582 ἐστιν
2690 1528 2855 1583 αὑτοῦ
2905 1529 3234 1582 ἐνδεικτικὸν
3257 1527 3301 1598 ),
3341 1528 3424 1581 διὸ
3458 1529 3551 1580 καὶ
3586 1530 3622 1558 ¹¹
3660 1531 3746 1580 ἐπ-

2187 1621 2362 1688 ήγαγε
2399 1620 2480 1681 τὸ,
2514 1638 2532 1669 ι
2583 1620 2956 1688 Ἑντυγχάνειο
2997 1637 3016 1669 ι
3071 1618 3222 1670 οὐδὲν
3285 1617 3419 1670 ἄλλο
3466 1616 3636 1686 δηλῶν
3674 1617 3747 1670 διὰ

2187 1707 2345 1761 τοῦτο
2379 1707 2458 1780 [Ῑ.
2485 1708 2573 1762 διὰ
2596 1709 2786 1762 τούτου
2807 1706 2849 1779 ],
2875 1709 2929 1778 ἢ,
2955 1708 3028 1770 ὠς
3064 1708 3303 1778 εἴρηται,
3338 1707 3437 1776 τὴν
3469 1707 3598 1777 πρὸς
3620 1709 3747 1777 ἡμᾶς

2188 1799 2444 1868 ἀγάπην⁶
2491 1799 2614 1852 ἐπεὶ
2647 1800 2738 1852 καὶ
2777 1801 2906 1871 περὶ
2940 1799 3036 1851 τοῦ
3071 1799 3285 1868 Πατρὸς
3324 1799 3564 1868 εἴρηται,
3603 1817 3621 1850 ι
3673 1799 3748 1864 Ὡς

503 1891 625 1945 dem
650 1899 704 1944 et
731 1892 798 1944 de
837 1889 1002 1944 Patre
1027 1891 1230 1943 dictum
1255 1890 1345 1954 sit,
1381 1905 1399 1939 ι
1433 1888 1712 1957 Tanquam
1753 1889 1860 1944 Deo
1885 1891 2081 1942 exhor-

2195 1889 2278 1942 τοῦ
2311 1887 2447 1941 Θεοῦ
2498 1889 2944 1959 παρακαλοῦντος
2978 1889 3047 1942 δι’
3079 1889 3263 1960 ἡμῶν.
3309 1909 3328 1940 ι
3370 1885 3516 1958 Ἀρα
3552 1885 3640 1942 οῦν
3671 1890 3746 1942 διὰ

505 1995 653 2038 tante
688 1998 784 2053 per
815 1998 913 2059 nos
940 1993 984 2034 ο.
1023 1999 1043 2034 ι
1091 1980 1359 2050 Numquid
1392 1981 1554 2049 igitur
1585 1981 1752 2050 gloria
1779 1980 1868 2034 Dei
1903 1981 2082 2034 immi-

509 2081 715 2142 nuitur,
749 2077 870 2146 quia
918 2076 1258 2142 exhortatur,
1295 2076 1410 2129 sive
1451 2073 1739 2128 obsecrat?
1771 2071 1882 2126 lmo
1910 2077 2084 2142 potius

503 2168 793 2226 inell'abilis
836 2169 1010 2239 ipsius
1061 2184 1189 2239 erga
1230 2183 1328 2222 nos
1369 2182 1512 2222 cura:
1561 2178 1934 2238 argumentum
1978 2174 2080 2219 est.

503 2261 758 2317 Nonnulli
788 2272 1006 2326 autent,
1044 2280 1063 2314 ι
1122 2260 1428 2330 lnterpellat
1468 2274 1568 2330 pro
1601 2257 1791 2318 nobis.
1830 2275 1849 2310 ι
1883 2258 1963 2312 sic
1999 2258 2085 2311 in-

510 2356 860 2420 tellexerunt,
895 2353 1036 2424 quod
1067 2363 1333 2423 quatenus
1361 2365 1557 2421 corpus
1584 2350 1744 2414 lerat,
1777 2365 1875 2404 nec
1914 2349 2086 2418 depo-

505 2448 682 2504 suerit
716 2447 889 2516 ipsum
933 2445 1050 2516 (uti
1083 2443 1364 2498 Manicbzei
1413 2443 1717 2514 angantur)
1748 2442 1878 2496 illud
1909 2441 2084 2511 ipsum

505 2552 626 2592 esse
658 2535 1148 2604 interpellationem
1183 2543 1238 2588 et
1269 2533 1713 2587 intercessionem
1745 2532 1814 2584 ad
1841 2529 2082 2585 Patrem.

505 2631 719 2685 Intuens
743 2627 889 2682 enim
918 2626 971 2681 in
1003 2625 1135 2680 illud
1171 2624 1352 2688 Pater,
1388 2627 1707 2678 recordatur
1739 2624 2085 2679 dilectionem

508 2737 634 2791 erga
665 2719 918 2774 mortales
938 2759 953 2782 ,
986 2728 1206 2789 propter
1237 2733 1397 2788 quam
1427 2718 1658 2787 gestavit
1695 2731 1891 2786 corpus
1918 2714 2087 2769 Filius

510 2829 674 2878 suus,
706 2823 870 2882 atque
899 2813 972 2865 ita
1019 2813 1084 2864 ad
1133 2809 1533 2864 miserationem
1579 2819 1633 2862 et
1663 2807 2089 2863 misericordiam

510 2905 826 2960 inﬂectitur.
860 2904 982 2958 llaec
1012 2912 1193 2958 autem
1223 2902 1444 2966 Paulus,
1471 2912 1530 2957 ut
1557 2916 1928 2971 saepenumero
1954 2899 2091 2955 indi-

509 2995 664 3060 cavi,
697 2993 817 3050 ideo
849 2995 1008 3060 dixit,
1049 3004 1108 3047 ttt
1151 2991 1365 3047 alliictis
1408 2994 1647 3047 animum
1684 2992 1882 3056 addat,
1939 3005 2093 3046 mou-

516 3095 790 3154 etretque,
823 3085 967 3154 quod
1001 3094 1054 3138 et
1089 3083 1324 3153 Spiritus
1353 3098 1452 3153 pro
1469 3083 1624 3137 nobis
1662 3081 1981 3149 intercedat,
2029 3095 2093 3137 ac

511 3176 655 3245 quod
684 3175 846 3228 Pater
876 3175 1093 3243 proprio
1122 3173 1260 3228 Filio
1303 3189 1402 3228 suo
1437 3188 1536 3243 pro
1570 3172 1726 3228 nobis
1755 3187 1864 3227 non
1897 3186 2091 3242 peper-

2183 1981 2341 2035 τοῦτο
2369 1981 2677 2051 ἠλάττωται
2711 1982 2745 2050 ἡ
2777 1981 2904 2047 δόξα
2937 1982 3030 2034 τοῦ
3062 1981 3221 2046 Θεοῦ,
3250 1981 3390 2034 διότι
3417 1981 3744 2051 παρακαλεῖς

2199 2073 2360 2126 Ἀλλὰ
2411 2074 2628 2136 πάντως
2675 2074 2772 2143 τῆς
2811 2073 3020 2142 ἀφάτου
3077 2074 3210 2143 περὶ
3260 2074 3413 2141 ἡμᾶς
3444 2073 3744 2142 κηδεμονίας

2185 2163 2513 2216 ὲιδεικτικόν
2553 2163 2668 2215 ἐστι
2701 2161 2880 2215 τοῦτο.
2924 2163 3080 2224 Τινὲς
3119 2162 3176 2214 δὲ
3222 2163 3310 2227 τὸ,
3357 2179 3377 2212 ι
3420 2162 3747 2230 Ἐντυγχάνει

2187 2257 2328 2327 ὑπὲρ
2352 2257 2530 2326 ἡμῶν,
2563 2275 2582 2308 ι
2613 2255 2784 2319 οὕτως
2808 2255 3059 2325 ἐνόησαν,
3090 2257 3173 2308 ὅτι
3207 2254 3351 2308 καθὸ
3385 2254 3445 2305 τὸ
3479 2253 3631 2323 σῶμα
3657 2270 3740 2321 φο·

2189 2349 2297 2420 ρεῖ,
2322 2348 2417 2401 καὶ
2438 2348 2539 2401 οὐκ
2563 2347 2798 2401 ἀπέθετο
2818 2348 2971 2411 αὐτὸ,
2993 2347 3067 2410 ὼς
3090 2349 3140 2400 οἱ
3169 2348 3469 2416 Μανιχαίοι
3491 2342 3744 2414 ληροῦσιν,

2187 2439 2319 2494 αὐτὸ
2347 2439 2507 2494 τοῦτο
2531 2439 2796 2510 πρεσϐεία
2824 2441 2941 2493 ἐστὶ
2972 2440 3066 2493 καὶ
3095 2439 3347 2505 ἔντευξις
3382 2439 3517 2510 πρὸς
3539 2439 3622 2490 τὸν
3649 2438 3744 2489 111-

2188 2533 2343 2603 τέρα.
2379 2532 2604 2584 Βλέπων
2647 2531 2755 2602 γὰρ
2788 2531 2922 2584 αὐτὸ
2959 2533 2988 2583 ὁ
3022 2531 3248 2602 Πατὴρ,
3293 2530 3746 2600 ἀναμιμνήσκετςι

2187 2624 2288 2693 τῆς
2333 2623 2470 2694 πρὸς
2520 2623 2840 2694 ἀνθρώπους
2879 2623 3135 2691 ἀγάπης,
3188 2622 3261 2674 δι’
3315 2623 3383 2692 ἢν
3439 2619 3660 2688 ἐφόρησε
3685 2617 3745 2680 ,τὸ

2191 2717 2353 2786 σῶμα
2390 2717 2418 2769 ὁ
2458 2717 2573 2779 Υἱὸς
2603 2715 2790 2779 αὑτοῦ,
2828 2717 2922 2768 καὶ
2952 2718 3030 2778 είς
3071 2709 3254 2768 οἶκτον
3283 2714 3432 2767 νεύει
3469 2711 3562 2764 καὶ
3597 2711 3742 2762 ἔλεον.

2191 2809 2378 2862 Ταῦτα
2396 2809 2452 2862 δὲ
2478 2809 2625 2877 λέγει
2654 2809 2682 2861 ὁ
2715 2807 2944 2871 Παῦλος,
2972 2808 3110 2877 ὅπερ
3141 2807 3410 2868 πολλάκις
3436 2802 3604 2868 εἷπον,
3637 2802 3744 2863 τοὺς

2194 2897 2549 2970 θλιϐομένους
2586 2900 3106 2970 παραμυθούμενος,
3142 2899 3235 2952 καὶ
3271 2899 3536 2952 δεικνύων
3567 2895 3744 2956 αὐτοῖς,

2192 2992 2275 3047 ὅτι
2305 2995 2400 3047 καὶ
2427 2995 2488 3046 τὸ
2517 2994 2738 3064 Πνεῦμα
2769 2993 2908 3062 ὑπὲρ
2930 2993 3089 3062 ἡμῶν
3112 2991 3458 3060 ἐντυγχάνει,
3487 2991 3576 3042 καὶ
3600 2991 3625 3041 ὁ
3654 2987 3746 3039 Πα-

2192 3088 2296 3158 τὴρ
2321 3087 2416 3140 τοῦ
2468 3085 2596 3138 ἰδίου
2641 3084 2770 3138 Υἱοῦ
2824 3084 2965 3153 ὑπὲρ
3010 3083 3167 3153 ἡμῶν
3198 3083 3302 3136 οὐκ
3331 3080 3607 3151 ἐφείσατο,
3630 3075 3744 3129 ἀλλὰ

2194 3181 2288 3234 καὶ
2319 3178 2637 3232 ἐδικαίωσεν
2697 3178 2846 3247 ἡμᾶς
2879 3177 2971 3230 παλ⁸
2998 3175 3237 3239 ἐδόξασε,
3269 3175 3365 3226 καὶ
3385 3174 3413 3225 ὁ
3445 3172 3560 3232 Υίὸς
3581 3171 3746 3234 ἐντυγ-

515 3267 674 3332 cerit,
697 3268 788 3321 sed
812 3267 1123 3344 justilicarit
1143 3277 1196 3320 et
1216 3266 1536 3338 gloriﬁcarit
1558 3281 1679 3332 nos,
1701 3282 1765 3320 ac
1787 3264 1958 3320 Filius
1979 3265 2090 3335 ejus

2195 3269 2350 3341 χάνει
2390 3269 2528 3340 ὑπὲρ
2564 3241 2751 3339 ἡμῶν...
2777 3267 2888 3322 Καὶ
2925 3267 3110 3320 λοιπὸν
3139 3266 3200 3319 οῦ
3234 3264 3322 3321 δεῖ
3369 3264 3512 3336 ἡμᾶς
3545 3261 3744 3330 ἀθυμεῖν
3787 3311 3790 3314 .

515 3358 822 3428 interpellet
849 3376 945 3430 pro
973 3359 1128 3416 nobis
1158 3378 1173 3416 :
1210 3360 1352 3414 unde
1380 3360 1636 3429 deinceps
1665 3375 1770 3414 non
1800 3360 2096 3430 desponde-

513 3449 644 3506 bitis
675 3453 937 3515 animum,
969 3467 1145 3523 neque
1171 3451 1350 3506 animo
1383 3453 1704 3508 concidens.

588 3561 752 3617 Vens.
781 3564 871 3620 55.
911 3585 930 3618 ι
967 3564 1098 3631 Quis
1141 3579 1238 3620 nos
1279 3565 1552 3634 separabit
1584 3579 1612 3617 a
1640 3563 1925 3619 dilectione
1968 3563 2100 3618 Dei?

513 3654 624 3728 65
653 3656 982 3722 Tribulatio,
1053 3672 1119 3710 an
1173 3658 1445 3727 angustia,
1515 3672 1582 3710 au
1635 3656 1959 3726 persecutio,
2029 3670 2096 3708 an

517 3752 711 3815 lames,
777 3765 844 3802 an
899 3747 1138 3814 nuditas,
1198 3763 1263 3800 an
1311 3747 1633 3817 periculum,
1685 3761 1752 3799 an
1790 3743 2037 3816 gladius?
2072 3762 2093 3796 ι

516 3838 650 3893 Cum
686 3842 1113 3893 demonstrasset
1160 3837 1486 3892 inell'abilem
1533 3837 1874 3892 dilectionem
1924 3835 2101 3890 Patris

520 3937 575 3981 et
623 3925 744 3980 Filii
777 3938 831 3980 et
875 3929 1112 3996 Spiritus
1139 3930 1313 3981 sancti
1348 3929 1490 3983 circa
1526 3944 1623 3982 nos
1644 3966 1660 3992 ,
1689 3929 1853 3982 veluti
1878 3928 1988 3998 jam
2017 3928 2101 3981 di-

522 4018 648 4072 \ino
680 4019 902 4072 numine
934 4016 1143 4070 alllatus
1173 4019 1463 4081 exclamat,
1513 4035 1531 4068 ι
1571 4016 1704 4082 Quis
1756 4033 1855 4072 nos
1883 4031 2102 4086 separa-

521 4111 602 4162 bit
639 4125 668 4162 a
718 4110 1001 4162 dilectione
1036 4109 1172 4162 Dei?
1200 4126 1218 4160 ι
1254 4109 1403 4162 Adeo
1439 4110 1583 4163 enim
1613 4109 1885 4175 dilectum,
1915 4116 2103 4163 tanta-

521 4215 626 4269 que
665 4200 945 4270 dignatunt
1005 4201 1366 4270 providentia,
1408 4199 1542 4254 nihil
1567 4201 1817 4269 estquod
1849 4214 2105 4269 separare

523 4290 715 4359 possit.
779 4287 1170 4344 Tribulationis
1217 4300 1397 4346 autent
1455 4300 1511 4344 et
1575 4291 1836 4360 angustiae
1888 4293 2106 4346 nomine

523 4385 838 4450 complexus
876 4391 959 4436 est
998 4382 1180 4443 omnia
1223 4396 1558 4452 quaecunque
1608 4382 1848 4454 allligere
1879 4391 2102 4454 queant,

524 4475 744 4528 etiamsi
780 4489 842 4527 ea
871 4475 1150 4542 sigillatim
1183 4488 1289 4527 non
1322 4474 1744 4531 enumeraverit.

2199 3365 2293 3416 καὶ
2319 3361 2708 3416 καταπίπτειν.

2275 3584 2294 3615 ι
2341 3566 2437 3629 Τίς
2469 3566 2614 3634 ἡμᾶς
2649 3564 2875 3635 χωρίσει
2918 3562 3028 3616 άπδ
3067 3563 3166 3632 τῆς
3212 3559 3438 3630 ἀγάπης
3481 3556 3568 3611 τοῦ
3596 3552 3742 3616 Θεοῠ;

2199 3655 2390 3725 Θλῖψες
2414 3697 2428 3720 ,
2457 3657 2491 3726 ἢ
2523 3653 2873 3724 στενοχωρία,
2905 3653 2938 3724 ἢ
2978 3651 3131 3721 λιμὸς
3152 3687 3168 3718 ,
3207 3651 3241 3722 ἢ
3294 3648 3563 3719 διωγμὸς,
3593 3644 3742 3717 [ναις.

2202 3750 2328 3800 add.
2358 3747 2390 3816 ἢ
2415 3746 2434 3818 ]
2461 3748 2767 3817 γυμνότης,
2816 3745 2849 3815 ἢ
2889 3744 3153 3808 κίνδυνος,
3187 3743 3219 3812 ἢ
3261 3743 3538 3814 μάχαιρα;
3574 3756 3590 3788 ι
3632 3733 3744 3788 Μεθ’

2201 3839 2230 3892 ὃ
2254 3839 2422 3904 ἔδειξε
2445 3839 2542 3909 τὴν
2567 3840 2771 3908 ἄφατον
2798 3839 3019 3908 ἀγάπην
3040 3836 3134 3889 τοῦ
3160 3837 3378 3907 Πατρὸς
3409 3834 3500 3888 καὶ
3526 3830 3611 3884 τοῦ
3635 3824 3744 3881 Υἱοῦ

2203 3939 2298 3988 καὶ
2324 3932 2420 3986 τοῦ
2453 3933 2610 4000 ἁγίου
2644 3932 2962 4004 Πνεύματος
2987 3932 3117 4004 περὶ
3143 3933 3294 4002 ἡμᾶς
3314 3970 3330 3994 ,
3376 3930 3559 3997 ὥσπερ
3587 3924 3744 3978 ἐνθου-

2207 4027 2320 4096 σιᾷ,
2363 4025 2456 4078 καί
2487 4030 2640 4094 φησι*
2674 4040 2692 4074 ι
2741 4025 2835 4086 Τίς
2866 4025 3017 4094 ἡμᾶς
3041 4024 3269 4094 χωρίσει
3304 4021 3414 4075 άπὸ
3435 4019 3531 4089 τῆς
3555 4014 3744 4083 ἀγάπης

2206 4118 2300 4170 τοῦ
2336 4116 2509 4182 Θεοῦ;
2553 4135 2572 4168 ι
2612 4117 2716 4169 Τὸν
2759 4117 2868 4187 γὰρ
2907 4115 3080 4178 οὕτως
3130 4117 3523 4186 ἀγαπηθέντα,
3557 4108 3640 4162 καὶ
3676 4118 3746 4155 το·

2208 4208 2414 4278 σαύτης
2445 4207 2744 4274 ἀξιωθέντα
2767 4208 3047 4278 προνοίας,
3079 4207 3234 4259 ούδέν
3262 4208 3412 4259 ἐστιν
3435 4204 3462 4256 ὃ
3489 4197 3742 4266 διαστῆσαι

2205 4299 2579 4368 δυνήσεται¹².
2611 4300 2702 4372 Τῷ
2743 4300 2841 4371 τῆς
2885 4299 3118 4367 θλίψεως
3151 4299 3209 4352 δὲ
3231 4299 3481 4369 ὀνόματι,
3531 4295 3617 4347 καὶ
3659 4286 3741 4355 τῆς

2205 4391 2591 4462 στενοχωρίας,
2617 4390 3023 4460 συμπεριέλαϐε
3052 4389 3226 4443 πάντα
3251 4391 3318 4442 τὰ
3347 4388 3589 4442 κακῶσαι
3615 4377 3742 4432 δυνάο

2209 4500 2367 4554 μενα,
2401 4485 2503 4537 κάν
2532 4484 2608 4554 μὴ
2631 4482 3060 4553 ἀπηριθμήσατο
3091 4483 3275 4546 ίδικῶς
3305 4481 3496 4536 ταῦτα.

601 4586 763 4642 Vsus.
796 4587 887 4643 36.
933 4606 951 4641 ι
995 4586 1148 4642 Sicut
1177 4590 1439 4658 scriptum
1463 4598 1544 4645 est
1571 4606 1587 4645 :
1615 4587 1848 4659 Propter
1875 4599 1926 4646 te
1954 4605 2090 4644 mor-

2283 4615 2301 4648 ι
2336 4594 2532 4658 Καθὼς
2561 4595 2890 4664 γέγραπται,
2923 4595 3005 4647 ὅτι
3037 4595 3245 4648 Ἕνεκά
3277 4613 3370 4647 σου
3402 4581 3742 4655 θανατούμεθα

528 4683 796 4737 tilicamur
849 4692 960 4738 toto
1025 4685 1111 4738 die
1167 4701 1181 4736 :
1239 4685 1491 4739 aestimati
1551 4699 1737 4738 sumus
1787 4684 1928 4739 sicut
1969 4697 2102 4739 oves

532 4779 847 4833 mactationi
874 4779 1174 4835 destinatae.
1204 4800 1222 4835 ι
1274 4782 1356 4836 Ne
1382 4781 1629 4836 videatur
1658 4779 1876 4835 alllictio
1903 4789 1958 4835 et
2004 4794 2102 4834 au-

526 4873 704 4941 gustia
754 4875 968 4943 signum
1004 4890 1123 4930 esse
1151 4875 1346 4929 diVllleB
1384 4872 1773 4938 derelictiouis,
1803 4870 2008 4941 profert
2044 4871 2097 4925 in

527 4965 762 5020 medium
795 4968 1139 5037 prophetam,
1173 4967 1263 5037 qui
1291 4965 1400 5036 jam
1440 4977 1601 5020 antea
1636 4965 1752 5020 haec
1780 4966 2101 5020 vaticinatus

527 5057 635 5121 sit,
669 5059 1068 5126 maximamque
1109 5057 1532 5112 consolationem
1583 5056 1941 5110 subindiearit
1979 5069 2101 5109 esse

529 5164 624 5220 pro
653 5148 744 5203 Dei
771 5149 944 5219 gloria
977 5151 1124 5219 pati,
1159 5149 1240 5203 vel
1287 5149 1465 5217 podus
1493 5148 1666 5203 occidi
1705 5156 1874 5202 totum
1906 5148 2045 5200 diem
2078 5164 2094 5202 :

527 5243 668 5308 quod
697 5255 829 5296 sane
863 5241 922 5294 lit
953 5241 1120 5294 animi
1153 5240 1426 5293 voluntate
1457 5248 1513 5293 et
1545 5239 1858 5307 proposito;
1893 5249 2097 5294 natura:

527 5348 758 5403 namque
777 5336 875 5387 hoc
892 5343 976 5387 est
1004 5331 1357 5402 impossibile.
1379 5331 1561 5386 Occidi
1587 5339 1787 5395 autem,
1811 5340 1894 5384 est
1915 5329 2097 5385 oll'erri

529 5433 584 5480 et
623 5426 848 5479 mactari
906 5424 1015 5479 Deo
1068 5441 1082 5477 :
1131 5423 1269 5478 istud
1318 5423 1463 5477 enim
1498 5420 1805 5476 subindicat
1851 5437 1947 5491 per
1997 5422 2100 5481 hoc

608 5593 664 5640 ει
697 5589 822 5643 Cor.
864 5605 916 5657 ν,
947 5589 1037 5644 20.

2213 4684 2341 4756 ὃλην
2362 4687 2461 4756 τὴν
2483 4687 2717 4756 ἡμέραν.
2742 4685 3100 4756 ἐλογίσθημεν
3124 4687 3198 4749 ὠς
3222 4687 3464 4757 πρόϐατα
3491 4679 3698 4749 σφαγῆς·
3721 4691 3736 4724 ι

2215 4777 2332 4830 Ἵνα
2365 4776 2441 4846 μὴ
2480 4776 2606 4846 δόξῃ
2638 4775 3079 4845 ἐγκαταλείψεως
3124 4773 3262 4828 εἶναι
3289 4777 3350 4829 τὸ
3378 4771 3634 4827 θλίϐεσθαι
3664 4763 3741 4816 καὶ

2213 4869 2685 4940 στενοχωρεῖσθαι,
2720 4870 2958 4938 παράγει
2987 4869 3080 4922 καὶ
3106 4869 3196 4921 τὸν
3228 4869 3508 4939 προφήτην
3533 4870 3740 4930 προανα-

2212 4961 2494 5030 φωνοῦντα
2531 4960 2737 5021 ταῦτα.
2788 4963 2884 5013 καὶ
2936 4960 3283 5031 παράκλησιν
3337 4958 3588 5029 μεγίστην
3627 4950 3736 5001 ὑπο·

2208 5048 2522 5102 δεικνύοντα
2583 5050 2643 5100 τὸ
2693 5048 2781 5100 διὰ
2839 5049 2928 5100 τὸν
2975 5049 3106 5102 Θεὸν
3150 5050 3407 5120 πάσχειν,
3467 5042 3649 5115 μᾶλλον
3692 5033 3738 5085 δὲ

2207 5139 2568 5194 θανατοῦσθαι
2597 5141 2723 5211 ὅλην
2751 5143 2850 5209 τὴν
2882 5142 3113 5212 ἡμέραν⁶
3139 5143 3167 5195 ὂ
3199 5144 3402 5210 γίνεται
3431 5141 3493 5208 τῇ
3519 5126 3738 5205 προαιρέ“

2209 5250 2291 5287 σει
2313 5249 2328 5264 ⁸
2363 5238 2428 5306 τῇ
2464 5235 2571 5304 γὰρ
2603 5237 2762 5304 φύσει
2795 5235 2952 5289 τοῦτο
2983 5235 3260 5289 ἀδύνατον.
3304 5235 3376 5285 Τὸ
3413 5231 3466 5283 δὲ
3510 5216 3737 5281 θανατοῦ-

2209 5328 2332 5382 σθαι
2367 5329 2561 5393 τοῦτο,
2601 5328 2951 5393 θυσιάςεσθαί
2991 5328 3213 5398 ἐστιτῷ
3243 5325 3389 5397 Θεῷ·
3433 5319 3580 5375 τοῦτο
3645 5309 3734 5378 γάρ

2209 5422 2500 5477 αἰνίττεται
2535 5423 2624 5478 διὰ
2668 5423 2759 5477 τοῦ
2788 5425 2958 5478 εἰπεῖν
2989 5437 3004 5456 ·
3023 5441 3044 5474 ι
3087 5420 3173 5488 Ὠς
3202 5421 3443 5494 πρόϐατα
3473 5407 3680 5484 aliialii;-
3711 5417 3728 5450 ⁸

1880 5706 2081 5769 Varia:
2122 5707 2454 5773 lectiones.

613 5833 652 5862 ’³
685 5831 883 5894 πατρὸς
914 5847 966 5887 o.
1047 5832 1084 5864 ¹¹
1127 5826 1227 5885 εἷθ’
1251 5830 1423 5895 οὕτως
1454 5847 1529 5887 ut.
1612 5830 1652 5862 "
1684 5829 1906 5885 δύναται
1951 5849 2024 5887 ttt.
