4038 6606
372 442 496 516 457

1287 461 1697 532 EXPOSITIO
1736 470 1818 532 IN
1853 470 2093 536 EPIST.
2123 475 2243 538 ,ΑΒ
2281 475 2460 537 ROM.
2486 502 2555 514 —
2580 480 2736 543 CAP.
2767 481 2870 545 IX.

3583 490 3691 559 458

374 563 500 617 Καὶ
535 563 618 619 ὅτι
646 562 840 640 ῶσπερ
880 567 1066 624 ἐκεῖνα
1100 572 1202 628 οὐκ
1232 575 1555 634 ἀνθίσταται
1599 582 1977 656 σφαττόμενα,

2059 620 2075 653 ι
2097 587 2241 658 quod
2273 588 2370 656 ait,
2420 607 2440 643 ι
2489 588 2769 661 Tanquam
2799 608 2933 650 oves
2969 597 3289 654 mactationi
3319 600 3621 660 destinatm.
3662 614 3682 644 ι

377 644 566 722 οὕτως
587 658 708 712 οὐδὲ
737 662 924 732 ἡμεῖς.

468 852 487 886 ι
555 835 698 890 Ἀλλ’
743 839 802 892 ὲν
846 839 1060 908 τούτοις
1113 847 1284 901 πᾶσιν
1329 849 1716 924 ὑπερνικῶμεν
1759 857 1853 912 διὰ
1890 859 1984 914 τοῦ

377 925 784 998 ἀγαπήσαντος
818 933 987 1003 ἡμᾶς,
1031 929 1050 989 ι
1095 939 1300 1008 Εἰπὼν,
1333 943 1416 996 ὅτι
1457 944 1872 1020 Θανατούμεθα,
1907 952 1987 1005 τί-

375 1017 512 1088 θησι

368 1403 495 1450 τοις
521 1389 589 1443 δι’
620 1386 696 1446 ὧν
721 1395 1212 1472 ἐπιϐουλευόμεθα.
1251 1405 1424 1461 Τοῦτο
1453 1410 1563 1480 γάρ
1591 1411 1623 1480 ἡ
1658 1411 1975 1488 τελειοτάτη

369 1479 530 1549 νίκη,
558 1482 689 1537 ὅταν
711 1485 1060 1560 ἐλαυνόμενοι
1077 1492 1186 1548 τῶν
1205 1495 1510 1552 διωκόντων
1531 1500 1973 1575 ὐπερισχύωμεν.

369 1572 489 1626 Καὶ
523 1574 598 1646 μὴ
626 1579 939 1654 ἀπιστήσῃς
961 1598 974 1612 ·
1005 1583 1140 1650 Θεὸς
1164 1589 1273 1660 γάρ
1301 1591 1450 1646 ἐστιν
1477 1594 1506 1646 ὁ
1540 1572 1976 1669 συναγωνιςδμε-

367 1681 469 1728 νος
494 1682 507 1696 ·
548 1669 684 1724 ἀλλά
709 1674 802 1726 καὶ
829 1676 1117 1746 ἠγάπησεν
1144 1682 1312 1752 ἡμᾶς.
1348 1685 1416 1737 Ὤ
1428 1703 1519 1740 στε
1545 1688 1607 1741 οὐ
1635 1689 1970 1762 θαυμαστὸν,

369 1759 429 1811 εί
465 1760 850 1836 ὑπερνικῶμεν
882 1771 941 1822 ὲν
977 1772 1165 1842 μέσοις
1199 1779 1310 1840 τοῖς
1341 1778 1557 1846 δεινοῖς.

2092 679 2158 733 Et
2186 681 2412 749 perinde
2459 697 2526 738 ac
2577 681 2683 740 illa:
2726 701 2831 740 non
2880 688 3144 744 resistunt
3187 692 3314 748 dum
3354 705 3685 761 mactantur.

2090 772 2170 828 sic
2200 787 2377 842 neque
2409 787 2528 829 nos.

2160 861 2325 918 Vens.
2347 865 2437 919 57.
2468 883 2486 917 ι
2514 864 2619 921 Sed
2643 866 2696 921 in
2715 866 2800 924 bis
2821 871 3076 927 omnibus
3097 890 3418 944 superamus
3441 897 3538 952 per
3556 897 3679 938 eum

2087 956 2178 1024 qui
2207 956 2398 1011 dilexit
2427 972 2547 1012 nos.
2574 977 2592 1011 ι
2622 960 2758 1027 Quia
2788 961 3029 1028 dixerat,
3058 964 3395 1035 Occidimnr,
3427 977 3681 1029 consola-

560 1023 658 1078 καὶ
707 1023 806 1096 τὴν
845 1029 1216 1103 παράκλησιν,
1260 1035 1348 1088 ἵνα
1400 1038 1475 1110 μή
1534 1057 1619 1103 τις
1667 1042 1977 1114 ἀνθρώπινα

2088 1023 2283 1100 tionem
2320 1063 2462 1102 nunc
2492 1048 2708 1120 adjicit,
2747 1067 2816 1106 ne
2843 1053 2965 1123 qttis
3003 1055 3234 1112 humana
3269 1064 3513 1132 cogitans
3539 1064 3677 1119 deti-

375 1114 666 1183 φρονήσας
692 1117 1076 1195 ἀπαγορεύσῃ·
1119 1126 1214 1179 καί
1243 1142 1430 1199 φησιν,
1462 1131 1560 1203 οὐχ
1587 1134 1668 1186 ὅτι
1698 1136 1981 1208 Νικῶμεν,

371 1203 520 1270 ἀλλ’,
553 1227 572 1259 ι
594 1207 1036 1286 ’Υπερνικῶμενσ
1067 1236 1093 1270 J
1119 1221 1389 1291 τουτέστι,
1419 1227 1539 1295 μετ’
1565 1226 1817 1293 εὐκολίας
1839 1203 1983 1285 άπά-

373 1311 506 1364 σης,
540 1301 710 1367 χωρὶς
747 1301 988 1371 ίδρώτων
1028 1309 1125 1362 καὶ
1159 1310 1372 1378 πόνων,
1409 1314 1504 1368 καὶ
1540 1317 1598 1369 ἐν
1635 1317 1818 1378 αὐτοῖς
1851 1320 1978 1374 τού-

2083 1136 2678 1209 ciatetdeSperet,'non
2703 1142 2976 1214 inquiens,
2999 1145 3298 1218 Vincimus,
3318 1155 3432 1220 sed,
3459 1173 3478 1206 ι
3505 1156 3681 1228 Supe-

2085 1244 2295 1297 ramus,
2343 1251 2362 1285 ι
2391 1233 2506 1289 sive
2535 1236 3005 1305 supervincimus,
3051 1242 3154 1298 hoc
3199 1253 3314 1312 est,
3361 1262 3481 1302 cum
3532 1266 3659 1307 omn

2080 1319 2343 1379 facilitate
2391 1324 2527 1380 citra
2564 1328 2792 1385 sudores
2835 1338 2888 1385 et
2922 1331 3172 1398 labores,
3219 1347 3274 1391 et
3318 1353 3415 1409 per
3457 1355 3518 1394 ea
3556 1343 3670 1412 ipsa

2079 1417 2276 1487 quibus
2329 1419 2490 1475 nobis
2535 1420 2748 1479 insidia:
2798 1425 3114 1482 tenduntur.
3154 1427 3280 1485 Haec
3314 1432 3457 1487 enim
3495 1436 3673 1503 perfe-

2076 1511 2418 1568 ctissimaest
2435 1514 2686 1581 victoria,
2703 1517 2918 1586 quando
2936 1521 3060 1574 dum
3081 1522 3292 1590 agimur
3317 1533 3371 1578 et
3391 1526 3665 1596 pellimur,

2075 1602 2530 1670 persequentibus
2557 1605 2870 1676 superiores
2899 1609 3196 1665 reddimur.
3236 1612 3311 1667 Ne
3342 1614 3528 1686 itaque
3558 1619 3662 1673 dif-

2074 1692 2232 1748 ﬁdas.
2255 1692 2399 1750 Deus
2419 1697 2562 1752 enim
2586 1707 2670 1753 est
2693 1698 2784 1770 qui
2812 1715 2907 1755 nos
2930 1701 2981 1755 in
3009 1706 3401 1762 certaminibus
3426 1710 3665 1781 adjuvat,

2075 1783 2185 1838 imo
2229 1785 2320 1854 qui
2353 1796 2409 1842 et
2435 1786 2624 1842 dilexit
2650 1803 2768 1844 nos.
2803 1789 2980 1858 Quare
3011 1793 3145 1849 nihil
3179 1797 3378 1852 mirum
3417 1801 3462 1855 si
3497 1801 3578 1857 vel
3614 1805 3668 1858 in

2079 1877 2275 1934 mediis
2302 1881 2556 1950 periculis
2588 1883 2870 1942 victoriam
2899 1887 3056 1943 facile
3087 1889 3452 1950 obtineamus.

456 1956 477 1988 ι
512 1938 828 2013 Πέπεισμαι
859 1945 968 2016 γὰρ
994 1947 1075 2002 ὅτι
1107 1950 1232 2005 οὔτε
1261 1952 1509 2025 Θάνατος,
1534 1957 1660 2016 οὔτε
1689 1963 1823 2036 ζωὴ,
1849 1964 1973 2020 οὔτε

456 2032 598 2059 ..-\-.
664 2034 782 2059 -r.--
830 2038 907 2059 1.-.
968 2039 984 2059 \
1059 2041 1105 2059 ,r
1213 2044 1237 2059 α
1321 2046 1334 2059 ι
1555 2051 1578 2059 ..
1681 2056 1691 2059 -

2154 1967 2320 2026 Vens.
2367 1970 2568 2036 58,59.
2605 1993 2623 2027 ι
2664 1975 2988 2033 Persuasum
3026 1983 3168 2037 e'nim
3203 1984 3491 2052 habemus,
3525 1991 3666 2059 quod

365 2031 624 2100 ἄγγελοι,
661 2034 784 2088 οὔτε
823 2038 1013 2110 ἀρχαὶ,
1049 2041 1173 2096 οὔτε
1209 2044 1488 2118 δυνάμεις,
1521 2051 1643 2107 οὐτε
1676 2031 1972 2130 ἐνεστῶτα,

361 2122 502 2178 οὔτε
544 2127 832 2196 μέλλοντα,
889 2131 1014 2185 οὐτε
1056 2133 1294 2209 ὕψωμα,
1326 2139 1450 2195 οὔτε
1482 2142 1676 2214 βάθος,
1718 2147 1841 2204 οὐτε
1885 2122 1971 2219 τις

364 2215 556 2281 κτίσις
587 2218 772 2289 ἑτέρα,
798 2221 1092 2293 δυνήσεται
1119 2229 1266 2299 ἡμᾶς
1289 2233 1527 2305 χωρίσαι
1555 2238 1664 2292 ἀπὸ
1694 2240 1797 2312 τῆς
1827 2215 1968 2313 ἀγάζ

362 2323 485 2377 πης
535 2309 631 2362 τοῦ
682 2311 852 2380 Θεοῦ,
903 2315 1002 2386 τῆς
1042 2318 1100 2372 ὲν
1149 2320 1373 2395 Χριστῷ
1431 2323 1602 2396 Ἰησοῦ
1653 2309 1969 2408 τῷΚυρίψ

361 2398 402 2468 ἡ
414 2399 555 2466 μῶν.
594 2420 614 2453 ι
653 2401 880 2474 Πρῶτον
910 2403 1082 2474 εἶπεν,
1126 2411 1208 2466 ὃτι
1236 2415 1528 2489 ἠγάπησεν
1559 2398 1714 2491 ήμᾶξ
1737 2425 1765 2478 ό
1793 2398 1966 2492 saec:

361 2486 476 2544 εἷθ’
509 2491 652 2546 οὕτω
681 2494 781 2568 τὴν
809 2498 977 2553 αὐτοῦ
1003 2502 1142 2573 πρὸς
1178 2505 1271 2560 τὸν
1301 2486 1436 2563 Θεὸν
1465 2486 1690 2584 ἀγάπην
1727 2486 1966 2589 τίθησι-ν,

361 2584 460 2636 ἵνα
494 2585 658 2655 μηδὲν
687 2588 812 2662 δόξῃ
843 2593 988 2661 μέγα
1024 2595 1206 2666 λέγειν
1233 2599 1364 2672 περὶ
1395 2601 1616 2661 ἑαυτοῦ.
1641 2606 1811 2676 Φησὶν
1839 2584 1962 2679 οὖν,

354 2674 452 2728 ὃτι
513 2676 780 2732 Τοσοῦτον
827 2679 1185 2754 ὲξαρτὼμεθοι
1233 2686 1335 2758 τῆς
1375 2690 1514 2761 πρὸς
1537 2691 1672 2746 Θεὸν
1707 2674 1963 2766 ἀγάπης,

359 2768 513 2822 ὥστε
558 2772 618 2824 οὐ
653 2773 814 2842 μόνον
845 2775 912 2827 τὰ
957 2776 1034 2847 τῷ
1079 2777 1180 2849 βίῳ
1230 2781 1406 2854 τούτῳ
1454 2787 1966 2861 συγκεκληρωμένα

357 2861 520 2915 δεινά
551 2863 611 2915 οὐ
646 2864 969 2936 δυνήσονται
1000 2871 1148 2940 ἡμᾶς
1179 2872 1488 2947 ἀποστῆναι
1516 2876 1595 2949 [Ῑ.
1629 2880 1960 2957 ἀποστῆσαι]

357 2956 594 3026 ταύτης,
626 2955 762 3012 ἀλλὰ
793 2959 895 3013 κᾶν
920 2961 1184 3032 τύραννός
1214 2983 1297 3030 τις
1329 2969 1526 3042 ἀπειλῇ
1561 2973 1653 3026 τὸν
1689 2955 1956 3044 μέλλοντα

358 3047 594 3102 θάνατον
622 3051 714 3102 τὸν
749 3053 808 3104 ὲν
833 3056 900 3124 τῇ
929 3055 1151 3110 κολάσει
1183 3058 1246 3125 ⁸³,
1288 3061 1391 3114 κᾶν
1428 3061 1575 3134 ζωὴν
1603 3067 1956 3140 ἐπαγγέλληο

356 3155 455 3192 ται
504 3139 604 3210 τὴν
647 3141 992 3198 ἀκατάλυτον
1015 3186 1029 3212 ,
1063 3149 1360 3222 ἐπιχειρῶν
1410 3153 1556 3224 ἡμᾶς
1592 3156 1895 3231 ἀποστῆναι
1910 3139 1961 3194 7“

357 3229 462 3282 τοῦ
496 3230 654 3287 Θεοῦ.
685 3235 796 3288 Καὶ
823 3234 875 3288 τί
906 3253 995 3306 μοι
1020 3236 1202 3308 λέγεις
1233 3241 1476 3312 βασιλεῖς
1506 3247 1602 3301 καὶ
1625 3229 1955 3321 τυράννους;

353 3322 501 3376 οὐδὲ
525 3323 768 3393 ἄγγελοι,
808 3328 929 3382 οὐδὲ
959 3331 1131 3384 πᾶσαι
1168 3335 1224 3387 αἱ
1257 3335 1371 3390 ἀνω
1399 3336 1661 3409 δυνάμεις
1696 3341 1954 3416 δυνήσον-

355 3415 623 3484 ταιήμᾶς
674 3421 1056 3492 παρατρέψαι·
1098 3423 1218 3478 οὐδὲ
1271 3426 1339 3481 τά
1377 3431 1626 3503 παρόντα
1653 3474 1667 3500 ,
1715 3415 1836 3490 οὐδὲ
1883 3439 1953 3493 τά

355 3503 630 3572 μέλλοντα
655 3549 671 3573 ,
700 3507 824 3564 οὐτε
860 3511 1063 3584 ὕψωμα
1084 3555 1100 3581 ,
1132 3518 1382 3574 τουτέστι
1409 3559 1426 3587 ,
1457 3523 1525 3576 τὰ
1559 3525 1618 3578 ὲν
1664 3527 1914 3598 οὐρανοῖς
1933 3568 1948 3596 ,

354 3594 490 3649 οὔτε
531 3597 729 3668 βάθος,
769 3607 1044 3672 τουτέστι,
1078 3609 1149 3662 τά
1177 3611 1234 3664 ἐν
1260 3613 1327 3683 τῇ
1363 3616 1458 3685 γῇ,
1494 3614 1617 3670 οὒτε
1647 3594 1798 3686 δόξα,
1827 3594 1951 3676 οὐτε

353 3689 569 3754 ἀδοξία.
603 3691 758 3759 Τινὲς
785 3696 841 3750 δὲ
872 3697 1074 3771 ὕψωμα
1106 3701 1204 3774 τὴν
1235 3703 1513 3774 βασιλείαν
1547 3709 1656 3762 τῶν
1681 3713 1948 3781 οὐρανῶν,

353 3782 525 3854 βάθος
555 3786 611 3840 δὲ
659 3787 760 3861 τὴν
788 3791 1092 3865 ἀποτυχίαν
1130 3795 1337 3868 ταύτης
1380 3800 1614 3857 νοοῦσιν.
1661 3805 1822 3860 Ἀλλά
1855 3807 1950 3862 καὶ

354 3875 427 3928 ἂν
457 3877 620 3949 ἑτέρα
651 3881 830 3948 κτίσις
863 3878 955 3954 ἦν,
988 3886 1088 3960 ὅση
1120 3889 1152 3960 ἡ
1199 3891 1371 3964 ὁρατὴ
1400 3895 1496 3947 καὶ
1546 3897 1579 3966 ή
1612 3896 1799 3968 νοητὴ,
1849 3901 1949 3954 οὐκ

362 3968 430 4020 ἀν
453 3985 522 4038 με
546 3969 646 4040 τῆς
670 3973 893 4046 ἀγάπης
927 3978 1143 4050 ἐκείνης
1164 3981 1491 4056 ἀποστήσειε
1520 3985 1582 4042 ιδ.
1608 3989 1719 4060 Οὐχ
1742 3989 1816 4054 ὡς
1840 3991 1948 4046 τῶν

353 4059 604 4127 ἀγγέλων
631 4063 689 4116 δὲ
734 4066 1094 4136 ἀφιστῶντων
1127 4075 1255 4139 τοὺς
1289 4076 1617 4149 ἀνθρώπους
1648 4059 1758 4138 ἀπὸ
1805 4087 1945 4158 Χρι-

354 4149 508 4218 στοῦ,
538 4148 658 4206 εἷπε
684 4156 843 4212 τοῦτο
869 4199 884 4224 ,
913 4161 1051 4216 ἀλλὰ
1080 4166 1204 4220 καθ’
1245 4148 1504 4224 ὑπόθεσιν
1544 4172 1636 4227 τὸν
1676 4174 1836 4246 λόγον
1859 4148 1946 4233 Zu-

352 4243 494 4312 θεὶς,
525 4249 620 4301 καὶ
650 4249 715 4304 ἐκ
749 4255 1068 4324 περιουσίας
1099 4257 1274 4315 θέλων
1305 4262 1473 4330 δεῖξαι
1499 4266 1600 4337 τὴν
1631 4243 1944 4344 ὑπερϐολὴν

348 4339 454 4409 τῆς
474 4341 694 4414 ἀγάπης
720 4346 814 4400 τοῦ
838 4348 995 4402 Θεοῦ·
1019 4352 1116 4423 οὐχ
1137 4352 1210 4424 ἧν
1232 4372 1396 4424 φασιν
1425 4359 1474 4412 οί
1509 4339 1753 4432 Ἐσραῖοι
1774 4339 1938 4436 ἔχειν,

348 4435 490 4489 me
519 4439 618 4510 τῆς
648 4441 706 4492 ἑν
731 4443 953 4515 Χριστῷ
987 4447 1184 4518 Ἰησοῦ.
1217 4453 1328 4506 Καὶ
1357 4455 1467 4523 γὰρ
1506 4457 1752 4514 Ἰουδαῖοί
1776 4479 1942 4532 φασιν

348 4527 574 4600 ἀγαπᾷν
604 4531 694 4586 τὸν
711 4533 865 4602 Θεὸν,
893 4537 1010 4591 ἀλλ’
1031 4541 1132 4594 οὐκ
1161 4543 1220 4595 ὲν
1246 4545 1469 4619 Χριστῷ
1505 4548 1682 4622 Ἰησοῦ
1705 4569 1718 4584 ’
1743 4527 1804 4606 οὐ
1831 4553 1939 4626 γάρ

344 4619 532 4690 ἔχουσι
561 4622 662 4694 τὴν
689 4625 824 4697 πρὸς
856 4628 1094 4700 Χριστὸν
1119 4633 1322 4692 πίστιν.

2026 2083 2028 2085 >
2076 2077 2254 2134 neque
2279 2081 2449 2131 mors,
2477 2082 2654 2140 neque
2682 2071 2814 2140 vita,
2851 2088 3027 2141 neque
3060 2075 3258 2147 angeli,
3303 2093 3480 2149 neque
3515 2085 3668 2153 prin-

2075 2154 2308 2225 cipatus,
2341 2171 2519 2228 neque
2545 2160 2795 2229 virtutes,
2829 2180 3003 2235 neque
3031 2167 3287 2226 instantia
3314 2213 3329 2236 ,
3364 2189 3538 2246 neque
3576 2176 3665 2230 fu-

2075 2255 2216 2313 tura,
2278 2265 2454 2320 neque
2505 2253 2772 2324 altitudo,
2827 2273 3003 2330 neque
3056 2261 3438 2333 profunditas,
3489 2285 3666 2340 neque

2074 2338 2253 2410 aliqua
2280 2341 2384 2397 alia
2409 2357 2664 2403 creatura
2692 2351 2891 2419 poterit
2917 2367 3015 2408 nos
3035 2368 3292 2425 separare
3316 2374 3344 2412 a
3369 2360 3664 2418 dilectione

2073 2431 2167 2488 Dei
2203 2449 2321 2504 qua:
2351 2446 2436 2492 est
2482 2438 2534 2494 in
2567 2438 2786 2496 Christo
2805 2442 2929 2498 Jesu
2964 2443 3192 2504 Domino
3228 2460 3435 2508 nostro.
3479 2473 3498 2506 ι
3539 2455 3661 2510 Pri-

2073 2539 2218 2579 mum
2251 2526 2388 2581 dixit
2417 2530 2558 2598 quod
2599 2531 2795 2587 dilexit
2825 2549 2927 2589 nos
2957 2536 3096 2593 Deus
3127 2557 3140 2591 :
3177 2541 3369 2599 deinde
3397 2545 3476 2601 sic
3504 2562 3658 2603 suam

2071 2615 2242 2686 ipsius
2272 2635 2400 2692 erga
2435 2621 2602 2678 Deum
2646 2626 2970 2683 cbaritatem
3016 2640 3070 2686 et
3119 2647 3360 2690 amorem
3393 2640 3566 2708 ponit,
3602 2653 3659 2696 ut

2072 2709 2209 2765 nihil
2242 2712 2491 2770 videatur
2521 2731 2775 2787 magnum
2803 2720 2869 2775 de
2899 2736 2958 2776 se
2989 2721 3107 2791 ipso
3134 2725 3335 2783 dicere.
3365 2729 3536 2798 Adeo,
3572 2735 3655 2788 in-

2068 2803 2208 2872 quit,
2236 2808 2532 2874 pendemus
2557 2825 2623 2864 ex
2649 2810 2939 2870 dilectione
2969 2814 3083 2881 Dei,
3112 2827 3170 2872 ιιι
3203 2836 3308 2876 non
3337 2823 3511 2878 solum
3537 2841 3658 2896 qua:

2068 2894 2197 2950 huic
2229 2898 2350 2952 vita:
2377 2902 2700 2973 contingunt
2732 2905 3069 2964 incommoda
3103 2926 3203 2969 nos
3228 2915 3295 2969 ab
3320 2927 3383 2970 ea
3421 2933 3657 2974 avocare

2064 2999 2337 3057 nequeant
2370 3007 2384 3046 :
2417 2996 2776 3051 verumetiam
2808 2997 2854 3054 si
2891 3009 3153 3071 tyrannus
3189 3006 3388 3078 aliquis
3423 3023 3652 3068 mortem

2063 3077 2450 3137 intertninetttr
2472 3081 2732 3154 futuram,
2755 3105 2875 3159 quae
2897 3091 2949 3145 in
2973 3095 3234 3163 supplicio
3257 3077 3328 3154 sit
3344 3101 3608 3157 duratura
3635 3122 3650 3159 :

2061 3170 2107 3226 si
2141 3171 2466 3241 polliceatur
2506 3177 2671 3232 vitam
2706 3182 2868 3239 nullis
2899 3190 3114 3244 saeculis
3155 3189 3647 3262 intermorituram,

1983 3298 2027 3357 ο
2061 3264 2372 3323 allaborans
2409 3271 2509 3326 hoc
2557 3284 2716 3342 pacto
2762 3291 2858 3332 nos
2903 3278 3227 3339 abstrahere
3255 3300 3287 3340 a
3329 3286 3475 3356 Deo,
3515 3292 3649 3346 nihil

2057 3357 2216 3427 plane
2285 3361 2499 3420 efﬁciet.
2576 3365 2781 3437 Ecquid
2837 3371 2969 3425 mihi
3023 3389 3322 3446 reges,ac
3385 3391 3645 3454 tyrannos

2055 3450 2282 3522 obiicis?
2315 3455 2501 3526 Neque
2546 3461 2758 3530 angeli,
2801 3479 2981 3534 neque
3028 3483 3214 3525 omnes
3255 3450 3505 3540 supernae
3543 3493 3643 3545 po-

2057 3551 2281 3628 testates
2311 3555 2732 3625 ﬂpoteruntnos
2774 3565 3023 3614 avertere
3072 3577 3086 3614 :
3135 3561 3246 3632 66
3286 3580 3458 3633 neque
3504 3582 3643 3635 pra:-

2053 3622 2280 3702 sentia,
2311 3623 2502 3709 "neque
2559 3642 2776 3711 futura,
2850 3663 3025 3718 neque
3102 3655 3364 3724 altitudo,
3406 3658 3510 3713 hoc
3558 3673 3643 3717 est

2057 3741 2178 3794 quae
2228 3729 2280 3782 in
2333 3731 2508 3797 caelis,
2573 3749 2749 3804 neque
2803 3740 3167 3808 profunditas,
3217 3745 3320 3800 hoc
3374 3758 3460 3802 est
3520 3766 3640 3820 qua:

2054 3817 2108 3872 in
2174 3827 2352 3888 terra,
2405 3837 2580 3894 neque
2632 3827 2840 3898 gloria,
2900 3846 3072 3903 neque
3129 3835 3451 3907 ignominia.
3508 3817 3642 3917 Qui-

2052 3909 2174 3963 dam
2207 3924 2307 3980 per
2340 3911 2720 3986 altitudinem,
2755 3921 3018 3979 caelorum
3055 3941 3323 3998 regnum;
3367 3946 3466 4002 per
3513 3909 3641 4005 pro-

2049 4001 2370 4061 funditatem
2398 4050 2413 4076 ,
2457 4008 2728 4078 iacturam
2768 4014 2887 4082 ejus
2927 4016 3259 4092 intelligunt.
3295 4001 3556 4098 Insuper,
3592 4033 3638 4086 si

2048 4095 2195 4151 aliud
2225 4109 2371 4154 esset
2413 4102 2600 4158 mundi
2631 4105 2908 4172 opificium
2955 4119 3166 4167 tantum
3207 4095 3478 4186 quantum
3508 4122 3642 4178 visi-

2047 4187 2154 4244 bile
2189 4189 2294 4247 hoc
2337 4200 2391 4246 et
2437 4192 2810 4266 intelligibile,
2849 4216 2876 4254 a
2911 4202 3198 4260 dilectione
3245 4209 3362 4276 ejus
3397 4226 3484 4266 me
3527 4229 3636 4269 non

2046 4285 2326 4339 averterit.
2359 4284 2478 4342 Non
2529 4299 2710 4345 autem
2757 4295 2898 4364 quod
2945 4299 3122 4368 angeli
3164 4300 3412 4359 homines
3458 4320 3489 4360 a
3525 4305 3636 4362 Deo

2045 4375 2357 4432 desciscere
2404 4378 2640 4450 faciant,
2679 4384 2781 4440 hoc
2830 4387 2969 4443 dixit
2998 4407 3014 4444 :
3046 4407 3233 4448 verum
3272 4409 3337 4450 ex
3383 4403 3634 4470 supposi-

2046 4468 2191 4525 tione
2236 4485 2546 4529 sermonem
2597 4475 2741 4531 hunc
2797 4481 3053 4547 proutlit,
3088 4493 3144 4538 et
3196 4499 3264 4542 ex
3299 4468 3627 4547 abundantia

2043 4562 2331 4619 ostendere
2388 4565 2578 4622 volens
2621 4567 2930 4626 dilectionis
2974 4574 3064 4628 Dei
3104 4580 3531 4647 magnitudinem
3578 4595 3632 4639 et

1962 4648 2004 4700 θ
2037 4655 2452 4726 excellentiam;
2483 4675 2588 4714 non
2623 4662 2836 4732 qualem
2864 4661 3079 4721 Hebrmi
3103 4684 3163 4723 se
3183 4670 3389 4729 habere
3415 4675 3626 4744 dicunt,

2437 4716 2450 4726 .
2639 4716 2654 4732 .
2765 4716 2774 4717 κ
2927 4716 2999 4719 κη-
3017 4716 3079 4721 ---
3103 4716 3162 4723 --
3185 4716 3389 4729 .-.ς--.ν
3416 4716 3626 4744 .........,

341 4716 440 4767 sed
472 4717 647 4780 qualis
685 4729 769 4774 est
804 4721 870 4777 iis
899 4724 989 4793 qui
1039 4738 1166 4782 sunt
1209 4731 1261 4784 in
1290 4731 1507 4789 Christo
1539 4734 1684 4794 Jesn.
1755 4739 1968 4801 Etenim
2003 4749 2177 4808 Judaei
2221 4751 2412 4808 dicunt
2487 4767 2607 4809 sese
2659 4753 2902 4832 diligere
2933 4757 3137 4831 Deum,
3190 4779 3376 4821 verum
3427 4783 3533 4825 non
3573 4771 3626 4826 in

341 4804 560 4832 l‘l...:..a-
601 4807 720 4832 I-___
758 4831 763 4832 ,
806 4831 814 4832 κ
847 4828 866 4832 Α
1021 4819 1032 4831 1
1127 4821 1139 4832 ι
1201 4822 1212 4832 .
1367 4826 1388 4832 _
1419 4829 1426 4832 _
1549 4830 1558 4832 _

341 4804 564 4864 Christo
591 4807 720 4866 Jesu
753 4831 766 4867 :
803 4828 908 4868 non
947 4819 1093 4872 enim
1126 4821 1327 4878 habent
1359 4826 1516 4883 fidem
1546 4830 1598 4885 in
1632 4834 1930 4894 Christum.

941 4936 1195 4991 ΚΕΦΑΛ.
1238 4937 1318 4994 Θ’.

418 5056 442 5090 ε
493 5039 778 5113 Ἀλήθειαν
815 5044 958 5115 λέγω
985 5049 1044 5102 ὲν
1073 5051 1320 5124 Χριστῷ,
1354 5055 1415 5108 οὐ
1441 5056 1710 5130 ψεύδομαι
1743 5062 1762 5134 (
1787 5081 1929 5136 συμ-

340 5136 732 5208 μαρτυρούσης
765 5157 857 5210 μοι
895 5141 995 5210 τῆς
1024 5145 1386 5217 συνειδήσεώς
1422 5168 1526 5221 μου
1565 5155 1624 5208 ὲν
1651 5157 1930 5230 Πνεύματι

337 5222 544 5296 ἁγίῳ),
573 5226 654 5278 ὅτι
691 5227 837 5300 λύπη
887 5232 978 5301 μοί
1007 5236 1126 5289 ἐστι
1159 5240 1402 5313 μεγάλη,
1453 5246 1550 5299 καὶ
1580 5222 1930 5319 ἀδιάλειπτος

334 5316 498 5387 ὥύνη
524 5320 581 5372 ἐν
604 5323 672 5391 τῇ
699 5324 900 5395 καρδίᾳ
934 5343 1059 5395 μου.
1101 5347 1121 5380 ›
1158 5331 1361 5386 Μέλλει
1394 5339 1600 5408 προῖὼν
1628 5342 1818 5409 δεῖξαι,
1847 5316 1928 5400 ὅτι

333 5410 395 5460 οὐ
425 5411 628 5472 πάντες
667 5414 716 5465 οί
744 5413 804 5478 ἐξ
847 5416 1134 5489 Ἀϐραάμ,
1178 5425 1402 5496 σπέρμα
1431 5431 1595 5484 αὐτοῦ
1641 5434 1770 5488 εἰσι.
1817 5439 1927 5492 Καὶ

335 5500 425 5551 ἵνα
455 5501 531 5571 μὴ
567 5502 696 5576 δόξῃ
741 5506 863 5558 κατ’
887 5509 1198 5578 ἐμπάθειαν
1227 5515 1400 5571 ταῦτα
1430 5519 1632 5590 λέγειν,
1675 5528 1924 5599 προλαμ-

2652 4955 2882 5014 CAPUT
2912 4957 3006 5017 1X.

2109 5066 2274 5122 Vsus.
2323 5069 2376 5136 1,
2427 5069 2482 5125 2.
2538 5089 2556 5123 ι
2599 5071 2898 5130 Veritatem
2930 5076 3052 5133 dico
3098 5079 3153 5135 in
3197 5080 3458 5154 Christo,
3517 5107 3627 5150 non

2033 5161 2269 5215 tnentior
2321 5162 2738 5233 (testimonium
2775 5168 2906 5224 mihi
2938 5171 3261 5238 perhibente
3285 5181 3626 5239 conscientia

2034 5267 2151 5307 mea
2183 5254 2234 5308 in
2277 5253 2486 5326 Spiritu
2510 5258 2746 5328 sancto).
2787 5258 3057 5327 Quoniam
3091 5266 3309 5324 tristitia
3354 5275 3483 5331 mihi
3517 5294 3628 5332 ma-

2033 5361 2135 5416 gna
2161 5355 2266 5413 est,
2295 5357 2350 5403 et
2372 5351 2663 5407 continuus
2687 5353 2842 5409 dolor
2863 5357 3013 5412 cordi
3037 5373 3182 5416 meo.
3230 5381 3250 5414 ι
3281 5363 3626 5426 Demonstra-

2035 5449 2187 5494 turus
2238 5451 2324 5496 est
2375 5443 2428 5498 in
2477 5459 2764 5514 procursu,
2812 5450 2956 5518 quod
3003 5468 3113 5508 non
3159 5470 3374 5524 omnes,
3415 5465 3507 5533 qui
3557 5481 3621 5523 ex

2027 5532 2337 5603 Abraham,
2382 5552 2570 5594 semen
2614 5540 2787 5611 ipsius
2826 5545 2958 5598 sint.
2999 5543 3084 5601 Ne
3130 5564 3266 5607 vero
3312 5568 3378 5609 ex
3426 5532 3626 5616 aﬂ‘ectu'

333 5593 510 5660 δάνει,
547 5599 642 5648 καὶ
677 5595 825 5665 λέγει
859 5600 988 5671 περὶ
1011 5603 1120 5659 τῶν
1161 5605 1427 5678 Ἐϐραίων
1458 5614 1528 5666 τὰ
1557 5593 1920 5692 χρηστότερα,

2323 5593 2336 5603 ,
2516 5593 2566 5594 κη
2615 5593 2784 5611 κικ----
2826 5593 2958 5598 ------
2999 5593 3082 5601 -πν
3143 5593 3264 5607 *νιν
3313 5593 3377 5609 ναι
3426 5593 3620 5616 ιιιιῦιῑιι

2059 5642 2143 5682 ωε
2172 5627 2423 5685 videatur
2447 5630 2632 5690 dicere
2653 5675 2668 5700 ,
2707 5638 3019 5706 antevertit,
3051 5655 3114 5698 ac
3143 5643 3209 5700 de
3241 5645 3481 5706 Hebrreis
3508 5669 3625 5709 me-

1691 5755 1892 5820 Varim
1915 5758 2240 5827 lectiones.

402 5854 449 5941 tt
479 5857 616 5942 apta:
661 5859 1024 5946 xaw_0dtvay6v
1049 5886 1136 5934 τις
1188 5871 1388 5946 ἀπειλῇ

432 5929 702 6002 ἐχώρισεν
755 5932 788 6004 ἢ
841 5929 1161 6008 ἀπέστησεν
1191 5957 1246 5997 0.

624 6024 895 6090 Panum.
941 6031 1053 6094 Gn.
1104 6034 1364 6102 CXXIV.

333 5926 380 5957 $5

1441 5877 1534 5932 τὸν
1600 5882 1886 5953 μέλλοντα,
1945 5887 2037 5943 τὸν
2077 5890 2368 5961 ἀθάνατον,
2426 5896 2518 5952 τὸν
2558 5899 2615 5953 ἐν
2639 5901 2704 5972 τῇ
2733 5901 2955 5960 κολάσει
2987 5922 3040 5964 ο.
3119 5910 3166 5943 ⁸³
3214 5912 3525 5987 ἀποστῆσαι
3556 5933 3616 5978 o.

3225 6077 3299 6138 15
