4038 6576
477 449 587 514 459

1401 450 1980 512 TIIEOPIIYLACTl
2023 449 2437 513 BULGARIIE
2486 451 2840 515 ARCHIEP.

3635 455 3753 522 460

477 567 614 620 liora
647 562 798 626 dicit,
833 562 1197 631 suspicionem
1237 561 1378 617 hanc
1414 563 1698 630 adimcns,
1733 563 2045 620 conﬁtetur-

2163 563 2260 637 την
2302 565 2559 620 ὑπόνοιαν
2587 566 2792 639 ταύτην
2837 568 3111 640 ἀναιρῶν,
3149 571 3240 624 καὶ
3269 571 3522 643 ὁμολογεῖ
3544 573 3755 640 αὐτοὺς

473 674 579 729 que
607 671 667 712 se
702 655 824 711 illos
857 656 1190 711 excellenter
1221 672 1428 711 amare.
1482 657 1558 714 Ne
1593 673 1722 715 vero
1767 667 2054 728 suspectus

476 751 759 813 habeatur,
796 763 859 802 ac
889 748 990 802 lide
1021 763 1210 818 parum
1245 749 1464 818 dignus,
1514 770 1530 802 ι
1566 752 1883 817 Veritatem,
1919 771 1937 803 ι
1975 752 2059 806 ἰη-

471 841 608 910 quit,
649 859 668 892 ι
699 839 822 893 dico
853 840 903 892 in
938 838 1182 900 Christo,
1217 854 1321 892 non
1350 841 1601 894 mentior.
1635 859 1653 891 ι
1692 840 2058 911 Producitque

469 941 580 986 tres
613 932 664 984 in
688 929 1080 996 testimonium,
1098 929 1400 998 Christum,
1423 947 1572 985 suam
1595 931 1760 1002 ipsius
1774 933 2060 987 conscien-

471 1027 617 1089 tiam,
649 1033 704 1080 et
751 1025 1012 1094 Spiritum
1056 1031 1328 1091 sanctum,
1378 1024 1628 1094 inquiens
1677 1041 1690 1077 :
1737 1044 1756 1076 ι
1791 1025 2054 1092 Quoniam

469 1118 687 1174 tristitia
725 1119 854 1173 mihi
887 1127 971 1172 est
995 1132 1211 1188 magna,
1253 1135 1273 1169 ι
1313 1133 1405 1189 cor
1439 1134 1616 1172 meum
1651 1119 1911 1182 exedens,
1946 1117 2056 1173 lle-

468 1211 736 1266 brmorum
782 1211 1034 1274 nomine,
1083 1209 1227 1278 quod
1275 1219 1429 1264 extra
1476 1209 1702 1279 gratiam
1739 1209 1850 1265 sint
1889 1227 1903 1265 :
1953 1211 2058 1266 hoc

466 1305 613 1359 enim
645 1305 889 1360 dicturus
921 1313 1024 1360 est.

540 1397 704 1458 Vens.
738 1400 790 1453 5.
832 1418 850 1451 ι
883 1399 1135 1470 ςοριετίιιι
1164 1399 1308 1453 enim
1341 1399 1454 1469 ipse
1486 1413 1584 1470 ego
1615 1401 1904 1453 anathema
1935 1413 2056 1454 esse

470 1507 496 1544 a
529 1491 747 1552 Christo
776 1505 874 1559 pro
899 1490 1160 1546 fratribus
1190 1492 1346 1556 meis,
1381 1492 1474 1560 qui
1517 1493 1647 1546 mihi
1678 1501 1803 1546 sunt
1837 1494 2054 1561 cognati

466 1586 764 1640 secundum
808 1599 1051 1640 carnem.
1096 1604 1114 1638 ι
1162 1585 1299 1653 Quid
1351 1588 1638 1640 anathema
1681 1587 1778 1650 sit,
1816 1587 2051 1656 primum

467 1677 612 1732 disce
644 1693 658 1731 :
695 1676 1000 1746 Separatio,
1027 1677 1381 1733 abalienatio.
1413 1678 1878 1743 Quemadmodum
1905 1679 2050 1731 enim

466 1783 662 1823 munus
694 1769 800 1823 Deo
831 1769 1070 1824 oblatqu
1097 1785 1258 1824 nemo
1293 1770 1455 1824 audet
1483 1771 1750 1840 attingere
1779 1788 1792 1824 :
1829 1770 1901 1825 ita
1927 1786 2048 1825 cum

465 1861 934 1916 cxcommunicato
959 1861 1042 1932 agi
1073 1860 1229 1925 solet,
1277 1869 1653 1916 verumtamen
1682 1861 1786 1915 alia
1817 1861 2046 1916 ratione.

2161 657 2608 728 ὑπερϐαλλόντως
2632 659 2828 728 φιλεῖν.
2864 661 2983 715 ’Ὶνα
3012 661 3068 715 δέ
3106 664 3180 734 μὴ
3213 664 3514 736 ἀπιστηθῇ,
3537 668 3708 735 φησίν
3730 681 3750 700 ο

2165 767 2183 800 ι
2237 748 2520 820 Ἀλήθειαν
2547 750 2690 820 λέγω
2720 753 2778 804 ἐν
2819 752 3079 824 Χριστῷ,
3125 756 3186 808 οὐ
3227 753 3517 830 ψεύδομαι.
3568 776 3587 808 ι
3633 758 3753 811 Καὶ

2162 842 2519 914 συμπαράγει
2555 845 2600 876 ⁸⁸
2634 847 2784 914 τρεῖς
2821 846 3145 917 μάρτυρας,
3191 848 3284 900 τὸν
3324 849 3597 918 Χριστὸν.
3643 851 3752 920 τὴν

2159 934 2356 988 ἑαυτοῦ
2388 935 2712 1007 συνείδησιν,
2746 939 2837 990 καὶ
2870 939 2930 991 τὸ
2969 938 3194 1010 Πνεῦμα
3223 939 3284 993 τὸ
3313 941 3488 1008 ἅγιον,
3513 942 3608 994 καί
3639 960 3750 1012 φη·

2160 1043 2265 1091 σιν,
2289 1029 2370 1081 ὅτι
2399 1030 2558 1101 Λύπη
2594 1031 2684 1102 μοί
2716 1033 2832 1084 ἐστι
2863 1032 3098 1104 μεγάλη,
3122 1035 3483 1089 κατεσθίουσά
3514 1054 3617 1104 μου
3643 1038 3749 1108 τὴν

2159 1123 2388 1194 καρδίαν
2413 1166 2428 1191 ,
2457 1124 2600 1195 ὑπὲρ
2643 1124 2752 1178 τῶν
2789 1125 3094 1196 Ἐϐραίων,
3128 1126 3211 1180 ὅτι
3256 1126 3361 1192 ἔξω
3388 1129 3486 1197 τῆς
3519 1129 3749 1199 χάριτος

2158 1219 2439 1289 γεγόνασι⁶
2475 1218 2636 1272 τοῦτο
2666 1221 2775 1291 γὰρ
2813 1221 2992 1291 μέλλει
3019 1222 3211 1276 είπεῖν.

2234 1417 2253 1450 ι
2289 1400 2553 1470 Πὺχόμην
2586 1399 2695 1472 γάρ
2718 1401 2882 1465 αὐτὸς
2915 1400 3027 1471 ἐγὼ
3061 1401 3309 1472 ἀνάθεμα
3331 1395 3470 1454 εἶναι
3501 1400 3609 1455 ἀπὸ
3645 1401 3746 1455 τοῦ

2157 1489 2416 1558 Χριστοῦ,
2453 1490 2594 1560 ὑπὲρ
2620 1492 2728 1544 τῶν
2758 1491 3000 1557 ἀδελφῶν
3033 1508 3136 1562 μου
3174 1491 3285 1544 τῶν
3321 1491 3600 1562 συγγενῶν
3634 1509 3746 1564 μου

2157 1581 2298 1636 κατά
2331 1581 2532 1651 σάρκα.
2579 1603 2596 1635 ι
2640 1582 2706 1636 Τί
2737 1585 2854 1637 ἐστι
2881 1586 2943 1637 τὸ
2987 1583 3235 1656 ἀνάθεμα
3290 1585 3431 1656 μάθε
3482 1586 3745 1658 πρῶτονο

2156 1675 2460 1746 χωρισμὸς,
2493 1675 2868 1747 ἀλλοτρίωσις.
2899 1677 3112 1748 Ὥσπερ
3145 1679 3252 1748 γὰρ
3273 1678 3366 1731 τοῦ
3391 1678 3747 1751 ἀναθήματος

2155 1765 2246 1818 τοῦ
2281 1766 2672 1835 ἀνατιθεμένου
2704 1767 2824 1837 Θεῷ
2862 1768 3038 1832 οὐδεὶς
3069 1769 3309 1840 ἀψασθαι
3353 1769 3528 1841 τολμᾷ
3549 1810 3563 1834 ,
3595 1770 3746 1824 οὕτω

2155 1859 2248 1910 καὶ
2289 1857 2384 1910 τοῦ
2409 1857 2971 1928 ξάναθεματιζομένου
2994 1861 3066 1890 "'
3115 1860 3255 1932 πλὴν
3308 1860 3480 1930 ἑτέρῳ
3527 1861 3741 1933 τρόπῳ.

467 1953 636 2009 Sacro
663 1954 806 2009 enim
837 1955 1044 2009 muneri
1081 1970 1244 2010 nemo
1279 1969 1398 2010 sese
1430 1955 1723 2009 admovere
1753 1955 1914 2010 audet
1950 1955 2045 2010 ho-

2151 1951 2241 2023 Τῷ
2268 1950 2366 2021 μέν
2394 1951 2502 2022 γάρ
2535 1951 2668 2022 ίερῷ
2693 1952 3030 2024 ἀναθήματι,
3061 1951 3229 2024 τιμῆς
3256 1952 3441 2005 ἕνεκεν
3468 1953 3528 2006 οὐ
3559 1951 3746 2023 τολμᾷ

465 2047 615 2102 noris
659 2061 824 2102 causa
855 2063 869 2100 :
901 2049 1098 2116 quippe
1133 2048 1242 2102 Deo
1269 2047 1519 2103 collatum
1565 2054 2048 2116 consecratumque

462 2151 582 2207 est;
626 2141 695 2196 ab
745 2141 848 2195 hoc
878 2155 1005 2194 vero
1031 2150 1354 2210 separantur
1395 2153 1603 2205 omnes,
1655 2155 1754 2193 ceu
1793 2137 2044 2208 profano,

465 2229 879 2300 abalienatoque
929 2243 959 2284 a
1014 2229 1145 2290 Deo.
1203 2229 1341 2296 Quid
1390 2229 1556 2298 igitur
1605 2239 1686 2284 est
1725 2234 1869 2298 quod
1913 2229 2047 2284 dicit

462 2322 700 2378 Paulus?
739 2323 960 2378 Videtur
998 2323 1142 2378 enim
1177 2323 1279 2378 hoc
1313 2324 1429 2376 loco
1466 2323 1796 2393 supradictis
1823 2333 2045 2376 contra-

461 2417 642 2472 tlt'ccre
677 2435 691 2470 :
744 2415 855 2470 illic
888 2416 1032 2472 enim
1065 2416 1241 2482 dixit,
1291 2433 1309 2468 ι
1357 2414 1525 2470 Nemo
1561 2431 1658 2471 nos
1701 2414 1977 2484 separabit
2015 2429 2045 2469 a

461 2509 728 2563 charitate
751 2509 845 2564 Dei
874 2525 890 2568 ς
924 2528 941 2561 ι
976 2507 1086 2578 jam
1116 2523 1262 2564 nunc
1288 2524 1418 2564 vero
1453 2520 1644 2580 optare
1678 2523 1738 2564 se
1771 2509 1882 2573 ait,
1916 2518 1974 2562 ut
2015 2523 2044 2562 ιι

457 2601 680 2656 Christo
715 2612 1024 2671 separetur.
1066 2599 1291 2656 Videtur
1335 2617 1462 2671 ergo
1513 2602 1789 2656 contraria
1837 2602 2044 2666 dicere,

461 2694 555 2749 sed
589 2709 694 2748 non
720 2695 791 2747 ita
821 2708 881 2748 se
911 2709 997 2748 res
1028 2693 1214 2761 habet,
1263 2695 1704 2762 quandoquidem
1735 2701 1788 2747 et
1818 2693 1920 2748 hoc
1949 2709 2046 2763 pro

461 2786 729 2841 charitate
777 2785 871 2840 Dei
900 2785 1071 2842 dicat.
1103 2785 1241 2839 Cum
1284 2786 1428 2839 enim
1458 2799 1648 2840 oumes
1682 2785 1849 2838 Deum
1888 2799 2047 2839 accu-

461 2887 667 2942 sarent,
691 2879 836 2949 quod
863 2877 1121 2933 Hebraeos
1151 2877 1443 2947 adoptione
1474 2878 1702 2932 donatos
1722 2917 1738 2943 ,
1771 2876 2046 2949 gloriﬁca-

464 2983 676 3042 tosque,
699 2971 947 3042 adeoque
975 2969 1209 3040 majores
1231 2967 1432 3024 Christi
1457 2969 1776 3040 appellatos,
1800 2968 2044 3039 ejiceret,

463 3062 864 3132 ignominiaque
892 3059 1152 3127 alliceret,
1175 3072 1337 3131 atque
1379 3059 1431 3114 in
1462 3060 1672 3115 illorum
1703 3060 1878 3115 locum
1911 3075 2045 3130 gen-

463 3167 566 3222 tes,
598 3169 721 3225 quae
759 3156 930 3225 ipsum
964 3170 1239 3224 nunquam
1278 3154 1626 3226 agnovissent
1654 3154 1786 3226 67,
1818 3153 2042 3210 induce-

462 3256 545 3301 ret
575 3263 589 3301 :
638 3246 861 3316 ejusque
904 3246 1265 3300 Providentiae
1295 3247 1773 3301 obmurmurarent
1802 3259 1868 3301 ac
1896 3244 2043 3302 ωδε..

462 3339 819 3406 phemarent,
878 3340 1032 3407 quasi
1097 3340 1212 3394 haec
1269 3338 1468 3408 injuste
1525 3336 1738 3401 tierent,
1794 3347 1849 3394 et
1902 3337 2044 3393 Deus

461 3431 696 3500 ipsorum
733 3431 1188 3500 progenitoribus,
1239 3429 1438 3500 quibus
1487 3428 1606 3498 ipsa
1639 3429 1780 3483 dona
1820 3428 2043 3500 pollice-

461 3525 644 3588 batur,
673 3527 1040 3593 imposuerat:
1061 3538 1296 3578 intereas
1315 3522 1500 3592 itaque
1528 3521 1747 3589 Paulus,
1775 3523 2044 3593 anxieque

459 3627 640 3673 motus
667 3626 722 3671 et
747 3631 966 3673 morsus
1005 3631 1102 3685 pro
1129 3616 1224 3671 Dei
1260 3616 1454 3686 gloria,
1483 3616 1690 3685 optavit
1730 3615 2040 3682 anathema,

460 3710 510 3764 id
535 3719 637 3775 est,
665 3709 1002 3765 abalienatus
1024 3724 1146 3765 esse
1173 3724 1201 3762 a
1223 3708 1464 3773 Christo,
1493 3721 1552 3762 ut
1573 3708 1648 3763 illi
1673 3718 2040 3774 servarentur,

459 3802 957 3870 dissolvereturque
989 3816 1178 3855 eorum
1211 3804 1469 3856 adversus
1509 3800 1675 3854 Deum
1714 3801 2043 3857 maledicen-

456 3898 554 3950 tia.
585 3894 767 3948 Viden’
791 3895 954 3963 igitur
969 3895 1110 3964 quod
1137 3909 1204 3947 ex
1227 3909 1411 3948 amore
1435 3909 1542 3962 quo
1568 3895 1620 3948 in
1646 3893 1812 3949 Deum
1843 3893 2046 3949 inﬂam-

460 3999 637 4046 matus
675 3997 793 4052 est,
834 3997 986 4058 optat
1032 3987 1077 4042 si
1112 3987 1271 4040 modo
1305 3987 1420 4042 ﬁeri
1475 3987 1682 4056 possit,
1718 3987 1964 4057 separari
2012 4002 2042 4040 a

457 4091 602 4136 coetu
635 4096 824 4135 eorum
856 4079 947 4150 qui
979 4094 1100 4134 cum
1131 4077 1350 4132 Christo
1377 4089 1641 4134 aeternum
1675 4078 1895 4133 vivent?
1922 4076 2041 4133 Non

455 4189 486 4225 a
528 4172 792 4225 charitate
854 4169 1058 4240 ipsius,
1116 4169 1212 4224 sed
1263 4168 1434 4239 gloria
1495 4169 1698 4239 ipsius,
1749 4177 1804 4224 et
1859 4169 2046 4238 gloriae

459 4265 655 4318 fructu.
690 4262 919 4318 Perinde
954 4277 1018 4316 ac
1068 4273 1251 4330 patres
1298 4275 1676 4330 smpenumero
1709 4277 1738 4316 a
1787 4261 1910 4316 [iliis
1953 4276 2043 4316 se-

457 4367 772 4426 gregantur,
816 4365 874 4410 ut
919 4354 1292 4424 gloriliceutur
1337 4353 1468 4418 ﬁlii,
1516 4354 1740 4409 minime
1795 4364 1976 4409 tamen
2013 4370 2044 4409 a

458 4449 688 4504 liliorum
715 4445 1006 4507 dilectione
1035 4444 1327 4500 abalienati
1353 4485 1368 4512 ,
1395 4445 1490 4501 sed
1542 4445 1646 4516 ipsi
1680 4445 1895 4515 inglorii
1922 4461 2046 4503 esse

455 4540 759 4609 cupientes,
789 4546 848 4594 ut
878 4538 954 4592 illi
987 4537 1228 4593 celebres
1258 4537 1512 4593 evadant.
1547 4537 1735 4607 Itaque
1772 4539 1884 4607 ipse
1905 4578 1920 4605 ,
1961 4538 2045 4592 in-

2151 2060 2234 2106 τις
2283 2043 2538 2112 ἐγγίσαι,
2573 2043 2650 2108 ὡς
2695 2045 3045 2116 ἀνακειμένῳ
3074 2045 3224 2115 Θεῷ·
3260 2045 3452 2097 τούτου
3483 2044 3537 2098 δὲ
3566 2047 3742 2115 χωρί-

2149 2135 2336 2201 ζονται
2389 2139 2622 2204 πάντες,
2670 2138 2746 2201 ὼς
2796 2138 3015 2209 ἀνιέρου
3066 2138 3162 2191 καὶ
3214 2135 3738 2207 ἀπηλλοτριωμένου

2148 2228 2282 2282 Θεοῦ
2310 2230 2373 2284 ⁸⁸.
2409 2229 2474 2284 Τί
2498 2229 2590 2284 οῦν
2625 2231 2773 2284 ἐστιν
2799 2231 2827 2283 ὃ
2846 2231 2998 2303 λέγει
3021 2232 3048 2284 ὁ
3074 2229 3284 2294 Παῦλος
3309 2246 3322 2295 ;
3347 2228 3600 2282 Φαίνεται
3624 2228 3738 2298 γὰρ

2149 2323 2369 2376 ἐναντία
2398 2323 2574 2392 λέγων
2612 2328 2726 2388 τοῖς
2757 2326 3015 2398 ἀνωτέρω
3045 2324 3284 2396 ῥηθεῖσι.
3315 2323 3448 2376 Τότε
3489 2323 3588 2394 μὲν
3625 2323 3741 2393 γὰρ

2149 2414 2355 2483 ἔλεγεν,
2387 2417 2469 2468 ὅτι
2505 2434 2522 2467 ι
2571 2416 2766 2480 Οὐδεὶς
2799 2417 2946 2488 ἡμᾶς
2980 2417 3206 2488 χωρίσει
3237 2414 3344 2470 ἀπὸ
3373 2413 3475 2486 τῆς
3513 2400 3742 2486 ἀγάπης

2148 2507 2240 2560 τοῦ
2268 2507 2403 2561 Θεοῦ
2429 2509 2507 2540 ⁸³·
2551 2527 2570 2560 ι
2629 2509 2726 2564 νῦν
2775 2511 2832 2563 δὲ
2890 2508 3149 2580 εὔχεσθαί
3181 2526 3356 2580 φησι,
3395 2508 3741 2580 χωρισθῆναι

2148 2601 2254 2653 ἀπὸ
2311 2600 2404 2654 τοῦ
2449 2600 2711 2673 Χριστοῦ.
2742 2604 2906 2655 Δοκεῖ
2953 2602 3047 2656 οῦν
3093 2602 3312 2656 ἐναντία
3355 2601 3579 2669 λέγειν,
3635 2602 3742 2654 οὐκ

2149 2691 2265 2743 ἔστι
2299 2691 2356 2744 δέ
2385 2707 2399 2722 ο
2430 2694 2524 2746 καὶ
2563 2693 2672 2763 γὰρ
2727 2692 2820 2746 καὶ
2863 2691 3022 2746 τοῦτο
3063 2691 3208 2762 ὑπὲρ
3242 2692 3341 2762 τῆς
3376 2692 3598 2760 ἀγάπης
3642 2691 3740 2744 τοῦ

2147 2782 2284 2836 Θεοῦ
2319 2783 2488 2853 λέγει.
2540 2783 2758 2856 Ἐπειδὴ
2807 2784 2916 2857 γὰρ
2969 2783 3209 2848 ἅπαντες
3253 2782 3346 2836 τοῦ
3403 2782 3540 2836 Θεοῦ
3587 2800 3728 2837 κατ’

2149 2877 2410 2949 ηγόρουν,
2459 2879 2542 2932 δτι
2590 2880 2717 2942 τοὺς
2753 2877 3086 2942 ἀξιωθέντας
3137 2878 3237 2949 τῆς
3282 2875 3580 2940 υἱοθεσίας,
3633 2877 3731 2929 καὶ

2149 2969 2526 3036 δοξασθέντας,
2563 2971 2658 3024 καὶ
2694 2970 3048 3041 προπάτορας
3088 2968 3325 3040 Χριστοῦ
3353 2967 3737 3039 χρηματίσανο

2149 3078 2249 3126 τας
2272 3104 2287 3129 ,
2324 3064 2452 3126 τοὺς
2502 3062 2816 3133 Ἐϐραίους,
2852 3061 3077 3128 ἐξέδαλε
3104 3101 3118 3126 ,
3150 3063 3245 3114 καὶ
3270 3061 3540 3132 ἠτίμασεν
3562 3077 3576 3093 θ
3604 3061 3738 3115 ἀντι

2151 3155 2413 3224 εισήγαγε
2437 3154 2522 3226 ἰδὲ
2546 3156 2672 3219 τοὺς
2705 3156 2972 3228 μηδέποτε
3002 3155 3164 3210 αὐτὸν
3201 3155 3536 3223 ιέπιγνόντας
3562 3195 3578 3221 ,
3607 3155 3739 3218 τοὺς

2154 3245 2212 3312 ἐξ
2271 3246 2474 3300 ἐθνῶν⁶
2531 3248 2626 3301 καὶ
2686 3246 3093 3316 κατεγόγγυζον
3145 3246 3245 3318 τῆς
3286 3249 3593 3320 Προνοίας,
3639 3248 3737 3303 καὶ.

2150 3338 2555 3408 ἐϐλασφήμουν,
2595 3339 2670 3403 ὠς
2691 3339 2892 3403 ἀδίκως
2924 3340 3130 3394 τούτων
3164 3341 3486 3410 γινομένων,
3513 3340 3610 3393 καὶ
3635 3339 3733 3394 τοῦ

2148 3431 2282 3485 Θεοῦ
2309 3433 2690 3503 ἀπατήσαντος
2725 3434 2852 3497 τοὺς
2894 3435 3194 3505 προγόνους
3219 3475 3236 3502 ,
3264 3429 3348 3498 οἷς
3378 3435 3474 3488 καὶ
3500 3437 3599 3497 τάς
3629 3435 3736 3488 δω-

2153 3521 2278 3591 ρεὰς
2305 3523 2350 3554 ⁸⁸
2377 3522 2743 3593 ἐπηγγείλατο
2762 3539 2776 3555 ο
2811 3523 2995 3591 ἀλγῶν
3033 3525 3060 3576 ὁ
3097 3521 3306 3586 Παῦλος
3337 3524 3430 3577 καὶ
3457 3522 3730 3594 δακνόμε-

2150 3633 2237 3679 νος
2261 3615 2401 3687 ὑπέρ
2423 3615 2524 3687 τῆς
2553 3616 2650 3670 τοῦ
2691 3616 2828 3671 Θεοῦ
2852 3616 3031 3688 δόξης,
3060 3615 3265 3686 ηὔξατο
3291 3615 3544 3686 ἀνάθεμα
3568 3615 3734 3680 αὐτὸς

2149 3704 2312 3776 εἶναι,
2345 3709 2487 3764 ὥστε
2528 3709 2767 3782 σωθῆναι
2797 3710 3063 3775 ἐκείνους,
3093 3711 3188 3762 καὶ¹
3218 3709 3591 3780 καταλυθῆναι
3631 3710 3733 3780 τὴν

2149 3803 2290 3857 κατά
2321 3801 2456 3856 Θεοῦ
2491 3802 2866 3874 βλασφημίαν.
2906 3803 3069 3873 Ὁρᾷς
3100 3796 3217 3867 οὖν,
3241 3803 3322 3854 ὅτι
3352 3800 3442 3854 διὰ
3468 3801 3569 3872 τὴν
3594 3801 3734 3871 πρὸς

2147 3897 2279 3950 Θεὸν
2320 3898 2545 3968 ἀγάπην
2577 3896 2832 3968 εῦχεται,
2861 3897 2910 3950 εί
2949 3896 3198 3961 δυνατὸν,
3247 3895 3589 3966 χωρισθῆναι
3632 3895 3732 3948 τοῦ

2149 3992 2279 4062 περὶ
2305 3990 2396 4043 τὸν
2429 3989 2664 4060 Χριστὸν
2701 3989 2866 4062 χοροῦ
2891 4006 2906 4056 ;
2937 3989 3058 4059 οὐχὶ
3080 3989 3123 4020 ²¹
3153 3988 3252 4058 τῆς
3283 3989 3507 4058 ἀγάπης
3537 3987 3728 4053 αὐτοῦ,

2147 4079 2284 4132 ἀλλά
2309 4079 2408 4150 τῆς
2433 4080 2593 4151 δόξης
2632 4079 2824 4146 αὐτοῦ,
2861 4082 2956 4134 καὶ
2987 4081 3087 4149 τῆς
3109 4077 3463 4142 ἀπολαύσεως
3488 4079 3728 4158 ἐκείνης’

2148 4173 2335 4246 ὥσπερ
2368 4174 2462 4228 καὶ
2492 4174 2725 4246 πατέρες
2758 4173 3018 4236 πολλάκις
3045 4173 3373 4243 χωρίζονται
3407 4173 3518 4227 τῶν
3570 4173 3727 4240 υἱῶν,

2149 4266 2237 4318 ἵνα
2276 4267 2371 4318 καὶ
2419 4267 2468 4318 οἱ
2509 4266 2614 4318 υίοὶ
2653 4265 3020 4329 δοξασθῶσινο
3074 4267 3195 4336 οὐχὶ
3227 4264 3328 4336 τῆς
3368 4265 3590 4337 ἀγάπης
3619 4265 3734 4318 τῶν

2149 4356 2354 4410 παίδων
2387 4357 2772 4427 χωριζόμενοι,
2807 4355 2923 4411 ἀλλ’
2961 4356 3119 4410 αὐτοὶ
3148 4357 3356 4421 ἀδοξεῖν
3386 4356 3728 4428 βουλόμενοι,

2149 4448 2216 4502 ἵν’
2239 4449 2441 4502 ἐκείνοι
2467 4447 2849 4518 εὐδοκιμῶσιν.
2867 4447 3040 4512 Αὐτὸς
3069 4445 3162 4502 οὖν
3187 4449 3319 4518 ἐγὼ,
3345 4449 3533 4518 φησὶν,
3563 4449 3592 4502 ὁ
3620 4466 3729 4520 μυ-

2150 4539 2242 4610 ρία
2269 4537 2624 4610 κατορθώσας
2644 4576 2659 4602 ,
2687 4540 2715 4591 ὁ
2742 4539 3036 4609 ἀγαπήσας
3070 4537 3210 4610 ὑπὲρ
3240 4537 3403 4609 φύσιν
3436 4539 3528 4592 τὸν
3553 4537 3690 4592 Θεὸν
3712 4577 3729 4602 ,

456 4631 593 4700 quit,
635 4645 760 4701 ego,
807 4631 898 4701 qui
945 4631 1232 4684 innumera
1275 4630 1548 4700 transegi,
1599 4629 1830 4700 diligens
1869 4630 2038 4685 Deum

2146 4629 2380 4702 εὔχομαι
2411 4630 2554 4700 ὺπέρ
2575 4633 2674 4702 τῆς
2699 4631 2859 4702 δόξης
2892 4631 2982 4684 τοῦ
3004 4630 3162 4697 Θεοῦ,
3184 4632 3487 4686 ἀποπεσεῖν
3513 4631 3614 4702 τῆς
3639 4630 3730 4684 δό-

455 4736 617 4792 supra
653 4736 816 4791 quam
850 4731 1042 4778 natura
1073 4721 1234 4785 ferat,
1266 4729 1416 4790 epto,
1455 4721 1566 4788 ait,
1614 4735 1714 4790 pro
1739 4720 1910 4791 gloria
1945 4719 2038 4775 Dei

457 4815 705 4868 excidere
746 4828 774 4867 a
807 4814 981 4884 gloria
1017 4813 1242 4868 Christi.
1276 4811 1387 4867 Hoc
1418 4821 1596 4869 autem
1646 4828 1750 4866 non
1779 4825 1862 4868 est
1892 4813 2039 4868 exci-

457 4907 609 4971 dere,
657 4908 752 4962 sed
797 4907 981 4978 potius
1031 4906 1272 4976 assequi.
1310 4905 1462 4975 Quod
1518 4920 1646 4960 vero
1696 4905 1791 4970 ait,
1857 4923 1875 4958 ι
1937 4905 2039 4960 Pro

458 4998 717 5053 fratribus
769 5000 923 5068 meis,
967 4999 1098 5053 mihi
1137 5007 1266 5052 sunt
1315 4997 1527 5067 cognati
1562 4999 1856 5052 secundum
1913 5013 2038 5052 car-

458 5107 600 5155 nem,
629 5109 647 5142 ι
683 5090 890 5145 viscera
929 5091 1153 5158 iudicat,
1181 5099 1234 5144 et
1254 5104 1414 5162 quam
1446 5089 1748 5143 vehementi
1771 5088 2036 5143 charitate

455 5197 579 5252 erga
623 5197 718 5237 cos
751 5181 976 5250 allectus
1011 5191 1150 5238 erat.

529 5271 693 5328 Vens.
727 5275 782 5338 4,
819 5273 871 5327 5.
914 5293 933 5326 ι
971 5274 1070 5341 Qui
1105 5283 1230 5327 sunt
1268 5271 1544 5338 lsraelitze,
1570 5288 1798 5344 quorum
1832 5282 1915 5328 est
1941 5272 2038 5326 ad-

455 5366 623 5435 optio,
654 5375 707 5418 et
739 5365 908 5436 gloria
932 5405 947 5431 ,
972 5375 1026 5420 et
1053 5375 1396 5430 testamenta,
1433 5375 1488 5419 et
1520 5365 1804 5436 legislatio,
1838 5375 1891 5420 et
1918 5363 2038 5419 cul-

458 5473 566 5526 ltts,
617 5470 673 5514 et
719 5461 1406 5530 promissioneszquorum
1450 5468 1576 5514 sunt
1605 5470 1822 5536 patres,
1869 5467 1925 5513 et
1971 5473 2038 5512 ex

455 5553 653 5621 quibus
684 5553 930 5608 Christus
953 5554 1127 5623 «proud
1176 5566 1423 5618 carnem,
1449 5553 1539 5622 qui
1565 5561 1648 5605 est
1671 5566 1830 5620 super
1853 5549 2037 5604 omnia

459 5645 602 5700 Deus
647 5647 961 5701 benedictus
1019 5648 1069 5700 in
1107 5646 1324 5700 saecula.
1377 5648 1568 5699 Amen.
1617 5662 1634 5694 ι
1680 5641 2038 5698 Commendat

2149 4722 2244 4793 ξης
2274 4723 2368 4776 τοῦ
2400 4723 2660 4793 Χριστοῦ.
2694 4723 2865 4777 Τοῦτο
2893 4724 2950 4778 δὲ
2979 4725 3080 4778 οὐκ
3111 4721 3260 4776 ἐστιν
3289 4725 3580 4791 ἐκπεσετν,
3610 4726 3732 4779 ἀλλ’

2142 4815 2422 4885 ἐπιτυχεῖν
2449 4816 2674 4886 μᾶλλον.
2702 4813 2776 4868 Τὸ
2810 4815 2887 4880 δὲ,
2927 4835 2945 4867 ι
2987 4815 3160 4886 ’Υπὲρ
3187 4815 3298 4868 τῶν
3326 4815 3570 4886 ἀδελφῶν
3599 4833 3726 4887 μου,

2145 4907 2255 4960 τῶν
2284 4910 2565 4978 συγγενῶν
2599 4927 2702 4980 μου
2747 4909 2888 4964 κατά
2918 4910 3098 4980 σάρκα
3120 4949 3136 4976 ,
3167 4928 3186 4961 ι
3231 4909 3303 4962 τά
3331 4909 3616 4980 σπλάγχνα
3643 4913 3730 4964 ἐν-

2145 5000 2440 5070 δείκνυται,
2469 5002 2561 5056 καὶ
2593 5000 2666 5066 ὡς
2691 5001 2995 5056 διακαίεται
3035 5002 3174 5073 ὑπὲρ
3203 5002 3407 5058 αὐτῶν.

2222 5286 2239 5318 ι
2280 5264 2489 5329 Οῖτινές
2522 5265 2660 5318 εἰσιν
2699 5263 3049 5334 Ἰσραηλῖται,
3081 5258 3214 5336 ὧνὴ
3245 5263 3489 5319 υἱοθεσία
3517 5307 3531 5327 ,
3567 5268 3661 5320 καὶ
3691 5269 3724 5338 ἠ

2145 5358 2291 5426 δόξα,
2334 5359 2427 5413 καὶ
2456 5357 2510 5411 αἱ
2549 5355 2824 5425 διαθῆκαι,
2862 5357 3018 5426 καὶὴ
3061 5355 3369 5427 νομοθεσία,
3405 5355 3499 5409 καὶ
3547 5357 3581 5426 ἡ
3632 5357 3729 5409 λα-

2137 5452 2314 5521 τρεία,
2355 5453 2450 5504 καὶ
2510 5452 2565 5504 αἱ
2615 5449 2979 5519 ἐπαγγελίαι·
3024 5443 3099 5505 ὧν
3147 5451 3198 5503 oi
3241 5450 3494 5522 πατέρες,
3537 5451 3632 5504 καὶ
3671 5450 3731 5517 ἐξ

2139 5541 2214 5599 ῶν
2233 5547 2260 5597 ὁ
2291 5545 2522 5616 Χριστὸς
2553 5543 2612 5597 τὸ
2637 5545 2780 5597 κατά
2807 5544 3008 5614 σάρκα,
3038 5544 3064 5596 ὁ
3094 5542 3168 5597 ὣν
3205 5545 3297 5597 ἐπὶ
3336 5545 3554 5597 πάντων
3594 5541 3730 5607 Θεὸς

2138 5637 2427 5707 εὐλογητὸς
2461 5639 2540 5701 είς
2575 5638 2701 5701 τοὺς
2744 5638 2966 5702 αἰῶνας.
3011 5638 3204 5708 Ἀμήν.
3247 5655 3265 5689 ι
3321 5636 3564 5706 Ἐπαινεῖ
3605 5633 3733 5687 τοῦ·

1797 5736 1994 5798 Varite
2034 5735 2366 5798 lectiones.

531 5845 575 5875 "
611 5843 848 5916 παράγει
877 5859 943 5916 ο.
1012 5845 1055 5876 ³⁷
1089 5840 1596 5915 ἀναθεματισμένου
1659 5854 1709 5895 0.

458 5917 519 5970 ίιι
539 5917 664 5987 {xiv
695 5935 743 5970 υ.
778 5915 783 5916 ⁷
818 5917 861 5948 ’⁸
897 5915 955 5968 οῦ
985 5929 1037 5969 0.

1794 5838 1838 5870 "‘
1891 5839 2010 5910 Θεῷ
2071 5854 2125 5894 ο.
2208 5839 2250 5870 ¹⁹
2304 5835 2412 5892 ἀπὸ
2468 5835 2564 5907 τῆς
2621 5834 2844 5906 ἀγάπης
2908 5834 3003 5889 τοῦ
3076 5831 3314 5904 Χριστοῦ
3373 5847 3448 5891 m.

3552 5832 3598 5862 ID
3630 5832 3734 5906 τὴν
