  <div class='ocr_page' id='page_1' title='image "/cluster/home/n/w/nwhite01/storage/ocr_20150623/124/hvd.32044019208206/244.png"; bbox 0 0 4038 6614; ppageno 0'>
   <div class='ocr_carea' id='block_1_1' title="bbox 338 449 457 516">
    <p class='ocr_par' dir='ltr' id='par_1_1' title="bbox 338 449 457 516">
     <span class='ocr_line' id='line_1_1' title="bbox 338 449 457 516; baseline 0 -1"><span class='ocrx_word' id='word_1_1' title='bbox 338 449 457 516; x_wconf 73' lang='grc' dir='ltr'>ιδι</span> 
     </span>
    </p>
   </div>
   <div class='ocr_carea' id='block_1_2' title="bbox 1206 445 2794 514">
    <p class='ocr_par' dir='ltr' id='par_1_2' title="bbox 1206 445 2794 514">
     <span class='ocr_line' id='line_1_2' title="bbox 1206 445 2794 514; baseline -0.004 -2"><span class='ocrx_word' id='word_1_2' title='bbox 1206 447 1610 514; x_wconf 79' lang='lat' dir='ltr'><strong>EXPOSITIO</strong></span> <span class='ocrx_word' id='word_1_3' title='bbox 1661 447 1740 509; x_wconf 72' lang='lat' dir='ltr'><strong>IN</strong></span> <span class='ocrx_word' id='word_1_4' title='bbox 1777 445 2018 511; x_wconf 83' lang='lat' dir='ltr'><strong>EPIST.</strong></span> <span class='ocrx_word' id='word_1_5' title='bbox 2055 447 2155 508; x_wconf 84' lang='lat' dir='ltr'><strong>AD</strong></span> <span class='ocrx_word' id='word_1_6' title='bbox 2184 447 2370 511; x_wconf 81' lang='lat' dir='ltr'><strong>ROM.</strong></span> <span class='ocrx_word' id='word_1_7' title='bbox 2399 473 2466 483; x_wconf 90' lang='lat'><strong><em>—</em></strong></span> <span class='ocrx_word' id='word_1_8' title='bbox 2489 447 2645 508; x_wconf 75' lang='lat' dir='ltr'><strong>CAP.</strong></span> <span class='ocrx_word' id='word_1_9' title='bbox 2692 446 2794 506; x_wconf 84' lang='lat' dir='ltr'><strong>IX.</strong></span> 
     </span>
    </p>
   </div>
   <div class='ocr_carea' id='block_1_3' title="bbox 3509 443 3615 506">
    <p class='ocr_par' dir='ltr' id='par_1_3' title="bbox 3509 443 3615 506">
     <span class='ocr_line' id='line_1_3' title="bbox 3509 443 3615 506; baseline 0.019 -2"><span class='ocrx_word' id='word_1_10' title='bbox 3509 443 3615 506; x_wconf 72' lang='grc'><strong>462</strong></span> 
     </span>
    </p>
   </div>
   <div class='ocr_carea' id='block_1_4' title="bbox 334 555 1967 634">
    <p class='ocr_par' dir='ltr' id='par_1_4' title="bbox 334 558 1967 634">
     <span class='ocr_line' id='line_1_4' title="bbox 334 558 1967 634; baseline -0.002 -16"><span class='ocrx_word' id='word_1_11' title='bbox 334 583 474 629; x_wconf 84' lang='grc' dir='ltr'>τους</span> <span class='ocrx_word' id='word_1_12' title='bbox 507 563 742 618; x_wconf 71' lang='grc' dir='ltr'>ἐνταῦθα</span> <span class='ocrx_word' id='word_1_13' title='bbox 785 559 880 618; x_wconf 67' lang='grc' dir='ltr'><strong>καὶ</strong></span> <span class='ocrx_word' id='word_1_14' title='bbox 931 561 1245 633; x_wconf 80' lang='grc' dir='ltr'>μεγαλύνει,</span> <span class='ocrx_word' id='word_1_15' title='bbox 1293 563 1380 616; x_wconf 75' lang='grc' dir='ltr'>ἵνα</span> <span class='ocrx_word' id='word_1_16' title='bbox 1407 603 1424 631; x_wconf 89' lang='grc'><strong>,</strong></span> <span class='ocrx_word' id='word_1_17' title='bbox 1461 561 1599 634; x_wconf 83' lang='grc' dir='ltr'>ὅπερ</span> <span class='ocrx_word' id='word_1_18' title='bbox 1645 559 1805 630; x_wconf 58' lang='grc' dir='ltr'>ἐξην,</span> <span class='ocrx_word' id='word_1_19' title='bbox 1849 558 1967 632; x_wconf 54' lang='grc' dir='ltr'><strong>μὴ,</strong></span> 
     </span>
    </p>
   </div>
   <div class='ocr_carea' id='block_1_5' title="bbox 2056 555 3615 634">
    <p class='ocr_par' dir='ltr' id='par_1_5' title="bbox 2056 555 3615 631">
     <span class='ocr_line' id='line_1_5' title="bbox 2056 555 3615 631; baseline -0.003 -15"><span class='ocrx_word' id='word_1_20' title='bbox 2056 559 2120 616; x_wconf 78' lang='lat' dir='ltr'><strong>tie</strong></span> <span class='ocrx_word' id='word_1_21' title='bbox 2154 559 2385 625; x_wconf 77' lang='lat' dir='ltr'><strong>Judaeos,</strong></span> <span class='ocrx_word' id='word_1_22' title='bbox 2422 573 2622 630; x_wconf 87' lang='lat' dir='ltr'><strong>eosque</strong></span> <span class='ocrx_word' id='word_1_23' title='bbox 2664 561 2840 631; x_wconf 83' lang='lat' dir='ltr'><strong>magni</strong></span> <span class='ocrx_word' id='word_1_24' title='bbox 2899 557 3049 624; x_wconf 77' lang='lat' dir='ltr'><strong>facit,</strong></span> <span class='ocrx_word' id='word_1_25' title='bbox 3107 569 3174 612; x_wconf 90' lang='lat' dir='ltr'><strong>ne</strong></span> <span class='ocrx_word' id='word_1_26' title='bbox 3218 555 3483 620; x_wconf 83' lang='lat' dir='ltr'><strong>videatur,</strong></span> <span class='ocrx_word' id='word_1_27' title='bbox 3537 559 3615 612; x_wconf 88' lang='lat' dir='ltr'><strong>uti</strong></span> 
     </span>
    </p>
   </div>
   <div class='ocr_carea' id='block_1_6' title="bbox 334 650 1927 730">
    <p class='ocr_par' dir='ltr' id='par_1_6' title="bbox 334 650 1927 730">
     <span class='ocr_line' id='line_1_6' title="bbox 334 650 1927 730; baseline -0.005 -18"><span class='ocrx_word' id='word_1_28' title='bbox 334 657 477 730; x_wconf 71' lang='grc' dir='ltr'>δόξῃ</span> <span class='ocrx_word' id='word_1_29' title='bbox 497 657 618 711; x_wconf 79' lang='grc' dir='ltr'>κατ’</span> <span class='ocrx_word' id='word_1_30' title='bbox 657 657 962 726; x_wconf 79' lang='grc' dir='ltr'>ἐμπάθειαν</span> <span class='ocrx_word' id='word_1_31' title='bbox 989 653 1191 724; x_wconf 81' lang='grc' dir='ltr'>λέγειν.</span> <span class='ocrx_word' id='word_1_32' title='bbox 1235 655 1447 726; x_wconf 83' lang='grc' dir='ltr'>Ἦρέμα</span> <span class='ocrx_word' id='word_1_33' title='bbox 1477 653 1532 707; x_wconf 85' lang='grc' dir='ltr'><strong>δὲ</strong></span> <span class='ocrx_word' id='word_1_34' title='bbox 1567 653 1659 707; x_wconf 71' lang='grc' dir='ltr'>καὶ</span> <span class='ocrx_word' id='word_1_35' title='bbox 1680 650 1927 706; x_wconf 73' lang='grc' dir='ltr'>ἐπαινετ-</span> 
     </span>
    </p>
   </div>
   <div class='ocr_carea' id='block_1_7' title="bbox 337 741 1932 820">
    <p class='ocr_par' dir='ltr' id='par_1_7' title="bbox 337 741 1932 820">
     <span class='ocr_line' id='line_1_7' title="bbox 337 741 1932 820; baseline -0.006 -18"><span class='ocrx_word' id='word_1_36' title='bbox 337 766 502 802; x_wconf 86' lang='grc' dir='ltr'>τεται</span> <span class='ocrx_word' id='word_1_37' title='bbox 549 747 614 820; x_wconf 66' lang='lat' dir='ltr'><strong>ﬂ.</strong></span> <span class='ocrx_word' id='word_1_38' title='bbox 653 745 890 820; x_wconf 82' lang='grc' dir='ltr'>ῦπαιν.],</span> <span class='ocrx_word' id='word_1_39' title='bbox 932 746 1012 800; x_wconf 80' lang='grc' dir='ltr'>ὅτι</span> <span class='ocrx_word' id='word_1_40' title='bbox 1047 747 1076 800; x_wconf 98' lang='lat'><strong>6</strong></span> <span class='ocrx_word' id='word_1_41' title='bbox 1122 746 1221 817; x_wconf 83' lang='grc' dir='ltr'>μὲν</span> <span class='ocrx_word' id='word_1_42' title='bbox 1263 745 1400 809; x_wconf 78' lang='grc' dir='ltr'>Θεὸς</span> <span class='ocrx_word' id='word_1_43' title='bbox 1434 743 1696 816; x_wconf 75' lang='grc' dir='ltr'>ἠϐούλετο</span> <span class='ocrx_word' id='word_1_44' title='bbox 1732 741 1932 804; x_wconf 70' lang='grc' dir='ltr'>αὐτοὺς</span> 
     </span>
    </p>
   </div>
   <div class='ocr_carea' id='block_1_8' title="bbox 341 831 1930 909">
    <p class='ocr_par' dir='ltr' id='par_1_8' title="bbox 341 831 1930 909">
     <span class='ocr_line' id='line_1_8' title="bbox 341 831 1930 909; baseline -0.005 -16"><span class='ocrx_word' id='word_1_45' title='bbox 341 840 627 909; x_wconf 78' lang='grc' dir='ltr'>σωθῆναι·</span> <span class='ocrx_word' id='word_1_46' title='bbox 670 838 766 892; x_wconf 76' lang='grc' dir='ltr'><strong>καὶ</strong></span> <span class='ocrx_word' id='word_1_47' title='bbox 785 838 943 909; x_wconf 73' lang='grc' dir='ltr'>δῆλον</span> <span class='ocrx_word' id='word_1_48' title='bbox 974 840 1032 905; x_wconf 82' lang='grc' dir='ltr'>ἐξ</span> <span class='ocrx_word' id='word_1_49' title='bbox 1067 831 1143 896; x_wconf 78' lang='grc' dir='ltr'><strong>ὧν</strong></span> <span class='ocrx_word' id='word_1_50' title='bbox 1182 835 1461 899; x_wconf 74' lang='grc' dir='ltr'><strong>υἱοθεσίας</strong></span> <span class='ocrx_word' id='word_1_51' title='bbox 1494 835 1692 905; x_wconf 63' lang='grc' dir='ltr'><strong>ἠξίωσε</strong></span> <span class='ocrx_word' id='word_1_52' title='bbox 1725 835 1818 887; x_wconf 71' lang='grc' dir='ltr'>καὶ</span> <span class='ocrx_word' id='word_1_53' title='bbox 1845 832 1930 885; x_wconf 87' lang='grc' dir='ltr'>δό-</span> 
     </span>
    </p>
   </div>
   <div class='ocr_carea' id='block_1_9' title="bbox 341 919 1932 1002">
    <p class='ocr_par' dir='ltr' id='par_1_9' title="bbox 341 919 1932 1002">
     <span class='ocr_line' id='line_1_9' title="bbox 341 919 1932 1002; baseline -0.008 -17"><span class='ocrx_word' id='word_1_54' title='bbox 341 930 471 1002; x_wconf 81' lang='grc' dir='ltr'>ξης,</span> <span class='ocrx_word' id='word_1_55' title='bbox 496 929 590 982; x_wconf 76' lang='grc' dir='ltr'>καὶ</span> <span class='ocrx_word' id='word_1_56' title='bbox 618 929 679 994; x_wconf 75' lang='grc' dir='ltr'><strong>ἐξ</strong></span> <span class='ocrx_word' id='word_1_57' title='bbox 701 921 780 983; x_wconf 78' lang='grc' dir='ltr'><strong>ὧν</strong></span> <span class='ocrx_word' id='word_1_58' title='bbox 801 931 911 992; x_wconf 81' lang='grc' dir='ltr'>τοῖς</span> <span class='ocrx_word' id='word_1_59' title='bbox 935 928 1209 998; x_wconf 78' lang='grc' dir='ltr'><strong>πατράσιν</strong></span> <span class='ocrx_word' id='word_1_60' title='bbox 1231 923 1620 996; x_wconf 82' lang='grc' dir='ltr'>ἐπηγγείλατο,</span> <span class='ocrx_word' id='word_1_61' title='bbox 1642 921 1736 975; x_wconf 74' lang='grc' dir='ltr'>καὶ</span> <span class='ocrx_word' id='word_1_62' title='bbox 1762 919 1932 974; x_wconf 79' lang='grc' dir='ltr'>τᾶλλα</span> 
     </span>
    </p>
   </div>
   <div class='ocr_carea' id='block_1_10' title="bbox 344 1013 1932 1100">
    <p class='ocr_par' dir='ltr' id='par_1_10' title="bbox 344 1013 1932 1100">
     <span class='ocr_line' id='line_1_10' title="bbox 344 1013 1932 1100; baseline -0.006 -24"><span class='ocrx_word' id='word_1_63' title='bbox 344 1023 530 1100; x_wconf 77' lang='grc' dir='ltr'>πάντα</span> <span class='ocrx_word' id='word_1_64' title='bbox 580 1026 625 1054; x_wconf 76' lang='grc'><strong>’³</strong></span> <span class='ocrx_word' id='word_1_65' title='bbox 670 1021 924 1091; x_wconf 75' lang='grc' dir='ltr'><strong>ἐξαίρετα</strong></span> <span class='ocrx_word' id='word_1_66' title='bbox 959 1021 1143 1085; x_wconf 84' lang='grc' dir='ltr'>αὐτοῖς</span> <span class='ocrx_word' id='word_1_67' title='bbox 1185 1019 1356 1074; x_wconf 73' lang='grc' dir='ltr'>ἔδωκε</span> <span class='ocrx_word' id='word_1_68' title='bbox 1381 1058 1398 1083; x_wconf 91' lang='grc'><strong>,</strong></span> <span class='ocrx_word' id='word_1_69' title='bbox 1439 1017 1539 1071; x_wconf 76' lang='grc' dir='ltr'><strong>καὶ</strong></span> <span class='ocrx_word' id='word_1_70' title='bbox 1572 1016 1663 1070; x_wconf 75' lang='grc' dir='ltr'>τὸν</span> <span class='ocrx_word' id='word_1_71' title='bbox 1701 1013 1932 1086; x_wconf 77' lang='grc' dir='ltr'>Χριστὸν</span> 
     </span>
    </p>
   </div>
   <div class='ocr_carea' id='block_1_11' title="bbox 343 1106 1932 1185">
    <p class='ocr_par' dir='ltr' id='par_1_11' title="bbox 343 1106 1932 1185">
     <span class='ocr_line' id='line_1_11' title="bbox 343 1106 1932 1185; baseline -0.006 -17"><span class='ocrx_word' id='word_1_72' title='bbox 343 1116 414 1180; x_wconf 79' lang='grc' dir='ltr'>ἐξ</span> <span class='ocrx_word' id='word_1_73' title='bbox 445 1107 624 1168; x_wconf 78' lang='grc' dir='ltr'>αὐτῶν</span> <span class='ocrx_word' id='word_1_74' title='bbox 645 1115 978 1185; x_wconf 76' lang='grc' dir='ltr'><strong>γεννηθῆναι</strong></span> <span class='ocrx_word' id='word_1_75' title='bbox 1009 1113 1304 1182; x_wconf 76' lang='grc' dir='ltr'><strong>εὐδόκησεν</strong></span> <span class='ocrx_word' id='word_1_76' title='bbox 1335 1110 1523 1164; x_wconf 73' lang='grc' dir='ltr'>ἀὐτοὶ</span> <span class='ocrx_word' id='word_1_77' title='bbox 1553 1109 1611 1162; x_wconf 78' lang='grc' dir='ltr'>δὲ</span> <span class='ocrx_word' id='word_1_78' title='bbox 1645 1107 1746 1179; x_wconf 71' lang='grc' dir='ltr'>τὴν</span> <span class='ocrx_word' id='word_1_79' title='bbox 1772 1106 1932 1178; x_wconf 81' lang='grc' dir='ltr'>εὐερ-</span> 
     </span>
    </p>
   </div>
   <div class='ocr_carea' id='block_1_12' title="bbox 343 1199 1935 1277">
    <p class='ocr_par' dir='ltr' id='par_1_12' title="bbox 343 1199 1935 1277">
     <span class='ocr_line' id='line_1_12' title="bbox 343 1199 1935 1277; baseline -0.006 -17"><span class='ocrx_word' id='word_1_80' title='bbox 343 1207 546 1276; x_wconf 73' lang='grc' dir='ltr'>γεσίαν</span> <span class='ocrx_word' id='word_1_81' title='bbox 561 1206 1000 1277; x_wconf 77' lang='grc' dir='ltr'><strong>ἀπεκρούσαντο.</strong></span> <span class='ocrx_word' id='word_1_82' title='bbox 1025 1205 1116 1259; x_wconf 82' lang='grc' dir='ltr'><strong>Διὸ</strong></span> <span class='ocrx_word' id='word_1_83' title='bbox 1144 1204 1239 1258; x_wconf 69' lang='grc' dir='ltr'>καὶ</span> <span class='ocrx_word' id='word_1_84' title='bbox 1261 1201 1560 1272; x_wconf 73' lang='grc' dir='ltr'>ἐκπλαγεὶς</span> <span class='ocrx_word' id='word_1_85' title='bbox 1583 1201 1682 1271; x_wconf 84' lang='grc' dir='ltr'><strong>τὴν</strong></span> <span class='ocrx_word' id='word_1_86' title='bbox 1710 1199 1935 1268; x_wconf 81' lang='grc' dir='ltr'><strong>ἀγάπην</strong></span> 
     </span>
    </p>
   </div>
   <div class='ocr_carea' id='block_1_13' title="bbox 344 1291 1934 1367">
    <p class='ocr_par' dir='ltr' id='par_1_13' title="bbox 344 1291 1934 1367">
     <span class='ocr_line' id='line_1_13' title="bbox 344 1291 1934 1367; baseline -0.004 -19"><span class='ocrx_word' id='word_1_87' title='bbox 344 1295 449 1349; x_wconf 86' lang='grc' dir='ltr'><strong>τοῦ</strong></span> <span class='ocrx_word' id='word_1_88' title='bbox 479 1295 637 1364; x_wconf 77' lang='grc' dir='ltr'>Θεοῦ,</span> <span class='ocrx_word' id='word_1_89' title='bbox 683 1295 943 1367; x_wconf 82' lang='grc' dir='ltr'><strong>ἀναφέρει</strong></span> <span class='ocrx_word' id='word_1_90' title='bbox 972 1295 1051 1367; x_wconf 78' lang='grc' dir='ltr'>τῷ</span> <span class='ocrx_word' id='word_1_91' title='bbox 1094 1295 1393 1364; x_wconf 86' lang='grc' dir='ltr'>Μονογενεί</span> <span class='ocrx_word' id='word_1_92' title='bbox 1423 1293 1523 1363; x_wconf 79' lang='grc' dir='ltr'>τὴν</span> <span class='ocrx_word' id='word_1_93' title='bbox 1558 1291 1934 1362; x_wconf 74' lang='grc' dir='ltr'><strong>εὐχαριστίαν,</strong></span> 
     </span>
    </p>
   </div>
   <div class='ocr_carea' id='block_1_14' title="bbox 346 1383 1930 1458">
    <p class='ocr_par' dir='ltr' id='par_1_14' title="bbox 346 1383 1930 1458">
     <span class='ocr_line' id='line_1_14' title="bbox 346 1383 1930 1458; baseline -0.004 -18"><span class='ocrx_word' id='word_1_94' title='bbox 346 1387 450 1440; x_wconf 80' lang='grc' dir='ltr'><strong>καί</strong></span> <span class='ocrx_word' id='word_1_95' title='bbox 481 1405 647 1458; x_wconf 76' lang='grc' dir='ltr'>φησιν</span> <span class='ocrx_word' id='word_1_96' title='bbox 669 1403 683 1418; x_wconf 85' lang='grc'><em>’</em></span> <span class='ocrx_word' id='word_1_97' title='bbox 722 1405 740 1438; x_wconf 82' lang='grc' dir='ltr'><strong>ι</strong></span> <span class='ocrx_word' id='word_1_98' title='bbox 790 1388 847 1442; x_wconf 89' lang='grc' dir='ltr'>Ὀ</span> <span class='ocrx_word' id='word_1_99' title='bbox 887 1386 966 1440; x_wconf 82' lang='grc' dir='ltr'><strong>ὢν</strong></span> <span class='ocrx_word' id='word_1_100' title='bbox 995 1387 1089 1442; x_wconf 72' lang='grc' dir='ltr'><strong>ἐπὶ</strong></span> <span class='ocrx_word' id='word_1_101' title='bbox 1123 1385 1347 1440; x_wconf 83' lang='grc' dir='ltr'>πάντων</span> <span class='ocrx_word' id='word_1_102' title='bbox 1381 1384 1512 1448; x_wconf 81' lang='grc' dir='ltr'>Θεὸς</span> <span class='ocrx_word' id='word_1_103' title='bbox 1555 1383 1870 1452; x_wconf 75' lang='grc' dir='ltr'>εὐλογητός.</span> <span class='ocrx_word' id='word_1_104' title='bbox 1909 1400 1930 1433; x_wconf 73' lang='grc' dir='ltr'>ι</span> 
     </span>
    </p>
   </div>
   <div class='ocr_carea' id='block_1_15' title="bbox 345 1472 1939 1550">
    <p class='ocr_par' dir='ltr' id='par_1_15' title="bbox 345 1472 1939 1550">
     <span class='ocr_line' id='line_1_15' title="bbox 345 1472 1939 1550; baseline -0.003 -19"><span class='ocrx_word' id='word_1_105' title='bbox 345 1478 420 1531; x_wconf 77' lang='grc' dir='ltr'><strong>Εἰ</strong></span> <span class='ocrx_word' id='word_1_106' title='bbox 456 1477 565 1550; x_wconf 81' lang='grc' dir='ltr'><strong>γὰρ</strong></span> <span class='ocrx_word' id='word_1_107' title='bbox 600 1480 695 1532; x_wconf 78' lang='grc' dir='ltr'><strong>καὶ</strong></span> <span class='ocrx_word' id='word_1_108' title='bbox 721 1478 922 1549; x_wconf 75' lang='grc' dir='ltr'>ἕτεροι,</span> <span class='ocrx_word' id='word_1_109' title='bbox 952 1479 1113 1548; x_wconf 72' lang='grc' dir='ltr'>φησὶ,</span> <span class='ocrx_word' id='word_1_110' title='bbox 1141 1475 1581 1548; x_wconf 80' lang='grc' dir='ltr'><strong>βλασφημοῦσιν,</strong></span> <span class='ocrx_word' id='word_1_111' title='bbox 1611 1473 1687 1538; x_wconf 83' lang='grc' dir='ltr'>ὡς</span> <span class='ocrx_word' id='word_1_112' title='bbox 1720 1474 1820 1527; x_wconf 85' lang='grc' dir='ltr'><strong>οὐκ</strong></span> <span class='ocrx_word' id='word_1_113' title='bbox 1847 1472 1939 1526; x_wconf 86' lang='grc' dir='ltr'><strong>εὐ·-</strong></span> 
     </span>
    </p>
   </div>
   <div class='ocr_carea' id='block_1_16' title="bbox 344 1563 1939 1640">
    <p class='ocr_par' dir='ltr' id='par_1_16' title="bbox 344 1563 1939 1640">
     <span class='ocr_line' id='line_1_16' title="bbox 344 1563 1939 1640; baseline -0.003 -17"><span class='ocrx_word' id='word_1_114' title='bbox 344 1567 532 1637; x_wconf 76' lang='grc' dir='ltr'>λόγως</span> <span class='ocrx_word' id='word_1_115' title='bbox 553 1569 849 1640; x_wconf 77' lang='grc' dir='ltr'>γενομένης</span> <span class='ocrx_word' id='word_1_116' title='bbox 878 1571 976 1640; x_wconf 77' lang='grc' dir='ltr'>τῆς</span> <span class='ocrx_word' id='word_1_117' title='bbox 1007 1569 1320 1640; x_wconf 84' lang='grc' dir='ltr'>παραδοχῆς</span> <span class='ocrx_word' id='word_1_118' title='bbox 1364 1568 1472 1621; x_wconf 88' lang='grc' dir='ltr'><strong>τῶν</strong></span> <span class='ocrx_word' id='word_1_119' title='bbox 1524 1565 1692 1621; x_wconf 88' lang='grc' dir='ltr'>ἐθνῶν</span> <span class='ocrx_word' id='word_1_120' title='bbox 1721 1566 1791 1633; x_wconf 77' lang='grc'><strong>’³,</strong></span> <span class='ocrx_word' id='word_1_121' title='bbox 1822 1563 1939 1619; x_wconf 83' lang='grc' dir='ltr'>ἀλλ’</span> 
     </span>
    </p>
   </div>
   <div class='ocr_carea' id='block_1_17' title="bbox 349 1663 1935 1738">
    <p class='ocr_par' dir='ltr' id='par_1_17' title="bbox 349 1663 1935 1738">
     <span class='ocr_line' id='line_1_17' title="bbox 349 1663 1935 1738; baseline -0.003 -22"><span class='ocrx_word' id='word_1_122' title='bbox 349 1667 520 1735; x_wconf 75' lang='grc' dir='ltr'>ἡμεῖς</span> <span class='ocrx_word' id='word_1_123' title='bbox 541 1668 589 1720; x_wconf 80' lang='grc' dir='ltr'>οἱ</span> <span class='ocrx_word' id='word_1_124' title='bbox 618 1666 684 1720; x_wconf 84' lang='grc' dir='ltr'>τὰ</span> <span class='ocrx_word' id='word_1_125' title='bbox 721 1668 997 1738; x_wconf 81' lang='grc' dir='ltr'>μυστήρια</span> <span class='ocrx_word' id='word_1_126' title='bbox 1026 1665 1229 1728; x_wconf 79' lang='grc' dir='ltr'>εἰδότες</span> <span class='ocrx_word' id='word_1_127' title='bbox 1251 1665 1349 1718; x_wconf 88' lang='grc' dir='ltr'><strong>τοῦ</strong></span> <span class='ocrx_word' id='word_1_128' title='bbox 1380 1663 1644 1734; x_wconf 83' lang='grc' dir='ltr'>Χριστοῦ,</span> <span class='ocrx_word' id='word_1_129' title='bbox 1689 1663 1935 1731; x_wconf 79' lang='grc' dir='ltr'>οἴδαμεν,</span> 
     </span>
    </p>
   </div>
   <div class='ocr_carea' id='block_1_18' title="bbox 348 1755 1939 1825">
    <p class='ocr_par' dir='ltr' id='par_1_18' title="bbox 348 1755 1939 1825">
     <span class='ocr_line' id='line_1_18' title="bbox 348 1755 1939 1825; baseline -0.001 -17"><span class='ocrx_word' id='word_1_130' title='bbox 348 1757 440 1808; x_wconf 76' lang='grc' dir='ltr'><strong>ὅτι</strong></span> <span class='ocrx_word' id='word_1_131' title='bbox 467 1758 557 1809; x_wconf 84' lang='grc' dir='ltr'><strong>τοῦ</strong></span> <span class='ocrx_word' id='word_1_132' title='bbox 607 1757 925 1825; x_wconf 76' lang='grc' dir='ltr'>δοξάζεσθαι</span> <span class='ocrx_word' id='word_1_133' title='bbox 989 1758 1137 1814; x_wconf 79' lang='grc' dir='ltr'>ἔστιν</span> <span class='ocrx_word' id='word_1_134' title='bbox 1192 1756 1363 1822; x_wconf 80' lang='grc' dir='ltr'>ἄξιος.</span> <span class='ocrx_word' id='word_1_135' title='bbox 1414 1755 1522 1810; x_wconf 73' lang='grc' dir='ltr'><strong>Καὶ</strong></span> <span class='ocrx_word' id='word_1_136' title='bbox 1573 1755 1822 1809; x_wconf 85' lang='grc' dir='ltr'>ἐντεῦθεν</span> <span class='ocrx_word' id='word_1_137' title='bbox 1883 1755 1939 1807; x_wconf 79' lang='grc' dir='ltr'>δὲ</span> 
     </span>
    </p>
   </div>
   <div class='ocr_carea' id='block_1_19' title="bbox 349 1848 1938 1922">
    <p class='ocr_par' dir='ltr' id='par_1_19' title="bbox 349 1848 1938 1922">
     <span class='ocr_line' id='line_1_19' title="bbox 349 1848 1938 1922; baseline -0.003 -20"><span class='ocrx_word' id='word_1_138' title='bbox 349 1850 774 1920; x_wconf 76' lang='grc' dir='ltr'>καταισχύνεται</span> <span class='ocrx_word' id='word_1_139' title='bbox 809 1852 1053 1922; x_wconf 66' lang='grc' dir='ltr'>Ἄρειος,</span> <span class='ocrx_word' id='word_1_140' title='bbox 1086 1851 1182 1905; x_wconf 85' lang='grc' dir='ltr'>ἆτε</span> <span class='ocrx_word' id='word_1_141' title='bbox 1212 1849 1311 1903; x_wconf 88' lang='grc' dir='ltr'><strong>τοῦ</strong></span> <span class='ocrx_word' id='word_1_142' title='bbox 1335 1848 1551 1903; x_wconf 79' lang='grc' dir='ltr'>Παύλου</span> <span class='ocrx_word' id='word_1_143' title='bbox 1580 1849 1672 1903; x_wconf 75' lang='grc' dir='ltr'>τὸν</span> <span class='ocrx_word' id='word_1_144' title='bbox 1701 1848 1938 1918; x_wconf 68' lang='grc' dir='ltr'>Χριστὸν</span> 
     </span>
    </p>
   </div>
   <div class='ocr_carea' id='block_1_20' title="bbox 349 1942 1386 2014">
    <p class='ocr_par' dir='ltr' id='par_1_20' title="bbox 349 1942 1386 2014">
     <span class='ocr_line' id='line_1_20' title="bbox 349 1942 1386 2014; baseline 0 -20"><span class='ocrx_word' id='word_1_145' title='bbox 349 1942 454 1995; x_wconf 78' lang='grc' dir='ltr'>ἐπὶ</span> <span class='ocrx_word' id='word_1_146' title='bbox 487 1943 700 1996; x_wconf 82' lang='grc' dir='ltr'>πάντων</span> <span class='ocrx_word' id='word_1_147' title='bbox 728 1942 862 1997; x_wconf 63' lang='grc' dir='ltr'>Θεδν</span> <span class='ocrx_word' id='word_1_148' title='bbox 892 1943 1386 2014; x_wconf 77' lang='grc' dir='ltr'>ἁνακηρύττοντος.</span> 
     </span>
    </p>
   </div>
   <div class='ocr_carea' id='block_1_21' title="bbox 440 2118 1937 2193">
    <p class='ocr_par' dir='ltr' id='par_1_21' title="bbox 440 2118 1937 2193">
     <span class='ocr_line' id='line_1_21' title="bbox 440 2118 1937 2193; baseline -0.004 -13"><span class='ocrx_word' id='word_1_149' title='bbox 440 2141 461 2180; x_wconf 73' lang='grc' dir='ltr'>ι</span> <span class='ocrx_word' id='word_1_150' title='bbox 488 2124 598 2193; x_wconf 73' lang='grc' dir='ltr'><strong>Οὐχ</strong></span> <span class='ocrx_word' id='word_1_151' title='bbox 625 2118 736 2177; x_wconf 73' lang='grc' dir='ltr'>οἷον</span> <span class='ocrx_word' id='word_1_152' title='bbox 767 2122 822 2177; x_wconf 79' lang='grc' dir='ltr'>δὲ</span> <span class='ocrx_word' id='word_1_153' title='bbox 859 2125 940 2178; x_wconf 85' lang='grc' dir='ltr'>ὅτι</span> <span class='ocrx_word' id='word_1_154' title='bbox 969 2123 1326 2179; x_wconf 78' lang='grc' dir='ltr'>ἐκπέπτωκεν</span> <span class='ocrx_word' id='word_1_155' title='bbox 1349 2125 1378 2178; x_wconf 90' lang='lat'><strong>6</strong></span> <span class='ocrx_word' id='word_1_156' title='bbox 1409 2124 1566 2192; x_wconf 80' lang='grc' dir='ltr'>λόγος</span> <span class='ocrx_word' id='word_1_157' title='bbox 1604 2123 1698 2176; x_wconf 81' lang='grc' dir='ltr'><strong>τοῦ</strong></span> <span class='ocrx_word' id='word_1_158' title='bbox 1729 2121 1886 2176; x_wconf 84' lang='grc' dir='ltr'>Θεοῦ.</span> <span class='ocrx_word' id='word_1_159' title='bbox 1921 2143 1937 2173; x_wconf 76' lang='grc' dir='ltr'>ι</span> 
     </span>
    </p>
   </div>
   <div class='ocr_carea' id='block_1_22' title="bbox 367 2211 1946 2286">
    <p class='ocr_par' dir='ltr' id='par_1_22' title="bbox 367 2211 1946 2286">
     <span class='ocr_line' id='line_1_22' title="bbox 367 2211 1946 2286; baseline -0.002 -20"><span class='ocrx_word' id='word_1_160' title='bbox 367 2212 518 2281; x_wconf 81' lang='grc' dir='ltr'><strong>Ἐγὼ</strong></span> <span class='ocrx_word' id='word_1_161' title='bbox 555 2212 676 2283; x_wconf 82' lang='grc' dir='ltr'>μὲν,</span> <span class='ocrx_word' id='word_1_162' title='bbox 725 2214 898 2282; x_wconf 74' lang='grc' dir='ltr'>φησὶ,</span> <span class='ocrx_word' id='word_1_163' title='bbox 945 2213 1287 2283; x_wconf 80' lang='grc' dir='ltr'>διακαίομαι,</span> <span class='ocrx_word' id='word_1_164' title='bbox 1339 2215 1422 2269; x_wconf 86' lang='grc' dir='ltr'>ὅτι</span> <span class='ocrx_word' id='word_1_165' title='bbox 1482 2214 1888 2286; x_wconf 72' lang='grc' dir='ltr'>βλασφημεῖται</span> <span class='ocrx_word' id='word_1_166' title='bbox 1919 2211 1946 2263; x_wconf 90' lang='lat'><strong>6</strong></span> 
     </span>
    </p>
   </div>
   <div class='ocr_carea' id='block_1_23' title="bbox 353 2301 1948 2376">
    <p class='ocr_par' dir='ltr' id='par_1_23' title="bbox 353 2301 1948 2376">
     <span class='ocr_line' id='line_1_23' title="bbox 353 2301 1948 2376; baseline -0.001 -19"><span class='ocrx_word' id='word_1_167' title='bbox 353 2304 518 2366; x_wconf 82' lang='grc' dir='ltr'>Θεὸς.</span> <span class='ocrx_word' id='word_1_168' title='bbox 552 2304 645 2359; x_wconf 71' lang='grc' dir='ltr'><strong>καὶ</strong></span> <span class='ocrx_word' id='word_1_169' title='bbox 669 2303 860 2376; x_wconf 71' lang='grc' dir='ltr'>ἤθελον</span> <span class='ocrx_word' id='word_1_170' title='bbox 883 2303 974 2358; x_wconf 77' lang='grc' dir='ltr'>διὰ</span> <span class='ocrx_word' id='word_1_171' title='bbox 994 2303 1151 2358; x_wconf 88' lang='grc' dir='ltr'>τοῦτο</span> <span class='ocrx_word' id='word_1_172' title='bbox 1181 2305 1268 2360; x_wconf 78' lang='grc' dir='ltr'>ἵνα</span> <span class='ocrx_word' id='word_1_173' title='bbox 1293 2305 1494 2368; x_wconf 82' lang='grc' dir='ltr'>πάντες</span> <span class='ocrx_word' id='word_1_174' title='bbox 1521 2303 1738 2358; x_wconf 87' lang='grc' dir='ltr'>σωθῶσι</span> <span class='ocrx_word' id='word_1_175' title='bbox 1757 2319 1772 2334; x_wconf 75' lang='grc'><strong><em>⁸</em></strong></span> <span class='ocrx_word' id='word_1_176' title='bbox 1808 2301 1948 2373; x_wconf 80' lang='grc' dir='ltr'>πλὴν</span> 
     </span>
    </p>
   </div>
   <div class='ocr_carea' id='block_1_24' title="bbox 350 2392 1948 2466">
    <p class='ocr_par' dir='ltr' id='par_1_24' title="bbox 350 2392 1948 2466">
     <span class='ocr_line' id='line_1_24' title="bbox 350 2392 1948 2466; baseline 0 -20"><span class='ocrx_word' id='word_1_177' title='bbox 350 2397 415 2446; x_wconf 70' lang='grc' dir='ltr'>εἰ</span> <span class='ocrx_word' id='word_1_178' title='bbox 439 2395 534 2446; x_wconf 71' lang='grc' dir='ltr'><strong>καὶ</strong></span> <span class='ocrx_word' id='word_1_179' title='bbox 565 2395 640 2466; x_wconf 80' lang='grc' dir='ltr'>μὴ</span> <span class='ocrx_word' id='word_1_180' title='bbox 667 2394 866 2460; x_wconf 83' lang='grc' dir='ltr'>πάντες</span> <span class='ocrx_word' id='word_1_181' title='bbox 901 2394 1188 2460; x_wconf 76' lang='grc' dir='ltr'>σώζονται,</span> <span class='ocrx_word' id='word_1_182' title='bbox 1225 2395 1286 2448; x_wconf 84' lang='grc' dir='ltr'><strong>οὐ</strong></span> <span class='ocrx_word' id='word_1_183' title='bbox 1323 2394 1475 2466; x_wconf 74' lang='grc' dir='ltr'>παρὰ</span> <span class='ocrx_word' id='word_1_184' title='bbox 1497 2392 1655 2446; x_wconf 88' lang='grc' dir='ltr'>τοῦτο</span> <span class='ocrx_word' id='word_1_185' title='bbox 1679 2392 1948 2463; x_wconf 77' lang='grc' dir='ltr'>ἐψεύσατο</span> 
     </span>
    </p>
   </div>
   <div class='ocr_carea' id='block_1_25' title="bbox 357 2483 1948 2560">
    <p class='ocr_par' dir='ltr' id='par_1_25' title="bbox 357 2483 1948 2560">
     <span class='ocr_line' id='line_1_25' title="bbox 357 2483 1948 2560; baseline -0.001 -21"><span class='ocrx_word' id='word_1_186' title='bbox 357 2490 391 2540; x_wconf 86' lang='grc' dir='ltr'>ὁ</span> <span class='ocrx_word' id='word_1_187' title='bbox 445 2487 598 2552; x_wconf 81' lang='grc' dir='ltr'>Θεὸς,</span> <span class='ocrx_word' id='word_1_188' title='bbox 653 2488 737 2558; x_wconf 80' lang='grc' dir='ltr'><strong>ἐφ’</strong></span> <span class='ocrx_word' id='word_1_189' title='bbox 770 2484 850 2552; x_wconf 76' lang='grc' dir='ltr'>οἷς</span> <span class='ocrx_word' id='word_1_190' title='bbox 897 2489 1269 2560; x_wconf 77' lang='grc' dir='ltr'>ἐπηγγείλατο</span> <span class='ocrx_word' id='word_1_191' title='bbox 1318 2489 1431 2552; x_wconf 87' lang='grc' dir='ltr'>τοῖς</span> <span class='ocrx_word' id='word_1_192' title='bbox 1470 2487 1775 2558; x_wconf 73' lang='grc' dir='ltr'>πατράσιν,</span> <span class='ocrx_word' id='word_1_193' title='bbox 1829 2483 1948 2538; x_wconf 72' lang='grc' dir='ltr'>οὐδὲ</span> 
     </span>
    </p>
   </div>
   <div class='ocr_carea' id='block_1_26' title="bbox 357 2578 1948 2651">
    <p class='ocr_par' dir='ltr' id='par_1_26' title="bbox 357 2578 1948 2651">
     <span class='ocr_line' id='line_1_26' title="bbox 357 2578 1948 2651; baseline -0.001 -19"><span class='ocrx_word' id='word_1_194' title='bbox 357 2579 746 2642; x_wconf 76' lang='grc' dir='ltr'>διαπέπτωκεν</span> <span class='ocrx_word' id='word_1_195' title='bbox 799 2583 828 2636; x_wconf 87' lang='grc' dir='ltr'>ὁ</span> <span class='ocrx_word' id='word_1_196' title='bbox 871 2580 1030 2650; x_wconf 84' lang='grc' dir='ltr'>λόγος</span> <span class='ocrx_word' id='word_1_197' title='bbox 1075 2581 1267 2636; x_wconf 83' lang='grc' dir='ltr'>αὑτοῦ.</span> <span class='ocrx_word' id='word_1_198' title='bbox 1317 2582 1381 2633; x_wconf 92' lang='grc' dir='ltr'><strong>Ὃ</strong></span> <span class='ocrx_word' id='word_1_199' title='bbox 1406 2580 1516 2651; x_wconf 85' lang='grc' dir='ltr'>γὰρ</span> <span class='ocrx_word' id='word_1_200' title='bbox 1561 2578 1948 2650; x_wconf 76' lang='grc' dir='ltr'>ἐπηγγείλατο,</span> 
     </span>
    </p>
   </div>
   <div class='ocr_carea' id='block_1_27' title="bbox 360 2669 1953 2744">
    <p class='ocr_par' dir='ltr' id='par_1_27' title="bbox 360 2669 1953 2744">
     <span class='ocr_line' id='line_1_27' title="bbox 360 2669 1953 2744; baseline 0.001 -22"><span class='ocrx_word' id='word_1_201' title='bbox 360 2674 464 2723; x_wconf 75' lang='grc' dir='ltr'>καὶ</span> <span class='ocrx_word' id='word_1_202' title='bbox 504 2673 755 2744; x_wconf 76' lang='grc' dir='ltr'>ἐποίησεο</span> <span class='ocrx_word' id='word_1_203' title='bbox 788 2673 892 2726; x_wconf 73' lang='grc' dir='ltr'>κᾶν</span> <span class='ocrx_word' id='word_1_204' title='bbox 921 2674 974 2726; x_wconf 80' lang='grc' dir='ltr'><strong>οι</strong></span> <span class='ocrx_word' id='word_1_205' title='bbox 994 2672 1442 2743; x_wconf 78' lang='grc' dir='ltr'>βλασφημοῦντες</span> <span class='ocrx_word' id='word_1_206' title='bbox 1473 2672 1724 2739; x_wconf 82' lang='grc' dir='ltr'><strong>λέγωσιν,</strong></span> <span class='ocrx_word' id='word_1_207' title='bbox 1753 2672 1833 2724; x_wconf 81' lang='grc' dir='ltr'>ὅτι</span> <span class='ocrx_word' id='word_1_208' title='bbox 1859 2669 1953 2734; x_wconf 75' lang='grc' dir='ltr'><strong>ἄλ-</strong></span> 
     </span>
    </p>
   </div>
   <div class='ocr_carea' id='block_1_28' title="bbox 359 2763 1952 2838">
    <p class='ocr_par' dir='ltr' id='par_1_28' title="bbox 359 2763 1952 2838">
     <span class='ocr_line' id='line_1_28' title="bbox 359 2763 1952 2838; baseline 0 -24"><span class='ocrx_word' id='word_1_209' title='bbox 359 2763 482 2826; x_wconf 66' lang='grc' dir='ltr'>λοις</span> <span class='ocrx_word' id='word_1_210' title='bbox 532 2765 931 2838; x_wconf 81' lang='grc' dir='ltr'>ἐπηγγείλατο,</span> <span class='ocrx_word' id='word_1_211' title='bbox 977 2766 1075 2820; x_wconf 77' lang='grc' dir='ltr'><strong>καὶ</strong></span> <span class='ocrx_word' id='word_1_212' title='bbox 1132 2764 1316 2830; x_wconf 78' lang='grc' dir='ltr'>ἄλλοις</span> <span class='ocrx_word' id='word_1_213' title='bbox 1348 2764 1572 2821; x_wconf 79' lang='grc' dir='ltr'>ἔδωκεν.</span> <span class='ocrx_word' id='word_1_214' title='bbox 1611 2765 1811 2818; x_wconf 79' lang='grc' dir='ltr'>Ἀκουε</span> <span class='ocrx_word' id='word_1_215' title='bbox 1843 2763 1952 2832; x_wconf 85' lang='grc' dir='ltr'><strong>γὰρ</strong></span> 
     </span>
    </p>
   </div>
   <div class='ocr_carea' id='block_1_29' title="bbox 362 2854 675 2924">
    <p class='ocr_par' dir='ltr' id='par_1_29' title="bbox 362 2854 675 2924">
     <span class='ocr_line' id='line_1_29' title="bbox 362 2854 675 2924; baseline 0 -18"><span class='ocrx_word' id='word_1_216' title='bbox 362 2854 478 2906; x_wconf 80' lang='grc' dir='ltr'>’τῶν</span> <span class='ocrx_word' id='word_1_217' title='bbox 513 2854 637 2924; x_wconf 74' lang='grc' dir='ltr'><strong>ἑξῆς</strong></span> <span class='ocrx_word' id='word_1_218' title='bbox 660 2871 675 2888; x_wconf 88' lang='grc'><strong>·</strong></span> 
     </span>
    </p>
   </div>
   <div class='ocr_carea' id='block_1_30' title="bbox 446 2942 1949 3021">
    <p class='ocr_par' dir='ltr' id='par_1_30' title="bbox 446 2942 1949 3021">
     <span class='ocr_line' id='line_1_30' title="bbox 446 2942 1949 3021; baseline 0.002 -25"><span class='ocrx_word' id='word_1_219' title='bbox 446 2966 463 2996; x_wconf 76' lang='grc' dir='ltr'><strong>ι</strong></span> <span class='ocrx_word' id='word_1_220' title='bbox 510 2948 581 2999; x_wconf 78' lang='grc' dir='ltr'><strong>Οὐ</strong></span> <span class='ocrx_word' id='word_1_221' title='bbox 610 2949 719 3018; x_wconf 75' lang='grc' dir='ltr'><strong>γὰρ</strong></span> <span class='ocrx_word' id='word_1_222' title='bbox 763 2947 963 3014; x_wconf 84' lang='grc' dir='ltr'>πάντες</span> <span class='ocrx_word' id='word_1_223' title='bbox 999 2950 1051 3002; x_wconf 81' lang='grc' dir='ltr'><strong>οἱ</strong></span> <span class='ocrx_word' id='word_1_224' title='bbox 1098 2949 1154 3016; x_wconf 82' lang='grc' dir='ltr'>ἐξ</span> <span class='ocrx_word' id='word_1_225' title='bbox 1199 2948 1452 3021; x_wconf 83' lang='grc' dir='ltr'>Ἰσραὴλ,</span> <span class='ocrx_word' id='word_1_226' title='bbox 1514 2942 1661 3005; x_wconf 75' lang='grc' dir='ltr'>οὗτοι</span> <span class='ocrx_word' id='word_1_227' title='bbox 1699 2946 1949 3019; x_wconf 73' lang='grc' dir='ltr'>Ἰσραήλ·</span> 
     </span>
    </p>
   </div>
   <div class='ocr_carea' id='block_1_31' title="bbox 363 3037 1954 3112">
    <p class='ocr_par' dir='ltr' id='par_1_31' title="bbox 363 3037 1954 3112">
     <span class='ocr_line' id='line_1_31' title="bbox 363 3037 1954 3112; baseline 0.002 -23"><span class='ocrx_word' id='word_1_228' title='bbox 363 3037 478 3090; x_wconf 78' lang='grc' dir='ltr'>οὑδ⁴</span> <span class='ocrx_word' id='word_1_229' title='bbox 501 3039 581 3092; x_wconf 78' lang='grc' dir='ltr'>ὅτι</span> <span class='ocrx_word' id='word_1_230' title='bbox 619 3041 726 3092; x_wconf 77' lang='grc' dir='ltr'>εἰσὶ</span> <span class='ocrx_word' id='word_1_231' title='bbox 765 3041 988 3112; x_wconf 73' lang='grc' dir='ltr'>σπέρμα</span> <span class='ocrx_word' id='word_1_232' title='bbox 1039 3041 1326 3112; x_wconf 74' lang='grc' dir='ltr'>Ἀὕραὰμ,</span> <span class='ocrx_word' id='word_1_233' title='bbox 1365 3043 1568 3104; x_wconf 81' lang='grc' dir='ltr'>πάντες</span> <span class='ocrx_word' id='word_1_234' title='bbox 1611 3040 1802 3097; x_wconf 85' lang='grc' dir='ltr'>τέκνα.</span> <span class='ocrx_word' id='word_1_235' title='bbox 1835 3058 1854 3091; x_wconf 73' lang='grc' dir='ltr'><strong>ι</strong></span> <span class='ocrx_word' id='word_1_236' title='bbox 1890 3039 1954 3092; x_wconf 80' lang='grc' dir='ltr'><strong>’Ὀ</strong></span> 
     </span>
    </p>
   </div>
   <div class='ocr_carea' id='block_1_32' title="bbox 363 3128 1952 3204">
    <p class='ocr_par' dir='ltr' id='par_1_32' title="bbox 363 3128 1952 3204">
     <span class='ocr_line' id='line_1_32' title="bbox 363 3128 1952 3204; baseline 0.001 -26"><span class='ocrx_word' id='word_1_237' title='bbox 363 3128 758 3196; x_wconf 78' lang='grc' dir='ltr'>ἐπηγγείλατο,</span> <span class='ocrx_word' id='word_1_238' title='bbox 811 3131 1003 3204; x_wconf 81' lang='grc' dir='ltr'>φησὶν,</span> <span class='ocrx_word' id='word_1_239' title='bbox 1055 3130 1084 3182; x_wconf 88' lang='lat'><strong>6</strong></span> <span class='ocrx_word' id='word_1_240' title='bbox 1125 3129 1290 3197; x_wconf 79' lang='grc' dir='ltr'>Θεὸς,</span> <span class='ocrx_word' id='word_1_241' title='bbox 1322 3128 1482 3182; x_wconf 87' lang='grc' dir='ltr'>τοῦτο</span> <span class='ocrx_word' id='word_1_242' title='bbox 1524 3128 1621 3182; x_wconf 73' lang='grc' dir='ltr'>καὶ</span> <span class='ocrx_word' id='word_1_243' title='bbox 1673 3128 1952 3199; x_wconf 75' lang='grc' dir='ltr'>ἐποίησεν.</span> 
     </span>
    </p>
   </div>
   <div class='ocr_carea' id='block_1_33' title="bbox 367 3213 1948 3294">
    <p class='ocr_par' dir='ltr' id='par_1_33' title="bbox 367 3213 1948 3294">
     <span class='ocr_line' id='line_1_33' title="bbox 367 3213 1948 3294; baseline 0.001 -24"><span class='ocrx_word' id='word_1_244' title='bbox 367 3213 514 3270; x_wconf 81' lang='grc' dir='ltr'>Εἷπε</span> <span class='ocrx_word' id='word_1_245' title='bbox 541 3219 681 3288; x_wconf 77' lang='grc' dir='ltr'>γὰρ,</span> <span class='ocrx_word' id='word_1_246' title='bbox 711 3219 794 3272; x_wconf 82' lang='grc' dir='ltr'><strong>ὅτι</strong></span> <span class='ocrx_word' id='word_1_247' title='bbox 831 3237 851 3271; x_wconf 83' lang='grc' dir='ltr'><strong>ι</strong></span> <span class='ocrx_word' id='word_1_248' title='bbox 886 3221 978 3274; x_wconf 77' lang='grc' dir='ltr'><strong>Σοὶ</strong></span> <span class='ocrx_word' id='word_1_249' title='bbox 1023 3220 1122 3274; x_wconf 75' lang='grc' dir='ltr'><strong>καὶ</strong></span> <span class='ocrx_word' id='word_1_250' title='bbox 1151 3220 1228 3294; x_wconf 80' lang='grc' dir='ltr'>τῷ</span> <span class='ocrx_word' id='word_1_251' title='bbox 1263 3220 1543 3291; x_wconf 78' lang='grc' dir='ltr'>σπέρματι</span> <span class='ocrx_word' id='word_1_252' title='bbox 1569 3235 1664 3270; x_wconf 86' lang='grc' dir='ltr'><strong>σου</strong></span> <span class='ocrx_word' id='word_1_253' title='bbox 1707 3217 1884 3274; x_wconf 84' lang='grc' dir='ltr'><strong>δώσω.</strong></span> <span class='ocrx_word' id='word_1_254' title='bbox 1929 3237 1948 3271; x_wconf 74' lang='grc' dir='ltr'>ι</span> 
     </span>
    </p>
   </div>
   <div class='ocr_carea' id='block_1_34' title="bbox 2037 647 3616 720">
    <p class='ocr_par' dir='ltr' id='par_1_34' title="bbox 2037 647 3616 720">
     <span class='ocr_line' id='line_1_34' title="bbox 2037 647 3616 720; baseline -0.004 -12"><span class='ocrx_word' id='word_1_255' title='bbox 2037 651 2169 718; x_wconf 83' lang='lat' dir='ltr'><strong>dixi,</strong></span> <span class='ocrx_word' id='word_1_256' title='bbox 2209 665 2274 705; x_wconf 82' lang='lat' dir='ltr'><strong>ex</strong></span> <span class='ocrx_word' id='word_1_257' title='bbox 2303 649 2520 716; x_wconf 78' lang='lat' dir='ltr'><strong>allecto,</strong></span> <span class='ocrx_word' id='word_1_258' title='bbox 2569 651 2651 706; x_wconf 98' lang='lat' dir='ltr'><strong>vel</strong></span> <span class='ocrx_word' id='word_1_259' title='bbox 2697 650 3116 720; x_wconf 74' lang='lat' dir='ltr'><strong>perturbatione</strong></span> <span class='ocrx_word' id='word_1_260' title='bbox 3144 647 3338 714; x_wconf 89' lang='lat' dir='ltr'><strong>animi,</strong></span> <span class='ocrx_word' id='word_1_261' title='bbox 3368 647 3452 704; x_wconf 86' lang='lat' dir='ltr'><strong>vel</strong></span> <span class='ocrx_word' id='word_1_262' title='bbox 3488 649 3616 704; x_wconf 92' lang='lat' dir='ltr'><strong>odio</strong></span> 
     </span>
    </p>
   </div>
   <div class='ocr_carea' id='block_1_35' title="bbox 2037 741 3619 816">
    <p class='ocr_par' dir='ltr' id='par_1_35' title="bbox 2037 741 3619 816">
     <span class='ocr_line' id='line_1_35' title="bbox 2037 741 3619 816; baseline -0.004 -17"><span class='ocrx_word' id='word_1_263' title='bbox 2037 745 2205 814; x_wconf 84' lang='lat' dir='ltr'><strong>loqui.</strong></span> <span class='ocrx_word' id='word_1_264' title='bbox 2237 744 2423 800; x_wconf 88' lang='lat' dir='ltr'><strong>Tacite</strong></span> <span class='ocrx_word' id='word_1_265' title='bbox 2459 755 2636 800; x_wconf 88' lang='lat' dir='ltr'><strong>autem</strong></span> <span class='ocrx_word' id='word_1_266' title='bbox 2669 746 2866 811; x_wconf 86' lang='lat' dir='ltr'><strong>innuit,</strong></span> <span class='ocrx_word' id='word_1_267' title='bbox 2902 745 3044 816; x_wconf 90' lang='lat' dir='ltr'><strong>quod</strong></span> <span class='ocrx_word' id='word_1_268' title='bbox 3070 744 3212 798; x_wconf 88' lang='lat' dir='ltr'><strong>Deus</strong></span> <span class='ocrx_word' id='word_1_269' title='bbox 3243 741 3361 797; x_wconf 92' lang='lat' dir='ltr'><strong>illos</strong></span> <span class='ocrx_word' id='word_1_270' title='bbox 3394 755 3619 797; x_wconf 86' lang='lat' dir='ltr'><strong>servare</strong></span> 
     </span>
    </p>
   </div>
   <div class='ocr_carea' id='block_1_36' title="bbox 2038 832 3614 907">
    <p class='ocr_par' dir='ltr' id='par_1_36' title="bbox 2038 832 3614 907">
     <span class='ocr_line' id='line_1_36' title="bbox 2038 832 3614 907; baseline -0.004 -15"><span class='ocrx_word' id='word_1_271' title='bbox 2038 838 2272 894; x_wconf 89' lang='lat' dir='ltr'><strong>voluerit</strong></span> <span class='ocrx_word' id='word_1_272' title='bbox 2305 856 2317 892; x_wconf 86' lang='lat'><strong>:</strong></span> <span class='ocrx_word' id='word_1_273' title='bbox 2361 838 2502 907; x_wconf 89' lang='lat' dir='ltr'><strong>quod</strong></span> <span class='ocrx_word' id='word_1_274' title='bbox 2547 837 2671 894; x_wconf 88' lang='lat' dir='ltr'><strong>inde</strong></span> <span class='ocrx_word' id='word_1_275' title='bbox 2706 837 2840 894; x_wconf 79' lang='lat' dir='ltr'><strong>satis</strong></span> <span class='ocrx_word' id='word_1_276' title='bbox 2872 836 3165 907; x_wconf 74' lang='lat' dir='ltr'><strong>colligitur,</strong></span> <span class='ocrx_word' id='word_1_277' title='bbox 3202 837 3327 904; x_wconf 91' lang='lat' dir='ltr'><strong>quia</strong></span> <span class='ocrx_word' id='word_1_278' title='bbox 3361 832 3482 888; x_wconf 89' lang='lat' dir='ltr'><strong>illos</strong></span> <span class='ocrx_word' id='word_1_279' title='bbox 3515 832 3614 886; x_wconf 81' lang='lat' dir='ltr'><strong>ad-</strong></span> 
     </span>
    </p>
   </div>
   <div class='ocr_carea' id='block_1_37' title="bbox 2040 925 3615 1002">
    <p class='ocr_par' dir='ltr' id='par_1_37' title="bbox 2040 925 3615 1002">
     <span class='ocr_line' id='line_1_37' title="bbox 2040 925 3615 1002; baseline -0.006 -15"><span class='ocrx_word' id='word_1_280' title='bbox 2040 933 2260 1002; x_wconf 86' lang='lat' dir='ltr'><strong>optione</strong></span> <span class='ocrx_word' id='word_1_281' title='bbox 2279 930 2514 985; x_wconf 83' lang='lat' dir='ltr'><strong>ﬁliorum</strong></span> <span class='ocrx_word' id='word_1_282' title='bbox 2539 932 2788 1001; x_wconf 81' lang='lat' dir='ltr'><strong>dignatus</strong></span> <span class='ocrx_word' id='word_1_283' title='bbox 2813 939 2970 986; x_wconf 87' lang='lat' dir='ltr'><strong>estet</strong></span> <span class='ocrx_word' id='word_1_284' title='bbox 3000 927 3192 1000; x_wconf 80' lang='lat' dir='ltr'><strong>gloria,</strong></span> <span class='ocrx_word' id='word_1_285' title='bbox 3213 935 3266 981; x_wconf 93' lang='lat' dir='ltr'><strong>et</strong></span> <span class='ocrx_word' id='word_1_286' title='bbox 3288 925 3410 996; x_wconf 85' lang='lat' dir='ltr'><strong>quia</strong></span> <span class='ocrx_word' id='word_1_287' title='bbox 3444 925 3615 994; x_wconf 88' lang='lat' dir='ltr'><strong>patri-</strong></span> 
     </span>
    </p>
   </div>
   <div class='ocr_carea' id='block_1_38' title="bbox 2040 1012 3618 1091">
    <p class='ocr_par' dir='ltr' id='par_1_38' title="bbox 2040 1012 3618 1091">
     <span class='ocr_line' id='line_1_38' title="bbox 2040 1012 3618 1091; baseline -0.006 -15"><span class='ocrx_word' id='word_1_288' title='bbox 2040 1021 2142 1077; x_wconf 87' lang='lat' dir='ltr'><strong>bus</strong></span> <span class='ocrx_word' id='word_1_289' title='bbox 2165 1022 2557 1091; x_wconf 89' lang='lat' dir='ltr'><strong>promissiones</strong></span> <span class='ocrx_word' id='word_1_290' title='bbox 2590 1020 2800 1087; x_wconf 81' lang='lat' dir='ltr'><strong>fecerit,</strong></span> <span class='ocrx_word' id='word_1_291' title='bbox 2835 1020 3051 1090; x_wconf 87' lang='lat' dir='ltr'><strong>aliaque</strong></span> <span class='ocrx_word' id='word_1_292' title='bbox 3083 1015 3264 1071; x_wconf 84' lang='lat' dir='ltr'><strong>omnia</strong></span> <span class='ocrx_word' id='word_1_293' title='bbox 3298 1012 3618 1069; x_wconf 70' lang='lat' dir='ltr'><strong>excellentia</strong></span> 
     </span>
    </p>
   </div>
   <div class='ocr_carea' id='block_1_39' title="bbox 2043 1105 3622 1182">
    <p class='ocr_par' dir='ltr' id='par_1_39' title="bbox 2043 1105 3622 1182">
     <span class='ocr_line' id='line_1_39' title="bbox 2043 1105 3622 1182; baseline -0.004 -16"><span class='ocrx_word' id='word_1_294' title='bbox 2043 1112 2122 1167; x_wconf 88' lang='lat' dir='ltr'><strong>eis</strong></span> <span class='ocrx_word' id='word_1_295' title='bbox 2155 1110 2911 1182; x_wconf 87' lang='lat' dir='ltr'><strong>impertierit,Christumque</strong></span> <span class='ocrx_word' id='word_1_296' title='bbox 2933 1109 3067 1164; x_wconf 87' lang='lat' dir='ltr'><strong>adeo</strong></span> <span class='ocrx_word' id='word_1_297' title='bbox 3097 1122 3162 1164; x_wconf 84' lang='lat' dir='ltr'><strong>ex</strong></span> <span class='ocrx_word' id='word_1_298' title='bbox 3196 1106 3326 1178; x_wconf 89' lang='lat' dir='ltr'><strong>ipsis</strong></span> <span class='ocrx_word' id='word_1_299' title='bbox 3356 1105 3500 1162; x_wconf 88' lang='lat' dir='ltr'><strong>nasci</strong></span> <span class='ocrx_word' id='word_1_300' title='bbox 3524 1119 3622 1160; x_wconf 87' lang='lat' dir='ltr'><strong>vo-</strong></span> 
     </span>
    </p>
   </div>
   <div class='ocr_carea' id='block_1_40' title="bbox 2043 1195 3623 1274">
    <p class='ocr_par' dir='ltr' id='par_1_40' title="bbox 2043 1195 3623 1274">
     <span class='ocr_line' id='line_1_40' title="bbox 2043 1195 3623 1274; baseline -0.004 -15"><span class='ocrx_word' id='word_1_301' title='bbox 2043 1204 2223 1268; x_wconf 90' lang='lat' dir='ltr'><strong>luerit,</strong></span> <span class='ocrx_word' id='word_1_302' title='bbox 2253 1219 2438 1260; x_wconf 84' lang='lat' dir='ltr'><strong>verum</strong></span> <span class='ocrx_word' id='word_1_303' title='bbox 2481 1205 2581 1274; x_wconf 88' lang='lat' dir='ltr'><strong>ipsi</strong></span> <span class='ocrx_word' id='word_1_304' title='bbox 2613 1213 2760 1258; x_wconf 87' lang='lat' dir='ltr'><strong>tanta</strong></span> <span class='ocrx_word' id='word_1_305' title='bbox 2789 1201 3050 1259; x_wconf 83' lang='lat' dir='ltr'><strong>beneﬁcia</strong></span> <span class='ocrx_word' id='word_1_306' title='bbox 3095 1199 3432 1271; x_wconf 79' lang='lat' dir='ltr'><strong>repulerunt.</strong></span> <span class='ocrx_word' id='word_1_307' title='bbox 3474 1195 3623 1264; x_wconf 82' lang='lat' dir='ltr'><strong>Quo-</strong></span> 
     </span>
    </p>
   </div>
   <div class='ocr_carea' id='block_1_41' title="bbox 2046 1288 3624 1354">
    <p class='ocr_par' dir='ltr' id='par_1_41' title="bbox 2046 1288 3624 1354">
     <span class='ocr_line' id='line_1_41' title="bbox 2046 1288 3624 1354; baseline -0.004 -4"><span class='ocrx_word' id='word_1_308' title='bbox 2046 1297 2189 1351; x_wconf 74' lang='lat' dir='ltr'><strong>circa</strong></span> <span class='ocrx_word' id='word_1_309' title='bbox 2225 1297 2544 1351; x_wconf 87' lang='lat' dir='ltr'><strong>immensam</strong></span> <span class='ocrx_word' id='word_1_310' title='bbox 2595 1296 2687 1351; x_wconf 86' lang='lat' dir='ltr'><strong>Dei</strong></span> <span class='ocrx_word' id='word_1_311' title='bbox 2739 1295 3081 1350; x_wconf 79' lang='lat' dir='ltr'><strong>dilectionem</strong></span> <span class='ocrx_word' id='word_1_312' title='bbox 3123 1291 3442 1354; x_wconf 86' lang='lat' dir='ltr'><strong>demiratus,</strong></span> <span class='ocrx_word' id='word_1_313' title='bbox 3489 1288 3624 1344; x_wconf 84' lang='lat' dir='ltr'><strong>Uni-</strong></span> 
     </span>
    </p>
   </div>
   <div class='ocr_carea' id='block_1_42' title="bbox 2046 1380 3626 1460">
    <p class='ocr_par' dir='ltr' id='par_1_42' title="bbox 2046 1380 3626 1460">
     <span class='ocr_line' id='line_1_42' title="bbox 2046 1380 3626 1460; baseline -0.006 -17"><span class='ocrx_word' id='word_1_314' title='bbox 2046 1389 2227 1460; x_wconf 79' lang='lat' dir='ltr'><strong>geuito</strong></span> <span class='ocrx_word' id='word_1_315' title='bbox 2259 1388 2556 1459; x_wconf 83' lang='lat' dir='ltr'><strong>gratiarum</strong></span> <span class='ocrx_word' id='word_1_316' title='bbox 2605 1387 2873 1442; x_wconf 83' lang='lat' dir='ltr'><strong>actionem</strong></span> <span class='ocrx_word' id='word_1_317' title='bbox 2910 1385 3094 1452; x_wconf 81' lang='lat' dir='ltr'><strong>refert,</strong></span> <span class='ocrx_word' id='word_1_318' title='bbox 3125 1381 3420 1454; x_wconf 84' lang='lat' dir='ltr'><strong>inquiens:</strong></span> <span class='ocrx_word' id='word_1_319' title='bbox 3462 1400 3482 1434; x_wconf 85' lang='grc' dir='ltr'><strong>ι</strong></span> <span class='ocrx_word' id='word_1_320' title='bbox 3521 1380 3626 1447; x_wconf 88' lang='lat' dir='ltr'><strong>Qui</strong></span> 
     </span>
    </p>
   </div>
   <div class='ocr_carea' id='block_1_43' title="bbox 2045 1471 3626 1547">
    <p class='ocr_par' dir='ltr' id='par_1_43' title="bbox 2045 1471 3626 1547">
     <span class='ocr_line' id='line_1_43' title="bbox 2045 1471 3626 1547; baseline -0.006 -12"><span class='ocrx_word' id='word_1_321' title='bbox 2045 1489 2128 1534; x_wconf 89' lang='lat' dir='ltr'><strong>est</strong></span> <span class='ocrx_word' id='word_1_322' title='bbox 2150 1493 2314 1547; x_wconf 87' lang='lat' dir='ltr'><strong>super</strong></span> <span class='ocrx_word' id='word_1_323' title='bbox 2363 1479 2548 1533; x_wconf 89' lang='lat' dir='ltr'><strong>omnia</strong></span> <span class='ocrx_word' id='word_1_324' title='bbox 2582 1479 2725 1533; x_wconf 91' lang='lat' dir='ltr'><strong>Deus</strong></span> <span class='ocrx_word' id='word_1_325' title='bbox 2758 1477 3096 1533; x_wconf 84' lang='lat' dir='ltr'><strong>benedictus.</strong></span> <span class='ocrx_word' id='word_1_326' title='bbox 3136 1493 3156 1527; x_wconf 74' lang='grc' dir='ltr'>ι</span> <span class='ocrx_word' id='word_1_327' title='bbox 3193 1471 3306 1528; x_wconf 85' lang='lat' dir='ltr'><strong>Etsi</strong></span> <span class='ocrx_word' id='word_1_328' title='bbox 3340 1472 3484 1527; x_wconf 89' lang='lat' dir='ltr'><strong>enim</strong></span> <span class='ocrx_word' id='word_1_329' title='bbox 3535 1471 3626 1527; x_wconf 85' lang='lat' dir='ltr'><strong>alii</strong></span> 
     </span>
    </p>
   </div>
   <div class='ocr_carea' id='block_1_44' title="bbox 2046 1567 3628 1642">
    <p class='ocr_par' dir='ltr' id='par_1_44' title="bbox 2046 1567 3628 1642">
     <span class='ocr_line' id='line_1_44' title="bbox 2046 1567 3628 1642; baseline -0.003 -17"><span class='ocrx_word' id='word_1_330' title='bbox 2046 1571 2436 1638; x_wconf 77' lang='lat' dir='ltr'><strong>ronvicientur,</strong></span> <span class='ocrx_word' id='word_1_331' title='bbox 2479 1571 2676 1642; x_wconf 88' lang='lat' dir='ltr'><strong>inquit,</strong></span> <span class='ocrx_word' id='word_1_332' title='bbox 2709 1586 2816 1626; x_wconf 92' lang='lat' dir='ltr'><strong>non</strong></span> <span class='ocrx_word' id='word_1_333' title='bbox 2852 1568 3133 1625; x_wconf 85' lang='lat' dir='ltr'><strong>commode</strong></span> <span class='ocrx_word' id='word_1_334' title='bbox 3177 1567 3378 1624; x_wconf 82' lang='lat' dir='ltr'><strong>factam</strong></span> <span class='ocrx_word' id='word_1_335' title='bbox 3412 1580 3628 1622; x_wconf 85' lang='lat' dir='ltr'><strong>assum-</strong></span> 
     </span>
    </p>
   </div>
   <div class='ocr_carea' id='block_1_45' title="bbox 2045 1659 3630 1736">
    <p class='ocr_par' dir='ltr' id='par_1_45' title="bbox 2045 1659 3630 1736">
     <span class='ocr_line' id='line_1_45' title="bbox 2045 1659 3630 1736; baseline -0.004 -17"><span class='ocrx_word' id='word_1_336' title='bbox 2045 1665 2282 1736; x_wconf 87' lang='lat' dir='ltr'><strong>ptiouem</strong></span> <span class='ocrx_word' id='word_1_337' title='bbox 2314 1665 2577 1736; x_wconf 77' lang='lat' dir='ltr'><strong>gentium,</strong></span> <span class='ocrx_word' id='word_1_338' title='bbox 2628 1680 2726 1720; x_wconf 92' lang='lat' dir='ltr'><strong>nos</strong></span> <span class='ocrx_word' id='word_1_339' title='bbox 2758 1674 2938 1719; x_wconf 88' lang='lat' dir='ltr'><strong>tamen</strong></span> <span class='ocrx_word' id='word_1_340' title='bbox 2983 1662 3186 1719; x_wconf 81' lang='lat' dir='ltr'><strong>Christi</strong></span> <span class='ocrx_word' id='word_1_341' title='bbox 3225 1661 3477 1732; x_wconf 86' lang='lat' dir='ltr'><strong>mysteria</strong></span> <span class='ocrx_word' id='word_1_342' title='bbox 3531 1659 3630 1726; x_wconf 76' lang='lat' dir='ltr'><strong>ha-</strong></span> 
     </span>
    </p>
   </div>
   <div class='ocr_carea' id='block_1_46' title="bbox 2048 1749 3629 1825">
    <p class='ocr_par' dir='ltr' id='par_1_46' title="bbox 2048 1749 3629 1825">
     <span class='ocr_line' id='line_1_46' title="bbox 2048 1749 3629 1825; baseline -0.003 -16"><span class='ocrx_word' id='word_1_343' title='bbox 2048 1761 2236 1811; x_wconf 85' lang='lat' dir='ltr'><strong>bentes</strong></span> <span class='ocrx_word' id='word_1_344' title='bbox 2272 1755 2570 1825; x_wconf 82' lang='lat' dir='ltr'><strong>explorata,</strong></span> <span class='ocrx_word' id='word_1_345' title='bbox 2605 1755 2809 1810; x_wconf 82' lang='lat' dir='ltr'><strong>scimus</strong></span> <span class='ocrx_word' id='word_1_346' title='bbox 2849 1753 2992 1822; x_wconf 88' lang='lat' dir='ltr'><strong>quod</strong></span> <span class='ocrx_word' id='word_1_347' title='bbox 3038 1754 3157 1824; x_wconf 88' lang='lat' dir='ltr'><strong>ipse</strong></span> <span class='ocrx_word' id='word_1_348' title='bbox 3189 1752 3381 1823; x_wconf 85' lang='lat' dir='ltr'><strong>dignus</strong></span> <span class='ocrx_word' id='word_1_349' title='bbox 3413 1751 3484 1806; x_wconf 93' lang='lat' dir='ltr'><strong>sit</strong></span> <span class='ocrx_word' id='word_1_350' title='bbox 3514 1749 3629 1820; x_wconf 81' lang='lat' dir='ltr'><strong>glo-</strong></span> 
     </span>
    </p>
   </div>
   <div class='ocr_carea' id='block_1_47' title="bbox 2048 1842 3630 1916">
    <p class='ocr_par' dir='ltr' id='par_1_47' title="bbox 2048 1842 3630 1916">
     <span class='ocr_line' id='line_1_47' title="bbox 2048 1842 3630 1916; baseline -0.001 -18"><span class='ocrx_word' id='word_1_351' title='bbox 2048 1846 2125 1900; x_wconf 90' lang='lat' dir='ltr'><strong>ria</strong></span> <span class='ocrx_word' id='word_1_352' title='bbox 2160 1857 2212 1900; x_wconf 89' lang='lat' dir='ltr'><strong>et</strong></span> <span class='ocrx_word' id='word_1_353' title='bbox 2241 1847 2532 1916; x_wconf 69' lang='lat' dir='ltr'><strong>praeconio.</strong></span> <span class='ocrx_word' id='word_1_354' title='bbox 2577 1846 2673 1901; x_wconf 71' lang='lat' dir='ltr'><strong>llic</strong></span> <span class='ocrx_word' id='word_1_355' title='bbox 2707 1860 2834 1900; x_wconf 88' lang='lat' dir='ltr'><strong>vero</strong></span> <span class='ocrx_word' id='word_1_356' title='bbox 2878 1846 3066 1899; x_wconf 80' lang='lat' dir='ltr'><strong>Arium</strong></span> <span class='ocrx_word' id='word_1_357' title='bbox 3102 1842 3364 1915; x_wconf 84' lang='lat' dir='ltr'><strong>pudelleri</strong></span> <span class='ocrx_word' id='word_1_358' title='bbox 3405 1855 3630 1898; x_wconf 84' lang='lat' dir='ltr'><strong>necesse</strong></span> 
     </span>
    </p>
   </div>
   <div class='ocr_carea' id='block_1_48' title="bbox 1971 1933 3630 2009">
    <p class='ocr_par' dir='ltr' id='par_1_48' title="bbox 1971 1933 3630 2009">
     <span class='ocr_line' id='line_1_48' title="bbox 1971 1933 3630 2009; baseline -0.003 -16"><span class='ocrx_word' id='word_1_359' title='bbox 1971 1949 2018 2009; x_wconf 82' lang='grc' dir='ltr'>Β</span> <span class='ocrx_word' id='word_1_360' title='bbox 2048 1947 2148 2004; x_wconf 80' lang='lat' dir='ltr'><strong>est,</strong></span> <span class='ocrx_word' id='word_1_361' title='bbox 2180 1938 2344 1992; x_wconf 80' lang='lat' dir='ltr'><strong>Paulo</strong></span> <span class='ocrx_word' id='word_1_362' title='bbox 2374 1954 2566 2008; x_wconf 88' lang='lat' dir='ltr'><strong>nempe</strong></span> <span class='ocrx_word' id='word_1_363' title='bbox 2590 1937 2871 1994; x_wconf 83' lang='lat' dir='ltr'><strong>Christum</strong></span> <span class='ocrx_word' id='word_1_364' title='bbox 2906 1953 3072 2008; x_wconf 82' lang='lat' dir='ltr'><strong>super</strong></span> <span class='ocrx_word' id='word_1_365' title='bbox 3096 1938 3276 1992; x_wconf 88' lang='lat' dir='ltr'><strong>omnia</strong></span> <span class='ocrx_word' id='word_1_366' title='bbox 3312 1933 3479 1991; x_wconf 90' lang='lat' dir='ltr'><strong>Deum</strong></span> <span class='ocrx_word' id='word_1_367' title='bbox 3504 1950 3630 2006; x_wconf 84' lang='lat' dir='ltr'><strong>pro-</strong></span> 
     </span>
    </p>
   </div>
   <div class='ocr_carea' id='block_1_49' title="bbox 2050 2031 2802 2090">
    <p class='ocr_par' dir='ltr' id='par_1_49' title="bbox 2050 2031 2802 2090">
     <span class='ocr_line' id='line_1_49' title="bbox 2050 2031 2802 2090; baseline 0.008 -6"><span class='ocrx_word' id='word_1_368' title='bbox 2050 2031 2343 2086; x_wconf 81' lang='lat' dir='ltr'><strong>clamante.</strong></span> <span class='ocrx_word' id='word_1_369' title='bbox 2799 2087 2802 2090; x_wconf 83' lang='lat'><strong>.</strong></span> 
     </span>
    </p>
   </div>
   <div class='ocr_carea' id='block_1_50' title="bbox 2127 2123 3628 2193">
    <p class='ocr_par' dir='ltr' id='par_1_50' title="bbox 2127 2123 3628 2193">
     <span class='ocr_line' id='line_1_50' title="bbox 2127 2123 3628 2193; baseline -0.005 -15"><span class='ocrx_word' id='word_1_370' title='bbox 2127 2124 2288 2179; x_wconf 70' lang='lat' dir='ltr'><strong>Vens.</strong></span> <span class='ocrx_word' id='word_1_371' title='bbox 2324 2125 2377 2178; x_wconf 85' lang='grc'><strong>6.</strong></span> <span class='ocrx_word' id='word_1_372' title='bbox 2411 2141 2430 2175; x_wconf 81' lang='grc' dir='ltr'><strong>ι</strong></span> <span class='ocrx_word' id='word_1_373' title='bbox 2480 2123 2596 2178; x_wconf 86' lang='lat' dir='ltr'><strong>Non</strong></span> <span class='ocrx_word' id='word_1_374' title='bbox 2655 2133 2836 2178; x_wconf 76' lang='lat' dir='ltr'><strong>autem</strong></span> <span class='ocrx_word' id='word_1_375' title='bbox 2880 2123 3024 2193; x_wconf 86' lang='lat' dir='ltr'><strong>quod</strong></span> <span class='ocrx_word' id='word_1_376' title='bbox 3083 2123 3348 2178; x_wconf 78' lang='lat' dir='ltr'><strong>exciderit</strong></span> <span class='ocrx_word' id='word_1_377' title='bbox 3405 2123 3628 2177; x_wconf 82' lang='lat' dir='ltr'><strong>verbum</strong></span> 
     </span>
    </p>
   </div>
   <div class='ocr_carea' id='block_1_51' title="bbox 2052 2211 3632 2285">
    <p class='ocr_par' dir='ltr' id='par_1_51' title="bbox 2052 2211 3632 2285">
     <span class='ocr_line' id='line_1_51' title="bbox 2052 2211 3632 2285; baseline -0.004 -15"><span class='ocrx_word' id='word_1_378' title='bbox 2052 2215 2166 2270; x_wconf 90' lang='lat' dir='ltr'><strong>Dei.</strong></span> <span class='ocrx_word' id='word_1_379' title='bbox 2207 2233 2226 2266; x_wconf 76' lang='grc' dir='ltr'>ι</span> <span class='ocrx_word' id='word_1_380' title='bbox 2269 2213 2400 2285; x_wconf 75' lang='lat' dir='ltr'><strong>Ego,</strong></span> <span class='ocrx_word' id='word_1_381' title='bbox 2430 2213 2624 2283; x_wconf 91' lang='lat' dir='ltr'><strong>inquit,</strong></span> <span class='ocrx_word' id='word_1_382' title='bbox 2656 2227 2782 2268; x_wconf 88' lang='lat' dir='ltr'><strong>uror</strong></span> <span class='ocrx_word' id='word_1_383' title='bbox 2820 2221 2873 2268; x_wconf 90' lang='lat' dir='ltr'><strong>et</strong></span> <span class='ocrx_word' id='word_1_384' title='bbox 2904 2211 3128 2284; x_wconf 76' lang='lat' dir='ltr'><strong>alliigor,</strong></span> <span class='ocrx_word' id='word_1_385' title='bbox 3158 2215 3302 2284; x_wconf 86' lang='lat' dir='ltr'><strong>quod</strong></span> <span class='ocrx_word' id='word_1_386' title='bbox 3341 2212 3483 2266; x_wconf 80' lang='lat' dir='ltr'><strong>Deus</strong></span> <span class='ocrx_word' id='word_1_387' title='bbox 3519 2211 3632 2266; x_wconf 75' lang='grc' dir='ltr'>ιιει.</span> 
     </span>
    </p>
   </div>
   <div class='ocr_carea' id='block_1_52' title="bbox 2049 2304 3629 2376">
    <p class='ocr_par' dir='ltr' id='par_1_52' title="bbox 2049 2304 3629 2376">
     <span class='ocr_line' id='line_1_52' title="bbox 2049 2304 3629 2376; baseline -0.002 -15"><span class='ocrx_word' id='word_1_388' title='bbox 2049 2306 2384 2376; x_wconf 85' lang='lat' dir='ltr'><strong>spltematur.</strong></span> <span class='ocrx_word' id='word_1_389' title='bbox 2412 2321 2474 2362; x_wconf 86' lang='lat' dir='ltr'><strong>ac</strong></span> <span class='ocrx_word' id='word_1_390' title='bbox 2502 2315 2788 2376; x_wconf 87' lang='lat' dir='ltr'><strong>eapropter</strong></span> <span class='ocrx_word' id='word_1_391' title='bbox 2811 2306 2993 2376; x_wconf 89' lang='lat' dir='ltr'><strong>optavi</strong></span> <span class='ocrx_word' id='word_1_392' title='bbox 3053 2320 3243 2360; x_wconf 89' lang='lat' dir='ltr'><strong>omnes</strong></span> <span class='ocrx_word' id='word_1_393' title='bbox 3276 2305 3453 2360; x_wconf 83' lang='lat' dir='ltr'><strong>salvos</strong></span> <span class='ocrx_word' id='word_1_394' title='bbox 3491 2304 3629 2358; x_wconf 88' lang='lat' dir='ltr'><strong>lieri.</strong></span> 
     </span>
    </p>
   </div>
   <div class='ocr_carea' id='block_1_53' title="bbox 2051 2398 3630 2464">
    <p class='ocr_par' dir='ltr' id='par_1_53' title="bbox 2051 2398 3630 2464">
     <span class='ocr_line' id='line_1_53' title="bbox 2051 2398 3630 2464; baseline -0.003 -10"><span class='ocrx_word' id='word_1_395' title='bbox 2051 2398 2249 2455; x_wconf 81' lang='lat' dir='ltr'><strong>Verum</strong></span> <span class='ocrx_word' id='word_1_396' title='bbox 2282 2400 2325 2454; x_wconf 90' lang='lat' dir='ltr'><strong>si</strong></span> <span class='ocrx_word' id='word_1_397' title='bbox 2379 2415 2484 2454; x_wconf 90' lang='lat' dir='ltr'><strong>non</strong></span> <span class='ocrx_word' id='word_1_398' title='bbox 2523 2413 2714 2453; x_wconf 89' lang='lat' dir='ltr'><strong>omnes</strong></span> <span class='ocrx_word' id='word_1_399' title='bbox 2757 2406 3065 2464; x_wconf 82' lang='lat' dir='ltr'><strong>serventur,</strong></span> <span class='ocrx_word' id='word_1_400' title='bbox 3117 2412 3237 2452; x_wconf 87' lang='lat' dir='ltr'><strong>eam</strong></span> <span class='ocrx_word' id='word_1_401' title='bbox 3269 2398 3338 2454; x_wconf 92' lang='lat' dir='ltr'><strong>ob</strong></span> <span class='ocrx_word' id='word_1_402' title='bbox 3385 2413 3494 2453; x_wconf 91' lang='lat' dir='ltr'><strong>rem</strong></span> <span class='ocrx_word' id='word_1_403' title='bbox 3527 2413 3630 2452; x_wconf 87' lang='lat' dir='ltr'><strong>non</strong></span> 
     </span>
    </p>
   </div>
   <div class='ocr_carea' id='block_1_54' title="bbox 2050 2489 3632 2561">
    <p class='ocr_par' dir='ltr' id='par_1_54' title="bbox 2050 2489 3632 2561">
     <span class='ocr_line' id='line_1_54' title="bbox 2050 2489 3632 2561; baseline -0.003 -13"><span class='ocrx_word' id='word_1_404' title='bbox 2050 2503 2136 2548; x_wconf 90' lang='lat' dir='ltr'><strong>est</strong></span> <span class='ocrx_word' id='word_1_405' title='bbox 2175 2491 2434 2547; x_wconf 88' lang='lat' dir='ltr'><strong>mentitus</strong></span> <span class='ocrx_word' id='word_1_406' title='bbox 2469 2492 2612 2546; x_wconf 87' lang='lat' dir='ltr'><strong>Deus</strong></span> <span class='ocrx_word' id='word_1_407' title='bbox 2639 2491 2691 2545; x_wconf 90' lang='lat' dir='ltr'><strong>in</strong></span> <span class='ocrx_word' id='word_1_408' title='bbox 2723 2491 2789 2544; x_wconf 87' lang='lat' dir='ltr'><strong>iis</strong></span> <span class='ocrx_word' id='word_1_409' title='bbox 2825 2505 2943 2560; x_wconf 72' lang='lat' dir='ltr'><strong>quae</strong></span> <span class='ocrx_word' id='word_1_410' title='bbox 2971 2489 3218 2559; x_wconf 88' lang='lat' dir='ltr'><strong>promisit</strong></span> <span class='ocrx_word' id='word_1_411' title='bbox 3241 2489 3507 2561; x_wconf 85' lang='lat' dir='ltr'><strong>patribus,</strong></span> <span class='ocrx_word' id='word_1_412' title='bbox 3534 2504 3632 2544; x_wconf 82' lang='lat' dir='ltr'><strong>nc-</strong></span> 
     </span>
    </p>
   </div>
   <div class='ocr_carea' id='block_1_55' title="bbox 2051 2579 3633 2656">
    <p class='ocr_par' dir='ltr' id='par_1_55' title="bbox 2051 2579 3633 2656">
     <span class='ocr_line' id='line_1_55' title="bbox 2051 2579 3633 2656; baseline -0.002 -19"><span class='ocrx_word' id='word_1_413' title='bbox 2051 2600 2157 2656; x_wconf 83' lang='lat' dir='ltr'><strong>que</strong></span> <span class='ocrx_word' id='word_1_414' title='bbox 2177 2584 2380 2640; x_wconf 79' lang='lat' dir='ltr'><strong>excidit</strong></span> <span class='ocrx_word' id='word_1_415' title='bbox 2405 2582 2624 2637; x_wconf 88' lang='lat' dir='ltr'><strong>verbum</strong></span> <span class='ocrx_word' id='word_1_416' title='bbox 2662 2581 2798 2652; x_wconf 87' lang='lat' dir='ltr'><strong>ejus.</strong></span> <span class='ocrx_word' id='word_1_417' title='bbox 2843 2579 2998 2648; x_wconf 85' lang='lat' dir='ltr'><strong>Quod</strong></span> <span class='ocrx_word' id='word_1_418' title='bbox 3029 2581 3172 2635; x_wconf 89' lang='lat' dir='ltr'><strong>enim</strong></span> <span class='ocrx_word' id='word_1_419' title='bbox 3209 2581 3481 2652; x_wconf 88' lang='lat' dir='ltr'><strong>promisit,</strong></span> <span class='ocrx_word' id='word_1_420' title='bbox 3527 2580 3633 2635; x_wconf 89' lang='lat' dir='ltr'><strong>hoc</strong></span> 
     </span>
    </p>
   </div>
   <div class='ocr_carea' id='block_1_56' title="bbox 2050 2673 3635 2748">
    <p class='ocr_par' dir='ltr' id='par_1_56' title="bbox 2050 2673 3635 2748">
     <span class='ocr_line' id='line_1_56' title="bbox 2050 2673 3635 2748; baseline -0.003 -16"><span class='ocrx_word' id='word_1_421' title='bbox 2050 2677 2214 2732; x_wconf 88' lang='lat' dir='ltr'><strong>etiam</strong></span> <span class='ocrx_word' id='word_1_422' title='bbox 2241 2676 2528 2748; x_wconf 65' lang='lat' dir='ltr'><strong>praestitit:</strong></span> <span class='ocrx_word' id='word_1_423' title='bbox 2555 2675 2768 2730; x_wconf 85' lang='lat' dir='ltr'><strong>etiamsi</strong></span> <span class='ocrx_word' id='word_1_424' title='bbox 2799 2674 3046 2729; x_wconf 84' lang='lat' dir='ltr'><strong>maledici</strong></span> <span class='ocrx_word' id='word_1_425' title='bbox 3079 2673 3297 2739; x_wconf 82' lang='lat' dir='ltr'><strong>dicant,</strong></span> <span class='ocrx_word' id='word_1_426' title='bbox 3337 2673 3479 2743; x_wconf 92' lang='lat' dir='ltr'><strong>quod</strong></span> <span class='ocrx_word' id='word_1_427' title='bbox 3513 2673 3635 2728; x_wconf 82' lang='lat' dir='ltr'><strong>aliis</strong></span> 
     </span>
    </p>
   </div>
   <div class='ocr_carea' id='block_1_57' title="bbox 2053 2763 3636 2836">
    <p class='ocr_par' dir='ltr' id='par_1_57' title="bbox 2053 2763 3636 2836">
     <span class='ocr_line' id='line_1_57' title="bbox 2053 2763 3636 2836; baseline -0.001 -16"><span class='ocrx_word' id='word_1_428' title='bbox 2053 2768 2401 2836; x_wconf 83' lang='lat' dir='ltr'><strong>promiserit,</strong></span> <span class='ocrx_word' id='word_1_429' title='bbox 2462 2764 2609 2835; x_wconf 9' lang='lat' dir='ltr'><strong>aliis,</strong></span> <span class='ocrx_word' id='word_1_430' title='bbox 2648 2779 2780 2821; x_wconf 84' lang='lat' dir='ltr'><strong>vero</strong></span> <span class='ocrx_word' id='word_1_431' title='bbox 2839 2764 3071 2820; x_wconf 90' lang='lat' dir='ltr'><strong>dederit.</strong></span> <span class='ocrx_word' id='word_1_432' title='bbox 3130 2763 3269 2818; x_wconf 80' lang='lat' dir='ltr'><strong>Audi</strong></span> <span class='ocrx_word' id='word_1_433' title='bbox 3329 2764 3475 2817; x_wconf 87' lang='lat' dir='ltr'><strong>enim</strong></span> <span class='ocrx_word' id='word_1_434' title='bbox 3545 2779 3636 2820; x_wconf 84' lang='lat' dir='ltr'><strong>sc-</strong></span> 
     </span>
    </p>
   </div>
   <div class='ocr_carea' id='block_1_58' title="bbox 2055 2849 3088 2929">
    <p class='ocr_par' dir='ltr' id='par_1_58' title="bbox 2055 2849 3088 2929">
     <span class='ocr_line' id='line_1_58' title="bbox 2055 2849 3088 2929; baseline 0.012 -19"><span class='ocrx_word' id='word_1_435' title='bbox 2055 2858 2299 2929; x_wconf 88' lang='lat' dir='ltr'><strong>quentia.</strong></span> <span class='ocrx_word' id='word_1_436' title='bbox 3085 2849 3088 2854; x_wconf 49' lang='grc'><em>’</em></span> 
     </span>
    </p>
   </div>
   <div class='ocr_carea' id='block_1_59' title="bbox 2131 2947 3638 3019">
    <p class='ocr_par' dir='ltr' id='par_1_59' title="bbox 2131 2947 3638 3019">
     <span class='ocr_line' id='line_1_59' title="bbox 2131 2947 3638 3019; baseline -0.002 -14"><span class='ocrx_word' id='word_1_437' title='bbox 2131 2951 2293 3006; x_wconf 68' lang='lat' dir='ltr'><strong>Vens.</strong></span> <span class='ocrx_word' id='word_1_438' title='bbox 2325 2950 2378 3006; x_wconf 85' lang='lat'>6.</span> <span class='ocrx_word' id='word_1_439' title='bbox 2419 2969 2436 3003; x_wconf 84' lang='grc' dir='ltr'>ι</span> <span class='ocrx_word' id='word_1_440' title='bbox 2470 2949 2588 3004; x_wconf 86' lang='grc' dir='ltr'>Νοη</span> <span class='ocrx_word' id='word_1_441' title='bbox 2629 2948 2772 3004; x_wconf 88' lang='lat' dir='ltr'><strong>enim</strong></span> <span class='ocrx_word' id='word_1_442' title='bbox 2808 2963 2998 3004; x_wconf 85' lang='lat' dir='ltr'><strong>omnes</strong></span> <span class='ocrx_word' id='word_1_443' title='bbox 3025 2949 3116 3018; x_wconf 86' lang='lat' dir='ltr'><strong>qui</strong></span> <span class='ocrx_word' id='word_1_444' title='bbox 3143 2965 3208 3004; x_wconf 75' lang='lat' dir='ltr'><strong>ex</strong></span> <span class='ocrx_word' id='word_1_445' title='bbox 3237 2947 3426 3013; x_wconf 79' lang='lat' dir='ltr'><strong>Israel,</strong></span> <span class='ocrx_word' id='word_1_446' title='bbox 3457 2947 3638 3019; x_wconf 67' lang='grc' dir='ltr'><strong>ωδε</strong></span> 
     </span>
    </p>
   </div>
   <div class='ocr_carea' id='block_1_60' title="bbox 2055 3040 3637 3112">
    <p class='ocr_par' dir='ltr' id='par_1_60' title="bbox 2055 3040 3637 3112">
     <span class='ocr_line' id='line_1_60' title="bbox 2055 3040 3637 3112; baseline -0.003 -14"><span class='ocrx_word' id='word_1_447' title='bbox 2055 3044 2310 3100; x_wconf 63' lang='grc' dir='ltr'>ιετοειίιω</span> <span class='ocrx_word' id='word_1_448' title='bbox 2342 3061 2357 3099; x_wconf 87' lang='lat'><strong>:</strong></span> <span class='ocrx_word' id='word_1_449' title='bbox 2394 3057 2569 3112; x_wconf 88' lang='lat' dir='ltr'><strong>neque</strong></span> <span class='ocrx_word' id='word_1_450' title='bbox 2596 3043 2724 3112; x_wconf 84' lang='lat' dir='ltr'><strong>quia</strong></span> <span class='ocrx_word' id='word_1_451' title='bbox 2751 3049 2878 3096; x_wconf 90' lang='lat' dir='ltr'><strong>sunt</strong></span> <span class='ocrx_word' id='word_1_452' title='bbox 2917 3055 3102 3096; x_wconf 89' lang='lat' dir='ltr'><strong>semen</strong></span> <span class='ocrx_word' id='word_1_453' title='bbox 3139 3040 3459 3106; x_wconf 86' lang='lat' dir='ltr'><strong>Abrahami,</strong></span> <span class='ocrx_word' id='word_1_454' title='bbox 3510 3054 3637 3110; x_wconf 86' lang='lat' dir='ltr'><strong>pro-</strong></span> 
     </span>
    </p>
   </div>
   <div class='ocr_carea' id='block_1_61' title="bbox 2058 3131 3637 3204">
    <p class='ocr_par' dir='ltr' id='par_1_61' title="bbox 2058 3131 3637 3204">
     <span class='ocr_line' id='line_1_61' title="bbox 2058 3131 3637 3204; baseline -0.004 -14"><span class='ocrx_word' id='word_1_455' title='bbox 2058 3145 2242 3204; x_wconf 77' lang='lat' dir='ltr'><strong>ptenea</strong></span> <span class='ocrx_word' id='word_1_456' title='bbox 2275 3143 2404 3189; x_wconf 85' lang='lat' dir='ltr'><strong>sunt</strong></span> <span class='ocrx_word' id='word_1_457' title='bbox 2425 3148 2616 3188; x_wconf 88' lang='lat' dir='ltr'><strong>omnes</strong></span> <span class='ocrx_word' id='word_1_458' title='bbox 2651 3133 2768 3188; x_wconf 90' lang='lat' dir='ltr'><strong>lilli.</strong></span> <span class='ocrx_word' id='word_1_459' title='bbox 2819 3150 2838 3183; x_wconf 71' lang='grc' dir='ltr'><strong>ο</strong></span> <span class='ocrx_word' id='word_1_460' title='bbox 2871 3131 3024 3199; x_wconf 84' lang='lat' dir='ltr'><strong>Quod</strong></span> <span class='ocrx_word' id='word_1_461' title='bbox 3065 3133 3409 3203; x_wconf 72' lang='lat' dir='ltr'><strong>promiserat,</strong></span> <span class='ocrx_word' id='word_1_462' title='bbox 3442 3131 3637 3202; x_wconf 88' lang='lat' dir='ltr'><strong>inquit,</strong></span> 
     </span>
    </p>
   </div>
   <div class='ocr_carea' id='block_1_62' title="bbox 2057 3223 3642 3294">
    <p class='ocr_par' dir='ltr' id='par_1_62' title="bbox 2057 3223 3642 3294">
     <span class='ocr_line' id='line_1_62' title="bbox 2057 3223 3642 3294; baseline -0.003 -14"><span class='ocrx_word' id='word_1_463' title='bbox 2057 3225 2222 3292; x_wconf 87' lang='lat' dir='ltr'><strong>Deus,</strong></span> <span class='ocrx_word' id='word_1_464' title='bbox 2267 3226 2368 3280; x_wconf 91' lang='lat' dir='ltr'><strong>hoc</strong></span> <span class='ocrx_word' id='word_1_465' title='bbox 2395 3226 2562 3279; x_wconf 88' lang='lat' dir='ltr'><strong>etiam</strong></span> <span class='ocrx_word' id='word_1_466' title='bbox 2597 3224 2868 3294; x_wconf 66' lang='lat' dir='ltr'><strong>prmatitit.</strong></span> <span class='ocrx_word' id='word_1_467' title='bbox 2913 3223 3060 3280; x_wconf 80' lang='lat' dir='ltr'><strong>Dixit</strong></span> <span class='ocrx_word' id='word_1_468' title='bbox 3099 3225 3290 3280; x_wconf 71' lang='lat' dir='ltr'><strong>enims</strong></span> <span class='ocrx_word' id='word_1_469' title='bbox 3327 3242 3341 3279; x_wconf 90' lang='lat'><strong>:</strong></span> <span class='ocrx_word' id='word_1_470' title='bbox 3377 3223 3543 3289; x_wconf 70' lang='lat' dir='ltr'><strong>«Tibi</strong></span> <span class='ocrx_word' id='word_1_471' title='bbox 3586 3233 3642 3278; x_wconf 90' lang='lat' dir='ltr'><strong>et</strong></span> 
     </span>
    </p>
   </div>
   <div class='ocr_carea' id='block_1_63' title="bbox 369 3299 1967 3387">
    <p class='ocr_par' dir='ltr' id='par_1_63' title="bbox 369 3311 1953 3384">
     <span class='ocr_line' id='line_1_63' title="bbox 369 3311 1953 3384; baseline 0 -21"><span class='ocrx_word' id='word_1_472' title='bbox 369 3311 610 3380; x_wconf 81' lang='grc' dir='ltr'>Ἰδωμεν</span> <span class='ocrx_word' id='word_1_473' title='bbox 651 3311 767 3379; x_wconf 82' lang='grc' dir='ltr'>οῦν,</span> <span class='ocrx_word' id='word_1_474' title='bbox 793 3312 948 3367; x_wconf 84' lang='grc' dir='ltr'>ποῖόν</span> <span class='ocrx_word' id='word_1_475' title='bbox 972 3314 1087 3367; x_wconf 88' lang='grc' dir='ltr'>ἐστι</span> <span class='ocrx_word' id='word_1_476' title='bbox 1114 3313 1174 3367; x_wconf 88' lang='grc' dir='ltr'>τὺ</span> <span class='ocrx_word' id='word_1_477' title='bbox 1201 3312 1443 3384; x_wconf 83' lang='grc' dir='ltr'>σπέρμα.</span> <span class='ocrx_word' id='word_1_478' title='bbox 1487 3313 1562 3366; x_wconf 83' lang='grc' dir='ltr'>Οὐ</span> <span class='ocrx_word' id='word_1_479' title='bbox 1604 3313 1713 3382; x_wconf 84' lang='grc' dir='ltr'>γὰρ</span> <span class='ocrx_word' id='word_1_480' title='bbox 1754 3313 1953 3374; x_wconf 85' lang='grc' dir='ltr'>πάντες</span> 
     </span>
    </p>
   </div>
   <div class='ocr_carea' id='block_1_64' title="bbox 2056 3299 3636 3387">
    <p class='ocr_par' dir='ltr' id='par_1_64' title="bbox 2056 3314 3636 3387">
     <span class='ocr_line' id='line_1_64' title="bbox 2056 3314 3636 3387; baseline -0.004 -13"><span class='ocrx_word' id='word_1_481' title='bbox 2056 3318 2253 3374; x_wconf 90' lang='lat' dir='ltr'><strong>semini</strong></span> <span class='ocrx_word' id='word_1_482' title='bbox 2288 3327 2378 3372; x_wconf 92' lang='lat' dir='ltr'><strong>tuo</strong></span> <span class='ocrx_word' id='word_1_483' title='bbox 2397 3316 2559 3373; x_wconf 92' lang='lat' dir='ltr'><strong>dabo.</strong></span> <span class='ocrx_word' id='word_1_484' title='bbox 2593 3335 2612 3368; x_wconf 71' lang='grc' dir='ltr'>ι</span> <span class='ocrx_word' id='word_1_485' title='bbox 2636 3314 2928 3370; x_wconf 79' lang='lat' dir='ltr'><strong>Videamus</strong></span> <span class='ocrx_word' id='word_1_486' title='bbox 2959 3316 3121 3386; x_wconf 79' lang='lat' dir='ltr'><strong>igitur</strong></span> <span class='ocrx_word' id='word_1_487' title='bbox 3148 3316 3307 3387; x_wconf 87' lang='lat' dir='ltr'><strong>quale</strong></span> <span class='ocrx_word' id='word_1_488' title='bbox 3338 3316 3409 3373; x_wconf 88' lang='lat' dir='ltr'><strong>sit</strong></span> <span class='ocrx_word' id='word_1_489' title='bbox 3430 3329 3636 3371; x_wconf 86' lang='lat' dir='ltr'><strong>semen.</strong></span> 
     </span>
    </p>
   </div>
   <div class='ocr_carea' id='block_1_65' title="bbox 363 3401 1952 3478">
    <p class='ocr_par' dir='ltr' id='par_1_65' title="bbox 363 3401 1952 3478">
     <span class='ocr_line' id='line_1_65' title="bbox 363 3401 1952 3478; baseline 0.001 -22"><span class='ocrx_word' id='word_1_490' title='bbox 363 3405 423 3457; x_wconf 71' lang='lat' dir='ltr'><strong>cl.</strong></span> <span class='ocrx_word' id='word_1_491' title='bbox 481 3405 539 3471; x_wconf 78' lang='grc' dir='ltr'><strong>ἐξ</strong></span> <span class='ocrx_word' id='word_1_492' title='bbox 581 3405 852 3476; x_wconf 76' lang='grc' dir='ltr'>Ἀϐραὰμ,</span> <span class='ocrx_word' id='word_1_493' title='bbox 911 3406 1101 3471; x_wconf 85' lang='grc' dir='ltr'>ἁπλῶς</span> <span class='ocrx_word' id='word_1_494' title='bbox 1154 3401 1299 3460; x_wconf 73' lang='grc' dir='ltr'>οὗτοι</span> <span class='ocrx_word' id='word_1_495' title='bbox 1334 3406 1589 3478; x_wconf 82' lang='grc' dir='ltr'>σπέρμα’</span> <span class='ocrx_word' id='word_1_496' title='bbox 1646 3405 1768 3458; x_wconf 75' lang='grc' dir='ltr'>οὐδὲ</span> <span class='ocrx_word' id='word_1_497' title='bbox 1798 3406 1848 3458; x_wconf 75' lang='grc' dir='ltr'>οἱ</span> <span class='ocrx_word' id='word_1_498' title='bbox 1891 3403 1952 3468; x_wconf 78' lang='grc' dir='ltr'>ἐξ</span> 
     </span>
    </p>
   </div>
   <div class='ocr_carea' id='block_1_66' title="bbox 387 3493 1952 3571">
    <p class='ocr_par' dir='ltr' id='par_1_66' title="bbox 387 3493 1952 3571">
     <span class='ocr_line' id='line_1_66' title="bbox 387 3493 1952 3571; baseline 0.001 -21"><span class='ocrx_word' id='word_1_499' title='bbox 387 3497 623 3568; x_wconf 78' lang='grc' dir='ltr'>Ἰσραὴλ,</span> <span class='ocrx_word' id='word_1_500' title='bbox 648 3493 792 3553; x_wconf 74' lang='grc' dir='ltr'>οὗτοι</span> <span class='ocrx_word' id='word_1_501' title='bbox 832 3498 1167 3571; x_wconf 84' lang='grc' dir='ltr'>Ἰσραηλῖται</span> <span class='ocrx_word' id='word_1_502' title='bbox 1189 3515 1202 3530; x_wconf 83' lang='grc'><em>’</em></span> <span class='ocrx_word' id='word_1_503' title='bbox 1246 3500 1360 3552; x_wconf 78' lang='grc' dir='ltr'>ἀλλ’</span> <span class='ocrx_word' id='word_1_504' title='bbox 1389 3502 1438 3554; x_wconf 89' lang='lat' dir='ltr'><strong>oi</strong></span> <span class='ocrx_word' id='word_1_505' title='bbox 1471 3500 1614 3554; x_wconf 83' lang='grc' dir='ltr'>κατὰ</span> <span class='ocrx_word' id='word_1_506' title='bbox 1640 3499 1733 3552; x_wconf 75' lang='grc' dir='ltr'>τὸν</span> <span class='ocrx_word' id='word_1_507' title='bbox 1765 3499 1952 3553; x_wconf 83' lang='grc' dir='ltr'>Ἰσαὰκ</span> 
     </span>
    </p>
   </div>
   <div class='ocr_carea' id='block_1_67' title="bbox 370 3587 1949 3662">
    <p class='ocr_par' dir='ltr' id='par_1_67' title="bbox 370 3587 1949 3662">
     <span class='ocr_line' id='line_1_67' title="bbox 370 3587 1949 3662; baseline 0.003 -24"><span class='ocrx_word' id='word_1_508' title='bbox 370 3587 757 3656; x_wconf 75' lang='grc' dir='ltr'>γεννηθέντες,</span> <span class='ocrx_word' id='word_1_509' title='bbox 801 3587 896 3642; x_wconf 75' lang='grc' dir='ltr'>καὶ</span> <span class='ocrx_word' id='word_1_510' title='bbox 935 3591 984 3644; x_wconf 80' lang='grc' dir='ltr'>οἱ</span> <span class='ocrx_word' id='word_1_511' title='bbox 1029 3590 1128 3662; x_wconf 81' lang='grc' dir='ltr'><strong>τῆς</strong></span> <span class='ocrx_word' id='word_1_512' title='bbox 1164 3589 1260 3644; x_wconf 87' lang='grc' dir='ltr'><strong>τοῦ</strong></span> <span class='ocrx_word' id='word_1_513' title='bbox 1303 3590 1518 3662; x_wconf 73' lang='grc' dir='ltr'>Ἰσραὴλ</span> <span class='ocrx_word' id='word_1_514' title='bbox 1548 3591 1747 3662; x_wconf 84' lang='grc' dir='ltr'>ἀρετῆς</span> <span class='ocrx_word' id='word_1_515' title='bbox 1785 3589 1949 3656; x_wconf 81' lang='grc' dir='ltr'>ἄξιοι,</span> 
     </span>
    </p>
   </div>
   <div class='ocr_carea' id='block_1_68' title="bbox 367 3674 1952 3752">
    <p class='ocr_par' dir='ltr' id='par_1_68' title="bbox 367 3674 1952 3752">
     <span class='ocr_line' id='line_1_68' title="bbox 367 3674 1952 3752; baseline 0.003 -23"><span class='ocrx_word' id='word_1_516' title='bbox 367 3677 444 3729; x_wconf 79' lang='grc' dir='ltr'>δι’</span> <span class='ocrx_word' id='word_1_517' title='bbox 485 3674 551 3749; x_wconf 79' lang='grc' dir='ltr'>ἧς</span> <span class='ocrx_word' id='word_1_518' title='bbox 579 3679 708 3734; x_wconf 84' lang='grc' dir='ltr'>Θεὸν</span> <span class='ocrx_word' id='word_1_519' title='bbox 757 3677 918 3735; x_wconf 76' lang='grc' dir='ltr'>εἶδεν.</span> <span class='ocrx_word' id='word_1_520' title='bbox 954 3681 1029 3736; x_wconf 76' lang='grc' dir='ltr'><strong>Οὐ</strong></span> <span class='ocrx_word' id='word_1_521' title='bbox 1066 3681 1178 3752; x_wconf 82' lang='grc' dir='ltr'><strong>γὰρ</strong></span> <span class='ocrx_word' id='word_1_522' title='bbox 1202 3677 1378 3747; x_wconf 84' lang='grc' dir='ltr'>εἶπεν,</span> <span class='ocrx_word' id='word_1_523' title='bbox 1404 3683 1486 3735; x_wconf 82' lang='grc' dir='ltr'><strong>ὅτι</strong></span> <span class='ocrx_word' id='word_1_524' title='bbox 1519 3684 1581 3735; x_wconf 81' lang='grc' dir='ltr'><strong>Οἱ</strong></span> <span class='ocrx_word' id='word_1_525' title='bbox 1613 3684 1671 3750; x_wconf 83' lang='grc' dir='ltr'>ἐξ</span> <span class='ocrx_word' id='word_1_526' title='bbox 1716 3681 1912 3737; x_wconf 78' lang='grc' dir='ltr'>Ἰακὼϐ</span> <span class='ocrx_word' id='word_1_527' title='bbox 1935 3724 1952 3749; x_wconf 85' lang='grc'><strong>,</strong></span> 
     </span>
    </p>
   </div>
   <div class='ocr_carea' id='block_1_69' title="bbox 372 3771 1953 3848">
    <p class='ocr_par' dir='ltr' id='par_1_69' title="bbox 372 3771 1953 3848">
     <span class='ocr_line' id='line_1_69' title="bbox 372 3771 1953 3848; baseline 0.004 -26"><span class='ocrx_word' id='word_1_528' title='bbox 372 3771 517 3838; x_wconf 78' lang='grc' dir='ltr'>ἀλλ’,</span> <span class='ocrx_word' id='word_1_529' title='bbox 545 3789 565 3824; x_wconf 76' lang='grc' dir='ltr'><strong>ι</strong></span> <span class='ocrx_word' id='word_1_530' title='bbox 598 3773 660 3828; x_wconf 75' lang='grc' dir='ltr'><strong>Οἱ</strong></span> <span class='ocrx_word' id='word_1_531' title='bbox 703 3771 762 3840; x_wconf 76' lang='grc' dir='ltr'>ἐξ</span> <span class='ocrx_word' id='word_1_532' title='bbox 805 3774 1045 3848; x_wconf 78' lang='grc' dir='ltr'>Ἰσραὴλ,</span> <span class='ocrx_word' id='word_1_533' title='bbox 1087 3792 1107 3826; x_wconf 71' lang='grc' dir='ltr'>ι</span> <span class='ocrx_word' id='word_1_534' title='bbox 1140 3774 1238 3828; x_wconf 80' lang='grc' dir='ltr'><strong>τοῦ</strong></span> <span class='ocrx_word' id='word_1_535' title='bbox 1269 3775 1454 3844; x_wconf 79' lang='grc' dir='ltr'>τιμίου</span> <span class='ocrx_word' id='word_1_536' title='bbox 1505 3773 1772 3846; x_wconf 82' lang='grc' dir='ltr'>ὀνόματος</span> <span class='ocrx_word' id='word_1_537' title='bbox 1816 3792 1953 3846; x_wconf 81' lang='grc' dir='ltr'>μνη-</span> 
     </span>
    </p>
   </div>
   <div class='ocr_carea' id='block_1_70' title="bbox 376 3864 1955 3941">
    <p class='ocr_par' dir='ltr' id='par_1_70' title="bbox 376 3864 1955 3941">
     <span class='ocr_line' id='line_1_70' title="bbox 376 3864 1955 3941; baseline -0.008 -8"><span class='ocrx_word' id='word_1_538' title='bbox 376 3864 672 3933; x_wconf 71' lang='grc' dir='ltr'><strong>μονεύσας.</strong></span> <span class='ocrx_word' id='word_1_539' title='bbox 717 3865 847 3920; x_wconf 84' lang='grc' dir='ltr'><strong>Ἐὰν</strong></span> <span class='ocrx_word' id='word_1_540' title='bbox 869 3864 965 3920; x_wconf 81' lang='grc' dir='ltr'><strong>οῦν</strong></span> <span class='ocrx_word' id='word_1_541' title='bbox 1009 3866 1210 3941; x_wconf 80' lang='grc' dir='ltr'>μάθῃς,</span> <span class='ocrx_word' id='word_1_542' title='bbox 1250 3867 1397 3931; x_wconf 83' lang='grc' dir='ltr'>τίνες</span> <span class='ocrx_word' id='word_1_543' title='bbox 1430 3867 1572 3921; x_wconf 82' lang='grc' dir='ltr'>κατὰ</span> <span class='ocrx_word' id='word_1_544' title='bbox 1617 3867 1710 3919; x_wconf 82' lang='grc' dir='ltr'><strong>τὸν</strong></span> <span class='ocrx_word' id='word_1_545' title='bbox 1769 3866 1955 3921; x_wconf 75' lang='grc' dir='ltr'>Ἰσαὰκ</span> 
     </span>
    </p>
   </div>
   <div class='ocr_carea' id='block_1_71' title="bbox 375 3958 1956 4034">
    <p class='ocr_par' dir='ltr' id='par_1_71' title="bbox 375 3958 1956 4034">
     <span class='ocr_line' id='line_1_71' title="bbox 375 3958 1956 4034; baseline 0.001 -25"><span class='ocrx_word' id='word_1_546' title='bbox 375 3959 698 4026; x_wconf 85' lang='grc' dir='ltr'>γεννῶνται,</span> <span class='ocrx_word' id='word_1_547' title='bbox 733 3959 856 4014; x_wconf 83' lang='grc' dir='ltr'>τότε</span> <span class='ocrx_word' id='word_1_548' title='bbox 896 3962 1159 4034; x_wconf 79' lang='grc' dir='ltr'>εὑρήσεις</span> <span class='ocrx_word' id='word_1_549' title='bbox 1201 3960 1560 4031; x_wconf 72' lang='grc' dir='ltr'>ἀδιάψευστον</span> <span class='ocrx_word' id='word_1_550' title='bbox 1585 3958 1682 4029; x_wconf 83' lang='grc' dir='ltr'><strong>τὴν</strong></span> <span class='ocrx_word' id='word_1_551' title='bbox 1715 3960 1956 4027; x_wconf 84' lang='grc' dir='ltr'>ἐπαγγε-</span> 
     </span>
    </p>
   </div>
   <div class='ocr_carea' id='block_1_72' title="bbox 377 4049 1955 4124">
    <p class='ocr_par' dir='ltr' id='par_1_72' title="bbox 377 4049 1955 4124">
     <span class='ocr_line' id='line_1_72' title="bbox 377 4049 1955 4124; baseline 0.001 -24"><span class='ocrx_word' id='word_1_552' title='bbox 377 4049 533 4102; x_wconf 73' lang='grc' dir='ltr'>λίανο</span> <span class='ocrx_word' id='word_1_553' title='bbox 566 4050 773 4115; x_wconf 83' lang='grc' dir='ltr'>τούτοις</span> <span class='ocrx_word' id='word_1_554' title='bbox 797 4051 906 4124; x_wconf 82' lang='grc' dir='ltr'><strong>γὰρ</strong></span> <span class='ocrx_word' id='word_1_555' title='bbox 936 4053 1090 4124; x_wconf 86' lang='grc' dir='ltr'>ἐδόθη</span> <span class='ocrx_word' id='word_1_556' title='bbox 1129 4053 1176 4086; x_wconf 71' lang='grc'><strong>¹⁵</strong></span> <span class='ocrx_word' id='word_1_557' title='bbox 1208 4053 1279 4106; x_wconf 85' lang='grc' dir='ltr'>τὰ</span> <span class='ocrx_word' id='word_1_558' title='bbox 1311 4051 1745 4122; x_wconf 88' lang='grc' dir='ltr'>ἐπαγγελθέντα.</span> <span class='ocrx_word' id='word_1_559' title='bbox 1790 4050 1955 4104; x_wconf 83' lang='grc' dir='ltr'>Ὠστε</span> 
     </span>
    </p>
   </div>
   <div class='ocr_carea' id='block_1_73' title="bbox 374 4140 1956 4218">
    <p class='ocr_par' dir='ltr' id='par_1_73' title="bbox 374 4140 1956 4218">
     <span class='ocr_line' id='line_1_73' title="bbox 374 4140 1956 4218; baseline 0.001 -22"><span class='ocrx_word' id='word_1_560' title='bbox 374 4143 440 4198; x_wconf 81' lang='grc' dir='ltr'><strong>ού</strong></span> <span class='ocrx_word' id='word_1_561' title='bbox 473 4141 913 4215; x_wconf 78' lang='grc' dir='ltr'>βλασφημείσθαί</span> <span class='ocrx_word' id='word_1_562' title='bbox 943 4146 1094 4200; x_wconf 84' lang='grc' dir='ltr'>ἐστιν</span> <span class='ocrx_word' id='word_1_563' title='bbox 1122 4144 1271 4213; x_wconf 78' lang='grc' dir='ltr'>ἄξιος</span> <span class='ocrx_word' id='word_1_564' title='bbox 1312 4147 1342 4201; x_wconf 89' lang='lat'><strong>6</strong></span> <span class='ocrx_word' id='word_1_565' title='bbox 1386 4145 1539 4209; x_wconf 80' lang='grc' dir='ltr'>Θεός.</span> <span class='ocrx_word' id='word_1_566' title='bbox 1568 4145 1634 4198; x_wconf 80' lang='grc' dir='ltr'><strong>Ὀ</strong></span> <span class='ocrx_word' id='word_1_567' title='bbox 1663 4144 1770 4218; x_wconf 84' lang='grc' dir='ltr'>γὰρ</span> <span class='ocrx_word' id='word_1_568' title='bbox 1803 4140 1956 4198; x_wconf 80' lang='grc' dir='ltr'>εἶπεν</span> 
     </span>
    </p>
   </div>
   <div class='ocr_carea' id='block_1_74' title="bbox 379 4236 1265 4308">
    <p class='ocr_par' dir='ltr' id='par_1_74' title="bbox 379 4236 1265 4308">
     <span class='ocr_line' id='line_1_74' title="bbox 379 4236 1265 4308; baseline 0.003 -18"><span class='ocrx_word' id='word_1_569' title='bbox 379 4236 630 4308; x_wconf 74' lang='grc' dir='ltr'>ἐποίησε,</span> <span class='ocrx_word' id='word_1_570' title='bbox 659 4238 761 4293; x_wconf 78' lang='grc' dir='ltr'><strong>κᾶν</strong></span> <span class='ocrx_word' id='word_1_571' title='bbox 789 4255 935 4305; x_wconf 89' lang='grc' dir='ltr'>τινες</span> <span class='ocrx_word' id='word_1_572' title='bbox 962 4239 1024 4293; x_wconf 83' lang='grc' dir='ltr'>οὐ</span> <span class='ocrx_word' id='word_1_573' title='bbox 1049 4239 1265 4294; x_wconf 85' lang='grc' dir='ltr'>νοῶσιν.</span> 
     </span>
    </p>
   </div>
   <div class='ocr_carea' id='block_1_75' title="bbox 459 4505 1960 4580">
    <p class='ocr_par' dir='ltr' id='par_1_75' title="bbox 459 4505 1960 4580">
     <span class='ocr_line' id='line_1_75' title="bbox 459 4505 1960 4580; baseline 0 -21"><span class='ocrx_word' id='word_1_574' title='bbox 459 4525 479 4559; x_wconf 77' lang='grc' dir='ltr'><strong>ι</strong></span> <span class='ocrx_word' id='word_1_575' title='bbox 527 4506 668 4563; x_wconf 80' lang='grc' dir='ltr'>Ἀλλ’</span> <span class='ocrx_word' id='word_1_576' title='bbox 699 4509 756 4561; x_wconf 80' lang='grc' dir='ltr'><strong>ἐν</strong></span> <span class='ocrx_word' id='word_1_577' title='bbox 798 4507 984 4560; x_wconf 82' lang='grc' dir='ltr'>Ἰσαὰκ</span> <span class='ocrx_word' id='word_1_578' title='bbox 1035 4505 1366 4580; x_wconf 78' lang='grc' dir='ltr'>κληθήσεταί</span> <span class='ocrx_word' id='word_1_579' title='bbox 1392 4524 1474 4560; x_wconf 86' lang='grc' dir='ltr'><strong>σοι</strong></span> <span class='ocrx_word' id='word_1_580' title='bbox 1522 4507 1766 4580; x_wconf 85' lang='grc' dir='ltr'>σπέρμα,</span> <span class='ocrx_word' id='word_1_581' title='bbox 1801 4523 1960 4561; x_wconf 81' lang='grc' dir='ltr'>τουτ-</span> 
     </span>
    </p>
   </div>
   <div class='ocr_carea' id='block_1_76' title="bbox 381 4597 1960 4670">
    <p class='ocr_par' dir='ltr' id='par_1_76' title="bbox 381 4597 1960 4670">
     <span class='ocr_line' id='line_1_76' title="bbox 381 4597 1960 4670; baseline -0.002 -18"><span class='ocrx_word' id='word_1_582' title='bbox 381 4601 553 4664; x_wconf 86' lang='grc' dir='ltr'>έστιν,</span> <span class='ocrx_word' id='word_1_583' title='bbox 588 4599 648 4650; x_wconf 83' lang='grc' dir='ltr'><strong>οὐ</strong></span> <span class='ocrx_word' id='word_1_584' title='bbox 696 4598 767 4651; x_wconf 76' lang='grc' dir='ltr'>τὰ</span> <span class='ocrx_word' id='word_1_585' title='bbox 812 4597 976 4652; x_wconf 84' lang='grc' dir='ltr'>τέκνα</span> <span class='ocrx_word' id='word_1_586' title='bbox 1009 4597 1106 4668; x_wconf 81' lang='grc' dir='ltr'>τῆς</span> <span class='ocrx_word' id='word_1_587' title='bbox 1152 4598 1388 4670; x_wconf 72' lang='grc' dir='ltr'>σαρκὸς,</span> <span class='ocrx_word' id='word_1_588' title='bbox 1437 4597 1612 4651; x_wconf 83' lang='grc' dir='ltr'>ταῦτα</span> <span class='ocrx_word' id='word_1_589' title='bbox 1654 4600 1822 4652; x_wconf 78' lang='grc' dir='ltr'>τέκνα</span> <span class='ocrx_word' id='word_1_590' title='bbox 1864 4597 1960 4650; x_wconf 86' lang='grc' dir='ltr'><strong>τοῦ</strong></span> 
     </span>
    </p>
   </div>
   <div class='ocr_carea' id='block_1_77' title="bbox 379 4690 1963 4762">
    <p class='ocr_par' dir='ltr' id='par_1_77' title="bbox 379 4690 1963 4762">
     <span class='ocr_line' id='line_1_77' title="bbox 379 4690 1963 4762; baseline -0.003 -14"><span class='ocrx_word' id='word_1_591' title='bbox 379 4692 520 4748; x_wconf 87' lang='grc' dir='ltr'>Θεοῦ</span> <span class='ocrx_word' id='word_1_592' title='bbox 544 4707 558 4721; x_wconf 82' lang='grc'><strong><em>⁸</em></strong></span> <span class='ocrx_word' id='word_1_593' title='bbox 588 4691 724 4746; x_wconf 77' lang='grc' dir='ltr'>ἀλλὰ</span> <span class='ocrx_word' id='word_1_594' title='bbox 756 4691 826 4744; x_wconf 80' lang='grc' dir='ltr'>τὰ</span> <span class='ocrx_word' id='word_1_595' title='bbox 866 4690 1028 4745; x_wconf 86' lang='grc' dir='ltr'>τέκνα</span> <span class='ocrx_word' id='word_1_596' title='bbox 1055 4691 1155 4761; x_wconf 79' lang='grc' dir='ltr'>τῆς</span> <span class='ocrx_word' id='word_1_597' title='bbox 1189 4691 1524 4761; x_wconf 77' lang='grc' dir='ltr'>ἐπαγγελίας</span> <span class='ocrx_word' id='word_1_598' title='bbox 1563 4691 1838 4762; x_wconf 76' lang='grc' dir='ltr'>λογίζεται</span> <span class='ocrx_word' id='word_1_599' title='bbox 1882 4694 1963 4756; x_wconf 77' lang='grc' dir='ltr'>εἰς</span> 
     </span>
    </p>
   </div>
   <div class='ocr_carea' id='block_1_78' title="bbox 383 4779 1964 4858">
    <p class='ocr_par' dir='ltr' id='par_1_78' title="bbox 383 4779 1964 4858">
     <span class='ocr_line' id='line_1_78' title="bbox 383 4779 1964 4858; baseline -0.001 -18"><span class='ocrx_word' id='word_1_600' title='bbox 383 4787 628 4858; x_wconf 84' lang='grc' dir='ltr'>σπέρμα.</span> <span class='ocrx_word' id='word_1_601' title='bbox 675 4785 1040 4856; x_wconf 77' lang='grc' dir='ltr'>Ἐπαγγελεας</span> <span class='ocrx_word' id='word_1_602' title='bbox 1075 4784 1184 4857; x_wconf 79' lang='grc' dir='ltr'>γὰρ</span> <span class='ocrx_word' id='word_1_603' title='bbox 1215 4787 1242 4838; x_wconf 90' lang='lat'><strong>6</strong></span> <span class='ocrx_word' id='word_1_604' title='bbox 1285 4785 1444 4856; x_wconf 85' lang='grc' dir='ltr'>λόγος</span> <span class='ocrx_word' id='word_1_605' title='bbox 1492 4779 1668 4848; x_wconf 57' lang='grc' dir='ltr'>οὗτος</span> <span class='ocrx_word' id='word_1_606' title='bbox 1699 4785 1857 4840; x_wconf 78' lang='grc' dir='ltr'>Κατὰ</span> <span class='ocrx_word' id='word_1_607' title='bbox 1872 4791 1964 4839; x_wconf 83' lang='grc' dir='ltr'><strong>τὸν</strong></span> 
     </span>
    </p>
   </div>
   <div class='ocr_carea' id='block_1_79' title="bbox 382 4878 1960 4952">
    <p class='ocr_par' dir='ltr' id='par_1_79' title="bbox 382 4878 1960 4952">
     <span class='ocr_line' id='line_1_79' title="bbox 382 4878 1960 4952; baseline -0.001 -19"><span class='ocrx_word' id='word_1_608' title='bbox 382 4880 576 4952; x_wconf 78' lang='grc' dir='ltr'>καιρὸν</span> <span class='ocrx_word' id='word_1_609' title='bbox 605 4878 796 4933; x_wconf 87' lang='grc' dir='ltr'>τοῦτον</span> <span class='ocrx_word' id='word_1_610' title='bbox 821 4879 1137 4948; x_wconf 78' lang='grc' dir='ltr'>ἐλεύσομαι,</span> <span class='ocrx_word' id='word_1_611' title='bbox 1171 4879 1263 4933; x_wconf 70' lang='grc' dir='ltr'>καὶ</span> <span class='ocrx_word' id='word_1_612' title='bbox 1290 4878 1443 4933; x_wconf 71' lang='grc' dir='ltr'>ἔσται</span> <span class='ocrx_word' id='word_1_613' title='bbox 1472 4882 1538 4950; x_wconf 84' lang='grc' dir='ltr'>τῇ</span> <span class='ocrx_word' id='word_1_614' title='bbox 1563 4881 1751 4952; x_wconf 78' lang='grc' dir='ltr'><strong>Σὰῤῥᾳ</strong></span> <span class='ocrx_word' id='word_1_615' title='bbox 1779 4880 1911 4943; x_wconf 78' lang='grc' dir='ltr'>υἱός.</span> <span class='ocrx_word' id='word_1_616' title='bbox 1942 4898 1960 4931; x_wconf 75' lang='grc' dir='ltr'>ι</span> 
     </span>
    </p>
   </div>
   <div class='ocr_carea' id='block_1_80' title="bbox 383 4968 1966 5045">
    <p class='ocr_par' dir='ltr' id='par_1_80' title="bbox 383 4968 1966 5045">
     <span class='ocr_line' id='line_1_80' title="bbox 383 4968 1966 5045; baseline -0.001 -20"><span class='ocrx_word' id='word_1_617' title='bbox 383 4973 502 5025; x_wconf 82' lang='grc' dir='ltr'><strong>Οὐκ</strong></span> <span class='ocrx_word' id='word_1_618' title='bbox 525 4973 660 5040; x_wconf 86' lang='grc' dir='ltr'>ἐγὼ,</span> <span class='ocrx_word' id='word_1_619' title='bbox 681 4971 870 5042; x_wconf 80' lang='grc' dir='ltr'>φησὶν,</span> <span class='ocrx_word' id='word_1_620' title='bbox 903 4971 1191 5045; x_wconf 82' lang='grc' dir='ltr'>ἐρμηνεύω</span> <span class='ocrx_word' id='word_1_621' title='bbox 1209 4973 1254 5003; x_wconf 74' lang='grc'><strong>’³</strong></span> <span class='ocrx_word' id='word_1_622' title='bbox 1281 4989 1385 5038; x_wconf 88' lang='grc' dir='ltr'>σοι,</span> <span class='ocrx_word' id='word_1_623' title='bbox 1415 4972 1468 5025; x_wconf 82' lang='grc' dir='ltr'><strong>τί</strong></span> <span class='ocrx_word' id='word_1_624' title='bbox 1493 4975 1610 5026; x_wconf 84' lang='grc' dir='ltr'>ἐστι</span> <span class='ocrx_word' id='word_1_625' title='bbox 1626 4973 1688 5025; x_wconf 87' lang='grc' dir='ltr'><strong>τὸ</strong></span> <span class='ocrx_word' id='word_1_626' title='bbox 1707 4968 1903 5044; x_wconf 72' lang='grc' dir='ltr'>ἀληθὲς</span> <span class='ocrx_word' id='word_1_627' title='bbox 1920 4973 1966 5002; x_wconf 76' lang='grc'><strong>’⁸</strong></span> 
     </span>
    </p>
   </div>
   <div class='ocr_carea' id='block_1_81' title="bbox 385 5063 1966 5137">
    <p class='ocr_par' dir='ltr' id='par_1_81' title="bbox 385 5063 1966 5137">
     <span class='ocr_line' id='line_1_81' title="bbox 385 5063 1966 5137; baseline 0.003 -23"><span class='ocrx_word' id='word_1_628' title='bbox 385 5064 611 5134; x_wconf 86' lang='grc' dir='ltr'>σπέρμα</span> <span class='ocrx_word' id='word_1_629' title='bbox 635 5063 730 5117; x_wconf 89' lang='grc' dir='ltr'><strong>τοῦ</strong></span> <span class='ocrx_word' id='word_1_630' title='bbox 764 5063 1036 5137; x_wconf 78' lang='grc' dir='ltr'>Ἀὁραὰμ,</span> <span class='ocrx_word' id='word_1_631' title='bbox 1058 5064 1172 5118; x_wconf 77' lang='grc' dir='ltr'>ἀλλ’</span> <span class='ocrx_word' id='word_1_632' title='bbox 1195 5067 1225 5136; x_wconf 77' lang='grc' dir='ltr'>ἡ</span> <span class='ocrx_word' id='word_1_633' title='bbox 1261 5066 1494 5129; x_wconf 73' lang='grc' dir='ltr'>Παλαιὰ,</span> <span class='ocrx_word' id='word_1_634' title='bbox 1515 5067 1748 5119; x_wconf 77' lang='grc' dir='ltr'>εἰποῦσα</span> <span class='ocrx_word' id='word_1_635' title='bbox 1771 5082 1785 5096; x_wconf 89' lang='grc'><strong>·</strong></span> <span class='ocrx_word' id='word_1_636' title='bbox 1818 5084 1836 5117; x_wconf 84' lang='grc' dir='ltr'><strong>ι</strong></span> <span class='ocrx_word' id='word_1_637' title='bbox 1877 5067 1966 5118; x_wconf 77' lang='grc' dir='ltr'><strong>Ἑν</strong></span> 
     </span>
    </p>
   </div>
   <div class='ocr_carea' id='block_1_82' title="bbox 396 5154 1965 5228">
    <p class='ocr_par' dir='ltr' id='par_1_82' title="bbox 396 5154 1965 5228">
     <span class='ocr_line' id='line_1_82' title="bbox 396 5154 1965 5228; baseline 0.003 -20"><span class='ocrx_word' id='word_1_638' title='bbox 396 5154 587 5208; x_wconf 80' lang='grc' dir='ltr'>Ἰσαὰκ</span> <span class='ocrx_word' id='word_1_639' title='bbox 618 5156 953 5228; x_wconf 79' lang='grc' dir='ltr'>κληθήσεταί</span> <span class='ocrx_word' id='word_1_640' title='bbox 996 5175 1078 5211; x_wconf 90' lang='grc' dir='ltr'><strong>σοι</strong></span> <span class='ocrx_word' id='word_1_641' title='bbox 1111 5158 1354 5228; x_wconf 87' lang='grc' dir='ltr'>σπέρμα.</span> <span class='ocrx_word' id='word_1_642' title='bbox 1396 5178 1415 5211; x_wconf 77' lang='grc' dir='ltr'>ι</span> <span class='ocrx_word' id='word_1_643' title='bbox 1451 5159 1619 5212; x_wconf 80' lang='grc' dir='ltr'>Ὥστε</span> <span class='ocrx_word' id='word_1_644' title='bbox 1671 5159 1786 5212; x_wconf 78' lang='grc' dir='ltr'>ὅσοι</span> <span class='ocrx_word' id='word_1_645' title='bbox 1823 5160 1965 5212; x_wconf 76' lang='grc' dir='ltr'>κατὰ</span> 
     </span>
    </p>
   </div>
   <div class='ocr_carea' id='block_1_83' title="bbox 381 5251 1966 5323">
    <p class='ocr_par' dir='ltr' id='par_1_83' title="bbox 381 5251 1966 5323">
     <span class='ocr_line' id='line_1_83' title="bbox 381 5251 1966 5323; baseline 0.007 -17"><span class='ocrx_word' id='word_1_646' title='bbox 381 5252 479 5306; x_wconf 83' lang='grc' dir='ltr'><strong>τὸν</strong></span> <span class='ocrx_word' id='word_1_647' title='bbox 519 5251 711 5306; x_wconf 82' lang='grc' dir='ltr'>Ἰσαὰκ</span> <span class='ocrx_word' id='word_1_648' title='bbox 757 5252 1058 5323; x_wconf 84' lang='grc' dir='ltr'>ἐτέχθησαν</span> <span class='ocrx_word' id='word_1_649' title='bbox 1082 5293 1098 5321; x_wconf 88' lang='grc'><strong>,</strong></span> <span class='ocrx_word' id='word_1_650' title='bbox 1137 5253 1416 5306; x_wconf 88' lang='grc' dir='ltr'>τουτέστιν</span> <span class='ocrx_word' id='word_1_651' title='bbox 1441 5291 1454 5315; x_wconf 89' lang='grc'><strong>,</strong></span> <span class='ocrx_word' id='word_1_652' title='bbox 1498 5251 1558 5320; x_wconf 73' lang='grc' dir='ltr'>ἐξ</span> <span class='ocrx_word' id='word_1_653' title='bbox 1607 5252 1966 5323; x_wconf 56' lang='grc' dir='ltr'>ἐπαγγελίας,</span> 
     </span>
    </p>
   </div>
   <div class='ocr_carea' id='block_1_84' title="bbox 383 5340 1967 5420">
    <p class='ocr_par' dir='ltr' id='par_1_84' title="bbox 383 5340 1967 5420">
     <span class='ocr_line' id='line_1_84' title="bbox 383 5340 1967 5420; baseline -0.003 -18"><span class='ocrx_word' id='word_1_654' title='bbox 383 5340 537 5402; x_wconf 73' lang='grc' dir='ltr'>οὗτοι</span> <span class='ocrx_word' id='word_1_655' title='bbox 560 5350 700 5400; x_wconf 80' lang='grc' dir='ltr'>εἰσιν</span> <span class='ocrx_word' id='word_1_656' title='bbox 743 5345 960 5420; x_wconf 80' lang='grc' dir='ltr'>ἀληθῶς</span> <span class='ocrx_word' id='word_1_657' title='bbox 992 5346 1156 5399; x_wconf 84' lang='grc' dir='ltr'>τέκνα</span> <span class='ocrx_word' id='word_1_658' title='bbox 1203 5345 1476 5417; x_wconf 79' lang='grc' dir='ltr'>Ἀϐραὰμ,</span> <span class='ocrx_word' id='word_1_659' title='bbox 1520 5346 1721 5414; x_wconf 75' lang='grc' dir='ltr'>μᾶλλον</span> <span class='ocrx_word' id='word_1_660' title='bbox 1773 5346 1831 5400; x_wconf 82' lang='grc' dir='ltr'>δὲ</span> <span class='ocrx_word' id='word_1_661' title='bbox 1873 5349 1967 5400; x_wconf 88' lang='grc' dir='ltr'><strong>τοῦ</strong></span> 
     </span>
    </p>
   </div>
   <div class='ocr_carea' id='block_1_85' title="bbox 383 5440 1965 5514">
    <p class='ocr_par' dir='ltr' id='par_1_85' title="bbox 383 5440 1965 5514">
     <span class='ocr_line' id='line_1_85' title="bbox 383 5440 1965 5514; baseline 0 -18"><span class='ocrx_word' id='word_1_662' title='bbox 383 5440 545 5496; x_wconf 86' lang='grc' dir='ltr'>Θεοῦ.</span> <span class='ocrx_word' id='word_1_663' title='bbox 572 5441 647 5496; x_wconf 79' lang='grc' dir='ltr'>Τὸ</span> <span class='ocrx_word' id='word_1_664' title='bbox 675 5442 784 5512; x_wconf 84' lang='grc' dir='ltr'>γὰρ</span> <span class='ocrx_word' id='word_1_665' title='bbox 807 5443 915 5496; x_wconf 83' lang='grc' dir='ltr'>πᾶν</span> <span class='ocrx_word' id='word_1_666' title='bbox 943 5442 1038 5494; x_wconf 87' lang='grc' dir='ltr'><strong>τοῦ</strong></span> <span class='ocrx_word' id='word_1_667' title='bbox 1064 5440 1210 5496; x_wconf 81' lang='grc' dir='ltr'>θείου</span> <span class='ocrx_word' id='word_1_668' title='bbox 1233 5442 1393 5510; x_wconf 91' lang='grc' dir='ltr'>λόγου</span> <span class='ocrx_word' id='word_1_669' title='bbox 1412 5440 1649 5510; x_wconf 82' lang='grc' dir='ltr'>ἐγένετο.</span> <span class='ocrx_word' id='word_1_670' title='bbox 1672 5441 1807 5496; x_wconf 83' lang='grc' dir='ltr'>Οὐδὲ</span> <span class='ocrx_word' id='word_1_671' title='bbox 1833 5442 1965 5514; x_wconf 85' lang='grc' dir='ltr'>γὰρ,</span> 
     </span>
    </p>
   </div>
   <div class='ocr_carea' id='block_1_86' title="bbox 385 5533 1966 5606">
    <p class='ocr_par' dir='ltr' id='par_1_86' title="bbox 385 5533 1966 5606">
     <span class='ocr_line' id='line_1_86' title="bbox 385 5533 1966 5606; baseline 0.001 -19"><span class='ocrx_word' id='word_1_672' title='bbox 385 5533 507 5587; x_wconf 72' lang='grc' dir='ltr'>οὐδὲ</span> <span class='ocrx_word' id='word_1_673' title='bbox 529 5535 557 5587; x_wconf 89' lang='grc' dir='ltr'><strong>ό</strong></span> <span class='ocrx_word' id='word_1_674' title='bbox 603 5534 793 5588; x_wconf 83' lang='grc' dir='ltr'>Ἰσαὰκ</span> <span class='ocrx_word' id='word_1_675' title='bbox 825 5534 974 5606; x_wconf 85' lang='grc' dir='ltr'>νόμῳ</span> <span class='ocrx_word' id='word_1_676' title='bbox 1008 5536 1102 5592; x_wconf 74' lang='grc' dir='ltr'><strong>καὶ</strong></span> <span class='ocrx_word' id='word_1_677' title='bbox 1131 5533 1359 5604; x_wconf 85' lang='grc' dir='ltr'>δυνάμει</span> <span class='ocrx_word' id='word_1_678' title='bbox 1400 5533 1615 5604; x_wconf 78' lang='grc' dir='ltr'>φύσεως</span> <span class='ocrx_word' id='word_1_679' title='bbox 1661 5534 1926 5606; x_wconf 83' lang='grc' dir='ltr'>ἐγεννήθη</span> <span class='ocrx_word' id='word_1_680' title='bbox 1950 5573 1966 5601; x_wconf 90' lang='grc'><strong>,</strong></span> 
     </span>
    </p>
   </div>
   <div class='ocr_carea' id='block_1_87' title="bbox 465 5693 1970 5760">
    <p class='ocr_par' dir='ltr' id='par_1_87' title="bbox 465 5693 1970 5760">
     <span class='ocr_line' id='line_1_87' title="bbox 465 5693 1970 5760; baseline -0.005 -7"><span class='ocrx_word' id='word_1_681' title='bbox 465 5700 490 5738; x_wconf 75' lang='grc' dir='ltr'><strong>ε</strong></span> <span class='ocrx_word' id='word_1_682' title='bbox 518 5697 800 5760; x_wconf 79' lang='lat' dir='ltr'><strong>Gen.xut,</strong></span> <span class='ocrx_word' id='word_1_683' title='bbox 834 5697 920 5750; x_wconf 78' lang='grc'><strong>15.</strong></span> <span class='ocrx_word' id='word_1_684' title='bbox 998 5698 1027 5738; x_wconf 79' lang='lat' dir='ltr'><strong>h</strong></span> <span class='ocrx_word' id='word_1_685' title='bbox 1076 5697 1211 5752; x_wconf 87' lang='lat' dir='ltr'><strong>Gen.</strong></span> <span class='ocrx_word' id='word_1_686' title='bbox 1255 5697 1494 5760; x_wconf 76' lang='lat' dir='ltr'><strong>xvnt,lO</strong></span> <span class='ocrx_word' id='word_1_687' title='bbox 1574 5694 1756 5751; x_wconf 77' lang='lat' dir='ltr'><strong>iGen.</strong></span> <span class='ocrx_word' id='word_1_688' title='bbox 1786 5693 1970 5755; x_wconf 56' lang='lat' dir='ltr'><strong>xul‘z.</strong></span> 
     </span>
    </p>
   </div>
   <div class='ocr_carea' id='block_1_88' title="bbox 2059 3409 3638 3480">
    <p class='ocr_par' dir='ltr' id='par_1_88' title="bbox 2059 3409 3638 3480">
     <span class='ocr_line' id='line_1_88' title="bbox 2059 3409 3638 3480; baseline -0.003 -14"><span class='ocrx_word' id='word_1_689' title='bbox 2059 3411 2176 3466; x_wconf 76' lang='lat' dir='ltr'><strong>Non</strong></span> <span class='ocrx_word' id='word_1_690' title='bbox 2197 3413 2342 3467; x_wconf 90' lang='lat' dir='ltr'><strong>enim</strong></span> <span class='ocrx_word' id='word_1_691' title='bbox 2373 3425 2563 3467; x_wconf 84' lang='lat' dir='ltr'><strong>omnes</strong></span> <span class='ocrx_word' id='word_1_692' title='bbox 2587 3409 2677 3480; x_wconf 91' lang='lat' dir='ltr'><strong>qui</strong></span> <span class='ocrx_word' id='word_1_693' title='bbox 2705 3423 2768 3464; x_wconf 81' lang='lat' dir='ltr'><strong>ex</strong></span> <span class='ocrx_word' id='word_1_694' title='bbox 2807 3409 3140 3473; x_wconf 86' lang='lat' dir='ltr'><strong>Abrahamo,</strong></span> <span class='ocrx_word' id='word_1_695' title='bbox 3186 3410 3264 3465; x_wconf 92' lang='lat' dir='ltr'><strong>illi</strong></span> <span class='ocrx_word' id='word_1_696' title='bbox 3317 3409 3638 3479; x_wconf 86' lang='lat' dir='ltr'><strong>simpliciter</strong></span> 
     </span>
    </p>
   </div>
   <div class='ocr_carea' id='block_1_89' title="bbox 2059 3499 3638 3573">
    <p class='ocr_par' dir='ltr' id='par_1_89' title="bbox 2059 3499 3638 3573">
     <span class='ocr_line' id='line_1_89' title="bbox 2059 3499 3638 3573; baseline -0.003 -14"><span class='ocrx_word' id='word_1_697' title='bbox 2059 3513 2188 3559; x_wconf 85' lang='lat' dir='ltr'><strong>sunt</strong></span> <span class='ocrx_word' id='word_1_698' title='bbox 2243 3517 2426 3560; x_wconf 87' lang='lat' dir='ltr'><strong>semen</strong></span> <span class='ocrx_word' id='word_1_699' title='bbox 2456 3515 2472 3561; x_wconf 86' lang='lat'><strong>:</strong></span> <span class='ocrx_word' id='word_1_700' title='bbox 2510 3516 2688 3570; x_wconf 86' lang='lat' dir='ltr'><strong>neque</strong></span> <span class='ocrx_word' id='word_1_701' title='bbox 2723 3503 2815 3573; x_wconf 91' lang='lat' dir='ltr'><strong>qui</strong></span> <span class='ocrx_word' id='word_1_702' title='bbox 2854 3517 2923 3556; x_wconf 78' lang='lat' dir='ltr'><strong>ex</strong></span> <span class='ocrx_word' id='word_1_703' title='bbox 2958 3499 3141 3568; x_wconf 79' lang='lat' dir='ltr'><strong>Israel,</strong></span> <span class='ocrx_word' id='word_1_704' title='bbox 3174 3510 3302 3557; x_wconf 90' lang='lat' dir='ltr'><strong>sunt</strong></span> <span class='ocrx_word' id='word_1_705' title='bbox 3333 3499 3591 3555; x_wconf 70' lang='lat' dir='ltr'><strong>lsraelitae</strong></span> <span class='ocrx_word' id='word_1_706' title='bbox 3625 3517 3638 3554; x_wconf 93' lang='lat'><strong>:</strong></span> 
     </span>
    </p>
   </div>
   <div class='ocr_carea' id='block_1_90' title="bbox 2061 3591 3643 3662">
    <p class='ocr_par' dir='ltr' id='par_1_90' title="bbox 2061 3591 3643 3662">
     <span class='ocr_line' id='line_1_90' title="bbox 2061 3591 3643 3662; baseline -0.003 -14"><span class='ocrx_word' id='word_1_707' title='bbox 2061 3609 2248 3649; x_wconf 83' lang='lat' dir='ltr'><strong>verum</strong></span> <span class='ocrx_word' id='word_1_708' title='bbox 2310 3594 2400 3662; x_wconf 92' lang='lat' dir='ltr'><strong>qui</strong></span> <span class='ocrx_word' id='word_1_709' title='bbox 2452 3594 2751 3648; x_wconf 89' lang='lat' dir='ltr'><strong>secundum</strong></span> <span class='ocrx_word' id='word_1_710' title='bbox 2794 3593 3038 3649; x_wconf 87' lang='lat' dir='ltr'><strong>lsaacum</strong></span> <span class='ocrx_word' id='word_1_711' title='bbox 3092 3593 3204 3647; x_wconf 88' lang='lat' dir='ltr'><strong>nati</strong></span> <span class='ocrx_word' id='word_1_712' title='bbox 3248 3603 3392 3655; x_wconf 89' lang='lat' dir='ltr'><strong>sunt,</strong></span> <span class='ocrx_word' id='word_1_713' title='bbox 3440 3591 3643 3662; x_wconf 88' lang='lat' dir='ltr'><strong>quique</strong></span> 
     </span>
    </p>
   </div>
   <div class='ocr_carea' id='block_1_91' title="bbox 2061 3684 3639 3756">
    <p class='ocr_par' dir='ltr' id='par_1_91' title="bbox 2061 3684 3639 3756">
     <span class='ocr_line' id='line_1_91' title="bbox 2061 3684 3639 3756; baseline -0.002 -15"><span class='ocrx_word' id='word_1_714' title='bbox 2061 3684 2277 3742; x_wconf 84' lang='lat' dir='ltr'><strong>lsraelis</strong></span> <span class='ocrx_word' id='word_1_715' title='bbox 2299 3687 2500 3740; x_wconf 83' lang='lat' dir='ltr'><strong>virtute</strong></span> <span class='ocrx_word' id='word_1_716' title='bbox 2526 3685 2826 3754; x_wconf 90' lang='lat' dir='ltr'><strong>conspicui,</strong></span> <span class='ocrx_word' id='word_1_717' title='bbox 2847 3700 2942 3756; x_wconf 90' lang='lat' dir='ltr'><strong>per</strong></span> <span class='ocrx_word' id='word_1_718' title='bbox 2961 3700 3124 3754; x_wconf 86' lang='lat' dir='ltr'><strong>quam</strong></span> <span class='ocrx_word' id='word_1_719' title='bbox 3149 3684 3318 3740; x_wconf 87' lang='lat' dir='ltr'><strong>Deum</strong></span> <span class='ocrx_word' id='word_1_720' title='bbox 3340 3686 3639 3754; x_wconf 84' lang='lat' dir='ltr'><strong>conspexit.</strong></span> 
     </span>
    </p>
   </div>
   <div class='ocr_carea' id='block_1_92' title="bbox 2062 3777 3638 3846">
    <p class='ocr_par' dir='ltr' id='par_1_92' title="bbox 2062 3777 3638 3846">
     <span class='ocr_line' id='line_1_92' title="bbox 2062 3777 3638 3846; baseline -0.004 -10"><span class='ocrx_word' id='word_1_721' title='bbox 2062 3778 2178 3836; x_wconf 79' lang='lat' dir='ltr'><strong>Non</strong></span> <span class='ocrx_word' id='word_1_722' title='bbox 2197 3778 2340 3835; x_wconf 86' lang='lat' dir='ltr'><strong>enim</strong></span> <span class='ocrx_word' id='word_1_723' title='bbox 2367 3779 2521 3845; x_wconf 80' lang='lat' dir='ltr'><strong>dixit,</strong></span> <span class='ocrx_word' id='word_1_724' title='bbox 2549 3779 2651 3845; x_wconf 86' lang='lat' dir='ltr'><strong>Qui</strong></span> <span class='ocrx_word' id='word_1_725' title='bbox 2681 3795 2746 3834; x_wconf 79' lang='lat' dir='ltr'><strong>ex</strong></span> <span class='ocrx_word' id='word_1_726' title='bbox 2774 3777 2960 3842; x_wconf 83' lang='lat' dir='ltr'><strong>Jacob,</strong></span> <span class='ocrx_word' id='word_1_727' title='bbox 2988 3781 3104 3844; x_wconf 77' lang='lat' dir='ltr'><strong>sed,</strong></span> <span class='ocrx_word' id='word_1_728' title='bbox 3139 3795 3158 3830; x_wconf 82' lang='grc' dir='ltr'>ι</span> <span class='ocrx_word' id='word_1_729' title='bbox 3181 3777 3285 3846; x_wconf 85' lang='lat' dir='ltr'><strong>Qui</strong></span> <span class='ocrx_word' id='word_1_730' title='bbox 3315 3793 3380 3834; x_wconf 80' lang='lat' dir='ltr'><strong>ex</strong></span> <span class='ocrx_word' id='word_1_731' title='bbox 3404 3777 3586 3843; x_wconf 89' lang='lat' dir='ltr'><strong>Israel,</strong></span> <span class='ocrx_word' id='word_1_732' title='bbox 3618 3797 3638 3830; x_wconf 73' lang='grc' dir='ltr'>ι</span> 
     </span>
    </p>
   </div>
   <div class='ocr_carea' id='block_1_93' title="bbox 2065 3870 3646 3942">
    <p class='ocr_par' dir='ltr' id='par_1_93' title="bbox 2065 3870 3646 3942">
     <span class='ocr_line' id='line_1_93' title="bbox 2065 3870 3646 3942; baseline -0.002 -15"><span class='ocrx_word' id='word_1_733' title='bbox 2065 3871 2434 3928; x_wconf 84' lang='lat' dir='ltr'><strong>honoratioris</strong></span> <span class='ocrx_word' id='word_1_734' title='bbox 2461 3871 2702 3928; x_wconf 90' lang='lat' dir='ltr'><strong>nominis</strong></span> <span class='ocrx_word' id='word_1_735' title='bbox 2725 3873 3059 3928; x_wconf 87' lang='lat' dir='ltr'><strong>mentionem</strong></span> <span class='ocrx_word' id='word_1_736' title='bbox 3084 3871 3313 3928; x_wconf 78' lang='lat' dir='ltr'><strong>faciens.</strong></span> <span class='ocrx_word' id='word_1_737' title='bbox 3345 3870 3445 3927; x_wconf 89' lang='lat' dir='ltr'><strong>Ubi</strong></span> <span class='ocrx_word' id='word_1_738' title='bbox 3482 3872 3646 3942; x_wconf 74' lang='lat' dir='ltr'><strong>igitur</strong></span> 
     </span>
    </p>
   </div>
   <div class='ocr_carea' id='block_1_94' title="bbox 2062 3965 3647 4035">
    <p class='ocr_par' dir='ltr' id='par_1_94' title="bbox 2062 3965 3647 4035">
     <span class='ocr_line' id='line_1_94' title="bbox 2062 3965 3647 4035; baseline -0.001 -14"><span class='ocrx_word' id='word_1_739' title='bbox 2062 3965 2319 4021; x_wconf 87' lang='lat' dir='ltr'><strong>didiceris</strong></span> <span class='ocrx_word' id='word_1_740' title='bbox 2346 3965 2438 4035; x_wconf 93' lang='lat' dir='ltr'><strong>qui</strong></span> <span class='ocrx_word' id='word_1_741' title='bbox 2475 3965 2770 4021; x_wconf 85' lang='lat' dir='ltr'><strong>secundum</strong></span> <span class='ocrx_word' id='word_1_742' title='bbox 2819 3965 2969 4022; x_wconf 86' lang='lat' dir='ltr'><strong>Isaac</strong></span> <span class='ocrx_word' id='word_1_743' title='bbox 3003 3973 3324 4031; x_wconf 86' lang='lat' dir='ltr'><strong>nascantur,</strong></span> <span class='ocrx_word' id='word_1_744' title='bbox 3357 3965 3647 4020; x_wconf 86' lang='lat' dir='ltr'><strong>inveniens</strong></span> 
     </span>
    </p>
   </div>
   <div class='ocr_carea' id='block_1_95' title="bbox 2065 4059 3648 4130">
    <p class='ocr_par' dir='ltr' id='par_1_95' title="bbox 2065 4059 3648 4130">
     <span class='ocr_line' id='line_1_95' title="bbox 2065 4059 3648 4130; baseline 0.001 -19"><span class='ocrx_word' id='word_1_745' title='bbox 2065 4066 2349 4114; x_wconf 87' lang='lat' dir='ltr'><strong>vacantem</strong></span> <span class='ocrx_word' id='word_1_746' title='bbox 2376 4059 2661 4114; x_wconf 87' lang='lat' dir='ltr'><strong>mendacio</strong></span> <span class='ocrx_word' id='word_1_747' title='bbox 2698 4059 3112 4130; x_wconf 89' lang='lat' dir='ltr'><strong>promissionem</strong></span> <span class='ocrx_word' id='word_1_748' title='bbox 3149 4075 3164 4114; x_wconf 84' lang='lat'><strong>:</strong></span> <span class='ocrx_word' id='word_1_749' title='bbox 3195 4059 3314 4115; x_wconf 89' lang='lat' dir='ltr'><strong>istis</strong></span> <span class='ocrx_word' id='word_1_750' title='bbox 3342 4059 3488 4113; x_wconf 91' lang='lat' dir='ltr'><strong>enim</strong></span> <span class='ocrx_word' id='word_1_751' title='bbox 3523 4071 3648 4127; x_wconf 85' lang='lat' dir='ltr'><strong>pro-</strong></span> 
     </span>
    </p>
   </div>
   <div class='ocr_carea' id='block_1_96' title="bbox 2069 4149 3650 4221">
    <p class='ocr_par' dir='ltr' id='par_1_96' title="bbox 2069 4149 3650 4221">
     <span class='ocr_line' id='line_1_96' title="bbox 2069 4149 3650 4221; baseline -0.002 -15"><span class='ocrx_word' id='word_1_752' title='bbox 2069 4150 2235 4206; x_wconf 85' lang='lat' dir='ltr'><strong>missa</strong></span> <span class='ocrx_word' id='word_1_753' title='bbox 2259 4161 2387 4206; x_wconf 87' lang='lat' dir='ltr'><strong>sunt</strong></span> <span class='ocrx_word' id='word_1_754' title='bbox 2413 4150 2678 4205; x_wconf 82' lang='lat' dir='ltr'><strong>exhibita.</strong></span> <span class='ocrx_word' id='word_1_755' title='bbox 2709 4150 2888 4218; x_wconf 90' lang='lat' dir='ltr'><strong>Quare</strong></span> <span class='ocrx_word' id='word_1_756' title='bbox 2917 4152 3058 4206; x_wconf 90' lang='lat' dir='ltr'><strong>Deus</strong></span> <span class='ocrx_word' id='word_1_757' title='bbox 3081 4149 3504 4221; x_wconf 88' lang='lat' dir='ltr'><strong>haudquaquam</strong></span> <span class='ocrx_word' id='word_1_758' title='bbox 3535 4163 3650 4204; x_wconf 79' lang='lat' dir='ltr'><strong>ma-</strong></span> 
     </span>
    </p>
   </div>
   <div class='ocr_carea' id='block_1_97' title="bbox 2068 4241 3652 4313">
    <p class='ocr_par' dir='ltr' id='par_1_97' title="bbox 2068 4241 3652 4313">
     <span class='ocr_line' id='line_1_97' title="bbox 2068 4241 3652 4313; baseline 0.002 -20"><span class='ocrx_word' id='word_1_759' title='bbox 2068 4241 2280 4297; x_wconf 89' lang='lat' dir='ltr'><strong>ledictis</strong></span> <span class='ocrx_word' id='word_1_760' title='bbox 2337 4241 2907 4313; x_wconf 85' lang='lat' dir='ltr'><strong>incessendus:quod</strong></span> <span class='ocrx_word' id='word_1_761' title='bbox 2957 4242 3100 4298; x_wconf 88' lang='lat' dir='ltr'><strong>enim</strong></span> <span class='ocrx_word' id='word_1_762' title='bbox 3166 4241 3322 4308; x_wconf 82' lang='lat' dir='ltr'><strong>dixit,</strong></span> <span class='ocrx_word' id='word_1_763' title='bbox 3387 4243 3439 4296; x_wconf 88' lang='lat' dir='ltr'><strong>id</strong></span> <span class='ocrx_word' id='word_1_764' title='bbox 3488 4256 3652 4313; x_wconf 88' lang='lat' dir='ltr'><strong>opere</strong></span> 
     </span>
    </p>
   </div>
   <div class='ocr_carea' id='block_1_98' title="bbox 2068 4333 3648 4404">
    <p class='ocr_par' dir='ltr' id='par_1_98' title="bbox 2068 4333 3648 4404">
     <span class='ocr_line' id='line_1_98' title="bbox 2068 4333 3648 4404; baseline 0.001 -16"><span class='ocrx_word' id='word_1_765' title='bbox 2068 4333 2274 4404; x_wconf 86' lang='lat' dir='ltr'><strong>pariter</strong></span> <span class='ocrx_word' id='word_1_766' title='bbox 2325 4333 2640 4404; x_wconf 87' lang='lat' dir='ltr'><strong>complevit,</strong></span> <span class='ocrx_word' id='word_1_767' title='bbox 2693 4335 2903 4389; x_wconf 83' lang='lat' dir='ltr'><strong>etiamsi</strong></span> <span class='ocrx_word' id='word_1_768' title='bbox 2961 4335 3206 4389; x_wconf 91' lang='lat' dir='ltr'><strong>nonnulli</strong></span> <span class='ocrx_word' id='word_1_769' title='bbox 3246 4333 3392 4388; x_wconf 89' lang='lat' dir='ltr'><strong>haud</strong></span> <span class='ocrx_word' id='word_1_770' title='bbox 3448 4333 3648 4389; x_wconf 88' lang='lat' dir='ltr'><strong>intelli-</strong></span> 
     </span>
    </p>
   </div>
   <div class='ocr_carea' id='block_1_99' title="bbox 2143 4517 3650 4586">
    <p class='ocr_par' dir='ltr' id='par_1_99' title="bbox 2143 4517 3650 4586">
     <span class='ocr_line' id='line_1_99' title="bbox 2143 4517 3650 4586; baseline -0.001 -13"><span class='ocrx_word' id='word_1_771' title='bbox 2143 4517 2311 4573; x_wconf 60' lang='lat' dir='ltr'><strong>Vens.</strong></span> <span class='ocrx_word' id='word_1_772' title='bbox 2342 4519 2397 4586; x_wconf 90' lang='lat'><strong>8,</strong></span> <span class='ocrx_word' id='word_1_773' title='bbox 2430 4519 2482 4573; x_wconf 90' lang='lat'><strong>9.</strong></span> <span class='ocrx_word' id='word_1_774' title='bbox 2521 4537 2540 4570; x_wconf 79' lang='grc' dir='ltr'><strong>ι</strong></span> <span class='ocrx_word' id='word_1_775' title='bbox 2592 4519 2700 4573; x_wconf 85' lang='lat' dir='ltr'><strong>Sed</strong></span> <span class='ocrx_word' id='word_1_776' title='bbox 2743 4519 2794 4573; x_wconf 90' lang='lat' dir='ltr'><strong>iu</strong></span> <span class='ocrx_word' id='word_1_777' title='bbox 2823 4519 2972 4574; x_wconf 85' lang='lat' dir='ltr'><strong>lsaac</strong></span> <span class='ocrx_word' id='word_1_778' title='bbox 3003 4518 3285 4574; x_wconf 87' lang='lat' dir='ltr'><strong>vocabitur</strong></span> <span class='ocrx_word' id='word_1_779' title='bbox 3321 4519 3412 4574; x_wconf 88' lang='lat' dir='ltr'><strong>tibi</strong></span> <span class='ocrx_word' id='word_1_780' title='bbox 3439 4533 3650 4580; x_wconf 87' lang='lat' dir='ltr'><strong>semen,</strong></span> 
     </span>
    </p>
   </div>
   <div class='ocr_carea' id='block_1_100' title="bbox 2073 4611 3653 4681">
    <p class='ocr_par' dir='ltr' id='par_1_100' title="bbox 2073 4611 3653 4681">
     <span class='ocr_line' id='line_1_100' title="bbox 2073 4611 3653 4681; baseline 0.001 -17"><span class='ocrx_word' id='word_1_781' title='bbox 2073 4611 2123 4666; x_wconf 88' lang='lat' dir='ltr'><strong>id</strong></span> <span class='ocrx_word' id='word_1_782' title='bbox 2148 4622 2252 4678; x_wconf 90' lang='lat' dir='ltr'><strong>est,</strong></span> <span class='ocrx_word' id='word_1_783' title='bbox 2291 4627 2395 4666; x_wconf 92' lang='lat' dir='ltr'><strong>non</strong></span> <span class='ocrx_word' id='word_1_784' title='bbox 2429 4614 2518 4681; x_wconf 87' lang='lat' dir='ltr'><strong>qui</strong></span> <span class='ocrx_word' id='word_1_785' title='bbox 2556 4612 2650 4665; x_wconf 87' lang='lat' dir='ltr'><strong>lilii</strong></span> <span class='ocrx_word' id='word_1_786' title='bbox 2675 4611 2877 4677; x_wconf 89' lang='lat' dir='ltr'><strong>carnis,</strong></span> <span class='ocrx_word' id='word_1_787' title='bbox 2913 4611 2975 4666; x_wconf 87' lang='lat' dir='ltr'><strong>hi.</strong></span> <span class='ocrx_word' id='word_1_788' title='bbox 2998 4611 3092 4666; x_wconf 86' lang='lat' dir='ltr'><strong>lilii</strong></span> <span class='ocrx_word' id='word_1_789' title='bbox 3135 4612 3267 4679; x_wconf 90' lang='lat' dir='ltr'><strong>Dei;</strong></span> <span class='ocrx_word' id='word_1_790' title='bbox 3298 4612 3392 4667; x_wconf 83' lang='lat' dir='ltr'><strong>sed</strong></span> <span class='ocrx_word' id='word_1_791' title='bbox 3427 4612 3520 4680; x_wconf 91' lang='lat' dir='ltr'><strong>qui</strong></span> <span class='ocrx_word' id='word_1_792' title='bbox 3556 4611 3653 4666; x_wconf 83' lang='lat' dir='ltr'><strong>lilii</strong></span> 
     </span>
    </p>
   </div>
   <div class='ocr_carea' id='block_1_101' title="bbox 2074 4704 3656 4776">
    <p class='ocr_par' dir='ltr' id='par_1_101' title="bbox 2074 4704 3656 4776">
     <span class='ocr_line' id='line_1_101' title="bbox 2074 4704 3656 4776; baseline 0.001 -18"><span class='ocrx_word' id='word_1_793' title='bbox 2074 4714 2202 4759; x_wconf 90' lang='lat' dir='ltr'><strong>sunt</strong></span> <span class='ocrx_word' id='word_1_794' title='bbox 2240 4705 2619 4776; x_wconf 89' lang='lat' dir='ltr'><strong>promissionis</strong></span> <span class='ocrx_word' id='word_1_795' title='bbox 2648 4705 2987 4761; x_wconf 68' lang='lat' dir='ltr'><strong>aestimantur</strong></span> <span class='ocrx_word' id='word_1_796' title='bbox 3031 4706 3087 4761; x_wconf 93' lang='lat' dir='ltr'><strong>in</strong></span> <span class='ocrx_word' id='word_1_797' title='bbox 3137 4706 3363 4760; x_wconf 90' lang='lat' dir='ltr'><strong>semine.</strong></span> <span class='ocrx_word' id='word_1_798' title='bbox 3412 4704 3656 4760; x_wconf 83' lang='lat' dir='ltr'><strong>Promis-</strong></span> 
     </span>
    </p>
   </div>
   <div class='ocr_carea' id='block_1_102' title="bbox 2076 4798 3657 4866">
    <p class='ocr_par' dir='ltr' id='par_1_102' title="bbox 2076 4798 3657 4866">
     <span class='ocr_line' id='line_1_102' title="bbox 2076 4798 3657 4866; baseline -0.003 -13"><span class='ocrx_word' id='word_1_799' title='bbox 2076 4798 2246 4853; x_wconf 89' lang='lat' dir='ltr'><strong>sionis</strong></span> <span class='ocrx_word' id='word_1_800' title='bbox 2267 4798 2411 4852; x_wconf 89' lang='lat' dir='ltr'><strong>enim</strong></span> <span class='ocrx_word' id='word_1_801' title='bbox 2431 4798 2652 4854; x_wconf 87' lang='lat' dir='ltr'><strong>verbum</strong></span> <span class='ocrx_word' id='word_1_802' title='bbox 2676 4799 2778 4853; x_wconf 85' lang='lat' dir='ltr'><strong>hoc</strong></span> <span class='ocrx_word' id='word_1_803' title='bbox 2809 4809 2894 4855; x_wconf 88' lang='lat' dir='ltr'><strong>est</strong></span> <span class='ocrx_word' id='word_1_804' title='bbox 2925 4817 2940 4853; x_wconf 89' lang='lat'><strong>:</strong></span> <span class='ocrx_word' id='word_1_805' title='bbox 2979 4799 3284 4854; x_wconf 87' lang='lat' dir='ltr'><strong>Secundum</strong></span> <span class='ocrx_word' id='word_1_806' title='bbox 3313 4799 3414 4852; x_wconf 91' lang='lat' dir='ltr'><strong>hoc</strong></span> <span class='ocrx_word' id='word_1_807' title='bbox 3447 4809 3657 4866; x_wconf 83' lang='lat' dir='ltr'><strong>tempus</strong></span> 
     </span>
    </p>
   </div>
   <div class='ocr_carea' id='block_1_103' title="bbox 2079 4888 3653 4961">
    <p class='ocr_par' dir='ltr' id='par_1_103' title="bbox 2079 4888 3653 4961">
     <span class='ocr_line' id='line_1_103' title="bbox 2079 4888 3653 4961; baseline -0.001 -18"><span class='ocrx_word' id='word_1_808' title='bbox 2079 4892 2312 4957; x_wconf 88' lang='lat' dir='ltr'><strong>veniam,</strong></span> <span class='ocrx_word' id='word_1_809' title='bbox 2336 4899 2390 4946; x_wconf 88' lang='lat' dir='ltr'><strong>et</strong></span> <span class='ocrx_word' id='word_1_810' title='bbox 2410 4893 2516 4946; x_wconf 90' lang='lat' dir='ltr'><strong>erit</strong></span> <span class='ocrx_word' id='word_1_811' title='bbox 2543 4890 2694 4946; x_wconf 80' lang='lat' dir='ltr'><strong>Sarae</strong></span> <span class='ocrx_word' id='word_1_812' title='bbox 2726 4890 2868 4945; x_wconf 83' lang='lat' dir='ltr'><strong>ﬁlius</strong></span> <span class='ocrx_word' id='word_1_813' title='bbox 2889 4890 2938 4945; x_wconf 68' lang='grc' dir='ltr'><strong>δ.</strong></span> <span class='ocrx_word' id='word_1_814' title='bbox 2980 4910 2998 4943; x_wconf 76' lang='grc' dir='ltr'>ι</span> <span class='ocrx_word' id='word_1_815' title='bbox 3037 4889 3156 4946; x_wconf 80' lang='lat' dir='ltr'><strong>Non</strong></span> <span class='ocrx_word' id='word_1_816' title='bbox 3184 4905 3302 4961; x_wconf 77' lang='lat' dir='ltr'><strong>ego,</strong></span> <span class='ocrx_word' id='word_1_817' title='bbox 3338 4890 3530 4958; x_wconf 89' lang='lat' dir='ltr'><strong>inquit,</strong></span> <span class='ocrx_word' id='word_1_818' title='bbox 3559 4888 3653 4942; x_wconf 67' lang='lat' dir='ltr'><strong>tibi</strong></span> 
     </span>
    </p>
   </div>
   <div class='ocr_carea' id='block_1_104' title="bbox 2076 4979 3655 5052">
    <p class='ocr_par' dir='ltr' id='par_1_104' title="bbox 2076 4979 3655 5052">
     <span class='ocr_line' id='line_1_104' title="bbox 2076 4979 3655 5052; baseline -0.001 -18"><span class='ocrx_word' id='word_1_819' title='bbox 2076 4979 2404 5050; x_wconf 88' lang='lat' dir='ltr'><strong>interpretor</strong></span> <span class='ocrx_word' id='word_1_820' title='bbox 2447 4982 2577 5052; x_wconf 86' lang='lat' dir='ltr'><strong>quid</strong></span> <span class='ocrx_word' id='word_1_821' title='bbox 2613 4983 2685 5038; x_wconf 90' lang='lat' dir='ltr'><strong>sit</strong></span> <span class='ocrx_word' id='word_1_822' title='bbox 2733 4995 2918 5037; x_wconf 79' lang='lat' dir='ltr'><strong>revera</strong></span> <span class='ocrx_word' id='word_1_823' title='bbox 2949 4998 3136 5038; x_wconf 90' lang='lat' dir='ltr'><strong>semen</strong></span> <span class='ocrx_word' id='word_1_824' title='bbox 3190 4981 3508 5043; x_wconf 76' lang='lat' dir='ltr'><strong>Abrahanti,</strong></span> <span class='ocrx_word' id='word_1_825' title='bbox 3556 4980 3655 5033; x_wconf 85' lang='lat' dir='ltr'><strong>sed</strong></span> 
     </span>
    </p>
   </div>
   <div class='ocr_carea' id='block_1_105' title="bbox 2078 5070 3657 5145">
    <p class='ocr_par' dir='ltr' id='par_1_105' title="bbox 2078 5070 3657 5145">
     <span class='ocr_line' id='line_1_105' title="bbox 2078 5070 3657 5145; baseline -0.002 -18"><span class='ocrx_word' id='word_1_826' title='bbox 2078 5070 2292 5129; x_wconf 82' lang='lat' dir='ltr'><strong>Veteris</strong></span> <span class='ocrx_word' id='word_1_827' title='bbox 2309 5072 2641 5130; x_wconf 85' lang='lat' dir='ltr'><strong>Testamenti</strong></span> <span class='ocrx_word' id='word_1_828' title='bbox 2675 5073 2977 5144; x_wconf 89' lang='lat' dir='ltr'><strong>Scriptura,</strong></span> <span class='ocrx_word' id='word_1_829' title='bbox 3013 5091 3133 5145; x_wconf 81' lang='lat' dir='ltr'><strong>quae</strong></span> <span class='ocrx_word' id='word_1_830' title='bbox 3163 5073 3314 5140; x_wconf 90' lang='lat' dir='ltr'><strong>dicit,</strong></span> <span class='ocrx_word' id='word_1_831' title='bbox 3362 5089 3380 5124; x_wconf 81' lang='grc' dir='ltr'><strong>ι</strong></span> <span class='ocrx_word' id='word_1_832' title='bbox 3419 5071 3475 5126; x_wconf 92' lang='lat' dir='ltr'><strong>ln</strong></span> <span class='ocrx_word' id='word_1_833' title='bbox 3507 5071 3657 5127; x_wconf 81' lang='lat' dir='ltr'><strong>lsaac</strong></span> 
     </span>
    </p>
   </div>
   <div class='ocr_carea' id='block_1_106' title="bbox 2074 5166 3658 5237">
    <p class='ocr_par' dir='ltr' id='par_1_106' title="bbox 2074 5166 3658 5237">
     <span class='ocr_line' id='line_1_106' title="bbox 2074 5166 3658 5237; baseline -0.001 -15"><span class='ocrx_word' id='word_1_834' title='bbox 2074 5166 2476 5223; x_wconf 88' lang='lat' dir='ltr'><strong>vocabiturtibi</strong></span> <span class='ocrx_word' id='word_1_835' title='bbox 2513 5183 2698 5224; x_wconf 86' lang='lat' dir='ltr'><strong>semen</strong></span> <span class='ocrx_word' id='word_1_836' title='bbox 2732 5166 2778 5224; x_wconf 80' lang='grc' dir='ltr'><strong>ί.</strong></span> <span class='ocrx_word' id='word_1_837' title='bbox 2820 5187 2840 5220; x_wconf 76' lang='grc' dir='ltr'>ι</span> <span class='ocrx_word' id='word_1_838' title='bbox 2877 5169 3143 5236; x_wconf 88' lang='lat' dir='ltr'><strong>Quocirca</strong></span> <span class='ocrx_word' id='word_1_839' title='bbox 3173 5175 3438 5237; x_wconf 89' lang='lat' dir='ltr'><strong>quotquot</strong></span> <span class='ocrx_word' id='word_1_840' title='bbox 3460 5180 3658 5220; x_wconf 68' lang='lat' dir='ltr'><strong>secun«</strong></span> 
     </span>
    </p>
   </div>
   <div class='ocr_carea' id='block_1_107' title="bbox 2075 5258 3657 5331">
    <p class='ocr_par' dir='ltr' id='par_1_107' title="bbox 2075 5258 3657 5331">
     <span class='ocr_line' id='line_1_107' title="bbox 2075 5258 3657 5331; baseline -0.003 -15"><span class='ocrx_word' id='word_1_841' title='bbox 2075 5261 2198 5316; x_wconf 89' lang='lat' dir='ltr'><strong>dum</strong></span> <span class='ocrx_word' id='word_1_842' title='bbox 2233 5260 2384 5317; x_wconf 89' lang='lat' dir='ltr'><strong>lsaac</strong></span> <span class='ocrx_word' id='word_1_843' title='bbox 2437 5263 2548 5316; x_wconf 88' lang='lat' dir='ltr'><strong>nati</strong></span> <span class='ocrx_word' id='word_1_844' title='bbox 2587 5271 2752 5328; x_wconf 90' lang='lat' dir='ltr'><strong>sunt,</strong></span> <span class='ocrx_word' id='word_1_845' title='bbox 2796 5263 2900 5318; x_wconf 93' lang='lat' dir='ltr'><strong>hoc</strong></span> <span class='ocrx_word' id='word_1_846' title='bbox 2934 5271 3020 5318; x_wconf 92' lang='lat' dir='ltr'><strong>est</strong></span> <span class='ocrx_word' id='word_1_847' title='bbox 3058 5277 3123 5317; x_wconf 81' lang='lat' dir='ltr'><strong>ex</strong></span> <span class='ocrx_word' id='word_1_848' title='bbox 3161 5259 3544 5331; x_wconf 88' lang='lat' dir='ltr'><strong>promissione,</strong></span> <span class='ocrx_word' id='word_1_849' title='bbox 3580 5258 3657 5312; x_wconf 87' lang='lat' dir='ltr'><strong>illi</strong></span> 
     </span>
    </p>
   </div>
   <div class='ocr_carea' id='block_1_108' title="bbox 2079 5345 3656 5416">
    <p class='ocr_par' dir='ltr' id='par_1_108' title="bbox 2079 5345 3656 5416">
     <span class='ocr_line' id='line_1_108' title="bbox 2079 5345 3656 5416; baseline -0.008 -10"><span class='ocrx_word' id='word_1_850' title='bbox 2079 5359 2208 5406; x_wconf 90' lang='lat' dir='ltr'><strong>sunt</strong></span> <span class='ocrx_word' id='word_1_851' title='bbox 2255 5365 2446 5406; x_wconf 87' lang='lat' dir='ltr'><strong>revera</strong></span> <span class='ocrx_word' id='word_1_852' title='bbox 2494 5351 2590 5406; x_wconf 84' lang='lat' dir='ltr'><strong>lilii</strong></span> <span class='ocrx_word' id='word_1_853' title='bbox 2647 5351 2946 5416; x_wconf 80' lang='lat' dir='ltr'><strong>Abraham,</strong></span> <span class='ocrx_word' id='word_1_854' title='bbox 2980 5352 3089 5405; x_wconf 92' lang='lat' dir='ltr'><strong>imo</strong></span> <span class='ocrx_word' id='word_1_855' title='bbox 3111 5361 3242 5403; x_wconf 89' lang='lat' dir='ltr'><strong>vero</strong></span> <span class='ocrx_word' id='word_1_856' title='bbox 3270 5345 3386 5400; x_wconf 86' lang='lat' dir='ltr'><strong>Dei.</strong></span> <span class='ocrx_word' id='word_1_857' title='bbox 3425 5345 3656 5401; x_wconf 77' lang='lat' dir='ltr'><strong>Verbum</strong></span> 
     </span>
    </p>
   </div>
   <div class='ocr_carea' id='block_1_109' title="bbox 2078 5435 3654 5514">
    <p class='ocr_par' dir='ltr' id='par_1_109' title="bbox 2078 5435 3654 5514">
     <span class='ocr_line' id='line_1_109' title="bbox 2078 5435 3654 5514; baseline -0.008 -13"><span class='ocrx_word' id='word_1_858' title='bbox 2078 5446 2222 5501; x_wconf 85' lang='lat' dir='ltr'><strong>enim</strong></span> <span class='ocrx_word' id='word_1_859' title='bbox 2283 5445 2526 5500; x_wconf 86' lang='lat' dir='ltr'><strong>divinum</strong></span> <span class='ocrx_word' id='word_1_860' title='bbox 2560 5446 2783 5500; x_wconf 89' lang='lat' dir='ltr'><strong>omnino</strong></span> <span class='ocrx_word' id='word_1_861' title='bbox 2823 5443 3104 5514; x_wconf 90' lang='lat' dir='ltr'><strong>impletum</strong></span> <span class='ocrx_word' id='word_1_862' title='bbox 3156 5449 3297 5496; x_wconf 87' lang='lat' dir='ltr'><strong>erat.</strong></span> <span class='ocrx_word' id='word_1_863' title='bbox 3337 5435 3457 5493; x_wconf 87' lang='lat' dir='ltr'><strong>Non</strong></span> <span class='ocrx_word' id='word_1_864' title='bbox 3510 5435 3654 5491; x_wconf 87' lang='lat' dir='ltr'><strong>enim</strong></span> 
     </span>
    </p>
   </div>
   <div class='ocr_carea' id='block_1_110' title="bbox 2076 5536 3661 5609">
    <p class='ocr_par' dir='ltr' id='par_1_110' title="bbox 2076 5536 3661 5609">
     <span class='ocr_line' id='line_1_110' title="bbox 2076 5536 3661 5609; baseline -0.007 -17"><span class='ocrx_word' id='word_1_865' title='bbox 2076 5537 2229 5594; x_wconf 85' lang='lat' dir='ltr'><strong>Isaac</strong></span> <span class='ocrx_word' id='word_1_866' title='bbox 2259 5536 2376 5608; x_wconf 81' lang='lat' dir='ltr'><strong>lege</strong></span> <span class='ocrx_word' id='word_1_867' title='bbox 2404 5537 2753 5609; x_wconf 87' lang='lat' dir='ltr'><strong>potentiaque</strong></span> <span class='ocrx_word' id='word_1_868' title='bbox 2790 5542 2995 5590; x_wconf 67' lang='lat' dir='ltr'><strong>natura:</strong></span> <span class='ocrx_word' id='word_1_869' title='bbox 3025 5541 3184 5590; x_wconf 86' lang='lat' dir='ltr'><strong>natus</strong></span> <span class='ocrx_word' id='word_1_870' title='bbox 3216 5540 3323 5599; x_wconf 90' lang='lat' dir='ltr'><strong>est,</strong></span> <span class='ocrx_word' id='word_1_871' title='bbox 3362 5542 3548 5586; x_wconf 85' lang='lat' dir='ltr'><strong>verum</strong></span> <span class='ocrx_word' id='word_1_872' title='bbox 3575 5543 3661 5582; x_wconf 81' lang='lat' dir='ltr'><strong>se-</strong></span> 
     </span>
    </p>
   </div>
   <div class='ocr_carea' id='block_1_111' title="bbox 1755 5807 2318 5870">
    <p class='ocr_par' dir='ltr' id='par_1_111' title="bbox 1755 5807 2318 5870">
     <span class='ocr_line' id='line_1_111' title="bbox 1755 5807 2318 5870; baseline -0.002 -3"><span class='ocrx_word' id='word_1_873' title='bbox 1755 5808 1960 5869; x_wconf 77' lang='lat' dir='ltr'><strong>Varioe</strong></span> <span class='ocrx_word' id='word_1_874' title='bbox 1989 5807 2318 5870; x_wconf 80' lang='lat' dir='ltr'><strong>lectiones.</strong></span> 
     </span>
    </p>
   </div>
   <div class='ocr_carea' id='block_1_112' title="bbox 465 5905 2785 5988">
    <p class='ocr_par' dir='ltr' id='par_1_112' title="bbox 465 5905 2785 5988">
     <span class='ocr_line' id='line_1_112' title="bbox 465 5905 2785 5988; baseline -0.005 -15"><span class='ocrx_word' id='word_1_875' title='bbox 465 5920 509 5950; x_wconf 74' lang='lat'><strong>&quot;</strong></span> <span class='ocrx_word' id='word_1_876' title='bbox 531 5919 598 5973; x_wconf 69' lang='grc' dir='ltr'>τὰ</span> <span class='ocrx_word' id='word_1_877' title='bbox 627 5935 684 5976; x_wconf 90' lang='grc' dir='ltr'>ο.</span> <span class='ocrx_word' id='word_1_878' title='bbox 762 5915 807 5949; x_wconf 72' lang='grc'>⁵³</span> <span class='ocrx_word' id='word_1_879' title='bbox 848 5916 1077 5973; x_wconf 84' lang='grc' dir='ltr'>ἐθνικῶν</span> <span class='ocrx_word' id='word_1_880' title='bbox 1108 5932 1163 5972; x_wconf 92' lang='lat' dir='ltr'><strong>o.</strong></span> <span class='ocrx_word' id='word_1_881' title='bbox 1244 5916 1288 5948; x_wconf 76' lang='lat'>“</span> <span class='ocrx_word' id='word_1_882' title='bbox 1316 5916 1582 5988; x_wconf 73' lang='grc' dir='ltr'>εἰάθησαν</span> <span class='ocrx_word' id='word_1_883' title='bbox 1611 5931 1665 5972; x_wconf 90' lang='grc' dir='ltr'>ο.</span> <span class='ocrx_word' id='word_1_884' title='bbox 1742 5915 1786 5946; x_wconf 84' lang='grc'>²⁸</span> <span class='ocrx_word' id='word_1_885' title='bbox 1814 5911 2140 5984; x_wconf 77' lang='grc' dir='ltr'>ἑρμηνεύσω</span> <span class='ocrx_word' id='word_1_886' title='bbox 2172 5908 2225 5961; x_wconf 84' lang='grc' dir='ltr'><strong>τί</strong></span> <span class='ocrx_word' id='word_1_887' title='bbox 2267 5923 2319 5964; x_wconf 91' lang='grc' dir='ltr'>ο.</span> <span class='ocrx_word' id='word_1_888' title='bbox 2398 5909 2442 5940; x_wconf 80' lang='grc'><strong>²⁶</strong></span> <span class='ocrx_word' id='word_1_889' title='bbox 2484 5905 2696 5978; x_wconf 79' lang='grc' dir='ltr'>ἀληθῶς</span> <span class='ocrx_word' id='word_1_890' title='bbox 2731 5921 2785 5962; x_wconf 87' lang='grc' dir='ltr'>ο.</span> 
     </span>
    </p>
   </div>
  </div>
