4038 6598
455 393 564 461 463

1407 397 1992 461 TIIEOPHYLACTI
2033 401 2444 467 BULGARIE
2481 407 2838 474 ARCHIEP.

3643 413 3762 478 4‘51.

457 514 691 569 cundum
717 513 1010 585 potentiam
1043 509 1426 584 promissionis
1452 531 1465 567 :
1487 529 1646 582 nam;
1671 533 1689 567 ι
1725 514 2028 576 Secundum

2142 517 2278 572 ἀλλά
2327 521 2469 574 κατά
2497 521 2733 595 δύναμιν
2779 527 3139 597 ἐπαγγελίας·
3179 549 3198 584 ι
3233 529 3390 587 Κατὰ
3433 531 3526 586 τὸν
3555 533 3762 605 καιρὸν

457 609 561 663 hoc
617 616 829 676 tempus
860 608 1097 673 veniam,
1140 605 1338 677 inquit,
1369 616 1425 662 et
1479 608 1586 664 erit
1633 606 1780 662 Sara:
1813 608 1974 664 ﬁlius.
2023 627 2042 662 ι

456 702 689 760 Verbum
723 706 905 774 itaque
939 704 1032 759 Dei
1077 703 1235 759 ﬁnxit
1285 703 1458 769 Isaac,
1492 713 1548 758 et
1603 705 1810 776 genuit.
1853 703 2049 761 Consi-

2151 611 2262 685 γὰρ
2303 613 2491 672 τοῦτον
2537 618 2855 690 ἐλεύσομαι,
2902 622 3001 676 καὶ¹
3038 623 3193 679 ἔσται
3237 629 3304 697 τῇ
3336 626 3526 699 Σάρρᾳ
3552 627 3690 690 υίός.
3730 647 3752 678 ρ

2150 707 2224 760 Τὸ
2253 703 2350 763 οὖν
2379 710 2532 781 ῥῆμα
2558 711 2652 765 τοῦ
2679 713 2814 768 Θεοῦ
2837 715 3096 771 διέπλασε
3126 720 3219 773 τὸν
3258 721 3442 774 Ἰσαάκ
3475 725 3569 775 καὶ
3587 723 3756 789 ἐγέν-

456 795 570 850 tnili
616 810 750 850 sane
793 797 1005 850 ratione
1054 811 1218 865 super
1268 810 1366 850 nos
1417 795 1560 850 ﬁlios
1599 795 1691 850 Dei
1742 795 1795 850 in
1831 794 2028 851 lavacri

2148 817 2313 872 νιησεν
2347 804 2413 856 ⁸⁷.
2452 803 2611 858 υῦτω
2655 805 2721 878 δὴ
2767 810 2863 862 καὶ
2896 811 2981 880 ἐφ’
3011 812 3171 883 ἡμῶν
3219 815 3329 867 τῶν
3383 813 3598 867 τέκνοιν
3645 812 3752 867 tot?

451 897 815 967 baptismatis,
866 897 1038 953 veluti
1087 897 1142 952 in
1183 895 1428 962 matrice,
1470 895 1634 951 verba
1681 895 1860 950 divina
1911 911 2036 968 pro-

449 990 794 1057 nuntiantur,
814 1005 988 1061 eaque
1034 1004 1133 1044 nos
1165 988 1480 1059 reﬁngunt:
1517 988 1786 1057 siquidem
1831 988 1884 1042 in
1944 1003 2044 1042 no-

451 1079 597 1136 mine
630 1081 829 1147 Patrts,
881 1090 936 1135 et
965 1078 1112 1144 Filii,
1149 1085 1206 1134 et
1234 1077 1475 1147 Spiritus
1518 1076 1718 1140 sancti,
1775 1074 2034 1146 haptizati

447 1185 790 1242 generantur.
818 1175 896 1228 Ac
928 1171 1156 1244 perinde
1183 1180 1242 1225 ut
1273 1170 1380 1225 illic
1428 1168 1595 1224 lsaaci
1628 1168 2040 1238 generationem

449 1267 792 1334 promiserat,
823 1281 984 1336 quam
1037 1275 1223 1334 postea
1265 1262 1530 1332 implevit,
1573 1259 1656 1314 sic
1703 1267 1756 1314 et
1800 1265 2040 1313 nostram

448 1357 918 1428 regenerationem
963 1353 1218 1425 promisit
1270 1369 1367 1424 per
1400 1351 1715 1422 prophetas,
1758 1357 1817 1405 et
1854 1357 2041 1418 postea

445 1446 694 1518 perfecit.
719 1447 898 1515 Quare
931 1447 1082 1512 illud,
1123 1466 1140 1498 ι
1196 1445 1251 1500 lu
1290 1444 1441 1499 Isaac
1471 1443 1760 1498 vocabitur
1800 1440 1898 1496 tibi
1957 1456 2042 1496 se-

445 1557 592 1610 men,
633 1559 651 1594 ι
693 1544 774 1598 sic
804 1540 1179 1610 accipiendum
1211 1547 1295 1594 est
1327 1556 1342 1593 :
1371 1535 1449 1592 illi
1482 1546 1608 1592 sunt
1643 1549 1831 1592 semen
1869 1535 2042 1590 Abra-

446 1635 728 1705 ltami,qui
777 1634 948 1690 lsaaci
1005 1631 1312 1687 nativitatis
1349 1630 1416 1685 ad
1454 1631 1628 1686 instar
1677 1641 1802 1685 sunt
1836 1629 2037 1701 geniti,

447 1731 553 1783 hoc
608 1740 691 1783 est
749 1742 844 1798 per
875 1728 1098 1782 verbum
1151 1725 1419 1780 divinum.
1471 1722 1586 1778 Non
1635 1723 1803 1794 igitur
1839 1722 2042 1778 excidit

2149 893 2309 962 Θεοῦ,
2343 895 2402 949 ἐν
2431 900 2497 968 τῇ
2542 898 2924 973 κολυμϐήθρᾳ,
2959 904 3038 969 ὡς
3070 907 3127 958 ἐν
3169 907 3356 979 μήτρᾳ
3389 907 3436 939 ⁸³
3463 949 3477 970 ,
3517 907 3754 977 ῥήματα

2149 986 2271 1042 θεῖα
2301 988 2675 1060 ἐπιλέγονται,
2705 997 2939 1050 κάκεῖνα
2966 998 3114 1068 ἡμᾶς
3145 998 3608 1053 ἀναπλάττουσιν.
3649 1000 3752 1063 Et;

2145 1080 2318 1149 ὄνομα
2347 1081 2456 1153 γὰρ
2489 1083 2724 1156 Πατρὸς,
2774 1089 2870 1142 καὶ
2902 1089 3056 1157 Υίοῦ,
3085 1093 3182 1144 καὶ
3210 1091 3371 1162 ἁγίου
3413 1092 3750 1163 Πνεύματυς

2149 1173 2538 1246 βαπτιζόμενοι
2574 1179 2919 1252 γεννώμεθα.
2966 1185 3075 1236 Καὶ
3102 1184 3293 1257 ὥσπερ
3330 1188 3448 1241 ἐκεῖ
3471 1186 3749 1258 ἐπηγγεί-

2144 1265 2276 1318 λατο
2306 1265 2406 1336 τὴν
2446 1265 2540 1321 τοῦ
2588 1270 2776 1324 Ἰσαὰκ
2813 1273 3072 1343 γέννησιν
3100 1312 3116 1339 ,
3144 1269 3246 1328 εἷθ’
3284 1274 3515 1348 ὕστερον
3566 1276 3748 1346 ἐπλή-

2146 1375 2323 1429 ρωσεν
2347 1375 2360 1390 ο
2388 1359 2531 1413 οὕτω
2561 1368 2656 1415 καὶ
2683 1362 2782 1434 τὴν
2805 1365 3085 1437 ἡμετέραν
3111 1368 3480 1437 ἐπηγγείλατο
3505 1368 3594 1422 διὰ
3624 1369 3745 1422 τῶν

2145 1453 2464 1522 προφητῶν,
2520 1455 2617 1509 καὶ
2656 1457 2795 1525 μετά
2847 1457 3023 1512 ταῦτα
3055 1459 3374 1515 ἐτελείωσεν
3414 1479 3430 1494 ·
3461 1462 3609 1516 ὥστε
3648 1462 3741 1527 τὸ,

2148 1564 2168 1598 ι
2204 1547 2498 1602 ῈνἼσαὰκ
2527 1549 2860 1620 κληθήσεταί
2883 1570 2964 1605 σοι
2985 1554 3228 1624 σπέρμα,
3260 1573 3279 1605 ι
3300 1553 3444 1608 οὕτω
3469 1555 3741 1623 νοεῖσθαι,

2141 1638 2264 1692 ἀντὶ
2290 1639 2424 1704 τοῦ,
2472 1643 2702 1696 Ἐκεϊνοί
2760 1644 2870 1696 εἰσι
2901 1645 3133 1716 σπέρμα
3177 1647 3453 1719 Ἀϐραὰμ,
3490 1648 3550 1701 ei
3591 1649 3744 1703 κατὰ

2140 1731 2233 1785 τὸν
2267 1733 2471 1802 τρόπον
2510 1739 2609 1803 τῆς
2643 1736 2738 1791 τοῦ
2778 1738 2964 1793 Ἰσαὰκ
2996 1741 3308 1811 γεννήσεως
3354 1743 3740 1814 γεννηθέντες,

443 1836 624 1876 sermo
682 1818 801 1886 Dei,
859 1820 955 1876 sed
1014 1833 1141 1874 vero
1203 1817 1422 1881 semini,
1480 1817 1580 1871 hoc
1643 1825 1730 1870 est
1791 1815 2028 1870 ﬁdelibus

2141 1827 2412 1891 τουτέστι,
2444 1827 2534 1881 διά
2562 1829 2724 1898 λόγου
2767 1830 2934 1886 θείου.
2980 1833 3095 1887 Οὐκ
3139 1834 3250 1907 ἄρα
3278 1835 3663 1890 διαπέπτωκεν
3697 1837 3740 1890 ὁ

443 1928 508 1967 ex
537 1911 811 1982 gentibus,
846 1909 939 1981 qui
987 1909 1117 1964 iacti
1169 1919 1297 1964 sunt
1350 1906 1444 1961 ﬁlii
1481 1905 1577 1960 Dei
1608 1907 1752 1960 sicut
1781 1914 1836 1960 et
1866 1905 2028 1971 Isaac,

2144 1916 2299 1988 λόγος
2335 1919 2428 1974 τοῦ
2463 1897 2795 1984 Θεοῦ,ίάλλά
2843 1924 2923 1995 τῷ
2972 1897 3215 1998 ἀληθινῷ
3269 1930 3569 2001 σπέρματι,
3609 1947 3744 1984 του-

445 2015 719 2077 quatenus
753 2012 806 2060 et
838 2005 890 2059 hi
911 2017 975 2059 ex
1006 2001 1390 2074 promissione,
1423 2001 1569 2054 dedit
1609 2015 1729 2070 qua:
1765 1999 2034 2069 promisit.

445 2100 542 2154 Sin
573 2107 750 2154 autem
777 2095 946 2153 Judtei
977 2098 1161 2153 dicant
1190 2095 1332 2164 quod
1364 2093 1505 2148 istud
1533 2107 1603 2158 ,‘c
1648 2093 1703 2146 In
1739 2092 1890 2148 Isaac
1938 2109 2035 2148 vo-

447 2191 668 2249 cabitur
698 2191 793 2246 tibi
826 2203 1034 2257 semen,
1074 2207 1094 2240 ›
1135 2187 1241 2244 hoc
1289 2185 1582 2257 signiﬁcat,
1640 2200 1855 2255 nempe,
1889 2183 2033 2256 quod

445 2283 482 2339 ii
513 2283 604 2355 qui
631 2283 779 2338 Isaac
808 2280 1057 2353 prognati
1108 2287 1287 2345 erant,
1339 2293 1525 2334 semen
1577 2276 1814 2332 Abrahae
1870 2293 2033 2346 repu-

445 2386 649 2442 teutur,
693 2383 974 2446 oporteret
1022 2382 1077 2429 et
1130 2371 1397 2426 Idumaeos
1449 2380 1504 2426 et
1538 2385 1729 2425 omnes
1793 2369 1861 2425 ab
1914 2370 2032 2438 ipso

439 2471 702 2526 oriundos
728 2483 912 2525 semen
949 2466 1183 2522 Abrahae
1233 2464 1516 2536 appellari.
1563 2462 1842 2532 Siquidem
1885 2465 2032 2532 ipso-

440 2578 560 2619 rum
582 2562 892 2635 progenitor
916 2560 1056 2616 Esau
1084 2559 1225 2615 ﬁlius
1249 2568 1364 2614 erat
1392 2556 1564 2613 lsaac.
1595 2558 1758 2627 Atqui
1782 2556 1894 2628 jam
1921 2573 2028 2612 non

437 2658 614 2716 solum
671 2673 776 2712 non
823 2665 1088 2712 vocantur
1118 2652 1414 2708 Abrahami
1468 2651 1586 2717 ﬁlii,
1615 2665 1802 2704 verum
1858 2650 2022 2706 etiam

439 2751 595 2807 valde
623 2757 750 2806 sunt
770 2746 1083 2812 abalienati,
1109 2744 1508 2814 alienigenique
1531 2743 1803 2798 dicuntur.

2143 2008 2316 2074 τέστι,
2343 2011 2456 2075 τοῖς
2479 2010 2538 2077 ἐξ
2557 2013 2728 2067 ἐθνῶν
2759 2019 2977 2081 πιστοῖς
2995 2058 3010 2082 ,
3035 2021 3149 2084 τοῖς
3176 2021 3493 2096 γενομένοις
3515 2022 3742 2088 τέκνοις

2145 2101 2305 2167 Θεοῦ,
2339 2103 2415 2167 ὡς
2435 2104 2532 2157 καλ⁵
2577 2107 2606 2158 6
2655 2107 2866 2174 Ἰσαὰκ,
2910 2109 3048 2165 καθό
3078 2113 3173 2166 καὶ
3194 2106 3340 2167 οὗτοι
3387 2114 3448 2180 ἐξ
3493 2115 3742 2184 ἐπαγγε-

2143 2193 2280 2258 λίας,
2316 2195 2548 2249 δέδωκεν
2576 2196 2612 2252 ἃ.
2638 2199 2926 2271 ὑπέσχετο.
2966 2202 3028 2254 Ei
3052 2202 3108 2257 δὲ
3134 2203 3350 2272 λέγοιεν
3377 2207 3427 2260 oi
3463 2207 3737 2273 Ἰουδαῖοι,

2141 2285 2223 2338 ὅτι
2256 2285 2339 2353 τὸ,
2377 2307 2396 2340 ι
2434 2287 2526 2342 Ἐν
2557 2291 2748 2345 Ἰσαὰκ
2778 2293 3115 2365 κληθήσεταί
3139 2313 3221 2350 σοι
3248 2299 3493 2369 σπέρμα,
3531 2317 3548 2349 ι
3573 2299 3741 2353 τοῦτο

2139 2379 2308 2449 δηλοῖ,
2334 2381 2393 2434 τὸ
2417 2384 2545 2447 τοὺς
2589 2385 2650 2450 ἐξ
2682 2384 2871 2440 Ἰσαὰκ
2899 2388 3280 2460 γεννωμένους
3305 2390 3623 2460 λογίζεσθαι
3655 2390 3739 2463 τῷ

2141 2471 2396 2545 Ἀϐραὰμ
2427 2475 2508 2538 είς
2542 2478 2768 2548 σπέρμα
2786 2495 2800 2510 ο
2841 2479 2952 2534 εδει
2979 2481 3073 2535 καὶ
3099 2481 3227 2545 τοὺς
3249 2481 3612 2554 Ἰδουμαίους,
3637 2483 3738 2537 καὶ

2141 2563 2349 2628 πάντας
2364 2565 2606 2631 ἐκείνους
2628 2569 2696 2634 ”,
2725 2569 2951 2642 σπέρμα
2971 2572 3230 2645 Ἀϐραάμ
3264 2574 3650 2644 χρηματίζειν.
3670 2575 3734 2628 '0

2140 2654 2301 2727 γάρ³⁰
2319 2657 2585 2728 πρόγονος
2606 2659 2787 2714 αὐτῶν
2815 2661 3011 2728 Ἡσαῦ,
3034 2659 3228 2736 υίὸςῆν
3254 2665 3350 2718 τοῦ
3373 2666 3580 2720 Ἰσαάκ.
3614 2664 3738 2719 Νῦν

2129 2745 2187 2800 δὲ
2209 2749 2270 2802 ού
2312 2748 2562 2822 μόνονζού
2587 2753 3027 2823 χρηματίζουσιν
3046 2755 3152 2810 υἱοὶ
3180 2755 3274 2810 τοῦ
3293 2756 3570 2829 Ἀϐραὰμ,
3590 2757 3735 2813 ἀλλὰ

2139 2844 2235 2897 καὶ
2254 2844 2461 2912 σφόδρα
2475 2843 2887 2918 ἠλλοτρίωνται,
2905 2850 3002 2902 καὶ
3036 2848 3325 2919 ἀλλόφυλοι
3349 2849 3734 2921 ὀνομάζονται.

512 2942 626 3016 69
669 2939 834 2996 Vens.
873 2938 964 2994 10.
1004 2957 1023 2990 ι
1063 2937 1178 2994 Non
1204 2937 1377 2994 solum
1412 2948 1616 3004 autem,
1654 2937 1746 2994 sed
1791 2936 2028 2993 Rebecca

2219 2956 2239 2989 ι
2279 2937 2354 2990 Οὐ
2388 2938 2549 3009 μόνον
2586 2938 2667 3005 δέ,
2711 2938 2848 2994 ἀλλὰ
2883 2939 2981 2995 καὶ
3024 2941 3318 3008 Ῥεϐέκκα,
3354 2942 3414 3008 ἐξ
3465 2942 3583 3008 ἐνὸς
3611 2945 3733 2997 κοί⁶

439 3038 604 3094 etiam
659 3051 725 3090 ex
787 3047 896 3089 uno
951 3040 1299 3102 conceperat,
1367 3030 1518 3086 Isaac
1566 3040 1718 3101 patre
1763 3040 1964 3087 nostro.
2007 3049 2026 3082 ι

439 3125 764 3183 Monstravit
796 3124 940 3194 quod
970 3139 1093 3180 cum
1147 3123 1299 3179 ntulti
1321 3130 1376 3178 et
1405 3123 1542 3179 varii
1585 3123 1903 3178 Abrahamo
1943 3137 2032 3178 es-

439 3229 566 3278 sent
601 3219 720 3287 ﬁlii,
744 3217 900 3275 isaac
929 3217 1240 3273 vocatussit
1278 3229 1508 3271 semen:
1542 3215 1725 3286 itaque
1748 3227 1803 3271 et
1841 3217 1900 3283 ii,
1937 3215 2030 3286 qui

437 3313 602 3372 simili
633 3327 739 3384 qua
782 3313 899 3382 ipse
936 3319 1235 3365 nascuntur
1265 3310 1499 3363 ratione.
1556 3306 1677 3363 Jatn
1725 3323 1854 3364 vero
1907 3309 2027 3362 ait:

435 3404 556 3462 Non
606 3405 659 3460 in
713 3402 865 3459 lsaac
893 3411 1100 3456 tantum
1139 3399 1246 3455 hoc
1288 3400 1472 3454 videre
1507 3413 1699 3468 queas,
1756 3399 1850 3454 sed
1883 3399 2024 3468 quod

439 3499 612 3570 majus
643 3508 752 3563 est,
806 3495 861 3551 in
918 3493 1179 3550 fratribus
1222 3494 1388 3547 etiam
1426 3507 1490 3545 ex
1543 3491 1734 3546 eodem
1791 3500 1946 3560 patre
1975 3499 2030 3544 et

439 3603 636 3655 matre,
664 3591 838 3660 iisque
868 3587 1098 3660 geminis
1131 3585 1464 3655 propagatis,-
1499 3583 1642 3639 Esau
1679 3583 1932 3637 nimirum
1971 3593 2026 3639 et

433 3681 837 3755 Jacob.-Neque
883 3681 1026 3736 enim
1075 3679 1152 3735 illi
1187 3681 1378 3734 eadem
1423 3687 1550 3732 sunt
1593 3675 1894 3737 consecuti.
1933 3676 2028 3731 sed

435 3779 572 3833 alter
600 3776 816 3848 quidem
856 3773 1082 3840 electus,
1135 3771 1274 3827 alter
1305 3785 1436 3826 vero
1493 3770 1621 3824 odio
1653 3777 1738 3824 est
1787 3768 2024 3825 habitus.

438 3872 618 3937 Quare
643 3883 712 3924 ne
749 3881 964 3937 quaeras
986 3880 1085 3920 cur
1105 3874 1293 3934 gentes
1313 3862 1572 3932 elegerit,
1602 3874 1808 3932 easque
1840 3875 2025 3916 semen

433 3960 688 4026 Abrahae,
741 3958 854 4014 imo
900 3957 1143 4012 divinum
1175 3954 1387 4022 iecerit,
1425 3952 1681 4009 Hebraeos
1716 3961 1899 4008 autem
1941 3967 2028 4007 re-

433 4050 670 4195 WE;
705 4136 894 4193 11-15.
936 4153 956 4189 ι
1013 4138 1149 4191 Cum
1183 4136 1327 4191 enim
1373 4135 1612 4192 nondum
1653 4135 1768 4190 nati
1820 4147 2022 4204 essent,

435 4242 530 4291 aut
555 4231 761 4303 aliquid
811 4229 945 4286 boui
981 4228 1245 4299 egissent,
1275 4235 1368 4282 aut
1410 4228 1539 4283 mali
1595 4228 1677 4299 (ut
1727 4231 2022 4285 secundum

2137 3047 2236 3103 την
2267 3030 2501 3101 ἔχουσα,
2551 3030 2648 3084 τοῦ
2704 3031 2910 3102 πατρὸς
2956 3031 3117 3104 ἡμῶν
3167 3033 3375 3088 Ἰσαάκ.
3429 3053 3448 3086 ι
3486 3035 3732 3102 Ἐδειξεν

2133 3123 2216 3178 ὅτι
2252 3123 2466 3177 πολλῶν
2498 3122 2592 3177 καὶ
2612 3123 2891 3196 διαφόρων
2911 3123 3082 3178 ὅντων
3107 3124 3315 3179 τέκνων
3343 3125 3422 3196 τῷ
3448 3125 3727 3199 Ἀϐραὰμ,

2131 3217 2162 3270 6
2201 3216 2388 3271 Ἰσαάκ
2426 3216 2634 3289 ἐκλήθη
2672 3219 2895 3290 σπέρμα
2923 3233 2938 3249 ·
2981 3217 3124 3272 ὥστε
3161 3219 3256 3274 καὶ
3273 3220 3321 3273 oi
3353 3219 3556 3290 ὁμοίως
3577 3218 3730 3292 αὑτῷ

2133 3311 2446 3380 τικτόμενοι
2470 3326 2484 3342 ·
2521 3310 2620 3365 καὶ⁵
2659 3311 2755 3364 νῦν
2793 3310 2888 3365 οὖν
2914 3328 3102 3381 φησιν,
3135 3311 3218 3366 ὅτι
3249 3311 3325 3368 Οὐ
3361 3313 3524 3384 μόνον
3550 3313 3605 3367 δέ
3634 3315 3730 3368 ἐπὶ

2129 3403 2224 3457 τοῦ
2269 3402 2457 3456 Ἰσαὰκ
2513 3402 2675 3458 τοῦτο
2725 3403 2877 3470 ἴδοις,
2935 3403 3072 3458 ἀλλά
3121 3405 3182 3458 τὺ
3227 3405 3434 3476 μεῖζον,
3477 3409 3575 3460 καὶ
3629 3408 3729 3461 ἐπὶ

2131 3493 2380 3566 ἀδελφῶν
2406 3493 2759 3566 ὁμοπατρίων
2791 3495 2885 3548 καὶ
2919 3495 3280 3568 ὁμομητρίων
3317 3496 3413 3550 καὶ
3459 3495 3725 3568 διδύμων,

2130 3583 2223 3639 τοῦ
2257 3601 2317 3637 τε
2351 3583 2524 3637 Ἠσαῦ
2555 3585 2651 3638 καὶ
2685 3582 2780 3636 τοῦ
2814 3582 3034 3639 Ἰακώϐ.
3069 3585 3203 3638 Οὐδὲ
3231 3585 3363 3657 γάρ,
3407 3587 3531 3640 οὐδὲ
3569 3581 3726 3641 οὗτοι

2128 3675 2239 3729 τῶν
2268 3676 2448 3729 αὐτῶν
2472 3674 2822 3745 ἀπήλαυσαν,
2854 3675 2971 3729 ἀλλ’
2998 3677 3026 3730 6
3059 3675 3161 3746 μὲν
3197 3677 3444 3748 ἐξελέγη,
3473 3680 3500 3732 6
3525 3678 3583 3732 δὲ
3600 3679 3726 3750 ἐμι-

2131 3766 2292 3838 σήθη.
2319 3768 2483 3821 Ὥστε
2521 3767 2596 3839 μὴ
2629 3767 2852 3821 ἀπαίτει
2896 3766 3116 3837 λόγους,
3143 3767 3288 3833 τίνος
3318 3768 3480 3822 ἐνεκα
3507 3771 3635 3834 τοὺς
3663 3769 3724 3837 ἐξ

2128 3859 2299 3916 ἐθνῶν
2361 3859 2663 3926 ἐξελέξατο,
2725 3860 2820 3913 καὶ
2875 3859 3099 3931 σπέρμα
3156 3860 3452 3932 Ἀϐραὰμ,
3520 3862 3728 3934 μᾶλλον

2127 3952 2184 4006 δὲ
2214 3954 2376 4019 θεῖον,
2412 3951 2640 4024 ἐποίησε
2666 3969 2681 3984 ·
2717 3954 2843 4018 τοὺς
2866 3952 2924 4007 δὲ
2971 3952 3260 4026 Ἐϐραίους
3290 3955 3576 4010 ἀπώσατο.

2206 4149 2224 4182 ι
2257 4129 2443 4199 Μήπω
2467 4127 2578 4202 γὰρ
2607 4130 2979 4202 γεννηθέντων
3006 4172 3020 4196 ,
3051 4129 3191 4202 μηδὲ
3223 4129 3554 4202 πραξάντων
3575 4131 3722 4202 ἀγαο

2129 4227 2220 4281 θόν
2270 4245 2322 4282 τι
2357 4228 2390 4299 ἢ
2444 4229 2638 4292 κακὸν,
2679 4227 2831 4298 ἴναή
2878 4227 3002 4281 κατ’
3054 4225 3287 4298 ἐκλογὴν
3323 4226 3585 4298 πρόθεσις
3613 4225 3722 4279 τοῦ

434 4327 756 4384 electionem
776 4322 1112 4395 propositum
1137 4322 1230 4378 Dei
1249 4332 1517 4388 maneret,
1539 4336 1642 4376 non
1661 4337 1728 4378 ex
1747 4324 2020 4392 operibus,

2137 4320 2266 4374 Θεοῦ
2298 4320 2456 4393 μένῃ,
2506 4320 2606 4373 οὑκ
2639 4319 2697 4386 ἐξ
2746 4319 2945 4391 ἐργων,
2987 4319 3103 4372 ἀλλ’
3151 4321 3216 4373 ἐκ
3261 4317 3354 4373 τοῦ
3398 4317 3721 4383 καλοῦντος,

434 4421 528 4477 sed
561 4436 626 4478 ex
657 4418 948 4488 vocante),
978 4418 1188 4472 dictum
1231 4421 1315 4472 est
1341 4417 1389 4470 ei
1421 4428 1437 4469 :
1483 4414 1654 4483 Major
1698 4418 1897 4472 serviet
1922 4418 2024 4472 mi-

434 4515 553 4571 nori
585 4533 598 4569 :
633 4514 774 4570 sicut
823 4511 1093 4581 scriptum
1124 4516 1211 4564 est
1241 4525 1254 4564 :
1283 4504 1457 4563 Jacob
1491 4507 1696 4574 dilexi,
1741 4509 1887 4565 Esau
1921 4525 2022 4563 au-

438 4617 545 4663 tem
584 4607 709 4661 odio
751 4603 916 4659 habui
966 4612 1014 4656 ι.
1050 4619 1070 4654 ο
1110 4599 1408 4656 Necessum
1439 4599 1602 4653 fuerit
1632 4599 1720 4654 hic
1747 4615 1846 4654 nos
1879 4615 2021 4667 pra:-

436 4699 674 4763 tnittere,
703 4707 868 4766 atque
912 4692 1229 4749 summatim
1261 4689 1535 4760 explicare
1559 4705 1779 4745 sensum
1831 4705 2017 4746 eorum

435 4806 557 4862 qua:
596 4789 802 4859 prolixe
829 4787 1078 4841 dicturus
1107 4793 1189 4839 est
1212 4780 1531 4853 Apostolus.
1571 4781 1708 4846 Quia
1743 4783 2017 4836 enimnon

435 4881 596 4951 pauci
623 4878 898 4943 dicebant,
928 4875 1104 4930 Eccur
1131 4872 1278 4930 Deus
1306 4882 1496 4944 gentes
1543 4873 1782 4929 Hebraeis
1818 4888 2020 4945 prauu-

436 4973 497 5031 lit
547 4971 671 5042 (nec
705 4971 851 5024 enim
900 4969 1190 5036 quisquam
1239 4965 1437 5018 dixerit
1467 4965 1612 5020 iswd
1646 4967 1862 5019 virtutis
1890 4980 2020 5035 ergo

433 5063 766 5132 contigisse:
796 5074 986 5114 omnes
1006 5059 1149 5113 enim
1188 5057 1618 5130 peccaverunt)?
1642 5058 1847 5128 colligit
1875 5059 2020 5127 Apoc

432 5156 605 5212 stolus
651 5153 818 5208 multa
870 5152 1122 5223 ambigua
1181 5161 1370 5206 nostro
1403 5151 1620 5220 quidem
1676 5151 1894 5219 ingenio
1937 5152 2019 5204 in-

432 5246 964 5321 comprehensibilia,
993 5245 1092 5301 soli
1125 5255 1306 5300 autem
1339 5243 1447 5300 Deo
1471 5243 2015 5315 comprehensibilis:

431 5346 730 5414 statuitque
752 5343 986 5412 primum
1016 5351 1144 5396 ante
1163 5350 1536 5409 conspectum,
1560 5341 1703 5409 quod
1728 5339 1868 5392 inter
1896 5337 2016 5394 illos

433 5447 568 5496 duos
600 5440 795 5493 fratres
826 5436 1096 5509 didymos,
1141 5434 1280 5489 alter
1314 5436 1529 5502 quidem
1551 5433 1642 5502 qui
1678 5432 1884 5487 electus
1908 5440 2015 5496 est,

432 5551 538 5589 non
593 5531 665 5586 sit
720 5539 940 5600 prppter
993 5533 1249 5583 virtutem
1291 5531 1539 5582 electus:
1597 5524 1737 5580 alter
1765 5537 1892 5578 veru
1919 5521 2014 5592 qui

505 5646 683 5702 tGeu.
703 5660 830 5710 xxv,
849 5644 941 5699 25.
1015 5681 1018 5684 -

2132 4410 2342 4484 ἐρρήθη
2373 4412 2532 4482 αὐτῇ,
2565 4410 2645 4464 ὅτι
2689 4411 2747 4464 '0
2775 4409 2976 4481 μείζων
2993 4409 3270 4463 δουλεύσει
3309 4407 3388 4480 τῷ
3423 4409 3681 4463 ἐλάσσονι
3705 4427 3721 4442 ·

2132 4502 2317 4567 καθὼς
2373 4503 2727 4574 γέγραπται·
2779 4502 2882 4556 Τὸν
2939 4499 3137 4556 Ἰακὼϐ
3185 4500 3472 4571 ἠγάπησα,
3517 4501 3610 4556 τὸν
3663 4501 3724 4555 δὲ

2141 4597 2312 4652 Ἡσαῦ
2349 4597 2612 4668 ἐμίσησα.
2656 4617 2676 4649 ι
2719 4596 3044 4666 Ἀναγκαίόν
3093 4595 3209 4647 ἐστι
3246 4598 3528 4665 προειπεῖν
3570 4597 3726 4667 ἡμᾶς

2125 4692 2218 4745 τόν
2251 4689 2379 4746 νοῦν
2402 4691 2512 4744 τῶν
2557 4690 2862 4762 μελλόντων
2911 4688 3148 4761 ῥηθῆναι
3178 4687 3266 4741 διὰ
3301 4689 3517 4759 μακροῦ
3566 4691 3722 4763 παρὰ

2125 4785 2221 4838 τοῦ
2257 4783 2605 4838 Ἀποστόλου.
2641 4782 2861 4855 Ἐπειδὴ
2890 4783 2996 4853 γὰρ
3027 4780 3213 4851 ἔλεγον
3244 4785 3290 4836 οἱ
3318 4781 3540 4835 πολλοί·
3561 4783 3719 4848 Τίνος

2128 4878 2292 4932 ἐνεκα
2309 4876 2377 4931 τά
2392 4876 2521 4947 ἔθνη
2542 4875 2992 4948 προετιμήθησαν
3011 4874 3054 4906 ³⁸
3072 4875 3183 4929 τῶν
3209 4873 3483 4948 Ἐϐραίων
3503 4877 3585 4948 (οὗ
3613 4877 3720 4949 γάρ

2129 4967 2196 5024 ἂν
2225 4970 2367 5022 εἴποι
2399 4986 2503 5036 τις,
2553 4969 2637 5022 ὅτι
2659 4968 2727 5021 δι’
2757 4968 2959 5039 ἀρετήν
2987 4983 3000 4997 ·
3031 4968 3235 5031 πάντες
3262 4967 3371 5040 γὰρ
3405 4969 3716 5040 ἦμαρτον);

2131 5061 2356 5130 συνάγει
2377 5063 2406 5114 6
2441 5060 2764 5124 Ἀπόστολος
2789 5059 2960 5114 πολλά
2985 5059 3190 5131 ἄπορα,
3217 5061 3354 5131 ἡμῖν
3389 5061 3490 5131 μὲν
3508 5063 3721 5114 ἀκατά-

2127 5154 2333 5224 ληπτα,
2373 5153 2518 5224 μόνῳ
2539 5152 2596 5206 δὲ
2617 5153 2738 5224 Θεῷ
2769 5151 3095 5224 καταληπτά
3114 5168 3130 5185 ο
3160 5152 3256 5205 καὶ
3288 5151 3532 5206 δείκνυσι
3561 5153 3718 5223 πρῶ-

2128 5263 2220 5299 τον
2257 5246 2386 5309 τοὺς
2417 5245 2511 5299 δύο
2544 5243 2798 5316 διδύμους
2831 5244 3117 5313 ἀδελφοὺς,
3150 5244 3232 5298 ὅτι
3261 5245 3321 5296 οὐ
3351 5243 3420 5297 δι’
3450 5245 3657 5315 ἀρετὴν
3692 5245 3720 5297 ό

2129 5337 2376 5407 ἐκλεγεὶς
2425 5335 2672 5406 ἐξελέγη,
2720 5335 2841 5388 οὐδέ
2886 5334 2978 5389 διὰ
3008 5335 3270 5392 κακίανιρ
3302 5331 3557 5404 μισηθεὶς
3599 5336 3721 5401 ἐμι-

2127 5431 2264 5502 σήθη
2301 5431 2397 5500 (οὗ
2428 5431 2536 5500 γὰρ
2571 5427 2878 5499 ἐπράξαντο
2906 5427 3111 5496 ἀγαθὸν
3140 5426 3172 5498 ἢ
3216 5427 3406 5492 κακὸν,
3449 5427 3530 5479 ἐτι
3554 5426 3618 5478 ἐν
3647 5427 3717 5497 τῇ

2125 5522 2281 5592 νηδύϊ
2327 5523 2426 5591 τῆς
2487 5521 2692 5592 μητρὸς
2738 5519 2928 5590 ὄντες)
2952 5536 2963 5548 ·
2995 5517 3132 5573 ἀλλὰ
3165 5520 3231 5590 τῇ
3260 5518 3383 5591 θεία
3415 5517 3716 5590 προθέσει,

1812 5731 2021 5795 Varite
2053 5732 2382 5796 lectiones.

510 5846 555 5878 "
585 5843 852 5916 ἐγεννήθη
887 5858 942 5900 ο.
1020 5843 1066 5875 ’⁸
1096 5841 1171 5908 ὡς
1201 5843 1258 5898 ἐν
1293 5842 1502 5914 μήτρᾳ,

429 5919 472 5951 ³³
497 5917 834 5990 προετίμησε
867 5933 941 5972 tu.

1560 5843 1628 5912 τῇ
1671 5837 2038 5909 κολυμϐήθρᾳ
2068 5852 2123 5895 ο.
2202 5837 2246 5870 ²⁹
2299 5835 2570 5906 Chrysost.
2607 5832 2817 5899 πάντας
2846 5832 2975 5898 τοὺς
3021 5830 3118 5886 ἀπ’
3153 5831 3387 5889 ἐκείνου.
3465 5830 3512 5863 ³ο
3540 5829 3597 5884 δὲ
3649 5847 3711 5890 ο.
