4038 6610
327 439 447 502 465
1212 439 1624 502 EXPOSITIO
1652 439 1735 500 IN
1776 440 2020 504 EPIST.
2061 439 2163 501 AD
2199 437 2382 500 ROM.
2410 463 2473 478 ο·-
2505 439 2663 500 CAP.
2702 439 2811 499 1X.
3521 439 3626 502 466

329 553 606 619 τουτέστι,
637 555 706 626 τῇ
736 553 1070 626 προγνώσει,
1097 556 1126 609 6
1154 557 1254 628 μὲν
1275 555 1502 628 ἐξελέγη
1530 555 1626 610 καὶ
1643 555 1928 628 ἠγαπήθη²

2044 554 2170 612 odio
2201 562 2287 609 est
2331 552 2570 616 habitus,
2609 553 2678 608 ob
2724 551 2854 607 vitia
2898 565 3002 606 non
3059 550 3132 606 sit
3187 549 3420 622 reiectus
3469 551 3624 622 (nou

326 646 360 699 6
389 647 449 699 δὲ
485 646 725 718 ἐμισήθη
752 663 769 679 ο
803 647 987 711 καθὼς
1014 649 1156 704 καὶὸ
1188 649 1476 720 προφήτης
1509 647 1678 717 λέγει,
1707 649 1788 703 ὅτι
1821 649 1926 701 Τὸν

2035 648 2180 714 enim
2217 653 2447 718 egerunt
2469 646 2764 717 quidquam
2799 645 2930 701 boni
2961 653 3054 699 aut
3098 643 3248 712 mali,
3287 659 3408 700 cum
3449 646 3628 702 adhuc

334 739 436 806 μὲν
458 738 750 808 ἠγάπησα,
795 738 887 792 τὸν
943 741 1001 794 δὲ
1063 740 1340 813 ἐμίσησα·
1376 741 1467 796 ἵνα
1504 740 1566 794 τὸ
1601 743 1710 796 πᾶν
1746 737 1781 814 ᾖ
1831 739 1928 795 τοῦ

2035 741 2088 796 in
2125 750 2283 796 utero
2311 740 2542 808 essent),
2567 753 2759 795 verum
2821 739 3004 794 divino
3045 739 3345 809 proposito,
3400 739 3504 795 hoc
3540 747 3628 795 est

2035 831 2404 902 praescientia,
2468 831 2607 886 alter
2651 828 2868 900 quidem
2905 839 2988 885 est
3021 829 3226 885 electus
3269 838 3323 884 et
3377 830 3626 894 dilectus,

2035 924 2173 978 alter
2189 938 2317 979 vero
2337 923 2462 979 odio
2485 923 2724 990 habitus,
2743 923 2928 978 itidem
2950 932 3006 976 ut
3023 924 3285 993 propheta
3305 931 3532 978 testatur
3553 921 3575 960 ιι
3613 939 3628 976 :

336 829 505 896 Θεοῦ,
543 833 638 885 καὶ
665 833 765 903 τῆς
797 832 965 887 αὺτοῦ
995 834 1308 906 προθέσεως
1328 835 1374 868 ⁸³
1416 834 1514 888 καὶ⁸
1543 833 1924 904 προγνώσεως.

332 923 453 976 Καὶ
490 922 545 977 τί
576 923 721 992 λέγω
745 924 1009 993 τούτους;
1040 926 1174 981 ἀλλὰ
1204 927 1298 981 καὶ
1331 927 1382 980 οἱ
1416 926 1753 998 Ἰσραηλῖται
1792 927 1928 980 πάν-

331 1030 432 1076 τες
463 1014 926 1086 ἐμοσχοποίησαν,
951 1017 1046 1072 καὶ
1069 1019 1238 1090 οἱμὲν
1261 1019 1660 1092 ἐκολάσθησαν,
1685 1021 1743 1072 οῖ
1759 1018 1815 1071 δὲ
1839 1016 1930 1072 οὗ.

335 1107 452 1160 Καὶ
483 1109 512 1161 6
545 1108 750 1181 Φαραὼ
779 1110 1018 1181 σκληρὸς
1051 1112 1150 1182 μὲν
1175 1106 1243 1183 ἦν
1279 1111 1498 1182 ἀληθῶς
1525 1132 1540 1146 ο
1576 1111 1712 1166 ἀλλὰ
1745 1110 1934 1164 πολλοὶ

335 1198 435 1251 καὶ
474 1200 647 1254 ἄλλοι.
698 1202 825 1266 Πῶς
881 1199 976 1258 οὖν
1025 1202 1185 1274 μόνος
1241 1203 1573 1271 κολάζεται;
1638 1205 1803 1276 Ὁρᾷς
1853 1203 1934 1257 ὅτι

335 1290 518 1345 ταῦτα
561 1292 660 1362 μὲν
686 1294 1054 1366 ἀκατάληπτα
1078 1295 1409 1367 ἀνθρώποις,
1440 1297 1587 1367 μόνῳ
1611 1295 1668 1350 δὲ
1694 1295 1812 1367 Θεῷ
1839 1312 1936 1349 κα-

334 1381 622 1449 ταληπτάς
653 1383 844 1449 Οὕτως
872 1385 964 1439 οῦν
1007 1388 1104 1440 καὶ
1146 1388 1178 1458 ἡ
1223 1387 1334 1440 τῶν
1363 1387 1537 1440 ἐθνῶν
1569 1385 1790 1457 ἐκλογὴ,
1829 1384 1926 1438 καὶ

333 1470 454 1524 τῶν
503 1471 771 1544 Ἐϐραίων
807 1477 1070 1549 ἀποϐολὴ,
1107 1479 1241 1548 ἡμῖν
1284 1479 1384 1550 μὲν
1419 1479 1734 1552 παράλογος
1759 1479 1926 1542 δοκεῖ,

334 1564 418 1633 τῷ
469 1565 527 1620 δὲ
566 1567 687 1638 Θεῷ
736 1568 1083 1642 δικαιοτάτη.
1109 1567 1279 1637 Οὗτός
1317 1574 1466 1626 ἐστιν
1505 1574 1534 1626 6
1565 1571 1691 1637 νοῦς
1731 1572 1932 1636 παντὸς

331 1656 438 1709 τοῦ
477 1659 701 1730 χωρίου.

1981 1037 1998 1043 —
2043 1034 2062 1069 ι
2120 1016 2359 1072 Alterum
2411 1016 2630 1087 quidem
2693 1017 2881 1080 dilexi,
2933 1015 3162 1072 alterum
3199 1031 3332 1072 vero
3378 1017 3490 1080 odi,
3523 1035 3541 1067 ι
3573 1025 3632 1069 ut

2039 1117 2209 1163 totum
2229 1108 2300 1164 sit
2334 1108 2428 1165 Dei
2456 1119 2619 1180 atque
2653 1109 2918 1180 propositi
2953 1107 3125 1180 ipsius
3158 1117 3213 1163 et
3247 1108 3629 1180 praescientiae.

2040 1200 2104 1256 Et
2126 1202 2253 1271 quid
2282 1202 2384 1258 hos
2407 1201 2569 1258 dico?
2601 1203 2714 1256 lmo
2747 1200 3007 1257 lsraelitre
3026 1215 3214 1256 omnes
3239 1199 3470 1255 vitulum
3502 1215 3633 1254 con-

2044 1291 2266 1358 ﬁarunt,
2324 1301 2379 1349 et
2433 1293 2522 1350 alii
2565 1293 2784 1365 quidem
2822 1294 2992 1364 puniti
3031 1294 3163 1359 sint,
3218 1292 3309 1348 alii
3363 1307 3492 1348 vero
3523 1307 3629 1345 non

2036 1385 2187 1440 item.
2240 1382 2507 1440 Praeterea
2559 1384 2770 1440 Pharao
2811 1400 3005 1440 revera
3063 1385 3236 1440 durus
3286 1391 3430 1448 erat,
3465 1394 3631 1452 atque

2038 1475 2224 1530 itidem
2257 1477 2347 1531 alii
2387 1476 2562 1531 multi.
2615 1476 3009 1547 Quareigitur
3044 1476 3193 1532 solus
3227 1475 3319 1530 ille
3365 1475 3633 1546 punitur?

2042 1566 2235 1624 Viden’
2253 1567 2369 1624 lucc
2392 1568 2708 1624 hominibus
2734 1583 2855 1624 esse
2887 1568 3466 1638 incomprehensibilia
3487 1610 3502 1634 ,
3529 1567 3630 1622 soli

2041 1669 2221 1716 autem
2249 1659 2358 1716 Deo
2382 1661 2798 1731 perceptibilia?
2824 1660 2973 1716 lianc
3007 1662 3074 1715 ad
3099 1661 3362 1715 rationem
3389 1660 3632 1730 gentium

335 1751 561 1814 electio,
585 1751 1001 1828 Judaeorumque
1033 1756 1276 1827 reiectio,
1306 1757 1466 1815 nobis
1487 1759 1707 1830 quidem
1766 1765 1967 1828 praeter
2005 1755 2274 1811 rationem
2311 1765 2362 1810 et
2395 1757 2630 1810 absurda
2670 1756 2902 1824 videtur,
2942 1756 3051 1811 Deo
3081 1764 3374 1812 autemest
3439 1754 3631 1826 justis.

332 1843 503 1900 sima.
535 1844 656 1900 ilice
689 1856 771 1902 est
803 1851 1070 1904 sententia
1093 1851 1257 1906 totius
1286 1851 1339 1905 in
1375 1867 1482 1922 quo
1505 1866 1650 1906 nunc
1681 1860 1931 1908 versatur
1969 1848 2094 1904 loci.

417 1951 440 1986 ι
477 1936 545 1990 Τί
566 1932 660 1991 οὖν
681 1937 948 2008 ἐροῦμεν;
999 1941 1091 2009 Μὴ
1122 1941 1305 1996 ἀδικία
1343 1943 1492 2016 παρὰ
1526 1943 1604 2015 τῷ
1639 1943 1796 2014 Θεῷ;
1835 1943 1927 2012 Μὴ

2109 1938 2273 1995 Vens.
2306 1939 2392 1996 14.
2435 1958 2454 1992 ι
2500 1939 2641 2008 Quid
2683 1941 2849 2013 igitur
2902 1941 3190 1999 dicemus?
3241 1941 3498 2015 Nunquid
3539 1944 3633 2001 ἰηο

329 2027 587 2096 γένοιτοί
625 2049 646 2083 ι
681 2030 894 2085 Οὖκοῦν
937 2035 1061 2087 οὐδὲ
1110 2036 1197 2106 ἐφ’
1232 2037 1394 2109 ἡμῶν
1426 2038 1537 2092 τῶν
1560 2037 1794 2093 ἐθνικῶν
1836 2038 1934 2093 καὶ

329 2120 456 2174 τῶν
485 2121 758 2179 Ἰουδαίων
797 2125 982 2192 ἄδικος
1017 2129 1044 2180 6
1078 2129 1231 2194 Θεός.

421 2233 442 2267 ι
479 2216 571 2286 Τῷ
604 2217 714 2287 γὰρ
742 2219 914 2291 Μωσῇ
944 2220 1096 2290 λέγει
1117 2239 1131 2253 ·
1163 2223 1408 2296 Ἐλεήσω
1441 2225 1501 2279 ὃν
1535 2226 1602 2281 ἂν
1633 2226 1766 2281 ἐλεῶ
1791 2266 1808 2294 ,
1840 2227 1935 2280 καὶ

332 2309 676 2381 οἰκτειρήσω
728 2311 788 2366 ὃν
839 2312 907 2367 ἂν
961 2316 1241 2387 οἰκτείρω.
1302 2337 1321 2372 ι
1358 2317 1796 2387 Ἐπισυνάπτει,
1857 2322 1935 2387 ὡς

332 2401 440 2452 καὶ
471 2401 727 2471 ἀνωτέρω
753 2405 989 2476 εἴρηται,
1037 2409 1131 2462 καὶ
1178 2409 1366 2482 ἕτερον
1415 2415 1481 2466 ἐκ
1520 2413 1619 2484 τῆς
1665 2414 1932 2481 Παλαιᾶς,

332 2491 629 2558 δεικνύων,
659 2495 742 2549 δτι
768 2497 797 2549 6
822 2496 956 2562 Θεὸς
981 2499 1140 2569 μόνος
1168 2499 1273 2555 οἶδε
1297 2504 1424 2567 τοὺς
1451 2503 1637 2571 ἀξίους
1673 2505 1707 2576 ἦ
1738 2491 1930 2577 τιμῆς,

332 2585 370 2654 ἢ
409 2585 710 2650 κολάσεως.
735 2590 926 2644 Καίτοι
963 2591 1073 2663 γὰρ
1101 2594 1319 2648 πάντων
1344 2596 1542 2668 ἐπίσης
1587 2598 1932 2668 ἁμαρτανόνο

331 2677 527 2742 sum",
552 2679 640 2732 ὅτε
663 2681 1122 2753 ἐμοσχοποίησαν
1145 2685 1296 2756 ὅμως
1320 2689 1348 2741 ὁ
1365 2687 1496 2752 Θεὸς
1511 2688 1636 2753 τοὺς
1652 2689 1752 2760 μὲν
1770 2689 1930 2757 ἐλεεῖ,

331 2767 471 2832 τοὺς
494 2769 551 2822 δέ
570 2772 904 2843 παραδίδωσι
922 2778 1034 2840 τοῖς
1054 2778 1400 2844 Λευῖταιςείς
1422 2781 1660 2852 σφαγήν.
1682 2781 1794 2834 Καὶ
1810 2781 1934 2836 ούδέ

332 2862 553 2932 Μωσῆς
596 2859 706 2918 οἶδε
741 2864 839 2937 τὴν
869 2869 1074 2935 αἰτίαν,
1117 2870 1423 2937 ὁτοσοῦτος
1451 2888 1468 2905 ο
1518 2874 1615 2928 καὶ
1644 2875 1709 2928 σὺ
1747 2875 1933 2940 αίτίας

332 2953 620 3020 ἀπαιτεῖς,
651 2956 798 3022 τίνος
837 2959 1000 3016 ἕνεκα
1033 2963 1084 3015 οἱ
1111 2963 1316 3020 ἐθνικοὶ
1343 2965 1817 3038 προετιμήθησαν,
1837 2968 1933 3022 καὶ

331 3046 520 3101 ταῦτα
541 3049 859 3122 ἁμαρτωλοὶ
887 3054 1041 3119 ὄντες
1067 3074 1081 3122 ;
1108 3057 1303 3111 Καίτοι
1335 3059 1382 3091 ³⁸
1405 3058 1638 3129 ἠδύνατο
1656 3061 1684 3114 ὁ
1718 3059 1933 3126 Παῦλος

329 3138 523 3191 εἰπεῖν
559 3140 660 3211 τὴν
707 3143 910 3209 αἰτίαν,
969 3146 1036 3217 ἦν
1081 3147 1315 3218 ἀλλαχοῦ
1369 3144 1544 3216 εἶπεν,
1585 3151 1668 3204 ὅτι
1719 3153 1782 3206 Οἱ
1833 3153 1934 3223 μὲν

346 3230 690 3304 Ἰσραηλῖται
736 3235 794 3303 ἐξ
825 3237 1004 3308 ἔργων
1052 3240 1315 3312 ἐνόμισαν
1353 3241 1735 3300 δικαιοῦσθαι·
1780 3239 1930 3301 οὗτοι

328 3323 424 3386 δὲ,
460 3324 525 3377 ἐκ
561 3325 798 3394 πίστεως
835 3331 932 3384 καὶ
971 3333 1228 3404 χάριτος·
1269 3335 1385 3390 ἀλλ’
1418 3337 1480 3390 οὐ
1528 3339 1676 3410 λέγει
1709 3339 1829 3408 νῦν,
1863 3341 1930 3397 ἐκ

333 3417 670 3485 περιουσίας
704 3422 1073 3494 ἐπιστομίζων
1114 3427 1243 3491 τοὺς
1279 3429 1630 3502 περιέργους,
1677 3434 1772 3488 καὶ
1803 3435 1927 3490 πείο

333 3505 457 3562 οων
489 3510 655 3579 μηδὲν
677 3512 786 3568 τῶν
819 3514 914 3570 τοῦ
942 3514 1076 3570 Θεοῦ
1113 3517 1500 3592 λογοπραγεῖν.

422 3796 442 3830 ι
483 3781 627 3852 Ἆρα
646 3777 738 3838 οὖν
785 3783 846 3838 ού
893 3785 989 3841 τοῦ
1025 3786 1292 3855 θέλοντος,
1323 3792 1449 3848 οὐδὲ
1487 3794 1581 3849 τοῦ
1613 3796 1920 3869 τρέχοντος,

332 3868 483 3924 ἀλλᾶ
524 3871 616 3924 τοῦ
661 3873 940 3940 ἐλεοῦντος
973 3876 1128 3936 Θεοῦ.
1169 3898 1188 3932 ι
1228 3880 1428 3936 Ἤθελε
1487 3883 1589 3956 μὲν
1633 3868 1926 3958 εὐλογῆσαι

332 3961 534 4018 Ἰσαὰκ
570 3964 660 4018 τὸν
699 3967 905 4022 Ὶισαῦο
949 3969 1139 4043 ἔτρεχε
1185 3972 1244 4027 δὲ
1282 3972 1451 4028 Ἠσαῦ
1490 3977 1570 4041 είς
1615 3977 1677 4030 τὸ
1717 3979 1922 4047 πεδίον,

332 4052 420 4115 ὡς
451 4052 519 4107 ἂν
550 4055 822 4127 θηρεύσας
864 4061 1040 4132 θήραν
1089 4063 1382 4141 εὐλογηθῇ.
1417 4069 1476 4125 '0
1517 4071 1574 4125 δὲ
1601 4072 1734 4138 Θεὸς
1768 4075 1812 4108 ³⁸
1834 4076 1926 4132 τὸν

336 4141 542 4198 Ἰακὼὸ
567 4147 745 4219 κρίσει
775 4152 978 4224 δικαία,
1012 4155 1087 4220 ὡς
1108 4157 1260 4223 ἄξιον
1283 4160 1522 4228 πάντως,
1547 4165 1647 4236 τῆς
1672 4166 1924 4236 εὐλογίας

336 4239 530 4307 τυχεῖν
561 4241 808 4312 ἐποίησε.
860 4248 1021 4302 Δοκεῖ
1061 4250 1119 4304 δὲ
1172 4252 1413 4309 ἐνταῦθα
1455 4256 1515 4310 τὸ
1572 4258 1925 4327 αὐτεξούσιον

333 4327 591 4426 άναιρεῖν
698 4335 1029 4426 έΑπόστολος
1074 4358 1090 4375 ·
1120 4343 1220 4397 οὐκ
1269 4346 1387 4399 ἐστι
1431 4347 1488 4401 δέ
1513 4365 1526 4380 ο
1561 4349 1678 4405 ἀλλ’
1731 4352 1925 4426 ὥσπερ

334 4419 451 4514 ἐπὶΔ
476 4421 576 4490 τῆς
598 4424 780 4514 ὀίκὶας
820 4427 1076 4501 λέγομεν,
1111 4435 1197 4488 ὅτι
1259 4438 1334 4490 Τὸ
1388 4441 1497 4494 πᾶν
1541 4440 1636 4495 τοῦ
1675 4419 1922 4514 τεχνίτου

334 4507 485 4604 ἐστὶΙ
516 4510 690 4604 καίτοι
719 4514 891 4571 δεῖται
918 4521 1013 4574 καὶ
1042 4521 1195 4594 ὕλης,
1225 4526 1320 4579 καὶ
1345 4527 1455 4583 τῶν
1477 4507 1923 4604 συνεργησάντων

2029 2031 2238 2103 justitia
2272 2043 2354 2088 est
2393 2035 2535 2103 apud
2581 2035 2796 2090 Deum?
2841 2035 3019 2091 Absit.
3058 2055 3078 2088 ι
3114 2037 3300 2106 itaque
3345 2054 3521 2108 neque
3574 2041 3629 2096 in

2036 2139 2134 2179 nos
2159 2125 2429 2192 ethnicos,
2465 2143 2640 2198 neque
2677 2128 2729 2182 iu
2753 2127 2971 2185 Judteos
2998 2130 3233 2198 injustus
3263 2140 3347 2188 est
3390 2131 3553 2188 Deus.

2107 2215 2271 2272 Vens.
2297 2217 2383 2272 l5.
2415 2238 2433 2271 ι
2461 2218 2628 2292 Moysi
2649 2222 2795 2278 enim
2823 2221 2989 2278 dicit:
3019 2221 3315 2280 Miserebor
3337 2225 3632 2296 cujuscuno

2035 2319 2142 2374 que
2167 2309 2424 2364 misertus
2458 2309 2613 2367 l'uero
2651 2330 2664 2367 :
2698 2323 2753 2368 et
2781 2314 3215 2370 commiserabor
3245 2330 3630 2387 quemcunque

2035 2399 2449 2455 commiseratus
2503 2399 2684 2458 fuero.
2727 2421 2746 2456 ι
2799 2401 3077 2475 Adjungit,
3138 2416 3195 2459 ut
3243 2417 3298 2462 et
3356 2422 3516 2478 supra
3547 2409 3628 2463 di-

2035 2499 2180 2544 ctum
2209 2501 2312 2556 est,
2352 2502 2406 2547 et
2429 2493 2592 2548 alium
2629 2494 2808 2550 locum
2838 2512 2906 2551 ex
2943 2495 3122 2552 Veteri
3151 2496 3504 2554 Testamento
3533 2515 3629 2555 os-

2038 2583 2284 2649 tendens,
2315 2585 2431 2656 ⁷ο·
2457 2587 2599 2655 quod
2639 2587 2790 2644 solus
2816 2588 2959 2645 Deus
3002 2590 3148 2645 norit
3186 2590 3278 2660 qui
3326 2593 3434 2647 sint
3480 2593 3627 2664 digni

2033 2673 2119 2728 vel
2152 2674 2379 2739 honore,
2401 2677 2486 2731 vel
2521 2692 2676 2746 paena
2710 2678 2807 2749 (1).
2860 2677 2996 2734 Nam
3045 2681 3296 2750 quamvis
3344 2695 3534 2737 omnes
3558 2696 3624 2736 ex

2033 2780 2191 2836 mquo
2220 2777 2560 2836 peccassent,
2591 2785 2714 2824 cum
2743 2771 2973 2826 vitulum
3021 2771 3321 2841 ﬁnxerunt,
3372 2773 3516 2831 Deus
3548 2785 3628 2828 ta-

2034 2873 2157 2912 men
2204 2859 2435 2914 aliorum
2481 2861 2702 2932 quidem
2742 2863 3051 2927 miseretur,
3101 2863 3240 2922 alios
3287 2881 3416 2922 vero
3462 2865 3625 2922 tradit

2039 2949 2240 3006 Levitis
2275 2959 2334 3008 ut
2370 2951 2832 3010 interﬁcerentur.
2866 2955 3051 3028 Neque
3077 2955 3254 3014 Moses
3282 2966 3464 3014 tantus
3485 2960 3624 3028 apud

2037 3043 2229 3108 Deum,
2265 3043 2533 3099 rationem
2571 3045 2767 3102 novit:
2814 3058 2869 3102 et
2900 3057 2955 3104 tu
2992 3065 3212 3105 causam
3256 3050 3499 3122 postulas
3529 3067 3628 3107 cur

2036 3144 2225 3205 gentes
2268 3133 2471 3192 Judaeis
2515 3137 2626 3192 sint
2663 3137 2939 3210 praelatae,
2993 3156 3117 3197 cum
3154 3149 3333 3198 tamen
3385 3145 3626 3214 peccatis

2042 3227 2264 3284 infectae
2289 3229 2514 3286 essent?
2536 3231 2699 3300 Atqui
2718 3231 2917 3286 Paulus
2935 3233 3108 3302 potuit
3140 3233 3404 3289 rationem
3420 3234 3620 3297 dicere.

2039 3336 2204 3392 quam
2237 3331 2292 3375 et
2333 3320 2438 3376 alio
2466 3323 2517 3376 in
2549 3321 2668 3378 loco
2700 3323 2955 3390 reddidit,
2989 3325 3245 3394 quoniam
3270 3324 3534 3382 Israelitte
3557 3341 3622 3380 ex

2037 3414 2292 3483 operibus
2326 3415 2713 3472 existimarunt
2753 3431 2812 3471 se
2861 3415 3144 3484 iustiﬁcari
3181 3436 3195 3474 :
3243 3420 3357 3474 ista:
3395 3434 3525 3474 vero
3557 3435 3622 3474 ex

2034 3501 2160 3567 ﬁde,
2192 3513 2244 3558 et
2267 3505 2472 3574 gratia:
2503 3520 2694 3560 verum
2714 3507 2764 3560 id
2786 3507 2895 3577 jam
2927 3523 3072 3563 nunc
3101 3524 3206 3562 non
3237 3509 3386 3576 dicit,
3406 3509 3622 3564 abunde

2034 3597 2266 3652 curiosis
2292 3613 2387 3654 ora
2420 3598 2733 3665 obstruens,
2768 3615 2834 3656 ac
2873 3601 3107 3656 suadens
3144 3611 3203 3656 ut
3238 3602 3394 3658 nihili
3429 3618 3618 3658 eorum

2034 3704 2155 3759 quae
2179 3694 2246 3744 ad
2277 3689 2445 3744 Deum
2471 3700 2724 3760 spectant
2754 3693 3020 3748 rationem
3047 3693 3297 3763 exigant.

2105 3781 2270 3838 Vens.
2305 3784 2391 3839 16.
2423 3803 2441 3836 ι
2471 3785 2647 3855 Igitur
2679 3802 2782 3840 non
2813 3796 2894 3842 est
2925 3787 3154 3844 volentis
3190 3803 3363 3859 neque
3398 3802 3621 3842 curren-

2033 3876 2125 3944 tis,
2150 3878 2244 3932 sed
2284 3877 2590 3933 misereutis
2617 3877 2729 3933 Dei.
2763 3897 2781 3931 ι
2818 3877 2996 3933 Voluit
3021 3880 3238 3949 quidem
3267 3881 3417 3934 Isaac
3456 3881 3622 3934 bene-

2031 3971 2212 4026 dicere
2241 3971 2403 4036 Esau,
2443 3970 2699 4026 currcbat
2740 3981 2920 4026 autem
2975 3971 3113 4027 Esau
3146 3972 3200 4026 in
3233 3987 3524 4043 campum,
3561 3979 3621 4026 ut

2032 4075 2228 4118 venatu
2251 4072 2404 4134 capta
2437 4063 2573 4130 fera,
2599 4065 3038 4120 benedictionem
3065 4081 3091 4118 a
3117 4076 3272 4136 patre
3292 4076 3616 4136 reportaret.

2031 4155 2138 4212 Sed
2163 4155 2306 4213 Deus
2337 4158 2481 4227 justo
2525 4157 2734 4228 judicio
2789 4156 3079 4226 Jacobum,
3114 4174 3210 4214 ceu
3267 4176 3492 4231 prorsus
3532 4162 3617 4217 di-

2030 4265 2215 4320 gnum,
2253 4250 2680 4308 benedictionem
2705 4253 2966 4322 consequi
3003 4253 3149 4308 fecit.
3182 4251 3409 4310 Videtur
3432 4265 3615 4311 autem

2031 4342 2119 4397 hic
2136 4343 2366 4397 liberum
2396 4343 2684 4398 arbitrium
2716 4345 2903 4400 tollere
2925 4344 3241 4415 Apostolus,
3265 4356 3321 4402 at
3348 4348 3489 4403 istud
3509 4362 3614 4403 non

2029 4439 2139 4508 agit
2170 4453 2184 4491 :
2223 4438 2318 4492 sed
2357 4439 2814 4508 quemadmodum
2844 4440 2912 4494 de
2941 4441 3102 4496 domo
3132 4440 3388 4503 dicimus.
3417 4442 3614 4497 Totum

2027 4538 2111 4585 est
2154 4530 2398 4593 artiﬁcis,
2429 4546 2552 4585 cum
2585 4531 2803 4586 interim
2849 4547 2986 4601 opus
3020 4534 3222 4590 habeat
3264 4535 3526 4601 materiae,
3561 4545 3616 4590 et

335 4598 525 4670 αὐτῷ’
555 4603 670 4706 ἀλλ’
703 4606 853 4706 ὅμως
887 4612 1073 4685 ἐπειδὴ
1115 4616 1174 4669 τὸ
1221 4617 1376 4683 τέλος
1404 4598 1620 4678 ἐκείνου
1654 4598 1795 4690 ἐστὶ,
1824 4625 1916 4679 λέ-

2035 4622 2475 4692 cooperatoribus
2509 4623 2686 4692 ipsum
2737 4598 3122 4696 adjuvantibus
3153 4643 3169 4681 :
3214 4635 3452 4682 attamen
3486 4627 3612 4696 quia

335 4705 537 4759 γομεν,
582 4694 664 4748 ὅτι
697 4697 762 4751 τὸ
797 4701 908 4755 πᾶν
939 4703 1154 4759 ἐκείνου
1179 4707 1328 4762 ἐστίν
1351 4726 1365 4739 ·
1396 4709 1541 4765 οὕτω
1573 4714 1668 4768 καὶ
1693 4714 1786 4767 ἐπὶ
1825 4714 1919 4770 τοῦ

2035 4721 2095 4773 -ei
2111 4718 2510 4772 consummatio
2528 4718 2596 4774 ab
2624 4719 2718 4774 illo
2737 4694 2960 4788 pendet,
3025 4720 3256 4776 dicimus
3287 4720 3482 4777 Totum
3513 4723 3613 4776 hoc

335 4785 480 4838 Θεοῦ
511 4787 763 4860 λέγομεν,
808 4793 890 4848 ὅτι
924 4796 998 4850 Τὸ
1030 4800 1140 4853 πᾶν
1167 4799 1261 4854 τοῦ
1293 4801 1430 4856 Θεοῦ
1475 4804 1591 4860 ἐστι
1626 4807 1707 4873 ³⁸,
1741 4808 1923 4862 καίτοι

333 4881 442 4972 τῆς
473 4879 748 4954 ἡμετέρας
772 4887 1083 4959 προθυμίας
1109 4891 1286 4946 δεῖται
1312 4895 1340 4947 6
1373 4894 1506 4960 Θεός
1533 4913 1549 4928 ο
1585 4897 1702 4952 ἀλλ’
1730 4899 1921 4972 ἐπειδὴ

336 4971 552 5038 ἐκεῖνος
579 4975 800 5040 τελειοῖ,
847 4981 942 5034 καὶ
997 4982 1209 5048 ἐκεῖνος
1239 4990 1534 5058 στεφανοῖ,
1561 4990 1655 5044 καὶ
1714 4993 1924 5057 ἐκεῖνος

334 5065 683 5136 κατακρίνει,
717 5069 973 5144 λέγομεν,
1009 5075 1094 5130 ὃτι
1123 5078 1197 5131 Τὸ
1230 5081 1338 5134 πᾶν
1370 5081 1464 5135 τοῦ
1489 5081 1625 5138 Θεοῦ
1653 5085 1823 5140 ἐστιν.

415 5265 436 5298 ι
470 5247 634 5317 Λέγει
666 5252 780 5322 γὰρ
829 5255 862 5325 ἡ
898 5254 1092 5329 Γραφὴ
1130 5257 1207 5330 τῷ
1236 5261 1441 5333 Φαραῷ
1464 5303 1479 5328 ,
1525 5264 1608 5318 ὃτι
1656 5265 1750 5329 Ei;
1783 5267 1916 5321 αὐτὸ

332 5339 496 5396 τοῦτο
545 5343 925 5418 ἐξήγειράοσε,
955 5349 1104 5416 ὅπως
1137 5352 1458 5426 ἐνδείξωμαι
1492 5357 1549 5410 ἐν
1580 5358 1662 5412 σοὶ
1693 5358 1790 5431 τὴν
1824 5359 1918 5414 δύο

411 5501 686 5560 ltMaiach.
725 5505 838 5570 t,2.
921 5505 940 5545 ι
969 5505 1142 5564 Exod.
1171 5526 1367 5577 xxxiii,
1397 5514 1482 5569 i9.

2021 4809 2163 4865 illius
2192 4818 2316 4864 est:
2359 4809 2430 4863 ita
2473 4811 2636 4864 etiam
2672 4811 2738 4866 de
2784 4811 2892 4869 Deo
2943 4812 3205 4880 dicimus,
3237 4814 3392 4883 quod.
3436 4823 3608 4870 totum

2022 4900 2116 4956 Dei
2149 4899 2239 4964 sit,
2273 4900 2522 4970 quamvis
2543 4911 2597 4956 et
2628 4912 2814 4959 nostra
2848 4902 3129 4960 voluntate
3169 4905 3408 4977 indigeat
3441 4905 3602 4960 Deus.

2023 4992 2128 5048 Sed
2155 4991 2408 5062 quoniam
2451 4992 2541 5049 ille
2569 5006 2914 5051 consummat
2958 5006 3013 5052 et
3053 4997 3284 5067 perﬁcit.
3307 5006 3361 5052 et
3393 4997 3488 5051 ille
3519 5011 3608 5052 co-

2024 5093 2206 5143 ronat.
2249 5094 2304 5137 et
2351 5083 2442 5138 ille
2498 5087 2857 5155 condemnat,
2918 5089 3184 5155 dicimus,
3240 5089 3382 5159 quod
3437 5097 3606 5143 totum

2023 5172 2118 5227 Dei
2166 5172 2256 5228 sit.

2097 5265 2263 5323 Vsus.
2289 5270 2378 5326 17.
2420 5291 2438 5324 ι
2483 5273 2625 5330 Dicit
2649 5276 2798 5332 enim
2853 5275 3132 5346 Scriptura
3174 5272 3488 5330 Pharaoni:
3540 5273 3603 5330 In

2026 5357 2129 5412 hoc
2159 5358 2332 5428 ipsum
2356 5365 2594 5422 excitavi
2646 5377 2718 5436 te,
2759 5377 2816 5422 ut
2842 5367 3124 5424 ostendam
3166 5365 3220 5420 in
3253 5373 3305 5421 te
3345 5365 3602 5422 virtutem

1667 5613 1874 5677 Variae
1913 5617 2242 5684 lectiones.

410 5694 456 5728 ”
486 5696 745 5767 γνώσεως
775 5717 829 5758 o.
905 5703 952 5736 ³³
981 5705 1337 5778 ἁμαρτόντων
1355 5710 1440 5765 ὅτι
1463 5727 1518 5768 ο.
1589 5714 1635 5749 ³⁵
1670 5719 1766 5772 καὶ
1794 5719 1980 5791 μέντοι
2004 5738 2056 5778 ο.
2136 5725 2182 5758 ⁸³
2209 5725 2326 5779 ἀλλ’
2353 5726 2382 5780 6
2409 5726 2543 5793 Θεὸς
2575 5741 2629 5783 o.
2707 5727 2753 5760 ³⁸
2794 5727 3006 5784 ἐκείνου
3058 5743 3120 5785 o.

543 5833 854 5940 ljfnnnlclff.
887 5839 998 5940 {si}
1047 5841 1906 5940 ggps-tnqlusﬂtgostendatDeum
2017 5858 2248 5940 volentis
2276 5872 2405 5940 _aut
2468 5861 2736 5922 currentis
2791 5879 2912 5923 esse
2943 5864 3008 5921 ad
3032 5865 3255 5925 salutem
3292 5867 3593 5940 pervenire.

328 5905 506 5962 soium
556 5906 611 5965 id
663 5921 856 5979 nesse;
902 5905 996 5969 scd
1049 5905 1140 5972 Dei
1182 5915 1506 5989 miserentis,
1537 5905 1911 5985 no’n’liont'ini‘s
2273 5905 2548 5994 LEM};
