4038 6600
493 399 597 462 467

1412 396 1994 458 THEOPHYLACTI
2031 395 2444 458 BULGARI/E
2471 398 2834 458 ARCHIEP.

3643 395 3752 460 468

498 523 752 569 meamet
787 522 844 566 Ill
872 509 1226 566 annuntietur
1264 523 1460 565 nomen
1507 525 1686 565 meum
1733 509 1785 564 in
1818 509 2066 563 universa

2181 509 2338 580 νσμίν
2363 528 2484 580 μου,
2521 512 2620 564 καὶ
2654 511 2802 573 ὅπίιις
2828 506 3090 579 διαγγελῇ
3138 510 3183 540 ³-⁷
3224 511 3283 562 τὸ
3310 507 3484 578 όνομά
3535 527 3639 579 μου
3689 512 3750 565 ἐν

495 614 664 662 terra.
708 623 728 657 ι
758 603 1244 671 Quemadmodum,
1278 602 1470 674 inquit,
1495 618 1682 656 eorum
1721 600 1814 671 qui
1841 601 2069 656 vitulum

493 699 787 760 tinxerant,
822 696 908 750 alii
940 695 1154 766 quidem
1188 696 1391 752 servati
1424 705 1605 761 eram,
1645 694 1737 751 alii
1780 711 1911 750 vero
1949 709 2066 764 sup-

492 789 656 862 plicio
692 786 898 855 affecti,
931 787 1046 843 solo
1079 786 1193 842 Deo
1237 796 1622 856 cognoscente,
1657 787 1877 856 quin-am
1922 785 2068 856 digni

492 888 675 934 essent
708 885 766 933 ut
809 887 903 933 aut
952 889 1325 943 servarentur,
1359 888 1454 932 aut
1507 879 1876 948 punirentur:
1918 878 1997 933 sic
2018 887 2072 934 et

491 969 642 1024 solus
667 969 903 1031 Pharao,
933 984 1055 1022 cum
1085 968 1328 1039 plerique
1357 970 1448 1024 alii
1478 980 1534 1024 et
1562 969 1708 1037 impii
1735 979 1789 1024 et
1817 969 2068 1024 scelerati

491 1074 697 1130 essent,
718 1063 855 1116 iram
889 1060 984 1116 Dei
1005 1071 1258 1128 expertus
1280 1070 1380 1117 est.
1407 1081 1428 1113 ι
1459 1061 1686 1129 Pr0pter
1717 1063 1820 1116 hoc
1842 1062 2014 1130 ipsum
2046 1081 2064 1113 ι

493 1153 664 1219 enim,
694 1152 899 1223 inquit,
945 1171 964 1205 ι
1005 1168 1036 1206 ο
1069 1151 1303 1220 Pharao,
1337 1149 1571 1207 excitavi
1598 1163 1672 1218 te,
1711 1172 1731 1203 ι
1781 1153 1831 1208 id
1860 1163 1965 1215 est,
2016 1153 2067 1207 in

493 1246 737 1302 medium
779 1245 1004 1317 protuli,
1034 1257 1091 1300 ut
1125 1260 1221 1315 per
1249 1255 1300 1300 te
1347 1254 1605 1316 appareat
1651 1247 1889 1316 potentia
1927 1263 2066 1311 mea,

493 1348 955 1409 coerceanturque
979 1339 1154 1404 multi,
1189 1339 1409 1393 nomine
1439 1351 1557 1392 meo
1591 1353 1687 1394 ceu
1715 1338 1864 1407 justo
1889 1348 1943 1392 et
1969 1354 2068 1409 po-

495 1431 938 1502 tentipraedieato
975 1433 1027 1486 in
1057 1432 1305 1487 universa
1342 1441 1505 1487 terra.

573 1523 732 1578 Vens.
765 1525 853 1579 18.
900 1541 920 1576 ι
968 1524 1112 1595 Ergo
1157 1522 1312 1592 cujus
1335 1524 1452 1577 vult
1490 1523 1799 1587 miseretur,
1828 1531 1882 1577 et
1911 1536 2070 1590 quem

493 1618 608 1673 vult
636 1617 874 1674 indurat.
906 1636 924 1669 ι
957 1617 1131 1673 Infert
1160 1617 1592 1681 conclusionem,
1621 1630 1684 1670 ac
1709 1616 2070 1680 demonstrat,

495 1711 766 1780 quodnon
799 1716 1049 1779 oporteat
1071 1711 1339 1765 rationem
1372 1708 1589 1778 exigere
1627 1722 1656 1761 ιι
1685 1706 1814 1761 Deo.
1854 1723 1872 1756 ι
1910 1705 2075 1774 Cujus

495 1802 640 1858 enim
673 1802 780 1856 vult
815 1803 1106 1858 miseretur
1137 1838 1154 1856 .
1187 1818 1207 1852 ι
1239 1801 1462 1872 perinde
1494 1809 1656 1870 atque
1695 1800 1747 1853 in
1795 1799 2071 1863 lsraelitis,

2175 601 2328 674 πάσῃ
2362 603 2430 672 τῇ
2460 604 2554 673 γῇ.
2595 620 2612 654 ι
2654 602 2867 672 Ὠσπερ
2903 599 2998 654 ἐπὶ
3038 599 3148 653 τῶν
3207 600 3750 670 μοσχοποιησάντων,

2175 694 2362 762 φησιν,
2385 692 2435 746 οἱ
2464 693 2564 763 μὲν
2583 691 2890 762 ἐσώθησαν,
2913 691 2961 744 οἱ
2981 690 3037 744 δὲ
3061 689 3462 761 ἐκολάσθησαν.
3494 691 3590 745 τοῦ
3615 690 3751 745 Θεοῦ

2178 784 2339 857 μόνου
2363 785 2562 848 εἰδότος
2596 783 2721 848 τοὺς
2750 781 2933 852 ἀξίους
2959 783 2992 854 ἦ
3035 783 3331 854 σωτηρίας.
3366 783 3398 854 ἢ
3431 783 3708 845 κολάσεως
3736 800 3752 814 ·

2173 876 2316 930 οὕτω
2349 877 2444 930 καὶ
2477 876 2504 929 ό
2542 874 2740 947 Φαραὼ
2775 875 2957 946 μόνος,
2985 875 3162 929 καίτοι
3193 874 3404 928 πολλῶν
3435 875 3529 928 καὶ
3573 874 3756 928 ἄλλων

2175 968 2483 1040 γενομένων
2509 967 2788 1038 πονηρῶν,
2815 967 3102 1037 ἀπήλαυσε
3130 966 3230 1037 τῆς
3259 967 3433 1036 ὀργῆς
3457 965 3556 1019 τοῦ
3585 966 3754 1022 Θεοῦ.

2175 1061 2275 1113 Διά
2291 1058 2452 1112 τοῦτο
2477 1060 2587 1130 γὰρ
2617 1058 2749 1112 αὐτὸ
2779 1057 3039 1128 ἐξήγειρά
3076 1075 3160 1120 σε,
3206 1059 3391 1127 φησιν,
3433 1051 3478 1110 ὦ
3511 1056 3713 1128 Φαραὼ
3738 1100 3754 1123 ,

2173 1150 2473 1218 τουτέστιν,
2503 1152 2583 1214 είς
2608 1151 2668 1203 τὸ
2702 1150 2866 1220 μέσον
2904 1151 3132 1220 ἤγαγον.
3166 1149 3250 1202 ἵνα
3281 1150 3368 1204 διὰ
3396 1148 3491 1202 σοῧ
3540 1153 3688 1219 φανῇ
3720 1151 3755 1220 ἦ

2173 1242 2406 1313 δύναμίς
2435 1260 2537 1314 μου
2557 1283 2573 1308 ,
2606 1242 2701 1296 καὶ
2739 1241 3050 1295 συσταλῶσι
3077 1240 3265 1294 πολλοὶ
3285 1281 3301 1306 ,
3338 1240 3756 1310 διαγγελθέντος

2173 1335 2268 1388 τοῦ
2288 1335 2546 1406 ὀνόματός
2583 1351 2707 1404 μου,
2739 1333 2813 1397 ὡς
2839 1333 3049 1388 δικαίου
3077 1333 3172 1387 καὶ
3212 1332 3462 1401 δυνατοῦ,
3495 1333 3555 1386 ἐν
3603 1332 3759 1402 πάσῃ

2173 1429 2238 1496 τῇ
2272 1427 2365 1496 γῇ-

2250 1537 2268 1570 (
2304 1521 2445 1590 Ἀρα
2468 1514 2560 1573 οὖν
2584 1517 2642 1571 ὃν
2673 1517 2815 1570 θέλει
2852 1517 3010 1583 ἐλεεῖ,
3041 1516 3100 1570 ὃν
3141 1517 3197 1570 δὲ
3226 1516 3366 1571 θέλει
3399 1515 3760 1586 σκληρύνει.»

2177 1611 2404 1680 Ἐπάγει
2431 1612 2490 1664 τὸ
2517 1611 2914 1682 συμπέρασμα,
2941 1611 3033 1664 καὶ
3052 1609 3437 1678 ἀποφαίνεται,
3474 1611 3557 1662 ὅτι
3581 1610 3646 1661 οὐ
3678 1609 3766 1662 δεῖ

2176 1703 2406 1768 εὐθύνας
2425 1703 2679 1756 ἀπαιτεῖν
2693 1703 2783 1756 τὸν
2801 1701 2953 1756 Θεόν.
2977 1721 2995 1752 ί
3011 1704 3110 1754 Ὃν
3129 1702 3238 1772 γὰρ
3265 1701 3403 1754 θέλει
3423 1701 3585 1764 ἐλεεῖ,
3619 1720 3639 1751 ι
3673 1700 3750 1763 ὡς

2177 1795 2270 1848 ἐπὶ
2307 1793 2416 1847 τῶν
2448 1794 2972 1865 μοσχοποιησάντων
2998 1792 3384 1862 Ἰσραηλιτῶν
3421 1791 3480 1845 ὃν
3516 1792 3575 1844 δέ
3608 1791 3764 1844 θέλει

494 1894 585 1962 qui
627 1893 856 1948 vitulum
904 1895 1198 1948 tinxerant.
1239 1863 1286 1945 ἰ
1329 1890 1395 1946 Et
1425 1863 1585 1962 quem
1617 1890 1731 1945 vult
1771 1890 2009 1952 indurat,
2049 1909 2068 1942 ι

2181 1863 2497 1959 σκληρύνει,
2632 1887 2723 1942 τὸν
2755 1886 2974 1958 Φαραώ.
3017 1886 3082 1940 Τί
3105 1885 3162 1938 δὲ
3187 1887 3304 1938 ἐστι
3335 1884 3416 1946 τὸ,
3455 1903 3474 1936 t
3509 1884 3762 1956 Σκληρύ-

496 1994 553 2038 ιιι
582 1984 936 2040 Pharaonem.
961 1985 1098 2051 Quid
1120 1995 1298 2042 autem
1325 1994 1429 2049 est,
1466 2002 1485 2036 ι
1515 1982 1779 2038 indurat?
1815 2001 1832 2034 ι
1863 1983 2077 2038 videtur

495 2075 638 2132 enim
673 2076 964 2131 absurdum
985 2091 1126 2132 esse.
1163 2074 1636 2143 Quemadmodum
1669 2075 1748 2130 sol
1787 2075 1961 2130 lutum
1996 2075 2075 2128 in-

497 2168 675 2233 durat,
709 2167 789 2222 sic
821 2166 962 2222 Deus
985 2167 1192 2222 luteum
1228 2167 1534 2223 Pharaonis
1569 2183 1662 2221 cor
1693 2167 1891 2222 dicitur
1917 2167 2074 2220 indu-

499 2273 668 2316 rasse.
699 2259 943 2324 Quanam
1001 2259 1390 2332 ratione?jPer
1425 2256 2077 2329 longanimitatem.Lon-

498 2349 766 2418 ganimem
805 2349 948 2403 enim
975 2364 1097 2405 sese
1139 2349 1216 2404 illi
1265 2349 1528 2405 exhibens
1554 2390 1570 2416 ,
1597 2348 1870 2404 duriorem
1903 2349 2075 2418 ipsum

501 2437 730 2493 faciebat
755 2457 770 2493 :
801 2440 1026 2510 perinde
1054 2455 1118 2495 ac
1143 2440 1188 2495 si
1215 2441 1335 2510 quis
1358 2442 1461 2512 71
1491 2457 1709 2496 servum.
1731 2442 1936 2496 habeat
1957 2456 2078 2496 sce-

502 2529 754 2596 leratum,
789 2546 898 2600 quo
935 2547 996 2586 se
1030 2532 1406 2587 humaniorem
1457 2535 1532 2586 illi
1596 2533 1921 2597 ostenderit,
1977 2535 2078 2589 hoc

500 2638 622 2677 eum
666 2624 844 2678 reddit
876 2623 1195 2692 nequiorem
1228 2644 1242 2680 :
1284 2641 1390 2679 non
1423 2625 1568 2694 quod
1609 2625 1721 2690 ipse
1752 2627 2081 2695 perversita-

505 2723 610 2769 tem
689 2715 1060 2784 nequitiamve
1102 2730 1226 2770 eum
1283 2715 1518 2780 doceat,
1594 2718 1688 2770 sed
1772 2715 1922 2786 quod
1986 2717 2081 2770 du-

505 2805 634 2859 mini
684 2805 1098 2875 longanimitate
1153 2807 1257 2861 iste
1310 2807 1374 2859 ad
1439 2807 1819 2875 perversitatis
1839 2821 1948 2861 suae
2001 2806 2082 2860 in-

504 2909 844 2952 crementum
893 2899 1172 2964 abutatur,
1225 2897 1424 2966 quippe
1466 2898 1556 2966 qui
1596 2913 1713 2954 eam
1750 2908 2079 2954 contemnat.

586 2986 762 3044 Vens.
793 2989 882 3043 l9.
916 3008 934 3040 ι
972 2989 1127 3045 Dicrs
1163 2989 1327 3060 igitur
1378 2990 1530 3053 mihi,
1571 2989 1713 3056 Quid
1746 2992 1920 3046 adhuc
1954 3005 2085 3060 qui»

507 3072 690 3128 ritur?
719 3073 992 3128 Voluntati
1031 3077 1174 3128 enim
1212 3073 1330 3144 ejus
1364 3075 1484 3143 quis
1509 3075 1764 3129 resistat?
1795 3093 1821 3127 ι
1842 3075 2082 3130 Conatur

507 3180 604 3234 per
631 3167 831 3233 omnia,
867 3167 1010 3238 quod
1035 3182 1430 3237 ⁵διιειιεξιιιιιιιεξιό
1461 3168 1600 3232 dixi,
1629 3177 2078 3230 commonstrare,

508 3260 652 3326 quod
688 3257 787 3312 soli
821 3257 932 3314 Deo
962 3259 1072 3314 sint
1096 3261 1328 3332 cognitae
1358 3275 1468 3314 suae
1512 3275 1692 3314 rerum
1725 3259 2083 3329 dispensatio-

510 3359 818 3420 nes,_atque
839 3350 1041 3420 judicia
1091 3353 1231 3408 haec.
1276 3353 1416 3408 Hinc
1448 3353 1684 3422 undique
1735 3351 1876 3406 haud
1915 3366 2084 3422 pauca

511 3445 758 3515 ambigua
791 3443 1011 3515 colligit,
1045 3461 1275 3516 quorum
1317 3445 1514 3500 nullam
1549 3445 1864 3502 dilutionem
1907 3443 2082 3510 affert,

509 3546 570 3593 ut
619 3540 686 3593 ad
738 3541 1047 3610 angustiam
1095 3542 1313 3596 redacto
1365 3540 1631 3604 auditore,
1667 3541 1988 3611 persuadeat
2035 3543 2084 3595 el

510 3633 624 3687 hanc
654 3647 777 3687 esse
818 3633 1388 3704 incomprehensibilia
1409 3675 1423 3700 ,
1457 3635 1702 3703 adeoque
1735 3633 1956 3688 humani
2001 3633 2084 3687 in-

513 3724 656 3794 genii
685 3736 900 3795 captum
946 3729 1230 3782 excedere.
1260 3727 1413 3792 Quod
1458 3726 1623 3796 igitur
1671 3726 1759 3782 hic
1807 3726 1956 3792 dicit,
2003 3732 2085 3779 est

514 3816 822 3885 huiusmodi
855 3817 1267 3888 :Objectionem
1301 3818 1540 3885 adducit,
1596 3819 1841 3889 adeoque
1870 3818 2090 3874 dubita-

511 3909 746 3962 tionem:
809 3905 866 3962 Si
915 3922 1076 3976 quem
1116 3909 1242 3962 velit
1293 3909 1548 3973 iuduret,
1605 3909 1732 3978 quid
1787 3910 1963 3964 adhuc
2023 3910 2089 3963 de

511 4007 770 4068 peccante
798 3997 1189 4067 conqueritur?
1214 3997 1486 4056 Voluntati
1539 4016 1772 4071 namque
1812 4001 1928 4069 ejus
1967 4002 2089 4072 quis

510 4087 712 4158 poterit
745 4088 1050 4143 resistere?
1083 4087 1262 4143 Voluit
1300 4090 1522 4156 etenim,
1567 4100 1621 4146 et
1653 4093 1944 4157 induravit,
1976 4107 2090 4147 me-

515 4181 728 4251 ritoque
761 4180 986 4250 impegit
1017 4181 1336 4247 induratus;
1378 4197 1476 4237 cur
1514 4198 1645 4253 ergo
1691 4184 1757 4239 de
1789 4183 1880 4239 illo
1910 4184 2090 4254 queri-

516 4283 601 4326 tur
626 4279 680 4326 et
710 4270 907 4342 punit?
947 4269 1072 4327 Haec
1100 4287 1232 4326 sane
1263 4271 1498 4340 obiectio
1545 4274 1805 4342 producta
1861 4285 1974 4341 est,
2011 4276 2088 4330 uti

511 4364 764 4418 ostendat
815 4361 1121 4431 hujusmodi
1175 4363 1334 4418 dubia
1389 4363 1486 4420 soli
1537 4364 1650 4421 Deo
1699 4367 2089 4436 perceptibilia.

2175 2003 2290 2051 νει;
2357 2005 2376 2038 ι
2429 1985 2686 2039 Φαίνεται
2735 1984 2844 2054 γὰρ
2895 1983 3118 2038 ἄτοπον.
3155 1983 3368 2053 Ὥσπερ
3399 1981 3429 2035 ό
3470 1980 3625 2050 ἥλιος
3669 1979 3766 2032 τὸν

2174 2079 2349 2147 πηλὸν
2383 2075 2699 2148 σκληρύνει,
2730 2075 2873 2128 οὕτω
2901 2076 2994 2128 καὶ
3023 2077 3050 2128 ὁ
3071 2074 3204 2137 Θεὸς
3233 2074 3332 2144 τὴν
3360 2071 3597 2144 πηλίνην
3620 2089 3762 2141 καρ-

2175 2169 2294 2225 δίαν
2324 2167 2420 2223 τοῦ
2459 2168 2660 2240 Φαραὼ
2683 2169 2906 2236 λέγεται
2944 2165 3294 2237 σκληρύνειν.
3333 2164 3498 2232 Πῶς;
3528 2164 3609 2234 Τῇ
3657 2180 3761 2233 μα-

2176 2261 2452 2333 κροθυμίᾳ
2471 2279 2484 2293 ·
2531 2260 2905 2332 μακροθυμῶν
2933 2259 3039 2328 γὰρ
3067 2260 3154 2311 ἐπ’
3191 2256 3360 2327 αὐτῷ,
3386 2257 3759 2327 σκληρότερον

2177 2355 2338 2410 αὐτὸν
2368 2354 2654 2425 εἰργάζετο
2673 2371 2686 2384 ·
2718 2352 2912 2423 ὥσπερ
2938 2353 2990 2404 εί
3017 2368 3098 2414 τις
3122 2350 3234 2421 ἔχει
3266 2349 3450 2404 δοῦλον
3491 2349 3761 2417 πονηρὸν,

2178 2440 2298 2499 εἶτα
2329 2444 2725 2514 φιλανθρώπως
2761 2442 2912 2512 αὗτῷ
2937 2443 3162 2514 χρᾶται,
3199 2440 3568 2511 πονηρότερον
3599 2438 3759 2492 αὐτὸν

2181 2537 2504 2610 ἐργάζεταιο
2541 2539 2638 2608 οὐχ
2668 2536 2742 2601 ὡς
2793 2537 2956 2600 αὐτὸς
2993 2535 3094 2606 τὴν
3123 2534 3388 2606 πονηρίαν
3413 2533 3578 2586 αὑτὸν
3616 2531 3760 2586 διδά-

2181 2647 2348 2693 σκων,
2397 2627 2511 2682 ἀλλ’
2547 2627 2624 2691 ὡς
2667 2630 2876 2682 ἐκείνου
2912 2630 2977 2698 τῇ
3033 2625 3388 2697 μακροθυμίᾳ
3411 2625 3491 2687 εἰς
3519 2624 3620 2695 τὴν
3663 2624 3759 2692 τῆς

2181 2718 2448 2788 πονηρίας
2476 2717 2704 2788 αὔξησιν
2732 2717 3040 2790 χρωμένου,
3066 2711 3152 2770 οἶα
3183 2716 3248 2786 δὴ
3289 2732 3468 2782 καταφ
3480 2712 3760 2782 ρονοῦντος

2180 2828 2403 2882 ταυτης.

2259 3007 2284 3042 t
2320 2989 2500 3059 Ἐρεῖς
2528 2982 2621 3042 οὗν
2655 3004 2747 3058 μοι
2773 3005 2787 3019 ·
2814 2985 2879 3040 Τί
2911 2987 2994 3040 ἐτι
3030 2985 3306 3056 μέμφεται
3334 3026 3348 3049 ,
3380 2991 3464 3054 τῷ
3493 2983 3605 3056 γάρ
3641 2983 3761 3054 βου-

2181 3081 2385 3154 λήματι
2414 3081 2579 3134 αὑτοῦ
2615 3081 2698 3142 τίς
2726 3077 3058 3149 ἁνθέστηκε;
3101 3097 3120 3129 ι
3161 3075 3466 3139 Σπουδάζει
3497 3077 3588 3129 διὰ
3623 3078 3759 3130 πάν-

2189 3193 2317 3239 των,
2359 3175 2495 3244 ὅπερ
2524 3171 2782 3235 πολλάκις
2817 3168 2991 3236 εἷπον,
3018 3169 3209 3236 δεῖξαι,
3235 3169 3324 3222 ὅτι
3363 3168 3442 3239 τῷ
3469 3168 3590 3240 Θεῷ
3619 3169 3761 3240 μόνῳ

2191 3266 2551 3337 γινώσκονται
2590 3267 2646 3320 αἱ
2683 3263 2987 3335 οἰκονομίαι
3021 3264 3118 3316 καὶ
3165 3261 3235 3315 τά
3269 3261 3516 3332 κρίματα
3545 3260 3722 3314 ταῦτα
3745 3277 3757 3289 ·

2187 3362 2267 3417 διὸ
2321 3363 2415 3416 καὶ
2462 3360 2727 3415 πάντοθεν
2773 3360 2996 3429 συνάγει
3052 3359 3234 3430 ἄπορα
3265 3356 3472 3421 πολλὰ,
3515 3356 3612 3409 καὶ
3665 3353 3762 3406 οὐκ

2190 3455 2384 3524 ἐπάγει
2415 3455 2511 3517 τὰς
2541 3453 2745 3518 λύσεις,
2783 3451 2871 3506 ἵνα
2913 3451 3323 3522 στενοχωρήσας
3339 3449 3429 3503 τὸν
3461 3447 3759 3518 ἀκροατὴν,

2190 3547 2355 3618 πείσῃ
2372 3546 2454 3598 ὄτι
2488 3543 2871 3612 ἀκατάληπτα,
2908 3542 3002 3594 καὶ
3026 3539 3374 3609 ἀκατανόητα
3391 3535 3568 3591 ταῦτά
3594 3539 3758 3589 ἐστιν.

2193 3639 2370 3708 Ὅπερ
2401 3631 2492 3690 οὖν
2530 3635 2680 3704 λέγει
2714 3633 2974 3696 ἐνταῦθα,
3013 3631 3255 3686 τοιοῦτόν
3299 3632 3468 3683 ἐστιν.
3529 3626 3761 3680 ’Δντίθε-

2192 3748 2275 3786 σιν
2317 3728 2534 3797 εἰσάγει.
2578 3727 2760 3780 τοίνυν
2805 3726 2900 3779 καὶ
2943 3724 3208 3796 ἀπορίαν,
3259 3723 3492 3776 ὃτιἘὰν
3526 3721 3586 3774 ὃν
3622 3719 3761 3773 θέλει

2192 3822 2490 3895 σκληρύνῃ,
2535 3820 2589 3874 τί
2641 3819 2722 3873 ἔτι
2756 3818 3033 3891 μέμφεται
3064 3817 3141 3888 τῷ
3186 3815 3468 3880 πταίοντι;
3519 3812 3612 3883 Τῷ
3657 3811 3761 3881 γὰρ

2193 3916 2495 3988 βουλήματι
2513 3911 2699 3978 αὐτοῦ,
2725 3912 2806 3977 τίς
2835 3910 3063 3981 ἠδύνατο
3100 3909 3445 3980 ἀντιστῆναις
3476 3905 3761 3975 Ἦθέλησε,

2191 4010 2287 4064 καὶ
2315 4008 2641 4079 ἐσκλήρυνε,
2664 4005 2760 4059 καὶ
2784 4004 3012 4068 εἰκότως
3034 4001 3292 4057 ἔπταισεν
3315 4003 3342 4056 ό
3371 3996 3726 4069 σκληρυνθείς
3745 4013 3756 4024 ·

2191 4103 2309 4166 πῶς
2332 4096 2426 4156 οὖν
2466 4099 2616 4170 αὐτῷ
2647 4099 2949 4170 μέμφεται,
3001 4097 3099 4150 καὶ
3126 4094 3345 4159 κολάζει
3370 4111 3385 4160 ;
3425 4090 3579 4162 Αὕτη
3609 4091 3703 4160 μὲν
3729 4091 3758 4158 ή

2191 4194 2467 4258 ἀντίθεσις
2483 4191 2822 4262 είσαχθεῖσα,
2838 4189 2926 4243 διὰ
2941 4189 3006 4242 τὸ
3017 4188 3189 4254 δεῖξαι
3210 4186 3393 4257 ἄπορα
3416 4183 3590 4238 ταῦτα
3609 4182 3653 4215 ³⁸
3674 4183 3760 4233 καὶ

2196 4286 2315 4356 Θεῷ
2347 4285 2493 4356 μόνῳ
2516 4282 2842 4353 καταληπτά
2863 4297 2878 4313 °
2902 4281 2982 4336 διὸ
3009 4280 3130 4335 οὑδέ
3146 4279 3316 4342 αὐτὸς
3333 4275 3449 4330 λύει
3471 4275 3676 4344 ταύτην
3699 4273 3760 4336 ⁸³,

2193 4377 2309 4434 ἀλλ’
2341 4377 2684 4447 ἐπιστομίζει
2731 4376 2826 4428 τὸν.
2861 4373 3170 4447 ἀποροῦντα
3201 4371 3373 4440 λέγων
3397 4387 3413 4403 ·

516 4454 674 4511 Unde
695 4470 794 4512 nec
821 4455 935 4525 ipse
962 4454 1107 4511 hanc
1128 4455 1304 4522 diluit,
1335 4456 1432 4512 sed
1455 4457 1718 4513 dubitanti
1747 4475 1809 4514 os
1834 4459 2087 4527 obstruit,

513 4551 704 4606 dicens
735 4569 749 4605 :
2121 4571 2166 4628 ο

593 4641 754 4697 Vens.
783 4644 873 4698 20.
917 4662 937 4696 ‹
967 4643 1152 4714 Atqui,
1210 4659 1242 4698 ο
1297 4645 1480 4710 homo,
1521 4654 1573 4698 tu
1620 4644 1740 4714 quis
1787 4662 1846 4701 es
1893 4645 1982 4715 qui
2027 4661 2080 4701 ex

2271 4661 2289 4694 ι
2315 4641 2617 4711 Μενοῦνγε,
2662 4635 2706 4695 ὦ
2743 4639 3019 4712 ἄνθρωπε,
3051 4641 3113 4693 σὺ
3138 4639 3220 4704 τὶς
3245 4635 3296 4692 εί
3319 4639 3347 4690 ό
3377 4636 3762 4708 ἀνταποκρινό-

515 4731 745 4790 adverso
780 4737 1110 4805 respondeas
1138 4734 1248 4788 Deo
1270 4735 1296 4788 i7
1332 4753 1351 4787 ι
1386 4734 1575 4790 Viden’
1618 4738 1887 4806 quomodo
1939 4738 2080 4792 cohi-

2195 4751 2356 4806 μενος
2386 4731 2462 4803 τῷ
2496 4732 2647 4803 Θεῷ;
2687 4751 2706 4784 ι
2762 4731 2946 4802 Ὁρᾷς,
2985 4732 3105 4794 πῶς
3135 4728 3450 4784 ἀναστέλλει
3489 4729 3598 4798 τὴν
3619 4727 3749 4781 ἄκαι-

511 4826 639 4881 beat
661 4825 1023 4896 importunam
1049 4826 1444 4892 curiositatem,
1486 4827 1806 4898 frenumque
1830 4831 2072 4900 imponat

2192 4847 2285 4902 ρον
2311 4829 2650 4900 περιεργίαν,
2683 4829 2782 4882 καὶ
2810 4827 3026 4898 χαλινὸν
3055 4825 3354 4898 ἐπιτίθησι,
3389 4822 3667 4880 παιδεύων
3696 4822 3760 4874 εἰσ

511 4917 769 4974 erudiens
801 4935 900 4976 nos
935 4931 994 4974 ut
1043 4920 1322 4976 discamus
1348 4920 1473 4992 quid
1529 4921 1670 4976 Deus
1719 4921 1807 4984 sit,
1860 4932 1915 4976 et
1966 4921 2080 4992 quit

2189 4924 2359 4990 δέναι,
2390 4923 2442 4976 τί
2480 4923 2577 4994 μὲν
2607 4921 2761 4988 Θεὸς,
2785 4921 2838 4974 τί
2873 4921 2928 4974 δέ
2959 4919 3266 4991 ἄνθρωπος,
3296 4919 3368 4972 Σὺ
3397 4917 3484 4981 τίς
3514 4911 3608 4983 si;
3637 4933 3761 4984 συμ-
3864 4984 3874 4996 '

512 5011 696 5066 homo.
753 5011 830 5066 Tu
887 5013 1007 5080 quis
1042 5013 1140 5068 es?
1211 5011 1464 5082 Nunquid
1505 5011 1795 5082 imperium
1855 5028 1978 5068 cum
2031 5027 2080 5066 ε(

2197 5014 2460 5085 μεριστῆς
2487 5011 2638 5083 αὺτῷ
2662 5015 2761 5083 τῆς
2813 5011 3023 5082 ἀρχῆςς
3062 5007 3321 5079 δικαστὴς
3368 5005 3519 5076 αὑτῷ
3563 4997 3639 5057 ὧν
3689 5004 3762 5056 δεῖ

512 5106 739 5174 partiris
766 5106 790 5159 Ἰ
819 5104 956 5160 Νιιιιι
978 5106 1140 5176 judex
1175 5122 1235 5162 es
1267 5122 1454 5162 eorum
1481 5122 1601 5176 qua:
1646 5108 1816 5176 ipsum
1841 5113 2080 5173 oporteat

2197 5110 2373 5161 ποιεῖν
2393 5106 2459 5172 ⁸⁸,
2488 5107 2520 5177 ἢ
2557 5110 2628 5177 μή
2653 5124 2666 5172 ;
2693 5107 2764 5159 Τὸ
2782 5106 2889 5177 γάρ
2910 5104 3200 5170 ἐξετάζειν,
3227 5103 3308 5157 ὅτι
3334 5099 3510 5163 οὕτως
3540 5098 3760 5170 ἔπρεπε,

511 5199 692 5254 facere
741 5210 838 5254 aut
887 5216 990 5256 non
1055 5201 1283 5256 facere?
1326 5200 1461 5255 Nam
1504 5199 1786 5269 explorare
1835 5200 1961 5268 quid
2009 5201 2080 5254 sic

2198 5201 2294 5254 καὶ
2315 5200 2410 5270 οὐχ
2441 5198 2614 5260 οὕτως
2648 5199 2910 5268 ἔπρεπεν,
2942 5192 3478 5268 άνταποκρινομένου
3509 5191 3649 5255 ἐστὶ,
3677 5189 3763 5241 καὶ

509 5293 722 5358 deceat,
768 5291 850 5346 vel
905 5309 1009 5348 non
1043 5295 1252 5356 deceat,
1302 5303 1386 5348 est
1436 5293 1554 5363 ejus
1599 5291 1689 5361 qui
1751 5305 1816 5345 ex
1859 5291 2080 5346 adverso

2195 5292 2724 5363 ἁντικαθισταμένου
2748 5292 2789 5324 ⁸⁸
2813 5290 2890 5361 τῷ
2921 5290 3061 5360 Θεῷ.
3089 5290 3164 5343 υῦ
3197 5288 3304 5359 χρὴ
3331 5285 3385 5339 δὲ
3406 5283 3556 5338 οὕτω
3575 5285 3760 5344 ποιεῖν,

513 5385 841 5452 respondeat
892 5395 1302 5456 opponaturque
1360 5387 1490 5441 Deo.
1553 5385 1751 5440 Verum
1803 5385 2080 5454 haudqua-

2195 5385 2331 5439 ἀλλὰ
2360 5385 2644 5439 πείθεσθαι
2669 5386 2780 5448 τοῖς
2807 5384 3133 5454 γινομένοις,
3159 5383 3309 5444 ὅπως
3335 5378 3401 5432 ἂν
3429 5378 3707 5447 γίνωνται.

512 5490 676 5542 quam
739 5477 812 5532 ita
869 5477 1201 5544 faciendum,
1241 5480 1331 5534 sed
1366 5479 1848 5548 obtemperandnm
1893 5486 1977 5532 est
2025 5477 2091 5532 iis
2125 5491 2245 5546 quae
2277 5477 2418 5534 Deus
2484 5477 2694 5544 fecerit,
2735 5477 3220 5548 quomodocunque
3269 5475 3434 5530 etiam
3485 5487 3607 5528 sese
3672 5470 3762 5522 bac

509 5570 747 5625 bncriut.

1920 5701 2117 5764 Variae
2157 5699 2488 5765 lectiones.

587 5838 632 5871 ³⁷
654 5830 950 5904 διαγγελθῇ
982 5845 1036 5888 o.
1115 5832 1157 5864 ³⁸
1197 5828 1522 5885 τὰτοιαῦτα
1565 5847 1620 5884 ο.
1698 5831 1740 5862 ⁸³
1785 5827 1962 5884 ταῦτα
2007 5845 2059 5885 0.
2138 5832 2180 5864 ³ο
2227 5830 2402 5882 εἰπεῖν
2439 5843 2490 5882 ο.
2570 5826 2610 5858 ⁸⁸
2646 5823 3039 5894 ἀνθιστάμενον
3096 5838 3170 5876 ιιι.
