4038 6604
387 380 482 446 (71

1309 388 1886 454 THEOPHYLACTI
1927 393 2340 458 BULGARIE
2377 397 2732 462 ARCHIEP.

3531 393 3647 459 472

387 502 653 562 videlicet.
681 506 946 574 Quocirca
975 521 1041 563 ne
1071 507 1386 572 offendaris,
1407 508 1630 566 Iudaee:
1659 525 1786 567 ecce
1809 511 1953 567 enim

2067 516 2144 586 μὴ
2175 517 2556 583 σκανδαλίζου,
2601 509 2647 570 ὦ
2681 515 2903 570 Ἰουδαίε
2925 531 2938 547 ·
2971 515 3081 570 ίδοῦ
3130 515 3239 586 γάρ
3264 513 3359 569 καὶ
3387 515 3481 569 ἐπὶ
3525 513 3638 568 τῶν

387 596 468 650 vel
503 611 567 650 ex
599 597 847 666 gentibus
902 599 1142 654 nonnulli
1193 600 1624 661 miscricordiam
1681 603 1951 669 obtinent,

386 688 628 742 nonnulli
662 703 788 743 vero
829 690 1074 745 minime.

455 777 621 835 Vens.
656 779 748 848 es,
777 781 866 836 26.
907 801 925 835 ι
957 782 1109 838 Sicut
1137 793 1191 839 et
1223 783 1274 838 in
1307 783 1444 840 σερε
1474 787 1698 842 dicit:
1741 787 1957 844 Vocabo
2041 753 2052 766 ’

385 887 487 927 non
522 873 775 944 populum
811 891 1014 940 meum,
1063 877 1316 946 populum
1368 893 1587 934 meum:
1630 889 1686 935 et
1730 896 1835 936 non
1875 881 1957 936 di-

386 963 608 1030 lectam,
637 964 912 1023 dilectam.
959 966 1024 1022 Et
1052 967 1178 1033 erit,
1230 967 1284 1023 in
1328 969 1442 1024 loco
1481 969 1572 1024 ubi
1622 970 1821 1026 dictum
1876 981 1959 1028 est

384 1054 551 1124 ipsis:
591 1056 706 1112 Non
737 1057 968 1128 populus
999 1075 1152 1115 meus
1179 1075 1311 1124 vos,-
1354 1061 1423 1116 ibi
1471 1063 1808 1119 vocabuntur
1864 1064 1956 1120 lilii

385 1146 477 1202 Dei
511 1148 764 1205 viventis.
800 1168 820 1202 ι
883 1149 962 1206 Ne
1013 1150 1198 1206 dicant
1241 1150 1448 1218 Judaei,
1498 1152 1730 1222 lmponis
1779 1155 1956 1221 nobis,

385 1239 570 1306 Paule,
595 1241 712 1296 haec
743 1241 932 1297 dicens
962 1260 976 1297 :
1004 1244 1254 1313 producit
1293 1244 1431 1300 Osee
1463 1246 1784 1302 clamantem
1817 1246 1960 1302 afﬁre

386 1342 776 1404 mantemque:
819 1354 837 1386 ι
873 1335 1092 1391 Vocabo
1133 1351 1239 1391 non
1271 1338 1524 1406 populum
1559 1354 1758 1406 meum,
1789 1355 1960 1411 popu-

387 1422 496 1476 lum
553 1439 758 1478 meum.
811 1443 830 1476 ι
884 1424 1018 1491 Quis
1052 1440 1180 1480 vero
1213 1437 1331 1482 erat
1359 1442 1465 1482 non
1503 1428 1773 1498 populus?
1828 1430 1962 1501 Ipsae

385 1521 596 1578 gentes.
629 1512 827 1584 Ecqua:
858 1530 966 1570 non
997 1515 1238 1572 dilecta?
1268 1518 1386 1586 Ipsa
1414 1520 1654 1588 gentium
1697 1520 1960 1578 Ecclesia.

387 1599 624 1672 Populus
655 1614 836 1660 tamen
863 1603 993 1661 facti
1022 1617 1152 1662 sunt
1178 1622 1240 1662 ac
1268 1608 1470 1673 dilecti,
1495 1610 1603 1664 imo
1625 1612 1766 1682 quod
1788 1613 1962 1682 majus

387 1703 494 1760 est,
532 1713 552 1747 ι
593 1695 689 1751 lilii
743 1697 839 1753 Dei
869 1697 1126 1754 viventis.
1171 1718 1191 1754 ι
1242 1699 1338 1756 Sin
1376 1716 1502 1757 vero
1531 1703 1819 1773 quisquam
1862 1705 1964 1762 boc

386 1785 457 1842 de
485 1785 706 1856 Iudaeis,
740 1789 832 1859 qui
868 1789 1082 1861 ingrate
1120 1806 1179 1847 se
1213 1803 1513 1862 gesserant,
1560 1805 1615 1850 et
1660 1796 1873 1851 tandem
1907 1796 1962 1852 in

2059 609 2252 676 ἐθνῶν,
2285 612 2333 665 οί
2366 611 2465 682 μὲν
2489 609 2797 676 ἐλεοῦνται,
2825 611 2874 664 οί
2905 609 2962 664 δὲ
2990 607 3074 664 οὗ.

2136 811 2154 844 ‹
2199 791 2285 856 ἀς
2316 793 2409 846 καὶ
2429 795 2486 845 ἐν
2523 792 2602 864 τῷ
2621 789 2782 864 Ὠσηὲ
2814 791 2964 862 λέγει
2986 805 3000 820 ·
3027 789 3259 846 Καλέσω
3296 791 3387 844 τὸν
3414 788 3475 844 οὐ
3505 787 3640 841 λαόν

2062 903 2187 956 μου,
2215 884 2343 940 λαόν
2380 901 2504 955 μου,
2533 885 2628 938 καὶ
2654 885 2754 956 τὴν
2781 885 2884 938 οὐκ
2915 884 3309 955 ἠγαπημένην,
3339 881 3639 953 ἠγαπημέ-

2059 993 2178 1047 νην.
2204 977 2318 1030 Καὶ
2345 976 2520 1043 ἔσται,
2555 977 2614 1030 ἐν
2638 975 2717 1047 τῷ
2768 979 2920 1048 τόπῳ
2949 969 3010 1030 οὗ
3055 975 3256 1047 ἐρῤέθη
3305 975 3512 1038 αὐτοῖς,
3559 974 3636 1027 Οὐ

2059 1068 2185 1133 λαός
2206 1086 2308 1140 μου
2325 1069 2502 1140 ὑμεῖς,
2534 1069 2650 1123 ἐκεῖ
2669 1068 3033 1140 κληθήσονται
3062 1069 3168 1122 υίοὶ
3197 1066 3331 1120 Θεοῦ
3360 1066 3582 1130 ζῶντος.
3614 1085 3632 1118 ι

2063 1159 2179 1214 Ἰνα
2238 1161 2314 1232 μὴ
2357 1159 2593 1228 λέγωσιν
2629 1160 2680 1213 οἱ
2709 1158 2995 1214 ἰουδαῖοιο
3061 1155 3414 1227 Παραλογίζῃ
3466 1154 3640 1225 ἡμᾶς.

2062 1249 2284 1313 Παῦλε,
2335 1248 2559 1303 τοιαῦτα
2617 1248 2814 1318 λέγων’
2878 1247 3121 1318 παράγει
3179 1246 3276 1299 καὶ
3334 1245 3426 1298 τδν
3479 1242 3644 1312 ἀσηέ

2063 1340 2271 1411 βοῶντα
2302 1341 2396 1394 καὶ
2424 1339 2671 1409 λέγοντα·
2715 1359 2733 1392 ι
2759 1339 2990 1393 Καλέσω
3011 1337 3102 1392 τὸν
3119 1337 3179 1391 οὐ
3202 1335 3330 1389 λαόν
3355 1353 3480 1405 μου,
3511 1333 3644 1386 λαόν

2064 1451 2188 1504 μου.
2221 1451 2238 1484 ι
2275 1431 2370 1496 Τίς
2398 1431 2508 1503 γάρ
2529 1427 2598 1503 ἦν
2639 1430 2699 1483 οὐ
2728 1429 2902 1494 λαός⁵⁶
2932 1448 2947 1494 ;
2991 1429 3072 1482 Τά
3095 1427 3246 1494 ἔθνη.
3291 1426 3400 1480 Καὶ
3431 1424 3514 1488 τίς
3540 1423 3645 1478 οὗκ

2061 1521 2427 1592 ὴγαπημένης
2472 1519 2539 1573 Ἠ
2570 1518 2751 1573 αὐτῶν
2798 1518 3119 1590 Ἐκκλησία.
3161 1516 3305 1570 Ἀλλ’
3347 1516 3498 1584 ὅμως
3546 1516 3646 1568 καὶ

2061 1610 2191 1675 λαὸς
2208 1610 2476 1679 ἐγένοντο,
2505 1611 2600 1664 καὶ
2619 1608 2996 1680 ἠγαπημένοι,
3024 1608 3120 1662 καὶ
3149 1630 3167 1658 ι
3195 1606 3317 1660 Υίοὶ
3341 1605 3478 1660 Θεοῦ
3502 1603 3647 1670 ζῶν-

2064 1722 2177 1768 τος,
2206 1722 2224 1756 ι
2251 1702 2314 1758 τὸ
2333 1703 2541 1774 μεῖζον.
2565 1703 2628 1756 El
2661 1703 2719 1757 δὲ
2750 1701 2898 1771 λέγοι
2929 1719 3036 1767 τις,
3069 1701 3153 1755 δτι
3184 1699 3343 1754 τοῦτο
3371 1699 3500 1769 περὶ
3531 1698 3647 1751 τῶν

2069 1797 2346 1850 Ἰουδαίων
2378 1795 2594 1866 εἴρηται
2624 1793 2736 1849 τῶν
2762 1793 3288 1865 ἀγνωμονησάντων,
3317 1788 3436 1846 εἷτα
3476 1807 3648 1858 προσ-

387 1880 618 1948 gratiam
653 1882 857 1952 recepti
889 1881 1112 1950 fuerint,
1168 1884 1372 1939 dictum
1406 1901 1530 1943 esse
1578 1897 1809 1955 asserat,
1858 1889 1964 1945 hoc

2067 1889 2384 1960 ληφθέντων
2409 1927 2424 1953 ,
2462 1888 2618 1942 οὐδὲν
2668 1887 2848 1942 τοῦτο.
2905 1886 2968 1940 El
3037 1885 3146 1957 γὰρ
3179 1886 3265 1939 ἐπ’
3294 1884 3556 1950 ἐκείνων,
3590 1883 3647 1936 τί

387 1971 543 2026 nihili
582 1981 682 2029 est.
716 1972 849 2028 Nam
875 1975 918 2030 si
946 1975 1018 2030 iis
1040 1973 1141 2030 hoc
1170 1979 1418 2048 contigit,
1451 1980 1577 2049 quid
1600 1981 1811 2038 obstitit
1835 1996 1961 2053 quo-

389 2064 570 2118 minus
596 2066 735 2122 idem
770 2067 1021 2136 gentibus
1053 2069 1410 2136 proveniret?

463 2155 626 2214 Vens.
654 2159 744 2213 27.
790 2177 808 2211 ι
839 2161 1006 2216 Isaias
1031 2173 1208 2216 autem
1235 2163 1434 2218 clamat
1467 2181 1562 2232 pro
1583 2164 1743 2222 lsrael
1769 2178 1794 2206 η
1818 2186 1832 2224 :
1855 2169 1961 2240 73

389 2248 446 2302 Si
462 2247 894 2306 fueritnumerus
905 2252 1134 2308 filiorum
1147 2253 1315 2309 Israel
1330 2264 1583 2326 tanquam
1596 2274 1759 2315 arena
1773 2261 1961 2327 maris,

391 2339 634 2409 reliquias
692 2341 860 2398 salvas
903 2343 1053 2400 flent.
1096 2363 1115 2397 ι
1175 2346 1289 2400 Non
1338 2345 1439 2402 mn
1484 2358 1772 2406 contentus
1826 2352 1966 2408 Osee

389 2429 654 2499 propheta
687 2470 703 2495 ,
763 2447 950 2488 verum
1003 2433 1200 2490 l’saiam
1249 2436 1412 2492 etiam
1471 2448 1661 2494 testem
1721 2441 1963 2509 adducit,

396 2537 420 2571 α
449 2519 801 2587 clamantem,
841 2541 862 2576 ι
898 2525 1000 2580 boc
1055 2534 1140 2580 est
1192 2542 1388 2599 magna
1435 2544 1558 2584 cum
1612 2530 1862 2587 libertate
1909 2541 1965 2588 et

390 2612 512 2668 sine
535 2611 830 2670 formidine
881 2618 1348 2686 pronuntiantem,
1409 2623 1554 2688 quod
1614 2638 1721 2678 non
1775 2639 1966 2680 omnes

391 2703 650 2761 Israelita:
680 2706 812 2761 salvi
843 2717 1028 2774 erunt,
1071 2709 1165 2764 sed
1199 2711 1290 2780 qui
1325 2712 1469 2782 digni
1507 2722 1714 2768 tantum
1761 2716 1966 2772 fuerint

393 2796 473 2869 (id
500 2798 643 2852 enim
675 2809 779 2866 est,
823 2818 842 2852 ι
885 2800 1148 2870 reliquiae,
1189 2821 1217 2855 ν
1258 2804 1359 2860 hoc
1404 2815 1508 2873 est,
1541 2806 1796 2878 electio),
1829 2825 1967 2880 quos

393 2890 614 2959 reliquit
657 2888 820 2956 Deus,
851 2900 910 2945 et
934 2893 1254 2964 segregavit,
1305 2902 1562 2965 tanquam
1595 2896 1789 2968 dignos
1816 2901 1969 2956 vide-

392 2981 540 3040 licet.
573 2982 709 3037 Cum
743 2992 920 3038 autem
959 2983 1132 3052 dicit,
1184 3003 1206 3038 ι
1239 2994 1494 3056 tanquam
1527 3003 1689 3044 arena
1717 2993 1902 3055 maris.
1941 3013 1962 3046 ι

396 3071 554 3126 iisin
601 3073 920 3126 memoriam
971 3085 1194 3128 revocat
1241 3087 1475 3132 veterem
1526 3081 1961 3149 promissionem,

393 3178 500 3232 qua
532 3178 591 3218 se
622 3164 870 3234 indignos
892 3165 1307 3222 constituerunt.
1340 3166 1418 3223 Ne
1454 3169 1619 3238 igitur
1647 3173 1956 3242 turbemini,

394 3271 492 3310 eeu
528 3256 677 3310 irrita
713 3267 769 3312 et
799 3272 942 3312 vana
977 3259 1046 3313 sit
1080 3257 1221 3314 facta
1270 3263 1589 3332 promissio,
1620 3267 1966 3338 quandoqui-

395 3350 518 3403 dem
545 3363 737 3405 omnes
763 3349 1046 3420 propheta!
1067 3350 1434 3409 vaticinentur
1463 3353 1610 3410 baud
1637 3369 1828 3414 omnes
1849 3375 1973 3417 esse

394 3441 573 3497 salute
604 3442 812 3511 dignos.

468 3532 632 3587 Vens.
665 3531 756 3587 28.
795 3551 815 3585 ι
862 3533 1180 3589 Sermonem
1244 3535 1412 3602 enim,
1469 3551 1858 3594 consummsns
1913 3551 1971 3595 et

394 3626 687 3681 concidens
727 3626 780 3680 in
825 3626 1072 3696 iustitia:
1114 3628 1374 3696 quoniam
1410 3645 1721 3687 sermonem
1770 3631 1972 3688 abbre-

393 3719 597 3772 viatum
657 3717 918 3774 Dominus
974 3719 1138 3775 faciet
1191 3720 1246 3776 in
1305 3729 1467 3776 terra.
1509 3741 1530 3776 ι
1578 3722 1693 3790 Qua
1761 3723 1970 3780 ratione

394 3810 637 3880 reliqnize
675 3811 787 3865 sint
818 3813 1116 3876 servandae,
1145 3827 1286 3868 nunc
1320 3812 1558 3870 indicat:
1591 3812 1732 3882 Non,
1770 3816 1967 3887 inquit,

395 3899 677 3957 laboribus
700 3912 757 3955 et
775 3900 1208 3967 circuitionibus,
1240 3913 1403 3973 atque
1427 3905 1719 3962 alﬁictione
1747 3923 1815 3962 ex
1842 3922 1972 3978 ope-

397 3994 552 4048 ribus
577 3992 713 4064 legis
735 4001 854 4048 orta
883 4008 1020 4063 opus
1055 4005 1180 4060 est;
1211 3996 1305 4049 sed
1345 3996 1508 4062 Deus,
1557 3997 1756 4068 inquit,
1807 3999 1968 4067 perli-

397 4087 550 4142 ciens
577 4095 632 4141 et
660 4086 958 4144 concidens
1002 4087 1087 4142 vel
1134 4087 1455 4145 abbrevians
1497 4104 1804 4146 sermonem
1850 4091 1970 4146 lldei

396 4181 451 4234 in
489 4179 744 4235 universa
777 4187 946 4245 terra,
979 4181 1125 4236 hunc
1158 4179 1322 4237 faciet
1351 4181 1405 4236 in
1456 4183 1691 4250 justitia,
1730 4184 1833 4239 hoc
1889 4193 1972 4240 est

398 4282 460 4327 ut
504 4271 770 4339 justilicet
798 4287 893 4327 eos
926 4272 1020 4342 qni
1053 4272 1202 4328 illum
1229 4275 1593 4343 susceperint.
1643 4293 1662 4327 ‹
1721 4273 1779 4330 Si
1825 4278 1970 4332 enim

398 4363 683 4418 confessus
715 4363 885 4420 fueris
913 4379 1009 4420 ore
1045 4375 1138 4421 tuo
1165 4363 1452 4421 Dominum
1487 4363 1695 4432 Jesum,
1720 4368 1972 4424 credide-

395 4455 582 4525 risquc
613 4455 667 4512 in
705 4459 868 4511 corde
915 4465 1032 4522 tuo,
1059 4458 1201 4526 quod
1259 4457 1403 4512 Deus
1427 4458 1687 4513 excitavit
1732 4459 1908 4530 ipsum
1939 4475 1972 4516 a

2065 1981 2271 2036 ἐκώλυε
2301 1983 2395 2035 καὶ
2417 1979 2636 2035 ἐπὶτῶν
2669 1978 2840 2035 ἐθνῶν
2864 1977 3022 2034 τοῦτο
3048 1977 3319 2050 προϐῆναι
3343 1994 3361 2042 ;

2141 2185 2160 2216 ι
2207 2163 2435 2227 Ἡσαΐας
2508 2163 2564 2217 δέ
2624 2163 2818 2233 κράζει
2891 2163 3035 2233 ὑπὲρ
3069 2163 3164 2218 τοῦ
3225 2163 3471 2237 ’1σραήλ’
3516 2163 3648 2217 Ἐἀν

2064 2255 2097 2330 ᾖ
2140 2258 2168 2310 ὁ
2206 2255 2441 2328 ἀριθμὸς
2486 2257 2595 2309 τῶν
2643 2255 2775 2308 υίῶν
2817 2253 3071 2326 Ἰσραὴλ,
3108 2255 3184 2320 ὡς
3237 2257 3271 2327 ἡ
3322 2257 3509 2326 ἄμμος
3543 2255 3646 2324 τῆς

2065 2349 2362 2417 θαλάσσης,
2395 2348 2454 2400 τὸ
2468 2347 2825 2417 κατάλειμμα
2845 2347 3175 2418 σωθήσεται.
3204 2366 3224 2400 ι
3255 2347 3370 2402 Οὐκ
3396 2346 3643 2418 ἠρκέσθη

2063 2441 2141 2512 τῷ
2174 2440 2358 2509 Ὠσηὲ,
2394 2439 2530 2496 ἀλλά
2559 2439 2652 2494 καὶ
2688 2439 2920 2494 Ἡσαΐαν
2956 2439 3210 2511 μάρτυρα
3239 2440 3478 2512 παράγει
3505 2441 3647 2510 κρά-

2065 2532 2249 2597 ζοντα,
2275 2533 2546 2599 τουτέστι,
2589 2530 2730 2602 μετά
2767 2532 3081 2604 παρρησίας
3101 2533 3508 2603 ἀναφωνοῦντα,
3550 2533 3647 2588 καὶ

2065 2630 2165 2698 οὐχ
2218 2625 2706 2696 ὑποστελλόμενον,
2751 2625 2834 2680 δτι
2873 2625 2937 2679 οὐ
2976 2626 3178 2689 πάντες
3216 2624 3552 2703 σωθήσονται
3595 2624 3648 2678 οί

2066 2717 2134 2786 ἐξ
2151 2718 2391 2790 Ἰσραὴλ,
2419 2717 2536 2772 ἀλλ’
2555 2718 2607 2772 oi
2633 2717 2772 2785 ἄξιοι
2791 2732 2805 2747 ⁶
2835 2715 2994 2770 τοῦτο
3015 2715 3126 2787 γάρ
3153 2717 3292 2782 ἐστι,
3325 2734 3344 2768 ι
3377 2715 3451 2769 Τὸ
3474 2717 3646 2771 κατά-

2065 2810 2296 2880 λειμμα,
2323 2826 2342 2861 ι
2375 2807 2679 2870 τουτέστιν,
2701 2807 2736 2878 ἡ
2767 2806 3000 2876 ἐκλογή·
3020 2805 3113 2870 οὓς
3132 2805 3424 2859 κατέλιπεν
3445 2807 3474 2858 ὁ
3490 2805 3647 2870 Θεὸς,

2067 2904 2162 2958 καὶ
2183 2903 2483 2974 ἀφώρισεν,
2521 2901 2598 2965 ῶς
2631 2900 2816 2969 ἀξίους
2845 2899 3071 2971 δηλαδή.
3113 2899 3204 2953 Ἐν
3249 2899 3308 2954 δι
3331 2898 3410 2970 τῷ
3449 2899 3647 2962 εἰπεῖν,

2075 3015 2093 3049 ι
2147 2997 2236 3059 Ὠς
2271 2996 2304 3066 ἡ
2354 2994 2540 3064 ἄμμος
2578 2993 2680 3065 τῆς
2712 2991 3014 3062 θαλάσσης,
3048 3008 3069 3043 ι
3103 2991 3510 3060 ἀναμιμνήσκει
3549 2987 3653 3041 αὺο

2067 3088 2195 3149 τοὺς
2226 3085 2325 3155 τῆς
2361 3082 2600 3146 παλαιᾶς
2635 3079 2994 3152 ἐπαγγελίας,
3037 3075 3106 3152 ἦς
3137 3079 3361 3143 ἑαυτοὺς
3395 3076 3651 3144 ἀναξίους

2070 3171 2436 3243 κατέστησαν.
2474 3171 2567 3243 Μὴ
2606 3171 2788 3226 τοίνυν
2816 3169 3157 3243 θορυϐεῖσθε,
3185 3169 3262 3235 ὡς
3285 3170 3386 3239 τῆς
3413 3171 3653 3238 ἐπαγγε-

2067 3266 2191 3329 λίας
2245 3263 2689 3335 διαψευσθείσης,
2729 3263 2863 3317 ὅπου
2892 3278 2957 3332 γε
3009 3263 3215 3326 πάντες
3265 3263 3315 3316 oi
3366 3259 3654 3333 προφῆται

2073 3355 2556 3430 προαναφωνοῦσι,
2591 3354 2668 3427 μὴ
2698 3356 2907 3419 πάντας
2936 3348 3078 3408 εῐναι
3117 3352 3301 3418 ἀξίους
3351 3351 3652 3424 σωτηρίας.

2143 3552 2163 3586 r
2203 3532 2374 3602 Λόγον
2405 3531 2514 3603 γὰρ
2555 3529 2846 3598 συντελῶν,
2877 3530 2973 3584 καὶ
3001 3529 3318 3599 συντέμνων
3350 3530 3408 3582 ἐν
3443 3528 3653 3583 δικαιο-

2069 3628 2227 3700 σύνῃ,
2259 3627 2344 3680 ὅτι
2378 3626 2536 3694 λόγον
2567 3624 3013 3696 συντετμημένον
3043 3625 3263 3696 ποιήσει
3307 3625 3514 3695 Κύριος
3553 3625 3654 3678 ἐπὶ

2069 3720 2170 3791 τῆς
2199 3720 2324 3789 γῆς.
2359 3735 2378 3770 ι
2427 3715 2541 3770 Νῦν
2579 3716 2824 3770 δείκνυσι
2861 3716 2980 3780 πῶς
3028 3715 3334 3788 σωθήσεται
3371 3717 3436 3770 τὸ
3479 3717 3656 3771 κατά-

2069 3811 2296 3881 λειμμα,
2324 3808 2417 3864 καί
2437 3825 2621 3879 φησιν,
2643 3807 2725 3862 ὅτι
2765 3808 2827 3862 οὑ
2863 3808 3020 3879 χρεία
3046 3807 3226 3862 πόνων
3248 3807 3342 3861 καὶ
3359 3807 3653 3877 περιόδων,

2070 3903 2164 3957 καὶ
2204 3903 2306 3971 τῆς
2341 3900 2718 3972 ταλαιπωρίας
2760 3902 2860 3970 τῆς
2892 3900 2986 3953 ἐπὶ
3029 3903 3143 3964 τοῖς
3181 3899 3364 3971 ἔργοις
3397 3901 3512 3963 τοῖς
3560 3915 3654 3951 νο-

2076 3997 2258 4067 μικοῖς
2282 4011 2294 4025 ·
2331 3993 2451 4048 ἀλλ’
2471 3994 2500 4048 ὁ
2533 3992 2686 4059 Θεὸς,
2717 3994 2873 4062 φησὶ,
2903 3992 3176 4046 συντελῶν
3202 3992 3298 4047 καὶ
3335 3991 3656 4062 συντέμνων

2071 4085 2161 4139 τὸν
2190 4083 2346 4152 λόγον
2377 4082 2478 4153 τῆς
2523 4081 2761 4146 πίστεως
2797 4082 2892 4134 ἐπὶ
2925 4081 3111 4146 πάσης
3159 4082 3259 4152 τῆς
3279 4079 3404 4151 γῆς,
3457 4076 3654 4133 τοῦτον

2072 4174 2290 4246 ποιήσει
2335 4174 2393 4226 ἐν
2437 4172 2776 4244 δικαιοσύνῃ,
2809 4173 3124 4238 τουτέστιν,
3174 4171 3316 4227 ὥστε
3357 4171 3652 4224 δικαιῶσαι

2072 4267 2200 4333 τοὺς
2227 4265 2706 4338 παραδεξομένους
2733 4265 2944 4321 τοῦτον.
2981 4285 3000 4318 ι
3021 4265 3148 4320 Ἐἀν
3173 4267 3288 4336 γὰρ·
3311 4265 3653 4336 ὁμολογήσῃς

2072 4363 2150 4432 τῷ
2181 4361 2412 4432 στόματί
2456 4379 2553 4415 σου
2589 4362 2794 4433 Κύριον
2856 4361 3086 4433 Ἰησοῦν,
3121 4362 3215 4415 καὶ
3256 4359 3556 4433 πιστεύσῃς
3590 4361 3654 4414 ἐν

2073 4458 2140 4527 τῇ
2173 4453 2372 4526 καρδίᾳ.
2400 4471 2519 4518 σου,
2549 4454 2633 4508 ὅτι
2661 4454 2822 4508 αὑτὸν
2847 4455 3070 4528 ἠγειρεν
3102 4454 3132 4506 δ
3157 4452 3293 4517 Θεὸς
3319 4455 3384 4506 ἐκ
3412 4451 3653 4523 νεκρῶν,

395 4546 647 4612 mortuis,
677 4547 859 4603 salvus
885 4548 996 4603 eris
1017 4563 1061 4603 ο.
1108 4567 1125 4600 ι
1166 4545 1265 4603 Hic
1307 4555 1427 4615 est,
1474 4549 1726 4607 concisus
1771 4551 1966 4608 abbre-

2077 4547 2314 4619 σωθήσῃ.
2329 4565 2346 4597 ι
2371 4540 2539 4609 Οὗτός
2557 4546 2704 4600 ἐστιν
2719 4549 2746 4600 ὁ
2765 4563 2950 4601 συντετ
2959 4563 3032 4618 μη
3041 4545 3200 4618 μένος
3219 4543 3398 4614 λόγος,
3423 4541 3490 4597 τὰ
3515 4541 3651 4614 βρα-

396 4638 687 4706 viatusque
713 4654 915 4704 sermo,
944 4639 1128 4695 brevia
1157 4641 1413 4696 nimirum
1446 4643 1569 4698 ﬁdei
1605 4645 1794 4699 verba.

470 4729 638 4785 Vens.
670 4731 761 4786 29.
805 4750 824 4783 ι
867 4732 934 4786 Ει
963 4731 1104 4788 sicut
1136 4733 1388 4801 praedixit
1424 4731 1591 4790 Isaias
1618 4745 1679 4790 νε
1723 4733 1838 4792 Nisi
1870 4737 1976 4792 Do-

400 4822 583 4877 minus
614 4823 923 4893 reliquisset
950 4824 1108 4880 nobis
1149 4839 1358 4891 semen,
1388 4827 1532 4882 velut
1565 4829 1798 4884 Sodoma
1843 4829 1972 4885 facti

398 4929 666 4979 essemus,
702 4924 756 4968 et
813 4915 955 4970 sicut
997 4913 1302 4971 Gomorrha
1335 4919 1543 4974 similes
1595 4919 1906 4976 fuissemus.
1947 4941 1971 4975 ι

397 5002 534 5058 Cum
565 5004 796 5059 dixisset
831 5005 1088 5075 reliquias
1109 5016 1319 5064 tantum
1348 4993 1973 5080 fore'salvas,quidnam

398 5097 539 5151 istuc
591 5097 696 5163 sit,
735 5113 879 5153 nunc
909 5097 1301 5170 interpretatur
1325 5139 1340 5163 ,
1392 5101 1643 5171 inquiens
1668 5143 1683 5167 ,
1737 5101 1979 5172 Reliquit

397 5187 555 5242 nobis
581 5186 725 5242 Deus
744 5187 974 5243 electum
1003 5204 1188 5244 semen
1219 5206 1283 5246 ac
1311 5190 1636 5246 fermentum
1665 5209 1677 5248 :
1706 5208 1828 5247 nam
1853 5209 1974 5263 pro,

398 5281 592 5349 Elegit,
624 5299 644 5333 ι
681 5280 943 5352 Reliquit,
977 5301 996 5334 ι
1029 5283 1208 5351 posuit
1233 5292 1328 5337 :ut
1363 5283 1465 5338 nisi
1483 5283 1627 5339 Deus
1653 5299 1974 5340 conservas-

395 5384 476 5427 set
507 5372 664 5436 illud,
711 5389 934 5444 prorsus
991 5375 1392 5430 interiissemus
1427 5376 1653 5446 perinde
1681 5391 1744 5431 ac
1797 5376 1974 5433 Sodo-

400 5479 486 5518 nia
539 5474 595 5519 et
649 5463 979 5529 Gomorrba,
1033 5476 1218 5535 utpote
1267 5466 1612 5524 condemnati
1657 5469 1727 5524 ob
1753 5478 1972 5540 peccata

398 5565 608 5610 nostra.

463 5670 835 5739 'mOsett,24;
868 5687 906 5734 ι,
932 5672 1016 5727 l0.
1093 5671 1246 5730 nlsa.
1288 5691 1342 5742 χ,
1377 5674 1468 5729 22.

2074 4642 2175 4712 χέα
2199 4639 2296 4710 τῆς
2322 4639 2557 4703 πίστεως
2588 4640 2830 4711 ῥήματα.

2150 4752 2170 4786 ι
2209 4734 2320 4786 Καὶ
2354 4731 2541 4796 καθὼς
2570 4733 2902 4805 προείρηκεν
2936 4733 3163 4798 Ἡσαΐας
3191 4749 3206 4765 ο
3238 4733 3301 4786 El
3335 4732 3410 4803 μὴ
3444 4730 3653 4803 Κύριος

2070 4823 2298 4879 Σαϐαὼθ
2344 4824 2708 4894 ἐγκατέλιπεν
2745 4827 2880 4895 ἡμῖν
2915 4824 3167 4894 σπέρμα,
3207 4824 3284 4887 ὡς
3323 4825 3535 4894 Σόδομα
3580 4824 3652 4876 ἂν

2073 4916 2433 4988 ἐγενήθημεν,
2464 4917 2560 4970 καὶ
2581 4915 2656 4980 ὡς
2681 4917 2935 4989 Γόμορρα
2964 4917 3030 4970 ἂν
3061 4915 3447 4987 ὡμοιώθημεν.
3485 4935 3503 4966 ι
3558 4916 3652 4970 Ei-

2074 5011 2210 5072 πῶν,
2245 5010 2328 5062 ὅτι
2354 5010 2428 5062 Τὸ
2458 5010 2811 5080 κατάλειμμα
2841 5009 3173 5079 σωθήσεται,
3197 5009 3292 5062 νῦν
3330 5008 3652 5081 ἐρμηνεύει,

2071 5101 2124 5153 τί
2155 5101 2271 5153 ἐστι
2302 5099 2477 5164 τοῦτο,
2515 5100 2612 5154 καί
2653 5117 2840 5171 φησιν,
2872 5100 2956 5154 ὃτι
2993 5102 3058 5155 Ὀ
3105 5101 3471 5170 ἐγκατέλιπεν
3515 5101 3653 5172 ἡμῖν

2072 5194 2100 5247 ὁ
2120 5193 2252 5256 Θεὸς
2288 5192 2572 5246 ἐπίλεκτον
2603 5193 2829 5264 σπέρμα
2856 5196 2950 5246 καὶ
2980 5192 3182 5264 ζύμην.
3215 5192 3362 5248 ’Δντὶ
3389 5195 3500 5264 γὰρ
3528 5191 3652 5257 τοῦ,

2073 5281 2388 5348 ἐπελέξατο,
2421 5282 2500 5346 τὸ,
2537 5301 2556 5334 ι
2582 5281 2968 5351 Ἐγκατέλιπε,
2995 5301 3018 5334 ι
3048 5283 3229 5338 τέθειν
3253 5282 3265 5354 [
3275 5283 3318 5352 f.
3335 5279 3609 5354 τέθεικεν]
3633 5298 3652 5313 ·

2071 5373 2146 5436 ὡς
2179 5374 2232 5426 εί
2252 5391 2316 5442 γε
2363 5373 2438 5443 μὴ
2471 5375 2499 5426 ὁ
2527 5373 2661 5436 Θεὸς
2694 5375 3001 5444 συνετήρει,
3038 5373 3384 5447 πανωλεθρίᾳ
3437 5373 3503 5427 ἂν
3537 5375 3652 5426 ἀπ·-
3712 5437 3717 5462 ⁸

2072 5464 2329 5534 ολὼμεθα
2355 5465 2421 5538 [Γ.
2455 5464 2753 5539 ἀπωλόμ.],
2781 5465 2855 5530 ὼς
2888 5469 2956 5520 τὰ
2996 5467 3210 5537 Σόδομα
3241 5469 3337 5522 καὶ
3371 5466 3651 5538 Γόμορρα,
3712 5494 3717 5508 ι

2070 5557 2158 5613 οἶα
2181 5561 2246 5630 δὴ
2281 5559 2341 5626 ἐξ
2364 5562 2648 5633 ἁμαρτιῶν
2673 5561 2955 5617 κατάδικοι
2983 5561 3157 5627 ὄντες.

1547 5685 1568 5707 °
1598 5673 1757 5728 Rom.
1787 5688 1844 5738 κ,
1881 5675 1936 5730 9.
2016 5684 2043 5724 Ρ
2083 5673 2187 5730 lsa.
2223 5691 2260 5739 ι,
2294 5681 2348 5733 9.

1637 5768 1834 5830 Variae
1869 5769 2217 5831 lectiones.‘

481 5846 527 5878 "
563 5846 586 5902 ἑ
627 5843 776 5906 λαός.
813 5842 899 5899 ῖσ.
940 5845 968 5898 ὁ
998 5845 1058 5898 οὐ
1095 5845 1220 5911 λαὸς
1257 5863 1309 5902 o.
