4038 6572
323 379 438 444 473

1211 393 1626 456 EXPOSITIO
1660 396 1742 455 IN
1781 395 2022 459 EPIST.
2056 397 2156 459 AD
2196 401 2383 464 ROM.
2412 402 2489 439 -’
2509 405 2667 467 CAP.
2710 407 2782 467 X.

3477 409 3588 472 474

407 517 429 549 ι
446 496 512 550 Τί
532 491 628 552 οὖν
652 497 914 591 ἐροῦμεν;
944 502 1064 556 Ὀτι
1086 502 1213 576 ἔθνη
1232 505 1300 559 τά
1330 506 1404 577 μὴ
1426 506 1692 563 διώκοντα
1714 509 1913 563 δικαιο-

2087 511 2252 569 Vens.
2287 513 2377 581 50,
2398 515 2490 570 31.
2519 536 2538 568 ι
2563 517 2701 584 Quid
2727 517 2892 588 igitur
2913 519 3196 575 dicemus?
3221 520 3375 587 Quod
3405 533 3591 591 gentes

327 589 532 661 σύνην,
567 590 840 646 κατέλαϐε
867 593 1238 668 δικαιοσύνην,
1268 599 1617 671 δικαιοσύνην
1649 600 1706 653 δὲ
1732 599 1832 673 τὴν
1850 602 1916 656 ὲκ

326 682 592 746 πίστεως.
622 683 840 757 Ἰσραὴλ
869 685 927 739 δὲ
964 686 1176 743 διώκων
1209 689 1376 760 νόμον
1427 691 1794 763 δικαιοσύνης,
1835 695 1916 758 είς

325 773 499 843 νόμον
523 773 872 848 δικαιοσύνης
889 778 989 832 οὐκ
1009 778 1265 848 ἔφθασεν.
1304 782 1602 837 »Ἐνταῦθα
1623 785 1724 854 τήν
1750 801 1918 855 σαφε-

329 867 541 939 στάτην
592 869 749 925 λύσιν
786 872 1006 942 ἐπάγει,
1041 872 1278 939 δεικνὺς,
1313 875 1478 930 πόθεν
1525 877 1593 932 τὰ
1637 877 1735 948 μὲν
1785 879 1913 950 ἔθνη

326 961 823 1033 προσελήφθησαν,
855 965 906 1018 oi
942 966 1000 1018 δὲ
1029 967 1362 1038 Ἰσραηλῖται
1403 969 1774 1042 ἀπώσθησαν·
1818 972 1916 1026 καί

327 1069 522 1124 φησιν,
556 1054 640 1108 ὅτι
661 1057 743 1109 Τά
773 1057 872 1127 μὲν
902 1057 1028 1129 ἔθνη
1055 1059 1154 1129 τὴν
1185 1060 1251 1114 ὲκ
1297 1060 1533 1126 πίστεως
1566 1062 1914 1137 δικαιοσύνην

325 1144 652 1216 κατέχοντα,
683 1146 1084 1220 δδικαιώθησαν
1105 1152 1276 1216 δντως
1291 1153 1358 1188 ⁸⁷⁸
1393 1156 1441 1210 οί
1468 1154 1528 1209 δὲ
1561 1158 1911 1228 Ἰσραηλῖται,

325 1240 430 1296 τὸν
469 1242 634 1312 νόμον
661 1245 761 1314 τῆς
802 1245 1172 1318 δικαιοσύνης,
1205 1250 1475 1317 τουτέστι,
1505 1253 1598 1307 τὸν
1626 1254 1685 1321 ἔξ
1714 1253 1912 1326 ἔργων,

327 1331 624 1400 διώκοντες
654 1337 748 1389 καὶ
777 1337 1088 1407 ζητοῦντες,
1107 1341 1208 1394 οὐκ
1230 1340 1474 1411 ἔφθασαν
1498 1346 1579 1409 είς
1608 1346 1671 1400 τὸ
1691 1348 1914 1402 δικαιω-

328 1426 611 1500 ﬁrmum)
630 1430 982 1501 γὰρήδύνατο
1005 1434 1294 1491 δικαιῶσαι
1319 1438 1347 1491 ό
1375 1438 1433 1506 ἐξ
1464 1437 1640 1512 ἔργων
1668 1440 1850 1511 νόμος.
1883 1498 1914 1513 ω

417 1627 437 1660 ι
470 1608 570 1662 Διὰ
596 1610 686 1675 τί;
727 1610 850 1664 Ὅτι
873 1612 974 1665 οὐκ
1001 1613 1067 1667 ὲκ
1106 1613 1366 1679 πίστεως,
1399 1616 1515 1670 ἀλλ’
1541 1617 1616 1680 ὡς
1650 1618 1709 1685 ἐξ
1736 1617 1913 1690 ἔργων

326 1702 528 1770 νόμου.
558 1723 578 1756 ι
636 1704 898 1777 Ἐρωτᾷς,
941 1707 1107 1760 πόθεν
1155 1708 1204 1761 οῑ
1263 1709 1594 1780 Ἰσραηλῖται
1643 1711 1914 1783 ἀπέτυχον

327 1792 433 1844 τοῦ
471 1794 844 1865 δικαιωθῆναι,
888 1796 1067 1850 καίτοι
1099 1797 1492 1863 σπουδάζοντες
1525 1800 1724 1868 πολλάς
1757 1802 1912 1856 Μάνο

327 1885 468 1939 θανε
483 1887 565 1941 ὅτι
589 1905 610 1940 ι
638 1888 737 1941 οὐκ
755 1889 819 1942 ὲκ
839 1888 1078 1954 πίστεως
1104 1910 1123 1942 r
1151 1890 1379 1961 ἐζήτουν
1397 1891 1776 1964 δικαιωθῆναι,
1795 1895 1912 1949 ἀλλ’

335 1997 360 2031 ε
389 1979 468 2043 ὡς
487 1979 546 2045 ἔξ
571 1979 749 2053 ἔργων
771 1981 961 2052 νόμου.
987 2001 1006 2034 ι
1035 1983 1131 2036 Ἐκ
1147 1983 1203 2037 δὲ
1223 1983 1401 2055 ἔργων
1418 1985 1584 2055 νόμου
1605 1986 1664 2039 ού
1687 1986 1912 2041 δικαιω-

337 2073 575 2142 θήσεται
620 2074 770 2126 πᾶσα
804 2074 961 2143 σάρξ.
998 2075 1142 2144 Ὅρα
1174 2074 1263 2142 δὲ,
1313 2075 1430 2140 πῶς
1470 2078 1573 2131 ούκ
1611 2075 1788 2147 εἶπεν,
1820 2079 1912 2148 Ἐξ

326 2161 538 2232 ἔργων,
574 2163 723 2233 πάλλ’,
777 2181 796 2214 ι
828 2162 918 2228 Ὠς
947 2163 1007 2230 ἐξ
1031 2163 1210 2235 ἔργων
1243 2179 1258 2196 ο
1293 2183 1312 2216 ι
1365 2164 1454 2220 ῖνα
1490 2165 1640 2239 δείξῃ
1683 2167 1765 2220 ὅτι
1810 2167 1913 2221 ούκ

329 2253 578 2325 ἀληθῶς,
616 2255 739 2310 οὐδὲ
774 2254 885 2310 τῶν
922 2254 1103 2328 ἔργων
1145 2255 1532 2326 ἐπεμελοῦντο,
1583 2257 1702 2312 ἀλλ’
1741 2259 1817 2322 ὡς
1854 2261 1912 2313 έν

329 2347 645 2418 ὑποκρίσει.
1646 2372 1656 2376 ·

417 2544 437 2578 ι
460 2524 812 2595 Προσέκοψαν
830 2525 1032 2598 γὰρτῷ
1049 2525 1184 2597 λίθῳ
1208 2526 1304 2580 τοῦ
1342 2527 1788 2598 προσκόμματος,
1821 2546 1915 2582 κα-

331 2618 449 2682 θὼς
497 2618 802 2686 γέγραπται
829 2633 844 2648 ⁶
888 2616 1026 2672 Ἰδοὺ
1057 2617 1251 2690 τίθημι
1291 2619 1351 2672 ἔν
1392 2617 1528 2672 Σιὼν
1566 2619 1712 2672 λίθον
1744 2637 1914 2690 προσ-

328 2710 643 2780 κόμματος,
685 2710 779 2763 καὶ⁵
830 2709 1041 2782 πέτραν
1080 2710 1377 2766 σκανδάλου
1409 2726 1424 2741 ο
1481 2711 1578 2766 καὶ
1608 2713 1714 2774 πᾶς
1747 2711 1776 2764 ὁ
1819 2727 1913 2764 πι-

330 2802 546 2857 οτεύων
575 2802 660 2856 ἐπ’
699 2803 871 2871 αύτῷ,
904 2803 965 2856 ού
995 2803 1545 2874 καταισχυνθήσεται.
1596 2823 1614 2857 ι
1661 2804 1718 2858 '0
1746 2822 1914 2873 προσο

328 2896 576 2960 κόπτων,
608 2895 672 2948 ἐκ
699 2896 793 2950 τοῦ
824 2895 961 2968 πρὸς
988 2896 1150 2968 ἔτερα
1173 2898 1482 2967 κεχηνέναι,
1517 2897 1612 2949 καὶ
1637 2897 1711 2970 μὴ
1743 2914 1912 2968 προσ-

332 2991 486 3060 έχειν
514 2990 625 3053 τοῖς
680 2989 1014 3060 ἔμπροσθεν,
1049 2989 1409 3057 προσκόπτει.
1454 2988 1565 3041 Καὶ
1591 2989 1642 3042 οί
1672 2989 1914 3044 Ἰουδαῖοι

331 3083 434 3136 οῦν
463 3083 526 3137 ὲκ
572 3081 666 3135 τοῦ
700 3082 841 3154 πρὸς
883 3081 976 3136 τδν
1019 3082 1183 3152 νόμον
1228 3081 1518 3152 κεχηνέναι
1567 3082 1915 3154 προσέκοψαν

327 3175 416 3246 τῷ
448 3174 686 3246 Χριστῷ,
738 3175 1037 3240 τουτέστιν,
1075 3173 1411 3243 ἠπίστησαν.
1458 3173 1620 3237 Δίθος
1647 3174 1703 3228 δὲ
1741 3192 1912 3246 προσ-

332 3269 646 3339 κόμματος,
699 3267 796 3323 καὶ⁵
850 3267 1027 3338 πέτρα
1063 3266 1384 3331 σκανδάλου,
1438 3265 1548 3320 ἀπὸ
1590 3266 1687 3319 τοῦ
1728 3267 1914 3331 τέλους

331 3361 434 3415 καὶ
463 3359 564 3427 τῆς
613 3359 888 3423 ἐκϐάσεως
952 3358 1062 3412 τῶν
1116 3359 1538 3428 ἀπιστησάντων
1600 3358 1916 3429 ὠνόμασται

333 3453 367 3504 ὁ
425 3450 682 3521 Χριστός.
717 3450 890 3512 Αύτδς
939 3449 1050 3520 γὰρ
1105 3447 1227 3503 καθ’
1285 3449 1478 3504 ἑαυτὸν
1527 3449 1775 3520 θεμέλιος
1824 3453 1917 3504 καλ⁵

334 3541 617 3613 ἑδραίωμα
665 3541 822 3611 ἐτέθη
849 3557 866 3573 ·
905 3539 1039 3611 φησὶ
1083 3539 1193 3610 γὰρ
1225 3554 1241 3571 °
1271 3541 1415 3602 «Πᾶς
1454 3541 1482 3594 ὁ
1523 3540 1796 3594 πιστεύων
1828 3540 1914 3593 ἔπ’

334 3634 488 3705 αύτῴ
520 3634 565 3666 ⁸⁸
583 3634 643 3688 ού
675 3632 1252 3704 καταισχυνθήσεται,ι
1275 3633 1381 3688 κᾶν
1408 3633 1634 3704 Ἕλλην,
1653 3633 1755 3688 κᾶν
1782 3636 1918 3688 Ἰου-

334 3727 506 3790 δαῖος.
535 3727 697 3779 ’Ὥστε
736 3727 770 3796 ή
794 3725 979 3790 πίστις
1006 3725 1160 3780 ἔστὶν
1189 3725 1224 3796 ή
1253 3725 1315 3778 τὸ
1350 3726 1459 3779 πᾶν
1487 3725 1790 3798 ὲνεργοῦσα
1823 3728 1919 3780 καὶ

334 3817 644 3882 δικαιοῦσα,
669 3817 730 3872 ού
760 3818 830 3872 τὰ
861 3817 1023 3890 ἔργα.
1797 3805 1806 3813 ’

953 3932 1207 3993 ΚΕΦΔΛ.
1241 3933 1306 3988 I'.

411 4068 434 4103 ε
461 4049 730 4119 Ἀδελφοὶ,
755 4050 789 4120 ή
820 4049 917 4120 μὲν
937 4049 1158 4104 εὐδοκία
1184 4051 1282 4121 τῆς
1305 4047 1445 4119 ἐμῆς
1478 4046 1728 4120 καρδίας,
1770 4047 1913 4120 καὶὴ

332 4143 520 4214 δέησις
555 4143 588 4212 ἡ
627 4142 763 4214 πρὸς
793 4142 883 4194 τὸν
910 4141 1064 4206 Θεὸν,
1097 4141 1236 4213 ὑπὲρ
1278 4140 1376 4195 τοῦ
1409 4140 1627 4212 Ἰσραήλ
1649 4143 1800 4196 ἔστιν
1826 4144 1909 4204 εἰς

338 4233 642 4307 σωτηρίαν.
697 4253 716 4287 ι
767 4234 986 4305 Ἐπειδὴ
1041 4233 1229 4303 μέλλει
1279 4234 1460 4288 αὐτῶν
1511 4234 1914 4299 καθάπτεσθαι,

333 4326 652 4399 προλεαίνει
681 4326 750 4392 ⁸⁸,
782 4325 859 4390 ὡς
897 4325 965 4380 ἂν
1003 4325 1080 4397 μὴ
1107 4325 1336 4390 δόξωσιν
1363 4325 1530 4380 αὐτὸν
1559 4326 1684 4379 κατ’
1715 4327 1917 4397 ἔχθραν

2019 621 2138 674 qua:
2188 623 2295 662 non
2359 611 2708 664 sectabantur
2758 609 3048 680 justitiam,
3115 614 3592 684 apprelreudcrunt

2013 698 2302 769 justitiam,
2331 701 2598 770 justitiam
2638 711 2821 758 autem
2873 719 2994 774 qua:
3035 714 3207 760 estex
3245 706 3388 762 fide:
3425 705 3590 761 lsrael

2016 806 2144 846 vero
2174 793 2433 847 sectando
2467 791 2639 861 legem
2667 793 2913 862 justitiae,
2941 795 2993 848 in
3037 795 3208 867 legem
3237 797 3462 867 justitia:
3484 813 3589 852 non

2016 883 2281 954 pervenit.
2314 901 2334 935 ι
2384 883 2796 953 Apertissimam
2840 885 2927 940 hic
2969 885 3286 942 dilutionem
3345 888 3586 952 adducit,

2017 975 2310 1031 ostendens
2341 976 2483 1030 unde
2510 984 2697 1045 gentes
2728 977 2945 1048 quidem
2975 977 3082 1031 sint
3111 984 3419 1047 assumpta,
3453 978 3592 1034 lsrac

2017 1068 2158 1123 elitae
2184 1083 2313 1124 vero
2342 1069 2586 1140 repulsi:
2618 1070 2846 1136 Gentes,
2884 1071 3158 1140 inquiens,
3197 1087 3261 1128 ex
3305 1074 3408 1129 {ide
3431 1073 3591 1141 justi-

2017 1162 2148 1216 tiam
2195 1169 2460 1224 tenentes,
2515 1176 2698 1216 revera
2728 1171 2855 1217 sunt
2908 1161 3275 1230 iustiﬁcata:
3335 1161 3590 1218 Israelita:

2015 1269 2144 1310 vero
2169 1254 2340 1325 legem
2369 1255 2612 1325 justitiae,
2653 1255 2758 1311 hoc
2794 1265 2900 1320 est,
2949 1271 3067 1325 quae
3095 1265 3178 1311 est
3222 1272 3286 1311 ex
3312 1257 3588 1325 operibus,

2016 1357 2400 1417 persequentes
2441 1355 2496 1402 et
2533 1358 2860 1417 quarentes,
2890 1348 2956 1401 ad
3003 1347 3447 1418 justiticationem
3485 1361 3590 1401 non

2016 1449 2398 1509 pervenerunt.
2430 1439 2566 1495 Nam
2611 1440 2695 1496 lex
2726 1457 2846 1512 quae
2895 1457 2960 1498 ex
3001 1441 3258 1512 operibus
3285 1437 3592 1505 constabat,

2010 1531 2307 1602 justilicare
2334 1549 2438 1588 non
2467 1542 2700 1602 paterat.

2090 1625 2253 1679 Vens.
2286 1625 2376 1679 '52.
2418 1642 2438 1676 ι
2484 1625 2706 1692 Quare?
2737 1623 2870 1692 Quia
2902 1639 3010 1680 non
3047 1639 3112 1680 ex
3154 1623 3279 1689 (ide,
3309 1622 3404 1678 sed
3437 1619 3590 1690 quasi

2013 1732 2078 1772 ex
2127 1717 2381 1788 operibus
2426 1718 2583 1787 legis.
2618 1735 2636 1768 ι
2692 1715 3080 1780 Percontaris,
3140 1716 3280 1770 unde
3332 1713 3592 1769 lsraelitaa

2017 1806 2314 1861 exciderint
2349 1822 2379 1861 a
2409 1807 2819 1877 justiticatione,
2848 1805 3063 1861 etiamsi
3089 1805 3259 1860 multa
3293 1803 3402 1858 sint
3427 1817 3593 1857 cona-

2019 1899 2102 1953 ti?
2130 1897 2379 1966 Noveris,
2413 1899 2604 1969 inquit,
2633 1900 2776 1969 quod
2815 1917 2833 1951 ι
2860 1914 2965 1954 non
2997 1913 3063 1954 ex
3092 1897 3197 1954 ﬁde
3225 1916 3245 1950 ι
3274 1895 3592 1966 quaerebant

2011 1990 2319 2062 jnstilicari,
2363 2008 2383 2042 ι
2422 1990 2516 2044 sed
2561 1992 2713 2059 quasi
2766 2007 2829 2046 ex
2867 1990 3124 2058 operibus
3169 1989 3326 2059 legis.
3367 2006 3387 2040 ι
3427 1987 3591 2057 Atqui

2014 2101 2082 2139 ex
2112 2083 2366 2153 operibus
2411 2081 2545 2153 legis
2593 2096 2697 2135 non
2747 2081 3136 2151 justiticabitur
3181 2079 3359 2136 omnis
3385 2093 3515 2133 caro
3538 2089 3590 2134 τι.

2015 2174 2254 2232 Observa
2289 2184 2466 2229 autem
2495 2172 2638 2242 quod
2669 2188 2772 2228 non
2799 2174 3029 2238 dixerit,
3067 2173 3176 2246 ’14
3206 2172 3283 2226 Ex
3313 2171 3588 2244 operibus,

2015 2268 2132 2333 sed,
2164 2285 2183 2319 ι
2221 2266 2381 2333 Quasi
2415 2280 2482 2320 ex
2523 2262 2800 2333 operibus,
2843 2282 2862 2315 ι
2899 2272 2957 2318 ιιι
3006 2264 3257 2319 ostendat
3285 2263 3434 2333 quod
3480 2277 3590 2316 non

2014 2359 2160 2415 serio
2206 2360 2314 2414 sint
2343 2372 2566 2427 operum
2609 2355 2736 2412 tacti
2765 2369 2916 2422 cura,
2949 2356 3043 2410 sed
3069 2355 3415 2411 simulatione
3441 2368 3594 2424 qua-

2014 2450 2135 2504 dam
2163 2458 2220 2504 et
2247 2448 2541 2518 hypocrisi.

2086 2539 2250 2595 Vens.
2291 2538 2384 2593 33.
2425 2556 2444 2590 ι
2481 2536 2833 2593 Oﬁenderunt
2876 2535 3021 2591 enim
3055 2535 3110 2590 in
3154 2535 3384 2604 lapidem
3417 2533 3592 2589 alien-

2015 2631 2210 2697 sionis,
2246 2631 2392 2686 sicut
2430 2629 2693 2701 scripturn
2728 2637 2850 2684 est:
2886 2628 3023 2683 Ecce
3047 2642 3189 2696 pono
3223 2628 3277 2680 in
3307 2626 3432 2682 Sion
3454 2626 3592 2695 lapi-

2014 2724 2135 2778 dem
2171 2721 2514 2788 oﬂ'ensionis,
2553 2731 2607 2776 et
2653 2729 2863 2790 petram
2899 2717 3139 2773 scandali
3165 2757 3181 2785 ,
3209 2725 3265 2772 et
3295 2715 3474 2772 omnis
3497 2717 3589 2785 qui

2013 2817 2189 2872 credit
2220 2816 2277 2871 in
2307 2831 2454 2881 eum,
2489 2830 2594 2870 non
2641 2812 3003 2879 confundetur
3023 2807 3066 2868 ἓ.
3102 2831 3122 2866 ι
3184 2811 3285 2878 Qui
3317 2809 3593 2879 impingit,

2014 2919 2301 2982 propterea
2328 2909 2613 2981 impingit,
2647 2907 2789 2977 quod
2836 2906 2956 2962 aliis
2983 2905 3174 2970 inbiet,
3207 2919 3314 2960 non
3345 2901 3592 2957 animad-

2015 3015 2236 3058 vertens
2259 3003 2388 3072 quid
2423 3002 2651 3071 pedibus
2681 3002 2752 3056 sit
2786 2999 3026 3055 obvium.
3060 2997 3229 3054 Judaei
3269 2998 3450 3064 itaque
3489 2993 3594 3064 legi

2018 3096 2310 3159 inhiantes,
2351 3094 2404 3147 in
2432 3093 2709 3148 Christum
2741 3093 3104 3163 impegerunt,
3129 3092 3180 3146 id
3229 3098 3312 3145 est
3333 3087 3594 3144 increduli

2018 3188 2256 3244 fuerunt.
2301 3204 2320 3238 ι
2362 3184 2524 3255 Lapis
2553 3194 2733 3240 autem
2784 3183 3102 3240 olfensionis
3137 3190 3193 3237 et
3237 3191 3388 3253 petra
3438 3193 3597 3234 scan-

2019 3278 2150 3343 dali,
2182 3296 2203 3331 ι
2233 3293 2263 3333 a
2301 3277 2408 3332 line
2439 3287 2496 3331 et
2525 3284 2720 3331 eventu
2753 3289 2939 3330 eorum
2973 3273 3066 3346 qui
3095 3287 3201 3329 non
3227 3271 3593 3335 crediderunt,

2018 3371 2268 3426 Christus
2315 3370 2629 3424 nominatus
2664 3374 2769 3424 est.
2810 3366 2929 3440 lpse
2986 3367 3130 3424 enim
3185 3365 3594 3421 fundamentum

2017 3463 2285 3537 basisque
2310 3462 2518 3532 positus
2544 3470 2630 3516 est
2657 3479 2672 3516 :
2713 3461 2790 3517 ait
2817 3461 2960 3516 enim
2985 3476 3002 3515 :
3033 3478 3053 3510 ι
3090 3457 3280 3514 Omnis
3309 3458 3400 3526 qui
3427 3455 3598 3510 credit

2019 3556 2072 3610 in
2112 3571 2257 3619 eum,
2288 3570 2395 3610 non
2426 3555 2685 3625 pudeliet,
2730 3571 2750 3607 ι
2795 3554 2910 3608 sive
2935 3551 3179 3616 Gnaeus,
3210 3550 3324 3605 sive
3355 3547 3594 3604 Iudaeus.

2018 3647 2253 3703 Proinde
2303 3648 2439 3704 ﬁdes
2474 3656 2710 3718 estquae
2747 3645 2929 3702 omnia
2978 3643 3159 3710 efficit,
3208 3652 3261 3700 et
3309 3641 3592 3712 justilicat,

2019 3755 2126 3796 non
2160 3755 2345 3812 opera.

2645 3943 2871 4001 CAPUT
2909 3944 2980 4000 X.

2095 4058 2260 4116 Vens.
2295 4060 2348 4114 l.
2391 4077 2410 4111 ‹
2447 4059 2693 4122 Fratres,
2724 4058 2975 4114 voluntas
3000 4054 3182 4111 cordis
3212 4052 3340 4119 mei,
3367 4062 3415 4108 et
3447 4053 3599 4106 obse-

2018 4153 2192 4209 cratio
2222 4153 2289 4209 ad
2319 4152 2484 4207 Deum
2520 4151 2583 4206 fit
2631 4166 2731 4221 pro
2764 4149 2967 4206 lsraele
3004 4149 3070 4204 ad
3119 4147 3366 4202 salutem.
3401 4163 3420 4196 ι
3459 4144 3594 4210 Quia

2018 4247 2415 4315 perstricturus
2440 4252 2523 4300 est
2545 4258 2662 4310 eos,
2696 4243 2806 4297 leni
2841 4242 3063 4298 exordio
3086 4241 3276 4302 utitur,
3313 4253 3379 4292 ne
3409 4235 3598 4292 existi-
3685 4314 3688 4316 γ

2020 4347 2169 4394 ment
2203 4338 2375 4408 ipsum
2402 4352 2469 4391 ex
2503 4337 2628 4392 odio
2655 4335 2838 4390 dicere
2857 4348 2975 4402 qua:
3005 4332 3248 4397 dicturus
3278 4338 3382 4395 est,
3415 4335 3470 4384 et
3498 4327 3597 4390 ait,

334 4416 548 4484 λέγειν,
575 4415 611 4470 ἃ
641 4415 826 4488 μέλλει
873 4415 1052 4493 λέγειν
1075 4432 1091 4448 ο
1119 4417 1214 4471 καί
1269 4435 1456 4487 φησιν,
1487 4419 1570 4472 ὅτι
1605 4418 1668 4471 Ἦ
1701 4419 1800 4488 μὲν
1824 4420 1917 4472 εύ-

2021 4429 2276 4496 Εῦδοκία,
2301 4429 2350 4483 id
2379 4436 2482 4494 est,
2511 4428 2764 4482 voluntas
2806 4439 2927 4480 mea
2971 4432 3024 4478 et
3057 4422 3348 4477 vehemens
3387 4420 3600 4475 deside-

333 4511 494 4566 δοκία
519 4510 586 4576 ³⁰,
635 4509 938 4574 τουτέστιν,
974 4511 1007 4580 ἡ
1039 4509 1259 4581 θέλησίς
1309 4527 1435 4580 μου,
1485 4509 1581 4565 καὶ
1633 4511 1665 4581 ὴ
1711 4510 1918 4580 σφοδρὰ

2021 4523 2186 4587 rium,
2244 4531 2296 4578 et
2327 4537 2433 4577 non
2478 4519 2651 4578 solum
2699 4519 2823 4580 hoc,
2878 4515 3233 4572 verumetiam
3267 4512 3594 4576 obsecratio,

333 4600 640 4671 ὲπιθυμία’
678 4603 774 4655 καὶ
797 4602 857 4654 ού
907 4608 1068 4672 μόνον
1104 4600 1288 4669 τοῦτο,
1321 4601 1460 4655 ἀλλὰ
1485 4601 1582 4656 καὶ
1634 4603 1668 4673 ή
1703 4603 1908 4674 δέησις,
1937 4612 1939 4668 ξ

2019 4630 2114 4685 pro
2147 4614 2297 4669 vobis
2337 4623 2460 4668 est:
2499 4628 2605 4685 non
2654 4620 2866 4666 tantum
2919 4619 2976 4663 ut
3012 4623 3040 4662 a
3069 4623 3225 4679 paena
3260 4606 3594 4671 liberemini,

334 4692 482 4765 ὑπὲρ
516 4693 544 4746 ύ
553 4693 670 4764 μῶν
706 4694 855 4748 ἔστιν
870 4711 885 4724 ·
918 4695 1016 4764 οὐχ
1037 4693 1124 4747 ἵνα
1141 4693 1498 4764 ἀπαλλαγῆτέ
1518 4694 1616 4764 τῆς
1638 4694 1912 4758 κολάσεως

2016 4707 2372 4759 verumetiam
2431 4710 2489 4757 ut
2562 4701 2695 4757 salvi
2763 4701 2902 4756 sitis.
2967 4698 3249 4765 Quomodo
3299 4697 3465 4767 igitur
3518 4697 3600 4749 in-

336 4787 524 4857 μόνον,
547 4787 683 4840 ἀλλὰ
707 4787 804 4840 καὶ
827 4787 1056 4858 σωθῆτε.
1084 4787 1206 4851 Πῶς
1229 4784 1320 4842 οὖν
1353 4787 1608 4858 ἀπεχθῶς
1642 4787 1708 4842 ἂν
1733 4787 1914 4860 ἔχοιμι

2016 4794 2196 4851 fensus
2246 4796 2348 4850 sim
2397 4795 2572 4862 vobis,
2622 4808 2720 4862 pro
2773 4807 3002 4864 quorum
3057 4789 3230 4846 salute
3281 4788 3448 4842 Deum
3493 4788 3595 4841 im-

333 4883 476 4956 πρὸς
515 4883 684 4954 ὑμᾶς,
727 4877 803 4938 ὧν
839 4884 937 4963 τῇς
970 4885 1246 4955 σωτηρίας
1275 4884 1695 4958 ύπερεύχομαι;
2012 4887 2164 4956 ploro
2192 4886 2216 4939 ?

413 4989 432 5021 ι
463 4967 742 5042 Μαρτυρῶ
788 4971 898 5042 ’,ἀρ
931 4973 1140 5038 αὐτοῖς,
1177 4975 1261 5028 ὅτι
1304 4973 1468 5044 ζῆλον
1507 4975 1642 5029 Θεοῦ
1672 4975 1911 5046 ἔχουσιν,

2087 4980 2250 5034 Vens.
2278 4979 2334 5045 2,
2372 4980 2425 5033 5.
2468 4997 2486 5030 ι
2524 4976 2921 5033 Testimonium
2973 4975 3114 5032 enim
3163 4974 3272 5029 illis
3318 4969 3593 5042 perbibco,

332 5061 456 5116 ἀλλ’
507 5062 568 5115 ού
627 5062 749 5116 κατ’
777 5048 1099 5132 ἐπίγνωσιν.
1152 5065 1504 5133 ’Λγνοοῦντες
1550 5069 1660 5139 γὰρ
1685 5067 1785 5138 τὴν
1817 5066 1914 5120 τοῦ

2016 5071 2158 5141 quod
2188 5069 2586 5140 aemulationem
2634 5069 2727 5125 Dei
2771 5069 3002 5133 habent,
3039 5067 3130 5122 sed
3166 5081 3268 5119 non
3300 5063 3597 5118 secundum

331 5153 470 5207 Θεοῦ
503 5153 877 5226 δικαιοσύνην,
911 5155 1007 5209 καὶ
1029 5155 1129 5227 τήν
1156 5157 1293 5211 ίδίαν
1325 5157 1674 5231 δικαιοσύνην
1692 5160 1912 5231 ζητοῦνο

2016 5162 2400 5235 cognitionem.
2456 5160 2774 5232 lgnorantes
2827 5162 2971 5218 enim
3023 5159 3116 5216 Dei
3170 5158 3477 5229 justitiam,
3536 5171 3599 5209 ac

327 5265 424 5311 τες
449 5248 672 5319 στῆσαι,
705 5250 771 5319 τῇ
823 5248 1141 5323 δικαιοσύνῃ
1179 5247 1277 5304 τοῦ
1311 5250 1448 5304 Θεοῦ
1475 5252 1575 5324 οὐχ
1633 5252 1918 5326 ὑπετάγη-

2019 5255 2296 5325 propriam
2326 5256 2589 5326 justitiam
2625 5265 2932 5326 quaerentes
2961 5262 3220 5319 statuere,
3247 5248 3476 5322 justitize
3506 5247 3595 5301 Dei

332 5357 458 5396 σαν.
496 5359 515 5393 ι
553 5342 713 5395 Δοκεῖ
754 5340 854 5412 μὲν
885 5341 1206 5413 χαρίζεσθαι
1244 5343 1432 5407 αὐτοῖς
1467 5345 1528 5409 ἐξ
1575 5345 1774 5416 ἀρχῆς,
1811 5363 1920 5416 μα-

2019 5362 2126 5403 non
2176 5357 2304 5402 sunt
2349 5347 2600 5416 subjecti.
2637 5365 2657 5402 ι
2689 5346 2916 5403 Videtur
2955 5347 3007 5400 in
3061 5343 3330 5415 principio
3381 5340 3595 5410 quidem

328 5433 551 5488 λάσσων
593 5435 814 5500 αύτούς.
842 5435 1028 5490 Εἰπὼν
1054 5435 1185 5508 γὰρ,
1225 5436 1435 5508 «Ζῆλον
1489 5437 1626 5491 Θεοῦ
1677 5438 1916 5508 ἔχουσιν,

2018 5441 2168 5510 ipsos
2204 5440 2513 5496 humaniter
2549 5451 2787 5497 tractare
2819 5447 2870 5496 et
2903 5438 3229 5494 demulcere.
3284 5433 3419 5489 Nam
3473 5447 3594 5486 cum

407 5601 436 5641 ιι
471 5590 605 5646 Rom
644 5609 725 5648 Ill.
755 5593 846 5649 20.
928 5606 952 5636 ι’
992 5594 1416 5662 lsa.xxvttt,55.

1683 5709 1884 5773 Variae
1917 5708 2242 5774 lectiones.

411 5831 462 5866 ⁵⁷
489 5829 664 5897 οὕτως
690 5849 746 5890 o.
826 5834 869 5867 “
901 5836 980 5900 είς
1028 5835 1189 5890 αὐτὸν
1217 5850 1269 5892 o.
1366 5835 1410 5867 ⁸⁸
1450 5832 1826 5906 προλαμϐάνει
1852 5851 1927 5892 ιιι.
2007 5837 2051 5869 ⁸ο
2085 5839 2180 5907 τῆς
2205 5835 2345 5907 ἐμῆς
2381 5834 2628 5908 καρδίας.
