4038 6608
426 383 537 450 475

1361 392 1946 454 THEOPHYLACTI
1986 388 2402 453 BULGARLE
2441 387 2800 448 ARCHIEP.

3580 383 3701 446 476

428 503 582 569 dicit,
604 523 632 556 τ
653 503 837 559 Zelum
863 503 952 559 Dei
987 505 1205 570 habent,
1231 506 1322 560 sed
1361 522 1466 562 non
1495 507 1792 563 secundum
1816 507 1998 578 cogni-

2127 502 2221 556 ιλλ’
2235 502 2295 556 ού
2314 501 2434 556 κατ’
2452 501 2772 567 ἐπίγνωσιν,
2800 517 2818 550 ι
2846 496 3028 562 ἐλέους
3046 497 3248 567 μᾶλλον
3263 469 3452 563 ἀξίους
3466 498 3697 561 αὐτοὺς,

431 596 654 656 tionem,
687 613 703 645 ι
761 595 1130 651 misericordia
1181 597 1363 667 potius
1396 614 1563 669 quam
1609 613 1769 668 poena
1813 599 2006 668 dignos

428 688 682 747 ostendit.
718 687 1065 743 Emulantur
1090 691 1257 757 enim,
1304 691 1518 762 inquit,
1552 707 1651 761 pro
1685 691 1802 763 lege
1829 689 1936 746 sibi
1974 705 2006 744 a

429 779 542 834 Deo
576 778 811 834 tradita:
840 794 1028 834 verum
1066 797 1170 836 non
1205 784 1504 838 secundum
1533 784 1896 854 cognitionem
1923 791 2008 838 est

430 875 666 942 ipsorum
696 872 1018 942 aemulatio;
1045 875 1249 945 quippe
1273 876 1366 946 qui
1394 874 1571 944 legem
1590 876 1728 930 hanc
1750 875 2011 931 abolitam

429 977 552 1020 esse
578 977 880 1034 agnoscere
911 965 1121 1020 nolunt.
1149 967 1311 1037 Atqui
1344 968 1398 1022 in
1430 967 1784 1037 sequentibus
1816 981 2010 1022 eorum

428 1059 833 1112 contentionem
858 1098 874 1123 ,
919 1073 1272 1129 amoremque
1318 1061 1585 1130 primatus
1615 1061 1839 1116 indicat.
1873 1059 2008 1114 Nam

426 1159 736 1216 quaerentes
773 1159 1015 1206 statuere
1039 1151 1306 1220 justitiam
1339 1153 1647 1224 propriam,
1670 1153 1774 1208 hoc
1799 1161 1913 1216 est,
1941 1167 2008 1206 ex

428 1236 568 1306 lege,
614 1255 680 1294 ex
726 1241 961 1310 propriis
1017 1243 1272 1297 nimirum
1321 1243 1600 1300 laboribus
1649 1252 1700 1299 et
1753 1243 2010 1314 operibus

430 1339 700 1397 paratam,
751 1347 872 1400 quae
928 1348 1050 1387 cum
1087 1333 1318 1398 excidit,
1377 1344 1492 1390 tum.
1539 1335 1836 1392 subsistere
1903 1351 2010 1390 non

430 1431 644 1488 potest:
706 1438 882 1492 neque
934 1423 1083 1479 illam
1123 1432 1453 1494 statuerunt,
1488 1439 1590 1482 nec
1629 1423 1856 1496 iustitiae
1915 1425 2010 1481 Dci

431 1511 658 1581 subjecti
687 1523 833 1568 sunt.
876 1513 1028 1581 Quod
1063 1516 1450 1571 ostentationis
1476 1559 1490 1583 ,
1534 1531 1598 1571 ac
1637 1517 1836 1572 mentis
1860 1517 2010 1587 prin-

432 1602 642 1672 cipatus
693 1604 895 1670 avidae,
952 1605 1061 1660 imo
1114 1607 1294 1678 potius
1339 1607 1549 1663 stolida:
1599 1617 1656 1663 et
1711 1609 2013 1680 insipientis

432 1696 644 1766 signum
703 1707 817 1764 est,
880 1713 1124 1768 quaerere
1173 1700 1429 1756 nimirum
1489 1701 1824 1757 constituere
1871 1701 2013 1769 quod

432 1787 736 1844 subsistere
788 1791 1012 1860 nequit;
1071 1791 1238 1860 inque
1291 1806 1357 1847 eo
1411 1793 1777 1863 nequicquam
1827 1793 2012 1849 atteri.

2112 595 2176 650 οὐ
2207 594 2486 658 κολάσεως
2520 593 2782 646 δείκνυσι.
2819 589 3052 660 Ζηλοῦοι
3076 589 3185 659 γὰρ
3217 590 3358 660 ὑπὲρ
3385 589 3476 642 τοῦ
3495 589 3701 659 νόμου,

2114 687 2274 758 φησὶ,
2327 683 2422 740 τοῦ
2479 683 2632 755 παρὰ
2687 682 2825 736 Θεοῦ
2878 681 3128 746 δοθέντος
3160 681 3412 752 “Vrit-ip)
3470 682 3530 734 οὐ
3567 682 3701 736 κατ’

2113 777 2418 848 ἐπίγνωσιν
2469 777 2618 829 ἔστιν
2661 777 2692 828 δ
2734 774 2897 844 ζῆλος
2954 776 3158 839 αὐτοῖς,
3203 774 3283 844 μὴ
3349 773 3705 845 βουλομένοις

2114 871 2340 938 γνῶναι,
2387 869 2470 922 ὅτι
2514 870 2542 921 ὁ
2589 867 2752 937 νόμος
2785 861 2944 930 οὗτος
2971 867 3018 898 ⁸⁸
3049 865 3329 920 πέπαυται
3354 865 3448 918 καὶ
3478 866 3702 934 κατῆρε

2113 978 2302 1032 γηται.
2347 960 2694 1016 ’Υποκατιὼν
2729 960 2914 1032 μέντοι.
2957 959 3196 1012 δείκνυσι.
3223 958 3328 1030 τὴν
3358 957 3706 1026 φιλονεικίαν

2119 1053 2306 1108 αὐτῶν
2335 1052 2430 1108 καὶ
2474 1052 2804 1124 φιλαρχίαν.
2846 1051 3148 1122 Ζητοῦντες
3193 1048 3308 1120 γὰρ
3349 1049 3544 1118 στῆσαι
3590 1051 3706 1116 τὴν

2119 1146 2260 1202 ἰδίαν
2291 1145 2666 1217 δικαιοσύνην,
2689 1145 2963 1208 τουτέστι,
2998 1145 3100 1215 τὴν
3147 1144 3212 1197 ὲκ
3243 1143 3345 1196 τοῦ
3381 1143 3576 1212 νόμου,
3593 1140 3708 1210 τὴν

2117 1239 2180 1305 ἐξ,
2205 1237 2386 1309 ἔργων
2417 1237 2562 1291 ἰδίων
2593 1237 2688 1290 καὶ
2716 1236 2898 1290 πόνων
2931 1232 3410 1306 κατορθουμένην,
3442 1235 3565 1305 ἥτις
3599 1235 3708 1287 καὶ

2119 1330 2410 1394 πέπτωκε,
2440 1329 2535 1383 καὶ
2559 1329 2618 1382 οὐ
2648 1328 2872 1383 δύναται
2906 1328 3118 1398 στῆναι.
3145 1326 3270 1380 οὔτε
3304 1326 3507 1394 ταύτην
3532 1327 3708 1396 ἑστη-

2120 1438 2241 1485 σαν,
2280 1422 2376 1476 καὶ
2421 1424 2490 1494 τῇ
2517 1422 2619 1476 τοῦ
2647 1421 2783 1474 Θεοῦ
2818 1420 3136 1491 δικαιοσύνῃ
3166 1420 3270 1490 οὐχ
3313 1420 3708 1490 ὑπετάγησαν.

2125 1514 2189 1564 "O
2218 1513 2539 1576 ἀλαζονείας
2570 1514 2819 1582 σημεῖον,
2853 1511 2949 1564 καὶ
2975 1511 3242 1580 φιλάρχου
3269 1510 3516 1580 γνώμης,
3556 1510 3709 1580 μᾶλ-

2119 1604 2208 1659 λον
2236 1605 2293 1658 δὲ
2317 1606 2570 1674 ἀνοήτου,
2591 1606 2650 1658 τὸ
2673 1605 2860 1673 ζητεῖν
2883 1603 3148 1672 συστῆναι
3172 1603 3258 1656 ἀεὶ
3281 1603 3342 1654 τὸ
3363 1603 3708 1664 ἀσύστατον,

2121 1696 2217 1749 καὶ
2248 1697 2306 1748 ὲν
2337 1696 2514 1766 τούτῳ
2563 1695 2819 1765 διακενῆς
2867 1692 3321 1764 κατατρίϐεσθαι.
3351 1691 3485 1744 Θεοῦ
3518 1692 3576 1743 6‘s
3609 1691 3708 1745 δι.⁴

2121 1787 2408 1858 καιοσύνη,
2440 1788 2475 1857 ἡ
2502 1788 2566 1840 ὲκ
2595 1786 2832 1851 πίστεως
2855 1803 2867 1816 ·
2901 1787 2959 1839 οὐ
3001 1784 3105 1855 γὰρ
3138 1785 3328 1845 πόνου,
3351 1783 3465 1854 ἔχει
3487 1781 3706 1853 {ipsas-

435 1879 526 1936 Dei
573 1891 753 1936 autem
802 1883 1016 1953 iustitia
1062 1899 1130 1940 ea
1181 1893 1286 1951 est,
1345 1901 1466 1956 qua:
1510 1903 1578 1943 ex
1609 1887 1714 1942 fide
1745 1896 1868 1943 est:
1900 1888 2013 1943 haec

2127 1897 2268 1951 ρους,
2303 1880 2439 1935 ἀλλά
2463 1880 2524 1934 τὸ
2555 1879 2676 1934 ὅλον
2707 1878 3016 1951 χάρισμυόιΜ
3043 1881 3167 1931 ἐστι
3200 1877 3355 1930 Θεοῦ.

434 1973 588 2030 enim
638 1990 746 2030 non
812 1977 1016 2049 indiget
1053 1978 1330 2035 laboribus
1370 1981 1608 2048 nostris,
1661 1996 1849 2038 verum
1903 1992 2011 2037 tota

438 2068 504 2122 ad
531 2068 762 2137 gratiam
797 2069 888 2124 Dei
921 2071 1176 2139 pertinet.

511 2159 618 2229 75
641 2158 809 2215 Vens.
827 2161 882 2216 4.
919 2181 938 2213 ι
968 2161 1118 2218 Finis
1147 2163 1291 2219 enim
1319 2163 1456 2237 legis
1472 2163 1746 2230 Christus,
1770 2166 2016 2236 adjusti-

441 2250 570 2304 tiam
601 2251 748 2306 omni
787 2253 1054 2309 credenti.
1102 2273 1123 2306 ι
1171 2255 1308 2320 Quia
1341 2271 1572 2326 prorsus
1606 2256 1871 2325 justitiam
1915 2273 2003 2311 uo-

439 2340 762 2405 minaverat,
795 2356 916 2398 eam
943 2359 1063 2414 qua:
1094 2352 1179 2401 est
1214 2346 1270 2401 in
1296 2346 1440 2418 lege,
1472 2362 1539 2402 ue
1568 2347 1754 2402 dicant
1771 2348 1807 2402 ii
1829 2347 1922 2417 qui
1948 2363 2015 2402 ex

438 2431 680 2489 Hebraeis
712 2435 1064 2491 crediderunt
1096 2454 1110 2490 :
1153 2438 1506 2495 Peccavimus
1536 2453 1690 2510 ergo,
1731 2448 1788 2495 et
1833 2439 2017 2508 inique

437 2525 648 2594 egimus
670 2537 691 2564 ³
715 2567 731 2592 ,
762 2528 902 2583 hanc
925 2528 1197 2599 justitiam
1230 2531 1568 2587 dimittentes
1597 2548 1613 2586 :
1641 2547 1706 2587 ac
1736 2547 1805 2587 ne
1831 2546 2018 2587 rursus

440 2615 702 2671 increduli
727 2618 908 2673 dicere
929 2629 1178 2688 possent:
1214 2619 1662 2693 Quandoquidem
1697 2621 1912 2690 jusdtia
1937 2629 2018 2677 est

440 2708 495 2761 iu
521 2707 639 2777 lege
659 2709 904 2774 omnino,
945 2712 1159 2766 etiamsi
1184 2727 1304 2767 eam
1331 2714 1569 2768 nondum
1593 2713 2018 2783 impleverimus,

441 2799 730 2869 aliquando
756 2809 932 2856 tamen
961 2803 1203 2872 perfecte
1234 2791 1578 2874 implebimus
1613 2823 1633 2860 :
1659 2807 1819 2860 ambo
1849 2805 1962 2861 haec
1991 2818 2021 2858 e

445 2892 622 2947 medio
659 2893 878 2960 tollens,
918 2896 994 2950 ait
1041 2913 1056 2951 :
1106 2914 1124 2948 ι
1172 2897 1326 2953 Finis
1371 2898 1515 2970 legis
1556 2898 1808 2955 Christus
1850 2908 1954 2955 est.
1993 2919 2014 2951 ι

446 2982 600 3048 Quod
630 2985 773 3038 enim
811 2985 986 3040 voluit
1014 2988 1238 3057 quidem
1273 2990 1379 3056 lex,
1412 3005 1520 3046 non
1551 3000 1730 3046 autem
1761 2990 2017 3061 perfecit,

448 3076 549 3128 hoc
576 3075 828 3134 Christus
874 3077 1128 3148 perfecit,
1162 3079 1465 3150 justificare
1499 3098 1692 3152 nempe
1722 3083 2018 3140 hominem.

447 3163 624 3232 Quare
656 3182 724 3222 ne
767 3169 914 3224 dicas
939 3171 1035 3240 Qui
1059 3171 1278 3228 Christo
1309 3175 1592 3230 accessisti
1631 3190 1699 3231 ex
1744 3174 2018 3236 Hebraeis.

2197 2161 2216 2195 ι
2258 2141 2424 2206 Τέλος
2450 2142 2558 2213 γὰρ
2583 2141 2748 2212 νόμου
2773 2141 3039 2214 Χριστὸς,
3057 2133 3134 2204 εἰς
3157 2139 3506 2210 δικαιοσύνην
3536 2139 3708 2192 παντὶ

2121 2235 2201 2307 τῷ
2226 2233 2560 2289 πιστεύοντι.
2595 2253 2614 2287 ι
2659 2233 2879 2306 Ἐπειδὴ
2906 2235 3041 2298 ὂλως
3073 2232 3422 2304 δικαιοσύνην
3447 2232 3708 2302 ὠνόμασε

2122 2329 2222 2399 τὴν
2259 2330 2318 2381 ὲν
2361 2328 2440 2400 τῷ
2490 2327 2660 2398 νόμῳ,
2698 2328 2785 2382 ἵνα
2821 2327 2900 2398 μὴ
2938 2328 3168 2380 εἴπωσιν
3215 2328 3264 2379 οἱ
3313 2325 3371 2390 ἐξ
3435 2323 3711 2395 Ἐϐραίων

2125 2419 2542 2486 πιστεύσαντες,
2575 2421 2657 2474 ὅτι
2696 2419 2897 2474 Λοιπὸν
2935 2418 3439 2490 παρηνομήσαμεν,
3471 2417 3711 2485 ἀφέντες

2123 2512 2220 2584 τὴν
2253 2511 2604 2582 δικαιοσύνην
2632 2510 2840 2582 ταύτην
2863 2526 2876 2542 ο
2911 2510 3006 2564 καὶ
3036 2509 3217 2574 πάλιν,
3247 2511 3294 2562 οἱ
3317 2509 3395 2562 ἔτι
3417 2506 3712 2561 ἀπιστοῦν-

2124 2622 2216 2668 τες
2270 2605 2356 2658 ἵνα
2408 2603 2483 2674 μὴ
2526 2603 2692 2673 ἔχωσι
2731 2601 2936 2672 λέγειν,
2969 2601 3054 2655 ὅτι
3111 2600 3334 2670 Ἐπειδὴ
3383 2598 3718 2670 δικαιοσύνη,

2125 2697 2262 2761 ὅλως
2283 2697 2430 2750 ἐστὶν
2458 2696 2516 2749 ὲν
2544 2694 2622 2766 τῷ
2651 2695 2822 2765 νόμῳ,
2851 2693 2901 2747 sl
2924 2692 3019 2747 καὶ
3050 2691 3125 2763 μὴ
3151 2691 3245 2745 νῦν
3279 2691 3708 2762 ὲπληρὼσαμεν,

2126 2789 2263 2842 ἀλλά
2294 2789 2514 2852 πάντως
2562 2786 2694 2841 ποτὲ
2747 2784 3150 2857 πληρώσομενο
3201 2786 3365 2854 φησὶν
3414 2784 3710 2854 ἀμφότερα

2125 2880 2298 2934 ταῦτα
2331 2879 2591 2951 ἀναιρῶν,
2632 2879 2714 2932 ὅτι
2765 2877 2940 2940 Τέλος
2972 2876 3140 2948 νόμον
3190 2877 3218 2928 ὁ
3252 2877 3490 2946 Χριστός
3526 2876 3705 2928 ἐστιν.

2133 2975 2198 3028 Ὃ
2232 2975 2340 3044 γὰρ
2371 2973 2634 3045 ὴὸούλετο
2681 2971 2782 3043 μὲν
2829 2970 2858 3022 δ
2901 2971 3102 3042 νόμος,
3139 2969 3242 3022 οὐκ
3287 2967 3573 3022 ἐτελείωσε
3625 2965 3707 3031 δὲ,

2127 3065 2286 3120 τοῦτο
2327 3066 2643 3118 ἐτελείωσεν
2690 3065 2718 3117 ὁ
2761 3063 3020 3134 Χριστὸς,
3051 3062 3114 3116 τὸ
3155 3061 3448 3116 δικαιῶσαι
3490 3058 3582 3112 τὸν
3607 3057 3707 3112 ἇν-

2130 3156 2368 3229 θρωπον.
2399 3157 2563 3210 Ὥστε
2612 3155 2692 3228 μῆ
2722 3155 2932 3224 λέγε,-ὁ
2962 3152 3262 3216 πιστεύσας
3305 3152 3367 3217 ἐξ
3413 3150 3714 3221 Ἐϐραίων,

449 3229 590 3326 quod
623 3259 920 3329 deliqueris
946 3229 1209 3321 adversus
1247 3267 1416 3336 legem
1447 3229 1852 3337 :quin-vpotius
1889 3229 2023 3337 legis

2128 3250 2211 3303 ὅτι
2241 3249 2666 3319 παρηνόμησας,
2709 3247 2845 3302 ἀλλὰ
2885 3246 3086 3318 μᾶλλον
3123 3247 3185 3298 τὸ
3217 3245 3466 3316 βούλημα
3494 3243 3587 3298 τοῦ
3618 3244 3713 3299 νό-

449 3353 788 3406 voluutatem
831 3358 1182 3432 conspexeris
1232 3357 1287 3412 in
1342 3368 1393 3414 te
1430 3373 1562 3414 esse
1588 3360 1882 3430 perfectam
1933 3377 2028 3430 per

450 3443 611 3500 fidem
649 3447 706 3500 in
735 3447 1041 3504 Christum.
1072 3447 1262 3520 Neque
1287 3466 1478 3508 rursus
1505 3453 1599 3523 qui
1633 3455 1874 3510 nondum
1904 3471 2027 3510 cre-

448 3535 654 3601 didisti,
688 3536 898 3606 Iudaee,
939 3555 1098 3608 spera
1129 3544 1275 3612 quod
1312 3545 1629 3614 perficietur
1662 3545 1760 3602 abs
1793 3556 1845 3599 te
1871 3545 2029 3613 justi-

450 3625 520 3679 tia
557 3638 653 3695 per
683 3629 854 3700 legem
886 3649 898 3686 :
928 3631 1188 3690 Christus
1205 3634 1352 3690 enim
1379 3645 1464 3691 est
1493 3647 1903 3692 consummator
1933 3642 2030 3693 hut-

443 3715 553 3783 jus.
585 3715 820 3776 Proinde
850 3722 896 3776 si
935 3723 1198 3797 justitiam
1239 3733 1596 3785 assecuturus
1629 3743 1720 3796 es,
1752 3730 2028 3786 Christum

448 3808 634 3879 accipe
665 3827 758 3882 per
785 3813 967 3878 fidem,
994 3822 1048 3870 et
1071 3816 1302 3873 habebis
1330 3819 1535 3875 omnia.

528 3897 688 3957 Vsus.
719 3904 772 3957 5.
822 3923 840 3956 ι
875 3904 1050 3961 Moses
1096 3907 1242 3963 enim
1282 3909 1476 3966 scribit
1511 3911 1778 3982 justitiam
1811 3929 1930 3985 quae
1967 3930 2033 3969 ex

450 3989 570 4061 lege
593 4002 697 4056 est,
723 3997 864 4062 quod
914 3996 1018 4062 Qui
1055 3997 1248 4054 fecerit
1269 4014 1333 4055 ea
1362 4001 1548 4066 homo,
1575 4005 1722 4060 vivet
1746 4005 1800 4059 in
1827 4007 1907 4061 eis
1932 4005 1976 4061 ί.
2008 4027 2025 4060 ι

451 4080 909 4156 Coufirmatquod
931 4089 1088 4155 dixit,
1119 4090 1263 4160 quod
1291 4091 1342 4147 id
1371 4095 1513 4163 quod
1544 4093 1630 4150 lex
1653 4111 1757 4151 nou
1782 4099 2031 4167 perfecit,

454 4174 598 4228 istud
650 4175 898 4234 Christus
947 4180 1211 4248 implevit,
1263 4192 1316 4237 et
1358 4185 1583 4254 inquit:
1630 4185 1805 4243 Moses
1840 4193 2037 4246 asserit

455 4264 732 4321 hominem
764 4284 861 4338 per
897 4283 1063 4340 opera
1103 4271 1392 4342 justilicari
1437 4291 1452 4329 :
1501 4289 1665 4344 opera
1711 4290 1836 4332 vero
1879 4294 2038 4335 nemo

455 4355 704 4412 inventus
729 4369 814 4414 est
857 4361 1098 4431 explere.
1128 4359 1312 4434 Itaque
1348 4364 1401 4420 iu
1446 4364 1565 4436 lege
1609 4366 1921 4439 ju'stificari,
1957 4381 2041 4427 est

455 4446 813 4514 impossibile.

527 4536 855 4634 Ysas._6-9.
905 4559 933 4596 ‹
963 4544 1092 4612 Quae
1124 4557 1316 4604 autem
1336 4562 1402 4604 ex
1435 4548 1540 4606 fide
1566 4563 1650 4607 est
1689 4551 1922 4621 justitia,
1957 4551 2036 4612 sic
2067 4577 2112 4634 ι)

455 4629 629 4687 dicit:
675 4631 786 4689 Nec
813 4635 1018 4692 dixeris
1051 4637 1102 4691 in
1134 4639 1302 4694 corde
1343 4649 1457 4707 tuo,
1508 4640 1642 4708 Quis
1685 4646 1942 4703 ascendet
1987 4649 2040 4704 in

456 4721 651 4776 coelum
677 4724 744 4777 n?
790 4724 852 4789 id
895 4736 977 4781 est
1014 4727 1295 4783 Christum
1324 4729 1617 4788 deducere.
1663 4733 1771 4788 Aut
1800 4737 1921 4804 quis
1953 4738 2045 4792 de-

457 4816 680 4871 scendet
714 4816 766 4871 in
804 4819 1099 4890 abyssum?
1127 4821 1228 4876 hoc
1261 4832 1365 4890 est,
1394 4825 1672 4882 Christum
1707 4843 1776 4884 ex
1812 4831 2043 4886 mortuis

459 4923 733 4964 revocare.
783 4908 908 4981 Sed]
933 4913 1060 4981 quid
1101 4914 1265 4969 dicit?
1293 4914 1470 4987 Prope
1507 4927 1558 4972 te
1587 4928 1670 4974 est
1709 4917 1963 4986 verbum,
1986 4923 2039 4977 in

458 4999 620 5055 corde
651 5011 763 5068 tuo,
795 5013 848 5057 et:
878 5004 932 5058 in
963 5018 1056 5059 ore
1086 5015 1196 5061 tuo.
1226 5006 1340 5063 Hoc
1371 5018 1455 5063 est
1484 5011 1712 5065 verbum
1741 5012 1863 5067 fidei
1893 5015 2038 5083 quod

458 5091 834 5157 praedicamus.
858 5092 1124 5159 Quoniam
1152 5096 1197 5150 si
1227 5094 1510 5151 confessus
1536 5095 1705 5152 fueris
1733 5097 1786 5152 in
1818 5114 1914 5153 ore
1945 5109 2038 5157 tuo

463 5180 745 5235 Dominum
791 5181 1012 5249 Jesum,
1063 5195 1120 5241 et
1163 5186 1459 5241 credideris
1499 5188 1648 5256 quod
1689 5187 1832 5243 Deus
1885 5187 2038 5243 illum

465 5271 742 5328 suscitavit
767 5289 798 5329 a
831 5276 1087 5342 mortuis,
1124 5278 1305 5332 salvus
1329 5277 1458 5331 eris.
1492 5295 1516 5328 ν
1550 5275 1911 5346 Posteaquam
1943 5293 2042 5331 au-

465 5363 648 5420 divisti
693 5365 826 5438 legis
855 5382 1018 5438 opera
1054 5385 1162 5424 non
1203 5383 1359 5439 posse
1402 5369 1707 5438 justiﬁcare
1744 5370 2038 5434 hominem,

465 5457 611 5513 disce
637 5457 748 5527 jam
779 5462 1047 5530 quomodo
1085 5463 1221 5517 citra
1262 5461 1504 5517 laborem
1550 5461 1706 5516 facile
1733 5462 1788 5517 in
1817 5462 2036 5517 Christo

545 5622 565 5649 ⁸
591 5611 797 5669 Baruch
833 5615 1000 5680 ψη.
1085 5614 1294 5670 ίιονίι.
1322 5615 1474 5679 xvitt,
1505 5616 1558 5670 5.

2133 3359 2235 3412 μου
2269 3335 2411 3404 εἶδες
2443 3343 2500 3394 ὲν
2551 3340 2636 3393 σοὶ
2668 3338 2958 3393 τελειωοὲν
2985 3338 3033 3371 ⁸⁸
3079 3337 3170 3392 διὰ
3213 3337 3315 3407 τῆς
3361 3338 3443 3401 εἰς
3474 3337 3715 3408 Χριστὸν

2138 3437 2396 3498 πίστεως.
2427 3434 2582 3504 Μηδὲ
2612 3433 2798 3501 πάλιν,
2829 3433 2857 3486 ὁ
2889 3434 3057 3504 μήπω
3090 3428 3388 3494 πιστεύσας
3435 3428 3710 3492 Ἰουδαῖος,

2131 3525 2341 3592 ἔλπιζε,
2373 3526 2455 3579 ὅτι
2503 3522 2926 3594 τελειωθήσεταί
2969 3539 3051 3574 σοι.
3092 3519 3464 3591 ηδικαιοσύνη
3492 3518 3579 3573 διὰ
3616 3518 3714 3572 τοῦ

2132 3620 2334 3689 νόμου*
2379 3618 2408 3670 ὸ
2439 3617 2549 3688 γὰρ
2591 3616 2828 3688 Χριστός
2868 3615 3016 3667 ἐστιν
3065 3615 3094 3668 ὁ
3145 3613 3438 3684 τελειωτὴς
3481 3612 3716 3684 ταύτης.

2133 3712 2301 3763 "asse
2322 3712 2370 3762 εἰ
2398 3709 2618 3780 μέλλεις
2643 3707 2741 3780 τὴν
2769 3707 3125 3780 δικαιοσύνη-ν
3155 3707 3327 3776 σχεῖν,
3352 3705 3444 3759 τὸν
3475 3705 3720 3776 Χριστὸν

2132 3805 2266 3860 λάϐε
2319 3805 2407 3857 διὰ
2449 3803 2720 3866 πίστεως,
2773 3803 2868 3855 καὶ
2913 3801 3056 3867 ἕξεις
3110 3799 3171 3853 τὸ
3206 3803 3341 3854 πᾶν.

2212 3914 2230 3947 ι
2268 3895 2474 3964 Μωσῆς
2507 3894 2616 3964 γὰρ
2652 3893 2855 3962 γράφει
2886 3892 2984 3962 τὴν
3015 3891 3372 3962 δικαιοσύνην
3401 3891 3504 3963 τὴν.
3526 3892 3590 3945 ἐκ
3619 3890 3717 3944 τοῦ

2135 3988 2326 4058 νόμου,
2361 3989 2442 4041 ὅτι
2477 3988 2538 4039 '0
2576 3987 2816 4055 ποιήσας
2843 3986 2981 4038 αὐτὰ
3021 3983 3342 4055 ἄνθρωπος,
3382 3983 3605 4055 ζήσεται
3657 3986 3722 4039 ὲν

2137 4082 2341 4144 αὐτοῖς.
2380 4098 2398 4130 ι
2447 4077 2741 4132 Πιστοῦταί
2773 4079 2802 4130 ὃ
2830 4073 3006 4143 εἶπεν,
3058 4077 3141 4130 ὅτι
3176 4075 3212 4129 δι
3245 4074 3412 4147 νόμος
3457 4076 3556 4129 οὐκ
3594 4076 3723 4128 ἐτε-

2136 4172 2353 4238 λείωσε,
2388 4170 2548 4224 τοῦτο
2579 4169 2825 4240 Χριστὸς.
2856 4168 3145 4238 ἐπλήρωσε
3166 4184 3181 4199 ·
3219 4167 3313 4220 καί
3345 4184 3532 4237 φησιν,
3567 4166 3652 4219 ὅτι
3689 4166 3723 4217 ὁ

2137 4265 2346 4337 Μωσῆς
2374 4263 2464 4317 διὰ
2491 4262 2599 4316 τῶν
2632 4266 2820 4331 ἔργων’
2840 4262 2991 4329 λέγει
3017 4260 3362 4315 δικαιοῦσθαι
3393 4260 3482 4314 τὸν
3513 4259 3728 4332 ἄνθρω-

2142 4373 2267 4414 πονο
2303 4357 2374 4410 τὰ
2402 4355 2460 4409 δὲ
2492 4354 2630 4426 ἔργα
2664 4353 2842 4417 οὖδεὶς
2881 4351 3084 4423 εὑρέθη·
3115 4351 3436 4424 πληρώσας.
3467 4351 3633 4404 Ὠστε
3662 4353 3724 4404 ὲν

2140 4451 2291 4522 νόμῳ
2315 4451 2418 4503 οὐκ
2447 4445 2562 4502 ἔστι
2589 4445 2815 4501 δυνατὸν
2847 4444 3230 4515 δικαιωθῆναι.

2217 4563 2236 4595 ι
2288 4543 2351 4596 Ἢ
2382 4541 2440 4596 δὲ
2466 4543 2531 4594 ἐκ
2573 4540 2809 4604 πίστεως
2841 4538 3181 4609 δικαιοσύνη,
3226 4536 3372 4592 οὕτω
3402 4537 3554 4608 λέγει
3577 4554 3593 4568 ο
3629 4538 3725 4606 Μὴ

2140 4637 2304 4708 εἴπῃς
2353 4636 2410 4689 ὲν
2457 4636 2526 4705 τῇ
2573 4632 2780 4704 καρδίᾳ
2823 4646 2948 4685 σου·
2995 4631 3091 4694 Τίς
3138 4629 3477 4701 ἀναϐήσεται
3517 4631 3596 4692 εἰς
3632 4631 3729 4682 τὸν

2137 4725 2406 4796 οσῦραν6ν;
2449 4722 2610 4778 Τοῦτ’
2641 4723 2757 4774 ἐστι
2801 4719 3040 4792 Χριστὸν
3083 4722 3442 4788 καταγαγεῖν.
3489 4721 3578 4782 Ἢη,
3628 4720 3728 4784 Τίς

2139 4819 2515 4890 καταϐήσεται
2545 4817 2625 4880 εἰς
2650 4815 2748 4886 τὴν
2776 4811 3051 4880 ἄϐυσσον;
3084 4813 3230 4868 τοῦτ’
3253 4813 3369 4868 ἔστι
3398 4813 3633 4884 Χριστὸν
3659 4815 3727 4867 ἐκ

2139 4913 2350 4984 νεκρῶν
2396 4911 2717 4978 ἀναγαγεῖν.
2767 4908 2931 4962 Ἀλλά
2963 4908 3016 4961 τί
3068 4906 3256 4975 λέγεις
3295 4906 3495 4974 Ἐγγύς
3535 4923 3629 4959 σου
3664 4905 3729 4959 τὶ)

2141 5006 2295 5076 ῥῆμά
2323 5005 2474 5055 ἐστιν
2521 5003 2580 5054 ὲν
2632 5002 2698 5072 τῇ
2741 5001 2940 5072 καρδίᾳ
2969 5017 3086 5062 σου,
3139 5000 3234 5052 καὶ
3271 5000 3329 5051 έν
3371 4995 3450 5068 τῷ
3497 4997 3728 5068 στόματι

2138 5111 2254 5161 σου,
2285 5093 2432 5147 τοῦτ’
2457 5091 2595 5158 ἐστι,
2621 5092 2681 5145 τὸ
2715 5093 2866 5163 ῥῆμα
2895 5093 3002 5162 τῆς·
3023 5091 3259 5154 πίστεως
3286 5089 3314 5143 ὃ
3350 5090 3727 5160 κηρύσσομενο

2133 5191 2216 5243 ὅτι
2265 5186 2361 5240 ἐὰν
2410 5185 2758 5258 ὁμολογήσῃς
2830 5186 2888 5237 ὲν
2936 5182 3013 5254 τῷ
3065 5183 3299 5254 στὸματί
3369 5200 3462 5235 σου
3517 5182 3728 5253 Κύριον

2126 5277 2369 5350 Ἰησοῦν,
2402 5278 2498 5332 καὶ
2536 5277 2845 5350 πιστεύσῃς
2869 5279 2927 5329 ἐν
2954 5279 3020 5348 τῇ
3057 5276 3254 5348 καρδίᾳ
3291 5293 3408 5340 σου,
3441 5275 3572 5328 ὅτιά
3594 5275 3730 5339 Θεὸς

2135 5374 2299 5428 αὐτὸν
2333 5373 2554 5443 ἤγειρεν
2587 5372 2651 5423 ὲκ
2677 5368 2908 5440 νεκρῶν,
2942 5369 3183 5442 σωθήσῃ.
3229 5387 3252 5421 r
3302 5368 3520 5438 Ἐπειδὴ
3561 5369 3733 5438 ἤκου-

2138 5481 2234 5527 σας
2265 5463 2334 5516 τὰ
2377 5461 2471 5516 τοῦ
2501 5459 2668 5532 νόμου
2713 5459 2851 5531 ἔργα
2889 5460 2968 5532 μὴ
3009 5460 3271 5515 δύνασθαι
3307 5459 3599 5513 δικαιῶσαι
3633 5461 3736 5513 ἇν-

1628 5624 1654 5652 “
1692 5615 1852 5671 Deut.
1890 5634 2020 5683 xxx,
2061 5617 2146 5672 12.

1828 5733 2028 5794 Variae
2071 5731 2399 5795 lectiones.

546 5829 586 5859 “
626 5830 1015 5900 παραδοθέντος
1046 5847 1098 5888 ο.
1174 5833 1219 5864 ⁵³
1243 5833 1426 5896 αὐτοῖς
1450 5848 1500 5888 0.
1583 5833 1628 5865 ⁵³
1656 5833 1822 5906 χάρις
1858 5849 1931 5890 m.
2010 5833 2057 5868 ⁸³
2092 5831 2383 5906 πληρωθὲν
2438 5847 2493 5887 o.
