4038 6596
390 417 502 488 4ῖ9

1309 416 1887 484 THEOPHYLAC’I‘I
1928 415 2342 479 BULGARI/E
2376 421 2734 484 ARCHIEP.

3552 417 3664 479 480

407 540 512 598 cst,
543 533 760 586 divitias
793 531 843 586 in
873 531 958 586 his
988 532 1223 596 habens,
1254 532 1311 588 in
1343 534 1451 597 his,
1479 534 1722 604 inquam,
1761 529 1850 600 qui
1882 529 1968 583 in-

2088 526 2448 599 ιαλουμένους
2485 529 2682 584 αὐτόν·
2714 529 3091 595 τουτέστι,τδν
3113 527 3342 582 πλοῦτον
3376 529 3433 582 έν
3453 529 3674 594 τούτοις

396 625 706 678 vocaverint
734 623 908 690 ipsum
954 641 968 678 :
1016 624 1240 694 perinde
1275 640 1336 680 ac
1384 626 1429 679 si
1474 625 1597 695 quis
1641 624 1803 689 dicat,
1857 620 1969 676 Rex

398 714 504 769 iste
534 714 686 769 dives
715 723 797 769 est
843 716 958 770 auri
1005 724 1059 771 ct
1095 718 1328 787 argenti.
1381 716 1618 772 Proinde
1653 717 1697 770 si
1752 714 1975 770 divitias

398 803 557 856 habet
581 805 727 872 ipsos
755 806 1060 866 credentes,
1088 821 1156 861 ne
1176 807 1509 876 despondeas
1532 808 1798 869 animum,
1822 805 1973 875 quasi

394 895 529 948 adeo
561 898 824 963 peccaris,
878 907 936 952 ut
985 898 1076 953 tibi
1113 899 1406 954 condonari
1439 908 1691 969 nequeat.
1717 897 1850 952 Nam
1887 914 1975 953 su-

393 987 584 1056 scipiet
608 1002 680 1052 te,
708 1000 765 1043 ut
792 1001 843 1044 te
870 999 1074 1058 partem
1103 991 1412 1046 divitiarum
1440 1007 1659 1046 suarum
1685 991 1903 1046 etliciat.

469 1079 638 1134 Vens.
677 1081 762 1146 14,
799 1081 889 1136 15.
928 1099 946 1131 ι
1007 1080 1288 1148 Quomodo
1337 1097 1467 1153 ergo
1514 1082 1878 1146 invocabunt,
1918 1082 1974 1136 in

394 1187 554 1240 quem
584 1186 691 1226 non
719 1173 1102 1228 crediderunt?
1134 1173 1418 1240 Quomodo
1449 1183 1627 1230 autem
1653 1175 1873 1230 credent
1901 1175 1974 1242 ei,

393 1278 552 1330 quem
600 1280 708 1317 non
741 1264 1079 1319 audierunt?
1115 1265 1400 1331 Quomodo
1443 1280 1571 1320 vero
1602 1265 1822 1320 audient
1855 1265 1974 1320 sine

395 1355 768 1423 prmdicante?
796 1356 1078 1423 Quomodo
1100 1366 1277 1411 autem
1303 1358 1691 1427 praedicabunt,
1720 1357 1826 1411 nisi
1853 1358 1977 1412 mit-

398 1447 616 1499 tantur?
658 1449 796 1500 sicut
827 1449 1087 1518 scriptum
1121 1457 1204 1503 est
1228 1457 1256 1496 γ
1292 1468 1306 1504 :
1353 1449 1525 1515 Quam
1562 1450 1790 1519 speciosi
1814 1450 1975 1518 pedes

398 1536 888 1605 evangelizantium
936 1553 1157 1606 pacem,
1190 1539 1684 1610 evangelizantium
1732 1537 1912 1594 bona?
1949 1558 1968 1590 ι

400 1625 571 1694 Supra
623 1628 778 1693 dixit,
837 1648 856 1681 ι
898 1628 1089 1684 Omnis
1123 1631 1212 1699 qui
1249 1631 1585 1686 invocaverit
1637 1645 1832 1685 nomen
1868 1629 1974 1686 Do—

401 1718 556 1783 mini,
602 1720 788 1774 salvus
823 1721 928 1774 erit
960 1736 975 1774 :
1018 1738 1036 1772 ι
1078 1737 1224 1775 nunc
1258 1719 1474 1776 Judaaos
1504 1722 1683 1791 arguit
1709 1731 1762 1776 et
1794 1737 1978 1791 repre-

399 1809 584 1864 hendit
625 1814 765 1880 quod
817 1829 920 1867 non
976 1813 1373 1869 invocaverint.
1421 1811 1602 1880 Quare
1637 1824 1815 1870 autem
1868 1831 1973 1872 non

2081 618 2243 690 ἔχων,
2267 623 2382 685 τοῖς
2412 622 2867 693 ἐπικαλουμένοις
2889 622 3071 675 αὐτόν·
3100 621 3291 689 ὥσπερ
3318 621 3456 685 εἴτις
3481 623 3661 675 elato:-

2093 711 2152 765 '0
2188 711 2442 782 βασιλεὺς
2465 714 2688 767 πλουτεῖ
2709 716 2790 779 είς
2816 714 3039 786 χρυσίον
3064 714 3158 767 καὶ
3182 712 3470 784 ἀργύριον.
3493 713 3670 768 ’Ὥστε

2082 805 2206 858 ἐπεὶ
2237 805 2468 859 πλοῦτον
2500 806 2612 877 ἔχει
2638 807 2763 870 τοὺς
2793 807 3174 869 πιστεύοντας,
3205 807 3278 875 μὴ
3311 805 3567 876 ἀπογνῷς
3587 804 3672 866 ὡς

2081 898 2443 967 ἀσύγγνωστα
2484 897 2826 969 ἡμαρτηκὼς
2854 914 2868 930 ·
2905 896 3264 968 προσδέξεται
3302 896 3412 966 γάρ
3447 913 3529 961 σε,
3575 896 3670 948 ἵνα

2082 990 2179 1045 καὶ
2210 991 2270 1044 σὲ
2307 991 2474 1062 μέρος
2506 990 2601 1043 τοῦ
2628 989 2832 1043 οἰκείου
2860 988 3093 1043 πλούτου
3126 988 3447 1057 ποιήσηται.

2161 1101 2180 1134 ι
2222 1082 2346 1146 Πῶς
2376 1081 2470 1135 οῦν
2499 1081 2919 1136 ὲπικαλέσονται
2959 1082 3038 1143 εἰς
3064 1081 3123 1134 ὅν
3167 1081 3268 1134 οὐκ
3299 1079 3667 1148 έπίστευσανς

2082 1172 2200 1236 πῶς
2233 1172 2291 1224 δὲ
2326 1172 2712 1226 πιστεύσουσιν
2737 1166 2798 1226 οῦ
2829 1172 2929 1225 οὐκ
2961 1173 3234 1243 ἤκουσαν;
3263 1170 3378 1234 πῶς
3411 1171 3466 1223 δὲ
3496 1172 3671 1225 ἀκού-

2084 1279 2237 1316 σουσι
2275 1264 2446 1334 χωρὶς
2481 1263 2892 1335 κηρύσσοντος;
2929 1263 3048 1326 πῶς
3092 1261 3149 1315 δὲ
3185 1262 3534 1332 κηρύξουσιν,
3569 1262 3668 1315 ἐὰν

2086 1355 2160 1427 μὴ
2199 1356 2580 1420 ἀποσταλῶσι;
2618 1356 2802 1420 καθὼς
2857 1355 3170 1426 γέγραπται
3210 1369 3225 1382 ο
3268 1355 3356 1416 Ὦς
3389 1354 3582 1424 ὡραῖοι
3613 1354 3668 1406 οε

2082 1447 2244 1510 πόδες
2273 1447 2384 1502 τῶν
2415 1447 2923 1516 εὐαγγελιζομένων
2955 1446 3206 1516 εἰρήνην.
3232 1443 3341 1498 τῶν
3376 1443 3669 1511 εὐαγγελι-

2083 1540 2324 1609 ζομένων
2361 1543 2428 1595 τὰ
2463 1541 2672 1608 ἀγαθάί
2707 1559 2726 1593 ι
2775 1535 2942 1592 Εἶπεν
2982 1538 3116 1604 ἀνω,
3169 1538 3251 1590 ὅτι
3288 1537 3441 1600 «Πᾶς
3473 1536 3533 1599 ὃς
3568 1537 3672 1588 ἐὰν

2081 1631 2495 1702 ἐπικαλέσηται,
2519 1629 2846 1701 σωθήσεται·
2879 1648 2897 1681 ι
2921 1627 3220 1698 κατηγορεῖ
3245 1625 3339 1679 νῦν
3352 1624 3538 1678 λοιπὴν
3553 1623 3670 1680 τῶν

2095 1724 2381 1789 Ἰουδαίων,
2432 1724 2508 1786 ὡς
2558 1722 2633 1792 μὴ
2691 1720 3196 1789 ἐπικαλεσαμένων.
3238 1717 3339 1770 Διά
3372 1717 3426 1770 τί
3474 1717 3531 1770 δέ
3565 1716 3672 1770 οὐκ

2083 1813 2528 1879 ὲπεκαλέσαντο;
2565 1812 2711 1865 Διότι
2741 1812 2839 1864 οὐκ
2885 1811 3232 1864 ἐπίστευσαν.
3268 1808 3365 1862 Διά
3401 1809 3452 1860 τί
3481 1807 3536 1860 δὲ
3565 1807 3673 1860 οὐκ

400 1900 823 1957 invocaverunt?
877 1906 982 1975 77
1007 1904 1158 1971 Quia
1218 1922 1322 1961 non
1381 1907 1750 1961 crediderunt.
1803 1907 1979 1975 Quare

2088 1909 2442 1973 ὲπίστευσαν;
2478 1907 2552 1976 μὴ
2597 1905 2732 1958 διότι
2772 1904 2872 1957 οὐκ
2907 1903 3180 1975 ἥκουσαν;
3226 1901 3336 1958 Καὶ
3369 1902 3476 1971 μὴν
3501 1901 3673 1972 ἥκου-

399 2001 580 2044 autem
627 2009 729 2048 non
763 1996 1149 2050 crediderunt?
1183 1995 1322 2050 Num
1364 1996 1488 2051 ideo
1521 1997 1646 2066 quia
1687 2013 1789 2050 non
1830 1996 1984 2050 audi-

401 2095 594 2137 verunt
617 2084 641 2137 ἳ
667 2084 830 2155 Atqui
872 2088 1214 2142 audiverunt.
1252 2087 1390 2144 Hinc
1419 2089 1662 2158 sequitur
1692 2089 1926 2159 objectio
1962 2105 1980 2146 :

401 2176 470 2228 At
497 2178 763 2244 quomodo
793 2179 908 2234 sine
943 2179 1267 2249 prmdicante
1295 2183 1484 2236 audire
1512 2183 1848 2251 potuerunt?
1880 2181 1979 2236 Cui

407 2268 654 2337 protinus
701 2270 956 2338 adjicitur
1001 2271 1240 2328 dilutio:
1290 2273 1455 2343 Atqui
1503 2273 1889 2342 praedicarunt,
1927 2286 1982 2329 ct

403 2359 556 2414 missi
587 2369 713 2415 sunt
746 2361 813 2415 ad
854 2378 948 2418 eos
975 2379 1083 2418 non
1121 2365 1297 2433 pauci.
1351 2366 1413 2419 Et
1457 2365 1599 2420 unde
1634 2367 1979 2436 perspicuum

401 2461 483 2504 est
511 2465 605 2506 eos
625 2467 748 2507 esse
779 2453 897 2508 illos
928 2455 1018 2524 qui
1051 2456 1159 2510 sint
1184 2457 1376 2512 missi?
1399 2457 1478 2510 Ad
1507 2457 1666 2526 hujus
1689 2459 1979 2512 conﬁrma-

401 2541 606 2596 tionem
645 2543 849 2611 profert
879 2562 1012 2600 sane
1048 2549 1365 2618 prophetam
1407 2548 1678 2603 dicentem
1714 2567 1729 2603 :
1760 2568 1777 2600 ι
1809 2547 1979 2614 Quam

401 2636 630 2703 speciosi
658 2638 817 2706 pedes
849 2641 1340 2709 evangelizantium
1370 2655 1580 2707 pacem,
1603 2641 1982 2711 evangelizan-

403 2723 532 2777 tium
559 2725 732 2781 b'onal
771 2745 790 2778 ι
818 2727 958 2782 Nihil
983 2729 1126 2782 enim
1152 2729 1294 2785 aliud
1322 2731 1721 2784 circumeuntes
1749 2729 1978 2798 apostoli

401 2816 782 2881 enuntiarunt,
831 2834 991 2887 quam
1026 2819 1318 2875 inell'abilia
1349 2820 1513 2888 bona,
1569 2821 1769 2891 Deique
1810 2822 1983 2875 homi-

403 2907 561 2963 nibus
616 2912 1081 2967 communicatam
1140 2914 1487 2983 oblatamque
1543 2929 1752 2985 pacem.
1804 2914 1983 2982 Quare

401 3000 547 3068 quod
601 3016 705 3055 non
757 3004 1123 3070 crediderunt,
1166 3005 1321 3076 culpa
1366 3015 1453 3062 est
1508 3021 1694 3062 eorum
1741 3007 1832 3077 qui
1877 3022 1980 3062 non

403 3101 762 3159 susceperunt
796 3095 1171 3163 praedicantes.

485 3180 646 3237 Vens.
675 3185 762 3240 16.
807 3203 825 3238 ι
884 3185 989 3241 Sed
1019 3205 1122 3242 non
1154 3204 1345 3244 omnes
1381 3191 1611 3245 credunt
1643 3192 1930 3260 Evangelio
1963 3211 1979 3248 :

405 3273 573 3329 Isaias
617 3276 764 3330 enim
808 3277 983 3332 dicit:
1042 3279 1290 3346 Domine,
1350 3281 1474 3350 quis
1511 3282 1740 3336 credidit
1783 3284 1984 3337 auditui

406 3366 673 3420 nostro?»
737 3368 874 3434 Quia
932 3371 1164 3436 dixerat,
1212 3373 1653 3442 evangelizantcs
1689 3373 1819 3429 istos
1869 3389 1994 3444 pro-

405 3457 580 3524 pheta:
633 3459 998 3513 testimonium
1051 3460 1255 3516 habere
1285 3465 1426 3530 quod
1460 3478 1489 3515 a
1530 3462 1640 3518 Deo
1687 3474 1893 3532 essent,
1925 3481 1991 3521 ne

404 3550 527 3617 quis
557 3550 740 3606 dicat:
767 3551 920 3619 Quod
949 3554 994 3608 si
1034 3571 1065 3609 a
1107 3556 1215 3609 Deo
1254 3555 1497 3622 fuerunt,
1530 3571 1720 3612 omnes
1750 3557 1855 3612 illis
1893 3558 1994 3612 ob-

405 3646 716 3709 temperare
759 3641 919 3710 plane
967 3643 1255 3712 oportuit:
1291 3644 1507 3710 asserit,
1561 3660 1749 3700 omnes
1805 3660 1992 3700 revera

409 3729 701 3804 Evangelio
757 3751 864 3790 non
888 3749 1007 3791 esse
1068 3737 1478 3804 obsecutos;ex
1512 3753 1577 3794 eo
1622 3749 1796 3793 tamen
1857 3739 1991 3794 nihil

409 3839 637 3892 prorsus
696 3826 1014 3882 labefactari
1073 3827 1245 3899 ipsam
1307 3830 1616 3884 veritatem.
1669 3827 1780 3883 Hoc
1847 3829 1989 3884 enim

408 3917 585 3986 ipsum
639 3916 752 3984 iam
802 3919 930 3973 olim
961 3929 1084 3976 ante
1139 3919 1340 3976 multos
1385 3936 1566 3978 annos
1605 3921 1771 3976 Isaias
1816 3922 1988 3989 dixit,

413 4025 433 4060 ι
473 4007 626 4075 Quis,
654 4010 927 4079 inquiens,
965 4013 1196 4070 credidit
1250 4014 1456 4069 auditui
1527 4013 1751 4068 nostro?
1776 4033 1794 4066 ι
1826 4014 1993 4082 Quis?

409 4114 529 4168 pro,
567 4098 720 4166 Rari,
766 4104 986 4172 ponitur
1032 4105 1134 4160 hoc
1176 4104 1339 4162 loco:
1373 4106 1424 4161 id
1454 4115 1558 4172 est,
1593 4105 1758 4161 Pauci
1811 4106 1991 4162 credi-

409 4193 605 4247 derunt
643 4195 850 4249 auditui
895 4208 1102 4251 nostro.

480 4281 653 4339 Vens.
681 4285 761 4339 t7.
804 4303 822 4336 ι
859 4285 1018 4341 Fides
1063 4288 1249 4358 itaque
1278 4304 1345 4342 ex
1386 4287 1572 4342 auditu
1603 4299 1722 4354 eSl;
1776 4289 1990 4344 auditus

409 4387 590 4433 autem
625 4392 721 4447 per
751 4380 976 4434 verbum
1009 4379 1127 4436 Dei.
1167 4399 1186 4433 ι
1224 4380 1359 4435 Cum
1398 4379 1830 4450 praecedentibus
1876 4381 1988 4435 hzec

410 4469 704 4536 cohaerent,
757 4487 821 4526 ac
877 4473 1049 4528 instar
1094 4473 1458 4528 conclusionis
1511 4474 1790 4542 cujusdam
1848 4487 1986 4544 prae-

412 4563 571 4618 dictis
628 4564 976 4620 adducuntur
1021 4583 1036 4620 :

411 4654 581 4709 aliud.
630 4656 766 4722 Quia
794 4659 938 4711 enim
972 4656 1144 4712 Judaei
1180 4657 1326 4712 nullo
1361 4673 1469 4714 non
1498 4668 1738 4731 tempore
1775 4659 1986 4728 signum

410 4747 744 4812 quaerebant,
834 4764 898 4803 ac
963 4750 1380 4806 resurrectionis
1447 4762 1719 4821 aspectum
1789 4752 1985 4823 ipsum,

411 4838 609 4908 inquit,
643 4861 661 4893 ι
693 4841 853 4897 Fides
881 4851 964 4898 est
1023 4857 1091 4897 ex
1153 4844 1359 4911 auditu,
1399 4863 1418 4898 ι
1449 4854 1610 4915 atque
1662 4846 1801 4899 ultra
1844 4845 1989 4898 hunc

411 4930 653 4984 auditum
694 4948 798 4986 non
864 4942 1079 5004 oportet
1130 4936 1405 5006 inquirere
1459 4937 1756 5008 quidquam
1818 4936 1983 4991 aliud.

413 5021 549 5078 Nam
582 5026 802 5080 auditus
825 5027 940 5082 sive
964 5042 1146 5084 sermo
1177 5047 1282 5085 non
1323 5039 1406 5085 est
1447 5030 1736 5085 verborum
1781 5030 1992 5100 simpli-

412 5113 552 5170 citer
581 5119 878 5185 dictorum,
907 5121 1002 5176 sed
1059 5123 1346 5178 verborum
1382 5123 1501 5177 Dei.
1529 5121 1793 5189 Quocirca
1819 5121 1864 5175 si
1898 5121 1994 5176 ad-

414 5208 662 5263 miranda
718 5214 939 5279 quazris,
989 5214 1232 5283 adeoque
1289 5215 1575 5284 miracula,
1617 5230 1714 5269 ceu
1764 5229 1831 5269 ex
1887 5216 1996 5269 Deo

420 5299 554 5366 sint,
605 5305 767 5358 crede
805 5308 967 5360 etiam
1014 5307 1216 5374 verbis,
1275 5323 1372 5362 ceu
1435 5323 1554 5377 qua:
1584 5322 1613 5360 a
1647 5307 1756 5361 Deo
1819 5303 2001 5376 profe-

415 5399 626 5446 rantur.

495 5477 633 5536 Vens
660 5483 743 5539 18.
787 5501 806 5535 ι
838 5483 944 5541 Sed
997 5485 1120 5541 dico
1152 5501 1166 5540 :
1195 5484 1451 5557 Nunquid
1505 5501 1609 5544 non
1667 5485 1998 5543 audierunt?

557 5609 585 5652 ἓν
611 5601 715 5659 lsa.
751 5620 846 5671 ut,
884 5603 936 5660 7.
1015 5612 1039 5641 ι
1069 5603 1174 5661 lsa.
1215 5620 1331 5675 un,
1369 5605 1420 5662 1.

2087 2019 2208 2058 σαν.
2271 1995 2406 2054 Εἶτα
2437 1999 2751 2066 ἀντίθεσιςῇ
2805 1998 2914 2050 Καὶ
2963 1996 3079 2060 πῶς
3125 1993 3387 2066 ἠδύναντο
3435 1993 3672 2046 ἀκοῦσαι

2085 2094 2254 2164 χωρὶς
2305 2093 2712 2162 κηρύσσοντος;
2751 2083 2886 2142 Εἶτα
2934 2087 3099 2141 πάλιν
3143 2077 3334 2148 λύσις·
3393 2083 3504 2136 Kal
3559 2081 3674 2152 μὴν

2085 2184 2388 2256 ἐκήρυξαν,
2427 2183 2522 2238 καὶ
2553 2181 2942 2252 ἀπεστάλησαν
2973 2181 3052 2243 είς
3075 2179 3274 2242 αὐτοὺς
3316 2175 3524 2230 πολλοί.
3558 2174 3674 2227 Kal

2085 2278 2248 2334 πόθεν
2277 2277 2457 2346 δῆλον,
2485 2277 2568 2328 ὃτι
2595 2267 2741 2328 οῦτοι
2768 2274 2905 2326 εἰσιν
2929 2274 3127 2325 ἐκείνοι
3149 2271 3197 2322 οί
3225 2266 3669 2330 ἀποσταλέντεςς

2083 2372 2217 2424 Τότε
2247 2370 2291 2402 ⁸⁸
2333 2369 2399 2439 δὴ
2429 2367 2619 2422 λοιπὸν
2667 2366 2878 2435 εἰσάγει
2921 2366 3012 2418 τὸν
3067 2363 3357 2433 προφήτην
3404 2360 3669 2428 λέγοντα’

2089 2483 2108 2516 ι
2157 2464 2242 2528 Ὠς
2265 2463 2460 2534 ὡραῖοι
2489 2463 2538 2515 οἱ
2563 2461 2729 2524 πόδες
2755 2459 2865 2513 τῶν
2893 2456 3398 2526 εὐαγγελιζομένων
3422 2453 3670 2524 εἰρήνην,

2083 2557 2192 2612 τῶν
2238 2553 2746 2626 εὐαγγελιζομένων
2781 2553 2852 2606 τὰ
2880 2550 3091 2620 ἀγαθαί
3132 2569 3153 2602 ι
3186 2549 3355 2602 Οὐδὲν
3393 2545 3505 2616 γὰρ
3537 2545 3670 2600 ἄλλο

2085 2649 2383 2722 περιῄεσαν
2422 2649 2472 2700 οἱ
2513 2645 2800 2701 ἀπόστολοι
2832 2644 3104 2712 λέγοντες,
3142 2642 3268 2696 ἀλλ*
3302 2641 3335 2710 ή
3381 2639 3450 2692 τά
3475 2637 3675 2708 ,ἀπόρ-

2085 2746 2224 2814 ῥητα
2249 2741 2453 2810 ἀγαθὰ,
2488 2739 2582 2794 καὶ
2608 2738 2708 2810 τὴν
2737 2736 2829 2792 τοῦ
2855 2736 2990 2791 Θεοῦ
3015 2737 3150 2808 πρὸς
3176 2733 3495 2805 ἀνθρώπους
3515 2748 3673 2800 γενο·

2089 2835 2258 2903 μένην
2296 2831 2540 2903 εἰρήνην.
2582 2830 2746 2884 Ὥστε
2798 2828 2857 2881 τὸ
2918 2827 2993 2899 μὴ
3045 2826 3357 2892 πιστεῦσαι,
3413 2823 3670 2893 ἔγκλημα

2085 2927 2332 2994 ἐκείνων,
2365 2925 2474 2980 τῶν
2507 2923 2583 2997 μή
2612 2919 3081 2994 παραδεξαμένων
3109 2921 3236 2983 τοὺς
3261 2917 3665 2990 κηρύσσοντας.

2165 3209 2184 3244 ι
2233 3189 2374 3244 Ἀλλ’
2419 3190 2479 3244 ού
2535 3190 2738 3256 πάντες
2802 3190 3123 3261 ὑπήκουσαν
3169 3185 3248 3259 τῷ
3319 3181 3663 3253 Εύαγγελίῳ.

2105 3281 2337 3348 Ἡσαΐας
2383 3285 2492 3354 γὰρ
2525 3283 2702 3352 λέγει’
2744 3282 2940 3354 Κύριε,
2976 3281 3062 3345 τίς
3093 3279 3377 3334 ἐπίστευσε
3415 3278 3482 3347 τῇ
3528 3275 3666 3344 ἀκοῇ

2097 3379 2289 3450 ήμῶν;
2327 3397 2344 3430 ι
2418 3377 2636 3448 Ἐπειδὴ
2698 3373 2878 3442 εἶπεν,
2926 3375 3010 3429 ὅτι
3080 3374 3130 3427 οἱ
3191 3368 3668 3439 εὐαγγελιζόμενοι

2095 3469 2246 3541 παρά
2266 3466 2360 3521 τοῦ
2387 3467 2666 3538 προφήτου
2692 3463 3158 3536 ἐμαρτυρήθησαν
3187 3461 3264 3524 ὼς
3289 3459 3470 3513 Θεόθεν
3493 3458 3668 3519 ὄντες·

2095 3558 2183 3612 ῐνα
2219 3559 2291 3629 μή
2321 3575 2404 3621 τις
2443 3558 2604 3629 sing"
2632 3555 2742 3609 Kal
2773 3555 2878 3625 μὴν
2913 3556 2962 3607 εί
2995 3553 3180 3607 οεόθεν
3213 3547 3376 3622 ἦσαν,
3402 3547 3508 3601 ἔδει
3531 3547 3670 3600 πάν-

2094 3667 2191 3712 τας
2221 3649 2401 3702 αὐτῶν
2433 3646 2804 3700 ύπακοῦσαι⁸²
2826 3661 2840 3677 ·
2887 3645 3073 3715 φησιν,
3111 3643 3192 3696 ὄτι
3231 3640 3446 3712 ἀληθῶς
3467 3641 3672 3700 πάντες

2093 3744 2191 3813 οὐχ
2222 3743 2538 3814 ὑπήκουσαν
2565 3739 2642 3810 τῷ
2671 3738 2990 3808 Εύαγγελίῳ
3013 3753 3028 3768 ·
3061 3737 3172 3790 ἀλλ’
3201 3735 3354 3789 οὐδὲν
3383 3735 3445 3786 ἐκ
3481 3731 3670 3787 τούτου

2095 3835 2436 3908 βλάπτεταιή
2461 3831 2688 3902 ἀλήθεια
2707 3845 2722 3863 ο
2749 3830 2881 3886 αὐτὸ
2903 3829 3058 3900 γὰρ⁶⁸
3075 3827 3233 3882 τοῦτο
3271 3826 3500 3888 Ἡσαΐας
3519 3823 3671 3892 λέγει

2093 3929 2200 3999 πρὸ
2225 3925 2434 3980 πολλῶν
2458 3923 2592 3978 ἐτῶν
2616 3940 2632 3957 ο
2671 3943 2690 3977 ι
2725 3923 2822 3986 τίς
2851 3921 3139 3975 ἐπίστευσε
3162 3922 3228 3990 τῇ
3258 3921 3393 3989 ἀκοῇ
3422 3916 3615 3988 ήμῶνς
3646 3934 3667 3968 ι

2091 4021 2166 4074 Τὸ
2191 4019 2321 4091 γὰρ,
2361 4018 2478 4085 Τίςς
2529 4017 2651 4072 ἀντὶ
2687 4016 2805 4083 τοῦ,
2833 4015 3059 4069 Σπάνιοι
3084 4013 3151 4072 ⁸⁸.
3189 4015 3368 4066 κεῖται
3398 4009 3668 4065 ἐνταῦθα’

2091 4114 2387 4178 τουτέστιν,
2412 4112 2618 4180 Ὀλίγοι
2653 4110 2984 4164 ἐπίστευσαν
3006 4110 3070 4180 τῇ
3113 4107 3250 4178 ἀκοῇ
3277 4104 3455 4177 ἡμῶν.

2167 4310 2187 4345 ι
2236 4291 2434 4363 Ἀραή
2470 4289 2656 4353 πίστις
2686 4287 2743 4356 ἐξ
2777 4287 2945 4358 ἀκοῆς
2966 4303 2979 4317 ⁸
3016 4283 3126 4357 ήδὲ
3147 4283 3284 4356 ἀκοὴ
3316 4283 3403 4337 διὰ
3425 4282 3673 4354 ῥήματος

2089 4381 2248 4438 Θεοῦ.
2291 4402 2309 4436 ι
2341 4381 2513 4437 Τοῦτο
2555 4380 2740 4450 ἔχεται
2787 4381 2885 4451 μὲν
2927 4377 3030 4447 τῆς
3071 4377 3179 4430 τῶν
3205 4375 3489 4448 προτέρων
3534 4375 3672 4426 axo—

2089 4473 2331 4539 λουθίας,
2383 4471 2481 4526 καὶ
2532 4470 2722 4542 ὥσπερ
2784 4467 3159 4540 συμπέρασμά
3209 4485 3264 4521 τι
3324 4465 3523 4532 ἐπάγει
3555 4466 3671 4528 τοῖς

1095 4566 1406 4622 subindicat
1481 4577 1662 4623 autem
1735 4567 1983 4638 quiddam

2093 4563 2482 4638 πορῥηθεῖσιν’
2531 4561 2830 4616 αἰνίττεται
2867 4559 2925 4613 δὲ
2966 4557 3062 4612 καί
3105 4577 3158 4612 τι
3206 4557 3415 4629 ἕτερον.
3450 4555 3671 4626 Ἐπειδὴ

2092 4658 2204 4728 γὰρ
2251 4658 2298 4710 oi
2338 4655 2589 4709 Ἰουδαῖοι
2627 4654 2752 4708 καθ’
2801 4653 3033 4709 ἕκαστον
3063 4651 3250 4722 καιρὸν
3293 4651 3499 4722 σημεῖα
3541 4645 3673 4718 ὲζήο

2093 4766 2240 4814 τουν,
2282 4749 2378 4802 καὶ
2399 4748 2498 4819 τὴν
2547 4745 2669 4817 ὄψιν
2700 4745 2872 4817 αὐτὴν
2909 4744 3012 4814 τῆς
3048 4743 3399 4806 ἀναστάσεως
3424 4757 3440 4773 ο
3476 4743 3666 4812 φησιν,

2092 4841 2175 4895 ὅτι
2209 4859 2228 4893 ι
2251 4841 2317 4893 Ἦ
2339 4840 2524 4902 πίστις
2559 4837 2619 4904 ἐξ
2644 4837 2868 4909 ἀκοῆς.)
2901 4836 3013 4891 Kal
3035 4836 3201 4889 πλέον
3221 4836 3265 4868 ⁸⁸
3284 4835 3384 4905 τῆς
3411 4834 3582 4904 ἀκοῆς
3603 4833 3669 4888 οὐ

2093 4932 2193 5003 δεῖ,
2221 4930 2404 5002 ζητεῖν
2447 4929 2634 5000 ἕτερόν
2680 4945 2755 4982 τι.
2811 4926 2886 4981 Ού
2927 4925 3038 4998 γάρ
3069 4925 3205 4995 ἀκοή
3246 4924 3363 4977 ἐστι
3404 4924 3670 4994 ῥημάτων

2095 5023 2283 5087 ἁπλῶς
2337 5021 2666 5093 λεγομένων,
2713 5017 2851 5074 ἀλλά
2886 5018 3150 5089 ῥημάτων
3197 5015 3354 5070 Θεοῦ.
3407 5015 3571 5068 Ὥστε
3620 5015 3670 5067 εἰ

2089 5116 2343 5188 θαύματα
2383 5116 2587 5186 ζητεῖς,
2629 5116 2705 5179 ὡς
2759 5114 2824 5167 ἐκ
2863 5109 3000 5165 Θεοῦ
3038 5109 3187 5176 ὄντα,
3230 5110 3524 5164 πίστευσον
3573 5105 3673 5160 καὶ

2088 5211 2200 5274 τοῖς
2226 5210 2490 5282 ῥήμασιν,
2534 5209 2610 5273 ὡς
2658 5209 2723 5262 ὲκ
2760 5204 2897 5260 Θεοῦ
2923 5204 3259 5276 λεγομένοις.

2175 5499 2193 5534 ι
2237 5479 2400 5538 Ἀλλὰ
2427 5478 2602 5551 λέγω·
2624 5477 2837 5552 Μὴοῦκ
2862 5477 3136 5550 ἧκουσαν;
3159 5470 3439 5541 Μενοῦνγε
3455 5469 3535 5534 εἰς
3566 5471 3676 5523 πᾶ-

1751 5699 1954 5762 Varite
1983 5697 2312 5763 lectiones.

496 5799 540 5833 ⁶¹
565 5803 626 5856 τὸ
655 5802 710 5858 δὲ
763 5819 816 5860 o.
895 5805 938 5838 "
968 5805 1188 5870 πάντως
1251 5803 1432 5862 αὐτῶν
1462 5803 1772 5863 ὑπακοῦσαι
1802 5804 2046 5870 ἅπαντας
2078 5820 2134 5863 ο.
2209 5803 2254 5838 ⁸³
2282 5801 2338 5857 δὲ
2393 5815 2448 5858 0.
2522 5800 2568 5836 “
2602 5798 2849 5870 σπάνιος,
2895 5799 3012 5868 καὶ,
3065 5793 3305 5862 σπανίως
3343 5809 3399 5853 o.
3475 5793 3522 5827 “
3561 5793 3656 5848 τσο

425 5871 564 5946 πλὴν
596 5894 648 5932 υ.
