4038 6580
347 417 456 486 481

1173 422 1584 485 EXPOSITIO
1623 422 1705 484 IN
1745 423 1992 487 EPIST.
2033 425 2134 487 AD
2175 425 2365 486 ROM.
2399 449 2467 462 -
2498 425 2661 490 CAP.
2703 427 2779 490 X.

3495 429 3601 493 482

356 550 460 586 σαν
498 531 596 605 τὴν
641 532 746 603 γῆν
791 531 1012 604 ἐξῆλθεν
1042 531 1070 586 ὁ
1108 533 1347 603 φθόγγος
1377 533 1580 599 αὐτῶν,
1618 534 1713 586 καὶ
1759 534 1841 594 εἰς
1870 533 1941 587 τά

2045 537 2194 606 atqui
2245 537 2296 590 in
2326 551 2543 592 omnem
2581 545 2780 591 terram
2825 535 2992 593 exivit
3035 551 3202 594 sonus
3244 550 3452 605 eorum,
3485 547 3540 595 et
3573 540 3628 594 in

350 624 576 696 πέρατα
598 623 700 694 τῆς
729 623 1054 694 οἰκουμένης
1084 623 1152 678 τὰ
1190 625 1414 694 ῥήματα
1440 625 1640 681 αὑτῶν.
1681 643 1701 676 ι
1731 624 1944 697 Ὠσπερ

346 714 500 777 τινὸς
517 714 764 777 εἰπόντος
782 730 797 744 ·
818 712 928 767 Καὶ
944 713 996 766 τί
1014 713 1151 784 πρὸς
1172 714 1417 780 τούτους,
1438 713 1535 787 [εί]
1557 714 1943 785 ἀπεστάλησαν

349 807 408 858 οἱ
438 804 941 874 εὐαγγελιζόμενοι,
973 801 1120 860 οὑτοι
1142 805 1198 858 δὲ
1229 806 1329 860 οὑκ
1355 806 1596 872 ἥκουσαν
1634 805 1770 870 ὅλως
1793 824 1807 874 ;
1833 824 1943 877 φη-

348 898 464 962 σὶν,
512 898 594 950 ὃτι
633 898 700 950 Ἦ
724 897 1019 967 οἰκουμένη
1055 899 1208 951 πᾶσα
1225 899 1270 930 ⁸⁸
1296 899 1522 968 ἢκουσε,
1557 899 1652 952 καὶ
1679 894 1824 953 οὑτοι
1846 900 1945 954 οὐκ

350 989 624 1061 ἥκουσαν,
671 991 803 1061 παρ’
843 985 925 1053 οἷς
951 989 1206 1044 τοσοῦτον
1234 991 1324 1043 τὸν
1354 992 1548 1061 χρόνον
1575 990 1865 1062 διέτριψαν
1895 993 1944 1046 οί

347 1081 668 1147 ἀπόστολοι,
692 1083 788 1136 καὶ
811 1082 934 1137 ὅθεν
956 1079 1130 1155 ἧσαν;
1156 1082 1266 1138 Καὶ
1291 1083 1409 1147 πῶς
1441 1083 1506 1136 ἂν
1536 1082 1648 1153 ἔχοι
1678 1084 1834 1153 λόγον
1856 1101 1872 1152 ;

434 1279 456 1313 ι
505 1259 669 1314 Ἀλλά
715 1260 890 1330 λέγωο
938 1261 1030 1332 Μὴ
1081 1262 1183 1316 οὑκ
1227 1261 1368 1332 ἔγνω
1419 1263 1668 1335 Ἰσραήλς
1703 1282 1721 1316 ι
1773 1263 1944 1318 Πάλιν

350 1353 522 1424 ἑτέρα
540 1353 808 1416 ἀντίθεσις
826 1370 840 1384 ο
868 1353 930 1407 Et
959 1354 1236 1425 ἐκήρυξαν
1262 1355 1362 1424 μὲν
1389 1357 1437 1408 οί
1456 1356 1769 1422 ἀπόστολοι,
1793 1349 1943 1410 οὗτοι

345 1442 409 1494 δὲ
434 1443 497 1495 οὑ
521 1443 778 1514 συνῆκαν,
810 1441 920 1515 ἆρα
943 1444 1042 1496 οὐκ
1071 1442 1212 1508 ἄξιοι
1271 1445 1630 1515 συγγνώμης;
1671 1439 1808 1499 Εἶτα
1833 1446 1934 1498 ἐπ·

347 1533 479 1603 ἁγει
503 1535 596 1588 καὶ⁵
637 1537 828 1588 τούτου
871 1536 969 1606 τὴν
993 1535 1183 1590 λύσιν.

433 1644 452 1678 ι
489 1625 711 1696 Πρῶτος
753 1628 959 1699 Μωσῆς
999 1627 1170 1697 λέγει’
1197 1625 1340 1696 Ἐγὼ
1372 1626 1762 1699 παραζηλώσω
1795 1626 1942 1697 ὑμᾶς

347 1719 442 1771 ἐπ’
511 1719 610 1772 οὑκ
680 1718 870 1773 ἔθνει·
944 1721 1038 1774 ἐπὶ
1109 1719 1253 1774 ἔθνει
1327 1720 1575 1790 ἀσυνέτῳ
1651 1717 1943 1790 παροργιῶ

347 1811 520 1881 ὑμᾶς.
560 1830 579 1862 ι
615 1810 679 1865 Ei
708 1813 801 1866 καὶ
829 1813 1148 1884 μηδαμόθεν
1191 1812 1440 1879 ἄλλοθεν,
1470 1813 1625 1885 φησὶ,
1670 1811 1772 1866 κᾶν
1812 1811 1944 1882 γοῦν

2048 630 2184 685 lines
2217 628 2364 684 orbis
2409 637 2676 682 terrarum
2708 629 2876 684 verba
2907 643 3094 684 eorum
3125 642 3209 682 ι.»
3249 628 3424 684 Veluti
3476 631 3632 702 quis-

2045 723 2188 792 piam
2219 722 2386 785 dicat,
2414 719 2480 774 Et
2517 721 2646 789 quid
2696 723 2764 774 ad
2804 722 2924 786 hos,
2955 721 2998 776 si
3050 721 3197 777 missi
3273 723 3384 778 sint
3431 724 3631 794 praedi-

2047 822 2232 870 cantes
2266 813 2637 885 Evangelium,
2671 813 2704 867 ii
2733 821 2912 868 autem
2942 815 3164 870 omnino
3190 830 3294 869 non
3325 817 3632 871 audierint?

2046 910 2122 962 ait
2153 925 2168 961 :
2201 905 2496 962 Universus
2535 919 2798 962 terrarum
2850 910 2997 964 orbis
3041 925 3229 965 eorum
3292 912 3629 981 przedicatio-

2047 1014 2168 1054 nem
2201 999 2426 1066 audivit,
2455 1010 2509 1055 et
2553 999 2626 1053 illi
2661 1014 2765 1054 non
2796 1000 3118 1065 audiissenl,
3146 1004 3286 1072 apud
3319 1019 3452 1074 quos
3479 1011 3629 1057 tanto

2045 1097 2178 1143 sunt
2244 1098 2486 1158 tempore
2548 1089 2743 1144 morali
2807 1091 3057 1160 apostoli,
3116 1091 3417 1162 quibusque
3475 1103 3628 1164 erant

2045 1180 2299 1236 oriundi?
2324 1180 2520 1247 Quam,
2548 1196 2752 1251 quaeso,
2786 1181 3049 1236 rationem
3083 1183 3183 1237 hoc
3217 1183 3505 1238 habuerit?

2121 1268 2394 1324 \’t-:ns.l9.
2429 1288 2448 1322 ι
2505 1269 2611 1325 Sed
2663 1269 3109 1341 dicozNunquid
3143 1270 3311 1327 Israel
3363 1290 3469 1329 non
3535 1290 3628 1330 ro-

2046 1359 2269 1430 gnovit?
2295 1379 2314 1414 ι
2337 1363 2454 1417 Alia
2479 1371 2555 1418 est
2584 1363 2816 1432 obiectio
2856 1383 2871 1419 :
2904 1364 2961 1420 Si
2987 1365 3352 1436 praedicarunt
3375 1369 3626 1435 apostoli,

2048 1453 2120 1506 illi
2173 1463 2350 1508 autem
2406 1470 2515 1510 non
2583 1455 2992 1523 intellexerunt,
3040 1460 3279 1526 nunquid
3325 1460 3469 1528 digni
3508 1469 3632 1515 sunt

2049 1543 2200 1596 venia
2219 1541 2429 1615 illnjus
2449 1545 2612 1598 etiam
2649 1545 2966 1602 dilutionem
3006 1548 3264 1603 subtexit.

2123 1743 2143 1778 ι
2185 1725 2402 1780 Primus
2443 1723 2620 1781 Moses
2648 1725 2780 1780 dicit
2808 1741 2822 1777 :
2849 1726 2969 1804 ligo
2994 1725 3058 1780 ad
3105 1724 3502 1779 a'nmlationem
3534 1740 3631 1782 vos

2047 1819 2309 1872 adducam
2339 1818 2395 1872 in
2433 1833 2536 1872 non
2565 1827 2806 1888 gentem,
2841 1819 2893 1873 in
2927 1827 3140 1886 gentem
3173 1818 3538 1887 insipientem,
3575 1818 3628 1872 in

349 1904 421 1954 ἐκ
445 1904 546 1972 τῆς
592 1905 778 1975 τιμῆς,
806 1906 872 1977 ἢν
897 1905 941 1938 π
983 1903 1326 1977 ἐτιμήθησαν
1346 1907 1390 1938 ⁸⁸
1422 1907 1473 1958 οἱ
1513 1904 1575 1969 ἐξ
1601 1904 1797 1970 ἐθνῶν,
1836 1905 1944 1958 ἔδει

2046 1907 2182 1960 iram
2202 1923 2296 1962 vos
2314 1908 2527 1960 mittam
2549 1907 2600 1962 ι).
2631 1926 2651 1960 ι
2671 1907 2728 1961 Si
2744 1921 2850 1962 non
2868 1906 3107 1971 aliunde,
3139 1907 3331 1976 inquit,
3357 1907 3545 1961 saltem
3565 1923 3629 1962 ex

347 1993 556 2057 αὑτοὺς
618 1994 880 2051 συνιέναι.
949 1996 1121 2050 Ὅταν
1188 1996 1298 2067 γὰρ
1339 1996 1542 2067 ,ἒὼρων
1596 1994 1726 2059 τοὺς
1781 1995 1941 2048 εἰδω-

349 2083 622 2154 λολάτρας
667 2084 929 2156 ἐξαίφνης
977 2089 1250 2140 τοσούτων
1312 2086 1648 2152 ἀξιωθέντας
1697 2083 1941 2152 ἀγαθῶν,

347 2174 466 2227 ἔδει
549 2176 749 2240 αὑτοὺς
788 2176 833 2209 ⁶⁹
903 2177 1412 2248 παραζηλώσαντας
1486 2176 1776 2246 ἐννοῆσαι,
1863 2176 1947 2228 ὅτι

350 2265 529 2320 Τοῦτό
598 2268 712 2321 ἐστι
765 2268 827 2322 τὸ
871 2267 1042 2333 ἔθνος,
1081 2269 1210 2341 περὶ
1251 2262 1312 2322 οὗ
1366 2269 1607 2339 Μωῦσῆς
1658 2263 1830 2322 εἶπεν.
1869 2268 1944 2321 Οὑ

345 2360 468 2430 γὰρ
514 2360 675 2431 μόνον
724 2361 786 2415 τὸ
821 2362 1053 2434 μέγεθος
1097 2363 1198 2433 τῆς
1230 2364 1398 2434 τιμῆς
1435 2364 1617 2417 ίκανὸν
1652 2358 1722 2434 ἦν
1753 2363 1951 2426 αὐτοὺς

350 2452 437 2515 εἰς
468 2451 628 2518 ζῆλον
663 2453 946 2524 ἐμϐαλεῖν,
999 2454 1137 2509 ἀλλά
1179 2455 1274 2508 καὶ
1326 2455 1388 2509 τὸ
1425 2454 1596 2519 οὑτως
1639 2456 1874 2519 εὐτελεῖς
1891 2455 1938 2488 ⁷ο

341 2540 498 2599 εἶναι
529 2545 655 2608 τοὺς
687 2547 1040 2618 τιμηθέντας,
1068 2547 1209 2602 ὥστε
1242 2547 1378 2619 μηδὲ
1408 2546 1560 2611 ἔθνος
1596 2546 1936 2618 νομίζεσθαι.

355 2655 382 2690 ‹
439 2638 558 2692 Ἐπ’
603 2639 705 2693 οὑκ
754 2639 899 2694 ἔθνει
937 2641 1069 2712 γὰρ,
1118 2641 1276 2712 φησὶ,
1328 2640 1714 2713 παραζηλώσω
1769 2640 1937 2709 ὑμᾶς,

336 2729 448 2782 ἐπὶ
482 2730 624 2784 ἔθνει
669 2731 938 2804 ἀσυνέτῳ.
966 2752 985 2786 ι
1035 2733 1101 2786 Τί
1142 2734 1251 2804 γὰρ
1297 2733 1568 2806 Ἐλλήνων
1607 2729 1941 2788 ἀσυνετώτε-

351 2837 477 2890 -ρον,
500 2821 685 2887 ξύλοις
715 2825 812 2878 καὶ
838 2824 1007 2889 λίθοις
1029 2825 1509 2897 προσκεχηνὸτων;

2039 1998 2268 2064 honore,
2285 1998 2398 2070 78
2419 2015 2522 2068 quo
2547 2010 2734 2070 gentes
2747 1999 2951 2054 all'eclae
2967 2009 3114 2063 sunt,
3145 2000 3442 2070 intelligere
3467 2000 3630 2056 debe-

2041 2087 2171 2141 bant
2221 2091 2570 2156 praedicatum
2622 2088 2925 2144 Christum.
2973 2089 3108 2144 Cum
3149 2091 3296 2144 enim
3359 2090 3626 2145 idolorum

2042 2179 2276 2234 cultores
2309 2189 2596 2262 cernerent
2628 2181 2765 2234 adeo
2797 2173 3018 2251 repente
3053 2181 3214 2234 tantis
3242 2182 3408 2236 bonis
3461 2197 3626 2236 orna-

2046 2280 2150 2338 tos,
2179 2271 2466 2340 oportebat
2497 2285 2592 2327 eos
2628 2273 2975 2328 aemulatione
3009 2273 3260 2328 incitatos
3303 2273 3625 2346 intelligere,

2043 2361 2186 2418 hanc
2206 2377 2326 2418 esse
2353 2363 2523 2433 ipsam
2548 2373 2762 2432 gentem
2789 2365 2854 2419 de
2881 2379 2982 2434 qua
3008 2367 3188 2420 Moses
3222 2366 3378 2420 verba
3413 2365 3626 2421 fecerit.

2047 2453 2253 2508 Nedum
2294 2455 2437 2508 enim
2496 2455 2811 2523 magnitudo
2857 2455 3079 2510 honoris
3120 2454 3418 2510 suliiciebat
3463 2463 3521 2508 ut
3559 2457 3628 2508 ad

2045 2545 2442 2600 matulalionem
2470 2560 2567 2600 eos
2609 2546 2877 2609 incitaret,
2906 2549 3257 2600 verumetiam
3292 2547 3434 2616 quod
3490 2547 3626 2600 adeo

2045 2637 2182 2692 viles
2228 2652 2434 2693 n0nore
2468 2637 2648 2693 aﬂ‘ecti
2702 2649 2908 2702 essent,
2967 2650 3022 2693 ut
3059 2655 3129 2692 ne
3183 2640 3360 2709 gentis
3406 2640 3623 2708 quidem

2046 2728 2266 2784 nomine
2295 2728 2548 2783 censendi
2572 2737 2779 2784 essent.
2837 2746 2855 2780 ι
2889 2727 3000 2798 Ego
3040 2731 3206 2794 enim,
3239 2748 3258 2780 ι
3294 2729 3488 2796 inquit,
3516 2746 3533 2779 ι
3559 2729 3625 2782 ad

2046 2819 2441 2874 aemulationem
2461 2833 2558 2874 vos
2577 2819 2840 2874 adducam
2867 2821 2920 2874 in
2948 2835 3052 2875 non
3079 2833 3314 2890 gentem,
3344 2823 3394 2875 in
3415 2831 3624 2891 gentem

343 2913 724 2984 insipientem.
760 2935 779 2970 ι
814 2917 955 2985 Quid
991 2919 1137 2974 enim
1187 2917 1392 2975 Graecis
1429 2917 1648 2974 stultius
1687 2925 1743 2973 el
1805 2911 2173 2985 insipientius,
2198 2914 2399 2982 quippe
2429 2913 2521 2984 qui
2595 2928 2625 2966 a
2657 2911 2816 2984 lignis
2855 2923 2910 2968 et
2977 2915 3246 2984 lapidibus
3305 2915 3468 2969 Veluti
3530 2930 3627 2970 ore

345 3013 528 3068 'ltianti
567 3019 866 3085 penderent
886 3014 910 3069 ἲ

433 3125 454 3160 ε
501 3107 726 3172 Ἡσαΐας
764 3107 821 3160 δὲ
844 3107 884 3138 ⁷⁸
914 3105 1200 3178 ἀποτολμᾷ
1231 3105 1326 3160 καὶ
1346 3105 1495 3175 λέγει
1513 3121 1529 3136 ⁶
1557 3101 1804 3178 Εὑρέθην
1821 3104 1933 3164 τοῖς

2109 3098 2274 3153 Vsns.
2295 3095 2388 3153 ΞΟ.
2425 3115 2445 3150 ι
2477 3095 2643 3152 Isaias
2673 3095 2814 3150 enim
2843 3097 3004 3151 audet
3044 3106 3100 3151 et
3161 3099 3292 3152 dicit
3325 3115 3338 3151 :
3371 3097 3626 3152 Inventus

347 3195 461 3266 ἒμὲ
511 3197 586 3267 μὴ
635 3196 914 3268 ζητοῦσιν,
963 3195 1216 3267 ἐμφανὴς
1265 3194 1533 3267 ἐγενόμην
1566 3197 1680 3258 τοῖς
1721 3193 1824 3264 ἐμὲ
1859 3192 1935 3264 μὴ

355 3289 733 3358 ἐπερωτῶσιν.
776 3308 795 3341 ι
850 3289 1035 3343 Εἰπὼν
1075 3290 1104 3342 ὅ
1133 3306 1186 3342 τι
1220 3287 1436 3360 πρῶτος
1473 3287 1718 3358 Μωῦσῆς
1750 3287 1935 3355 λέγει,

353 3381 626 3451 διηγεῖται
655 3382 751 3435 καὶ
787 3384 916 3452 περὶ
945 3381 1030 3435 ὲτέ
1043 3398 1135 3452 ρου
1176 3381 1459 3452 προφήτου
1476 3380 1548 3448 τ’,
1575 3379 1644 3432 τὰ
1683 3378 1824 3432 αὐτὰ
1850 3377 1940 3430 λέεο

353 3490 547 3542 γοντος
576 3475 672 3529 καὶ
727 3475 1055 3546 τρανότερον
1105 3473 1201 3527 καὶ
1246 3471 1598 3542 σαφέστερον.
1649 3489 1668 3522 ι
1704 3469 1934 3533 Ἡσαΐας

353 3567 487 3637 γὰρ,
508 3569 691 3638 φησιν,
731 3569 1038 3640 ἀποτολμᾷ,
1072 3566 1169 3620 καὶ
1202 3565 1373 3634 λέγει·
1405 3583 1424 3616 ι
1450 3564 1748 3630 τουτέστιν,
1782 3563 1936 3617 ἐϐιά-

355 3673 492 3712 σατο
513 3657 728 3730 γυμνὴν
749 3659 923 3712 εἰπεῖν
951 3660 1051 3728 τὴν
1075 3657 1355 3728 ἀληθειαν,
1388 3656 1485 3708 καὶ
1510 3653 1870 3714 κινδυνεῦσαι,
1900 3651 1932 3725 ἢ

351 3748 774 3821 ἀποσιωπῆσαι.
809 3770 829 3804 ι
856 3751 1100 3823 Εὑρέθην
1129 3769 1146 3802 ι
1184 3752 1317 3820 γὰρ,
1341 3748 1494 3818 φησὶ,
1519 3749 1632 3810 τοῖς
1650 3747 1708 3813 ἐξ
1741 3744 1932 3811 ἐθνῶν»

364 3858 384 3893 ι
409 3844 518 3906 τοῖς
540 3844 641 3914 ἐμὲ
663 3844 737 3915 μὴ
756 3843 1002 3914 ζητοῦσι,
1023 3862 1042 3895 ι
1073 3842 1208 3914 μηδέ
1229 3845 1326 3894 ὲπε
1338 3839 1554 3911 ρωτῶσί
1586 3855 1677 3909 με.
1703 3835 1810 3900 Οὑς
1827 3836 1937 3907 γὰρ

356 3935 598 4005 Μωῢσῆς
619 3934 770 4000 ἔθνος
801 3936 1061 3991 ἀσύνετον
1086 3934 1336 4004 ὠνόμασε
1359 3933 1426 4000 ⁷³,
1449 3931 1674 3991 τούτους
1711 3929 1939 3991 Ἡσαΐας

357 4025 434 4096 μὴ
486 4026 822 4097 ζητοῦντας,
885 4027 1021 4099 μηδὲ
1077 4024 1476 4098 ἐπερωτῶντας
1528 4021 1807 4093 ὀνομάζει,
1861 4019 1938 4082 ὡς

355 4117 586 4186 ἀμαθεῖς
620 4119 820 4191 δηλαδὴ
845 4120 940 4173 καὶ
968 4117 1312 4190 μισολόγους.
1347 4115 1495 4169 Ἔδει
1521 4113 1703 4168 τοίνυν
1733 4113 1796 4165 ἐκ
1817 4109 1940 4166 τού-

353 4223 464 4261 των
491 4210 710 4262 πάντων
743 4210 985 4264 συνιέναι
1007 4210 1134 4272 τοὺς
1163 4207 1475 4272 Ἰουδαίους,
1507 4205 1624 4270 πῶς
1652 4203 1807 4258 αὐτοὶ
1837 4205 1937 4276 μὲν

350 4297 709 4371 ἀπώσθησαν,
739 4300 919 4372 ἕτεροι
943 4300 1001 4354 δὲ
1038 4298 1509 4372 προσεδέχθησαν.

2037 3209 2156 3250 sum
2187 3209 2216 3247 a
2245 3207 2353 3246 non
2391 3191 2766 3260 quaerentibus
2794 3204 2900 3252 me,
2937 3189 3115 3260 palam
3148 3193 3370 3261 apparui
3409 3192 3496 3255 iis,
3528 3193 3622 3260 qui

2039 3299 2126 3338 me
2179 3298 2285 3338 non
2344 3281 2776 3349 interrogabant.
2815 3297 2834 3330 ι
2873 3278 3164 3334 Praemisso
3221 3281 3362 3349 quod
3435 3278 3612 3337 Moses

2041 3374 2279 3442 primum
2341 3371 2496 3436 dixit,
2553 3370 2665 3439 jam
2697 3369 2924 3425 alterius
2983 3370 3260 3440 propheta:
3297 3371 3623 3426 mentionem

2036 3467 2169 3522 facit
2188 3509 2203 3535 ,
2229 3468 2319 3538 qui
2351 3469 2537 3522 eadem
2567 3468 2769 3524 clarius
2791 3478 2846 3525 et
2870 3470 3114 3538 apertius
3143 3470 3379 3538 exponit.
3410 3487 3428 3521 ι
3455 3469 3623 3524 Isaias

2037 3558 2208 3624 enim,
2252 3578 2271 3610 ι
2311 3559 2508 3629 inquit,
2543 3578 2563 3612 ι
2604 3559 2768 3616 audet
2805 3570 2860 3615 et
2913 3561 3064 3625 dicit,
3100 3579 3118 3613 ι
3168 3561 3220 3614 id
3281 3570 3363 3614 est
3395 3573 3622 3616 εοιιιιιιις

2039 3657 2128 3705 est
2193 3651 2393 3706 nudam
2464 3651 2646 3706 dicere
2706 3650 3019 3717 veritatem,
3078 3659 3134 3705 et
3198 3651 3442 3721 periculo
3501 3667 3622 3708 sese

2036 3743 2358 3800 submittere
2385 3744 2565 3815 potius
2595 3759 2758 3814 quam
2795 3744 3050 3798 reticere.
3090 3763 3108 3796 ι
3135 3745 3394 3800 Inventus
3427 3760 3568 3813 sum,
3597 3765 3614 3797 ι

2037 3837 2234 3908 inquit,
2270 3853 2298 3891 a
2333 3838 2606 3908 gentibus,
2659 3853 2778 3908 quas
2829 3851 2914 3894 me
2970 3853 3074 3891 non
3144 3837 3511 3908 inquirebant,
3569 3849 3623 3893 et

2037 3945 2157 4001 quae
2188 3929 2257 3985 de
2285 3946 2370 3986 me
2403 3931 2540 3985 nihil
2587 3931 3066 4000 percontabantur.
3101 3930 3246 3997 Quos
3275 3932 3416 3984 enim
3444 3931 3620 3986 Moses

2036 4031 2251 4092 gentem
2287 4036 2393 4076 non
2440 4021 2827 4088 intelligenlem
2867 4020 3105 4086 vocavit,
3160 4021 3258 4075 hos
3300 4019 3466 4075 Isaias
3506 4037 3615 4075 non

2038 4121 2368 4184 quaerentes,
2403 4128 2579 4183 neque
2619 4114 3018 4182 interrogantes
3064 4113 3331 4178 nominat,
3362 4123 3615 4182 tanquam

2041 4207 2202 4262 rudes
2240 4206 2514 4270 videlicet,
2535 4220 2831 4275 osoresqne
2855 4204 3287 4273 disciplinarum.
3315 4206 3614 4273 Oportebat

2038 4299 2222 4368 itaque
2263 4315 2328 4353 ex
2362 4298 2510 4352 hisce
2571 4298 2824 4352 omnibus
2873 4295 3091 4350 Iudaeos
3149 4295 3458 4364 intelligere
3496 4311 3616 4352 sese

2039 4408 2160 4448 esse
2193 4390 2459 4459 repulsos,
2490 4388 2735 4459 aliosque
2783 4399 3048 4458 receptos.

368 4528 371 4529 ,
433 4479 622 4550 «Πρὸς
657 4479 714 4533 δὲ
760 4478 852 4532 τὸν
901 4478 1121 4550 Ἰσραὴλ
1167 4477 1349 4548 λέγει’
1385 4479 1555 4549 Ὅλην
1577 4476 1676 4548 τὴν
1717 4477 1933 4548 ἡμέραν

2111 4456 2274 4538 Vens.
2297 4483 2388 4538 2|.
2427 4456 2450 4535 ι
2488 4482 2567 4536 Ad
2621 4456 2786 4535 Israel
2826 4456 3005 4535 autem
3055 4479 3186 4535 dicit
3213 4479 3240 4520 ἀ
3277 4497 3292 4534 :
3326 4479 3462 4534 Tota
3528 4479 3614 4534 die

351 4570 659 4638 ἐξεπέτασα
708 4572 806 4635 τάς
855 4572 1047 4643 χεῖράς
1094 4589 1197 4642 μου
1242 4573 1378 4643 πρὸς
1431 4572 1558 4626 λαὸν
1607 4568 1935 4624 ἀπειθοῦντα

351 4664 450 4716 καὶ
483 4663 856 4733 ἀντιλέγοντα.
900 4683 920 4717 ι
961 4663 1080 4718 Ἵνα
1127 4665 1202 4736 μὴ
1239 4664 1405 4735 ἔχωσι
1430 4663 1635 4733 λέγειν,
1691 4663 1775 4716 ὅτι
1809 4661 1936 4725 Τοῖς

349 4755 587 4818 ὲθνικοῖς
636 4756 886 4828 εὑρέθης,
934 4757 1069 4826 ⁴ἡμῖν
1114 4755 1172 4808 δὲ
1201 4755 1300 4808 οὑκ
1337 4755 1612 4826 ἠθέλησας
1642 4754 1934 4824 ὁμιλῆσαι*

350 4845 556 4917 φησίνο
598 4864 618 4898 ι
660 4847 832 4918 Ὅλην
863 4845 961 4918 τὴν
992 4846 1231 4920 ἡμέραν,
1276 4863 1294 4898 ι
1333 4848 1606 4912 τουτέστι,
1638 4847 1815 4900 πάντα
1846 4846 1938 4899 τὸν

350 4940 569 5008 χρόνον,
608 4955 628 4989 ι
659 4937 963 5002 ὶξεπέτασα
1010 4940 1109 5002 τὰς
1139 4938 1329 5010 χεῖράς
1361 4955 1486 5010 μου,
1529 4957 1548 4990 ι
1597 4938 1740 4991 ὥστε
1780 4938 1937 5007 ἐφελ-

351 5030 629 5085 κὺσασθαι
665 5031 842 5102 ὑμᾶς’
874 5030 991 5085 ἀλλ’
1037 5031 1196 5102 ὑμεῖς
1247 5030 1487 5099 ἐφάνητε
1530 5029 1659 5093 λαὸς
1701 5028 1935 5100 ἀπειθὴς

351 5126 450 5176 καὶ
483 5124 804 5193 ἀντιλέγων.
870 5121 1172 5194 ’Υμέτερον
1229 5121 1322 5176 οὑν
1379 5121 1440 5175 τὸ
1493 5121 1769 5193 ἔγκλημα,
1836 5123 1936 5175 οὑκ

348 5216 508 5286 ἐμόν.
562 5216 707 5286 Ἐγὼ
734 5218 845 5288 γὰρ
874 5216 1262 5282 ὲξεπετάννυον
1292 5216 1391 5279 τὰς
1419 5215 1630 5286 χεῖρας,
1665 5217 1760 5270 καὶ
1791 5234 1936 5287 παρα

349 5309 615 5362 εκάλουν*
657 5310 773 5363 ἀλλ’
817 5312 916 5380 οὑχ
975 5307 1348 5381 ὑπηκούσατε.
1397 5309 1560 5362 Ὥστε
1609 5309 1790 5379 δῆλον,
1853 5311 1935 5363 ὅτι

348 5399 452 5453 καὶ
483 5401 726 5472 ἧκουσαν
765 5402 814 5454 οί
840 5399 900 5466 ὲξ
931 5399 1172 5472 Ἰσραὴλ,
1210 5401 1306 5453 καὶ
1349 5399 1628 5468 ἔγνωσαν·
1665 5401 1764 5455 οὑκ
1797 5401 1930 5472 nos.

347 5492 529 5561 λησαν
551 5492 608 5546 δὲ
634 5492 960 5547 ὑπακοῦσαι.

2033 4577 2262 4644 expandi
2297 4589 2488 4628 manus
2529 4587 2676 4626 meas
2713 4573 2779 4624 ad
2813 4571 3062 4640 populum
3117 4588 3221 4626 non
3268 4572 3612 4626 obedientem

2034 4679 2087 4726 el
2133 4668 2615 4723 contradicentem.
2649 4684 2668 4717 ι
2698 4663 2776 4718 Ne
2833 4674 3055 4733 possent
3093 4665 3272 4718 dicere
3318 4662 3486 4718 Jutlzei
3520 4680 3535 4718 :
3567 4662 3613 4716 A

2036 4759 2288 4830 gentibus
2339 4757 2556 4826 quidem
2591 4769 2649 4810 es
2700 4756 2975 4818 inventus,
3028 4755 3305 4808 uobiscum
3342 4769 3471 4809 vero
3518 4769 3613 4808 no-

2037 4851 2181 4904 luisti
2249 4848 2482 4912 versari,
2562 4846 2764 4911 subdit,
2835 4865 2852 4898 ι
2907 4844 3039 4900 Tota
3095 4845 3202 4911 die,
3265 4863 3284 4896 ι
3353 4846 3454 4899 hoc
3505 4851 3611 4909 est,

2035 4942 2184 4999 omni
2215 4951 2456 5009 tempore
2481 4956 2502 4990 ι
2541 4939 2772 5007 expandi
2807 4953 3002 4992 manus
3041 4951 3187 4990 meas
3222 4954 3241 4987 ι
3281 4947 3335 4989 ιιι
3369 4933 3600 4987 attrahe-

2036 5050 2150 5090 rem
2184 5047 2281 5088 vos
2314 5049 2329 5089 :
2362 5041 2417 5086 at
2448 5046 2541 5086 vos
2580 5029 2908 5101 apparuistis
2948 5029 3178 5100 p0pulus
3219 5025 3536 5081 inobediens
3557 5032 3612 5077 et

2035 5124 2434 5179 contradicens.
2494 5121 2686 5177 Vestra
2749 5120 2913 5192 igitur
2954 5120 3110 5188 culpa
3165 5125 3270 5181 est,
3309 5129 3413 5168 non
3470 5125 3610 5166 mea.

2037 5217 2148 5287 Ego
2178 5230 2412 5285 namque
2467 5212 2823 5268 extendebant
2868 5225 3062 5265 manus
3102 5223 3271 5272 meas,
3309 5203 3613 5260 etadvoca-

2035 5309 2157 5364 bam
2183 5322 2298 5373 vos,
2327 5315 2383 5360 at
2415 5321 2510 5360 vos
2541 5320 2647 5360 non
2675 5303 2979 5359 obediistis.
3009 5300 3242 5355 Proinde
3266 5293 3608 5351 manifestum

2040 5410 2123 5456 est
2156 5400 2298 5470 quod
2329 5405 2385 5454 et
2419 5397 2742 5452 audiverunt
2796 5393 3075 5461 Israelitze,
3113 5400 3168 5446 et
3219 5395 3607 5459 cognoverunt,

2039 5497 2132 5549 sed
2161 5495 2536 5561 obtemperare
2563 5489 2875 5544 noluerunt.

425 5629 453 5660 ι
487 5615 634 5674 Psal.
670 5633 827 5686 xvm,
856 5618 910 5672 4.
986 5616 1016 5658 δ
1043 5617 1200 5674 Deut.
1250 5633 1402 5685 χχχι,
1451 5617 1543 5673 21.
1621 5627 1643 5658 ε
1676 5615 1782 5684 lsa,
1821 5634 1944 5681 ων,

2086 5617 2113 5658 ἀ
2140 5615 2244 5672 lsa.
2303 5629 2428 5679 ων,
2462 5612 2518 5666 2.

1721 5711 1922 5775 Varite
1949 5710 2285 5776 lectiones.

425 5813 472 5846 “
502 5813 676 5868 ταῦτα
696 5828 752 5886 ι).
888 5815 932 5848 ⁸⁷
968 5814 1237 5886 ἐτίμησαν
1271 5831 1326 5871 o.

366 5885 496 5958 έρου
532 5885 826 5962 προσώπου
861 5901 916 5944 0.
992 5886 1040 5921 ’⁸³
1061 5885 1305 5941 ἐκάλεσε
1334 5901 1388 5941 0.

1431 5816 1477 5849 ⁸⁸
1509 5810 1578 5889 ἧς
1614 5817 1954 5891 ἐτιμήθησαν
1973 5832 2045 5872 tn.

2175 5817 2219 5850 ⁸³
2247 5815 2462 5878 πάντως
2490 5825 2544 5867 o.
2640 5807 2685 5842 7°
2707 5803 2938 5867 ἀτελεῖς.
3037 5803 3083 5836 ἰ
3110 5800 3218 5872 γὰρ
3245 5815 3296 5856 0.
3408 5798 3455 5832 "
3483 5795 3608 5850 δευο
