4038 6586
1354 437 1934 504 THEGPHYLACTI
1977 435 2389 497 BULGARME
2428 424 2794 497 ΑΡιιῙΗῙΕῙ).⁸

1031 559 1260 618 CAPUT
1317 559 1409 615 XI.

2711 550 2964 609 ΚΕΦΑΛ.
3006 551 3107 611 IA'.

521 685 685 738 Vsus.
717 679 828 749 l,2.
878 697 896 730 ι
935 680 1064 733 Dico
1096 677 1302 748 igitur:
1347 671 1598 742 Nunquid
1643 668 1839 741 repulit
1875 665 2016 721 Deus

2195 685 2212 717 ι
2243 666 2400 735 Λέγω
2416 666 2508 720 οὖν
2525 683 2538 696 ο
2565 667 2657 737 Μὴ
2676 665 2937 722 ἀπώσατο
2961 668 2988 720 ὁ
3006 667 3138 731 Θεὸς
3174 666 3266 721 τὸν
3286 665 3416 721 λαὸν
3445 663 3608 719 αὑτοῦ
3639 664 3709 719 ὃν

381 829 399 843 ,
442 775 694 850 populum
726 788 883 829 suum
925 785 1085 842 quem
1126 765 1596 838 praenovit?Absit
1624 764 1637 816 l
1665 761 1799 816 Nam
1831 771 1886 814 et
1917 774 2017 828 ego

2133 760 2405 828 προέγνω,
2447 758 2538 829 Μὴ
2573 761 2817 828 γένοιτοί
2873 759 2983 814 Καὶ
3025 760 3134 830 γὰρ
3178 758 3289 826 ἐγὼ
3355 755 3710 828 Ἰσραηλείτης

445 848 680 924 lsraelita
728 879 846 920 sum
879 877 947 918 ex
985 861 1191 916 semine
1235 856 1552 919 Abrahami,
1578 871 1608 910 e
1656 853 1796 908 tribu
1821 851 2018 920 Benja-

2133 850 2254 918 εἰμὶ,
2281 850 2346 902 ἐκ
2371 851 2686 920 σπέρματος
2733 851 3006 923 Ἀϐραὰμ,
3059 851 3231 920 φυλῆς
3269 848 3551 920 Βενιαμίν.
3584 849 3711 904 Οὑκ

443 961 575 1015 min.
611 955 735 1011 Non‘
758 954 956 1025 repulit
993 952 1136 1007 Deus
1170 950 1424 1021 populum
1473 962 1628 1002 suum
1673 960 1834 1017 quem
1882 959 2020 1012 pra:-

2133 937 2378 992 ὶπώσατο
2415 943 2443 994 ὁ
2487 941 2616 1005 Θεὸς
2647 942 2738 995 τδν
2768 941 2898 996 λαὸν
2939 942 3129 1008 αὑτοῦ,
3165 943 3223 997 ὃν
3251 942 3521 1015 προέγνω.
3557 959 3575 994 ι
3610 941 3714 994 ΕΞ-

442 1052 622 1105 scivit.
662 1068 681 1101 ι
712 1048 846 1116 Quia
879 1045 1002 1102 illos
1038 1042 1294 1114 populum
1329 1039 1722 1096 inobedieutem
1776 1045 2016 1100 vocarat,

2133 1029 2238 1084 πὼν
2279 1030 2474 1096 αὐτοὺς
2525 1031 2653 1086 λαὸν
2695 1033 2919 1104 ἀπειθῆ,
2968 1033 3220 1106 διαπορεῖ
3253 1033 3464 1101 λοιπὸν,
3501 1033 3710 1104 λέγων,

444 1143 653 1199 dubitat
684 1141 938 1207 deinceps
973 1146 1025 1191 et
1059 1134 1226 1190 dicit:
1255 1132 1391 1187 Num
1424 1131 1547 1202 quia
1581 1130 1811 1200 populus
1841 1128 2020 1181 incre-

2133 1124 2201 1176 Ξτι
2225 1119 2370 1192 'Apa
2399 1124 2474 1196 μὴ
2499 1125 2622 1179 ἐπεὶ
2651 1127 2885 1198 ἀπειθὴς
2913 1125 3043 1191 λαδς
3075 1129 3344 1197 ἐγένοντο,
3375 1125 3714 1196 διεψεύσθη-

445 1235 604 1290 d‘ulus
639 1243 693 1288 et
726 1229 1046 1286 inohediens
1103 1225 1279 1281 factus
1323 1233 1428 1290 est,
1453 1232 1739 1291 eapropter
1794 1229 2022 1276 cassataa

2133 1229 2222 1268 σαν
2263 1216 2319 1266 αἱ
2373 1215 2732 1284 ἐπαγγελίαις
2777 1216 2871 1271 καί
2924 1233 3095 1288 φησιν
3133 1235 3152 1269 ι
3195 1217 3289 1286 Μὴ
3342 1215 3588 1286 γένοιτοί
3625 1215 3712 1268 Οὑ

444 1337 572 1384 sunt
601 1319 1366 1397 promissionesH’tespondet
1397 1333 1411 1370 :
1454 1335 1472 1368 ι
1506 1313 1662 1371 Absit
1689 1317 1700 1367 ι
1731 1314 1848 1366 Non
1876 1313 2020 1367 enim

2133 1306 2235 1397 γὰρ
2269 1303 2531 1360 ἀπώσατο
2573 1307 2666 1361 τὸν
2693 1307 2823 1361 λαὸν
2855 1307 3044 1373 αὑτοῦ,
3073 1307 3134 1361 ὃν
3171 1308 3458 1378 προέγνω*
3495 1325 3514 1358 ι
3540 1322 3716 1359 τουτι

444 1396 642 1489 repulit
669 1416 923 1490 populum
949 1428 1107 1470 suum
1137 1425 1297 1486 quem
1331 1414 1694 1479 praenoverat,
1733 1423 1752 1457 ι
1789 1403 1891 1458 Ιιοο
1914 1412 2018 1468 est,

2133 1396 2290 1490 έστιν,
2316 1397 2377 1451 ὃν
2418 1398 2535 1470 ᾔδει
2573 1399 2881 1472 ἐπιτήδειον
2932 1400 3090 1482 6v1:a~
3117 1400 3254 1474 πρὸς
3297 1399 3358 1453 τὸ
3381 1399 3478 1474 τὴν
3519 1397 3714 1454 πίστιν

446 1486 603 1581 quem
669 1486 882 1564 sciebat
945 1505 1199 1560 idoneum
1271 1502 1338 1556 ad
1399 1499 1557 1554 fidem
1634 1494 2018 1564 recipiendam.

2133 1486 2410 1581 ὑέξασθαι.
2441 1507 2460 1541 ι
2493 1491 2602 1544 Καὶ
2627 1492 2736 1562 γὰρ
2769 1491 2880 1560 ἐγὼ
2927 1491 3274 1564 Ἰσραηλίτης
3315 1491 3452 1563 εἰμί.
3479 1511 3499 1544 ι
3542 1486 3710 1557 Εἶτα,

451 1579 476 1654 «ἡ
502 1601 634 1656 Nam
661 1609 712 1656 et
740 1614 840 1670 ego
866 1596 1114 1652 Israelita
1159 1609 1301 1650 sum.
1340 1611 1357 1643 ι
1385 1592 1462 1645 Ac
1494 1604 1561 1644 ne
1616 1587 1690 1641 illi
1739 1586 2020 1656 objiciant,

2133 1579 2210 1632 ίνα
2252 1581 2326 1653 μὴ
2381 1582 2614 1638 εῐπωσιν
2670 1583 2853 1654 αὑτῷ·
2921 1585 2996 1638 Σὺ
3046 1583 3207 1654 μόνος
3259 1583 3389 1646 λαὸς
3442 1579 3532 1649 ei;
3571 1584 3703 1635 ἔπι-

447 1695 598 1748 Tune
628 1691 774 1746 solus
799 1690 909 1760 79
935 1703 993 1742 es
1032 1684 1301 1758 populus?
1321 1681 1488 1740 infert
1546 1680 1772 1750 posthac
1801 1694 1814 1730 :
1854 1695 1872 1728 ι
1904 1675 2022 1730 Non

2133 1672 2286 1740 φέρει
2329 1671 2516 1727 λοιπόν
2539 1676 2583 1706 ⁷⁸
2605 1691 2618 1706 ·
2660 1694 2678 1726 ι
2718 1675 2832 1731 Οὐκ
2861 1674 3122 1730 ἀπώσατο
3151 1676 3244 1728 τὸν
3277 1675 3407 1728 λαὸν
3439 1673 3641 1730 αὐτοῦ’
3683 1694 3708 1728 ο

444 1785 645 1854 repulit
677 1783 933 1852 populum
963 1795 1148 1843 suum,
1188 1795 1207 1830 ι
1238 1791 1336 1846 pro
1367 1790 1432 1830 eo
1463 1773 1604 1842 quod
1655 1779 1758 1837 est,
1791 1767 1928 1823 Sunt
1972 1775 2024 1822 et

2133 1762 2248 1816 ἀντ)⁴
2277 1763 2394 1829 τοῦ,
2426 1766 2537 1819 Καὶ
2567 1765 2748 1838 ἕτεροι
2773 1767 2838 1840 δή
2877 1767 3038 1834 εἰσιν,
3075 1768 3126 1822 οἱ
3156 1767 3447 1838 τρισχίλιοι
3480 1765 3714 1838 δηλαδὴ,

447 1877 540 1931 alii
589 1885 670 1932 ter
711 1874 879 1940 mille,
938 1880 994 1928 et
1055 1869 1344 1940 quinquies
1387 1865 1554 1929 mille,
1582 1863 1692 1918 imo
1732 1859 2022 1932 myriades,

2133 1857 2221 1908 καὶ
2259 1856 2309 1909 οἱ
2346 1858 2808 1928 πεντακισχίλιοι,
2863 1858 2961 1912 καὶ
3007 1859 3064 1914 at
3101 1859 3384 1932 μυριάδες,
3413 1859 3462 1912 οἳ
3503 1859 3567 1913 ἐκ
3609 1857 3716 1912 τοῦ

446 1981 567 2036 qua:
615 1981 680 2021 ex
721 1963 918 2035 populo
957 1960 1333 2026 crediderunt,
1363 1968 1423 2016 ut
1465 1959 1602 2011 Acta
1653 1950 2024 2023 apostolorum

2133 1947 2256 2002 λαοῦ
2293 1948 2648 2018 ἐπίστευσαν,
2677 1949 2755 2032 ώς
2789 1952 2844 2006 αἱ
2876 1950 3112 2026 Πράξεις
3132 1951 3242 2009 τῶν
3265 1951 3583 2006 ἀποστόλων
3608 1951 3719 2023 δη-

445 455 553 520 483
1354 437 1934 504 THEGPHYLACTI
1977 435 2389 497 BULGARME
2428 435 2784 497 ARCHIEP.
3577 435 3692 501 4.3;

447 2060 685 2116 indicant
712 2069 758 2112 ο.

522 2149 688 2208 litans.
749 2147 873 2203 2-4.
909 2165 928 2200 ι
963 2145 1073 2200 Aut
1127 2141 1354 2202 nescitis
1425 2139 1477 2193 in
1543 2136 1656 2193 Elia
1716 2135 1841 2204 quid
1884 2134 2029 2190 dicat

453 2241 772 2313 Scriptura?
808 2241 1076 2311 quomodo
1109 2234 1413 2306 interpellet
1438 2234 1504 2289 a‘d
1539 2232 1704 2286 Deum
1736 2229 2025 2313 adversum

393 2379 398 2381 .
450 2312 632 2400 Israel,
668 2332 877 2396 ;dicens
933 2346 946 2384 :
1003 2327 1248 2390 Domine,
1301 2323 1592 2394 prophetas
1642 2327 1763 2374 tuos
1815 2312 2030 2371 occide-

451 2433 596 2488 runt,
658 2434 713 2480 et
744 2421 935 2476 altaria
989 2428 1079 2475 tua
1140 2414 1502 2478 suffoderunt,
1533 2419 1587 2466 et
1639 2408 1858 2464 relictus
1907 2420 2026 2461 sum

449 2513 618 2576 solus,
665 2521 717 2567 ct
747 2517 997 2580 qurerth
1025 2506 1262 2560 animam
1300 2518 1497 2558 meam.
1529 2499 1634 2554 Sed
1666 2497 1796 2569 quid
1820 2495 1953 2550 dicit
1978 2493 2028 2548 ei

451 2604 694 2659 divinum
722 2614 1042 2672 responsum
1062 2597 1084 2650 ?
1103 2596 1318 2666 Reliqui
1343 2595 1474 2650 mihi
1501 2593 1602 2664 ipsi
1629 2601 1833 2661 septem
1865 2588 2028 2642 millia

453 2695 716 2758 virorum,
762 2693 852 2761 qui
884 2705 992 2745 non
1047 2695 1415 2744 curvaverunt
1456 2699 1630 2756 genua
1662 2695 1786 2738 ante
1814 2681 1961 2735 Baal.
2003 2698 2023 2731 ι

452 2787 530 2844 Ne
580 2785 840 2856 obiiciant
870 2784 943 2848 ei,
977 2780 1116 2848 Quid
1165 2781 1267 2844 ais,
1322 2777 1524 2832 Paule?
1567 2775 1672 2831 Ter
1702 2775 2029 2836 millibusne,

453 2878 537 2934 vel
582 2874 873 2950 quinquies
907 2873 1169 2938 millibus,
1206 2870 1289 2925 vel
1327 2869 1513 2940 paucis
1540 2867 1873 2940 myriadihus
1906 2873 2024 2918 tan-

470 2981 581 3024 tum
625 2967 880 3039 p0pulum
936 2963 1372 3034 comprehendis,
1411 2961 1500 3030 qui
1540 2973 1720 3014 arena:
1758 2957 2032 3026 stellisque

453 3061 840 3132 comparatur?
875 3060 950 3114 ait
994 3056 1140 3130 quod
1185 3057 1253 3112 Et
1303 3055 1355 3110 in
1417 3053 1548 3108 Eliae
1596 3050 1930 3120 temporibus
1965 3047 2032 3102 ad

458 3164 664 3222 septem
698 3151 862 3206 millia
896 3151 1111 3206 redacta
1146 3159 1306 3204 erant
1331 3161 1452 3216 quae
1486 3144 1553 3200 ad
1585 3143 1814 3198 salutem
1859 3140 2031 3210 perti-

2126 2039 2334 2098 λοῦσιν.

2208 2150 2227 2184 ι
2269 2133 2342 2186 Ἣ
2372 2132 2473 2187 οὑκ
2505 2133 2686 2189 οἴδατε
2733 2135 2792 2189 ἐν
2825 2134 2983 2207 Ἠλίᾳ
3031 2135 3085 2189 τί
3115 2133 3263 2204 λέγει
3293 2136 3327 2207 ή
3353 2135 3585 2208 Γραφή;
3630 2133 3718 2199 ὡς

2129 2224 2541 2298 ἐντυγχάνειτῷ
2561 2225 2680 2296 Θεῷ
2704 2225 2847 2280 κατά
2870 2225 2963 2280 τοῦ
3004 2225 3238 2299 Ἰσραὴλ,
3273 2227 3474 2297 λέγων’
3511 2226 3717 2296 Κύριε,

2136 2317 2263 2380 τοὺς
2300 2317 2588 2388 προφήτας
2623 2335 2720 2373 σου
2765 2318 3122 2383 ἀπέκτειναν,
3158 2320 3253 2374 καὶ
3297 2320 3368 2372 τά
3420 2319 3721 2390 θυσιαστή-

2133 2408 2227 2480 ριά
2295 2427 2389 2462 σου
2451 2409 3019 2481 κατέσκαψαν,κάγὼ
3059 2413 3105 2444 ⁷⁸
3157 2412 3491 2484 ὑπελείφθην
3527 2412 3719 2484 μόνος,

2146 2503 2242 2554 καὶ
2284 2500 2511 2573 ζητοῦσι
2551 2504 2652 2573 τὴν
2702 2503 2882 2576 ψυχήν
2933 2521 3059 2576 μου.
3103 2504 3267 2560 Ἀλλὰ
3293 2505 3346 2558 τί
3379 2506 3528 2575 λέγει
3559 2505 3723 2576 αὐτῷ

2129 2594 2159 2646 ό
2223 2594 2642 2667 χρηματισμός;
2713 2596 3024 2651 Κατέλιπον
3107 2596 3330 2668 ἐμαυτῷ
3388 2598 3723 2667 ἑπτακισχι-

2131 2685 2276 2750 λίους
2309 2685 2535 2759 ἄνδρας,
2565 2688 2764 2752 οἵτινες
2789 2688 2891 2743 οὑκ
2935 2687 3191 2760 ἔκαμψαν
3220 2689 3350 2758 γόνυ
3381 2691 3448 2762 τῇ
3484 2688 3647 2741 Βάαλ.
3696 2707 3718 2740 ι

2133 2777 2254 2834 Ἵνα
2288 2779 2364 2852 μὴ
2396 2781 2628 2838 εἴπωσιν
2654 2781 2807 2854 αὑτῷ
2829 2800 2843 2814 ·
2875 2782 2940 2837 Τί
2961 2781 3164 2852 λέγεις.
3193 2776 3240 2837 ὦ
3269 2782 3448 2837 Παῦλε
3467 2800 3482 2851 ;
3504 2799 3724 2854 ‘tptd’XI-

2131 2870 2287 2935 λίοις,
2327 2873 2422 2928 καὶ
2472 2874 2983 2945 πεντακισχιλίοις,
3038 2875 3134 2931 κα)⁸
3187 2877 3448 2947 μυριάσιν
3505 2876 3724 2945 ὀλίγαις

2135 2963 2476 3035 περιορίζεις
2505 2963 2598 3017 τὸν
2626 2966 2881 3018 τοσοῦτον
2905 2966 3053 3032 λαὸν,
3079 2969 3145 3038 τῇ
3177 2967 3349 3038 ἄμμῳ
3373 2969 3468 3022 καὶ
3495 2967 3724 3040 ἄστροις

2135 3057 2650 3128 παρεικαζόμενον;
2693 3060 2884 3129 φησὶν,
2913 3059 2997 3113 ὅτι
3024 3060 3137 3115 Kal.
3165 3060 3222 3116 ἐν
3249 3058 3403 3129 Ἠλίᾳ
3432 3060 3510 3122 εἰς
3546 3059 3727 3110 ἐπτα-

2135 3148 2413 3219 κισχλίους
2451 3148 2494 3180 ⁷⁸
2528 3149 2792 3220 περιέστη
2828 3149 2897 3204 τὰ
2946 3151 3047 3220 τῆς
3076 3149 3354 3222 σωτηρίας
3375 3166 3390 3181 ·
3449 3148 3561 3203 ἀλλ’
3595 3148 3727 3202 οὑδὲ

454 3248 652 3302 uebant
689 3263 703 3300 :
737 3258 923 3301 verum
956 3258 1022 3298 ne
1051 3241 1151 3296 hos
1195 3239 1406 3312 quidem
1450 3237 1595 3293 Elias
1642 3243 1824 3290 norat.
1904 3229 2020 3285 Jam

2133 3239 2352 3302 τούτους
2378 3241 2405 3292 ὁ
2425 3239 2616 3303 Ἠλίας
2638 3241 2928 3311 ἠπίστατο.
2975 3242 3087 3296 Καὶ
3117 3241 3212 3296 νῦν
3235 3243 3291 3295 δὲ
3318 3241 3464 3304 είκδς
3487 3240 3724 3303 πολλοὺς

455 3351 581 3393 vero
616 3331 905 3390 verisimile
937 3341 1019 3391 est
1049 3331 1246 3388 multos
1273 3344 1394 3385 esse
1423 3330 1515 3398 qui
1545 3327 1912 3385 crediderunt.
1952 3324 2030 3376 Ac

452 3430 667 3486 etiamsi
715 3426 977 3499 ignoretis
1005 3441 1124 3493 vos,
1149 3424 1284 3481 nihil
1338 3422 1459 3478 novi
1488 3432 1590 3485 est,
1619 3434 1740 3475 cum
1771 3429 1827 3472 et
1853 3415 2032 3472 Helias

457 3520 576 3576 illos
624 3519 898 3592 quondam
957 3515 1312 3586 ignoraverit.
1367 3512 1686 3570 Clanculum
1735 3519 1920 3565 autem
1967 3509 2034 3563 de

453 3613 561 3668 alio
604 3620 922 3683 argmnento
996 3610 1160 3663 verba
1198 3608 1430 3676 faciens,
1478 3614 1744 3660 monsuat
1792 3603 2032 3672 ipsorum

454 3705 802 3761 homicidium
828 3702 940 3772 jam
976 3701 1107 3756 olim
1144 3715 1173 3754 a
1202 3699 1466 3768 principio
1503 3697 1568 3751 de
1602 3695 1732 3765 ipsis
1761 3691 2034 3765 praedica-

454 3807 587 3850 tum.
625 3793 704 3849 Ne
729 3797 873 3848 enim
917 3792 1124 3858 dicant,
1150 3789 1434 3860 Tanquam
1487 3789 1834 3858 impostorem
1877 3787 2034 3844 Chri-

451 3895 594 3940 stum
633 3885 950 3948 occidimus,
998 3881 1284 3950 Quomodo
1333 3881 1518 3949 igitur,
1571 3880 1766 3950 inquit,
1820 3888 2034 3936 veteres

455 3977 766 4048 prophetas,
823 3984 1007 4046 patres
1056 3984 1112 4027 et
1163 3971 1396 4041 majores
1457 3973 1623 4026 vestri
1673 3970 2036 4027 occiderunt?

452 4069 590 4125 Num
637 4078 690 4122 et
720 4067 795 4121 illi
845 4067 1174 4136 impostores
1224 4063 1420 4117 erant?
1473 4061 1576 4118 Sed
1628 4063 1838 4120 molesti
1882 4071 2039 4120 erant

452 4163 520 4218 ob
557 4161 776 4214 nmltam
812 4159 1142 4212 libertatem.
1199 4154 1482 4228 Quomodo
1517 4166 1696 4210 autem
1733 4172 1858 4212 aras
1892 4158 2037 4226 ipsas

452 4251 786 4305 suffoderunt
808 4248 831 4301 Ἰ
855 4246 991 4300 Νυιη
1021 4256 1073 4300 et
1106 4246 1214 4299 illa:
1248 4244 1577 4298 immodeste
1617 4259 1676 4298 sc
1714 4243 2036 4313 gesserunt?

452 4345 554 4410 Qui
597 4356 724 4396 vero
787 4339 962 4393 Eliam
1015 4338 1213 4408 ipsum,
1291 4337 1381 4406 qui
1431 4351 1528 4406 pro
1577 4336 1813 4404 ipsorum
1863 4336 2037 4391 salute

449 4435 567 4492 zelo
603 4436 851 4498 ardebat,
881 4432 973 4502 qui
1007 4429 1286 4488 miraculis
1335 4430 1687 4500 tniriftcisque
1718 4428 1888 4498 signis
1917 4429 2034 4488 cla-

454 4531 624 4592 rehat,
661 4525 912 4582 occidere
951 4525 1268 4592 qurerebant
1293 4524 1314 4576 ?
1337 4522 1518 4589 Quare
1554 4538 1674 4578 cum
1712 4533 1838 4578 tunc
1896 4533 2032 4579 tem-

452 4622 617 4691 poris,
666 4637 787 4674 cum
845 4627 922 4672 tot
970 4615 1220 4672 scelerati
1265 4617 1514 4670 homines
1568 4625 1771 4684 essent,
1822 4627 2029 4687 septem

453 4717 713 4768 duntaxat
755 4711 920 4765 millia
955 4709 1180 4777 elegerit
1217 4709 1317 4762 sibi
1348 4709 1460 4778 ipse
1494 4707 1774 4774 Dominus,
1810 4717 1868 4762 ut
1905 4723 2028 4763 ora-

450 4805 628 4858 culum
661 4804 814 4867 dicit,
849 4804 951 4857 hoc
978 4812 1080 4866 est,
1116 4801 1327 4857 Domini
1357 4801 1749 4856 demonstratio
1779 4811 1834 4856 et
1865 4801 2034 4856 collo-

451 4898 638 4968 quium
673 4914 686 4950 :
722 4894 856 4949 nihil
901 4895 1024 4948 novi
1061 4903 1161 4958 est,
1194 4893 1240 4948 si
1270 4894 1566 4948 etiamnmu
1604 4893 1796 4963 dignos
1823 4903 2028 4948 tantum

448 4990 646 5060 seligat
672 5008 686 5043 :
721 4987 864 5057 quod
896 4996 952 5040 et
981 5002 1076 5056 per
1106 4986 1492 5056 subsequentia
1528 4985 1788 5042 declarat.

527 5081 687 5140 Vana.
721 5079 774 5133 5.
811 5097 830 5136 ι
871 5078 962 5133 Sic
993 5077 1157 5149 igitur
1207 5087 1260 5132 et
1318 5079 1420 5133 hoc
1483 5088 1744 5149 tempore,
1795 5078 2035 5148 reliquiae

450 5173 749 5231 secundum
800 5171 1119 5228 electionem
1186 5171 1374 5240 gratia:
1414 5171 1571 5227 facta:
1627 5181 1774 5226 sunt.
1805 5191 1824 5224 ι
1858 5172 2032 5227 Etiam

2134 3325 2278 3384 εἶναι
2311 3332 2434 3394 τοὺς
2468 3331 2931 3392 πεπιστευκότας.
2961 3331 3026 3384 El.
3060 3330 3115 3382 δὲ
3148 3330 3243 3383 καὶ
3268 3331 3514 3398 ἀγνοεῖτε
3536 3328 3724 3398 ὑμεῖς,

2133 3421 2288 3476 οὐδὲν
2331 3420 2538 3487 καινὸν,
2589 3423 2724 3476 ὅπου
2761 3439 2825 3491 γε
2859 3423 3112 3486 κάκεῖνος
3170 3421 3297 3485 τοὺς
3329 3420 3451 3474 τότε
3510 3419 3721 3488 ἠγνόει.

2135 3513 2462 3582 Λεληϐότως
2500 3513 2558 3566 δὲ
2593 3514 2651 3568 ἐν
2681 3513 2760 3585 τῷ
2805 3513 2936 3586 περὶ
2964 3511 3134 3583 ἄλλης
3172 3510 3486 3574 ὑποθέσεως
3511 3508 3720 3578 λέγειν,

2135 3604 2382 3660 δείκνυσι
2413 3605 2515 3678 τὴν
2544 3605 2867 3675 μιαιφονίαν
2899 3605 3080 3659 αὐτῶν
3109 3603 3317 3658 ἄνωθεν
3352 3603 3450 3657 καὶ
3481 3599 3725 3672 ἐξαρχῆς

2134 3699 2575 3769 κηρυττομένην.
2615 3700 2735 3752 Ἵνα
2767 3697 2877 3770 γὰρ
2910 3699 2988 3770 μὴ
3027 3698 3286 3768 λέγωσιν,
3327 3697 3412 3750 ὅτι
3453 3694 3543 3760 Ὧς
3575 3693 3723 3747 quae.

2134 3808 2224 3845 νον
2259 3791 2547 3858 ἀνείλομεν
2594 3791 2686 3847 τὸν
2735 3791 2997 3862 Χριστὸν,
3045 3791 3170 3855 Πῶς
3221 3789 3337 3855 οὖν,
3394 3789 3547 3862 φησὶ,
3589 3788 3725 3851 τοὺς

2134 3882 2404 3947 παλαιοὺς
2434 3882 2724 3955 προφήτας
2759 3884 2809 3935 οἱ
2865 3881 3104 3953 πατέρες
3134 3882 3345 3935 ἀνεῖλον
3400 3880 3590 3951 ὐμῶν;
3640 3879 3725 3951 μὴ

2135 3970 2379 4025 κάκεῖνοι
2410 3971 2641 4037 πλάνοι,
2679 3969 2820 4024 Ἀλλ’
2857 3970 3095 4026 ἐλὺπουν
3127 3969 3219 4024 διὰ
3247 3973 3346 4043 τῆς
3377 3969 3718 4042 παρρησίας.

2135 4063 2261 4127 Πῶς
2301 4059 2396 4119 οὖν
2441 4063 2511 4117 τά
2544 4063 2910 4136 θυσιαστήρια
2960 4058 3349 4132 κατέσκαψαν;
3409 4064 3482 4133 μὴ
3527 4062 3719 4114 ἐκεῖνα

2135 4155 2598 4227 ἀπηναιδεύοντο;
2631 4155 2756 4220 Πῶς
2795 4155 2854 4209 δὲ
2885 4155 3052 4211 αὑτὸν
3094 4155 3185 4209 τὸν
3213 4153 3404 4208 Ἠλίαν
3434 4153 3524 4206 τὸν
3569 4153 3716 4222 ὑπὲρ

2135 4248 2316 4302 αὐτῶν
2355 4247 2700 4319 ζηλώσαντα,
2752 4248 2844 4302 τὸν
2891 4247 3342 4320 Θαυματουργὸν,
3392 4245 3619 4317 ἐζήτουν
3662 4243 3716 4276 ’⁷

2134 4342 2496 4409 ἀποκτεῖναι;
2531 4342 2697 4395 Ὥστε
2755 4341 2881 4394 ἐπεὶ
2922 4342 3044 4394 τότε
3091 4340 3366 4393 τοσούτων
3402 4338 3570 4393 ὄντων
3603 4335 3719 4390 τῶν

2135 4431 2392 4504 πονηρῶν
2430 4430 2758 4504 ἀνθρώπων,
2792 4432 3239 4502 ἑπτακισχιλίους
3269 4431 3465 4502 μόνους
3497 4427 3722 4498 ὑπεξεί-

2134 4522 2257 4577 λετο
2296 4521 2476 4594 ἐαυτῷ
2520 4524 2748 4596 Κύριος,
2781 4523 2856 4586 ὡς
2885 4526 2912 4577 ὁ
2940 4522 3325 4594 χρηματισμὸς
3357 4520 3528 4590 λέγει,
3556 4537 3721 4573 τουτ-

2133 4618 2304 4683 έστιν,
2363 4616 2529 4688 ὴτοῦ
2589 4614 2722 4670 Θεοῦ
2785 4615 3082 4686 ἐμφάνεια,
3140 4614 3234 4667 καὶ
3287 4611 3511 4684 ὁμιλίαο
3557 4610 3720 4668 οὐδὲν

2129 4709 2338 4776 καινὸν,
2371 4709 2420 4762 εί
2458 4710 2554 4766 καὶ
2595 4709 2690 4763 νῦν
2732 4709 2859 4773 τοὺς
2893 4707 3078 4771 ἀξίους
3106 4705 3303 4778 μόνους
3337 4704 3622 4772 ἐκλέγεται
3643 4720 3657 4734 ·
3686 4703 3720 4758 ὃ

2131 4806 2227 4860 καὶ
2260 4805 2350 4859 διὰ
2375 4804 2484 4859 τῶν
2518 4802 2645 4875 ἑξῆς
2673 4803 2843 4874 δηλοῖ.

2215 5096 2233 5128 ι
2270 5075 2459 5140 Οὕτως
2489 5072 2583 5132 οὖν
2632 5077 2729 5134 καὶ
2763 5077 2822 5131 ἐν
2859 5075 2937 5148 τῷ
2975 5075 3071 5132 νῦν
3097 5075 3300 5147 καιρῷ,
3343 5074 3552 5147 λεῖμμα
3592 5076 3720 5128 κατ’

2131 5169 2360 5240 ἐκλογὴν
2393 5170 2620 5243 χάριτος
2652 5170 2872 5239 γέγονε.
2921 5187 2939 5220 ι
2978 5170 3088 5225 Καὶ
3121 5169 3238 5232 νῦν,
3284 5168 3442 5239 φησι,
3481 5169 3714 5240 λεῖμμα,

451 5277 614 5326 nunc,
634 5260 832 5328 inquit,
850 5260 1111 5330 reliquum
1132 5261 1442 5331 est,hoc;est
1461 5261 1872 5332 γειῑᾳιιὶαξίιιοιιιι
1884 5273 2031 5318 sunt.

2133 5264 2403 5328 τουτέστι,
2473 5263 2848 5333 κατάλειμμα.
2899 5261 3114 5333 Ὥσπερ
3174 5260 3282 5332 γὰρ
3340 5259 3448 5313 τῶν
3497 5261 3719 5331 ἀχύρων

450 5355 917 5424 Quemadmodum
952 5353 1093 5408 enim
1129 5353 1297 5422 paleis
1352 5355 1674 5428 repurgatis,
1709 5356 1853 5427 quod
1910 5358 2036 5412 reli-

449 5462 615 5516 quntn
648 5453 731 5499 est
759 5444 1088 5500 frumentum
1120 5454 1205 5501 est
1237 5468 1250 5504 ;
1277 5445 1416 5503 hanc
1443 5450 1511 5502 ad
1541 5451 1811 5504 rationem
1837 5465 2032 5521 pravos

458 5539 753 5607 reprobans
792 5538 959 5605 Deus,
1020 5536 1278 5607 relinquit
1354 5539 1564 5610 sibiipsi
1621 5542 1832 5612 dignos.
1899 5544 2032 5598 Cum

526 5709 551 5739 θ
582 5701 701 5756 Act.
728 5717 788 5766 tl,
818 5702 905 5757 24.
989 5705 1008 5744 ί
1033 5705 1120 5761 Ill.
1148 5705 1278 5776 Reg.
1312 5724 1463 5774 XXXI,
1512 5709 1598 5764 18.

2129 5356 2657 5427 ἀποκαθαρθέντων,
2706 5355 3066 5428 κατάλειμμά
3117 5357 3266 5408 ἐστιν
3294 5357 3320 5408 ὁ
3352 5358 3531 5418 σίτο;’
3573 5354 3720 5409 οὕτω

2133 5455 2264 5515 τοὺς
2303 5452 2580 5520 πονηροὺς
2613 5449 3041 5519 ἀποδοκιμάζων
3069 5449 3097 5503 ὁ
3123 5447 3276 5514 Θεὸς,
3311 5450 3718 5519 καταλιμπάνει

2132 5545 2311 5614 ἑαυτῷ
2345 5543 2472 5608 τοὺς
2500 5542 2706 5612 ἀξίους.
2739 5543 2830 5596 Ἐν
2869 5542 2969 5614 μέν
3000 5539 3092 5596 οὖν
3139 5540 3220 5613 τῷ
3269 5520 3467 5610 εἰπεῖν,
3521 5559 3540 5592 ι
3579 5541 3719 5595 Κατ’

1809 5805 2011 5867 Varia:
2045 5806 2376 5870 lectiones.

518 5892 566 5926 ⁷⁵
598 5894 759 5950 πάλιν
793 5910 866 5951 m.
940 5897 985 5932 ⁷⁸
1024 5900 1119 5953 καὶ
1148 5917 1200 5956 ο.
1277 5901 1321 5934 ⁷⁸
1356 5903 1738 5975 ἑπτακισχίλια
1763 5924 1814 5964 0.
1897 5909 1940 5941 ⁷⁷
1993 5907 2175 5978 ἐζήτει
2221 5924 2275 5965 0.
