4038 6594
316 430 440 497 485

1164 428 1578 496 EXPOSITIO
1618 428 1699 492 IN
1736 428 1983 495 EPIST.
2019 429 2121 492 AD
2150 430 2338 495 ROM.
2375 457 2446 469 -·
2478 432 2639 495 CAP.
2671 434 2749 495 Χ.

3485 434 3595 501 436

314 550 586 625 ἐκλογὴν,
622 566 657 602 »ν
698 546 872 616 ἔδειξε
925 545 1028 619 τὴν
1087 547 1316 605 ἐκείνων
1346 547 1620 617 σπουδήνο
1663 546 1773 604 ἀπὸ
1816 546 1957 618 γὰρ,

2043 548 2199 616 gitur
2249 548 2348 616 ait,
2384 566 2403 602 ι
2436 546 2745 606 Secundum
2804 546 3152 618 eiectionem,
3186 566 3206 603 ι
3240 548 3455 606 illorum
3489 559 3608 607 stu-

321 642 573 714 σπουδῆς
595 641 850 712 ἐγένοντο
875 638 1018 706 ἄξιοι
1043 638 1139 697 τοῦ
1164 639 1497 711 ,ἐπιλεγῆναι
1517 656 1531 671 ·
1549 636 1630 710 τῷ
1644 638 1703 693 δὲ
1718 639 1920 703 εἰπεῖν,

327 756 349 789 ι
392 736 651 806 Χάριτος,
687 753 707 788 ι
743 734 914 802 ἔδειξε
936 734 1033 787 τοῦ
1056 732 1196 788 Θεοῦ
1220 732 1328 803 τὴν
1353 732 1589 803 δωρεάν.

414 937 434 969 ι
469 917 532 972 Ei
560 915 619 971 δὲ
651 915 861 987 χάριτι,
908 915 1098 975 οὐκέτι
1148 913 1212 979 ἐξ
1254 914 1471 984 ἔργων’
1506 914 1631 972 ἐπεὶ
1678 914 1715 984 ἡ
1760 911 1923 985 χάρις

325 1011 521 1067 οὐκέτι
535 1009 749 1081 γίνεται
770 1008 954 1079 χάρις.
976 1027 996 1068 ι
1025 1008 1123 1066 Ἐκ
1149 1006 1471 1079 περιουσίαις
1483 1005 1924 1075 ἀναπολογήτους

324 1101 579 1158 δείκνυσι
606 1102 738 1164 τοὺς
777 1101 1200 1168 ἀπιστήσαντες
1232 1098 1296 1165 ἐξ
1346 1098 1644 1168 Ἐϐραίων.
1682 1099 1772 1154 Οὐ
1814 1097 1924 1169 γὰρ

330 1191 494 1262 ἔχετε
526 1193 728 1259 εἰπεῖν,
764 1192 955 1263 φησιν,
990 1192 1071 1252 ὃτι
1100 1192 1238 1262 ἔργα
1287 1190 1383 1251 καὶ
1426 1190 1627 1254 πόνους
1650 1193 1871 1249 ἀπαιτεί
1897 1192 1926 1244 ὁ

326 1282 496 1351 Θεὸς,
524 1282 668 1345 ἀλλὰ
688 1281 754 1339 τὸ
797 1285 907 1341 πᾶν
947 1281 1171 1353 χάριτός
1194 1282 1338 1341 ἐστι.
1372 1280 1479 1341 Διὰ
1502 1280 1555 1334 τί
1587 1276 1682 1337 οὖν
1711 1282 1772 1341 οὐ
1801 1278 1925 1351 βού-

328 1376 501 1431 λεσθε
523 1376 791 1451 σωθῆναι.
826 1375 1001 1439 οὕτως
1034 1375 1243 1435 ἀφώνου
1274 1374 1637 1445 προκειμένου
1662 1372 1756 1427 τοῦ
1785 1376 1925 1440 ἁγα-

332 1469 475 1535 θοῦ;
504 1470 675 1531 Ὥστε
709 1469 758 1529 οἱ
787 1467 1143 1539 βουληθέντες
1174 1465 1465 1537 ἐσώθησαν
1489 1481 1503 1496 ·
1550 1464 1600 1518 οἳ
1651 1464 1747 1519 καὶ
1794 1463 1925 1528 λαδς

328 1561 475 1619 Θεοῦ
504 1561 665 1621 εἰσιν.
694 1560 811 1621 Οὐκ
841 1561 948 1629 ἄρα
964 1559 1228 1613 ἀπώσατο
1248 1560 1280 1615 ὁ
1311 1556 1445 1620 Θεὸς
1468 1555 1559 1610 τὸν
1577 1554 1706 1611 λαὸν
1732 1552 1923 1622 αὐτοῦ,

330 1652 434 1707 τὸν
454 1651 609 1719 ἄξιον
640 1651 938 1722 σωτηρίας.

417 1845 436 1879 ι
474 1826 538 1882 Ei
566 1826 624 1881 δὲ
644 1824 704 1893 ἐξ
729 1825 928 1897 ἔργων,
946 1825 1132 1885 οὐκέτι
1162 1827 1282 1881 ἐστὶ
1304 1825 1468 1898 χάρις
1487 1842 1499 1855 °
1525 1807 1649 1880 ἐπεὶ
1675 1824 1919 1897 τὸέργον

2027 640 2183 696 dium‘
2223 651 2279 698 et
2328 650 2589 699 conatum
2650 640 2932 696 indicavit.
2962 639 3008 695 Α
3056 651 3255 696 conatu
3298 642 3443 696 enim
3508 653 3610 697 suo

2026 732 2175 802 digni
2205 741 2336 786 sunt
2381 731 2514 787 {acti
2569 742 2631 787 ut
2667 733 3020 803 eligerentur.
3050 732 3191 789 Cum
3234 743 3416 790 autem
3449 735 3608 800 dixit,

2033 839 2053 874 ι
2088 819 2311 885 Gratim,
2346 839 2369 876 ι
2405 819 2501 876 Dei
2536 820 2734 877 donum
2762 823 3234 879 commonstravit.

2095 911 2263 969 Vens.
2282 912 2336 968 6.
2371 931 2391 964 ι
2427 912 2483 969 Si
2514 924 2693 969 autem
2713 928 2807 982 per
2827 914 3080 985 gratiam,
3110 929 3218 968 non
3245 914 3357 984 jam
3384 929 3452 969 ex
3482 928 3614 983 ope-

2026 1007 2209 1062 ribus:
2240 1006 2442 1077 alioqui
2468 1008 2646 1077 gratia
2673 1021 2779 1062 non
2808 1007 2916 1061 erit
2939 1008 3136 1076 gratia.
3157 1024 3183 1065 a
3210 1005 3284 1059 Ex
3308 1004 3611 1060 abundanti

2000 1113 2121 1153 'eos
2155 1098 2247 1169 qui
2280 1112 2345 1153 ex
2385 1096 2627 1152 Hebraeis
2657 1111 2762 1152 non
2790 1096 3164 1161 crediderunt,
3211 1094 3612 1151 inexcusabiles

2027 1205 2150 1246 esse
2180 1189 2439 1246 declarat.
2467 1188 2586 1249 Non
2626 1191 2771 1244 enim
2801 1196 2886 1245 est
2914 1188 3054 1258 quod
3085 1188 3302 1253 dicatis,
3357 1202 3519 1259 opera
3555 1196 3612 1243 et

2028 1281 2244 1337 labores
2275 1296 2306 1336 ο
2349 1283 2504 1337 vobis
2530 1295 2829 1351 exposcere
2857 1279 3051 1344 Deum,
3085 1295 3270 1335 verum
3309 1287 3483 1334 totum
3527 1288 3611 1335 est

2032 1374 2246 1444 gratiae.
2284 1372 2395 1429 Cur
2430 1375 2597 1445 igitur
2630 1389 2733 1428 non
2783 1373 2947 1428 vultis
2981 1372 3213 1434 servari,
3242 1386 3372 1427 cum
3410 1372 3611 1427 bonum

2028 1475 2238 1522 tantum
2274 1467 2394 1522 sine
2437 1466 2624 1522 labore
2653 1465 2809 1521 vobis
2840 1474 3176 1536 proponatur
3200 1464 3224 1518 ἲ
3248 1463 3490 1520 Proinde
3522 1465 3613 1533 qui

2028 1560 2343 1625 voluerunt,
2392 1559 2505 1630 80
2535 1559 2736 1613 servati
2803 1568 2950 1626 sunt,
2981 1559 3073 1628 qui
3132 1570 3189 1613 et
3242 1557 3473 1628 pepulus
3520 1555 3614 1612 Dei

2028 1659 2177 1708 sunt.
2218 1649 2336 1707 Non
2362 1652 2547 1733 igitur
2578 1650 2719 1707 Deus
2760 1650 2958 1722 repulit
2996 1650 3258 1727 populum
3315 1664 3474 1705 suum
3525 1665 3617 1705 sa-

2031 1743 2142 1798 lute
2171 1743 2418 1816 dignum.

2109 1850 2129 1885 ι
2166 1831 2264 1889 Siti
2297 1831 2675 1903 enoperibus,
2700 1830 2812 1901 iam
2846 1846 2951 1886 non
2975 1839 3059 1887 est
3089 1831 3286 1902 gratia,
3315 1844 3441 1887 cum
3473 1843 3613 1900 opus

338 1919 533 1975 οὐκέτι
550 1920 701 1974 ἐστὶν
720 1919 904 1992 ἔργον.
926 1939 945 1972 ι
985 1918 1111 1977 Ἐὰν
1137 1918 1196 1987 ἐξ
1219 1918 1396 1990 ἔργων
1424 1917 1827 1990 εὐαρεστῶμεν,
1849 1920 1934 1972 οὺ-

2043 1942 2152 1982 non
2190 1927 2258 1982 sit
2288 1900 2450 1997 porro
2484 1940 2642 1996 opus.
2684 1900 2709 1976 id
2728 1923 2783 1979 Si
2808 1938 2908 1995 per
2943 1900 3114 1992 opera
3142 1923 3454 1995 placeamus
3485 1923 3614 1989 Deo,

330 2014 461 2070 κέτι
481 2013 667 2068 λοιπὸν
688 2011 804 2084 ἔχει
827 2013 1058 2085 πάροδον
1084 2013 1118 2085 ἡ
1136 2013 1296 2089 χάρις
1312 2027 1327 2042 ’
1357 2012 1480 2066 ἐπεὶ
1495 2012 1588 2066 ὲὰν
1605 2014 1638 2083 ἡ
1658 2013 1817 2084 χάρις
1832 2011 1930 2084 ἔχῃ

338 2105 604 2177 πάροδον,
629 2107 691 2160 τὸ
719 2106 889 2176 ἔργον
918 2106 1106 2163 λοιπὸν
1135 2105 1367 2176 οἴχεται,
1409 2107 1504 2165 καὶ
1546 2104 1733 2165 οὐκέτι
1782 2105 1933 2159 ἐστὶν

334 2195 532 2265 ἔργον.
585 2195 763 2250 Ὅπου
811 2194 924 2266 γὰρ
979 2195 1162 2267 χάρις,
1212 2194 1378 2267 ἔργον
1419 2196 1482 2250 οὐ
1523 2195 1797 2266 ζητεῖτον
1837 2196 1934 2253 καὶ

335 2287 482 2341 ὅπου
514 2285 696 2359 ἔργον,
724 2287 885 2359 χάρις
905 2287 1012 2345 οὐκ
1035 2286 1178 2343 ἐστι.

425 2397 444 2430 ι
479 2380 522 2431 Τ
529 2380 545 2433 ί
582 2379 706 2448 οὒν;
756 2381 821 2443 Ὀ
853 2380 1108 2450 ἐπιζητεῖ
1149 2379 1392 2452 Ἰσραὴλ,
1430 2381 1627 2434 τούτου
1671 2379 1775 2437 οὐκ
1831 2380 1935 2440 ἐπ-

342 2471 540 2542 έτυχεν
560 2488 574 2502 ο
603 2473 637 2542 ὴ
663 2472 719 2525 δὲ
735 2457 938 2543 ⁸ἐκλογὴ
970 2472 1231 2544 ἐπέτυχε.
1258 2493 1277 2526 ι
1299 2472 1513 2540 Δείξας,
1537 2473 1591 2526 τί
1618 2474 1749 2526 ποτέ
1783 2474 1932 2527 ἐστιν

338 2563 381 2631 ἡ
406 2564 591 2632 χάρις,
616 2563 700 2616 ὅτι
737 2564 771 2632 ἠ
802 2563 978 2635 χωρὶς
1016 2562 1195 2635 ἔργων
1234 2562 1371 2619 Θεοῦ
1394 2561 1596 2633 δωρεὰ,
1638 2562 1788 2632 λέγει
1819 2563 1933 2616 λοι-

343 2651 473 2716 πὸν,
507 2653 589 2713 ὅτι
642 2654 694 2706 oi
738 2654 1078 2725 Ἰσραηλῖται
1125 2653 1519 2726 ἐπιζητοῦντες
1551 2654 1932 2725 δικαιωθῆναι,

341 2745 449 2798 οὐκ
477 2744 767 2815 ἐπέτυχον.
799 2744 876 2809 ὡς
902 2747 1096 2810 κακῶς
1133 2745 1448 2818 ζητοῦντες,
1480 2748 1577 2803 καὶ
1624 2747 1685 2814 ἐξ
1715 2747 1895 2819 ἔργων
1916 2762 1933 2779 ο

343 2836 491 2907 ὅπερ
534 2834 823 2895 ἀδύνατον.
859 2854 877 2888 t
925 2836 994 2895 Ἰἰ
1039 2836 1097 2896 δὲ
1155 2836 1379 2906 ἐκλογὴ,
1438 2855 1457 2890 ι
1524 2838 1826 2903 τουτέστιν,
1883 2837 1935 2891 oi

345 2926 736 2999 ἐπιλελεγμένοι
762 2927 807 2960 ’⁸
834 2927 1124 2999 ἐπέτυχον.
1151 2928 1250 2988 Διά
1271 2927 1327 2980 δὲ
1350 2927 1452 2998 τῆς
1486 2928 1686 2996 λέξεως
1706 2928 1933 2997 ταύτης.

347 3019 607 3089 ἐμφαίνει
642 3021 755 3083 τῶν
802 3021 1028 3091 ἀγαθῶν
1055 3021 1116 3079 τὸ
1160 3021 1417 3091 μέγεθος,
1459 3022 1559 3080 καὶ
1603 3022 1685 3077 ὅτι
1727 3021 1789 3077 τὸ
1826 3022 1937 3077 πᾶν

334 3111 454 3180 ,τῆς
477 3111 573 3171 τοῦ
603 3112 739 3176 Θεοῦ
760 3115 1006 3186 χάριτος.
1026 3113 1138 3171 Καὶ
1161 3113 1271 3183 γὰρ
1291 3113 1387 3169 καὶ
1414 3114 1579 3185 ἡμεῖς
1604 3114 1665 3173 ἑν
1688 3115 1753 3185 τῇ
1778 3115 1934 3184 κοινῇ

348 3203 544 3275 ὁμιλίᾳ
568 3205 803 3274 λέγομεν
827 3223 842 3237 ⁸
897 3205 954 3267 Ὀ
978 3206 1132 3269 δεῖνα
1158 3208 1441 3276 ἐπέτυχεν,
1472 3207 1597 3279 ἀντὶ.
1624 3205 1744 3274 τοῦ,
1769 3204 1935 3265 Ἀπό-

351 3313 463 3359 vui;
493 3295 715 3369 εὕρημα
746 3289 929 3368 εὗρεν.

433 3501 455 3535 ι
485 3482 550 3536 Oi
580 3480 638 3535 δὲ
679 3481 863 3539 λοιποὶ
914 3480 1296 3554 ἐπωρώθησαν
1352 3480 1559 3553 (καθὼς
1590 3481 1901 3552 γέγραπται
1921 3498 1937 3514 ο

358 3573 601 3631 Ἔδωκεν
617 3573 802 3637 αὐτοῖς
817 3574 847 3626 ὁ
860 3572 992 3639 Θεὸς
1006 3571 1226 3644 πνεῦμα
1238 3572 1590 3640 κατανύξεως
1597 3572 1941 3644 ,ὀφθαλμοὺς

356 3665 455 3729 τοῦ
490 3667 564 3738 μὴ
599 3665 844 3738 βλέπειν,
878 3666 974 3729 καὶ
1012 3659 1127 3728 ὦτα
1158 3665 1252 3728 τοῦ
1292 3667 1368 3738 μὴ
1405 3665 1652 3737 ἀκούειν)
1703 3666 1809 3731 ἕως
1842 3668 1941 3738 τῆς

361 3763 603 3831 σήμερον
635 3760 872 3832 ἡμέρας.
913 3778 933 3811 ι
985 3760 1236 3830 Παρὰγει
1285 3760 1377 3811 τὸν
1425 3759 1655 3812 Ἡσαΐαν
1687 3759 1942 3831 μάρτυρα

359 3852 460 3923 τῆς
495 3851 830 3924 πωρώσεως,
853 3851 943 3911 ἵνα
978 3852 1059 3922 μὴ
1096 3851 1224 3926 δόξῃ
1262 3852 1449 3910 ,οίιιεῖα
1493 3850 1695 3919 λέγειν.
1743 3852 1819 3905 Τὸ
1861 3851 1940 3918 δὲ,

368 3963 388 3997 ι
427 3945 668 3999 Ἔδωκεν
694 3944 726 4005 ᾧ
770 3942 931 4010 Θεὸς,
973 3962 992 3995 ›
1029 3944 1152 4005 ἀντὶ
1196 3942 1320 4010 τοῦ,
1351 3941 1698 4012 Κατέλςιψεν
1747 3943 1944 4007 αὐτοὺς

363 4034 509 4105 ἔχειν
545 4053 564 4086 ι
598 4033 823 4115 πνεῦμα
841 4031 1215 4100 κατανύξεως,
1246 4051 1266 4084 ι
1302 4029 1702 4103 συνεχώρησεν,
1734 4029 1941 4099 ἀφῆκε.

366 4126 679 4195 Κατὰνυξιν
711 4127 791 4195 δὲ,
823 4127 924 4198 τὴν
950 4126 1092 4197 πρὸς
1125 4126 1170 4164 ⁷⁸
1201 4124 1350 4187 κακὰ
1392 4125 1655 4197 ἐπίμονον
1682 4123 1779 4182 καὶ
1805 4125 1945 4198 ἀμε-

364 4219 591 4275 τάθετον
617 4218 733 4286 ἕξιν
759 4220 862 4290 τῆς
889 4218 1069 4291 ψυχῆς
1116 4217 1287 4288 λέγει,
1330 4215 1790 4280 Κατανύσσισοαι
1836 4216 1945 4287 γάρ

363 4313 484 4363 ἐστι.
517 4309 578 4365 τὸ
637 4309 1027 4381 ὲμπήγνυσθαί
1078 4326 1182 4365 που
1230 4309 1325 4371 καὶ
1384 4306 1814 4379 προσηλῶσθαι.
1873 4308 1946 4362 Τὸ

362 4401 547 4459 τοίνυν
578 4402 800 4456 ἀνίατον
830 4404 930 4472 τῆς
965 4400 1193 4474 γνώμης
1233 4399 1414 4461 αὐτῶν
1457 4400 1556 4457 καὶ
1584 4400 1943 4471 ἀμετάθετον,

365 4489 664 4559 καὶάνυξιν
691 4492 1000 4563 ὠνόμασεν.
1031 4490 1379 4563 Ὀφθαλμοὺς
1405 4491 1771 4564 γὰρέχοντες,
1803 4491 1945 4550 ὥστε

2040 2020 2212 2090 gratia
2250 2033 2417 2090 porro
2448 2033 2555 2071 non
2608 2016 2830 2071 habebit
2884 2015 3085 2071 locum.
3138 2013 3275 2069 Nam
3327 2015 3372 2070 si
3432 2015 3619 2087 gratia:

2042 2112 2191 2166 locus
2227 2111 2589 2181 relinquatur,
2614 2109 2728 2165 abit
2750 2109 2934 2164 statim
2979 2123 3140 2179 opus,
3173 2122 3275 2162 nec
3301 2122 3436 2178 opus
3458 2121 3620 2177 porro

2042 2203 2260 2261 dicitur.
2285 2203 2418 2257 Nam
2455 2203 2543 2257 ubi
2574 2201 2751 2274 gratia
2779 2211 2882 2266 est,
2916 2201 2991 2256 ibi
3021 2215 3156 2271 opus
3184 2216 3290 2256 non
3315 2200 3575 2272 qumritur
3601 2216 3616 2254 :

2041 2304 2094 2349 et
2130 2294 2218 2348 ubi
2254 2307 2335 2349 est
2365 2308 2523 2363 opus,
2558 2293 2734 2364 gratia
2764 2307 2872 2347 non
2903 2301 3010 2348 est.

2113 2384 2276 2455 Vens.
2312 2384 2363 2438 7.
2402 2403 2423 2436 ι
2463 2385 2602 2452 Quid
2635 2384 2810 2456 ergo?
2838 2383 2990 2451 Quod
3048 2382 3326 2454 quaerebat
3352 2380 3538 2448 Israel,
3566 2379 3620 2434 id

2043 2491 2147 2530 non
2187 2484 2274 2531 est
2305 2487 2635 2532 consecutus
2661 2494 2677 2544 ;
2699 2476 2897 2531 electio
2919 2484 3099 2530 autem
3132 2483 3215 2530 est
3242 2481 3555 2529 consecuta.
3594 2489 3615 2523 ι

2041 2565 2275 2623 Ostcnso
2307 2567 2437 2637 quid
2469 2567 2539 2621 sit
2570 2566 2768 2637 gratia,
2806 2578 2999 2634 nempe
3029 2565 3172 2634 quod
3205 2564 3323 2618 sine
3367 2562 3624 2633 operibus

2042 2658 2138 2712 Dei
2182 2659 2409 2721 donum.
2443 2659 2576 2714 dicit
2606 2657 2867 2727 deinceps
2894 2655 3038 2727 quod
3082 2655 3345 2711 Israelita;
3384 2668 3624 2724 quaeren-

2042 2761 2127 2808 tes
2175 2751 2467 2822 justitiam,
2514 2766 2634 2806 eam
2675 2766 2785 2807 non
2841 2759 2967 2806 sunt
2997 2748 3258 2817 assecuti,
3305 2747 3503 2820 quippe
3532 2748 3624 2820 qui

2041 2844 2184 2899 male
2222 2859 2341 2898 eam
2379 2843 2716 2913 quasierint,
2764 2843 3009 2914 adeoque
3037 2858 3102 2898 ex
3130 2842 3428 2913 operibus;
3481 2839 3627 2911 quod

2045 2942 2167 2992 erat
2194 2934 2553 3004 impossibile.
2590 2953 2610 2986 ι
2642 2934 2851 2990 Electio
2886 2944 3091 2998 autem,
3133 2951 3153 2986 ι
3204 2934 3305 2988 hoc
3339 2941 3444 2999 est,
3467 2932 3625 2987 electi

2043 3037 2170 3084 sunt
2222 3027 2481 3084 assecuti.
2514 3026 2619 3082 Per
2673 3026 2814 3082 banc
2843 3026 3158 3092 dictionem,
3210 3024 3480 3081 bonorum
3509 3039 3628 3080 ma-

2043 3120 2383 3194 gnitudinem
2410 3119 2674 3184 ostendit,
2708 3129 2761 3194 et
2794 3117 2941 3188 quod
2968 3127 3137 3173 totum
3175 3119 3245 3172 sit
3277 3117 3469 3173 divina:
3506 3131 3631 3188 gra-

2047 3192 2155 3270 tiae.
2190 3212 2325 3268 Nam
2378 3218 2434 3268 et
2466 3226 2569 3267 nos
2592 3211 2648 3265 in
2694 3192 2952 3265 familiari
2992 3218 3047 3266 et
3071 3209 3347 3264 communi
3379 3222 3631 3265 sermone

2042 3307 2229 3360 dicere
2258 3288 2499 3359 solemus
2532 3320 2546 3357 :
2575 3301 2689 3356 Hoc
2716 3300 2793 3355 illi
2844 3299 3081 3356 leliciter
3109 3297 3313 3362 evenit,
3373 3298 3479 3353 hoc
3508 3306 3619 3366 εει,

2044 3397 2192 3454 Citra
2225 3397 2471 3452 laborem
2503 3394 2876 3450 inventionem
2917 3393 3146 3449 invenit.

2124 3489 2288 3545 Vens.
2321 3490 2438 3556 7,8.
2491 3507 2510 3541 ι
2541 3488 2738 3543 Cateri
2788 3501 2921 3542 vero
2972 3485 3230 3541 excaecati
3290 3491 3418 3539 sunt
3470 3482 3634 3556 (sicut

2047 3583 2316 3652 scriptum
2366 3589 2461 3636 est
2494 3589 2521 3628 ι
2554 3597 2569 3635 :
2606 3581 2764 3635 Dedit
2796 3579 2879 3633 eis
2948 3577 3089 3632 Deus
3148 3576 3401 3646 spiritum
3482 3589 3634 3629 cout-

2056 3673 2395 3744 punctionis,
2445 3672 2634 3726 oculos
2662 3677 2719 3725 ut
2746 3684 2853 3724 non
2883 3668 3129 3733 videant,
3163 3678 3215 3722 et
3237 3680 3400 3721 aures
3432 3672 3490 3721 ut
3522 3679 3630 3723 non

2052 3759 2299 3833 audiant)
2358 3774 2533 3829 usque
2595 3761 2649 3813 in
2705 3757 3033 3814 hodiernum
3092 3758 3231 3813 diem
3268 3797 3283 3815 .
3323 3775 3343 3810 ι
3377 3757 3634 3817 Producit

2050 3855 2245 3909 lsuiatu
2277 3859 2467 3907 testem
2492 3851 2874 3907 obstinationis
2901 3864 2965 3906 ac
2993 3849 3276 3914 ctecitatis,
3299 3865 3367 3906 ne
3388 3850 3634 3905 videatur

2052 3946 2269 4016 propria
2300 3954 2358 4000 et
2398 3959 2495 3999 sua
2522 3944 2731 4003 dicere.
2768 3942 2942 3998 Porro
2994 3941 3126 4003 illud
3163 3959 3183 3992 ι
3216 3940 3374 4001 Dedit
3408 3940 3572 4008 Deus,
3607 3958 3626 3992 ι

2050 4038 2189 4092 dixit
2220 4051 2340 4107 pro,
2379 4034 2621 4107 Reliquit
2656 4050 2753 4092 eos
2787 4035 2993 4091 habere
3032 4053 3051 4087 ι
3089 4036 3338 4106 spiritum
3369 4049 3635 4105 compun-

2051 4129 2268 4198 etionis',
2302 4148 2321 4181 ι
2361 4129 2655 4195 concessit,
2685 4128 2957 4199 permisit.
3009 4125 3497 4199 Compunctionem
3535 4140 3635 4183 au-

2053 4231 2160 4278 tem
2200 4222 2352 4289 dicit,
2383 4221 2629 4277 stabilem
2665 4230 2833 4292 atque
2891 4219 3383 4290 impermutabilem
3440 4217 3633 4274 animae

2053 4312 2295 4368 habitum
2362 4325 2490 4382 erga
2531 4311 2762 4366 malum.
2812 4307 3113 4385 Compungi
3145 4307 3311 4373 enim,
3358 4315 3441 4362 est
3482 4306 3633 4383 inﬁgi

2052 4419 2182 4461 sane
2205 4418 2265 4461 et
2303 4404 2468 4461 veluti
2498 4405 2649 4459 clavo
2680 4404 2918 4474 impacto
2946 4401 3110 4472 alligi.
3142 4399 3506 4461 lncurabilem
3533 4400 3637 4453 ita-

2052 4511 2158 4566 que
2188 4504 2243 4551 et
2272 4495 2666 4551 immutabilem
2693 4492 2908 4548 illorum
2967 4490 3314 4556 sententiam,
3372 4505 3636 4561 compun-

365 4583 591 4655 βλέπειν
615 4584 686 4639 τὰ
720 4583 996 4655 θαύματα,
1029 4583 1126 4637 καὶ
1147 4576 1286 4651 ᾧτᾳ,
1309 4584 1534 4647 ἀκούειν
1555 4584 1659 4654 τῆς
1686 4584 1947 4642 διδασκα-

2053 4588 2291 4644 ctionem
2354 4587 2664 4658 appellavit.
2722 4586 2859 4642 Cum
2914 4585 3058 4640 enim
3120 4584 3309 4639 oculos
3348 4582 3633 4648 baberent,

363 4676 488 4739 λίας
518 4675 614 4731 τοῦ
651 4675 885 4746 Κυρίου,
914 4675 1095 4731 οὐδενὶ
1125 4675 1332 4735 τούτων
1363 4677 1444 4740 εἰς
1467 4676 1587 4734 δέον
1614 4676 1945 4747 ἐχρήσαντο.

366 4770 483 4820 Καὶ.
514 4768 577 4820 οὐ
617 4768 780 4839 μόνον
809 4771 903 4822 ἐπὶ
953 4768 1216 4840 Χριστορ,
1251 4768 1391 4829 ἀλλὰ
1432 4769 1528 4823 καὶ
1554 4769 1652 4825 ἐπὶ
1676 4768 1787 4823 τῶν
1812 4770 1951 4823 ἀπο-

363 4860 596 4915 στόλων.
635 4879 653 4912 ι
692 4860 837 4925 Ἕως
870 4861 980 4933 γὰρ
1007 4860 1107 4930 τῆς
1143 4863 1389 4934 σήμερον
1414 4861 1653 4932 ἡμέρας,
1691 4880 1710 4914 ι
1743 4861 1897 4933 φησί.

448 5154 466 5189 ι
507 5136 620 5191 Καὶ
668 5136 833 5201 Δαυῒδ
876 5137 1025 5215 λέγει
1048 5154 1059 5164 ·
1094 5137 1390 5212 Γενηθήτω
1423 5138 1457 5210 ἠ
1490 5137 1743 5212 τράπεζα
1771 5137 1952 5192 αὐτῶν

359 5233 451 5295 είς
479 5231 708 5301 παγίδα,
746 5234 841 5289 καὶ
870 5234 950 5296 εἰς
1006 5233 1203 5304 θήραν,
1239 5233 1337 5287 καὶ
1370 5234 1452 5298 είς
1498 5232 1818 5299 σκάνδαλον,
1858 5234 1955 5288 καὶ

359 5326 448 5391 εἰς
482 5326 833 5397 ἀνταπόδομα
880 5328 1089 5389 αὐτοῖς.
1116 5324 1577 5396 Σκοτισθήτωσαν
1607 5327 1660 5379 oi
1683 5325 1956 5396 ὀφθαλμοὶ

358 5417 555 5475 αὐτῶν
585 5418 680 5478 τοῦ
720 5418 796 5490 μὴ
841 5418 1080 5492 βλέπειν,
1115 5418 1210 5473 καὶ
1257 5419 1350 5472 τὸν
1402 5417 1572 5473 νῶτον
1607 5417 1790 5472 αὐτῶν
1835 5417 1956 5470 δια-

359 5510 576 5574 παντὺς
605 5509 952 5587 σύγκαμψον.
990 5530 1010 5563 ι
1063 5510 1443 5581 Ἀμετάθετοι,
1473 5512 1660 5584 φησὶν,
1711 5511 1865 5576 ὄντες
1896 5513 1954 5571 ὲν

446 5671 600 5727 3lsa.
641 5689 791 5740 xxxx,
830 5673 915 5729 l0.
991 5674 1019 5713 ιι
1044 5671 1187 5728 Psal.
1211 5689 1401 5743 vam,
1435 5678 1524 5732 εε.

2052 4687 2110 4735 ut
2138 4679 2400 4735 miracula
2432 4680 2681 4735 viderent
2709 4695 2725 4745 ;
2749 4687 2805 4734 et
2835 4692 3016 4744 aures,
3065 4683 3126 4731 ut
3157 4677 3403 4730 audirent
3430 4673 3636 4729 doctri-

2048 4788 2174 4828 nam
2203 4772 2440 4838 Domini,
2461 4781 2657 4828 neutro
2693 4772 2887 4826 borum
2921 4770 3065 4824 sicut
3103 4768 3345 4838 oportuit
3376 4766 3455 4821 usi
3487 4775 3632 4819 sunt.

2046 4864 2233 4935 Neque
2260 4863 2313 4918 id
2365 4863 2539 4921 solum
2576 4864 2630 4919 in
2659 4862 2899 4929 Christo,
2942 4877 3132 4917 verum
3160 4870 3233 4934 ,ει
3264 4860 3320 4913 in
3375 4854 3635 4926 apostolis

2051 4960 2431 5015 admiserunt:
2465 4975 2485 5011 ι
2533 4955 2590 5012 In
2628 4957 2950 5014 hodiernum
3005 4953 3148 5011 enim
3185 4967 3354 5023 usque
3408 4948 3571 5014 diem,
3609 4963 3628 4997 ι

2052 5052 2248 5122 inquit.

2132 5145 2475 5214 Vsus.9,l0.
2536 5163 2556 5197 ι
2592 5144 2658 5199 Et
2714 5142 2881 5198 David
2926 5139 3168 5201 dicit‘h:
3236 5136 3361 5191 Fiat
3446 5145 3629 5186 mensa

2052 5254 2242 5297 eorum
2270 5239 2327 5294 in
2359 5238 2613 5309 laqueum
2650 5246 2702 5292 et
2738 5235 2792 5290 in
2818 5234 3124 5305 captionem
3149 5239 3203 5285 et
3230 5229 3282 5282 in
3317 5225 3629 5281 scandalum

2053 5341 2109 5385 et
2145 5330 2558 5387 retributionem
2591 5328 2743 5399 ipsis.
2782 5324 3161 5383 Obscurentur
3190 5319 3331 5375 oculi
3354 5331 3542 5372 eorum
3565 5329 3632 5369 ne

2056 5425 2293 5489 videant,
2327 5432 2382 5479 et
2405 5424 2624 5480 dorsum
2669 5423 2882 5478 illorum
2913 5432 3128 5488 semper
3158 5416 3403 5475 incurva.
3435 5431 3454 5464 ι
3496 5410 3630 5467 Cum

2056 5519 2187 5585 sint,
2208 5517 2406 5589 inquit,
2430 5515 2889 5589 iinpermutabiles
2910 5514 2965 5570 in
2994 5510 3221 5578 malitia,
3246 5515 3490 5564 extremo
3505 5518 3635 5581 sup-

1732 5798 1939 5861 Varim
1976 5795 2308 5865 lectiones.

428 5905 493 5963 ,⁷⁸
535 5900 886 5973 ἐκλεγόμενοι
913 5914 967 5955 ο.
1044 5900 1088 5933 ⁷⁹
1120 5902 1247 5972 περὶ
1266 5918 1320 5957 0.
