  <div class='ocr_page' id='page_1' title='image "/cluster/home/n/w/nwhite01/storage/ocr_20150623/124/hvd.32044019208206/257.png"; bbox 0 0 4038 6584; ppageno 0'>
   <div class='ocr_carea' id='block_1_1' title="bbox 395 430 564 497">
    <p class='ocr_par' dir='ltr' id='par_1_1' title="bbox 395 430 564 497">
     <span class='ocr_line' id='line_1_1' title="bbox 395 430 564 497; baseline 0.006 -1"><span class='ocrx_word' id='word_1_1' title='bbox 395 430 404 442; x_wconf 83' lang='grc'><strong>“</strong></span> <span class='ocrx_word' id='word_1_2' title='bbox 461 434 564 497; x_wconf 71' lang='grc'><strong>487</strong></span> 
     </span>
    </p>
   </div>
   <div class='ocr_carea' id='block_1_2' title="bbox 1382 428 2789 498">
    <p class='ocr_par' dir='ltr' id='par_1_2' title="bbox 1382 428 2789 498">
     <span class='ocr_line' id='line_1_2' title="bbox 1382 428 2789 498; baseline -0.004 -2"><span class='ocrx_word' id='word_1_3' title='bbox 1382 435 1956 498; x_wconf 80' lang='lat' dir='ltr'><strong>THEOPHYLACTI</strong></span> <span class='ocrx_word' id='word_1_4' title='bbox 1987 433 2398 496; x_wconf 70' lang='lat' dir='ltr'><strong>BULGARIIE</strong></span> <span class='ocrx_word' id='word_1_5' title='bbox 2434 428 2789 492; x_wconf 81' lang='lat' dir='ltr'><strong>ARCHIEP.</strong></span> 
     </span>
    </p>
   </div>
   <div class='ocr_carea' id='block_1_3' title="bbox 3605 419 3724 486">
    <p class='ocr_par' dir='ltr' id='par_1_3' title="bbox 3605 419 3724 486">
     <span class='ocr_line' id='line_1_3' title="bbox 3605 419 3724 486; baseline 0 0"><span class='ocrx_word' id='word_1_6' title='bbox 3605 419 3724 486; x_wconf 70' lang='lat'><strong>488</strong></span> 
     </span>
    </p>
   </div>
   <div class='ocr_carea' id='block_1_4' title="bbox 466 536 2050 624">
    <p class='ocr_par' dir='ltr' id='par_1_4' title="bbox 466 546 2039 624">
     <span class='ocr_line' id='line_1_4' title="bbox 466 546 2039 624; baseline 0.001 -19"><span class='ocrx_word' id='word_1_7' title='bbox 466 550 629 622; x_wconf 74' lang='lat' dir='ltr'><strong>plicio</strong></span> <span class='ocrx_word' id='word_1_8' title='bbox 662 549 979 606; x_wconf 77' lang='lat' dir='ltr'><strong>afﬁcientur.</strong></span> <span class='ocrx_word' id='word_1_9' title='bbox 1027 546 1211 605; x_wconf 79' lang='lat' dir='ltr'><strong>Mensa</strong></span> <span class='ocrx_word' id='word_1_10' title='bbox 1263 551 1406 606; x_wconf 87' lang='lat' dir='ltr'><strong>enim</strong></span> <span class='ocrx_word' id='word_1_11' title='bbox 1467 556 1729 624; x_wconf 85' lang='lat' dir='ltr'><strong>ipsorum,</strong></span> <span class='ocrx_word' id='word_1_12' title='bbox 1787 554 1886 609; x_wconf 86' lang='lat' dir='ltr'><strong>hoc</strong></span> <span class='ocrx_word' id='word_1_13' title='bbox 1933 560 2039 618; x_wconf 91' lang='lat' dir='ltr'><strong>est,</strong></span> 
     </span>
    </p>
   </div>
   <div class='ocr_carea' id='block_1_5' title="bbox 2148 536 3725 624">
    <p class='ocr_par' dir='ltr' id='par_1_5' title="bbox 2148 536 3725 621">
     <span class='ocr_line' id='line_1_5' title="bbox 2148 536 3725 621; baseline -0.009 -17"><span class='ocrx_word' id='word_1_14' title='bbox 2148 553 2209 621; x_wconf 78' lang='grc' dir='ltr'><strong>τῇ</strong></span> <span class='ocrx_word' id='word_1_15' title='bbox 2239 548 2431 619; x_wconf 76' lang='grc' dir='ltr'><strong>κακία,</strong></span> <span class='ocrx_word' id='word_1_16' title='bbox 2472 547 2542 601; x_wconf 80' lang='grc' dir='ltr'><strong>τὰ</strong></span> <span class='ocrx_word' id='word_1_17' title='bbox 2593 545 2800 616; x_wconf 76' lang='grc' dir='ltr'><strong>ἔσχατα</strong></span> <span class='ocrx_word' id='word_1_18' title='bbox 2848 540 3300 613; x_wconf 73' lang='grc' dir='ltr'><strong>κολασθήσονται.</strong></span> <span class='ocrx_word' id='word_1_19' title='bbox 3347 536 3410 592; x_wconf 84' lang='grc' dir='ltr'><em>Ἥ</em></span> <span class='ocrx_word' id='word_1_20' title='bbox 3446 536 3556 609; x_wconf 80' lang='grc' dir='ltr'><strong>γὰρ</strong></span> <span class='ocrx_word' id='word_1_21' title='bbox 3578 541 3725 609; x_wconf 81' lang='grc' dir='ltr'><strong>τρά-</strong></span> 
     </span>
    </p>
   </div>
   <div class='ocr_carea' id='block_1_6' title="bbox 463 639 2037 710">
    <p class='ocr_par' dir='ltr' id='par_1_6' title="bbox 463 639 2037 710">
     <span class='ocr_line' id='line_1_6' title="bbox 463 639 2037 710; baseline -0.002 -13"><span class='ocrx_word' id='word_1_22' title='bbox 463 642 642 697; x_wconf 88' lang='lat' dir='ltr'><strong>omnia</strong></span> <span class='ocrx_word' id='word_1_23' title='bbox 683 643 822 696; x_wconf 88' lang='lat' dir='ltr'><strong>bona</strong></span> <span class='ocrx_word' id='word_1_24' title='bbox 873 649 926 694; x_wconf 91' lang='lat' dir='ltr'><strong>et</strong></span> <span class='ocrx_word' id='word_1_25' title='bbox 968 639 1176 694; x_wconf 76' lang='lat' dir='ltr'><strong>deliciae</strong></span> <span class='ocrx_word' id='word_1_26' title='bbox 1236 641 1499 710; x_wconf 89' lang='lat' dir='ltr'><strong>ipsorum,</strong></span> <span class='ocrx_word' id='word_1_27' title='bbox 1555 651 1943 698; x_wconf 81' lang='lat' dir='ltr'><strong>convertentur</strong></span> <span class='ocrx_word' id='word_1_28' title='bbox 1987 643 2037 697; x_wconf 90' lang='lat' dir='ltr'><strong>in</strong></span> 
     </span>
    </p>
   </div>
   <div class='ocr_carea' id='block_1_7' title="bbox 459 729 2038 803">
    <p class='ocr_par' dir='ltr' id='par_1_7' title="bbox 459 729 2038 803">
     <span class='ocr_line' id='line_1_7' title="bbox 459 729 2038 803; baseline 0 -15"><span class='ocrx_word' id='word_1_29' title='bbox 459 731 816 794; x_wconf 83' lang='lat' dir='ltr'><strong>contrarium,</strong></span> <span class='ocrx_word' id='word_1_30' title='bbox 873 739 929 784; x_wconf 85' lang='lat' dir='ltr'><strong>et</strong></span> <span class='ocrx_word' id='word_1_31' title='bbox 973 729 1343 798; x_wconf 89' lang='lat' dir='ltr'><strong>illaqueentur</strong></span> <span class='ocrx_word' id='word_1_32' title='bbox 1386 733 2038 803; x_wconf 83' lang='lat' dir='ltr'><strong>comprehendautnrque,</strong></span> 
     </span>
    </p>
   </div>
   <div class='ocr_carea' id='block_1_8' title="bbox 461 821 2041 894">
    <p class='ocr_par' dir='ltr' id='par_1_8' title="bbox 461 821 2041 894">
     <span class='ocr_line' id='line_1_8' title="bbox 461 821 2041 894; baseline 0.001 -18"><span class='ocrx_word' id='word_1_33' title='bbox 461 821 699 876; x_wconf 87' lang='lat' dir='ltr'><strong>omnimn</strong></span> <span class='ocrx_word' id='word_1_34' title='bbox 761 821 996 890; x_wconf 75' lang='lat' dir='ltr'><strong>captioni</strong></span> <span class='ocrx_word' id='word_1_35' title='bbox 1053 832 1106 876; x_wconf 88' lang='lat' dir='ltr'><strong>et</strong></span> <span class='ocrx_word' id='word_1_36' title='bbox 1155 824 1422 878; x_wconf 82' lang='lat' dir='ltr'><strong>invasioni</strong></span> <span class='ocrx_word' id='word_1_37' title='bbox 1483 826 1739 894; x_wconf 79' lang='lat' dir='ltr'><strong>expositi,</strong></span> <span class='ocrx_word' id='word_1_38' title='bbox 1789 825 2041 880; x_wconf 81' lang='lat' dir='ltr'><strong>scandala</strong></span> 
     </span>
    </p>
   </div>
   <div class='ocr_carea' id='block_1_9' title="bbox 460 912 2043 982">
    <p class='ocr_par' dir='ltr' id='par_1_9' title="bbox 460 912 2043 982">
     <span class='ocr_line' id='line_1_9' title="bbox 460 912 2043 982; baseline 0.001 -14"><span class='ocrx_word' id='word_1_39' title='bbox 460 927 674 982; x_wconf 83' lang='lat' dir='ltr'><strong>semper</strong></span> <span class='ocrx_word' id='word_1_40' title='bbox 696 923 750 968; x_wconf 89' lang='lat' dir='ltr'><strong>et</strong></span> <span class='ocrx_word' id='word_1_41' title='bbox 780 912 1104 968; x_wconf 74' lang='lat' dir='ltr'><strong>offensiones</strong></span> <span class='ocrx_word' id='word_1_42' title='bbox 1129 912 1182 968; x_wconf 82' lang='lat' dir='ltr'><strong>in</strong></span> <span class='ocrx_word' id='word_1_43' title='bbox 1215 917 1324 968; x_wconf 85' lang='lat' dir='ltr'><strong>vita</strong></span> <span class='ocrx_word' id='word_1_44' title='bbox 1356 931 1450 969; x_wconf 85' lang='lat' dir='ltr'><strong>sua</strong></span> <span class='ocrx_word' id='word_1_45' title='bbox 1489 916 1767 972; x_wconf 80' lang='lat' dir='ltr'><strong>habentes.</strong></span> <span class='ocrx_word' id='word_1_46' title='bbox 1793 915 2043 970; x_wconf 82' lang='lat' dir='ltr'><strong>indicans</strong></span> 
     </span>
    </p>
   </div>
   <div class='ocr_carea' id='block_1_10' title="bbox 461 1007 2040 1077">
    <p class='ocr_par' dir='ltr' id='par_1_10' title="bbox 461 1007 2040 1077">
     <span class='ocr_line' id='line_1_10' title="bbox 461 1007 2040 1077; baseline 0.003 -19"><span class='ocrx_word' id='word_1_47' title='bbox 461 1015 639 1059; x_wconf 87' lang='lat' dir='ltr'><strong>autem</strong></span> <span class='ocrx_word' id='word_1_48' title='bbox 676 1007 818 1075; x_wconf 91' lang='lat' dir='ltr'><strong>quod</strong></span> <span class='ocrx_word' id='word_1_49' title='bbox 871 1021 969 1075; x_wconf 89' lang='lat' dir='ltr'><strong>pro</strong></span> <span class='ocrx_word' id='word_1_50' title='bbox 1003 1008 1238 1076; x_wconf 79' lang='lat' dir='ltr'><strong>peccatis</strong></span> <span class='ocrx_word' id='word_1_51' title='bbox 1269 1007 1382 1062; x_wconf 59' lang='lat' dir='ltr'><strong>bare</strong></span> <span class='ocrx_word' id='word_1_52' title='bbox 1413 1009 1704 1077; x_wconf 86' lang='lat' dir='ltr'><strong>patiantur,</strong></span> <span class='ocrx_word' id='word_1_53' title='bbox 1737 1008 1894 1073; x_wconf 81' lang='lat' dir='ltr'><strong>dixit,</strong></span> <span class='ocrx_word' id='word_1_54' title='bbox 1929 1028 1946 1060; x_wconf 82' lang='grc' dir='ltr'><strong>ι</strong></span> <span class='ocrx_word' id='word_1_55' title='bbox 1983 1007 2040 1062; x_wconf 90' lang='lat' dir='ltr'><strong>In</strong></span> 
     </span>
    </p>
   </div>
   <div class='ocr_carea' id='block_1_11' title="bbox 461 1096 2045 1162">
    <p class='ocr_par' dir='ltr' id='par_1_11' title="bbox 461 1096 2045 1162">
     <span class='ocr_line' id='line_1_11' title="bbox 461 1096 2045 1162; baseline 0.001 -12"><span class='ocrx_word' id='word_1_56' title='bbox 461 1097 896 1152; x_wconf 83' lang='lat' dir='ltr'><strong>retributionem.</strong></span> <span class='ocrx_word' id='word_1_57' title='bbox 934 1116 954 1149; x_wconf 78' lang='grc' dir='ltr'><strong>ι</strong></span> <span class='ocrx_word' id='word_1_58' title='bbox 983 1096 1289 1162; x_wconf 83' lang='lat' dir='ltr'><strong>Quinetiam</strong></span> <span class='ocrx_word' id='word_1_59' title='bbox 1319 1098 1461 1153; x_wconf 90' lang='lat' dir='ltr'><strong>oculi</strong></span> <span class='ocrx_word' id='word_1_60' title='bbox 1487 1114 1674 1153; x_wconf 87' lang='lat' dir='ltr'><strong>eorum</strong></span> <span class='ocrx_word' id='word_1_61' title='bbox 1703 1108 1826 1154; x_wconf 88' lang='lat' dir='ltr'><strong>sunt</strong></span> <span class='ocrx_word' id='word_1_62' title='bbox 1850 1101 2045 1154; x_wconf 86' lang='lat' dir='ltr'><strong>obscu-</strong></span> 
     </span>
    </p>
   </div>
   <div class='ocr_carea' id='block_1_12' title="bbox 467 1188 2044 1260">
    <p class='ocr_par' dir='ltr' id='par_1_12' title="bbox 467 1188 2044 1260">
     <span class='ocr_line' id='line_1_12' title="bbox 467 1188 2044 1260; baseline 0.002 -18"><span class='ocrx_word' id='word_1_63' title='bbox 467 1188 594 1254; x_wconf 89' lang='lat' dir='ltr'><strong>rati,</strong></span> <span class='ocrx_word' id='word_1_64' title='bbox 629 1188 826 1242; x_wconf 88' lang='lat' dir='ltr'><strong>mentis</strong></span> <span class='ocrx_word' id='word_1_65' title='bbox 854 1189 1070 1257; x_wconf 88' lang='lat' dir='ltr'><strong>quidem</strong></span> <span class='ocrx_word' id='word_1_66' title='bbox 1107 1203 1330 1258; x_wconf 85' lang='lat' dir='ltr'><strong>prorsus</strong></span> <span class='ocrx_word' id='word_1_67' title='bbox 1384 1201 1547 1260; x_wconf 86' lang='lat' dir='ltr'><strong>atque</strong></span> <span class='ocrx_word' id='word_1_68' title='bbox 1575 1191 1739 1259; x_wconf 85' lang='lat' dir='ltr'><strong>etiam</strong></span> <span class='ocrx_word' id='word_1_69' title='bbox 1796 1191 2044 1259; x_wconf 88' lang='lat' dir='ltr'><strong>corporei</strong></span> 
     </span>
    </p>
   </div>
   <div class='ocr_carea' id='block_1_13' title="bbox 466 1279 2042 1336">
    <p class='ocr_par' dir='ltr' id='par_1_13' title="bbox 466 1279 2042 1336">
     <span class='ocr_line' id='line_1_13' title="bbox 466 1279 2042 1336; baseline 0.003 -4"><span class='ocrx_word' id='word_1_70' title='bbox 466 1295 494 1332; x_wconf 90' lang='lat' dir='ltr'><strong>a</strong></span> <span class='ocrx_word' id='word_1_71' title='bbox 524 1279 946 1336; x_wconf 81' lang='lat' dir='ltr'><strong>calamitatibus.</strong></span> <span class='ocrx_word' id='word_1_72' title='bbox 983 1281 1045 1334; x_wconf 86' lang='lat' dir='ltr'><strong>Et</strong></span> <span class='ocrx_word' id='word_1_73' title='bbox 1077 1281 1299 1335; x_wconf 82' lang='lat' dir='ltr'><strong>dorsum</strong></span> <span class='ocrx_word' id='word_1_74' title='bbox 1331 1296 1519 1336; x_wconf 86' lang='lat' dir='ltr'><strong>eorum</strong></span> <span class='ocrx_word' id='word_1_75' title='bbox 1548 1283 1888 1336; x_wconf 86' lang='lat' dir='ltr'><strong>incurvatum</strong></span> <span class='ocrx_word' id='word_1_76' title='bbox 1915 1293 1998 1336; x_wconf 88' lang='lat' dir='ltr'><strong>est</strong></span> <span class='ocrx_word' id='word_1_77' title='bbox 2029 1299 2042 1336; x_wconf 89' lang='lat'><strong>:</strong></span> 
     </span>
    </p>
   </div>
   <div class='ocr_carea' id='block_1_14' title="bbox 464 1368 2048 1444">
    <p class='ocr_par' dir='ltr' id='par_1_14' title="bbox 464 1368 2048 1444">
     <span class='ocr_line' id='line_1_14' title="bbox 464 1368 2048 1444; baseline 0.003 -19"><span class='ocrx_word' id='word_1_78' title='bbox 464 1369 713 1425; x_wconf 85' lang='lat' dir='ltr'><strong>serviunt</strong></span> <span class='ocrx_word' id='word_1_79' title='bbox 739 1370 882 1424; x_wconf 90' lang='lat' dir='ltr'><strong>enim</strong></span> <span class='ocrx_word' id='word_1_80' title='bbox 917 1368 1178 1425; x_wconf 79' lang='lat' dir='ltr'><strong>Romanis</strong></span> <span class='ocrx_word' id='word_1_81' title='bbox 1209 1373 1470 1429; x_wconf 80' lang='lat' dir='ltr'><strong>servitute</strong></span> <span class='ocrx_word' id='word_1_82' title='bbox 1503 1390 1778 1444; x_wconf 86' lang='lat' dir='ltr'><strong>nunquam</strong></span> <span class='ocrx_word' id='word_1_83' title='bbox 1802 1384 2048 1430; x_wconf 78' lang='lat' dir='ltr'><strong>cessatu-</strong></span> 
     </span>
    </p>
   </div>
   <div class='ocr_carea' id='block_1_15' title="bbox 468 1462 2050 1538">
    <p class='ocr_par' dir='ltr' id='par_1_15' title="bbox 468 1462 2050 1538">
     <span class='ocr_line' id='line_1_15' title="bbox 468 1462 2050 1538; baseline 0.003 -22"><span class='ocrx_word' id='word_1_84' title='bbox 468 1477 552 1516; x_wconf 89' lang='lat' dir='ltr'><strong>ra.</strong></span> <span class='ocrx_word' id='word_1_85' title='bbox 589 1462 692 1531; x_wconf 75' lang='lat'><strong>21</strong></span> <span class='ocrx_word' id='word_1_86' title='bbox 727 1462 839 1517; x_wconf 84' lang='lat' dir='ltr'><strong>lioc</strong></span> <span class='ocrx_word' id='word_1_87' title='bbox 865 1464 1007 1517; x_wconf 87' lang='lat' dir='ltr'><strong>enim</strong></span> <span class='ocrx_word' id='word_1_88' title='bbox 1061 1473 1144 1519; x_wconf 89' lang='lat' dir='ltr'><strong>est</strong></span> <span class='ocrx_word' id='word_1_89' title='bbox 1195 1466 1335 1534; x_wconf 89' lang='lat' dir='ltr'><strong>quod</strong></span> <span class='ocrx_word' id='word_1_90' title='bbox 1365 1467 1463 1533; x_wconf 89' lang='lat' dir='ltr'><strong>ait,</strong></span> <span class='ocrx_word' id='word_1_91' title='bbox 1498 1485 1516 1518; x_wconf 79' lang='grc' dir='ltr'><strong>ι</strong></span> <span class='ocrx_word' id='word_1_92' title='bbox 1555 1466 1779 1538; x_wconf 82' lang='lat' dir='ltr'><strong>Semper</strong></span> <span class='ocrx_word' id='word_1_93' title='bbox 1811 1485 1824 1520; x_wconf 89' lang='lat'><strong>:</strong></span> <span class='ocrx_word' id='word_1_94' title='bbox 1861 1485 1882 1519; x_wconf 75' lang='grc' dir='ltr'><strong>ι</strong></span> <span class='ocrx_word' id='word_1_95' title='bbox 1912 1483 2050 1521; x_wconf 84' lang='lat' dir='ltr'><strong>nun-</strong></span> 
     </span>
    </p>
   </div>
   <div class='ocr_carea' id='block_1_16' title="bbox 468 1551 1436 1619">
    <p class='ocr_par' dir='ltr' id='par_1_16' title="bbox 468 1551 1436 1619">
     <span class='ocr_line' id='line_1_16' title="bbox 468 1551 1436 1619; baseline 0.01 -16"><span class='ocrx_word' id='word_1_96' title='bbox 468 1565 629 1619; x_wconf 87' lang='lat' dir='ltr'><strong>quam</strong></span> <span class='ocrx_word' id='word_1_97' title='bbox 666 1551 922 1607; x_wconf 85' lang='lat' dir='ltr'><strong>nimirum</strong></span> <span class='ocrx_word' id='word_1_98' title='bbox 959 1554 1025 1607; x_wconf 89' lang='lat' dir='ltr'><strong>ab</strong></span> <span class='ocrx_word' id='word_1_99' title='bbox 1058 1568 1120 1608; x_wconf 90' lang='lat' dir='ltr'><strong>ea</strong></span> <span class='ocrx_word' id='word_1_100' title='bbox 1149 1554 1436 1613; x_wconf 86' lang='lat' dir='ltr'><strong>liberandi.</strong></span> 
     </span>
    </p>
   </div>
   <div class='ocr_carea' id='block_1_17' title="bbox 537 1685 2051 1804">
    <p class='ocr_par' dir='ltr' id='par_1_17' title="bbox 537 1685 2051 1804">
     <span class='ocr_line' id='line_1_17' title="bbox 537 1685 2051 1804; baseline 0.007 -28"><span class='ocrx_word' id='word_1_101' title='bbox 537 1721 701 1779; x_wconf 70' lang='lat' dir='ltr'><strong>Vens.</strong></span> <span class='ocrx_word' id='word_1_102' title='bbox 734 1725 820 1781; x_wconf 76' lang='lat' dir='ltr'><strong>il.</strong></span> <span class='ocrx_word' id='word_1_103' title='bbox 860 1744 880 1777; x_wconf 76' lang='grc' dir='ltr'><strong>ι</strong></span> <span class='ocrx_word' id='word_1_104' title='bbox 923 1685 1053 1781; x_wconf 68' lang='lat' dir='ltr'><strong>Dico</strong></span> <span class='ocrx_word' id='word_1_105' title='bbox 1080 1727 1283 1797; x_wconf 87' lang='lat' dir='ltr'><strong>igitur:</strong></span> <span class='ocrx_word' id='word_1_106' title='bbox 1322 1727 1573 1800; x_wconf 84' lang='lat' dir='ltr'><strong>Nunquid</strong></span> <span class='ocrx_word' id='word_1_107' title='bbox 1601 1731 1960 1803; x_wconf 86' lang='lat' dir='ltr'><strong>impegerunt,</strong></span> <span class='ocrx_word' id='word_1_108' title='bbox 1992 1748 2051 1804; x_wconf 82' lang='grc' dir='ltr'><strong>ιιι</strong></span> 
     </span>
    </p>
   </div>
   <div class='ocr_carea' id='block_1_18' title="bbox 469 1815 2053 1894">
    <p class='ocr_par' dir='ltr' id='par_1_18' title="bbox 469 1815 2053 1894">
     <span class='ocr_line' id='line_1_18' title="bbox 469 1815 2053 1894; baseline 0.007 -27"><span class='ocrx_word' id='word_1_109' title='bbox 469 1815 767 1870; x_wconf 83' lang='lat' dir='ltr'><strong>caderent?</strong></span> <span class='ocrx_word' id='word_1_110' title='bbox 795 1817 946 1871; x_wconf 89' lang='lat' dir='ltr'><strong>Absit</strong></span> <span class='ocrx_word' id='word_1_111' title='bbox 973 1817 986 1871; x_wconf 85' lang='lat' dir='ltr'><strong>l</strong></span> <span class='ocrx_word' id='word_1_112' title='bbox 1027 1836 1046 1870; x_wconf 78' lang='grc' dir='ltr'><strong>ι</strong></span> <span class='ocrx_word' id='word_1_113' title='bbox 1083 1818 1216 1874; x_wconf 90' lang='lat' dir='ltr'><strong>Cum</strong></span> <span class='ocrx_word' id='word_1_114' title='bbox 1241 1821 1452 1876; x_wconf 88' lang='lat' dir='ltr'><strong>abunde</strong></span> <span class='ocrx_word' id='word_1_115' title='bbox 1478 1822 1608 1877; x_wconf 87' lang='lat' dir='ltr'><strong>satis</strong></span> <span class='ocrx_word' id='word_1_116' title='bbox 1634 1837 1727 1878; x_wconf 90' lang='lat' dir='ltr'><strong>eos</strong></span> <span class='ocrx_word' id='word_1_117' title='bbox 1764 1825 2053 1894; x_wconf 88' lang='lat' dir='ltr'><strong>reprehen-</strong></span> 
     </span>
    </p>
   </div>
   <div class='ocr_carea' id='block_1_19' title="bbox 469 1897 2123 1985">
    <p class='ocr_par' dir='ltr' id='par_1_19' title="bbox 469 1897 2123 1985">
     <span class='ocr_line' id='line_1_19' title="bbox 469 1897 2123 1985; baseline 0.005 -25"><span class='ocrx_word' id='word_1_118' title='bbox 469 1905 662 1971; x_wconf 88' lang='lat' dir='ltr'><strong>disset,</strong></span> <span class='ocrx_word' id='word_1_119' title='bbox 695 1923 838 1963; x_wconf 90' lang='lat' dir='ltr'><strong>nunc</strong></span> <span class='ocrx_word' id='word_1_120' title='bbox 869 1909 1296 1966; x_wconf 85' lang='lat' dir='ltr'><strong>consolationem</strong></span> <span class='ocrx_word' id='word_1_121' title='bbox 1324 1913 1403 1968; x_wconf 89' lang='lat' dir='ltr'><strong>eis</strong></span> <span class='ocrx_word' id='word_1_122' title='bbox 1435 1914 1749 1980; x_wconf 86' lang='lat' dir='ltr'><strong>meditatur,</strong></span> <span class='ocrx_word' id='word_1_123' title='bbox 1780 1925 1943 1985; x_wconf 88' lang='lat' dir='ltr'><strong>atque</strong></span> <span class='ocrx_word' id='word_1_124' title='bbox 1970 1917 2054 1972; x_wconf 87' lang='lat' dir='ltr'><strong>in-</strong></span> <span class='ocrx_word' id='word_1_125' title='bbox 2083 1897 2123 1952; x_wconf 77' lang='grc' dir='ltr'><strong><em>Β</em></strong></span> 
     </span>
    </p>
   </div>
   <div class='ocr_carea' id='block_1_20' title="bbox 471 1996 2044 2072">
    <p class='ocr_par' dir='ltr' id='par_1_20' title="bbox 471 1996 2044 2072">
     <span class='ocr_line' id='line_1_20' title="bbox 471 1996 2044 2072; baseline 0.007 -25"><span class='ocrx_word' id='word_1_126' title='bbox 471 2003 754 2065; x_wconf 86' lang='lat' dir='ltr'><strong>terrogat:</strong></span> <span class='ocrx_word' id='word_1_127' title='bbox 793 2015 811 2049; x_wconf 80' lang='grc' dir='ltr'><strong>ι</strong></span> <span class='ocrx_word' id='word_1_128' title='bbox 858 1996 1114 2068; x_wconf 81' lang='lat' dir='ltr'><strong>Nunquid</strong></span> <span class='ocrx_word' id='word_1_129' title='bbox 1164 2001 1508 2072; x_wconf 88' lang='lat' dir='ltr'><strong>impegerunt</strong></span> <span class='ocrx_word' id='word_1_130' title='bbox 1539 2041 1556 2068; x_wconf 99' lang='lat'><strong>,</strong></span> <span class='ocrx_word' id='word_1_131' title='bbox 1590 2013 1651 2058; x_wconf 91' lang='lat' dir='ltr'><strong>nt</strong></span> <span class='ocrx_word' id='word_1_132' title='bbox 1697 2004 1986 2060; x_wconf 85' lang='lat' dir='ltr'><strong>caderent?</strong></span> <span class='ocrx_word' id='word_1_133' title='bbox 2024 2024 2044 2058; x_wconf 74' lang='grc' dir='ltr'><strong>ι</strong></span> 
     </span>
    </p>
   </div>
   <div class='ocr_carea' id='block_1_21' title="bbox 471 2085 2042 2165">
    <p class='ocr_par' dir='ltr' id='par_1_21' title="bbox 471 2085 2042 2165">
     <span class='ocr_line' id='line_1_21' title="bbox 471 2085 2042 2165; baseline 0.008 -25"><span class='ocrx_word' id='word_1_134' title='bbox 471 2085 578 2140; x_wconf 79' lang='lat' dir='ltr'><strong>huc</strong></span> <span class='ocrx_word' id='word_1_135' title='bbox 608 2097 712 2153; x_wconf 88' lang='lat' dir='ltr'><strong>est,</strong></span> <span class='ocrx_word' id='word_1_136' title='bbox 739 2087 990 2160; x_wconf 90' lang='lat' dir='ltr'><strong>Nunquid</strong></span> <span class='ocrx_word' id='word_1_137' title='bbox 1032 2091 1402 2149; x_wconf 88' lang='lat' dir='ltr'><strong>incurabiliter</strong></span> <span class='ocrx_word' id='word_1_138' title='bbox 1441 2094 1825 2165; x_wconf 81' lang='lat' dir='ltr'><strong>deliquerunt?</strong></span> <span class='ocrx_word' id='word_1_139' title='bbox 1853 2093 2042 2152; x_wconf 77' lang='lat' dir='ltr'><strong>Haud-</strong></span> 
     </span>
    </p>
   </div>
   <div class='ocr_carea' id='block_1_22' title="bbox 471 2179 2046 2254">
    <p class='ocr_par' dir='ltr' id='par_1_22' title="bbox 471 2179 2046 2254">
     <span class='ocr_line' id='line_1_22' title="bbox 471 2179 2046 2254; baseline 0.012 -27"><span class='ocrx_word' id='word_1_140' title='bbox 471 2193 764 2247; x_wconf 85' lang='lat' dir='ltr'><strong>quaquam.</strong></span> <span class='ocrx_word' id='word_1_141' title='bbox 798 2179 1142 2252; x_wconf 82' lang='lat' dir='ltr'><strong>lmpegerunt</strong></span> <span class='ocrx_word' id='word_1_142' title='bbox 1180 2185 1346 2252; x_wconf 90' lang='lat' dir='ltr'><strong>enim,</strong></span> <span class='ocrx_word' id='word_1_143' title='bbox 1385 2185 1488 2242; x_wconf 85' lang='lat' dir='ltr'><strong>hoc</strong></span> <span class='ocrx_word' id='word_1_144' title='bbox 1530 2196 1632 2254; x_wconf 88' lang='lat' dir='ltr'><strong>est,</strong></span> <span class='ocrx_word' id='word_1_145' title='bbox 1666 2186 2046 2246; x_wconf 74' lang='lat' dir='ltr'><strong>offenderunt:</strong></span> 
     </span>
    </p>
   </div>
   <div class='ocr_carea' id='block_1_23' title="bbox 471 2276 2050 2350">
    <p class='ocr_par' dir='ltr' id='par_1_23' title="bbox 471 2276 2050 2350">
     <span class='ocr_line' id='line_1_23' title="bbox 471 2276 2050 2350; baseline 0.009 -29"><span class='ocrx_word' id='word_1_146' title='bbox 471 2282 657 2324; x_wconf 86' lang='lat' dir='ltr'><strong>verum</strong></span> <span class='ocrx_word' id='word_1_147' title='bbox 703 2287 807 2326; x_wconf 90' lang='lat' dir='ltr'><strong>non</strong></span> <span class='ocrx_word' id='word_1_148' title='bbox 856 2281 915 2328; x_wconf 90' lang='lat' dir='ltr'><strong>ut</strong></span> <span class='ocrx_word' id='word_1_149' title='bbox 963 2276 1219 2331; x_wconf 87' lang='lat' dir='ltr'><strong>caderent</strong></span> <span class='ocrx_word' id='word_1_150' title='bbox 1263 2277 1520 2345; x_wconf 88' lang='lat' dir='ltr'><strong>omnino,</strong></span> <span class='ocrx_word' id='word_1_151' title='bbox 1565 2279 1638 2334; x_wconf 89' lang='lat' dir='ltr'><strong>ita</strong></span> <span class='ocrx_word' id='word_1_152' title='bbox 1672 2289 1730 2335; x_wconf 91' lang='lat' dir='ltr'><strong>ut</strong></span> <span class='ocrx_word' id='word_1_153' title='bbox 1777 2296 2050 2350; x_wconf 87' lang='lat' dir='ltr'><strong>nunquam</strong></span> 
     </span>
    </p>
   </div>
   <div class='ocr_carea' id='block_1_24' title="bbox 471 2362 2053 2442">
    <p class='ocr_par' dir='ltr' id='par_1_24' title="bbox 471 2362 2053 2442">
     <span class='ocr_line' id='line_1_24' title="bbox 471 2362 2053 2442; baseline 0.009 -29"><span class='ocrx_word' id='word_1_154' title='bbox 471 2362 605 2431; x_wconf 82' lang='lat' dir='ltr'><strong>erigi</strong></span> <span class='ocrx_word' id='word_1_155' title='bbox 654 2373 897 2431; x_wconf 85' lang='lat' dir='ltr'><strong>possent.</strong></span> <span class='ocrx_word' id='word_1_156' title='bbox 970 2367 1181 2422; x_wconf 87' lang='lat' dir='ltr'><strong>Etenim</strong></span> <span class='ocrx_word' id='word_1_157' title='bbox 1235 2372 1598 2426; x_wconf 87' lang='lat' dir='ltr'><strong>servabuntur</strong></span> <span class='ocrx_word' id='word_1_158' title='bbox 1649 2374 1794 2428; x_wconf 90' lang='lat' dir='ltr'><strong>circa</strong></span> <span class='ocrx_word' id='word_1_159' title='bbox 1839 2383 2053 2442; x_wconf 89' lang='lat' dir='ltr'><strong>tempus</strong></span> 
     </span>
    </p>
   </div>
   <div class='ocr_carea' id='block_1_25' title="bbox 472 2456 1977 2531">
    <p class='ocr_par' dir='ltr' id='par_1_25' title="bbox 472 2456 1977 2531">
     <span class='ocr_line' id='line_1_25' title="bbox 472 2456 1977 2531; baseline 0.007 -25"><span class='ocrx_word' id='word_1_160' title='bbox 472 2456 976 2523; x_wconf 89' lang='lat' dir='ltr'><strong>consummationis,</strong></span> <span class='ocrx_word' id='word_1_161' title='bbox 1013 2467 1069 2513; x_wconf 93' lang='lat' dir='ltr'><strong>ut</strong></span> <span class='ocrx_word' id='word_1_162' title='bbox 1100 2459 1150 2514; x_wconf 92' lang='lat' dir='ltr'><strong>in</strong></span> <span class='ocrx_word' id='word_1_163' title='bbox 1185 2475 1477 2531; x_wconf 87' lang='lat' dir='ltr'><strong>progressu</strong></span> <span class='ocrx_word' id='word_1_164' title='bbox 1514 2461 1779 2517; x_wconf 88' lang='lat' dir='ltr'><strong>orationis</strong></span> <span class='ocrx_word' id='word_1_165' title='bbox 1811 2463 1977 2517; x_wconf 86' lang='lat' dir='ltr'><strong>dicet.</strong></span> 
     </span>
    </p>
   </div>
   <div class='ocr_carea' id='block_1_26' title="bbox 552 2545 2053 2626">
    <p class='ocr_par' dir='ltr' id='par_1_26' title="bbox 552 2545 2053 2626">
     <span class='ocr_line' id='line_1_26' title="bbox 552 2545 2053 2626; baseline 0.009 -29"><span class='ocrx_word' id='word_1_166' title='bbox 552 2563 570 2596; x_wconf 84' lang='grc' dir='ltr'><strong>ι</strong></span> <span class='ocrx_word' id='word_1_167' title='bbox 609 2545 714 2600; x_wconf 86' lang='lat' dir='ltr'><strong>Sed</strong></span> <span class='ocrx_word' id='word_1_168' title='bbox 757 2562 945 2603; x_wconf 89' lang='lat' dir='ltr'><strong>eorum</strong></span> <span class='ocrx_word' id='word_1_169' title='bbox 977 2549 1173 2608; x_wconf 89' lang='lat' dir='ltr'><strong>delicto</strong></span> <span class='ocrx_word' id='word_1_170' title='bbox 1220 2553 1368 2609; x_wconf 90' lang='lat' dir='ltr'><strong>salus</strong></span> <span class='ocrx_word' id='word_1_171' title='bbox 1423 2555 1673 2626; x_wconf 76' lang='lat' dir='ltr'><strong>gentibus</strong></span> <span class='ocrx_word' id='word_1_172' title='bbox 1719 2557 1944 2624; x_wconf 88' lang='lat' dir='ltr'><strong>obtigit,</strong></span> <span class='ocrx_word' id='word_1_173' title='bbox 1992 2564 2053 2611; x_wconf 86' lang='lat' dir='ltr'><strong>ut</strong></span> 
     </span>
    </p>
   </div>
   <div class='ocr_carea' id='block_1_27' title="bbox 472 2636 2052 2711">
    <p class='ocr_par' dir='ltr' id='par_1_27' title="bbox 472 2636 2052 2711">
     <span class='ocr_line' id='line_1_27' title="bbox 472 2636 2052 2711; baseline 0.011 -22"><span class='ocrx_word' id='word_1_174' title='bbox 472 2636 539 2690; x_wconf 90' lang='lat' dir='ltr'><strong>ad</strong></span> <span class='ocrx_word' id='word_1_175' title='bbox 589 2637 950 2694; x_wconf 73' lang='lat' dir='ltr'><strong>annulandum</strong></span> <span class='ocrx_word' id='word_1_176' title='bbox 1013 2654 1337 2711; x_wconf 87' lang='lat' dir='ltr'><strong>provocaret</strong></span> <span class='ocrx_word' id='word_1_177' title='bbox 1390 2660 1506 2700; x_wconf 82' lang='lat' dir='ltr'><strong>eos.</strong></span> <span class='ocrx_word' id='word_1_178' title='bbox 1555 2666 1574 2700; x_wconf 72' lang='grc' dir='ltr'><strong>ι</strong></span> <span class='ocrx_word' id='word_1_179' title='bbox 1613 2646 1728 2702; x_wconf 91' lang='lat' dir='ltr'><strong>Duo</strong></span> <span class='ocrx_word' id='word_1_180' title='bbox 1789 2648 1894 2704; x_wconf 76' lang='lat' dir='ltr'><strong>ista</strong></span> <span class='ocrx_word' id='word_1_181' title='bbox 1940 2651 2052 2707; x_wconf 85' lang='lat' dir='ltr'><strong>vult</strong></span> 
     </span>
    </p>
   </div>
   <div class='ocr_carea' id='block_1_28' title="bbox 475 2736 2049 2810">
    <p class='ocr_par' dir='ltr' id='par_1_28' title="bbox 475 2736 2049 2810">
     <span class='ocr_line' id='line_1_28' title="bbox 475 2736 2049 2810; baseline 0.012 -31"><span class='ocrx_word' id='word_1_182' title='bbox 475 2736 732 2795; x_wconf 63' lang='lat' dir='ltr'><strong>praestare</strong></span> <span class='ocrx_word' id='word_1_183' title='bbox 765 2743 862 2798; x_wconf 89' lang='lat' dir='ltr'><strong>per</strong></span> <span class='ocrx_word' id='word_1_184' title='bbox 908 2746 970 2786; x_wconf 91' lang='lat' dir='ltr'><strong>ea</strong></span> <span class='ocrx_word' id='word_1_185' title='bbox 1002 2747 1123 2802; x_wconf 68' lang='lat' dir='ltr'><strong>qua:</strong></span> <span class='ocrx_word' id='word_1_186' title='bbox 1155 2750 1297 2790; x_wconf 90' lang='lat' dir='ltr'><strong>nunc</strong></span> <span class='ocrx_word' id='word_1_187' title='bbox 1347 2736 1480 2792; x_wconf 88' lang='lat' dir='ltr'><strong>dicit</strong></span> <span class='ocrx_word' id='word_1_188' title='bbox 1511 2756 1524 2793; x_wconf 90' lang='lat'><strong>:</strong></span> <span class='ocrx_word' id='word_1_189' title='bbox 1555 2754 1750 2810; x_wconf 89' lang='lat' dir='ltr'><strong>nempe</strong></span> <span class='ocrx_word' id='word_1_190' title='bbox 1781 2741 2049 2798; x_wconf 87' lang='lat' dir='ltr'><strong>consolari</strong></span> 
     </span>
    </p>
   </div>
   <div class='ocr_carea' id='block_1_29' title="bbox 473 2814 2048 2904">
    <p class='ocr_par' dir='ltr' id='par_1_29' title="bbox 473 2814 2048 2904">
     <span class='ocr_line' id='line_1_29' title="bbox 473 2814 2048 2904; baseline 0.013 -36"><span class='ocrx_word' id='word_1_191' title='bbox 473 2814 706 2884; x_wconf 65' lang='lat' dir='ltr'><strong>Judmos,</strong></span> <span class='ocrx_word' id='word_1_192' title='bbox 759 2828 812 2874; x_wconf 90' lang='lat' dir='ltr'><strong>et</strong></span> <span class='ocrx_word' id='word_1_193' title='bbox 857 2823 1098 2891; x_wconf 89' lang='lat' dir='ltr'><strong>gentium</strong></span> <span class='ocrx_word' id='word_1_194' title='bbox 1165 2824 1363 2882; x_wconf 82' lang='lat' dir='ltr'><strong>fastum</strong></span> <span class='ocrx_word' id='word_1_195' title='bbox 1420 2834 1735 2899; x_wconf 71' lang='lat' dir='ltr'><strong>reprimere,</strong></span> <span class='ocrx_word' id='word_1_196' title='bbox 1778 2833 2048 2904; x_wconf 87' lang='lat' dir='ltr'><strong>inquiens,</strong></span> 
     </span>
    </p>
   </div>
   <div class='ocr_carea' id='block_1_30' title="bbox 480 2906 2052 2994">
    <p class='ocr_par' dir='ltr' id='par_1_30' title="bbox 480 2906 2052 2994">
     <span class='ocr_line' id='line_1_30' title="bbox 480 2906 2052 2994; baseline 0.017 -39"><span class='ocrx_word' id='word_1_197' title='bbox 480 2906 622 2972; x_wconf 88' lang='lat' dir='ltr'><strong>quod</strong></span> <span class='ocrx_word' id='word_1_198' title='bbox 655 2907 772 2962; x_wconf 89' lang='lat' dir='ltr'><strong>istis</strong></span> <span class='ocrx_word' id='word_1_199' title='bbox 818 2908 1214 2969; x_wconf 85' lang='lat' dir='ltr'><strong>oli&#39;endentibus</strong></span> <span class='ocrx_word' id='word_1_200' title='bbox 1260 2916 1748 2990; x_wconf 87' lang='lat' dir='ltr'><strong>diliidentibusque,</strong></span> <span class='ocrx_word' id='word_1_201' title='bbox 1801 2925 2052 2994; x_wconf 80' lang='lat' dir='ltr'><strong>gentibus</strong></span> 
     </span>
    </p>
   </div>
   <div class='ocr_carea' id='block_1_31' title="bbox 475 2999 2050 3082">
    <p class='ocr_par' dir='ltr' id='par_1_31' title="bbox 475 2999 2050 3082">
     <span class='ocr_line' id='line_1_31' title="bbox 475 2999 2050 3082; baseline 0.014 -32"><span class='ocrx_word' id='word_1_202' title='bbox 475 3007 660 3051; x_wconf 78' lang='lat' dir='ltr'><strong>exorta</strong></span> <span class='ocrx_word' id='word_1_203' title='bbox 690 3008 774 3053; x_wconf 89' lang='lat' dir='ltr'><strong>est</strong></span> <span class='ocrx_word' id='word_1_204' title='bbox 798 2999 963 3057; x_wconf 87' lang='lat' dir='ltr'><strong>salus.</strong></span> <span class='ocrx_word' id='word_1_205' title='bbox 993 3002 1192 3058; x_wconf 77' lang='lat' dir='ltr'><strong>Rerum</strong></span> <span class='ocrx_word' id='word_1_206' title='bbox 1225 3007 1371 3061; x_wconf 89' lang='lat' dir='ltr'><strong>enim</strong></span> <span class='ocrx_word' id='word_1_207' title='bbox 1397 3009 1530 3064; x_wconf 90' lang='lat' dir='ltr'><strong>ordo</strong></span> <span class='ocrx_word' id='word_1_208' title='bbox 1548 3010 1646 3066; x_wconf 89' lang='lat' dir='ltr'><strong>hos</strong></span> <span class='ocrx_word' id='word_1_209' title='bbox 1675 3013 1902 3082; x_wconf 89' lang='lat' dir='ltr'><strong>primum</strong></span> <span class='ocrx_word' id='word_1_210' title='bbox 1933 3030 2050 3072; x_wconf 85' lang='lat' dir='ltr'><strong>ser-</strong></span> 
     </span>
    </p>
   </div>
   <div class='ocr_carea' id='block_1_32' title="bbox 478 3089 2049 3175">
    <p class='ocr_par' dir='ltr' id='par_1_32' title="bbox 478 3089 2049 3175">
     <span class='ocr_line' id='line_1_32' title="bbox 478 3089 2049 3175; baseline 0.014 -34"><span class='ocrx_word' id='word_1_211' title='bbox 478 3089 590 3142; x_wconf 88' lang='lat' dir='ltr'><strong>vari</strong></span> <span class='ocrx_word' id='word_1_212' title='bbox 639 3091 977 3161; x_wconf 81' lang='lat' dir='ltr'><strong>postulabat,</strong></span> <span class='ocrx_word' id='word_1_213' title='bbox 1027 3093 1220 3152; x_wconf 88' lang='lat' dir='ltr'><strong>deinde</strong></span> <span class='ocrx_word' id='word_1_214' title='bbox 1267 3107 1503 3168; x_wconf 88' lang='lat' dir='ltr'><strong>gentes:</strong></span> <span class='ocrx_word' id='word_1_215' title='bbox 1540 3113 1820 3175; x_wconf 89' lang='lat' dir='ltr'><strong>postquam</strong></span> <span class='ocrx_word' id='word_1_216' title='bbox 1867 3117 2049 3162; x_wconf 90' lang='lat' dir='ltr'><strong>autem</strong></span> 
     </span>
    </p>
   </div>
   <div class='ocr_carea' id='block_1_33' title="bbox 479 3179 2050 3269">
    <p class='ocr_par' dir='ltr' id='par_1_33' title="bbox 479 3179 2050 3269">
     <span class='ocr_line' id='line_1_33' title="bbox 479 3179 2050 3269; baseline 0.016 -37"><span class='ocrx_word' id='word_1_217' title='bbox 479 3179 580 3238; x_wconf 72' lang='lat' dir='ltr'><strong>isti,</strong></span> <span class='ocrx_word' id='word_1_218' title='bbox 610 3181 982 3240; x_wconf 87' lang='lat' dir='ltr'><strong>inobedientes</strong></span> <span class='ocrx_word' id='word_1_219' title='bbox 1008 3184 1134 3241; x_wconf 78' lang='lat' dir='ltr'><strong>facti</strong></span> <span class='ocrx_word' id='word_1_220' title='bbox 1171 3200 1318 3256; x_wconf 88' lang='lat' dir='ltr'><strong>sunt,</strong></span> <span class='ocrx_word' id='word_1_221' title='bbox 1349 3194 1535 3249; x_wconf 67' lang='lat' dir='ltr'><strong>accita:</strong></span> <span class='ocrx_word' id='word_1_222' title='bbox 1565 3205 1695 3251; x_wconf 89' lang='lat' dir='ltr'><strong>sunt</strong></span> <span class='ocrx_word' id='word_1_223' title='bbox 1727 3197 1831 3253; x_wconf 71' lang='lat' dir='ltr'><strong>illa:</strong></span> <span class='ocrx_word' id='word_1_224' title='bbox 1862 3219 1878 3254; x_wconf 87' lang='lat'><strong>:</strong></span> <span class='ocrx_word' id='word_1_225' title='bbox 1909 3203 2050 3269; x_wconf 88' lang='lat' dir='ltr'><strong>quod</strong></span> 
     </span>
    </p>
   </div>
   <div class='ocr_carea' id='block_1_34' title="bbox 477 3272 2050 3360">
    <p class='ocr_par' dir='ltr' id='par_1_34' title="bbox 477 3272 2050 3360">
     <span class='ocr_line' id='line_1_34' title="bbox 477 3272 2050 3360; baseline 0.015 -35"><span class='ocrx_word' id='word_1_226' title='bbox 477 3281 532 3325; x_wconf 90' lang='lat' dir='ltr'><strong>et</strong></span> <span class='ocrx_word' id='word_1_227' title='bbox 572 3273 624 3328; x_wconf 90' lang='lat' dir='ltr'><strong>in</strong></span> <span class='ocrx_word' id='word_1_228' title='bbox 671 3272 976 3346; x_wconf 87' lang='lat' dir='ltr'><strong>Evangeliis</strong></span> <span class='ocrx_word' id='word_1_229' title='bbox 1029 3279 1176 3336; x_wconf 87' lang='lat' dir='ltr'><strong>haud</strong></span> <span class='ocrx_word' id='word_1_230' title='bbox 1231 3284 1420 3352; x_wconf 88' lang='lat' dir='ltr'><strong>paucis</strong></span> <span class='ocrx_word' id='word_1_231' title='bbox 1450 3287 1501 3340; x_wconf 91' lang='lat' dir='ltr'><strong>in</strong></span> <span class='ocrx_word' id='word_1_232' title='bbox 1530 3287 1664 3344; x_wconf 88' lang='lat' dir='ltr'><strong>locis</strong></span> <span class='ocrx_word' id='word_1_233' title='bbox 1698 3291 2050 3360; x_wconf 77' lang='lat' dir='ltr'><strong>signiﬁcatur.</strong></span> 
     </span>
    </p>
   </div>
   <div class='ocr_carea' id='block_1_35' title="bbox 479 3363 2053 3444">
    <p class='ocr_par' dir='ltr' id='par_1_35' title="bbox 479 3363 2053 3444">
     <span class='ocr_line' id='line_1_35' title="bbox 479 3363 2053 3444; baseline 0.015 -26"><span class='ocrx_word' id='word_1_234' title='bbox 479 3363 717 3421; x_wconf 85' lang='lat' dir='ltr'><strong>Servatae</strong></span> <span class='ocrx_word' id='word_1_235' title='bbox 764 3379 944 3424; x_wconf 90' lang='lat' dir='ltr'><strong>autem</strong></span> <span class='ocrx_word' id='word_1_236' title='bbox 993 3383 1119 3428; x_wconf 88' lang='lat' dir='ltr'><strong>sunt</strong></span> <span class='ocrx_word' id='word_1_237' title='bbox 1171 3387 1378 3444; x_wconf 86' lang='lat' dir='ltr'><strong>gentes,</strong></span> <span class='ocrx_word' id='word_1_238' title='bbox 1428 3388 1487 3434; x_wconf 91' lang='lat' dir='ltr'><strong>ut</strong></span> <span class='ocrx_word' id='word_1_239' title='bbox 1517 3396 1537 3432; x_wconf 83' lang='grc' dir='ltr'><strong>ι</strong></span> <span class='ocrx_word' id='word_1_240' title='bbox 1577 3382 1644 3436; x_wconf 89' lang='lat' dir='ltr'><strong>ad</strong></span> <span class='ocrx_word' id='word_1_241' title='bbox 1689 3385 2053 3442; x_wconf 72' lang='lat' dir='ltr'><strong>aemulandum</strong></span> 
     </span>
    </p>
   </div>
   <div class='ocr_carea' id='block_1_36' title="bbox 475 3466 2054 3538">
    <p class='ocr_par' dir='ltr' id='par_1_36' title="bbox 475 3466 2054 3538">
     <span class='ocr_line' id='line_1_36' title="bbox 475 3466 2054 3538; baseline 0.018 -33"><span class='ocrx_word' id='word_1_242' title='bbox 475 3468 797 3525; x_wconf 88' lang='lat' dir='ltr'><strong>provocaret</strong></span> <span class='ocrx_word' id='word_1_243' title='bbox 838 3474 952 3526; x_wconf 86' lang='lat' dir='ltr'><strong>eos,</strong></span> <span class='ocrx_word' id='word_1_244' title='bbox 1007 3481 1027 3516; x_wconf 76' lang='grc' dir='ltr'><strong>ι</strong></span> <span class='ocrx_word' id='word_1_245' title='bbox 1067 3466 1171 3522; x_wconf 91' lang='lat' dir='ltr'><strong>hoc</strong></span> <span class='ocrx_word' id='word_1_246' title='bbox 1198 3477 1303 3535; x_wconf 90' lang='lat' dir='ltr'><strong>est,</strong></span> <span class='ocrx_word' id='word_1_247' title='bbox 1336 3479 1395 3523; x_wconf 92' lang='lat' dir='ltr'><strong>ut</strong></span> <span class='ocrx_word' id='word_1_248' title='bbox 1427 3475 1664 3538; x_wconf 89' lang='lat' dir='ltr'><strong>gentium</strong></span> <span class='ocrx_word' id='word_1_249' title='bbox 1693 3474 1865 3532; x_wconf 88' lang='lat' dir='ltr'><strong>honor</strong></span> <span class='ocrx_word' id='word_1_250' title='bbox 1902 3493 2054 3534; x_wconf 89' lang='lat' dir='ltr'><strong>mor-</strong></span> 
     </span>
    </p>
   </div>
   <div class='ocr_carea' id='block_1_37' title="bbox 474 3546 2054 3628">
    <p class='ocr_par' dir='ltr' id='par_1_37' title="bbox 474 3546 2054 3628">
     <span class='ocr_line' id='line_1_37' title="bbox 474 3546 2054 3628; baseline 0.018 -28"><span class='ocrx_word' id='word_1_251' title='bbox 474 3546 610 3603; x_wconf 91' lang='lat' dir='ltr'><strong>dens</strong></span> <span class='ocrx_word' id='word_1_252' title='bbox 636 3549 756 3616; x_wconf 90' lang='lat' dir='ltr'><strong>bos,</strong></span> <span class='ocrx_word' id='word_1_253' title='bbox 784 3555 1134 3622; x_wconf 89' lang='lat' dir='ltr'><strong>persuaderet</strong></span> <span class='ocrx_word' id='word_1_254' title='bbox 1159 3572 1273 3624; x_wconf 86' lang='lat' dir='ltr'><strong>eos,</strong></span> <span class='ocrx_word' id='word_1_255' title='bbox 1292 3561 1481 3618; x_wconf 81' lang='lat' dir='ltr'><strong>saltem</strong></span> <span class='ocrx_word' id='word_1_256' title='bbox 1504 3579 1570 3620; x_wconf 79' lang='lat' dir='ltr'><strong>ex</strong></span> <span class='ocrx_word' id='word_1_257' title='bbox 1592 3566 1939 3626; x_wconf 64' lang='lat' dir='ltr'><strong>aemulatione</strong></span> <span class='ocrx_word' id='word_1_258' title='bbox 1959 3573 2054 3628; x_wconf 86' lang='lat' dir='ltr'><strong>ad-</strong></span> 
     </span>
    </p>
   </div>
   <div class='ocr_carea' id='block_1_38' title="bbox 474 3645 1518 3713">
    <p class='ocr_par' dir='ltr' id='par_1_38' title="bbox 474 3645 1518 3713">
     <span class='ocr_line' id='line_1_38' title="bbox 474 3645 1518 3713; baseline 0.018 -20"><span class='ocrx_word' id='word_1_259' title='bbox 474 3652 661 3697; x_wconf 82' lang='lat' dir='ltr'><strong>versus</strong></span> <span class='ocrx_word' id='word_1_260' title='bbox 687 3657 801 3711; x_wconf 87' lang='lat' dir='ltr'><strong>eas,</strong></span> <span class='ocrx_word' id='word_1_261' title='bbox 824 3645 890 3700; x_wconf 91' lang='lat' dir='ltr'><strong>ad</strong></span> <span class='ocrx_word' id='word_1_262' title='bbox 920 3647 1200 3705; x_wconf 86' lang='lat' dir='ltr'><strong>Christum</strong></span> <span class='ocrx_word' id='word_1_263' title='bbox 1233 3655 1518 3713; x_wconf 89' lang='lat' dir='ltr'><strong>accedere.</strong></span> 
     </span>
    </p>
   </div>
   <div class='ocr_carea' id='block_1_39' title="bbox 544 3814 2053 3910">
    <p class='ocr_par' dir='ltr' id='par_1_39' title="bbox 544 3814 2053 3910">
     <span class='ocr_line' id='line_1_39' title="bbox 544 3814 2053 3910; baseline 0.021 -41"><span class='ocrx_word' id='word_1_264' title='bbox 544 3814 713 3872; x_wconf 68' lang='lat' dir='ltr'><strong>Vens.</strong></span> <span class='ocrx_word' id='word_1_265' title='bbox 765 3819 852 3910; x_wconf 60' lang='grc' dir='ltr'><strong>Β.</strong></span> <span class='ocrx_word' id='word_1_266' title='bbox 895 3837 914 3873; x_wconf 84' lang='grc' dir='ltr'><strong>ι</strong></span> <span class='ocrx_word' id='word_1_267' title='bbox 967 3823 1118 3889; x_wconf 86' lang='lat' dir='ltr'><strong>Quod</strong></span> <span class='ocrx_word' id='word_1_268' title='bbox 1169 3827 1214 3883; x_wconf 89' lang='lat' dir='ltr'><strong>si</strong></span> <span class='ocrx_word' id='word_1_269' title='bbox 1254 3830 1510 3890; x_wconf 89' lang='lat' dir='ltr'><strong>delictum</strong></span> <span class='ocrx_word' id='word_1_270' title='bbox 1555 3834 1804 3910; x_wconf 90' lang='lat' dir='ltr'><strong>illorum,</strong></span> <span class='ocrx_word' id='word_1_271' title='bbox 1852 3842 2053 3900; x_wconf 73' lang='lat' dir='ltr'><strong>divitiae</strong></span> 
     </span>
    </p>
   </div>
   <div class='ocr_carea' id='block_1_40' title="bbox 473 3909 2048 4003">
    <p class='ocr_par' dir='ltr' id='par_1_40' title="bbox 473 3909 2048 4003">
     <span class='ocr_line' id='line_1_40' title="bbox 473 3909 2048 4003; baseline 0.021 -44"><span class='ocrx_word' id='word_1_272' title='bbox 473 3915 600 3960; x_wconf 83' lang='lat' dir='ltr'><strong>sunt</strong></span> <span class='ocrx_word' id='word_1_273' title='bbox 631 3909 839 3976; x_wconf 89' lang='lat' dir='ltr'><strong>mundi,</strong></span> <span class='ocrx_word' id='word_1_274' title='bbox 869 3920 924 3966; x_wconf 88' lang='lat' dir='ltr'><strong>et</strong></span> <span class='ocrx_word' id='word_1_275' title='bbox 949 3915 1238 3974; x_wconf 89' lang='lat' dir='ltr'><strong>diminutio</strong></span> <span class='ocrx_word' id='word_1_276' title='bbox 1284 3937 1473 3980; x_wconf 88' lang='lat' dir='ltr'><strong>eorum</strong></span> <span class='ocrx_word' id='word_1_277' title='bbox 1521 3928 1725 3986; x_wconf 83' lang='lat' dir='ltr'><strong>divitiae</strong></span> <span class='ocrx_word' id='word_1_278' title='bbox 1756 3909 1996 4003; x_wconf 87' lang='lat' dir='ltr'><strong>gentium</strong></span> <span class='ocrx_word' id='word_1_279' title='bbox 2033 3954 2048 3992; x_wconf 90' lang='lat'><strong>:</strong></span> 
     </span>
    </p>
   </div>
   <div class='ocr_carea' id='block_1_41' title="bbox 475 3999 2054 4088">
    <p class='ocr_par' dir='ltr' id='par_1_41' title="bbox 475 3999 2054 4088">
     <span class='ocr_line' id='line_1_41' title="bbox 475 3999 2054 4088; baseline 0.021 -41"><span class='ocrx_word' id='word_1_280' title='bbox 475 4005 680 4088; x_wconf 84' lang='lat' dir='ltr'><strong>quanto</strong></span> <span class='ocrx_word' id='word_1_281' title='bbox 701 3999 876 4088; x_wconf 84' lang='lat' dir='ltr'><strong>magis</strong></span> <span class='ocrx_word' id='word_1_282' title='bbox 903 4000 1183 4070; x_wconf 89' lang='lat' dir='ltr'><strong>plenitudo</strong></span> <span class='ocrx_word' id='word_1_283' title='bbox 1202 4009 1440 4076; x_wconf 84' lang='lat' dir='ltr'><strong>ipsorum</strong></span> <span class='ocrx_word' id='word_1_284' title='bbox 1459 4015 1484 4069; x_wconf 85' lang='lat'><strong>?</strong></span> <span class='ocrx_word' id='word_1_285' title='bbox 1504 4035 1524 4069; x_wconf 72' lang='grc' dir='ltr'><strong>ι</strong></span> <span class='ocrx_word' id='word_1_286' title='bbox 1555 4017 1634 4084; x_wconf 91' lang='lat' dir='ltr'><strong>Si,</strong></span> <span class='ocrx_word' id='word_1_287' title='bbox 1653 3999 1870 4088; x_wconf 75' lang='lat' dir='ltr'><strong>quando</strong></span> <span class='ocrx_word' id='word_1_288' title='bbox 1893 4021 2054 4079; x_wconf 70' lang='lat' dir='ltr'><strong>oﬁ‘en-</strong></span> 
     </span>
    </p>
   </div>
   <div class='ocr_carea' id='block_1_42' title="bbox 474 4085 2053 4168">
    <p class='ocr_par' dir='ltr' id='par_1_42' title="bbox 474 4085 2053 4168">
     <span class='ocr_line' id='line_1_42' title="bbox 474 4085 2053 4168; baseline 0.018 -27"><span class='ocrx_word' id='word_1_289' title='bbox 474 4085 698 4153; x_wconf 85' lang='lat' dir='ltr'><strong>derunt,</strong></span> <span class='ocrx_word' id='word_1_290' title='bbox 727 4087 924 4158; x_wconf 89' lang='lat' dir='ltr'><strong>inquit,</strong></span> <span class='ocrx_word' id='word_1_291' title='bbox 961 4101 1068 4148; x_wconf 92' lang='lat' dir='ltr'><strong>tam</strong></span> <span class='ocrx_word' id='word_1_292' title='bbox 1095 4099 1278 4155; x_wconf 89' lang='lat' dir='ltr'><strong>multis</strong></span> <span class='ocrx_word' id='word_1_293' title='bbox 1305 4101 1526 4160; x_wconf 76' lang='lat' dir='ltr'><strong>fuerunt</strong></span> <span class='ocrx_word' id='word_1_294' title='bbox 1556 4085 1936 4167; x_wconf 79' lang='lat' dir='ltr'><strong>conciliatores</strong></span> <span class='ocrx_word' id='word_1_295' title='bbox 1963 4127 2053 4168; x_wconf 55' lang='lat' dir='ltr'><strong>sa.</strong></span> 
     </span>
    </p>
   </div>
   <div class='ocr_carea' id='block_1_43' title="bbox 475 4175 2056 4269">
    <p class='ocr_par' dir='ltr' id='par_1_43' title="bbox 475 4175 2056 4269">
     <span class='ocr_line' id='line_1_43' title="bbox 475 4175 2056 4269; baseline 0.021 -40"><span class='ocrx_word' id='word_1_296' title='bbox 475 4175 626 4242; x_wconf 89' lang='lat' dir='ltr'><strong>iutis,</strong></span> <span class='ocrx_word' id='word_1_297' title='bbox 657 4187 712 4233; x_wconf 88' lang='lat' dir='ltr'><strong>et</strong></span> <span class='ocrx_word' id='word_1_298' title='bbox 737 4194 835 4249; x_wconf 90' lang='lat' dir='ltr'><strong>pro</strong></span> <span class='ocrx_word' id='word_1_299' title='bbox 865 4182 967 4236; x_wconf 90' lang='lat' dir='ltr'><strong>hoc</strong></span> <span class='ocrx_word' id='word_1_300' title='bbox 999 4185 1144 4255; x_wconf 90' lang='lat' dir='ltr'><strong>quod</strong></span> <span class='ocrx_word' id='word_1_301' title='bbox 1189 4188 1276 4245; x_wconf 86' lang='lat' dir='ltr'><strong>isti</strong></span> <span class='ocrx_word' id='word_1_302' title='bbox 1315 4190 1537 4251; x_wconf 82' lang='lat' dir='ltr'><strong>luerunt</strong></span> <span class='ocrx_word' id='word_1_303' title='bbox 1567 4199 1776 4269; x_wconf 86' lang='lat' dir='ltr'><strong>rejecti,</strong></span> <span class='ocrx_word' id='word_1_304' title='bbox 1819 4204 1922 4260; x_wconf 66' lang='lat' dir='ltr'><strong>illac</strong></span> <span class='ocrx_word' id='word_1_305' title='bbox 1945 4207 2056 4262; x_wconf 88' lang='lat' dir='ltr'><strong>sint</strong></span> 
     </span>
    </p>
   </div>
   <div class='ocr_carea' id='block_1_44' title="bbox 471 4273 2048 4363">
    <p class='ocr_par' dir='ltr' id='par_1_44' title="bbox 471 4273 2048 4363">
     <span class='ocr_line' id='line_1_44' title="bbox 471 4273 2048 4363; baseline 0.02 -41"><span class='ocrx_word' id='word_1_306' title='bbox 471 4279 787 4363; x_wconf 64' lang='lat' dir='ltr'><strong>assumpta,</strong></span> <span class='ocrx_word' id='word_1_307' title='bbox 809 4273 1114 4363; x_wconf 58' lang='lat' dir='ltr'><strong>lapsusque.</strong></span> <span class='ocrx_word' id='word_1_308' title='bbox 1118 4293 1306 4336; x_wconf 89' lang='lat' dir='ltr'><strong>eorum</strong></span> <span class='ocrx_word' id='word_1_309' title='bbox 1329 4283 1528 4342; x_wconf 69' lang='lat' dir='ltr'><strong>divitiae</strong></span> <span class='ocrx_word' id='word_1_310' title='bbox 1549 4293 1789 4360; x_wconf 89' lang='lat' dir='ltr'><strong>gentium</strong></span> <span class='ocrx_word' id='word_1_311' title='bbox 1814 4293 2048 4353; x_wconf 83' lang='lat' dir='ltr'><strong>fuerint:</strong></span> 
     </span>
    </p>
   </div>
   <div class='ocr_carea' id='block_1_45' title="bbox 479 4360 2052 4457">
    <p class='ocr_par' dir='ltr' id='par_1_45' title="bbox 479 4360 2052 4457">
     <span class='ocr_line' id='line_1_45' title="bbox 479 4360 2052 4457; baseline 0.021 -45"><span class='ocrx_word' id='word_1_312' title='bbox 479 4377 500 4412; x_wconf 84' lang='grc'><em>‹</em></span> <span class='ocrx_word' id='word_1_313' title='bbox 524 4360 741 4428; x_wconf 85' lang='lat' dir='ltr'><strong>Quanto</strong></span> <span class='ocrx_word' id='word_1_314' title='bbox 762 4360 1267 4457; x_wconf 65' lang='lat' dir='ltr'><strong>inagisjplenitudo</strong></span> <span class='ocrx_word' id='word_1_315' title='bbox 1292 4374 1557 4443; x_wconf 85' lang='lat' dir='ltr'><strong>ipsorum,</strong></span> <span class='ocrx_word' id='word_1_316' title='bbox 1596 4399 1616 4434; x_wconf 81' lang='grc' dir='ltr'><strong>ι</strong></span> <span class='ocrx_word' id='word_1_317' title='bbox 1654 4381 1708 4438; x_wconf 88' lang='lat' dir='ltr'><strong>id</strong></span> <span class='ocrx_word' id='word_1_318' title='bbox 1730 4395 1812 4440; x_wconf 91' lang='lat' dir='ltr'><strong>est</strong></span> <span class='ocrx_word' id='word_1_319' title='bbox 1837 4390 2052 4457; x_wconf 88' lang='lat' dir='ltr'><strong>quando</strong></span> 
     </span>
    </p>
   </div>
   <div class='ocr_carea' id='block_1_46' title="bbox 471 4455 2053 4535">
    <p class='ocr_par' dir='ltr' id='par_1_46' title="bbox 471 4455 2053 4535">
     <span class='ocr_line' id='line_1_46' title="bbox 471 4455 2053 4535; baseline 0.018 -29"><span class='ocrx_word' id='word_1_320' title='bbox 471 4464 660 4508; x_wconf 86' lang='lat' dir='ltr'><strong>omnes</strong></span> <span class='ocrx_word' id='word_1_321' title='bbox 705 4455 771 4508; x_wconf 90' lang='lat' dir='ltr'><strong>ad</strong></span> <span class='ocrx_word' id='word_1_322' title='bbox 813 4455 1089 4516; x_wconf 87' lang='lat' dir='ltr'><strong>Christum</strong></span> <span class='ocrx_word' id='word_1_323' title='bbox 1136 4466 1340 4522; x_wconf 89' lang='lat' dir='ltr'><strong>reversi</strong></span> <span class='ocrx_word' id='word_1_324' title='bbox 1396 4471 1600 4526; x_wconf 87' lang='lat' dir='ltr'><strong>servati</strong></span> <span class='ocrx_word' id='word_1_325' title='bbox 1644 4455 1886 4532; x_wconf 72' lang='lat' dir='ltr'><strong>iuerint?</strong></span> <span class='ocrx_word' id='word_1_326' title='bbox 1927 4477 2053 4535; x_wconf 68' lang='lat' dir='ltr'><strong>llaec</strong></span> 
     </span>
    </p>
   </div>
   <div class='ocr_carea' id='block_1_47' title="bbox 474 4547 2054 4634">
    <p class='ocr_par' dir='ltr' id='par_1_47' title="bbox 474 4547 2054 4634">
     <span class='ocr_line' id='line_1_47' title="bbox 474 4547 2054 4634; baseline 0.018 -34"><span class='ocrx_word' id='word_1_327' title='bbox 474 4555 651 4601; x_wconf 88' lang='lat' dir='ltr'><strong>autem</strong></span> <span class='ocrx_word' id='word_1_328' title='bbox 683 4547 816 4603; x_wconf 89' lang='lat' dir='ltr'><strong>dicit</strong></span> <span class='ocrx_word' id='word_1_329' title='bbox 845 4550 1012 4608; x_wconf 88' lang='lat' dir='ltr'><strong>veluti</strong></span> <span class='ocrx_word' id='word_1_330' title='bbox 1041 4556 1354 4626; x_wconf 81' lang='lat' dir='ltr'><strong>gratiﬁcans</strong></span> <span class='ocrx_word' id='word_1_331' title='bbox 1385 4560 1538 4634; x_wconf 86' lang='lat' dir='ltr'><strong>ipsis,</strong></span> <span class='ocrx_word' id='word_1_332' title='bbox 1574 4576 1630 4622; x_wconf 91' lang='lat' dir='ltr'><strong>et</strong></span> <span class='ocrx_word' id='word_1_333' title='bbox 1649 4568 1892 4627; x_wconf 89' lang='lat' dir='ltr'><strong>solamen</strong></span> <span class='ocrx_word' id='word_1_334' title='bbox 1921 4570 2054 4627; x_wconf 82' lang='lat' dir='ltr'><strong>ali‘e-</strong></span> 
     </span>
    </p>
   </div>
   <div class='ocr_carea' id='block_1_48' title="bbox 2145 629 3725 706">
    <p class='ocr_par' dir='ltr' id='par_1_48' title="bbox 2145 629 3725 706">
     <span class='ocr_line' id='line_1_48' title="bbox 2145 629 3725 706; baseline -0.008 -12"><span class='ocrx_word' id='word_1_335' title='bbox 2145 643 2286 706; x_wconf 76' lang='grc' dir='ltr'><strong>πεζα</strong></span> <span class='ocrx_word' id='word_1_336' title='bbox 2307 639 2508 702; x_wconf 76' lang='grc' dir='ltr'><strong>αὐτῶν,</strong></span> <span class='ocrx_word' id='word_1_337' title='bbox 2533 635 3000 703; x_wconf 80' lang='grc' dir='ltr'><strong>τουτέστι,πάντα</strong></span> <span class='ocrx_word' id='word_1_338' title='bbox 3027 634 3096 687; x_wconf 85' lang='grc' dir='ltr'><strong>τὰ</strong></span> <span class='ocrx_word' id='word_1_339' title='bbox 3124 632 3326 702; x_wconf 81' lang='grc' dir='ltr'><strong>ἀγαθά,</strong></span> <span class='ocrx_word' id='word_1_340' title='bbox 3345 631 3440 684; x_wconf 76' lang='grc' dir='ltr'><strong>καὶ</strong></span> <span class='ocrx_word' id='word_1_341' title='bbox 3463 629 3725 701; x_wconf 71' lang='grc' dir='ltr'><strong>ἡτρυςρὴ,</strong></span> 
     </span>
    </p>
   </div>
   <div class='ocr_carea' id='block_1_49' title="bbox 2148 721 3730 806">
    <p class='ocr_par' dir='ltr' id='par_1_49' title="bbox 2148 721 3730 806">
     <span class='ocr_line' id='line_1_49' title="bbox 2148 721 3730 806; baseline -0.009 -19"><span class='ocrx_word' id='word_1_342' title='bbox 2148 732 2622 806; x_wconf 75' lang='grc' dir='ltr'><strong>μεταϐληθήσεται</strong></span> <span class='ocrx_word' id='word_1_343' title='bbox 2654 729 2700 762; x_wconf 76' lang='grc'>⁸⁸</span> <span class='ocrx_word' id='word_1_344' title='bbox 2745 729 2826 792; x_wconf 86' lang='grc' dir='ltr'><strong>είς</strong></span> <span class='ocrx_word' id='word_1_345' title='bbox 2852 726 3200 782; x_wconf 73' lang='grc' dir='ltr'><strong>τούναντίον⁸</strong></span> <span class='ocrx_word' id='word_1_346' title='bbox 3249 724 3346 778; x_wconf 73' lang='grc' dir='ltr'><strong>καὶ</strong></span> <span class='ocrx_word' id='word_1_347' title='bbox 3386 721 3730 790; x_wconf 71' lang='grc' dir='ltr'><strong>παγιδευθὴ⁸</strong></span> 
     </span>
    </p>
   </div>
   <div class='ocr_carea' id='block_1_50' title="bbox 2143 815 3730 893">
    <p class='ocr_par' dir='ltr' id='par_1_50' title="bbox 2143 815 3730 893">
     <span class='ocr_line' id='line_1_50' title="bbox 2143 815 3730 893; baseline -0.009 -13"><span class='ocrx_word' id='word_1_348' title='bbox 2143 843 2326 880; x_wconf 78' lang='grc' dir='ltr'><strong>τωσαν</strong></span> <span class='ocrx_word' id='word_1_349' title='bbox 2356 825 2403 856; x_wconf 84' lang='grc'><strong>⁸¹</strong></span> <span class='ocrx_word' id='word_1_350' title='bbox 2457 826 2550 878; x_wconf 72' lang='grc' dir='ltr'><strong>καὶ</strong></span> <span class='ocrx_word' id='word_1_351' title='bbox 2589 821 3087 893; x_wconf 81' lang='grc' dir='ltr'><strong>συλληφθήτωσαν,</strong></span> <span class='ocrx_word' id='word_1_352' title='bbox 3129 817 3449 890; x_wconf 76' lang='grc' dir='ltr'><strong>εὐχείρωτοι</strong></span> <span class='ocrx_word' id='word_1_353' title='bbox 3498 815 3544 847; x_wconf 77' lang='grc'><strong>⁸³</strong></span> <span class='ocrx_word' id='word_1_354' title='bbox 3579 816 3730 868; x_wconf 72' lang='grc' dir='ltr'><strong>πᾶσι</strong></span> 
     </span>
    </p>
   </div>
   <div class='ocr_carea' id='block_1_51' title="bbox 2143 905 3732 988">
    <p class='ocr_par' dir='ltr' id='par_1_51' title="bbox 2143 905 3732 988">
     <span class='ocr_line' id='line_1_51' title="bbox 2143 905 3732 988; baseline -0.009 -16"><span class='ocrx_word' id='word_1_355' title='bbox 2143 919 2453 988; x_wconf 82' lang='grc' dir='ltr'><strong>γενόμενοι,</strong></span> <span class='ocrx_word' id='word_1_356' title='bbox 2497 917 2591 971; x_wconf 75' lang='grc' dir='ltr'><strong>καὶ</strong></span> <span class='ocrx_word' id='word_1_357' title='bbox 2638 913 2728 970; x_wconf 76' lang='grc' dir='ltr'><strong>ἀεὶ</strong></span> <span class='ocrx_word' id='word_1_358' title='bbox 2760 912 3038 968; x_wconf 81' lang='grc' dir='ltr'><strong>σκάνδαλα</strong></span> <span class='ocrx_word' id='word_1_359' title='bbox 3068 913 3162 966; x_wconf 77' lang='grc' dir='ltr'><strong>καὶ</strong></span> <span class='ocrx_word' id='word_1_360' title='bbox 3209 909 3611 980; x_wconf 85' lang='grc' dir='ltr'><strong>προσκόμματα</strong></span> <span class='ocrx_word' id='word_1_361' title='bbox 3665 905 3732 958; x_wconf 76' lang='grc' dir='ltr'><strong>ὲν</strong></span> 
     </span>
    </p>
   </div>
   <div class='ocr_carea' id='block_1_52' title="bbox 2145 1001 3822 1084">
    <p class='ocr_par' dir='ltr' id='par_1_52' title="bbox 2145 1001 3822 1084">
     <span class='ocr_line' id='line_1_52' title="bbox 2145 1001 3822 1084; baseline -0.009 -18"><span class='ocrx_word' id='word_1_362' title='bbox 2145 1016 2210 1084; x_wconf 79' lang='grc' dir='ltr'><strong>τῇ</strong></span> <span class='ocrx_word' id='word_1_363' title='bbox 2244 1013 2359 1082; x_wconf 77' lang='grc' dir='ltr'><strong>ζωῇ</strong></span> <span class='ocrx_word' id='word_1_364' title='bbox 2392 1010 2575 1064; x_wconf 87' lang='grc' dir='ltr'><strong>αὐτῶν</strong></span> <span class='ocrx_word' id='word_1_365' title='bbox 2610 1009 2846 1080; x_wconf 73' lang='grc' dir='ltr'><strong>ἔχοντες.</strong></span> <span class='ocrx_word' id='word_1_366' title='bbox 2883 1006 3110 1069; x_wconf 80' lang='grc' dir='ltr'><strong>Δεικνὺς</strong></span> <span class='ocrx_word' id='word_1_367' title='bbox 3135 1005 3214 1069; x_wconf 79' lang='grc' dir='ltr'><strong>δὲ,</strong></span> <span class='ocrx_word' id='word_1_368' title='bbox 3250 1003 3334 1056; x_wconf 85' lang='grc' dir='ltr'><strong>δτι</strong></span> <span class='ocrx_word' id='word_1_369' title='bbox 3372 1003 3511 1072; x_wconf 80' lang='grc' dir='ltr'><strong>ὑπὲρ</strong></span> <span class='ocrx_word' id='word_1_370' title='bbox 3536 1001 3734 1070; x_wconf 81' lang='grc' dir='ltr'><strong>ἁμαρ·</strong></span> <span class='ocrx_word' id='word_1_371' title='bbox 3817 1001 3822 1004; x_wconf 83' lang='grc'><em>’</em></span> 
     </span>
    </p>
   </div>
   <div class='ocr_carea' id='block_1_53' title="bbox 2146 1092 3738 1172">
    <p class='ocr_par' dir='ltr' id='par_1_53' title="bbox 2146 1092 3738 1172">
     <span class='ocr_line' id='line_1_53' title="bbox 2146 1092 3738 1172; baseline -0.008 -16"><span class='ocrx_word' id='word_1_372' title='bbox 2146 1102 2409 1172; x_wconf 85' lang='grc' dir='ltr'><strong>τημάτων</strong></span> <span class='ocrx_word' id='word_1_373' title='bbox 2443 1100 2620 1154; x_wconf 80' lang='grc' dir='ltr'><strong>ταῦτα</strong></span> <span class='ocrx_word' id='word_1_374' title='bbox 2649 1098 2976 1168; x_wconf 84' lang='grc' dir='ltr'><strong>πάσχουσιν,</strong></span> <span class='ocrx_word' id='word_1_375' title='bbox 3002 1092 3124 1150; x_wconf 80' lang='grc' dir='ltr'><strong>εἷπε</strong></span> <span class='ocrx_word' id='word_1_376' title='bbox 3149 1094 3234 1161; x_wconf 76' lang='grc' dir='ltr'><strong>τὸ,</strong></span> <span class='ocrx_word' id='word_1_377' title='bbox 3279 1112 3298 1146; x_wconf 85' lang='grc' dir='ltr'><strong>ι</strong></span> <span class='ocrx_word' id='word_1_378' title='bbox 3338 1095 3430 1158; x_wconf 69' lang='lat' dir='ltr'><strong>Ei;</strong></span> <span class='ocrx_word' id='word_1_379' title='bbox 3489 1092 3738 1146; x_wconf 82' lang='grc' dir='ltr'><strong>ἀνταπό-</strong></span> 
     </span>
    </p>
   </div>
   <div class='ocr_carea' id='block_1_54' title="bbox 2146 1188 3732 1268">
    <p class='ocr_par' dir='ltr' id='par_1_54' title="bbox 2146 1188 3732 1268">
     <span class='ocr_line' id='line_1_54' title="bbox 2146 1188 3732 1268; baseline -0.007 -17"><span class='ocrx_word' id='word_1_380' title='bbox 2146 1197 2309 1268; x_wconf 85' lang='grc' dir='ltr'><strong>δομα.</strong></span> <span class='ocrx_word' id='word_1_381' title='bbox 2351 1214 2369 1246; x_wconf 73' lang='grc' dir='ltr'><strong>ι</strong></span> <span class='ocrx_word' id='word_1_382' title='bbox 2418 1195 2578 1249; x_wconf 79' lang='grc' dir='ltr'><strong>Ἀλλὰ</strong></span> <span class='ocrx_word' id='word_1_383' title='bbox 2606 1195 2701 1248; x_wconf 77' lang='grc' dir='ltr'><strong>καὶ</strong></span> <span class='ocrx_word' id='word_1_384' title='bbox 2722 1195 2772 1248; x_wconf 84' lang='lat' dir='ltr'><strong>oi</strong></span> <span class='ocrx_word' id='word_1_385' title='bbox 2800 1193 3073 1263; x_wconf 67' lang='grc' dir='ltr'><strong>ὀφθαλμοὶ</strong></span> <span class='ocrx_word' id='word_1_386' title='bbox 3090 1191 3272 1246; x_wconf 85' lang='grc' dir='ltr'><strong>αὐτῶν</strong></span> <span class='ocrx_word' id='word_1_387' title='bbox 3302 1188 3732 1260; x_wconf 80' lang='grc' dir='ltr'><strong>ὲσκοτίσθησαν,</strong></span> 
     </span>
    </p>
   </div>
   <div class='ocr_carea' id='block_1_55' title="bbox 2151 1279 3738 1358">
    <p class='ocr_par' dir='ltr' id='par_1_55' title="bbox 2151 1279 3738 1358">
     <span class='ocr_line' id='line_1_55' title="bbox 2151 1279 3738 1358; baseline -0.006 -16"><span class='ocrx_word' id='word_1_388' title='bbox 2151 1289 2242 1342; x_wconf 79' lang='grc' dir='ltr'><strong>καὶ</strong></span> <span class='ocrx_word' id='word_1_389' title='bbox 2275 1288 2326 1340; x_wconf 84' lang='grc' dir='ltr'><strong>οί</strong></span> <span class='ocrx_word' id='word_1_390' title='bbox 2360 1289 2542 1358; x_wconf 72' lang='grc' dir='ltr'><strong>νοητοὶ</strong></span> <span class='ocrx_word' id='word_1_391' title='bbox 2579 1287 2677 1356; x_wconf 81' lang='grc' dir='ltr'><strong>μὲν</strong></span> <span class='ocrx_word' id='word_1_392' title='bbox 2724 1287 2963 1350; x_wconf 75' lang='grc' dir='ltr'><strong>πάντως,</strong></span> <span class='ocrx_word' id='word_1_393' title='bbox 2997 1283 3094 1339; x_wconf 80' lang='grc' dir='ltr'><strong>καὶ</strong></span> <span class='ocrx_word' id='word_1_394' title='bbox 3124 1284 3175 1336; x_wconf 80' lang='grc' dir='ltr'><strong>οἱ</strong></span> <span class='ocrx_word' id='word_1_395' title='bbox 3216 1282 3466 1352; x_wconf 69' lang='grc' dir='ltr'><strong>αἰσθητοὶ</strong></span> <span class='ocrx_word' id='word_1_396' title='bbox 3505 1281 3585 1348; x_wconf 67' lang='grc' dir='ltr'><strong>δὲ,</strong></span> <span class='ocrx_word' id='word_1_397' title='bbox 3617 1279 3738 1335; x_wconf 67' lang='grc' dir='ltr'><strong>ἀπὸ</strong></span> 
     </span>
    </p>
   </div>
   <div class='ocr_carea' id='block_1_56' title="bbox 2149 1373 3742 1452">
    <p class='ocr_par' dir='ltr' id='par_1_56' title="bbox 2149 1373 3742 1452">
     <span class='ocr_line' id='line_1_56' title="bbox 2149 1373 3742 1452; baseline -0.006 -18"><span class='ocrx_word' id='word_1_398' title='bbox 2149 1381 2257 1434; x_wconf 89' lang='grc' dir='ltr'><strong>τῶν</strong></span> <span class='ocrx_word' id='word_1_399' title='bbox 2297 1381 2616 1452; x_wconf 78' lang='grc' dir='ltr'><strong>συμιρορῶν.</strong></span> <span class='ocrx_word' id='word_1_400' title='bbox 2653 1379 2764 1434; x_wconf 74' lang='grc' dir='ltr'><strong>Καὶ</strong></span> <span class='ocrx_word' id='word_1_401' title='bbox 2791 1381 2819 1433; x_wconf 79' lang='grc' dir='ltr'><strong>ὁ</strong></span> <span class='ocrx_word' id='word_1_402' title='bbox 2853 1378 3025 1441; x_wconf 86' lang='grc' dir='ltr'><strong>νῶτος</strong></span> <span class='ocrx_word' id='word_1_403' title='bbox 3051 1375 3230 1430; x_wconf 79' lang='grc' dir='ltr'><strong>αὐτῶν</strong></span> <span class='ocrx_word' id='word_1_404' title='bbox 3268 1374 3526 1445; x_wconf 75' lang='grc' dir='ltr'><strong>ἐκάμφθη</strong></span> <span class='ocrx_word' id='word_1_405' title='bbox 3547 1390 3563 1403; x_wconf 82' lang='lat'>&#39;</span> <span class='ocrx_word' id='word_1_406' title='bbox 3606 1373 3742 1426; x_wconf 82' lang='grc' dir='ltr'><strong>δου-</strong></span> 
     </span>
    </p>
   </div>
   <div class='ocr_carea' id='block_1_57' title="bbox 2150 1466 3736 1544">
    <p class='ocr_par' dir='ltr' id='par_1_57' title="bbox 2150 1466 3736 1544">
     <span class='ocr_line' id='line_1_57' title="bbox 2150 1466 3736 1544; baseline -0.006 -16"><span class='ocrx_word' id='word_1_407' title='bbox 2150 1475 2365 1529; x_wconf 86' lang='grc' dir='ltr'><strong>λεύουσι</strong></span> <span class='ocrx_word' id='word_1_408' title='bbox 2397 1475 2505 1544; x_wconf 83' lang='grc' dir='ltr'><strong>γὰρ</strong></span> <span class='ocrx_word' id='word_1_409' title='bbox 2531 1477 2642 1537; x_wconf 77' lang='grc' dir='ltr'><strong>τοῖς</strong></span> <span class='ocrx_word' id='word_1_410' title='bbox 2686 1472 2980 1544; x_wconf 80' lang='grc' dir='ltr'><strong>Ῥωμαίοις</strong></span> <span class='ocrx_word' id='word_1_411' title='bbox 3037 1468 3396 1540; x_wconf 74' lang='grc' dir='ltr'><strong>ἀτελεύτητον</strong></span> <span class='ocrx_word' id='word_1_412' title='bbox 3433 1466 3690 1521; x_wconf 76' lang='grc' dir='ltr'><strong>δουλείαν</strong></span> <span class='ocrx_word' id='word_1_413' title='bbox 3715 1480 3736 1497; x_wconf 75' lang='grc' dir='ltr'><strong><em>ο</em></strong></span> 
     </span>
    </p>
   </div>
   <div class='ocr_carea' id='block_1_58' title="bbox 2150 1558 3740 1639">
    <p class='ocr_par' dir='ltr' id='par_1_58' title="bbox 2150 1558 3740 1639">
     <span class='ocr_line' id='line_1_58' title="bbox 2150 1558 3740 1639; baseline -0.007 -19"><span class='ocrx_word' id='word_1_414' title='bbox 2150 1567 2311 1620; x_wconf 74' lang='grc' dir='ltr'><strong>τοῦτο</strong></span> <span class='ocrx_word' id='word_1_415' title='bbox 2343 1565 2454 1639; x_wconf 84' lang='grc' dir='ltr'><strong>γάρ</strong></span> <span class='ocrx_word' id='word_1_416' title='bbox 2487 1568 2606 1620; x_wconf 79' lang='grc' dir='ltr'><strong>ἐστι</strong></span> <span class='ocrx_word' id='word_1_417' title='bbox 2657 1565 2738 1634; x_wconf 83' lang='grc' dir='ltr'><strong>τὸ,</strong></span> <span class='ocrx_word' id='word_1_418' title='bbox 2779 1584 2798 1618; x_wconf 78' lang='grc' dir='ltr'><strong>ι</strong></span> <span class='ocrx_word' id='word_1_419' title='bbox 2848 1563 3152 1627; x_wconf 86' lang='grc' dir='ltr'><strong>Διαπαντός</strong></span> <span class='ocrx_word' id='word_1_420' title='bbox 3175 1579 3190 1592; x_wconf 86' lang='grc'><strong>·</strong></span> <span class='ocrx_word' id='word_1_421' title='bbox 3232 1579 3250 1614; x_wconf 78' lang='grc' dir='ltr'><strong>ι</strong></span> <span class='ocrx_word' id='word_1_422' title='bbox 3285 1560 3542 1614; x_wconf 84' lang='grc' dir='ltr'><strong>οὐδέποτε</strong></span> <span class='ocrx_word' id='word_1_423' title='bbox 3571 1558 3740 1612; x_wconf 80' lang='grc' dir='ltr'><strong>λύσιν</strong></span> 
     </span>
    </p>
   </div>
   <div class='ocr_carea' id='block_1_59' title="bbox 2151 1655 2701 1727">
    <p class='ocr_par' dir='ltr' id='par_1_59' title="bbox 2151 1655 2701 1727">
     <span class='ocr_line' id='line_1_59' title="bbox 2151 1655 2701 1727; baseline 0 -17"><span class='ocrx_word' id='word_1_424' title='bbox 2151 1656 2451 1727; x_wconf 77' lang='grc' dir='ltr'><strong>ληψόμενοι</strong></span> <span class='ocrx_word' id='word_1_425' title='bbox 2478 1655 2701 1724; x_wconf 77' lang='grc' dir='ltr'><strong>ταύτης.</strong></span> 
     </span>
    </p>
   </div>
   <div class='ocr_carea' id='block_1_60' title="bbox 2230 1740 3744 1818">
    <p class='ocr_par' dir='ltr' id='par_1_60' title="bbox 2230 1740 3744 1818">
     <span class='ocr_line' id='line_1_60' title="bbox 2230 1740 3744 1818; baseline -0.005 -17"><span class='ocrx_word' id='word_1_426' title='bbox 2230 1768 2248 1801; x_wconf 81' lang='grc' dir='ltr'><strong>ι</strong></span> <span class='ocrx_word' id='word_1_427' title='bbox 2286 1748 2445 1818; x_wconf 87' lang='grc' dir='ltr'><strong>Λέγω</strong></span> <span class='ocrx_word' id='word_1_428' title='bbox 2485 1747 2610 1802; x_wconf 76' lang='grc' dir='ltr'><strong>οὖν·</strong></span> <span class='ocrx_word' id='word_1_429' title='bbox 2636 1748 2727 1818; x_wconf 81' lang='grc' dir='ltr'><strong>Μὴ</strong></span> <span class='ocrx_word' id='word_1_430' title='bbox 2777 1746 3064 1812; x_wconf 78' lang='grc' dir='ltr'><strong>ἔπταισαν,</strong></span> <span class='ocrx_word' id='word_1_431' title='bbox 3100 1745 3188 1799; x_wconf 78' lang='grc' dir='ltr'><strong>ἶνα</strong></span> <span class='ocrx_word' id='word_1_432' title='bbox 3231 1744 3471 1809; x_wconf 85' lang='grc' dir='ltr'><strong>πέσωσι;</strong></span> <span class='ocrx_word' id='word_1_433' title='bbox 3501 1743 3596 1812; x_wconf 76' lang='grc' dir='ltr'><strong>Μὴ</strong></span> <span class='ocrx_word' id='word_1_434' title='bbox 3635 1740 3744 1810; x_wconf 80' lang='grc' dir='ltr'><strong>γέ-</strong></span> 
     </span>
    </p>
   </div>
   <div class='ocr_carea' id='block_1_61' title="bbox 2154 1836 3744 1908">
    <p class='ocr_par' dir='ltr' id='par_1_61' title="bbox 2154 1836 3744 1908">
     <span class='ocr_line' id='line_1_61' title="bbox 2154 1836 3744 1908; baseline -0.005 -14"><span class='ocrx_word' id='word_1_435' title='bbox 2154 1859 2316 1896; x_wconf 90' lang='grc' dir='ltr'><strong>νοιτο.</strong></span> <span class='ocrx_word' id='word_1_436' title='bbox 2350 1859 2369 1894; x_wconf 78' lang='grc' dir='ltr'><strong>ι</strong></span> <span class='ocrx_word' id='word_1_437' title='bbox 2415 1839 2642 1902; x_wconf 79' lang='grc' dir='ltr'><strong>Ἰκανῶς</strong></span> <span class='ocrx_word' id='word_1_438' title='bbox 2686 1839 2868 1892; x_wconf 76' lang='grc' dir='ltr'><strong>αὐτῶν</strong></span> <span class='ocrx_word' id='word_1_439' title='bbox 2903 1838 3314 1908; x_wconf 71' lang='grc' dir='ltr'><strong>καθαψάμενος,</strong></span> <span class='ocrx_word' id='word_1_440' title='bbox 3346 1836 3441 1889; x_wconf 85' lang='grc' dir='ltr'><strong>νῦν</strong></span> <span class='ocrx_word' id='word_1_441' title='bbox 3465 1840 3744 1906; x_wconf 82' lang='grc' dir='ltr'><strong>παραμυ-</strong></span> 
     </span>
    </p>
   </div>
   <div class='ocr_carea' id='block_1_62' title="bbox 2153 1927 3740 2002">
    <p class='ocr_par' dir='ltr' id='par_1_62' title="bbox 2153 1927 3740 2002">
     <span class='ocr_line' id='line_1_62' title="bbox 2153 1927 3740 2002; baseline -0.006 -15"><span class='ocrx_word' id='word_1_442' title='bbox 2153 1933 2274 1987; x_wconf 87' lang='grc' dir='ltr'><strong>θίαν</strong></span> <span class='ocrx_word' id='word_1_443' title='bbox 2309 1933 2493 1996; x_wconf 80' lang='grc' dir='ltr'><strong>αὐτοῖς</strong></span> <span class='ocrx_word' id='word_1_444' title='bbox 2513 1933 2830 1996; x_wconf 71' lang='grc' dir='ltr'><strong>ἐπινοεῖται,</strong></span> <span class='ocrx_word' id='word_1_445' title='bbox 2862 1931 2958 1985; x_wconf 71' lang='grc' dir='ltr'><strong>καὶ</strong></span> <span class='ocrx_word' id='word_1_446' title='bbox 2995 1931 3174 2002; x_wconf 76' lang='grc' dir='ltr'><strong>ἐρωτᾷ</strong></span> <span class='ocrx_word' id='word_1_447' title='bbox 3198 1945 3211 1959; x_wconf 90' lang='grc'><strong>·</strong></span> <span class='ocrx_word' id='word_1_448' title='bbox 3255 1949 3273 1983; x_wconf 77' lang='grc' dir='ltr'><strong>ι</strong></span> <span class='ocrx_word' id='word_1_449' title='bbox 3315 1930 3407 1999; x_wconf 83' lang='grc' dir='ltr'><strong>Μὴ</strong></span> <span class='ocrx_word' id='word_1_450' title='bbox 3440 1927 3740 1993; x_wconf 74' lang='grc' dir='ltr'><strong>ἔπταισαν,</strong></span> 
     </span>
    </p>
   </div>
   <div class='ocr_carea' id='block_1_63' title="bbox 2153 2017 3738 2092">
    <p class='ocr_par' dir='ltr' id='par_1_63' title="bbox 2153 2017 3738 2092">
     <span class='ocr_line' id='line_1_63' title="bbox 2153 2017 3738 2092; baseline -0.007 -14"><span class='ocrx_word' id='word_1_451' title='bbox 2153 2025 2241 2078; x_wconf 79' lang='grc' dir='ltr'><strong>ἵνα</strong></span> <span class='ocrx_word' id='word_1_452' title='bbox 2269 2024 2478 2078; x_wconf 82' lang='grc' dir='ltr'><strong>πέσωσι</strong></span> <span class='ocrx_word' id='word_1_453' title='bbox 2507 2041 2522 2090; x_wconf 86' lang='lat'><strong>;</strong></span> <span class='ocrx_word' id='word_1_454' title='bbox 2559 2041 2576 2074; x_wconf 75' lang='grc' dir='ltr'><strong>ι</strong></span> <span class='ocrx_word' id='word_1_455' title='bbox 2612 2023 2912 2088; x_wconf 80' lang='grc' dir='ltr'><strong>τουτέστιν,</strong></span> <span class='ocrx_word' id='word_1_456' title='bbox 2946 2017 3093 2092; x_wconf 61' lang='grc' dir='ltr'><strong>τΔρα</strong></span> <span class='ocrx_word' id='word_1_457' title='bbox 3124 2020 3199 2092; x_wconf 80' lang='grc' dir='ltr'><strong>μὴ</strong></span> <span class='ocrx_word' id='word_1_458' title='bbox 3229 2020 3424 2074; x_wconf 77' lang='grc' dir='ltr'><strong>ἀνίατα</strong></span> <span class='ocrx_word' id='word_1_459' title='bbox 3448 2017 3738 2090; x_wconf 79' lang='grc' dir='ltr'><strong>ἧμαρτονς</strong></span> 
     </span>
    </p>
   </div>
   <div class='ocr_carea' id='block_1_64' title="bbox 2159 2109 3744 2184">
    <p class='ocr_par' dir='ltr' id='par_1_64' title="bbox 2159 2109 3744 2184">
     <span class='ocr_line' id='line_1_64' title="bbox 2159 2109 3744 2184; baseline -0.006 -15"><span class='ocrx_word' id='word_1_460' title='bbox 2159 2133 2178 2169; x_wconf 79' lang='grc' dir='ltr'><strong>ι</strong></span> <span class='ocrx_word' id='word_1_461' title='bbox 2199 2115 2289 2184; x_wconf 79' lang='grc' dir='ltr'><strong>Μὴ</strong></span> <span class='ocrx_word' id='word_1_462' title='bbox 2315 2113 2558 2183; x_wconf 83' lang='grc' dir='ltr'><strong>γένοιτοι</strong></span> <span class='ocrx_word' id='word_1_463' title='bbox 2588 2133 2607 2165; x_wconf 73' lang='grc' dir='ltr'><strong>ι</strong></span> <span class='ocrx_word' id='word_1_464' title='bbox 2646 2115 2949 2168; x_wconf 86' lang='grc' dir='ltr'><strong>Ἐπταισαν</strong></span> <span class='ocrx_word' id='word_1_465' title='bbox 2984 2113 3083 2184; x_wconf 83' lang='grc' dir='ltr'><strong>μὲν</strong></span> <span class='ocrx_word' id='word_1_466' title='bbox 3105 2111 3233 2184; x_wconf 81' lang='grc' dir='ltr'><strong>γὰρ,</strong></span> <span class='ocrx_word' id='word_1_467' title='bbox 3265 2109 3534 2174; x_wconf 77' lang='grc' dir='ltr'><strong>τουτέστι,</strong></span> <span class='ocrx_word' id='word_1_468' title='bbox 3559 2125 3744 2177; x_wconf 84' lang='grc' dir='ltr'><strong>προσ-</strong></span> 
     </span>
    </p>
   </div>
   <div class='ocr_carea' id='block_1_65' title="bbox 2153 2199 3740 2276">
    <p class='ocr_par' dir='ltr' id='par_1_65' title="bbox 2153 2199 3740 2276">
     <span class='ocr_line' id='line_1_65' title="bbox 2153 2199 3740 2276; baseline -0.005 -18"><span class='ocrx_word' id='word_1_469' title='bbox 2153 2206 2419 2276; x_wconf 86' lang='grc' dir='ltr'><strong>έκρουσαν</strong></span> <span class='ocrx_word' id='word_1_470' title='bbox 2442 2205 2511 2270; x_wconf 85' lang='grc'><strong>⁸³,</strong></span> <span class='ocrx_word' id='word_1_471' title='bbox 2539 2205 2652 2258; x_wconf 79' lang='grc' dir='ltr'><strong>ἀλλ’</strong></span> <span class='ocrx_word' id='word_1_472' title='bbox 2699 2205 2798 2275; x_wconf 88' lang='grc' dir='ltr'><strong>ούχ</strong></span> <span class='ocrx_word' id='word_1_473' title='bbox 2825 2204 2914 2256; x_wconf 75' lang='grc' dir='ltr'><strong>ἴνα</strong></span> <span class='ocrx_word' id='word_1_474' title='bbox 2938 2203 3148 2256; x_wconf 80' lang='grc' dir='ltr'><strong>πέσωσι</strong></span> <span class='ocrx_word' id='word_1_475' title='bbox 3183 2201 3426 2264; x_wconf 82' lang='grc' dir='ltr'><strong>τελείως,</strong></span> <span class='ocrx_word' id='word_1_476' title='bbox 3458 2199 3740 2270; x_wconf 85' lang='grc' dir='ltr'><strong>μηδέποτε</strong></span> 
     </span>
    </p>
   </div>
   <div class='ocr_carea' id='block_1_66' title="bbox 2150 2289 3742 2368">
    <p class='ocr_par' dir='ltr' id='par_1_66' title="bbox 2150 2289 3742 2368">
     <span class='ocr_line' id='line_1_66' title="bbox 2150 2289 3742 2368; baseline -0.005 -20"><span class='ocrx_word' id='word_1_477' title='bbox 2150 2295 2458 2367; x_wconf 72' lang='grc' dir='ltr'><strong>ὀρθωθῆναι</strong></span> <span class='ocrx_word' id='word_1_478' title='bbox 2477 2295 2767 2366; x_wconf 76' lang='grc' dir='ltr'><strong>δυνάμενοι</strong></span> <span class='ocrx_word' id='word_1_479' title='bbox 2786 2312 2799 2327; x_wconf 87' lang='grc'><strong>·</strong></span> <span class='ocrx_word' id='word_1_480' title='bbox 2839 2296 2932 2347; x_wconf 74' lang='grc' dir='ltr'><strong>καὶ</strong></span> <span class='ocrx_word' id='word_1_481' title='bbox 2959 2293 3069 2368; x_wconf 81' lang='grc' dir='ltr'><strong>γὰρ</strong></span> <span class='ocrx_word' id='word_1_482' title='bbox 3098 2293 3440 2364; x_wconf 81' lang='grc' dir='ltr'><strong>σωθήσονται</strong></span> <span class='ocrx_word' id='word_1_483' title='bbox 3465 2290 3610 2346; x_wconf 70' lang='grc' dir='ltr'><strong>κατὰ</strong></span> <span class='ocrx_word' id='word_1_484' title='bbox 3635 2289 3742 2342; x_wconf 77' lang='grc' dir='ltr'><strong>τὸν</strong></span> 
     </span>
    </p>
   </div>
   <div class='ocr_carea' id='block_1_67' title="bbox 2151 2382 3342 2457">
    <p class='ocr_par' dir='ltr' id='par_1_67' title="bbox 2151 2382 3342 2457">
     <span class='ocr_line' id='line_1_67' title="bbox 2151 2382 3342 2457; baseline -0.003 -16"><span class='ocrx_word' id='word_1_485' title='bbox 2151 2385 2346 2457; x_wconf 77' lang='grc' dir='ltr'><strong>καιρὸν</strong></span> <span class='ocrx_word' id='word_1_486' title='bbox 2374 2387 2475 2457; x_wconf 82' lang='grc' dir='ltr'><strong>τῆς</strong></span> <span class='ocrx_word' id='word_1_487' title='bbox 2502 2386 2838 2453; x_wconf 85' lang='grc' dir='ltr'><strong>συντελείας,</strong></span> <span class='ocrx_word' id='word_1_488' title='bbox 2872 2385 2947 2449; x_wconf 86' lang='grc' dir='ltr'><strong>ὼς</strong></span> <span class='ocrx_word' id='word_1_489' title='bbox 2970 2382 3178 2456; x_wconf 78' lang='grc' dir='ltr'><strong>προῖὼν</strong></span> <span class='ocrx_word' id='word_1_490' title='bbox 3207 2385 3342 2455; x_wconf 73' lang='grc' dir='ltr'><strong>ἐρεῖ.</strong></span> 
     </span>
    </p>
   </div>
   <div class='ocr_carea' id='block_1_68' title="bbox 2230 2561 3743 2636">
    <p class='ocr_par' dir='ltr' id='par_1_68' title="bbox 2230 2561 3743 2636">
     <span class='ocr_line' id='line_1_68' title="bbox 2230 2561 3743 2636; baseline -0.003 -17"><span class='ocrx_word' id='word_1_491' title='bbox 2230 2583 2250 2619; x_wconf 78' lang='grc' dir='ltr'><strong>ι</strong></span> <span class='ocrx_word' id='word_1_492' title='bbox 2299 2563 2468 2620; x_wconf 82' lang='grc' dir='ltr'><strong>Ἀλλὰ</strong></span> <span class='ocrx_word' id='word_1_493' title='bbox 2493 2563 2574 2636; x_wconf 84' lang='grc' dir='ltr'><strong>τῷ</strong></span> <span class='ocrx_word' id='word_1_494' title='bbox 2603 2564 2784 2620; x_wconf 77' lang='grc' dir='ltr'><strong>αὐτῶν</strong></span> <span class='ocrx_word' id='word_1_495' title='bbox 2829 2565 3242 2636; x_wconf 78' lang='grc' dir='ltr'><strong>παραπτώματι</strong></span> <span class='ocrx_word' id='word_1_496' title='bbox 3275 2563 3309 2634; x_wconf 80' lang='grc' dir='ltr'>ὴ</span> <span class='ocrx_word' id='word_1_497' title='bbox 3345 2561 3586 2632; x_wconf 74' lang='grc' dir='ltr'><strong>σωτηρία</strong></span> <span class='ocrx_word' id='word_1_498' title='bbox 3619 2563 3743 2624; x_wconf 82' lang='grc' dir='ltr'><strong>τοῖς</strong></span> 
     </span>
    </p>
   </div>
   <div class='ocr_carea' id='block_1_69' title="bbox 2151 2651 3746 2725">
    <p class='ocr_par' dir='ltr' id='par_1_69' title="bbox 2151 2651 3746 2725">
     <span class='ocr_line' id='line_1_69' title="bbox 2151 2651 3746 2725; baseline -0.004 -16"><span class='ocrx_word' id='word_1_499' title='bbox 2151 2655 2386 2720; x_wconf 66' lang='grc' dir='ltr'><strong>ἔθνεσιν,</strong></span> <span class='ocrx_word' id='word_1_500' title='bbox 2427 2656 2508 2719; x_wconf 85' lang='grc' dir='ltr'><strong>είς</strong></span> <span class='ocrx_word' id='word_1_501' title='bbox 2538 2655 2597 2708; x_wconf 84' lang='grc' dir='ltr'><strong>τὸ</strong></span> <span class='ocrx_word' id='word_1_502' title='bbox 2641 2653 3042 2725; x_wconf 75' lang='grc' dir='ltr'><strong>παραζηλῶσαι</strong></span> <span class='ocrx_word' id='word_1_503' title='bbox 3091 2652 3308 2716; x_wconf 89' lang='grc' dir='ltr'><strong>αύτούς.</strong></span> <span class='ocrx_word' id='word_1_504' title='bbox 3345 2671 3364 2702; x_wconf 73' lang='grc' dir='ltr'><strong>ι</strong></span> <span class='ocrx_word' id='word_1_505' title='bbox 3413 2651 3516 2703; x_wconf 90' lang='grc' dir='ltr'><strong>Δύο</strong></span> <span class='ocrx_word' id='word_1_506' title='bbox 3557 2651 3746 2704; x_wconf 78' lang='grc' dir='ltr'><strong>ταῦτα</strong></span> 
     </span>
    </p>
   </div>
   <div class='ocr_carea' id='block_1_70' title="bbox 2154 2739 3748 2819">
    <p class='ocr_par' dir='ltr' id='par_1_70' title="bbox 2154 2739 3748 2819">
     <span class='ocr_line' id='line_1_70' title="bbox 2154 2739 3748 2819; baseline -0.003 -18"><span class='ocrx_word' id='word_1_507' title='bbox 2154 2747 2404 2819; x_wconf 84' lang='grc' dir='ltr'><strong>βούλεται</strong></span> <span class='ocrx_word' id='word_1_508' title='bbox 2435 2744 2806 2818; x_wconf 82' lang='grc' dir='ltr'><strong>κατορθῶσαι,</strong></span> <span class='ocrx_word' id='word_1_509' title='bbox 2835 2745 2902 2798; x_wconf 82' lang='grc' dir='ltr'><strong>δι’</strong></span> <span class='ocrx_word' id='word_1_510' title='bbox 2931 2739 3006 2798; x_wconf 83' lang='grc' dir='ltr'><strong>ὧν</strong></span> <span class='ocrx_word' id='word_1_511' title='bbox 3038 2743 3185 2814; x_wconf 82' lang='grc' dir='ltr'><strong>λέγει</strong></span> <span class='ocrx_word' id='word_1_512' title='bbox 3219 2744 3315 2797; x_wconf 75' lang='grc' dir='ltr'><strong>νῦν</strong></span> <span class='ocrx_word' id='word_1_513' title='bbox 3336 2762 3347 2776; x_wconf 90' lang='grc'><strong>·</strong></span> <span class='ocrx_word' id='word_1_514' title='bbox 3377 2743 3440 2797; x_wconf 82' lang='grc' dir='ltr'><strong>τό</strong></span> <span class='ocrx_word' id='word_1_515' title='bbox 3467 2759 3526 2795; x_wconf 88' lang='grc' dir='ltr'><strong>τε</strong></span> <span class='ocrx_word' id='word_1_516' title='bbox 3554 2759 3748 2813; x_wconf 81' lang='grc' dir='ltr'><strong>παρα-</strong></span> 
     </span>
    </p>
   </div>
   <div class='ocr_carea' id='block_1_71' title="bbox 2155 2830 3746 2911">
    <p class='ocr_par' dir='ltr' id='par_1_71' title="bbox 2155 2830 3746 2911">
     <span class='ocr_line' id='line_1_71' title="bbox 2155 2830 3746 2911; baseline -0.004 -18"><span class='ocrx_word' id='word_1_517' title='bbox 2155 2830 2502 2911; x_wconf 83' lang='grc' dir='ltr'><strong>μυθήσασθαι</strong></span> <span class='ocrx_word' id='word_1_518' title='bbox 2547 2837 2675 2901; x_wconf 81' lang='grc' dir='ltr'><strong>τοὺς</strong></span> <span class='ocrx_word' id='word_1_519' title='bbox 2719 2835 3033 2900; x_wconf 83' lang='grc' dir='ltr'><strong>Ἰουδαίους,</strong></span> <span class='ocrx_word' id='word_1_520' title='bbox 3068 2837 3163 2889; x_wconf 76' lang='grc' dir='ltr'><strong>καὶ</strong></span> <span class='ocrx_word' id='word_1_521' title='bbox 3201 2836 3263 2889; x_wconf 79' lang='grc' dir='ltr'><strong>τὸ</strong></span> <span class='ocrx_word' id='word_1_522' title='bbox 3292 2833 3637 2888; x_wconf 83' lang='grc' dir='ltr'><strong>καταστεῖλαι</strong></span> <span class='ocrx_word' id='word_1_523' title='bbox 3670 2833 3746 2886; x_wconf 81' lang='grc' dir='ltr'><strong>τὸ</strong></span> 
     </span>
    </p>
   </div>
   <div class='ocr_carea' id='block_1_72' title="bbox 2158 2926 3743 3000">
    <p class='ocr_par' dir='ltr' id='par_1_72' title="bbox 2158 2926 3743 3000">
     <span class='ocr_line' id='line_1_72' title="bbox 2158 2926 3743 3000; baseline -0.004 -17"><span class='ocrx_word' id='word_1_524' title='bbox 2158 2931 2333 3000; x_wconf 76' lang='grc' dir='ltr'><strong>οἴημα</strong></span> <span class='ocrx_word' id='word_1_525' title='bbox 2381 2929 2489 2984; x_wconf 88' lang='grc' dir='ltr'><strong>τῶν</strong></span> <span class='ocrx_word' id='word_1_526' title='bbox 2538 2928 2741 2983; x_wconf 74' lang='grc' dir='ltr'><strong>ἐθνῶνο</strong></span> <span class='ocrx_word' id='word_1_527' title='bbox 2786 2927 2882 2984; x_wconf 83' lang='grc' dir='ltr'><strong>καί</strong></span> <span class='ocrx_word' id='word_1_528' title='bbox 2929 2944 3116 3000; x_wconf 85' lang='grc' dir='ltr'><strong>φησιν,</strong></span> <span class='ocrx_word' id='word_1_529' title='bbox 3159 2929 3241 2982; x_wconf 79' lang='grc' dir='ltr'><strong>ὅτι</strong></span> <span class='ocrx_word' id='word_1_530' title='bbox 3275 2928 3307 2997; x_wconf 80' lang='grc' dir='ltr'><strong>ἡ</strong></span> <span class='ocrx_word' id='word_1_531' title='bbox 3338 2926 3582 2996; x_wconf 85' lang='grc' dir='ltr'><strong>σωτηρία</strong></span> <span class='ocrx_word' id='word_1_532' title='bbox 3618 2927 3743 2989; x_wconf 80' lang='grc' dir='ltr'><strong>τοῖς</strong></span> 
     </span>
    </p>
   </div>
   <div class='ocr_carea' id='block_1_73' title="bbox 2152 3019 3746 3094">
    <p class='ocr_par' dir='ltr' id='par_1_73' title="bbox 2152 3019 3746 3094">
     <span class='ocr_line' id='line_1_73' title="bbox 2152 3019 3746 3094; baseline -0.004 -18"><span class='ocrx_word' id='word_1_533' title='bbox 2152 3023 2363 3078; x_wconf 75' lang='grc' dir='ltr'><strong>ἔθνεσιν</strong></span> <span class='ocrx_word' id='word_1_534' title='bbox 2387 3022 2631 3092; x_wconf 74' lang='grc' dir='ltr'><strong>ἐγένετο,</strong></span> <span class='ocrx_word' id='word_1_535' title='bbox 2654 3019 2862 3076; x_wconf 86' lang='grc' dir='ltr'><strong>τούτων</strong></span> <span class='ocrx_word' id='word_1_536' title='bbox 2881 3021 3376 3094; x_wconf 81' lang='grc' dir='ltr'><strong>προσκρουσάντων</strong></span> <span class='ocrx_word' id='word_1_537' title='bbox 3396 3021 3488 3074; x_wconf 65' lang='grc' dir='ltr'><strong>καὶ</strong></span> <span class='ocrx_word' id='word_1_538' title='bbox 3501 3022 3746 3089; x_wconf 73' lang='grc' dir='ltr'><strong>ἀπιστη-</strong></span> 
     </span>
    </p>
   </div>
   <div class='ocr_carea' id='block_1_74' title="bbox 2152 3110 3741 3187">
    <p class='ocr_par' dir='ltr' id='par_1_74' title="bbox 2152 3110 3741 3187">
     <span class='ocr_line' id='line_1_74' title="bbox 2152 3110 3741 3187; baseline -0.004 -17"><span class='ocrx_word' id='word_1_539' title='bbox 2152 3117 2384 3170; x_wconf 80' lang='grc' dir='ltr'><strong>σάντων.</strong></span> <span class='ocrx_word' id='word_1_540' title='bbox 2423 3114 2490 3170; x_wconf 84' lang='grc' dir='ltr'><strong>Ἦ</strong></span> <span class='ocrx_word' id='word_1_541' title='bbox 2521 3115 2620 3187; x_wconf 68' lang='grc' dir='ltr'><strong>μὲν</strong></span> <span class='ocrx_word' id='word_1_542' title='bbox 2647 3115 2758 3187; x_wconf 78' lang='grc' dir='ltr'><strong>γὰρ</strong></span> <span class='ocrx_word' id='word_1_543' title='bbox 2784 3114 3076 3170; x_wconf 79' lang='grc' dir='ltr'><strong>ἀκολουθία</strong></span> <span class='ocrx_word' id='word_1_544' title='bbox 3095 3113 3294 3186; x_wconf 79' lang='grc' dir='ltr'><strong>ἀπῄτει</strong></span> <span class='ocrx_word' id='word_1_545' title='bbox 3321 3113 3546 3175; x_wconf 83' lang='grc' dir='ltr'><strong>τούτους</strong></span> <span class='ocrx_word' id='word_1_546' title='bbox 3577 3110 3741 3182; x_wconf 82' lang='grc' dir='ltr'><strong>πρώ-</strong></span> 
     </span>
    </p>
   </div>
   <div class='ocr_carea' id='block_1_75' title="bbox 2082 3201 3744 3302">
    <p class='ocr_par' dir='ltr' id='par_1_75' title="bbox 2082 3201 3744 3302">
     <span class='ocr_line' id='line_1_75' title="bbox 2082 3201 3744 3302; baseline -0.002 -39"><span class='ocrx_word' id='word_1_547' title='bbox 2082 3246 2125 3302; x_wconf 75' lang='lat' dir='ltr'><strong><em>C</em></strong></span> <span class='ocrx_word' id='word_1_548' title='bbox 2155 3225 2282 3272; x_wconf 87' lang='grc' dir='ltr'><strong>τους</strong></span> <span class='ocrx_word' id='word_1_549' title='bbox 2337 3206 2616 3277; x_wconf 83' lang='grc' dir='ltr'><strong>σωθῆναι,</strong></span> <span class='ocrx_word' id='word_1_550' title='bbox 2664 3204 2788 3261; x_wconf 71' lang='grc' dir='ltr'><strong>εἶτα</strong></span> <span class='ocrx_word' id='word_1_551' title='bbox 2835 3209 2962 3272; x_wconf 79' lang='grc' dir='ltr'><strong>τοὺς</strong></span> <span class='ocrx_word' id='word_1_552' title='bbox 3009 3207 3287 3273; x_wconf 78' lang='grc' dir='ltr'><strong>ὲθνικούς·</strong></span> <span class='ocrx_word' id='word_1_553' title='bbox 3343 3208 3465 3262; x_wconf 76' lang='grc' dir='ltr'><strong>ἐπεὶ</strong></span> <span class='ocrx_word' id='word_1_554' title='bbox 3498 3207 3553 3260; x_wconf 79' lang='grc' dir='ltr'><strong>δὲ</strong></span> <span class='ocrx_word' id='word_1_555' title='bbox 3584 3201 3744 3259; x_wconf 59' lang='grc' dir='ltr'><strong>οὗτοι</strong></span> 
     </span>
    </p>
   </div>
   <div class='ocr_carea' id='block_1_76' title="bbox 2157 3299 3743 3372">
    <p class='ocr_par' dir='ltr' id='par_1_76' title="bbox 2157 3299 3743 3372">
     <span class='ocr_line' id='line_1_76' title="bbox 2157 3299 3743 3372; baseline -0.001 -19"><span class='ocrx_word' id='word_1_556' title='bbox 2157 3299 2463 3372; x_wconf 78' lang='grc' dir='ltr'><strong>ἠπείθησαν</strong></span> <span class='ocrx_word' id='word_1_557' title='bbox 2513 3299 2592 3366; x_wconf 79' lang='grc'><strong>⁸⁸,</strong></span> <span class='ocrx_word' id='word_1_558' title='bbox 2654 3300 2968 3372; x_wconf 75' lang='grc' dir='ltr'><strong>ἐκλήθησαν</strong></span> <span class='ocrx_word' id='word_1_559' title='bbox 3031 3303 3267 3355; x_wconf 62' lang='grc' dir='ltr'><strong>ἐκείνου</strong></span> <span class='ocrx_word' id='word_1_560' title='bbox 3315 3302 3342 3354; x_wconf 84' lang='grc' dir='ltr'><strong>ὃ</strong></span> <span class='ocrx_word' id='word_1_561' title='bbox 3383 3302 3478 3354; x_wconf 75' lang='grc' dir='ltr'><strong>καὶ</strong></span> <span class='ocrx_word' id='word_1_562' title='bbox 3521 3301 3578 3354; x_wconf 82' lang='grc' dir='ltr'><strong>ὲν</strong></span> <span class='ocrx_word' id='word_1_563' title='bbox 3619 3302 3743 3365; x_wconf 82' lang='grc' dir='ltr'><strong>τοίς</strong></span> 
     </span>
    </p>
   </div>
   <div class='ocr_carea' id='block_1_77' title="bbox 2158 3389 3739 3464">
    <p class='ocr_par' dir='ltr' id='par_1_77' title="bbox 2158 3389 3739 3464">
     <span class='ocr_line' id='line_1_77' title="bbox 2158 3389 3739 3464; baseline -0.004 -18"><span class='ocrx_word' id='word_1_564' title='bbox 2158 3391 2515 3461; x_wconf 85' lang='grc' dir='ltr'><strong>Εὑαγγελίοις</strong></span> <span class='ocrx_word' id='word_1_565' title='bbox 2563 3389 2835 3463; x_wconf 83' lang='grc' dir='ltr'><strong>πολλαχοῦ</strong></span> <span class='ocrx_word' id='word_1_566' title='bbox 2881 3391 3156 3464; x_wconf 81' lang='grc' dir='ltr'><strong>δηλοῦται.</strong></span> <span class='ocrx_word' id='word_1_567' title='bbox 3225 3391 3540 3461; x_wconf 86' lang='grc' dir='ltr'><strong>Ἐσώθησαν</strong></span> <span class='ocrx_word' id='word_1_568' title='bbox 3582 3389 3639 3442; x_wconf 81' lang='grc' dir='ltr'><strong>δὲ</strong></span> <span class='ocrx_word' id='word_1_569' title='bbox 3680 3390 3739 3440; x_wconf 84' lang='lat' dir='ltr'><strong>oi.</strong></span> 
     </span>
    </p>
   </div>
   <div class='ocr_carea' id='block_1_78' title="bbox 2155 3483 3739 3556">
    <p class='ocr_par' dir='ltr' id='par_1_78' title="bbox 2155 3483 3739 3556">
     <span class='ocr_line' id='line_1_78' title="bbox 2155 3483 3739 3556; baseline -0.004 -18"><span class='ocrx_word' id='word_1_570' title='bbox 2155 3484 2362 3538; x_wconf 71' lang='grc' dir='ltr'><strong>ἐθνικοὶ</strong></span> <span class='ocrx_word' id='word_1_571' title='bbox 2401 3501 2420 3536; x_wconf 79' lang='grc' dir='ltr'><strong>ι</strong></span> <span class='ocrx_word' id='word_1_572' title='bbox 2458 3484 2539 3548; x_wconf 87' lang='grc' dir='ltr'><strong>είς</strong></span> <span class='ocrx_word' id='word_1_573' title='bbox 2566 3483 2628 3538; x_wconf 79' lang='grc' dir='ltr'><strong>τὸ</strong></span> <span class='ocrx_word' id='word_1_574' title='bbox 2659 3485 3056 3556; x_wconf 79' lang='grc' dir='ltr'><strong>παραζηλῶσαι</strong></span> <span class='ocrx_word' id='word_1_575' title='bbox 3104 3485 3322 3550; x_wconf 75' lang='grc' dir='ltr'><strong>αὐτοὺς,</strong></span> <span class='ocrx_word' id='word_1_576' title='bbox 3363 3503 3381 3538; x_wconf 74' lang='grc' dir='ltr'><strong>ι</strong></span> <span class='ocrx_word' id='word_1_577' title='bbox 3427 3483 3739 3548; x_wconf 81' lang='grc' dir='ltr'><strong>τουτέστιν,</strong></span> 
     </span>
    </p>
   </div>
   <div class='ocr_carea' id='block_1_79' title="bbox 2157 3571 3694 3648">
    <p class='ocr_par' dir='ltr' id='par_1_79' title="bbox 2157 3571 3694 3648">
     <span class='ocr_line' id='line_1_79' title="bbox 2157 3571 3694 3648; baseline -0.001 -20"><span class='ocrx_word' id='word_1_578' title='bbox 2157 3573 2245 3628; x_wconf 78' lang='grc' dir='ltr'><strong>ἵνα</strong></span> <span class='ocrx_word' id='word_1_579' title='bbox 2277 3572 2444 3644; x_wconf 80' lang='grc' dir='ltr'><strong>ἡτῶν</strong></span> <span class='ocrx_word' id='word_1_580' title='bbox 2488 3574 2662 3629; x_wconf 85' lang='grc' dir='ltr'><strong>ὲθνῶν</strong></span> <span class='ocrx_word' id='word_1_581' title='bbox 2706 3576 2756 3608; x_wconf 85' lang='grc'><strong>⁸⁸</strong></span> <span class='ocrx_word' id='word_1_582' title='bbox 2805 3576 2941 3648; x_wconf 83' lang='grc' dir='ltr'><strong>τιμὴ</strong></span> <span class='ocrx_word' id='word_1_583' title='bbox 2990 3576 3264 3631; x_wconf 81' lang='grc' dir='ltr'><strong>δάκνουσα</strong></span> <span class='ocrx_word' id='word_1_584' title='bbox 3315 3574 3572 3638; x_wconf 80' lang='grc' dir='ltr'><strong>τούτους,</strong></span> <span class='ocrx_word' id='word_1_585' title='bbox 3629 3571 3694 3626; x_wconf 78' lang='grc' dir='ltr'><em>κᾶ</em></span> 
     </span>
    </p>
   </div>
   <div class='ocr_carea' id='block_1_80' title="bbox 2155 3664 3738 3738">
    <p class='ocr_par' dir='ltr' id='par_1_80' title="bbox 2155 3664 3738 3738">
     <span class='ocr_line' id='line_1_80' title="bbox 2155 3664 3738 3738; baseline -0.001 -19"><span class='ocrx_word' id='word_1_586' title='bbox 2155 3665 2221 3720; x_wconf 77' lang='grc' dir='ltr'><strong>ὲκ</strong></span> <span class='ocrx_word' id='word_1_587' title='bbox 2252 3665 2353 3737; x_wconf 84' lang='grc' dir='ltr'><strong>τῆς</strong></span> <span class='ocrx_word' id='word_1_588' title='bbox 2391 3666 2528 3738; x_wconf 80' lang='grc' dir='ltr'><strong>πρὸς</strong></span> <span class='ocrx_word' id='word_1_589' title='bbox 2593 3666 2839 3731; x_wconf 71' lang='grc' dir='ltr'><strong>ἐκείνους</strong></span> <span class='ocrx_word' id='word_1_590' title='bbox 2892 3667 3230 3738; x_wconf 80' lang='grc' dir='ltr'><strong>φιλονεικίας</strong></span> <span class='ocrx_word' id='word_1_591' title='bbox 3282 3667 3461 3738; x_wconf 78' lang='grc' dir='ltr'><strong>,πείσῃ</strong></span> <span class='ocrx_word' id='word_1_592' title='bbox 3499 3664 3738 3738; x_wconf 86' lang='grc' dir='ltr'><strong>προσελ-</strong></span> 
     </span>
    </p>
   </div>
   <div class='ocr_carea' id='block_1_81' title="bbox 2154 3756 2288 3812">
    <p class='ocr_par' dir='ltr' id='par_1_81' title="bbox 2154 3756 2288 3812">
     <span class='ocr_line' id='line_1_81' title="bbox 2154 3756 2288 3812; baseline 0.015 -2"><span class='ocrx_word' id='word_1_593' title='bbox 2154 3756 2288 3812; x_wconf 85' lang='grc' dir='ltr'><strong>θεῖν.</strong></span> 
     </span>
    </p>
   </div>
   <div class='ocr_carea' id='block_1_82' title="bbox 2233 3833 3738 3924">
    <p class='ocr_par' dir='ltr' id='par_1_82' title="bbox 2233 3833 3738 3924">
     <span class='ocr_line' id='line_1_82' title="bbox 2233 3833 3738 3924; baseline 0.003 -22"><span class='ocrx_word' id='word_1_594' title='bbox 2233 3868 2252 3902; x_wconf 82' lang='grc' dir='ltr'><strong>ι</strong></span> <span class='ocrx_word' id='word_1_595' title='bbox 2289 3850 2352 3904; x_wconf 84' lang='lat' dir='ltr'><strong>El</strong></span> <span class='ocrx_word' id='word_1_596' title='bbox 2380 3849 2438 3903; x_wconf 69' lang='grc' dir='ltr'><strong>δὲ</strong></span> <span class='ocrx_word' id='word_1_597' title='bbox 2480 3849 2540 3903; x_wconf 79' lang='grc' dir='ltr'><strong>τὸ</strong></span> <span class='ocrx_word' id='word_1_598' title='bbox 2580 3833 2940 3922; x_wconf 75' lang='grc' dir='ltr'><strong>παράπτωμα</strong></span> <span class='ocrx_word' id='word_1_599' title='bbox 2973 3850 3175 3913; x_wconf 74' lang='grc' dir='ltr'><strong>ξαύτῶν</strong></span> <span class='ocrx_word' id='word_1_600' title='bbox 3217 3851 3449 3917; x_wconf 80' lang='grc' dir='ltr'><strong>πλοῦτος</strong></span> <span class='ocrx_word' id='word_1_601' title='bbox 3501 3853 3738 3924; x_wconf 80' lang='grc' dir='ltr'><strong>κόσμου,</strong></span> 
     </span>
    </p>
   </div>
   <div class='ocr_carea' id='block_1_83' title="bbox 2155 3941 3743 4016">
    <p class='ocr_par' dir='ltr' id='par_1_83' title="bbox 2155 3941 3743 4016">
     <span class='ocr_line' id='line_1_83' title="bbox 2155 3941 3743 4016; baseline 0.002 -20"><span class='ocrx_word' id='word_1_602' title='bbox 2155 3942 2252 3996; x_wconf 76' lang='grc' dir='ltr'><strong>καὶ</strong></span> <span class='ocrx_word' id='word_1_603' title='bbox 2283 3941 2346 3994; x_wconf 79' lang='grc' dir='ltr'><strong>τὸ</strong></span> <span class='ocrx_word' id='word_1_604' title='bbox 2376 3941 2598 4013; x_wconf 76' lang='grc' dir='ltr'><strong>ἥττημα</strong></span> <span class='ocrx_word' id='word_1_605' title='bbox 2629 3941 2810 3996; x_wconf 85' lang='grc' dir='ltr'><strong>αὐτῶν</strong></span> <span class='ocrx_word' id='word_1_606' title='bbox 2843 3942 3074 4008; x_wconf 84' lang='grc' dir='ltr'><strong>πλοῦτος</strong></span> <span class='ocrx_word' id='word_1_607' title='bbox 3096 3943 3296 3998; x_wconf 74' lang='grc' dir='ltr'><strong>ἐθνῶνο</strong></span> <span class='ocrx_word' id='word_1_608' title='bbox 3341 3945 3490 4016; x_wconf 78' lang='grc' dir='ltr'><strong>πόσῳ</strong></span> <span class='ocrx_word' id='word_1_609' title='bbox 3531 3946 3743 4016; x_wconf 80' lang='grc' dir='ltr'><strong>μᾶλλον</strong></span> 
     </span>
    </p>
   </div>
   <div class='ocr_carea' id='block_1_84' title="bbox 2152 4035 3739 4110">
    <p class='ocr_par' dir='ltr' id='par_1_84' title="bbox 2152 4035 3739 4110">
     <span class='ocr_line' id='line_1_84' title="bbox 2152 4035 3739 4110; baseline 0.001 -22"><span class='ocrx_word' id='word_1_610' title='bbox 2152 4035 2215 4088; x_wconf 84' lang='grc' dir='ltr'><strong>τὸ</strong></span> <span class='ocrx_word' id='word_1_611' title='bbox 2243 4035 2520 4106; x_wconf 81' lang='grc' dir='ltr'><strong>πλήρωμα</strong></span> <span class='ocrx_word' id='word_1_612' title='bbox 2569 4035 2788 4103; x_wconf 89' lang='grc' dir='ltr'><strong>αύτῶν;</strong></span> <span class='ocrx_word' id='word_1_613' title='bbox 2825 4055 2844 4089; x_wconf 72' lang='grc' dir='ltr'><strong>ι</strong></span> <span class='ocrx_word' id='word_1_614' title='bbox 2887 4037 2953 4090; x_wconf 80' lang='lat' dir='ltr'><strong>Ei</strong></span> <span class='ocrx_word' id='word_1_615' title='bbox 2980 4037 3068 4091; x_wconf 84' lang='grc' dir='ltr'><strong>ὅτε</strong></span> <span class='ocrx_word' id='word_1_616' title='bbox 3099 4038 3532 4110; x_wconf 87' lang='grc' dir='ltr'><strong>προσέκρουσαν,</strong></span> <span class='ocrx_word' id='word_1_617' title='bbox 3575 4039 3739 4109; x_wconf 75' lang='grc' dir='ltr'><strong>φησὶ,</strong></span> 
     </span>
    </p>
   </div>
   <div class='ocr_carea' id='block_1_85' title="bbox 2154 4125 3748 4202">
    <p class='ocr_par' dir='ltr' id='par_1_85' title="bbox 2154 4125 3748 4202">
     <span class='ocr_line' id='line_1_85' title="bbox 2154 4125 3748 4202; baseline 0.004 -23"><span class='ocrx_word' id='word_1_618' title='bbox 2154 4125 2405 4198; x_wconf 79' lang='grc' dir='ltr'><strong>πρόξενοι</strong></span> <span class='ocrx_word' id='word_1_619' title='bbox 2447 4128 2694 4196; x_wconf 80' lang='grc' dir='ltr'><strong>ἐγένοντο</strong></span> <span class='ocrx_word' id='word_1_620' title='bbox 2741 4127 3020 4193; x_wconf 84' lang='grc' dir='ltr'><strong>τοσούτοις</strong></span> <span class='ocrx_word' id='word_1_621' title='bbox 3071 4130 3369 4202; x_wconf 88' lang='grc' dir='ltr'><strong>σωτηρίας,</strong></span> <span class='ocrx_word' id='word_1_622' title='bbox 3421 4133 3517 4186; x_wconf 74' lang='grc' dir='ltr'><strong>καὶ</strong></span> <span class='ocrx_word' id='word_1_623' title='bbox 3557 4133 3615 4186; x_wconf 79' lang='grc' dir='ltr'><strong>ὲν</strong></span> <span class='ocrx_word' id='word_1_624' title='bbox 3655 4130 3748 4201; x_wconf 63' lang='grc' dir='ltr'><strong>τίς·</strong></span> 
     </span>
    </p>
   </div>
   <div class='ocr_carea' id='block_1_86' title="bbox 2154 4218 3740 4295">
    <p class='ocr_par' dir='ltr' id='par_1_86' title="bbox 2154 4218 3740 4295">
     <span class='ocr_line' id='line_1_86' title="bbox 2154 4218 3740 4295; baseline 0.003 -24"><span class='ocrx_word' id='word_1_625' title='bbox 2154 4219 2376 4283; x_wconf 89' lang='grc' dir='ltr'><strong>τούτους</strong></span> <span class='ocrx_word' id='word_1_626' title='bbox 2399 4218 2800 4292; x_wconf 77' lang='grc' dir='ltr'><strong>ἀποὸληθῆναι,</strong></span> <span class='ocrx_word' id='word_1_627' title='bbox 2821 4222 3020 4275; x_wconf 77' lang='grc' dir='ltr'><strong>ἐκεῖνοι</strong></span> <span class='ocrx_word' id='word_1_628' title='bbox 3049 4222 3526 4295; x_wconf 78' lang='grc' dir='ltr'><strong>προσελήφθησαν,</strong></span> <span class='ocrx_word' id='word_1_629' title='bbox 3555 4223 3740 4276; x_wconf 77' lang='grc' dir='ltr'><strong>καὶτὸ</strong></span> 
     </span>
    </p>
   </div>
   <div class='ocr_carea' id='block_1_87' title="bbox 2157 4309 3738 4385">
    <p class='ocr_par' dir='ltr' id='par_1_87' title="bbox 2157 4309 3738 4385">
     <span class='ocr_line' id='line_1_87' title="bbox 2157 4309 3738 4385; baseline 0.004 -23"><span class='ocrx_word' id='word_1_630' title='bbox 2157 4309 2378 4381; x_wconf 81' lang='grc' dir='ltr'><strong>σφάλμα</strong></span> <span class='ocrx_word' id='word_1_631' title='bbox 2410 4311 2590 4366; x_wconf 81' lang='grc' dir='ltr'><strong>αὐτῶν</strong></span> <span class='ocrx_word' id='word_1_632' title='bbox 2610 4311 2838 4376; x_wconf 77' lang='grc' dir='ltr'><strong>πλοῦτος</strong></span> <span class='ocrx_word' id='word_1_633' title='bbox 2857 4313 3076 4383; x_wconf 75' lang='grc' dir='ltr'><strong>ἐγένετο</strong></span> <span class='ocrx_word' id='word_1_634' title='bbox 3095 4313 3202 4368; x_wconf 90' lang='grc' dir='ltr'><strong>τῶν</strong></span> <span class='ocrx_word' id='word_1_635' title='bbox 3225 4314 3455 4368; x_wconf 75' lang='grc' dir='ltr'><strong>ἐθνικῶν</strong></span> <span class='ocrx_word' id='word_1_636' title='bbox 3473 4331 3488 4345; x_wconf 79' lang='grc' dir='ltr'><strong><em>ο</em></strong></span> <span class='ocrx_word' id='word_1_637' title='bbox 3517 4333 3537 4367; x_wconf 81' lang='grc' dir='ltr'><strong>ι</strong></span> <span class='ocrx_word' id='word_1_638' title='bbox 3572 4316 3738 4385; x_wconf 78' lang='grc' dir='ltr'><strong>Πόσῳ</strong></span> 
     </span>
    </p>
   </div>
   <div class='ocr_carea' id='block_1_88' title="bbox 2163 4398 3740 4473">
    <p class='ocr_par' dir='ltr' id='par_1_88' title="bbox 2163 4398 3740 4473">
     <span class='ocr_line' id='line_1_88' title="bbox 2163 4398 3740 4473; baseline 0.003 -22"><span class='ocrx_word' id='word_1_639' title='bbox 2163 4398 2364 4469; x_wconf 84' lang='grc' dir='ltr'><strong>μᾶλλον</strong></span> <span class='ocrx_word' id='word_1_640' title='bbox 2397 4400 2458 4454; x_wconf 76' lang='grc' dir='ltr'><strong>τὺ</strong></span> <span class='ocrx_word' id='word_1_641' title='bbox 2485 4401 2763 4473; x_wconf 84' lang='grc' dir='ltr'><strong>πλήρωμα</strong></span> <span class='ocrx_word' id='word_1_642' title='bbox 2784 4403 2986 4469; x_wconf 85' lang='grc' dir='ltr'><strong>αὐτῶν,</strong></span> <span class='ocrx_word' id='word_1_643' title='bbox 3012 4423 3029 4455; x_wconf 79' lang='grc' dir='ltr'><strong>ι</strong></span> <span class='ocrx_word' id='word_1_644' title='bbox 3053 4405 3350 4472; x_wconf 85' lang='grc' dir='ltr'><strong>τουτέστιν,</strong></span> <span class='ocrx_word' id='word_1_645' title='bbox 3379 4405 3506 4458; x_wconf 83' lang='grc' dir='ltr'><strong>ὅταν</strong></span> <span class='ocrx_word' id='word_1_646' title='bbox 3532 4405 3740 4470; x_wconf 77' lang='grc' dir='ltr'><strong>πάντες</strong></span> 
     </span>
    </p>
   </div>
   <div class='ocr_carea' id='block_1_89' title="bbox 2159 4493 3739 4568">
    <p class='ocr_par' dir='ltr' id='par_1_89' title="bbox 2159 4493 3739 4568">
     <span class='ocr_line' id='line_1_89' title="bbox 2159 4493 3739 4568; baseline 0.002 -22"><span class='ocrx_word' id='word_1_647' title='bbox 2159 4493 2404 4546; x_wconf 84' lang='grc' dir='ltr'><strong>σωθῶσιν</strong></span> <span class='ocrx_word' id='word_1_648' title='bbox 2434 4493 2894 4565; x_wconf 80' lang='grc' dir='ltr'><strong>ὲπιστρέψαντες;</strong></span> <span class='ocrx_word' id='word_1_649' title='bbox 2930 4496 3116 4550; x_wconf 83' lang='grc' dir='ltr'><strong>Ταῦτα</strong></span> <span class='ocrx_word' id='word_1_650' title='bbox 3143 4497 3198 4550; x_wconf 73' lang='grc' dir='ltr'><strong>δὲ</strong></span> <span class='ocrx_word' id='word_1_651' title='bbox 3229 4497 3400 4566; x_wconf 84' lang='grc' dir='ltr'><strong>λέγει,</strong></span> <span class='ocrx_word' id='word_1_652' title='bbox 3432 4497 3739 4568; x_wconf 76' lang='grc' dir='ltr'><strong>χαριζόμε-</strong></span> 
     </span>
    </p>
   </div>
   <div class='ocr_carea' id='block_1_90' title="bbox 2074 4585 3741 4662">
    <p class='ocr_par' dir='ltr' id='par_1_90' title="bbox 2074 4585 3741 4662">
     <span class='ocr_line' id='line_1_90' title="bbox 2074 4585 3741 4662; baseline 0.002 -24"><span class='ocrx_word' id='word_1_653' title='bbox 2074 4587 2130 4650; x_wconf 85' lang='lat' dir='ltr'><strong><em>D</em></strong></span> <span class='ocrx_word' id='word_1_654' title='bbox 2155 4603 2245 4650; x_wconf 90' lang='grc' dir='ltr'><strong>νος</strong></span> <span class='ocrx_word' id='word_1_655' title='bbox 2273 4585 2479 4654; x_wconf 82' lang='grc' dir='ltr'><strong>αὐτοῖς,</strong></span> <span class='ocrx_word' id='word_1_656' title='bbox 2501 4589 2599 4642; x_wconf 75' lang='grc' dir='ltr'><strong>καὶ</strong></span> <span class='ocrx_word' id='word_1_657' title='bbox 2620 4588 3139 4661; x_wconf 88' lang='grc' dir='ltr'><strong>παραμυθούμενος.</strong></span> <span class='ocrx_word' id='word_1_658' title='bbox 3161 4591 3235 4644; x_wconf 80' lang='grc' dir='ltr'><strong>Οὐ</strong></span> <span class='ocrx_word' id='word_1_659' title='bbox 3260 4592 3365 4662; x_wconf 82' lang='grc' dir='ltr'><strong>γὰρ</strong></span> <span class='ocrx_word' id='word_1_660' title='bbox 3386 4590 3520 4643; x_wconf 86' lang='grc' dir='ltr'><strong>διότι</strong></span> <span class='ocrx_word' id='word_1_661' title='bbox 3543 4590 3741 4644; x_wconf 79' lang='grc' dir='ltr'><strong>ἐπται-</strong></span> 
     </span>
    </p>
   </div>
   <div class='ocr_carea' id='block_1_91' title="bbox 472 4637 3734 4752">
    <p class='ocr_par' dir='ltr' id='par_1_91' title="bbox 472 4637 3734 4752">
     <span class='ocr_line' id='line_1_91' title="bbox 472 4637 3734 4752; baseline 0.006 -37"><span class='ocrx_word' id='word_1_662' title='bbox 472 4651 621 4752; x_wconf 57' lang='grc' dir='ltr'><strong>Ῡίξηδο</strong></span> <span class='ocrx_word' id='word_1_663' title='bbox 667 4637 785 4752; x_wconf 61' lang='grc' dir='ltr'><strong>Νοξῖ</strong></span> <span class='ocrx_word' id='word_1_664' title='bbox 835 4643 978 4752; x_wconf 44' lang='lat' dir='ltr'><strong>“lim</strong></span> <span class='ocrx_word' id='word_1_665' title='bbox 1028 4645 1154 4717; x_wconf 66' lang='lat' dir='ltr'><strong>quia</strong></span> <span class='ocrx_word' id='word_1_666' title='bbox 1213 4648 1557 4723; x_wconf 73' lang='grc' dir='ltr'><strong>ίιηρθεετυιιι</strong></span> <span class='ocrx_word' id='word_1_667' title='bbox 1607 4657 1886 4731; x_wconf 67' lang='grc' dir='ltr'><strong>Ῑεΐεειίῑω,</strong></span> <span class='ocrx_word' id='word_1_668' title='bbox 1933 4637 2124 4736; x_wconf 37' lang='lat' dir='ltr'><strong>Pro-ﬂ</strong></span> <span class='ocrx_word' id='word_1_669' title='bbox 2156 4637 2254 4727; x_wconf 64' lang='grc' dir='ltr'><strong>σαν</strong></span> <span class='ocrx_word' id='word_1_670' title='bbox 2279 4675 2328 4728; x_wconf 86' lang='grc' dir='ltr'><strong>οί</strong></span> <span class='ocrx_word' id='word_1_671' title='bbox 2367 4637 2729 4747; x_wconf 54' lang='grc' dir='ltr'><strong>Ἰσραηλῖταιῖ</strong></span> <span class='ocrx_word' id='word_1_672' title='bbox 2754 4637 2844 4735; x_wconf 57' lang='grc' dir='ltr'><strong>δῗὰ</strong></span> <span class='ocrx_word' id='word_1_673' title='bbox 2863 4637 3022 4734; x_wconf 56' lang='grc' dir='ltr'><strong>τοῦζο</strong></span> <span class='ocrx_word' id='word_1_674' title='bbox 3045 4637 3734 4752; x_wconf 50' lang='grc' dir='ltr'><strong>ἐσώθησάνιάνοίὲθνικοὶ,</strong></span> 
     </span>
    </p>
   </div>
   <div class='ocr_carea' id='block_1_92' title="bbox 473 4735 2059 4820">
    <p class='ocr_par' dir='ltr' id='par_1_92' title="bbox 473 4735 2059 4820">
     <span class='ocr_line' id='line_1_92' title="bbox 473 4735 2059 4820; baseline 0.02 -35"><span class='ocrx_word' id='word_1_675' title='bbox 473 4742 658 4803; x_wconf 88' lang='lat' dir='ltr'><strong>pterea</strong></span> <span class='ocrx_word' id='word_1_676' title='bbox 691 4735 855 4794; x_wconf 65' lang='lat' dir='ltr'><strong>salvae</strong></span> <span class='ocrx_word' id='word_1_677' title='bbox 884 4739 1040 4798; x_wconf 82' lang='lat' dir='ltr'><strong>factae</strong></span> <span class='ocrx_word' id='word_1_678' title='bbox 1059 4755 1240 4802; x_wconf 89' lang='lat' dir='ltr'><strong>essent</strong></span> <span class='ocrx_word' id='word_1_679' title='bbox 1274 4760 1482 4820; x_wconf 88' lang='lat' dir='ltr'><strong>gentes,</strong></span> <span class='ocrx_word' id='word_1_680' title='bbox 1511 4752 1614 4809; x_wconf 84' lang='lat' dir='ltr'><strong>nisi</strong></span> <span class='ocrx_word' id='word_1_681' title='bbox 1655 4753 1814 4810; x_wconf 86' lang='lat' dir='ltr'><strong>iidem</strong></span> <span class='ocrx_word' id='word_1_682' title='bbox 1841 4735 2059 4815; x_wconf 82' lang='lat' dir='ltr'><strong>habuis-</strong></span> 
     </span>
    </p>
   </div>
   <div class='ocr_carea' id='block_1_93' title="bbox 471 4836 615 4883">
    <p class='ocr_par' dir='ltr' id='par_1_93' title="bbox 471 4836 615 4883">
     <span class='ocr_line' id='line_1_93' title="bbox 471 4836 615 4883; baseline 0.007 -1"><span class='ocrx_word' id='word_1_683' title='bbox 471 4836 615 4883; x_wconf 86' lang='lat' dir='ltr'><strong>sent.</strong></span> 
     </span>
    </p>
   </div>
   <div class='ocr_carea' id='block_1_94' title="bbox 542 4919 2058 5013">
    <p class='ocr_par' dir='ltr' id='par_1_94' title="bbox 542 4919 2058 5013">
     <span class='ocr_line' id='line_1_94' title="bbox 542 4919 2058 5013; baseline 0.016 -37"><span class='ocrx_word' id='word_1_684' title='bbox 542 4919 708 4980; x_wconf 72' lang='lat' dir='ltr'><strong>Vens.</strong></span> <span class='ocrx_word' id='word_1_685' title='bbox 739 4923 827 4991; x_wconf 80' lang='grc'><strong>15,</strong></span> <span class='ocrx_word' id='word_1_686' title='bbox 855 4925 943 4982; x_wconf 80' lang='grc'><strong>14.</strong></span> <span class='ocrx_word' id='word_1_687' title='bbox 977 4947 996 4982; x_wconf 80' lang='grc' dir='ltr'><strong>ι</strong></span> <span class='ocrx_word' id='word_1_688' title='bbox 1034 4927 1195 4988; x_wconf 78' lang='lat' dir='ltr'><strong>Vobis</strong></span> <span class='ocrx_word' id='word_1_689' title='bbox 1221 4934 1365 4990; x_wconf 90' lang='lat' dir='ltr'><strong>enim</strong></span> <span class='ocrx_word' id='word_1_690' title='bbox 1415 4939 1665 5006; x_wconf 87' lang='lat' dir='ltr'><strong>gentibus</strong></span> <span class='ocrx_word' id='word_1_691' title='bbox 1691 4940 1832 5009; x_wconf 90' lang='lat' dir='ltr'><strong>dico,</strong></span> <span class='ocrx_word' id='word_1_692' title='bbox 1864 4954 2058 5013; x_wconf 89' lang='lat' dir='ltr'><strong>quate-</strong></span> 
     </span>
    </p>
   </div>
   <div class='ocr_carea' id='block_1_95' title="bbox 469 5018 2054 5102">
    <p class='ocr_par' dir='ltr' id='par_1_95' title="bbox 469 5018 2054 5102">
     <span class='ocr_line' id='line_1_95' title="bbox 469 5018 2054 5102; baseline 0.018 -36"><span class='ocrx_word' id='word_1_693' title='bbox 469 5027 574 5069; x_wconf 87' lang='lat' dir='ltr'><strong>nus</strong></span> <span class='ocrx_word' id='word_1_694' title='bbox 614 5029 715 5087; x_wconf 90' lang='lat' dir='ltr'><strong>ego</strong></span> <span class='ocrx_word' id='word_1_695' title='bbox 763 5018 981 5088; x_wconf 90' lang='lat' dir='ltr'><strong>quidem</strong></span> <span class='ocrx_word' id='word_1_696' title='bbox 1018 5037 1136 5078; x_wconf 88' lang='lat' dir='ltr'><strong>sum</strong></span> <span class='ocrx_word' id='word_1_697' title='bbox 1193 5030 1430 5096; x_wconf 90' lang='lat' dir='ltr'><strong>gentium</strong></span> <span class='ocrx_word' id='word_1_698' title='bbox 1467 5034 1769 5102; x_wconf 87' lang='lat' dir='ltr'><strong>apostolus,</strong></span> <span class='ocrx_word' id='word_1_699' title='bbox 1803 5037 2054 5094; x_wconf 87' lang='lat' dir='ltr'><strong>ministe-</strong></span> 
     </span>
    </p>
   </div>
   <div class='ocr_carea' id='block_1_96' title="bbox 467 5109 2048 5192">
    <p class='ocr_par' dir='ltr' id='par_1_96' title="bbox 467 5109 2048 5192">
     <span class='ocr_line' id='line_1_96' title="bbox 467 5109 2048 5192; baseline 0.016 -32"><span class='ocrx_word' id='word_1_700' title='bbox 467 5109 608 5162; x_wconf 87' lang='lat' dir='ltr'><strong>rium</strong></span> <span class='ocrx_word' id='word_1_701' title='bbox 653 5124 829 5167; x_wconf 87' lang='lat' dir='ltr'><strong>meum</strong></span> <span class='ocrx_word' id='word_1_702' title='bbox 854 5111 1138 5184; x_wconf 83' lang='lat' dir='ltr'><strong>gloriﬁco:</strong></span> <span class='ocrx_word' id='word_1_703' title='bbox 1169 5122 1212 5175; x_wconf 88' lang='lat' dir='ltr'><strong>si</strong></span> <span class='ocrx_word' id='word_1_704' title='bbox 1241 5135 1349 5192; x_wconf 90' lang='lat' dir='ltr'><strong>quo</strong></span> <span class='ocrx_word' id='word_1_705' title='bbox 1382 5126 1541 5181; x_wconf 91' lang='lat' dir='ltr'><strong>modo</strong></span> <span class='ocrx_word' id='word_1_706' title='bbox 1579 5128 1646 5182; x_wconf 92' lang='lat' dir='ltr'><strong>ad</strong></span> <span class='ocrx_word' id='word_1_707' title='bbox 1689 5129 2048 5186; x_wconf 69' lang='lat' dir='ltr'><strong>mmulandum</strong></span> 
     </span>
    </p>
   </div>
   <div class='ocr_carea' id='block_1_97' title="bbox 467 5213 2050 5292">
    <p class='ocr_par' dir='ltr' id='par_1_97' title="bbox 467 5213 2050 5292">
     <span class='ocr_line' id='line_1_97' title="bbox 467 5213 2050 5292; baseline 0.015 -40"><span class='ocrx_word' id='word_1_708' title='bbox 467 5213 751 5268; x_wconf 84' lang='lat' dir='ltr'><strong>provocem</strong></span> <span class='ocrx_word' id='word_1_709' title='bbox 793 5219 1011 5262; x_wconf 90' lang='lat' dir='ltr'><strong>carnem</strong></span> <span class='ocrx_word' id='word_1_710' title='bbox 1060 5224 1259 5279; x_wconf 88' lang='lat' dir='ltr'><strong>meam,</strong></span> <span class='ocrx_word' id='word_1_711' title='bbox 1305 5221 1361 5269; x_wconf 83' lang='lat' dir='ltr'><strong>et</strong></span> <span class='ocrx_word' id='word_1_712' title='bbox 1389 5215 1570 5273; x_wconf 86' lang='lat' dir='ltr'><strong>salvos</strong></span> <span class='ocrx_word' id='word_1_713' title='bbox 1616 5217 1810 5275; x_wconf 77' lang='lat' dir='ltr'><strong>iaciam</strong></span> <span class='ocrx_word' id='word_1_714' title='bbox 1841 5221 2050 5292; x_wconf 90' lang='lat' dir='ltr'><strong>aliquos</strong></span> 
     </span>
    </p>
   </div>
   <div class='ocr_carea' id='block_1_98' title="bbox 468 5290 2051 5380">
    <p class='ocr_par' dir='ltr' id='par_1_98' title="bbox 468 5290 2051 5380">
     <span class='ocr_line' id='line_1_98' title="bbox 468 5290 2051 5380; baseline 0.016 -36"><span class='ocrx_word' id='word_1_715' title='bbox 468 5305 533 5344; x_wconf 79' lang='lat' dir='ltr'><strong>ex</strong></span> <span class='ocrx_word' id='word_1_716' title='bbox 557 5290 680 5350; x_wconf 90' lang='lat' dir='ltr'><strong>illis.</strong></span> <span class='ocrx_word' id='word_1_717' title='bbox 708 5311 728 5346; x_wconf 76' lang='grc' dir='ltr'><strong>ι</strong></span> <span class='ocrx_word' id='word_1_718' title='bbox 759 5294 993 5352; x_wconf 80' lang='lat' dir='ltr'><strong>Rursum</strong></span> <span class='ocrx_word' id='word_1_719' title='bbox 1018 5297 1234 5358; x_wconf 74' lang='lat' dir='ltr'><strong>Judaeos</strong></span> <span class='ocrx_word' id='word_1_720' title='bbox 1255 5305 1563 5373; x_wconf 89' lang='lat' dir='ltr'><strong>consolans,</strong></span> <span class='ocrx_word' id='word_1_721' title='bbox 1590 5311 1829 5380; x_wconf 89' lang='lat' dir='ltr'><strong>gentium</strong></span> <span class='ocrx_word' id='word_1_722' title='bbox 1856 5290 2051 5370; x_wconf 76' lang='lat' dir='ltr'><strong>cristas</strong></span> 
     </span>
    </p>
   </div>
   <div class='ocr_carea' id='block_1_99' title="bbox 466 5381 2051 5475">
    <p class='ocr_par' dir='ltr' id='par_1_99' title="bbox 466 5381 2051 5475">
     <span class='ocr_line' id='line_1_99' title="bbox 466 5381 2051 5475; baseline 0.016 -40"><span class='ocrx_word' id='word_1_723' title='bbox 466 5381 676 5475; x_wconf 73' lang='lat' dir='ltr'><strong>dejicit,</strong></span> <span class='ocrx_word' id='word_1_724' title='bbox 719 5385 970 5456; x_wconf 88' lang='lat' dir='ltr'><strong>inquiens</strong></span> <span class='ocrx_word' id='word_1_725' title='bbox 1001 5407 1017 5446; x_wconf 88' lang='lat'><strong>:</strong></span> <span class='ocrx_word' id='word_1_726' title='bbox 1047 5389 1395 5464; x_wconf 67' lang='lat' dir='ltr'><strong>Laudo,vos,</strong></span> <span class='ocrx_word' id='word_1_727' title='bbox 1441 5410 1650 5470; x_wconf 89' lang='lat' dir='ltr'><strong>gentes,</strong></span> <span class='ocrx_word' id='word_1_728' title='bbox 1685 5413 1905 5475; x_wconf 87' lang='lat' dir='ltr'><strong>pr0pter</strong></span> <span class='ocrx_word' id='word_1_729' title='bbox 1943 5409 2051 5462; x_wconf 91' lang='lat' dir='ltr'><strong>duo</strong></span> 
     </span>
    </p>
   </div>
   <div class='ocr_carea' id='block_1_100' title="bbox 467 5471 2042 5568">
    <p class='ocr_par' dir='ltr' id='par_1_100' title="bbox 467 5471 2042 5568">
     <span class='ocr_line' id='line_1_100' title="bbox 467 5471 2042 5568; baseline 0.017 -42"><span class='ocrx_word' id='word_1_730' title='bbox 467 5471 585 5530; x_wconf 65' lang='lat' dir='ltr'><strong>haec</strong></span> <span class='ocrx_word' id='word_1_731' title='bbox 616 5492 629 5530; x_wconf 89' lang='lat'><strong>:</strong></span> <span class='ocrx_word' id='word_1_732' title='bbox 665 5477 916 5546; x_wconf 90' lang='lat' dir='ltr'><strong>alterum,</strong></span> <span class='ocrx_word' id='word_1_733' title='bbox 949 5484 1075 5553; x_wconf 91' lang='lat' dir='ltr'><strong>quia</strong></span> <span class='ocrx_word' id='word_1_734' title='bbox 1110 5491 1475 5546; x_wconf 88' lang='lat' dir='ltr'><strong>necessarium</strong></span> <span class='ocrx_word' id='word_1_735' title='bbox 1495 5495 1625 5549; x_wconf 87' lang='lat' dir='ltr'><strong>mihi</strong></span> <span class='ocrx_word' id='word_1_736' title='bbox 1653 5471 1754 5562; x_wconf 79' lang='lat' dir='ltr'><strong>est,</strong></span> <span class='ocrx_word' id='word_1_737' title='bbox 1786 5471 2042 5568; x_wconf 80' lang='lat' dir='ltr'><strong>tanquam</strong></span> 
     </span>
    </p>
   </div>
   <div class='ocr_carea' id='block_1_101' title="bbox 463 5567 2041 5659">
    <p class='ocr_par' dir='ltr' id='par_1_101' title="bbox 463 5567 2041 5659">
     <span class='ocr_line' id='line_1_101' title="bbox 463 5567 2041 5659; baseline 0.016 -39"><span class='ocrx_word' id='word_1_738' title='bbox 463 5567 821 5632; x_wconf 73' lang='lat' dir='ltr'><strong>institutionis</strong></span> <span class='ocrx_word' id='word_1_739' title='bbox 843 5583 898 5630; x_wconf 89' lang='lat' dir='ltr'><strong>et</strong></span> <span class='ocrx_word' id='word_1_740' title='bbox 933 5575 1208 5649; x_wconf 82' lang='lat' dir='ltr'><strong>religionis</strong></span> <span class='ocrx_word' id='word_1_741' title='bbox 1247 5591 1442 5640; x_wconf 66' lang='lat' dir='ltr'><strong>vestrae</strong></span> <span class='ocrx_word' id='word_1_742' title='bbox 1479 5585 1804 5656; x_wconf 88' lang='lat' dir='ltr'><strong>institutori,</strong></span> <span class='ocrx_word' id='word_1_743' title='bbox 1836 5567 2041 5659; x_wconf 77' lang='lat' dir='ltr'><strong>gloriﬁ-</strong></span> 
     </span>
    </p>
   </div>
   <div class='ocr_carea' id='block_1_102' title="bbox 2152 4765 2719 4841">
    <p class='ocr_par' dir='ltr' id='par_1_102' title="bbox 2152 4765 2719 4841">
     <span class='ocr_line' id='line_1_102' title="bbox 2152 4765 2719 4841; baseline 0.007 -20"><span class='ocrx_word' id='word_1_744' title='bbox 2152 4767 2204 4821; x_wconf 85' lang='grc' dir='ltr'><strong>εί</strong></span> <span class='ocrx_word' id='word_1_745' title='bbox 2235 4766 2312 4840; x_wconf 79' lang='grc' dir='ltr'><strong>μὴ</strong></span> <span class='ocrx_word' id='word_1_746' title='bbox 2338 4766 2524 4822; x_wconf 89' lang='grc' dir='ltr'><strong>πίστιν</strong></span> <span class='ocrx_word' id='word_1_747' title='bbox 2550 4765 2719 4841; x_wconf 74' lang='grc' dir='ltr'><strong>εἶχον.</strong></span> 
     </span>
    </p>
   </div>
   <div class='ocr_carea' id='block_1_103' title="bbox 2227 4947 3735 5023">
    <p class='ocr_par' dir='ltr' id='par_1_103' title="bbox 2227 4947 3735 5023">
     <span class='ocr_line' id='line_1_103' title="bbox 2227 4947 3735 5023; baseline 0.003 -23"><span class='ocrx_word' id='word_1_748' title='bbox 2227 4965 2248 5000; x_wconf 79' lang='grc' dir='ltr'><strong>ι</strong></span> <span class='ocrx_word' id='word_1_749' title='bbox 2301 4947 2462 5020; x_wconf 80' lang='grc' dir='ltr'><strong>Ὑμῖν</strong></span> <span class='ocrx_word' id='word_1_750' title='bbox 2492 4947 2603 5020; x_wconf 85' lang='grc' dir='ltr'><strong>γὰρ</strong></span> <span class='ocrx_word' id='word_1_751' title='bbox 2625 4947 2770 5018; x_wconf 86' lang='grc' dir='ltr'><strong>λέγω</strong></span> <span class='ocrx_word' id='word_1_752' title='bbox 2797 4951 2910 5014; x_wconf 81' lang='grc' dir='ltr'><strong>τοῖς</strong></span> <span class='ocrx_word' id='word_1_753' title='bbox 2941 4948 3174 5014; x_wconf 76' lang='grc' dir='ltr'><strong>ἔθνεσιν,</strong></span> <span class='ocrx_word' id='word_1_754' title='bbox 3210 4949 3295 5020; x_wconf 76' lang='grc' dir='ltr'><strong>ἐφ’</strong></span> <span class='ocrx_word' id='word_1_755' title='bbox 3327 4950 3452 5005; x_wconf 83' lang='grc' dir='ltr'><strong>ὅσον</strong></span> <span class='ocrx_word' id='word_1_756' title='bbox 3489 4951 3588 5020; x_wconf 82' lang='grc' dir='ltr'><strong>μέν</strong></span> <span class='ocrx_word' id='word_1_757' title='bbox 3612 4953 3735 5023; x_wconf 84' lang='grc' dir='ltr'><strong>είμι</strong></span> 
     </span>
    </p>
   </div>
   <div class='ocr_carea' id='block_1_104' title="bbox 2154 5038 3732 5116">
    <p class='ocr_par' dir='ltr' id='par_1_104' title="bbox 2154 5038 3732 5116">
     <span class='ocr_line' id='line_1_104' title="bbox 2154 5038 3732 5116; baseline 0.005 -24"><span class='ocrx_word' id='word_1_758' title='bbox 2154 5038 2266 5110; x_wconf 75' lang='grc' dir='ltr'><strong>ἐγὼ</strong></span> <span class='ocrx_word' id='word_1_759' title='bbox 2291 5039 2469 5096; x_wconf 71' lang='grc' dir='ltr'><strong>ἐθνῶν</strong></span> <span class='ocrx_word' id='word_1_760' title='bbox 2517 5041 2818 5107; x_wconf 80' lang='grc' dir='ltr'><strong>ἀπόστολος</strong></span> <span class='ocrx_word' id='word_1_761' title='bbox 2839 5083 2856 5109; x_wconf 95' lang='grc'><strong>,</strong></span> <span class='ocrx_word' id='word_1_762' title='bbox 2895 5043 2994 5114; x_wconf 78' lang='grc' dir='ltr'><strong>τὴν</strong></span> <span class='ocrx_word' id='word_1_763' title='bbox 3022 5043 3300 5099; x_wconf 86' lang='grc' dir='ltr'><strong>διακονίαν</strong></span> <span class='ocrx_word' id='word_1_764' title='bbox 3349 5062 3453 5116; x_wconf 88' lang='grc' dir='ltr'><strong>μου</strong></span> <span class='ocrx_word' id='word_1_765' title='bbox 3480 5045 3688 5113; x_wconf 77' lang='grc' dir='ltr'><strong>δοξάζω</strong></span> <span class='ocrx_word' id='word_1_766' title='bbox 3713 5063 3732 5078; x_wconf 74' lang='grc' dir='ltr'><strong><em>ο</em></strong></span> 
     </span>
    </p>
   </div>
   <div class='ocr_carea' id='block_1_105' title="bbox 2150 5134 3733 5210">
    <p class='ocr_par' dir='ltr' id='par_1_105' title="bbox 2150 5134 3733 5210">
     <span class='ocr_line' id='line_1_105' title="bbox 2150 5134 3733 5210; baseline 0.004 -24"><span class='ocrx_word' id='word_1_767' title='bbox 2150 5134 2321 5197; x_wconf 84' lang='grc' dir='ltr'><strong>εῐπως</strong></span> <span class='ocrx_word' id='word_1_768' title='bbox 2352 5134 2737 5206; x_wconf 80' lang='grc' dir='ltr'><strong>παραζηλώσω</strong></span> <span class='ocrx_word' id='word_1_769' title='bbox 2775 5153 2878 5206; x_wconf 90' lang='grc' dir='ltr'><strong>μου</strong></span> <span class='ocrx_word' id='word_1_770' title='bbox 2912 5136 3011 5208; x_wconf 83' lang='grc' dir='ltr'><strong>τὴν</strong></span> <span class='ocrx_word' id='word_1_771' title='bbox 3045 5138 3244 5210; x_wconf 87' lang='grc' dir='ltr'><strong>σάρκα,</strong></span> <span class='ocrx_word' id='word_1_772' title='bbox 3276 5140 3370 5193; x_wconf 77' lang='grc' dir='ltr'><strong>καὶ</strong></span> <span class='ocrx_word' id='word_1_773' title='bbox 3399 5139 3557 5193; x_wconf 86' lang='grc' dir='ltr'><strong>σώσω</strong></span> <span class='ocrx_word' id='word_1_774' title='bbox 3576 5140 3733 5206; x_wconf 74' lang='grc' dir='ltr'><strong>τινὰς</strong></span> 
     </span>
    </p>
   </div>
   <div class='ocr_carea' id='block_1_106' title="bbox 2149 5223 3733 5298">
    <p class='ocr_par' dir='ltr' id='par_1_106' title="bbox 2149 5223 3733 5298">
     <span class='ocr_line' id='line_1_106' title="bbox 2149 5223 3733 5298; baseline 0.006 -22"><span class='ocrx_word' id='word_1_775' title='bbox 2149 5225 2206 5291; x_wconf 80' lang='grc' dir='ltr'>ἐξ</span> <span class='ocrx_word' id='word_1_776' title='bbox 2240 5223 2439 5278; x_wconf 81' lang='grc' dir='ltr'><strong>αὐτῶν.</strong></span> <span class='ocrx_word' id='word_1_777' title='bbox 2471 5243 2490 5277; x_wconf 76' lang='grc' dir='ltr'><strong>ι</strong></span> <span class='ocrx_word' id='word_1_778' title='bbox 2527 5226 2700 5280; x_wconf 83' lang='grc' dir='ltr'><strong>Πάλιν</strong></span> <span class='ocrx_word' id='word_1_779' title='bbox 2738 5227 3232 5298; x_wconf 87' lang='grc' dir='ltr'><strong>παραμυθούμενος</strong></span> <span class='ocrx_word' id='word_1_780' title='bbox 3256 5229 3382 5292; x_wconf 84' lang='grc' dir='ltr'><strong>τοὺς</strong></span> <span class='ocrx_word' id='word_1_781' title='bbox 3423 5229 3733 5298; x_wconf 76' lang='grc' dir='ltr'><strong>Ἰουδαίους,</strong></span> 
     </span>
    </p>
   </div>
   <div class='ocr_carea' id='block_1_107' title="bbox 2150 5316 3733 5393">
    <p class='ocr_par' dir='ltr' id='par_1_107' title="bbox 2150 5316 3733 5393">
     <span class='ocr_line' id='line_1_107' title="bbox 2150 5316 3733 5393; baseline 0.004 -24"><span class='ocrx_word' id='word_1_782' title='bbox 2150 5316 2508 5370; x_wconf 83' lang='grc' dir='ltr'><strong>καταστέλλει</strong></span> <span class='ocrx_word' id='word_1_783' title='bbox 2537 5318 2665 5382; x_wconf 81' lang='grc' dir='ltr'><strong>τοὺς</strong></span> <span class='ocrx_word' id='word_1_784' title='bbox 2693 5316 2964 5384; x_wconf 79' lang='grc' dir='ltr'><strong>ἐθνικοὺς,</strong></span> <span class='ocrx_word' id='word_1_785' title='bbox 3012 5319 3106 5374; x_wconf 86' lang='grc' dir='ltr'><strong>καί</strong></span> <span class='ocrx_word' id='word_1_786' title='bbox 3135 5336 3320 5393; x_wconf 82' lang='grc' dir='ltr'><strong>φησιν,</strong></span> <span class='ocrx_word' id='word_1_787' title='bbox 3352 5321 3434 5374; x_wconf 86' lang='grc' dir='ltr'><strong>ὅτι</strong></span> <span class='ocrx_word' id='word_1_788' title='bbox 3491 5322 3733 5376; x_wconf 82' lang='grc' dir='ltr'><strong>Ἐπαινῶ</strong></span> 
     </span>
    </p>
   </div>
   <div class='ocr_carea' id='block_1_108' title="bbox 2150 5404 3729 5486">
    <p class='ocr_par' dir='ltr' id='par_1_108' title="bbox 2150 5404 3729 5486">
     <span class='ocr_line' id='line_1_108' title="bbox 2150 5404 3729 5486; baseline 0.003 -23"><span class='ocrx_word' id='word_1_789' title='bbox 2150 5411 2317 5480; x_wconf 82' lang='grc' dir='ltr'><strong>ὑμᾶς,</strong></span> <span class='ocrx_word' id='word_1_790' title='bbox 2347 5404 2392 5464; x_wconf 83' lang='grc' dir='ltr'>ὧ</span> <span class='ocrx_word' id='word_1_791' title='bbox 2419 5409 2643 5476; x_wconf 69' lang='grc' dir='ltr'><strong>ἐθνικοὶ,</strong></span> <span class='ocrx_word' id='word_1_792' title='bbox 2677 5411 2766 5465; x_wconf 78' lang='grc' dir='ltr'><strong>διά</strong></span> <span class='ocrx_word' id='word_1_793' title='bbox 2787 5410 2879 5466; x_wconf 87' lang='grc' dir='ltr'><strong>δύο</strong></span> <span class='ocrx_word' id='word_1_794' title='bbox 2905 5413 3080 5467; x_wconf 82' lang='grc' dir='ltr'><strong>ταῦτα</strong></span> <span class='ocrx_word' id='word_1_795' title='bbox 3100 5430 3114 5444; x_wconf 79' lang='grc' dir='ltr'><strong>ο</strong></span> <span class='ocrx_word' id='word_1_796' title='bbox 3141 5415 3199 5468; x_wconf 80' lang='grc' dir='ltr'><strong>ἓν</strong></span> <span class='ocrx_word' id='word_1_797' title='bbox 3223 5415 3344 5484; x_wconf 85' lang='grc' dir='ltr'><strong>μὲν,</strong></span> <span class='ocrx_word' id='word_1_798' title='bbox 3373 5417 3455 5468; x_wconf 83' lang='grc' dir='ltr'><strong>ὅτι</strong></span> <span class='ocrx_word' id='word_1_799' title='bbox 3476 5416 3729 5486; x_wconf 85' lang='grc' dir='ltr'><strong>ἀνάγκην</strong></span> 
     </span>
    </p>
   </div>
   <div class='ocr_carea' id='block_1_109' title="bbox 2151 5502 3730 5578">
    <p class='ocr_par' dir='ltr' id='par_1_109' title="bbox 2151 5502 3730 5578">
     <span class='ocr_line' id='line_1_109' title="bbox 2151 5502 3730 5578; baseline 0.003 -24"><span class='ocrx_word' id='word_1_800' title='bbox 2151 5502 2280 5572; x_wconf 74' lang='grc' dir='ltr'><strong>ἔχω,</strong></span> <span class='ocrx_word' id='word_1_801' title='bbox 2340 5503 2438 5556; x_wconf 82' lang='grc' dir='ltr'><strong>ἆτε</strong></span> <span class='ocrx_word' id='word_1_802' title='bbox 2476 5503 2576 5575; x_wconf 82' lang='grc' dir='ltr'><strong>τὴν</strong></span> <span class='ocrx_word' id='word_1_803' title='bbox 2621 5503 2971 5559; x_wconf 81' lang='grc' dir='ltr'><strong>διδασκαλίαν</strong></span> <span class='ocrx_word' id='word_1_804' title='bbox 3025 5505 3179 5577; x_wconf 83' lang='grc' dir='ltr'><strong>ὑμῶν</strong></span> <span class='ocrx_word' id='word_1_805' title='bbox 3227 5506 3730 5578; x_wconf 72' lang='grc' dir='ltr'><strong>ἐγκεχειρισμένος,</strong></span> 
     </span>
    </p>
   </div>
   <div class='ocr_carea' id='block_1_110' title="bbox 2150 5593 3732 5672">
    <p class='ocr_par' dir='ltr' id='par_1_110' title="bbox 2150 5593 3732 5672">
     <span class='ocr_line' id='line_1_110' title="bbox 2150 5593 3732 5672; baseline 0.006 -26"><span class='ocrx_word' id='word_1_806' title='bbox 2150 5593 2394 5658; x_wconf 75' lang='grc' dir='ltr'><strong>δοξάζειν</strong></span> <span class='ocrx_word' id='word_1_807' title='bbox 2440 5596 2541 5667; x_wconf 85' lang='grc' dir='ltr'><strong>τὴν</strong></span> <span class='ocrx_word' id='word_1_808' title='bbox 2592 5595 2872 5652; x_wconf 84' lang='grc' dir='ltr'><strong>διακονίαν</strong></span> <span class='ocrx_word' id='word_1_809' title='bbox 2924 5615 3052 5670; x_wconf 88' lang='grc' dir='ltr'><strong>μου,</strong></span> <span class='ocrx_word' id='word_1_810' title='bbox 3100 5599 3400 5668; x_wconf 82' lang='grc' dir='ltr'><strong>τουτέστιν,</strong></span> <span class='ocrx_word' id='word_1_811' title='bbox 3453 5601 3630 5672; x_wconf 82' lang='grc' dir='ltr'><strong>ὑμᾶς’</strong></span> <span class='ocrx_word' id='word_1_812' title='bbox 3658 5599 3732 5652; x_wconf 83' lang='grc' dir='ltr'><strong>δι’</strong></span> 
     </span>
    </p>
   </div>
   <div class='ocr_carea' id='block_1_111' title="bbox 1831 5686 2394 5755">
    <p class='ocr_par' dir='ltr' id='par_1_111' title="bbox 1831 5686 2394 5755">
     <span class='ocr_line' id='line_1_111' title="bbox 1831 5686 2394 5755; baseline 0.011 -6"><span class='ocrx_word' id='word_1_813' title='bbox 1831 5686 2036 5750; x_wconf 62' lang='lat' dir='ltr'><strong>Varias</strong></span> <span class='ocrx_word' id='word_1_814' title='bbox 2060 5687 2394 5755; x_wconf 87' lang='lat' dir='ltr'><strong>lectiones.</strong></span> 
     </span>
    </p>
   </div>
   <div class='ocr_carea' id='block_1_112' title="bbox 545 5769 1153 5856">
    <p class='ocr_par' dir='ltr' id='par_1_112' title="bbox 545 5769 1153 5856">
     <span class='ocr_line' id='line_1_112' title="bbox 545 5769 1153 5856; baseline 0 -15"><span class='ocrx_word' id='word_1_815' title='bbox 619 5774 1020 5856; x_wconf 67' lang='grc' dir='ltr'><strong>μεῖαόληθήτω</strong></span> <span class='ocrx_word' id='word_1_816' title='bbox 1077 5799 1153 5840; x_wconf 91' lang='lat' dir='ltr'><strong>m.</strong></span> 
     </span>
    </p>
   </div>
   <div class='ocr_carea' id='block_1_113' title="bbox 461 5787 1821 5872">
    <p class='ocr_par' dir='ltr' id='par_1_113' title="bbox 461 5787 1821 5872">
     <span class='ocr_line' id='line_1_113' title="bbox 461 5787 1821 5872; baseline 0.009 -36"><span class='ocrx_word' id='word_1_817' title='bbox 461 5836 507 5869; x_wconf 62' lang='lat' dir='ltr'><strong><em>u</em></strong></span> <span class='ocrx_word' id='word_1_818' title='bbox 540 5787 1020 5872; x_wconf 39' lang='lat' dir='ltr'><strong>:z‘lffgffiinﬂﬂ‘rto</strong></span> <span class='ocrx_word' id='word_1_819' title='bbox 1077 5799 1153 5840; x_wconf 89' lang='lat' dir='ltr'><strong>m.</strong></span> <span class='ocrx_word' id='word_1_820' title='bbox 1273 5787 1318 5820; x_wconf 79' lang='lat'>“</span> <span class='ocrx_word' id='word_1_821' title='bbox 1349 5788 1821 5863; x_wconf 83' lang='grc' dir='ltr'><strong>παιδευθήτωσαν.</strong></span> 
     </span>
    </p>
   </div>
   <div class='ocr_carea' id='block_1_114' title="bbox 538 5839 853 5913">
    <p class='ocr_par' dir='ltr' id='par_1_114' title="bbox 538 5839 853 5913">
     <span class='ocr_line' id='line_1_114' title="bbox 538 5839 853 5913; baseline 0.029 -21"><span class='ocrx_word' id='word_1_822' title='bbox 538 5839 767 5913; x_wconf 74' lang='grc' dir='ltr'><strong>ἐθνικῶν</strong></span> <span class='ocrx_word' id='word_1_823' title='bbox 799 5839 853 5903; x_wconf 74' lang='grc' dir='ltr'><strong>ο.</strong></span> 
     </span>
    </p>
   </div>
   <div class='ocr_carea' id='block_1_115' title="bbox 1930 5795 2409 5870">
    <p class='ocr_par' dir='ltr' id='par_1_115' title="bbox 1930 5795 2409 5870">
     <span class='ocr_line' id='line_1_115' title="bbox 1930 5795 2409 5870; baseline 0.006 -19"><span class='ocrx_word' id='word_1_824' title='bbox 1930 5795 1975 5828; x_wconf 79' lang='grc'><strong>⁸⁸</strong></span> <span class='ocrx_word' id='word_1_825' title='bbox 2004 5795 2296 5870; x_wconf 81' lang='grc' dir='ltr'><strong>ἀχείρωτοι</strong></span> <span class='ocrx_word' id='word_1_826' title='bbox 2355 5816 2409 5856; x_wconf 93' lang='lat' dir='ltr'><strong>o.</strong></span> 
     </span>
    </p>
   </div>
   <div class='ocr_carea' id='block_1_116' title="bbox 2520 5800 3727 5878">
    <p class='ocr_par' dir='ltr' id='par_1_116' title="bbox 2520 5800 3727 5878">
     <span class='ocr_line' id='line_1_116' title="bbox 2520 5800 3727 5878; baseline 0.007 -24"><span class='ocrx_word' id='word_1_827' title='bbox 2520 5800 2566 5832; x_wconf 85' lang='grc'><strong>⁸³</strong></span> <span class='ocrx_word' id='word_1_828' title='bbox 2621 5801 2970 5874; x_wconf 75' lang='grc' dir='ltr'><strong>προσέκοψαν</strong></span> <span class='ocrx_word' id='word_1_829' title='bbox 3016 5818 3068 5859; x_wconf 92' lang='grc' dir='ltr'><strong>ο.</strong></span> <span class='ocrx_word' id='word_1_830' title='bbox 3202 5803 3248 5836; x_wconf 66' lang='grc'>⁸⁸</span> <span class='ocrx_word' id='word_1_831' title='bbox 3299 5805 3608 5878; x_wconf 70' lang='grc' dir='ltr'><strong>ἠπίστησαν</strong></span> <span class='ocrx_word' id='word_1_832' title='bbox 3670 5822 3727 5863; x_wconf 84' lang='lat' dir='ltr'><strong>o-</strong></span> 
     </span>
    </p>
   </div>
  </div>
