4038 6622
325 348 447 413 480

1230 344 1636 407 EXPOSITIO
1675 344 1762 405 IN
1794 342 2032 403 El’lST.
2064 341 2165 400 AD
2206 340 2389 404 ΗΘΜ.
2416 363 2486 374 ·-··
2515 339 2677 400 CAP.
2706 337 2811 400 Χῐ.

3485 336 3590 400 499

338 470 536 536 ἕτερον
578 464 658 530 δὲ,
711 464 797 517 ῐνα
847 460 1254 533 παραζηλώσω,
1309 464 1608 526 τουτέστιν,
1643 464 1722 526 είς
1764 461 1923 537 ζῆλον

2026 473 2154 514 care
2194 458 2549 513 ministerium
2580 470 2779 524 meum,
2815 455 2918 511 hoc
2939 461 3041 522 est,
3075 469 3171 511 vos
3200 472 3214 510 :
3247 455 3499 521 alterum,
3536 469 3598 511 ut

331 558 567 629 ᾰμὸἁλω
596 557 696 627 τὴν
733 558 912 628 σάρκα
948 573 1070 626 μου,
1101 561 1371 623 τουτέστι,
1405 558 1533 621 τοὺς
1560 555 1703 611 κατὰ
1740 557 1919 624 σάρκα

334 651 633 718 συγγενεῖς
675 665 766 719 μοι
809 648 1120 713 Ἰουδαίους.
1171 651 1360 722 Σάρκα
1390 648 1446 704 δὲ
1472 649 1667 716 εἰπὼν,
1699 649 1922 721 γνησιύο

327 758 479 811 τητα
502 742 595 795 καὶ
633 740 1021 812 φιλοστοργίαν
1052 740 1300 813 ἐνέφηνε.
1335 761 1354 796 ι
1391 743 1502 800 Καὶ
1545 743 1727 805 σώσω,
1766 761 1784 794 ›
1821 741 1922 796 ούκ

327 827 484 893 εἷπε,
517 831 755 899 Πάντας,
799 828 956 903 ἀλλὰ,
992 851 1011 885 ι
1048 832 1233 898 Τινάς.
1270 852 1289 886 ι
1323 834 1640 906 Λεληθότως
1682 834 1791 905 γὰρ
1822 834 1922 904 τὴν

327 927 523 981 αὐτῶν
555 926 899 998 σκληρῦτητα
928 926 1264 997 ύπεμφαίνει
1283 941 1298 957 σ
1336 926 1465 992 ἴσως
1484 926 1595 999 γὰρ
1620 925 1923 999 φιλονεικίᾳ

325 1018 614 1091 χρώμενοι
640 1019 973 1090 μιμήσονται
1001 1018 1129 1083 τοὺς
1153 1017 1422 1085 ὲθνικοίις,
1447 1019 1541 1074 καὶ
1569 1017 1920 1080 πιστεύσουσί

325 1127 506 1176 τινες.

414 1308 437 1344 ι
474 1291 539 1344 ΕΞ
558 1288 669 1363 γὰρ
690 1291 724 1362 ἠ
749 1289 990 1362 ἀποϐολὴ
1015 1289 1215 1357 αὐτῶν,
1241 1290 1560 1362 καταλλαγὴ
1584 1289 1811 1361 κόσμου’
1838 1289 1921 1353 τίς

325 1383 367 1456 ἡ
410 1384 737 1456 πρόσληψις,
777 1385 825 1437 εί
849 1383 925 1455 μὴ
953 1383 1068 1455 ζωὴ
1095 1387 1160 1439 ὲκ
1194 1384 1447 1456 νεκρῶν;
1486 1404 1506 1438 ι
1544 1385 1606 1438 Ei
1631 1384 1920 1455 ὀργιζὸμεο

325 1494 431 1541 νος
461 1477 668 1541 αὐτοῖς,
699 1477 890 1547 φησὶν,
925 1476 954 1529 ὁ
988 1475 1142 1543 Θεὸς,
1191 1474 1423 1531 τοιαῦτα
1457 1475 1754 1547 ἐχαρίσατο
1791 1475 1920 1528 ἑτέ-

330 1588 477 1641 pou,
510 1571 607 1626 καὶ
630 1574 757 1637 τοὺς
778 1571 1007 1643 ἐχθροὺς
1038 1571 1226 1641 φίλους
1256 1571 1511 1643 ἐποίησεν
1530 1588 1545 1603 ο
1573 1572 1699 1625 ὅταν
1723 1570 1920 1635 αὐτοὺς

329 1664 744 1735 προσλάΰηται,
777 1665 830 1719 τί
864 1665 963 1719 ούκ
994 1665 1061 1720 ἂν
1093 1666 1404 1736 χαριεῖται;
1444 1664 1567 1735 Ζωὴ
1603 1664 1712 1736 γὰρ
1742 1667 1806 1719 ὲκ
1830 1681 1920 1719 νε-

326 1762 490 1831 κρών
522 1762 643 1815 τότε
687 1761 863 1829 ἔσται,
914 1760 1217 1826 τουτέστιν,
1266 1760 1472 1843 ἄπειρα
1503 1759 1685 1831 ἀγαθά
1709 1774 1722 1788 ⁸
1757 1758 1918 1813 τοῦτο

2024 565 2337 622 provocem,
2377 550 2480 605 hoc
2507 557 2591 605 est
2620 549 2688 603 ad
2722 546 3119 604 multationem
3160 549 3443 618 eonjiciam
3479 550 3597 607 sire

2022 654 2362 711 permoveant
2392 654 2614 695 carnem
2648 651 2845 704 meam,
2866 638 2966 693 hoc
2997 646 3103 703 est,
3135 639 3430 695 secundum
3467 653 3592 695 car-

2023 745 2144 788 nem
2182 740 2445 801 cognatos
2485 730 2617 786 mihi
2643 728 2880 785 Judaeos.
2908 728 3142 785 Carnem
3172 738 3357 785 autem
3387 731 3594 797 dicens,

2022 824 2398 891 cognationem
2428 832 2479 877 et
2508 821 2813 879 naturalem
2848 822 2966 890 ejus
3019 821 3271 879 aliectum
3316 838 3602 879 common-

2020 913 2229 969 strarit.
2267 931 2287 966 ‹
2322 913 2386 969 Et
2415 928 2648 979 servem,
2699 933 2718 967 ι
2752 929 2857 968 non
2891 913 3028 970 dixit
3057 929 3273 981 omnes,
3304 915 3422 982 sed,
3449 934 3469 968 ι
3493 914 3602 970 Ali-

2021 1015 2172 1076 quot.
2193 1004 2546 1061 tClanculum
2573 1007 2717 1062 enim
2751 1021 2937 1063 eorum
2972 1007 3227 1064 duritiam
3256 1008 3593 1065 subindieat:

2023 1098 2251 1158 fortasse
2297 1100 2443 1155 enim
2482 1100 2829 1157 contentione
2855 1110 2912 1156 et
2963 1101 3310 1157 aemulatione
3360 1102 3596 1172 quadam

2021 1192 2261 1254 accensi,
2311 1191 2666 1247 imitabuntur
2701 1200 2909 1263 gentes,
2936 1205 2989 1247 et
3014 1191 3237 1248 credent
3276 1192 3464 1265 aliqui.

2090 1283 2201 1355 82
2228 1281 2390 1339 Vens.
2417 1282 2535 1337 I54
2564 1283 2622 1339 Si
2641 1283 2781 1337 enim
2802 1280 3025 1351 reiectio
3049 1282 3284 1352 ipsorum
3302 1293 3386 1338 est
3408 1298 3601 1339 recon-

2022 1376 2227 1431 ciliatio
2250 1376 2454 1441 mundi,
2485 1390 2603 1443 qua:
2623 1374 3064 1444 eritassumptio,
3099 1374 3203 1430 nisi
3233 1373 3338 1429 vita
3364 1388 3428 1429 ex
3458 1389 3603 1430 mor-

2025 1470 2171 1522 tuis?
2206 1487 2224 1520 ι
2261 1468 2317 1523 Si
2372 1470 2543 1523 iratus
2598 1469 2729 1538 ipsis
2782 1467 2954 1535 Deus,
3007 1468 3132 1522 talia
3179 1467 3403 1523 donavit
3456 1467 3598 1531 aliis,

2023 1561 2311 1631 hostesque
2342 1561 2548 1615 amicos
2589 1560 2718 1614 fecit
2751 1576 2764 1614 :
2802 1560 3020 1631 quando
3066 1561 3211 1629 ipsos
3247 1560 3604 1630 assumpserit

2024 1658 2221 1719 denuo,
2259 1652 2388 1723 quid
2437 1669 2541 1708 non
2589 1654 2890 1710 donaturus
2932 1653 3045 1709 est?
3097 1651 3220 1708 Vita
3268 1668 3503 1724 namque
3532 1668 3601 1708 ex

1974 1758 1979 1762 ‘
2024 1747 2255 1802 mortuis
2291 1757 2401 1800 tum
2436 1746 2563 1811 erit,
2590 1745 2692 1802 hoc
2722 1756 2804 1802 est
2832 1745 3042 1802 inﬁnita
3071 1750 3230 1818 plane
3268 1748 3408 1802 hona
3444 1765 3459 1803 :
3496 1746 3601 1802 hoc

324 1829 449 1924 γάρ
485 1854 637 1923 δηλοῖ
668 1854 757 1908 διὰ
789 1854 890 1926 τῆς
924 1854 1090 1925 ζωῆς.
1137 1854 1292 1926 Ἀμα
1319 1829 1376 1908 δὲ
1403 1829 1508 1908 ’καὶ
1539 1829 1838 1908 αἰνίττεταί
1864 1870 1917 1907 τι

2022 1841 2165 1893 enim
2202 1855 2300 1911 per
2353 1841 2514 1894 vitam
2558 1841 2782 1896 indicat.
2830 1839 3002 1895 Simul
3049 1851 3230 1896 autem
3265 1850 3318 1896 et
3339 1840 3598 1911 quiddam

329 1945 660 2017 βαθύτερον,
686 1948 768 2000 ὅτι
797 1944 989 2017 ὥσπερ
1013 1947 1047 2016 ἡ
1069 1946 1133 1999 ὲκ
1161 1945 1372 2017 νεκρῶν
1402 1943 1721 2010 ἀνάστασις,
1746 1944 1805 1996 οὗ
1830 1942 1920 1997 διὰ

327 2038 469 2101 τοὺς
515 2037 802 2101 Ἰουδαίους
850 2036 1024 2104 ἔσται,
1080 2030 1255 2102 οὕτως
1303 2023 1424 2091 ούδὲ
1466 2037 1639 2092 ἄλλων
1675 2037 1918 2106 σωτηρία

326 2130 409 2184 δι’
470 2131 700 2194 αὐτοὺς,
755 2132 803 2185 εἰ
854 2129 930 2202 μὴ
964 2131 1162 2183 ἐκεῖνοι
1220 2129 1406 2183 πίστιν
1460 2129 1653 2199 ἔχοιεν.
1708 2129 1776 2182 ’Δ
1811 2126 1919 2198 γὰρ

328 2221 560 2277 ἅπαντα
611 2223 760 2277 deus!
803 2222 983 2290 λέγειν
1033 2221 1175 2293 ὑπὲρ
1228 2221 1447 2287 αὐτῶν,
1498 2219 1712 2292 ψυχρὰν
1759 2220 1919 2292 χάριν

328 2315 698 2384 χαριζόμενος
719 2314 886 2383 λέγει,
907 2312 982 2378 ὡς
1010 2315 1101 2369 καὶ
1131 2314 1183 2367 οί
1204 2315 1378 2386 ἰατροὶ
1400 2311 1663 2376 πολλάκις
1694 2310 1918 2365 ποιοῦσι

330 2410 459 2470 τοῖς
480 2407 799 2476 κάμνουσιν.

421 2518 440 2547 ι
478 2497 541 2550 Ei
571 2498 626 2551 δὲ
658 2499 692 2569 ἠ
720 2499 948 2571 ἀπαρχὴ
983 2497 1133 2568 ἁγία,
1166 2498 1263 2553 καὶ
1283 2497 1345 2551 τὸ
1380 2495 1611 2570 φύραμα
1633 2512 1648 2527 ο
1685 2495 1779 2551 καὶ
1808 2497 1855 2550 εἰ
1879 2498 1913 2566 ἡ

338 2589 470 2659 ῥίζα
499 2588 651 2655 ἁγία,
682 2589 777 2644 καὶ
803 2592 853 2643 οἱ
885 2589 1090 2644 κλάδοι.
1129 2608 1149 2643 ι
1190 2589 1467 2661 Ἀπαρχὴν
1493 2589 1590 2643 καὶ
1619 2589 1774 2659 ῥίζαν
1802 2588 1921 2641 ὀνο-

337 2681 513 2752 μάζει
556 2683 682 2748 τοὺς
729 2683 1112 2755 πατριάρχας·
1164 2682 1395 2754 φύραμα
1436 2682 1495 2736 δὲ
1523 2681 1617 2736 καὶ
1664 2680 1917 2746 κλάδους,

334 2773 475 2837 τοὺς
538 2773 599 2840 ἐξ
670 2775 892 2828 ἐκείνων
977 2773 1377 2836 πιστεύσαντας
1445 2773 1513 2827 ⁸⁸.
1572 2772 1924 2843 Παραμυθεῖ-

334 2881 438 2917 ται
482 2860 575 2919 οὖν
623 2866 753 2930 τοὺς
804 2866 1066 2930 ἀπίστους
1133 2863 1442 2937 Ἐϐραίους,
1493 2865 1575 2919 ὅτι
1620 2865 1731 2919 Καὶ
1762 2866 1923 2936 ὑμεῖς

340 2952 495 3018 ἅγιοι
528 2953 715 3007 ἔσεσθε
744 2954 1154 3017 πιστεύσαντες.
1195 2953 1433 3024 Ἀνάγκη
1455 2953 1561 3023 γὰρ
1584 2955 1648 3024 τῇ
1672 2954 1918 3026 ἀπαρχῇ,

337 3045 617 3111 τουτέστι,
641 3048 706 3118 τῇ
729 3045 879 3120 ζύμῃ
898 3047 960 3101 τὸ
991 3044 1243 3118 φύραμα,
1273 3044 1369 3098 καὶ
1393 3047 1461 3116 τῇ
1486 3044 1611 3117 ῥίζῃ
1645 3044 1772 3109 τοὺς
1797 3045 1922 3098 κλάο

338 3139 473 3203 Bon;
500 3139 900 3210 ἐξομοιοῦσθαι.
933 3140 994 3194 Ei
1032 3140 1091 3195 δὲ
1120 3141 1279 3211 ὑμεῖς
1313 3139 1389 3212 μὴ
1429 3138 1800 3209 ἑξομοιοῦσθε,
1828 3156 1923 3209 με-

342 3232 522 3302 γάλης
551 3230 749 3296 κακίας
773 3231 932 3286 τοῦτο
961 3233 1210 3303 σημεῖον.
1494 3240 1501 3245 “

424 3342 444 3376 ι
490 3324 551 3377 Ei
577 3324 632 3378 δέ
668 3342 811 3389 τινες
858 3326 970 3379 τῶν
1012 3324 1223 3380 κλάδων
1283 3323 1726 3396 ἐξεκλάσθησαν,
1777 3324 1839 3377 σὺ
1865 3323 1921 3377 δὲ

343 3415 661 3486 ἀγριέλαιος
688 3414 765 3469 ὣν
790 3413 1204 3487 ἐνεκεντρίσθης
1237 3416 1296 3468 ὲν
1320 3417 1527 3479 αὐτοῖς,
1564 3414 1659 3468 καὶ
1704 3429 1922 3482 συγκοι-

344 3509 517 3573 νωνδς
536 3510 636 3580 τῆς
658 3509 813 3583 ῥίζης
837 3510 933 3563 καὶ
958 3512 1058 3582 τῆς
1086 3511 1337 3579 πιότητος
1366 3511 1465 3579 τῆς
1496 3503 1680 3572 ὲλδιὶας
1712 3507 1921 3577 ἐγένου,

349 3598 431 3669 μὴ
500 3602 832 3671 κατακαυχῶ
904 3601 1015 3655 τῶν
1094 3601 1325 3656 κλάδων.
1382 3619 1403 3654 ι
1453 3599 1593 3664 Τοὺς
1661 3599 1923 3661 ἀπίστους

362 3690 650 3761 Ἐὄραίους
678 3692 902 3745 ἐκάλεσε
940 3691 1169 3757 κλάδους
1201 3691 1679 3755 ἀποκλασθένταςο
1715 3687 1924 3754 ἀνάξιοι

347 3783 461 3854 γὰρ
488 3783 586 3854 τῆς
613 3783 770 3855 ῥίζης
799 3785 898 3855 τῆς
932 3785 1097 3855 ἁγίας
1136 3784 1407 3854 ὲγένυντο.
1445 3784 1554 3837 Καὶ
1587 3781 1769 3845 καλῶς
1803 3778 1924 3835 εἷπε

349 3873 431 3935 τὺ,
473 3891 492 3924 ι
541 3873 981 3947 Ἐξεκλάσθησαν
1002 3893 1014 3907 ·
1051 3894 1071 3929 ι
1105 3876 1364 3930 οὐδέποτε
1393 3873 1503 3945 γὰρ
1527 3872 1701 3937 οὕτως
1727 3872 1925 3937 αὐτοὺς

351 3964 380 4016 ὀ
410 3963 545 4030 Θεὸς
577 3966 906 4033 ἁπεὸάλετο,
961 3969 1141 4024 καίτοι
1189 3968 1464 4040 διαφόρως
1507 3965 1922 4038 ἡμαρτηκόταςο

362 4052 507 4108 ’Δντ’
556 4056 737 4110 αὐτῶν
778 4058 837 4111 δὲ
867 4058 1304 4131 ἐνεκεντρίσθης.
1354 4058 1509 4128 φησὶ,
1540 4058 1605 4110 σὺ
1629 4057 1658 4110 δ
1692 4056 1923 4120 ἑθνικός.

349 4143 469 4197 Οὐκ
511 4140 687 4213 εἴπεν,
732 4147 1088 4218 Ἐφυτεύθης,
1135 4147 1273 4212 ἀλλ’,
1310 4164 1331 4199 ι
1381 4144 1859 4216 Ἐνεκεντρίσθηςο
1898 4163 1919 4197 ι

343 4234 564 4289 δάκνων
590 4237 683 4293 τὸν
727 4238 993 4304 Ἰουδαῖον,
1024 4240 1118 4292 καὶ
1139 4238 1402 4293 δεικνύων
1425 4241 1483 4293 ὲν
1512 4237 1591 4309 τῷ
1617 4237 1783 4291 αύτοῦ
1811 4236 1927 4291 δέν-

345 4324 485 4392 ὅρῳ,
517 4331 790 4399 τουτέστι,
827 4334 941 4397 τοῖς
987 4331 1378 4404 πατριάρχαις,
1408 4331 1500 4386 τὸν
1530 4330 1743 4385 ὲθνικὸν
1772 4330 1925 4386 ἱστά-

350 4430 544 4483 μενον,
570 4423 663 4475 ml
689 4423 1049 4492 συγκοινωνὸν
1079 4422 1208 4479 ὄντα
1237 4422 1339 4493 τῆς
1368 4422 1526 4493 ῥίζης
1558 4423 1651 4476 καὶ
1679 4423 1779 4492 τῆς
1802 4422 1937 4493 πιάέ

2019 1933 2180 1988 altius
2215 1933 2389 1988 innuit
2421 1956 2432 1989 :
2465 1934 2719 1989 nimirum
2743 1974 2758 2001 ,
2784 1936 3233 2004 quemadmodum
3258 1950 3324 1992 ex
3371 1936 3601 1992 mortuis

2022 2024 2352 2079 resurrectio
2383 2039 2489 2079 non
2537 2036 2758 2095 propter
2801 2024 3018 2082 Judaaos
3067 2027 3367 2100 continget,
3396 2029 3476 2084 sic
3505 2044 3599 2084 ne~

2020 2129 2126 2186 que
2161 2116 2387 2169 aliorum
2421 2115 2571 2173 salus
2620 2128 2840 2189 propter
2866 2117 3034 2190 ipsos,
3074 2120 3175 2175 nisi
3211 2120 3286 2175 illi
3319 2121 3476 2176 Iidem
3503 2121 3601 2175 ha-

2023 2205 2266 2260 buerint.
2300 2206 2647 2279 Quaecunque
2682 2207 2824 2262 enim
2858 2223 2957 2279 pro
2982 2209 3115 2280 ipsis
3146 2210 3329 2266 dicere
3370 2210 3600 2276 videtur,

2021 2315 2084 2351 ea
2110 2297 2264 2360 dicit,
2292 2300 2540 2368 frigidam
2569 2300 2798 2371 gratiam
2820 2300 2924 2355 illis
2946 2301 3286 2370 impertiens,
3308 2304 3379 2356 uti
3406 2304 3599 2358 medici

2023 2391 2392 2448 laborantibus
2417 2408 2560 2463 saepe
2586 2393 2810 2448 faciunt.

2097 2481 2264 2539 Vens.
2302 2483 2393 2538 46.
2419 2502 2440 2537 ι
2473 2483 2532 2539 Si
2557 2494 2738 2540 autem
2768 2484 3025 2555 primitiae
3057 2497 3279 2551 saucue,
3314 2496 3366 2536 et
3392 2501 3599 2540 massa:

2021 2584 2076 2630 et
2105 2576 2150 2630 si
2183 2575 2333 2630 radix
2384 2586 2595 2643 sancta,
2623 2586 2675 2631 et
2703 2576 2862 2631 rami.
2903 2595 2922 2629 ι
2958 2576 3235 2633 Primitias
3275 2585 3330 2632 et
3363 2578 3599 2633 radicem

2022 2669 2251 2739 appellat
2284 2669 2621 2739 patriarchas
2651 2687 2665 2724 :
2701 2684 2937 2725 massam
2979 2681 3160 2727 autem
3189 2679 3243 2726 et
3269 2686 3475 2737 ramos,
3506 2686 3602 2726 eos

2022 2762 2112 2832 qui
2148 2777 2212 2816 ex
2249 2762 2356 2816 illis
2382 2760 2752 2841 crediderunt.
2797 2762 3119 2820 Consolatur
3150 2764 3314 2835 igitur
3341 2765 3601 2820 incredu-

2023 2853 2104 2909 lus
2133 2852 2407 2920 lit-hra-os,
2438 2853 2661 2910 dicens:
2692 2855 2755 2909 Et
2777 2870 2869 2910 ros
2892 2855 3064 2911 sancti
3088 2857 3263 2923 eritis,
3287 2857 3331 2913 si
3357 2856 3603 2912 credide-

2026 2945 2166 3000 ritls.
2202 2943 2435 3001 Necesse
2466 2944 2607 3001 enim
2638 2955 2721 3002 est
2750 2947 3027 3015 primitiis,
3059 2949 3160 3004 hoc
3186 2949 3300 3018 ποθι,
3334 2948 3602 3005 termento

2027 3051 2300 3104 massam,
2347 3048 2402 3093 et
2451 3038 2621 3095 radici
2668 3054 2851 3095 ramos
2892 3040 3204 3096 assimilari.
3239 3038 3334 3095 Sin
3364 3056 3459 3096 vos
3496 3042 3604 3097 illis

2027 3147 2133 3186 non
2186 3131 2600 3199 assimilemini,
2649 3132 2882 3203 ingentis
2926 3132 3141 3189 malitia:
3181 3134 3284 3189 hoc
3322 3144 3406 3189 est
3438 3149 3602 3204 argu-

2025 3234 2285 3279 mentum.

2101 3317 2261 3372 Vens.
2307 3316 2395 3381 l7,
2441 3317 2526 3373 l8.
2567 3334 2585 3370 ι
2632 3316 2784 3385 Quod
2815 3319 2859 3372 si
2883 3317 3047 3388 aliqui
3080 3333 3146 3374 ex
3179 3321 3346 3375 ramis
3390 3320 3598 3377 ell‘racti

2025 3419 2170 3473 sunt,
2206 3418 2262 3463 ιιι
2306 3424 2434 3463 vero
2478 3425 2602 3465 cum
2653 3410 2892 3466 oleaster
2941 3424 3125 3477 esses,
3177 3412 3414 3468 insertus
3457 3428 3516 3469 es
3547 3414 3603 3468 in

2026 3500 2154 3564 illis,
2196 3509 2251 3555 et
2293 3501 2477 3557 socius
2521 3501 2718 3557 radicis
2747 3511 2801 3557 et
2828 3501 3171 3572 pinguedinis
3223 3504 3380 3559 olivae
3429 3506 3604 3562 lactus

2024 3606 2118 3653 es.
2165 3590 2274 3646 noli
2321 3592 2544 3663 gloriari
2588 3593 2849 3649 adversus
2902 3609 3103 3650 ramos.
3154 3613 3174 3649 ι
3208 3594 3458 3654 inﬁdeles
3494 3596 3604 3654 He-

2024 3683 2200 3740 braeos
2220 3684 2504 3754 appellavit
2520 3684 2771 3740 ell'ractos
2794 3700 2971 3743 ramos
2988 3703 3002 3739 :
3018 3685 3219 3755 indigni
3237 3688 3380 3744 enim
3414 3698 3603 3745 sancta

2026 3777 2212 3833 radice
2264 3778 2395 3833 facti
2438 3786 2587 3834 sunt.
2644 3777 2876 3834 Pulchre
2924 3786 3104 3836 autem
3133 3780 3289 3848 dixit,
3327 3800 3347 3835 ι
3378 3780 3602 3836 Eliracti

2023 3876 2150 3921 sunt
2181 3884 2193 3917 :
2231 3885 2251 3920 ι
2282 3882 2558 3937 nunquam
2611 3866 2767 3933 enim,
2791 3868 2932 3926 Deus
2961 3869 3041 3926 sic
3069 3870 3215 3940 ipsos
3240 3869 3447 3942 rejecit,
3477 3873 3605 3927 licet

2026 3959 2750 4033 multifariam.peccassent.
2793 3960 2900 4020 Pro
2927 3963 3061 4035 ipsis
3110 3976 3290 4020 autem
3326 3975 3380 4020 tu
3412 3967 3605 4023 insitus

2023 4072 2105 4125 es,
2141 4070 2174 4111 o
2202 4054 2449 4113 Ethnice.
2486 4054 2605 4113 Non
2648 4055 2788 4113 dixit
2826 4065 3027 4123 autem,
3061 4054 3341 4113 Plantatus
3377 4072 3458 4124 es,
3485 4060 3603 4121 sed.

2030 4167 2049 4201 ι
2084 4146 2307 4213 lnsitus,
2339 4165 2360 4201 ι
2394 4145 2638 4203 Judaeum
2660 4146 2735 4202 ita
2764 4147 3038 4214 mordens,
3072 4159 3127 4203 et
3154 4150 3448 4205 ostendens
3475 4164 3608 4220 gen-

2024 4251 2107 4298 tes
2140 4242 2194 4296 in
2236 4241 2404 4311 ipsius
2433 4240 2651 4309 arbore,
2680 4238 2786 4296 hoc
2817 4248 2898 4296 est
2926 4240 3255 4309 patriarchis
3284 4242 3604 4305 consistere,

2024 4349 2251 4406 esseque
2284 4345 2568 4392 consortes
2591 4341 2646 4390 et
2671 4333 2964 4404 participes
3003 4333 3202 4389 radicis
3228 4345 3283 4390 et
3318 4335 3604 4406 pinguedi-

2027 4428 2130 4493 nis,
2158 4427 2259 4483 hoc
2287 4435 2372 4483 est
2409 4424 2648 4496 ejusdem
2678 4440 2806 4497 cum
2849 4425 2959 4482 illis
2998 4426 3294 4483 nobilitatis
3324 4437 3377 4483 et
3417 4428 3606 4498 gloriae

340 4522 539 4576 τητος,
563 4507 827 4575 τουτέστι,
848 4515 948 4585 τῆς
979 4515 1147 4587 αὐτῆς
1171 4514 1398 4578 ἐκείνοις
1418 4515 1696 4584 εὐγενείας
1726 4514 1822 4568 καὶ
1845 4513 1923 4568 δό⁴

2027 4519 2169 4590 apud
2206 4521 2369 4575 Deum
2390 4518 2705 4590 participes.
2729 4516 2809 4574 Ne
2833 4518 2997 4589 igitur
3023 4519 3275 4577 attollere
3297 4530 3351 4576 et
3371 4519 3606 4591 gloriare

342 4596 455 4666 ξης
490 4598 783 4668 μετέχοντα
821 4608 971 4674 παρὰ
1004 4607 1144 4679 Θεῷ.
1168 4609 1259 4680 Μὴ
1280 4603 1374 4665 οὖν
1405 4608 1548 4663 κατὰ
1572 4607 1681 4687 τῷν
1714 4608 1927 4664 κλάδων

2029 4613 2291 4671 adversus
2315 4627 2517 4668 ramos.

341 4689 586 4758 ὲπαίρου
626 4692 718 4744 καὶ
741 4694 952 4764 καυχῶ.

431 4798 451 4829 ο
492 4780 556 4834 Εί
578 4783 636 4836 δὲ
663 4789 1102 4860 κατακαυχᾶσαι,
1126 4792 1189 4847 ού
1217 4792 1283 4846 σὺ
1308 4794 1404 4866 τὴν
1430 4794 1588 4867 ῥίζαν
1614 4795 1925 4867 βαστάζεις,

343 4873 474 4929 ἀλλ’
505 4875 539 4946 ἡ
570 4875 694 4945 ῥίζα
721 4878 806 4931 σέ.
836 4898 856 4931 ι
900 4880 1006 4933 Καὶ
1030 4881 1083 4935 τί
1109 4884 1267 4938 τοῦτο
1292 4886 1624 4959 κατόρθωμα
1660 4889 1765 4942 τῶν
1788 4890 1926 4943 ἁπο-

346 4967 715 5023 σπασθέντων
744 4970 987 5040 κλάδωνς
1015 4975 1126 5046 Τῆς
1156 4978 1263 5052 γὰρ
1304 4980 1460 5049 ῥίζης
1495 4981 1615 5034 laci.
1640 4962 1701 5034 τὸ
1727 4980 1928 5051 βαστά-

346 5062 498 5126 ζειν.
554 5060 738 5134 Ὁρᾷς,
772 5064 890 5129 πῶς
936 5068 1049 5131 τοῖς
1090 5069 1367 5134 Ἰουδαίοις
1399 5071 1614 5144 ψυχρὰν
1643 5073 1927 5144 χαρίζεται

343 5152 538 5225 χάριν,
572 5157 1077 5228 παραμυθήσασθαι
1107 5162 1267 5230 μόνον
1318 5164 1592 5233 σπεύδων;
1628 5166 1847 5222 Μᾶλλον
1869 5166 1929 5221 δὲ

342 5245 451 5297 καὶ
495 5244 584 5298 διὰ
627 5245 783 5300 τοῦτο
809 5248 853 5280 θ’
883 5249 1177 5322 παροξύνει
1209 5255 1290 5316 εἰς
1326 5253 1510 5325 ζῆλον,
1563 5257 1784 5321 δεικνὺς
1821 5257 1923 5329 τὴν

345 5334 564 5403 ζημίαν
598 5339 663 5409 ἢν
685 5338 903 5409 ῑπαθον,
940 5343 1032 5395 καὶ
1067 5343 1215 5408 ὅπως
1242 5345 1390 5400 ἄλλοι
1424 5346 1493 5400 τὰ
1521 5347 1701 5404 αὐτῶν
1740 5347 1929 5403 ἔλαϐον

346 5428 453 5482 καὶ
484 5426 718 5500 ἔχουσιν.

2102 4815 2122 4848 ι
2164 4797 2316 4864 Quod
2369 4796 2417 4853 si
2462 4795 2746 4868 gloriaris,
2809 4810 2917 4850 non
2961 4805 3013 4849 tu
3067 4794 3304 4850 radicem
3375 4806 3559 4867 portas
3587 4837 3603 4860 ,

2025 4889 2122 4944 sed
2156 4888 2310 4945 radix
2341 4896 2415 4944 te.
2438 4906 2458 4941 ι
2487 4886 2555 4942 Ει
2574 4888 2846 4957 quodnam
2872 4888 2974 4942 hoc
3009 4901 3284 4942 ramorum
3311 4888 3403 4956 qui
3433 4887 3603 4941 avulsi

2027 4985 2156 5032 sunt
2198 4976 2517 5047 praeclarum
2567 4975 2821 5032 facinus?
2875 4976 3097 5032 Radicis
3152 4976 3297 5032 enim
3341 4983 3425 5031 est
3474 4990 3605 5045 por-

2026 5076 2160 5123 tare.
2197 5068 2384 5124 Viden‘
2415 5082 2576 5137 quam
2626 5067 2819 5139 frigide
2852 5069 3185 5141 gratiiicetur
3219 5066 3440 5133 Judazis,
3466 5081 3604 5121 con-

2028 5162 2195 5218 solari
2251 5162 2398 5232 ipsos
2433 5162 2810 5218 tantummodo
2852 5162 3105 5221 enitens?
3157 5161 3317 5228 Atqui
3365 5174 3464 5230 per
3502 5159 3606 5212 hoc

2027 5256 2204 5326 potius
2253 5252 2320 5308 ad
2367 5254 2767 5309 aemulationem
2798 5268 2893 5308 eos
2925 5252 3146 5316 incitat,
3188 5251 3443 5313 damnum
3516 5261 3643 5301 οδε-κ

2027 5345 2250 5400 tendens
2303 5344 2444 5414 quod
2506 5353 2633 5400 sunt
2667 5343 2848 5415 passi,
2890 5351 2943 5397 et
2975 5341 3241 5411 quomodo
3263 5338 3355 5393 alii
3375 5352 3495 5410 qua
3519 5337 3605 5411 Ip-

2038 5452 2221 5493 sorum
2246 5448 2399 5492 erant
2423 5447 2776 5509 percepi-runt
2801 5445 2853 5491 et
2881 5432 3179 5503 possideant.

1718 5632 1917 5695 Variae
1962 5633 2294 5698 lectiones.

422 5787 474 5821 “
508 5785 866 5851 πιστεύοντας
900 5803 933 5843 o
1028 5788 1074 5822 ⁸⁷
1101 5788 1290 5846 τοῦτον
1318 5807 1370 5848 o.

623 5881 893 5943 ΡΑτιιοι..
939 5882 1059 5945 Gn.
1104 5882 1374 5947 CXXIV.

3213 5883 3288 5945 16
