4038 6572
336 341 457 406 4ῦῖ

1252 356 1661 420 ΕΧΡΟΞΙΤΙΟ
1702 360 1780 420 IN
1822 360 2059 422 EPIST.
2101 361 2203 422 AD
2245 361 2426 425 non.
2452 391 2517 400 —
2548 367 2705 428 CAP.
2740 348 2880 428 XII;

3496 365 3609 432 εει

331 457 444 527 τὴν
479 459 703 526 γνῶσιν,
759 464 852 518 καὶ
898 465 994 529 τὰς
1025 468 1337 540 οἰκονομίας
1363 471 1457 525 τοῦ
1504 473 1661 536 Θεοῦ,
1711 474 1925 540 δοξάζει

2027 489 2244 547 surpere
2279 481 2557 548 perculsus
2585 490 2668 537 est
2714 480 2783 536 ob
2815 479 3130 545 bonitatem,
3166 489 3225 538 et
3285 482 3600 550 sapientiam

333 546 535 603 λοιπὸν
566 553 755 606 αὐτόν·
796 555 857 610 τὸ
906 557 1037 612 αὐτὸ
1065 561 1158 613 καὶ
1196 562 1346 631 ἡμᾶς
1368 563 1654 628 διδάσκων,
1687 566 1778 620 ἐπὶ
1809 568 1923 629 τοῖς

338 641 608 709 μεγάλοις
657 645 884 714 ἀγαθοῖς
937 652 1306 722 εὖχαριστεῖν,
1339 654 1433 709 καὶ
1484 655 1727 724 δοξάζειν
1758 656 1923 711 αὑτὸν

336 738 440 790 καὶ
466 737 554 792 διὰ
574 738 771 809 λόγων,
805 745 898 797 καὶ
918 743 1007 799 διὰ
1041 746 1335 812 πολιτείας.

926 946 1179 1001 ΚΕΦΛΛ.
1236 948 1335 1003 iB’.

420 1072 439 1104 ι
469 1054 778 1123 Παρακαλῶ
796 1056 889 1111 οὖν
914 1060 1081 1129 ὑμᾶς,
1102 1061 1345 1130 ἀδελφοὶ,
1369 1063 1458 1118 διὰ
1485 1065 1590 1117 τῶν
1618 1066 1920 1137 οίκτιρμῶν

323 1143 437 1196 τοῦ
470 1144 628 1207 Θεοῦ,
662 1153 1016 1220 παραστῆσαι
1047 1153 1118 1208 τὰ
1150 1155 1379 1225 σώματα
1414 1157 1568 1228 ὑμῶν
1590 1158 1781 1213 θυσίαν
1813 1160 1920 1225 ζῶ-

328 1252 465 1303 σαν,
500 1240 679 1308 ἁγίαν,
708 1243 1005 1313 εὐάρεστον
1034 1246 1111 1318 τῷ
1134 1247 1273 1320 Θεῷ,
1292 1249 1391 1321 τὴν
1414 1251 1639 1323 λογικὴν
1666 1251 1920 1324 λατρείαν

326 1330 521 1399 ὑμῶν.
560 1352 578 1384 ι
620 1335 839 1407 Ἐπειδὴ
897 1339 1098 1405 ίκανῶς
1124 1341 1199 1413 τῷ
1244 1343 1562 1417 δογματικῷ
1617 1346 1919 1417 ἐνδιέτριψα

325 1420 507 1494 λόγῳ,
536 1424 720 1479 λοιπὸν
775 1428 868 1481 καὶ
912 1432 991 1493 εἰς
1022 1433 1115 1486 τὸν
1140 1434 1333 1504 ἠθικὸν
1362 1437 1599 1507 πρόεισι.
1646 1437 1757 1491 Kal.
1794 1439 1919 1491 ἐπεὶ

324 1516 509 1582 ἔδει-ξε
540 1518 635 1590 τὴν
663 1520 761 1574 τοῦ
795 1523 931 1577 Θεοῦ
980 1526 1113 1596 περί
1164 1529 1311 1599 ἡμᾶς
1356 1530 1563 1599 ἄφατον
1607 1530 1919 1601 οἰκονομίαν

323 1612 436 1661 καὶ
466 1610 803 1683 ἁγαθότητα,
838 1619 1151 1687 παρακαλεῖ
1181 1640 1200 1672 ι
1226 1621 1313 1675 διὰ
1346 1621 1456 1676 τῶν
1477 1623 1777 1694 οἰκτιρμῶν
1819 1622 1916 1676 τοῦ

323 1700 475 1755 Θεοῦ
501 1743 516 1763 .
555 1721 573 1755 ι
607 1707 906 1772 τουτέστιν,
939 1710 1137 1774 αὐτοὺς
1163 1713 1290 1775 τοὺς
1344 1714 1663 1784 οἰκτιρμοὺς
1691 1715 1920 1784 μεσίτας

2023 582 2078 627 et
2105 572 2367 637 notitiam,
2405 581 2455 627 et
2493 573 2947 642 gubernationem
2991 571 3104 639 Dei,
3140 573 3317 644 ipsum
3342 573 3602 644 deinceps

2025 668 2287 739 gloriﬁcat
2317 685 2332 723 :
2359 682 2458 722 nos
2498 668 2680 722 itidem
2730 668 3017 723 instituens
3066 669 3135 722 ob
3190 668 3423 737 ingentia
3458 669 3597 722 bona

2025 760 2227 833 gratias
2272 774 2454 831 agerc,
2504 760 2790 830 ipsumque
2827 769 2881 814 et
2942 758 3119 815 verbis
3170 759 3357 815 ctvita
3393 758 3600 829 gloriﬁ-

2027 869 2088 908 Cll
2099 869 2175 908 τε.

2548 968 2661 1040 se
2696 966 2924 1025 CAPUT
2957 966 3070 1023 xu.

2102 1083 2265 1139 Vens.
2307 1085 2356 1139 l.
2390 1102 2407 1135 ι
2448 1082 2686 1139 Obsecro
2720 1084 2901 1152 itaque
2932 1097 3049 1151 vos,
3089 1081 3306 1147 fratres,
3340 1098 3434 1150 per
3501 1082 3604 1136 mi-

2024 1177 2331 1233 serationes
2384 1176 2501 1241 Dei,
2556 1186 2616 1231 ιιι
2659 1177 2962 1232 exhibeatis
3005 1191 3230 1244 corpora
3295 1186 3474 1230 vestra
3504 1172 3603 1230 ho?

2024 1271 2180 1326 stiam
2214 1271 2507 1333 viventem,
2561 1278 2828 1331 sanctam,
2867 1269 2975 1324 Deo
3006 1267 3330 1338 placentem,
3359 1267 3601 1321 rationa-

2021 1364 2129 1418 lem
2181 1362 2384 1418 cultum
2434 1372 2695 1418 vestrum.
2736 1381 2754 1414 ι
2789 1363 3077 1433 Postquam
3115 1362 3328 1416 abunde
3373 1361 3503 1414 satis
3538 1362 3603 1413 de

2021 1456 2359 1523 dogmatibus
2384 1455 2547 1510 verba
2570 1453 2808 1520 fecisset,
2835 1455 3087 1525 deinceps
3117 1454 3182 1508 ad
3213 1468 3418 1507 morum
3462 1465 3601 1521 prae-

2021 1557 2176 1619 cepta
2221 1547 2415 1619 pergit.
2449 1545 2656 1603 Etcum
2694 1545 3017 1600 ineﬁabilem
3053 1544 3146 1600 Dei
3173 1545 3317 1600 circa
3350 1561 3448 1601 nos
3476 1547 3597 1601 dis-
3631 1533 3635 1541 ’

2022 1643 2395 1713 pensationem
2453 1647 2510 1695 et
2563 1638 2855 1701 bonitatem
2918 1638 3264 1704 ostendisset,
3342 1640 3594 1697 obsecrat

2022 1750 2120 1789 nos
2156 1752 2175 1786 ι
2213 1747 2312 1804 ρει·
2350 1732 2726 1787 miserationes
2788 1729 2904 1796 Dei,
2945 1747 2964 1780 ι
3019 1731 3121 1784 hoc
3158 1741 3264 1795 est,
3300 1730 3443 1800 ipsas
3496 1733 3602 1786 mi-

324 1795 800 1893 προδαλλόμενος,
850 1801 925 1864 ὡς
971 1803 1040 1856 ἂν
1066 1804 1289 1868 τούτους
1340 1805 1703 1873 αἰδεσθέντες,
1749 1806 1916 1878 μηδὲν

2021 1824 2324 1880 serationes
2373 1822 2722 1878 iutermedias
2758 1835 3088 1890 proponens,
3124 1830 3185 1875 ut
3223 1821 3304 1876 vel
3334 1822 3480 1893 ipsas
3511 1838 3599 1876 re-

324 1884 559 1949 ἁνάξιον
615 1889 797 1943 αὐτῶν
856 1893 1278 1966 ὲπιδειξὼμεθα.
1316 1897 1382 1950 Τί
1444 1898 1501 1952 δὲ
1561 1899 1908 1970 παρακαλεῖς

325 1976 458 2030 Ἵνα
492 1984 933 2055 παραστήσωμεν
979 1987 1050 2041 τὰ
1105 1987 1552 2062 σώματαὴμῶν,
1607 1993 1907 2059 τουτέστιν,

324 2068 426 2122 ἴνα
456 2072 537 2135 είς
569 2073 805 2145 πόλεμον
858 2078 1032 2134 ταῦτα
1063 2081 1331 2153 έκδῶμεν.
1367 2081 1523 2137 Οὕτω
1553 2083 1661 2155 γὰρ
1716 2084 1910 2139 εἴωθεν

324 2162 365 2229 ἡ
395 2162 582 2231 ὁμιλία
640 2165 851 2233 λέγειν·
886 2171 1241 2245 ΙΙαρέστησεν
1281 2175 1311 2228 ὁ
1350 2176 1656 2247 στρατηγὸς
1678 2176 1777 2241 τὰς
1816 2180 1911 2234 τά·

326 2252 448 2318 ξεις
477 2257 556 2321 εἷς
584 2259 838 2331 πόλεμον.
873 2265 944 2317 Ἦ
973 2266 1068 2319 καὶ
1095 2265 1170 2330 ὡς
1202 2267 1411 2338 βασιλεῖ
1438 2268 1518 2340 τῷ
1543 2268 1662 2340 Θεῷ
1694 2270 1908 2340 ὀφείλο-

326 2364 441 2416 μεν
474 2355 743 2425 παριστᾷν
766 2354 833 2409 τὰ
867 2357 1008 2428 μέλη
1045 2360 1201 2429 ἡμῶν
1231 2360 1432 2432 δόκιμα
1462 2363 1557 2416 καὶ
1581 2362 1909 2432 ἐκλελεγμέ-

324 2454 404 2490 va
425 2455 440 2468 θ
465 2441 697 2497 τοιοῦτοι
734 2447 839 2516 γὰρ
863 2449 912 2501 οί
945 2449 1024 2520 τῷ
1049 2449 1258 2520 βασιλεῖ
1288 2453 1710 2525 παριστάμενοι.
1749 2453 1912 2509 Ἀλλὰ

324 2530 430 2582 καὶ
465 2549 487 2584 ι
519 2532 709 2590 θυσίαν
739 2539 920 2604 ζῶσαν
956 2561 974 2591 ι
1004 2543 1171 2598 ταῦτα
1200 2546 1567 2617 παραστῶμιν
1592 2546 1657 2620 [Ῑ.
1681 2565 1904 2619 παριστ.

325 2623 414 2673 vel
461 2629 913 2702 παραστήσωμ.].
963 2633 1137 2689 Ὅταν
1167 2636 1275 2705 γὰρ
1316 2636 1684 2710 νεκρώσωμεν
1712 2640 1906 2706 ταῦτα,

323 2711 459 2764 τότε
500 2712 680 2785 ζῶμεν
711 2721 852 2772 κατᾶ
892 2723 1131 2791 πνεῦμα.
1168 2726 1234 2778 Ἠ
1266 2727 1366 2796 μὲν
1388 2724 1482 2782 οὖν
1520 2728 1786 2801 Ἰουδαῖκὴ
1816 2730 1923 2783 θυ-·

328 2800 449 2864 σία,
483 2803 581 2854 οὐκ
612 2807 903 2876 εὐάρεστος
934 2812 1010 2882 τῷ
1036 2814 1173 2885 Θεῷ.
1215 2835 1234 2867 ι
1272 2818 1368 2880 Τίς
1396 2818 1505 2890 γὰρ
1538 2800 1852 2891 ὲξεζήτησε,
1883 2839 1901 2871 ι

325 2893 492 2960 φησί,
529 2914 549 2947 ι
601 2898 772 2952 ταῦτα
826 2903 891 2956 ὲκ
938 2904 1049 2957 τῶν
1076 2906 1277 2978 χειρῶν
1304 2909 1492 2979 ὑμῶνς
1533 2928 1551 2961 ι
1601 2909 1664 2962 'H
1710 2910 1767 2963 δὲ
1800 2911 1907 2965 τῶν

324 2987 543 3042 πιστῶν
580 2991 759 3057 θυσία,
797 2996 829 3064 ή
872 2994 1066 3069 λογικὴ
1115 2999 1361 3070 λατρεία,
1406 3003 1610 3072 σφόδρα
1663 3002 1907 3074 ζητεῖται

326 3081 491 3172 παρὰ
513 3082 605 3136 τοῦ
638 3084 775 3139 Θεοῦ
795 3087 864 3142 ’⁸.
904 3109 923 3142 ι
951 3089 1125 3155 Θῦσον
1147 3113 1166 3146 ι
1203 3097 1311 3169 γάρ
1328 3118 1346 3149 ι
1367 3100 1444 3172 τῷ
1465 3098 1585 3169 Θεῷ
1605 3099 1793 3154 θυσίαν
1821 3104 1907 3156 αἱ·

2018 1914 2195 1980 veriti,
2231 1914 2364 1970 nihil
2397 1914 2527 1984 ipsis
2565 1913 2840 1984 indignum
2878 1922 3219 1981 praestemus.
3245 1913 3383 1982 Quid
3418 1926 3595 1971 autem

2016 2007 2317 2064 obsecrat?
2348 2005 2419 2063 Ut
2467 2006 2819 2062 exhibeamus
2854 2021 3081 2075 corpora
3114 2014 3322 2074 nostra,
3352 2007 3453 2063 hoc
3490 2018 3594 2075 est,

2017 2111 2077 2156 ιιι
2105 2099 2172 2155 ad
2223 2098 2418 2155 bellum
2482 2111 2814 2167 exponamus
2850 2107 2904 2152 et
2949 2095 3248 2153 tradamus.
3309 2097 3401 2152 Sic
3449 2084 3600 2153 enim

2015 2192 2179 2262 vulgo
2241 2191 2344 2246 dici
2402 2189 2538 2246 solet
2570 2207 2584 2245 :
2613 2190 2919 2259 Imperator
2969 2190 3113 2244 acies
3154 2204 3279 2246 suas
3304 2191 3369 2243 ad
3396 2189 3592 2245 bellum

2017 2279 2262 2334 exhibuit
2305 2279 2389 2334 vel
2435 2280 2710 2335 instruxit.
2760 2280 2865 2333 Aut
2900 2278 3153 2350 tanquam
3208 2280 3317 2349 regi
3353 2279 3461 2333 Deo
3495 2277 3595 2334 de?

2018 2371 2208 2427 bemus
2260 2370 2517 2426 exhibere
2561 2371 2800 2426 membra
2824 2383 3007 2427 nostra
3036 2372 3255 2440 probata
3307 2384 3356 2426 et
3398 2373 3593 2429 electa.

2019 2460 2177 2518 Tales
2208 2463 2351 2517 enim
2383 2471 2508 2517 sunt
2533 2461 2621 2533 qui
2668 2463 2976 2532 imperatori
3007 2463 3121 2518 sive
3164 2463 3367 2517 militiae
3400 2462 3594 2532 pracfe-

2016 2564 2102 2606 clo
2150 2554 2435 2608 sistuntur.
2494 2552 2741 2622 Insuper,
2792 2572 2812 2607 ι
2864 2555 3094 2610 hostiam
3142 2555 3405 2610 virentem
3446 2574 3464 2607 ι
3504 2570 3595 2609 ea-

2018 2647 2138 2700 dem
2163 2645 2534 2721 exhibeamus.
2560 2645 2784 2712 Quando
2806 2647 2950 2703 enim
2980 2662 3041 2703 ea
3063 2647 3592 2710 mortiﬁcaverinms,

2018 2743 2144 2791 tunc
2193 2734 2426 2792 vivimus
2467 2736 2759 2793 secundum
2796 2737 3066 2808 spiritum.
3108 2737 3387 2794 Iudaicum
3416 2739 3594 2807 itaque

2016 2827 2341 2884 sacrillcium
2389 2845 2497 2885 non
2548 2842 2630 2887 est
2683 2829 2790 2887 Deo
2847 2842 3080 2901 gratum.
3119 2850 3139 2883 ι
3172 2827 3303 2898 Quis
3361 2832 3526 2895 enim,
3567 2850 3587 2883 ι

2018 2918 2211 2988 inquit,
2246 2938 2265 2972 ι
2300 2922 2589 2992 exquisivit
2636 2913 2781 2978 luec-
2808 2922 2878 2977 de
2923 2916 3175 2980 manibus
3234 2925 3429 2979 vestris
3463 2920 3482 2963 ι
3511 2924 3535 2977 ἲ
3569 2941 3588 2973 ι

2016 3008 2279 3066 Fidelium
2347 3027 2528 3069 autem
2576 3014 2926 3080 sacriﬁcium,
2994 3017 3044 3070 id
3106 3024 3211 3082 est,
3276 3015 3587 3071 rationalem

2016 3102 2219 3158 cultum
2252 3105 2593 3162 vehementer
2618 3107 2822 3176 expetit
2859 3108 3019 3163 Deus.
3075 3126 3093 3159 ι
3143 3108 3400 3163 Sacriﬁco
3445 3107 3588 3163 enim

329 3171 538 3238 νέσεως
556 3188 570 3203 ’
598 3194 618 3230 ι
647 3179 789 3245 καί,‹
813 3180 986 3237 Θυσία
1016 3185 1277 3252 αἰνέσεως
1304 3190 1622 3263 δοξάσείμε.
1646 3213 1664 3246 ›
1692 3197 1898 3271 Λογικὴ
1927 3180 1933 3218 ί

2015 3194 2137 3259 Deo,
2161 3214 2180 3246 ι
2204 3194 2397 3266 ἰηιιιιίι,
2428 3215 2447 3252 ι
2469 3198 2797 3254 sacriﬁcium
2824 3198 2998 3253 laudis
3028 3216 3083 3254 ι»
3113 3208 3190 3264 et,
3209 3219 3226 3251 ι
3251 3199 3586 3255 Sacriﬁcium

406 3265 668 3363 λατρεία,
688 3272 748 3325 οὐ
776 3273 986 3348 μόνονή
1015 3276 1101 3333 διὰ
1124 3279 1284 3349 λόγου
1315 3284 1450 3356 πρὸς
1467 3286 1598 3342 Θεὸν
1623 3263 1905 3363 γινομένη,

327 3358 476 3412 ἀλλὰ
504 3363 597 3415 καὶ
622 3364 656 3432 ἡ
692 3365 832 3419 κατὰ
862 3369 1098 3440 Χριστὸν
1129 3373 1394 3442 πολιτεία,
1424 3378 1552 3434 ὃταν
1595 3358 1764 3454 μηδὲν
1786 3358 1912 3439 die;

327 3466 430 3514 γον
465 3455 633 3518 πάθος
663 3457 721 3509 ἐν
760 3459 893 3528 ἡμῖν
922 3467 1134 3536 κρατῇ,
1171 3466 1308 3521 ἀλλὰ
1362 3471 1390 3524 ὁ
1433 3469 1589 3539 λόγος
1639 3475 1706 3529 τὰ
1738 3476 1914 3533 πάντα

327 3541 508 3613 διοικῇ
537 3558 551 3572 °
576 3547 670 3599 καὶ
703 3548 893 3620 ῶσπερ
920 3553 1209 3626 ἀρχιερεὺς
1222 3559 1450 3625 ἕκαστος
1480 3564 1672 3620 ἑαυτοῦ
1688 3569 1916 3637 γίνεται,

328 3636 696 3704 ἀποσφάττων
741 3641 837 3705 τὰς
862 3645 1012 3710 em;
1068 3648 1285 3716 κακίας,
1307 3655 1401 3707 καὶ
1436 3654 1607 3711 δοκῶν
1634 3661 1722 3715 ἀεὶ
1778 3681 1921 3737 παρ-

326 3728 551 3832 εστάναι
597 3730 675 3801 τῷ
729 3731 849 3833 Θεῷ
881 3776 897 3803 ,
930 3736 1021 3833 καὶ
1045 3740 1184 3833 κατὰ
1235 3744 1415 3800 πᾶσαν
1445 3751 1642 3819 πρᾶξιν
1694 3758 1784 3810 κα)⁴
1821 3728 1921 3833 pii-

329 3833 418 3870 σιν
449 3817 590 3916 offatm
646 3821 915 3916 φρίττων,
943 3825 1017 3890 ὡς
1041 3828 1068 3881 ὁ
1088 3830 1396 3903 ἀρχιερεὺς,
1431 3817 1559 3894 ὅταν
1583 3842 1711 3916 θείῳ
1734 3817 1920 3904 θυέιᾶ-
1952 3888 1957 3894 .

329 3906 536 3980 ετηρίφ
557 3911 904 3983 παρίσταται.

407 4096 573 4194 οιῐςαί
608 4099 685 4169 μὴ
740 4106 1244 4194 συσχηματίςεσθαι
1299 4112 1345 4144 ⁹⁶
1395 4113 1475 4186 τῷ
1508 4118 1666 4172 αἰῶνι
1719 4120 1915 4194 τούτῳ,

329 4185 467 4238 ἀλλὰ
508 4193 991 4262 μεταμορφοῦσθαι
1023 4199 1069 4231 ⁸⁷
1118 4204 1184 4272 τῇ
1239 4185 1605 4263 ἀνακαινώσει
1644 4212 1738 4266 τοῦ
1794 4185 1916 4278 νοδς

330 4279 508 4376 ὑμῶν.
549 4300 572 4376 »γ
617 4282 967 4343 ’Υποτίθεται
1027 4291 1161 4362 ἡμῖν
1209 4296 1432 4367 τρόπον,
1474 4299 1542 4353 δι’
1577 4295 1638 4356 οὗ
1667 4303 1909 4376 δυνησώ-

333 4370 476 4464 μσθα
512 4375 626 4464 τὴν
673 4376 900 4452 λογικὴν
924 4380 1184 4455 λατρείαν
1227 4391 1613 4461 κατορθῶσαιο
1643 4397 1701 4460 ὃς
1733 4370 1906 4464 ἐστιν,

2012 3288 2188 3346 laudis
2213 3289 2538 3360 gluriﬁcabit
2588 3308 2671 3345 me
2698 3298 2760 3345 “.
2805 3311 2824 3344 ι
2865 3292 3166 3347 Rationatis
3196 3301 3375 3346 autem
3413 3290 3589 3345 cultus

2013 3389 2116 3445 est,
2153 3393 2256 3433 non
2296 3379 2467 3433 solum
2499 3381 2590 3450 qui
2625 3381 2803 3436 verbis
2844 3382 2912 3435 ad
2954 3379 3121 3434 Deum
3160 3381 3318 3434 factis
3362 3391 3589 3449 preesta-

2019 3482 2126 3538 tur,
2165 3487 2347 3529 verum
2380 3472 2543 3527 etiam
2576 3474 2683 3529 vita
2723 3480 2806 3530 est
2832 3484 2887 3528 et
2931 3468 3269 3528 conversatio
3293 3473 3584 3526 secundum

2017 3562 2333 3620 Christum:
2386 3575 2441 3620 et
2496 3566 2710 3634 quando
2764 3563 2940 3618 nullus
2979 3563 3308 3617 irrationalis
3366 3562 3589 3616 allectus

2024 3660 2075 3712 in
2106 3659 2262 3714 nobis
2293 3667 2505 3729 regnat,
2540 3660 2634 3714 sed
2669 3659 2805 3713 ratio
2837 3658 3018 3713 omnia
3048 3657 3347 3727 gubernat;
3382 3663 3436 3708 et
3467 3664 3587 3708 tan.

2023 3768 2184 3825 quam
2224 3751 2460 3822 pontifex
2492 3751 2722 3822 quisque
2754 3748 3009 3818 suiipsius
3035 3749 3208 3802 factus
3247 3746 3429 3814 fuerit,
3455 3746 3589 3800 inte-

2028 3846 2222 3899 riorem
2267 3839 2527 3896 malitiam
2548 3839 2824 3910 jugulans,
2851 3854 3013 3909 seque
3036 3837 3353 3893 existimans
3375 3850 3589 3906 semper

2024 3953 2205 3992 curam
2243 3934 2350 3990 Deo
2383 3944 2557 3999 stare,
2593 3947 2657 3989 ac
2692 3934 2744 3987 in
2774 3933 2919 3988 onmi
2953 3945 3116 4001 opere
3142 3940 3197 3985 ct
3234 3932 3396 3985 verbo
3421 3930 3589 3982 instar

2025 4028 2295 4100 pontiﬁcis
2327 4024 2525 4079 divina:
2566 4039 2676 4079 arae
2704 4020 3014 4078 assiStentis
3042 4020 3477 4090 perhorrescens.

2094 4117 2255 4173 Vens.
2298 4114 2353 4168 2.
2390 4132 2410 4167 ‹
2448 4112 2515 4168 Ει
2545 4127 2611 4167 ne
2653 4110 3057 4181 conﬁguremini
3104 4109 3228 4163 huic
3249 4105 3463 4169 saeculo,
3494 4104 3588 4160 sed

2023 4205 2473 4264 transformemini
2508 4220 2601 4275 per
2633 4203 3040 4259 reuovationem
3093 4199 3286 4256 mentis
3304 4208 3531 4253 νεειι-ιιι.Δ
3563 4214 3583 4246 ι

2022 4302 2234 4358 Modum
2288 4300 2443 4355 nobis
2466 4296 2736 4369 proponit,
2765 4311 2871 4366 quo
2914 4292 3232 4349 rationalem
3273 4290 3474 4346 cultum
3507 4291 3588 4343 vel

2019 4394 2333 4450 servitutem
2382 4389 2643 4461 perﬁcere
2696 4402 2955 4458 queamus
3014 4403 3029 4440 :
3085 4384 3176 4455 qui
3240 4392 3345 4448 εει,
3400 4383 3445 4436 si
3478 4396 3585 4436 non

330 4461 431 4573 civ
463 4462 539 4573 μὴ
592 4472 1135 4573 συσγηματιὶὡμεθα
1182 4481 1261 4550 τῷ
1306 4472 1461 4539 αίῶνι
1496 4486 1690 4560 τούτῳ.
1737 4461 1905 4545 Οὐδὲν

2018 4486 2416 4556 conﬁguremur
2454 4481 2652 4538 saeculo
2701 4480 2845 4535 huic.
2900 4478 3042 4534 Nihil
3094 4477 3237 4532 enim
3296 4477 3453 4531 habet
3504 4475 3587 4528 vel

328 4552 442 4651 γὰρ
467 4553 581 4651 ἔχει
602 4555 755 4620 ἑστὸς
783 4562 878 4614 καὶ
904 4562 1144 4633 βέϐαιον,
1192 4570 1332 4624 ἀλλὰ
1365 4574 1542 4629 πάντα
1569 4552 1899 4651 πρόσκαιρα,

327 4644 428 4697 καὶ
480 4647 665 4718 σχῆμα
703 4652 865 4720 μόνον
920 4654 1130 4726 ἔχοντα,
1169 4661 1265 4734 οὐχ
1292 4664 1590 4721 ὑπόστασίν
1616 4644 1757 4726 ’τινα
1810 4644 1906 4727 καί

326 4736 519 4845 obsim)
550 4740 803 4845 pdwpov:
863 4748 957 4818 Μὴ
996 4749 1113 4813 οὖν,
1152 4756 1337 4823 φησιν,
1401 4757 1750 4828 ἐξομοιοῦσθε
1812 4763 1907 4817 καὶ

329 4830 488 4897 ὑμεῖς
515 4832 688 4904 τούτῳ
729 4835 809 4906 τῷ
856 4839 1021 4894 αἰῶνι⁴
1054 4843 1444 4918 άνυποστάτῳ·
1497 4852 1765 4917 τουτέστι,
1812 4854 1905 4924 Μὴ

326 4926 578 4992 φρονεῖτε
599 4927 921 4997 τὰτούτου,ι
956 4934 1090 4989 ἀλλὰ
1112 4940 1567 5010 μεταμορφοῦσθε
1595 4945 1661 5015 τῇ
1682 4944 1906 4999 ἀνακαι-

324 5015 491 5071 νώσει
509 5018 599 5072 τοῦ
619 5021 737 5085 νοὸς
759 5024 962 5094 ὑμῶν,›
989 5029 1285 5100 τουτέστιν,
1309 5033 1397 5087 ἀεὶ
1425 5034 1720 5089 ἀνακαίνου
1746 5054 1907 5090 σεαυ-

320 5103 442 5158 τόν.
474 5106 793 5180 Ἥμαρτεςς
846 5114 1197 5183 ὲπαλαίωσάς
1242 5137 1334 5175 σου
1374 5122 1473 5193 τὴν
1501 5122 1701 5195 ψυχήν.
1749 5124 1906 5179 Ἀνα-

324 5196 641 5269 καινίσθητι
672 5203 855 5259 πάλιν.
895 5207 1280 5279 Κατώρθωσάς
1311 5230 1365 5266 τι
1400 5216 1630 5287 μικρὸν;
1667 5216 1903 5270 σπούδα-

323 5305 422 5343 σον
444 5293 540 5345 καί
568 5295 752 5363 μεῖζον
773 5301 1142 5372 κατορθῶσαι,
1173 5308 1268 5361 καὶ
1317 5309 1551 5378 γέγονας
1575 5313 1784 5379 καινὸς,
1817 5313 1905 5366 ἀεὶ

318 5383 419 5473 ἐπὶ
436 5383 500 5436 τὸ
534 5390 780 5457 κρεῖττον
813 5398 1360 5467 μεταμορφούμενος.
1387 5403 1531 5473 Ὅρα
1554 5403 1631 5469 δὲ,
1670 5406 1787 5462 πῶς
1810 5406 1902 5460 ἐπὶ

320 5471 430 5543 μὲν
461 5473 557 5528 τοῦ
592 5478 794 5549 κόσμου
822 5481 1011 5553 σχῆμα
1034 5485 1307 5558 ὠνόμασε,
1342 5492 1432 5547 διὰ
1465 5471 1545 5546 ⁷τὸ
1587 5494 1901 5550 εὐδιάλυτον

398 5590 555 5653 llsa.
587 5615 625 5666 ι,
668 5603 751 5658 12.
826 5612 869 5637 ³
921 5605 1059 5663 l‘sal.
1118 5627 1261 5678 χιιι,
1306 5614 1387 5670 14.

2006 4578 2203 4634 stabile
2249 4577 2331 4631 vel
2381 4578 2615 4638 ﬁrmum,
2665 4578 2758 4628 sed
2800 4572 2983 4626 omnia
3005 4579 3129 4626 sunt
3172 4569 3501 4639 temporaria
3533 4579 3588 4621 et

2005 4673 2228 4743 ﬁguram
2260 4678 2470 4723 tantum
2498 4666 2748 4723 habentia
2772 4703 2787 4729 ,
2816 4679 2922 4717 non
2955 4661 3365 4718 subsistentiam
3392 4674 3584 4728 quam-

2003 4766 2150 4827 dam,
2181 4770 2237 4817 et
2265 4760 2623 4816 substantiam
2652 4756 2860 4811 ﬁrmam
2888 4770 2985 4811 seu
3035 4762 3465 4823 permanentem.
3508 4751 3584 4808 Ne

2001 4854 2206 4922 itaque,
2253 4851 2447 4921 inquit,
2478 4848 2853 4905 assimilemiui
2896 4857 2951 4903 et
2982 4862 3077 4903 vos
3112 4848 3240 4903 huic
3271 4845 3469 4901 saeculo
3493 4844 3579 4897 in-

2001 4942 2266 5000 constanti
2299 4960 2313 4997 :
2347 4943 2447 4997 hoc
2499 4953 2603 5010 est,
2639 4940 2717 4997 Ne
2747 4942 3003 5011 cogitate,
3039 4956 3213 5011 neque
3265 4940 3437 5010 sapite
3463 4951 3582 5007 quan

2003 5046 2128 5094 sunt
2181 5036 2359 5109 hujus,
2393 5053 2411 5088 ι
2448 5032 2552 5090 Sed
2613 5032 3071 5089 transformemini
3131 5049 3225 5102 per
3272 5030 3583 5087 renovatio-

2003 5144 2127 5184 nem
2180 5128 2379 5183 mentis
2428 5135 2642 5192 vestrae,
2684 5145 2704 5179 ι
2736 5127 2839 5181 hoc
2868 5135 2973 5192 est,
3006 5124 3301 5196 Nunquam
3356 5138 3459 5176 non
3497 5116 3578 5175 te;

2001 5222 2173 5290 ipsum
2204 5219 2423 5275 innova.
2448 5218 2732 5275 Peccasti?
2755 5219 2991 5274 animam
3024 5228 3171 5272 tuam
3199 5228 3434 5270 veterem
3466 5213 3580 5279 red-

2002 5309 2528 5365 didisti:innovare
2587 5323 2797 5364 rursus.
2851 5306 3156 5363 Correxisti
3217 5318 3397 5359 mores
3458 5314 3578 5358 tuos

2000 5399 2313 5470 paululum?
2365 5415 2565 5456 conare
2625 5399 2795 5470 magis
2843 5399 3121 5469 magisque
3150 5396 3461 5463 emendare,
3491 5394 3571 5449 fa-

2000 5506 2225 5564 ctusque
2264 5509 2323 5550 es
2362 5508 2552 5560 novus,
2581 5492 2632 5547 in
2667 5491 2857 5550 melius
2877 5507 3092 5563 semper
3138 5490 3574 5548 transformatus.

1680 5711 1881 5774 Variae
1912 5710 2241 5776 lectiones.

396 5788 448 5823 "
472 5790 551 5863 τῷ
576 5793 695 5868 Θεῷ
722 5814 773 5854 ο.
860 5802 904 5833 ’⁸
937 5805 1221 5870 -τίςεσθε
1255 5824 1306 5864 ο.
1386 5810 1431 5848 ’⁷
1461 5812 1737 5882 -φοῦσθε
1771 5832 1822 5870 0.
