  <div class='ocr_page' id='page_1' title='image "/cluster/home/n/w/nwhite01/storage/ocr_20150623/124/hvd.32044019208206/264.png"; bbox 0 0 4038 6614; ppageno 0'>
   <div class='ocr_carea' id='block_1_1' title="bbox 278 371 394 439">
    <p class='ocr_par' dir='ltr' id='par_1_1' title="bbox 278 371 394 439">
     <span class='ocr_line' id='line_1_1' title="bbox 278 371 394 439; baseline -0.026 0"><span class='ocrx_word' id='word_1_1' title='bbox 278 371 394 439; x_wconf 66' lang='lat'><strong>591</strong></span> 
     </span>
    </p>
   </div>
   <div class='ocr_carea' id='block_1_2' title="bbox 1173 374 2769 449">
    <p class='ocr_par' dir='ltr' id='par_1_2' title="bbox 1173 374 2769 449">
     <span class='ocr_line' id='line_1_2' title="bbox 1173 374 2769 449; baseline 0.006 -16"><span class='ocrx_word' id='word_1_2' title='bbox 1173 374 1575 439; x_wconf 66' lang='lat' dir='ltr'><strong>EXZ‘OSITIO</strong></span> <span class='ocrx_word' id='word_1_3' title='bbox 1610 376 1690 437; x_wconf 75' lang='lat' dir='ltr'><strong>IN</strong></span> <span class='ocrx_word' id='word_1_4' title='bbox 1730 378 1967 439; x_wconf 71' lang='lat' dir='ltr'><strong>EPIST.</strong></span> <span class='ocrx_word' id='word_1_5' title='bbox 2004 380 2105 441; x_wconf 74' lang='lat' dir='ltr'><strong>AD</strong></span> <span class='ocrx_word' id='word_1_6' title='bbox 2140 380 2319 441; x_wconf 71' lang='grc' dir='ltr'><strong>ΗῡΜ.</strong></span> <span class='ocrx_word' id='word_1_7' title='bbox 2349 383 2590 445; x_wconf 78' lang='lat' dir='ltr'><strong>-CAP.</strong></span> <span class='ocrx_word' id='word_1_8' title='bbox 2635 380 2769 449; x_wconf 73' lang='lat' dir='ltr'><strong>XII.</strong></span> 
     </span>
    </p>
   </div>
   <div class='ocr_carea' id='block_1_3' title="bbox 3408 373 3542 439">
    <p class='ocr_par' dir='ltr' id='par_1_3' title="bbox 3408 373 3542 439">
     <span class='ocr_line' id='line_1_3' title="bbox 3408 373 3542 439; baseline -0.007 0"><span class='ocrx_word' id='word_1_9' title='bbox 3408 373 3542 439; x_wconf 66' lang='grc' dir='ltr'><strong>’δαὶ</strong></span> 
     </span>
    </p>
   </div>
   <div class='ocr_carea' id='block_1_4' title="bbox 280 483 1901 567">
    <p class='ocr_par' dir='ltr' id='par_1_4' title="bbox 280 483 1901 559">
     <span class='ocr_line' id='line_1_4' title="bbox 280 483 1901 559; baseline 0.007 -23"><span class='ocrx_word' id='word_1_10' title='bbox 280 483 432 541; x_wconf 72' lang='grc' dir='ltr'><strong>ἀλλὰ</strong></span> <span class='ocrx_word' id='word_1_11' title='bbox 452 484 545 536; x_wconf 64' lang='grc' dir='ltr'><strong>τὸν</strong></span> <span class='ocrx_word' id='word_1_12' title='bbox 574 484 682 538; x_wconf 70' lang='grc' dir='ltr'><strong>ἀπὸ</strong></span> <span class='ocrx_word' id='word_1_13' title='bbox 708 485 803 539; x_wconf 73' lang='grc' dir='ltr'>τοῦ</span> <span class='ocrx_word' id='word_1_14' title='bbox 828 486 988 552; x_wconf 77' lang='grc' dir='ltr'>Θεοῦ,</span> <span class='ocrx_word' id='word_1_15' title='bbox 1012 486 1077 540; x_wconf 66' lang='grc' dir='ltr'>ὃν</span> <span class='ocrx_word' id='word_1_16' title='bbox 1105 491 1137 558; x_wconf 82' lang='grc' dir='ltr'>ἡ</span> <span class='ocrx_word' id='word_1_17' title='bbox 1172 491 1330 559; x_wconf 81' lang='grc' dir='ltr'>χάρις</span> <span class='ocrx_word' id='word_1_18' title='bbox 1366 491 1532 545; x_wconf 79' lang='grc' dir='ltr'>αὑτοῦ</span> <span class='ocrx_word' id='word_1_19' title='bbox 1578 494 1869 549; x_wconf 82' lang='grc' dir='ltr'><strong>ὲνέπνευσέ</strong></span> <span class='ocrx_word' id='word_1_20' title='bbox 1897 544 1901 554; x_wconf 84' lang='grc'>,</span> 
     </span>
    </p>
   </div>
   <div class='ocr_carea' id='block_1_5' title="bbox 1977 483 3545 567">
    <p class='ocr_par' dir='ltr' id='par_1_5' title="bbox 1977 490 3545 567">
     <span class='ocr_line' id='line_1_5' title="bbox 1977 490 3545 567; baseline -0.002 -18"><span class='ocrx_word' id='word_1_21' title='bbox 1977 496 2066 550; x_wconf 87' lang='lat' dir='ltr'><strong>sed</strong></span> <span class='ocrx_word' id='word_1_22' title='bbox 2120 512 2244 552; x_wconf 89' lang='lat' dir='ltr'><strong>eum</strong></span> <span class='ocrx_word' id='word_1_23' title='bbox 2288 512 2448 567; x_wconf 85' lang='lat' dir='ltr'><strong>quem</strong></span> <span class='ocrx_word' id='word_1_24' title='bbox 2507 514 2536 553; x_wconf 83' lang='grc' dir='ltr'><strong>ιι</strong></span> <span class='ocrx_word' id='word_1_25' title='bbox 2591 499 2700 554; x_wconf 80' lang='lat' dir='ltr'><strong>Deo</strong></span> <span class='ocrx_word' id='word_1_26' title='bbox 2752 495 2960 565; x_wconf 82' lang='lat' dir='ltr'><strong>accepi,</strong></span> <span class='ocrx_word' id='word_1_27' title='bbox 2994 502 3153 564; x_wconf 78' lang='lat' dir='ltr'><strong>quem</strong></span> <span class='ocrx_word' id='word_1_28' title='bbox 3175 490 3345 563; x_wconf 75' lang='lat' dir='ltr'><strong>gratia</strong></span> <span class='ocrx_word' id='word_1_29' title='bbox 3378 491 3545 560; x_wconf 77' lang='lat' dir='ltr'><strong>ipsius</strong></span> 
     </span>
    </p>
   </div>
   <div class='ocr_carea' id='block_1_6' title="bbox 287 575 1863 656">
    <p class='ocr_par' dir='ltr' id='par_1_6' title="bbox 287 575 1863 656">
     <span class='ocr_line' id='line_1_6' title="bbox 287 575 1863 656; baseline 0.005 -24"><span class='ocrx_word' id='word_1_30' title='bbox 287 593 414 649; x_wconf 87' lang='grc' dir='ltr'><strong>μοι.</strong></span> <span class='ocrx_word' id='word_1_31' title='bbox 440 576 610 629; x_wconf 72' lang='grc' dir='ltr'><strong>Παντῖ¹</strong></span> <span class='ocrx_word' id='word_1_32' title='bbox 635 575 691 630; x_wconf 79' lang='grc' dir='ltr'><strong>δὲ</strong></span> <span class='ocrx_word' id='word_1_33' title='bbox 712 577 863 646; x_wconf 86' lang='grc' dir='ltr'><strong>λέγει</strong></span> <span class='ocrx_word' id='word_1_34' title='bbox 888 579 930 644; x_wconf 74' lang='grc' dir='ltr'><strong>ι,</strong></span> <span class='ocrx_word' id='word_1_35' title='bbox 966 579 1061 633; x_wconf 69' lang='grc' dir='ltr'><strong>καὶ</strong></span> <span class='ocrx_word' id='word_1_36' title='bbox 1086 580 1303 653; x_wconf 61' lang='grc' dir='ltr'><strong>ἰδιώτῃ,</strong></span> <span class='ocrx_word' id='word_1_37' title='bbox 1324 582 1419 637; x_wconf 80' lang='grc' dir='ltr'><strong>καὶ</strong></span> <span class='ocrx_word' id='word_1_38' title='bbox 1443 582 1685 654; x_wconf 75' lang='grc' dir='ltr'>ἄρχοντι,</span> <span class='ocrx_word' id='word_1_39' title='bbox 1723 602 1742 637; x_wconf 83' lang='grc' dir='ltr'><strong>ι</strong></span> <span class='ocrx_word' id='word_1_40' title='bbox 1771 585 1863 656; x_wconf 83' lang='grc' dir='ltr'><strong>Μὴ</strong></span> 
     </span>
    </p>
   </div>
   <div class='ocr_carea' id='block_1_7' title="bbox 287 671 1864 747">
    <p class='ocr_par' dir='ltr' id='par_1_7' title="bbox 287 671 1864 747">
     <span class='ocr_line' id='line_1_7' title="bbox 287 671 1864 747; baseline 0.004 -23"><span class='ocrx_word' id='word_1_41' title='bbox 287 671 664 743; x_wconf 72' lang='grc' dir='ltr'>ὑπερφρονεῖν</span> <span class='ocrx_word' id='word_1_42' title='bbox 698 672 828 742; x_wconf 82' lang='grc' dir='ltr'>παρ’</span> <span class='ocrx_word' id='word_1_43' title='bbox 855 671 884 725; x_wconf 80' lang='grc' dir='ltr'><strong>ὃ</strong></span> <span class='ocrx_word' id='word_1_44' title='bbox 912 673 994 727; x_wconf 83' lang='grc' dir='ltr'><strong>δεῖ</strong></span> <span class='ocrx_word' id='word_1_45' title='bbox 1022 677 1453 747; x_wconf 26' lang='grc' dir='ltr'>φρονεῖνοι-περὶ</span> <span class='ocrx_word' id='word_1_46' title='bbox 1483 677 1583 746; x_wconf 74' lang='grc' dir='ltr'><strong>τῆς</strong></span> <span class='ocrx_word' id='word_1_47' title='bbox 1612 694 1864 732; x_wconf 83' lang='grc' dir='ltr'>ταπεινο-</span> 
     </span>
    </p>
   </div>
   <div class='ocr_carea' id='block_1_8' title="bbox 287 763 1869 835">
    <p class='ocr_par' dir='ltr' id='par_1_8' title="bbox 287 763 1869 835">
     <span class='ocr_line' id='line_1_8' title="bbox 287 763 1869 835; baseline 0.003 -19"><span class='ocrx_word' id='word_1_48' title='bbox 287 763 574 833; x_wconf 76' lang='grc' dir='ltr'><strong>φροσύνης</strong></span> <span class='ocrx_word' id='word_1_49' title='bbox 627 763 1011 833; x_wconf 81' lang='grc' dir='ltr'><strong>διαλεγόμενος</strong></span> <span class='ocrx_word' id='word_1_50' title='bbox 1048 765 1283 835; x_wconf 84' lang='grc' dir='ltr'>πρῶτον,</span> <span class='ocrx_word' id='word_1_51' title='bbox 1321 764 1509 835; x_wconf 77' lang='grc' dir='ltr'>ὥσπερ</span> <span class='ocrx_word' id='word_1_52' title='bbox 1561 768 1654 821; x_wconf 82' lang='grc' dir='ltr'><strong>καὶ</strong></span> <span class='ocrx_word' id='word_1_53' title='bbox 1684 769 1711 822; x_wconf 94' lang='lat'><strong>6</strong></span> <span class='ocrx_word' id='word_1_54' title='bbox 1754 767 1869 820; x_wconf 85' lang='grc' dir='ltr'><strong>Κύ-</strong></span> 
     </span>
    </p>
   </div>
   <div class='ocr_carea' id='block_1_9' title="bbox 287 852 1867 929">
    <p class='ocr_par' dir='ltr' id='par_1_9' title="bbox 287 852 1867 929">
     <span class='ocr_line' id='line_1_9' title="bbox 287 852 1867 929; baseline 0.003 -25"><span class='ocrx_word' id='word_1_55' title='bbox 287 867 438 921; x_wconf 71' lang='grc' dir='ltr'>ριος,</span> <span class='ocrx_word' id='word_1_56' title='bbox 468 853 561 908; x_wconf 79' lang='grc' dir='ltr'><strong>ἀπ’</strong></span> <span class='ocrx_word' id='word_1_57' title='bbox 586 852 757 922; x_wconf 78' lang='grc' dir='ltr'><strong>αὐτῆς</strong></span> <span class='ocrx_word' id='word_1_58' title='bbox 804 854 1006 923; x_wconf 77' lang='grc' dir='ltr'>ἤρξατο</span> <span class='ocrx_word' id='word_1_59' title='bbox 1025 868 1038 885; x_wconf 86' lang='grc'><strong>·</strong></span> <span class='ocrx_word' id='word_1_60' title='bbox 1100 873 1119 904; x_wconf 85' lang='grc' dir='ltr'><strong>ι</strong></span> <span class='ocrx_word' id='word_1_61' title='bbox 1156 855 1429 926; x_wconf 84' lang='grc' dir='ltr'><strong>Μακάριοι</strong></span> <span class='ocrx_word' id='word_1_62' title='bbox 1457 857 1509 910; x_wconf 78' lang='lat' dir='ltr'><strong>oi</strong></span> <span class='ocrx_word' id='word_1_63' title='bbox 1559 859 1764 928; x_wconf 78' lang='grc' dir='ltr'>πτωχοὶ</span> <span class='ocrx_word' id='word_1_64' title='bbox 1788 857 1867 929; x_wconf 80' lang='grc' dir='ltr'>τῷ</span> 
     </span>
    </p>
   </div>
   <div class='ocr_carea' id='block_1_10' title="bbox 287 945 1864 1023">
    <p class='ocr_par' dir='ltr' id='par_1_10' title="bbox 287 945 1864 1023">
     <span class='ocr_line' id='line_1_10' title="bbox 287 945 1864 1023; baseline 0.005 -26"><span class='ocrx_word' id='word_1_65' title='bbox 287 945 592 1015; x_wconf 78' lang='grc' dir='ltr'>πνεύματι.</span> <span class='ocrx_word' id='word_1_66' title='bbox 620 964 639 997; x_wconf 71' lang='grc' dir='ltr'><strong>ι</strong></span> <span class='ocrx_word' id='word_1_67' title='bbox 673 948 735 1000; x_wconf 82' lang='grc' dir='ltr'><strong>’Ὀ</strong></span> <span class='ocrx_word' id='word_1_68' title='bbox 759 946 814 1000; x_wconf 82' lang='grc' dir='ltr'><strong>δὲ</strong></span> <span class='ocrx_word' id='word_1_69' title='bbox 836 947 1005 1013; x_wconf 88' lang='grc' dir='ltr'><strong>λέγει,</strong></span> <span class='ocrx_word' id='word_1_70' title='bbox 1040 946 1281 1001; x_wconf 80' lang='grc' dir='ltr'>τοιοῦτόν</span> <span class='ocrx_word' id='word_1_71' title='bbox 1311 951 1458 1001; x_wconf 76' lang='grc' dir='ltr'>ὲστιο</span> <span class='ocrx_word' id='word_1_72' title='bbox 1485 951 1576 1003; x_wconf 87' lang='grc' dir='ltr'>Δεῖ</span> <span class='ocrx_word' id='word_1_73' title='bbox 1606 952 1705 1021; x_wconf 79' lang='grc' dir='ltr'><strong>μὲν</strong></span> <span class='ocrx_word' id='word_1_74' title='bbox 1731 968 1864 1023; x_wconf 87' lang='grc' dir='ltr'>φρο-</span> 
     </span>
    </p>
   </div>
   <div class='ocr_carea' id='block_1_11' title="bbox 284 1038 1868 1115">
    <p class='ocr_par' dir='ltr' id='par_1_11' title="bbox 284 1038 1868 1115">
     <span class='ocr_line' id='line_1_11' title="bbox 284 1038 1868 1115; baseline 0.004 -24"><span class='ocrx_word' id='word_1_75' title='bbox 284 1040 432 1100; x_wconf 80' lang='grc' dir='ltr'>νεῖν,</span> <span class='ocrx_word' id='word_1_76' title='bbox 455 1038 753 1104; x_wconf 78' lang='grc' dir='ltr'><strong>τουτέστιν,</strong></span> <span class='ocrx_word' id='word_1_77' title='bbox 785 1038 987 1109; x_wconf 78' lang='grc' dir='ltr'><strong>ὑψηλὸν</strong></span> <span class='ocrx_word' id='word_1_78' title='bbox 1013 1039 1273 1110; x_wconf 72' lang='grc' dir='ltr'><strong>λογισμὸν</strong></span> <span class='ocrx_word' id='word_1_79' title='bbox 1292 1040 1458 1113; x_wconf 74' lang='grc' dir='ltr'><strong>ἔχειν,</strong></span> <span class='ocrx_word' id='word_1_80' title='bbox 1483 1041 1616 1097; x_wconf 74' lang='grc' dir='ltr'><strong>ἀλλά</strong></span> <span class='ocrx_word' id='word_1_81' title='bbox 1649 1043 1787 1115; x_wconf 78' lang='grc' dir='ltr'>πρὸς</span> <span class='ocrx_word' id='word_1_82' title='bbox 1807 1044 1868 1097; x_wconf 84' lang='grc' dir='ltr'><strong>τὸ</strong></span> 
     </span>
    </p>
   </div>
   <div class='ocr_carea' id='block_1_12' title="bbox 287 1130 1865 1207">
    <p class='ocr_par' dir='ltr' id='par_1_12' title="bbox 287 1130 1865 1207">
     <span class='ocr_line' id='line_1_12' title="bbox 287 1130 1865 1207; baseline 0.004 -25"><span class='ocrx_word' id='word_1_83' title='bbox 287 1132 518 1201; x_wconf 75' lang='grc' dir='ltr'><strong>φρονεῖν</strong></span> <span class='ocrx_word' id='word_1_84' title='bbox 544 1131 614 1184; x_wconf 75' lang='grc' dir='ltr'>τὰ</span> <span class='ocrx_word' id='word_1_85' title='bbox 667 1130 919 1201; x_wconf 71' lang='grc' dir='ltr'>οὐράνια,</span> <span class='ocrx_word' id='word_1_86' title='bbox 970 1132 1063 1189; x_wconf 69' lang='grc' dir='ltr'><strong>καὶ</strong></span> <span class='ocrx_word' id='word_1_87' title='bbox 1094 1132 1453 1206; x_wconf 79' lang='grc' dir='ltr'>ὑπερκεῖσθαι</span> <span class='ocrx_word' id='word_1_88' title='bbox 1484 1135 1592 1191; x_wconf 83' lang='grc' dir='ltr'><strong>τῶν</strong></span> <span class='ocrx_word' id='word_1_89' title='bbox 1630 1135 1865 1207; x_wconf 79' lang='grc' dir='ltr'><strong>γεηρῶν,</strong></span> 
     </span>
    </p>
   </div>
   <div class='ocr_carea' id='block_1_13' title="bbox 285 1219 1870 1301">
    <p class='ocr_par' dir='ltr' id='par_1_13' title="bbox 285 1219 1870 1301">
     <span class='ocr_line' id='line_1_13' title="bbox 285 1219 1870 1301; baseline 0.006 -28"><span class='ocrx_word' id='word_1_90' title='bbox 285 1221 419 1291; x_wconf 70' lang='grc' dir='ltr'>οὐχὶ</span> <span class='ocrx_word' id='word_1_91' title='bbox 451 1219 586 1290; x_wconf 77' lang='grc' dir='ltr'>πρὸς</span> <span class='ocrx_word' id='word_1_92' title='bbox 623 1221 683 1274; x_wconf 68' lang='grc' dir='ltr'>τὸ</span> <span class='ocrx_word' id='word_1_93' title='bbox 733 1220 839 1273; x_wconf 83' lang='grc' dir='ltr'><strong>τῶν</strong></span> <span class='ocrx_word' id='word_1_94' title='bbox 869 1221 1149 1295; x_wconf 75' lang='grc' dir='ltr'><strong>ὁμογενῶν</strong></span> <span class='ocrx_word' id='word_1_95' title='bbox 1193 1225 1662 1301; x_wconf 78' lang='grc' dir='ltr'>κατεπαίρεσοαι’</span> <span class='ocrx_word' id='word_1_96' title='bbox 1713 1227 1870 1283; x_wconf 80' lang='grc' dir='ltr'>τοῦτο</span> 
     </span>
    </p>
   </div>
   <div class='ocr_carea' id='block_1_14' title="bbox 286 1311 1058 1387">
    <p class='ocr_par' dir='ltr' id='par_1_14' title="bbox 286 1311 1058 1387">
     <span class='ocr_line' id='line_1_14' title="bbox 286 1311 1058 1387; baseline 0.009 -24"><span class='ocrx_word' id='word_1_97' title='bbox 286 1312 408 1384; x_wconf 81' lang='grc' dir='ltr'>γάρ</span> <span class='ocrx_word' id='word_1_98' title='bbox 439 1313 557 1365; x_wconf 82' lang='grc' dir='ltr'>ἐστι</span> <span class='ocrx_word' id='word_1_99' title='bbox 586 1311 644 1367; x_wconf 81' lang='grc' dir='ltr'>τὸ</span> <span class='ocrx_word' id='word_1_100' title='bbox 676 1313 1058 1387; x_wconf 67' lang='grc' dir='ltr'><strong>ὑπερφρονεῖν.</strong></span> 
     </span>
    </p>
   </div>
   <div class='ocr_carea' id='block_1_15' title="bbox 376 1489 1871 1575">
    <p class='ocr_par' dir='ltr' id='par_1_15' title="bbox 376 1489 1871 1575">
     <span class='ocr_line' id='line_1_15' title="bbox 376 1489 1871 1575; baseline 0.01 -34"><span class='ocrx_word' id='word_1_101' title='bbox 376 1509 397 1541; x_wconf 82' lang='lat' dir='ltr'><strong>r</strong></span> <span class='ocrx_word' id='word_1_102' title='bbox 448 1489 610 1544; x_wconf 76' lang='grc' dir='ltr'><strong>Ἀλλά</strong></span> <span class='ocrx_word' id='word_1_103' title='bbox 637 1494 856 1565; x_wconf 82' lang='grc' dir='ltr'>φρονεῖν</span> <span class='ocrx_word' id='word_1_104' title='bbox 889 1496 971 1573; x_wconf 71' lang='grc' dir='ltr'><strong>εἰς</strong></span> <span class='ocrx_word' id='word_1_105' title='bbox 998 1496 1059 1548; x_wconf 81' lang='grc' dir='ltr'>τδ</span> <span class='ocrx_word' id='word_1_106' title='bbox 1116 1498 1436 1570; x_wconf 85' lang='grc' dir='ltr'>σωφρονεῖν.</span> <span class='ocrx_word' id='word_1_107' title='bbox 1478 1517 1497 1552; x_wconf 74' lang='grc' dir='ltr'><strong>ι</strong></span> <span class='ocrx_word' id='word_1_108' title='bbox 1573 1500 1871 1575; x_wconf 74' lang='grc' dir='ltr'>Ἐλάϐομεν</span> 
     </span>
    </p>
   </div>
   <div class='ocr_carea' id='block_1_16' title="bbox 285 1582 1871 1666">
    <p class='ocr_par' dir='ltr' id='par_1_16' title="bbox 285 1582 1871 1666">
     <span class='ocr_line' id='line_1_16' title="bbox 285 1582 1871 1666; baseline 0.011 -35"><span class='ocrx_word' id='word_1_109' title='bbox 285 1586 410 1652; x_wconf 70' lang='grc' dir='ltr'><strong>γὰρ</strong></span> <span class='ocrx_word' id='word_1_110' title='bbox 432 1582 721 1654; x_wconf 75' lang='grc' dir='ltr'>φρόνησιν,</span> <span class='ocrx_word' id='word_1_111' title='bbox 772 1587 872 1657; x_wconf 74' lang='grc' dir='ltr'>οὐχ</span> <span class='ocrx_word' id='word_1_112' title='bbox 932 1587 1020 1642; x_wconf 84' lang='grc' dir='ltr'><strong>ἵνα</strong></span> <span class='ocrx_word' id='word_1_113' title='bbox 1053 1590 1137 1654; x_wconf 82' lang='grc' dir='ltr'><strong>είς</strong></span> <span class='ocrx_word' id='word_1_114' title='bbox 1171 1590 1431 1646; x_wconf 80' lang='grc' dir='ltr'><strong>ἀπόνοιαν</strong></span> <span class='ocrx_word' id='word_1_115' title='bbox 1480 1594 1621 1664; x_wconf 78' lang='grc' dir='ltr'>αὐτῇ</span> <span class='ocrx_word' id='word_1_116' title='bbox 1652 1593 1871 1666; x_wconf 76' lang='grc' dir='ltr'>χρησώ-</span> 
     </span>
    </p>
   </div>
   <div class='ocr_carea' id='block_1_17' title="bbox 287 1670 1870 1751">
    <p class='ocr_par' dir='ltr' id='par_1_17' title="bbox 287 1670 1870 1751">
     <span class='ocr_line' id='line_1_17' title="bbox 287 1670 1870 1751; baseline 0.011 -30"><span class='ocrx_word' id='word_1_117' title='bbox 287 1670 463 1739; x_wconf 70' lang='grc' dir='ltr'><strong>μεθα.</strong></span> <span class='ocrx_word' id='word_1_118' title='bbox 487 1672 711 1727; x_wconf 82' lang='grc' dir='ltr'><strong>ἀλλ’ἵνα</strong></span> <span class='ocrx_word' id='word_1_119' title='bbox 736 1679 815 1739; x_wconf 86' lang='grc' dir='ltr'><strong>είς</strong></span> <span class='ocrx_word' id='word_1_120' title='bbox 844 1679 1222 1751; x_wconf 74' lang='grc' dir='ltr'><strong>σωφροσύνην,</strong></span> <span class='ocrx_word' id='word_1_121' title='bbox 1249 1683 1550 1749; x_wconf 80' lang='grc' dir='ltr'><strong>τουτέστιν,</strong></span> <span class='ocrx_word' id='word_1_122' title='bbox 1575 1687 1655 1751; x_wconf 86' lang='grc' dir='ltr'><strong>είς</strong></span> <span class='ocrx_word' id='word_1_123' title='bbox 1680 1703 1870 1740; x_wconf 83' lang='grc' dir='ltr'>ταπει-</span> 
     </span>
    </p>
   </div>
   <div class='ocr_carea' id='block_1_18' title="bbox 286 1764 1871 1847">
    <p class='ocr_par' dir='ltr' id='par_1_18' title="bbox 286 1764 1871 1847">
     <span class='ocr_line' id='line_1_18' title="bbox 286 1764 1871 1847; baseline 0.011 -35"><span class='ocrx_word' id='word_1_124' title='bbox 286 1764 657 1833; x_wconf 74' lang='grc' dir='ltr'><strong>νοφροσύνην.</strong></span> <span class='ocrx_word' id='word_1_125' title='bbox 691 1764 848 1820; x_wconf 74' lang='grc' dir='ltr'><strong>Οὕτω</strong></span> <span class='ocrx_word' id='word_1_126' title='bbox 880 1767 936 1821; x_wconf 75' lang='grc' dir='ltr'><strong>δὲ</strong></span> <span class='ocrx_word' id='word_1_127' title='bbox 961 1766 1136 1835; x_wconf 75' lang='grc' dir='ltr'>εἶπεν,</span> <span class='ocrx_word' id='word_1_128' title='bbox 1176 1771 1261 1824; x_wconf 78' lang='grc' dir='ltr'><strong>ἵνα</strong></span> <span class='ocrx_word' id='word_1_129' title='bbox 1289 1772 1459 1845; x_wconf 74' lang='grc' dir='ltr'><strong>δείξῃ,</strong></span> <span class='ocrx_word' id='word_1_130' title='bbox 1492 1774 1575 1828; x_wconf 83' lang='grc' dir='ltr'><strong>ὅτι</strong></span> <span class='ocrx_word' id='word_1_131' title='bbox 1599 1776 1627 1829; x_wconf 96' lang='lat'><strong>6</strong></span> <span class='ocrx_word' id='word_1_132' title='bbox 1656 1775 1731 1847; x_wconf 82' lang='grc' dir='ltr'><strong>μὴ</strong></span> <span class='ocrx_word' id='word_1_133' title='bbox 1775 1793 1871 1830; x_wconf 90' lang='grc' dir='ltr'><strong>τα-</strong></span> 
     </span>
    </p>
   </div>
   <div class='ocr_carea' id='block_1_19' title="bbox 1974 582 3543 656">
    <p class='ocr_par' dir='ltr' id='par_1_19' title="bbox 1974 582 3543 656">
     <span class='ocr_line' id='line_1_19' title="bbox 1974 582 3543 656; baseline -0.004 -14"><span class='ocrx_word' id='word_1_134' title='bbox 1974 587 2254 656; x_wconf 79' lang='lat' dir='ltr'><strong>iuspiravit</strong></span> <span class='ocrx_word' id='word_1_135' title='bbox 2297 589 2447 645; x_wconf 86' lang='lat' dir='ltr'><strong>mihi.</strong></span> <span class='ocrx_word' id='word_1_136' title='bbox 2486 608 2507 642; x_wconf 74' lang='grc' dir='ltr'><strong>ι</strong></span> <span class='ocrx_word' id='word_1_137' title='bbox 2543 589 2774 644; x_wconf 77' lang='lat' dir='ltr'><strong>Cuilibet</strong></span> <span class='ocrx_word' id='word_1_138' title='bbox 2807 607 2829 640; x_wconf 69' lang='grc' dir='ltr'><strong>ι</strong></span> <span class='ocrx_word' id='word_1_139' title='bbox 2857 595 3034 642; x_wconf 82' lang='lat' dir='ltr'><strong>autem</strong></span> <span class='ocrx_word' id='word_1_140' title='bbox 3080 586 3167 641; x_wconf 83' lang='lat' dir='ltr'><strong>hic</strong></span> <span class='ocrx_word' id='word_1_141' title='bbox 3195 582 3356 640; x_wconf 75' lang='lat' dir='ltr'><strong>verba</strong></span> <span class='ocrx_word' id='word_1_142' title='bbox 3394 582 3543 647; x_wconf 70' lang='lat' dir='ltr'><strong>facit,</strong></span> 
     </span>
    </p>
   </div>
   <div class='ocr_carea' id='block_1_20' title="bbox 1944 675 3545 752">
    <p class='ocr_par' dir='ltr' id='par_1_20' title="bbox 1944 675 3545 752">
     <span class='ocr_line' id='line_1_20' title="bbox 1944 675 3545 752; baseline -0.004 -17"><span class='ocrx_word' id='word_1_143' title='bbox 1944 736 1949 742; x_wconf 71' lang='grc'><strong>,</strong></span> <span class='ocrx_word' id='word_1_144' title='bbox 1972 690 2028 736; x_wconf 88' lang='lat' dir='ltr'><strong>et</strong></span> <span class='ocrx_word' id='word_1_145' title='bbox 2048 682 2256 750; x_wconf 80' lang='lat' dir='ltr'><strong>privato</strong></span> <span class='ocrx_word' id='word_1_146' title='bbox 2280 691 2333 737; x_wconf 84' lang='lat' dir='ltr'><strong>et</strong></span> <span class='ocrx_word' id='word_1_147' title='bbox 2364 682 2728 752; x_wconf 76' lang='lat' dir='ltr'><strong>magistratum</strong></span> <span class='ocrx_word' id='word_1_148' title='bbox 2752 680 2982 750; x_wconf 72' lang='lat' dir='ltr'><strong>gerenti,</strong></span> <span class='ocrx_word' id='word_1_149' title='bbox 3013 699 3032 733; x_wconf 83' lang='grc' dir='ltr'><strong>ι</strong></span> <span class='ocrx_word' id='word_1_150' title='bbox 3064 677 3175 733; x_wconf 83' lang='grc' dir='ltr'><strong>Νοιι</strong></span> <span class='ocrx_word' id='word_1_151' title='bbox 3195 692 3385 747; x_wconf 80' lang='lat' dir='ltr'><strong>sapere</strong></span> <span class='ocrx_word' id='word_1_152' title='bbox 3408 675 3545 730; x_wconf 76' lang='lat' dir='ltr'><strong>ultra</strong></span> 
     </span>
    </p>
   </div>
   <div class='ocr_carea' id='block_1_21' title="bbox 1971 766 3543 843">
    <p class='ocr_par' dir='ltr' id='par_1_21' title="bbox 1971 766 3543 843">
     <span class='ocr_line' id='line_1_21' title="bbox 1971 766 3543 843; baseline 0.001 -22"><span class='ocrx_word' id='word_1_153' title='bbox 1971 786 2132 842; x_wconf 78' lang='lat' dir='ltr'><strong>quam</strong></span> <span class='ocrx_word' id='word_1_154' title='bbox 2154 780 2399 840; x_wconf 87' lang='lat' dir='ltr'><strong>oporteat</strong></span> <span class='ocrx_word' id='word_1_155' title='bbox 2437 791 2449 826; x_wconf 89' lang='lat'><strong>:</strong></span> <span class='ocrx_word' id='word_1_156' title='bbox 2488 789 2506 823; x_wconf 73' lang='grc' dir='ltr'><strong>ι</strong></span> <span class='ocrx_word' id='word_1_157' title='bbox 2543 770 2625 843; x_wconf 14' lang='lat' dir='ltr'><strong>de!</strong></span> <span class='ocrx_word' id='word_1_158' title='bbox 2658 769 2959 827; x_wconf 72' lang='lat' dir='ltr'><strong>humilitate</strong></span> <span class='ocrx_word' id='word_1_159' title='bbox 2988 768 3223 838; x_wconf 74' lang='lat' dir='ltr'><strong>primum</strong></span> <span class='ocrx_word' id='word_1_160' title='bbox 3249 766 3543 823; x_wconf 66' lang='lat' dir='ltr'><strong>disserens.</strong></span> 
     </span>
    </p>
   </div>
   <div class='ocr_carea' id='block_1_22' title="bbox 1976 856 3544 930">
    <p class='ocr_par' dir='ltr' id='par_1_22' title="bbox 1976 856 3544 930">
     <span class='ocr_line' id='line_1_22' title="bbox 1976 856 3544 930; baseline -0.006 -13"><span class='ocrx_word' id='word_1_161' title='bbox 1976 861 2118 919; x_wconf 78' lang='lat' dir='ltr'><strong>sicut</strong></span> <span class='ocrx_word' id='word_1_162' title='bbox 2180 872 2235 916; x_wconf 90' lang='lat' dir='ltr'><strong>et</strong></span> <span class='ocrx_word' id='word_1_163' title='bbox 2258 860 2539 919; x_wconf 74' lang='lat' dir='ltr'><strong>Dominus</strong></span> <span class='ocrx_word' id='word_1_164' title='bbox 2565 862 2633 921; x_wconf 81' lang='lat' dir='ltr'><strong>ab</strong></span> <span class='ocrx_word' id='word_1_165' title='bbox 2659 860 2771 930; x_wconf 74' lang='lat' dir='ltr'><strong>ipsa</strong></span> <span class='ocrx_word' id='word_1_166' title='bbox 2803 861 2964 917; x_wconf 84' lang='lat' dir='ltr'><strong>etiam</strong></span> <span class='ocrx_word' id='word_1_167' title='bbox 2991 874 3150 914; x_wconf 75' lang='lat' dir='ltr'><strong>orsus</strong></span> <span class='ocrx_word' id='word_1_168' title='bbox 3174 868 3292 913; x_wconf 82' lang='lat' dir='ltr'><strong>est:</strong></span> <span class='ocrx_word' id='word_1_169' title='bbox 3338 876 3357 914; x_wconf 79' lang='grc' dir='ltr'><strong>ι</strong></span> <span class='ocrx_word' id='word_1_170' title='bbox 3397 856 3544 911; x_wconf 82' lang='lat' dir='ltr'><strong>Beati</strong></span> 
     </span>
    </p>
   </div>
   <div class='ocr_carea' id='block_1_23' title="bbox 1974 950 3547 1026">
    <p class='ocr_par' dir='ltr' id='par_1_23' title="bbox 1974 950 3547 1026">
     <span class='ocr_line' id='line_1_23' title="bbox 1974 950 3547 1026; baseline -0.001 -20"><span class='ocrx_word' id='word_1_171' title='bbox 1974 968 2237 1024; x_wconf 72' lang='lat' dir='ltr'><strong>pauperes</strong></span> <span class='ocrx_word' id='word_1_172' title='bbox 2287 955 2476 1026; x_wconf 82' lang='lat' dir='ltr'><strong>spiritu</strong></span> <span class='ocrx_word' id='word_1_173' title='bbox 2508 965 2535 1005; x_wconf 77' lang='grc' dir='ltr'><strong>ρ</strong></span> <span class='ocrx_word' id='word_1_174' title='bbox 2564 993 2582 1009; x_wconf 92' lang='grc'><strong>.</strong></span> <span class='ocrx_word' id='word_1_175' title='bbox 2621 973 2640 1007; x_wconf 76' lang='grc' dir='ltr'><strong>ι</strong></span> <span class='ocrx_word' id='word_1_176' title='bbox 2680 954 2829 1021; x_wconf 80' lang='lat' dir='ltr'><strong>Quod</strong></span> <span class='ocrx_word' id='word_1_177' title='bbox 2866 963 3046 1008; x_wconf 85' lang='lat' dir='ltr'><strong>autem</strong></span> <span class='ocrx_word' id='word_1_178' title='bbox 3098 952 3195 1017; x_wconf 84' lang='lat' dir='ltr'><strong>ait,</strong></span> <span class='ocrx_word' id='word_1_179' title='bbox 3241 960 3323 1007; x_wconf 76' lang='lat' dir='ltr'><strong>eet</strong></span> <span class='ocrx_word' id='word_1_180' title='bbox 3362 950 3547 1018; x_wconf 77' lang='lat' dir='ltr'><strong>hujus-</strong></span> 
     </span>
    </p>
   </div>
   <div class='ocr_carea' id='block_1_24' title="bbox 1978 1042 3548 1117">
    <p class='ocr_par' dir='ltr' id='par_1_24' title="bbox 1978 1042 3548 1117">
     <span class='ocr_line' id='line_1_24' title="bbox 1978 1042 3548 1117; baseline -0.003 -19"><span class='ocrx_word' id='word_1_181' title='bbox 1978 1045 2117 1100; x_wconf 71' lang='lat' dir='ltr'><strong>néodi</strong></span> <span class='ocrx_word' id='word_1_182' title='bbox 2154 1064 2168 1101; x_wconf 75' lang='grc' dir='ltr'><strong>ε</strong></span> <span class='ocrx_word' id='word_1_183' title='bbox 2205 1045 2428 1117; x_wconf 82' lang='lat' dir='ltr'><strong>Oportet</strong></span> <span class='ocrx_word' id='word_1_184' title='bbox 2471 1046 2688 1115; x_wconf 81' lang='lat' dir='ltr'><strong>quidem</strong></span> <span class='ocrx_word' id='word_1_185' title='bbox 2746 1060 2957 1114; x_wconf 84' lang='lat' dir='ltr'><strong>sapere,</strong></span> <span class='ocrx_word' id='word_1_186' title='bbox 3011 1046 3112 1101; x_wconf 86' lang='lat' dir='ltr'><strong>hoc</strong></span> <span class='ocrx_word' id='word_1_187' title='bbox 3137 1053 3240 1110; x_wconf 86' lang='lat' dir='ltr'><strong>est,</strong></span> <span class='ocrx_word' id='word_1_188' title='bbox 3272 1042 3432 1102; x_wconf 67' lang='lat' dir='ltr'><strong>attain</strong></span> <span class='ocrx_word' id='word_1_189' title='bbox 3454 1058 3548 1095; x_wconf 57' lang='lat' dir='ltr'><strong>con</strong></span> 
     </span>
    </p>
   </div>
   <div class='ocr_carea' id='block_1_25' title="bbox 1975 1131 3547 1208">
    <p class='ocr_par' dir='ltr' id='par_1_25' title="bbox 1975 1131 3547 1208">
     <span class='ocr_line' id='line_1_25' title="bbox 1975 1131 3547 1208; baseline -0.004 -17"><span class='ocrx_word' id='word_1_190' title='bbox 1975 1138 2289 1208; x_wconf 74' lang='lat' dir='ltr'><strong>gitatiouem</strong></span> <span class='ocrx_word' id='word_1_191' title='bbox 2337 1139 2557 1203; x_wconf 79' lang='lat' dir='ltr'><strong>habere,</strong></span> <span class='ocrx_word' id='word_1_192' title='bbox 2613 1138 2705 1194; x_wconf 86' lang='lat' dir='ltr'><strong>sed</strong></span> <span class='ocrx_word' id='word_1_193' title='bbox 2766 1138 2862 1201; x_wconf 81' lang='lat' dir='ltr'><strong>ita,</strong></span> <span class='ocrx_word' id='word_1_194' title='bbox 2896 1144 2952 1191; x_wconf 76' lang='lat' dir='ltr'><strong>ut</strong></span> <span class='ocrx_word' id='word_1_195' title='bbox 3019 1133 3266 1197; x_wconf 68' lang='lat' dir='ltr'><strong>cmiestes</strong></span> <span class='ocrx_word' id='word_1_196' title='bbox 3302 1148 3385 1188; x_wconf 87' lang='lat' dir='ltr'><strong>res</strong></span> <span class='ocrx_word' id='word_1_197' title='bbox 3419 1131 3547 1188; x_wconf 83' lang='lat' dir='ltr'><strong>atl‘e-</strong></span> 
     </span>
    </p>
   </div>
   <div class='ocr_carea' id='block_1_26' title="bbox 1975 1227 3548 1303">
    <p class='ocr_par' dir='ltr' id='par_1_26' title="bbox 1975 1227 3548 1303">
     <span class='ocr_line' id='line_1_26' title="bbox 1975 1227 3548 1303; baseline -0.005 -18"><span class='ocrx_word' id='word_1_198' title='bbox 1975 1238 2204 1295; x_wconf 89' lang='lat' dir='ltr'><strong>ctemus,</strong></span> <span class='ocrx_word' id='word_1_199' title='bbox 2255 1240 2414 1300; x_wconf 83' lang='lat' dir='ltr'><strong>atque</strong></span> <span class='ocrx_word' id='word_1_200' title='bbox 2458 1246 2619 1303; x_wconf 80' lang='lat' dir='ltr'><strong>super</strong></span> <span class='ocrx_word' id='word_1_201' title='bbox 2669 1229 2950 1295; x_wconf 70' lang='lat' dir='ltr'><strong>terrestria</strong></span> <span class='ocrx_word' id='word_1_202' title='bbox 3021 1227 3312 1289; x_wconf 74' lang='lat' dir='ltr'><strong>elevantur,</strong></span> <span class='ocrx_word' id='word_1_203' title='bbox 3356 1238 3462 1282; x_wconf 75' lang='lat' dir='ltr'><strong>neu</strong></span> <span class='ocrx_word' id='word_1_204' title='bbox 3489 1233 3548 1278; x_wconf 92' lang='lat' dir='ltr'><strong>ut</strong></span> 
     </span>
    </p>
   </div>
   <div class='ocr_carea' id='block_1_27' title="bbox 1976 1317 3550 1393">
    <p class='ocr_par' dir='ltr' id='par_1_27' title="bbox 1976 1317 3550 1393">
     <span class='ocr_line' id='line_1_27' title="bbox 1976 1317 3550 1393; baseline -0.007 -12"><span class='ocrx_word' id='word_1_205' title='bbox 1976 1331 2166 1381; x_wconf 86' lang='lat' dir='ltr'><strong>contra</strong></span> <span class='ocrx_word' id='word_1_206' title='bbox 2202 1322 2394 1379; x_wconf 76' lang='lat' dir='ltr'><strong>fratres</strong></span> <span class='ocrx_word' id='word_1_207' title='bbox 2420 1332 2477 1379; x_wconf 89' lang='lat' dir='ltr'><strong>et</strong></span> <span class='ocrx_word' id='word_1_208' title='bbox 2502 1323 2775 1393; x_wconf 83' lang='lat' dir='ltr'><strong>proximos</strong></span> <span class='ocrx_word' id='word_1_209' title='bbox 2803 1321 3094 1378; x_wconf 80' lang='lat' dir='ltr'><strong>eli&#39;eramur</strong></span> <span class='ocrx_word' id='word_1_210' title='bbox 3124 1337 3139 1387; x_wconf 89' lang='lat'>;</span> <span class='ocrx_word' id='word_1_211' title='bbox 3170 1319 3269 1374; x_wconf 90' lang='lat' dir='ltr'><strong>hoc</strong></span> <span class='ocrx_word' id='word_1_212' title='bbox 3298 1317 3440 1373; x_wconf 81' lang='lat' dir='ltr'><strong>enim</strong></span> <span class='ocrx_word' id='word_1_213' title='bbox 3467 1327 3550 1372; x_wconf 81' lang='lat' dir='ltr'><strong>est</strong></span> 
     </span>
    </p>
   </div>
   <div class='ocr_carea' id='block_1_28' title="bbox 1977 1407 3137 1484">
    <p class='ocr_par' dir='ltr' id='par_1_28' title="bbox 1977 1407 3137 1484">
     <span class='ocr_line' id='line_1_28' title="bbox 1977 1407 3137 1484; baseline 0.003 -19"><span class='ocrx_word' id='word_1_214' title='bbox 1977 1426 2167 1484; x_wconf 81' lang='lat' dir='ltr'><strong>sapere</strong></span> <span class='ocrx_word' id='word_1_215' title='bbox 2188 1413 2326 1468; x_wconf 88' lang='lat' dir='ltr'><strong>ultra</strong></span> <span class='ocrx_word' id='word_1_216' title='bbox 2358 1428 2520 1484; x_wconf 84' lang='lat' dir='ltr'><strong>quam</strong></span> <span class='ocrx_word' id='word_1_217' title='bbox 2541 1421 2775 1484; x_wconf 84' lang='lat' dir='ltr'><strong>oportet.</strong></span> <span class='ocrx_word' id='word_1_218' title='bbox 3131 1407 3137 1413; x_wconf 81' lang='grc'><em>’</em></span> 
     </span>
    </p>
   </div>
   <div class='ocr_carea' id='block_1_29' title="bbox 2054 1499 3547 1577">
    <p class='ocr_par' dir='ltr' id='par_1_29' title="bbox 2054 1499 3547 1577">
     <span class='ocr_line' id='line_1_29' title="bbox 2054 1499 3547 1577; baseline -0.007 -18"><span class='ocrx_word' id='word_1_219' title='bbox 2054 1523 2073 1559; x_wconf 84' lang='grc' dir='ltr'><strong>ι</strong></span> <span class='ocrx_word' id='word_1_220' title='bbox 2129 1504 2236 1562; x_wconf 87' lang='lat' dir='ltr'><strong>Sed</strong></span> <span class='ocrx_word' id='word_1_221' title='bbox 2260 1520 2452 1577; x_wconf 86' lang='lat' dir='ltr'><strong>sapere</strong></span> <span class='ocrx_word' id='word_1_222' title='bbox 2494 1505 2560 1561; x_wconf 84' lang='lat' dir='ltr'><strong>ad</strong></span> <span class='ocrx_word' id='word_1_223' title='bbox 2584 1499 2952 1563; x_wconf 73' lang='lat' dir='ltr'><strong>sobrietatem.</strong></span> <span class='ocrx_word' id='word_1_224' title='bbox 2987 1522 3010 1555; x_wconf 73' lang='grc' dir='ltr'><strong>ι</strong></span> <span class='ocrx_word' id='word_1_225' title='bbox 3046 1499 3368 1577; x_wconf 84' lang='lat' dir='ltr'><strong>Accepimus</strong></span> <span class='ocrx_word' id='word_1_226' title='bbox 3402 1509 3547 1555; x_wconf 85' lang='lat' dir='ltr'><strong>en.m</strong></span> 
     </span>
    </p>
   </div>
   <div class='ocr_carea' id='block_1_30' title="bbox 1976 1586 3551 1671">
    <p class='ocr_par' dir='ltr' id='par_1_30' title="bbox 1976 1586 3551 1671">
     <span class='ocr_line' id='line_1_30' title="bbox 1976 1586 3551 1671; baseline -0.003 -18"><span class='ocrx_word' id='word_1_227' title='bbox 1976 1598 2298 1671; x_wconf 76' lang='lat' dir='ltr'><strong>sapientiam</strong></span> <span class='ocrx_word' id='word_1_228' title='bbox 2318 1614 2426 1655; x_wconf 88' lang='lat' dir='ltr'><strong>non</strong></span> <span class='ocrx_word' id='word_1_229' title='bbox 2459 1608 2519 1653; x_wconf 72' lang='lat' dir='ltr'><strong>ut</strong></span> <span class='ocrx_word' id='word_1_230' title='bbox 2551 1598 2615 1653; x_wconf 79' lang='lat' dir='ltr'><strong>ad</strong></span> <span class='ocrx_word' id='word_1_231' title='bbox 2642 1597 3009 1668; x_wconf 78' lang='lat' dir='ltr'><strong>arrogantiam</strong></span> <span class='ocrx_word' id='word_1_232' title='bbox 3032 1594 3318 1651; x_wconf 79' lang='lat' dir='ltr'><strong>abutamur</strong></span> <span class='ocrx_word' id='word_1_233' title='bbox 3342 1604 3426 1654; x_wconf 84' lang='lat' dir='ltr'><strong>ea.</strong></span> <span class='ocrx_word' id='word_1_234' title='bbox 3455 1586 3551 1645; x_wconf 72' lang='lat' dir='ltr'><strong>sed</strong></span> 
     </span>
    </p>
   </div>
   <div class='ocr_carea' id='block_1_31' title="bbox 1979 1676 3559 1753">
    <p class='ocr_par' dir='ltr' id='par_1_31' title="bbox 1979 1676 3559 1753">
     <span class='ocr_line' id='line_1_31' title="bbox 1979 1676 3559 1753; baseline -0.006 -9"><span class='ocrx_word' id='word_1_235' title='bbox 1979 1691 2046 1745; x_wconf 88' lang='lat' dir='ltr'><strong>ad</strong></span> <span class='ocrx_word' id='word_1_236' title='bbox 2079 1690 2424 1746; x_wconf 85' lang='lat' dir='ltr'><strong>sobrietatem</strong></span> <span class='ocrx_word' id='word_1_237' title='bbox 2468 1698 2520 1743; x_wconf 89' lang='lat' dir='ltr'><strong>et.</strong></span> <span class='ocrx_word' id='word_1_238' title='bbox 2553 1690 2999 1753; x_wconf 75' lang='lat' dir='ltr'><strong>moderationem,</strong></span> <span class='ocrx_word' id='word_1_239' title='bbox 3020 1685 3249 1747; x_wconf 77' lang='lat' dir='ltr'><strong>hocest,</strong></span> <span class='ocrx_word' id='word_1_240' title='bbox 3275 1680 3342 1737; x_wconf 86' lang='lat' dir='ltr'><strong>ad</strong></span> <span class='ocrx_word' id='word_1_241' title='bbox 3378 1676 3559 1748; x_wconf 52' lang='lat' dir='ltr'><strong>humi:</strong></span> 
     </span>
    </p>
   </div>
   <div class='ocr_carea' id='block_1_32' title="bbox 1983 1766 3552 1845">
    <p class='ocr_par' dir='ltr' id='par_1_32' title="bbox 1983 1766 3552 1845">
     <span class='ocr_line' id='line_1_32' title="bbox 1983 1766 3552 1845; baseline -0.01 -10"><span class='ocrx_word' id='word_1_242' title='bbox 1983 1781 2205 1837; x_wconf 86' lang='lat' dir='ltr'><strong>Iitatem.</strong></span> <span class='ocrx_word' id='word_1_243' title='bbox 2244 1779 2368 1837; x_wconf 63' lang='lat' dir='ltr'><strong>Haec</strong></span> <span class='ocrx_word' id='word_1_244' title='bbox 2399 1782 2470 1836; x_wconf 89' lang='lat' dir='ltr'><strong>ita</strong></span> <span class='ocrx_word' id='word_1_245' title='bbox 2496 1780 2702 1837; x_wconf 87' lang='lat' dir='ltr'><strong>locutus</strong></span> <span class='ocrx_word' id='word_1_246' title='bbox 2735 1789 2838 1845; x_wconf 91' lang='lat' dir='ltr'><strong>est,</strong></span> <span class='ocrx_word' id='word_1_247' title='bbox 2873 1787 2931 1835; x_wconf 91' lang='lat' dir='ltr'><strong>ut</strong></span> <span class='ocrx_word' id='word_1_248' title='bbox 2962 1775 3274 1832; x_wconf 75' lang='lat' dir='ltr'><strong>ostenderet</strong></span> <span class='ocrx_word' id='word_1_249' title='bbox 3315 1766 3552 1836; x_wconf 84' lang='lat' dir='ltr'><strong>eumqui</strong></span> 
     </span>
    </p>
   </div>
   <div class='ocr_carea' id='block_1_33' title="bbox 285 1856 1901 1941">
    <p class='ocr_par' dir='ltr' id='par_1_33' title="bbox 285 1856 1868 1938">
     <span class='ocr_line' id='line_1_33' title="bbox 285 1856 1868 1938; baseline 0.013 -34"><span class='ocrx_word' id='word_1_250' title='bbox 285 1856 712 1925; x_wconf 84' lang='grc' dir='ltr'>πεινοφρονῶν,</span> <span class='ocrx_word' id='word_1_251' title='bbox 764 1861 1070 1931; x_wconf 76' lang='grc' dir='ltr'><strong>παραπαίει</strong></span> <span class='ocrx_word' id='word_1_252' title='bbox 1129 1865 1225 1918; x_wconf 77' lang='grc' dir='ltr'><strong>καὶ</strong></span> <span class='ocrx_word' id='word_1_253' title='bbox 1271 1865 1533 1938; x_wconf 77' lang='grc' dir='ltr'><strong>ἐξέστηκε</strong></span> <span class='ocrx_word' id='word_1_254' title='bbox 1582 1867 1691 1924; x_wconf 83' lang='grc' dir='ltr'><strong>τῶν</strong></span> <span class='ocrx_word' id='word_1_255' title='bbox 1723 1869 1868 1924; x_wconf 82' lang='grc' dir='ltr'>ἰδίων</span> 
     </span>
    </p>
   </div>
   <div class='ocr_carea' id='block_1_34' title="bbox 1977 1856 3551 1941">
    <p class='ocr_par' dir='ltr' id='par_1_34' title="bbox 1977 1858 3551 1941">
     <span class='ocr_line' id='line_1_34' title="bbox 1977 1858 3551 1941; baseline -0.006 -15"><span class='ocrx_word' id='word_1_256' title='bbox 1977 1887 2078 1927; x_wconf 92' lang='lat' dir='ltr'><strong>non</strong></span> <span class='ocrx_word' id='word_1_257' title='bbox 2130 1871 2426 1937; x_wconf 75' lang='lat' dir='ltr'><strong>humiliter,</strong></span> <span class='ocrx_word' id='word_1_258' title='bbox 2479 1870 2572 1927; x_wconf 86' lang='lat' dir='ltr'><strong>sed</strong></span> <span class='ocrx_word' id='word_1_259' title='bbox 2594 1878 2909 1941; x_wconf 81' lang='lat' dir='ltr'><strong>arroganter</strong></span> <span class='ocrx_word' id='word_1_260' title='bbox 2954 1882 3019 1923; x_wconf 85' lang='lat' dir='ltr'><strong>se</strong></span> <span class='ocrx_word' id='word_1_261' title='bbox 3075 1861 3325 1935; x_wconf 73' lang='lat' dir='ltr'><strong>gesserit,</strong></span> <span class='ocrx_word' id='word_1_262' title='bbox 3370 1868 3426 1916; x_wconf 89' lang='lat' dir='ltr'><strong>et</strong></span> <span class='ocrx_word' id='word_1_263' title='bbox 3446 1858 3551 1917; x_wconf 76' lang='lat' dir='ltr'><strong>im-</strong></span> 
     </span>
    </p>
   </div>
   <div class='ocr_carea' id='block_1_35' title="bbox 285 1942 1869 2034">
    <p class='ocr_par' dir='ltr' id='par_1_35' title="bbox 285 1942 1869 2034">
     <span class='ocr_line' id='line_1_35' title="bbox 285 1942 1869 2034; baseline 0.014 -39"><span class='ocrx_word' id='word_1_264' title='bbox 285 1942 605 2016; x_wconf 75' lang='grc' dir='ltr'><strong>λογισμῶν·</strong></span> <span class='ocrx_word' id='word_1_265' title='bbox 635 1951 664 2003; x_wconf 89' lang='lat'><strong>6</strong></span> <span class='ocrx_word' id='word_1_266' title='bbox 701 1949 757 2003; x_wconf 77' lang='grc' dir='ltr'><strong>δὲ</strong></span> <span class='ocrx_word' id='word_1_267' title='bbox 790 1955 1255 2026; x_wconf 80' lang='grc' dir='ltr'>ταπεινοφρονῶν,</span> <span class='ocrx_word' id='word_1_268' title='bbox 1295 1957 1440 2024; x_wconf 85' lang='grc' dir='ltr'><strong>σώας</strong></span> <span class='ocrx_word' id='word_1_269' title='bbox 1468 1958 1581 2033; x_wconf 75' lang='grc' dir='ltr'>ἔχει</span> <span class='ocrx_word' id='word_1_270' title='bbox 1607 1960 1708 2028; x_wconf 78' lang='grc' dir='ltr'><strong>τὰς</strong></span> <span class='ocrx_word' id='word_1_271' title='bbox 1738 1962 1869 2034; x_wconf 86' lang='grc' dir='ltr'>φρέ-</span> 
     </span>
    </p>
   </div>
   <div class='ocr_carea' id='block_1_36' title="bbox 285 2041 1458 2117">
    <p class='ocr_par' dir='ltr' id='par_1_36' title="bbox 285 2041 1458 2117">
     <span class='ocr_line' id='line_1_36' title="bbox 285 2041 1458 2117; baseline 0.016 -25"><span class='ocrx_word' id='word_1_272' title='bbox 285 2055 397 2102; x_wconf 84' lang='grc' dir='ltr'><strong>νας</strong></span> <span class='ocrx_word' id='word_1_273' title='bbox 417 2055 432 2072; x_wconf 77' lang='grc' dir='ltr'><strong>ο</strong></span> <span class='ocrx_word' id='word_1_274' title='bbox 461 2041 552 2095; x_wconf 76' lang='grc' dir='ltr'><strong>καὶ</strong></span> <span class='ocrx_word' id='word_1_275' title='bbox 585 2042 675 2098; x_wconf 75' lang='grc' dir='ltr'><strong>διὰ</strong></span> <span class='ocrx_word' id='word_1_276' title='bbox 702 2043 862 2100; x_wconf 78' lang='grc' dir='ltr'>τοῦτο</span> <span class='ocrx_word' id='word_1_277' title='bbox 881 2046 1099 2117; x_wconf 86' lang='grc' dir='ltr'><strong>λέγεται</strong></span> <span class='ocrx_word' id='word_1_278' title='bbox 1135 2055 1458 2112; x_wconf 75' lang='grc' dir='ltr'>σωφοονεῖν.</span> 
     </span>
    </p>
   </div>
   <div class='ocr_carea' id='block_1_37' title="bbox 376 2216 1863 2304">
    <p class='ocr_par' dir='ltr' id='par_1_37' title="bbox 376 2216 1863 2304">
     <span class='ocr_line' id='line_1_37' title="bbox 376 2216 1863 2304; baseline 0.014 -35"><span class='ocrx_word' id='word_1_279' title='bbox 376 2235 398 2269; x_wconf 75' lang='grc' dir='ltr'><strong>ι</strong></span> <span class='ocrx_word' id='word_1_280' title='bbox 445 2216 783 2293; x_wconf 76' lang='grc' dir='ltr'><strong>Ἐκάστῳώς</strong></span> <span class='ocrx_word' id='word_1_281' title='bbox 813 2225 842 2279; x_wconf 88' lang='lat'><strong>6</strong></span> <span class='ocrx_word' id='word_1_282' title='bbox 885 2225 1019 2292; x_wconf 79' lang='grc' dir='ltr'>Θεὸς</span> <span class='ocrx_word' id='word_1_283' title='bbox 1065 2228 1291 2301; x_wconf 78' lang='grc' dir='ltr'><strong>ἐμέρισε</strong></span> <span class='ocrx_word' id='word_1_284' title='bbox 1332 2232 1533 2304; x_wconf 81' lang='grc' dir='ltr'><strong>μέτρον</strong></span> <span class='ocrx_word' id='word_1_285' title='bbox 1565 2233 1863 2300; x_wconf 72' lang='grc' dir='ltr'>πίστεως.»</span> 
     </span>
    </p>
   </div>
   <div class='ocr_carea' id='block_1_38' title="bbox 288 2309 1872 2402">
    <p class='ocr_par' dir='ltr' id='par_1_38' title="bbox 288 2309 1872 2402">
     <span class='ocr_line' id='line_1_38' title="bbox 288 2309 1872 2402; baseline 0.011 -37"><span class='ocrx_word' id='word_1_286' title='bbox 288 2309 506 2378; x_wconf 69' lang='grc' dir='ltr'><strong>Εἰπὼν,</strong></span> <span class='ocrx_word' id='word_1_287' title='bbox 526 2313 606 2367; x_wconf 88' lang='grc' dir='ltr'><strong>ὅτι</strong></span> <span class='ocrx_word' id='word_1_288' title='bbox 633 2313 716 2371; x_wconf 83' lang='grc' dir='ltr'><strong>δεῖ</strong></span> <span class='ocrx_word' id='word_1_289' title='bbox 740 2317 888 2387; x_wconf 76' lang='grc' dir='ltr'><strong>ἡμᾶς</strong></span> <span class='ocrx_word' id='word_1_290' title='bbox 928 2318 1005 2391; x_wconf 80' lang='grc' dir='ltr'><strong>μὴ</strong></span> <span class='ocrx_word' id='word_1_291' title='bbox 1055 2321 1440 2395; x_wconf 77' lang='grc' dir='ltr'>ὑπερφρονεῖν,</span> <span class='ocrx_word' id='word_1_292' title='bbox 1486 2326 1622 2382; x_wconf 82' lang='grc' dir='ltr'><strong>ἀλλὰ</strong></span> <span class='ocrx_word' id='word_1_293' title='bbox 1653 2345 1872 2402; x_wconf 80' lang='grc' dir='ltr'>σωφρο-</span> 
     </span>
    </p>
   </div>
   <div class='ocr_carea' id='block_1_39' title="bbox 287 2402 1872 2490">
    <p class='ocr_par' dir='ltr' id='par_1_39' title="bbox 287 2402 1872 2490">
     <span class='ocr_line' id='line_1_39' title="bbox 287 2402 1872 2490; baseline 0.013 -37"><span class='ocrx_word' id='word_1_294' title='bbox 287 2403 434 2466; x_wconf 83' lang='grc' dir='ltr'>νεῖν,</span> <span class='ocrx_word' id='word_1_295' title='bbox 465 2402 559 2456; x_wconf 82' lang='grc' dir='ltr'><strong>νῦν</strong></span> <span class='ocrx_word' id='word_1_296' title='bbox 591 2404 761 2475; x_wconf 80' lang='grc' dir='ltr'><strong>λέγει,</strong></span> <span class='ocrx_word' id='word_1_297' title='bbox 786 2409 906 2474; x_wconf 79' lang='grc' dir='ltr'>πῶς</span> <span class='ocrx_word' id='word_1_298' title='bbox 951 2409 1034 2465; x_wconf 85' lang='grc' dir='ltr'><strong>δεῖ</strong></span> <span class='ocrx_word' id='word_1_299' title='bbox 1085 2416 1417 2486; x_wconf 56' lang='grc' dir='ltr'>σωφρονεῖν</span> <span class='ocrx_word' id='word_1_300' title='bbox 1450 2417 1545 2472; x_wconf 83' lang='grc' dir='ltr'><strong>καί</strong></span> <span class='ocrx_word' id='word_1_301' title='bbox 1570 2436 1755 2490; x_wconf 84' lang='grc' dir='ltr'><strong>φησιν,</strong></span> <span class='ocrx_word' id='word_1_302' title='bbox 1787 2420 1872 2473; x_wconf 81' lang='grc' dir='ltr'>ὅτι</span> 
     </span>
    </p>
   </div>
   <div class='ocr_carea' id='block_1_40' title="bbox 286 2494 1870 2589">
    <p class='ocr_par' dir='ltr' id='par_1_40' title="bbox 286 2494 1870 2589">
     <span class='ocr_line' id='line_1_40' title="bbox 286 2494 1870 2589; baseline 0.015 -43"><span class='ocrx_word' id='word_1_303' title='bbox 286 2494 445 2589; x_wconf 73' lang='grc' dir='ltr'>οὕτω</span> <span class='ocrx_word' id='word_1_304' title='bbox 492 2496 574 2551; x_wconf 85' lang='grc' dir='ltr'><strong>δεῖ</strong></span> <span class='ocrx_word' id='word_1_305' title='bbox 611 2505 930 2573; x_wconf 75' lang='grc' dir='ltr'>σωφρονεῖν,</span> <span class='ocrx_word' id='word_1_306' title='bbox 982 2504 1059 2570; x_wconf 81' lang='grc' dir='ltr'><strong>ὡς</strong></span> <span class='ocrx_word' id='word_1_307' title='bbox 1094 2506 1501 2581; x_wconf 81' lang='grc' dir='ltr'><strong>λογιζομένους,</strong></span> <span class='ocrx_word' id='word_1_308' title='bbox 1543 2513 1625 2567; x_wconf 81' lang='grc' dir='ltr'>ὅτι</span> <span class='ocrx_word' id='word_1_309' title='bbox 1653 2515 1870 2589; x_wconf 80' lang='grc' dir='ltr'>ἑκάστῳ</span> 
     </span>
    </p>
   </div>
   <div class='ocr_carea' id='block_1_41' title="bbox 288 2586 1873 2678">
    <p class='ocr_par' dir='ltr' id='par_1_41' title="bbox 288 2586 1873 2678">
     <span class='ocr_line' id='line_1_41' title="bbox 288 2586 1873 2678; baseline 0.015 -41"><span class='ocrx_word' id='word_1_310' title='bbox 288 2586 556 2659; x_wconf 72' lang='grc' dir='ltr'><strong>ἐμέρισεν</strong></span> <span class='ocrx_word' id='word_1_311' title='bbox 584 2593 611 2644; x_wconf 88' lang='lat'><strong>6</strong></span> <span class='ocrx_word' id='word_1_312' title='bbox 656 2591 793 2658; x_wconf 79' lang='grc' dir='ltr'>Θεὸς</span> <span class='ocrx_word' id='word_1_313' title='bbox 841 2596 1041 2668; x_wconf 83' lang='grc' dir='ltr'><strong>μέτρον</strong></span> <span class='ocrx_word' id='word_1_314' title='bbox 1091 2600 1349 2667; x_wconf 82' lang='grc' dir='ltr'>πίστεως.</span> <span class='ocrx_word' id='word_1_315' title='bbox 1401 2604 1621 2678; x_wconf 81' lang='grc' dir='ltr'>Ἐπειδὴ</span> <span class='ocrx_word' id='word_1_316' title='bbox 1663 2608 1772 2678; x_wconf 78' lang='grc' dir='ltr'><strong>γὰρ</strong></span> <span class='ocrx_word' id='word_1_317' title='bbox 1804 2586 1873 2661; x_wconf 73' lang='grc' dir='ltr'>τά</span> 
     </span>
    </p>
   </div>
   <div class='ocr_carea' id='block_1_42' title="bbox 290 2682 1869 2768">
    <p class='ocr_par' dir='ltr' id='par_1_42' title="bbox 290 2682 1869 2768">
     <span class='ocr_line' id='line_1_42' title="bbox 290 2682 1869 2768; baseline 0.015 -36"><span class='ocrx_word' id='word_1_318' title='bbox 290 2682 620 2751; x_wconf 69' lang='grc' dir='ltr'><strong>χαρίσματα</strong></span> <span class='ocrx_word' id='word_1_319' title='bbox 644 2686 846 2755; x_wconf 83' lang='grc' dir='ltr'><strong>μᾶλλον</strong></span> <span class='ocrx_word' id='word_1_320' title='bbox 870 2688 951 2752; x_wconf 84' lang='grc' dir='ltr'>εἰς</span> <span class='ocrx_word' id='word_1_321' title='bbox 974 2690 1233 2748; x_wconf 77' lang='grc' dir='ltr'><strong>ἀπόνοιαν</strong></span> <span class='ocrx_word' id='word_1_322' title='bbox 1264 2694 1441 2768; x_wconf 78' lang='grc' dir='ltr'>ἐπῆρε</span> <span class='ocrx_word' id='word_1_323' title='bbox 1471 2698 1595 2762; x_wconf 77' lang='grc' dir='ltr'><strong>τοὺς</strong></span> <span class='ocrx_word' id='word_1_324' title='bbox 1619 2699 1869 2768; x_wconf 78' lang='grc' dir='ltr'><strong>πολλοὺς,</strong></span> 
     </span>
    </p>
   </div>
   <div class='ocr_carea' id='block_1_43' title="bbox 286 2772 1874 2862">
    <p class='ocr_par' dir='ltr' id='par_1_43' title="bbox 286 2772 1874 2862">
     <span class='ocr_line' id='line_1_43' title="bbox 286 2772 1874 2862; baseline 0.016 -38"><span class='ocrx_word' id='word_1_325' title='bbox 286 2772 366 2825; x_wconf 82' lang='grc' dir='ltr'>δι’</span> <span class='ocrx_word' id='word_1_326' title='bbox 396 2775 526 2830; x_wconf 77' lang='grc' dir='ltr'><strong>αὐτὸ</strong></span> <span class='ocrx_word' id='word_1_327' title='bbox 567 2779 761 2848; x_wconf 77' lang='grc' dir='ltr'>τοῦτο,</span> <span class='ocrx_word' id='word_1_328' title='bbox 811 2788 965 2855; x_wconf 71' lang='grc' dir='ltr'><strong>φησὶ,</strong></span> <span class='ocrx_word' id='word_1_329' title='bbox 1013 2786 1096 2840; x_wconf 81' lang='grc' dir='ltr'>δεῖ</span> <span class='ocrx_word' id='word_1_330' title='bbox 1136 2792 1456 2860; x_wconf 83' lang='grc' dir='ltr'><strong>σωφρονεῖν,</strong></span> <span class='ocrx_word' id='word_1_331' title='bbox 1506 2793 1639 2847; x_wconf 80' lang='grc' dir='ltr'><strong>διότι</strong></span> <span class='ocrx_word' id='word_1_332' title='bbox 1668 2794 1696 2847; x_wconf 87' lang='lat'><strong>6</strong></span> <span class='ocrx_word' id='word_1_333' title='bbox 1739 2793 1874 2862; x_wconf 80' lang='grc' dir='ltr'>Θεὸς</span> 
     </span>
    </p>
   </div>
   <div class='ocr_carea' id='block_1_44' title="bbox 291 2864 1870 2961">
    <p class='ocr_par' dir='ltr' id='par_1_44' title="bbox 291 2864 1870 2961">
     <span class='ocr_line' id='line_1_44' title="bbox 291 2864 1870 2961; baseline 0.018 -45"><span class='ocrx_word' id='word_1_334' title='bbox 291 2864 560 2961; x_wconf 75' lang='grc' dir='ltr'>ἐμέρισεν</span> <span class='ocrx_word' id='word_1_335' title='bbox 606 2871 823 2946; x_wconf 76' lang='grc' dir='ltr'><strong>ἑκάστῳ</strong></span> <span class='ocrx_word' id='word_1_336' title='bbox 853 2875 914 2928; x_wconf 79' lang='grc' dir='ltr'><strong>τὸ</strong></span> <span class='ocrx_word' id='word_1_337' title='bbox 946 2878 1144 2950; x_wconf 86' lang='grc' dir='ltr'><strong>μέτρον</strong></span> <span class='ocrx_word' id='word_1_338' title='bbox 1195 2883 1294 2953; x_wconf 85' lang='grc' dir='ltr'>τῆς</span> <span class='ocrx_word' id='word_1_339' title='bbox 1325 2883 1584 2949; x_wconf 73' lang='grc' dir='ltr'>πίστεως.</span> <span class='ocrx_word' id='word_1_340' title='bbox 1626 2888 1719 2958; x_wconf 78' lang='grc' dir='ltr'><strong>Μὴ</strong></span> <span class='ocrx_word' id='word_1_341' title='bbox 1761 2889 1870 2961; x_wconf 70' lang='grc' dir='ltr'><strong>γάρ</strong></span> 
     </span>
    </p>
   </div>
   <div class='ocr_carea' id='block_1_45' title="bbox 295 2954 1867 3044">
    <p class='ocr_par' dir='ltr' id='par_1_45' title="bbox 295 2954 1867 3044">
     <span class='ocr_line' id='line_1_45' title="bbox 295 2954 1867 3044; baseline 0.018 -38"><span class='ocrx_word' id='word_1_342' title='bbox 295 2954 398 3007; x_wconf 80' lang='grc' dir='ltr'><strong>σὺν</strong></span> <span class='ocrx_word' id='word_1_343' title='bbox 432 2958 765 3033; x_wconf 86' lang='grc' dir='ltr'><strong>κατόρθωμα</strong></span> <span class='ocrx_word' id='word_1_344' title='bbox 806 2965 963 3020; x_wconf 81' lang='grc' dir='ltr'>τοῦτο</span> <span class='ocrx_word' id='word_1_345' title='bbox 989 3011 1004 3033; x_wconf 89' lang='grc'><strong>,</strong></span> <span class='ocrx_word' id='word_1_346' title='bbox 1040 2968 1177 3026; x_wconf 84' lang='grc' dir='ltr'><strong>ἀλλὰ</strong></span> <span class='ocrx_word' id='word_1_347' title='bbox 1226 2974 1475 3044; x_wconf 80' lang='grc' dir='ltr'>χάρισμά</span> <span class='ocrx_word' id='word_1_348' title='bbox 1520 2980 1637 3033; x_wconf 70' lang='grc' dir='ltr'>ἐστι</span> <span class='ocrx_word' id='word_1_349' title='bbox 1687 2954 1867 3034; x_wconf 34' lang='lat' dir='ltr'><strong>dsiet):</strong></span> 
     </span>
    </p>
   </div>
   <div class='ocr_carea' id='block_1_46' title="bbox 293 3048 1871 3130">
    <p class='ocr_par' dir='ltr' id='par_1_46' title="bbox 293 3048 1871 3130">
     <span class='ocr_line' id='line_1_46' title="bbox 293 3048 1871 3130; baseline 0.019 -31"><span class='ocrx_word' id='word_1_350' title='bbox 293 3048 410 3101; x_wconf 77' lang='grc' dir='ltr'>κᾶν</span> <span class='ocrx_word' id='word_1_351' title='bbox 446 3050 609 3120; x_wconf 85' lang='grc' dir='ltr'><strong>μέγα,</strong></span> <span class='ocrx_word' id='word_1_352' title='bbox 642 3056 743 3110; x_wconf 79' lang='grc' dir='ltr'>κᾶν</span> <span class='ocrx_word' id='word_1_353' title='bbox 769 3074 988 3130; x_wconf 87' lang='grc' dir='ltr'><strong>μικρον,</strong></span> <span class='ocrx_word' id='word_1_354' title='bbox 1020 3062 1048 3115; x_wconf 89' lang='lat'><strong>6</strong></span> <span class='ocrx_word' id='word_1_355' title='bbox 1078 3063 1211 3129; x_wconf 85' lang='grc' dir='ltr'><strong>Θεὸς</strong></span> <span class='ocrx_word' id='word_1_356' title='bbox 1234 3067 1394 3121; x_wconf 83' lang='grc' dir='ltr'>τοῦτο</span> <span class='ocrx_word' id='word_1_357' title='bbox 1432 3067 1652 3127; x_wconf 83' lang='grc' dir='ltr'>δέδωκε.</span> <span class='ocrx_word' id='word_1_358' title='bbox 1684 3072 1871 3129; x_wconf 81' lang='grc' dir='ltr'>Πίστιν</span> 
     </span>
    </p>
   </div>
   <div class='ocr_carea' id='block_1_47' title="bbox 291 3139 1869 3234">
    <p class='ocr_par' dir='ltr' id='par_1_47' title="bbox 291 3139 1869 3234">
     <span class='ocr_line' id='line_1_47' title="bbox 291 3139 1869 3234; baseline 0.018 -43"><span class='ocrx_word' id='word_1_359' title='bbox 291 3139 620 3234; x_wconf 21' lang='grc' dir='ltr'><strong>ᾆεγένταῦθα</strong></span> <span class='ocrx_word' id='word_1_360' title='bbox 645 3148 706 3201; x_wconf 87' lang='grc' dir='ltr'>τὸ</span> <span class='ocrx_word' id='word_1_361' title='bbox 735 3151 981 3223; x_wconf 79' lang='grc' dir='ltr'><strong>χάρισμα</strong></span> <span class='ocrx_word' id='word_1_362' title='bbox 1010 3153 1181 3224; x_wconf 82' lang='grc' dir='ltr'><strong>λέγει,</strong></span> <span class='ocrx_word' id='word_1_363' title='bbox 1208 3160 1265 3211; x_wconf 79' lang='grc' dir='ltr'><strong>ἐν</strong></span> <span class='ocrx_word' id='word_1_364' title='bbox 1292 3152 1338 3228; x_wconf 83' lang='grc' dir='ltr'>ᾧ</span> <span class='ocrx_word' id='word_1_365' title='bbox 1370 3159 1869 3234; x_wconf 84' lang='grc' dir='ltr'><strong>έθαυματούργουν.</strong></span> 
     </span>
    </p>
   </div>
   <div class='ocr_carea' id='block_1_48' title="bbox 1972 1950 3554 2037">
    <p class='ocr_par' dir='ltr' id='par_1_48' title="bbox 1972 1950 3554 2037">
     <span class='ocr_line' id='line_1_48' title="bbox 1972 1950 3554 2037; baseline -0.013 -11"><span class='ocrx_word' id='word_1_366' title='bbox 1972 1965 2181 2037; x_wconf 78' lang='lat' dir='ltr'><strong>pegisse</strong></span> <span class='ocrx_word' id='word_1_367' title='bbox 2220 1973 2276 2021; x_wconf 91' lang='lat' dir='ltr'><strong>et</strong></span> <span class='ocrx_word' id='word_1_368' title='bbox 2318 1964 2583 2021; x_wconf 82' lang='lat' dir='ltr'><strong>excidisse</strong></span> <span class='ocrx_word' id='word_1_369' title='bbox 2608 1980 2638 2019; x_wconf 89' lang='lat' dir='ltr'><strong>a</strong></span> <span class='ocrx_word' id='word_1_370' title='bbox 2690 1961 2924 2033; x_wconf 75' lang='lat' dir='ltr'><strong>propriis</strong></span> <span class='ocrx_word' id='word_1_371' title='bbox 2964 1956 3408 2030; x_wconf 79' lang='lat' dir='ltr'><strong>cogitationibus.</strong></span> <span class='ocrx_word' id='word_1_372' title='bbox 3438 1950 3554 2007; x_wconf 78' lang='lat' dir='ltr'><strong>Ilu-</strong></span> 
     </span>
    </p>
   </div>
   <div class='ocr_carea' id='block_1_49' title="bbox 1975 2044 3547 2126">
    <p class='ocr_par' dir='ltr' id='par_1_49' title="bbox 1975 2044 3547 2126">
     <span class='ocr_line' id='line_1_49' title="bbox 1975 2044 3547 2126; baseline -0.01 -14"><span class='ocrx_word' id='word_1_373' title='bbox 1975 2056 2118 2112; x_wconf 87' lang='lat' dir='ltr'><strong>milis</strong></span> <span class='ocrx_word' id='word_1_374' title='bbox 2160 2066 2364 2125; x_wconf 82' lang='lat' dir='ltr'><strong>autem,</strong></span> <span class='ocrx_word' id='word_1_375' title='bbox 2422 2057 2721 2113; x_wconf 83' lang='lat' dir='ltr'><strong>incolumes</strong></span> <span class='ocrx_word' id='word_1_376' title='bbox 2773 2054 3060 2126; x_wconf 80' lang='lat' dir='ltr'><strong>salvosque</strong></span> <span class='ocrx_word' id='word_1_377' title='bbox 3108 2063 3300 2109; x_wconf 81' lang='lat' dir='ltr'><strong>sensus</strong></span> <span class='ocrx_word' id='word_1_378' title='bbox 3338 2044 3547 2123; x_wconf 75' lang='lat' dir='ltr'><strong>habet:</strong></span> 
     </span>
    </p>
   </div>
   <div class='ocr_carea' id='block_1_50' title="bbox 1974 2146 2890 2225">
    <p class='ocr_par' dir='ltr' id='par_1_50' title="bbox 1974 2146 2890 2225">
     <span class='ocr_line' id='line_1_50' title="bbox 1974 2146 2890 2225; baseline -0.002 -22"><span class='ocrx_word' id='word_1_379' title='bbox 1974 2156 2259 2220; x_wconf 80' lang='lat' dir='ltr'><strong>propterea</strong></span> <span class='ocrx_word' id='word_1_380' title='bbox 2281 2147 2481 2205; x_wconf 86' lang='lat' dir='ltr'><strong>dicitur</strong></span> <span class='ocrx_word' id='word_1_381' title='bbox 2501 2162 2623 2205; x_wconf 81' lang='lat' dir='ltr'><strong>esse</strong></span> <span class='ocrx_word' id='word_1_382' title='bbox 2651 2146 2890 2225; x_wconf 81' lang='lat' dir='ltr'><strong>sobrius.</strong></span> 
     </span>
    </p>
   </div>
   <div class='ocr_carea' id='block_1_51' title="bbox 2055 2236 3550 2310">
    <p class='ocr_par' dir='ltr' id='par_1_51' title="bbox 2055 2236 3550 2310">
     <span class='ocr_line' id='line_1_51' title="bbox 2055 2236 3550 2310; baseline -0.005 -18"><span class='ocrx_word' id='word_1_383' title='bbox 2055 2256 2076 2292; x_wconf 77' lang='grc' dir='ltr'><strong>ι</strong></span> <span class='ocrx_word' id='word_1_384' title='bbox 2132 2236 2436 2309; x_wconf 84' lang='lat' dir='ltr'><strong>Unicuique</strong></span> <span class='ocrx_word' id='word_1_385' title='bbox 2485 2239 2625 2295; x_wconf 90' lang='lat' dir='ltr'><strong>sicut</strong></span> <span class='ocrx_word' id='word_1_386' title='bbox 2653 2239 2795 2295; x_wconf 87' lang='lat' dir='ltr'><strong>Deus</strong></span> <span class='ocrx_word' id='word_1_387' title='bbox 2846 2238 3075 2310; x_wconf 88' lang='lat' dir='ltr'><strong>partitus</strong></span> <span class='ocrx_word' id='word_1_388' title='bbox 3135 2243 3219 2292; x_wconf 85' lang='lat' dir='ltr'><strong>est</strong></span> <span class='ocrx_word' id='word_1_389' title='bbox 3243 2247 3550 2290; x_wconf 81' lang='lat' dir='ltr'><strong>mensuram</strong></span> 
     </span>
    </p>
   </div>
   <div class='ocr_carea' id='block_1_52' title="bbox 1979 2329 3549 2403">
    <p class='ocr_par' dir='ltr' id='par_1_52' title="bbox 1979 2329 3549 2403">
     <span class='ocr_line' id='line_1_52' title="bbox 1979 2329 3549 2403; baseline -0.004 -15"><span class='ocrx_word' id='word_1_390' title='bbox 1979 2330 2130 2393; x_wconf 76' lang='lat' dir='ltr'><strong>fidei.</strong></span> <span class='ocrx_word' id='word_1_391' title='bbox 2167 2351 2188 2386; x_wconf 78' lang='grc' dir='ltr'><strong>ι</strong></span> <span class='ocrx_word' id='word_1_392' title='bbox 2236 2331 2371 2389; x_wconf 88' lang='lat' dir='ltr'><strong>Cum</strong></span> <span class='ocrx_word' id='word_1_393' title='bbox 2411 2332 2639 2389; x_wconf 79' lang='lat' dir='ltr'><strong>dixisset</strong></span> <span class='ocrx_word' id='word_1_394' title='bbox 2676 2348 2775 2389; x_wconf 87' lang='lat' dir='ltr'><strong>nos</strong></span> <span class='ocrx_word' id='word_1_395' title='bbox 2812 2348 2921 2391; x_wconf 86' lang='lat' dir='ltr'><strong>non</strong></span> <span class='ocrx_word' id='word_1_396' title='bbox 2961 2339 3213 2403; x_wconf 78' lang='lat' dir='ltr'><strong>oportere</strong></span> <span class='ocrx_word' id='word_1_397' title='bbox 3250 2329 3549 2399; x_wconf 76' lang='lat' dir='ltr'><strong>Superbire.</strong></span> 
     </span>
    </p>
   </div>
   <div class='ocr_carea' id='block_1_53' title="bbox 1979 2422 3552 2490">
    <p class='ocr_par' dir='ltr' id='par_1_53' title="bbox 1979 2422 3552 2490">
     <span class='ocr_line' id='line_1_53' title="bbox 1979 2422 3552 2490; baseline -0.005 -9"><span class='ocrx_word' id='word_1_398' title='bbox 1979 2425 2074 2482; x_wconf 89' lang='lat' dir='ltr'><strong>sed</strong></span> <span class='ocrx_word' id='word_1_399' title='bbox 2097 2427 2368 2485; x_wconf 82' lang='lat' dir='ltr'><strong>modestos</strong></span> <span class='ocrx_word' id='word_1_400' title='bbox 2431 2441 2553 2482; x_wconf 78' lang='lat' dir='ltr'><strong>esse</strong></span> <span class='ocrx_word' id='word_1_401' title='bbox 2595 2435 2652 2481; x_wconf 90' lang='lat' dir='ltr'><strong>et</strong></span> <span class='ocrx_word' id='word_1_402' title='bbox 2697 2425 2948 2490; x_wconf 83' lang='lat' dir='ltr'><strong>humiles,</strong></span> <span class='ocrx_word' id='word_1_403' title='bbox 2996 2438 3138 2479; x_wconf 89' lang='lat' dir='ltr'><strong>nunc</strong></span> <span class='ocrx_word' id='word_1_404' title='bbox 3166 2422 3401 2478; x_wconf 77' lang='lat' dir='ltr'><strong>ostendit</strong></span> <span class='ocrx_word' id='word_1_405' title='bbox 3444 2435 3552 2489; x_wconf 78' lang='lat' dir='ltr'><strong>qua</strong></span> 
     </span>
    </p>
   </div>
   <div class='ocr_carea' id='block_1_54' title="bbox 1978 2511 3551 2588">
    <p class='ocr_par' dir='ltr' id='par_1_54' title="bbox 1978 2511 3551 2588">
     <span class='ocr_line' id='line_1_54' title="bbox 1978 2511 3551 2588; baseline -0.003 -16"><span class='ocrx_word' id='word_1_406' title='bbox 1978 2517 2188 2575; x_wconf 83' lang='lat' dir='ltr'><strong>ratione</strong></span> <span class='ocrx_word' id='word_1_407' title='bbox 2235 2517 2445 2575; x_wconf 85' lang='lat' dir='ltr'><strong>sobrios</strong></span> <span class='ocrx_word' id='word_1_408' title='bbox 2481 2531 2602 2573; x_wconf 78' lang='lat' dir='ltr'><strong>esse</strong></span> <span class='ocrx_word' id='word_1_409' title='bbox 2630 2524 2901 2588; x_wconf 83' lang='lat' dir='ltr'><strong>oporteat,</strong></span> <span class='ocrx_word' id='word_1_410' title='bbox 2927 2515 3198 2585; x_wconf 82' lang='lat' dir='ltr'><strong>inquiens,</strong></span> <span class='ocrx_word' id='word_1_411' title='bbox 3226 2512 3314 2575; x_wconf 86' lang='lat' dir='ltr'><strong>ita</strong></span> <span class='ocrx_word' id='word_1_412' title='bbox 3342 2511 3551 2567; x_wconf 80' lang='lat' dir='ltr'><strong>sobrios</strong></span> 
     </span>
    </p>
   </div>
   <div class='ocr_carea' id='block_1_55' title="bbox 1978 2602 3552 2677">
    <p class='ocr_par' dir='ltr' id='par_1_55' title="bbox 1978 2602 3552 2677">
     <span class='ocr_line' id='line_1_55' title="bbox 1978 2602 3552 2677; baseline -0.005 -13"><span class='ocrx_word' id='word_1_413' title='bbox 1978 2621 2101 2664; x_wconf 88' lang='lat' dir='ltr'><strong>esse</strong></span> <span class='ocrx_word' id='word_1_414' title='bbox 2125 2614 2396 2676; x_wconf 80' lang='lat' dir='ltr'><strong>Oportere,</strong></span> <span class='ocrx_word' id='word_1_415' title='bbox 2420 2615 2734 2677; x_wconf 85' lang='lat' dir='ltr'><strong>reputantes</strong></span> <span class='ocrx_word' id='word_1_416' title='bbox 2767 2619 2983 2675; x_wconf 79' lang='lat' dir='ltr'><strong>nempe,</strong></span> <span class='ocrx_word' id='word_1_417' title='bbox 3015 2603 3156 2675; x_wconf 85' lang='lat' dir='ltr'><strong>quod</strong></span> <span class='ocrx_word' id='word_1_418' title='bbox 3188 2603 3382 2673; x_wconf 71' lang='lat' dir='ltr'><strong>cuique</strong></span> <span class='ocrx_word' id='word_1_419' title='bbox 3414 2602 3552 2656; x_wconf 82' lang='lat' dir='ltr'><strong>Deus</strong></span> 
     </span>
    </p>
   </div>
   <div class='ocr_carea' id='block_1_56' title="bbox 1980 2694 3551 2768">
    <p class='ocr_par' dir='ltr' id='par_1_56' title="bbox 1980 2694 3551 2768">
     <span class='ocr_line' id='line_1_56' title="bbox 1980 2694 3551 2768; baseline -0.007 -14"><span class='ocrx_word' id='word_1_420' title='bbox 1980 2698 2211 2767; x_wconf 85' lang='lat' dir='ltr'><strong>partitus</strong></span> <span class='ocrx_word' id='word_1_421' title='bbox 2261 2706 2344 2756; x_wconf 78' lang='lat' dir='ltr'><strong>est</strong></span> <span class='ocrx_word' id='word_1_422' title='bbox 2404 2714 2712 2755; x_wconf 81' lang='lat' dir='ltr'><strong>mensuram</strong></span> <span class='ocrx_word' id='word_1_423' title='bbox 2763 2697 2908 2755; x_wconf 82' lang='lat' dir='ltr'><strong>fidei.</strong></span> <span class='ocrx_word' id='word_1_424' title='bbox 2936 2696 3381 2768; x_wconf 82' lang='lat' dir='ltr'><strong>Quandoquidem</strong></span> <span class='ocrx_word' id='word_1_425' title='bbox 3407 2694 3551 2749; x_wconf 83' lang='lat' dir='ltr'><strong>enim</strong></span> 
     </span>
    </p>
   </div>
   <div class='ocr_carea' id='block_1_57' title="bbox 1979 2781 3553 2868">
    <p class='ocr_par' dir='ltr' id='par_1_57' title="bbox 1979 2781 3553 2868">
     <span class='ocr_line' id='line_1_57' title="bbox 1979 2781 3553 2868; baseline -0.007 -24"><span class='ocrx_word' id='word_1_426' title='bbox 1979 2790 2116 2844; x_wconf 85' lang='lat' dir='ltr'><strong>dona</strong></span> <span class='ocrx_word' id='word_1_427' title='bbox 2153 2788 2240 2844; x_wconf 90' lang='lat' dir='ltr'><strong>illa</strong></span> <span class='ocrx_word' id='word_1_428' title='bbox 2269 2789 2577 2868; x_wconf 76' lang='lat' dir='ltr'><strong>complures</strong></span> <span class='ocrx_word' id='word_1_429' title='bbox 2600 2789 2652 2843; x_wconf 92' lang='lat' dir='ltr'><strong>iu</strong></span> <span class='ocrx_word' id='word_1_430' title='bbox 2675 2788 3040 2858; x_wconf 80' lang='lat' dir='ltr'><strong>arrogantiam</strong></span> <span class='ocrx_word' id='word_1_431' title='bbox 3065 2784 3382 2848; x_wconf 81' lang='lat' dir='ltr'><strong>eti‘erebaut,</strong></span> <span class='ocrx_word' id='word_1_432' title='bbox 3417 2781 3553 2840; x_wconf 61' lang='lat' dir='ltr'><strong>Pro.-</strong></span> 
     </span>
    </p>
   </div>
   <div class='ocr_carea' id='block_1_58' title="bbox 1964 2878 3552 2963">
    <p class='ocr_par' dir='ltr' id='par_1_58' title="bbox 1964 2878 3552 2963">
     <span class='ocr_line' id='line_1_58' title="bbox 1964 2878 3552 2963; baseline 0 -27"><span class='ocrx_word' id='word_1_433' title='bbox 1964 2891 2098 2963; x_wconf 82' lang='lat' dir='ltr'><strong>pter</strong></span> <span class='ocrx_word' id='word_1_434' title='bbox 2150 2883 2254 2938; x_wconf 84' lang='lat' dir='ltr'><strong>hoc</strong></span> <span class='ocrx_word' id='word_1_435' title='bbox 2308 2884 2502 2955; x_wconf 86' lang='lat' dir='ltr'><strong>ipsum,</strong></span> <span class='ocrx_word' id='word_1_436' title='bbox 2567 2882 2763 2951; x_wconf 86' lang='lat' dir='ltr'><strong>inquit,</strong></span> <span class='ocrx_word' id='word_1_437' title='bbox 2818 2881 3061 2945; x_wconf 84' lang='lat' dir='ltr'><strong>modeste</strong></span> <span class='ocrx_word' id='word_1_438' title='bbox 3097 2878 3299 2935; x_wconf 78' lang='lat' dir='ltr'><strong>sentire</strong></span> <span class='ocrx_word' id='word_1_439' title='bbox 3321 2881 3552 2946; x_wconf 56' lang='lat' dir='ltr'><strong>oportet.</strong></span> 
     </span>
    </p>
   </div>
   <div class='ocr_carea' id='block_1_59' title="bbox 1978 2967 3548 3045">
    <p class='ocr_par' dir='ltr' id='par_1_59' title="bbox 1978 2967 3548 3045">
     <span class='ocr_line' id='line_1_59' title="bbox 1978 2967 3548 3045; baseline -0.006 -14"><span class='ocrx_word' id='word_1_440' title='bbox 1978 2974 2120 3044; x_wconf 83' lang='lat' dir='ltr'><strong>quod</strong></span> <span class='ocrx_word' id='word_1_441' title='bbox 2177 2975 2318 3032; x_wconf 81' lang='lat' dir='ltr'><strong>Deus</strong></span> <span class='ocrx_word' id='word_1_442' title='bbox 2362 2974 2652 3045; x_wconf 83' lang='lat' dir='ltr'><strong>unicuique</strong></span> <span class='ocrx_word' id='word_1_443' title='bbox 2697 2973 2818 3032; x_wconf 80' lang='lat' dir='ltr'><strong>fidei</strong></span> <span class='ocrx_word' id='word_1_444' title='bbox 2852 2986 3159 3029; x_wconf 83' lang='lat' dir='ltr'><strong>mensuram</strong></span> <span class='ocrx_word' id='word_1_445' title='bbox 3195 2968 3426 3041; x_wconf 77' lang='lat' dir='ltr'><strong>partitus</strong></span> <span class='ocrx_word' id='word_1_446' title='bbox 3454 2967 3548 3023; x_wconf 84' lang='lat' dir='ltr'><strong>sit.</strong></span> 
     </span>
    </p>
   </div>
   <div class='ocr_carea' id='block_1_60' title="bbox 1976 3067 3553 3137">
    <p class='ocr_par' dir='ltr' id='par_1_60' title="bbox 1976 3067 3553 3137">
     <span class='ocr_line' id='line_1_60' title="bbox 1976 3067 3553 3137; baseline -0.007 -13"><span class='ocrx_word' id='word_1_447' title='bbox 1976 3068 2095 3124; x_wconf 85' lang='lat' dir='ltr'><strong>Non</strong></span> <span class='ocrx_word' id='word_1_448' title='bbox 2142 3070 2285 3125; x_wconf 86' lang='lat' dir='ltr'><strong>enim</strong></span> <span class='ocrx_word' id='word_1_449' title='bbox 2338 3079 2425 3123; x_wconf 89' lang='lat' dir='ltr'><strong>tua</strong></span> <span class='ocrx_word' id='word_1_450' title='bbox 2463 3068 2630 3124; x_wconf 69' lang='lat' dir='ltr'><strong>virtus</strong></span> <span class='ocrx_word' id='word_1_451' title='bbox 2656 3067 2868 3134; x_wconf 62' lang='lat' dir='ltr'><strong>isthme,</strong></span> <span class='ocrx_word' id='word_1_452' title='bbox 2904 3079 3081 3137; x_wconf 78' lang='lat' dir='ltr'><strong>neque</strong></span> <span class='ocrx_word' id='word_1_453' title='bbox 3115 3072 3263 3120; x_wconf 85' lang='lat' dir='ltr'><strong>tuum</strong></span> <span class='ocrx_word' id='word_1_454' title='bbox 3284 3077 3419 3133; x_wconf 85' lang='lat' dir='ltr'><strong>opus</strong></span> <span class='ocrx_word' id='word_1_455' title='bbox 3450 3069 3553 3122; x_wconf 76' lang='lat' dir='ltr'><strong>est,</strong></span> 
     </span>
    </p>
   </div>
   <div class='ocr_carea' id='block_1_61' title="bbox 1977 3154 3556 3229">
    <p class='ocr_par' dir='ltr' id='par_1_61' title="bbox 1977 3154 3556 3229">
     <span class='ocr_line' id='line_1_61' title="bbox 1977 3154 3556 3229; baseline -0.008 -12"><span class='ocrx_word' id='word_1_456' title='bbox 1977 3161 2072 3217; x_wconf 87' lang='lat' dir='ltr'><strong>sed</strong></span> <span class='ocrx_word' id='word_1_457' title='bbox 2123 3160 2362 3215; x_wconf 80' lang='lat' dir='ltr'><strong>divinum</strong></span> <span class='ocrx_word' id='word_1_458' title='bbox 2422 3159 2621 3215; x_wconf 90' lang='lat' dir='ltr'><strong>donum</strong></span> <span class='ocrx_word' id='word_1_459' title='bbox 2656 3177 2670 3214; x_wconf 92' lang='lat'>:</span> <span class='ocrx_word' id='word_1_460' title='bbox 2702 3159 2815 3225; x_wconf 82' lang='lat' dir='ltr'><strong>sive</strong></span> <span class='ocrx_word' id='word_1_461' title='bbox 2863 3172 3114 3229; x_wconf 76' lang='lat' dir='ltr'><strong>magnum</strong></span> <span class='ocrx_word' id='word_1_462' title='bbox 3162 3156 3275 3211; x_wconf 80' lang='lat' dir='ltr'><strong>sive</strong></span> <span class='ocrx_word' id='word_1_463' title='bbox 3304 3154 3556 3224; x_wconf 74' lang='lat' dir='ltr'><strong>exiguum</strong></span> 
     </span>
    </p>
   </div>
   <div class='ocr_carea' id='block_1_62' title="bbox 306 3223 1901 3333">
    <p class='ocr_par' dir='ltr' id='par_1_62' title="bbox 306 3223 1872 3333">
     <span class='ocr_line' id='line_1_62' title="bbox 306 3223 1872 3333; baseline 0.011 -43"><span class='ocrx_word' id='word_1_464' title='bbox 306 3232 382 3291; x_wconf 80' lang='grc' dir='ltr'><strong>Ἦ</strong></span> <span class='ocrx_word' id='word_1_465' title='bbox 414 3233 525 3305; x_wconf 69' lang='grc' dir='ltr'><strong>γὰρ</strong></span> <span class='ocrx_word' id='word_1_466' title='bbox 558 3237 738 3333; x_wconf 77' lang='grc' dir='ltr'>πίστις</span> <span class='ocrx_word' id='word_1_467' title='bbox 757 3241 925 3333; x_wconf 14' lang='grc' dir='ltr'><strong>ᾲδιττή</strong></span> <span class='ocrx_word' id='word_1_468' title='bbox 946 3258 960 3274; x_wconf 77' lang='grc' dir='ltr'>ο</span> <span class='ocrx_word' id='word_1_469' title='bbox 996 3246 1030 3316; x_wconf 71' lang='grc' dir='ltr'><strong>ἠ</strong></span> <span class='ocrx_word' id='word_1_470' title='bbox 1065 3223 1165 3317; x_wconf 86' lang='grc' dir='ltr'><strong>μὲν</strong></span> <span class='ocrx_word' id='word_1_471' title='bbox 1189 3223 1370 3318; x_wconf 63' lang='grc' dir='ltr'><strong>ἡμων,</strong></span> <span class='ocrx_word' id='word_1_472' title='bbox 1399 3249 1476 3314; x_wconf 81' lang='grc' dir='ltr'>ὡς</span> <span class='ocrx_word' id='word_1_473' title='bbox 1505 3223 1585 3320; x_wconf 75' lang='grc' dir='ltr'><strong>τὸ,</strong></span> <span class='ocrx_word' id='word_1_474' title='bbox 1620 3271 1639 3304; x_wconf 86' lang='grc' dir='ltr'><strong>ι</strong></span> <span class='ocrx_word' id='word_1_475' title='bbox 1687 3223 1752 3307; x_wconf 69' lang='grc' dir='ltr'><strong>⁵ιὶ</strong></span> <span class='ocrx_word' id='word_1_476' title='bbox 1779 3252 1872 3306; x_wconf 82' lang='grc' dir='ltr'><strong>πί-</strong></span> 
     </span>
    </p>
   </div>
   <div class='ocr_carea' id='block_1_63' title="bbox 1977 3223 3556 3333">
    <p class='ocr_par' dir='ltr' id='par_1_63' title="bbox 1977 3223 3556 3319">
     <span class='ocr_line' id='line_1_63' title="bbox 1977 3223 3556 3319; baseline -0.009 -11"><span class='ocrx_word' id='word_1_477' title='bbox 1977 3250 2163 3316; x_wconf 87' lang='lat' dir='ltr'><strong>fuerit,</strong></span> <span class='ocrx_word' id='word_1_478' title='bbox 2218 3250 2356 3305; x_wconf 86' lang='lat' dir='ltr'><strong>Deus</strong></span> <span class='ocrx_word' id='word_1_479' title='bbox 2401 3260 2550 3305; x_wconf 86' lang='lat' dir='ltr'><strong>ecrte</strong></span> <span class='ocrx_word' id='word_1_480' title='bbox 2587 3249 2693 3305; x_wconf 86' lang='lat' dir='ltr'><strong>hoc</strong></span> <span class='ocrx_word' id='word_1_481' title='bbox 2737 3223 3018 3319; x_wconf 72' lang='lat' dir='ltr'><strong>impertiit.</strong></span> <span class='ocrx_word' id='word_1_482' title='bbox 3051 3245 3235 3303; x_wconf 85' lang='lat' dir='ltr'><strong>Fidem</strong></span> <span class='ocrx_word' id='word_1_483' title='bbox 3260 3223 3441 3302; x_wconf 89' lang='lat' dir='ltr'><strong>autem</strong></span> <span class='ocrx_word' id='word_1_484' title='bbox 3472 3244 3556 3297; x_wconf 78' lang='lat' dir='ltr'><strong>hie</strong></span> 
     </span>
    </p>
   </div>
   <div class='ocr_carea' id='block_1_64' title="bbox 295 3329 1874 3416">
    <p class='ocr_par' dir='ltr' id='par_1_64' title="bbox 295 3329 1874 3416">
     <span class='ocr_line' id='line_1_64' title="bbox 295 3329 1874 3416; baseline 0.016 -41"><span class='ocrx_word' id='word_1_485' title='bbox 295 3340 421 3416; x_wconf 81' lang='grc' dir='ltr'><strong>στις</strong></span> <span class='ocrx_word' id='word_1_486' title='bbox 446 3343 537 3379; x_wconf 87' lang='grc' dir='ltr'><strong>σου</strong></span> <span class='ocrx_word' id='word_1_487' title='bbox 563 3329 769 3387; x_wconf 82' lang='grc' dir='ltr'><strong>σέσωκέ</strong></span> <span class='ocrx_word' id='word_1_488' title='bbox 797 3351 856 3388; x_wconf 90' lang='grc' dir='ltr'>σε</span> <span class='ocrx_word' id='word_1_489' title='bbox 886 3352 899 3366; x_wconf 81' lang='grc'><em>’</em></span> <span class='ocrx_word' id='word_1_490' title='bbox 934 3354 955 3391; x_wconf 66' lang='grc' dir='ltr'><strong>ι</strong></span> <span class='ocrx_word' id='word_1_491' title='bbox 987 3338 1019 3406; x_wconf 79' lang='grc' dir='ltr'><strong>ἡ</strong></span> <span class='ocrx_word' id='word_1_492' title='bbox 1043 3336 1099 3391; x_wconf 78' lang='grc' dir='ltr'><strong>δὲ</strong></span> <span class='ocrx_word' id='word_1_493' title='bbox 1145 3338 1284 3392; x_wconf 83' lang='grc' dir='ltr'>Θεοῦ</span> <span class='ocrx_word' id='word_1_494' title='bbox 1349 3340 1544 3413; x_wconf 83' lang='grc' dir='ltr'>δῶρον,</span> <span class='ocrx_word' id='word_1_495' title='bbox 1585 3342 1654 3396; x_wconf 79' lang='grc' dir='ltr'><strong>δι’</strong></span> <span class='ocrx_word' id='word_1_496' title='bbox 1680 3339 1748 3416; x_wconf 83' lang='grc' dir='ltr'><strong>ἦς</strong></span> <span class='ocrx_word' id='word_1_497' title='bbox 1777 3346 1874 3400; x_wconf 73' lang='grc' dir='ltr'><strong>καὶ</strong></span> 
     </span>
    </p>
   </div>
   <div class='ocr_carea' id='block_1_65' title="bbox 295 3415 1877 3506">
    <p class='ocr_par' dir='ltr' id='par_1_65' title="bbox 295 3415 1877 3506">
     <span class='ocr_line' id='line_1_65' title="bbox 295 3415 1877 3506; baseline 0.016 -39"><span class='ocrx_word' id='word_1_498' title='bbox 295 3415 561 3485; x_wconf 71' lang='grc' dir='ltr'><strong>θαύματα</strong></span> <span class='ocrx_word' id='word_1_499' title='bbox 608 3422 871 3493; x_wconf 87' lang='grc' dir='ltr'><strong>γίνονται,</strong></span> <span class='ocrx_word' id='word_1_500' title='bbox 925 3428 1002 3492; x_wconf 83' lang='grc' dir='ltr'><strong>ὡς</strong></span> <span class='ocrx_word' id='word_1_501' title='bbox 1028 3430 1112 3500; x_wconf 83' lang='grc' dir='ltr'><strong>τὸ,</strong></span> <span class='ocrx_word' id='word_1_502' title='bbox 1143 3450 1162 3484; x_wconf 83' lang='lat' dir='ltr'><strong>r</strong></span> <span class='ocrx_word' id='word_1_503' title='bbox 1210 3430 1334 3487; x_wconf 82' lang='grc' dir='ltr'><strong>Ἐάν</strong></span> <span class='ocrx_word' id='word_1_504' title='bbox 1373 3434 1535 3506; x_wconf 79' lang='grc' dir='ltr'>ἔχητε</span> <span class='ocrx_word' id='word_1_505' title='bbox 1565 3415 1750 3491; x_wconf 81' lang='grc' dir='ltr'>πίστιν</span> <span class='ocrx_word' id='word_1_506' title='bbox 1800 3438 1877 3501; x_wconf 78' lang='grc' dir='ltr'>ὡς</span> 
     </span>
    </p>
   </div>
   <div class='ocr_carea' id='block_1_66' title="bbox 298 3512 1877 3603">
    <p class='ocr_par' dir='ltr' id='par_1_66' title="bbox 298 3512 1877 3603">
     <span class='ocr_line' id='line_1_66' title="bbox 298 3512 1877 3603; baseline 0.013 -38"><span class='ocrx_word' id='word_1_507' title='bbox 298 3512 510 3567; x_wconf 75' lang='grc' dir='ltr'><strong>κόκκον</strong></span> <span class='ocrx_word' id='word_1_508' title='bbox 540 3517 834 3584; x_wconf 75' lang='grc' dir='ltr'>σινάπεως,</span> <span class='ocrx_word' id='word_1_509' title='bbox 868 3522 1043 3592; x_wconf 79' lang='grc' dir='ltr'>ἐρεῖτε</span> <span class='ocrx_word' id='word_1_510' title='bbox 1078 3523 1158 3596; x_wconf 79' lang='grc' dir='ltr'>τῷ</span> <span class='ocrx_word' id='word_1_511' title='bbox 1209 3525 1327 3599; x_wconf 78' lang='grc' dir='ltr'>ὄρει</span> <span class='ocrx_word' id='word_1_512' title='bbox 1359 3528 1557 3602; x_wconf 77' lang='grc' dir='ltr'><strong>τούτῳ,</strong></span> <span class='ocrx_word' id='word_1_513' title='bbox 1592 3530 1877 3603; x_wconf 77' lang='grc' dir='ltr'>Μετάϐηθι</span> 
     </span>
    </p>
   </div>
   <div class='ocr_carea' id='block_1_67' title="bbox 297 3604 1318 3688">
    <p class='ocr_par' dir='ltr' id='par_1_67' title="bbox 297 3604 1318 3688">
     <span class='ocr_line' id='line_1_67' title="bbox 297 3604 1318 3688; baseline 0.015 -32"><span class='ocrx_word' id='word_1_514' title='bbox 297 3604 560 3661; x_wconf 70' lang='grc' dir='ltr'>ἐντεῦθεν</span> <span class='ocrx_word' id='word_1_515' title='bbox 586 3609 722 3676; x_wconf 75' lang='grc' dir='ltr'>ἐκεῖ,</span> <span class='ocrx_word' id='word_1_516' title='bbox 753 3614 847 3666; x_wconf 74' lang='grc' dir='ltr'><strong>καὶ</strong></span> <span class='ocrx_word' id='word_1_517' title='bbox 873 3614 1263 3688; x_wconf 75' lang='grc' dir='ltr'>μεταϐήσεται.</span> <span class='ocrx_word' id='word_1_518' title='bbox 1297 3637 1318 3671; x_wconf 71' lang='grc' dir='ltr'><strong>ι</strong></span> 
     </span>
    </p>
   </div>
   <div class='ocr_carea' id='block_1_68' title="bbox 383 3882 1876 3967">
    <p class='ocr_par' dir='ltr' id='par_1_68' title="bbox 383 3882 1876 3967">
     <span class='ocr_line' id='line_1_68' title="bbox 383 3882 1876 3967; baseline 0.008 -31"><span class='ocrx_word' id='word_1_519' title='bbox 383 3902 406 3936; x_wconf 74' lang='grc' dir='ltr'><strong>ι</strong></span> <span class='ocrx_word' id='word_1_520' title='bbox 439 3882 707 3956; x_wconf 78' lang='grc' dir='ltr'>Καθάπερ</span> <span class='ocrx_word' id='word_1_521' title='bbox 724 3886 830 3959; x_wconf 74' lang='grc' dir='ltr'>γὰρ</span> <span class='ocrx_word' id='word_1_522' title='bbox 861 3888 918 3942; x_wconf 71' lang='grc' dir='ltr'>ἓν</span> <span class='ocrx_word' id='word_1_523' title='bbox 948 3886 1030 3943; x_wconf 70' lang='grc' dir='ltr'><strong>ἑνὶ</strong></span> <span class='ocrx_word' id='word_1_524' title='bbox 1059 3889 1277 3963; x_wconf 83' lang='grc' dir='ltr'>σώματι</span> <span class='ocrx_word' id='word_1_525' title='bbox 1295 3889 1466 3947; x_wconf 82' lang='grc' dir='ltr'>πολλὰ</span> <span class='ocrx_word' id='word_1_526' title='bbox 1495 3892 1632 3967; x_wconf 83' lang='grc' dir='ltr'><strong>μέλη</strong></span> <span class='ocrx_word' id='word_1_527' title='bbox 1658 3892 1876 3967; x_wconf 74' lang='grc' dir='ltr'><strong>ἔχομεν,</strong></span> 
     </span>
    </p>
   </div>
   <div class='ocr_carea' id='block_1_69' title="bbox 303 3978 1881 4058">
    <p class='ocr_par' dir='ltr' id='par_1_69' title="bbox 303 3978 1881 4058">
     <span class='ocr_line' id='line_1_69' title="bbox 303 3978 1881 4058; baseline 0.008 -28"><span class='ocrx_word' id='word_1_528' title='bbox 303 3978 489 4032; x_wconf 82' lang='grc' dir='ltr'>πάντα</span> <span class='ocrx_word' id='word_1_529' title='bbox 516 3979 666 4034; x_wconf 78' lang='grc' dir='ltr'>δὲτὰ</span> <span class='ocrx_word' id='word_1_530' title='bbox 695 3982 833 4054; x_wconf 85' lang='grc' dir='ltr'><strong>μέλη</strong></span> <span class='ocrx_word' id='word_1_531' title='bbox 863 3982 926 4035; x_wconf 80' lang='grc' dir='ltr'><strong>οὐ</strong></span> <span class='ocrx_word' id='word_1_532' title='bbox 975 3982 1075 4055; x_wconf 85' lang='grc' dir='ltr'>τὴν</span> <span class='ocrx_word' id='word_1_533' title='bbox 1106 3984 1277 4057; x_wconf 80' lang='grc' dir='ltr'>αὐτὴν</span> <span class='ocrx_word' id='word_1_534' title='bbox 1306 3984 1419 4058; x_wconf 74' lang='grc' dir='ltr'>ἔχει</span> <span class='ocrx_word' id='word_1_535' title='bbox 1475 3987 1673 4057; x_wconf 81' lang='grc' dir='ltr'>πρᾶξιν</span> <span class='ocrx_word' id='word_1_536' title='bbox 1697 4005 1710 4019; x_wconf 90' lang='grc'><strong>·</strong></span> <span class='ocrx_word' id='word_1_537' title='bbox 1736 3987 1881 4042; x_wconf 66' lang='grc' dir='ltr'><strong>οὕτω</strong></span> 
     </span>
    </p>
   </div>
   <div class='ocr_carea' id='block_1_70' title="bbox 298 4071 1882 4152">
    <p class='ocr_par' dir='ltr' id='par_1_70' title="bbox 298 4071 1882 4152">
     <span class='ocr_line' id='line_1_70' title="bbox 298 4071 1882 4152; baseline 0.008 -29"><span class='ocrx_word' id='word_1_538' title='bbox 298 4073 405 4123; x_wconf 76' lang='grc' dir='ltr'><strong>καὶ</strong></span> <span class='ocrx_word' id='word_1_539' title='bbox 431 4072 482 4124; x_wconf 84' lang='lat' dir='ltr'><strong>oi</strong></span> <span class='ocrx_word' id='word_1_540' title='bbox 510 4071 712 4138; x_wconf 79' lang='grc' dir='ltr'><strong>πολλοὶ,</strong></span> <span class='ocrx_word' id='word_1_541' title='bbox 741 4073 799 4128; x_wconf 80' lang='grc' dir='ltr'><strong>ἓν</strong></span> <span class='ocrx_word' id='word_1_542' title='bbox 832 4074 991 4146; x_wconf 85' lang='grc' dir='ltr'>σῶμά</span> <span class='ocrx_word' id='word_1_543' title='bbox 1013 4077 1179 4148; x_wconf 76' lang='grc' dir='ltr'><strong>ἐσμεν</strong></span> <span class='ocrx_word' id='word_1_544' title='bbox 1203 4079 1262 4131; x_wconf 72' lang='grc' dir='ltr'>ἐν</span> <span class='ocrx_word' id='word_1_545' title='bbox 1280 4079 1504 4152; x_wconf 87' lang='grc' dir='ltr'>Χριστῷ</span> <span class='ocrx_word' id='word_1_546' title='bbox 1522 4095 1538 4112; x_wconf 82' lang='lat'><strong><em>°</em></strong></span> <span class='ocrx_word' id='word_1_547' title='bbox 1568 4082 1597 4134; x_wconf 91' lang='lat'><strong>6</strong></span> <span class='ocrx_word' id='word_1_548' title='bbox 1618 4079 1674 4135; x_wconf 83' lang='grc' dir='ltr'><strong>δὲ</strong></span> <span class='ocrx_word' id='word_1_549' title='bbox 1694 4080 1882 4146; x_wconf 84' lang='grc' dir='ltr'>καθεῖς</span> 
     </span>
    </p>
   </div>
   <div class='ocr_carea' id='block_1_71' title="bbox 306 4162 1882 4256">
    <p class='ocr_par' dir='ltr' id='par_1_71' title="bbox 306 4162 1882 4256">
     <span class='ocr_line' id='line_1_71' title="bbox 306 4162 1882 4256; baseline 0.006 -40"><span class='ocrx_word' id='word_1_550' title='bbox 306 4162 476 4236; x_wconf 61' lang='lat' dir='ltr'><strong>[vulg].</strong></span> <span class='ocrx_word' id='word_1_551' title='bbox 505 4165 628 4219; x_wconf 87' lang='grc' dir='ltr'><strong>καθ’</strong></span> <span class='ocrx_word' id='word_1_552' title='bbox 662 4162 789 4239; x_wconf 65' lang='lat' dir='ltr'><strong>sic},</strong></span> <span class='ocrx_word' id='word_1_553' title='bbox 816 4167 1065 4240; x_wconf 78' lang='grc' dir='ltr'><strong>ἀλλήλων</strong></span> <span class='ocrx_word' id='word_1_554' title='bbox 1097 4173 1257 4242; x_wconf 84' lang='grc' dir='ltr'><strong>μέλη.</strong></span> <span class='ocrx_word' id='word_1_555' title='bbox 1296 4190 1316 4224; x_wconf 74' lang='grc' dir='ltr'><strong>ι</strong></span> <span class='ocrx_word' id='word_1_556' title='bbox 1376 4172 1468 4244; x_wconf 81' lang='grc' dir='ltr'><strong>Τῷ</strong></span> <span class='ocrx_word' id='word_1_557' title='bbox 1498 4170 1595 4252; x_wconf 71' lang='grc' dir='ltr'>τοῦ</span> <span class='ocrx_word' id='word_1_558' title='bbox 1626 4170 1882 4256; x_wconf 71' lang='grc' dir='ltr'>σώματος</span> 
     </span>
    </p>
   </div>
   <div class='ocr_carea' id='block_1_72' title="bbox 306 4255 1886 4335">
    <p class='ocr_par' dir='ltr' id='par_1_72' title="bbox 306 4255 1886 4335">
     <span class='ocr_line' id='line_1_72' title="bbox 306 4255 1886 4335; baseline 0.017 -28"><span class='ocrx_word' id='word_1_559' title='bbox 306 4255 406 4308; x_wconf 73' lang='grc' dir='ltr'><strong>καὶ</strong></span> <span class='ocrx_word' id='word_1_560' title='bbox 442 4256 551 4310; x_wconf 84' lang='grc' dir='ltr'><strong>τῶν</strong></span> <span class='ocrx_word' id='word_1_561' title='bbox 588 4258 765 4328; x_wconf 78' lang='grc' dir='ltr'><strong>μελῶν</strong></span> <span class='ocrx_word' id='word_1_562' title='bbox 796 4261 1185 4332; x_wconf 76' lang='grc' dir='ltr'><strong>ὑποδείγματι,</strong></span> <span class='ocrx_word' id='word_1_563' title='bbox 1219 4262 1279 4317; x_wconf 85' lang='grc' dir='ltr'><strong>τὸ</strong></span> <span class='ocrx_word' id='word_1_564' title='bbox 1311 4260 1456 4333; x_wconf 86' lang='grc' dir='ltr'><strong>μέγα</strong></span> <span class='ocrx_word' id='word_1_565' title='bbox 1480 4263 1578 4334; x_wconf 83' lang='grc' dir='ltr'><strong>τῆς</strong></span> <span class='ocrx_word' id='word_1_566' title='bbox 1604 4255 1886 4335; x_wconf 66' lang='grc' dir='ltr'><strong>ὑπερφρο-</strong></span> 
     </span>
    </p>
   </div>
   <div class='ocr_carea' id='block_1_73' title="bbox 310 4346 1882 4425">
    <p class='ocr_par' dir='ltr' id='par_1_73' title="bbox 310 4346 1882 4425">
     <span class='ocr_line' id='line_1_73' title="bbox 310 4346 1882 4425; baseline 0.006 -26"><span class='ocrx_word' id='word_1_567' title='bbox 310 4346 481 4420; x_wconf 83' lang='grc' dir='ltr'><strong>σύνης</strong></span> <span class='ocrx_word' id='word_1_568' title='bbox 504 4346 729 4421; x_wconf 77' lang='grc' dir='ltr'><strong>ἔπαρμα</strong></span> <span class='ocrx_word' id='word_1_569' title='bbox 750 4351 1027 4424; x_wconf 83' lang='grc' dir='ltr'><strong>καθαιρεῖ.</strong></span> <span class='ocrx_word' id='word_1_570' title='bbox 1057 4352 1269 4424; x_wconf 82' lang='grc' dir='ltr'>Ὠσπερ</span> <span class='ocrx_word' id='word_1_571' title='bbox 1294 4354 1403 4424; x_wconf 81' lang='grc' dir='ltr'><strong>γὰρ</strong></span> <span class='ocrx_word' id='word_1_572' title='bbox 1422 4353 1482 4406; x_wconf 86' lang='grc' dir='ltr'><strong>τὸ</strong></span> <span class='ocrx_word' id='word_1_573' title='bbox 1503 4353 1662 4425; x_wconf 83' lang='grc' dir='ltr'><strong>σῶμα</strong></span> <span class='ocrx_word' id='word_1_574' title='bbox 1689 4354 1748 4407; x_wconf 84' lang='grc' dir='ltr'><strong>ἓν</strong></span> <span class='ocrx_word' id='word_1_575' title='bbox 1782 4353 1882 4425; x_wconf 86' lang='grc' dir='ltr'><strong>μέν</strong></span> 
     </span>
    </p>
   </div>
   <div class='ocr_carea' id='block_1_74' title="bbox 309 4438 1883 4520">
    <p class='ocr_par' dir='ltr' id='par_1_74' title="bbox 309 4438 1883 4520">
     <span class='ocr_line' id='line_1_74' title="bbox 309 4438 1883 4520; baseline 0.006 -27"><span class='ocrx_word' id='word_1_576' title='bbox 309 4441 458 4506; x_wconf 72' lang='grc' dir='ltr'><strong>ἔστι,</strong></span> <span class='ocrx_word' id='word_1_577' title='bbox 487 4442 720 4517; x_wconf 85' lang='grc' dir='ltr'>διάφορα</span> <span class='ocrx_word' id='word_1_578' title='bbox 737 4444 793 4499; x_wconf 85' lang='grc' dir='ltr'><strong>δὲ</strong></span> <span class='ocrx_word' id='word_1_579' title='bbox 816 4446 956 4516; x_wconf 83' lang='grc' dir='ltr'><strong>μέλη</strong></span> <span class='ocrx_word' id='word_1_580' title='bbox 988 4445 1123 4517; x_wconf 75' lang='grc' dir='ltr'>ἔχει,</span> <span class='ocrx_word' id='word_1_581' title='bbox 1148 4438 1438 4517; x_wconf 71' lang='grc' dir='ltr'><strong>διαφόρους</strong></span> <span class='ocrx_word' id='word_1_582' title='bbox 1468 4446 1697 4520; x_wconf 81' lang='grc' dir='ltr'>πράξεις</span> <span class='ocrx_word' id='word_1_583' title='bbox 1731 4449 1883 4520; x_wconf 70' lang='grc' dir='ltr'>ὲνερο</span> 
     </span>
    </p>
   </div>
   <div class='ocr_carea' id='block_1_75' title="bbox 309 4532 1960 4622">
    <p class='ocr_par' dir='ltr' id='par_1_75' title="bbox 309 4532 1960 4622">
     <span class='ocr_line' id='line_1_75' title="bbox 309 4532 1960 4622; baseline 0.004 -36"><span class='ocrx_word' id='word_1_584' title='bbox 309 4532 517 4604; x_wconf 79' lang='grc' dir='ltr'><strong>γοῦντα</strong></span> <span class='ocrx_word' id='word_1_585' title='bbox 535 4550 550 4565; x_wconf 78' lang='grc' dir='ltr'><strong><em>ο</em></strong></span> <span class='ocrx_word' id='word_1_586' title='bbox 581 4532 726 4589; x_wconf 71' lang='grc' dir='ltr'>οὕτω</span> <span class='ocrx_word' id='word_1_587' title='bbox 749 4535 845 4591; x_wconf 73' lang='grc' dir='ltr'><strong>καὶ</strong></span> <span class='ocrx_word' id='word_1_588' title='bbox 869 4536 920 4590; x_wconf 80' lang='lat' dir='ltr'><strong>oi</strong></span> <span class='ocrx_word' id='word_1_589' title='bbox 954 4538 1155 4604; x_wconf 74' lang='grc' dir='ltr'><strong>πιστοὶ,</strong></span> <span class='ocrx_word' id='word_1_590' title='bbox 1187 4536 1246 4591; x_wconf 78' lang='grc' dir='ltr'>ἓν</span> <span class='ocrx_word' id='word_1_591' title='bbox 1275 4536 1438 4610; x_wconf 87' lang='grc' dir='ltr'>σῶμά</span> <span class='ocrx_word' id='word_1_592' title='bbox 1456 4540 1624 4608; x_wconf 78' lang='grc' dir='ltr'>ἐσμεν</span> <span class='ocrx_word' id='word_1_593' title='bbox 1667 4540 1727 4594; x_wconf 83' lang='grc' dir='ltr'><strong>ὲν</strong></span> <span class='ocrx_word' id='word_1_594' title='bbox 1746 4539 1881 4611; x_wconf 86' lang='grc' dir='ltr'><strong>Χρι-</strong></span> <span class='ocrx_word' id='word_1_595' title='bbox 1905 4561 1960 4622; x_wconf 70' lang='grc' dir='ltr'><strong>ι)</strong></span> 
     </span>
    </p>
   </div>
   <div class='ocr_carea' id='block_1_76' title="bbox 311 4628 1883 4704">
    <p class='ocr_par' dir='ltr' id='par_1_76' title="bbox 311 4628 1883 4704">
     <span class='ocr_line' id='line_1_76' title="bbox 311 4628 1883 4704; baseline 0.003 -22"><span class='ocrx_word' id='word_1_596' title='bbox 311 4628 450 4699; x_wconf 65' lang='grc' dir='ltr'><strong>σιῷ,</strong></span> <span class='ocrx_word' id='word_1_597' title='bbox 479 4629 557 4694; x_wconf 80' lang='grc' dir='ltr'><strong>ὡς</strong></span> <span class='ocrx_word' id='word_1_598' title='bbox 582 4631 640 4683; x_wconf 77' lang='grc' dir='ltr'><strong>ἐν</strong></span> <span class='ocrx_word' id='word_1_599' title='bbox 662 4632 871 4703; x_wconf 77' lang='grc' dir='ltr'>κεφαλῇ</span> <span class='ocrx_word' id='word_1_600' title='bbox 908 4635 1322 4704; x_wconf 87' lang='grc' dir='ltr'>συνιστάμενον.</span> <span class='ocrx_word' id='word_1_601' title='bbox 1353 4634 1448 4687; x_wconf 72' lang='grc' dir='ltr'><strong>καὶ</strong></span> <span class='ocrx_word' id='word_1_602' title='bbox 1474 4635 1502 4687; x_wconf 91' lang='lat'><strong>6</strong></span> <span class='ocrx_word' id='word_1_603' title='bbox 1537 4633 1745 4699; x_wconf 82' lang='grc' dir='ltr'><strong>καθεῖς,</strong></span> <span class='ocrx_word' id='word_1_604' title='bbox 1789 4634 1883 4687; x_wconf 73' lang='grc' dir='ltr'><strong>ἀλ-</strong></span> 
     </span>
    </p>
   </div>
   <div class='ocr_carea' id='block_1_77' title="bbox 307 4719 1883 4798">
    <p class='ocr_par' dir='ltr' id='par_1_77' title="bbox 307 4719 1883 4798">
     <span class='ocr_line' id='line_1_77' title="bbox 307 4719 1883 4798; baseline 0.004 -25"><span class='ocrx_word' id='word_1_605' title='bbox 307 4719 492 4791; x_wconf 74' lang='grc' dir='ltr'><strong>λήλων</strong></span> <span class='ocrx_word' id='word_1_606' title='bbox 513 4722 649 4794; x_wconf 84' lang='grc' dir='ltr'><strong>μέλη</strong></span> <span class='ocrx_word' id='word_1_607' title='bbox 669 4738 684 4754; x_wconf 80' lang='lat'>&#39;</span> <span class='ocrx_word' id='word_1_608' title='bbox 707 4725 805 4795; x_wconf 80' lang='grc' dir='ltr'><strong>οὐχ</strong></span> <span class='ocrx_word' id='word_1_609' title='bbox 834 4724 863 4777; x_wconf 82' lang='grc' dir='ltr'>ὁ</span> <span class='ocrx_word' id='word_1_610' title='bbox 890 4725 1085 4796; x_wconf 85' lang='grc' dir='ltr'><strong>μικρὸς</strong></span> <span class='ocrx_word' id='word_1_611' title='bbox 1118 4727 1278 4795; x_wconf 85' lang='grc' dir='ltr'><strong>μόνον</strong></span> <span class='ocrx_word' id='word_1_612' title='bbox 1323 4724 1419 4780; x_wconf 84' lang='grc' dir='ltr'><strong>τοῦ</strong></span> <span class='ocrx_word' id='word_1_613' title='bbox 1453 4727 1711 4798; x_wconf 86' lang='grc' dir='ltr'><strong>μεγάλου,</strong></span> <span class='ocrx_word' id='word_1_614' title='bbox 1745 4725 1883 4780; x_wconf 81' lang='grc' dir='ltr'><strong>άλλά</strong></span> 
     </span>
    </p>
   </div>
   <div class='ocr_carea' id='block_1_78' title="bbox 310 4813 1884 4892">
    <p class='ocr_par' dir='ltr' id='par_1_78' title="bbox 310 4813 1884 4892">
     <span class='ocr_line' id='line_1_78' title="bbox 310 4813 1884 4892; baseline 0.006 -26"><span class='ocrx_word' id='word_1_615' title='bbox 310 4816 409 4866; x_wconf 73' lang='grc' dir='ltr'><strong>καὶ</strong></span> <span class='ocrx_word' id='word_1_616' title='bbox 435 4813 466 4866; x_wconf 88' lang='lat'><strong>6</strong></span> <span class='ocrx_word' id='word_1_617' title='bbox 512 4814 688 4884; x_wconf 86' lang='grc' dir='ltr'><strong>μέγας</strong></span> <span class='ocrx_word' id='word_1_618' title='bbox 725 4815 818 4870; x_wconf 84' lang='grc' dir='ltr'><strong>τοῦ</strong></span> <span class='ocrx_word' id='word_1_619' title='bbox 874 4817 1095 4888; x_wconf 84' lang='grc' dir='ltr'><strong>μικροῦ.</strong></span> <span class='ocrx_word' id='word_1_620' title='bbox 1133 4817 1226 4889; x_wconf 85' lang='grc' dir='ltr'><strong>Μὴ</strong></span> <span class='ocrx_word' id='word_1_621' title='bbox 1267 4819 1446 4873; x_wconf 84' lang='grc' dir='ltr'><strong>τοίνυν</strong></span> <span class='ocrx_word' id='word_1_622' title='bbox 1478 4820 1725 4892; x_wconf 82' lang='grc' dir='ltr'><strong>ἀλλήλων</strong></span> <span class='ocrx_word' id='word_1_623' title='bbox 1750 4838 1884 4874; x_wconf 84' lang='grc' dir='ltr'><strong>κατ-</strong></span> 
     </span>
    </p>
   </div>
   <div class='ocr_carea' id='block_1_79' title="bbox 311 4903 1882 4985">
    <p class='ocr_par' dir='ltr' id='par_1_79' title="bbox 311 4903 1882 4985">
     <span class='ocr_line' id='line_1_79' title="bbox 311 4903 1882 4985; baseline 0.006 -28"><span class='ocrx_word' id='word_1_624' title='bbox 311 4903 614 4975; x_wconf 82' lang='grc' dir='ltr'>επαίρεσθε</span> <span class='ocrx_word' id='word_1_625' title='bbox 633 4921 649 4936; x_wconf 73' lang='grc' dir='ltr'>ο</span> <span class='ocrx_word' id='word_1_626' title='bbox 671 4904 903 4978; x_wconf 78' lang='grc' dir='ltr'>χρῄζετε</span> <span class='ocrx_word' id='word_1_627' title='bbox 927 4908 1061 4980; x_wconf 87' lang='grc' dir='ltr'><strong>γὰρ,</strong></span> <span class='ocrx_word' id='word_1_628' title='bbox 1101 4907 1178 4972; x_wconf 80' lang='grc' dir='ltr'><strong>ὡς</strong></span> <span class='ocrx_word' id='word_1_629' title='bbox 1201 4909 1388 4964; x_wconf 77' lang='grc' dir='ltr'><strong>καὶτὰ</strong></span> <span class='ocrx_word' id='word_1_630' title='bbox 1420 4909 1581 4985; x_wconf 84' lang='grc' dir='ltr'><strong>μέλη,</strong></span> <span class='ocrx_word' id='word_1_631' title='bbox 1613 4911 1882 4983; x_wconf 82' lang='grc' dir='ltr'><strong>ἀλλήλων.</strong></span> 
     </span>
    </p>
   </div>
   <div class='ocr_carea' id='block_1_80' title="bbox 392 5166 1882 5246">
    <p class='ocr_par' dir='ltr' id='par_1_80' title="bbox 392 5166 1882 5246">
     <span class='ocr_line' id='line_1_80' title="bbox 392 5166 1882 5246; baseline 0.006 -28"><span class='ocrx_word' id='word_1_632' title='bbox 392 5185 411 5218; x_wconf 82' lang='grc' dir='ltr'><strong>ι</strong></span> <span class='ocrx_word' id='word_1_633' title='bbox 437 5166 692 5237; x_wconf 84' lang='grc' dir='ltr'><strong>Ἔχοντες</strong></span> <span class='ocrx_word' id='word_1_634' title='bbox 708 5166 767 5221; x_wconf 73' lang='grc' dir='ltr'><strong>δὲ</strong></span> <span class='ocrx_word' id='word_1_635' title='bbox 782 5168 850 5223; x_wconf 77' lang='grc' dir='ltr'><strong>τά</strong></span> <span class='ocrx_word' id='word_1_636' title='bbox 871 5172 1188 5241; x_wconf 81' lang='grc' dir='ltr'><strong>χαρίσματα</strong></span> <span class='ocrx_word' id='word_1_637' title='bbox 1210 5171 1355 5226; x_wconf 77' lang='grc' dir='ltr'><strong>κατὰ</strong></span> <span class='ocrx_word' id='word_1_638' title='bbox 1373 5171 1474 5244; x_wconf 82' lang='grc' dir='ltr'><strong>τὴν</strong></span> <span class='ocrx_word' id='word_1_639' title='bbox 1497 5172 1659 5244; x_wconf 81' lang='grc' dir='ltr'>χάριν</span> <span class='ocrx_word' id='word_1_640' title='bbox 1681 5172 1781 5246; x_wconf 80' lang='grc' dir='ltr'><strong>τὴν</strong></span> <span class='ocrx_word' id='word_1_641' title='bbox 1800 5173 1882 5227; x_wconf 84' lang='grc' dir='ltr'><strong>δο-</strong></span> 
     </span>
    </p>
   </div>
   <div class='ocr_carea' id='block_1_81' title="bbox 311 5259 1883 5335">
    <p class='ocr_par' dir='ltr' id='par_1_81' title="bbox 311 5259 1883 5335">
     <span class='ocr_line' id='line_1_81' title="bbox 311 5259 1883 5335; baseline 0.004 -23"><span class='ocrx_word' id='word_1_642' title='bbox 311 5259 502 5314; x_wconf 76' lang='grc' dir='ltr'>θεῖσαν</span> <span class='ocrx_word' id='word_1_643' title='bbox 520 5260 648 5332; x_wconf 77' lang='grc' dir='ltr'><strong>ἡμῖν</strong></span> <span class='ocrx_word' id='word_1_644' title='bbox 664 5261 919 5335; x_wconf 85' lang='grc' dir='ltr'>διάφορα,</span> <span class='ocrx_word' id='word_1_645' title='bbox 938 5264 1050 5316; x_wconf 79' lang='grc' dir='ltr'>εἴτε</span> <span class='ocrx_word' id='word_1_646' title='bbox 1077 5264 1440 5335; x_wconf 82' lang='grc' dir='ltr'>προφητείαν,</span> <span class='ocrx_word' id='word_1_647' title='bbox 1466 5265 1608 5318; x_wconf 85' lang='grc' dir='ltr'>κατά</span> <span class='ocrx_word' id='word_1_648' title='bbox 1627 5265 1725 5334; x_wconf 71' lang='grc' dir='ltr'>τὴν</span> <span class='ocrx_word' id='word_1_649' title='bbox 1748 5267 1883 5319; x_wconf 85' lang='grc' dir='ltr'><strong>ἁνα-</strong></span> 
     </span>
    </p>
   </div>
   <div class='ocr_carea' id='block_1_82' title="bbox 308 5352 1886 5426">
    <p class='ocr_par' dir='ltr' id='par_1_82' title="bbox 308 5352 1886 5426">
     <span class='ocr_line' id='line_1_82' title="bbox 308 5352 1886 5426; baseline 0.005 -21"><span class='ocrx_word' id='word_1_650' title='bbox 308 5352 503 5421; x_wconf 83' lang='grc' dir='ltr'><strong>λογίαν</strong></span> <span class='ocrx_word' id='word_1_651' title='bbox 523 5355 617 5425; x_wconf 81' lang='grc' dir='ltr'><strong>τῆς</strong></span> <span class='ocrx_word' id='word_1_652' title='bbox 637 5355 891 5421; x_wconf 81' lang='grc' dir='ltr'>πίστεως.</span> <span class='ocrx_word' id='word_1_653' title='bbox 905 5375 923 5408; x_wconf 80' lang='grc' dir='ltr'><strong>ι</strong></span> <span class='ocrx_word' id='word_1_654' title='bbox 946 5358 1059 5411; x_wconf 81' lang='grc' dir='ltr'><strong>Οὐκ</strong></span> <span class='ocrx_word' id='word_1_655' title='bbox 1076 5352 1251 5426; x_wconf 80' lang='grc' dir='ltr'>εἶπεν,</span> <span class='ocrx_word' id='word_1_656' title='bbox 1267 5358 1348 5411; x_wconf 84' lang='grc' dir='ltr'><strong>ὅτι</strong></span> <span class='ocrx_word' id='word_1_657' title='bbox 1364 5356 1602 5423; x_wconf 79' lang='grc' dir='ltr'><strong>Μείζονα</strong></span> <span class='ocrx_word' id='word_1_658' title='bbox 1622 5360 1715 5413; x_wconf 70' lang='grc' dir='ltr'><strong>καὶ</strong></span> <span class='ocrx_word' id='word_1_659' title='bbox 1728 5358 1886 5413; x_wconf 75' lang='grc' dir='ltr'>ἐλάτ-</span> 
     </span>
    </p>
   </div>
   <div class='ocr_carea' id='block_1_83' title="bbox 308 5447 1884 5525">
    <p class='ocr_par' dir='ltr' id='par_1_83' title="bbox 308 5447 1884 5525">
     <span class='ocr_line' id='line_1_83' title="bbox 308 5447 1884 5525; baseline 0.004 -24"><span class='ocrx_word' id='word_1_660' title='bbox 308 5461 445 5502; x_wconf 85' lang='grc' dir='ltr'><strong>τονα</strong></span> <span class='ocrx_word' id='word_1_661' title='bbox 460 5447 868 5519; x_wconf 77' lang='grc' dir='ltr'><strong>ἕχοντες,άλλὰ,</strong></span> <span class='ocrx_word' id='word_1_662' title='bbox 895 5468 915 5502; x_wconf 81' lang='grc' dir='ltr'><strong>ι</strong></span> <span class='ocrx_word' id='word_1_663' title='bbox 942 5449 1207 5522; x_wconf 86' lang='grc' dir='ltr'>Διάφορα·</span> <span class='ocrx_word' id='word_1_664' title='bbox 1236 5469 1254 5502; x_wconf 77' lang='grc' dir='ltr'><strong>ι</strong></span> <span class='ocrx_word' id='word_1_665' title='bbox 1274 5451 1363 5507; x_wconf 78' lang='grc' dir='ltr'><strong>ἵνα</strong></span> <span class='ocrx_word' id='word_1_666' title='bbox 1390 5452 1727 5525; x_wconf 80' lang='grc' dir='ltr'>καταστείλῃ</span> <span class='ocrx_word' id='word_1_667' title='bbox 1754 5454 1884 5518; x_wconf 79' lang='grc' dir='ltr'><strong>τοὺς</strong></span> 
     </span>
    </p>
   </div>
   <div class='ocr_carea' id='block_1_84' title="bbox 1978 3335 3558 3412">
    <p class='ocr_par' dir='ltr' id='par_1_84' title="bbox 1978 3335 3558 3412">
     <span class='ocr_line' id='line_1_84' title="bbox 1978 3335 3558 3412; baseline -0.005 -13"><span class='ocrx_word' id='word_1_668' title='bbox 1978 3345 2177 3400; x_wconf 91' lang='lat' dir='ltr'><strong>donum</strong></span> <span class='ocrx_word' id='word_1_669' title='bbox 2227 3342 2478 3412; x_wconf 88' lang='lat' dir='ltr'><strong>appellat,</strong></span> <span class='ocrx_word' id='word_1_670' title='bbox 2536 3356 2644 3412; x_wconf 88' lang='lat' dir='ltr'><strong>quo</strong></span> <span class='ocrx_word' id='word_1_671' title='bbox 2697 3338 2958 3395; x_wconf 90' lang='lat' dir='ltr'><strong>miracula</strong></span> <span class='ocrx_word' id='word_1_672' title='bbox 2988 3337 3364 3409; x_wconf 79' lang='lat' dir='ltr'><strong>perﬁciebant.</strong></span> <span class='ocrx_word' id='word_1_673' title='bbox 3396 3335 3558 3393; x_wconf 83' lang='lat' dir='ltr'><strong>Fides</strong></span> 
     </span>
    </p>
   </div>
   <div class='ocr_carea' id='block_1_85' title="bbox 1977 3428 3559 3505">
    <p class='ocr_par' dir='ltr' id='par_1_85' title="bbox 1977 3428 3559 3505">
     <span class='ocr_line' id='line_1_85' title="bbox 1977 3428 3559 3505; baseline -0.008 -13"><span class='ocrx_word' id='word_1_674' title='bbox 1977 3437 2123 3493; x_wconf 87' lang='lat' dir='ltr'><strong>enim</strong></span> <span class='ocrx_word' id='word_1_675' title='bbox 2180 3433 2373 3505; x_wconf 74' lang='lat' dir='ltr'><strong>duplex</strong></span> <span class='ocrx_word' id='word_1_676' title='bbox 2401 3444 2482 3491; x_wconf 89' lang='lat' dir='ltr'><strong>est</strong></span> <span class='ocrx_word' id='word_1_677' title='bbox 2509 3451 2523 3488; x_wconf 91' lang='lat'><strong>:</strong></span> <span class='ocrx_word' id='word_1_678' title='bbox 2550 3432 2717 3488; x_wconf 88' lang='lat' dir='ltr'><strong>altera</strong></span> <span class='ocrx_word' id='word_1_679' title='bbox 2772 3439 2981 3497; x_wconf 86' lang='lat' dir='ltr'><strong>nostra,</strong></span> <span class='ocrx_word' id='word_1_680' title='bbox 3039 3439 3120 3496; x_wconf 91' lang='lat' dir='ltr'><strong>ut,</strong></span> <span class='ocrx_word' id='word_1_681' title='bbox 3152 3448 3170 3482; x_wconf 85' lang='grc' dir='ltr'><strong>ι</strong></span> <span class='ocrx_word' id='word_1_682' title='bbox 3209 3428 3368 3484; x_wconf 88' lang='lat' dir='ltr'><strong>Fides</strong></span> <span class='ocrx_word' id='word_1_683' title='bbox 3391 3436 3480 3482; x_wconf 85' lang='lat' dir='ltr'><strong>tua</strong></span> <span class='ocrx_word' id='word_1_684' title='bbox 3506 3437 3559 3481; x_wconf 86' lang='lat' dir='ltr'><strong>te</strong></span> 
     </span>
    </p>
   </div>
   <div class='ocr_carea' id='block_1_86' title="bbox 1978 3520 3559 3592">
    <p class='ocr_par' dir='ltr' id='par_1_86' title="bbox 1978 3520 3559 3592">
     <span class='ocr_line' id='line_1_86' title="bbox 1978 3520 3559 3592; baseline -0.008 -8"><span class='ocrx_word' id='word_1_685' title='bbox 1978 3528 2215 3584; x_wconf 79' lang='lat' dir='ltr'><strong>servavit</strong></span> <span class='ocrx_word' id='word_1_686' title='bbox 2246 3537 2275 3577; x_wconf 71' lang='grc' dir='ltr'><strong>τι</strong></span> <span class='ocrx_word' id='word_1_687' title='bbox 2306 3544 2319 3580; x_wconf 89' lang='lat'><strong>:</strong></span> <span class='ocrx_word' id='word_1_688' title='bbox 2367 3546 2385 3579; x_wconf 71' lang='grc' dir='ltr'><strong>ι</strong></span> <span class='ocrx_word' id='word_1_689' title='bbox 2414 3525 2583 3580; x_wconf 87' lang='lat' dir='ltr'><strong>altera</strong></span> <span class='ocrx_word' id='word_1_690' title='bbox 2608 3538 2740 3580; x_wconf 85' lang='lat' dir='ltr'><strong>vero</strong></span> <span class='ocrx_word' id='word_1_691' title='bbox 2771 3525 2968 3581; x_wconf 86' lang='lat' dir='ltr'><strong>donum</strong></span> <span class='ocrx_word' id='word_1_692' title='bbox 3002 3521 3120 3591; x_wconf 88' lang='lat' dir='ltr'><strong>Dei,</strong></span> <span class='ocrx_word' id='word_1_693' title='bbox 3152 3536 3247 3592; x_wconf 89' lang='lat' dir='ltr'><strong>per</strong></span> <span class='ocrx_word' id='word_1_694' title='bbox 3275 3535 3433 3589; x_wconf 85' lang='lat' dir='ltr'><strong>quam</strong></span> <span class='ocrx_word' id='word_1_695' title='bbox 3458 3520 3559 3573; x_wconf 91' lang='lat' dir='ltr'><strong>mi-</strong></span> 
     </span>
    </p>
   </div>
   <div class='ocr_carea' id='block_1_87' title="bbox 1980 3608 3558 3684">
    <p class='ocr_par' dir='ltr' id='par_1_87' title="bbox 1980 3608 3558 3684">
     <span class='ocr_line' id='line_1_87' title="bbox 1980 3608 3558 3684; baseline -0.007 -10"><span class='ocrx_word' id='word_1_696' title='bbox 1980 3617 2163 3674; x_wconf 90' lang='lat' dir='ltr'><strong>racula</strong></span> <span class='ocrx_word' id='word_1_697' title='bbox 2221 3616 2374 3684; x_wconf 83' lang='lat' dir='ltr'><strong>fiunt,</strong></span> <span class='ocrx_word' id='word_1_698' title='bbox 2404 3625 2460 3671; x_wconf 92' lang='lat' dir='ltr'><strong>ut</strong></span> <span class='ocrx_word' id='word_1_699' title='bbox 2505 3631 2629 3672; x_wconf 87' lang='lat' dir='ltr'><strong>cum</strong></span> <span class='ocrx_word' id='word_1_700' title='bbox 2686 3613 2764 3670; x_wconf 91' lang='lat' dir='ltr'><strong>ait</strong></span> <span class='ocrx_word' id='word_1_701' title='bbox 2812 3613 3109 3669; x_wconf 88' lang='lat' dir='ltr'><strong>Christus:</strong></span> <span class='ocrx_word' id='word_1_702' title='bbox 3160 3611 3217 3665; x_wconf 92' lang='lat' dir='ltr'><strong>Si</strong></span> <span class='ocrx_word' id='word_1_703' title='bbox 3260 3608 3558 3665; x_wconf 83' lang='lat' dir='ltr'><strong>habueritis</strong></span> 
     </span>
    </p>
   </div>
   <div class='ocr_carea' id='block_1_88' title="bbox 1980 3698 3556 3779">
    <p class='ocr_par' dir='ltr' id='par_1_88' title="bbox 1980 3698 3556 3779">
     <span class='ocr_line' id='line_1_88' title="bbox 1980 3698 3556 3779; baseline -0.006 -15"><span class='ocrx_word' id='word_1_704' title='bbox 1980 3709 2138 3764; x_wconf 82' lang='lat' dir='ltr'><strong>fidem</strong></span> <span class='ocrx_word' id='word_1_705' title='bbox 2193 3709 2335 3765; x_wconf 89' lang='lat' dir='ltr'><strong>sicut</strong></span> <span class='ocrx_word' id='word_1_706' title='bbox 2380 3721 2608 3779; x_wconf 74' lang='lat' dir='ltr'><strong>granum</strong></span> <span class='ocrx_word' id='word_1_707' title='bbox 2660 3706 2885 3775; x_wconf 88' lang='lat' dir='ltr'><strong>sinapis,</strong></span> <span class='ocrx_word' id='word_1_708' title='bbox 2940 3702 3133 3760; x_wconf 84' lang='lat' dir='ltr'><strong>dicetis</strong></span> <span class='ocrx_word' id='word_1_709' title='bbox 3162 3700 3333 3756; x_wconf 86' lang='lat' dir='ltr'><strong>monti</strong></span> <span class='ocrx_word' id='word_1_710' title='bbox 3372 3698 3499 3757; x_wconf 85' lang='lat' dir='ltr'><strong>huic</strong></span> <span class='ocrx_word' id='word_1_711' title='bbox 3540 3716 3556 3754; x_wconf 90' lang='lat'><strong>:</strong></span> 
     </span>
    </p>
   </div>
   <div class='ocr_carea' id='block_1_89' title="bbox 1979 3793 3261 3871">
    <p class='ocr_par' dir='ltr' id='par_1_89' title="bbox 1979 3793 3261 3871">
     <span class='ocr_line' id='line_1_89' title="bbox 1979 3793 3261 3871; baseline -0.008 -17"><span class='ocrx_word' id='word_1_712' title='bbox 1979 3796 2240 3854; x_wconf 83' lang='lat' dir='ltr'><strong>Transfer</strong></span> <span class='ocrx_word' id='word_1_713' title='bbox 2272 3808 2324 3854; x_wconf 89' lang='lat' dir='ltr'><strong>te</strong></span> <span class='ocrx_word' id='word_1_714' title='bbox 2365 3798 2489 3851; x_wconf 90' lang='lat' dir='ltr'><strong>hinc</strong></span> <span class='ocrx_word' id='word_1_715' title='bbox 2520 3797 2632 3862; x_wconf 90' lang='lat' dir='ltr'><strong>illo,</strong></span> <span class='ocrx_word' id='word_1_716' title='bbox 2662 3805 2715 3852; x_wconf 90' lang='lat' dir='ltr'><strong>et</strong></span> <span class='ocrx_word' id='word_1_717' title='bbox 2744 3793 3102 3852; x_wconf 77' lang='lat' dir='ltr'><strong>transferetur</strong></span> <span class='ocrx_word' id='word_1_718' title='bbox 3125 3802 3206 3851; x_wconf 73' lang='grc' dir='ltr'><strong>ι’.»</strong></span> <span class='ocrx_word' id='word_1_719' title='bbox 3258 3860 3261 3871; x_wconf 31' lang='grc' dir='ltr'>λ</span> 
     </span>
    </p>
   </div>
   <div class='ocr_carea' id='block_1_90' title="bbox 2052 3883 3559 3956">
    <p class='ocr_par' dir='ltr' id='par_1_90' title="bbox 2052 3883 3559 3956">
     <span class='ocr_line' id='line_1_90' title="bbox 2052 3883 3559 3956; baseline -0.008 -8"><span class='ocrx_word' id='word_1_720' title='bbox 2052 3891 2218 3948; x_wconf 74' lang='lat' dir='ltr'><strong>Vsus.</strong></span> <span class='ocrx_word' id='word_1_721' title='bbox 2280 3894 2334 3955; x_wconf 76' lang='grc'><strong>4,</strong></span> <span class='ocrx_word' id='word_1_722' title='bbox 2357 3890 2410 3945; x_wconf 82' lang='grc'><strong>5.</strong></span> <span class='ocrx_word' id='word_1_723' title='bbox 2444 3907 2464 3942; x_wconf 80' lang='grc' dir='ltr'><strong>ι</strong></span> <span class='ocrx_word' id='word_1_724' title='bbox 2503 3888 2656 3944; x_wconf 80' lang='lat' dir='ltr'><strong>Sicut</strong></span> <span class='ocrx_word' id='word_1_725' title='bbox 2700 3889 2842 3943; x_wconf 88' lang='lat' dir='ltr'><strong>enim</strong></span> <span class='ocrx_word' id='word_1_726' title='bbox 2877 3886 2931 3941; x_wconf 92' lang='lat' dir='ltr'><strong>in</strong></span> <span class='ocrx_word' id='word_1_727' title='bbox 2965 3901 3075 3943; x_wconf 89' lang='lat' dir='ltr'><strong>uno</strong></span> <span class='ocrx_word' id='word_1_728' title='bbox 3110 3899 3341 3956; x_wconf 81' lang='lat' dir='ltr'><strong>corpore</strong></span> <span class='ocrx_word' id='word_1_729' title='bbox 3392 3883 3559 3938; x_wconf 88' lang='lat' dir='ltr'><strong>multa</strong></span> 
     </span>
    </p>
   </div>
   <div class='ocr_carea' id='block_1_91' title="bbox 1981 3981 3559 4048">
    <p class='ocr_par' dir='ltr' id='par_1_91' title="bbox 1981 3981 3559 4048">
     <span class='ocr_line' id='line_1_91' title="bbox 1981 3981 3559 4048; baseline -0.007 -8"><span class='ocrx_word' id='word_1_730' title='bbox 1981 3985 2221 4040; x_wconf 88' lang='lat' dir='ltr'><strong>membra</strong></span> <span class='ocrx_word' id='word_1_731' title='bbox 2252 3983 2534 4048; x_wconf 83' lang='lat' dir='ltr'><strong>habemus,</strong></span> <span class='ocrx_word' id='word_1_732' title='bbox 2560 3981 2742 4037; x_wconf 88' lang='lat' dir='ltr'><strong>omnia</strong></span> <span class='ocrx_word' id='word_1_733' title='bbox 2779 3990 2964 4034; x_wconf 90' lang='lat' dir='ltr'><strong>autem</strong></span> <span class='ocrx_word' id='word_1_734' title='bbox 3000 3981 3240 4034; x_wconf 87' lang='lat' dir='ltr'><strong>membra</strong></span> <span class='ocrx_word' id='word_1_735' title='bbox 3278 3992 3385 4033; x_wconf 83' lang='lat' dir='ltr'><strong>non</strong></span> <span class='ocrx_word' id='word_1_736' title='bbox 3406 3992 3559 4032; x_wconf 83' lang='lat' dir='ltr'><strong>euru-</strong></span> 
     </span>
    </p>
   </div>
   <div class='ocr_carea' id='block_1_92' title="bbox 1987 4068 3561 4138">
    <p class='ocr_par' dir='ltr' id='par_1_92' title="bbox 1987 4068 3561 4138">
     <span class='ocr_line' id='line_1_92' title="bbox 1987 4068 3561 4138; baseline -0.004 -10"><span class='ocrx_word' id='word_1_737' title='bbox 1987 4075 2109 4128; x_wconf 90' lang='lat' dir='ltr'><strong>dem</strong></span> <span class='ocrx_word' id='word_1_738' title='bbox 2154 4071 2357 4129; x_wconf 87' lang='lat' dir='ltr'><strong>habent</strong></span> <span class='ocrx_word' id='word_1_739' title='bbox 2385 4081 2562 4126; x_wconf 77' lang='lat' dir='ltr'><strong>aCtum</strong></span> <span class='ocrx_word' id='word_1_740' title='bbox 2594 4087 2608 4124; x_wconf 90' lang='lat'><strong>:</strong></span> <span class='ocrx_word' id='word_1_741' title='bbox 2645 4069 2717 4125; x_wconf 89' lang='lat' dir='ltr'><strong>ita</strong></span> <span class='ocrx_word' id='word_1_742' title='bbox 2767 4078 2821 4123; x_wconf 89' lang='lat' dir='ltr'><strong>et</strong></span> <span class='ocrx_word' id='word_1_743' title='bbox 2855 4068 3005 4124; x_wconf 88' lang='lat' dir='ltr'><strong>multi</strong></span> <span class='ocrx_word' id='word_1_744' title='bbox 3048 4084 3212 4125; x_wconf 88' lang='lat' dir='ltr'><strong>unum</strong></span> <span class='ocrx_word' id='word_1_745' title='bbox 3234 4083 3432 4138; x_wconf 78' lang='lat' dir='ltr'><strong>corpus</strong></span> <span class='ocrx_word' id='word_1_746' title='bbox 3453 4082 3561 4122; x_wconf 76' lang='lat' dir='ltr'><strong>su~</strong></span> 
     </span>
    </p>
   </div>
   <div class='ocr_carea' id='block_1_93' title="bbox 1984 4161 3559 4233">
    <p class='ocr_par' dir='ltr' id='par_1_93' title="bbox 1984 4161 3559 4233">
     <span class='ocr_line' id='line_1_93' title="bbox 1984 4161 3559 4233; baseline -0.001 -16"><span class='ocrx_word' id='word_1_747' title='bbox 1984 4179 2104 4219; x_wconf 86' lang='lat' dir='ltr'><strong>mus</strong></span> <span class='ocrx_word' id='word_1_748' title='bbox 2135 4165 2187 4217; x_wconf 89' lang='lat' dir='ltr'><strong>in</strong></span> <span class='ocrx_word' id='word_1_749' title='bbox 2227 4161 2468 4227; x_wconf 87' lang='lat' dir='ltr'><strong>Christo,</strong></span> <span class='ocrx_word' id='word_1_750' title='bbox 2502 4161 2697 4233; x_wconf 82' lang='lat' dir='ltr'><strong>singuli</strong></span> <span class='ocrx_word' id='word_1_751' title='bbox 2731 4168 2936 4229; x_wconf 85' lang='lat' dir='ltr'><strong>autem,</strong></span> <span class='ocrx_word' id='word_1_752' title='bbox 2977 4161 3115 4221; x_wconf 79' lang='lat' dir='ltr'><strong>alter</strong></span> <span class='ocrx_word' id='word_1_753' title='bbox 3143 4161 3365 4218; x_wconf 83' lang='lat' dir='ltr'><strong>alterius</strong></span> <span class='ocrx_word' id='word_1_754' title='bbox 3388 4176 3559 4218; x_wconf 78' lang='lat' dir='ltr'><strong>mem-</strong></span> 
     </span>
    </p>
   </div>
   <div class='ocr_carea' id='block_1_94' title="bbox 1980 4246 3557 4327">
    <p class='ocr_par' dir='ltr' id='par_1_94' title="bbox 1980 4246 3557 4327">
     <span class='ocr_line' id='line_1_94' title="bbox 1980 4246 3557 4327; baseline -0.004 -15"><span class='ocrx_word' id='word_1_755' title='bbox 1980 4246 2102 4312; x_wconf 84' lang='lat' dir='ltr'><strong>bra.</strong></span> <span class='ocrx_word' id='word_1_756' title='bbox 2142 4273 2160 4307; x_wconf 77' lang='grc' dir='ltr'><strong>ι</strong></span> <span class='ocrx_word' id='word_1_757' title='bbox 2187 4254 2444 4327; x_wconf 87' lang='lat' dir='ltr'><strong>Corporis</strong></span> <span class='ocrx_word' id='word_1_758' title='bbox 2488 4265 2544 4310; x_wconf 92' lang='lat' dir='ltr'><strong>et</strong></span> <span class='ocrx_word' id='word_1_759' title='bbox 2580 4255 2944 4311; x_wconf 85' lang='lat' dir='ltr'><strong>membrorum</strong></span> <span class='ocrx_word' id='word_1_760' title='bbox 2996 4256 3242 4326; x_wconf 75' lang='lat' dir='ltr'><strong>exemplo</strong></span> <span class='ocrx_word' id='word_1_761' title='bbox 3287 4255 3557 4327; x_wconf 79' lang='lat' dir='ltr'><strong>ingentem</strong></span> 
     </span>
    </p>
   </div>
   <div class='ocr_carea' id='block_1_95' title="bbox 1982 4349 3559 4422">
    <p class='ocr_par' dir='ltr' id='par_1_95' title="bbox 1982 4349 3559 4422">
     <span class='ocr_line' id='line_1_95' title="bbox 1982 4349 3559 4422; baseline -0.003 -15"><span class='ocrx_word' id='word_1_762' title='bbox 1982 4349 2248 4421; x_wconf 77' lang='lat' dir='ltr'><strong>superbia:</strong></span> <span class='ocrx_word' id='word_1_763' title='bbox 2291 4350 2585 4406; x_wconf 85' lang='lat' dir='ltr'><strong>elationem</strong></span> <span class='ocrx_word' id='word_1_764' title='bbox 2636 4349 2793 4407; x_wconf 90' lang='lat' dir='ltr'><strong>tollit.</strong></span> <span class='ocrx_word' id='word_1_765' title='bbox 2851 4351 2922 4408; x_wconf 91' lang='lat' dir='ltr'><strong>Ut</strong></span> <span class='ocrx_word' id='word_1_766' title='bbox 2977 4350 3125 4408; x_wconf 86' lang='lat' dir='ltr'><strong>enim</strong></span> <span class='ocrx_word' id='word_1_767' title='bbox 3163 4366 3362 4422; x_wconf 88' lang='lat' dir='ltr'><strong>corpus</strong></span> <span class='ocrx_word' id='word_1_768' title='bbox 3391 4365 3559 4406; x_wconf 88' lang='lat' dir='ltr'><strong>unum</strong></span> 
     </span>
    </p>
   </div>
   <div class='ocr_carea' id='block_1_96' title="bbox 1980 4441 3559 4515">
    <p class='ocr_par' dir='ltr' id='par_1_96' title="bbox 1980 4441 3559 4515">
     <span class='ocr_line' id='line_1_96' title="bbox 1980 4441 3559 4515; baseline 0.003 -24"><span class='ocrx_word' id='word_1_769' title='bbox 1980 4442 2200 4515; x_wconf 76' lang='lat' dir='ltr'><strong>quidem</strong></span> <span class='ocrx_word' id='word_1_770' title='bbox 2233 4450 2333 4506; x_wconf 92' lang='lat' dir='ltr'><strong>est,</strong></span> <span class='ocrx_word' id='word_1_771' title='bbox 2372 4442 2581 4497; x_wconf 83' lang='lat' dir='ltr'><strong>:liversa</strong></span> <span class='ocrx_word' id='word_1_772' title='bbox 2612 4457 2742 4497; x_wconf 83' lang='lat' dir='ltr'><strong>vero</strong></span> <span class='ocrx_word' id='word_1_773' title='bbox 2771 4441 3011 4498; x_wconf 85' lang='lat' dir='ltr'><strong>membra</strong></span> <span class='ocrx_word' id='word_1_774' title='bbox 3052 4443 3212 4498; x_wconf 85' lang='lat' dir='ltr'><strong>habet</strong></span> <span class='ocrx_word' id='word_1_775' title='bbox 3251 4441 3559 4498; x_wconf 82' lang='lat' dir='ltr'><strong>dili&#39;erentes</strong></span> 
     </span>
    </p>
   </div>
   <div class='ocr_carea' id='block_1_97' title="bbox 1988 4532 3559 4591">
    <p class='ocr_par' dir='ltr' id='par_1_97' title="bbox 1988 4532 3559 4591">
     <span class='ocr_line' id='line_1_97' title="bbox 1988 4532 3559 4591; baseline 0.001 -4"><span class='ocrx_word' id='word_1_776' title='bbox 1988 4533 2230 4589; x_wconf 89' lang='lat' dir='ltr'><strong>actiones</strong></span> <span class='ocrx_word' id='word_1_777' title='bbox 2282 4533 2592 4589; x_wconf 83' lang='lat' dir='ltr'><strong>exercentia</strong></span> <span class='ocrx_word' id='word_1_778' title='bbox 2621 4551 2637 4589; x_wconf 85' lang='lat'><strong>:</strong></span> <span class='ocrx_word' id='word_1_779' title='bbox 2669 4533 2749 4591; x_wconf 88' lang='lat' dir='ltr'><strong>sic</strong></span> <span class='ocrx_word' id='word_1_780' title='bbox 2803 4544 2858 4589; x_wconf 89' lang='lat' dir='ltr'><strong>et</strong></span> <span class='ocrx_word' id='word_1_781' title='bbox 2912 4548 3011 4590; x_wconf 90' lang='lat' dir='ltr'><strong>nos</strong></span> <span class='ocrx_word' id='word_1_782' title='bbox 3051 4532 3234 4589; x_wconf 82' lang='lat' dir='ltr'><strong>ﬁdeles</strong></span> <span class='ocrx_word' id='word_1_783' title='bbox 3275 4549 3441 4589; x_wconf 90' lang='lat' dir='ltr'><strong>unum</strong></span> <span class='ocrx_word' id='word_1_784' title='bbox 3467 4549 3559 4589; x_wconf 84' lang='lat' dir='ltr'><strong>su-</strong></span> 
     </span>
    </p>
   </div>
   <div class='ocr_carea' id='block_1_98' title="bbox 1985 4623 3556 4698">
    <p class='ocr_par' dir='ltr' id='par_1_98' title="bbox 1985 4623 3556 4698">
     <span class='ocr_line' id='line_1_98' title="bbox 1985 4623 3556 4698; baseline 0.001 -18"><span class='ocrx_word' id='word_1_785' title='bbox 1985 4642 2107 4680; x_wconf 89' lang='lat' dir='ltr'><strong>mus</strong></span> <span class='ocrx_word' id='word_1_786' title='bbox 2134 4626 2187 4683; x_wconf 90' lang='lat' dir='ltr'><strong>in</strong></span> <span class='ocrx_word' id='word_1_787' title='bbox 2212 4623 2451 4692; x_wconf 85' lang='lat' dir='ltr'><strong>Christo,</strong></span> <span class='ocrx_word' id='word_1_788' title='bbox 2497 4640 2594 4681; x_wconf 92' lang='lat' dir='ltr'><strong>ceu</strong></span> <span class='ocrx_word' id='word_1_789' title='bbox 2633 4625 2683 4681; x_wconf 91' lang='lat' dir='ltr'><strong>in</strong></span> <span class='ocrx_word' id='word_1_790' title='bbox 2720 4626 2917 4698; x_wconf 83' lang='lat' dir='ltr'><strong>capite,</strong></span> <span class='ocrx_word' id='word_1_791' title='bbox 2941 4640 3141 4697; x_wconf 83' lang='lat' dir='ltr'><strong>corpus</strong></span> <span class='ocrx_word' id='word_1_792' title='bbox 3182 4627 3556 4688; x_wconf 71' lang='lat' dir='ltr'><strong>consumtum.</strong></span> 
     </span>
    </p>
   </div>
   <div class='ocr_carea' id='block_1_99' title="bbox 1982 4700 3562 4785">
    <p class='ocr_par' dir='ltr' id='par_1_99' title="bbox 1982 4700 3562 4785">
     <span class='ocr_line' id='line_1_99' title="bbox 1982 4700 3562 4785; baseline 0.001 -17"><span class='ocrx_word' id='word_1_793' title='bbox 1982 4724 2148 4785; x_wconf 90' lang='lat' dir='ltr'><strong>atque</strong></span> <span class='ocrx_word' id='word_1_794' title='bbox 2201 4715 2342 4771; x_wconf 90' lang='lat' dir='ltr'><strong>inter</strong></span> <span class='ocrx_word' id='word_1_795' title='bbox 2379 4730 2478 4770; x_wconf 90' lang='lat' dir='ltr'><strong>nos</strong></span> <span class='ocrx_word' id='word_1_796' title='bbox 2508 4724 2696 4770; x_wconf 90' lang='lat' dir='ltr'><strong>mutuo</strong></span> <span class='ocrx_word' id='word_1_797' title='bbox 2736 4715 2873 4770; x_wconf 89' lang='lat' dir='ltr'><strong>alter</strong></span> <span class='ocrx_word' id='word_1_798' title='bbox 2919 4700 3144 4772; x_wconf 82' lang='lat' dir='ltr'><strong>alterius</strong></span> <span class='ocrx_word' id='word_1_799' title='bbox 3169 4732 3357 4773; x_wconf 87' lang='lat' dir='ltr'><strong>sumus</strong></span> <span class='ocrx_word' id='word_1_800' title='bbox 3389 4731 3562 4775; x_wconf 83' lang='lat' dir='ltr'><strong>meru-</strong></span> 
     </span>
    </p>
   </div>
   <div class='ocr_carea' id='block_1_100' title="bbox 1982 4798 3563 4878">
    <p class='ocr_par' dir='ltr' id='par_1_100' title="bbox 1982 4798 3563 4878">
     <span class='ocr_line' id='line_1_100' title="bbox 1982 4798 3563 4878; baseline 0.001 -16"><span class='ocrx_word' id='word_1_801' title='bbox 1982 4806 2077 4863; x_wconf 87' lang='lat' dir='ltr'><strong>bra</strong></span> <span class='ocrx_word' id='word_1_802' title='bbox 2116 4823 2131 4861; x_wconf 88' lang='lat'><strong>:</strong></span> <span class='ocrx_word' id='word_1_803' title='bbox 2163 4821 2268 4861; x_wconf 90' lang='lat' dir='ltr'><strong>non</strong></span> <span class='ocrx_word' id='word_1_804' title='bbox 2299 4806 2481 4861; x_wconf 88' lang='lat' dir='ltr'><strong>minor</strong></span> <span class='ocrx_word' id='word_1_805' title='bbox 2518 4807 2893 4863; x_wconf 90' lang='lat' dir='ltr'><strong>tantummodo</strong></span> <span class='ocrx_word' id='word_1_806' title='bbox 2941 4808 3183 4877; x_wconf 88' lang='lat' dir='ltr'><strong>majoris,</strong></span> <span class='ocrx_word' id='word_1_807' title='bbox 3230 4798 3325 4865; x_wconf 84' lang='lat' dir='ltr'><strong>sed</strong></span> <span class='ocrx_word' id='word_1_808' title='bbox 3393 4808 3563 4878; x_wconf 82' lang='lat' dir='ltr'><strong>major</strong></span> 
     </span>
    </p>
   </div>
   <div class='ocr_carea' id='block_1_101' title="bbox 1982 4897 3561 4968">
    <p class='ocr_par' dir='ltr' id='par_1_101' title="bbox 1982 4897 3561 4968">
     <span class='ocr_line' id='line_1_101' title="bbox 1982 4897 3561 4968; baseline 0 -14"><span class='ocrx_word' id='word_1_809' title='bbox 1982 4899 2145 4954; x_wconf 86' lang='lat' dir='ltr'><strong>etiam</strong></span> <span class='ocrx_word' id='word_1_810' title='bbox 2200 4898 2446 4953; x_wconf 88' lang='lat' dir='ltr'><strong>minoris.</strong></span> <span class='ocrx_word' id='word_1_811' title='bbox 2495 4897 2579 4953; x_wconf 82' lang='lat' dir='ltr'><strong>Ne</strong></span> <span class='ocrx_word' id='word_1_812' title='bbox 2624 4897 2786 4968; x_wconf 83' lang='lat' dir='ltr'><strong>igitur</strong></span> <span class='ocrx_word' id='word_1_813' title='bbox 2812 4898 2953 4954; x_wconf 89' lang='lat' dir='ltr'><strong>inter</strong></span> <span class='ocrx_word' id='word_1_814' title='bbox 3002 4914 3096 4957; x_wconf 80' lang='lat' dir='ltr'><strong>ros</strong></span> <span class='ocrx_word' id='word_1_815' title='bbox 3134 4900 3273 4954; x_wconf 91' lang='lat' dir='ltr'><strong>alter</strong></span> <span class='ocrx_word' id='word_1_816' title='bbox 3299 4899 3561 4963; x_wconf 65' lang='lat' dir='ltr'><strong>adversus</strong></span> 
     </span>
    </p>
   </div>
   <div class='ocr_carea' id='block_1_102' title="bbox 1984 4990 3560 5059">
    <p class='ocr_par' dir='ltr' id='par_1_102' title="bbox 1984 4990 3560 5059">
     <span class='ocr_line' id='line_1_102' title="bbox 1984 4990 3560 5059; baseline 0 -12"><span class='ocrx_word' id='word_1_817' title='bbox 1984 4993 2216 5049; x_wconf 87' lang='lat' dir='ltr'><strong>alterum</strong></span> <span class='ocrx_word' id='word_1_818' title='bbox 2264 4990 2607 5047; x_wconf 79' lang='lat' dir='ltr'><strong>etferamini:</strong></span> <span class='ocrx_word' id='word_1_819' title='bbox 2643 4993 2813 5059; x_wconf 83' lang='lat' dir='ltr'><strong>egetis</strong></span> <span class='ocrx_word' id='word_1_820' title='bbox 2854 4992 3021 5059; x_wconf 90' lang='lat' dir='ltr'><strong>enim,</strong></span> <span class='ocrx_word' id='word_1_821' title='bbox 3075 4993 3438 5050; x_wconf 89' lang='lat' dir='ltr'><strong>membrorum</strong></span> <span class='ocrx_word' id='word_1_822' title='bbox 3474 4993 3560 5048; x_wconf 89' lang='lat' dir='ltr'><strong>in-</strong></span> 
     </span>
    </p>
   </div>
   <div class='ocr_carea' id='block_1_103' title="bbox 1981 5092 2772 5155">
    <p class='ocr_par' dir='ltr' id='par_1_103' title="bbox 1981 5092 2772 5155">
     <span class='ocr_line' id='line_1_103' title="bbox 1981 5092 2772 5155; baseline -0.004 -13"><span class='ocrx_word' id='word_1_823' title='bbox 1981 5092 2118 5150; x_wconf 69' lang='grc' dir='ltr'><strong>ειτιιν,</strong></span> <span class='ocrx_word' id='word_1_824' title='bbox 2151 5093 2337 5140; x_wconf 89' lang='lat' dir='ltr'><strong>mutua</strong></span> <span class='ocrx_word' id='word_1_825' title='bbox 2370 5096 2552 5141; x_wconf 87' lang='lat' dir='ltr'><strong>vestra</strong></span> <span class='ocrx_word' id='word_1_826' title='bbox 2579 5100 2772 5155; x_wconf 89' lang='lat' dir='ltr'><strong>opera.</strong></span> 
     </span>
    </p>
   </div>
   <div class='ocr_carea' id='block_1_104' title="bbox 2051 5176 3562 5249">
    <p class='ocr_par' dir='ltr' id='par_1_104' title="bbox 2051 5176 3562 5249">
     <span class='ocr_line' id='line_1_104' title="bbox 2051 5176 3562 5249; baseline -0.005 -14"><span class='ocrx_word' id='word_1_827' title='bbox 2051 5178 2215 5235; x_wconf 77' lang='lat' dir='ltr'><strong>Vsus.</strong></span> <span class='ocrx_word' id='word_1_828' title='bbox 2246 5177 2301 5235; x_wconf 83' lang='lat'><strong>6..</strong></span> <span class='ocrx_word' id='word_1_829' title='bbox 2340 5195 2358 5232; x_wconf 86' lang='grc' dir='ltr'><strong>ι</strong></span> <span class='ocrx_word' id='word_1_830' title='bbox 2395 5176 2666 5235; x_wconf 85' lang='lat' dir='ltr'><strong>Habentes</strong></span> <span class='ocrx_word' id='word_1_831' title='bbox 2695 5186 2876 5233; x_wconf 89' lang='lat' dir='ltr'><strong>autem</strong></span> <span class='ocrx_word' id='word_1_832' title='bbox 2916 5177 3079 5244; x_wconf 80' lang='lat' dir='ltr'><strong>dona,</strong></span> <span class='ocrx_word' id='word_1_833' title='bbox 3109 5178 3404 5235; x_wconf 85' lang='lat' dir='ltr'><strong>secundum</strong></span> <span class='ocrx_word' id='word_1_834' title='bbox 3434 5191 3562 5249; x_wconf 55' lang='lat' dir='ltr'><strong>ara-</strong></span> 
     </span>
    </p>
   </div>
   <div class='ocr_carea' id='block_1_105' title="bbox 1983 5267 3561 5339">
    <p class='ocr_par' dir='ltr' id='par_1_105' title="bbox 1983 5267 3561 5339">
     <span class='ocr_line' id='line_1_105' title="bbox 1983 5267 3561 5339; baseline -0.003 -14"><span class='ocrx_word' id='word_1_835' title='bbox 1983 5269 2111 5327; x_wconf 91' lang='lat' dir='ltr'><strong>tiam</strong></span> <span class='ocrx_word' id='word_1_836' title='bbox 2170 5284 2290 5339; x_wconf 68' lang='lat' dir='ltr'><strong>quae</strong></span> <span class='ocrx_word' id='word_1_837' title='bbox 2323 5268 2448 5324; x_wconf 89' lang='lat' dir='ltr'><strong>data</strong></span> <span class='ocrx_word' id='word_1_838' title='bbox 2486 5276 2569 5324; x_wconf 89' lang='lat' dir='ltr'><strong>est</strong></span> <span class='ocrx_word' id='word_1_839' title='bbox 2596 5268 2774 5339; x_wconf 85' lang='lat' dir='ltr'><strong>nobis,</strong></span> <span class='ocrx_word' id='word_1_840' title='bbox 2823 5268 2993 5334; x_wconf 86' lang='lat' dir='ltr'><strong>varia,</strong></span> <span class='ocrx_word' id='word_1_841' title='bbox 3051 5268 3168 5325; x_wconf 84' lang='lat' dir='ltr'><strong>sive</strong></span> <span class='ocrx_word' id='word_1_842' title='bbox 3223 5267 3561 5338; x_wconf 87' lang='lat' dir='ltr'><strong>prophetiam</strong></span> 
     </span>
    </p>
   </div>
   <div class='ocr_carea' id='block_1_106' title="bbox 1980 5356 3567 5433">
    <p class='ocr_par' dir='ltr' id='par_1_106' title="bbox 1980 5356 3567 5433">
     <span class='ocr_line' id='line_1_106' title="bbox 1980 5356 3567 5433; baseline -0.001 -16"><span class='ocrx_word' id='word_1_843' title='bbox 1980 5359 2277 5417; x_wconf 87' lang='lat' dir='ltr'><strong>secundum</strong></span> <span class='ocrx_word' id='word_1_844' title='bbox 2303 5359 2566 5417; x_wconf 80' lang='lat' dir='ltr'><strong>rationem</strong></span> <span class='ocrx_word' id='word_1_845' title='bbox 2594 5358 2737 5416; x_wconf 85' lang='lat' dir='ltr'><strong>fidei.</strong></span> <span class='ocrx_word' id='word_1_846' title='bbox 2763 5378 2782 5413; x_wconf 76' lang='grc' dir='ltr'><strong>ι</strong></span> <span class='ocrx_word' id='word_1_847' title='bbox 2818 5358 2933 5415; x_wconf 90' lang='lat' dir='ltr'><strong>Non</strong></span> <span class='ocrx_word' id='word_1_848' title='bbox 2956 5356 3068 5433; x_wconf 67' lang='lat'><strong>89</strong></span> <span class='ocrx_word' id='word_1_849' title='bbox 3104 5357 3415 5425; x_wconf 79' lang='lat' dir='ltr'><strong>dixit,dona</strong></span> <span class='ocrx_word' id='word_1_850' title='bbox 3449 5372 3567 5415; x_wconf 81' lang='lat' dir='ltr'><strong>tua-</strong></span> 
     </span>
    </p>
   </div>
   <div class='ocr_carea' id='block_1_107' title="bbox 1977 5450 3566 5526">
    <p class='ocr_par' dir='ltr' id='par_1_107' title="bbox 1977 5450 3566 5526">
     <span class='ocr_line' id='line_1_107' title="bbox 1977 5450 3566 5526; baseline -0.006 -13"><span class='ocrx_word' id='word_1_851' title='bbox 1977 5454 2098 5526; x_wconf 85' lang='lat' dir='ltr'><strong>jora</strong></span> <span class='ocrx_word' id='word_1_852' title='bbox 2137 5466 2230 5514; x_wconf 92' lang='lat' dir='ltr'><strong>aut</strong></span> <span class='ocrx_word' id='word_1_853' title='bbox 2256 5457 2463 5514; x_wconf 89' lang='lat' dir='ltr'><strong>minora</strong></span> <span class='ocrx_word' id='word_1_854' title='bbox 2497 5455 2777 5519; x_wconf 85' lang='lat' dir='ltr'><strong>habentes,</strong></span> <span class='ocrx_word' id='word_1_855' title='bbox 2820 5452 2934 5519; x_wconf 86' lang='lat' dir='ltr'><strong>sed,</strong></span> <span class='ocrx_word' id='word_1_856' title='bbox 2971 5470 2989 5505; x_wconf 78' lang='grc' dir='ltr'><strong>ι</strong></span> <span class='ocrx_word' id='word_1_857' title='bbox 3037 5450 3259 5509; x_wconf 86' lang='lat' dir='ltr'><strong>Diversa</strong></span> <span class='ocrx_word' id='word_1_858' title='bbox 3291 5468 3305 5505; x_wconf 90' lang='lat'><strong>:</strong></span> <span class='ocrx_word' id='word_1_859' title='bbox 3371 5457 3429 5504; x_wconf 91' lang='lat' dir='ltr'><strong>ut</strong></span> <span class='ocrx_word' id='word_1_860' title='bbox 3474 5463 3566 5504; x_wconf 86' lang='lat' dir='ltr'><strong>su-</strong></span> 
     </span>
    </p>
   </div>
   <div class='ocr_carea' id='block_1_108' title="bbox 390 5591 2025 5667">
    <p class='ocr_par' dir='ltr' id='par_1_108' title="bbox 390 5591 2025 5667">
     <span class='ocr_line' id='line_1_108' title="bbox 390 5591 2025 5667; baseline 0.007 -21"><span class='ocrx_word' id='word_1_861' title='bbox 390 5602 423 5646; x_wconf 69' lang='lat' dir='ltr'><strong>r</strong></span> <span class='ocrx_word' id='word_1_862' title='bbox 457 5591 649 5650; x_wconf 72' lang='lat' dir='ltr'><strong>Matth.</strong></span> <span class='ocrx_word' id='word_1_863' title='bbox 680 5610 734 5665; x_wconf 77' lang='grc' dir='ltr'>ν,</span> <span class='ocrx_word' id='word_1_864' title='bbox 770 5596 823 5651; x_wconf 77' lang='lat'><strong>3.</strong></span> <span class='ocrx_word' id='word_1_865' title='bbox 899 5608 929 5651; x_wconf 71' lang='grc' dir='ltr'><strong>ιι</strong></span> <span class='ocrx_word' id='word_1_866' title='bbox 961 5595 1152 5655; x_wconf 74' lang='lat' dir='ltr'><strong>Matth.</strong></span> <span class='ocrx_word' id='word_1_867' title='bbox 1177 5613 1254 5662; x_wconf 71' lang='lat' dir='ltr'><strong>ts,</strong></span> <span class='ocrx_word' id='word_1_868' title='bbox 1288 5597 1381 5655; x_wconf 68' lang='lat'><strong>22.</strong></span> <span class='ocrx_word' id='word_1_869' title='bbox 1459 5601 1492 5663; x_wconf 72' lang='grc'><strong>³,</strong></span> <span class='ocrx_word' id='word_1_870' title='bbox 1535 5597 1725 5657; x_wconf 72' lang='lat' dir='ltr'><strong>llatth.</strong></span> <span class='ocrx_word' id='word_1_871' title='bbox 1772 5615 1907 5667; x_wconf 76' lang='lat' dir='ltr'><strong>xm,</strong></span> <span class='ocrx_word' id='word_1_872' title='bbox 1958 5601 2025 5658; x_wconf 70' lang='lat' dir='ltr'><strong>i9</strong></span> 
     </span>
    </p>
   </div>
   <div class='ocr_carea' id='block_1_109' title="bbox 1660 5717 2217 5785">
    <p class='ocr_par' dir='ltr' id='par_1_109' title="bbox 1660 5717 2217 5785">
     <span class='ocr_line' id='line_1_109' title="bbox 1660 5717 2217 5785; baseline 0 -6"><span class='ocrx_word' id='word_1_873' title='bbox 1660 5717 1861 5780; x_wconf 80' lang='lat' dir='ltr'><strong>Variae</strong></span> <span class='ocrx_word' id='word_1_874' title='bbox 1892 5718 2217 5785; x_wconf 85' lang='lat' dir='ltr'><strong>lectiones.</strong></span> 
     </span>
    </p>
   </div>
   <div class='ocr_carea' id='block_1_110' title="bbox 388 5810 676 5884">
    <p class='ocr_par' dir='ltr' id='par_1_110' title="bbox 388 5810 676 5884">
     <span class='ocr_line' id='line_1_110' title="bbox 388 5810 676 5884; baseline 0.021 -18"><span class='ocrx_word' id='word_1_875' title='bbox 388 5810 408 5848; x_wconf 80' lang='grc'><strong>⁸</strong></span> <span class='ocrx_word' id='word_1_876' title='bbox 438 5810 583 5884; x_wconf 77' lang='grc' dir='ltr'><strong>λόγῳ</strong></span> <span class='ocrx_word' id='word_1_877' title='bbox 622 5832 676 5872; x_wconf 87' lang='lat' dir='ltr'><strong>o.</strong></span> 
     </span>
    </p>
   </div>
  </div>
