4038 6566
395 346 497 411 505

1238 349 1642 410 EXPOSITIO
1683 351 1758 410 [Ν
1800 351 2040 413 EPIST.
2081 353 2179 412 AD
2223 352 2402 412 ROM.
2438 375 2507 387 -
2538 353 2695 414 CAP.
2737 353 2877 414 ΧΠ.

3541 353 3644 415 506

391 465 530 520 θένοι
560 466 671 535 γὰρ
704 464 878 518 ἔλαιον
913 461 1078 536 εἶχον,
1113 468 1230 522 ἀλλ’
1281 470 1400 521 ἐπεὶ
1429 468 1487 522 τὸ
1521 465 1723 536 ἀρκοῦν
1764 465 1864 519 οὐκ
1891 460 1968 517 εἷ-

2072 465 2279 520 ratione
2325 480 2429 519 non
2468 465 2578 521 flat.
2613 465 2740 517 Nam
2779 475 2832 518 et
2866 461 3103 532 virgines
3134 463 3309 520 olemu
3350 463 3642 529 habt-haut,

393 574 509 627 χον,
551 556 832 623 ἐξέπεσον·
864 557 1053 629 ὥσπερ
1082 553 1174 615 οῦν
1202 561 1296 615 καὶ
1319 563 1347 614 δ
1386 559 1784 631 προϊστάμενος
1812 556 1964 626 ὀφεί-

392 646 471 699 λει
503 648 830 712 σπουδαίως,
861 651 955 703 καὶ
982 651 1084 704 ούκ
1135 652 1626 724 ἐρῤᾳθυμημένως,
1651 648 1810 703 τοῦτο
1841 667 1969 719 μετ·

389 741 925 811 ιέναι.Προῖστασθαι
946 743 1002 797 δέ
1025 744 1140 799 ἐστι
1159 745 1219 797 τὸ
1238 743 1452 814 βοηθεῖν
1464 743 1556 796 καὶ
1577 743 1665 795 διὰ
1683 741 1964 812 ῥημάτων,

389 831 478 885 καὶ
506 833 598 886 διὰ
631 833 722 887 τοῦ
755 834 1010 901 σώματος
1059 837 1249 900 αὐτοῦ,
1299 836 1378 904 τῷ
1419 835 1668 905 βοηθείας
1705 832 1961 902 δεομένῳ.

399 923 623 990 Ἐπειδὴ
659 924 767 996 γὰρ
815 921 936 977 εἷπε
973 925 1101 995 περὶ
1155 925 1497 996 μεταδόσεως
1525 925 1847 994 χρημάτων,
1905 922 1964 974 οῦ

386 1013 591 1074 πάντες
619 1016 674 1068 δὲ
695 1018 994 1086 χρημάτων
1026 1017 1343 1088 εὐποροῦσι,
1364 1017 1528 1088 φησὶν
1547 1017 1629 1069 ὅτι
1661 1017 1967 1085 Προῖστασο

384 1105 584 1170 ἄλλως,
615 1106 690 1169 ὡς
716 1107 965 1173 δύνασαι,
1001 1109 1094 1161 καὶ
1125 1109 1310 1180 βοήθει
1365 1113 1477 1172 τοῖς
1505 1109 1819 1181 χρῄζουσιν,
1850 1107 1967 1161 ἀλλ’

384 1199 440 1248 ἐν
465 1200 698 1269 σπουδῇ.

463 1306 484 1339 σ
505 1288 567 1341 Ὀ
600 1289 788 1356 ἐλεῶν,
818 1291 876 1343 ἐν
909 1291 1238 1362 ἱλαρότητι.)
1283 1290 1447 1345 Εἶπεν
1478 1293 1754 1364 ἀνωτέρω,
1789 1292 1970 1345 ὃτιδεῖ

389 1377 528 1448 μετὰ
558 1379 885 1450 ἁπλότητος,
937 1382 1054 1452 ἦτοι
1088 1382 1369 1450 δαψιλείας
1417 1383 1776 1453 μεταδιδόναι.
1813 1378 1964 1448 Εἶτα,

392 1471 584 1542 ἐπειδὴ
633 1472 821 1526 πολλοὶ
853 1474 953 1542 μὲν
989 1473 1158 1526 πολλὰ
1208 1475 1449 1540 διδόασι,
1492 1475 1860 1546 βεϐιασμένως
1911 1475 1968 1528 δὲ

384 1563 478 1615 καὶ
509 1564 653 1633 μετὰ
683 1565 878 1634 λύπης,
911 1567 1073 1638 φησὶν
1109 1567 1189 1620 ὃτι
1224 1570 1289 1638 τῇ
1318 1567 1568 1639 δαψιλείᾳ
1596 1569 1692 1621 καὶ
1713 1568 1812 1638 τὴν
1837 1567 1987 1627 ἁλυο,

385 1654 515 1706 πίαν
548 1655 570 1686 ⁸
601 1656 687 1709 δεῖ
701 1659 1003 1726 προσεῖναι,
1029 1657 1230 1720 μᾶλλον
1256 1657 1313 1709 δὲ
1341 1657 1436 1727 τὴν
1461 1657 1772 1727 ἱλαρότητα,
1798 1658 1966 1727 ἤγουν

383 1747 743 1817 φαιδρότητα.
779 1748 1006 1816 Χαίρειν
1053 1749 1160 1818 γὰρ
1190 1747 1288 1813 δεῖ,
1323 1749 1404 1801 ὅτι
1447 1748 1744 1818 λαμϐάνεις
1787 1749 1966 1816 ὀλίγου

383 1837 697 1905 τιμήματος
724 1837 813 1891 τὸν
844 1838 1092 1906 οὐρανόν.
1151 1839 1279 1890 Νόει
1329 1839 1382 1892 δέ
1418 1856 1508 1908 μοι
1531 1840 1551 1870 ⁷
1581 1839 1842 1908 διαφορὰν
1871 1837 1964 1890 τοῦ

384 1927 763 1996 μεταδιδόντος
814 1931 906 1984 καὶ
955 1930 1263 1993 ἐλεοῦντος⁶
1318 1931 1400 1984 ὅτι
1443 1933 1470 1985 ὁ
1502 1930 1599 2000 μὲν
1629 1929 1963 2000 μεταδιδοὺς,

381 2019 514 2090 παρ’
548 2019 707 2073 ἄλλου
734 2019 1048 2090 λαμϐάνων,
1109 2021 1458 2091 μετοχετεύει
1501 2020 1597 2091 τὴν
1627 2021 1772 2074 δόσιν
1792 2035 1806 2051 ο
1853 2021 1882 2073 δ
1910 2018 1967 2072 δὲ

381 2113 575 2178 ἐλεῶν,
614 2114 745 2184 παρ’
776 2113 970 2168 ἑαυτοῦ
1001 2112 1303 2168 ἀναλίσκει.

457 2312 477 2344 ι
541 2292 606 2346 Ἦ
641 2292 829 2363 ἀγάπη
889 2292 1274 2364 ἀνυπόκριτος.
1313 2311 1331 2344 ι
1389 2292 1636 2346 Δείκνυσι
1672 2292 1786 2355 πῶς
1811 2292 1877 2347 ἃ]
1900 2294 1969 2347 τὰ

381 2386 765 2456 προειρημένα
794 2386 970 2440 πάντα
1013 2386 1034 2418 ⁸
1083 2384 1478 2454 κατορθωθείη,
1515 2385 1607 2438 καί
1650 2402 1853 2454 φησιν,
1885 2387 1968 2439 ὅτι

392 2478 458 2530 'll
485 2478 678 2549 ἀγάπη
729 2477 868 2530 ἔστω
903 2476 1282 2546 ἀνυπόκριτος.
1313 2477 1447 2530 Τότε
1477 2478 1584 2548 γάρ
1610 2479 1758 2530 ἐστιν
1778 2478 1810 2548 ἡ
1834 2479 1966 2545 ἁγάο

383 2586 484 2637 πη,
521 2570 616 2622 καὶ
649 2570 824 2623 πάντα
854 2567 1334 2640 κατορθωθήσεται
1369 2568 1586 2638 ῥᾳδίως.
1617 2570 1725 2622 Καὶ
1751 2572 1778 2623 ό
1800 2569 1966 2622 ἐλεῶν

383 2659 496 2730 γὰρ
519 2659 720 2730 ίλαρῶς
753 2659 986 2730 ἐλεήσει,
1028 2658 1204 2722 διδοὺς
1250 2658 1327 2728 τῷ
1355 2659 1580 2728 πλησίον
1603 2662 1623 2692 ⁹
1649 2659 1723 2722 ὼς
1753 2660 1930 2731 ἐαυτῷ
1949 2674 1964 2690 ⁸

383 2751 481 2802 καὶ
535 2752 564 2803 ὁ
605 2750 1023 2821 προϊστάμενος,
1073 2751 1377 2815 σπουδαίως
1442 2753 1834 2822 προστήσεται,
1892 2752 1969 2816 ὼς

385 2837 531 2907 ὑπὲρ
557 2837 750 2892 ἑαυτοῦ
779 2839 1180 2910 ἀγωνιζόμενος
1209 2839 1300 2894 τοῦ
1329 2840 1574 2911 πλησίον,
1601 2845 1696 2896 καὶ
1729 2844 1906 2898 πάντα
1925 2844 1966 2874 ¹⁰

389 2928 617 2997 ὁμοίως.

468 3129 488 3162 ι
532 3111 998 3180 Ἀποστυγοῦντες
1027 3113 1088 3167 τὸ
1144 3113 1407 3184 πονηρόν.
1443 3133 1462 3167 ο
1514 3109 1648 3168 Είπε
1678 3115 1805 3185 περὶ
1825 3117 1968 3184 ἁγά-

386 3217 521 3271 πης.
552 3201 707 3254 Ἐπεὶ
727 3201 783 3256 δὲ
823 3202 970 3256 ἐστιν
997 3205 1186 3274 ἀγάπη
1218 3205 1536 3276 ἐπιϐλαὸης,
1568 3206 1644 3270 ὡς
1673 3209 1706 3278 ή
1732 3207 1838 3261 τῶν
1868 3210 1963 3264 ἐπὶ

385 3292 668 3364 λῃστείαις
695 3295 1085 3364 ὁμονοούντων,
1111 3300 1202 3351 καὶ
1231 3301 1338 3352 τῶν
1361 3301 1616 3354 τοιούτων
1640 3319 1654 3333 ·
1699 3301 1788 3356 διὰ
1811 3302 1967 3356 τοῦτό

388 3400 559 3455 φησιν
583 3401 598 3414 ·
644 3405 662 3438 ι
704 3388 1162 3458 Ἀποστυγοῦντες
1203 3393 1263 3444 τὸ
1305 3395 1574 3464 πονηρόνο
1615 3413 1632 3445 ο
1667 3395 1966 3460 τουτέστιν,

406 3477 488 3530 Εκ
517 3477 694 3549 ψυχῆς
723 3479 1020 3550 μισοῦντες.
1057 3485 1122 3536 Ἠ
1149 3484 1278 3554 γὰρ,
1315 3501 1334 3536 t
1377 3486 1527 3548 Ἀπὸ,
1565 3505 1582 3538 ι
1613 3487 1885 3558 πρόθεσις,
1909 3488 1970 3542 τδ

389 3568 786 3638 ἐπιτεταμένον
823 3574 1000 3640 μῖσος,
1052 3573 1147 3627 καὶ
1177 3574 1238 3626 τὸ
1270 3573 1379 3626 ἀπὸ
1431 3574 1655 3646 καρδίας
1686 3577 1966 3646 ἐμφαίνει.

403 3657 624 3730 Ἐπειδὴ
649 3661 756 3730 γὰρ
774 3661 958 3716 πολλοί
985 3663 1090 3717 εἱσι
1118 3663 1193 3735 μὴ
1223 3667 1553 3734 πράττοντες
1577 3667 1676 3736 μὲν
1700 3666 1766 3720 τὰ
1798 3666 1966 3732 κακὰ,

396 3753 543 3821 ὅμως
575 3753 759 3822 μέντοι
796 3753 894 3823 τὴν
924 3754 1219 3826 ἐπιθυμίαν
1251 3756 1432 3810 αὐτῶν
1483 3757 1730 3827 ἔχοντεςο
1781 3759 1969 3828 φησὶν,

397 3843 478 3894 ὅτι
508 3841 582 3894 Τὸ
623 3843 729 3895 ἀπὸ
753 3842 978 3912 καρδίας
1017 3847 1172 3914 μῖσος
1202 3846 1342 3916 πρὸς
1371 3845 1467 3916 τὴν
1499 3846 1696 3899 κακίαν
1727 3847 1968 3914 ἀπαιτῶ,

401 3932 486 3986 ἵνα
510 3935 666 4004 καὶὴ
716 3934 861 4005 ψυχὴ
910 3935 1229 4007 καθαρεύοι.
1288 3939 1380 4007 Μὴ
1419 3933 1512 3992 οὖν
1563 3938 1751 4008 ἐπειδὴ
1793 3935 1968 4002 εἷπον,

405 4043 422 4077 ι
447 4027 722 4094 Ἀγαπᾶτε
745 4026 1062 4096 ἁλλήλους,›
1093 4029 1351 4098 νομίσητέ
1381 4047 1448 4093 με
1477 4031 1764 4100 διεγείρειν
1805 4033 1967 4101 ὑμᾶς,

402 4118 488 4172 τνα
517 4118 612 4172 καὶ
641 4121 720 4183 είς
744 4119 806 4172 τὸ
837 4119 1069 4189 πονηρὸν
1104 4121 1492 4192 συμπράττητε
1514 4121 1764 4192 ἀλλήλοις
1785 4137 1799 4153 ⁸
1835 4122 1972 4177 ἀλλὰ

399 4208 708 4262 τούναντίον
735 4209 952 4279 μᾶλλον,
986 4209 1395 4282 ἀλλοτριοῦσθαι
1424 4211 1681 4281 βούλομαι
1710 4212 1874 4281 ύμᾶς,
1909 4213 1971 4266 οὐ

404 4301 562 4370 μόνον
583 4303 679 4372 τῆς
715 4303 965 4373 πράξεως
992 4302 1091 4372 τῆς
1125 4305 1388 4375 πονηρᾶς,
1417 4303 1554 4358 ἀλλὰ
1583 4309 1677 4358 καὶ
1701 4304 1801 4374 τῆς
1832 4305 1976 4360 κατὰ

400 4393 575 4466 ψυχὴν
601 4395 739 4467 πρὸς
777 4395 946 4466 αὐτὴν
967 4395 1278 4460 διαθέσεως.

479 4687 498 4721 ι
528 4669 874 4740 Κολλώμενοι
905 4671 985 4743 τῷ
1014 4671 1224 4744 ἀγαθῷ.
1268 4691 1287 4726 ι
1322 4675 1437 4728 Ούκ
1483 4674 1644 4746 ἀρκεῖ
1689 4677 1722 4747 ἡ
1752 4677 1844 4730 τοῦ
1879 4694 1975 4731 κα-

403 4760 500 4813 κοῦ
544 4763 822 4835 ἀποφυγὴ,
865 4763 1002 4816 ἀλλὰ
1029 4763 1111 4817 δεῖ
1153 4766 1435 4836 προσεῖναι
1459 4767 1556 4819 καὶ
1578 4765 1676 4836 τὴν
1715 4766 1815 4836 τῆς
1845 4769 1976 4838 ἁρε-

404 4853 502 4923 τῆς
531 4855 824 4924 ἐργασίαν·
851 4855 931 4908 διὸ
964 4851 1085 4908 εἷπε
1107 4871 1120 4886 °
1155 4873 1174 4908 ι
1213 4855 1557 4926 Κολλώμενοι
1591 4855 1668 4926 τῷ
1697 4857 1887 4928 ἀγαθῷ
1907 4873 1920 4886 ·
1951 4875 1971 4909 ι

405 4941 670 5009 τουτέστι,
711 4943 951 4998 διάθεσιν
987 4946 1122 5016 πρὸς
1171 4947 1302 4999 αὐτὸ
1343 4947 1693 5016 ἀγαπητικὴν
1737 4945 1974 5016 ἔχοντες.

406 5033 562 5088 Οῦτω
592 5037 686 5089 καὶ
715 5036 742 5088 ὁ
767 5036 898 5102 Θεὸς
921 5037 1208 5096 συνάπτων
1231 5039 1561 5108 οἰκειότερον
1599 5039 1688 5093 τὸν
1715 5040 1884 5108 ἄνδρα
1911 5043 1978 5112 τῇ

407 5128 660 5193 γυναικὶ,
728 5129 922 5198 ἔλεγε·
987 5149 1006 5183 t
1051 5130 1598 5203 Προσκολληθησεται
1680 5131 1815 5204 πρὸς
1881 5134 1980 5204 τὴν

409 5219 660 5284 γυναῖκα.
685 5236 702 5271 ι

481 5327 498 5358 ι
544 5307 622 5379 Τῇ
699 5309 1017 5382 φιλαδελφίᾳ
1079 5313 1158 5376 είς
1215 5313 1481 5384 ἀλλήλους
1553 5311 1918 5386 φιλόστοργοι.
1961 5334 1980 5367 ι

413 5399 698 5470 ητρῄνετα
735 5403 885 5472 ὑμῖν,
920 5402 1108 5474 φησὶν,
1141 5404 1385 5474 ἀγαπᾷν,
1441 5402 1535 5458 καὶ
1583 5401 1809 5468 εἰκότως
1836 5402 1986 5473 ὀφεί-

485 5554 508 5585 ⁸
534 5546 550 5602 1
576 5545 718 5602 Pctr.
755 5563 790 5610 t,
824 5549 905 5605 12.

1937 1807 2041 1860 :B

2069 556 2161 610 sed
2207 556 2332 625 quia
2363 555 2538 610 olequ
2581 556 2724 610 istud
2767 572 2868 610 non
2916 556 3232 620 sufﬁciebat,
3290 557 3630 612 t'thitJertlul.

2069 643 2169 710 Qui
2196 645 2442 714 praesidet.
2465 645 2646 714 igitur,
2667 643 2856 698 scdulo
2878 644 3036 698 debet
3069 645 3151 698 hic
3167 658 3380 713 quoque
3395 654 3450 699 et
3481 644 3644 699 haud-

2070 751 2344 804 quaquam
2397 736 2636 805 segniter
2674 736 2774 789 hoc
2814 736 3134 806 transigere.
3181 737 3420 792 Prmesse
3460 747 3644 792 autem

2068 833 2172 889 est,
2201 825 2379 880 verbis
2422 835 2474 879 et
2505 840 2729 894 corpore
2758 827 3002 879 auxiliari
3036 828 3084 880 ei
3130 829 3220 896 qui
3251 829 3450 884 auxilio
3503 839 3642 898 eget.

2069 919 2204 985 Quia
2244 930 2418 972 autem
2445 919 2510 972 de
2548 919 2834 987 largitione
2873 920 3222 989 pecuniarum
3258 922 3469 977 locutus
3504 933 3642 983 erat,

2071 1027 2171 1066 nec
2228 1027 2418 1068 omnes
2467 1011 2743 1066 abundant
2792 1011 3158 1076 facultatibus,
3219 1014 3342 1067 ait:
3402 1013 3640 1068 Przeesto

2071 1103 2246 1166 aliter,
2273 1113 2334 1158 ut
2367 1112 2539 1174 potes,
2569 1119 2632 1160 ac
2662 1104 2854 1174 adjuva
2882 1113 3123 1174 egentes,
3161 1121 3343 1160 verum
3378 1105 3564 1160 sedulo
3587 1115 3641 1159 et

2073 1196 2331 1251 studiose.

2149 1307 2167 1338 ‹
2197 1288 2296 1352 Qui
2331 1287 2652 1353 miseretur,
2706 1289 2757 1342 in
2811 1288 3105 1345 hilaritate.
3144 1308 3162 1340 ι
3197 1288 3371 1360 Supra
3420 1292 3644 1353 monuit,

2077 1379 2220 1445 ςυπά
2249 1394 2371 1433 cum
2396 1379 2771 1449 simplicitate,
2803 1381 2918 1435 site
2951 1379 3297 1445 liberalitate,
3333 1381 3404 1434 sit
3453 1381 3650 1450 imper-

2073 1471 2316 1524 tiendum
2349 1488 2363 1525 :
2394 1470 2608 1536 deinde,
2646 1471 2768 1539 quia
2798 1471 2946 1525 multi
2983 1470 3169 1535 multa,
3200 1471 3350 1525 inviti
3385 1479 3561 1526 tamen
3593 1482 3650 1523 et

2069 1559 2242 1612 c0acti
2286 1574 2406 1612 cum
2453 1572 2690 1614 maerore
2738 1559 2986 1628 quopiam
3038 1559 3363 1629 largiuntur,
3418 1560 3644 1614 subdit:

2068 1646 2292 1715 Oportet
2341 1658 2393 1703 ut
2429 1648 2725 1704 liberalitas
2764 1649 2856 1703 fiat
2906 1654 3023 1704 sine
3057 1651 3297 1714 tristitia,
3350 1651 3431 1705 vel
3468 1649 3650 1720 potius

2070 1750 2127 1794 ut
2159 1740 2208 1794 ei
2257 1740 2398 1794 adsit
2440 1740 2712 1804 hilaritas,
2755 1739 2869 1795 sive
2903 1741 3174 1796 alacritas.
3229 1740 3477 1796 Gaudere
3503 1742 3647 1795 enim

2070 1839 2122 1884 te
2147 1831 2417 1896 convenit,
2441 1833 2584 1902 quod
2619 1849 2714 1903 pro
2745 1834 2938 1904 exiguo
2967 1835 3139 1904 pretio
3162 1834 3358 1888 coelum
3387 1834 3643 1901 accipias.

2070 1923 2342 1990 Intelliges
2377 1935 2558 1979 autem
2626 1926 2915 1980 discrimen
2997 1926 3352 1994 impertientis
3381 1935 3435 1980 et
3491 1926 3652 1980 mise-

2069 2016 2257 2070 teutis.
2308 2013 2441 2070 Nam
2493 2016 2832 2085 impertiens,
2865 2017 2932 2070 ab
2965 2016 3068 2070 alio
3123 2017 3413 2086 accipiens,
3449 2016 3647 2070 donum

2070 2109 2368 2163 transfert:
2418 2109 2507 2179 qui
2551 2123 2678 2163 vero
2731 2109 3041 2171 miseretur,
3083 2125 3112 2162 a
3172 2111 3354 2180 seipso
3404 2106 3648 2175 insumit,

2068 2204 2182 2257 sive
2207 2202 2271 2256 de
2303 2217 2400 2257 suo
2434 2202 2641 2256 tribuit.

2143 2291 2306 2347 Vens.
2336 2291 2388 2346 9.
2427 2311 2445 2344 ι
2490 2292 2711 2347 Dilectio
2763 2293 2878 2347 sine
2912 2293 3276 2348 simulatione.
3318 2312 3335 2346 ι
3399 2293 3645 2359 Quanam

2070 2386 2282 2440 ratione
2335 2385 2587 2456 ptmdicta
2619 2385 2801 2439 omnia
2843 2385 3214 2454 compleantur
3255 2385 3646 2454 perficiuntur-

2068 2495 2176 2549 que
2217 2489 2501 2544 monstrat,
2530 2478 2784 2548 inquiens
2816 2475 3107 2532 :Charitas
3140 2493 3242 2530 non
3277 2480 3345 2529 sit
3371 2477 3646 2529 simulata.

2070 2573 2205 2627 Tum
2244 2573 2387 2626 enim
2430 2587 2554 2626 vere
2585 2581 2667 2625 est
2707 2570 2966 2634 charitas,
2997 2578 3048 2621 et
3078 2578 3268 2622 cuncta
3302 2567 3458 2622 facile
3481 2568 3648 2635 perfi-

2071 2667 2307 2722 cientur.
2335 2666 2548 2722 Etenim
2567 2667 2657 2736 qui
2684 2665 2990 2726 miseretur,
3011 2661 3256 2714 hilariter
3284 2660 3648 2724 miserebitur,

2069 2759 2388 2826 impertiens
2419 2758 2664 2826 proximo
2704 2769 2802 2811 suo
2852 2761 3108 2822 tanquam
3155 2752 3254 2805 sibi
3289 2752 3413 2820 ipsi.
3441 2750 3646 2804 Deinde

2072 2852 2159 2918 qui
2188 2861 2404 2921 prarest,
2431 2849 2615 2904 scdulo
2641 2847 2877 2916 prmerit,
2904 2861 2998 2915 pro
3027 2844 3273 2914 proximo
3303 2859 3399 2897 suo
3425 2843 3649 2912 perinde

2069 2957 2132 2998 ac
2161 2959 2256 3012 pro
2317 2957 2376 2997 se
2434 2942 2552 3012 ipso
2600 2951 2838 3003 certans,
2887 2946 2938 2992 et
2987 2936 3166 2990 omnia
3207 2936 3321 3005 pari
3374 2934 3652 3004 diligentia

2072 3045 2454 3106 persequetur.

2147 3149 2165 3182 ι
2202 3127 2338 3183 Oilio
2369 3137 2757 3196 prosequentes
2792 3128 2931 3198 quod
2961 3127 3160 3181 malum
3197 3133 3299 3178 est.
3331 3140 3350 3174 ι
3396 3121 3468 3176 De
3503 3120 3637 3173 cha-

2071 3220 2232 3276 ritate
2281 3218 2444 3273 verba
2509 3217 2657 3272 fecit.
2710 3219 2777 3272 At
2831 3218 3084 3286 quoniam
3137 3224 3218 3270 est
3249 3213 3488 3269 charitas
3536 3224 3654 3280 quae

2076 3313 2330 3368 damnum
2366 3309 2580 3376 inferat,
2613 3308 2924 3379 cujusmodi
2957 3318 3039 3362 est
3066 3307 3173 3370 illa,
3206 3320 3324 3376 qme
3360 3319 3482 3360 cum
3520 3317 3657 3370 pra!-

2071 3405 2300 3461 donihus
2326 3403 2393 3458 dc
2425 3402 2723 3458 latrociniis
2755 3398 3200 3454 convenientibus
3243 3393 3554 3454 intercedit,
3595 3405 3651 3446 et

2072 3495 2123 3549 in
2181 3491 2444 3548 similibus
2475 3508 2489 3544 :
2525 3505 2642 3543 eam
2674 3491 2740 3543 ob
2777 3504 2887 3542 rem
2942 3486 3180 3556 subjicit,
3215 3502 3235 3536 ι
3272 3483 3409 3538 Odia
3467 3493 3656 3551 prose-

2070 3593 2295 3655 quentes
2325 3582 2546 3645 malum,
2579 3599 2597 3631 ι
2625 3581 2724 3633 hoc
2754 3587 2877 3635 est:
2914 3579 2984 3632 Ex
3015 3576 3195 3630 animo
3217 3575 3339 3628 odio
3372 3572 3652 3626 habentes.

2071 3675 2392 3744 Prmpositio
2422 3673 2564 3727 enim
2599 3673 2726 3736 ἀπὸ,
2759 3671 3028 3724 iutensum
3054 3677 3104 3722 et
3141 3667 3430 3720 vehemens
3461 3662 3645 3715 odium

2071 3767 2365 3837 significat,
2397 3772 2451 3818 et
2477 3767 2618 3833 quod
2652 3779 2715 3815 ex
2745 3762 2851 3816 imo
2879 3759 3040 3814 corde
3080 3757 3474 3827 proﬁciscatur.
3510 3751 3646 3806 Cum

2071 3860 2346 3914 enimnon
2389 3857 2542 3928 pauci
2577 3856 2681 3909 sint
2720 3855 2894 3908 scelus
2935 3868 3096 3921 opere
3128 3849 3342 3918 quidem
3380 3861 3486 3900 non
3547 3859 3646 3913 pa-

2074 3958 2298 4014 trantes,
2331 3948 2446 4018 ejus
2505 3956 2684 3999 tamen
2736 3942 3025 4013 cupiditate
3069 3941 3376 4009 ﬂagrantes,
3427 3933 3644 3996 Odium,

2075 4042 2270 4111 inquit,
2306 4039 2434 4094 mali
2466 4038 2814 4104 omniumque
2859 4035 3106 4087 vitiorum
3142 4046 3208 4085 ex
3238 4029 3397 4084 corde
3416 4025 3650 4096 postulo,

2075 4141 2133 4188 ut
2159 4132 2246 4202 vel.
2270 4132 2380 4201 ipsa
2417 4130 2594 4182 anima
2625 4129 2696 4182 sit
2729 4141 2884 4197 pura.
2922 4122 3000 4178 Ne
3047 4122 3245 4192 igitur,
3304 4132 3425 4172 cum
3472 4113 3581 4169 dixi
3604 4119 3652 4179 ',

2083 4242 2101 4276 ι
2139 4222 2353 4293 Diligite
2375 4235 2471 4275 vos
2503 4230 2708 4281 mutuo,
2739 4237 2758 4269 ι
2792 4215 3114 4270 existimetis
3143 4211 3385 4266 excitare
3416 4222 3502 4262 me
3533 4222 3652 4269 vos,

2077 4322 2135 4367 ut
2178 4315 2244 4367 ad
2278 4311 2474 4365 malum
2531 4310 2770 4377 adeoque
2813 4305 3012 4374 ﬂagitia
3060 4302 3447 4358 committenda
3510 4296 3651 4348 alter

2081 4398 2624 4466 alterutuadjuvetis;
2657 4401 2748 4451 sed
2794 4395 2961 4448 multo
3007 4392 3177 4462 magis
3224 4408 3253 4444 e
3287 4390 3523 4447 diverso,
3563 4398 3658 4438 vos

1998 4497 2044 4554 Ι)
2077 4489 2439 4546 alienissimos
2466 4502 2588 4542 esse
2619 4487 2762 4546 volo,
2791 4486 2984 4538 nedum
3007 4499 3032 4534 a
3055 4495 3218 4551 pravo
3242 4492 3426 4549 opere,
3445 4489 3658 4530 verum-

2073 4583 2232 4638 etiam
2255 4583 2321 4634 ab
2348 4580 2492 4636 oumi
2530 4579 2707 4633 cordis
2729 4575 3084 4647 propensione
3117 4588 3240 4643 erga
3277 4573 3473 4641 ipsum.

2152 4693 2170 4726 ι
2206 4671 2534 4743 Agglutinati
2585 4672 2744 4725 bono.
2801 4690 2816 4719 ι
2872 4668 2986 4721 Non
3041 4666 3235 4720 sufﬁcit
3279 4682 3308 4717 a
3358 4663 3652 4720 sceleribus

2077 4765 2370 4828 declinare,
2405 4762 2505 4818 nisi
2548 4770 2599 4815 et
2635 4761 2846 4815 virtutis
2900 4761 3043 4813 actio
3076 4758 3180 4827 91
3210 4767 3404 4823 praesto
3460 4755 3651 4819 fuerit;

2078 4872 2195 4913 eam
2244 4856 2314 4912 ob
2352 4870 2465 4910 rem
2530 4855 2682 4920 dixit,
2724 4872 2741 4905 ι
2783 4852 3106 4923 Agglutinati
3142 4854 3302 4915 bono,
3349 4869 3367 4902 ι
3407 4851 3506 4904 hoc
3551 4860 3657 4909 est.

2079 4947 2330 5003 aﬂ'ectum
2379 4946 2662 5002 charitatis
2702 4962 2829 5015 erga
2867 4949 3038 5014 ipsum
3089 4943 3368 4997 habentes.
3402 4943 3555 4993 Hunc
3591 4940 3655 4991 ad

2083 5041 2300 5094 modum
2353 5037 2492 5091 Deus
2527 5037 2781 5090 maritum
2813 5037 2964 5090 uxori
3010 5033 3330 5090 familiarius
3379 5029 3656 5100 copulans,

2086 5147 2106 5185 ι
2141 5129 2593 5201 Agglutinabitur,
2623 5147 2641 5180 ι
2688 5129 2880 5197 inquit,
2916 5144 2935 5179 ι
2975 5126 3128 5181 uxori
3163 5139 3296 5180 suae.
3347 5140 3366 5174 ι

2156 5309 2318 5368 Vens.
2349 5311 2432 5366 ίθ.
2460 5329 2478 5362 ι
2544 5308 2808 5365 Fraterua
2855 5307 3120 5365 charitate
3161 5319 3290 5375 ergo
3337 5317 3426 5359 vos
3470 5309 3657 5354 mutuo

2086 5401 2286 5458 allecti.
2335 5421 2354 5455 ι
2380 5401 2711 5501 Adhqrtatus
2739 5415 2858 5456 sum
2891 5413 3008 5478 vos.
3046 5397 3244 5470 inquit,
3299 5403 3358 5450 ut
3393 5391 3652 5465 diligatis,

1774 5665 1980 5728 Variae
2003 5665 2337 5729 lectiones.

489 5760 510 5793 θ’
544 5765 594 5818 εὶ
623 5765 836 5828 ἀλύπως
873 5785 924 5820 o.
1003 5767 1020 5795 τ
1046 5767 1258 5831 νοήσεις
1281 5768 1335 5821 δὲ
1365 5769 1458 5823 καὶ
1485 5785 1537 5824 o.
1615 5771 1634 5801 '
1670 5771 1881 5836 πάντως
1911 5785 1963 5828 0.

2045 5771 2064 5803 '
2095 5771 2185 5824 τὸν
2211 5768 2436 5822 πλοῦτον
2461 5781 2514 5822 o.
2593 5765 2636 5798 '°
2668 5763 2862 5828 πάντες
2883 5778 2935 5818 o.
