4038 6604
511 366 618 463 λε

1375 383 1979 467 ancorarum
2017 406 2425 470 BULGARIE
2465 411 2814 476 ARCHIEP.

3660 429 3757 495 ‘95

513 505 904 563 demonstravit
954 504 1325 563 inobedientes
1370 519 1427 563 et
1480 510 1810 578 incredulos,
1853 526 1910 569 ut
1947 514 2060 568 alio

2201 517 2485 585 ἀπέδειξεν
2514 520 2892 590 ἀπειθοῦντας,
2929 526 3015 580 ἵνα
3037 530 3159 593 τοὺς
3181 531 3404 603 ὶτὲρους
3432 535 3522 591 διὰ
3551 539 3647 605 τῆς
3667 541 3765 593 τῶν

509 602 741 656 aliorum
772 600 1118 655 contentione
1148 607 1415 657 servaret.
1452 601 1611 657 Prius
1636 604 1803 671 enim,
1833 606 2079 674 gentibus

509 710 613 748 non
664 693 1204 763 obtemperantibus,
1250 696 1524 758 servavit,
1576 696 1651 750 uti
1712 696 1916 751 dictum
1959 708 2078 764 est,

508 785 761 841 il-.-bra:os
797 804 811 841 :
840 801 1030 842 rursus
1082 783 1282 843 inda-is
1313 787 1536 843 Christo
1571 804 1675 844 non
1708 789 2078 857 credentibus,

504 881 666 934 salvas
708 877 866 933 facta:
909 889 1034 935 sunt
1094 888 1284 947 gentes
1318 898 1330 933 :
1362 880 1700 936 conservatis
1746 866 1858 953 85
1897 893 2078 937 autem

503 976 754 1045 gentibus
782 976 950 1032 Judmi
982 977 1321 1045 aemulantes,
1351 976 1455 1048 ipsi
1483 977 1646 1031 etiam
1679 987 2001 1033 servantur:
2026 986 2081 1034 et

501 1072 580 1123 sic
608 1084 798 1124 omnes
830 1068 1258 1124 miscricordiam
1290 1080 1722 1140 consequuntur.

576 1161 733 1217 Vsus.
789 1158 878 1216 55.
919 1178 938 1212 ι
976 1158 1020 1215 0
1049 1159 1465 1229 profunditatem
1529 1159 1839 1215 divitiarum
1890 1168 1945 1215 et
1984 1176 2078 1217 sa-

499 1253 713 1323 pientia:
741 1259 794 1306 ct
824 1250 1062 1307 scientia:
1106 1247 1196 1303 Dei
1226 1251 1239 1304 l
1268 1264 1430 1319 quam
1473 1258 1599 1305 sunt
1629 1251 2077 1322 imperscrutabi-

500 1344 570 1399 lia
597 1344 799 1415 judicia
859 1343 999 1414 ejus,
1056 1352 1113 1398 et
1170 1341 1687 1414 impervestigabiles
1734 1345 1834 1400 vias
1857 1343 2009 1414 ejus!
2051 1365 2071 1398 ι

460 1448 461 1451 ‘
498 1436 781 1506 Reputans
835 1453 1016 1493 secum
1051 1436 1143 1491 Dei
1201 1436 1656 1505 dispensatioues,
1690 1449 1808 1505 quae
1837 1450 1866 1490 a
1891 1439 2074 1493 mundi

500 1529 717 1586 'uerunt
770 1529 1181 1591 constitutione,
1221 1528 1314 1597 qui
1374 1542 1469 1597 per
1520 1528 1795 1582 contraria
1857 1528 2075 1600 dispen-

497 1631 582 1680 set
605 1623 897 1687 contraria,
936 1637 997 1676 ac
1030 1636 1125 1691 pcr
1154 1620 1290 1676 alios
1328 1621 1701 1676 inobedientes
1731 1631 1781 1675 et
1824 1620 2075 1677 incredu-

497 1715 599 1779 los,
630 1716 764 1771 alios
794 1716 1109 1770 obedientes
1141 1724 1197 1769 et
1221 1714 1467 1769 credulos
1492 1714 1710 1781 eﬂiciat,
1744 1716 2025 1787 obstupuit
2057 1732 2073 1771 :

496 1808 769 1864 nﬂirmans
799 1824 919 1865 eum
943 1808 1165 1863 omnino
1193 1807 1283 1878 qui
1313 1807 1391 1863 sic
1417 1822 1502 1863 res
1534 1816 1748 1864 nostras
1778 1809 2073 1879 dispensat,

495 1905 561 1957 tle
591 1901 936 1957 Hebraeorum
974 1901 1138 1956 etiam
1166 1899 1346 1954 futura
1380 1900 1570 1966 salute,
1620 1900 1823 1971 aliquid
1851 1902 2071 1973 dispen-

493 2002 755 2046 saturum.
816 1989 1038 2046 Divitias
1079 1989 1243 2061 igitur
1286 1989 1524 2044 divinam
1568 1989 1861 2046 bonitatem
1893 1991 2075 2061 appel-

492 2085 589 2150 lat,
652 2083 809 2155 cujus
873 2083 1298 2155 profunditatem
1351 2081 1688 2138 solummodo
1746 2085 2068 2147 detniratur.

491 2179 849 2248 quantitatem
878 2180 1172 2249 ignorans:
1210 2191 1370 2245 opum
1403 2175 1544 2231 enim
1587 2185 1692 2241 est,
1724 2186 1914 2246 gentes
1937 2178 2071 2233 adeo

490 2271 788 2341 locupletes
848 2272 1049 2327 facere.
1105 2269 1398 2326 Enimvero
1439 2284 1565 2324 cum
1613 2270 1852 2326 bonitate
1897 2281 1952 2325 et
1980 2286 2070 2326 sa-

486 2366 746 2436 pientiam
797 2368 1099 2421 admiratur
1132 2380 1229 2437 per
1252 2343 1413 2436 quam
1468 2374 1647 2420 noStra
1702 2366 1843 2434 regit
1889 2381 1953 2420 ac
1987 2365 2069 2418 di-

486 2468 728 2529 spensat,
777 2459 1044 2530 rudesque
1095 2466 1281 2529 gentes
1309 2457 1540 2524 erudiit;
1592 2467 1645 2511 et
1698 2458 2065 2528 cognitionem

487 2570 584 2622 per
626 2569 788 2625 quam
848 2552 998 2606 novit
1027 2552 1154 2620 quid
1180 2549 1476 2619 unicuique
1502 2548 1791 2603 conducat.
1817 2548 1936 2603 Non
1976 2549 2061 2601 di-

488 2646 565 2701 xit
600 2656 802 2708 autem,
864 2640 1435 2712 incomprehensibilia
1498 2649 1624 2694 sunt
1666 2639 1873 2709 judicia
1923 2638 2063 2709 ejus.

483 2739 600 2801 sed,
641 2754 659 2788 ι
691 2731 1212 2806 Ιιιιροτερτυιοιιίιίο,
1252 2750 1270 2784 ι
1306 2732 1412 2786 hoc
1440 2741 1548 2796 est,
1590 2747 1694 2786 non
1719 2730 1941 2785 omnino
1978 2746 2063 2784 τεο-

483 2830 736 2899 cipieutia
781 2826 1203 2897 indagatiouem.
1244 2841 1265 2876 ι
1311 2824 1375 2879 Et
1408 2825 1510 2880 Vite
1553 2824 1693 2895 ejus,
1725 2841 1743 2875 ι
1808 2823 1909 2880 hoc
1958 2834 2062 2889 est,

482 2921 938 2992 dispensationes,
988 2919 1183 2973 nedum
1229 2931 1336 2972 non
1388 2926 1617 2987 possunt
1674 2917 1919 2986 agnosci,
1968 2917 2062 2970 sed

484 3032 552 3070 ne
596 3013 793 3083 inquiri
828 3011 1045 3083 quidem
1083 3025 1328 3081 prorsus,
1374 3009 1460 3067 vel
1504 3011 1789 3081 vestigium
1823 3009 2061 3079 ipsarum

482 3106 745 3177 conspici.

557 3202 717 3255 \‘nns.
767 3199 858 3267 54,
885 3199 974 3254 ’55.
1021 3217 1039 3251 ι
1075 3198 1207 3265 Quis
1250 3197 1394 3253 enim
1440 3197 1690 3268 cognovit
1721 3212 1938 3252 sensum
1967 3197 2063 3251 Do-
2088 3212 2132 3270 α

482 3294 658 3349 mini?
709 3304 803 3348 aut
843 3294 967 3362 quis
1012 3291 1348 3347 consiliarius
1377 3290 1477 3360 ipsi
1510 3293 1607 3345 fuit
1641 3293 1711 3341 λοι
1749 3291 1772 3345 ?
1810 3300 1900 3345 aut
1925 3291 2049 3360 quis

481 3388 627 3457 prior
657 3384 802 3441 dedit
830 3384 901 3450 ei,
929 3392 981 3438 et
1010 3383 1340 3438 retribuetur
1363 3383 1462 3453 ipsi
1492 3382 1558 3437 k?
1582 3401 1599 3434 ι
1644 3381 1822 3448 Solus,
1854 3382 2048 3452 inquit,

481 3480 592 3547 ipse
618 3475 777 3541 novit
810 3490 930 3540 sua,
961 3485 1014 3529 et
1038 3489 1196 3529 nemo
1243 3472 1402 3527 alius.
1446 3472 1671 3542 Sapiens
1721 3486 1881 3540 porro
1929 3488 2048 3526 cum

476 3570 568 3635 sit,
598 3584 626 3623 ο
664 3567 811 3622 nullo
863 3566 969 3619 alio
1016 3564 1326 3619 consultore
1377 3562 1656 3617 institutus
1681 3571 1784 3627 est,
1814 3562 1909 3616 sed
1939 3563 2052 3631 ipse

475 3663 685 3734 sibitpsi
734 3660 868 3717 satis
892 3659 994 3712 fuit
1040 3656 1336 3722 subiciens,
1370 3662 1549 3711 etest.
1587 3653 1893 3720 Quinetiam
1933 3668 2048 3708 om-

475 3754 624 3809 nium
676 3752 937 3808 bonorum
986 3747 1107 3803 fons
1155 3756 1262 3813 est,
1319 3753 1375 3800 et
1426 3760 1759 3815 quaecunque
1789 3746 1900 3813 dat,
1939 3759 2046 3799 non

467 3839 1160 3912 .veluticompensationem
1223 3835 1311 3889 vel
1374 3835 1786 3891 retributionem
1829 3834 2045 3900 debeat,

477 3936 737 4004 impertit,
789 3933 883 3989 sed
916 3931 986 3986 ob
1019 3930 1287 4001 propriam
1323 3926 1692 3981 tantummodo
1723 3928 2045 3983 bonitatem.

474 4030 607 4096 Quis
632 4028 775 4083 enim
812 4026 1042 4095 primum
1086 4023 1230 4077 dedit
1254 4020 1326 4086 ei,
1356 4020 1609 4074 nimirum
1647 4020 1776 4085 Deo,
1799 4030 1854 4074 ιιι
1885 4022 2048 4075 retri-

473 4124 670 4177 buatur
722 4117 864 4188 ipsi?
913 4114 1016 4170 hoc
1046 4122 1149 4178 est,
1182 4120 1239 4164 ut
1281 4110 1425 4180 quod
1455 4126 1486 4164 a
1516 4109 1624 4164 Deo
1645 4110 1803 4163 datur
1843 4110 2051 4165 benefi-

472 4216 640 4279 cium,
702 4223 961 4279 tauquam
1018 4203 1307 4262 retributio
1341 4217 1469 4273 erga
1500 4201 1677 4273 ipsum
1706 4200 1845 4256 facta
1871 4200 2048 4270 impn-

475 4305 651 4361 tetur?

539 4397 704 4452 Vens.
750 4392 841 4451 36.
879 4411 898 4445 ι
938 4390 1204 4458 Quoniam
1254 4403 1316 4443 ex
1380 4389 1515 4459 ipso,
1547 4396 1601 4443 et
1644 4401 1740 4458 per
1762 4387 1957 4457 ipsum,
1991 4396 2047 4441 et

469 4491 521 4544 iu
556 4489 728 4560 ipsum
764 4496 890 4542 sunt
916 4482 1120 4540 omnia.
1161 4501 1180 4535 ι
1214 4478 1334 4550 ipse
1363 4491 1445 4534 est
1472 4480 1592 4535 fons
1618 4479 1901 4539 omnium;
1941 4481 2045 4533 hoc

2185 610 2390 681 ἑτέρων
2417 612 2566 685 σώσῃ
2598 615 2953 683 φιλονεικίας.
2993 622 3262 695 Πρότερον
3298 628 3408 697 γὰρ
3434 630 3762 702 ἀπειθησέιν-

2180 718 2290 755 των
2312 703 2421 756 τῶν
2438 705 2685 771 ἐθνικῶν,
2706 708 2929 778 ἔσωσεν,
2953 712 3026 776 ὡς
3046 715 3284 787 εἴρηται,
3306 720 3429 783 τοὺς
3457 719 3757 793 Ἐϐραίους·

2182 792 2346 846 πάλιν
2396 794 2490 848 ἐπὶ
2536 797 2780 868 Χριστοῦ
2833 802 3258 874 ἀπειθησάντων
3304 808 3414 861 τῶν
3480 792 3759 881 Ἰουδαίων,

2181 885 2471 958 ἐσώθησαν
2488 890 2537 942 οἰ
2566 891 2788 945 ἐθνικοί·
2818 893 3100 949 σωθέντων
3134 893 3236 969 [δὲ]
3263 899 3371 952 τῶν
3391 900 3645 962 ἐθνικῶν.
3668 923 3763 958 πα·

2185 977 2548 1050 ραζηλοῦντες
2565 982 2892 1051 οἰἸουδαῑοι,
2918 986 3183 1051 σώζονται
3202 991 3292 1043 καὶ
3312 992 3488 1045 αὐτοί·
3514 995 3603 1048 καὶ
3626 996 3761 1051 οὕτω

2181 1073 2384 1136 πάντες
2417 1072 2719 1131 ὲλεοῦνται.

2256 1183 2275 1218 ι
2310 1166 2374 1217 Ὠ
2399 1164 2563 1236 βάθος
2588 1168 2820 1221 πλούτου
2848 1170 2941 1223 καὶ
2968 1172 3161 1241 σοφίας
3196 1176 3289 1229 xz‘.
3315 1175 3571 1245 γνώσεως
3603 1182 3756 1238 Θεοῖί

2180 1256 2257 1320 ὡς
2285 1258 2684 1331 ἀνεξερεύνητα
2719 1261 2788 1314 τὰ
2822 1263 3067 1334 κρίματα
3094 1268 3284 1332 αὑτοῦ,
3334 1274 3426 1324 καὶ
3456 1273 3754 1344 ἀνεξιχνίαο

2181 1362 2295 1399 στοι
2322 1348 2377 1401 αἰ
2401 1347 2511 1401 ὁδοὶ
2534 1349 2735 1403 αύτούί
2777 1369 2797 1402 ι
2836 1353 2947 1417 Τὰς
2971 1356 3287 1427 οἰκονομίας
3330 1361 3425 1414 τοῦ
3464 1362 3601 1416 Θεοῦ
3637 1366 3759 1417 ἀνα.

2178 1437 2559 1510 λογισάμενος,
2592 1443 2688 1508 τὰς
2720 1445 2815 1513 ἀφ’
2860 1441 3036 1517 οὗπερ
3061 1451 3089 1502 ὁ
3117 1450 3324 1522 κόσμος
3355 1455 3609 1528 συνέστη,
3648 1459 3756 1524 πῶς

2177 1532 2265 1586 διὰ
2294 1534 2403 1586 τῶν
2431 1535 2693 1588 ἐναντίων
2736 1536 2804 1590 τὰ
2852 1539 3074 1592 ἐναντία
3106 1542 3403 1613 οἰκονομεῖ,
3435 1548 3528 1600 καί
3551 1547 3620 1599 δι’
3646 1550 3754 1602 ἑτέ·-

2183 1642 2292 1696 ρων
2333 1626 2728 1693 ἀπειθούντων,
2790 1630 2987 1693 ἄλλους
3025 1633 3303 1701 εὐπειθεῖς
3357 1638 3750 1704 ἀναδείκνυσιν,

2181 1717 2458 1790 ἐξεπλάγη
2481 1732 2497 1747 ’
2522 1722 2883 1791 πιστούμενος
2909 1724 2993 1777 ὅτι
3041 1726 3259 1790 πάντως
3284 1728 3314 1779 ὁ
3353 1727 3528 1790 οὕτως
3556 1734 3751 1785 οἰκονου

2182 1809 2298 1879 μῶν
2325 1811 2393 1863 τὰ
2425 1813 2694 1881 ἡμέτερα,
2729 1815 2825 1868 καὶ
2854 1817 2983 1885 περὶ
3016 1817 3115 1885 τῆς
3147 1818 3449 1890 μελλούσης
3483 1824 3752 1894 σωτηρίας

2178 1899 2287 1953 τῶν
2319 1902 2588 1956 Ἰουδαίων
2624 1905 2999 1977 οἰκονομήσει.
3038 1908 3277 1961 Πλοῦτον
3309 1910 3408 1980 μὲν
3434 1910 3528 1964 οὖν
3560 1914 3751 1984 ὄνομα·

2175 1991 2257 2056 ζει
2278 1992 2376 2063 τὴν
2405 1994 2739 2065 ἀγαθότητα,
2766 1988 2833 2067 ἧς
2862 1996 2921 2050 τὸ
2971 1996 3135 2068 βάθος
3167 2000 3529 2071 ἐκπλήττεται
3573 2004 3747 2074 μόνον,

2172 2083 2233 2134 τὸ
2256 2083 2422 2136 ποσὸν
2450 2084 2623 2156 αὐτῆς
2651 2086 2862 2154 ἀγνοῶν
2886 2101 2901 2116 ⁸
2934 2087 3165 2143 πλούτου
3201 2091 3308 2162 γὰρ
3330 2092 3412 2159 τὸ,
3441 2096 3570 2158 τοὺς
3606 2095 3743 2149 ὲθνι·

2171 2178 2299 2239 κους
2334 2175 2509 2241 οὓτως
2537 2178 2805 2249 εὐπόρους
2833 2179 3083 2250 ποιῆσαι.
3121 2183 3197 2236 Οὐ
3231 2184 3339 2255 μὴν
3373 2185 3420 2218 ’δ
3443 2185 3583 2240 ἀλλὰ
3613 2189 3743 2256 πρὶς

2170 2269 2235 2335 τῇ
2266 2266 2562 2339 ἀγαθότητι
2613 2270 2708 2322 καὶ
2757 2271 2857 2340 τὴν
2918 2272 3114 2340 σοφίαν
3165 2276 3549 2346 ἐκπλήττεται,
3582 2277 3649 2331 δι’
3683 2274 3744 2349 ἧς

2172 2361 2359 2413 πλέκει
2393 2361 2461 2414 τά
2495 2361 2761 2433 ἡμέτερα,
2812 2363 2908 2418 καὶ
2937 2363 3063 2428 τοὺς
3096 2367 3330 2435 ἀμαθεῖς
3360 2368 3610 2432 ἐθνικοὺς
3631 2370 3741 2423 ἐσό-

2170 2467 2328 2527 φισεο
2384 2453 2477 2507 καὶ
2522 2454 2625 2523 τὴν
2670 2454 2892 2522 γνῶσιν,
2917 2454 2985 2509 δι’
3016 2451 3083 2529 ἧς
3112 2456 3373 2525 γινώσκει
3421 2461 3483 2513 τὸ
3529 2461 3742 2533 ἑκάστῳ

2170 2545 2468 2615 συμςέρον.
2519 2546 2633 2599 Uine
2668 2540 2790 2599 εἷπε
2830 2548 2909 2610 δὲ,
2974 2548 3055 2601 ὅτι
3098 2549 3485 2622 ’Δκατὰληπτι
3513 2554 3584 2607 τὰ
3623 2554 3741 2624 κρί-

2171 2654 2315 2703 μιιτα
2366 2638 2553 2703 αὑτοῦ,
2610 2638 2751 2703 ἀλλ’,
2788 2659 2807 2692 ι
2873 2641 3316 2713 Ἀνεξερεύνητα,
3374 2664 3392 2695 ι
3447 2648 3741 2713 τουτέστιν,

2167 2727 2399 2791 ούδὸλως
2430 2728 2696 2801 δεχόμενα
2715 2730 2961 2798 ἔρευναν.
2987 2751 3005 2784 ι
3031 2735 3138 2786 Καὶ
3154 2734 3211 2786 αἰ
3226 2735 3334 2788 ὁδοὶ
3350 2736 3538 2802 αὐτοῦ,
3553 2756 3571 2789 ι
3592 2754 3743 2792 τουτ-

2165 2823 2335 2886 ἐστιν,
2369 2823 2424 2875 αἰ
2454 2822 2782 2894 οἰκονομίαι,
2815 2825 2877 2877 οὐ
2920 2825 3083 2895 μόνον
3122 2827 3182 2879 ού
3210 2827 3465 2883 δύνανται
3495 2832 3740 2903 γνωσθῇς

2165 2934 2275 2982 ναι,
2306 2915 2423 2968 ἀλλ’
2463 2914 2583 2968 οὐδὲ
2613 2915 2918 2987 ζητηθῆναι
2970 2916 3130 2983 ὅλως,
3164 2918 3198 2990 ἢ
3249 2919 3394 2989 ίχνος
3427 2921 3608 2974 αὐτῶν
3644 2937 3742 2992 φα-

2165 3008 2343 3078 νῆναι.

2239 3213 2258 3245 ι
2292 3192 2389 3256 Τίς
2433 3191 2542 3265 γὰρ
2586 3193 2729 3264 ἔγνω
2780 3194 2906 3249 νοῦν
2956 3196 3202 3267 Κυρίου,
3237 3198 3271 3267 ἢ
3305 3197 3386 3262 τίς
3437 3199 3737 3271 σύμϐουλος

2162 3288 2310 3359 αῷτῷ
2343 3288 2596 3356 ὲγένετος
2631 3288 2663 3359 ἢ
2690 3288 2774 3347 τίς
2797 3288 3108 3361 προέδωκεν
3130 3290 3301 3359 αὐτῷ,
3334 3293 3426 3346 καί
3443 3293 3736 3348 ἀνταποδο-

2163 3380 2391 3450 θήσεται
2417 3379 2566 3451 αὐτῷ
2588 3398 2604 3448 ;
2629 3399 2647 3432 ›
2684 3383 2880 3445 Μόνος,
2904 3383 3093 3452 φησὶν,
3125 3384 3288 3448 αὐτὸς
3306 3380 3413 3438 οἶδε
3448 3386 3516 3439 τὰ
3549 3386 3731 3453 αὑτοῦ,

2162 3466 2450 3531 zelo-3651;
2474 3467 2678 3540 ἕτερος.
2711 3469 2878 3538 Σοφὸς
2912 3470 2968 3522 δὲ
2995 3470 3092 3536 ῶν,
3122 3472 3182 3524 οὺ
3215 3472 3344 3545 παρ’
3373 3476 3562 3547 ἑτέρον
3600 3495 3733 3547 συμο

2161 3560 2353 3612 ϐούλου
2388 3559 2673 3632 ὲσοφίσθη,
2707 3560 2824 3615 ἀλλ’
2874 3563 3037 3626 αὐτὸς
3086 3565 3265 3637 ἑαυτῷ
3300 3566 3584 3639 αὐτάρκης
3616 3572 3732 3639 ὲγέ-

2156 3670 2276 3705 νετο
2293 3651 2388 3706 καὶ
2420 3652 2587 3707 ἔστιν.
2633 3653 2794 3708 Ἀλλὰ
2822 3655 2918 3708 καὶ
2948 3656 3166 3710 πάντων
3193 3659 3301 3711 τ;ἰ·ν
3333 3658 3555 3728 ἀγαθῶν
3582 3665 3725 3734 πηγή

2155 3742 2294 3808 ἐστι,
2325 3744 2421 3796 καὶ
2438 3744 2538 3797 ὅσα
2573 3743 2810 3811 δίδωσιν,
2835 3747 2934 3817 οὐχ
2954 3746 3029 3809 ὡς
3067 3747 3300 3821 ἀμοιϐὴν
3323 3748 3554 3818 ὀφείλων
3583 3753 3732 3805 δίδωο

2158 3853 2265 3905 σιν,
2286 3835 2423 3889 ἀλλὰ
2445 3835 2534 3891 διὰ
2557 3835 2658 3906 τὴν
2686 3837 2893 3891 οἰκείαν
2914 3838 3251 3910 ἀγαθότητα.
3291 3858 3313 3893 ι
3342 3841 3440 3904 Τίς
3466 3843 3575 3914 γὰρ
3599 3859 3727 3912 προ-

2154 3931 2354 3986 έδωκεν
2385 3930 2586 4002 αὑτῷ,ι
2624 3930 2891 3997 τουτέστι,
2915 3930 2994 4003 τῷ
3027 3931 3167 4004 Θεῷ,
3195 3932 3281 3987 ἵνα
3313 3951 3333 3987 ι
3371 3935 3727 4005 ἀνταποδοθή-

2156 4040 2309 4079 σεται
2334 4024 2515 4095 αὑτῷς
2538 4043 2559 4079 ι
2596 4025 2897 4091 τουτέστιν,
2921 4025 3005 4078 ἵνα
3034 4027 3066 4096 ἡ
3094 4026 3243 4097 παρά
3270 4026 3366 4081 τοῦ
3397 4028 3532 4082 Θεοῦ
3576 4031 3725 4096 εὐερο

2156 4119 2335 4187 γεσία,
2366 4117 2439 4183 ὡς
2467 4118 2817 4189 ἀνταπόδομα
2846 4115 3120 4188 λογισθείη
3160 4116 3296 4191 πρὸς
3321 4119 3486 4175 αὑτὸν
3511 4123 3724 4192 γινόμε-

2152 4228 2281 4279 νονς

2229 4411 2247 4443 ι
2285 4393 2408 4445 Ὀτι
2441 4392 2499 4459 ἔξ
2529 4391 2714 4456 αὑτοῦ,
2748 4392 2842 4447 καὶ
2878 4392 2949 4446 δι’
2969 4392 3159 4460 αὐτοῦ,
3187 4396 3283 4448 καὶ
3332 4396 3412 4459 εἰς
3468 4394 3629 4449 αὐτὸν
3650 4389 3715 4443 τὰ

2149 4486 2347 4541 πάντα.
2383 4503 2402 4536 ι
2437 4485 2610 4549 Αὐτὸς
2631 4486 2665 4556 ἡ
2698 4484 2850 4558 πηγὴ
2883 4484 3104 4540 πάντων
3125 4502 3137 4515 ’
3165 4486 3321 4542 τοῦτο
3343 4486 3450 4554 γὰρ
3467 4483 3550 4549 τὸ,
3587 4502 3605 4536 ι
3629 4482 3715 4547 Ἐξ

465 4548 611 4633 enim
644 4583 726 4630 est
758 4573 900 4643 qqu
931 4572 1029 4637 ait,
1066 4587 1084 4622 ι
1123 4569 1201 4625 Ex
1235 4548 1393 4638 ipso;
1429 4586 1447 4620 ι
1503 4578 1557 4623 et
1603 4568 1865 4624 Conditor
1921 4585 2045 4625 om-

2165 4575 2347 4630 ιὺτοῦο
2395 4594 2416 4628 ι
2447 4577 2543 4630 καὶ
2564 4548 2850 4647 ὀί
2879 4576 3130 4632 πάντων·
3164 4576 3322 4628 τοῦτο
3481 4574 3564 4639 τὸ,
3595 4594 3615 4627 ι
3639 4572 3711 4627 Δι’

459 4646 615 4724 inium
657 4684 671 4721 :
707 4666 809 4721 hoc
836 4665 979 4719 enim
1024 4660 1153 4718 illud
1175 4700 1191 4728 ,
1224 4679 1242 4714 ι
1282 4660 1386 4715 Per
1433 4661 1638 4731 ipsuml;
1672 4681 1689 4713 ι
1721 4672 1776 4717 et
1825 4676 2048 4717 conser-

463 4771 620 4816 vator
659 4758 907 4814 omnium
951 4773 964 4810 :
1007 4757 1108 4811 hoc
1130 4755 1273 4810 enim
1311 4754 1462 4820 illud,
1496 4773 1516 4806 ι
1545 4753 1600 4809 1η
1632 4755 1828 4824 ipsum.
1868 4775 1887 4807 ι
1915 4753 2047 4810 0m-

458 4836 551 4906 ‘nia
575 4852 719 4905 enim
765 4864 829 4904 ex
864 4848 981 4917 ipso
1023 4844 1222 4901 habent
1252 4845 1596 4917 principium,
1644 4854 1697 4901 et
1725 4861 1821 4916 per
1863 4847 2042 4915 ipsum

460 4941 604 4997 facta
644 4947 870 5006 sunt,et
896 4939 948 4993 in
987 4939 1161 5009 ipsum
1198 4951 1296 4991 ceu
1325 4934 1732 4992 fundamentum
1767 4936 2037 5006 quoddam

460 5034 733 5105 vergentia
765 5033 1054 5103 euutiaque
1094 5029 1402 5087 consistunt
1429 5040 1486 5086 et
1518 5030 1890 5095 continentur,
1918 5043 2045 5084 con-

458 5140 613 5181 versa
636 5126 702 5180 ad
729 5124 925 5195 ipsum.

454 5210 459 5214 ’
533 5237 553 5272 ι
587 5216 691 5289 Ipsi
738 5216 903 5285 gloria
937 5217 991 5270 in
1042 5214 1257 5270 secula.
1306 5212 1501 5267 Amen.
1539 5231 1560 5265 ι
1621 5211 1715 5267 Est
1769 5213 1822 5266 in
1887 5227 2043 5268 more

458 5310 584 5366 divo
651 5306 841 5374 Paulo,
903 5314 961 5361 ut
988 5319 1113 5361 cum
1176 5305 1330 5360 ardui
1356 5304 1611 5374 quiddam
1655 5302 1879 5369 dixerit,
1918 5318 2042 5358 cum

457 5401 756 5472 gratiarum
797 5399 1010 5454 actione
1038 5411 1341 5453 sermonem
1381 5397 1616 5462 claudat,
1649 5395 1873 5466 perinde
1898 5411 1961 5450 ac
1991 5406 2045 5451 et

438 5484 562 5567 ‘jam
614 5508 762 5548 nunc
816 5492 965 5547 facit.
1021 5491 1310 5561 Postquam
1356 5488 1504 5544 enim
1559 5488 1931 5545 admiratione.
1983 5500 2035 5543 et

534 5627 604 5681 ἰοὶ
658 5631 759 5683 lsa.
800 5642 892 5693 ιι,
936 5626 1018 5681 l5.
1096 5625 1122 5664 ι
1149 5624 1277 5696 Sap.
1311 5641 1379 5689 ιι,
1419 5624 1470 5679 ὅ.

2146 4667 2351 4723 αὐτοῦ·
2395 4685 2414 4719 ι
2452 4667 2546 4720 καὶ
2575 4669 2603 4721 ὁ
2656 4668 2915 4737 συνοχεὺς
2968 4668 3190 4721 πάντων
3214 4681 3229 4698 ·
3285 4664 3445 4719 τοῦτο
3482 4666 3591 4736 γὰρ
3635 4665 3709 4729 τὸ,

2150 4777 2170 4812 ι
2210 4759 2303 4822 Εἰς
2335 4759 2517 4814 αὐτόν.
2558 4776 2577 4811 ι
2608 4758 2791 4812 Πάντα
2815 4758 2924 4830 γὰρ
2953 4758 3014 4823 ἐξ
3042 4756 3205 4811 αὐτοῦ
3234 4757 3347 4827 ἔχει
3379 4758 3480 4828 τὴν
3521 4756 3707 4827 ἀρχὴν,

2145 4852 2242 4905 καὶ
2270 4851 2336 4904 δι’
2368 4849 2537 4904 αὑτοῦ
2564 4850 2805 4919 ἐγένετο,
2840 4850 2936 4903 καί
2962 4850 3042 4912 εἰς
3075 4849 3264 4913 αὑτὸν,
3297 4846 3489 4918 ῶσπερ
3518 4849 3599 4911 εἰς
3628 4848 3709 4901 θι-
3748 4850 3754 4854 ’

2147 4942 2330 5013 μὲλιόν
2386 4958 2508 4995 τινα
2559 4941 2830 5012 βεϐηκότα
2853 4941 3098 4994 ἵστανται
3149 4940 3243 4993 καὶ
3272 4938 3584 5008 συνέχονται
3617 4941 3707 4991 ἑπ-

2143 5034 2498 5106 εστραμμένα
2538 5034 2676 5104 πρὸς
2700 5032 2884 5088 αὐτόν.

2216 5230 2236 5263 ι
2266 5208 2428 5280 Δίντῷ
2457 5211 2491 5280 ἡ
2522 5205 2653 5273 δόξα
2705 5209 2784 5270 εἰς
2811 5208 2939 5272 τοὺς
2966 5205 3189 5270 αἰῶνας.
3240 5205 3434 5276 Ἀμήν.
3468 5222 3488 5255 ι
3552 5203 3703 5262 Ἔθος

2141 5301 2217 5373 τῷ
2249 5301 2463 5372 Παύλῳ,
2489 5302 2618 5354 ὅταν
2643 5316 2696 5354 τι
2724 5299 2867 5371 μέγα
2884 5300 3034 5371 εῐπῃ,
3063 5299 3143 5362 εἰς
3164 5296 3519 5370 εὐχαριστίαν
3545 5311 3704 5350 κατα-

2143 5396 2344 5449 κλείειν
2371 5395 2463 5448 τὸν
2507 5394 2695 5463 λόγον’
2728 5393 2867 5462 ὅπερ
2913 5388 3007 5445 οὖν
3034 5392 3127 5445 καὶ
3166 5390 3261 5444 νῦν
3288 5392 3452 5443 ποιεῖ.
3494 5384 3701 5455 Ἐπειδὴ

2144 5488 2254 5558 γὰρ
2279 5485 2551 5555 ἐξεπλάγη
2600 5483 2701 5555 τὴν
2756 5482 3095 5555 ἀγαθότητα,
3130 5483 3224 5538 καὶ
3254 5481 3354 5554 τὴν
3375 5479 3586 5552 σοφίαν,
3613 5479 3700 5532 καί

1854 5740 2055 5802 Varia:
2089 5738 2415 5801 lectiones.

527 5864 665 5921 “.00
704 5865 885 5935 μόνον,
914 5882 967 5919 ο.
