4038 6572
312 341 419 406 497

1213 356 1621 419 sxrosrrto
1663 360 1741 421 lN
1782 359 2019 422 EPIST.
2062 361 2164 423 AD
2205 362 2477 425 nou.—
2508 367 2666 429 CAP.
2701 350 2840 429 XII.

3458 365 3570 431 ωδ

306 457 404 526 τὴν
438 458 664 526 γνῶσιν,
720 463 813 518 καὶ
858 464 955 528 τὰς
985 468 1298 539 οἰκονομίας
1324 470 1418 525 τοῦ
1465 473 1622 535 Θεοῦ,
1671 474 1885 540 δοξάζει

1988 489 2205 548 stupore
2239 480 2517 548 perculsus
2545 491 2627 537 est
2674 480 2743 537 ob
2775 480 3090 546 bonitatem,
3127 490 3185 537 et
3245 483 3561 551 sapientiora

306 546 494 602 λοιπον
526 552 716 606 αὐτόν·
757 554 817 609 τὸ
866 557 998 611 αὐτὸ
1026 560 1119 612 καὶ
1156 561 1308 630 ἡμᾶς
1328 563 1615 627 διδάσκων,
1648 566 1739 620 ἐπὶ
1770 568 1884 630 τοῖς

310 640 568 710 μεγάλοις
618 644 844 714 ἀγαθοῖς
896 651 1267 722 εἱχαριστεῖν,
1300 653 1394 709 καὶ
1444 654 1686 724 δοξάζειν
1718 656 1883 711 αὐτὸν

306 737 398 789 καὶ
423 736 513 791 διὰ
533 737 732 809 λόγων,
765 745 859 796 καὶ
878 743 967 798 διὰ
1001 745 1297 811 πολιτείας.

887 945 1140 1000 ΚΕΦΑΑ.
1197 948 1295 1002 IB'.

376 1070 396 1102 ι
426 1053 738 1121 Παρακαλῶ
756 1055 850 1110 οὖν
875 1058 1041 1128 ὑμᾶς,
1062 1061 1305 1130 ἀδελφοὶ,
1329 1063 1418 1117 διὰ
1445 1064 1550 1117 τῶν
1578 1065 1880 1136 οίκτιρμῶν

294 1142 393 1195 τοῦ
426 1142 589 1206 Θεοῦ,
622 1152 976 1219 παραστῆσαι
1007 1153 1078 1207 τὰ
1111 1154 1340 1224 σώματα
1374 1157 1528 1228 ὑμῶν
1550 1157 1741 1212 θυσίαν
1773 1160 1881 1224 ζὼ-

297 1251 421 1301 σαν,
456 1238 639 1306 ἁγίαν,
668 1241 965 1312 εὐάρεστον
994 1245 1071 1317 τῷ
1094 1246 1234 1319 Θεῷ,
1252 1249 1352 1320 τὴν
1375 1250 1599 1322 λογικὴν
1625 1250 1881 1324 λατρείαν

296 1328 479 1397 ὑμῶν.
518 1350 538 1382 ι
579 1333 798 1405 Ἐπειδὴ
857 1338 1058 1404 ίκανῶς
1084 1340 1159 1412 τῷ
1204 1342 1522 1417 δογματικῷ
1577 1346 1880 1416 ἐνδιέτριψα

294 1420 465 1492 λόγῳ,
494 1422 680 1477 λοιπὸν
736 1427 828 1480 καὶ
872 1431 952 1492 εἰς
983 1433 1075 1484 τὸν
1101 1433 1293 1503 ἠθικὸν
1322 1436 1560 1506 πρόεισι.
1606 1437 1717 1491 Καὶ
1754 1438 1879 1491 ἐπεὶ

292 1515 467 1580 ἔδειξε
498 1517 595 1589 τὴν
623 1519 721 1573 τοῦ
755 1521 890 1576 Θεοῦ
941 1526 1073 1595 περὶ
1124 1528 1271 1598 ἡμᾶς
1316 1528 1524 1597 ἄφατον
1567 1530 1879 1600 οἰκονομίαν

292 1610 392 1659 καὶ
422 1609 762 1681 ἀγαθότητα,
797 1618 1111 1685 παρακαλεῖ
1142 1638 1159 1671 ι
1186 1620 1273 1674 διὰ
1306 1620 1416 1674 τῶν
1437 1622 1737 1693 οίκτιρμῶν
1780 1621 1876 1676 τοῦ

290 1698 431 1753 Θεοῦ
458 1742 473 1761 ,
513 1720 532 1753 ι
567 1706 866 1770 τουτέστιν,
900 1710 1098 1773 αὐτοὺς
1123 1711 1250 1774 τοὺς
1304 1713 1623 1783 οίκτιρμοὺς
1651 1715 1880 1783 μεσίτας

1983 582 2038 627 ct
2065 573 2327 638 notitiam,
2365 582 2415 627 et
2453 573 2906 643 gubernationem
2950 572 3063 639 Dei,
3100 573 3277 645 ipsum
3303 574 3562 644 deinceps

1986 669 2247 739 gloriﬁcat
2277 686 2292 723 :
2320 681 2418 722 nos
2458 667 2640 722 itidem
2690 667 2976 723 instituens
3026 669 3095 722 ob
3150 669 3383 737 ingentia
3420 670 3557 722 bona

1986 760 2188 833 gratias
2232 774 2414 831 agerc,
2464 760 2750 830 ipsumque
2787 769 2841 814 et
2902 758 3080 815 verbis
3130 760 3316 815 ctvila
3353 759 3561 829 gloriﬁ-

1987 869 2135 908 care.

2507 968 2621 1041 se
2656 966 2884 1025 CAPUT
2917 966 3029 1023 xu.

2062 1083 2225 1139 Vens.
2267 1084 2316 1139 l.
2350 1102 2367 1135 ι
2407 1082 2646 1139 Obsecro
2680 1084 2861 1152 itaque
2891 1097 3009 1151 vos,
3049 1082 3266 1147 l‘ratres,
3300 1097 3394 1150 per
3460 1081 3565 1136 mi-

1984 1177 2291 1232 serationes
2344 1176 2461 1241 Dei,
2516 1186 2576 1231 ut
2619 1176 2921 1233 exhibeatis
2964 1191 3189 1244 corpora
3255 1186 3434 1229 vestra
3463 1172 3561 1229 ho;

1985 1271 2140 1325 stiam
2173 1270 2467 1333 viventem,
2520 1278 2787 1330 sanctam.
2827 1269 2934 1324 Deo
2966 1267 3289 1339 placentem,
3319 1267 3561 1321 rationa-

1982 1363 2089 1417 lem
2141 1362 2343 1418 cultum
2394 1371 2654 1418 vestrum.
2695 1381 2714 1414 ι
2749 1363 3036 1433 Postquam
3075 1362 3286 1417 almnde
3333 1361 3462 1415 satis
3497 1361 3563 1413 de

1981 1456 2318 1523 dogmatibus
2343 1455 2506 1510 verba
2530 1454 2767 1520 fecisset,
2794 1455 3046 1524 deinceps
3076 1454 3142 1508 ad
3172 1468 3378 1508 morum
3421 1466 3561 1522 pra:-

1982 1556 2136 1619 cepta
2181 1546 2375 1618 pergit.
2410 1546 2616 1602 Etcum
2653 1545 2976 1600 ineﬁabilem
3012 1544 3105 1600 Dei
3133 1546 3277 1601 circa
3309 1561 3407 1602 nos
3435 1548 3556 1602 dis-
3591 1534 3594 1543 ’

1983 1642 2355 1713 pensationem
2413 1646 2469 1695 et
2523 1638 2814 1699 bonitatem
2877 1638 3224 1704 ostendisset,
3301 1640 3554 1697 obsecrat

1982 1749 2080 1789 nos
2116 1751 2134 1785 ι
2173 1747 2272 1803 per
2309 1731 2685 1786 miserationes
2748 1728 2863 1796 Dei,
2904 1746 2924 1780 ι
2978 1731 3081 1783 hoc
3118 1741 3223 1795 est,
3260 1730 3403 1800 ipsas
3456 1734 3561 1787 mi-

290 1793 760 1893 ¹ιτριιςαλλόμενος,
811 1800 885 1863 ὡς
931 1802 1000 1855 ἂν
1025 1803 1248 1867 τούτους
1300 1804 1663 1871 αἰδεσθέντες,
1709 1806 1876 1878 μηδὲν

1981 1824 2283 1879 serationes
2333 1821 2681 1877 intermedias
2717 1835 3047 1889 proponens,
3084 1830 3144 1875 ut
3182 1821 3263 1876 vel
3294 1822 3439 1893 ipsas
3470 1838 3559 1877 re-

289 1882 517 1948 ἀνάξιον
574 1887 756 1942 αὐτῶν
815 1892 1238 1965 ὲπιδειξὼμεθα.
1276 1896 1342 1949 Τί
1405 1897 1461 1950 δὲ
1521 1898 1868 1969 παρακαλεῖς

290 1974 414 2028 Ἵνα
449 1982 894 2054 παραστήσωμεν
939 1986 1010 2039 τὰ
1065 1985 1512 2061 σώματα’ήμῶν,
1567 1992 1866 2058 τουτέστιν,

289 2066 381 2120 ἵνα
412 2070 494 2133 εἰς
527 2071 764 2143 πόλεμον
819 2076 991 2131 ταῦτα
1022 2080 1290 2151 ὲκδῶμεν.
1326 2079 1483 2136 Οὕτω
1513 2082 1621 2154 γὰρ
1676 2083 1870 2138 εἴωθεν

288 2160 324 2227 ή
350 2161 541 2229 ὁμιλία
600 2163 811 2231 λέγειν⁸
846 2169 1201 2244 ιίαρέστησεν
1241 2174 1270 2227 ὁ
1310 2175 1616 2245 στρατηγὸς
1638 2175 1737 2240 τὰς
1776 2178 1871 2232 τά-

290 2250 404 2316 ξεις
434 2255 514 2319 εἰς
544 2258 797 2329 πόλεμον.
833 2264 903 2315 Ἢ
931 2264 1027 2317 καὶ
1055 2263 1131 2329 ὡς
1162 2266 1371 2337 βασιλεῖ
1398 2267 1478 2339 τῷ
1503 2268 1621 2339 Θεῷ
1654 2269 1867 2338 ὀφείλο-

289 2361 396 2414 μεν
430 2352 703 2422 παριστᾷν
725 2353 793 2407 τὰ
826 2355 967 2426 μέλη
1004 2359 1161 2428 ἡμῶν
1190 2359 1392 2430 δόκιμα
1422 2362 1517 2415 καὶ
1541 2362 1869 2431 ἐκλελεγμέ-

287 2451 358 2487 να
380 2453 395 2466 ’
420 2439 658 2495 τοιοῦτοι
694 2445 799 2515 γὰρ
823 2447 871 2499 οἱ
905 2448 983 2518 τῷ
1009 2448 1217 2518 βασιλεῖ
1248 2452 1669 2523 παριστάμενοι.
1708 2452 1870 2508 Ἀλλὰ

286 2527 386 2580 καὶ
421 2547 442 2581 ι
475 2530 669 2588 θυσίαν
699 2537 879 2602 ζῶσαν
916 2559 934 2589 ι
964 2541 1131 2595 ταῦτα
1160 2545 1526 2616 παραστῶμεν
1552 2545 1618 2618 [Ῑ.
1640 2564 1863 2618 παριστ.

287 2621 369 2671 vel
417 2627 872 2700 παραστήσωμ.].
923 2631 1096 2686 ’Όταν
1127 2634 1235 2703 γὰρ
1276 2635 1644 2707 νεκρώσωμεν
1673 2638 1866 2705 ταῦτα,

284 2708 413 2761 τότε
455 2710 640 2782 ζῶμεν
670 2719 811 2770 κατᾶ
851 2722 1090 2789 πνεῦμα.
1127 2724 1194 2776 'Ii
1225 2725 1327 2793 μὲν
1348 2722 1442 2779 οὖν
1480 2726 1744 2799 Ἰουδαῖκὴ
1776 2729 1883 2782 θυ-’

288 2797 404 2861 σία,
438 2800 539 2853 οὐκ
571 2805 863 2873 εὐάρεστος
894 2810 969 2880 τῷ
995 2810 1131 2884 Θεῷ.
1174 2833 1193 2866 ι
1231 2816 1327 2878 Τίς
1356 2816 1465 2889 γὰρ
1498 2797 1811 2888 ὲξεζήτησε,
1842 2837 1860 2870 ι

286 2889 447 2957 φησὶ,
487 2911 506 2944 ι
561 2896 731 2950 ταῦτα
786 2901 851 2954 ἐκ
898 2901 1008 2954 τῶν
1036 2904 1236 2976 χειρῶν
1263 2907 1452 2977 ὑμῶν;
1493 2925 1510 2959 ι
1560 2907 1625 2960 Ἦ
1669 2907 1726 2961 δὲ
1760 2910 1867 2963 τῶν

284 2985 500 3040 πιστῶν
539 2988 720 3056 θυσία,
757 2995 789 3062 ἠ
832 2992 1025 3068 λογικὴ
1074 2997 1320 3069 λατρεία,
1365 3001 1570 3071 σφόδρα
1623 3000 1867 3072 ζητεῖται

285 3079 446 3149 παρᾶ
470 3080 565 3134 τοῦ
597 3082 734 3137 Θεοῦ
755 3085 824 3141 ’⁸.
864 3107 883 3140 ι
911 3088 1085 3154 Θῦσον
1106 3111 1125 3145 ι
1161 3096 1270 3167 γὰρ
1287 3117 1305 3149 ι
1325 3098 1403 3171 τῷ
1424 3097 1545 3167 Θεῷ
1565 3097 1754 3152 θυσίαν
1780 3103 1867 3155 αῖ·

288 3169 495 3270 νεσεως
514 3186 530 3201 ⁴
607 3177 748 3243 καὶ,ι
773 3178 945 3236 Θυσία
975 3184 1237 3250 αίνέσεως
1263 3168 1483 3256 δοξάσει
1494 3210 1581 3263 με.
1606 3212 1624 3245 ι
1652 3196 1858 3270 Λογικὴ
1886 3168 1928 3226 c

358 3263 628 3363 λατρεία,
648 3270 708 3322 οὐ
736 3272 945 3346 μόνονὴ
974 3275 1061 3331 διὰ
1083 3277 1242 3347 λόγου
1274 3283 1409 3355 πρὸς
1426 3261 1558 3341 Θεον
1582 3261 1864 3363 γινομένη,

285 3355 429 3410 ἀλλὰ
459 3361 557 3412 καὶ
582 3362 615 3430 ἡ
652 3363 792 3417 κατὰ
822 3366 1057 3438 Χριστὸν
1088 3372 1353 3440 πολιτεία,
1383 3378 1511 3433 ὅταν
1554 3355 1724 3453 esset}
1745 3355 1871 3438 me;

283 3464 383 3513 γον
418 3452 593 3515 πάθος
623 3454 681 3507 ἐν
721 3457 852 3526 ἡμῖν
882 3465 1093 3534 κρατῇ,
1130 3465 1267 3520 ἀλλὰ
1321 3469 1350 3522 ὁ
1392 3468 1549 3539 λόγος
1598 3452 1665 3528 τὰ
1696 3476 1873 3532 πάντα

282 3540 465 3611 διοικῇ
496 3556 510 3571 ⁸
535 3545 630 3598 καὶ
664 3546 853 3618 ὥσπερ
879 3551 1167 3625 ἀρχιερεὺς
1181 3557 1409 3624 ἕκαστος
1439 3563 1631 3619 ἑαυτοῦ
1647 3568 1874 3635 γίνεται,

283 3635 656 3736 ἀποσφάττων
702 3640 798 3703 τὰς
822 3644 972 3708 ἐντὸς
1027 3647 1244 3715 κακίας,
1266 3654 1360 3706 καὶ
1395 3653 1566 3711 δοκῶν
1593 3660 1681 3714 ἀεὶ
1737 3680 1880 3736 παρ-

280 3727 511 3831 εστάναι
556 3728 635 3800 τῷ
689 3730 809 3831 Θεῷ
841 3774 856 3801 ,
889 3734 1143 3831 καὶκατὰ
1194 3743 1374 3799 πᾶσαν
1404 3749 1601 3818 πρᾶξιν
1653 3756 1742 3808 καὶ
1779 3727 1879 3831 si).

282 3832 371 3869 σιν
403 3815 549 3915 obrui
606 3819 875 3915 φρίττων,
902 3824 977 3889 ὡς
1001 3827 1028 3880 ὁ
1048 3829 1356 3902 ἀρχιερεὺς,
1390 3815 1518 3892 ὅταν
1542 3841 1670 3915 θείῳ
1693 3815 1879 3903 θυὲιαὶ-
1910 3886 1916 3893 ο

283 3906 494 3979 ετηρίιρ
516 3909 864 3981 παρίσταται.

362 4094 532 4193 c-Kal.
567 4098 644 4168 μὴ
699 4105 1203 4172 συσχηματίξεσθαι
1257 4111 1303 4143 ⁹⁶
1353 4112 1433 4185 τῷ
1467 4117 1624 4171 αίῶνι
1678 4119 1873 4193 τούτῳ,

285 4184 425 4238 ἀλλὰ
466 4192 949 4261 μεταμορφοῦσθαι
982 4198 1028 4230 ’⁷
1077 4203 1143 4271 τῇ
1198 4202 1563 4262 ἀνακαινώσει
1602 4211 1697 4264 τοῦ
1753 4184 1875 4277 νοδς

286 4278 467 4375 ὑμῶν.
508 4299 534 4375 ιΔ
578 4281 926 4341 ’Υποτίθεται
985 4290 1119 4361 ἡμῖν
1167 4295 1389 4365 τρόπον,
1432 4298 1501 4352 δι’
1535 4294 1596 4355 οὗ
1626 4301 1868 4375 δυνησὼ-

290 4369 434 4463 μιεθα
470 4373 586 4463 τὴν
632 4375 858 4451 λογικὴν
882 4379 1142 4454 λατρείαν
1185 4389 1572 4461 κατορθῶσαιο
1602 4396 1659 4459 ὃς
1692 4369 1865 4463 ἐστιν,

1977 1913 2154 1979 veriti,
2190 1913 2323 1970 nihil
2356 1913 2486 1983 ipsis
2524 1913 2799 1983 indignum
2837 1922 3179 1981 praestemus.
3204 1913 3342 1983 Quid
3377 1926 3555 1971 autem

1976 2006 2276 2063 obsecrat?
2308 2004 2378 2062 Ut
2427 2005 2778 2062 exhibeamus
2813 2020 3040 2075 corpora
3073 2015 3281 2074 nostra,
3311 2008 3411 2063 hoc
3448 2019 3554 2076 est,

1976 2109 2036 2154 ιιι
2064 2098 2131 2154 ad
2182 2097 2377 2153 bellum
2441 2110 2773 2166 exponamus
2810 2107 2863 2152 et
2909 2096 3207 2152 tradamus.
3268 2097 3360 2152 Sic
3408 2084 3559 2153 enim.

1975 2190 2138 2260 vulgo
2201 2190 2303 2245 diei
2361 2189 2497 2245 solet
2529 2207 2543 2245 :
2580 2190 2879 2259 Imperator
2929 2190 3072 2245 acies
3112 2204 3239 2246 suas
3264 2191 3328 2243 ad
3356 2190 3552 2245 bellum

1976 2278 2221 2333 exhibuit
2264 2278 2348 2333 vel
2394 2278 2670 2334 instruxit.
2720 2279 2825 2332 Aut
2859 2288 3112 2349 tanquam
3168 2280 3277 2349 regi
3312 2279 3420 2333 Deo
3454 2278 3554 2334 de;

1976 2370 2167 2425 bemus
2220 2370 2476 2425 exhibere
2520 2371 2760 2425 membra
2784 2382 2966 2426 nostra
2996 2372 3215 2438 probata
3266 2383 3315 2426 et
3357 2373 3552 2429 electa.

1978 2459 2137 2516 Tales
2169 2462 2311 2516 enim
2342 2470 2467 2517 sunt
2492 2461 2581 2532 qui
2626 2462 2935 2532 imperatori
2966 2463 3080 2517 sive
3123 2463 3326 2517 militia:
3359 2462 3553 2531 pra-fe-

1975 2563 2061 2605 cto
2109 2553 2395 2607 sistentur.
2454 2551 2700 2621 Insuper,
2751 2572 2771 2606 ι
2823 2554 3053 2610 hostiam
3100 2554 3364 2609 viventem
3405 2573 3423 2606 ι
3463 2570 3554 2608 ea-

1977 2646 2098 2699 dem
2123 2644 2494 2721 exhibeamus.
2519 2644 2743 2712 Quando
2765 2646 2909 2702 enim
2939 2661 3000 2703 ea
3021 2646 3551 2709 mortiﬁcaverimus,

1978 2742 2103 2789 tunc
2154 2734 2385 2791 vivimus
2426 2736 2718 2792 secumlum
2754 2736 3024 2807 spiritum.
3066 2736 3346 2794 Iudaicum
3375 2738 3554 2807 itaque

1976 2826 2300 2883 sacriﬁcium
2348 2843 2456 2884 non
2507 2841 2589 2886 est
2642 2828 2749 2885 Deo
2806 2840 3039 2899 gratum.
3078 2849 3097 2882 ι
3131 2826 3261 2898 Quis
3320 2832 3486 2894 enim,
3527 2850 3546 2882 ι

1977 2916 2170 2986 inquit,
2206 2937 2225 2970 ι
2259 2920 2548 2990 exquisivit
2594 2911 2739 2976 bzec-
2767 2921 2837 2976 de
2882 2914 3135 2979 manibus
3193 2924 3388 2979 vestris
3421 2920 3441 2962 ι
3470 2924 3495 2976 ι
3528 2940 3548 2972 ι

1975 3007 2238 3065 Fideliutn
2307 3026 2487 3068 autem
2535 3014 2885 3079 sacriﬁcium,
2952 3016 3003 3069 id
3064 3023 3170 3081 est,
3234 3014 3546 3070 rationalem

1975 3101 2178 3157 cultum
2211 3104 2552 3161 vehementer
2577 3107 2780 3176 expetit
2817 3107 2978 3162 Deus.
3033 3126 3051 3159 ι
3102 3107 3359 3162 Sacriﬁco
3404 3107 3547 3162 enim

1970 3193 2096 3258 Deo,
2121 3213 2138 3246 ι
2163 3194 2356 3265 inquit,
2387 3215 2406 3251 ι
2428 3198 2755 3254 sacriﬁcimn
2782 3198 2957 3252 laudis
2986 3216 3042 3253 ιι
3072 3208 3148 3263 ει,
3167 3218 3185 3250 ι
3209 3197 3546 3254 Sacriﬁcium

1972 3287 2147 3345 laudis
2172 3288 2497 3359 glorilicahit
2547 3307 2630 3344 tne
2657 3297 2719 3345 ".
2764 3310 2782 3343 ι
2823 3291 3124 3346 Rationalis
3154 3301 3334 3345 autem
3373 3290 3549 3344 cultus

1972 3388 2074 3444 est,
2112 3393 2214 3433 non
2256 3379 2426 3433 solum
2457 3381 2549 3450 qui
2584 3380 2762 3436 verbis
2803 3383 2871 3434 ad
2913 3378 3079 3434 Deum
3118 3381 3276 3435 factis
3321 3390 3549 3449 prmsta-

1977 3481 2085 3537 lur,
2124 3486 2306 3528 verum
2339 3472 2501 3527 etiam
2534 3474 2642 3529 vita
2682 3480 2846 3529 estet
2889 3472 3227 3527 conversatio
3252 3474 3543 3526 secundum

1976 3561 2293 3619 Christum:
2345 3574 2400 3619 et
2455 3565 2668 3634 quando
2723 3562 2898 3617 nullus
2937 3562 3267 3617 irrationalis
3325 3562 3548 3617 aﬁ‘ectus

1984 3658 2034 3711 in
2065 3658 2222 3713 nobis
2253 3666 2463 3728 regnat,
2498 3659 2591 3713 sed
2627 3658 2764 3712 ratio
2796 3658 2977 3712 omnia
3007 3657 3306 3726 gubernat;
3341 3664 3396 3708 et
3425 3664 3546 3709 tan-

1983 3767 2143 3824 quam
2183 3750 2419 3820 pontifex
2450 3750 2680 3821 quisque
2713 3748 2967 3818 suiipsius
2993 3748 3167 3802 factus
3206 3746 3388 3813 fuerit,
3413 3746 3547 3800 inte-

1987 3844 2181 3898 riorem
2227 3838 2484 3896 malitiam
2507 3838 2782 3909 jugulans,
2809 3852 2971 3908 seque
2994 3837 3312 3892 existimans
3334 3850 3549 3905 semper

1983 3952 2164 3991 ceram
2202 3933 2309 3989 Deo
2342 3943 2514 3998 stare,
2551 3946 2616 3988 ac
2650 3933 2703 3986 in
2733 3932 2877 3987 omni
2911 3944 3074 4000 opere
3100 3939 3155 3984 et
3192 3930 3355 3984 verbo
3380 3929 3548 3981 instar

1984 4026 2254 4099 pontiﬁcis
2286 4022 2483 4078 divina:
2525 4038 2634 4078 arae
2663 4019 2972 4077 assistentis
3000 4019 3435 4088 perhorrescens.

2052 4116 2214 4172 Vens.
2256 4112 2312 4167 2.
2349 4131 2369 4166 ι
2407 4111 2473 4167 Ει
2503 4127 2569 4167 ne
2612 4109 3014 4181 conﬁguremini
3061 4109 3185 4163 huic
3207 4104 3422 4167 saeculo,
3453 4104 3547 4159 sed

1982 4205 2432 4263 transformemini
2467 4219 2559 4275 per
2591 4202 2998 4259 renovationem
3050 4199 3244 4257 mentis
3262 4207 3491 4253 vestrm;
3522 4213 3542 4246 ι

1980 4301 2193 4356 Modum
2246 4300 2402 4354 nobis
2425 4296 2695 4368 preponit,
2722 4310 2829 4365 quo
2872 4292 3190 4348 rationalem
3230 4291 3433 4347 cultum
3466 4290 3547 4343 vel

1977 4392 2291 4449 servitutem
2340 4389 2601 4460 perﬁcere
2654 4402 2913 4458 queamus
2973 4403 2987 4440 :
3043 4385 3134 4456 qui
3198 4393 3302 4449 est,
3358 4383 3403 4438 si
3437 4396 3544 4437 non

289 4459 388 4572 ad?
420 4461 498 4572 μὴ
551 4471 1093 4572 συσγηματιξὼμεθα
1140 4479 1219 4548 τῷ
1264 4459 1420 4537 αἰῶνι
1453 4485 1649 4559 τούτῳ.
1695 4459 1863 4544 Οὐδὲν

1977 4485 2375 4555 conﬁguremur
2413 4481 2611 4537 smculo
2659 4479 2804 4534 huic.
2859 4478 3001 4534 Nihil
3052 4478 3194 4533 enim
3254 4478 3412 4532 habet
3463 4476 3545 4528 vel

287 4550 399 4650 γὰρ
425 4552 541 4650 ἔχει
562 4554 714 4619 ἑστὸς
742 4560 836 4614 καὶ
862 4561 1102 4631 βέϐαιον,
1151 4569 1289 4622 ἀλλὰ
1323 4573 1500 4628 πάντα
1527 4550 1858 4650 πρόσκαιρα,

287 4643 384 4696 καὶ
438 4645 625 4717 σχῆμα
662 4650 823 4719 μόνον
878 4654 1088 4725 ἔχοντα,
1127 4660 1223 4732 οὐχ
1249 4663 1549 4721 ὑπόστασίν
1574 4643 1716 4725 ⁷’τινα
1768 4643 1864 4726 καί.

287 4736 478 4843 οὐσίαν
509 4738 761 4843 pompm:
821 4746 914 4817 Μὴ
954 4748 1070 4812 οὖν,
1110 4756 1295 4822 φησιν,
1359 4756 1708 4827 ὲξομοιοῦσθε
1770 4762 1865 4816 καὶ

291 4829 446 4895 ὑμεῖς
474 4831 647 4901 τούτῳ
687 4834 767 4904 τῷ
813 4838 979 4893 αίῶνι·
1012 4842 1402 4916 ἁνυποστάτῳ·
1454 4851 1723 4917 τουτέστι,
1770 4853 1863 4923 Μὴ

289 4925 537 4991 φρονεῖτε
558 4926 629 4979 τὰ
641 4927 879 4995 τούτου,ι
913 4934 1048 4988 ἀλλὰ
1070 4939 1525 5009 μεταμορφοῦσθε
1553 4944 1618 5013 τῇ
1640 4943 1864 4998 ἀνακαι-

288 5013 450 5069 νώσει
467 5017 558 5070 τοῦ
578 5020 695 5083 νοὸς
717 5023 919 5092 ὑμῶν,ι
946 5028 1243 5099 τουτέστιν,
1267 5032 1355 5086 ἀεὶ
1382 5033 1678 5088 ἁνακαίνου
1704 5052 1865 5090 σεαυ-

286 5102 399 5157 τόν.
432 5104 751 5178 Ἥμαρτες;
804 5112 1155 5182 ὲπαλαίωσάς
1199 5136 1293 5173 σου
1332 5121 1431 5192 τὴν
1459 5121 1659 5194 ψυχήν.
1707 5123 1865 5178 Ἀνα-

290 5194 598 5267 καινίσθητι
631 5201 813 5258 πάλιν.
852 5205 1237 5277 Κατώρθωσὰς
1269 5228 1324 5265 τι
1358 5214 1589 5285 μικρόν;
1625 5215 1861 5269 σπούδα-

290 5303 380 5341 σον
402 5292 497 5343 καὶ
525 5293 710 5362 μεῖζον
731 5300 1099 5371 κατορθῶσαι,
1131 5307 1226 5359 καὶ
1274 5308 1509 5377 γέγονας
1533 5312 1743 5378 καινὸς,
1775 5313 1863 5366 ἀεὶ

287 5380 378 5470 hri
394 5382 456 5436 τὸ
490 5389 738 5456 κρεῖττον
771 5396 1317 5466 μεταμορφούμενος.
1346 5402 1489 5470 Ὅρα
1512 5402 1589 5468 δὲ,
1628 5404 1746 5460 πῶς
1767 5405 1860 5458 ἐπὶ

289 5469 388 5540 μὲν
418 5473 515 5527 τοῦ
549 5476 752 5548 κόσμου
780 5480 968 5552 σχῆμα
993 5484 1265 5557 ὠνόμασε,
1300 5490 1390 5545 διὰ
1423 5469 1503 5544 Ῠτὸ
1546 5492 1859 5549 εὐδιάλυτον

357 5588 512 5652 Usa.
545 5614 583 5665 ι,
626 5601 710 5657 12.
784 5611 826 5635 ⁸
878 5604 1018 5663 l‘sal.
1076 5625 1218 5677 xm,
1262 5613 1344 5668 l4.

1964 4577 2161 4632 stabile
2208 4576 2290 4630 vel
2340 4577 2574 4637 ﬁrmum,
2624 4578 2717 4628 sed
2759 4571 2942 4626 omnia
2963 4579 3088 4626 sunt
3130 4570 3459 4640 temporaria
3491 4579 3546 4621 ct

1964 4672 2186 4742 ﬁguram
2218 4676 2428 4722 tantum
2456 4665 2707 4721 habentia
2731 4703 2746 4728 ,
2774 4679 2880 4717 non
2914 4662 3322 4718 subsistentiam
3351 4675 3542 4728 quam-

1962 4764 2108 4826 dam,
2140 4769 2195 4816 et
2224 4758 2582 4815 substantiam
2611 4755 2819 4811 ﬁrmam
2847 4771 2943 4811 seu
2993 4763 3422 4823 permanentem.
3466 4751 3543 4808 Ne

1959 4853 2164 4921 itaque,
2212 4851 2405 4921 inquit,
2437 4848 2812 4905 assimiletnini
2854 4856 2909 4903 et
2940 4862 3036 4903 vos
3070 4847 3198 4902 huic
3228 4845 3426 4902 Saecula
3450 4844 3537 4898 in-

1960 4943 2224 4999 constanti
2258 4961 2272 4997 :
2305 4944 2405 4997 hoc
2457 4953 2562 5010 εει,
2598 4940 2676 4996 Ne
2706 4942 2962 5011 cogitate,
2998 4956 3171 5010 neque
3223 4940 3395 5010 sapite
3421 4952 3540 5007 quae

1962 5046 2087 5093 sunt
2139 5036 2317 5108 hujus,
2351 5054 2369 5088 ι
2407 5033 2511 5090 Sed
2571 5032 3030 5089 transformemini
3089 5048 3183 5102 per
3230 5030 3541 5086 renovatio-

1962 5143 2086 5183 nem
2138 5128 2338 5182 mentis
2386 5135 2601 5192 vestrae,
2642 5145 2663 5179 ι
2696 5127 2797 5182 hoc
2826 5135 2931 5192 est,
2964 5124 3257 5196 Nunquam
3314 5138 3417 5176 non
3455 5116 3537 5175 te"-

1959 5221 2131 5290 ipsum
2162 5219 2380 5274 innova.
2407 5217 2646 5274 Peccasti
2666 5219 2691 5274 ?
2714 5220 2950 5275 animam
2982 5227 3129 5272 tuam
3157 5227 3392 5270 veterem
3424 5213 3539 5277 red-

1960 5308 2486 5365 didistizinnovare
2545 5323 2756 5364 rursus.
2810 5306 3115 5363 Correxisti-
3174 5318 3355 5359 mores
3416 5314 3536 5358 tuos

1958 5399 2271 5469 paululum?
2323 5415 2523 5455 conare
2584 5399 2754 5470 magis
2802 5399 3079 5468 magisque
3108 5396 3419 5463 emendare,
3449 5395 3530 5449 ιη.

1958 5506 2182 5564 ctusque
2222 5509 2281 5550 es
2320 5509 2510 5561 novus,
2540 5492 2591 5548 in
2625 5491 2816 5550 melius
2835 5506 3050 5563 semper
3097 5490 3532 5548 transformatus.

1639 5709 1839 5773 Varia
1870 5709 2199 5775 lectiones.

354 5788 403 5824 "
427 5790 507 5863 τῷ
534 5792 654 5866 Θεῴ
680 5813 731 5853 ο.
818 5801 862 5832 ⁹⁶
894 5804 1179 5869 -τίζεσθε
1213 5823 1264 5863 ο.
1344 5810 1388 5847 ’⁷
1418 5810 1695 5882 -φοῦσθε
1729 5829 1780 5868 ο.
