4038 6620
268 382 378 449 5m
1158 384 1557 449 EXE‘OSITIO
1595 386 1674 447 ΙΝ
1714 388 1952 449 EPIST.
1988 390 2088 452 AD
2124 390 2303 451 R051.
2333 393 2574 455 -CAP.
2619 390 2753 457 XII.
3392 383 3527 448 “50?.

269 494 417 552 ἀλλὰ
436 495 529 548 τὸν
558 495 665 549 ἀπὸ
693 497 786 550 τοῦ
812 497 972 564 Θεοῦ,
996 498 1062 552 δν
1090 502 1122 570 ή
1156 502 1315 570 χάρις
1350 500 1516 556 αὑτοῦ
1562 504 1852 559 ὲνέπνευσέ

1964 506 2049 561 sed
2104 521 2228 562 eum
2273 523 2433 577 quem
2491 523 2520 562 a
2575 508 2684 564 Deo
2736 504 2944 575 accepi,
2978 514 3136 574 quem
3159 500 3329 574 gratia
3362 501 3529 570 ipsius

275 605 398 661 μοι.
424 587 595 641 Παντὶ
620 588 676 642 δὲ
697 589 847 658 λέγει
872 591 914 655 ²,
950 591 1046 644 καὶ
1070 591 1286 664 ἰδιώτῃ,
1308 593 1403 649 καὶ
1427 594 1669 665 ἄρχοντι,
1707 613 1726 647 ι
1755 596 1847 667 Μὴ

1964 598 2239 667 inspiravit
2281 599 2431 654 mihi.
2470 618 2490 653 ι
2528 598 2758 654 Cttilibet
2792 616 2813 650 θ
2841 606 3018 653 mrtem
3064 596 3151 651 hic
3179 592 3340 650 verba
3378 591 3527 657 facit,

276 683 648 754 ὑπερφρονεῖν
682 684 812 753 παρ’
839 682 868 736 ὃ
895 684 979 738 δεῖ
1006 688 1437 758 φρονεῖνοιλπερὶ
1467 688 1567 756 τῆς
1596 705 1848 743 ταπεινοο

277 774 560 845 φροςὺνης
612 775 996 844 διαλεγόμενος
1032 776 1267 846 πρῶτον,
1304 776 1494 846 ὥσπερ
1544 779 1638 832 καὶ
1668 780 1695 833 6
1739 778 1852 831 Κύ-

277 879 423 933 ριος,
453 864 546 919 ἀπ’
571 864 742 933 αὑτῆς
788 864 1023 935 ἤρξατο·
1085 884 1103 915 α
1139 866 1413 937 Μακάριοι
1442 868 1492 921 oi
1543 870 1749 939 πτωχοὶ
1773 867 1850 940 τῷ

276 956 578 1027 πνεύματι.
605 975 624 1008 ι
657 959 720 1012 Ὃ
744 957 799 1010 δὲ
821 958 990 1024 λέγει,
1025 957 1265 1012 τοιοῦτόν
1295 962 1442 1012 ἐστι·
1469 962 1559 1014 Δεῖ
1591 962 1689 1031 μὲν
1715 979 1847 1034 φρο-

274 1051 417 1112 νεῖν,
440 1049 737 1114 τουτέστιν,
770 1049 972 1120 ὑψηλὸν
997 1050 1257 1121 λογισμὸν
1276 1050 1442 1124 ἔχειν,
1468 1051 1600 1109 ἀλλὰ
1633 1054 1772 1125 πρὸς
1791 1054 1852 1108 τὸ

276 1144 503 1213 φρονεῖν
529 1142 599 1197 τὰ
652 1142 904 1213 οὐράνια,
955 1144 1048 1197 καὶ
1079 1143 1436 1217 ὑπερκεῖσθαι
1468 1146 1577 1201 τῶν
1615 1146 1849 1218 γεηρῶν,

275 1233 404 1303 οὐχὶ
436 1231 572 1302 πρὸς
608 1232 669 1286 τὸ
717 1232 824 1285 τῶν
853 1232 1133 1303 ὁμογενῶν
1178 1236 1608 1311 κατεπαίρεσθαι
1635 1255 1646 1267 ·
1697 1238 1854 1293 τοῦτο

275 1324 393 1396 γὰρ
424 1325 542 1377 ἐστι
571 1322 630 1378 τὸ
662 1325 1043 1398 ὑπερφρονεῖν.

362 1520 382 1553 r
432 1500 595 1556 Ἀλλά
622 1506 840 1576 φρονεῖν
874 1507 955 1583 εἰς
983 1506 1044 1559 τὸ
1101 1511 1421 1580 σωφρονεῖν.
1462 1529 1482 1564 ι
1558 1511 1855 1585 Ἐλάεομεν

276 1596 395 1663 γὰρ
417 1594 706 1665 φρόνησιν,
758 1598 856 1669 οὑχ
916 1599 1005 1653 ἵνα
1039 1601 1122 1665 είς
1156 1602 1416 1658 ἀπόνοιαν
1465 1605 1605 1675 αὑτῇ
1637 1604 1855 1676 χρηςὼ-

276 1682 447 1751 prada.
472 1683 589 1738 ἀλλ’
610 1686 697 1739 ἵνα
721 1689 800 1751 εἰς
829 1690 1208 1763 σωφροσύνην,
1234 1695 1535 1760 τουτέστιν,
1559 1698 1640 1762 εἰς
1665 1714 1855 1757 ταπειτ-

276 1776 642 1845 νοφροσὺνην.
676 1776 833 1831 Οὑτω
865 1779 921 1833 δὲ
945 1778 1121 1847 εἶπεν,
1161 1782 1246 1835 ἵνα
1275 1783 1444 1857 δείξῃ,
1477 1786 1559 1839 ὅτι
1584 1787 1611 1840 6
1641 1786 1716 1859 μὴ
1759 1804 1856 1841 τα-

1955 700 2012 747 et
2031 693 2240 761 privato
2264 702 2317 747 et
2347 692 2713 762 magistratum
2737 690 2967 760 gerenti,
2998 709 3017 743 ι
3048 687 3159 743 Non
3179 701 3368 757 sapere
3392 684 3528 739 ultra

1955 796 2115 852 quam
2138 790 2383 850 oporteat
2422 802 2433 836 :
2472 799 2491 832 ι
2527 781 2592 834 de
2642 779 2943 838 humilitate
2976 779 3208 848 primum
3233 776 3526 833 disserens.

1960 872 2102 929 sicut
2164 882 2219 926 et
2244 870 2523 929 Dominus
2549 872 2618 931 ab
2643 870 2756 940 ipsa
2787 870 2949 928 etiam
2976 883 3134 924 orsus
3158 877 3275 923 est:
3321 886 3340 923 ι
3382 864 3528 921 Beuli

1958 979 2221 1035 pauperes
2271 965 2460 1037 spiritu
2492 975 2519 1016 ι)
2549 1002 2565 1019 .
2605 983 2624 1017 ι
2665 964 2814 1031 Quod
2850 972 3030 1018 autem
3082 962 3180 1025 ait,
3225 970 3306 1017 εει
3345 958 3531 1027 hujus-

1962 1056 2101 1111 niodi
2139 1074 2152 1111 :
2190 1055 2412 1127 Oportet
2455 1057 2672 1126 quidem
2730 1070 2942 1124 sapere,
2995 1056 3097 1111 hoc
3121 1062 3223 1119 est,
3255 1051 3416 1109 aitam
3439 1068 3533 1105 eo-

1959 1148 2273 1218 gilationem
2322 1149 2541 1213 habere,
2597 1148 2690 1203 sed
2750 1148 2847 1211 ita,
2880 1154 2937 1200 ut
3003 1143 3250 1207 eteiestes
3286 1158 3370 1197 res
3403 1141 3532 1198 affe-

1960 1250 2189 1305 ctemus,
2240 1251 2398 1311 atque
2442 1256 2603 1313 super
2654 1239 2934 1304 terrestria
3005 1236 3296 1300 elevemur,
3342 1248 3447 1291 non
3475 1243 3533 1287 ut

1960 1342 2149 1391 contra
2187 1332 2379 1389 fratres
2406 1342 2463 1389 et
2486 1333 2760 1402 proximos
2788 1331 3078 1387 ell'eratnur
3108 1346 3124 1396 ;
3154 1328 3254 1383 hoc
3283 1327 3424 1383 enim
3451 1337 3534 1381 est

1961 1437 2151 1494 sapere
2173 1423 2310 1479 ultra
2343 1438 2505 1494 quam
2526 1431 2760 1494 oportet.
3116 1416 3122 1423 ’

2038 1534 2058 1571 r
2113 1514 2221 1572 Sed
2245 1530 2436 1587 sapere
2478 1516 2544 1571 ad
2568 1508 2937 1573 sobrietatem.
2972 1531 2995 1565 ι
3032 1508 3353 1579 Acoepimus
3387 1519 3532 1567 en.m

1961 1609 2282 1681 sapientiam
2302 1625 2410 1666 non
2444 1619 2504 1664 ut
2535 1608 2599 1664 ad
2625 1606 2995 1678 arrogantiam
3018 1605 3303 1661 abutamur
3327 1613 3411 1664 ea,
3440 1596 3536 1653 sed

1964 1702 2030 1756 ad
2063 1701 2408 1757 sobrietatem
2452 1709 2505 1754 et
2537 1701 2984 1763 moderatianem,
3006 1695 3234 1757 bocest.
3259 1690 3327 1747 ad
3363 1686 3543 1758 imm".

1967 1792 2190 1848 litatem.
2228 1790 2353 1848 Hice
2383 1793 2454 1846 ita
2481 1791 2686 1848 locutus
2719 1800 2823 1856 est,
2858 1797 2917 1845 ut
2948 1785 3258 1843 ostenderet
3299 1776 3536 1846 eumqui

275 1867 697 1937 πεινοφρονῶν,
749 1873 1055 1941 παραπαίει
1113 1876 1210 1929 κα)⁸
1256 1876 1518 1949 ἑξέστηκε
1567 1878 1675 1934 τῶν
1707 1880 1853 1934 ἰδίων

1964 1897 2062 1937 non
2114 1882 2411 1948 humiliter,
2464 1882 2556 1937 sed
2578 1889 2894 1952 arroganter
2940 1892 3004 1934 se
3060 1871 3310 1945 gesserit,
3354 1878 3410 1926 et
3430 1867 3535 1926 itu-

274 1954 591 2028 λογισμῶν
621 1962 649 2014 6
686 1961 743 2016 δὲ
775 1966 1240 2038 ταπεινοφρονῶν,
1280 1968 1426 2034 σώας
1453 1969 1566 2044 ἔχει
1592 1971 1692 2038 τὰς
1723 1973 1853 2045 φρέ-

275 2067 382 2114 νας
401 2067 418 2083 υ
446 2053 538 2107 καὶ
570 2053 660 2110 διὰ
686 2054 847 2111 τοῦτο
866 2057 1085 2129 λέγεται
1121 2066 1443 2122 σωφρονεῖν.

361 2246 383 2281 ι
429 2228 769 2304 Ἐκάστῳώς
799 2236 829 2290 6
871 2237 1005 2303 Θεὸς
1051 2240 1276 2312 ἐμέρισε
1318 2243 1519 2315 μέτρον
1551 2245 1806 2311 πίστεως.
1830 2266 1848 2300 ι

276 2321 490 2390 Εἰπὼν,
511 2325 591 2378 ὅτι
618 2324 701 2381 δεῖ
726 2328 874 2399 ἡμᾶς
914 2330 991 2403 μὴ
1041 2333 1425 2407 ὑπερφρονεῖν,
1471 2337 1607 2393 ἀλλὰ
1639 2356 1857 2412 σωφρο-

276 2415 419 2479 νεῖν,
449 2414 544 2468 νῦν
576 2415 747 2487 λέγει,
773 2421 891 2486 πῶς
937 2421 1020 2476 δεῖ
1070 2427 1402 2497 σωφρονεῖνο
1435 2428 1531 2482 καί
1556 2447 1741 2500 φησιν,
1773 2431 1857 2484 ὅτι

274 2506 429 2600 οὕτω
477 2508 559 2563 δεῖ
596 2517 916 2585 σωφρονεῖν,
968 2516 1045 2581 ὡς
1080 2517 1486 2592 λογιζομένους,
1529 2524 1610 2578 ὅτι
1638 2526 1856 2600 ἑκάστῳ

276 2598 541 2671 ἐμέρισεν
569 2605 596 2656 6
641 2603 778 2670 Θεὸς
826 2608 1027 2679 μέτρον
1078 2611 1334 2678 πίστεως.
1386 2615 1607 2689 Ἐπειδὴ
1648 2619 1757 2689 γὰρ
1789 2598 1858 2673 τδι

277 2694 605 2763 χαρίσματα
630 2697 832 2767 μᾶλλον
856 2700 937 2763 εἰς
960 2702 1219 2760 ἀπόνοιαν
1250 2706 1427 2779 ἐπῆρε
1457 2710 1579 2773 τοὺς
1604 2710 1854 2778 πολλοὺς,

273 2784 351 2836 δι’
381 2787 511 2841 αὑτὸ
553 2791 746 2859 τοῦτο,
796 2799 951 2867 φησὶ,
999 2797 1082 2851 δεῖ
1122 2803 1443 2871 σωφρονεῖν,
1492 2804 1625 2857 διότι
1653 2805 1681 2857 6
1724 2804 1859 2872 Θεὸς

279 2877 545 2972 ἐμέρισεν
591 2883 809 2958 ἑκάστῳ
839 2887 899 2939 τὸ
932 2889 1130 2962 μέτρον
1181 2894 1280 2963 τῆς
1311 2894 1570 2959 πίστεως.
1612 2898 1705 2969 Μὴ
1746 2901 1855 2972 γὰρ

281 2966 384 3018 σὸν
418 2970 751 3044 κατόρθωμα
792 2976 949 3032 τοῦτο
975 3022 990 3045 ,
1025 2979 1162 3037 ἀλλὰ
1212 2984 1460 3055 χάρισμά
1506 2990 1622 3043 ἐστι
1672 2966 1852 3044 σεῖοννο

279 3060 396 3113 κᾶν
433 3062 594 3132 μέγα,
628 3067 728 3121 κᾶν
754 3086 975 3142 μικρον,
1005 3074 1034 3126 6
1064 3074 1196 3139 Θεὸς
1220 3077 1380 3131 τοῦτο
1417 3078 1638 3137 δέδωκε.
1670 3082 1857 3139 Πίστιν

277 3151 606 3245 δὲῗένταῦθα
631 3159 691 3213 τὸ
720 3163 966 3235 χάρισμα
996 3165 1167 3236 λέγει,
1194 3171 1250 3222 ὲν
1279 3163 1324 3239 ᾧ
1355 3170 1854 3245 ἑθαυματοὺργουν.

1956 1976 2166 2047 pegisse
2205 1984 2261 2031 et
2304 1975 2568 2033 excidisse
2593 1991 2622 2030 a
2676 1972 2909 2044 propriis
2952 1966 3393 2040 cogitationibus.
3423 1960 3538 2017 ilu-

1960 2067 2103 2123 milis
2145 2076 2349 2136 autem,
2407 2068 2705 2124 incolumes
2757 2065 3045 2136 salvosqtte
3093 2073 3285 2118 sensus
3322 2053 3531 2133 habet:

1959 2167 2244 2231 propterea
2266 2158 2467 2215 dicitur
2486 2173 2608 2216 esse
2637 2157 2875 2213 sobrius.

2040 2267 2062 2303 r
2117 2247 2420 2319 Unicuique
2470 2250 2610 2306 sicut
2638 2250 2779 2306 Deus
2830 2248 3060 2320 partitus
3120 2253 3204 2301 est
3228 2257 3536 2300 mensuram

1965 2341 2115 2403 ﬁdei.
2153 2361 2173 2398 ι
2221 2342 2356 2399 Cum
2396 2342 2624 2407 dixisset
2661 2358 2760 2400 nos
2797 2358 2905 2401 non
2946 2350 3199 2413 oportere
3235 2338 3535 2409 superbire.

1964 2436 2059 2492 sed
2082 2437 2352 2494 modestos
2415 2451 2538 2492 esse
2580 2445 2636 2492 et
2682 2435 2933 2501 humiles,
2980 2447 3123 2489 nunc
3151 2431 3387 2489 ostendit
3430 2444 3538 2498 qua

1964 2528 2173 2585 ratione
2220 2527 2431 2587 sobrios
2466 2541 2586 2583 esse
2614 2534 2883 2598 oporteat,
2912 2524 3182 2595 inquiens,
3226 2522 3298 2577 ita
3328 2520 3537 2577 sobrios

1963 2631 2086 2674 esse
2110 2624 2381 2686 oportere,
2406 2626 2719 2687 reputantes
2752 2629 2967 2684 nempe,
3001 2613 3141 2684 quod
3173 2613 3367 2683 cuique
3399 2611 3538 2665 Dens

1965 2709 2196 2777 partitus
2246 2716 2330 2766 est
2389 2724 2697 2765 mensuram
2749 2707 2893 2764 ﬁdei.
2921 2705 3365 2777 Quandoquidem
3392 2703 3537 2758 enim

1965 2800 2101 2855 dona
2138 2798 2225 2854 illa
2255 2799 2563 2878 complures
2585 2799 2637 2853 iu
2660 2797 3024 2868 arrogantiam
3050 2793 3367 2857 efferebant,
3403 2790 3538 2850 Pro—

1965 2902 2083 2962 pter
2135 2894 2239 2949 hoc
2294 2895 2487 2964 ipsum,
2552 2892 2748 2961 inquit,
2803 2890 3046 2955 modeste
3082 2887 3285 2945 sentire
3306 2890 3537 2956 aperiet.

1964 2984 2106 3053 quod
2162 2986 2304 3042 Deus
2347 2984 2638 3055 unicuique
2682 2982 2804 3041 ﬁdei
2837 2995 3144 3038 mensuram
3180 2978 3412 3050 partitus
3439 2976 3534 3033 sil.

1962 3079 2081 3134 Non
2127 3080 2270 3134 enim
2324 3088 2411 3133 tua
2448 3078 2616 3133 virtus
2642 3077 2853 3143 istinc,
2890 3090 3066 3146 neque
3101 3082 3248 3130 tuum
3270 3087 3405 3143 opus
3436 3079 3539 3132 est,

1963 3171 2058 3227 sed
2109 3170 2348 3226 divinum
2407 3170 2607 3224 donum
2642 3187 2656 3225 :
2687 3169 2801 3234 sive
2849 3182 3100 3239 magnum
3147 3166 3261 3220 sive
3289 3164 3541 3233 exiguum

292 3244 369 3303 Ἠ
401 3245 510 3316 γὰρ
544 3249 723 3314 πίστις
757 3233 910 3326 διττῆ
931 3270 946 3286 ο
981 3257 1015 3327 ὴ
1050 3233 1150 3329 μὲν
1175 3233 1355 3329 ἡμων,
1385 3259 1462 3324 ὡς
1490 3233 1570 3330 τὸ,
1605 3281 1625 3314 ‹
1672 3233 1737 3318 ³ιί
1765 3262 1858 3316 πί-

1964 3260 2149 3327 fuerit,
2204 3261 2342 3315 Deus
2388 3270 2536 3315 certe
2573 3259 2678 3315 hoc
2722 3233 3004 3328 impertiit.
3036 3254 3221 3312 Fidem
3246 3263 3426 3311 autem
3457 3253 3541 3307 hic

278 3352 408 3398 στις
432 3354 523 3391 σου
548 3341 754 3398 σέσωκέ
782 3361 842 3398 σε
871 3363 884 3377 ο
920 3364 940 3401 ι
972 3348 1083 3417 ἡδὲ
1131 3349 1270 3403 Θεοῦ
1335 3351 1530 3424 δῶρον,
1571 3353 1640 3407 δι’
1665 3350 1733 3426 ἦς
1763 3356 1860 3410 καὶ

280 3427 547 3497 θαύματα
594 3434 856 3505 γίνονται,
910 3438 987 3503 ὡς
1014 3441 1097 3510 τὸ,
1129 3461 1147 3494 ι
1196 3441 1320 3498 Ἐὰν
1359 3445 1520 3517 ἔχητε
1550 3446 1735 3501 πίστιν
1786 3449 1863 3511 ὡς

282 3524 495 3579 κόκκον
527 3528 818 3596 σινάπεως,
854 3532 1029 3603 ἐρεῖτε
1064 3533 1144 3607 τῷ
1195 3536 1313 3610 δρει
1345 3539 1543 3612 τούτῳ,
1578 3541 1862 3613 Μετάϐηθι

280 3615 545 3673 ἐντεῦθεν
571 3621 707 3688 ἐκεῖ,
739 3625 833 3678 καὶ
859 3625 1250 3699 μεταϐήσεται.
1283 3647 1304 3682 ι

371 3913 392 3948 ι
424 3894 692 3967 Καθάπερ
709 3897 816 3970 γὰρ
847 3899 904 3953 ἐν
934 3898 1016 3955 ἑνὶ
1045 3900 1263 3974 σώματι
1281 3900 1451 3958 πολλὰ
1480 3903 1618 3978 μέλη
1644 3903 1862 3978 ἔχομεν,

286 3990 476 4043 πάντα
503 3990 653 4045 δὲτὰ
682 3993 818 4065 μέλη
848 3994 912 4047 οὑ
961 3992 1061 4066 τὴν
1093 3995 1263 4067 αὑτὴν
1292 3995 1406 4068 ἔχει
1460 3998 1660 4067 πρᾶξιν
1683 4015 1697 4029 ·
1722 3998 1867 4053 οὑτω

282 4085 392 4135 καὶ
418 4083 469 4136 οἱ
496 4082 698 4150 πολλοὶ,
727 4085 786 4140 ἓν
818 4086 977 4157 σῶμά
999 4088 1165 4158 ὲσμεν
1188 4089 1248 4141 ὲν
1267 4089 1490 4163 Χριστῷ
1509 4106 1524 4123 ⁸
1555 4092 1583 4145 6
1604 4091 1661 4145 δὲ
1681 4091 1868 4157 καθεῖς

290 4173 462 4247 [δαίς.
491 4177 615 4230 καθ’
648 4173 776 4251 sig],
802 4179 1051 4252 ἀλλήλων
1083 4183 1243 4253 μέλη.
1282 4201 1303 4235 ι
1363 4182 1455 4255 Τῷ
1484 4181 1581 4237 τοῦ
1612 4181 1868 4267 σώματος

289 4267 393 4319 καὶ
428 4268 537 4321 τῶν
574 4269 752 4339 μελῶν
783 4272 1171 4343 ὑποδείγματι,
1205 4273 1265 4327 τὸ
1297 4271 1451 4344 μέγα¹
1466 4274 1565 4345 τῆς
1591 4275 1872 4346 ὑπερφρο-

294 4357 467 4431 σύνης
491 4358 715 4432 ἔπαρμα
738 4362 1013 4434 καθαιρεῖ.
1043 4364 1255 4435 Ὠσπερ
1280 4365 1389 4435 γὰρ
1409 4363 1469 4417 τὸ
1490 4364 1649 4436 σῶμα
1676 4364 1735 4418 ἓν
1769 4364 1869 4436 μέν

292 4451 445 4517 ἐστι,
473 4452 707 4528 διάφορα
724 4455 780 4509 δὲ
803 4457 943 4528 μέλη
975 4456 1109 4528 ἔχει,
1135 4449 1425 4528 διαφόρους
1454 4457 1683 4531 πράξεις
1718 4459 1870 4530 ἐνερ-

1964 3355 2163 3410 donum
2213 3353 2463 3422 appellat,
2522 3366 2629 3422 quo
2683 3348 2943 3405 miracula
2973 3347 3350 3419 perﬁciebant.
3382 3345 3544 3403 Fides

1963 3447 2109 3502 enim
2167 3444 2359 3515 duplex
2387 3442 2703 3501 estzaltera
2757 3449 2966 3507 nostra,
3024 3450 3105 3506 ut,
3137 3457 3156 3492 ι
3194 3437 3354 3495 Fides
3378 3446 3466 3491 tua
3493 3447 3546 3490 te

1964 3539 2201 3595 servavit
2232 3547 2262 3588 tt
2292 3553 2306 3590 :
2353 3556 2371 3589 ι
2400 3536 2569 3591 altera
2594 3549 2725 3590 vero
2756 3535 2954 3591 donum
2987 3531 3105 3600 Dei,
3137 3546 3233 3601 per
3260 3544 3419 3599 quam
3444 3529 3545 3583 nti-

1966 3627 2148 3684 racula
2207 3626 2361 3693 liunt,
2390 3635 2446 3680 ut
2491 3641 2615 3681 cum
2672 3624 2750 3680 ait
2797 3622 3095 3679 Christus:
3147 3621 3203 3675 Si
3245 3617 3544 3675 habueritis

1965 3719 2124 3775 tidem
2179 3719 2321 3775 sicut
2366 3731 2594 3787 granum
2646 3716 2870 3785 sinapis,
2925 3712 3119 3770 dicetis
3148 3710 3319 3767 monti
3358 3708 3485 3766 huic
3526 3726 3542 3764 :

1965 3807 2227 3865 Transfer
2259 3818 2312 3864 te
2351 3808 2476 3862 hinc
2506 3807 2618 3872 illo,
2649 3815 2702 3862 et
2731 3802 3088 3862 transferetur
3111 3812 3192 3862 ι’.»

2040 3901 2204 3959 Vens.
2266 3904 2322 3966 4,
2343 3900 2397 3956 5.
2430 3917 2450 3952 ι
2489 3899 2642 3954 Sicut
2687 3899 2829 3953 enim
2863 3895 2917 3951 in
2952 3911 3061 3952 uno
3097 3909 3327 3966 corpore
3378 3892 3545 3948 multa

1967 3996 2208 4051 membra
2239 3993 2521 4058 habemus,
2546 3991 2729 4047 omnia
2767 3999 2950 4045 autem
2987 3991 3227 4045 membra
3265 4003 3371 4045 non
3392 4002 3544 4042 eum-

1973 4085 2095 4139 dem
2141 4081 2344 4139 habent
2372 4091 2549 4137 actum
2581 4098 2594 4134 :
2631 4080 2704 4135 ita
2754 4088 2808 4133 ct
2841 4078 2992 4134 multi
3034 4095 3198 4135 unum
3221 4093 3418 4148 corpus
3438 4092 3547 4131 su—

1970 4189 2091 4230 mus
2121 4176 2174 4228 in
2213 4172 2455 4238 Christo,
2489 4170 2684 4244 singuli
2718 4179 2922 4238 autem,
2964 4171 3101 4231 alter
3128 4171 3350 4228 alterius
3374 4185 3546 4227 mem-

1969 4267 2088 4323 bra.
2127 4285 2146 4317 ι
2174 4265 2431 4338 Corporis
2475 4275 2531 4321 et
2567 4265 2930 4320 memhrorum
2981 4266 3229 4336 exemplo
3273 4265 3543 4336 ingentem

1969 4360 2235 4431 superbia:
2277 4360 2571 4416 elationem
2623 4360 2779 4417 tollit.
2838 4360 2908 4419 Ut
2963 4360 3111 4417 enim
3149 4375 3348 4431 corpus
3376 4375 3545 4414 unum

1966 4453 2186 4525 quidem
2220 4460 2320 4516 est,
2358 4451 2568 4507 :iiversa
2600 4467 2729 4507 vero
2758 4451 2997 4508 membra
3038 4452 3199 4507 habet
3238 4450 3546 4508 dill‘erentes

291 4543 537 4616 γοῦνταο
569 4544 713 4600 οὑτω
736 4546 832 4602 καῖ¹
855 4549 906 4601 οἱ
940 4549 1142 4615 πιστοὶ,
1174 4548 1232 4602 ἓν
1261 4547 1424 4622 σῶμά
1443 4551 1611 4618 ὲσμεν
1654 4550 1714 4604 ὲν
1733 4549 1864 4622 Χρι-

1975 4543 2216 4599 actiones
2270 4542 2579 4599 exercentia
2609 4561 2624 4599 :
2656 4543 2736 4600 sic
2790 4553 2844 4599 et
2898 4558 2997 4600 nos
3037 4542 3220 4599 ﬁdeles
3261 4560 3427 4598 unum
3455 4559 3546 4599 su-

294 4638 437 4717 στῷ,
466 4640 544 4704 ὡς
569 4643 627 4694 έν
648 4644 857 4714 κεφαλῇ
895 4646 1308 4715 συνιστάμενον.
1340 4645 1434 4698 καὶ
1461 4645 1488 4697 6
1523 4643 1732 4709 καθεῖς,
1777 4644 1870 4698 ἀ).-

290 4730 478 4803 λήλων
499 4734 636 4805 μέλη
656 4750 671 4765 ·
695 4736 793 4806 οὑχ
821 4735 850 4788 δ
876 4735 1071 4807 μικρὸς
1105 4738 1264 4807 μόνον
1310 4735 1406 4791 τοῦ
1440 4737 1698 4809 μεγάλου,
1732 4736 1871 4791 ἀλλά

294 4827 395 4878 καὶ
421 4825 452 4877 6
498 4824 676 4896 μέγας
713 4826 806 4881 τοῦ
861 4828 1082 4899 μικροῦ.
1120 4828 1213 4901 Μὴ
1254 4831 1433 4885 τοίνυν
1464 4831 1712 4903 ἀλλήλων
1738 4848 1871 4885 κατ-

295 4915 600 4986 επαίρεσθε
621 4932 636 4947 ·
658 4915 890 4989 χρῄζετε
914 4919 1049 4992 γὰρ,
1088 4919 1164 4984 ὡς
1188 4920 1287 4976 καὶ
1306 4923 1375 4975 τὰ
1406 4920 1567 4995 μέλη,
1600 4922 1869 4994 ἀλλήλων.

378 5197 398 5230 ι
424 5179 680 5249 Ἔχοντες
695 5178 754 5233 δὲ
769 5179 838 5234 τὰ
858 5183 1175 5253 χαρίσματα
1196 5182 1341 5237 κατὰ
1359 5183 1460 5255 τὴν
1484 5183 1646 5255 χάριν
1669 5183 1768 5257 τὴν
1788 5184 1869 5243 6o-

295 5271 488 5326 θεῖσαν
506 5272 635 5343 ἡμῖν
652 5272 907 5347 διάφορα,
926 5275 1037 5328 εἴτε
1064 5275 1427 5346 προφητείαν,
1453 5276 1595 5329 κατὰ
1614 5276 1713 5345 τὴν
1735 5277 1870 5330 ἁνα-

291 5364 489 5433 λογίαν
510 5366 605 5436 τῆς
624 5366 879 5433 πίστεως.
893 5386 911 5420 δ
933 5369 1046 5421 υὺκ
1064 5363 1237 5436 εἶπεν,
1253 5369 1335 5422 ὅτι
1350 5368 1590 5434 Μείζονα
1609 5370 1703 5423 κα)⁸
1716 5369 1873 5423 ἐλάτ-

289 5474 430 5513 τονα
445 5458 856 5531 ἕχοντες,ἀλλὰ,
883 5479 902 5514 t
930 5460 1195 5533 Διάφοραο
1223 5479 1241 5513 ι
1261 5462 1349 5527 ἶνα
1376 5462 1715 5535 καταστείλῃ
1741 5465 1872 5528 τοὺς

1971 4651 2094 4691 mus
2122 4636 2174 4693 in
2199 4633 2438 4703 Christo,
2484 4650 2581 4691 ceu
2619 4635 2670 4690 in
2707 4636 2903 4706 capite,
2927 4650 3128 4707 corpus
3169 4637 3544 4698 constitutum.

1970 4734 2134 4795 atque
2188 4725 2328 4780 inter
2367 4740 2466 4780 nos
2495 4734 2683 4780 mutuo
2724 4725 2860 4781 alter
2905 4710 3130 4782 alterius
3156 4742 3344 4784 sumus
3376 4742 3549 4785 ment-

1970 4816 2064 4873 bra
2104 4833 2118 4871 :
2150 4831 2255 4870 non
2287 4816 2468 4871 minor
2505 4817 2880 4872 tantummodo
2928 4817 3170 4887 majoris,
3217 4807 3312 4874 sed
3380 4818 3550 4888 major

1969 4909 2132 4964 etiam
2188 4908 2433 4963 minoris.
2483 4907 2559 4962 Ne
2611 4907 2773 4978 igitur
2799 4908 2940 4963 inter
2988 4923 3083 4965 vos
3121 4908 3260 4963 alter
3286 4908 3549 4989 adversus

1971 5003 2203 5059 alterum
2251 5000 2593 5057 en‘eramini:
2631 5002 2800 5069 egetis
2842 5001 3008 5068 enim,
3062 5001 3426 5058 membrorum
3462 5003 3547 5058 in-

1969 5102 2105 5160 star,
2139 5103 2324 5150 mutua
2357 5105 2539 5151 vestra
2567 5110 2760 5165 opera.

2039 5187 2203 5245 Vens.
2234 5186 2289 5243 6.
2328 5204 2346 5241 ι
2382 5185 2654 5244 Habentes
2683 5196 2863 5243 autem
2903 5187 3066 5253 dona,
3096 5188 3392 5244 secundum
3422 5200 3549 5259 κτα-

1971 5280 2098 5337 tiam
2158 5294 2277 5348 quae
2310 5277 2435 5333 data
2473 5285 2557 5333 est
2583 5277 2761 5349 nobis,
2810 5278 2980 5343 varia,
3038 5278 3155 5334 sive
3211 5277 3549 5347 prophetiam

1967 5369 2265 5427 secundum
2291 5368 2553 5427 rationem
2582 5368 2724 5425 ﬁdei.
2751 5387 2769 5422 ι
2805 5367 2920 5424 Non
2943 5366 3056 5443 89
3092 5366 3247 5434 dixit,
3263 5366 3402 5422 dona
3437 5382 3554 5425 ma—

1963 5464 2086 5536 jora
2124 5476 2217 5523 aut
2243 5466 2451 5522 minora
2485 5464 2765 5529 habentes,
2808 5461 2922 5529 sed,
2959 5480 2977 5514 ‹
3024 5460 3246 5517 Diversa
3279 5477 3292 5514 :
3359 5466 3417 5515 ut
3461 5472 3554 5514 su-

372 5614 407 5658 r
442 5603 637 5661 Matth.
669 5621 723 5675 ν,
759 5607 812 5662 '5.
887 5619 916 5661 ιι
948 5606 1138 5667 Matth.
1164 5624 1241 5673 rx,
1275 5608 1368 5666 εε.
1446 5612 1479 5673 ³,
1522 5608 1712 5667 Hatth.
1759 5625 1894 5677 xvu,
1945 5611 2012 5668 i9

1647 5727 1847 5790 Variae
1880 5728 2205 5794 lectiones.

370 5822 392 5860 ⁸
424 5821 570 5895 λόγῳ
610 5841 666 5882 0.
