4038 6572
413 353 510 418 505

1239 352 1645 416 EXPOSITIO
1684 355 1761 415 IN
1802 356 2044 418 EPIST.
2082 357 2182 418 AD
2224 356 2404 418 R031.
2440 380 2509 392 -
2539 358 2698 421 CAP.
2738 357 2879 420 ΧΠ.

3543 359 3647 422 506

409 472 542 526 θένοι
569 470 675 539 γὰρ
710 468 881 522 ἔλαιον
915 464 1080 541 εἶχον,
1115 473 1232 527 ἀλλ’
1282 475 1403 526 ἐπεὶ
1431 472 1490 527 τὸ
1523 470 1726 542 ἀρκοῦν
1765 469 1866 524 οὐκ
1893 464 1971 523 εἷ-

2074 469 2282 525 ratione
2326 485 2432 525 non
2469 470 2580 527 flat.
2614 470 2742 524 Nam
2780 479 2835 524 et
2867 467 3105 539 virgines
3135 468 3311 526 oleum
3351 469 3644 535 habebant,

409 579 520 634 χον,
560 559 835 628 ἐξέπεσοψ
867 560 1055 635 ὥσπερ
1083 558 1177 620 οῦν
1203 565 1299 620 καὶ
1320 568 1350 619 6
1388 564 1787 637 προϊστάμενος
1813 561 1967 632 ὀφεί-

409 652 483 705 λει
513 651 834 717 σπουδαίως,
864 654 958 707 καὶ
985 655 1087 709 οὐκ
1137 656 1628 729 ἐρῤᾳθυμημένως,
1653 653 1813 708 τοῦτο
1843 671 1971 725 μετ·

404 744 927 815 ιέναι.Προῖστασθαι
948 747 1005 801 δέ
1027 748 1143 803 ἐστι
1162 748 1222 801 τὸ
1240 748 1455 819 βοηθεῖν
1466 748 1558 802 καὶ
1579 747 1668 800 διὰ
1684 746 1966 817 ῥημάτων,

404 835 489 891 καὶ
515 837 602 892 διὰ
632 836 727 891 τοῦ
758 837 1013 905 σώματος
1061 841 1251 906 αὐτοῦ,
1302 840 1381 909 τῷ
1421 838 1671 910 βοηθείας
1706 837 1963 908 δεομένῳ.

413 927 625 994 Ἐπειδὴ
661 928 769 1000 γὰρ
817 925 939 981 εἷπε
975 929 1104 1000 περὶ
1157 929 1499 1001 μεταδόσεως
1527 929 1849 999 χρημάτων,
1906 926 1966 978 οὐ

401 1017 595 1079 πάντες
620 1019 677 1072 δέ
698 1021 996 1089 χρημάτων
1028 1020 1346 1093 εὐποροῦσι,
1366 1022 1530 1093 φησὶν
1548 1021 1631 1074 ὅτι
1661 1020 1969 1090 Προῖστασο

400 1109 587 1174 ἄλλως,
616 1110 692 1174 ὡς
718 1110 968 1178 δύνασαι,
1002 1113 1096 1166 καὶ
1127 1112 1313 1184 βοήθει
1366 1116 1479 1177 τοῖς
1506 1113 1822 1186 χρῄζουσιν,
1852 1111 1969 1166 ἀλλ’

399 1204 453 1254 ὲν
475 1203 700 1273 σπουδῇ.

473 1310 492 1344 t
512 1292 570 1345 ’0
600 1292 789 1359 ἐλεῶν,
819 1295 878 1348 ἐν
910 1295 1240 1367 ἱλαρότητι.»
1284 1293 1449 1349 Εἶπεν
1479 1297 1756 1368 ἀνωτέρω,
1791 1299 1871 1350 ὅτι
1892 1297 1973 1350 δεῖ

403 1381 534 1453 μετά
561 1382 887 1454 ἁπλότητος,
938 1385 1057 1456 ἦτοι
1089 1386 1372 1455 δαψιλείας
1418 1388 1778 1457 μεταδιδόναι.
1814 1383 1966 1453 Εἶτα,

406 1475 587 1546 ἐπειδὴ
633 1475 823 1531 πολλοὶ
855 1478 955 1547 μὲν
990 1476 1160 1531 πολλά
1209 1478 1451 1544 διδόασι,
1493 1478 1862 1550 βεϐιασμένως
1912 1480 1969 1534 δὲ

397 1567 486 1620 καὶ
515 1567 653 1637 μετά
682 1568 880 1638 λύπης,
912 1570 1075 1643 φησὶν
1109 1571 1191 1624 ὅτι
1225 1574 1290 1642 τῇ
1318 1571 1570 1644 δαψιλείᾳ
1597 1572 1694 1626 καὶ
1715 1573 1815 1643 τὴν
1838 1571 1990 1633 ἀλυα,

399 1658 520 1711 πίαν
550 1658 572 1691 ⁸
601 1659 688 1713 δεῖ
700 1662 1005 1730 προσεῖναι,
1030 1660 1232 1724 μᾶλλον
1257 1660 1315 1714 δὲ
1341 1661 1438 1732 τὴν
1462 1660 1773 1733 ἱλαρότητα,
1799 1662 1968 1732 ἧγουν

396 1750 745 1820 φαιδρότητα,
780 1752 1007 1820 Χαίρειν
1054 1752 1162 1822 γὰρ
1191 1751 1290 1818 δεῖ,
1324 1752 1405 1806 ὅτι
1448 1752 1746 1823 λαμϐάνεις
1789 1753 1968 1821 ὀλίγου

396 1840 696 1910 τιμήματος
724 1840 814 1895 τὸν
845 1841 1093 1909 οὐρανόν.
1151 1843 1281 1895 Νόει
1330 1844 1384 1896 δέ
1420 1860 1510 1913 μοι
1532 1844 1553 1875 ⁷
1582 1843 1843 1913 διαφορὰν
1872 1840 1965 1895 τοῦ

399 1931 765 2001 μεταδιδόντος
815 1934 907 1987 κοιλ⁸
955 1934 1265 1997 ἐλεοῦντος·
1319 1934 1403 1988 ὅτι
1444 1936 1472 1989 6
1503 1934 1601 2005 μὲν
1630 1933 1965 2005 μεταδιδοὺς,

396 2023 519 2093 παρ’
544 2023 707 2077 ἄλλου
735 2022 1050 2094 λαμϐάνων,
1110 2025 1460 2096 μετοχετεύει
1502 2024 1599 2096 τὴν
1628 2025 1774 2079 δόσιν
1792 2039 1807 2056 ⁶
1854 2025 1883 2078 ὁ
1910 2022 1967 2077 δὲ

395 2116 571 2182 ἐλεῶν,
609 2117 746 2189 παρ’
777 2117 971 2172 ἐαυτοῦ
1002 2116 1304 2172 ἀναλίσκει.

465 2314 484 2349 ι
536 2295 601 2349 Ἦ
635 2294 830 2367 ἀγάπη
889 2295 1275 2368 ἀνυπόκριτος.
1314 2315 1332 2349 ι
1389 2296 1638 2351 Δείκνυσι
1673 2296 1787 2360 πῶς
1811 2296 1879 2353 ἀι
1900 2298 1970 2353 τὰ

393 2390 766 2459 προειρημένα
793 2389 971 2444 πάντα
1014 2389 1036 2421 ⁸
1084 2388 1480 2460 κατορθωθείη,
1516 2388 1608 2444 καί
1650 2406 1854 2458 φησιν,
1885 2392 1969 2445 ὅτι

403 2481 464 2533 Ἦ
488 2480 677 2552 ἀγάπη
730 2480 869 2535 ἔστω
903 2480 1284 2551 ἀνυπόκριτος.
1314 2481 1448 2535 Τότε
1478 2482 1585 2552 γάρ
1610 2482 1811 2554 ἐστινὴ
1834 2484 1967 2550 ἀγάο

394 2588 485 2640 πη,
516 2573 609 2625 καὶ
642 2573 826 2627 πάντα
854 2571 1335 2644 κατορθωθήσεται
1368 2571 1588 2643 ῥᾳδίως.
1617 2574 1727 2627 Καὶ
1752 2576 1779 2628 6
1801 2573 1967 2628 ἐλεῶν

393 2662 495 2733 γὰρ
514 2662 722 2734 ίλαρῶς
754 2663 987 2735 ἐλεήσει,
1029 2661 1205 2727 διδοὺς
1250 2661 1327 2734 τῷ
1355 2663 1581 2733 πλησίον
1603 2666 1624 2697 ⁹
1649 2663 1724 2727 ὡς
1754 2664 1966 2736 ἐαυτῷ·

393 2755 480 2806 καὶ
529 2755 558 2807 6
596 2754 1024 2826 προϊστάμενος,
1073 2754 1378 2820 σπουδαίως
1442 2757 1836 2827 προστήσεται,
1892 2756 1970 2821 ὡς

394 2841 526 2911 ὑπὲρ
549 2841 752 2897 ἑαυτοῦ
780 2842 1181 2915 ἀγωνιζόμενος
1210 2843 1301 2899 τοῦ
1329 2844 1575 2917 πλησίον,
1602 2848 1697 2900 καὶ
1729 2848 1907 2902 πάντα
1925 2848 1967 2878 ¹⁰

397 2932 610 3001 ὁμοίως.

466 3132 485 3166 ι
525 3114 1000 3184 Ἀποστυγοῦντες
1027 3116 1088 3171 τὸ
1143 3117 1407 3189 πονηρόν.
1443 3137 1462 3171 ι
1514 3113 1649 3172 Είπε
1677 3118 1806 3190 περὶ
1825 3120 1968 3189 ἀγά-

394 3219 515 3275 πης.
545 3205 708 3259 Ἐπεὶ
727 3205 783 3259 δὲ
822 3205 970 3260 ἐστιν
996 3207 1186 3277 ἀγάπη
1218 3209 1537 3282 ἐπιϐλασὴς,
1568 3210 1645 3276 ὡς
1673 3212 1706 3282 ή
1732 3211 1839 3266 τῶν
1868 3214 1964 3269 ἐπὶ

392 3294 668 3367 λῃστείαις
694 3298 1085 3369 ὁμονοούντων,
1109 3303 1203 3355 καὶ
1230 3304 1338 3356 τῶν
1360 3304 1616 3359 τοιούτων
1639 3323 1654 3337 ·
1699 3306 1789 3360 διὰ
1810 3306 1967 3361 τοῦτό

393 3403 551 3458 φησιν
575 3404 590 3419 ⁸
639 3408 663 3441 ε
703 3391 1162 3462 ’Δποστυγοῦντες
1203 3396 1264 3448 τὸ
1305 3399 1574 3468 πονηρόν⁹
1614 3417 1632 3450 t
1666 3399 1966 3465 τουτέστιν,

408 3479 483 3533 Εκ
510 3481 694 3553 ψυχῆς
721 3483 1021 3553 μισοῦντες.
1057 3488 1121 3540 Ἡ
1148 3487 1279 3559 γάρ,
1315 3505 1334 3541 t
1376 3490 1527 3553 ’Attb,
1565 3509 1582 3542 ι
1612 3491 1885 3563 πρόθεσις,
1908 3492 1970 3547 τὸ

393 3570 786 3643 ἐπιτεταμένον
823 3578 999 3645 μῖσος,
1051 3577 1147 3631 καὶ
1176 3577 1238 3631 τὸ
1269 3577 1380 3631 ἀπὸ
1430 3579 1655 3651 καρδίας
1685 3581 1966 3651 ἐμφαίνει.

404 3659 618 3734 Ἐπειδὴ
648 3665 755 3734 γὰρ
773 3664 958 3720 πολλοί
983 3667 1090 3721 εἰσι
1117 3667 1193 3740 μὴ
1222 3670 1553 3739 πράττοντες
1577 3671 1676 3741 μὲν
1700 3670 1766 3724 τά
1798 3670 1966 3737 κακά,

395 3754 535 3825 ὅμως
566 3756 759 3827 μέντοι
794 3757 894 3827 τὴν
923 3757 1219 3830 ἐπιθυμίαν
1251 3759 1433 3814 αὐτῶν
1483 3760 1731 3831 ἔχοντες’
1780 3763 1969 3832 φησὶν,

395 3845 474 3897 ὅτι
501 3844 573 3899 Τὸ
617 3846 729 3899 ἀπὸ
751 3846 978 3917 καρδίας
1016 3851 1172 3919 μῖσος
1201 3850 1341 3921 πρὸς
1370 3848 1468 3920 τὴν
1498 3849 1696 3903 κακίαν
1726 3851 1968 3918 ἀπαιτῶ,

399 3934 480 3989 ῖνα
503 3938 595 3990 καὶ
632 3938 666 4008 ὴ
715 3938 860 4010 ψυχὴ
909 3939 1229 4011 καθαρεύοι.
1287 3942 1379 4011 Μὴ
1418 3937 1513 3995 οὖν
1562 3941 1751 4013 ἐπειδὴ
1792 3938 1969 4007 εἶπον,

402 4046 420 4081 ι
443 4029 722 4098 ’Ᾱγαπάτε
743 4029 1062 4100 ἀλλήλους.»
1092 4032 1351 4103 νομίσητέ
1380 4051 1448 4097 με
1476 4034 1764 4105 διεγείρειν
1804 4036 1967 4106 ὑμᾶς,

400 4120 483 4176 ίνα
510 4121 608 4177 καὶ
640 4124 719 4187 είς
743 4122 806 4176 τδ
835 4124 1069 4194 πονηρὸν
1103 4125 1492 4197 συμπράττητε
1513 4125 1763 4197 ἀλλήλοις
1784 4141 1799 4158 ο
1833 4126 1973 4181 ἀλλά

398 4211 707 4266 τούναντίον
734 4213 952 4283 μᾶλλον,
985 4213 1394 4286 ἀλλοτριοῦσθαι
1423 4215 1681 4286 βούλομαι
1709 4215 1873 4285 ὑμᾶς,
1908 4216 1971 4269 οὐ

403 4303 556 4373 μόνον
576 4305 680 4376 τῆς
714 4306 964 4377 πράξεως
991 4306 1091 4376 τῆς
1123 4308 1387 4379 πονηρᾶς,
1416 4307 1553 4362 ἁλλά
1581 4311 1676 4362 καὶ
1700 4307 1801 4378 τῆς
1830 4308 1976 4364 κατά

399 4395 570 4471 ψυχὴν
596 4398 739 4471 πρὸς
775 4399 945 4471 αὐτὴν
965 4399 1277 4464 διαθέσεως.

475 4690 495 4725 t
523 4672 873 4745 Κολλώμενοι
904 4674 984 4747 τῷ
1013 4674 1223 4749 ἀγαθῷ.
1266 4694 1286 4731 ι
1320 4678 1436 4732 Οὐκ
1482 4678 1644 4751 ἀρκεῖ
1688 4681 1721 4751 ή
1750 4681 1843 4735 τοῦ
1878 4698 1975 4737 κα-

404 4763 497 4817 κοῦ
539 4766 822 4839 ἀποφυγὴ,
864 4766 1001 4821 ἀλλά
1028 4767 1110 4821 δεῖ
1152 4770 1434 4840 προσεῖναι
1457 4771 1555 4824 καὶ
1577 4769 1675 4841 τὴν
1713 4770 1815 4841 τῆς
1843 4773 1975 4843 ἀρε·

406 4855 499 4926 τῆς
527 4858 823 4928 ἐργασίαν·
849 4858 931 4913 διὸ
962 4855 1084 4913 εἶπε
1106 4874 1119 4891 °
1153 4877 1173 4913 ι
1211 4860 1556 4931 Κολλώμενοι
1590 4859 1667 4931 τῷ
1696 4861 1887 4933 ἀγαθῷ
1906 4878 1920 4892 θ
1950 4880 1970 4915 ι

407 4944 669 5014 τουτέστι,
709 4947 950 5003 διάθεσιν
986 4950 1121 5020 πρὸς
1169 4951 1301 5003 αὐτὸ
1340 4951 1692 5021 ἀγαπητικὴν
1735 4950 1973 5021 ἔχοντες.

408 5035 560 5091 Οῦτω
590 5040 685 5093 καὶ
713 5040 741 5093 6
766 5040 897 5106 θεὸς
920 5040 1206 5101 συνάπτων
1229 5043 1560 5113 οἰκειότερον
1597 5044 1687 5098 τὸν
1712 5044 1883 5113 ἀνδρα
1909 5047 1977 5117 τῇ

409 5131 659 5198 γυναικὶ,
726 5133 921 5203 ἐλεγεο
985 5152 1005 5188 ι
1049 5134 1596 5207 Προσκολληθήσεται
1678 5136 1814 5209 πρὸς
1880 5138 1979 5209 τὴν

412 5222 659 5285 γυναῖκα.
683 5239 701 5275 t

481 5329 500 5361 ι
543 5310 622 5383 Τῇ
697 5313 1016 5387 φιλαδελφίᾳ
1077 5316 1157 5381 είς
1213 5317 1480 5388 ἀλλήλους
1551 5316 1917 5391 φιλόστοργοι.
1958 5338 1979 5372 ι

416 5399 698 5474 ητρῄνεσα
733 5407 884 5477 ὑμῖν,
918 5406 1107 5479 φησὶν,
1138 5408 1384 5479 ἀγαπᾷν,
1439 5406 1533 5462 καὶ
1581 5405 1808 5473 εἰκότως
1834 5406 1985 5478 ὀφεί-

488 5555 510 5587 ²
536 5548 552 5604 l
575 5548 718 5606 Pctr.
753 5568 789 5615 t,
822 5553 903 5609 l2.

2070 560 2164 615 sed
2209 560 2334 630 quia
2364 560 2541 615 oleum
2582 561 2727 616 istud
2768 578 2870 617 non
2917 562 3234 627 suiliciebat,
3291 563 3633 619 exciderunt.

2071 648 2171 716 Qui
2197 651 2443 720 prazsidel
2466 649 2648 720 igitur,
2668 648 2858 704 sedulo
2879 650 3038 705 debet
3070 649 3153 704 hic
3168 664 3381 720 quoque
3395 660 3451 705 et
3481 650 3646 706 haud-

2071 756 2346 810 quaquam
2398 741 2637 811 segniter
2675 742 2777 795 hoc
2816 742 3136 812 transigere.
3182 742 3421 798 Praeesse
3461 753 3645 799 autem

2069 837 2173 895 est,
2201 830 2381 885 verbis
2424 840 2476 885 et
2506 846 2731 900 corpore
2759 832 3004 885 auxiliari
3037 833 3085 887 ei
3131 834 3222 903 qni
3252 835 3452 891 auxilio
3504 846 3644 905 eget.

2070 924 2206 991 Quia
2245 934 2420 978 autem
2447 924 2512 978 de
2549 924 2836 993 largitione
2874 925 3224 995 pecuniarum
3258 928 3471 984 locutus
3505 938 3643 990 erat,

2072 1032 2173 1072 nec
2229 1032 2420 1073 omnes
2468 1016 2745 1072 abundant
2793 1016 3159 1082 facultatibus,
3220 1020 3344 1074 ait:
3403 1020 3641 1075 Prmesto

2071 1108 2248 1172 aliter,
2275 1118 2336 1164 ut
2368 1117 2541 1180 potes,
2570 1124 2634 1165 ac
2662 1110 2855 1180 adjuva
2883 1119 3125 1180 egentes,
3162 1126 3345 1166 vermn
3379 1112 3566 1167 sedulo
3588 1121 3642 1166 et

2073 1201 2333 1257 studiose.

2150 1311 2168 1344 ι
2198 1292 2297 1357 Qui
2332 1292 2653 1359 miseretur,
2707 1293 2759 1348 in
2811 1293 3107 1351 hilaritate.
3145 1313 3163 1347 ι
3198 1293 3373 1367 Supra
3421 1298 3646 1361 monuit,

2078 1383 2221 1450 quod
2250 1398 2373 1438 cum
2396 1384 2772 1454 simplicitate,
2803 1385 2920 1440 sire
2951 1384 3299 1452 liberalitate,
3335 1388 3406 1441 sit
3453 1387 3652 1456 imper-

2074 1475 2318 1530 tiendum
2350 1493 2365 1530 :
2394 1474 2609 1541 deinde,
2646 1477 2769 1546 quia
2799 1476 2948 1531 multi
2984 1476 3171 1542 multa,
3202 1477 3351 1531 inviti
3386 1484 3563 1532 tamen
3594 1488 3651 1530 et

2069 1563 2243 1617 coacti
2287 1578 2407 1617 eum
2454 1576 2691 1621 maerore
2738 1565 2988 1635 quopiam
3040 1564 3364 1637 largiuntur,
3419 1566 3645 1621 subdit:

2069 1651 2294 1720 Oportet
2341 1662 2394 1709 ut
2429 1653 2727 1710 liberalitas
2764 1655 2858 1709 fiat
2907 1660 3025 1711 sine
3059 1656 3298 1720 tristitia,
3350 1656 3432 1711 vel
3469 1656 3651 1726 potius

2072 1754 2129 1799 nt
2160 1744 2209 1799 ei
2257 1745 2399 1800 adsit
2441 1745 2713 1810 hilaritas,
2755 1746 2870 1801 sive
2903 1747 3176 1802 alacritas.
3229 1746 3479 1803 Gaudere
3503 1748 3648 1803 enim

2071 1843 2124 1889 te
2148 1836 2419 1902 convenit,
2442 1838 2586 1908 quod
2621 1854 2715 1909 pro
2745 1839 2939 1910 exiguo
2966 1840 3141 1910 pretio
3163 1840 3359 1894 coelum
3387 1840 3644 1908 accipias.

2070 1927 2343 1996 lntelliges
2377 1940 2559 1984 autem
2627 1931 2916 1986 discrimen
2998 1932 3353 2000 impertientis
3382 1941 3436 1987 et
3492 1932 3652 1986 mise—

2069 2021 2258 2075 tentis.
2308 2018 2442 2075 Nam
2493 2021 2833 2091 impertiens,
2866 2021 2934 2076 ab
2966 2021 3070 2076 alio
3124 2022 3414 2092 accipiens,
3450 2021 3648 2076 donum

2070 2113 2369 2169 transfert:
2418 2113 2508 2184 qui
2552 2128 2680 2169 vero
2731 2114 3042 2178 miseretur,
3084 2130 3114 2168 a
3172 2116 3355 2185 seipso
3405 2112 3648 2181 insumit,

2069 2208 2183 2263 sive
2207 2207 2273 2262 de
2303 2222 2401 2262 suo
2434 2207 2642 2262 tribuit.
3682 2206 3683 2209 “

2142 2296 2307 2353 Vens.
2336 2297 2389 2352 9.
2427 2316 2445 2349 ι
2490 2298 2712 2353 Dilectio
2763 2299 2879 2354 sine
2913 2299 3277 2354 simulatione.
3318 2318 3336 2352 ι
3399 2298 3646 2365 Quanam

2070 2391 2283 2446 ratione
2335 2391 2588 2461 ptanlicta
2620 2391 2802 2445 omnia
2843 2391 3215 2460 compleantur
3254 2390 3647 2460 perficiantur-

2068 2499 2176 2554 que
2216 2494 2502 2551 monstrat,
2530 2483 2785 2554 inquiens
2816 2482 3108 2538 :Charitas
3140 2499 3243 2537 non
3277 2485 3346 2535 sit
3370 2482 3648 2536 simulata.

2070 2577 2206 2632 Tum
2244 2578 2387 2632 enim
2430 2592 2555 2631 vere
2585 2586 2668 2631 est
2707 2575 2967 2641 charitas,
2997 2582 3049 2627 et
3078 2583 3269 2628 cuncta
3301 2572 3459 2628 facile
3481 2573 3649 2642 perli-

2070 2672 2308 2727 cientur.
2335 2671 2548 2727 Etenim
2567 2672 2657 2741 qui
2684 2670 2991 2732 miseretur,
3011 2666 3257 2721 hilariter
3284 2666 3649 2730 miserebitur,

2069 2763 2389 2832 impertiens
2419 2763 2665 2832 proximo
2704 2774 2803 2817 suo
2852 2766 3109 2827 tanquam
3154 2757 3255 2811 sibi
3289 2757 3414 2826 ipsi.
3442 2755 3646 2811 Deinde

2072 2856 2160 2923 qtti
2188 2866 2404 2926 prmest,
2430 2854 2616 2910 sedulo
2641 2852 2878 2922 prmerit,
2904 2866 2998 2921 pro
3026 2849 3273 2920 proximo
3302 2864 3400 2903 suo
3425 2849 3650 2919 perinde

2069 2961 2132 3003 ac
2161 2963 2257 3017 pro
2317 2962 2377 3002 se
2434 2947 2552 3017 ipso
2599 2955 2839 3008 certans,
2887 2951 2937 2997 et
2987 2941 3166 2996 nnmia
3207 2941 3322 3011 pari
3374 2939 3653 3011 diligentia

2071 3049 2454 3110 persequetur.
2684 3026 2687 3027 ⁷
3606 3110 3611 3113 _

2140 3132 2166 3187 ἰ
2202 3132 2339 3188 Odio
2369 3142 2758 3201 prosequentes
2792 3132 2931 3203 quod
2961 3132 3161 3186 malum
3196 3138 3300 3184 est.
3332 3146 3351 3181 ι
3396 3126 3470 3182 De
3503 3126 3638 3180 cha-

2071 3224 2233 3280 ritate
2280 3222 2444 3278 verba
2508 3221 2658 3277 fecit.
2710 3224 2778 3277 At
2832 3223 3085 3291 quoniam
3136 3229 3219 3276 est
3248 3218 3489 3275 Charitas
3536 3230 3655 3286 qua:

2076 3318 2330 3373 damnum
2365 3314 2581 3382 inferat,
2612 3313 2924 3384 ‘cujusntodi
2956 3322 3039 3368 est
3065 3312 3173 3376 illa,
3206 3325 3325 3381 qnze
3360 3324 3483 3366 cum
3520 3322 3657 3376 prte-

2071 3409 2300 3466 donibus
2326 3408 2393 3463 de
2424 3407 2724 3463 latrociniis
2755 3403 3201 3459 convenientibus
3242 3398 3554 3460 intercedit,
3594 3410 3651 3452 et

2071 3498 2123 3554 in
2180 3496 2445 3553 similibus
2475 3513 2490 3550 :
2524 3510 2642 3549 eam
2674 3495 2742 3549 ob
2777 3508 2887 3547 rem
2941 3491 3180 3561 subiicit,
3215 3507 3236 3543 ‹
3272 3488 3410 3544 Odia
3467 3498 3657 3557 prose-

2069 3598 2295 3660 quentes
2325 3587 2545 3650 malum,
2579 3603 2597 3637 ι
2625 3586 2725 3639 hoc
2753 3592 2877 3640 est:
2913 3583 2984 3638 Ex
3014 3581 3195 3636 animo
3216 3581 3340 3634 odio
3372 3577 3653 3632 habentes-

2070 3680 2392 3750 Prtepositio
2421 3677 2564 3733 enim
2597 3677 2726 3742 ἀπὸ,
2759 3675 3028 3729 intensnm
3053 3682 3104 3727 et
3140 3672 3431 3726 vehemens
3460 3667 3645 3721 odium

2071 3772 2364 3843 signiﬁcat,
2396 3776 2451 3823 ct
2476 3772 2617 3840 qqu
2651 3784 2714 3821 ex
2744 3766 2851 3822 imo
2878 3764 3040 3819 corde
3079 3762 3475 3832 proficiscatur.
3510 3757 3647 3813 Cum

2071 3865 2214 3920 enim
2239 3880 2346 3919 non
2387 3862 2541 3933 pauci
2576 3860 2680 3915 sint
2718 3859 2894 3914 seelns
2934 3872 3097 3926 opere
3127 3854 3342 3924 quidem
3379 3866 3486 3906 non
3546 3865 3647 3919 pa-

2074 3961 2298 4019 trantes,
2330 3953 2446 4023 ejus
2503 3960 2683 4004 tamen
2735 3946 3025 4018 cupiditate
3067 3945 3377 4015 ﬂagrantes,
3428 3939 3645 4002 Odium,

2074 4045 2270 4115 inquit,
2305 4043 2434 4099 mali
2465 4042 2813 4109 omniumque
2857 4039 3106 4093 vitiorum
3142 4051 3209 4091 ex
3238 4034 3397 4090 corde
3416 4030 3649 4102 postulo,

2074 4144 2133 4192 ut
2158 4136 2246 4206 vel.
2269 4135 2380 4205 ipsa
2415 4134 2594 4187 anima
2623 4132 2695 4186 sit
2728 4146 2884 4202 pura.
2921 4127 3000 4184 Ne
3046 4127 3245 4198 igitur,
3303 4137 3425 4178 cum
3471 4118 3582 4175 dixi
3603 4124 3652 4185 ³,

2082 4245 2102 4281 ι
2137 4225 2352 4297 Diligite
2374 4239 2470 4279 vos
2502 4233 2707 4286 mutuo,
2738 4241 2758 4275 ι
2791 4220 3114 4277 existimetis
3142 4217 3385 4272 excitare
3416 4227 3502 4268 me
3532 4227 3652 4275 vos,

2076 4325 2135 4371 ut
2178 4318 2244 4371 ad
2277 4314 2473 4369 malum
2528 4314 2770 4382 adeoque
2812 4310 3012 4381 ﬂagitia
3059 4307 3447 4364 connnittenda
3509 4302 3651 4355 alter

2080 4401 2623 4471 alterumadjuvetis;
2655 4405 2747 4456 sed
2793 4401 2961 4454 multo
3006 4398 3176 4468 magis
3222 4412 3252 4450 e
3286 4396 3524 4454 diverso,
3562 4404 3657 4445 vos

1997 4501 2043 4558 Ι)
2077 4494 2437 4550 alienissimos
2464 4506 2586 4547 esse
2617 4491 2762 4552 volo,
2790 4491 2984 4544 nedum
3006 4505 3032 4541 a
3053 4500 3218 4557 pravo
3241 4497 3426 4555 opere,
3445 4496 3658 4536 verum-

2071 4587 2232 4643 etiam
2254 4587 2321 4639 ab
2347 4584 2491 4640 omni
2528 4584 2706 4638 cordis
2728 4580 3083 4652 propensiune
3116 4594 3240 4649 erga
3276 4578 3473 4647 ipsum.

2151 4697 2169 4731 ι
2204 4675 2533 4749 Agglutinati
2583 4676 2745 4730 bono.
2800 4694 2816 4725 ι
2871 4672 2985 4727 Non
3039 4671 3235 4725 suilicit
3279 4687 3308 4724 a
3356 4669 3653 4726 sceleribus

2075 4770 2369 4833 declinare,
2403 4767 2503 4824 nisi
2546 4774 2599 4820 ct
2633 4766 2847 4821 virtutis
2899 4765 3042 4820 actio
3075 4763 3180 4833 91
3209 4772 3405 4829 praesto
3459 4760 3651 4827 fuerit;

2076 4877 2194 4918 eam
2243 4861 2312 4917 ob
2349 4874 2463 4916 rem
2528 4860 2682 4925 dixit,
2723 4878 2740 4911 ι
2781 4857 3106 4929 Agglutinati
3141 4860 3301 4922 bono,
3347 4875 3367 4909 ι
3406 4856 3506 4911 Ιιοο
3549 4865 3657 4916 εει,

2078 4952 2328 5009 affectum
2376 4951 2661 5007 charitatis
2701 4967 2828 5021 erga
2866 4954 3037 5021 ipsum
3088 4948 3368 5003 habentes.
3400 4948 3555 5000 Hunc
3589 4946 3655 4997 ad

2082 5045 2299 5100 modum
2351 5042 2491 5097 Deus
2526 5043 2781 5096 maritum
2812 5042 2964 5097 uxori
3008 5039 3329 5096 familiarius
3378 5035 3655 5106 copulaus,

2084 5152 2105 5190 ι
2138 5133 2592 5206 Agglutiuabitur,
2621 5152 2640 5186 ι
2686 5135 2879 5203 inquit,
2914 5150 2934 5185 ι
2973 5132 3128 5187 uxori
3162 5144 3296 5186 suae.
3345 5145 3365 5181 ι

2153 5314 2317 5375 νεπε.
2346 5316 2430 5371 10.
2458 5333 2476 5368 t
2541 5313 2807 5371 Fraterna
2854 5313 3120 5371 charitate
3160 5324 3289 5381 ergo
3335 5322 3425 5365 vos
3468 5314 3656 5361 mutuo

2084 5406 2284 5463 allecti.
2333 5426 2352 5461 ο
2378 5406 2709 5507 Αιιιιοτιιιιιιε
2737 5420 2858 5462 sum
2891 5419 3006 5485 vos,
3045 5402 3242 5476 inquit,
3296 5409 3357 5457 ut
3391 5397 3651 5472 diligatis,

1772 5670 1978 5734 Variae
2000 5670 2335 5735 lectiones.

494 5760 515 5793 ί
546 5766 595 5821 ίὸ
621 5768 835 5833 ἀλύπως
871 5787 923 5825 o.
1000 5771 1018 5801 "
1043 5771 1256 5836 νοήσεις
1278 5772 1334 5825 δὲ
1363 5773 1456 5829 καὶ
1483 5790 1536 5830 ο.
1614 5775 1634 5807 ⁸
1668 5776 1879 5842 πάντως
1908 5790 1961 5834 ο.
2042 5777 2063 5809 ⁹
2093 5776 2183 5830 τὸν
2207 5772 2433 5828 πλοῦτον
2457 5786 2511 5828 o.
2589 5771 2634 5805 ¹⁶
2666 5769 2861 5834 πάντες
2881 5783 2935 5824 ο·
