3874 6550
178 335 282 402 511

1066 322 1643 394 THEOPHYLACTI
1686 333 2095 394 BULGARLE
2132 336 2170 391 Α
2190 333 2491 393 RCIIlEl'.

3310 328 3425 394 5l2

175 460 350 520 quare
384 456 438 502 tu
470 446 615 501 illum
651 444 886 502 imitaris
908 485 923 507 ,
971 458 1035 497 ac
1081 443 1354 498 malefacis
1384 445 1547 499 etiam
1588 444 1750 512 ipse?

1878 444 2027 514 ἠ).οῖ;
2055 445 2279 506 ἐκεῖνον,
2307 443 2399 497 καὶ
2426 443 2739 508 κακοπο;εῖς
2758 442 2804 476 ¹⁸
2829 442 2923 496 καὶ
2948 442 3140 509 αὖτόςς
3168 443 3280 498 Οὔκ
3309 443 3437 498 εἷπε

178 538 297 596 Non
356 540 489 594 dixit
555 547 758 604 autem,
807 536 920 592 Non
981 537 1245 592 facientes
1305 538 1505 590 malum
1565 536 1743 600 tida-Ii,

182 630 299 695 sed,
335 648 356 682 ι
393 628 628 695 Nemini,
670 646 690 682 ι
730 627 846 684 sive
899 626 1140 691 Gra‘cus,
1183 643 1275 682 seu
1302 627 1426 697 quis
1455 627 1589 680 alius
1632 624 1743 680 fue-

182 723 273 777 rit.
1656 776 1659 777 ν

257 832 277 864 ι
308 812 663 867 Providentes
702 813 839 867 bona
874 826 1058 866 coram
1087 810 1340 865 omnibus
1366 809 1691 864 hominibus.
1726 826 1745 860 ι

178 904 290 957 lloc
326 904 445 959 ideo
475 920 579 958 non
615 905 764 968 dicit,
800 914 857 958 ut
879 905 944 958 ad
976 904 1188 957 inanem
1218 902 1442 973 gloriam
1477 903 1748 967 vivamus,

178 996 272 1049 sed
301 1006 355 1050 ιιι
385 997 723 1050 occasionem
757 997 1043 1049 adversum
1098 1010 1196 1049 nos
1244 995 1612 1063 quzerentibus
1646 1010 1749 1048 non

180 1089 539 1156 praebeamus.
568 1087 745 1155 Exigit.
767 1088 911 1141 enim
938 1102 965 1139 a
992 1086 1168 1150 nobis,
1194 1094 1251 1139 ut
1273 1087 1406 1138 citra
1440 1086 1751 1140 scandalum

180 1188 234 1232 (οι
263 1178 620 1231 offensionem
672 1179 933 1233 ducamus
971 1178 1156 1231 vitam.
1192 1176 1423 1231 Plurimi
1462 1178 1606 1232 enim
1655 1194 1755 1233 nos

182 1280 477 1337 ltoStraqtte
515 1271 838 1322 observant.‘

255 1358 423 1415 Vens.
461 1361 545 1414 l8.
578 1377 597 1410 ι
636 1360 690 1413 Si
725 1360 841 1414 ﬁeri
874 1368 1069 1429 potest,
1099 1368 1357 1428 quantum
1389 1359 1440 1413 in
1473 1359 1626 1415 vobis
1648 1368 1755 1424 est,

183 1466 304 1505 cum
332 1450 584 1504 omnibus
610 1450 918 1505 hominibus
942 1466 1128 1518 pacem
1160 1450 1441 1508 habentes.
1475 1469 1493 1503 ι
1524 1448 1758 1504 Pulchre

181 1542 341 1607 dixit,
380 1561 400 1594 ι
441 1541 498 1597 Si
552 1542 668 1597 ﬁeri
714 1552 912 1613 potest.
957 1561 975 1594 ι
1010 1542 1408 1613 Nonnunquam
1447 1542 1591 1597 enim
1641 1542 1754 1597 fieri

187 1648 295 1688 non
331 1643 505 1703 potest
534 1645 590 1690 ut
627 1650 811 1705 pacem
859 1635 1128 1705 quispiam
1176 1633 1587 1704 complectatur,
1631 1648 1754 1688 cum

185 1727 252 1780 de
331 1727 528 1795 pietate
604 1737 880 1782 certamen
953 1729 1154 1794 fuerit,
1214 1742 1338 1783 cum
1415 1726 1483 1783 de
1561 1726 1756 1797 injuria

72 1886 87 1899 θ
188 1816 421 1873 allectis.
463 1820 551 1873 Ait
595 1818 777 1889 igitur,
809 1820 962 1887 Quod
995 1821 1067 1874 tui
1095 1829 1178 1875 est.
1203 1818 1386 1885 oﬂicii,
1424 1804 1628 1883 facias,
1660 1834 1759 1873 nec

191 1907 425 1976 cuipiam
471 1909 810 1964 occasionem
862 1911 1104 1979 praebeas
1156 1910 1414 1965 bellorum
1447 1911 1528 1967 vel
1565 1911 1757 1965 tumul-

191 2008 361 2054 tuum.
426 1998 520 2055 Sin
562 2001 815 2068 pietatem
867 2001 1046 2056 laesam
1101 2004 1493 2072 conspexeris,
1549 2001 1764 2057 fortiter

190 2091 451 2154 consiste,
484 2107 582 2162 pro
604 2093 830 2148 veritate
856 2093 1160 2148 dimicans:
1189 2109 1294 2148 non
1319 2095 1520 2149 homini
1544 2094 1762 2163 quidem

186 2184 451 2251 infensus,
483 2189 578 2241 sed
606 2186 891 2256 impietati,
926 2188 1071 2241 illum
1105 2188 1277 2258 ipsum
1307 2205 1440 2244 sane
1468 2192 1759 2253 miserans,

189 2277 418 2349 ejusque
452 2294 636 2333 curam
669 2294 885 2350 gerens.
942 2280 1055 2336 Hac
1114 2284 1358 2347 ratione,
1410 2284 1551 2351 quod
1602 2260 1759 2337 a'ntea

189 2370 525 2436 impossibile
556 2372 856 2436 videbatur,
896 2372 954 2426 tit
987 2374 1274 2443 possibile;
1315 2376 1459 2444 quod
1505 2376 1652 2429 enim
1694 2375 1761 2428 ad

189 2469 242 2515 te
272 2461 485 2528 attinet,
518 2475 743 2530 pacatus
774 2480 833 2519 es
875 2479 1000 2535 erga
1037 2464 1182 2519 illum
1228 2466 1397 2520 solam
1429 2466 1760 2537 impietatem

190 2547 537 2619 impugnans.

263 2637 427 2695 Vens.
458 2642 546 2699 i9.
592 2661 611 2695 ι
652 2640 766 2700 Non
792 2645 1149 2715 vosmetipsos
1172 2647 1515 2714 ulciscentes,
1556 2649 1761 2717 dilecti,

188 2732 283 2784 sed
333 2731 459 2786 date
505 2732 679 2787 locum
732 2736 846 2789 irae.
901 2736 1173 2806 Scriptum
1205 2749 1290 2794 est
1339 2741 1482 2796 enim
1517 2743 1581 2793 ιε
1632 2742 1761 2798 Mihi

189 2822 460 2888 vindicta,
495 2838 596 2893 ego
647 2827 983 2891 retribuam,
1037 2828 1168 2884 dicit
1224 2829 1503 2888 Dominus.
1552 2852 1570 2886 ι
1633 2833 1765 2889 Date

190 2913 395 2977 locum,
449 2913 645 2983 inquit,
700 2915 793 2970 Dei
850 2916 943 2971 irae
990 2917 1252 2973 adversus
1311 2935 1432 2976 eum
1486 2923 1575 2993 qui
1612 2925 1765 2982 vobis

192 3006 449 3076 iniuriam
483 3008 639 3064 affert
696 3011 755 3065 Si
793 3012 936 3067 enim
971 3013 1241 3084 vosipsos‘
1264 3014 1623 3082 ulciscamini,
1658 3034 1763 3073 non

1849 536 1930 598 δὲ,
1959 536 2051 606 Μὴ
2084 535 2366 599 ποιοῦντες
2400 534 2568 588 κακὸν
2598 534 2676 605 τῷ
2706 533 2903 605 πιστῷ,
2921 534 3076 600 ἀλλὰ,
3101 554 3118 586 ι
3150 537 3377 607 Μηδενὶ,
3410 555 3433 587 ι

1849 632 1954 684 κᾶν
1978 629 2199 701 Ἕλλην.
2232 631 2335 683 κᾶν
2366 629 2512 692 ὅστις
2544 628 2610 682 ἂν
2637 628 2746 700 εἰη.

1931 827 1949 858 ι
1983 806 2535 877 Προνοούμενοικαλά
2559 805 2788 860 ἐνώπιον
2811 806 3028 859 πάντων
3052 801 3371 871 ἀνθρώπων.
3408 822 3430 855 ι

1853 904 1964 974 Οὖχ
2000 903 2085 956 ἵνα
2121 902 2255 973 πρὸς
2291 900 2601 967 κενοδοξίαν
2635 901 2817 969 ζῶμεν
2838 940 2851 962 ,
2888 898 3046 952 τοῦτό
3080 914 3242 966 φησιν
3264 939 3279 963 ,
3315 896 3441 949 ἀλλ’

1852 996 1942 1049 ἵνα
1979 999 2052 1066 μὴ
2086 996 2417 1064 παρέχωμεν
2451 992 2575 1046 καθ’
2607 991 2766 1062 ἡμῶν
2802 990 3059 1061 ἀφορμὰς
3093 992 3204 1053 τοῖς
3243 987 3440 1060 βουλο-

1857 1087 2056 1157 μένοις.
2086 1085 2161 1139 Τδ
2186 1087 2294 1155 γὰρ
2322 1083 2749 1138 ἀσκανδάλιστον
2777 1084 2870 1135 καὶ
2899 1082 3246 1151 ἀπρόσκοπον
3271 1081 3443 1135 ἀπαι-

1852 1184 1937 1234 τεῖ
1960 1197 1974 1212 ·
2009 1180 2200 1234 πολλοὶ
2228 1181 2339 1252 γὰρ
2365 1180 2414 1233 οἱ
2445 1179 2512 1232 τά
2541 1179 2789 1250 ἡμέτερα
2822 1175 3232 1249 ἐπιτηροῦντες.

1932 1382 1953 1416 ι
1990 1365 2052 1417 El
2089 1363 2344 1427 δυνατὸν,
2378 1361 2437 1416 τδ
2476 1361 2534 1426 ἐξ
2566 1361 2752 1431 ὑμῶν,
2793 1360 2929 1430 μετά
2972 1360 3189 1416 πάντων
3222 1362 3446 1431 ἀνθρώ-

1860 1473 1975 1510 πων
2014 1454 2409 1527 εἱρηνεύοντες.
2440 1473 2460 1507 ι
2507 1454 2705 1517 Καλῶς
2728 1450 2849 1506 εἷπε
2887 1454 2967 1518 τὸ,
2997 1471 3016 1505 ι
3046 1455 3109 1508 El
3137 1453 3381 1509 δυνατόν.
3418 1475 3439 1505 ο

1862 1550 2019 1603 Ἐστι
2050 1549 2159 1618 γὰρ
2187 1548 2321 1601 ὅπου
2351 1548 2409 1599 οὐ
2442 1548 2669 1601 δυνατὸν
2694 1545 2756 1600 τὸ
2788 1547 3094 1617 εἰρηνεύειν
3112 1589 3127 1607 .
3156 1547 3283 1601 ὅταν
3312 1549 3447 1617 περὶ

1859 1639 2145 1701 εὐσεϐείας
2176 1640 2205 1692 ό
2237 1635 2385 1706 ἀγὼν
2412 1634 2479 1710 ᾖ,
2510 1639 2642 1693 ὅταν
2673 1637 2816 1708 ὑπὲρ
2848 1638 3239 1708 ἀδικουμένων.
3269 1639 3449 1708 Φησὶν

1792 1765 1831 1819 Β
1857 1725 1971 1795 οῦν,
2002 1730 2085 1784 ὅτι
2110 1727 2187 1782 Τδ
2216 1727 2446 1782 σεαυτοῦ
2475 1730 2540 1781 σὺ
2572 1731 2737 1792 ποίει,
2766 1728 2863 1819 καὶ
2891 1728 3082 1800 μηδενὶ
3109 1727 3252 1782 δίδου
3280 1728 3449 1781 πολέ-

1865 1838 1980 1893 μων
2014 1820 2266 1890 ἀφορμάς
2301 1821 2395 1874 καὶ
2429 1819 2685 1890 ταραχῶν
2707 1819 2774 1873 ⁸⁸.
2813 1818 2873 1872 Ei
2908 1819 2963 1872 δὲ
2996 1818 3095 1891 τὴν
3152 1820 3448 1874 εὐσέϐειαν

1865 1912 2403 1986 παραϐλαπτομένην
2424 1912 2469 1944 ’³
2499 1912 2650 1976 ῐδοις,
2677 1912 2867 1966 ἵστασο
2890 1912 3153 1981 γενναίως
3179 1912 3317 1980 ὑπὲρ
3343 1913 3451 1983 τῆς

1861 2006 2122 2078 ἀληθείας
2154 2005 2411 2075 πολεμῶν
2433 2018 2448 2034 ⁸
2481 2005 2603 2076 οὐχὶ
2632 2003 2711 2076 τῷ
2742 2003 3018 2076 ἀνθρώπῳ
3051 2005 3445 2075 ἀπεχθανόμεο

1861 2115 1973 2164 νος,
2002 2098 2140 2151 ἀλλά
2168 2100 2232 2167 τῇ
2266 2096 2507 2169 ἀσεϐείᾳ,
2545 2099 2751 2177 ἐκεῖνον
2785 2096 3184 2168 μέντοιὲλεῶν,
3217 2097 3313 2151 καὶ
3344 2116 3452 2169 κη-

1861 2190 2085 2258 δόμενος
2141 2189 2330 2244 αὑτοῦ.
2354 2187 2510 2243 Οῦτω
2538 2189 2595 2242 δὲ
2617 2232 2632 2256 ,
2664 2190 2693 2245 ὃ
2720 2190 2860 2254 τέως
2889 2190 3064 2244 ἐδόκει
3090 2190 3150 2244 οὗ
3181 2190 3411 2244 δυνατὸν
3429 2233 3447 2255 ,

1863 2281 2072 2348 γίνεται
2110 2281 2372 2336 δυνατόν⁸
2407 2283 2531 2336 ὅσον
2572 2283 2682 2352 γάρ
2720 2281 2782 2334 τὺ
2824 2283 2965 2336 κατά
3011 2282 3107 2346 σὲ,
3143 2281 3449 2353 εῐρηνεύεις

1866 2374 2001 2442 πρὸς
2043 2374 2274 2441 ἐκεῖνον,
2317 2375 2454 2446 πρὸς
2495 2373 2596 2445 τὴν
2641 2373 2898 2430 ἀσέὸειαν
2948 2373 3119 2447 μόνην
3161 2374 3449 2446 ἀπομαχὸο

1868 2483 2050 2533 μενος.

1944 2662 1963 2694 ι
2000 2643 2092 2711 Μὴ
2128 2641 2360 2705 ἑαυτοὺς
2392 2640 2738 2705 ἐκδικοῦντες
2760 2683 2774 2704 ,
2811 2643 3089 2711 ἀγαπητοὶ
3109 2683 3123 2705 ,
3158 2642 3293 2695 ἀλλὰ
3324 2644 3447 2696 δότε

1865 2736 2027 2789 τόπον
2048 2736 2112 2805 τῇ
2138 2734 2297 2806 ὀργῇ.
2321 2734 2636 2805 Γέγραπται
2659 2734 2766 2804 γάρ
2784 2750 2798 2766 ο
2829 2734 2984 2802 Ἐμοὶ
3008 2734 3307 2805 ἐκδίκησις,
3333 2734 3446 2800 ἐγὼ

1864 2824 2263 2888 ἀνταποδώσω,
2298 2822 2446 2892 λέγει
2487 2823 2709 2895 Κύριος.
2750 2840 2769 2875 ι
2804 2822 2934 2875 Δότε
2958 2863 2970 2880 .
3007 2824 3177 2894 φησὶ,
3211 2824 3448 2897 πάροδον

1867 2916 1934 2984 τῇ
1972 2913 2067 2967 τοῦ
2103 2913 2238 2967 Θεοῦ
2277 2914 2414 2985 ὀργῇ
2455 2913 2598 2967 κατά
2632 2912 2728 2966 τοῦ
2770 2911 3084 2975 ἀδικοῦντος
3123 2914 3288 2982 ὑμᾶς.
3320 2914 3447 2966 Ἐἀν

1873 3003 1972 3075 μὲν
1997 3004 2107 3074 γὰρ
2136 3004 2294 3074 ὑμεῖς
2323 3004 2552 3066 ἑαυτοὺς
2583 3003 2835 3073 ὲκδικῆτε
2854 3045 2869 3068 ,
2899 3004 3000 3057 οὐκ
3030 3001 3446 3068 ἐπεξελεύσεται

192 3100 507 3168 egredietur
560 3116 659 3171 pro
712 3102 867 3158 vobis
915 3104 1206 3161 adversum
1263 3107 1450 3163 hostes
1497 3108 1659 3165 Deus.
1709 3111 1757 3165 Si

1878 3097 2053 3160 όΘεός
2074 3114 2088 3130 ·
2118 3097 2212 3150 ὲάν
2234 3096 2291 3149 δὲ
2318 3096 2478 3166 ὑμεῖς
2506 3096 2706 3165 ἀφῆτε,
2732 3096 2761 3149 ό
2789 3094 2922 3156 Θεὸς
2951 3095 3227 3165 ἐκδικήσει
3254 3095 3448 3166 πικρός

194 3199 374 3246 autem
417 3207 514 3247 vos
543 3192 895 3262 dimiseritis,
937 3197 1077 3254 Deus
1133 3198 1426 3255 ulciscelur
1487 3200 1755 3259 acerbius.

196 3281 431 3337 Addueit
465 3294 646 3339 autem
703 3288 1069 3343 testimonium
1111 3305 1218 3359 quo
1260 3306 1566 3347 sermonem
1605 3309 1763 3348 suum

194 3373 459 3431 stabiliat.
500 3376 624 3432 llaec
647 3389 825 3434 autem
863 3380 993 3435 dicit
1040 3381 1106 3434 ad
1138 3382 1563 3439 consolationem
1599 3385 1768 3454 pusil—

195 3464 562 3527 lanimorum:
622 3468 755 3524 nihil
804 3469 950 3524 enim
1002 3471 1149 3526 aliud
1205 3473 1542 3539 desiderant,
1605 3491 1765 3545 quam

194 3565 254 3610 ut
293 3558 509 3614 videant
549 3575 651 3630 pro
682 3575 739 3616 se
772 3562 839 3618 de
887 3561 1136 3619 hostibus
1171 3575 1442 3635 sumptam
1491 3581 1608 3622 esse
1647 3567 1766 3623 vin-

195 3647 417 3702 dictam.

275 3737 438 3793 Vens.
466 3737 560 3794 ‘20.
602 3759 620 3791 ι
657 3740 715 3796 Si
749 3744 923 3800 esurit
955 3744 1208 3800 inimicus
1247 3755 1390 3812 tuus,
1425 3746 1544 3803 ciba
1583 3748 1767 3805 illum:

1869 3203 2047 3258 τερον.
2084 3186 2311 3255 Ἐπάγει
2346 3186 2404 3239 δὲ
2443 3186 2537 3239 καὶ
2574 3187 2675 3255 τὴν
2718 3184 3047 3255 μαρτυρίαν,
3088 3184 3321 3255 βεϐαιῶν
3356 3185 3449 3239 τὸν

1868 3282 2067 3334 οἰκεῖον
2094 3278 2272 3347 λόγον.
2303 3278 2489 3332 Ταῦτα
2519 3277 2579 3331 δέ
2616 3293 2750 3348 φησι
2783 3277 2919 3348 πρὸς
2953 3277 3312 3348 παραμυθίαν
3338 3277 3448 3331 τῶν

1872 3366 2223 3439 μικροψύχων
2247 3384 2261 3399 ·
2308 3366 2461 3421 οὐδὲν
2503 3366 2615 3438 γὰρ
2660 3366 2789 3421 ἀλλο
2830 3365 3230 3438 ἐπιθυμοῦσιν,
3270 3366 3346 3431 ὡς
3386 3367 3449 3420 ca

1873 3460 1999 3513 ἰδεῖν
2028 3461 2251 3523 ἑαυτοὺς
2279 3458 2688 3530 ἐκδικηθέντας.
3032 3480 3055 3495 κ

1950 3753 1968 3786 ι
2004 3734 2128 3788 Ἐὰν
2155 3731 2247 3787 οῦν
2278 3735 2438 3804 πεινᾷ
2463 3735 2493 3787 ό
2517 3732 2711 3804 ἐχθρός
2742 3750 2856 3797 σου,
2881 3732 3098 3804 ψώμιζε
3130 3732 3324 3788 αὐτόν*
3351 3734 3455 3787 ἐὰν

198 3829 242 3882 si
276 3831 413 3896 sitit,
450 3831 514 3885 da
541 3833 591 3886 ei
639 3844 820 3903 potum
851 3853 865 3889 :
923 3836 1026 3891 hoc
1066 3838 1211 3892 enim
1246 3837 1470 3905 faciens,
1507 3844 1757 3899 carbones

1878 3827 2020 3898 διψᾷ,
2050 3824 2236 3890 πότιζε
2265 3825 2430 3879 αὐτόν
2450 3839 2465 3854 '
2496 3823 2654 3877 τοῦτο
2678 3825 2787 3895 γὰρ
2815 3823 3006 3890 ποιῶν,
3036 3824 3315 3896 ἄνθρακας
3344 3842 3451 3878 πυο

197 3917 336 3986 ignis
376 3933 637 3990 congcres
663 3937 826 3993 super
877 3936 1036 3996 caput
1071 3927 1262 3996 ipsius.
1303 3947 1321 3981 ι
1354 3930 1615 3985 Altiorem
1650 3934 1757 4002 phi-

1878 3919 1966 3991 ρος
2010 3920 2308 3990 σωρεύσεις
2352 3917 2445 3969 ἐπὶ
2486 3915 2586 3987 τὴν
2628 3915 2874 3986 κεφαλὴν
2917 3915 3106 3970 αὑτοῦ.
3152 3935 3171 3968 ι
3219 3915 3453 3970 Πλείονα

197 4008 459 4079 ΙοεορΙιίω
507 4014 733 4080 gradum
776 4016 866 4071 hic
910 4031 939 4070 a
996 4019 1151 4074 nobis
1199 4020 1385 4089 exigit.
1437 4012 1576 4088 Quid
1625 4026 1757 4078 cutim

1878 4011 2191 4091 φιλοσοφίαν
2216 4012 2437 4072 ἀπαιτεῖ
2464 4010 2495 4079 ἡ
2506 4010 2613 4078 μᾶς
2643 4007 2896 4062 ἐνταῦθα,
2928 4008 2994 4061 Τί
3022 4008 3131 4078 γὰρ
3155 4007 3318 4076 λέγω,
3346 4025 3457 4077 φηο

198 4100 397 4165 dicam,
445 4102 643 4173 inquit,
700 4107 845 4176 quod
896 4116 1147 4175 oporteat
1193 4126 1290 4166 vos
1321 4113 1577 4180 pacilicos
1607 4117 1757 4170 esse‘

1878 4108 1983 4169 σὶν,
2011 4105 2093 4158 ὅτι
2122 4102 2428 4175 εἰρηνεύειν
2457 4103 2567 4166 δεῖς
2597 4101 2696 4155 καὶ
2723 4101 2832 4172 γὰρ
2863 4102 2957 4155 καὶ
2986 4101 3292 4172 εὐεργετεῖν
3323 4102 3452 4154 ἐπι-

198 4196 330 4267 qnin
367 4197 531 4251 etiam
561 4197 879 4257 benefacere
908 4202 1134 4272 impero.
1182 4222 1201 4256 ι
1230 4204 1504 4260 Carbones
1541 4224 1561 4259 ι
1593 4216 1757 4262 auten

1878 4198 2073 4251 τάττω.
2101 4197 2175 4248 Τὸ
2202 4195 2281 4256 δὲ,
2318 4192 2665 4264 ι’Δνθρακας
2698 4193 2872 4264 πυρὸς
2905 4192 3201 4263 σωρεύσεις
3229 4191 3324 4244 ἐπὶ
3351 4190 3456 4262 τὴν

207 4305 226 4338 ι
288 4288 426 4356 ignis
483 4292 846 4360 congregahis
902 4308 1070 4361 super
1124 4305 1286 4364 caput
1324 4294 1464 4363 ejus,
1532 4314 1551 4348 ι
1614 4298 1757 4351 dixit.

1878 4288 2116 4358 κεφαλὴν
2159 4287 2343 4350 αὐτοῦ,
2393 4305 2410 4339 ι
2460 4281 2602 4352 εἷπε,
2644 4286 2950 4356 συντρέχων
2996 4288 3062 4357 τῇ
3119 4284 3457 4356 μικροψυχίᾳ

199 4377 484 4448 indulgens
513 4381 1222 4452 pusillanimitatiinjuriam
1252 4386 1429 4455 passi:
1458 4386 1595 4441 nihil
1627 4389 1757 4442 enitr

1878 4380 1972 4435 τοῦ
2013 4377 2392 4449 ἀδικηθέντος·
2431 4377 2584 4430 οὐδὲν
2619 4378 2729 4449 γὰρ
2768 4376 2942 4441 οὕτως
2983 4378 3103 4447 ἡδὺ,
3141 4375 3454 4448 63:1109’»

201 4468 338 4524 adeo
361 4484 527 4527 suave
555 4473 667 4545 94
697 4484 801 4536 est.
834 4486 997 4547 atque
1030 4477 1236 4532 hostem
1262 4476 1448 4532 videre
1478 4479 1724 4546 punitum
1753 4498 1757 4534 :

1879 4470 2242 4540 κολαζόμενον
2272 4469 2400 4522 ἰδεῖν
2423 4486 2436 4501 ·
2461 4468 2658 4522 ὡσανεὶ
2685 4470 2794 4540 γάρ
2820 4468 3043 4525 τοιαῦτά
3070 4484 3203 4540 φησι
3221 4485 3238 4501 ο
3264 4468 3456 4530 θέλεις

207 4575 273 4615 ac
304 4566 688 4632 propemodum
724 4566 846 4621 talia
873 4570 1035 4623 dicit:
1064 4567 1156 4623 Vis
1193 4569 1381 4624 ulcisci
1416 4581 1466 4625 te
1492 4570 1560 4626 de
1580 4570 1757 4626 hoste‘:

1880 4562 2042 4616 αὐτὸν
2080 4561 2424 4632 ἀμύνασθαι;
2465 4560 2825 4633 εὐεργέτησον
2847 4599 2861 4624 ,
2898 4561 2992 4614 καὶ
3025 4560 3327 4630 τηνικαῦτα
3360 4576 3456 4612 7::-

204 4651 536 4709 Bcncltcium
569 4656 643 4711 illi
675 4659 893 4726 exhibe,
929 4669 1039 4715 tum
1065 4662 1344 4716 acerbiore
1364 4677 1489 4717 eum
1511 4662 1757 4734 supplit'it

1881 4655 2139 4727 πρότερον
2166 4652 2375 4725 ἠμύνω.
2405 4653 2499 4706 Διὸ
2533 4653 2627 4706 καὶ
2661 4649 2843 4706 εἶπεν·
2883 4671 2902 4704 ι
2931 4652 3244 4722 ’Δνορακας
3282 4651 3456 4720 πυρῖς

203 4742 454 4801 aﬂ‘ecistl.
512 4746 812 4819 Eapropter
836 4752 993 4819 dixit,
1019 4773 1047 4806 νι
1089 4753 1367 4810 Carbones
1411 4756 1551 4823 ignis
1568 4770 1777 4831 [conge-

199 4850 288 4889 res
322 4852 487 4906 super
514 4850 679 4910 caput
726 4842 935 4912 ipsius;
975 4862 994 4895 ι
1047 4861 1211 4916 grave
1263 4847 1585 4917 supplicium
1627 4849 1777 4903 desi-

200 4943 396 4997 gnans.
430 4929 582 4987 llunc
609 4932 678 4989 ad
718 4935 937 4992 modum
970 4951 1129 5007 supra
1157 4939 1313 5006 dixit,
1354 4959 1375 4992 ι
1419 4942 1552 4997 Date
1596 4940 1773 4996 locum

204 5015 302 5070 Dei
333 5017 445 5074 irae.
488 5039 507 5073 ι

274 5107 435 5165 Vens.
469 5110 561 5166 2!.
603 5131 622 5165 ι
663 5113 743 5168 Ne
778 5114 1013 5173 vinearis
1042 5133 1072 5173 a
1122 5119 1287 5185 malo,
1345 5119 1441 5174 sed
1506 5120 1661 5175 vince
1712 5120 1767 5174 iu

198 5202 344 5258 bono
374 5203 597 5261 malum.
630 5224 649 5258 ι
685 5204 783 5260 llic
807 5206 908 5262 loci
945 5208 1086 5264 istud
1116 5209 1443 5274 subindicat,
1469 5224 1575 5263 non
1607 5224 1772 5280 opor-

204 5305 319 5348 tere
352 5310 449 5350 nos
471 5296 560 5351 tali
600 5299 871 5353 sententia
902 5298 1088 5353 cibare
1112 5298 1317 5363 hostes,
1353 5308 1411 5352 ut
1443 5297 1617 5365 majus
1646 5313 1774 5367 snp-

202 5381 423 5452 plicium
476 5384 582 5441 illis
610 5386 979 5454 asciscamus;
1046 5389 1148 5443 hoc
1187 5389 1332 5442 enim
1367 5399 1449 5443 est
1484 5388 1625 5458 quod
1658 5387 1767 5442 ait:

276 5521 297 5562 ⁸
333 5522 489 5580 Deut.
534 5541 706 5587 xxxn,
743 5526 833 5581 35.

1885 4745 2215 4815 σωρεύσεις·
2270 4763 2289 4796 ι
2340 4744 2439 4815 τὴν
2478 4744 2885 4814 ,ἐπιτεταμένην
2934 4743 3205 4814 τιμωρίαν
3253 4742 3455 4812 δηλῶν.

1883 4836 2041 4891 Οῦτω
2060 4837 2154 4891 καὶ
2167 4838 2424 4907 ἀνωτέρω
2457 4833 2577 4891 εἷπε
2602 4852 2617 4867 ·
2657 4855 2676 4889 ι
2696 4836 2823 4890 Δότε
2853 4835 3018 4889 τόπον
3049 4837 3113 4906 τῇ
3138 4836 3273 4906 ὀργῇ
3302 4853 3321 4886 ι
3356 4834 3456 4887 τοῦ

1881 4928 2037 4981 Θεοῦ.

1956 5128 1975 5162 ι
2007 5109 2098 5180 Μὴ
2125 5109 2258 5164 νικῶ
2287 5108 2392 5163 ὑπὸ
2415 5110 2511 5164 τοῦ
2541 5111 2735 5177 κακοῦ,
2762 5110 2898 5164 ἀλλά
2924 5111 3050 5165 νίκα
3076 5111 3133 5164 ὲν
3159 5107 3237 5179 τῷ
3264 5108 3457 5179 ἀγαθῷ

1879 5200 1939 5255 τὸ
1983 5201 2172 5256 κακόν.
2224 5219 2244 5253 ›
2292 5201 2556 5256 Ἐνταῦθα
2598 5203 2756 5255 τοῦτο
2798 5201 3075 5273 ὑποδηλοῖ,
3119 5202 3177 5255 τὸ
3225 5200 3299 5272 μὴ
3341 5201 3457 5254 δεῖν

1883 5295 2029 5364 ἡμᾶς
2064 5293 2290 5367 τοιαύτῃ
2305 5297 2351 5326 ⁸⁸
2385 5293 2578 5367 γνώμῃ
2612 5294 2883 5367 ψωμίζειν
2917 5298 3040 5358 τοὺς
3077 5294 3326 5366 ἐχθροὺς,
3366 5295 3457 5347 ἴνα

1885 5385 2107 5440 πλείονα
2140 5385 2363 5442 κόλασιν
2391 5389 2576 5451 αὐτοῖς
2611 5389 2938 5459 ἐπάγωμενο
2972 5387 3132 5441 τοῦτο
3162 5388 3270 5459 γάρ
3303 5388 3457 5440 ἐστιν

1555 5643 1753 5706 Varia:
1776 5640 2107 5707 lectiones.

272 5757 323 5793 ⁸³
375 5760 468 5815 τὸν
500 5764 946 5836 κακοποιῆσαντα
977 5782 1029 5821 o.
1109 5767 1153 5809 *δ
1202 5765 1445 5837 ταραχὴν
1477 5783 1529 5820 o.
1609 5768 1654 5800 "
1710 5767 2127 5841 πολεμουμένην
2164 5785 2215 5827 o.
2295 5770 2339 5803 “
2371 5771 2624 5843 τοιαύτην
2681 5768 2904 5842 γνώμην
2942 5784 2994 5825 o.
