3874 6604
300 394 418 458 513

1130 400 1533 461 ΕΧΡΟΒΙΊῚΟ
1572 401 1653 460 IN'
1692 400 1927 460 EPIST.
1981 399 2081 459 AD
2118 398 2297 459 ΗΘΜ.
2338 423 2403 433 -
2431 399 2589 460 CAP.
2629 399 2801 458 XIII.

3479 396 3584 463 51$

300 507 335 558 ὃ
374 508 556 574 λέγει’
596 524 616 557 ι
654 506 745 578 Μὴ
773 509 907 562 νικῶ
938 508 1045 562 ὑπὸ
1074 510 1168 564 τοῦ
1204 510 1375 565 κακοῦ
1397 527 1411 542 ·
1450 532 1468 563 ι
1508 512 1776 571 τουτέστι,
1815 510 1901 579 Μὴ

2018 527 2035 559 ο
2060 508 2135 563 Ne
2159 508 2392 565 vincaris
2413 525 2441 563 a
2461 510 2622 577 malo,
2652 528 2669 561 ι
2697 511 2745 564 id
2767 518 2873 578 est,
2895 507 2971 563 Ne
2991 509 3207 565 ultionis
3228 510 3378 563 avida
3407 524 3590 569 mente

306 599 647 670 μνησικάκῳ
681 604 1002 674 προαιρέσει
1034 604 1198 658 τοῦτο
1232 605 1394 669 ποίει,
1437 606 1573 677 μηδὲ
1612 605 1780 677 μιμοῦ
1812 607 1902 657 τὸν

304 692 615 746 κακοποιὸν
662 688 826 764 (ἧττα
871 696 980 766 γάρ
1030 698 1148 749 ἐστι
1191 697 1395 768 τοῦτο),
1441 698 1579 752 ἀλλὰ
1631 697 1900 762 σπούδαζε

309 784 523 853 μᾶλλον
561 789 619 838 εν
656 788 723 857 τῇ
768 786 1100 859 ἀγαθοποιίᾳ
1140 806 1235 842 σου
1277 790 1496 860 νικῆσαι
1535 792 1765 856 ἐκεῖνον,
1810 790 1903 842 καὶ

306 875 647 943 μεταϐαλεῖν
689 877 798 931 ἀπὸ
835 878 937 947 τῆς
978 879 1197 944 κακίας.
1222 880 1401 952 Ὅπερ
1437 880 1530 935 οῦν
1569 876 1725 934 εἶπεν
1765 882 1904 933 ἀνω·

304 968 482 1038 τέρω,
511 971 645 1041 πρὸς
676 970 1032 1039 παραμυθίαν
1058 975 1158 1043 τῆς
1199 973 1565 1045 μικροψυχίας
1596 968 1718 1027 εἷπε
1739 990 1752 1003 ο
1786 973 1902 1027 νυνί

303 1060 371 1112 δὲ
401 1062 464 1115 τὸ
490 1062 814 1134 τελεώτερον
846 1065 1205 1134 εἰσηγήσατο.

914 1178 1163 1232 ΚΕΦΛΛ.
1210 1178 1304 1234 II".

397 1307 416 1339 ι
460 1289 613 1342 Πᾶσα
655 1289 801 1361 ψυχὴ
828 1289 948 1355 ἐξου
976 1292 1118 1355 σίαις
1164 1292 1559 1363 ὑπερεχούσαις
1604 1292 1904 1347 ὑποτασσέ-

308 1380 451 1434 σθω.
485 1400 503 1433 ι
526 1382 744 1453 Ἐπειδὴ
771 1383 975 1447 ἱκανῶς
999 1384 1308 1454 κατήρτυσε
1331 1386 1397 1438 τὰ
1424 1385 1529 1457 ἤθη
1550 1385 1657 1439 τῶν
1678 1386 1902 1439 ἀκουόν-

306 1488 425 1525 των
442 1513 454 1526 .
484 1472 576 1525 καὶ
601 1472 840 1538 ἐδίδαξεν
867 1475 1065 1538 αὐτοὺς
1093 1477 1185 1528 καὶ
1211 1474 1425 1546 ἐχθροῖς
1450 1472 1591 1530 εἶναι
1617 1477 1898 1546 εὐμενεῖς,

307 1564 527 1633 είσάγει
567 1566 662 1618 καὶ
703 1566 910 1638 ταύτην
949 1567 1049 1637 τὴν
1092 1569 1450 1639 παραίνεσινο
1488 1571 1757 1624 παιδεύων
1798 1572 1903 1625 πᾶ-

312 1673 422 1711 σαν
450 1658 646 1729 ψυχὴν,
673 1658 775 1713 κᾶν
807 1660 986 1730 ἱερεὺς
1082 1678 1190 1728 τις,
1221 1662 1324 1715 κᾶν
1359 1663 1611 1733 μοναχὺς,
1642 1663 1742 1718 κᾶν
1769 1664 1902 1717 ἀπό-

311 1749 529 1815 στολος,
576 1750 984 1806 ὑποτάσσεσθαι
1048 1755 1159 1817 τοῖς
1203 1753 1484 1825 ἄρχουσιν.
1520 1754 1669 1827 Αῦτη
1714 1757 1821 1827 γάρ
1864 1758 1898 1828 ἡ

2007 603 2087 656 vel
2128 602 2519 657 deliberatione
2574 604 2700 657 illud
2752 603 2871 659 fac:
2927 619 3025 658 nec
3081 604 3218 658 mala
3276 615 3578 674 patrantent
3686 660 3695 665 κ

2006 693 2259 747 imitare:
2294 694 2394 747 hoc
2433 694 2575 748 cnim
2615 704 2759 749 esset
2803 705 2855 749 te
2909 696 3265 749 succumbere
3315 707 3370 750 et
3400 696 3578 752 vinci:

2004 785 2134 853 quin
2185 783 2365 854 potius
2423 786 2582 840 Stude
2628 785 2983 841 beneficentia
3036 796 3125 840 tua
3162 787 3305 841 illum
3340 789 3577 855 vincere,

2005 886 2169 947 atque
2200 895 2227 930 a
2265 892 2363 931 sua
2414 878 2616 932 malitia
2660 879 2976 935 transferre.
3017 879 3170 947 Quod
3208 882 3371 953 igitur
3420 897 3580 951 supra

2004 967 2166 1033 dixit,
2198 970 2263 1021 ad
2300 968 2763 1039 pusillanitnitatis
2784 970 3405 1028 consolationemdixit:
3440 986 3584 1027 nunc

2005 1068 2184 1114 autem
2219 1061 2358 1130 quod
2397 1060 2691 1129 perfectius
2720 1071 2804 1116 est
2836 1062 3070 1117 induxit.

2577 1169 2807 1228 CAPUT
2866 1170 3005 1227 XIII.

2077 1284 2237 1339 Vens.
2264 1286 2315 1341 I.
2348 1303 2365 1337 ι
2405 1286 2594 1341 Omnis
2640 1288 2821 1340 anima
2855 1288 3214 1356 potestatibus
3253 1291 3584 1349 sulutmiorio

2004 1376 2104 1431 bus
2137 1379 2349 1432 subdita
2379 1379 2470 1434 sit.
2500 1396 2519 1429 ι
2552 1376 2686 1434 Cum
2710 1379 3016 1434 auditorum
3041 1395 3221 1436 mores
3253 1381 3584 1441 sufﬁcienter

2003 1469 2435 1539 composuisset,
2496 1483 2698 1540 eosque
2754 1470 3027 1526 docuisset
3077 1480 3135 1525 ut
3190 1472 3271 1526 vel
3331 1474 3585 1531 hostibus

2003 1572 2185 1617 essent
2209 1562 2448 1635 benigni,
2496 1565 2636 1618 hanc
2682 1563 2901 1621 adducit
2931 1564 3393 1635 adhortationem,
3452 1584 3585 1623 eru-

2003 1654 2155 1711 diens
2190 1664 2244 1711 et
2275 1656 2566 1712 instituens
2593 1671 2810 1712 omnem
2856 1658 3093 1712 animam
3114 1697 3130 1723 ,
3162 1659 3278 1714 sive
3327 1661 3583 1718 sacerdos

2003 1748 2275 1816 quispiam
2318 1748 2502 1814 fuerit,
2530 1748 2617 1804 vel
2647 1750 2967 1813 monachus,
3001 1751 3083 1804 vel
3114 1750 3413 1820 apostolus,
3449 1752 3580 1808 sub-

310 1842 570 1913 ὐποταγὴ
625 1844 726 1897 οὐκ
758 1845 1057 1916 ἀνατρέπει
1086 1846 1186 1917 τὴν
1214 1846 1515 1901 εὐσέϐειαν.
1548 1849 1813 1919 Παραινεί
1839 1850 1895 1903 δὲ

2010 1840 2091 1897 iici
2142 1840 2563 1909 principatibus.
2592 1840 2699 1897 Ista
2746 1843 2891 1897 enim
2932 1836 3199 1914 subiectio
3230 1859 3333 1901 non
3361 1845 3581 1901 invertit

309 1935 478 1989 τοῦτο
516 1937 544 1989 6
576 1936 920 2002 Ἀπόστολος,
961 1938 1247 2006 δεικνύων,
1290 1941 1371 1994 ὅτι
1414 1942 1514 1996 οὐκ
1561 1943 1899 1997 ἀποστασίαν

308 2028 558 2084 διδάσκει
580 2030 642 2083 τὺ
669 2030 1023 2101 Εὐαγγέλιον,
1050 2033 1172 2087 οὐδὲ
1199 2034 1503 2101 ἀπείθειαν,
1535 2035 1670 2090 ἀλλὰ
1700 2037 1899 2108 μᾶλλον

311 2122 743 2196 εὐγνωμοσύνην
774 2125 871 2181 καὶ
901 2125 1238 2183 εὐπείθειαν.

395 2320 414 2353 ι
456 2301 530 2355 Οὐ
574 2300 684 2372 γὰρ
728 2300 881 2356 ἔστιν
914 2303 1154 2370 ἐξουσία,
1190 2307 1238 2359 εί
1281 2304 1356 2376 μὴ
1392 2304 1500 2359 ἀπὸ
1534 2304 1668 2359 Θεοῦ
1695 2320 1709 2336 ·
1745 2306 1802 2358 αί
1843 2305 1899 2359 δὲ

311 2390 476 2448 οὖσαι
508 2394 767 2461 ἐξουσίαι,
801 2394 908 2449 ὑπὸ
938 2395 1074 2450 Θεοῦ
1106 2399 1438 2469 τεταγμέναι
1469 2399 1626 2452 είσίν.
1662 2417 1680 2450 ι
1716 2399 1779 2452 Τί
1809 2399 1898 2451 λέ-

312 2507 468 2557 γεις;
495 2490 611 2552 na;
635 2490 820 2561 ἄρχων
844 2488 949 2543 ὑπὸ
976 2489 1112 2544 Θεοῦ
1140 2490 1615 2562 κεχειροτόνητιις
1644 2490 1717 2544 Οὐ
1739 2489 1900 2544 τοῦτο

311 2581 497 2650 λέγω,
530 2581 725 2651 φησὶν,
760 2580 882 2634 οὐδὲ
916 2582 1045 2653 περὶ
1074 2581 1182 2635 τῶν
1214 2582 1336 2637 καθ’
1360 2582 1589 2636 ἕκαστον
1619 2583 1899 2653 ἀρχόντων

312 2674 347 2725 6
376 2673 533 2741 λόγος
564 2691 654 2744 μοι
681 2672 797 2740 νῦν,
824 2674 961 2729 ἀλλά
987 2675 1115 2744 περὶ
1139 2674 1231 2729 τοῦ
1260 2665 1583 2746 πράγματος
1610 2675 1798 2731 αὐτοῦ.
1824 2675 1900 2729 Τὸ

313 2768 430 2835 γὰρ
470 2767 646 2837 ἀρχὰς
707 2764 876 2832 εἶναι,
906 2768 1001 2821 καὶ
1026 2768 1151 2830 τοὺς
1182 2766 1283 2837 μὲν
1308 2768 1527 2838 ἄρχειν,
1557 2767 1683 2831 τοὺς
1711 2767 1767 2821 δὲ
1798 2768 1900 2837 ἄρ-

314 2857 537 2929 χεσθαι,
568 2860 662 2912 καὶ
697 2858 771 2930 μὴ
798 2858 911 2913 ἀνω
939 2860 1033 2912 καὶ
1065 2858 1217 2912 κάτω
1242 2859 1310 2912 τὰ
1338 2859 1517 2913 πάντα
1546 2858 1898 2929 φύρεσθαι²⁷,

313 2953 418 3020 τῆς
442 2952 536 3007 τοῦ
561 2951 697 3005 Θεοῦ
726 2952 919 3023 σοφίας
946 2952 1106 3023 ἔργον
1129 2971 1201 3024 φη
1211 2952 1273 3023 μὶ
1298 2949 1458 3007 εἶναι.
1484 2953 1597 3007 Οὐκ
1622 2948 1743 3006 εἷπε
1766 2952 1898 3022 γὰρ,

317 3045 408 3096 ὅτι
442 3045 554 3097 Οὐκ
590 3044 735 3098 ἐστιν
765 3044 982 3118 ἄρχων.
1016 3045 1155 3118 ἀλλ’,
1193 3064 1210 3098 ι
1244 3046 1358 3099 Οὐκ
1392 3044 1539 3099 ἔστιν
1570 3045 1821 3110 ἐξουσία,
1852 3047 1900 3098 εἰ

319 3137 401 3207 μὴ
458 3136 563 3190 ὐπὸ
636 3116 814 3190 Θεοῦ(
854 3155 874 3189 ι
932 3116 1093 3190 Ὠστέ
1158 3137 1288 3206 περὶ
1360 3137 1525 3191 αὐτοῦ
1588 3139 1683 3193 τοῦ
1759 3140 1898 3212 πρά-

2003 1933 2278 2000 pietatem.
2298 1931 2567 1989 Admonet
2592 1944 2771 1990 autem
2794 1934 2895 2001 hoc
2912 1935 3225 2005 Apostolus,
3250 1945 3308 1991 ut
3330 1938 3580 1993 ostendat

2005 2022 2356 2093 Evangelium
2389 2040 2494 2079 non
2527 2024 2726 2080 docere
2750 2025 3108 2082 defectionem
3143 2038 3236 2082 aut
3266 2028 3582 2085 inobedien-

2002 2113 2131 2167 tiam
2166 2129 2294 2185 erga
2326 2115 2704 2186 magistratum
2728 2154 2744 2183 ,
2781 2118 2876 2173 sed
2924 2117 3349 2175 moderationem
3401 2120 3582 2189 petius

2001 2216 2055 2259 et
2086 2207 2476 2261 obedientiam.

2077 2314 2096 2349 ι
2140 2296 2255 2351 Non
2286 2297 2429 2352 enim
2463 2306 2549 2354 est
2580 2308 2820 2368 potestas
2850 2300 2950 2355 nisi
2987 2316 3015 2355 a
3058 2302 3202 2357 Deo:
3235 2318 3357 2373 qute
3399 2311 3578 2358 autem

1999 2401 2126 2445 sunt
2155 2401 2487 2463 potestates,
2518 2407 2549 2447 a
2590 2393 2698 2448 Deo
2739 2394 3002 2449 ordinata:
3036 2405 3181 2452 sunt.
3224 2415 3243 2448 ι
3283 2396 3420 2463 Quid
3460 2397 3582 2451 ais?

2000 2485 2265 2540 Outttisne
2305 2486 2565 2556 princeps
2596 2484 2683 2541 vel
2728 2487 3080 2556 magistratus
3137 2503 3168 2542 a
3218 2488 3326 2542 Deo
3377 2489 3583 2544 electus

1998 2579 2128 2630 est?
2173 2574 2287 2630 Non
2335 2577 2437 2631 hoc
2490 2578 2634 2643 dico,
2691 2576 2891 2647 inquit,
2942 2594 3116 2649 neque
3146 2580 3211 2635 de
3242 2581 3494 2636 omnibus
3526 2589 3583 2635 et

2001 2666 2229 2737 singulis
2262 2667 2603 2739 principibus
2634 2668 2715 2723 vel
2765 2670 3172 2741 magistratibus
3224 2669 3354 2723 mihi
3397 2683 3580 2723 sermo

2006 2776 2150 2815 nunc
2180 2772 2286 2824 est,
2328 2762 2422 2816 sed
2454 2761 2521 2815 de
2558 2776 2616 2816 re
2665 2762 2800 2832 ipsa.
2828 2761 2961 2816 Nam
2994 2761 3327 2831 principatus
3353 2776 3494 2826 esse,
3527 2771 3583 2815 et

2003 2854 2139 2908 alios
2162 2854 2380 2923 quidem
2410 2854 2733 2925 magistratu
2771 2853 2942 2925 fungi,
2974 2854 3109 2908 alios
3139 2868 3268 2908 vero
3299 2855 3584 2925 magistra-

2006 2949 2149 3001 tibus
2194 2947 2396 3013 subdi,
2474 2962 2653 3018 neque
2709 2962 2924 3002 sursum
2979 2957 3035 3001 et
3094 2946 3347 3000 deorsum
3399 2946 3581 3001 omnia

2006 3037 2243 3101 misceri,
2302 3038 2398 3093 Dei
2453 3040 2733 3110 sapientiae
2759 3039 2880 3093 dico
2918 3053 3051 3108 opus
3084 3053 3225 3094 esse.
3275 3039 3390 3094 Non
3432 3041 3579 3095 enim

2004 3128 2159 3192 dixit,
2192 3142 2297 3183 non
2333 3142 2452 3182 esse
2481 3128 2802 3198 principem,
2842 3130 2934 3183 sed
2975 3146 2993 3180 ι
3035 3127 3152 3183 Νοη
3194 3144 3315 3183 esse
3342 3140 3582 3199 potesta-

316 3192 555 3299 γματος,
597 3228 697 3300 τῆς
745 3228 943 3299 ἀρχῆς,
990 3227 1156 3299 φημὶ,
1203 3192 1528 3298 δίαλὲγεται.
1555 3229 1764 3302 Ὥσπερ
1790 3192 1900 3283 καί

2010 3228 2134 3283 lem,
2169 3218 2269 3274 nisi
2297 3234 2326 3272 a
2365 3217 2495 3273 Deo.
2532 3238 2552 3272 ι
2598 3219 2800 3287 Quare,
2829 3221 2895 3274 de
2923 3219 3133 3289 reipsa,
3166 3220 3232 3274 de
3263 3224 3379 3291 ipso
3406 3222 3580 3293 mugi-

316 3337 405 3383 τις
437 3321 598 3390 σοφὸς
626 3320 754 3375 ὅταν
774 3320 937 3391 λέγῃ’
972 3338 989 3372 ι
1018 3319 1176 3391 Παρά
1204 3319 1408 3391 Κυρίου
1438 3318 1736 3390 ἁρμόζεται
1764 3319 1901 3389 γυνὴ

317 3410 478 3482 ἀνδρί
494 3427 506 3441 ·
536 3429 555 3463 ι
576 3410 637 3464 οὐ
660 3410 819 3464 τοῦτο
841 3410 1012 3478 λέγει,
1030 3410 1112 3464 ὅτι
1134 3409 1363 3465 ἕκαστον
1386 3410 1637 3464 συνιόντα
1658 3412 1898 3479 γυναικὶ,

321 3501 490 3565 αὐτὸς
520 3502 783 3568 συνάπτει
809 3516 824 3532 ⁸
858 3501 974 3556 ἀλλ’
996 3502 1080 3555 ὅτι
1106 3502 1198 3556 τὸν
1227 3502 1405 3573 γάμον
1432 3503 1691 3573 ἐποίησεν
1719 3504 1901 3567 αὐτός.

322 3592 505 3648 Πᾶσαι
532 3589 626 3647 οὖν
649 3594 709 3648 αἱ
736 3593 997 3661 ἐξουσίαι,
1025 3593 1129 3648 ὑπὸ
1154 3593 1288 3648 Θεοῦ
1316 3594 1541 3660 δικαίως
1566 3596 1901 3666 τεταγμέναι

321 3686 492 3751 είσὶν,
522 3686 640 3740 οἷαν
670 3685 737 3739 ἂν
768 3687 1051 3759 σκοπήσῃς
1078 3726 1094 3753 ,
1130 3685 1234 3741 κᾶν
1265 3686 1362 3758 τὴν
1392 3686 1485 3741 τοῦ
1522 3689 1730 3757 πατρὸς
1764 3688 1899 3759 πρὸς

323 3780 473 3847 υἱὸν,
514 3780 617 3834 κάν
656 3778 753 3850 τὴν
791 3779 887 3833 τοῦ
931 3780 1124 3850 ἀνδρὸς
1171 3778 1309 3851 πρὸς
1354 3783 1616 3850 γυναῖκα,
1658 3781 1761 3834 κᾶν
1802 3783 1902 3844 τὶς

323 3872 492 3935 ἄλλας
525 3873 702 3936 πάσας
723 3888 738 3902 ·
770 3874 865 3926 καὶ
892 3872 992 3936 τὰς
1023 3874 1080 3926 ὲν
1110 3875 1223 3937 τοῖς
1257 3872 1417 3937 ζώοις
1451 3873 1529 3939 δὲ,
1564 3873 1639 3937 ὡς
1667 3874 1773 3926 τῶν
1805 3890 1901 3944 με·

324 3963 546 4029 λισσῶν,
574 3963 649 4028 ὡς
678 3964 787 4018 τῶν
814 3965 1084 4036 γεράνων,
1112 3965 1187 4029 ὡς
1216 3965 1323 4019 τῶν
1359 3965 1581 4037 ίχθύων.

401 4156 420 4187 ε
453 4136 614 4191 Ὥστε
640 4138 667 4189 6
695 4138 1151 4207 ἀντιτασσόμενος
1177 4140 1243 4210 τῇ
1273 4136 1491 4209 ἐξουσίᾳ
1511 4181 1524 4203 ,
1552 4140 1616 4209 τῇ
1644 4135 1736 4191 τοῦ
1763 4136 1899 4191 Θεοῦ

325 4229 555 4299 διαταγῇ
603 4230 960 4301 ἀνθέστηκεν.
1006 4230 1071 4284 Oi
1113 4231 1171 4283 δὲ
1217 4230 1632 4302 ἀνθεστηκότες,
1682 4231 1897 4293 ἑαυτοῖς

329 4321 503 4389 κρῖμα
534 4318 821 4389 λήψονται.
862 4338 883 4372 ι
915 4318 1032 4374 ’Ίνα
1071 4320 1146 4392 μὴ
1182 4319 1347 4392 ἔχωσι
1379 4320 1564 4388 λέγειν
1596 4320 1646 4373 οῑ
1683 4320 1900 4385 πιστοὶ,

327 4410 407 4463 ὅτι
443 4409 827 4475 Ἐξευτελίξεις
854 4411 1024 4481 ἡμᾶς,
1055 4411 1183 4475 τοὺς
1212 4410 1312 4481 τῆς
1337 4409 1445 4464 τῶν
1474 4409 1721 4480 οὐρανῶν
1749 4409 1904 4478 βασι-

2002 3316 2230 3374 stratus,
2297 3310 2540 3381 inquam,
2590 3310 2765 3366 otiicio
2813 3311 3054 3366 disserit.
3115 3313 3578 3378 Quemadmodum

2001 3415 2124 3456 cum
2164 3404 2467 3472 sapientum
2515 3403 2711 3473 aliquis
2761 3403 2907 3457 dicat
2963 3418 2978 3457 :
3022 3421 3041 3455 ι
3094 3409 3133 3458 A
3171 3405 3398 3458 Omnino
3443 3420 3582 3461 uxor

2001 3502 2221 3563 aptatur
2252 3494 2369 3549 viro
2391 3505 2455 3550 ιιι
2490 3511 2509 3545 ι
2529 3510 2632 3549 non
2661 3496 2761 3549 hoc
2792 3495 3104 3565 dicit,qnod
3136 3496 3431 3565 quendabet
3456 3510 3579 3551 cum

2003 3584 2229 3639 muliere
2262 3585 2679 3641 convenientem
2734 3587 2873 3641 Deus
2904 3586 3159 3655 copulet,
3212 3602 3395 3640 verum
3440 3586 3583 3654 quod

2002 3677 2117 3748 ipse
2152 3678 2366 3747 nuptias
2405 3676 2534 3732 fecit
2583 3686 2636 3733 et
2676 3678 2929 3733 instituit.
2968 3677 3171 3733 Omnes
3214 3680 3395 3746 itaque
3430 3689 3581 3747 pote-

2001 3780 2190 3838 states,
2227 3771 2663 3840 qualemcunque
2692 3772 2921 3841 cogites,
2967 3773 3072 3827 rite
3104 3787 3134 3826 a
3182 3770 3290 3826 Deo
3318 3772 3581 3825 ordinatae

2002 3874 2150 3930 sunt,
2200 3862 2318 3919 sive
2347 3863 2522 3933 patris
2551 3864 2602 3917 in
2629 3863 2820 3927 lilium,
2846 3863 2961 3918 sive
2985 3864 3164 3918 mariti
3190 3864 3241 3916 in
3273 3850 3581 3933 coniugem,

2002 3954 2118 4011 sive
2151 3969 2341 4011 omnes
2368 3956 2525 4023 alias,
2558 3955 2665 4011 imo
2701 3971 2819 4024 qua:
2851 3956 2932 4009 vel
2972 3957 3022 4010 in
3057 3955 3185 4025 ipsis
3213 3964 3341 4010 sunt
3373 3940 3581 4009 anima-

2004 4047 2168 4113 Iibus,
2201 4048 2395 4117 apibus
2424 4047 2707 4113 nimirum,
2738 4048 2962 4118 gruibus
2992 4057 3048 4103 et
3075 4048 3333 4117 piscibus.

2083 4140 2249 4196 Vens.
2278 4139 2334 4194 2.
2373 4158 2392 4192 ι
2438 4137 2624 4209 Itaque
2655 4139 2745 4209 qui
2786 4139 2997 4193 resistit
3044 4138 3324 4207 potestati,
3371 4136 3462 4192 Dei
3494 4150 3583 4189 or-

2005 4233 2271 4290 dinationi
2306 4232 2533 4289 resistit.
2568 4231 2904 4287 Resistentes
2934 4241 3116 4285 autem
3154 4231 3391 4295 sibiipsis
3430 4229 3581 4299 judi-

2006 4327 2149 4380 cium
2189 4325 2480 4396 accipient.
2525 4343 2545 4377 ι
2596 4322 2675 4378 Ne
2725 4323 2909 4378 fideles
2959 4322 3142 4379 dicere
3193 4321 3302 4396 95
3337 4330 3580 4392 queant:

2004 4417 2153 4475 Viles
2180 4417 2341 4487 plane
2364 4433 2462 4473 nos
2500 4416 2699 4481 reddis,
2728 4416 2819 4487 qui
2852 4424 3031 4472 tamen
3062 4416 3326 4471 codorum
3357 4430 3579 4485 regnum

326 4502 477 4565 λείας
521 4501 814 4557 ἀπολαύειν
864 4502 1178 4574 μέλλοντας,
1227 4502 1489 4575 ἄρχουσιν
1538 4503 1858 4557 ὑποτάττων
1882 4519 1898 4535 ο

2010 4510 2252 4581 adepturi
2285 4524 2473 4566 sumus
2496 4549 2513 4578 ,
2546 4509 2885 4580 principibus
2939 4517 2995 4563 et
3040 4508 3447 4577 magistratibus
3482 4521 3585 4561 nos

325 4594 618 4660 δείκνυσιν,
659 4594 740 4648 ὅτι
780 4593 856 4666 τῷ
898 4594 1019 4665 Θεῷ
1058 4595 1439 4660 ὐποτάττεται,
1479 4597 1508 4649 6
1546 4597 1667 4659 ταῖς
1706 4596 1901 4666 ἀρχαῖς

2010 4601 2344 4671 subjiciens;
2382 4610 2648 4656 monstrat
2686 4600 2831 4670 quod
2879 4598 2990 4654 Deo
3037 4599 3392 4670 subjiciatur,
3431 4598 3588 4667 quis-

327 4688 769 4758 ὑποτασσόμενος
793 4704 805 4717 ·
852 4687 1054 4756 μᾶλλον
1086 4687 1145 4742 δὲ
1177 4687 1237 4741 τὸ
1277 4686 1653 4760 φοϐερώτερον
1675 4688 1720 4721 ⁸⁸
1753 4689 1901 4761 τίθη-

2010 4696 2125 4763 quis
2152 4692 2492 4764 magistratui
2529 4690 2856 4761 subjicitur:
2900 4689 2984 4744 vel
3020 4690 3220 4759 patius,
3249 4690 3391 4759 quod
3424 4692 3585 4744 terri—

327 4799 439 4845 σιν,
469 4781 551 4834 ὅτι
591 4781 619 4833 6
660 4779 734 4849 μὴ
772 4778 999 4844 ταύταις
1041 4780 1382 4848 πειθόμενος,
1416 4781 1795 4835 ἀντιτάσσεται
1828 4781 1907 4852 τῷ

326 4871 447 4940 Θεῷ
468 4912 483 4934 ,
515 4870 594 4942 τῷ
624 4870 719 4933 τὰς
752 4870 927 4942 ἀρχὰς
952 4870 1173 4936 τάξαντι
1198 4889 1213 4903 ο
1245 4874 1273 4926 6
1306 4872 1363 4926 δὲ
1396 4871 1746 4942 ἀνθεστηκὼς
1766 4914 1781 4939 ,
1814 4874 1908 4927 καὶ

326 4966 482 5036 παρά
508 4964 604 5018 τοῦ
633 4963 768 5018 Θεοῦ
798 4965 1244 5036 τιμωρηθήσεται
1274 4965 1369 5019 καὶ
1400 4964 1549 5037 παρὰ
1578 4965 1903 5037 ἀνθρώπων.

326 5057 502 5111 Τοῦτο
534 5056 645 5129 γὰρ
678 5058 975 5111 αίνίττεται
1009 5055 1211 5113 εἰπών’
1257 5077 1276 5111 ι
1316 5057 1561 5123 Ἐαυτοτς
1599 5062 1773 5131 κρῖμα
1805 5059 1905 5131 λή-

325 5152 528 5222 ψονται
553 5154 602 5206 οἱ
633 5151 1047 5223 ἀνθεστηκότες.
1091 5170 1111 5204 ι
1142 5224 1145 5227 _

410 5348 428 5381 ι
464 5329 528 5382 Ol
554 5328 666 5399 γὰρ
693 5328 951 5399 ἄρχοντες
980 5329 1081 5383 οὐκ
1110 5328 1217 5381 εἰσὶ
1248 5327 1411 5399 φόϐος
1437 5326 1547 5381 τῶν
1573 5327 1791 5397 ἀγαθῶν
1814 5328 1908 5403 Δἐρ-

320 5439 479 5493 γων,
515 5421 651 5475 ἀλλὰ
685 5421 794 5475 τῶν
830 5420 1035 5474 κακῶν.
1072 5418 1258 5484 Θέλεις
1290 5420 1347 5472 δὲ
1383 5420 1457 5491 μὴ
1495 5419 1774 5489 φοϐεῖσθαι
1803 5422 1904 5490 τὴν

321 5516 615 5582 ὲξουσίαν;
645 5515 707 5566 τὸ
736 5513 939 5583 ἀγαθὸν
968 5514 1139 5580 ποίει,
1174 5514 1268 5567 καὶ
1297 5512 1438 5579 ἕξεις
1469 5512 1689 5567 ἔπαινον
1718 5513 1776 5579 ἐξ
1805 5515 1903 5568 αὐ-

401 5627 611 5682 ιΡι-ον.
650 5642 765 5691 nx,
807 5626 895 5681 Η.

2002 4786 2164 4842 bilius
2202 4796 2308 4851 est,
2357 4785 2577 4850 subdit,
2636 4798 2851 4853 nempe,
2894 4784 3038 4853 quod
3086 4781 3175 4836 ille
3208 4783 3299 4852 qui
3339 4782 3423 4836 his
3475 4796 3580 4836 nou

2000 4876 2164 4933 fuerit
2191 4877 2523 4941 obsecutus,
2585 4874 2696 4929 Deo
2751 4874 2975 4938 resistit,
3035 4872 3123 4943 qui
3176 4882 3473 4943 potestates
3530 4879 3585 4925 et

2006 4967 2359 5037 magistratus
2406 4962 2700 5018 ordinavit.
2733 4960 2835 5030 Qui
2871 4971 3053 5015 autem
3105 4971 3390 5030 repugnat,
3445 4968 3499 5014 et
3552 4974 3581 5013 a

2008 5056 2119 5112 Deo
2146 5055 2417 5126 punietur,
2465 5064 2519 5110 et
2559 5054 2628 5109 ab
2672 5052 3022 5108 hominibus:
3074 5051 3178 5105 hoc
3216 5052 3358 5106 enim
3393 5049 3585 5104 subiu-

2008 5149 2148 5215 nuit,
2182 5163 2303 5204 cum
2335 5146 2492 5213 dixit,
2522 5166 2541 5199 ι
2578 5145 2833 5216 Sibiipsis
2855 5144 3118 5217 judicium
3150 5141 3416 5213 accipient
3447 5144 3582 5197 resi-

2008 5249 2233 5296 stentes.
2276 5257 2296 5291 ι

2080 5330 2248 5389 Vsus.
2282 5330 2336 5386 3.
2381 5349 2399 5383 ι
2438 5329 2717 5400 Principes
2745 5328 2888 5387 enim
2921 5344 3026 5383 non
3060 5336 3185 5383 sunt
3210 5335 3385 5380 terror
3417 5326 3584 5381 bono-

2010 5441 2130 5479 rum
2159 5440 2405 5493 operum,
2446 5423 2540 5478 sed
2572 5420 2859 5477 malorum.
2908 5418 3002 5474 Vis
3034 5429 3213 5473 autem
3260 5432 3362 5472 non
3390 5418 3582 5473 timere

2010 5516 2368 5588 potestatem?
2429 5514 2629 5571 Bonum
2693 5513 2810 5581 fac,
2862 5520 2914 5569 et
2971 5511 3198 5568 habebis
3244 5511 3453 5566 laudem
3514 5512 3584 5569 ab

1680 5722 1880 5785 Varia:
1903 5722 2232 5787 lectiones.

403 5824 447 5854 ’τ
507 5821 777 5894 φέρεσθαι
817 5837 869 5876 o.
948 5822 992 5853 ’³
1025 5823 1406 5893 φανερώτερον
1438 5839 1491 5878 o.
