3874 6576
384 375 493 443 519

1307 362 1893 425 THEOPIIYLACTI
1934 359 2345 424 BULGARIE
2385 358 2744 420 ARClIlEP.

3525 350 3630 418 520

384 495 518 542 tur:
553 502 571 537 ι
605 492 653 538 et
695 482 960 536 honorum
1000 475 1399 546 operationem,
1427 489 1548 531 cum
1571 475 1705 529 dicit
1738 493 1752 527 :
1789 493 1807 524 t
1847 473 1965 527 l'le-

2106 490 2215 529 αιί
2242 472 2335 527 καὶ
2355 470 2455 544 τὴν
2486 470 2594 524 τῶν
2615 466 2840 537 ἀγαθῶν
2868 465 3157 538 ἐργασίαν,
3182 465 3242 519 ιν
3268 463 3345 538 τῷ
3383 464 3553 535 φάναι
3576 465 3637 498 ’δ’

386 577 581 631 nitudo
611 573 774 644 igitur
804 570 937 640 legis
963 568 1202 623 dilectio.
1240 585 1259 619 ι
1298 564 1491 622 Totam
1531 566 1676 622 enim
1713 566 1966 620 virtutem

386 666 505 737 lege
534 672 1012 720 comtnousuatam
1044 657 1099 712 in
1121 656 1278 712 nobis
1309 654 1540 725 perlicit.

460 846 625 903 Vsus.
650 842 739 898 11.
774 859 794 895 t
835 841 904 896 Et
933 840 1058 905 hoc,
1103 837 1338 895 scientes
1392 847 1623 908 tempus,
1664 836 1792 908 quia
1838 836 1973 892 hora

379 939 503 1009 jam,
524 947 607 993 est
630 950 729 992 nos
759 950 791 991 e
821 948 1014 990 somno
1040 946 1287 1004 surgere.
1326 947 1347 984 ι
1380 930 1742 996 Charitatem,
1775 930 1969 1000 inquit,

394 1030 614 1100 plurimi
658 1026 839 1083 facere
888 1024 1118 1090 debetis,
1146 1039 1210 1079 ac
1239 1037 1338 1095 per
1368 1023 1539 1093 ipsam
1581 1021 1715 1077 alias
1743 1022 1973 1076 virtutes

390 1136 628 1177 omnes:
687 1120 851 1189 idque
911 1126 1133 1188 pr0pter
1180 1116 1442 1186 temporis
1490 1114 1776 1169 rationem.
1837 1110 1971 1166 Nam

392 1233 559 1289 prope
592 1224 677 1273 est
710 1213 1058 1278 resurrectio,
1094 1226 1263 1283 prope
1285 1210 1574 1282 judicium,
1613 1216 1780 1281 atque
1812 1223 1976 1278 opor-

394 1323 468 1365 tet
496 1325 595 1365 nos
622 1324 654 1364 e
679 1321 874 1377 sopore
902 1305 1165 1360 socordiae
1190 1302 1516 1373 desidiaeque
1544 1300 1796 1365 excitari,
1823 1314 1975 1355 esse-

390 1417 496 1472 que
531 1410 752 1469 paratos
785 1397 854 1453 ad
884 1411 1047 1467 opera
1078 1394 1481 1450 resurrectione
1510 1393 1693 1464 digna.

471 1512 491 1546 ι
537 1491 687 1546 Nunc
715 1490 860 1546 enim
887 1497 972 1544 est
996 1486 1220 1560 prapior
1246 1486 1391 1541 salus
1421 1492 1627 1549 nostra,
1658 1498 1820 1553 quant
1852 1497 1975 1539 cum

397 1584 750 1643 credidimus.
792 1599 811 1632 ι
852 1581 989 1647 Quia
1015 1578 1310 1634 verisimile
1339 1586 1460 1632 erat
1489 1592 1585 1632 eos
1615 1576 1668 1630 itt
1700 1575 1823 1630 lidei
1861 1575 1977 1645 pri-

395 1676 622 1731 mordiis
646 1672 1001 1728 studiosiores
1024 1670 1321 1735 exstitisse,
1356 1667 1618 1737 temporis
1646 1675 1827 1720 autem
1852 1680 1980 1734 pro-

393 1783 557 1823 cursu
594 1764 872 1820 refrixisse
898 1781 912 1817 :
948 1761 1124 1827 Nunc,
1155 1761 1352 1831 inquit,
1382 1760 1555 1830 magis
1584 1758 1981 1831 appropinqua-

2077 585 2095 617 t
2136 565 2419 636 Πλήρωμα
2448 558 2541 616 οὖν
2588 562 2777 633 νόμου,
2801 561 2835 631 ἡ
2872 560 3085 628 ἀγάπη.
3118 576 3138 611 ι
3186 558 3514 629 Ὀλόκληρον
3541 560 3643 630 γὰρ

2071 658 2333 727 κατορθοῖ
2361 658 2419 710 tv
2443 656 2574 728 ἡμῖν
2599 654 2700 726 τὴν
2731 653 2956 726 ἀρετὴν,
2985 652 3086 723 τὴν
3112 651 3199 706 διὰ
3221 650 3314 706 τοῦ
3343 653 3513 723 νόμον
3539 651 3645 706 6::-

2072 766 2171 803 κνυ
2180 748 2371 819 μένην.

2150 857 2169 891 ι
2211 840 2324 893 Καὶ
2366 838 2545 902 τοῦτο,
2593 836 2796 900 ειδότες
2826 835 2919 890 τὸν
2970 833 3181 907 καιρὸν,
3226 836 3309 890 ὃτι
3351 832 3475 905 ῶρα
3506 834 3649 903 ἡμᾶς

2073 929 2177 1001 ἢδη
2215 930 2276 997 ἐξ
2332 928 2503 983 ὕπνου
2542 928 2855 999 ἐγερθῆναι.
2908 945 2927 979 t
2987 926 3286 996 Ὀφείλετε,
3340 927 3505 996 φησὶ,
3556 927 3650 997 τὴν

2074 1022 2300 1090 ἀγάπην
2331 1021 2462 1094 περὶ
2488 1020 2686 1075 πολλοῦ
2719 1020 3013 1085 ποιεῖσθαι,
3041 1019 3108 1074 δι’
3139 1020 3310 1088 αὐτῆς
3340 1018 3401 1072 δὲ
3436 1018 3532 1072 καὶ
3552 1019 3651 1071 πάο

2076 1131 2175 1178 σας
2196 1114 2294 1177 τὰς
2325 1113 2491 1178 ἄλλας
2520 1112 2721 1184 ἀρετάς
2743 1099 2759 1145 έ
2787 1112 2881 1167 καὶ
2903 1111 2991 1166 δια
3014 1111 3105 1165 τὸν
3127 1111 3319 1182 καιρόν
3337 1126 3354 1143 ι
3386 1111 3471 1164 δτι
3495 1110 3650 1178 ἐγγύς

2076 1208 2224 1261 ἐστιν
2266 1207 2300 1276 ἡ
2346 1205 2667 1271 ἀνάστασις,
2708 1204 2877 1275 ἐγγὺς
2918 1206 2952 1275 ἡ
2995 1203 3197 1275 κρίσις,
3237 1204 3335 1257 καὶ
3391 1202 3476 1257 δεῖ
3512 1202 3652 1274 ἡμᾶς

2075 1300 2141 1351 ὲκ
2172 1294 2268 1351 τοῦ
2312 1296 2479 1351 ὕπνου
2508 1297 2609 1368 τῆς
2656 1295 2929 1369 ῥᾳθυμίας
2951 1296 2996 1329 ³⁸
3028 1295 3341 1368 ἐγερθῆναι,
3392 1294 3491 1350 καὶ
3522 1291 3653 1353 εἶναι

2079 1390 2334 1461 ἑτοίμους
2367 1393 2505 1463 πρὸς
2526 1392 2593 1444 τὰ
2617 1391 2717 1461 τῆς
2755 1391 3106 1453 ἀναστάσεως
3134 1388 3258 1454 ἄξια
3285 1388 3446 1460 ἔργα.

2155 1504 2173 1537 t
2212 1484 2327 1539 Νῦν
2348 1484 2457 1556 γὰρ
2478 1482 2772 1554 ἐγγύτερον
2799 1482 2958 1553 ἡμῶν
2986 1485 3019 1552 ἡ
3054 1484 3321 1553 σωτηρία,
3348 1483 3384 1555 ἢ
3421 1485 3511 1537 ὅτε
3540 1486 3653 1538 ἑπι-

2082 1579 2410 1650 στεύσαμεν.
2469 1597 2488 1631 ι
2547 1577 2766 1649 Ἐπειδὴ
2816 1576 2964 1640 εἰκὸς
3005 1572 3075 1648 ἦν
3117 1578 3176 1629 tv
3227 1577 3372 1651 ἀρχῇ
3417 1577 3518 1647 μὲν
3558 1578 3652 1646 τῆς

2081 1674 2321 1737 πίστεως
2343 1670 2793 1742 σπουδαιοτέρους
2820 1669 3018 1732 αὐτοὺς
3045 1663 3209 1732 εἶναι,
3241 1663 3361 1722 εἶτα
3386 1670 3656 1739 προϊόντος

2080 1766 2177 1819 τοῦ
2208 1765 2402 1837 χρόνον
2429 1761 2916 1835 ἀποψυχρανθῆναι
2940 1801 2955 1828 ,
2991 1760 3179 1833 φησὶν,
3205 1762 3287 1815 ὃτι
3318 1760 3437 1814 Νῦν
3469 1762 3656 1831 μᾶλλον

396 1875 518 1915 mus
550 1856 737 1913 futuro
782 1855 1003 1910 stt-culo.
1039 1853 1174 1908 Nam
1209 1851 1336 1906 illud
1387 1851 1618 1907 salutem
1659 1849 1982 1914 nominavit,

2103 1858 2376 1927 ιγγίζομεν
2408 1857 2487 1928 τῷ
2521 1858 2767 1928 μέλλοντι
2797 1857 2977 1915 αίῶνι.
3006 1858 3290 1929 Σωτηρίαν
3332 1859 3448 1929 γὰρ
3478 1858 3654 1913 τοῦτον

396 1969 425 2004 a
468 1951 685 2005 nomine
712 1950 967 2003 nimirum
996 1945 1363 2001 commodiore
1390 1963 1403 1998 :
1434 1945 1814 2015 peccatoribus
1836 1943 1980 1998 euitn

398 2050 624 2107 nonest
671 2040 839 2103 salus,
874 2037 967 2092 sed
1019 2034 1309 2107 pernicies.
1357 2033 1593 2090 Proinde
1625 2034 1751 2104 quia
1784 2044 1981 2103 appro-

400 2137 726 2206 pinqnamus
756 2133 947 2186 futura:
996 2129 1138 2196 vitae,
1189 2126 1432 2184 studium
1482 2125 1862 2182 vehementius
1900 2124 1986 2179 in-

403 2230 711 2284 tendamus.
746 2225 800 2278 ιιι
824 2226 970 2278 enim
1002 2229 1089 2277 est
1117 2224 1260 2292 quod
1292 2222 1344 2275 in
1372 2219 1727 2291 sequentibus
1758 2216 1980 2271 indicat.

475 2320 642 2375 Vens.
671 2317 758 2374 12.
796 2336 814 2371 ι
859 2316 970 2371 Nox
1005 2314 1294 2379 processit,
1320 2313 1438 2370 dics
1480 2322 1659 2368 autem
1693 2309 1987 2382 appropin-

402 2410 611 2481 quavit.
658 2428 678 2462 ι
722 2409 776 2464 ld
812 2404 1070 2474 est,Nox
1117 2415 1198 2462 est
1223 2405 1469 2475 proxime
1520 2403 1706 2458 linem.
1739 2399 1983 2471 Exempli

405 2503 613 2573 gratia,
674 2502 864 2555 demus
913 2501 1197 2556 duodecim
1253 2499 1509 2554 horarum
1566 2511 1689 2551 esse
1724 2503 1985 2561 noctem;

405 2613 530 2650 t'utn
560 2610 688 2666 ergo
718 2596 903 2651 decent
936 2593 1317 2665 przeterierint,
1349 2590 1580 2646 dicimus
1610 2598 1828 2643 noctem
1857 2600 1987 2656 pro-

404 2692 661 2754 cessisse,
697 2703 795 2757 pro
825 2702 892 2742 eo
923 2687 1064 2757 quod
1098 2694 1207 2751 est,
1249 2683 1594 2753 prteteriisse,
1638 2680 1990 2751 proximeque

409 2785 570 2837 tinem
603 2796 745 2836 esse.
777 2780 1002 2835 Noctem
1031 2788 1212 2832 autem
1249 2791 1491 2848 prtesens
1524 2775 1781 2830 satculum
1809 2770 1993 2843 appel-

409 2874 510 2937 lat,
539 2874 681 2939 quod
725 2871 967 2939 plerique
1020 2870 1072 2922 itt
1112 2868 1352 2923 tenebris
1388 2877 1575 2938 agant,
1629 2881 1692 2919 ac
1726 2864 1991 2935 cujusque

408 2962 523 3017 vlta
569 2962 799 3032 caligine
827 2967 1186 3030 contegatur;
1242 2959 1381 3014 diem
1433 2971 1582 3022 vero,
1614 2955 1856 3011 futurum
1893 2970 1995 3009 san-

409 3056 615 3120 culum,
666 3063 774 3108 tutn
824 3063 1044 3123 propter
1098 3052 1372 3121 justorum
1433 3048 1638 3114 lumen,
1696 3040 1809 3102 tum
1850 3046 1993 3116 quod

2082 1951 2367 2023 ὠνόμασεν
2408 1949 2518 2004 ἀπὸ
2552 1950 2643 2004 τοῦ
2677 1949 3050 2023 χρηστοτέρου
3081 1952 3381 2021 ὀνόματοςο
3419 1952 3532 2013 τοῖς
3557 1950 3655 2021 γὰρ

2085 2040 2434 2113 ἁμαρτωλοῖς
2465 2040 2525 2093 οὒ
2556 2040 2823 2113 σωτηρία,
2860 2040 2998 2096 ἀλλά
3026 2039 3273 2095 ἀπιίρλειά
3297 2042 3474 2097 ἐστιν.
3510 2041 3657 2095 Ὥστε

2083 2135 2207 2188 ἐπεὶ
2237 2134 2536 2206 ὲγγῐζομεν
2566 2137 2634 2206 τῇ
2668 2133 2941 2207 μελλούσῃ
2972 2134 3180 2207 ἡμέρᾳ,
3217 2134 3423 2205 μᾶλλον
3463 2133 3658 2188 ἐπιτεί-

2085 2244 2267 2300 νωμεν
2296 2229 2395 2298 τὴν
2428 2227 2664 2299 σπουδήν
2684 2246 2699 2261 ·
2736 2226 2766 2280 ὃ
2796 2228 2892 2281 καὶ
2919 2227 3010 2280 διὰ
3036 2227 3147 2280 τῶν
3172 2227 3298 2298 ἑξῆς
3335 2226 3513 2298 δηλοῖ.

2165 2320 2294 2386 ι,Ἡ
2321 2320 2417 2389 νὺξ
2448 2320 2775 2393 προέκοψεν,
2807 2321 2842 2393 ὴ
2872 2319 3132 2392 δὲὴμέρα
3157 2320 3411 2391 ῆγγικεν.
3455 2337 3477 2373 ι
3503 2319 3659 2374 Τουτ-

2088 2412 2228 2479 έστι,
2260 2412 2398 2485 πρὸς
2431 2412 2509 2485 τῷ
2534 2412 2680 2467 τέλει
2720 2414 2868 2467 ἐστὶν
2910 2414 2942 2484 ἡ
2986 2411 3114 2477 νϋξο
3149 2406 3282 2475 οἷον,
3322 2411 3401 2475 ὠς
3426 2411 3519 2464 ἐπὶ
3542 2411 3660 2464 ὑπο-

2088 2507 2402 2577 δείγματος,
2444 2506 2652 2560 δώδεκα
2698 2505 2861 2577 ὡρῶν
2913 2505 3098 2577 θῶμεν
3142 2500 3282 2558 εἶναι
3327 2503 3433 2573 τὴν
3469 2501 3658 2557 νύκταο

2090 2599 2217 2651 ὅταν
2261 2600 2315 2651 αἱ
2346 2598 2479 2652 δέκα
2525 2596 2833 2665 διέλθωσιν,
2884 2598 3138 2667 λέγομεν,
3169 2598 3250 2650 ὅτι
3282 2594 3584 2667 προέκοψεν
3625 2596 3654 2663 ἠ

2092 2689 2209 2757 νὺξ,
2244 2690 2365 2743 ἀντὶ
2402 2688 2519 2755 τοῦ,
2558 2690 2827 2761 παρῆλθε,
2859 2690 2995 2760 πρὸς
3027 2688 3105 2759 τῷ
3132 2688 3274 2743 τέλει
3308 2687 3451 2742 toti.
3486 2685 3660 2740 Νύκτα

2092 2781 2150 2835 δὲ
2181 2780 2338 2835 καὶεί
2365 2779 2458 2835 τὸν
2502 2781 2775 2834 ἐνεστῶτα
2806 2780 3000 2846 αἰῶνα,
3037 2780 3129 2834 διὰ
3161 2779 3221 2833 τὸ
3255 2781 3313 2834 tv
3339 2778 3522 2833 σκότει
3549 2777 3661 2841 τοὺς

2096 2875 2324 2939 πολλοὺς
2352 2870 2515 2940 εἶναι,
2545 2876 2639 2929 καὶ
2668 2874 2755 2928 διὰ
2795 2874 2854 2927 τὸ
2887 2872 3333 2943 συγκεκαλύφοαι
3366 2873 3496 2936 τοῦς
3527 2871 3659 2943 βίους

2098 2968 2378 3021 ἑκάστων·
2430 2967 2643 3038 ἡμέραν
2679 2968 2759 3032 δὲ,
2791 2966 2883 3019 τὸν
2931 2966 3216 3039 μέλλοντα,
3269 2965 3358 3020 διά
3385 2981 3451 3019 τε
3477 2966 3536 3018 τὸ
3564 2962 3660 3017 τῶν

2096 3062 2322 3116 δικαίων
2356 3061 2498 3132 φῶς,
2532 3064 2628 3116 καὶ
2665 3060 2753 3115 διὰ
2798 3062 2858 3115 τὸ
2885 3061 2955 3115 τὰ
2985 3061 3204 3131 κρυπτά
3242 3060 3464 3113 πάντων
3510 3074 3661 3129 φανε-

412 3149 657 3203 omnium
690 3162 774 3202 res
812 3146 1039 3202 occultae
1087 3154 1217 3201 tunc
1251 3141 1689 3199 manifestentnr.
1726 3141 1784 3196 ιιι
1816 3140 1993 3195 Eran-

2103 3155 2494 3239 ροῦσοαιτότε.
2552 3156 2638 3207 Ἐν
2686 3155 2742 3207 δὲ
2778 3154 2856 3224 τῷ
2897 3153 3235 3224 Εὑαγγελίῳ,
3281 3153 3466 3225 ἡμέρα
3521 3152 3610 3223 μὲν
3638 3153 3663 3204 ὁ

411 3239 555 3309 gelio
594 3253 745 3306 vero,
792 3238 906 3294 dies
954 3236 1194 3309 quidem,
1241 3249 1477 3307 praesens
1530 3236 1636 3289 vita
1672 3233 1890 3298 dicitur,
1927 3246 1993 3286 eo

2103 3247 2330 3311 ἐνεστὼς
2368 3236 2609 3316 λέγεται,
2658 3247 2746 3301 διὰ
2779 3248 2839 3300 τδ
2870 3247 2983 3301 δεῖν
3018 3249 3077 3301 tv
3105 3246 3280 3319 τούτῳ
3326 3244 3660 3318 ἐργάξεσθαι*

415 3330 563 3401 quod
616 3337 866 3401 oporteat
903 3330 955 3384 in
1001 3344 1065 3385 ea
1115 3328 1361 3400 operari;
1402 3342 1507 3382 nox
1557 3334 1763 3391 autem,
1812 3323 1992 3379 futura

418 3428 549 3489 vita.
579 3442 645 3483 eo
669 3429 812 3498 quod
848 3435 959 3479 tum
991 3438 1150 3480 nemo
1180 3424 1477 3495 quidquam
1498 3432 1779 3494 operetur.

495 3539 513 3571 ι
572 3518 906 3587 Alijiciamus
957 3517 1120 3587 igitur
1175 3531 1338 3587 opera
1378 3515 1750 3579 tenebrarum,
1806 3524 1860 3570 et
1912 3514 1996 3568 in-

418 3614 650 3669 duamur
694 3624 849 3667 arma
890 3610 1046 3665 lucis.
1094 3627 1114 3662 ι
1153 3606 1354 3680 Opera,
1405 3607 1613 3679 peccati
1649 3607 1997 3679 operationes

419 3708 732 3781 appellavit,
797 3723 894 3762 ceu
936 3705 1269 3761 laboriosum
1326 3700 1586 3771 quiddam
1635 3711 1689 3756 et
1746 3714 1997 3769 magnam

419 3798 794 3856 diﬂicultatetn
823 3797 1163 3852 continentes
1208 3802 1265 3850 et
1299 3792 1510 3848 inﬁnita
1545 3788 1807 3862 pericula,
1842 3791 2000 3857 idque

422 3896 477 3950 in
505 3891 759 3963 presenti
782 3891 913 3956 vita,
948 3903 1099 3944 arma
1127 3903 1258 3944 vero
1284 3886 1442 3952 lucis,
1471 3884 1691 3941 virtutis
1719 3883 1834 3955 93
1860 3897 1996 3952 Ope-

424 3986 685 4041 rationes.
718 3984 850 4038 Eum
902 3983 1048 4036 enim
1077 3981 1169 4051 qui
1202 3980 1285 4034 his
1327 3988 1570 4033 armatus
1611 3976 1794 4042 fuerit,
1824 3976 1878 4030 in
1915 3985 2001 4029 tu-

425 4091 539 4135 tum
570 4076 872 4142 collocant;
901 4093 922 4127 t
968 4088 1121 4128 arma
1160 4091 1180 4126 ι
1222 4085 1459 4141 namque
1484 4077 1631 4134 sunt,
1670 4079 1725 4125 et
1765 4067 2005 4137 splendi-

425 4173 554 4226 dum
590 4170 836 4234 faciunt;
870 4184 891 4218 t
931 4164 1064 4220 lucis
1103 4182 1124 4216 ι
1160 4162 1302 4218 enim
1334 4169 1480 4217 sunt.
1509 4158 1681 4215 Porro
1709 4174 1833 4214 cum
1868 4157 1945 4213 ait
1985 4175 1999 4213 :

431 4282 452 4317 t
496 4262 851 4330 Abjiciamus,
893 4277 914 4312 ι
955 4267 1032 4325 et,
1088 4274 1107 4309 t
1142 4256 1460 4320 Induautur,
1504 4270 1523 4305 ι
1563 4250 1841 4305 amborum
1869 4250 2004 4305 faci-

425 4359 633 4413 litatem
667 4352 945 4419 iudicavit,
973 4346 1320 4405 devitationis
1352 4358 1544 4414 nempe
1568 4357 1857 4413 pravorum
1880 4357 1993 4412 ope-

2110 4352 2365 4423 πονηρῶν
2406 4353 2679 4426 πράξεων,
2716 4352 2811 4405 καὶ
2855 4351 2958 4423 τῆς
3015 4353 3152 4423 πρὸς
3197 4356 3293 4424 τὴν
3334 4354 3533 4423 ἀρετὴν
3559 4349 3668 4405 νεύ-
3780 4348 3783 4353 ’

2099 3339 2198 3405 νὺξ
2228 3340 2282 3394 δὲ
2310 3340 2340 3393 ὁ
2368 3339 2600 3411 μέλλων,
2639 3339 2728 3393 διὰ
2750 3339 2810 3392 τὸ
2842 3339 3047 3411 μηδένα
3076 3340 3198 3393 τότε
3223 3338 3568 3411 ἐργάζεσθαι.

2177 3539 2194 3570 t
2246 3519 2604 3590 ’Λποθὼμεθα
2642 3518 2738 3574 οὖν
2770 3521 2838 3574 τὰ
2888 3519 3025 3593 ἔργα
3057 3519 3152 3573 τοῦ
3190 3519 3435 3584 σκότους,
3470 3521 3560 3573 καὶ
3593 3536 3668 3571 εν-

2100 3611 2391 3681 δυσὼμεθα
2417 3612 2485 3665 τὰ
2505 3612 2645 3665 ὅπλα
2671 3612 2765 3665 τοῦ
2797 3613 2993 3682 φωτός.
3029 3632 3047 3665 ι
3078 3614 3257 3683 Ἔργα
3274 3614 3319 3646 ³⁸
3338 3614 3561 3671 ἐκάλεσε
3583 3613 3667 3673 τὰς

2099 3706 2198 3774 τῆς
2249 3704 2529 3775 ἁμαρτίας
2564 3703 2815 3775 πράξεις,
2863 3704 2939 3768 ὡς
2971 3704 3241 3776 ἐργωδίαν
3273 3706 3368 3757 καὶ
3398 3702 3666 3758 δυσκολίαν

2102 3796 2335 3866 ἐχούσας
2363 3795 2588 3867 πολλὴν,
2644 3797 2740 3850 καὶ
2788 3796 3070 3860 κινδύνους
3117 3796 3366 3868 μυρίους,
3398 3797 3493 3850 καὶ
3520 3798 3573 3849 tv
3599 3791 3667 3861 τῷ

2105 3888 2198 3942 νῦν
2224 3888 2383 3941 αίῶνι
2401 3904 2414 3917 ·
2440 3887 2580 3942 ὅπλα
2609 3887 2665 3941 δὲ
2694 3891 2891 3958 φωτὸς,
2920 3888 3019 3952 τὰς
3042 3891 3140 3959 τῆς
3172 3889 3394 3960 ἀρετῆς
3423 3889 3484 3941 tv
3509 3890 3668 3955 ἀσφα-

2104 3980 2225 4051 λείᾳ
2252 3982 2359 4052 γὰρ
2386 3980 2686 4035 καθιστῶσι
2706 3981 2795 4034 τὸν
2824 3980 3027 4044 ταύτας
3050 3980 3240 4051 ἔχοντα
3259 3997 3273 4011 ·
3314 3997 3335 4032 t
3359 3981 3499 4034 ὅπλα
3520 4000 3537 4033 ι
3572 3977 3666 4048 γάρ

2106 4076 2239 4136 εἱσι.
2260 4075 2351 4127 καὶ
2369 4073 2607 4146 λάμπειν
2630 4073 2877 4127 ποιοῦσι·
2909 4093 2929 4127 ι
2958 4073 3134 4142 φωτὸς
3158 4095 3177 4127 ι
3195 4074 3300 4145 γάρ
3329 4077 3490 4127 εἰσιν.
3524 4072 3603 4127 Ἐν
3620 4070 3667 4123 δὲ

2106 4168 2184 4238 τῷ
2225 4170 2423 4234 εἰπεῖν,
2464 4187 2482 4221 t
2505 4168 2882 4239 ’Δποθώμε6α,
2912 4169 3030 4236 καί,
3063 4189 3080 4220 t
3102 4168 3502 4237 Ἑνδυσώμεθα,
3540 4187 3557 4219 t
3583 4163 3667 4235 τὴν

2109 4261 2358 4317 εὐκολίαν
2389 4261 2713 4333 ἀμφοτέρων
2748 4260 3010 4332 ἐδήλωσε,
3039 4259 3140 4326 τῆς
3169 4277 3228 4313 τε
3259 4261 3544 4331 ἀποφυγῆς
3573 4256 3669 4310 τῶν

425 4466 569 4513 rum,
597 4455 653 4502 et
692 4446 759 4501 ad
805 4446 1060 4501 virtutem
1093 4438 1485 4499 inclinatiouis.
1513 4433 1649 4489 Nam
1676 4435 1818 4491 sicut
1846 4433 1993 4492 facilt

2113 4458 2271 4505 σεως.
2305 4442 2520 4513 Ὥσπερ
2544 4442 2651 4512 γὰρ
2677 4440 2898 4496 εὔκολόν
2931 4444 3081 4495 ἐστιν
3105 4441 3408 4496 ἀποθέσθαι
3457 4442 3667 4513 ἱμάτιον,

423 4552 510 4597 est
538 4543 811 4611 deponere
831 4538 1051 4610 pallium
1087 4545 1144 4591 et
1181 4534 1413 4589 alterum
1450 4531 1673 4587 induere
1707 4547 1720 4583 :
1755 4529 1828 4584 ita
1861 4541 1917 4585 et
1972 4547 2003 4585 a

426 4636 559 4689 vitio
593 4633 871 4688 discedere
893 4640 950 4687 et
982 4635 1242 4685 virtutem
1269 4626 1575 4697 complecti.

496 4723 663 4780 Vens.
720 4724 804 4779 15.
863 4742 882 4775 t
947 4720 1018 4778 Ut
1064 4720 1118 4774 in
1175 4719 1264 4774 die
1302 4719 1531 4775 honeste
1581 4718 1941 4774 ambulemus.
1983 4736 2003 4769 ι

426 4816 594 4873 Paulo
643 4824 769 4869 ante
816 4812 955 4867 dixit
1010 4830 1029 4865 ι
1095 4810 1243 4865 Diem
1300 4811 1788 4881 appropinquasse,
1831 4828 1850 4861 ι
1896 4808 2009 4880 jam

429 4923 573 4965 nunc
602 4922 729 4963 vero
762 4908 931 4976 ipsam
962 4905 1169 4960 instare
1199 4904 1457 4967 ostendit,
1495 4902 1746 4972 inquiens
1776 4921 1790 4958 :
1834 4918 1854 4951 ι
1899 4899 2011 4954 llo-

430 5008 584 5055 neste
616 4997 978 5053 ambulemus.
1018 5014 1038 5047 ι
1075 4993 1523 5063 Quandoquidem
1549 4992 1693 5047 enim
1725 4991 1867 5062 vulgi
1895 4990 2011 5060 glo-

434 5095 568 5145 riam
604 5102 903 5156 auramque
941 5085 1257 5157 papularetn
1293 5082 1470 5154 magni
1520 5080 1783 5149 facerent,
1814 5080 1882 5136 ab
1914 5082 2013 5135 ho-

432 5190 639 5241 nestate
692 5195 787 5236 eos
844 5180 1033 5233 allicit.
1088 5175 1200 5233 Nec
1253 5178 1413 5242 dixit,
1477 5174 1819 5238 Atubuletis,
1878 5173 2008 5237 sed,

435 5296 454 5330 ι
491 5274 869 5337 Atnbnlemus,
912 5291 929 5324 ι
966 5270 1399 5327 adhortationem
1438 5284 1591 5324 suam
1627 5267 1796 5321 levent
1825 5274 1879 5320 ct
1911 5267 2011 5320 im-

432 5370 714 5425 tuolestatn
747 5364 1008 5422 eﬂlciens.
1045 5363 1191 5419 Nihil
1242 5364 1385 5419 enim
1421 5364 1557 5419 adeo
1595 5360 1847 5416 dedecori
1901 5370 2004 5420 est,

430 5472 491 5516 ut
517 5470 800 5532 peccatum
827 5477 842 5513 :
879 5458 955 5512 uti
980 5469 1031 5514 et
1061 5458 1194 5513 nihil
1218 5472 1370 5527 teque
1392 5457 1724 5511 honestati-tn
1753 5452 1912 5519 parit,
1946 5470 2009 5507 ac

433 5555 552 5627 ipsa
586 5552 781 5608 virtus.

2114 4536 2206 4589 καὶ
2232 4535 2420 4607 ῑτερον
2447 4534 2809 4589 ἐνδύσασθαι·
2837 4533 2982 4589 οὓτω
3012 4535 3108 4587 καὶ
3135 4534 3335 4589 κακίαν
3365 4534 3668 4604 ἀποφυγεῖν,

2113 4627 2207 4678 καὶ
2228 4624 2428 4697 ἀρετὴν
2454 4624 2694 4680 ἑλέσθαι.

2188 4734 2209 4767 t
2265 4717 2354 4781 Ὦς
2402 4719 2460 4771 tv
2501 4718 2686 4790 ἡμέρα
2732 4718 3088 4790 εὐσχημόνως
3134 4722 3607 4791 περιπατήσωμεν.
3646 4728 3665 4766 t

2115 4807 2266 4859 Ἀνω
2290 4806 2389 4877 μὲν
2416 4801 2568 4861 εἶπεν
2589 4821 2601 4837 ⁸
2640 4825 2660 4860 t
2707 4809 2975 4877 Ἤγγικεν
2998 4811 3031 4879 ἡ
3055 4810 3241 4880 ἡμέρα
3261 4823 3277 4839 ⁶
3320 4827 3341 4861 t
3375 4807 3469 4862 νῦν
3498 4806 3551 4861 δὲ
3581 4802 3669 4873 ἠδη

2117 4896 2288 4967 αὐτὴν
2333 4896 2704 4968 ἐφισταμένην
2747 4898 3008 4964 δείκνυσι,
3052 4900 3149 4953 καί
3192 4915 3378 4969 φησιν,
3412 4900 3492 4952 δτι
3528 4915 3547 4950 ι
3579 4892 3670 4947 Εὐ·

2115 4992 2401 5062 σχημόνως
2431 4992 2917 5062 περιπατήσωμεν.
2953 5010 2973 5043 t
3023 4990 3246 5061 Ἐπειδὴ
3275 4993 3384 5063 γὰρ
3406 4990 3566 5052 πολὺς
3590 4983 3672 5039 αὑο

2114 5086 2224 5146 τοῖς
2252 5084 2347 5154 τῆς
2381 5084 2533 5156 παρὰ
2566 5084 2675 5138 τῶν
2705 5084 2915 5138 πολλῶν
2947 5084 3105 5154 δόξης
3134 5084 3164 5137 ὁ
3195 5084 3375 5154 λόγος,
3403 5084 3669 5155 ἐφέλκεται

2113 5177 2309 5240 αὐτοὺς
2339 5176 2447 5230 ἀπὸ
2473 5177 2574 5247 τῆς
2603 5168 3038 5247 εὐσχημοσύνης.
3072 5176 3182 5230 Καὶ
3226 5176 3325 5230 οὐκ
3353 5170 3495 5238 εἷπε,
3529 5172 3669 5242 Περι·

2114 5271 2361 5331 πατεῖτε.
2390 5267 2546 5334 ἀλλὰ,
2589 5286 2608 5319 t
2645 5268 3141 5340 Περιπατήσωμεν,
3172 5286 3191 5319 ι
3218 5266 3495 5337 ἀνεπαχθῆ
3521 5260 3668 5316 ποιῶν

2116 5362 2214 5433 τὴν
2265 5361 2605 5434 παραίνεσιν.
2650 5361 2816 5415 Οὐδὲν
2845 5360 2954 5434 γὰρ
2985 5360 3158 5425 οὕτως
3186 5352 3664 5431 ἀσχημοσύνηςραί·

2117 5471 2253 5514 τιον,
2293 5453 2367 5517 ὡς
2396 5454 2672 5524 ἁμαρτίαο
2708 5452 2898 5525 ὥσπερ
2947 5455 3045 5509 καὶ
3074 5450 3491 5526 εὐσχημοσύνὴς
3534 5443 3669 5501 οὐδὲν

2118 5542 2259 5596 οὕτω
2291 5543 2568 5613 πρόξενον,
2599 5544 2675 5610 ὡς
2705 5545 2900 5617 ἀρετή.

1812 5687 2016 5746 Variae
2054 5684 2385 5748 lectiones.

507 5835 832 5892 ’δεξπεῖνα
911 5837 955 5868 ³⁸
1005 5836 1131 5900 τοὺς
1184 5833 1464 5906 ῥᾳθύμους
1486 5851 1536 5890 ο.
1618 5834 1659 5864 ³⁸
1686 5833 1819 5902 ἔργα
1860 5830 2079 5893 ςκὸῖους
