3874 6586
204 422 311 498 521‘
992 422 1401 487 EXPOSITIO
1434 422 1517 484 IN
1561 419 1802 482 EPIST.
1844 420 1944 481 AD
1982 417 2165 479 ROM.
2197 441 2265 454 -
2293 417 2452 478 CAP.
2476 415 2629 478 XIV.

3332 410 3438 476 522

265 565 286 602 ι
326 546 413 617 Μὴ
454 532 650 614 κώμοις
678 543 774 596 καὶ
803 540 1017 613 μέθαις.
1061 560 1080 593 ο
1115 539 1194 596 Οὐ
1224 539 1286 594 τὸ
1316 539 1491 595 πίνειν
1518 537 1739 599 κωλύει,

1922 554 1941 587 ι
1978 535 2094 591 Non
2143 536 2195 588 in
2243 532 2731 590 comessationibus
2766 540 2818 586 ct
2860 529 3247 587 ehri‘btatibns.
3280 545 3300 579 ι
3343 525 3438 580 Bi-

196 637 317 694 tua
339 637 397 689 τὸ
421 635 667 706 ἀμέτρως
687 648 703 663 ⁸
729 633 850 687 οῦδὲ
877 633 940 686 τὸ
970 630 1266 685 ἀπολαύειν
1295 631 1464 697 olivae,
1491 628 1626 683 ἀλλά
1650 625 1751 697 τὴν

198 729 485 801 παροινίαν.
544 728 744 797 Κῶμος
793 726 905 798 γάρ
954 726 1071 779 ἐστι
1129 725 1199 779 τά
1240 724 1380 796 μετὰ
1441 721 1613 794 μέθης
1659 720 1757 773 καὶ

199 824 390 895 ὒσρεως
416 821 636 894 ᾄσματα
658 836 673 852 ο
705 819 734 873 ὃ
763 819 856 873 καλ⁵
888 818 1145 890 παροινία
1176 818 1414 886 λέγεται.

264 1115 282 1148 ι
313 1096 400 1166 Μὴ
437 1094 646 1160 κοίταις
691 1095 786 1150 καὶ
819 1094 1156 1164 ἀσελγείαις.
1190 1112 1211 1147 ι
1258 1091 1445 1148 Εἰπὼν
1497 1091 1628 1163 περὶ
1656 1090 1757 1161 τῆς

199 1187 354 1257 μέθης
383 1186 670 1258 πρότερον,
700 1186 799 1241 νῦν
827 1186 979 1253 λέγει
1009 1184 1267 1256 περὶτῶν
1297 1187 1361 1238 ὲκ
1394 1183 1598 1254 ταύτης
1631 1199 1756 1251 γεν-

194 1281 435 1349 νωμένων
468 1279 657 1332 κακῶν
677 1297 690 1311 ·
725 1281 793 1332 ὲκ
823 1279 934 1351 γάρ
969 1278 1142 1350 μέθης
1173 1278 1229 1333 αί
1277 1278 1579 1347 ἀσέλγειαι.
1622 1275 1757 1330 Οὐδὲ

194 1373 289 1442 γὰρ
325 1372 558 1426 ἐνταῦθα
610 1374 672 1426 τδ
724 1372 1019 1445 μίγνυσθαι
1071 1372 1322 1442 γυναιξὶν
1363 1373 1597 1442 ἀναιρεῖ,
1636 1369 1758 1423 οὐδὲ

195 1464 281 1537 τὴν
307 1465 511 1535 κοίτην.
540 1465 679 1518 ἀλλὰ
700 1466 762 1519 τὸ
787 1466 1093 1538 πορνεύειν.

262 1573 281 1608 ι
312 1555 399 1627 Μὴ
431 1556 570 1628 ἔριδι
600 1559 694 1611 καὶ
720 1558 887 1630 ζήλῳ.
924 1577 944 1611 ι
993 1559 1212 1631 Ἐπειδὴ
1236 1558 1305 1613 τὰ
1344 1560 1527 1628 ἐκ.τῆς
1568 1555 1758 1609 ἐπιθυ-

198 1647 314 1717 μίας
331 1649 628 1719 τικτόμενα
659 1651 982 1717 κατέσϐεσε,
1005 1652 1102 1706 νῦν
1148 1653 1244 1706 καὶ
1281 1653 1350 1707 τὰ
1377 1653 1440 1704 ὲκ
1462 1650 1553 1704 τοῦ
1581 1648 1757 1721 θυμοῦ

196 1740 327 1793 κακὰ
367 1741 743 1798 καταστέλλει.
793 1743 960 1799 Οὐδὲν
1012 1746 1122 1815 γὰρ
1154 1744 1298 1799 οὕτω
1336 1745 1430 1798 καὶ
1461 1743 1758 1815 ἐπιθυμίαν

195 1834 425 1899 ἀνάπτει,
464 1835 562 1887 καί⁵
592 1835 760 1908 ὀργὴν
791 1835 1030 1902 ἐκκαίει,
1061 1836 1135 1900 ὡς
1171 1837 1310 1908 μέθη
1340 1836 1436 1890 καὶ
1478 1835 1754 1908 παροινία.

1858 629 1990 682 here
2024 626 2446 697 haudquaquam
2480 632 2645 690 vetat,
2679 625 2777 679 sed
2809 623 3168 678 immoderate
3202 620 3387 675 bibere
3421 636 3435 672 :

1859 735 2034 790 neque
2061 719 2164 773 frui
2194 732 2526 790 quemquam
2560 720 2685 771 vino
2719 716 2994 787 prohibet.
3024 715 3120 771 sed
3151 715 3322 783 ipsam
3356 720 3441 767 te-

1861 809 2176 863 mulentiam
2226 817 2400 863 arcet.
2443 807 2646 878 Κῶμος
2697 808 2842 862 enim
2894 815 2978 861 est
3010 803 3297 860 cantilena:
3336 800 3443 856 illa:

1859 917 1980 972 quae
2006 903 2062 958 in
2088 900 2352 955 ebrietate
2386 916 2508 956 cum
2543 899 2737 969 injuria
2771 901 2907 953 tluut
2939 912 2954 950 :
2983 897 3126 968 quod
3175 905 3231 951 et
3268 905 3442 949 temu-

1862 997 2030 1052 lrntia
2063 998 2283 1054 dicitur.

1938 1109 1958 1142 ι
1994 1089 2110 1145 Non
2164 1092 2216 1145 itt
2268 1087 2542 1145 cubilibus
2591 1095 2644 1141 et
2692 1082 3071 1156 itnpndicitiis.
3122 1101 3141 1135 ι
3183 1081 3318 1137 Cum
3377 1081 3445 1162 de

1860 1182 2127 1238 ebrietate
2149 1183 2300 1252 prius
2324 1181 2534 1236 locutus
2562 1187 2730 1244 esset,
2762 1191 2908 1232 nunc
2934 1176 3001 1230 de
3032 1174 3190 1228 malis
3222 1172 3445 1229 disserit

1861 1290 1925 1329 ex
1973 1289 2036 1328 ea
2071 1275 2226 1329 ortis.
2284 1274 2361 1329 Ex
2406 1272 2675 1328 ebrietate
2726 1269 2868 1326 enim
2920 1265 3270 1338 impudicitiae
3318 1280 3446 1335 pro-

1861 1366 2053 1422 ﬂuunt.
2086 1365 2276 1436 Neque
2309 1365 2461 1421 enim
2497 1365 2586 1419 hic
2628 1361 2889 1418 uxoribus
2917 1360 3089 1430 jungi,
3122 1370 3297 1427 neque
3325 1372 3446 1410 ma-

1865 1461 2103 1516 trimonii
2134 1459 2332 1516 lectum
2367 1457 2526 1525 tollit,
2559 1459 2653 1512 sed
2686 1456 2858 1525 ipsam
2896 1450 3337 1508 fornicationem.

1939 1571 1958 1606 ι
1997 1551 2114 1608 Non
2148 1553 2200 1606 in
2235 1551 2581 1608 contentione
2608 1559 2663 1606 et
2689 1546 3052 1603 aemulatione.
3094 1563 3113 1596 ›
3144 1544 3281 1599 Cum
3308 1541 3448 1597 mala

1862 1661 1930 1702 ex
1962 1645 2398 1715 concupiscentia
2431 1655 2555 1699 nata
2591 1642 2963 1705 exstinxisset,
2998 1654 3140 1694 nunc
3162 1638 3322 1694 etiam
3358 1636 3446 1690 illa

1862 1752 1982 1808 quae
2036 1752 2101 1793 ex
2154 1742 2234 1793 ira
2269 1737 2571 1806 prodeuntf,
2622 1733 2928 1806 supprimit.
2962 1732 3103 1787 Nihil
3131 1731 3275 1786 enim
3311 1728 3446 1784 adeo

1862 1830 2214 1901 cupiditatem
2235 1829 2503 1895 accendit,
2534 1838 2587 1882 et
2611 1827 2747 1882 iram
2774 1823 3090 1890 inﬂammat,
3125 1834 3185 1877 ut
3211 1820 3449 1878 ebrietas

206 1926 289 1979 Ἐκ
317 1926 370 1979 δὲ
395 1925 488 1979 τοῦ
521 1924 690 1999 ζήλου
723 1930 757 2000 ἡ
797 1927 935 2000 ἔρις.
979 1928 1038 1983 '0
1082 1930 1193 2001 γὰρ
1241 1927 1574 2001 ζηλοτυπίαν
1620 1927 1760 2000 ἔχων

1872 1936 1930 1977 ac
1978 1922 2314 1978 temulentia.
2375 1922 2454 1977 Ex
2509 1920 2858 1976 aemulatione
2907 1928 3089 1973 autem
3148 1915 3446 1971 contentio.

195 2016 318 2085 πρός
368 2033 509 2083 τινα,
554 2010 719 2082 οὗτος
774 2020 870 2073 καὶ
915 2020 995 2083 είς
1043 2019 1227 2091 ἐριδας
1274 2022 1465 2092 χωρεῖ.
1528 2019 1762 2075 Ἀνελὼν

194 2107 274 2161 οῦν
291 2107 332 2140 ³⁷
366 2109 464 2182 τὴν
497 2108 645 2182 ἔριν,
677 2111 967 2183 ἀνατρέχει
1021 2113 1117 2167 καὶ
1154 2114 1249 2167 ἐπὶ
1280 2115 1377 2184 τὴν
1416 2112 1591 2184 ἀρχὴν
1627 2118 1787 2167 ταῦ-ν

192 2217 299 2270 της,
329 2200 426 2269 τὴν
454 2201 811 2273 ζηλοτυπίαν.
839 2202 999 2259 Ἐπεί⁵
1019 2204 1076 2260 δὲ
1107 2200 1253 2260 οἶδεν
1282 2205 1364 2259 ὅτι
1394 2208 1458 2260 ὲκ
1482 2206 1582 2276 τῆς
1606 2206 1764 2260 ἀσελ-

193 2294 329 2360 γείας
371 2295 709 2350 ἀνάπτονται
755 2297 984 2368 πόλεμοι
1034 2298 1130 2352 καὶ
1185 2298 1377 2352 οἰκιῶν
1430 2298 1761 2371 ἀνατροπαὶ,

197 2385 320 2457 μετά
340 2386 438 2457 τῆς
463 2386 761 2458 ἀσελγείας
791 2387 967 2462 ἔριδος
991 2392 1085 2444 κα)⁸
1109 2389 1272 2463 ζήλου
1296 2391 1566 2465 ἐμνήσθη.

258 2682 275 2715 ι
320 2664 455 2718 ’Δλλ’
492 2665 798 2722 ἐνδύσασθε
837 2667 929 2722 τὸν
961 2668 1167 2741 Κύριον
1187 2670 1348 2743 ἡμῶν
1390 2669 1600 2743 Ἰησοῦν
1627 2673 1765 2742 Χρι-

194 2756 320 2811 στόν.
379 2775 399 2809 ι
460 2757 773 2824 ’Λποδύσας
824 2762 971 2832 ἡμᾶς
1013 2762 1125 2816 τῶν
1178 2762 1434 2834 πονηρῶν
1509 2765 1763 2836 ίματίων,

192 2848 498 2917 καλλωπίζει
526 2851 747 2920 λοιπὸν,
771 2854 958 2908 οὐκέτι
991 2856 1131 2910 ὅπλα
1157 2858 1337 2927 φωτδς
1360 2859 1510 2930 ἡμᾶς
1539 2859 1762 2926 ὲνδύων,

191 2938 290 2993 ἀλλ’
328 2939 355 2994 ὃ
399 2941 589 3014 πολλῷ
630 2944 1089 3018 φρικωδέστερον,
1122 2947 1216 3001 τὸν
1273 2950 1438 3005 αὐτὸν
1486 2950 1766 3023 Δεσπότην

189 3030 345 3096 διδοὺς
370 3033 596 3104 ἱμάτιον
618 3038 776 3107 ἡμῖν.
829 3037 900 3092 Ὀ·
919 3039 1032 3111 γάρ
1056 3039 1249 3096 τοῦτον
1277 3041 1574 3116 περισεσλη
1584 3044 1764 3115 μένος,

192 3117 352 3175 πᾶσαν
373 3122 482 3194 ἔχει
518 3123 632 3196 τὴν
658 3127 881 3199 ἀρετήν.

256 3325 273 3359 ι
313 3308 418 3363 Καὶ
450 3308 551 3381 τῆς
603 3312 808 3382 σαρκὸς
836 3314 1094 3387 πρόνοιαν
1137 3317 1213 3390 μὴ
1245 3320 1485 3375 ποιεῖσθε
1525 3324 1606 3388 εἰς
1639 3325 1763 3379 ἐπι·-

198 3395 394 3469 θυμίας.
434 3419 453 3453 ι
490 3403 570 3457 Οὔ
623 3403 687 3457 τὸ
735 3408 1086 3476 προνοεῖσθαι
1133 3413 1233 3483 τῆς
1289 3415 1495 3485 σαρκὸς
1527 3417 1762 3485 κωλύει,

196 3488 315 3542 ἀλλὰ
335 3490 412 3558 τὸ,
454 3495 535 3558 είς
562 3494 885 3568 ἐπιθυμίας.
930 3500 1075 3572 Πρὸς
1120 3503 1355 3573 ὑγίειαν,
1392 3507 1578 3578 φησὶν,
1628 3510 1766 3565 ἀλλά

200 3578 264 3674 μὴ
289 3582 419 3652 πρὸς
457 3585 759 3654 ἀσέλγειαν
809 3589 1073 3661 ἐπιμελοῦ
1099 3594 1201 3665 τῆς
1235 3597 1457 3668 σαρκός.
1491 3600 1625 3653 Οὐδὲ
1654 3602 1765 3674 γὰρ

197 3671 355 3743 ἀνείη
408 3679 650 3751 πρόνοια
705 3679 929 3752 λοιπὸν,
977 3684 1108 3738 ὅταν
1157 3686 1255 3760 τὴν
1292 3689 1465 3759 φλόγα
1492 3671 1761 3765 ἀνάπτῃς,

197 3765 309 3821 ὅταν
351 3769 446 3841 τὴν
493 3772 734 3843 κάμινον
766 3775 1012 3848 χαλεπὴν
1043 3783 1226 3850 ποιῇς.
1265 3783 1361 3837 Ἕν
1397 3782 1547 3855 ζήτει
1579 3786 1761 3856 μόνον,

196 3859 325 3925 ὅπως
368 3863 730 3932 ὑγιαίνουσαν
768 3868 899 3943 ἔχῃς
943 3871 1045 3943 τὴν
1086 3874 1298 3945 σάρκα⁶
1353 3879 1665 3950 περαιτέρω
1705 3879 1763 3934 δὲ

198 3952 345 4021 μηδὲν
386 3958 760 4032 περιεργάσῃ,
789 3959 933 4015 ὥστε
974 3964 1075 4028 τάς
1118 3963 1422 4037 ἐπιθυμίας
1456 3969 1628 4039 αὐτῆς
1672 3972 1766 4024 ἀν-

197 4040 333 4193 ἒψέὶι,
365 4047 727 4135 ἀλλάἱπᾶσαν
759 4055 860 4126 τὴν
889 4054 1128 4131 σπουδὴν
1156 4058 1287 4132 περὶ
1312 4058 1382 4114 τὰ
1418 4063 1762 4134 πνευματικά

229 4154 253 4190 ν
321 4159 456 4193 ισκε.

229 4154 456 4199 ναλισκε.

781 4352 1034 4408 ΚΕΦΔΛ.
1075 4354 1172 4411 1Δ’.

262 4475 279 4509 ι
320 4459 420 4516 Τδν
438 4460 496 4516 δὲ
520 4462 860 4519 ἀσθενοῦντα
887 4467 955 4537 τῇ
983 4464 1168 4521 πίστει
1190 4436 1700 4541 προσλαμϐάνεσθε.
1732 4492 1754 4527 ι

1862 2013 1966 2082 Qui
2010 2015 2153 2070 enim
2197 2014 2488 2069 aemulatur
2531 2004 2715 2080 alicni‘,
2758 2013 2807 2068 is
2857 2022 2912 2067 et
2940 2012 3006 2066 ad
3042 2010 3191 2065 rixas
3222 2023 3449 2079 progre-

1862 2108 2029 2163 ditur.
2067 2107 2294 2164 Sublata
2321 2111 2508 2179 itaque
2535 2106 2904 2170 contentione,
2930 2105 2996 2160 ad
3024 2102 3448 2165 atmulatiouem,

1865 2198 2008 2254 unde
2040 2198 2128 2253 illa
2159 2199 2426 2264 exoritur,
2460 2198 2714 2253 recurrit.
2750 2196 3015 2264 Quoniam
3045 2210 3173 2251 vero
3197 2208 3452 2262 comper-

1866 2299 1978 2346 tum
2028 2289 2239 2357 habuit,
2288 2289 2425 2346 bella
2485 2305 2552 2345 ex
2593 2288 2960 2345 fornicatione
3013 2296 3070 2342 et
3112 2284 3451 2356 impudicitia

1863 2383 2210 2450 exsuscitari,
2254 2383 2564 2452 aediumque
2594 2381 3018 2445 subversioucs,
3053 2394 3156 2432 una
3188 2392 3309 2432 eum
3347 2376 3453 2429 im-

1866 2473 2123 2545 pudicitia
2170 2472 2539 2530 contentionis
2587 2480 2644 2527 et
2693 2470 3057 2527 aemulationis
3118 2467 3451 2523 mentionem

1865 2566 2019 2623 facit.

1939 2658 2107 2715 Vens.
2146 2659 2234 2715 Η.
2281 2678 2301 2711 ι
2335 2657 2443 2714 Sed
2491 2656 2790 2712 induamini
2856 2653 3143 2710 Dominum
3200 2660 3449 2709 nostrttnt

1864 2751 2050 2810 Iesum
2082 2753 2386 2809 Christum.
2435 2768 2457 2803 ι
2516 2749 2679 2804 Exuit
2734 2762 2833 2803 nos
2888 2746 3070 2817 pravis
3110 2747 3452 2802 vestimentis

1865 2844 2177 2915 Apostolus,
2196 2844 2449 2913 deinceps
2467 2850 2698 2897 exornat
2723 2856 2843 2905 nos,
2870 2856 2978 2895 non
2999 2839 3112 2911 jam
3137 2838 3275 2893 lueis
3297 2854 3450 2892 arma

1867 2953 1969 2994 nos
2015 2940 2266 3003 induens,
2297 2938 2392 2992 sed
2441 2935 2586 3007 quod
2616 2935 2787 2990 multo
2826 2933 2999 3002 magis
3030 2941 3111 2987 est
3151 2930 3453 2986 formidan-

1868 3032 2018 3098 dum,
2070 3033 2247 3101 ipsum
2308 3030 2593 3086 Dominum
2644 3042 2744 3099 pro
2792 3027 3116 3082 indumento
3151 3025 3312 3081 nobis
3346 3025 3455 3078 lar-

1871 3126 2049 3198 giens.
2105 3122 2218 3180 lloc
2250 3124 2341 3194 qui
2390 3122 2619 3179 vestitus
2653 3120 2841 3187 fuerit,
2895 3120 3042 3176 omni
3090 3133 3224 3176 sane
3255 3117 3456 3174 virtute
3518 3195 3527 3204 .

1785 3244 1833 3307 ο
1867 3218 2156 3274 decoratus
2182 3228 2285 3273 est.

1951 3329 1971 3363 ι
2012 3312 2078 3368 Ει
2106 3311 2289 3368 carnis
2315 3325 2499 3365 curam
2534 3323 2603 3365 ne
2633 3308 2913 3380 gesseritis
2941 3308 3007 3363 ad
3043 3307 3388 3377 cupiditates.
3428 3324 3447 3358 υ

1871 3404 1989 3461 Non
2045 3404 2295 3477 prohibet
2339 3404 2522 3460 carnis
2557 3417 2769 3469 curam,
2815 3403 2908 3458 sed
2945 3416 3012 3458 ne
3056 3401 3210 3471 juxta
3244 3401 3456 3470 cupidi-

1874 3508 2011 3554 tates
2043 3498 2212 3569 ipsius
2252 3498 2301 3552 ei
2334 3495 2752 3567 prospiciamus.
2804 3496 2884 3549 Ad
2915 3495 3230 3557 sanitatem,
3260 3492 3455 3562 inquit,

1870 3592 1966 3646 sed
2002 3606 2104 3646 non
2139 3590 2205 3645 ad
2237 3589 2491 3645 libidines
2520 3598 2576 3646 et
2608 3588 2916 3659 voluptates
2947 3585 3098 3641 carni
3136 3584 3454 3653 prospicito.

1872 3681 2056 3753 Neque
2105 3683 2251 3739 enim
2302 3684 2453 3739 ἱειωο
2491 3682 2832 3753 providentia
2885 3689 2979 3735 aut
3023 3694 3153 3734 cura
3185 3676 3370 3739 fuerit,
3409 3678 3453 3732 si

1870 3774 2141 3830 ﬂammam
2175 3778 2462 3841 accendas,
2512 3776 2557 3831 si
2607 3776 2879 3831 caminum
2910 3775 3195 3829 molestum
3239 3771 3453 3827 reddas.

1872 3867 2051 3925 Unum
2082 3869 2221 3925 istuc
2254 3869 2367 3941 99
2396 3870 2773 3926 tantummodo
2802 3884 3024 3939 qurere,
3078 3876 3136 3922 ut
3177 3882 3306 3924 caro
3334 3882 3457 3923 cor-

1869 3976 2078 4034 pusque
2107 3970 2261 4017 tuum
2296 3962 2436 4018 bene
2460 3962 2639 4017 valeat
2671 3979 2685 4018 :
2720 3975 2887 4032 supra
2923 3961 3026 4016 huc
3076 3975 3145 4017 ne
3173 3960 3249 4016 sis
3278 3961 3456 4016 adhuc

1869 4055 2138 4121 curiosus,
2174 4069 2352 4126 neque
2382 4054 2433 4110 id
2463 4069 2592 4125 agas
2624 4064 2688 4109 ut
2726 4053 3049 4125 cupiditates
3102 4053 3220 4124 ejus
3253 4067 3453 4107 accen-

1869 4147 1988 4211 das,
2037 4146 2133 4202 sed
2178 4160 2397 4203 omnem
2452 4155 2710 4203 conatum
2756 4153 2905 4201 tuum
2955 4145 3102 4201 circa
3151 4142 3453 4216 spiritualia

1870 4237 2104 4295 insume.

2458 4351 2689 4411 CAPUT
2727 4350 2868 4411 XIV.

1935 4470 2106 4527 Vsus.
2146 4471 2201 4528 l.
2261 4488 2282 4524 ι
2315 4470 2597 4531 lntlrmutu
2624 4434 2841 4527 autem’
2863 4470 2916 4525 in
2971 4467 3076 4524 fide
3104 4467 3390 4524 assumite.
3425 4485 3449 4521 ι

195 4543 365 4603 Πολλοὶ
406 4553 516 4608 τῶν
552 4554 618 4622 ἐξ
653 4554 924 4609 Ἰουδαίων
972 4559 1442 4629 πεπιστευκότων,
1479 4563 1576 4618 καὶ
1619 4566 1759 4636 μετὰ

1872 4562 2125 4635 Plerique
2185 4561 2497 4619 Iudaeorum
2562 4564 2658 4634 qui
2725 4562 2849 4618 lidei
2912 4569 3280 4627 accesserant,
3331 4569 3456 4633 post

193 4637 280 4708 τὴν
316 4642 495 4699 πίστιν
523 4645 828 4716 ἐφύλαττον
862 4644 943 4701 ἔτι
969 4648 1069 4720 τὴν
1100 4648 1208 4703 τῶν
1240 4650 1552 4723 βρωμάτων
1576 4672 1759 4727 παρα-

193 4730 427 4804 τήρησιν,
466 4738 564 4792 καὶ
604 4740 858 4810 χοιρείων
886 4741 1065 4810 κρεῶν
1104 4742 1417 4814 ἀπείχοντο,
1439 4745 1594 4800 οὔπω
1619 4747 1757 4820 θαρ-

196 4821 397 4913 ροῦντες
423 4828 612 4903 τέλεον
636 4831 942 4902 ἀποστῆναι
975 4831 1069 4885 τοῦ
1109 4833 1297 4904 νόμου.
1328 4832 1467 4892 Εἶτα
1510 4837 1653 4892 ὥστε
1679 4841 1758 4913 μὴ

194 4912 483 4989 εὐφώρατοι
535 4923 881 4993 καταστῆναι
913 4925 990 4988 ὡς
1028 4924 1136 4979 τῶν
1161 4926 1416 4997 χοιρείων
1440 4930 1617 5001 μόνων
1647 4912 1757 4987 ἀπέ

194 5010 443 5081 εχόμενοι,
464 5015 686 5072 πάντων
709 5017 894 5082 ἁπλῶς
911 5019 1201 5090 ἀπείχοντο
1218 5022 1416 5093 κρεῶν,
1440 5026 1534 5080 καὶ¹
1550 5024 1760 5098 λάχανα

194 5098 382 5170 ἡσθιον.
424 5106 647 5180 Ἐτεροι
693 5108 857 5163 πάλιν
896 5105 1039 5181 ἦσαν
1086 5112 1436 5185 τελειότεροι,
1482 5115 1532 5169 οἳ
1589 5118 1758 5189 μηδὲν

194 5199 648 5269 παρατηροῦντες,
677 5200 954 5266 ὠνείδιζον
978 5204 1092 5266 τοῖς
1120 5204 1560 5276 παρατηροῦσιν.
1603 5208 1760 5279 Ἐφο-

195 5281 321 5358 6ήθη
345 5288 524 5344 τοίνυν
555 5293 584 5344 ὁ
622 5290 859 5358 Παῦλος,
899 5292 1095 5364 μήπως
1124 5293 1369 5365 ἀκαίρως
1391 5298 1760 5370 ἐπιπλήσσον-

193 5391 295 5440 τες,
342 5378 434 5431 καὶ
466 5380 545 5450 μὴ
584 5381 725 5451 μετὰ
754 5382 850 5436 τοῦ
885 5384 1259 5453 προσήκοντος
1307 5386 1536 5458 τρόπου,
1579 5407 1760 5463 παρα-

196 5466 480 5525 σαλεύσωσὶ
508 5472 637 5538 τοὺς
665 5473 1058 5547 ἀτελεστέρους
1085 5476 1135 5529 οἱ
1166 5479 1492 5552 τελειότεροι
1522 5482 1631 5536 ἀπὸ
1655 5484 1754 5556 τῆς

194 5561 265 5623 εἰς
287 5564 514 5634 Χριστὸν
542 5567 813 5632 πίστεως·
853 5566 933 5620 διὸ
964 5569 1059 5623 καὶ
1094 5570 1276 5639 σοφῶς
1312 5575 1753 5646 μεταχειρίζεται

193 5653 246 5704 τὸ
261 5658 503 5726 πρᾶγμα,
518 5657 780 5731 ἑκατέρου
801 5661 1001 5730 μέρους
1017 5662 1465 5734 ἐπιμελούμενος.
1489 5665 1628 5720 Οῦτε
1645 5668 1756 5740 γὰρ

1868 4656 2027 4712 fidem
2065 4655 2242 4712 adhuc
2276 4656 2331 4711 in
2365 4655 2612 4711 ciborum
2654 4654 3040 4711 observatione
3085 4653 3385 4721 haerebant,
3417 4668 3448 4708 a

1861 4748 2021 4804 suilla
2045 4762 2212 4805 carne
2232 4749 2591 4815 abstinentes,
2616 4751 2854 4803 nondum
2882 4749 3000 4804 ausi
3028 4762 3254 4819 prorsus
3274 4763 3302 4802 a
3332 4746 3451 4816 lege

1861 4840 2118 4897 deﬁcere.
2158 4838 2365 4896 Deinde
2392 4853 2459 4895 ne
2495 4838 2655 4894 facile
2681 4839 3242 4910 deprehenderentur,
3270 4846 3331 4892 ut
3356 4835 3450 4906 qui

1860 4944 1891 4984 a
1919 4930 2033 4987 sola
2053 4930 2274 5001 porcina
2300 4930 2659 4998 abstinerent,
2685 4932 2751 4986 ab
2769 4930 3024 4986 omnibus
3046 4933 3300 4987 carnibus
3316 4937 3449 4991 situ-

1860 5023 2073 5093 pliciter
2100 5022 2468 5088 abstinebant,
2503 5023 2746 5093 solisque
2788 5023 3030 5081 oleribus
3063 5029 3446 5086 vescebantur.

1860 5116 1964 5171 Alii
1984 5131 2176 5172 rursus
2200 5116 2556 5186 perfectiores
2577 5127 2755 5182 erant,
2785 5120 2878 5189 qui
2904 5119 3040 5175 nihil
3069 5122 3445 5192 observantes,

1861 5208 2277 5266 observantibus
2332 5210 2795 5266 cenvitiabantur.
2868 5211 3082 5268 Veritus
3134 5224 3219 5269 est
3280 5215 3448 5287 igitur

1861 5302 2083 5370 Paulus,
2125 5318 2194 5357 ne
2238 5298 2593 5371 perfectiores
2642 5304 2951 5375 importune
2998 5316 3053 5360 et
3100 5321 3205 5361 non
3241 5309 3317 5361 uti
3348 5325 3446 5378 par

1863 5402 1984 5448 erat
2033 5394 2463 5463 imper-fectiores
2513 5394 2870 5465 increpando,
2905 5412 2936 5451 a
2973 5395 3177 5453 Christi
3211 5399 3315 5454 fide
3343 5399 3443 5455 dc-

1861 5496 2132 5543 cuterent.
2152 5486 2444 5557 Propterea
2459 5487 2734 5557 sapienter
2757 5503 2869 5541 rem
2893 5489 3226 5559 aggreditur,
3249 5492 3447 5549 utrius-

1863 5592 1970 5650 que
2004 5579 2172 5648 partis
2224 5580 2492 5635 rationem
2544 5579 2771 5635 habens.
2819 5579 3005 5650 Neque
3054 5583 3198 5637 enim
3251 5584 3455 5656 objur—t
3498 5634 3499 5637 η

1863 5672 2118 5742 gentibus
2159 5672 2394 5727 audebat
2422 5670 2609 5728 dicere
2643 5670 2823 5728 :Male
2856 5674 3040 5744 agitis,
3091 5692 3157 5731 ne
3189 5676 3446 5753 imperfe-

1487 5793 1684 5857 νει-ξω
1724 5794 2057 5877 lectiones.

270 5878 309 5911 "
338 5882 442 5956 γὰρ
462 5898 518 5939 ο.

453 5982 729 6051 ΡΑτιιυι..
773 5988 889 6051 Gn.
926 5992 1208 6057 CXXIV.

3000 6001 3070 6063 17
