3874 6572
448 391 557 458 523
1300 386 1887 447 THEOPHYLACTI
1933 384 2347 448 BUI.G;\RUE
2387 388 2744 449 ARClIlEP.
3582 384 3679 451 53$

444 520 564 566 ctcs
586 509 636 563 in
661 507 1042 563 observatione
1068 505 1340 561 stabiliret
1369 522 1381 558 :
1416 521 1590 576 neque
1622 521 1814 560 rursus
1845 507 2025 559 dicere

2164 507 2243 569 οἷς
2276 506 2610 578 ἐπιττμῶσιν
2649 505 2853 576 ἐτόλμα
2899 505 3098 569 εἰπεῖν,
3137 504 3220 559 δτι
3254 502 3455 567 Κακῶς
3487 504 3697 574 ποιεῖτε,

447 602 642 671 poLuit,
679 600 818 653 Bene
867 598 1046 667 agitis,
1094 612 1163 651 ne
1197 597 1639 651 vehementiores
1678 606 2025 650 accusatores

2159 617 2221 653 να
2254 600 2331 673 μὴ
2363 603 2491 664 τοὺς
2536 600 2747 663 ἀτελεῖς
2791 597 3071 671 βεϐαιώσῃ
3100 599 3157 651 ἐν
3187 600 3256 669 τῇ
3298 594 3697 667 παρατηρήσειυ

447 697 687 759 faceret;
714 692 806 747 sed
831 692 977 747 enim
1007 691 1344 746 moderatam
1363 699 1417 744 et
1435 692 1501 744 ad
1537 700 1798 757 utrosque
1826 697 2028 758 tempe-

2161 691 2256 746 ῧτε
2293 694 2475 756 πάλιν,
2519 694 2600 747 ὅτι
2632 692 2857 756 Καλῶς,
2914 691 3005 745 ἵνα
3035 691 3111 762 μὴ
3154 690 3548 760 σφοδροτέρους
3578 703 3698 741 κατ-

446 797 622 842 ratam
650 784 1083 840 adhortationem
1106 783 1259 838 facit.
1285 782 1347 837 Et
1375 782 1588 837 videtur
1609 781 1828 851 quidem
1861 779 2029 833 fortes

2159 785 2366 858 ςγόρους
2399 786 2604 856 ποιήσῃ
2624 800 2639 816 ·
2690 784 2825 837 ἀλλά
2864 780 3460 855 cupitque]:ququ
3485 781 3701 834 ποιεῖται

404 883 733 950 .increpare
769 896 783 933 :
817 889 988 933 tutum
1043 889 1228 932 autem
1289 890 1597 932 sermonem
1649 875 1751 929 hoc
1802 873 1855 927 in
1909 872 2030 926 loco

2159 878 2232 948 ’ὴν
2259 878 2603 949 παραίνεσιν.
2654 878 2763 932 Καὶ
2791 878 2942 933 δοκεῖ
2976 878 3077 948 μὲν
3109 879 3223 941 τοῖς
3264 877 3507 947 ἰσχυροῖς
3542 876 3701 927 ἐπιτι·

449 984 639 1030 contra
676 972 1063 1027 imbecilliores
1095 969 1339 1024 insumit.
1381 967 1575 1023 Statim
1605 966 1747 1021 enim
1777 973 1838 1020 ut
1872 962 2028 1028 dixit,

2159 970 2244 1041 ιᾷν
2269 986 2282 1000 ·
2314 970 2376 1022 τὸ
2404 968 2459 1023 δὲ
2490 970 2620 1034 πᾶν,
2652 969 2732 1033 είς
2771 968 2896 1031 τοὺς
2921 966 3346 1039 ἀσθενεστέρους
3375 966 3525 1019 κενοῖ
3549 965 3605 1016 ἐν
3632 964 3701 1033 τῷ

458 1085 478 1117 ε
522 1067 822 1130 inﬁrmum,
852 1082 871 1116 ι
908 1063 1168 1119 indicavit
1196 1077 1316 1117 eum
1344 1076 1447 1117 non
1475 1074 1598 1117 esse
1613 1058 1870 1113 validum.
1895 1057 2029 1112 Cum

2159 1057 2274 1127 πρὸς
2334 1057 2558 1122 τούτους
2613 1058 2777 1129 λόγῳ.
2843 1057 3058 1112 Αὐτίκα
3116 1056 3249 1127 γοῦν
3320 1054 3515 1120 εἰπὼν,
3559 1071 3581 1106 ι
3611 1052 3703 1107 Ἰδν

447 1171 615 1227 porro
663 1157 759 1220 ait,
800 1173 819 1207 ι
859 1153 1144 1225 suscipite,
1188 1171 1208 1206 ι
1244 1159 1517 1207 monstrat
1559 1164 1683 1204 eum
1725 1147 1914 1205 sedula
1951 1146 2034 1201 in-

2159 1147 2490 1215 ισθενοῦντα,
2535 1168 2555 1204 r
2614 1149 2819 1217 ἔδειξεν
2856 1150 3141 1222 ἄρρωστον
3174 1148 3327 1203 ὄντα.
3368 1147 3480 1201 Καὶ
3529 1144 3605 1216 τῷ
3633 1145 3702 1198 εί-

446 1249 633 1319 digere
662 1248 884 1303 curandi
921 1248 1151 1311 ratione,
1204 1245 1260 1301 id
1290 1245 1435 1315 quod
1479 1254 1739 1300 extremae
1785 1237 2031 1297 imbecil-

2159 1242 2259 1293 ιεῖν
2315 1240 2408 1308 δέ,
2469 1258 2491 1293 ε
2557 1238 3075 1311 Προσλαμῦἀνεσθε,
3134 1256 3154 1291 ι
3215 1237 3459 1291 δείκνυσι
3518 1233 3703 1304 πολλῆς

449 1337 619 1393 litatis
644 1349 1021 1410 argumentum
1060 1348 1163 1394 cst.

2159 1332 2394 1402 isdusvw
2426 1333 2770 1405 ἐπιμελείας,
2820 1333 2960 1405 ὅπερ
3010 1333 3236 1403 σημεῖον
3266 1329 3510 1401 ἐσχάτης
3536 1328 3701 1398 ἀρρω-

530 1544 549 1576 ε
589 1523 707 1579 Non
740 1525 804 1577 ad
846 1521 1261 1593 dijudicationes
1315 1519 1793 1590 disceptationum.
1844 1530 1866 1567 ι
1920 1513 2037 1570 lloe

451 1628 556 1683 est,
588 1632 655 1671 ne
684 1614 992 1687 dijudicetis
1009 1614 1080 1669 ob
1110 1612 1481 1667 infirmitatem
1513 1608 1708 1679 ipsius,
1736 1622 1916 1676 neque
1948 1604 2035 1661 of-

451 1707 770 1769 feudamini,
824 1720 923 1760 nec
976 1704 1165 1759 multis
1217 1700 1637 1773 cogitationibus
1696 1696 2032 1754 turbemini:

452 1805 708 1852 cmterum
756 1806 1013 1868 tanquam
1055 1794 1330 1850 infirmum
1360 1803 1416 1848 et
1453 1801 1714 1863 a-grotum
1759 1788 1908 1845 omni
1937 1804 2036 1845 cu—

452 1889 607 1946 randi
643 1890 854 1945 ratione
885 1889 1167 1959 suscipite.

526 1980 690 2036 Vsus.
718 1982 773 2037 2.
823 1998 844 2033 ι
876 1981 1029 2037 Alius
1073 1979 1291 2051 quidem
1339 1978 1514 2034 credit
1556 1977 1723 2033 licere
1749 1975 1854 2032 sibi
1891 1974 2036 2030 vesci

453 2076 651 2145 quibus
680 2068 831 2139 libet,
865 2074 955 2143 qui
1000 2087 1130 2128 vero
1177 2072 1426 2127 infirmus
1461 2079 1563 2136 est,
1591 2068 1830 2125 vescitur
1868 2065 2037 2123 oleri-

399 2175 410 2183 '
454 2169 576 2225 bus.
620 2188 640 2223 ι
697 2166 1007 2225 Perfectum
1055 2174 1112 2222 et
1161 2163 1539 2237 imperfectum
1600 2171 1904 2233 comparat,
1960 2160 2042 2214 in-

455 2263 692 2334 quiens:
723 2259 1027 2326 Perfectus,
1067 2258 1172 2315 ﬁde
1200 2273 1296 2314 sua
1340 2258 1533 2324 fretus,
1556 2256 1739 2312 omnia
1786 2252 2041 2310 indiscri-

459 2355 702 2411 miuatim
728 2354 841 2410 edit
866 2369 883 2408 :
913 2351 1283 2423 impcrfectior
1306 2365 1456 2413 vero,
1482 2357 1739 2419 tanquam
1769 2346 2040 2409 inﬁrmus,

455 2447 601 2501 olera
629 2446 888 2500 comedit.
917 2442 1120 2510 Dignus
1147 2442 1329 2508 itaque
1359 2447 1442 2494 est
1469 2448 1527 2493 ut
1556 2448 1800 2503 curetur,
1843 2450 1950 2491 non
1984 2442 2042 2488 ut

454 2539 831 2611 objurgatione
859 2535 970 2590 aeri
992 2534 1387 2588 absterreatur.

532 2630 695 2686 Vsus.
720 2629 777 2683 5.
813 2646 834 2680 ι
869 2626 973 2694 Qui
1019 2626 1278 2691 vescitur,
1316 2639 1422 2679 non
1447 2629 1756 2679 vescentem
1797 2633 1866 2676 ne
1889 2630 2043 2675 com-

457 2732 686 2787 temnat,
718 2731 775 2777 et
800 2719 892 2789 qui
938 2733 1043 2774 non
1068 2717 1327 2780 vescitur,
1357 2724 1669 2770 vescentem
1695 2719 1763 2768 ne
1784 2710 1995 2781 iudicet
2024 2727 2038 2764 :

458 2816 603 2871 Deus
617 2814 765 2870 enim
793 2811 941 2866 illum
956 2810 1269 2879 assumpsit.
1299 2828 1317 2861 ι
1339 2807 1446 2874 Qui
1463 2806 1644 2862 omnia
1662 2805 1923 2871 edebant,
1943 2818 2042 2858 ceu

461 2904 836 2976 perfectiores,
859 2915 966 2955 non
991 2900 1213 2955 edentes
1240 2897 1663 2967 vilipeudebant,
1690 2910 1791 2951 ceu
1827 2893 2042 2949 modica

463 2996 569 3050 tide
616 2995 874 3056 imbutos,
919 3005 983 3048 ac
1025 2987 1609 3047 adltchudaizantes.
1661 2985 1888 3058 Contra,
1935 2999 2043 3041 non

459 3094 764 3149 vescentes,
796 3071 1128 3154 quibuslibet
1157 3090 1439 3136 vescentes
1459 3078 1797 3149 judicabant,
1836 3091 2041 3147 easque

2139 1423 2318 1477 στίας.
3040 1464 3050 1473 .

2212 1440 2265 1477 ια
2304 1462 2318 1476 .
3040 1464 3050 1473 .

2212 1536 2232 1570 ε
2270 1440 2367 1588 iii}
2418 1516 2500 1581 είς
2535 1516 2843 1588 διακρίσεις
2892 1514 3284 1585 διαλογισμῶν.
3327 1534 3347 1567 ι
3414 1514 3699 1582 Τουτέστι,

2142 1608 2219 1680 μὴ
2269 1608 2675 1680 διακρινόμενοι
2721 1608 2818 1661 Eni.
2849 1609 2917 1679 τῇ
2973 1606 3252 1678 ἀσθενείᾳ,
3306 1607 3404 1660 καὶ
3437 1605 3703 1662 σκανδαλι-

2139 1702 2380 1774 ζόμενοι,
2415 1702 2511 1756 καὶ
2558 1701 2842 1772 λογισμοῖς
2880 1700 3099 1765 πολλοῖς
3130 1700 3560 1772 ταραττόμενον
3597 1699 3701 1755 ἀλλ’

2074 1850 2117 1908 Β
2138 1793 2215 1859 ὡς
2242 1792 2446 1865 ἀσθενῆ
2476 1793 2607 1847 δντα
2639 1791 2824 1863 πάσης
2854 1791 3153 1865 θεραπείας
3185 1790 3489 1858 ἀξιοῦντες.

2216 1999 2235 2034 ι
2280 1981 2378 2044 Ὃς
2414 1979 2516 2052 μὲν
2563 1978 2813 2035 πιστεύει
2845 1980 3042 2051 φαγεῖν
3073 1978 3289 2034 πάνταο
3315 1980 3346 2034 ὁ
3372 1978 3431 2032 δέ
3479 1975 3701 2035 ἀσθενῶν

2138 2073 2347 2146 λάχανα
2405 2073 2595 2129 ἐσθίει.
2660 2092 2682 2127 ι
2740 2073 3031 2144 Συγκρίνει
3076 2070 3169 2126 τὸν
3227 2072 3432 2126 τέλειον
3487 2071 3580 2126 καὶ
3624 2069 3700 2125 τὸν

2139 2167 2330 2239 ἀτελῆ,
2372 2167 2466 2222 καί
2502 2184 2692 2238 φησιν,
2723 2167 2807 2221 δτι
2832 2167 2861 2220 ό
2895 2165 2996 2237 μὲν
3021 2164 3250 2231 τέλειος,
3278 2166 3345 2237 τῇ
3370 2163 3552 2218 πίστει
3583 2163 3701 2235 θαρ-

2142 2259 2275 2333 ρῶν,
2316 2260 2494 2313 πάντα
2526 2258 2838 2328 ἀδιαφόρως
2876 2256 3052 2311 ἐσθίει
3076 2271 3092 2287 ’
3127 2257 3156 2310 ό
3191 2255 3250 2310 δέ
3280 2254 3624 2325 ἀτελέστερος
3644 2254 3700 2319 ³⁸,

2141 2349 2239 2404 ἆτε
2269 2348 2549 2417 ἀσθενῶνξ,
2583 2348 2794 2421 λάχανα
2841 2347 3034 2403 ἐσθίει.
3064 2347 3229 2401 Ὥστε
3264 2346 3415 2413 ἄξιος
3439 2346 3531 2401 τοῦ
3562 2345 3700 2419 θερα-

2141 2440 2429 2507 πεύεσθαι,
2463 2441 2584 2512 ούχὶ
2613 2440 2709 2495 τοῦ
2748 2439 3253 2512 προσπλήττεσθαι.

2218 2647 2238 2680 ε
2282 2628 2342 2682 'U
2371 2627 2568 2681 ἐσθίων
2617 2626 2711 2681 τὸν
2740 2625 2815 2697 μὴ
2843 2624 3094 2679 ἐσθίοντα
3119 2623 3196 2697 μὴ
3223 2623 3595 2691 ἐξουθενείτω·
3621 2622 3699 2678 καὶ

2141 2722 2171 2776 ὁ
2207 2720 2284 2793 μὴ
2312 2718 2510 2775 ἐσθίων
2537 2718 2629 2773 τὸν
2666 2718 2920 2774 ἐσθίοντα
2959 2717 3036 2791 μὴ
3077 2718 3330 2790 κρινέτω.
3370 2718 3429 2773 ὐ
3452 2716 3581 2782 Θεὸς
3607 2716 3700 2787 γὰρ

2142 2814 2305 2869 αὐτὸν
2325 2810 2722 2885 προσελάϐετο.
2755 2829 2773 2863 ι
2797 2811 2862 2865 Oi
2891 2811 3071 2865 πάντα
3091 2809 3390 2877 ἐσθίοντες,
3410 2810 3487 2873 ὡς
3512 2809 3698 2864 τελειό·

2142 2923 2314 2976 τεροι,
2345 2906 2473 2970 τοὺς
2518 2904 2596 2977 μὴ
2626 2903 2908 2967 ἐσθίοντας
2948 2901 3315 2972 ἐξηυτέλιζον.
3359 2902 3435 2966 ὡς
3479 2899 3699 2968 όλιγοπί-

2145 3015 2306 3062 στους
2336 2998 2433 3052 καὶ
2477 2996 2872 3062 Ἰουδαΐζοντας
2899 2994 3001 3050 ἐτι.
3036 2994 3228 3059 Πάλιν,
3265 2996 3317 3048 oi
3350 2994 3425 3065 μὴ
3452 2992 3699 3054 ἐσθίοντες

2144 3090 2468 3159 κατέκρινον
2499 3090 2627 3152 τοὺς
2679 3087 2962 3149 ἐσθίοντας
2997 3084 3194 3153 πάντα,
3234 3084 3312 3149 ὡς
3361 3083 3695 3156 λαιμάργους.

461 3177 897 3235 condemnabam
944 3183 1002 3231 ut
1042 3175 1258 3246 gulosos
1295 3181 1351 3229 et
1394 3186 1642 3229 voraces.
1672 3171 1809 3239 Quia
1854 3178 2036 3225 autem

2161 3183 2365 3254 Επειδὴ
2397 3183 2457 3238 δέ
2484 3183 2580 3237 καὶ
2603 3181 2648 3215 ⁸³
2679 3181 2739 3247 ἐξ
2764 3180 2934 3236 ἐθνῶν
2955 3174 3099 3253 ἦσαν
3146 3178 3335 3233 πολλοὶ
3359 3176 3577 3244 τούτων,
3612 3190 3699 3245 φη·

464 3272 707 3346 plerique
738 3272 928 3326 borum
952 3284 983 3325 e
1008 3268 1262 3341 gentibus
1299 3274 1479 3333 erant,
1509 3283 1529 3319 ι
1568 3265 1733 3330 Deus,
1779 3284 1798 3318 ι
1838 3264 2034 3335 inquit,

468 3386 488 3420 ι
538 3368 713 3435 ipsum
764 3359 1079 3430 assumpsit,
1120 3375 1141 3410 ι
1196 3358 1299 3413 hoc
1342 3365 1455 3423 est,
1502 3352 1828 3411 ineffabilem
1882 3368 2037 3409 suam

463 3459 692 3532 gratiam
736 3471 865 3526 erga
900 3468 1022 3508 eum
1058 3448 1535 3507 eommonstravit.
1565 3447 1701 3515 Quid
1724 3448 1890 3520 igitur
1914 3460 2039 3502 cum

464 3568 534 3608 eo
558 3553 621 3606 de
653 3551 769 3620 lcge
789 3549 1054 3617 disputas,
1094 3542 1253 3614 100
1278 3556 1401 3597 cum
1431 3539 1686 3596 Christus
1706 3538 1856 3593 illum
1874 3538 2042 3608 justi-

463 3643 685 3700 licavit?

537 3738 683 3794 Vsus
729 3735 786 3790 4.
834 3751 861 3787 ε
890 3731 972 3787 Tu
1020 3729 1144 3802 quis
1182 3742 1253 3783 es
1287 3727 1376 3798 qui
1414 3725 1629 3796 judicas
1659 3724 1891 3779 alienum
1923 3739 2042 3780 ser-

464 3831 623 3888 vum?
650 3827 764 3884 Suo
794 3826 1013 3881 domino
1051 3832 1158 3878 Stat
1180 3833 1275 3876 aut
1298 3819 1462 3875 cadit.
1503 3836 1521 3868 ι
1556 3817 1636 3872 Ad
1666 3815 2043 3887 perfectior-em

466 3926 570 3980 ltoc
592 3922 852 3990 loquitur,
879 3917 1153 3971 abduccus
1178 3914 1351 3984 ipsum
1388 3921 1442 3965 ut
1472 3926 1501 3963 a
1527 3917 1864 3978 contemptu,
1892 3911 1972 3965 sic
1989 3918 2046 3965 et

467 4032 498 4071 a
536 4010 1005 4069 condemuatione.
1052 4006 1290 4077 Utraque
1324 4007 1467 4061 enim
1519 4005 1883 4060 admittebant
1915 4016 2042 4072 per-

467 4109 740 4170 lectiores,
795 4110 1151 4172 aspernantes
1211 4097 1466 4151 nimirum
1525 4106 1581 4153 ct
1619 4096 2045 4151 condemnantes

467 4196 922 4270 imperfuetiores.
955 4191 1275 4246 Clanculum
1309 4199 1487 4245 autem
1518 4200 1573 4245 et
1594 4190 1681 4243 hic
1703 4187 2047 4258 imperfectos

2142 3276 2251 3340 σὶν,
2289 3275 2372 3328 ὅτι
2404 3291 2424 3326 t
2483 3275 2540 3328 '0
2570 3270 2704 3337 Θεδς
2734 3270 2899 3327 αὐτὸν
2944 3268 3316 3343 προσελάϐετο
3340 3286 3355 3301 ο
3400 3287 3422 3322 ι
3449 3266 3693 3328 τουτέστι,

2139 3368 2239 3441 τὴν
2271 3367 2479 3438 ἄφατον
2516 3365 2686 3422 αὑτοῦ
2720 3364 2883 3437 χάριν
2922 3364 3054 3435 περὶ
3084 3363 3247 3420 αὐτὸν
3292 3360 3615 3427 ἐπεδείξατο.
3641 3358 3697 3412 Τί

2140 3459 2320 3514 τοίνυν
2357 3457 2507 3529 αὐτῷ
2541 3457 2671 3530 περὶ
2709 3458 2876 3528 νόμου
2906 3456 3167 3529 διαλέγῃ,
3222 3456 3359 3511 ὅπου
3398 3472 3460 3527 γε
3495 3453 3647 3509 αὐτὸν
3670 3454 3697 3504 ὁ

2141 3550 2187 3604 Χ
2195 3546 2377 3621 ριστδς
2412 3546 2763 3614 ἐδικαίωσεν;

2220 3752 2239 3786 ε
2276 3732 2348 3786 Σὺ
2366 3731 2448 3796 τίς
2469 3727 2520 3784 εἴ
2534 3732 2561 3785 ό
2580 3724 2781 3802 κρίνων
2808 3728 3095 3799 ἀλλότριον
3115 3727 3365 3799 οίκέτηνς
3390 3726 3479 3798 Τῷ
3496 3725 3603 3796 ἰδίῳ
3614 3741 3696 3778 κυ-

2147 3824 2250 3896 ρίῳ
2276 3822 2469 3895 στήκει
2493 3821 2525 3894 ἢ
2554 3821 2765 3876 πίπτει.
2805 3838 2824 3872 s
2859 3818 3003 3889 Πρὸς
3020 3818 3112 3872 τὸν
3133 3818 3338 3873 τέλειον
3364 3819 3514 3887 λέγει
3536 3816 3693 3875 τοῦτο.

2146 3916 2380 3984 ἀπάγων
2406 3912 2572 3968 αὐτὸν
2611 3911 2801 3984 ὥσπερ
2825 3911 2921 3965 τοῦ
2966 3909 3294 3978 ἐξουθενεῖν,
3319 3910 3461 3964 οὕτω
3480 3910 3572 3963 καὶ
3613 3905 3694 3962 τοῦ

2148 4009 2501 4080 κατακρίνειν
2523 4023 2538 4039 ·
2555 4010 2563 4018 ’
2583 4007 2872 4079 ἀμφότερα
2899 4004 3006 4078 γὰρ
3031 4003 3250 4059 ἐποίουν
3281 4000 3331 4058 oi
3375 4002 3693 4072 τελειότερα.

2148 4102 2244 4159 καὶ
2273 4096 2637 4171 ἐξηυτέλιζον,
2686 4100 2780 4151 καὶ
2810 4099 3133 4169 κατέκρινον
3166 4097 3292 4160 τοὺς
3320 4094 3692 4166 ἀτελεστέρους.

2147 4190 2533 4254 Λανθανόντως
2560 4190 2617 4244 δὲ
2643 4189 2873 4243 ἐνταῦθα
2899 4188 2994 4243 τοῦ
3015 4187 3238 4252 ἀτελοῦς
3262 4188 3607 4243 καθάπτεται.
3627 4186 3690 4237 Ού

466 4289 804 4363 perstringit.
834 4287 950 4341 Non
1002 4286 1144 4340 enim
1191 4286 1317 4355 quia
1351 4284 1438 4340 illa
1480 4283 1644 4339 faciat
1673 4298 1791 4353 quae
1813 4281 2042 4350 judicari

2159 4283 2258 4353 γὰρ
2308 4280 2496 4353 ἐπειδὴ
2538 4280 2663 4347 ἀξια
2693 4280 2786 4335 τοῦ
2819 4280 2894 4352 μὴ
2936 4280 3220 4351 κρίνεσθαι
3248 4282 3413 4346 ποιεῖ,
3439 4278 3523 4334 διὰ
3560 4275 3691 4331 τοῦτο

468 4398 575 4439 non
602 4389 930 4441 mereantur,
977 4387 1198 4447 propter
1227 4380 1329 4431 hoc
1371 4386 1421 4431 te
1458 4391 1562 4430 non
1587 4375 1835 4445 judicare
1858 4372 2042 4442 iubeo,

2159 4372 2365 4428 κελεύω
2390 4372 2464 4445 μὴ
2500 4372 2728 4445 κρίνειν,
2777 4371 2894 4425 ἀλλ’
2920 4371 3109 4443 ἐπειδὴ
3154 4370 3436 4442 ἀλλότριός
3467 4372 3601 4424 ἐστιν
3623 4366 3689 4418 oi-

464 4489 648 4529 vcrum
686 4473 808 4541 quia
859 4469 1066 4525 alienus
1099 4483 1291 4523 servos
1334 4475 1443 4531 est,
1471 4467 1574 4523 hoc
1612 4476 1724 4531 'est,
1768 4481 1874 4522 non
1892 4476 2042 4532 tuus,

2159 4469 2336 4539 κέτης,
2376 4468 2674 4531 τουτέστιν,
2707 4464 2769 4518 ού
2822 4465 2937 4529 σὸς,
2981 4464 3117 4518 ἀλλά
3144 4462 3239 4517 τοῦ
3264 4463 3426 4517 Θεοῦ.
3460 4460 3569 4516 Κάν
3597 4457 3690 4541 γὰρ

468 4562 560 4623 sed
608 4564 727 4619 Dei.
761 4563 909 4633 ,Nam
958 4561 1173 4616 etiamsi
1219 4559 1470 4616 inﬁrmus
1497 4559 1681 4624 fuerit,
1721 4574 1827 4613 non
1862 4569 2042 4613 tamen

2159 4560 2374 4632 ἀσθενῇ,
2405 4560 2519 4614 ἀλλ’
2551 4558 2649 4613 ούκ
2674 4557 2899 4626 ἐξέπεσε
2928 4557 3022 4612 τοῦ
3044 4557 3262 4629 οἰκέτης
3295 4552 3469 4610 εἶναι’
3499 4553 3589 4609 οὒκ
3611 4540 3690 4604 οὖν

464 4659 667 4716 excidit
697 4657 763 4711 ab
786 4656 1014 4726 eo'qnod
1056 4656 1123 4709 sit
1166 4668 1355 4709 semis
1382 4666 1599 4724 :quare
1623 4660 1729 4707 nun
1770 4661 1851 4706 est
1882 4653 1952 4706 de
1982 4666 2042 4707 cu

2159 4653 2546 4721 ἐπογνωστέος.
2582 4650 3088 4723 Παραμυθούμενος
3110 4650 3168 4703 δὲ
3210 4650 3373 4704 πάλιν
3398 4648 3571 4711 αὐτὸν,
3602 4640 3689 4696 οὔκ

468 4751 887 4829 desperandum.
938 4748 1192 4801 Animum
1246 4754 1429 4801 autem
1492 4760 1681 4800 mrsus
1714 4744 1769 4799 ei
1819 4738 2042 4810 addens,

2159 4741 2318 4813 εἶπεν,
2357 4745 2442 4800 ὅτι
2474 4745 2685 4812 πίπτει,
2735 4742 2894 4811 ἀλλὰ,
2943 4762 2963 4796 ι
3009 4742 3208 4813 Στήκει
3258 4742 3291 4813 ἢ
3333 4743 3542 4796 πίπτειο
3584 4735 3689 4790 »ἄν

468 4856 576 4901 non
605 4827 755 4905 dixit,
786 4841 955 4906 cadit,
1002 4837 1098 4893 sed
1151 4854 1172 4891 ι
1210 4836 1333 4891 Stat
1367 4842 1459 4890 aut
1480 4835 1648 4893 cadit.
1685 4846 1704 4887 ι
1750 4834 1875 4889 εἱνθ
1898 4835 2042 4889 enim

2159 4856 2202 4894 rs
2229 4838 2285 4895 δὲ
2314 4839 2494 4903 τοῦτο,
2530 4839 2596 4894 ἄν
2618 4853 2682 4892 τε
2704 4839 2905 4903 ἐκεῖνο,
2948 4835 3027 4908 τῷ
3057 4836 3297 4909 δεσπότῃ
3320 4834 3578 4906 διαφέρει,
3609 4827 3689 4882 καὶ

469 4937 595 4999 hoc,
632 4932 745 4986 sive
794 4928 925 4984 illud
952 4928 1256 4997 contingat,
1289 4926 1355 4980 ad
1387 4926 1663 4981 dominum
1692 4925 1933 4995 pertinet
1960 4920 2042 4977 vel

2159 4934 2176 5004 ᾐ
2216 4930 2389 5004 ζημία
2429 4930 2743 4995 πίπτοντος,
2784 4930 2880 4983 καὶ
2901 4930 2935 4983 ’ό
2966 4918 3197 4992 πλούσιος
3226 4927 3480 4991 ἑστῶτος.

468 5028 727 5082 damnum
752 5020 1018 5088 cadentis,
1047 5022 1130 5074 vel
1156 5022 1349 5074 stantis
1366 5019 1603 5075 lucrum.

541 5136 561 5170 ε
600 5118 881 5173 Statuetur
910 5124 1089 5171 autem
1116 5131 1130 5168 :
1158 5124 1354 5184 potens
1376 5123 1459 5169 est
1480 5114 1622 5168 enim
1642 5112 1909 5170 Dominus
1928 5121 2041 5168 ‘sta-

467 5220 620 5263 tuere
642 5209 840 5278 ipsum.
872 5225 892 5260 ι
920 5205 1056 5262 Cum
1094 5206 1194 5272 ait,
1226 5222 1247 5257 ι
1282 5212 1566 5270 statuetur,
1590 5222 1610 5256 ι
1644 5203 1846 5259 indicat
1863 5204 2036 5272 ipsum

467 5305 645 5358 adhuc
681 5300 889 5357 inoveri
922 5308 971 5356 et
1014 5300 1232 5355 concuti
1264 5310 1434 5368 usque
1475 5300 1630 5363 adeo,
1673 5308 1732 5352 ut
1770 5297 1884 5354 solo
1930 5297 2038 5353 Deo

467 5396 850 5449 conﬁrmatum
871 5404 1007 5462 opus
1033 5392 1250 5448 habeat.
1282 5390 1432 5458 Quod
1460 5388 1528 5447 de
1556 5391 1711 5463 plane
1741 5391 2038 5461 desperatis

465 5486 718 5542 dicimus.

540 5578 702 5633 Vens.
723 5577 791 5632 -5,
821 5592 845 5629 ι
880 5577 1030 5633 Alius
1048 5578 1263 5648 quidem
1290 5575 1499 5647 indicat
1527 5577 1665 5633 diem
1701 5577 1846 5633 inter
1870 5577 2038 5643 diem,

466 5672 606 5728 alios
632 5684 764 5726 vero
802 5668 1013 5737 iudicat
1036 5686 1250 5727 omnem
1285 5672 1448 5727 diem.
1496 5688 1515 5723 ι
1563 5668 1817 5726 Numani
1847 5671 2035 5726 inedia

2222 5138 2243 5170 ‹
2278 5114 2617 5187 Σταθήσεται
2643 5116 2731 5170 δέ·
2752 5115 2981 5181 Gevart;
3006 5114 3117 5185 γάρ
3136 5114 3289 5168 ἐστιν
3309 5113 3338 5167 ό
3364 5111 3496 5174 Θεὸς
3522 5106 3687 5179 στῆσαι

2147 5210 2242 5264 καὶ
2294 5209 2476 5265 αὐτόν.
2518 5227 2537 5261 ι
2592 5209 2682 5263 Ἐν
2735 5208 2813 5280 τῷ
2868 5209 3065 5273 εἰπεῖν,
3100 5208 3183 5261 δτι
3232 5223 3252 5258 ι
3294 5205 3683 5276 traheretur.)

2146 5301 2417 5357 δείκνυσιν
2447 5300 2527 5355 ἐτι
2552 5301 2934 5372 σαλευόμενον,
2978 5301 3077 5354 καὶ
3102 5298 3380 5367 τοσοῦτον,
3400 5292 3553 5351 ’ὥστε
3567 5286 3686 5349 θεοῦ

2150 5395 2311 5468 μόνου
2339 5395 2546 5451 δεῖσθαι
2570 5393 2664 5448 τοῦ
2697 5394 3016 5465 στήσαντος·
3042 5394 3179 5467 ὅπερ
3201 5391 3250 5425 δ’
3273 5391 3364 5445 ἐπὶ
3389 5391 3494 5459 ⁴τῶν
3515 5386 3687 5459 σφόδρα

2138 5490 2585 5561 ’ἀπεγνωσμένων
2610 5488 2863 5560 λέγομεν.

2223 5600 2243 5635 ε
2281 5584 2379 5647 Ὃς
2406 5582 2511 5652 μὲν
2543 5581 2719 5654 κρίνει
2753 5581 2969 5654 ἡμέραν
2999 5579 3130 5653 παρ’
3160 5578 3395 5653 ἡμέραν,
3429 5575 3485 5640 ὃς
3508 5568 3563 5629 δέ
3604 5567 3688 5624 πᾶν

2149 5693 2248 5729 σαν
2287 5673 2524 5746 ἡμέραν.
2559 5694 2577 5727 ι
2615 5671 2799 5732 Ἠσάν
2826 5691 2973 5739 τινες
2998 5671 3375 5746 νηστεύοντες,
3423 5667 3456 5740 ἢ
3493 5658 3686 5723 καὶτῶν

1778 5763 1978 5828 Varim
2006 5765 2337 5830 lectiones.

538 5868 585 5901 ³⁸
632 5864 1023 5938 ἀσθενέστερος
1056 5881 1109 5923 ο.
1186 5868 1230 5901 ³³
1265 5868 1388 5922 ἐπεὶ
1440 5862 1533 5921 οὖν
1564 5870 1656 5922 καὶ
1700 5884 1751 5923 o.
1830 5870 1875 5902 “
1906 5870 2052 5937 ὅπως
2088 5887 2141 5927 (ι.
