3874 6576
439 393 545 458 52⁵1

1286 389 1863 458 THEUPHYLACTI
1905 390 2315 451 BULGARI/E
2351 389 2704 451 ARCHIEP.

3575 391 3670 456 538

441 509 592 574 dine,
620 505 710 578 qui
757 505 897 560 servi
937 503 1052 572 eius
1087 501 1213 558 facti
1249 517 1435 558 smnus
1458 502 1480 556 ‘l
1503 503 1644 556 sicut
1673 503 1854 556 dicere
1886 517 2018 556 cono

2136 501 2328 566 ἰούλου,
2373 502 2514 573 ὑπὲρ
2561 496 2622 556 οὗ
2662 499 2929 569 τοσαύτην
2974 498 3144 571 τιμὴν
3191 493 3547 565 κατέδάλετο;
3575 501 3673 554 Καὶ

440 600 714 654 suevimus
747 615 760 651 :
797 596 1074 663 Quomodo
1127 595 1242 650 fieri
1295 604 1495 664 potest,
1528 604 1584 650 ιιι
1629 595 1825 664 aliquis
1873 594 2014 649 servi

441 689 522 744 sui
577 705 762 743 curam
816 703 920 742 non
983 696 1151 758 gerat,
1210 701 1308 755 pro
1357 702 1462 754 quo
1521 697 1666 740 tanta
1720 686 2018 754 impendit?

443 781 660 847 Deinde,
679 781 723 836 si
752 791 1090 835 mortuorum
1115 781 1333 850 (inquit)
1360 779 1623 832 rationem
1644 778 1822 844 habet,
1849 776 2017 831 multo

441 873 614 940 magis
668 871 986 926 viventium.
1048 870 1170 924 llaec
1221 879 1398 924 autem
1444 869 1590 932 dicit,
1640 867 2015 923 Judaizantem

443 960 816 1030 pntlcfaciens,
843 972 897 1014 et
922 962 1158 1015 suadens
1186 971 1242 1014 ut
1274 962 1454 1015 animo
1485 973 1580 1013 suo
1612 960 1832 1023 recolat,
1873 958 2016 1028 quod

443 1068 570 1122 erga
619 1053 917 1120 Christum,
971 1053 1062 1123 qui
1122 1067 1219 1123 pro
1265 1067 1331 1107 eo
1379 1052 1731 1116 moriebatur,
1775 1051 2019 1119 ingratus

442 1145 734 1207 cxsistens,
765 1144 863 1213 legi
899 1145 1075 1200 adhuc
1107 1144 1461 1200 auscultetur.

512 1236 679 1292 Vens.
709 1238 794 1292 10.
828 1255 847 1290 ι
883 1237 961 1292 Tu
993 1249 1168 1292 autem
1200 1237 1550 1307 quidjuilicas
1577 1235 1797 1290 fratrem
1833 1235 2016 1289 tuum?

445 1333 551 1384 Aut
599 1339 677 1395 tu,
707 1315 876 1400 quare
909 1329 1122 1400 spernis
1172 1329 1394 1384 fratrem
1429 1327 1615 1382 tuum?
1646 1328 1846 1383 Omnes
1871 1330 2015 1382 enim

445 1434 751 1478 statuemur
782 1432 907 1477 ante
942 1421 1177 1477 tribunal
1209 1421 1434 1476 Christi.
1471 1439 1490 1472 ι
1520 1419 1597 1474 Tu
1622 1421 1712 1490 qui
1743 1436 1847 1474 non
1879 1421 2014 1482 edis,

445 1516 572 1584 quid
602 1516 825 1570 fratrem
861 1525 1010 1569 tuum
1047 1530 1142 1568 ceu
1172 1513 1416 1584 gulosum
1446 1513 1661 1580 judicas
1692 1513 1831 1581 quod
1857 1513 2017 1566 edat?

445 1607 522 1660 Tu
556 1623 682 1663 vero
716 1607 805 1676 qui
833 1608 968 1672 edis,
997 1607 1124 1676 quid
1151 1605 1458 1661 contemnis
1486 1604 1709 1660 fratrem
1740 1616 1887 1660 tuum
1918 1621 2015 1661 ceu

445 1700 638 1769 exigua
692 1699 796 1753 ﬁde
825 1699 1090 1753 imbutum
1118 1699 1140 1752 ?
1167 1698 1357 1754 Frater
1382 1708 1484 1764 est,
1531 1698 1756 1766 proinde
1796 1713 1902 1752 non
1935 1705 2018 1752 est

445 1794 586 1863 quod
633 1803 948 1846 contemnas
983 1793 1258 1862 pr0prium
1313 1793 1612 1846 membrum
1663 1803 1832 1845 tuum.
1877 1789 2014 1844 Num

445 1885 588 1940 enim
615 1895 666 1938 tu
692 1899 788 1952 pro
815 1899 879 1940 eo
897 1899 955 1939 es
976 1884 1286 1939 redditurus
1313 1883 1612 1938 rationem?
1643 1883 1760 1952 lpsc
1787 1898 1881 1950 per
1902 1897 2020 1937 sese

445 1979 670 2033 sistetur
715 1989 840 2032 ante
889 1976 1145 2040 tribunal,
1198 1977 1418 2045 ipseque
1459 1990 1672 2046 pmuam
1708 1985 1762 2030 et
1805 1985 2020 2029 senten-

449 2071 574 2124 tiam
606 2069 912 2124 sustinebit.
944 2067 1126 2122 Viden’
1150 2068 1238 2136 qui
1269 2066 1396 2121 dum
1423 2067 1488 2122 ad
1535 2065 2021 2121 consummatiores

446 2162 610 2216 verba
645 2161 796 2222 facit,
821 2161 991 2229 ipsum
1022 2158 1396 2214 Judaizantem
1419 2166 1604 2223 terret,
1631 2170 1724 2212 ceu
1753 2171 1906 2220 eum,
1929 2156 2020 2225 qui

447 2264 572 2308 ante
595 2253 936 2307 tremendum
964 2251 1195 2306 tribunal
1227 2251 1492 2306 rationein
1519 2249 1829 2304 redditurus
1856 2246 1968 2302 sit?

516 2344 680 2399 Vens.
718 2343 806 2408 Η,
835 2341 922 2395 12.
967 2359 985 2392 ι
1025 2341 1298 2413 Scriptum
1331 2349 1417 2396 est
1449 2339 1592 2395 enim
1627 2352 1653 2379 ι
1688 2356 1703 2394 :
1737 2336 1866 2392 Vivo
1894 2349 2021 2408 ego,

445 2437 575 2490 dicit
595 2435 852 2489 Dominus
881 2451 894 2487 :
919 2435 1172 2504 quoniam
1197 2433 1325 2487 mihi
1353 2431 1660 2487 inﬂectctur
1677 2445 1836 2485 omne
1855 2445 2019 2499 genu,

444 2539 500 2585 et
531 2529 707 2583 omnis
738 2528 920 2598 lingua
951 2527 1296 2581 confitebitur
1335 2525 1463 2580 Deo.
1518 2525 1701 2594 Itaque
1731 2521 2023 2592 unusquis-

445 2635 552 2690 que
583 2631 824 2674 nostrum
861 2634 958 2688 pro
989 2633 1046 2672 se
1092 2617 1248 2686 102
1283 2617 1545 2670 rationem
1591 2613 1776 2668 reddet
1825 2613 1953 2667 Deo.
1997 2631 2016 2666 ›

445 2711 619 2780 Quod,
643 2711 840 2780 inquit,
867 2709 1254 2779 judicabimur,
1287 2723 1380 2762 ceu
1412 2707 1553 2760 servi
1577 2721 1606 2758 a
1635 2705 1872 2772 domino,
1903 2721 2025 2775 pro-

446 2801 607 2870 pheta
645 2807 893 2854 testatur.
951 2795 1332 2851 Veheinentem
1365 2795 1508 2850 enim
1565 2796 1812 2864 adeoque
1849 2793 2024 2848 maxi-

451 2906 595 2944 mam
653 2888 1042 2958 subiectionem
1087 2888 1345 2941 indicavit
1387 2902 1484 2957 per
1531 2887 1634 2941 hoc
1675 2886 1818 2956 quod
1867 2887 2023 2950 dixit,

449 2980 650 3038 Omnes
686 2980 814 3034 mihi
851 2996 989 3048 genu
1036 2977 1276 3046 flectant,
1317 2987 1372 3034 et
1417 2979 1593 3033 oumis
1624 2978 1805 3048 lingua
1836 2992 2024 3033 eorum

449 3072 544 3143 qui
569 3074 788 3127 fuerunt
815 3081 940 3127 ante
971 3071 1166 3142 legem,
1199 3080 1254 3126 et
1282 3071 1334 3124 in
1357 3071 1494 3142 lege,
1527 3071 1896 3134 confitebitur,
1928 3070 2028 3124 hoc

2118 599 2166 648 εί
2194 597 2302 650 τῶν
2333 597 2564 668 νεκρῶν,
2607 596 2761 666 φησὶ,
2796 595 3096 666 φροντίζει,
3141 593 3320 662 πολλῷ
3361 593 3557 662 μᾶλλον
3578 595 3674 649 τῶν

2120 687 2355 754 ζώντων.
2387 690 2549 757 Λέγει
2572 689 2628 743 δὲ
2662 688 2856 750 ταῦτα,
2887 687 3162 759 ἐντρέπων
3183 687 3275 740 τὸν
3316 685 3670 750 ἰουδαῖζοντα,

2118 781 2212 834 καὶ
2242 781 2444 834 πείθων
2477 779 2915 851 ἀναμνησθῆναι,
2952 780 3069 842 πῶς
3112 779 3193 832 ἔτι
3222 778 3301 849 τῷ
3331 778 3482 849 νόμῳ
3526 793 3675 846 προσ-

2119 874 2270 944 έχει,
2347 873 2680 946 ἀγνωμονῶν
2756 871 2834 944 τῷ
2898 871 3041 944 ὑπὲρ
3111 870 3277 924 αὑτοῦ
3362 866 3668 924 ἀποθανόντι

2119 966 2362 1039 Χριστῷ.

2197 1263 2214 1296 ι
2261 1245 2332 1297 Συ
2361 1243 2417 1296 δὲ
2447 1243 2500 1296 τί
2545 1243 2748 1313 κρίνεις
2779 1243 2868 1295 τὸν
2902 1239 3128 1307 ἀδελφόν
3169 1255 3260 1292 σου
3288 1257 3301 1305 ;
3343 1238 3378 1308 ἢ
3414 1238 3508 1291 καὶ
3545 1237 3602 1290 σὺ
3630 1237 3675 1290 τί

2119 1337 2415 1403 ἐξουθενεῖς
2450 1337 2540 1388 τὸν
2574 1333 2802 1402 ἀδελφόν
2855 1348 2986 1397 σούς
3042 1333 3245 1392 Πάντες
3274 1329 3386 1400 γὰρ
3416 1347 3679 1399 παραστη-

2121 1427 2325 1498 σόμεθα
2374 1427 2451 1498 τῷ
2499 1427 2704 1496 βήματι
2735 1425 2828 1478 τοῦ
2861 1423 3122 1495 Χριστοῦ.
3152 1441 3170 1474 ι
3208 1423 3280 1474 Σὺ
3310 1423 3336 1475 ὁ
3379 1420 3454 1491 μὴ
3486 1419 3676 1482 ἐσθίων,

2118 1521 2172 1574 τί
2205 1521 2412 1591 κρίνεις
2457 1519 2548 1572 τδν
2593 1518 2821 1586 ἀδελφόν
2861 1534 2953 1569 σου
2985 1514 3232 1568 ἐσθίοντα
3263 1512 3337 1576 ὡς
3375 1511 3677 1580 λαίμαργον,

2117 1613 2204 1666 διὰ
2231 1613 2291 1666 τὸ
2321 1611 2520 1664 ἐσθίειν
2551 1611 2749 1674 dimov;
2787 1609 2894 1661 Καὶ
2927 1608 2990 1660 σὺ
3017 1609 3044 1660 ὀ
3073 1605 3288 1669 ἐσθίων,
3317 1604 3372 1656 τί
3400 1603 3679 1668 ἐξουθενεῖς

2117 1705 2208 1759 τὸν
2231 1704 2455 1772 ἀδελφόν
2489 1720 2582 1756 σου
2604 1702 2679 1765 ὡς
2713 1700 3099 1769 όλιγόπιστον;
3151 1697 3409 1765 Ἀδελφός
3450 1697 3606 1759 ἐστιν,
3627 1695 3677 1746 ού

2117 1799 2199 1854 δεῖ
2226 1785 2543 1866 ίέξουθενεῖν
2572 1815 2631 1850 σε
2660 1797 2721 1850 τὸ
2754 1797 2954 1848 οἰκεῖον
2986 1793 3168 1864 μέλος.
3195 1792 3286 1860 Μὴ
3319 1789 3430 1860 γὰρ
3475 1789 3536 1840 σὺ
3569 1786 3680 1857 μέλ-

2119 1889 2233 1953 λεις
2264 1889 2401 1961 ὑπὲρ
2433 1887 2600 1942 αὑτοῦ
2635 1887 2818 1941 δοῦναι
2848 1887 3037 1955 λόγονς
3072 1883 3244 1946 Αὐτὸς
3284 1883 3680 1952 παραστήσεται

2121 1984 2198 2054 τῷ
2221 1984 2446 2055 βήματι,
2485 1984 2580 2035 καὶ
2611 1981 2772 2044 αὐτὸς
2794 1979 3025 2042 εύθύνας
3049 1979 3093 2011 ⁸⁸
3125 1978 3334 2048 ὑφέξει.
3380 1975 3561 2045 Ὁρᾷς,
3583 1973 3682 2034 πῶς

2121 2076 2181 2129 ἐν
2207 2071 2288 2138 οἷς
2336 2075 2471 2144 πρὸς
2504 2073 2596 2126 τὸν
2638 2071 2974 2140 τελειότερον
3024 2068 3070 2100 ⁸⁸
3119 2068 3454 2135 διαλέγεται,
3489 2063 3682 2130 ἐκφοϐεῖ

2121 2169 2213 2222 τὸν
2254 2167 2630 2230 Ἰουδαῖξοντα,
2660 2164 2735 2227 ὡς
2766 2164 3027 2232 μέλλοντα
3060 2160 3290 2222 εὐθύνας
3329 2159 3581 2226 ὑποσχεῖν
3605 2154 3682 2208 ἐπὶ

2121 2259 2218 2314 τοῦ
2239 2259 2369 2328 φο6ε
2381 2257 2472 2326 ροῦ
2507 2257 2750 2328 βήματος
2767 2272 2782 2321 ;

2201 2371 2220 2404 ι
2260 2351 2572 2422 Γέγραπται
2593 2350 2702 2418 γάρ
2721 2364 2736 2382 ⁸
2765 2349 2851 2402 Ζῶ
2877 2348 3010 2417 ἐγὼ,
3044 2347 3193 2415 λέγει
3219 2346 3451 2417 Κύριος,
3482 2345 3557 2397 ὅτι
3577 2340 3683 2410 ἐμοὶ

2124 2444 2333 2512 κάμψει
2366 2445 2472 2496 πᾶν
2501 2442 2651 2510 γόνυ,
2684 2442 2777 2494 καὶ
2808 2443 2956 2495 πᾶσα
2990 2441 3211 2510 γλῶσσα
3247 2437 3681 2509 ἐξομολογήσεται

2124 2537 2200 2608 τῷ
2233 2536 2378 2606 Θεῷ.
2425 2535 2570 2604 Ἀρα
2611 2529 2704 2586 οὖν
2748 2534 2978 2596 ἕκαστος
3025 2531 3186 2603 ήμῶν
3233 2530 3365 2600 περὶ
3405 2526 3587 2582 ἐαυτοῦ
3613 2526 3684 2577 λό-

2126 2648 2221 2698 γον
2259 2630 2420 2682 δώσει
2471 2627 2548 2698 τῷ
2579 2625 2716 2698 Θεῷ.
2768 2645 2787 2677 ι
2845 2627 2986 2690 "Ott,
3021 2623 3180 2694 φησὶ,
3222 2619 3588 2693 κριθησόμεθα
3620 2618 3680 2679 ὡς

2125 2722 2302 2778 δοῦλοι
2329 2721 2592 2791 δεσπότῃ,
2624 2720 2896 2790 μαρτυρεῖ
2930 2720 2958 2772 ὁ
2989 2717 3296 2788 προφήτης.
3327 2715 3442 2783 Τὴν
3463 2716 3681 2765 ἐπιτετα-

2129 2813 2300 2883 μένην
2347 2812 2454 2883 γὰρ
2480 2811 2760 2880 ὑποταγὴν
2801 2808 3037 2880 ἐδήλωσε
3073 2808 3162 2860 διὰ
3199 2805 3292 2858 τοῦ
3330 2807 3505 2857 εἰπεῖν
3527 2820 3539 2833 °
3570 2804 3604 2856 Γ
3605 2804 3681 2854 όιυ

2127 2904 2440 2974 κάμψουσιν
2466 2903 2591 2972 ἐμοὶ
2640 2902 2859 2965 πάντες,
2900 2900 2997 2953 καὶ
3053 2901 3201 2952 πᾶσα
3239 2896 3486 2964 γλῶσσα,
3515 2894 3610 2946 τῶν
3634 2907 3681 2944 τε

2131 2996 2236 3066 πρὸ
2265 2993 2358 3048 τοῦ
2385 2994 2574 3064 νόμου,
2603 2993 2696 3046 καὶ
2717 2991 2826 3044 τῶν
2853 2992 2910 3042 ἐν
2931 2990 3010 3060 τῷ
3031 2989 3204 3059 νόμῳ,
3226 2985 3679 3056 ἐξομολογήσεται,

2130 3090 2252 3142 ἀντὶ
2280 3086 2394 3149 τοῦ,
2437 3086 2630 3153 λόγους
2659 3082 2822 3136 δώσει
2845 3083 2955 3135 τῶν
2990 3081 3420 3152 πεπραγμένων.
3450 3078 3592 3139 Τίνι;
3619 3074 3680 3126 Οὐ

449 3175 552 3229 est,
592 3165 858 3219 rationem
915 3165 1098 3218 reddet
1148 3177 1326 3218 rerum
1380 3173 1678 3235 geStarum.
1729 3160 2021 3216 Cui?Non

2136 3181 2206 3251 τῷ
2229 3179 2401 3249 νόμῳ,
2427 3179 2564 3232 ἀλλά
2609 3177 2688 3249 τῷ
2719 3174 2964 3248 Χριστῷ.
2995 3175 3161 3228 Ὥστε
3200 3173 3253 3226 τί
3293 3171 3376 3225 ἔτι
3414 3169 3504 3224 τοῦ
3541 3169 3680 3239 νόμον

451 3258 554 3328 legi
586 3271 738 3322 sane,
792 3256 886 3312 sed
917 3253 1155 3312 Christo.
1202 3255 1380 3324 Quare
1421 3255 1606 3326 itaque
1635 3255 1809 3310 adhuc
1837 3269 1866 3309 a
1908 3253 2025 3324 lege

454 3348 694 3417 pendes?

525 3441 688 3496 Vens.
721 3439 809 3496 13.
851 3458 871 3492 ι
904 3438 983 3496 Ne
1011 3439 1176 3510 igitur
1207 3454 1304 3496 nos
1337 3449 1524 3494 mutuo
1557 3439 1884 3509 iudicemus,
1933 3436 2025 3493 sed

453 3533 557 3588 hoc
591 3531 831 3604 judicate
873 3533 1071 3603 potius,
1123 3542 1182 3587 ut
1224 3546 1330 3586 non
1381 3531 1593 3600 ponatis
1645 3529 2026 3587 oll‘endiculum

449 3625 630 3688 fratri,
675 3633 768 3679 aut
804 3625 1139 3680 scandalum.
1181 3643 1202 3678 ι
1237 3622 1477 3693 Uterque
1524 3634 1785 3687 vestrum,
1833 3622 2025 3690 inquit,

451 3715 731 3772 dissolvite
759 3732 877 3785 qua:
906 3717 1046 3772 inter
1072 3731 1168 3772 vos
1192 3726 1380 3771 mutuo
1406 3715 1550 3786 viget
1575 3715 1983 3770 contentionem
2012 3731 2026 3767 :

451 3823 626 3879 neque
657 3819 714 3864 tu
743 3809 834 3880 qui
863 3809 1190 3880 quibuslibet
1226 3811 1486 3874 vesceris,
1515 3808 1896 3864 oﬂ‘endiculum
1931 3822 2030 3877 po-

453 3916 549 3957 nas
581 3900 737 3955 fratri
772 3901 1108 3970 imperfecto,
1142 3903 1495 3957 vehementer
1519 3901 1765 3971 adeoque
1799 3900 2028 3955 nimium

451 4009 577 4048 eum
618 3995 987 4062 increpando:
1028 4009 1204 4064 neque
1245 4004 1297 4048 tu
1329 3994 1422 4064 qui
1453 4007 1557 4047 non
1585 3993 1824 4048 vesceris
1857 3991 2034 4046 omni-

455 4087 577 4146 bus,
604 4081 984 4137 offendiculum
1034 4096 1206 4153 ponas
1253 4081 1409 4136 fratri
1452 4095 1547 4150 per
1596 4081 2029 4136 observationem

457 4187 625 4230 tuam.
654 4173 910 4244 Utrisque
929 4174 1071 4229 enim
1101 4176 1349 4245 personis
1374 4176 1488 4230 haec
1511 4175 1841 4230 conveniunt
1868 4175 2029 4231 vicis-

457 4268 584 4332 sim,
617 4264 999 4320 oll‘endiculum
1036 4277 1090 4320 et
1124 4265 1463 4321 scandalum.

531 4358 693 4415 Vens.
726 4359 814 4414 14.
849 4376 868 4411 ι
909 4356 1042 4413 Novi
1075 4367 1130 4414 et
1157 4372 1472 4428 persuasum
1508 4357 1680 4412 habeo
1721 4356 1774 4412 in
1810 4357 2035 4414 Domino

453 4452 603 4518 Jesu,
638 4452 780 4524 quod
823 4451 956 4506 nihil
985 4464 1274 4506 commune
1307 4456 1390 4504 est
1415 4463 1511 4518 per
1541 4463 1681 4514 sese,
1716 4449 1816 4504 nisi
1854 4451 1904 4507 ei
1941 4451 2032 4520 qui

2131 3269 2292 3343 ἐξέχῃ
2310 3287 2324 3336 ;

2209 3469 2228 3503 ι
2267 3449 2482 3522 Μηκέτι
2536 3447 2629 3502 οῦν
2689 3447 2954 3517 ἀλλήλους
3011 3447 3310 3519 κρίνωμεν,
3369 3445 3506 3500 ἀλλά
3551 3443 3684 3496 τοῦτο

2130 3541 2353 3614 κρίνατε
2412 3539 2636 3610 μᾶλλον,
2704 3540 2766 3591 τὸ
2832 3537 2908 3608 μὴ
2972 3538 3184 3591 τιθέναι
3245 3537 3571 3608 πρόσκομμα
3621 3531 3684 3600 τῷ

2131 3632 2366 3704 ἀδελφῷ,
2397 3633 2430 3704 ἢ
2464 3630 2780 3686 σκάνδαλον.
2823 3649 2843 3682 ι
2891 3629 3241 3699 Ἀμφότεροι,
3279 3629 3437 3698 φησι,
3481 3625 3685 3679 καταλύ-

2134 3743 2266 3780 σατε
2297 3725 2396 3794 τὴν
2438 3723 2572 3794 πρὸς
2609 3721 2874 3793 ἀλλήλους
2901 3721 3265 3798 φιλονεικίαν⁸
3295 3721 3390 3773 καὶ
3423 3720 3552 3790 μήτε
3581 3717 3635 3770 σὺ
3661 3715 3686 3765 ὸ

2131 3817 2326 3872 ἐσθίων
2364 3815 2564 3880 πάντα,
2602 3813 2936 3884 πρόσκομμα
2965 3811 3104 3865 τίθει
3129 3811 3204 3882 τῷ
3227 3811 3429 3877 ἀτελεῖ,
3467 3812 3536 3873 ὠς
3579 3824 3689 3875 aeo-

2132 3908 2275 3980 δρῶς
2320 3905 2706 3976 ἐπιπλήσσων·
2763 3905 2900 3975 μήτε
2951 3903 3016 3956 σὺ
3075 3905 3103 3956 ὀ
3155 3903 3229 3973 μὴ
3275 3903 3469 3956 ἐσθίων
3513 3898 3684 3960 πάντα,

2135 4000 2432 4056 σκάνδαλον
2484 3997 2624 4051 τίθει
2680 3995 2760 4068 τῷ
2807 3995 3045 4065 ἀδελφῷ,
3092 3994 3168 4058 ὡς
3208 3990 3684 4066 παρατηρούμενος.

2147 4091 2503 4162 ’Δμφοτέροις
2535 4089 2643 4160 γὰρ
2666 4091 2779 4152 τοῖς
2807 4087 3124 4159 προσώποις
3156 4085 3390 4157 ἁρμόζει
3417 4085 3576 4139 ταῦτα
3601 4079 3687 4135 ἀνὰ

2139 4183 2327 4254 μέρος,
2367 4181 2430 4236 τό
2459 4198 2518 4234 τε
2567 4181 2900 4254 πρόσκομμα
2930 4179 3023 4233 καὶ
3053 4179 3112 4232 τὺ
3155 4179 3470 4232 σκάνδαλον.

2213 4381 2230 4414 ι
2265 4357 2392 4416 (οἴδα
2438 4362 2532 4416 καὶ
2565 4362 2876 4431 πέπεισμαι
2911 4361 2968 4416 ἐν
3001 4361 3192 4432 Κυρίῳ
3242 4360 3436 4432 Ἰησοῦ,
3467 4355 3687 4413 ὃτιούδέν

2138 4455 2314 4510 κοινδν
2343 4455 2407 4508 δι’
2434 4455 2651 4522 ἐαυτοῦ,
2677 4456 2726 4507 εί
2768 4453 2844 4526 μὴ
2877 4454 2952 4524 τῷ
2984 4453 3322 4524 λογιζομένῳ
3348 4471 3400 4508 τι
3429 4452 3594 4506 κοινὸν
3621 4444 3687 4500 εἴ·

456 4542 734 4595 existimat
767 4540 966 4611 aliquid
990 4551 1277 4594 commune
1299 4552 1438 4603 esse,
1467 4537 1542 4592 illi
1568 4552 1854 4594 commune
1878 4549 1981 4595 est.
2015 4558 2024 4591 ι

2145 4566 2252 4612 ναι,
2279 4546 2472 4617 ἐκείνῳ
2507 4547 2702 4601 κοινόν.
2746 4565 2764 4598 ι
2796 4544 2932 4599 Μεθ’
2961 4546 2988 4598 ὃ
3015 4545 3275 4610 ἐδίδαξεν,
3303 4547 3385 4599 ὅτι
3414 4546 3472 4598 οὐ
3488 4545 3561 4597 δεῖ
3585 4541 3687 4593 ἐπι-

461 4635 749 4703 t‘ostquam
776 4633 959 4687 docuit
988 4646 1092 4686 non
1131 4639 1378 4704 oportere
1424 4629 1854 4700 perterrefacere
1897 4632 2046 4687 inﬁr-

458 4739 632 4790 mum,
664 4724 915 4792 deinceps
945 4725 1010 4778 de
1040 4723 1176 4778 cibis
1227 4723 1508 4778 decretum
1549 4722 1872 4792 pmscribit,
1911 4737 2042 4777 eru-

457 4818 613 4871 dieus
669 4815 1079 4870 imbecilliorem
1137 4828 1206 4868 ne
1251 4813 1638 4868 contremiscat
1690 4822 1784 4868 aut
1836 4821 2044 4868 metuat

459 4914 562 4964 ista
608 4918 860 4978 tanquam
901 4911 1148 4977 impura;
1180 4907 1385 4976 aitque,
1425 4923 1444 4958 ι
1477 4905 1608 4961 Novi
1635 4915 1688 4960 et
1716 4920 2035 4975 persuasum

460 5001 653 5067 habeo,
683 5017 702 5052 ι
732 5015 835 5054 non
876 5001 1126 5056 humanis
1154 5000 1482 5066 rationibus,
1507 4999 1624 5065 sed,
1671 5016 1692 5053 ι
1731 4999 1783 5054 iu
1810 4998 2038 5053 Domino

454 5095 607 5161 Jcsu,
644 5112 662 5146 ι
712 5094 813 5149 hoc
845 5102 949 5156 est,
984 5093 1051 5148 ab
1099 5093 1214 5163 ipso
1263 5093 1501 5158 discens,
1534 5101 1589 5146 et
1629 5092 1697 5146 ab
1728 5105 1793 5148 eo
1842 5091 2041 5146 certior

461 5190 720 5254 redditus,
768 5205 788 5241 ι
831 5187 973 5258 quod
1003 5188 1133 5244 nihil
1158 5203 1253 5260 per
1283 5189 1517 5258 seipsum
1544 5200 1831 5242 commune
1851 5195 1932 5239 est
1970 5202 1984 5238 :
2016 5203 2036 5238 ι

459 5283 563 5337 hoc
593 5290 696 5349 est,
729 5295 827 5336 sua
861 5291 1052 5337 natura
1077 5281 1208 5337 nihil
1229 5291 1312 5338 est
1339 5280 1693 5345 immundum,
1717 5277 1812 5334 sed
1847 5292 1912 5332 ex
1946 5292 2044 5332 vo-

457 5373 665 5428 luntate
715 5387 779 5427 ac
823 5371 1212 5428 deliberatione
1260 5371 1464 5428 utentis
1505 5371 1604 5426 ista
1662 5369 2032 5447 imtnutid‘itics

457 5469 742 5538 ἀθρθιιάοι.
790 5465 869 5520 Illi
909 5466 1050 5522 enim
1100 5467 1198 5524 soli
1229 5477 1311 5524 est
1349 5479 1634 5524 commune
1678 5472 1733 5519 et
1792 5461 2030 5516 immun-

460 5562 608 5624 dum,
648 5573 751 5613 non
782 5558 1054 5616 omnibus.

529 5680 560 5710 ι
612 5671 716 5727 lsa.
765 5688 886 5736 xu,
945 5673 1035 5729 2'5.

2147 4639 2412 4708 πλήσσειν
2468 4637 2547 4708 τῷ
2595 4636 2933 4702 ἀσθενοῦντι,
2987 4636 3304 4705 δογματίζει
3351 4635 3530 4690 λοιπὸν
3580 4629 3687 4701 περὶ

2141 4729 2250 4782 τῶν
2287 4728 2617 4798 βρωμάτων,
2651 4729 2926 4782 παιδεύων
2972 4729 3062 4782 τὸν
3099 4728 3504 4800 ἀσθενέστερον,
3533 4724 3598 4797 μὴ
3615 4723 3686 4775 δε-

2137 4821 2331 4888 διέναι,
2365 4820 2499 4890 μηδέ
2530 4821 2752 4891 τρέμειν
2784 4821 2960 4874 ταῦτα
2994 4821 3069 4885 ὼς
3118 4821 3440 4891 ἀκάθαρτα·
3482 4819 3568 4873 καί
3601 4833 3687 4885 φη-

2139 4927 2252 4964 σιν·
2290 4929 2307 4961 ι
2349 4905 2482 4962 Οἶδα
2512 4911 2606 4962 καὶ
2632 4910 2960 4980 πέπεισμαι,
3006 4929 3025 4961 ι
3061 4910 3162 4963 οὐκ
3190 4910 3543 4981 ἀνθρωπίνοις
3568 4906 3689 4970 λογι-

2137 5004 2315 5072 σμοῖς,
2344 5002 2458 5056 ἀλλ’
2483 5021 2502 5053 ι
2532 5004 2589 5055 ἐν
2611 5003 2802 5073 Κυρίῳ
2837 5003 3033 5074 Ἰησοῦ,
3066 5023 3086 5057 ι
3111 5006 3380 5069 τουτέστι,
3399 5000 3524 5072 παρ’
3549 4994 3688 5053 αύτοῦ

2141 5092 2353 5166 μαθὼν,
2391 5095 2486 5148 καὶ
2526 5095 2735 5148 ἐκεῖθεν
2761 5096 3223 5167 πληροφορηθεὶς,
3265 5115 3284 5149 ι
3325 5098 3406 5150 ὅτι
3429 5094 3571 5148 οὐδὲν
3600 5105 3691 5142 κοι-

2139 5187 2230 5240 νὸν
2269 5187 2337 5240 δι’
2369 5186 2564 5240 ἐαυτοῦ
2594 5204 2605 5218 '
2651 5206 2670 5240 ι
2709 5190 2975 5254 τουτέστι,
3026 5192 3092 5261 τῇ
3133 5188 3331 5243 ἐαυτοῦ
3368 5188 3522 5257 φύσει
3561 5181 3690 5235 οὐδὲν

2143 5279 2476 5352 ἀκάθαρτον,
2508 5280 2646 5334 ἀλλά
2693 5281 2799 5334 ἀπὸ
2838 5281 2938 5353 τῆς
2975 5283 3353 5353 προαιρέσεως
3391 5280 3584 5350 γίνεται
3610 5270 3688 5326 τοῦ

2149 5373 2445 5442 μετιόντος.
2505 5373 2728 5445 Ἐκείνῳ
2771 5370 2864 5429 οῦν
2910 5373 3057 5447 μόνῳ
3105 5375 3222 5429 ἐστὶ
3273 5376 3368 5429 καὶ
3417 5369 3579 5426 κοινὸν
3609 5362 3723 5420 καῖ’

2145 5467 2476 5538 ἀκάθαρτον,
2507 5467 2599 5521 καὶ
2623 5467 2684 5521 οὐ
2723 5467 2905 5522 πᾶσιν.

1791 5742 1994 5802 Variae
2027 5739 2357 5804 lectiones.

532 5847 578 5880 ⁸⁵
606 5846 758 5909 δίκας
810 5859 862 5900 0.
939 5843 986 5876 ⁸⁸
1017 5843 1220 5898 τέλειον
1268 5861 1338 5899 ιιι.
