3874 6594
249 429 366 494 529
1046 433 1456 497 EXPOSITIO
1494 435 1577 497 IN
1616 435 1857 497 EPIST.
1896 435 1997 497 AD
2028 433 2211 496 ROM.
2254 461 2324 470 —
2351 436 2511 496 CAP.
2545 435 2704 497 XIV.
3419 434 3524 499 530

328 560 349 594 ι
398 543 468 596 Εἰ
507 544 558 596 δὲ
583 544 672 598 διὰ
701 543 900 617 βρῶμα
921 545 949 599 ό
977 546 1207 618 ἀδελφός
1233 565 1327 602 σου
1358 549 1631 612 λυπεῖται,
1666 550 1843 603 οὐκέτι

2027 549 2190 606 Vsus.
2225 549 2310 605 15.
2353 567 2372 602 ι
2419 550 2572 618 Quod
2615 551 2662 605 si
2700 559 2917 622 propter
2960 550 3140 606 cibum
3191 550 3361 606 frater
3403 560 3526 606 tuus

242 654 319 692 κα
332 637 378 690 τ’
399 638 634 710 ἀγάπην
667 643 1011 710 περιπατεῖς.
1053 659 1071 694 ι
1110 642 1258 712 Πρὸς
1286 643 1378 696 τὸν
1403 643 1738 715 τελειότερον
1766 646 1843 698 ἐν-

1958 643 2329 708 contristatur,
2357 643 2465 710 jam
2511 657 2618 697 non
2647 645 2940 699 secundum
2979 646 3301 700 charltatem
3333 644 3528 700 ambu-

238 727 432 783 ταῦθα
470 731 800 799 διαλέγεται,
851 733 1144 798 διδάσκων,
1187 737 1270 788 ὅτι
1317 735 1419 789 κᾶν
1456 736 1717 806 μυριάκις
1751 737 1843 791 οὐκ

1958 731 2056 786 Ias.
2099 751 2118 784 ι
2148 732 2230 786 Ad
2279 731 2654 801 perfectiorem
2711 735 2947 807 loquitur
2977 735 3338 802 liic,-doeens
3383 735 3528 804 quod

237 813 348 874 ὦσι
370 823 449 875 τὰ
487 823 754 895 βρώματα
783 826 1070 896 ἀκάθαρτα
1104 827 1286 893 φύσει,
1321 828 1381 880 σὲ
1409 827 1542 896 γοῦν
1566 829 1715 899 ὅμως
1744 829 1843 881 ἔδει

1958 823 2167 878 etiamsi
2187 823 2366 877 decies
2389 823 2582 878 millies
2602 824 2707 879 cibi
2740 839 2834 894 per
2851 841 2909 880 se
2941 826 3135 896 impuri
3165 843 3270 880 non
3304 827 3526 893 fuerint,

238 914 566 986 ἀπέχεσθαι
610 917 718 970 τῶν
758 918 1031 989 χοιρείων,
1061 921 1176 987 εἴγε
1222 919 1322 989 τὴν
1365 919 1586 989 ἀγάπην
1628 919 1843 990 ἔμελλες

1958 913 2038 968 vel
2094 915 2172 970 sic
2231 923 2407 969 tamen
2462 929 2490 968 a
2536 915 2757 985 porcina
2805 932 2965 971 carne
3002 917 3095 972 tibi
3151 917 3528 972 abstinendum

238 1006 574 1074 φυλάττειν,
599 1009 675 1073 ὡς
721 1010 787 1063 ἂν
828 1010 902 1081 μὴ
945 1010 1185 1081 λυπῆται
1213 1014 1240 1065 ὁ
1278 1011 1508 1082 ἀδελφός
1558 1029 1653 1064 σου
1691 1028 1843 1066 σκαν-

1958 1011 2094 1069 crat,
2130 1019 2199 1058 ne
2239 1004 2413 1058 frater
2443 1014 2562 1058 tuus
2592 1005 2917 1071 offendatur,
2947 1007 2990 1061 si
3024 1008 3184 1063 modo
3209 1008 3526 1064 charitatem

234 1099 632 1172 δαλιζόμενος.
675 1101 958 1174 Ἐπιφέρει
988 1103 1044 1156 δὲ
1075 1103 1204 1172 ἑξῆς
1231 1119 1246 1134 ⁸

1958 1112 2277 1152 conservare
2307 1098 2460 1154 velis.
2484 1096 2649 1151 Infert
2679 1107 2857 1152 autem
2887 1110 2939 1154 et
2971 1099 3224 1170 deinceps
3258 1116 3272 1152 :

317 1212 336 1245 ι
362 1193 465 1264 Μὴ
502 1193 580 1264 τῷ
621 1193 872 1265 βρώματί
919 1212 1011 1248 σου
1063 1197 1270 1249 ἐκεῖνον
1320 1195 1575 1262 ἀπόλλυε,
1607 1195 1746 1266 ὑπὲρ
1791 1189 1843 1250 οἶ

2033 1207 2051 1240 ι
2096 1187 2215 1243 Νοιὶ
2247 1189 2370 1243 cibo
2417 1196 2510 1241 tuo
2545 1185 2692 1240 illum
2725 1188 2974 1258 perdere,
3013 1203 3110 1258 pro
3141 1203 3247 1258 quo
3275 1187 3530 1243 Christus

234 1285 489 1354 Χριστὸς
523 1285 789 1341 ἀπέθανε.
830 1307 847 1340 ι
871 1289 970 1340 Διὰ
1000 1289 1061 1341 τὸ
1093 1289 1313 1360 βρῶμα,
1347 1289 1531 1360 φησὶν,
1568 1288 1843 1351 ἀπολλύεις

1958 1288 2201 1335 mortuus
2251 1289 2354 1334 est.
2413 1300 2432 1334 ι
2484 1280 2714 1350 Propter
2763 1281 2968 1344 cibum,
3021 1279 3218 1349 inquit,
3259 1281 3437 1349 perdis
3479 1288 3534 1334 ct

237 1377 336 1429 καὶ
383 1379 733 1452 ἀνατρέπεις
777 1381 866 1433 τὸν
897 1381 1148 1451 ἀδελφὸν,
1189 1382 1280 1434 τὸν
1309 1381 1456 1434 οὕτω
1483 1380 1843 1452 περισπούδα-

1958 1371 2226 1427 subvertis
2256 1372 2500 1438 fratrem,
2529 1389 2687 1444 quem
2719 1373 2854 1426 tanti
2883 1371 3137 1426 Christus
3169 1369 3315 1436 fecit,
3353 1379 3410 1424 ut
3434 1387 3532 1441 pro

237 1486 368 1521 στον
426 1469 569 1524 δντα
629 1472 872 1544 Χριστῷ,
925 1473 1068 1526 ὥστε
1122 1473 1260 1545 ὑπὲρ
1313 1473 1478 1528 αὑτοῦ
1533 1473 1843 1528 ἀποθανεῖν.

1958 1464 2074 1534 ipso
2096 1474 2318 1520 mortem
2343 1467 2494 1522 obire
2523 1467 2772 1537 dignatus
2790 1467 2882 1521 sit.
2906 1463 3358 1520 Animadvertens
3387 1465 3530 1519 enim

252 1563 438 1632 Ὁρῶν
467 1565 588 1635 γάρ
620 1583 679 1619 σε
712 1567 962 1621 ἐσθίοντα
985 1567 1051 1620 τά
1073 1567 1316 1639 χοίρεια,
1343 1569 1486 1622 κατὰ
1521 1567 1843 1636 φιλονεικίαι

1958 1569 2009 1614 te
2035 1575 2098 1614 ex
2123 1563 2460 1631 oppositione
2483 1578 2608 1633 erga
2636 1562 2782 1616 illum
2814 1563 3091 1631 porcinam
3124 1576 3339 1615 carnem
3382 1576 3534 1614 man-

235 1655 340 1723 τὴν
370 1656 524 1725 πρὸς
565 1658 791 1722 ἐκεῖνον,
821 1659 1294 1733 ὲνστατικὼτερος
1327 1661 1558 1728 γίνεται,
1593 1660 1685 1712 καὶ
1712 1659 1843 1713 οὖτα

1958 1653 2175 1716 ducare,
2218 1653 2552 1720 pertinacior
2592 1652 2856 1717 redditur,
2899 1653 3142 1722 adeoque
3196 1650 3537 1720 periclitatur

237 1743 601 1800 κινδυνεύσει
637 1749 880 1813 ἀποστὰς
913 1751 1187 1820 Χριστοῦ,
1220 1751 1298 1822 τῷ
1339 1751 1488 1823 νόμῳ
1529 1750 1648 1814 ὅλος
1683 1767 1843 1822 προσ-

1958 1756 2072 1796 nea
2094 1740 2310 1797 Christo
2334 1741 2614 1807 deficiens,
2636 1741 2874 1813 scselegi
2906 1741 3118 1797 tandem
3145 1750 3311 1795 totum
3359 1740 3537 1794 tradat

234 1839 519 1908 ηλῶσθαι.

1958 1842 2265 1913 affigatqite.

310 1949 331 1982 ι
372 1933 469 2003 Μὴ
501 1934 942 2005 βλασφημείσθω
969 1929 1061 1989 οὖν
1099 1935 1252 2006 ὑμῶν
1283 1935 1344 1989 τὸ
1373 1935 1598 2004 ἀγαθόν.
1638 1955 1657 1988 ι
1686 1937 1843 1990 Τουτ-

2027 1933 2190 1989 Vens.
2222 1933 2309 1988 16.
2347 1954 2366 1987 ι
2407 1933 2484 1990 Ne
2513 1935 2916 2005 blasplicmetur
2950 1938 3132 2007 itaque
3166 1945 3401 1991 vestrum
3433 1935 3534 1989 bo-

231 2020 372 2084 ἐστι,
425 2025 507 2077 Σὺ
545 2025 863 2095 τελειότητα
890 2026 1032 2096 ἔχεις
1071 2028 1130 2080 ὲν
1167 2029 1234 2099 τῇ
1266 2028 1448 2080 πίστει
1480 2027 1708 2099 (ταύτην
1740 2028 1843 2100 γὰρ

1958 2039 2105 2077 num.
2139 2042 2158 2076 ι
2194 2024 2246 2078 Id
2278 2035 2380 2088 est,
2433 2036 2486 2079 tu
2518 2026 2687 2081 habes
2715 2028 3096 2095 perfectionem
3125 2028 3178 2081 in
3216 2028 3318 2081 fide
3369 2026 3534 2097 (hanc

231 2114 508 2184 ὀνομάζει
540 2115 820 2187 ἀγαθόν)⁶
857 2119 932 2187 μὴ
965 2113 1057 2170 οὗν
1090 2117 1208 2190 χρῶ
1249 2118 1435 2181 κακῶς
1458 2121 1524 2190 τῇ
1551 2119 1843 2190 τελειότητι

1958 2115 2092 2168 enim
2143 2115 2342 2169 bonum
2378 2117 2663 2188 nominat).
2695 2117 2771 2174 Ne
2805 2120 2970 2190 igitur
2998 2119 3223 2174 abutere
3258 2119 3358 2171 hac
3397 2132 3535 2186 ρετ·

235 2221 354 2266 σου,
394 2206 549 2276 μηδὲ
579 2207 721 2260 ποίει
758 2207 962 2278 ταύτην
989 2207 1451 2278 βλασφημεῖσθαι.
1495 2207 1622 2261 Ἐὰν
1643 2207 1752 2278 γὰρ
1787 2207 1843 2262 σὺ

1958 2205 2184 2262 fcetioue
2224 2218 2335 2273 tua,
2366 2223 2540 2279 neque
2571 2210 2622 2263 in
2662 2225 2826 2264 causa
2858 2222 2976 2265 esto
3003 2227 3099 2266 cur
3131 2211 3537 2280 blusphemetur

233 2299 344 2352 ἀπὸ
375 2299 478 2352 τοῦ
513 2301 727 2364 τέλειος
761 2297 920 2366 εἶναι,
953 2303 1274 2375 διαφθείρῃς
1306 2302 1394 2356 τὸν
1436 2303 1624 2372 ἀτελῆ,
1661 2305 1843 2372 εποίη-

1958 2297 2033 2352 vel
2077 2299 2430 2370 vituperetur.
2484 2300 2541 2356 Si
2573 2302 2715 2356 enim
2744 2317 2808 2356 ex
2841 2302 3170 2371 perfectione
3214 2312 3301 2356 tua
3335 2300 3532 2370 imper-

234 2407 334 2453 σας
384 2391 796 2446 διαϐάλλεσθαι
855 2397 916 2446 τὸ
966 2395 1174 2462 ἀγαθὸν
1227 2395 1254 2447 ὃ
1305 2391 1468 2466 εἶχες.
1510 2395 1744 2466 Νοήσεις
1793 2395 1850 2448 δὲ

233 2485 470 2552 ἀγαθὸν,
501 2488 608 2541 καὶ
651 2487 710 2540 τδ
735 2488 910 2556 δόγμα
946 2489 1129 2558 ἡμῶν,
1159 2488 1186 2541 ὃ
1219 2489 1278 2542 ού
1327 2488 1576 2560 βούλεται
1607 2489 1851 2560 βλασφη-

234 2579 466 2648 μεῖσθαι
505 2579 667 2650 παρὰ
699 2581 810 2634 τῶν
853 2565 1124 2646 ἀπίστων,
1151 2581 1405 2652 ὁρώντων
1450 2581 1520 2635 τὰ
1551 2582 1848 2652 σχίσματα,

234 2671 329 2724 καὶ
358 2671 431 2725 τὰ
462 2672 751 2726 σκάνδαλα
782 2671 850 2726 τὰ
895 2674 1026 2746 περὶ
1054 2675 1162 2727 τῶν
1193 2674 1522 2745 βρωμάτων.

310 2875 329 2907 ι
369 2854 450 2909 υύ
486 2854 608 2922 γάρ
644 2857 792 2908 ἐστιν
835 2857 866 2924 ἠ
914 2855 1161 2926 βασιλεία
1205 2855 1298 2908 τοῦ
1348 2854 1484 2909 Θεοῦ
1519 2855 1724 2927 βρῶσις
1756 2859 1849 2912 καὶ

235 2949 417 3011 πόσις.
467 2967 487 3000 ι
541 2947 637 3016 Μὴ
665 2946 775 3017 γὰρ
809 2947 918 3000 ἀπὸ
951 2946 1156 3000 τούτων
1180 2947 1606 3017 εύδοκιμοῦμεν·
1641 2949 1716 3018 μὴ
1743 2949 1850 3020 γὰρ

234 3039 328 3090 ἐὰν
383 3040 614 3109 φάγῃς,
652 3039 806 3106 φησι,
862 3038 1021 3091 τοῦτό
1061 3055 1120 3091 σε
1167 3039 1245 3100 εἰς
1287 3037 1566 3108 βασιλείαν
1617 3037 1846 3108 εἰσάγει.

235 3132 542 3201 ὐιασύρων
583 3131 640 3184 δὲ
674 3131 868 3194 αὐτοὺς
900 3131 974 3194 ὡς
1006 3131 1283 3184 ἐπὶτοῦτο
1315 3131 1458 3202 μέγα
1493 3130 1849 3202 φρονοῦντας,

233 3225 567 3294 προσέθηκε
605 3226 699 3277 καὶ
735 3225 914 3277 πόσιν.

311 3337 330 3369 ι
400 3318 579 3372 Ἃ).λά
634 3316 972 3383 δικαιοσύνη,
1014 3316 1109 3370 καί
1165 3317 1381 3387 εἰρήνη,
1447 3317 1544 3369 καλ
1598 3317 1741 3388 χαρὰ
1787 3319 1843 3372 ὲν

238 3410 530 3481 Πνεύματι
581 3409 751 3479 ἁγίῳ.
788 3427 807 3461 ι
844 3410 938 3472 Εἰς
987 3410 1086 3479 τὴν
1121 3407 1400 3478 βασιλείαν
1431 3407 1523 3462 τοῦ
1558 3409 1694 3462 Θεοῦ
1727 3411 1841 3462 εἰσ-

242 3504 366 3569 ἀγει
419 3505 454 3574 ὴ
501 3501 828 3570 δικαιοσύνη
853 3541 866 3564 ,
899 3501 1202 3566 τουτέστιν,
1243 3503 1276 3571 ὴ
1329 3501 1556 3555 καθόλου
1592 3501 1781 3573 ἀρετὴ,
1815 3505 1844 3556 ὁ

237 3597 544 3666 ἄμεμπτος
581 3594 720 3665 βίος,
751 3595 845 3648 καὶ
882 3595 1076 3665 εἰρήνη
1113 3593 1248 3664 πρὸς
1280 3594 1371 3646 τὸν
1405 3594 1652 3662 ἀδελφδν,
1679 3596 1778 3664 οὐχ
1810 3597 1842 3665 ἡ

239 3686 559 3754 φιλονεικία
583 3701 600 3717 ⁸
634 3686 730 3738 καὶ
755 3686 788 3754 ἠ
822 3683 968 3754 χαρὰ
996 3687 1058 3737 ὲκ
1089 3685 1187 3753 τῆς
1218 3685 1488 3754 ὁμονοίας,
1517 3686 1614 3756 οὺχ
1641 3688 1672 3755 ἡ
1697 3685 1841 3754 λύπη

239 3779 272 3846 ἡ
295 3779 358 3829 ὲκ
373 3779 480 3846 τῆς
510 3776 888 3846 ὲπιπλήξεως.
924 3775 1076 3828 Ἐπεὶ
1105 3777 1161 3830 δέ
1184 3777 1330 3830 ἐστιν
1353 3779 1542 3848 εἰρήνη
1573 3779 1665 3831 καὶ
1699 3779 1845 3848 χαρὰ

175 3906 189 3914 ι
241 3872 330 3923 καὶ
356 3870 452 3922 ἐπὶ
493 3869 758 3939 πονηρῶν
781 3867 1142 3938 πραγμάτων,
1174 3869 1481 3938 ἐπήγαγεν·
1526 3888 1544 3920 ι
1576 3871 1632 3922 ὲν
1671 3869 1844 3922 Πνεύ-

245 3978 372 4029 ματι
397 3962 578 4028 ἁγίῳ.
613 3978 633 4012 ι
669 3961 807 4029 Περὶ
833 3961 938 4032 γὰρ
965 3963 1060 4030 τῆς
1085 3961 1142 4014 ὲν
1169 3961 1444 4030 Πνεύματι
1463 3961 1603 4031 ἁγίῳ
1628 3962 1846 4032 εἰρήνης

243 4056 333 4108 καὶ
363 4059 577 4126 χαρᾶς,
619 4057 774 4126 φησὶ,
805 4056 968 4123 λέγω,
1015 4056 1354 4127 Ἐξηγήσατο
1387 4057 1443 4110 δὲ
1488 4058 1579 4112 καὶ
1616 4058 1846 4128 βαθύτε-

245 4166 335 4216 ρον
362 4153 390 4203 ὁ
427 4151 751 4220 πάμμεγας
775 4150 1181 4221 Χρυσόστομος,
1210 4149 1353 4213 τίνος
1379 4150 1565 4203 ἕνεκεν
1599 4151 1844 4222 ἐμνήσθη

242 4243 269 4293 ό
308 4241 534 4306 Παῦλος
573 4243 676 4310 τῆς
717 4241 1087 4312 δικαιοσύνης.
1132 4243 1247 4296 Ἵνα
1297 4243 1404 4311 γὰρ
1448 4243 1619 4315 δείξῃ,
1659 4247 1844 4314 φησιν,

243 4335 322 4386 ὅτι
357 4338 385 4387 ὁ
420 4336 504 4404 μὴ
540 4335 888 4405 ἀπεχόμενος
922 4335 1033 4388 τῶν
1068 4334 1340 4404 χοιρείων,
1370 4335 1545 4390 ἀδικεῖ
1572 4336 1661 4390 τὸν
1693 4336 1845 4390 ἀδελ-

244 4429 339 4493 φδν
380 4425 526 4497 περὶ
558 4424 661 4496 τὴν
711 4429 984 4499 σωτηρίαν
1020 4427 1210 4498 αὐτὴν,
1246 4427 1312 4498 ἢν
1341 4430 1368 4481 ὁ
1410 4429 1644 4499 Χριστὸς
1671 4429 1846 4484 θανὼν

244 4520 392 4590 αύτῷ
425 4519 896 4590 περιεποιήσατο.
926 4520 1089 4572 Ὥστε
1123 4521 1185 4572 ὲκ
1218 4521 1554 4587 τούναντίου,
1587 4523 1614 4574 ὁ
1642 4523 1846 4593 ἀπεχό-

1955 2391 2150 2445 fectum
2181 2393 2383 2461 perdis,
2411 2409 2599 2449 ansam
2627 2395 2900 2464 pricbuisti
2935 2395 3091 2465 103
3119 2393 3533 2457 criminationis,

1953 2497 2056 2552 qua
2097 2484 2514 2539 malediceretur
2547 2487 2686 2541 bono
2714 2486 2856 2556 quod
2895 2485 3150 2541 habebas.
3197 2485 3401 2538 Bonum
3437 2500 3537 2538 au-

1955 2584 2060 2628 tem
2103 2575 2369 2645 intelliges
2437 2579 2734 2634 doctrinam
2781 2588 3047 2644 nostram,
3089 2592 3248 2647 quam
3288 2593 3392 2632 non
3427 2576 3537 2629 vult

1953 2668 2246 2723 infidelium
2296 2671 2584 2726 calumnia:
2642 2672 2927 2725 obnoxiam
2981 2687 3118 2735 esse,
3176 2671 3302 2725 dum
3353 2671 3536 2724 vident

1952 2759 2206 2814 scandala
2242 2767 2403 2830 atque
2425 2762 2647 2816 dissidia
2683 2763 2925 2816 ciborum
2959 2761 3195 2816 nomine.

2022 2850 2190 2906 Vens.
2229 2853 2316 2908 i7.
2370 2873 2388 2905 ι
2429 2851 2546 2908 Non
2578 2853 2721 2908 enim
2768 2863 2850 2908 est
2887 2868 3108 2924 regnum
3164 2851 3256 2906 Dei
3285 2851 3436 2906 cibus
3483 2861 3536 2904 et

1952 2955 2129 3014 potus.
2172 2963 2190 2996 ›
2225 2945 2338 2999 Non
2368 2947 2512 3000 enim
2544 2947 2612 3001 ob
2647 2947 2759 3000 hcce
2805 2947 3096 3016 probamur
3132 2948 3210 2999 vel
3253 2945 3388 3014 grati
3441 2958 3536 2996 su—

1955 3055 2073 3092 mus
2111 3038 2242 3093 Deo.
2275 3037 2394 3093 Non
2443 3040 2586 3092 enim
2628 3041 2673 3094 si
2721 3040 2877 3105 edas,
2938 3039 3135 3108 inquit,
3192 3037 3330 3091 istud
3378 3048 3428 3091 te
3481 3037 3534 3090 in

1953 3147 2177 3200 regnum
2218 3131 2482 3185 caelorum
2526 3132 2838 3186 introducit.
2879 3133 3120 3201 Carprus
3157 3141 3335 3184 autem
3366 3131 3534 3198 ipsos,

1955 3237 2051 3276 ceu
2086 3232 2370 3292 propterea
2404 3223 2636 3287 inﬂatos,
2665 3225 2859 3294 adjecit
2886 3235 2938 3279 et
2972 3233 3178 3293 potum.

2028 3335 2047 3367 ι
2100 3317 2204 3371 Sed
2252 3317 2476 3386 [juSIitia
2537 3326 2590 3372 et
2646 3333 2749 3386 pax
2800 3327 2854 3371 et
2909 3317 3160 3388 gaudium
3220 3317 3271 3370 in
3326 3315 3530 3385 Spiritu

1947 3420 2154 3464 sani-tu.
2187 3429 2205 3461 ι
2242 3409 2296 3463 lu
2328 3426 2548 3481 regnum
2580 3410 2670 3465 Dei
2702 3409 3250 3479 introducitjustitia,
3279 3409 3381 3462 hoc
3413 3418 3516 3473 est,

1951 3502 2122 3556 virtus
2152 3505 2428 3570 universa,
2455 3504 2723 3572 inculpata
2749 3503 2879 3567 vita,
2923 3513 2978 3555 et
3008 3519 3108 3571 pax
3132 3517 3259 3571 erga
3289 3502 3533 3563 fratrem,

1951 3613 2055 3650 non
2081 3598 2378 3663 contentio,
2437 3606 2488 3651 et
2518 3596 2772 3666 gaudium
2806 3611 2870 3650 ex
2913 3595 3226 3660 concordia,
3261 3611 3365 3648 nou
3402 3609 3539 3648 ma:-

1951 3702 2039 3740 rcr
2065 3702 2127 3739 ex
2167 3687 2562 3753 increpatione.
2601 3684 2735 3750 Quia
2768 3701 2894 3738 vero
2925 3685 3178 3754 gaudium
3225 3696 3276 3738 et
3312 3701 3413 3752 pax
3454 3696 3538 3738 est

1949 3780 2110 3831 etiam
2161 3780 2213 3832 in
2281 3778 2438 3832 malis
2499 3779 2680 3841 rebus,
2743 3778 3028 3831 subiutulit
3077 3797 3089 3832 :
3141 3795 3158 3827 ι
3216 3776 3270 3830 in
3331 3777 3533 3846 Spiritu

1950 3878 2158 3924 sancto.
2203 3890 2220 3920 ι
2253 3868 2326 3922 De
2349 3869 2544 3938 gaudio
2567 3870 2708 3924 enim
2742 3879 2796 3922 et
2825 3884 2954 3937 pare
2983 3884 3100 3938 qum
3124 3878 3209 3924 est
3243 3869 3294 3922 in
3328 3867 3533 3937 Spiritu

1953 3974 2162 4026 saneto,
2193 3961 2387 4032 inquit,
2428 3961 2588 4014 verba
2623 3961 2712 4015 hic
2756 3960 2914 4014 facio.
2963 3960 3139 4014 Altius
3185 3958 3533 4016 hunclocum

1957 4052 2344 4121 interpretatus
2387 4060 2467 4106 est
2505 4052 2660 4120 plane
2713 4067 2937 4121 magnus
2972 4051 3060 4105 ille
3089 4051 3535 4122 Chrysostomus,

1953 4161 2120 4214 quare
2171 4145 2424 4199 videlicet
2465 4145 2618 4198 divus
2672 4144 2872 4199 Paulus
2916 4144 3143 4212 justitim
3203 4141 3532 4197 meminerit.

1956 4238 2024 4292 Ut
2055 4237 2196 4292 enim
2255 4246 2607 4300 meustrarel,
2653 4237 2850 4306 inquit,
2901 4252 3021 4291 eum
3055 4236 3145 4305 qui
3179 4235 3333 4290 suilla
3373 4249 3538 4288 carne

1956 4345 2058 4383 non
2111 4331 2405 4396 abstineat,
2449 4345 2568 4386 esse
2607 4330 2865 4399 iniurium
2905 4329 3170 4384 adversus
3223 4329 3444 4381 fratrem
3478 4325 3529 4379 in

1955 4423 2118 4477 rebus
2149 4424 2363 4490 salutis,
2401 4439 2560 4492 quam
2591 4423 2638 4476 ei
2679 4423 2929 4476 Christus
2965 4438 3064 4476 sua
3102 4429 3270 4474 morte
3303 4420 3510 4488 peperit

1955 4514 2135 4580 Quare
2169 4530 2199 4569 e
2245 4517 2482 4580 diverso,
2515 4518 2606 4586 qui
2643 4529 2864 4586 propter
2901 4517 3120 4570 fratrem
3153 4515 3407 4578 abstinet,
3447 4512 3546 4581 ju-~

248 4629 407 4679 μενος
444 4612 546 4666 διὰ
601 4611 694 4663 τὸν
741 4611 990 4680 ἀδελφὺν,
1037 4613 1136 4683 τὴν
1190 4611 1539 4684 δικαιοσύνην
1581 4614 1843 4684 μέτεισιν,

1958 4609 2159 4663 stitiam
2190 4610 2300 4664 adit
2328 4620 2380 4666 et
2411 4612 2776 4680 persequitur,
2815 4625 2936 4680 qua:
2966 4609 3349 4665 subministrat
3379 4617 3535 4661 arter-

245 4707 364 4775 ἧτις
405 4705 679 4778 προξενεῖ
709 4705 810 4775 τὴν
843 4705 1139 4774 βασιλείαν.

315 4817 336 4850 ι
389 4800 448 4853 ’0
477 4800 598 4868 γὰρ
629 4797 918 4861 ὲντούτοις
959 4798 1226 4851 δουλεύων
1258 4799 1337 4870 τῷ
1369 4799 1612 4870 Χριστῷ,
1647 4800 1846 4870 εὐάρε-

205 4935 218 4956 ,
249 4906 370 4955 στος
396 4885 480 4962 τῷ
519 4889 663 4960 θεῷ,
693 4891 788 4942 καὶ
819 4889 1041 4960 δόκιμος
1085 4893 1200 4952 τοῖς
1231 4891 1558 4960 ἀνθρώποις.
1605 4913 1623 4944 ι
1669 4893 1850 4945 Αἰνίτ-

245 5001 396 5038 τεται
435 4981 706 5045 ἐνταῦθα,
754 4983 838 5035 ὅτι
891 4982 1000 5035 ἀπὸ
1047 4981 1356 5047 κενοδοξίας
1412 4985 1694 5053 ἐπετίμων
1735 4986 1848 5046 τοῖς

247 5075 672 5143 ἀσθενεστέροις
692 5075 742 5126 οἱ
765 5074 1090 5143 τελειότεροι
1113 5092 1126 5106 ο
1159 5079 1253 5130 καί
1277 5093 1460 5145 φησιν,
1485 5078 1565 5128 ὅτι
1588 5077 1649 5128 Ei
1675 5076 1847 5141 θέλεις

250 5167 647 5238 θαυμασθῆναι
700 5169 811 5230 τοῖς
850 5163 1180 5238 ἁνθρὼποίς,
1212 5171 1273 5222 οὐ
1312 5169 1567 5223 τοσοῦτον
1606 5168 1714 5222 ἀπὸ
1751 5171 1846 5239 τῆς

249 5258 614 5327 τελειότητος,
657 5259 781 5311 ὅσον
819 5257 927 5313 ἀπὸ
959 5259 1060 5328 τῆς
1100 5260 1323 5330 εἰρήνης
1365 5262 1458 5314 καὶ
1513 5261 1622 5313 τῶν
1671 5261 1846 5316 ἄλλων

252 5347 641 5420 θαυμασθήσῃ.
688 5350 774 5402 Ἐν
821 5349 1033 5413 τούτοις
1067 5350 1174 5421 γὰρ
1221 5351 1334 5404 ἔστι
1382 5355 1476 5406 καὶ
1521 5353 1596 5422 τῷ
1625 5353 1844 5424 Χριστῷ

251 5439 551 5504 δουλεύειν,
585 5441 680 5493 καὶ
719 5442 1037 5512 εὐαρεστεῖν
1088 5441 1165 5513 τῷ
1196 5443 1336 5513 Θεῷ,
1389 5445 1491 5496 οὐκ
1543 5446 1599 5497 ὲν
1657 5443 1734 5515 τῷ
1776 5445 1845 5497 τὰ

253 5535 464 5606 χοίρεια
497 5535 699 5590 ἐσθίειν
737 5537 1069 5607 ἀδιαφόρως.

331 5647 350 5678 ι
414 5629 563 5697 Ἀρα
594 5627 686 5681 οὖν
716 5629 786 5681 τὰ
814 5633 910 5699 τῆς
943 5632 1168 5702 εἰρήνης
1197 5631 1502 5702 διώκωμεν,
1529 5634 1622 5686 καὶ
1649 5632 1715 5685 τὰ
1744 5633 1844 5702 τῆς

255 5720 547 5791 οἰκοδομῆς
568 5723 668 5792 τῆς
698 5723 776 5784 εἰς
807 5723 1088 5795 ἀλλήλους.
1117 5743 1135 5775 ι
1164 5757 1231 5766 -
1253 5747 1270 5776 ι
1295 5726 1374 5778 Tit
1401 5728 1498 5794 τῆς
1531 5726 1774 5796 εἰρήνης,
1817 5745 1834 5776 ι

258 5809 401 5880 εἷπε,
446 5814 583 5884 πρὸς
613 5815 704 5869 τὸν
751 5816 1141 5888 ἀτελέστερονο
1190 5821 1395 5880 ἐκεῖνος
1441 5819 1546 5892 γὰρ
1594 5815 1660 5890 ἧν
1709 5821 1736 5872 ὁ
1766 5819 1840 5889 μὴ

261 5909 579 5982 εἰρηνεύων.
625 5927 646 5963 ι
684 5910 766 5964 Τὰ
801 5911 898 5984 τῆς
927 5912 1234 5985 οἰκοδομῆς,
1273 5932 1290 5964 ι
1332 5911 1463 5981 πρὶς
1495 5912 1584 5967 τὸν
1631 5911 1836 5966 τελειό-

1952 4717 2079 4754 num
2115 4718 2361 4772 regnum.

1982 4775 2189 4850 'vsns.
2231 4797 2318 4851 is.
2360 4814 2378 4848 ‹
2426 4797 2526 4862 Qui
2574 4797 2716 4850 enim
2777 4777 2828 4850 ἰιι
2883 4797 2968 4852 his
3013 4795 3237 4851 inservit
3294 4794 3553 4858 Christo,

1955 4887 2064 4942 Deo
2103 4889 2237 4943 bene
2294 4889 2488 4958 placet,
2537 4899 2594 4942 et
2633 4888 2940 4944 hominibus
2973 4891 3250 4959 probatur.
3285 4907 3303 4938 ι
3335 4887 3448 4941 Hoc
3480 4887 3531 4940 iu

1952 4983 2068 5037 loco
2102 4983 2402 5051 subinuuit,
2434 4983 2576 5053 quod
2624 4983 2658 5040 ii
2705 4985 2794 5052 qui
2833 4984 3191 5053 perfectiores
3219 4989 3396 5039 erant.
3432 4980 3533 5032 im-

1949 5075 2256 5130 becilliores
2281 5092 2346 5130 ex
2380 5077 2524 5130 inani
2548 5078 2717 5146 gloria
2745 5076 3123 5145 increpabant,
3149 5074 3228 5138 Si,
3256 5071 3528 5140 inquiens,

1950 5167 2260 5224 hominibus
2308 5168 2651 5223 admirationi
2700 5184 2820 5225 esse
2860 5169 3034 5237 cupis,
3071 5181 3173 5220 non
3219 5175 3426 5218 tantum
3461 5165 3532 5216 oh

1949 5259 2358 5330 perfectionem,
2392 5270 2649 5331 quantum
2681 5261 2746 5313 ob
2781 5275 2967 5328 pacem
3010 5267 3063 5311 et
3095 5257 3164 5310 ob
3193 5255 3325 5308 alias
3353 5254 3530 5307 virtu-

1954 5360 2054 5416 tes,
2089 5352 2500 5405 admirationem
2557 5352 2620 5406 de
2669 5359 2718 5403 le
2759 5349 3076 5404 concilabis.
3133 5345 3190 5400 lit
3247 5346 3330 5400 his
3381 5343 3527 5398 enim

1947 5445 2165 5500 Christe
2199 5445 2462 5500 inservire
2498 5445 2645 5506 licet,
2682 5443 2896 5510 Deoque
2929 5443 3164 5510 placere,
3203 5440 3295 5493 sed
3336 5454 3440 5492 non
3477 5438 3526 5490 in

1946 5537 2049 5590 hoc
2079 5537 2218 5605 quod
2261 5537 2479 5605 porcina
2505 5551 2668 5590 carne
2709 5532 3177 5589 iudiserimiuatini
3208 5531 3462 5586 vescaris.

2021 5631 2187 5684 Vens.
2227 5630 2314 5684 19.
2355 5648 2373 5680 ι
2413 5630 2598 5697 Itaque
2636 5644 2755 5696 qua:
2815 5625 2961 5696 pacis
3001 5634 3122 5678 sunt
3151 5633 3442 5688 sectemur,
3475 5634 3528 5675 et

1943 5738 2060 5795 quae
2075 5726 2138 5780 ad
2161 5733 2392 5776 mutuam
2412 5720 2844 5776 mdilicatiouem.
2867 5736 2985 5770 l—t
3016 5715 3148 5783 Qua:
3175 5716 3319 5786 pacis
3335 5725 3480 5779 sunt,
3503 5734 3523 5766 ι

1945 5819 2077 5874 dixit
2115 5819 2177 5870 ad
2231 5814 2684 5885 imperfectiorem
2713 5831 2726 5867 :
2760 5812 2805 5866 is
2835 5812 2976 5866 enim
3013 5827 3197 5880 paceni
3246 5811 3386 5865 haud
3415 5810 3521 5862 ha-

1945 5911 2125 5967 hcbat.
2163 5926 2179 5961 ι
2227 5909 2355 5975 ρων
2403 5907 2466 5962 ad
2505 5905 2942 5972 aedificationem,
2985 5923 3002 5955 ι
3040 5903 3104 5959 ad
3149 5902 3527 5976 perfectior-em
