3874 6586
1460 265 1495 273 ο.

347 389 371 425 ε

344 384 459 454 533

1134 388 1538 449 EXPOSITIO
1576 389 1659 453 IN
1707 388 1950 449 EPIST.
1991 388 2093 449 AD
2135 390 2321 455 ROM.
2345 415 2416 426 -
2453 391 2611 455 ΕΜ).
2644 390 2764 454 XV.

3495 383 3605 449 534

424 512 447 548 ι
493 494 583 566 Τῷ
622 494 679 548 δὲ
710 494 1004 569 δυναμένῳ
1042 496 1189 566 ὑμᾶς
1218 497 1475 569 στηρίξαι
1508 496 1649 555 κατά
1677 500 1737 552 τὸ
1763 498 1935 567 Εὐαγ-

2109 497 2272 553 V'sns.
2300 497 2487 557 ειι-εϋ.
2518 517 2537 551 ι
2572 498 2636 555 Ei
2673 508 2855 561 autem
2893 496 2985 569 qui
3021 505 3203 569 potest
3233 511 3327 553 ros
3363 499 3609 553 stabilire

339 585 528 656 γέλιόν
560 603 688 656 μου,
732 588 829 639 καὶ
865 585 927 639 τὸ
967 586 1228 659 κήρυγμα
1275 587 1450 660 Ἰησοῦ
1495 586 1753 659 Χριστοῦ,
1794 586 1935 645 κατά

339 677 696 746 ἀποκάλυψιν
740 678 1045 750 μυστηρίου
1096 679 1313 751 χρόνοις
1350 679 1589 742 αἰωνίοις
1639 681 1937 752 σεσιγημέ-

340 786 482 836 νοο,
534 770 938 841 φανερωθέντος
991 770 1049 824 δὲ
1116 770 1211 825 νῦν
1273 772 1365 825 διά
1420 788 1480 825 τε
1549 772 1784 842 Γραφῶν
1844 774 1938 826 καὶ

344 863 649 935 προφητῶν
670 863 740 928 ⁸⁸,
785 863 910 923 κατ’
964 864 1235 934 ἐπιταγὴν
1273 864 1367 918 τοῦ
1408 865 1626 918 αἰωνίου
1666 864 1823 932 Θεοῦ,
1858 867 1938 931 είς

346 957 600 1027 ὑπακοὴν
628 957 890 1023 πίστεως,
923 957 1005 1022 είς
1036 956 1215 1012 πάντα
1243 959 1313 1012 τὰ
1348 956 1481 1030 ἔθνη
1512 956 1934 1028 γνωρισθέντος,

348 1048 500 1127 μόνῳ
534 1048 684 1121 σοφῷ
713 1046 854 1119 Θεῷ,
885 1046 977 1102 διὰ
1033 1047 1209 1119 Ἰησοῦ
1259 1047 1525 1119 Χριστοῦ,
1558 1041 1602 1119 ᾧ
1632 1049 1666 1121 ἡ
1704 1047 1832 1115 δόξα
1859 1048 1939 1112 εἰς

339 1137 477 1197 τοὺς
521 1137 749 1202 αἰῶνας,
792 1137 990 1210 Ἀμήν.
1029 1156 1048 1190 ο
1078 1137 1234 1199 Μετὰ
1267 1137 1367 1209 τὴν
1400 1136 1724 1209 παραίνεσιν
1751 1136 1940 1190 εἴωθεν

342 1228 436 1282 ἀεὶ
461 1227 752 1299 εὔχεσθαι·
782 1227 811 1283 δ
854 1230 946 1291 καὶ
981 1228 1216 1285 ἐνταῦθα
1254 1231 1416 1297 ποιεῖ,
1449 1230 1588 1301 ὑπὲρ
1616 1227 1723 1284 τῶν
1747 1229 1940 1292 ἀτελε-

347 1321 561 1401 στέρων
606 1323 941 1397 εὐχόμενος·
997 1323 1090 1379 καὶ
1134 1323 1195 1376 οὐ
1251 1323 1413 1396 μόνον
1463 1323 1609 1395 λόγῳ
1647 1321 1937 1385 παιδεύων,

348 1415 491 1468 ἀλλὰ
523 1416 619 1469 καὶ
646 1418 745 1487 τὴν
776 1415 930 1487 παρά
963 1415 1101 1470 Θεοῦ
1134 1415 1454 1488 συμμαχίαν
1484 1417 1748 1485 εἰσάγων.
1800 1415 1864 1468 ἸΙ
1883 1415 1942 1469 δὲ

345 1507 645 1562 ἀκολουθία
683 1509 782 1578 τῆς
819 1508 1148 1574 συντάξεως,
1177 1508 1385 1564 τοιάδε·
1428 1507 1562 1580 ιΤῷ
1588 1508 1645 1562 δὲ
1660 1508 1943 1580 δυναμένῳ

348 1599 499 1671 ὑμᾶς
547 1601 798 1670 στηρίξαι
833 1601 923 1661 διὰ
963 1601 1141 1673 Ἰησοῦ
1177 1599 1442 1673 Χριστοῦ,
1467 1603 1521 1673 ,ἠ
1551 1600 1678 1669 δόξα
1707 1602 1788 1667 εἰς
1816 1602 1942 1666 τοὺς

350 1692 578 1756 αἰῶνας.
635 1693 827 1764 Ἀμήν.
863 1712 883 1746 ι
936 1692 1010 1748 Τὸ
1051 1693 1183 1766 γὰρ,
1218 1687 1285 1763 ᾧ,
1323 1692 1544 1766 ἄρθρον,
1579 1695 1645 1747 ἐκ
1676 1692 1941 1766 περισσοῦ

352 1787 555 1850 κεῖται,
595 1785 683 1843 διὰ
711 1785 773 1838 τὸ
802 1785 1010 1842 δεῖσθαι
1046 1786 1138 1841 τὸν
1190 1785 1348 1855 κότον
1388 1785 1789 1857 ἐπαναλήψεως
1832 1803 1940 1844 παι

2035 590 2334 647 secundnm
2389 591 2736 660 Evangelium
2795 606 2976 663 mepm
3054 598 3110 645 et
3167 591 3607 661 praedicationem

2036 680 2160 736 Jesu
2195 680 2414 746 Christi,
2442 681 2593 751 juxta
2624 681 3004 739 revelatinnem
3043 683 3310 753 mysterii,
3344 682 3611 752 tempori-

2038 773 2140 836 bus
2197 775 2416 835 aeternis
2474 774 2670 829 taciti:
2706 772 3038 829 manifestati
3093 785 3272 829 autem
3322 788 3468 828 nunc
3512 788 3612 843 per

2040 862 2353 934 Scripturas
2397 874 2452 920 et
2504 865 2816 935 prophetas.
2872 866 3023 933 juxta
3071 865 3382 921 mandatum
3421 862 3612 919 aeterni

2041 956 2158 1025 Dei,
2187 958 2253 1010 ad
2277 957 2640 1013 obedientiam
2668 957 2789 1019 fidei
2810 955 2864 1013 in
2887 970 3077 1011 omnes
3097 965 3286 1025 gentes
3314 954 3567 1024 patefacti
3594 969 3609 1006 :

2038 1048 2140 1125 soli
2175 1048 2404 1117 sapienti
2441 1048 2550 1103 Deo
2585 1063 2680 1118 per
2706 1045 2889 1105 Jesum
2924 1047 3223 1112 Christum,
3254 1047 3338 1100 cui
3366 1046 3533 1118 gloria
3558 1047 3613 1101 in

2037 1142 2257 1201 sweula.
2318 1141 2513 1195 Amen.
2577 1158 2595 1199 ι
2655 1139 2783 1195 Post
2841 1139 3273 1198 adhortationem
3330 1140 3615 1196 consuevit

2038 1249 2254 1303 semper
2286 1243 2467 1297 votum
2512 1242 2567 1286 et
2593 1232 2956 1301 precationem
2990 1233 3192 1291 addere
3231 1247 3247 1285 :
3274 1231 3416 1301 quod
3445 1239 3498 1284 et
3528 1231 3619 1284 hic

2040 1324 2193 1388 facit,
2226 1337 2323 1392 pro
2348 1321 2840 1391 imperfectioribus
2862 1322 3166 1392 deprecans
3194 1340 3208 1376 :
3237 1337 3339 1378 nec
3365 1336 3619 1377 sermone

2042 1425 2254 1479 tantum
2281 1416 2557 1479 erudiens,
2597 1414 2755 1493 105
2782 1430 2966 1473 verum
2994 1416 3158 1471 etiam
3188 1414 3431 1469 divinum
3460 1412 3618 1466 anxi-

2043 1508 2172 1562 lium
2204 1508 2501 1564 adducens.
2529 1508 2964 1567 Constructionis
2998 1518 3177 1563 autem
3206 1505 3517 1561 consecutio
3538 1516 3620 1558 est

2041 1597 2346 1667 huiusmodi
2386 1615 2402 1653 :
2438 1598 2502 1659 Et
2548 1599 2637 1668 qui
2674 1608 2852 1666 potest
2906 1613 3001 1657 vos
3049 1597 3244 1655 fulcire
3294 1612 3389 1666 per
3433 1594 3618 1651 Jesum

2041 1692 2339 1756 Christum,
2370 1690 2441 1751 sit
2482 1691 2655 1763 gloria
2698 1692 2749 1749 in
2777 1691 2991 1753 saecula.
3023 1691 3216 1749 Amen.
3245 1687 3404 1755 Nam,
3429 1682 3496 1756 ᾧ,
3535 1703 3625 1742 ar-

2046 1783 2271 1851 ticulus,
2307 1783 2359 1847 id
2397 1792 2498 1848 est,
2546 1782 2654 1848 cui,
2710 1782 3014 1847 redundat,
3046 1791 3354 1850 assumptus
3390 1779 3622 1839 scilicet,

354 1873 660 1944 ραληφθέν.
699 1874 790 1948 Τῷ
844 1875 1130 1949 δυναμένῳ
1177 1876 1324 1948 ὑμᾶς
1368 1877 1495 1942 τοὺς
1546 1875 1777 1944 ἀτελεῖς,
1815 1878 1942 1942 τοὺς

2055 1891 2108 1931 eo
2133 1876 2275 1946 quod
2323 1890 2502 1932 sermo
2540 1875 2915 1945 repetitionem
2951 1874 3273 1945 postulabat.
3308 1871 3366 1927 Ei
3404 1872 3495 1942 qui
3530 1887 3626 1940 po-

355 1965 754 2035 σαλευομένους
783 1968 1036 2040 στηρίξαι
1054 1984 1069 2000 ⁸
1103 1969 1222 2033 πῶς
1245 1986 1259 2036 ;
1302 1987 1321 2020 ι
1346 1970 1502 2024 Κατὰ
1523 1968 1585 2022 τὸ
1612 1969 1944 2040 Εὑαγγέλιόν

355 2074 481 2128 μου,
495 2076 516 2109 ι
543 2058 840 2125 τουτέστιν,
864 2059 982 2117 ἰνα
1000 2059 1264 2133 κατέχητε
1282 2060 1318 2115 ὃ.
1333 2061 1590 2116 διδάσκω.
1610 2062 1683 2116 Τὸ
1698 2062 1755 2118 δὲ
1768 2062 1949 2131 Εὐαγ-

355 2148 540 2218 γὲλιόν
573 2166 696 2221 μου,
736 2151 831 2205 καὶ
861 2151 955 2206 τοῦ
994 2153 1235 2227 Χριστοῦ
1268 2154 1330 2208 τὸ
1360 2155 1647 2227 κήρυγμα,
1686 2153 1744 2209 ἓν
1784 2156 1945 2211 εἰσιν.

356 2243 473 2313 Οὐχ
496 2243 744 2315 ἡμέτερα
764 2243 874 2318 γὰρ
902 2244 971 2299 τὰ
994 2244 1265 2317 δόγματα,
1300 2245 1437 2302 ἀλλά
1460 2247 1671 2301 ἐκείνου
1696 2249 1744 2301 οἰ
1769 2246 1944 2319 νόμοι.

361 2351 384 2385 ι
424 2332 586 2387 Κατά
632 2334 980 2406 ἀποκάλυψιν
1020 2336 1350 2411 μυστηρίου.
1398 2357 1417 2392 ι
1463 2339 1747 2411 Μεγίστης
1779 2341 1948 2411 τιμῆς

357 2427 607 2499 σημεῖον,
661 2426 722 2480 τὸ
775 2429 1095 2502 μυστηρίων
1127 2431 1274 2503 ἡμᾶς
1325 2433 1585 2502 γενέσθαι
1633 2434 1945 2500 κοινωνοὺς,

358 2513 687 2586 πράγματος
732 2518 901 2572 πάλαι
944 2520 1042 2591 μὲν
1101 2523 1544 2596 προωρισμένου,
1580 2525 1838 2594 φανέντος
1889 2524 1948 2580 δὲ

357 2608 455 2665 νῦν
498 2609 588 2665 διὰ
639 2613 995 2683 προφητικῶν
1027 2615 1281 2687 Γραφῶν.
1318 2617 1483 2672 ’Ὥστε
1521 2618 1574 2673 τί
1621 2620 1758 2693 φοϐῇ
1793 2620 1882 2686 σὺ,
1920 2622 1950 2675 ὁ

359 2702 618 2773 ἀσθενὴς,
661 2704 735 2775 μὴ
767 2706 1013 2778 ἀποστῇς
1040 2707 1135 2761 τοῦ
1168 2708 1335 2780 νόμου
1365 2710 1564 2771 ἐσθίων
1595 2713 1661 2766 τὰ
1694 2712 1945 2784 χοίρειας

371 2794 507 2848 Ἰδοὺ
533 2795 642 2864 γὰρ
670 2797 729 2849 αἰ
764 2798 977 2869 Γραφαί
1025 2801 1201 2854 πᾶσαι
1230 2800 1390 2855 τοῦτο
1416 2800 1478 2855 τὸ
1514 2802 1812 2874 μυστήριον
1846 2821 1952 2874 κη-

359 2886 643 2957 ρύττουσι.
669 2888 730 2942 τὸ
750 2890 850 2959 τὴν
881 2889 1211 2962 ἀδιαφορίαν
1240 2891 1352 2945 τῶν
1377 2892 1682 2965 βρωμάτων
1709 2896 1946 2963 εἰσάγον.

372 2979 538 3034 Ἀλλὰ
566 2980 659 3035 καὶ
695 3000 713 3034 ι
738 2982 857 3037 κατ’
891 2983 1157 3056 ἐπιταγὴν
1184 2984 1277 3038 τοῦ
1310 2986 1528 3041 αἰωνίου
1559 2986 1694 3043 Θεοῦ
1715 3006 1737 3046 ι
1776 2989 1948 3045 ἐστιν.

360 3073 577 3127 Οὐκοῦν
614 3075 677 3128 οὐ
719 3074 801 3129 δεῖ
846 3076 965 3148 Θεῴ
1008 3079 1449 3148 ἀντιτάττεσθαι,
1490 3080 1626 3139 ἀλλὰ
1673 3082 1952 3137 πιστεύειν

358 3166 460 3218 καὶ
495 3165 811 3223 ὑπακούειν.
859 3169 1136 3241 ’Υπακοῆς
1195 3173 1305 3242 γὰρ
1360 3174 1394 3244 ἡ
1436 3172 1619 3235 πίστις
1664 3174 1856 3240 δεῖται,
1886 3175 1948 3232 οὐ
1978 3210 2022 3271 C

359 3255 911 3333 φιλοπραγμοσύνης.
956 3263 1119 3319 Ἀλλὰ
1169 3264 1266 3327 καὶ
1316 3265 1496 3321 πάντα
1542 3265 1610 3323 τὰ
1643 3265 1770 3337 ἔθνη
1808 3266 1952 3325 οὕτω

360 3348 615 3403 πιστεύει
632 3365 649 3383 ο
676 3354 811 3407 πᾶσι
833 3354 941 3426 γὰρ
968 3356 1301 3429 ἐγνωρίσθη.
1328 3358 1450 3422 Πῶς
1471 3353 1563 3416 οὖν
1586 3358 1749 3424 αὐτὸς
1769 3359 1850 3419 ἔτι
1875 3359 1950 3432 τῷ

360 3444 519 3514 νόμῳ
551 3444 854 3516 δουλεύεις;
890 3465 909 3500 ι
945 3450 1110 3521 Μόνῳ
1142 3450 1199 3503 δὲ
1232 3450 1378 3522 σοφῷ
1419 3451 1558 3523 Θεῷ,
1593 3471 1614 3511 ι
1644 3448 1790 3514 εἷπε,
1815 3452 1952 3523 πρὸς

360 3535 777 3611 ἀντιδιαστολὴν
826 3540 1077 3617 ἀγγέλων
1139 3544 1234 3596 καὶ
1301 3543 1481 3614 ἡμῶν,
1534 3544 1597 3599 οὐ
1646 3543 1741 3599 τοῦ
1795 3544 1950 3610 Υἱοῦ.

360 3627 571 3696 ἄπαγε.
610 3628 670 3682 Ὀ
718 3630 828 3703 γὰρ
886 3631 1015 3696 Υἱός
1070 3633 1291 3705 ἐστινὴ
1349 3635 1510 3703 σοφία
1560 3637 1656 3690 τοῦ
1715 3637 1949 3709 Πατρός.

358 3717 529 3787 Αὖτῷ
554 3717 648 3772 οὖν
680 3719 881 3791 ᾐδὸξχ,
913 3721 992 3794 τῷ
1033 3721 1414 3794 φανερώσαντι
1453 3724 1514 3778 τὸ
1537 3726 1858 3797 μυστήριον,
1890 3725 1951 3778 οὐ

362 3805 448 3877 τῷ
469 3808 639 3878 νόμῳ,
678 3801 722 3880 ᾧ
758 3810 1144 3887 προσεδρεύεις
1174 3812 1254 3866 ἔτι
1284 3813 1348 3866 σὺ
1379 3814 1866 3887 παρατηρούμενος
1887 3816 1956 3869 τὰ

365 3877 661 3971 βρώματα.
695 3877 895 3969 Ὺδδὲ,
943 3877 1096 3958 ι’ΔιΞι
1140 3906 1318 3976 Ἰησοῦ
1365 3877 1626 3978 Χρίστοῦ,
1666 3877 1955 3960 ι’δύναται

367 3992 502 4063 μὲν,
545 3993 619 4057 ὡς
645 3996 902 4070 ἀνωτέρω
928 3998 1164 4070 εἴρηται,
1199 3999 1592 4071 συνταχθῆναι’
1631 4021 1649 4053 ι
1679 3999 1767 4071 Τῷ
1800 4000 1956 4054 δυνα-

370 4086 531 4156 μένῳ
564 4087 706 4156 sua;
738 4090 1013 4160 στηρίξαι,
1049 4091 1137 4145 διά
1186 4091 1361 4174 Ἰησοῦ
1390 4092 1648 4164 Χριστοῦ
1682 4114 1702 4147 ι
1737 4093 1959 4148 δύναται

368 4176 475 4229 καὶ
502 4176 643 4232 οὕτω
679 4178 990 4252 ληφθῆναι*
1025 4184 1119 4247 Et;
1161 4184 1338 4239 πάντα
1367 4186 1434 4239 τὰ
1469 4186 1597 4257 ἔθνη
1633 4188 1960 4258 γνωρισθέν-

367 4286 470 4332 τος
509 4271 598 4326 διὰ
632 4274 811 4343 Ἰησοῦ
847 4274 1114 4348 Χριστοῦ.
1141 4277 1312 4342 Αὐτὸς
1337 4280 1447 4351 γὰρ
1479 4278 1742 4352 ἐγνώρισε
1767 4281 1827 4334 τὸ
1861 4299 1962 4352 μυ-

376 4365 608 4436 στήριον
651 4370 764 4432 τοῖς
823 4368 1057 4437 ἔθνεσιν,
1110 4373 1138 4426 ὁ
1181 4372 1306 4439 τοὺς
1350 4374 1598 4445 μαθητὰς
1636 4374 1964 4441 ἀποστείλας

374 4456 465 4521 εἰς
497 4456 560 4512 τὸ
598 4458 942 4533 μαθητεῦσαι
976 4464 1157 4519 πάντα
1188 4465 1251 4520 τά
1277 4465 1427 4537 ἔθνη.

970 4691 1223 4747 ΚΕΦΑΛ.
1260 4689 1363 4748 ῙΕ’.

464 4816 486 4850 ι
533 4799 848 4871 Ὀφείλομεν
894 4801 1141 4874 δὲήμεῖς
1166 4804 1214 4856 οἱ
1240 4802 1457 4857 δυνατοὶ
1489 4800 1560 4856 τὰ
1608 4800 1966 4874 ἀσθενήματα

2048 1977 2152 2031 test,
2192 1984 2290 2026 vos
2328 1967 2671 2039 imperfectos
2711 1977 2765 2022 et
2807 1982 3113 2024 concussos
3153 1965 3402 2022 stabilire
3438 1982 3453 2019 :
3486 1978 3624 2032 quo-

2048 2062 2243 2119 modo?
2276 2061 2586 2117 Secundum
2634 2060 2983 2131 Evangelium
3036 2072 3238 2124 meum,
3282 2058 3384 2113 hoc
3422 2066 3529 2121 est,
3569 2064 3627 2108 ut

2048 2153 2371 2213 continentis
2399 2167 2462 2213 ea
2482 2166 2601 2221 quia
2624 2152 2810 2211 doceo.
2835 2149 3184 2219 Evangelium
3212 2156 3389 2213 autem
3420 2162 3625 2211 meum,

2047 2255 2101 2302 et
2127 2246 2331 2303 Christi
2363 2244 2699 2315 praedicatio,
2744 2259 2906 2298 unum
2941 2251 3085 2301 sunt.
3120 2240 3234 2297 Non
3264 2251 3446 2296 nostra
3480 2237 3625 2293 enim

2049 2337 2319 2409 dogmata,
2347 2337 2440 2393 sed
2482 2335 2626 2391 illius
2663 2334 2809 2405 leges
2839 2342 2988 2389 sunt.
3028 2350 3047 2385 ι
3079 2330 3387 2388 Secundum
3420 2328 3627 2384 revela-

2051 2410 2252 2485 tionem
2302 2427 2566 2498 mysterii.
2618 2445 2640 2483 ι
2693 2425 2912 2491 Maximi
2972 2423 3196 2485 honoris
3251 2431 3628 2492 argumentum

2049 2530 2154 2587 est,
2205 2534 2304 2579 nos
2353 2532 2474 2575 esse
2508 2518 2887 2589 mysteriorum
2942 2515 3259 2587 participes,
3300 2527 3499 2578 nempe
3552 2512 3627 2569 rei

2048 2613 2176 2673 olim
2213 2610 2583 2681 praedefinitte,
2611 2610 2974 2671 manifestata
2996 2617 3177 2665 autem
3198 2622 3340 2663 nunc
3365 2619 3458 2676 per
3478 2603 3628 2659 Scri-

2051 2714 2235 2777 pturas
2266 2703 2633 2774 propheticas.
2661 2702 2846 2772 itaque
2872 2702 3000 2773 quid
3030 2701 3188 2763 times
3216 2710 3298 2767 tu,
3322 2697 3628 2759 imbecillis,

2052 2812 2118 2853 ne
2145 2812 2173 2850 a
2206 2796 2321 2868 lege
2367 2795 2589 2857 deficias
2629 2809 2822 2853 carnes
2864 2795 3115 2864 porcinas
3138 2791 3343 2850 edens?
3374 2789 3452 2845 En
3487 2787 3630 2845 enim

2053 2887 2303 2943 universa
2335 2886 2611 2958 Scriptura
2666 2885 2984 2958 mysterium
3022 2884 3124 2939 hoc
3161 2882 3440 2951 prtedicat,
3488 2882 3632 2950 quod

2052 2979 2445 3041 indiﬂ‘ercntem
2477 2981 2719 3039 ciborum
2760 2993 2921 3035 .usum
2955 2974 3270 3035 introducit.
3302 2972 3632 3039 Quinctiano,

2058 3094 2077 3126 ι
2114 3073 2406 3137 secundum
2439 3074 2750 3129 mandatum
2778 3070 2970 3135 aeterni
3018 3069 3111 3135 Dei
3142 3085 3160 3120 ι
3199 3067 3301 3122 hoc
3336 3064 3634 3133 continget.

2053 3166 2230 3234 Quare
2246 3175 2295 3220 te
2316 3179 2420 3221 non
2443 3172 2660 3236 oportet
2674 3163 2836 3223 reniti
2859 3161 2986 3227 Deo,
3007 3161 3101 3221 sed
3117 3159 3340 3219 credere
3357 3166 3414 3212 et
3431 3170 3634 3211 morem

2053 3275 2263 3333 gerere.
2314 3257 2475 3315 Fides
2527 3254 2675 3312 enim
2726 3253 3032 3315 obedientia
3091 3265 3225 3329 opus
3289 3250 3475 3316 habet,
3526 3259 3635 3301 non

2051 3352 2388 3414 curiositate.
2439 3349 2707 3413 Prwterea
2760 3365 2779 3401 ι
2843 3359 3037 3405 omnes
3090 3354 3280 3416 gentes
3314 3359 3334 3393 ι
3384 3340 3457 3395 ita
3515 3353 3637 3395 cre-

2053 3446 2187 3501 dunt
2214 3463 2228 3500 :
2269 3443 2521 3499 omnibus
2549 3440 2691 3505 enim
2724 3437 2982 3501 innotuit.
3014 3434 3297 3509 Quomodo
3331 3434 3494 3504 igitur
3523 3432 3638 3503 ipse

2053 3535 2154 3607 legi
2201 3536 2378 3595 adhuc
2433 3531 2707 3606 inservis?
2743 3548 2763 3584 ι
2806 3528 2916 3585 Soli
2949 3538 3126 3591 autem
3167 3524 3396 3597 sapienti
3448 3523 3578 3591 Deo,
3615 3544 3635 3577 ι

2055 3628 2209 3692 dixit,
2257 3628 2323 3682 ad
2381 3625 2698 3699 angelorum
2756 3619 3038 3688 nostrique
3088 3616 3476 3687 diiferentiam,
3534 3630 3639 3668 non

2054 3721 2175 3777 Filii
2208 3738 2222 3776 :
2256 3719 2427 3775 absit!
2475 3717 2646 3783 Filius
2673 3715 2819 3777 enim
2851 3723 2937 3769 est
2991 3710 3255 3781 sapientia
3294 3708 3492 3763 Patris.
3535 3704 3640 3777 Ipsi

2057 3810 2240 3881 itaque
2269 3811 2339 3864 sit
2370 3809 2562 3878 gloria,
2597 3806 2687 3877 qui
2725 3803 3088 3860 manifestavit
3126 3799 3443 3874 mysterium
3491 3799 3637 3855 hoc:

2058 3915 2162 3955 non
2192 3897 2316 3968 legi,
2352 3898 2436 3953 cui
2472 3908 2523 3952 tu
2577 3897 2755 3952 adhuc
2784 3896 2992 3952 assides
3028 3904 3081 3949 et
3113 3892 3461 3961 adhmrcscis,
3492 3890 3645 3946 cibo-

2059 4005 2178 4044 rum
2225 3988 2535 4045 discrimina
2584 3989 2897 4044 observans.
2931 3983 3087 4050 Quod
3119 3983 3214 4049 ait,
3250 4000 3269 4035 ι
3311 3997 3406 4053 per
3455 3979 3636 4040 Jesnm

2059 4080 2334 4136 Christum
2371 4097 2389 4131 ι
2418 4087 2613 4149 potest,
2638 4087 2695 4133 ut
2720 4092 2884 4148 supra
2901 4075 3104 4132 dictum
3131 4084 3236 4139 est,
3263 4075 3335 4128 ita
3356 4071 3596 4129 construi
3626 4088 3642 4127 :

2062 4171 2123 4226 Ei
2146 4173 2236 4243 qui
2268 4181 2446 4243 potest
2469 4187 2564 4227 vos
2595 4171 2783 4226 fulcire
2807 4185 2905 4242 per
2929 4166 3112 4224 Jesum
3135 4167 3406 4223 Christum
3428 4182 3447 4233 ;
3473 4172 3649 4234 potest

2063 4278 2117 4322 et
2153 4268 2225 4320 ita
2252 4267 2422 4336 accipi
2459 4281 2472 4317 :
2511 4265 2564 4319 in
2593 4278 2783 4319 omnes
2827 4271 3014 4333 gentes
3051 4260 3305 4334 patefacti
3345 4273 3441 4329 per
3465 4256 3647 4311 Jesunt

2064 4357 2366 4413 Christum.
2402 4356 2519 4427 Ipse
2561 4371 2798 4425 namque
2830 4354 3079 4422 gentibus
3124 4355 3444 4424 mysterium
3500 4358 3650 4419 pate-

2068 4448 2219 4515 fecit,
2254 4449 2344 4520 qui
2375 4449 2676 4519 discipulos
2702 4447 2973 4520 ablegavit
3014 4445 3432 4527 amandavitque
3468 4451 3523 4497 ut
3556 4443 3652 4497 do-

1995 4560 2039 4618 ι)
2069 4550 2254 4598 cerent
2293 4557 2486 4596 onmes
2508 4550 2720 4610 gentes.

2670 4674 2900 4736 CAPUT
2927 4675 3046 4745 xv.

2148 4797 2314 4852 Vsus.
2343 4796 2397 4851 1.
2430 4814 2450 4848 ι
2500 4795 2767 4849 Debemus
2807 4800 2987 4845 autem
3035 4804 3132 4844 nos
3161 4802 3253 4860 qui
3276 4795 3520 4857 potentes
3558 4799 3654 4837 su-

282 4922 299 4941 .
379 4891 797 4947 τῶνὰδυνάτων
830 4894 1139 4964 βαστάζειν.
1190 4913 1209 4946 »
1244 4894 1401 4950 Μετά
1449 4893 1550 4966 τὴν
1587 4895 1756 4966 εὐχὴν
1807 4894 1948 4949 πάλι·

2075 4906 2221 4957 mus,
2250 4889 2598 4945 inﬁrmitates
2619 4883 2993 4955 impotentium
3019 4881 3309 4937 sustinere.
3349 4897 3368 4931 ι
3402 4877 3530 4932 Post
3555 4890 3653 4930 vo-

384 4987 674 5055 παραινεῖ,
725 4986 821 5038 καὶ
850 4985 1263 5056 ἐκμειλίσσεται
1285 4988 1411 5051 τοὺς
1449 4987 1840 5058 τελειοτέρους,
1877 5004 1948 5039 κα

2075 4995 2188 5039 tum
2221 4998 2317 5038 seu
2348 4982 2649 5036 orationem
2682 4992 2867 5032 rursus
2903 4975 3224 5030 adhortatur
3274 4968 3655 5042 perfectiores-

385 5077 473 5144 τῷ
508 5079 628 5148 μεθ’
657 5078 855 5132 ἑαυτοῦ
885 5078 1067 5146 τάξαι,
1097 5083 1194 5134 καὶ
1232 5080 1310 5153 τῷ
1343 5081 1599 5144 δυνατοὺς
1622 5081 1818 5135 εἰπεῖν.
1852 5081 1948 5136 Οὐ)

2078 5092 2184 5148 que
2215 5075 2501 5138 detnul.et,
2539 5082 2649 5128 tum
2682 5070 2825 5141 quod
2850 5084 2944 5125 eos
2972 5067 3076 5123 sibi
3114 5069 3654 5135 admrpnat,secumre

388 5164 517 5224 εἷπε
555 5169 611 5223 δὲ
655 5170 863 5237 ἁπλῶς,
894 5172 1036 5237 Τοὺς
1077 5173 1349 5238 ἀσθενεῖς,
1378 5172 1535 5238 ἀλλά,
1586 5172 1697 5225 «Τὰ
1739 5173 1971 5242 ἀσθενή-

2082 5178 2314 5239 reputat,
2345 5177 2455 5222 tum
2518 5165 2661 5235 quod
2724 5172 2993 5233 potentes,
3037 5174 3130 5214 seu
3188 5158 3356 5212 fortes
3398 5152 3652 5223 appellat.

389 5276 547 5332 ματα
592 5262 703 5317 τῶν
755 5262 1054 5329 ἀδυνάτων,
1092 5283 1112 5316 ι
1140 5264 1414 5329 διπλώσας
1444 5264 1544 5337 τὴν
1576 5264 1720 5331 λέξιν
1766 5264 1833 5330 ⁸³,
1885 5265 1948 5319 ῖνι

2081 5261 2195 5316 Non
2220 5261 2356 5315 dixit
2401 5266 2579 5312 autem
2615 5256 2956 5324 simpliciter,
2982 5253 3245 5313 infirmos,
3288 5246 3405 5311 sed,
3437 5263 3456 5297 ι
3501 5245 3655 5298 ἰηὶὶτι

386 5352 530 5427 πρδς
556 5354 728 5410 πλείω
758 5353 907 5410 ἔλεον
936 5355 1324 5429 ὲφελκύσηται.

475 5553 499 5590 ι
522 5538 638 5593 Καὶ
667 5538 744 5612 μὴ
758 5538 973 5606 ἑαυτοῖς
995 5539 1273 5612 ἀρέσκειν.
1298 5559 1319 5596 ι
1334 5538 1545 5610 Εἰπὼν,
1575 5541 1659 5596 ὅτι
1679 5537 1968 5611 ὀφείλομεν

2085 5355 2300 5410 mitates
2354 5349 2751 5420 impotentium,
2795 5367 2813 5399 ι
2875 5346 3143 5414 duplicata
3195 5341 3449 5407 dictione,
3480 5347 3540 5394 ut
3588 5337 3656 5392 ad

2086 5445 2345 5516 majorem
2392 5441 2821 5498 misericordiam
2855 5454 2950 5495 eos
2984 5436 3280 5508 perlrabat.

2158 5555 2177 5589 ι
2218 5537 2285 5593 Ει
2317 5553 2425 5594 non
2454 5536 2744 5606 nobisipsis
2778 5532 3010 5603 placere.
3046 5550 3064 5583 ι
3100 5527 3273 5584 Simul
3312 5535 3470 5597 atque
3492 5523 3658 5581 dixis-

1696 5698 1898 5762 νοτίδι
1942 5694 2266 5759 lectiones.

473 5816 521 5850 ⁸⁸
547 5813 906 5887 προφητικῶν
931 5830 984 5870 ι).
1059 5818 1106 5851 ⁸³
1128 5818 1331 5884 διπλῶς
1385 5819 1555 5890 αὐτὴν
1594 5820 1743 5890 λέγει
1773 5838 1826 5874 n.
