3874 6592
247 445 369 510 537

1038 444 1448 508 EXPOSITIO
1486 445 1571 508 ΙΝ
1610 445 1856 506 ΕΡΙΞΤ.
1898 444 1998 505 ΑΙ)
2032 441 2218 505 ROM.
2248 469 2320 479 —
2348 441 2506 508 CAP.
2543 444 2671 507 XV.

3402 440 3510 506 538

245 559 446 632 (τοῦτο
479 556 590 629 γὰρ
615 555 768 626 δηλοῖ
802 557 885 624 τὺ,
913 578 931 610 ι
954 554 1331 630 Ὀμοθυμαδδν
1363 556 1410 630 ι)
1441 558 1531 611 τὸν
1548 556 1700 613 Θεόν.
1727 556 1843 612 Ἐν-

1954 558 2124 612 anima
2171 556 2296 627 (hoc
2352 556 2500 612 enim
2551 557 2758 614 indicat
2808 556 3156 629 unanimiter)
3187 556 3379 613 Deum.
3425 557 3527 633 ilic

239 650 434 705 ταῦθα
458 650 539 703 δεῖ
568 648 765 715 στίξαι.
796 645 914 704 εἶτα
935 650 1032 704 ἀπ’
1056 650 1222 721 ἄλλης
1247 650 1423 724 ἀρχῆς
1476 650 1790 719 ἀναγνῶναι
1815 666 1830 682 ·

251 764 273 797 ι
304 745 423 798 Καὶ
442 742 662 813 Πατέρα
692 741 788 796 τοῦ
819 742 1026 814 Κυρίου
1059 743 1218 815 ἡμῶν
1251 744 1428 815 Ἰησοῦ
1448 744 1742 815 Χριστοῦ.)
1771 742 1836 795 Ei

240 834 310 888 ζὲ
332 834 430 888 καὶ
444 833 742 906 ἡνωμένως
754 833 1033 904 ἀναγνῷς,
1056 834 1195 889 ὥστε
1216 835 1308 889 τοῦ
1333 835 1498 889 αὑτοῦ
1526 835 1766 908 Χριστοῦ
1788 835 1834 868 ⁸⁵

244 927 350 977 καὶ
406 923 540 977 Θεδν
582 918 726 977 εἶναι
772 924 868 977 καὶ
915 923 1175 996 Πατέρα,
1225 925 1346 978 οὐδὲ
1401 925 1557 979 τοῦτο
1610 924 1834 981 ἄτοπον.

244 1016 389 1079 Θεὸς
424 1015 523 1085 μὲν
551 1015 661 1086 γὰρ
707 1014 802 1069 τοῦ
832 1016 1095 1087 Χριστοῦ,
1128 1017 1270 1071 κατὰ
1328 1016 1389 1071 τὸ
1454 1018 1794 1089 ἀνθρώπινον
1819 1035 1835 1051 ⁸

248 1108 450 1178 Πατὴρ
475 1107 554 1174 δὲ,
590 1108 735 1162 κατὰ
756 1108 856 1179 τὴν
884 1110 1138 1180 θεότητα.

332 1218 353 1252 ι
381 1200 473 1253 At?)
495 1199 982 1270 προσλαμϐάνεσθε
1015 1201 1300 1273 ἀλλήλους,
1323 1201 1505 1268 καθὼς
1532 1202 1626 1256 καὶ
1652 1204 1680 1256 6
1706 1203 1840 1272 Xpt-

250 1292 385 1357 στδς
401 1293 962 1366 προσελάϐετοήμᾶς,
998 1295 1078 1358 είς
1106 1293 1264 1359 δόξαν
1302 1294 1459 1349 Θεοῦ.
1490 1313 1509 1347 ι
1557 1294 1727 1348 Πάλιν
1742 1294 1841 1363 τῆς

246 1385 534 1458 προτέρας
564 1385 941 1458 παραινέσεως
966 1383 1108 1459 [καὶ]
1140 1386 1343 1457 ἔχεται,
1367 1369 1461 1439 διαὶ
1490 1386 1841 1456 παράδειγμα

248 1478 473 1544 εἰσάγει
499 1478 591 1531 τὸν
644 1476 903 1548 Χριστὸν,
937 1477 1081 1530 ὥστε
1114 1476 1636 1548 προσλαμβάνεσθαι
1691 1477 1844 1546 ἡμᾶς

249 1565 527 1637 ἀλλήλους
554 1581 570 1597 ·
616 1567 699 1630 είς
756 1564 913 1631 δόξαν
956 1566 1065 1638 γὰρ
1120 1567 1256 1620 Θεοῦ
1287 1568 1335 1600 ⁵⁸
1384 1568 1500 1621 ἐστι
1559 1565 1736 1622 τοῦτο.
1769 1566 1844 1619 Τὸ

248 1658 368 1728 γὰρ
415 1658 660 1729 ἡνῶσθαι
703 1659 855 1730 ἡμᾶς
913 1659 1151 1731 μάλιστα
1180 1659 1391 1725 δοξάζει
1432 1660 1526 1715 τὸν
1558 1659 1711 1716 Θεόν.
1754 1659 1843 1713 Ἐν

248 1748 436 1818 τούτῳ
460 1752 591 1822 γὰρ,
621 1752 778 1821 φησὶ.
801 1750 1110 1820 γνώσονται
1138 1754 1361 1818 πάντες,
1403 1754 1483 1808 ὅτι
1519 1752 1583 1806 σύ
1635 1770 1703 1825 με
1733 1754 1842 1807 ἀπ-

254 1841 529 1908 έστειλας,
559 1844 654 1897 ἐὰν
710 1837 844 1897 ῶσιν
876 1844 971 1897 ἐν’
1007 1842 1197 1916 ῶσπερ
1229 1845 1288 1899 τὸ
1316 1845 1640 1917 διεσχίσθαι,
1677 1844 1843 1916 βλασ-

1938 662 2075 719 Opus
2102 658 2186 704 est
2244 648 2616 713 distinctione,
2662 649 2856 706 deinde
2899 651 2966 704 ah
2999 649 3108 705 aiio
3148 650 3302 705 initio
3346 649 3526 719 legen-

1940 741 2088 807 dum,
2135 759 2153 795 ι
2199 748 2256 795 et
2308 739 2523 795 Patrem
2583 739 2791 795 Domini
2859 741 3032 798 nostri
3071 739 3198 797 Jcsu
3235 739 3464 798 Christi.
3495 757 3516 792 ι

1943 832 2040 887 Sin
2082 843 2137 888 et
2171 832 2505 901 coniunctim
2537 832 2709 903 legas,
2733 842 2789 886 ut
2815 832 2983 903 ipsius
3036 832 3236 888 Christi
3274 842 3331 887 et
3385 818 3525 886 Deus

1939 925 2081 979 sitet
2106 923 2285 989 Pater,
2348 938 2521 992 neque
2544 923 2685 980 istud
2710 923 2817 978 erit
2860 923 3176 979 absurdum.
3210 924 3524 979 Deusnam-

1942 1032 2048 1088 que
2073 1017 2272 1072 Christi
2291 1025 2373 1071 est
2393 1016 2689 1072 secundum
2725 1016 3140 1082 humanitatem,
3163 1016 3318 1071 Pater
3344 1027 3522 1071 autem
3576 1074 3586 1084 ,

1904 1108 1909 1112 ⁴
1940 1105 2236 1163 secundmn
2263 1108 2623 1163 divinitatem.

2013 1197 2181 1255 Vens.
2218 1201 2272 1256 7.
2337 1219 2355 1253 ι
2391 1200 2618 1271 PrOpter
2648 1199 2792 1270 quod
2841 1200 3098 1269 suscipite
3148 1214 3244 1252 vos
3295 1199 3523 1253 invicem

1950 1291 2108 1361 107
2160 1292 2301 1346 sicut
2333 1300 2388 1346 et
2446 1292 2695 1347 Christus
2740 1292 2981 1359 suscepit
3031 1306 3151 1355 nos,
3185 1290 3251 1346 ad
3301 1290 3436 1360 glori
3476 1307 3525 1344 ιιι

1947 1384 2060 1437 Dei.
2103 1402 2122 1434 ι
2152 1383 2401 1439 Priorem
2433 1386 2866 1440 adhortationem
2894 1386 3108 1455 repetit,
3141 1394 3196 1439 et
3224 1382 3525 1453 exemplum

1946 1476 2151 1530 (Ihristi
2180 1476 2407 1542 inducit,
2429 1486 2488 1531 ut
2512 1477 2875 1549 suscipiamus
2903 1493 2999 1533 nos
3034 1486 3221 1532 mutuo
3256 1476 3341 1531 :id
3373 1491 3527 1530 nam-

1944 1582 2051 1638 que
2086 1569 2152 1621 ad
2184 1568 2411 1638 gloriam
2447 1569 2538 1623 Dei
2558 1570 2723 1624 cedit.
2750 1567 2943 1623 Noswa
2970 1570 3115 1623 enim
3148 1568 3529 1626 uniou'axime

1947 1660 2215 1733 gloriﬁcat
2257 1660 2448 1717 Deum.
2513 1663 2571 1718 lu
2610 1662 2714 1719 hoc
2754 1665 2898 1718 enim
2961 1671 3289 1734 cognoscent
3339 1675 3532 1717 omnes

1945 1755 2169 1821 quodtu
2212 1768 2296 1807 me
2347 1753 2563 1822 misisti,
2591 1755 2636 1810 si
2697 1754 2901 1810 fuerint
2950 1770 3116 1809 unum
3154 1766 3182 1795 ει
3216 1771 3231 1809 :
3268 1751 3531 1825 quemad-

1949 1847 2186 1910 modum,
2226 1845 2271 1900 si
2294 1845 2662 1902 dissensiones
2682 1847 2949 1914 oriantur,
2983 1846 3036 1900 iu
3072 1861 3232 1901 causa
3284 1855 3411 1901 sunt
3431 1860 3531 1900 cur

251 1934 559 2003 φημεῐσθαι
621 1933 782 1988 αὑτὸν
842 1936 1003 1990 ποιεῖ.
1064 1913 1578 2009 Χριστιανοὺςῃγὰρ
1605 1913 1839 2008 ὁρῶντες

1954 1935 1990 1989 ei
2020 1935 2393 1992 maledicatur.
2426 1937 2559 1992 Nam
2606 1926 3327 1995 Grarci‘animadverteutes
3374 1936 3532 1993 Chri-

249 2027 304 2075 οἱ
339 2025 604 2097 Ἕλληνες
656 2025 1165 2096 διαστασιάζοντας,
1194 2030 1290 2101 τῆς
1319 2029 1553 2093 πίστεως
1605 2046 1842 2101 κατηγο-

252 2133 354 2186 pou
364 2133 439 2170 σι.

332 2227 355 2261 ι
388 2208 548 2276 Λέγω
577 2209 631 2263 δὲ
658 2210 894 2278 Χριστδν
940 2212 1151 2282 Ἰησοῦν
1205 2212 1453 2268 διάκονον
1506 2213 1839 2283 γεγενῆσθαι

252 2301 573 2371 περιτομῆς
624 2302 766 2374 ὑπὲρ
816 2304 1076 2376 ἀληθείας
1123 2304 1280 2373 Θεοῦ,
1314 2308 1393 2370 εἰς
1422 2305 1482 2359 τὸ
1546 2306 1842 2378 βεϐαιῶσαι

248 2394 357 2454 τὰς
392 2394 731 2461 ἐπαγγελίας
761 2395 872 2448 τῶν
925 2398 1204 2468 πατέρων.
1248 2417 1266 2450 ι
1294 2398 1401 2452 Τοῦ
1456 2400 1622 2453 αὑτοῦ
1671 2417 1843 2469 κεφα-

249 2482 417 2538 λτίου
448 2484 650 2555 ἔχεται,
683 2486 916 2555 δεικνὺς,
946 2489 1028 2547 ὅτι
1087 2488 1185 2560 οὐχ
1215 2489 1394 2561 ἐαυτῷ
1424 2491 1622 2563 ἤρεσεν
1644 2492 1672 2544 6
1708 2493 1844 2562 Χρι-

253 2576 408 2639 στος,
440 2576 555 2629 ἀλλ’
581 2577 721 2647 ὑπὲρ
777 2579 933 2649 ἡμῶν
974 2581 1152 2635 πάντα
1182 2582 1527 2648 κατεδέξατο,
1584 2586 1678 2637 καὶ
1727 2586 1844 2638 πεί·

251 2670 369 2721 οων
404 2669 532 2733 τῶς
579 2669 825 2735 ἐθνικοίις
877 2672 952 2743 μὴ
994 2674 1427 2744 κατεπαίρεσθαι
1457 2676 1564 2729 τῶν
1622 2676 1681 2741 ἐξ
1714 2677 1842 2730 Ἰου-

246 2761 426 2813 δαίων
457 2763 882 2819 πιστευσάντων.
912 2766 976 2819 Οἱ
1008 2766 1110 2835 μὲν
1163 2769 1271 2836 γὰρ
1315 2766 1556 2820 Ἰουδαῖοι
1610 2767 1698 2821 διὰ
1747 2766 1845 2838 τὴν

250 2853 404 2923 πρὸς
431 2854 558 2919 τοὺς
578 2856 820 2926 πατέρας
844 2857 1178 2926 ἐπαγγελίαν
1216 2856 1503 2929 ἐσώθησαν
1532 2875 1545 2888 ·
1582 2861 1630 2912 οἱ
1669 2860 1726 2913 δέ
1757 2859 1844 2913 eo.

246 2948 406 2999 νικοὶ
435 2946 569 3018 ἐλέῳ
597 2946 743 3017 μόνῳ
766 2949 861 3001 καὶ
899 2949 1303 3022 φιλανθρωπίᾳ.
1341 2952 1407 3004 ’Ὀ
1434 2952 1489 3004 δὲ
1534 2951 1704 3019 λέγει,
1729 2969 1845 3005 τοι·

249 3036 585 3091 οῦτὸνέστιν
621 3053 637 3068 ·
678 3038 1013 3108 Ἐπαγγελία
1042 3035 1111 3112 ἦν
1136 3041 1271 3111 πρὸς
1300 3042 1392 3094 τὸν
1426 3041 1706 3113 Ἀϐραὰμ,
1757 3044 1844 3096 ἵνα

250 3132 320 3182 τ’»
354 3130 583 3200 σπέρμα
611 3130 778 3186 αὐτοῦ
803 3133 1117 3204 κληρονομή
1128 3149 1195 3205 σῃ
1243 3136 1324 3197 είς
1354 3134 1444 3187 τὸν
1462 3135 1667 3204 κόσμον
1689 3152 1701 3166 ·
1726 3135 1843 3189 ἀλλ’

1943 2027 2151 2081 stianos
2177 2029 2320 2082 inter
2358 2044 2418 2083 se
2447 2031 2759 2097 dissentire,
2791 2030 2949 2086 ﬁdem
2987 2039 3264 2086 accusant.

2015 2209 2186 2265 Vens.
2245 2210 2297 2264 8.
2341 2230 2359 2263 ι
2404 2210 2535 2265 Dico
2579 2222 2756 2266 autem
2818 2210 3091 2265 Christum
3140 2210 3326 2269 Iesum
3368 2210 3530 2266 mini-
3584 2234 3585 2237 η

1943 2311 2116 2355 suum
2146 2300 2312 2355 fuisse
2340 2302 2770 2358 circumcisionis
2819 2315 3038 2375 prepter
3089 2304 3369 2357 veritatem
3408 2300 3530 2365 Dei,

1944 2394 2007 2445 ad
2025 2392 2431 2448 conﬁrmandus
2458 2394 2849 2463 promissiones
2885 2407 3118 2465 patrum.
3160 2413 3180 2448 ι
3220 2393 3406 2448 Eidem
3433 2408 3527 2448 ca-

1946 2485 2042 2556 piti
2076 2488 2334 2552 adha’ret,
2366 2497 2803 2543 commonstraus
2836 2488 2979 2559 quod
3036 2488 3286 2543 Christus
3320 2485 3528 2553 sihiipsi

1947 2595 2050 2631 non
2111 2578 2687 2647 plaenerit,cmtcrum
2747 2585 2930 2635 omnia
2988 2581 3156 2636 nostri
3218 2594 3383 2635 causa
3441 2592 3531 2633 as-

1948 2673 2246 2741 suuzpserit
2283 2690 2297 2727 :
2332 2681 2386 2726 et
2413 2673 2745 2741 persuadens
2781 2674 3053 2745 gentibus,
3093 2688 3160 2730 ne
3207 2672 3531 2727 attollantur

1946 2765 2232 2819 adversum
2283 2780 2378 2818 eos
2435 2767 2528 2834 qui
2587 2780 2654 2819 ex
2711 2767 2912 2821 Judmis
2958 2762 3527 2821 credideruutJudari

1945 2859 2087 2912 enim
2121 2857 2189 2911 ob
2214 2858 2631 2926 promissionem
2673 2860 2917 2927 patribus
2971 2858 3170 2914 iactam
3216 2856 3348 2912 salvi
3401 2854 3531 2912 facti
3622 2858 3629 2865 '

1945 2957 2073 3004 Sunt
2115 2966 2129 3002 :
2171 2959 2358 3020 gentes
2419 2961 2601 3003 autem
2662 2951 2775 3006 sola
2838 2950 3235 3013 misericordia,
3288 2950 3532 3020 adeoque

1945 3045 2251 3098 clementia.
2282 3043 2434 3110 Quod
2460 3059 2588 3098 vero
2613 3046 2710 3105 ait,
2737 3055 2820 3099 est
2848 3045 3157 3113 hujmmodi
3187 3062 3199 3099 :
3233 3041 3531 3096 Promissio

1946 3139 2153 3192 eratad
2181 3139 2572 3202 Ahrahamnm,
2594 3138 2740 3212 quod
2771 3152 2955 3193 semen
3008 3136 3126 3206 ejus
3164 3135 3420 3189 mundum
3474 3133 3528 3187 in

249 3221 514 3289 ἐγένοντο
547 3222 817 3288 κολάσεως
853 3225 1145 3280 ὑπεύθυνοι
1178 3226 1380 3290 πάντες
1402 3228 1451 3280 οἱ
1477 3227 1534 3294 ἐξ
1566 3227 1840 3299 Ἀϐραὰμ,

1954 3230 2319 3285 ΙιῖΒΓράῖῐῖὶῑΡῐη
2339 3240 2477 3286 esset
2512 3242 2859 3300 accepturum
2893 3225 3530 3300 :atquionrnesAhrahm

252 3315 361 3368 ὅτι
400 3315 825 3387 παραϐαίνοντες
847 3318 936 3371 τὸν
966 3318 1154 3387 νόμον,
1178 3321 1271 3372 καὶ
1297 3319 1386 3374 διὰ
1414 3321 1573 3373 τοῦτο
1627 3321 1840 3386 ἀνάξιοι

251 3407 366 3477 τῆς
398 3408 746 3477 ἐπαγγελίας.
781 3404 985 3463 Ἦλθεν
1037 3409 1129 3465 οῦν
1165 3412 1193 3463 6
1241 3412 1498 3482 Χριστὸς,
1528 3415 1621 3466 καὶ
1649 3414 1843 3482 -ἐπλή-

258 3516 415 3569 ρωσε
435 3500 525 3553 τὸν
556 3502 741 3573 νόμον,
774 3504 842 3557 τά
871 3520 930 3556 τε
959 3503 1098 3558 ἄλλα
1123 3505 1588 3576 καταδεξάμενος,
1618 3507 1714 3560 καὶ
1742 3508 1841 3578 τὴν

253 3595 593 3664 περιτομήν.
630 3594 938 3665 Πληρώσας
970 3596 1064 3650 οῦν
1090 3597 1182 3651 τὸν
1202 3597 1387 3668 νόμον,
1422 3599 1516 3651 καὶ
1576 3617 1846 3671 περιτμη-

253 3684 405 3747 θεὶς,
432 3685 526 3737 καὶ
558 3685 780 3756 σπέρμα
820 3686 1078 3759 Ἀϐραὰμ
1100 3689 1418 3761 γενόμενος,
1447 3689 1603 3743 ἔλυσε
1623 3692 1720 3761 τὴν
1749 3691 1843 3744 τοῦ

251 3774 406 3829 Θεοῦ
433 3777 621 3848 ὀργὴν,
654 3778 751 3832 καὶ
782 3779 1039 3852 ἐποίησεν
1076 3782 1225 3851 ἡμᾶς
1273 3781 1612 3852 ἐπιτηδείους
1657 3785 1737 3847 εἰς
1784 3785 1845 3836 τὸ

250 3871 523 3936 δέξασθαι
549 3873 649 3936 τὰς
674 3874 1027 3943 ἐπαγγελίας.
1068 3877 1166 3929 Διὰ
1214 3876 1374 3930 τοῦτο
1415 3877 1508 3931 οὖν
1558 3878 1844 3945 ἀνεδέξατο

250 3965 368 4033 τὴν
404 3965 727 4035 περιτομὴν,
779 3966 867 4020 ἵνα
918 3967 1138 4039 ἀληθεῖς
1193 3972 1394 4043 ποιήσῃ
1428 3971 1527 4033 τὰς
1573 3970 1667 4023 τοῦ
1709 3970 1843 4023 Θεοῦ

253 4056 620 4125 ἐπαγγελίας,
649 4058 747 4129 οὐχ
790 4060 876 4113 ἵνα
907 4062 1080 4134 στήσῃ
1115 4063 1207 4115 τὸν
1233 4062 1419 4133 νόμον.
1450 4063 1515 4116 Τί
1558 4063 1758 4129 τοίνυν,
1795 4057 1840 4117 ὦ

255 4147 330 4220 [Γ.
365 4146 419 4219 ὁ]
445 4148 768 4216 Ἰουδαΐζων,
794 4152 954 4223 ἐξέχῃ
986 4154 1080 4207 τοῦ
1118 4155 1307 4226 νόμον,
1330 4155 1396 4210 δι’
1417 4154 1479 4209 ὃν
1508 4156 1846 4221 ἐκινδύνευες

253 4240 381 4293 τῶν
401 4242 745 4311 ἐπαγγελιῶν
761 4244 807 4277 ⁸⁷
838 4246 1095 4299 ἐκπεσεῖν
1115 4263 1130 4315 ;

343 4441 367 4473 σ
407 4421 490 4475 Τὰ
526 4422 583 4475 δὲ
606 4423 735 4492 ἔθνη
763 4424 902 4495 ὑπὲρ
925 4425 1111 4491 ἐλέους
1154 4426 1376 4494 δοξάσαι
1404 4428 1496 4482 τὸν
1534 4428 1688 4483 Θεόν.
1731 4448 1750 4482 ι
1784 4431 1847 4484 Οἱ

259 4513 378 4584 μὲν
420 4512 482 4578 ἐξ
518 4512 784 4570 Ἰουδαίων
814 4518 915 4571 κᾶν
962 4518 1298 4588 ἐπαγγελίας
1353 4518 1521 4591 εἶχον,
1550 4523 1600 4575 ει
1633 4521 1728 4576 καὶ
1755 4525 1851 4577 ἅν-

1952 3323 2153 3394 poSteri
2203 3323 2420 3378 ohnoxii
2478 3322 2601 3377 facti
2645 3334 2772 3379 sunt
2818 3338 2989 3393 paenae
3044 3332 3099 3377 et
3138 3322 3330 3390 culpae,
3357 3319 3529 3390 utqui

1946 3416 2056 3469 sint
2118 3415 2414 3486 trangressi
2477 3396 2671 3485 legem,
2707 3431 2769 3470 ac
2823 3422 3106 3484 propterea
3149 3412 3352 3486 indigni
3400 3411 3529 3467 facti

1945 3509 2334 3579 promissione.
2382 3507 2540 3564 Venit
2567 3509 2750 3578 itaque
2780 3508 3054 3573 Christus,
3091 3517 3144 3561 ct
3188 3506 3429 3575 implevit
3452 3505 3529 3561 Ie-

1945 3622 2088 3671 gem,
2132 3620 2254 3659 eum
2317 3603 2446 3667 alia,
2509 3612 2617 3657 tum
2676 3601 3145 3657 circumcisionem
3206 3597 3527 3666 suscipiens.

1946 3693 2143 3764 Legem
2180 3694 2345 3765 igitur
2369 3693 2532 3747 simul
2564 3708 2628 3748 ac
2665 3692 2967 3761 implesset,
2994 3700 3247 3759 essetque
3290 3689 3529 3743 circum-

1946 3787 2115 3848 cisus,
2143 3796 2197 3841 et
2228 3800 2411 3840 semen
2435 3783 2728 3840 Ahrahami
2785 3783 2983 3846 factus,
3026 3781 3118 3837 Dei
3172 3782 3308 3834 iram
3338 3777 3532 3834 dissol-

1947 3881 2043 3948 vit,
2080 3896 2284 3950 nosque
2316 3880 2539 3936 idoneos
2571 3877 2806 3934 reddidit
2853 3878 2921 3936 ad
2968 3870 3361 3947 promissiones
3386 3873 3530 3930 reci-

1948 3973 2198 4044 piendas.
2218 3972 2349 4027 Eam
2380 3971 2525 4026 enim
2557 3971 2626 4025 oh
2655 3986 2767 4025 rem
2797 3970 3006 4038 accepit
3034 3967 3529 4029 circumcisionem,

1949 4074 2003 4119 ut
2044 4065 2432 4135 promissioues
2476 4061 2572 4116 Dei
2614 4077 2775 4117 veras
2834 4060 3092 4126 clliceret,
3126 4075 3228 4113 non
3262 4070 3319 4113 ut
3360 4058 3531 4130 legem

1947 4156 2394 4224 statueret.Qnid
2456 4157 2644 4227 igitur,
2695 4170 2729 4210 ο
2759 4153 2962 4221 ⁴ιιιιιτιιο,
3011 4153 3114 4224 legi
3166 4153 3431 4218 adhaeres,
3464 4152 3532 4204 ah

1949 4264 2124 4319 eaque
2151 4251 2376 4317 pendes,
2412 4264 2517 4319 qua
2553 4264 2624 4304 eo
2646 4247 2871 4318 periculi
2903 4248 3168 4301 adductus
3189 4260 3271 4309 es,
3318 4253 3374 4300 ul
3405 4259 3532 4313 pro-

1951 4341 2303 4396 missionihns
2336 4340 2663 4395 excideres?

2030 4434 2192 4489 Vens.
2213 4432 2267 4489 9.
2299 4432 2500 4489 Gentes
2528 4442 2711 4486 autem
2743 4445 2906 4499 super
2947 4427 3316 4485 misericordia
3368 4426 3533 4497 glori-

1950 4523 2178 4579 ﬁcarent
2208 4523 2397 4579 Deum.
2435 4542 2454 4574 ι
2517 4521 2686 4576 ,ιιιάωὶ
2745 4535 2876 4575 sane
2923 4519 3313 4589 prumissiones
3366 4518 3536 4573 habe-

255 4605 414 4670 ἄξιοι
432 4598 592 4673 ἦσαν’
615 4606 680 4658 σὺ
702 4604 781 4671 δὲ,
814 4606 841 4659 6
871 4605 1103 4673 ἐθνικὸς,
1132 4609 1249 4662 ἀπὸ
1270 4609 1677 4681 φιλανθρωπίας
1709 4610 1843 4664 ἐσώ-

1955 4618 2106 4682 bant,
2139 4617 2350 4671 etiamsi
2391 4616 2593 4686 indigni
2625 4626 2808 4669 essent
2839 4632 2853 4669 :
2893 4623 2946 4666 tu
2982 4627 3108 4667 vero
3157 4612 3247 4681 qui
3281 4626 3346 4665 ex
3397 4625 3534 4680 gen-

258 4697 377 4766 θης
401 4695 592 4767 μόνης.
645 4699 737 4750 Διὸ
767 4699 862 4752 καὶ
892 4699 1042 4764 ἄξιος
1064 4700 1132 4755 ἂν
1162 4700 1282 4772 εἴης
1319 4702 1554 4772 μάλιστα
1604 4704 1852 4770 δοξάζειν

257 4787 535 4842 τὸνθεόν.
569 4788 705 4852 Δόξα
732 4789 788 4843 δὲ
810 4790 969 4857 Θεοῦ,
1000 4792 1061 4845 τὸ
1098 4793 1341 4863 ἡνῶσθαι
1389 4796 1534 4866 ὑμᾶς
1576 4795 1848 4868 ἀλλήλοις,

260 4878 334 4933 τὸ
368 4876 659 4948 βαστάζειν
691 4897 750 4933 σε
781 4883 908 4944 τοὺς
937 4882 1205 4947 ἀσθενεῖς.

352 5082 374 5116 ι
410 5063 602 5129 Καθὼς
650 5059 1002 5137 γέγραπταιδ
1044 5065 1146 5120 Διά
1193 5066 1354 5122 τοῦτο
1387 5068 1852 5143 ἐξομολογήσομαί

269 5174 363 5211 σοι
391 5157 452 5208 ἐν
482 5157 680 5215 ἔθνεσι.
708 5161 802 5211 καὶ
820 5157 898 5230 τῷ
925 5159 1153 5231 ὀνόματί
1180 5177 1273 5214 σου
1318 5162 1495 5232 ψαλῶ.
1538 5165 1649 5218 Καὶ
1691 5165 1853 5220 πάλιν

266 5249 853 5320 λέγει·Ἐύφράνθητε,
892 5251 1040 5322 ἔθνη,
1084 5252 1224 5324 μετὰ
1243 5254 1336 5307 τοῦ
1353 5254 1483 5308 λαοῦ
1505 5255 1723 5311 αὐτοῦ.»
1744 5258 1855 5311 Καὶ

266 5341 441 5396 πάλιν
475 5358 489 5371 ·
539 5341 751 5397 Αἰνεῖτε
806 5343 899 5397 τὸν
942 5344 1168 5416 Κύριον,
1237 5347 1417 5400 πάντα
1447 5347 1515 5400 τὰ
1551 5347 1680 5417 ἔθνη
1712 5362 1727 5379 ’
1759 5348 1853 5402 καὶ

267 5432 597 5488 ἐπαινέσατε
654 5435 836 5501 αὐτὸν,
901 5436 1100 5501 πάντες
1159 5438 1208 5491 oi
1269 5437 1390 5492 λαοί
1433 5458 1451 5491 ι
1512 5440 1621 5493 Καὶ
1686 5438 1848 5494 πάλιν

281 5524 519 5590 Ἡσαΐας
545 5525 730 5594 λέγει’
777 5527 971 5582 Ἔσται
1021 5530 1055 5598 ἠ
1104 5528 1231 5601 ῥίζα
1297 5528 1390 5582 τοῦ
1436 5530 1662 5597 Ἰεσσαὶ,
1698 5529 1794 5583 καὶ
1827 5531 1855 5584 ὁ

1951 4712 2095 4767 tihus
2119 4726 2199 4777 es,
2229 4727 2294 4766 ex
2344 4711 2457 4764 sola
2485 4708 2775 4764 clementia
2824 4717 3072 4762 servatus
3125 4720 3206 4760 es.
3232 4705 3409 4771 Quare
3437 4717 3534 4772 par

1950 4812 2033 4857 est
2066 4811 2123 4855 ut
2164 4812 2217 4855 tu
2250 4801 2485 4854 maxime
2516 4798 2786 4870 gloriﬁces
2815 4798 3012 4854 Deum.
3050 4797 3142 4851 Dei
3165 4804 3342 4850 autem
3359 4793 3530 4864 gloria

1951 4904 2054 4958 est,
2083 4894 2221 4962 quod
2260 4908 2353 4947 vos
2388 4892 2524 4945 uniti
2558 4891 2693 4946 estis
2749 4900 2959 4953 mutuo,
2992 4889 3135 4959 quod
3170 4898 3223 4942 tu
3264 4887 3533 4940 sustineas

1951 4983 2005 5036 iu
2016 4983 2045 5035 li
2056 4997 2219 5037 I'IIIOS.

2025 5070 2360 5127 Vens-942.
2386 5088 2404 5122 ι
2434 5072 2581 5126 Sicut
2613 5070 2873 5140 scriptum
2905 5078 2988 5123 est
3011 5067 3381 5137 l’zPropterea
3400 5077 3533 5118 con-

1960 5164 2154 5219 lilcbor
2189 5165 2280 5217 tihi
2316 5163 2368 5216 in
2401 5164 2650 5230 gentilsus
2694 5172 2748 5216 et
2788 5158 2991 5215 nomini
3029 5168 3118 5212 tuo
3152 5155 3406 5211 cantabo.
3462 5153 3532 5208 Et

1954 5257 2150 5312 iterum
2183 5256 2357 5311 dicitc
2397 5271 2412 5309 :
2460 5254 2765 5320 Lretamini,
2802 5263 3014 5322 gentes,
3039 5264 3159 5303 cum
3183 5248 3337 5317 plehe
3386 5245 3527 5316 ejus.

1956 5348 2018 5402 Et
2046 5363 2240 5402 rursus
2265 5345 2290 5387 ἀ
2314 5364 2330 5403 :
2381 5346 2624 5401 Laudate
2679 5344 2991 5409 Dominum,
3028 5355 3218 5396 omnes
3242 5348 3448 5409 gentes,
3474 5347 3530 5392 et

1953 5438 2302 5510 magniﬁcate
2354 5452 2500 5501 eum,
2546 5451 2737 5491 omnes
2768 5433 2972 5505 populi.
3028 5430 3089 5485 Et
3123 5446 3311 5485 rursus
3360 5427 3528 5484 Isaias

1953 5533 2079 5585 dicit
2116 5541 2139 5570 ε
2188 5549 2202 5584 :
2264 5530 2379 5583 Erit
2441 5531 2591 5583 radix
2618 5528 2794 5588 Jesse.
2830 5534 2885 5579 et
2928 5524 3016 5593 qui
3050 5529 3304 5593 exsurget
3343 5533 3529 5591 regere

351 5673 379 5704 ι
441 5660 599 5717 Joan.
622 5678 756 5729 xm,
783 5663 874 5719 25.
960 5664 990 5706 δ
1018 5664 1160 5722 Psal.
1199 5682 1334 5734 nn,
1362 5668 1450 5724 49.
1529 5680 1551 5708 ο
1581 5668 1739 5724 Deut.
1768 5685 1834 5722 xx

1980 5669 2097 5755 45.¹
2147 5664 2172 5705 ἀ
2202 5666 2348 5722 Psal.
2376 5680 2521 5734 cm,
2554 5665 2605 5720 l.
2687 5675 2712 5704 ε
2740 5663 2841 5720 lsa.
2875 5679 2950 5725 XI.
2979 5661 3063 5716 10.

1621 5785 1822 5847 Varia;
1854 5784 2182 5847 lectiones.

354 5884 404 5922 ⁸⁸
429 5885 518 5940 τὸν
545 5886 714 5941 αὑτὸν
744 5885 980 5956 Χριστὸν
1008 5902 1063 5944 o.
1141 5888 1187 5920 "
1214 5888 1298 5943 ὃτι
1323 5890 1402 5954 είς
1432 5891 1541 5955 δὸξ.
1576 5890 1712 5946 Θεοῦ
1743 5906 1796 5947 o.
1874 5891 1918 5923 ⁸⁷
1941 5888 2259 5959 ἀγγελικῶν
2274 5904 2328 5943 o.
