3874 6572
444 395 551 461 539

1364 391 1941 454 THEOPIIYLACTI
1986 389 2400 452 BULGARI/E
2452 349 2813 451 ARCHIEP.

3598 385 3699 451 540

446 518 654 582 gentes,
682 506 739 561 in
774 520 894 562 eum
924 502 1125 575 gentes'
1152 503 1470 573 sperabunt.
1502 525 1522 558 ι
1562 504 1686 558 Hmc
1714 504 1896 558 omnia
1945 514 2025 558 tc-

2146 502 2492 575 ὶντστάμενος
2523 503 2714 573 ἄρχειν
2742 499 2850 553 τῶν
2880 495 3074 565 ἐθνῶν,
3114 496 3201 551 ἐπ’
3230 495 3384 566 αὐτῷ
3436 496 3570 570 ἔθνη
3626 498 3705 553 ἐλ-

448 599 702 656 stimonia
723 596 1046 668 protulit,‘ut
1069 593 1379 651 ostenderet
1396 603 1585 666 gentes
1607 607 1858 667 oportere
1889 596 2027 652 uniri

446 690 671 754 Iudaeis,
721 700 883 759 atque
943 688 1085 744 idem
1138 686 1392 743 sentire:
1436 699 1490 743 et
1539 684 1754 744 Judmns
1813 691 2029 763 quidem

446 779 776 852 comprimit,
812 794 880 836 ne
936 779 1255 835 attollautnr
1309 781 1570 837 adversus
1620 789 1858 851 gentes:
1907 800 2029 841 nam

445 875 725 947 propheta:
776 887 969 928 omnes
1017 888 1112 928 eas
1164 872 1473 927 vocabam:
1514 889 1727 929 rursum
1782 876 2033 949 gentibus

446 964 738 1037 persuadet
761 980 827 1019 ne
849 964 1047 1019 cristas
1068 964 1303 1035 erigant,
1336 980 1458 1022 cum
1488 967 1837 1023 ostenditeas
1864 969 2032 1024 multo

445 1056 601 1129 plura
618 1056 813 1113 debere
831 1055 1311 1127 Deo,\qnippe,quaa
1337 1057 1595 1127 majorem
1613 1060 1841 1129 gratiam
1873 1061 2036 1132 108

453 1150 788 1219 acceperint.
811 1146 944 1203 Nam
970 1164 1091 1205 cum
1128 1164 1235 1206 non
1289 1151 1519 1221 populus
1576 1162 1782 1218 essent,
1840 1155 2035 1225 populo

449 1240 591 1296 uniti
610 1250 756 1295 sunt.
790 1240 942 1307 Quod
966 1256 1093 1296 vero
1123 1242 1218 1306 ait,
1253 1260 1271 1293 ε
1301 1241 1616 1299 Confitebor
1658 1244 1751 1299 tibi
1777 1245 1827 1299 in
1850 1254 2027 1317 gentl-

449 1331 575 1396 lius,
612 1351 632 1385 ι
664 1347 729 1387 ex
756 1347 985 1403 persona
1036 1332 1241 1389 Christi
1269 1334 1469 1390 dictum
1500 1345 1605 1404 est,
1642 1352 1742 1406 pro
1798 1352 1866 1395 eo
1891 1338 2032 1407 quod

451 1432 557 1489 est,
588 1421 900 1479 Praedicabo
925 1433 979 1481 te
1021 1425 1075 1479 in
1129 1426 1406 1498 gentibus,
1450 1443 1483 1482 ο
1536 1426 1874 1495 Pater.At,t
1919 1429 2036 1486 Erit

451 1515 609 1571 radix
627 1513 805 1581 Jesse,
846 1535 864 1569 ι
902 1517 1272 1588 accipiendum
1297 1529 1379 1574 est
1411 1535 1531 1593 pro,
1558 1536 1625 1576 ex
1673 1521 1855 1577 radice
1878 1520 2036 1578 Jesse

459 1606 813 1675 germinahit,
847 1609 940 1680 qui
992 1614 1249 1682 exsurget
1303 1611 1570 1669 dominari
1623 1614 1898 1684 gentibus,
1927 1614 2032 1671 hoc

454 1706 539 1753 est
570 1696 843 1756 Christus.

2134 595 2341 650 πιοῦσι.
2372 614 2389 646 ι
2422 594 2641 663 Ταύτας
2675 591 2856 655 πάσας
2883 588 2983 659 τὰς
3034 590 3342 661 μαρτυρίας
3396 590 3707 665 παρήγαγε,

2132 686 2372 753 δεικνὺς,
2438 686 2521 741 ὅτι
2571 684 2653 738 δεῖ
2690 681 2934 754 ἡνῶσθαι
2984 682 3112 747 τοὺς
3165 680 3224 747 ἐξ
3267 680 3437 735 ἐθνῶν
3481 684 3595 747 τοῖς
3651 682 3707 755 ἐξ

2134 779 2431 847 Ἰουδαίων,
2462 778 2559 833 καὶ
2610 776 2671 831 τὺ
2700 774 2834 832 αὐτὸ
2883 775 3106 846 φρονεῖν
3135 789 3150 805 ’
3174 773 3270 827 καὶ
3326 773 3454 837 τοὺς
3516 774 3616 845 μὲν
3652 775 3708 842 ἐξ

2146 874 2416 929 Ἰουδαίων
2475 868 2878 937 καταστέλλων,
2908 867 2994 922 ἴνα
3049 869 3129 940 μὴ
3174 866 3516 943 ἐπαίρωνται
3574 868 3707 923 κατά

2133 968 2242 1025 τῶν
2275 967 2335 1033 ἐξ
2380 965 2551 1021 ἐθνῶν
2578 980 2591 993 ·
2638 964 2689 1018 οί
2723 963 2832 1034 γὰρ
2898 959 3178 1034 προφῆται
3238 959 3446 1023 πάντες
3494 956 3707 1021 τούτους

2135 1058 2364 1112 ἐκάλουν
2390 1073 2405 1086 ⁸
2437 1058 2563 1120 τοὺς
2590 1054 2647 1109 δὲ
2681 1054 2740 1119 ἐξ
2771 1050 2941 1107 ἐθνῶν
2959 1050 3122 1106 πάλιν
3168 1050 3373 1108 πείθων
3420 1050 3708 1105 συνεστάλο

2136 1149 2250 1212 θαι,
2274 1148 2351 1219 τῷ
2381 1148 2551 1214 δεῖξαι
2582 1147 2805 1200 πλείονα
2852 1144 3170 1217 ὀφείλοντας
3218 1142 3297 1214 τῷ
3322 1142 3467 1215 Θεῷ,
3493 1142 3570 1208 ὥς
3624 1144 3711 1203 καὶ

2135 1242 2356 1298 πλείονα
2379 1240 2640 1305 λαϐόντας
2694 1238 2877 1313 χάριν.
2934 1238 3131 1319 "Oves;
3163 1236 3275 1308 γὰρ
3302 1236 3371 1299 ,ού
3396 1235 3551 1300 λαὸς,
3578 1233 3709 1306 ἠνώ-

2137 1335 2309 1408 οησαν
2334 1333 2411 1408 τῷ
2436 1333 2571 1404 λαῷ.
2607 1332 2680 1387 Τὸ
2701 1332 2782 1400 δὲ,
2831 1350 2850 1382 ι
2872 1328 3370 1402 Ἐξομολογήσομαί
3408 1346 3488 1386 σοι
3527 1328 3585 1384 ἐν
3630 1326 3710 1385 to-

2135 1444 2302 1491 νεσιν,
2344 1446 2361 1479 ι
2398 1429 2462 1481 ἐκ
2483 1423 2777 1497 προσώπου
2810 1421 2903 1477 τοῦ
2926 1421 3165 1494 Χριστοῦ
3199 1420 3580 1493 είρηται,ἀντὶ
3603 1421 3709 1487 τοῦ.

2137 1519 2384 1591 Κηρύξω
2408 1520 2455 1551 ⁸⁸
2483 1535 2564 1580 σε.
2584 1512 2635 1571 ὦ
2659 1517 2862 1587 Πάτερ,
2888 1517 2946 1571 ἐν
2970 1517 3083 1581 τοῖς
3102 1513 3303 1569 ἔθνεσι.
3320 1513 3395 1568 Τὸ
3423 1512 3505 1581 δὲ,
3545 1531 3563 1563 ι
3594 1514 3712 1566 Ἐσ-

2134 1612 2283 1684 ταιή
2321 1609 2448 1681 ῥίζα
2482 1608 2577 1665 τοῦ
2598 1607 2819 1671 Ἰεσσαὶ,
2850 1624 2870 1658 ι
2902 1604 3024 1660 ἀντὶ
3056 1603 3177 1673 τοῦ,
3207 1606 3273 1661 ἐκ
3293 1603 3390 1675 τῆς
3425 1602 3583 1674 ῥίζης
3625 1601 3709 1659 τοῦ

2155 1701 2364 1757 Ἰεσσαὶ
2398 1700 2695 1775 βλαστήσει
2733 1697 3144 1768 ὁάνιστάμενος
3172 1696 3361 1769 ἄρχειν
3391 1694 3502 1750 τῶν
3532 1694 3708 1774 ἐθνῶν,

2138 1792 2418 1848 τουτέστιν
2445 1794 2473 1846 ὁ
2491 1789 2752 1863 Χριστός.

524 1877 693 1934 Vens.
726 1878 813 1934 15.
849 1899 869 1933 t
912 1879 1054 1935 Deus
1109 1891 1288 1937 autem
1317 1885 1431 1956 spei
1480 1886 1693 1958 repleat
1726 1904 1824 1947 vos
1877 1895 2027 1949 omni

2216 1904 2235 1938 ι
2283 1884 2342 1941 Ὀ
2373 1884 2429 1938 δέ
2455 1882 2590 1947 Θεὸς
2643 1882 2743 1954 τῆς
2795 1880 3011 1945 ἐλπίδος
3033 1876 3493 1950 πληρώσαιύμᾶς
3544 1878 3710 1946 πάσης

454 1969 650 2040 gaudio
678 1981 730 2026 et
758 1987 890 2041 pace
922 1975 975 2027 in
1009 1975 1301 2040 credendo,
1329 1987 1388 2031 ut
1414 1978 1700 2037 abundetis
1730 1980 1783 2037 in
1829 1997 1945 2051 spe,
1979 1983 2036 2041 in

453 2062 661 2117 virtute
711 2063 947 2134 Spiritus
1001 2066 1202 2122 Sancti.
1238 2086 1258 2121 ι
1299 2066 1533 2138 Exoptat
1590 2071 1742 2141 ipsis,
1778 2083 1838 2129 ut
1888 2075 2037 2131 omni

455 2148 644 2205 laetitia
684 2153 994 2222 repleantur
1013 2153 1185 2212 Judaei
1226 2170 1243 2211 :
1277 2173 1400 2213 nam
1431 2158 1701 2230 objurgati
1746 2165 2040 2221 contrista-

453 2236 653 2297 bant‘ur
681 2266 692 2298 :
720 2257 783 2299 ac
808 2253 867 2299 ιιι
905 2261 1036 2315 pace
1070 2246 1384 2303 imbuantur
1440 2254 1726 2311 credentes
1769 2269 1834 2310 ex
1864 2256 2055 2324 θεοῦ-⁸

454 2333 559 2388 bus
600 2333 682 2388 :ii
749 2351 984 2405 namque
1038 2338 1363 2394 ridebantur
1412 2356 1532 2398 esse
1587 2343 1781 2402 infensi
1842 2347 1911 2405 iis
1949 2349 2040 2418 qui

454 2421 572 2493 lege
597 2423 773 2481 adhuc
821 2428 1163 2493 tenebantur,
1201 2431 1280 2486 vel
1337 2433 1516 2503 potius
1556 2445 1614 2490 ut
1648 2439 1861 2508 utrique
1890 2449 2041 2498 utro-

454 2531 562 2584 que
593 2515 921 2584 repleantur,
955 2521 1154 2589 gaudio
1188 2523 1402 2580 scilicet
1435 2534 1489 2580 et
1515 2542 1670 2598 pace.
1708 2528 1865 2586 Unde
1911 2546 2042 2589 vero

455 2607 597 2663 istud
628 2607 1089 2667 ﬁat?Credendo.
1129 2612 1306 2669 Fides
1356 2627 1536 2673 autem
1583 2621 1649 2674 ad
1699 2622 1827 2690 quid
1883 2625 2042 2682 nobis

455 2700 722 2770 prodest?
774 2700 846 2756 Ut
902 2704 1266 2762 exuberemns
1318 2708 1372 2761 in
1422 2724 1537 2778 spe.
1590 2712 1691 2780 Qui
1744 2715 1890 2772 enim
1940 2717 2044 2776 fide

357 2855 368 2864 .
457 2790 816 2857 apprehendit
873 2791 1052 2847 futura
1090 2794 1252 2864 bona,
1305 2800 1594 2867 praesentia
1649 2818 1755 2859 non
1819 2807 2043 2865 moleste

458 2879 665 2944 ferens,
698 2880 786 2938 hic
809 2898 942 2939 sane
971 2899 1067 2955 spe
1114 2886 1376 2956 abundat,
1430 2891 1683 2949 nimirum
1729 2911 1850 2966 qua:
1914 2914 2043 2955 ven-

458 2979 582 3026 tura
630 2982 758 3028 sunt
816 2986 1165 3044 exspectans,
1199 2982 1492 3053 omniaque
1526 2993 1854 3057 temporaria
1902 2992 2040 3048 mala

459 3073 518 3118 et
555 3065 784 3121 adversa
814 3066 1108 3127 sttﬂerens.
1140 3070 1345 3143 Ecquid
1381 3090 1542 3144 porro
1570 3092 1693 3148 spes
1732 3082 1886 3139 nobis
1913 3098 2046 3140 con-

2138 1979 2314 2054 χαρᾶς
2341 1978 2437 2033 καὶ
2493 1977 2736 2048 είρήνης,
2767 1976 2827 2029 ἐν
2847 1973 2925 2044 τῷ
2951 1972 3256 2037 πιστεύειν,
3290 1970 3467 2051 είςοτδ
3528 1986 3709 2040 περισο

2141 2073 2319 2126 σεύειν
2367 2070 2515 2142 ὑμᾶς
2568 2070 2627 2123 ἐν
2663 2069 2730 2140 τῇ
2778 2066 2980 2131 ἐλπίδι,
3006 2065 3065 2118 ἐν
3120 2062 3351 2135 δυνάμει
3405 2063 3706 2132 Πνεύματος

2139 2164 2318 2235 ἁγίου.
2354 2183 2374 2220 ι
2401 2161 2634 2234 Εὗχεται
2656 2161 2843 2226 αὐτοῖς
2871 2161 2959 2217 ἵνα
2984 2159 3319 2232 πληρωθῶσι
3339 2158 3527 2227 πάσης
3548 2156 3707 2228 χαρᾶς

2139 2258 2191 2315 ei
2218 2257 2279 2322 ἐξ
2303 2255 2574 2311 Ἰουδαίων
2608 2245 2776 2325 (οὗτοι
2793 2249 3165 2325 γὰρηθύμουν
3192 2248 3665 2320 επιπληττόμενοι)
3691 2262 3705 2277 ο

2140 2349 2236 2404 καὶ
2267 2348 2514 2419 εἰρήνης,
2532 2346 2583 2399 oi
2612 2345 2673 2413 ἐξ
2703 2344 2892 2399 ἐθνῶν·
2914 2336 3066 2430 οξτοι
3088 2341 3200 2415 γὰρ
3229 2341 3453 2397 ἐδόκουν
3470 2338 3707 2409 ἀπεχθῶς

2141 2442 2284 2514 ἐχειν
2310 2440 2448 2513 πρὸς
2467 2439 2596 2504 τοὺς
2614 2438 2697 2493 ἐτι
2725 2438 2819 2495 τοῦ
2844 2437 3014 2508 νόμου
3049 2435 3454 2508 ἀντεχομένους
3481 2433 3552 2466 ⁸⁸⁸
3581 2432 3707 2502 μᾶλ-

2141 2533 2233 2586 λον
2266 2532 2325 2586 δέ
2343 2530 2644 2602 ἀμφότεροι
2669 2527 3025 2601 ἀμφοτέρων.
3061 2526 3186 2590 Πῶς
3213 2525 3259 2578 δ’
3287 2524 3355 2580 ἂν
3417 2521 3579 2576 τοῦτο
3626 2521 3707 2591 γέ-

2142 2638 2319 2690 νοιτο;
2351 2622 2444 2676 Ἐν
2466 2619 2545 2692 τῷ
2570 2617 2874 2674 πιστεύειν.
2911 2618 2977 2672 Ἦ
2999 2615 3057 2675 δὲ
3091 2615 3273 2680 πίστις
3295 2613 3400 2668 ποῦ
3427 2611 3703 2682 συμϐαλεῖ·

2142 2733 2234 2772 ται
2274 2717 2449 2787 ήμῖν;
2489 2713 2586 2779 Είς
2624 2713 2685 2767 τὸ
2717 2709 3064 2784 περισσεύειν
3083 2710 3142 2763 ἐν
3170 2712 3235 2781 τῇ
3289 2707 3487 2763 ἐλπίδι.
3525 2707 3582 2761 ’0
3609 2704 3706 2773 γὰρ

2145 2805 2419 2861 πιστεύων
2464 2808 2578 2871 τοῖς
2610 2804 2889 2877 μέλλουσι,
2942 2803 3038 2858 καὶ
3063 2800 3140 2875 μὴ
3192 2800 3330 2874 πρὸς
3366 2801 3433 2857 τὰ
3481 2798 3705 2869 παρόντα

2143 2893 2704 2971 δυσχεραίνων,οὒτος
2726 2894 3047 2968 περισσεύει
3070 2897 3127 2950 ἐν
3158 2897 3225 2966 τῇ
3272 2894 3469 2959 ἑλπίδι,
3493 2890 3707 2953 ἐλπίζων

2143 2991 2213 3045 τὰ
2274 2990 2676 3062 μέλλοντα.καὶ
2709 2989 2889 3045 πάντα
2936 2988 3226 3059 ὑπομένων
3277 2987 3349 3041 τά
3414 2986 3708 3058 πρόσκαιρα

2145 3085 2313 3143 δεινά.
2343 3084 2453 3139 Ποῦ
2497 3082 2553 3138 δὲ
2592 3085 2625 3156 ἡ
2689 3082 2845 3147 ἐλπὶς
2900 3082 3033 3153 ἡμῖν
3097 3080 3487 3153 συμϐαλεῖταις
3525 3079 3611 3139 Ei;
3655 3074 3707 3129 τὸ

459 3153 602 3213 fert?
627 3156 697 3213 Ut
734 3159 1077 3219 obtineamus
1113 3166 1368 3222 virtutem
1421 3169 1678 3241 Spiritus,
1732 3190 1854 3246 qua:
1891 3193 2040 3249 spem

2147 3175 2454 3248 κτήσασθαι
2486 3177 2587 3247 τὴν
2614 3153 2850 3245 δύναμιν
2875 3171 2969 3229 τοῦ
3019 3172 3175 3240 ἁγίου
3206 3173 3521 3242 Πνεύματος
3559 3185 3572 3199 ’
3599 3169 3707 3266 ἣτις

460 3257 702 3304 nostram
730 3249 1005 3309 fortiorem
1029 3256 1495 3332 potentioremque
1508 3263 1725 3320 eliiciet.
1757 3266 1878 3338 Ipsa
1895 3271 2040 3326 enim

461 3351 588 3408 spes
616 3338 855 3413 Spiritus
884 3346 1177 3415 potentiam
1204 3357 1260 3405 et
1292 3350 1549 3409 virtutem
1580 3356 1737 3413 nobis
1759 3361 2041 3432 conciliat,

461 3440 513 3486 ct
539 3444 727 3489 contra
746 3449 778 3490 a
806 3434 1012 3508 Spiritu
1035 3452 1226 3497 sancto
1265 3441 1319 3497 in
1367 3445 1522 3502 nobis
1563 3447 1755 3505 fortior
1776 3449 2040 3511 redditur.

531 3615 698 3676 Vens.
734 3621 824 3678 14.
858 3639 879 3676 ο
906 3622 1236 3703 ⁸Ρειιειιιιειιηι
1259 3638 1437 3684 autem
1469 3631 1664 3703 habeo,
1702 3635 1897 3695 fratres
1916 3641 2044 3708 mei,

463 3724 520 3771 et
541 3714 659 3786 ipse
690 3731 789 3787 ego
820 3717 888 3773 de
918 3719 1090 3786 vobis,
1125 3719 1269 3790 quod
1299 3731 1355 3777 et
1405 3722 1507 3793 ipsi
1534 3724 1679 3796 pleni
1706 3728 1839 3784 estis
1884 3730 2043 3787 boni-

465 3815 595 3871 tate,
629 3809 817 3878 repleti
856 3810 1005 3865 omni
1037 3812 1289 3879 scientia,
1324 3822 1381 3868 ut
1408 3814 1499 3885 qui
1535 3818 1757 3886 possitis
1800 3830 1854 3876 et
1907 3823 2044 3881 alios

464 3897 777 3955 admonere.
820 3918 840 3952 ι
883 3902 1020 3968 Quia
1081 3918 1222 3974 stepe
1280 3908 1559 3975 asperiore
1619 3924 1870 3969 sermone
1913 3930 2043 3973 usus

466 3999 573 4056 est,
619 3991 875 4063 deinceps
902 3995 1112 4067 mitigat
1152 3999 1424 4053 eumdem.
1471 4001 1582 4056 Nec
1635 4002 1797 4071 dixit,
1841 4010 2042 4076 audivi,

467 4083 586 4148 sed,
615 4099 634 4133 ι
679 4099 1004 4153 persuasum
1055 4087 1246 4152 habeo,
1283 4107 1302 4140 ι
1344 4089 1447 4145 hoc
1499 4102 1603 4157 est,
1667 4097 1871 4152 certior
1924 4114 2041 4154 sum

465 4170 643 4230 factus
681 4195 700 4228 ι
740 4176 931 4246 etipse
957 4193 1076 4247 ego,
1113 4198 1132 4230 ι
1166 4183 1258 4249 qui
1288 4196 1385 4236 vos
1420 4182 1723 4255 obiurgavi,
1754 4190 1844 4259 qui
1880 4206 2042 4247 accu-

466 4266 622 4334 savi;
661 4283 682 4319 ί
713 4268 856 4336 quod
893 4268 1035 4337 pleni
1068 4270 1199 4326 estis
1246 4272 1509 4338 bonitate,
1559 4292 1578 4326 ι
1619 4276 1669 4331 id
1730 4289 1835 4347 est,
1869 4294 2047 4340 mente

464 4358 708 4415 fraterna
756 4361 1025 4417 cbaritate
1052 4363 1405 4420 inflammata.
1434 4364 1529 4422 Vel
1587 4371 1896 4430 universam
1934 4377 2045 4431 vir-

468 4458 635 4506 tutem
666 4452 964 4509 bonitatem
1001 4456 1250 4525 appellat.
1289 4456 1400 4515 Nec
1436 4460 1539 4526 ait,
1570 4462 1784 4522 habetis
1830 4467 2047 4526 bonita-

2145 3265 2213 3323 αὗ
2251 3268 2351 3332 τὴν
2408 3266 2600 3322 ἐλπίδα
2633 3264 2784 3338 ἡμῶν
2832 3264 3215 3336 δυνατωτέραν
3271 3264 3579 3336 ἐργάσεται.
3607 3262 3705 3316 Καὶ

2145 3361 2403 3434 προξενεῖ
2439 3361 2549 3432 γὰρ
2588 3360 2728 3431 ἡμῖν
2761 3357 2860 3426 τὴν
2914 3356 3146 3429 δύναμιν
3194 3356 3294 3413 τοῦ
3340 3356 3701 3427 Πνεύματοςή

2145 3452 2298 3519 ἐλπίς
2333 3467 2347 3484 ·
2380 3452 2474 3507 καὶ
2502 3451 2667 3507 πάλιν
2699 3449 2806 3504 ὑπὸ
2837 3448 2933 3505 τοῦ
2983 3450 3139 3519 ἁγίου
3172 3448 3489 3521 Πνεύμαίτος
3514 3451 3569 3503 ἐν
3586 3450 3705 3519 ημῖν

2146 3543 2518 3620 κραταιοτέρα
2550 3544 2789 3615 γίνεται.

2222 3657 2242 3694 ι
2274 3638 2590 3711 Πέπεισμαι
2614 3637 2693 3707 δὲ,
2722 3637 2945 3708 ἀδελφοί
2972 3654 3098 3711 μου,
3124 3637 3220 3692 καὶ
3246 3635 3409 3700 αὐτὸς
3440 3634 3545 3705 ἐγὼ
3585 3633 3704 3704 περὶ

2147 3732 2323 3803 ὑμῶν,
2354 3733 2439 3787 ὅτι
2478 3732 2573 3786 καὶ
2618 3731 2773 3785 αὐτοὶ
2827 3729 3018 3802 μεστοί
3064 3729 3190 3783 ἐστε
3216 3727 3589 3798 ἀγαθωσύνης,
3618 3744 3703 3779 πε-

2147 3824 2500 3896 πληρωμένοι
2526 3822 2708 3893 πάσης
2741 3822 3017 3891 γνώσεως,
3044 3810 3332 3891 δυνάμενοι
3362 3819 3457 3873 καὶ
3470 3818 3645 3880 ἄλλους
3662 3817 3702 3848 ⁸⁸

2146 3915 2441 3971 νουθετεῖν.
2482 3933 2501 3968 ι
2525 3913 2747 3986 Ἐπειδὴ
2786 3911 3058 3985 πολλαχοῦ
3080 3912 3418 3983 τραχύτερον
3447 3910 3533 3965 τὸν
3562 3910 3703 3979 λόγον

2147 4008 2400 4078 ἐποίησε,
2460 4005 2756 4079 θεραπεύει
2803 4005 3012 4060 λοιπόν.
3075 4005 3188 4059 Καὶ
3249 4004 3350 4061 οὐκ
3400 3999 3589 4069 εἶπεν,
3629 4005 3702 4057 ὅτι

2150 4100 2417 4167 Ἤκουσα,
2466 4100 2624 4165 ἀλλὰ,
2658 4117 2680 4153 ι
2718 4099 3058 4171 Πέπεισμαι,
3099 4116 3120 4151 ι
3154 4097 3419 4160 τουτέστι,
3455 4096 3703 4165 πεπληρο-

2148 4193 2392 4264 φόρημαι
2419 4192 2513 4245 καὶ
2529 4190 2696 4254 αὐτὸς
2724 4189 2833 4261 ἐγὼ
2865 4193 2893 4244 ὁ
2914 4189 3185 4260 ἐπιτιμῶν
3216 4189 3371 4261 ύμῖν,
3392 4189 3423 4242 ὁ
3456 4186 3699 4257 ἐγκαλῶν,

2154 4308 2173 4342 ι
2208 4289 2289 4342 ὅτι
2325 4286 2512 4359 μεστοί
2542 4287 2665 4339 ἐστε
2698 4284 3081 4356 ἀγαθωσύνης,
3111 4302 3129 4336 ι
3166 4281 3467 4347 τουτέστιν,
3514 4277 3701 4349 ἀγαθῆς

2147 4378 2373 4451 γνώμης
2401 4380 2493 4431 καὶ
2518 4376 2848 4447 φιλαδέλφου
2990 4378 3084 4429 καὶ
3118 4374 3418 4445 ὀλόκληρον
3471 4374 3566 4443 τὴν
3595 4372 3701 4441 ἀρε·

2146 4472 2244 4541 τὴν
2284 4469 2644 4540 ἀγαθωσύνην
2674 4469 2847 4523 καλεῖ.
2884 4468 2992 4522 Καὶ
3044 4468 3144 4521 οὐκ
3188 4462 3362 4531 εἶπεν,
3411 4466 3491 4518 ὅτι
3521 4464 3697 4533 Ἔχετε

468 4548 600 4610 tem,
630 4544 749 4611 sed,
789 4565 809 4598 ‹
844 4548 984 4617 pleni
1018 4552 1168 4605 estis.
1202 4569 1222 4603 ›
1269 4554 1336 4607 At
1366 4554 1511 4609 enim
1545 4556 1671 4625 quia
1728 4557 1857 4612 nihil
1919 4577 2040 4631 pro-

2150 4561 2531 4631 ὰγαθωσύνην,
2572 4559 2710 4626 ἀλλ’,
2740 4560 2822 4611 ὅτι
2859 4578 2877 4610 ι
2908 4557 3113 4612 Μεστοί
3143 4559 3289 4613 ἐστε.
3319 4576 3338 4609 ι
3376 4555 3528 4610 Ἐπεὶ
3549 4553 3604 4607 δὲ
3624 4551 3699 4605 ού·

467 4635 594 4693 dest
622 4638 821 4694 habere
840 4640 1058 4710 quidem
1098 4643 1427 4709 bonitatem,
1462 4648 1798 4705 necinterim
1833 4654 2048 4707 novisse

466 4726 562 4797 qui
616 4727 760 4784 istac
809 4730 879 4785 sit
925 4733 1202 4798 utendum,
1255 4748 1374 4789 eam
1426 4737 1496 4791 ob
1542 4740 1803 4794 rationem
1855 4741 2051 4810 adjecit

472 4835 494 4870 ι
525 4818 672 4874 omni
700 4821 1036 4892 cognitione;
1071 4824 1268 4894 quippe
1294 4826 1386 4894 qui
1432 4829 1654 4897 possitis
1682 4839 1737 4886 et
1764 4832 1901 4889 alios
1955 4834 2050 4886 ad-

469 4927 727 4978 monere;
754 4933 775 4967 ι
806 4931 912 4970 non
950 4918 1126 4973 solum
1149 4919 1366 4987 quidem
1412 4920 1515 4991 ipsi
1546 4922 1772 4990 discere,
1802 4926 1897 4982 sed
1955 4941 2051 4997 po-

470 5004 577 5059 tius
600 5006 737 5061 alios
760 5007 925 5063 etiam
957 5009 1175 5064 docere.

537 5097 706 5155 Vens.
740 5099 825 5155 l5.
861 5119 880 5153 ι
910 5100 1214 5159 Audentius
1235 5106 1434 5172 {autem
1487 5106 1680 5177 scripsi
1732 5110 1905 5174 vobis,
1939 5110 2048 5166 fra-

469 5198 601 5257 tres,
659 5207 726 5248 ex
776 5205 955 5263 parte,
1010 5194 1175 5249 veluti
1264 5186 1767 5255 connnonefaciens
1840 5217 1956 5259 vos.
2020 5222 2042 5257 )

470 5282 694 5340 Summa
722 5283 985 5354 dignitate
1014 5285 1295 5354 causpicui
1327 5295 1485 5341 erant
1510 5285 1766 5357 Romani,
1788 5305 1849 5343 ac
1880 5294 2049 5347 multo

469 5375 612 5432 fastu
648 5378 957 5448 turgebant.
991 5376 1122 5431 Eam
1142 5378 1212 5431 ob
1254 5393 1368 5432 rem
1425 5393 1519 5434 eos
1555 5380 1688 5435 lenit
1718 5393 1771 5437 et
1814 5382 2044 5454 mitigat,

470 5469 599 5524 dum
628 5468 727 5536 ait,
757 5485 777 5519 ι
814 5468 994 5522 Ausus
1036 5467 1134 5521 fui.
1171 5486 1189 5521 ι
1224 5468 1359 5523 Nam
1392 5486 1488 5540 per
1522 5473 1626 5527 hoc
1645 5475 1865 5529 verbum
1891 5475 2045 5533 valde

469 5560 706 5617 conterit
729 5574 846 5618 eos.
878 5560 1068 5628 Neque
1111 5574 1176 5616 eo
1230 5570 1518 5619 contentus
1554 5574 1657 5632 est,
1686 5565 1779 5621 scd
1816 5567 2045 5634 addidit,

2145 4655 2234 4707 δέν
2267 4654 2457 4723 ὄφελος
2487 4653 2633 4724 ἔχειν
2690 4651 2791 4722 μὲν
2847 4650 3236 4720 ἀγαθωσύνην,
3270 4651 3352 4723 μὴ
3403 4648 3598 4703 εἰδέναι
3629 4643 3697 4711 δέ,

2145 4745 2265 4810 πῶς
2319 4744 2399 4798 δεῖ
2448 4726 2686 4816 χρῆσθαι
2738 4742 2940 4816 ταύτῃ,
3001 4740 3092 4797 διὰ
3154 4740 3313 4794 τοῦτο
3365 4736 3697 4811 προσέθηκε³

2152 4855 2170 4888 t
2194 4836 2379 4906 Πάσης
2391 4833 2667 4904 γνώσεως,
2693 4833 2985 4904 δυνάμενοι
3000 4832 3097 4885 καὶ
3128 4829 3320 4894 ἄλλους
3343 4828 3614 4884 νουθετεῖν
3638 4841 3652 4856 ο
3674 4840 3692 4876 i

2145 4930 2267 5001 οὐχὶ
2297 4929 2457 5001 μόνον
2481 4928 2793 5000 μανθάνειν,
2818 4924 2959 4981 ἀλλὰ
2981 4923 3185 4996 μᾶλλον
3203 4922 3299 4978 καὶ
3326 4918 3610 4977 διδάσκειν.

2224 5129 2244 5164 t
2278 5109 2688 5181 Τολμηρότερον
2741 5107 2797 5161 δὲ
2847 5105 3066 5177 ἔγραψα
3124 5106 3275 5177 ὑμῖν,
3316 5104 3557 5174 ἀδελφοὶ,
3609 5099 3702 5155 ἀπὺ

2152 5200 2371 5274 μέρους,
2404 5200 2479 5264 ὡς
2502 5202 3008 5270 ἐπαναμιμνήσκων
3057 5198 3225 5268 ὑμᾶς.
3260 5215 3280 5250 ι
3329 5196 3420 5250 Ἐν
3455 5196 3702 5269 ἀξιώματι

2146 5289 2288 5365 ἦσαν
2322 5293 2372 5345 οἱ
2416 5292 2700 5361 Ῥωμαῖοι,
2722 5291 2818 5343 καὶ
2844 5288 3046 5361 πολλὴν
3079 5286 3226 5360 εἶχον
3257 5287 3563 5360 φλεγμονὴν
3594 5302 3608 5317 ·
3632 5282 3702 5338 διὸ

2147 5383 2657 5458 θεραπεύειαύτοὺς
2676 5383 2732 5434 ὲν
2755 5380 2833 5453 τῷ
2855 5380 3055 5449 λέγειν·
3094 5398 3112 5431 ι
3152 5378 3483 5451 Ἐτόλμησα.
3518 5398 3542 5433 1
3570 5376 3701 5431 Πάνυ

2159 5480 2259 5547 γὰρ
2291 5475 2540 5547 κατακλᾷ
2566 5472 2792 5537 τούτους
2836 5473 2931 5526 νδιά
2965 5471 3155 5527 τούτου
3189 5471 3286 5525 τοῦ
3319 5473 3579 5547 ῥήματος.
3609 5465 3703 5524 Καὶ

2151 5569 2274 5622 οὐδὲ
2305 5569 2483 5641 τούτῳ
2504 5569 2781 5641 ἀρκεῖται,
2805 5565 2941 5621 ἀλλά
2981 5566 3322 5639 προσέθηκεν
3354 5582 3372 5600 ο
3407 5583 3427 5617 ι
3449 5561 3579 5618 Ἀπὸ
3618 5557 3703 5633 μὲ-

1832 5701 2038 5764 Varize
2080 5702 2414 5766 lectiones.

545 5818 591 5849 ⁵⁸
612 5815 974 5888 ἀνακηρύττω
991 5834 1046 5876 o.
1120 5821 1167 5853 "
1196 5820 1552 5894 ἐξεχομένους
1576 5840 1629 5880 ο.
1707 5826 1752 5858 ⁶⁰
1791 5825 2059 5899 ἀλλήλους
2095 5842 2167 5883 ω.
