3874 6572
167 424 257 500 Sil

923 441 1335 506 EXPOSITIO
1364 444 1446 505 IN
1486 444 1728 509 EPIST.
1771 449 1872 512 AD
1914 452 2099 520 non.
2135 486 2192 498 —
2234 436 2393 525 CAP.
2434 462 2557 530 xv.

3256 486 3259 489 '
3293 468 3407 535 552

309 564 324 579 '
354 568 393 649 »-
434 550 734 649 τουτέστιν,
764 549 968 649 ᾖρέμα,
1019 558 1115 611 καὶ
1166 556 1257 612 διὰ
1307 559 1557 630 βραχέων
1588 577 1603 593 ·
1635 562 1729 614 καὶ

1841 586 1857 618 ι
1904 565 1981 623 Ex
2015 584 2192 642 parte,
2227 594 2244 631 ι
2304 578 2409 632 hoc
2443 590 2547 643 est,
2575 578 2806 647 placide,
2829 587 2887 636 et
2907 578 3097 649 paucis
3126 598 3141 636 :
3176 594 3242 636 ac
3297 596 3403 637 non

165 641 344 712 οὐχὪς
363 640 645 704 διδάσκων,
670 640 806 711 ἀλλ’,
837 665 855 698 ι
876 642 966 713 Ὠς
984 647 1507 723 ἐπαναμιμνήσκων,
1523 670 1541 706 ι
1564 666 1719 707 τουτο

166 733 271 786 ἐστι
310 734 506 803 μικρόν
537 752 584 788 τι
610 736 1070 809 ἀναμιμνήσκων.

232 842 252 875 ο
278 825 372 876 Διὰ
402 826 505 893 τὴν
527 825 687 897 χάριν
705 827 774 861 ⁶⁶⁹
797 829 894 901 τὴν
922 831 1171 887 δοθεῖσάν
1198 845 1290 903 μοι
1313 835 1416 888 ὑπὸ
1443 833 1537 890 τοῦ
1559 831 1718 901 θεοῦ,

1826 660 1988 715 veluti
2021 662 2239 733 docens,
2277 669 2390 734 sed,
2421 689 2438 721 ι
2473 668 2641 726 veluti
2692 671 3208 738 commonefaciens,
3243 689 3264 725 ι
3294 659 3405 730 hoc

1824 762 1928 818 est,
1969 755 2224 824 paulatim
2252 760 2304 815 in
2338 764 2659 817 memoriam
2687 779 2976 820 revocans.

1896 842 2065 904 Vens.
2095 848 2184 917 15,
2222 841 2349 909 16.ι’
2396 853 2625 925 Propter
2655 856 2886 926 gratiam
2917 872 3041 927 qua:
3096 857 3228 916 mihi
3278 859 3405 915 data

164 917 235 981 είς
262 915 318 971 τὸ
346 903 487 971 εἷναί
545 937 614 990 με
672 918 994 995 λειτουργὸν
1044 923 1220 995 Ἰησοῦ
1243 914 1478 998 Χριστοῦ
1531 928 1611 992 εἰς
1655 928 1727 982 τὰ

1841 948 1907 993 :st
1937 956 1966 994 a
1998 942 2157 1013 109
2187 944 2315 1001 Deo.
2344 945 2417 1002 Ut
2437 961 2614 1004 essem
2635 903 2736 1019 eugo
2763 903 3014 1006 minister
3039 949 3165 1007 Jesu
3196 951 3402 1008 Christi

164 1010 297 1081 ἔθνη,
328 1008 720 1081 ἱερουργοῦντα
751 1015 811 1068 τὸ
856 1016 1193 1086 Εὑαγγέλιον
1226 1014 1322 1072 τοῦ
1365 1020 1522 1074 Θεοῦ.
1563 1039 1581 1072 ι
1610 1021 1722 1074 Τα-

164 1101 458 1173 πεινότερον
503 1102 597 1157 τὸν
646 1105 804 1174 λόγον
851 1108 1044 1176 ποιῶν,
1079 1109 1723 1185 λέγει,δτιοὑκὲμαυτῷ

164 1194 369 1263 ἤρπασα
400 1193 507 1265 τὴν
566 1194 755 1268 τιμὴν,
787 1199 905 1252 ἀλλ’
961 1202 990 1255 ὁ
1040 1200 1176 1267 Θεὸς
1221 1203 1384 1258 τοῦτο
1431 1205 1719 1272 ἐπέταξεν,

1827 1034 1968 1088 inter
1996 1043 2203 1104 gentes,
2230 1038 2579 1095 sanctiﬁcans
2610 1039 2961 1112 Evangelium
2998 1043 3117 1098 Dei.
3158 1062 3178 1097 ι
3210 1043 3404 1099 Humi-

1826 1123 2013 1181 liorem
2036 1129 2488 1187 modestioremve
2515 1146 2821 1188 sermonem
2849 1150 3005 1188 suum
3038 1134 3261 1202 faciens,
3284 1133 3403 1190 Non

1828 1216 1957 1271 mihi
1990 1214 2125 1286 ipse,
2158 1217 2354 1288 inquit,
2387 1219 2650 1277 honorem
2699 1223 2876 1291 rapui,
2896 1225 2988 1278 sed
3019 1224 3156 1279 Deus
3188 1225 3292 1280 hoc
3321 1225 3406 1279 iu-

162 1286 422 1387 ἀφορίσας.
476 1305 545 1357 με
572 1289 678 1387 Δείς
728 1286 887 1346 τοῦτο
913 1309 928 1326 ⁶
958 1291 1059 1366 οὐχ
1089 1294 1163 1358 ὡς
1186 1295 1358 1363 ἄξιον,
1390 1297 1524 1354 ἀλλὰ
1583 1298 1727 1354 κατὰ

1850 1309 2000 1363 unxit
2033 1310 2186 1376 mihi,
2220 1312 2285 1365 ad
2328 1309 2431 1368 hoc
2491 1311 2666 1383 ipsum
2727 1329 2815 1370 me
2867 1316 3246 1387 segreganda:
3298 1332 3404 1372 non

162 1379 320 1448 χάριν.
361 1378 452 1442 Εἰς
488 1380 544 1432 τί
567 1377 625 1434 δὲ
645 1380 803 1456 ἐδόθη
833 1402 925 1456 μοι
952 1388 985 1460 ἡ
1016 1385 1218 1460 χάρις;
1253 1386 1348 1452 Εἰς
1377 1391 1437 1444 τὸ
1483 1386 1625 1445 εἶναί
1656 1408 1725 1463 με

163 1467 452 1540 λειτουργὸν
499 1472 599 1526 καὶ
654 1474 807 1546 ἱερέα
858 1478 951 1531 τοῦ
1003 1478 1366 1551 Εὑαγγελίου.
1402 1484 1494 1554 Μὴ
1547 1483 1726 1540 τοίνυν

165 1576 245 1630 μοι
272 1562 576 1632 μέμφεσθε,
616 1563 712 1620 ἐὰν
744 1567 873 1638 ὑμῖν
894 1568 1071 1640 ὁμιλῶ
1106 1586 1119 1600 ⁸
1163 1573 1302 1645 αὕτη
1349 1573 1460 1645 γάρ
1498 1592 1589 1643 μοι
1644 1576 1725 1629 ἱε-

165 1650 386 1722 ρωσύνη,
408 1653 472 1706 τὸ
506 1658 905 1725 καταγγέλλειν
938 1661 1000 1716 τὸ
1031 1659 1383 1733 Εὖαγγέλιον.
1424 1668 1721 1741 Μάχαιραν

163 1743 259 1832 έχω
278 1743 367 1797 τὸν
396 1745 559 1815 λόγον
585 1763 602 1780 ο
633 1745 793 1804 θυσία
843 1752 968 1807 ὲστὲ
997 1754 1176 1826 ὑμεῖς.
1222 1757 1316 1822 Τίς
1362 1753 1410 1812 δ’
1466 1757 1532 1814 ἂν
1593 1762 1729 1832 μέμ.

162 1826 296 1905 ψοιτο
328 1836 401 1907 τῷ
429 1836 574 1910 ίερεῑ
602 1840 703 1914 τήν
733 1839 1012 1917 μάχαιραν
1039 1847 1302 1919 ἐπάγοντι
1330 1851 1445 1915 τοῖς
1479 1826 1613 1921 πρὸς
1635 1826 1727 1905 θυ-

165 1927 271 1981 σίαν
288 1928 700 2003 ἀφωρισμένοις
722 1948 738 2001 ;

227 2131 246 2167 ι
276 2108 389 2168 ἰνα
411 2114 704 2190 γένηταιή
732 2122 1022 2194 προσφορὰ
1069 2123 1180 2179 τῶν
1217 2125 1390 2180 ἐθνῶν
1429 2124 1726 2198 εὐπρόσδε-

164 2220 295 2274 κτος,
332 2210 652 2281 ἡγιασμένη
685 2213 742 2267 ἔν
773 2214 1056 2286 Πνεύματι
1091 2218 1250 2288 ἁγίῳ.
1302 2238 1320 2272 ι
1364 2220 1475 2292 Οὐχ
1505 2221 1589 2273 ἵνα
1618 2221 1727 2290 ἐγὼ

161 2298 396 2367 δοξασθῶ,
415 2302 506 2355 διὰ
521 2305 686 2358 τοῦτο
704 2306 936 2378 καὶύμϊν
956 2308 1197 2381 ἕγραῲω
1216 2312 1330 2366 ἀλλ’
1349 2314 1435 2367 ἵνα
1450 2316 1541 2367 καὶ
1564 2316 1723 2385 ὑμεῖς

163 2388 404 2461 μετὰτῶν
426 2392 613 2448 ἄλλων
640 2394 858 2470 [ἐθνῶν]
892 2398 1127 2470 σωθῆτε,
1157 2400 1251 2457 καὶ
1277 2403 1418 2457 οὕτω
1442 2405 1666 2477 γένηται
1693 2411 1723 2476 ἡ

162 2481 424 2554 προσφορὰ
458 2483 575 2537 τῶν
620 2486 793 2539 ἐθνῶν
835 2489 1151 2562 ὁλοκλήρως
1199 2493 1619 2565 εὐπρόσδεκτος,
1652 2498 1728 2562 ὡς

163 2574 357 2627 πάντων
386 2578 936 2652 καρποφορουμένων
959 2581 1036 2654 τῷ
1073 2585 1215 2658 Θεῷ.
1248 2604 1266 2637 ι
1289 2587 1630 2660 Ἠγιασμένη
1670 2591 1727 2643 έν

164 2666 415 2739 Πνεύματι
452 2670 638 2743 ἁγίῳ,
669 2690 687 2725 ι
721 2674 1022 2740 τουτέστιν,
1073 2678 1130 2732 έν
1160 2679 1408 2753 πολιτείᾳ
1451 2680 1725 2756 Ικαθαρᾷ]

162 2762 500 2836 πιενματικῇ.
519 2763 601 2820 Οὐ
616 2766 685 2833 γᾶ
693 2783 723 2836 ρ
738 2768 915 2832 πίστις
936 2768 1069 2841 μόνη
1086 2772 1323 2841 ἁγιάζει,
1338 2772 1469 2828 ἀλλὰ
1482 2777 1577 2831 καὶ
1589 2776 1725 2847 βίος.

164 2848 542 2915 Πιστεύσαντες
597 2856 697 2925 μὲν
726 2856 837 2929 γὰρ
872 2858 970 2914 καὶ
1005 2861 1421 2931 βαπτισθέντες,
1454 2865 1730 2937 λαμϐάνο-

166 2958 251 3011 μεν
296 2945 356 2997 τδ
401 2941 676 3018 Πνεῦμα·
730 2950 846 3005 ἀλλ’
894 2952 991 3006 ἐὰν
1051 2954 1128 3025 μὴ
1172 2956 1268 3008 καὶ
1324 2956 1437 3027 βίον
1490 2958 1725 3031 ἔχωμεν,

168 3033 432 3091 σϐέννυται
462 3038 498 3110 ἡ
560 3040 723 3111 χάρις
754 3042 851 3096 τοῦ
886 3043 1226 3116 Πνεῦματος.
1271 3049 1643 3104 Καταστέλλει
1670 3051 1728 3105 δὲ

163 3126 222 3180 τὰ
250 3132 574 3201 φρονήματα
601 3131 713 3186 τῶν
763 3131 1081 3207 Ῥωμαίων,
1114 3138 1256 3194 ὥστε
1299 3141 1376 3213 μὴ
1409 3138 1727 3209 ἀπαξιῶσαι

163 3218 453 3277 διδάσκαλον
478 3220 637 3295 ἔχειν
668 3220 759 3280 τὸν
791 3229 973 3285 πάντα
1008 3224 1078 3286 τὰ
1119 3225 1249 3302 ἔθνη
1278 3233 1622 3305 προσάγοντα
1649 3237 1727 3310 τῷ

164 3314 284 3390 Θεῷ.

227 3426 244 3461 ι
296 3408 441 3482 Ἐχω
491 3406 597 3466 οὖν
640 3410 913 3482 καύχησιν
957 3410 1017 3467 ἐν
1079 3410 1304 3485 Χριστῷ
1354 3413 1532 3487 Ἰησοῦ
1590 3414 1728 3488 πρὸς

166 3498 301 3555 Θεόν.
335 3522 354 3555 ι
386 3503 755 3567 Ταπεινὼσας
785 3504 979 3558 ἑαυτὸν
1007 3504 1237 3576 σφόδρα,
1263 3505 1360 3561 νῦν
1392 3503 1551 3572 αὖθις
1572 3508 1731 3563 ἐπαί-

169 3608 241 3661 ρει
265 3593 349 3649 τδν
371 3595 560 3665 λόγον,
609 3595 752 3650 ὥστε
787 3596 865 3668 μὴ
895 3596 1377 3671 εὐκαταφρόνητος
1404 3599 1554 3666 δόξαι
1574 3618 1589 3633 ’
1632 3602 1728 3656 καί

167 3703 333 3759 φησιν,
364 3691 446 3745 ὅτι
472 3711 493 3745 ι
545 3690 696 3762 Ἔχω
718 3686 1012 3762 καύχησιν,
1055 3711 1075 3746 ι
1107 3692 1210 3747 οὐκ
1241 3695 1303 3747 ὲν
1334 3693 1580 3766 ἐμαυτῷ,
1604 3695 1728 3751 οὐδὲ

167 3779 218 3834 ἓν
238 3785 298 3855 τῇ
329 3784 433 3856 ἐμῇ
471 3766 710 3855 σπουδῇ,
756 3784 874 3841 ἀλλ’
899 3786 959 3837 έν
1005 3786 1071 3857 τῇ
1116 3782 1213 3841 τοῦ
1248 3786 1489 3858 Χριστοῦ
1518 3787 1731 3860 χάριτι.

168 3866 261 3927 Ποῦ
288 3873 340 3930 δὲ
382 3877 723 3949 καυχῶμαι;
777 3874 874 3940 El;
919 3876 990 3931 τὰ
1037 3878 1175 3949 πρὸς
1220 3878 1378 3932 θεόν’
1421 3881 1724 3948 τουτέστιν,

167 3964 254 4021 οὐκ
275 3968 347 4033 είς
370 3969 440 4024 τὰ
467 3970 733 4042 τυχόντα,
766 3966 879 4026 ἀλλ’
917 3972 996 4035 είς
1028 3970 1097 4026 τὰ
1144 3970 1517 4043 πνευματικά.

232 4255 250 4289 ι
278 4234 348 4294 Οὐ
375 4240 484 4314 γὰρ
537 4238 790 4312 τολμήσω
813 4256 868 4295 τι
895 4238 1131 4315 λαλῆσαι
1174 4260 1251 4298 ων
1272 4244 1333 4298 οὐ
1355 4245 1401 4278 ⁸⁸
1432 4248 1730 4320 κατειργάο
1780 4276 1785 4285 ·

172 4342 285 4384 cato
323 4328 564 4404 Χριστὸς
618 4326 688 4386 δι’
741 4333 910 4404 ἐμοῦ,
947 4335 1029 4399 είς
1075 4332 1327 4407 ὑπακοὴν
1381 4336 1553 4393 ἐθνῶν
1585 4340 1731 4415 λόγῳ

171 4426 251 4477 καὶ
272 4424 429 4497 ἔργῳ.
466 4424 566 4481 Ἐν
588 4427 825 4496 ’δυνάμει
860 4428 1107 4498 σημείων
1140 4426 1236 4483 xa'l.
1262 4431 1528 4501 τεράτων,
1556 4427 1733 4488 ἐνδυ-

172 4516 314 4588 viget
344 4519 667 4590 Πνεῦματος
695 4518 850 4575 θεοῦ.
891 4534 910 4572 ι
967 4517 1191 4591 Ἐπειδὴ
1231 4518 1404 4589 εἶπεν,
1455 4525 1539 4578 ὅτι
1571 4526 1732 4580 Λειτ-

1826 1401 1970 1471 quod
2000 1402 2195 1474 dignus
2225 1420 2425 1474 essem,
2459 1409 2553 1463 sed
2583 1410 2880 1464 secundum
2929 1410 3165 1480 gratiam
3223 1425 3402 1466 suam.

1828 1495 2094 1561 Quorsum
2119 1511 2248 1552 vero
2270 1498 2404 1553 mihi
2437 1500 2607 1569 gratia
2632 1500 2827 1554 collata
2855 1501 2976 1556 est?
3007 1498 3075 1557 Ut
3100 1515 3274 1556 essem
3306 1502 3408 1554 nti-

1831 1591 2000 1644 uister
2040 1605 2103 1645 ac
2150 1593 2410 1648 sacerdos
2454 1592 2756 1665 Evangelii.
2783 1592 2864 1649 Ne
2897 1595 3062 1667 igitur
3106 1609 3409 1663 conquera-

1831 1680 1982 1746 miui,
2015 1683 2059 1737 si
2090 1684 2155 1737 ad
2184 1699 2280 1740 vos
2313 1700 2618 1741 sermonem
2677 1687 2926 1756 dirigam.
2966 1685 3079 1740 Hoc
3126 1684 3268 1740 enim
3327 1696 3410 1741 est

1831 1773 2191 1828 sacerdotium
2221 1791 2419 1842 meum,
2449 1776 2748 1846 praedicare
2801 1777 3174 1849 Evangelinm.
3208 1775 3410 1832 Cultel-

1831 1862 1939 1915 lum
1991 1860 2164 1919 habeo
2194 1880 2524 1928 sermonem,
2561 1866 2777 1921 victima
2816 1868 2950 1921 estis
2984 1881 3098 1920 vos.
3146 1862 3281 1933 Quis
3323 1881 3413 1918 nu-

1837 1966 1943 2009 tcm
1983 1962 2326 2011 accusaverit
2347 1958 2685 2014 sacerdotem
2718 1957 2995 2013 cultellum
3027 1958 3407 2031 admoventem

1834 2048 1899 2101 ad
1939 2048 2213 2104 victimam
2245 2050 2568 2106 destinatis?

1911 2159 1930 2192 ι
1977 2125 2048 2194 Ut
2106 2140 2200 2195 ﬁat
2247 2141 2448 2196 oblatio
2490 2144 2732 2212 gentium
2766 2153 3025 2210 accepta,
3068 2141 3413 2199 sanctiﬁcata

1835 2235 1888 2287 in
1922 2230 2125 2302 Spiritu
2157 2245 2370 2291 sancto.
2415 2254 2434 2288 ι
2481 2235 2597 2290 Νοη
2629 2249 2688 2291 ιιι
2716 2251 2837 2306 ego,
2890 2236 3086 2306 inquit,
3118 2235 3413 2306 gloriﬁcer,

1836 2327 1954 2383 ideo
1978 2325 2134 2383 vobis
2154 2329 2372 2398 scripsi,
2404 2328 2496 2384 sed
2525 2340 2583 2384 ut
2601 2339 2654 2385 et
2676 2345 2773 2385 vos
2799 2346 2925 2386 cum
2944 2331 3070 2383 aliis
3095 2329 3415 2392 servemini,

1834 2429 2000 2490 atque
2037 2420 2110 2474 ita
2142 2420 2233 2475 flat
2264 2421 2465 2475 oblatio
2503 2421 2747 2492 gentium
2779 2437 3007 2491 prorsus
3036 2419 3412 2490 acceptabilis,

1835 2515 2085 2568 oumihus
2113 2514 2222 2569 Deo
2245 2512 2723 2569 fructiﬁcantihus.
2755 2534 2773 2567 ι
2812 2513 3166 2570 Sanctiticata
3198 2513 3249 2566 in
3281 2509 3412 2582 Spi-

1838 2606 1942 2659 ritu
1977 2616 2184 2672 sancto,
2212 2626 2231 2659 ι
2252 2608 2354 2662 hoc
2380 2616 2487 2673 est,
2515 2607 2783 2676 spirituali
2816 2608 2948 2661 vita.
2972 2604 3088 2660 Non
3120 2604 3265 2660 enim
3295 2603 3412 2659 sola

1839 2697 1968 2753 ﬁdes
1999 2701 2322 2765 sanctiﬁcat,
2357 2701 2453 2755 sed
2482 2708 2536 2756 et
2572 2700 2682 2753 vita
2713 2717 2726 2754 :
2769 2697 2930 2754 simul
2969 2712 3033 2753 ac
3063 2697 3206 2750 cnim
3236 2694 3415 2750 credi-

1836 2793 2015 2849 dimus
2035 2803 2088 2849 et
2119 2794 2377 2863 haptizati
2412 2807 2625 2859 sumus,
2654 2791 2954 2861 accipimus
2979 2787 3266 2859 Spiritum.
3317 2786 3413 2839 Et-

1835 2886 1980 2939 enim
2016 2885 2124 2940 nisi
2153 2886 2265 2940 vita
2292 2885 2613 2949 accesserit,
2637 2883 2817 2954 gratia
2848 2879 3086 2951 Spiritus
3111 2875 3416 2942 exstingui-

1839 2987 1946 3030 tur.
1983 2976 2173 3048 Dejicit
2202 2987 2382 3032 autem
2406 2976 2775 3047 cogitationes
2804 2983 2859 3029 et
2889 2973 3183 3028 elationem
3217 2971 3420 3024 ltotua-

1834 3081 2055 3132 norum,
2104 3080 2174 3123 ne
2228 3067 2483 3121 videlicet
2528 3065 2895 3145 dedignentur
2945 3076 3071 3117 eum
3126 3059 3417 3115 admittere

1837 3162 2142 3226 doctorem,
2176 3160 2268 3231 qui
2299 3173 2490 3216 omnes
2511 3167 2706 3233 gentes
2739 3156 2852 3213 Deo
2883 3156 3142 3211 adducat.

1906 3432 2073 3492 Vens.
2109 3436 2197 3491 l7.
2235 3453 2253 3489 ι
2289 3432 2475 3489 llaheo
2502 3433 2666 3503 igitur
2697 3429 3075 3500 gloriationem
3108 3428 3161 3482 in
3195 3425 3417 3482 Christo

1832 3526 1983 3598 Iesu,
2034 3529 2088 3584 in
2142 3528 2211 3584 iis
2246 3542 2365 3597 qua:
2413 3525 2480 3580 ad
2520 3523 2685 3579 Deum
2735 3524 2991 3579 attinent.
3033 3539 3053 3574 ι
3111 3516 3211 3574 Ubi
3250 3520 3417 3573 vehe-

1837 3632 2048 3679 menter
2093 3634 2217 3677 sese
2271 3617 2637 3683 humiliasset,
2684 3614 2797 3683 jam
2851 3626 3049 3669 rursus
3101 3622 3414 3667 sermonem

1832 3713 2051 3780 attollit,
2094 3728 2161 3768 ne
2207 3719 2555 3781 contemptus
2600 3708 2759 3778 plane
2806 3706 3074 3769 videatur,
3121 3702 3416 3773 inquiens,

1840 3825 1859 3859 ι
1903 3803 2294 3862 Gloriatiouem
2324 3800 2536 3865 habeo,
2576 3818 2596 3852 ι
2628 3814 2734 3854 non
2782 3797 2834 3853 in
2868 3795 3096 3864 meipso,
3144 3807 3322 3863 neque
3361 3792 3414 3846 in

1835 3914 1956 3954 meo
1995 3904 2217 3962 conatu,
2250 3893 2347 3950 sed
2376 3894 2429 3949 in
2463 3892 2636 3964 gratia
2662 3890 2789 3947 Jesu
2821 3890 3049 3945 Christi.
3084 3887 3191 3943 Sed
3213 3885 3415 3956 quibus

1834 3992 1888 4044 in
1920 3989 2082 4045 rebus
2107 3986 2349 4057 glorior?
2380 4005 2400 4038 ι
2440 3985 2498 4041 lu
2531 3984 2598 4040 iis
2624 3998 2744 4054 quae
2775 3981 2842 4037 ad
2874 3980 3044 4036 Deum
3074 3980 3310 4034 attinent
3338 3994 3354 4032 :
3388 3994 3409 4030 ι

1836 4085 1939 4138 hoc
1972 4092 2075 4149 est,
2114 4080 2313 4155 nonin
2350 4079 2514 4136 rebus
2548 4077 2868 4147 vulgaribus
2889 4115 2905 4143 ,
2940 4075 3035 4130 sed
3064 4075 3117 4128 in
3152 4071 3416 4143 spiritua-

1832 4176 1996 4231 libus.

1910 4268 2078 4324 Vsns.
2110 4262 2202 4330 '18,
2231 4266 2318 4320 i9.
2345 4284 2364 4317 ι
2405 4262 2522 4319 Νοη
2558 4262 2701 4318 enim
2732 4258 2909 4316 audeo
2931 4258 3072 4329 loqui
3096 4256 3298 4328 aliquid
3318 4270 3415 4311 eo-

1839 4376 1955 4414 rum
2005 4375 2123 4429 quat
2163 4372 2269 4413 non
2297 4353 2482 4411 ell‘ecit
2519 4350 2773 4408 Christus
2817 4367 2913 4421 per
2943 4365 3029 4406 me
3065 4351 3133 4405 ad
3163 4348 3418 4404 obedien-

1839 4453 1966 4506 tiam
1999 4450 2243 4521 gentium
2274 4449 2440 4504 verbo
2470 4458 2526 4503 et
2553 4461 2738 4518 opere.
2790 4445 2850 4501 In
2898 4444 3099 4498 virtute
3135 4444 3414 4513 signorum

1839 4552 1890 4596 et
1944 4535 2355 4610 prodigiorum,
2409 4536 2466 4592 in
2513 4538 2717 4591 virtute
2763 4534 3000 4605 Spiritus
3057 4532 3172 4588 Dei.
3211 4551 3231 4587 ι
3277 4530 3416 4586 Cum

175 4611 347 4680 ουρτός
397 4613 520 4681 ειμι
565 4611 662 4665 τοῦ
717 4608 1051 4680 Εὑαγγελίου
1103 4613 1185 4675 είς
1233 4615 1416 4668 πάντα
1464 4616 1534 4670 τὰ
1576 4616 1728 4688 ἔθνη,

1841 4600 2088 4698 dixisset,
2127 4629 2376 4686 Minister
2406 4644 2527 4684 sum
2558 4628 2835 4698 Evangelii
2877 4628 2944 4680 ad
2982 4641 3170 4681 omnes
3198 4634 3415 4696 gentes,

178 4704 341 4771 φησὶν,
373 4703 454 4757 ὅτι
489 4706 567 4758 Οὐ
600 4705 892 4775 κομπάζω,
930 4702 1050 4759 οὐδὲ
1081 4706 1480 4779 ἀλαζονεύομαί
1508 4726 1560 4761 τι
1583 4706 1628 4741 ⁸³
1660 4703 1735 4765 ὧν

177 4794 264 4848 οὐκ
299 4797 559 4865 ἐποίησα·
617 4798 819 4867 μᾶλλον
864 4798 923 4852 δὲ
967 4797 1067 4853 οὐκ
1104 4801 1219 4869 ἐγὼ
1259 4804 1737 4875 κατειργασάμην,

179 4883 278 4938 ἀλλ’
324 4887 351 4941 ὁ
375 4888 615 4959 Χριστὸς
653 4889 1079 4961 κατειργᾶσατο,
1128 4892 1254 4961 ἐμοὶ
1285 4892 1501 4966 ὀργάνῳ
1530 4899 1742 4968 χρησά-

181 4991 342 5044 μενος.
373 4978 501 5032 Εἴτε
529 4980 641 5049 γὰρ
671 4979 983 5051 φθέγγομαί
1007 5000 1061 5036 τι
1092 4981 1271 5051 λέγων
1304 4987 1399 5040 καὶ
1429 4987 1738 5058 φιλοσοφῶν

179 5064 300 5139 περι
332 5068 438 5126 τῶν
470 5072 763 5144 οὐρανίων,
797 5073 908 5126 εἴτε
929 5073 974 5106 ⁸³
1019 5074 1324 5147 ἐργάζομαι
1373 5077 1526 5134 θείαν
1578 5081 1737 5136 πολι-

179 5159 313 5215 τεξαν
355 5163 556 5233 μετιὼν
576 5163 645 5230 ⁸⁸,
692 5162 725 5236 ἢ
768 5164 862 5217 καὶ
892 5164 1146 5237 θαύματα
1176 5168 1371 5234 τελῶν,
1420 5171 1598 5226 πάντα
1640 5174 1735 5230 τοῦ

184 5244 403 5321 Χριστοῦ
426 5256 495 5310 ⁸³.
536 5255 795 5325 Διαφέρει
823 5255 880 5309 δὲ
911 5259 1136 5327 σημεῖον
1177 5260 1274 5312 κα)⁸
1319 5262 1480 5332 τέρας
1500 5302 1516 5329 ,
1545 5263 1626 5336 τῷ
1676 5267 1739 5320 τὸ

186 5345 274 5414 μὲν
302 5349 524 5418 σημεῖον
556 5349 615 5403 ὲν
639 5352 751 5412 τοῖς
783 5351 927 5403 κατὰ
953 5350 1116 5420 φύσιν
1142 5352 1422 5422 λέγεσθαι,
1452 5373 1744 5428 καινοπρε-

182 5437 287 5502 eo;
320 5441 500 5512 μέντοι
529 5443 833 5513 γινομένοις
861 5438 1010 5515 (οἷον
1040 5446 1134 5500 ἐπὶ
1179 5446 1297 5512 τοῦ,
1327 5448 1387 5502 τὸ
1420 5449 1517 5521 τὴν
1547 5451 1741 5506 πενθε-

188 5528 275 5600 ρᾶν
306 5534 512 5609 Πέτρου
551 5535 927 5608 πυρέττουσαν
977 5537 1180 5604 εὐθέως
1209 5540 1446 5612 ἰαθῆναι.
1473 5542 1742 5601 Ἐνταῦθα

185 5621 282 5693 γὰρ
316 5624 375 5679 τὸ
419 5625 512 5681 τὸν
540 5625 771 5698 πυρετὸν
804 5626 1227 5700 θεραπεύεσθαι,
1268 5634 1409 5688 κατὰ
1442 5635 1606 5705 φύσιν
1635 5639 1737 5710 μέν

1837 4726 2060 4794 adjicit,
2112 4721 2229 4779 Non
2283 4737 2404 4778 sum
2445 4734 2755 4790 arrogans,
2784 4732 2885 4772 nec
2923 4726 3242 4787 arroganter
3266 4715 3417 4785 jacto

1838 4815 2135 4884 quidquam
2164 4827 2351 4867 eorum
2384 4825 2504 4880 qua:
2535 4825 2642 4864 non
2678 4807 2783 4863 feci
2814 4825 2829 4862 :
2863 4808 2973 4861 imo
3002 4821 3109 4861 non
3156 4820 3257 4874 ego
3286 4804 3411 4867 feci,

1837 4907 1932 4963 sed
1986 4903 2243 4961 Christus
2275 4900 2492 4968 cti'ecit,
2547 4916 2634 4956 me
2675 4900 3037 4955 instrumento
3087 4913 3240 4956 usus.
3288 4894 3417 4952 Sive

1835 5000 1983 5056 enim
2015 4999 2307 5068 quidquam
2330 4995 2546 5066 loquar,
2581 4993 2651 5049 de
2684 4992 3001 5048 caelestibus
3052 4990 3323 5045 disserens
3351 5002 3417 5043 ac

1836 5092 2250 5166 philosopharis,
2284 5089 2398 5145 sive
2430 5102 2649 5160 operer,
2678 5087 2920 5141 divinam
2943 5081 3412 5139 conversationem

1836 5199 2122 5251 exercens,
2148 5182 2263 5238 sive
2286 5179 2549 5236 miracula
2574 5177 2887 5250 periiciens,
2910 5172 3091 5228 omnia
3114 5178 3239 5227 sunt
3262 5167 3418 5224 Chri-

1837 5277 1932 5335 sti.
1968 5273 2239 5330 Diﬂ'erunt
2270 5283 2450 5326 autem
2485 5270 2698 5340 signum
2746 5277 2801 5323 et
2832 5265 3155 5337 prodigium.
3189 5258 3414 5329 Signum

1837 5368 1982 5422 enim
2013 5365 2215 5421 dicitur
2247 5364 2313 5419 de
2342 5362 2410 5416 iis
2448 5376 2569 5430 qua:
2594 5359 2895 5415 secundum
2937 5364 3188 5408 naturam
3236 5354 3375 5406 tiunt
3397 5388 3415 5416 ,

1839 5457 2001 5514 modo
2037 5465 2217 5510 tamen
2261 5452 2555 5515 inusitato,
2607 5449 2744 5504 utin
2795 5445 2940 5501 Petri
2988 5459 3148 5501 socro
3182 5442 3406 5499 febrici-

1848 5559 1996 5606 tante
2028 5556 2254 5619 repente
2300 5554 2514 5602 sanata.
2552 5541 2651 5597 Hic
2681 5540 2825 5595 enim
2883 5537 3078 5594 febrim
3119 5536 3300 5592 curari
3328 5549 3418 5590 se-

1848 5640 2085 5698 cundum
2120 5647 2370 5693 naturam
2400 5641 2486 5689 est
2588 5639 2701 5685 tum
2733 5642 2862 5685 vero
2900 5640 3040 5683 nova
3066 5625 3301 5699 quadarn
3325 5637 3417 5680 rso

1518 5770 1717 5836 Varias
1740 5770 2070 5838 lectiones.

289 5892 353 5923 “‘
381 5891 474 5947 τοῦ
497 5894 653 5951 Θεου.
727 5895 771 5929 ⁸⁸
799 5894 828 5949 ὂ
862 5893 938 5967 μὴ
975 5907 1031 5950 o.
1111 5892 1157 5927 "
1198 5893 1305 5952 τῶν
1337 5911 1393 5954 o.
1469 5899 1516 5932 ⁸³
1551 5899 1599 5953 εί
1629 5900 1721 5954 καὶ
1752 5915 1805 5957 ο.
1884 5900 1929 5933 θλ
1963 5893 2239 5971 μετελθὼν
2272 5909 2347 5949 ut.
2425 5891 2470 5925 "
2510 5889 2588 5962 τῷ
2621 5886 2842 5960 Χριστῷ
2866 5901 2919 5942 ο·
