3874 6580
375 404 484 473 5U

1289 399 1863 467 THEOPHYLACTI
1901 398 2313 461 BULGARUE
2347 400 2705 464 ARCIIIEP.

3512 398 3613 465 5M

374 523 523 575 tione
566 518 829 588 conligit,
886 530 1081 588 nempe
1135 516 1272 572 adeo
1316 516 1577 571 celeriter
1627 513 1956 583 simulatque

2068 512 2182 566 ἐστι
2203 527 2219 545 ⁸
2253 514 2376 568 τότε
2407 513 2464 568 δέ
2502 514 2894 586 καινοπρεπῶς
2932 513 3154 585 ἐγένετο
3175 526 3188 542 ·
3231 512 3380 567 οὕτω
3409 511 3519 583 γάρ
3540 530 3630 567 τα-

377 611 668 684 attigisset.
706 608 1018 679 Prodigium
1055 622 1185 663 vero
1217 616 1300 663 est
1345 606 1399 662 in
1441 606 1521 662 eis
1550 618 1671 675 qua:
1700 620 1804 659 non
1833 612 1961 659 sunt

377 707 670 761 secundum
707 711 980 766 naturam,
1014 700 1180 755 veluti
1218 715 1339 754 cum
1387 700 1434 754 is
1472 699 1565 768 qui
1606 713 1635 753 a
1673 697 1961 752 uativitate

377 811 553 851 caecus
578 803 697 849 eral
723 803 1015 848 sanaretur
1037 792 1081 847 τ.
1121 793 1282 863 110
1315 790 1448 858 Quia
1480 806 1611 846 vero
1645 791 1786 846 haud
1834 804 1962 844 raro

377 887 530 958 signa
556 895 608 941 et
643 885 885 956 prodigia
921 901 1017 955 per
1045 885 1319 938 daemones
1347 885 1514 939 etiam
1546 885 1699 949 liant,
1736 881 1958 951 adjecit,

383 995 402 1029 ι
445 980 498 1032 in
555 977 754 1032 virtute
800 979 1027 1046 spiritus
1070 976 1186 1031 Dei.
1228 994 1247 1029 ο
1284 975 1422 1031 lliuc
1458 976 1625 1031 etiam
1658 975 1961 1031 ostenditur

377 1070 613 1141 dignitas
641 1069 903 1140 Spiritus,
948 1079 1009 1125 ut
1050 1070 1141 1140 qui
1177 1079 1329 1124 tanta
1367 1071 1563 1142 possit.
1890 1072 1893 1077 ’

455 1182 473 1215 ι
518 1162 594 1216 Ita
633 1174 691 1218 ut
746 1165 814 1218 ab
864 1162 1168 1218 Jerusalem
1229 1174 1283 1217 et
1330 1179 1426 1233 per
1473 1162 1758 1217 circuitum
1790 1177 1959 1228 usque

378 1256 446 1310 ad
476 1254 748 1326 Illyricum
779 1255 1118 1325 impleverim
1151 1256 1498 1327 Evangelium
1523 1256 1747 1309 Christi.
1788 1273 1806 1307 ι
1842 1256 1955 1318 Vis,

379 1347 573 1416 inquit,
603 1347 1118 1401 demonstrationem
1148 1348 1395 1417 accipere
1420 1362 1607 1400 eorum
1650 1361 1769 1412 qua:
1801 1347 1959 1401 dico?

376 1437 519 1493 Ecce
555 1437 939 1509 discipulorum
975 1454 1217 1493 meorum
1251 1438 1650 1493 multitudinem
1681 1458 1696 1494 :
1729 1439 1795 1494 ab
1828 1439 1958 1495 llie-

379 1531 672 1602 rosolymis
700 1532 843 1586 enim
883 1546 1055 1602 usque
1084 1531 1150 1586 ad
1200 1531 1473 1604 Illyricum
1497 1573 1511 1597 ,
1549 1548 1671 1604 quae
1705 1545 1829 1589 sunt
1861 1548 1957 1588 ex-

379 1632 568 1677 trema:
600 1630 784 1690 partes
824 1622 946 1689 ejus
980 1636 1097 1690 qua:
1145 1637 1288 1676 nunc
1340 1620 1587 1687 Bulgaria
1621 1621 1954 1676 nominatur.

377 1712 493 1768 Νοιι
523 1722 702 1767 autem
735 1712 904 1777 dixit,
951 1714 1266 1784 prtedicavi,
1317 1715 1410 1771 sed
1448 1732 1467 1765 ο
1508 1714 1724 1784 implevi
1774 1714 1956 1769 Evan-

377 1804 600 1874 gelinm,
636 1823 655 1858 ι
692 1815 751 1860 ιιι
780 1807 1030 1861 ostendat
1056 1807 1199 1876 quod
1227 1821 1406 1862 sermo
1434 1807 1553 1876 ejus
1577 1823 1682 1862 non
1708 1805 1949 1862 ineﬂicax

376 1895 577 1964 fuerit,
610 1900 703 1952 sed
739 1898 1034 1969 peril-etus.
1079 1896 1158 1953 Ne
1209 1914 1370 1965 vero,
1423 1915 1544 1953 cum
1581 1899 1768 1965 audis,
1810 1916 1830 1950 ι
1886 1899 1952 1953 ab

376 1989 679 2047 Jerusalem
740 2007 913 2061 usque
980 1992 1045 2046 ad
1083 1991 1388 2062 Illyricum,
1429 2010 1447 2043 ι
1475 1991 1756 2048 existimes
1809 1991 1952 2061 quod

380 2091 526 2136 recta
576 2096 673 2150 per
719 2081 990 2151 publicam
1037 2083 1181 2136 viam
1216 2084 1284 2137 sit
1336 2082 1645 2149 profectus,
1686 2102 1705 2134 ι
1752 2080 1819 2136 Et
1860 2097 1956 2152 per

378 2175 693 2239 circuitum,
739 2193 758 2227 ι
794 2175 996 2246 inquit,
1030 2177 1132 2232 hoc
1166 2186 1269 2239 est,
1317 2185 1372 2232 et
1402 2193 1520 2245 qua:
1549 2178 1615 2231 ad
1647 2176 1953 2247 aquilonem

380 2276 433 2322 et
463 2271 529 2323 ad
565 2280 811 2323 austrum
848 2279 973 2324 sunt
999 2278 1209 2339 gentes,
1242 2269 1588 2341 prmdicaudo
1636 2269 1952 2341 pertransii.

453 2360 620 2415 Vens.
650 2360 741 2416 20.
782 2379 800 2413 ι
860 2359 952 2416 Sic
984 2376 1116 2416 vero
1158 2363 1413 2418 aunitens
1450 2362 1748 2431 praedicare
1774 2361 1957 2415 Evan-

377 2451 599 2522 gelium,
635 2468 739 2507 non
770 2453 858 2507 ubi
893 2454 1208 2509 nominatus
1238 2464 1383 2509 esset
1407 2454 1674 2521 Christus,
1707 2469 1772 2507 ne
1797 2469 1960 2522 super

378 2540 620 2594 alienum
653 2540 1064 2595 fundamentum
1092 2543 1443 2599 miliiicarem.
1484 2562 1503 2596 ι
1539 2542 1656 2597 Non
1683 2545 1855 2598 solum
1882 2551 1961 2597 tot

380 2632 654 2700 tantisque
685 2633 975 2700 prmdicavi
1033 2631 1404 2703 Evangelium,
1434 2634 1653 2704 illisque
1684 2637 1957 2704 persuasi,

383 2737 571 2776 verum
601 2738 775 2793 neque
800 2725 865 2777 ad
895 2725 1140 2779 homines
1168 2726 1260 2795 qui
1288 2725 1511 2781 omnino
1535 2726 1736 2782 Christi
1766 2743 1960 2783 nomen

384 2813 693 2878 audierant,
731 2813 839 2867 abii
879 2831 894 2869 :
935 2822 1143 2869 tantum
1180 2817 1367 2883 abest,
1403 2826 1462 2872 ut
1494 2832 1579 2873 me
1618 2818 1844 2874 aliorum
1888 2818 1967 2874 di-

383 2904 606 2972 scipulis
646 2905 728 2959 vel
766 2906 1045 2975 ingeram,
1102 2906 1184 2962 vel
1221 2908 1405 2980 gloria:
1440 2925 1601 2964 causa
1653 2909 1755 2966 hoc
1785 2926 1961 2981 agam.

383 2992 621 3050 Proinde
655 3009 830 3064 neque
865 2998 1057 3068 scripsi
1110 3001 1262 3054 vobis
1319 3015 1417 3056 ceu
1468 3001 1693 3067 gloriam
1728 3018 1758 3057 a
1808 3004 1965 3060 vobis

384 3094 670 3154 expetens,
705 3098 960 3143 caeterum
998 3099 1254 3159 tanquam
1310 3092 1674 3149 ministerium
1711 3096 1961 3167 impleas.

2062 603 2203 676 χέως
2233 605 2349 676 ἅμα
2378 608 2446 676 τῇ
2492 608 2600 676 ἁφῇ
2624 606 2642 676 )
2667 623 2682 638 ⁸
2715 605 2777 660 τὸ
2806 606 2863 661 δέ
2911 606 3100 676 τέρας,
3136 607 3195 659 ἐν
3232 608 3347 667 τοῖς
3392 604 3469 674 μὴ
3501 606 3634 659 κατὰ

2064 698 2229 765 φύσιν
2253 714 2268 729 ·
2313 691 2425 752 οἷον
2454 698 2512 753 τὸ
2533 699 2624 753 τὸν
2646 700 2710 752 ἐκ
2735 699 2965 769 γενετῆς
2986 696 3188 769 τυφλὸν
3211 698 3458 769 ἰαθῆναι.
3490 698 3637 752 Ἐπεὶ

2060 789 2119 843 δὲ
2154 792 2357 861 σημεῖα
2403 791 2496 845 καὶ
2524 789 2729 862 τέρατα
2759 791 3002 859 γίνονται
3035 790 3299 853 πολλάκις
3357 790 3455 844 καὶ
3487 790 3636 860 ἐνερο

2060 881 2186 954 γείᾳ
2233 882 2526 954 δαιμόνων,
2575 883 2946 954 προσέθηκενο
3004 884 3136 937 (Ἐν
3180 884 3411 953 δυνάμει
3478 883 3638 935 Πνεύ-

2065 990 2235 1042 ματος
2280 973 2439 1027 Θεοῦ.
2486 992 2505 1025 ι
2543 975 2833 1028 Δείκνυται
2872 974 2928 1028 δὲ
2969 973 3063 1028 καὶ
3101 973 3196 1027 τοῦ
3231 972 3553 1041 Πνεύματος
3580 972 3645 1027 τὸ

2060 1065 2279 1137 ἀξίωμα
2312 1065 2585 1129 ἐντεῦθεν,
2617 1066 2760 1135 εἴγε
2800 1065 3044 1121 τοσαῦτα
3074 1066 3319 1119 δύναται.

2139 1179 2159 1213 ι
2206 1161 2373 1215 Ὥστε
2431 1178 2499 1232 με
2526 1162 2637 1216 ἀπὸ
2698 1159 3058 1233 Ἰερουσαλὴμ
3096 1159 3190 1213 κειιῖ⁹
3241 1157 3434 1228 κύκλῳ
3481 1157 3639 1227 μέχρι

2058 1250 2156 1306 τοῦ
2219 1252 2519 1324 Ἰλλυρικοῦ
2570 1251 3000 1325 πεπληρωκέναι
3048 1251 3111 1305 τὸ
3162 1251 3500 1320 Εὐαγγέλιον
3545 1249 3640 1303 τοῦ

2059 1344 2322 1415 Χριστοῦ.
2355 1363 2375 1397 ι
2404 1345 2613 1413 Θέλεις,
2640 1345 2831 1415 φησὶν,
2852 1344 3129 1408 ἀπόδειξιν
3150 1343 3337 1397 λαϐεῖν
3355 1336 3433 1396 ὧν
3457 1344 3639 1412 λέγοις

2071 1438 2167 1490 ’1δέ
2198 1439 2307 1491 τῶν
2337 1437 2595 1509 μαθητῶν
2636 1454 2738 1508 μου
2784 1436 2847 1490 τὸ
2883 1435 3086 1507 πλῆθος
3105 1452 3121 1467 ο
3150 1435 3258 1489 ἀπὸ
3285 1436 3397 1506 γὰρ
3444 1435 3641 1505 Ἰερονο

2060 1528 2243 1601 σαλὴμ
2282 1531 2443 1601 μέχρι
2477 1529 2573 1583 τοῦ
2615 1528 2948 1602 Ἰλλυρικοῦ·
2988 1530 3016 1582 ὃ
3068 1531 3185 1582 ἐστι
3214 1527 3283 1581 τὰ
3312 1528 3520 1597 ἔσχατα
3547 1528 3643 1596 τῆς

2056 1621 2152 1676 νῦν
2169 1621 2576 1693 ὀνομαζομένης
2596 1621 2957 1693 Βονλγαρίας.
2977 1621 3090 1675 Οὐκ
3110 1614 3231 1673 εἷπε
3251 1619 3329 1685 δὲ,
3347 1618 3645 1689 Ἐκήρυξα,

2057 1713 2196 1778 ἀλλ’.
2230 1712 2359 1786 [ὅτι]
2394 1733 2412 1766 ι
2451 1714 2776 1786 Ἐπλήρωσα
2806 1713 2867 1767 τδ
2895 1711 3250 1780 Εὐαγγέλιον’
3291 1727 3309 1761 ³
3357 1708 3448 1762 ἵνα
3474 1707 3645 1779 δείξῃ*

2058 1807 2141 1858 ὅτι
2168 1804 2269 1859 οὐκ
2317 1803 2685 1875 ἀνενέργητος
2735 1805 2953 1873 ἐγένετο
3000 1801 3169 1858 αὐτοῦ
3220 1803 3249 1855 ό
3293 1801 3478 1869 λόγος,
3532 1800 3647 1852 ἀλλ’

2059 1895 2283 1968 ἐντελής
2307 1896 2373 1952 ⁸⁸.
2404 1894 2521 1949 ’Ίνα
2545 1896 2603 1950 δὲ
2637 1896 2712 1967 μὴ
2762 1893 3024 1958 ἀκούσας,
3060 1912 3080 1945 ι
3118 1893 3251 1947 Ἀπὸ
3284 1890 3648 1961 Ἰερουσαλὴμ

2059 1990 2189 2061 ἄχρι
2209 1989 2303 2043 τοῦ
2333 1987 2657 2062 Ἰλλυρικοῦ.
2680 2007 2698 2040 ι
2725 1988 2952 2060 νομίσῃς
2974 1987 3055 2041 ὅτι
3072 1987 3193 2040 κατ’
3221 1984 3351 2049 εὐθὺ
3378 1985 3481 2055 τὴν
3507 1983 3647 2035 λεω-

2059 2081 2225 2152 φόρον
2249 2080 2472 2153 ἤρχετο,
2501 2081 2687 2150 φησιν.
2714 2080 2795 2134 ὅτι
2833 2099 2852 2132 t
2885 2080 2997 2134 Kal.
3028 2078 3215 2148 κύκλῳ
3240 2091 3256 2106 ·
3285 2094 3305 2128 ι
3341 2077 3644 2137 τουτέστιν,

2057 2173 2141 2226 ὅτι
2172 2172 2281 2226 Καὶ
2310 2171 2381 2225 τὰ
2416 2170 2551 2243 πρὸς
2577 2169 2781 2242 βορρᾶν
2808 2170 2905 2224 καὶ
2934 2168 3073 2241 πρὸς
3097 2168 3252 2223 νότον
3274 2165 3403 2238 ἐθνη
3429 2165 3648 2236 διῆλθον

2059 2264 2139 2337 τῷ
2167 2262 2333 2335 λόγῳ.

2137 2374 2157 2407 ι
2195 2355 2353 2410 Οὕτω
2391 2355 2447 2409 δέ
2498 2346 2958 2427 φιλοτιμούμενον
3006 2352 3492 2422 εὐαγγελίζεσθαι,
3547 2352 3653 2423 οὐχ

2061 2451 2195 2504 ὅπου
2230 2448 2527 2520 ὠνομάσθη
2551 2448 2811 2520 Χριστὸς,
2843 2448 2934 2502 ἵνα
2967 2449 3045 2518 μὴ
3070 2446 3156 2499 ἐπ’
3181 2444 3466 2515 ἀλλότριον
3490 2444 3652 2515 θεμέ-

2062 2541 2177 2595 λιον
2210 2541 2504 2613 οἰκοδομῶ.
2545 2560 2565 2595 ι
2595 2543 2669 2595 Οὐ
2700 2541 2861 2612 μόνον
2883 2540 3168 2605 τοσούτοις
3196 2539 3650 2611 εὐηγγελισάμην

2065 2637 2161 2691 καὶ
2193 2636 2409 2700 ἔπεισα,
2462 2637 2579 2690 ἀλλ’
2621 2636 2744 2691 οὐδὲ
2773 2636 2912 2708 πρὸς
2938 2635 3261 2706 ἀνθρώπως
3301 2633 3652 2696 ἀκούσαντας

2062 2730 2201 2795 ὅλως
2226 2732 2400 2801 ὄνομα
2436 2728 2675 2802 Χριστοῦ
2711 2729 2958 2800 ἀπῆλθον
2979 2746 2994 2761 ·
3024 2728 3282 2782 τοσοῦτον
3317 2727 3507 2798 ἀπέχω
3546 2724 3651 2778 τοῦ

2065 2822 2415 2893 ἐπιῤῥίπτειν
2462 2820 2700 2891 ἐμαυτὸν
2750 2820 2926 2876 ἄλλων
2973 2821 3282 2892 μαθηταῖς,
3340 2819 3436 2871 καὶ
3480 2815 3649 2884 δόξης

2071 2913 2260 2971 ἕνεκεν
2299 2911 2456 2967 τοῦτο
2496 2915 2691 2967 ποιεῖν.
2727 2912 2939 2966 Οὐκοῦν
2966 2911 3087 2964 οὐδὲ
3133 2912 3263 2982 ὑμῖν
3305 2908 3539 2981 ἔγραψα,
3568 2906 3653 2970 ὡς

2063 3006 2162 3076 τῆς
2189 3003 2320 3077 παρ’
2365 3005 2520 3076 ὑμῶν
2545 3004 2706 3076 δόξης
2742 3004 2905 3075 ἐρῶν,
2940 3004 3056 3058 ἀλλ’
3082 3004 3158 3069 ὡς
3199 3003 3474 3057 διακονίαν
3506 3003 3653 3071 πλη-

2068 3094 2214 3169 ρῶν.
2261 3097 2569 3169 ’Λλλότριον
2620 3098 2677 3151 δέ
2707 3097 2958 3168 θεμέλιον
2995 3096 3095 3167 τὴν
3137 3095 3489 3149 διδασκαλίαν
3533 3094 3657 3147 τῶν

385 3177 635 3233 Alienum
665 3187 846 3234 autem
884 3181 1290 3238 fundamentum
1330 3184 1698 3254 apostolorum
1764 3190 1956 3244 doctri-

2071 3191 2390 3245 ἀποστόλων
2435 3189 2635 3260 φησιν’
2667 3190 2767 3260 οὐχ
2819 3190 2903 3242 δτι
2928 3187 3200 3256 ἀλλότριοι
3229 3182 3391 3256 ἦσαν,
3430 3185 3540 3239 οὐδ’
3560 3185 3659 3238 ὅτι

388 3284 512 3324 nam
535 3278 726 3327 vocat:
754 3287 858 3326 non
885 3273 1030 3342 quod
1055 3274 1215 3330 alieni
1245 3276 1467 3342 fuerint,
1495 3289 1585 3333 aut
1608 3279 1716 3334 alia
1745 3296 1774 3335 a
1797 3280 1965 3338 Paulo

388 3363 829 3434 przedieaverint,
866 3368 960 3422 sed
1002 3369 1267 3425 mercedis
1315 3372 1547 3428 ratione.
1583 3372 1788 3429 Merces
1822 3375 1964 3432 enim

2070 3284 2207 3338 ἄλλα
2258 3283 2579 3355 ἐκήρυττον,
2614 3282 2751 3336 ἀλλὰ
2792 3281 2936 3335 κατὰ
2969 3280 3058 3334 τὸν
3090 3280 3185 3333 τοῦ
3221 3277 3416 3350 μισθοῦ
3466 3278 3654 3345 λόγον.

2080 3376 2140 3429 '0
2170 3374 2280 3447 γὰρ
2316 3375 2505 3447 μισθὸς
2533 3374 2641 3428 τῶν
2664 3373 3060 3443 πεπονημένων
3092 3372 3349 3437 ἐκείνοις,
3370 3369 3658 3441 ἀλλότριος

388 3473 577 3512 eorum
613 3460 705 3539 qui
743 3461 883 3531 apud
920 3462 1043 3519 illos
1075 3462 1483 3531 laboraverant,
1515 3466 1691 3522 aliena
1722 3479 1879 3535 erat,
1914 3479 1956 3524 el

2070 3464 2161 3542 ἦν,
2206 3469 2302 3522 καὶ
2329 3468 2391 3522 οὐ
2424 3468 2698 3536 διαφέρων
2727 3465 2947 3533 Παύλῳ.

391 3565 497 3604 non
531 3552 598 3604 ad
626 3548 851 3606 Paulum
890 3556 1187 3621 pertinens.

458 3639 628 3697 Vens.
669 3641 761 3698 2i.
798 3662 818 3695 ι
866 3642 972 3700 Sed
1002 3646 1455 3715 quemadmodum
1484 3649 1748 3720 scriptum
1783 3662 1863 3707 est
1891 3654 1917 3692 ⁸
1950 3673 1956 3709 :

2148 3666 2168 3701 ι
2220 3646 2380 3701 Ἀλλά
2401 3644 2584 3709 καθὼς
2608 3639 2945 3716 γέγραπται·
2971 3640 3067 3707 Οἷς
3100 3642 3200 3696 οὐκ
3220 3641 3495 3714 ἀνηγγέλη
3522 3658 3587 3695 πε
3595 3643 3660 3714 pl.

389 3728 600 3795 Quibus
634 3746 739 3786 non
776 3735 1155 3789 annuntiatum
1189 3745 1268 3791 est
1317 3736 1384 3792 de
1428 3752 1527 3802 eo,
1580 3741 1836 3795 videbunt
1871 3761 1884 3797 :
1917 3755 1956 3797 BI

2081 3742 2273 3808 αὐτοῦ,
2304 3741 2526 3812 ὄψονται
2549 3756 2565 3770 ’
2599 3739 2695 3793 καὶ
2725 3738 2776 3792 οἳ
2798 3737 2912 3792 κούκ
2951 3737 3245 3806 ἀκηκόασι,
3278 3737 3588 3806 συνήσουσι.
3634 3754 3659 3787 ι

390 3821 484 3888 qui
534 3837 641 3877 non
682 3826 1006 3891 audierunt,
1042 3826 1368 3896 intelligent.
1412 3846 1430 3879 ι
1477 3828 1829 3901 Prophctiam
1883 3835 1956 3888 hit

2076 3833 2421 3906 Προφητείαν
2442 3831 2677 3887 ἐνταῦθα
2700 3831 2940 3885 δείκνυσι
2958 3828 3398 3899 πεπληρωμένην
3414 3845 3428 3859 ·
3454 3827 3664 3880 πλείων

394 3911 670 3981 impletam
698 3917 957 3972 ostendit.
991 3917 1185 3988 lugens
1209 3929 1391 3975 autem
1420 3921 1574 3978 labor
1595 3933 1678 3978 est
1705 3934 1760 3979 et
1786 3927 1956 3992 sudor,

2072 3928 2131 3983 δὲ
2164 3927 2388 3991 πάντως
2413 3927 2442 3979 ό
2475 3926 2639 3988 πόνος
2671 3924 2764 3977 καὶ
2793 3924 2821 3977 ὁ
2854 3920 3039 3993 ἱδρὼς,
3071 3922 3201 3975 ὅταν
3234 3938 3319 3983 τις
3347 3920 3472 3983 τοὺς
3509 3921 3664 3989 ἁμα-

394 4020 514 4058 cum
547 4008 671 4077 quis
703 4008 963 4064 indociles
1017 4011 1234 4066 erudire
1266 4013 1397 4068 velit
1449 4030 1463 4067 :
1521 4015 1589 4069 ad
1649 4017 1794 4086 quod
1839 4033 1956 4074 sant

2075 4020 2368 4084 θεστάτους
2400 4018 2674 4072 διδάσκειν
2707 4015 2935 4089 ἐληταιο
2976 4006 3021 4084 ᾧ
3062 4013 3127 4084 δὴ
3157 4014 3251 4067 καὶ
3288 4011 3495 4076 Παῦλος
3551 4013 3663 4070 ἐττ-

394 4095 595 4155 Paulus
633 4103 977 4156 accurrebat.

2075 4112 2266 4183 ἑτρεχε
2291 4111 2359 4165 ⁸⁷.

474 4188 633 4247 Vens.
663 4192 753 4247 22.
789 4213 808 4245 ι
845 4193 1076 4265 Pr0ptcr
1101 4198 1243 4268 quod
1268 4199 1602 4270 impediebar
1626 4218 1766 4275 serpe
1790 4205 1956 4262 venirt

2152 4225 2170 4258 ι
2208 4206 2300 4259 Διὸ
2327 4203 2424 4259 καὶ
2453 4201 2829 4273 ἐνεκοπτόμην
2865 4200 2933 4255 τὰ
2970 4200 3143 4254 πολλὰ
3187 4197 3283 4252 τοῦ
3314 4197 3490 4252 ἐλθεῖν
3518 4197 3664 4269 πρδς

396 4282 463 4337 ad
501 4297 617 4339 vos.
658 4303 677 4337 ι
711 4284 771 4339 lu
803 4287 1045 4356 epistolae
1078 4289 1236 4356 hujus
1269 4293 1559 4362 principio,
1601 4314 1620 4346 ι
1661 4294 1956 4353 Probibitu:

2077 4296 2242 4366 ὑμᾶς.
2284 4312 2304 4348 ι
2351 4293 2680 4365 ’Δρχόμενος
2720 4291 2819 4363 μὲν
2845 4291 2945 4360 τῆς
2992 4290 3336 4369 Ἐπιστολῆς,
3363 4284 3540 4355 εἶπεν,
3574 4290 3666 4342 ὅτι

397 4390 542 4439 sum,
582 4395 600 4429 ι
644 4378 835 4447 inquit,
872 4397 893 4430 ι
928 4379 1215 4437 hactenus.
1263 4402 1281 4435 ι
1326 4384 1423 4440 llic
1454 4395 1636 4441 autem
1668 4398 1723 4443 et
1753 4404 1956 4445 causan

2081 4406 2102 4441 ι
2138 4387 2453 4456 Ἐκωλύθην
2484 4385 2612 4455 ἄχρι
2644 4382 2740 4438 τοῦ
2765 4382 2926 4453 δεῦρο
2953 4398 2968 4413 '
3011 4400 3031 4434 ι
3080 4376 3317 4436 ἐνταῦθα
3346 4381 3402 4434 δὲ
3438 4380 3535 4435 καὶ
3559 4378 3669 4452 τὴν

397 4482 496 4520 cur
525 4468 597 4522 sit
627 4469 929 4538 prohibitus
951 4514 968 4538 ,
1008 4473 1188 4528 reddit
1217 4491 1231 4528 :
1281 4474 1416 4540 Quia
1437 4518 1454 4543 ,
1488 4476 1686 4547 inquit,
1724 4494 1956 4552 quoquo-

2084 4480 2265 4536 αἰτίαν
2292 4477 2498 4548 τίθησι,
2525 4476 2590 4529 δι’
2621 4476 2687 4546 ἦν
2719 4472 3059 4538 κεκώλυται,
3102 4474 3182 4527 ὅτι
3218 4474 3317 4527 Διὰ
3350 4475 3413 4525 τὸ
3454 4488 3669 4524 παντα-

397 4571 615 4613 versum
645 4560 1143 4619 circumcursabant
1193 4567 1540 4635 praedicando
1564 4571 1810 4638 verbum,
1857 4574 1956 4629 idet

2084 4572 2181 4644 χοῦ
2210 4542 2560 4643 περιτρέχειν
2578 4567 2622 4600 ⁶⁹
2644 4542 2958 4639 κηρύττων,
2990 4565 3078 4619 διὰ
3098 4565 3257 4618 τοῦτο
3284 4565 3669 4635 ἐνεκοπτόμην

399 4665 544 4720 εωρο
574 4652 906 4720 impcdiebar
936 4675 949 4711 :
979 4657 1084 4713 hoc
1116 4668 1221 4729 est,
1251 4676 1561 4732 quanquam
1611 4678 1956 4733 szrpenumert

2080 4665 2148 4718 τὰ
2181 4662 2387 4716 πολλάο
2423 4658 2698 4722 τουτέστι,
2732 4658 2996 4722 πολλάκις
3027 4656 3321 4728 ἐπιχειρῶν
3345 4656 3441 4710 καὶ
3471 4656 3673 4709 ἐπιθυ-

400 4742 664 4810 conabar,
700 4755 754 4798 et
790 4757 1126 4816 expcterem,
1165 4767 1380 4822 semper
1414 4763 1588 4810 tamen
1624 4756 1956 4825 impediehar

2085 4752 2224 4827 μῶν,
2255 4752 2408 4821 ὅμως
2433 4746 2815 4817 ἐνεκοπτόμην
2855 4744 2965 4799 ἀεί.

480 4835 650 4891 Vens.
704 4837 796 4905 23,
828 4840 920 4893 24.
954 4860 973 4893 ι
1016 4841 1168 4898 Nunc
1217 4859 1347 4898 vero
1377 4845 1609 4903 ulterius
1665 4847 1840 4903 locum
1875 4866 1956 4904 nou

2157 4863 2177 4897 (
2229 4844 2367 4898 Νυνὶ
2411 4842 2468 4894 δὲ
2521 4840 2717 4913 μηκέτι
2766 4839 2933 4892 τόπον
2978 4836 3118 4907 ἔχων
3159 4838 3218 4889 ἐν
3270 4836 3384 4898 τοῖς
3435 4834 3669 4903 κλίμασι

402 4926 609 4982 habens
632 4928 685 4982 in
714 4929 798 4985 his
828 4933 1159 5003 regionibus,
1183 4937 1536 5006 cupiditatem
1565 4948 1744 4994 autem
1778 4941 1949 4996 haben

2075 4935 2309 5000 τούτοις,
2345 4931 2636 4987 ἐπιποθίαν
2677 4929 2733 4984 δὲ
2797 4928 2937 4999 ἔχων
2982 4928 3077 4980 τοῦ
3119 4926 3299 4982 ἐλθεῖν
3339 4926 3475 4997 πρὸς
3517 4926 3669 4995 ὑμᾶς

400 5019 659 5075 veniendi
690 5022 757 5075 ad
793 5036 888 5077 vos
913 5023 1023 5091 jam
1068 5025 1192 5080 inde
1235 5042 1261 5080 a
1292 5028 1478 5083 multis
1509 5030 1667 5085 annis
1699 5050 1713 5086 :
1744 5042 1801 5086 ut
1830 5033 1872 5086 si
1926 5034 1956 5086 it

2080 5027 2189 5082 ἀπὸ
2216 5025 2428 5080 πολλῶν
2452 5023 2590 5077 ἐτῶν
2611 5040 2624 5055 ·
2660 5022 2738 5086 ὡς
2766 5022 2863 5075 ἐάν
2888 5020 3212 5092 πορεύωμαι
3242 5022 3319 5084 εἰς
3349 5018 3447 5086 τὴν
3480 5018 3669 5072 Ἱσπα-

400 5108 713 5181 llispaniam
743 5115 1105 5184 [proﬁt-isear,
1129 5119 1343 5172 veniam
1376 5120 1441 5174 ad
1469 5135 1562 5175 vos
1596 5139 1609 5175 :
1644 5137 1804 5191 spero
1835 5123 1956 5177 enin

2079 5121 2222 5187 νὶαν,
2253 5116 2546 5185 ἐλεύσομαι
2577 5114 2714 5183 πρὸς
2749 5114 2924 5185 ὑμᾶς’
2959 5113 3164 5178 ἐλπίζω
3199 5112 3309 5183 γάρ
3335 5111 3668 5184 διαπορευό-

403 5202 547 5269 quod
586 5206 904 5272 praeteriens
941 5206 1146 5263 videam
1182 5224 1296 5275 vos,
1333 5221 1387 5265 et
1414 5227 1442 5264 a
1471 5213 1627 5267 vobis
1651 5214 1889 5269 deducar
1916 5217 1956 5269 il

2089 5228 2249 5284 μενος
2283 5206 2582 5262 θεάσασθαι
2607 5205 2773 5276 ὑμᾶς,
2802 5207 2897 5258 καὶ
2930 5205 3019 5274 ὑφ’
3049 5203 3201 5275 ὑμῶν
3231 5203 3669 5274 προπεμφθῆναι

403 5294 531 5362 lue,
567 5296 612 5351 si
648 5296 803 5353 vobis
843 5299 1077 5367 primum
1119 5316 1186 5355 ex
1237 5311 1391 5370 parte
1439 5302 1593 5360 fuero
1648 5307 1919 5374 expletus.

2086 5305 2239 5366 ἐκεῖ,
2294 5300 2390 5354 ἐὰν
2427 5299 2584 5371 ὑμῶν
2625 5296 2843 5368 πρῶτον
2876 5296 2984 5348 ἀπὸ
3023 5296 3223 5365 μέρους
3271 5294 3594 5367 ἐμπλησθῶ.
3640 5316 3663 5349 ι

403 5386 763 5458 lmpediehar,
800 5391 999 5460 inquit,
1033 5409 1096 5449 co
1122 5397 1266 5464 quod
1298 5397 1592 5465 praedicare
1630 5401 1841 5455 vellem.
1867 5400 1956 5454 Jan

2082 5392 2519 5464 Ἐνεκοπτὸμην,
2573 5391 2727 5462 φησι,
2770 5389 2857 5443 διὰ
2900 5393 2962 5442 τὸ
3008 5388 3188 5442 θέλειν
3238 5406 3305 5459 με
3343 5388 3669 5460 κηρύσσειν.

402 5495 535 5534 vero
568 5496 687 5535 etuu
717 5482 849 5537 nihil
875 5484 1011 5539 ultra
1043 5486 1172 5541 mihi
1206 5489 1256 5542 iu
1293 5489 1425 5545 lueis
1451 5489 1600 5544 hisce
1627 5504 1793 5545 reatal
1826 5510 1956 5562 agen

2081 5493 2219 5546 Νυνὶ
2245 5491 2302 5543 δὲ
2328 5486 2515 5559 ἐπειδὴ
2537 5488 2720 5541 οὐκέτι
2746 5484 2908 5556 ἔργον
2942 5484 3060 5537 ἔστι
3100 5502 3188 5555 μοι
3229 5487 3286 5539 ἐν
3329 5487 3443 5549 τοῖς
3467 5482 3669 5553 τόποις

483 5619 506 5662 ί
550 5622 578 5678 J
602 5639 706 5679 neu.
735 5641 786 5693 ν,
820 5626 871 5685 7.
952 5631 977 5669 ε
1004 5629 1105 5686 lsa.
1144 5649 1246 5699 LII,
1276 5636 1364 5691 15.

1757 5733 1957 5797 Variae
1987 5735 2316 5798 lectiones.

484 5842 525 5873 “
566 5842 682 5898 ἀλλ’
710 5845 940 5921 ἐνεργὴς
983 5851 1076 5904 καὶ
1130 5852 1348 5927 ἐντελὴς
1401 5871 1473 5910 ru.
1552 5857 1597 5889 °"
1630 5850 1691 5910 οῦ
1742 5857 1806 5931 δὴ
1835 5861 1928 5913 καὶ
1959 5858 2171 5924 Παῦλος
2191 5856 2425 5930 ἐπέτυχε
2450 5874 2503 5914 ο.
2583 5857 2628 5891 ⁸⁸
2670 5869 2909 5928 παρατρο
2957 5868 3013 5910 0-
