3874 6602
298 403 410 469 545

1087 405 1499 468 EXPOSITIO
1544 408 1621 468 IN
1661 410 1903 473 EPIST.
1946 411 2048 472 AD
2086 411 2273 473 ROM.
2311 438 2378 449 —
2406 412 2566 475 CAP.
2599 415 2726 478 XV.

3453 415 3564 480 5-16

293 519 552 582 τούτοις,
595 516 682 570 διᾶ
725 516 885 571 τοῦτο
930 520 1028 574 καὶ
1075 521 1274 593 γράφω
1305 523 1453 593 ὑμῖν,
1498 525 1594 577 καὶ
1650 525 1873 598 ἔρχομαι

1990 534 2141 595 dutn,
2181 531 2334 600 ιιι
2373 542 2591 601 propter
2623 531 2725 584 hoc
2757 529 2928 599 ipsum
2961 538 3014 584 et
3039 528 3220 586 scribo
3263 533 3330 586 ad
3359 546 3491 600 vos,
3515 547 3571 590 et

292 610 430 679 πρὸς
463 609 641 679 ὑμᾶς,
669 610 792 680 οὐχὶ
836 610 903 663 δι’
931 610 1061 665 ἄλλο
1108 629 1181 678 τι,
1213 607 1324 668 οἷον
1355 614 1443 667 διὰ
1472 615 1631 684 δόξης
1677 617 1878 688 ἔρωτα.

291 696 452 763 Εἶτα,
495 701 583 752 ἵνα
622 701 696 771 μὴ
726 701 956 754 εἴπωσιν
984 701 1156 773 αὐτῷ,
1191 703 1274 756 ὅτι
1317 704 1416 758 Διὰ
1454 705 1515 758 τὸ
1543 707 1618 778 μὴ
1649 707 1792 778 ἔχειν
1823 727 1883 762 σε

290 790 483 846 αύτόθι
519 791 707 862 ἔργον,
739 792 812 853 ὡς
841 795 898 844 ἐν
932 795 1198 865 παρέργῳ
1229 799 1356 867 ποιῇ
1387 798 1567 866 ἡμᾶς·
1605 800 1881 872 ἐπιφέρει,

288 884 372 936 δτι
420 882 742 936 Ἑπιποθίαν
779 882 888 952 ἔχω
939 887 1049 955 πρὸ
1086 883 1300 938 πολλῶν
1352 887 1524 939 ἐτῶν·
1561 887 1661 960 τὴν
1694 891 1882 943 ἐπιου-

293 973 428 1043 μίαν
465 971 675 1044 ταύτην
725 975 942 1028 σπεύδω
983 977 1293 1048 πληρῶσαι.
1351 979 1471 1032 Ἵνα
1501 979 1558 1033 δέ
1591 981 1668 1052 μὴ
1721 983 1883 1037 πάλιν

289 1065 640 1136 φυσηθιῖηιν,
678 1066 755 1129 ὡς
801 1067 1195 1133 ἐπιποθοῦντος
1218 1070 1263 1103 ⁸⁸
1297 1070 1498 1136 αὐτοὺς
1545 1074 1760 1138 τούτου,
1793 1072 1882 1129 οἷα

286 1157 356 1228 δὴ
405 1160 627 1228 μείζους
666 1159 774 1212 τῶν
825 1160 1002 1214 ἄλλων
1035 1161 1118 1226 ⁷⁸,
1156 1162 1386 1230 ἐπάγει·
1427 1183 1444 1215 ι
1494 1164 1582 1228 Ὠς
1636 1166 1731 1219 ἐὰν
1778 1184 1882 1220 πο-

293 1251 547 1322 ρεύωμαι
570 1255 650 1318 είς
670 1253 711 1283 “
743 1255 842 1323 τὴν
871 1254 1148 1310 Ἱσπανίαν
1177 1257 1471 1329 ἐλεύσομαι
1499 1260 1634 1332 πρὸς
1660 1263 1824 1332 ὑμᾶς.
1854 1281 1873 1315 ι

289 1344 411 1398 Ἵνα
449 1346 506 1398 δέ
558 1347 634 1415 μὴ
688 1347 883 1399 εἴπωσι
937 1349 1109 1401 πάλιν
1139 1365 1155 1381 ο
1228 1349 1378 1402 Ὀδοῦ
1423 1353 1701 1425 πάρεργον
1754 1357 1878 1426 ποιῇ

289 1437 474 1504 ἡμᾶς,
537 1438 818 1507 ἐπήγαγε’
881 1457 898 1490 ι
942 1441 1054 1493 Καὶ
1104 1439 1195 1510 ὑφ’
1243 1442 1397 1512 ὑμῶν
1453 1447 1880 1517 προπεμφθῆναι

289 1529 446 1580 ἐκεῖ·
506 1547 526 1580 ι
560 1530 860 1596 τουτέστιν,
905 1531 1097 1602 Ὑμεῖς
1138 1535 1293 1588 αὐτοὶ
1344 1536 1542 1600 ίδόντες
1574 1538 1674 1608 τὴν
1707 1541 1878 1610 ἀνάγ-

287 1638 398 1691 κην
423 1621 468 1651 ⁷⁸
501 1622 939 1690 κατεπείγουσάν
973 1642 1040 1695 με
1077 1625 1214 1695 πρὸς
1243 1627 1303 1680 τὸ
1359 1628 1455 1682 καὶ
1486 1630 1718 1694 ἐκείνοις
1760 1633 1880 1686 ἐπι-

283 1713 558 1784 δημῆσαι,
613 1715 967 1786 προπέμψειν
1005 1717 1229 1787 μέλλετὲ
1275 1737 1366 1789 με.
1400 1721 1564 1774 Ὥστε
1605 1722 1664 1776 ού
1710 1739 1881 1777 κατα-

287 1806 512 1876 φρονῶν
537 1806 714 1877 ὑμῶν,
742 1808 857 1861 ἀλλ’
888 1809 1232 1876 ἀναγκαίως,
1264 1813 1409 1882 ὑμᾶς
1441 1813 1873 1886 παρελεύσομαι.

1987 623 2102 677 viso
2132 638 2258 690 vos;
2301 638 2406 677 non
2460 623 2691 692 alicujus
2738 622 2877 677 alius
2936 623 3009 678 rei
3049 624 3260 693 gratia,
3293 624 3458 680 veluti
3491 630 3562 681 ob

1985 713 2168 782 gloria:
2195 712 2573 783 cupiditatem.
2603 713 2827 778 Deinde,
2858 728 2926 767 ne
2953 713 3133 768 dicant
3153 714 3226 778 ei,
3258 713 3394 781 Quia
3423 717 3474 770 in
3501 715 3570 770 iis

1986 804 2295 875 regionibus
2329 804 2462 858 nihil
2512 811 2629 858 erat
2654 803 2748 857 tibi
2781 804 3018 873 negotii,
3052 819 3152 859 nos
3191 806 3368 861 obiter
3399 807 3530 862 vis‘is
3551 847 3566 872 ,

1985 896 2185 951 infert:
2223 895 2562 951 Desiderium
2591 893 2754 948 habui
2780 905 2906 948 ante
2931 896 3131 950 multos
3162 911 3334 952 annos
3367 913 3381 951 :
3417 898 3565 953 desi-

1985 988 2193 1042 derium
2235 988 2340 1043 hoc
2370 986 2596 1056 implere
2627 984 2846 1040 festino.
2878 984 2953 1038 Ne
2981 1001 3108 1041 vero
3140 1000 3330 1041 rursus
3377 986 3570 1042 inﬂen-

1985 1087 2093 1146 tur,
2125 1080 2268 1148 quod
2305 1079 2352 1134 is
2383 1093 2570 1133 eorum
2600 1076 2870 1132 desiderio
2897 1085 3195 1141 teneretur,
3225 1079 3382 1146 quasi
3409 1089 3569 1134 caete-

1983 1173 2059 1228 ris
2093 1173 2342 1228 omnibus
2372 1172 2684 1240 superiores
2713 1179 2918 1232 essent,
2949 1169 3127 1223 subdit
3157 1184 3171 1221 :
3203 1188 3222 1221 ι
3262 1169 3331 1225 Ut
3361 1172 3405 1225 si
3442 1187 3567 1242 pro-

1986 1264 2200 1319 ﬁciscar
2233 1266 2287 1318 in
2330 1263 2645 1334 Hispaniam
2669 1303 2684 1329 ,
2720 1262 2932 1316 veniam
2963 1261 3028 1315 ad
3077 1276 3194 1317 vos.
3253 1279 3272 1313 ›
3328 1262 3405 1316 Ne
3438 1278 3568 1317 vero

1985 1357 2180 1410 ili-rum
2215 1357 2422 1422 dicant,
2456 1353 2670 1410 Itineris
2702 1354 2933 1408 auctarii
2973 1353 3092 1408 loco
3118 1368 3216 1407 nos
3246 1352 3416 1420 facis;
3467 1354 3568 1409 ad-

1982 1447 2118 1499 didit
2151 1462 2166 1500 :
2205 1465 2222 1498 ι
2259 1455 2312 1500 et
2345 1461 2372 1499 a
2421 1445 2574 1500 vobis
2624 1444 2864 1498 deducar
2913 1443 3042 1498 illuc
3077 1461 3091 1497 :
3133 1461 3153 1496 ›
3194 1443 3298 1498 hoc
3335 1454 3438 1511 est,
3472 1460 3568 1500 vos

1983 1538 2082 1607 ipsi
2131 1538 2430 1607 conspicati
2467 1538 2855 1592 necessitatem
2904 1547 3185 1604 urgentem
3232 1551 3318 1591 me
3344 1538 3410 1592 ad
3444 1538 3563 1594 illos

1982 1627 2276 1699 proﬁcisci,
2330 1629 2617 1684 deducturi
2653 1628 2787 1684 estis
2821 1642 2924 1681 me.
2969 1629 3150 1694 Quare
3178 1642 3284 1682 non
3317 1642 3382 1683 ex
3431 1645 3569 1684 con-

1983 1729 2212 1791 tetnptu,
2245 1721 2339 1775 sed
2374 1721 2684 1776 necessario
2715 1721 2984 1774 transiero
3019 1735 3134 1774 vos.
3174 1722 3442 1785 Quoniam
3474 1737 3570 1776 au-

1985 1816 2090 1863 tem
2137 1809 2283 1864 istud
2332 1825 2426 1866 eos
2460 1809 2640 1864 adhuc
2676 1810 2848 1880 magis
2893 1811 3162 1878 angebat,
3218 1819 3377 1866 sanat
3411 1811 3566 1877 illud,

303 1897 463 1950 Ἐπεὶ
485 1897 544 1951 δέ
573 1897 651 1952 ἐτι
679 1899 840 1952 τοῦτο
861 1900 907 1931 ’⁷³
930 1900 1119 1954 ἐλύπει
1146 1901 1330 1970 πλέον,
1359 1904 1654 1975 θεραπεύει
1683 1907 1813 1960 αύτδ
1831 1908 1873 1938 ’³³

1986 1899 2239 1967 inquiens
2273 1917 2287 1953 :
2328 1919 2346 1952 ι
2386 1901 2442 1954 Si
2477 1900 2632 1955 vobis
2665 1903 2898 1972 primum
2926 1916 2988 1954 ex
3022 1911 3174 1968 parte
3203 1902 3358 1957 fuero
3385 1904 3569 1974 exple-

286 1989 475 2057 λέγων
495 2007 509 2022 ⁸
544 2009 562 2044 ι
598 1991 727 2046 Ἐὰν
759 1992 913 2063 ὑμῶν
944 1994 1160 2064 πρῶτον
1193 1996 1300 2048 ἀπὸ
1334 1996 1532 2068 μέρους
1552 1997 1877 2070 ἐμπλησθῶ.

288 2083 553 2137 Δείκνυσι
608 2085 714 2155 γὰρ
750 2086 944 2139 ἐαυτὸν
1000 2087 1208 2156 ἐρῶντα
1253 2089 1351 2159 τῆς
1400 2087 1622 2160 ἀγάπης
1672 2092 1876 2156 αὐτῶν,

289 2177 390 2228 καὶ
427 2177 674 2247 σφοδρῶς
696 2193 710 2207 ·
741 2177 821 2231 διδ
850 2179 970 2233 ούδέ
994 2174 1135 2244 εἷπε,
1162 2179 1478 2251 Θεάσωμαι,
1531 2181 1670 2249 ἀλλ’,
1701 2201 1719 2234 ι
1742 2183 1878 2253 Ἐμ-

290 2269 562 2338 πλησθῶ,
627 2289 646 2323 ι
703 2269 773 2324 τὰ
822 2271 934 2326 τῶν
985 2273 1188 2341 γονέων
1248 2274 1588 2346 μιμούμενος
1636 2276 1880 2347 ῥήματα.

301 2381 319 2414 ι
343 2362 480 2416 Ἀπὸ
514 2363 715 2434 μέρους
742 2384 759 2416 ι
799 2365 876 2431 δέ,
909 2360 1031 2418 εἷπε
1059 2382 1072 2396 ⁸
1103 2368 1404 2434 τουτέστιν,
1444 2370 1632 2434 Οὐδείς
1661 2389 1727 2442 με
1755 2373 1882 2442 χρό-

292 2471 384 2514 νος
426 2454 703 2525 ἐμπλῆσαι
759 2455 1023 2522 δύναται,
1079 2458 1200 2510 οὐδέ
1240 2460 1540 2530 ἐμποιῆσαί
1590 2477 1682 2531 μοι
1719 2463 1880 2531 κόρον

288 2544 392 2614 τῆς
437 2543 654 2614 ὁμιλίας
687 2545 866 2614 ὑμῶν.
905 2547 1214 2619 Ἀγαπητδν
1245 2543 1339 2602 οὖν
1372 2567 1484 2620 μοι,
1517 2550 1612 2603 ἐὰν
1635 2551 1881 2622 μερικῶς

291 2636 453 2706 ὑμῶν
503 2637 826 2706 ἐμπλησθῶ.

368 2748 387 2780 ι
419 2727 555 2780 Νυνὶ
577 2728 633 2780 δὲ
653 2728 959 2800 πορεύομαι
978 2730 1056 2792 είς
1084 2731 1455 2804 Ἰερουσαλὴμ,
1477 2733 1741 2788 διακονῶν
1768 2737 1880 2800 τοτς

288 2821 494 2887 ἁγίοις.
525 2821 837 2892 Εύδόκησαν
858 2821 968 2893 γὰρ
1007 2823 1317 2878 Μακεδονία
1340 2827 1432 2878 καὶ
1459 2826 1652 2896 ’Λχαΐα
1683 2844 1879 2879 κοινω-

287 2910 413 2964 νίαν
440 2911 559 2965 τινα
581 2913 912 2982 ποιήσασθαι
931 2917 1009 2977 εἰς
1026 2916 1150 2978 τοὺς
1177 2917 1426 2986 πτωχοὺς
1443 2917 1550 2971 τῶν
1574 2917 1744 2985 ἁγίων
1771 2918 1879 2972 τῶν

285 3004 351 3055 ἐν
401 3002 782 3075 Ἰερουσαλήμ.
827 3024 845 3057 ι
895 3005 1194 3077 ’Υπέσχετο
1226 3009 1486 3080 ἀνωτέρω
1520 3010 1656 3082 πρὸς
1682 3012 1877 3074 αὐτοὺς

291 3093 530 3147 διελθεῖν
553 3113 564 3125 ·
597 3097 719 3149 ἐπεὶ
749 3097 804 3149 δέ
858 3096 1082 3166 ἔμελλεν
1124 3099 1461 3169 ἐμϐραδῦναι
1486 3144 1497 3166 ,
1533 3103 1618 3156 ἵνα
1649 3103 1723 3174 μὴ
1751 3104 1876 3175 δόξῃ

282 3187 576 3256 χλευάζειν
599 3188 816 3252 αὐτοὺς,
845 3188 992 3256 λέγει
1020 3193 1114 3242 καὶ
1133 3190 1232 3260 τὴν
1261 3191 1438 3246 αἰτίαν
1468 3193 1534 3248 δι’
1567 3193 1633 3265 ἢν
1662 3195 1873 3265 ἐμϐρα-

283 3278 467 3344 δύνει,
502 3280 595 3333 καί
628 3297 812 3350 φησιν,
849 3282 929 3334 ὅτι
971 3301 988 3334 ι
1026 3283 1340 3353 Πιρεύομαι
1375 3287 1454 3349 είς
1491 3285 1870 3359 Ἰερουσαλὴμ,

272 3371 558 3426 διακονῶν
606 3374 718 3434 ταῖς
789 3373 1028 3441 ἁγίοις.»
1079 3375 1192 3428 Ούκ
1243 3372 1420 3442 εἶπεν,
1469 3377 1874 3449 Ἑλεημοσύνας

276 3465 685 3536 ἀποκομίζων,
743 3465 900 3530 ἀλλὰ,
961 3484 978 3518 ι
1021 3469 1332 3521 Διακονῶν·
1388 3487 1407 3520 ι
1469 3469 1555 3523 ἵνα
1613 3470 1875 3543 μὸιθωμεν

180 3610 193 3621 ,
275 3559 484 3630 ἡλίκον
516 3559 608 3610 καὶ
634 3557 725 3628 ὑφ’
753 3554 815 3613 οῦ
879 3559 1166 3630 γινόμενον
1207 3559 1278 3616 σὺ
1320 3563 1628 3632 γινόμενον,
1661 3564 1754 3616 καὶ
1793 3563 1874 3618 ὅτι

277 3649 462 3720 μέγα.
484 3651 580 3702 Διὰ
600 3649 656 3702 δέ
670 3649 859 3704 τούτου
877 3651 1246 3722 προτρέπεται
1263 3653 1358 3706 καὶ
1373 3654 1498 3716 τοὺς
1515 3653 1874 3726 Ῥωμαίους⁷³

273 3743 373 3803 εἰς
397 3740 783 3813 ἐλεημοσύνην.
807 3744 998 3811 Λέγων
1027 3744 1156 3813 γὰρ,
1180 3745 1262 3798 ὅτι
1293 3764 1311 3798 ι
1349 3746 1664 3818 Εύδόκησαν
1689 3750 1876 3802 Μακε-

271 3830 442 3883 δονία
475 3832 564 3883 καὶ
604 3832 817 3901 Ἀχαΐα,
858 3851 877 3882 ›
915 3833 1009 3885 καὶ
1037 3832 1108 3886 τὰ
1135 3833 1285 3903 ἑξῆς,
1326 3835 1485 3905 ζῆλον
1517 3837 1699 3900 αὐτοῖς
1728 3837 1870 3891 ἐντί-

274 3923 453 3990 θησιν
487 3923 564 3985 είς
590 3922 653 3976 τὸ
689 3924 1035 3996 μιμήσασθαι
1087 3923 1332 3990 τούτους.
1373 3927 1446 3980 Τὸ
1471 3926 1550 3992 δέ,
1587 3947 1605 3980 ι
1631 3929 1872 4002 Εύδόκη-

277 4030 398 4066 σαν
417 4053 432 4074 ,
465 4014 586 4067 ἀντὶ
611 4013 728 4077 τοῦ,
752 4013 1046 4086 ἠθέλησαν,
1073 4017 1276 4086 ἀγαθὸν
1300 4017 1545 4090 ἔκριναν,
1575 4021 1634 4073 τὸ
1665 4021 1872 4076 στεῖλαι

275 4104 576 4159 κοινωνίαν
621 4105 766 4160 τινα.
802 4108 1083 4178 Πανταχοῦ
1118 4109 1176 4162 δὲ
1225 4111 1512 4164 κοινωνίαν
1561 4112 1717 4166 καλεῖ
1770 4115 1870 4185 τὴν

272 4196 682 4268 ἐλεημοσύνην,
744 4197 820 4263 ὡς
874 4201 1056 4252 κοινοῦ
1129 4201 1222 4254 τοῦ
1282 4202 1506 4273 κέρδους
1553 4185 1734 4269 ὄντος.
1777 4207 1871 4261 καὶ

275 4289 463 4343 τῶν⁷⁶
493 4290 760 4356 διδόντων,
793 4293 890 4348 καί
933 4293 1042 4348 τῶν
1085 4293 1489 4366 λαμϐανόντων.
1515 4317 1534 4350 ι
1559 4299 1692 4352 Τινὰ
1734 4319 1752 4352 ι
1790 4299 1867 4365 δὲ,

273 4377 470 4445 εἶπεν,
499 4382 621 4435 ἀντὶ
649 4382 767 4450 τοῦ,
805 4385 1031 4456 μικρὰν,
1063 4385 1148 4438 ἵνα
1181 4385 1255 4458 μὴ
1281 4386 1408 4460 δόξῃ
1431 4391 1543 4454 τοῖς
1577 4389 1869 4461 Ῥωμαίοις

272 4471 591 4539 ὀνειδίζειν,
624 4474 700 4538 ὡς
748 4475 1032 4544 φειδωλοῖς
1070 4477 1165 4529 καὶ
1201 4477 1608 4548 ἀκοινωνήτοις.
1643 4498 1662 4532 ι
1713 4480 1867 4534 Πτω-

1987 2003 2093 2047 tus.
2137 2010 2156 2043 ι
2194 1991 2404 2046 Iudicat
2432 2003 2614 2045 autem
2658 2007 2718 2047 se
2746 1991 3070 2045 eharitatem
3104 1991 3320 2046 illorum
3353 2008 3563 2062 amare,

1983 2086 2146 2155 idque
2177 2085 2528 2140 vehementer
2560 2101 2576 2139 :
2611 2085 2842 2153 ideoque
2866 2098 2972 2138 non
3000 2083 3161 2149 dixit,
3193 2085 3410 2153 videro;
3444 2094 3564 2157 sed,

1988 2195 2008 2228 ι
2048 2176 2300 2247 expletus
2334 2177 2519 2242 fuero;
2561 2195 2579 2228 ι
2612 2185 2895 2246 parentum
2927 2175 3090 2229 verba
3127 2175 3392 2234 imitatus.
3433 2198 3452 2233 ι
3478 2183 3556 2236 Ex

1981 2275 2166 2332 parte,
2211 2283 2229 2316 ι
2267 2274 2451 2319 autem
2486 2265 2656 2331 dixit;
2701 2264 2802 2319 hoc
2832 2275 2944 2330 est,
2977 2265 3180 2319 nullum
3215 2282 3302 2323 tne
3350 2279 3560 2340 tempus

1983 2357 2236 2426 explere,
2291 2367 2386 2410 aut
2435 2365 2630 2411 vestra:
2691 2355 2970 2411 societatis
3050 2357 3356 2414 satietatem
3431 2363 3566 2426 mihi

1982 2465 2174 2506 creare
2225 2461 2421 2521 potest.
2466 2450 2524 2506 Si
2573 2451 2760 2522 itaque
2804 2465 2869 2505 ex
2906 2459 3060 2519 parte
3119 2452 3272 2509 vobis
3317 2455 3568 2525 expletus

1982 2545 2155 2609 fuero,
2189 2553 2478 2600 contentus
2505 2558 2622 2601 ero.

2053 2725 2220 2780 Vens.
2246 2726 2340 2790 9.5,
2373 2725 2466 2781 26.
2499 2744 2516 2779 ι
2555 2725 2710 2783 Nunc
2738 2740 2916 2785 autem
2959 2732 3278 2803 proﬁciscor
3301 2733 3560 2788 llicroso‘

1983 2819 2144 2891 lytna,
2183 2821 2498 2875 ntiuislrans
2530 2822 2756 2876 sanctis.
2788 2821 2997 2878 Placuit
3025 2826 3169 2878 enim
3236 2824 3547 2879 Macedonia

1981 2921 2033 2966 et
2089 2910 2306 2966 Achaiae
2361 2913 2910 2967 communicationem
2940 2916 3229 2985 quamdam
3271 2918 3452 2970 facere
3509 2918 3550 2970 it.

1981 3017 2252 3072 pauperes
2280 3013 2505 3057 sanctos
2553 3004 2642 3072 qui
2676 3014 2804 3058 sunt
2863 3005 2915 3060 itt
2957 3005 3279 3064 Jerusalem.
3313 3026 3332 3059 ι
3389 3005 3546 3077 Supr;

1981 3095 2333 3165 pollicebatur
2364 3110 2423 3149 se
2463 3095 2530 3150 ad
2565 3096 2710 3166 ipsos
2737 3107 3126 3166 perventurum
3163 3117 3176 3152 :
3211 3109 3267 3153 at
3307 3101 3551 3170 quoniam.

1983 3196 2333 3243 eunt-taturus
2357 3199 2496 3254 erat,
2530 3204 2600 3244 ne
2630 3189 2904 3245 videretur
2933 3207 3026 3247 eos
3061 3193 3311 3259 irridere,
3341 3208 3560 3248 causam

1981 3295 2145 3335 morte
2177 3295 2288 3336 sua:
2317 3281 2560 3350 exponit,
2595 3298 2613 3332 ι
2645 3279 2989 3348 Proﬁciscor,
3024 3303 3042 3335 ι
3082 3284 3354 3354 inquiens,
3391 3303 3410 3336 ι
3443 3285 3564 3340 Ilie-

1980 3371 2270 3443 rosolyma,
2303 3371 2622 3427 ministrans
2652 3375 2876 3438 sanctis,
2917 3393 2936 3426 ›
2977 3375 3094 3429 Non
3131 3376 3288 3440 dixit,
3325 3375 3562 3431 elecmo-

1976 3481 2166 3536 synam
2205 3480 2418 3520 mecum
2447 3473 2762 3535 aSportans,
2816 3467 2933 3532 sed,
2990 3486 3006 3517 ι
3046 3467 3400 3520 ministrans:
3439 3484 3458 3518 ι
3504 3477 3564 3521 ιιι

1976 3559 2250 3613 discamus
2276 3569 2541 3628 quantum
2581 3559 2675 3622 sit,
2710 3568 2766 3613 et
2798 3574 2826 3611 a
2855 3575 2960 3627 quo
2997 3559 3112 3625 ﬁat,
3165 3561 3307 3628 quod
3354 3558 3555 3613 factum

1974 3658 2081 3713 est,
2117 3657 2172 3702 et
2219 3662 2380 3717 quam
2436 3645 2706 3705 arduum.
2747 3646 2848 3700 Per
2912 3650 3012 3701 hoc
3050 3657 3231 3702 autem
3285 3648 3560 3702 Romanus

1973 3742 2138 3796 etiam
2195 3741 2261 3795 ad
2303 3740 2706 3811 eleemosyuam
2764 3742 3035 3794 hortatur.
3090 3738 3224 3794 Cum
3262 3741 3407 3794 eni'm
3458 3742 3556 3806 ait,

1981 3853 2000 3886 ι
2019 3832 2232 3888 Placuit
2257 3831 2584 3887 Macedonia:
2603 3839 2657 3886 et
2676 3832 2917 3897 Achaiae,
2959 3851 2976 3884 ι
3007 3842 3138 3896 etc.,
3159 3831 3556 3888 mmulationent

1973 3926 2054 3982 eis
2089 3925 2226 3980 indit
2262 3925 2332 3980 ad
2371 3924 2510 3980 istos
2533 3924 2844 3980 imitandus.
2879 3925 3072 3991 Porro,
3113 3943 3132 3975 ι
3163 3924 3368 3995 placuit
3393 3943 3412 3976 ι
3447 3925 3552 3990 eis,

1975 4035 2094 4089 pro,
2121 4019 2432 4084 voluerunt,
2468 4016 2669 4072 bonum
2702 4027 3033 4072 censuerunt
3060 4017 3275 4070 mittere
3309 4030 3557 4070 comnm-

1973 4111 2298 4167 nicationem
2344 4109 2605 4180 aliquam.
2646 4108 2855 4178 Ubique
2911 4119 3092 4163 autem
3150 4107 3550 4178 eleemosynam

1971 4198 2525 4256 communicationem
2572 4207 2755 4263 vocat,
2807 4199 2962 4267 quasi
3010 4200 3224 4252 lucrum
3262 4213 3553 4252 connnune

1972 4299 2122 4346 esset
2141 4289 2263 4346 cum
2299 4291 2541 4345 dantiunt
2574 4299 2686 4344 tum
2706 4290 3112 4360 accipientium.
3140 4307 3158 4341 ‹
3193 4289 3494 4356 Quamdam
3525 4309 3548 4341 ο

1972 4395 2153 4438 autem
2187 4382 2348 4448 dixit,
2384 4395 2484 4452 pro
2513 4383 2765 4453 exiguam
2806 4399 2820 4437 :
2871 4397 2938 4437 ne
2992 4383 3239 4435 videatur
3291 4380 3553 4436 Romanis

1969 4474 2207 4542 obiicere
2234 4477 2381 4546 quod
2420 4483 2474 4530 et
2539 4473 2691 4544 parci
2723 4474 2834 4529 sint
2881 4483 2935 4527 et
2974 4472 3289 4527 illiberales.
3351 4471 3545 4534 Porro.

274 4567 422 4636 χοῦς
459 4565 512 4618 δὲ
545 4566 653 4620 τῶν
685 4567 887 4633 ἁγίων,
931 4585 950 4618 ι
989 4567 1256 4631 τουτέστι,
1287 4567 1396 4621 τῶν
1437 4569 1663 4625 πιστῶν.
1698 4570 1865 4624 Ὥστε

1980 4585 1997 4620 ι
2028 4582 2293 4638 pauperes
2337 4576 2558 4621 sanctos
2607 4583 2627 4618 ι
2666 4565 2821 4629 dixit,
2857 4563 2958 4618 hoc
2999 4571 3100 4626 est,
3135 4563 3339 4618 ﬁdeles.
3379 4562 3455 4616 Ita
3494 4573 3552 4616 ut

274 4659 491 4718 διπλὼς
515 4659 554 4688 ⁷⁷
587 4659 725 4724 ἄξιοι
754 4660 1044 4726 ἐλεεῖσθαι,
1075 4660 1165 4714 διὰ
1194 4660 1292 4732 τὴν
1321 4661 1514 4716 πενίαν
1541 4663 1634 4716 καὶ
1659 4662 1747 4717 διὰ
1769 4664 1868 4735 τὴν

274 4751 514 4820 ἀρετήν.

369 4862 387 4894 ι
428 4844 735 4914 Εύδόκησαν
774 4844 900 4914 γὰρ,
938 4845 1030 4898 καὶ
1060 4843 1334 4914 ὀφειλέται
1381 4845 1561 4899 αὐτῶν
1603 4847 1775 4900 εἰσιν·
1818 4849 1866 4900 εί

273 4933 397 5008 γὰρ
444 4935 500 4987 ἐν
542 4937 653 5000 τοῖς
701 4939 1096 5012 πνευματικοῖς
1154 4936 1335 4990 αὐτῶν
1381 4937 1750 5010 ἐκοινώνησαν
1797 4940 1866 4993 τὰ

275 5029 440 5100 ἔθνη,
475 5030 746 5098 ὀφείλουσι
796 5031 888 5083 κςιιλ⁵
923 5031 979 5082 ἐν
1006 5033 1118 5094 τοῖς
1155 5033 1440 5102 σαρκικοῖς
1478 5031 1864 5102 λειτουργῆσαι

272 5121 489 5183 αὐτοῖς.
533 5140 551 5171 ι
598 5121 785 5185 Οὐδὲν,
820 5122 975 5192 φησὶ,
1009 5120 1218 5188 καινὸν,
1253 5123 1302 5174 εί
1341 5120 1641 5191 εὐδόκησαν
1672 5138 1864 5175 κοινωοι

273 5214 446 5281 νῆσαι
488 5217 597 5276 τοῖς
648 5213 858 5280 ἁγίοιςο
897 5213 1171 5280 όρειλέται
1219 5215 1325 5283 γὰρ
1361 5213 1540 5266 αὐτῶν
1574 5215 1701 5268 είσι.
1754 5215 1864 5266 Καὶ

271 5306 440 5371 πῶς;
480 5307 572 5359 Ἐκ
615 5306 722 5358 τῶν
773 5303 1040 5358 Ἰουδαίων
1075 5302 1142 5378 ἦν
1177 5308 1205 5358 ό
1233 5305 1490 5377 Χριστὸς,
1541 5305 1611 5358 δι’
1664 5305 1862 5368 αὐτοὺς

270 5396 470 5472 ἦλθεν,
497 5398 704 5452 ἐκεῖθεν
733 5399 782 5451 οί
812 5398 1126 5465 ἀπόστολοι,
1159 5399 1208 5452 οί
1256 5399 1557 5469 προφῆται,
1589 5399 1764 5451 πάντα
1789 5399 1857 5451 τὰ

273 5490 487 5558 ἀγαθά.
518 5490 738 5544 Τούτων
785 5487 877 5543 οῦν
908 5490 1166 5543 ἁπάντων
1210 5490 1571 5560 ἐκοινώνησεν
1599 5492 1632 5561 ἡ
1671 5493 1850 5543 οἴκου-

278 5585 444 5655 μένη.
488 5584 826 5653 Ὀφείλουσιν
851 5583 944 5637 οὖν
978 5582 1137 5636 πάλιν
1168 5582 1490 5653 μεταδοῦναι
1533 5582 1714 5644 αὐτοῖς
1745 5581 1852 5634 τῶν

1967 4658 2166 4728 duplici
2228 4658 2440 4712 ratione
2513 4657 2867 4710 miseratione
2920 4654 3066 4723 digni
3121 4655 3254 4717 sint,
3311 4656 3546 4724 primum

1967 4751 2325 4821 paupertatis,
2356 4749 2549 4804 deinde
2577 4764 2707 4804 vero
2738 4748 2958 4801 virtutis
2987 4747 3228 4801 nomine.

2040 4845 2200 4900 Vens.
2229 4845 2320 4899 27.
2358 4861 2378 4895 ι
2421 4842 2632 4898 Placuit
2670 4843 2816 4897 enim
2848 4841 2953 4906 eis,
3011 4849 3066 4894 et
3111 4841 3387 4894 debitores
3419 4848 3546 4892 sunt

1965 4937 2198 4992 illorum.
2229 4936 2361 4989 Nam
2387 4934 2827 5006 sispiritualium
2869 4948 3057 4988 eorum
3085 4931 3378 5002 participes
3414 4929 3544 4984 fat-ti

1963 5039 2088 5084 sunt
2111 5028 2362 5099 gentiles,
2385 5028 2581 5084 debent
2597 5039 2653 5081 et
2675 5027 2724 5079 in
2745 5025 3060 5080 carnalibus
3075 5023 3385 5077 ministrare
3398 5022 3494 5075 eis.
3519 5037 3538 5071 ›

1962 5121 2110 5176 Nihil
2143 5136 2368 5188 novum,
2391 5119 2585 5190 inquit,
2611 5119 2656 5173 si
2687 5118 2892 5172 sanctis
2917 5115 3324 5172 communicare
3355 5113 3544 5168 volue-

1963 5222 2128 5266 ruut:
2167 5211 2442 5266 debitores
2491 5210 2640 5264 enim
2683 5209 2900 5262 illorum
2960 5217 3107 5261 sunt.
3167 5206 3348 5272 Ecqua
3400 5204 3542 5258 istuc

1961 5301 2209 5357 ratione?
2255 5300 2334 5356 Ex
2391 5300 2590 5355 Judaais
2645 5308 2764 5355 erat
2799 5299 3070 5360 Christus,
3129 5306 3350 5365 propter
3392 5296 3539 5365 ipsos

1963 5405 2218 5456 venerat;
2248 5395 2316 5447 ab
2357 5394 2464 5448 illis
2493 5392 2656 5446 etiam
2689 5391 2914 5460 apostoli
2952 5399 3006 5442 et
3035 5389 3328 5458 pmphetae,
3363 5390 3541 5443 adeo-

1960 5501 2066 5556 que
2099 5486 2256 5555 112
2285 5487 2464 5539 omnia
2505 5486 2665 5539 bona.
2692 5484 2903 5538 'llorunt
2942 5481 3104 5552 igitur
3137 5481 3384 5535 omnium
3418 5496 3542 5550 par-

1963 5580 2131 5646 ticeps
2161 5581 2333 5632 rat-tus
2363 5589 2446 5633 est
2479 5579 2764 5632 universus
2792 5585 3061 5630 terrarum
3117 5573 3289 5630 orbis.
3331 5573 3537 5630 Debent

1547 5685 1745 5752 Variae
1779 5689 2104 5752 lectiones.

359 5795 405 5830 ”
435 5795 833 5866 ἐπιθυμοῦντος
869 5809 924 5849 o.
1001 5795 1046 5866 "_'
1087 5791 1196 5866 τῷν
1241 5791 1416 5866 ἄλλων
1463 5792 1590 5866 ἰδεῖν
1637 5809 1707 5846 tn.

278 5868 326 5901 ⁷³
367 5860 652 5940 Ἐσραίους
682 5882 736 5923 0.
812 5867 858 5900 "
891 5863 1074 5936 κοινὴν
1109 5860 1274 5919 οὖσαν
1321 5865 1413 5918 καὶ
1463 5861 1572 5917 τῶν
1602 5878 1654 5917 o.

1785 5793 1826 5822 '“
1880 5790 2016 5861 πρὸς
2063 5806 2116 5844 0.

1732 5863 1778 5893 '”
1836 5861 1999 5933 διπιῃ
2039 5875 2092 5915 ο.

2191 5791 2237 5823 ⁷³
2265 5790 2492 5861 ἀγάπην
2541 5804 2592 5845 o.
2667 5787 2714 5825 "
2756 5787 2981 5854 τούτους
3017 5803 3070 5844 o.
3151 5788 3196 5820 ⁷⁵
3247 5785 3441 5850 αὐτούς
3482 5800 3536 5841 o.
