3874 6576
481 344 585 415 551
1381 341 1960 406 THEOPIIYLACTI
2004 340 2417 403 BULGARL‘E
2451 342 2657 417 ARCI]
2674 341 2816 402 IEP.
3621 347 3708 412 552

487 464 577 519 hic
610 457 1025 534 adumbrat._Ne
1052 458 1195 515 enim
1223 473 1319 528 per
1345 458 1713 514 adulationem
1751 458 1863 511 huic
1886 458 2066 511 dicere

2171 456 2286 509 νίαν
2317 455 2499 509 αὐτῶν
2530 454 2851 509 αἰνίττεται.
2888 452 3008 506 Ἵνα
3039 452 3150 522 γὰρ
3177 453 3251 525 μὴ
3277 452 3406 528 δόξῃ
3435 455 3712 514 κολακεύων

485 557 754 618 videatur,
801 552 1050 624 producit
1074 552 1238 607 etiam
1266 551 1403 606 alios
1423 551 1620 606 multos
1648 557 1837 605 testes.

2175 548 2377 617 λέγειν,
2417 547 2658 616 παράγει
2690 546 2784 598 καὶ
2814 544 3008 608 ἄλλους
3048 545 3278 608 πολλοὺς
3309 548 3598 619 μάρτυρας.

560 646 723 701 Vens.
765 644 821 699 5.
861 662 879 695 ι
917 643 984 696 Ει
1007 641 1304 697 Ecclesiam
1339 656 1457 712 quae
1491 651 1576 695 est
1639 641 1691 694 in
1726 642 1885 696 domo
1925 638 2066 709 ipso-

2249 661 2267 693 ι
2307 641 2417 695 Καὶ
2440 640 2539 711 τὴν
2564 639 2686 693 κατ’
2713 634 2865 693 οἶκον
2897 638 3078 691 αὐτῶν
3121 637 3470 708 Ἐκκλησίαν.
3506 658 3523 692 ι
3557 641 3712 709 Οὕτως

2170 727 2309 804 ἦσαν
2335 725 2482 786 οὗτοι
2513 731 2791 802 εὐδόκιμοι
2815 772 2830 797 ,
2864 729 3005 783 ὥστε
3038 730 3129 782 τὸν
3174 725 3324 782 οἷκον
3361 730 3534 784 αὐτῶν
3561 734 3710 789 πάντα

2174 828 2397 897 ποιῆσαι
2437 823 2699 887 πιστούς’
2747 822 2970 885 τούτους
3019 823 3130 894 γὰρ
3163 821 3488 891 Ἐκκλησίαν
3528 823 3711 895 ὠνόμα-

2175 933 2294 969 σεν·
2326 914 2463 969 ἀλλὰ
2495 915 2591 969 καὶ
2617 915 2707 968 διὰ
2741 915 2804 968 τὸ
2834 913 3132 984 φιλόξενον.
3161 912 3335 968 Ἔνθα
3363 914 3469 984 γὰρ
3493 915 3708 972 εὐλάϐεια

2175 1007 2345 1080 πολλὴ
2368 1009 2461 1062 καὶ
2479 1007 2676 1079 ἀρετὴ,
2692 1006 2991 1077 Ἐκκλησία
3007 1006 3034 1060 ό
3054 1002 3201 1069 οἶκος
3227 1007 3430 1069 ἐκεῖνος
3451 1006 3515 1059 ⁸⁸.
3533 1007 3711 1063 Ἀκουέ-

488 753 632 794 rnm.
665 754 684 788 ι
733 734 797 790 ιιι
828 736 963 791 adeo
1018 736 1227 804 probati
1293 734 1532 798 fuerunt,
1568 742 1624 785 ut
1673 742 1834 787 totam
1883 746 2070 786 eorum

485 828 745 885 familiam
808 827 993 882 fideles
1037 825 1283 881 fecerint.
1350 824 1524 880 Hosee
1584 826 1731 879 enim
1775 822 2069 878 Ecclesiam

485 917 802 973 nominavit.
839 914 978 983 Quin
1022 916 1189 970 etiam
1222 923 1443 985 prepler
1473 914 1899 984 hospitalitatem
1957 913 2070 966 haec

484 1010 635 1064 dicit.
672 1006 769 1063 Ubi
793 1009 935 1063 enim
969 1006 1140 1061 multa
1189 1008 1361 1077 pietas
1399 1016 1483 1061 est
1511 1014 1565 1060 et
1618 1005 1811 1070 virtus,
1879 1004 2072 1057 domus

486 1100 572 1154 illa
601 1097 842 1156 Ecclesia
881 1099 1104 1156 dicitur.
1140 1100 1376 1154 Audiant
1408 1098 1589 1167 itaque
1643 1098 1699 1163 ii,
1730 1097 1821 1166 qui
1882 1094 2074 1149 matri-

488 1194 1026 1264 tuonioiunguntnr,
1078 1192 1222 1263 quod
1257 1193 1321 1247 iis
1355 1192 1422 1246 ad
1473 1192 1728 1246 virtutem
1779 1188 1923 1244 istud
1963 1202 2069 1242 non

484 1299 568 1342 est
593 1288 997 1357 impedimento.

562 1398 583 1431 ι
624 1378 867 1435 Salutate
916 1378 1223 1449 Epasnetum
1280 1377 1533 1435 dilectum
1591 1392 1793 1442 meum,
1842 1377 1931 1446 qui
1986 1382 2070 1430 est

486 1475 743 1544 primitire
801 1474 1022 1529 Achaia:
1069 1473 1121 1526 in
1180 1471 1420 1528 Christo.
1455 1492 1475 1525 ι
1510 1470 1757 1542 Magnum
1792 1484 1926 1525 sane
1987 1476 2070 1523 est

490 1566 661 1621 Paulo
711 1566 964 1621 dilectum
1000 1580 1144 1630 esse,
1180 1565 1271 1634 qui
1319 1577 1440 1620 cum
1469 1564 1694 1635 iudicio,
1726 1574 1780 1617 et
1838 1578 1943 1617 non
2000 1562 2068 1616 ad

488 1658 718 1729 gratiam
745 1672 931 1713 amare
959 1657 1128 1712 novit.
1153 1653 1433 1711 Primitias
1458 1664 1638 1710 autem
1672 1655 1846 1724 ipsum
1881 1651 2066 1722 appel-

2175 1648 2317 1720 μετὰ
2351 1646 2612 1719 κρίσεως,
2648 1646 2743 1701 καὶ
2776 1646 2836 1700 οὐ
2889 1648 3028 1719 πρὸς
3078 1648 3268 1719 χάριν,
3316 1648 3485 1718 φιλεῖν
3520 1650 3701 1715 εἰδότος.

486 1749 581 1815 lat,
611 1749 691 1804 vel
727 1750 869 1819 quod
903 1750 1110 1818 primus
1143 1748 1397 1813 credidit,
1423 1747 1747 1817 principium
1773 1757 1827 1800 et
1859 1744 2066 1814 ingres-

2183 1739 2465 1812 Ἀπαρχὴν
2491 1738 2550 1794 δὲ
2581 1740 2748 1794 αὑτὸν
2776 1739 2950 1809 λέγει,
2979 1739 3012 1809 ἢ
3039 1740 3122 1793 ὅτι
3155 1739 3373 1813 πρῶτος
3407 1741 3701 1811 ἐπίστευσεν,

487 1858 581 1899 sus
615 1816 792 1898 factus
816 1844 882 1897 ad
905 1816 1087 1898 iidem
1113 1843 1380 1898 universa:
1406 1841 1577 1912 genti,
1608 1816 1692 1895 vel
1713 1837 1857 1910 quod
1892 1839 2066 1907 maio-

2171 1831 2314 1905 ἀρχὴ
2340 1833 2437 1887 καὶ
2463 1831 2685 1898 έείσοδος
2737 1831 2817 1897 είς
2857 1833 2958 1903 τὴν
2992 1831 3179 1885 πίστιν
3214 1831 3499 1904 γενόμενος
3529 1834 3621 1907 ὅλῳ
3640 1836 3699 1907 τῷ

487 1952 604 1993 rem
645 1952 757 2007 prae
785 1937 1001 1993 caeteris
1028 1938 1286 2007 pietatem
1329 1942 1879 1991 rommonstraverat.
1934 1929 2066 1985 Pro-

2173 1925 2317 1980 ἐθνει
2337 1942 2352 1957 '
2386 1925 2419 1997 ἦ
2449 1925 2531 1979 ὃτι
2570 1924 2793 1978 πλείονα
2823 1924 3111 1980 εὐλάϐειαν
3144 1924 3519 1979 ἐπεδείκνυτο·
3546 1927 3614 1983 διδ
3638 1924 3700 1983 εἴ.

486 2039 672 2099 pterea
707 2030 864 2094 dixit,
904 2046 922 2082 ι
961 2030 1057 2101 qni
1111 2037 1196 2085 est
1242 2027 1494 2097 primitias
1523 2026 1577 2081 in
1626 2024 1868 2088 Christo,
1906 2042 1926 2075 ι
1964 2024 2066 2078 hoc

2173 2038 2295 2085 πεν,
2345 2037 2365 2073 ι
2406 2018 2507 2084 ’ος
2549 2019 2698 2073 ἐστιν
2729 2018 2957 2091 ἀπαρχὴ
2990 2020 3070 2082 είς
3120 2018 3387 2092 Χριστόνο
3434 2019 3702 2088 τουτέστινί

489 2129 599 2185 est,
634 2136 741 2175 non
775 2121 830 2174 in
858 2118 1154 2175 mundanis
1184 2120 1371 2184 rebus,
1394 2116 1490 2173 sed
1517 2116 1570 2171 in
1595 2114 1660 2169 iis
1679 2128 1796 2183 qua:
1818 2113 1884 2168 ad
1909 2111 2066 2167 Chri-

2171 2113 2272 2168 οὐκ
2298 2115 2356 2166 ἐν
2380 2115 2493 2177 τοῖς
2527 2114 2814 2183 κοσμικοϊς
2842 2112 3195 2183 πράγμασιν,
3227 2111 3345 2167 ἀλλ’
3375 2112 3430 2167 ἐν
3464 2114 3567 2177 τοῖς
3585 2113 3695 2167 κατά

490 2220 636 2266 etum
671 2220 938 2279 spectant.

2172 2206 2433 2279 Χριστόν.

568 2303 727 2361 Vens.
763 2305 817 2360 6.
843 2322 863 2355 ι
901 2302 1146 2358 Salutate
1196 2300 1419 2355 Mariam
1446 2313 1568 2370 quae
1597 2297 1827 2355 multum
1852 2296 2066 2352 labora-

2251 2318 2271 2352 ι
2308 2298 2637 2353 Ασπάσασθε
2669 2297 2941 2370 Μαριὰμ,
2977 2296 3100 2368 ἣτις
3140 2296 3317 2352 πολλά
3350 2297 3617 2351 ἐκοπίασεν
3636 2298 3698 2362 είς

485 2395 565 2450 vit
593 2410 719 2466 erga
750 2409 873 2450 nos.
912 2411 932 2445 ι
969 2395 1017 2447 A
1076 2393 1357 2449 laboribus
1388 2405 1525 2462 quos
1550 2404 1651 2461 pro
1681 2389 1914 2445 veritate
1945 2400 2066 2456 per-

2172 2392 2343 2463 ήμᾶς.
2387 2411 2407 2445 ι
2456 2392 2590 2445 Ἀπὸ
2627 2390 2739 2446 τῶν
2775 2392 2917 2462 ὑπὲρ
2950 2391 3049 2462 τῆς
3079 2389 3343 2460 ἀληθείας
3382 2388 3600 2462 ἱδρώτων
3621 2389 3697 2459 τὴν

486 2487 634 2549 tulit,
669 2485 955 2541 mulierem
978 2492 1158 2538 ornat.
1189 2481 1307 2538 Non
1335 2493 1546 2536 tantum
1564 2480 1735 2545 enim,
1761 2479 1955 2549 inquit,
1974 2489 2066 2547 pro

2173 2486 2408 2553 γυναῖκα
2445 2482 2803 2549 καλλωπίζει.
2831 2483 2905 2537 Οὐ
2939 2481 3099 2552 μόνον
3125 2482 3259 2553 γὰρ,
3289 2483 3469 2554 φησιν,
3501 2484 3572 2546 είς
3596 2483 3695 2536 tau-

485 2579 661 2649 seipsa
696 2578 988 2642 laboravit,
1036 2578 1293 2631 excubias
1320 2590 1508 2647 agens,
1542 2573 1803 2640 humique
1832 2572 2024 2643 iacens
2053 2589 2066 2627 :

2171 2575 2270 2646 τὴν
2301 2576 2597 2630 ἐκοπίασεν
2617 2614 2634 2641 ,
2680 2574 3040 2647 ἀγρυπνοῦσα
3077 2575 3177 2628 καὶ
3208 2574 3564 2646 χαμευνοῦσα·
3591 2571 3698 2626 ἀλλὰ

486 2681 674 2722 verum
707 2669 893 2731 etiam,
927 2666 1071 2737 quod
1120 2663 1300 2735 maius
1327 2675 1430 2733 est,
1460 2679 1560 2735 pro
1583 2663 1741 2718 nobis
1794 2660 2066 2731 apostolo-

2171 2669 2234 2722 τδ
2266 2670 2472 2739 μεῖζον,
2506 2671 2602 2722 καὶ
2631 2669 2715 2731 είς
2743 2668 2888 2739 ἡμᾶς
2914 2667 3237 2724 ἀποστόλων
3268 2667 3538 2738 πληροῦσα
3555 2664 3695 2729 τάξιν.

488 2776 606 2814 rum
641 2759 955 2829 adimplevit
981 2758 1238 2815 ofﬁcium.
1283 2757 1387 2825 Qui
1420 2772 1550 2827 ergo
1580 2756 1710 2811 dicit
1737 2754 2066 2825 Apostolus:

2176 2762 2302 2825 Πῶς
2336 2759 2430 2814 οὖν
2476 2776 2665 2830 φησιν,
2697 2760 2784 2813 ὅτι
2840 2778 2858 2812 ι
2900 2760 2940 2813 Γ
2944 2760 3129 2814 υνοιικὶΙ
3160 2758 3433 2815 διδάσκειν
3473 2759 3562 2812 οὐκ
3601 2758 3696 2809 ἑπι-

2172 1118 2355 1155 τωσαν
2383 1102 2431 1155 οἱ
2456 1103 2515 1154 ἐν
2537 1100 2723 1171 γάμῳ,
2756 1100 2839 1155 ὅτι
2865 1100 2926 1154 οὐ
2958 1099 3289 1171 βλάπτονται
3315 1101 3379 1151 ἐκ
3400 1096 3576 1151 τούτου
3600 1101 3709 1171 πρὶς

2171 1192 2397 1265 ἀρετήν.

2267 1390 2285 1423 ι
2351 1367 2695 1424 Ἀσπάσασθε
2758 1368 3069 1423 Ἐπαινετδν
3136 1368 3318 1441 [vulg.
3394 1369 3705 1447 Ἐπαίνετον]

2169 1462 2262 1517 τὸν
2316 1464 2599 1534 ἀγαπητόν
2640 1475 2777 1533 μου·
2814 1462 2873 1525 ὃς
2924 1464 3071 1516 ἐστιν
3115 1463 3342 1534 ἀπαρχὴ
3388 1463 3482 1534 τῆς
3521 1465 3704 1535 Ἀχαίας

2176 1556 2255 1619 είς
2278 1553 2539 1626 Χριστόν.
2580 1573 2600 1607 ι
2630 1552 2792 1624 Μέγα
2820 1555 2879 1607 τὸ
2909 1549 3049 1608 εἶναι
3081 1553 3302 1609 Παύλου
3325 1557 3609 1627 ἀγαπητὸν,
3628 1558 3703 1611 τοῦ

490 2869 512 2905 ι
547 2850 758 2908 Mulieri
780 2852 977 2907 docere
994 2865 1099 2906 non
1126 2852 1382 2921 permitto
1403 2850 1421 2891 ί
1444 2848 1467 2903 ?
1492 2867 1512 2901 ν
1550 2848 1597 2902 Α
1619 2849 1784 2903 verbo
1815 2847 2066 2901 doctrina:

2172 2852 2391 2921 τρέπως
2428 2870 2447 2904 ι
2486 2852 2562 2905 Οὒ
2590 2851 2683 2904 τοῦ
2720 2851 2880 2921 λόγου
2910 2851 3009 2920 τῆς
3037 2850 3389 2915 διδασκαλίας
3428 2850 3581 2921 αὐτὴν
3609 2865 3695 2900 κω-

484 2956 605 2996 eam
640 2956 747 2996 non
795 2953 968 3009 arcet,
1009 2942 1106 2997 sed
1137 2956 1167 2995 a
1208 2941 1501 3011 praesulatu
1563 2940 1617 2993 in
1651 2948 1922 2994 conventu
1954 2946 2009 2991 et
2038 2949 2066 2990 a

2173 2944 2327 3009 λύει,
2358 2943 2495 2997 ἀλλὰ
2530 2947 2631 3015 τῆς
2664 2945 2723 2997 ἐν
2757 2943 2836 3013 τῷ
2873 2945 3027 3016 μέσῳ
3068 2943 3397 3016 προεδρίας,
3431 2947 3521 2996 καὶ
3548 2940 3627 2994 τοῦ
3651 2942 3695 2992 ἐν

486 3043 764 3106 suggesto.
784 3032 1056 3088 Privatam
1078 3035 1224 3088 enim
1251 3032 1650 3089 institutionem
1674 3030 1831 3084 valde
1854 3029 2066 3098 probat.

2174 3035 2381 3107 βήματι
2402 3034 2595 3106 θρόνου
2617 3051 2632 3065 ’
2655 3033 2753 3105 τὴν
2772 3035 2882 3105 γὰρ
2904 3034 3013 3106 ἰδίᾳ
3033 3036 3328 3106 γινομένην
3342 3033 3645 3088 διδασκαλίαν
3658 3031 3693 3063 ιο

487 3125 640 3182 Hatic
672 3126 818 3182 enim
858 3127 925 3182 ad
956 3127 1219 3181 rationem
1242 3132 1297 3181 et
1328 3126 1584 3180 maritum
1613 3138 1771 3179 suum
1828 3136 1984 3185 uxor,
2013 3129 2066 3177 et

2173 3129 2269 3181 καὶ
2300 3126 2507 3197 σφόδρα
2532 3124 2773 3196 δέχεται.
2804 3124 2963 3179 Οὕτω
2990 3125 3100 3198 γὰρ
3141 3126 3243 3180 καὶ
3270 3125 3404 3196 γυνὴ
3427 3124 3510 3178 τὸν
3534 3124 3692 3176 οἰκεῖον

486 3217 685 3273 liberos
707 3215 889 3284 docet,
916 3219 997 3273 sic
1026 3216 1214 3273 Prisca
1246 3217 1434 3287 Apollo
1484 3214 1746 3272 instituit.
1777 3212 1897 3270 Non
1929 3170 2066 3270 dixit

2171 3170 2466 3291 ἀνδρατκαῖ
2522 3170 2791 3272 τάλτέκνα
2840 3170 3110 3283 mea“:
3162 3170 3347 3288 xa\.ﬂ
3391 3170 3587 3289 holoxa
3624 3215 3692 3268 τὸν

486 3317 688 3374 autem,
733 3308 898 3362 multa
924 3308 1131 3373 docuit,
1160 3310 1279 3377 sed,
1304 3326 1323 3360 ι
1351 3307 1652 3364 laboravit:
1679 3324 1698 3359 ι
1727 3315 1787 3361 ιιι
1811 3307 2066 3362 ostendat

2171 3310 2417 3365 Ἀπολλὼ
2441 3311 2777 3381 κατήχησεν.
2803 3311 2918 3364 Οὐκ
2940 3307 3061 3365 εἶπε
3081 3310 3159 3378 δὲ,
3185 3313 3269 3366 ὅτι
3293 3310 3462 3365 Πολλά
3479 3306 3689 3373 ἐδίδαξεν,

487 3400 632 3467 quod
662 3409 716 3454 et
743 3415 838 3469 per
872 3400 1132 3470 pecunias
1154 3415 1284 3456 suas
1316 3408 1372 3455 et
1394 3400 1529 3456 alias
1554 3400 1921 3456 ministrabat.

2171 3403 2306 3468 ἀλλ’,
2351 3421 2370 3455 ι
2404 3403 2763 3457 Ἐκοπίασεν·
2792 3422 2811 3455 ι
2846 3404 2932 3459 ἵνα
2963 3403 3133 3477 δείξῃ,
3179 3406 3265 3459 ὅτι
3298 3404 3389 3458 καὶ
3413 3402 3496 3457 διὰ
3520 3400 3693 3473 χρημά·

2165 3513 2277 3550 των
2301 3495 2538 3567 διηκόνει
2561 3537 2576 3561 ,
2612 3499 2710 3552 καὶ
2734 3497 2801 3553 δι’
2832 3497 3010 3553 ἀλλων
3032 3500 3276 3569 τρόπων.

2245 3608 2263 3638 ε
2318 3588 2666 3643 Ἀσπάσασθε
2727 3589 3064 3662 Ἀνδρόνικον
3122 3590 3222 3644 καὶ
3288 3588 3501 3644 Ἰουνίαν
3528 3624 3543 3652 ,
3588 3586 3686 3645 τοὺς

2168 3682 2455 3751 συγγενεῖς
2494 3698 2636 3752 μου,
2677 3682 2774 3736 καὶ
2826 3679 3315 3753 συναιχμαλώτους
3364 3695 3493 3752 μου·
3534 3675 3691 3737 οίτινίς

2166 3777 2306 3827 εἰσιν
2341 3773 2608 3845 ἐπίσημοι
2635 3775 2693 3827 ἐν
2717 3775 2833 3839 τοῖς
2861 3775 3211 3843 ἀποστόλοις,
3255 3775 3305 3829 οἲ
3332 3774 3425 3831 καὶ
3462 3770 3555 3843 πρὸ
3576 3764 3682 3837 ἐμοῦ

2166 3867 2459 3936 γεγόνασιν
2486 3867 2545 3920 ἐν
2570 3865 2815 3939 Χριστῷ.
2863 3887 2882 3920 ι
2923 3867 3000 3921 Οὐ
3033 3867 3095 3922 τὸ
3118 3869 3401 3938 συγγενεῖς
3428 3861 3554 3918 εἶναι
3573 3857 3691 3914 Παύ-

2165 3956 2260 4010 λου
2282 3995 2300 4022 ,
2348 3956 2606 4011 τοσοῦτον
2649 3955 2948 4026 ἐγκώμιον,
2990 3956 3116 4012 ὅσον
3150 3958 3215 4012 τὸ
3248 3950 3688 4025 συναιχμαλώτους.

2167 4049 2279 4103 Kal.
2308 4049 2416 4119 γὰρ
2468 4047 2832 4120 χαλεπώτερα
2877 4049 3120 4120 ἔπασχον
3154 4047 3525 4121 αἰχμαλώτων,
3564 4041 3690 4096 ἐλαυ-

2165 4140 2383 4211 νόμενοι
2405 4180 2423 4205 ,
2452 4138 2842 4211 πορθούμενοι.
2881 4140 2992 4194 Καὶ
3020 4140 3082 4194 τὸ
3122 4141 3449 4202 ἀποστόλους
3473 4137 3526 4190 δέ
3556 4127 3686 4195 εἶναι,

556 3580 721 3637 Vens.
749 3581 804 3639 7.
832 3600 851 3633 ι
881 3580 1129 3639 Salutate
1144 3581 1513 3638 Andronicum
1535 3579 1843 3648 etJnniam,
1866 3595 2059 3652 cogna-

484 3685 569 3731 tos
597 3690 746 3731 meos
775 3685 832 3731 et
858 3676 1214 3746 concaptivos
1248 3690 1419 3739 meos,
1460 3674 1552 3745 qui
1590 3684 1715 3730 sunt
1765 3673 1972 3729 nobiles
2008 3675 2062 3728 in

481 3767 765 3835 apostolis,
796 3767 886 3836 qni
919 3776 1130 3823 etante
1155 3783 1241 3823 me
1269 3767 1488 3823 luerunt
1513 3769 1565 3822 in
1589 3760 1825 3823 Christo.
1865 3784 1885 3819 ι
1910 3765 2065 3833 Quod

482 3860 701 3927 cognati
726 3860 837 3913 sint
859 3859 1049 3926 Paulo,
1072 3875 1178 3914 non
1205 3869 1415 3913 tantum
1435 3869 1522 3915 est
1546 3861 1873 3927 encominm,
1892 3875 2065 3930 quan-

485 3957 598 4002 tum
648 3961 734 4006 est
767 3952 910 4020 quod
953 3950 1063 4006 sint
1092 3950 1419 4020 concaplivi.
1451 3951 1660 4005 Etenim
1699 3953 1945 4021 graviora
1976 3966 2068 4006 cae

483 4039 644 4108 ptivis
671 4043 1040 4111 patiebantur,
1064 4042 1190 4097 dum
1214 4055 1504 4114 agerentur
1521 4041 1644 4097 hinc
1664 4042 1791 4098 inde
1806 4051 1855 4097 et
1880 4052 2064 4097 vasta-

485 4144 694 4186 rentur.
772 4132 942 4187 Porro
1002 4148 1259 4204 magnum
1298 4141 1380 4188 est
1433 4132 1577 4201 quod
1637 4132 1863 4201 apostoli
1922 4132 2056 4198 sint,

482 4223 794 4290 praesertim
819 4238 941 4278 cum
970 4223 1129 4280 Junia
1171 4237 1242 4282 stt
1280 4225 1495 4280 mulier.
1529 4223 1697 4280 Multo
1722 4240 1849 4280 vero
1889 4224 2065 4295 maius

2171 4232 2345 4302 μέγα·
2385 4232 2483 4286 καὶ
2528 4232 2702 4286 ταῦτα
2739 4233 2976 4300 γυναῖκα
3013 4230 3183 4286 οὖσαν
3226 4231 3327 4303 τὴν
3383 4227 3612 4284 Ἰουνίαν·
3639 4221 3688 4274 τὸ

481 4323 567 4370 est
615 4318 754 4384 quod
821 4315 1063 4387 insignes
1117 4318 1247 4372 sint.
1320 4318 1489 4373 Porro
1536 4318 1604 4373 ab
1663 4317 1925 4389 operibus
1952 4317 2066 4373 suis

2171 4323 2222 4378 δὲ
2255 4323 2595 4394 ἐπισήμους,
2631 4323 2812 4395 πολλῷ
2837 4323 2882 4355 ⁸⁷
2919 4322 3142 4394 μᾶλλον.
3194 4322 3478 4390 Ἐπίσημοι
3517 4317 3565 4369 δὲ
3590 4314 3687 4381 δΥέ·

482 4411 725 4481 insignes
756 4418 882 4465 sunt
910 4409 1056 4466 neti.
1086 4408 1204 4465 Non
1230 4412 1627 4466 verecundatur
1653 4421 1836 4465 autem
1863 4408 2066 4466 Paulus

2171 4431 2323 4469 νοντο
2347 4415 2456 4469 ἀπὸ
2477 4415 2584 4469 τῶν
2608 4415 2808 4489 ἔργων.
2836 4417 2953 4471 Οὐκ
2980 4417 3368 4488 ἐπαισχύνεται
3390 4415 3443 4469 δὲ
3468 4414 3495 4466 ό
3519 4407 3687 4468 Παῦλος

479 4506 663 4560 dicere
712 4518 779 4558 ac
817 4501 996 4568 fateri,
1028 4502 1127 4569 Qui
1158 4516 1285 4558 ante
1317 4517 1401 4558 me
1441 4503 1787 4558 crediderunt
1819 4503 2061 4564 Christo.

2171 4506 2363 4576 λέγων,
2402 4508 2487 4562 ὅτι
2524 4509 2635 4577 Πρὸ
2666 4508 2804 4581 ἐμοῦ
2831 4510 3168 4564 ἐπίστευσαν
3201 4508 3279 4581 τῷ
3315 4504 3540 4578 Χριστῷ,
3562 4504 3686 4554 ἐπαι-

480 4617 497 4649 ι
514 4598 874 4652 ommendans
887 4609 984 4652 eos
1003 4596 1146 4665 quod
1168 4598 1305 4651 adeo
1326 4594 1674 4662 praesilierint
1688 4606 1852 4666 atque
1873 4594 2065 4664 prazri-

2171 4598 2268 4651 νῶν
2315 4598 2536 4666 αὐτοὺς,
2576 4600 2660 4654 δτι
2709 4601 3101 4672 προεπήδησαν
3136 4603 3234 4656 καὶ
3284 4599 3616 4671 προήρπασαν
3639 4588 3685 4641 τδ

481 4693 698 4759 pncrint
735 4689 955 4744 bonum.

553 4780 720 4837 \‘ens.
744 4778 800 4834 8.
838 4797 859 4832 ι
900 4780 1150 4835 Salutate
1186 4779 1452 4849 Ampliam
1477 4778 1736 4835 dilectum
1772 4793 1949 4834 meum
2006 4778 2060 4832 in

2162 4689 2399 4746 ἀγαθόν.

2242 4690 2344 4744 αθό
2381 4730 2399 4746 .

2202 4706 2254 4833 γι
2312 4710 2657 4836 ’.ἔσπάσασθε
2723 4781 2998 4854 Ἀμπλίαν
3040 4782 3134 4836 τδν
3171 4778 3451 4852 ἀγαπητόν
3517 4789 3603 4847 μου
3637 4769 3682 4820 ἐν

483 4870 640 4942 115
661 4870 908 4927 Domino.
937 4889 956 4922 ι
983 4870 1041 4925 Si
1065 4887 1095 4925 a
1116 4885 1243 4942 rege
1260 4870 1408 4942 diligi
1443 4884 1699 4941 magnum
1726 4879 1833 4936 est,
1857 4880 2063 4939 quanto

2171 4873 2375 4946 Κυρίῳ.
2412 4892 2433 4926 ι
2471 4874 2536 4927 Εί
2581 4874 2644 4927 τδ
2694 4876 2847 4947 παρά
2876 4874 3144 4947 βασιλέως
3190 4871 3493 4943 ἀγαπᾶσθαι
3537 4865 3679 4937 μέγα.

478 4962 801 5031 praelarius
828 4974 973 5016 esta
1030 4961 1219 5027 Paulo,
1285 4963 1378 5031 qui
1431 4974 1653 5030 prepter
1695 4962 1950 5016 virtutem
1997 4976 2063 5017 ac

2171 4965 2313 5036 πόσῳ
2344 4964 2547 5035 μᾶλλον
2598 4966 2662 5020 τὸ
2694 4967 2846 5036 παρά
2885 4966 3135 5032 Παύλου,
3163 4966 3260 5021 τοῦ
3287 4963 3356 5019 δι’
3386 4958 3568 5033 ἀρετὴν
3605 4954 3679 5007 καὶ

478 5055 778 5109 seettndum
820 5052 985 5108 Deum
1019 5051 1233 5123 diligit?

551 5143 713 5201 Vens.
745 5144 800 5200 9.
838 5163 855 5197 ι
915 5143 979 5198 Et
1029 5142 1303 5200 Urbanum
1344 5142 1644 5213 adiutorem
1709 5152 1949 5199 nostrum
2008 5144 2062 5200 in

2162 5057 2303 5111 κατά
2327 5058 2461 5112 Θεὸν
2489 5059 2812 5127 ἀγαπῶντος
2837 5076 2854 5127 ;

2236 5169 2254 5201 ι
2292 5150 2403 5205 Καὶ
2423 5151 2704 5221 Οὐρϐανὸν
2729 5155 2837 5220 ⁸τὸν
2864 5151 3126 5224 συνεργὸν
3149 5153 3305 5225 ἡμῶν
3326 5154 3383 5206 ἐν
3410 5139 3619 5218 Χριστῷ.
3650 5152 3665 5185 ι

476 5236 717 5291 Christo.
757 5254 777 5289 ι
814 5234 985 5306 Major
1017 5239 1128 5290 haec
1150 5234 1265 5290 laus
1288 5245 1370 5289 est
1402 5235 1604 5304 priere,
1660 5234 1769 5289 imo
1825 5236 1939 5290 haec
1981 5244 2065 5292 est

2171 5239 2336 5294 Τοῦτο
2392 5242 2579 5312 μεῖζον
2627 5242 2840 5297 ἐκείνου
2872 5244 2933 5297 τὸ
2977 5244 3254 5316 ἐγκώμιον
3273 5261 3287 5275 ο
3311 5242 3500 5315 μᾶλλον
3527 5226 3672 5288 δὲκαὶ

477 5344 642 5384 causa
675 5329 815 5384 illius
836 5336 889 5382 et
920 5326 1414 5398 comprehensoria.
1441 5324 1573 5380 Nam
1593 5326 1687 5397 qui
1710 5337 1793 5382 est
1828 5328 2062 5398 adiutor,

476 5431 562 5477 est
586 5422 750 5476 etiam
779 5420 1029 5475 dilectus.

554 5559 572 5600 ι
612 5557 631 5613 ι
656 5560 782 5615 Cor.
817 5574 930 5625 ειν,
948 5559 1040 5614 55.

2161 5332 2335 5387 αίτιον
2364 5333 2519 5386 τοῦτο
2537 5334 2747 5388 ἐκείνου
2787 5336 2883 5389 καὶ
2949 5337 3315 5407 περιεκτικόν.
3363 5334 3422 5387 '0
3447 5328 3544 5401 γὰρ
3571 5338 3669 5377 συν⁶

2110 5436 2114 5441 ’
2166 5426 2353 5499 εργδς,
2385 5427 2480 5480 καὶ
2518 5428 2825 5499 ἀγαπητός.

1841 5671 2041 5733 \‘arico
2089 5673 2422 5735 lecdones.

555 5781 610 5817 ⁸⁵
657 5782 840 5841 αὐτῶν
872 5800 925 5840 0.
1002 5786 1048 5819 "
1067 5785 1386 5843 διδάσκαλον
1420 5804 1473 5844 0.
1549 5791 1592 5821 ⁸⁷
1638 5791 1788 5862 πόσῳ
1819 5805 1871 5845 0.
