3874 6588
180 407 271 474 £53

242 545 259 579 ι
287 523 385 579 Kal
411 518 615 591 Στάχυν
651 516 744 571 τδν
785 513 1072 586 ἀγαπητόν
1127 529 1250 585 μου.
1297 532 1317 564 ο
1351 510 1465 565 Καὶ
1510 508 1702 563 τοῦτον
1733 512 1776 567 Α

173 617 265 677 ἀπὸ
297 615 397 668 τῶν
422 611 597 666 αὐτῶν
630 609 906 678 στεφανοῖ.

244 703 570 762 Ἀσπάσασθε
609 700 871 773 Ἀπελλὴν
913 699 1006 756 τδν
1049 698 1272 769 δόκιμον
1317 697 1375 751 ἐν
1400 692 1641 768 Χριστῷ.
1680 712 1699 746 3

173 800 402 855 Τουτέστι
447 796 535 850 τὸν
585 792 972 863 ἀνεπίληπτον,
1021 791 1115 846 τὸν
1153 790 1386 861 ἄμωμον
1439 790 1498 841 ἐν
1547 789 1705 840 πᾶσι.

173 889 308 953 Τινὲς
332 888 385 942 δέ
407 904 589 955 φασιν,
624 887 705 939 ὃτι
734 883 868 955 πρὸς
898 882 1313 953 άντιδιαστολήν
1343 897 1489 943 τινος
1523 877 1711 933 ’Δπελη

173 982 250 1038 λοῦ
271 979 514 1049 άδοκίμου
548 977 705 1032 τοῦτο
735 978 972 1049 εἴρηται,
1260 995 1271 1002 ~
1492 1037 1495 1040 ν

233 1094 250 1128 ι
288 1071 620 1127 Ἀσπάσασθε
643 1069 772 1133 τοὺς
795 1070 861 1123 ἐκ
893 1068 1004 1123 τῶν
1034 1063 1480 1139 Ἀριστοϐούλου.
1506 1082 1526 1116 3
1552 1061 1713 1126 Ἴσως

173 1168 258 1223 οὐκ
284 1162 413 1237 ἦσαν
459 1163 535 1228 ὡς
570 1164 621 1216 σί
656 1161 865 1235 πρῶτοι
888 1175 903 1192 ο
931 1159 1012 1215 διδ
1060 1159 1183 1215 οὐδὲ
1233 1155 1501 1228 ὀνομαστὶ
1535 1154 1714 1209 αὐτῶν

176 1257 413 1331 ἐμνήσθη.

233 1364 253 1397 ι
283 1343 583 1398 Ἀσπάσαθε
614 1343 937 1416 Ἠρωδίωνα
965 1342 1058 1396 τὸν
1092 1340 1331 1412 συγγενῆ
1363 1356 1487 1411 μου.
1512 1338 1725 1393 Ἀσπάί

173 1436 316 1490 σασθε
339 1437 460 1499 τοὺς
499 1436 565 1489 ἐκ
600 1434 711 1490 τῶν
751 1435 1097 1507 Ναρκίσσου,
1128 1436 1258 1500 τοὺς
1301 1433 1463 1498 ὄντας
1501 1435 1560 1488 ὲν
1601 1434 1716 1487 Κυ-

174 1529 274 1601 ρίῳ.
302 1547 319 1579 ι
352 1528 607 1582 Τουτέστι
646 1528 894 1591 πιστούς.

233 1641 250 1675 ι
287 1621 624 1676 Ἀσπάσασθε
649 1621 968 1691 Τρύφαιναν
1010 1621 1106 1676 καὶ¹
1132 1621 1464 1692 Τρυφῶσαν,
1496 1620 1596 1684 τὰς
1627 1637 1721 1673 κο-

174 1712 354 1778 πιὼσας
389 1717 446 1768 ἐν
496 1713 710 1786 Κυρίῳ.
746 1733 764 1767 3
802 1714 939 1787 Περὶ
987 1715 1086 1785 μὲν
1146 1715 1247 1785 τῆς
1309 1714 1544 1787 Μαριάμ
1605 1713 1721 1768 ἄνω

173 1805 329 1875 ἔλεγεν
347 1822 360 1838 ³
395 1826 413 1859 ι
437 1806 598 1872 Ἤτις
625 1808 796 1863 πολλὰ
852 1809 1113 1863 ἐκοπίασε
1133 1825 1149 1840 ⁶
1187 1826 1207 1860 3
1239 1808 1368 1880 περὶ
1396 1808 1452 1862 δὲ
1492 1806 1720 1873 τούτων,

174 1903 240 1955 ὅτι
261 1901 513 1956 κοπιῶσιν
555 1902 663 1957 ἔτι.
718 1904 909 1972 Μέγας
958 1903 1016 1958 δὲ
1045 1905 1072 1957 ὁ
1104 1879 1322 1968 ἔπαινος
1358 1902 1420 1956 τὸ
1462 1901 1720 1972 ἐνεργοὺς
1755 1879 1796 1932 Β

175 1988 372 2047 εἷναιδι’
403 1993 545 2058 ὅλου,
587 1995 684 2047 καὶ
712 1997 936 2065 κοπιᾷν.

158 2084 163 2093 ’
236 2104 253 2138 ι
284 2085 623 2141 Ἀσπάσασθε
651 2085 893 2157 Περσίδα
925 2087 1025 2159 τὴν
1058 2085 1375 2158 ἀγαπητὴν,
1401 2085 1523 2156 ἥτις
1549 2079 1723 2138 πολλὰ

176 2177 435 2231 ἐκοπίασεν
477 2180 536 2231 ἐν
578 2178 797 2251 Κυρίῳ.
835 2198 854 2232 3
891 2177 1042 2251 Αὕτη
1086 2178 1314 2249 μείζων,
1340 2180 1421 2232 ὅτι
1464 2195 1522 2231 τε
1549 2176 1721 2230 πολλὰ

177 2268 422 2334 ἐκοπίασε,
456 2271 548 2323 καὶ
595 2270 684 2325 ὅτι
742 2272 1029 2343 ἀγαπητὴ.
1062 2272 1251 2336 Οὖτως
1294 2271 1527 2324 ἕκαστον
1579 2269 1721 2322 κατὰ

179 2361 261 2431 τὴν
288 2362 433 2426 ὀξίαν
459 2360 742 2435 ὀνομάζει,
758 2364 957 2430 αύτούς
974 2383 1033 2418 τε
1051 2363 1503 2437 προθυμοτέρους
1522 2363 1719 2427 ποιῶν,

180 2449 259 2503 καὶ
280 2451 488 2522 ἐτέρους
517 2454 598 2515 είς
652 2453 817 2525 ζῆλον
847 2454 1155 2527 διεγείρων.

240 2651 257 2684 ι
302 2634 640 2690 Ἀσπάσασθε
689 2622 922 2707 Ῥοῦφον
975 2637 1066 2691 τὸν
1117 2638 1375 2692 ἐκλεκτὸν
1421 2639 1479 2692 ἐν
1510 2639 1723 2711 Κυρίῳ,

181 2726 259 2778 καὶ
284 2729 375 2797 τὴν
417 2731 638 2801 μητέρα
693 2730 857 2784 αὑτοῦ
912 2732 1007 2784 καὶ
1060 2732 1216 2801 ἐμοῦ,
1256 2751 1275 2784 3
1313 2732 1544 2786 Διπλοῦν
1588 2734 1725 2801 ἁγα-

182 2814 257 2869 θδν
281 2817 343 2882 ³⁸,
373 2819 430 2871 τὸ
476 2821 692 2874 καὶτὸν
738 2823 854 2878 υἱὸν
895 2823 1266 2894 ἀνεπίληπτον
1307 2818 1469 2887 εἶναι,
1503 2824 1599 2876 καὶ
1627 2824 1726 2894 τὴν

185 2908 387 2979 μητέρα.
417 2913 488 2964 Ού
522 2912 641 2984 γὰρ
671 2914 738 2968 ἂν
789 2914 979 2977 ἁπλῶς
1030 2910 1175 2979 εἶπε,
1238 2935 1256 2967 ι
1303 2916 1534 2986 Μητέρα
1561 2915 1726 2969 αὑτοῦ

183 2995 260 3046 καὶ
286 2997 431 3065 ἐμοῦ,
468 3018 486 3051 ι
526 3004 574 3053 εί
617 3001 696 3072 μὴ
728 3002 929 3075 πολλὴν
956 3004 1259 3077 ἐμαρτύρει
1289 3008 1355 3076 τῇ
1387 3006 1605 3074 γυναικὶ
1629 3006 1728 3077 τὴν

183 3085 377 3159 ἀρετήν.

244 3196 263 3230 ι
304 3180 674 3280 Ἀρσπάσα-σθεῌ
701 3185 1082 3258 Ἀσύγκριτον,
1138 3188 1431 3257 Φλέγοντα,
1494 3190 1724 3262 Ἑρμᾶν,
1755 3216 1801 3280 c

184 3267 462 3341 Πατρόϐαν,
493 3274 734 3346 Ἑρμῆν,
767 3279 859 3330 καὶ
889 3276 1019 3340 τοὺς
1050 3279 1148 3332 σὺν
1180 3277 1368 3342 αὐτοῖς
1389 3280 1674 3350 ἀδελφούς.
1707 3301 1726 3335 3

185 3360 262 3433 Μὴ
290 3362 437 3418 τοῦτο
468 3366 614 3439 ἴδῃς,
644 3368 727 3421 ὅτι
759 3370 930 3440 χωρὶς
966 3369 1264 3440 ἐγκωμίων
1308 3371 1537 3438 τούτους
1563 3374 1736 3428 τέθει-

187 3468 284 3518 κεν,
315 3453 422 3509 ἀλλ’
449 3456 531 3511 ὅτι
562 3458 1035 3532 καταδεεστέρους
1077 3461 1243 3526 ὄντας
1273 3462 1549 3531 ἁπάντων,
1584 3467 1735 3537 ὅμως

186 3542 357 3613 ἠξίωσε
387 3551 484 3621 τῆς
511 3552 652 3622 παρ’
681 3552 849 3605 αύτοῦ
908 3555 1270 3625 προσρήσεως
1293 3571 1308 3586 ’
1335 3556 1535 3626 μᾶλλον
1562 3557 1617 3613 δὲ
1642 3561 1736 3612 καὶ

185 3635 370 3702 τούτοις
391 3641 675 3713 ἐγκώμιον
702 3641 977 3715 προσῆψε,
1004 3644 1269 3715 ἀδελφοὺς
1301 3645 1558 3712 καλέσας.

197 3824 203 3830 “
250 3841 268 3875 ι
298 3824 646 3881 Ἀσπάσασθε
673 3826 983 3897 Φιλολόγον,
1015 3829 1108 3883 καὶ
1130 3830 1380 3898 Ἰουλίαν,
1403 3831 1614 3903 Νηρέα,
1640 3835 1737 3888 καὶ

187 3914 268 3984 τὴν
305 3917 530 3991 ἀδελφὴν
592 3920 801 3985 αὐτοῦ,
830 3922 925 3975 καὶ
970 3922 1279 3989 Ὀλυμπᾶν,
1317 3923 1412 3976 καὶ
1461 3928 1590 3988 τοὺς
1639 3926 1737 3979 σὺν

188 4006 343 4072 αύτοῑς
381 4012 584 4078 πάντας
624 4013 836 4082 ἁγίους.
872 4031 893 4066 3
932 4014 1093 4083 Μέγα
1112 4016 1205 4069 καὶ
1236 4015 1451 4080 τούτοις
1472 4019 1532 4070 τὸ
1563 4019 1739 4087 ἐγκώ-

194 4114 295 4165 μιον
316 4117 329 4132 ·
362 4102 546 4173 ἁγίους
570 4103 691 4175 γὰρ
720 4106 922 4170 αὐτοὺς
952 4106 1235 4162 ἐκάλεσεν.

251 4209 267 4241 ι
306 4193 649 4250 Ἀσπάσασθε
683 4196 949 4268 ἀλλήλους
974 4200 1030 4251 ἐν
1059 4201 1328 4271 φιλήματι
1357 4218 1518 4275 αγιῳ.
1564 4223 1584 4256 3
1647 4224 1739 4260 ινα

193 4280 254 4351 μὴ
279 4285 596 4353 φιλονεικίαι
652 4290 944 4358 γένωνται,
977 4290 1057 4362 τῷ
1088 4293 1213 4354 τοὺς
1266 4294 1365 4364 μέν
1408 4295 1574 4363 οὕτω,
1612 4300 1740 4363 τοὺς

189 4372 235 4425 δέ
258 4375 387 4431 οὕτω
423 4366 827 4452 προσειρῆσθαι
851 4398 866 4414 ο
893 4383 990 4437 καὶ
1024 4386 1151 4448 τοὺς
1176 4384 1276 4455 μέν
1309 4387 1451 4457 μετὰ
1476 4390 1738 4445 πλειόνων

193 4467 475 4539 ἐγκωμίων,
495 4475 627 4536 τοὺς
656 4473 712 4527 δὲ
749 4474 888 4554 μετὰ
918 4475 1218 4529 ἐλαττόνων
1241 4490 1254 4503 ·
1275 4478 1543 4550 ἀνακιρνᾷ
1572 4483 1738 4537 πάλιν

925 392 1338 456 EXPOSITIO
1364 390 1459 453 ἸΝ
1498 385 1748 451 EPIST.
1789 384 1890 444 AD
1930 383 2119 445 ROM.
2154 410 2222 420 -
2264 385 2421 445 CAP.
2462 381 2596 445 XVI

3280 323 3413 443 Bn-

1883 519 1903 554 ι
1943 502 2009 557 Et
2057 501 2295 572 Stacltyn
2350 501 2604 563 dilectum
2661 513 2860 553 meum.
2919 515 2941 550 ι
2995 494 3148 550 llunc
3198 492 3393 550 iisdem

1817 595 2100 666 praeconiis
2126 602 2304 648 ornat.

1887 686 2051 742 Vens.
2089 687 2175 742 10.
2215 705 2233 738 ι
2269 683 2512 741 Salutate
2540 682 2779 754 Aprilem
2811 683 3098 753 probatum
3149 680 3202 736 in
3230 678 3398 736 Citri-

1818 787 1921 836 sto.
1957 799 1974 832 ι
2013 779 2127 834 lloc
2154 789 2237 834 est
2283 777 2835 847 irreprebensibilcm,
2865 777 2916 830 in
2945 776 3195 830 omnibus
3228 772 3401 828 incul-

1819 883 2026 941 patum.
2058 870 2286 938 Quidam
2328 870 2540 934 dicunt,
2573 870 2716 938 quod
2757 870 2822 922 ad
2867 867 3224 922 differentiam
3267 866 3402 921 alte-

1734 992 1739 995 ~
1823 966 1937 1019 rius
1979 964 2259 1035 cujusdam
2281 962 2486 1032 Apellis
2526 977 2635 1016 non
2660 961 2869 1032 probati
2901 959 3043 1016 istud
3079 960 3279 1015 dictum
3308 964 3399 1014 sit.

1898 1076 1917 1108 ι
1958 1056 2200 1112 Salutate
2220 1072 2314 1112 eos
2340 1055 2432 1127 qui
2492 1064 2708 1110 suntex
2765 1054 3058 1110 Aristobuli
3115 1051 3344 1107 familia.
3377 1073 3397 1105 ι

1822 1148 2027 1203 Forsan
2089 1164 2193 1203 non
2238 1150 2458 1204 fuerunt
2509 1160 2566 1204 ut
2618 1149 2866 1219 priores;
2918 1147 3041 1203 ideo
3085 1147 3403 1202 nominatim

1822 1253 1916 1294 eos
1946 1253 2051 1292 non
2083 1248 2350 1293 recenset.

1899 1329 2060 1387 Vsus.
2127 1331 2215 1386 il.
2284 1349 2302 1383 ι
2376 1330 2621 1386 Salutate
2690 1327 3052 1383 llerodionem
3115 1339 3407 1396 cognatum

1826 1439 2025 1479 meum.
2063 1424 2309 1481 Salutate
2341 1439 2434 1480 eos
2469 1424 2558 1493 qui
2587 1435 2805 1480 suntex
2835 1421 3074 1476 Narcissi
3112 1421 3408 1490 domo,qui

1824 1529 1952 1575 sunt
1982 1521 2036 1573 in
2064 1517 2312 1572 Domino.
2349 1535 2366 1569 ι
2404 1516 2516 1571 Hoc
2538 1527 2621 1571 est
2657 1516 2863 1570 fideles.
3450 1511 3455 1515 ’

1850 1648 1861 1653 «
1901 1612 2061 1669 Vens.
2087 1613 2177 1668 12.
2214 1631 2233 1665 ι
2267 1612 2510 1665 Salutate
2553 1609 2916 1682 Trypltaznam
2968 1618 3024 1663 et
3065 1607 3406 1680 Trypltosam

1830 1721 1948 1775 qua:
1980 1707 2223 1762 laborant
2258 1706 2311 1760 itt
2347 1703 2598 1759 Domino.
2633 1722 2650 1754 3
2687 1700 2762 1756 De
2788 1701 2953 1756 Maria
2984 1690 3198 1770 quidem
3246 1714 3410 1766 supra

1830 1800 2065 1864 dicebat,
2118 1820 2136 1851 ι
2174 1814 2295 1869 qua:
2325 1797 2553 1851 multum
2589 1794 2963 1849 laboraverit:
2999 1812 3019 1845 3
3064 1792 3132 1847 de
3182 1792 3264 1846 bis
3286 1806 3414 1850 vero

1825 1893 1925 1950 ait.
1963 1892 2105 1961 quod
2140 1892 2316 1944 adhuc
2362 1888 2628 1942 laborent.
2657 1887 2851 1961 ingens
2900 1898 3080 1938 autem
3142 1882 3257 1938 laus
3305 1893 3412 1944 est.

1823 1985 1965 2054 quod
1996 1998 2211 2051 semper
2238 1983 2290 2035 in
2326 1994 2490 2049 opere
2519 1982 2869 2048 perseverent
2898 1985 2953 2030 et
2990 1975 3193 2030 labore.

1901 2093 1919 2127 ι
1968 2075 2216 2130 Salutate
2239 2073 2513 2128 Persidem
2546 2070 2796 2124 dilectam
2833 2085 2953 2137 «pne
2995 2068 3219 2121 multum
3250 2068 3408 2121 labo-

1829 2170 1966 2224 ravit
2005 2171 2057 2222 in
2092 2167 2340 2222 Domino.
2380 2184 2398 2216 3
2431 2166 2555 2219 ideo
2583 2162 2756 2232 major
2792 2172 2875 2215 est
2915 2160 3038 2225 ista,
3087 2174 3194 2213 non
3241 2161 3413 2213 solum

1827 2260 1970 2329 quod
1999 2259 2288 2330 plurimum
2322 2254 2675 2318 laboraverit,
2701 2252 2795 2308 sed
2823 2253 2986 2305 etiam
3031 2253 3172 2320 quod
3216 2254 3288 2306 sit
3330 2253 3415 2303 di-

1827 2351 1985 2407 lecta.
2015 2351 2088 2404 Ita
2110 2347 2402 2419 quemlibet
2421 2361 2519 2417 pro
2539 2346 2799 2417 dignitate
2831 2344 3094 2406 nominat,
3121 2358 3241 2397 cum
3273 2343 3417 2413 ipsos

1828 2447 2123 2501 alacriores
2153 2442 2406 2508 reddens,
2437 2452 2549 2496 tum
2581 2440 2717 2494 alios
2748 2440 2812 2493 ad
2841 2438 3241 2493 tumulatiouem
3269 2440 3418 2491 exci—

1832 2551 1973 2593 taus.

1900 2632 2062 2687 Vsus.
2103 2633 2191 2687 l5.
2229 2650 2246 2684 ι
2284 2629 2527 2685 Salutate
2556 2627 2756 2683 Rufum
2794 2628 3027 2683 electum
3060 2627 3113 2681 in
3165 2626 3416 2688 Domino,

1828 2736 1883 2780 ct
1916 2735 2144 2780 matrem
2186 2723 2306 2792 ejus
2344 2732 2398 2778 et
2425 2737 2624 2776 meam.
2663 2740 2681 2773 3
2720 2720 2922 2791 Duplex
2957 2720 3158 2775 bonum
3193 2730 3277 2775 est
3316 2738 3329 2773 :
3365 2731 3422 2773 rt

1829 2820 1971 2890 quod
2000 2818 2142 2872 filius
2171 2819 2241 2873 sit
2266 2816 2592 2886 inculpatus,
2622 2817 2843 2887 etquod
2894 2817 3010 2886 ipsa
3060 2826 3235 2870 mater
3281 2817 3422 2869 irrr-

1830 2912 2227 2984 preltensibilis.
2258 2910 2490 2966 Omnino
2517 2910 2659 2965 enim
2681 2925 2789 2964 non
2842 2910 3089 2973 dixisset,
3136 2925 3156 2960 ι
3191 2918 3421 2961 matrem

1829 3007 1946 3077 ejus
1976 3016 2029 3061 et
2057 3021 2253 3072 meam,
2280 3023 2297 3056 3
2338 3004 2443 3059 nisi
2478 3003 2699 3058 multam
2729 3010 2992 3057 matrona:
3032 3001 3117 3058 isti
3170 3002 3421 3057 virtutem

1832 3097 2113 3152 tribueret.

1906 3189 2071 3244 Vens.
2102 3188 2188 3241 li.
2231 3205 2251 3239 ι
2291 3186 2540 3242 Salutate
2575 3184 2944 3257 Asyucritnm,
2974 3183 3326 3253 Pblegontem
3370 3192 3427 3235 et

1838 3279 2113 3341 liermam,
2150 3278 2445 3344 Patroban,
2478 3276 2709 3332 Hermen
2733 3284 2786 3330 et
2810 3273 3008 3330 fratres
3032 3276 3120 3344 qui
3147 3290 3268 3329 rum
3293 3275 3424 3342 ipsis

1837 3384 1980 3428 sunt.
2016 3391 2034 3424 3
2074 3369 2154 3427 Ne
2185 3373 2287 3426 hoc
2315 3371 2597 3434 intuearis,
2624 3369 2764 3438 quod
2808 3369 2929 3423 sine
2961 3368 3224 3427 encontiis
3276 3368 3423 3437 ipsos

1839 3461 2042 3534 posuit,
2074 3461 2168 3517 sed
2205 3475 2327 3515 cum
2354 3459 2643 3515 inferiores
2676 3468 2858 3513 essent
2887 3458 3160 3522 omnibus,
3199 3471 3305 3510 non
3339 3467 3425 3511 est

1841 3568 2020 3610 tamen
2052 3569 2150 3610 sua
2171 3555 2488 3624 dedignatus
2518 3549 2933 3621 compellatione
2967 3559 3023 3603 et
3056 3549 3379 3603 salutatione
3407 3567 3422 3603 :

1839 3648 1949 3704 imo
1979 3664 2085 3703 non
2116 3662 2306 3718 parum
2343 3646 2449 3701 illis
2474 3645 2650 3700 laudis
2681 3643 2891 3708 tribuit,
2924 3642 3053 3697 dum
3096 3640 3292 3695 fratres
3330 3655 3425 3696 eos

1842 3742 2157 3798 nominavit.

1919 3833 2082 3888 Vsus.
2111 3831 2198 3888 15.
2235 3850 2253 3883 ι
2283 3830 2527 3887 Salutate
2560 3830 2898 3901 l’ltilologum
2917 3843 2968 3883 et
2990 3827 3210 3894 Jnliam,
3248 3827 3427 3882 Nerva

1843 3935 1896 3980 et
1918 3941 2161 3980 sororem
2191 3923 2381 3992 ipsius,
2414 3932 2470 3977 et
2496 3922 2761 3994 Olympan
2795 3933 2848 3977 et
2872 3923 2963 3992 qui
2988 3937 3111 3975 cum
3143 3920 3275 3991 ipsis
3301 3933 3429 3975 sunt

1842 4028 2059 4075 Sanctus
2081 4034 2290 4072 omnes.
2329 4038 2348 4070 ι
2378 4018 2573 4086 Ingens
2599 4032 2729 4070 sane
2747 4016 3080 4085 pmcouium
3115 4016 3195 4069 eis
3232 4029 3426 4069 accen-

1842 4123 1943 4179 set,
1976 4128 2096 4168 cum
2122 4121 2338 4167 sanctos
2367 4109 2622 4180 appellat.
3406 4120 3411 4145 τ

1915 4203 2075 4259 Vsus.
2104 4204 2191 4257 l6.
2235 4221 2253 4253 ι
2281 4202 2524 4256 Salutate
2553 4208 2653 4254 vos‘
2701 4199 2929 4255 invicem
2967 4199 3023 4254 in
3060 4199 3252 4253 osculo
3306 4213 3433 4251 san-

1843 4307 1951 4351 cto.
1994 4315 2012 4348 ι
2050 4294 2128 4349 Ne
2176 4293 2555 4350 contentiones
2586 4300 2639 4346 et
2676 4292 2809 4345 rixae
2861 4290 3154 4355 orirentur,
3193 4305 3314 4344 cum
3340 4289 3433 4344 alii

1843 4390 2058 4459 quidem
2084 4388 2183 4456 sic,
2208 4388 2298 4442 alii
2324 4401 2451 4441 vero
2467 4386 2572 4440 alia
2607 4385 2818 4439 ratione
2839 4383 3203 4443 salutarentur
3227 4399 3240 4434 :
3280 4398 3436 4436 cum-

1841 4497 1945 4552 que
1973 4480 2063 4534 alii
2114 4479 2436 4549 majoribus,
2464 4476 2555 4531 alii
2620 4492 2751 4531 vero
2799 4473 3104 4530 minoribus
3150 4474 3435 4545 prmconiis

199 4559 372 4627 αὐτοὺς
392 4566 467 4636 τῷ
492 4567 640 4636 ἁγίῳ
671 4567 977 4637 φιλήματι·
1013 4567 1099 4620 ἵνα
1134 4569 1273 4638 μήτε
1297 4572 1326 4623 ὁ
1362 4572 1536 4640 μέγας
1578 4592 1733 4630 κατα·

1851 4578 2213 4632 veherentur:
2249 4571 2565 4628 commiscet
2625 4569 2712 4624 hic
2761 4583 2876 4633 eos,
2920 4576 2975 4621 et
3013 4566 3193 4636 jungit
3249 4581 3435 4620 rursus

191 4658 336 4726 φρονῇ
390 4658 481 4712 τοῦ
533 4661 843 4728 ἐλάττονος,
889 4663 1029 4736 μήτε
1057 4661 1086 4714 ὁ
1116 4662 1315 4733 μικρὸς
1350 4665 1619 4738 βασκαίνῐ]
1667 4670 1746 4742 τῷ

195 4747 397 4817 μείζονι,
429 4750 521 4803 τοῦ
551 4751 713 4820 ἁγίου
744 4753 1052 4822 φιλήματος
1102 4752 1283 4806 πάντα
1339 4759 1751 4828 καταπραΰνονο

190 4834 265 4897 τὸς
287 4852 339 4889 τε
370 4841 461 4892 καὶ
485 4839 820 4905 ἐξισοῦντος.

255 4945 272 4978 ι
319 4929 681 4999 Ἀσπάζονται
705 4934 850 5004 ὑμᾶς
874 4935 932 4988 ai
964 4935 1285 5009 Ἐκκλησίαι
1308 4937 1403 4991 τοῦ
1428 4941 1688 5010 Χριστοῦ.
1720 4962 1738 4994 3

193 5017 259 5072 Οὐ
288 5022 438 5091 μόνον
463 5026 629 5090 αὐτὸς
659 5027 878 5097 ἥνωσεν
913 5029 1137 5096 αὐτοὺς,
1172 5030 1310 5085 ἀλλὰ
1343 5034 1437 5086 καὶ
1470 5033 1561 5086 τὸν
1594 5038 1744 5107 παρὰ

193 5113 286 5166 τῶν
315 5115 649 5188 Ἐκκλησιῶν
669 5120 960 5192 ἀσπασμὸν
992 5124 1178 5188 αὐτοῖς
1210 5124 1580 5194 διαπέμπεται
1612 5129 1744 5183 ἐνω-

193 5207 360 5271 τικῶς.
385 5212 552 5282 Κοινῇ
585 5215 694 5283 γάρ
726 5230 860 5284 φησι
890 5215 1196 5281 πάντας,οὐ
1223 5208 1484 5272 τὸνδείνα
1529 5222 1621 5273 καὶ
1661 5221 1753 5274 τὸν

195 5295 342 5354 δεῖνα.
370 5302 670 5368 Τοσούτους
702 5304 757 5358 δὲ
793 5309 1241 5378 προσηγόρευσεν
1271 5310 1329 5363 ἐν
1358 5313 1423 5383 τῇ
1460 5312 1749 5385 Ἐπιστοίῇ

195 5387 370 5464 ταύτῃ,
398 5394 534 5466 ὅπερ
563 5396 664 5449 οὐκ
704 5397 761 5450 ἐν
794 5397 931 5471 ἄλλῃ
963 5401 1207 5471 ἐποίησε,
1237 5400 1324 5455 διὰ
1350 5403 1411 5455 τὸ
1455 5405 1622 5474 μήπω
1646 5406 1748 5458 ἐω-

200 5480 405 5547 ρακέναι
446 5483 772 5555 Ῥωμαίους.
815 5489 968 5542 Ἐπεὶ
1005 5489 1098 5544 οὖν
1122 5493 1200 5555 είς
1232 5495 1332 5563 τὴν
1360 5493 1515 5547 πόλιν
1542 5495 1749 5564 ταύτην

199 5568 365 5625 πολλοὶ
390 5574 499 5629 τῶν
523 5578 671 5651 αὐτῷ
697 5581 992 5653 γνωρίμων
1014 5585 1344 5654 κατέφυγον,
1367 5585 1595 5650 εἰκότως
1626 5586 1749 5640 ὀνο·

1842 4676 2030 4724 sancto
2053 4663 2236 4719 osculo
2256 4703 2270 4728 ,
2304 4672 2361 4716 ut
2392 4662 2566 4730 ncqu‘e
2593 4659 2766 4728 major
2790 4665 3110 4727 aspernetur
3144 4656 3432 4721 minorem,

1845 4778 2018 4832 neque
2049 4761 2224 4814 minor
2262 4756 2498 4812 invideat
2531 4754 2692 4825 116
2745 4753 2939 4823 potiori
2992 4768 3004 4805 :
3051 4750 3251 4820 quippe
3302 4752 3430 4818 quia

1840 4863 2086 4908 sanctum
2121 4848 2364 4904 osculum
2395 4845 2577 4900 omnia
2610 4843 2819 4911 mitiget
2856 4850 3019 4910 atque
3047 4841 3313 4910 adaequet.

1840 4962 1843 4965 ·
1920 4964 1938 4997 ι
1978 4944 2224 4999 Salutant
2254 4955 2349 4995 vos
2388 4936 2643 4993 Ecclesiae
2665 4934 2889 4989 Christi.
2931 4952 2950 4986 3
2994 4933 3106 4987 Non
3156 4933 3270 5000 ipse
3316 4941 3435 4983 tan-

1846 5049 1955 5092 tum
1982 5051 2076 5091 eos
2109 5034 2301 5100 uuivit,
2333 5046 2520 5086 verum
2540 5028 2703 5083 etiam
2728 5026 2796 5080 ab
2824 5025 3080 5080 Eeclesiis
3112 5022 3340 5079 salutem
3366 5023 3436 5076 il-

1855 5128 1923 5184 lis
1972 5127 2311 5192 transmittit,
2347 5140 2452 5194 qua
2507 5121 2766 5176 uniantur
2810 5118 3319 5187 conjunganturque
3374 5116 3425 5167 in

1848 5237 2033 5276 unum.
2073 5221 2130 5275 ln
2166 5231 2452 5273 commune
2481 5215 2625 5271 enim
2656 5225 2867 5279 omnes,
2905 5226 3010 5263 non
3042 5209 3184 5261 lntnc
3239 5204 3325 5259 vel
3372 5206 3436 5259 il-

1846 5312 1955 5368 lum
2001 5312 2110 5380 jam
2148 5310 2470 5366 nominavit.
2499 5308 2603 5363 Tot
2632 5315 2807 5362 autem
2837 5304 2889 5358 in
2924 5302 3025 5356 ltac
3069 5300 3305 5369 Epistola
3345 5315 3435 5353 sa-

1848 5404 2060 5468 lutavit,
2092 5411 2222 5473 quot
2257 5401 2310 5454 in
2354 5398 2504 5453 nulla
2540 5397 2666 5463 alia,
2701 5411 2765 5450 eo
2792 5396 2938 5464 quod
2993 5392 3267 5445 Rotttnttos
3297 5406 3435 5445 nou-

1848 5496 1972 5549 dnm
2002 5493 2228 5548 viderat.
2254 5491 2392 5558 Quia
2414 5504 2548 5545 vero
2580 5490 2633 5544 in
2659 5488 2847 5541 urbem
2884 5486 3039 5540 istam
3079 5485 3217 5538 baud
3239 5500 3432 5555 parum

1849 5584 2026 5650 multi,
2054 5584 2149 5655 qui
2220 5583 2319 5654 ipsi
2363 5580 2565 5652 cogniti
2596 5578 2835 5646 fuerant,
2889 5577 3262 5648 confugerant,
3323 5591 3434 5632 non

1533 5718 1742 5783 Varias
1780 5719 2113 5785 lectiones.

262 5850 309 5888 ⁸⁸
329 5854 546 5911 διπλοῦν
571 5856 633 5911 τὸ
662 5857 869 5928 ἀγαθὸν
901 5873 981 5913 m.

511 5951 778 6013 PATROL.
823 5954 939 6014 GR.
986 5952 1265 6015 CXXIV.

2989 5951 3063 6015 18
