3874 6602
369 365 476 431 sas

1247 369 1834 432 THEOPHYLACTI
1871 370 2284 436 BULGARUE
2332 342 2693 439 anetum).

3510 369 3628 434 ειειο

363 488 639 544 immerito
671 485 990 542 nominatim
1046 486 1380 542 mentionem
1443 489 1658 545 illorum
1713 488 1918 544 faciens

2048 492 2215 559 μαστὶ
2280 493 2462 546 αὐτῶν
2523 489 2905 564 μεμνημένος,
2947 489 3230 562 συνίστησι
3288 489 3488 555 αὐτοῦς
3533 492 3635 545 διὰ

361 582 703 638 cenunendat
735 595 828 636 eos
853 595 945 650 per
979 579 1210 636 littcras.

428 671 594 727 Vsus.
627 672 713 726 17.
761 690 780 723 ι
812 670 961 742 Rogo
986 681 1167 726 autem
1198 687 1314 739 vos,
1338 673 1560 738 fratres,
1590 684 1647 728 ut
1679 675 1938 729 observe-

357 767 428 822 tis
465 782 560 822 eos
591 767 684 835 qui
725 766 1090 821 dissensiones
1130 777 1185 820 et
1221 766 1564 835 offendicula,
1597 777 1792 837 praeter
1843 768 1938 822 do-

355 861 584 916 ctrinam
611 875 768 931 quam
791 876 888 916 vos
911 861 1202 926 didicistis,
1229 861 1451 916 faciunt.
1476 881 1494 915 ι
1522 862 1726 917 Rursus
1751 862 1937 917 admo-

353 961 468 1015 net,
525 966 632 1005 non
695 950 854 1006 veluti
907 950 1208 1018 consultor,
1268 951 1362 1006 sed
1422 952 1682 1023 supplicis
1739 953 1934 1019 instar,

353 1059 673 1116 summaque
701 1060 822 1099 cum
853 1045 1178 1100 reverentia.
1226 1044 1445 1100 Fratres
1475 1045 1622 1100 enim
1677 1045 1933 1114 appellat.

352 1137 794 1193 Fraudulentiam
822 1147 1006 1192 autem
1036 1136 1482 1191 calumniantium
1534 1137 1932 1203 demonstrans,

359 1232 458 1298 ait,
492 1231 798 1296 observate,
830 1231 932 1286 hoc
954 1239 1057 1294 est,
1095 1229 1350 1300 inquirite
1382 1231 1435 1284 in
1457 1243 1549 1285 eos
1571 1244 1781 1285 summa
1812 1245 1932 1283 cum

350 1324 649 1394 diligentia.
695 1323 934 1378 Primum
974 1331 1153 1378 autem
1175 1323 1544 1380 dissensiones
1572 1331 1717 1390 sunt,
1775 1321 1934 1375 dein-

350 1419 419 1473 de
450 1415 727 1472 scandala.
760 1415 1238 1485 Tantisperenim
1289 1416 1414 1470 dum
1471 1431 1672 1486 corpus
1723 1415 1932 1469 unitum

351 1509 538 1573 fuerit,
574 1523 680 1562 non
717 1517 946 1579 possunt
999 1509 1236 1577 irrepere
1267 1507 1521 1563 scandala
1569 1523 1584 1564 :
1618 1507 1718 1561 ista
1746 1515 1930 1560 autem

349 1611 478 1656 sunt
523 1601 963 1664 bmresesznam,
1031 1609 1272 1670 «praeter
1324 1599 1624 1654 doctrinam
1673 1616 1692 1650 ι
1735 1597 1930 1667 inquit,

2042 585 2412 656 γραμμάτων.

2119 697 2138 730 ι
2174 678 2486 749 Παρακαλῶ
2518 679 2571 734 δὲ
2598 679 2764 751 ὑμᾶς.
2799 678 3039 747 ἀδελφοὶ,
3074 679 3298 731 σκοπεῖν
3339 679 3464 742 τοὺς
3515 678 3629 742 τὰς

2037 771 2384 842 διχοστασίας
2414 775 2511 827 καὶ
2531 774 2598 826 τὰ
2629 774 2924 839 σκάνδαλα,
2960 773 3116 843 παρὰ
3151 771 3250 842 τὴν
3281 771 3502 842 διδαχὴν
3547 773 3628 844 ἢν

2040 863 2200 934 ὑμεῖς
2268 864 2525 936 εμάοετε,
2581 867 2899 931 ποιοῦντας.
2941 886 2959 918 ι
2998 866 3164 920 Πάλιν
3207 865 3486 938 παραινεῖ,
3519 864 3630 916 καὶ

2039 958 2138 1029 οὐχ
2181 958 2256 1023 ὡς
2287 959 2612 1028 σύμϐουλος,
2647 959 2763 1013 ἁλλ’
2784 959 2861 1022 ὡς
2898 961 3104 1030 ἱκέτης,
3131 959 3228 1014 καὶ
3252 959 3390 1031 μετὰ
3412 955 3630 1024 πολλῆς

2035 1051 2203 1122 τιμῆς
2227 1068 2241 1082 ⁶
2283 1051 2550 1121 ἀδελφοὺς
2579 1053 2688 1124 γὰρ
2714 1053 2893 1108 καλεῖ.
2923 1055 2997 1108 Τὸ
3027 1054 3249 1126 δολερὸν
3272 1053 3328 1108 δὲ
3348 1052 3453 1105 τῶν
3480 1053 3630 1121 ἐπη-

2043 1145 2350 1215 ρεαζόντων
2384 1145 2624 1211 δεικνὺς,
2657 1143 2796 1210 εἷπε,
2829 1147 3110 1209 Σκοπεϊτε,
3151 1145 3419 1209 τουτέστι,
3459 1161 3632 1213 περι-

2036 1234 2340 1304 εργάζεσθε
2391 1235 2592 1301 αὐτοὺς
2649 1235 2788 1306 μετὰ
2845 1234 3154 1306 ἀκριϐείας.
3201 1233 3424 1302 Πρῶτον
3471 1232 3526 1285 δὲ
3560 1231 3630 1284 αἱ

2032 1329 2396 1400 διχοστασίαι,
2433 1325 2553 1382 εἷτα
2591 1329 2658 1382 τὰ
2690 1327 2986 1382 σκάνδαλα.
3019 1327 3166 1388 Ἕως
3188 1325 3297 1394 γὰρ
3331 1323 3629 1396 ἡνωμένον

2032 1417 2102 1493 ἦν
2147 1422 2209 1474 τὸ
2242 1421 2425 1491 σῶμα,
2453 1421 2554 1475 οὐκ
2602 1420 2717 1491 εχει
2768 1420 2973 1473 εἴσοδον
3015 1418 3084 1472 τὰ
3125 1416 3434 1472 σκάνδαλα’
3460 1416 3628 1485 αἱρέ-

2035 1531 2151 1578 σεις
2191 1515 2248 1568 δὲ
2283 1513 2476 1568 ταῦτα.
2514 1532 2531 1566 ι
2568 1514 2729 1584 Παρὰ
2777 1513 2878 1583 τὴν
2928 1511 3150 1582 διδαχὴν
3184 1529 3202 1562 ι
3237 1510 3368 1580 γάρ,
3420 1511 3625 1579 φησιν,

2039 1627 2056 1659 ι
2090 1608 2158 1678 ἢν
2207 1607 2367 1676 ὑμεῖς
2406 1605 2661 1676 ἐμάθετε.
2703 1623 2722 1656 ι
2751 1606 2864 1658 Οὐκ
2908 1600 3083 1668 εἶπεν,
3117 1605 3221 1657 Ἢν
3267 1599 3624 1670 ἐδιδάξαμεν,

357 1711 376 1744 ι
404 1707 565 1763 quam
598 1707 692 1747 vos
719 1692 1004 1747 didicistis.
1031 1710 1050 1743 ι
1090 1691 1206 1746 Non
1239 1692 1397 1758 dixit,
1431 1706 1593 1761 qnam
1621 1691 1923 1756 docuimus,

2035 1701 2172 1765 ἁλλ’,
2208 1719 2226 1751 ι
2246 1701 2348 1753 Ἢν
2373 1699 2623 1769 ἐμάθετε,
2639 1717 2658 1750 ι
2703 1695 3244 1768 προκαταλαμϐάνων
3272 1694 3490 1756 αὐτοὺς,
3514 1711 3551 1746 κ
3567 1693 3628 1744 αἱ

347 1788 442 1842 sed
478 1803 490 1839 :
532 1804 550 1838 ι
596 1801 754 1856 quam
788 1785 1090 1839 didicistis:
1123 1805 1142 1837 ι
1171 1795 1514 1840 antevertens
1545 1800 1639 1838 eos
1679 1799 1742 1838 ac
1771 1799 1923 1838 mon-

2035 1793 2251 1857 δεικνὺς
2314 1793 2414 1864 ἢδη
2471 1793 2901 1861 πεπεισμένους,
2962 1792 3057 1844 καὶ
3103 1788 3621 1856 καταδεξαμένους,

346 1887 546 1939 strans,
571 1876 682 1944 jam
705 1891 993 1946 persuasos
1026 1889 1146 1930 esse
1173 1884 1338 1945 atque
1371 1875 1662 1944 recepisse,
1703 1875 1923 1944 ideoque

2035 1885 2128 1938 καὶ
2166 1885 2255 1938 διὰ
2285 1883 2443 1937 τοῦτο
2467 1883 2783 1952 ὀφείλοντας
2829 1883 3091 1952 ἐμμένειν
3116 1875 3194 1944 οἷς
3236 1881 3337 1950 ἤδη
3364 1878 3625 1948 παρέλα-

349 1983 668 2038 permanere
694 1969 891 2022 debere
941 1967 991 2021 in
1024 1967 1092 2021 iis
1125 1982 1243 2036 quae
1292 1977 1639 2034 acceperunt.
1694 1966 1923 2020 Dissidia

2035 1978 2146 2030 60v.
2187 1976 2300 2031 Καὶ
2345 1977 2399 2029 αί
2437 1975 2780 2045 διχοστασίαι
2814 1974 3020 2040 τοίνυν,
3053 1974 3148 2027 καὶ
3196 1973 3263 2026 τὰ
3311 1971 3623 2033 σκάνδαλα,

349 2061 514 2133 igitur
546 2070 603 2117 et
631 2060 883 2116 scandala
905 2075 997 2116 seu
1042 2061 1298 2127 haereses,
1331 2060 1398 2114 ab
1438 2059 1502 2114 iis
1535 2061 1624 2128 qni
1676 2059 1926 2128 dogmata

347 2163 543 2224 pneter
574 2151 1362 2224 apostolicam'institutionem
1410 2152 1650 2220 tradunt,
1679 2149 1926 2206 introdu-

347 2258 569 2306 cuntur.

423 2339 586 2396 Vsns.
626 2339 716 2404 i7,
759 2337 847 2393 18.
893 2355 911 2390 ι
945 2335 1222 2392 Dcclinate
1270 2336 1337 2390 ab
1367 2335 1498 2406 ipsis
1545 2351 1560 2390 :
1614 2333 1925 2404 huiusmodi

344 2433 488 2486 enim
520 2431 748 2486 Domino
776 2440 958 2484 nostro
991 2427 1116 2483 .lesu
1145 2427 1362 2484 Christo
1397 2441 1502 2482 non
1527 2427 1796 2491 serviunt,
1831 2425 1926 2480 sed

343 2538 442 2578 suo
470 2523 711 2592 ipsorum
737 2519 937 2576 ventri.
970 2539 989 2573 ι
1021 2520 1268 2583 ιὶιιεὶΙὶιθ,
1301 2521 1494 2589 inquit,
1523 2519 1589 2573 ab
1613 2518 1766 2588 ipsis.
1794 2517 1925 2572 Nam

343 2615 387 2666 si
415 2613 530 2666 haec
563 2626 629 2666 ex
660 2611 972 2682 ignorantia
997 2609 1082 2665 vel
1126 2624 1311 2664 errore
1360 2609 1623 2674 facerent,
1668 2622 1766 2677 par
1811 2616 1930 2661 erat

342 2705 676 2759 emendare:
709 2705 964 2775 quoniam
1000 2715 1130 2756 veto
1178 2701 1412 2755 scienter
1439 2707 1686 2768 peccant,
1737 2696 1924 2768 fugite.

345 2795 559 2851 Judacos
588 2805 766 2850 autem
797 2795 1066 2864 intelligit,
1104 2807 1243 2864 quos
1284 2791 1518 2845 maxime
1556 2805 1654 2846 ceu
1709 2789 1928 2855 gulosus

347 2899 574 2953 carpere
613 2882 750 2938 solet
785 2899 800 2937 :
835 2883 1142 2937 universum
1189 2881 1332 2935 enim
1381 2895 1570 2935 eorum
1623 2892 1793 2949 genus
1842 2886 1928 2932 est

349 2975 679 3046 huiusmodi.
703 2972 903 3036 Omnes
935 2988 1096 3042 porro
1140 2973 1376 3027 ltwrescs
1423 2973 1547 3026 hinc
1605 2981 1923 3037 nascuntur,

347 3068 602 3122 nimirum
632 3064 771 3135 quod
805 3079 991 3118 eorum
1025 3072 1273 3117 auctores
1291 3061 1570 3116 affectibus
1594 3061 1706 3116 suis
1729 3071 1926 3115 etven-

345 3159 414 3213 tri
447 3156 766 3213 inserviant.
798 3140 987 3209 Nonne
1021 3153 1183 3224 igitur
1215 3163 1265 3207 te
1295 3155 1478 3222 pudet,
1503 3165 1624 3206 eum
1659 3151 1734 3206 sis
1763 3149 1924 3206 Chri-

2029 2071 2196 2140 ἤγουν
2244 2071 2300 2124 al
2352 2068 2616 2139 αἱρέσεις,
2643 2070 2708 2122 ὲκ
2753 2067 2862 2122 τῶν
2910 2068 3063 2136 παρὰ
3094 2065 3194 2135 τὴν
3239 2061 3621 2132 άποστολικὴν

2028 2159 2250 2233 διδαχὴν
2283 2159 2725 2232 δογματιζὸντων
2748 2161 3087 2229 εἰσάγονται.

2105 2367 2124 2398 ι
2163 2347 2480 2402 Ἑκκλίνατε
2507 2345 2603 2400 ἀπ’
2624 2346 2823 2401 αὐτῶν.
2857 2348 2919 2398 Οἱ
2950 2334 3056 2414 γὰρ
3084 2344 3319 2397 τοιοῦτοι
3347 2342 3426 2412 τῷ
3476 2342 3608 2395 Κυ-

2033 2440 2130 2511 ρίῳ
2168 2441 2327 2510 ἡμῶν
2384 2439 2561 2510 Ἰησοῦ
2593 2435 2815 2509 Χριστῷ
2857 2437 2918 2490 οὐ
2961 2434 3335 2496 δουλεύουσιν,
3371 2432 3504 2486 ἀλλὰ
3534 2432 3620 2502 τῇ

2028 2533 2238 2587 ἑαυτῶν
2281 2532 2484 2604 κοιλίᾳ.
2527 2550 2545 2584 ι
2594 2530 2963 2600 Ἀποπηδᾶτε,
2998 2528 3186 2599 φησιν,
3244 2527 3342 2580 ἀπ’
3395 2525 3617 2580 αὐτῶν.

2028 2627 2091 2680 Ei
2127 2625 2226 2696 μὲν
2256 2624 2366 2696 γὰρ
2420 2623 2481 2690 ὲξ
2531 2622 2834 2694 ἀγνοίας,ἦ
2870 2620 3083 2690 πλάνης
3137 2618 3313 2674 ταῦτα
3363 2616 3616 2682 ἐποίουν,

2026 2718 2134 2771 ἔδει
2161 2717 2408 2786 διορθοῦν
2434 2733 2449 2748 ·
2483 2717 2606 2770 ἐπεὶ
2621 2717 2675 2769 δὲ
2695 2715 2895 2777 εἰδότες
2919 2711 3319 2784 ἁμαρτάνουσι,
3345 2708 3613 2778 φεύγετε.

2027 2810 2167 2871 Τοὺς
2197 2807 2258 2873 ἐξ
2302 2806 2575 2861 Ἰουδαίων
2601 2806 2655 2859 δὲ
2686 2805 3009 2866 αἰνίττεται,
3043 2788 3141 2866 οὓς
3176 2802 3408 2873 μάλιστα
3439 2799 3615 2854 είωοε

2024 2901 2336 2954 διαϐάλλειν
2388 2898 2464 2962 ὡς
2498 2898 2950 2969 γαστριμάργους
2976 2912 2988 2925 °
3018 2896 3139 2950 ὅλον
3184 2894 3293 2965 γὰρ
3336 2893 3395 2947 τὸ
3442 2893 3613 2959 γένος

2025 2993 2294 3046 τοιοῦτον.
2335 2993 2514 3044 Πᾶσαι
2547 2991 2604 3044 δὲ
2658 2991 2714 3043 al.
2773 2990 3015 3060 αἱρέσεις
3071 2991 3133 3041 ὲκ
3185 2986 3279 3040 τοῦ
3329 2984 3615 3040 δουλεύειν

2027 3085 2224 3138 πάθεσι
2243 3085 2336 3137 καὶ
2359 3083 2557 3153 γαστρί
2587 3082 2652 3136 ⁸⁹.
2689 3082 2804 3134 Οὐκ
2828 3081 3060 3150 αἰσχύνῃ
3082 3074 3176 3132 οὖν
3213 3075 3612 3138 κοιλιοδούλοκ

2028 3174 2385 3236 διδασκάλους
2446 3172 2792 3242 ποιούμενος,
2828 3173 2856 3224 ὁ
2897 3170 2990 3224 τοῦ
3046 3167 3284 3240 Χριστοῦ
3327 3165 3551 3234 ἀδελφός
3589 3183 3607 3230 ;

345 3251 415 3306 sti
445 3251 631 3316 frater,
656 3248 860 3304 ventris
889 3253 1074 3303 servos
1102 3246 1195 3300 tibi
1227 3246 1530 3301 adsciscere
1560 3245 1610 3298 in
1630 3243 1923 3299 doctores?

2035 3267 2105 3336 Ση
2114 3283 2178 3336 με
2189 3266 2346 3320 ίωσαι
2363 3220 2443 3329 δὲ,
2465 3265 2546 3318 ὅτι
2565 3267 2592 3318 ὁ
2609 3220 2880 3318 δουλεύων
2901 3220 3122 3332 γαστρί,
3141 3220 3367 3334 νΧριστῷ
3382 3257 3440 3310 οὐ

345 3343 586 3401 Observa
615 3342 724 3409 hic,
755 3340 895 3412 quod
928 3339 1019 3410 qui
1055 3339 1226 3394 ventri
1280 3339 1531 3404 inservit,
1563 3338 1780 3393 Christo
1814 3353 1924 3392 non

347 3436 592 3490 inservit.

423 3547 443 3581 ι
479 3529 544 3584 Ει
577 3543 672 3598 per
699 3526 884 3582 dulces
911 3539 1192 3580 sermones
1220 3534 1275 3579 et
1310 3521 1719 3578 benedictiones
1756 3524 1920 3578 sedu-

345 3631 479 3676 cunt
513 3620 674 3676 corda
705 3616 1098 3672 innocentium.
1133 3633 1152 3666 ι
1204 3614 1550 3680 lnsidiantur,
1585 3613 1779 3682 inquit,
1827 3629 1926 3683 per

345 3712 704 3766 adulationes.
728 3707 860 3763 Nam
883 3707 1244 3779 χρηστολογία
1262 3715 1315 3760 et
1347 3707 1569 3774 εὐλογία
1590 3706 1691 3761 hoc
1709 3705 1924 3776 εἰειιὶίίο

343 3813 502 3870 cant;
535 3803 812 3866 nimirum,
843 3817 966 3855 cum
991 3800 1154 3853 verba
1181 3799 1477 3854 amicitiam
1513 3809 1738 3864 sonent;
1769 3811 1920 3852 mens

345 3912 476 3952 vero
506 3894 693 3950 fraude
733 3894 985 3948 abundet.
1035 3891 1154 3947 Non
1203 3903 1381 3948 autem
1430 3892 1565 3947 dixit
1598 3892 1922 3963 :Decipinnt

346 4005 462 4052 vos,
493 3989 616 4044 sed;
648 4005 667 4039 ι
692 3986 867 4042 Corda
901 3985 1292 4052 innocentium,
1320 4002 1338 4037 ι
1387 3984 1488 4041 hoc
1517 3993 1599 4041 est
1628 3985 1920 4054 simplicio-

416 4175 580 4231 νειε.
613 4171 700 4229 19.
743 4189 762 4224 ι
799 4170 995 4226 Vestra
1023 4169 1166 4226 enim
1192 4168 1497 4224 obedientia
1526 4169 1578 4222 in
1621 4166 1768 4222 omni
1797 4167 1918 4223 loco

340 4269 611 4336 divulgata
642 4276 748 4323 est.
779 4263 996 4319 Gaudeo
1027 4261 1192 4336 igitur
1232 4261 1287 4316 in
1341 4262 1512 4317 vobis.
1551 4279 1570 4313 ι
1611 4261 1917 4332 Simplicio-

331 4377 452 4426 -res,
481 4359 675 4432 inquit,
709 4359 972 4422 inescent,
1019 4372 1125 4412 non
1159 4364 1341 4411 autem
1358 4370 1474 4410 vos.
1505 4375 1521 4407 ι
1550 4355 1738 4411 Vestra
1774 4355 1916 4410 enim

329 4453 700 4518 -obedientia,s
728 4452 831 4508 hoc
849 4451 1096 4522 estll']
1118 4451 1537 4520 persuasionuae
1559 4457 1642 4505 est
1663 4465 1727 4504 ex
1751 4449 1916 4504 multa

2026 3357 2194 3411 λεύει.

2101 3555 2119 3588 ι
2148 3534 2258 3589 Καὶ
2290 3533 2382 3588 διὰ
2409 3532 2512 3602 τῆς
2535 3529 2936 3603 χρηστολογίας
2974 3529 3068 3584 καὶ
3113 3527 3366 3596 εὐλογίας
3390 3526 3606 3594 ἐξαπάε-

2023 3628 2158 3681 τῶσι
2191 3628 2287 3691 τὰς
2319 3625 2546 3696 καρδίας
2605 3623 2714 3678 τῶν
2768 3623 3022 3692 ιάκάκων.
3068 3639 3087 3674 ι
3132 3619 3602 3684 Ἐπισουλεύουσι,

2024 3719 2182 3790 φησι,
2213 3717 2302 3770 διὰ
2331 3715 2622 3778 κολακείας
2648 3731 2662 3746 ·
2695 3714 2852 3768 τοῦτο
2878 3714 2988 3784 γὰρ
3029 3714 3062 3782 ἡ
3088 3710 3467 3782 ’χρηστολογία
3500 3712 3606 3763 καὶ

2021 3814 2055 3884 ἡ
2084 3811 2326 3880 εὐλογία,
2360 3812 2486 3864 ὅταν
2517 3809 2587 3862 τὰ
2639 3807 2739 3877 μὲν
2775 3809 2995 3879 ῥήματα
3019 3806 3202 3876 φιλίας
3230 3801 3284 3879 ᾖ.
3319 3806 3352 3874 ἡ
3385 3804 3439 3857 δὲ
3477 3803 3605 3857 διάο

2021 3924 2139 3961 νοια
2167 3904 2320 3959 δόλου
2349 3903 2614 3974 γέμουσα.
2643 3903 2756 3956 Οὐκ
2787 3895 2906 3954 εἷπε
2936 3898 3013 3962 δὲ,
3090 3898 3264 3966 ’Υμᾶς
3313 3895 3607 3962 ἐξαπατῶ-

2022 4017 2130 4066 σιν,
2163 3997 2322 4063 dum,
2367 4015 2386 4050 ι
2421 3997 2532 4060 Τὰς
2559 3993 2787 4066 καρδίας
2838 3993 2945 4046 τῶν
3003 3990 3248 4056 ἀκάκων,
3277 4007 3296 4041 ι
3345 3990 3602 4042 τουτέστι

2019 4092 2128 4147 τῶν
2159 4091 2570 4162 ἁπλουστέρων.

2102 4202 2122 4236 ι
2179 4184 2243 4236 Ἢ
2296 4181 2406 4253 γὰρ
2459 4180 2613 4252 ὑμῶν
2661 4180 2879 4251 ὑπακοὴ
2938 4179 3018 4242 είς
3070 4179 3279 4243 πάντας
3339 4175 3597 4246 ἀφίκετο.

2019 4276 2210 4348 Χαίρω
2238 4270 2330 4328 οῦν
2355 4273 2415 4326 τὸ
2435 4274 2518 4343 ἐφ’
2548 4273 2696 4341 ὑμῖν.
2745 4291 2764 4325 ι
2805 4272 2945 4334 Τούς
2971 4271 3397 4338 ἁπλουστέρους,
3431 4266 3600 4337 φησὶ,

2019 4368 2352 4431 δελεάζουσι,
2385 4365 2480 4419 καλ⁸
2501 4365 2597 4434 οὐχ
2623 4364 2788 4434 ὑμᾶς.
2819 4382 2837 4414 ι
2863 4363 2925 4415 Ἦ
2951 4363 3060 4433 γὰρ
3091 4362 3247 4433 ὑμῶν
3274 4360 3510 4430 ὑπακοὴ,
3563 4376 3586 4409 s

2023 4461 2301 4513 τουτέστιν
2334 4459 2366 4528 ἡ
2402 4455 2596 4524 πειθὼ,
2621 4457 2742 4527 ἥτις
2799 4454 2906 4509 ἀπὸ
2941 4455 3141 4524 πολλῆς
3170 4453 3476 4525 πραότητος
3503 4451 3599 4518 τι.

339 4546 779 4612 mansnetudine,
818 4564 836 4597 ι
869 4546 936 4600 ad
965 4559 1153 4599 omnes
1185 4543 1450 4612 pervenit.
1483 4559 1503 4593 ι
1543 4540 1651 4597 Nec
1681 4557 1781 4611 ego
1821 4556 1913 4597 so-

2035 4569 2193 4617 ιεται,
2237 4571 2254 4603 ι
2295 4553 2374 4614 είς
2425 4550 2637 4613 πάντας
2675 4547 2924 4618 ἀφίκετο.
2966 4564 2985 4598 ι
3023 4545 3134 4599 Καὶ
3181 4546 3281 4598 οὐκ
3322 4543 3430 4611 ὲγὼ
3492 4541 3599 4611 μό-

341 4639 425 4692 lus
456 4638 580 4692 fidei
603 4638 727 4692 huic
753 4649 943 4692 vestra:
979 4636 1344 4692 testimonium
1391 4634 1675 4704 perbibeo,
1731 4649 1915 4687 verum

341 4733 504 4786 etiam
551 4730 834 4785 universus
865 4729 1037 4784 orbis.
1095 4746 1114 4780 ι
1148 4727 1370 4782 Gaudeo
1405 4725 1567 4794 igitur
1608 4727 1662 4780 in
1689 4727 1860 4793 vobis,
1893 4743 1912 4777 ι

345 4831 406 4878 ιιι
435 4822 526 4894 qui
553 4838 661 4878 non
683 4822 805 4877 sitis
845 4821 1074 4892 decepti.

417 4933 437 4966 ι
470 4914 603 4970 Volo
632 4923 812 4968 autem
831 4928 924 4968 vos
950 4913 1223 4983 sapientes
1239 4912 1455 4982 quidem
1474 4925 1593 4966 esse
1613 4909 1678 4964 ad
1697 4909 1920 4974 bonum,

341 5009 618 5080 simplices
646 5022 776 5063 vero
806 5005 874 5060 ad
907 5005 1131 5060 malum.
1166 5023 1186 5057 ι
1216 5003 1398 5060 lnnuit
1423 5003 1566 5074 quod
1587 5003 1670 5058 vel
1702 5017 1766 5057 ex
1787 5001 1920 5070 ipsis

343 5099 587 5158 nonnulli
631 5097 843 5166 decepti
889 5095 1108 5151 fuerint.
1170 5095 1350 5150 Palam
1403 5103 1581 5150 autem
1633 5093 1722 5148 hic
1776 5093 1920 5146 idem

343 5210 469 5250 cum
512 5191 739 5247 Domino
769 5189 1013 5260 pra-cipit
1041 5205 1053 5242 :
1085 5205 1102 5239 ι
1139 5198 1153 5238 l
1190 5186 1374 5242 Estote
1395 5189 1688 5256 prudentes
1712 5195 1770 5240 ut
1798 5199 1918 5239 scr-

338 5296 548 5358 pentcs,
582 5292 636 5340 et
680 5281 956 5353 simplices
1007 5279 1148 5335 velut
1196 5280 1475 5334 columbae.
1511 5297 1530 5330 ι
1588 5275 1711 5332 Vult
1763 5276 1906 5332 enim

336 5380 608 5451 Sapientes
637 5375 852 5447 quidem
883 5391 978 5431 seu
1008 5372 1264 5445 providos
1293 5385 1414 5427 esse
1449 5371 1516 5424 ad
1557 5372 1783 5435 bonum,
1809 5370 1908 5424 hoc

334 5481 436 5536 cst,
475 5469 542 5524 ad
575 5471 847 5540 propriam
871 5469 1099 5524 salutem
1153 5473 1208 5521 et
1257 5463 1730 5522 commoditatem:
1773 5461 1908 5517 sitn-

409 5613 424 5664 l
453 5611 642 5667 Matth.
677 5629 731 5675 κ,
763 5613 850 5667 16.

2011 4663 2100 4708 νος
2153 4643 2421 4716 μαρτυρῶ
2467 4641 2821 4713 ταύτῃ,ἁλλὰ
2873 4641 2968 4693 καὶ
3009 4641 3042 4710 ἡ
3085 4638 3380 4707 οίκουμένη
3412 4635 3593 4692 πᾶσα,

2018 4757 2037 4790 ι
2073 4737 2265 4808 Χαίρω
2307 4731 2400 4789 οὖν
2459 4735 2520 4787 τὸ
2566 4733 2653 4802 ἐφ’
2707 4734 2856 4801 ὑμῖν,
2924 4749 2943 4783 ι
3007 4732 3120 4792 τοῖς
3181 4731 3256 4799 μὴ
3307 4727 3594 4795 ἐξαπατη-

2012 4831 2178 4884 θεῖσι.

2088 4935 2107 4969 ι
2145 4915 2298 4968 Θέλω
2351 4914 2498 4984 ὐμᾶς
2564 4912 2763 4980 σοφοὺς
2821 4910 2921 4980 μὲν
2969 4907 3110 4963 εἶναι
3162 4909 3244 4971 εἰς
3273 4907 3336 4962 τδ
3356 4907 3590 4976 ἀγαθον,

2012 5007 2311 5079 ἀκεραίους
2336 5005 2392 5058 δὲ
2417 5007 2496 5069 είς
2532 5004 2592 5058 τι
2619 5004 2812 5056 κακόν.
2839 5020 2858 5052 ι
2893 5001 3217 5066 Αίνίττεται,
3251 5001 3334 5054 δτι
3382 4999 3476 5054 καὶ
3525 4999 3598 5064 ἐξ

2014 5099 2196 5153 αὐτῶν
2224 5093 2366 5170 ἦσάν
2396 5114 2539 5160 τινες
2570 5094 2944 5164 ἀπατώμενοι.
2983 5093 3282 5163 Ἀντικρυς
3309 5091 3367 5144 δὲ
3396 5091 3458 5143 τὸ
3489 5092 3592 5143 τοῦ

2014 5189 2220 5262 Κυρίου
2258 5191 2391 5259 φησί
2416 5203 2430 5219 ·
2472 5206 2490 5240 ι
2523 5186 2745 5240 Γίνεσθε
2777 5186 3032 5257 φρόνιμοι
3084 5184 3160 5248 ὡς
3209 5185 3258 5237 οί
3286 5184 3460 5255 ὄφεις,
3487 5184 3588 5235 καὶ

2014 5283 2263 5353 ἀκέραιοι
2288 5280 2363 5344 ὡς
2395 5281 2452 5334 at
2485 5277 2829 5350 περιστεραί.
2857 5296 2875 5328 ι
2915 5275 3173 5328 Βούλεται
3196 5274 3305 5347 γὰρ
3339 5293 3358 5326 ι
3387 5273 3592 5342 aegrota;

2019 5374 2136 5443 μὲν,
2151 5393 2167 5426 ι
2189 5372 2612 5446 ἡτοιφρονίμους
2641 5389 2660 5422 ι
2685 5366 2824 5424 εἶναι
2839 5370 2919 5432 εἰς
2939 5368 2998 5420 τὸ
3020 5367 3272 5435 antepr
3311 5365 3591 5420 τουτέστιν

2015 5467 2092 5529 είς
2126 5466 2225 5538 τὴν
2251 5465 2460 5520 οἰκείαν
2495 5463 2770 5536 σωτηρίαν
2795 5463 2889 5518 καὶ
2911 5460 3178 5530 ὠφέλειαν
3201 5477 3213 5491 ι
3249 5479 3268 5513 ι
3293 5456 3594 5532 ἀκεραίους

1646 5722 1845 5785 Variae
1893 5722 2222 5787 lectiones.

404 5853 450 5885 "
489 5849 655 5920 σαρκί
692 5863 746 5904 ο.
