3874 6604
189 361 302 421 .557

950 346 1356 411 EXPOSITIO
1414 344 1496 405 ΙΝ
1536 341 1775 403 EPIST.
1829 339 1929 401 AD
1963 339 2143 402 ROM.
2174 367 2243 375 -
2271 341 2426 402 CAP.
2472 343 2624 405 XVI.

3337 345 3441 411 ass

188 478 248 529 δὲ
283 477 371 537 εἰς
403 436 466 526 τδ
514 470 705 537 κακὸν,
747 488 765 523 ι
796 467 1097 531 τουτέστιν,
1129 467 1209 529 είς
1234 464 1297 518 τὸ
1347 461 1425 535 μὴ
1464 459 1782 515 κακοποιεῖν

1911 455 2054 511 ιιίορε
2084 467 2262 513 autem
2291 457 2359 513 ad
2392 457 2613 524 malum,
2653 458 2754 514 hoc
2779 466 2882 521 est,
2914 457 2981 512 ad
3030 471 3138 514 non
3186 457 3327 513 male
3378 459 3447 516 fa-

190 569 444 640 ἐτέρους.
492 566 551 620 Ὀ
585 565 694 637 γὰρ
717 561 978 634 ἀκέραιος
1011 561 1206 614 οὐδένα
1234 556 1487 629 βλάπτει.

266 680 289 712 ι
338 660 478 714 ’0δέ
516 657 652 721 Θεὸς
694 656 792 725 τῆς
830 653 1058 726 εἰρήνης
1098 645 1382 721 συντρίψει
1408 648 1502 700 τὸν
1528 646 1783 699 Σατανᾶν

191 751 308 806 ὑπὸ
348 751 477 810 τούς
502 748 672 810 πόδας
704 745 861 817 ὐμῶν
907 745 966 797 ἐν
1009 742 1184 811 τάχει.
1221 758 1239 793 ι
1286 735 1504 805 Ἐπειδὴ
1532 731 1674 809 ἦσαν
1700 734 1782 788 δι·-

190 841 517 914 χοστασέαι,
544 841 637 895 τὸν
667 840 767 909 τῆς
797 837 1025 908 εἰρήνης
1051 835 1259 904 δοτῆρα
1302 830 1668 892 ἐπικαλεῖται,
1697 825 1784 879 ἵνα

190 936 391 1008 παύσῃ
417 938 487 989 τΞι
546 930 843 986 σκάνδαλα.
876 929 950 983 Οὐ
1001 926 1152 995 λέγει
1200 925 1278 990 δέ,
1328 918 1640 986 ⁹Υποτάξει,
1669 917 1783 971 ἀλλ’

190 1029 220 1083 ὃ
282 1027 477 1097 πολλῷ
537 1023 726 1097 μεῖζον
754 1017 847 1094 ἦν,
905 1040 922 1072 ι
960 1018 1284 1090 Συντρίψειο
1316 1034 1334 1067 ι
1380 1013 1476 1068 καὶ
1516 1012 1782 1074 ἐκείνους,

190 1122 256 1175 οὐ
290 1121 500 1189 μόνους
524 1119 655 1183 τούς
686 1114 1181 1184 σκανδαλουργοὺς,
1203 1109 1339 1165 ἀλλά
1379 1108 1473 1163 καὶ
1505 1106 1669 1159 αὐτὸν
1694 1103 1785 1157 τὸν

134 1248 143 1261 .
194 1212 628 1286 στρατηγοῦντα
657 1209 859 1264 αὐτῶν.
890 1204 1304 1278 Παραμυθεῖται
1333 1200 1390 1255 δὲ
1438 1200 1636 1260 αὐτοὺς
1690 1196 1787 1249 καὶ

191 1304 307 1361 ἀπὸ
336 1305 437 1358 τοῦ
467 1304 696 1376 χρόνου·
730 1302 978 1370 ἐπήγαγε
1008 1297 1149 1367 γὰρ,
1179 1315 1197 1349 ι
1240 1295 1328 1347 Ἑν
1359 1293 1514 1363 τάχει
1551 1308 1570 1342 ι
1600 1290 1673 1342 Τὸ
1704 1287 1782 1352 δὲ,

198 1418 216 1450 ι
247 1397 571 1468 Συντρίψει,
600 1413 618 1447 ι
655 1394 770 1447 ἐστι
794 1392 890 1446 καὶ
913 1388 1066 1460 εὐχὴ,
1097 1388 1191 1442 καλ⁸
1219 1382 1548 1458 προφητεία.
1580 1379 1672 1442 Εἰς
1694 1377 1784 1431 τὸν

198 1487 481 1557 μέλλοντα
514 1485 624 1557 γὰρ
658 1483 973 1551 ἐγκέκλιται
996 1480 1069 1533 ⁸⁸.

270 1601 290 1632 ι
333 1577 403 1633 Ἢ
436 1579 602 1649 χάρις
635 1574 729 1629 τοῦ
761 1574 965 1646 Κυρίου
994 1569 1152 1642 ἡμῶν
1183 1568 1360 1640 Ἰησοῦ
1390 1569 1628 1641 Χριστοῦ
1667 1570 1785 1641 μεθ’

193 1672 381 1741 ὑμῶν.
427 1689 447 1722 ι
502 1668 833 1738 Ἀνέμνησεν
879 1664 1078 1727 αὐτοὺς
1135 1663 1229 1716 καὶ
1269 1662 1369 1731 τῆς
1414 1662 1660 1732 χάριτος,
1697 1661 1787 1716 ἵνα

194 1761 291 1830 ἀφ’
326 1754 410 1815 ὧν
436 1760 540 1833 ήδη
570 1758 787 1823 ἔλαϐον,
818 1755 1222 1829 προθυμότεροι
1244 1754 1383 1826 πρὸς
1405 1753 1466 1808 τὸ
1495 1753 1784 1807 πιστεῦσαι

195 1855 294 1905 καὶ
333 1852 471 1922 περὶ
491 1852 598 1904 τῶν
635 1849 938 1920 μελλόντων
981 1848 1261 1917 γίνωνται.
1292 1846 1358 1901 Εἰ
1406 1846 1516 1917 γὰρ
1555 1845 1784 1916 ἐχθροὺς

194 1945 366 2008 ὄντας
393 1945 592 2008 ἔσωσε,
632 1941 814 2013 πολλῷ
853 1940 1052 2011 μᾶλλον
1087 1939 1184 1992 νῦν
1222 1937 1506 2010 συντρίψει
1557 1937 1652 1992 τὸν
1689 1939 1786 1990 Σαο

195 2036 399 2091 τινᾶν.
433 2037 576 2107 Ὅρα
620 2035 700 2100 δέ,
728 2034 813 2088 ὄτι
846 2031 971 2086 οὐτε
1032 2030 1171 2109 ἔργα
1217 2030 1388 2101 χωρὶς
1436 2031 1625 2101 εὐχῆς,
1658 2027 1785 2083 οὔτε

198 2130 378 2199 ςῦχὴν
413 2127 587 2197 χωρὶς
611 2125 792 2198 ἔργων
814 2122 1018 2195 τίθησι.
1052 2121 1211 2176 Μετά
1260 2122 1373 2193 γὰρ
1407 2122 1468 2174 τὸ
1505 2119 1789 2192 pampin-

200 2245 294 2279 σαι
355 2226 547 2288 αὐτοῖς
597 2223 699 2295 τὴν
759 2221 1008 2289 ὑπακοὴν
1030 2260 1046 2285 ,
1074 2221 1196 2273 τότε
1232 2217 1538 2289 ἐπηύξατο’
1570 2216 1788 2279 δεικνὺς

200 2320 358 2388 ὑμᾶς
389 2315 479 2391 [Ῑ.
503 2313 647 2387 ὴμ.]
682 2317 743 2368 οὐ
784 2313 949 2384 μόνον
992 2310 1182 2376 πάλαι,
1218 2308 1354 2363 ἀλλὰ
1391 2308 1487 2362 καὶ
1535 2306 1652 2370 νῦν,
1684 2303 1788 2360 κᾶν

200 2411 433 2480 δόκιμοι
462 2403 636 2479 ὦμεν,
668 2406 769 2476 τῆς
799 2404 893 2459 τοῦ
924 2403 1060 2457 Θεοῦ
1089 2401 1383 2473 δεομένους
1409 2399 1654 2472 χάριτος.

279 2521 303 2554 ε
333 2501 673 2566 Ἀσπάζεται
692 2499 835 2569 ὑμᾶς
857 2495 1159 2567 Τιμόθεοςό
1179 2493 1437 2566 συνεργός
1463 2508 1587 2562 μου.
1616 2508 1636 2543 ι
1656 2490 1790 2543 Συν-

203 2600 379 2668 ήργει
409 2595 520 2666 γὰρ
565 2591 712 2663 αὐτῷ
768 2593 826 2644 ἐν
856 2590 935 2661 τῷ
972 2587 1314 2658 Εὐαγγελίῳ.
1342 2585 1505 2654 Μέγα
1526 2582 1583 2637 δέ
1604 2581 1787 2651 ἐγκώ-

206 2701 344 2754 μιον
369 2682 431 2738 τὸ
452 2684 519 2735 τὰ
546 2682 683 2735 αὐτὰ
709 2676 904 2750 Παύλῳ
934 2679 1200 2749 ἐνεργεῖν.

283 2793 309 2827 ε
342 2773 458 2828 Καὶ
485 2772 737 2839 Λούκιος,
782 2771 879 2826 καὶ
938 2770 1148 2835 Ἰάσων,
1188 2767 1287 2822 κοιλ⁵
1338 2765 1712 2833 Σωσίπατρος,
1744 2764 1794 2818 oi

209 2868 514 2936 συγγενεῖς
549 2882 674 2938 μου.
710 2882 730 2916 ι
776 2865 838 2917 Ὀ
877 2862 1066 2916 Ἰάσων
1108 2853 1269 2923 ὦτος
1296 2858 1354 2911 ἐν
1382 2859 1502 2919 ταῖς
1525 2854 1796 2927 Πράξεσιν

207 2961 567 3030 ἀνυμνεῖται,
592 2958 666 3017 ὡς
711 2954 1064 3027 ἀνδρειότατα
1095 2949 1471 3013 κινδυνεύσας.
1502 2948 1795 3016 Συγγενεῖς

208 3053 291 3118 δὲ,
329 3052 392 3106 οὐ
423 3053 584 3122 μόνον
634 3049 777 3103 κατὰ
815 3047 1018 3120 σάρκα,
1061 3043 1200 3098 ἀλλὰ
1225 3041 1407 3113 πολλῷ
1443 3040 1645 3112 μᾶλλον
1669 3038 1794 3093 κατ’

1885 547 2132 604 ciendum
2161 548 2304 604 aliis.
2335 548 2575 619 Simplex
2603 551 2749 606 enim
2780 550 2981 605 nemini
3013 560 3200 607 nocet.

1955 642 2119 697 Vsus.
2154 641 2244 696 20.
2283 660 2303 695 ‹
2344 642 2486 697 Deus
2515 652 2692 697 autem
2724 642 2872 713 pacis
2913 650 3157 698 conteret
3186 639 3451 695 Satanam

1886 734 1990 791 sub
2021 733 2243 803 pedibus
2270 733 2468 789 vestris
2492 732 2767 789 velociter.
2802 751 2821 785 ι
2855 731 2991 801 Quia
3014 732 3237 790 dissidia
3273 740 3448 796 erant,

1886 827 2006 881 ideo
2039 827 2190 897 pacis
2213 826 2459 880 datorem
2492 825 2730 891 invocat,
2754 835 2813 882 ιιι
2838 826 3092 881 scandala
3121 832 3448 895 compescat.

1887 914 2004 969 Non
2046 926 2226 970 autem
2259 915 2409 981 dicit,
2446 914 2708 985 Subjiciet
2734 930 2749 968 :
2775 917 2868 972 sed
2914 916 3058 986 quod
3092 915 3258 971 multo
3288 917 3451 987 velie~
3514 947 3519 970 ι

1888 1008 2121 1062 mentins
2146 1018 2248 1077 est,
2281 1027 2299 1061 ι
2324 1009 2581 1065 Conteret
2606 1028 2621 1064 :
2646 1029 2666 1062 ι
2691 1012 2764 1081 ζει
2792 1026 2895 1065 non
2925 1011 3097 1065 solum
3138 1010 3258 1065 illos
3296 1024 3455 1067 scan-

1888 1100 2130 1154 dnlorum
2146 1112 2416 1165 auctores,
2433 1116 2617 1156 verum
2631 1102 2795 1158 et’am
2815 1103 2984 1172 ipsum
3006 1101 3215 1155 illorum
3241 1102 3450 1158 ducem.

1886 1190 2206 1246 Consolatur
2238 1207 2399 1260 porro
2429 1193 2548 1248 illos
2579 1209 2606 1246 a
2642 1202 2901 1265 tempore,
2947 1213 2965 1245 ‹
2989 1192 3276 1259 Velociter,
3302 1211 3322 1246 ι
3374 1195 3458 1249 iu-

1887 1284 2097 1352 quiens.
2130 1285 2197 1337 At
2234 1302 2252 1334 ι
2289 1284 2561 1350 Conteret,
2598 1303 2617 1337 ι
2654 1294 2906 1342 etvotum
2936 1294 3022 1343 est
3044 1294 3098 1342 et
3130 1285 3407 1357 prophetia
3441 1301 3453 1340 :

1887 1386 1969 1432 est
1998 1377 2140 1430 enim
2178 1375 2342 1431 futuri
2379 1378 2654 1447 temporis.

1963 1582 1980 1614 ‹
2015 1562 2198 1618 Gratia
2233 1564 2440 1619 Domini
2477 1566 2647 1622 nostri
2667 1565 2794 1623 Jesu
2840 1567 3044 1624 Christi
3097 1568 3397 1627 vobiscum.
3433 1588 3452 1621 ι

1887 1656 2128 1712 ϐτηιίςηιι
2158 1655 2363 1713 Christi
2396 1658 2462 1713 ad
2493 1661 2810 1714 memoriam
2872 1660 2961 1716 hic
3010 1661 3115 1718 illis
3170 1663 3458 1726 revocavit.

1893 1758 1947 1804 ut
1975 1750 2043 1805 ab
2081 1751 2162 1804 his
2193 1749 2441 1821 qumjam
2489 1751 2846 1821 accepissent,
2885 1752 3175 1811 alacriores
3224 1750 3459 1811 rcdda’n-

1892 1852 1977 1897 tur
1999 1844 2064 1896 ad
2101 1842 2426 1896 credendum
2462 1842 2659 1897 futura.
2714 1842 2769 1898 Si
2798 1846 2959 1912 enim,
2983 1861 3104 1901 cmn
3136 1846 3337 1903 inimici
3375 1857 3464 1900 esi

1888 1944 2030 1999 sent,
2058 1933 2293 1988 servavit
2317 1947 2433 1996 eos,
2463 1934 2632 1990 multo
2667 1936 2839 2006 magis
2873 1951 3016 1992 nunc
3044 1934 3301 1991 Satanam
3333 1951 3463 1991 con-

1889 2035 2045 2080 teret.
2070 2022 2205 2078 Vide
2235 2033 2414 2079 autem
2438 2025 2579 2094 quod
2613 2040 2786 2096 neque
2817 2041 2979 2097 opera
3033 2028 3150 2082 sine
3193 2027 3460 2093 oratione,

1888 2130 2059 2186 neque
2088 2115 2390 2170 orationem
2438 2116 2555 2171 sine
2609 2119 2864 2187 operibus
2918 2120 3090 2189 ponit.
3136 2117 3269 2174 Cum
3317 2119 3461 2175 enim

1888 2206 2250 2262 obedientiam
2282 2208 2360 2262 eis
2377 2208 2567 2264 adesse
2591 2218 2816 2265 testatus
2831 2220 2994 2276 esset,
3024 2209 3223 2282 adjecit
3242 2220 3459 2266 votum:

1889 2298 2238 2356 subindicau‘s
2266 2317 2366 2359 nos
2399 2319 2506 2359 non
2534 2302 2707 2358 solum
2736 2303 2889 2369 olim,
2920 2319 3106 2360 verum
3129 2304 3295 2360 etiam
3323 2318 3464 2359 nunc

1889 2389 1988 2443 etsi
2022 2388 2226 2458 probati
2253 2391 2444 2458 simus,
2478 2393 2719 2462 indigere
2747 2393 2838 2448 Dei
2868 2395 3067 2462 gratia.

1960 2479 2123 2536 Vens.
2148 2481 2238 2537 2f.
2267 2501 2287 2536 ι
2317 2480 2636 2540 Salutatvos
2666 2482 2981 2540 Timotheus
3007 2485 3220 2557 adjutor
3250 2502 3455 2543 meus.»

1890 2571 2293 2642 Cooperabatur
2327 2575 2470 2631 enim
2509 2576 2605 2644 ipsi
2632 2577 2684 2630 iu
2726 2575 3035 2647 Evangelia.
3060 2577 3250 2649 lugens
3280 2587 3460 2636 autem

1891 2665 2197 2720 encomium
2231 2676 2338 2729 est.
2368 2670 2554 2722 eadem
2578 2683 2699 2723 cum
2736 2668 2903 2725 Paulo
2935 2670 3181 2740 operari.

1969 2774 1989 2810 ι
2021 2757 2085 2813 Et
2118 2756 2338 2826 Lucius,
2362 2771 2416 2815 et
2437 2758 2626 2828 lason,
2649 2770 2704 2817 et
2725 2759 3020 2832 Sosipater,
3042 2764 3257 2835 cognati
3280 2765 3406 2822 mei.
3439 2785 3459 2820 ι

1891 2847 2057 2906 lason
2102 2851 2209 2908 iste
2243 2852 2294 2907 in
2327 2853 2694 2922 apostolorum
2725 2855 2875 2912 Actis
2906 2856 3232 2928 celebratur,
3279 2870 3337 2914 ut
3370 2863 3464 2931 qui

1897 2940 2191 3000 fortissime
2214 2953 2455 3000 extrema
2484 2945 2648 3003 etiam
2681 2947 2921 3018 pericula
2950 2948 3198 3006 subierit.
3240 2950 3463 3024 Cognati

1898 3045 2099 3103 autem,
2127 3051 2234 3092 non
2269 3038 2440 3094 solum
2484 3041 2775 3096 secundum
2802 3056 3045 3110 carnem,
3079 3059 3289 3113 verum,
3319 3046 3464 3117 quod

215 3145 534 3199 εὐσέϐειαν.
567 3142 633 3197 Ei
667 3142 742 3214 μὴ
770 3140 879 3214 γὰρ
921 3138 1154 3194 τοιοῦτοι
1184 3132 1325 3210 ἦσαν
1326 3176 1357 3213 ⁸,
1391 3134 1494 3189 οὐκ
1517 3133 1584 3187 ἂν
1617 3130 1791 3187 αὐτῶν

1911 3129 2071 3185 multo
2104 3130 2279 3199 majus
2304 3139 2409 3198 est,
2444 3133 2736 3188 secundum
2763 3135 3038 3204 pietatem.
3081 3136 3143 3192 Ni
3167 3137 3309 3194 enim
3331 3139 3467 3197 tales

213 3239 733 3395 ἐμέήῗὲἓπὰζομαι
776 3322 920 3393 ὑμᾶς
955 3319 1066 3387 ἐγὼ
1115 3318 1362 3389 Τέρτιος,
1398 3317 1427 3370 6
1454 3315 1673 3388 γράψας
1699 3314 1798 3387 τὴν

227 3418 586 3488 Ἐπιστολὴν.
621 3434 641 3468 ι
670 3416 854 3484 Μέγα,
900 3414 961 3467 τὸ
1008 3410 1332 3482 ὐπογριφέα
1369 3403 1509 3463 εῐναι
1561 3407 1796 3463 Παύλου.

223 3512 410 3566 Τοῦτο
446 3511 506 3565 δὲ
538 3510 765 3583 γρᾶιῖει,
791 3509 892 3580 οὐχ
931 3509 1020 3562 ἵνα
1071 3506 1264 3561 ἐαυτὸν
1301 3503 1647 3577 ἐγκωμιάσῃ,
1684 3499 1798 3556 ἀλλ’

221 3607 320 3659 ἵνα
341 3604 506 3657 πλέον
542 3602 804 3672 ἀγαπηθῇ
858 3601 952 3654 ὐπ’
974 3600 1177 3667 αὐτῶν,
1209 3599 1283 3663 ὡς
1333 3597 1660 3667 διακονήσας
1687 3595 1801 3659 τοῖς

224 3699 369 3771 πρὸς
405 3698 604 3761 αὐτοὺς
629 3696 975 3767 γράμμασιν.

309 3898 328 3931 ι
368 3877 702 3943 Ἀσπάζεται
754 3874 901 3947 ὑμᾶς
955 3874 1138 3936 Γάϊος,
1160 3871 1188 3922 6
1217 3870 1365 3935 ξένος
1418 3885 1546 3938 μου,
1576 3865 1800 3937 καὶτῆς

238 3970 575 4042 Ἐκκλησίας
617 3969 766 4038 ὅλης.
797 3985 816 4019 ι
848 3965 1141 4020 Τουτέστιν
1173 3966 1215 3997 ’⁸
1267 3964 1296 4015 6
1329 3961 1478 4027 ξένος
1525 3975 1647 4030 μου.
1693 3958 1802 4011 Καὶ

230 4064 402 4127 πολὺς
431 4063 461 4115 6
495 4062 739 4125 ἐπαινοςς
762 4060 844 4113 ὅτι
874 4060 1055 4111 πᾶσαν
1080 4056 1182 4127 τὴν
1213 4051 1545 4124 Ἐκκλησίαν
1573 4050 1798 4116 ἐξένιζε,

232 4157 327 4212 καὶ
356 4154 574 4209 Παῦλον
605 4152 769 4207 αὐτόν
790 4167 804 4182 ⁸
835 4150 893 4213 ὃς
933 4150 1034 4202 οὐκ
1078 4149 1145 4202 ἂν
1192 4145 1323 4220 παρ’
1357 4143 1507 4215 αὐτῷ
1531 4142 1799 4211 ἐξενίσθη,

230 4251 280 4302 εἰ
311 4247 389 4320 μὴ
419 4247 571 4313 ἄξιον
596 4239 776 4317 εὗρεν.

298 4450 318 4483 ι
342 4428 683 4494 Ἀσπάζεται
714 4425 859 4496 ὑμᾶς
897 4424 1186 4495 Ἔραστος,
1210 4423 1238 4475 6
1269 4418 1549 4490 οἰκονόμος
1573 4418 1672 4487 τῆς
1700 4413 1801 4467 πό-

1901 3218 2155 3288 fuissent,
2189 3221 2389 3277 nullam
2419 3237 2606 3280 eorum
2640 3224 2857 3282 fecisset
2885 3229 3232 3285 mentionem.

1975 3311 2139 3367 Vens.
2169 3312 2258 3368 22.
2299 3333 2318 3366 ‹
2361 3313 2547 3369 Saluto
2581 3330 2678 3371 vos
2706 3331 2806 3388 ego
2838 3316 3079 3385 Tertius,
3129 3322 3221 3391 qui
3270 3323 3465 3395 scripsi

1900 3404 2177 3475 cp’stolam
2202 3406 2358 3463 hanc.
2389 3424 2410 3459 ι
2435 3406 2683 3479 Magnum
2719 3419 2969 3484 saqeest,
2993 3413 3100 3468 divi
3139 3414 3291 3474 Pauli
3312 3431 3465 3471 ama-

1901 3506 2162 3547 nuenscm
2198 3508 2338 3549 esse.
2365 3494 2477 3550 Hoc
2511 3504 2689 3552 autem
2732 3499 2944 3565 scribit,
2982 3516 3088 3556 non
3140 3513 3199 3559 ut
3226 3506 3463 3576 seipsum

1902 3585 2263 3651 commendet,
2300 3595 2553 3643 caeterum
2585 3599 2643 3644 ut
2672 3591 2861 3660 majori
2889 3593 3175 3650 dilectione
3216 3597 3286 3652 ab
3334 3598 3467 3669 ipsis

1902 3673 2183 3741 afficiatur,
2219 3686 2279 3730 nt
2317 3678 2408 3746 qui
2448 3692 2667 3748 operam
2720 3695 2873 3737 suam
2918 3683 3242 3754 impenderit
3272 3686 3466 3746 litteris

1902 3766 1968 3821 ad
2001 3768 2143 3835 ipsos
2167 3768 2487 3825 scribendis.
3238 3776 3241 3781 ⁴

1977 3856 2138 3912 Vens.
2171 3859 2261 3915 25.
2292 3877 2311 3913 ι
2351 3859 2561 3918 Salutat
2597 3878 2691 3922 vos
2736 3865 2906 3925 Gaius
2959 3869 3158 3942 hospes
3187 3886 3358 3940 meus,
3399 3889 3466 3931 ac

1905 3950 2073 4005 totius
2098 3949 2371 4008 Ecclesiae.
2410 3971 2430 4006 ι
2463 3952 2574 4011 Hoc
2597 3966 2702 4023 est,
2734 3958 2828 4028 qui
2867 3974 2953 4015 me
2983 3961 3217 4032 hospitio
3237 3967 3465 4038 excepit.

1906 4040 2198 4098 Plurimum
2244 4060 2405 4115 porro
2429 4046 2602 4103 laudis
2634 4060 2739 4117 est,
2767 4054 2909 4122 quod
2961 4060 3128 4111 totam
3171 4056 3467 4115 Ecclesium

1906 4131 2138 4204 hospitio
2160 4139 2450 4207 exceperit.
2476 4140 2716 4212 adeoque
2755 4144 2926 4213 ipsum
2959 4144 3217 4215 Paulum;
3242 4149 3333 4220 qui
3364 4164 3468 4205 non

1905 4227 2047 4295 apud
2081 4227 2228 4282 illurn
2269 4228 2599 4300 divertisset,
2633 4235 2736 4292 nisi
2769 4251 2891 4292 eum
2946 4237 3165 4310 dignum
3228 4242 3470 4299 iuvenis-

1904 4329 2006 4374 εει.

1982 4412 2144 4485 118
2195 4432 2215 4467 ‹
2241 4414 2450 4472 Salutat
2480 4432 2576 4473 vos
2602 4418 2847 4488 Erastus,
2881 4435 3196 4479 teconomus
3219 4425 3391 4492 urbis,
3419 4437 3477 4482 et

232 4481 407 4589 15mg:
419 4481 520 4578 mi
538 4481 819 4589 Κούαρτος
898 4481 1200 4584 ἀδελφός.-.»
1227 4481 1463 4566 Τουτέστ
1472 4528 1519 4564 ιν
1553 4513 1582 4562 6
1604 4481 1791 4579 προνο-

1911 4481 2141 4569 (ξιιοᾶιῆ
2171 4502 2357 4562 frater.
2395 4523 2415 4558 ι
2444 4504 2554 4570 Hoc
2587 4518 2689 4572 est,
2718 4481 3032 4580 prospector
3054 4522 3108 4569 et
3144 4481 3477 4586 gubernator

234 4614 391 4686 ητὴς,
420 4613 451 4666 6
480 4608 761 4681 διοικητὴς
813 4606 914 4677 τῆς
950 4605 1161 4667 πόλεως
1206 4600 1506 4673 Κορίνθου·
1542 4598 1631 4653 ἵνα
1659 4595 1802 4668 γνῷς

232 4709 310 4761 ὅτι
339 4707 404 4760 οὐ
437 4702 692 4769 πλοῦτος,
725 4703 826 4756 οὐκ
853 4698 1071 4769 ἀξίωμα
1110 4695 1311 4751 κωλύει
1350 4694 1473 4748 τινὰ
1518 4692 1657 4765 πρὸς
1715 4691 1805 4744 πί-

235 4817 353 4855 στιν
383 4799 420 4871 ἦ
448 4795 729 4850 πολιτείαν
754 4795 947 4865 ὀρθήν.

306 4912 327 4945 ι
372 4891 441 4945 Ἦ
489 4889 655 4962 χάρις
707 4888 803 4941 τοῦ
854 4885 1065 4957 Κυρίου
1118 4881 1279 4954 ἡμῶν
1342 4877 1521 4951 Ἰησοῦ
1567 4873 1806 4948 Χριστοῦ

241 4981 380 5053 μετὰ
438 4980 660 5034 πάντων
701 4976 882 5048 ὑμῶν.
928 4974 1125 5045 Ἀμήν.
1161 4993 1180 5024 ι
1215 4969 1325 5025 Καὶ
1374 4970 1469 5023 τὸν
1531 4965 1802 5036 θεμέλιον,

240 5075 356 5144 ητοι
385 5071 488 5141 τὴν
536 5068 712 5139 ἀρχὴν
766 5068 864 5137 τῆς
904 5061 1248 5133 Ἐπιστολῆς,
1281 5059 1534 5115 ἐντεῦθεν
1565 5054 1803 5110 κατεϐἁσ

242 5165 383 5230 λετο,
415 5160 609 5216 εἰπών·
648 5178 668 5212 ι
698 5160 872 5231 Χάρις
899 5158 1028 5229 ὑμῖν
1058 5157 1155 5210 καὶ
1179 5156 1430 5225 εἰρήνη·›
1468 5151 1563 5205 καὶ
1585 5148 1675 5202 τὸν
1692 5147 1815 5219 ὅρου

246 5274 341 5326 ερον
370 5256 489 5322 νῦν,
518 5254 640 5326 ἤτοι
659 5252 720 5306 τὸ
740 5251 916 5316 τέλος,
940 5252 1004 5302 ἐκ
1032 5246 1238 5318 ταύτης
1275 5244 1608 5315 ἐπιτίθησιν,
1640 5242 1810 5294 ἐπευ-

246 5347 472 5417 χύμενος
531 5344 635 5415 τὴν
681 5343 844 5413 χάριν
895 5340 990 5393 τοῦ
1021 5338 1158 5393 Θεοῦ
1188 5338 1279 5391 ἀεὶ
1317 5337 1500 5399 αὐτοῖς
1551 5333 1812 5404 παρεῖναι

251 5440 380 5495 πᾶσι
434 5438 609 5492 Τσῦτο
635 5437 745 5508 γὰρ
795 5434 1147 5497 διδασκάλου,
1178 5431 1239 5486 τὸ
1287 5430 1363 5502 μὴ
1413 5428 1576 5501 μόνον
1636 5426 1805 5496 λόγῳ,

251 5530 380 5585 ἀλλὰ
403 5532 499 5585 καὶ
539 5531 675 5599 εὐχῇ
714 5526 949 5597 ὠφελεῖν
977 5526 1104 5588 τούς
1136 5522 1403 5595 μαθητάς.
1444 5520 1535 5576 Διδ
1564 5521 1660 5574 καὶ
1692 5518 1809 5573 ἕλε-

316 5636 344 5678 ¹ι
370 5638 495 5697 Act.
516 5655 593 5706 vi,
637 5639 692 5695 ὁ.

1902 4593 2052 4648 urbis
2073 4594 2318 4651 Corinthi
2344 4614 2359 4652 :
2393 4605 2451 4654 ut
2477 4598 2894 4669 animadvertas,
2920 4616 3099 4675 neque
3127 4621 3277 4676 opes,
3302 4623 3474 4679 neque

1905 4685 2218 4755 dignitatem
2253 4690 2559 4760 quempiam
2594 4706 2779 4748 arcere
2809 4708 2840 4748 a
2872 4693 2977 4750 fide
2999 4695 3080 4751 vel
3111 4710 3140 4752 a
3168 4709 3312 4754 recta
3342 4701 3473 4755 vita.

1983 4866 2150 4925 Vens.
2179 4870 2273 4927 24.
2317 4888 2337 4923 ι
2381 4869 2567 4928 Gratia
2621 4875 2829 4931 Domini
2875 4879 3047 4935 nostri
3100 4879 3228 4937 Iesu
3275 4881 3473 4940 Christi

1913 4975 2039 5016 cum
2082 4962 2331 5016 omnibus
2383 4963 2552 5020 vobis.
2596 4965 2789 5020 Amen.
2827 4986 2846 5017 ι
2893 4966 3316 5028 Fundamentum
3358 4974 3475 5030 sive

1913 5052 2234 5123 principium
2254 5052 2507 5125 Epistola:
2537 5057 2660 5111 inde
2677 5072 2833 5114 orsus
2864 5068 2970 5127 est,
2995 5061 3260 5132 inquiens,
3290 5081 3309 5116 ι
3341 5062 3478 5120 Gra-

1912 5147 1981 5200 tia
2012 5146 2165 5201 vobis
2197 5155 2253 5201 et
2285 5160 2423 5216 pax:
2461 5165 2480 5198 ι
2516 5157 2676 5217 atque
2720 5149 3013 5206 etiamnum
3065 5153 3336 5225 fastigium
3380 5170 3474 5211 seu

1912 5237 2071 5295 ﬁnem
2095 5254 2159 5293 ex
2180 5239 2293 5308 ipsa
2325 5239 2814 5312 imponit,gratiam
2838 5244 2926 5300 Dei
2960 5246 3174 5301 cunctis
3206 5262 3476 5319 nunquam

1911 5345 2015 5384 non
2070 5330 2259 5385 adesse
2295 5345 2668 5402 comprecans.
2744 5333 2857 5391 Hoc
2918 5337 3067 5391 enim
3116 5337 3347 5394 ofﬁcium
3395 5353 3480 5397 est

1908 5420 2276 5493 praeceptoris,
2297 5438 2406 5478 non
2438 5424 2602 5480 verbo
2629 5425 2827 5493 solum,
2868 5442 3053 5484 verum
3075 5428 3238 5484 etiam
3273 5433 3477 5490 oratio-

1905 5528 1976 5571 ne
1998 5513 2255 5584 prodesse
2293 5512 2586 5586 discipulis.
2630 5515 2916 5587 Propterea
2950 5517 3202 5577 dicebant
3239 5536 3258 5579 :
3291 5538 3313 5577 ι
3371 5521 3479 5579 Nos

1547 5702 1745 5767 Varia
1774 5706 2099 5771 lectiones.

320 5811 367 5845 ’⁸
411 5809 789 5880 ἐγκέκλεισται
828 5825 881 5865 o.
956 5812 999 5845 ⁹¹
1060 5811 1145 5865 Iv.
1182 5808 1456 5877 ξενοδόχος
1487 5822 1540 5861 ο.
