3874 6578
175 458 279 525 531
821 461 1226 523 EXPOSITIO
1258 463 1340 524 IN
1374 460 1670 523 EPISTJ
1712 460 1784 521 Al

1889 456 2015 521 ΟΒ.
2052 478 2121 493 -·-
2154 454 2717 517 ARGUMENTUM.
3336 441 3453 507 »5εὲ

173 594 376 647 «pata
405 575 560 635 εἶναι
594 579 663 634 ἐν
701 578 1050 648 Ἐκκλησία,
1076 579 1258 634 τοῦτο
1289 579 1358 633 δὲ
1384 579 1506 634 ἀπὸ
1535 581 1773 648 ὑψηλο-

1887 575 1973 629 bus
2002 573 2181 644 majus
2232 583 2368 640 erat,
2419 572 2774 627 dissensiones
2823 576 2870 623 et
2905 574 3073 620 sectas
3118 584 3230 624 esse
3256 570 3311 623 in
3347 565 3453 622 Ec-

173 672 499 739 φροσύνης
535 671 835 727 ἐτίκτετοο
870 669 987 740 τὴν
1033 672 1571 740 ῠψηλορροσύνην
1609 671 1765 739 πρώ-

1887 665 2053 728 :lesia,
2088 666 2170 721 hat
2199 680 2319 720 vero
2352 679 2418 718 ea:
2457 664 2600 729 {astu
2634 679 2814 717 eorum
2857 663 3230 729 nascebantur,
3256 660 3456 731 fastum

173 780 288 831 την
320 764 557 833 ἀναιρεῖ
575 766 657 798 ’⁸ο
686 766 759 829 ἐν
788 764 1038 833 fatim"
1070 762 1180 833 γὰρ
1216 766 1566 835 ὑψηλότερα
1596 761 1765 819 διδὰο

1887 759 2032 810 ’τιιιηι
2063 764 2221 827 atque
2239 755 2374 809 adeo
2402 756 2767 825 arrogantiam
2789 755 3017 825 primum
3042 771 3070 809 e
3098 755 3268 809 medio
3291 752 3454 809 tallit.

174 868 357 908 σκειν
382 852 598 921 ᾤοντο.
626 857 723 912 Διὸ
762 856 863 911 καὶ
898 856 1096 923 οὕτως
1120 854 1386 925 ἄρχεται.

1887 847 1957 901 Ex
1988 863 2051 902 ea
2100 848 2265 912 enim,
2307 846 2620 916 arrogantia
2669 847 2811 912 dico,
2863 846 3062 901 altiora
3109 863 3221 902 sese
3271 846 3458 903 docere

1870 938 2276 995 arbitrabantur
2304 955 2324 994 :
2355 957 2473 996 eam
2530 941 2592 994 ob
2644 955 2755 996 rem
2799 950 2847 996 et
2897 941 3035 996 hanc
3079 941 3148 995 ad
3200 940 3454 995 rationem

1868 1029 2084 1085 initium
2120 1030 2286 1088 ducit.

895 1330 1250 1398 EIUSDEM
1297 1329 1712 1393 EPISTOLIE
1752 1331 2327 1396 ARGUMENTUM
2368 1332 2783 1416 ALTERUM.

1370 1492 1375 1495 <
1484 1473 1558 1524 Ex
1591 1472 1762 1524 codice
1796 1473 2163 1530 Arundeliano.

2639 1593 2663 1627 Ι

188 1647 513 1725 ’Υπόθεσις
556 1654 670 1725 τῆς
727 1650 880 1722 πρὸς
921 1650 1270 1730 Κορινθίους
1329 1645 1569 1719 πρώτης
1609 1648 1773 1702 Ἐπι-

1994 1648 2380 1722 Argumentum
2418 1649 2677 1722 Epistolis
2702 1653 2888 1724 prima
2912 1657 2982 1712 ad
3010 1654 3339 1716 Corinthios.

863 1726 1117 1790 στολῆς.

258 1842 330 1896 Ἠ
375 1841 670 1911 Κόρινθος
719 1836 852 1892 ἔστι
902 1836 1021 1905 μὲν
1074 1834 1252 1901 πόλις
1296 1832 1408 1903 τῆς
1452 1832 1772 1899 Ἑλλάδος·

179 1930 373 2000 ἐκόμα
392 1930 465 1985 δὲ
492 1927 824 1998 τηνικαῦτα
851 1925 1116 1990 πλούτῳ,
1149 1925 1248 1981 καὶ
1274 1926 1482 1995 σοφίᾳ,
1507 1924 1606 1980 καὶ
1624 1927 1778 1981 πολ-

178 2023 316 2090 λοῖς
384 2024 607 2087 ἄλλοις
674 2017 1147 2089 προτερήμασιν.
1196 2018 1294 2071 Ἐν
1346 2018 1539 2089 ταύτῃ
1574 2016 1779 2072 πολλὰ

179 2119 499 2173 πέπονθεν
532 2120 563 2172 d
596 2114 863 2182 Παῦλος.
900 2116 999 2169 Ἐν
1026 2114 1215 2183 ταύτῃ
1235 2113 1345 2184 γὰρ
1375 2113 1541 2179 αὐτῷ
1563 2113 1779 2191 φανεὶς

180 2206 213 2257 ὁ
234 2203 523 2272 Χριστὸς,
551 2222 571 2256 ι
606 2202 702 2271 Μὴ
722 2201 1011 2272 σιγήσῃς,
1041 2220 1060 2255 s
1095 2203 1311 2272 φησὶν,
1353 2221 1371 2253 ι
1396 2202 1565 2257 ἀλλὰ
1584 2202 1777 2267 λάλει,

179 2296 339 2350 διότι
383 2297 540 2364 λαός
572 2314 675 2365 μοι
702 2296 900 2362 πολύς
929 2294 1104 2350 ἐστιν
1133 2295 1203 2349 ἐν
1228 2293 1303 2364 τῇ
1327 2295 1503 2349 πόλει
1531 2295 1773 2363 ταύτῃ.»

188 2390 317 2457 Τὴν
340 2388 496 2459 γοῦν
523 2389 678 2444 οὕτω
711 2387 990 2460 μεγάλην
1025 2387 1123 2442 καὶ
1158 2387 1644 2459 πολυάνθρωπον
1674 2388 1783 2442 πό-

180 2486 288 2537 λιν
313 2482 464 2536 ίδὼν
485 2485 519 2537 ό
536 2480 818 2548 διάϐολος
836 2480 949 2549 τῆς
985 2480 1271 2550 ἀληθείας
1309 2480 1779 2551 ἐπειλημμένην,

181 2573 412 2641 διαιρεῖ
433 2572 575 2639 τοὺς
605 2571 984 2642 ἀνθρώπους·
1017 2572 1117 2626 ual
1154 2574 1208 2627 οί
1250 2570 1371 2641 μὲν
1426 2573 1777 2642 αὐτοχειρο·

184 2665 447 2733 τόνητοι
480 2662 838 2720 διδάσκαλοι
891 2664 1178 2735 γεγόνασι
1197 2680 1211 2694 ·
1244 2662 1354 2719 τοῦ
1392 2662 1462 2718 δὲ
1501 2664 1783 2732 πλήθους

182 2762 237 2814 cl
286 2758 415 2828 μὲν
468 2759 703 2826 τούτοις
747 2758 1038 2828 ἐφοίτων,
1081 2753 1179 2813 οἷα
1228 2756 1641 2828 σοφωτέροις,
1680 2758 1776 2813 καὶ

184 2852 390 2908 πλέον
437 2870 490 2907 τι
522 2851 628 2907 τοῦ
677 2854 929 2908 Παύλου
999 2851 1317 2907 διδάσκειν
1370 2852 1734 2923 δυναμένοις
1765 2868 1778 2883 ’

183 2948 237 3001 ol
282 2946 363 2999 δὲ
386 2946 668 3014 ἐκείνοις,
715 2946 819 3002 ἅτε
876 2946 1371 3015 πλουσιωτέροις,
1426 2946 1525 3000 καὶ
1578 2942 1784 3017 μεῖζον

182 3038 451 3093 ἐκείνων
469 3037 828 3108 δυναμένοις
863 3039 950 3103 εις
973 3040 1380 3108 προστασίαν.
1423 3040 1531 3094 Kal
1591 3040 1782 3104 οὕτως

186 3132 828 3202 ἀντιφιλοτιμούμενοι
896 3131 1134 3187 διεῖπον
1196 3132 1315 3200 τὴν
1388 3133 1780 3198 Ἐκκλησίαν.

190 3226 310 3277 Ἢν
361 3222 485 3293 μὲν
531 3218 651 3279 οὖν
715 3224 896 3278 τοῦτο
942 3225 1235 3292 χαλεπόν.
1280 3225 1531 3294 ’Ἐτερον
1571 3225 1659 3288 δὲ,
1693 3226 1783 3280 ὅτι

187 3316 648 3385 συγγενόμενός
688 3333 778 3383 τις
828 3316 905 3385 τῇ
946 3317 1166 3372 ἑαυτοῦ
1215 3316 1503 3388 μητρυιᾷ,
1550 3321 1623 3373 οὐ
1677 3320 1786 3389 μό*

192 3423 315 3461 νον
383 3409 496 3462 οὐκ
563 3407 891 3477 ἐπετιμήθη
941 3410 1104 3477 παρὰ
1173 3407 1293 3462 τῶν
1341 3410 1570 3474 ἄλλων,
1622 3411 1701 3466 ἀλ
1718 3411 1784 3465 Ns

193 3499 707 3571 ιιαϊώχλαγιώγει,
779 3501 880 3557 καὶ
933 3502 1206 3571 tisana-cito
1261 3502 1361 3556 ἐπὶ
1397 3502 1471 3570 τῇ
1525 3504 1643 3569 ἔξω
1667 3519 1783 3560 σου

198 3593 334 3661 φίᾳ.
406 3590 514 3644 Kal
568 3590 724 3646 ἄλλο
752 3590 819 3645 δὲ
850 3590 1057 3653 πάλιν,
1088 3590 1177 3645 ὄτι
1206 3589 1325 3644 τῶν
1353 3590 1539 3659 δῆθεν
1561 3597 1785 3647 τελειο-

194 3681 390 3758 τέρων
418 3682 580 3747 τινὲς
607 3683 728 3737 ἀπὸ
769 3683 1244 3753 γαστριμαργίας
1282 3682 1501 3750 ἤσθιον
1539 3686 1784 3740 είδωλό-

197 3777 372 3839 θυτα,
396 3774 496 3827 καὶ
523 3773 596 3828 ἐν
616 3777 741 3841 τοῖς
770 3774 953 3844 ιεροῖς
976 3759 1494 3844 κατακλινόμενοι,
1514 3776 1788 3844 πολλοὺς

196 3866 532 3921 ἔϐλαπτον.
566 3866 679 3922 Kal
725 3868 905 3923 ἄλλοι
938 3867 1007 3922 δὲ
1040 3868 1373 3939 μαχόμενοι
1413 3868 1566 3938 πρὸς
1595 3871 1788 3940 ιὶλλή·

196 3962 354 4026 λους
378 3959 533 4029 ὑπὲρ
561 3959 902 4030 χρημάτων,
932 3962 1094 4031 παρὰ
1122 3960 1246 4028 τοῖς
1265 3961 1382 4026 ἔξω
1410 3960 1518 4030 τῆς
1546 3963 1790 4031 Ἑκκληυ

201 4050 347 4117 σίας
397 4049 759 4113 ἐδικάζοντο.
823 4051 932 4110 Kal
994 4051 1185 4121 ἕτεροι
1234 4051 1303 4104 δὲ
1360 4054 1490 4106 καθ’
1535 4052 1790 4120 ἑαυτοὺς

1949 1832 2239 1888 Corinthus
2272 1844 2351 1890 est
2395 1835 2519 1892 urbs
2561 1834 2788 1893 Gracia:
2823 1855 2844 1895 :
2877 1856 2997 1911 qua:
3040 1850 3166 1896 tunc
3215 1843 3461 1911 temporis

1878 1925 2103 1996 Opibus,
2147 1928 2452 1998 sapientia,
2493 1929 2779 1997 multisque
2810 1929 2935 1986 aliis
2979 1932 3168 2001 quibus
3218 1933 3459 1999 eminuit,

1877 2018 2233 2087 superbiebat.
2269 2017 2338 2074 Ιιι
2381 2020 2484 2075 ista
2530 2020 2733 2076 Paulus
2776 2022 2947 2077 multa
2988 2039 3177 2093 passus
3221 2034 3319 2081 est.
3358 2025 3464 2079 llic

1877 2111 2017 2164 enim
2056 2113 2353 2182 comparuit
2387 2112 2470 2168 illi
2514 2112 2798 2181 Christus,
2835 2133 2855 2168 s
2894 2112 3025 2170 Noli
3068 2126 3262 2182 tacere,
3313 2135 3334 2170 ι
3379 2118 3468 2171 in-

1877 2202 2084 2271 quiens,
2135 2220 2155 2255 ι
2214 2204 2304 2259 sed
2355 2204 2586 2275 loquere,
2636 2209 2886 2277 quoniam
2930 2208 3157 2279 populus
3208 2219 3290 2267 est
3334 2211 3465 2266 mihi

1880 2294 2080 2347 multus
2115 2294 2171 2348 in
2197 2295 2297 2352 hac
2327 2296 2540 2353 ciuitate
2570 2309 2621 2356 ιι.
2652 2316 2670 2350 s
2709 2296 2968 2355 Diabolus
2992 2300 3171 2370 itaque
3198 2302 3464 2356 civitatem

1879 2391 1988 2435 tam
2023 2400 2272 2455 magnam
2302 2395 2351 2441 et
2375 2385 2698 2457 frequentem
2735 2387 2950 2455 incolis,
2979 2389 3252 2444 veritatem
3282 2407 3469 2460 appre-
3562 2388 3567 2391 “

1880 2475 2120 2533 hendisse
2152 2478 2504 2548 conspicatus.
2541 2478 2806 2535 dividebat
2844 2479 3107 2549 homines,
3149 2493 3305 2553 atque
3328 2483 3472 2539 inter

1879 2585 1967 2624 eos
1999 2568 2095 2623 alii
2125 2567 2332 2639 quidem
2366 2584 2462 2624 suo
2493 2570 2729 2638 ipsorum
2757 2570 3015 2643 suﬁ'ragio
3034 2572 3280 2629 doctores
3310 2572 3469 2629 electi

1879 2672 2001 2716 sunt
2026 2676 2045 2715 :
2077 2676 2105 2716 ε
2140 2660 2481 2716 multitudine
2513 2678 2655 2726 vero.
2695 2662 2792 2717 alii
2826 2664 2919 2719 hos
2964 2672 3216 2737 tanquam
3261 2667 3472 2739 sapien-

1885 2753 2046 2807 tiores
2078 2761 2128 2807 et
2159 2753 2214 2805 in
2245 2753 2469 2817 docendi
2503 2770 2719 2809 munere
2761 2752 2935 2812 Paulo
2968 2757 3301 2828 aliquantum
3331 2776 3472 2832 prte-

1863 2845 2169 2905 ‘stantiores
2195 2846 2579 2912 sectabantur;
2613 2848 2711 2903 alii
2747 2854 2865 2905 vero
2905 2850 3049 2917 illos,
3081 2868 3183 2907 ceu
3217 2852 3463 2918 ditiores,

1887 2950 1936 2995 et
1969 2941 2060 3010 qui
2090 2942 2142 2995 in
2166 2940 2509 3011 gubernando
2529 2941 2647 3009 plus
2674 2941 2783 2996 illis
2807 2942 3019 3013 efﬁcere
3041 2954 3275 3015 possent.
3302 2945 3473 3016 Atque

1888 3035 1963 3088 ita
1992 3035 2130 3088 inter
2169 3050 2225 3089 se
2271 3034 2494 3089 inuicem
2530 3036 2934 3104 contendentes,
2973 3036 3262 3094 Ecclesium
3298 3041 3473 3095 admi-

1888 3128 2207 3181 nistrabant.
2259 3127 2428 3196 Atque
2475 3128 2616 3182 istud
2667 3145 2798 3184 sane
2840 3145 2870 3185 e
2915 3132 3074 3185 malis
3121 3149 3283 3187 unum
3329 3144 3467 3188 erat.

1886 3218 2123 3273 Altetum
2154 3235 2294 3284 vero,
2334 3219 2473 3289 quod
2512 3219 2730 3290 quidam
2777 3237 2895 3276 cum
2932 3231 3294 3279 noverca'sua
3341 3240 3473 3279 con-

1886 3326 2120 3380 gressus,
2162 3327 2267 3365 non
2320 3311 2494 3364 solum
2543 3310 2606 3364 ab
2657 3310 2771 3366 illis
2823 3328 2927 3367 non
2973 3314 3470 3382 reprehendebatur,

1887 3418 2064 3457 verum
2103 3404 2266 3458 etiam
2300 3400 2693 3457 multitudinem
2727 3404 3061 3470 concitabat,
3101 3416 3259 3477 atque
3286 3407 3349 3461 ob
3379 3424 3475 3462 ex-

1890 3504 2091 3550 ternam
2123 3477 2438 3566 sapientiam
2474 3495 2646 3550 elatus
2675 3504 2812 3551 erat.
2856 3495 3021 3551 Aliud
3050 3513 3237 3553 rursus
3271 3500 3475 3555 malunt

1888 3595 2022 3652 erat,
2045 3587 2184 3655 quod
2210 3586 2548 3657 perfectiores
2577 3587 2796 3658 quidam
2827 3603 2890 3642 ea
2917 3604 3035 3659 qua:
3056 3588 3211 3644 idolis
3229 3590 3476 3645 immola-

1891 3676 2088 3731 bantur
2134 3692 2243 3746 pra:
2291 3676 2574 3747 gulositate
2622 3678 2984 3746 comedebant,
3035 3697 3099 3736 ac
3153 3683 3210 3737 in
3266 3682 3475 3752 templis

1891 3769 2276 3825 discumbentes
2300 3771 2493 3827 multos
2516 3770 2874 3841 o/feudebant.
2900 3771 3193 3840 Prwterea,
3216 3774 3313 3829 alii
3338 3776 3479 3830 inter

1891 3881 1947 3920 se
1971 3865 2037 3920 de
2071 3866 2314 3936 pecuniis
2350 3866 2756 3933 contendentes,
2792 3866 2934 3936 apud
2955 3865 3163 3938 judices
3187 3879 3339 3924 extra
3367 3867 3475 3924 Ec-

1892 3955 2107 4010 clesium
2138 3956 2452 4011 constitutos
2489 3955 2791 4027 litigabant.
2840 3957 3032 4024 l’orro,
3073 3959 3172 4013 alii
3196 3960 3252 4014 in
3290 3957 3478 4014 Eccle-

1866 4049 1988 4111 ,siis
2022 4048 2164 4118 apud
2211 4049 2407 4115 seipsos
2461 4049 2792 4104 comedentes
2837 4050 3190 4120 indigentibus
3224 4067 3329 4107 non
3370 4051 3479 4105 lar-

202 4143 514 4210 ic‘ﬂz’msc
540 4144 612 4198 ἐν
642 4144 767 4212 ταῖς
799 4144 1180 4214 ἐκκλησίαις,
1223 4143 1351 4212 τοῖς
1378 4144 1686 4215 δεομένοις
1717 4147 1784 4201 οὐ

1895 4143 2195 4213 giebantur.
2233 4141 2345 4197 Alii
2375 4151 2556 4196 autem
2586 4143 2864 4213 magniﬁce
2898 4143 2963 4198 de
2989 4144 3141 4199 donis
3177 4146 3481 4209 sentientes,

205 4234 622 4303 μετεδίδοσαν.
653 4237 870 4302 Ἀλλρι
896 4236 966 4289 δὲ
982 4235 1140 4307 μέγα
1166 4235 1538 4306 φρονοῦντες
1567 4239 1638 4293 έν
1664 4238 1784 4307 τοῖς

1896 4237 1996 4290 sibi
2053 4237 2271 4291 invicem
2332 4235 2750 4293 cumulabantur.
2813 4235 3012 4293 Adluec
3076 4238 3478 4293 rcsurrectionis

208 4327 556 4396 χαρίσμασι,
588 4328 757 4397 ιπρὸς
788 4328 1105 4397 ἀλλήλους
1146 4329 1575 4398 ἐζηλοτύπουν.
1609 4331 1720 4388 Kal
1759 4338 1784 4387 ό

1897 4328 2137 4383 doctrina
2165 4329 2308 4399 apud
2342 4329 2464 4384 illos
2492 4328 2853 4385 claudicabat.
2889 4328 3049 4384 Multi
3080 4331 3236 4384 etiam
3273 4340 3481 4386 comam

208 4415 334 4482 περὶ
386 4415 503 4486 τῆς
551 4416 949 4485 ἀναστάσεως
1001 4417 1072 4473 δὲ
1116 4421 1301 4488 λόγος
1364 4421 1668 4489 ἑχώλευεν
1722 4424 1784 4478 έν

1897 4423 2210 4490 nutrientes,
2243 4423 2548 4493 cynicorum
2578 4437 2725 4477 more
2746 4422 3117 4477 circumibant.
3142 4421 3481 4490 Scripserunt

207 4506 431 4572 αὐτοῖς.
489 4507 598 4562 Kal
663 4506 915 4578 κομῆται
980 4509 1051 4562 δὲ
1103 4508 1325 4565 πολλοὶ
1405 4513 1542 4581 παρ’
1585 4512 1784 4581 αὐτοῖς

1893 4517 2076 4587 itaque
2114 4515 2184 4569 ad
2225 4514 2534 4584 Apostolum
2559 4530 2652 4584 per
2687 4514 3010 4584 Stephanum
3047 4526 3095 4571 et
3125 4514 3476 4571 Fostunatum

211 4601 543 4669 περιῄεσαν
601 4602 755 4655 κατὰ
820 4601 965 4668 τοὺς
1034 4602 1328 4670 κυνικοὺς
1393 4607 1790 4676 φιλοσόφους.

215 4689 533 4760 Ἕτραψαν
569 4691 692 4760 μὲν
728 4689 843 4748 οὖν
880 4691 980 4748 διὰ
1031 4695 1311 4765 Στεφανᾶ
1351 4696 1450 4750 καὶ
1498 4700 1797 4767 Φουρτυυ-

212 4781 392 4838 νάτου
426 4782 532 4837 καὶ
578 4784 852 4854 Ἀχαϊκοῦ
900 4787 1051 4855 πρὸς
1101 4787 1212 4841 τὸν
1254 4788 1621 4845 Ἆπόστολον
1659 4792 1795 4861 περὶ

214 4875 403 4944 γάμου
468 4875 570 4933 καὶ
626 4878 959 4946 παρθενίας
984 4918 998 4944 ,
1057 4877 1259 4933 τᾶλλα
1326 4883 1797 4949 παραλιπόντες.

227 4966 593 5039 ’.ἀντιγράφει
658 4966 727 5023 δὲ
770 4970 996 5025 λοιπὸν
1040 4970 1247 5039 αὐτὸς,
1285 4975 1358 5027 οὐ
1399 4973 1598 5042 μόνον
1643 4974 1799 5045 ὑπὲρ

221 5051 304 5114 ὧν
359 5059 663 5131 ἔγραψαν,
693 5061 859 5117 ἀλλὰ
896 5062 997 5118 καὶ
1037 5064 1193 5131 ὑπὲρ
1227 5056 1317 5118 ὧν
1353 5065 1467 5120 οὐκ
1500 5064 1796 5143 ἔγραψαν,

1893 4620 1941 4665 et
1980 4609 2268 4663 Achaicum
2315 4609 2381 4663 de
2411 4608 2605 4678 nuptiis
2639 4606 2782 4683 etde
2811 4607 3076 4674 ctelibatu,
3105 4617 3299 4664 ctetera
3328 4609 3485 4687 omit-

1896 4709 2082 4755 tentes.
2130 4697 2372 4755 Tandem
2391 4709 2571 4753 autem
2604 4697 2717 4762 ipse
2765 4698 3030 4762 rescribit,
3063 4714 3165 4752 non
3200 4698 3266 4753 de
3310 4699 3374 4752 iis
3403 4714 3486 4752 so-

1897 4791 2006 4846 lum
2032 4806 2151 4862 quae
2192 4790 2273 4844 illi
2319 4791 2662 4858 scripserant,
2708 4789 2799 4843 sed
2837 4788 3000 4844 etiam
3038 4789 3103 4841 tle
3151 4788 3340 4858 quibus
3379 4804 3483 4842 non

1897 4884 2242 4953 scripserant,
2263 4889 2322 4935 ut
2356 4880 2446 4943 qui
2472 4880 2653 4934 omnia
2677 4888 2926 4934 accurate
2951 4878 3305 4935 intellexerat.
3336 4879 3483 4943 Quo-

1899 4977 2048 5031 niam
2079 4991 2199 5030 uero
2240 4975 2444 5030 caeteris
2483 4973 2726 5029 omnibus
2754 4974 3127 5044 granius‘erat
3169 4973 3310 5042 quod
3343 4972 3487 5028 schi-

1863 5110 1870 5118 .
1897 5077 2072 5123 smata
2102 5068 2158 5121 in
2191 5065 2429 5121 Ecclesia
2457 5066 2759 5137 gliscerent,
2784 5065 2930 5121 istud
2966 5078 3144 5122 autem
3175 5082 3203 5121 e
3238 5066 3485 5133 superbia

211 5151 408 5208 πάντα
447 5153 601 5224 μετὰ
649 5155 955 5224 ἀκριϐείας
983 5155 1205 5225 μαθών.
1239 5156 1405 5213 Ἐπεὶ
1445 5153 1562 5214 οὖν
1595 5160 1784 5241 μεῖζον

1901 5161 2194 5224 oriebatur,
2225 5158 2529 5228 superbiam
2562 5158 2824 5228 imprimis
2864 5159 3137 5229 deprimit.
3170 5155 3307 5213 Inde
3343 5161 3485 5214 enim

220 5246 459 5303 πάντων
486 5246 610 5303 τῶν
637 5247 846 5304 ἄλλων
879 5245 982 5321 ἦν,
1004 5248 1074 5304 τὸ
1110 5250 1425 5321 σχίσματα
1447 5246 1603 5308 εἶναι
1630 5253 1700 5309 ἐν
1720 5254 1784 5324 τῇ

1903 5255 2067 5311 altius
2086 5254 2345 5326 quiddam
2363 5269 2418 5309 se
2440 5252 2625 5309 docere
2646 5251 3020 5324 opinabantur.
3038 5249 3487 5321 Proptereahunc

233 5339 579 5411 Ἐκκλησία,
616 5341 794 5399 τοῦτο
831 5342 901 5397 δὲ
937 5342 1059 5400 ἀπὸ
1103 5345 1630 5416 ύιίηλοςρροσύνης
1676 5348 1784 5404 ἐτι

1902 5350 1960 5405 in
1991 5348 2206 5402 modum
2236 5347 2468 5403 orditur.

222 5450 387 5489 κτετο
410 5450 426 5468 ο
473 5436 591 5505 τὴν
637 5436 1172 5507 ὑψηλοφροσύνην
1212 5438 1456 5508 πρώτην
1494 5443 1796 5513 καθαιρεῖ·
1836 5447 1907 5503 ἐκ
1932 5446 2157 5515 ταύτης
2192 5445 2306 5515 γὰρ
2363 5441 2465 5500 και
2524 5441 2910 5512 ὑψηλότερον
2938 5437 3251 5494 διδάσκειν
3272 5436 3488 5504 ᾤοντο.

223 5525 317 5580 Διό
340 5528 437 5584 stal
457 5528 650 5597 οὕτως
677 5529 942 5600 ἄρχεται.

293 5698 317 5726 ι
342 5684 462 5742 Act.
494 5700 651 5749 svnt,
683 5686 737 5742 9.

1529 5812 1727 5876 Varia:
1758 5808 2096 5879 lectiones.

296 5934 338 5968 "
372 5933 628 6008 καθαιρεῖ
656 5951 729 5991 ω.
812 5937 853 5969 9³
884 5936 968 5992 ϊσ.
1012 5934 1077 5990 ἐκ
1109 5935 1309 6009 ταύτης
1343 5953 1395 5998 ο.
