3874 6576
243 342 365 415 ⁴5ις7

1176 359 1753 423 THEOPIIYLACTI
1784 362 2194 428 ΒυιθΑιιιεΕ
2232 369 2590 436 ARCHIEP.

3416 371 3530 437 568

259 476 637 531 continuatum
672 488 754 531 est
783 476 833 529 in
870 476 1042 532 vobis.
1076 495 1094 528 ι
1124 474 1197 518 -ὲ
1220 499 1238 531 ι
1269 480 1579 535 Secundum
1610 481 1775 551 quod,
1807 500 1826 533 ι

1938 484 2118 554 ὑμῖν.»
2153 486 2246 553 To,
2276 506 2299 557 ,ι
2324 488 2541 554 Καθὼς,
2566 508 2584 542 ι
2608 488 2727 543 ἀντὶ
2748 486 2861 550 τοῦ,
2893 486 2961 542 δι’
2982 479 3079 543 ὧν.
3108 485 3208 541 Διὰ
3226 484 3323 542 τοῦ
3338 486 3526 556 λόγου.

256 578 336 621 est
373 584 488 637 pro,
520 583 614 637 per
644 584 781 638 qum.
816 568 918 625 Per
939 571 1187 640 verbum,
1221 573 1418 642 inquit.
1443 583 1497 628 et
1523 573 1829 639 scientiam,

260 662 311 712 in
343 662 537 729 quibus
567 661 716 714 dilati
751 662 906 728 estis,
940 664 1242 718 stabilitum
1275 668 1359 719 est
1398 666 1450 718 in
1485 665 1634 719 vobis
1678 667 1830 721 testi-

260 753 520 817 monium,
552 753 604 806 id
636 761 739 818 est,
787 756 1103 823 prmdicatio
1143 755 1367 811 Christi.
1402 756 1516 811 Non
1557 758 1701 813 enim
1735 774 1833 830 per

254 860 533 899 exvernam
567 848 889 917 sapientiam
923 851 1215 917 accepistis
1242 853 1702 921 praedicationem,
1736 854 1831 908 sed

254 952 347 1005 per
374 936 525 1004 signa
558 946 720 1008 atque
747 939 910 1003 dona,
943 941 1141 1010 quibus
1170 940 1355 996 donati
1382 943 1533 999 estis.

210 1035 223 1046 ’
285 1057 289 1061 ι
321 1030 484 1086 Vens.
524 1032 577 1085 7.
611 1051 629 1083 ι
663 1031 739 1086 ita
771 1041 828 1086 ut
860 1032 1015 1088 vobis
1045 1033 1179 1088 nihil
1215 1035 1353 1090 desit
1387 1038 1439 1091 iu
1470 1036 1578 1092 ullo
1609 1037 1770 1094 dono.
1804 1056 1822 1091 ι

251 1124 308 1177 Si
342 1124 396 1203 in
433 1124 592 1179 donis
618 1126 749 1180 nihil
783 1126 890 1181 illis
922 1128 1132 1190 deerat.
1168 1132 1437 1197 quomodo
1479 1132 1528 1185 in
1565 1148 1829 1205 procursu

251 1219 499 1273 carnales
552 1233 645 1274 eos
696 1219 895 1272 vocat?
942 1221 1231 1274 Dicendum
1293 1221 1477 1291 itaque
1525 1235 1631 1291 est,
1684 1225 1827 1294 quod

252 1325 429 1378 neque
465 1325 654 1363 omnes
682 1309 886 1363 fuerint
913 1311 1244 1380 spirituales,
1270 1316 1451 1383 neque
1480 1328 1669 1368 omnes
1703 1330 1831 1369 car.

251 1401 426 1454 uales.
449 1397 631 1466 Quare
673 1418 793 1472 qua:
838 1419 980 1458 nunc
1015 1404 1166 1469 dicit,
1200 1405 1265 1458 ad
1300 1406 1613 1472 spirituales
1656 1407 1826 1471 dicit;

251 1492 340 1545 illa
380 1507 543 1560 vero,
591 1495 657 1547 ad
700 1493 969 1551 carnales.
1018 1496 1175 1566 123
1214 1496 1306 1552 νει
1347 1498 1488 1566 quod
1536 1498 1831 1555 verisimile

250 1593 373 1636 erat
423 1600 519 1639 eos
576 1584 630 1639 in
690 1586 957 1655 principio
1008 1588 1186 1641 omnis
1235 1590 1454 1658 generis
1500 1589 1827 1644 charismata

251 1686 593 1743 consecutos,
627 1677 883 1746 deinceps
920 1690 1096 1732 autem
1125 1679 1189 1732 ad
1224 1679 1528 1735 socordiam
1564 1682 1826 1753 relapsus,

250 1770 545 1823 set-nmium
582 1785 800 1824 carnem
831 1770 1050 1825 vixisse.

324 1858 510 1930 Ινειιε.
550 1861 603 1914 7.
643 1879 662 1913 ‹
699 1861 776 1914 Ita
803 1870 860 1915 ut
884 1863 1037 1916 vobis
1070 1862 1204 1916 nihil
1230 1864 1369 1918 desit
1392 1864 1443 1919 in
1474 1865 1582 1921 ullo
1611 1868 1770 1922 dono.
1804 1886 1823 1919 ι

250 1954 521 2017 Quaeritur
542 1954 682 2007 unde
703 1954 906 2020 evenit,
941 1946 997 2009 ut
1028 1956 1223 2025 quibus
1255 1967 1329 2013 tot
1358 1961 1664 2026 spiritnsles
1688 1978 1828 2032 prae-

251 2044 577 2098 cminentias
607 2054 894 2100 attestatus
928 2056 1030 2110 est,
1077 2058 1131 2101 et
1163 2064 1301 2119 quos
1351 2055 1514 2106 tantis
1546 2055 1830 2121 praeconiis

249 2135 462 2202 extulit,
498 2136 618 2205 illos
654 2136 765 2207 jam
795 2137 846 2190 in
876 2140 1139 2195 orationis
1173 2157 1435 2210 procursu
1477 2145 1740 2216 increpet.
1772 2161 1828 2201 et

248 2226 548 2282 carnalium
594 2229 813 2284 nomine
858 2230 1088 2287 incuset.
1138 2232 1252 2290 Dici
1309 2246 1516 2306 potest,
1575 2240 1721 2310 quod
1771 2240 1824 2295 iu

248 2320 514 2390 principio
548 2322 800 2390 quidem,
838 2337 959 2377 eum
1009 2325 1077 2379 ad
1121 2324 1280 2381 ﬁdem
1329 2329 1562 2398 primum
1601 2331 1828 2385 accede-

248 2415 397 2473 baut,
430 2411 734 2482 lmjusmodi
778 2414 1028 2479 luerunt,
1066 2416 1222 2472 donis
1255 2422 1512 2474 omnibus
1551 2409 1824 2489 iustr'ucti,

246 2503 571 2574 tandemque
619 2505 992 2566 merebantur.
1032 2510 1229 2566 Postea
1276 2527 1406 2568 vero
1448 2515 1691 2569 animum
1727 2515 1824 2570 de-

247 2594 548 2660 mittentes,
604 2599 816 2663 seipsos
865 2599 1279 2666 reprehensioni
1337 2602 1600 2656 obnoxios
1651 2602 1828 2657 reddi-

248 2687 399 2743 dere.
454 2687 545 2752 Vel
587 2689 744 2743 aliter
779 2705 794 2743 :
845 2688 1029 2759 Neque
1068 2691 1345 2759 encomia,
1383 2708 1555 2764 neque
1604 2709 1825 2750 accusa-

247 2782 426 2836 tiOncs
458 2795 612 2851 mque
641 2781 866 2836 omnino
902 2781 954 2836 iu
990 2798 1204 2848 omnes,
1240 2786 1333 2839 sed
1365 2800 1461 2853 pro
1489 2786 1823 2854 singulorum

246 2873 461 2927 meritis
488 2888 611 2926 eum
653 2872 757 2939 hae,
798 2882 909 2926 tum
943 2873 1033 2928 illa
1064 2874 1503 2932 intendebantur.
1544 2879 1651 2933 Alii
1680 2879 1824 2934 enim

247 2978 314 3018 ex
364 2963 474 3020 illis
523 2965 700 3020 adhuc
756 2964 1067 3035 diligentes,
1114 2967 1205 3021 alii
1252 2968 1586 3039 negligentes
1643 2982 1822 3026 erant.

248 3056 354 3110 Sed
393 3067 449 3110 et
492 3058 650 3112 tertia
682 3058 822 3114 ratio
862 3060 1125 3130 assignari
1161 3070 1358 3130 potest,
1394 3062 1650 3117 nimirum
1681 3066 1822 3133 quod

1937 579 2096 648 φησὶ,
2145 582 2241 635 καὶ
2287 584 2385 653 τῆς
2419 581 2697 652 γνώσεως,
2736 584 2795 636 ὲν
2839 578 2923 645 οἷς
2954 581 3368 649 ἐπλουτίσθητε,
3401 581 3530 635 ἔδει

1937 674 2148 744 ϐαίωθη
2178 676 2237 729 ὲν
2265 677 2393 745 ὑμίν
2416 677 2478 731 τὸ
2508 677 2834 748 μαρτύριον,
2871 676 3117 729 τουτέστι
3165 675 3229 729 τὸ
3258 676 3531 752 κήρυγμα

1934 765 2029 819 τοῦ
2059 768 2316 838 Χριστοῦ.
2347 769 2423 821 Οὐ
2450 768 2558 840 γὰρ
2579 768 2670 822 διὸ.
2702 769 2797 838 τῆς
2821 766 3024 832 ἔξωθεν
3049 767 3240 836 σοφίας
3267 767 3530 833 ἐδέξασθε

1934 857 1994 910 τὸ
2024 859 2310 929 κήρυγμα,
2340 860 2476 915 ἀλλά
2519 860 2609 914 διὰ
2645 862 2754 915 τῶν
2802 859 3045 931 σημείων
3092 860 3186 914 καὶ
3220 859 3330 913 τῶν
3361 876 3531 932 χαρι-

1936 951 2181 1022 σμάτων,
2227 946 2303 1007 ὧν
2330 953 2625 1024 ἠξιώθητε.

2011 1060 2029 1094 ι
2071 1042 2238 1097 Ὥστε
2286 1044 2430 1114 ὑμᾶς
2483 1046 2557 1115 μὴ
2600 1044 2949 1116 ὑστερεῖσθαι
3001 1045 3062 1098 ὲν
3118 1042 3310 1115 μηδενὶ
3356 1043 3551 1124 χαρίσ.

1935 1151 2125 1204 σματι.
2180 1154 2199 1188 ι
2256 1136 2321 1189 Et
2374 1136 2637 1208 ἀνελλιπῆ
2679 1137 2751 1192 τά
2796 1136 3119 1208 χαρίσματα
3172 1131 3343 1204 εἶχον,
3401 1137 3527 1199 πῶς

1933 1227 2138 1296 προῖὼν
2183 1228 2485 1300 σαρκικοὺς
2514 1229 2717 1290 αὐτοὺς
2745 1229 2934 1299 λέγεις
2969 1230 3159 1283 Ἔστιν
3199 1226 3296 1283 οὖν
3318 1230 3521 1295 εἰπεῖν,

1931 1319 2011 1372 ὃτι
2034 1317 2156 1373 οὔτε
2189 1319 2390 1383 πάντες
2411 1315 2553 1391 ἦσαν
2586 1320 2974 1392 πνευματικοὶ,
2998 1319 3123 1374 οὔτε
3150 1320 3357 1384 πάντες
3385 1338 3527 1390 σαρ-

1933 1411 2101 1464 κικοίο
2137 1411 2218 1465 διδ
2246 1411 2284 1467 ἃ
2328 1412 2428 1482 μὲν
2463 1412 2559 1466 νῦν
2585 1413 2757 1482 λέγει,
2788 1412 2925 1482 πρὸς
2957 1413 3085 1476 τοὺς
3110 1414 3525 1480 πνευματικοὺς

1930 1502 2102 1571 λέγει’
2133 1505 2319 1558 ἐκεῖνα
2350 1503 2409 1558 δὲ
2440 1504 2575 1576 πρὸς
2605 1504 2733 1568 τοὺς
2777 1503 3097 1576 σαρκικούς.
3131 1505 3202 1556 Ἦ
3227 1504 3311 1558 ὅτι
3340 1503 3435 1557 καὶ
3460 1503 3526 1557 έν

1931 1595 2074 1665 ἀρχῇ
2108 1596 2256 1658 εἰκὸς
2294 1591 2361 1666 ἦν
2408 1595 2609 1658 αὐτοὺς
2658 1596 2878 1650 πάντων
2916 1597 3190 1666 ἐπιτυχεῖν
3225 1596 3337 1648 τῶν
3359 1613 3524 1666 χαριο

1934 1688 2181 1757 σμάτων,
2208 1687 2437 1759 ὕστερον
2466 1687 2526 1742 δὲ
2553 1685 2894 1760 ῥᾳθυμῆσαι,
2918 1687 3013 1741 καὶ
3029 1688 3169 1742 κατὰ
3193 1687 3371 1758 σάρκα
3395 1687 3521 1757 ζῇν.

2004 1867 2069 1942 [⁸
2118 1869 2281 1923 Ὥστε
2328 1869 2476 1941 ΰμᾶς
2528 1870 2604 1942 μὴ
2639 1870 2987 1936 ὑστερεῖσθαι
3031 1871 3091 1924 ἐν
3135 1869 3325 1941 μηδενὶ
3362 1868 3526 1941 χαρί-

1935 1979 2126 2027 σματι.
2166 1982 2185 2013 ι
2233 1963 2487 2034 Ζητείται
2517 1964 2775 2027 ἐνταῦθα,
2809 1963 2927 2026 πῶς
2957 1957 3041 2026 οἷς
3067 1961 3310 2016 τοσαῦτα
3346 1979 3524 2014 πνευ-

1935 2057 2144 2126 ματικά
2186 2057 2585 2127 προτερήματα
2636 2055 3163 2128 προσεμαρτύρησε,
3203 2055 3301 2107 καὶ
3342 2053 3525 2114 οῦτως

1929 2146 2185 2219 ἐπῄνεσε,
2219 2146 2433 2212 τούτοις
2480 2148 2713 2219 ἐπιτιμᾷ
2752 2144 3141 2218 παρακατιὼν,
3184 2145 3283 2200 καὶ
3321 2160 3525 2212 σαρκι-

1929 2241 2061 2303 κοὺς
2109 2240 2293 2295 καλῶν
2344 2240 2589 2307 ἐγκαλεῖ.
2638 2240 2827 2293 Ἔστιν
2871 2237 2965 2293 οὖν
2994 2239 3192 2303 εἰπεῖν,
3235 2237 3320 2291 δτι
3364 2236 3527 2305 παρὰ

1932 2331 2032 2402 μὲν
2062 2331 2160 2402 τὴν
2192 2331 2367 2403 ἀρχὴν
2394 2332 2485 2385 ὅτε
2528 2331 2882 2393 ἐπίστευσαν,
2922 2327 3158 2382 τοιοῦτοι
3184 2322 3353 2398 ἦσαν,
3381 2326 3526 2381 πᾶσι

1928 2424 2210 2495 κομῶντες
2230 2424 2557 2495 χαρίσμασι,
2579 2423 2672 2477 καὶ
2694 2421 3002 2486 ἀξιέπαινοι
3025 2419 3333 2489 γεγονότεςο
3359 2416 3526 2472 ῦστεο

1931 2533 2025 2588 ρον
2052 2514 2109 2569 δὲ
2137 2515 2579 2587 ρᾳθυμήσαντες,
2627 2511 2890 2583 μέμψεως
2934 2509 3120 2574 ἀξίους
3150 2507 3375 2569 ἑαυτοὺς
3411 2522 3523 2558 πε-

1929 2609 2245 2678 ποιήκασιν.
2272 2606 2343 2658 Ἦ
2375 2606 2469 2658 καὶ
2494 2604 2703 2672 ἄλλως·
2741 2602 2815 2655 Οὐ
2845 2599 2984 2671 πρὸς
3019 2599 3250 2662 πάντας,
3291 2595 3420 2651 οὔτε
3448 2596 3525 2651 τὰ

1926 2703 2203 2775 ἐγκώμια,
2247 2701 2373 2757 οὔτε
2406 2700 2476 2755 τὰ
2520 2698 2979 2770 κατηγορήματα,
3025 2694 3164 2751 ἀλλὰ
3206 2693 3346 2766 πρὸς
3387 2692 3523 2756 τοὺς

1927 2796 2111 2863 ἀξίους
2136 2798 2233 2851 καὶ
2259 2794 2438 2849 ταῦτα
2478 2795 2731 2848 κάκεῖνα.
2770 2787 2952 2845 *Ησαν
2978 2790 3087 2860 γὰρ
3123 2786 3305 2841 αὐτῶν
3331 2786 3379 2839 οί
3415 2785 3520 2856 μὲν

1926 2889 2008 2943 ἔτι
2046 2888 2475 2953 σπουδάζοντες,
2502 2887 2551 2939 οί
2589 2885 2647 2939 δὲ
2673 2882 3119 2956 ρᾳθυμήσαντες.
3151 2879 3307 2933 Ἔστι
3331 2878 3387 2932 δὲ
3418 2876 3521 2931 καὶ

1925 2983 2109 3053 τρίτον
2136 2982 2334 3047 είπετν,
2379 2980 2462 3032 ὅτι
2483 2974 2847 3046 οἰκονομικῶς
2874 2974 2925 3028 οί
2965 2972 3176 3027 ἔπαινοι
3209 2971 3515 3040 ἔγκεινται,
3585 3001 3590 3004 -

1927 3072 2412 3146 προοδοποιοῦντες
2438 3069 2514 3141 τῷ
2543 3070 2709 3140 λόγῳ.
2749 3069 2810 3123 '0
2854 3067 2965 3138 γὰρ
2992 3067 3056 3119 ὲκ
3089 3064 3389 3136 προοιμίων
3416 3063 3513 3115 εὖ-

245 3148 495 3202 encomia
545 3163 642 3219 per
691 3150 1217 3206 administratiOuem
1273 3155 1563 3222 quamdam
1615 3154 1820 3210 inserta

1938 3168 2064 3231 θέως
2094 3166 2329 3237 φορτικὰ
2357 3163 2734 3233 φθεγξάμενος
2768 3160 3060 3249 ἀπέκλεισε
3104 3156 3184 3229 τῷ
3225 3156 3370 3226 λόγῳ
3414 3154 3517 3249 τήν

247 3249 401 3307 sunt,
427 3241 680 3312 viamque
708 3243 944 3297 sermoni
975 3250 1326 3312 praestruunt.
1351 3244 1484 3299 Nam
1512 3247 1603 3315 qui
1641 3250 1818 3302 statim

248 3335 304 3388 in
350 3333 577 3389 exordio
624 3333 848 3389 molesta
896 3335 1126 3403 profert,
1168 3338 1477 3392 auditorum
1514 3352 1673 3393 aures
1711 3353 1828 3393 ser-

247 3427 396 3483 nzoni
443 3442 542 3483 suo
589 3428 840 3484 occlusit.
875 3430 1164 3485 Auditores
1209 3430 1353 3485 enim
1400 3431 1444 3485 si
1481 3431 1687 3486 honore
1719 3433 1829 3487 sint

245 3519 504 3589 :equales,
535 3522 659 3587 ira;
708 3521 753 3577 si
780 3521 1089 3589 inferiores,
1127 3536 1365 3579 interere
1401 3524 1744 3589 aliicientur;
1776 3533 1830 3578 et

245 3613 328 3668 sic
368 3613 642 3669 incassum
675 3613 843 3669 verba
874 3614 1057 3670 faciet.

322 3720 343 3756 ι
401 3703 861 3773 Exspectautibus
922 3705 1307 3761 revelationem
1373 3706 1586 3762 Domini
1651 3706 1825 3762 nostri

245 3794 374 3852 .lesu
410 3795 638 3852 Christi.
676 3815 695 3849 ι
730 3796 827 3852 llic
856 3806 1125 3868 perterret
1157 3813 1273 3863 eos,
1309 3800 1529 3853 secundi
1561 3799 1828 3855 adventus

245 3888 452 3943 Christi
497 3888 829 3943 mentionem
879 3887 1106 3945 faciens.
1129 3888 1263 3943 Nam
1307 3890 1352 3944 si
1393 3889 1642 3946 Christus
1674 3906 1827 3945 reve-

247 3983 443 4038 laudus
477 3992 584 4048 est,
630 3987 905 4053 quomodo
951 4000 1046 4040 vos
1097 3985 1233 4040 alios
1282 3988 1538 4056 praesides
1584 3998 1640 4042 et
1691 4003 1830 4057 prte-

248 4087 500 4147 reptores
551 4077 807 4132 habetis?
850 4077 1028 4131 lunuit
1070 4088 1248 4132 autent
1296 4080 1521 4149 pariter,
1567 4081 1709 4150 quod
1762 4082 1827 4135 ad

251 4185 476 4244 accepta
517 4175 846 4229 charismata
882 4190 977 4229 seu
1002 4173 1166 4239 dona,
1196 4175 1317 4229 aliis
1344 4176 1508 4231 etiam
1538 4176 1830 4230 virtutibus

248 4269 546 4340 indigeant.
586 4267 641 4321 In
675 4266 763 4321 illa
791 4267 933 4320 enim
965 4267 1051 4321 die
1074 4268 1214 4320 dona
1246 4267 1516 4321 neminem
1537 4268 1824 4338 juvabuut,

250 4362 354 4416 nisi
394 4373 449 4416 et
483 4361 647 4416 vitam
682 4362 933 4416 habuerit
963 4360 1256 4416 virtutibus
1305 4369 1575 4416 ornatam.
1604 4360 1831 4417 Revela-

251 4455 454 4510 tionetu
487 4470 653 4524 porro
684 4455 894 4520 dicens,
929 4453 1154 4519 iudicat,
1190 4456 1331 4523 quod
1362 4456 1656 4510 etiamnum
1689 4455 1831 4511 adsit

1928 3260 2122 3330 ἀκοήν.
2164 3260 2264 3311 Ἀν
2294 3275 2352 3310 τε
2391 3257 2501 3326 γὰρ
2528 3256 2784 3326 ὁμότιμοι
2825 3247 2959 3306 ὦσιν
2988 3252 3037 3304 oi
3072 3250 3385 3313 ἀκούοντες,
3415 3247 3518 3316 ὀρ-

1930 3352 2304 3422 γισθήσονταν
2367 3349 2432 3402 ἄν
2484 3364 2545 3402 τε
2592 3346 2873 3412 ἐλάττους,
2922 3342 3351 3414 λυπηθήσονται,
3415 3337 3519 3394 καὶ

1933 3448 2111 3519 μάτην
2142 3446 2273 3517 ἐρεῖ.
2305 3442 2437 3500 Cod.
2481 3438 2761 3513 Arundel.]

2007 3737 2027 3771 ι
2076 3712 2577 3786 Ἀπεκδεχομένους
2629 3711 2729 3784 τὴν
2776 3708 3125 3780 ἀποκάλυψιν
3157 3707 3254 3762 τοῦ
3302 3704 3515 3779 Κυρίου

1928 3814 2090 3886 ἡμῶν
2152 3812 2328 3883 Ἰησοῦ
2381 3808 2644 3881 Χριστοῦ.
2690 3828 2708 3861 ι
2776 3806 3044 3863 Ἐνταῦθα
3088 3805 3249 3877 φοὸεϊ
3291 3804 3514 3869 αὐτοὺς,

1929 3906 2253 3977 ἀναμνήσας
2288 3902 2387 3972 τῆς
2413 3900 2675 3972 δευτέρας
2703 3899 3009 3972 παρουσίας
3036 3896 3131 3951 τοῦ
3158 3893 3423 3967 Χριστοῦ.
3451 3895 3519 3948 Εἰ

1931 4003 2039 4073 γὰρ
2082 4000 2109 4051 ὁ
2157 3997 2391 4071 Χριστὸς
2426 3994 2610 4067 μέλλει
2649 3991 3156 4054 ἀποκαλύπτεσθαι,
3198 3989 3314 4053 πῶς
3351 3988 3518 4057 ὑμεξ

1932 4092 2126 4154 ἄλλους
2166 4090 2482 4166 προστάτας
2527 4086 2715 4158 Exue;
2767 4083 3015 4142 Δείκνυσι
3064 4082 3144 4150 δὲ,
3171 4080 3268 4134 καὶ
3313 4081 3396 4134 δτι
3435 4078 3522 4132 δεῖ

1935 4183 2076 4252 μετὰ
2125 4178 2233 4233 τῶν
2280 4178 2637 4250 χαρισμάτων
2673 4176 2768 4229 καὶ
2808 4174 2908 4244 τῆς
2947 4171 3113 4242 ἄλλης
3142 4170 3368 4241 ἀρετῆς.
3424 4168 3518 4220 Ἑν

1931 4277 2040 4347 γὰρ
2071 4279 2136 4347 τῇ
2164 4276 2348 4345 ἡμέρᾳ
2377 4272 2562 4343 ἐκείνῃ
2599 4271 2668 4324 τὰ
2694 4269 3012 4341 χαρίσματα
3034 4266 3227 4321 οὐδένα
3251 4265 3271 4297 ³
3291 4261 3516 4332 ὠφελεῖ,

1934 4371 1981 4421 εί
2015 4365 2089 4438 μὴ
2114 4367 2208 4419 καὶ
2241 4364 2354 4435 βίον
2377 4362 2636 4435 ἐνάρετον
2666 4360 2802 4432 ἔχοι.
2833 4358 3206 4429 ’Δποκάλυψιν
3232 4357 3289 4410 δὲ
3317 4353 3513 4418 είπῶν,

1932 4460 2083 4529 δηλοῖ
2103 4458 2184 4510 ὅτι
2230 4457 2327 4510 καὶ
2369 4453 2464 4508 νῦν
2504 4453 2744 4526 πάρεστι
2775 4450 3242 4524 μὲν,.κρύπτεται
3280 4448 3357 4502 δέ·
3388 4447 3516 4501 τότε

249 4547 492 4617 quidem,
523 4548 738 4602 abditus
767 4559 947 4604 tamen
982 4552 1078 4619 sit,
1114 4561 1223 4606 tum
1254 4557 1438 4604 autem
1470 4549 1819 4604 revelabitur.

1938 4551 1989 4605 δὲ
2017 4546 2556 4618 ἀποκαλυφθήσεται.

326 4637 489 4693 Vens.
525 4636 580 4694 8.
618 4657 638 4690 ι
671 4638 771 4706 Qui
810 4651 865 4695 et
893 4643 1232 4697 confirmabit
1259 4657 1351 4697 vos
1386 4657 1556 4711 usque
1588 4641 1639 4695 in
1667 4640 1827 4695 linem

249 4733 372 4787 sine
418 4732 649 4787 crimine
697 4733 749 4787 in
798 4734 887 4790 die
915 4734 1126 4791 Domini
1165 4736 1337 4791 nostri
1383 4733 1509 4791 Jesu
1541 4734 1765 4792 Christi.
1805 4752 1825 4787 ι

251 4825 389 4882 Ctun
435 4824 584 4889 dicit,
627 4844 645 4877 ι
680 4823 1060 4892 Coulirmabit,
1110 4847 1130 4880 ι
1177 4828 1415 4884 ostendit
1459 4842 1552 4883 eos
1588 4825 1835 4881 nonnihil

2006 4663 2024 4695 ι
2063 4644 2158 4705 Ὃς
2185 4642 2279 4696 καὶ
2313 4638 2606 4712 βεϐαιώσει
2628 4639 2773 4709 ὑμᾶς
2796 4638 2904 4704 ἕως
2931 4638 3121 4701 τέλους
3143 4637 3516 4707 ἀνεγκλήτους

1929 4736 1989 4789 ὲν
2026 4737 2093 4805 τῇ
2141 4732 2326 4804 ἡμέρᾳ
2361 4730 2456 4786 τοῦ
2497 4731 2704 4803 Κυρίου
2736 4731 2894 4803 ἡμῶν
2950 4731 3131 4802 Ἰησοῦ
3183 4729 3447 4801 Χριστοῦ.
3486 4747 3506 4780 ι

1939 4827 2030 4880 Ἑν
2071 4827 2169 4897 μὲν
2197 4824 2274 4896 τῷ
2302 4825 2500 4888 εἰπεῖν,
2549 4842 2569 4875 ι
2598 4821 2919 4891 Βεόιιιίισει,
2940 4812 2968 4877 ⁸»
3007 4823 3283 4877 δείκνυσιν
3313 4820 3515 4884 αὐτοὺς

249 4932 566 4984 concussos,
595 4928 651 4973 et
689 4933 810 4973 cum
840 4919 914 4973 ait
948 4935 964 4975 :
1003 4940 1023 4973 ι
1065 4919 1193 4975 Siue
1225 4920 1474 4986 crimine,
1509 4936 1527 4970 ι
1562 4918 1827 4985 signiﬁcat

1938 4916 2351 4987 σαλευομένους·
2405 4918 2461 4969 ὲν
2501 4915 2558 4969 δὲ
2587 4914 2667 4986 τῷ
2721 4917 2917 4981 εἰπεῖν,
2978 4934 2998 4968 ι
3048 4913 3461 4985 ⁴Ἂνεγκλήτους,
3487 4931 3507 4965 ι

249 5029 345 5071 eos
373 5014 482 5085 jam
510 5012 833 5068 criminibus
873 5013 1156 5073 obnoxios.
1190 5013 1270 5068 Ad
1308 5015 1444 5081 hmc,
1478 5028 1602 5067 cum
1631 5013 1829 5083 sapius

251 5100 341 5156 hic
372 5100 622 5157 meminit
666 5100 878 5156 Domini
911 5104 1081 5158 nostri
1124 5102 1253 5160 Jesu
1302 5103 1529 5167 Christi,
1573 5117 1736 5173 quam
1773 5092 1843 5157 in

252 5192 361 5248 ulla
382 5194 489 5248 alia
527 5193 784 5264 Epistola,
815 5202 1034 5251 revocat
1059 5195 1355 5252 Corinthiis
1390 5197 1455 5250 ad
1486 5194 1828 5262 memoriam,

250 5300 351 5357 per
378 5302 537 5358 quem
577 5288 778 5344 servati
818 5301 966 5353 sunt,
992 5297 1048 5344 et
1093 5288 1248 5358 cujus
1295 5271 1514 5345 nomine
1547 5297 1828 5344 vocentur.

252 5377 385 5431 Nam
437 5377 803 5434 Christiania
839 5378 1091 5449 Christo,
1144 5393 1248 5434 non
1300 5382 1368 5435 ab
1419 5378 1526 5434 alio
1575 5379 1828 5450 quopiam

253 5470 491 5526 humano
525 5469 766 5526 nomine.

1924 5012 2203 5067 δείκνυσιν
2230 5010 2429 5075 αὖτοὺς
2458 5009 2770 5081 ἐγκλήμασι
2807 5008 2906 5064 νῦν
2927 5010 3346 5087 ὑποκειμένους.
3381 5006 3515 5062 Πολ-

1929 5104 2089 5167 λάκις
2118 5104 2175 5156 δέ
2210 5106 2325 5157 ἐστι
2359 5104 2710 5175 μεμνημένος
2744 5102 2981 5158 ἐνταῦθα
3012 5103 3108 5155 τοῦ
3156 5103 3364 5173 Κυρίου
3409 5102 3517 5173 ’1η-

1934 5196 2027 5249 σοῦ
2051 5194 2314 5266 Χριστοῦ,
2338 5196 2435 5249 καὶ
2458 5196 2648 5260 ὁσάκις
2679 5198 2738 5249 ἐν
2760 5196 2991 5268 οὐδεμιᾷ
3025 5195 3163 5270 ἄλλῃ
3196 5195 3515 5267 Ἐπιστολῇ.

1936 5289 2100 5342 Ὥστε
2134 5289 2219 5343 διὰ
2253 5289 2444 5343 τούτου
2479 5290 2894 5363 ὑπομιμνήσκει
2921 5291 3048 5354 τοὺς
3077 5289 3397 5360 Κορινθίους
3428 5288 3521 5344 διὰ

1931 5378 2081 5442 τίνος
2125 5377 2435 5448 ἐσώθησαν,
2469 5381 2566 5434 καὶ
2593 5381 2740 5445 τίνος
2772 5380 2998 5451 ὀνόματι
3031 5378 3348 5434 καλοῦνται.
3377 5380 3523 5451 Χρι-

1934 5471 2146 5525 στιανοὶ
2172 5473 2282 5542 γὰρ
2311 5471 2420 5526 ἀπὸ
2444 5472 2705 5545 Χριστοῦ,
2739 5476 2833 5531 καὶ
2854 5474 2957 5530 οὐκ
2984 5473 3079 5530 ἀπ’
3106 5473 3268 5544 ἄλλον
3303 5474 3527 5548 ἀνθρω-

1932 5565 2091 5620 πίνου
2128 5565 2412 5639 ὀνόματος.
2612 5602 2617 5607 -
3150 5576 3151 5579 “

1586 5709 1784 5772 Variae
1815 5709 2139 5775 lectiones.

327 5829 349 5864 ³
372 5830 523 5886 οὐδὲν
546 5845 603 5889 o.
