3874 6608
308 400 425 464 569

1122 406 1528 467 EXPOSITIO
1569 407 1649 467 lN
1686 407 1924 469 EPIST.
1962 408 1989 467 Ι
2029 409 2130 469 AD
2164 409 2334 473 COR.
2368 439 2437 449 --
2468 416 2627 476 CAP.
2669 416 2719 478 Ι.

3460 414 3563 477 Ξ)το

380 509 433 580 [ι
486 512 584 575 ὐς
632 509 726 565 καὶ
781 509 1075 581 βεϐαιώσει
1122 513 1268 583 ὑμᾶς
1323 514 1433 578 lto;
1465 515 1674 581 τέλους.
1716 534 1736 568 ι
1796 514 1892 580 Τὸ,

2075 520 2239 577 Vens.
2281 522 2335 577 8.
2379 541 2397 575 t
2438 524 2538 593 Qtti
2571 537 2627 579 et
2666 526 3011 582 conﬁrmabit
3060 540 3154 581 vos
3197 541 3367 589 nspte
3401 528 3465 578 ad
3514 531 3576 579 l1-

317 619 339 653 ι
390 599 757 667 Βεῦαιώσει,ι
796 602 944 656 δοκεῖ
985 604 1085 673 μὲν
1132 605 1301 676 εὐχῆς
1346 600 1523 659 εἶναι·
1561 606 1815 677 ἐμφαίνει
1841 606 1899 660 δὲ

302 694 499 758 πλέον,
535 694 619 747 ὅτι
646 694 1030 769 ἐσαλεύοησαν
1062 698 1156 751 καὶ
1192 697 1643 769 παρεκινήθησαν
1670 698 1778 752 ἀπὸ
1803 697 1898 751 τοῦ

216 852 223 858 ,
302 785 545 850 δέοντος.

388 898 411 931 ι
469 879 863 953 Ἀνεγκλήτους
894 881 953 934 ἐν
1000 883 1066 954 τῇ
1115 882 1301 954 ἡμέρᾳ
1344 881 1439 936 τοῦ
1492 882 1702 954 Κυρίου
1737 883 1898 955 ἡμῶν

316 972 501 1043 Ἰησοῦ
537 972 798 1045 Χριστοῦ.
842 993 862 1026 ι
920 974 1321 1045 ’Δνεγκλήτους
1367 975 1798 1047 εὑρισκομένους
1842 977 1900 1031 ἐν

302 1067 375 1133 τῇ
413 1065 602 1136 ἡμέρᾳ
658 1065 760 1136 τῆς
816 1065 1075 1136 κρίσεως.
1125 1065 1344 1137 Ταύτην
1382 1067 1492 1137 γὰρ
1550 1066 1768 1138 ἡμέραν
1803 1066 1899 1120 τοῦ

302 1157 557 1228 Χριστοῦ
593 1157 765 1225 λέγει,
811 1157 888 1223 ὡς
923 1157 1232 1229 τηνικαῦτα
1259 1160 1359 1229 τῆς
1406 1158 1566 1229 δόξης
1616 1159 1784 1213 αὑτοῦ
1815 1176 1905 1212 τε-

302 1246 581 1318 λεώτερον
606 1247 957 1317 φαινομένης.
1012 1249 1124 1303 Καὶ
1152 1249 1237 1315 τὸ,
1289 1268 1308 1302 ι
1348 1249 1740 1321 Ἀνεγκλήτους
1766 1269 1785 1302 ι
1819 1250 1897 1315 δὲ,

304 1337 734 1410 καθαπτομένου
791 1341 994 1412 μᾶλλον
1044 1345 1216 1399 ἐστιν.
1277 1342 1648 1398 Ἐνδείκνυται
1678 1343 1790 1415 γὰρ
1821 1343 1907 1396 ὅτι

304 1426 643 1498 ἐγκλήματα
674 1430 879 1500 έχουσι.
915 1432 1115 1486 Σκόπει
1160 1433 1240 1496 δὲ,
1274 1432 1392 1496 πῶς
1423 1436 1667 1503 συνεχῶς
1715 1434 1904 1497 αὐτοῖς

308 1520 377 1572 τὸ
425 1520 598 1590 ὄνομα
630 1520 724 1574 τοῦ
758 1524 998 1595 Χριστοῦ
1050 1526 1373 1597 προσφέρει,
1431 1526 1527 1579 καὶ
1572 1526 1662 1580 διὰ
1714 1524 1905 1581 τούτου

308 1613 510 1682 σχεδδν
542 1613 602 1667 τὸ
646 1615 767 1668 ὅλον
815 1616 1095 1684 ἐξυφαίνει
1145 1617 1455 1689 προοίμιον,
1510 1617 1905 1689 μηχανώμενος

304 1706 626 1775 ἀποστῆσαι
648 1705 757 1760 τῶν
787 1707 1314 1776 ψευδοδιδασκάλων,
1344 1710 1426 1772 είς
1473 1708 1569 1773 οὓς
1604 1704 1911 1782 κατεμερί-’

308 1794 545 1865 σθησαν,
578 1798 672 1852 καὶ
711 1800 792 1863 είς
830 1800 930 1871 τὴν
974 1800 1067 1853 τοῦ
1112 1799 1354 1871 Χριστοῦ
1385 1799 1739 1855 διδασκαλίαν
1776 1818 1901 1855 συν-

306 1893 566 1958 αγαγεῖν.
600 1890 734 1947 Cod.
765 1890 1053 1965 Arum/eL]

387 2000 412 2033 ε
452 1982 649 2047 Πιστὸς
692 1984 721 2036 ὁ
768 1983 921 2048 Θεὸς,
952 1983 1020 2038 δι’
1066 1976 1128 2040 οῦ
1177 1984 1446 2058 ἐκλήθητε
1490 1988 1569 2051 είς
1616 1987 1903 2043 κοινωνίαν

304 2074 407 2126 τοῦ
444 2074 573 2126 Υίοῦ
606 2074 770 2128 αὐτοῦ
811 2077 986 2146 Ἰησοῦ
1019 2076 1260 2157 Χριστοῦ
1288 2076 1382 2131 τοῦ
1418 2078 1623 2149 Κυρίου
1661 2079 1837 2150 ἡμῶν.
1877 2099 1896 2132 ι

305 2166 633 2233 Τουτέστιν,
684 2168 889 2239 ἀληθὴς
918 2170 948 2222 ὁ
980 2168 1134 2233 Θεός.
1185 2169 1248 2222 El
1301 2169 1358 2222 δὲ
1398 2169 1626 2240 ἀληθὴς,
1670 2171 1899 2223 ἐκάλεσε

305 2259 367 2312 δέ
400 2261 551 2331 ἡμᾶς
583 2263 665 2325 εἰς
711 2262 997 2317 κοινωνίαν
1042 2261 1138 2317 τοῦ
1181 2261 1314 2317 Υἱοῦ
1357 2260 1548 2328 αὐτοῦ,
1587 2263 1896 2331 τουτέστιν,

307 2350 459 2411 ὥστε
492 2352 816 2419 ωνδοξάσαι
838 2354 986 2424 ἡμᾶς
1014 2353 1090 2425 τῷ
1120 2353 1235 2425 Υίῴ
1256 2355 1315 2408 ἐν
1346 2356 1412 2424 τῇ
1440 2352 1692 2425 βασιλείᾳ
1714 2353 1902 2410 αὐτοῦ*

308 2444 613 2516 πρόδηλον,
647 2447 731 2499 ὅτι
760 2445 1041 2518 πληρώσει
1082 2447 1120 2503 ἃ.
1162 2448 1551 2518 ἐπηγγείλατο.
1603 2448 1903 2519 Ἐκλήῦητε

305 2535 396 2600 δὲ,
429 2537 615 2607 φησιν,
655 2536 755 2591 οὐκ
787 2539 943 2593 αὐτοὶ
992 2539 1206 2595 οἴκοθεν
1240 2540 1599 2613 προσήλοετε.
1653 2541 1776 2604 Πῶς
1809 2542 1905 2596 οῦν

305 2627 748 2699 ὑτᾷηλοφρονεῖτε
793 2631 868 2695 ὡς
910 2630 1005 2685 ἐπὶ
1035 2631 1258 2696 οἰκείοις
1311 2631 1530 2703 ἔργοιςς
1589 2633 1903 2702 Σημείωσαι

302 2719 370 2772 δὲ
398 2720 635 2774 ἐνταῦθα
681 2722 1017 2795 σαφέστερον
1059 2723 1143 2792 τὸ,
1182 2741 1202 2776 ι
1238 2723 1317 2778 Δι’
1347 2718 1428 2793 οὗ,
1468 2743 1488 2777 ι
1525 2725 1619 2779 ἐπὶ
1664 2723 1759 2778 τοῦ
1797 2726 1906 2778 Πα-

300 2830 335 2865 τ
343 2810 449 2885 ρδς
481 2812 754 2884 κείμενον.

397 2923 421 2958 s
462 2906 778 2977 Παρακαλῶ
806 2907 865 2962 δέ
906 2907 1076 2979 ὑμᾶς,
1118 2909 1362 2978 ἀδελφοὶ,
1390 2910 1482 2964 διὰ
1516 2910 1611 2965 τοῦ
1638 2911 1905 2983 ὀνόματος

300 2996 417 3051 τοῦ
448 2998 654 3068 Κυρίου
685 2999 845 3069 ἡμῶν
885 3000 1064 3071 Ἰησοῦ
1090 3002 1133 3055 Χ
1143 3002 1353 3072 ριστοῦ.
1390 3020 1411 3054 ι
1475 3002 1693 3073 Ἐπειδὴ
1722 3005 1905 3073 μέλλει

299 3090 663 3162 διαλεχθῆναι
710 3093 892 3158 αὐτοῖς
924 3093 1387 3166 πληκτικώτερον,
1432 3094 1744 3164 προλαϐὼν,
1801 3113 1905 3148 πα-

1999 628 2143 669 nem.
2196 631 2216 666 ι
2251 643 2324 656 -
2354 631 2373 665 ι
2407 614 2781 680 Conlirmabit,
2823 634 2842 667 ι
2887 616 3108 672 videtur
3132 614 3351 686 quidem
3393 626 3573 670 votum

1995 721 2116 761 esse
2145 722 2160 761 :
2192 716 2250 761 at
2295 722 2430 762 vero
2477 707 2597 777 plus
2628 707 2873 772 denotat,
2921 708 3204 775 nimirum,
3249 709 3391 777 quod
3438 724 3572 764 cou-

2000 801 2144 855 cussi
2174 809 2354 863 erant,
2386 809 2440 856 et
2467 801 2719 857 indecore
2743 801 3146 857 exorbitabant.

2075 913 2094 946 ι
2124 894 2255 949 Sine
2277 895 2508 950 crimine
2529 896 2587 951 in
2610 894 2696 950 die
2722 896 2933 949 Domini
2960 895 3128 948 nostri
3150 893 3278 949 Jesu
3304 895 3526 951 Christi.
3549 914 3568 945 ο

1998 986 2511 1058 lrrepreheusibiles
2540 999 2783 1057 repertos
2808 988 2860 1042 in
2887 989 2974 1042 die
3000 989 3208 1057 judicii.
3249 988 3398 1043 llane
3429 990 3573 1044 enim

1998 1078 2202 1135 Christi
2239 1082 2382 1135 diem
2410 1089 2588 1145 vocat,
2620 1096 2688 1136 eo
2718 1081 2861 1152 quod
2904 1090 3016 1136 tum
3055 1082 3225 1151 ipsius
3261 1082 3428 1151 gloria
3461 1081 3573 1151 ple-

2001 1174 2122 1229 nius
2153 1175 2611 1230 manil’estabitur.
2642 1178 2815 1243 Atque
2854 1174 2983 1229 illud
3010 1191 3025 1228 :
3061 1192 3080 1226 t
3127 1175 3246 1229 sine
3270 1174 3516 1240 crimine,
3551 1193 3572 1227 ι

2001 1266 2178 1335 potius
2204 1266 2539 1336 increpantis
2563 1275 2663 1321 est.
2694 1264 2946 1322 Ostendit
2977 1266 3122 1319 enim
3159 1265 3300 1334 quod
3327 1264 3576 1319 crimini-

2002 1359 2101 1414 bus
2129 1359 2348 1412 obnoxii
2392 1366 2538 1413 sunt.
2573 1357 2707 1414 Vide
2737 1368 2916 1413 autem
2958 1373 3121 1429 quam
3152 1357 3344 1412 crebro
3377 1355 3578 1410 Christi

2001 1468 2194 1507 nomen
2231 1453 2335 1507 illis
2363 1451 2541 1517 oll-‘ert,
2573 1463 2628 1507 et
2659 1469 2724 1507 ex
2754 1453 2855 1507 hoc
2888 1463 3059 1506 t0tum
3095 1450 3216 1506 fere
3247 1449 3578 1519 promtninm

2001 1544 2266 1608 contexit,
2300 1559 2327 1598 a
2364 1542 2513 1598 falsis
2545 1544 2877 1605 doctoribus.
2925 1557 3161 1613 quorum
3193 1540 3428 1612 partium
3465 1549 3581 1593 stn-

2003 1635 2094 1690 dio
2138 1635 2297 1689 divisi
2331 1646 2520 1700 erant,
2554 1636 2829 1692 abducere
2861 1645 3136 1706 satagens,
3171 1642 3225 1690 et
3265 1634 3332 1688 ad
3375 1631 3580 1688 doctri-

2004 1744 2127 1781 nam
2153 1727 2354 1784 Christi
2383 1744 2598 1799 cogere.
3344 1738 3355 1753 ί

2078 1997 2242 2054 Vens.
2277 1999 2332 2056 9.
2372 2016 2392 2051 ι
2435 1996 2638 2055 Fidvlis
2672 1997 2831 2064 Deus,
2878 2013 2976 2069 per
3013 2013 3174 2067 quem
3221 1998 3400 2054 vocati
3449 1996 3582 2057 estis

2008 2090 2060 2145 in
2097 2092 2409 2146 societatem
2440 2089 2557 2144 Filii
2605 2090 2772 2159 ipsius
2808 2087 2935 2144 Jesu
2977 2088 3181 2145 Christi
3223 2087 3433 2143 Domini
3487 2101 3585 2143 no-

2006 2183 2129 2237 stri.
2172 2201 2190 2235 t
2230 2180 2343 2237 Hoc
2373 2192 2477 2247 est,
2510 2197 2671 2237 verus
2716 2181 2879 2237 Deus.
2920 2182 3075 2249 Quod
3121 2183 3164 2236 si
3198 2197 3379 2248 verus,
3417 2195 3583 2235 voca-

2007 2274 2192 2343 t-itque
2216 2290 2315 2328 nos
2343 2274 2395 2328 in
2424 2275 2740 2329 sacietatem
2772 2273 2891 2329 Filii
2921 2275 3029 2341 sui,
3064 2275 3167 2329 hoc
3204 2283 3311 2341 est,
3344 2283 3397 2326 ιιι
3423 2270 3583 2327 simul

2005 2383 2107 2422 nos
2133 2366 2401 2438 gloriﬁcet
2444 2382 2570 2421 cum
2607 2366 2746 2421 Filio
2786 2367 2838 2422 in
2877 2382 3042 2438 regno
3068 2381 3198 2431 suo;
3235 2365 3582 2435 perSpicuutn

2006 2470 2089 2515 est
2120 2462 2263 2529 quod
2292 2459 2534 2528 implebit
2556 2475 2679 2530 qua:
2705 2459 2976 2528 promisit.
3001 2458 3193 2524 Porro,
3223 2457 3395 2512 vocati
3423 2456 3582 2522 estis,

2008 2553 2205 2621 inquit,
2239 2565 2344 2608 non
2381 2566 2475 2607 vos
2505 2551 2607 2621 ipsi
2636 2562 2782 2606 motu
2812 2550 3030 2621 proprio
3057 2549 3391 2604 accessistis.
3422 2548 3577 2615 Quo.-

2009 2646 2170 2700 modo
2221 2645 2383 2715 igitur
2429 2644 2724 2716 superbitis
2753 2658 2853 2699 ceu
2903 2644 2971 2699 de
3002 2642 3236 2713 propriis
3282 2641 3586 2712 operibus?

2006 2739 2244 2795 Observa
2296 2738 2427 2794 hic:
2463 2755 2482 2790 t
2513 2736 2618 2794 Per
2669 2750 2853 2806 quem,
2891 2754 2911 2789 ι
2950 2733 3288 2790 manifestius
3331 2735 3398 2788 de
3429 2732 3588 2787 Patre

2009 2832 2233 2887 dictum.

2081 2920 2244 2975 Vens.
2281 2919 2365 2976 {0.
2402 2938 2423 2972 ι
2457 2918 2703 2976 Obsecro
2733 2928 2911 2974 autem
2944 2933 3066 2984 vos,
3104 2915 3323 2983 fratres,
3356 2929 3451 2983 per
3485 2929 3582 2969 noo

2010 3030 2130 3069 men
2169 3014 2377 3068 Domini
2413 3015 2581 3068 nostri
2616 3011 2745 3067 Jesu
2786 3012 3010 3067 Christi.
3056 3030 3075 3064 ι
3111 3009 3247 3077 Quia
3295 3008 3403 3063 illis
3429 3022 3587 3062 acer-

2008 3106 2164 3161 biora
2196 3105 2475 3161 locuturus
2500 3112 2607 3169 est,
2647 3114 3014 3164 antevertens,
3059 3102 3352 3156 obsecrare
3384 3115 3441 3154 se
3467 3098 3587 3153 illos

304 3185 580 3255 ρακαλεῖν
620 3202 754 3255 φησι
781 3185 827 3220 ⁸⁸
867 3186 953 3240 διὰ
990 3186 1084 3240 τοῦ
1130 3188 1390 3258 Χριστοῦ·
1429 3189 1706 3242 τουτέστιν
1732 3231 1747 3252 ,
1788 3191 1906 3244 Οὐκ

2017 3199 2142 3252 dicit.
2191 3213 2285 3266 per
2331 3211 2525 3251 nomen
2572 3195 2802 3262 Christi,
2854 3196 2904 3249 id
2952 3201 3058 3259 est,
3093 3210 3194 3262 ego
3232 3194 3297 3247 ad
3327 3192 3587 3246 obsecra-

299 3276 433 3344 ἐγὼ
461 3277 618 3347 ἀρκῶ
647 3278 730 3341 είς
780 3278 1147 3349 παράκλησιν,
1181 3278 1320 3331 ἀλλὰ
1353 3279 1413 3331 τὸ
1445 3278 1621 3350 ὄνομα
1645 3277 1742 3332 τοῦ
1791 3280 1902 3332 Κυ-

304 3370 446 3440 ρίου
500 3370 1049 3442 συμπαραλαμὸἀνω,
1085 3372 1179 3440 ἀφ’
1234 3365 1293 3427 οὗ
1329 3371 1585 3425 καλεῖσθε
1627 3374 1726 3443 μὲν
1770 3373 1909 3444 Χριε

302 3463 561 3515 δτιανοί·
589 3462 912 3533 ὑϐρίσαντες
940 3462 999 3516 δέ
1027 3462 1206 3526 τοῦτο,
1255 3464 1350 3517 ἀπ’
1371 3463 1681 3534 ἀνθρώπων
1728 3465 1914 3518 καλεῖ-

303 3552 452 3607 σθαι
480 3553 716 3609 εἵλεσθε.
748 3554 921 3608 Τοῦτο
947 3555 1128 3609 τοίνυν
1153 3555 1535 3625 δυσωπησάτω
1556 3557 1722 3628 ὑμᾶς.

398 3665 418 3697 ι
451 3645 571 3700 Ἵνα
595 3647 656 3700 τὸ
686 3647 816 3700 αὐτὸ
858 3647 1054 3716 λέγητε
1088 3650 1313 3711 πάντες,
1348 3650 1444 3704 καὶ
1477 3649 1553 3722 μὴ
1669 3652 1727 3703 ἐν
1776 3651 1906 3721 ὑμῖν

301 3738 618 3810 σχίσματα.
649 3758 669 3793 ι
706 3740 771 3792 Τί
803 3740 998 3793 ἐστινὸ
1026 3741 1366 3808 παρακαλῶ;
1397 3742 1539 3807 Ἵνα,
1576 3744 1732 3813 φησι,
1767 3760 1909 3812 συμ-

303 3830 540 3901 φωνῆτι
570 3833 591 3863 ⁸
636 3833 862 3896 πάντες,
915 3834 1010 3886 καὶ
1045 3833 1119 3904 μὴ
1152 3834 1438 3905 σχίζησθε.
1473 3835 1546 3888 Τὸ
1585 3834 1698 3904 γὰρ
1729 3834 1910 3905 σχιζόο

307 3940 489 3993 μενον
530 3922 678 3978 δοκεί
721 3925 820 3995 μὲν
850 3924 971 3978 ἀντὶ
1010 3926 1128 3989 ἐνδς
1157 3924 1329 3980 πολλὰ
1371 3925 1643 3993 γίνεσθαι,
1696 3923 1824 3978 οὔτε
1851 3923 1910 3983 δὲ

304 4015 538 4069 πολλὰ⁷
566 4016 783 4083 ἐγένετο
823 4015 909 4088 (τί
952 4018 1060 4087 γὰρ
1109 4016 1303 4085 ὄφελος
1341 4016 1452 4071 τῶν
1504 4016 1717 4071 πολλῶν
1753 4016 1910 4069 κολο-

305 4108 517 4179 (Situ),
555 4110 648 4162 ml.
692 4108 751 4162 τὸ
797 4109 857 4163 ἓν
901 4110 1182 4164 ἀπώλεσεν
1215 4109 1260 4165 ⁸.
1315 4110 1782 4181 Ἐμφατικώτατα
1818 4106 1913 4162 οὖν

310 4203 602 4274 σχίσματα
631 4204 858 4258 ἐκάλεσε
886 4206 956 4258 τὰ
980 4203 1111 4277 παρ’
1138 4205 1322 4269 αὐτοῖς
1347 4206 1632 4275 γινόμενα.
1674 4205 1909 4277 Ἐμφαί-

303 4312 402 4349 νει
433 4294 543 4365 γάρ
578 4294 667 4349 διὰ
703 4296 801 4366 τῆς
840 4296 1037 4362 λέξεως
1079 4295 1306 4369 ταύτης,
1365 4299 1513 4363 ὅπως
1564 4298 1767 4365 ἀθλίως
1813 4299 1892 4353 δι-

310 4391 559 4445 ἑκειντο.

402 4498 423 4534 t
456 4477 596 4534 Ἦτε
630 4479 687 4534 δὲ
714 4480 1143 4553 κατηρτισμένοι
1200 4483 1258 4536 ἐν
1290 4481 1368 4554 τῷ
1406 4482 1554 4554 αὐτῷ
1590 4482 1693 4548 νοῒ,
1730 4482 1822 4537 καὶ
1854 4465 1912 4535 ἐν

310 4576 393 4642 τῇ
421 4572 560 4643 αὐτῇ
588 4571 800 4645 γνώμῃ.
842 4591 862 4627 ι
907 4574 1126 4646 Ἐπειδὴ
1154 4574 1412 4646 ἀνωτέρω
1449 4571 1625 4641 εἶπεν,
1660 4594 1680 4627 ι
1703 4575 1820 4630 Ἵνα
1852 4576 1913 4629 τὸ

312 4666 464 4722 αὐτὸ
500 4666 718 4736 λέγητε,
776 4684 796 4719 ι
842 4667 930 4721 ἵνα
981 4667 1056 4737 μὴ
1110 4667 1410 4736 νομίσωσιν
1457 4666 1588 4737 ἄχρι
1647 4666 1913 4737 ῥημάτων

309 4756 467 4815 εἶναι
494 4759 594 4831 τὴν
616 4759 887 4829 ὁμόνοιαν,
935 4760 1152 4829 ἐπάγει,
1186 4761 1270 4814 ὅτι
1299 4761 1416 4824 καὶ,
1470 4778 1488 4813 ι
1539 4761 1629 4813 Ἐν
1659 4758 1736 4831 τῷ
1765 4758 1914 4830 αὑτῷ

310 4852 428 4906 νοῖε
466 4870 487 4902 ι
536 4852 838 4917 τουτέστιν,
875 4852 995 4906 Ἵνα
1040 4856 1135 4907 καὶ
1174 4852 1243 4906 τὰ
1274 4854 1413 4906 αὐτὰ
1440 4853 1700 4924 φρονῆτε.
1757 4854 1913 4907 Ἐπεὶ

313 4944 386 4998 δὲ
417 4942 603 4997 πολλοὶ
646 4944 705 4995 ἐν
732 4943 867 5014 τῷδε
911 4944 1011 5015 μὲν
1045 4943 1122 5015 τῷ
1155 4945 1442 5015 πράγματι
1484 4943 1910 5017 συμφρονοῦσιν,

311 5037 384 5089 ἐν
421 5033 559 5106 τῷδε
581 5034 641 5088 δὲ
668 5034 751 5087 ob-
781 5034 871 5089 διὰ
897 5034 1057 5090 τοῦτο
1088 5034 1392 5106 προσέθηκε
1423 5035 1508 5101 τὸ,
1572 5054 1593 5088 ι
1630 5038 1908 5106 Κατηρτι-

317 5143 537 5196 σμενοι,
574 5146 594 5179 ι
631 5129 875 5182 τουτέστι
906 5126 1126 5192 τέλειοι,
1174 5129 1232 5182 ἐν
1261 5130 1397 5182 πᾶσι
1426 5128 1748 5200 πράγμασιν
1773 5132 1906 5200 ὀμο-

316 5217 593 5283 νοοῦντες.
643 5219 795 5273 Ἐπεὶ
845 5218 901 5292 δὲ
952 5217 1139 5273 πολλοὶ
1189 5217 1335 5273 κατά
1392 5219 1491 5289 μὲν
1537 5218 1608 5274 τὰ
1654 5220 1903 5292 νοήματα

242 5321 259 5334 ⁸
312 5312 583 5381 ᾕιθωνται,
615 5311 757 5365 κατὰ
791 5290 978 5380 eam
1001 5309 1227 5382 γνώμην
1257 5309 1554 5364 διίστανται
1599 5290 1903 5384 (ὅτανγὰρ

321 5403 430 5475 τὴν
458 5403 628 5475 αὐτὴν
656 5403 840 5458 πίστιν
871 5403 1110 5474 ἔχωμεν,
1141 5402 1216 5474 μὴ
1245 5400 1646 5474 ωναπτώμεθα
1681 5402 1739 5457 δὲ
1766 5404 1909 5459 κατά

288 5488 428 5568 τὴν
471 5497 714 5568 ἀγάπην,
762 5498 830 5551 τὰ
878 5498 978 5567 μὲν
1007 5496 1147 5550 αὐτά
1194 5495 1448 5567 νοοῦμεν,
1483 5495 1804 5567 διιστάμεθα
1849 5497 1907 5551 δέ

313 5590 465 5663 κατᾲ
491 5592 590 5660 τὴν
614 5589 884 5663 γνὼμην)·
908 5590 997 5645 διὰ
1018 5588 1175 5644 τοῦτο
1194 5589 1384 5656 εἰπὼν,
1423 5609 1440 5642 ι
1470 5589 1562 5661 Τῷ
1586 5588 1736 5658 αὐτῷ
1754 5590 1852 5656 νοῒ,
1880 5610 1899 5644 ι

2012 3291 2211 3344 tionem
2242 3304 2348 3344 non
2390 3287 2615 3354 suilieio,
2650 3289 2742 3363 sed
2785 3303 2980 3342 nomen
3031 3287 3237 3341 Domini
3287 3285 3447 3341 simul
3491 3299 3583 3338 as-

2011 3394 2191 3447 sumo,
2225 3394 2255 3433 a
2292 3396 2399 3447 quo
2437 3379 2706 3434 vocamini
2743 3380 2960 3448 quidem
2996 3377 3293 3432 Christiani
3341 3393 3355 3431 :
3404 3384 3458 3427 at
3495 3390 3591 3429 vos

2013 3474 2157 3529 istud
2208 3472 2402 3543 injuria
2450 3472 2777 3537 allicientes,
2843 3471 3110 3525 maluistis
3156 3469 3224 3524 ab
3280 3468 3591 3523 hominibus

2010 3566 2216 3621 vocari.
2254 3566 2363 3621 Hoc
2398 3568 2563 3636 igitur
2589 3582 2685 3621 vos
2723 3568 3050 3621 obtestetur.

2086 3677 2106 3712 ι
2139 3659 2212 3717 Ut
2252 3659 2393 3715 idem
2429 3660 2628 3715 dicatis
2669 3673 2883 3721 omnes,
2924 3668 3113 3712 etnon
3156 3652 3273 3709 sint
3322 3654 3465 3712 inter
3495 3665 3591 3704 vos

2011 3755 2323 3808 schismata.
2367 3772 2385 3806 ι
2431 3752 2570 3819 Quid
2615 3761 2702 3807 est
2745 3751 2890 3822 quod
2933 3747 3218 3805 obtestor?
3265 3745 3331 3801 Ut
3361 3760 3593 3799 consen-

2014 3846 2182 3910 tiatis,
2227 3844 2438 3915 inquit,
2482 3859 2711 3908 omnes,
2746 3855 2798 3900 et
2842 3857 2950 3898 non
2996 3838 3401 3899 discindamini.
3436 3836 3592 3903 Quod

2013 3940 2157 3993 enim
2190 3939 2482 4003 scinditur,
2534 3936 2749 3991 videtur
2791 3950 2890 4005 pro
2932 3919 3044 3989 uno
3083 3932 3251 3988 multa
3297 3930 3433 3994 ﬁeri,
3467 3944 3590 3982 eum

2016 4030 2181 4084 multa
2230 4028 2644 4098 haudquaquam
2713 4029 2802 4091 sit,
2856 4029 2998 4099 (qua:
3046 4025 3190 4079 enim
3229 4020 3590 4078 commoditas

2016 4123 2305 4178 multorum
2341 4119 2718 4192 mutilorum?)
2762 4130 2818 4176 et
2852 4130 3029 4174 tamen
3064 4133 3229 4171 unum
3258 4131 3378 4170 esse
3406 4113 3591 4169 desiit.

2016 4214 2539 4285 Siguilicantissime
2598 4213 2763 4285 igitur
2818 4212 3118 4265 schismata
3183 4204 3474 4276 appellavit
3525 4218 3588 4257 ea

2013 4325 2134 4380 qua:
2159 4309 2297 4377 apud
2330 4310 2473 4376 ipsos
2509 4310 2664 4362 liunt.
2692 4306 2895 4362 Iudicat
2920 4305 3064 4359 enim
3096 4318 3192 4373 per
3217 4302 3317 4356 hoc
3341 4300 3588 4364 verbum,

2017 4418 2179 4472 quam
2216 4402 2413 4459 misere
2443 4415 2633 4456 eorum
2667 4414 2753 4453 res
2787 4397 3100 4451 habuerint.

2095 4516 2113 4546 ι
2157 4494 2287 4550 Sitis
2310 4507 2488 4551 autem
2514 4493 2776 4562 compacti
2805 4492 2857 4545 in
2883 4491 3069 4545 eadem
3096 4499 3294 4549 mente,
3319 4496 3371 4540 et
3404 4485 3591 4539 eadem

2018 4586 2308 4642 sententia.
2352 4604 2369 4636 ι
2419 4583 2555 4651 Quia
2592 4596 2752 4651 supra
2801 4579 3034 4642 dixerat,
3082 4576 3242 4648 124
3290 4594 3308 4627 ι
3353 4572 3422 4630 Ut
3454 4576 3594 4627 ideut

2016 4674 2258 4742 dicatis;
2292 4694 2311 4727 ι
2347 4689 2414 4729 ne
2448 4673 2765 4729 existiment
2805 4670 2947 4725 hanc
2989 4667 3337 4723 concordiam
3378 4665 3432 4720 in
3473 4678 3594 4718 rer-

2013 4770 2096 4826 bis
2129 4778 2334 4824 tantum
2367 4777 2639 4831 constare,
2673 4766 2892 4821 subdit:
2923 4783 2942 4815 ι
2974 4762 3172 4818 Eadem
3201 4770 3404 4822 mente,
3436 4777 3454 4809 ι
3490 4758 3591 4812 hoc

2014 4875 2133 4928 est;
2171 4874 2229 4918 ut
2264 4863 2454 4917 eadem
2503 4861 2773 4916 sentiatis.
2805 4858 3068 4926 Quoniam
3116 4864 3294 4910 autem
3349 4850 3594 4923 plerique

2018 4961 2068 5012 in
2101 4974 2157 5013 re
2188 4973 2292 5011 una
2321 4957 2694 5018 consentiunt,
2730 4955 2783 5008 in
2827 4952 2997 5006 altera
3029 4963 3158 5009 vero
3190 4946 3433 5007 minime,
3463 4956 3593 5011 pro-

2016 5059 2198 5116 pterea
2227 5045 2454 5109 addidit,
2507 5063 2524 5098 ι
2562 5042 2864 5115 Compacti,
2902 5061 2921 5095 ι
2968 5043 3071 5096 hoc
3106 5047 3219 5101 est,
3252 5033 3500 5106 perfecti,
3538 5031 3593 5085 in

2015 5138 2268 5193 Omnibus
2323 5136 2486 5193 rebus
2552 5136 2693 5191 idem
2747 5135 3073 5192 sentientes.
3127 5127 3398 5197 Quoniam
3466 5138 3595 5177 vero

2020 5230 2176 5287 multi
2217 5230 2557 5302 cogitatione
2584 5229 2801 5300 quidem
2849 5239 2907 5283 et
2951 5224 3226 5281 intellectu
3266 5218 3403 5273 uniti
3444 5225 3595 5283 sunt,

2016 5325 2283 5382 sententia
2323 5338 2455 5380 vero
2500 5323 2764 5379 dissident
2813 5323 2959 5391 (nam
3009 5332 3132 5373 cum
3169 5314 3415 5370 eamdem
3470 5308 3594 5381 qui-

2018 5415 2138 5470 dem
2194 5417 2352 5472 ﬁdem
2386 5416 2702 5481 habeamus,
2735 5429 2841 5469 non
2896 5408 3217 5480 copulemur
3265 5416 3445 5460 autem
3493 5416 3592 5473 per

2018 5509 2362 5575 ebaritatem,
2390 5509 2575 5563 eadem
2600 5506 2817 5578 quidem
2845 5501 3216 5572 intelligimus,
3243 5494 3590 5552 dissentimus

2018 5603 2195 5650 tamen
2255 5594 2556 5667 sententia)
2596 5612 2611 5649 :
2656 5595 2781 5650 ideo
2829 5608 2952 5649 cum
3000 5589 3261 5655 dixisset,
3325 5603 3344 5640 ι
3390 5584 3591 5640 Eadem

1657 5686 1857 5749 Varias
1893 5687 2228 5754 lectiones.

392 5791 418 5823 ⁸
466 5793 769 5865 παρακαλῶ
803 5810 874 5851 ιιι.
980 5793 1001 5826 ⁸
1040 5789 1350 5865 παρακαλεῖ
1380 5790 1470 5846 καί
1528 5808 1662 5862 φησι
1695 5806 1747 5846 o.

316 5866 522 5922 ὤλεσεν
579 5882 634 5920 u.

1849 5795 1870 5829 ⁸
1904 5798 2217 5871 σωφρονῆτε
2248 5815 2301 5855 u.
2377 5803 2400 5833 ’
2431 5798 2479 5853 εἰ
2507 5796 2565 5852 δὲ
2588 5794 2685 5852 καὶ
2714 5796 2836 5854 πολ.
2866 5813 2921 5856 o.

3019 5797 3041 5831 ⁸
3085 5797 3146 5852 τὸ
3195 5796 3253 5853 ἓν
3296 5789 3436 5850 εἶναι
3477 5790 3589 5848 ἁπ-
