3874 6590
269 439 361 509 5Ἱ3

1027 435 1443 498 EXPOSITIO
1492 437 1576 498 IN
1616 437 1858 499 EPIST.
1895 438 1920 498 Ι
1957 438 2057 501 AD
2097 439 2264 502 (ΞΟΠ.
2296 465 2364 476 -
2390 441 2552 501 CAP.
2587 439 2650 500 Ἰ.

3387 433 3494 498 574

264 546 512 622 Χριστόν;
542 543 762 598 διείλετε
786 542 829 575 ⁸⁸
861 542 1030 597 αὑτοῦ
1064 544 1126 597 τὸ
1159 545 1318 616 σῶμα
1345 561 1360 610 ;
1395 545 1585 613 super,
1619 545 1675 598 δὲ
1719 545 1781 612 γέ

1921 545 2196 601 Christum
2221 548 2244 601 ?
2281 547 2542 603 divisistis
2572 546 2690 616 ejus
2713 543 2960 614 corpus?
2986 543 3378 613 lndiguationis
3408 560 3507 598 au'

263 643 389 714 μειὸ
410 640 577 708 λόγος.
608 637 764 702 Τινὲς
784 635 841 690 δὲ
871 636 954 700 τὸ,
987 654 1006 688 t
1048 638 1394 708 Μεμέρισται
1428 639 1754 708 όΧριστόςς
1789 657 1807 689 ι

259 735 414 798 οὕτως
467 731 710 802 ἐνόησαν·
778 729 1144 800 Διεμερίσατο
1192 733 1307 794 τοῖς
1354 729 1666 801 ἀνθρώποις
1713 731 1813 800 τὴν

259 821 587 892 Ἐκκλησίαν,
633 821 726 874 καὶ
759 823 957 892 μοῖραν
1003 821 1105 894 τὴν
1153 821 1255 892 μὲν
1302 822 1466 887 αὐτὸς
1496 823 1679 889 ἔλαϐε,
1713 824 1813 894 τὴν

256 917 304 971 δὲ
327 913 542 976 ἐκείνοις
568 911 730 966 ἔδωκε
757 927 774 978 ;

321 1026 337 1058 t
370 1005 456 1076 Μὴ
489 1003 698 1067 Παῦλος
731 1002 1052 1074 ισταυρώθη
1091 1003 1232 1076 ὑπὲρ
1277 1003 1464 1072 ύμῶν;
1501 1023 1519 1056 t
1568 1005 1814 1076 Ἀναιρεῖ

253 1100 303 1154 τὺ
323 1099 442 1167 παρ’
481 1096 666 1159 αὐτοῖς
709 1095 999 1165 γινόμενον
1046 1097 1274 1161 ἄτοπον,
1308 1097 1404 1150 καὶ
1455 1096 1550 1150 τοῦ
1606 1096 1810 1150 οἰκείου

253 1193 492 1262 ὀνόματος
529 1190 828 1261 μέμνηται,
863 1189 950 1242 ἵνα
983 1190 1060 1262 μὴ
1090 1187 1219 1263 δόξῃ
1247 1189 1392 1245 κατὰ
1422 1190 1618 1261 φθόνον
1650 1191 1810 1244 ἀλλο-

251 1286 398 1356 τρίων
427 1283 707 1353 ὀνομάτων
737 1283 1068 1353 μεμνῆσθαι.
1102 1283 1218 1337 Ούκ
1257 1281 1378 1337 εἶπε
1411 1283 1492 1350 δὲ,
1545 1283 1639 1354 Μὴ
1664 1282 1812 1336 Παῦ-

253 1380 328 1442 λος
355 1375 581 1430 ἔπλασεν
610 1375 780 1445 ὑμᾶς,
802 1375 836 1445 ἢ
865 1377 1162 1446 ἐποίησενς
1193 1377 1309 1430 ἁλλ’
1339 1375 1369 1430 ὃ
1409 1375 1593 1446 πολλῷ
1623 1375 1809 1440 πλέον,

247 1472 333 1540 τὴν
354 1469 554 1539 ἄφατον
579 1467 750 1522 αὑτοῦ
782 1469 826 1500 ⁸³
859 1467 1276 1540 φιλανθρωπίαν
1299 1469 1497 1540 δηλῶν,
1529 1469 1623 1522 τὸν
1649 1487 1812 1522 σταυ-

250 1565 328 1633 ρόν
361 1564 437 1624 είς
483 1561 544 1614 τὸ
581 1560 747 1631 μέσον
813 1561 1074 1632 παράγει.
1131 1562 1240 1616 Καὶ
1302 1562 1403 1614 ούκ
1443 1557 1590 1624 εἶπε,
1638 1563 1730 1633 Μὴ
1783 1564 1811 1616 ό

245 1654 432 1716 Παῦλος
471 1653 790 1719 ἀπέθανεν;
844 1651 982 1719 ἀλλ’,
1019 1671 1036 1704 ι
1085 1652 1484 1725 Ἐσταυρώθης
1530 1672 1548 1705 t
1587 1655 1687 1724 τὴν
1727 1654 1812 1706 δο-

246 1747 425 1802 κοῦσαν
451 1747 682 1817 ἀτιμίαν
713 1747 808 1800 τοῦ
842 1746 1077 1800 θανάτου
1103 1745 1386 1800 δεικνύων.

305 1839 346 1912 [ι
370 1839 712 1910 Μεμὲρισται
739 1841 766 1892 6
795 1839 1030 1910 Χριστός
1055 1855 1070 1903 ;
1116 1859 1134 1891 ι
1167 1839 1516 1909 Κατετέμετε
1538 1840 1632 1894 τὸν
1662 1841 1801 1912 Χρι-

247 1933 384 1997 σ.όν;
416 1930 638 1984 διείλετε
670 1931 835 1984 αὑτοῦ
865 1932 926 1983 τὸ
949 1930 1142 2001 σῶμα;
1175 1930 1543 2001 Μερισθὲντος
1569 1932 1679 2002 γὰρ
1707 1931 1801 1986 τοῦ

243 2024 471 2096 σώματος
524 2025 716 2089 αὑτοῦ,
754 2025 892 2094 ὅπερ
928 2026 1078 2076 ἐστὶν
1118 2026 1152 2095 ή
1210 2023 1535 2092 Ἐκκλησία,
1572 2023 1804 2095 μεμέρι-

243 2135 346 2171 σται
384 2117 596 2182 παντως
625 2117 813 2179 αὐτός.
843 2115 1027 2186 Θυμοῦ
1073 2116 1130 2170 δὲ
1182 2116 1341 2186 γέμει
1378 2117 1406 2169 6
1436 2115 1612 2184 λόγος.
1647 2116 1802 2180 Τινὲς

239 2215 284 2266 δὲ
312 2213 384 2275 τὸ,
419 2231 437 2264 ι
493 2211 847 2282 Μεμέρισται
893 2213 920 2263 6
946 2210 1225 2280 Χριστόςς
1271 2228 1288 2260 t
1320 2207 1495 2272 οὓτως
1548 2209 1800 2278 ἐνόησαν,

238 2307 341 2361 ἀντὶ
369 2305 478 2366 τοῦ,
521 2303 888 2373 Διεμερίσατο
924 2302 1022 2372 τὴν
1067 2301 1398 2372 Ἐκκλησίαν
1455 2303 1572 2364 τοῖς
1605 2302 1800 2370 ἐπιφη-

240 2397 525 2466 μιξομένοις
546 2395 920 2461 διδασκάλοις,
955 2393 1049 2448 καὶ
1079 2394 1272 2464 μερίδα
1313 2393 1443 2463 μίαν
1475 2393 1675 2457 λαϐὼν,
1702 2392 1800 2454 τὰς

237 2489 378 2552 ἄλλας
400 2489 712 2560 ἀφῄρηται;
739 2487 1268 2558 Οῦτωςὲπιπλήξας,
1295 2486 1590 2558 ἐργάζεται
1612 2483 1800 2538 λοιπὸν

233 2581 318 2651 τὴν
343 2579 616 2651 ἀναίρεσιν
657 2578 752 2631 τοῦ
793 2577 924 2648 παρ’
956 2577 1140 2639 αὐτοῖς
1175 2575 1466 2646 γινομένου
1499 2575 1724 2628 ἀτόπου.

307 2780 324 2814 ι
365 2762 450 2832 Μὴ
480 2759 698 2824 Παῦλος
732 2759 1058 2832 ἐσταυρώθη
1099 2760 1242 2831 ὑπὲρ
1283 2758 1474 2829 ύμῶν;
1519 2777 1538 2811 ι
1567 2759 1688 2812 Ἵνα
1724 2757 1798 2829 μὴ

233 2855 342 2928 δόξῃ
369 2854 471 2909 ἀπὸ
505 2853 713 2923 φθόνου
744 2853 1028 2924 ἐπιτιμᾷν,
1057 2853 1152 2906 ἐπὶ
1202 2851 1297 2905 τοῦ
1353 2852 1487 2906 ίδίου
1531 2852 1798 2922 ὀνόματος

231 2949 314 3019 τὴν
347 2948 634 3019 ἀναίρεσιν
692 2949 952 3000 ποιεῖται.
1007 2947 1123 2999 Ούκ
1173 2944 1294 2998 εἷπε
1333 2945 1413 3010 δὲ,
1444 2944 1537 3015 Μὴ
1583 2943 1798 3007 Παῦλος

231 3041 441 3094 ἔπλασεν
474 3039 629 3110 ὑμᾶς
657 3056 673 3106 ;
699 3039 732 3110 ἢ
763 3038 934 3108 ἄλλην
989 3037 1247 3104 τοιαύτην
1283 3037 1635 3108 εὐεργεσίαν,
1661 3037 1797 3090 ἀλλὰ

231 3135 308 3186 τὸν
329 3133 549 3202 σταυρὸν
575 3133 796 3203 ἠγαγεν
823 3133 905 3194 εἰς
937 3129 1127 3202 μέσον,
1161 3131 1220 3192 ὅς
1261 3131 1380 3183 ἐστι
1417 3128 1622 3200 μείζων
1660 3130 1797 3183 πᾶν·

1921 647 2029 692 tent
2056 638 2216 708 plena
2245 646 2332 694 est
2369 637 2568 691 oratio.
2599 636 2739 692 Sunt
2772 636 2888 706 qui,
2927 653 2944 687 ι
2991 632 3205 689 Divisus
3231 644 3312 688 est
3343 634 3505 689 Chri-

1915 730 2079 785 stus?
2134 729 2214 784 sic
2259 729 2646 785 intellexerunt
2704 747 2719 784 :
2771 728 3014 782 Partitus
3056 736 3212 781 estne
3250 725 3504 781 Christus

1917 822 2059 890 apud
2096 822 2344 877 homines
2377 821 2696 888 Ecclesiam,
2731 829 2786 876 et
2814 836 2976 874 unam
3011 830 3218 888 partem
3258 819 3372 888 ipse
3399 818 3501 872 sibi

1917 914 2209 981 acceperit,
2233 913 2460 967 alteram
2495 928 2622 967 vero
2654 914 2758 969 illis
2788 911 3046 967 dederit?

1992 1004 2150 1075 125
2183 1023 2200 1056 ι
2243 1002 2384 1058 Num
2418 1003 2622 1058 Paulus
2649 1003 2946 1058 cruciﬁxus
2987 1011 3066 1057 est
3097 1016 3196 1070 pro
3241 1000 3430 1056 vobis?
3475 1020 3492 1052 ι

1917 1097 2324 1154 Absurditatent
2358 1097 2499 1151 tollit
2527 1113 2688 1166 quam
2742 1096 2776 1150 ii
2811 1096 3167 1158 admiserant,
3199 1109 3264 1148 ac
3290 1093 3496 1163 pr0prii

1921 1191 2166 1246 nominis
2201 1189 2470 1256 meminit,
2490 1204 2560 1244 ne
2591 1189 2843 1244 videatur
2879 1204 2944 1242 ex
2973 1189 3171 1242 invidia
3196 1188 3498 1244 alienorum

1916 1287 2196 1342 nominum
2225 1286 2552 1341 mentionem
2579 1285 2796 1341 fecisse.
2826 1283 2941 1339 Non
2965 1285 3098 1338 dixit
3117 1295 3326 1338 autem:
3353 1282 3500 1336 Nun-

1917 1379 2048 1449 quid
2083 1378 2282 1433 Paulus
2311 1379 2467 1433 ﬁnxit
2501 1393 2594 1434 seu
2627 1379 2834 1434 creavit
2870 1377 3005 1432 vos?
3033 1379 3127 1431 sed
3162 1378 3304 1446 quod
3335 1375 3502 1430 multo

1914 1471 2094 1541 majus
2129 1480 2231 1536 est,
2253 1470 2689 1543 inexplicabilem
2710 1469 2828 1536 ejus
2860 1469 3206 1524 clementiam
3230 1469 3498 1532 indicans,

1913 1577 2129 1618 crucem
2162 1562 2214 1616 in
2249 1563 2484 1616 medium
2529 1564 2816 1633 depromit.
2870 1563 2981 1618 Nec
3026 1561 3193 1616 dixit:
3231 1560 3501 1628 Numquid

1914 1656 2112 1712 Paulus
2151 1664 2402 1711 mortuus
2452 1655 2575 1710 est?
2609 1656 2700 1710 sed
2736 1673 2750 1708 :
2801 1674 2820 1706 ί
2856 1653 3208 1709 Crucitixus?
3247 1672 3264 1703 ι
3308 1650 3502 1707 mortis

1912 1750 2316 1816 contumeliam,
2358 1759 2415 1804 ut
2445 1749 2887 1814 existimabatur,
2915 1748 3324 1803 demonstrans.

1986 1843 2149 1898 Vens.
2195 1843 2282 1896 l3.
2323 1861 2342 1896 ι
2385 1843 2599 1897 Divisus
2625 1852 2708 1897 est
2730 1841 3020 1896 Christus?
3065 1859 3084 1891 ι
3143 1837 3500 1895 Dissecuistis

1909 1935 2234 1990 Christum?
2263 1933 2476 2004 Corpus
2503 1935 2620 2003 ejus
2655 1925 2921 1987 divisistis
2944 1933 2966 1987 ?
2991 1933 3176 1988 Diviso
3207 1931 3350 1985 enim
3370 1946 3496 1984 cor-

1912 2043 2041 2095 pore
2066 2027 2208 2097 ejus,
2243 2027 2386 2096 qnod
2412 2033 2494 2080 est
2519 2026 2790 2088 Ecclesia,
2821 2027 2934 2095 ipse
2959 2025 3186 2078 omnino
3209 2023 3495 2077 dividitur.

1911 2117 2302 2189 Indignationis
2327 2127 2506 2173 autem
2541 2118 2698 2186 plena
2721 2127 2803 2172 est
2833 2118 3031 2173 oratio.
3065 2115 3316 2170 Nonnulli
3343 2130 3495 2181 vero,

1915 2229 1934 2262 ι
1971 2209 2186 2264 υἱιὶειιε
2209 2219 2294 2265 est
2321 2209 2609 2265 Christus?
2655 2229 2674 2262 ι
2729 2210 2799 2264 ita
2836 2210 3220 2264 intellexerunt
3261 2227 3275 2264 :
3313 2208 3496 2262 Parti-

1911 2314 2067 2358 tusne
2093 2311 2178 2357 est
2219 2302 2517 2357 Ecclesiam
2575 2302 2896 2373 aseriptitiis
2950 2301 3100 2357 hisce
3149 2300 3488 2362 doctoribus,

1909 2394 2132 2464 ipseque
2161 2409 2323 2447 unam
2360 2393 2760 2463 portiunculam
2807 2393 3107 2461 accipiens,
3163 2391 3374 2446 cmteris
3400 2407 3494 2443 or-

1909 2487 2066 2540 hatns
2101 2486 2225 2540 est?
2257 2487 2552 2555 Postquam
2598 2485 2744 2555 ipsos
2786 2485 2929 2540 hunc
2962 2487 3014 2540 in
3057 2485 3273 2538 modum
3301 2500 3496 2550 percu-

1908 2577 2080 2642 lisset,
2118 2577 2378 2646 deinceps
2413 2577 2662 2633 admissae
2713 2576 2782 2632 ab
2819 2576 2930 2633 illis
2955 2575 3313 2632 absurditatis
3344 2590 3497 2629 anto-

1907 2675 2150 2729 litionem
2188 2674 2526 2744 aggreditur.

1985 2785 2003 2818 ι
2043 2765 2182 2820 Νυιη
2219 2767 2420 2822 Paulus
2455 2766 2752 2825 crucifixus
2777 2775 2860 2822 est
2889 2779 2985 2836 pro
3022 2763 3214 2819 vobis?
3247 2781 3265 2813 ι
3310 2760 3389 2816 Νε
3424 2775 3493 2815 ex

1909 2857 2106 2912 invidia
2145 2855 2431 2928 objurgare
2466 2859 2734 2926 videatur,
2770 2858 2869 2913 sub
2895 2856 3113 2927 proprio
3143 2870 3245 2909 suo
3274 2853 3494 2908 nomine

1908 2949 2289 3005 refutationem
2333 2959 2507 3019 parat.
2571 2950 2689 3003 Non
2725 2958 2905 3003 autem
2948 2947 3084 3002 dixit
3141 2964 3156 3002 :
3223 2943 3494 2998 Paulusne

1907 3043 2067 3098 ﬁnxit
2113 3043 2247 3099 vos?
2306 3045 2390 3099 vel
2434 3043 2581 3099 aliud
2635 3041 2942 3097 istiusmodi
2989 3039 3336 3102 beneﬁcium,
3395 3037 3492 3092 sed

1907 3151 2123 3190 crucem
2167 3137 2219 3191 in
2281 3137 2518 3192 medium
2569 3136 2818 3206 protulit,
2877 3149 2998 3202 quae
3051 3132 3259 3187 Christi
3294 3133 3346 3185 in
3393 3144 3492 3184 nos

228 3241 322 3276 των
356 3221 634 3287 ἀπόδειξις
659 3221 762 3290 τῆς
787 3222 918 3293 περὶ
953 3221 1102 3290 ἡμᾶς
1134 3221 1360 3290 ἀγάπης
1403 3219 1496 3274 τοῦ
1532 3221 1794 3290 Χριστοῦ.

1915 3232 2194 3288 cltaritatis
2237 3234 2480 3287 omnium
2531 3232 2766 3286 maxima
2805 3227 3198 3286 demonstratio
3223 3234 3325 3281 est.
3371 3223 3489 3278 Non

229 3315 327 3366 Οὐκ
360 3311 500 3378 εἶπε,
545 3312 651 3384 Μὴ
696 3311 906 3375 Παῦλος
950 3311 1256 3378 ἀπέθανεν;
1314 3310 1473 3377 ἀλλὰ,
1508 3330 1529 3364 ι
1565 3310 1796 3364 Ἐςταυ-

229 3407 358 3477 ptqu
387 3424 400 3474 ;
429 3427 446 3460 ι
480 3407 604 3476 ἅμα.
641 3406 738 3461 καὶ
761 3405 822 3460 τὸ
855 3400 995 3470 εἶδος
1018 3405 1115 3460 τοῦ
1145 3405 1376 3460 θανάτου
1404 3405 1571 3460 αὑτοῦ
1596 3404 1793 3476 δηλῶν.

226 3499 339 3556 Cod.
368 3498 658 3572 ArtmdeL]

289 3613 306 3647 ι
337 3596 401 3648 Ἢ
430 3599 508 3659 είς
533 3595 608 3650 τὸ
642 3593 814 3663 ὄνομα
853 3593 1066 3647 Παύλου
1115 3591 1522 3662 ἐϐαπτίσθητες
1556 3611 1574 3644 ι
1634 3590 1795 3644 Ἐεά-

227 3704 378 3740 πτισα
410 3687 504 3758 μὲν
548 3685 654 3742 καὶ
688 3685 821 3755 ἐγὼ,
875 3686 1033 3755 φησι,
1066 3685 1315 3751 πολλοὺς,
1343 3683 1456 3736 ἀλλ’
1492 3684 1572 3746 εἰς
1609 3682 1670 3736 τὸ
1700 3680 1793 3734 τοῦ

230 3779 446 3850 Χριστοῦ
475 3780 675 3850 ὖνομα.
730 3777 904 3832 Τοῦτο
953 3779 1009 3832 δὲ
1041 3777 1212 3845 λέγει,
1256 3776 1448 3847 ἐπειδὴ
1494 3775 1590 3830 καὶ
1635 3775 1796 3829 τοῦτο

229 3873 385 3926 αἴτιον
421 3873 640 3942 ἐγίνετο
677 3871 1004 3944 σχίσματος,
1041 3871 1101 3924 τὸ
1128 3872 1237 3925 ἀπὸ
1271 3869 1384 3923 τῶν
1413 3869 1794 3940 βαπτισὰντων

230 3967 516 4021 καλεῖσθαι.
565 3966 646 4020 Ού
681 3964 841 4018 τοῦτο
880 3963 938 4018 δὲ
973 3963 1242 4031 ζητεῖται,
1301 3963 1385 4026 τίς
1421 3964 1449 4015 6
1500 3962 1789 4033 βαπτίσας,

229 4056 332 4108 ἀλλ’
362 4059 440 4121 εἰς
471 4058 618 4120 τίνος
655 4056 830 4125 ὄνομα
883 4053 1172 4124 βαπτίζει·
1201 4056 1410 4117 ἐκεῖνος
1459 4053 1570 4122 γὰρ
1600 4052 1793 4122 ἀφίησι

223 4148 284 4200 tit
310 4149 700 4221 ἁμαρτήματα,
731 4148 828 4217 ούχ
867 4150 893 4200 ό
923 4146 1224 4218 βαπτίζων.

292 4351 309 4384 t
341 4333 664 4404 Εὑχαριστῶ
691 4333 769 4403 τῷ
798 4331 938 4404 Θεῷ,
984 4333 1068 4387 ὅτι
1093 4333 1283 4386 οὐδένα
1316 4331 1468 4402 ὑμῶν
1493 4332 1787 4396 ἐϐάπτισα,

222 4426 264 4478 εἰ
291 4428 360 4498 μὴ
385 4429 636 4498 Κρίσπον
661 4418 756 4480 καὶ
780 4426 958 4480 Γάϊον.
994 4446 1012 4480 ι
1045 4427 1110 4479 Τί
1136 4426 1278 4496 μέγα
1305 4428 1576 4496 φρονεῖτε,
1603 4427 1789 4497 φησιν,

221 4518 304 4570 ἐπὶ
329 4518 402 4589 τῷ
437 4519 728 4589 βαπτίσαι,
755 4519 890 4572 ὅπου
927 4535 992 4585 γε
1044 4517 1155 4586 ἐγὼ
1189 4517 1504 4588 εὐχαριστῶ
1557 4519 1784 4591 μᾶλλον,

1907 3325 2043 3380 dixit
2087 3344 2101 3381 :
2142 3325 2280 3380 Num
2327 3324 2527 3380 Paulus
2579 3333 2824 3379 mortuus
2872 3321 2993 3377 est?
3044 3322 3160 3386 sed,
3223 3338 3243 3372 ι
3297 3315 3490 3374 Cruci-

1905 3419 2091 3475 lixus?
2121 3420 2311 3475 mortis
2335 3419 2452 3490 ejus
2487 3419 2724 3490 speciem
2755 3415 2914 3472 simul
2939 3415 3204 3471 indicans.

1980 3620 2000 3655 ι
2043 3602 2149 3656 Αυι
2169 3601 2220 3656 in
2242 3601 2460 3656 nomine
2485 3599 2634 3655 Pauli
2659 3598 2914 3670 baptizati
2939 3597 3118 3654 estis?
3144 3615 3162 3648 ι
3183 3594 3486 3663 Baptizavi,

1905 3694 2104 3764 inquit,
2135 3703 2189 3748 et
2211 3708 2313 3764 ego
2342 3707 2450 3747 non
2482 3707 2705 3762 paucos,
2763 3692 2856 3747 sed
2895 3692 2946 3744 in
2993 3689 3198 3744 Christi
3237 3688 3480 3743 nomine.

1904 3786 1958 3840 Id
2004 3800 2130 3840 vero
2165 3785 2260 3853 ait,
2318 3783 2754 3854 quandoquidem
2807 3792 2865 3838 et
2905 3797 2966 3837 ea
3011 3781 3332 3838 schismatis
3361 3790 3484 3836 erat

1902 3891 2092 3942 causa,
2121 3891 2315 3943 nempe
2340 3877 2481 3944 quod
2510 3891 2537 3928 a
2575 3874 2977 3945 baptizantibus
3008 3873 3483 3928 nomenclaturam

1903 3967 2005 4022 sibi
2029 3967 2382 4036 usurpabant.
2411 3965 2575 4034 Atqui
2610 3981 2715 4019 non
2763 3967 2865 4018 hoc
2909 3965 3196 4034 qumritur,
3229 3963 3482 4032 quisnam

1904 4059 2068 4113 fuerit
2116 4057 2206 4128 qui
2248 4057 2574 4126 baptismate
2637 4055 2882 4116 tinxerit.
2933 4065 3188 4110 caeterum
3246 4055 3299 4108 in
3331 4054 3484 4124 cujus

1903 4153 2123 4207 nomine
2145 4151 2403 4222 baptizet.
2435 4151 2481 4204 Is
2514 4151 2658 4204 enim
2700 4160 2944 4221 peccata
2966 4150 3217 4215 remittit,
3250 4164 3358 4204 non
3391 4148 3482 4218 qtti

1903 4247 2165 4316 baptizat.

1974 4339 2255 4394 νωΒΑΑ.
2325 4357 2342 4390 ‹
2382 4337 2600 4392 Gratias
2657 4353 2758 4407 ago
2819 4339 2950 4403 Deo,
3009 4338 3154 4407 quod
3203 4337 3480 4392 neminem

1900 4442 2143 4486 vestrum
2185 4429 2597 4499 Ιὶιψιῑῑιινετίιη,
2636 4431 2736 4486 nisi
2797 4429 3052 4498 Crispum
3080 4438 3135 4484 et
3181 4429 3396 4485 Gaium.
3455 4447 3475 4481 ι

1899 4524 2061 4592 Quid,
2095 4525 2290 4594 inquit,
2333 4523 2692 4591 baptizatoris
2730 4524 2949 4578 nomine
3002 4524 3140 4578 adeo
3160 4523 3475 4591 snperbitis,

221 4607 293 4660 ὃτι
321 4609 473 4663 τοῦτο
497 4612 601 4664 οῦκ
644 4611 914 4682 ἐποίησας
950 4610 1135 4664 Ταῦτα
1173 4609 1229 4662 δὲ
1253 4610 1421 4678 λέγει,
1461 4609 1522 4662 ού
1558 4609 1658 4680 τὴν
1691 4608 1786 4662 τοῦ

1915 4631 2018 4670 :um
2056 4629 2154 4685 ego
2195 4615 2373 4684 potius
2413 4617 2619 4680 gratias
2669 4630 2849 4684 agam,
2903 4615 3046 4683 quod
3087 4615 3229 4668 istud
3277 4628 3480 4682 nequa-

223 4701 583 4774 βαπτίσματος
623 4703 858 4771 δύναμιν
885 4701 1190 4774 καθαιρῶν,
1217 4701 1352 4754 ἀλλὰ
1402 4703 1504 4772 τὴν
1560 4701 1787 4754 ἐκείνων

220 4792 544 4860 ἀλαζονείαν,
568 4798 638 4866 ἣν
659 4791 806 4866 είχον
837 4797 928 4850 ἐπὶ
943 4795 1138 4866 τούτῳ.
1159 4795 1233 4847 Τὸ
1261 4794 1358 4867 μὲν
1378 4795 1486 4864 γὰρ
1503 4795 1788 4866 βάπτισμα

223 4885 371 4955 μέγα,
404 4888 462 4942 τὸ
489 4889 546 4942 δὲ
577 4888 866 4960 βαπτίζειν
889 4889 950 4941 οῦ
993 4887 1158 4959 μέγα.

288 5169 306 5203 ι
345 5153 457 5206 Ἵνα
511 5154 587 5224 μή
617 5171 702 5216 τις
732 5153 880 5226 εἴπῃ,
919 5153 1001 5207 ὅτι
1038 5153 1119 5219 είς
1148 5154 1210 5207 τὸ
1245 5153 1376 5224 ὲμδν
1425 5155 1598 5226 ὄνομα
1655 5157 1784 5211 ἐδά-

222 5258 394 5299 πτισα.
436 5262 454 5296 t
488 5246 600 5314 Οῦχ
631 5246 714 5299 ὅτι
756 5247 884 5318 περὶ
937 5247 1162 5299 ἐκείνων
1187 5247 1344 5301 τοῦτο
1372 5247 1581 5317 ελεγον,
1623 5250 1783 5316 ἀλλὰ,

223 5333 455 5399 Δέδοικα,
491 5338 649 5406 φησὶ,
691 5338 764 5408 μὴ
790 5338 868 5400 είς
891 5336 1052 5391 τοῦτο
1080 5339 1258 5411 προϐῇ
1308 5341 1342 5412 ἡ
1374 5341 1552 5405 νόσος.
1586 5343 1648 5395 Εί
1680 5343 1788 5416 γὰρ

224 5425 421 5480 ἀτελῶν
479 5429 784 5500 ἀνθρώπων
837 5429 1212 5500 βαπτιζόντων
1271 5434 1482 5504 αἵρεσις
1532 5434 1784 5504 γέγονεν,

221 5514 340 5579 ῐτως
361 5517 427 5572 ἂν
455 5519 591 5588 ἐμοῦ
633 5520 727 5574 τοῦ
767 5523 1010 5592 κήρυκος
1065 5521 1445 5592 βαπτίζοντος,
1491 5527 1638 5590 εἰκός
1668 5527 1786 5581 ἐστι

219 5611 469 5760 ἓνστῆναί
519 5631 694 5682 τινας,
738 5616 835 5668 καὶ
875 5614 935 5668 τὸ
989 5615 1278 5689 βάπτισμα
1331 5619 1457 5689 ἐμοὶ
1511 5620 1782 5692 ἐπιφημί-

249 5715 342 5757 ειν.

249 5715 342 5757 ειν.

1896 4723 2056 4775 quam
2092 4707 2354 4761 fecerim?
2390 4706 2517 4761 Haec
2562 4717 2746 4762 autem
2776 4707 2870 4770 ait,
2904 4707 3246 4776 baptismatis
3292 4715 3483 4759 aucto-

1895 4799 2108 4853 ritatem
2130 4797 2551 4866 haudquaquam
2574 4797 2923 4863 imminuens,
2943 4800 3038 4853 sed
3063 4797 3276 4853 illorum
3305 4805 3482 4852 osten-

1892 4890 2153 4944 tationem
2199 4903 2368 4956 quam
2432 4888 2629 4944 hacin
2695 4905 2753 4944 re
2818 4889 3114 4946 habebant.
3193 4888 3474 4957 Siquidem

1891 4979 2158 5048 baptisma
2192 4993 2281 5032 res
2315 4993 2508 5048 magna
2539 4987 2619 5034 est
2645 4995 2661 5046 ;
2686 4978 2964 5049 baptizare
2993 4990 3172 5034 autem
3213 4994 3319 5033 non
3351 4992 3476 5048 pcr-

1896 5071 2023 5126 inde
2050 5086 2324 5138 magnum.

1970 5162 2134 5218 Vens.
2174 5163 2262 5218 15.
2301 5182 2319 5216 ι
2352 5160 2430 5218 Ne
2453 5163 2576 5232 quis
2607 5164 2772 5230 dicat,
2828 5163 2970 5233 quod
3001 5163 3054 5216 in
3111 5176 3232 5217 meo
3262 5161 3478 5216 nomine

1894 5255 2310 5324 baptizaverim.
2372 5273 2391 5306 ι
2435 5254 2552 5310 Non
2593 5256 2736 5324 quod
2789 5259 2857 5310 de
2907 5255 3012 5310 illis
3068 5254 3170 5309 hoc
3203 5243 3475 5318 dicebam,

1889 5350 1985 5402 sed
2019 5358 2222 5412 metuo,
2255 5348 2451 5418 inquit,
2480 5363 2546 5404 ne
2594 5363 2661 5406 eo
2711 5347 3096 5418 progrediatur
3131 5345 3374 5400 morbus.
3411 5345 3468 5400 Si

1887 5441 2034 5494 enim
2063 5441 2288 5495 inllrmis
2335 5441 2654 5496 hominibus
2691 5441 3094 5511 baptizantibus
3119 5449 3468 5495 emerserunt

1889 5536 2145 5597 hmreses,
2174 5532 2355 5588 forsan
2390 5548 2475 5590 me
2508 5547 2756 5602 praecone
2782 5543 2835 5586 et
2860 5533 3116 5603 Apostolo
3139 5532 3468 5602 baptizante,

1887 5625 2183 5680 verisimile
2212 5634 2361 5681 esset
2401 5637 2460 5682 ut
2486 5627 2652 5698 aliqui
2685 5626 3083 5698 conspirarent,
3111 5636 3165 5684 et
3193 5626 3466 5699 baptisma

1885 5716 2015 5772 mihi
2038 5718 2302 5774 ascribere
2318 5728 2396 5773 nt.

1533 5808 1725 5872 Varia:
1760 5809 2085 5876 lectiones.

288 5899 576 5956 ίίδιείλετο
635 5923 706 5962 tu.
790 5908 831 5940 ¹¹
864 5907 956 5962 τοῦ
997 5908 1232 5980 Χριστοῦ
1270 5926 1321 5965 0.
