3874 6570
432 408 537 474 575
1333 419 1904 511 THEOPHYLACTI
1948 421 2361 483 BULGAIllrE
2400 424 2753 486 AllClIIEP.
3551 432 3649 492 576

504 525 664 582 Vens.
709 527 795 582 15.
837 548 856 581 ι
898 527 975 585 Ne
1008 531 1132 602 quis
1156 532 1324 602 dicat,
1355 537 1573 606 quodin
1619 552 1741 593 meo
1781 538 1971 595 nomini

2200 538 2248 612 [ι
2292 541 2408 595 Ἰνα
2444 543 2518 613 μή
2570 560 2653 606 τις
2679 542 2831 615 εἴπῃ,
2867 541 2948 596 ὄτι
2980 540 3059 602 είς
3084 542 3146 594 τδ
3186 539 3313 613 ἐμὸν
3343 540 3515 611 δνομα
3538 543 3656 598 ἐδά-

426 616 835 689 baptizaverim.
874 640 893 675 ι
932 622 1009 678 Ne
1041 626 1184 696 quis,
1211 627 1396 684 multis
1416 643 1445 683 a
1489 645 1575 684 me
1603 630 1913 700 baptizatis,
1940 646 1971 687 e

2100 648 2287 687 πτισα.
2331 652 2350 684 δ
2384 634 2505 688 ’Ὶνα
2545 634 2620 705 μὴ
2659 632 2872 688 πολλῶν
2918 632 3332 703 βαπτισθέντων
3367 633 3467 692 tim:
3497 632 3648 703 ἐμοῦ,

427 710 480 764 in
515 723 712 767 emtum
769 728 1024 785 magnum
1083 718 1542 785 coalescentibns,
1577 720 1726 775 dicat
1760 736 1846 777 me
1877 721 1971 777 illo:

2096 726 2192 778 καὶ
2222 725 2473 797 σύστημα
2499 727 2643 796 μέγα
2668 728 3078 800 ποιησαμένων,
3110 726 3237 800 εἴπῃ
3267 745 3352 791 τις
3377 727 3460 781 ὅτι
3485 726 3570 783 διὰ
3602 732 3657 785 τδ

425 799 478 853 in
510 816 629 856 meo
680 802 900 859 nomine
956 805 1287 873 baptizasse,
1346 824 1455 877 quo
1510 809 1638 863 illud
1666 809 1796 878 ipsis
1826 812 1986 865 attri-

423 893 696 959 hueretur,
726 903 890 965 atque
923 897 997 951 illi
1027 915 1054 951 a
1094 914 1179 953 me
1225 898 1465 955 Pauliani
1520 913 1990 971 nuncuparentur.

424 984 544 1039 Illos
587 996 768 1040 autem
828 999 1013 1058 aperte
1063 991 1382 1058 insectatur,
1442 994 1534 1063 qui
1581 995 1719 1048 hanc
1753 996 1823 1049 ob
1877 1011 1989 1050 rem

419 1076 617 1133 multos
646 1076 1021 1148 baptizabant.
1051 1079 1145 1135 Vel
1191 1082 1357 1137 etiam
1405 1083 1566 1139 aliter
1603 1103 1616 1138 :
1649 1082 1748 1149 Ne,
1783 1085 1826 1139 si
1858 1085 1988 1141 mihi

418 1168 873 1237 adhaerescerent,
899 1178 955 1227 et
997 1187 1116 1227 meo
1151 1175 1369 1229 nomine
1413 1184 1735 1231 vocarentur
1772 1177 1990 1248 (quem-

418 1261 703 1317 admodum
738 1264 888 1319 multi
918 1265 987 1319 ab
1039 1264 1104 1319 iis
1148 1266 1237 1336 qui
1280 1267 1423 1334 ipsos
1455 1268 1832 1336 baptizarunt,
1888 1285 1986 1339 ap-

419 1351 733 1419 pellantur),
765 1353 909 1407 dicat
947 1354 1163 1424 aliquis,
1190 1356 1331 1426 quod
1367 1358 1418 1410 in
1450 1372 1573 1411 meo
1613 1358 1832 1413 nomine
1894 1361 1987 1414 ba-

417 1442 756 1510 ptizavcrim,
790 1445 1017 1513 ideoque
1052 1447 1177 1500 mihi
1212 1448 1600 1516 astipulentur.

494 1552 513 1586 ι
559 1534 630 1590 lis
653 1547 830 1590 autem
855 1539 944 1608 qui
972 1538 1106 1594 salvi
1141 1540 1294 1604 iiunt,
1327 1542 1378 1594 id
1403 1551 1507 1607 est,
1545 1542 1720 1608 nobis,
1744 1548 1983 1613 potentia

419 1622 511 1679 Dei
541 1634 641 1681 est.
709 1646 727 1679 ι
757 1625 947 1694 Nobis,
978 1630 1173 1699 inquit,
1230 1632 1281 1685 id
1318 1640 1419 1698 est,
1455 1634 1726 1698 ﬁdelibus,
1759 1635 1848 1704 qui
1879 1651 1983 1689 non

416 1719 675 1785 perimus,
724 1719 820 1775 sed
852 1735 1158 1788 servamur,
1189 1738 1321 1778 crux
1357 1727 1651 1793 potentiam
1691 1727 1782 1781 Dei
1809 1736 1987 1783 osten-

2095 811 2230 882 ἐμὸν
2254 811 2427 883 ὄνομα
2458 815 2730 869 ἐϐάπτισα
2753 816 2976 882 αὐτοὺς,
3003 816 3094 872 ἵνα
3114 817 3522 887 ἐπιφημίζηται
3547 818 3658 873 τού-

2092 920 2226 969 τοις,
2273 906 2364 959 καὶ
2389 906 2484 959 ἀπ’
2513 906 2647 978 ἐμοῦ
2693 908 2967 963 καλῶνται
3006 909 3318 964 Παυλιανοί.
3372 911 3659 981 Ἐμφαντι-

2092 994 2204 1060 κῶς
2232 997 2288 1050 δὲ
2325 997 2542 1070 διέσυρε
2570 999 2696 1063 τοὺς
2715 999 2802 1054 διὰ
2827 1000 2987 1054 τοῦτο
3021 1000 3249 1064 πολλοὺς
3278 998 3654 1071 βαπτίζοντας.

2095 1086 2163 1138 Ἥ
2202 1088 2295 1140 καὶ
2318 1088 2494 1152 ἄλλως
2519 1104 2533 1119 ⁸
2582 1090 2698 1144 Ἵνα
2729 1092 2804 1161 μὴ
2840 1091 3257 1162 προσκειμένων
3290 1109 3405 1162 μοι,
3436 1094 3533 1147 καῖ¹
3563 1096 3653 1147 ἀπ’

2091 1173 2229 1245 ἐμοῦ
2292 1177 2648 1249 καλουμένων
2695 1178 2907 1251 (ὥσπερ
2960 1179 3069 1234 ἀπὸ
3121 1180 3230 1234 τῶν
3279 1179 3652 1252 βαπτισάντων

2090 1267 2287 1333 αὐτοὺς
2314 1270 2543 1342 πολλοὶ),
2574 1272 2705 1346 εῐπῃ
2757 1289 2841 1334 τις
2870 1274 2953 1327 ὃτι
2979 1274 3060 1337 εἰς
3083 1273 3145 1327 τὸ
3164 1273 3295 1344 ἐμὸν
3317 1274 3493 1344 ὄνομα
3530 1273 3652 1331 £66-

2088 1377 2257 1415 πτισα
2290 1363 2510 1430 αὐτοὺς,
2539 1368 2633 1418 καὶ
2654 1365 2743 1420 διὰ
2766 1364 2927 1419 τοῦτό
2958 1383 3052 1437 μοι
3090 1366 3484 1438 πρόσκεινται.

2162 1560 2181 1592 ι
2225 1542 2352 1605 Τοῖς
2378 1541 2434 1595 δὲ
2467 1540 2795 1615 σωζομένοις
2824 1543 2955 1613 ἡμῖν
2983 1543 3213 1615 δύναμις
3241 1544 3383 1598 θεοῦ
3431 1545 3593 1599 ἐστιν.
3628 1567 3648 1598 ι

2097 1633 2278 1703 Ἦμῖν,
2309 1635 2463 1704 φησὶ,
2489 1636 2603 1698 τοῖς
2633 1638 2862 1697 πιστοῖς,
2887 1637 2998 1697 τοῖς
3027 1636 3103 1707 μὴ
3124 1635 3490 1704 ἀπολωλόσιν,
3527 1637 3649 1693 ἀλλὰ

2086 1722 2436 1794 σωζομένοις,
2496 1726 2731 1796 δύναμιν
2790 1726 2925 1780 Θεοῦ
2998 1728 3254 1798 ἐμφαίνει
3304 1730 3336 1781 ό
3407 1730 3645 1801 σταυρός.

414 1809 512 1863 dit.
542 1809 745 1865 Divina:
776 1813 919 1866 enim
961 1815 1213 1882 potentize
1253 1817 1465 1886 signum
1498 1829 1602 1880 est,
1634 1824 1773 1889 quod
1806 1821 1852 1875 is
1886 1821 1971 1891 qui

2085 1819 2379 1887 Δυνάμεως
2405 1818 2513 1887 γὰρ
2543 1819 2714 1884 θείας,
2742 1819 2802 1872 τὸ
2838 1821 2934 1873 τὸν
2989 1820 3053 1875 ἐν
3120 1821 3320 1884 δεινοῖς
3372 1821 3649 1892 γενόμενον

414 1915 503 1956 res
531 1904 787 1958 adversus
807 1905 1030 1973 patitur,
1056 1906 1134 1961 eis
1167 1912 1413 1976 superior
1448 1912 1663 1966 evadat.
1695 1913 1772 1968 Ac
1796 1929 1985 1982 quein-

413 1994 699 2050 admodnm
768 1998 820 2051 in
895 2000 1070 2055 tribus
1130 2002 1311 2070 pueris
1375 2004 1546 2076 magis
1601 2006 1980 2061 admirandum

410 2096 552 2151 erat,
581 2089 722 2157 quod
751 2103 872 2143 cum
905 2091 959 2145 in
998 2092 1273 2148 fornacem
1317 2093 1657 2161 incidissent,
1697 2112 1801 2152 non
1832 2113 1983 2153 com-

411 2175 550 2230 busti
579 2187 756 2245 erant,
789 2194 947 2247 quam
981 2183 1026 2235 si
1058 2181 1109 2235 in
1157 2183 1430 2237 caminum
1459 2200 1565 2240 non
1596 2186 1916 2243 incidissent
1961 2206 1975 2245 :

409 2277 572 2338 atque
626 2270 702 2324 uti
731 2270 783 2326 in
818 2269 952 2326 Jona
1004 2274 1180 2342 majus
1232 2283 1349 2329 crat
1391 2277 1532 2344 quod
1575 2294 1603 2330 a
1637 2288 1756 2333 ceto
1786 2279 1973 2335 absor-

407 2367 533 2426 ptus
587 2375 691 2414 non
748 2374 1179 2425 consumeretur.
1226 2378 1388 2432 quam
1446 2366 1489 2419 si
1541 2382 1645 2421 non
1689 2370 1977 2439 absorptus

401 2449 597 2506 fuisset
630 2471 646 2508 :
684 2452 756 2508 ita
797 2469 1014 2523 quoque
1055 2455 1107 2511 in
1137 2456 1356 2512 Christo
1398 2456 1556 2527 longe
1600 2460 1977 2518 admirabilius

402 2551 544 2611 erat,
575 2554 633 2600 ut
694 2545 742 2602 is
789 2548 1072 2603 moriendo
1109 2556 1335 2604 mortem
1385 2550 1649 2617 vinceret,
1698 2567 1860 2622 quam
1926 2554 1971 2608 si

402 2637 623 2692 oinnino
654 2652 757 2692 non
799 2650 1121 2694 moreretur.

480 2725 641 2782 Vens.
704 2728 787 2783 l6.
853 2747 871 2781 ι
934 2729 1209 2799 Baptizovi
1259 2741 1440 2786 autem
1482 2742 1535 2787 et
1567 2731 1853 2803 Stephanze
1879 2735 1974 2788 do-

405 2835 576 2874 mum.
617 2838 636 2870 (
679 2817 879 2875 Omnes
905 2821 1160 2875 nimirum
1192 2824 1244 2877 in
1275 2823 1437 2878 domo
1466 2822 1588 2893 ejus
1620 2825 1969 2881 exsistentes.

403 2910 629 2981 Magnus
652 2911 795 2966 enim
834 2911 920 2966 hic
968 2910 1070 2969 fuit
1100 2915 1371 2982 Corinthi,
1422 2930 1628 2971 necnon
1681 2917 1970 2975 celeberri-

402 3020 542 3059 "llis-

474 3114 495 3147 ι
539 3094 807 3151 Czeterum
833 3099 1018 3153 nescio
1037 3100 1082 3154 si
1115 3115 1274 3170 quem
1306 3100 1471 3155 alium
1495 3101 1910 3172 baptizaveriiu.
1944 3124 1963 3158 ι

2086 1909 2342 1978 ἀνωτέρω
2375 1908 2693 1962 τῶννδεινῶν
2713 1909 2985 1978 γενέσθαι.
3019 1911 3129 1965 Καὶ
3152 1911 3411 1983 καθάπερ
3433 1914 3521 1965 ἐπὶ
3547 1913 3651 1967 τῶν

2081 1998 2251 2067 τριῶν
2281 1998 2508 2079 παίδων,
2541 1997 2636 2052 τοῦ
2672 2000 2746 2069 μὴ
2775 2001 3037 2070 ἐμπεσεῖν
3071 2002 3153 2065 είς
3188 2001 3286 2073 τὴν
3312 2003 3567 2074 κάμινον,
3588 2005 3644 2057 τὸ
3674 2074 3677 2079 λ

2081 2078 2419 2160 ἐμπεσόντας
2457 2090 2531 2161 μὴ
2560 2090 2837 2161 καυθῆναι
2871 2090 3362 2165 θαυμασιώτερον
3420 2096 3513 2149 καὶ
3562 2097 3645 2149 ἐπὶ

2078 2181 2173 2234 τοῦ
2217 2182 2391 2246 Ἰωνᾶ,
2426 2183 2522 2235 τοῦ
2551 2182 2627 2253 μὴ
2658 2184 3039 2253 καταποθῆναι
3076 2184 3183 2238 ὑπὸ
3217 2185 3311 2238 τοῦ
3338 2188 3559 2255 κήτους,
3589 2189 3644 2239 τὸ

2077 2270 2168 2323 τὸν
2197 2271 2574 2326 καταποθέντα
2607 2273 2683 2341 μὴ
2719 2270 3095 2341 ἀναλωθῆναι,
3131 2273 3317 2343 μεῖζον
3338 2290 3352 2305 ·
3385 2274 3530 2328 οθτω
3556 2277 3641 2328 καὶ

2077 2365 2169 2416 ἐπὶ
2198 2364 2292 2417 τοῦ
2321 2363 2585 2434 Χριστοῦ,
2614 2363 2708 2418 τοῦ
2744 2364 2818 2430 μὴ
2864 2363 3181 2429 ἀποθανεῖν,
3217 2363 3280 2418 τὸ
3313 2365 3643 2420 ἀποθανόντα

2076 2448 2295 2523 νικῆσαι
2321 2456 2413 2509 τὸν
2438 2455 2694 2521 θάνατον,
2730 2454 2911 2527 πολλῷ
2957 2456 3135 2529 δήπου
3192 2457 3639 2530 παραδοξότερον.

2074 2545 2205 2601 Cod.
2229 2544 2515 2619 Arundel.]

2149 2747 2169 2782 σ
2214 2729 2513 2784 Ἐὁάπτισα
2538 2728 2594 2782 δὲ
2623 2728 2830 2782 καὶτὸν
2860 2729 3112 2797 Στεφανᾶ
3138 2724 3307 2783 οἷκον.
3351 2747 3370 2781 ο
3410 2728 3549 2793 Τοὺς
3580 2729 3641 2783 ἐν

2073 2823 2150 2895 τῷ
2187 2824 2323 2894 οἴκῳ
2354 2822 2521 2877 αὐτοῦ
2547 2824 2756 2888 πάντας
2782 2824 3049 2894 δηλονότι.
3078 2824 3270 2893 Μέγας
3294 2823 3355 2877 δὲ
3396 2820 3462 2895 ῆν
3487 2816 3633 2888 οὗτος

2073 2917 2130 2970 ἐν
2159 2914 2433 2987 Κορίνθῳ,
2473 2917 2568 2968 καὶ
2594 2915 3033 2986 ἐπισημότατος.

2147 3115 2167 3150 ι
2202 3095 2402 3151 Λοιπὸν
2421 3095 2523 3150 οὐκ
2549 3090 2664 3149 οῖδα
2687 3095 2740 3149 εί
2775 3112 2898 3150 τινα
2936 3094 3094 3150 ἄλλον
3139 3095 3439 3152 ἐϐάπτισα.
3484 3116 3503 3150 ι
3540 3098 3632 3150 Το-

393 3187 567 3254 Adeo,
606 3189 798 3258 inquit,
834 3206 943 3246 non
981 3206 1099 3246 sum
1151 3193 1420 3247 sollicitus
1480 3194 1625 3249 circa
1678 3195 1962 3264 baptisma,

2084 3188 2282 3254 τοῦτον,
2313 3188 2499 3260 φησὶν,
2528 3188 2628 3241 οὐκ
2665 3187 2781 3241 ἐστι
2835 3204 2926 3257 μοι
2956 3188 3429 3258 περισπούδαστον
3458 3194 3517 3243 τὸ
3546 3190 3634 3259 βα-

399 3291 458 3335 nt
492 3297 557 3336 ne
591 3283 927 3338 meminerim
958 3284 1170 3353 quidem
1198 3301 1326 3340 num
1352 3287 1518 3341 alium
1554 3287 1965 3358 baptizaverim.

397 3370 509 3426 Cur
530 3386 660 3442 ergo
689 3388 784 3428 vos
816 3373 956 3428 hanc
988 3374 1059 3430 ob
1103 3389 1214 3429 rem
1245 3375 1531 3430 ell'erimiui
1560 3377 1585 3433 ?

470 3460 632 3518 Vens.
667 3464 753 3518 l7.
793 3483 810 3517 ι
845 3465 957 3519 Non
991 3466 1133 3521 enim
1186 3467 1337 3521 misit
1383 3483 1467 3521 me
1510 3468 1760 3525 Christus
1787 3470 1966 3541 bapti-

398 3570 552 3622 zare,
585 3555 680 3610 sed
733 3549 1133 3629 cvangeliiare.
1175 3578 1197 3613 ›
1255 3560 1395 3614 Nam
1450 3562 1773 3619 laboriosius
1826 3576 1965 3634 erat,

395 3657 557 3717 atque
584 3650 764 3705 animo
798 3650 977 3708 ferreo
1008 3651 1163 3721 plane
1208 3656 1423 3722 egebat,
1466 3652 1818 3726 Evangelium
1867 3673 1968 3712 an-

398 3741 669 3798 nuntiare.
705 3741 953 3799 Hominis
977 3744 1120 3798 enim
1167 3746 1495 3800 sententiam
1531 3754 1765 3815 mutare,
1801 3761 1966 3817 atque

396 3846 426 3883 a
466 3833 706 3898 paternis
741 3834 1120 3891 traditionibus
1150 3836 1437 3903 abducere,
1483 3838 1643 3908 idque
1672 3840 1728 3895 in
1772 3842 1965 3897 mediis

396 3921 671 3988 periculis,
704 3926 882 3996 magni
932 3928 1095 3982 animi
1143 3938 1199 3982 et
1250 3929 1456 3982 strenui
1491 3945 1628 3999 opus
1657 3942 1761 3985 est.
1795 3931 1963 3988 Assuo

397 4025 545 4066 mere
575 4021 752 4067 autem
799 4029 1110 4083 persuasum
1148 4026 1231 4073 et-
1258 4018 1322 4073 ad
1365 4020 1631 4088 baptisma
1692 4032 1962 4091 paratum,

394 4116 628 4171 eumque
681 4103 997 4173 baptizare,
1050 4108 1337 4178 cujuslibet
1389 4110 1552 4165 fuerit
1602 4114 1964 4168 sacerdotium

398 4192 667 4248 habentis.
698 4193 851 4261 Quod
877 4197 919 4250 si
944 4197 1011 4250 ad
1041 4200 1426 4267 baptizandnm
1462 4218 1564 4257 non
1604 4212 1719 4257 erat
1742 4204 1961 4270 missus,

395 4283 665 4351 quomodo
697 4287 921 4341 omnino
959 4288 1286 4356 baptizavit?
1320 4293 1397 4345 Ad
1440 4293 1543 4347 hoc
1575 4294 1793 4363 quidem
1828 4294 1965 4365 prie-

393 4375 551 4445 cipue
577 4392 679 4433 non
714 4379 1028 4436 mittebatur
1056 4398 1071 4436 :
1101 4394 1608 4453 verunitamenmon
1645 4386 1964 4455 prohibeba-

397 4476 483 4521 tur
508 4471 798 4539 quominus
857 4474 999 4531 istud
1061 4474 1286 4534 r’aceret.
1325 4479 1406 4534 Ad
1456 4480 1590 4535 illud
1639 4481 1786 4536 enim
1821 4484 1965 4551 quod

395 4560 570 4631 majus
595 4571 714 4617 erat
742 4564 1075 4633 mittebatur,
1115 4578 1171 4623 et
1205 4578 1381 4626 tamen
1438 4586 1545 4626 non
1594 4582 1712 4627 erat
1739 4573 1786 4628 ei
1817 4573 1957 4629 inhi-
1990 4560 2038 4620 ο

390 4652 587 4723 bitum,
613 4670 685 4713 ne
708 4657 765 4712 id
800 4660 942 4729 quod
979 4661 1158 4717 minus
1191 4672 1357 4728 esset,
1397 4663 1616 4721 elliciat.

468 4748 632 4822 126
664 4767 681 4800 ι
718 4748 834 4805 Νοιι
872 4752 922 4805 in
968 4753 1228 4821 sapientia
1259 4756 1430 4822 verbi,
1462 4767 1522 4812 ut
1570 4773 1677 4814 non
1729 4774 1959 4814 evacue—

393 4849 483 4896 tur
509 4859 641 4898 crux
668 4843 891 4898 Christi.
930 4839 954 4895 Β
987 4845 1212 4902 Sublato
1243 4863 1430 4903 eorum
1480 4850 1614 4905 [astu
1649 4852 1740 4920 qui
1780 4851 1956 4921 bap:i-

390 4933 582 4992 smatis
600 4935 813 4991 nomine
830 4936 1024 4991 cristas
1053 4949 1360 5006 erexerant,
1380 4940 1446 4994 ad
1475 4954 1570 4997 eos
1595 4959 1736 4999 nune
1764 4955 1945 4998 trans-

392 5026 458 5089 it,
502 5026 592 5095 qui
625 5038 850 5082 externa
895 5029 1163 5097 sapientia
1220 5031 1607 5100 ell‘erebantur,
1662 5033 1962 5104 inquiens:

390 5116 536 5173 Misit
565 5132 652 5172 me
679 5116 1026 5187 Evangelium
1054 5121 1367 5190 praedicare,
1407 5140 1426 5175 ι
1469 5138 1576 5176 non
1611 5122 1664 5175 in
1699 5123 1964 5192 sapientia

389 5208 563 5275 verbi,
601 5228 619 5262 ι
684 5209 788 5264 hoc
816 5220 920 5276 est,
969 5211 1021 5265 in
1064 5212 1394 5281 eloquentia,
1438 5214 1813 5283 sermonisque
1840 5228 1961 5268 cum

389 5300 683 5373 elegantia,
731 5309 842 5354 tum
900 5311 1217 5369 venustate;
1279 5317 1346 5357 ne
1399 5317 1595 5356 noxam
1647 5302 1882 5370 patiatur
1910 5309 1966 5355 et

390 5393 824 5448 imminutionem
859 5410 1018 5459 crux,
1051 5394 1169 5450 sive
1200 5395 1266 5449 de
1296 5409 1459 5448 cruce
1493 5393 1823 5462 praedicatio.
1858 5391 1970 5448 lloe

388 5481 534 5538 enim
568 5493 650 5537 est
677 5484 819 5552 quod
850 5483 924 5538 ait
958 5501 974 5540 :
1024 5503 1042 5537 ι
1083 5492 1400 5549 evaenctnr,
1432 5503 1452 5536 ι
1482 5482 1533 5538 id
1564 5492 1669 5547 est,
1692 5482 1898 5537 inutilis
1919 5491 1973 5536 et

391 5573 569 5630 inanis
614 5574 941 5630 inveniatur.
985 5576 1044 5630 Si
1094 5576 1239 5631 enim
1276 5574 1331 5628 in
1361 5574 1625 5642 sapientia
1654 5574 1801 5630 verbi
1833 5588 1967 5643 apo-

391 5665 513 5722 stoii
546 5666 951 5734 praedicassent,
990 5667 1295 5739 potuissent
1325 5665 1542 5738 quidam
1577 5667 1778 5730 dicere,
1821 5664 1965 5734 quod

2073 3274 2302 3348 πτίζειν,
2345 3280 2485 3333 ὥστε
2517 3280 2640 3333 οὐδὲ
2696 3279 2983 3350 μέμνημαι
3037 3281 3092 3333 ετ
3128 3297 3252 3335 τινα
3298 3281 3465 3335 ἄλλον
3512 3283 3629 3336 ἐῦἀο

2071 3389 2268 3428 πτισα·
2304 3372 2422 3436 πῶς
2453 3370 2545 3425 οὖν
2578 3372 2735 3441 ὑμεῖς
2756 3373 2850 3425 ἐπὶ
2882 3372 3057 3442 τούτῳ
3094 3372 3359 3444 αἷρεσθες

2145 3485 2165 3518 ι
2218 3467 2292 3521 Οῦ
2315 3466 2423 3536 γάρ
2449 3464 2740 3520 ἀπέστειλέ
2779 3482 2845 3534 με
2886 3464 3124 3536 Χριστὸς
3172 3465 3484 3536 βαπτίζειν,
3526 3467 3630 3520 ἀλλ’

2069 3556 2536 3625 εὐαγγελίζεσθαι.
2583 3574 2601 3608 ι
2643 3556 2716 3609 Τὸ
2748 3557 2857 3627 γὰρ
2886 3555 3316 3629 ἐπιπονώτερον,
3345 3559 3443 3612 καὶ
3464 3558 3628 3628 ψυχῆς

2071 3649 2295 3718 σιδηρᾶς
2342 3648 2618 3716 δεόμενον,
2670 3646 2731 3700 τὸ
2778 3646 3229 3716 εὐαγγελίζεσθαι
3268 3644 3359 3720 ἦν.
3417 3649 3490 3702 Τὸ
3532 3651 3630 3718 γὰρ

2073 3742 2403 3810 μεταπεῖσαι
2457 3738 2764 3810 ἄνθρωπον,
2831 3739 2929 3792 καὶ
2985 3739 3332 3810 μεταστῆσαι
3386 3738 3496 3794 τῶν
3540 3758 3630 3792 πα·
3680 3736 3685 3741 ’

2068 3832 2259 3903 τρῲων
2319 3832 2627 3903 δογμάτων,
2686 3833 2783 3886 καὶ
2831 3831 3006 3886 ταῦτα
3043 3833 3101 3885 ἐν
3163 3833 3315 3903 μέσῳ
3358 3832 3631 3895 κινδύνων,

2071 3925 2312 3996 μεγάλης
2357 3925 2535 3995 ψυχῆς
2586 3924 2681 3978 καὶ
2719 3925 2994 3994 γενναίας.
3067 3925 3142 3978 Τὸ
3194 3924 3250 3978 δὲ
3300 3927 3629 3997 παραλαϐεῖν

2067 4020 2284 4090 ἕτοιμον
2338 4020 2432 4072 καὶ
2496 4017 2790 4087 βαπτίσαι,
2831 4017 3037 4080 πάντος
3103 4018 3170 4072 ἂν
3218 4018 3303 4089 εἴη
3381 4018 3477 4071 τοῦ
3540 4018 3629 4088 τὴν

2071 4113 2371 4183 ἱερωσύνην
2400 4112 2636 4182 ἔχοντος.
2672 4113 2780 4166 Καὶ
2805 4113 2855 4165 εί
2888 4112 2988 4164 οὐκ
3016 4112 3297 4181 ἀπεστάλη
3337 4112 3627 4181 βαπτίζειν,

2069 4205 2185 4269 πῶς
2210 4204 2348 4268 ὅλως
2375 4205 2708 4270 ἐϐάπτισενς
2754 4205 2868 4259 Ούκ
2911 4204 3193 4275 ἀπεστάλη
3241 4204 3339 4274 μὲν
3374 4206 3457 4269 εἰς
3484 4205 3629 4258 τοῦτο

2068 4296 2534 4367 προηγουμένως·
2596 4296 2737 4366 πλὴν
2817 4296 2933 4351 ἀλλ’
2993 4295 3092 4351 οὐκ
3165 4297 3418 4369 ἐκωλύθη
3483 4297 3628 4350 τοῦτο

2069 4390 2265 4441 ποιεῖν.
2295 4388 2388 4451 Εἰς
2418 4388 2517 4458 μὲν
2552 4387 2659 4459 γὰρ
2688 4387 2749 4442 τὸ
2781 4388 2967 4458 μεῖζον
2996 4389 3300 4460 ἀπεστάλη,
3333 4390 3441 4445 ἀπὸ
3460 4390 3515 4444 δὲ
3542 4386 3627 4442 τοῦ

2068 4480 2163 4534 καὶ
2189 4478 2250 4534 τὸ
2277 4479 2502 4536 ἔλαττον
2525 4481 2771 4552 ἐνεργεῖν
2806 4481 2908 4535 οὐκ
2935 4479 3214 4554 ἐκωλύθη.

2147 4771 2166 4805 ι
2207 4751 2323 4806 Οὐκ
2344 4753 2402 4806 ἐν
2438 4751 2601 4823 σοφίᾳ
2637 4751 2820 4821 λόγου,
2861 4753 2948 4808 ἵνα
2978 4752 3053 4825 μὴ
3089 4752 3300 4826 κενωθῇ
3339 4755 3369 4808 ό
3412 4749 3627 4823 σταυρὸς

2069 4843 2164 4898 τοῦ
2194 4841 2458 4913 Χριστοῦ.
2507 4862 2526 4895 ι
2573 4842 2835 4897 Καθελὼν
2890 4843 2993 4916 τὴν
3046 4842 3221 4916 ὀφρὺν
3264 4844 3375 4897 τῶν
3430 4842 3519 4896 ἐπὶ
3557 4839 3626 4909 τῷ

2065 4935 2355 5008 βαπτίζειν
2391 4936 2534 5006 μέγα
2572 4934 2936 5006 φρονούντων,
2989 4935 3312 5005 μεταϐαίνει
3342 4936 3389 4968 ’³
3416 4933 3506 4988 νῦν
3540 4930 3624 4985 καὶ

2064 5029 2158 5081 ἐπὶ
2187 5027 2314 5090 τοὺς
2341 5028 2408 5097 τῇ
2442 5024 2642 5090 ἔξωθεν
2670 5026 2833 5098 σοφία
2862 5026 3292 5097 ἐπαιρομένους,
3326 5027 3422 5081 καί
3451 5041 3622 5098 φησιν,

2062 5118 2144 5170 ὅτι
2208 5115 2527 5171 Ἀπέστειλὲ
2579 5133 2645 5188 με
2674 5116 3147 5186 εὐαγγελίζεσθαι,
3198 5135 3218 5170 ι
3253 5119 3356 5172 ούκ
3385 5119 3445 5171 ἐν
3475 5114 3624 5185 accpit}

2062 5206 2277 5276 λόγου,ι
2304 5208 2605 5275 τουτέστιν,
2627 5208 2930 5280 εὐγλωττία
2954 5210 3051 5264 καὶ
3076 5210 3418 5282 καλλιεπεέᾳ,
3449 5210 3531 5264 ἵνα
3558 5203 3626 5276 μὴ

2066 5298 2274 5371 βλάϐην
2334 5301 2429 5354 καὶ
2478 5299 2777 5356 ἐλάττωσιν
2818 5302 2981 5356 πάθοι
3026 5303 3056 5355 ό
3115 5303 3374 5372 σταυρὸς,
3418 5303 3529 5374 ἦτοι
3571 5296 3625 5349 τὸ

2070 5388 2319 5459 περὶτοῦ
2365 5390 2602 5461 σταυροῦ
2644 5391 2928 5463 κήρυγμα.
2971 5392 3143 5447 Τοῦτο
3191 5393 3300 5465 γάρ
3345 5395 3428 5461 re,
3469 5412 3486 5445 ι
3525 5392 3618 5446 Κε-

2069 5484 2239 5554 νωθῇ,
2276 5502 2294 5536 ι
2348 5483 2653 5551 τουτέστιν,
2689 5486 2967 5556 ἄχρηστος
3008 5486 3103 5540 καὶ
3136 5473 3291 5550 κενὸς
3324 5486 3537 5559 εὑρεθῇ.
3565 5482 3620 5535 Ei

2070 5574 2184 5645 γὰρ
2216 5575 2274 5626 ἐν
2303 5572 2465 5645 σοφίᾳ
2494 5573 2652 5644 λόγου
2678 5576 2729 5628 οἱ
2755 5575 3043 5630 ἀπόστολοι
3071 5577 3370 5648 ἐκήρυξαν,
3407 5575 3540 5647 εἶχον
3562 5572 3619 5627 ἀν

2069 5680 2215 5728 τινες
2253 5663 2453 5734 λέγειν,
2500 5665 2583 5721 ὅτι
2620 5666 2709 5721 διὰ
2742 5666 2842 5739 τὴν
2903 5667 3236 5741 πιθανότητα
3294 5669 3404 5725 τῶν
3458 5666 3616 5746 λόγων

1734 5756 1936 5822 Variae
2000 5755 2325 5822 lectiones.

480 5852 521 5893 "
561 5857 878 5916 καταϐαίνει
904 5874 956 5916 ο.
