3874 6606
465 334 571 397 579
1347 324 1921 388 TH-EOPHYLACTI
1956 324 1995 384 Β

2121 324 2370 386 esum
2410 323 2772 385 ARCHIEP.
3568 332 3651 400 580

464 447 746 520 pieutiam,
795 464 814 501 ι
864 445 1058 515 accipit
1107 457 1226 515 pro,
1276 441 1603 498 iuellicarem
1644 456 1764 496 csse
1814 441 1994 495 demor

2140 445 2235 495 καὶ
2287 440 2480 512 ἢλεγξε
2539 441 2749 514 μωρὰν,
2800 440 2875 504 ὡς
2937 438 3013 513 μὴ
3063 437 3353 511 ίσχύσασαν
3393 444 3555 514 εὗρεῐν
3602 452 3651 506 τὸ

462 543 678 607 stravit,
705 557 767 597 ac
814 540 1050 596 convicit
1102 550 1225 594 esse
1274 535 1520 601 stultam,
1563 543 1768 604 atque
1800 545 2028 603 noupo-
2136 531 2358 604 ἀληθές.

463 634 625 691 tuerit
655 631 899 691 invenire
917 646 1124 686 verum.

534 724 695 779 Vens.
728 722 818 776 (ιο.
857 738 875 771 ι
916 718 1015 776 Ubi
1049 718 1310 788 sapiens?
1335 717 1427 772 ubi
1454 715 1669 773 scriba?
1700 714 1789 770 ubi
1841 714 2030 784 diSpu-

2218 709 2266 782 [t
2306 711 2418 765 Ποῦ
2446 711 2646 781 σοφόςς
2700 710 2806 765 ποῦ
2833 710 3222 784 γραμματεύςε
3263 712 3361 766 ποῦ
3391 713 3652 790 συζητητὴς

463 824 603 869 lator
626 813 805 869 saeculi
838 809 1048 882 hujus?
1074 830 1093 863 ι
1122 810 1415 879 Scriptura:
1438 806 1745 863 testimonia
1782 805 1993 874 protulit

2132 801 2228 857 τοῦ
2256 803 2452 866 αἰῶνος
2485 802 2676 857 τούτου
2708 819 2727 872 ;
2772 823 2790 855 ι
2835 800 2970 857 Eine
3010 802 3082 858 τὰ
3110 803 3208 874 τῆς
3239 804 3470 877 Γραφῆς’
3501 806 3653 864 λοιπὸν

457 904 713 973 deinceps
748 904 931 971 itaque
965 900 1487 955 detnonstrationem
1521 911 1551 950 a
1579 898 1740 950 rebus
1773 895 1903 964 ipsis
1936 896 1987 950 in

2134 888 2229 948 οὗν
2261 893 2357 946 καὶ
2383 893 2484 965 τὴν
2505 893 2614 948 ἀπὸ
2650 894 2759 948 τῶν
2798 894 3139 965 πραγμάτων
3166 894 3355 963 ἐπάγει
3399 898 3651 965 ἀπόδειξιν,

458 995 625 1056 ducit,
646 990 896 1062 inquiens
924 1009 937 1045 :
968 987 1067 1044 Ubi
1094 987 1405 1045 Graecorum
1427 985 1682 1055 sapiens?
1704 984 1791 1039 ubi
1813 984 1988 1040 .luda‘c

2134 984 2227 1040 καί
2245 1000 2406 1055 φησι·
2426 1003 2445 1037 ι
2469 984 2578 1040 Ποῦ
2597 985 2757 1055 σοφὸς
2782 1004 2801 1038 ι
2821 985 3117 1056 Ἐλλήνωνς
3143 1004 3162 1038 ι
3187 985 3285 1039 ποῦ
3302 992 3649 1059 γραμματεὺς»

460 1101 576 1139 rum
618 1082 830 1140 scriba?
856 1082 945 1137 ubi
989 1080 1289 1151 disputator
1315 1079 1404 1148 qui
1455 1076 1788 1149 syllogismis
1817 1084 1874 1131 et
1914 1076 1990 1132 dis

2148 1075 2418 1129 Ἰουδαίων
2445 1091 2460 1142 ;
2492 1093 2511 1127 ε
2532 1073 2632 1128 ποῦ
2654 1073 3005 1147 συξητητὴςιι
3037 1072 3405 1145 συλλογισμοῖς
3428 1075 3512 1129 καὶ
3526 1077 3650 1149 ἐρεύ-

458 1176 843 1248 ηυῗείιὶοοὶιηιε
870 1173 1051 1229 omnia
1080 1173 1306 1228 tribuit?
1342 1171 1466 1239 Ubi,
1495 1171 1539 1226 si
1568 1185 1690 1226 eum
1725 1181 1988 1240 apparent

2133 1184 2253 1233 ναις
2289 1168 2356 1222 τὰ
2382 1168 2561 1223 πάντα
2590 1168 2905 1240 ἐπιτρέπων
2934 1185 2949 1234 ;
3010 1165 3115 1221 ποῦ
3163 1165 3296 1238 πρὸς
3324 1168 3417 1239 τὴν
3437 1166 3654 1224 δοκοῦσαν

460 1266 855 1338 praedicationis
897 1264 1128 1321 stultitia
1185 1261 1605 1334 comparentur?
1638 1260 1908 1331 Respectu
1957 1258 1990 1313 il

2136 1263 2351 1335 μωρίαν
2402 1261 2497 1317 τοῦ
2549 1260 2956 1333 κηρύγματος;
3002 1257 3107 1313 ποῦ
3139 1257 3394 1328 φθάνουσι
3436 1259 3557 1332 πρὸς
3579 1261 3654 1314 αύ-

460 1364 560 1417 tius
603 1376 761 1430 quem
788 1358 963 1415 locum
995 1355 1297 1427 occupant?
1334 1353 1699 1410 Trauscendit
1728 1353 1875 1408 enim
1930 1366 1990 1408 eo

2131 1358 2268 1426 τήνς
2309 1353 2583 1425 ’Υπερέδη
2646 1353 2753 1423 γὰρ
2805 1352 2902 1406 καὶ
2938 1350 3229 1422 νενίκηκεν
3277 1349 3486 1416 αὐτούς.
3521 1370 3539 1404 ι
3568 1353 3652 1407 Τοῦ

459 1464 513 1509 et
541 1452 840 1522 superavit.
875 1468 895 1503 ι
930 1448 1122 1506 Saeculi
1157 1447 1340 1520 hujus,
1373 1466 1393 1500 ι
1422 1448 1525 1504 hoc
1557 1454 1662 1514 est,
1696 1445 1749 1500 in
1779 1438 1883 1500 hoc
1919 1459 1989 1501 sa:

2132 1448 2327 1510 αἰῶνος
2368 1464 2385 1496 ι
2412 1445 2469 1499 δὲ
2507 1464 2526 1496 ι
2562 1444 2776 1508 τούτου,
2814 1462 2834 1497 ι
2867 1442 2991 1498 ἀντὶ
3020 1442 3136 1510 τοῦ,
3163 1443 3222 1496 ἐν
3247 1441 3322 1513 τῷ
3346 1441 3492 1496 αίῶνι
3516 1444 3656 1517 τούτῳ

460 1547 581 1602 culo
606 1547 893 1601 exsistens.

2132 1541 2447 1611 γενόμενος.

537 1659 556 1691 ι
598 1637 789 1693 Νοηηο
835 1636 1054 1693 stultam
1118 1633 1245 1690 fecit
1293 1633 1437 1689 Deus
1479 1632 1803 1704 sapientiam
1863 1629 2025 1701 hujus

2209 1653 2227 1686 ι
2266 1632 2404 1703 Οὐχὶ
2434 1629 2719 1702 ἐμώρανεν
2744 1629 2772 1683 6
2805 1629 2939 1692 Θεὸς
2954 1627 3052 1701 τὴν
3081 1625 3273 1696 σοφίαν
3294 1625 3385 1680 τοῦ
3402 1626 3611 1698 κόσμου;
3634 1645 3648 1678 ι

463 1731 685 1786 mundi?
736 1749 758 1784 ι
804 1728 996 1785 Nonne
1057 1727 1199 1783 Deus
1254 1725 1576 1797 sapientiam
1625 1724 1934 1780 Iudaeorum
1971 1740 1993 1777 c

2138 1726 2279 1797 Ούχὶ
2308 1725 2672 1795 ἀνενέργητον
2703 1720 2986 1788 ἀπέδειξεν
3008 1722 3037 1774 6
3084 1718 3219 1784 Θεὸς
3243 1717 3341 1790 τὴν
3373 1719 3548 1788 σοφίαν
3571 1719 3655 1771 τῶν

461 1823 791 1887 Crtecorum,
829 1821 919 1892 qui
958 1836 1044 1875 res
1092 1820 1391 1873 mundanas
1431 1818 1737 1887 sapiebaut,
1783 1814 1991 1871 inellica

2133 1821 2201 1873 τὰ
2232 1816 2472 1889 κοσμικὰ
2501 1813 2842 1884 φρονούντων
2873 1812 3146 1867 Ἰουδαίων
3169 1812 3265 1865 καὶ
3291 1812 3560 1881 Ἑλλήνων,
3580 1812 3655 1865 καὶ

461 1930 578 1970 cem
613 1927 735 1969 esse
762 1912 1019 1976 ostendit,
1065 1926 1127 1966 ac
1176 1909 1394 1964 stultam
1444 1923 1562 1965 esse
1614 1907 1991 1962 demonstravi:

2132 1910 2327 1983 ἤλεγξε
2398 1907 2616 1981 μωρὰν,
2657 1908 2733 1978 μὴ
2777 1905 3081 1978 ἰσχύσασαν
3136 1905 3319 1976 εὑρεῖν
3355 1903 3411 1956 τὸ
3459 1902 3653 1974 ἀληθέςς

462 2016 644 2075 utpote
669 2021 790 2076 qua:
808 2006 1090 2059 veritatem
1109 2001 1353 2057 invenire
1375 2016 1480 2056 non
1504 1999 1751 2069 poterat?
1773 1996 1849 2052 lta
1871 2013 1992 2053 sane

2132 2005 2279 2059 Πάνυ
2315 2003 2413 2073 μὲν
2438 2000 2551 2055 οῦν.
2583 1999 2684 2054 Διὰ
2720 1998 2831 2071 γὰρ
2860 1996 2968 2052 τῶν
2992 1995 3298 2053 δοκούντων
3348 1993 3530 2067 μωρῶν
3571 2010 3653 2063 κη-

461 2098 595 2153 Nam
628 2113 726 2170 per
779 2098 1200 2154 eoneionatores
1229 2094 1320 2166 qui
1369 2093 1520 2151 stulti
1554 2092 1899 2158 videbantur,
1933 2105 1991 2145 ve

2135 2095 2315 2167 ρύκων
2347 2096 2382 2166 η
2431 2092 2664 2165 ἀλήθεια
2710 2093 2804 2144 καὶ
2832 2092 2867 2161 ἡ
2920 2089 3166 2159 σωτηρία
3206 2086 3470 2159 ἐδιδάχθη,
3509 2084 3590 2139 καὶ
3607 2084 3653 2136 ού

464 2193 596 2246 ritas
624 2199 679 2246 et
705 2190 855 2246 salus
905 2188 1253 2255 edocebatur,
1285 2196 1340 2244 et
1390 2202 1498 2245 non
1541 2202 1639 2258 per
1670 2199 1767 2242 eos
1804 2183 1905 2261 qui
1931 2199 1992 2241 sa

2130 2190 2198 2245 δι’
2227 2190 2450 2244 ἐκείνων
2478 2187 2588 2242 τῶν
2622 2184 2925 2240 δοκούντων
2953 2183 3155 2251 σοφῶν.
3187 2181 3319 2237 Cod.
3368 2174 3616 2248 Aruudel.]

365 2357 373 2361 ἤ
462 2284 669 2353 pientes
700 2282 1040 2338 videbantur.

536 2375 697 2430 Vens.
732 2372 825 2428 2|.
858 2390 878 2426 ι
914 2372 1053 2428 Nam
1086 2371 1213 2443 quia
1246 2371 1299 2426 in
1329 2369 1425 2426 Dei
1457 2370 1728 2441 sapientia
1778 2384 1886 2425 non
1930 2383 2024 2425 cu-

2209 2391 2228 2426 t
2270 2368 2492 2441 Ἐπειδὴ
2524 2370 2632 2439 γὰρ
2688 2370 2746 2421 ἐν
2776 2368 2845 2439 τῇ
2878 2366 3042 2437 σοφίᾳ.
3074 2361 3169 2418 τοῦ
3206 2362 3340 2416 Θεοῦ
3369 2362 3465 2416 ούκ
3494 2360 3655 2430 ἔγνωδ

460 2468 647 2539 guovit
696 2466 930 2521 mundus
976 2466 1166 2532 Deum,
1188 2463 1395 2541 placuit
1446 2462 1558 2520 Deo
1604 2478 1699 2532 per
1744 2461 1990 2517 stultitia:

2132 2467 2335 2537 κόσμος
2360 2463 2450 2518 διὰ
2476 2463 2576 2534 τῆς
2610 2459 2804 2530 σοφίας
2854 2460 2944 2513 τὸν
2979 2458 3135 2524 Θεὸν,
3184 2456 3471 2529 εὐδόκησεν
3501 2454 3527 2508 6
3550 2451 3654 2515 Θεὸς

462 2556 856 2627 przedieationis
898 2568 1115 2610 servare
1157 2555 1465 2610 credentes.
1506 2570 1527 2607 ι
1573 2552 1802 2608 Causam
1853 2553 1992 2607 reddi

2129 2557 2219 2612 διὰ
2237 2557 2334 2627 τῆς
2361 2558 2570 2626 μωρίας
2587 2551 2680 2606 τοῦ
2699 2552 3054 2624 κηρύγματος
3077 2549 3254 2603 σῶσαι
3274 2549 3396 2609 τοὺς
3413 2544 3652 2601 πιστεύον·

461 2662 627 2718 quare
665 2646 928 2717 sapientia
959 2645 1141 2701 mundi
1171 2647 1223 2699 in
1246 2643 1525 2700 stultitiam
1561 2658 1713 2699 versa
1747 2643 1839 2698 sit.
1864 2642 1984 2698 Pos:

2131 2667 2251 2714 τας.
2294 2669 2314 2702 ι
2348 2647 2512 2715 Λέγει
2572 2646 2672 2717 τὴν
2720 2644 2899 2699 αἰτίαν
2951 2641 3019 2696 δι’
3074 2641 3144 2716 ἢν
3179 2639 3463 2714 ἐμωράνθη
3513 2636 3656 2709 stem

461 2756 692 2812 eaquam
730 2741 876 2795 enim
908 2739 963 2794 in
987 2738 1278 2810 sapientia,
1309 2751 1428 2807 quae
1467 2750 1564 2805 per
1597 2745 1876 2792 creaturas
1912 2750 1991 2791 eet

2133 2744 2315 2813 σοφία.
2366 2738 2588 2809 Ἐπειδὴ
2621 2739 2730 2810 γὰρ
2757 2739 2815 2792 ἐν
2837 2738 2903 2808 τῇ
2946 2735 3035 2790 διὰ
3082 2736 3193 2790 τῶν
3229 2735 3529 2806 κτισμάτων
3559 2748 3656 2801 φαι-

464 2834 609 2888 nitur
638 2831 855 2902 (etelum
883 2830 1029 2884 enim
1065 2838 1122 2884 et
1176 2838 1343 2893 terra,
1380 2825 1622 2897 adeoque
1648 2827 1826 2881 omnis
1877 2839 1994 2881 crea

2130 2837 2334 2909 νομένη
2364 2833 2527 2904 σοφίᾳ
2556 2820 2605 2905 (ὁ
2632 2830 2861 2903 οὐρανὸς
2886 2830 2993 2900 γὰρ
3016 2830 3111 2882 καὶ
3155 2829 3191 2900 ἠ
3225 2828 3318 2899 γῆ,
3366 2827 3456 2880 καὶ
3485 2823 3656 2892 πᾶσαή

464 2932 584 2978 tura
616 2922 879 2992 praadicat
906 2916 1299 2989 Conditorem),
1351 2932 1457 2972 non
1500 2917 1739 2973 novisset
1774 2918 1994 2971 tuuudus

2132 2929 2311 2991 κτίσις
2342 2926 2605 2998 κηρύττει
2629 2923 2722 2978 τὸν
2751 2920 3111 2994 Δημιουργὸν)
3155 2919 3261 2974 οὐκ
3287 2915 3653 2989 ἔγνωὸκόσμος.

467 3014 571 3067 hoc
618 3013 733 3080 est“,
795 3010 888 3079 qui
944 3007 1216 3063 mundana
1271 3008 1520 3076 sapiunt,
1569 3004 1738 3061 Deum
1774 3005 1895 3077 (per
1934 3019 1994 3060 sa

2131 3021 2412 3075 τουτέστιν
2470 3019 2520 3073 οί
2551 3019 2622 3072 τὰ
2659 3016 2754 3070 τοῦ
2796 3017 3005 3087 κόσμου
3041 3014 3390 3086 φρονοῦντες,
3418 3010 3499 3066 τὸν
3526 3008 3651 3069 Θεὸν,

470 3103 727 3174 pientiam
761 3098 1034 3167 videlicet,
1068 3114 1189 3170 quae
1227 3100 1282 3155 in
1334 3097 1644 3168 eloquentia
1681 3098 2000 3154 cernebatur

2139 3112 2246 3185 (διὰ
2273 3113 2372 3182 τῆς
2398 3112 2456 3165 ἐν
2484 3108 2788 3180 εύγλωττίᾳ
2817 3109 2863 3142 ¹⁶
2893 3106 3283 3180 θεωρουμένης
3311 3104 3492 3175 σοφίας
3517 3102 3656 3171 ἐμπο-

468 3192 729 3264 impediti)
750 3208 764 3247 :
784 3191 957 3247 visum
979 3199 1063 3246 est
1083 3190 1192 3245 Deo
1220 3204 1315 3260 per
1343 3188 1743 3261 praedicationis
1763 3187 1995 3258 simplici

2134 3205 2406 3274 διζόμενοι
2432 3201 2679 3273 δηλαδὴ),
2717 3201 3024 3272 εὐδόκησεν
3076 3201 3105 3254 6
3140 3200 3276 3266 Θεὸς
3318 3199 3404 3254 διὰ
3432 3201 3520 3270 τῆς
3544 3196 3659 3250 ίδιω-

469 3293 632 3338 tatem
667 3282 809 3352 (qua:
833 3280 1044 3336 videtur
1094 3279 1309 3351 quidem
1350 3293 1475 3334 esse
1508 3277 1763 3344 stultitia,
1797 3278 1892 3333 sed
1923 3292 1999 3334 no

2134 3297 2288 3360 τείας
2323 3294 2417 3351 τοῦ
2448 3294 2803 3367 κηρύγματος
2833 3293 2975 3365 (ἥτις
3007 3293 3155 3347 δοκεῖ
3185 3292 3287 3364 μὲν
3315 3286 3451 3346 εἶναι
3490 3286 3656 3361 μωρία,

467 3372 572 3448 εει)
620 3387 840 3429 servare
869 3372 1174 3428 credentes.
1203 3370 1379 3427 Graeci
1430 3371 1598 3443 igitur
1630 3371 1905 3426 doctorem
1938 3372 1997 3426 ha

2138 3392 2234 3445 οὐκ
2262 3389 2379 3443 ἔστι
2402 3386 2481 3458 δὲ)
2519 3387 2691 3441 σῶσαι
2719 3386 2845 3447 τοὺς
2878 3382 3265 3446 πιστεύοντας.
3296 3378 3446 3452 Εἶχον
3474 3378 3559 3449 μὲν
3586 3368 3668 3447 οὖν¹

468 3466 996 3538 hebantsapientiam
1020 3465 1345 3536 Dcihnempe
1374 3464 1521 3519 illam
1548 3481 1667 3532 qua:
1689 3465 1741 3520 iu
1769 3464 1998 3520 creaturi

2133 3479 2453 3535 διδάσκαλον
2478 3479 2529 3533 oi.
2561 3477 2825 3548 Ἕλληνες
2852 3475 2952 3547 τὴν
2982 3475 3179 3544 σοφίαν
3199 3472 3296 3528 τοῦ
3330 3469 3478 3534 Θεοῦ,
3504 3467 3588 3538 τὴν
3615 3465 3659 3517 ἐν

465 3560 727 3624 cernitur,
756 3558 849 3615 sed
884 3568 1062 3615 tamen
1091 3556 1257 3613 Deum
1291 3573 1401 3613 non
1422 3565 1785 3628 agnoverunt,
1812 3566 1995 3628 propte

2134 3576 2247 3635 τοῖς
2298 3572 2563 3642 κτίσμασι
2596 3569 2803 3640 δηλαδὴ
2864 3566 3251 3639 θεωρουμένην
3278 3583 3292 3599 ·
3318 3564 3416 3619 οὐκ
3458 3561 3658 3630 ἔγνωσαν

466 3658 783 3726 sapientiam
809 3670 969 3727 quam
1000 3655 1054 3710 in
1087 3654 1350 3711 orationis
1388 3661 1672 3710 venustate
1726 3654 1996 3726 ponebant

2134 3666 2193 3719 δὲ
2225 3667 2316 3720 τὸν
2345 3663 2499 3730 Θεὸν,
2532 3662 2620 3718 διὰ
2650 3662 2751 3732 τῆς
2778 3662 2836 3715 ἐν
2857 3659 3005 3727 λέξει
3034 3660 3228 3729 σοφίας
3252 3674 3266 3689 ·
3301 3658 3421 3729 ἣτις
3454 3654 3544 3708 οὐκ
3567 3651 3658 3704 εστι

464 3763 585 3817 qua:
619 3762 724 3802 non
755 3756 840 3802 est
859 3746 1148 3815 sapientia.

859 3746 1148 3815 sapientia.
2139 3758 2300 3828 σοφία
2317 3757 2380 3811 ‘7.

540 3839 706 3894 Vens.
740 3839 846 3901 22.
880 3839 970 3893 25.
1007 3856 1028 3892 ι
1061 3837 1325 3905 Quoniam
1359 3847 1413 3895 et
1441 3837 1619 3895 Judaei
1642 3839 1798 3911 signa
1823 3845 2032 3909 petunt,

2215 3868 2234 3901 ι
2282 3847 2502 3918 Ἐπειδὴ
2530 3848 2624 3900 καὶ
2656 3843 2902 3899 Ἰουδαῖοι
2935 3844 3165 3915 σημεῖον
3197 3840 3429 3906 αἰτοῦσι,
3462 3835 3548 3892 καὶ
3565 3830 3661 3887 Ἕλ-

467 3943 521 3987 et
545 3929 720 3986 Grzeci
746 3929 1066 4000 sapientiam
1097 3940 1384 4002 quaerunt:
1419 3947 1518 3987 nos
1545 3942 1728 3988 autem
1766 3932 1997 4003 prtedica

2136 3940 2296 4009 ληνες
2337 3937 2531 4007 σοφίαν
2560 3924 2817 4008 ζητοῦσιν
2846 3951 2860 3965 ο
2894 3936 3054 4006 ἡμεῖς
3090 3933 3147 3987 δὲ
3189 3930 3524 4005 κηρύσσομεν
3549 3924 3658 3993 Χρι-

471 4039 590 4079 unus
634 4024 910 4078 Christum
963 4025 1301 4079 cruciﬁxum.
1345 4042 1365 4077 ι
1426 4022 1551 4081 Vult
1596 4034 2001 4081 commonstrar

2139 4030 2265 4083 στὸν
2303 4028 2745 4101 ἐσταυρωμένον.
2798 4045 2816 4079 ι
2857 4025 3012 4079 Θέλει
3052 4024 3228 4090 δεῖξαι
3272 4027 3300 4079 6
3329 4020 3544 4081 Παῦλος,
3569 4015 3661 4071 π’ὶς

470 4117 667 4171 l’aulus
691 4117 960 4186 quomodo
999 4130 1099 4187 per
1128 4116 1403 4172 contraria
1438 4116 1579 4172 Deus
1604 4118 1878 4172 contraria
1908 4132 2000 4186 ope

2137 4121 2223 4174 διὰ
2252 4120 2361 4173 τῶν
2393 4118 2648 4174 ἐναντίων
2677 4118 2747 4172 τὰ
2777 4116 2997 4171 ἐναντία
3029 4116 3058 4168 6
3088 4115 3223 4180 Θεὸς
3253 4112 3560 4185 εἰργάσατο·
3589 4103 3661 4157 καί

471 4219 623 4264 ratus
646 4209 738 4277 sit,
762 4207 1047 4279 inquiens:
1078 4209 1135 4265 Si
1158 4210 1375 4279 quando
1401 4211 1587 4265 dixero
1606 4211 1814 4279 Judzeo,
1839 4212 2001 4269 Crede

2139 4228 2324 4284 φησιν,
2357 4211 2440 4263 ὅτι
2471 4209 2642 4263 Ὅταν
2673 4209 2815 4263 εῐπω
2840 4208 2918 4275 τῷ
2961 4208 3235 4279 Ἰουδαίῳ,
3274 4206 3567 4264 Πίστευσον,
3595 4195 3665 4250 εὐ-

470 4309 710 4354 actutum
751 4299 901 4371 signa
940 4299 1168 4371 inquirit
1192 4300 1258 4355 ad
1282 4302 1746 4358 continuationem
1778 4306 2000 4374 praedicti

2139 4301 2234 4366 θίδς
2266 4302 2467 4373 σημεῖα
2516 4300 2672 4369 ζητεῖ
2702 4299 2838 4371 πρὸς
2872 4298 3132 4353 σύστασιν
3169 4298 3267 4353 τοῦ
3315 4294 3661 4367 κηρύγματος·

471 4392 654 4448 tionis.
680 4390 786 4446 Nos
807 4400 985 4446 autem
1005 4391 1280 4448 Christum
1303 4393 1657 4463 prtedicamus
1677 4394 1991 4449 crucifixum

2137 4396 2298 4464 ἡμεῖς
2327 4394 2383 4446 δὲ
2408 4393 2645 4465 Χριστὸν
2671 4391 3019 4465 κηρύσσομεν
3041 4389 3470 4462 ἐσταυρωμένον⁸
3488 4376 3662 4451 δπερού

471 4485 612 4555 quod
641 4500 742 4539 non
771 4483 944 4540 solum
1001 4498 1111 4539 non
1158 4491 1244 4540 est
1295 4482 1576 4556 signorum
1623 4486 1911 4555 exhibitio,
1943 4501 2001 4542 vc

2142 4486 2305 4560 μόνον
2332 4486 2435 4541 ούκ
2489 4486 2605 4540 ἐστι
2655 4485 2900 4556 σημείων
2934 4482 3217 4549 ἐπίδειξις,
3252 4481 3387 4542 ἀλλὰ
3417 4478 3503 4534 καὶ
3533 4472 3664 4528 ἀσθε-

473 4588 592 4627 rnm
624 4573 787 4628 etiam
820 4572 1175 4641 inﬁrmitatis,
1211 4584 1470 4644 quantum
1504 4574 1720 4645 quidem
1750 4584 1975 4647 apparet

2139 4578 2309 4643 νείας,
2341 4577 2465 4632 ὅσον
2491 4579 2634 4631 κατὰ
2660 4577 2721 4630 τὸ
2744 4578 3072 4648 φαινόμενον
3095 4591 3110 4605 ·
3141 4576 3235 4629 καὶ
3264 4576 3412 4645 ὅμως
3426 4571 3585 4636 τούτῳ
3607 4560 3666 4629 τῷ

473 4675 713 4721 attamen
765 4681 861 4736 per
903 4668 1026 4731 hoc,
1082 4667 1226 4738 quod
1284 4679 1534 4737 respectu
1569 4669 1715 4726 illius
1756 4670 1900 4741 quod
1954 4670 2003 4724 ill

2136 4669 2386 4725 δοκοῦντι
2444 4671 2666 4724 ἀσθενεῖ
2715 4668 2811 4723 καὶ
2865 4668 3119 4739 ἐναντίῳ,
3169 4668 3296 4720 ὅσον
3327 4654 3662 4735 πρὸςδαίτείς

475 4757 628 4825 petit,
692 4758 963 4811 intirmum
1010 4766 1065 4812 et
1114 4759 1446 4813 contrarium
1492 4760 1724 4827 videtur,
1759 4761 1825 4814 ad
1880 4759 2005 4815 ﬁdet

2137 4760 2391 4827 ἐνάγεται
2425 4761 2519 4813 καὶ
2562 4760 2698 4831 πρὸς
2736 4761 2838 4832 τὴν
2891 4763 3073 4813 πίστιν
3100 4772 3114 4789 °
3143 4758 3306 4813 τοῦτο
3356 4757 3414 4812 δὲ
3463 4750 3666 4826 μεγάλην

475 4848 808 4918 perducitur.
856 4846 989 4915 Quae
1041 4863 1125 4904 res
1176 4852 1450 4921 ingentem
1520 4866 1654 4907 sane
1702 4851 1796 4908 Dei
1847 4863 2005 4924 poten

2139 4853 2379 4907 δείκνυσι
2430 4853 2529 4923 τὴν
2562 4852 2657 4906 τοῦ
2716 4852 2852 4907 Θεοῦ
2902 4851 3154 4923 δύναμιν.
3218 4850 3405 4906 Πάλιν·
3449 4845 3665 4914 Ἕλληνες

476 4942 606 4997 tiam
634 4940 889 4997 ostendit.
922 4940 1130 4997 Rursus
1164 4958 1179 4996 :
1211 4941 1383 4999 Graeci
1408 4945 1732 5016 sapientiam
1764 4947 2006 5016 inquirun

2142 4944 2335 5012 σοφίαν
2363 4941 2683 5014 ἐπιζητοῦσι
2709 4944 2841 5016 παρ’
2865 4945 3046 5015 ἡμῶν,
3078 4945 3218 5000 ἀλλὰ
3249 4943 3512 5004 κάκείνοις
3537 4935 3667 5007 ἡμεῖς

475 5048 505 5086 a
544 5033 742 5088 nobis:
782 5031 933 5102 atqui
976 5040 1029 5086 et
1074 5031 1184 5087 illis
1243 5047 1342 5089 nos
1391 5048 1606 5089 crucem
1660 5037 2005 5105 praedicamus

2139 5035 2230 5088 τὸν
2265 5035 2496 5106 σταυρὸν
2536 5036 2580 5068 ⁸⁸
2628 5038 2980 5108 κηρύσσομεν
3007 5052 3022 5069 ο
3071 5038 3211 5109 ὅπερ
3247 5035 3389 5091 κατὰ
3423 5033 3483 5087 τὸ
3513 5025 3666 5099 φαινὸ-

477 5120 622 5187 quod
663 5130 719 5174 et
757 5118 951 5188 ipsum,
992 5128 1049 5173 ut
1091 5130 1334 5189 apparet,
1370 5121 1610 5177 stultitiae
1643 5139 1764 5180 esse
1807 5126 2007 5182 videtur

2144 5144 2305 5198 μενον
2325 5128 2419 5181 καί
2447 5127 2661 5200 μωρίας
2685 5126 2826 5184 εἶναι
2842 5128 3010 5194 δοκεῖ,
3041 5130 3174 5183 Θεὸν
3198 5127 3490 5199 κηρύσσειν
3509 5123 3674 5174 ἐσταυς

479 5209 644 5264 Deum
671 5223 861 5279 nempe
899 5209 1215 5265 cruciﬁxum
1243 5212 1579 5282 praedicare:
1620 5214 1836 5271 interim
1864 5226 2009 5272 tamen

2142 5219 2389 5290 ρωμένον
2414 5235 2429 5250 ο
2474 5220 2613 5274 ἀλλὰ
2660 5221 2755 5274 καὶ
2802 5220 2948 5275 οὕτω
2996 5220 3295 5274 πείθονται.
3329 5219 3466 5289 ’Δρα
3500 5211 3555 5267 οὐ
3588 5222 3668 5275 με·

478 5306 553 5359 ita
599 5303 1015 5375 persuadentur.
1048 5299 1241 5357 Nonne
1281 5304 1444 5372 igitur
1501 5306 1754 5362 maximae
1802 5308 1918 5364 haec
1947 5323 2008 5377 po

2142 5312 2338 5383 γίστης
2369 5310 2541 5366 ταῦτα
2568 5312 2872 5385 δυνάμεως,
2909 5315 2973 5367 ἐκ
2999 5313 3107 5367 τῶν
3137 5312 3417 5374 ἐναντίων,
3448 5306 3521 5370 ὡς
3559 5299 3666 5372 πρὶς

478 5393 660 5448 tentia:
687 5400 1002 5464 argumenta
1033 5400 1181 5458 sunt,
1201 5407 1266 5448 ex
1297 5394 1606 5460 contrariis,
1632 5397 1809 5467 quoad
1839 5413 1902 5454 ea
1925 5414 2008 5468 qu:

1779 5397 1809 5453 tl
1839 5413 1902 5454 ea
1925 5414 2043 5468 quze
2144 5405 2180 5459 ἃ
2209 5404 2363 5458 αὐτοὶ
2393 5404 2732 5477 ἐπιζητοῦσι,
2770 5407 3052 5461 πείθεσθαι
3074 5407 3305 5473 αύτούςς

480 5485 777 5554 inquirunt,
810 5484 1120 5557 persuaderi
1153 5484 1281 5540 eos?

554 5590 576 5627 ι
612 5574 810 5630 Judais
845 5574 1062 5644 quidem
1093 5572 1432 5643 scandalum,
1464 5574 1668 5635 Graecis
1696 5590 1877 5634 autem
1903 5580 2041 5634 stul-

2226 5599 2246 5634 ι
2300 5582 2575 5649 Ἰουδαίοις
2607 5584 2706 5655 μὲν
2740 5584 3057 5655 σκάνδαλον,
3084 5585 3308 5658 Ἕλλησι
3332 5581 3390 5639 δὲ
3420 5574 3663 5652 μωρίαν-ν

1807 5674 2003 5737 Varie:
2034 5673 2364 5739 lectiones.

551 5762 597 5796 “
642 5765 699 5819 ἐν
744 5767 811 5836 τῇ
851 5767 1154 5839 εύγλωττίᾳ
1207 5785 1282 5826 m.
1363 5772 1406 5803 "
1452 5772 1612 5841 σοφία
1657 5773 1792 5827 Θεοῦ
1848 5791 1921 5830 m.
2004 5777 2047 5809 ³⁸

889 5767 1154 5839 ύγλωττίᾳ
1207 5785 1282 5826 m.
1363 5772 1406 5803 "
1452 5772 1612 5841 σοφία
1657 5773 1792 5827 Θεοῦ
1848 5791 1921 5830 m.
2004 5777 2047 5809 ³⁸
2087 5778 2324 5848 Χριστὸν
2367 5793 2419 5833 o.
