3874 6604
209 360 296 426 £81
989 359 1397 422 EXPOSITIO
1437 361 1518 422 IN
1550 360 1790 423 EPIST.
1837 361 1868 421 Ῑ
1904 362 2006 422 AD
2046 362 2215 424 COR.
2255 390 2324 399 -·
2366 364 2523 424 CAP.
2563 364 2615 426 Ῐ.

3333 361 3440 424 582

225 481 465 544 Ἰουδαῖοι,
487 492 675 548 φησιν,
721 475 907 546 ἔχουσι
943 477 1242 530 σκάνδαλον
1275 477 1366 530 τὸν
1403 477 1757 546 ἐσταυρωμέ-

1876 479 2062 532 .itiam.
2101 497 2118 528 ι
2160 477 2385 544 Iudaeis,
2419 480 2619 548 inquit,
2678 476 2936 534 seandalo
2988 484 3073 532 est
3123 476 3438 533 crucifixus.

216 590 294 628 νον
318 588 332 603 ο
389 567 780 641 προσπταίουσι
843 567 954 636 γὰρ
991 565 1191 635 τούτῳ,
1237 565 1488 633 λέγοντες
1518 580 1532 594 ⁸
1574 563 1696 628 Πῶς
1731 565 1758 617 6

215 662 385 732 φαγὼν
418 661 509 714 καὶ
535 658 669 712 πιὼν
704 657 842 729 μετὰ
873 659 1123 714 τελωνῶν
1152 659 1248 712 καὶ
1278 658 1516 728 πορνῶν,
1545 656 1641 710 καὶ
1669 657 1757 710 τέ-

211 754 290 812 λος
335 750 467 821 μετὰ
496 749 706 821 λῃστῶν
744 749 1105 820 σταυρωθείς,
1132 749 1358 804 δύναται
1409 744 1553 802 εἶναι
1582 747 1715 810 Θεός
1742 763 1758 813 ;

215 843 451 912 Ἕλληνες
503 841 562 894 δὲ
627 841 918 910 διαγελῶσι
973 839 1032 893 τὸ
1069 843 1370 912 μυστήριον
1402 839 1479 905 ὡς
1521 840 1756 912 μωρίαν,

210 935 328 990 διότι
362 932 540 986 πίστει
577 931 736 1004 μόνῃ.
765 933 861 986 καὶ
913 932 976 985 ού
1037 931 1444 1002 συλλογισμοῖς,
1475 924 1552 984 ὧν
1607 931 1763 985 αὐτοὶ

209 1024 534 1093 ὲξήρτηνται,
563 1021 1047 1092 καταλαμϐάνεται
1085 1022 1146 1076 τὸ
1179 1021 1312 1077 Θεὸν
1351 1021 1756 1094 σταυρωθῆναι,

209 1113 287 1166 καὶ
315 1111 441 1165 διότι
462 1111 524 1165 ού
555 1111 878 1182 καλλιεπείᾳ
909 1113 1218 1182 κοσμεῖται.

271 1308 288 1342 ι
325 1289 514 1352 Αὐτοῖς
566 1288 626 1342 δὲ
680 1291 794 1353 τοῖς
827 1282 1067 1361 κλητοῖς,
1110 1290 1389 1355 Ἰουδαίοις
1409 1309 1468 1345 τε
1500 1290 1597 1345 καὶ
1630 1291 1759 1346 Ἕλ-

204 1385 333 1453 λησι,
379 1381 620 1452 Χριστὸν
665 1381 800 1435 Θεοῦ
863 1383 1116 1453 δύναμιν,
1161 1385 1256 1436 καὶ
1285 1384 1423 1437 Θεοῦ
1471 1383 1689 1454 σοφίαν.
1735 1403 1756 1437 ι

204 1476 314 1537 Τοῖς
346 1473 442 1544 μὲν
473 1474 728 1538 ἀπίστοις
766 1476 1061 1540 Ἰουδαίοις,
1095 1469 1250 1544 φησὶ,
1285 1475 1585 1530 σκάνδαλόν
1613 1477 1762 1531 ἐστιν

204 1567 472 1635 όΧριστός
494 1579 508 1595 ⁸
547 1567 644 1620 καὶ
671 1569 781 1631 τοῖς
812 1567 1066 1630 ἀπίστοις
1105 1567 1336 1636 Ἕλλησι
1378 1567 1562 1637 μωρία
1589 1567 1760 1632 δοκεῖ,

204 1655 378 1711 διότιᾶ
410 1657 691 1728 ζητοῦσιν,
741 1659 798 1711 ἐν
847 1659 996 1729 αὐτῷ
1039 1659 1136 1729 ούχ
1171 1659 1510 1726 εὑρίσκουσι,
1564 1663 1765 1730 σημεῖα

205 1754 288 1802 καί
315 1751 526 1816 σοφίαν.
565 1751 692 1813 Τοῖς
714 1750 771 1804 δὲ
798 1751 1017 1823 κλητοῖς
1057 1750 1350 1814 Ἰουδαίοις,
1375 1751 1472 1804 καὶ
1496 1754 1610 1814 τοῖς
1632 1752 1764 1823 κλη-

204 1843 299 1902 τοῖς
331 1839 582 1910 Ἕλλησι,
613 1841 884 1906 τουτέστι,
919 1843 1029 1905 τοῖς
1064 1841 1168 1895 ὑπὸ
1204 1841 1340 1894 Θεοῦ
1369 1842 1765 1914 κληθεῖσιν,ώς
1792 1822 1838 1880 Β

204 1932 700 2004 ἁξίοις,ἀμφότερα
754 1934 783 1986 6
839 1933 1074 2004 Χρστδς
1116 1933 1455 2006 εὑρίσκεται,
1506 1933 1764 1988 ἃὲκεῖνοι

208 2024 436 2092 ζητοῦσι.
476 2026 544 2078 Τί
574 2026 688 2096 γὰρ
718 2026 923 2095 ζητεῖς,
965 2019 1010 2078 ὦ
1057 2027 1313 2090 Ἰουδαῖες
1352 2029 1584 2096 σημεῖα;
1631 2026 1764 2079 Ἰδοὺ

203 2118 228 2169 6
255 2118 477 2186 Χριστὸς
511 2117 749 2189 δύναμις
795 2117 931 2171 Θεοῦ
979 2119 1152 2183 ἐστιν,
1185 2119 1322 2190 ἥτις.
1360 2120 1468 2172 τῶν
1522 2119 1765 2189 σημείων

204 2211 463 2280 ποιητική.
497 2211 612 2264 Καὶ
648 2210 713 2263 σὺ
736 2210 789 2263 τί
823 2211 1028 2281 λέγεις,
1073 2207 1117 2266 ὦ
1151 2212 1388 2284 Ἕλληνς
1427 2211 1616 2281 σοφίαν
1666 2211 1765 2282 ζη-

203 2303 336 2365 τεῖς;
365 2302 551 2372 Ἔχεις
587 2302 682 2356 τὸν
703 2304 962 2375 Χριστὸν,
1002 2304 1194 2374 σοφίαν
1231 2305 1359 2358 ὅντα
1397 2304 1492 2358 τοῦ
1527 2304 1762 2373 Πατρός.

269 2413 287 2447 t
321 2396 442 2449 Ὀτι
477 2395 541 2450 τὸ
596 2398 783 2470 μωρὸν
807 2397 902 2451 τοῦ
955 2397 1115 2463 Θεοῦ,
1170 2397 1480 2470 σοφώτερον
1519 2397 1630 2453 τῶν
1669 2399 1764 2451 ἁν-

206 2485 420 2556 θρώπων
450 2490 571 2544 ἐστί
603 2505 619 2522 ·
651 2492 746 2544 καὶ
775 2492 836 2544 τὸ
861 2491 1084 2554 ἀσθενὲς
1115 2489 1210 2544 τοῦ
1236 2491 1395 2556 Θεοῦ,
1421 2493 1767 2562 ἰσχυρότερον

204 2581 299 2633 τῶν
320 2582 633 2654 ἀνθρώπων
665 2584 804 2640 ἐστί.
842 2603 862 2637 ι
888 2585 993 2637 Τὸν
1017 2587 1250 2655 σταυρὸν
1277 2584 1535 2654 ὀνομάζει
1558 2584 1766 2655 μωρὸν,

206 2674 270 2738 ώς
289 2673 423 2728 οὕτω
473 2673 781 2729 δοκοῦνταο
833 2677 1139 2748 σοφώτερον
1175 2677 1361 2747 μέντοι.
1414 2675 1524 2728 τῶν
1555 2674 1769 2747 ἀνθρώ-

206 2782 309 2818 πων
337 2767 502 2821 ἐστίν.
535 2768 605 2821 Οἱ
640 2767 738 2839 μὲν
780 2769 889 2840 γὰρ
949 2769 1230 2838 φιλόσοφοι
1275 2768 1406 2839 περὶ
1433 2768 1619 2840 ψυχρὰ
1670 2769 1767 2822 καὶ

207 2856 422 2927 ἀνόνητα
458 2855 883 2930 ὴσχολήθησανο
942 2860 970 2912 6
1020 2859 1076 2912 δὲ
1136 2858 1371 2928 σταυρὸς
1427 2858 1520 2912 τὸν
1563 2857 1768 2929 κόσμον

206 2948 380 3004 ἔσωσε.
413 2952 521 3004 Καὶ
547 2951 787 3016 ἀσθενὲς
809 2951 868 3004 δὲ
895 2951 1062 3015 δοκεῖ,
1087 2951 1164 3015 ti);
1196 2951 1257 3016 ἐξ
1293 2950 1580 3014 ἀσθενείας
1603 2968 1770 3005 σταυ-

212 3042 457 3112 [λυθέντος
487 3043 590 3099 τοῦ
649 3043 912 3115 Χριστοῦο
964 3044 1081 3099 ἀλλ’
1119 3045 1468 3116 ἰσχυρότερον
1517 3043 1628 3096 τῶν
1679 3044 1773 3096 ἀν-

1863 570 2171 642 lmpinguut
2218 572 2362 624 enim
2397 571 2660 625 adversus
2704 571 2900 641 ipsum,
2961 570 3244 628 dicentes:
3272 569 3440 639 Ecqui

1865 662 1909 718 is
1939 663 2029 732 qui
2059 662 2295 718 comedit
2335 663 2497 732 128
2517 673 2572 718 et
2601 661 2740 717 bibit
2761 677 2882 717 cum
2905 661 3207 732 publicanis
3237 671 3292 715 et
3327 676 3442 716 me-

1864 752 2174 815 retricibus,
2205 768 2268 806 ac
2298 755 2511 806 tandem
2561 767 2682 806 cum
2723 753 3068 821 praedonibus
3115 752 3432 816 crucifixus,

1863 852 2040 914 potest
2070 858 2190 899 esse
2223 843 2403 899 Deus?
2432 845 2602 900 Graeci
2639 858 2769 899 vero
2803 844 3118 914 mysterium
3152 843 3257 899 hoc
3310 845 3441 898 irri-

1865 938 1993 993 dent
2027 951 2124 992 ceu
2165 936 2475 1003 stultitiam,
2509 952 2574 992 eo
2595 937 2736 1007 quod
2769 937 2884 992 sola
2924 936 3048 1003 fide,
3087 945 3144 992 et
3191 951 3295 992 non
3341 952 3432 992 ra-

1866 1029 2314 1085 tiocinationibus
2354 1029 2498 1094 ullis,
2545 1044 2611 1084 ex
2651 1030 2846 1100 quibus
2878 1029 2982 1100 ipsi
3036 1028 3432 1100 dependebant,

1865 1123 2362 1192 comprehendatur
2382 1121 2552 1178 Deum
2581 1123 2896 1178 crucifixum
2924 1137 3068 1186 esse,
3086 1132 3140 1178 et
3163 1123 3288 1193 quia
3319 1137 3442 1177 ora-

1867 1214 2030 1268 tionis
2063 1214 2352 1282 splendore
2388 1228 2494 1268 non
2520 1226 2836 1270 exornetur.

1938 1302 2100 1358 Vsus.
2138 1301 2228 1358 24.
2287 1321 2305 1354 ι
2370 1301 2507 1373 Ipsis
2565 1311 2746 1358 autem
2777 1301 2983 1358 vocatis
3031 1302 3231 1360 Iudaeis
3279 1313 3444 1374 atque

1863 1394 2084 1460 Graecis,
2115 1394 2391 1448 Christum
2420 1393 2515 1450 Dei
2539 1394 2816 1462 virtutem,
2847 1402 2902 1450 et
2928 1395 3021 1450 Dei
3041 1396 3386 1466 sapientiam.
3414 1413 3434 1446 ι

1866 1484 2195 1548 infidelibus,
2219 1485 2416 1555 inquit,
2444 1484 2648 1542 Iudaeis
2663 1487 2916 1543 Christus
2938 1497 3017 1543 est
3035 1487 3440 1552 oﬂ‘endiculum,

1866 1588 1922 1634 et
1951 1579 2256 1634 infidelibus
2293 1578 2500 1637 Graecis
2532 1580 2760 1636 stultitia
2793 1580 3025 1643 videtur,
3054 1596 3122 1636 eo
3169 1581 3312 1650 quod
3354 1582 3442 1636 illa

1865 1684 1985 1739 quin
2019 1679 2291 1739 quarrunt,
2324 1671 2478 1740 signa
2513 1669 2768 1725 nimirum
2800 1679 2854 1724 et
2881 1670 3224 1739 sapientiam,
3268 1671 3321 1724 in
3352 1670 3443 1725 illo

1869 1778 1975 1818 non
2028 1763 2328 1818 inveniant.
2389 1763 2608 1818 Vocatis
2665 1774 2844 1818 autem
2893 1761 3096 1818 Judzeis
3146 1773 3201 1821 et
3237 1763 3444 1818 vocatis

1868 1853 2094 1921 Graecis,
2132 1856 2234 1912 hoc
2273 1865 2376 1920 est,
2408 1871 2436 1910 a
2496 1855 2607 1911 Deo
2662 1856 2892 1920 vocatis,
2931 1865 3185 1924 tanquam
3239 1854 3440 1924 dignis,

1867 1953 2157 2013 utrumque
2185 1949 2253 2001 ab
2280 1946 2385 2001 illis
2436 1946 2724 2016 quzesitum
2784 1944 3032 2000 Christus
3062 1960 3188 2000 εεςε
3232 1945 3444 2000 inveni-

1869 2047 1978 2093 tur.
2011 2038 2150 2105 Quid
2195 2039 2339 2094 euim
2389 2039 2543 2110 signa
2578 2038 2796 2108 quaeris,
2830 2053 2862 2092 o
2890 2037 3108 2094 Iudaee?
3151 2037 3230 2092 Eu
3263 2039 3427 2093 Chri-

1868 2139 1984 2184 stus
2041 2131 2278 2201 poteutia
2335 2129 2427 2185 Dei
2477 2139 2582 2195 est,
2643 2144 2766 2199 qum
2815 2129 2971 2200 signa
3016 2129 3199 2184 ellicit.
3259 2130 3332 2184 At
3359 2139 3439 2194 tu,

1867 2222 2074 2289 Graece,
2101 2224 2230 2291 quid
2262 2222 2380 2278 ais?
2404 2223 2604 2293 quzcris
2655 2224 2981 2294 sapientiam
3006 2223 3029 2276 ?
3070 2222 3252 2279 llabes
3282 2222 3444 2278 Chri-

1868 2320 2012 2366 stum
2039 2313 2362 2382 sapientiam
2387 2312 2587 2368 Patris.

1941 2399 2108 2462 Vsns.
2143 2403 2234 2460 25.
2278 2420 2296 2456 ι
2339 2403 2471 2471 Quia
2510 2403 2654 2475 quod
2679 2402 2904 2459 stultum
2943 2413 3031 2458 est
3062 2401 3181 2468 Dei,
3232 2405 3446 2474 sapien-

1869 2491 1977 2547 tius
2001 2503 2086 2548 est
2111 2492 2422 2548 hominibus
2457 2503 2552 2549 :ct
2576 2495 2719 2564 quod
2751 2494 3021 2548 infirmum
3047 2504 3131 2549 est
3168 2493 3289 2560 Dei,
3333 2495 3447 2549 for-

1870 2586 1977 2640 tius
2025 2596 2108 2640 est
2170 2585 2500 2642 hominibus.
2537 2604 2558 2638 ι
2625 2588 2855 2642 Crucem
2900 2587 3123 2642 stultam
3178 2599 3356 2651 vocat,
3387 2597 3444 2642 ut

1869 2693 1990 2748 quite
2020 2679 2100 2734 sic
2138 2678 2428 2734 videatur:
2459 2679 2759 2749 sapientius
2798 2690 2977 2734 tamen
3003 2680 3310 2735 hominibus
3335 2691 3440 2734 est.

1871 2767 2009 2823 Nam
2049 2768 2358 2839 philosOphi
2397 2769 2608 2839 frigidis
2653 2779 2706 2824 ct
2755 2769 3036 2826 inutilibus
3088 2771 3251 2825 rebu‘.
3288 2773 3446 2824 incu-

1873 2860 2110 2915 buerunt
2149 2875 2330 2928 ;crux
2368 2869 2550 2914 autem
2586 2860 2846 2916 mundum
2876 2861 3133 2916 servavit.
3174 2859 3445 2915 lmbecille

1871 2967 2035 3022 porro
2057 2960 2302 3023 apparet,
2349 2962 2605 3022 tanquam
2651 2967 2717 3007 ex
2771 2953 3144 3008 imbecillitate
3174 2954 3444 3010 crucifixo

1871 3043 2090 3100 Christo
2118 3062 2133 3112 ;
2159 3045 2252 3100 sed
2276 3043 2469 3099 fortius
2495 3053 2578 3100 est
2606 3044 2936 3111 hominibus,
2967 3063 3072 3100 non
3091 3047 3268 3101 solum
3297 3046 3442 3111 ideo,

210 3135 422 3206 θρώπων
454 3139 636 3202 ἐστὶν,
685 3137 748 3192 ού
785 3139 945 3208 μόνον
977 3138 1059 3191 ὅτι
1107 3137 1318 3208 μυρίων
1376 3135 1764 3208 ἐπιχειρησάν-

1876 3137 2014 3205 quod
2037 3135 2334 3190 innumeris
2365 3137 2466 3190 hoc
2491 3151 2688 3190 nomen
2721 3138 3068 3206 exstinguere
3094 3137 3442 3204 conantibus,

206 3244 300 3282 των
329 3229 516 3284 σϐέσαι
553 3230 620 3284 τὸ
643 3230 813 3300 ὄνομα
843 3229 1020 3296 τοῦτο,
1053 3229 1212 3286 ἀνθεῖ
1249 3229 1486 3300 μᾶλλονο
1529 3228 1649 3282 ἀλλ’
1681 3229 1766 3282 ὅτι

208 3319 288 3370 κλί
318 3319 401 3372 δια
428 3321 521 3373 τοῦ
549 3320 840 3383 δοκοῦντος
871 3319 1134 3382 ἀσθενοῦς
1189 3322 1218 3376 6
1273 3320 1492 3390 ἰσχυρὸς
1519 3320 1764 3382 διάϐολος

211 3411 370 3482 ὲδέοη.
410 3410 655 3466 Δύνασαι
696 3411 752 3466 δὲ
795 3411 890 3467 καὶ
917 3411 1060 3466 οὕτω
1093 3413 1264 3467 ταῦτα
1290 3414 1504 3483 νοῆσαι,
1561 3413 1642 3466 ὅτι
1673 3413 1767 3466 ἐπὶ

209 3503 330 3556 Θεοῦ
367 3505 428 3558 τὸ
459 3506 776 3575 ὑπέρσοφον
808 3505 1010 3574 ἄσοφον
1045 3504 1288 3572 λέγεται,
1320 3505 1348 3559 ὃ
1389 3507 1507 3558 ἔστι
1545 3505 1762 3576 μωρόν·

211 3596 290 3649 καὶ
314 3597 668 3669 ὑπερσθενὲς,
700 3598 958 3661 ἁσθενές’
991 3598 1182 3670 ὥσπερ
1227 3599 1321 3652 καὶ
1353 3598 1412 3652 τὸ
1441 3598 1766 3668 ὺπέρφωτον

207 3687 354 3741 αὑτοῦ
396 3687 625 3758 λέγεται
668 3689 858 3754 σκότος
897 3689 988 3743 καὶ
1025 3689 1246 3758 γνόφος.

269 3890 287 3924 t
323 3872 559 3927 Βλέπετε
587 3872 699 3944 γὰρ
730 3871 829 3945 τὴν
853 3871 1044 3942 κλῆσιν
1075 3870 1250 3940 ὑμῶν,
1303 3868 1546 3940 ἀδελφοὶ,
1579 3869 1664 3923 ὅτι
1701 3870 1764 3923 οὐ

206 3964 374 4018 πολλοὶ
425 3966 588 4036 σοφοὶ
645 3964 790 4020 κατὰ
850 3964 1052 4034 σάρκα,
1094 3964 1156 4016 οὐ
1187 3962 1374 4016 πολλοὶ
1424 3962 1665 4028 δυνατοὶ,
1701 3961 1762 4015 ού

205 4060 373 4112 πολλοί
402 4061 673 4130 εὐγενεῖς.
713 4077 734 4112 ι
773 4058 1198 4131 Ἐπισκέψασθε,
1239 4058 1393 4129 φησὶ,
1429 4057 1523 4109 καὶ
1553 4055 1765 4126 διερευ-

207 4152 390 4222 νήσατε
413 4155 542 4217 τοὺς
571 4151 869 4223 κληθέντας
893 4153 973 4214 εἰς
1009 4153 1111 4221 τὴν
1140 4149 1344 4212 πίστιν,
1372 4149 1466 4202 καὶ
1501 4149 1763 4218 εὑρήσετε

206 4243 278 4295 in
324 4244 382 4298 οὐ
411 4243 607 4298 πολλοὶ
650 4244 804 4312 σοφοὶ
847 4243 988 4296 κατὰ
1019 4241 1222 4313 σάρκα,
1247 4241 1515 4306 τουτέστι,
1541 4239 1684 4293 κατὰ
1705 4241 1765 4292 τὸ

208 4336 534 4404 φαινόμενον,
576 4335 716 4387 κατὰ
739 4334 829 4388 τὸν
861 4334 1107 4405 παρόντα
1135 4333 1267 4404 βίον.
1299 4333 1412 4386 Οὐκ
1437 4328 1558 4385 εἶπε
1582 4332 1661 4396 δὲ,
1684 4333 1764 4385 ὅτι

207 4426 379 4490 056st;
413 4428 604 4497 σοφὸς,
634 4425 772 4494 ἀλλ’,
803 4446 820 4477 t
863 4427 938 4478 Ού
970 4424 1168 4478 πολλοί.
1209 4443 1228 4476 ι
1263 4420 1442 4477 Ἦσαν
1471 4425 1580 4496 γὰρ
1612 4424 1766 4493 σοφοὶ

1872 3226 2094 3282 floreret
2151 3227 2326 3296 magis
2376 3245 2392 3282 :
2437 3243 2627 3282 verum
2665 3229 2795 3296 quia
2845 3229 3007 3283 etiam
3039 3243 3136 3298 per
3164 3228 3312 3282 illum
3353 3231 3446 3298 qui

1875 3316 2158 3371 imbecillis
2186 3317 2330 3372 visus
2379 3325 2482 3382 est,
2536 3317 2693 3372 fortis
2729 3316 2959 3372 Satanas
2990 3319 3188 3389 ligatus
3214 3329 3318 3374 cst.
3343 3317 3450 3374 Po-

1877 3409 2006 3465 teris
2040 3418 2219 3464 autem
2249 3410 2366 3465 haec
2394 3409 2474 3465 sic
2501 3410 2666 3464 etiam
2711 3411 3036 3482 intelligere,
3082 3411 3226 3479 quod
3251 3411 3308 3466 in
3338 3411 3447 3468 Deo

1873 3501 2018 3570 quod
2053 3501 2318 3557 immense
2357 3507 2576 3571 sapiens
2624 3511 2729 3568 est,
2781 3503 3041 3572 insipiens
3072 3505 3309 3570 dicatur,
3345 3506 3447 3560 hoc

1871 3602 1976 3659 est,
2001 3593 2223 3648 stultum
2259 3609 2274 3648 :
2310 3603 2364 3649 et
2386 3597 2531 3666 quod
2567 3608 2734 3662 supra
2767 3597 2982 3649 modum
3017 3596 3252 3660 firmum,
3295 3596 3448 3649 inlir-

1873 3699 2043 3748 mum,
2083 3683 2308 3754 perinde
2349 3699 2416 3739 ac
2473 3685 2706 3740 eximius
2760 3685 3015 3753 Splendor
3064 3696 3119 3740 et
3168 3686 3444 3744 excellens

1871 3775 2055 3832 lumen
2090 3775 2205 3844 ejus
2240 3777 2474 3832 tenebrae
2491 3788 2548 3832 et
2578 3777 2752 3850 caligo
2781 3776 3058 3832 dicuntur.

1942 3864 2108 3920 Vens.
2148 3865 2236 3922 26.
2284 3884 2304 3919 ι
2347 3865 2541 3923 Videte
2591 3869 2736 3923 enim
2790 3869 3132 3924 vocationem
3184 3877 3444 3936 vestram,

1871 3958 2094 4024 fratres,
2122 3961 2267 4032 quod
2319 3977 2425 4019 non
2462 3963 2614 4018 multi
2671 3963 2946 4034 sapientes
2983 3965 3282 4019 secundum
3319 3980 3446 4019 car-

1871 4068 2016 4117 nem,
2047 4071 2153 4110 non
2183 4054 2333 4110 multi
2365 4065 2634 4125 potentes,
2668 4071 2775 4112 non
2801 4056 2951 4111 multi
2984 4057 3212 4113 nobiles.
3250 4077 3270 4110 ι
3301 4057 3448 4114 Con-

1871 4150 2132 4216 siderate,
2157 4152 2350 4221 inquit,
2379 4162 2433 4207 et
2469 4153 2790 4208 scrutamini
2821 4164 3040 4209 vocatos
3081 4155 3148 4209 ad
3181 4155 3366 4220 ﬁdem,
3390 4165 3446 4208 et

1873 4244 2162 4301 invenietis
2191 4248 2333 4316 quod
2362 4263 2468 4302 non
2520 4249 2672 4302 multi
2700 4250 2976 4318 sapientes
3003 4252 3115 4303 sint
3142 4251 3441 4305 secundum

1871 4349 2115 4401 carnem,
2163 4337 2263 4392 hoc
2314 4350 2416 4402 est,
2470 4347 2530 4394 ut
2560 4350 2785 4410 apparet
2823 4342 2876 4394 in
2908 4342 3172 4411 speciem,
3215 4343 3270 4398 in
3309 4358 3448 4413 pra:-

1872 4428 2010 4483 senti
2039 4430 2165 4484 vita.
2197 4428 2314 4484 Non
2343 4431 2476 4486 dixit
2500 4442 2681 4488 autem
2706 4433 2850 4502 quod
2881 4447 3038 4488 nemo
3068 4436 3306 4504 sapiens,
3329 4437 3446 4502 sed,

208 4521 293 4573 καὶ
317 4524 372 4575 ὲν
398 4525 466 4593 τῇ
503 4521 708 4587 πίστει,
742 4519 818 4584 ώς
846 4521 873 4572 6
921 4517 1343 4589 Ἀρεοπαγίτης,
1369 4517 1442 4581 ti);
1473 4518 1502 4570 6
1522 4516 1764 4570 ἀνθύπα⁸

1878 4538 1896 4572 t
1927 4536 2033 4574 non
2077 4521 2249 4576 multi.
2285 4539 2305 4573 ι
2355 4520 2490 4577 Nam
2541 4524 2785 4579 nonnulli
2831 4526 3133 4595 sapientum
3178 4527 3243 4580 ad
3279 4527 3442 4580 fidem

207 4629 308 4679 τος,
340 4615 431 4668 καὶ
453 4616 638 4686 ἕτεροι
669 4613 735 4683 δὴ
770 4610 838 4684 [Ῑ.
864 4610 946 4684 δὲ]
970 4613 1021 4665 oi
1057 4609 1130 4681 μὴ
1159 4610 1420 4679 ὀνομαστὶ
1449 4609 1546 4664 νῦν
1575 4627 1776 4682 γνωρι-

209 4706 430 4777 ζόμενοι.
466 4709 577 4761 Καὶ⁸
613 4706 829 4760 δυνατοὶ
883 4705 939 4758 δὲ
993 4707 1086 4758 καὶ
1122 4705 1362 4773 εὐγενεῖς
1417 4705 1768 4760 ἐπίστευσαν.

211 4799 302 4851 Διὰ
334 4797 490 4852 τοῦτο
516 4793 613 4852 οῦν
647 4793 799 4850 εἶπεν
833 4797 925 4849 ἐπὶ
963 4797 1182 4850 πάντων
1210 4795 1292 4860 τὸ,
1328 4813 1347 4846 t
1385 4796 1460 4848 Ού
1502 4795 1703 4850 πολλοί.
1743 4815 1762 4847 ι

1870 4618 2238 4677 accesserunt,
2293 4617 2524 4681 quorum
2558 4611 2624 4666 de
2660 4627 2886 4665 numero
2947 4621 3078 4667 sunt
3116 4612 3445 4682 Areopogita

1867 4714 1922 4757 et
1954 4704 2242 4772 procOnsul
2282 4715 2336 4758 et
2369 4703 2457 4758 alii
2485 4705 2550 4758 de
2572 4719 2804 4773 quorum
2831 4705 3147 4760 nominibus
3177 4722 3445 4761 nuncnun

1875 4803 2109 4848 constat.
2171 4794 2310 4861 Quin
2364 4797 2529 4850 etiam
2560 4805 2808 4865 potentes
2865 4797 3107 4864 quidam,
3155 4806 3210 4850 et
3248 4812 3447 4866 genere

210 4887 361 4942 Ὥστε
384 4889 458 4944 ἰδὲ
477 4889 578 4962 τὴν
593 4888 824 4958 δύναμιν
841 4887 932 4940 τοῦ
955 4885 1331 4957 κηρύγματος,
1350 4884 1466 4950 πῶς
1493 4885 1708 4949 ἰδιώτας
1727 4887 1764 4918 ⁸

1876 4885 1998 4940 clari
2017 4887 2383 4941 crediderunt.
2405 4887 2690 4956 Pr0pterea
2707 4889 3039 4943 deomnibus
3073 4889 3208 4942 dixit
3236 4904 3250 4942 :
3283 4906 3303 4941 ι
3337 4904 3445 4959 non

211 4975 342 5032 οῦτω
403 4980 547 5050 σοφὰ
595 4979 847 5048 δόγματα
892 4978 938 5009 ⁸⁸
991 4977 1222 5043 ἐδίδαξε,
1264 4975 1362 5028 καὶ
1400 4976 1548 5038 ὅπως
1575 4976 1610 5048 ὴ
1661 4975 1764 5043 ἔξω

1876 4977 2043 5032 multi.
2072 4995 2093 5031 ι
2133 4976 2368 5034 Proinde
2401 4979 2770 5036 animadverte
2791 4982 3087 5048 potentiam
3115 4989 3168 5034 et
3192 4981 3444 5034 virtutem

213 5071 359 5138 σοφία
387 5071 608 5142 ἀχρεῖον
631 5087 682 5123 τι
706 5069 1002 5122 δείκνυται.

1881 5070 2302 5140 praedicationis,
2345 5073 2615 5141 quomodo
2653 5073 2848 5130 idiotas
2893 5081 2948 5129 et
2997 5073 3158 5129 rudes
3200 5073 3446 5141 dogmata

213 5175 312 5220 tam
361 5165 626 5235 sapientia
675 5163 939 5231 docuerit,
1001 5171 1058 5218 et
1109 5175 1340 5233 quonam
1403 5161 1562 5215 modo
1627 5167 1851 5219 externa
1903 5164 2088 5220 mundi
2141 5166 2408 5236 sapientia
2476 5167 2668 5224 inutile
2723 5168 2980 5238 quiddam
3040 5180 3163 5222 esse
3224 5167 3446 5223 demon-

239 5271 420 5318 tretur.

213 5273 518 5407 δυῗῃῖζλλά
559 5353 628 5406 τὰ
659 5351 815 5423 μωρὰ
851 5347 946 5403 τοῦ
974 5348 1178 5417 κόσμου
1228 5343 1510 5414 ἐξελέξατο
1538 5347 1567 5398 6
1610 5345 1764 5410 Θεὸς,

216 5445 297 5500 ἵνα
343 5445 679 5517 καταισχύνῃ
731 5445 858 5506 τοὺς
911 5440 1148 5511 σοφούς·
1202 5439 1298 5493 καὶ
1336 5439 1404 5491 τὰ
1440 5437 1640 5508 ἀσθενῆ
1674 5436 1766 5490 τοῦ

218 5541 411 5611 κόσμου
477 5538 754 5603 ἐξελέξατο
815 5536 844 5588 6
910 5533 1076 5598 Θεὸς,
1141 5531 1228 5585 ἴνα
1294 5528 1632 5600 καταισχύνῃ
1701 5529 1772 5582 τὰ

1952 5346 2114 5417 129
2147 5346 2308 5404 Vsus.
2329 5347 2420 5403 27.
2461 5367 2478 5400 ι
2511 5349 2616 5405 Sed
2639 5363 2757 5418 quae
2786 5348 2948 5404 stulta
2973 5347 3297 5403 suntmundi
3329 5349 3444 5406 ele-

1874 5439 1952 5510 git
1990 5443 2150 5507 Deus,
2179 5450 2237 5496 ut
2262 5443 2566 5512 pudefaciat
2587 5443 2860 5513 sapientes
2894 5459 2910 5496 :
2943 5451 2994 5496 et
3018 5442 3230 5496 infirma
3256 5444 3443 5500 mundi

1876 5530 2042 5601 elegit
2105 5531 2269 5602 Deus,
2325 5542 2382 5590 ut
2422 5534 2733 5604 pudefaciat
2782 5534 2964 5591 fortia.
3023 5553 3043 5588 ι
3102 5536 3248 5592 lszud
3297 5539 3443 5594 enim

1535 5645 1734 5707 Varim
1766 5645 2094 5710 lectiones.

287 5777 326 5808 ¹⁹
375 5777 586 5849 ἰδιώτης
623 5791 698 5830 tn.
775 5773 821 5805 ¹⁰
852 5769 1154 5842 διδάγματα
1183 5785 1234 5824 o.
