3874 6572
460 337 567 403 583

1363 333 1940 395 TIIEOPHYLACTI
1981 331 2393 394 BULGARI/E
2439 331 2789 393 ARCHIEP.
3603 327 3694 391 584

461 450 680 504 (ii-auos
729 446 964 501 maxime
1014 443 1198 515 pudet,
1237 459 1359 499 cum
1405 445 1456 496 in
1501 444 1620 498 l’oro
1667 444 1886 498 videant
1925 457 2033 495 mc-

2150 441 2360 511 Ξσχυρά.
2406 459 2423 493 ι
2483 440 2652 492 Τοῦτο
2700 440 2810 508 γάρ
2857 440 2971 490 ἐστι
3029 435 3259 507 μεγίστη
3316 435 3548 507 αἰσχύνη
3603 439 3699 491 τῶν

461 542 746 596 cbanicum
782 553 903 592 vera
939 539 1202 608 sapientia
1258 538 1404 608 ipsos
1433 536 1719 600 excedere,
1760 551 1823 588 ac
1857 535 2033 587 imbe-

460 631 636 685 cillem
671 628 912 697 adeoque
941 629 1402 699 contemptibilem
1445 627 1645 698 Opibus
1686 637 1741 682 et
1766 634 2032 695 potestate

462 723 786 792 conspicuos
815 719 1127 776 humiliare.

531 903 696 958 Vens.
740 902 832 958 28.
875 920 895 956 ι
944 903 1008 958 Ει
1042 901 1294 974 ignobilia
1349 900 1533 955 mundi
1603 909 1656 954 et
1722 909 2031 970 contempta

460 995 623 1065 elegit
676 992 838 1058 Deus,
873 1003 928 1050 et
955 1009 1018 1048 ea
1067 1008 1186 1062 qua:
1222 1008 1326 1047 non
1377 999 1526 1056 sunt,
1562 1000 1621 1045 ut
1655 1007 1716 1046 ea
1749 1007 1870 1061 qua:
1906 1001 2035 1046 sunt

461 1087 696 1140 abolent.
737 1105 755 1138 ι
814 1085 916 1152 Qui
969 1085 1104 1140 nihil
1139 1099 1260 1140 esse
1303 1095 1642 1154 reputantur,
1685 1098 1746 1137 ea
1777 1099 1897 1151 qua:
1925 1101 2033 1138 non

462 1188 593 1232 sunt
624 1178 900 1244 nominat;
932 1179 1024 1246 qui
1058 1185 1236 1230 autem
1270 1176 1470 1244 aliquid
1505 1190 1623 1229 esse
1658 1177 1934 1240 videntur,
1971 1191 2034 1230 ea

462 1286 582 1338 quae
618 1278 760 1323 sunt.
801 1268 870 1324 Ut
926 1269 1090 1338 igitur
1121 1269 1217 1321 hos
1252 1267 1457 1321 Otiosos
1492 1274 1546 1320 et
1587 1265 1804 1320 inutiles
1853 1278 2036 1321 osten-

465 1364 576 1423 dat.
629 1361 747 1414 ideo
787 1374 880 1413 eos
929 1361 1018 1430 qui
1066 1359 1198 1413 nihil
1245 1369 1394 1422 sunt,
1435 1358 1617 1427 elegit.
1658 1359 1852 1424 Porro,
1909 1374 2031 1414 cum

465 1451 640 1515 audis,
687 1470 706 1504 ι
763 1450 957 1520 Elegit,
1011 1468 1029 1502 ι
1067 1465 1172 1504 non
1227 1450 1306 1504 sic
1343 1449 1635 1518 intelligas,
1666 1450 1821 1519 quasi
1861 1465 2037 1518 operte

467 1544 697 1612 pretium
720 1542 958 1606 duxerit,
980 1552 1074 1596 aut
1102 1539 1443 1596 contenderit
1465 1552 1809 1610 contemptos
1837 1541 2036 1612 eligere

468 1651 532 1690 ac
564 1636 806 1690 celebres
845 1634 1115 1704 depellere
1165 1648 1180 1685 :
1220 1648 1404 1688 verum
1452 1633 1601 1702 quia,
1637 1649 1760 1686 cum
1799 1633 2036 1688 celebres

467 1738 518 1781 et
581 1727 820 1796 insignes
868 1726 971 1779 viri
1021 1727 1238 1796 propria
1273 1725 1538 1795 sapientia
1591 1725 2033 1795 intumescerent.

470 1820 697 1886 ideoque
749 1816 1023 1887 Evangelii
1083 1818 1306 1870 verbum
1373 1830 1490 1881 non
1551 1816 1907 1884 susciperent,
1971 1815 2038 1869 ad
2075 1786 2115 1840 Β

469 1913 629 1980 huius
671 1914 1069 1980 susceptionem
1132 1911 1239 1968 Deo
1309 1913 1480 1982 magis
1529 1911 1705 1965 idonei
1766 1911 1862 1966 visi
1916 1918 2042 1965 sunt

468 2008 502 2061 ii
535 2007 627 2077 qui
661 2007 728 2060 ab
761 2007 1068 2075 arrogantia
1107 2005 1265 2059 alieni
1292 2015 1469 2058 erant.

539 2097 702 2152 Vens.
733 2097 824 2153 29.
868 2116 886 2149 ι
931 2097 995 2152 Ut
1024 2113 1128 2151 non
1173 2098 1438 2166 glorietur
1471 2095 1648 2150 omnis
1677 2109 1808 2149 caro
1848 2109 2032 2150 coram

469 2188 600 2246 Deo.
638 2207 658 2241 ι
707 2187 1022 2258 Pr0pterea,
1068 2189 1262 2258 inquit,
1297 2190 1412 2243 haec
1480 2187 1620 2242 Deus
1665 2187 1815 2253 l‘ccit,
1865 2201 1920 2243 ut
1951 2189 2042 2243 de-

468 2283 726 2350 primeret
772 2281 968 2334 fastum
1002 2292 1055 2335 et
1095 2281 1462 2347 arrogantiam
1499 2295 1687 2334 corum
1738 2280 1828 2348 qui
1881 2295 2041 2332 mon--

467 2375 609 2427 dana
652 2373 890 2442 sapiunt,
948 2372 1383 2443 persuadeatqne
1438 2373 1618 2426 omnia
1674 2372 1775 2427 sibi
1817 2382 2038 2440 accepta

468 2465 774 2532 referenda,
811 2481 912 2522 nec
955 2480 1139 2520 coram
1188 2465 1308 2535 ipso
1353 2467 1722 2535 gloriandum.
1759 2466 2039 2531 Quomodo

467 2557 632 2623 igitur
677 2572 796 2622 vos,
842 2573 876 2612 ο
925 2555 1234 2626 Corinthii”
1253 2557 1322 2612 ob
1377 2572 1496 2612 eam
1555 2572 1668 2612 rem
1715 2558 2042 2613 elierimini?

467 2650 707 2703 Observa
755 2659 934 2703 autem
971 2630 1144 2718 quod.
1174 2649 1316 2702 haud
1349 2659 1551 2704 temere
1604 2649 1864 2714 diximus,
1897 2651 2037 2718 quod

475 2741 510 2794 ii
569 2741 662 2808 qui
713 2739 898 2808 rcjecti
936 2749 1086 2802 sunt,
1148 2748 1368 2808 pr0ptcr
1419 2739 1785 2809 arrogantiam
1835 2739 2038 2810 indigni

471 2830 596 2885 lacti
630 2841 756 2886 sunt
788 2831 1176 2900 prm-licatione
1202 2829 1503 2901 Evangelii.

544 2924 709 2979 Vens.
762 2926 849 2978 50.
883 2943 902 2976 ι
937 2940 1001 2979 ex
1057 2925 1176 2993 ipso
1213 2933 1394 2978 autem
1429 2937 1522 2978 vos
1552 2925 1689 2979 CStis
1719 2924 1772 2979 in
1823 2923 2040 2979 Christo

470 3014 624 3070 Jesu.
662 3034 681 3067 ι
711 3015 864 3080 Quod
906 3015 1001 3079 ait,
1044 3031 1062 3066 ι
1093 3013 1169 3066 Ex
1223 3014 1340 3081 ipso
1391 3031 1408 3066 I
1450 3028 1554 3068 non
1591 3015 1656 3069 de
1688 3014 2040 3082 productione

2148 529 2443 598 Ἑλλήνων,
2493 530 2622 581 ὅταν
2655 529 2806 581 ἴδωσι
2849 527 2941 580 τὸν
2974 528 3067 578 ἐπὶ
3101 529 3199 596 τῆς
3235 527 3436 595 ἀγορᾶς
3469 528 3698 594 χειροτέ-

2136 640 2270 692 χνην
2306 623 2443 692 ὑπέρ
2469 622 2665 684 αὐτοὺς
2696 619 3112 689 φιλοσοφοῦντα,
3146 623 3240 672 καὶ
3277 620 3368 671 τὸν
3397 619 3596 687 ἀσθενῆ
3620 622 3699 673 καὶ

2137 714 2614 785 εὐκαταφρόνητον
2655 712 2780 776 τοὺς
2821 712 2878 765 ἐν
2911 711 3202 782 δυναστεία
3244 712 3337 764 καὶ
3368 709 3587 780 πλούτῳ
3615 729 3700 765 τα-

2137 804 2451 861 πεινοῦντα.

2213 916 2232 950 ι
2275 899 2387 952 Καὶ
2417 897 2487 952 τά
2517 895 2686 966 ἀγενῆ
2723 894 2818 948 τοῦ
2851 895 3059 966 κόσμου
3095 896 3191 949 καὶ
3219 894 3288 948 τὰ
3315 894 3699 964 ἐξουθενημένα

2137 991 2420 1059 ἐξελέξατο
2453 993 2480 1044 ὁ
2513 991 2668 1054 Θεὸς,
2701 990 2886 1042 καὶτὰ
2917 988 2993 1060 μὴ
3030 989 3181 1054 ὄντα,
3209 989 3296 1041 ἵνα
3335 989 3402 1040 τὰ
3429 988 3562 1042 ὄντα
3589 1005 3701 1041 κατ-

2137 1085 2378 1158 αργήσῃ.
2421 1101 2439 1136 ι
2489 1084 2627 1146 Ίόὺς
2661 1083 2827 1153 μηδὲν
2873 1079 3014 1135 εἶναι
3049 1081 3458 1152 λογιζομένους,
3493 1080 3702 1144 τούτους

2141 1177 2217 1249 μὴ
2250 1178 2380 1231 ὄντα
2411 1174 2669 1246 ὀνομάζει
2694 1192 2708 1206 ·
2737 1175 2865 1229 ὄντα
2891 1175 2972 1237 δὲ,
2999 1176 3126 1238 τοὺς
3151 1171 3292 1227 εἶναί
3323 1192 3378 1226 τι
3403 1172 3699 1234 δοκοῦντας.

2141 1273 2257 1325 Ἵνα
2285 1269 2376 1322 οῦν
2413 1269 2638 1332 τούτους
2675 1268 2880 1340 ἀργοὺς
2917 1268 3014 1320 καὶ
3060 1267 3316 1336 ἀχρείους
3339 1267 3380 1298 ¹¹
3436 1265 3698 1335 ἀποδείξῃ,

2137 1362 2328 1415 τούτου
2362 1363 2524 1414 ἕνεκα
2565 1359 2692 1421 τοὺς
2729 1358 2895 1430 μηδὲν
2933 1357 3094 1420 ὄντας
3132 1356 3427 1423 ἐξελέξατο.
3481 1355 3701 1408 Ἀκούων

2137 1450 2197 1504 δὲ
2245 1449 2326 1512 τὸ,
2383 1467 2401 1500 ‹
2440 1447 2744 1512 ἐξελέξατο,
2792 1467 2809 1498 ι
2846 1446 2923 1517 μὴ
2966 1449 3164 1520 νοήσῃς
3193 1445 3396 1510 οὕτως,
3444 1446 3526 1499 ὅτι
3560 1446 3700 1513 ἔργον

2139 1539 2363 1608 ἐποίησε
2412 1540 2537 1602 τοὺς
2583 1540 2682 1608 μὲν
2730 1537 3220 1608 Ἐξουθενημένους
3251 1538 3456 1601 λαϐεῖν,
3489 1539 3612 1597 τοὺς
3652 1535 3699 1588 δέ

2139 1631 2384 1696 ἐνδόξους
2430 1631 2790 1685 ἀπώσασθαι·
2836 1630 2952 1683 ἀλλ’
2991 1632 3072 1684 ὅτι
3110 1629 3217 1683 τῶν
3247 1629 3475 1694 ἐνδόξων
3524 1629 3700 1691 ἀλαζο-

2140 1721 2446 1790 νευομένων
2497 1721 2590 1773 ἐπὶ
2627 1723 2692 1790 τῇ
2732 1722 2912 1791 οἰκείᾳ
2957 1719 3145 1790 σοφίᾳ,
3190 1719 3284 1773 καὶ
3333 1720 3422 1772 διὰ
3453 1718 3607 1772 τοῦτο
3636 1719 3699 1790 μὴ

2143 1813 2601 1883 παραδεχομένων
2648 1813 2710 1864 τὸ
2752 1814 3038 1881 κήρυγμα,
3077 1813 3126 1865 οἱ
3175 1813 3249 1882 μὴ
3292 1812 3551 1876 ἀλαζόνες
3577 1811 3697 1883 πρὸς

2141 1903 2239 1974 τὴν
2307 1903 2498 1956 τούτου
2555 1902 2870 1972 παραδοχὴν
2926 1903 3352 1976 ἐπιτηδειότεροι
3404 1904 3590 1968 ἔδοξαν
3631 1903 3697 1972 τῷ

2141 1995 2279 2065 Θεῷ.

2220 2106 2238 2140 ‹
2273 2088 2463 2150 Ὅπως
2511 2089 2586 2159 μὴ
2618 2092 2964 2160 καυχήσηται
3000 2089 3149 2142 πᾶσα
3189 2085 3328 2156 σὰρξ
3358 2086 3586 2141 ἐνώπιον
3615 2086 3696 2139 τοῦ

2141 2178 2298 2235 Θεοῦ.
2340 2199 2359 2232 ι
2393 2183 2493 2235 Διά
2520 2182 2700 2244 τοῦτο,
2727 2183 2881 2251 φησὶ,
2915 2181 3086 2236 ταῦτα
3103 2184 3148 2214 ³⁸
3175 2179 3478 2249 πεποίηκεν
3506 2182 3532 2233 ὀ
3559 2182 3695 2241 Θεὸς.

2143 2273 2229 2327 ἵνα
2269 2276 2597 2346 καταστείλῃ
2659 2278 2750 2329 τὸν
2797 2275 2965 2346 τῦφον
3004 2277 3099 2330 καὶ
3125 2275 3224 2346 τὴν
3263 2275 3578 2338 ἀλαζονείαν
3603 2276 3696 2327 τῶν

2141 2369 2209 2420 τὰ
2235 2369 2332 2421 τοῦ
2370 2369 2575 2440 κόσμου
2607 2370 2971 2440 φρονούντων,
3023 2369 3118 2423 καὶ
3153 2368 3317 2442 πείσῃ
3349 2369 3522 2422 πάντα
3565 2371 3696 2440 αύτῷ

2142 2461 2481 2525 ἀνατιθέναι,
2521 2462 2614 2514 καὶ
2645 2463 2718 2533 μὴ
2753 2463 3058 2532 καυχᾶσθαι
3089 2461 3319 2514 ἐνώπιον
3372 2462 3556 2516 αὑτοῦ.
3587 2463 3694 2523 Πῶς

2141 2553 2234 2607 οῦν
2267 2555 2447 2623 ὑμεῖς,
2485 2549 2528 2607 ὦ
2563 2555 2862 2624 Κορίνθιοι,
2892 2555 2985 2608 ἐπὶ
3012 2553 3186 2624 τούτῳ
3211 2553 3536 2624 ὲπαίρεσθε;
3597 2556 3694 2622 Ορα

2141 2647 2236 2712 δὲ,
2281 2647 2363 2699 ὅτι
2410 2647 2510 2700 οὑκ
2554 2648 2862 2710 ἀπεικότως
2909 2648 3038 2718 ἡμῖν
3089 2647 3327 2716 εἴρηται,
3381 2647 3457 2710 ὡς
3485 2646 3570 2700 διὰ
3609 2650 3695 2716 τὴν

2141 2738 2463 2802 ἀλαζονείαν
2523 2741 2732 2804 ἀνάξιοι
2797 2740 3046 2808 ἐγένοντο
3090 2738 3187 2793 τοῦ
3248 2738 3596 2812 κηρύγματος
3651 2742 3691 2792 οἱ

2142 2832 2508 2896 ἀπωσθέντες.

2220 2942 2237 2973 ι
2293 2921 2383 2987 Ἓξ
2420 2920 2586 2974 αὑτοῦ
2619 2921 2673 2974 δὲ
2704 2922 2862 2991 ὑμεῖς
2903 2923 3024 2974 ἐστε
3061 2922 3118 2975 ἐν
3164 2921 3390 2992 Χριστῷ
3450 2921 3636 2993 Ἰησοῦ.
3671 2941 3686 2972 ι

2143 3014 2236 3079 Τὸ,
2285 3033 2303 3066 ι
2359 3013 2451 3078 Ἐξ
2478 3013 2664 3077 αὑτοῦ,
2699 3033 2719 3066 ›
2751 3016 2825 3086 μὴ
2872 3018 2998 3086 περὶ
3029 3016 3125 3086 τῆς
3158 3018 3237 3078 εἰς
3267 3015 3328 3068 τὸ
3356 3013 3492 3070 εἶναι
3528 3033 3690 3085 mp:-

471 3109 538 3160 ad
567 3121 710 3170 esse,
761 3106 854 3161 sed
896 3106 961 3158 ad
1013 3105 1149 3158 bene
1174 3119 1295 3159 esse
1324 3105 1524 3158 dictum
1556 3105 1808 3173 accipies.
1843 3107 2034 3172 Porro,

2150 3107 2324 3174 γωγῆς
2375 3110 2570 3178 νοήσῃς
2619 3107 2896 3175 λέγεσθαι,
2947 3107 3085 3161 ἀλλά
3132 3109 3261 3181 περὶ
3300 3109 3398 3178 τῆς
3430 3111 3505 3171 είς
3539 3109 3597 3161 τὸ
3641 3106 3691 3160 εὖ

472 3202 615 3270 quod
638 3199 715 3254 ait
752 3207 834 3253 est
868 3197 1175 3264 hujusmodi
1215 3219 1225 3251 :
1257 3197 1378 3251 Filii
1409 3197 1502 3252 Dei
1546 3196 1668 3250 facti
1706 3198 1856 3263 estis,
1887 3209 1940 3254 et
1970 3215 2035 3253 ex

471 3289 590 3360 ipso
607 3287 858 3354 estis,lilii
879 3289 997 3356 ejus
1019 3287 1142 3342 lacti
1176 3288 1226 3341 in
1245 3287 1484 3351 Christo,
1501 3301 1615 3356 pro,
1632 3302 1723 3356 per
1741 3288 2036 3344 Christum.

471 3381 737 3448 Quoniam
800 3389 978 3435 autem
1039 3381 1252 3435 dixerat
1300 3379 1442 3450 quod
1497 3381 1750 3450 ignobilia
1809 3382 2040 3451 elegerit

471 3474 637 3538 Deus,
675 3474 917 3526 ostendit
947 3473 1091 3541 quod
1122 3473 1362 3527 omnium
1384 3481 1514 3529 sunt
1567 3472 1914 3542 nobilissimi,
1948 3476 2039 3546 qui

469 3567 637 3622 Deum
672 3567 812 3622 nacti
833 3577 958 3620 sunt
980 3567 1031 3620 iu
1057 3566 1292 3620 Patrem.

548 3677 568 3712 ι
601 3658 702 3727 Qui
759 3659 932 3712 tactus
969 3667 1052 3712 est
1102 3658 1260 3714 nobis
1291 3657 1558 3728 sapientia
1590 3673 1620 3713 a
1655 3660 1785 3727 Deo,
1832 3661 2040 3731 iustitia

469 3758 523 3803 et
556 3747 914 3803 sanctilicatio
951 3757 1005 3801 et
1047 3746 1368 3816 redemptio.
1403 3767 1421 3800 ι
1459 3747 1572 3803 [loc
1604 3759 1708 3817 est,
1763 3753 2042 3822 sapientes

472 3856 570 3895 nos
602 3849 656 3893 ct
683 3837 859 3908 iustos
889 3849 944 3894 et
991 3850 1212 3894 sanctos
1247 3849 1302 3895 et
1333 3840 1530 3896 liberos
1573 3840 1720 3897 fecit.
1752 3841 1864 3899 lloc
1895 3845 2040 3898 enim

469 3940 557 3988 est
612 3932 937 4002 redemptio,
997 3947 1187 4001 nempe
1262 3933 1535 3988 revocatio
1595 3949 1661 3990 ex
1708 3937 2038 4005 captivitate.

473 4025 936 4092 Quemadmodum
997 4034 1176 4080 autem
1234 4023 1500 4093 ignobiles
1556 4027 1784 4097 eligens,
1835 4030 2042 4084 nobiles

472 4130 527 4174 et
580 4119 754 4174 claros
810 4117 961 4182 fecit,
1014 4116 1155 4172 filios
1186 4115 1278 4172 Dei
1327 4117 1662 4172 constituens
1707 4135 1722 4172 :
1763 4119 1907 4174 hunc
1973 4124 2038 4174 ad

472 4212 692 4265 modum
731 4210 924 4263 stultos
959 4209 1230 4278 sapientes
1269 4205 1528 4271 reddidit,
1565 4207 1740 4261 factus
1768 4209 1926 4264 nobis
1952 4225 2040 4264 sa-

474 4303 698 4373 pientia.
721 4300 898 4366 Quare
933 4299 1093 4368 igitur
1115 4313 1217 4353 non
1246 4298 1377 4351 dixit
1405 4313 1419 4350 :
1452 4297 1731 4365 Sapientes
1761 4312 1863 4352 nos
1896 4298 2039 4365 fecit,

473 4395 604 4448 sed:
644 4411 664 4446 ι
703 4391 902 4449 Factus
933 4401 1014 4446 est
1061 4389 1214 4444 nobis
1244 4389 1542 4458 sapientia?
1579 4409 1595 4440 ο
1639 4389 1769 4444 Ι)οιιί
1821 4391 2041 4460 largita-

2142 3195 2280 3252 εἶναι
2301 3216 2315 3229 ·
2347 3198 2375 3252 ὃ
2406 3199 2462 3252 δὲ
2488 3198 2634 3266 λέγει
2657 3198 3056 3267 τοιοῦτόνέστι·
3077 3200 3255 3254 Τέκνα
3280 3199 3413 3254 Θεοῦ
3441 3199 3688 3267 ἐγένεσθε,

2143 3292 2236 3344 καὶ
2265 3290 2325 3356 ἐξ
2358 3291 2523 3345 αὑτοῦ
2555 3293 2700 3356 ἐστε,
2738 3291 2845 3344 υἱοὶ
2878 3292 3045 3346 αὑτοῦ
3077 3293 3357 3363 γενόμενοι
3389 3295 3444 3347 ὲν
3472 3292 3688 3362 Χριστῷ,

2141 3381 2398 3451 ἀντὶοτοῦ,
2427 3382 2512 3434 διὰ
2534 3381 2793 3453 Χριστοῦ.
2835 3384 2987 3436 Ἐπεὶ
3008 3383 3064 3437 δὲ
3093 3379 3268 3448 εἶπεν,
3291 3385 3372 3439 ὅτι
3397 3403 3415 3436 ι
3445 3385 3518 3438 Ta
3540 3385 3688 3455 ἀγενῆ

2143 3476 2446 3541 ἐξελέξατο,
2477 3493 2496 3526 ι
2530 3476 2801 3530 δείκνυσιν
2827 3477 2910 3530 ὅτι
2928 3479 3142 3531 πάντων
3158 3478 3295 3532 είσὶν
3319 3480 3686 3550 εὐγενέστεροι,

2142 3567 2192 3619 οἱ
2228 3566 2449 3636 Πατέρα
2475 3565 2607 3618 Θεὸν
2637 3566 3065 3638 πλουτήσαντες.

2224 3677 2242 3708 ι
2285 3659 2382 3721 Ὃς
2427 3657 2662 3728 ἐγενήθη
2692 3660 2824 3729 ἡμῖν
2857 3661 3018 3728 σοφία
3047 3661 3156 3714 ἀπὸ
3197 3660 3356 3728 θεοῦ,
3402 3663 3686 3731 δικαιοσύνη

2144 3749 2312 3818 τεξκαὶ
2347 3749 2639 3819 ἁγιασμὸς,
2669 3751 2766 3803 καὶ
2797 3751 3193 3822 ἀπολύτρωσις.
3229 3771 3246 3803 ι
3293 3755 3562 3818 Τουτέστι,
3607 3756 3689 3806 Σοο

2147 3843 2282 3911 φοὺς
2319 3843 2490 3913 ἡμᾶς,
2536 3846 2630 3896 καὶ
2680 3844 2945 3910 δικαίους,
2993 3846 3086 3899 καὶ
3121 3846 3327 3915 ἁγίους,
3382 3847 3473 3901 καὶ
3500 3849 3688 3901 atauo:-

2149 3953 2277 4006 ρους
2325 3936 2644 4006 εἰργάσατο.
2684 3937 2853 3990 Τοῦτο
2887 3939 2995 4008 γάρ
3033 3939 3066 4008 ἡ
3098 3937 3494 4011 ἀπολύτρωσις,
3530 3942 3559 4011 ἡ
3595 3940 3690 3992 ἀπὸ

2145 4029 2244 4096 τῆς
2271 4029 2646 4098 αἰχμαλωσίας
2681 4030 3071 4098 ἐπανάκλησις.
3103 4031 3316 4102 ’Ὠσπερ
3345 4032 3401 4084 δὲ
3438 4034 3553 4094 τοὺς
3575 4034 3687 4100 ἁγε-

2147 4121 2255 4181 νεί,
2283 4118 2664 4189 ἐκλεξάμενος,
2706 4123 2948 4189 εὐγενεῖς
2979 4123 3254 4193 ἐποίησεν,
3292 4127 3434 4187 υἱοὺς
3462 4125 3582 4178 Θεοῦ
3606 4126 3687 4176 αὑ-

2145 4213 2531 4284 τοὺτιοέμενος·
2556 4214 2695 4268 οὕτω
2721 4218 2954 4279 καὶτοὺς
2981 4221 3220 4288 μωροὺς,
3255 4221 3445 4286 σοφοὺς
3473 4219 3685 4286 ἐποίησε,

2147 4306 2396 4374 γενηθεῖς
2423 4307 2552 4374 ἡμῖν
2589 4308 2767 4375 σοςία.
2805 4308 2923 4370 Πῶς
2948 4308 3038 4360 οὖν
3059 4310 3159 4362 οὑκ
3190 4305 3364 4375 εἶπεν,
3393 4313 3471 4364 ὅτι
3499 4310 3686 4374 Ἐσόφι·

2151 4414 2241 4448 σεν
2275 4399 2441 4467 ἡμᾶς,
2482 4397 2621 4462 ἀλλ’,
2673 4417 2690 4450 ι
2744 4399 3002 4471 Ἐγενήθη
3048 4403 3177 4472 ἡμῖν
3229 4403 3419 4471 σοφίη
3452 4423 3468 4455 ι
3507 4402 3570 4453 Τὸ
3603 4401 3686 4452 δι-

473 4495 580 4542 tem
613 4485 821 4540 scilicet
841 4485 1153 4548 ostendens,
1188 4481 1412 4551 perinde
1434 4495 1498 4534 ac
1529 4482 1574 4534 si
1601 4480 1765 4546 dicat,
1791 4481 2038 4551 Seipsnm

2150 4487 2299 4558 ψιλές
2328 4488 2737 4558 ἐνδεικνύμενος
2768 4490 2867 4559 τῆς
2902 4492 3132 4560 δωρεᾶς,
3160 4493 3362 4546 ὡσανεὶ
3396 4494 3584 4558 ἔλεγεν,
3615 4492 3685 4542 ὅτι

474 4578 631 4633 nobis
687 4578 922 4631 tradidit.
976 4574 1109 4630 Cum
1188 4582 1368 4627 autem
1442 4571 1728 4642 magniﬁca
1786 4574 1852 4628 de
1911 4573 2046 4627 Filio

475 4671 726 4736 dixisset,
762 4669 1006 4736 apponit,
1061 4687 1080 4720 ι
1128 4667 1167 4720 A
1201 4664 1333 4730 Deo,
1380 4684 1399 4718 ι
1435 4679 1503 4718 ne
1549 4665 1842 4734 ingenitum
1874 4665 2044 4734 ipsum

476 4763 700 4832 cogites,
734 4763 826 4816 sed
881 4762 946 4814 ad
976 4776 1191 4816 causam
1245 4773 1516 4819 recurras,
1572 4756 2043 4826 nempePatrem.

470 4853 859 4910 Animadverte
899 4862 1077 4906 autem
1137 4853 1406 4906 ordinent.
1472 4849 1713 4904 Primum
1771 4851 2045 4919 sapientes

472 4947 622 5011 iecit,
656 4947 892 5000 liberans
929 4959 1022 5000 eos
1057 4945 1124 5000 ab
1174 4960 1380 5010 errore,
1421 4945 1624 5011 Deique
1661 4946 2041 5014 cognitionem

470 5040 676 5095 docens
699 5037 920 5093 :dcinde
943 5036 1137 5105 justos,
1166 5046 1506 5104 peccatoruin
1536 5036 1854 5093 dimissione
1885 5035 2044 5105 130

474 5137 597 5184 data
647 5146 661 5183 :
717 5138 833 5197 post
867 5126 1226 5181 sanctiﬁcavit
1265 5140 1362 5195 per
1417 5126 1674 5194 Spiritum
1727 5135 1976 5180 sanctum
2025 5142 2040 5180 :

474 5229 635 5286 atque
667 5217 738 5270 ita
771 5214 1062 5286 perfectam
1094 5215 1468 5268 liberationem
1504 5213 1570 5266 ab
1600 5217 1860 5268 omnibus
1887 5215 2044 5268 malis

475 5309 631 5364 nobis
660 5307 917 5377 impertiit
942 5317 998 5362 et
1023 5307 1294 5372 liberavit,
1329 5313 1387 5358 ut
1414 5303 1586 5374 ipsius
1615 5313 1820 5360 tantum
1849 5305 2043 5372 simus,

473 5401 630 5471 eique
663 5399 883 5456 addicti.

545 5492 706 5549 Veis.
759 5492 846 5547 3|.
886 5509 903 5543 ι
957 5491 1024 5548 Ut
1069 5490 1522 5564 quemadmodum
1550 5489 1808 5560 scriptum
1851 5498 1935 5544 est
1963 5488 1988 5529 ἀ
2026 5508 2039 5544 :

543 5609 573 5652 ἀ
625 5609 827 5666 Jerem.
858 5625 934 5676 ix,
969 5610 1060 5666 53.

2157 4579 2382 4634 Ἑαυτὸν
2402 4581 2534 4651 ἡμῖν
2550 4581 2736 4634 ἔδωκε.
2763 4576 2990 4649 Μεγάλα
3017 4584 3072 4636 δὲ
3100 4585 3270 4637 είπὼν
3289 4586 3418 4653 περὶ
3445 4585 3532 4638 τοῦ
3557 4582 3684 4644 Υίοῦ,

2143 4671 2472 4742 προστίθησι
2499 4671 2580 4737 τὸ,
2617 4690 2636 4724 ‹
2686 4672 2820 4726 Ἀπὸ
2844 4675 2936 4728 τοῦ
2966 4674 3122 4739 Θεοῦ,
3163 4693 3180 4726 ι
3212 4677 3298 4729 ἴνα
3327 4679 3403 4746 μὴ
3428 4677 3685 4745 ἀγέννητον

2143 4760 2308 4814 αὐτὸν
2331 4761 2646 4836 ὑπολάϐῃς,
2665 4761 2779 4815 ἀλλ’
2813 4763 2907 4816 ἐπὶ
2938 4763 3036 4834 τὴν
3073 4765 3250 4818 αἰτίαν
3281 4766 3578 4837 ἀναδράμῃς
3608 4763 3683 4813 τὸν

2146 4855 2386 4925 Πατέρα.
2425 4857 2570 4927 Ὅρα
2602 4856 2657 4909 δὲ
2678 4855 2832 4921 τάξιν
2851 4857 2896 4888 ⁸³
2921 4873 2933 4887 ⁸
2970 4858 3187 4929 πρῶτον
3216 4861 3411 4930 σοςροὺς
3441 4859 3680 4927 ἐποίησεν,

2141 4944 2462 5009 ἀπαλλάξας
2498 4945 2598 5014 τῆς
2653 4945 2882 5018 πλάνης,
2935 4949 3030 5001 καὶ
3078 4948 3408 5016 θεογνωσίαν
3463 4948 3678 5011 διδάξας·

2142 5036 2236 5089 καὶ
2266 5037 2388 5089 τότε
2417 5036 2684 5103 δικαίους,
2725 5038 2834 5092 τῶν
2862 5041 3150 5111 ἁμαρτιῶν
3192 5041 3292 5112 τὴν
3331 5042 3515 5111 ἄφεσιν
3535 5039 3682 5105 δωρη-

2144 5127 2378 5197 σάμενος
2406 5143 2418 5158 ·
2472 5123 2592 5181 εἷτα
2632 5129 2726 5182 καὶ
2756 5129 2991 5196 ἁγιάσας
3022 5131 3112 5184 διὰ
3153 5133 3247 5184 τοῦ
3279 5132 3432 5200 ἁγίου
3465 5127 3681 5196 Πνεῦμα-

2141 5235 2267 5281 τος·
2301 5220 2398 5273 καὶ
2431 5219 2575 5273 οὕτω
2611 5221 2824 5277 τελείαν
2871 5223 3188 5294 ἀπαλλαγὴν
3227 5224 3440 5277 πάντων
3465 5222 3560 5274 τῶν
3595 5235 3681 5269 x1-

2143 5312 2256 5364 κών
2281 5313 2646 5384 χαρισάμενος
2666 5315 2762 5368 καὶ
2787 5315 3180 5386 ἐλευθερώσας,
3206 5316 3346 5386 ὥστε
3367 5314 3518 5370 αὑτοῦ
3540 5311 3676 5382 μόνον

2143 5398 2288 5456 εἶναι
2317 5405 2488 5474 ἡμᾶς,
2515 5407 2604 5458 καὶ
2645 5407 2796 5478 αὑτῷ
2823 5408 3144 5462 ἀνακεῖσθαι
3289 5383 3306 5411 θ

2223 5514 2242 5548 ι
2281 5497 2398 5552 Ἵνα
2429 5497 2610 5563 καθὼς
2637 5499 2973 5572 γέγραπται·
3041 5501 3098 5555 '0
3145 5504 3501 5575 καυχώμενος,
3535 5497 3585 5549 ιν
3611 5489 3677 5560 τῷ

1794 5683 1992 5744 Varia:
2019 5681 2348 5744 lectiones.

545 5783 593 5818 ⁸³
627 5783 929 5855 ἀχρήστους
953 5800 1005 5840 o.
1083 5786 1127 5818 ’³
1152 5784 1329 5840 ταῦτα
1395 5784 1574 5839 πάντα
1637 5803 1709 5841 tn.

1789 5785 1834 5817 ’³
1861 5783 1916 5837 δὲ
1956 5786 2054 5857 τὴν
2104 5785 2254 5849 τάξιν
2281 5801 2353 5839 m.
