3874 6622
214 451 300 515 535
939 435 1341 497 EXPOSlTIO
1385 435 1461 494 ΙΝ
1501 434 1740 494 EPIST.

1878 432 1954 492 Π)
1981 428 2150 491 COR.
2181 452 2249 465 -
2273 427 2430 488 CAP.
2466 426 2550 486 ΙΙ.
3305 413 3408 478 586

211 559 372 631 Κυρίῳ
416 548 713 622 καυχάσθω.
753 567 771 600 ι
827 551 1012 604 Πάντα
1060 547 1250 610 ταῦτα,
1288 546 1441 615 φησὶ,
1483 545 1732 612 γέγονεν,

1873 539 1937 606 [ni
1976 538 2258 610 gloriatur,
2291 537 2342 590 in
2369 535 2595 589 Domino
2633 530 2913 605 glorietur.
2973 547 2990 580 ι
3038 525 3231 581 Omnia
3268 525 3403 588 haec,

212 655 282 706 ἵνα
312 647 478 718 μηδεὶς
509 642 692 697 ἑαυτὸν
737 639 873 695 εἷναί
905 659 956 693 τι
1006 640 1224 712 νομίζῃ,
1273 637 1406 708 μηδὲ
1439 638 1521 705 ἐφ’
1555 633 1733 702 ἑαυτῷ

1881 631 2030 702 ιιιιιίε,
2092 629 2233 684 facta
2299 637 2446 692 sunt,
2503 640 2569 681 ne
2617 625 2906 694 quisquam
2980 634 3037 674 se
3093 628 3242 689 putet
3289 633 3410 673 esse

211 742 460 812 χαυχᾶται,
516 736 546 808 ἢ
592 735 677 789 ἐπ’
717 734 864 804 ἄλλῳ
920 734 1050 796 τινὶ,
1101 731 1214 786 ἀλλ’
1263 730 1356 784 ἐπὶ
1386 729 1464 798 τῷ
1491 725 1608 796 Θεῷ
1656 725 1734 793 τῷ

1882 725 2066 795 liquid,
2105 735 2278 792 neque
2323 721 2375 774 in
2411 711 2590 789 seipso
2623 715 2904 787 glorietur,
2941 711 3022 769 vel
3065 714 3120 768 in
3151 712 3256 766 alio
3279 725 3412 815 quo-

207 833 408 890 τοταῦτα
429 831 553 900 ἡμῖν
579 828 950 899 χαρισαμένῳ.
986 827 1108 888 Πῶς
1135 821 1228 877 οὖν
1261 823 1417 891 ὑμεῖς
1442 817 1734 889 φυσιοῦσθε

1877 819 2013 882 iam,
2053 817 2146 871 sed
2180 815 2234 870 in
2268 811 2378 867 Deo
2408 811 2498 880 qui
2532 815 2679 864 tanta
2714 805 2872 860 nobis
2900 805 3138 858 donavit.
3170 804 3271 870 Qui
3304 804 3405 875 igi-

209 925 284 980 καὶ
308 923 382 994 ἐφ’
409 922 630 984 ἑαυτοῖς,
659 921 755 973 καὶ
779 920 871 972 ἐπὶ
900 917 1207 989 ἀνθρώποις
1233 913 1577 974 διδασκάλοις
1601 928 1615 978 ;

1879 927 1929 962 ιι·
1970 925 2066 964 vos
2100 916 2154 962 et
2186 915 2404 977 propter
2432 905 2598 973 ipsos,
2640 909 2696 956 et
2729 909 2947 970 propter
2991 901 3238 953 homines
3310 900 3409 951 do-

1847 1012 2024 1056 ctores
2056 999 2222 1054 inﬂati
2260 997 2430 1054 estis?

759 1124 1010 1178 ΚΕΦᾹΛ.
1054 1124 1130 1178 B'.

2444 1108 2674 1166 CAPUT
2703 1107 2768 1164 ll.

188 1247 195 1255 '
268 1257 284 1290 ι
317 1233 475 1304 Κάγὼ
513 1233 681 1289 ἐλθὼν
735 1234 872 1305 πρὸς
922 1236 1087 1304 ὑμᾶς,
1135 1234 1376 1301 ἀδελφοὶ,
1425 1235 1525 1286 οὐκ
1575 1230 1718 1304 ἦλθοε

1919 1231 2082 1286 Vens.
2121 1231 2166 1284 t.
2211 1247 2229 1279 ι
2265 1228 2331 1282 Ει
2360 1240 2460 1298 ego
2489 1241 2611 1281 cum
2643 1226 2908 1281 venissem
2944 1225 3010 1279 ad
3047 1238 3163 1291 vos,
3202 1223 3419 1286 fratres,

207 1328 310 1385 καθ’
337 1327 592 1397 ὑπεροχὴν
619 1325 778 1394 λόγου
811 1326 845 1397 ἢ
871 1326 917 1358 ³⁸
941 1325 1157 1395 σοφίας,
1193 1326 1579 1395 καταγγέλλων
1611 1325 1737 1394 ὑμῖν

1883 1341 1954 1381 on
2015 1323 2136 1379 veni
2167 1322 2238 1378 in
2291 1320 2626 1377 sublimitate
2679 1317 2952 1375 sermonis
2999 1325 3056 1372 ot
3113 1315 3413 1385 sapientiae,

207 1422 256 1474 τὸ
282 1419 557 1491 μαρτύριον
589 1419 683 1471 τοῦ
726 1416 884 1472 Θεοῦ.
929 1436 950 1470 ι
991 1418 1066 1472 Οὐ
1102 1417 1283 1488 μόνον,
1323 1417 1509 1487 φησὶν,
1551 1417 1600 1469 οἱ
1633 1432 1737 1485 μα-

1890 1415 2180 1471 ununtians
2230 1413 2386 1470 vobis
2436 1411 2804 1468 testimonium
2855 1408 2974 1465 Dei.
3019 1427 3039 1461 ι
3075 1407 3192 1464 Non
3224 1407 3420 1474 solum,

208 1513 339 1585 θηται
376 1510 463 1564 τοῦ
507 1511 841 1580 Εὐαγγελίου
899 1509 1093 1580 ἄσοφοι
1141 1508 1468 1580 ὲξελέγησαν
1491 1510 1584 1562 καὶ
1616 1507 1738 1561 δυσ‹

1895 1510 2045 1581 ιιιιιίι,
2091 1507 2340 1578 discipuli
2393 1504 2668 1575 Evangelii
2716 1503 3034 1574 insipientes
3090 1512 3148 1556 et
3194 1502 3425 1556 obscuro

208 1608 374 1675 γενεῖς,
405 1604 533 1658 ἀλλὰ
575 1605 672 1657 καὶ
732 1603 843 1672 ἐγὼ
876 1603 1035 1667 αὐτὸς
1067 1604 1096 1657 ό
1139 1604 1314 1674 κήρυξ
1352 1601 1444 1656 τοῦ
1502 1603 1738 1670 Εὑαγγε‹

1896 1616 2049 1658 enere
2075 1599 2234 1656 electi
2277 1605 2426 1665 sunt,
2457 1612 2646 1654 verum
2683 1596 2848 1652 etiam
2876 1610 2978 1666 ego
3008 1595 3122 1665 ipse
3150 1591 3426 1662 Evangelii

207 1698 319 1759 λίου,
349 1697 439 1748 οὐκ
473 1691 634 1766 ἦλθον
669 1695 850 1764 λόγοις
881 1694 1428 1766 παρεσκευασμένοις
1457 1694 1553 1746 καὶ
1585 1692 1737 1764 σοφίᾳ

1898 1709 2050 1761 raeco,
2112 1708 2220 1749 non
2251 1691 2372 1748 veni
2430 1691 2679 1747 oratione
2731 1699 2786 1746 et
2854 1688 3119 1760 sapientia
3188 1686 3428 1742 humana

207 1787 483 1860 ἀνθρωπίνῃ
508 1785 893 1856 καταγγέλλων
911 1787 940 1838 ὑ
948 1789 1039 1857 μῖν
1062 1785 1123 1839 τὸ
1151 1786 1450 1857 μαρτύριον
1476 1783 1570 1837 τοῦ
1585 1783 1737 1848 Θεοῦ,

1897 1797 2176 1851 istrnctus,
2235 1784 2565 1840 annuntians
2595 1783 2748 1838 vobis
2801 1783 3170 1838 testimonium
3213 1779 3330 1844 Dei,
3377 1780 3427 1833 id

209 1879 441 1941 τουτέστι,
476 1877 564 1929 τὸν
600 1875 831 1931 Θάνατον
860 1877 952 1930 τοῦ
1003 1876 1264 1944 Χριστοῦ.
1317 1877 1461 1947 Ὅρα
1500 1872 1614 1941 οὖν,
1666 1876 1739 1928 ὅτι

1903 1888 1936 1935 st
1997 1887 2229 1934 mortem
2280 1875 2507 1932 Christi.
2560 1873 2947 1930 Animadverte
2994 1889 3126 1945 ergo
3184 1874 3330 1942 quod
3375 1882 3433 1926 et

209 1971 284 2022 καὶ
304 1971 328 2022 ὁ
349 1967 514 2040 κήρυξ
533 1968 734 2038 ἄσοφος
763 1971 858 2023 καὶ
890 1969 1126 2040 ἰδιώτης,
1151 1971 1244 2023 καὶ
1268 1969 1328 2022 τὸ
1351 1969 1739 2040 κηρυττόμενοι

1900 1985 2034 2026 ναίω
2061 1969 2322 2039 insipiens
2359 1978 2443 2025 est
2481 1976 2536 2023 et
2563 1968 2813 2039 simplex,
2861 1977 2917 2023 et
2949 1968 3000 2022 id
3045 1967 3190 2036 quod
3237 1965 3430 2035 praedi-

210 2059 405 2124 θᾴνατος
434 2063 523 2114 καί
565 2062 803 2131 σταυρός
825 2077 839 2091 ·
883 2062 977 2114 καὶ
1006 2062 1155 2130 ὅμως
1205 2061 1443 2130 ἐνίκησε.
1480 2061 1740 2132 Πρόδηλω

1899 2075 2030 2129 atur,
2067 2073 2152 2120 est
2179 2079 2329 2121 mors
2354 2073 2408 2120 et
2433 2078 2569 2119 crux
2603 2081 2617 2119 :
2650 2072 2887 2117 attamen
2919 2060 3004 2117 vel
3041 2061 3121 2115 sic
3147 2059 3429 2114 victoriam

209 2152 296 2223 ἄρα
315 2154 386 2206 ὅτι
417 2153 623 2222 ἄφατος
654 2154 884 2224 δύναμίς
916 2156 1086 2218 ἐστιν,
1121 2157 1154 2225 ή
1188 2154 1364 2209 ταῦτα
1387 2153 1560 2220 οὕτως
1613 2155 1739 2226 ἐχειι

1902 2158 2110 2214 btinnit.
2159 2159 2511 2229 Perspicuum
2569 2157 2756 2227 itaque
2809 2165 2912 2218 est,
2963 2153 3104 2224 quod
3159 2155 3334 2208 virtus
3375 2158 3432 2206 et

209 2245 425 2300 ποιοῦσα.
472 2246 535 2300 Τί
577 2247 670 2314 δέ;
721 2249 769 2300 εί
820 2249 915 2301 καὶ
954 2247 1216 2318 ἠϐούλετο
1247 2248 1479 2315 Παῦλος,
1524 2249 1739 2318 ἡδύνατι

1900 2249 2088 2304 olentia
2117 2263 2238 2318 quae
2274 2248 2388 2303 ham
2413 2261 2534 2302 sese
2567 2246 2636 2300 ita
2661 2245 2862 2299 trahere
2885 2243 3104 2307 ciliciat,
3136 2241 3430 2297 ineilabilis

210 2338 354 2392 ἐλθεῖν
390 2341 442 2392 έν
501 2341 704 2411 σοφίας
745 2341 916 2404 Αὐτὸς
975 2342 1075 2412 μὲν
1104 2343 1205 2397 οὐκ
1241 2342 1501 2412 ⁴ἤδύνατο·
1541 2342 1740 2412 ἰδιώτης

1901 2350 1958 2395 st.
2015 2340 2153 2407 Quid
2210 2349 2390 2395 autem
2432 2341 2456 2393 ?
2504 2338 2746 2407 nunquid
2800 2339 2844 2392 si
2896 2337 3156 2392 voluisset
3213 2333 3431 2398 Paulus,

207 2429 297 2499 γὰρ
319 2430 522 2500 ἀληθῶς
550 2427 655 2502 ἦν·
689 2435 717 2485 ό
743 2433 800 2486 δὲ
833 2433 1064 2503 Χριστὸς
1096 2432 1350 2502 ⁴ὴδύνατο,
1383 2433 1412 2485 ό
1443 2432 1616 2503 μείζω
1660 2451 1737 2502 χα-

1908 2433 2095 2487 διιιει-ἰι
2146 2432 2331 2486 venire
2383 2431 2435 2486 in
2493 2429 2797 2500 sapientia?
2840 2428 2958 2499 ipse
3009 2442 3142 2482 sane
3193 2441 3298 2480 non
3341 2440 3438 2491 po-

213 2518 469 2588 ρισάμενος
505 2521 680 2591 αὐτῷ,
739 2522 854 2575 ἀλλ’
901 2523 961 2575 οὐ
999 2525 1262 2594 συνέφερε
1307 2524 1385 2594 τῷ
1418 2523 1743 2593 κηρύγματι

1909 2523 2088 2588 uisset;
2141 2535 2332 2577 revera
2378 2521 2522 2577 enim
2554 2520 2782 2590 simplex
2815 2523 2931 2574 sive
2981 2520 3131 2574 rudis
3161 2528 3300 2573 erat.
3333 2515 3439 2571 Po-

209 2609 449 2675 Μειζόνως
479 2612 588 2685 γὰρ
621 2613 904 2679 δοξάζεται
949 2615 1208 2686 Χριστὸς,
1241 2615 1328 2669 διὰ
1357 2616 1457 2681 τῆς
1492 2616 1739 2670 ἰδιωτεία,

1907 2614 2052 2668 uisset
2101 2622 2280 2669 tamen
2329 2618 2430 2667 hoc
2484 2611 2698 2666 efﬁcere
2757 2610 3043 2674 Christus,
3093 2612 3183 2679 qui
3233 2610 3437 2678 majora

207 2699 284 2752 τοῦ
311 2701 506 2756 Παύλου
537 2704 730 2768 νικῶν,
757 2705 790 2777 ἢ
823 2708 870 2757 εἰ
897 2705 985 2758 διὰ
1018 2706 1211 2774 σοφίας
1249 2707 1346 2760 καὶ
1380 2705 1540 2774 λόγου
1577 2705 1734 2760 ἐνίκα

1916 2708 2088 2776 rgitns
2136 2714 2238 2769 est,
2269 2707 2366 2761 sed
2401 2721 2508 2760 non
2551 2705 2889 2760 conducebat
2937 2705 3210 2776 Evangelii
3246 2702 3439 2772 praedi-

210 2794 401 2850 cationi.
434 2795 604 2866 Major
649 2798 794 2852 enim
845 2798 1064 2853 Christo
1118 2797 1285 2866 gloria
1346 2812 1445 2868 per
1497 2798 1606 2853 divi
1676 2798 1828 2854 Pauli
1871 2799 2274 2868 simplicitatem
2345 2798 2603 2865 vincenti,
2658 2813 2821 2870 quam
2871 2799 2915 2854 si
2969 2814 3066 2867 per
3117 2799 3440 2868 sapientiam

211 2889 544 2960 orationisque
587 2892 938 2961 splendorem
973 2894 1262 2949 victoriam
1293 2895 1588 2950 retulisset.
3495 2972 3502 2978 I

273 2999 289 3032 I
331 2981 398 3034 Οὐ
440 2984 544 3054 γὰρ
573 2983 776 3054 ἔκρινα
831 2984 924 3038 τοῦ
956 2985 1156 3038 εἰδέναι
1205 3002 1258 3038 τι
1298 2987 1356 3038 ὲν
1406 2986 1557 3056 ὑμῖν,
1605 2988 1653 3038 εξ
1687 2986 1803 3058 μὴ(

1945 2985 2109 3039 Vens.
2158 2985 2213 3040 2.
2283 3003 2302 3036 ‹
2359 2983 2472 3039 Non
2527 2984 2672 3040 enim
2704 2985 2964 3055 'judieavi
3021 3001 3105 3041 me
3147 2986 3441 3056 quidquam

220 3074 400 3142 Ἰησοῦν
428 3077 692 3148 Χριστὸν,
723 3079 815 3130 καὶ
844 3077 1037 3132 τοῦτον
1061 3079 1502 3149 ἐσταυρωμένον.
1534 3098 1553 3131 ι
1595 3079 1702 3133 Καὶ
1730 3081 1750 3132 tl

1914 3079 2005 3132 sire
2058 3078 2200 3132 inter
2262 3091 2379 3142 vos,
2445 3076 2548 3132 nisi
2601 3075 2784 3132 Jesnm
2838 3077 3134 3144 Christum,
3191 3087 3246 3134 et
3299 3078 3444 3132 hunc

211 3165 434 3234 Χριστὸς,
475 3170 640 3239 φησὶ,
680 3170 838 3223 τοῦτο
881 3171 1062 3241 ἤθελε,
1098 3171 1160 3224 τὸ
1199 3171 1418 3242 ἰδιώτην
1474 3167 1616 3226 εἷναί
1651 3189 1741 3242 μεε

1907 3171 2208 3227 ruciiixum.
2274 3189 2293 3223 ι
2356 3170 2628 3237 Christus,
2684 3171 2882 3240 inquit,
2920 3171 3089 3226 voluit
3147 3180 3206 3225 ut
3259 3169 3437 3224 essent

211 3259 289 3310 καὶ
309 3258 408 3326 ἐγὼ
429 3261 481 3313 δὲ
502 3263 670 3316 τοῦτο
693 3262 826 3316 αὐτὸ
850 3262 1038 3334 ἔκρινα
1065 3263 1251 3330 καλὸν,
1279 3265 1341 3317 τὸ
1366 3264 1532 3336 μηδὲν
1559 3264 1741 3319 ειδέναη

1910 3264 2149 3334 nperitus
2211 3272 2267 3318 et
2327 3263 2555 3331 simplex
2605 3280 2620 3319 :
2667 3272 2829 3332 atque
2879 3263 3024 3318 istud
3088 3279 3187 3331 ego
3239 3265 3440 3320 bonum

211 3349 302 3402 τῶν
323 3354 411 3421 τῆς
439 3353 541 3419 ἔξω
574 3353 797 3423 σοφίας,
825 3355 870 3406 εἰ
903 3354 978 3426 μὴ
1007 3355 1168 3426 μόνον
1197 3355 1280 3410 ὅτι
1302 3356 1509 3428 Ἰησοῦς
1525 3357 1741 3427 Χριστδς

1911 3371 1987 3412 sse
2012 3357 2274 3424 judicavi,
2303 3357 2444 3426 quod
2479 3355 2613 3410 nihil
2643 3365 2883 3411 externa;
2909 3356 3190 3425 sapientia:
3218 3355 3441 3421 scirem,

212 3440 517 3517 ἐσταυρώθη,
544 3448 650 3501 καὶ
681 3447 871 3501 τοῦτον
889 3448 934 3480 ⁸⁸
961 3448 1254 3521 κηρύττειν
1286 3451 1435 3522 ὑμῖν.

1912 3459 2227 3519 raeterquam
2260 3449 2365 3505 hoc
2396 3459 2629 3516 tantum,
2664 3449 2808 3519 quod
2839 3448 3090 3505 Christus
3126 3447 3282 3505 Jesus
3313 3465 3442 3505 cru-

1869 3543 2062 3598 eitixus
2102 3551 2208 3604 est.
2247 3554 2301 3597 et
2333 3545 2475 3613 quod
2506 3556 2630 3598 eum
2667 3542 2822 3598 vobis
2856 3544 3228 3613 praedicarem.

274 3642 290 3676 ι
326 3627 428 3681 Καὶ
458 3626 567 3695 ἐγὼ
598 3627 661 3680 ὲν
688 3626 944 3699 ἀσθενείᾳ
977 3629 1072 3683 καὶ
1100 3631 1160 3684 έν
1193 3630 1343 3702 φόϐῳ
1369 3632 1461 3686 καὶ
1491 3634 1548 3686 ὲν
1573 3635 1762 3707 τρόμῳ

1944 3635 2109 3689 Vens.
2139 3633 2194 3688 5.
2224 3653 2242 3686 ι
2278 3633 2345 3688 Et
2371 3649 2472 3704 ego
2504 3634 2554 3688 in
2588 3633 2902 3689 inﬁrmitate
2929 3644 2985 3689 et
3015 3637 3209 3689 timore
3245 3650 3306 3690 ac
3334 3643 3446 3690 tre-

213 3718 368 3791 πολλῷ
388 3719 660 3791 ἐγενόμην
687 3721 823 3792 πρὸς
861 3721 1026 3791 ὑμᾶς.
1066 3741 1086 3774 ι
1120 3723 1195 3777 Οὐ
1240 3723 1418 3794 μόνον,
1433 3707 1634 3796 ύφησὶν,
1673 3730 1743 3781 εύι

1915 3739 2019 3780 ποτε
2056 3724 2132 3779 fui
2159 3725 2299 3794 apud
2327 3739 2441 3779 vos.
2471 3743 2490 3776 ι
2521 3723 2634 3777 Nan
2658 3723 2854 3790 solum,
2883 3725 3077 3795 inquit,
3102 3734 3445 3794 contemptus

215 3811 348 3881 τελὴς
373 3815 510 3866 κατὰ
535 3815 636 3867 τὸν
668 3813 830 3882 λόγον
863 3809 1028 3884 ἦλθον
1055 3814 1206 3885 ὑμῖν,
1237 3816 1373 3870 ἀλλὰ
1397 3819 1489 3872 καὶ
1521 3820 1579 3871 ὲν
1601 3820 1745 3875 ἀσθε-

1919 3827 2130 3870 uantum
2165 3816 2231 3870 ad
2259 3816 2561 3870 orationem
2593 3819 2804 3880 attinet.
2838 3820 2905 3873 ad
2941 3835 3036 3873 vos
3065 3821 3219 3884 veni;
3253 3822 3344 3874 sed
3395 3834 3449 3874 ct

215 3902 340 3972 νείᾳ,
392 3907 484 3959 καὶ
533 3905 716 3976 φόϐῳ,
767 3907 860 3958 καὶ⁵
911 3905 1100 3976 τρόμῳ
1137 3907 1386 3979 διέτριψα
1425 3911 1558 3982 παρ’
1613 3913 1741 3981 ὑμῖν

1916 3924 1927 3962 I
1965 3906 2300 3975 infirmitate,
2337 3907 2392 3962 in
2429 3910 2626 3964 timore
2660 3924 2725 3962 ac
2762 3918 3000 3967 tremore
3042 3927 3160 3966 sum
3198 3925 3446 3969 versatus

214 3997 448 4061 τουτέστι,
492 3996 850 4064 διωκόμενος,
903 3997 996 4048 καὶ
1044 3996 1460 4069 πειραζόμενος,
1519 4001 1614 4052 καὶ
1670 4001 1744 4068 φό

1917 3999 2165 4070 pnd'vos,
2219 3999 2320 4055 hoc
2367 4009 2451 4055 est
2510 4001 2946 4070 persecutionem
2998 4019 3210 4072 passus,
3267 4013 3447 4060 tenta-

216 4080 367 4146 εοις²⁶
397 4087 618 4156 μυρίοις
650 4085 996 4156 βαλλόμενος.
1032 4087 1311 4156 Ἐφοὸεῖτο
1339 4082 1446 4158 γὰρ
1477 4090 1572 4143 καὶ
1602 4090 1746 4143 αὑτὸε

1919 4091 2008 4146 oni
2057 4101 2220 4161 atque
2270 4093 2405 4148 adeo
2438 4094 2740 4149 innumeris
2770 4095 3155 4152 formidinilius
3184 4097 3446 4167 objeezus.

216 4174 277 4238 ὡς
305 4179 575 4248 ἄνθρωπος
629 4179 756 4241 τοὺς
804 4177 1106 4243 κινδύνους,
1140 4179 1342 4248 μᾶλλον
1386 4180 1445 4234 δὲ
1490 4182 1585 4236 καὶ
1611 4182 1746 4252 ἐτρεε

1923 4194 2008 4236 am
2064 4191 2119 4237 et
2167 4185 2302 4253 ipse,
2337 4174 2448 4255 qua
2498 4185 2685 4250 homo,
2721 4188 2963 4256 pericnla
3016 4193 3306 4251 metuebat,
3344 4193 3450 4243 ittrt)

220 4284 320 4334 μεν.
351 4269 508 4323 Ὅθεν
532 4269 638 4324 xui.
673 4270 878 4341 μείζων
906 4270 1054 4340 αὐτῷ
1091 4273 1119 4324 ὁ
1148 4270 1393 4338 ἔπαινος,
1424 4272 1508 4325 ὅτι
1536 4273 1636 4344 τῆς
1667 4273 1750 4326 αὐ·

1918 4277 2056 4332 otius
2112 4278 2401 4332 tremebat.
2455 4277 2611 4334 Unde
2665 4289 2720 4336 et
2771 4282 3034 4352 majorem
3087 4294 3170 4339 cst
3221 4290 3448 4356 adeptus

216 4356 299 4426 τῆς
321 4358 391 4411 ὣν
413 4362 546 4431 ἡμῖν
580 4359 825 4428 φύσεως,
863 4353 1104 4430 ὑττερέϐη
1130 4362 1196 4431 τῇ
1225 4360 1566 4431 προαιρέσει.
1602 4361 1744 4429 Λέγε

1931 4370 2112 4434 udem,
2153 4370 2293 4439 quod
2326 4385 2448 4426 cum
2527 4373 2772 4445 ejusdem
2844 4386 2990 4430 esset
3021 4376 3300 4432 nobiscum
3324 4353 3454 4432 nia-

215 4449 264 4502 δὲ
286 4450 464 4519 ταῦτα,
494 4453 716 4516 δεικνὺς
742 4453 840 4524 τὴν
885 4452 1118 4522 δύναμιν
1149 4452 1244 4505 τοῦ
1274 4453 1536 4523 Χριστοῦ,
1571 4453 1654 4506 ὅτι
1684 4470 1744 4506 το

1920 4478 2028 4530 me,
2078 4464 2359 4520 voluntate
2407 4473 2585 4521 tamen
2642 4477 2696 4522 et
2745 4467 2974 4523 consilio
3025 4475 3450 4540 exsuperaverit.

220 4539 398 4596 τούτων
441 4546 786 4616 κωλυμάτων
836 4545 1025 4610 όντων,
1069 4547 1219 4616 ὅμως
1269 4546 1631 4618 ὑπερίσχυσε·
1679 4563 1750 4600 κα

1923 4571 2001 4610 aee
2025 4565 2204 4612 autem
2231 4558 2384 4620 dicit,
2411 4556 2614 4614 Christi
2664 4563 2958 4631 potentiam
2990 4539 3282 4619 ostendens
3309 4607 3323 4628 ,
3362 4570 3451 4634 qui

219 4635 515 4690 καταϐαλὼν
534 4639 579 4672 ³⁷
628 4639 730 4708 τὴν
755 4639 928 4710 ὀφρὺν
966 4640 1078 4692 τῶν
1107 4640 1431 4710 Κορινθίων,
1461 4642 1555 4694 ἐπὶ
1587 4641 1749 4712 σοφίᾳ

1927 4663 1994 4702 nn
2049 4658 2126 4703 tot
2193 4658 2446 4719 tantaque
2501 4661 2685 4706 essent
2746 4653 3146 4722 impedimenta,
3179 4657 3457 4727 prwvalnit

221 4727 305 4780 καὶ
327 4729 560 4803 πλούτῳ,
589 4732 690 4786 καὶ
710 4731 937 4803 δυνάμει
970 4733 1326 4787 πεποιθότων.

1934 4753 2053 4793 men
2083 4753 2320 4794 :necnon
2341 4740 2762 4809 Corinthiorum,
2786 4745 2837 4797 in
2874 4748 3168 4814 sapientia,
3213 4748 3457 4818 potentia

1873 4837 1928 4884 et
1959 4829 2150 4897 opibus
2187 4830 2592 4897 conlidentium,
2629 4835 2934 4902 superbiam
2973 4837 3251 4903 dejiciens.

285 4934 308 4969 ι
341 4917 446 4973 Καὶ
465 4921 493 4972 ὁ
518 4917 682 4987 λόγος
712 4935 813 4989 μου
837 4956 854 4984 ,
885 4918 981 4972 καὶ
1012 4917 1074 4971 τὸ
1111 4919 1378 4990 κήρυγμά
1426 4937 1551 4991 μου,
1589 4921 1691 4975 οὐκ
1715 4923 1776 4974 ὲν

1952 4921 2286 4992 131Vans.
2308 4923 2364 4979 4.
2399 4943 2418 4977 ι
2446 4925 2511 4980 Ει
2528 4941 2709 4982 sermo
2737 4943 2888 4984 meus
2913 4939 2966 4984 et
2989 4933 3297 5000 prmdicatio
3316 4949 3453 4998 mea,

223 5009 415 5074 πειθοῖς
454 5011 811 5084 ἀνθρωπίνης
836 5009 1026 5080 σοφίας
1057 5009 1256 5078 λόγοις,
1279 5009 1396 5064 ἀλλ’
1423 5013 1482 5066 ἐν
1509 5013 1753 5080 ἀποδείξε

1927 5030 1986 5069 οη
2012 5018 2064 5068 in
2089 5017 2534 5085 persuasibilihus
2551 5019 2798 5074 humana:
2828 5022 3111 5091 sapientiae
3139 5027 3339 5090 verbis,
3361 5025 3457 5080 sed

225 5101 523 5173 Πνεύματος
553 5106 650 5159 καὶ
675 5103 984 5173 δυνάμεως.
1026 5120 1046 5154 ›
1078 5103 1192 5155 Οὐκ
1213 5099 1304 5172 ἢν,
1338 5104 1493 5173 φησὶ,
1517 5103 1580 5156 τὸ
1609 5104 1755 5175 κήρυε

1923 5122 1933 5160 ι
1962 5106 2422 5164 demonstratione
2448 5108 2684 5180 Spiritus
2725 5123 2780 5167 et
2823 5113 3063 5168 virtutis.
3096 5133 3114 5166 ι
3165 5113 3282 5168 Non
3315 5126 3453 5179 erat,

223 5193 328 5261 γμά
373 5211 474 5263 μου
527 5195 922 5265 σεσοφισμένον
973 5194 1040 5263 τῇ
1090 5191 1194 5256 ἔξω
1224 5192 1544 5264 πιθανότητι
1574 5195 1670 5247 καὶ
1696 5195 1753 5246 εὐ

1929 5201 2078 5269 nquit,
2117 5202 2431 5270 prazdieatio
2483 5220 2604 5258 mea
2640 5215 2865 5260 externa
2901 5208 3365 5276 persuasibilitate
3404 5218 3459 5264 et

225 5284 442 5355 γλωττὶα
461 5327 478 5351 ,
539 5285 658 5341 ἀλλ’
687 5288 746 5339 ὲν
799 5285 1073 5349 ἀποδείξει
1110 5284 1448 5356 Πνεύματος,
1477 5285 1755 5339 τουτέστιν

1925 5290 2136 5346 tcundia
2185 5303 2404 5358 ornata,
2443 5295 2536 5349 sed
2593 5279 2646 5350 in
2703 5298 3164 5353 demonStratione
3196 5299 3455 5366 Spiritus,

224 5374 478 5442 ἀπόδειξιν
511 5377 637 5446 ἔχον
684 5379 730 5410 ³³
779 5378 912 5431 αὐτὸ
939 5376 999 5430 τὸ
1031 5376 1256 5448 Πνεῦμα
1291 5378 1354 5431 τὸ
1397 5377 1586 5446 ἅγιον·
1634 5379 1754 5449 τάχ(

1927 5399 1988 5439 oc
2049 5393 2154 5449 est,
2183 5385 2693 5444 demonstrationem
2719 5390 2979 5444 habebam
3006 5389 3180 5458 ipsum
3199 5391 3457 5461 Spiritum

229 5464 338 5533 μὶν,
369 5470 464 5522 καὶ
489 5470 628 5525 διότι
670 5470 901 5542 ἀρρήτῳ
935 5472 1044 5539 τινὶ
1089 5468 1278 5543 τρόπῳ
1319 5470 1503 5524 πίστιν
1542 5473 1752 5524 ὲνεποίε

1923 5485 2136 5531 auctum
2171 5493 2185 5529 :
2227 5478 2408 5534 forsan
2453 5481 2596 5546 ideo,
2641 5481 2762 5550 quia
2809 5480 3171 5549 inexplicabili
3220 5484 3453 5552 quodam

226 5560 326 5644 τοῖς
352 5561 612 5616 ἀκούουσι
638 5562 726 5617 διὰ
752 5565 846 5616 τοῦ
874 5563 966 5616 τὸν
985 5600 992 5606 ο
1009 5561 1168 5630 λόγον
1191 5561 1449 5633 χαριτοῦν
1474 5577 1490 5594 ·
1523 5562 1664 5633 τάχα
1699 5564 1754 5617 δὲ

1929 5573 2056 5624 ηιοιιο
2084 5569 2242 5624 tidem
2270 5571 2544 5640 ingerebat
2570 5573 2908 5629 auditoribus
2947 5589 3042 5644 per
3067 5583 3279 5644 gratum
3307 5575 3459 5630 verbi

224 5643 349 5701 διότι
371 5651 466 5705 καὶ
488 5655 692 5724 σημεῖα
720 5653 968 5709 ἐπετέλει
992 5654 1086 5707 καὶ
1115 5653 1344 5725 τέρατα.
1377 5652 1603 5722 Ἐπάγει
1632 5654 1740 5726 γάρ

1935 5660 2280 5728 iinisterimn,
2310 5663 2391 5717 vel
2429 5666 2550 5730 quia
2582 5666 2729 5734 signa
2766 5643 3155 5736 perlicirebatet
3190 5667 3459 5739 prodigia.

1537 5775 1740 5837 Varia;
1801 5777 2132 5841 lectiones.

294 5891 341 5924 ν*
358 5899 449 5951 καὶ
478 5913 532 5956 ο.
609 5902 651 5935 ⁸³
688 5901 844 5956 τοῦτο
871 5915 924 5956 o.
1000 5901 1046 5932 "
1087 5901 1268 5966 πόνοις
1312 5918 1365 5960 0.
1443 5904 1485 5934 ’⁷
1527 5903 1824 5959 κατέϐαλει

1171 5919 1268 5966 θοις
1312 5918 1365 5960 0.
1443 5904 1485 5934 ’⁷
1527 5903 1795 5959 κατέϐαλε
1823 5919 1874 5959 o.
1955 5906 1998 5937 ³⁸
2057 5907 2232 5975 ἔσχεν,
2299 5904 2397 5958 καὶ
2456 5898 2600 5976 εἶχον
2647 5922 2701 5962 o.

544 5997 805 6060 ΡΑΤιιοι.
853 5998 972 6059 Gn.
1023 5999 1291 6064 CXXIV.
3069 6021 3140 6083 19
