3874 6586
427 363 533 432 591

1361 369 1933 430 'l'IIEOl‘IlYl.:\CTI
1975 372 2383 432 BUl.G:\lll.12
2418 371 2767 434 ARCHIEP.
3553 377 3636 442 592

429 498 536 536 nun
573 480 955 534 aunttntiatnm
992 489 1076 534 est
1128 481 1190 535 de
1221 495 1307 544 co,
1341 481 1601 536 ridebunt
1633 499 1644 533 :
1682 491 1736 536 et
1768 482 1857 550 qui
1897 496 2001 534 non

2123 479 2250 544 ιυῖς
2293 484 2391 535 οὐκ
2414 482 2689 553 ἀνηγγέλη
2718 483 2846 552 περὶ
2881 480 3066 542 αὑτοῦ,
3104 483 3316 542 ἱεᾷονται
3347 502 3356 510 ·
3387 490 3467 541 καὶ
3494 492 3536 543 οἳ
3559 497 3636 549 οἰκ

432 573 772 634 audiverunt,
805 571 1102 642 intelligent
1136 573 1178 626 ί.
1208 591 1226 623 ι

511 684 528 716 ι
571 664 701 730 Quae
727 664 917 720 oculus
959 679 1062 720 non
1100 664 1259 731 vidit,
1294 675 1347 721 et
1383 668 1531 721 antis
1563 683 1668 721 non
1703 668 1928 733 audivit,
1956 678 2010 722 et

433 757 484 809 in
529 773 624 810 cor
655 757 896 812 hominis
949 773 1052 812 non
1091 759 1488 824 ascenderunt,
1533 776 1650 829 qum
1689 762 2010 831 praeparavit

431 847 576 903 Deus
634 848 979 918 diligentibus
1037 863 1116 904 se.
1159 867 1176 901 ι
1222 848 1352 916 Qum
1401 851 1545 904 Deus
1579 852 1899 919 praeparavit
1930 851 2011 904 eis

431 940 521 1009 qui
574 939 746 1009 ipsum
797 939 1051 1007 diligunt,
1081 940 1134 995 id
1169 950 1252 996 est
1329 941 1598 995 ﬁdelibus.
1638 939 1822 1010 Neque
1865 942 2008 995 enim

429 1034 650 1087 omnino
683 1043 972 1103 antequam
1025 1033 1242 1099 tierent,
1276 1035 1369 1088 ttlli
1415 1045 1684 1089 creatura:
1749 1036 1859 1088 \‘isa
1913 1050 2010 1089 re-

430 1141 538 1194 qtte
583 1125 855 1181 intellecta
888 1133 1038 1180 sunt.
1072 1126 1333 1191 Quamvis
1377 1127 1520 1180 cnim
1558 1127 1833 1196 prnplietie
1866 1125 2013 1181 ride-

432 1227 558 1272 ruut
601 1227 653 1271 et
691 1217 1014 1272 audiverunt
1044 1228 1098 1272 et
1143 1219 1528 1274 intellexerunt
1567 1234 1651 1282 ea,
1690 1234 1793 1272 tton
1829 1228 2009 1272 tamen

430 1311 603 1364 oculis
649 1320 701 1363 et
757 1311 984 1364 auribus
1035 1319 1087 1364 et
1138 1311 1394 1365 cordibus
1428 1309 1700 1374 humanis,
1752 1311 1843 1366 sed
1889 1327 2014 1381 pro-

439 1404 672 1470 pheticis
703 1415 753 1457 et
793 1404 1186 1473 spiritualibus.
1227 1404 1331 1458 Ista
1375 1414 1552 1459 autem
1622 1414 1775 1458 erant
1813 1405 2014 1474 agnitio

431 1495 633 1548 libriin
667 1507 719 1546 et
752 1494 898 1548 salus
926 1511 1020 1564 per
1052 1495 1484 1550 incarnationem
1516 1495 1654 1565 ejus.
1690 1496 1794 1551 Ubi
1831 1506 2011 1551 autem

433 1587 526 1640 hic
577 1596 758 1640 textus
798 1586 1078 1648 scribitur,
1113 1601 1217 1640 non
1271 1587 1559 1656 reperitur,
1605 1603 1670 1642 ac
1720 1587 1917 1642 librum
1952 1589 2013 1640 il-

433 1678 590 1743 lum,
635 1676 1092 1744 quemadmodum
1147 1678 1344 1734 multos
1393 1676 1556 1744 alios,
1609 1693 1836 1748 quorum
1890 1677 2011 1732 libri

435 1771 748 1840 Regnorum
784 1778 839 1824 et
888 1767 1339 1840 Paralipomenon
1395 1771 1723 1828 mentionem
1786 1770 2010 1834 faciunt,

2110 574 2382 642 ἀκηκόασι
2404 614 2418 638 ,
2463 576 2594 642 συνή
2607 590 2803 626 ςουσιν.
2839 593 2856 622 ι

2185 685 2202 716 t
2249 667 2311 719 'A
2362 666 2390 718 ὁ
2440 667 2720 736 ὀφθαλμὸς
2753 667 2851 718 οὐκ
2898 661 3030 729 εἶδε,
3072 671 3165 718 καὶ
3207 666 3290 729 οὗ,
3325 670 3418 722 οἰκ
3452 672 3637 742 ἤκουσε,

2117 759 2211 810 καὶ
2237 758 2331 811 ἐπὶ
2366 759 2597 828 καρδίαν
2626 759 2918 828 ἀνθρώπου
2965 759 3066 812 οὐκ
3098 759 3285 829 ἀνέὃη,
3328 761 3362 814 ἃ
3389 765 3640 832 ἡτοίμασεν

2132 851 2159 902 ὁ
2187 848 2320 911 Θεὸς
2353 850 2462 910 τοῖς
2491 849 2778 917 ἀγαπῶσιν
2821 849 3004 901 αὐτόν.
3041 867 3059 900 ι
3095 879 3160 888 -
3196 867 3214 899 ι
3245 851 3309 902 "A
3338 852 3640 922 ἡτιίμαςενό

2110 939 2241 1002 Θεὸς
2272 942 2382 1002 τοῖς
2403 940 2688 1008 ἀγαπῶσιν
2722 941 2914 1005 αὑτὸν,
2954 959 2973 992 ι
3032 942 3273 1014 τουτέστι
3298 945 3402 1004 τοῖς
3445 951 3638 1010 πιστοῖς.

2113 1031 2250 1084 Οὔτε
2276 1032 2384 1104 γὰρ
2417 1033 2733 1104 ῶράθησαν,
2765 1034 2886 1086 οὗτε
2919 1035 3294 1105 ἡκοὺσοησαν.
3327 1037 3439 1090 οὔτε
3462 1041 3641 1111 ἐνενοή-

2114 1122 2287 1193 θησαν
2323 1125 2459 1187 ὅλως
2487 1127 2593 1178 τινὶ
2625 1127 2852 1197 κτιστῷ,
2882 1125 2989 1198 πρὸ
3019 1125 3110 1180 τοῦ
3143 1129 3491 1199 ὲνεργηθῆνᾶι
3512 1132 3640 1186 αὐτὰ.

2114 1215 2177 1269 Εἰ
2223 1217 2332 1288 γὰρ
2380 1218 2474 1270 καὶ
2522 1220 2572 1271 oi
2612 1223 2890 1291 προφῆται
2939 1216 3098 1284 εἶδον,
3148 1223 3242 1274 καὶ
3288 1223 3530 1292 ἤκουηςαν,
3570 1228 3642 1278 καὶ

2114 1309 2475 1378 ὲνενοὴθησαν
2536 1311 2667 1380 περὶ
2737 1313 2937 1375 αὐτῶν,
3001 1311 3118 1364 ἀλλ’
3175 1313 3273 1364 οὒκ
3328 1313 3641 1384 ἀνθρωπίνοις

2113 1402 2410 1473 ὀφθαλμοῖς
2443 1405 2539 1458 καὶ
2573 1405 2674 1457 ὠσὶ
2703 1406 2796 1458 καὶ
2836 1405 3104 1474 καρδίαις,
3139 1408 3482 1474 προφητικοῖς
3508 1407 3556 1458 δὲ
3573 1410 3644 1459 ni

2115 1498 2529 1566 πνευματικοῖς.
2580 1496 2769 1549 Ταῦτα
2823 1496 2879 1548 δὲ
2910 1493 3050 1567 ἦσαν
3081 1499 3113 1567 ἡ
3145 1497 3236 1548 τοῦ
3273 1497 3491 1568 Χριστοῦ
3529 1500 3643 1565 γνώο

2117 1605 2222 1652 σις,
2255 1589 2350 1643 καὶ
2383 1590 2414 1658 ἡ
2443 1589 2529 1642 διὰ
2553 1589 2653 1658 τῆς
2688 1589 3157 1660 ἐνανθρωπήτεως
3193 1589 3447 1660 σωτηρία.
3485 1584 3576 1642 Ποῦ
3599 1591 3643 1643 δὲ

2115 1683 2430 1751 γέγραπται
2477 1683 2511 1752 ὴ
2559 1683 2754 1752 χρῆσις
2791 1680 2951 1750 αὕτη,
2997 1681 3093 1751 οὐχ
3131 1680 3378 1751 εὓρηται,
3412 1682 3496 1734 καὶ
3529 1682 3644 1743 εἰκὸς

2116 1771 2484 1843 διαφθαρῆναι
2531 1775 2592 1826 τὸ
2641 1773 2848 1843 βιϐλίον
2890 1774 3086 1833 ἐκεῖνο,
3137 1771 3385 1840 καθάπερ
3423 1772 3505 1823 καὶ
3538 1773 3645 1824 ἄλλα

433 1863 661 1932 periisse
707 1861 1004 1917 verisimile
1044 1870 1148 1917 est.
1198 1859 1458 1918 Fortasse
1501 1876 1630 1916 vero
1671 1862 2013 1932 sapientissi-

2123 1865 2288 1919 πολλὰ
2328 1859 2404 1918 ὧν
2437 1868 2491 1919 αἱ
2534 1865 2708 1934 βίὸλοι
2739 1867 2848 1918 τῶν
2890 1864 3189 1917 Βασιλειῶν
3228 1865 3320 1916 καὶ
3357 1863 3459 1915 τῶν
3496 1865 3645 1932 [lapa-

436 1971 556 2008 tnus
595 1953 798 2009 Paulus
857 1955 927 2008 ita
972 1954 1364 2022 interpretatus
1402 1965 1485 2008 est
1532 1955 1699 2008 illud:
1739 1972 1756 2005 ι
1807 1954 2014 2020 Quibus

435 2063 540 2100 non
593 2047 974 2100 annnntiatum
1011 2055 1094 2101 est
1142 2044 1211 2100 de
1239 2059 1328 2112 eo,
1382 2045 1659 2112 videbunt,
1703 2055 1758 2100 et
1785 2045 1875 2116 qui
1909 2061 2012 2099 non

437 2139 784 2206 audiverunt,
812 2137 1115 2206 intelligent
1146 2138 1194 2192 Β.
1235 2154 1254 2190 ι

510 2320 672 2378 Vens.
735 2321 823 2376 10.
883 2337 901 2372 ι
952 2317 1123 2376 Nobis
1164 2331 1346 2375 autem
1395 2319 1654 2376 rerelavit
1719 2321 1860 2376 Deus
1919 2333 2014 2388 per

437 2413 699 2482 Spiritum
743 2428 926 2468 suum.
980 2431 997 2464 ι
1033 2412 1267 2468 Perinde
1312 2428 1377 2468 ac
1417 2411 1464 2469 si
1507 2413 1631 2484 quis
1665 2413 1832 2479 dicat,
1869 2411 1924 2465 Si
1959 2413 2012 2466 in

437 2521 533 2562 cor
565 2507 800 2560 hominis
837 2521 943 2562 non
977 2507 1244 2570 ascendit,
1281 2507 1550 2576 quomodo
1586 2521 1684 2560 vos
1715 2503 2015 2559 didicistis?

437 2599 637 2665 subdit,
669 2597 812 2653 Deus
852 2597 1114 2653 revelavit
1144 2597 1302 2652 nobis
1337 2611 1434 2668 per
1471 2597 1883 2668 Spiritum,non
1922 2612 2016 2666 per

439 2694 733 2746 humanam
765 2690 1114 2761 sapientiam.
1137 2688 1254 2758 Ipsa
1282 2690 1428 2744 enim
1463 2705 1569 2744 non
1604 2689 1799 2759 potuit,
1837 2702 2010 2758 neque

439 2791 598 2856 digna
655 2786 753 2840 fuit
815 2785 1022 2849 videre,
1077 2784 1323 2853 adeoque
1379 2797 1675 2855 agnoscere
1743 2783 1833 2838 Dei
1893 2799 2011 2855 my-

440 2879 630 2934 stet‘ia.

512 2969 677 3024 Vens.
717 2971 805 3036 10,
847 2969 933 3023 ll.
977 2986 996 3020 ι
1039 2967 1274 3038 Spiritus
1309 2967 1454 3024 enim
1491 2969 1671 3022 omnia
1719 2977 2015 3030 scrutatur,

445 3064 610 3116 etiam
649 3061 914 3131 profunda
954 3061 1071 3115 Dei.
1111 3060 1243 3127 Quis
1279 3061 1424 3117 enim
1452 3059 1730 3115 hominum
1765 3060 1868 3114 scit
1901 3073 2019 3128 quae

447 3167 573 3209 sunt
611 3155 866 3219 hominis,
897 3154 997 3209 nisi
1030 3155 1255 3225 spiritus
1278 3154 1514 3210 hominis
1538 3155 1630 3224 qui
1666 3154 1719 3207 in
1759 3155 1875 3224 ipso
1903 3153 2020 3207 est?

446 3251 521 3304 lta
559 3259 613 3304 et
639 3264 762 3319 qua:
807 3248 901 3304 Dei
949 3258 1094 3314 sunt,
1127 3262 1289 3301 nemo
1329 3246 1602 3314 cognovit,
1650 3246 1750 3300 nisi
1785 3244 2019 3315 Spiritus

441 3341 562 3395 Dei.
609 3359 627 3391 ι
681 3339 936 3403 Tantum,
989 3339 1185 3408 inquit,
1235 3337 1551 3409 mysterium
1594 3348 1732 3404 erat,
1780 3343 2022 3404 adeoque

447 3431 844 3495 absconditum,
891 3439 947 3484 ut
988 3445 1094 3482 non
1139 3429 1479 3498 potuerimus
1523 3428 1592 3482 ab
1633 3427 1742 3481 alio
1789 3427 2019 3489 discere,

449 3525 550 3577 nisi
584 3523 818 3594 Spiritus
867 3536 966 3578 nos
999 3521 1297 3588 docuisset,
1343 3522 1434 3590 qui
1484 3518 1882 3588 profunditates
1927 3515 2020 3570 Diri

449 3619 618 3672 tt0\il.
655 3615 790 3671 Nam
841 3615 984 3686 quod
1033 3615 1130 3679 ait,
1173 3633 1193 3667 ι
1238 3625 1536 3677 scrutatur,
1575 3632 1595 3666 ι
1632 3629 1736 3667 non
1769 3625 1849 3667 est
1881 3613 2020 3665 iudi-

447 3713 589 3764 ciunt
619 3709 958 3779 ignorantiae,
976 3718 1232 3763 cauerunt
1259 3716 1464 3761 exacta:
1487 3704 1986 3775 comprehensionis
2006 3746 2019 3770 ,

447 3799 904 3874 quctttadtttodum
938 3809 990 3854 et
1021 3800 1087 3853 de
1115 3799 1276 3853 Patre
1322 3799 1522 3852 dictum
1553 3805 1674 3862 est,
1713 3815 1732 3849 ι
1773 3807 2024 3852 scrutatis

449 3895 611 3948 corda
643 3894 694 3960 h,
758 3911 777 3944 ι
831 3892 881 3946 id
939 3901 1021 3946 est
1084 3890 1348 3961 profunda
1399 3905 1586 3944 eorum
1665 3905 2019 3958 cognoscens.

449 3985 742 4049 Praeterea,
777 3998 880 4039 ceu
915 3983 1196 4038 obiectans
1219 3999 1276 4038 se
1307 3982 1616 4036 divinorum
1645 3983 2021 4050 mysteriorum

453 4075 932 4145 contemplatione,
961 4075 1064 4128 ista
1087 4071 1321 4128 scrutari
1348 4071 1568 4126 dicitur.
1598 4067 1842 4126 Ostendit
1863 4085 2024 4138 porro

451 4185 547 4238 per
596 4166 898 4238 sequentia,
949 4175 1194 4219 exactam
1241 4163 1477 4232 Spiritus
1525 4163 1909 4231 cognitionem.
1957 4161 2025 4216 Ut

451 4260 595 4313 enim
633 4259 900 4312 humanus
939 4255 1164 4324 spiritus
1199 4253 1348 4308 novit
1388 4267 1509 4322 qua:
1546 4261 1670 4306 sunt
1701 4252 1752 4306 in
1787 4253 2023 4319 homine,

453 4355 532 4408 sic
567 4360 621 4404 et
655 4349 892 4421 Spiritus
922 4346 1038 4411 Dei,
1070 4362 1190 4418 quae
1237 4356 1367 4402 sunt
1402 4346 1518 4401 Dei.
1555 4345 1696 4402 llinc
1723 4355 1903 4400 autem
1939 4346 2021 4400 di-

451 4445 680 4508 scimus,
727 4443 874 4512 quod
931 4441 1168 4511 Spiritus
1224 4455 1332 4495 non
1387 4441 1460 4495 sit
1507 4438 1730 4495 alterius
1776 4440 2026 4494 essentia.-

2120 1955 2462 2026 λειπομένων
2513 1958 2842 2026 μέμνηνται.
2895 1956 3056 2016 Ἴσως
3099 1953 3157 2007 δὲ
3207 1955 3298 2007 καὶ
3325 1956 3350 2007 ὁ
3384 1953 3644 2020 σοφώτατος

2118 2045 2332 2111 Παῦλος
2366 2047 2710 2117 μετέφρασεν
2749 2047 2824 2108 είς
2857 2046 3063 2114 ταύτην
3097 2045 3182 2108 τὸ,
3211 2063 3228 2094 t
3268 2040 3362 2108 υίς
3390 2046 3480 2097 οὐκ
3506 2046 3643 2113 ἀνηέξ-

2115 2140 2250 2210 γέλη
2282 2140 2409 2209 περὶ
2432 2138 2620 2198 αὑποῦ.
2645 2139 2860 2206 ὄψονται
2897 2155 2910 2168 ·
2944 2139 3036 2191 καὶ
3055 2137 3106 2190 οἰ
3138 2139 3239 2190 οὐκ
3260 2138 3530 2207 ἀκηκόασι,
3552 2154 3646 2189 συν-

2117 2234 2356 2302 ήσουσιν.
2399 2250 2416 2282 ι
2459 2230 2609 2302 [ϐοά.
2645 2229 2921 2302 ArundeL]

2195 2344 2212 2376 ι
2263 2325 2427 2395 Ἡμῖν
2461 2324 2517 2377 δὲ
2557 2326 2584 2378 ὁ
2616 2325 2748 2388 Θεὸς
2781 2323 3102 2394 ἀπεκάλυψε
3139 2324 3230 2377 διὰ
3256 2323 3347 2376 τοῦ
3377 2321 3645 2392 Πνεύματος

2117 2417 2314 2473 αὑτοῦ.
2357 2436 2375 2469 ι
2415 2417 2623 2489 Ὠσπερ
2655 2419 2797 2482 τινὸς
2822 2420 3088 2484 εἰπόντος,
3132 2419 3214 2470 ὅτι
3255 2418 3314 2470 Εί
3349 2417 3432 2469 ἐπὶ
3461 2416 3644 2485 καρδίαν

2117 2508 2409 2578 ἀνθρώπου
2439 2510 2537 2562 οὐκ
2564 2510 2754 2579 ἀνέὗη,
2774 2510 2888 2572 πῶς
2909 2511 3064 2580 ὑμεῖς
3097 2510 3443 2580 μεμαθήκατε
3465 2524 3476 2572 ;
3495 2509 3644 2578 φησὶν,

2116 2601 2200 2654 ὅτι
2227 2621 2246 2652 ‹
2269 2601 2326 2654 Ὀ
2359 2601 2491 2664 Θεὸς
2536 2603 2886 2670 (iamdiu-ﬁxi
2909 2605 3040 2673 ἡμῖν
3072 2603 3160 2656 διὰ
3190 2603 3282 2655 τοῦ
3305 2602 3600 2672 Πνεῦματος,
3626 2618 3640 2648 ι

2119 2694 2180 2747 οὐ
2202 2694 2272 2747 δι’
2296 2695 2648 2764 ἀνθρωπίνης
2682 2694 2895 2763 σοφίας.
2933 2701 2967 2746 Α
2981 2694 3081 2765 ὓτη
3117 2696 3228 2766 γὰρ
3262 2694 3357 2747 οὐκ
3386 2691 3592 2762 ἠδυνήθη
3612 2690 3644 2721 ³⁸

2124 2785 2254 2838 ἰδεῖν
2284 2784 2380 2839 τοῦ
2409 2784 2544 2838 Θεοῦ
2567 2787 2634 2838 τὰ
2664 2791 2966 2856 μυστήρια.

2199 2987 2217 3018 ι
2253 2965 2326 3019 Τὸ
2357 2965 2465 3038 γὰρ
2499 2965 2726 3036 Πνεῦμα
2758 2965 2935 3018 πάντα
2964 2967 3186 3038 ἐρευνᾷ,
3217 2969 3306 3020 καὶ
3336 2967 3400 3020 τὰ
3429 2966 3548 3039 βάθη
3575 2965 3645 3019 τοῦ

2120 3057 2278 3112 Θεοῦ.
2317 3059 2413 3120 Τίς
2439 3059 2547 3127 γὰρ
2580 3054 2720 3112 οἶδεν
2745 3056 3048 3128 ἀνθρώπων
3079 3061 3147 3112 τὰ
3180 3061 3273 3112 τοῦ
3303 3059 3580 3131 ἀνθρώπου,
3610 3062 3646 3110 εί

2127 3149 2204 3223 μὴ
2237 3152 2298 3204 τὸ
2323 3151 2541 3219 πνεῦμα
2563 3151 2657 3203 τοῦ
2688 3151 2984 3222 ἀνθρώπου
3018 3152 3076 3204 τὸ
3111 3154 3170 3204 ἐν
3207 3151 3388 3222 etO-cfp;
3421 3151 3555 3204 Οὕτω
3575 3153 3646 3202 καὶ

2125 3243 2191 3296 τὰ
2246 3241 2340 3295 τοῦ
2393 3242 2527 3295 Θεοῦ
2578 3241 2754 3305 οὐδεὶς
2801 3239 2963 3307 οἶδεν,
3019 3244 3066 3294 εί
3127 3243 3204 3314 μὴ
3255 3243 3314 3295 τὺ
3349 3241 3549 3310 Πνεῦμα
3573 3236 3644 3291 τοῦ

2123 3337 2280 3390 Θεοῦ.
2319 3357 2333 3388 ι
2380 3336 2646 3390 Τοσοῦτον
2672 3333 2760 3408 ἦν,
2788 3339 2941 3408 φησὶ,
2973 3338 3033 3390 τὸ
3063 3341 3378 3410 μυστήριον,
3404 3336 3485 3390 καὶ
3511 3333 3647 3392 οὕτως

2129 3430 2542 3500 ἀπεκέκρυπτο,
2569 3431 2708 3484 ὥστε
2739 3432 2838 3484 οὐκ
2875 3432 2939 3485 ἂν
2969 3432 3318 3502 ἠδυνήθημεν
3348 3430 3466 3482 αὐτὸ
3495 3425 3646 3498 μαθεῖν

2125 3523 2254 3594 παρ’
2283 3522 2467 3586 ἄλλου,
2506 3524 2554 3574 εί
2593 3524 2666 3592 μὴ
2693 3523 2754 3575 τὸ
2786 3522 3010 3594 Πνεῦμα
3050 3523 3289 3588 ἐδίδαξεν
3319 3523 3472 3592 ἡμᾶς,
3503 3518 3552 3570 τὸ
3575 3514 3647 3567 καὶ

2130 3615 2198 3666 τὰ
2225 3613 2362 3683 βάθη
2386 3613 2481 3667 τοῦ
2510 3613 2644 3667 Θεοῦ
2670 3615 3046 3685 ἐπιστάμενον.
3085 3616 3160 3668 Τὸ
3190 3616 3315 3686 γὰρ,
3347 3634 3363 3666 t
3395 3610 3642 3682 Ἐρευνᾷ,ν

2127 3707 2228 3760 οὐκ
2279 3708 2506 3775 ἀγνοίας
2566 3707 2924 3770 ἐνδεικτικὸν,
2981 3708 3094 3764 ἀλλ’
3146 3707 3404 3780 ἀκριϐοῦς
3454 3700 3649 3768 καταλή-

2123 3795 2269 3866 ψεως
2297 3813 2312 3828 ⁸
2347 3795 2534 3866 ὥοπερ
2566 3798 2656 3850 καὶ
2704 3798 2953 3869 περὶτοῦ
2997 3800 3211 3870 nugs;
3256 3802 3459 3869 εἴρηται
3495 3811 3510 3824 ο
3542 3813 3558 3846 t
3601 3791 3647 3843 't)

2126 3888 2362 3958 ἐρευνῶν
2396 3887 2496 3948 τὰς
2532 3889 2782 3957 καρδίας,
2825 3909 2844 3940 ο
2905 3891 3023 3944 ἀντὶ
3051 3890 3168 3958 τοῦ,
3211 3895 3238 3946 ὁ
3266 3893 3331 3944 τὰ
3356 3889 3480 3961 βάθη
3505 3885 3647 3940 αὐτῶν

2127 3979 2304 4043 εἰδώς.
2337 3981 2445 4033 Καὶ
2486 3980 2659 4043 ἄλλως
2708 3981 2786 4049 δὲ,
2823 3982 2898 4046 ὡς
2929 3984 3214 4054 ἐντρυφῶν
3248 3985 3312 4055 τῇ
3357 3980 3538 4051 θεωρία
3563 3975 3647 4029 τῶν

2130 4084 2448 4154 μυστηρίων
2484 4082 2578 4136 τοῦ
2617 4077 2774 4138 Θεοῦ,
2809 4077 3037 4148 ὲρευνᾷν
3080 4077 3299 4145 λέγεται
3341 4074 3514 4128 ταῦτα.
3555 4067 3647 4121 Δεί-

2127 4191 2284 4227 κνυσι
2333 4175 2428 4226 καὶ
2471 4159 2558 4226 διὰ
2589 4172 2698 4224 τῶν
2727 4172 2774 4204 ⁸⁸
2819 4168 2944 4240 ἑξῆς
2977 4169 3077 4240 τὴν
3139 4168 3338 4240 ἀκριϐῆ
3369 4165 3547 4234 γνῶσιν
3573 4158 3646 4212 τοῦ

2130 4268 2464 4338 Πνεῦματος.
2501 4268 2712 4337 Ὥσπερ
2741 4264 2851 4334 γὰρ
2885 4264 2944 4316 τὸ
2978 4261 3321 4333 ἀνθρώπινον
3347 4257 3541 4328 πνεῦμα
3565 4249 3647 4306 οἵδε

2127 4359 2196 4412 τὰ
2230 4361 2288 4411 ὲν
2339 4359 2416 4430 τῷ
2454 4357 2727 4428 ἀνθρώπῳ
2752 4373 2765 4387 ·
2800 4356 2962 4419 οὕτω,
3023 4354 3179 4424 φησὶ,
3228 4355 3322 4408 καὶ
3364 4351 3421 4405 τὸ
3464 4345 3648 4415 Πνεῦμα

2129 4447 2222 4501 τοῦ
2254 4447 2414 4511 Θεοῦ,
2458 4448 2527 4500 τὰ
2577 4444 2672 4499 τοῦ
2725 4445 2882 4498 Θεοῦ.
2927 4445 3289 4515 Μανθὰνομεν
3319 4443 3373 4496 δὲ
3423 4437 3647 4496 ἐντεῦθεν,

455 4553 482 4590 a
535 4535 720 4603 Patre,
756 4533 1213 4605 quemadmodum
1248 4532 1483 4588 hominis
1530 4545 1636 4587 non
1675 4539 1758 4586 est
1799 4532 2018 4586 diversa

2131 4541 2211 4591 ὅτι
2236 4538 2334 4608 οὐχ
2361 4539 2553 4608 ἐτέρας
2581 4537 2770 4600 οὐσίας
2803 4537 2864 4590 τὸ
2897 4535 3125 4607 Πνεῦμα
3151 4535 3302 4606 παρά
3335 4535 3420 4587 τὸν
3444 4521 3649 4599 Πατέρα,

451 4632 519 4683 ab
556 4643 640 4682 co.

537 4719 698 4774 \‘sas.
738 4720 820 4774 tt).
856 4738 872 4771 ι
909 4719 1076 4776 Nobis
1110 4733 1290 4776 autem
1327 4719 1587 4776 rerelavit
1612 4719 1750 4775 Dens
1780 4735 1874 4791 per
1905 4719 2030 4790 Spi-

459 4814 619 4868 ritum
673 4827 852 4867 suum.
906 4832 928 4865 ι
968 4812 1200 4867 Perinde
1243 4827 1308 4868 ac
1351 4812 1396 4867 si
1428 4813 1553 4883 quis
1591 4811 1831 4876 diceret,
1881 4812 1935 4866 Si
1973 4813 2025 4866 in

458 4922 554 4958 cur
587 4905 824 4960 hominis
855 4919 961 4958 non
991 4904 1256 4971 ascendit,
1290 4904 1562 4976 quomodo
1599 4919 1694 4960 vos
1726 4904 2028 4960 didicistis?

458 4997 562 5051 ait:
597 5016 616 5048 ‹
655 4998 798 5052 Deus
821 4996 1080 5052 revelavit
1114 4992 1270 5052 nobis
1294 5012 1389 5068 per
1413 4997 1700 5068 Spiritum,
1741 5016 1760 5050 ι
1799 5013 1905 5052 non
1933 5013 2030 5069 per

455 5098 738 5144 externam
779 5089 1123 5159 sapientiam.
1159 5087 1276 5144 Non
1317 5088 1491 5144 solum
1533 5087 1716 5158 itaque
1749 5090 1890 5160 quod
1934 5105 2034 5144 nos

458 5183 561 5234 ista
614 5182 920 5247 didicimus,
978 5182 1243 5237 honorem
1295 5181 1502 5236 indicat
1538 5198 1646 5252 quo
1699 5198 1798 5238 nos
1851 5198 1879 5236 a
1924 5181 2033 5238 Deo

459 5275 662 5344 dignati
695 5289 907 5338 sumus,
943 5285 996 5328 et
1024 5273 1168 5345 quod
1198 5289 1304 5328 una
1333 5288 1455 5328 cum
1489 5273 1696 5345 angelis
1725 5273 2033 5338 didicimus,

461 5369 557 5420 sed
589 5377 645 5422 ct
693 5365 824 5421 illud
863 5367 1006 5437 quod
1042 5366 1212 5422 multo
1260 5366 1436 5436 majus
1464 5375 1570 5433 est,
1614 5366 1757 5436 quod
1792 5380 1889 5434 per
1915 5364 2037 5435 Spi-

457 5458 622 5514 ritum
684 5471 935 5514 sanctum
989 5458 1300 5515 didicimus.
1333 5476 1351 5511 ι
1409 5456 1503 5514 llle
1551 5457 1721 5525 cnim,
1778 5475 1796 5509 ι
1838 5457 2031 5526 inquit,

542 5597 559 5636 ί
595 5598 699 5652 lsa.
727 5613 823 5662 LII,
859 5597 945 5652 l5.
986 5673 992 5685 ἱ
1063 5597 1086 5636 ε
1123 5597 1259 5651 ibid.
1337 5599 1361 5640 ιι
1393 5598 1650 5663 Psal.vn,
1696 5597 1784 5654 l0.

2130 4630 2319 4700 ὥσπερ
2351 4628 2473 4682 οὐδὲ
2504 4628 2565 4681 τὸ
2596 4627 2690 4681 τοῦ
2731 4629 3020 4698 ἀνθρώπου
3063 4629 3255 4698 ἑτέρας
3290 4623 3415 4698 παρ’
3435 4619 3592 4677 αὐτόν.

2208 4741 2226 4774 t
2283 4721 2446 4790 Ἡμῖν
2463 4717 2539 4773 ’δὲ
2567 4722 2595 4774 6
2634 4721 2767 4784 Θεὸς
2797 4719 3116 4790 ἀπεκάλυψε
3150 4720 3239 4774 διά
3264 4718 3352 4773 τοῦ
3383 4716 3650 4783 Πνεύματος

2136 4810 2328 4867 αὑτοῦ.
2376 4830 2394 4863 ι
2435 4812 2648 4882 Ὥσπερ
2686 4811 2826 4874 τινος
2855 4811 3118 4876 εἰπόντος.
3156 4813 3236 4865 ὅτι
3266 4812 3324 4864 Εἰ
3354 4809 3440 4861 ἐπὶ
3466 4803 3650 4874 καρδίαν

2131 4905 2425 4976 ἀνθρώπου
2460 4905 2561 4959 οὐκ
2597 4904 2789 4976 ἀνέση,
2822 4905 2938 4968 πῶς
2978 4905 3136 4976 ὑμεῖς
3174 4903 3541 4975 μεμαθήκατε;
3568 4910 3648 4962 φη·

2132 5000 2241 5064 civ,
2266 4999 2348 5052 ὅτι
2385 5017 2402 5051 t
2460 4999 2518 5053 '0
2545 4998 2678 5062 Θεὸς
2710 4997 3062 5067 ἀπεκάλυψεν
3101 4999 3251 5068 ἡμῖν,
3291 4995 3374 5048 διὰ
3399 4990 3481 5046 τοῦ
3510 4985 3649 5042 Πνεῦ·

2133 5108 2328 5164 ματος,
2367 5110 2386 5144 ³
2425 5091 2486 5144 οὗ
2522 5092 2609 5146 διὰ
2646 5091 2745 5161 τῆς
2773 5090 2970 5156 ἔξωθεν
3007 5091 3216 5160 σοφίας.
3252 5089 3324 5143 οὐ
3345 5088 3491 5157 μόνον
3508 5079 3650 5134 τοίνυν

2132 5182 2194 5236 es
2231 5181 2422 5253 μαθεῖν
2464 5183 2612 5254 ἡμᾶς
2661 5180 2839 5235 ταῦτα
2887 5181 3128 5236 δείκνυσι
3169 5181 3265 5251 τὴν
3310 5181 3386 5240 είς
3418 5173 3547 5244 ἡμᾶς
3585 5184 3650 5218 τιν

2136 5275 2244 5346 μὴν
2292 5274 2387 5329 τοῦ
2434 5273 2594 5343 Θεοῦ,
2651 5274 2748 5329 καὶ
2793 5275 2854 5328 τὸ
2887 5275 3003 5346 μετ’
3033 5275 3278 5344 ἀγγέλων
3320 5269 3514 5342 μαθεῖν,
3542 5257 3650 5315 ἀλλὰ

2134 5366 2318 5438 πολλῷ
2350 5367 2557 5434 πλεῖον,
2598 5367 2658 5421 τδ
2690 5366 2778 5422 διὰ
2818 5366 2912 5420 τοῦ
2943 5366 3101 5437 ἁγίου
3133 5365 3438 5435 Πνεῦματος
3475 5353 3647 5428 μαθεῖν.

2141 5479 2159 5513 ι
2201 5461 2440 5525 Ἐκεῖνος
2475 5479 2494 5513 ι
2519 5461 2648 5532 γὰρ,
2686 5462 2874 5534 φησὶν,
2917 5480 2935 5514 ι
2965 5461 3222 5532 ὁδηγήσει
3250 5459 3388 5528 ὑμᾶς
3415 5454 3486 5518 είς
3506 5449 3649 5503 πᾶσαν

1788 5710 1986 5773 ναι-ἕω
2048 5711 2377 5776 lectiones.

533 5817 574 5851 3“
603 5817 804 5891 ἠξιώθη
831 5835 880 5874 0.
959 5821 1001 5853 ”
1035 5818 1239 5874 τούτων
1269 5832 1321 5873 0.

3815 842 3817 908 ί

3815 915 3817 976 1

3815 983 3817 1042 ί

3815 1055 3817 1100 l
