3874 6584
273 435 391 503 593

1093 437 1504 501 EXPOSITIO
1542 438 1626 501 IN
1660 438 1907 502 EPIST.
1954 440 2115 502 IAD
2151 442 2318 505 con.
2355 468 2424 481 -
2453 422 2619 510 cae.
2664 445 2748 509 II.

3430 414 3537 502 ιρι

271 548 383 622 τὴν
436 548 714 621 ἀλήθειαν.
776 568 795 603 ι
847 545 1005 615 Εἶτα,
1051 551 1315 607 δεικνύων
1360 554 1441 607 ὅτι
1490 554 1624 626 παρ’
1678 550 1858 625 ἑαυτῷ

2030 556 2187 612 ducet
2218 572 2315 613 vos
2344 557 2397 612 in
2426 573 2642 614 omnem
2677 557 2985 614 veritatem.
3025 574 3042 607 ι
3085 553 3307 619 Deinde,
3353 564 3539 611 osten-

271 646 458 701 ταῦτα
506 639 656 716 εῖχεν
684 644 713 697 6
759 642 914 711 Θεὸς,
965 644 1061 698 καὶ
1106 644 1282 710 οὐδεὶς
1332 645 1520 719 ἕτερος
1572 646 1859 717 ιγίνωσκε,

274 738 419 809 φησί
444 753 460 769 ·

362 850 379 882 ι
425 832 500 885 Τὸ
533 831 642 901 γὰρ
673 829 897 902 Πνεῦμα
924 832 1102 888 πάντα
1136 832 1355 903 ἐρευνᾷ,
1386 830 1479 883 καὶ
1511 831 1581 885 τὰ
1608 830 1747 902 βάθη
1768 829 1865 886 τοῦ

276 922 443 978 θεου.
483 941 501 975 ι
548 923 822 993 Ἔρευναν
861 922 1100 979 ἐνταῦθα
1142 924 1241 995 τήν
1267 923 1471 994 ἀκριϐῆ
1505 922 1709 992 γνῶσιν
1749 922 1867 977 δνο⁹

279 1014 471 1085 μᾶζει,
534 1014 727 1087 ὥσπερ
778 1015 876 1071 καὶ
938 1017 1034 1071 ἐπὶ
1070 1016 1167 1070 τοῦ
1214 1014 1360 1069 Θεοῦ
1404 1029 1608 1086 φησιν·
1640 1033 1659 1066 ε
1706 1013 1766 1067 '0
1809 1013 1867 1068 δὲ

277 1109 526 1180 ἐρευνῶν
561 1111 663 1174 τὰς
698 1109 950 1183 καρδίας,
1011 1129 1032 1165 ι
1084 1111 1207 1167 ἀντὶ
1252 1109 1372 1180 τοῦ,
1429 1111 1460 1164 6
1510 1110 1648 1182 βάθη
1687 1110 1869 1166 αὐτῶν

279 1202 467 1265 εἰδώς.
522 1203 691 1257 Οὐδὲν
721 1203 928 1270 καινὸν,
966 1203 1016 1257 εί
1049 1204 1139 1259 διὰ
1167 1202 1264 1257 τοῦ
1315 1203 1633 1276 Πνεῦματος
1659 1205 1870 1258 ἀπεκα-

277 1294 464 1366 λύφθη
506 1298 638 1367 ήμῖν
665 1295 735 1349 τὰ
765 1297 1040 1367 μυστήρια
1065 1295 1158 1352 τοῦ
1199 1294 1359 1352 Θεοῦ.
1394 1297 1469 1351 Τδ
1496 1296 1606 1369 γὰρ
1633 1296 1861 1367 Πνεῦμα

278 1387 575 1458 δμοούσιον
599 1386 694 1442 καὶ
734 1384 853 1441 ἴσον
881 1387 942 1440 δν
971 1387 1049 1458 τῷ
1077 1386 1200 1459 Θεῷ
1237 1387 1333 1442 καὶ
1377 1389 1578 1459 Πατρὶ,
1621 1388 1872 1459 ἀκριϐῶς

279 1475 401 1533 οἶδε
424 1480 495 1534 τά
517 1497 576 1533 τε
599 1479 736 1534 ἄλλα
762 1481 964 1545 πάντα,
990 1480 1085 1535 καὶ
1107 1481 1247 1535 αὐτὰ
1273 1480 1342 1534 τὰ
1369 1480 1574 1553 κρύφια
1593 1480 1687 1536 τοῦ
1710 1480 1867 1537 Θεοῦ.

280 1571 479 1626 Ταῦτα
503 1571 613 1643 γὰρ
644 1564 891 1638 ἐκάλεσε,
921 1571 1060 1644 βάθη
1091 1571 1250 1646 [ϐοά.
1290 1573 1575 1645 Arundel.]

367 1682 390 1713 ε
438 1662 628 1732 Ἡμεῖς
675 1662 733 1717 δὲ
766 1664 829 1717 06
864 1664 925 1717 τὸ
957 1664 1176 1737 πνεῦμα
1205 1664 1299 1720 τοῦ
1346 1665 1552 1736 κόσμου
1580 1666 1871 1737 ἐλάϐομεν,

280 1756 431 1811 ἀλλὰ
467 1756 530 1810 τὸ
559 1756 786 1827 Πνεῦμα
829 1758 890 1812 τὸ
920 1759 985 1813 ὲκ
1011 1758 1108 1814 τοῦ
1140 1759 1300 1814 Θεοῦ.
1335 1778 1353 1812 ι
1410 1758 1634 1829 Πνεῦμα
1667 1760 1872 1830 κόσμου

282 1847 393 1917 τὴν
443 1848 794 1920 ἀνθρωπίνην
844 1849 1038 1918 σοφίαν
1076 1850 1400 1921 ὠνόμασενο
1453 1851 1512 1904 οὐ
1562 1849 1767 1921 ταύτην
1807 1850 1874 1921 ἢν

1964 648 2101 705 dens
2122 649 2264 720 quod
2291 648 2439 706 Deus
2468 649 2569 706 ista
2595 652 2737 721 apud
2759 650 2997 721 seipsum
3025 647 3281 715 habebat,
3304 655 3356 703 et
3381 662 3539 704 nemo

1965 741 2105 798 alius
2131 742 2517 812 cognoscebat,
2540 742 2615 796 ait
2644 761 2658 795 :

2043 850 2061 885 t
2102 831 2338 901 Spiritus
2363 834 2508 888 enim
2533 833 2716 888 omnia
2744 840 3044 897 scrutatur,
3074 831 3241 887 etiam
3273 828 3539 899 profunda

1970 924 2086 982 Dei.
2125 942 2144 977 ι
2173 923 2430 981 Exactam
2495 923 2859 994 cognitionem
2893 921 3282 977 scrutationem
3324 920 3411 975 hic
3447 934 3545 987 ap-

1968 1017 2153 1090 pellat,
2186 1016 2641 1088 quemadmodum
2679 1014 2748 1071 de
2790 1015 2901 1071 Deo
2930 1014 3060 1070 dicit
3098 1031 3112 1068 :
3150 1032 3168 1065 ε
3206 1012 3308 1079 Qui
3360 1019 3542 1065 autem

1969 1117 2248 1165 scrutatur
2295 1108 2483 1176 corda,
2523 1127 2541 1160 ι
2594 1122 2713 1179 pro,
2751 1106 2840 1176 qtti
2890 1106 3152 1174 profunda
3192 1104 3408 1160 illorum
3444 1117 3543 1156 no-

1969 1197 2068 1256 vit.
2103 1196 2187 1253 Nil
2216 1198 2413 1255 mirum
2442 1200 2487 1254 si
2533 1198 2793 1269 mysteria
2820 1197 2914 1252 Dei
2951 1211 3044 1265 per
3075 1196 3335 1267 Spiritum
3388 1193 3545 1247 uoltis

1971 1288 2206 1344 revelata
2230 1296 2377 1345 sunt.
2407 1287 2537 1344 Nam
2577 1288 2836 1357 Spiritus,
2873 1302 2998 1341 cum
3033 1286 3103 1341 sit
3132 1285 3377 1352 ejusdem
3406 1286 3540 1339 sub-

1972 1382 2185 1437 stantiae
2224 1390 2281 1438 et
2319 1381 2543 1451 aequalis
2595 1379 2707 1435 Deo
2736 1380 2905 1447 Patri,
2939 1394 3062 1433 cum
3096 1388 3292 1433 cattera
3331 1378 3543 1443 omnia,

1974 1483 2088 1529 tum
2131 1475 2247 1543 ipsa
2282 1473 2374 1529 Dei
2418 1482 2628 1529 secreta
2663 1482 2852 1529 exacte
2888 1471 3057 1526 novit.
3103 1470 3209 1527 lsta
3242 1471 3386 1525 enim
3419 1485 3549 1542 pro.

1974 1565 2142 1620 funda
2170 1565 2403 1619 vocavit.

2050 1659 2210 1714 Vens.
2260 1658 2344 1713 l2.
2379 1674 2398 1709 t
2450 1655 2559 1711 Nos
2596 1664 2774 1709 autem
2807 1670 2912 1710 non
2944 1653 3255 1724 accepimus
3293 1652 3549 1722 spiritum

1975 1753 2135 1823 hujus
2162 1750 2370 1833 mundi,
2407 1750 2500 1804 sed
2534 1748 2800 1819 Spiritum
2828 1747 3035 1830 qui‘est
3063 1760 3128 1801 ex
3160 1746 3288 1800 Deo.
3330 1765 3349 1797 ι
3383 1746 3553 1814 Spiri-

1976 1852 2088 1900 tum
2130 1842 2318 1898 mundi
2359 1846 2649 1897 humanam
2709 1840 3030 1910 sapientiam
3082 1837 3402 1904 nominavit,
3443 1853 3552 1893 non

284 1907 587 2009 il'ciéopsit,
614 1940 702 1993 ῖνα
839 1907 998 1995 κενὸν
1038 1941 1134 1995 καὶ⁵
1156 1907 1380 2013 ἀγρεῖον
1411 1940 1668 2013 ἀποδείξῃ
1694 1907 1754 1993 τῦ
1774 1907 1873 2011 κή-

1997 1950 2119 1992 tauc
2152 1949 2312 2005 quam
2341 1934 2680 2003 accepimus;
2702 1948 2771 1988 ne
2799 1947 2991 1987 vanam
3017 1943 3073 1986 et
3102 1931 3344 1986 inutilem
3365 1939 3552 1986 osten-

284 2048 485 2102 ρυγμα
512 2033 689 2103 ήμῶν.
730 2051 751 2085 ε
808 2032 967 2088 Ἀλλὰ
996 2032 1057 2088 τὸ
1086 2034 1308 2105 Πνεῦμα
1336 2034 1395 2089 τδ
1424 2035 1489 2088 ὲκ
1539 2032 1635 2086 τοῦ
1668 2033 1802 2087 Θεοῦ
1820 2052 1867 2095 ,t

280 2125 566 2189 τουτέστι,
606 2123 668 2179 τὸ
696 2125 985 2196 ὀμοούσιον
1018 2126 1099 2197 τῷ
1145 2126 1285 2197 Θεῷ,
1336 2127 1399 2181 τὸ
1440 2128 1505 2180 ἐκ
1548 2126 1645 2197 τῆς
1687 2126 1873 2191 οὐσίας

283 2215 486 2283 αὑτοῦ,
520 2216 679 2270 τοῦτο
704 2216 937 2288 ἔσχομεν
966 2219 1311 2275 διδάσκαλον.

373 2416 393 2450 ε
444 2398 561 2452 Ἵνα
592 2399 795 2468 ἴδωμεν
829 2399 901 2452 τὰ
935 2398 1041 2454 ὑπὸ
1088 2399 1226 2455 Θεοῦ
1274 2399 1607 2472 χαρισθέντα
1639 2402 1793 2473 ήμῖν.
1852 2421 1871 2454 ι

277 2492 442 2558 Φῶς,
475 2494 661 2563 φησιν,
695 2491 813 2546 ἔστι
839 2492 902 2545 τδ
926 2492 1173 2564 Πνεῦμα,
1209 2493 1304 2547 καὶ
1333 2491 1601 2565 ἐλάϐομεν
1628 2493 1786 2547 τοῦτο
1818 2493 1880 2547 τὸ

279 2582 436 2651 φῶς,
480 2582 569 2637 ἵνα
608 2583 677 2637 τὰ
711 2583 1212 2655 συγκεκαλυμμένα
1250 2585 1390 2650 τέως
1422 2587 1467 2619 ⁵ο
1527 2585 1748 2658 ἴδωμεν,
1786 2587 1879 2641 ὑπ’

282 2675 474 2731 αὐτοῦ
508 2676 894 2747 φωτιζόμενοι.
925 2678 1094 2744 Τίνας
1120 2678 1200 2731 Τὰ
1223 2678 1329 2732 ὑπὸ
1355 2678 1493 2733 Θεοῦ
1526 2678 1878 2751 χαρισθέντα,

282 2770 574 2835 τουτέστι,
603 2770 672 2825 τὰ
691 2770 834 2825 κατὰ
866 2771 967 2841 τὴν
994 2771 1310 2842 οἰκονομίαν
1333 2773 1426 2825 τοῦ
1448 2771 1689 2842 Χριστοῦ
1715 2790 1729 2804 ο
1762 2773 1881 2838 πῶς

285 2862 577 2916 ἀπέθανεν
600 2863 742 2934 ὑπὲρ
782 2863 960 2933 ήμῶν,
995 2863 1111 2926 πῶς
1141 2865 1297 2927 υἱοὺς
1320 2864 1455 2917 Θεοῦ
1487 2864 1731 2935 ἐποίησε,
1764 2865 1883 2933 πῶς

289 2953 666 3008 συνεκάθισεν
724 2956 873 3026 ήμᾶς
919 2956 985 3008 ὲκ
1025 2954 1218 3021 δεξιῶν
1255 2954 1350 3009 τοῦ
1395 2956 1609 3026 Πατρὸς
1644 2956 1703 3010 ὲν
1757 2959 1885 3013 ἑαυ-

288 3046 405 3116 τῷ.
443 3047 610 3101 Ὥστε
651 3048 701 3101 oi
756 3047 831 3119 μὴ
878 3046 1092 3118 ἔχοντες
1122 3048 1185 3101 τὸ
1218 3046 1464 3119 Πνεῦμα,
1506 3047 1567 3102 o6
1609 3048 1685 3121 μὴ
1735 3050 1885 3106 ῐδωσι
1919 3080 1927 3090 ·

288 3157 323 3193 τ
336 3139 496 3193 αῦτα.

1977 2030 2069 2084 dat
2109 2027 2546 2099 prmdicationem
2592 2035 2852 2081 nostram.
2908 2042 2927 2077 ι
2986 2024 3093 2080 Sed
3149 2023 3411 2094 Spiritum
3457 2023 3552 2092 qui

1976 2135 2041 2177 ex
2090 2122 2199 2176 Deo
2247 2130 2360 2185 est,
2415 2139 2434 2173 ι
2493 2120 2597 2175 hoc
2648 2128 2732 2173 est
2775 2118 3182 2174 coessentialem
3227 2132 3348 2171 cum
3403 2117 3578 2180 Deo,.

1978 2215 2069 2286 qui
2109 2224 2192 2271 est
2230 2230 2297 2269 ex
2347 2212 2516 2285 ipsius
2545 2211 2802 2276 essentia,
2834 2211 2979 2266 hunc
3009 2211 3152 2266 nacti
3194 2225 3385 2267 sumus
3413 2223 3553 2281 prato

1980 2319 2277 2377 ceptorem.

2060 2420 2079 2452 ε
2136 2400 2207 2456 Ut
2255 2400 2493 2456 sciamus
2523 2413 2644 2470 qua!
2684 2399 2793 2454 sint
2839 2416 2869 2454 a
2913 2401 3025 2461 Deo
3069 2408 3268 2461 donata
3318 2405 3491 2461 nobis,
3532 2423 3551 2457 ι

1982 2493 2211 2556 Lumen,
2260 2491 2455 2561 inquit,
2495 2501 2584 2552 est
2627 2490 2889 2568 Spiritus,
2937 2510 3101 2566 atque
3146 2499 3320 2566 ipsum
3375 2499 3555 2552 lumen

1982 2584 2314 2654 accepimus,
2340 2598 2397 2643 ut
2423 2584 2533 2656 jam
2563 2588 2691 2644 olim
2722 2588 3039 2644 abscondita
3071 2588 3367 2654 videamus,
3400 2589 3467 2641 ah
3490 2603 3558 2641 eo

1984 2674 2237 2734 videlicet
2270 2679 2577 2735 illuminati.
2610 2680 2907 2748 Quaenam?
2942 2699 2960 2733 ι
2998 2679 3126 2747 Quae
3167 2696 3194 2733 a
3221 2679 3331 2734 Deo
3358 2681 3558 2735 donata

1982 2767 2114 2839 sint,
2158 2789 2177 2826 ι
2207 2771 2309 2827 hoc
2342 2780 2448 2837 est,
2488 2787 2608 2842 qua:
2643 2772 2711 2827 ad
2752 2772 2952 2828 Christi
2984 2772 3437 2842 dispensationem
3474 2782 3561 2826 at-

1988 2864 2191 2931 tinent;
2234 2866 2507 2935 quomodo
2552 2883 2652 2936 pro
2696 2866 2850 2921 nobis
2895 2876 3123 2921 mortem
3172 2865 3388 2931 obierit,
3423 2880 3563 2936 quo-

1988 2955 2151 3010 modo
2181 2971 2281 3012 nos
2318 2954 2457 3013 illius
2486 2956 2580 3012 Dei
2620 2955 2833 3023 fecerit,
2874 2957 3145 3027 quomodo
3174 2970 3272 3010 nos
3300 2972 3327 3009 a
3355 2956 3563 3009 deuris

1987 3047 2165 3121 lfatris
2206 3047 2367 3121 134
2398 3049 2674 3104 collocarit
2703 3050 2755 3104 itt
2796 3049 2997 3119 seipso.
3027 3050 3126 3116 Qui
3160 3050 3341 3118 itaque
3388 3046 3565 3118 Spiri-

1992 3154 2102 3197 tum
2131 3158 2237 3197 nun
2269 3142 2493 3208 habent,
2517 3144 2619 3198 ista
2658 3158 2767 3197 non
2800 3144 3006 3198 vident.

386 3251 406 3282 ι
452 3232 517 3284 ’Δ
551 3230 645 3285 καὶ
678 3228 973 3300 λαλοῦμεν,
1009 3231 1110 3285 οὐκ
1142 3232 1200 3285 ὲν
1232 3232 1503 3297 διδακτοῖς
1533 3234 1882 3306 ἀνθρωπίνης

2064 3234 2226 3290 Vens.
2272 3234 2359 3290 l5.
2399 3253 2417 3286 t
2452 3236 2583 3302 Qum
2608 3243 2662 3288 et
2690 3235 2988 3305 loquimur,
3019 3250 3126 3289 non
3158 3236 3211 3289 itt
3252 3234 3428 3290 doctis
3466 3234 3567 3288 ιω-

294 3324 503 3393 σοιρίας
531 3324 729 3392 λόγοις,
763 3324 878 3377 ἀλλ’
907 3323 963 3377 ἐν
988 3324 1257 3388 διδακτοῖς
1294 3324 1611 3395 Πνεῦματος
1650 3326 1836 3395 ἁγίου.
1856 3346 1875 3379 ι

297 3415 579 3470 Τοσοῦτον
606 3417 793 3487 ἡμεῖς,
829 3416 984 3488 φησι,
1011 3415 1313 3487 σοφώτεροι
1349 3418 1458 3471 τῶν
1495 3418 1628 3489 παρ’
1659 3419 1885 3491 Ἕλλησι

302 3508 515 3578 σοφῶν,
547 3508 668 3561 ὅσον
698 3508 745 3540 ⁸⁸
773 3510 970 3561 ἐκεῖνοι
1009 3509 1106 3577 μὲν
1129 3508 1236 3562 ὑπὸ
1258 3506 1566 3572 ἀνθρώπων
1603 3508 1885 3581 ἐδιδάχθη-

300 3617 412 3654 σαν
449 3617 462 3632 ·
498 3603 659 3673 ήμεῖς
703 3601 761 3655 δὲ
812 3599 849 3655 ἃ
896 3600 1191 3673 λαλοῦμεν,
1234 3600 1340 3654 ὑπὸ
1378 3600 1695 3672 Πνεύματος
1728 3601 1887 3670 ἁγίου

299 3694 652 3765 διδαχθέντες
674 3694 966 3764 λαλοῦμεν.

387 3808 410 3841 ε
449 3790 840 3858 Πνευματικοῖς
860 3786 1206 3858 πνευματικὰ
1233 3786 1636 3857 συγκρίνοντες.
1670 3807 1689 3839 ι
1722 3788 1891 3842 Τουτ-

303 3882 481 3945 ἐστιν,
519 3879 646 3932 Ἐὰν
693 3878 1016 3949 ἁνακύψωσί
1046 3895 1169 3933 τινα
1191 3878 1537 3949 πνευματικὰ
1570 3879 1887 3949 ζητήματα,

308 3974 677 4042 συγκρίνωμεν
698 3971 893 4035 ταῦτα,
911 3972 1178 4036 τουτέστι,
1199 3969 1488 4042 διαλῦομεν
1503 3972 1570 4025 δι’
1587 3970 1672 4026 ἑτέ
1683 3988 1791 4042 ρων
1811 3988 1894 4024 τι-

304 4061 423 4114 νῶν
455 4062 837 4132 πνευματικῶν
878 4061 1165 4132 νοημάτων
1208 4059 1242 4131 ἦ
1298 4060 1550 4131 ἱστοριῶν
1576 4079 1589 4093 ο
1634 4056 1769 4127 οἷον,
1809 4062 1892 4115 ὅτι

307 4154 517 4221 ἀνέστη
553 4157 581 4208 ὀ
607 4156 866 4225 Χριστὸς,
893 4152 1118 4225 ζήτημά
1156 4155 1297 4208 ἔστι.
1325 4152 1501 4207 Τοῦτο
1526 4153 1619 4207 οὖν
1647 4172 1893 4224 πνευμα-

307 4230 469 4298 τικὸν
493 4244 553 4299 ὃν
586 4244 832 4316 ζήτημα,
876 4245 936 4313 ἐξ
966 4243 1156 4318 ἑτέρου
1194 4246 1592 4317 πνευματικοῦ,
1623 4246 1890 4313 τουτέστι,

308 4339 418 4407 τῆς
475 4339 619 4392 κατὰ
671 4339 764 4391 τὸν
829 4338 1016 4393 ἰωνᾶν
1072 4339 1318 4410 ἱστορίας
1378 4338 1735 4410 συγκρίνεται
1796 4340 1893 4393 καὶ

311 4428 524 4482 λύεται.
542 4430 740 4483 Καὶότι
753 4428 1024 4501 παρθένος
1040 4427 1215 4491 ἔτεκε.
1234 4429 1330 4483 καὶ
1343 4428 1501 4484 τοῦτο
1511 4428 1734 4500 ζήτημά
1752 4432 1891 4495 ἐστι,

313 4520 414 4572 καὶ
472 4518 658 4573 λύεται
704 4524 768 4574 ὲκ
800 4522 899 4590 τῆς
938 4520 1278 4593 στειρὼσεως
1297 4521 1343 4554 ⁵⁸
1376 4521 1478 4590 τῆς
1517 4523 1755 4593 Σάρῤας,
1792 4525 1893 4594 τῆς

1995 3343 2171 3383 mana:
2225 3327 2507 3397 sapientiae
2561 3327 2759 3392 verbis,
2809 3328 2902 3384 sed
2945 3328 2998 3383 in
3038 3327 3282 3383 doctrina
3328 3327 3567 3396 Spiritus

1993 3420 2189 3476 sancti.
2222 3438 2240 3471 ι
2278 3417 2697 3488 Τειιιιο,ιίηιιιιῑι,
2746 3435 2843 3475 nos
2876 3419 3190 3475 Grzecornm
3231 3419 3567 3489 sapientibus

1992 3512 2357 3581 sapientiores
2399 3527 2612 3576 sumus,
2641 3520 2849 3582 quanto
2880 3512 2950 3565 illi
2983 3510 3197 3580 quidem
3229 3517 3297 3564 ab
3329 3509 3566 3565 homini-

1994 3604 2093 3657 bus
2128 3603 2360 3656 iustituti
2392 3613 2551 3658 sunt:
2584 3617 2682 3659 nos
2710 3617 2836 3658 vero
2878 3617 3000 3673 qua:
3049 3601 3347 3670 loquimur,
3378 3616 3406 3654 ιι
3441 3598 3568 3669 Spi-

1995 3693 2099 3747 ritu
2141 3703 2331 3748 sancto
2360 3694 2501 3748 ducti
2534 3693 2823 3764 loquimur.
3240 3752 3251 3761 _

2072 3804 2092 3837 ε
2146 3784 2535 3853 Spiritualibus
2583 3786 2882 3856 spiritualia
2936 3797 3335 3854 comparantes.
3384 3803 3404 3837 ι
3459 3783 3569 3840 [hic

1993 3888 2095 3941 est,
2129 3876 2186 3932 Si
2216 3893 2336 3945 quae
2369 3877 2682 3948 spirituales
2729 3875 3051 3946 quastiottes
3091 3885 3396 3946 emergunt,
3433 3890 3570 3930 con-

1992 3969 2218 4025 ferimus
2252 3984 2380 4036 eas,
2423 3970 2526 4024 hoc
2567 3978 2674 4034 est,
2714 3968 2969 4023 diluimus
2998 3983 3094 4038 per
3146 3968 3283 4023 alios
3310 3967 3570 4036 quosdam

1997 4061 2313 4132 spirituales
2358 4071 2655 4131 conceptus
2690 4061 2773 4114 vel
2805 4059 3101 4115 ιιίειονίςιει
3148 4059 3311 4113 veluti
3342 4057 3573 4128 quaestio

1994 4161 2100 4218 est,
2144 4167 2215 4208 an
2248 4152 2498 4209 Christus
2532 4153 2926 4208 resurrexerit:
2958 4161 3077 4223 quae
3117 4167 3239 4207 cum
3270 4151 3399 4220 spiri
3432 4151 3573 4205 ualis

1998 4244 2093 4307 sit,
2147 4259 2212 4300 ex
2268 4246 2373 4300 alia
2420 4246 2715 4316 spiritttali,
2788 4246 3046 4300 nimirum
3110 4242 3259 4301 Jonat
3321 4244 3571 4306 historia,

1998 4344 2348 4406 comparatur
2390 4344 2447 4391 et
2477 4335 2720 4391 diluitur.
2773 4336 2865 4392 Sic
2895 4336 3124 4406 quatstio
3166 4347 3271 4399 est,
3303 4350 3373 4391 an
3409 4334 3576 4407 Virgo

1998 4429 2236 4499 peperit;
2254 4442 2374 4499 quae
2408 4428 2592 4484 itidem
2617 4428 2835 4484 diluitur
2858 4443 2954 4499 per
2980 4429 3158 4483 Sarrae
3184 4469 3198 4495 ,
3228 4427 3485 4484 Rebeccae
3520 4434 3576 4482 et

2000 4520 2320 4577 Elisabetbte
2344 4520 2704 4586 sterilitatem,
2723 4535 2844 4592 qua
2869 4520 3106 4591 profecto
3136 4536 3241 4575 non
3263 4536 3326 4576 ex
3348 4519 3577 4575 naturali

328 4610 648 4676 Ῥεϐέκκας,
679 4612 780 4683 τῆς
816 4613 1093 4668 Ἐλισάὸετ
1118 4630 1135 4645 υ
1166 4612 1224 4668 αῖ
1249 4613 1311 4668 06
1341 4616 1547 4686 φυσικῇ
1577 4614 1882 4687 ἀκολουθία1

2003 4614 2411 4680 consecutione,
2459 4621 2728 4684 quatenus
2772 4613 2840 4668 ad
2883 4614 3172 4681 cujuslibet
3197 4613 3440 4669 matrieis
3468 4612 3576 4666 vim

314 4705 444 4758 ὅσον
486 4721 552 4771 γε
607 4704 744 4775 πρὸς
782 4704 883 4776 τὴν
930 4705 1165 4775 δύναμιν
1222 4705 1459 4777 ἑκάστης
1512 4708 1744 4779 μήτρας,
1783 4724 1880 4761 συν

2002 4705 2217 4769 attinet,
2241 4712 2649 4775 conceperant:
2685 4712 2797 4759 tum
2820 4720 2886 4760 ex
2912 4718 2978 4760 eo
3006 4705 3149 4774 quod
3176 4704 3285 4759 Eva
3313 4719 3378 4760 ex
3407 4707 3577 4758 Adam

319 4798 522 4851 έὶναεον
553 4814 564 4827 ·
594 4799 686 4851 καὶ
715 4799 780 4850 ὲκ
806 4798 902 4852 τοῦ
928 4797 1027 4868 τὴν
1053 4796 1197 4851 Εὕαν
1227 4797 1292 4852 ἔκ
1316 4798 1411 4852 τοῦ
1450 4798 1620 4869 Ἀδὰμ
1647 4799 1904 4870 ἀσπόρως

317 4890 604 4955 γενέσθαι.
642 4889 736 4943 καὶ
771 4889 829 4955 ἐξ
860 4889 1036 4943 ἄλλων
1054 4890 1162 4943 τῶν
1189 4889 1333 4944 κατὰ
1357 4891 1456 4961 τὴν
1480 4889 1705 4965 πρώτην
1736 4893 1816 4955 εἰς
1839 4891 1904 4946 τὸ

320 4979 460 5037 εἶναι
488 4985 834 5054 παραγωγὴν
873 4983 1290 5054 θεωρουμένων.
1324 4984 1556 5053 Νοήσεις
1587 4985 1642 5038 δὲ
1677 4986 1773 5039 καὶ
1799 4984 1900 5039 οὗ·

320 5093 399 5129 τω
435 5077 522 5142 τὸ,
565 5093 584 5128 ι
627 5079 1018 5144 πνευματικοῖς
1048 5074 1401 5146 πνευματικὰ
1427 5075 1837 5147 συγκρίνοντες,
1878 5097 1896 5129 ι

324 5167 446 5221 ἀντὶ
493 5167 613 5231 τοῦ,
645 5170 1039 5236 πνευματικοῖς
1080 5164 1391 5237 ἀνθρώποις
1434 5164 1505 5219 τὰ
1555 5166 1905 5234 πνευματικὰ

327 5258 720 5329 συγκρίνοντες
761 5257 857 5311 καὶ
896 5246 1206 5321 διαλύοντες
1233 5273 1246 5287 ·
1287 5249 1433 5312 οὗτοι
1468 5256 1579 5329 γὰρ
1629 5258 1779 5324 μόνοι
1811 5257 1905 5311 δύ-

327 5368 514 5405 νανται
541 5352 742 5423 χωρεῖν
775 5348 970 5405 ταῦτα.
1010 5351 1236 5419 Ἐπάγει
1271 5347 1436 5421 γοῦνξ·
1828 5342 1833 5349 ’

404 5462 424 5494 ι
454 5443 853 5513 Πνευματικοῖς
883 5434 1235 5513 πνευματικὰ
1264 5444 1676 5513 συγκρίνοντες.
1715 5466 1737 5500 ι
1767 5448 1906 5503 T06-

335 5535 532 5599 τέστιν,
576 5535 672 5589 ἐὰν
705 5532 1029 5605 ἀνακὺψωσί
1067 5551 1189 5589 τινα
1219 5538 1567 5604 πνευματικὰ
1592 5537 1901 5609 ζητήματα,

341 5626 695 5700 συγκρίνομεν
728 5629 926 5698 ταῦτα,
959 5634 1232 5704 τουτέστι,
1274 5636 1563 5707 διαλύομεν
1592 5638 1659 5693 δι’
1694 5639 1909 5712 ἐτέρων,

2001 4800 2120 4855 sine
2144 4798 2354 4854 semine
2375 4795 2657 4868 progenita
2677 4804 2817 4861 erat,
2841 4811 3053 4853 necnon
3080 4797 3147 4853 ab
3175 4796 3295 4852 aliis
3313 4810 3377 4852 ex
3403 4797 3577 4866 prima

1999 4908 2099 4949 sua
2135 4890 2491 4961 productione
2533 4889 2599 4944 ad
2640 4903 2797 4945 suum
2832 4904 2957 4946 esse
2983 4890 3372 4946 consideratis.
3405 4888 3576 4943 Porro

1999 4987 2166 5049 illud,
2218 5002 2239 5036 ι
2285 4980 2671 5055 Spiritualibus
2718 4981 3025 5052 spiritualia
3086 4989 3489 5053 comparantes,
3551 4997 3571 5031 ι

2000 5078 2204 5147 poteris
2267 5075 2428 5130 etiam
2493 5074 2573 5129 sic
2636 5072 2944 5142 intelligere
2996 5093 3009 5131 :
3059 5075 3201 5145 apud
3268 5073 3577 5143 spirituales

2002 5168 2258 5225 videlicet
2292 5165 2542 5222 homines
2571 5165 2873 5236 spiritualia
2910 5176 3287 5237 comparantes
3324 5173 3375 5221 et
3405 5160 3578 5233 expli-

2005 5274 2219 5319 cantes.
2257 5257 2322 5314 Hi
2363 5256 2510 5314 enim
2567 5257 2668 5313 soli
2718 5257 2821 5313 ista
2870 5273 3064 5329 capere
3107 5268 3363 5327 queunt:
3412 5256 3578 5310 Infert

2003 5356 2203 5427 igitur:

2073 5451 2240 5510 Vens.
2284 5452 2372 5508 l3.
2411 5469 2432 5506 ι
2476 5449 2867 5523 Spiritualibus
2911 5442 3211 5516 spiritualia
3250 5455 3578 5510 comparan-

2008 5554 2109 5599 tes.
2150 5563 2168 5596 ι
2206 5541 2319 5597 Hoc
2347 5552 2452 5607 est,
2479 5541 2651 5596 sicubi
2691 5537 3015 5608 qumstiones
3046 5532 3239 5603 aliqua:
3268 5527 3576 5601 spirituales

2005 5644 2306 5708 emergant,
2330 5632 2658 5691 conterimus
2681 5644 2795 5697 eas,
2833 5628 2935 5686 hoc
2962 5624 3345 5695 est,diluimus
3360 5636 3454 5679 eas
3482 5635 3578 5692 per

1661 5776 1860 5840 Variae
1907 5776 2232 5841 lectiones.

405 5888 449 5922 “
480 5906 596 5954 πως
622 5902 677 5945 0.
752 5886 797 5922 “
830 5889 937 5961 ὅσῳ
966 5908 1018 5948 o.
1120 5895 1164 5927 δ’
1193 5894 1300 5949 τῶν
1327 5893 1555 5966 στείρων
1592 5911 1649 5949 0.
