3874 6598
222 420 341 488 σοι

228 539 455 610 συνεχεί
469 538 913 613 διδασκαλίᾳμοῶι
944 541 1095 597 εἴασε
1124 547 1615 621 καταξηρανθῆναι
1640 549 1687 582 ⁸³

227 634 441 704 σπόρον
468 633 546 704 τῷ
568 635 810 690 καύσωνι
833 637 942 691 τῶν
975 638 1069 693 τοῦ
1095 640 1338 713 πονηροῦ
1374 640 1702 715 πειρασμῶν
1730 641 1771 675 ⁵⁸
1788 656 1803 673 ⁶

229 1002 338 1073 τὴν
363 1002 717 1068 ἐξουδένωσιν
740 1005 851 1059 τῶν
874 1007 1238 1080 προεστώτων
1268 1012 1326 1063 ὲν
1356 1011 1609 1083 Κορίνθῳ
1630 1012 1810 1082 σοφῶν

231 1095 338 1150 καὶ
369 1095 665 1165 πλουσίων,
704 1098 898 1156 ἑαυτὸν
932 1102 1028 1157 καὶ
1069 1102 1314 1156 ’Δπολλὼ
1348 1103 1491 1157 κατὰ
1533 1103 1597 1156 τὸ
1631 1104 1814 1174 φαινό-

234 1204 409 1259 μενον
434 1188 823 1258 έξουδενώσας,
867 1195 964 1248 καὶ
992 1193 1237 1261 διδάξας,
1266 1195 1350 1249 ὅτι
1390 1195 1510 1266 Θεῷ
1547 1196 1631 1250 δεῖ
1664 1195 1813 1267 μόνῳ

226 1282 542 1354 προσέχειν,
585 1284 679 1338 καὶ
707 1286 787 1350 είς
811 1285 974 1341 αὐτὸν
1013 1286 1325 1344 ἀνατιθέναι
1359 1287 1538 1343 πάντα
1573 1287 1642 1342 τὰ
1669 1303 1808 1358 συμ-

227 1372 490 1429 ϐαίνοντα
521 1375 722 1444 ἀγαθά.

306 1485 331 1518 ι
384 1465 444 1520 Ὀ
467 1469 710 1535 φυτεύων
738 1469 794 1523 δὲ
829 1470 924 1527 καὶ
951 1472 979 1526 ό
1000 1472 1257 1540 ποτίζων,
1289 1473 1349 1527 ἓν
1389 1474 1548 1528 εἰσιν.
1591 1493 1608 1525 ι
1642 1473 1811 1529 ⁸⁸οσον

225 1557 372 1627 πρὸς
396 1559 456 1612 τὸ
486 1558 562 1630 μὴ
590 1560 850 1616 δύνασθαί
878 1580 930 1616 τι
957 1564 1124 1635 χωρὶς
1149 1565 1306 1629 Θεοῦ,
1331 1564 1391 1620 ἓν
1414 1567 1540 1619 εἰσι.
1566 1566 1691 1628 Πῶς
1718 1561 1812 1619 οὖν

224 1651 531 1726 ἐπαίρεσθε
560 1655 680 1708 κατ’
708 1654 976 1725 ἀλλήλων,
1004 1656 1064 1710 ἓν
1091 1656 1281 1724 όντεςς

307 1857 331 1891 α
374 1838 647 1904 Ἕκαστος
682 1840 742 1894 δὲ
782 1840 875 1894 τὸν
900 1840 1032 1895 ἴδιον
1069 1840 1260 1912 μισθὸν
1290 1840 1522 1913 λήψεται
1552 1841 1693 1896 κατὰ
1717 1841 1809 1896 τὸν

227 1930 369 1985 διον
393 1930 584 1987 κόπον.
621 1951 640 1985 ›
673 1932 895 2010 Ἐπειδὴ
917 1934 1064 1997 εἰκὸς
1088 1930 1156 2006 ἦν
1186 1935 1313 1999 τοὺς
1341 1935 1510 1989 πλείω
1532 1936 1810 2006 καμόντας

226 2022 369 2096 περὶ
395 2023 441 2056 ⁶²
494 2024 594 2094 τὴν
633 2024 844 2091 πίστιν,
873 2025 1280 2097 ῥᾳθυμοτέρως
1329 2026 1601 2095 γίνεσθαι,
1646 2029 1813 2082 ἁκού-

226 2130 460 2180 σαντας,
491 2116 572 2169 ὅτι
599 2116 659 2169 ’ἐν
683 2117 789 2170 είσι
832 2118 1053 2183 πάντες,
1084 2117 1288 2181 εὐθέως
1318 2119 1452 2172 αὐτὸ
1479 2117 1809 2188 διορθοῦται,

225 2206 431 2277 λέγων,
452 2209 546 2261 ¹ὅτι
587 2225 605 2260 ι
633 2205 735 2261 ’Ἑν
754 2207 908 2269 είσιν,
940 2225 960 2259 ι
987 2209 1108 2262 ὅσον
1140 2209 1276 2279 πρὸς
1294 2209 1355 2262 τὸ
1388 2210 1463 2281 μὴ
1485 2210 1742 2263 δύνασθαί
1762 2227 1813 2262 τι

225 2301 363 2357 ἄνευ
394 2300 488 2355 τοῦ
511 2299 834 2368 αὐξάνοντος
867 2300 1003 2354 Θεοῦ
1027 2316 1040 2330 ο
1081 2304 1201 2355 ἐπεὶ
1235 2302 1280 2333 ⁸³
1305 2303 1429 2356 ὅσον
1461 2319 1523 2371 γε
1561 2302 1696 2371 πρὸς
1716 2301 1814 2373 τὴν

225 2392 615 2456 ἀνταπόδοσιν,
667 2391 898 2455 ἕκαστος
930 2393 1070 2445 κατὰ
1107 2393 1199 2447 τὸν
1236 2393 1369 2446 ῐδιον
1400 2394 1568 2447 κόπον
1597 2394 1690 2447 τὸν
1725 2412 1816 2463 μι-

226 2485 364 2540 σθὸν
395 2485 526 2551 ἕξει.
553 2486 670 2538 Dux
702 2478 821 2537 εἷπε
858 2483 938 2547 δὲ,
974 2483 1131 2539 Κατὰ
1171 2485 1231 2539 τὸ
1271 2484 1400 2540 ἴδιον
1440 2486 1620 2557 ἔργον,
1657 2485 1812 2552 ἀλλὰ,

238 2597 261 2630 ε
296 2577 457 2631 Κατὰ
478 2576 568 2630 τὸν
587 2576 754 2630 κόπον
778 2591 793 2607 ·
824 2594 844 2626 ι
871 2574 924 2629 τί
955 2577 1063 2648 γὰρ
1102 2578 1149 2631 εί
1181 2577 1345 2649 ἔργον
1378 2579 1476 2651 μὲν
1504 2580 1602 2632 οὐκ
1632 2576 1810 2630 ἐτέλε-

224 2687 353 2736 σεν,
382 2669 639 2726 ἐκοπίασε
673 2669 730 2725 δέ
750 2686 769 2738 ;

312 2875 334 2912 ε
369 2857 505 2933 Θεοῦ
531 2859 640 2928 γάρ
702 2859 871 2929 ὶσμεν
938 2858 1214 2930 συνεργοί.
1257 2877 1275 2909 ι
1334 2860 1398 2913 Οἱ
1448 2859 1812 2924 διδάσκοντες,

223 2955 395 3026 φησι,
418 2952 554 3007 Θεοῦ
575 2954 744 3023 ἐσμεν
777 2954 1054 3022 συνεργοὶ,
1074 2952 1151 3022 τῷ
1183 2952 1372 3022 σκοπῷ
1393 2952 1488 3005 τοῦ
1515 2952 1652 3006 Θεοῦ
1677 2968 1816 3021 συμ-

222 3044 593 3117 πράττοντες,
630 3044 825 3109 σώζειν
859 3045 1137 3110 Θέλοντος·
1169 3046 1290 3117 οὐχὶ
1322 3044 1477 3098 αὐτοὶ
1504 3047 1599 3114 τῆς
1636 3063 1815 3115 σωτη-

226 3142 359 3212 ρίας
385 3139 538 3202 ὄντες
563 3139 857 3212 αὐτουργοὶ⁵
887 3139 955 3203 ⁸⁸,
982 3140 1014 3209 ἢ
1044 3140 1288 3209 δοτῆρες.
1322 3137 1459 3193 Οὔτε
1491 3136 1584 3191 οὖν
1646 3154 1814 3191 κατα-

1046 426 1453 495 EXPOSITIO
1491 434 1582 496 ΙΝ⁵
1616 433 1857 499 EPIST.
1892 437 1923 497 Ι
1958 439 2061 502 ΑΙ)
2090 444 2257 512 COR.
2289 477 2351 487 -
2385 455 2544 520 CAP.
2571 457 2692 524 III.

3379 464 3487 532 602

1714 548 1807 643 ἣν
1833 546 1888 611 Δ
1915 555 2251 622 institutione
2305 584 2412 626 non
2462 573 2714 643 permisit
2754 589 2941 635 semen
2978 591 3307 638 exarescere
3348 594 3486 638 testu

1916 652 2131 713 Satanae
2164 662 2566 721 tentationum:
2600 676 2662 722 at
2690 681 2819 726 vero
2848 666 2993 727 Deus
3032 671 3188 728 vobis
3218 671 3364 729 dedit
3398 672 3487 728 in-

1914 759 2273 805 crementum.

1984 842 2149 925 Vens.
2189 845 2241 900 7.
2278 865 2298 899 ι
2342 847 2532 919 Itaque
2564 865 2741 920 neque
2773 852 2865 923 qui
2889 853 3101 921 plantat
3135 854 3483 926 est.aliquid,

1913 950 2089 1006 neque
2112 939 2202 1007 qui
2228 941 2387 1009 rigat,
2420 943 2514 996 sed
2538 943 2629 1012 qui
2670 944 3063 1000 incrementum
3096 947 3188 1002 dat
3256 948 3417 1004 Deus.
3456 965 3479 1001 ι

1918 1025 2048 1082 Vide
2079 1032 2352 1099 quomodo
2396 1032 2633 1102 seipsum
2671 1043 2726 1089 et
2757 1035 2947 1103 Apollo
2986 1034 3354 1103 vilifacieudo,
3392 1052 3484 1092 sa-

1913 1120 2156 1182 pientum
2183 1129 2238 1179 et
2264 1121 2489 1177 divitum
2533 1122 2797 1180 Corinthii
2831 1125 3206 1195 praefectorum
3241 1137 3485 1185 contente

1914 1221 2063 1281 ptum
2100 1214 2462 1269 immolestum
2509 1216 2704 1281 reddit,
2754 1218 2953 1274 docens
2981 1217 3123 1287 quod
3151 1217 3249 1273 soli
3279 1218 3386 1273 Deo
3414 1218 3487 1273 sit

1912 1305 2323 1373 attendendum,
2360 1309 2518 1378 eique
2567 1311 2747 1364 omnia
2801 1325 2920 1379 qua:
2961 1302 3281 1380 contingunt
3322 1310 3485 1375 bona,

1911 1407 2133 1463 accepta
2168 1399 2475 1457 referenda.

1988 1489 2145 1563 137
2164 1489 2322 1546 Vens.
2337 1491 2389 1547 8.
2403 1492 2535 1558 «Qui
2549 1500 2727 1547 autem
2746 1493 2952 1564 plantat
2968 1503 3018 1547 et
3035 1492 3125 1562 qui
3143 1491 3301 1562 rigat,
3319 1508 3485 1547 unum

1914 1594 2058 1640 sunt.
2095 1603 2114 1636 ι
2145 1583 2422 1651 Quatenus
2451 1586 2586 1640 citra
2618 1586 2782 1641 Deum
2832 1586 2964 1641 nihil
2996 1595 3265 1657 possunt,
3319 1600 3485 1640 unum

1912 1686 2059 1730 sunt.
2111 1676 2390 1743 Quomodo
2417 1693 2545 1749 ergo
2588 1678 2876 1734 eil‘erimini
2930 1679 3068 1734 alius
3112 1692 3239 1748 erga
3292 1678 3485 1746 alium,

1914 1783 2036 1823 cum
2063 1785 2227 1823 unum
2256 1770 2412 1824 sitis?

1992 1880 2011 1913 ‹
2052 1860 2437 1930 Unusquisque
2465 1871 2643 1916 autem
2691 1861 2963 1931 propriam
3005 1861 3311 1918 mercedem
3339 1860 3486 1915 acci-

1917 1951 2026 2022 piet
2072 1952 2564 2007 secundun'suum
2627 1950 2888 2006 laborem.
2934 1969 2953 2004 r
3010 1949 3145 2017 Quia
3190 1948 3488 2006 verisimile

1914 2054 2052 2109 erat,
2087 2059 2182 2099 eos
2212 2045 2300 2114 qui
2334 2045 2385 2098 iu
2422 2043 2546 2099 ﬁdei
2598 2046 2757 2101 rebus
2808 2043 3032 2098 multum
3078 2043 3483 2103 laboraverant.

1915 2138 2195 2210 segniores
2224 2137 2456 2202 futuros,
2491 2153 2613 2193 cum
2643 2138 3103 2207 audirenttomnes
3128 2150 3251 2192 esse
3280 2149 3444 2189 unum
3462 2145 3479 2197 ;

1915 2231 2095 2284 statim
2130 2228 2270 2284 istud
2302 2229 2545 2298 corrigit,
2569 2228 2752 2282 dicens
2779 2244 2792 2283 :
2827 2227 3006 2283 Unum
3033 2234 3182 2290 sunt,
3215 2232 3483 2296 quatenus

1914 2322 2031 2376 sine
2071 2320 2198 2384 Deo,
2230 2321 2322 2391 qui
2357 2320 2747 2376 incrementum
2777 2321 2889 2385 dat,
2920 2320 3055 2375 nihil
3089 2318 3319 2387 possint.
3349 2314 3483 2387 Nam

1916 2414 2058 2483 quod
2097 2414 2160 2467 ad
2203 2413 2617 2467 retributionem
2645 2414 2862 2477 attinet,
2902 2412 3131 2481 quisque
3172 2410 3325 2478 juxta
3358 2421 3486 2476 pro-

1918 2506 2092 2575 priqu
2118 2505 2357 2560 laborem
2384 2506 2684 2559 mercedem
2710 2502 2947 2565 habebit.
2977 2501 3090 2556 Non
3115 2499 3251 2555 dixit
3276 2507 3482 2561 autem,

1915 2598 2215 2653 secundum
2256 2597 2532 2667 proprium
2569 2611 2723 2666 opus,
2756 2595 2848 2650 sed
2872 2633 2888 2660 ,
2925 2611 2946 2645 ι
2983 2591 3279 2649 secundum
3328 2588 3484 2645 labo-

1918 2707 2052 2746 rem.
2089 2708 2106 2741 ι
2134 2689 2274 2757 Quid
2299 2689 2445 2744 enim
2488 2689 2533 2744 si
2561 2702 2697 2759 opus
2730 2686 2947 2757 quidem
2984 2700 3088 2740 non
3139 2682 3428 2754 perfecerit
3457 2720 3475 2748 ,

1918 2781 2181 2837 laboravit
2206 2793 2380 2835 tamen
2411 2780 2436 2835 ἲ

1991 2873 2155 2929 Vens.
2186 2873 2239 2929 9.
2277 2894 2295 2926 ε
2337 2873 2429 2928 Dei
2465 2873 2608 2927 enim
2656 2886 2841 2927 sumus
2869 2877 3269 2939 cooperatores.
3312 2883 3331 2917 ι
3382 2862 3486 2929 Qui

1917 2967 2201 3032 docemus.
2238 2968 2433 3038 iuqttit,
2470 2964 2562 3021 Dei
2592 2980 2782 3021 sumus
2814 2970 3218 3032 cooperatores,
3253 2958 3319 3013 ad
3363 2973 3488 3012 sco-

1917 3073 2043 3127 pum
2069 3065 2125 3112 et
2160 3059 2495 3127 [impositum
2544 3056 2660 3122 Dei,
2711 3069 2930 3110 servare
2979 3052 3229 3107 volentis.
3288 3064 3487 3118 coope-

1919 3160 2101 3207 rantes
2125 3169 2141 3218 ;
2180 3167 2287 3207 non
2320 3150 2423 3219 ipsi
2450 3165 2551 3205 nos
2577 3163 2767 3203 sumus
2795 3145 2986 3201 salutis
3014 3142 3095 3198 vel
3130 3148 3380 3197 auctores
3404 3140 3487 3196 vel

224 3231 552 3302 qpoveioOat
595 3232 770 3299 ἄξιοι·
820 3230 960 3284 Θεοῦ
1022 3231 1130 3300 γάρ
1165 3231 1332 3300 ἐσμεν
1364 3228 1659 3298 συνεργοί’
1692 3225 1812 3281 οὔτε

1931 3247 2159 3298 datores.
2192 3242 2308 3297 Non
2351 3241 2511 3310 igitur
2540 3238 2918 3294 contemnendi
2945 3253 2961 3304 ;
3003 3235 3095 3289 Dei
3126 3234 3268 3288 enim
3302 3246 3490 3287 sumus

226 3324 560 3398 ἐπαίρεσθαι
579 3341 594 3356 ·
630 3322 766 3379 θεοῦ
799 3324 910 3394 γὰρ
938 3323 1002 3376 τὸ
1029 3324 1162 3378 πᾶν.

314 3530 334 3563 ι
369 3508 504 3563 Θεοῦ
561 3506 849 3578 γεώργιον,
903 3505 1038 3560 Θεοῦ
1077 3504 1333 3577 οἰκοδομή
1393 3505 1539 3560 ὲστε.
1572 3523 1590 3557 ι
1625 3506 1814 3560 Εἰπὼν

230 3600 514 3672 ἀνωτέρω,
553 3601 635 3654 ὅτι
691 3619 711 3652 ε
772 3598 1108 3668 Ἐφύτευσα,
1143 3617 1161 3650 ι
1219 3598 1471 3669 ἐπιμένει
1502 3601 1569 3671 τῇ
1612 3602 1811 3670 τροπῇ,

230 3695 335 3749 καὶ
362 3694 630 3764 γεώργιον
662 3693 859 3757 αὐτοὺς
903 3692 1076 3747 καλεῖ.
1130 3692 1192 3745 Et
1244 3688 1337 3746 οὖν
1388 3688 1659 3761 γεώργιόν
1689 3693 1814 3745 έστε

235 3788 336 3843 καὶ
371 3785 652 3858 οἰκοδομὴ,
673 3786 782 3842 ἀπὸ
802 3785 896 3840 τοῦ
925 3785 1199 3840 Δεσπότου
1231 3783 1514 3839 καλεῖσθαι
1544 3783 1813 3855 ὀφείλετε,

234 3881 339 3934 οῦκ
366 3879 476 3934 ἀπὸ
503 3879 613 3933 τῶν
640 3878 922 3951 γεωργῶν,
954 3877 987 3950 ἢ
1012 3877 1124 3932 τῶν
1156 3877 1478 3949 οἰκοδόμων.
1522 3874 1610 3940 Ὦς
1635 3876 1816 3950 γεώρ-

239 3989 359 4043 γιον
394 3968 510 4040 ονῖιν,
538 3972 619 4027 ἑνὶ
655 3972 897 4045 φραγμῷ
916 3971 999 4045 τῷ
1026 3971 1126 4042 τῆς
1144 3970 1401 4042 ὁμονοίας
1421 3971 1667 4040 ὀφείλετε
1698 3989 1814 4025 τει-

237 4067 527 4138 χίζεσθαν
555 4066 631 4130 ὡς
658 4064 914 4137 οἰκοδομὴ
963 4064 1044 4132 δὲ,
1082 4062 1345 4137 ἡνῶσθαι,
1404 4062 1519 4117 ἀλλ’
1563 4063 1681 4134 οὐχὶ
1738 4064 1819 4119 δι-

236 4161 535 4216 εσπᾶσθαι.

312 4273 331 4306 ε
364 4254 526 4307 Κατὰ
545 4251 642 4324 τὴν
678 4248 841 4324 χάριν
871 4250 966 4306 τοῦ
1015 4251 1151 4306 Θεοῦ
1177 4252 1278 4324 τὴν
1305 4251 1565 4322 ξδοθεῐσάν
1597 4268 1709 4325 μοι,
1743 4248 1820 4314 ὡς

237 4348 405 4418 σοφὸς
436 4346 777 4417 ἁρχιτέκτων
801 4345 1051 4416 θεμέλιον
1087 4345 1330 4402 τέθεικα.
1368 4365 1387 4398 ι
1432 4348 1601 4418 Σοφὸν
1626 4343 1820 4400 ἑαυτὸν

233 4442 398 4495 καλεί
426 4439 809 4510 ἀρχιτέκτονα,
833 4440 933 4493 οὐκ
955 4439 1202 4510 ἐπαίρων
1222 4439 1435 4505 ἑαυτὸν,
1464 4439 1597 4494 ἀλλὰ
1631 4437 1819 4509 βουλό-

238 4550 404 4605 μενος
434 4532 628 4596 δεῖξαι,
659 4532 740 4586 ὅτι
763 4530 923 4586 τοῦτό
954 4534 1106 4587 ἐστιν
1135 4531 1515 4603 ἀρχιτέκτονος
1549 4530 1739 4600 σοφοῦ,
1760 4529 1822 4583 τὸ

1916 3342 2321 3402 cooperatores.
2348 3332 2532 3402 Neque
2558 3332 2676 3387 ideo
2701 3347 2797 3386 nos
2820 3328 2990 3383 attolli
3009 3334 3223 3398 oportet
3247 3344 3261 3382 :
3320 3334 3488 3382 totum

1915 3426 2059 3481 enim
2090 3434 2172 3480 cst
2196 3423 2312 3478 Dei.

1992 3538 2010 3571 ι
2051 3516 2144 3572 Dei
2167 3514 2628 3587 σενίι·ιι1ιιιττι,ι)ρί
2647 3510 2928 3568 :editicatio
2948 3510 3131 3565 estis.»
3164 3506 3296 3563 Cum
3326 3517 3489 3573 supra

1916 3609 2166 3670 dixisset.
2196 3626 2217 3662 ι
2253 3606 2524 3680 plautavi;
2563 3624 2583 3658 ι
2619 3605 2806 3659 eodem
2851 3603 2903 3657 in
2950 3610 3107 3671 tropo
3151 3605 3483 3669 perseverat,

1917 3700 2307 3770 agriculturam
2337 3713 2431 3753 eos
2461 3695 2762 3767 appellans.
2801 3693 2954 3760 Quod
2985 3691 3030 3747 si
3062 3689 3226 3760 igitur
3252 3684 3488 3757 agricul-

1919 3803 2037 3848 tura
2075 3792 2206 3848 estis
2237 3800 2293 3845 et
2321 3789 2628 3850 tedifICatio,
2652 3803 2679 3841 a
2708 3784 2935 3840 Domino
2962 3783 3168 3837 debetis
3193 3774 3487 3838 nominari,

1918 3902 2022 3942 non
2046 3887 2114 3940 ab
2141 3883 2394 3953 agricolis
2424 3890 2518 3936 aut
2541 3879 2997 3935 exstructoribus.
3030 3874 3195 3944 Igitur
3230 3882 3485 3940 tanquam

1919 3989 2148 4039 arvum,
2199 3988 2305 4028 una
2366 3970 2668 4027 concordiae
2719 3983 2844 4038 sepe
2892 3961 3099 4019 muniri
3150 3959 3377 4023 debetis,
3430 3968 3489 4014 et

1922 4076 2176 4136 tanquam
2241 4065 2567 4129 aedilicium,
2626 4061 2766 4115 uuiri
2819 4057 3063 4121 debetis,
3129 4062 3183 4110 ct
3243 4067 3352 4107 non
3405 4049 3490 4104 di-

1921 4158 2065 4213 velli.

1993 4249 2158 4303 Vnus.
2189 4245 2279 4302 10.
2320 4265 2338 4297 ι
2369 4243 2676 4300 Secundum
2708 4241 2938 4310 gratiam
2970 4237 3065 4292 Dei
3110 4251 3230 4305 quae
3256 4233 3378 4289 data
3407 4240 3490 4287 est

1924 4341 2052 4395 mihi
2075 4379 2091 4405 ,
2118 4350 2171 4392 ut
2199 4338 2416 4407 sapiens
2442 4334 2773 4388 architectus
2807 4330 3213 4385 fundamentum
3246 4325 3423 4397 posui.
3462 4341 3482 4375 ι

1924 4432 2234 4503 Sapientem
2266 4443 2324 4483 se
2359 4428 2712 4481 architectum
2757 4422 3026 4492 appellat,
3060 4435 3168 4474 non
3221 4419 3364 4488 quod
3397 4430 3487 4471 se-

1924 4525 2099 4593 ipsum
2123 4520 2367 4582 extollat,
2399 4519 2493 4572 sed
2526 4516 2602 4570 uti
2631 4519 3027 4573 commonstret
3045 4526 3140 4565 eas
3162 4523 3286 4563 esse
3310 4514 3489 4571 partes

234 4602 486 4680 τοιοῦτον
512 4626 684 4679 θεῖναι
745 4624 1016 4697 θεμέλιον,
1046 4625 1292 4680 τουτέστι
1317 4623 1550 4693 Χριστόν
1570 4640 1584 4654 ⁸
1613 4623 1709 4676 καὶ⁹
1734 4622 1812 4675 ὅτι

1931 4617 2182 4688 sapientis
2215 4612 2536 4677 architecti,
2571 4609 2680 4664 tale
2729 4606 3138 4661 fundamentum
3171 4603 3376 4675 jacere,
3404 4602 3492 4656 ni-

236 4719 341 4772 o'Jz
374 4717 619 4790 ἐπαίρων
650 4716 863 4785 ἑαυτὸν,
921 4717 1096 4782 οὕτως
1141 4712 1287 4780 εἷπε,
1339 4714 1499 4785 δῆλον
1550 4713 1822 4768 ἐντεῦθεν.

236 4809 380 4880 Φησὶ
413 4810 524 4880 γάρ
549 4823 564 4840 ⁸
600 4827 619 4861 ι
656 4809 812 4865 Κατὰ
834 4808 935 4881 τὴν
962 4809 1123 4880 χάριν
1164 4806 1258 4862 τοῦ
1305 4805 1462 4861 Θεοῦ.
1500 4825 1519 4857 ι
1554 4805 1666 4859 Οὐκ
1694 4805 1826 4876 ὲμδν

239 4901 353 4971 γὰρ
395 4898 730 4971 κατόρθωμα
758 4899 820 4954 τὸ
867 4898 1122 4968 γενέσθαι
1154 4898 1340 4968 σοφὸν,
1381 4896 1518 4951 ἀλλὰ
1548 4893 1642 4949 τοῦ
1687 4892 1825 4947 Θεοῦ

242 5009 428 5065 χάρις.
1386 5036 1403 5045 -

323 5103 343 5136 ι
380 5083 574 5146 Ἀλλος
602 5082 659 5136 δὲ
690 5082 1052 5153 ἐποικοδομεῖ·
1081 5080 1317 5143 ἕκαστος
1348 5079 1406 5133 δὲ
1438 5077 1685 5150 βλεπέτω
1709 5076 1825 5140 πῶς

249 5176 613 5245 ἐποιγοδομεῖ.
654 5194 674 5227 ι
724 5175 946 5246 Ἐπειδὴ
978 5173 1108 5244 περὶ
1132 5173 1381 5236 ὲνώσεως
1433 5171 1619 5234 αὐτοῖς
1651 5169 1821 5223 διελέ-

252 5269 376 5338 χθη,
404 5267 591 5322 λοιπὸν
623 5265 1051 5339 περὶπολιτείας
1086 5266 1270 5327 αὐτοῖς
1295 5264 1628 5332 διαλέγεται,
1668 5262 1824 5315 ἑποι-

254 5359 485 5432 κοδομὴν
517 5359 699 5415 καλῶν
727 5357 827 5424 τὰς
851 5358 1082 5415 ἑκάστου
1114 5356 1362 5430 πράξεις.

329 5563 348 5598 ι
386 5542 650 5615 Θεμέ).ιον
682 5542 792 5616 γὰρ
818 5543 979 5600 ἄλλον
1006 5542 1182 5607 οὐδεὶς
1218 5541 1443 5597 δύναται
1469 5540 1643 5596 θεῖναι
1672 5540 1825 5612 παρὰ

252 5637 346 5691 τὸν
367 5636 641 5707 κείμενον,
675 5636 734 5700 ὃς
780 5636 929 5691 ἐστιν
971 5633 1179 5708 Ἰησοῦς
1217 5634 1472 5706 Χριστός.
1515 5653 1533 5686 ι
1560 5635 1634 5689 οὐ
1666 5632 1826 5688 δύναο

1924 4713 2117 4764 mirum
2151 4704 2449 4761 Christum.
2481 4702 2630 4769 Quod
2662 4715 2789 4754 vero
2828 4715 2934 4753 nou
2966 4707 3023 4752 ut
3049 4712 3169 4752 sese
3192 4696 3485 4756 attolleret,

1924 4801 2038 4856 haec
2059 4796 2279 4861 dixerit,
2309 4795 2431 4849 inde
2470 4794 2682 4863 planum
2723 4801 2836 4845 est:
2863 4790 2994 4844 dicit
3027 4789 3191 4855 enim,
3223 4808 3241 4841 ι
3295 4802 3491 4842 secun-

1922 4892 2047 4948 dum
2074 4889 2301 4962 gratiam
2331 4885 2459 4954 Dei;
2491 4905 2510 4937 ι
2545 4901 2648 4939 non
2684 4883 2832 4940 enim
2869 4899 3047 4939 meum
3075 4892 3159 4937 est
3185 4896 3321 4951 opus
3345 4878 3488 4951 quod

1924 4982 2141 5054 sapiens
2163 4995 2307 5045 sum,
2338 4978 2432 5035 sed
2469 4977 2563 5031 Dei
2596 4975 2791 5045 gratia.

2003 5093 2022 5127 ι
2056 5072 2205 5127 Alius
2232 5079 2411 5125 autem
2435 5065 2831 5138 superanlificat
2870 5083 2886 5120 :
2920 5063 3285 5132 unusquisque
3310 5069 3488 5115 autem

1926 5166 2101 5220 videat
2133 5160 2405 5233 quomodo
2435 5157 2851 5228 supertedificct.
2887 5150 3230 5225 tPostquam
3265 5157 3331 5207 de
3359 5153 3493 5205 uni-

1923 5268 2033 5313 tate
2063 5256 2142 5311 eis
2165 5252 2531 5318 disseruisset,
2560 5254 2611 5305 in
2633 5260 2909 5320 posterum
2933 5249 3000 5302 de
3019 5247 3124 5300 vita
3147 5244 3493 5309 moribusque

1919 5351 2181 5420 diSptttal,
2233 5342 2810 5419 superaedilicationem
2861 5354 2959 5396 sua
3013 5336 3287 5407 cujusque.
3329 5348 3492 5404 Opera

1921 5443 2228 5500 nominans.
3076 5438 3077 5443 ‘

1993 5535 2161 5592 Vens.
2195 5534 2284 5590 ll.
2320 5554 2342 5587 ε
2369 5530 2803 5589 Fundamentum
2828 5527 2973 5583 enim
3004 5524 3151 5583 aliud
3199 5536 3357 5580 nemo
3396 5534 3489 5590 ρος

1923 5639 2031 5687 test
2064 5641 2288 5700 poucre,
2316 5633 2511 5697 praeter
2552 5622 2602 5680 id
2631 5621 2771 5693 quod
2807 5618 3041 5692 positum
3073 5625 3160 5674 est
3182 5656 3199 5684 ,
3238 5614 3379 5688 quod
3406 5619 3490 5670 est

1570 5725 1768 5788 Varia:
1798 5722 2129 5787 lectiones.

321 5828 365 5901 ε’
382 5826 823 5901 ἀποξηρανθῆναι
851 5846 907 5886 o.

256 5899 300 5936 ιδ
324 5898 559 5974 ἀρχηγοὶ
592 5917 667 5958 m.

1006 5831 1050 5865 ⁶⁰
1079 5831 1244 5904 ἤγουν
1270 5832 1344 5904 τῷ
1366 5832 1454 5888 τοῦ
1498 5832 1731 5905 πονηροῦ
1758 5827 2047 5904 πειρασμῷ
2072 5842 2124 5884 o.

2232 5822 2273 5855 ⁸³
2306 5818 2536 5895 ηὔξανεν
2558 5833 2612 5877 o.
2713 5820 2758 5852 "
2788 5817 2921 5891 πρὸς
2947 5832 3000 5874 0.
3118 5815 3167 5848 ⁸⁸
3198 5811 3391 5887 ἐπειδὴ
3433 5823 3488 5867 οο
