3874 6602
453 449 562 518 603
1369 442 1771 504 ΤΗΕΟΡΙῘΥΙ.
1787 438 1943 499 \CTl
1985 433 2082 494 ΒΗ
2094 432 2393 493 [ΧΕᾹΒΙΕ
2434 429 2788 492 ARCHIEP.
3609 414 3707 479 6M

458 569 617 624 .lesas
648 561 921 618 Christus.
964 579 982 612 ι
1015 558 1133 614 Non
1165 565 1340 629 potest
1367 599 1380 622 ,
1422 561 1685 627 tantisper
1709 557 1837 612 dum
1877 572 2028 609 tnan-
2056 597 2062 608 ι

2172 565 2243 610 αι,
2270 548 2376 611 ἕως
2408 547 2474 603 ἂν
2511 547 2649 620 μένῃ
2704 543 2867 613 σοφὸς
2901 539 3276 614 ἁρχιτέκτων·
3317 533 3441 589 ἐπεὶ
3469 533 3604 588 ὅταν
3639 539 3706 607 μὴ

461 661 595 716 serit
625 657 839 725 sapiens
885 627 1237 707 architectus.
1284 649 1418 705 Nam
1469 651 1514 704 si
1551 651 1674 720 quis
1711 649 1873 704 fuerit
1903 649 2036 703 insi.

2203 660 2286 705 τις
2318 639 2480 708 σοφὸς
2505 637 2862 710 ἀρχιτέκτων,
2896 633 3118 688 δύναται
3147 631 3342 695 θεῖναι,
3373 627 3470 682 καὶ
3502 628 3569 680 ἐκ
3593 627 3708 680 τού-

462 755 618 819 piens
677 749 1046 809 architectus,
1109 751 1286 814 potest
1339 719 1577 810 quidem
1621 741 2036 796 fundamentum

2172 751 2231 787 ου
2268 734 2324 787 αἱ
2353 732 2614 803 αἱρέσεις.
2659 730 2748 783 Ἑν
2770 729 2898 798 ὑμῖν
2925 720 3019 780 οὖν
3053 726 3168 787 τοῖς
3211 720 3546 792 Κορινθίοις,
3599 719 3711 773 ἐπεὶ

459 846 663 912 jacere.
703 841 796 894 sed
827 855 889 892 ex
917 855 1022 906 quo
1053 837 1289 890 bmreses
1318 838 1601 904 prodeant.
1649 837 1718 888 At
1748 849 1870 888 cum
1901 834 2041 886 inter

2177 827 2390 896 εμέλιος
2447 820 2528 886 εἷς
2583 825 2731 877 ἐστιν
2781 818 3094 890 ὁΧριστδς,
3147 814 3393 884 ὀφείλετε
3434 813 3533 867 καὶ
3568 813 3712 865 αὐτοὶ

465 951 559 989 vos
591 934 907 989 Corinthios
964 931 1374 984 fundamentum
1431 945 1594 982 unum
1650 929 1718 982 sit
1769 927 2038 990 Christus,

2174 915 2315 989 ούτῳ
2348 914 2742 982 ἐποικοδομεῖν,
2774 909 2850 982 μὴ
2878 909 2947 963 τὰ
2969 907 3028 973 ἐξ
3056 906 3230 979 ἔριδος
3257 905 3350 958 καὶ
3371 900 3563 973 ζήλου,
3587 900 3711 954 ἀλλὰ

467 1029 676 1082 debetis
702 1036 755 1079 et
805 1026 906 1094 ipsi
946 1039 1038 1077 vos
1076 1035 1238 1089 super
1277 1020 1418 1074 hunc
1459 1019 1756 1084 aediﬁcare,
1790 1035 1895 1073 non
1923 1033 2042 1087 qua:

2172 1008 2210 1061 ’ὰ
2231 1007 2327 1078 τῆς
2360 1008 2562 1079 ἀρετῆς
2593 1005 2754 1075 ἔργα.

465 1133 530 1172 ex
573 1117 925 1172 cantenlione
975 1122 1033 1170 et
1086 1110 1429 1167 aemulatione
1481 1120 1635 1175 sunt,
1681 1112 1775 1167 sed
1823 1111 2045 1166 virtutis

468 1211 651 1282 potius
675 1226 865 1276 opera.

549 1273 723 1359 νειιε.
758 1303 844 1358 12.
877 1322 896 1356 ι
941 1303 1034 1358 Sin
1068 1306 1187 1371 quis
1219 1315 1396 1362 autem
1443 1300 1842 1371 supermdiﬂcat
1886 1313 2047 1367 super

2224 1308 2242 1340 ι
2287 1286 2354 1340 Ei
2375 1301 2458 1346 τις
2482 1281 2830 1351 ἐποικοδομεῖ
2855 1279 2948 1334 ἐπὶ
2969 1278 3059 1332 τὸν
3082 1277 3332 1347 θεμέλιον
3352 1273 3570 1338 τοῦτον,
3601 1291 3714 1346 χρυ.

473 1397 879 1450 fttndamenlttm
905 1399 1030 1462 hoc,
1059 1417 1272 1466 aurum,
1306 1409 1610 1468 argentum,
1649 1395 1853 1462 lapides
1888 1391 2049 1462 138

475 1490 764 1568 pretiosos,
818 1491 985 1558 ligna,
1043 1492 1262 1560 fettnttt,
1299 1491 1572 1560 stipulam,
1625 1486 2050 1556 uniuscujusque

473 1597 610 1650 opus
657 1583 999 1635 manifestum
1039 1586 1164 1642 erit.
1200 1604 1218 1637 ι
1275 1583 1375 1639 Ubi
1435 1581 1803 1653 acceperimus
1854 1578 2049 1634 funda-

473 1681 714 1725 mentum
781 1672 946 1741 fidei,
1004 1677 1440 1744 superstrnimus
1499 1672 1902 1740 unusquisque,
1959 1667 2047 1722 alii

476 1765 693 1829 quidem
734 1766 869 1818 bona
915 1781 1096 1834 opera,
1153 1783 1271 1835 quae
1326 1765 1686 1820 diﬂ‘erenliam
1724 1763 2036 1823 admittunt,

2150 1381 2263 1447 σὺν,
2299 1380 2560 1450 ἄργυρον,
2597 1376 2778 1437 λίθους
2834 1373 3070 1444 τιμίους,
3101 1370 3254 1436 ξύλα,
3303 1369 3520 1441 χόρτον,
3552 1367 3710 1421 καλά-

2153 1491 2282 1545 μην,
2320 1473 2550 1526 ἑκάστου
2587 1469 2647 1522 τὸ
2676 1469 2840 1539 ἔργον
2865 1465 3100 1536 φανερὸν
3133 1462 3448 1532 γενήσεται.
3491 1478 3510 1510 ι
3546 1459 3714 1513 Μεθ’δ

2149 1565 2412 1636 δεξόμεθα
2441 1564 2530 1618 τὸν
2556 1562 2806 1633 θεμέλιον
2839 1560 2937 1630 τῆς
2969 1558 3227 1620 πίστεως,
3260 1553 3715 1622 ἐποικοδομοῦμεν

2151 1661 2381 1723 ἕκαστος
2398 1700 2414 1720 ,
2435 1659 2486 1711 oi
2519 1657 2617 1728 μὲν
2645 1655 2863 1724 ἀγαθὰς
2891 1652 3118 1723 πράξεις
3143 1667 3158 1682 ο
3183 1649 3387 1710 αἵτινες
3402 1645 3661 1716 διαφορὰν
3675 1646 3714 1676 ⁶⁶

2153 1752 2356 1823 ἔχουσι,
2395 1749 2614 1819 μείζους
2651 1743 2807 1800 οὖσαι
2839 1745 2933 1797 καὶ
2962 1742 3218 1803 ἐλάττους
3249 1755 3262 1769 ·
3289 1732 3423 1800 οἷον,
3463 1736 3566 1806 τὴν
3591 1752 3714 1806 παρ·-

477 1868 745 1921 quatenus
779 1858 882 1911 alia
915 1858 1120 1927 majora
1149 1870 1271 1914 sunt
1301 1869 1356 1913 et
1385 1859 1487 1913 alia
1519 1859 1767 1912 minora:
1817 1857 2046 1925 exempli

2172 1845 2352 1908 Ιενίαν,
2382 1843 2456 1906 ὡς
2484 1840 2682 1912 χρυσόν
2702 1855 2716 1870 ⁸
2745 1837 2835 1891 τὸν
2865 1837 3045 1906 τίμιον
3097 1834 3297 1903 γάμον,
3347 1831 3424 1894 ὡς
3455 1830 3711 1900 ἄργυρον·

481 1903 744 1921 -..ηρ-..-ν
779 1903 882 1911 --.η
917 1903 1120 1927 μην...
1303 1903 1356 1913 ν.
1385 1903 1487 1913 ......
1753 1903 1766 1912 .
1819 1903 2046 1925 νην--..ω

477 1946 648 2013 gratia
685 1947 1074 2016 virginitatem,
1109 1965 1202 2003 cett
1240 1967 1468 2017 aurum;
1525 1952 1780 2004 honestas
1811 1949 2046 2018 nuptias,

2172 1937 2250 2007 τὴν
2274 1903 2679 2004 ἀκιτημουσύνην,
2703 1931 2776 1992 ὡς
2803 1903 2981 2004 λίθους
3013 1926 3226 1996 τιμίους
3250 1939 3264 1955 '
3294 1925 3394 1995 τὴν
3421 1925 3478 1976 ἐν
3518 1920 3714 1992 πλούτῳ

478 2041 651 2093 instar
690 2042 939 2110 argenti;
974 2054 1367 2111 paupertatem,
1399 2043 1560 2098 veluti
1599 2041 1805 2111 lapides
1845 2040 2048 2110 pretio-

476 2147 608 2198 sos;
640 2135 688 2185 in
726 2135 927 2188 divitiis
956 2135 1378 2207 eleemosynam,
1404 2147 1658 2205 tauquam
1699 2134 1841 2188 aliud
1875 2134 2049 2187 minus

479 2227 800 2293 pretiosum.
850 2226 951 2281 Alii
992 2237 1172 2283 autem
1223 2229 1359 2282 mala
1405 2243 1570 2298 opera
1603 2226 2049 2294 superstruimus,

479 2330 601 2384 qua:
620 2324 673 2370 et
698 2316 810 2385 ipsa
840 2331 966 2371 suos
994 2318 1194 2372 habent
1217 2319 1434 2385 gradus.
1463 2318 1612 2373 Unde
1641 2327 1694 2372 et
1726 2318 1811 2372 illa
1834 2315 2052 2384 quidem

482 2422 603 2476 qum
635 2405 848 2462 facilius
880 2411 1294 2473 comburuntur,
1337 2409 1520 2464 fenum
1550 2421 1605 2464 et
1629 2411 1823 2479 stipula
1857 2408 2054 2462 dicun-

2152 2028 2544 2100 ἐλεημοσύνην,
2592 2026 2668 2090 ὡς
2705 2024 2834 2079 ἄλλο
2862 2039 2916 2075 τι
2972 2020 3078 2074 τῶν
3108 2013 3270 2090 ἦττον
3300 2017 3519 2088 τιμίων.
3551 2015 3611 2068 Ol
3640 2014 3707 2078 δὲ,

2151 2125 2252 2188 τὰς
2301 2122 2544 2194 πονηρὰς
2574 2120 2802 2191 πράξεις
2863 2111 3360 2182 ἐποικοὼμοῦμεν,
3398 2111 3602 2172 αἵτινες
3637 2108 3716 2160 καὶ

2155 2219 2317 2274 αὑταὶ
2352 2217 2593 2288 βαθμοὺς
2613 2214 2861 2284 ἔχουσιν]’
2892 2211 2967 2273 ὡς
2999 2209 3194 2281 χόρτον
3223 2205 3324 2278 μὲν
3347 2205 3442 2258 καὶ¹
3474 2204 3712 2272 καλάμην

2165 2312 2422 2381 λέγεσθαι
2449 2309 2549 2373 τὰς
2586 2307 2958 2374 εὐκολωτέρας
2989 2301 3126 2372 πρὸς
3158 2300 3219 2354 τὺ
3271 2298 3559 2352 καίεσθαι·
3598 2293 3713 2360 οἷον,

2157 2403 2520 2474 ἀκαθαρσίαν,
2549 2397 3018 2467 εἰδωλολατρείαν,
3074 2391 3392 2456 πλεονεξίαν
3420 2405 3434 2420 ·
3486 2388 3614 2456 ξύλα
3640 2388 3709 2452 δὲ,

483 2509 608 2554 tur:
659 2497 834 2567 qualia
871 2507 1018 2561 sunt,
1058 2499 1362 2568 impuritas,
1415 2498 1738 2564 idololatria,
1791 2499 2053 2554 avaritia:

2172 2499 2256 2562 τὰς
2288 2493 2451 2570 ἦττον
2492 2493 2780 2557 τοιαύτας·
2834 2486 2967 2555 οἷον,
3029 2487 3223 2558 μέθην,
3275 2485 3509 2555 γέλωτα,
3541 2482 3714 2536 καὶτὰ

483 2589 574 2643 illa
606 2605 734 2644 vero
765 2605 884 2660 qua:
911 2591 1088 2644 minus
1120 2603 1244 2644 sunt
1267 2590 1555 2660 ejusmodi,
1588 2591 1728 2661 ligna
1757 2609 1773 2658 ;
1799 2601 1854 2645 ut
1883 2592 2060 2648 ebrie-

2172 2589 2385 2643 τοιαῦτα
2405 2604 2420 2620 ο
2453 2586 2581 2650 ἴσως
2609 2587 2664 2640 δέ
2699 2599 2846 2647 τινες
2869 2579 3183 2636 τούναντίον
3203 2595 3218 2611 θ
3254 2577 3408 2643 ξύλα,
3440 2576 3540 2640 τὰς
3563 2574 3716 2647 προρο

483 2693 568 2738 tas
592 2725 607 2749 ,
640 2688 782 2738 rlsns
843 2695 896 2738 et
937 2685 1020 2738 his
1048 2683 1264 2738 similia.
1297 2684 1522 2749 Quidam
1579 2693 1757 2738 autem
1814 2682 2060 2738 fortassis

2172 2683 2422 2756 ῥηθείσας
2439 2698 2452 2711 ·
2488 2680 2684 2753 χόρτον
2706 2678 2763 2733 δέ
2790 2679 2885 2731 καὶ
2907 2675 3187 2745 καλάμην,
3217 2671 3422 2732 ταύτας
3443 2669 3669 2735 ἐροῦσιν.

486 2791 518 2829 e
557 2787 786 2842 contra;
821 2777 1075 2844 praedicta
1108 2776 1220 2842 illa,
1258 2776 1439 2847 ligna;
1493 2777 1607 2831 bzec
1638 2790 1767 2830 vero
1795 2775 1975 2830 fenum
2008 2782 2062 2830 et.

485 2865 740 2935 stipulam
773 2867 980 2922 dicunt.

559 2956 725 3014 Vsus.
769 2959 858 3014 15.
899 2979 917 3012 ι
958 2959 1080 3014 Dies
1133 2959 1274 3014 enim
1327 2959 1643 3024 declarabit,
1698 2961 1952 3030 quoniam
2007 2959 2062 3015 in

2241 2977 2259 3011 ι
2301 2957 2369 3011 Ἥ
2401 2953 2508 3025 γὰρ
2554 2949 2742 3022 ήμέρα
2798 2945 3052 3016 δηλώσει,
3087 2943 3171 2998 ὅτι
3207 2941 3267 2994 ἐν
3297 2939 3430 3010 πυρὶ
3462 2937 3716 3030 αποκαλύ·

491 3053 614 3121 igne
665 3053 969 3107 revelatnr:
1021 3063 1073 3107 et
1129 3051 1551 3122 uniuscujusque
1599 3069 1734 3123 opus
1781 3053 1940 3124 quale
1970 3054 2060 3118 sit,

2172 3063 2392 3106 πτεται·
2446 3047 2541 3100 καὶ
2587 3044 2816 3097 ἑκάστου
2851 3037 3102 3108 τὸέργον
3152 3034 3336 3089 ὁποῖόν
3376 3033 3511 3098 ἐστι,
3542 3031 3599 3085 τὸ
3618 3028 3714 3099 πῦρ

491 3145 630 3213 ignis
655 3144 926 3213 probabit.
962 3164 980 3196 ι
1027 3145 1130 3199 Per
1196 3145 1336 3199 diem
1370 3146 1555 3214 jndicii
1599 3148 1740 3200 diem
1791 3123 2062 3216 intelligit.

2172 3139 2473 3211 δοκιμάσει.
2513 3155 2531 3186 ι
2580 3134 2826 3204 Ἢμέραν
2863 3130 2960 3200 μὲν
3021 3126 3122 3197 τὴν
3151 3125 3250 3196 τῆς
3279 3123 3513 3192 κρίσεώς
3536 3137 3713 3191 φησιν·

490 3234 548 3291 In
594 3237 713 3307 igne
751 3252 877 3292 vero
934 3251 1095 3307 opera
1143 3237 1368 3292 revelari
1397 3238 1548 3304 dicit,
1602 3238 1653 3292 id
1690 3247 1775 3293 est
1840 3239 2062 3292 manife-

2172 3237 2227 3290 ἐν
2258 3233 2388 3304 πυρὶ
2424 3230 2480 3283 δὲ
2510 3227 2659 3296 λέγει
2680 3224 2749 3278 τὰ
2774 3223 2912 3293 ἔργα
2935 3218 3181 3273 ἁποκαλύ
3197 3217 3444 3279 πτεσθαι,
3472 3217 3712 3279 τουτέστι,

493 3339 636 3384 stum
665 3330 779 3384 tieri
805 3329 1084 3398 cujusnam
1111 3332 1222 3386 sint
1252 3339 1479 3397 natura},
1509 3341 1687 3385 utrum
1709 3347 1900 3384 aurum
1932 3332 2062 3397 sint,

2172 3325 2378 3397 φανερὰ
2395 3321 2664 3391 γίνεσθαι,
2692 3319 2850 3372 ὁποῖα
2871 3315 2969 3386 τὴν
2998 3313 3161 3384 φύσιν
3190 3311 3362 3376 ἐστὶν,
3390 3306 3496 3380 ἆρα
3518 3307 3712 3380 χρυσδς,

493 3441 561 3478 an
603 3425 898 3480 diversum.

2172 3415 2280 3490 ἆρα
2308 3416 2640 3470 τούναντίον.

566 3517 732 3575 Vsus.
776 3520 985 3586 14,15.
1041 3537 1060 3571 ι
1104 3519 1163 3575 Si
1216 3519 1371 3586 cujus
1412 3535 1548 3590 Opus
1599 3521 1865 3575 manserit
1924 3520 2062 3590 quod

2216 3489 2264 3562 rt
2303 3510 2368 3563 Ei
2402 3524 2547 3570 τινος
2578 3505 2638 3558 τδ
2673 3502 2831 3575 ἔργον
2859 3499 3010 3571 μένει
3040 3497 3068 3550 δ
3104 3495 3518 3566 ἐπῳκοδόμησε,
3547 3489 3711 3561 μισθὸν

494 3608 966 3680 superaediflcavit,
1007 3585 1308 3665 mercedem
1343 3585 1595 3680 accipiet.
1628 3610 1684 3665 Si
1733 3612 1887 3680 cujus
1934 3585 2062 3681 opus

2172 3603 2420 3674 λήψεται.
2470 3597 2533 3652 Εἴ
2557 3613 2702 3660 τινος
2746 3595 2807 3648 τὸ
2840 3593 3000 3665 ἔργον
3051 3591 3489 3681 κατακαήσεται,
3529 3585 3711 3681 qutw:

497 3703 718 3764 arserit,
782 3702 1167 3756 detrimentum
1235 3703 1489 3772 patietttr.
1531 3721 1550 3755 ι
1619 3703 1675 3758 Si
1740 3720 1933 3758 aurum
1987 3704 2062 3760 vel

2172 3696 2418 3764 θήσεται.
2458 3711 2476 3743 ι
2515 3689 2578 3744 El
2633 3690 2731 3759 μὲν
2763 3686 3025 3757 ἄργυρον,
3075 3683 3109 3754 ἢ
3161 3680 3364 3751 χρυσὸν
3394 3679 3551 3772 ἔχεις,
3587 3675 3714 3772 μενεῖ

2173 3790 2391 3850 πάντως
2419 3787 2479 3839 τὸ
2502 3785 2663 3855 ἔργον
2698 3799 2812 3844 σου,
2841 3779 2934 3833 καὶ
2962 3777 3108 3848 λήψῃ
3137 3773 3327 3846 μισθόν
3345 3789 3360 3804 ο
3399 3772 3447 3824 εί
3475 3771 3527 3823 δὲ
3555 3768 3714 3839 χόρτον

2177 3883 2272 3937 καὶ
2298 3881 2366 3933 τὰ
2421 3876 2667 3942 τοιαῦτα,
2704 3873 2805 3927 οὐκ
2855 3871 2994 3926 οῐσει
3028 3866 3121 3923 τοῦ
3145 3866 3316 3936 πυρδς
3346 3865 3446 3934 τήν
3481 3866 3642 3932 ῥύμην
3667 3858 3716 3909 τὸ

2174 3976 2333 4047 ἔργον
2360 3988 2453 4025 σου
2508 3968 2692 4039 (τοῦτο
2720 3965 2830 4036 γάρ
2859 3966 2974 4017 ἐστι
3022 3961 3103 4029 τὸ,
3169 3979 3187 4012 ι
3223 3951 3714 4047 Κατακαήσεταιι),

2175 4046 2290 4123 ἀλλ’
2351 4062 2737 4132 ἐλεγχθήσεται
2791 4054 3026 4128 πονηρὸν
3055 4054 3134 4108 δν.
3196 4053 3410 4122 Ὠσπερ
3453 4050 3557 4118 γὰρ
3580 4046 3713 4104 εἴτις

2175 4159 2354 4232 χρυσᾶ
2381 4156 2520 4210 ὅπλα
2553 4153 2691 4223 ἔχων
2721 4149 2921 4203 διέλθοι
2959 4146 3201 4217 ποταμὸν
3229 4144 3423 4214 πυρὸς,
3469 4139 3715 4232 φαιδρδτε-

498 3804 782 3864 argcntum
821 3794 1098 3858 habueris,
1129 3809 1263 3862 opus
1285 3805 1434 3849 tuum
1463 3795 1686 3851 omnino
1710 3797 2071 3866 permanebit,

497 3895 554 3942 et
585 3887 886 3942 meroedem
919 3886 1084 3941 feres.
1116 3884 1210 3940 Sin
1245 3885 1428 3940 fenum
1464 3897 1518 3942 et
1563 3889 1893 3955 ltttjnsmodi,
1937 3904 2074 3958 Opus

463 3987 652 4053 tuum
710 3977 851 4047 ignis
906 3977 1164 4047 impetum
1224 3993 1330 4032 non
1385 3978 1520 4034 feret
1564 3980 1707 4048 (hoc
1752 3981 1894 4034 enim
1947 3993 2070 4047 ρει,

507 4089 528 4124 σ
561 4071 756 4124 arserit
793 4070 864 4139 ι),
896 4071 987 4124 sed
1024 4071 1224 4123 malum
1253 4085 1377 4125 esse
1403 4073 1774 4125 convincetttr.
1805 4073 2072 4138 Quemad-

503 4165 720 4218 modum
750 4164 793 4216 si
823 4165 944 4232 quis
977 4161 1158 4216 aureis
1191 4162 1406 4216 iudutns
1437 4164 1603 4217 armis
1635 4163 1846 4231 igneum
1877 4163 2070 4218 flumen

501 4266 868 4327 pertranseat,
925 4255 1187 4309 illustrior
1239 4255 1457 4310 evadit:
1512 4255 1593 4309 sin
1627 4270 1754 4309 vero
1789 4254 1910 4308 feuo
1939 4258 2073 4311 auti-

501 4357 624 4404 ctus
648 4356 912 4416 permeet,
939 4363 1042 4401 non
1067 4347 1238 4400 solum
1269 4347 1371 4402 sibi
1403 4345 1763 4400 emolumento
1787 4362 1888 4401 non
1915 4347 2062 4409 foret,

2179 4319 2332 4396 οὐδὲν
2362 4337 2593 4408 ὤνησεν,
2621 4334 2756 4388 ἅλλᾶ
2789 4332 2884 4387 καὶ
2915 4329 3110 4384 ἐαυτὸν
3164 4325 3423 4382 ἀπολλύει
3446 4343 3459 4358 ’
3492 4323 3620 4377 οὓτω
3641 4319 3712 4372 καὶ

500 4440 595 4496 sed
613 4443 774 4495 etiam
791 4441 956 4495 exitio
980 4459 994 4495 :
1025 4438 1094 4493 ita
1121 4439 1443 4508 in0peribus
1469 4453 1528 4491 se
1558 4453 1644 4492 res
1659 4439 1838 4492 habet.
1861 4436 2062 4503 Quam-

2181 4436 2273 4488 ἐπὶ
2311 4433 2420 4486 τῶν
2450 4431 2626 4502 ἔργων
2660 4428 2828 4481 ἐστίν.
2870 4425 3033 4478 ⁸Ὥστε
3059 4424 3160 4476 οὐκ
3197 4420 3396 4488 ὠφελεί
3423 4417 3594 4477 πίστις
3626 4428 3712 4508 χιιι·

506 4532 692 4588 obretu
740 4533 871 4586 fides
926 4533 1043 4587 sine
1105 4530 1359 4600 operibus
1399 4527 1530 4584 nihil
1562 4529 1723 4586 valet.
1767 4529 1903 4584 Ecce
1933 4531 2062 4585 enin;

2185 4529 2267 4600 ρὶς
2302 4525 2479 4596 ἔργων
2509 4519 2752 4590 ἀγαθῶν.
2789 4517 2921 4570 Ἰδοὺ
2953 4515 3060 4584 γὰρ
3095 4511 3331 4566 ἐνταῦθα
3373 4507 3610 4576 θεμέλιος
3639 4501 3714 4598 μὲγ

507 4625 596 4678 ltic
626 4619 1039 4677 fundamentum
1069 4622 1286 4693 quidem
1314 4633 1399 4679 est
1436 4622 1683 4677 Christus
1709 4640 1721 4675 :
1760 4637 1922 4690 opera
1950 4639 2062 4678 vert

2185 4586 2212 4674 δ
2240 4586 2493 4690 ριστδς,
2531 4586 2667 4668 ἀλλὰ
2692 4611 2762 4665 τὰ
2785 4610 2922 4680 ἔργα
2959 4606 3033 4678 μὴ
3057 4604 3200 4659 κατὰ
3229 4601 3464 4675 Χριστὸν
3490 4600 3626 4659 om,
3643 4588 3714 4646 τοῦ

507 4731 629 4785 quae
655 4717 948 4770 secundum
975 4714 1247 4771 Christum
1279 4731 1387 4772 non
1430 4723 1575 4780 sunt,
1614 4713 1847 4770 flammis
1874 4714 2062 4786 adjndi

2177 4711 2520 4778 κατακαῆναι
2551 4704 2675 4770 ἄξια
2705 4703 2975 4771 λέγονται.

503 4819 663 4862 cantu
672 4823 713 4862 1⁸.

584 4915 604 4951 ι
639 4899 759 4969 Ipse
805 4908 982 4952 autem
1029 4897 1377 4954 servabitur:
1428 4898 1508 4953 sic
1561 4907 1740 4952 tamen
1775 4900 1930 4967 quasi
1985 4913 2084 4967 per

509 4991 712 5061 ignem.
755 5009 774 5042 ι
819 4989 934 5045 Νοη
992 4991 1444 5060 quemadmodum
1505 5005 1691 5060 opera,
1751 4989 1831 5043 sic
1875 4997 1930 5044 et
1971 4991 2086 5060 ipse

508 5084 734 5157 peribit,
770 5085 906 5139 adeo
937 5083 1170 5150 scilicet,
1201 5091 1259 5137 ut
1304 5083 1356 5136 in
1400 5081 1628 5135 nihilum
1659 5079 1959 5150 redigatur,
1990 5081 2082 5135 sed

507 5178 832 5244 servabitur,
872 5177 972 5233 hoc
1001 5186 1087 5230 est
1141 5175 1429 5230 incolumis
1482 5174 1859 5238 custodietur,
1914 5173 1988 5228 ita
2027 5181 2084 5226 ut

507 5271 631 5342 igne
660 5270 1034 5326 contburatur.
1058 5267 1164 5323 Nos
1189 5270 1334 5324 enim
1361 5269 1424 5324 de
1446 5267 1591 5338 ligno
1615 5267 1757 5334 quod
1791 5282 1896 5320 non
1926 5265 2083 5319 facile

509 5362 869 5428 comburitur,
897 5373 991 5417 aut
1021 5361 1073 5416 in
1116 5360 1353 5416 cinerem
1393 5358 1763 5422 convertitur,
1798 5357 1871 5419 ita
1903 5357 2085 5412 dicere
2187 5357 2372 5426 μένου.
2405 5357 2537 5420 μηδέ
2564 5357 3046 5417 ἁποτεφρουμενου
3081 5357 3300 5412 ρᾳοιως,
3329 5357 3412 5391 οτι
3440 5357 3622 5429 omni

513 5453 773 5521 solemus,
813 5456 960 5525 quod
995 5455 1046 5508 itt
1079 5455 1202 5524 igne
1230 5462 1503 5518 servatur,
1552 5466 1659 5523 quo
1683 5450 1828 5506 ustio
1871 5450 2062 5504 diuturl

2185 5444 2266 5514 τῷ
2291 5443 2444 5512 πυρὶ,
2469 5441 2608 5494 ὥστε
2665 5435 3057 5508 διαρκεστέραν
3107 5429 3360 5499 γενέσθαι
3398 5428 3494 5497 τὴν
3531 5428 3712 5521 καύσιγ.

515 5546 642 5602 nior
689 5545 804 5603 fiat.
862 5518 1126 5601 Peccator
1178 5546 1359 5615 itaque
1413 5518 1799 5600 detrimentum
1861 5542 2062 5613 patitur

2189 5533 2491 5607 Ζημιοῦται
2544 5531 2641 5602 μὲν
2693 5528 2786 5583 οὖν
2815 5528 2844 5579 ὁ
2883 5524 3228 5598 ἁμαρτωλὸς,
3262 5522 3380 5576 καθ’
3405 5520 3433 5574 ὃ
3460 5518 3544 5572 ἐπὶ
3569 5518 3714 5614 τοιού·

520 5645 806 5707 propterea
843 5636 986 5705 quod
1037 5637 1088 5690 in
1135 5607 1399 5707 ejusmodi
1453 5632 1615 5690 rebus
1660 5607 1961 5695 laboravit,
1995 5645 2060 5700 pe

2189 5645 2302 5691 τοις
2324 5627 2371 5658 ⁸⁸
2405 5624 2716 5687 ἐκοπίασεν,
2747 5621 2805 5689 ἐξ
2849 5614 2924 5674 ὧν
2979 5618 3268 5679 ἀπὼλετο,’
3289 5615 3490 5675 πάντας
3517 5607 3624 5665 τοὺς
3647 5607 3718 5651 κά·

2181 4230 2272 4322 ρος
2305 4247 2605 4302 διαϐαίνειο
2639 4245 2688 4297 εί
2720 4242 2778 4295 δὲ
2811 4240 3004 4312 χόρτον
3039 4237 3177 4308 ἔχων
3215 4235 3440 4300 διέλθοι,
3494 4233 3551 4285 ού
3583 4230 3710 4322 μόνον

2256 4915 2273 4946 ι
2314 4891 2482 4954 Αύτδς
2508 4888 2564 4942 δὲ
2594 4885 2936 4954 σωθήσεται·
2969 4881 3115 4935 οὕτω
3145 4879 3224 4944 δὲ,
3257 4879 3334 4942 ὠς
3361 4877 3448 4931 διὰ
3497 4871 3668 4944 πυρός.
3696 4883 3711 4917 ι

2183 4988 2296 5058 Οὐχ
2317 4983 2506 5053 ὥσπερ
2530 4981 2596 5033 τὰ
2619 4978 2777 5049 ἔργα,
2804 4975 2948 5029 οὕτω
2981 4975 3077 5027 καὶ
3109 4972 3272 5036 αὐτὸς
3318 4969 3610 5027 ἀπολεῖται,
3641 4963 3716 5058 ἐἰς

2193 5049 2446 5148 τδυμηδέν
2475 5049 2701 5143 χωρῶν,
2755 5066 2892 5120 ἀλλὰ
2946 5063 3274 5133 σωθήσεται,
3311 5058 3570 5119 τουτέστι,
3606 5049 3716 5148 oti-:95

2193 5142 2590 5240 τηρηθήσεται,
2647 5161 2787 5215 ὥστε
2823 5162 2880 5213 ἐν
2908 5157 2986 5228 τῷ
3019 5157 3153 5227 πυρὶ
3184 5150 3586 5208 κατακαίεσθαι.
3634 5142 3717 5194 Καὶ
3761 5221 3764 5228 Ι

2185 5262 2321 5332 ἡμῖν
2353 5259 2463 5328 γὰρ
2495 5253 2616 5317 ἔθος
2641 5253 2785 5305 οὕτω
2818 5249 2998 5318 λέγειν
3021 5249 3150 5315 περὶ
3179 5244 3334 5311 ξύλου
3373 5244 3447 5314 μή
3471 5249 3716 5332 natam-.1-

2187 5329 2372 5426 μένου.
2405 5349 2537 5420 μηδέ
2564 5342 3046 5417 ἀποτεφρουμένου
3081 5338 3300 5412 ῥᾳδίως,
3329 5340 3412 5391 ὅτι
3440 5334 3647 5426 σώζεται
3668 5329 3712 5378 ἐν

1851 5771 2049 5832 Varim
2109 5769 2431 5832 lectiones.

601 5904 646 5936 "
677 5904 940 5976 διαφορὰς
977 5907 1157 5977 ἔχουσι
1200 5905 1422 5976 μείζους
1454 5904 1545 5957 καὶ
1581 5902 1775 5956 ἐλατ...
1810 5919 1860 5955 o.
1940 5903 1984 5932 ⁶⁶
2020 5899 2227 5960 τούτοις
2283 5914 2334 5950 o.
