3874 6576
186 405 301 471 (ιθό

1006 413 1414 476 EXPOSITIO
1457 413 1536 475 IN
1577 414 1817 477 EPIST.
1853 415 1881 476 Ι
1912 415 2012 475 AD
2053 414 2219 475 (ΞΟΠ.
2248 439 2317 452 --
2348 412 2507 474 CAP.
2544 409 2661 472 III.

3354 401 3461 468 606

188 536 336 585 πους
360 519 540 593 μάτην
588 521 1064 595 καταϐαλλόμενος
1087 525 1169 590 εἰς
1202 525 1553 601 ἀνυπόστατα
1588 524 1770 595 πράγ-
1801 574 1805 584 .

1920 541 1995 579 nae
2040 524 2198 596 periit
2223 565 2238 589 ,
2272 537 2463 577 omnes
2490 537 2623 576 suos
2670 519 2883 574 labores
2927 513 2983 570 in
3018 528 3109 571 res
3141 526 3251 571 non
3286 513 3463 567 subsi-

189 630 367 683 ματα,
389 614 485 667 καὶ
513 614 590 684 μὴ
623 613 752 669 ὅντα
777 615 951 684 (πᾶσα
982 616 1090 687 γὰρ
1112 616 1280 675 κακία
1316 617 1392 689 μὴ
1421 615 1517 686 ὃν)
1538 633 1553 648 ο
1582 617 1773 689 ὥσπερ

188 705 259 761 ἂν
289 704 347 759 εί
370 722 454 771 τις
474 705 692 777 τίμημα
720 709 856 763 πολὺ
889 709 1386 780 καταϐαλλόμενος,
1417 709 1689 782 ὠνήσεταί
1719 727 1775 763 τι

188 797 543 869 θνησιμαῖον,
566 799 643 864 ὡς
672 798 806 867 ζῶν.
832 801 1075 867 Σώζεται
1104 803 1289 875 μέντοι
1330 803 1516 867 αὐτὸς,
1542 805 1571 857 ὁ
1592 804 1779 872 ἁμαρο

185 893 367 957 τωλδς
408 893 637 966 δηλαδὴ,
691 896 966 966 τουτέστι,
1018 896 1157 962 σῶος
1179 900 1432 971 τηρεῖται
1451 898 1611 963 δίκας
1641 899 1778 953 αἰω-

188 986 345 1052 νίους
375 988 614 1060 ὑπέχων.

268 1098 294 1131 ε
329 1079 444 1134 Οὐκ
472 1079 651 1135 οἴδατε
681 1081 763 1136 ὅτι
789 1083 918 1148 ναὸς
975 1083 1111 1138 Θεοῦ
1152 1086 1301 1152 ὲστε,
1337 1084 1434 1139 καί⁵
1454 1083 1518 1139 τδ
1559 1084 1781 1154 Πνεῦμα

188 1167 291 1224 τοῦ
322 1169 460 1224 Θεοῦ
490 1174 628 1226 οἰκεῖ
648 1175 705 1228 ὲν
737 1174 904 1245 ὑμῖνς
949 1195 969 1227 ι
1007 1175 1098 1239 Ei;
1128 1176 1222 1232 τὸν
1260 1176 1394 1247 περὶ
1434 1175 1529 1230 τοῦ
1574 1193 1783 1247 πεπορ-

178 1264 460 1327 «νευκότος
489 1264 647 1335 λόγον
670 1268 944 1323 εἰσϐαλεῖν
982 1269 1186 1340 μέλλει.
1236 1270 1349 1323 Καὶ
1394 1270 1516 1341 ὅρα,
1544 1268 1662 1329 πῶς
1691 1268 1780 1321 ὲν-

186 1358 514 1428 τρεπτικῶς
541 1359 807 1432 κέχρηται
858 1362 936 1435 τῷ
966 1362 1129 1435 λόγῳ.
1180 1363 1315 1417 ’Λπδ
1335 1361 1445 1434 γὰρ
1474 1362 1573 1432 τῆς
1614 1360 1786 1415 δοθεί-

190 1466 304 1518 σης
363 1452 496 1520 ἡμῖν
548 1452 792 1522 χάριτος,
837 1454 1109 1523 τουτέστι,
1165 1455 1266 1524 τῆς
1330 1456 1662 1523 ἐνοικήσεως
1687 1452 1784 1506 τοῦ

190 1541 551 1613 Πνεύματος,
583 1544 837 1615 ἐντρέπει
866 1547 957 1601 τὸν
1018 1546 1419 1619 πορνεύσαντα,
1476 1548 1523 1600 εἰ
1563 1546 1660 1600 καὶ
1710 1546 1786 1615 μὴ

193 1634 394 1701 σαφῶς
422 1635 485 1688 τὸ
517 1635 806 1708 πρόσωπον
834 1637 1106 1703 τέθεικεν,
1131 1639 1248 1694 ἀλλ’
1277 1641 1338 1694 ὲν
1380 1636 1547 1709 κοινῷ
1576 1637 1667 1693 τὸν
1695 1637 1787 1692 λό-

191 1744 302 1797 γον
334 1729 589 1784 ποιεῖται.
621 1731 684 1785 Εἰ
711 1731 768 1786 δὲ
793 1733 918 1796 ναὸς
947 1732 1083 1788 Θεοῦ
1119 1735 1311 1805 ἐσμεν,
1362 1732 1553 1805 ἐπειδὴ
1594 1733 1792 1787 ἐνοικεῖ

193 1819 262 1872 ὲν
285 1821 426 1891 ἡμῖν
453 1822 515 1875 τὸ
539 1821 785 1894 Πνεῦμα,
823 1825 932 1897 ἄρα
960 1825 1021 1879 τδ
1048 1825 1274 1897 Πνεῦμα
1303 1825 1456 1891 Θεός.

280 2024 305 2055 ¢
339 2003 408 2057 Εἴ
424 2019 508 2066 τις
531 2004 625 2057 τὸν
654 2004 781 2059 ναὸν
810 2003 904 2059 τοῦ
935 2003 1072 2057 θεοῦ
1105 2003 1339 2076 φθείρει,
1370 2005 1562 2076 φθερεῖ
1599 2002 1786 2058 τοῦτον

197 2099 229 2151 ό
256 2096 419 2159 Θεὸς.
459 2116 477 2148 ι
514 2098 802 2152 Τουτέστιν
851 2098 1062 2154 ἀπολεῖ.
1093 2098 1262 2152 Τοῦτο
1282 2098 1338 2151 δὲ
1366 2098 1426 2152 οὐ
1463 2097 1791 2169 καταρωμέ-

195 2205 329 2255 νου,
357 2188 495 2242 ἀλλὰ
521 2188 580 2243 τὸ
604 2189 863 2260 ἐσόμενον
896 2190 1278 2261 προλέγοντος.
1384 2198 1385 2201 “

290 2385 313 2417 ε
359 2366 418 2420 '0
445 2367 555 2438 γᾶρ
581 2368 709 2432 ναὸς
734 2368 829 2423 τοῦ
857 2368 992 2423 Θεοῦ
1023 2369 1177 2439 ἅγιός
1219 2370 1392 2436 ἐστιν,
1434 2369 1633 2434 οἵτινές
1667 2371 1794 2425 ἐστε

198 2457 400 2525 ὑμεῖς.
436 2476 455 2509 ι
485 2460 787 2531 Τοιγαροῦν
815 2463 845 2515 ὁ
881 2461 1078 2533 πόρνος
1105 2463 1165 2516 οὐ
1188 2461 1414 2518 δύναται
1440 2456 1582 2517 εἶναι
1616 2462 1793 2534 ἅγιος,

202 2548 411 2620 ἐπειδὴ
462 2550 524 2604 τὸ
565 2551 693 2615 ναὸς
726 2550 868 2607 εἶναι
916 2552 1222 2621 ἀπώλεσεν,
1280 2553 1676 2620 ὲξοικισθέντος
1701 2556 1794 2612 τοῦ

204 2639 542 2708 ἁγιάζοντος
562 2642 725 2700 αὐτὸν
748 2644 1087 2716 Πνεῦματος.
1112 2647 1207 2711 Τίς
1240 2646 1295 2700 δὲ
1335 2650 1362 2702 ὁ
1408 2648 1563 2717 vaec;
1608 2647 1798 2720 Ὑμεῖς

204 2732 447 2805 δηλαδὴ,
474 2736 523 2788 εί
552 2736 784 2807 καθαροὶ
812 2736 1155 2809 διαμείνητε.

300 2845 323 2879 ε
358 2828 562 2897 Μηδεὶς
586 2829 778 2909 ἑαυτὸν
798 2829 1145 2894 ἐξαπατάτω.
1183 2849 1201 2882 ι
1229 2827 1485 2902 Νομίζων
1511 2829 1594 2884 ὅτι
1625 2829 1801 2894 ἄλλως

208 2918 343 2991 ἔχει
372 2918 436 2972 τὸ
457 2921 712 2992 πρᾶγμα,
742 2922 837 2976 καὶ
862 2923 962 2994 οὐχ
983 2921 1055 2986 ὡς
1083 2917 1260 2980 εἶπον.

304 3128 325 3161 ι
365 3109 432 3162 Εἰ
454 3125 539 3172 τις
584 3106 735 3161 δοκεῖ
766 3106 931 3178 σοφὸς
989 3102 1128 3163 εῐναι
1161 3110 1220 3162 ὲν
1251 3109 1378 3181 ὑμῖν
1429 3111 1488 3164 ὲν
1521 3109 1600 3183 τῷ
1643 3111 1802 3166 αἰῶνι

209 3202 427 3274 τούτῳ,
486 3201 664 3273 μωρὸς
699 3201 961 3270 γενέσθω,
999 3202 1087 3256 ἵνα
1136 3202 1361 3274 γένηται
1389 3205 1570 3273 σοφός.
1611 3221 1630 3256 ι
1667 3204 1802 3276 Περὶ

212 3293 325 3349 τοῦ
354 3294 786 3365 πεπορνευκότος
826 3294 1172 3365 αἰνιξάμενος
1223 3295 1380 3364 ὀλίγα
1434 3295 1579 3359 τινὰ,
1635 3295 1802 3351 πάλιν
1831 3282 1874 3338 C

220 3385 377 3440 κατὰ
403 3386 511 3439 τῶν
536 3385 916 3457 ἐπαιρομένων
961 3388 1056 3440 ἐπὶ
1109 3388 1173 3457 τῇ
1208 3386 1312 3452 ἔξω
1348 3388 1510 3460 σοφία
1565 3391 1802 3444 ποιεῖται

216 3476 325 3530 τὸν
356 3476 533 3545 λόγον,
562 3476 656 3531 καί
687 3495 873 3548 φησιν,
903 3479 983 3533 ὅτι
1022 3497 1039 3531 ι
1064 3477 1122 3533 Ὀ
1157 3479 1328 3533 δοκῶν
1372 3480 1535 3551 σοφὸς
1563 3477 1703 3536 εἶναι
1746 3483 1805 3534 ἐν

220 3569 384 3637 ὑμῖν,
416 3587 435 3620 ι
478 3570 654 3640 μωρὸς
684 3570 945 3638 γενέσθω,
1005 3570 1126 3624 ἀντὶ
1156 3570 1275 3635 τοῦ,
1324 3571 1422 3643 τὴν
1472 3571 1577 3640 ἔξω
1613 3572 1807 3643 σοφίαν

220 3658 579 3727 ἐτιμησὰτω,
615 3658 701 3713 ἵνα
733 3660 1001 3731 κτήσηται
1027 3659 1125 3732 τὴν
1156 3659 1331 3715 θείαν.
1381 3661 1600 3734 Ὠσπερ
1633 3663 1744 3733 γὰρ
1774 3665 1806 3735 ἠ

224 3749 381 3804 κατὰ
410 3748 544 3804 Θεὸν
574 3750 733 3804 πενία
771 3749 1004 3815 πλοῦτός
1033 3753 1174 3820 ἐστι,
1209 3752 1305 3805 καὶ
1336 3753 1370 3822 ἠ
1396 3752 1580 3817 ἀδοξία
1611 3753 1812 3824 ὁμοίως

225 3842 398 3909 δόξαν
430 3840 575 3896 οὕτω
626 3843 720 3898 καὶ
756 3844 790 3913 ἠ
828 3842 970 3897 κατὰ
1002 3843 1136 3898 Θεὸν
1187 3843 1389 3915 μωρία,
1445 3845 1606 3915 σοφία
1642 3845 1809 3900 ἐστίν.

231 3932 383 4004 Ὅρα
410 3932 489 3999 δὲ,
523 3933 624 3988 οὐκ
673 3928 849 3998 εἶπεν,
881 3934 1199 3990 Ἀποθέσθω
1248 3935 1346 4006 τὴν
1378 3936 1586 4006 σοφίαν,
1647 3935 1761 3991 ἀλλ’
1784 3936 1813 3990 ὃ

231 4025 420 4097 πολλῷ
458 4027 672 4096 μεῖζον,
711 4047 730 4080 ι
763 4028 961 4098 Μωρὸς
987 4029 1249 4098 γενέσθω,
1282 4046 1302 4082 ι
1341 4028 1607 4092 τουτέστι,
1646 4028 1814 4100 μηδὲν

236 4119 335 4188 ἀφ’
370 4118 565 4173 ἑαυτοῦ
597 4120 765 4186 νοῶν,
801 4120 875 4192 μὴ
896 4122 1010 4184 τοῖς
1066 4121 1293 4185 οἰκείοις
1345 4120 1619 4175 πιστεύων
1675 4120 1818 4189 λογι-

237 4210 424 4280 σμοῖς,
462 4209 595 4264 ἀλλὰ
633 4209 713 4283 τῷ
753 4210 874 4283 Θεῷ
921 4211 1212 4282 κτηνωδῶς
1276 4212 1566 4283 ἑπόμενος,
1604 4212 1696 4267 καὶ
1726 4228 1815 4264 πι-

237 4301 453 4357 στεύων
483 4304 617 4356 πᾶσι
646 4305 758 4366 τοῖς
786 4304 880 4357 τοῦ
911 4303 1070 4360 Θεοῦ.

318 4414 340 4449 ι
391 4395 463 4449 Ἦ
482 4394 588 4468 γὰρ
620 4394 785 4466 σοφία
810 4395 905 4451 τοῦ
936 4396 1143 4470 κόσμου
1174 4396 1393 4466 τούτου,
1444 4398 1627 4469 μωρία
1668 4399 1825 4471 παρά

238 4486 322 4561 τῷ
343 4486 469 4559 Θεῷ
489 4489 656 4543 ἐστιν.
693 4506 713 4539 ι
745 4487 819 4543 Οὐ
855 4488 1015 4559 μόνον
1058 4489 1167 4561 γὰρ
1219 4488 1375 4543 οὐδὲν
1403 4489 1652 4543 συντελεῖ
1683 4489 1821 4562 πρὸς

241 4579 347 4653 τὴν
395 4579 657 4651 ἀληθινὴν
720 4578 933 4650 σοφίαν,
969 4580 1104 4635 ἀλλὰ
1136 4580 1229 4634 καὶ
1261 4581 1463 4653 μᾶλλον
1513 4582 1819 4652 ἐμποδίζει,

1880 624 2090 672 stantes
2129 617 2336 671 frustra
2370 612 2713 683 impendens.
2751 609 2922 683 (Nam
2957 620 3119 663 omne
3149 603 3350 659 malum
3381 610 3466 659 est

1883 723 1990 762 non
2025 708 2170 776 eus.)
2211 704 2362 760 lIaud
2393 703 2550 758 aliter
2576 716 2737 773 quam
2766 701 2813 757 si
2851 699 2974 770 quis
3015 712 3266 767 magnum
3300 698 3466 766 depo-

1883 816 2020 856 nens
2043 802 2300 871 pretium,
2332 799 2565 854 cadaver
2597 806 2819 859 erueret,
2860 793 3082 861 perinde
3111 807 3173 845 ac
3210 792 3255 847 si
3285 791 3462 843 vivunt

1885 900 2055 949 esset.
2094 891 2254 961 Atqui
2299 901 2550 945 servatur
2591 888 2708 957 ipse
2758 887 3038 958 (peccator
3073 882 3327 954 scilicet),
3363 882 3464 936 hoc

1834 1019 1847 1026 -
1883 994 1986 1048 est,
2011 985 2221 1056 integer
2243 992 2490 1039 servatur
2521 981 2587 1035 ad
2617 989 2817 1037 aeterna
2849 977 3136 1046 supplicia.

1962 1080 2130 1135 Vens.
2172 1077 2261 1133 16.
2293 1097 2311 1130 ι
2346 1077 2582 1133 Nescitis
2620 1077 2760 1145 quod
2794 1073 3049 1143 templum
3091 1070 3181 1125 Dei
3215 1071 3370 1137 estis,
3412 1077 3468 1127 et

1887 1174 2121 1246 Spiritus
2148 1172 2238 1227 Dei
2270 1170 2482 1226 habitat
2513 1171 2564 1227 in
2604 1167 2793 1223 vobis?
2828 1185 2845 1220 ι
2880 1166 2957 1219 Ad
2998 1180 3123 1219 eum
3157 1165 3247 1233 qui
3295 1162 3467 1217 forni-

1887 1276 2047 1339 catus
2071 1275 2191 1329 erat
2219 1278 2524 1320 sermonem
2556 1262 2845 1317 convertit.
2873 1258 3033 1330 139
3052 1257 3115 1312 Et
3141 1256 3262 1311 vide
3305 1270 3466 1326 quam

1888 1358 2182 1415 efﬁcaciter
2234 1357 2299 1412 ad
2327 1355 2608 1427 ’pudorem
2668 1351 2976 1408 faciendum
3031 1350 3244 1404 locutus
3293 1357 3396 1403 est.
3427 1346 3468 1401 Α

1889 1451 2062 1523 gratia
2093 1449 2237 1505 enim
2272 1463 2390 1517 qua:
2424 1446 2580 1501 nobis
2609 1446 2733 1501 data
2759 1454 2859 1507 est,
2886 1444 2990 1498 hoc
3015 1450 3098 1497 est
3132 1443 3201 1496 ab
3261 1439 3473 1495 inhabi-

1894 1544 2100 1599 lalione
2125 1540 2385 1612 Spiritus,
2414 1553 2539 1594 eum
2576 1538 2665 1606 qui
2699 1536 3004 1591 fornicatus
3028 1543 3147 1589 erat
3174 1531 3468 1603 pudefacit,

1892 1637 2020 1692 licet
2062 1648 2352 1705 personam
2388 1632 2507 1702 ejus
2542 1645 2646 1685 non
2692 1628 2867 1699 palam
2902 1627 3216 1697 proposuit,
3254 1626 3382 1693 quin
3416 1624 3470 1679 in

1893 1728 2166 1786 communi
2199 1740 2504 1783 sermonem
2529 1721 2781 1778 instituit.
2803 1720 2859 1777 Si
2887 1729 3065 1774 autem
3096 1719 3187 1775 Dei
3216 1717 3472 1786 templum

1893 1835 2099 1886 sumus,
2127 1833 2193 1875 eo
2227 1816 2370 1889 quod
2404 1815 2641 1885 Spiritus
2679 1812 2771 1869 Dei
2804 1811 3015 1867 habitat
3059 1809 3112 1864 iu
3151 1808 3327 1874 nobis,
3358 1818 3471 1863 tum

1819 1912 1864 1974 Β
1897 1913 2133 1983 Spiritus
2158 1920 2240 1965 est
2275 1908 2442 1964 Deus.

1969 2005 2129 2060 Vens.
2174 2002 2259 2058 I7.
2296 2020 2314 2053 ι
2355 2000 2409 2055 Si
2438 1998 2558 2071 quis
2588 1996 2843 2065 templum
2876 1993 2969 2048 Dei
3006 1991 3328 2058 corrumpit,
3354 2006 3478 2046 cor-

1896 2105 2107 2167 rumpet
2137 2094 2285 2150 illum
2318 2092 2479 2147 Deus.
2520 2109 2539 2142 ι
2578 2088 2631 2143 ld
2666 2095 2751 2144 est
2820 2086 3033 2153 perdet.
3071 2081 3184 2136 lIoc
3218 2098 3340 2137 vero
3369 2096 3473 2133 non

1897 2201 1981 2249 est
2032 2187 2391 2254 exsecrantis,
2443 2185 2539 2242 sed
2584 2182 2845 2256 quidnam
2895 2177 3136 2234 futurum
3178 2176 3248 2231 sit
3288 2172 3480 2230 vatici-

1899 2282 2102 2340 nantis.

1979 2396 1998 2429 ‹
2034 2374 2315 2444 Templum
2349 2371 2493 2427 enim
2552 2368 2648 2425 Dei
2701 2376 2949 2424 sanctum
3003 2372 3125 2425 est,
3155 2359 3296 2431 quod
3346 2356 3481 2412 estis

1904 2486 2020 2526 vos.
2056 2487 2074 2522 ι
2109 2467 2344 2524 Proinde
2388 2462 2686 2519 fornicator
2718 2474 2824 2515 non
2867 2463 3045 2528 potest
3085 2467 3205 2508 esse
3235 2458 3477 2513 sanctus,

1904 2561 2163 2633 quoniam
2216 2557 2399 2613 amisit
2464 2553 2604 2625 quod
2647 2552 2718 2608 sit
2759 2549 3013 2619 templum
3070 2544 3205 2610 Dei,
3257 2541 3481 2610 expulso

1905 2632 2280 2711 sanctificante
2340 2648 2517 2718 ipsum
2569 2644 2796 2710 Spiritu.
2852 2640 2986 2708 Quis
3034 2651 3163 2692 vero
3221 2632 3483 2701 templum

1906 2744 2032 2802 cst?
2070 2743 2176 2798 Vos
2205 2739 2436 2803 scilicet,
2465 2738 2510 2793 si
2548 2734 2668 2805 puri
2700 2728 3082 2803 perseveretis.

1980 2835 2144 2891 νειιε.
2178 2833 2267 2889 18.
2330 2849 2350 2883 ι
2400 2828 2573 2885 Nemo
2630 2827 2868 2897 seipsum
2930 2822 3173 2879 seducat.
3228 2841 3246 2876 ι
3291 2818 3489 2877 Ειίειὶι

1910 2945 2069 2988 mans
2099 2927 2241 2999 quod
2277 2925 2435 2980 aliter
2463 2937 2523 2978 se
2561 2936 2648 2979 res
2697 2921 2918 2987 habeat,
2944 2926 3000 2974 et
3028 2932 3133 2972 non
3163 2917 3306 2973 sicut
3330 2914 3487 2970 dixe-

1911 3039 2049 3078 ram.

1988 3132 2007 3166 ι
2051 3112 2106 3168 Si
2142 3110 2263 3181 quis
2298 3109 2513 3164 videtur
2561 3107 2704 3161 inter
2748 3119 2843 3158 vos
2889 3101 3104 3171 sapiens
3130 3116 3252 3158 esse
3299 3100 3353 3154 in
3387 3099 3489 3154 hoc

1913 3202 2133 3268 saeculo,
2162 3201 2361 3258 stultus
2396 3198 2510 3265 fiat,
2538 3205 2594 3250 ut
2620 3195 2687 3250 sit
2716 3194 2956 3265 sapiens.
2996 3212 3017 3245 ι
3046 3191 3239 3247 Paucis
3268 3191 3337 3247 de
3376 3189 3488 3245 for-

1910 3297 2151 3352 niratore
2179 3292 2351 3351 veluti
2383 3307 2479 3363 per
2518 3289 2765 3345 umbram
2798 3287 3072 3353 adductis,
3105 3300 3291 3341 rursus
3322 3284 3374 3337 in
3396 3297 3491 3336 eos

1909 3391 2000 3462 qui
2032 3399 2259 3443 externa
2289 3383 2551 3454 sapientia
2608 3379 2886 3448 inﬂantur,
2935 3392 3239 3432 sermonem
3291 3374 3484 3429 ﬂectit.

1911 3483 2037 3551 Qui,
2070 3481 2267 3552 inquit,
2290 3480 2507 3534 videtur
2524 3474 2741 3545 sapiens
2779 3486 2899 3526 esse
2930 3470 3073 3525 inter
3095 3482 3209 3533 vos,
3241 3487 3259 3519 ‹
3294 3467 3491 3523 stultus

1912 3574 2046 3639 fiat,
2084 3592 2102 3624 ι
2140 3572 2241 3627 hoc
2270 3580 2353 3625 est
2412 3575 2693 3623 externam
2738 3562 3064 3633 sapientiam
3110 3559 3382 3628 reprohet,
3434 3566 3494 3610 ιιι

1911 3665 2195 3740 possideat
2231 3660 2486 3716 divinam.
2523 3657 2657 3712 Nam
2705 3651 3160 3726 quemadmodum
3205 3655 3494 3720 paupertas

1914 3739 2208 3814 secundum
2235 3751 2427 3816 Deum,
2458 3747 2661 3804 divitia:
2694 3754 2821 3800 sunt
2849 3752 2905 3799 et
2949 3741 3296 3798 incelebritas
3333 3739 3488 3799 simi-,-

1914 3850 2039 3905 liter
2064 3844 2256 3917 gloria,
2290 3843 2361 3896 ita
2400 3838 2623 3896 stnltilia
2663 3835 2957 3894 secundum
3012 3832 3177 3887 Deum
3227 3830 3492 3901 sapientia

1915 3951 2018 3998 cst.
2041 3936 2426 3995 Animadverte
2457 3940 2633 3986 autem
2662 3971 2678 3995 ,
2714 3944 2820 3983 non
2862 3927 3021 3989 dixit,
3052 3924 3260 3995 rejiciat
3283 3923 3498 3991 sapien-

1918 4035 2046 4089 tiam
2075 4072 2091 4098 ,
2139 4027 2399 4099 sedquod
2453 4025 2620 4080 multo
2655 4021 2831 4092 majus
2881 4030 2988 4082 est,
3019 4037 3038 4072 ι
3084 4019 3281 4075 stultus
3325 4017 3438 4080 fiat,
3470 4032 3492 4068 ι

1919 4127 2022 4183 hoc
2067 4131 2153 4179 est
2195 4119 2329 4187 nihil
2364 4135 2393 4173 a
2436 4119 2614 4188 seipso
2664 4115 2992 4185 intelligens.
3023 4127 3128 4166 non
3152 4109 3385 4180 propriis
3407 4124 3501 4161 ar-

1920 4216 2189 4288 gumentis
2211 4214 2369 4270 ﬁdem
2392 4212 2679 4276 adhibens,
2708 4210 2799 4264 sed
2839 4209 3029 4269 Deum,
3053 4214 3108 4259 ut
3125 4204 3366 4271 jumcnta
3405 4215 3500 4270 pa-

1921 4323 2143 4375 storem,
2168 4319 2423 4375 sequens,
2444 4302 2800 4371 omnibusque
2824 4298 3023 4352 divinis
3049 4297 3209 4351 rebus
3247 4294 3502 4349 credens.

1999 4399 2162 4453 Vens.
2216 4395 2304 4452 l9.
2348 4413 2368 4447 ι
2427 4391 2700 4463 Sapientia
2749 4390 2891 4446 enim
2967 4386 3126 4457 hujus
3176 4386 3356 4439 mundi
3417 4392 3501 4436 est

1923 4491 2150 4547 stultitia
2184 4490 2325 4559 apud
2360 4485 2552 4540 Deum.
2591 4502 2611 4537 ι
2657 4483 2773 4537 Non
2808 4481 2985 4536 solum
3028 4481 3170 4536 enim
3210 4478 3347 4534 nihil
3377 4491 3505 4546 pro-

1925 4582 2045 4636 dest
2065 4576 2425 4634 autcondncit
2455 4574 2518 4628 ad
2545 4586 2726 4628 veram
2751 4570 3093 4640 sapientiam,
3120 4583 3307 4624 verum
3335 4568 3503 4623 etiam

247 4671 346 4725 ἃτε
388 4669 450 4736 ἐξ
470 4670 699 4741 οἰήσεως
724 4669 1031 4736 ἁπαξιοῦσα
1063 4671 1278 4742 μαθεῖν,
1315 4675 1411 4727 καὶ
1434 4672 1523 4727 διὰ
1551 4672 1712 4727 τοῦτο
1767 4675 1805 4727 ὲκ

1932 4673 2111 4746 potius
2153 4670 2371 4740 impedit
2401 4685 2418 4724 :
2450 4669 2647 4738 quippe
2681 4681 2800 4736 qua!
2828 4679 2936 4735 prae
2979 4664 3062 4717 sui
3102 4661 3509 4716 existimatione

247 4766 449 4838 ἀγνοίᾳ⁵
480 4761 618 4819 εἶναι
649 4767 735 4820 ἀεὶ
767 4766 1268 4839 παρασκευάζουσα
1298 4767 1390 4821 τὸν
1408 4765 1582 4841 ταύτῃ
1616 4766 1838 4838 χρώμε-

1931 4770 2142 4822 discere
2217 4761 2582 4829 dedignetur,
2650 4768 2812 4821 atque
2882 4765 3168 4826 propterea
3233 4765 3507 4820 nunquam

252 4872 380 4912 νον’
432 4856 556 4912 ὅθεν
600 4857 695 4911 καὶ
723 4856 799 4922 ὡς
848 4861 1023 4928 μωροί⁵
1071 4858 1526 4925 ὑποσκελίζονται
1561 4859 1713 4930 παρὰ
1739 4863 1805 4912 τοί

1933 4874 2040 4915 non
2077 4857 2133 4912 in
2162 4853 2469 4927 ignorantia
2502 4866 2624 4908 esse
2667 4849 2827 4904 faciat
2863 4863 2986 4903 eum
3024 4846 3114 4917 qui
3149 4847 3264 4916 ipsa
3304 4856 3506 4898 utatur.

253 4948 412 5004 Θεοῦ.

335 5156 355 5190 ε
382 5137 701 5207 Γέγραπται
720 5138 831 5205 γάρ
850 5150 865 5166 °
911 5133 971 5189 '0
993 5133 1364 5205 δρασσόμενος
1397 5132 1524 5196 τοὺς
1553 5129 1752 5200 σοφοὺς
1780 5127 1839 5181 ὲν

265 5230 327 5299 τῇ
355 5227 671 5300 πανουργίᾳ.
691 5225 894 5283 αὐτῶν.
925 5245 943 5278 ι
966 5222 1294 5298 Μαρτυρίαν
1325 5223 1546 5292 ἐπάγει,
1577 5221 1694 5284 πῶς
1724 5237 1838 5292 μω-

269 5317 355 5389 ρία
385 5320 541 5393 παρὰ
568 5317 649 5391 τῷ
681 5318 798 5389 Θεῷ
824 5318 973 5372 ἐστιν
999 5319 1034 5388 ἡ
1065 5316 1381 5387 ἀνθρωπίνη
1411 5314 1592 5385 σοφία,
1615 5312 1708 5367 καί
1738 5328 1841 5383 φη-

267 5428 370 5477 σιν,
400 5413 486 5466 ὃτι
508 5410 584 5475 ὡς
617 5409 833 5481 μωροὺς
882 5410 1176 5479 δραςσεται
1206 5411 1233 5463 ὁ
1259 5408 1392 5473 Θεὸς
1440 5407 1568 5470 τοὺς
1603 5404 1803 5475 σοφούς
1822 5419 1839 5435 ’

267 5503 535 5570 τουτέστι,
564 5506 678 5568 τοῖς
699 5503 922 5565 οἰκείοις
942 5500 1127 5565 ὅπλοις
1162 5501 1361 5567 αὐτοὺς
1393 5498 1698 5572 χειροῦται.
1725 5497 1842 5551 Κᾶν

270 5596 377 5669 γὰρ
409 5594 710 5664 πανοῦργοι
730 5589 834 5650 ὦσι
865 5594 965 5650 καὶ
992 5595 1165 5665 σοφοὶ,
1192 5592 1269 5657 ὡς
1293 5590 1469 5664 μωροὶ
1503 5591 1600 5645 καί
1626 5590 1845 5660 ἀνόητοι

273 5688 602 5758 ἐλέγχονται.
633 5682 778 5742 Οἷον·
811 5681 1306 5759 Ἐνόμιζονὲίιεῖνοι
1343 5685 1415 5757 μὴ
1436 5683 1641 5739 δεῖσθαι
1665 5682 1825 5750 Θεοῦ,

348 5863 365 5916 l
396 5863 556 5923 Joau.
591 5881 645 5936 v,
689 5867 773 5923 lii.

1935 4949 2088 5006 Unde
2142 4957 2197 5004 et
2251 4944 2524 5001 fatuorum
2572 4942 2748 4997 instar
2805 4956 2835 4995 a
2893 4939 3007 4995 Deo
3053 4950 3270 5009 pessum
3322 4934 3509 4989 detur-

1934 5043 2156 5099 bantur.

2012 5153 2031 5188 ι
2072 5131 2350 5202 Scriptum
2408 5136 2493 5184 est
2525 5127 2669 5184 enim
2697 5143 2711 5183 :
2741 5125 2843 5195 Qui
2893 5121 3251 5195 apprehendit
3297 5119 3512 5190 sapien-

1946 5238 2027 5284 tes
2059 5225 2114 5282 iu
2140 5224 2339 5280 astutia
2364 5238 2574 5279 eorum.
2612 5240 2632 5274 ι
2677 5218 3074 5277 Testimonium
3105 5213 3353 5285 producit
3376 5226 3514 5284 quo-

1939 5321 2098 5374 modo
2147 5314 2378 5373 stultitia
2431 5314 2502 5370 sit
2545 5312 2685 5385 apud
2735 5311 2902 5367 Deum
2945 5311 3178 5363 humana
3223 5304 3512 5373 sapientia,

1939 5413 2177 5481 aitque:
2235 5405 2519 5477 Tanquam
2575 5404 2769 5460 stultos
2820 5399 3179 5472 apprehendit
3239 5398 3516 5467 sapientes

1940 5504 2115 5558 Deus:
2148 5501 2249 5554 hoc
2282 5508 2390 5565 est,
2424 5496 2662 5569 propriis
2695 5492 2861 5549 armis
2889 5491 3088 5562 subigit
3117 5489 3258 5544 illos.
3288 5485 3513 5541 Etiamsi

1941 5594 2085 5649 enim
2134 5591 2300 5647 astuti
2349 5598 2404 5644 et
2455 5587 2726 5657 sapientes
2776 5583 3017 5649 fuerint,
3067 5591 3324 5650 tanquam
3362 5575 3517 5632 stnl‘ti

1942 5696 2120 5743 tamen
2172 5693 2225 5740 et
2265 5662 2958 5753 insipientes'arguuntur.
3010 5672 3254 5744 Exempli
3289 5668 3508 5740 gratia:
