3874 6588
183 359 279 424 609
965 353 1374 415 EXPOSITIO
1418 351 1495 414 IN
1533 353 1713 413 EPIS‘

1897 353 1996 412 AD
2031 353 2202 416 COB.
2232 380 2297 389 —
2320 353 2480 419 CAP.
2530 357 2629 418 IV.
3309 354 3411 417 (310

179 475 259 526 τοῦ
287 467 533 542 Χριστοῦ.
577 467 761 536 Ἥμεῖς
796 465 894 537 μὲν
930 467 1039 536 γὰρ
1070 467 1249 521 δοῦλοί
1273 469 1441 538 ἐσμεν
1464 468 1557 521 τοῦ
1580 470 1709 538 Χρι-

1889 477 1905 520 ι
1941 470 2210 522 sententia
2240 486 2255 524 :
2304 487 2478 539 neque
2515 472 2659 524 enim
2694 472 2876 525 omnia
2926 471 3006 526 sic
3041 477 3164 524 sunt
3206 480 3410 528 nostra.

177 559 290 616 στοῦ
327 560 413 611 καὶ
479 557 687 628 ποίημα
716 571 730 586 ·
766 556 834 609 τὰ
879 556 935 609 δὲ
990 557 1189 624 πάντα,
1219 559 1280 611 οὑ
1333 557 1495 611 δοῦλα
1541 558 1707 628 ἡμῶν.

1883 602 1886 612 .
1933 575 2033 614 nos
2067 560 2292 616 Christi.
2350 562 2460 618 Nos
2501 565 2644 617 enim
2699 563 2841 620 servi
2895 578 3082 618 smnus
3111 563 3311 618 Christi
3358 575 3413 619 et

173 653 276 708 οὐδὲ
321 651 542 720 ποίημα.
597 649 757 700 Ὥστε
815 649 877 701 οὑ
939 649 1121 714 καλῶς
1192 653 1439 716 ποιεῖτε,
1499 649 1703 718 ἀνθρώ⁴

1880 661 2182 721 ςιιιεηιιιιηε
2223 654 2404 707 omnia
2441 667 2621 709 autem
2680 671 2784 710 non
2841 666 2970 712 sunt
3022 670 3176 710 serva
3225 667 3410 711 nostra

172 763 276 806 ποις
330 741 555 803 ἑαυτοὺς
611 741 1051 814 προσνέμοντες,
1122 743 1215 797 καὶ
1261 743 1434 798 ταῦτα
1479 741 1702 813 Χριστοί

1883 759 2006 812 :que
2062 741 2401 813 figmentum.
2460 745 2614 817 14],
2667 747 3033 813 Quamobrem
3105 763 3210 800 non
3267 757 3413 801 recte

172 841 327 902 ιντες,
1825 830 2028 898 facitis,
2058 834 2368 888 hominibus
2398 851 2492 890 vos
2515 839 2659 906 ipsos
2687 837 3072 902 attribuentes,
3097 837 3260 907 idque
3287 852 3410 892 cum

1823 924 1943 979 sitis
1969 925 2193 981 Christi.

744 1036 1005 1092 ΚΕΦΑΛ.
1033 1036 1108 1092 Δ’.

2426 1037 2658 1096 CAPUT
2713 1036 2803 1093 ιν.

235 1176 250 1206 ι
281 1154 458 1212 Οὑως
492 1154 637 1222 ἡμᾶς
667 1152 971 1222 λογιζέσθω
999 1151 1307 1224 ἄνθρωπος,
1337 1153 1412 1217 ὡς
1440 1153 1722 1224 ὑπηρέτας

1898 1149 2060 1205 Vens.
2101 1151 2152 1206 1.
2185 1172 2203 1204 ι
2246 1151 2337 1208 Sic
2366 1169 2466 1208 nos
2495 1153 2770 1209 existimet
2819 1153 3003 1218 homo,
3040 1163 3098 1208 ut
3130 1157 3409 1212 ministros

169 1246 404 1320 Χριστοῦ,
439 1247 534 1297 καὶ
559 1245 877 1316 οἰκονόμους
904 1245 1221 1315 μυστηρίων
1244 1245 1403 1300 Θεοῦ.
1437 1265 1454 1298 ι
1502 1247 1699 1300 Ἐπειδὶ

1881 1245 2050 1307 hristi,
2091 1255 2144 1300 et
2179 1246 2588 1316 dispensatores
2639 1249 3022 1316 mysteriorum
3064 1247 3177 1302 Dei.
3221 1267 3239 1300 ι
3275 1249 3411 1316 Quia

166 1340 415 1410 ὑπηρέται
443 1336 614 1406 ἐσμὲν
629 1338 678 1389 οἰ
701 1336 1035 1403 διδάσκαλοι,
1062 1337 1114 1389 τί
1132 1337 1224 1390 τὸν
1246 1339 1527 1410 Δεσπότην
1551 1340 1689 1409 ἀφέν

1883 1355 1922 1392 ιε
1947 1338 2200 1394 doctores
2240 1356 2429 1396 sumus
2469 1341 2705 1394 ministri
2727 1380 2742 1406 ,
2770 1357 2868 1396 cur
2897 1338 3191 1395 Dominum
3226 1342 3413 1396 dimit-

164 1453 261 1497 τες,
290 1433 380 1499 ἀφ’
406 1430 568 1500 ἡμῶν
623 1430 734 1483 τῶν
786 1429 1074 1501 ὑπηρετῶν
1097 1430 1432 1501 δνομάζεσθε
1457 1451 1471 1499 ;
1501 1433 1693 1486 Οἰκονό

1883 1437 2022 1497 ntcs,
2048 1445 2077 1484 a
2101 1432 2260 1486 nobis
2285 1433 2550 1488 ministris
2574 1433 2918 1503 appellamini
2944 1434 2966 1487 ?
2998 1424 3413 1506 Dispensatores

168 1542 283 1588 μους
308 1525 360 1576 δὲ
385 1522 665 1592 ὀνομάσας
699 1524 1020 1594 μυστηρίων
1065 1523 1192 1587 τοὺς
1240 1524 1575 1590 ἀποστόλους
1626 1543 1696 1578 κα

1881 1531 2010 1576 Item
2047 1524 2433 1593 mysteriorum
2485 1539 2686 1578 vocans
2717 1523 2995 1595 aposmlos
3038 1540 3101 1579 ac
3135 1523 3411 1592 doctores,

163 1617 519 1680 διδασκάλους,
557 1615 764 1681 ἔδειξεν
805 1616 886 1668 ὅτι
948 1616 1048 1669 οὑκ
1090 1618 1537 1686 ἀνοικονομητως
1585 1619 1693 1671 πᾶσ

1885 1614 2148 1669 onstravit
2180 1616 2321 1684 quod
2376 1629 2482 1668 non
2533 1615 2786 1670 omnibus
2843 1615 2962 1670 sine
3011 1615 3415 1684 dispensatione

162 1710 252 1779 χρὴ
276 1710 358 1760 τὴν
382 1708 547 1776 λόγον
583 1710 871 1779 χορηγεῖν,
899 1708 1015 1762 ἀλλ’
1036 1703 1116 1772 οἷς
1138 1709 1238 1775 δεῖ,
1268 1711 1364 1763 καὶ
1389 1710 1477 1763 ὅτε
1503 1711 1602 1777 δεῖ,
1624 1730 1692 1765 κα

1881 1705 2048 1762 :rbum
2083 1706 2432 1775 suppeditare
2485 1714 2718 1776 oportet,
2777 1707 2871 1762 sed
2907 1708 3105 1778 quibus
3133 1723 3269 1776 opus
3307 1719 3411 1772 est,

163 1803 226 1864 ὼς
279 1800 390 1854 δεῖ⁵
427 1801 607 1864 ἄλλως
642 1818 700 1854 τε
760 1802 856 1854 καὶ
915 1804 1190 1872 μυστήρια
1240 1801 1392 1866 ὅντα,
1451 1804 1512 1856 οὑ
1552 1806 1693 1860 πᾶσι

1931 1801 2152 1867 quando
2199 1797 2474 1864 convenit,
2526 1806 2581 1852 et
2636 1798 2778 1853 sicut
2820 1808 3074 1868 oportet:
3110 1800 3411 1870 praesertim

163 1892 436 1961 ὀφείλουσιν
465 1891 922 1961 ἀνακεκαλύφθαι
947 1909 960 1923 ·
991 1891 1148 1945 τοῦτο
1192 1892 1300 1964 γὰρ
1325 1893 1386 1946 οὑ
1449 1897 1693 1966 φρονίμοι

1880 1903 1944 1942 Im
1979 1889 2236 1960 mysteria
2263 1889 2391 1956 sint,
2445 1906 2549 1944 non
2591 1889 2789 1944 debent
2822 1889 3102 1960 quibusvis
3137 1893 3364 1947 revelari
3395 1909 3410 1946 :

161 1986 422 2054 οἰκονόμου
433 2025 446 2039 .

1823 1979 1928 2034 hoc
1959 1982 2106 2034 enim
2149 1996 2252 2035 non
2289 1991 2372 2035 est
2402 1985 2682 2051 prudentis
2707 1983 2997 2039 mconomi.

228 2095 242 2127 ι
276 2077 335 2129 Ὃ
373 2077 429 2129 δὲ
485 2076 735 2146 ζητεῖται
792 2075 983 2130 λοιπὸν
1015 2078 1074 2130 ἐν
1111 2081 1223 2142 τοῖς
1254 2078 1584 2150 οἰκονόμοις,
1629 2080 1718 2134 ἵνα

1897 2069 2059 2126 Vens.
2087 2070 2142 2124 2.
2173 2090 2192 2124 ι
2223 2070 2377 2138 Quod
2405 2071 2669 2138 reliquom
2698 2079 2800 2135 est,
2832 2071 3094 2140 quaeritur
3117 2070 3169 2125 in
3190 2071 3412 2142 dispen-

165 2187 230 2231 τις
261 2168 446 2230 πιστὸς
499 2166 726 2238 εὑρεθῇ.
766 2186 785 2219 ι
829 2169 1146 2233 Τουτέστιν,
1194 2169 1282 2222 ἵνα
1320 2169 1394 2241 μὴ
1417 2170 1485 2222 τὰ
1517 2171 1683 2223 δεσπο

1879 2163 2120 2228 toribus,
2155 2175 2213 2218 ut
2254 2163 2392 2219 [idus
2423 2163 2694 2233 quispiam
2728 2164 3056 2219 inveniatur.
3093 2183 3113 2216 ι
3167 2165 3278 2221 Hoc
3305 2177 3409 2234 est,

163 2262 269 2314 τιιὲι
297 2261 710 2331 σφετερίζηται,
747 2261 833 2315 ἵνα
881 2263 956 2332 μὴ
983 2262 1056 2326 ὡς
1102 2263 1366 2332 δεσπότης
1419 2264 1488 2316 τὰ
1541 2263 1692 2336 πράγ

1914 2256 2107 2310 herilia
2139 2257 2278 2311 bona
2313 2256 2419 2311 sibi
2464 2272 2567 2312 non
2593 2257 2850 2324 vindicet,
2885 2266 2942 2312 ut
2991 2273 3093 2312 non
3119 2258 3284 2315 veluti
3315 2261 3415 2314 do-

170 2374 290 2425 ματα
333 2356 815 2426 μεταχειρνζηται,
850 2356 965 2408 ἀλλ’
995 2355 1068 2420 ὡς
1107 2354 1366 2426 ἀλλότρια
1391 2357 1486 2408 καὶ
1512 2356 1700 2410 δεσπο·

1883 2349 2004 2403 ἰηιιε
2035 2364 2122 2404 res
2150 2357 2366 2417 tractet,
2397 2350 2492 2405 sed
2517 2350 2679 2404 veluti
2737 2350 2913 2404 aliena
2974 2361 3028 2405 et
3081 2352 3268 2407 berilia
3301 2354 3413 2409 dis-

163 2448 270 2500 τικὲι
296 2450 599 2517 οἰκονομῶν
630 2463 643 2476 ·
678 2449 778 2500 οὐκ
828 2449 1006 2501 οἰκεῖα
1032 2445 1208 2515 λέγων
1251 2441 1392 2500 εἶναι
1427 2447 1498 2501 τὰ
1523 2447 1690 2501 δεσπο

1879 2447 2010 2493 mset
2039 2457 2052 2493 :
2125 2456 2232 2494 non
2266 2457 2362 2495 sua
2391 2441 2576 2495 dicens
2604 2456 2724 2496 esse
2754 2457 2874 2512 qua:
2906 2441 3023 2495 beri
3066 2453 3212 2510 sunt,
3247 2446 3340 2500 sed
3379 2461 3409 2500 ε

165 2537 288 2603 taxi,
316 2539 447 2592 ἀλλὰ
491 2538 836 2602 τούναντίον,
858 2538 1147 2602 τὰοἰκεῖα,
1178 2537 1493 2594 δεσποτικὰ.

1294 2538 1493 2594 τοτικά.
1821 2530 2058 2596 diverso,
2093 2547 2212 2601 quae
2239 2548 2333 2587 sua
2361 2542 2509 2599 sunt,
2540 2533 2654 2588 beri
2683 2550 2824 2589 esse.

228 2651 244 2683 ι
281 2633 422 2701 Ἐμοὶ
458 2632 514 2685 δὲ
551 2634 636 2694 εἰς
665 2630 950 2701 ἐλάχιστόν
983 2631 1152 2693 ἐστιν,
1181 2629 1268 2682 ἵνα
1292 2629 1382 2698 ὑφ’
1405 2629 1560 2700 ὑμῶν
1585 2631 1717 2685 ἀνα-

1891 2620 2061 2677 Vsns.
2092 2622 2146 2682 '5.
2183 2643 2201 2676 ι
2236 2623 2363 2678 Mihi
2401 2635 2578 2679 autem
2604 2643 2699 2696 pro
2727 2628 2950 2685 minimo
2973 2640 3078 2697 est,
3105 2639 3162 2684 ut
3196 2645 3226 2684 a
3254 2628 3408 2685 vobis

169 2723 394 2793 κριθῶ,ἦ
437 2724 542 2777 ὑπὸ
579 2721 933 2794 ἀνθρωπίνης
986 2721 1222 2793 ἡμέρας.
1257 2739 1275 2772 ι
1310 2721 1547 2793 Νόσημα
1587 2724 1699 2775 tiae

1880 2714 2108 2784 judicer,
2145 2727 2236 2772 aut
2277 2719 2344 2772 ab
2375 2719 2613 2773 humano
2645 2721 2750 2776 die.
2791 2739 2809 2773 ι
2850 2721 3157 2778 Istiusmodi
3189 2725 3410 2778 morbus

166 2815 375 2886 χωρίαζε
407 2819 472 2889 τῇ
520 2817 780 2889 Κορίνθῳ
818 2814 1080 2869 τοιοῦτον.
1113 2815 1178 2868 Oi
1216 2815 1326 2885 γὰρ
1391 2817 1530 2886 πρὸς
1590 2817 1696 2869 τοὺς

1880 2807 2142 2862 )rintbum
2179 2810 2480 2865 invaserat.
2512 2811 2644 2865 Nam
2677 2815 2768 2884 qui
2793 2813 2947 2883 juxta
2980 2817 3232 2870 doctores
3252 2814 3410 2870 divisi

166 2907 486 2974 διδασκάλους
529 2909 853 2982 διῃρημένοι
909 2908 978 2972 ⁷ο,
1016 2907 1271 2980 καθάπερ
1297 2908 1550 2962 δικασταὶ
1590 2924 1690 2979 προ

1885 2907 1998 2965 ant,
2038 2901 2292 2955 sedentes
2328 2909 2587 2972 tanquam
2622 2905 2854 2973 judiees,
2890 2908 3037 2962 viros
3085 2908 3202 2978 pios
3229 2917 3284 2962 et
3315 2908 3411 2961 de-

168 3001 457 3071 καθήμενοι,
491 3002 698 3072 ἄνδρας
727 3000 970 3064 εὐσεϐεῖς
1004 3002 1100 3054 καὶ
1151 3000 1421 3068 θεοφιλεῖς
1475 3000 1565 3053 διὰ
1618 2999 1698 3071 τηε

1882 2999 1976 3046 llos
2033 3004 2251 3060 pr0pter
2313 2994 2720 3063 simplicitatem
2791 2999 3094 3054 irridebant
3163 3000 3412 3069 repudia-

169 3094 376 3163 ἀμαθίαν
403 3097 736 3168 ὲκωμῴδουν
775 3096 867 3150 καὶ
899 3093 1187 3161 ἐξέϐαλλον
1209 3110 1221 3124 ⁸
1254 3096 1377 3159 τοὺς
1417 3094 1474 3148 δὲ
1506 3095 1699 3166 μυρῖωι

1878 3091 2096 3150 tntque:
2127 3098 2223 3139 eos
2256 3095 2438 3139 autem
2472 3088 2562 3156 qui
2614 3089 2913 3144 innumeris
2966 3091 3180 3160 ﬂagitiis
3233 3093 3408 3145 abun-

170 3187 410 3258 γέμοντας
479 3188 673 3243 κακῶν
729 3189 1004 3258 ὲνέκρινον
1071 3188 1159 3241 διὰ
1216 3188 1314 3259 τὴν
1361 3187 1700 3256 εὑγλωττίαν1

1879 3173 2047 3240 ibant,
2082 3186 2304 3245 propter
2350 3175 2721 3247 eloquentiam
2782 3181 3232 3249 intromittebant,
3283 3184 3409 3239 talia

173 3279 364 3334 τοιαῦτα
399 3281 696 3352 προπετῶς
731 3275 1136 3351 ψηφιζόμενοι³
1187 3280 1245 3332 Ὀ
1273 3280 1424 3334 δεῖνα
1446 3279 1540 3332 τοῦ
1569 3280 1703 3333 δεῖνα

1878 3269 2230 3337 ‘azcipitanter
2260 3269 2616 3325 det-eruentes
2643 3289 2655 3325 :
2697 3270 2795 3327 ilic
2821 3273 2911 3328 illo
2932 3275 3284 3331 excellentior
3306 3289 3408 3345 est,

171 3373 420 3440 γρείττων,
453 3373 551 3427 καὶ
592 3368 743 3436 οὗτος
778 3372 986 3425 ἐκείνου
1039 3370 1488 3440 καταδεέστερος,
1523 3373 1701 3425 κάκεῖ-

1883 3377 1911 3416 ε
1975 3363 2077 3416 isto
2113 3361 2353 3425 inferior,
2393 3376 2556 3434 atque
2591 3367 2694 3421 isto
2743 3368 2851 3423 ille.
2894 3370 3028 3424 Cum
3088 3387 3219 3441 ergo
3274 3370 3413 3427 Pau-

171 3479 241 3525 νος
268 3464 443 3518 τούτου
480 3464 740 3534 βελτίων,
767 3465 1022 3526 κάκεῖνος
1046 3461 1262 3515 τούτου.
1310 3463 1465 3515 Ἐπεὶ
1515 3462 1607 3516 οὖν
1635 3460 1701 3516 εἰ·

1881 3475 1906 3514 s
1939 3460 2187 3524 dixisset,
2227 3479 2245 3510 ι
2290 3461 2342 3515 in
2377 3463 2847 3534 dispensatoribus
2886 3469 3086 3536 requiri
3111 3509 3126 3531 .
3173 3481 3231 3524 ut
3272 3471 3410 3526 [idus

171 3570 252 3607 πεν
277 3557 300 3608 ὁ
323 3555 525 3621 Παῦλος
565 3558 626 3610 ὲν
655 3559 767 3618 τοῖς
819 3557 1124 3627 οἰκονόμοις
1168 3555 1448 3627 ζητεῖσθαι
1479 3555 1566 3610 ἵνα
1623 3573 1701 3610 m-

1880 3549 2088 3618 tispiam
2123 3551 2460 3618 inveniatur,
2493 3573 2512 3605 ι
2564 3570 2626 3608 ne
2678 3555 2964 3611 videbatur
3011 3561 3222 3613 veniam
3277 3562 3410 3630 ipsis

172 3649 272 3703 6:6:
289 3665 370 3712 τις
410 3649 638 3722 εὑρεθῇ,
670 3650 846 3702 ἐδόκει
873 3647 930 3702 δὲ
992 3649 1226 3720 πάροδον
1262 3649 1447 3712 αὑτοῖς
1511 3647 1702 3702 διδόναι

1881 3655 1954 3695 ire
1987 3640 2274 3709 cujuslibet
2308 3644 2471 3696 vitam
2509 3644 2810 3714 judicandi,
2845 3649 2991 3715 quod
3021 3663 3152 3704 sane
3171 3649 3411 3718 majores

170 3737 245 3790 τοῦ
275 3740 466 3810 κρίνειν
502 3741 601 3794 τὸν
639 3741 873 3794 ἑκάστου
909 3739 1045 3810 βίον,
1071 3739 1232 3792 τοῦτο
1258 3739 1317 3793 δὲ
1338 3740 1436 3803 τὰς
1465 3739 1700 3810 διχοστα-

1880 3734 2188 3788 ssensiones
2211 3737 2512 3791 excitaret:
2554 3753 2620 3791 ne
2652 3737 2796 3792 istud
2822 3739 3119 3808 patiantur,
3161 3742 3410 3809 reprimit

172 3830 269 3893 cia;
299 3831 506 3901 μείζους
529 3832 731 3886 ὲῑποίει⁸
757 3831 842 3886 ἵνα
869 3831 944 3902 μὴ
972 3832 1130 3884 τοῦτο
1153 3831 1422 3897 πάθωσιν,
1446 3831 1702 3886 ovans).-

1879 3840 1918 3880 DS
1950 3827 2238 3894 quominus
2289 3826 2560 3897 judicent,
2598 3830 2846 3898 inquiens
2885 3847 2902 3887 :
2935 3847 2955 3882 ι
2998 3829 3124 3885 Mihi
3157 3846 3282 3888 vero
3313 3849 3409 3903 pro

172 3922 236 3974 λει
267 3926 448 3989 αὐτοὺς
480 3924 581 3978 τοῦ
637 3924 870 3995 κρίνειν,
905 3923 998 3977 καί
1031 3941 1196 3994 φησιν
1223 3942 1237 3955 ·
1274 3942 1293 3976 ι
1330 3925 1488 3994 Ἐμοὶ
1546 3924 1602 3976 δὲ
1636 3927 1702 3988 εἰς

1883 3919 2052 3972 inimo
2085 3927 2169 3973 est
2199 3938 2214 3975 :
2259 3939 2279 3971 ι
2331 3921 2557 3990 perinde
2591 3937 2655 3976 ac
2683 3923 2727 3976 si
2767 3925 2950 3979 dicat:
2984 3923 3406 3991 lgnominiosum

173 4011 416 4084 ἐλάχιστόν
448 4019 601 4068 ἐστιν
624 4026 638 4044 ⁶
686 4033 704 4065 ι
745 4009 878 4079 οἷον,
935 4012 1174 4078 Ἀδοξίαν
1229 4013 1337 4084 ἐχω
1366 4013 1629 4084 μεγίστην
1659 4011 1703 4064 τί

1880 4025 1980 4077 leo,
2014 4025 2101 4065 me
2132 4013 2356 4068 omnino
2394 4028 2424 4068 a
2455 4016 2610 4069 vobis
2641 4015 2900 4084 judicnri.
2949 4017 3172 4084 Deinde,
3223 4035 3289 4074 ne
3317 4035 3410 4074 eos

171 4105 281 4170 ὅλως
314 4106 597 4178 κρίνεσθαί
633 4124 698 4178 με
726 4105 816 4175 ὑφ’
845 4106 1021 4178 ὑμῶν.
1051 4102 1207 4171 Εἶτα,
1253 4106 1342 4160 ἵνα
1408 4105 1483 4177 μὴ
1539 4104 1701 4176 πλήξῖ

1876 4103 2122 4170 ιτεειιιιι,
2175 4107 2330 4175 quasi
2388 4108 2688 4178 despicatui
2733 4109 3098 4175 ducerentur,
3160 4111 3406 4167 addidit:

173 4197 336 4264 αὐτοὺς
396 4200 470 4265 ὡς
519 4199 1062 4271 περιφρονουμένους
1087 4238 1102 4264 ,
1165 4199 1504 4269 προσέθηκεν
1537 4214 1552 4231 ο
1593 4217 1610 4249 ι
1647 4197 1703 4250 Ἢ

1884 4201 1990 4252 Aut
2019 4199 2084 4252 ab
2115 4198 2352 4253 humano
2382 4201 2488 4267 die,
2531 4220 2552 4254 ι
2583 4203 2686 4258 hoc
2738 4211 2841 4268 est,
2874 4216 2904 4255 a
2931 4204 2997 4258 ab
3024 4203 3130 4258 alio
3159 4206 3409 4273 quopiam

175 4288 260 4343 ὑπὸ
289 4291 634 4364 ἀνθρωπίνης
683 4293 920 4363 ἡμέρας,
963 4309 982 4342 ι
1021 4289 1386 4361 τουτέστιν,ἢ
1433 4289 1524 4342 ὑπ’
1550 4290 1705 4346 ἄλλον

1877 4289 2039 4344 tmine
2067 4291 2270 4345 celebri
2320 4301 2372 4346 et
2419 4295 2697 4362 praeclaro.
2735 4296 3020 4364 Scriptura
3078 4297 3222 4350 enim
3263 4297 3407 4354 diem

173 4379 292 4442 τινὸς
325 4382 615 4455 ἀνθρώπου
646 4380 860 4445 ἐνδόξου
916 4380 1012 4432 καὶ
1063 4377 1268 4448 ὑψηλοῦ
1298 4394 1311 4408 ·
1337 4378 1552 4448 ἡμέραν
1607 4378 1703 4446 γὰρ

1879 4378 2057 4433 ηιιίηἱε
2087 4380 2464 4437 celsitudinem
2517 4386 2798 4440 nominare
2827 4385 2985 4441 solet.
3032 4388 3192 4457 Atqui
3249 4403 3409 4443 nemo

175 4469 426 4541 ἀνθρώπου
463 4477 496 4544 η
534 4472 730 4544 Γραιρὴ
755 4471 816 4525 τὸ
841 4471 976 4542 ὕψος
1005 4470 1194 4524 εἴωθεν
1217 4469 1526 4541 ὀνομάζειν.
1556 4469 1705 4524 Ἀλλά

1879 4471 2050 4525 aulum
2112 4474 2412 4530 insolentiae
2457 4477 2726 4533 damnet:
2784 4479 2883 4532 ista
2933 4479 3075 4534 enim
3131 4482 3198 4536 de
3232 4485 3409 4550 seipso

178 4564 337 4634 μηδεὶς
368 4567 628 4621 ἀπόνοιαν
660 4567 1126 4634 καταγινωσκέτω
1148 4565 1242 4618 τοῦ
1271 4565 1509 4620 Παύλου.
1534 4564 1708 4618 Ταῦτα

1882 4581 1938 4619 m
1970 4580 2156 4620 revera
2192 4568 2324 4622 dicit
2361 4567 2516 4640 (tiam
2579 4571 2751 4640 ipsum
2784 4571 3005 4627 omnino
3051 4589 3156 4628 non
3201 4573 3412 4643 judica-

176 4656 266 4726 γὰρ
294 4659 347 4711 οὑ
383 4661 507 4730 περὶ
545 4659 741 4712 ἑαυτοῦ
773 4657 992 4729 ἀληθῶς
1030 4674 1195 4727 φησιν
1221 4673 1234 4687 ·
1271 4657 1332 4710 οὑ
1358 4657 1467 4727 γὰρ
1506 4655 1706 4725 ἐκρινοι

1878 4658 2007 4730 int),
2041 4661 2137 4714 sed
2184 4675 2251 4715 ne
2279 4660 2414 4716 alios
2452 4661 2728 4732 judicent,
2764 4665 2818 4718 in
2876 4650 3094 4736 propria
3152 4678 3408 4737 persona,

176 4746 313 4799 αὑτὸν
335 4749 464 4815 ὅλως
487 4768 501 4781 ο
537 4749 658 4804 ἀλλ⁹
686 4749 774 4803 ἴνα
816 4749 942 4810 τοὺς
1001 4748 1194 4809 ἄλλους
1247 4746 1324 4817 μὴ
1357 4746 1635 4819 κρίνωσιν,
1660 4747 1706 4801 ἐι

1001 4748 1194 4809 ἄλλους
1247 4746 1324 4817 μὴ
1357 4746 1635 4819 κρίνωσιν,
1660 4747 1720 4801 ἐν
1818 4753 1962 4820 quod
2004 4751 2139 4817 vult,
2178 4753 2429 4824 corrigit.
2513 4799 2519 4806 .

175 4837 239 4908 τῷ
264 4844 434 4915 οἰκείῳ
463 4841 746 4914 προσώπῳ
781 4841 1042 4909 κατορθοῖ
1076 4840 1104 4892 ὃ
1127 4840 1400 4911 βούλεται.

239 4950 256 4983 ι
292 4934 421 4989 Ἀλλ’
455 4936 577 4990 οὑδὲ
602 4937 837 5007 ἐμαυτὸν
863 4934 1143 5003 ἀνακρίνω
1167 4950 1180 4964 ·
1221 4933 1378 4986 οὐδὲν
1401 4932 1508 5003 γὰρ
1542 4933 1717 5004 ἐμαυ-

1896 4933 2066 4989 Vsns.
2100 4935 2154 4990 4.
2188 4953 2206 4987 ι
2257 4934 2362 4990 Sed
2407 4952 2584 5007 neque
2638 4937 2900 5006 meipsum
2954 4938 3211 5009 dijudico.
3260 4937 3409 4994 Nihil

179 5021 243 5092 τῷ
302 5025 507 5082 σύνοιδα
535 5046 548 5059 ·
574 5027 693 5082 ἀλλ’
725 5027 830 5080 οὑκ
863 5027 920 5080 ἐν
965 5025 1142 5096 τούτῳ
1173 5023 1574 5096 δεδικαίωμαι·
1607 5026 1636 5079 ὁ
1664 5024 1709 5078 δὲ

1881 5030 1972 5082 nim
2011 5029 2139 5083 mihi
2172 5029 2427 5086 conscius
2456 5045 2616 5096 sum;
2656 5031 2751 5086 sed
2785 5047 2890 5086 non
2924 5032 2978 5086 in
3015 5034 3117 5088 hoc
3137 5030 3410 5100 justifica-

179 5118 453 5192 ἀνακρίνων
514 5140 582 5194 με
623 5122 827 5195 Κύριός
850 5124 988 5176 ἐστι.
1033 5139 1052 5173 ι
1091 5119 1185 5193 Μὴ
1223 5120 1486 5192 νομίσητε
1508 5121 1575 5185 ⁷³,
1619 5137 1709 5190 φη-

1879 5138 1913 5178 ιε
1939 5137 2082 5179 sum.
2122 5121 2227 5191 Qui
2260 5131 2441 5178 autem
2473 5139 2559 5178 me
2593 5122 2825 5193 judicat,
2853 5123 3110 5180 Dominus
3143 5135 3249 5180 est.
3285 5143 3306 5177 ι
3331 5124 3409 5180 Ne

181 5210 270 5274 σίν,
307 5214 383 5268 ὅτι
432 5215 574 5286 ὑμᾶς
630 5213 1069 5286 ὲξευτελίζων,ἢ
1117 5213 1244 5277 τοὺς
1287 5213 1479 5277 ἄλλους
1515 5211 1711 5276 πάντας

1879 5216 2184 5284 riStimetis,
2217 5215 2413 5286 inquit,
2461 5215 2605 5286 quod
2652 5216 3007 5287 villipendens
3061 5230 3156 5272 vos
3202 5216 3409 5271 aliosve

181 5301 493 5374 ἀνθρώπους,
538 5308 757 5374 ἀπαξιῶ
808 5306 1128 5378 κρίνεσθαι·
1168 5305 1284 5360 ἀλλ’
1313 5304 1436 5358 οὐδὲ
1485 5304 1711 5376 ὲμαυτὸι

1875 5324 2033 5375 nues,
2091 5309 2352 5381 dedigner
2399 5308 2676 5377 judicari:
2737 5324 2858 5363 nam
2913 5322 3087 5376 neque
3142 5308 3405 5377 meipsum

186 5393 350 5463 ἀρκεῖν
386 5400 624 5470 ἡγοῦμαι
658 5401 702 5433 τ’
733 5399 870 5470 πρὸς
897 5400 998 5470 τὴν
1018 5397 1276 5470 τοιαύτην
1303 5397 1614 5468 ἀκρίϐειαν.
1648 5398 1716 5451 OG

1874 5399 2074 5456 inicere
2117 5415 2317 5457 censeo
2369 5400 2438 5454 ad
2474 5391 2794 5472 bujusmodi
2839 5407 3087 5454 exactum
3116 5398 3404 5469 judicium.

1470 5537 1672 5602 Variae
1700 5538 2031 5608 lectiones.

213 5663 280 5748 ,τ’
301 5664 606 5750 διῃρημένοι
656 5668 1172 5750 atpt'tailsxdonv‘to
1223 5668 1495 5750 λέγοντες.
1639 5670 1794 5750 δεῖνα.
1841 5669 1935 5725 τοῦ
1961 5670 2135 5750 ,δεῖνα
2173 5669 2576 5750 κρείττωνοηδ
2637 5667 2786 5722 δεῖνα
2834 5666 3178 5750 λοχιιῖηερος.
3244 5668 3400 5726 Ἐπεὶ

183 5736 769 5878 (judice:
794 5736 1321 5798 sedebant'diccmes.
1375 5741 1475 5796 llic
1523 5741 1614 5796 illo
1673 5758 1713 5795 ut

1872 5758 1894 5806 ,-
1953 5741 2036 5794 hic
2089 5736 2429 5808 eloqncnlior.
2487 5736 2616 5793 Cum
2677 5755 2818 5810 ergo.
2897 5736 2937 5773 τ’
2997 5736 3253 5813 νομίζητε
3319 5756 3399 5798 tn.
