3874 6552
419 339 521 410 611

1334 337 1907 401 THEOPIIYI..\CT1
1938 336 2344 397 BULGlRIE
2385 335 2735 399 ARClIiEP.

3560 334 3673 401 612

406 459 534 519 Non
565 458 706 514 enim
736 456 987 514 conscius
1004 470 1125 511 sum
1147 455 1277 512 mihi
1304 458 1530 525 alicujus
1561 456 1762 525 lapsus,
1786 454 1983 525 quippe

2110 454 2313 510 r-Jv0261
2341 457 2442 524 μὲν
2476 457 2585 528 γὰρ
2607 455 2839 529 ἐμαυτῷ
2871 454 3121 526 πταῖσμά
3169 471 3244 519 τι,
3276 453 3370 509 ἅτε
3408 452 3483 525 μὴ
3511 451 3678 509 δυνάο

416 569 508 622 ιιυι
547 560 694 606 recte
725 558 778 605 et
809 560 998 605 exacte
1032 548 1189 621 142
1222 549 1464 615 judicare
1490 562 1696 618 nequeo
1723 566 1736 603 :
1776 551 1990 602 vertun-

420 655 595 698 tamen
643 643 694 694 in
741 643 843 695 hoc
891 656 993 694 non
1021 641 1347 710 jusuticatus
1380 655 1520 704 sum,
1574 640 1674 693 hoc
1716 647 1822 701 est,
1885 651 1987 689 non

419 752 534 789 sum
572 749 737 804 purus
772 749 801 787 a
849 742 1092 799 peccato.
1130 730 1437 785 Verisimile
1479 744 1711 799 namque
1755 737 1857 791 cst,
1907 742 1990 781 me

418 833 635 892 peccata
663 823 927 891 quaepiam
961 822 1267 883 admisisse,
1298 834 1382 873 me
1408 830 1585 872 tamen
1617 820 1866 887 ignorare
1893 830 1986 870 ea:

376 945 383 951 ι
418 914 679 969 Dominus
708 925 886 967 autem
919 913 1069 967 solus
1103 921 1185 965 est
1220 913 1308 980 qui
1354 908 1711 963 infallibiliter
1765 919 1991 963 exacte-

419 1022 523 1077 que
579 1006 805 1074 iudicat.
875 1004 1008 1058 Hinc
1056 1003 1169 1072 jam
1206 1012 1417 1070 reputa,
1472 1016 1632 1070 quam
1667 1009 1856 1055 exacta
1888 998 1993 1053 erit

422 1100 694 1168 indagatio
733 1098 895 1151 futuri
928 1096 1138 1165 jtttlicii.

497 1189 660 1244 Vens.
705 1190 758 1243 5.
804 1208 823 1241 ι
863 1188 1045 1258 Itaque
1078 1205 1143 1242 ne
1183 1198 1307 1243 ante
1338 1198 1547 1258 tempus
1579 1186 1871 1256 quidquam
1899 1185 1989 1253 ju-

422 1282 648 1346 dicetis,
709 1284 884 1349 quoad
941 1296 1108 1351 usque
1162 1283 1343 1334 veniat
1400 1280 1679 1335 Damiuus.
1728 1297 1746 1330 ι
1803 1276 1994 1334 Viden’

422 1381 706 1444 propterea
751 1372 863 1426 hare
894 1369 1119 1425 Paulum
1162 1372 1384 1436 dixisse,
1417 1384 1482 1423 ne
1515 1368 1605 1424 alii
1641 1384 1669 1421 a
1698 1366 1995 1424 Corinthiis

417 1465 748 1532 jiwiceutur,
785 1478 888 1515 non
923 1473 1100 1516 autem
1139 1473 1363 1527 propter
1393 1459 1680 1529 seipsum?
1724 1458 1802 1513 lta
1840 1476 1994 1513 nam-

423 1571 529 1624 que
564 1553 716 1607 divus
749 1550 949 1607 Paulus
976 1564 1237 1622 perpetuo
1260 1551 1423 1614 solet,
1455 1565 1573 1619 quae
1602 1549 1822 1604 alterius
1847 1559 1992 1616 Sunt,

427 1648 478 1699 iu
540 1645 812 1715 propriam
878 1647 1175 1698 transferre
1234 1658 1556 1712 personam,
1621 1642 1781 1712 inque
1819 1644 1996 1713 seipso

425 1738 637 1797 decere,
674 1739 813 1803 quod
848 1747 925 1789 cst
960 1736 1238 1789 docturus.

503 1846 522 1879 ι
558 1826 658 1893 Qui
709 1837 761 1881 et
804 1825 1128 1880 illuminabit
1174 1826 1486 1880 abscondita
1527 1825 1895 1883 tenebrarum,
1939 1839 1990 1879 et

429 1918 804 1972 n-anifcstabit
829 1917 1052 1971 consilia
1085 1919 1347 1971 cordium.
1382 1934 1401 1968 ›
1438 1915 1588 1970 Nunc
1624 1918 1862 1986 quidem,
1898 1918 1993 1983 ait,

428 2012 828 2065 absmnduntur
877 2024 1039 2078 prava
1091 2024 1253 2078 Opera
1290 2009 1426 2078 (lucc
1457 2010 1599 2063 enim
1653 2017 1779 2063 sunt
1807 2026 1827 2061 ι
1870 2010 1992 2062 abs-

427 2103 645 2158 c0udita
691 2105 1033 2157 tenebrarum
1081 2102 1167 2171 ι),
1201 2112 1257 2156 et
1306 2115 1676 2170 sa’peuumcro
1731 2102 1995 2171 quispiam

430 2196 627 2250 Virtute
666 2208 785 2248 esse
824 2194 1078 2261 praeditus
1105 2204 1349 2263 apparet,
1383 2209 1501 2247 cum
1546 2194 1616 2247 sit
1645 2191 1907 2263 profanus
1942 2201 1998 2247 et

429 2297 739 2356 corruptus.
775 2285 928 2341 Tunc
954 2299 1133 2344 autem
1174 2285 1316 2339 Deus
1357 2283 1615 2339 rchlabit
1651 2286 1854 2348 olnuia,
1891 2284 1999 2337 imo

427 2389 482 2433 et
536 2379 778 2432 cordimn
830 2377 1053 2432 coasilia
1102 2379 1155 2431 in
1209 2376 1380 2431 lucem
1438 2377 1696 2444 proferet.
1752 2374 1997 2443 Exempli

427 2471 599 2542 gratia
627 2488 641 2524 :
694 2470 790 2525 Hic
824 2472 1104 2541 quisquam
1138 2471 1420 2539 praeconiis
1456 2484 1779 2540 quemquam
1810 2468 1996 2524 vehit:

428 2572 496 2611 en
523 2572 633 2610 runt
666 2556 884 2617 bonam,
922 2558 1014 2613 sed
1038 2561 1302 2611 sententia
1330 2556 1556 2612 fortasse
1590 2557 1996 2625 corrumpitur:

430 2664 552 2703 nam
588 2666 691 2702 nou
732 2652 872 2704 bono
905 2649 1042 2705 forte
1072 2651 1250 2705 isthuc
1284 2665 1448 2717 sc0po
1478 2651 1605 2720 agit.
1646 2648 1888 2713 Rursus,
1913 2666 2000 2704 re-

429 2742 714 2811 prehendit
767 2741 853 2796 hic
909 2743 1214 2811 quempiam
1269 2742 1484 2812 aliquis,
1534 2751 1587 2796 at
1647 2743 1841 2797 nonin
1874 2758 1998 2798 eum

435 2837 617 2898 linem,
647 2843 704 2886 nt
758 2836 1015 2901 corrigat,
1048 2835 1142 2888 sed
1173 2845 1229 2887 ut
1259 2835 1545 2905 patefaciat
1579 2834 1762 2889 fratris
1809 2850 2000 2904 pecca-

436 2934 569 2977 tum.
616 2924 790 2992 Atque
823 2924 1125 2990 hujusmodi
1172 2925 1456 2980 innumera
1498 2925 1743 2982 cordium
1775 2926 1999 2982 consilia

438 3026 565 3069 tunc
601 3025 931 3085 retegentur.

2020 1792 2067 1851 B

2095 563 2254 617 μενος
2283 546 2459 618 ὀρθῶς
2486 548 2693 616 κρίνειν
2712 549 2805 602 καὶ
2827 546 3087 618 ἀκριϐῶς.
3122 564 3140 598 ι
3171 546 3314 618 Πλὴν
3339 546 3441 599 οὐκ
3461 545 3520 598 ἐν
3545 541 3677 598 τοῦ·

2092 655 2168 707 τῳ
2196 638 2551 710 δεδικαίωμαι
2575 655 2590 671 ⁸
2632 658 2651 692 ι
2683 645 2980 701 τουτέστιν,
3021 641 3133 692 Οὐκ
3166 640 3277 710 εῖμὶ
3301 636 3542 709 καθαρὸς
3564 636 3677 692 ἀπὸ

2093 730 2392 800 ἁμαρτίας.
2427 732 2585 796 Εἰκὸς
2605 734 2714 804 γὰρ
2745 732 3101 803 ἡμαρτῆσθαι
3135 732 3232 801 μέν
3274 731 3366 802 μοί
3396 746 3542 793 τινα,
3570 728 3676 800 ἐμὲ

2093 822 2149 876 δὲ
2210 824 2429 891 ἀγνοεῖν
2462 824 2636 878 ταῦτα
2656 841 2669 855 ·
2693 826 2722 877 6
2748 824 2802 877 δὲ
2827 815 3030 895 Κύριος
3064 823 3221 892 μόνος
3246 822 3397 876 ἐστὶν
3427 824 3456 876 6
3508 822 3676 892 ἀκρι-

2096 913 2208 977 σῶς
2238 918 2334 970 καὶ
2373 916 2633 985 ἀσφαλῶς
2688 917 2912 987 κρίνων.
2964 913 3249 968 Ἐντεῦθεν
3281 915 3337 967 δέ
3383 931 3477 984 μοι
3514 913 3676 983 λογί-

2099 1008 2218 1072 ζου,
2259 1008 2401 1078 πόση
2433 1008 2531 1079 τῆς
2561 1007 2863 1079 μελλούσης
2899 1007 3135 1079 κρίσεως
3157 1005 3434 1078 ἀκρίϐεια.

2182 1204 2202 1237 ι
2239 1186 2401 1240 Ὥστε
2430 1185 2506 1256 μὴ
2526 1185 2633 1257 πρὸ
2658 1184 2852 1257 καιροῦ
2883 1203 2936 1239 τι
2971 1183 3210 1255 κρίνετε,
3262 1182 3368 1248 ἕως
3422 1182 3489 1237 ἂν
3544 1180 3677 1254 ἔλθῃ

2094 1276 2123 1329 6
2154 1274 2376 1345 Κύριος.
2424 1295 2442 1328 ι
2488 1274 2679 1345 Ὁρᾷς,
2704 1275 2787 1329 ὅτι
2815 1276 2903 1329 διὰ
2941 1275 3004 1327 τὸ
3031 1274 3106 1344 μὴ
3139 1271 3420 1342 κρίνεσθαι
3448 1271 3677 1342 ἑτέροπ

2097 1369 2250 1438 παρὰ
2290 1369 2400 1422 τῶν
2446 1367 2758 1438 Κορινθίων
2811 1366 2987 1421 ταῦτα
3033 1361 3189 1418 εἶπεν
3215 1367 3243 1418 ό
3276 1363 3515 1428 Παῦλος,
3550 1365 3680 1432 οὐχὶ

2098 1460 2155 1514 δὲ
2182 1459 2250 1513 δι’
2287 1462 2519 1528 ἑαυτον;
2552 1460 2806 1523 Τοιοῦτος
2836 1461 2946 1531 γὰρ
2980 1461 3008 1512 6
3063 1456 3298 1521 Παῦλος,
3334 1455 3423 1512 ἀεὶ
3481 1458 3563 1519 είς
3612 1455 3678 1507 τὸ

2101 1554 2305 1606 οἰκεῖον
2331 1555 2623 1622 πρόσωπον
2648 1552 3039 1623 ἀναδεχόμενος
3070 1552 3139 1605 τὰ
3167 1550 3276 1604 τῶν
3314 1551 3543 1622 ἐτέρων,
3579 1549 3680 1602 καὶ

2099 1643 2159 1695 ὲν
2192 1641 2341 1712 αὐτῷ
2363 1642 2654 1706 διδάσκων,
2686 1639 2722 1694 ἃ
2754 1640 2939 1712 μέλλει
2971 1639 3272 1697 διδάσκειν.

2172 1843 2191 1877 ι
2239 1825 2336 1887 Ὃς
2385 1821 2480 1877 καὶ
2520 1820 2748 1890 φωτίσει
2780 1819 2845 1874 τὰ
2893 1818 3115 1891 κρυπτὰ
3155 1818 3251 1873 τοῦ
3281 1819 3530 1884 σκότους,
3581 1819 3680 1874 καὶ

2098 1913 2406 1987 φανερώσει
2432 1915 2529 1973 τὰς
2563 1911 2758 1983 βουλὰς
2790 1912 2898 1965 τῶν
2926 1911 3192 1982 καρδιῶν.
3227 1908 3246 1963 ὸ
3285 1910 3398 1963 Νῦν
3419 1912 3536 1979 μὲν,
3574 1928 3682 1979 φη-

2100 2008 2205 2069 σὶν,
2241 2005 2683 2075 ἀποκρύπτονται
2723 2006 2780 2057 αἱ
2827 2004 3063 2074 πονηραὶ
3096 2002 3323 2074 πράξεις
3347 1995 3536 2074 (αὗται
3567 2004 3680 2073 γὰρ

2107 2119 2126 2152 ι
2165 2100 2234 2151 τὰ
2260 2096 2480 2167 κρυπτὰ
2512 2095 2606 2148 τοῦ
2644 2096 2874 2159 σκότους
2900 2095 2944 2127 ’³
2974 2096 3044 2165 ι),
3080 2095 3175 2148 καὶ
3201 2093 3460 2157 πολλάκις
3487 2093 3683 2164 ἐνάρε-

2097 2192 2187 2254 τός
2219 2207 2302 2255 τις
2329 2190 2479 2243 δοκεῖ
2506 2184 2670 2253 εἶναι,
2716 2188 2944 2258 βέόηλος
2988 2186 3064 2241 ὣν
3102 2188 3197 2241 καὶ
3251 2186 3676 2256 διεφθαρμένος.

2100 2282 2238 2336 Τότε
2274 2281 2333 2336 δὲ
2370 2281 2398 2333 6
2425 2280 2557 2345 Θεὸς
2581 2279 2924 2349 ἀποκαλύψει
2952 2281 3154 2342 πάντα,
3196 2278 3284 2331 ναὶ
3303 2277 3411 2349 μὴν
3443 2279 3541 2330 καὶ
3572 2277 3677 2341 τὰς

2103 2373 2297 2446 βουλὰς
2341 2372 2450 2426 τῶν
2506 2371 2747 2443 καρδιῶν
2813 2370 3142 2443 φανερώσει.
3197 2365 3326 2426 Οἶον
3354 2387 3371 2402 ’
3405 2369 3681 2425 Ἐνταῦθα

2101 2467 2318 2520 ἐπαινεῖ
2366 2463 2452 2526 τίς
2509 2478 2665 2516 τινα·
2701 2462 2811 2516 ίδοί)
2862 2462 2923 2516 τὸ
2977 2463 3213 2534 πρᾶγμα
3264 2461 3451 2529 καλὸν,
3487 2461 3610 2516 ἀλλ’
3642 2464 3679 2531 ἠ

2103 2556 2271 2629 βουλὴ
2300 2556 2429 2616 ἴσως
2450 2555 2775 2627 διέφθαρται
2800 2572 2816 2588 υ
2841 2553 3003 2627 τυχὸν
3024 2556 3134 2627 γὰρ
3161 2556 3221 2609 οὐ
3264 2554 3454 2626 σκοπῷ
3481 2553 3678 2624 ἀγαθῷ

2100 2648 2263 2704 τοῦτο
2305 2649 2472 2702 ποιεῖ.
2508 2648 2698 2714 Πάλιν,
2750 2645 3018 2717 διελέγχει
3063 2645 3225 2715 δῆθέν
3252 2663 3397 2711 τινα,
3429 2644 3547 2699 ἀλλ’
3576 2645 3681 2714 οὐχ

2104 2744 2247 2801 ὥστε
2285 2743 2713 2818 διορθώσασθαι,
2748 2745 2866 2798 ἀλλ’
2897 2744 3039 2797 ὥστε
3075 2737 3461 2810 ὲκπομπεῦσαι
3482 2737 3551 2791 τὰ
3579 2736 3678 2790 τοῦ

2102 2837 2358 2908 ἀδελφοῦ.
2387 2838 2497 2893 Καὶ
2528 2838 2722 2909 μυρίαι
2773 2834 3022 2892 τοιαῦται
3055 2831 3247 2905 βουλαὶ
3273 2829 3518 2902 καρδιῶν
3553 2832 3680 2884 τότε

2104 2930 2585 3003 φανερωθήσονται
2614 2928 2663 2962 ⁷⁸

513 3122 534 3156 ι
569 3102 723 3159 Tunc
755 3104 1191 3175 uniquiquelaus
1217 3106 1321 3159 erit
1342 3120 1371 3160 a
1404 3106 1534 3161 Deo.
1582 3123 1603 3159 ι
1637 3103 1781 3161 Ordo
1807 3116 1999 3178 postu-

2140 3092 2149 3101 ’
2185 3131 2202 3163 ι
2229 3109 2363 3165 Τότε
2386 3110 2414 3163 6
2436 3108 2657 3172 ἔπαινος
2674 3107 2969 3178 γενήσεται
2997 3106 3213 3178 ἑκάστῳ
3235 3104 3343 3159 ἀπὸ
3360 3088 3455 3159 τοῦ
3478 3103 3675 3159 Θεοῦ.»

437 3196 582 3251 labat
615 3235 633 3264 ,
671 3204 730 3251 ut
767 3197 989 3263 diceret,
1033 3198 1111 3252 vel
1143 3212 1301 3267 pmua
1332 3200 1414 3253 vel
1456 3198 1613 3257 laus:
1656 3209 1910 3256 cancrum
1944 3200 1997 3254 iu

439 3286 714 3341 meliorem
744 3296 952 3357 partem
987 3303 1291 3344 sermonem
1317 3290 1612 3347 transtulit.

506 3376 673 3437 Vens.
700 3379 754 3435 6.
792 3399 811 3432 ι
854 3379 979 3436 Haec
1017 3391 1218 3445 autem,
1252 3381 1449 3438 fratres
1493 3382 1619 3449 mei,
1663 3382 1909 3438 transtuli
1945 3383 1999 3439 in

436 3487 523 3528 me
554 3482 608 3526 et
638 3474 834 3541 Apollo
852 3483 1081 3544 propter
1106 3489 1223 3540 vos,
1264 3481 1324 3529 ut
1351 3475 1574 3529 discatis
1603 3474 1656 3529 in
1694 3474 1870 3541 nobis,
1897 3491 2000 3528 non

435 3578 596 3633 supra
634 3564 688 3619 id
733 3567 874 3634 quod
906 3567 1167 3634 scriptum
1200 3575 1304 3631 est,
1336 3579 1548 3635 sapere.
1579 3583 1598 3617 ι
1625 3594 1693 3605 —
1726 3582 1745 3617 ι
1783 3563 1929 3630 Hzec,
1976 3583 1996 3617 ι

439 3669 629 3725 nempe
660 3671 782 3724 qua:
810 3672 971 3726 supra
1003 3657 1147 3711 dicta
1187 3666 1315 3712 sunt
1364 3657 1430 3711 de
1464 3657 1916 3719 dissensionibus,
1951 3666 2004 3710 et

435 3763 560 3818 qua:
597 3749 853 3817 deinceps
885 3748 950 3802 de
987 3764 1091 3802 non
1141 3747 1437 3816 iudicando
1466 3748 1623 3804 alios.
1682 3747 1772 3817 Ut,
1808 3748 2001 3817 inquit,

436 3855 532 3909 per
584 3851 824 3894 nostram
879 3853 1165 3910 personam
1218 3844 1440 3896 discatis
1483 3857 1589 3896 non
1637 3855 1830 3910 sapere
1863 3841 2001 3895 ultra

436 3946 597 3998 quam
625 3932 887 4000 scriptum
937 3940 1043 3985 est.
1094 3929 1233 3984 Dicit
1268 3936 1411 3986 enim
1466 3932 1769 4002 Scriptura,
1806 3933 2005 3986 docens

438 4032 493 4073 ut
540 4036 642 4074 non
671 4022 995 4075 extollmnur
1026 4033 1041 4073 :
1100 4037 1119 4070 ι
1158 4016 1186 4057 ιι
1210 4018 1309 4086 Qui
1351 4022 1465 4074 vult
1499 4036 1619 4075 esse
1672 4022 1897 4088 primus,
1934 4021 2004 4076 sit

437 4114 579 4166 inter
613 4126 705 4167 vos
736 4124 1079 4179 postremus:
1119 4130 1138 4163 ι
1184 4121 1258 4177 et,
1281 4133 1298 4165 ι
1329 4111 1488 4178 ‘Qui
1558 4112 1791 4181 seipsum
1828 4113 2007 4167 humi-

440 4205 534 4257 liat
558 4240 577 4269 ,
612 4205 938 4257 exalzabitur
968 4221 982 4257 :
1021 4222 1039 4254 ι
1074 4204 1235 4272 idque
1275 4220 1443 4273 genus
1467 4203 1569 4256 alia
1599 4206 1899 4258 innumera.
1931 4204 2006 4260 De

439 4310 546 4349 non
572 4295 870 4366 judicando
899 4306 1078 4351 autem
1107 4312 1122 4349 :
1158 4312 1178 4347 ι
1210 4293 1431 4351 nNolite
1458 4296 1728 4365 judicare,
1770 4309 1835 4349 ne
1861 4295 2005 4368 judi-

437 4402 659 4442 celllllll.
692 4404 713 4438 l

515 4495 537 4530 ι
577 4477 659 4533 Ne
688 4477 827 4533 alter
861 4478 1123 4533 adversus
1152 4477 1380 4533 alterum
1418 4477 1671 4533 inﬂemiui
1714 4481 1779 4534 de
1809 4479 1936 4535 alio.
1977 4497 1997 4532 ι
2029 4458 2084 4521 Ῐ)

438 4568 626 4626 isthuc
657 4571 725 4627 ad
758 4572 1014 4642 populum
1044 4571 1194 4627 dicit.
1221 4571 1534 4627 Doctrinam
1563 4572 1709 4627 enim
1737 4572 1932 4640 variat,
1962 4582 2014 4628 et

438 4662 716 4719 interdum
744 4665 798 4717 in
832 4665 1146 4734 discipulos,
1179 4666 1449 4721 interdum
1481 4673 1659 4721 autem
1686 4666 1739 4719 in
1757 4665 2012 4721 doetores

442 4761 501 4811 σει
530 4756 877 4827 magistratus
903 4757 1199 4824 invehitur,
1221 4756 1444 4827 perinde
1475 4772 1538 4813 ac
1560 4757 1671 4826 jam
1697 4772 1837 4812 nunc
1858 4756 2011 4814 facit.

443 4845 660 4901 Etenim
690 4849 971 4901 doctorum
1004 4848 1222 4904 nomine
1259 4847 1603 4903 inﬂabantur.
1630 4847 1873 4918 Exempli
1898 4862 2016 4917 gra-

446 4943 556 4994 tia:
609 4937 711 5005 Qui
762 4940 902 4993 hunc
937 4938 1212 4995 doctorem
1261 4941 1525 5009 habebat,
1559 4943 1819 4995 adversus
1850 4940 2008 5008 hujus

442 5031 770 5096 discipulum
814 5032 968 5086 valde
1019 5033 1382 5102 Superbiebat.
1430 5034 1498 5086 ob
1543 5046 1695 5086 suum
1730 5032 2005 5086 doctorem

443 5126 706 5179 advetsus
727 5124 951 5179 alterius
979 5126 1257 5181 doctorem
1292 5124 1528 5179 inﬂatus.
1568 5123 1796 5178 Pulchre
1827 5135 2007 5177 autem

444 5229 559 5268 rem
594 5214 765 5283 ipsam
792 5213 1122 5269 inﬂationem
1173 5214 1469 5269 nominavit
1494 5252 1509 5277 ,
1556 5212 1718 5268 veluti
1762 5211 1916 5266 tuber
1947 5225 2011 5266 ac

442 5313 732 5368 tumorem,
767 5320 864 5375 per
896 5307 1270 5378 metaphoram
1301 5304 1547 5376 corporis
1587 5318 1752 5375 pravo
1785 5305 2012 5359 humore

441 5398 525 5450 vel
549 5397 745 5469 spiritu
772 5396 964 5453 inﬂati.

2114 3202 2434 3258 ’Δκόλουθον
2458 3198 2526 3274 ἧν
2555 3202 2762 3255 εἰπεῖν·
2796 3201 2866 3255 Ἦ
2893 3198 3132 3271 τιμωρία
3157 3198 3191 3269 ἢ
3227 3201 3254 3252 6
3275 3197 3496 3262 ἔπαινος
3518 3213 3536 3228 ’
3563 3194 3685 3251 ἀλλ’

2104 3300 2182 3359 είς
2212 3297 2273 3351 τὸ
2312 3297 2691 3366 εὐφημότερον
2721 3291 2957 3346 ἀπέθετο
2991 3290 3082 3344 τὸν
3116 3288 3300 3359 λόγον.

2180 3408 2200 3443 ι
2230 3388 2416 3443 Ταῦτα
2470 3386 2550 3449 δὲ,
2602 3383 2821 3454 ἀδελφοί
2883 3401 3009 3455 μου,
3079 3381 3547 3453 μετεσχημάτισα,
3597 3381 3681 3445 εἰς

2105 3482 2341 3552 ἐμαυτὸν
2372 3480 2468 3533 καὶ
2501 3476 2745 3532 Ἀπολλὼ
2773 3477 2839 3530 δι’
2875 3477 3042 3548 ὑμᾶς,
3070 3475 3157 3529 ἵνα
3184 3477 3241 3528 ἐν
3285 3475 3416 3545 ἡμῖν
3465 3473 3679 3544 μάθητε

2102 3575 2163 3627 τὸ
2183 3573 2261 3643 μὴ
2289 3569 2472 3641 ὑπὲρὸ
2493 3570 2800 3640 γέγραπται
2824 3568 3060 3638 φρονεῖν.
3084 3585 3211 3618 ι-ι
3233 3566 3439 3631 Ταῦτα,
3474 3582 3494 3618 ι
3518 3567 3589 3619 τά
3621 3583 3682 3618 τε

2105 3663 2363 3734 ἀνωτέρω
2398 3660 2633 3731 ρηθέντα
2682 3660 2811 3728 περὶ
2860 3657 2970 3710 τῶν
3018 3655 3396 3726 διχοστασιῶν,
3462 3654 3559 3709 καὶ
3612 3655 3683 3707 τὰ

2104 3754 2386 3827 προσεχῶς
2408 3751 2537 3823 περὶ
2571 3750 2678 3804 τῶν
2709 3749 3143 3822 κατακρινόντων
3173 3748 3412 3819 ἐτέρους.
3449 3766 3469 3799 ι
3504 3749 3678 3807 ”Ῑνα,›

2107 3848 2264 3916 φησὶ,
2292 3845 2379 3897 διὰ
2396 3842 2489 3897 τοῦ
2519 3842 2788 3913 ἡμετέρου
2817 3840 3111 3913 προσώπου
3176 3857 3196 3891 ι
3246 3838 3457 3909 μάθητε
3484 3837 3545 3890 τὸ
3606 3838 3683 3908 μὴ

2106 3936 2480 4009 φρονείνιὺπὲρ
2504 3934 2532 3988 ὃ
2559 3936 2891 4002 γέγραπται.
2922 3949 2942 3986 ι
2973 3931 3135 4001 Λέγει
3154 3933 3262 4005 γὰρ
3282 3933 3315 4003 ἡ
3336 3932 3528 4003 Γραφὴ
3552 3935 3683 4005 περὶ

2111 4030 2213 4100 μὲν
2237 4028 2332 4082 τοῦ
2369 4027 2445 4098 μὴ
2491 4025 2821 4096 ἐπαίρεσθαι
2844 4042 2859 4058 ·
2898 4044 2917 4078 ι
2963 4024 3023 4078 '0
3054 4024 3224 4078 θέλων
3263 4019 3406 4077 εἶναι
3440 4025 3681 4094 πρῶτος,

2106 4123 2247 4177 ἔστω
2298 4122 2516 4175 πάντων
2578 4120 2839 4191 ἐσχατος’
2879 4136 2899 4171 ι
2935 4119 3052 4184 καὶ,
3089 4136 3108 4169 ι
3130 4118 3190 4171 '0
3241 4118 3517 4172 ταπεινῶν
3540 4108 3678 4171 ἑαυ-

2104 4215 2220 4278 τὸν,
2254 4212 2602 4283 ὑψωθήσεται
2626 4226 2640 4240 ’
2671 4229 2691 4264 ι
2723 4211 2818 4264 καὶ
2851 4208 3020 4279 μυρία
3061 4207 3308 4263 τοιαῦτα.
3341 4208 3479 4279 Περὶ
3506 4208 3562 4263 δὲ
3587 4208 3677 4262 τοῦ

2110 4306 2185 4378 μὴ
2207 4306 2412 4376 κρίνειν
2433 4321 2447 4336 ·
2482 4322 2500 4355 ι
2523 4302 2616 4374 Μὴ
2634 4302 2855 4375 κρίνητε
2877 4299 3039 4375 [υιιιρ.
3057 4299 3320 4375 κρίνετε],
3348 4301 3437 4355 ἵνα
3461 4300 3535 4374 μὴ
3557 4319 3670 4374 κρι-

2108 4396 2239 4469 θῆτε
2261 4398 2327 4450 ⁷⁸.
2370 4414 2388 4449 ι

2200 4508 2218 4540 ι
2251 4488 2368 4543 Ἵνα
2396 4487 2470 4560 μὴ
2509 4481 2587 4551 εἷς
2616 4487 2758 4556 ὑπὲρ
2798 4484 2889 4540 τοῦ
2930 4486 3049 4550 ἐνὸς
3091 4485 3394 4556 φυσιοῦσθε
3422 4488 3564 4542 κατὰ
3583 4486 3675 4541 τοῦ

2110 4578 2318 4649 ἑτέρου.
2357 4597 2375 4630 ι
2412 4576 2584 4631 Τοῦτο
2618 4576 2753 4647 πρὸς
2783 4577 2876 4630 τὸν
2902 4576 3032 4632 λαόν
3064 4594 3221 4647 φησι.
3258 4577 3532 4633 Ποικίλλει
3565 4579 3674 4650 γὰρ

2106 4671 2204 4742 τὴν
2229 4668 2602 4733 διδασκαλίαν,
2642 4668 2738 4721 καὶ
2768 4668 2898 4721 ποτὲ
2937 4668 3035 4738 μὲν
3060 4668 3195 4738 πρὸς
3241 4670 3370 4732 τοὺς
3423 4669 3672 4740 μαθητὰς

2109 4759 2495 4825 ἀποτείνεται,
2523 4758 2653 4811 ποτε
2697 4757 2753 4812 δὲ
2811 4758 2947 4828 πρὸς
3014 4759 3139 4822 τοὺς
3184 4758 3538 4825 διδασκάλους
3581 4763 3671 4814 καὶ

2109 4852 2235 4914 τοὺς
2261 4849 2552 4921 ἄρχοντας,
2585 4846 2774 4920 ὥσπερ
2805 4848 2871 4918 δὴ
2935 4850 3029 4902 καὶ
3061 4847 3177 4904 νῦν.
3211 4850 3323 4904 Καὶ
3378 4849 3487 4924 γὰρ
3533 4850 3669 4921 ὑπὲρ

2111 4943 2220 4997 τῶν
2243 4941 2578 4997 διδασκάλων
2604 4940 2948 5011 ὲφυσιοῦντο.
2975 4937 3123 5009 Οἷον,
3159 4943 3188 4996 6
3236 4942 3388 4998 τόνδε
3429 4945 3564 5015 ἔχων
3586 4944 3665 4997 διο

2112 5032 2380 5088 δάσκαλον
2411 5030 2557 5088 κατὰ
2582 5031 2736 5085 τοῦδε
2763 5031 2857 5085 τοῦ
2896 5032 3143 5104 μαθητοῦ
3171 5033 3221 5066 ’⁸
3263 5035 3407 5105 μέγα
3434 5036 3665 5106 ἐφρόνει,

2112 5124 2254 5192 ὑπὲρ
2289 5124 2382 5178 τοῦ
2403 5124 2604 5179 οἰκείου
2653 5123 2974 5177 διδασκάλου
3023 5122 3390 5197 φυσιούμενος
3422 5128 3555 5181 κατὰ
3575 5125 3666 5180 τοῦ

2111 5218 2299 5287 ἑτέρου
2326 5218 2674 5271 διδασκάλου.
2708 5217 2902 5281 Καλῶς
2936 5219 2994 5273 δὲ
3039 5219 3102 5272 τὸ
3142 5222 3373 5291 πρᾶγμα
3414 5220 3665 5290 φυσίωσιν

2106 5307 2410 5379 ὠνόμασεν,
2442 5310 2604 5363 οἱονεὶ
2647 5307 2812 5379 δγκον
2839 5311 2933 5364 καὶ
2959 5310 3183 5382 οἴδημα,
3216 5313 3325 5367 ἀπὸ
3358 5312 3664 5385 μεταφορᾶς

2113 5397 2367 5468 σώματος
2416 5400 2748 5470 φυσηθέντος
2804 5402 2911 5456 ὑπὸ
2935 5404 3176 5476 πονηροῦ
3228 5406 3463 5479 χυμοῦῆ
3505 5403 3660 5460 πνεύ-

2114 5504 2308 5558 ματος,

515 5582 543 5628 ι
583 5586 775 5642 Matth.
802 5601 896 5654 xx,
930 5542 1022 5642 g7.
1100 5591 1141 5615 ⁸·
1167 5581 1356 5640 Matth.
1403 5598 1561 5650 um,
1592 5581 1678 5638 12.
1753 5589 1782 5621 ιι
1824 5581 2015 5636 Matth.
2053 5542 2151 5645 vni,
2193 5581 2241 5633 l.

1758 5674 1966 5753 ,Varias
2027 5676 2350 5738 lectiones.

510 5779 559 5811 "
600 5776 805 5848 κόσμου
840 5790 894 5833 o.
969 5777 1014 5812 "
1033 5775 1367 5850 φανήσονται
1393 5791 1446 5834 o.
1524 5776 1572 5809 ⁷⁸
1605 5776 1697 5832 καὶ
1723 5775 1784 5830 οὐ
1823 5775 1897 5846 μὴ
1927 5773 2151 5845 κριθῆτε
2176 5790 2233 5829 ο.
2310 5776 2355 5806 ’⁸
2379 5775 2703 5829 διδασκάλου
2747 5794 2801 5833 u.
