3874 6604
175 375 266 443 613

949 349 1360 418 EXPOSITIO
1402 348 1484 412 1N
1512 346 1757 410 EPIST.
1791 346 1816 406 Ι
1849 348 1951 410 'AD
1984 348 2155 410 (ΜΒ.
2186 374 2250 387 -~
2288 347 2450 408 CAP.
2484 348 2584 411 IV.

3298 347 3403 415 CH

239 499 261 537 ε
284 477 372 541 Τίς
390 473 492 548 γάρ
521 487 580 527 σε
604 466 866 539 διακρίνει
891 484 908 537 ;
937 467 991 521 τί
1017 465 1073 520 δὲ
1098 464 1257 534 ἔχεις
1285 461 1314 515 ὃ
1343 461 1445 516 οὐκ
1472 455 1666 548 ἔλαϐες
1691 472 1706 518 ;

1886 456 2043 530 143
2066 456 2231 514 νεῖμ’.
2272 457 2330 514 7.
2363 474 2384 509 ι
2424 457 2556 525 Quis
2575 456 2720 512 enim
2747 465 2798 514 te
2827 456 3089 530 diiudicat
3110 458 3247 515 Ιἶιιιιι
3272 461 3404 533 quid

176 575 217 631 si
237 571 287 627 δέ
319 566 408 622 καὶ
431 547 637 624 ἔλαϐες,
662 558 715 613 τί
742 558 1016 630 καυχᾶσαι
1039 555 1115 619 ὡς
1145 556 1223 626 μὴ
1247 551 1465 618 λαϐὡν;
1498 568 1517 602 ι
1549 547 1718 603 Πάλιν

176 665 291 737 πρὸς
307 659 423 721 τοὺς
440 652 785 714 διδασκάλους
814 648 1182 713 ἀποτείνεται,
1208 645 1466 715 καίιφησι
1489 656 1503 671 ο
1542 639 1640 737 Τίς
1664 637 1717 671 "’

178 732 227 812 σε
253 752 473 822 διέκρινε
515 745 609 800 καὶ
654 743 963 813 ἐψηφίσατο
993 739 1143 805 ἀξιον
1193 736 1290 791 τοῦ
1334 732 1718 799 ἐπαινεῖσθαι;

179 847 460 916 ἇνθρωπος;
500 832 1024 905 Ἀλλ’ἐσςοάλλετο⁷⁸
1058 833 1092 903 ἡ
1146 829 1466 898 ἀνθρωπίνη
1515 826 1718 898 κρίσις.

181 942 334 996 Ἔστω
351 935 402 989 δὲ
424 935 506 988 ὅτι
550 930 640 987 καὶ
666 929 807 1000 ἔχεις
834 946 886 982 τι
909 925 1058 992 ἄξιον
1084 923 1309 977 ἐπαίνου
1331 937 1345 953 ο
1379 921 1439 975 οὐ
1471 920 1564 974 σόν
1607 920 1722 972 ἐστι

177 1034 328 1096 τοῦτο,
356 1027 486 1084 ἀλλά
507 1024 603 1080 τοῦ
632 1024 816 1085 δόντος
842 1037 854 1050 ’
894 1021 988 1074 καὶ
1014 1018 1207 1081 ἔλαϐες
1237 1014 1392 1083 αὐτὸ,
1425 1014 1488 1068 οὐ
1507 1012 1723 1082 κατώρ-

177 1126 348 1185 θωσας.
375 1119 434 1172 Ei
461 1116 515 1171 δέ
561 1117 655 1169 καὶ
679 1112 899 1177 ἔλαϐες,
941 1111 1057 1174 πῶς
1082 1107 1268 1163 λοιπὸν
1303 1105 1508 1178 ἐπαίρῃ
1540 1104 1615 1168 ὡς
1648 1101 1722 1175 μὴ

176 1214 347 1276 λαϐὼν,
370 1207 481 1265 ἀλλ’
502 1206 715 1261 οἴκοθεν
739 1203 896 1258 τοῦτο
916 1200 1054 1271 ἔχων
1077 1202 1173 1257 καὶ
1192 1201 1249 1267 ἐξ
1270 1198 1486 1251 οἰκείων
1513 1194 1721 1260 πόνωνς

176 1308 262 1360 Τὸν
285 1304 385 1374 γὰρ
427 1276 662 1354 λαϐόντα
694 1295 756 1350 οὐ
806 1293 887 1349 δεῖ
928 1291 1253 1365 ἐπαίρεσθαι
1285 1288 1370 1361 ἐφ’
1405 1280 1449 1357 ᾧ
1494 1285 1721 1340 ἐλαϐεν*

176 1392 562 1468 ἀλλότριοντγάρ
603 1392 775 1445 ἐστιν.

240 1597 256 1628 ι
290 1576 416 1646 Ἤδη
466 1566 863 1642 κεκορεσμένοι
912 1563 1060 1631 ἐστὲ,
1109 1564 1212 1636 ἡδη
1264 1560 1659 1635 ἐπλουτήσατε.
1700 1580 1720 1614 ι

178 1664 518 1740 Βαρυνομένου
543 1661 666 1717 ἐστὶ
696 1660 763 1714 τὰ
787 1659 1033 1731 ῥήματα.
1068 1654 1224 1710 Οὑτω
1255 1653 1418 1724 ταχὺ,
1444 1652 1729 1724 φησὶν,ού-

178 1760 300 1818 aevo;
327 1755 495 1812 δεῖσθε
516 1771 534 1822 ;
558 1751 795 1816 ὀὐδενός
826 1751 953 1804 ἐστε
992 1750 1051 1803 ὲν
1084 1747 1283 1822 χρείας
1312 1744 1428 1800 ἀλλ’
1453 1745 1555 1818 ἡδη
1604 1745 1726 1798 sxa-

183 1844 399 1923 ρὲσθητε,
436 1850 492 1902 ἐν
520 1846 694 1917 ὀλίγῳ
718 1843 899 1916 χρόνῳ
930 1843 1011 1906 είς
1045 1839 1106 1895 τὸ
1153 1839 1358 1895 τέλειον
1398 1836 1726 1909 φθάσαντες,

179 1945 257 1999 καί
277 1943 360 1996 τὸν
384 1938 615 1994 πλοῦτον
647 1937 826 1991 πάντα
855 1934 955 2006 τῆς
980 1949 1042 1986 τε
1074 1930 1331 2002 γνώσεως
1358 1931 1450 1984 καὶ
1487 1929 1596 1984 τῶν
1631 1947 1729 2000 χα-

183 2034 424 2106 ρισμάτων
452 2030 747 2095 λαϐόντες;
788 2027 983 2083 Καίτοι
1025 2042 1090 2096 γε
1123 2026 1181 2078 ἐν
1222 2022 1302 2094 τῷ
1333 2021 1580 2095 μέλλοντί
1612 2023 1729 2075 ἐστι

181 2129 229 2180 τὸ
253 2126 470 2179 τέλειον·
513 2123 677 2194 ὑμεῖς
708 2121 766 2175 δὲ
813 2119 945 2173 αὑτὸ
988 2119 1113 2191 ήδη,
1143 2116 1219 2181 ὡς
1253 2114 1453 2180 ἔοικεν,
1488 2112 1669 2185 ἔχετε·
1698 2113 1731 2187 ἡ

181 2216 270 2288 γὰρ
293 2215 548 2286 καύχησις
578 2213 743 2267 τοῦτο
779 2211 936 2282 δηλοῖ
964 2250 979 2276 ,
1005 2209 1087 2263 ὅτι
1119 2209 1197 2270 είς
1237 2206 1409 2278 αὐτὴν
1458 2205 1731 2276 ἐφθάσατε

181 2310 262 2379 τὴν
282 2306 603 2377 τελειότητα.
635 2303 822 2358 Ταῦτα
849 2303 905 2356 δὲ
936 2301 1107 2371 λέγει,
1138 2298 1403 2354 δεικνύων
1434 2298 1519 2354 ὅτι
1541 2296 1733 2354 ἀτελέ-

189 2399 348 2456 dumi
375 2401 511 2454 εἰσιν
541 2398 617 2465 ⁷⁸,
644 2397 800 2467 είπερ
830 2393 1003 2458 οὕτως
1027 2393 1232 2466 ἔχουσι.

242 2600 259 2634 ι
288 2581 458 2651 Χωρὶς
511 2578 677 2651 ἡμῶν
725 2574 1135 2632 ἐϐασιλεύσατε.
1178 2593 1197 2627 ι
1235 2575 1344 2628 Καὶ
1378 2572 1553 2629 ταῦτα
1596 2571 1735 2644 μετὰ

183 2674 257 2729 τοῦ
281 2672 430 2728 αὐτοῦ
462 2670 632 2744 ἡθους
660 2671 817 2743 φησι,
851 2668 913 2725 τὸ
967 2667 1319 2741 ἀσυνείδητον
1363 2664 1543 2720 αὐτῶν
1571 2666 1735 2718 ἐνδει-

183 2765 431 2836 κνύμενος,
463 2766 544 2819 ὅτι
567 2762 921 2829 Τηλικούτων
952 2760 1273 2827 ἀξιωθέντες
1308 2759 1462 2830 ὑμεῖς
1494 2755 1732 2827 δωρεῶν,

184 2858 233 2913 οὐ
290 2857 530 2930 βούλεσθε
607 2857 759 2929 ἡμᾶς
826 2856 951 2920 τοὺς
1019 2855 1366 2924 πονήσαντας
1446 2850 1737 2915 κοινωνοὺς

184 2948 359 3005 λαϐεῖν.

246 3061 263 3095 ι
295 3044 399 3098 Καὶ
435 3040 664 3114 δφειλόν
694 3038 862 3113 [υιιίρ.
891 3035 1075 3111 δφελ.]
1105 3054 1168 3106 γε
1198 3034 1610 3106 ἐϐασιλεύσατε,
1649 3036 1738 3091 ῖνα

1819 547 1989 604 habes
2022 550 2164 620 quod
2206 563 2314 603 non
2337 548 2596 618 accepisti
2621 549 2645 603 ?
2667 548 2710 603 si
2744 559 2923 606 autem
2968 551 3244 621 accepisti,
3271 553 3406 624 quid

1819 639 2072 712 gloriaris
2113 650 2370 709 tanquam
2399 655 2506 695 non
2543 641 2911 711 acceperis?»
2951 638 3158 699 Rursus
3186 644 3238 699 in
3302 645 3408 700 do-

1829 737 2011 785 ctores
2036 728 2330 794 invehitur,
2351 729 2602 800 inquiens
2623 749 2636 786 :
2660 732 2794 799 Quis
2823 742 2873 788 te
2896 733 3056 790 laude
3078 737 3295 806 dignum
3315 737 3405 808 ju-

1823 819 2026 874 dicavit
2062 829 2155 874 aut
2186 820 2436 875 censuit?
2462 820 2664 875 homo?
2697 821 2861 892 Atqui
2909 824 3065 878 fallax
3102 837 3184 880 εει
3208 827 3405 882 huma-

1822 928 1949 968 num
1974 912 2261 982 judicium.
2280 912 2413 968 Esto
2434 924 2611 969 autem
2636 922 2690 969 te
2719 916 2970 984 quiddam
2990 916 3151 972 laude
3175 918 3394 989 dignum

1820 1003 2054 1059 habere:
2075 1014 2222 1058 tuum
2243 1012 2417 1058 tamen
2439 1003 2616 1058 isthuc
2634 1018 2737 1058 non
2757 1014 2860 1069 est,
2877 1005 2972 1060 sed
2989 1007 3105 1077 ejus
3116 1008 3207 1077 qui
3226 1008 3405 1078 dedit‘,

1822 1107 1876 1152 et
1903 1096 2160 1166 accepisti
2195 1095 2350 1160 illud,
2377 1111 2485 1151 non
2512 1097 2619 1151 tuis
2663 1096 2921 1165 operibus
2961 1101 3223 1155 meruisti.
3252 1100 3408 1169 Quod

1824 1188 1868 1242 si
1889 1189 2170 1259 accepisti,
2208 1188 2337 1259 quid
2364 1188 2622 1258 deinceps
2644 1188 2858 1245 eﬂ‘crris
2895 1200 3152 1261 tanquam
3173 1208 3280 1248 non
3309 1208 3409 1249 ac-

1830 1282 2067 1352 ceperis,
2110 1282 2222 1355 sed.
2242 1295 2309 1336 ex
2344 1281 2581 1350 propriis
2608 1282 2883 1339 laboribus
2909 1299 3006 1353 per
3034 1294 3085 1340 te
3113 1286 3365 1341 habueris
3383 1285 3412 1342 ῖ

1830 1371 1930 1439 Qtii
1964 1372 2107 1425 enim
2135 1373 2344 1441 accepit
2367 1375 2687 1445 quidquam,
2712 1390 2835 1431 eum
2863 1391 2966 1431 non
2994 1385 3209 1448 oportet
3227 1376 3410 1434 eﬂerri

1825 1465 1895 1518 ob
1926 1464 1977 1516 id
2001 1462 2145 1532 quod
2175 1469 2484 1534 acceperit:
2515 1466 2750 1521 alienum
2780 1469 2923 1522 enim
2960 1469 3065 1523 hoc
3092 1479 3195 1525 est.

1900 1551 2062 1608 Vens.
2098 1552 2151 1607 8.
2199 1571 2218 1605 ι
2265 1552 2382 1608 Jatn
2417 1558 2638 1611 saturati
2690 1557 2843 1624 estis,
2892 1559 3006 1628 jam
3052 1559 3243 1616 divites
3284 1559 3412 1618 facti

1826 1647 1979 1702 estis.
2012 1665 2030 1698 ι
2066 1646 2318 1702 Graviter
2368 1648 2592 1704 ferentis
2638 1660 2765 1704 sunt
2824 1651 2938 1707 huic
2984 1651 3165 1708 verba.
3192 1653 3414 1711 Adeone

1828 1737 1956 1805 cito,
1982 1739 2178 1808 inquit,
2212 1738 2414 1795 nullius
2439 1739 2736 1812 indigetis?
2764 1743 2904 1796 nulla
2934 1744 3093 1814 plane
3126 1760 3183 1800 re
3204 1746 3415 1804 habetis

1830 1830 1998 1899 Opus?
2031 1831 2125 1884 sed
2153 1830 2264 1900 jam
2297 1833 2522 1886 Saturati
2555 1835 2711 1898 estis,
2749 1834 2946 1905 exiguo
2995 1838 3256 1907 temporis
3289 1854 3416 1909 spa-

1833 1922 1908 1977 tio
1938 1924 2322 1992 perfectionem
2352 1925 2704 1995 attingentes,
2755 1941 2948 1983 omnes
2998 1938 3110 1983 tum
3141 1932 3415 2001 cognitio-

1832 2017 1916 2069 nis
1971 2024 2082 2069 tum
2135 2015 2524 2071 charismatum
2576 2018 2795 2075 divitias
2845 2023 3217 2091 accipientes?
3248 2026 3415 2096 Atqui

1831 2094 2090 2177 perfectio
2119 2118 2202 2162 est
2237 2111 2287 2162 iu
2321 2108 2506 2164 l'ttturo‘
2547 2127 2562 2164 :
2593 2127 2690 2165 vos
2716 2129 2845 2167 vero
2884 2114 2998 2185 jam
3033 2133 3178 2173 nunc
3209 2094 3413 2190 ipsum,

1833 2209 1888 2254 ut
1924 2200 2154 2265 videtur,
2189 2203 2403 2256 tenetis.
2449 2201 2709 2285 Gloriatio
2744 2222 2977 2277 namque
3015 2221 3189 2272 vestra
3233 2214 3413 2270 istbuc

1835 2291 2057 2359 indicat,
2094 2297 2235 2361 quod
2262 2295 2328 2349 ad
2362 2295 2530 2363 ipsam
2561 2302 3081 2357 consummationem
3106 2305 3419 2375 perveneri-

1833 2383 1922 2439 tis.
1960 2381 2083 2438 Hmc
2114 2396 2293 2439 autem
2323 2387 2474 2454 dicit,
2513 2400 2827 2446 monstrans
2868 2407 2963 2448 eos
3014 2397 3255 2450 omnium
3291 2411 3416 2454 esse

1836 2475 2354 2546 iniperl‘ectissimos,
2386 2478 2430 2533 si
2462 2481 2527 2533 ad
2573 2482 2714 2536 hunc
2750 2485 2966 2539 modum
3000 2501 3122 2542 sese
3153 2489 3413 2546 habeant.

1912 2586 1930 2620 ι
1964 2568 2093 2623 Sine
2116 2571 2284 2623 nobis'
2303 2573 2569 2641 regnastis
2603 2591 2622 2625 ι
2651 2573 2792 2628 Istud
2823 2592 3040 2647 quoque
3064 2579 3253 2634 eodem
3281 2579 3411 2636 σαε-

1837 2670 1926 2716 ctu
1954 2660 2106 2727 dicit,
2140 2671 2374 2715 mentem
2400 2662 2641 2732 ipsorum
2664 2668 3012 2722 conscientiae
3030 2678 3306 2739 expertem
3338 2671 3423 2725 in-

1837 2751 2045 2807 diCans.
2084 2751 2216 2807 Cum
2251 2752 2395 2807 enim
2421 2762 2495 2808 tot
2527 2756 2803 2824 tantisque
2836 2760 2992 2829 do‘nis
3022 2761 3203 2814 donati
3234 2761 3421 2833 perin-

1839 2842 1996 2914 sique
2025 2844 2166 2905 sitis,
2214 2860 2318 2899 non
2349 2846 2532 2912 vultis,
2575 2847 2774 2919 inquit,
2805 2865 2905 2905 nos
2934 2852 3089 2909 vobis
3118 2864 3418 2922 consortes,

1723 2961 1726 2963 λ
1838 2940 1929 3012 qni
1967 2949 2143 2993 tamen
2187 2939 2576 3008 laboravimus,
2600 2944 2874 3015 accipere.

1893 3048 1912 3080 ι
1951 3028 2129 3099 Atque
2160 3032 2367 3083 utinam
2406 3032 2662 3100 regnetis,
2707 3046 2767 3088 ut
2810 3045 2863 3090 et
2885 3049 2983 3091 nos
3014 3036 3287 3093 vobiscum
3329 3053 3423 3096 rc-

186 3134 265 3189 ttal.
306 3137 456 3206 ἡμεῖς
508 3135 647 3205 ὑμῖν
702 3128 1257 3202 συμϐασιλεύσωμεν.
1291 3146 1310 3180 ι
1352 3128 1499 3195 Εἴθε,
1545 3119 1731 3199 φησιν,

1847 3136 2068 3191 gnemus
2104 3120 2152 3175 ι»
2194 3119 2429 3185 Utinam,
2463 3123 2661 3194 inquit,
2715 3127 2972 3197 regnetis,
3016 3129 3120 3185 hoc
3162 3137 3266 3195 est,
3299 3145 3423 3201 per-

186 3225 560 3288 ἐϐασιλεύσατε,
618 3225 888 3285 τουτέστι,
935 3221 1030 3276 τοῦ
1079 3221 1284 3275 τελείου
1337 3219 1576 3291 ἐτύχετε.
1606 3217 1733 3273 Εἶτα

188 3318 258 3372 ἵνα
288 3318 355 3390 μὴ
380 3319 502 3390 δόξῃ
530 3311 970 3389 εἰρωνείαιεῖναι
1016 3317 1044 3368 ὁ
1071 3315 1250 3384 λόγος,
1285 3314 1480 3383 ἐπάγει
1506 3329 1520 3345 ο
1552 3332 1571 3364 σ
1611 3310 1737 3366 ’Ὶνα

189 3412 265 3466 καὶ
286 3414 433 3483 ἡμεῖς
481 3414 621 3483 ὑμῖν
650 3408 1181 3479 συμϐασιλεύσωμεν
1201 3422 1215 3438 ο
1263 3425 1281 3458 ι
1315 3405 1599 3470 τουτέστι,
1628 3404 1737 3458 τῶν

188 3504 337 3557 αὐτῶν
385 3504 614 3573 ἀγαθῶν
673 3504 951 3575 τύχωμεν.
1001 3500 1065 3554 Ἦ
1112 3499 1221 3570 γὰρ
1272 3499 1427 3569 ὑμῶν
1455 3497 1582 3564 δόξα
1628 3498 1735 3567 ἐμή

191 3595 339 3649 ἐστιν’
370 3597 490 3649 ἐπεὶ
529 3595 637 3650 καὶ
685 3596 850 3648 παντὶ
899 3591 1206 3663 διδασκάλῳ
1258 3593 1292 3664 ἡ
1336 3590 1443 3645 τῶν
1480 3590 1738 3662 μαθητῶν

189 3686 428 3758 τελειότης
458 3687 820 3756 ἐπιπόθητος.

250 3795 267 3830 ι
313 3780 458 3833 Δοκῶ
504 3782 624 3851 γὰρ
661 3780 746 3833 ὅτι
797 3781 826 3833 ὁ
874 3778 1007 3843 Θεὸς
1055 3777 1202 3848 ἡμᾶς
1234 3775 1360 3838 τοὺς
1408 3773 1741 3838 ἀποστόλους

191 3869 416 3940 ἐσχάτους
450 3872 741 3937 ἀπέδειξεν
769 3869 843 3932 ὡς
866 3868 1269 3931 ἐπιθανατίους.
1311 3885 1329 3918 ι
1362 3865 1739 3933 Λυπουμένου,

128 3964 138 3970 ”
194 3962 365 4032 μᾶλλον
392 3963 446 4016 δὲ
487 3965 847 4033 ἐντρέποντες
883 3963 1108 4034 ῥήματα
1145 3962 1317 4027 λέγει.
1363 3958 1449 4021 Ὧς
1475 3958 1585 4027 ὁρῶ
1610 3956 1739 4024 γὰρ.

193 4056 350 4123 φησὶν,
404 4053 462 4121 ἐξ
513 4052 597 4110 ὢν
643 4055 800 4125 ὑμεῖς
857 4058 1087 4119 ποιεῖτε,
1140 4053 1303 4123 ἡμεῖς
1358 4052 1407 4105 οῖ
1454 4048 1742 4103 ἀπόστολοι

193 4146 376 4218 ἔσχατοι
407 4152 630 4204 πάντων
661 4150 812 4221 παρά
833 4146 969 4202 Θεοῦ
993 4144 1396 4216 ἀπεδείχθημεν
1429 4141 1523 4195 καὶ
1551 4139 1744 4192 ἐπιθα-

192 4236 359 4301 νάτιοι,
388 4238 638 4291 τούτεστι
699 4236 1003 4299 κατάδικοι,
1036 4235 1174 4306 πρὸς
1220 4233 1280 4286 τὸ
1305 4225 1743 4318 θανατοῦσθαιθθο

195 4335 702 4401 παρεσκευασμένοι.
739 4323 829 4396 Ἐξ
853 4322 928 4382 ὧν
957 4328 1067 4398 γὰρ
1089 4326 1131 4357 ⁸¹
1160 4325 1315 4396 ὑμεῖς
1337 4322 1437 4394 ἤδη
1461 4318 1744 4374 ἐϐασιλεύ-

197 4437 301 4476 σατε
325 4424 391 4493 ³¹,
414 4422 754 4494 στοχάζομαι
779 4423 861 4475 ὅτι
888 4421 1074 4474 λοιπὸν
1106 4420 1265 4491 ἡμεῖς
1296 4413 1744 4487 κατακεκρίμεθα

1846 3215 2135 3266 lectionem
2176 3214 2371 3269 essetis
2399 3219 2545 3268 nacti
2584 3215 2599 3269 ι
2629 3215 2832 3271 Deinde
2858 3233 2925 3271 ne
2954 3232 3135 3275 sermo
3181 3220 3421 3278 ironicus

1847 3307 2109 3370 videatur,
2137 3307 2402 3361 subinfert
2437 3319 2452 3367 :
2482 3326 2501 3360 ι
2538 3307 2612 3365 Ut
2642 3318 2694 3362 et
2739 3325 2837 3365 nos
2889 3311 3166 3367 vobiScum
3225 3328 3421 3384 regne-

1851 3412 1991 3463 tnus,
2031 3416 2050 3450 ι
2088 3398 2192 3453 hoc
2223 3409 2325 3466 est,
2362 3401 2551 3455 eadem
2590 3403 2727 3455 bona
2780 3416 3201 3473 consequamur.
3231 3403 3420 3463 Vestra

1846 3490 1988 3543 enim
2039 3490 2208 3561 gloria
2259 3506 2376 3546 mea
2434 3500 2561 3551 est:
2600 3494 3036 3563 quandoquidem
3086 3496 3257 3551 cuivis
3284 3511 3427 3567 prte-

1846 3585 2051 3651 ceptori
2080 3587 2466 3654 dismpulorum
2498 3584 2762 3654 perfectio
2783 3586 3158 3642 desiderabilis
3182 3596 3286 3642 est.

1926 3784 2090 3839 Vens.
2117 3783 2170 3838 9.
2210 3802 2228 3835 ι
2265 3783 2401 3838 Puto
2451 3784 2594 3838 enim
2633 3785 2775 3855 quod
2823 3785 2961 3840 Dens
3017 3801 3114 3842 nos
3152 3788 3428 3857 apostolos

1847 3885 2120 3928 extremos
2150 3876 2384 3927 ostendit
2413 3882 2667 3943 tanquam
2695 3879 2851 3928 morti
2886 3876 3203 3933 destinatos.
3236 3895 3256 3930 ι
3282 3877 3430 3934 Con-

1852 3966 2072 4028 ιιίδιιιιί,
2108 3964 2188 4018 vel
2243 3967 2420 4034 potius
2446 3969 2701 4032 pudorem
2733 3965 3038 4020 inducentis
3069 3967 3244 4035 ,verba
3275 3980 3425 4029 sunt.

1852 4054 1917 4112 Ut
1943 4072 2086 4109 enim
2129 4057 2305 4120 video,
2354 4056 2546 4124 inquit,
2587 4071 2650 4110 ex
2702 4058 2786 4111 his
2814 4071 2933 4126 qua:
2975 4073 3069 4111 vos
3118 4061 3299 4128 agitis,
3329 4077 3430 4117 nos

1851 4150 2101 4219 apostoli,
2139 4148 2383 4201 omnium
2435 4152 2692 4216 postremi
2729 4166 2756 4202 a
2796 4148 2903 4202 Deo
2944 4150 3301 4207 demonsuati
3339 4168 3431 4209 su-

1853 4257 1991 4303 tnus,
2012 4235 2185 4293 morti
2212 4241 2429 4294 obnoxii
2460 4256 2474 4293 :
2503 4244 2603 4293 ItOt‘.
2632 4250 2715 4296 est
2767 4242 3138 4310 condemnati,
3167 4254 3329 4321 atque
3355 4246 3425 4300 ad

1856 4346 2082 4388 mortem
2105 4334 2415 4405 praeparati.
2441 4334 2572 4400 Quia
2595 4335 2739 4389 enim
2767 4350 2861 4390 vos
2882 4349 2993 4404 iam
3016 4337 3272 4405 regnatis,
3306 4339 3434 4394 hinc

1853 4427 2167 4497 conjectura
2201 4426 2416 4496 colligo,
2447 4426 2596 4497 quod
2628 4442 2724 4480 nos
2752 4426 2863 4496 jam
2888 4427 3059 4483 simus
3088 4431 3434 4487 condemnati

196 4511 385 4584 ἔσχατοι
413 4512 574 4580 εἶναι,
612 4519 706 4569 καὶ
729 4513 804 4578 ὡς
831 4512 1114 4566 κατὰδικοι
1135 4527 1148 4541 ·
1172 4511 1333 4581 ἡμεῖς
1355 4510 1404 4562 oi
1435 4504 1733 4572 ἀπόστολοι,

1854 4529 1910 4572 ιιι
1931 4519 2101 4572 simus
2121 4519 2401 4588 postremi,
2425 4533 2489 4572 ac
2512 4517 2674 4572 veluti
2700 4517 2888 4571 ultimo
2910 4518 3172 4588 supplicio
3187 4522 3388 4577 addicti
3413 4537 3430 4578 :

195 4594 464 4674 τουτέστιν,
496 4606 547 4661 oi
580 4605 816 4660 τοσαῦτα
850 4603 992 4675 ὑπὲρ
1045 4599 1287 4673 Χριστοῦ
1321 4597 1675 4659 πεπονθότες.

264 4801 282 4834 ι
312 4782 426 4837 Ὅτι
455 4783 691 4855 θέατρον
722 4779 1067 4852 ἐγενί,θημεν
1099 4777 1178 4849 τῷ
1208 4778 1419 4849 κόσμῳ,
1453 4777 1547 4832 καὶ
1583 4774 1751 4845 ἀγγέ-

198 4869 315 4940 λοις,
363 4876 456 4929 ml.
510 4873 848 4946 ἀνθρώποις.
895 4890 916 4925 ι
951 4870 1265 4935 Τουτέστιν,
1313 4869 1428 4924 Οὐκ
1480 4870 1538 4921 ἐν
1580 4867 1754 4936 γωνίᾳ

206 4968 292 5037 μιᾷ
331 4969 631 5040 πάσχομεν,
678 4966 815 5020 ἀλλά
862 4964 1139 5034 πανταχοῦ
1195 4963 1332 5033 γῆς’
1376 4963 1470 5016 καὶ
1525 4959 1755 5015 θεῶνται

202 5057 330 5126 ἡμᾶς
362 5060 459 5114 οὑκ
486 5060 764 5133 ἄνθρωποι
805 5058 955 5130 μόνοι
986 5055 1070 5130 (οὐ
1108 5056 1218 5128 γὰρ
1266 5055 1437 5116 οὕτως
1467 5052 1662 5122 εὐτελῆ
1691 5052 1758 5106 τὰ

201 5153 481 5223 γινόμενα),
516 5153 653 5208 ἀλλά
680 5153 778 5206 καὶ
807 5150 1051 5220 ἄγγελοι.
1085 5148 1313 5218 Μεγάλα
1357 5147 1463 5217 γὰρ
1489 5144 1649 5216 ἡμῶν
1689 5142 1758 5196 τὰ

202 5244 552 5316 παλαίσματα,
585 5246 659 5310 ὼς
689 5247 784 5301 καὶ
812 5244 1111 5314 ἀγγελικῆς
1149 5241 1383 5312 θεωρίας
1431 5240 1558 5306 ἄξιαι
1594 5233 1757 5307 εἶναὶ·

203 5331 298 5387 Καὶ
328 5336 431 5408 γὰρ
458 5338 519 5390 οὐ
542 5337 673 5409 πρὸς
704 5334 1025 5408 ἀνθρώπους
1056 5334 1361 5402 παλαίομεν
1399 5330 1584 5399 μόνον,
1620 5327 1759 5381 ἀλλὰ

204 5426 437 5500 καὶπρὸς
464 5431 564 5495 τὰς
586 5427 695 5485 τῶν
728 5428 980 5500 πονηρῶν
1007 5427 1256 5497 ἀγγέλων
1290 5423 1568 5495 δυνάμεις.

1851 4628 1869 4660 ι
1904 4624 2023 4675 ιιοε,
2056 4627 2074 4660 ι
2111 4608 2353 4679 inquam,
2391 4624 2412 4659 ι
2463 4607 2713 4675 apostoli,
2751 4625 2770 4659 ι
2802 4609 2904 4662 Ιιοε
2934 4622 3043 4676 est,
3078 4609 3170 4680 qui
3208 4620 3286 4666 tot
3316 4621 3438 4667 tan-

1848 4712 2009 4771 taque
2050 4714 2147 4770 pro
2184 4700 2401 4754 Christo
2436 4701 2576 4767 passi
2608 4715 2820 4754 sumus.

1927 4793 2241 4859 t;Quoniam
2270 4792 2637 4862 spectaculum
2662 4791 2792 4846 {arti
2815 4808 3001 4849 sumus
3026 4796 3228 4850 mundo
3257 4806 3311 4851 et
3336 4812 3435 4850 an-

1848 4888 1982 4954 gelis
2017 4896 2069 4939 et
2101 4885 2430 4937 hominibus.
2463 4901 2483 4935 ι
2520 4882 2634 4938 Ηοε
2667 4894 2769 4948 est,
2807 4901 2913 4940 non
2946 4887 2998 4941 in
3028 4903 3137 4942 uno
3181 4889 3433 4958 quopiam

1852 4981 2048 5045 angulo
2082 4978 2338 5046 patimur,
2371 4975 2465 5030 sed
2494 4977 2692 5046 ubique
2720 4987 2988 5031 terrarum
3023 4997 3038 5035 :
3079 4990 3435 5050 spectantque

1857 5087 1973 5131 nos,
2014 5075 2205 5124 nctlntn
2252 5072 2499 5125 homines
2529 5075 2658 5140 (non
2692 5072 2832 5125 enim
2870 5076 3003 5128 adeo
3035 5074 3165 5129 viles
3195 5085 3319 5130 sunt
3345 5092 3434 5134 res

1854 5165 2301 5234 operatiOnesque
2329 5166 2573 5235 nostrae),
2608 5180 2789 5219 verum
2827 5165 2986 5239 144
3031 5167 3194 5221 etiam
3235 5170 3432 5239 angeli.

1853 5259 2001 5311 Adeo
2025 5259 2169 5310 enim
2201 5272 2392 5324 magna
2424 5270 2550 5313 sunt
2581 5269 2764 5313 nostra
2796 5260 3119 5324 certamina,
3153 5271 3208 5313 ut
3238 5264 3319 5314 Vt'l
3342 5278 3435 5316 au-

1854 5347 1987 5417 gelis
2022 5350 2421 5417 spectatoribus
2479 5350 2636 5420 digna
2668 5354 2794 5406 sint.
2828 5352 2961 5406 Nam
3012 5368 3114 5407 non
3145 5355 3434 5410 adversum

1854 5436 2103 5493 homines
2133 5440 2501 5494 tantummodo
2533 5441 2831 5509 luctantur,
2859 5456 3114 5497 caeterum
3171 5448 3434 5503 adversus

1862 5527 2032 5582 etiam
2054 5544 2341 5599 pravorum
2369 5531 2680 5602 angelorum
2699 5532 2843 5588 vires
2859 5533 3099 5605 adeoque
3117 5538 3436 5605 potentiam.

1497 5660 1701 5724 Variaa
1730 5661 2063 5729 lectiones.

276 5779 314 5813 π
342 5779 400 5847 δς
431 5797 486 5839 ο,
562 5781 607 5815 η
639 5781 907 5852 ἔσφαλται
939 5797 1012 5838 m.
1036 5850 1049 5857 Α
1087 5783 1133 5817 ⁷⁸
1161 5782 1516 5858 ἀτελεύτητοί
1545 5805 1616 5845 tn.
1694 5790 1733 5825 “

1847 5794 1953 5849 νεῖν
1992 5811 2063 5850 tn.
2140 5789 2371 5851 ⁸¹οὗνο.
2449 5790 2913 5851 "Manutianae:
2940 5810 2997 5858 ο.
