3874 6600
515 391 619 460 615
1407 381 1985 446 THEOPHYLACTI
2006 381 2420 444 BULGARI/E
2452 380 2816 443 ARCHIEP.
3631 393 3721 462 δη

583 507 750 564 Vsus.
781 503 866 558 lt).
907 520 926 554 ι
961 498 1070 556 Nos
1109 499 1257 557 stulti
1286 508 1506 570 propter
1535 499 1955 567 Christum,vos
1987 511 2087 552 au-
2116 505 2160 562 Α

507 609 614 655 tem
643 596 930 668 prudentes
953 593 1006 647 in
1033 590 1273 647 Christo.
1315 609 1333 644 ι
1367 588 1577 647 Rursus
1599 600 1652 646 et
1681 590 1785 645 hoc
1812 589 1878 644 ad
1907 590 2080 658 pudo-

506 705 620 746 rem
656 686 960 742 l’aciendum
1015 684 1221 739 dictum
1257 692 1362 739 est.
1396 681 1530 738 Nam
1562 698 1685 738 cam
1719 681 1946 751 apostoli
1979 695 2082 735 cae-

503 782 762 836 derentur
840 786 1426 846 contemnerenturqne
1485 784 1704 845 propter
1748 772 2080 829 Christum:

504 874 576 930 illi
631 887 757 928 vero
800 872 853 926 in
893 870 1069 940 pretio
1107 870 1416 938 honoreque
1461 877 1661 929 essent,
1695 882 1760 921 ac
1810 867 2082 935 sapientes

502 977 845 1038 putarentur,
898 976 1062 1037 atque
1107 964 1221 1019 haec
1269 962 1321 1016 in
1355 961 1572 1016 Christo
1611 974 1729 1015 esse
1765 957 2030 1028 iactarent
2062 975 2079 1015 :

502 1061 811 1128 Quomodo,
839 1060 1033 1130 inquit,
1057 1057 1169 1112 fieri
1197 1063 1391 1125 potest,
1425 1064 1481 1108 ut
1510 1053 1698 1109 eadem
1723 1052 2081 1107 sentientibus

501 1152 775 1208 contraria
810 1148 1166 1219 contingant?
1188 1146 1423 1201 Proinde
1449 1159 1673 1200 necesse
1725 1151 1808 1198 est
1840 1151 1935 1197 aut
1981 1158 2081 1198 nos

501 1259 608 1299 non
635 1258 826 1314 sapere
862 1241 1156 1296 secundum
1191 1238 1496 1304 Christum,
1529 1251 1625 1291 aut
1651 1250 1767 1290 vos.
1811 1234 1970 1304 Atqui
2002 1233 2084 1288 in-

500 1334 726 1405 dignum
772 1345 856 1390 est
898 1332 1097 1388 Christi
1132 1330 1405 1402 apostolos
1435 1344 1542 1386 non
1569 1341 1760 1398 sapere
1783 1326 2080 1384 secundum

499 1428 777 1484 Christum
808 1443 823 1482 :
852 1440 947 1481 vos
976 1425 1138 1496 igitur
1171 1423 1385 1478 erratis.

489 1575 491 1578 .
581 1541 600 1574 ι
640 1519 749 1575 Nos
779 1518 998 1581 inﬁrmi,
1021 1532 1118 1572 vos
1145 1526 1326 1570 autem
1360 1513 1525 1569 fortes
1555 1530 1569 1569 :
1600 1527 1697 1567 vos
1721 1510 1951 1578 nobiles,
1982 1523 2080 1564 nos

2274 516 2291 550 ,
2344 495 2540 567 Ἡμεῖς
2573 497 2752 568 μωροὶ
2795 495 2885 551 διὰ
2919 495 3188 568 Χριστόν’
3227 497 3380 569 ὑμεῖς
3424 497 3479 555 δὲ
3507 503 3721 578 φρόνιμοι

2184 592 2243 644 ἐν
2273 587 2512 661 Χριστῷ.
2545 608 2564 642 ι
2589 589 2760 643 Πάλιν
2785 589 2878 644 καὶ
2901 587 3060 642 τοῦτο
3079 590 3443 660 ἐντρεπτικῶς
3472 593 3721 666 εἴρηταιη,

2198 681 2413 749 Ἐπειδὴ
2454 681 2563 751 γὰρ
2596 681 2885 736 ἐτύπτοντο
2947 682 3050 751 μὲν
3089 683 3140 735 οῖ
3169 683 3473 749 ἀπόστολοι,
3507 688 3592 738 καὶ
3617 707 3724 744 κατ-

2185 772 2513 845 εφρονοῦντο
2532 773 2618 829 διὰ
2653 774 2887 846 Χριστόν
2907 792 2920 804 ·
2954 776 3152 829 ἐκεῖνοι
3182 775 3238 829 δὲ
3267 778 3527 846 ἐτιμῶντο
3543 782 3625 833 καὶ
3653 801 3724 836 σου

2185 867 2275 935 φοῖ
2306 865 2636 936 ἐνομίζοντο,
2668 865 2762 919 καὶ
2797 869 2856 920 ἐν
2898 867 3119 938 Χριστῷ
3147 867 3319 921 ταῦτα
3348 866 3486 922 εἶναι
3514 872 3724 942 ἐκόμπαο

2185 957 2312 1023 ζον·
2353 959 2500 1023 Πῶς,
2555 961 2712 1032 φησὶ,
2759 960 2985 1014 δυνατὸν
3028 961 3098 1014 τὰ
3139 961 3357 1015 ἐναντία
3405 965 3655 1018 συνελθεῖν
3680 970 3724 1020 ἐν

2184 1056 2296 1117 τοῖς
2323 1053 2392 1107 τὰ
2419 1054 2558 1109 αὑτά
2588 1053 2914 1125 φρονοῦσινς
2958 1053 3168 1109 Οὐκοῦν
3203 1056 3416 1127 ἀνάγκη
3446 1057 3477 1128 ἥ
3508 1059 3636 1128 ἡμᾶς
3667 1061 3724 1132 μὴ

2184 1143 2326 1198 κατά
2374 1145 2613 1217 Χριστὸν
2643 1149 2879 1218 φρονεῖν,
2929 1147 2962 1218 ἦ
2998 1148 3164 1219 ὑμᾶς.
3208 1149 3369 1203 Ἀλλά
3401 1151 3505 1222 μὴν
3544 1153 3724 1217 ἀνάξιον

2182 1236 2309 1299 τοὺς
2337 1237 2667 1301 ἀποστόλους
2695 1238 2788 1292 τοῦ
2815 1238 3051 1309 Χριστοῦ
3083 1240 3159 1311 μὴ
3191 1243 3332 1295 κατά
3366 1243 3586 1314 Χριστὸν
3618 1261 3725 1314 φρο-

2183 1330 2294 1382 νεῖν
2317 1343 2328 1354 ·
2365 1328 2523 1399 ὑμεῖς
2556 1329 2666 1401 ἄρα
2689 1331 2811 1384 ἐστὲ
2839 1332 2888 1385 οἱ
2924 1331 3306 1403 σφαλλόμενοι.

489 1597 681 1665 autem
711 1608 995 1678 ignobiles.
1041 1626 1061 1660 ι
1096 1603 1209 1661 Hoc
1235 1615 1337 1672 est,
1367 1619 1463 1660 nos
1486 1604 1718 1673 agimur,
1747 1602 2080 1674 persecutio-

499 1717 622 1757 nem
647 1701 879 1771 patimur
906 1715 921 1753 :
944 1713 1041 1753 vos
1061 1712 1192 1752 vero
1221 1711 1432 1753 summa
1486 1696 1779 1751 securitate
1813 1693 2076 1748 fruimini.

498 1793 878 1849 Inﬁrmitatem
942 1790 1082 1844 enim
1130 1789 1452 1843 tentationes
1496 1787 1697 1857 passim
1746 1782 2076 1849 voeaLVos,

501 1884 699 1955 inquit,
751 1883 992 1938 celebres
1017 1881 1230 1950 quidem
1282 1879 1417 1934 eStis
1460 1888 1514 1933 et
1546 1877 1785 1946 ingenui,
1815 1891 1912 1930 nos
1949 1891 2076 1930 vero

501 1975 734 2047 inglorii.
769 1973 893 2028 llaec
930 1985 1108 2028 autem
1147 1972 1327 2025 omnia
1383 1968 1627 2024 molestia
1675 1966 1899 2021 allectus
1922 1966 2072 2020 dicit.

501 2071 711 2126 Sensus
744 2071 887 2125 enim
919 2078 1002 2124 est
1029 2067 1335 2138 huiusmodi
1380 2064 1700 2132 :Quomodo
1729 2063 1841 2118 fieri
1878 2073 2073 2134 potest,

500 2171 560 2216 ut
581 2177 678 2216 nos
700 2162 912 2231 quidem
937 2158 1260 2230 aﬂligamur,
1281 2173 1377 2213 vos
1394 2165 1572 2212 autem
1601 2155 1893 2210 securitate
1918 2153 2071 2209 frua-

500 2252 652 2317 niini,
689 2261 742 2305 et
797 2253 848 2305 in
897 2251 1050 2304 bonis
1087 2249 1252 2305 vitam
1285 2247 1697 2318 agatis?Quare
1725 2247 2073 2318 perspicuum

499 2356 581 2401 est
624 2361 728 2400 non
765 2359 887 2399 esse
914 2357 1010 2398 vos
1045 2342 1098 2396 in
1160 2343 1299 2396 bono
1344 2351 1510 2405 statu,
1568 2340 1662 2394 sed
1721 2355 1863 2394 nunc
1893 2339 2075 2410 p0tius

505 2437 643 2492 Inale
674 2452 767 2492 vos
788 2445 842 2490 et
872 2435 1127 2505 apostolis
1168 2432 1390 2504 indigne
1432 2432 1666 2488 habetis.
1700 2431 1815 2488 Non
1869 2433 2078 2488 debetis

505 2528 666 2599 igitur
687 2543 807 2582 eam
830 2527 899 2582 ob
927 2543 1036 2582 rem
1067 2526 1276 2596 erigere
1313 2527 1526 2581 cristas.

577 2619 736 2675 Vens.
770 2620 856 2673 Η.
901 2638 918 2671 ι
943 2619 1000 2674 In
1034 2620 1173 2673 hanc
1199 2634 1369 2688 usque
1395 2619 1667 2671 horam‘et
1697 2616 1992 2681 esurimus,
2025 2626 2077 2670 et

499 2717 737 2780 sitimus,
763 2724 818 2769 et
859 2714 986 2769 nudi
1029 2726 1238 2767 sumus.
1274 2729 1292 2762 ι
1321 2709 1485 2777 Quid,
1527 2709 1722 2779 inquit,
1773 2719 1957 2763 vetera
1999 2725 2080 2763 re-

499 2807 741 2863 censeo?
765 2821 883 2875 quae
905 2806 957 2859 in
985 2804 1269 2874 praesentia
1302 2810 1583 2872 geruntur,
1615 2802 1735 2855 vide
1765 2819 1778 2854 :
1808 2801 2078 2869 quomodo

500 2915 598 2956 vos
627 2901 680 2954 in
724 2899 917 2953 mediis
945 2895 1154 2952 deliciis
1183 2895 1361 2966 agitis,
1393 2908 1491 2950 nos
1535 2903 1715 2948 autem
1745 2893 1968 2948 omnino
1999 2893 2079 2947 di-

502 3007 720 3048 versum
756 2990 1014 3063 patimur.

467 3151 474 3156 ἰ
581 3104 599 3136 ι
641 3085 710 3139 Ει
754 3075 998 3153 colaphis
1027 3081 1304 3136 credimur.
1340 3097 1359 3130 ι
1408 3077 1522 3134 Hoc
1561 3087 1666 3144 est,
1710 3077 2074 3133 verberamur.

505 3176 653 3230 Istud
693 3185 874 3228 autem
906 3173 972 3227 ad
1012 3169 1222 3230 inﬂatos
1254 3167 1407 3224 dicit.

579 3285 599 3320 ι
639 3267 705 3322 Ει
730 3263 1007 3321 instabiles
1033 3275 1237 3316 sumus.
1277 3279 1297 3313 ι
1335 3259 1450 3316 Hoc
1477 3267 1578 3324 est,
1615 3259 1886 3328 agitamur
1919 3267 1973 3311 et
2011 3257 2076 3309 ad
2108 3251 2154 3275 “

504 3365 687 3432 fugam
720 3357 1115 3429 compellimur.
1141 3354 1196 3409 ld
1219 3368 1349 3409 vero
1380 3351 1446 3406 ad
1473 3351 1757 3422 opulentos
1786 3351 2038 3418 pertinet.

574 3455 739 3512 Vatis.
773 3451 860 3506 12.
894 3467 913 3501 ι
946 3449 1015 3504 Ει
1047 3448 1376 3506 laboramus.
1407 3444 1638 3514 propriis
1677 3443 1924 3496 manibus
1955 3455 2083 3509 ope-

505 3559 712 3608 rantes.
741 3566 760 3600 ι
792 3544 916 3600 Haec
942 3543 1074 3599 dicit
1111 3542 1310 3596 rubore
1339 3537 1658 3595 suﬂ'undens
1680 3551 1792 3600 eos,
1820 3535 1912 3604 qui
1943 3533 2078 3588 lucri

503 3651 852 3714 quaestusque
882 3636 1058 3706 gratia
1087 3641 1378 3697 conantur,
1407 3630 1716 3698 audentque
1743 3626 2077 3682 concionari.

579 3861 599 3896 ι
630 3841 767 3896 Dum
801 3834 1194 3896 maledicimur,
1231 3829 1602 3886 benedicnuus
1631 3847 1643 3882 :
1674 3828 1797 3882 dum
1822 3839 2080 3895 persecu-

506 3937 706 3990 tionem
754 3931 1006 4001 patimur,
1039 3927 1373 3981 sustinemus
1403 3938 1419 3987 ;
1452 3923 1579 3975 dum
1616 3921 2075 3988 hlasphemamur,

503 4031 876 4085 obsecramus.
917 4042 935 4075 ι
967 4021 1032 4077 Et
1075 4019 1220 4089 quod
1253 4017 1427 4086 majus
1466 4026 1552 4069 est
1574 4015 1660 4068 his
1693 4013 1967 4076 omnibus,
1999 4013 2080 4066 in-

452 4176 454 4178 _
504 4120 646 4186 quit,
684 4131 792 4171 non
828 4126 973 4182 aegro
1006 4109 1230 4164 ferimus
1261 4107 1363 4161 ista
1399 4103 1600 4158 animo.
1634 4101 1788 4157 Unde
1824 4115 1950 4154 vero
1979 4102 2081 4154 hoc

503 4209 699 4282 patet?
725 4207 855 4260 inde
886 4217 1038 4264 sane,
1067 4198 1208 4264 quod
1233 4213 1348 4262 eos,
1379 4194 1472 4266 qui
1502 4195 1654 4248 nobis
1686 4192 1822 4246 male
1850 4191 2076 4257 faciunt,

505 4281 796 4350 contrariis
819 4290 1142 4359 excipimus.
1177 4287 1320 4340 Bene
1351 4283 1496 4338 enim
1546 4285 1624 4338 eis
1650 4296 1956 4352 precamur,
1988 4281 2078 4349 qui

505 4383 750 4438 convicia
786 4382 837 4434 in
867 4395 963 4434 nos
990 4378 1221 4448 jactant,
1254 4386 1308 4428 et
1331 4374 1431 4438 eis,
1452 4372 1542 4442 qui
1565 4370 2003 4426 contumeliosius
2027 4373 2077 4423 in

2262 1531 2281 1564 ι
2315 1513 2507 1582 Ἡμεῖς
2531 1512 2798 1579 ἀσθενεῖς,
2820 1515 2976 1584 ὑμεῖς
2995 1515 3051 1568 δὲ
3079 1517 3292 1585 ἰσχυροί
3323 1534 3334 1547 ·
3363 1517 3518 1588 ὑμεῖς
3541 1518 3721 1587 ἔνδοξοι,

2183 1607 2346 1677 ἡμεῖς
2392 1606 2447 1660 δὲ
2497 1607 2706 1676 ἄτιμοι.
2759 1627 2777 1659 r
2805 1608 3120 1675 Τουτέστιν,
3175 1610 3369 1680 Ἡμεῖς
3410 1611 3721 1682 ἐλαυνόμεοα,

2182 1697 2528 1767 διωκόμεθα’
2575 1699 2735 1769 ὑμεῖς
2765 1698 2820 1752 δὲ
2860 1700 3044 1764 ἀδείας
3087 1702 3418 1759 ἀπολαύετε.
3459 1703 3722 1761 Ἀσθένειαν

2183 1790 2293 1861 γὰρ
2326 1789 2604 1860 πανταχοῦ
2629 1791 2758 1853 τοὺς
2782 1791 3124 1862 πειρασμούς
3150 1809 3304 1861 φησι.
3341 1793 3452 1847 Kal
3483 1794 3625 1863 ὑμεῖς
3648 1797 3720 1862 μὲν

2184 1881 2382 1947 ἔνδοξοι
2422 1884 2520 1936 καὶ
2561 1883 2833 1952 εὐγενεῖςο
2858 1886 3022 1955 ἡμεῖς
3073 1883 3128 1936 δὲ
3161 1887 3220 1936 ἐν
3250 1886 3471 1957 ἀτιμίᾳ.
3497 1885 3656 1940 Ταῦτα
3681 1890 3721 1941 δὲ

2186 1979 2365 2032 πάντα
2386 1977 2753 2050 βαρυνόμενος
2776 1978 2946 2048 λέγει.
2981 1981 3136 2032 Ἔστι
3165 1981 3273 2050 γὰρ
3297 1984 3324 2034 ὁ
3349 1983 3472 2044 νοῦς
3495 1982 3721 2043 ττριοῦτοιο

2186 2071 2311 2136 Πῶς
2349 2073 2493 2136 εἰκὸς
2527 2073 2674 2144 ἡμᾶς
2711 2071 2808 2142 μὲν
2833 2073 3192 2138 κακοπαθεῖν,
3225 2075 3373 2143 ὑμᾶς
3401 2074 3453 2127 δὲ
3475 2075 3721 2129 ἀπολαύειν

2187 2159 2389 2227 ἀδείας,
2426 2165 2516 2217 καὶ
2546 2167 2603 2216 ἐν
2652 2163 2880 2232 ἀγαθοῖς
2924 2158 3103 2230 εἴναις
3157 2164 3322 2218 Ὥστε
3371 2167 3637 2238 πρόδηλον,
3661 2170 3720 2222 ὅτι
3799 2194 3801 2196 ·

2187 2257 2288 2309 οὑκ
2334 2257 2390 2306 ἐν
2423 2255 2648 2322 ἀγαθοῖς
2681 2256 2828 2317 ἐστε,
2878 2254 3015 2308 ἀλλά
3062 2253 3158 2308 νῦν
3209 2256 3418 2326 μᾶλλον
3456 2258 3623 2322 κακῶς
3651 2265 3721 2311 καὶ

2187 2347 2420 2411 ἀναξίως
2478 2347 2578 2400 τῶν
2617 2346 2936 2402 ἀποστόλων
2979 2347 3154 2418 ἓχετε.
3200 2350 3315 2403 Οὐκ
3370 2351 3476 2422 ἄρα
3521 2351 3720 2421 ὀφείλετε

2185 2436 2510 2508 ἐπαίρεσθαι
2535 2435 2627 2491 ἐπὶ
2657 2436 2890 2501 τούτοις.

2262 2637 2280 2670 ι
2324 2619 2488 2690 ’Ἄχρι
2521 2619 2620 2690 τῆς
2650 2619 2775 2689 ἄρτι
2807 2617 2957 2689 ῶρας
2999 2618 3096 2671 καὶ
3139 2618 3446 2688 πεινῶμεν,
3485 2621 3569 2674 καὶ
3592 2621 3722 2691 διψῶ-

2188 2729 2310 2782 μεν,
2341 2715 2433 2765 καὶ
2463 2710 2902 2781 γυμνητεύομεν.
2932 2729 2949 2761 r
2980 2710 3068 2775 Τί,
3090 2713 3244 2780 φησι,
3273 2711 3344 2764 τὰ
3367 2713 3565 2766 παλαιά
3583 2713 3718 2781 λέγως

2186 2803 2251 2857 τὰ
2279 2803 2372 2857 νῦν
2410 2803 2485 2857 ἰδέ
2507 2826 2522 2839 ο
2558 2803 2675 2868 πῶς
2725 2804 2884 2874 ὑμεῖς
2915 2802 3014 2874 μὲν
3061 2805 3334 2874 τρυφᾶτε,
3373 2806 3527 2876 ἡμεῖς
3564 2805 3612 2859 δὲ
3638 2807 3720 2859 πᾶν

2187 2896 2514 2953 τούναντίον.

2261 3101 2280 3135 ι
2334 3084 2444 3137 Kal
2501 3081 2929 3152 κολαφιζόμεθα.
2991 3100 3012 3134 ι
3065 3082 3323 3137 Τουτέστι
3359 3123 3374 3149 ,

2187 3175 2358 3228 Τοῦτο
2387 3174 2443 3227 δὲ
2487 3174 2620 3244 πρὸς
2661 3174 2788 3239 τοὺς
2817 3174 3296 3244 πεφυσιωμένους.

2261 3289 2278 3322 ι
2341 3270 2449 3322 Καὶ
2505 3270 2866 3340 ἀστατοῦμεν.
2928 3287 2945 3320 ι
3001 3269 3335 3335 Τουτέστιν,
3399 3270 3718 3341 ἐλαυνόμεϐα,

2183 3361 2457 3432 φεύγομεν
2521 3361 2692 3412 Τοῦτο
2716 3359 2772 3413 δὲ
2811 3359 2948 3430 πρὸς
2978 3361 3100 3422 τοὺς
3128 3359 3516 3426 πλουτοῦντας.

2257 3475 2274 3506 ι
2316 3455 2426 3508 Kal
2481 3453 2792 3522 κοπιῶμεν,
2840 3453 3198 3523 ἐργαζόμενοι
3261 3457 3392 3519 ταῖς
3456 3455 3661 3518 οἰκείαις
3683 3454 3718 3485 ⁸⁸

2183 3549 2359 3620 χερσί.
2402 3568 2419 3599 ι
2465 3547 2651 3601 Ταῦτα
2678 3547 2828 3615 λέγει
2861 3547 3140 3616 ἐντρέπων
3181 3549 3309 3611 τοὺς
3352 3551 3512 3604 ἓνεκα
3539 3550 3719 3620 κέρδους

2182 3643 2277 3695 καὶ
2325 3639 2598 3710 πορισμοῦ
2645 3637 3062 3710 ἐπιχειροῦντας
3114 3641 3211 3695 καὶ
3255 3641 3646 3713 ἐπιτολμῶντας
3674 3638 3720 3691 τὸ

2181 3732 2500 3804 κηρύσσειν.

2258 3845 2276 3877 ι
2315 3822 2750 3896 Λοιδορούμενοι,
2782 3824 3116 3894 εὐλογοῦμεν
3141 3842 3154 3856 ·
3188 3825 3539 3898 διωκόμενοι,
3569 3824 3723 3894 ἀνεχό-

2183 3917 2360 3988 μεθαο
2414 3916 2922 3988 βλασφημούμενοι,
2974 3919 3429 3990 παρακαλοῦμεν.
3477 3940 3495 3973 ι
3529 3921 3627 3974 Kal
3674 3919 3720 3970 τὸ

2185 4008 2370 4078 μεῖζον
2417 4008 2658 4072 πάντων,
2703 4008 2892 4078 φησὶν,
2924 4009 3008 4062 ὅτι
3048 4007 3170 4060 οὐδὲ
3205 4008 3621 4080 δυσχεραίνομεν
3651 4011 3722 4062 ἐπὶ

2180 4097 2410 4161 τούτοις.
2474 4098 2582 4152 Kal
2647 4097 2816 4150 πόθεν
2889 4096 3082 4166 δῆλον;
3151 4098 3286 4151 Ἀπὸ
3339 4099 3437 4153 τοῦ
3492 4098 3722 4158 καὶτοὺς

2181 4187 2470 4250 ποιοῦντας
2513 4187 2665 4256 ἡμᾶς
2709 4186 2897 4249 κακῶς
2947 4189 3063 4250 τοῖς
3117 4187 3380 4253 ἐναντίοις
3415 4189 3721 4260 ἀμείσεσθαι.

2181 4277 2552 4348 Εὑφημοῦμεν
2589 4278 2698 4348 γὰρ
2727 4277 2854 4339 τοὺς
2881 4276 3285 4347 λοιδοροῦντας,
3329 4280 3424 4332 καὶ
3455 4280 3576 4342 τοὺς
3604 4279 3724 4347 ὑδρε-

2182 4369 2511 4442 στικώτερον
2543 4371 2599 4423 δὲ
2621 4370 2665 4402 ⁸⁸
2693 4370 3171 4440 προσφερομένους
3201 4356 3380 4440 (τοῦτο
3410 4373 3563 4442 γάρὴ
3595 4371 3719 4440 βλτσ-

3433 3081 3716 3153 τυπτόμεθα.

505 4488 606 4528 nos
630 4471 878 4525 feruntur
904 4465 1258 4539 (blasphemia
1279 4464 1421 4519 enim
1447 4469 1529 4516 est
1552 4460 1792 4530 asperior
1814 4458 2010 4529 injuria
2033 4457 2076 4528 ),

2196 4462 2385 4534 ρημία.
2417 4463 2450 4534 ή
2485 4462 2793 4534 τραχυτέρα
2848 4461 3052 4534 ῦὸρις),
3097 4464 3192 4516 καὶ⁸
3224 4462 3446 4525 τούτους
3508 4478 3721 4534 παρακα-

506 4565 644 4630 illos,
675 4564 916 4631 inquam,
943 4562 1314 4621 obsecramus,
1335 4556 1435 4609 hoc
1474 4562 1580 4618 est,
1625 4551 2077 4607 mansuetioribus

2196 4553 2421 4624 ιοῦμεν,
2472 4555 2595 4607 ἀντὶ
2637 4553 2731 4606 τοῦ
2771 4595 2785 4619 ,
2831 4555 3152 4626 πραοτέροις
3207 4555 3386 4624 λόγοις
3434 4555 3528 4609 καὶ
3589 4551 3729 4622 μαλα-

505 4666 560 4710 et
578 4654 914 4708 mollioribus
935 4652 1118 4706 verbis
1134 4648 1494 4704 occurrimus.
1516 4643 1640 4700 Hmc
1662 4645 1802 4700 enim
1821 4655 1906 4698 est
1923 4643 2080 4696 obse-

2196 4646 2390 4706 ιτικοῖς
2441 4643 2804 4715 ἀμειϐόμεθα.
2839 4644 3012 4698 Τοῦτο
3063 4646 3168 4719 γὰρ
3215 4649 3247 4717 ή
3305 4649 3654 4720 παράκλησις,
3697 4642 3724 4708 ἡ

447 4819 450 4822 _
506 4744 701 4810 oratio,
734 4758 912 4797 sermo
948 4740 1406 4797 mansuefaciens.
1453 4735 1741 4806 Propterea
1782 4735 2076 4791 ChriStiani

2196 4738 2496 4808 τραΰνουσα
2518 4737 2773 4803 διάλεξις.
2797 4738 2896 4790 Διά
2918 4737 3078 4792 τοῦτο
3098 4741 3146 4793 οῖ
3184 4741 3506 4812 Χριστιανοὶ
3534 4738 3722 4796 δοκοῦσι

507 4839 750 4890 videntur
782 4833 954 4898 stulti,
980 4831 1414 4902 quandoquidem
1459 4829 1573 4883 haec
1605 4828 1835 4882 faciant.

2196 4833 2376 4902 ιωροὶ,
2409 4832 2490 4884 ὅτι
2521 4829 2694 4883 ταῦτα
2733 4829 2979 4884 ποιοῦσιν
3003 4832 3070 4888 ⁸⁸.

609 4925 766 4998 145
812 4923 979 4980 Vens.
1018 4925 1107 4978 l5.
1147 4923 1460 4991 «Tanquam
1491 4927 1844 4990 purgamenta
1893 4917 2078 4972 mundi

2257 4943 2275 4975 ι
2329 4922 2415 4985 Ὠς
2460 4921 2923 4994 περικαθάρματα
2972 4922 3068 4976 τοῦ
3116 4926 3325 4995 κόσμου
3385 4927 3723 4998 ἐγενήθημεν,

510 5019 640 5075 facti
670 5032 880 5084 sumus,
911 5018 1152 5071 omnium
1187 5013 1496 5084 peripsema
1539 5010 1839 5077 hucusque.
1876 5026 1895 5060 ι
1943 5009 2080 5075 Quid

2196 5016 2410 5068 πάντων
2467 5013 2760 5086 περίψημα
2807 5015 2912 5078 ἕως
2951 5015 3099 5084 ἄρτι.
3139 5035 3157 5067 ι
3191 5018 3256 5070 Τί
3283 5021 3401 5073 ἐστι
3440 5021 3500 5073 τὸ
3531 5018 3721 5088 περικά-

506 5127 636 5170 vero
687 5117 770 5166 est
815 5132 830 5164 ι
869 5103 1327 5182 purgamentum?
1369 5122 1388 5155 ι
1444 5101 1646 5156 Sordes
1687 5115 1806 5170 qua:
1852 5103 2076 5170 spongia

2196 5106 2407 5176 lappa;
2467 5105 2540 5157 Τὸ
2595 5105 2888 5175 λεγόμενον
2940 5107 3588 5179 ἀποσπόγγισμα.⁶’οταν
3639 5109 3724 5176 γὰρ

509 5212 914 5281 absterguntur.
940 5208 1074 5260 Cum
1107 5202 1250 5256 enim
1279 5197 1400 5267 quis
1429 5197 1706 5250 sordidum
1732 5195 1860 5264 quid
1889 5195 2081 5249 abster‘

2196 5198 2441 5266 ῥυπαρόν
2481 5215 2533 5250 τι
2565 5199 2951 5271 ἁποσπογγίσῃ
2981 5217 3084 5265 τις,
3116 5203 3507 5273 περικάθαρμα
3539 5203 3725 5268 λέγετπι

509 5305 604 5376 git,
657 5309 1011 5372 purgamenta
1060 5294 1316 5348 dicuntur
1351 5286 1541 5342 sordes
1585 5285 1689 5340 illa:
1731 5300 1849 5353 qua:
1880 5283 2081 5339 abster-

2196 5292 2249 5340 τὸ
2280 5288 2715 5358 ἀποσπόγγισμα
2750 5289 2948 5343 ἐκεῖνο.
2998 5289 3109 5345 Kal
3158 5292 3219 5346 τὸ
3263 5289 3549 5363 περίψημα
3587 5291 3636 5342 δὲ
3681 5286 3726 5339 τὸ

511 5406 728 5469 guntur.
793 5391 859 5445 Et
916 5409 934 5442 ι
978 5386 1281 5459 peripsema
1336 5400 1354 5434 ι
1415 5381 1554 5436 idem
1614 5380 1905 5450 signiﬁcat.
1952 5379 2081 5435 Nam

2196 5378 2316 5434 ιύτδ
2338 5379 2508 5450 δηλοῖ.
2544 5380 2788 5453 napi-tat.
2814 5382 2923 5453 γὰρ
2948 5383 3167 5452 λέγεται
3200 5385 3261 5439 τὸ
3284 5403 3350 5438 πε
3360 5380 3722 5458 ρισπογγίζειν.

511 5488 750 5560 περιψᾷν
783 5493 866 5540 est
921 5481 1086 5535 νι-1ιιιί
1136 5475 1361 5546 spongia
1409 5479 1738 5544 abstergere.
1788 5473 1878 5528 Ait
1921 5487 2081 5543 ergo,

2196 5472 2352 5540 Ινησὶν
2377 5469 2491 5535 οὖν,
2523 5471 2606 5525 ὅτι
2639 5471 2746 5526 Τοῦ
2785 5474 3221 5546 ἀπορῤίπτεσθαί
3261 5477 3426 5549 ἐσμεν
3455 5477 3617 5541 ἄξιοι,
3647 5472 3724 5524 καὶ

510 5583 622 5636 Nos
655 5577 957 5648 alrjeclione
985 5587 1175 5628 sumus
1212 5568 1380 5639 digni,
1409 5582 1474 5623 ac
1507 5566 1671 5623 veluti
1695 5566 2081 5628 abominationi

2196 5564 2263 5628 ὡς
2304 5562 2583 5635 βδέλυγμα
2623 5565 2962 5637 λογίζεσθαι,
3025 5568 3124 5641 οὐχ
3174 5570 3304 5641 ὑμῖν
3355 5571 3551 5644 μόνοις,
3608 5564 3721 5621 ἀλλὰ

1825 5703 2024 5766 Variae
2073 5702 2409 5766 lectiones.

576 5838 856 5910 ⁸³εῖρηκεν
883 5849 936 5891 o.
1013 5831 1058 5864 “
1093 5828 1247 5892 ἰδίαις
1287 5842 1340 5885 ο.
1413 5828 1458 5862 ³⁸
1497 5843 1613 5891 πως
1640 5841 1693 5883 0.
1769 5825 1814 5858 ⁸⁸
1841 5826 1922 5880 ὅτι
1957 5825 2136 5881 πάντα
2157 5823 2372 5880 ποιοῦσι
2424 5823 2492 5880 τὰ
2532 5822 2754 5880 τοιαῦτα
2784 5841 2836 5881 o.
