3874 6594
412 414 520 483 623
1145 425 1148 429 ι
1342 389 1919 458 THEOPHYLACTI
1960 388 2060 451 BU
2070 386 2377 450 LGARIE
2419 381 2775 446 ARCHIEP.
3562 367 3677 435 625

409 529 662 588 Christus
690 525 805 596 ipse
833 533 928 575 vos
966 520 1281 587 congreget,
1320 525 1416 581 pro
1445 523 1554 579 quo
1593 504 1756 562 etiam
1788 516 1990 559 couve-
2023 505 2045 563 Δ

2159 501 2318 568 ιναξις
2349 498 2601 569 γένηται,
2629 495 2766 552 ἀλλά
2802 489 2945 547 κατά
2967 489 3132 546 Θεόνο
3171 487 3261 543 ἵνα
3291 485 3456 552 αὐτὸς
3486 487 3517 540 ὁ
3539 487 3683 570 ξρι-

410 556 662 588 blﬂl‘ttla
691 556 805 596 ιιιθυ
840 556 928 575 vva
966 556 1281 587 ννι-ο-νυ--ν
1321 556 1410 581 ιν.-
1448 556 1550 579 ιι...-
1597 556 1755 562 -------
1796 556 1845 559 ,ἡ
1879 556 1888 557 ,
1943 556 1954 557 γ
2023 556 2041 563 _

410 624 562 680 nilis.
595 612 842 674 Praefecit
867 622 1049 666 autem
1081 605 1210 677 ipsis
1235 617 1394 658 suum
1426 600 1588 655 etiam
1620 596 1896 676 spiritum,
1920 608 1988 648 ne

2159 594 2223 658 κὸς
2246 556 2668 664 ’συνάξηύμάᾖ
2707 587 2850 658 ὑπὲρ
2885 579 2947 640 οὗ
2981 585 3078 640 καὶ
3110 580 3462 654 συνέρχεσθε.
3547 556 3688 634 ζΕπ-

413 718 592 786 ipsutn
620 708 776 766 venia
811 673 1124 774 dignentur,
1153 697 1248 754 sed
1281 701 1428 750 recte
1453 690 1722 762 judicent,
1748 673 1899 757 atque
1927 699 1992 739 ac

2159 704 2304 757 ’τησε
2327 686 2385 740 δέ
2415 685 2598 747 αὐτοῖς
2632 682 2727 736 καὶ
2770 680 2830 733 τὸ
2857 678 3021 734 αὐτοῦ
3049 677 3285 747 πνεῦμα,
3317 675 3405 728 ἵνα
3439 673 3518 744 μὴ
3553 687 3688 739 συγ-

415 762 591 786 Ἰ’“’”“““
633 762 642 766 '
667 762 700 763 η
869 762 899 774 υ
1110 762 1120 766 -

415 808 461 863 si
496 807 610 876 ipse
639 807 837 872 praesto
871 803 1037 852 esset.

2159 777 2329 850 νώμης
2357 778 2522 830 αὑτὸν
2548 773 2878 840 ἀξιώσωσιν,
2922 769 3039 825 ἀλλ’
3071 767 3246 840 ὀρθῶς
3293 765 3576 837 κρίνωσιν,
3610 762 3689 827 ὥς

2103 873 2198 926 καὶ
2230 869 2396 926 αὑτοῦ
2426 869 2718 940 παρόντος.

485 981 653 1037 Vens.
684 979 739 1034 5.
778 995 796 1028 ι
832 974 966 1030 Cum
1001 967 1200 1024 virtute
1229 962 1442 1021 Domini
1467 960 1640 1016 nostri
1665 957 1795 1014 Jesu
1825 956 1994 1013 Citri-

2182 983 2200 1017 ι
2232 965 2338 1018 Σὺν
2358 965 2425 1034 τῇ
2443 962 2671 1032 δυνάμει
2692 956 2787 1012 τοῦ
2808 955 3014 1028 Κυρίου
3033 952 3192 1023 ἡμῶν
3224 949 3399 1022 Ἰησοῦ
3421 945 3692 1019 Χριστοῦ,

415 1077 510 1143 sti,
554 1071 771 1130 tradere
818 1066 978 1124 talem
1026 1064 1262 1116 Satanae.
1315 1076 1334 1110 ›
1399 1055 1513 1110 lloc
1564 1060 1671 1118 est,
1723 1050 1808 1106 vel
1853 1048 1998 1120 quod

2159 1055 2450 1128 αραδοῧναι
2480 1053 2569 1106 τὸν
2600 1049 2841 1104 τοιοῦτον
2870 1047 2948 1114 τῷ
2976 1044 3214 1112 Σατανᾷ.
3249 1060 3269 1094 ι
3309 1038 3632 1102 Τουτέστιν,
3656 1037 3691 1106 ἢ

417 1130 673 1226 Christus
711 1161 870 1218 talem
917 1156 1073 1214 vobis
1098 1155 1229 1209 dare
1257 1158 1423 1223 queat
1453 1147 1706 1218 gratiam,
1737 1158 1843 1215 qua
1879 1142 2000 1196 dia-

2159 1166 2190 1202 :t
2224 1147 2282 1201 ’0
2301 1145 2537 1218 Χριστὸς
2559 1143 2786 1197 δύναται
2807 1137 3065 1207 τοιαύτην
3083 1136 3213 1204 ὑμῖν
3233 1133 3395 1205 χάριν
3417 1131 3601 1185 δοῦναι
3621 1130 3694 1191 θ’,

417 1220 724 1318 bolo—illum
759 1251 973 1310 tradere
1001 1245 1221 1321 possitis
1253 1220 1379 1300 {vel
1412 1239 1557 1312 quod
1590 1248 1644 1293 et
1673 1240 1790 1308 ipse
1819 1235 2003 1291 vobis-

2162 1258 2253 1295 στε
2284 1235 2577 1292 δύνασθαι¹
2604 1234 2680 1305 τῷ
2710 1230 2939 1301 διαϐόλῳ
2969 1225 3352 1298 παραδιδόναι·
3393 1223 3427 1292 ἢ
3455 1223 3536 1275 ὅτι
3573 1220 3694 1273 Καὶ

419 1371 542 1412 cum
589 1353 848 1408 adversus
880 1347 1042 1402 istum
1097 1333 1626 1409 suffragiumferat.
1670 1329 1779 1385 Nec
1828 1326 2003 1391 dixit,

2159 1334 2277 1396 ύτδς
2312 1331 2430 1403 μεθ’
2465 1327 2620 1400 ὑμῶν
2670 1325 2791 1380 κατ’
2831 1319 2997 1376 αὑτοῦ
3029 1319 3186 1390 φέρει
3216 1317 3315 1387 τὴν
3347 1315 3549 1385 ψῆφον.
3581 1311 3700 1366 Καὶ

420 1447 652 1509 Dedere,
683 1442 798 1508 sed,
835 1458 854 1492 ι
893 1437 1136 1501 tradere,
1166 1451 1186 1486 ι
1217 1429 1576 1498 subaperiens
1601 1423 1650 1480 ei
1684 1421 2008 1489 resipiscen-

2159 1428 2214 1482 5κ
2245 1422 2420 1489 εἶπεν,
2467 1419 2771 1483 Ἐκδοῦναι,
2806 1414 2979 1481 ἀλλὰ,
3049 1429 3069 1464 t
3111 1406 3492 1482 Παραδοῦναι,
3528 1424 3547 1458 ι
3599 1405 3705 1457 ύπο

424 1541 513 1597 tiae
531 1539 750 1611 januas.
783 1533 969 1602 Neque
995 1525 1230 1585 nominis
1256 1523 1374 1595 eius
1402 1533 1590 1577 rursus
1614 1515 1883 1581 meminit,
1915 1511 2007 1569 sed

2159 1520 2351 1590 νοῖγων
2394 1513 2542 1584 αύτῷ
2579 1513 2678 1575 τὰς
2703 1509 2803 1580 τῆς
2856 1504 3145 1579 μετανοίας
3190 1500 3383 1571 θύρας.
3433 1497 3545 1553 Καὶ
3573 1496 3702 1550 οὐδὲ

431 1653 450 1687 ι
483 1589 664 1698 talem,
707 1647 728 1683 ι
763 1627 915 1683 dicit.
1284 1589 1302 1595 ν

2162 1613 2280 1668 άλιν
2318 1610 2582 1678 ὀνόματος
2631 1602 2928 1674 μέμνηται,
2958 1594 3114 1662 ἀλλὰ,
3155 1611 3175 1646 t
3214 1592 3320 1648 Τὸν
3361 1589 3632 1654 τοιοῦτον,
3672 1605 3692 1637 s

2117 1707 2292 1760 λέγει.

507 1837 526 1869 ι
567 1815 623 1871 1η
651 1809 932 1867 interitum
965 1802 1172 1870 carnis,
1202 1809 1262 1856 ut
1287 1798 1514 1871 spiritus
1537 1793 1720 1851 salvus
1740 1791 1811 1847 sit
1842 1789 1896 1844 iu
1925 1790 2013 1844 die

2159 1724 2178 1760 ε
2221 1724 2292 1759 ει.

2183 1724 2216 1850 ἶ
2255 1797 2348 1859 Et;
2391 1792 2609 1868 ὄλεθρον
2650 1792 2750 1862 τῆς
2779 1789 3004 1863 σαρκὸς,
3053 1788 3142 1841 ἵνα
3180 1783 3242 1840 τδ
3273 1778 3496 1849 πνεῦμα
3548 1773 3702 1841 σωθῇ

429 1905 644 1964 Domini
675 1901 826 1958 Jesu.
861 1917 880 1951 ι
912 1896 1022 1952 lloc
1048 1903 1152 1960 est,
1182 1903 1241 1947 ut
1287 1868 1479 1945 tnorho
1540 1886 1714 1955 ipsum
1754 1889 2014 1937 maceret.

2159 1911 2178 1942 ν
2207 1891 2272 1960 τῇ
2306 1889 2492 1959 ἡμέρᾳ
2534 1883 2629 1939 τοῦ
2679 1884 2888 1955 Κυρίου
2947 1877 3152 1953 Ἰησοῦ.
3190 1896 3210 1931 ι
3261 1871 3577 1934 Τουτέστιν,
3617 1868 3709 1920 ἵνα

430 2003 568 2056 Cum
599 1997 747 2052 enim
789 2009 818 2047 a
850 1987 1096 2059 corporis
1140 1959 1426 2052 voluptate
1475 1977 1801 2046 cupiditates
1833 1973 2020 2029 orian-

2159 1959 2455 2050 ύσῳίαύτδν
2487 1979 2645 2050 τήξῃ.
2711 1975 2937 2043 Ἐπειδὴ
2985 1972 3094 2043 γὰρ
3142 1972 3206 2024 ἐκ
3234 1967 3335 2039 τῆς
3385 1959 3709 2032 σωματικῆς

436 2103 542 2159 tur,
568 2103 768 2159 corpus
793 2083 968 2156 pttniri
993 2080 1126 2146 vult,
1157 2101 1175 2130 ι
1210 2051 1536 2145 utspirittts,
1567 2090 1586 2123 ι
1629 2070 1784 2124 idest
1816 2068 2019 2132 anima,

2159 2075 2332 2147 ρυφῆς
2355 2077 2376 2106 ¹
2402 2074 2458 2126 σί
2483 2069 2794 2142 ἐπιθυμίαι,
2819 2068 2878 2122 τὸ
2903 2067 3064 2138 σῶμα
3084 2059 3414 2130 κολασθῆναι
3435 2051 3709 2126 βούλεται,

572 2139 764 2159 ---τη
793 2139 815 2156 τ
1113 2139 1124 2146 ,
1320 2139 1336 2145 _

434 2193 684 2244 servetur
721 2197 736 2235 :
774 2191 878 2233 non
907 2172 1062 2244 quasi
1090 2172 1193 2226 ista
1225 2166 1341 2223 sola
1373 2174 1708 2226 servaretur,
1740 2159 1832 2216 sed
1867 2156 2021 2228 quasi

2159 2139 2212 2220 is.
2240 2139 2321 2218 -τδ
2371 2160 2614 2233 πνεῦμα,
2654 2139 2966 2222 τουτέστιν,
2996 2157 3029 2224 ὴ
3065 2153 3233 2225 ψυχὴ,
3268 2148 3452 2218 σωθῇο
3485 2144 3585 2211 οὐχ
3633 2139 3711 2202 ὡς

439 2283 544 2336 hoc
574 2286 858 2338 concesso,
889 2265 1032 2339 quod
1056 2279 1121 2321 ea
1150 2267 1393 2324 servata,
1425 2271 1623 2327 corpus
1645 2255 1812 2312 etiam
1845 2266 2026 2308 serva-

438 2373 609 2429 bitur.
644 2365 876 2436 Quidam
911 2375 1042 2418 vero
1079 2355 1355 2428 spiritum,
1389 2351 1591 2406 donum
1626 2347 1910 2420 spirituale
1931 2358 2027 2414 ap-

425 2463 672 2537 pellant,
709 2456 966 2514 nimirum
1001 2460 1060 2508 ut
1092 2449 1303 2506 salvum
1337 2444 1386 2500 ei
1419 2451 1688 2507 servetur,
1728 2455 1829 2495 nec
1865 2438 1932 2493 ab
1962 2451 2026 2493 eo

446 2574 547 2614 ccu
593 2570 662 2609 ex
710 2551 875 2622 impio
926 2544 1194 2603 discedat.
1247 2539 1362 2596 Hoc
1392 2538 1538 2593 enim
1570 2548 1754 2590 curam
1788 2528 2028 2601 gerentis

443 2649 628 2721 pctius
647 2652 752 2708 est,
776 2620 939 2713 quam
964 2633 1263 2709 punientis.
1287 2629 1523 2686 Pulchre
1544 2636 1727 2680 autem
1754 2621 1860 2678 diei
1883 2620 2030 2674 illius

445 2709 722 2803 inemiuit,
756 2709 816 2788 ut
846 2740 900 2787 ct
933 2730 1005 2785 illi
1037 2727 1139 2784 sibi
1173 2729 1502 2786 metuentes,
1538 2715 1862 2772 medicinam
1901 2709 2032 2766 an‘e-

448 2840 601 2896 rant,
649 2838 704 2885 et
749 2826 841 2882 ille
881 2823 1069 2880 itidem
1117 2820 1259 2874 hanc
1306 2813 1556 2883 recipiat.
1616 2808 1812 2864 Metam
1853 2813 2031 2860 autem

450 2923 668 2982 diabolo
699 2919 912 2984 statuit,
943 2928 1097 2987 teque
1130 2921 1292 2982 atque
1323 2909 1376 2963 in
1403 2905 1558 2972 Jobo,
1591 2913 1649 2959 ut
1687 2915 1885 2972 corpus
1912 2909 2031 2954 tan-

453 3028 592 3086 tum,
628 3029 735 3071 non
769 3020 953 3068 autem
989 3007 1228 3062 animam
1259 2999 1513 3070 attingat.

532 3193 696 3249 Vsus.
727 3191 781 3247 6.
821 3208 840 3241 ι
879 3185 994 3242 Non
1027 3185 1168 3241 bona
1194 3189 1279 3238 est
1307 3173 1561 3251 gloriatio
1593 3179 1798 3227 vestra.
1832 3185 1850 3220 ι
1891 3164 2035 3220 Sun-

458 3275 686 3347 indicat,
711 3281 854 3352 quod
885 3275 988 3349 ipsi
1025 3290 1130 3332 non
1156 3269 1512 3346 permiserint
1540 3280 1664 3322 eum
1697 3261 2036 3332 resipiscere,

461 3376 757 3450 gloriantes
782 3371 898 3443 cjus
933 3369 1174 3425 nomine.
1204 3364 1339 3420 Nam
1368 3373 1511 3417 unus
1539 3373 1607 3415 ex
1634 3353 2040 3413 Corinthiorum

461 3466 802 3539 sapientibus
834 3471 974 3520 erat.

539 3579 560 3614 ι
593 3558 826 3616 Nescitis
851 3553 995 3627 quod
1030 3551 1304 3608 modicum
1327 3545 1584 3604 fermemi
1609 3551 1776 3599 totam
1808 3552 2041 3595 massam

461 3651 791 3712 fermentati
833 3670 852 3704 ι
900 3648 967 3703 Ει
999 3644 1193 3711 vestri,
1243 3642 1440 3713 inquit,
1477 3653 1584 3694 non
1631 3637 1775 3692 illius
1812 3643 2047 3690 tantum-

468 3747 631 3805 modo
677 3757 862 3800 curam
902 3740 1102 3796 habeo.
1141 3735 1274 3791 Nam
1321 3732 1522 3789 malum
1556 3729 1880 3802 neglectum,
1920 3725 2047 3780 reli-

465 3854 632 3912 quum
665 3834 920 3892 Ecclesiae
951 3844 1149 3900 corpus
1177 3836 1392 3882 vastare
1425 3834 1620 3895 potest.
1656 3823 1729 3879 Ut
1762 3821 1906 3878 enim
1937 3817 2048 3874 fer-

457 3939 735 4002 mentum,
755 3924 1026 3981 modicum
1046 3935 1170 3975 cum
1188 3919 1276 3985 sit,
1299 3924 1461 3971 totam
1478 3928 1711 3970 massam
1730 3910 2046 3975 iermentat,

470 4038 532 4079 ac
557 4023 612 4076 in
639 4020 878 4088 seipsum
907 4015 1121 4077 alterat,
1147 4013 1225 4066 sic
1267 4018 1322 4065 et
1348 4008 1508 4078 hujus
1530 4013 1810 4078 peccatum
1837 4003 2049 4072 aid-sese

469 4115 756 4187 plerosque
785 4109 921 4164 alios
947 4107 1207 4161 attrahet.

540 4206 708 4262 Vens.
756 4203 808 4257 7.
853 4220 872 4255 ι
921 4200 1227 4272 Expurgate
1273 4198 1459 4267 itaque
1495 4204 1648 4250 vetus
1696 4191 2047 4253 fermentum,

472 4312 532 4360 ut
559 4300 681 4356 sitis
709 4312 848 4352 nova
880 4293 1213 4365 conspersio,
1244 4289 1701 4362 quemadmodum
1730 4287 1862 4342 estis
1894 4282 2053 4356 149

474 4391 674 4465 asymi.
713 4409 732 4442 ι
775 4390 890 4443 Hoc
917 4394 1020 4454 est,
1069 4385 1456 4440 foruicatorem
1505 4380 1669 4436 istum
1711 4376 1913 4448 ejicite,
1943 4376 2053 4428 imo

473 4496 529 4540 ct
555 4485 690 4540 alios
715 4481 810 4552 qui
840 4479 964 4534 mali
988 4485 1133 4533 sunt.
1163 4475 1332 4530 Vetus
1353 4472 1496 4527 enim
1527 4469 1851 4524 fermentum
1875 4467 2052 4521 omnis

2125 2257 2328 2329 ταύτης
2384 2232 2702 2326 σωζομένης
2735 2250 2940 2322 μόνης,
2989 2246 3108 2301 ἀλλ’
3157 2245 3233 2308 ὼς
3283 2232 3712 2310 ὡμολογημένον

2127 2323 2346 2414 τούτου,
2375 2349 2458 2402 ὅτι
2489 2323 2698 2416 ταύτης
2742 2339 3093 2412 σωζομένης,
3125 2337 3222 2392 καὶ
3248 2334 3310 2388 τὸ
3344 2331 3504 2400 σῶμα
3534 2323 3713 2393 σωθή-

2129 2440 2494 2504 σεται.⁶Τινές
2529 2438 2588 2493 δέ
2623 2454 2756 2507 φασι
2789 2434 3034 2504 πνεῦμα,
3062 2430 3124 2485 τὸ
3151 2428 3420 2502 χάρισμα,
3445 2423 3536 2476 ἵνα
3572 2418 3713 2472 σῶεν

2127 2533 2344 2610 τηρηθῇ
2376 2531 2549 2604 αὐτῷ,
2600 2530 2696 2584 καὶ
2742 2528 2819 2600 μὴ
2853 2526 3192 2596 ἀναχωρήσῃ
3235 2521 3312 2583 ὼς
3343 2519 3400 2584 ἐξ
3440 2511 3713 2573 ἀσεϐοὖςο

2131 2624 2292 2679 τοῦτο
2319 2623 2378 2677 δέ
2427 2620 2734 2692 κηδομένου
2782 2617 2984 2690 μᾶλλον
3019 2617 3054 2686 ἢ
3101 2609 3524 2684 τιμωρουμένου
3570 2603 3718 2656 ἐστί.

2134 2714 2334 2778 Καλῶς
2365 2713 2421 2766 δὲ
2448 2711 2548 2781 τῆς
2578 2710 2798 2782 ἡμέρας
2843 2707 3062 2776 ἐκείνης
3091 2699 3406 2774 ἀνεμνήσθη
3433 2697 3473 2764 ³,
3503 2697 3591 2749 ἵνα
3624 2693 3728 2746 καὶ

2133 2810 2334 2864 ἐκεῖνοι
2385 2806 2684 2870 δείσαντες,
2730 2801 2830 2873 τὴν
2875 2798 3117 2872 ιατρείαν
3156 2795 3502 2863 ἀπενέγκωσι
3531 2789 3553 2821 ⁸
3625 2789 3729 2841 xui.

2135 2902 2344 2965 ἐκεῖνος
2399 2896 2661 2959 ὡσαύτως
2720 2893 2925 2964 ταύτην
2982 2890 3226 2961 δέξηται.
3284 2887 3448 2957 Ὀρον
3521 2882 3580 2935 δέ
3640 2879 3730 2932 τί·

2137 2999 2268 3071 θησι
2300 2997 2379 3068 τῷ
2424 2995 2679 3066 διαϐόλῳ,
2725 2992 2982 3063 καθάπερ
3013 2989 3108 3044 καὶ
3144 2987 3237 3040 ἐπὶ
3286 2983 3380 3037 τοῦ
3436 2977 3578 3044 Ἰὼϐ,
3629 2972 3731 3028 τοῦ

2142 3093 2400 3165 σώματος
2445 3089 2712 3162 ἅψασθαι,
2744 3087 2880 3142 ἀλλά
2914 3086 2990 3157 μὴ
3021 3080 3238 3152 καὶτῆς
3269 3078 3470 3149 ψυχῆς.

2223 3209 2242 3242 ι
2296 3186 2570 3248 Ού,καλδν
2603 3186 2662 3239 τὸ
2703 3183 2967 3253 καύχημα
3018 3179 3194 3251 ὑμῶν.
3245 3195 3263 3229 ι
3300 3173 3611 3228 Αἱνῐττεται
3642 3166 3732 3219 ὅτι

2143 3281 2302 3336 αὐτοὶ
2327 3280 2432 3334 ὀὐκ
2464 3278 2657 3332 εἴασαν
2685 3276 2852 3330 αὑτὸν
2884 3271 3245 3342 μετανοῆσαι,
3272 3265 3622 3337 καυχώμενοι
3648 3260 3732 3321 είς

2145 3374 2329 3430 αὐτόν.
2371 3371 2483 3427 Καὶ
2529 3369 2640 3442 γάρ
2689 3363 2770 3434 εἷς
2805 3367 2914 3421 τῶν
2957 3365 3087 3436 παρ’
3135 3361 3335 3424 αὐτοὺς
3361 3360 3382 3391 ⁵
3432 3354 3614 3424 σοφῶν
3651 3347 3726 3422 ἦν

2145 3460 2326 3530 οὗτος.

2223 3577 2243 3611 t
2290 3558 2406 3612 Οὐκ
2443 3557 2621 3611 οἴδατε
2667 3554 2751 3609 ὅτι
2803 3549 2976 3625 μικρά
3017 3549 3166 3621 ζύμη
3215 3548 3340 3602 ὅλον
3385 3545 3446 3599 τὸ
3492 3543 3734 3613 φύραμα

2150 3651 2342 3722 (uitet;
2378 3668 2396 3702 ι
2439 3649 2550 3703 Καὶ
2591 3645 2768 3719 ὑμῶν,
2818 3644 3008 3714 φησιν,
3037 3642 3139 3696 οὐκ
3173 3639 3385 3693 ἐκείνου
3434 3636 3596 3707 μόνον
3629 3634 3735 3699 κή-

2147 3741 2332 3811 δομαι.
2365 3740 2475 3793 Καὶ
2515 3738 2626 3807 γὰρ
2659 3733 3041 3806 ἀμελούμενον
3075 3732 3136 3786 τὸ
3163 3729 3335 3784 κακὸν
3381 3727 3610 3782 δύναται
3642 3726 3737 3776 καὶ

2149 3833 2211 3886 τὸ
2238 3831 2422 3886 λοιπὸν
2451 3830 2612 3900 σῶμα
2633 3828 2734 3898 τῆς
2768 3826 3097 3897 Ἐκκλησίας
3117 3819 3486 3896 λυμήνασθαι.
3519 3818 3736 3884 Ὠσπερ

2151 3927 2262 3997 γὰρ
2289 3925 2323 3995 ἡ
2354 3921 2500 3994 ζύμη
2533 3922 2705 3993 μικρά
2735 3919 2892 3984 οὖσα,
2921 3917 2982 3971 τὸ
3010 3917 3242 3988 φύραμα
3271 3915 3379 3966 πᾶν
3399 3911 3422 3942 ⁸
3451 3910 3618 3980 ζυμοῖ
3641 3908 3737 3960 καὶ

2153 4018 2291 4088 πρὸς
2330 4011 2919 4085 ἐαυτὴνμεταϐἀλλει·
2956 4009 3100 4062 οὕτω
3129 4008 3222 4062 καὶ
3256 4009 3289 4079 ή
3327 4004 3519 4058 τούτου
3555 4003 3740 4072 ἀμσρο

2153 4111 2244 4164 τία
2273 4109 2411 4178 πρὸς
2445 4107 2648 4174 ἑαυτὴν
2676 4103 2906 4167 πολλοὺς
2931 4104 3319 4156 ἐπισπάσεται.

2232 4222 2252 4255 t
2286 4200 2662 4272 Ἐκκαθάρατε
2702 4197 2796 4251 οὖν
2847 4198 2949 4268 τὴν
2992 4194 3232 4248 παλαιὰν
3272 4192 3473 4262 ζύμην,
3516 4191 3605 4242 ἵνα
3635 4185 3736 4259 ἦτε

2156 4293 2275 4349 νέον
2307 4291 2567 4364 φύραμα,
2619 4289 2802 4352 καθώς
2833 4290 2958 4341 ἐστε
2984 4287 3206 4356 ἄζυμοι.
3251 4304 3269 4337 ι
3304 4285 3590 4347 Τουτέστι,
3631 4283 3740 4333 Τὸν

2157 4387 2355 4456 πόρνον
2392 4383 2582 4436 τοῦτον
2628 4381 2910 4446 ἐκϐάλετε,
2969 4378 3167 4451 μᾶλλον
3197 4377 3254 4430 δέ
3289 4377 3386 4430 καὶ
3413 4375 3606 4438 ἄλλους
3637 4390 3740 4424 κα-

2158 4475 2307 4540 κούς.
2339 4472 2582 4528 Παλαιὰν
2611 4473 2720 4544 γὰρ
2745 4473 2927 4544 ζύμην
2970 4472 3155 4525 πᾶσαν
3185 4468 3384 4524 κακίαν
3427 4466 3587 4536 φησί.
3627 4465 3741 4518 Καὶ

473 4578 690 4651 generis
726 4575 854 4628 vitia
886 4569 1148 4626 nominat.
1200 4565 1266 4621 Et
1300 4578 1407 4620 non
1449 4562 1606 4628 dixit,
1649 4559 1900 4630 Purgate,
1933 4558 2045 4625 sed,

2159 4569 2256 4624 οὐκ
2298 4564 2441 4635 εἷπε,
2478 4566 2795 4638 Καθάρατε,
2838 4565 3009 4630 ἀλλὰ,
3041 4585 3060 4617 ι
3087 4561 3492 4633 Ἐκκαθάρατεο
3523 4579 3544 4612 s
3577 4574 3739 4612 τουτ-

482 4689 502 4722 ‹
545 4669 874 4738 EXpurgate,
908 4679 929 4717 ι
970 4665 1073 4717 hoc
1100 4668 1184 4715 est
1239 4670 1453 4713 summa
1488 4653 1757 4725 diligentia
1795 4659 2051 4722 purgate,

476 4770 538 4817 ut
587 4762 710 4816 sitis
762 4773 899 4814 nova
950 4769 1164 4820 massa,
1221 4766 1340 4822 qua:
1379 4763 1488 4804 non
1544 4747 1617 4803 sit
1673 4747 1818 4801 vitiis
1869 4745 2050 4800 mista.

482 4875 503 4906 ε
531 4848 997 4922 Quemadmodum
1025 4845 1180 4909 estis,
1219 4861 1238 4895 ι
1274 4841 1376 4897 hoc
1405 4850 1508 4905 est,
1569 4839 1728 4894 sicuti
1755 4838 1911 4892 decet
1959 4850 2054 4891 vos

477 4960 620 5012 csse,
671 4944 790 4999 sine
829 4941 1127 5003 fermento,
1178 4935 1232 4991 id
1282 4944 1368 4991 est
1430 4943 1618 4989 vetere
1666 4931 1894 4997 malitia,
1928 4917 2084 5001 quae}

477 5048 696 5096 acclosa
727 5044 830 5102 est,
860 5044 915 5089 ct
949 5031 1260 5086 mordicans
1295 5041 1394 5097 per
1421 5023 1820 5096 pmnitentiam.

557 5153 577 5187 ι
632 5130 847 5186 Etenim
893 5125 1104 5182 Pascha
1138 5131 1385 5177 nostrum
1418 5133 1519 5190 pro
1567 5119 1723 5173 nobis
1755 5117 2062 5176 immolatus

484 5234 572 5282 est
619 5221 888 5279 Christus.
945 5235 965 5270 ι
1013 5213 1147 5282 Quia
1200 5224 1553 5282 azymorum,
1616 5209 1891 5275 meminit,
1943 5225 2062 5279 qua:

484 5313 770 5374 Paschatis
802 5320 1044 5380 tempore
1089 5303 1413 5367 edebantur,
1443 5301 1772 5372 simulatque
1803 5316 1899 5372 per
1928 5302 2060 5357 alle-

487 5408 694 5482 goriam
718 5403 846 5474 quid
877 5403 987 5456 sint
1011 5413 1200 5468 azyma
1230 5394 1539 5466 explicavit,
1566 5395 1818 5448 nimirum
1847 5394 2062 5450 aﬂ‘ectio

487 5501 636 5563 vitiis
652 5515 760 5556 non
780 5493 1184 5570 contaminata;
1207 5504 1350 5544 nunc
1369 5489 1657 5558 allegorice
1675 5489 2064 5560 interpretatur

2162 4661 2299 4726 ἐστι,
2349 4659 2504 4714 Μετά
2548 4657 2835 4728 ἀκριϐείας
2879 4657 3190 4727 καθάρατε,
3229 4658 3316 4710 ἵνα
3352 4655 3470 4708 νέον
3505 4653 3742 4724 φύραμα

2163 4754 2258 4809 καὶ
2295 4751 2496 4824 ἀμιγὲς
2531 4750 2733 4815 κακίας
2764 4747 2883 4823 ἦτε.
2920 4769 2939 4801 t
2987 4749 3186 4813 Καθὼς
3213 4750 3360 4815 ἐστε,
3397 4765 3416 4799 ι
3462 4747 3584 4800 ἀντὶ
3619 4743 3742 4807 τοῦ,

2163 4843 2363 4906 Καθὼς
2390 4841 2593 4910 πρέπει
2639 4837 2779 4896 εἶναι
2814 4841 2961 4911 ὑμᾶς
2980 4881 2994 4906 ,
3022 4840 3196 4912 χωρὶς
3226 4841 3428 4911 ζύμης,
3457 4838 3740 4898 τουτέστι,

2163 4937 2260 5009 τῆς
2290 4935 2525 4998 παλαιᾶς
2554 4934 2780 5002 κακίας,
2813 4934 2910 4989 καὶ
2938 4933 3192 5000 ὀξὼδους,
3221 4934 3317 4987 καὶ
3339 4929 3641 5000 δακνούσης
3674 4929 3744 4997 τῇ

2164 5028 2398 5103 μεταμε)
2411 5029 2520 5099 σία.
3143 5079 3146 5082 .

2242 5141 2261 5176 ι
2292 5121 2406 5180 Καὶ
2431 5121 2540 5192 γὰρ
2564 5121 2626 5175 τὸ
2655 5119 2848 5191 Πάσχα
2881 5119 3040 5191 ἡμῶν
3068 5119 3212 5192 ὑπὲρ
3238 5119 3396 5193 ἡμῶν
3425 5116 3590 5186 ἐτύθη
3613 5115 3746 5185 Χριο

2170 5215 2316 5280 στὸς.
2367 5234 2385 5266 ι
2434 5213 2658 5282 Ἐπειδὴ
2697 5211 2923 5283 ἀζύμων
2971 5211 3242 5284 ἐμνήσθη,
3277 5211 3450 5268 ταῦτα
3487 5209 3545 5263 δὲ
3575 5209 3631 5260 ἐν
3661 5207 3742 5274 τῷ

2169 5307 2365 5376 Πάσχα
2392 5303 2679 5376 ἠσθίοντο,
2723 5302 3108 5374 ἀλληγορήσας
3146 5306 3218 5358 τὰ
3255 5303 3440 5373 άζυμα
3482 5300 3536 5353 τί
3579 5299 3742 5361 εἰσιν,

2168 5398 2251 5451 ὅτι
2276 5400 2309 5468 ἠ
2335 5397 2575 5461 διάθεσις
2601 5396 2634 5466 ἡ
2663 5395 2872 5465 ἀμιγὴς
2901 5396 3130 5461 κακίας,
3165 5395 3263 5450 νῦν
3290 5395 3580 5464 ἀλληγορεῖ
3600 5393 3618 5420 '
3645 5390 3742 5443 καὶ

2169 5488 2231 5541 τὸ
2257 5490 2468 5559 Πάσχα,
2502 5487 2594 5542 καί
2627 5503 2812 5558 φησιν,
2851 5488 2932 5541 ὅτι
2975 5487 3033 5540 '0
3061 5488 3296 5560 Χριστός
3315 5489 3461 5542 ἐστιν
3494 5484 3646 5556 ἡμῶν
3682 5481 3746 5538 τὸ

1757 5659 1760 5663 ‘
1829 5647 2025 5738 Variae
2075 5648 2398 5710 lectiones.
2503 5639 2507 5646 ’

562 5787 611 5822 ”
649 5784 851 5840 διδόναι
886 5797 937 5834 o.
1016 5779 1032 5811 ¹
1071 5773 1358 5848 βούλεσθαι
1385 5788 1436 5827 ο.
1483 5774 1534 5848 ᾔ¹
1563 5773 1656 5827 τοῦ
1699 5760 1952 5844 σώματος
1988 5776 2084 5828 καὶ
2118 5772 2216 5844 τῆς
2239 5788 2324 5840 τρ.
2360 5785 2413 5824 0.
2490 5770 2510 5802 ³
2539 5769 2845 5840 ἀνέμνησεν
2875 5783 2928 5825 ο,
3002 5770 3022 5802 ι
3046 5769 3385 5842 ἐπενέγκωσι
3410 5786 3478 5826 m.
3553 5769 3573 5802 ι
3601 5764 3745 5836 παρ’

493 5859 677 5923 αὐτοῖς
707 5873 781 5912 tu.
860 5854 880 5887 ⁸
905 5852 1024 5905 ὅλον
1054 5846 1107 5905 o.
1188 5847 1206 5877 ⁷
1232 5846 1502 5918 μαρτυρεῖ
1526 5860 1579 5899 0.
