3874 6588
167 453 275 518 625

971 411 1382 508 ΕΧΡΟεΙΤῙό
1414 446 1500 510 IN
1539 447 1776 510 EPIST.
1821 449 1855 509 ιλ
1890 450 1991 510 AD
2027 449 2196 511 con.
2233 473 2306 485 —
2343 449 2501 509 CAP.
2539 448 2605 510 γ.

3303 443 3410 508 626

162 566 374 636 Πάσχα,
396 561 580 626 τυθεὶς
599 561 741 634 ὑπὲρ
764 561 943 634 ἡμῶν.
966 564 1288 638 Ὀφείλομεν
1311 561 1405 621 οὖν
1427 565 1501 620 τὰ
1524 567 1731 636 ἄζυμα,

1854 566 1966 638 ιιιὶᾶ
1989 567 2060 623 sit
2081 565 2309 632 Pascha,
2334 566 2610 634 Christus,
2637 563 2908 636 inquucns,
2933 561 3140 618 Pascha
3163 569 3409 618 nostrum

157 657 429 721 τουτέστι,
473 653 573 726 τὴν
616 654 726 710 ἀπὸ
770 655 954 735 πάσης
986 659 1192 723 κακίας
1237 658 1590 731 καθαρότητα
1627 675 1730 711 πε·-

162 749 390 824 ριέπειν.

228 861 248 894 ι
287 837 449 895 Ὥστε
482 838 864 914 ἑορτάζωμεν,
903 840 978 912 μὴ
1025 840 1083 894 ὲν
1125 839 1274 912 ζύμῃ
1323 840 1552 914 παλαιᾷ,
1594 841 1730 914 μηδὲ

161 937 215 988 ἐν
246 933 394 1005 ζύμῃ
423 935 626 996 κακίας
667 933 764 988 καὶ
814 933 1108 1005 πονηρίας.
1141 952 1161 986 ι
1193 933 1479 988 Δείκνυσιν
1507 934 1588 987 ὅτι
1623 935 1733 999 πᾶς

159 1029 186 1080 ὀ
221 1026 416 1096 χρόνος
436 1069 452 1094 ,
497 1025 691 1097 ἑορτῆς
736 1026 851 1080 ἐστι
871 1026 1061 1097 καιρὸς
1093 1028 1205 1091 τοίς
1234 1027 1613 1096 Χριστιανοῖς,
1643 1025 1732 1082 διὰ

159 1119 250 1189 τὴν
291 1117 604 1188 ὑπερϐολὴν
649 1117 761 1172 τῶν
808 1116 1070 1172 δοθέντων
1110 1119 1297 1184 αὐτοῖς
1341 1117 1588 1188 ἀγαθῶν.
1634 1119 1733 1174 Διὰ

157 1209 310 1264 τοῦτο
338 1211 452 1282 γὰρ
483 1213 513 1265 ὁ
561 1210 689 1274 Υἱὸς
718 1208 816 1264 τοῦ
865 1210 1000 1264 Θεοῦ
1042 1210 1333 1283 ἄνθρωπος
1375 1211 1597 1280 γέγονε,
1639 1211 1734 1265 καὶ

157 1299 346 1370 ἐτύθη,
389 1301 481 1354 ἶνα
517 1300 575 1354 σὲ
611 1299 896 1371 ἑορτάζειν
937 1301 1174 1375 ποιήσῃο
1215 1302 1316 1355 οὐκ
1358 1302 1417 1356 έν
1457 1300 1607 1374 ζύμῃ
1633 1299 1730 1356 τοῦ

158 1393 388 1446 παλαιοῦ
425 1392 623 1464 ’Δδὰμ,
656 1394 777 1448 οὐδὲ
813 1395 872 1449 ὲν
913 1393 1016 1466 βίῳ
1049 1394 1252 1460 κακίας
1281 1395 1496 1468 πλήρει,
1529 1396 1733 1466 μᾶλλον

156 1487 208 1539 δὲ
248 1483 277 1539 ὃ
315 1487 527 1556 χεῖρον,
579 1485 864 1556 πονηρίας.
898 1487 1084 1551 Κακδς
1139 1489 1236 1558 μὲν
1289 1488 1417 1559 γὰρ,
1459 1489 1570 1552 πᾶς
1613 1488 1643 1541 ὁ
1674 1486 1736 1540 τὺ

157 1577 320 1632 κακὸν
352 1577 640 1648 πράττωνο
675 1579 908 1651 πονηρὸς
928 1579 1008 1649 δὲ,
1038 1582 1065 1635 ό
1085 1584 1182 1634 καὶ
1207 1580 1347 1651 μετὰ
1416 1579 1734 1651 βαθυτάτου

156 1671 241 1723 καὶ
265 1668 497 1741 δολερᾶς
518 1670 542 1703 ⁸
569 1669 816 1744 γνώμης.

225 1865 245 1898 ι
286 1847 438 1901 Ἀλλ’
489 1849 547 1903 ὲν
585 1849 817 1920 ἀζύμοις
855 1849 1208 1924 είλικρινείας
1259 1853 1351 1910 καὶ
1385 1855 1665 1927 ἀληθείας.
1709 1877 1728 1913 ι

1834 666 1939 723 est,
1976 671 2079 727 pro
2110 655 2268 712 nobis
2292 665 2582 710 mactatus.
2618 653 2884 710 Debemus
2916 652 3081 724 igitur
3113 666 3327 722 azyma,
3359 652 3414 706 id

1831 758 1922 805 est
1953 763 2177 804 omnem
2237 748 2308 804 ab
2347 748 2599 804 omnibus
2627 746 2774 802 vitiis
2813 745 3104 815 puritatem
3139 744 3414 813 amplecti.

1907 839 2073 896 Vens.
2105 841 2160 896 8.
2192 858 2212 894 ι
2255 839 2444 895 Ferias
2469 839 2656 908 itaque
2684 835 3044 902 celebremus,
3082 851 3189 892 non
3225 836 3276 891 in
3308 835 3418 890 l'er-

1835 939 2021 988 mento
2058 933 2252 999 veteri,
2297 945 2476 1001 neque
2523 929 2580 984 in
2621 927 2889 992 fermento
2929 927 3153 983 malitiae
3196 937 3253 984 et
3293 944 3420 983 ver-

1832 1023 2010 1080 sutiae.
2049 1042 2068 1076 ι
2114 1021 2364 1080 Ostendit
2396 1022 2541 1092 quod
2589 1032 2751 1075 omne
2790 1027 3006 1084 tempus
3054 1017 3316 1074 feriarum
3349 1018 3420 1075 sit

1832 1115 2049 1171 occasio
2079 1123 2136 1171 et
2162 1115 2549 1186 opportunitas
2593 1115 2926 1170 Christianis
2945 1153 2959 1178 ,
2990 1119 3212 1182 propter
3237 1112 3421 1169 excel-

1833 1206 2055 1263 lentiam
2111 1207 2435 1263 traditarum
2480 1205 2591 1262 illis
2642 1205 2936 1261 bonorum.
2984 1201 3068 1259 0b
3111 1217 3232 1258 eam
3273 1205 3418 1258 enim

1835 1311 2054 1354 causam
2089 1299 2253 1354 homo
2285 1298 2465 1354 factus
2521 1305 2577 1354 et
2617 1297 2839 1355 occisus
2874 1303 2960 1352 est
3003 1292 3176 1357 Filius
3207 1292 3326 1358 Dei,
3362 1300 3423 1348 ut

1834 1399 1887 1446 te
1915 1389 2100 1447 feriari
2132 1390 2342 1446 l‘aceret
2371 1408 2385 1445 :
2415 1405 2525 1446 non
2558 1389 2611 1445 in
2656 1388 2926 1445 fermento
2955 1383 3160 1441 veteris
3185 1382 3378 1438 Adami
3401 1421 3419 1448 ,

1835 1495 2014 1550 neque
2043 1483 2095 1535 in
2126 1481 2239 1537 vita
2273 1481 2424 1537 vitiis
2451 1479 2634 1551 plena,
2666 1476 2787 1543 vel,
2823 1475 2966 1546 quod
2994 1473 3150 1543 pejus
3187 1480 3273 1527 est
3298 1485 3422 1525 ver-

1833 1572 1996 1628 sutia.
2031 1569 2204 1628 Malus
2231 1571 2375 1628 enim
2406 1579 2511 1638 est,
2539 1567 2787 1641 quisquis
2810 1565 2954 1622 male
2979 1564 3092 1636 agit
3118 1583 3131 1618 :
3165 1570 3422 1620 versutus

1835 1673 2040 1732 autem,
2081 1663 2182 1735 qui
2222 1673 2278 1720 et
2310 1678 2443 1720 cum
2478 1660 2851 1734 profunditate
2903 1673 2969 1715 ac
2999 1657 3188 1714 dolosa
3237 1664 3422 1711 mente

1837 1753 1976 1809 male
2009 1755 2140 1826 agit.

1923 1862 1942 1897 ι
1986 1843 2092 1900 Sed
2125 1844 2178 1900 in
2210 1845 2420 1917 azymis
2463 1843 2795 1900 sinceritatis
2839 1851 2894 1897 et
2941 1837 3208 1894 veritatis.
3249 1855 3268 1888 ι
3305 1833 3420 1891 Hoc

155 1939 470 2006 Τουτέστιν,
509 1941 568 1995 ἐν
607 1919 707 2014 βίω
751 1919 1066 2014 είλικρινεῖ,
1124 1946 1244 2017 ἤτοι
1291 1919 1552 2022 καθαρίῖ),
1597 1919 1734 2025 πρὸς

1854 1946 1953 2002 est,
1987 1937 2039 1992 in
2068 1938 2175 1994 vita
2197 1937 2406 1994 sincera
2437 1937 2552 1992 sive
2577 1950 2730 2007 pura,
2755 1944 2815 1990 ut
2837 1940 3142 2004 opponatur
3159 1927 3415 1983 malitire:

154 2033 567 2105 ἀντιδιαστολὴν
599 2034 701 2104 τῆς
744 2035 946 2100 κακίας
969 2051 985 2068 ο
1026 2036 1120 2091 καὶ
1162 2039 1382 2114 ἀληθεῖ,
1417 2044 1733 2113 τουτέστιν,

155 2125 527 2198 ἀνυποκρίτῳ,
585 2127 780 2198 ἀδόλῳ,
816 2127 954 2200 πρὸς
986 2129 1398 2205 ἀντιδιαστολὴν
1427 2135 1528 2206 τῆς
1564 2153 1734 2210 πονη-

157 2218 292 2286 ρίας.
336 2217 418 2271 Ἢ
445 2218 525 2284 τὸ,
571 2236 590 2270 α
641 2217 950 2290 Ἀληθείας,
995 2238 1015 2272 ι
1062 2221 1291 2277 δύνασαι
1342 2225 1556 2296 νοῆσαι,
1599 2228 1736 2300 πρὸς

154 2308 566 2380 ἀντιδιαστολὴν
591 2311 702 2366 τῶν
730 2310 980 2368 παλαιῶν
1004 2313 1216 2378 τύπων,
1245 2315 1442 2382 οἵτινες
1467 2319 1569 2376 οὐκ
1596 2316 1738 2393 ἦσαν

156 2401 410 2470 ἀλήθεια.
458 2402 720 2459 Βούλεται
749 2403 857 2476 γὰρ
886 2404 978 2459 τὸν
1020 2406 1371 2478 Χριστιανὸν,
1411 2410 1505 2464 καὶ
1527 2411 1636 2469 τῶν
1679 2414 1743 2470 ἐν.

156 2495 218 2565 τῇ
250 2491 475 2566 Παλαιᾷ
518 2495 707 2549 τύπων
743 2496 1049 2570 ὑπέρτερον
1090 2493 1256 2556 εἶναι.
1290 2502 1360 2555 Ἢ
1389 2501 1741 2575 είλικρίνειαν

162 2585 277 2656 μὲν,
310 2585 421 2659 τὴν
448 2587 820 2660 καθαρότητα,
860 2589 896 2661 ἡ
935 2589 1024 2645 διὰ
1065 2589 1167 2661 τῆς
1200 2591 1455 2665 πράξεως
1499 2594 1739 2664 γίνεται·

158 2679 425 2750 ἀλήθειαν
451 2680 542 2746 δὲ,
582 2680 681 2752 τὴν
713 2681 968 2755 θεωρίαν.

240 2790 259 2824 ι
293 2771 565 2843 Ἔγραψα
593 2771 722 2844 ὑμῖν
754 2774 810 2827 έν
830 2776 898 2846 τῇ
941 2773 1266 2848 Ἐπιστολῇ,
1312 2777 1389 2849 μὴ
1443 2781 1745 2852 συναναμί-

159 2862 397 2933 γνυσθαι
441 2867 686 2936 πόρνοις.
723 2885 742 2919 ι
789 2866 876 2920 Ἐν
911 2867 1046 2940 ποίᾳ
1087 2868 1413 2942 Ἐπιστολῇς
1471 2871 1564 2926 Ἐν
1603 2873 1742 2946 αὐτῇ

161 2956 358 3028 ταύτῃ.
406 2957 626 3030 Ἐπειδὴ
660 2959 767 3031 γὰρ
808 2955 962 3014 εἷπεν
1013 2961 1312 3033 ἀνωτέρω,
1351 2964 1435 3018 ὅτι
1483 2981 1503 3017 ι
1547 2963 1746 3022 Ἑκκα-

162 3047 373 3120 θάρατε
406 3049 504 3124 τὴν
538 3051 778 3106 παλαιὰν
805 3051 1006 3124 ζύμην,
1045 3072 1064 3107 ι
1093 3054 1185 3108 τδν
1212 3055 1642 3126 πεπορνευκότα,
1670 3056 1748 3121 ὡς

160 3139 488 3212 δεδήλωται,
520 3144 914 3215 αἰνιττόμενος,
943 3143 1011 3198 δι’
1039 3139 1101 3202 οὗ
1123 3145 1384 3219 ἐδηλοῦτο
1428 3147 1489 3202 τὸ
1515 3147 1592 3220 μὴ
1621 3166 1755 3205 συν-

1842 2037 1897 2085 et
1931 2045 2081 2097 vera,
2116 2031 2221 2086 hoc
2249 2038 2354 2094 est,
2388 2027 2677 2100 bypocrisi'
2695 2041 2760 2081 ac
2791 2023 2915 2080 dolo
2938 2030 3186 2083 vacante,
3211 2027 3270 2072 ut
3299 2031 3422 2071 ver-

1837 2120 1993 2176 sutia:
2024 2129 2377 2190 opponatum
2405 2119 2509 2176 Vel
2525 2116 2856 2186 veritatem}:
2892 2113 3190 2183 intelligere
3211 2106 3420 2179 poteris

1838 2213 1904 2268 ad
1937 2213 2228 2270 discrimen
2259 2223 2503 2270 veterum
2537 2212 2852 2283 ﬁgurarum,
2895 2221 3016 2278 quae
3048 2219 3158 2260 non
3192 2201 3416 2257 fuerunt

1839 2305 2059 2360 veritas.
2120 2305 2246 2361 Vult
2294 2305 2439 2361 enim
2485 2302 2856 2360 Christianum
2907 2296 3188 2356 veteribus
3235 2292 3421 2365 ﬁguris

1840 2395 2174 2465 superiorem
2201 2410 2346 2452 esse.
2383 2394 2482 2451 Vel
2517 2394 2889 2450 sinceritatem
2921 2387 3158 2457 accipies
3196 2399 3294 2455 pro
3317 2399 3418 2454 pu-

1842 2485 2004 2540 ritate
2032 2499 2151 2556 qua:
2179 2501 2276 2557 per
2299 2499 2462 2557 opera
2491 2485 2548 2540 lit
2577 2501 2592 2539 :
2619 2483 2906 2540 veritatem
2931 2487 3136 2545 autem,
3161 2489 3260 2548 pro
3285 2489 3418 2531 con-

1843 2577 2212 2648 templatione.

1919 2769 2081 2826 Vens.
2115 2767 2171 2824 9.
2212 2787 2230 2821 ι
2264 2766 2470 2837 Scripsi
2510 2765 2664 2822 vobis
2697 2765 2750 2819 in
2786 2762 3047 2834 Epistola,
3096 2778 3162 2818 ne
3195 2761 3424 2817 commi-

1845 2858 2134 2918 sceremini
2165 2856 2604 2915 fornicatoribus.
2642 2875 2661 2909 ι
2693 2853 2750 2911 In
2786 2869 2891 2926 qua
2924 2852 3206 2922 Epistola?
3239 2850 3296 2906 in
3323 2851 3426 2906 hac

1845 2953 1986 3024 ipsa.
2017 2951 2153 3007 Cum
2183 2951 2328 3006 enim
2367 2960 2529 3019 supra
2573 2947 2839 3014 dixisset,
2877 2965 2895 2998 ‹
2935 2945 3245 3013 Expurgate
3272 2953 3426 2998 vetus

1846 3044 2200 3108 fermentum,
2240 3059 2260 3094 ι
2300 3043 2710 3120 fornicatorcm,
2762 3047 2822 3093 ut
2872 3052 3037 3109 supra
3071 3035 3270 3091 dictum
3305 3045 3424 3099 est,

1851 3133 2211 3198 subinnuens,
2243 3133 2388 3188 unde
2433 3130 2778 3202 perspicuum
2810 3127 2960 3194 fecit,
3013 3126 3156 3198 quod
3187 3125 3426 3180 fornica-

161 3234 566 3302 αναμίγνυσθαι
616 3236 834 3308 πόρνοις
859 3255 874 3270 ⁸
912 3238 1040 3302 ῐσως
1066 3238 1372 3312 ὑπενόησαν
1402 3238 1469 3295 ἂν
1495 3219 1587 3295 ὅτι
1611 3242 1741 3297 πάν-

1854 3226 2062 3284 toribus
2095 3225 2438 3282 commisceri
2487 3238 2596 3279 non
2645 3231 2899 3292 oportet;
2935 3219 3195 3288 suspicati
3242 3225 3428 3273 essent

163 3341 264 3378 των
289 3326 410 3383 τῶν
451 3327 665 3399 πύρνων
704 3330 801 3383 καὶ
841 3329 951 3386 τῶν
978 3332 1110 3403 παρ’
1145 3308 1372 3403 Ἕλλησι
1409 3333 1741 3405 χωρίζεσθαι

1854 3319 2078 3375 fortasse
2101 3319 2168 3373 ab
2196 3316 2448 3373 omnibus
2469 3314 2908 3375 fornicatoribus,
2945 3313 3013 3366 ab
3043 3310 3112 3365 iis
3139 3311 3301 3366 etiam
3330 3308 3425 3377 qui

164 3414 258 3471 δεῖ.
301 3417 640 3490 Ἑρμηνεύει
667 3420 848 3478 τοίνυν
880 3421 1011 3494 περὶ¹
1045 3423 1214 3479 ποίων
1254 3425 1618 3496 παρήγγειλε.

234 3614 254 3648 ι
294 3596 416 3650 Καὶ
444 3597 505 3650 ού
537 3597 754 3664 πάντως
776 3600 890 3664 τοῖς
918 3599 1139 3672 πόρνοις
1167 3601 1261 3656 τοῦ
1292 3601 1500 3674 κόσμου
1530 3601 1749 3672 τούτου,

165 3689 196 3758 ἢ
243 3691 367 3753 τοῖς
406 3690 776 3759 πλεονέκταις,
815 3693 850 3763 ἢ
903 3692 1162 3764 ἅρπαξιν,
1204 3693 1238 3766 ἢ
1289 3694 1747 3766 εἰδωλολάτραιςσ

167 3783 288 3836 ἐπεὶ
345 3783 592 3852 ὀφείλετε
637 3785 745 3856 ἄρα
791 3785 856 3840 ὲκ
903 3784 998 3838 τοῦ
1045 3785 1254 3856 κόσμου
1291 3784 1551 3851 ἐξελθεῖν.
1589 3806 1609 3840 ι
1648 3787 1744 3853 To,

173 3899 192 3932 ι
221 3879 476 3945 Πάντως,
511 3897 531 3931 ι
561 3877 636 3942 ὡς
669 3878 764 3932 ἐπὶ
795 3878 1218 3950 ὡμολογημένου
1244 3878 1459 3934 τέθεικε
1484 3877 1747 3950 πράγμα-

168 3988 275 4035 τος.
323 3971 392 4024 Ἦ
422 3970 674 4036 σύνταξις
702 3969 758 4024 δὲ
781 3969 876 4023 τοῦ
908 3970 1068 4039 λόγου
1101 3968 1322 4040 τοιαύτη
1343 3984 1359 4000 ⁶
1388 3970 1498 4027 Καὶ
1528 3970 1749 4034 πάντως

169 4063 226 4115 οὗ
261 4063 383 4125 τοῖς
421 4060 642 4132 πόρνοις
691 4061 796 4115 τοῦ
832 4061 1036 4132 κόσμου
1083 4061 1582 4133 συναναμίγνυσθαι
1615 4060 1752 4115 ἐκώ·-

171 4149 331 4214 λυσα,
368 4133 637 4216 τουτέστι,
668 4153 780 4216 τοῖς
803 4151 913 4206 τῶν
953 4151 1220 4224 Ἑλλήνων
1239 4165 1256 4183 ⁸
1289 4151 1414 4206 ἐπεὶ
1442 4151 1638 4225 ἑτέραν
1672 4153 1751 4205 οξ-

173 4243 446 4314 κουμένην
478 4242 722 4312 ὀφείλετε
753 4241 1006 4314 ζητῆσαι.
1038 4243 1163 4309 Πῶς
1185 4242 1294 4314 γὰρ
1322 4242 1565 4306 δυνατὸν,
1596 4244 1654 4296 ὲν
1682 4244 1755 4316 τῇ

175 4337 312 4408 αὐτῇ
346 4336 502 4390 πόλει
529 4335 794 4389 πλειόνων
818 4335 989 4390 ὅντων
1016 4335 1125 4390 τῶν
1161 4335 1450 4408 Ἑλλήνων,
1502 4334 1578 4408 μὴ
1629 4352 1754 4389 συν-

174 4427 578 4501 αναμίγνυσθαι
603 4429 716 4492 τοῖς
743 4426 1010 4492 τοιούτοις
1031 4429 1052 4461 ⁸
1081 4445 1097 4496 ;

1848 3412 1989 3483 apud
2013 3410 2231 3468 Graecos
2253 3417 2459 3476 essent,
2481 3406 2839 3464 recedendum
2865 3417 3007 3460 esse.
3035 3402 3428 3471 Interpretatur

1849 3505 2012 3575 igitur
2037 3502 2288 3575 qualibus
2327 3499 2602 3571 prtecepit.

1923 3592 2088 3649 Vens.
2115 3593 2206 3647 10.
2241 3610 2261 3645 ι
2299 3591 2366 3646 Ει
2392 3607 2497 3646 non
2525 3587 2749 3644 omnino
2779 3583 3200 3642 fornicatoribus
3241 3579 3427 3635 mundi

1853 3687 2031 3753 hujus,
2064 3693 2157 3740 aut
2185 3684 2393 3749 avaris,
2428 3691 2523 3736 aut
2551 3680 2856 3750 rapacibus,
2889 3685 2985 3732 aut
3020 3675 3288 3731 idolorum
3316 3671 3430 3728 cul-

1856 3778 2065 3834 toribus
2103 3795 2118 3832 :
2151 3774 2353 3846 alioqui
2375 3772 2684 3830 debueratis
2707 3785 2771 3826 ex
2804 3769 3131 3826 hocrmundo
3153 3765 3372 3822 exiisse.
3402 3781 3422 3815 ι

1858 3891 1878 3926 ι
1921 3871 2177 3937 Omnino,
2217 3889 2237 3923 ι
2274 3879 2531 3939 tanquam
2561 3867 2627 3922 de
2650 3881 2710 3921 re
2747 3863 3001 3924 confessa
3038 3875 3102 3917 ac
3140 3857 3427 3915 manifesta

1853 3966 2059 4036 posuit.
2100 3964 2223 4020 llaec
2249 3977 2380 4018 vero
2418 3959 2578 4032 hujus
2612 3955 2876 4014 orationis
2912 3961 2997 4009 est
3032 3947 3369 4007 constructio
3409 3963 3425 4001 :

1853 4057 1925 4114 Et
1963 4059 2185 4114 omnino
2217 4071 2322 4111 non
2357 4051 2610 4124 prohibui
2646 4064 2716 4105 ne
2756 4063 2882 4104 cum
2920 4043 3106 4100 mundi
3136 4041 3433 4098 fornicato-

1855 4151 2003 4206 ribus
2047 4145 2532 4211 eonversaremini,
2582 4142 2686 4199 hoc
2734 4150 2836 4207 est,
2873 4137 3078 4196 Grecis
3128 4153 3142 4191 :
3192 4132 3431 4203 alioquin

1855 4243 2020 4298 alium
2049 4250 2316 4297 terrarum
2341 4237 2528 4293 orbem
2561 4246 2809 4306 quzerere
2829 4235 3124 4301 oporteret.
3157 4225 3260 4294 Qui
3281 4223 3429 4280 enim

1857 4333 1974 4388 lieri
2001 4342 2214 4402 potest;
2258 4329 2416 4402 150
2439 4342 2560 4383 cum
2593 4326 2646 4380 in
2679 4337 2785 4379 una
2812 4322 3113 4390 eademque
3146 4318 3283 4373 urbe
3316 4316 3436 4384 plu-

1856 4440 1945 4480 res
1966 4425 2074 4479 sint
2098 4422 2279 4479 Graeci
2305 4429 2359 4476 et
2383 4427 2724 4491 peccatores,
2751 4422 2811 4470 ut
2831 4427 2938 4470 non
2963 4407 3432 4469 commisceamini

1857 4513 2105 4570 talibus?

250 4623 270 4656 ι
306 4604 453 4658 Νυνὶ
476 4603 534 4659 δὲ
561 4603 777 4675 ἔγραψα
804 4605 934 4677 ὑμῖν
976 4603 1054 4677 μὴ
1099 4602 1620 4676 συναναμίγνυσθαι,
1658 4608 1741 4662 ὲάι

1931 4606 2097 4662 Vens.
2136 4603 2220 4659 11.
2262 4622 2280 4654 ι
2323 4601 2476 4657 Nunc
2503 4608 2683 4656 autem
2714 4596 2910 4667 scripsi
2940 4595 3115 4659 vobis,
3150 4608 3256 4648 non
3282 4607 3436 4648 corno

175 4714 258 4761 τις
291 4697 522 4768 ἀδελφὸς
550 4695 1024 4770 όνομαζόμενος’ᾖ
1056 4697 1274 4770 πόρνος,
1322 4697 1364 4769 ἢ⁸
1391 4696 1719 4770 πλεονέκτης
1741 4741 1756 4767 ,

179 4792 211 4861 ἢ
240 4791 658 4862 εἰδωλολάτρης,
683 4791 718 4863 ἢ
740 4790 998 4863 λοίδορος,
1031 4789 1064 4860 ἢ
1098 4789 1353 4862 μέθυσος,
1379 4791 1414 4863 ἢ
1442 4790 1646 4864 ἅρπαξ,
1675 4792 1754 4864 τῷ

181 4881 408 4952 τοιούτῳ
441 4881 576 4954 μηδὲ
618 4880 940 4935 συνεσθίειν.
975 4898 994 4932 ι
1041 4882 1226 4952 Ὀρᾷς,
1259 4883 1340 4935 ὅτι
1364 4885 1462 4952 οὐχ
1491 4876 1572 4946 εἷς
1598 4884 1756 4953 μόνος

177 4967 246 5044 ἦν
284 4974 506 5046 πόρνος,
540 4972 678 5027 ἀλλὰ
710 4974 801 5026 καὶ
832 4973 1032 5042 ἕτεροι,
1085 4975 1180 5027 καί¹
1212 4976 1270 5027 ὲν
1320 4974 1596 5044 διαφόροις
1649 4993 1750 5028 κα-

180 5067 346 5129 κίαις.
386 5066 497 5120 Καὶ
535 5064 654 5130 πῶς
732 5064 965 5135 ἀδελφὸς
1019 5064 1116 5129 ὢν,
1185 5065 1577 5140 εἰδωλολάτρης
1613 5062 1753 5120 εἶναι

181 5156 400 5210 δύναται
423 5174 439 5222 ;
483 5157 696 5228 ’Ὠσπερ
747 5157 840 5210 ἐπὶ
863 5155 972 5211 τῶν
997 5157 1351 5228 Σαμαρειτῶν
1379 5157 1577 5228 συνέϐη
1599 5158 1752 5225 ποτὲ,

181 5249 231 5301 οἳ
276 5249 330 5314 ἐξ
385 5246 646 5318 ἡμισείας
709 5247 975 5316 ηὐσέδουν
1029 5263 1044 5278 ·
1102 5248 1245 5300 οὓτω
1294 5249 1386 5312 καὶ
1426 5249 1486 5300 ὲν
1524 5244 1756 5314 τούτοις,

1861 4697 2103 4764 misceri,
2132 4696 2177 4752 si
2208 4696 2255 4750 is
2291 4696 2382 4766 qui
2428 4692 2604 4748 frater
2629 4690 2962 4753 nominatur,
3005 4688 3079 4742 sit
3111 4683 3434 4748 fornicator,

1861 4802 1953 4843 aut
1990 4803 2210 4854 avarus,
2257 4795 2352 4840 aut
2383 4785 2654 4840 idolorum
2704 4781 2901 4848 cultor,
2936 4787 3030 4834 aut
3076 4776 3434 4839 conviciator,

1861 4891 1955 4938 aut
1983 4881 2249 4944 ebriosus,
2277 4886 2369 4933 aut
2401 4892 2566 4947 rapax
2588 4915 2605 4942 ,
2636 4890 2756 4930 cunt
2784 4869 3090 4944 hujusmndl
3125 4883 3224 4924 nec
3253 4867 3433 4921 cibum

1861 4985 2094 5028 sumere.
2138 4989 2156 5021 ›
2199 4967 2363 5023 Vides
2395 4983 2500 5022 non
2535 4966 2754 5021 unicum
2795 4959 3136 5019 solummodo
3172 4965 3436 5012 scortato-

1861 5079 1974 5119 rem
2001 5061 2203 5127 fuisse,
2231 5060 2326 5116 sed
2352 5059 2616 5124 diversos,
2652 5057 2812 5128 idque
2838 5056 2892 5110 in
2922 5055 3087 5108 variis
3117 5050 3433 5108 sceleribus.

1866 5155 1934 5210 At
1962 5153 2233 5224 quomodo
2265 5151 2313 5207 is
2346 5150 2438 5222 qui
2473 5148 2648 5207 frater
2671 5159 2778 5214 est,
2811 5146 3078 5204 idolorum
3116 5143 3289 5198 cultor
3317 5153 3438 5195 esse

1860 5245 2081 5317 potest?
2123 5243 2588 5312 Quemadmodum
2634 5226 2687 5295 in
2737 5236 3097 5294 Samaritanis
3131 5235 3260 5290 olim
3303 5245 3435 5287 con-

187 5337 329 5401 τινὲς
398 5337 508 5391 τῶν
571 5336 808 5391 εἰδώλων
892 5337 1098 5408 εἴχοντο
1155 5338 1257 5390 εἴτι
1301 5338 1363 5392 ⁸⁸.
1433 5339 1640 5402 ’Ἄλλως
1703 5357 1741 5393 τι

1863 5337 2010 5408 tigit,
2050 5336 2142 5406 qui
2175 5351 2243 5391 ex
2277 5335 2500 5390 dimidia
2549 5341 2703 5403 parte
2739 5332 2810 5402 pii
2841 5336 3044 5394 essent,
3077 5327 3276 5396 Deique
3317 5323 3433 5378 cul-

188 5429 285 5480 καὶ
314 5429 834 5499 προκαταδάλλεται
880 5429 973 5482 τὸν
1007 5430 1136 5498 περί
1178 5429 1290 5482 τῶν
1336 5429 1406 5482 τὰ
1438 5430 1764 5486 εἰδωλόθυτα

191 5522 480 5580 ἐσθιόντων
519 5521 698 5592 λόγον.
729 5519 924 5585 Καλῶς
949 5521 1004 5580 δὲ
1033 5518 1153 5576 εἶπε
1178 5523 1258 5588 τὸ,
1305 5542 1324 5575 ι
1373 5524 1627 5595 Ἀδελφὸς
1647 5526 1764 5578 ὀνυ-

195 5614 525 5688 μαζὸμενος.
560 5635 580 5668 ι
634 5616 848 5686 ὀνομα
877 5615 988 5686 γὰρ
1021 5615 1180 5687 μόνον
1210 5615 1440 5687 ἁδελφοῦ
1484 5617 1616 5690 ἔχει,
1663 5617 1764 5670 οὐκ

1867 5440 2015 5487 torcs
2055 5429 2379 5486 videbantur
2420 5445 2436 5482 :
2482 5427 2563 5480 sic
2595 5425 2736 5495 apud
2782 5425 2918 5479 istos
2967 5420 3185 5476 accidit.
3230 5419 3312 5474 Ex
3348 5416 3436 5472 bis

1865 5523 2008 5578 enim
2044 5520 2285 5576 nonnulli
2319 5518 2476 5579 idolis
2507 5517 2891 5574 detinebantur
2937 5514 3133 5569 adhuc.
3165 5510 3433 5565 Praeterea

1863 5615 2010 5669 viam
2046 5613 2324 5686 praestruit
2371 5609 2633 5679 sermoni,
2682 5623 2846 5681 quem
2889 5607 2956 5664 de
3001 5606 3091 5675 iis,
3135 5603 3228 5676 qui
3279 5599 3440 5664 idoli;

1519 5754 1720 5816 Varia)
1761 5754 2089 5817 lectiones.

274 5872 292 5903 ’
331 5873 631 5946 βαθύτητος
667 5874 759 5930 καὶ
789 5875 1033 5948 πονηρᾶς
1066 5890 1150 5946 γν.
1182 5891 1232 5931 o.
1310 5875 1328 5906 ’
1388 5875 1606 5946 πόρνοις
1647 5891 1701 5932 o.
1781 5877 1821 5908 ⁸ο
1857 5874 1935 5931 έτι
1989 5891 2062 5931 tn.
2367 5893 2409 5954 ς’
2435 5916 2457 5943 ,ς
2490 5891 2506 5945 ς
2669 5911 2716 5943 ,υ
2751 5896 2793 5944 ς,
