  <div class='ocr_page' id='page_1' title='image "/cluster/home/n/w/nwhite01/storage/ocr_20150623/124/hvd.32044019208206/334.png"; bbox 0 0 3874 6596; ppageno 0'>
   <div class='ocr_carea' id='block_1_1' title="bbox 146 440 244 505">
    <p class='ocr_par' dir='ltr' id='par_1_1' title="bbox 146 440 244 505">
     <span class='ocr_line' id='line_1_1' title="bbox 146 440 244 505; baseline -0.051 0"><span class='ocrx_word' id='word_1_1' title='bbox 146 440 244 505; x_wconf 75' lang='grc' dir='ltr'><strong>οΞ9</strong></span> 
     </span>
    </p>
   </div>
   <div class='ocr_carea' id='block_1_2' title="bbox 146 528 1781 626">
    <p class='ocr_par' dir='ltr' id='par_1_2' title="bbox 146 528 1781 626">
     <span class='ocr_line' id='line_1_2' title="bbox 146 528 1781 626; baseline -0.018 -16"><span class='ocrx_word' id='word_1_2' title='bbox 146 560 333 626; x_wconf 72' lang='grc' dir='ltr'>κόσμον</span> <span class='ocrx_word' id='word_1_3' title='bbox 371 545 677 621; x_wconf 73' lang='grc' dir='ltr'>κρινοῦσινς</span> <span class='ocrx_word' id='word_1_4' title='bbox 710 558 728 595; x_wconf 79' lang='grc' dir='ltr'><strong>ι</strong></span> <span class='ocrx_word' id='word_1_5' title='bbox 769 538 992 611; x_wconf 78' lang='grc' dir='ltr'>Ἐπειδὴ</span> <span class='ocrx_word' id='word_1_6' title='bbox 1016 538 1066 591; x_wconf 85' lang='grc' dir='ltr'><strong>οἱ</strong></span> <span class='ocrx_word' id='word_1_7' title='bbox 1095 535 1280 591; x_wconf 71' lang='grc' dir='ltr'>πιστοὶ</span> <span class='ocrx_word' id='word_1_8' title='bbox 1310 532 1518 588; x_wconf 78' lang='grc' dir='ltr'>ἰδιῶται</span> <span class='ocrx_word' id='word_1_9' title='bbox 1547 528 1700 589; x_wconf 75' lang='grc' dir='ltr'>ὀντες</span> <span class='ocrx_word' id='word_1_10' title='bbox 1731 530 1781 586; x_wconf 75' lang='grc' dir='ltr'><strong>Α</strong></span> 
     </span>
    </p>
   </div>
   <div class='ocr_carea' id='block_1_3' title="bbox 147 621 1702 710">
    <p class='ocr_par' dir='ltr' id='par_1_3' title="bbox 147 621 1702 710">
     <span class='ocr_line' id='line_1_3' title="bbox 147 621 1702 710; baseline -0.022 -5"><span class='ocrx_word' id='word_1_11' title='bbox 147 621 250 706; x_wconf 37' lang='lat' dir='ltr'><strong>oin:-</strong></span> <span class='ocrx_word' id='word_1_12' title='bbox 266 644 561 710; x_wconf 76' lang='grc' dir='ltr'>ἀξιόπιστοι</span> <span class='ocrx_word' id='word_1_13' title='bbox 606 636 827 690; x_wconf 71' lang='grc' dir='ltr'>ἐδόκουν</span> <span class='ocrx_word' id='word_1_14' title='bbox 861 632 998 703; x_wconf 73' lang='grc' dir='ltr'>πρὸς</span> <span class='ocrx_word' id='word_1_15' title='bbox 1033 629 1095 683; x_wconf 79' lang='grc' dir='ltr'>τὸ</span> <span class='ocrx_word' id='word_1_16' title='bbox 1133 628 1321 699; x_wconf 81' lang='grc' dir='ltr'><strong>τεμεῖν</strong></span> <span class='ocrx_word' id='word_1_17' title='bbox 1352 625 1395 658; x_wconf 64' lang='grc'>⁸⁵</span> <span class='ocrx_word' id='word_1_18' title='bbox 1423 621 1702 685; x_wconf 77' lang='grc' dir='ltr'>ὑπόθεσιν,</span> 
     </span>
    </p>
   </div>
   <div class='ocr_carea' id='block_1_4' title="bbox 147 715 1707 807">
    <p class='ocr_par' dir='ltr' id='par_1_4' title="bbox 147 715 1707 807">
     <span class='ocr_line' id='line_1_4' title="bbox 147 715 1707 807; baseline -0.021 -11"><span class='ocrx_word' id='word_1_19' title='bbox 147 737 474 807; x_wconf 71' lang='grc' dir='ltr'><strong>ἀξιοπίστους</strong></span> <span class='ocrx_word' id='word_1_20' title='bbox 502 730 698 792; x_wconf 73' lang='grc' dir='ltr'>αὐτοὺς</span> <span class='ocrx_word' id='word_1_21' title='bbox 725 728 871 780; x_wconf 78' lang='grc' dir='ltr'>ποιεῖ</span> <span class='ocrx_word' id='word_1_22' title='bbox 903 726 970 789; x_wconf 70' lang='grc' dir='ltr'>η,</span> <span class='ocrx_word' id='word_1_23' title='bbox 1000 721 1217 794; x_wconf 86' lang='grc' dir='ltr'>πρῶτον</span> <span class='ocrx_word' id='word_1_24' title='bbox 1253 719 1350 789; x_wconf 74' lang='grc' dir='ltr'>μὲν</span> <span class='ocrx_word' id='word_1_25' title='bbox 1389 715 1582 783; x_wconf 78' lang='grc' dir='ltr'>ἁγίους</span> <span class='ocrx_word' id='word_1_26' title='bbox 1606 728 1707 764; x_wconf 88' lang='grc' dir='ltr'>κα-</span> 
     </span>
    </p>
   </div>
   <div class='ocr_carea' id='block_1_5' title="bbox 937 371 2605 484">
    <p class='ocr_par' dir='ltr' id='par_1_5' title="bbox 937 371 2605 484">
     <span class='ocr_line' id='line_1_5' title="bbox 937 371 2605 484; baseline -0.014 1"><span class='ocrx_word' id='word_1_27' title='bbox 937 417 1347 484; x_wconf 80' lang='lat' dir='ltr'><strong>EXPOSITIO</strong></span> <span class='ocrx_word' id='word_1_28' title='bbox 1388 413 1468 477; x_wconf 85' lang='lat' dir='ltr'><strong>IN</strong></span> <span class='ocrx_word' id='word_1_29' title='bbox 1504 411 1749 475; x_wconf 85' lang='lat' dir='ltr'><strong>EPIST.</strong></span> <span class='ocrx_word' id='word_1_30' title='bbox 1792 411 1821 473; x_wconf 88' lang='lat'>1</span> <span class='ocrx_word' id='word_1_31' title='bbox 1864 411 1969 473; x_wconf 91' lang='lat' dir='ltr'><strong>AD</strong></span> <span class='ocrx_word' id='word_1_32' title='bbox 2003 407 2173 472; x_wconf 77' lang='lat' dir='ltr'><strong>con.</strong></span> <span class='ocrx_word' id='word_1_33' title='bbox 2197 429 2267 443; x_wconf 88' lang='lat'><strong>——</strong></span> <span class='ocrx_word' id='word_1_34' title='bbox 2295 371 2456 465; x_wconf 66' lang='lat' dir='ltr'><strong>(SAp.</strong></span> <span class='ocrx_word' id='word_1_35' title='bbox 2503 398 2605 464; x_wconf 80' lang='lat' dir='ltr'><strong>v1.</strong></span> 
     </span>
    </p>
   </div>
   <div class='ocr_carea' id='block_1_6' title="bbox 1807 499 3379 588">
    <p class='ocr_par' dir='ltr' id='par_1_6' title="bbox 1807 499 3379 588">
     <span class='ocr_line' id='line_1_6' title="bbox 1807 499 3379 588; baseline -0.018 -7"><span class='ocrx_word' id='word_1_36' title='bbox 1807 523 2106 581; x_wconf 83' lang='lat' dir='ltr'><strong>dicabunt?</strong></span> <span class='ocrx_word' id='word_1_37' title='bbox 2142 541 2162 575; x_wconf 70' lang='grc' dir='ltr'><strong><em>ο</em></strong></span> <span class='ocrx_word' id='word_1_38' title='bbox 2196 520 2331 588; x_wconf 84' lang='lat' dir='ltr'><strong>Quia</strong></span> <span class='ocrx_word' id='word_1_39' title='bbox 2377 515 2583 580; x_wconf 82' lang='lat' dir='ltr'><strong>fideles,</strong></span> <span class='ocrx_word' id='word_1_40' title='bbox 2648 513 2837 582; x_wconf 97' lang='lat' dir='ltr'><strong>utpote</strong></span> <span class='ocrx_word' id='word_1_41' title='bbox 2881 501 3108 570; x_wconf 84' lang='lat' dir='ltr'><strong>indocti,</strong></span> <span class='ocrx_word' id='word_1_42' title='bbox 3137 499 3205 556; x_wconf 88' lang='lat' dir='ltr'><strong>ad</strong></span> <span class='ocrx_word' id='word_1_43' title='bbox 3227 499 3379 555; x_wconf 83' lang='lat' dir='ltr'><strong>litem</strong></span> 
     </span>
    </p>
   </div>
   <div class='ocr_carea' id='block_1_7' title="bbox 3259 386 3368 451">
    <p class='ocr_par' dir='ltr' id='par_1_7' title="bbox 3259 386 3368 451">
     <span class='ocr_line' id='line_1_7' title="bbox 3259 386 3368 451; baseline 0.009 -1"><span class='ocrx_word' id='word_1_44' title='bbox 3259 386 3368 451; x_wconf 85' lang='lat'><strong>630</strong></span> 
     </span>
    </p>
   </div>
   <div class='ocr_carea' id='block_1_8' title="bbox 1812 591 3381 673">
    <p class='ocr_par' dir='ltr' id='par_1_8' title="bbox 1812 591 3381 673">
     <span class='ocr_line' id='line_1_8' title="bbox 1812 591 3381 673; baseline -0.021 1"><span class='ocrx_word' id='word_1_45' title='bbox 1812 615 2170 673; x_wconf 81' lang='lat' dir='ltr'><strong>dirimendam</strong></span> <span class='ocrx_word' id='word_1_46' title='bbox 2209 627 2319 668; x_wconf 89' lang='lat' dir='ltr'><strong>non</strong></span> <span class='ocrx_word' id='word_1_47' title='bbox 2376 606 2700 664; x_wconf 73' lang='lat' dir='ltr'><strong>videbantur</strong></span> <span class='ocrx_word' id='word_1_48' title='bbox 2735 597 2936 667; x_wconf 78' lang='lat' dir='ltr'><strong>idonei,</strong></span> <span class='ocrx_word' id='word_1_49' title='bbox 2993 591 3381 652; x_wconf 85' lang='lat' dir='ltr'><strong>auctoritatem</strong></span> 
     </span>
    </p>
   </div>
   <div class='ocr_carea' id='block_1_9' title="bbox 1809 683 3381 773">
    <p class='ocr_par' dir='ltr' id='par_1_9' title="bbox 1809 683 3381 773">
     <span class='ocr_line' id='line_1_9' title="bbox 1809 683 3381 773; baseline -0.019 -8"><span class='ocrx_word' id='word_1_50' title='bbox 1809 710 1919 765; x_wconf 88' lang='lat' dir='ltr'><strong>illis</strong></span> <span class='ocrx_word' id='word_1_51' title='bbox 1943 706 2198 763; x_wconf 70' lang='lat' dir='ltr'><strong>conciliat</strong></span> <span class='ocrx_word' id='word_1_52' title='bbox 2229 721 2244 759; x_wconf 89' lang='lat'><strong>:</strong></span> <span class='ocrx_word' id='word_1_53' title='bbox 2278 702 2515 773; x_wconf 88' lang='lat' dir='ltr'><strong>primum</strong></span> <span class='ocrx_word' id='word_1_54' title='bbox 2546 695 2765 768; x_wconf 84' lang='lat' dir='ltr'><strong>quidem</strong></span> <span class='ocrx_word' id='word_1_55' title='bbox 2789 699 3010 750; x_wconf 81' lang='lat' dir='ltr'><strong>sanctos</strong></span> <span class='ocrx_word' id='word_1_56' title='bbox 3036 683 3381 757; x_wconf 85' lang='lat' dir='ltr'><strong>appellando,</strong></span> 
     </span>
    </p>
   </div>
   <div class='ocr_carea' id='block_1_10' title="bbox 145 774 1735 895">
    <p class='ocr_par' dir='ltr' id='par_1_10' title="bbox 145 774 1707 895">
     <span class='ocr_line' id='line_1_10' title="bbox 147 774 1574 807; baseline -0.022 -2"><span class='ocrx_word' id='word_1_57' title='bbox 147 774 471 807; x_wconf 64' lang='grc' dir='ltr'>αειινιυιν-ν-στ</span> <span class='ocrx_word' id='word_1_58' title='bbox 503 774 696 792; x_wconf 70' lang='grc' dir='ltr'>νυν-ην</span> <span class='ocrx_word' id='word_1_59' title='bbox 733 774 868 780; x_wconf 55' lang='lat' dir='ltr'><strong>&quot;nv-</strong></span> <span class='ocrx_word' id='word_1_60' title='bbox 957 774 970 789; x_wconf 70' lang='grc' dir='ltr'><strong><em>ν</em></strong></span> <span class='ocrx_word' id='word_1_61' title='bbox 1008 774 1067 794; x_wconf 60' lang='grc' dir='ltr'>η,</span> <span class='ocrx_word' id='word_1_62' title='bbox 1092 774 1113 776; x_wconf 50' lang='grc' dir='ltr'><em>ν</em></span> <span class='ocrx_word' id='word_1_63' title='bbox 1253 774 1265 789; x_wconf 89' lang='grc'><strong>,</strong></span> <span class='ocrx_word' id='word_1_64' title='bbox 1440 774 1451 783; x_wconf 92' lang='grc'><strong>,</strong></span> <span class='ocrx_word' id='word_1_65' title='bbox 1566 774 1574 776; x_wconf 15' lang='grc' dir='ltr'>ἡ</span> 
     </span>
     <span class='ocr_line' id='line_1_11' title="bbox 145 801 1707 895; baseline -0.022 -7"><span class='ocrx_word' id='word_1_66' title='bbox 145 834 312 895; x_wconf 82' lang='grc' dir='ltr'>λέσσς,</span> <span class='ocrx_word' id='word_1_67' title='bbox 360 823 479 880; x_wconf 73' lang='grc' dir='ltr'>εἶτα</span> <span class='ocrx_word' id='word_1_68' title='bbox 516 819 707 884; x_wconf 77' lang='grc' dir='ltr'>είπὼν,</span> <span class='ocrx_word' id='word_1_69' title='bbox 752 819 837 873; x_wconf 85' lang='grc' dir='ltr'>ὅτι</span> <span class='ocrx_word' id='word_1_70' title='bbox 880 815 973 870; x_wconf 80' lang='grc' dir='ltr'>τὸν</span> <span class='ocrx_word' id='word_1_71' title='bbox 1012 814 1219 882; x_wconf 83' lang='grc' dir='ltr'><strong>κόσμον</strong></span> <span class='ocrx_word' id='word_1_72' title='bbox 1254 805 1535 881; x_wconf 83' lang='grc' dir='ltr'>κρινοῦσιν</span> <span class='ocrx_word' id='word_1_73' title='bbox 1560 819 1574 833; x_wconf 87' lang='grc'><strong>·</strong></span> <span class='ocrx_word' id='word_1_74' title='bbox 1608 801 1707 855; x_wconf 86' lang='grc' dir='ltr'>οὐκ</span> 
     </span>
    </p>
   </div>
   <div class='ocr_carea' id='block_1_11' title="bbox 1848 774 3382 895">
    <p class='ocr_par' dir='ltr' id='par_1_11' title="bbox 1848 774 3382 895">
     <span class='ocr_line' id='line_1_12' title="bbox 1848 774 3382 863; baseline -0.018 -6"><span class='ocrx_word' id='word_1_75' title='bbox 1848 801 2008 857; x_wconf 90' lang='lat' dir='ltr'><strong>einde</strong></span> <span class='ocrx_word' id='word_1_76' title='bbox 2046 794 2364 854; x_wconf 84' lang='lat' dir='ltr'><strong>aliirmando</strong></span> <span class='ocrx_word' id='word_1_77' title='bbox 2399 790 2542 863; x_wconf 89' lang='lat' dir='ltr'><strong>quod</strong></span> <span class='ocrx_word' id='word_1_78' title='bbox 2595 785 2854 844; x_wconf 89' lang='lat' dir='ltr'><strong>mundum</strong></span> <span class='ocrx_word' id='word_1_79' title='bbox 2881 789 3011 840; x_wconf 84' lang='lat' dir='ltr'><strong>sunt</strong></span> <span class='ocrx_word' id='word_1_80' title='bbox 3033 774 3327 850; x_wconf 80' lang='lat' dir='ltr'><strong>iudicaturi</strong></span> <span class='ocrx_word' id='word_1_81' title='bbox 3366 788 3382 830; x_wconf 87' lang='lat'><strong>:</strong></span> 
     </span>
     <span class='ocr_line' id='line_1_13' title="bbox 2040 868 3355 895; baseline -0.016 21"><span class='ocrx_word' id='word_1_82' title='bbox 2040 893 2048 895; x_wconf 63' lang='lat'><strong>‘</strong></span> <span class='ocrx_word' id='word_1_83' title='bbox 2176 890 2187 895; x_wconf 82' lang='lat'><em>‘</em></span> <span class='ocrx_word' id='word_1_84' title='bbox 2213 890 2224 895; x_wconf 81' lang='lat'><em>‘</em></span> <span class='ocrx_word' id='word_1_85' title='bbox 2429 888 2440 895; x_wconf 89' lang='grc'>·</span> <span class='ocrx_word' id='word_1_86' title='bbox 2522 891 2533 895; x_wconf 79' lang='lat'><em>-</em></span> <span class='ocrx_word' id='word_1_87' title='bbox 2646 894 2649 895; x_wconf 55' lang='grc' dir='ltr'><em>ν</em></span> <span class='ocrx_word' id='word_1_88' title='bbox 2761 892 2771 895; x_wconf 77' lang='lat'>—</span> <span class='ocrx_word' id='word_1_89' title='bbox 2791 874 3074 895; x_wconf 48' lang='grc' dir='ltr'><strong>-διι--ε-..Α</strong></span> <span class='ocrx_word' id='word_1_90' title='bbox 3106 868 3355 895; x_wconf 63' lang='grc' dir='ltr'><strong>..ι-..ειηυυι</strong></span> 
     </span>
    </p>
   </div>
   <div class='ocr_carea' id='block_1_12' title="bbox 150 897 1706 988">
    <p class='ocr_par' dir='ltr' id='par_1_12' title="bbox 150 897 1706 988">
     <span class='ocr_line' id='line_1_14' title="bbox 150 897 1706 988; baseline -0.021 -10"><span class='ocrx_word' id='word_1_91' title='bbox 150 921 287 981; x_wconf 71' lang='grc' dir='ltr'>αὐτοὶ</span> <span class='ocrx_word' id='word_1_92' title='bbox 314 917 609 988; x_wconf 80' lang='grc' dir='ltr'>καθήμενοι</span> <span class='ocrx_word' id='word_1_93' title='bbox 640 912 736 967; x_wconf 78' lang='grc' dir='ltr'>καὶ</span> <span class='ocrx_word' id='word_1_94' title='bbox 772 908 1089 972; x_wconf 79' lang='grc' dir='ltr'><strong>δικάζοντες</strong></span> <span class='ocrx_word' id='word_1_95' title='bbox 1126 905 1176 972; x_wconf 84' lang='grc' dir='ltr'><strong>(ὁ</strong></span> <span class='ocrx_word' id='word_1_96' title='bbox 1197 902 1308 973; x_wconf 68' lang='grc' dir='ltr'><strong>γὰρ</strong></span> <span class='ocrx_word' id='word_1_97' title='bbox 1345 897 1554 970; x_wconf 82' lang='grc' dir='ltr'>Κύριος</span> <span class='ocrx_word' id='word_1_98' title='bbox 1581 910 1706 964; x_wconf 84' lang='grc' dir='ltr'>κρι-</span> 
     </span>
    </p>
   </div>
   <div class='ocr_carea' id='block_1_13' title="bbox 149 987 1711 1085">
    <p class='ocr_par' dir='ltr' id='par_1_13' title="bbox 149 987 1711 1085">
     <span class='ocr_line' id='line_1_15' title="bbox 149 987 1711 1085; baseline -0.021 -12"><span class='ocrx_word' id='word_1_99' title='bbox 149 1018 260 1085; x_wconf 75' lang='grc' dir='ltr'>νεῖ),</span> <span class='ocrx_word' id='word_1_100' title='bbox 308 987 946 1076; x_wconf 14' lang='grc' dir='ltr'>ἀλλάίκατακρινοῦσιν.</span> <span class='ocrx_word' id='word_1_101' title='bbox 1003 998 1174 1054; x_wconf 87' lang='grc' dir='ltr'>Ὅταν</span> <span class='ocrx_word' id='word_1_102' title='bbox 1209 995 1319 1067; x_wconf 86' lang='grc' dir='ltr'>γὰρ</span> <span class='ocrx_word' id='word_1_103' title='bbox 1356 987 1711 1064; x_wconf 77' lang='grc' dir='ltr'><strong>ὁμοιοπαθεῖς</strong></span> 
     </span>
    </p>
   </div>
   <div class='ocr_carea' id='block_1_14' title="bbox 1812 868 3386 961">
    <p class='ocr_par' dir='ltr' id='par_1_14' title="bbox 1812 868 3386 961">
     <span class='ocr_line' id='line_1_16' title="bbox 1812 868 3386 961; baseline -0.021 -9"><span class='ocrx_word' id='word_1_104' title='bbox 1812 911 1918 952; x_wconf 84' lang='lat' dir='ltr'><strong>non</strong></span> <span class='ocrx_word' id='word_1_105' title='bbox 1953 893 2053 961; x_wconf 77' lang='lat' dir='ltr'><strong>ipsi</strong></span> <span class='ocrx_word' id='word_1_106' title='bbox 2097 890 2316 961; x_wconf 83' lang='lat' dir='ltr'><strong>quidem</strong></span> <span class='ocrx_word' id='word_1_107' title='bbox 2347 888 2601 942; x_wconf 84' lang='lat' dir='ltr'><strong>sedentes</strong></span> <span class='ocrx_word' id='word_1_108' title='bbox 2635 894 2700 937; x_wconf 86' lang='lat' dir='ltr'><strong>ac</strong></span> <span class='ocrx_word' id='word_1_109' title='bbox 2754 874 3079 935; x_wconf 88' lang='lat' dir='ltr'><strong>sententiam</strong></span> <span class='ocrx_word' id='word_1_110' title='bbox 3106 868 3386 941; x_wconf 86' lang='lat' dir='ltr'><strong>proferen-</strong></span> 
     </span>
    </p>
   </div>
   <div class='ocr_carea' id='block_1_15' title="bbox 1814 960 3382 1057">
    <p class='ocr_par' dir='ltr' id='par_1_15' title="bbox 1814 960 3382 1057">
     <span class='ocr_line' id='line_1_17' title="bbox 1814 960 3382 1057; baseline -0.02 -14"><span class='ocrx_word' id='word_1_111' title='bbox 1814 998 1893 1043; x_wconf 82' lang='lat' dir='ltr'><strong>tes</strong></span> <span class='ocrx_word' id='word_1_112' title='bbox 1919 984 2204 1057; x_wconf 81' lang='lat' dir='ltr'><strong>(Dominus</strong></span> <span class='ocrx_word' id='word_1_113' title='bbox 2223 978 2367 1036; x_wconf 91' lang='lat' dir='ltr'><strong>enim</strong></span> <span class='ocrx_word' id='word_1_114' title='bbox 2392 972 2681 1049; x_wconf 88' lang='lat' dir='ltr'><strong>iudicabit)</strong></span> <span class='ocrx_word' id='word_1_115' title='bbox 2702 983 2890 1026; x_wconf 82' lang='lat' dir='ltr'><strong>verum</strong></span> <span class='ocrx_word' id='word_1_116' title='bbox 2916 960 3382 1021; x_wconf 78' lang='lat' dir='ltr'><strong>condemnabam.</strong></span> 
     </span>
    </p>
   </div>
   <div class='ocr_carea' id='block_1_16' title="bbox 147 1049 1735 1177">
    <p class='ocr_par' dir='ltr' id='par_1_16' title="bbox 147 1049 1712 1177">
     <span class='ocr_line' id='line_1_18' title="bbox 150 1049 1702 1085; baseline -0.021 -12"><span class='ocrx_word' id='word_1_117' title='bbox 150 1049 260 1085; x_wconf 65' lang='grc' dir='ltr'>νει),</span> <span class='ocrx_word' id='word_1_118' title='bbox 308 1049 446 1067; x_wconf 65' lang='lat' dir='ltr'><strong>unm-</strong></span> <span class='ocrx_word' id='word_1_119' title='bbox 496 1049 945 1076; x_wconf 67' lang='grc' dir='ltr'><strong>ην---υ-ιι-η--υν</strong></span> <span class='ocrx_word' id='word_1_120' title='bbox 1040 1049 1062 1054; x_wconf 50' lang='grc' dir='ltr'><em>η</em></span> <span class='ocrx_word' id='word_1_121' title='bbox 1091 1049 1163 1052; x_wconf 51' lang='grc' dir='ltr'><strong>.-η</strong></span> <span class='ocrx_word' id='word_1_122' title='bbox 1223 1049 1234 1066; x_wconf 68' lang='grc'><strong>,</strong></span> <span class='ocrx_word' id='word_1_123' title='bbox 1291 1049 1303 1067; x_wconf 65' lang='grc'><em>,</em></span> <span class='ocrx_word' id='word_1_124' title='bbox 1392 1049 1403 1064; x_wconf 47' lang='grc' dir='ltr'><strong>ι</strong></span> <span class='ocrx_word' id='word_1_125' title='bbox 1694 1049 1702 1051; x_wconf 34' lang='grc' dir='ltr'>ν</span> 
     </span>
     <span class='ocr_line' id='line_1_19' title="bbox 147 1078 1712 1177; baseline -0.022 -11"><span class='ocrx_word' id='word_1_126' title='bbox 147 1113 303 1174; x_wconf 71' lang='grc' dir='ltr'>ὅντες,</span> <span class='ocrx_word' id='word_1_127' title='bbox 328 1102 628 1177; x_wconf 81' lang='grc' dir='ltr'>εὑρεθῶσιν</span> <span class='ocrx_word' id='word_1_128' title='bbox 658 1098 814 1153; x_wconf 71' lang='grc' dir='ltr'>αὐτοὶ</span> <span class='ocrx_word' id='word_1_129' title='bbox 856 1096 955 1167; x_wconf 81' lang='grc' dir='ltr'>μὲν</span> <span class='ocrx_word' id='word_1_130' title='bbox 987 1090 1400 1151; x_wconf 66' lang='grc' dir='ltr'><strong>πιστεύσαντες,</strong></span> <span class='ocrx_word' id='word_1_131' title='bbox 1435 1085 1632 1138; x_wconf 63' lang='grc' dir='ltr'>ἐκεῖνοι</span> <span class='ocrx_word' id='word_1_132' title='bbox 1655 1078 1712 1133; x_wconf 80' lang='grc' dir='ltr'>δὲ</span> 
     </span>
    </p>
   </div>
   <div class='ocr_carea' id='block_1_17' title="bbox 1848 1049 3390 1177">
    <p class='ocr_par' dir='ltr' id='par_1_17' title="bbox 1848 1049 3390 1177">
     <span class='ocr_line' id='line_1_20' title="bbox 1848 1049 3390 1143; baseline -0.021 -10"><span class='ocrx_word' id='word_1_133' title='bbox 1848 1049 1949 1132; x_wconf 74' lang='lat' dir='ltr'><strong>ium</strong></span> <span class='ocrx_word' id='word_1_134' title='bbox 1980 1075 2124 1132; x_wconf 90' lang='lat' dir='ltr'><strong>enim</strong></span> <span class='ocrx_word' id='word_1_135' title='bbox 2159 1071 2284 1143; x_wconf 89' lang='lat' dir='ltr'><strong>ipsi,</strong></span> <span class='ocrx_word' id='word_1_136' title='bbox 2317 1069 2409 1140; x_wconf 89' lang='lat' dir='ltr'><strong>qui</strong></span> <span class='ocrx_word' id='word_1_137' title='bbox 2441 1063 2710 1123; x_wconf 83' lang='lat' dir='ltr'><strong>similibus</strong></span> <span class='ocrx_word' id='word_1_138' title='bbox 2759 1055 3138 1116; x_wconf 86' lang='lat' dir='ltr'><strong>affectionibus</strong></span> <span class='ocrx_word' id='word_1_139' title='bbox 3167 1049 3390 1107; x_wconf 73' lang='lat' dir='ltr'><strong>obnoxii</strong></span> 
     </span>
     <span class='ocr_line' id='line_1_21' title="bbox 1958 1139 3364 1177; baseline -0.02 20"><span class='ocrx_word' id='word_1_140' title='bbox 1958 1176 1961 1177; x_wconf 55' lang='grc' dir='ltr'><strong>ν</strong></span> <span class='ocrx_word' id='word_1_141' title='bbox 2054 1166 2065 1177; x_wconf 92' lang='grc'><strong>·</strong></span> <span class='ocrx_word' id='word_1_142' title='bbox 2223 1162 2257 1177; x_wconf 90' lang='grc'>-·</span> <span class='ocrx_word' id='word_1_143' title='bbox 2295 1162 2318 1177; x_wconf 79' lang='grc' dir='ltr'>ι·</span> <span class='ocrx_word' id='word_1_144' title='bbox 2557 1154 2738 1177; x_wconf 50' lang='grc' dir='ltr'>ιιι-ιη-</span> <span class='ocrx_word' id='word_1_145' title='bbox 2812 1150 2886 1177; x_wconf 70' lang='lat' dir='ltr'><strong>in:</strong></span> <span class='ocrx_word' id='word_1_146' title='bbox 2943 1161 3068 1177; x_wconf 64' lang='lat' dir='ltr'><strong>mn...</strong></span> <span class='ocrx_word' id='word_1_147' title='bbox 3122 1139 3364 1177; x_wconf 67' lang='grc' dir='ltr'><strong>ςηηΑοιρα</strong></span> 
     </span>
    </p>
   </div>
   <div class='ocr_carea' id='block_1_18' title="bbox 147 1177 1632 1270">
    <p class='ocr_par' dir='ltr' id='par_1_18' title="bbox 147 1177 1632 1270">
     <span class='ocr_line' id='line_1_22' title="bbox 147 1177 1632 1270; baseline -0.02 -13"><span class='ocrx_word' id='word_1_148' title='bbox 147 1201 547 1270; x_wconf 71' lang='grc' dir='ltr'><strong>ἀπιστήσαντες,</strong></span> <span class='ocrx_word' id='word_1_149' title='bbox 570 1193 630 1248; x_wconf 86' lang='grc' dir='ltr'>ού</span> <span class='ocrx_word' id='word_1_150' title='bbox 659 1191 987 1261; x_wconf 77' lang='grc' dir='ltr'>κατάκρισις</span> <span class='ocrx_word' id='word_1_151' title='bbox 1021 1184 1181 1240; x_wconf 73' lang='grc' dir='ltr'>τοῦτο</span> <span class='ocrx_word' id='word_1_152' title='bbox 1202 1181 1310 1238; x_wconf 89' lang='grc' dir='ltr'><strong>τῶν</strong></span> <span class='ocrx_word' id='word_1_153' title='bbox 1346 1177 1632 1241; x_wconf 82' lang='grc' dir='ltr'>ἀπίστων;</span> 
     </span>
    </p>
   </div>
   <div class='ocr_carea' id='block_1_19' title="bbox 214 1355 1714 1440">
    <p class='ocr_par' dir='ltr' id='par_1_19' title="bbox 214 1355 1714 1440">
     <span class='ocr_line' id='line_1_23' title="bbox 214 1355 1714 1440; baseline -0.015 -11"><span class='ocrx_word' id='word_1_154' title='bbox 214 1396 235 1429; x_wconf 82' lang='grc' dir='ltr'><strong>ι</strong></span> <span class='ocrx_word' id='word_1_155' title='bbox 263 1376 370 1428; x_wconf 80' lang='grc' dir='ltr'><strong>Καὶ</strong></span> <span class='ocrx_word' id='word_1_156' title='bbox 404 1372 456 1426; x_wconf 87' lang='grc' dir='ltr'><strong>εί</strong></span> <span class='ocrx_word' id='word_1_157' title='bbox 490 1373 547 1425; x_wconf 76' lang='grc' dir='ltr'>ὲν</span> <span class='ocrx_word' id='word_1_158' title='bbox 585 1370 714 1440; x_wconf 73' lang='grc' dir='ltr'>ὑμῖν</span> <span class='ocrx_word' id='word_1_159' title='bbox 758 1366 1010 1436; x_wconf 78' lang='grc' dir='ltr'>κρίνεται</span> <span class='ocrx_word' id='word_1_160' title='bbox 1034 1365 1063 1417; x_wconf 78' lang='grc' dir='ltr'>ὁ</span> <span class='ocrx_word' id='word_1_161' title='bbox 1090 1362 1319 1431; x_wconf 87' lang='grc' dir='ltr'>κόσμος,</span> <span class='ocrx_word' id='word_1_162' title='bbox 1353 1355 1565 1422; x_wconf 79' lang='grc' dir='ltr'>ἀνάξιοί</span> <span class='ocrx_word' id='word_1_163' title='bbox 1591 1355 1714 1408; x_wconf 76' lang='grc' dir='ltr'>ἐστε</span> 
     </span>
    </p>
   </div>
   <div class='ocr_carea' id='block_1_20' title="bbox 148 1447 1714 1542">
    <p class='ocr_par' dir='ltr' id='par_1_20' title="bbox 148 1447 1714 1542">
     <span class='ocr_line' id='line_1_24' title="bbox 148 1447 1714 1542; baseline -0.015 -19"><span class='ocrx_word' id='word_1_164' title='bbox 148 1467 424 1542; x_wconf 76' lang='grc' dir='ltr'>κριτηρίων</span> <span class='ocrx_word' id='word_1_165' title='bbox 470 1464 801 1533; x_wconf 78' lang='grc' dir='ltr'>ὲλαχίστων;</span> <span class='ocrx_word' id='word_1_166' title='bbox 837 1477 856 1512; x_wconf 72' lang='grc' dir='ltr'><strong>ι</strong></span> <span class='ocrx_word' id='word_1_167' title='bbox 893 1458 1058 1528; x_wconf 80' lang='grc' dir='ltr'>Ὅρα,</span> <span class='ocrx_word' id='word_1_168' title='bbox 1093 1456 1195 1508; x_wconf 83' lang='grc' dir='ltr'><strong>οὐκ</strong></span> <span class='ocrx_word' id='word_1_169' title='bbox 1257 1448 1436 1515; x_wconf 79' lang='grc' dir='ltr'>εἶπεν,</span> <span class='ocrx_word' id='word_1_170' title='bbox 1475 1450 1559 1503; x_wconf 81' lang='grc' dir='ltr'>ὅτι</span> <span class='ocrx_word' id='word_1_171' title='bbox 1592 1447 1714 1517; x_wconf 78' lang='grc' dir='ltr'>Ὑφ’</span> 
     </span>
    </p>
   </div>
   <div class='ocr_carea' id='block_1_21' title="bbox 152 1539 1716 1631">
    <p class='ocr_par' dir='ltr' id='par_1_21' title="bbox 152 1539 1716 1631">
     <span class='ocr_line' id='line_1_25' title="bbox 152 1539 1716 1631; baseline -0.014 -17"><span class='ocrx_word' id='word_1_172' title='bbox 152 1539 580 1631; x_wconf 15' lang='grc' dir='ltr'>ὑμῶννκρὶνεται,</span> <span class='ocrx_word' id='word_1_173' title='bbox 613 1553 757 1620; x_wconf 81' lang='grc' dir='ltr'>ἀλλ’,</span> <span class='ocrx_word' id='word_1_174' title='bbox 795 1570 814 1603; x_wconf 84' lang='grc' dir='ltr'><strong>ι</strong></span> <span class='ocrx_word' id='word_1_175' title='bbox 862 1550 953 1603; x_wconf 86' lang='grc' dir='ltr'>Ἐν</span> <span class='ocrx_word' id='word_1_176' title='bbox 984 1548 1113 1618; x_wconf 79' lang='grc' dir='ltr'>ὑμῖν</span> <span class='ocrx_word' id='word_1_177' title='bbox 1135 1562 1150 1579; x_wconf 75' lang='grc' dir='ltr'><strong>ο</strong></span> <span class='ocrx_word' id='word_1_178' title='bbox 1186 1565 1206 1599; x_wconf 80' lang='grc' dir='ltr'><strong>ι</strong></span> <span class='ocrx_word' id='word_1_179' title='bbox 1242 1545 1545 1607; x_wconf 81' lang='grc' dir='ltr'>τουτέστιν,</span> <span class='ocrx_word' id='word_1_180' title='bbox 1580 1539 1716 1593; x_wconf 80' lang='grc' dir='ltr'><strong>Ὑπὸ</strong></span> 
     </span>
    </p>
   </div>
   <div class='ocr_carea' id='block_1_22' title="bbox 150 1630 1714 1718">
    <p class='ocr_par' dir='ltr' id='par_1_22' title="bbox 150 1630 1714 1718">
     <span class='ocr_line' id='line_1_26' title="bbox 150 1630 1714 1718; baseline -0.015 -14"><span class='ocrx_word' id='word_1_181' title='bbox 150 1630 228 1704; x_wconf 75' lang='grc' dir='ltr'><strong>τοῦ</strong></span> <span class='ocrx_word' id='word_1_182' title='bbox 255 1648 385 1702; x_wconf 77' lang='grc' dir='ltr'>Θεοῦ</span> <span class='ocrx_word' id='word_1_183' title='bbox 428 1646 537 1718; x_wconf 77' lang='grc' dir='ltr'><strong>μὲν</strong></span> <span class='ocrx_word' id='word_1_184' title='bbox 579 1645 849 1715; x_wconf 74' lang='grc' dir='ltr'>κρίνεται,</span> <span class='ocrx_word' id='word_1_185' title='bbox 897 1641 955 1693; x_wconf 81' lang='grc' dir='ltr'>ὲν</span> <span class='ocrx_word' id='word_1_186' title='bbox 1006 1638 1136 1708; x_wconf 81' lang='grc' dir='ltr'>ὑμῖν</span> <span class='ocrx_word' id='word_1_187' title='bbox 1189 1634 1247 1689; x_wconf 86' lang='grc' dir='ltr'>δὲ</span> <span class='ocrx_word' id='word_1_188' title='bbox 1298 1630 1714 1702; x_wconf 72' lang='grc' dir='ltr'>κατακρίνεται,</span> 
     </span>
    </p>
   </div>
   <div class='ocr_carea' id='block_1_23' title="bbox 151 1722 1720 1807">
    <p class='ocr_par' dir='ltr' id='par_1_23' title="bbox 151 1722 1720 1807">
     <span class='ocr_line' id='line_1_27' title="bbox 151 1722 1720 1807; baseline -0.014 -11"><span class='ocrx_word' id='word_1_189' title='bbox 151 1743 254 1797; x_wconf 72' lang='grc' dir='ltr'>ἀντὶ</span> <span class='ocrx_word' id='word_1_190' title='bbox 280 1738 395 1805; x_wconf 81' lang='grc' dir='ltr'>τοῦ,</span> <span class='ocrx_word' id='word_1_191' title='bbox 452 1739 544 1792; x_wconf 85' lang='grc' dir='ltr'><strong>Ἐν</strong></span> <span class='ocrx_word' id='word_1_192' title='bbox 571 1735 650 1807; x_wconf 81' lang='grc' dir='ltr'>τῷ</span> <span class='ocrx_word' id='word_1_193' title='bbox 684 1735 831 1806; x_wconf 79' lang='grc' dir='ltr'>ὑμᾶς</span> <span class='ocrx_word' id='word_1_194' title='bbox 869 1731 1180 1800; x_wconf 80' lang='grc' dir='ltr'><strong>ὑπόδειγμα</strong></span> <span class='ocrx_word' id='word_1_195' title='bbox 1219 1722 1360 1783; x_wconf 82' lang='grc' dir='ltr'>εἶναι</span> <span class='ocrx_word' id='word_1_196' title='bbox 1388 1722 1720 1779; x_wconf 82' lang='grc' dir='ltr'>πιστεύσαν-</span> 
     </span>
    </p>
   </div>
   <div class='ocr_carea' id='block_1_24' title="bbox 148 1819 1713 1899">
    <p class='ocr_par' dir='ltr' id='par_1_24' title="bbox 148 1819 1713 1899">
     <span class='ocr_line' id='line_1_28' title="bbox 148 1819 1713 1899; baseline -0.014 -9"><span class='ocrx_word' id='word_1_197' title='bbox 148 1854 255 1899; x_wconf 79' lang='grc' dir='ltr'>τας.</span> <span class='ocrx_word' id='word_1_198' title='bbox 284 1835 354 1888; x_wconf 81' lang='grc' dir='ltr'><strong>Τὸ</strong></span> <span class='ocrx_word' id='word_1_199' title='bbox 384 1833 473 1899; x_wconf 79' lang='grc' dir='ltr'>δὲ,</span> <span class='ocrx_word' id='word_1_200' title='bbox 507 1852 527 1885; x_wconf 81' lang='grc' dir='ltr'><strong>ι</strong></span> <span class='ocrx_word' id='word_1_201' title='bbox 575 1829 813 1895; x_wconf 76' lang='grc' dir='ltr'>Ἀνάξιοί</span> <span class='ocrx_word' id='word_1_202' title='bbox 841 1829 965 1881; x_wconf 83' lang='grc' dir='ltr'>έστε</span> <span class='ocrx_word' id='word_1_203' title='bbox 995 1822 1300 1896; x_wconf 82' lang='grc' dir='ltr'>κριτηρίων</span> <span class='ocrx_word' id='word_1_204' title='bbox 1337 1819 1661 1892; x_wconf 76' lang='grc' dir='ltr'>ἐλαχίστων,</span> <span class='ocrx_word' id='word_1_205' title='bbox 1693 1834 1713 1868; x_wconf 76' lang='grc' dir='ltr'><strong>ι</strong></span> 
     </span>
    </p>
   </div>
   <div class='ocr_carea' id='block_1_25' title="bbox 149 1908 1721 1998">
    <p class='ocr_par' dir='ltr' id='par_1_25' title="bbox 149 1908 1721 1998">
     <span class='ocr_line' id='line_1_29' title="bbox 149 1908 1721 1998; baseline -0.015 -13"><span class='ocrx_word' id='word_1_206' title='bbox 149 1928 364 1984; x_wconf 80' lang='grc' dir='ltr'>τοιοῦτον</span> <span class='ocrx_word' id='word_1_207' title='bbox 397 1923 684 1998; x_wconf 73' lang='grc' dir='ltr'>ἔχεινοῦν.</span> <span class='ocrx_word' id='word_1_208' title='bbox 725 1919 947 1990; x_wconf 80' lang='grc' dir='ltr'>Ἐπειδὴ</span> <span class='ocrx_word' id='word_1_209' title='bbox 977 1917 1089 1987; x_wconf 82' lang='grc' dir='ltr'><strong>γὰρ</strong></span> <span class='ocrx_word' id='word_1_210' title='bbox 1114 1914 1262 1979; x_wconf 73' lang='grc' dir='ltr'>εἰκὸς</span> <span class='ocrx_word' id='word_1_211' title='bbox 1293 1908 1362 1985; x_wconf 83' lang='grc' dir='ltr'>ἦν</span> <span class='ocrx_word' id='word_1_212' title='bbox 1383 1912 1581 1975; x_wconf 80' lang='grc' dir='ltr'>αὐτοὺς</span> <span class='ocrx_word' id='word_1_213' title='bbox 1615 1908 1721 1964; x_wconf 76' lang='grc' dir='ltr'><strong>ὑπὸ</strong></span> 
     </span>
    </p>
   </div>
   <div class='ocr_carea' id='block_1_26' title="bbox 150 2003 1725 2090">
    <p class='ocr_par' dir='ltr' id='par_1_26' title="bbox 150 2003 1725 2090">
     <span class='ocr_line' id='line_1_30' title="bbox 150 2003 1725 2090; baseline -0.013 -14"><span class='ocrx_word' id='word_1_214' title='bbox 150 2022 243 2076; x_wconf 83' lang='grc' dir='ltr'><strong>τῶν</strong></span> <span class='ocrx_word' id='word_1_215' title='bbox 277 2020 382 2073; x_wconf 72' lang='grc' dir='ltr'>ἔσω</span> <span class='ocrx_word' id='word_1_216' title='bbox 432 2016 795 2090; x_wconf 81' lang='grc' dir='ltr'>κρινομένους</span> <span class='ocrx_word' id='word_1_217' title='bbox 843 2007 1220 2082; x_wconf 76' lang='grc' dir='ltr'>αἰσχύνεσθαι,</span> <span class='ocrx_word' id='word_1_218' title='bbox 1266 2004 1583 2062; x_wconf 78' lang='grc' dir='ltr'>τούναντίον</span> <span class='ocrx_word' id='word_1_219' title='bbox 1623 2003 1725 2074; x_wconf 79' lang='grc' dir='ltr'>μὲν</span> 
     </span>
    </p>
   </div>
   <div class='ocr_carea' id='block_1_27' title="bbox 152 2096 1725 2183">
    <p class='ocr_par' dir='ltr' id='par_1_27' title="bbox 152 2096 1725 2183">
     <span class='ocr_line' id='line_1_31' title="bbox 152 2096 1725 2183; baseline -0.013 -13"><span class='ocrx_word' id='word_1_220' title='bbox 152 2115 230 2170; x_wconf 81' lang='grc' dir='ltr'>οὖν</span> <span class='ocrx_word' id='word_1_221' title='bbox 255 2113 401 2169; x_wconf 73' lang='grc' dir='ltr'>ἐστιν</span> <span class='ocrx_word' id='word_1_222' title='bbox 434 2110 695 2183; x_wconf 71' lang='grc' dir='ltr'>αἰσχύνη,</span> <span class='ocrx_word' id='word_1_223' title='bbox 721 2107 911 2179; x_wconf 73' lang='grc' dir='ltr'>φησὶν,</span> <span class='ocrx_word' id='word_1_224' title='bbox 943 2106 1073 2159; x_wconf 86' lang='grc' dir='ltr'>ὅταν</span> <span class='ocrx_word' id='word_1_225' title='bbox 1108 2104 1214 2158; x_wconf 83' lang='grc' dir='ltr'><strong>ύπὺ</strong></span> <span class='ocrx_word' id='word_1_226' title='bbox 1237 2101 1347 2157; x_wconf 89' lang='grc' dir='ltr'><strong>τῶν</strong></span> <span class='ocrx_word' id='word_1_227' title='bbox 1379 2099 1579 2167; x_wconf 68' lang='grc' dir='ltr'>ἔξωθεν</span> <span class='ocrx_word' id='word_1_228' title='bbox 1609 2096 1725 2167; x_wconf 84' lang='grc' dir='ltr'>κρί-</span> 
     </span>
    </p>
   </div>
   <div class='ocr_carea' id='block_1_28' title="bbox 154 2187 1722 2273">
    <p class='ocr_par' dir='ltr' id='par_1_28' title="bbox 154 2187 1722 2273">
     <span class='ocr_line' id='line_1_32' title="bbox 154 2187 1722 2273; baseline -0.014 -10"><span class='ocrx_word' id='word_1_229' title='bbox 154 2207 313 2263; x_wconf 71' lang='lat' dir='ltr'><strong>vastis.</strong></span> <span class='ocrx_word' id='word_1_230' title='bbox 349 2205 577 2259; x_wconf 82' lang='grc' dir='ltr'>Ἐκεῖνα</span> <span class='ocrx_word' id='word_1_231' title='bbox 613 2200 724 2273; x_wconf 73' lang='grc' dir='ltr'>γάρ</span> <span class='ocrx_word' id='word_1_232' title='bbox 771 2202 923 2254; x_wconf 69' lang='grc' dir='ltr'>ἐστιν</span> <span class='ocrx_word' id='word_1_233' title='bbox 979 2194 1242 2267; x_wconf 66' lang='grc' dir='ltr'>ἐλάχιστα</span> <span class='ocrx_word' id='word_1_234' title='bbox 1275 2191 1628 2262; x_wconf 82' lang='grc' dir='ltr'>δικαστήρια,</span> <span class='ocrx_word' id='word_1_235' title='bbox 1659 2187 1722 2242; x_wconf 83' lang='grc' dir='ltr'><strong>ού</strong></span> 
     </span>
    </p>
   </div>
   <div class='ocr_carea' id='block_1_29' title="bbox 154 2300 357 2358">
    <p class='ocr_par' dir='ltr' id='par_1_29' title="bbox 154 2300 357 2358">
     <span class='ocr_line' id='line_1_33' title="bbox 154 2300 357 2358; baseline -0.02 0"><span class='ocrx_word' id='word_1_236' title='bbox 154 2303 214 2358; x_wconf 86' lang='grc' dir='ltr'><strong>τά</strong></span> <span class='ocrx_word' id='word_1_237' title='bbox 234 2300 357 2355; x_wconf 83' lang='grc' dir='ltr'>ἒσω.</span> 
     </span>
    </p>
   </div>
   <div class='ocr_carea' id='block_1_30' title="bbox 218 2459 1728 2539">
    <p class='ocr_par' dir='ltr' id='par_1_30' title="bbox 218 2459 1728 2539">
     <span class='ocr_line' id='line_1_34' title="bbox 218 2459 1728 2539; baseline -0.017 -5"><span class='ocrx_word' id='word_1_238' title='bbox 218 2498 241 2533; x_wconf 78' lang='grc' dir='ltr'><strong>ι</strong></span> <span class='ocrx_word' id='word_1_239' title='bbox 271 2478 380 2534; x_wconf 86' lang='grc' dir='ltr'><strong>Ούκ</strong></span> <span class='ocrx_word' id='word_1_240' title='bbox 430 2476 615 2530; x_wconf 71' lang='grc' dir='ltr'>οἴδατε</span> <span class='ocrx_word' id='word_1_241' title='bbox 659 2474 743 2527; x_wconf 82' lang='grc' dir='ltr'><strong>δτι</strong></span> <span class='ocrx_word' id='word_1_242' title='bbox 778 2467 1046 2539; x_wconf 74' lang='grc' dir='ltr'>ἀγγέλους</span> <span class='ocrx_word' id='word_1_243' title='bbox 1098 2463 1441 2537; x_wconf 82' lang='grc' dir='ltr'>κρινοῦμεν;</span> <span class='ocrx_word' id='word_1_244' title='bbox 1483 2459 1728 2528; x_wconf 79' lang='grc' dir='ltr'>Μήτοιγε</span> 
     </span>
    </p>
   </div>
   <div class='ocr_carea' id='block_1_31' title="bbox 158 2550 1730 2649">
    <p class='ocr_par' dir='ltr' id='par_1_31' title="bbox 158 2550 1730 2649">
     <span class='ocr_line' id='line_1_35' title="bbox 158 2550 1730 2649; baseline -0.017 -21"><span class='ocrx_word' id='word_1_245' title='bbox 158 2574 303 2649; x_wconf 68' lang='grc' dir='ltr'><strong>[ναις.</strong></span> <span class='ocrx_word' id='word_1_246' title='bbox 334 2566 566 2643; x_wconf 76' lang='grc' dir='ltr'>μήτιγε]</span> <span class='ocrx_word' id='word_1_247' title='bbox 595 2564 863 2637; x_wconf 76' lang='grc' dir='ltr'>βιωτικάς</span> <span class='ocrx_word' id='word_1_248' title='bbox 906 2581 926 2614; x_wconf 79' lang='grc' dir='ltr'><strong>ι</strong></span> <span class='ocrx_word' id='word_1_249' title='bbox 973 2559 1268 2629; x_wconf 75' lang='grc' dir='ltr'>Ἀγγέλους</span> <span class='ocrx_word' id='word_1_250' title='bbox 1310 2554 1437 2615; x_wconf 74' lang='grc' dir='ltr'>τοὺς</span> <span class='ocrx_word' id='word_1_251' title='bbox 1469 2550 1730 2621; x_wconf 82' lang='grc' dir='ltr'>δαίμονάς</span> 
     </span>
    </p>
   </div>
   <div class='ocr_carea' id='block_1_32' title="bbox 159 2642 1732 2737">
    <p class='ocr_par' dir='ltr' id='par_1_32' title="bbox 159 2642 1732 2737">
     <span class='ocr_line' id='line_1_36' title="bbox 159 2642 1732 2737; baseline -0.018 -17"><span class='ocrx_word' id='word_1_252' title='bbox 159 2681 275 2737; x_wconf 78' lang='grc' dir='ltr'>φησι</span> <span class='ocrx_word' id='word_1_253' title='bbox 301 2664 419 2717; x_wconf 72' lang='grc' dir='ltr'><strong>Καὶ</strong></span> <span class='ocrx_word' id='word_1_254' title='bbox 455 2659 680 2723; x_wconf 81' lang='grc' dir='ltr'>τούτους</span> <span class='ocrx_word' id='word_1_255' title='bbox 719 2651 814 2712; x_wconf 80' lang='grc' dir='ltr'>οὖν</span> <span class='ocrx_word' id='word_1_256' title='bbox 866 2648 1334 2721; x_wconf 84' lang='grc' dir='ltr'>κατακρινοῦμεν,</span> <span class='ocrx_word' id='word_1_257' title='bbox 1393 2644 1522 2698; x_wconf 78' lang='grc' dir='ltr'>ὅταν</span> <span class='ocrx_word' id='word_1_258' title='bbox 1567 2644 1617 2695; x_wconf 80' lang='grc' dir='ltr'><strong>οἱ</strong></span> <span class='ocrx_word' id='word_1_259' title='bbox 1673 2642 1732 2693; x_wconf 78' lang='grc' dir='ltr'>ἐν</span> 
     </span>
    </p>
   </div>
   <div class='ocr_carea' id='block_1_33' title="bbox 160 2732 1732 2829">
    <p class='ocr_par' dir='ltr' id='par_1_33' title="bbox 160 2732 1732 2829">
     <span class='ocr_line' id='line_1_37' title="bbox 160 2732 1732 2829; baseline -0.017 -17"><span class='ocrx_word' id='word_1_260' title='bbox 160 2732 304 2829; x_wconf 49' lang='grc' dir='ltr'>σαρκὶ</span> <span class='ocrx_word' id='word_1_261' title='bbox 334 2756 532 2826; x_wconf 77' lang='grc' dir='ltr'>ἡμεῖς,</span> <span class='ocrx_word' id='word_1_262' title='bbox 566 2751 675 2807; x_wconf 89' lang='grc' dir='ltr'><strong>τῶν</strong></span> <span class='ocrx_word' id='word_1_263' title='bbox 714 2747 1023 2823; x_wconf 82' lang='grc' dir='ltr'>ἀσωμάτων</span> <span class='ocrx_word' id='word_1_264' title='bbox 1061 2742 1243 2798; x_wconf 82' lang='grc' dir='ltr'>αὐτῶν</span> <span class='ocrx_word' id='word_1_265' title='bbox 1276 2739 1440 2793; x_wconf 81' lang='grc' dir='ltr'>πλέον</span> <span class='ocrx_word' id='word_1_266' title='bbox 1491 2732 1732 2806; x_wconf 83' lang='grc' dir='ltr'>εὑρεθῶ-</span> 
     </span>
    </p>
   </div>
   <div class='ocr_carea' id='block_1_34' title="bbox 167 2848 534 2921">
    <p class='ocr_par' dir='ltr' id='par_1_34' title="bbox 167 2848 534 2921">
     <span class='ocr_line' id='line_1_38' title="bbox 167 2848 534 2921; baseline -0.014 -17"><span class='ocrx_word' id='word_1_267' title='bbox 167 2867 252 2921; x_wconf 84' lang='grc' dir='ltr'><strong>μεν</strong></span> <span class='ocrx_word' id='word_1_268' title='bbox 285 2848 534 2918; x_wconf 75' lang='grc' dir='ltr'>ἔχοντες.</span> 
     </span>
    </p>
   </div>
   <div class='ocr_carea' id='block_1_35' title="bbox 228 2916 1736 3005">
    <p class='ocr_par' dir='ltr' id='par_1_35' title="bbox 228 2916 1736 3005">
     <span class='ocr_line' id='line_1_39' title="bbox 228 2916 1736 3005; baseline -0.017 -12"><span class='ocrx_word' id='word_1_269' title='bbox 228 2959 246 2993; x_wconf 91' lang='grc' dir='ltr'><strong>ι</strong></span> <span class='ocrx_word' id='word_1_270' title='bbox 279 2916 526 2992; x_wconf 37' lang='grc' dir='ltr'>Β-ιωτικα</span> <span class='ocrx_word' id='word_1_271' title='bbox 555 2934 653 3005; x_wconf 80' lang='grc' dir='ltr'>μὲν</span> <span class='ocrx_word' id='word_1_272' title='bbox 669 2924 764 2987; x_wconf 81' lang='grc' dir='ltr'>οὖν</span> <span class='ocrx_word' id='word_1_273' title='bbox 796 2929 1063 3002; x_wconf 83' lang='grc' dir='ltr'>κριτήρια</span> <span class='ocrx_word' id='word_1_274' title='bbox 1091 2927 1188 2980; x_wconf 83' lang='grc' dir='ltr'><strong>ὲάν</strong></span> <span class='ocrx_word' id='word_1_275' title='bbox 1218 2923 1402 2994; x_wconf 81' lang='grc' dir='ltr'>ἔχητε,</span> <span class='ocrx_word' id='word_1_276' title='bbox 1434 2919 1560 2983; x_wconf 80' lang='grc' dir='ltr'>τοὺς</span> <span class='ocrx_word' id='word_1_277' title='bbox 1581 2916 1736 2982; x_wconf 63' lang='grc' dir='ltr'>ὲξουη</span> 
     </span>
    </p>
   </div>
   <div class='ocr_carea' id='block_1_36' title="bbox 165 3008 1734 3100">
    <p class='ocr_par' dir='ltr' id='par_1_36' title="bbox 165 3008 1734 3100">
     <span class='ocr_line' id='line_1_40' title="bbox 165 3008 1734 3100; baseline -0.015 -17"><span class='ocrx_word' id='word_1_278' title='bbox 165 3028 487 3100; x_wconf 84' lang='grc' dir='ltr'>θενημένους</span> <span class='ocrx_word' id='word_1_279' title='bbox 542 3027 601 3079; x_wconf 80' lang='grc' dir='ltr'>ἐν</span> <span class='ocrx_word' id='word_1_280' title='bbox 647 3025 715 3093; x_wconf 78' lang='grc' dir='ltr'><strong>τῇ</strong></span> <span class='ocrx_word' id='word_1_281' title='bbox 787 3016 1116 3088; x_wconf 79' lang='grc' dir='ltr'>Ἐκκλησία,</span> <span class='ocrx_word' id='word_1_282' title='bbox 1175 3012 1402 3075; x_wconf 84' lang='grc' dir='ltr'>τούτους</span> <span class='ocrx_word' id='word_1_283' title='bbox 1460 3008 1734 3071; x_wconf 82' lang='grc' dir='ltr'>καθίζετε.</span> 
     </span>
    </p>
   </div>
   <div class='ocr_carea' id='block_1_37' title="bbox 163 3098 1739 3191">
    <p class='ocr_par' dir='ltr' id='par_1_37' title="bbox 163 3098 1739 3191">
     <span class='ocr_line' id='line_1_41' title="bbox 163 3098 1739 3191; baseline -0.016 -16"><span class='ocrx_word' id='word_1_284' title='bbox 163 3098 295 3189; x_wconf 73' lang='grc' dir='ltr'>Πρὸς</span> <span class='ocrx_word' id='word_1_285' title='bbox 321 3103 599 3191; x_wconf 67' lang='grc' dir='ltr'>ἐντροπὴν</span> <span class='ocrx_word' id='word_1_286' title='bbox 638 3115 769 3184; x_wconf 82' lang='grc' dir='ltr'>ὑμῖν</span> <span class='ocrx_word' id='word_1_287' title='bbox 805 3111 989 3180; x_wconf 68' lang='grc' dir='ltr'>λέγω*</span> <span class='ocrx_word' id='word_1_288' title='bbox 1044 3106 1219 3170; x_wconf 76' lang='grc' dir='ltr'>οὕτως</span> <span class='ocrx_word' id='word_1_289' title='bbox 1268 3105 1370 3158; x_wconf 79' lang='grc' dir='ltr'><strong>οὐκ</strong></span> <span class='ocrx_word' id='word_1_290' title='bbox 1411 3102 1492 3155; x_wconf 86' lang='grc' dir='ltr'><strong>ένι</strong></span> <span class='ocrx_word' id='word_1_291' title='bbox 1527 3101 1583 3153; x_wconf 83' lang='grc' dir='ltr'>ὲν</span> <span class='ocrx_word' id='word_1_292' title='bbox 1612 3098 1739 3168; x_wconf 78' lang='grc' dir='ltr'>ὑμῖν</span> 
     </span>
    </p>
   </div>
   <div class='ocr_carea' id='block_1_38' title="bbox 1814 1139 3388 1231">
    <p class='ocr_par' dir='ltr' id='par_1_38' title="bbox 1814 1139 3388 1231">
     <span class='ocr_line' id='line_1_42' title="bbox 1814 1139 3388 1231; baseline -0.022 -4"><span class='ocrx_word' id='word_1_293' title='bbox 1814 1176 1996 1231; x_wconf 90' lang='lat' dir='ltr'><strong>erant,</strong></span> <span class='ocrx_word' id='word_1_294' title='bbox 2054 1139 2261 1223; x_wconf 76' lang='lat' dir='ltr'><strong>inventi</strong></span> <span class='ocrx_word' id='word_1_295' title='bbox 2294 1139 2495 1215; x_wconf 83' lang='lat' dir='ltr'><strong>fuerint</strong></span> <span class='ocrx_word' id='word_1_296' title='bbox 2556 1154 2762 1219; x_wconf 84' lang='lat' dir='ltr'><strong>lideles,</strong></span> <span class='ocrx_word' id='word_1_297' title='bbox 2812 1150 2889 1206; x_wconf 89' lang='lat' dir='ltr'><strong>illi</strong></span> <span class='ocrx_word' id='word_1_298' title='bbox 2943 1161 3068 1203; x_wconf 81' lang='lat' dir='ltr'><strong>vero</strong></span> <span class='ocrx_word' id='word_1_299' title='bbox 3122 1139 3388 1205; x_wconf 79' lang='lat' dir='ltr'><strong>inﬁdeles,</strong></span> 
     </span>
    </p>
   </div>
   <div class='ocr_carea' id='block_1_39' title="bbox 1817 1234 3133 1318">
    <p class='ocr_par' dir='ltr' id='par_1_39' title="bbox 1817 1234 3133 1318">
     <span class='ocr_line' id='line_1_43' title="bbox 1817 1234 3133 1318; baseline -0.022 1"><span class='ocrx_word' id='word_1_300' title='bbox 1817 1275 2003 1318; x_wconf 88' lang='lat' dir='ltr'><strong>nonne</strong></span> <span class='ocrx_word' id='word_1_301' title='bbox 2036 1260 2141 1315; x_wconf 89' lang='lat' dir='ltr'><strong>hoc</strong></span> <span class='ocrx_word' id='word_1_302' title='bbox 2163 1250 2544 1315; x_wconf 72' lang='lat' dir='ltr'><strong>condemnatio</strong></span> <span class='ocrx_word' id='word_1_303' title='bbox 2570 1256 2654 1305; x_wconf 91' lang='lat' dir='ltr'><strong>est</strong></span> <span class='ocrx_word' id='word_1_304' title='bbox 2683 1239 3017 1301; x_wconf 85' lang='lat' dir='ltr'><strong>infidelium?</strong></span> <span class='ocrx_word' id='word_1_305' title='bbox 3122 1234 3133 1245; x_wconf 85' lang='lat'>&#39;</span> 
     </span>
    </p>
   </div>
   <div class='ocr_carea' id='block_1_40' title="bbox 1891 1325 3394 1419">
    <p class='ocr_par' dir='ltr' id='par_1_40' title="bbox 1891 1325 3394 1419">
     <span class='ocr_line' id='line_1_44' title="bbox 1891 1325 3394 1419; baseline -0.021 -12"><span class='ocrx_word' id='word_1_306' title='bbox 1891 1373 1911 1407; x_wconf 83' lang='grc' dir='ltr'><strong>ι</strong></span> <span class='ocrx_word' id='word_1_307' title='bbox 1950 1351 2103 1419; x_wconf 86' lang='lat' dir='ltr'><strong>Quod</strong></span> <span class='ocrx_word' id='word_1_308' title='bbox 2140 1349 2187 1405; x_wconf 92' lang='lat' dir='ltr'><strong>si</strong></span> <span class='ocrx_word' id='word_1_309' title='bbox 2226 1348 2280 1403; x_wconf 90' lang='lat' dir='ltr'><strong>in</strong></span> <span class='ocrx_word' id='word_1_310' title='bbox 2329 1343 2483 1400; x_wconf 81' lang='lat' dir='ltr'><strong>vobis</strong></span> <span class='ocrx_word' id='word_1_311' title='bbox 2552 1338 2826 1409; x_wconf 88' lang='lat' dir='ltr'><strong>iudicatur</strong></span> <span class='ocrx_word' id='word_1_312' title='bbox 2878 1330 3133 1396; x_wconf 89' lang='lat' dir='ltr'><strong>mundus,</strong></span> <span class='ocrx_word' id='word_1_313' title='bbox 3188 1325 3394 1395; x_wconf 74' lang='lat' dir='ltr'><strong>indigni</strong></span> 
     </span>
    </p>
   </div>
   <div class='ocr_carea' id='block_1_41' title="bbox 1819 1416 3394 1513">
    <p class='ocr_par' dir='ltr' id='par_1_41' title="bbox 1819 1416 3394 1513">
     <span class='ocr_line' id='line_1_45' title="bbox 1819 1416 3394 1513; baseline -0.022 -10"><span class='ocrx_word' id='word_1_314' title='bbox 1819 1447 1955 1502; x_wconf 83' lang='lat' dir='ltr'><strong>estis</strong></span> <span class='ocrx_word' id='word_1_315' title='bbox 1974 1416 2197 1513; x_wconf 76' lang='lat' dir='ltr'><strong>iudiciis</strong></span> <span class='ocrx_word' id='word_1_316' title='bbox 2228 1434 2509 1494; x_wconf 80' lang='lat' dir='ltr'><strong>minimis?</strong></span> <span class='ocrx_word' id='word_1_317' title='bbox 2547 1452 2566 1485; x_wconf 78' lang='grc' dir='ltr'><strong>ι</strong></span> <span class='ocrx_word' id='word_1_318' title='bbox 2587 1430 2830 1491; x_wconf 81' lang='lat' dir='ltr'><strong>Observa</strong></span> <span class='ocrx_word' id='word_1_319' title='bbox 2866 1423 3009 1497; x_wconf 91' lang='lat' dir='ltr'><strong>quod</strong></span> <span class='ocrx_word' id='word_1_320' title='bbox 3033 1436 3142 1478; x_wconf 91' lang='lat' dir='ltr'><strong>non</strong></span> <span class='ocrx_word' id='word_1_321' title='bbox 3175 1416 3394 1476; x_wconf 83' lang='lat' dir='ltr'><strong>dixerit,</strong></span> 
     </span>
    </p>
   </div>
   <div class='ocr_carea' id='block_1_42' title="bbox 1819 1514 3395 1604">
    <p class='ocr_par' dir='ltr' id='par_1_42' title="bbox 1819 1514 3395 1604">
     <span class='ocr_line' id='line_1_46' title="bbox 1819 1514 3395 1604; baseline -0.02 -13"><span class='ocrx_word' id='word_1_322' title='bbox 1819 1554 1848 1591; x_wconf 90' lang='lat' dir='ltr'><strong>a</strong></span> <span class='ocrx_word' id='word_1_323' title='bbox 1881 1536 2036 1592; x_wconf 86' lang='lat' dir='ltr'><strong>vobis</strong></span> <span class='ocrx_word' id='word_1_324' title='bbox 2092 1532 2388 1604; x_wconf 82' lang='lat' dir='ltr'><strong>iudicatur,</strong></span> <span class='ocrx_word' id='word_1_325' title='bbox 2427 1527 2545 1592; x_wconf 88' lang='lat' dir='ltr'><strong>sed,</strong></span> <span class='ocrx_word' id='word_1_326' title='bbox 2581 1543 2599 1577; x_wconf 82' lang='grc' dir='ltr'><strong>ι</strong></span> <span class='ocrx_word' id='word_1_327' title='bbox 2644 1523 2706 1579; x_wconf 83' lang='grc' dir='ltr'><strong>ιη</strong></span> <span class='ocrx_word' id='word_1_328' title='bbox 2731 1518 2888 1577; x_wconf 85' lang='lat' dir='ltr'><strong>vobis</strong></span> <span class='ocrx_word' id='word_1_329' title='bbox 2921 1534 2938 1575; x_wconf 89' lang='lat'><strong>:</strong></span> <span class='ocrx_word' id='word_1_330' title='bbox 2998 1534 3017 1569; x_wconf 80' lang='grc' dir='ltr'><strong>ι</strong></span> <span class='ocrx_word' id='word_1_331' title='bbox 3068 1514 3173 1570; x_wconf 87' lang='lat' dir='ltr'><strong>hoc</strong></span> <span class='ocrx_word' id='word_1_332' title='bbox 3223 1520 3329 1573; x_wconf 90' lang='lat' dir='ltr'><strong>est,</strong></span> <span class='ocrx_word' id='word_1_333' title='bbox 3368 1523 3395 1560; x_wconf 90' lang='lat' dir='ltr'><strong>a</strong></span> 
     </span>
    </p>
   </div>
   <div class='ocr_carea' id='block_1_43' title="bbox 1820 1602 3401 1694">
    <p class='ocr_par' dir='ltr' id='par_1_43' title="bbox 1820 1602 3401 1694">
     <span class='ocr_line' id='line_1_47' title="bbox 1820 1602 3401 1694; baseline -0.02 -12"><span class='ocrx_word' id='word_1_334' title='bbox 1820 1626 1930 1681; x_wconf 92' lang='lat' dir='ltr'><strong>Deo</strong></span> <span class='ocrx_word' id='word_1_335' title='bbox 1959 1602 2182 1694; x_wconf 82' lang='lat' dir='ltr'><strong>quidem</strong></span> <span class='ocrx_word' id='word_1_336' title='bbox 2208 1619 2506 1691; x_wconf 88' lang='lat' dir='ltr'><strong>iudicatur,</strong></span> <span class='ocrx_word' id='word_1_337' title='bbox 2556 1615 2610 1670; x_wconf 90' lang='lat' dir='ltr'><strong>in</strong></span> <span class='ocrx_word' id='word_1_338' title='bbox 2644 1609 2797 1667; x_wconf 80' lang='lat' dir='ltr'><strong>vobis</strong></span> <span class='ocrx_word' id='word_1_339' title='bbox 2847 1616 3031 1665; x_wconf 90' lang='lat' dir='ltr'><strong>autem</strong></span> <span class='ocrx_word' id='word_1_340' title='bbox 3071 1602 3401 1660; x_wconf 88' lang='lat' dir='ltr'><strong>condemna-</strong></span> 
     </span>
    </p>
   </div>
   <div class='ocr_carea' id='block_1_44' title="bbox 1822 1694 3400 1786">
    <p class='ocr_par' dir='ltr' id='par_1_44' title="bbox 1822 1694 3400 1786">
     <span class='ocr_line' id='line_1_48' title="bbox 1822 1694 3400 1786; baseline -0.018 -14"><span class='ocrx_word' id='word_1_341' title='bbox 1822 1726 1930 1783; x_wconf 88' lang='lat' dir='ltr'><strong>tur,</strong></span> <span class='ocrx_word' id='word_1_342' title='bbox 1960 1730 2083 1786; x_wconf 86' lang='lat' dir='ltr'><strong>pro,</strong></span> <span class='ocrx_word' id='word_1_343' title='bbox 2116 1727 2184 1770; x_wconf 85' lang='lat' dir='ltr'><strong>ex</strong></span> <span class='ocrx_word' id='word_1_344' title='bbox 2235 1713 2340 1767; x_wconf 89' lang='lat' dir='ltr'><strong>hoc</strong></span> <span class='ocrx_word' id='word_1_345' title='bbox 2385 1708 2530 1779; x_wconf 89' lang='lat' dir='ltr'><strong>quod</strong></span> <span class='ocrx_word' id='word_1_346' title='bbox 2564 1720 2662 1761; x_wconf 78' lang='lat' dir='ltr'><strong>vos</strong></span> <span class='ocrx_word' id='word_1_347' title='bbox 2692 1701 2981 1759; x_wconf 87' lang='lat' dir='ltr'><strong>credentes</strong></span> <span class='ocrx_word' id='word_1_348' title='bbox 3015 1698 3084 1753; x_wconf 92' lang='lat' dir='ltr'><strong>iis</strong></span> <span class='ocrx_word' id='word_1_349' title='bbox 3115 1694 3282 1751; x_wconf 85' lang='lat' dir='ltr'><strong>eratis</strong></span> <span class='ocrx_word' id='word_1_350' title='bbox 3304 1707 3400 1762; x_wconf 85' lang='lat' dir='ltr'><strong>pro</strong></span> 
     </span>
    </p>
   </div>
   <div class='ocr_carea' id='block_1_45' title="bbox 1821 1784 3402 1877">
    <p class='ocr_par' dir='ltr' id='par_1_45' title="bbox 1821 1784 3402 1877">
     <span class='ocr_line' id='line_1_49' title="bbox 1821 1784 3402 1877; baseline -0.018 -12"><span class='ocrx_word' id='word_1_351' title='bbox 1821 1784 2092 1877; x_wconf 81' lang='lat' dir='ltr'><strong>exemplo.</strong></span> <span class='ocrx_word' id='word_1_352' title='bbox 2146 1803 2300 1873; x_wconf 87' lang='lat' dir='ltr'><strong>Quod</strong></span> <span class='ocrx_word' id='word_1_353' title='bbox 2339 1810 2521 1857; x_wconf 87' lang='lat' dir='ltr'><strong>autem</strong></span> <span class='ocrx_word' id='word_1_354' title='bbox 2554 1798 2657 1861; x_wconf 84' lang='lat' dir='ltr'><strong>ait.</strong></span> <span class='ocrx_word' id='word_1_355' title='bbox 2706 1813 2726 1848; x_wconf 80' lang='grc' dir='ltr'><strong>ι</strong></span> <span class='ocrx_word' id='word_1_356' title='bbox 2776 1791 2985 1863; x_wconf 79' lang='lat' dir='ltr'><strong>lndigni</strong></span> <span class='ocrx_word' id='word_1_357' title='bbox 3014 1789 3151 1845; x_wconf 82' lang='lat' dir='ltr'><strong>estis</strong></span> <span class='ocrx_word' id='word_1_358' title='bbox 3180 1784 3402 1856; x_wconf 79' lang='lat' dir='ltr'><strong>iudiciis</strong></span> 
     </span>
    </p>
   </div>
   <div class='ocr_carea' id='block_1_46' title="bbox 1823 1876 3400 1966">
    <p class='ocr_par' dir='ltr' id='par_1_46' title="bbox 1823 1876 3400 1966">
     <span class='ocr_line' id='line_1_50' title="bbox 1823 1876 3400 1966; baseline -0.018 -11"><span class='ocrx_word' id='word_1_359' title='bbox 1823 1876 2084 1964; x_wconf 84' lang='lat' dir='ltr'><strong>minimis,</strong></span> <span class='ocrx_word' id='word_1_360' title='bbox 2125 1916 2143 1949; x_wconf 79' lang='grc' dir='ltr'><strong>ι</strong></span> <span class='ocrx_word' id='word_1_361' title='bbox 2198 1892 2508 1966; x_wconf 88' lang='lat' dir='ltr'><strong>huiusmodi</strong></span> <span class='ocrx_word' id='word_1_362' title='bbox 2537 1902 2757 1946; x_wconf 87' lang='lat' dir='ltr'><strong>sensum</strong></span> <span class='ocrx_word' id='word_1_363' title='bbox 2814 1885 3002 1940; x_wconf 85' lang='lat' dir='ltr'><strong>habet.</strong></span> <span class='ocrx_word' id='word_1_364' title='bbox 3060 1879 3198 1936; x_wconf 87' lang='lat' dir='ltr'><strong>Cum</strong></span> <span class='ocrx_word' id='word_1_365' title='bbox 3256 1876 3400 1932; x_wconf 89' lang='lat' dir='ltr'><strong>enim</strong></span> 
     </span>
    </p>
   </div>
   <div class='ocr_carea' id='block_1_47' title="bbox 1824 1967 3406 2056">
    <p class='ocr_par' dir='ltr' id='par_1_47' title="bbox 1824 1967 3406 2056">
     <span class='ocr_line' id='line_1_51' title="bbox 1824 1967 3406 2056; baseline -0.018 -9"><span class='ocrx_word' id='word_1_366' title='bbox 1824 1988 2120 2047; x_wconf 71' lang='lat' dir='ltr'><strong>verisimile</strong></span> <span class='ocrx_word' id='word_1_367' title='bbox 2147 1998 2295 2043; x_wconf 85' lang='lat' dir='ltr'><strong>esset</strong></span> <span class='ocrx_word' id='word_1_368' title='bbox 2324 1984 2471 2056; x_wconf 86' lang='lat' dir='ltr'><strong>ipsos</strong></span> <span class='ocrx_word' id='word_1_369' title='bbox 2498 1982 2568 2037; x_wconf 88' lang='lat' dir='ltr'><strong>ab</strong></span> <span class='ocrx_word' id='word_1_370' title='bbox 2599 1980 2667 2035; x_wconf 89' lang='lat' dir='ltr'><strong>iis</strong></span> <span class='ocrx_word' id='word_1_371' title='bbox 2698 1977 2794 2049; x_wconf 90' lang='lat' dir='ltr'><strong>qui</strong></span> <span class='ocrx_word' id='word_1_372' title='bbox 2823 1977 2970 2032; x_wconf 90' lang='lat' dir='ltr'><strong>intus</strong></span> <span class='ocrx_word' id='word_1_373' title='bbox 3008 1980 3167 2028; x_wconf 90' lang='lat' dir='ltr'><strong>erant</strong></span> <span class='ocrx_word' id='word_1_374' title='bbox 3191 1967 3406 2040; x_wconf 87' lang='lat' dir='ltr'><strong>iudica-</strong></span> 
     </span>
    </p>
   </div>
   <div class='ocr_carea' id='block_1_48' title="bbox 1824 2061 3405 2151">
    <p class='ocr_par' dir='ltr' id='par_1_48' title="bbox 1824 2061 3405 2151">
     <span class='ocr_line' id='line_1_52' title="bbox 1824 2061 3405 2151; baseline -0.017 -14"><span class='ocrx_word' id='word_1_375' title='bbox 1824 2092 1909 2138; x_wconf 89' lang='lat' dir='ltr'><strong>tos</strong></span> <span class='ocrx_word' id='word_1_376' title='bbox 1944 2077 2242 2151; x_wconf 84' lang='lat' dir='ltr'><strong>pudelieri;</strong></span> <span class='ocrx_word' id='word_1_377' title='bbox 2271 2091 2303 2131; x_wconf 89' lang='lat' dir='ltr'><strong>e</strong></span> <span class='ocrx_word' id='word_1_378' title='bbox 2329 2075 2568 2135; x_wconf 85' lang='lat' dir='ltr'><strong>diverso,</strong></span> <span class='ocrx_word' id='word_1_379' title='bbox 2607 2068 2803 2140; x_wconf 83' lang='lat' dir='ltr'><strong>inquit,</strong></span> <span class='ocrx_word' id='word_1_380' title='bbox 2837 2061 3219 2121; x_wconf 84' lang='lat' dir='ltr'><strong>contumeliam</strong></span> <span class='ocrx_word' id='word_1_381' title='bbox 3255 2066 3405 2113; x_wconf 83' lang='lat' dir='ltr'><strong>retu-</strong></span> 
     </span>
    </p>
   </div>
   <div class='ocr_carea' id='block_1_49' title="bbox 1824 2150 3411 2236">
    <p class='ocr_par' dir='ltr' id='par_1_49' title="bbox 1824 2150 3411 2236">
     <span class='ocr_line' id='line_1_53' title="bbox 1824 2150 3411 2236; baseline -0.017 -7"><span class='ocrx_word' id='word_1_382' title='bbox 1824 2150 2019 2235; x_wconf 0' lang='lat' dir='ltr'><strong>ierithis,</strong></span> <span class='ocrx_word' id='word_1_383' title='bbox 2058 2171 2105 2226; x_wconf 76' lang='lat' dir='ltr'><strong>si</strong></span> <span class='ocrx_word' id='word_1_384' title='bbox 2148 2167 2352 2225; x_wconf 83' lang='lat' dir='ltr'><strong>abillis</strong></span> <span class='ocrx_word' id='word_1_385' title='bbox 2379 2166 2470 2236; x_wconf 89' lang='lat' dir='ltr'><strong>qui</strong></span> <span class='ocrx_word' id='word_1_386' title='bbox 2503 2164 2638 2219; x_wconf 87' lang='lat' dir='ltr'><strong>foris</strong></span> <span class='ocrx_word' id='word_1_387' title='bbox 2661 2169 2807 2230; x_wconf 88' lang='lat' dir='ltr'><strong>sunt,</strong></span> <span class='ocrx_word' id='word_1_388' title='bbox 2840 2160 2943 2215; x_wconf 88' lang='lat' dir='ltr'><strong>hoc</strong></span> <span class='ocrx_word' id='word_1_389' title='bbox 2966 2165 3075 2220; x_wconf 86' lang='lat' dir='ltr'><strong>est,</strong></span> <span class='ocrx_word' id='word_1_390' title='bbox 3116 2155 3183 2208; x_wconf 92' lang='lat' dir='ltr'><strong>ah</strong></span> <span class='ocrx_word' id='word_1_391' title='bbox 3219 2150 3411 2207; x_wconf 81' lang='lat' dir='ltr'><strong>infide-</strong></span> 
     </span>
    </p>
   </div>
   <div class='ocr_carea' id='block_1_50' title="bbox 1828 2242 3409 2333">
    <p class='ocr_par' dir='ltr' id='par_1_50' title="bbox 1828 2242 3409 2333">
     <span class='ocr_line' id='line_1_54' title="bbox 1828 2242 3409 2333; baseline -0.018 -10"><span class='ocrx_word' id='word_1_392' title='bbox 1828 2260 2333 2333; x_wconf 82' lang='lat' dir='ltr'><strong>libusjudiceniini.</strong></span> <span class='ocrx_word' id='word_1_393' title='bbox 2368 2258 2595 2314; x_wconf 77' lang='lat' dir='ltr'><strong>Minima</strong></span> <span class='ocrx_word' id='word_1_394' title='bbox 2618 2255 2763 2311; x_wconf 90' lang='lat' dir='ltr'><strong>enim</strong></span> <span class='ocrx_word' id='word_1_395' title='bbox 2792 2263 2924 2309; x_wconf 90' lang='lat' dir='ltr'><strong>sunt</strong></span> <span class='ocrx_word' id='word_1_396' title='bbox 2958 2248 3045 2307; x_wconf 83' lang='lat' dir='ltr'><strong>illa</strong></span> <span class='ocrx_word' id='word_1_397' title='bbox 3078 2242 3409 2311; x_wconf 83' lang='lat' dir='ltr'><strong>tribunalia;</strong></span> 
     </span>
    </p>
   </div>
   <div class='ocr_carea' id='block_1_51' title="bbox 1827 2350 2600 2430">
    <p class='ocr_par' dir='ltr' id='par_1_51' title="bbox 1827 2350 2600 2430">
     <span class='ocr_line' id='line_1_55' title="bbox 1827 2350 2600 2430; baseline -0.017 -15"><span class='ocrx_word' id='word_1_398' title='bbox 1827 2373 1950 2430; x_wconf 60' lang='lat' dir='ltr'><strong>qua;</strong></span> <span class='ocrx_word' id='word_1_399' title='bbox 1975 2358 2120 2415; x_wconf 86' lang='lat' dir='ltr'><strong>intus</strong></span> <span class='ocrx_word' id='word_1_400' title='bbox 2149 2361 2276 2409; x_wconf 91' lang='lat' dir='ltr'><strong>sunt</strong></span> <span class='ocrx_word' id='word_1_401' title='bbox 2304 2366 2410 2406; x_wconf 92' lang='lat' dir='ltr'><strong>non</strong></span> <span class='ocrx_word' id='word_1_402' title='bbox 2446 2350 2600 2404; x_wconf 88' lang='lat' dir='ltr'><strong>item.</strong></span> 
     </span>
    </p>
   </div>
   <div class='ocr_carea' id='block_1_52' title="bbox 1904 2425 3414 2511">
    <p class='ocr_par' dir='ltr' id='par_1_52' title="bbox 1904 2425 3414 2511">
     <span class='ocr_line' id='line_1_56' title="bbox 1904 2425 3414 2511; baseline -0.016 -8"><span class='ocrx_word' id='word_1_403' title='bbox 1904 2449 2068 2511; x_wconf 64' lang='lat' dir='ltr'><strong>Victis.</strong></span> <span class='ocrx_word' id='word_1_404' title='bbox 2123 2448 2175 2503; x_wconf 72' lang='grc' dir='ltr'>ὅ.</span> <span class='ocrx_word' id='word_1_405' title='bbox 2213 2464 2231 2496; x_wconf 84' lang='lat' dir='ltr'><strong>t</strong></span> <span class='ocrx_word' id='word_1_406' title='bbox 2272 2441 2514 2498; x_wconf 88' lang='lat' dir='ltr'><strong>Nescitis</strong></span> <span class='ocrx_word' id='word_1_407' title='bbox 2557 2437 2706 2508; x_wconf 90' lang='lat' dir='ltr'><strong>quod</strong></span> <span class='ocrx_word' id='word_1_408' title='bbox 2744 2433 2965 2506; x_wconf 80' lang='lat' dir='ltr'><strong>angelos</strong></span> <span class='ocrx_word' id='word_1_409' title='bbox 3005 2425 3414 2502; x_wconf 87' lang='lat' dir='ltr'><strong>iudicabimus?</strong></span> 
     </span>
    </p>
   </div>
   <div class='ocr_carea' id='block_1_53' title="bbox 1830 2522 3413 2611">
    <p class='ocr_par' dir='ltr' id='par_1_53' title="bbox 1830 2522 3413 2611">
     <span class='ocr_line' id='line_1_57' title="bbox 1830 2522 3413 2611; baseline -0.018 -16"><span class='ocrx_word' id='word_1_410' title='bbox 1830 2550 2036 2611; x_wconf 85' lang='lat' dir='ltr'><strong>quanto</strong></span> <span class='ocrx_word' id='word_1_411' title='bbox 2076 2536 2247 2606; x_wconf 82' lang='lat' dir='ltr'><strong>magis</strong></span> <span class='ocrx_word' id='word_1_412' title='bbox 2282 2528 2603 2589; x_wconf 67' lang='lat' dir='ltr'><strong>saecularia?</strong></span> <span class='ocrx_word' id='word_1_413' title='bbox 2658 2546 2679 2582; x_wconf 73' lang='grc' dir='ltr'><strong>ι</strong></span> <span class='ocrx_word' id='word_1_414' title='bbox 2745 2525 2979 2596; x_wconf 76' lang='lat' dir='ltr'><strong>Angelos</strong></span> <span class='ocrx_word' id='word_1_415' title='bbox 3014 2522 3287 2576; x_wconf 56' lang='lat' dir='ltr'><strong>daemones</strong></span> <span class='ocrx_word' id='word_1_416' title='bbox 3316 2532 3413 2586; x_wconf 84' lang='lat' dir='ltr'><strong>ap-</strong></span> 
     </span>
    </p>
   </div>
   <div class='ocr_carea' id='block_1_54' title="bbox 1832 2612 3416 2699">
    <p class='ocr_par' dir='ltr' id='par_1_54' title="bbox 1832 2612 3416 2699">
     <span class='ocr_line' id='line_1_58' title="bbox 1832 2612 3416 2699; baseline -0.016 -15"><span class='ocrx_word' id='word_1_417' title='bbox 1832 2627 2014 2699; x_wconf 81' lang='lat' dir='ltr'><strong>pellat,</strong></span> <span class='ocrx_word' id='word_1_418' title='bbox 2059 2638 2193 2693; x_wconf 88' lang='lat' dir='ltr'><strong>quos</strong></span> <span class='ocrx_word' id='word_1_419' title='bbox 2233 2618 2739 2681; x_wconf 82' lang='lat' dir='ltr'><strong>condemnabimus,</strong></span> <span class='ocrx_word' id='word_1_420' title='bbox 2820 2612 3038 2684; x_wconf 88' lang='lat' dir='ltr'><strong>quando</strong></span> <span class='ocrx_word' id='word_1_421' title='bbox 3105 2623 3204 2664; x_wconf 89' lang='lat' dir='ltr'><strong>nos</strong></span> <span class='ocrx_word' id='word_1_422' title='bbox 3252 2618 3416 2661; x_wconf 88' lang='lat' dir='ltr'><strong>carne</strong></span> 
     </span>
    </p>
   </div>
   <div class='ocr_carea' id='block_1_55' title="bbox 1835 2697 3417 2786">
    <p class='ocr_par' dir='ltr' id='par_1_55' title="bbox 1835 2697 3417 2786">
     <span class='ocr_line' id='line_1_59' title="bbox 1835 2697 3417 2786; baseline -0.013 -14"><span class='ocrx_word' id='word_1_423' title='bbox 1835 2718 2041 2782; x_wconf 82' lang='lat' dir='ltr'><strong>vestiti.</strong></span> <span class='ocrx_word' id='word_1_424' title='bbox 2081 2713 2424 2786; x_wconf 87' lang='lat' dir='ltr'><strong>incorporeis</strong></span> <span class='ocrx_word' id='word_1_425' title='bbox 2462 2712 2582 2768; x_wconf 88' lang='lat' dir='ltr'><strong>istis</strong></span> <span class='ocrx_word' id='word_1_426' title='bbox 2635 2705 2956 2767; x_wconf 86' lang='lat' dir='ltr'><strong>substantiis</strong></span> <span class='ocrx_word' id='word_1_427' title='bbox 3003 2697 3417 2760; x_wconf 77' lang='lat' dir='ltr'><strong>e‘xcellentiorcs</strong></span> 
     </span>
    </p>
   </div>
   <div class='ocr_carea' id='block_1_56' title="bbox 1835 2808 2947 2879">
    <p class='ocr_par' dir='ltr' id='par_1_56' title="bbox 1835 2808 2947 2879">
     <span class='ocr_line' id='line_1_60' title="bbox 1835 2808 2947 2879; baseline -0.014 -11"><span class='ocrx_word' id='word_1_428' title='bbox 1835 2812 2100 2869; x_wconf 78' lang='lat' dir='ltr'><strong>fuerimus</strong></span> <span class='ocrx_word' id='word_1_429' title='bbox 2134 2808 2356 2879; x_wconf 77' lang='lat' dir='ltr'><strong>reperti.</strong></span> <span class='ocrx_word' id='word_1_430' title='bbox 2944 2868 2947 2871; x_wconf 15' lang='grc' dir='ltr'><strong>γ</strong></span> 
     </span>
    </p>
   </div>
   <div class='ocr_carea' id='block_1_57' title="bbox 1907 2879 3420 2965">
    <p class='ocr_par' dir='ltr' id='par_1_57' title="bbox 1907 2879 3420 2965">
     <span class='ocr_line' id='line_1_61' title="bbox 1907 2879 3420 2965; baseline -0.015 -8"><span class='ocrx_word' id='word_1_431' title='bbox 1907 2902 2077 2957; x_wconf 71' lang='lat' dir='ltr'><strong>Vens.</strong></span> <span class='ocrx_word' id='word_1_432' title='bbox 2105 2901 2161 2965; x_wconf 71' lang='grc'>4,</span> <span class='ocrx_word' id='word_1_433' title='bbox 2189 2900 2243 2954; x_wconf 86' lang='grc'><strong>5.</strong></span> <span class='ocrx_word' id='word_1_434' title='bbox 2288 2916 2306 2949; x_wconf 81' lang='grc' dir='ltr'><strong>ι</strong></span> <span class='ocrx_word' id='word_1_435' title='bbox 2338 2895 2550 2952; x_wconf 82' lang='lat' dir='ltr'><strong>Judicia</strong></span> <span class='ocrx_word' id='word_1_436' title='bbox 2595 2893 2759 2964; x_wconf 80' lang='lat' dir='ltr'><strong>igitur</strong></span> <span class='ocrx_word' id='word_1_437' title='bbox 2791 2890 2855 2945; x_wconf 87' lang='lat' dir='ltr'><strong>de</strong></span> <span class='ocrx_word' id='word_1_438' title='bbox 2887 2887 3048 2941; x_wconf 86' lang='lat' dir='ltr'><strong>rebus</strong></span> <span class='ocrx_word' id='word_1_439' title='bbox 3076 2879 3420 2951; x_wconf 87' lang='lat' dir='ltr'><strong>temporariis</strong></span> 
     </span>
    </p>
   </div>
   <div class='ocr_carea' id='block_1_58' title="bbox 1839 2976 3420 3060">
    <p class='ocr_par' dir='ltr' id='par_1_58' title="bbox 1839 2976 3420 3060">
     <span class='ocr_line' id='line_1_62' title="bbox 1839 2976 3420 3060; baseline -0.015 -10"><span class='ocrx_word' id='word_1_440' title='bbox 1839 2996 1883 3050; x_wconf 88' lang='lat' dir='ltr'><strong>si</strong></span> <span class='ocrx_word' id='word_1_441' title='bbox 1921 2993 2190 3055; x_wconf 85' lang='lat' dir='ltr'><strong>habeatis,</strong></span> <span class='ocrx_word' id='word_1_442' title='bbox 2248 2990 2345 3060; x_wconf 80' lang='lat' dir='ltr'><strong>qui</strong></span> <span class='ocrx_word' id='word_1_443' title='bbox 2404 2989 2461 3042; x_wconf 90' lang='lat' dir='ltr'><strong>in</strong></span> <span class='ocrx_word' id='word_1_444' title='bbox 2516 2983 2760 3043; x_wconf 81' lang='lat' dir='ltr'><strong>Ecclesia</strong></span> <span class='ocrx_word' id='word_1_445' title='bbox 2806 2976 3102 3047; x_wconf 85' lang='lat' dir='ltr'><strong>contempti</strong></span> <span class='ocrx_word' id='word_1_446' title='bbox 3136 2984 3287 3038; x_wconf 89' lang='lat' dir='ltr'><strong>sunt,</strong></span> <span class='ocrx_word' id='word_1_447' title='bbox 3325 2986 3420 3027; x_wconf 89' lang='lat' dir='ltr'><strong>eos</strong></span> 
     </span>
    </p>
   </div>
   <div class='ocr_carea' id='block_1_59' title="bbox 1841 3061 3424 3144">
    <p class='ocr_par' dir='ltr' id='par_1_59' title="bbox 1841 3061 3424 3144">
     <span class='ocr_line' id='line_1_63' title="bbox 1841 3061 3424 3144; baseline -0.017 -1"><span class='ocrx_word' id='word_1_448' title='bbox 1841 3086 2180 3144; x_wconf 88' lang='lat' dir='ltr'><strong>constituite.</strong></span> <span class='ocrx_word' id='word_1_449' title='bbox 2235 3081 2318 3138; x_wconf 84' lang='lat' dir='ltr'><strong>Ad</strong></span> <span class='ocrx_word' id='word_1_450' title='bbox 2371 3077 2758 3136; x_wconf 80' lang='lat' dir='ltr'><strong>verecundiam</strong></span> <span class='ocrx_word' id='word_1_451' title='bbox 2796 3081 3036 3128; x_wconf 77' lang='lat' dir='ltr'><strong>vestram</strong></span> <span class='ocrx_word' id='word_1_452' title='bbox 3082 3066 3203 3123; x_wconf 90' lang='lat' dir='ltr'><strong>dico</strong></span> <span class='ocrx_word' id='word_1_453' title='bbox 3257 3080 3273 3119; x_wconf 90' lang='lat'><strong>:</strong></span> <span class='ocrx_word' id='word_1_454' title='bbox 3331 3061 3424 3118; x_wconf 90' lang='lat' dir='ltr'><strong>Sic</strong></span> 
     </span>
    </p>
   </div>
   <div class='ocr_carea' id='block_1_60' title="bbox 166 3156 1735 3282">
    <p class='ocr_par' dir='ltr' id='par_1_60' title="bbox 166 3156 1735 3282">
     <span class='ocr_line' id='line_1_64' title="bbox 166 3156 1663 3189; baseline -0.015 -14"><span class='ocrx_word' id='word_1_455' title='bbox 166 3156 286 3189; x_wconf 62' lang='grc' dir='ltr'>ιιμν,</span> <span class='ocrx_word' id='word_1_456' title='bbox 321 3156 411 3174; x_wconf 70' lang='grc' dir='ltr'>τ...</span> <span class='ocrx_word' id='word_1_457' title='bbox 461 3156 596 3172; x_wconf 67' lang='grc' dir='ltr'>νη..</span> <span class='ocrx_word' id='word_1_458' title='bbox 643 3156 668 3168; x_wconf 83' lang='grc'><strong>-</strong></span> <span class='ocrx_word' id='word_1_459' title='bbox 720 3156 765 3167; x_wconf 85' lang='lat'><strong>..</strong></span> <span class='ocrx_word' id='word_1_460' title='bbox 809 3156 867 3165; x_wconf 81' lang='lat'><strong>..-</strong></span> <span class='ocrx_word' id='word_1_461' title='bbox 910 3156 950 3164; x_wconf 80' lang='lat'>_</span> <span class='ocrx_word' id='word_1_462' title='bbox 1049 3156 1218 3170; x_wconf 74' lang='lat'><strong>----__</strong></span> <span class='ocrx_word' id='word_1_463' title='bbox 1649 3156 1663 3168; x_wconf 83' lang='lat'><em>_</em></span> 
     </span>
     <span class='ocr_line' id='line_1_65' title="bbox 166 3156 1735 3282; baseline -0.017 -14"><span class='ocrx_word' id='word_1_464' title='bbox 166 3215 309 3282; x_wconf 64' lang='grc' dir='ltr'>σοφὸς</span> <span class='ocrx_word' id='word_1_465' title='bbox 341 3156 472 3266; x_wconf 69' lang='grc' dir='ltr'><strong>ούὲὲ</strong></span> <span class='ocrx_word' id='word_1_466' title='bbox 499 3156 602 3273; x_wconf 64' lang='grc' dir='ltr'>εἷς,</span> <span class='ocrx_word' id='word_1_467' title='bbox 623 3156 996 3276; x_wconf 44' lang='grc' dir='ltr'>ὃςνδυνήσεται</span> <span class='ocrx_word' id='word_1_468' title='bbox 1016 3201 1292 3273; x_wconf 82' lang='grc' dir='ltr'>διακρῖναι</span> <span class='ocrx_word' id='word_1_469' title='bbox 1319 3195 1424 3249; x_wconf 81' lang='grc' dir='ltr'><strong>ἀνὰ</strong></span> <span class='ocrx_word' id='word_1_470' title='bbox 1455 3193 1617 3263; x_wconf 87' lang='grc' dir='ltr'>μέσον</span> <span class='ocrx_word' id='word_1_471' title='bbox 1645 3189 1735 3243; x_wconf 86' lang='grc' dir='ltr'>τοῦ</span> 
     </span>
    </p>
   </div>
   <div class='ocr_carea' id='block_1_61' title="bbox 1848 3156 3425 3282">
    <p class='ocr_par' dir='ltr' id='par_1_61' title="bbox 1848 3156 3425 3282">
     <span class='ocr_line' id='line_1_66' title="bbox 1848 3156 3425 3241; baseline -0.017 -5"><span class='ocrx_word' id='word_1_472' title='bbox 1848 3197 1949 3237; x_wconf 89' lang='lat' dir='ltr'><strong>non</strong></span> <span class='ocrx_word' id='word_1_473' title='bbox 1981 3189 2061 3234; x_wconf 90' lang='lat' dir='ltr'><strong>cst</strong></span> <span class='ocrx_word' id='word_1_474' title='bbox 2118 3177 2262 3231; x_wconf 86' lang='lat' dir='ltr'><strong>inter</strong></span> <span class='ocrx_word' id='word_1_475' title='bbox 2288 3188 2385 3229; x_wconf 83' lang='lat' dir='ltr'><strong>vos</strong></span> <span class='ocrx_word' id='word_1_476' title='bbox 2430 3171 2745 3241; x_wconf 87' lang='lat' dir='ltr'><strong>quisquam,</strong></span> <span class='ocrx_word' id='word_1_477' title='bbox 2803 3164 2898 3235; x_wconf 88' lang='lat' dir='ltr'><strong>qui</strong></span> <span class='ocrx_word' id='word_1_478' title='bbox 2962 3161 3134 3233; x_wconf 89' lang='lat' dir='ltr'><strong>possit</strong></span> <span class='ocrx_word' id='word_1_479' title='bbox 3180 3156 3425 3230; x_wconf 85' lang='lat' dir='ltr'><strong>judicare</strong></span> 
     </span>
     <span class='ocr_line' id='line_1_67' title="bbox 1849 3253 3425 3282; baseline -0.014 16"><span class='ocrx_word' id='word_1_480' title='bbox 1849 3273 1861 3282; x_wconf 90' lang='grc'><strong>·</strong></span> <span class='ocrx_word' id='word_1_481' title='bbox 1916 3281 1920 3282; x_wconf 55' lang='grc' dir='ltr'><em>ν</em></span> <span class='ocrx_word' id='word_1_482' title='bbox 2017 3270 2037 3282; x_wconf 86' lang='grc'><strong>·</strong></span> <span class='ocrx_word' id='word_1_483' title='bbox 2104 3280 2112 3282; x_wconf 45' lang='grc' dir='ltr'>μ</span> <span class='ocrx_word' id='word_1_484' title='bbox 2445 3267 2468 3282; x_wconf 83' lang='lat' dir='ltr'><strong>n</strong></span> <span class='ocrx_word' id='word_1_485' title='bbox 2562 3264 2623 3282; x_wconf 72' lang='lat' dir='ltr'><strong>AL</strong></span> <span class='ocrx_word' id='word_1_486' title='bbox 2660 3258 2883 3282; x_wconf 70' lang='lat'><strong>-_--.:..:-</strong></span> <span class='ocrx_word' id='word_1_487' title='bbox 2912 3253 3127 3282; x_wconf 63' lang='lat' dir='ltr'><strong>:...t:..::.</strong></span> <span class='ocrx_word' id='word_1_488' title='bbox 3156 3265 3245 3282; x_wconf 64' lang='grc' dir='ltr'>..ηρ</span> <span class='ocrx_word' id='word_1_489' title='bbox 3271 3263 3425 3282; x_wconf 44' lang='grc' dir='ltr'><strong>..ριγηΑ</strong></span> 
     </span>
    </p>
   </div>
   <div class='ocr_carea' id='block_1_62' title="bbox 167 3288 1558 3375">
    <p class='ocr_par' dir='ltr' id='par_1_62' title="bbox 167 3288 1558 3375">
     <span class='ocr_line' id='line_1_68' title="bbox 167 3288 1558 3375; baseline -0.017 -13"><span class='ocrx_word' id='word_1_490' title='bbox 167 3306 378 3375; x_wconf 60' lang='grc' dir='ltr'>ἀδελφοῦ</span> <span class='ocrx_word' id='word_1_491' title='bbox 419 3301 627 3368; x_wconf 76' lang='grc' dir='ltr'><strong>αὐτοῦ;</strong></span> <span class='ocrx_word' id='word_1_492' title='bbox 671 3319 692 3354; x_wconf 73' lang='grc' dir='ltr'><strong>ι</strong></span> <span class='ocrx_word' id='word_1_493' title='bbox 744 3298 840 3352; x_wconf 86' lang='grc' dir='ltr'>Ἐκ</span> <span class='ocrx_word' id='word_1_494' title='bbox 873 3292 1193 3367; x_wconf 83' lang='grc' dir='ltr'>περιουσίας</span> <span class='ocrx_word' id='word_1_495' title='bbox 1236 3288 1558 3360; x_wconf 82' lang='grc' dir='ltr'>βουλόμενος</span> 
     </span>
    </p>
   </div>
   <div class='ocr_carea' id='block_1_63' title="bbox 168 3371 1747 3471">
    <p class='ocr_par' dir='ltr' id='par_1_63' title="bbox 168 3371 1747 3471">
     <span class='ocr_line' id='line_1_69' title="bbox 168 3371 1747 3471; baseline -0.016 -18"><span class='ocrx_word' id='word_1_496' title='bbox 168 3401 344 3471; x_wconf 77' lang='grc' dir='ltr'>στῆσαι</span> <span class='ocrx_word' id='word_1_497' title='bbox 383 3395 588 3458; x_wconf 76' lang='grc' dir='ltr'>αὐτοὺς</span> <span class='ocrx_word' id='word_1_498' title='bbox 610 3392 718 3447; x_wconf 89' lang='grc' dir='ltr'><strong>τῶν</strong></span> <span class='ocrx_word' id='word_1_499' title='bbox 740 3391 843 3457; x_wconf 72' lang='grc' dir='ltr'><strong>ἔξω</strong></span> <span class='ocrx_word' id='word_1_500' title='bbox 862 3386 1250 3462; x_wconf 76' lang='grc' dir='ltr'>δικαστηρίων,</span> <span class='ocrx_word' id='word_1_501' title='bbox 1275 3371 1459 3454; x_wconf 73' lang='grc' dir='ltr'>φησιν,</span> <span class='ocrx_word' id='word_1_502' title='bbox 1485 3380 1567 3433; x_wconf 83' lang='grc' dir='ltr'>ὅτι</span> <span class='ocrx_word' id='word_1_503' title='bbox 1586 3375 1747 3438; x_wconf 83' lang='grc' dir='ltr'>Ἴσως</span> 
     </span>
    </p>
   </div>
   <div class='ocr_carea' id='block_1_64' title="bbox 168 3468 1748 3555">
    <p class='ocr_par' dir='ltr' id='par_1_64' title="bbox 168 3468 1748 3555">
     <span class='ocr_line' id='line_1_70' title="bbox 168 3468 1748 3555; baseline -0.015 -10"><span class='ocrx_word' id='word_1_504' title='bbox 168 3468 295 3548; x_wconf 80' lang='grc' dir='ltr'>εἴποι</span> <span class='ocrx_word' id='word_1_505' title='bbox 325 3509 420 3555; x_wconf 88' lang='grc' dir='ltr'><strong>τις</strong></span> <span class='ocrx_word' id='word_1_506' title='bbox 457 3490 546 3552; x_wconf 80' lang='grc' dir='ltr'><strong>ἀν,</strong></span> <span class='ocrx_word' id='word_1_507' title='bbox 576 3490 660 3542; x_wconf 83' lang='grc' dir='ltr'>ὅτι</span> <span class='ocrx_word' id='word_1_508' title='bbox 688 3488 788 3540; x_wconf 78' lang='grc' dir='ltr'><strong>οὐκ</strong></span> <span class='ocrx_word' id='word_1_509' title='bbox 816 3483 897 3538; x_wconf 80' lang='grc' dir='ltr'><strong>ένι</strong></span> <span class='ocrx_word' id='word_1_510' title='bbox 927 3481 1088 3552; x_wconf 83' lang='grc' dir='ltr'>σοφός</span> <span class='ocrx_word' id='word_1_511' title='bbox 1120 3495 1203 3541; x_wconf 90' lang='grc' dir='ltr'><strong>τις</strong></span> <span class='ocrx_word' id='word_1_512' title='bbox 1226 3478 1285 3531; x_wconf 84' lang='grc' dir='ltr'>ὲν</span> <span class='ocrx_word' id='word_1_513' title='bbox 1309 3478 1377 3546; x_wconf 83' lang='grc' dir='ltr'>τῇ</span> <span class='ocrx_word' id='word_1_514' title='bbox 1428 3468 1748 3540; x_wconf 72' lang='grc' dir='ltr'>Ἐκκλησία,</span> 
     </span>
    </p>
   </div>
   <div class='ocr_carea' id='block_1_65' title="bbox 172 3561 1751 3655">
    <p class='ocr_par' dir='ltr' id='par_1_65' title="bbox 172 3561 1751 3655">
     <span class='ocr_line' id='line_1_71' title="bbox 172 3561 1751 3655; baseline -0.015 -18"><span class='ocrx_word' id='word_1_515' title='bbox 172 3586 197 3637; x_wconf 82' lang='grc' dir='ltr'><strong>ὁ</strong></span> <span class='ocrx_word' id='word_1_516' title='bbox 217 3585 494 3655; x_wconf 80' lang='grc' dir='ltr'>διακρῖναι</span> <span class='ocrx_word' id='word_1_517' title='bbox 521 3579 844 3649; x_wconf 71' lang='grc' dir='ltr'>δυνάμενος.</span> <span class='ocrx_word' id='word_1_518' title='bbox 872 3576 938 3628; x_wconf 88' lang='lat' dir='ltr'><strong>El.</strong></span> <span class='ocrx_word' id='word_1_519' title='bbox 963 3573 1072 3645; x_wconf 82' lang='grc' dir='ltr'>γὰρ</span> <span class='ocrx_word' id='word_1_520' title='bbox 1103 3568 1245 3625; x_wconf 84' lang='grc' dir='ltr'>κατὰ</span> <span class='ocrx_word' id='word_1_521' title='bbox 1280 3567 1372 3621; x_wconf 84' lang='grc' dir='ltr'>τὸν</span> <span class='ocrx_word' id='word_1_522' title='bbox 1410 3564 1564 3636; x_wconf 85' lang='grc' dir='ltr'>ὑμῶν</span> <span class='ocrx_word' id='word_1_523' title='bbox 1592 3561 1751 3632; x_wconf 83' lang='grc' dir='ltr'>λόγον</span> 
     </span>
    </p>
   </div>
   <div class='ocr_carea' id='block_1_66' title="bbox 170 3654 1751 3743">
    <p class='ocr_par' dir='ltr' id='par_1_66' title="bbox 170 3654 1751 3743">
     <span class='ocr_line' id='line_1_72' title="bbox 170 3654 1751 3743; baseline -0.014 -14"><span class='ocrx_word' id='word_1_524' title='bbox 170 3677 257 3731; x_wconf 74' lang='grc' dir='ltr'>οὐκ</span> <span class='ocrx_word' id='word_1_525' title='bbox 279 3654 356 3729; x_wconf 84' lang='grc' dir='ltr'><strong>ένι</strong></span> <span class='ocrx_word' id='word_1_526' title='bbox 387 3673 578 3743; x_wconf 79' lang='grc' dir='ltr'>σοφὸς,</span> <span class='ocrx_word' id='word_1_527' title='bbox 602 3671 727 3733; x_wconf 81' lang='grc' dir='ltr'>τοὺς</span> <span class='ocrx_word' id='word_1_528' title='bbox 754 3664 1218 3735; x_wconf 80' lang='grc' dir='ltr'>ἐξουθενημένους</span> <span class='ocrx_word' id='word_1_529' title='bbox 1252 3659 1453 3732; x_wconf 83' lang='grc' dir='ltr'>μᾶλλον</span> <span class='ocrx_word' id='word_1_530' title='bbox 1487 3654 1751 3717; x_wconf 80' lang='grc' dir='ltr'>δικαστὰς</span> 
     </span>
    </p>
   </div>
   <div class='ocr_carea' id='block_1_67' title="bbox 173 3748 1749 3837">
    <p class='ocr_par' dir='ltr' id='par_1_67' title="bbox 173 3748 1749 3837">
     <span class='ocr_line' id='line_1_73' title="bbox 173 3748 1749 3837; baseline -0.015 -13"><span class='ocrx_word' id='word_1_531' title='bbox 173 3769 441 3835; x_wconf 71' lang='grc' dir='ltr'>καθίζετε,</span> <span class='ocrx_word' id='word_1_532' title='bbox 466 3768 500 3837; x_wconf 84' lang='grc' dir='ltr'>ἦ</span> <span class='ocrx_word' id='word_1_533' title='bbox 537 3766 662 3828; x_wconf 80' lang='grc' dir='ltr'>τοὺς</span> <span class='ocrx_word' id='word_1_534' title='bbox 687 3763 973 3824; x_wconf 83' lang='grc' dir='ltr'>ἀπίστους.</span> <span class='ocrx_word' id='word_1_535' title='bbox 1001 3755 1173 3811; x_wconf 82' lang='grc' dir='ltr'>Τοῦτο</span> <span class='ocrx_word' id='word_1_536' title='bbox 1205 3756 1262 3809; x_wconf 81' lang='grc' dir='ltr'>δὲ</span> <span class='ocrx_word' id='word_1_537' title='bbox 1295 3748 1450 3806; x_wconf 74' lang='grc' dir='ltr'>εἷπον</span> <span class='ocrx_word' id='word_1_538' title='bbox 1494 3749 1628 3819; x_wconf 82' lang='grc' dir='ltr'>πρὸς</span> <span class='ocrx_word' id='word_1_539' title='bbox 1664 3750 1749 3801; x_wconf 79' lang='grc' dir='ltr'>έν-</span> 
     </span>
    </p>
   </div>
   <div class='ocr_carea' id='block_1_68' title="bbox 174 3840 1747 3933">
    <p class='ocr_par' dir='ltr' id='par_1_68' title="bbox 174 3840 1747 3933">
     <span class='ocr_line' id='line_1_74' title="bbox 174 3840 1747 3933; baseline -0.016 -16"><span class='ocrx_word' id='word_1_540' title='bbox 174 3863 363 3933; x_wconf 77' lang='grc' dir='ltr'>τροπὴν</span> <span class='ocrx_word' id='word_1_541' title='bbox 400 3859 580 3929; x_wconf 81' lang='grc' dir='ltr'>ὑμῶν,</span> <span class='ocrx_word' id='word_1_542' title='bbox 604 3854 915 3926; x_wconf 85' lang='grc' dir='ltr'>συντρέχων</span> <span class='ocrx_word' id='word_1_543' title='bbox 948 3854 1018 3923; x_wconf 77' lang='grc' dir='ltr'><strong>τῇ</strong></span> <span class='ocrx_word' id='word_1_544' title='bbox 1048 3849 1237 3921; x_wconf 77' lang='grc' dir='ltr'>ψευδεῖ</span> <span class='ocrx_word' id='word_1_545' title='bbox 1267 3844 1540 3919; x_wconf 83' lang='grc' dir='ltr'>προφάσει</span> <span class='ocrx_word' id='word_1_546' title='bbox 1574 3840 1747 3911; x_wconf 81' lang='grc' dir='ltr'>ὑμῶν,</span> 
     </span>
    </p>
   </div>
   <div class='ocr_carea' id='block_1_69' title="bbox 177 3936 1747 4026">
    <p class='ocr_par' dir='ltr' id='par_1_69' title="bbox 177 3936 1747 4026">
     <span class='ocr_line' id='line_1_75' title="bbox 177 3936 1747 4026; baseline -0.013 -17"><span class='ocrx_word' id='word_1_547' title='bbox 177 3956 286 4009; x_wconf 74' lang='grc' dir='ltr'>ἐπεὶ</span> <span class='ocrx_word' id='word_1_548' title='bbox 319 3956 435 4026; x_wconf 72' lang='grc' dir='ltr'>ἄρα</span> <span class='ocrx_word' id='word_1_549' title='bbox 469 3951 705 4021; x_wconf 83' lang='grc' dir='ltr'>τοσαύτη</span> <span class='ocrx_word' id='word_1_550' title='bbox 752 3949 950 4012; x_wconf 79' lang='grc' dir='ltr'>σπάνις</span> <span class='ocrx_word' id='word_1_551' title='bbox 1003 3946 1125 3999; x_wconf 75' lang='grc' dir='ltr'>ἐστὶ</span> <span class='ocrx_word' id='word_1_552' title='bbox 1169 3942 1354 4011; x_wconf 75' lang='grc' dir='ltr'>σοφῶν</span> <span class='ocrx_word' id='word_1_553' title='bbox 1411 3937 1545 4010; x_wconf 87' lang='grc' dir='ltr'>παρ’</span> <span class='ocrx_word' id='word_1_554' title='bbox 1596 3936 1747 4006; x_wconf 80' lang='grc' dir='ltr'>ὑμῖν,</span> 
     </span>
    </p>
   </div>
   <div class='ocr_carea' id='block_1_70' title="bbox 177 4026 1748 4108">
    <p class='ocr_par' dir='ltr' id='par_1_70' title="bbox 177 4026 1748 4108">
     <span class='ocr_line' id='line_1_76' title="bbox 177 4026 1748 4108; baseline -0.013 -9"><span class='ocrx_word' id='word_1_555' title='bbox 177 4047 301 4101; x_wconf 72' lang='grc' dir='ltr'>ὥστε</span> <span class='ocrx_word' id='word_1_556' title='bbox 327 4046 461 4108; x_wconf 74' lang='grc' dir='ltr'>τοὺς</span> <span class='ocrx_word' id='word_1_557' title='bbox 500 4043 737 4104; x_wconf 77' lang='grc' dir='ltr'>εύτελεϊς</span> <span class='ocrx_word' id='word_1_558' title='bbox 767 4041 864 4095; x_wconf 70' lang='grc' dir='ltr'>καὶ</span> <span class='ocrx_word' id='word_1_559' title='bbox 900 4036 1356 4106; x_wconf 78' lang='grc' dir='ltr'>ίδιωτικωτέρους</span> <span class='ocrx_word' id='word_1_560' title='bbox 1389 4031 1618 4101; x_wconf 85' lang='grc' dir='ltr'>κρίνειν.</span> <span class='ocrx_word' id='word_1_561' title='bbox 1652 4026 1748 4093; x_wconf 82' lang='grc' dir='ltr'><strong>Τὸ,</strong></span> 
     </span>
    </p>
   </div>
   <div class='ocr_carea' id='block_1_71' title="bbox 184 4118 1753 4206">
    <p class='ocr_par' dir='ltr' id='par_1_71' title="bbox 184 4118 1753 4206">
     <span class='ocr_line' id='line_1_77' title="bbox 184 4118 1753 4206; baseline -0.013 -15"><span class='ocrx_word' id='word_1_562' title='bbox 184 4158 201 4191; x_wconf 87' lang='grc' dir='ltr'><strong>ι</strong></span> <span class='ocrx_word' id='word_1_563' title='bbox 253 4139 511 4206; x_wconf 70' lang='grc' dir='ltr'>’Δδελφοῦ</span> <span class='ocrx_word' id='word_1_564' title='bbox 550 4137 605 4190; x_wconf 82' lang='grc' dir='ltr'>δὲ</span> <span class='ocrx_word' id='word_1_565' title='bbox 658 4132 851 4199; x_wconf 80' lang='grc' dir='ltr'>αὑτοῦ,</span> <span class='ocrx_word' id='word_1_566' title='bbox 908 4150 928 4184; x_wconf 73' lang='grc' dir='ltr'><strong>ι</strong></span> <span class='ocrx_word' id='word_1_567' title='bbox 975 4127 1310 4200; x_wconf 83' lang='grc' dir='ltr'>προσέθηκε,</span> <span class='ocrx_word' id='word_1_568' title='bbox 1359 4120 1641 4193; x_wconf 82' lang='grc' dir='ltr'>σημαίνων</span> <span class='ocrx_word' id='word_1_569' title='bbox 1670 4118 1753 4172; x_wconf 83' lang='grc' dir='ltr'>ὅτι</span> 
     </span>
    </p>
   </div>
   <div class='ocr_carea' id='block_1_72' title="bbox 178 4212 1752 4301">
    <p class='ocr_par' dir='ltr' id='par_1_72' title="bbox 178 4212 1752 4301">
     <span class='ocr_line' id='line_1_78' title="bbox 178 4212 1752 4301; baseline -0.014 -15"><span class='ocrx_word' id='word_1_570' title='bbox 178 4231 258 4286; x_wconf 73' lang='grc' dir='ltr'>ὅτε</span> <span class='ocrx_word' id='word_1_571' title='bbox 295 4232 338 4265; x_wconf 69' lang='grc'><strong>’⁸</strong></span> <span class='ocrx_word' id='word_1_572' title='bbox 370 4229 510 4301; x_wconf 76' lang='grc' dir='ltr'>πρὸς</span> <span class='ocrx_word' id='word_1_573' title='bbox 555 4228 648 4281; x_wconf 72' lang='grc' dir='ltr'><strong>τὸν</strong></span> <span class='ocrx_word' id='word_1_574' title='bbox 688 4223 917 4293; x_wconf 83' lang='grc' dir='ltr'>ἀδελφόν</span> <span class='ocrx_word' id='word_1_575' title='bbox 949 4225 1098 4275; x_wconf 75' lang='grc' dir='ltr'>ἐστιν</span> <span class='ocrx_word' id='word_1_576' title='bbox 1131 4222 1165 4288; x_wconf 81' lang='grc' dir='ltr'><strong>ἡ</strong></span> <span class='ocrx_word' id='word_1_577' title='bbox 1215 4218 1363 4287; x_wconf 81' lang='grc' dir='ltr'>δίκη,</span> <span class='ocrx_word' id='word_1_578' title='bbox 1390 4214 1520 4269; x_wconf 74' lang='grc' dir='ltr'><strong>ὀὐδὲ</strong></span> <span class='ocrx_word' id='word_1_579' title='bbox 1550 4212 1752 4281; x_wconf 79' lang='grc' dir='ltr'>πολλῆς</span> 
     </span>
    </p>
   </div>
   <div class='ocr_carea' id='block_1_73' title="bbox 182 4301 1756 4397">
    <p class='ocr_par' dir='ltr' id='par_1_73' title="bbox 182 4301 1756 4397">
     <span class='ocr_line' id='line_1_79' title="bbox 182 4301 1756 4397; baseline 0.001 -19"><span class='ocrx_word' id='word_1_580' title='bbox 182 4326 323 4397; x_wconf 76' lang='grc' dir='ltr'>χρεία</span> <span class='ocrx_word' id='word_1_581' title='bbox 379 4321 659 4384; x_wconf 81' lang='grc' dir='ltr'>ποικιλίας</span> <span class='ocrx_word' id='word_1_582' title='bbox 710 4319 805 4372; x_wconf 81' lang='grc' dir='ltr'>καὶ</span> <span class='ocrx_word' id='word_1_583' title='bbox 856 4313 1136 4386; x_wconf 81' lang='grc' dir='ltr'>γνώσεως.</span> <span class='ocrx_word' id='word_1_584' title='bbox 1180 4308 1277 4365; x_wconf 64' lang='grc' dir='ltr'><strong>ἅτε</strong></span> <span class='ocrx_word' id='word_1_585' title='bbox 1312 4307 1412 4375; x_wconf 73' lang='grc' dir='ltr'><strong>τῆς</strong></span> <span class='ocrx_word' id='word_1_586' title='bbox 1458 4301 1756 4372; x_wconf 67' lang='grc' dir='ltr'><strong>ἀδελφικῆς</strong></span> 
     </span>
    </p>
   </div>
   <div class='ocr_carea' id='block_1_74' title="bbox 181 4395 1754 4480">
    <p class='ocr_par' dir='ltr' id='par_1_74' title="bbox 181 4395 1754 4480">
     <span class='ocr_line' id='line_1_80' title="bbox 181 4395 1754 4480; baseline -0.014 -11"><span class='ocrx_word' id='word_1_587' title='bbox 181 4395 467 4480; x_wconf 80' lang='grc' dir='ltr'>διαθέσεως</span> <span class='ocrx_word' id='word_1_588' title='bbox 507 4411 681 4468; x_wconf 81' lang='grc' dir='ltr'>πολλά</span> <span class='ocrx_word' id='word_1_589' title='bbox 728 4406 1106 4480; x_wconf 83' lang='grc' dir='ltr'>συνεργούσης</span> <span class='ocrx_word' id='word_1_590' title='bbox 1146 4400 1285 4474; x_wconf 78' lang='grc' dir='ltr'>πρὸς</span> <span class='ocrx_word' id='word_1_591' title='bbox 1329 4398 1485 4453; x_wconf 86' lang='grc' dir='ltr'>λύσιν</span> <span class='ocrx_word' id='word_1_592' title='bbox 1529 4395 1631 4466; x_wconf 71' lang='grc' dir='ltr'>τῆς</span> <span class='ocrx_word' id='word_1_593' title='bbox 1664 4411 1754 4465; x_wconf 84' lang='grc' dir='ltr'>φι-</span> 
     </span>
    </p>
   </div>
   <div class='ocr_carea' id='block_1_75' title="bbox 184 4505 466 4569">
    <p class='ocr_par' dir='ltr' id='par_1_75' title="bbox 184 4505 466 4569">
     <span class='ocr_line' id='line_1_81' title="bbox 184 4505 466 4569; baseline 0 -10"><span class='ocrx_word' id='word_1_594' title='bbox 184 4505 466 4569; x_wconf 77' lang='grc' dir='ltr'>λονεικίας.</span> 
     </span>
    </p>
   </div>
   <div class='ocr_carea' id='block_1_76' title="bbox 1604 3253 3428 3338">
    <p class='ocr_par' dir='ltr' id='par_1_76' title="bbox 1604 3253 3428 3338">
     <span class='ocr_line' id='line_1_82' title="bbox 1604 3253 3428 3338; baseline -0.018 0"><span class='ocrx_word' id='word_1_595' title='bbox 1604 3281 1744 3338; x_wconf 84' lang='grc' dir='ltr'>ἀπο-</span> <span class='ocrx_word' id='word_1_596' title='bbox 1769 3253 1811 3271; x_wconf 61' lang='grc' dir='ltr'><em>υ</em></span> <span class='ocrx_word' id='word_1_597' title='bbox 1847 3273 1991 3329; x_wconf 88' lang='lat' dir='ltr'><strong>inter</strong></span> <span class='ocrx_word' id='word_1_598' title='bbox 2014 3270 2234 3326; x_wconf 83' lang='lat' dir='ltr'><strong>fratrem</strong></span> <span class='ocrx_word' id='word_1_599' title='bbox 2266 3267 2468 3324; x_wconf 87' lang='lat' dir='ltr'><strong>suum?</strong></span> <span class='ocrx_word' id='word_1_600' title='bbox 2499 3282 2517 3316; x_wconf 77' lang='grc' dir='ltr'><strong>ι</strong></span> <span class='ocrx_word' id='word_1_601' title='bbox 2550 3264 2632 3317; x_wconf 85' lang='lat' dir='ltr'><strong>Ab</strong></span> <span class='ocrx_word' id='word_1_602' title='bbox 2656 3258 2887 3316; x_wconf 78' lang='lat' dir='ltr'><strong>excticis</strong></span> <span class='ocrx_word' id='word_1_603' title='bbox 2908 3253 3130 3327; x_wconf 82' lang='lat' dir='ltr'><strong>iudiciis</strong></span> <span class='ocrx_word' id='word_1_604' title='bbox 3154 3265 3247 3307; x_wconf 91' lang='lat' dir='ltr'><strong>eos</strong></span> <span class='ocrx_word' id='word_1_605' title='bbox 3271 3263 3428 3306; x_wconf 83' lang='lat' dir='ltr'><strong>revo-</strong></span> 
     </span>
    </p>
   </div>
   <div class='ocr_carea' id='block_1_77' title="bbox 1850 3341 3428 3428">
    <p class='ocr_par' dir='ltr' id='par_1_77' title="bbox 1850 3341 3428 3428">
     <span class='ocr_line' id='line_1_83' title="bbox 1850 3341 3428 3428; baseline -0.015 -9"><span class='ocrx_word' id='word_1_606' title='bbox 1850 3379 1976 3420; x_wconf 90' lang='lat' dir='ltr'><strong>care</strong></span> <span class='ocrx_word' id='word_1_607' title='bbox 2006 3362 2219 3428; x_wconf 80' lang='lat' dir='ltr'><strong>volens,</strong></span> <span class='ocrx_word' id='word_1_608' title='bbox 2251 3374 2320 3416; x_wconf 73' lang='lat' dir='ltr'><strong>ex</strong></span> <span class='ocrx_word' id='word_1_609' title='bbox 2349 3355 2648 3414; x_wconf 84' lang='lat' dir='ltr'><strong>abundanti</strong></span> <span class='ocrx_word' id='word_1_610' title='bbox 2702 3350 2889 3421; x_wconf 88' lang='lat' dir='ltr'><strong>adjicit</strong></span> <span class='ocrx_word' id='word_1_611' title='bbox 2924 3367 2937 3405; x_wconf 91' lang='lat'><strong>:</strong></span> <span class='ocrx_word' id='word_1_612' title='bbox 2970 3346 3178 3403; x_wconf 81' lang='lat' dir='ltr'><strong>Forsan</strong></span> <span class='ocrx_word' id='word_1_613' title='bbox 3223 3341 3428 3398; x_wconf 77' lang='lat' dir='ltr'><strong>dixerit</strong></span> 
     </span>
    </p>
   </div>
   <div class='ocr_carea' id='block_1_78' title="bbox 1849 3434 3427 3531">
    <p class='ocr_par' dir='ltr' id='par_1_78' title="bbox 1849 3434 3427 3531">
     <span class='ocr_line' id='line_1_84' title="bbox 1849 3434 3427 3531; baseline -0.014 -22"><span class='ocrx_word' id='word_1_614' title='bbox 1849 3455 2140 3531; x_wconf 88' lang='lat' dir='ltr'><strong>quispiam,</strong></span> <span class='ocrx_word' id='word_1_615' title='bbox 2165 3452 2306 3524; x_wconf 91' lang='lat' dir='ltr'><strong>quod</strong></span> <span class='ocrx_word' id='word_1_616' title='bbox 2327 3464 2434 3505; x_wconf 88' lang='lat' dir='ltr'><strong>non</strong></span> <span class='ocrx_word' id='word_1_617' title='bbox 2455 3449 2525 3503; x_wconf 90' lang='lat' dir='ltr'><strong>sit</strong></span> <span class='ocrx_word' id='word_1_618' title='bbox 2546 3445 2764 3517; x_wconf 87' lang='lat' dir='ltr'><strong>sapiens</strong></span> <span class='ocrx_word' id='word_1_619' title='bbox 2793 3441 2953 3512; x_wconf 76' lang='lat'><strong>152</strong></span> <span class='ocrx_word' id='word_1_620' title='bbox 2975 3439 3030 3493; x_wconf 87' lang='lat' dir='ltr'><strong>in</strong></span> <span class='ocrx_word' id='word_1_621' title='bbox 3048 3436 3316 3499; x_wconf 87' lang='lat' dir='ltr'><strong>Ecclesia,</strong></span> <span class='ocrx_word' id='word_1_622' title='bbox 3334 3434 3427 3499; x_wconf 86' lang='lat' dir='ltr'><strong>qui</strong></span> 
     </span>
    </p>
   </div>
   <div class='ocr_carea' id='block_1_79' title="bbox 1851 3527 3431 3618">
    <p class='ocr_par' dir='ltr' id='par_1_79' title="bbox 1851 3527 3431 3618">
     <span class='ocr_line' id='line_1_85' title="bbox 1851 3527 3431 3618; baseline -0.018 -10"><span class='ocrx_word' id='word_1_623' title='bbox 1851 3527 2151 3618; x_wconf 80' lang='lat' dir='ltr'><strong>diiudicare</strong></span> <span class='ocrx_word' id='word_1_624' title='bbox 2179 3544 2374 3616; x_wconf 84' lang='lat' dir='ltr'><strong>possit.</strong></span> <span class='ocrx_word' id='word_1_625' title='bbox 2408 3540 2465 3597; x_wconf 92' lang='lat' dir='ltr'><strong>Si</strong></span> <span class='ocrx_word' id='word_1_626' title='bbox 2501 3539 2649 3594; x_wconf 90' lang='lat' dir='ltr'><strong>enim</strong></span> <span class='ocrx_word' id='word_1_627' title='bbox 2694 3535 2991 3592; x_wconf 89' lang='lat' dir='ltr'><strong>secundum</strong></span> <span class='ocrx_word' id='word_1_628' title='bbox 3032 3540 3269 3587; x_wconf 76' lang='lat' dir='ltr'><strong>vestram</strong></span> <span class='ocrx_word' id='word_1_629' title='bbox 3316 3527 3431 3582; x_wconf 83' lang='lat' dir='ltr'><strong>exi-</strong></span> 
     </span>
    </p>
   </div>
   <div class='ocr_carea' id='block_1_80' title="bbox 1853 3617 3431 3700">
    <p class='ocr_par' dir='ltr' id='par_1_80' title="bbox 1853 3617 3431 3700">
     <span class='ocr_line' id='line_1_86' title="bbox 1853 3617 3431 3700; baseline -0.018 -3"><span class='ocrx_word' id='word_1_630' title='bbox 1853 3640 2225 3699; x_wconf 87' lang='lat' dir='ltr'><strong>stimationem</strong></span> <span class='ocrx_word' id='word_1_631' title='bbox 2286 3650 2394 3690; x_wconf 89' lang='lat' dir='ltr'><strong>non</strong></span> <span class='ocrx_word' id='word_1_632' title='bbox 2441 3640 2527 3688; x_wconf 88' lang='lat' dir='ltr'><strong>est</strong></span> <span class='ocrx_word' id='word_1_633' title='bbox 2577 3629 2819 3700; x_wconf 87' lang='lat' dir='ltr'><strong>sapiens,</strong></span> <span class='ocrx_word' id='word_1_634' title='bbox 2860 3629 3201 3690; x_wconf 87' lang='lat' dir='ltr'><strong>coutemptos</strong></span> <span class='ocrx_word' id='word_1_635' title='bbox 3252 3617 3431 3688; x_wconf 88' lang='lat' dir='ltr'><strong>potius</strong></span> 
     </span>
    </p>
   </div>
   <div class='ocr_carea' id='block_1_81' title="bbox 1849 3708 3431 3805">
    <p class='ocr_par' dir='ltr' id='par_1_81' title="bbox 1849 3708 3431 3805">
     <span class='ocr_line' id='line_1_87' title="bbox 1849 3708 3431 3805; baseline -0.019 -16"><span class='ocrx_word' id='word_1_636' title='bbox 1849 3734 2062 3805; x_wconf 88' lang='lat' dir='ltr'><strong>iudices</strong></span> <span class='ocrx_word' id='word_1_637' title='bbox 2104 3726 2444 3790; x_wconf 76' lang='lat' dir='ltr'><strong>constituite,</strong></span> <span class='ocrx_word' id='word_1_638' title='bbox 2500 3736 2665 3791; x_wconf 88' lang='lat' dir='ltr'><strong>quam</strong></span> <span class='ocrx_word' id='word_1_639' title='bbox 2713 3712 2980 3773; x_wconf 80' lang='lat' dir='ltr'><strong>infideles.</strong></span> <span class='ocrx_word' id='word_1_640' title='bbox 3035 3708 3185 3766; x_wconf 87' lang='lat' dir='ltr'><strong>Istud</strong></span> <span class='ocrx_word' id='word_1_641' title='bbox 3248 3715 3431 3763; x_wconf 84' lang='lat' dir='ltr'><strong>autem</strong></span> 
     </span>
    </p>
   </div>
   <div class='ocr_carea' id='block_1_82' title="bbox 1850 3804 3432 3890">
    <p class='ocr_par' dir='ltr' id='par_1_82' title="bbox 1850 3804 3432 3890">
     <span class='ocr_line' id='line_1_88' title="bbox 1850 3804 3432 3890; baseline -0.018 -10"><span class='ocrx_word' id='word_1_642' title='bbox 1850 3804 1987 3890; x_wconf 76' lang='lat' dir='ltr'><strong>dixi,</strong></span> <span class='ocrx_word' id='word_1_643' title='bbox 2014 3824 2082 3877; x_wconf 91' lang='lat' dir='ltr'><strong>ad</strong></span> <span class='ocrx_word' id='word_1_644' title='bbox 2132 3817 2517 3875; x_wconf 76' lang='lat' dir='ltr'><strong>verecundiam</strong></span> <span class='ocrx_word' id='word_1_645' title='bbox 2554 3820 2818 3873; x_wconf 80' lang='lat' dir='ltr'><strong>vestram,</strong></span> <span class='ocrx_word' id='word_1_646' title='bbox 2862 3804 3012 3862; x_wconf 87' lang='lat' dir='ltr'><strong>inani</strong></span> <span class='ocrx_word' id='word_1_647' title='bbox 3068 3811 3262 3859; x_wconf 67' lang='lat' dir='ltr'><strong>restria</strong></span> <span class='ocrx_word' id='word_1_648' title='bbox 3290 3813 3432 3870; x_wconf 78' lang='lat' dir='ltr'><strong>pra:-</strong></span> 
     </span>
    </p>
   </div>
   <div class='ocr_carea' id='block_1_83' title="bbox 1853 3892 3435 3977">
    <p class='ocr_par' dir='ltr' id='par_1_83' title="bbox 1853 3892 3435 3977">
     <span class='ocr_line' id='line_1_89' title="bbox 1853 3892 3435 3977; baseline -0.02 -2"><span class='ocrx_word' id='word_1_649' title='bbox 1853 3919 2023 3975; x_wconf 76' lang='lat' dir='ltr'><strong>textui</strong></span> <span class='ocrx_word' id='word_1_650' title='bbox 2077 3910 2426 3971; x_wconf 89' lang='lat' dir='ltr'><strong>consentiens</strong></span> <span class='ocrx_word' id='word_1_651' title='bbox 2463 3924 2478 3962; x_wconf 92' lang='lat'><strong>:</strong></span> <span class='ocrx_word' id='word_1_652' title='bbox 2517 3900 2962 3977; x_wconf 86' lang='lat' dir='ltr'><strong>quandoquidem</strong></span> <span class='ocrx_word' id='word_1_653' title='bbox 2997 3906 3145 3953; x_wconf 90' lang='lat' dir='ltr'><strong>tanta</strong></span> <span class='ocrx_word' id='word_1_654' title='bbox 3178 3903 3261 3950; x_wconf 91' lang='lat' dir='ltr'><strong>est</strong></span> <span class='ocrx_word' id='word_1_655' title='bbox 3297 3892 3435 3947; x_wconf 86' lang='lat' dir='ltr'><strong>rari-</strong></span> 
     </span>
    </p>
   </div>
   <div class='ocr_carea' id='block_1_84' title="bbox 1856 3983 3436 4079">
    <p class='ocr_par' dir='ltr' id='par_1_84' title="bbox 1856 3983 3436 4079">
     <span class='ocr_line' id='line_1_90' title="bbox 1856 3983 3436 4079; baseline -0.018 -13"><span class='ocrx_word' id='word_1_656' title='bbox 1856 4020 1941 4067; x_wconf 89' lang='lat' dir='ltr'><strong>tas</strong></span> <span class='ocrx_word' id='word_1_657' title='bbox 1997 4007 2303 4079; x_wconf 84' lang='lat' dir='ltr'><strong>sapientum</strong></span> <span class='ocrx_word' id='word_1_658' title='bbox 2356 3999 2497 4073; x_wconf 90' lang='lat' dir='ltr'><strong>apud</strong></span> <span class='ocrx_word' id='word_1_659' title='bbox 2536 4013 2649 4063; x_wconf 84' lang='lat' dir='ltr'><strong>vos,</strong></span> <span class='ocrx_word' id='word_1_660' title='bbox 2698 4006 2758 4050; x_wconf 90' lang='lat' dir='ltr'><strong>ut</strong></span> <span class='ocrx_word' id='word_1_661' title='bbox 2817 3992 2951 4048; x_wconf 85' lang='lat' dir='ltr'><strong>viles</strong></span> <span class='ocrx_word' id='word_1_662' title='bbox 3004 4000 3058 4045; x_wconf 85' lang='lat' dir='ltr'><strong>et</strong></span> <span class='ocrx_word' id='word_1_663' title='bbox 3111 3983 3436 4043; x_wconf 86' lang='lat' dir='ltr'><strong>indoctiores</strong></span> 
     </span>
    </p>
   </div>
   <div class='ocr_carea' id='block_1_85' title="bbox 1851 4073 3433 4174">
    <p class='ocr_par' dir='ltr' id='par_1_85' title="bbox 1851 4073 3433 4174">
     <span class='ocr_line' id='line_1_91' title="bbox 1851 4073 3433 4174; baseline -0.02 -15"><span class='ocrx_word' id='word_1_664' title='bbox 1851 4101 2115 4174; x_wconf 83' lang='lat' dir='ltr'><strong>iudicium</strong></span> <span class='ocrx_word' id='word_1_665' title='bbox 2158 4103 2476 4154; x_wconf 78' lang='lat' dir='ltr'><strong>exerceant.</strong></span> <span class='ocrx_word' id='word_1_666' title='bbox 2539 4109 2557 4144; x_wconf 82' lang='lat' dir='ltr'><strong>t</strong></span> <span class='ocrx_word' id='word_1_667' title='bbox 2621 4086 2872 4143; x_wconf 87' lang='lat' dir='ltr'><strong>Fratrem</strong></span> <span class='ocrx_word' id='word_1_668' title='bbox 2923 4095 3104 4144; x_wconf 91' lang='lat' dir='ltr'><strong>suum,</strong></span> <span class='ocrx_word' id='word_1_669' title='bbox 3138 4096 3157 4131; x_wconf 77' lang='grc' dir='ltr'><strong>ι</strong></span> <span class='ocrx_word' id='word_1_670' title='bbox 3210 4073 3433 4146; x_wconf 83' lang='lat' dir='ltr'><strong>adiecit.</strong></span> 
     </span>
    </p>
   </div>
   <div class='ocr_carea' id='block_1_86' title="bbox 1855 4170 3439 4260">
    <p class='ocr_par' dir='ltr' id='par_1_86' title="bbox 1855 4170 3439 4260">
     <span class='ocr_line' id='line_1_92' title="bbox 1855 4170 3439 4260; baseline -0.02 -8"><span class='ocrx_word' id='word_1_671' title='bbox 1855 4170 2106 4252; x_wconf 82' lang='lat' dir='ltr'><strong>indicans</strong></span> <span class='ocrx_word' id='word_1_672' title='bbox 2131 4190 2276 4260; x_wconf 88' lang='lat' dir='ltr'><strong>quod</strong></span> <span class='ocrx_word' id='word_1_673' title='bbox 2309 4187 2355 4243; x_wconf 90' lang='lat' dir='ltr'><strong>si</strong></span> <span class='ocrx_word' id='word_1_674' title='bbox 2387 4184 2606 4257; x_wconf 90' lang='lat' dir='ltr'><strong>quando</strong></span> <span class='ocrx_word' id='word_1_675' title='bbox 2636 4181 2899 4234; x_wconf 81' lang='lat' dir='ltr'><strong>adversus</strong></span> <span class='ocrx_word' id='word_1_676' title='bbox 2949 4175 3175 4228; x_wconf 79' lang='lat' dir='ltr'><strong>fratrem</strong></span> <span class='ocrx_word' id='word_1_677' title='bbox 3208 4170 3277 4225; x_wconf 90' lang='lat' dir='ltr'><strong>sit</strong></span> <span class='ocrx_word' id='word_1_678' title='bbox 3306 4181 3439 4235; x_wconf 76' lang='lat' dir='ltr'><strong>con-</strong></span> 
     </span>
    </p>
   </div>
   <div class='ocr_carea' id='block_1_87' title="bbox 1857 4273 3256 4351">
    <p class='ocr_par' dir='ltr' id='par_1_87' title="bbox 1857 4273 3256 4351">
     <span class='ocr_line' id='line_1_93' title="bbox 1857 4273 3256 4351; baseline -0.021 -5"><span class='ocrx_word' id='word_1_679' title='bbox 1857 4288 2049 4351; x_wconf 82' lang='lat' dir='ltr'><strong>tentio,</strong></span> <span class='ocrx_word' id='word_1_680' title='bbox 2080 4284 2229 4339; x_wconf 84' lang='lat' dir='ltr'><strong>varia</strong></span> <span class='ocrx_word' id='word_1_681' title='bbox 2274 4292 2457 4336; x_wconf 90' lang='lat' dir='ltr'><strong>rerum</strong></span> <span class='ocrx_word' id='word_1_682' title='bbox 2497 4273 2813 4346; x_wconf 74' lang='lat' dir='ltr'><strong>cognitione</strong></span> <span class='ocrx_word' id='word_1_683' title='bbox 2841 4283 2948 4324; x_wconf 94' lang='lat' dir='ltr'><strong>non</strong></span> <span class='ocrx_word' id='word_1_684' title='bbox 2975 4275 3059 4323; x_wconf 90' lang='lat' dir='ltr'><strong>est</strong></span> <span class='ocrx_word' id='word_1_685' title='bbox 3096 4279 3256 4333; x_wconf 79' lang='lat' dir='ltr'><strong>Opus,</strong></span> 
     </span>
    </p>
   </div>
   <div class='ocr_carea' id='block_1_88' title="bbox 1861 4360 3442 4445">
    <p class='ocr_par' dir='ltr' id='par_1_88' title="bbox 1861 4360 3442 4445">
     <span class='ocr_line' id='line_1_94' title="bbox 1861 4360 3442 4445; baseline -0.016 -6"><span class='ocrx_word' id='word_1_686' title='bbox 1861 4382 2040 4439; x_wconf 89' lang='lat' dir='ltr'><strong>ctione</strong></span> <span class='ocrx_word' id='word_1_687' title='bbox 2071 4378 2328 4434; x_wconf 87' lang='lat' dir='ltr'><strong>nimirum</strong></span> <span class='ocrx_word' id='word_1_688' title='bbox 2364 4371 2607 4429; x_wconf 87' lang='lat' dir='ltr'><strong>fraterna</strong></span> <span class='ocrx_word' id='word_1_689' title='bbox 2642 4367 2713 4445; x_wconf 0' lang='lat' dir='ltr'><strong>ad,</strong></span> <span class='ocrx_word' id='word_1_690' title='bbox 2734 4365 2847 4422; x_wconf 91' lang='lat' dir='ltr'><strong>litis</strong></span> <span class='ocrx_word' id='word_1_691' title='bbox 2879 4360 3207 4420; x_wconf 87' lang='lat' dir='ltr'><strong>solutionem</strong></span> <span class='ocrx_word' id='word_1_692' title='bbox 3242 4372 3442 4429; x_wconf 84' lang='lat' dir='ltr'><strong>coope-</strong></span> 
     </span>
    </p>
   </div>
   <div class='ocr_carea' id='block_1_89' title="bbox 1862 4481 2040 4529">
    <p class='ocr_par' dir='ltr' id='par_1_89' title="bbox 1862 4481 2040 4529">
     <span class='ocr_line' id='line_1_95' title="bbox 1862 4481 2040 4529; baseline -0.022 0"><span class='ocrx_word' id='word_1_693' title='bbox 1862 4481 2040 4529; x_wconf 86' lang='lat' dir='ltr'><strong>rante.</strong></span> 
     </span>
    </p>
   </div>
   <div class='ocr_carea' id='block_1_90' title="bbox 254 4543 1735 4663">
    <p class='ocr_par' dir='ltr' id='par_1_90' title="bbox 254 4544 1735 4663">
     <span class='ocr_line' id='line_1_96' title="bbox 254 4544 1735 4663; baseline -0.009 -14"><span class='ocrx_word' id='word_1_694' title='bbox 254 4616 272 4649; x_wconf 83' lang='grc' dir='ltr'><strong>ι</strong></span> <span class='ocrx_word' id='word_1_695' title='bbox 310 4544 476 4650; x_wconf 71' lang='grc' dir='ltr'><strong>Ἀλλά</strong></span> <span class='ocrx_word' id='word_1_696' title='bbox 500 4592 727 4663; x_wconf 79' lang='grc' dir='ltr'>ἀδελφὸς</span> <span class='ocrx_word' id='word_1_697' title='bbox 762 4591 899 4662; x_wconf 86' lang='grc' dir='ltr'><strong>μετά</strong></span> <span class='ocrx_word' id='word_1_698' title='bbox 922 4587 1157 4659; x_wconf 79' lang='grc' dir='ltr'>ἀδελφοῦ</span> <span class='ocrx_word' id='word_1_699' title='bbox 1184 4588 1453 4660; x_wconf 83' lang='grc' dir='ltr'>κρίνεται,</span> <span class='ocrx_word' id='word_1_700' title='bbox 1479 4584 1574 4641; x_wconf 72' lang='grc' dir='ltr'>καὶ</span> <span class='ocrx_word' id='word_1_701' title='bbox 1598 4581 1735 4638; x_wconf 75' lang='grc' dir='ltr'>τοῦτι</span> 
     </span>
    </p>
   </div>
   <div class='ocr_carea' id='block_1_91' title="bbox 1848 4543 3444 4663">
    <p class='ocr_par' dir='ltr' id='par_1_91' title="bbox 1885 4543 3444 4663">
     <span class='ocr_line' id='line_1_97' title="bbox 1933 4543 3444 4618; baseline -0.017 1"><span class='ocrx_word' id='word_1_702' title='bbox 1933 4563 2097 4618; x_wconf 73' lang='lat' dir='ltr'><strong>Vens.</strong></span> <span class='ocrx_word' id='word_1_703' title='bbox 2130 4560 2185 4615; x_wconf 89' lang='lat'><strong>6.</strong></span> <span class='ocrx_word' id='word_1_704' title='bbox 2214 4579 2233 4613; x_wconf 83' lang='grc' dir='ltr'><strong>ι</strong></span> <span class='ocrx_word' id='word_1_705' title='bbox 2273 4557 2379 4615; x_wconf 86' lang='lat' dir='ltr'><strong>Sed</strong></span> <span class='ocrx_word' id='word_1_706' title='bbox 2412 4556 2581 4611; x_wconf 89' lang='lat' dir='ltr'><strong>frater</strong></span> <span class='ocrx_word' id='word_1_707' title='bbox 2605 4566 2727 4608; x_wconf 90' lang='lat' dir='ltr'><strong>cum</strong></span> <span class='ocrx_word' id='word_1_708' title='bbox 2764 4547 2935 4604; x_wconf 85' lang='lat' dir='ltr'><strong>fratre</strong></span> <span class='ocrx_word' id='word_1_709' title='bbox 2960 4543 3170 4616; x_wconf 86' lang='lat' dir='ltr'><strong>iudicio</strong></span> <span class='ocrx_word' id='word_1_710' title='bbox 3215 4549 3444 4596; x_wconf 87' lang='lat' dir='ltr'><strong>conten—</strong></span> 
     </span>
     <span class='ocr_line' id='line_1_98' title="bbox 1885 4631 3444 4663; baseline -0.017 21"><span class='ocrx_word' id='word_1_711' title='bbox 1885 4658 1914 4663; x_wconf 83' lang='grc'><strong>-·</strong></span> <span class='ocrx_word' id='word_1_712' title='bbox 2080 4656 2093 4663; x_wconf 89' lang='grc'><strong>-</strong></span> <span class='ocrx_word' id='word_1_713' title='bbox 2331 4653 2343 4663; x_wconf 94' lang='grc'><strong>·</strong></span> <span class='ocrx_word' id='word_1_714' title='bbox 2374 4650 2385 4662; x_wconf 87' lang='grc'><strong>·</strong></span> <span class='ocrx_word' id='word_1_715' title='bbox 2438 4648 2464 4663; x_wconf 72' lang='grc' dir='ltr'>η</span> <span class='ocrx_word' id='word_1_716' title='bbox 2494 4650 2504 4663; x_wconf 93' lang='lat'><strong><em>-</em></strong></span> <span class='ocrx_word' id='word_1_717' title='bbox 2540 4646 2659 4663; x_wconf 56' lang='lat' dir='ltr'><strong>rm</strong></span> <span class='ocrx_word' id='word_1_718' title='bbox 2696 4661 2705 4663; x_wconf 83' lang='lat'><strong>-</strong></span> <span class='ocrx_word' id='word_1_719' title='bbox 2752 4640 2886 4663; x_wconf 53' lang='grc' dir='ltr'>ειη-ι</span> <span class='ocrx_word' id='word_1_720' title='bbox 2908 4656 2955 4663; x_wconf 82' lang='grc'><strong>...</strong></span> <span class='ocrx_word' id='word_1_721' title='bbox 2983 4636 3180 4663; x_wconf 65' lang='lat' dir='ltr'><strong>.-...t.....</strong></span> <span class='ocrx_word' id='word_1_722' title='bbox 3226 4641 3274 4663; x_wconf 63' lang='grc' dir='ltr'>η.</span> <span class='ocrx_word' id='word_1_723' title='bbox 3305 4631 3444 4663; x_wconf 59' lang='grc' dir='ltr'><strong>-..Νι</strong></span> 
     </span>
    </p>
   </div>
   <div class='ocr_carea' id='block_1_92' title="bbox 188 4676 1761 4754">
    <p class='ocr_par' dir='ltr' id='par_1_92' title="bbox 188 4676 1761 4754">
     <span class='ocr_line' id='line_1_99' title="bbox 188 4676 1761 4754; baseline -0.009 -12"><span class='ocrx_word' id='word_1_724' title='bbox 188 4690 275 4743; x_wconf 72' lang='grc' dir='ltr'><strong>ἐπὶ</strong></span> <span class='ocrx_word' id='word_1_725' title='bbox 300 4690 581 4754; x_wconf 73' lang='grc' dir='ltr'>ἀπίστωνς</span> <span class='ocrx_word' id='word_1_726' title='bbox 615 4706 633 4738; x_wconf 79' lang='grc' dir='ltr'><strong>ι</strong></span> <span class='ocrx_word' id='word_1_727' title='bbox 675 4684 911 4739; x_wconf 81' lang='grc' dir='ltr'>Διπλοῦν</span> <span class='ocrx_word' id='word_1_728' title='bbox 934 4684 996 4737; x_wconf 81' lang='grc' dir='ltr'>τὸ</span> <span class='ocrx_word' id='word_1_729' title='bbox 1020 4681 1213 4747; x_wconf 84' lang='grc' dir='ltr'>κακὸν,</span> <span class='ocrx_word' id='word_1_730' title='bbox 1248 4682 1332 4736; x_wconf 79' lang='grc' dir='ltr'>ὅτι</span> <span class='ocrx_word' id='word_1_731' title='bbox 1350 4697 1411 4734; x_wconf 91' lang='grc' dir='ltr'><strong>τε</strong></span> <span class='ocrx_word' id='word_1_732' title='bbox 1440 4679 1577 4751; x_wconf 82' lang='grc' dir='ltr'>πρὸς</span> <span class='ocrx_word' id='word_1_733' title='bbox 1605 4676 1761 4732; x_wconf 79' lang='grc' dir='ltr'>ἀδελ-</span> 
     </span>
    </p>
   </div>
   <div class='ocr_carea' id='block_1_93' title="bbox 190 4773 1247 4850">
    <p class='ocr_par' dir='ltr' id='par_1_93' title="bbox 190 4773 1247 4850">
     <span class='ocr_line' id='line_1_100' title="bbox 190 4773 1247 4850; baseline -0.007 -17"><span class='ocrx_word' id='word_1_734' title='bbox 190 4779 279 4847; x_wconf 71' lang='grc' dir='ltr'><strong>ςδν</strong></span> <span class='ocrx_word' id='word_1_735' title='bbox 309 4782 341 4850; x_wconf 78' lang='grc' dir='ltr'><strong>ἡ</strong></span> <span class='ocrx_word' id='word_1_736' title='bbox 370 4778 576 4850; x_wconf 88' lang='grc' dir='ltr'>κρίσις,</span> <span class='ocrx_word' id='word_1_737' title='bbox 611 4776 708 4832; x_wconf 74' lang='grc' dir='ltr'>καὶ</span> <span class='ocrx_word' id='word_1_738' title='bbox 734 4777 818 4830; x_wconf 83' lang='grc' dir='ltr'>ὅτι</span> <span class='ocrx_word' id='word_1_739' title='bbox 854 4777 947 4829; x_wconf 76' lang='grc' dir='ltr'><strong>ἐπὶ</strong></span> <span class='ocrx_word' id='word_1_740' title='bbox 973 4773 1247 4829; x_wconf 79' lang='grc' dir='ltr'>ἀπίστων.</span> 
     </span>
    </p>
   </div>
   <div class='ocr_carea' id='block_1_94' title="bbox 260 4862 1766 4942">
    <p class='ocr_par' dir='ltr' id='par_1_94' title="bbox 260 4862 1766 4942">
     <span class='ocr_line' id='line_1_101' title="bbox 260 4862 1766 4942; baseline -0.005 -19"><span class='ocrx_word' id='word_1_741' title='bbox 260 4889 278 4923; x_wconf 87' lang='grc' dir='ltr'><strong>ι</strong></span> <span class='ocrx_word' id='word_1_742' title='bbox 317 4872 455 4942; x_wconf 79' lang='grc' dir='ltr'><strong>Ἤδη</strong></span> <span class='ocrx_word' id='word_1_743' title='bbox 486 4871 614 4941; x_wconf 82' lang='grc' dir='ltr'><strong>’μὲν</strong></span> <span class='ocrx_word' id='word_1_744' title='bbox 657 4863 751 4924; x_wconf 80' lang='grc' dir='ltr'>οὖν</span> <span class='ocrx_word' id='word_1_745' title='bbox 776 4868 910 4933; x_wconf 79' lang='grc' dir='ltr'>ὅλως</span> <span class='ocrx_word' id='word_1_746' title='bbox 960 4868 1183 4938; x_wconf 79' lang='grc' dir='ltr'>ἥττημα</span> <span class='ocrx_word' id='word_1_747' title='bbox 1218 4867 1276 4919; x_wconf 81' lang='grc' dir='ltr'>ὲν</span> <span class='ocrx_word' id='word_1_748' title='bbox 1308 4865 1437 4937; x_wconf 81' lang='grc' dir='ltr'>ὑμῖν</span> <span class='ocrx_word' id='word_1_749' title='bbox 1472 4864 1646 4929; x_wconf 79' lang='grc' dir='ltr'>ἐστιν,</span> <span class='ocrx_word' id='word_1_750' title='bbox 1682 4862 1766 4916; x_wconf 79' lang='grc' dir='ltr'>ὅτι</span> 
     </span>
    </p>
   </div>
   <div class='ocr_carea' id='block_1_95' title="bbox 189 4948 1939 5035">
    <p class='ocr_par' dir='ltr' id='par_1_95' title="bbox 189 4948 1939 5035">
     <span class='ocr_line' id='line_1_102' title="bbox 189 4948 1939 5035; baseline -0.019 1"><span class='ocrx_word' id='word_1_751' title='bbox 189 4963 423 5035; x_wconf 67' lang='grc' dir='ltr'><strong>κρίματα·</strong></span> <span class='ocrx_word' id='word_1_752' title='bbox 476 4963 628 5035; x_wconf 71' lang='grc' dir='ltr'>ἔχετε</span> <span class='ocrx_word' id='word_1_753' title='bbox 675 4961 796 5035; x_wconf 78' lang='grc' dir='ltr'>μεθ’</span> <span class='ocrx_word' id='word_1_754' title='bbox 848 4961 1080 5017; x_wconf 80' lang='grc' dir='ltr'>ἑαυτῶν.</span> <span class='ocrx_word' id='word_1_755' title='bbox 1122 4978 1141 5013; x_wconf 71' lang='grc' dir='ltr'><strong>ι</strong></span> <span class='ocrx_word' id='word_1_756' title='bbox 1185 4959 1458 5031; x_wconf 83' lang='grc' dir='ltr'>Πρότερον</span> <span class='ocrx_word' id='word_1_757' title='bbox 1482 4955 1661 5010; x_wconf 82' lang='grc' dir='ltr'>ἀνεῖλε</span> <span class='ocrx_word' id='word_1_758' title='bbox 1708 4955 1769 5008; x_wconf 76' lang='grc' dir='ltr'>τὸ</span> <span class='ocrx_word' id='word_1_759' title='bbox 1876 4948 1939 5035; x_wconf 58' lang='grc' dir='ltr'><strong>’ξο</strong></span> 
     </span>
    </p>
   </div>
   <div class='ocr_carea' id='block_1_96' title="bbox 196 5049 1764 5127">
    <p class='ocr_par' dir='ltr' id='par_1_96' title="bbox 196 5049 1764 5127">
     <span class='ocr_line' id='line_1_103' title="bbox 196 5049 1764 5127; baseline -0.004 -19"><span class='ocrx_word' id='word_1_760' title='bbox 196 5058 474 5125; x_wconf 84' lang='grc' dir='ltr'>κρίνεσθαι</span> <span class='ocrx_word' id='word_1_761' title='bbox 506 5056 658 5127; x_wconf 84' lang='grc' dir='ltr'><strong>παρά</strong></span> <span class='ocrx_word' id='word_1_762' title='bbox 682 5057 798 5118; x_wconf 79' lang='grc' dir='ltr'>τοῖς</span> <span class='ocrx_word' id='word_1_763' title='bbox 831 5054 1079 5113; x_wconf 86' lang='grc' dir='ltr'>ἀπίστοις</span> <span class='ocrx_word' id='word_1_764' title='bbox 1101 5068 1115 5083; x_wconf 78' lang='grc'><strong><em>⁸</em></strong></span> <span class='ocrx_word' id='word_1_765' title='bbox 1158 5052 1276 5107; x_wconf 77' lang='grc' dir='ltr'>νυνὶ</span> <span class='ocrx_word' id='word_1_766' title='bbox 1301 5052 1360 5105; x_wconf 82' lang='grc' dir='ltr'>δὲ</span> <span class='ocrx_word' id='word_1_767' title='bbox 1395 5052 1491 5104; x_wconf 77' lang='grc' dir='ltr'>καὶ</span> <span class='ocrx_word' id='word_1_768' title='bbox 1530 5049 1660 5103; x_wconf 78' lang='grc' dir='ltr'>αὐτὸ</span> <span class='ocrx_word' id='word_1_769' title='bbox 1704 5049 1764 5102; x_wconf 86' lang='grc' dir='ltr'>τὸ</span> 
     </span>
    </p>
   </div>
   <div class='ocr_carea' id='block_1_97' title="bbox 194 5144 1757 5222">
    <p class='ocr_par' dir='ltr' id='par_1_97' title="bbox 194 5144 1757 5222">
     <span class='ocr_line' id='line_1_104' title="bbox 194 5144 1757 5222; baseline -0.004 -22"><span class='ocrx_word' id='word_1_770' title='bbox 194 5149 322 5211; x_wconf 73' lang='grc' dir='ltr'>ὅλως</span> <span class='ocrx_word' id='word_1_771' title='bbox 335 5151 617 5222; x_wconf 87' lang='grc' dir='ltr'>κρίνεσθαι</span> <span class='ocrx_word' id='word_1_772' title='bbox 632 5150 866 5219; x_wconf 81' lang='grc' dir='ltr'>ἀναιρεῖ,</span> <span class='ocrx_word' id='word_1_773' title='bbox 882 5147 1081 5215; x_wconf 82' lang='grc' dir='ltr'>λέγων,</span> <span class='ocrx_word' id='word_1_774' title='bbox 1098 5146 1179 5199; x_wconf 81' lang='grc' dir='ltr'>ὅτι</span> <span class='ocrx_word' id='word_1_775' title='bbox 1209 5164 1228 5199; x_wconf 82' lang='grc' dir='ltr'><strong>ι</strong></span> <span class='ocrx_word' id='word_1_776' title='bbox 1253 5145 1431 5207; x_wconf 78' lang='grc' dir='ltr'>Ὄλως</span> <span class='ocrx_word' id='word_1_777' title='bbox 1452 5144 1673 5215; x_wconf 76' lang='grc' dir='ltr'>ἥττημα</span> <span class='ocrx_word' id='word_1_778' title='bbox 1696 5159 1710 5173; x_wconf 90' lang='grc'>·</span> <span class='ocrx_word' id='word_1_779' title='bbox 1739 5161 1757 5193; x_wconf 77' lang='lat' dir='ltr'><strong>t</strong></span> 
     </span>
    </p>
   </div>
   <div class='ocr_carea' id='block_1_98' title="bbox 195 5235 1767 5312">
    <p class='ocr_par' dir='ltr' id='par_1_98' title="bbox 195 5235 1767 5312">
     <span class='ocr_line' id='line_1_105' title="bbox 195 5235 1767 5312; baseline 0.008 -20"><span class='ocrx_word' id='word_1_780' title='bbox 195 5242 449 5310; x_wconf 78' lang='grc' dir='ltr'>τουτέστι,</span> <span class='ocrx_word' id='word_1_781' title='bbox 494 5243 864 5312; x_wconf 80' lang='grc' dir='ltr'>Κατὰκρισις,</span> <span class='ocrx_word' id='word_1_782' title='bbox 891 5239 1123 5309; x_wconf 76' lang='grc' dir='ltr'>αἰσχύνη</span> <span class='ocrx_word' id='word_1_783' title='bbox 1151 5239 1235 5291; x_wconf 79' lang='grc' dir='ltr'>ὅτι</span> <span class='ocrx_word' id='word_1_784' title='bbox 1281 5238 1419 5301; x_wconf 81' lang='grc' dir='ltr'>ὅλως</span> <span class='ocrx_word' id='word_1_785' title='bbox 1449 5237 1601 5308; x_wconf 71' lang='grc' dir='ltr'>ἔχετε</span> <span class='ocrx_word' id='word_1_786' title='bbox 1641 5235 1767 5304; x_wconf 75' lang='grc' dir='ltr'>κρί·</span> 
     </span>
    </p>
   </div>
   <div class='ocr_carea' id='block_1_99' title="bbox 206 5327 1767 5403">
    <p class='ocr_par' dir='ltr' id='par_1_99' title="bbox 206 5327 1767 5403">
     <span class='ocr_line' id='line_1_106' title="bbox 206 5327 1767 5403; baseline -0.004 -16"><span class='ocrx_word' id='word_1_787' title='bbox 206 5352 356 5401; x_wconf 84' lang='grc' dir='ltr'>ματα,</span> <span class='ocrx_word' id='word_1_788' title='bbox 379 5335 651 5401; x_wconf 80' lang='grc' dir='ltr'>τουτέστι,</span> <span class='ocrx_word' id='word_1_789' title='bbox 682 5334 840 5395; x_wconf 83' lang='grc' dir='ltr'>δίκας</span> <span class='ocrx_word' id='word_1_790' title='bbox 870 5330 988 5403; x_wconf 80' lang='grc' dir='ltr'>μετ’</span> <span class='ocrx_word' id='word_1_791' title='bbox 1017 5331 1264 5402; x_wconf 75' lang='grc' dir='ltr'>ἀλλήλων</span> <span class='ocrx_word' id='word_1_792' title='bbox 1284 5345 1298 5360; x_wconf 87' lang='grc'><strong>·</strong></span> <span class='ocrx_word' id='word_1_793' title='bbox 1328 5328 1487 5384; x_wconf 82' lang='grc' dir='ltr'>τοῦτο</span> <span class='ocrx_word' id='word_1_794' title='bbox 1514 5327 1622 5397; x_wconf 84' lang='grc' dir='ltr'>γάρ</span> <span class='ocrx_word' id='word_1_795' title='bbox 1649 5329 1767 5381; x_wconf 76' lang='grc' dir='ltr'>ἐστι</span> 
     </span>
    </p>
   </div>
   <div class='ocr_carea' id='block_1_100' title="bbox 202 5415 1766 5497">
    <p class='ocr_par' dir='ltr' id='par_1_100' title="bbox 202 5415 1766 5497">
     <span class='ocr_line' id='line_1_107' title="bbox 202 5415 1766 5497; baseline -0.005 -18"><span class='ocrx_word' id='word_1_796' title='bbox 202 5427 280 5491; x_wconf 72' lang='grc' dir='ltr'>τὸ,</span> <span class='ocrx_word' id='word_1_797' title='bbox 314 5446 332 5479; x_wconf 81' lang='grc' dir='ltr'><strong>ι</strong></span> <span class='ocrx_word' id='word_1_798' title='bbox 375 5429 509 5484; x_wconf 86' lang='grc' dir='ltr'>Μεθ’</span> <span class='ocrx_word' id='word_1_799' title='bbox 539 5428 769 5482; x_wconf 69' lang='grc' dir='ltr'>ἑαυτῶν.</span> <span class='ocrx_word' id='word_1_800' title='bbox 817 5445 836 5480; x_wconf 71' lang='grc' dir='ltr'><strong>ι</strong></span> <span class='ocrx_word' id='word_1_801' title='bbox 881 5424 1264 5497; x_wconf 83' lang='grc' dir='ltr'>Ἐμφαντικῶς</span> <span class='ocrx_word' id='word_1_802' title='bbox 1299 5422 1356 5478; x_wconf 74' lang='grc' dir='ltr'>δὲ</span> <span class='ocrx_word' id='word_1_803' title='bbox 1387 5422 1546 5476; x_wconf 82' lang='grc' dir='ltr'>τοῦτο</span> <span class='ocrx_word' id='word_1_804' title='bbox 1573 5415 1727 5474; x_wconf 83' lang='grc' dir='ltr'>εἶπεν</span> <span class='ocrx_word' id='word_1_805' title='bbox 1749 5433 1766 5451; x_wconf 75' lang='grc'><strong><em>⁸</em></strong></span> 
     </span>
    </p>
   </div>
   <div class='ocr_carea' id='block_1_101' title="bbox 205 5512 1765 5592">
    <p class='ocr_par' dir='ltr' id='par_1_101' title="bbox 205 5512 1765 5592">
     <span class='ocr_line' id='line_1_108' title="bbox 205 5512 1765 5592; baseline -0.004 -21"><span class='ocrx_word' id='word_1_806' title='bbox 205 5520 419 5584; x_wconf 73' lang='grc' dir='ltr'>ἑαυτοὺς</span> <span class='ocrx_word' id='word_1_807' title='bbox 470 5522 579 5592; x_wconf 81' lang='grc' dir='ltr'>γὰρ</span> <span class='ocrx_word' id='word_1_808' title='bbox 632 5520 924 5592; x_wconf 71' lang='grc' dir='ltr'>ὀφείλομεν</span> <span class='ocrx_word' id='word_1_809' title='bbox 987 5518 1301 5588; x_wconf 79' lang='grc' dir='ltr'>λογίζεσθαι</span> <span class='ocrx_word' id='word_1_810' title='bbox 1349 5515 1397 5570; x_wconf 82' lang='lat' dir='ltr'><strong>oi</strong></span> <span class='ocrx_word' id='word_1_811' title='bbox 1444 5512 1765 5587; x_wconf 78' lang='grc' dir='ltr'>Χριστιανοὶ</span> 
     </span>
    </p>
   </div>
   <div class='ocr_carea' id='block_1_102' title="bbox 206 5610 783 5686">
    <p class='ocr_par' dir='ltr' id='par_1_102' title="bbox 206 5610 783 5686">
     <span class='ocr_line' id='line_1_109' title="bbox 206 5610 783 5686; baseline 0.002 -23"><span class='ocrx_word' id='word_1_812' title='bbox 206 5610 327 5676; x_wconf 73' lang='grc' dir='ltr'>τοὺς</span> <span class='ocrx_word' id='word_1_813' title='bbox 345 5610 462 5686; x_wconf 78' lang='grc' dir='ltr'><strong>[ὡς]</strong></span> <span class='ocrx_word' id='word_1_814' title='bbox 499 5611 783 5682; x_wconf 70' lang='grc' dir='ltr'>ἀδελφούς.</span> 
     </span>
    </p>
   </div>
   <div class='ocr_carea' id='block_1_103' title="bbox 1865 4631 3447 4722">
    <p class='ocr_par' dir='ltr' id='par_1_103' title="bbox 1865 4631 3447 4722">
     <span class='ocr_line' id='line_1_110' title="bbox 1865 4631 3447 4722; baseline -0.017 -8"><span class='ocrx_word' id='word_1_815' title='bbox 1865 4658 1963 4722; x_wconf 87' lang='lat' dir='ltr'><strong>dit,</strong></span> <span class='ocrx_word' id='word_1_816' title='bbox 1995 4664 2050 4710; x_wconf 88' lang='lat' dir='ltr'><strong>et</strong></span> <span class='ocrx_word' id='word_1_817' title='bbox 2080 4656 2180 4711; x_wconf 88' lang='lat' dir='ltr'><strong>hoc</strong></span> <span class='ocrx_word' id='word_1_818' title='bbox 2206 4653 2345 4722; x_wconf 89' lang='lat' dir='ltr'><strong>apud</strong></span> <span class='ocrx_word' id='word_1_819' title='bbox 2373 4646 2659 4704; x_wconf 86' lang='lat' dir='ltr'><strong>infideles?</strong></span> <span class='ocrx_word' id='word_1_820' title='bbox 2693 4661 2713 4696; x_wconf 77' lang='grc' dir='ltr'><strong>ι</strong></span> <span class='ocrx_word' id='word_1_821' title='bbox 2752 4640 2960 4710; x_wconf 76' lang='lat' dir='ltr'><strong>Duplex</strong></span> <span class='ocrx_word' id='word_1_822' title='bbox 2983 4636 3279 4697; x_wconf 84' lang='lat' dir='ltr'><strong>malum,et</strong></span> <span class='ocrx_word' id='word_1_823' title='bbox 3303 4631 3447 4704; x_wconf 89' lang='lat' dir='ltr'><strong>quod</strong></span> 
     </span>
    </p>
   </div>
   <div class='ocr_carea' id='block_1_104' title="bbox 1865 4726 3384 4820">
    <p class='ocr_par' dir='ltr' id='par_1_104' title="bbox 1865 4726 3384 4820">
     <span class='ocr_line' id='line_1_111' title="bbox 1865 4726 3384 4820; baseline -0.016 -15"><span class='ocrx_word' id='word_1_824' title='bbox 1865 4763 1993 4820; x_wconf 76' lang='lat' dir='ltr'><strong>erga</strong></span> <span class='ocrx_word' id='word_1_825' title='bbox 2028 4727 2249 4801; x_wconf 83' lang='lat' dir='ltr'><strong>fratrem</strong></span> <span class='ocrx_word' id='word_1_826' title='bbox 2286 4742 2357 4798; x_wconf 89' lang='lat' dir='ltr'><strong>sit</strong></span> <span class='ocrx_word' id='word_1_827' title='bbox 2379 4738 2668 4812; x_wconf 89' lang='lat' dir='ltr'><strong>judicium,</strong></span> <span class='ocrx_word' id='word_1_828' title='bbox 2692 4745 2747 4790; x_wconf 91' lang='lat' dir='ltr'><strong>et</strong></span> <span class='ocrx_word' id='word_1_829' title='bbox 2771 4735 2915 4804; x_wconf 90' lang='lat' dir='ltr'><strong>quod</strong></span> <span class='ocrx_word' id='word_1_830' title='bbox 2942 4730 3083 4802; x_wconf 85' lang='lat' dir='ltr'><strong>apud</strong></span> <span class='ocrx_word' id='word_1_831' title='bbox 3116 4726 3384 4783; x_wconf 86' lang='lat' dir='ltr'><strong>infideles.</strong></span> 
     </span>
    </p>
   </div>
   <div class='ocr_carea' id='block_1_105' title="bbox 1947 4816 3448 4901">
    <p class='ocr_par' dir='ltr' id='par_1_105' title="bbox 1947 4816 3448 4901">
     <span class='ocr_line' id='line_1_112' title="bbox 1947 4816 3448 4901; baseline -0.015 -8"><span class='ocrx_word' id='word_1_832' title='bbox 1947 4816 2113 4895; x_wconf 69' lang='lat' dir='ltr'><strong>Vatis.</strong></span> <span class='ocrx_word' id='word_1_833' title='bbox 2145 4837 2195 4890; x_wconf 84' lang='lat'><strong>7.</strong></span> <span class='ocrx_word' id='word_1_834' title='bbox 2235 4852 2254 4887; x_wconf 85' lang='lat' dir='ltr'><strong>t</strong></span> <span class='ocrx_word' id='word_1_835' title='bbox 2306 4832 2426 4889; x_wconf 80' lang='lat' dir='ltr'><strong>Jam</strong></span> <span class='ocrx_word' id='word_1_836' title='bbox 2463 4830 2681 4901; x_wconf 89' lang='lat' dir='ltr'><strong>quidem</strong></span> <span class='ocrx_word' id='word_1_837' title='bbox 2729 4824 2952 4882; x_wconf 89' lang='lat' dir='ltr'><strong>omnino</strong></span> <span class='ocrx_word' id='word_1_838' title='bbox 2984 4821 3238 4878; x_wconf 89' lang='lat' dir='ltr'><strong>delictum</strong></span> <span class='ocrx_word' id='word_1_839' title='bbox 3287 4827 3369 4872; x_wconf 91' lang='lat' dir='ltr'><strong>est</strong></span> <span class='ocrx_word' id='word_1_840' title='bbox 3394 4816 3448 4870; x_wconf 88' lang='lat' dir='ltr'><strong>in</strong></span> 
     </span>
    </p>
   </div>
   <div class='ocr_carea' id='block_1_106' title="bbox 1945 4909 3444 4998">
    <p class='ocr_par' dir='ltr' id='par_1_106' title="bbox 1945 4909 3444 4998">
     <span class='ocr_line' id='line_1_113' title="bbox 1945 4909 3444 4998; baseline -0.019 -12"><span class='ocrx_word' id='word_1_841' title='bbox 1945 4931 2049 4995; x_wconf 89' lang='lat' dir='ltr'><strong>bis,</strong></span> <span class='ocrx_word' id='word_1_842' title='bbox 2079 4927 2336 4998; x_wconf 89' lang='lat' dir='ltr'><strong>quoniam</strong></span> <span class='ocrx_word' id='word_1_843' title='bbox 2364 4922 2570 4995; x_wconf 86' lang='lat' dir='ltr'><strong>iudicia</strong></span> <span class='ocrx_word' id='word_1_844' title='bbox 2601 4918 2819 4975; x_wconf 86' lang='lat' dir='ltr'><strong>habetis</strong></span> <span class='ocrx_word' id='word_1_845' title='bbox 2845 4916 2986 4970; x_wconf 87' lang='lat' dir='ltr'><strong>inter</strong></span> <span class='ocrx_word' id='word_1_846' title='bbox 3006 4909 3384 4979; x_wconf 81' lang='lat' dir='ltr'><strong>vosmetipsos.</strong></span> <span class='ocrx_word' id='word_1_847' title='bbox 3426 4924 3444 4957; x_wconf 79' lang='grc' dir='ltr'><strong>ι</strong></span> 
     </span>
    </p>
   </div>
   <div class='ocr_carea' id='block_1_107' title="bbox 1872 4999 3450 5087">
    <p class='ocr_par' dir='ltr' id='par_1_107' title="bbox 1872 4999 3450 5087">
     <span class='ocr_line' id='line_1_114' title="bbox 1872 4999 3450 5087; baseline -0.018 -5"><span class='ocrx_word' id='word_1_848' title='bbox 1872 5028 2044 5082; x_wconf 78' lang='lat' dir='ltr'><strong>Antea</strong></span> <span class='ocrx_word' id='word_1_849' title='bbox 2076 5022 2181 5077; x_wconf 88' lang='lat' dir='ltr'><strong>hoc</strong></span> <span class='ocrx_word' id='word_1_850' title='bbox 2223 5018 2466 5081; x_wconf 90' lang='lat' dir='ltr'><strong>sustulit,</strong></span> <span class='ocrx_word' id='word_1_851' title='bbox 2499 5015 2646 5087; x_wconf 86' lang='lat' dir='ltr'><strong>quod</strong></span> <span class='ocrx_word' id='word_1_852' title='bbox 2678 5010 3060 5081; x_wconf 87' lang='lat' dir='ltr'><strong>iudicarentur</strong></span> <span class='ocrx_word' id='word_1_853' title='bbox 3082 5003 3221 5073; x_wconf 87' lang='lat' dir='ltr'><strong>apud</strong></span> <span class='ocrx_word' id='word_1_854' title='bbox 3254 4999 3450 5057; x_wconf 85' lang='lat' dir='ltr'><strong>inlide-</strong></span> 
     </span>
    </p>
   </div>
   <div class='ocr_carea' id='block_1_108' title="bbox 1874 5092 3452 5178">
    <p class='ocr_par' dir='ltr' id='par_1_108' title="bbox 1874 5092 3452 5178">
     <span class='ocr_line' id='line_1_115' title="bbox 1874 5092 3452 5178; baseline -0.019 -4"><span class='ocrx_word' id='word_1_855' title='bbox 1874 5119 1955 5174; x_wconf 82' lang='lat' dir='ltr'><strong>les</strong></span> <span class='ocrx_word' id='word_1_856' title='bbox 1988 5136 2000 5171; x_wconf 89' lang='lat'>:</span> <span class='ocrx_word' id='word_1_857' title='bbox 2030 5128 2170 5170; x_wconf 89' lang='lat' dir='ltr'><strong>nunc</strong></span> <span class='ocrx_word' id='word_1_858' title='bbox 2198 5121 2381 5168; x_wconf 89' lang='lat' dir='ltr'><strong>autem</strong></span> <span class='ocrx_word' id='word_1_859' title='bbox 2415 5110 2589 5178; x_wconf 84' lang='lat' dir='ltr'><strong>ipsam</strong></span> <span class='ocrx_word' id='word_1_860' title='bbox 2623 5103 2845 5161; x_wconf 86' lang='lat' dir='ltr'><strong>oninino</strong></span> <span class='ocrx_word' id='word_1_861' title='bbox 2873 5097 3322 5169; x_wconf 85' lang='lat' dir='ltr'><strong>disceptationem</strong></span> <span class='ocrx_word' id='word_1_862' title='bbox 3349 5092 3452 5146; x_wconf 82' lang='lat' dir='ltr'><strong>tul-</strong></span> 
     </span>
    </p>
   </div>
   <div class='ocr_carea' id='block_1_109' title="bbox 1875 5182 3451 5274">
    <p class='ocr_par' dir='ltr' id='par_1_109' title="bbox 1875 5182 3451 5274">
     <span class='ocr_line' id='line_1_116' title="bbox 1875 5182 3451 5274; baseline -0.017 -13"><span class='ocrx_word' id='word_1_863' title='bbox 1875 5208 1963 5271; x_wconf 89' lang='lat' dir='ltr'><strong>lit,</strong></span> <span class='ocrx_word' id='word_1_864' title='bbox 2012 5202 2314 5274; x_wconf 83' lang='lat' dir='ltr'><strong>inquiens:</strong></span> <span class='ocrx_word' id='word_1_865' title='bbox 2368 5216 2387 5250; x_wconf 84' lang='grc' dir='ltr'><strong>ι</strong></span> <span class='ocrx_word' id='word_1_866' title='bbox 2446 5194 2682 5252; x_wconf 89' lang='lat' dir='ltr'><strong>Omnino</strong></span> <span class='ocrx_word' id='word_1_867' title='bbox 2732 5200 2817 5246; x_wconf 85' lang='lat' dir='ltr'><strong>est</strong></span> <span class='ocrx_word' id='word_1_868' title='bbox 2872 5188 3144 5250; x_wconf 85' lang='lat' dir='ltr'><strong>delictum,</strong></span> <span class='ocrx_word' id='word_1_869' title='bbox 3187 5200 3207 5236; x_wconf 78' lang='grc' dir='ltr'><strong>ι</strong></span> <span class='ocrx_word' id='word_1_870' title='bbox 3246 5182 3301 5237; x_wconf 93' lang='lat' dir='ltr'><strong>id</strong></span> <span class='ocrx_word' id='word_1_871' title='bbox 3345 5188 3451 5246; x_wconf 83' lang='lat' dir='ltr'><strong>est,</strong></span> 
     </span>
    </p>
   </div>
   <div class='ocr_carea' id='block_1_110' title="bbox 1877 5273 3454 5362">
    <p class='ocr_par' dir='ltr' id='par_1_110' title="bbox 1877 5273 3454 5362">
     <span class='ocr_line' id='line_1_117' title="bbox 1877 5273 3454 5362; baseline -0.02 -5"><span class='ocrx_word' id='word_1_872' title='bbox 1877 5273 2261 5358; x_wconf 85' lang='lat' dir='ltr'><strong>condemnatio</strong></span> <span class='ocrx_word' id='word_1_873' title='bbox 2310 5302 2365 5348; x_wconf 90' lang='lat' dir='ltr'><strong>et</strong></span> <span class='ocrx_word' id='word_1_874' title='bbox 2423 5291 2619 5362; x_wconf 91' lang='lat' dir='ltr'><strong>pudor,</strong></span> <span class='ocrx_word' id='word_1_875' title='bbox 2679 5284 2932 5355; x_wconf 86' lang='lat' dir='ltr'><strong>quoniam</strong></span> <span class='ocrx_word' id='word_1_876' title='bbox 2986 5278 3207 5334; x_wconf 88' lang='lat' dir='ltr'><strong>omnino</strong></span> <span class='ocrx_word' id='word_1_877' title='bbox 3244 5273 3454 5331; x_wconf 81' lang='lat' dir='ltr'><strong>habetis</strong></span> 
     </span>
    </p>
   </div>
   <div class='ocr_carea' id='block_1_111' title="bbox 1875 5367 3457 5466">
    <p class='ocr_par' dir='ltr' id='par_1_111' title="bbox 1875 5367 3457 5466">
     <span class='ocr_line' id='line_1_118' title="bbox 1875 5367 3457 5466; baseline -0.019 -18"><span class='ocrx_word' id='word_1_878' title='bbox 1875 5393 2099 5466; x_wconf 90' lang='lat' dir='ltr'><strong>iudicia,</strong></span> <span class='ocrx_word' id='word_1_879' title='bbox 2126 5392 2226 5445; x_wconf 87' lang='lat' dir='ltr'><strong>hoc</strong></span> <span class='ocrx_word' id='word_1_880' title='bbox 2256 5396 2358 5452; x_wconf 90' lang='lat' dir='ltr'><strong>est,</strong></span> <span class='ocrx_word' id='word_1_881' title='bbox 2395 5398 2590 5440; x_wconf 89' lang='lat' dir='ltr'><strong>causas</strong></span> <span class='ocrx_word' id='word_1_882' title='bbox 2638 5375 2958 5452; x_wconf 76' lang='lat' dir='ltr'><strong>iudiciariae</strong></span> <span class='ocrx_word' id='word_1_883' title='bbox 3007 5372 3152 5426; x_wconf 89' lang='lat' dir='ltr'><strong>inter</strong></span> <span class='ocrx_word' id='word_1_884' title='bbox 3186 5383 3282 5427; x_wconf 74' lang='lat' dir='ltr'><strong>.vos</strong></span> <span class='ocrx_word' id='word_1_885' title='bbox 3315 5367 3457 5422; x_wconf 85' lang='lat' dir='ltr'><strong>invi-</strong></span> 
     </span>
    </p>
   </div>
   <div class='ocr_carea' id='block_1_112' title="bbox 1882 5462 3450 5550">
    <p class='ocr_par' dir='ltr' id='par_1_112' title="bbox 1882 5462 3450 5550">
     <span class='ocr_line' id='line_1_119' title="bbox 1882 5462 3450 5550; baseline -0.019 -8"><span class='ocrx_word' id='word_1_886' title='bbox 1882 5502 2020 5550; x_wconf 87' lang='lat' dir='ltr'><strong>cem,</strong></span> <span class='ocrx_word' id='word_1_887' title='bbox 2052 5484 2155 5539; x_wconf 87' lang='lat' dir='ltr'><strong>hoc</strong></span> <span class='ocrx_word' id='word_1_888' title='bbox 2176 5481 2320 5537; x_wconf 90' lang='lat' dir='ltr'><strong>enim</strong></span> <span class='ocrx_word' id='word_1_889' title='bbox 2347 5486 2432 5532; x_wconf 89' lang='lat' dir='ltr'><strong>est</strong></span> <span class='ocrx_word' id='word_1_890' title='bbox 2471 5473 2615 5546; x_wconf 88' lang='lat' dir='ltr'><strong>quod</strong></span> <span class='ocrx_word' id='word_1_891' title='bbox 2648 5472 2745 5537; x_wconf 89' lang='lat' dir='ltr'><strong>ait,</strong></span> <span class='ocrx_word' id='word_1_892' title='bbox 2787 5488 2805 5521; x_wconf 78' lang='grc' dir='ltr'><strong>ι</strong></span> <span class='ocrx_word' id='word_1_893' title='bbox 2839 5467 2986 5522; x_wconf 92' lang='lat' dir='ltr'><strong>lnter</strong></span> <span class='ocrx_word' id='word_1_894' title='bbox 3021 5462 3397 5533; x_wconf 73' lang='lat' dir='ltr'><strong>vosmetipsos.</strong></span> <span class='ocrx_word' id='word_1_895' title='bbox 3432 5478 3450 5512; x_wconf 78' lang='grc' dir='ltr'><strong>ι</strong></span> 
     </span>
    </p>
   </div>
   <div class='ocr_carea' id='block_1_113' title="bbox 1881 5553 3457 5651">
    <p class='ocr_par' dir='ltr' id='par_1_113' title="bbox 1881 5553 3457 5651">
     <span class='ocr_line' id='line_1_120' title="bbox 1881 5553 3457 5651; baseline -0.019 -13"><span class='ocrx_word' id='word_1_896' title='bbox 1881 5578 2204 5651; x_wconf 82' lang='lat' dir='ltr'><strong>Emphalice</strong></span> <span class='ocrx_word' id='word_1_897' title='bbox 2226 5588 2356 5630; x_wconf 75' lang='lat' dir='ltr'><strong>vero</strong></span> <span class='ocrx_word' id='word_1_898' title='bbox 2386 5572 2489 5627; x_wconf 90' lang='lat' dir='ltr'><strong>hoc</strong></span> <span class='ocrx_word' id='word_1_899' title='bbox 2509 5567 2664 5624; x_wconf 73' lang='lat' dir='ltr'><strong>dixit.</strong></span> <span class='ocrx_word' id='word_1_900' title='bbox 2697 5563 2805 5619; x_wconf 85' lang='lat' dir='ltr'><strong>Nos</strong></span> <span class='ocrx_word' id='word_1_901' title='bbox 2844 5561 2987 5615; x_wconf 86' lang='lat' dir='ltr'><strong>enim</strong></span> <span class='ocrx_word' id='word_1_902' title='bbox 3019 5556 3314 5615; x_wconf 89' lang='lat' dir='ltr'><strong>Christiani</strong></span> <span class='ocrx_word' id='word_1_903' title='bbox 3348 5553 3457 5611; x_wconf 85' lang='lat' dir='ltr'><strong>fra-</strong></span> 
     </span>
    </p>
   </div>
   <div class='ocr_carea' id='block_1_114' title="bbox 1778 5652 3277 5732">
    <p class='ocr_par' dir='ltr' id='par_1_114' title="bbox 1778 5652 3277 5732">
     <span class='ocr_line' id='line_1_121' title="bbox 1778 5652 3277 5732; baseline -0.016 -3"><span class='ocrx_word' id='word_1_904' title='bbox 1778 5660 1784 5666; x_wconf 66' lang='grc'><strong>’</strong></span> <span class='ocrx_word' id='word_1_905' title='bbox 1884 5686 1994 5727; x_wconf 89' lang='lat' dir='ltr'><strong>tres</strong></span> <span class='ocrx_word' id='word_1_906' title='bbox 2026 5679 2244 5725; x_wconf 89' lang='lat' dir='ltr'><strong>nostros</strong></span> <span class='ocrx_word' id='word_1_907' title='bbox 2268 5662 2635 5732; x_wconf 84' lang='lat' dir='ltr'><strong>nosmetipsos</strong></span> <span class='ocrx_word' id='word_1_908' title='bbox 2660 5655 2976 5715; x_wconf 75' lang='lat' dir='ltr'><strong>existimare</strong></span> <span class='ocrx_word' id='word_1_909' title='bbox 2997 5652 3277 5710; x_wconf 85' lang='lat' dir='ltr'><strong>debemus.</strong></span> 
     </span>
    </p>
   </div>
   <div class='ocr_carea' id='block_1_115' title="bbox 1526 5768 2101 5835">
    <p class='ocr_par' dir='ltr' id='par_1_115' title="bbox 1526 5768 2101 5835">
     <span class='ocr_line' id='line_1_122' title="bbox 1526 5768 2101 5835; baseline -0.019 1"><span class='ocrx_word' id='word_1_910' title='bbox 1526 5771 1727 5835; x_wconf 69' lang='lat' dir='ltr'><strong>Variae</strong></span> <span class='ocrx_word' id='word_1_911' title='bbox 1772 5768 2101 5834; x_wconf 86' lang='lat' dir='ltr'><strong>lectiones.</strong></span> 
     </span>
    </p>
   </div>
   <div class='ocr_carea' id='block_1_116' title="bbox 284 5874 1470 5949">
    <p class='ocr_par' dir='ltr' id='par_1_116' title="bbox 284 5874 1470 5949">
     <span class='ocr_line' id='line_1_123' title="bbox 284 5874 1470 5949; baseline -0.004 -17"><span class='ocrx_word' id='word_1_912' title='bbox 284 5874 325 5908; x_wconf 74' lang='lat'><strong><em>“</em></strong></span> <span class='ocrx_word' id='word_1_913' title='bbox 357 5878 558 5949; x_wconf 77' lang='grc' dir='ltr'>κρίνειν</span> <span class='ocrx_word' id='word_1_914' title='bbox 592 5892 644 5935; x_wconf 90' lang='lat'><strong>0.</strong></span> <span class='ocrx_word' id='word_1_915' title='bbox 728 5878 770 5911; x_wconf 78' lang='lat'><strong><em>“</em></strong></span> <span class='ocrx_word' id='word_1_916' title='bbox 813 5876 972 5933; x_wconf 74' lang='grc' dir='ltr'>καλεῖ</span> <span class='ocrx_word' id='word_1_917' title='bbox 1004 5889 1060 5933; x_wconf 86' lang='grc' dir='ltr'><strong>ο.</strong></span> <span class='ocrx_word' id='word_1_918' title='bbox 1140 5876 1183 5909; x_wconf 81' lang='grc'><strong>¹⁸</strong></span> <span class='ocrx_word' id='word_1_919' title='bbox 1241 5874 1362 5929; x_wconf 61' lang='grc' dir='ltr'>ἐπεὶ</span> <span class='ocrx_word' id='word_1_920' title='bbox 1417 5888 1470 5929; x_wconf 90' lang='lat'><strong>0.</strong></span> 
     </span>
    </p>
   </div>
  </div>
