3874 6644
358 409 468 474 635

1248 408 1825 473 THEOPIIYLACTI
1854 413 2266 477 BULGARI/E
2298 415 2653 478 ARCHIEF.

3526 412 3645 477 636

363 522 620 594 quoniam
674 520 739 579 de
791 518 972 586 Patre,
1004 536 1098 575 ceu
1150 536 1333 588 causa,
1374 524 1719 579 concorditer
1760 540 1987 590 omnes,

2113 530 2149 583 ti}
2196 530 2428 601 Πατρὸς,
2466 530 2541 594 ὡς
2572 528 2770 594 αἰτίου,
2801 525 3250 599 ὁμολογουμένως
3298 528 3529 587 πάντες
3559 538 3665 593 με·

366 630 561 684 magna
592 613 924 675 sentiebant,
956 612 1076 668 ideo
1099 616 1547 670 resurrectionem
1574 615 1717 670 Patri
1752 618 1942 684 refert,

364 721 573 776 nosque
609 707 675 759 ab
717 705 832 774 ipso
863 705 1178 761 excitandos
1222 708 1371 764 dicit.
1409 707 1560 763 Sicut
1613 710 1754 764 enim
1787 722 1947 779 caput

367 808 630 862 nostrum,
683 812 876 867 nempe
936 796 1214 852 Christum
1267 801 1570 865 excitavit;
1612 802 1683 856 ita
1727 811 1781 857 et
1820 804 1952 859 reli-

369 906 532 959 quum
583 905 801 959 corpus,
838 905 934 945 nos
980 890 1257 956 nimirum,
1294 893 1572 949 excitabit.
1604 893 1949 951 Confirmans

370 991 549 1036 autem
606 997 907 1037 sermonem
958 998 1136 1045 suum,
1180 985 1405 1047 addidit,
1457 1004 1474 1037 t
1542 984 1645 1039 Per
1696 986 1950 1042 virtutem

372 1088 525 1127 suam
558 1088 574 1126 :
615 1092 633 1124 ι
665 1073 819 1142 quasi
850 1071 994 1128 dicat
1032 1088 1046 1123 :
1079 1072 1254 1128 Nolite
1278 1074 1515 1128 difﬁdere
1551 1075 1615 1129 iis
1641 1092 1759 1145 qua.-
1785 1076 1904 1130 dico
1932 1092 1947 1130 :

373 1179 496 1217 nam
532 1162 768 1232 potentia
794 1163 883 1217 Dei
920 1180 1038 1231 quia
1080 1174 1186 1217 tam
1223 1179 1409 1234 magna
1443 1167 1627 1237 gessit,
1657 1168 1755 1222 hoc
1789 1168 1953 1220 etiam

374 1253 624 1309 effectum
662 1253 833 1310 dabit.
870 1254 1021 1321 Quod
1050 1270 1175 1309 vero
1198 1257 1369 1319 Patri,
1403 1272 1499 1311 ceu
1529 1258 1760 1322 auctori,
1797 1257 1957 1312 Chri-

378 1347 445 1400 sti
476 1346 860 1401 excitationem
904 1347 1088 1411 refert,
1138 1347 1355 1415 planum
1380 1357 1550 1403 estex
1585 1366 1649 1402 co
1671 1350 1813 1419 quod
1852 1349 1958 1403 Do-

389 1440 567 1494 minus
624 1438 691 1493 de
742 1454 800 1493 se
850 1439 966 1508 ipso
1004 1440 1175 1494 dicit:
1216 1461 1233 1493 t
1290 1441 1492 1496 Solvite
1540 1442 1792 1505 templum
1836 1441 1958 1504 hoc.

381 1544 432 1587 et
465 1532 518 1587 in
544 1533 714 1586 tribus
767 1532 956 1586 diebus
1002 1534 1250 1587 excitabo
1319 1533 1445 1587 illud
1477 1544 1527 1587 τι.
1570 1552 1587 1584 ι
1646 1535 1711 1588 Ει
1773 1547 1962 1588 rursus

385 1625 642 1694 scriptum
679 1634 757 1679 est
796 1640 810 1676 :
881 1644 900 1677 t
954 1624 1205 1680 Exhibuit
1248 1626 1482 1694 διιὶιὶςιιιιι
1539 1626 1808 1679 viventem
1843 1634 1890 1678 τ.
1936 1642 1954 1675 ι

2047 620 2190 690 γάλα
2222 623 2265 654 ³⁸
2297 612 2548 689 ἐδόξαζον
2567 637 2581 652 ·
2615 620 2705 675 διὰ
2733 619 2892 675 τοῦτο
2928 621 3024 672 καὶ
3050 619 3147 689 τὴν
3169 618 3397 689 ἔγερσιν
3430 615 3521 685 τῷ
3546 615 3667 668 Πα-

2048 714 2140 786 τρὶ
2157 714 2470 781 ἀνατίθησι,
2495 714 2591 767 καὶ
2616 715 2763 783 ἡμᾶς
2793 712 2888 765 ἀπ’
2906 710 3073 767 αὑτοῦ
3110 711 3152 742 ³¹
3174 710 3491 780 ἐγερθῆναι
3519 706 3668 760 ἀπο-

2053 808 2325 879 φαίνεται.
2357 808 2566 877 Ὠσπερ
2603 807 2711 878 γὰρ
2762 805 2861 876 τὴν
2890 804 3133 873 κεφαλὴν
3163 803 3343 874 ήμῶν,
3383 801 3495 856 τὸν
3523 800 3673 868 Χρι-

2052 901 2177 955 στόν
2219 917 2383 969 φημι,
2435 899 2648 969 ἡγειρε,
2712 896 2808 950 καὶ
2869 895 2931 950 τὸ
2995 895 3182 949 λοιπὸν
3233 893 3426 963 σῶμα,
3482 890 3670 960 ἡμᾶς,

2052 991 2319 1061 ἐξεγερεῖ.
2338 988 2834 1059 Πιστοποιοῦμενος
2855 988 2912 1042 δὲ
2944 988 3034 1042 τὸν
3065 986 3248 1054 λόγον,
3300 983 3670 1057 προσέθηκε,

2065 1082 2192 1136 uti
2212 1082 2308 1151 τῆς
2333 1079 2612 1150 δυνάμεως
2642 1076 2863 1137 αὑτοῦ.)
2886 1076 3088 1130 ὡσανεὶ
3117 1075 3275 1129 τοῦτο
3300 1074 3500 1141 λέγων
3527 1087 3545 1102 ο
3578 1068 3675 1141 Μὴ

2061 1175 2404 1244 ἀπιστήσητε
2436 1172 2479 1202 ³⁸
2508 1164 2586 1235 οἷς
2621 1172 2797 1238 λέγω·
2833 1171 2869 1239 ἡ
2916 1168 3145 1239 δύναμις
3193 1167 3303 1238 γὰρ
3354 1164 3467 1218 τοῦ
3529 1161 3673 1217 Θεοῦ

2067 1264 2277 1337 μεγάλα
2307 1262 2669 1333 κατορθοῦσα,
2707 1261 2802 1315 καὶ
2836 1259 3266 1338 τοῦτο-ποιήσει.
3321 1258 3463 1309 Ὅτι
3505 1253 3571 1308 δὲ
3597 1252 3677 1317 ὡς

2066 1358 2223 1427 αἰτίῳ
2250 1356 2326 1428 τῷ
2357 1356 2535 1428 Πατρὶ
2568 1354 2665 1425 τὴν
2712 1354 3013 1408 ἀνάστασιν
3044 1350 3139 1406 τοῦ
3165 1348 3411 1421 Χριστοῦ
3467 1345 3675 1401 ἀνατί-

2067 1450 2192 1520 θησι
2217 1450 2282 1515 ⁸²,
2308 1448 2465 1518 δῆλον
2488 1450 2550 1500 ὲκ
2572 1446 2664 1499 τοῦ
2695 1444 2786 1500 τὸν
2810 1444 3013 1515 Κύριον
3049 1441 3175 1515 περὶ
3202 1439 3399 1494 ἑαυτοῦ
3443 1437 3641 1503 λέγειν
3661 1449 3677 1467 ⁶

2078 1563 2095 1595 ι
2127 1545 2340 1597 Λύσατε
2370 1542 2459 1595 τὸν
2492 1540 2620 1594 ναὸν
2661 1537 2874 1600 τοῦτον,
2930 1537 3026 1591 κα.)⁵
3078 1538 3136 1591 ὲν
3187 1538 3367 1605 τρισὶν
3423 1529 3680 1600 ἡμέραις

2074 1635 2250 1705 ἐγερῶ
2273 1634 2457 1689 αὐτόν.
2490 1650 2508 1683 ι
2548 1632 2658 1685 Καὶ
2688 1628 2754 1684 αὖ
2787 1630 3117 1699 γέγραπται,
3146 1628 3229 1680 ὃτι
3260 1644 3278 1677 ι
3304 1623 3682 1696 Παρέστησεν

391 1717 574 1782 Quare
613 1732 735 1770 cum
780 1716 894 1785 ipse
955 1717 1189 1785 seipsuni
1242 1717 1582 1781 excitaverit,
1642 1717 1810 1782 Patri,
1872 1730 1968 1771 ceu

2113 1725 2263 1778 ιιυτδν
2287 1722 2486 1788 ζῶντα.
2526 1740 2543 1772 ι
2600 1721 2768 1773 Ὥστε
2792 1716 2958 1771 αὑτοῦ
2991 1716 3185 1771 ἑαυτὸν
3216 1713 3578 1785 ἐγείραντος,
3601 1709 3681 1780 τῷ

387 1821 589 1868 causa),
622 1822 708 1860 res
733 1807 1064 1861 attribuitur.

463 1897 628 1952 Vens.
691 1896 778 1951 15.
834 1916 852 1949 ι
924 1897 1158 1953 Nescitis
1206 1900 1347 1967 quod
1396 1914 1624 1968 corpora
1664 1909 1839 1954 vestra
1861 1897 1973 1952 siut

394 1993 635 2047 membra
664 1990 904 2047 Christi?
938 2010 956 2043 ι
999 1990 1159 2045 Redit
1185 1992 1360 2046 denuo
1407 1992 1474 2045 ad
1512 1992 1840 2061 propositam
1874 1991 1973 2044 ad-

397 2084 770 2143 monitionem.
820 2099 937 2153 quae
971 2094 1157 2138 contra
1186 2082 1594 2138 fornicationem
1643 2090 1757 2135 erat
1785 2095 1975 2135 susce-

396 2189 506 2246 pta.
567 2174 992 2230 Terribilissimo
1044 2185 1222 2230 autem
1291 2182 1614 2244 argumento
1670 2186 1975 2227 sermonem

398 2272 728 2339 auspicatur.
767 2288 785 2321 t
828 2269 1043 2324 Tollens
1070 2283 1200 2336 ergo
1238 2268 1475 2321 membra
1511 2266 1732 2329 Christi,
1780 2265 1977 2319 faciant

400 2363 641 2417 membra
689 2361 1033 2418 meretricis?
1069 2362 1259 2415 Absit!
1304 2380 1323 2412 ι
1359 2360 1474 2416 Νοιι
1496 2360 1654 2424 dixit,
1713 2358 1977 2426 copulabo

399 2454 631 2510 scorto?
684 2469 891 2518 verum,
938 2453 1078 2523 quod
1118 2455 1461 2510 tremendum
1520 2463 1657 2516 erat,
1697 2468 1715 2502 t
1761 2450 1980 2504 Faciam

401 2548 646 2603 membra
671 2548 885 2604 scorti?
920 2568 938 2602 ι
975 2548 1104 2616 Quis
1129 2549 1270 2603 enim
1324 2563 1435 2603 non
1464 2548 1843 2619 perhorrescat
1878 2547 1983 2602 hoc

403 2643 652 2709 audiens,
698 2658 913 2709 nempe,
957 2644 1196 2697 membra
1253 2641 1456 2696 Christi
1505 2641 1761 2706 avellere,
1811 2654 1986 2709 eaque

405 2735 645 2790 tnemhra
675 2734 975 2789 meretricis
999 2733 1226 2789 facere?

480 2825 636 2896 155
667 2824 834 2881 Vens.
887 2824 973 2880 ιϐ.
1016 2846 1034 2879 ι
1085 2827 1166 2880 An
1196 2828 1414 2882 nescitis
1450 2828 1591 2897 quod
1620 2829 1708 2896 qui
1743 2826 1988 2880 atlhzcret

408 2918 700 2984 meretrici,
753 2934 920 2972 unum
967 2934 1166 2988 corpus
1214 2930 1296 2974 est
1327 2920 1350 2973 ?
1384 2919 1553 2974 Erunt
1586 2920 1751 2983 enim,
1786 2920 1982 2987 inquit,

411 3013 517 3068 duo
549 3012 603 3066 in
648 3024 866 3066 carnem
902 3027 1087 3066 unam.
1122 3030 1141 3065 ι
1171 3012 1468 3067 Continuat
1499 3012 1638 3081 quod
1665 3013 1814 3075 dixit,
1849 3026 1987 3078 quo-

2072 1818 2268 1886 Πατρὶ,
2291 1816 2365 1878 ὼς
2388 1815 2566 1884 αἰτίῳ,
2590 1811 2651 1865 τὸ
2674 1813 2904 1881 πρᾶγμα
2931 1807 3297 1880 προστίθεται.

2148 1926 2167 1959 t
2207 1906 2321 1962 Οὐκ
2344 1905 2523 1960 οἴδατε
2547 1905 2629 1958 ὅτι
2665 1903 2733 1956 τὰ
2760 1902 2985 1971 σώματα
3016 1900 3169 1972 ὑμῶν
3193 1900 3240 1932 ³⁸
3259 1899 3397 1970 μέλη
3424 1892 3675 1968 Χριστοῦ

2076 2002 2191 2054 ἔστι
2214 2016 2261 2065 ;›
2299 1998 2469 2051 Πάλιν
2493 1996 2586 2051 ἐπὶ
2615 1995 2713 2067 τὴν
2745 1993 3119 2067 προκειμένην
3148 1985 3278 2061 ἦλθε
3306 1989 3675 2060 παραίνεσιν,

2075 2090 2176 2163 τὴν
2208 2090 2350 2144 κατὰ
2382 2089 2480 2159 τῆς
2533 2085 2793 2158 πορνείας
2821 2100 2835 2113 ·
2876 2082 3316 2154 φρικωδέστατον
3358 2080 3420 2133 δὲ
3446 2077 3551 2131 τὸν
3588 2074 3676 2135 λό-

2078 2202 2174 2254 γον
2211 2178 2670 2255 μεταχειρίζεται.
2703 2196 2722 2230 ι
2775 2178 2949 2248 Ἀρας
2992 2170 3085 2230 οῦν
3115 2176 3183 2251 τα
3232 2172 3372 2243 μέλη
3403 2169 3508 2223 τοῦ
3541 2169 3676 2238 Χρι-

2082 2276 2233 2340 στοῦ,
2293 2276 2508 2344 ποιήσω
2566 2272 2771 2342 πόρνης
2826 2268 2994 2340 μέλη;
3044 2266 3137 2338 Μὴ
3194 2265 3445 2335 γένοιτοῐ
3486 2282 3506 2314 ι
3565 2261 3678 2315 Οὐκ

2081 2363 2225 2433 εἷπε,
2272 2365 2456 2431 Ζεὺξω
2481 2364 2677 2435 πόρνῃ,
2709 2359 2824 2414 ἀλλ’
2857 2359 2886 2413 ὅ
2921 2358 3192 2429 φρικῶδες
3237 2352 3329 2427 ἦν,
3388 2372 3408 2404 ι
3453 2352 3677 2420 Ποιὴσω

2084 2458 2289 2529 πόρνης
2316 2456 2488 2526 μέλης
2521 2473 2539 2506 ι
2578 2453 2673 2515 Τίς
2717 2450 2825 2519 γὰρ
2855 2450 2914 2503 οὐ
2952 2447 3129 2519 φρίξει
3178 2445 3340 2500 τοῦτο
3358 2444 3403 2476 ³⁸
3435 2440 3673 2505 ἀκούων,

2085 2548 2147 2600 τὸ
2210 2547 2528 2601 ἁποσπᾶσαι
2584 2544 2653 2597 τὰ
2701 2540 2840 2613 μέλη
2880 2538 2975 2594 τοῦ
3011 2535 3274 2611 Χριστοῦ,
3309 2533 3406 2589 καὶ
3446 2531 3675 2602 ποιῆσαι

2089 2639 2264 2695 ταῦτα
2294 2638 2529 2710 πόρνης

2165 2839 2187 2873 ι
2224 2820 2335 2873 Οὔκ
2360 2817 2534 2871 οἴδατε
2567 2816 2648 2869 ὅτι
2673 2818 2699 2868 ό
2731 2812 3071 2882 κολλώμενος
3104 2811 3172 2880 τῇ
3205 2807 3400 2878 πόρνῃ.
3433 2804 3493 2858 ἓν
3518 2800 3674 2870 σῶμὶ

2092 2912 2269 2975 tactv;
2306 2910 2559 2960 Ἔσονται
2585 2906 2712 2976 γὰρ,
2750 2903 2937 2973 φησὶν,
2960 2904 3005 2954 οἱ
3038 2899 3133 2953 δύο
3159 2899 3236 2961 εἰς
3270 2896 3449 2968 σάρκα
3477 2893 3625 2963 μίαν.
3650 2908 3667 2940 ι

2096 2999 2382 3055 Πιστοῦται
2414 2998 2441 3050 ὃ
2473 2993 2613 3059 εἷπε,
2668 2993 2783 3058 πῶς
2821 2992 3061 3061 γίνονται
3088 2989 3294 3058 πόρνης
3322 2987 3391 3039 τὰ
3417 2983 3512 3037 τοῦ
3544 2982 3673 3049 Χρι-

413 3059 513 3068 .._-
652 3059 866 3066 __----._
904 3059 1087 3066 _--_----
1122 3059 1138 3065 -
1501 3059 1637 3081 -,_---
1858 3059 1951 3078 λι---

410 3104 574 3161 modo
605 3104 854 3160 videlicet
876 3106 1038 3160 scorti
1081 3107 1319 3160 membra
1359 3106 1678 3167 etliciantur,
1704 3120 1823 3176 quin
1862 3114 1987 3159 sunt

2113 3092 2220 3145 ιτοῦ
2253 3090 2408 3162 μέλη.
2440 3089 2537 3141 Διὰ
2568 3087 2667 3156 τῆς
2692 3059 3080 3146 συνελεύσεως,
3113 3080 3301 3150 φησιν,
3336 3076 3394 3129 ἓν
3418 3071 3673 3176 γίνεταῆ

411 3196 637 3252 Christi.
682 3194 786 3249 Per
830 3196 1284 3260 commistionem,
1328 3197 1525 3267 inquit,
1554 3199 1636 3250 vir
1664 3211 1825 3250 unum
1863 3209 1991 3249 eum

415 3298 597 3344 scorto
617 3288 881 3344 efﬁcitur:
915 3304 1083 3357 quare
1112 3297 1167 3344 et
1195 3290 1435 3344 membra
1459 3290 1596 3359 ejus,
1628 3304 1745 3357 qua:
1778 3287 1998 3341 fuerunt

418 3382 658 3436 membra
730 3381 977 3447 Christi,
1037 3382 1091 3435 in
1169 3382 1334 3438 scorti
1396 3381 1637 3438 membra
1689 3388 1998 3452 permutata

417 3482 568 3527 sunt.

493 3563 657 3619 Vens.
685 3565 774 3620 l7.
809 3566 907 3632 Qui
935 3581 1117 3621 autem
1152 3567 1391 3622 adhaeret
1425 3566 1672 3628 Domino,
1717 3579 1857 3619 unus
1879 3562 2001 3629 spi-

425 3655 560 3709 ritus
590 3668 691 3711 est.
748 3675 767 3708 ι
802 3655 1041 3711 Observa
1074 3656 1345 3726 quomodo
1389 3657 1456 3711 ab
1487 3655 1614 3724 ipsis
1643 3653 1798 3709 nudis
1822 3652 2004 3707 verbis

426 3749 591 3804 scorti
643 3758 697 3803 et
731 3748 954 3816 Christi,
1003 3760 1318 3821 promoveat
1365 3749 1788 3811 accusationem,
1834 3745 2005 3799 velte-

429 3842 751 3896 utentiorem
808 3842 976 3910 ipsam
1041 3841 1292 3898 reddens.
1360 3842 1450 3897 Ait
1498 3842 1725 3912 itaque:
1763 3838 1863 3905 Qui
1896 3837 2006 3891 Do-

431 3936 576 3989 mino
611 3936 942 4003 adiungitur,
966 3934 1101 3988 nihil
1134 3935 1277 3990 aliud
1310 3949 1473 4005 quam
1498 3936 1720 4005 spiritus
1751 3931 2005 3994 efficitur,

431 4028 557 4079 dum
581 4024 948 4080 uihilcarnale
995 4026 1289 4095 transigit:
1325 4026 1426 4081 hoc
1466 4037 1571 4091 est,
1608 4026 1904 4097 spiritualis
1926 4027 2011 4082 ef-

434 4115 629 4168 ticitur.
662 4114 889 4168 Dentiuo
906 4116 1048 4168 enim
1076 4115 1240 4179 uniri,
1267 4116 1748 4171 sanctificationetn
1774 4117 2007 4187 Spiritui

432 4207 535 4278 ipsi
572 4206 898 4276 suppeditat.
935 4206 1039 4261 Per
1067 4208 1182 4263 ιιωο
1210 4218 1386 4262 autem
1407 4209 1850 4264 commonstrarit
1876 4224 2007 4280 quo-

434 4316 562 4355 nam
591 4300 750 4354 modo
774 4299 957 4355 ﬁdeles
982 4301 1218 4354 membra
1244 4298 1444 4356 Christi
1471 4298 1794 4354 efﬁciantur.

512 4393 674 4447 Vens.
721 4392 805 4448 18.
845 4410 864 4443 ι
914 4390 1103 4459 Fugite
1142 4391 1574 4446 fornicationem.
1625 4410 1643 4443 ι
1678 4391 1784 4445 Ceu
1826 4406 2011 4460 perse—
2041 4410 2082 4467 ο

2095 3185 2231 3253 ἀνὴρ
2260 3181 2394 3253 πρὸς
2416 3184 2514 3252 τὴν
2546 3179 2775 3250 πόρνην.
2815 3177 2978 3229 Ὥστε
3023 3174 3118 3226 καὶ
3152 3171 3220 3224 τὰ
3251 3170 3391 3241 μέλη
3418 3165 3608 3230 αὐτοῦ,
3642 3162 3677 3217 ἃ

2093 3271 2233 3347 ἦσαν
2265 3272 2521 3346 Χριστοῦ,
2559 3270 2773 3340 ἐκείνης
2810 3268 2947 3340 μέλη
2976 3266 3251 3336 ἐγένοντο.

2179 3563 2197 3596 ι
2243 3543 2300 3595 Ὀ
2329 3542 2385 3595 δὲ
2408 3538 2748 3607 κολλώμενος
2781 3533 2858 3605 τῷ
2890 3533 3102 3604 Κυρίῳ,
3130 3532 3190 3585 ἓν
3226 3527 3625 3599 πνεῦμάὲστιν.
3649 3542 3667 3574 ι

2105 3638 2266 3708 Ὅρα,
2303 3633 2421 3697 πῶς
2448 3632 2540 3686 καὶ
2592 3630 2685 3684 ἀπ’
2721 3627 2898 3682 αὐτῶν
2928 3626 2973 3658 ³⁸
2997 3622 3222 3695 γυμνῶν
3263 3621 3372 3675 τῶν
3401 3620 3670 3688 ὀνομάτων

2103 3730 2204 3799 τῆς
2232 3727 2438 3796 πόρνης
2467 3723 2561 3778 καὶ
2611 3721 2707 3775 τοῦ
2740 3717 3001 3791 Χριστοῦ,
3049 3715 3281 3787 προάγει
3312 3711 3412 3782 τὴν
3444 3723 3669 3778 κατηγο-

2109 3821 2251 3893 ρίαν,
2274 3816 2589 3874 δεινοποιῶν
2634 3816 2825 3883 αὐτήν.
2858 3811 3028 3882 Φησὶν
3065 3808 3178 3871 οῦν,
3221 3806 3354 3860 ὃτιὸ
3390 3803 3465 3873 τῷ
3497 3800 3672 3871 Κυρίῳ

2107 3911 2468 3981 κολλώμενος,
2487 3906 2705 3977 πνεῦμα
2733 3905 2941 3974 γίνεται
2996 3901 3178 3973 μόνον,
3211 3896 3294 3967 τῷ
3328 3896 3492 3968 μηδὲν
3514 3893 3674 3947 ποιεῖν

2110 4005 2372 4077 σαρκικόν
2392 4018 2405 4033 ’
2435 4002 2703 4065 τουτέστι,
2739 3995 3102 4065 πνευματικὸς
3125 3991 3470 4046 καθίσταται.
3500 3987 3563 4040 Ἦ
3577 3986 3673 4054 γὰρ

2110 4100 2246 4171 πρὸς
2280 4099 2371 4151 τὸν
2398 4094 2604 4164 Κύριον
2635 4092 2851 4154 ἓνωσις,
2886 4088 2979 4140 τὸν
3011 4084 3280 4155 ἁγιασμὸν
3315 4081 3410 4134 τοῦ
3442 4078 3673 4171 Πνεῦμα-

2110 4168 2202 4255 τος
2226 4188 2374 4258 αὑτῷ
2421 4186 2670 4257 χορηγεῖ.
2712 4180 2923 4246 Ἕδειξε
2976 4178 3032 4232 δὲ
3076 4177 3163 4231 διὰ
3210 4174 3419 4228 τούτων
3452 4168 3671 4230 καὶοπῶς

2114 4280 2347 4357 Χριστοῦ
2379 4278 2514 4350 μέλη
2545 4276 2785 4346 γίνονται
2807 4275 2857 4327 οἱ
2889 4270 3088 4325 πιστοί.

2190 4394 2208 4426 ι
2243 4373 2476 4440 Φεύγετε
2503 4368 2600 4439 τὴν
2624 4365 2899 4436 πορνείαν.
2930 4382 2948 4414 ι
2987 4362 3201 4430 Ὠσπερ
3235 4356 3360 4410 τινὰ
3397 4354 3674 4424 διώκτριαν

439 4485 701 4540 cutrieem
752 4498 872 4549 qua:
934 4498 1205 4552 nunquam
1273 4498 1379 4537 non
1443 4482 1760 4551 corporibus
1809 4483 1979 4535 nostri

2113 4463 2302 4532 οἶσαν,
2335 4465 2428 4519 καὶ
2449 4462 2537 4517 ἀεὶ
2565 4462 2694 4530 ἡμῖν
2730 4454 3108 4525 ἐπικειμένην,
3145 4451 3371 4519 φεύγειν
3394 4446 3676 4519 προτρέπε-

438 4575 740 4640 immineat,
773 4574 957 4644 fugere
1002 4589 1099 4629 uos
1133 4590 1249 4627 eam
1303 4575 1642 4636 adhortatur,
1675 4583 1731 4627 ut
1766 4575 2014 4629 omnibus

437 4669 644 4723 viribus
695 4667 892 4721 nostris
923 4667 991 4720 ab
1018 4682 1078 4720 ea
1122 4668 1516 4730 abstineamus,
1543 4666 1852 4720 consulens.
1874 4665 2015 4718 Nihil

438 4760 584 4814 enim
621 4758 753 4813 adeo
807 4773 904 4812 nos
929 4758 1292 4828 persequitur,
1328 4772 1392 4812 ac
1435 4756 1668 4813 carnalis
1691 4758 1791 4811 ista
1820 4771 2021 4811 concu-

444 4852 727 4923 piscentia.

518 4962 537 4998 ι
606 4945 778 4998 Omne
844 4951 1124 5011 peccatum
1174 4942 1527 5011 quodcunque
1583 4941 1769 4997 fecerit
1828 4941 2013 5003 homo,

439 5049 592 5092 extra
624 5052 824 5107 corpus
845 5047 929 5091 est
966 5054 979 5089 :
1013 5035 1102 5102 qui
1132 5049 1258 5088 vero
1287 5033 1605 5098 fornicatur,
1645 5036 1697 5088 in
1734 5034 2009 5102 proprium

441 5146 638 5197 corpus
690 5139 899 5199 peccat.
939 5146 957 5179 ι
1001 5126 1378 5181 Fornicatioue
1422 5136 1590 5181 totum
1647 5140 1862 5194 corpus,
1923 5124 2009 5177 in-

445 5222 582 5289 quit,
618 5220 995 5286 coinquinatur
1022 5235 1037 5272 :
1069 5216 1210 5271 unde
1238 5227 1293 5271 et
1340 5216 1406 5270 ad
1462 5216 1681 5270 balneas
1731 5226 2018 5268 accurrere

444 5314 620 5369 solent
662 5311 754 5379 qui
796 5309 1045 5363 fornicati
1080 5313 1230 5371 sunt,
1269 5321 1367 5360 ceu
1398 5320 1624 5374 corpore
1645 5305 1756 5373 jam
1786 5302 2011 5372 polluto.

447 5403 504 5460 lu
534 5404 710 5472 ipsum
752 5402 938 5472 itaque
967 5413 1167 5470 corpus
1216 5396 1480 5467 delinquit
1509 5403 1800 5459 scortator,
1832 5400 2020 5449 conta-

522 5565 734 5622 sJoau.
771 5582 832 5633 tt,
869 5561 952 5618 19.
1032 5570 1055 5599 ι’
1080 5557 1203 5615 Act.
1229 5574 1266 5626 ι,
1306 5558 1362 5612 5.

2111 4578 2227 4625 ται,
2283 4558 2380 4629 τὴν
2437 4550 2839 4622 ἐπιτεταμένην
2894 4546 3106 4617 ἀποχὴν
3157 4543 3365 4614 ταύτης
3422 4535 3676 4597 ὑποτιθεὶς

2112 4657 2269 4723 ⁴ἡμῖν.
2307 4651 2474 4704 Οὐδὲν
2499 4648 2610 4720 γὰρ
2655 4644 2797 4699 οὕτω
2849 4642 3036 4696 διώκει
3072 4639 3243 4710 ἡμᾶς,
3271 4636 3349 4700 ὡς
3379 4638 3413 4707 ἡ
3463 4629 3676 4705 σαρκικὴ

2118 4741 2416 4811 ἐπιθυμία.

2201 4943 2220 4976 ι
2250 4925 2364 4976 Πᾶν
2394 4919 2701 4990 ἁμάρτημα
2730 4917 2758 4969 ὃ
2813 4915 2907 4969 ἐὰν
2948 4913 3151 4985 ποιήσῃ
3191 4910 3503 4981 ἄνθρωπος,
3546 4904 3679 4966 ἐκτὸς

2120 5017 2218 5069 τοῦ
2251 5012 2500 5083 σώματός
2523 5012 2700 5063 ἐστιν’
2740 5010 2767 5061 ὁ
2785 5007 2841 5060 δὲ
2867 5004 3166 5077 πορνεύων,
3195 5004 3277 5065 εἰς
3304 5002 3366 5055 τὸ
3392 5002 3520 5054 ἴδιον
3540 4998 3677 5066 σῶμα

2123 5107 2449 5178 ἁμαρτάνει.
2488 5122 2505 5155 ι
2553 5101 2691 5155 Ὑπὸ
2722 5101 2822 5169 τῆς
2879 5098 3157 5168 πορνείας,
3211 5094 3400 5163 φησὶν,
3454 5093 3572 5145 ὅλον
3601 5104 3680 5158 μο-

2120 5203 2340 5257 λύνεται
2363 5199 2423 5252 τὸ
2453 5197 2639 5265 σῶμα·
2667 5194 2789 5247 ὅθεν
2814 5191 2907 5246 καὶ
2939 5189 3031 5243 ἐπὶ
3060 5188 3319 5259 βαλανεῖα
3342 5186 3556 5254 τρέχειν
3580 5181 3678 5242 ἔθος

2123 5299 2240 5359 τοῖς
2269 5292 2655 5363 πορνεύσασιν,
2706 5288 2784 5350 ὡς
2831 5283 3184 5357 μολυνθέντος
3244 5278 3448 5349 δηλαδὴ
3480 5274 3571 5329 τοῦ
3596 5271 3681 5325 σώο

2130 5405 2319 5461 ματος.
2353 5386 2446 5450 Εἰς
2479 5382 2613 5437 αὐτὸ
2633 5380 2810 5435 τοίνυν
2830 5378 2887 5433 τὸ
2915 5377 3074 5449 σῶμα
3090 5372 3402 5446 ἁμαρτάνει
3426 5370 3456 5423 ὁ
3488 5368 3677 5438 πόρνος,

1783 5646 1982 5709 νοτίδι
2044 5642 2375 5705 lectiones.

527 5785 774 5838 “nam
803 5781 951 5853 μέγα
978 5796 1032 5836 n.
1111 5782 1151 5813 ³¹
1209 5782 1297 5835 ὑπ’
1331 5777 1496 5834 αὐτοῦ
1534 5794 1605 5834 ιιι.
1682 5778 1725 5809 ³³
1770 5778 1841 5845 μὴ
1892 5776 2170 5830 ἀπιστεῖτε
2212 5786 2283 5825 ιιι.
2385 5766 2431 5797 ³³
2482 5764 2755 5835 ἐπέγραψε
2807 5780 2857 5815 o.

459 5859 495 5888 3"
546 5856 659 5920 ὑπ’,
696 5851 816 5917 καὶ,
858 5851 943 5905 ἐπ’
978 5869 1029 5906 (ι.

2707 5761 2716 5791 i

2938 5761 2979 5794 ”
3019 5755 3173 5831 ἡμῶν
3203 5772 3253 5812 ο.
3354 5755 3396 5790 ³⁸
3418 5751 3610 5807 τούτων
3633 5760 3680 5801 οο
