3874 6604
197 433 287 501 63³1

936 434 1349 499 sxrosmo
1390 436 1472 498 IN
1512 433 1751 496 EPIST.
1796 433 1825 493 Ι
1861 434 1960 494 AD
1998 432 2165 495 con.
2190 394 2259 473 -ὲ
2285 434 2443 502 CAP;
2473 409 2586 500 vr.

3296 436 3405 501 638

196 543 411 618 μολύνων
436 539 562 595 αὐτὸ
600 540 687 597 καὶ
706 543 1190 614 καταρρυπαινων.
1228 545 1292 600 Et
1325 543 1434 617 γὰρ
1462 544 1555 597 καὶ
1579 544 1607 598 ὁ
1630 541 1728 611 φό-

1854 542 2045 599 ninans
2071 545 2268 612 ipsum,
2301 546 2665 616 sordibusque
2685 556 3075 616 conspurcans.
3107 544 3184 603 Ac
3208 546 3421 604 etiamsi

193 658 268 703 νος
294 640 430 693 δοκεί
461 637 547 691 διὰ
583 636 674 692 τοῦ
715 636 971 709 σώματος
1006 640 1277 707 γίνεσθαι,
1309 640 1427 697 ἀλλ’
1457 640 1518 694 οὐ
1550 639 1658 693 πᾶν
1689 638 1734 671 ³⁷

190 734 243 786 τὸ
263 731 405 800 σῶμα
429 728 660 801 μολύνει.
692 728 856 794 Είκδς
904 730 1012 801 γὰρ
1044 731 1077 802 ἢ
1107 731 1260 801 λίθῳ,
1292 732 1325 804 ἢ
1355 731 1496 802 ξύλῳ
1532 730 1732 802 βαλεῖν,

189 823 374 894 ἧᾶλλῳ
398 821 503 874 τινὶ
531 821 767 892 ὀργάνῳ,
826 822 922 876 καὶ
957 822 1033 893 μὴ
1093 824 1383 894 μιανθῆναι
1423 822 1485 877 τὸ
1531 821 1692 890 σῶμα
1716 836 1733 852 ⁸

191 913 417 984 πορνείαν
436 912 491 965 δὲ
513 912 833 981 τελεσθῆναι
852 914 1020 983 χωρὶς
1044 914 1137 968 τοῦ
1166 913 1419 985 σώματος
1444 913 1732 968 ἀδύνατον

189 1008 293 1062 ὅθεν
311 1004 615 1073 ἀναγκαίως
637 1006 729 1057 καὶ
754 1004 1070 1074 μολύνεται.
1115 1006 1343 1077 Ἐξᾶραι
1375 1007 1432 1060 δὲ
1458 1004 1732 1077 ἠϐουλήθη

188 1100 240 1152 τδ
261 1098 494 1167 πρᾶγμα.
544 1096 731 1168 επειδὴ
777 1097 904 1168 περὶ
933 1096 1095 1152 αὑτοῦ
1125 1100 1411 1171 πρόκειται
1448 1097 1598 1169 αὐτῷ
1622 1098 1669 1130 ⁸⁸
1699 1099 1732 1170 ὴ

188 1189 500 1261 παραίνεσις.
533 1188 614 1243 Οὐ
658 1189 768 1259 γὰρ
802 1189 1022 1253 πάντως
1057 1188 1276 1244 πάντων
1311 1192 1493 1261 χεῖρον
1528 1191 1562 1260 ἡ
1604 1205 1737 1261 πορ-

186 1281 304 1335 νεία.
331 1275 455 1333 Οἶδα
504 1280 600 1333 καὶ
636 1279 804 1345 ἄλλοις
837 1283 920 1346 εἰς
967 1281 1128 1335 τοῦτο
1155 1280 1342 1344 λύσεις
1367 1296 1382 1310 ⁶
1428 1272 1563 1347 οἷον,
1588 1281 1672 1334 ὄτι
1707 1280 1736 1331 ὁ

187 1371 433 1444 πορνεύων
460 1370 541 1435 εἰς
569 1371 630 1426 τὸ
650 1371 781 1427 ίόιον
810 1372 970 1444 σῶμα
997 1374 1323 1446 ἁμαρτάνει.
1356 1372 1495 1427 καθὸ
1521 1373 1582 1426 ού
1609 1389 1736 1426 παι·

185 1464 399 1526 δοποιίας
455 1462 742 1534 ἐπιθυμίᾳ,
806 1462 882 1527 ὡς
919 1465 963 1497 ³⁸
998 1464 1136 1535 πρὸς
1199 1464 1424 1536 ἔννομον
1478 1465 1734 1533 γυναῖκα,

189 1558 434 1628 μίγνυται,
458 1555 597 1609 ἀλλὰ
636 1557 816 1626 μάτην
838 1553 971 1609 αὐτὸ
1009 1555 1223 1625 φθείρει
1258 1559 1322 1626 τῇ
1344 1557 1613 1628 ἁποῤῥοῇ,
1642 1553 1738 1608 καὶ

184 1651 415 1718 ἀδυναμοῖ
438 1648 505 1702 ⁸ο.
558 1647 671 1702 Καὶ
701 1644 768 1702 αὖ
803 1647 1002 1715 ἄλλως,
1033 1648 1115 1702 ὃτι
1140 1648 1169 1701 ὀ
1199 1646 1500 1719 πορνεύων,
1526 1649 1605 1711 εἰς
1635 1646 1737 1718 τὴν

184 1737 467 1816 γυναῖκα,ᾖ
517 1744 798 1814 μίγνυται,
830 1740 1166 1812 ἁμαρτάνει,
1216 1741 1339 1812 ἥτις
1380 1741 1538 1812 σῶμα
1567 1739 1736 1794 αὐτοῦ

184 1839 281 1889 ἐστι
305 1835 388 1889 διὰ
419 1836 517 1904 τῆς
548 1834 921 1897 συνελεύσεως
953 1835 1020 1887 δ’.
1056 1831 1207 1887 Καθὸ
1237 1833 1348 1902 γὰρ
1379 1834 1440 1887 οὐ
1484 1833 1737 1903 μίγνυται

184 1929 298 2000 αὐτῇ
322 1928 583 1999 νομίμως,
612 1927 922 1999 ἁμαρτάνει
944 1929 1025 1989 είς
1050 1927 1239 1998 αὐτὴν.
1275 1924 1420 1996 Πλὴν
1451 1927 1485 1998 η
1515 1926 1606 1979 τοῦ
1641 1943 1742 1996 με-

184 2022 324 2088 γάλου
362 2021 615 2075 Ἰωάννου
639 2021 817 2087 λύσις,
866 2020 1061 2075 πασῶν
1093 2020 1142 2053 *³
1171 2020 1461 2090 κρείττων,
1484 2021 1518 2091 ἡ
1548 2019 1739 2092 πρώτη

182 2113 374 2184 δηλαδή.
407 2112 706 2184 Ἀποροῦίσι
741 2113 799 2167 δέ
832 2130 974 2178 τινες
998 2131 1013 2146 ο
1062 2112 1103 2167 Τ
1111 2112 1126 2164 ί
1156 2108 1283 2177 οῦν;
1350 2111 1412 2166 'U
1452 2112 1647 2181 φθόνος
1679 2113 1739 2166 ού

182 2205 313 2275 τήκει
339 2205 394 2257 τὺ
447 2205 612 2275 σῶμα
640 2222 656 2269 ς
689 2204 799 2259 Καὶ
853 2204 1042 2257 λύουσι
1090 2203 1276 2270 πάλιν,
1321 2204 1404 2257 ὅτι
1452 2205 1512 2257 '0
1548 2202 1740 2273 φθόνος

184 2297 330 2362 πάθος
351 2299 513 2365 ἐστὶν,
568 2299 676 2352 οὐκ
703 2298 954 2369 ἐνέργεια
977 2317 992 2332 ·
1027 2299 1156 2369 περὶ
1183 2298 1470 2368 ἐνεργείας
1502 2298 1556 2351 δὲ
1589 2297 1682 2353 νῦν
1713 2298 1742 2350 ὁ

181 2392 313 2460 λόγος
337 2392 409 2463 τῷ
440 2392 777 2463 Ἀποστόλῳ.
808 2391 945 2462 Φησὶ
988 2391 1091 2462 γάρ
1111 2407 1125 2422 ο
1179 2409 1197 2443 ι
1234 2393 1346 2445 Πᾶν
1375 2391 1681 2463 ἁμάρτημα
1713 2390 1742 2444 ὃ

182 2484 262 2536 ἐὰν
283 2485 470 2556 ποιήσῃ
497 2485 596 2539 ἄνθ
610 2500 827 2557 ρωπος·
860 2484 921 2537 οὐ
971 2483 1079 2556 μὴν
1112 2484 1240 2556 περὶ
1272 2483 1498 2548 πάθους.
1544 2484 1601 2538 Ὀ
1632 2484 1739 2556 γὰρ

183 2576 346 2645 φθόνος
389 2578 448 2630 οὺ
496 2577 718 2646 γίνεται
778 2578 915 2651 παρ’
962 2578 1146 2650 ἡμῶν,
1195 2576 1313 2632 ἀλλ’
1351 2578 1654 2651 ἐνεργεῖται
1682 2580 1740 2632 ἐν

184 2672 311 2742 ἡμῖν.

245 2957 261 2989 ι
291 2939 356 2992 Ἤ
386 2939 484 2993 οὐκ
512 2939 721 3006 οῐδατε,
765 2939 848 2995 ὅτι
877 2940 945 2994 τὰ
974 2940 1202 3010 σώματα
1233 2941 1262 2994 ὑ
1273 2940 1389 3012 μῶν
1416 2942 1541 3006 ναὸς
1572 2941 1664 2995 τοῦ
1682 2942 1740 2994 ὲν

181 3030 288 3099 ὑμῖν
303 3030 448 3100 ἁγίου
475 3032 808 3103 Πνεύματὸς
838 3029 1082 3101 ὲστιν,οὗ
1112 3033 1263 3105 ἔχετε
1295 3034 1402 3088 ἀπὸ
1426 3034 1517 3087 τοῦ
1538 3033 1734 3102 Θεοῦ;»

188 3121 411 3191 Ἐκφοσεῑ
425 3122 504 3177 ἔτι
543 3123 720 3177 πλέον
744 3123 932 3195 καὶτῷ
949 3124 1171 3196 μεγέθει
1192 3125 1293 3194 τῆς
1320 3126 1551 3196 δωρεᾶς,
1582 3143 1739 3180 τουτ-

1838 638 2015 694 caedes
2050 652 2147 709 per
2180 654 2378 710 corpus
2411 639 2525 695 ﬁeri
2556 640 2829 707 videatur,
2882 656 2989 697 non
3021 651 3199 698 tamen
3253 650 3425 696 totum

1839 744 2035 801 corpus
2065 731 2400 802 coinquinat.
2424 732 2561 788 Nam
2584 733 2880 790 verisimile
2907 742 2991 790 est
3013 734 3189 804 lapide
3217 746 3424 804 petere,

1838 824 1921 878 vel
1978 824 2150 893 ligno,
2179 823 2260 878 vel
2283 824 2388 879 alio
2415 824 2683 894 quopiam;
2711 826 3095 892 instrumento,
3125 835 3180 881 et
3211 841 3315 880 non
3342 825 3425 880 in-

1838 916 2051 983 quinari
2107 931 2302 987 corpus
2343 935 2358 971 :
2393 915 2811 972 fornicationem
2853 929 3032 972 autem
3064 917 3198 971 citra
3227 930 3429 987 corpus

1839 1010 2100 1081 perlicere
2156 1010 2492 1078 impossibile
2541 1017 2663 1066 est:
2716 1010 2862 1066 unde
2908 1010 3217 1066 necessario
3260 1010 3423 1064 etiam

1838 1105 2239 1174 coinquinatur.
2273 1104 2407 1159 Rem
2440 1111 2622 1171 autem
2645 1118 2975 1172 exaggerans
3004 1103 3267 1169 voluerat,
3298 1104 3423 1172 quia
3484 1102 3487 1105 ’

1837 1197 1905 1254 de
1952 1198 2065 1268 ipsa
2095 1210 2334 1266 praesens
2378 1196 2687 1253 exhortatio
2718 1197 2962 1251 instituta
3006 1204 3108 1252 est.
3135 1194 3254 1251 Non
3280 1195 3424 1250 enim

1838 1289 2057 1345 omnino
2088 1290 2330 1344 omnium
2359 1289 2592 1359 pessima
2621 1295 2704 1345 est
2738 1289 3061 1346 fornicatio..
3084 1289 3234 1343 Alias
3263 1289 3424 1344 etiam

1839 1382 2102 1451 quasdam
2158 1380 2457 1436 solutiones
2487 1382 2633 1436 novi.
2665 1381 2904 1462 Exempli
2948 1381 3149 1450 gratia.
3187 1379 3288 1446 Qui
3318 1378 3431 1433 for-

1839 1478 2075 1542 nicatur,
2125 1476 2181 1531 in
2224 1475 2504 1546 proprium
2532 1491 2729 1545 corpus
2764 1485 2978 1543 peccat,
3009 1483 3283 1543 quatenus
3321 1486 3429 1527 non

1838 1566 2007 1637 prolis
2035 1565 2329 1631 desiderio,
2393 1567 2622 1637 perinde
2645 1581 2711 1621 ac
2740 1580 2863 1621 cum
2914 1567 3151 1636 legitima
3182 1564 3429 1634 conjuge,

1842 1657 2122 1723 miscetur,
2190 1657 2285 1712 sed
2353 1655 2553 1712 frustra
2620 1657 2795 1726 ipsum
2855 1658 3158 1725 corrumpit
3210 1656 3431 1711 seminis

1840 1747 2156 1819 profusione
2205 1763 2270 1804 ac
2299 1748 2562 1804 debilitat.
2606 1747 2813 1804 Rursus
2834 1748 2991 1803 aliter
3021 1764 3039 1801 :
3062 1746 3166 1815 Qui
3193 1747 3432 1804 fornica-

1843 1852 1953 1906 tur,
1987 1843 2039 1897 in
2099 1843 2353 1899 feminam
2397 1844 2483 1898 cui
2514 1842 2798 1908 miscetur,
2828 1851 3040 1911 peccat,
3066 1855 3189 1912 qua)
3231 1856 3432 1911 corpus

1843 1937 2012 2006 ipsius
2047 1946 2128 1992 est
2155 1950 2253 2007 per
2285 1950 2661 2003 congressum.
2692 1934 2825 1990 Nam
2855 1944 3125 2003 quatenus
3150 1933 3433 1999 illegitimo

1844 2043 1965 2084 cum
2018 2043 2080 2082 ea
2135 2028 2415 2093 miscetur,
2476 2035 2666 2096 peccat
2726 2027 2779 2081 in
2831 2025 3210 2096 ipsam.Atqui
3249 2023 3431 2094 magni

1849 2117 2078 2174 Joannis
2136 2119 2334 2174 solutio
2362 2119 2575 2174 cunctis
2608 2129 2693 2175 est
2723 2118 3091 2187 praestantior,
3148 2117 3324 2186 prima
3349 2118 3432 2171 ni-

1843 2210 2063 2263 mirum.
2123 2208 2415 2279 Ambigunt
2447 2217 2632 2263 autem
2687 2208 2777 2263 hic
2834 2206 3099 2272 nonnulli,
3153 2206 3429 2261 dicentes:

1844 2299 1979 2367 Quid
2060 2299 2275 2370 igitur?
2329 2298 2520 2354 Nonne
2548 2308 2604 2353 et
2669 2299 2871 2355 invidia
2927 2314 3126 2369 corpus
3180 2298 3435 2353 tabefucit

1842 2376 2086 2461 adeoque
2121 2389 2413 2445 disSolvit?
2448 2390 2649 2447 Verum
2693 2389 2904 2445 diluunt
2948 2390 3018 2443 ad
3064 2390 3209 2444 hunc
3244 2402 3433 2441 rursus

1845 2481 2060 2536 modum
2088 2500 2101 2535 :
2133 2479 2336 2535 Invidia
2392 2489 2474 2536 est
2506 2481 2712 2550 passio,
2766 2496 2875 2535 non
2905 2480 3046 2534 actio
3083 2497 3097 2534 :
3130 2479 3198 2533 de
3219 2479 3468 2533 actione‘

1842 2583 2022 2629 autem
2082 2588 2226 2629 nunc
2299 2571 2701 2627 sermocinatur
2750 2570 3067 2640 Apostolus.
3103 2570 3194 2624 Ait
3239 2569 3428 2623 enim:

1849 2682 1867 2716 ι
1898 2664 2071 2721 Omne
2137 2672 2423 2733 peccatum
2481 2664 2840 2731 quodcunque
2895 2660 3084 2716 fecerit
3142 2660 3355 2714 homo:
3407 2677 3427 2710 ι

1843 2766 2151 2813 nouantem
2181 2755 2246 2810 de
2268 2754 2521 2824 passione
2554 2751 2817 2821 loquitur.
2861 2750 3024 2823 156
3052 2750 3260 2806 invidia
3285 2751 3432 2805 enim

1780 2854 1785 2855 ’
1843 2865 1949 2905 non
1988 2849 2058 2903 sit
2088 2863 2117 2901 a
2154 2847 2330 2912 nobis,
2359 2846 2454 2901 sed
2486 2844 2717 2900 efﬁcitur
2749 2844 2803 2898 in
2838 2843 3021 2899 nobis.

1919 2937 2076 2994 Vens.
2119 2939 2205 2993 lt).
2246 2956 2264 2990 ι
2297 2940 2378 2991 An
2413 2935 2635 2993 nescitis
2665 2936 2809 3004 quod
2840 2949 3072 3004 corpora
3106 2921 3288 2989 vesira
3318 2932 3436 2989 siut

1845 3033 2103 3103 templum
2153 3031 2392 3102 Spiritus
2438 3030 2636 3095 sancti,
2687 3029 2782 3099 qui
2842 3038 2926 3086 est
2977 3029 3031 3084 in
3060 3027 3237 3094 vobis,
3270 3040 3435 3098 quem

1845 3125 2052 3182 habetis
2084 3139 2113 3177 a
2171 3122 2326 3182 Deo?
2383 3140 2402 3175 ι
2466 3120 2856 3177 Vehementius
2914 3133 3010 3176 eos
3058 3117 3439 3189 perterrefacit

183 3212 299 3280 ἐστι,
350 3215 440 3269 τοῦ
491 3215 847 3288 Πνεύμοιτος,
886 3217 980 3271 καὶ
1010 3219 1075 3287 τῇ
1112 3216 1239 3288 ἀξίᾳ
1270 3217 1364 3270 τοῦ
1416 3217 1734 3282 δεδωκότος,

1854 3219 1964 3274 loni
2008 3216 2398 3293 magnitudine,
2431 3216 2535 3271 hoc
2566 3223 2653 3270 est
2723 3212 2983 3285 Spiritus,
3017 3221 3129 3268 tum
3164 3203 3438 3284 dignitate

181 3306 413 3375 τουτέστι,
441 3308 535 3362 τοῦ
555 3307 727 3362 Θεοῦ.
759 3308 928 3375 Ναδς,
964 3308 1152 3379 φησιν,
1200 3308 1344 3372 ὲστὲ,
1397 3312 1492 3362 καὶ
1534 3310 1690 3379 ἅγιος
1719 3327 1732 3341 '

183 3398 424 3472 ἀγίουγὰρ
456 3399 805 3471 [πνεύματος.
847 3400 939 3471 Μὴ
984 3400 1165 3454 τοίνυν
1218 3399 1420 3471 μιαρὸν
1480 3400 1744 3471 ποιήσητε

180 3493 412 3563 τδνᾶγιον
435 3495 591 3560 ναὸν,
661 3495 798 3565 μηδὲ
845 3493 1188 3565 ὰχρειώσητε
1224 3494 1324 3563 τὴν
1354 3493 1448 3546 τοῦ
1473 3492 1609 3547 Θεοῦ
1638 3494 1744 3548 δω-

185 3590 322 3657 ρεάνο
367 3589 473 3644 ἀπὸ
538 3587 688 3642 Θεοῦ
747 3588 855 3659 γὰρ
913 3584 1069 3659 ἔχετε
1125 3587 1224 3658 τὴν
1278 3586 1488 3659 δωρεὰν
1542 3586 1638 3641 καὶ
1685 3587 1745 3641 τὸ

190 3680 403 3751 Πνεῦμα.

242 3793 259 3825 ι
286 3774 387 3830 Καὶ
413 3777 514 3830 οὐκ
540 3774 674 3830 ἐστὶ
693 3773 937 3840 έαυτῶνς
970 3772 1317 3846 ἠγοράσθητε
1351 3774 1461 3844 γὰρ
1497 3771 1687 3845 τιμῆς.
1718 3791 1738 3826 ι

189 3867 306 3923 ’Υιτδ
333 3870 636 3935 Δεσπότην,
671 3870 863 3942 φησὶν,
890 3868 1032 3932 ἐστὲ,
1065 3868 1161 3921 καὶ
1196 3866 1350 3921 οὐδὲν
1401 3866 1554 3938 ἔχετε
1591 3865 1744 3930 ἴδιον,

182 3957 283 4011 οὔτε
306 3960 362 4013 τὸ
387 3960 565 4029 σῶμα.
604 3981 623 4013 ι
661 3958 1038 4031 Ἥγοράσθητε
1059 3961 1168 4031 γὰρ
1188 3958 1357 4029 τιμῆς
1377 3977 1390 3992 ο
1422 3977 1441 4011 ι
1472 3959 1744 4024 τουτέστι,

182 4051 261 4104 At?!
275 4052 358 4106 τοῦ
387 4053 637 4123 αἵματος
661 4052 757 4106 τοῦ
808 4050 1069 4123 Χριστοῦ.
1114 4052 1278 4104 Ὥστε
1312 4051 1382 4106 τὰ
1417 4049 1552 4121 μέλη
1583 4050 1742 4119 ὑμῶν

182 4141 302 4212 ἄλλῳ
331 4145 576 4218 desito-tn
613 4143 970 4206 ὑπόκεινται,
1014 4143 1109 4197 καὶ
1150 4142 1286 4195 ὅπου
1320 4141 1469 4195 θέλει
1517 4140 1745 4206 ἐκεῖνος,

181 4232 378 4301 ἄγεσθαι
397 4235 572 4289 ταῦτα
617 4233 717 4288 δεῖ.
755 4233 942 4287 Ταῦτα
977 4234 1034 4288 δὲ
1080 4231 1251 4303 λέγει,
1287 4234 1347 4287 ού
1380 4233 1441 4286 τὸ
1490 4230 1749 4297 αὐτεξού-

186 4345 279 4382 σιον
304 4330 530 4401 ἀναιρῶν
555 4330 628 4397 ⁸³,
658 4329 795 4384 ἀλλὰ
843 4330 904 4383 τὸ
934 4329 1143 4383 ’δίκαιον
1205 4328 1454 4383 δείκνυσι
1511 4324 1604 4379 τοῦ
1636 4326 1747 4379 δεῖν

185 4420 309 4490 ἡμᾶς
337 4420 611 4477 δουλεύειν
638 4418 718 4490 τῷ
746 4419 888 4493 θεῷ,
924 4420 1015 4492 ὑφ’
1049 4414 1108 4476 οὗ
1134 4420 1230 4476 καὶ
1262 4418 1674 4494 ἡγοράσθημεν.

243 4619 263 4655 ι
282 4600 540 4668 Δοξᾶσατε
561 4603 619 4656 δὲ
642 4602 735 4656 τὸν
753 4601 885 4655 Θεὸν
904 4604 960 4655 έν
987 4602 1062 4673 τῷ
1089 4602 1301 4673 σώματι
1329 4602 1507 4672 ὑμῶν.
1534 4620 1552 4651 ι
1592 4598 1743 4653 Ἐπεὶ
1781 4579 1821 4635 Ῐ)

108 4686 121 4697 “
182 4691 258 4746 οὖν
281 4694 643 4767 ἠγοράσθητε,
693 4694 855 4765 φησι,
900 4693 1161 4760 δοξάσατε
1208 4694 1272 4766 δὴ
1297 4693 1388 4747 τὸν
1420 4692 1552 4745 Θεὸν
1587 4692 1643 4744 ὲν
1667 4689 1744 4763 τῷ

185 4782 368 4852 σώματι
398 4786 576 4855 ὑμῶν,
600 4787 702 4849 τὰς
725 4786 937 4855 ἀγαθὰς
972 4785 1203 4858 πράξεις
1231 4784 1318 4839 διὰ
1349 4783 1444 4838 τοῦ
1490 4781 1745 4855 σώματος

179 4873 454 4941 τελοῦντες,
514 4879 611 4932 καὶ
640 4877 796 4946 ἅγιον
833 4878 963 4931 αὐτὸ
1009 4876 1307 4948 τηροῦντες
1353 4877 1447 4929 καὶ
1476 4858 1739 4947 Ᾰιαθαρόν.

182 4965 450 5033 Αοξάζεται
473 4970 586 5043 γὰρ
621 4971 650 5024 ὁ
695 4971 851 5048 Θεδς,
881 4972 951 5025 τὰ
976 4970 1117 5024 καλὰ
1142 4971 1280 5041 ἔργα
1309 4970 1463 5040 ὑμῶν
1493 4968 1745 5040 ὁρώντων

180 5061 273 5114 τῶν
299 5064 620 5135 ἀνθρώπων,
652 5067 743 5119 καὶ
772 5064 1082 5128 ἀκολούθως
1116 5064 1452 5130 δοξαζὸντων
1484 5063 1672 5119 αὐτόν.

244 5171 261 5204 ι
296 5155 399 5207 Καὶ
429 5159 487 5210 ὲν
518 5157 598 5229 τῷ
627 5156 901 5227 πνεύματι
942 5156 1118 5227 ὑμῶν.
1155 5174 1172 5208 ι
1212 5154 1629 5218 Δείκνυσιν,’ὄτι
1683 5153 1744 5206 οὐ

182 5241 372 5311 σώματι
400 5247 564 5315 μόνον
603 5248 709 5319 χρὴ
741 5248 964 5317 φεύγειν
1003 5249 1101 5317 τὴν
1151 5248 1433 5317 πορνείαν,
1487 5246 1621 5299 ἀλλὰ
1649 5247 1749 5299 καὶ

182 5333 330 5406 Ψυκῆν
358 5340 432 5407 τῷ
462 5341 597 5412 μηδὲ
622 5342 666 5375 ⁸⁵
695 5341 834 5395 κατὰ
864 5341 1098 5395 διάνοιαν
1137 5338 1462 5407 μολύνεσθαι
1510 5338 1752 5410 (πνεῦμα

180 5428 273 5497 γάρ
290 5431 384 5501 τὴν
406 5433 646 5486 διάνοιαν
686 5433 935 5504 ἐκάλεσε)
972 5450 985 5464 ·
1025 5433 1120 5487 καῖ
1151 5435 1184 5504 ὴ
1219 5434 1275 5487 ἐν
1307 5434 1373 5504 τῇ
1416 5431 1612 5502 καρδίᾳ
1637 5429 1746 5500 γὰρ

183 5521 381 5589 μοιχεία
400 5524 459 5576 ὲν
506 5525 858 5594 Είιαγγελίοις
892 5525 1290 5597 ἀπηγόρευται.

244 5642 265 5670 ⁸
298 5632 482 5690 Matth.
537 5653 587 5703 v,
637 5639 728 5697 28.

1847 3311 2122 3376 donantis,
2179 3310 2283 3364 hoc
2342 3316 2424 3363 est
2476 3306 2591 3362 Dei.
2625 3306 2932 3376 Templum,
2968 3306 3166 3375 inquit,
3192 3306 3350 3373 estis,
3384 3316 3441 3360 et

1848 3414 2119 3469 sanctum,
2170 3401 2407 3473 Spiritus
2460 3401 2715 3455 nimirum
2768 3400 2966 3454 sancti.
3000 3397 3081 3454 Ne
3136 3399 3300 3469 igitur
3323 3398 3440 3468 pol-

1848 3501 2008 3557 luatis
2060 3500 2314 3570 templum
2358 3497 2672 3554 istiusmodi
2709 3506 2982 3562 sanctum,
3026 3510 3206 3566 neque
3248 3495 3471 3550 inutile

1849 3595 2086 3651 reddatis
2128 3594 2217 3648 Dei
2249 3593 2448 3647 donum
2491 3608 2558 3647 ιιι
2591 3592 2702 3648 Deo
2746 3592 2894 3647 enim
2918 3590 3129 3646 habetis
3162 3597 3217 3645 et
3238 3590 3439 3646 donum

1850 3700 1902 3743 et
1927 3687 2212 3756 Spiritum.

1917 3776 2084 3834 Vens.
2134 3778 2226 3835 20.
2268 3800 2285 3833 ι
2322 3780 2393 3836 Ει
2421 3794 2527 3834 non
2567 3776 2702 3834 estis
2734 3775 2905 3833 vestri
2943 3777 3190 3845 ipsorum
3220 3774 3439 3845 lsiqui—
3495 3766 3500 3770 ’

1851 3872 1970 3928 dem
2012 3873 2180 3942 empti
2251 3873 2391 3929 estis
2438 3872 2638 3942 pretio.
2695 3890 2714 3923 ι
2772 3868 2885 3926 Sub
2932 3868 3184 3937 Domino,
3240 3868 3437 3938 inquit,

1850 3966 2006 4027 estis,
2053 3964 2296 4034 nihilque
2342 3963 2625 4036 proprium
2660 3962 2895 4028 habetis,
2926 3975 2992 4016 ne
3021 3960 3194 4030 ipsum
3220 3960 3441 4031 quidem

1850 4070 2063 4125 corpus.
2101 4074 2119 4107 ι
2159 4055 2332 4123 Empti
2376 4074 2395 4108 ι
2436 4056 2580 4111 enim
2631 4073 2650 4109 ι
2700 4053 2834 4109 estis
2905 4052 3105 4122 pretio,
3167 4068 3187 4106 ι
3248 4066 3444 4120 nempe

1850 4162 1945 4217 per
2005 4152 2324 4217 sanguinem
2381 4146 2608 4202 Christi.
2672 4143 2919 4201 Proinde.
2969 4146 3214 4198 membra
3260 4149 3437 4197 vestra

1853 4237 1942 4292 alii
1988 4237 2217 4292 Domino
2273 4247 2403 4294 sunt
2453 4237 2721 4308 subjecta,
2780 4247 2958 4305 etquo
3016 4234 3135 4289 vult
3166 4234 3280 4298 ille,
3312 4233 3439 4287 duci

1850 4339 2064 4399 Oportet
2117 4345 2204 4384 ea.
2238 4331 2362 4385 lianc
2399 4341 2579 4386 autem
2614 4329 2824 4394 dicens,
2877 4329 3111 4384 liberum
3150 4327 3435 4382 arbitrium

1853 4435 1958 4474 non
2013 4422 2176 4489 tollit,
2226 4430 2608 4491 caaterumpar
2653 4419 2932 4489 etjustum
2978 4434 3102 4474 esse
3151 4428 3440 4480 monstrat,

1854 4527 1952 4568 nos
1992 4514 2101 4568 Deo
2124 4515 2353 4579 servire,
2378 4530 2406 4569 a
2433 4529 2540 4585 quo
2576 4522 2634 4570 et
2660 4513 2826 4582 empti
2852 4526 3061 4567 sumus.

1928 4622 1947 4655 ι
1988 4602 2298 4659 Gloriiicate
2332 4605 2503 4659 Deum
2534 4604 2586 4657 in
2608 4618 2838 4672 corpore
2870 4611 3074 4657 vestro.
3113 4620 3132 4653 ι
3166 4600 3441 4667 Quoniam

1853 4701 2020 4765 empti
2079 4698 2232 4760 estis,
2297 4699 2494 4767 inquit,
2550 4696 2853 4767 gloriﬁcate
2912 4694 3081 4749 Deum
3119 4695 3175 4748 iu
3218 4708 3447 4762 corpore

1852 4796 2050 4854 vestro,
2107 4791 2243 4845 bona
2297 4805 2462 4859 Opera
2520 4804 2617 4858 per
2670 4803 2866 4858 corpus
2898 4787 3283 4856 perficientes,
3317 4800 3447 4839 san-

1851 4890 2106 4949 ctumque
2158 4879 2333 4949 ipsum
2396 4888 2679 4934 servantes
2726 4887 2785 4935 et
2824 4894 3041 4947 purum.
3088 4876 3443 4930 Gloritieutur

1851 4972 1994 5027 cnim
2032 4972 2196 5036 Deus,
2258 4988 2379 5028 cum
2418 4973 2555 5027 bona
2579 4986 2745 5041 Opera
2771 4981 2951 5026 vestra
2998 4968 3247 5025 homines
3290 4967 3447 5022 vide-

1856 5066 1987 5131 rint,
2016 5080 2079 5120 ac
2108 5067 2360 5137 deinceps
2388 5065 2554 5119 Deum
2579 5062 2955 5134 gloriﬁcarint.

1948 5178 1965 5210 ‹
2003 5158 2068 5213 Et
2094 5159 2288 5228 spiritu
2315 5168 2522 5215 vestro.
2559 5176 2579 5209 ›
2610 5156 2883 5227 Οειειιιιὶι,
2917 5155 3059 5223 quod
3089 5168 3193 5207 non
3217 5164 3453 5218 corpore

1858 5259 2064 5304 tantum
2109 5250 2315 5307 evitare
2355 5259 2568 5320 oportet
2614 5248 3050 5309 fornicationem,
3101 5254 3351 5297 caeterum
3387 5252 3444 5295 et

1856 5340 2059 5405 anima,
2089 5349 2148 5395 ut
2169 5356 2237 5395 ne
2261 5351 2440 5397 mente
2469 5336 3150 5407 quitlemcoinquiuemur.
3175 5333 3439 5402 Spiritum

1858 5430 2002 5483 enim
2033 5440 2269 5487 meutetu
2302 5430 2628 5486 nominavit.
2665 5428 2796 5483 Nam
2831 5425 2972 5495 quod
3005 5426 3165 5477 etiam
3200 5424 3250 5477 in
3273 5425 3437 5478 corde

1853 5531 1938 5577 est
1975 5523 2302 5579 adulterium
2346 5528 2393 5589 ⁸,
2422 5524 2474 5578 in
2504 5520 2791 5590 Evangelio
2827 5516 3167 5571 interdictum
3195 5524 3296 5568 est.

1459 5708 1659 5769 Variae
1708 5706 2041 5770 lectiones.

247 5797 287 5831 ιτ

322 5803 537 5867 πάντως
576 5822 626 5860 o.
704 5808 748 5840 ³⁸
775 5804 953 5863 αὐτῶν
977 5825 1028 5865 0.
1112 5810 1151 5843 3°
1184 5809 1240 5864 οὐ
1279 5825 1328 5867 0.

186 5870 263 5936 ρετ
288 5888 354 5927 ιιι.
432 5875 475 5907 ιδ
516 5878 610 5929 καὶ
650 5880 783 5950 μηδὲ
815 5897 887 5936 ιιι.

1412 5809 1453 5841 "°
1481 5808 1777 5878 ὲκῖννχμοῖ
1801 5823 1851 5862 ι).

1935 5810 1975 5839 δι
2016 5806 2234 5861 συνόδου
2266 5822 2320 5861 0.
2396 5802 2437 5834 ³³
2471 5798 2689 5855 πάντων
2720 5816 2773 5856 0.
2858 5798 2901 5829 ⁵³
2965 5798 3232 5867 λέγων....
3258 5801 3440 5851 suis
