3874 6644
361 434 469 500 639
1217 425 1796 491 THEOPHYLACTI
1833 422 2084 486 BULGA
2093 423 2244 484 ιὶίᾹζ
2291 422 2648 486 ARCHIEP.
3521 414 3623 479 660

439 569 461 605 ι
492 548 623 616 Quae
652 555 778 605 sunt
803 546 918 602 Dei.
955 564 974 599 ι
1014 545 1240 602 Assidue
1269 547 1322 600 in
1346 544 1665 600 memoriam
1693 557 1933 605 revocat,
1969 559 1982 596 λ

2117 561 2136 594 ι
2181 543 2370 597 Ἀτινά
2416 545 2534 596 ἐστι
2559 540 2652 594 τοῦ
2694 537 2852 594 Θεοῦ.
2888 559 2906 592 ι
2942 536 3188 608 Συνελῶς
3217 533 3624 606 ἀναμιμνήσκει

365 643 509 715 quod
560 641 612 697 iu
667 649 854 696 nostra
906 647 1178 710 potestate
1212 653 1318 694 non
1363 653 1571 704 sumus,
1629 653 1814 692 verum
1846 638 1945 691 sub

2099 653 2127 688 ξι
2156 635 2256 688 οὐκ
2289 634 2455 704 ἐσμὲν
2496 635 2727 698 ἑαυτῶν,
2763 631 2878 686 ἀλλ’
2903 633 3007 685 ὑπὸ
3054 631 3329 698 Δεσπότην
3363 625 3625 695 τελοῦμεν
3677 648 3689 654 -

366 733 596 790 Domino
648 730 756 786 Dco
814 745 1127 794 censemur,
1182 727 1274 800 qui
1302 735 1356 785 et
1398 729 1630 782 animam
1668 739 1723 784 et
1752 741 1948 796 corpus

2099 745 2139 780 ιν
2171 727 2325 795 Θεὸν,
2355 728 2448 781 τὸν
2497 727 2592 780 καὶ
2622 725 2800 798 ψυχὴν
2834 725 2931 779 καὶ
2974 725 3134 795 σῶμα
3163 719 3322 793 ἡμῶν
3359 718 3625 790 ἐξα-ιορά-

369 833 618 880 nostrum
649 823 910 892 sanguine
934 825 1179 877 redemit.

958 935 1188 992 CAPUT
1239 936 1353 993 VII.

440 1052 610 1107 Vens.
671 1053 718 1107 Ι.
755 1069 775 1104 ι
839 1049 916 1105 De
937 1050 1132 1120 quibus
1184 1059 1363 1106 autem
1398 1053 1694 1121 scripsistis
1727 1049 1882 1105 mihi.
1925 1068 1944 1102 ι

371 1142 560 1198 Sectas
622 1141 880 1205 correxit,
943 1139 1384 1205 fornicationem,
1448 1143 1732 1195 avaritiam
1783 1159 1796 1195 :
1839 1140 1952 1210 jam

371 1249 517 1289 nunc
545 1247 676 1288 vero
701 1233 768 1288 de
802 1232 1004 1300 nuptiis
1036 1240 1089 1286 et
1117 1231 1429 1302 virginitate
1458 1234 1668 1288 statuit.
1705 1232 1953 1303 Scripse-

374 1335 497 1381 raut
526 1327 671 1380 enim
700 1326 771 1392 ei,
812 1341 940 1380 num
973 1325 1351 1381 abstinendum
1394 1334 1536 1382 esset
1563 1328 1630 1382 ab
1653 1341 1842 1394 uxore,
1884 1343 1952 1382 an

383 1433 566 1474 secus.

451 1529 471 1562 ‹
529 1510 735 1564 Bonum
793 1509 1098 1565 esthomini
1167 1509 1443 1565 mulierem
1493 1526 1599 1566 non
1635 1520 1873 1582 tangere.
1929 1529 1949 1564 ›

382 1602 608 1666 Βοιιυηι,
662 1600 860 1672 inquit,
919 1611 972 1656 et
1005 1602 1262 1657 eximium
1298 1614 1382 1657 est
1418 1603 1592 1658 cuivis
1626 1601 1955 1668 mortalium,

379 1708 480 1747 nec
515 1693 611 1748 soli
647 1693 912 1747 sacerdoti
937 1693 1189 1764 (perinde
1224 1707 1287 1750 ac
1333 1693 1569 1747 nonnulli
1592 1693 1728 1747 niale
1763 1693 1960 1749 intelli-

381 1787 538 1856 gunt)
599 1785 877 1840 mulierem
928 1799 1151 1854 prorsus
1183 1800 1290 1840 nou
1326 1784 1612 1852 attingere,
1651 1787 1746 1841 sed
1794 1785 1962 1856 virgi-

2051 839 2240 878 σαντα.

2654 937 2907 994 ΚΕΦΑΛ.
2947 933 3021 991 Ζ’.

2131 1077 2148 1110 ι
2185 1057 2316 1127 Περὶ
2369 1056 2425 1114 δὲ
2473 1047 2548 1109 ὧν
2593 1051 2873 1122 ἐγράψατε
2921 1066 3032 1120 μοι.
3066 1067 3086 1100 ι
3141 1043 3504 1117 Διωρθώσατο
3557 1043 3624 1097 τά

2054 1150 2349 1220 σχίσματα,
2406 1146 2504 1217 τὴν
2541 1143 2823 1215 πορνείαν,
2869 1140 2969 1211 τὴν
3023 1135 3377 1202 πλεονεξίαν·
3412 1133 3508 1188 νῦν
3536 1129 3625 1187 οὖν

2054 1240 2184 1312 περὶ
2226 1239 2404 1308 γάμου
2461 1239 2557 1291 καὶ
2599 1231 3309 1306 παρθενίαςδιατάττεται.
3344 1224 3624 1297 Ἔγραψαν

2055 1335 2165 1403 γὰρ
2193 1331 2365 1402 αὐτῷ,
2397 1331 2445 1385 εί
2470 1331 2551 1384 δεῖ
2573 1327 2833 1397 γυναικὸς
2862 1322 3189 1396 ἀπέχεσθαι,
3211 1321 3246 1392 ἢ
3283 1318 3369 1373 οὗ.

2136 1531 2155 1565 ι
2184 1511 2368 1566 Καλὸν
2421 1507 2694 1580 ἀνθρώπῳ
2745 1503 3004 1574 γυναικὸς
3038 1501 3114 1573 μὴ
3157 1498 3453 1556 ἅπτεσθαι.
3495 1515 3516 1550 ι
3564 1498 3631 1552 T6

2062 1605 2161 1676 μὲν
2192 1602 2358 1658 καλὸν
2390 1601 2488 1656 καὶ
2505 1599 2567 1654 τὸ
2594 1597 2860 1668 ὑπερέχον
2891 1594 3030 1677 ἐστὶ,
3049 1592 3212 1663 φησὶ,
3243 1592 3409 1644 παντὶ
3433 1587 3633 1658 ἀνθρὼ-

2060 1716 2168 1769 mp,
2218 1697 2313 1750 καὶ
2335 1695 2394 1750 οὐ
2431 1696 2591 1764 μόνον
2650 1692 2788 1762 ἱερεῖ
2832 1688 2931 1760 (ὦς
2979 1703 3130 1748 τινες
3173 1683 3360 1746 κακῶς
3415 1680 3632 1745 νοοῦσι),

2059 1790 2124 1844 τδ
2146 1789 2283 1853 ὅλως
2319 1788 2394 1860 μὴ
2438 1787 2713 1842 ἅπτεσθαι
2748 1783 3028 1853 γυναικὸς,
3063 1781 3198 1836 ἀ).λά
3249 1777 3632 1851 παρθενεύειν·

380 1891 504 1932 nem
530 1891 868 1945 permanere.
901 1875 1096 1932 Tutior
1118 1884 1321 1944 autem,
1361 1885 1598 1933 nostram
1626 1877 1965 1932 imbecillita-

2099 1883 2134 1936 γὸ
2159 1883 2216 1938 δὲ
2250 1881 2654 1952 ἀσφαλέστερον
2683 1879 2776 1932 καὶ
2825 1875 3053 1948 βοηθοῦν
3097 1873 3257 1946 ήμῶν
3280 1876 3346 1943 τῇ
3391 1871 3638 1942 ἀσθενείᾳ

387 1978 492 2021 tem
523 1968 812 2036 plurimum
843 1965 1108 2036 adiuvans
1138 1977 1220 2023 est
1243 1967 1576 2024 matrimonii
1601 1982 1714 2024 res.
1750 1967 1958 2024 Subin-

383 2060 494 2114 fcrt
517 2062 678 2130 igitur
705 2079 719 2115 :

461 2150 642 2206 Vens.
677 2150 733 2206 2.
776 2169 794 2204 ι
851 2151 1080 2222 Propter
1114 2151 1504 2210 fornicationes
1554 2162 1762 2218 autem,
1799 2168 1967 2210 unus-

388 2241 618 2311 quisque
668 2243 942 2312 propriam
1003 2257 1226 2298 uxorem
1274 2245 1494 2309 habeat,
1521 2255 1578 2300 et
1631 2258 1969 2314 unaque-que

371 2348 547 2409 suum
604 2334 782 2388 virum
820 2335 1040 2390 habeat.
1077 2353 1097 2388 ι
1138 2335 1212 2390 De
1257 2344 1487 2405 utraque
1531 2345 1688 2406 parte
1722 2336 1967 2392 disserit.

389 2423 698 2481 Verisimile
765 2435 846 2481 est
896 2427 1040 2481 enim
1076 2427 1251 2482 virum
1309 2429 1699 2484 continentiam
1759 2442 1965 2494 amare,

389 2518 671 2574 mulierem
734 2517 890 2588 157
928 2528 1110 2574 autem
1169 2534 1277 2573 non
1337 2520 1627 2574 item:aut
1666 2534 1698 2571 e
1755 2520 1971 2575 diverso

400 2625 420 2659 ι
465 2606 690 2676 Pr0pter
719 2606 1110 2663 fornicationes
1134 2619 1336 2673 autem,
1383 2628 1403 2661 ι
1457 2610 1664 2676 dicens,
1699 2610 1974 2679 compellit

394 2713 495 2755 nos
525 2700 592 2754 ad
631 2701 1043 2756 continentiam.
1076 2699 1134 2754 Si
1162 2702 1308 2756 enim
1331 2712 1553 2772 propter
1583 2702 1974 2759 fornicationes

398 2794 595 2864 nuptiae
630 2795 1038 2863 permittuntur,
1065 2809 1170 2849 non
1202 2793 1396 2848 debent
1425 2795 1652 2863 posthac
1690 2795 1972 2850 matrimo-

399 2886 492 2940 nio
516 2885 690 2954 juncti
729 2886 1177 2953 intemperanter,
1211 2884 1306 2939 sed
1346 2885 1536 2954 pudice
1552 2886 1830 2956 congredi.

479 2978 639 3032 Vens.
671 2979 721 3032 3.
760 2994 779 3027 ί
824 2976 990 3033 Uxori
1024 2981 1253 3036 maritus
1281 2979 1515 3035 debitam
1545 2979 1974 3034 benevolentiam

403 3067 628 3134 reddat;
659 3067 909 3122 similiter
938 3079 992 3124 et
1023 3085 1159 3126 uxor
1187 3073 1403 3126 marito.
1438 3088 1457 3121 ι
1485 3069 1722 3125 debitum
1757 3070 1975 3143 (inquit)

403 3166 637 3232 imbutis,
675 3174 912 3220 mutuam
937 3182 1066 3238 erga
1097 3183 1190 3224 vos
1219 3167 1672 3224 benevolentiam.
1701 3168 1980 3236 Quatenus

405 3259 572 3329 igitur
611 3258 867 3326 debitum,
903 3263 1275 3317 necessarium
1307 3271 1409 3330 est,
1437 3271 1494 3314 ut
1522 3261 1661 3315 hanc
1688 3262 1840 3318 vehis
1872 3279 1984 3320 mu-

408 3359 554 3404 tuam
589 3350 876 3416 praestetis.

483 3441 648 3495 Vens.
689 3441 744 3496 4.
777 3461 796 3494 ι
850 3441 1001 3499 Uxor
1036 3445 1238 3516 proprii
1273 3449 1516 3516 corporis
1565 3465 1670 3507 non
1703 3453 1863 3508 nahet
1890 3467 1986 3522 po-

412 3542 684 3598 tcStatem,
708 3534 818 3589 sed
861 3537 1134 3593 maritus:
1169 3539 1421 3596 similiter
1460 3555 1642 3599 autem
1683 3556 1738 3601 et
1761 3547 1990 3602 maritus

413 3627 615 3696 pr0prii
643 3629 889 3698 corporis
918 3639 1241 3699 potestatem
1274 3649 1380 3689 non
1409 3636 1591 3704 habet,
1621 3638 1714 3692 sed
1763 3653 1918 3694 uxor.
1962 3656 1983 3690 ›

413 3719 563 3785 Quod
617 3721 854 3776 debitum
907 3724 1000 3788 sit,
1049 3735 1104 3780 et
1136 3724 1296 3780 veluti
1330 3742 1418 3784 res
1467 3730 1770 3785 necessaria
1805 3741 1992 3786 mutua

412 3808 817 3878 benevolentia,
856 3831 998 3871 nunc
1041 3817 1396 3874 demonstrat.
1431 3819 1548 3875 Non
1596 3822 1764 3887 enim,
1794 3823 1991 3892 inquit,

415 3914 734 3973 potestatem
771 3909 972 3963 habent
997 3923 1305 3980 corporum,
1333 3913 1426 3966 sed
1451 3912 1593 3968 enim
1637 3929 1774 3969 uxor
1813 3916 1994 3970 mariti

414 4008 472 4050 et
511 4011 669 4051 serva
711 4008 792 4052 est
834 4008 889 4054 et
920 4000 1136 4054 domina
1164 3986 1384 4057 {serva
1436 4004 1677 4072 quidem,
1727 4015 1995 4076 quatenus

419 4104 535 4142 non
575 4088 741 4144 habet
797 4092 1004 4160 proprii
1048 4093 1294 4162 corporis
1354 4102 1698 4163 potestatem,
1731 4108 1790 4151 ut
1820 4097 1998 4152 tradat

419 4179 596 4248 ipsum
629 4179 827 4250 quibus
855 4182 1002 4245 velit,
1035 4193 1290 4238 caeterum
1341 4187 1574 4242 maritus
1613 4188 1919 4243 dominatur
1943 4189 1996 4244 in

419 4271 594 4339 ipsum
624 4273 876 4328 :domina
908 4287 1060 4340 vero,
1093 4283 1360 4344 quatenus
1382 4291 1572 4332 rursus
1597 4279 1779 4333 mariti
1802 4294 1998 4350 corpus

421 4363 593 4432 ipsius
631 4374 736 4432 est,
771 4380 873 4421 nec
924 4365 1090 4422 habet
1115 4366 1159 4422 is
1190 4370 1433 4437 corporis
1459 4370 1541 4424 sui
1571 4379 1916 4441 potestatem,
1941 4385 2000 4430 ut

424 4453 601 4508 tradat
625 4455 803 4525 ipsum
835 4457 1055 4512 scortis.
1085 4457 1432 4513 Consimilem
1455 4460 1523 4514 ad
1557 4461 1818 4518 rationem
1837 4466 2001 4520 mari~

421 4554 508 4600 tus
533 4556 638 4614 est,
661 4563 783 4602 cum
810 4564 1000 4604 servus
1030 4559 1139 4604 tum
1167 4550 1417 4606 dominus
1450 4567 1560 4608 sua:
1589 4552 1853 4626 conjugis.

498 4639 662 4694 Vens.
695 4641 750 4698 5.
784 4659 803 4694 ι
843 4641 922 4698 Ne
955 4643 1294 4700 defraudctis
1325 4659 1422 4700 vos
1467 4656 1676 4714 mutuo,
1716 4649 1823 4704 nisi
1873 4650 2004 4720 quid

424 4749 492 4790 ex
523 4746 790 4788 consensu
831 4735 899 4788 ad
939 4742 1172 4804 tempus.
1217 4753 1238 4788 ι
1280 4735 1392 4792 Hoc
1443 4748 1556 4804 est,
1610 4739 1778 4795 invito
1809 4742 2006 4796 marito

427 4838 493 4878 ne
523 4822 795 4878 contineat
817 4838 987 4890 uxor;
1013 4825 1097 4879 vel
1135 4827 1386 4892 maritus,
1436 4829 1653 4886 uolente
1686 4845 1876 4886 uxore.
1909 4831 2006 4886 Al-

428 4925 601 4970 terum
622 4913 766 4970 enim
787 4915 959 4970 altero
983 4915 1154 4971 invito
1177 4916 1317 4972 istud
1340 4917 1540 4988 facere,
1565 4932 1646 4976 est
1667 4921 2008 4990 defraudare,

427 5006 876 5076 quemadmodum
909 5016 963 5060 et
991 5007 1056 5062 de
1078 5009 1321 5077 pecuniis
1347 5009 1552 5066 dicitur
1573 5029 1586 5066 :
1614 5011 1829 5068 volente
1850 5028 2000 5081 vero,

428 5114 533 5154 non
567 5099 716 5166 item,
751 5114 850 5154 ceu
888 5098 1108 5169 quando
1143 5115 1210 5154 ex
1265 5114 1539 5156 consensu
1570 5104 1782 5174 utrique
1820 5121 2004 5173 segre-

428 5191 674 5262 gaveriut
703 5189 906 5262 aliquid
937 5192 1218 5261 temporis,
1255 5199 1312 5246 ut
1334 5192 1476 5248 inter
1507 5208 1628 5250 sese
1673 5196 1999 5252 abstineant.

507 5388 527 5421 ι
579 5368 650 5425 Ut
687 5369 892 5424 vacetis
939 5368 1148 5438 jejunio
1194 5377 1248 5424 ct
1293 5369 1549 5424 orationi.
1607 5389 1624 5423 ι
1680 5370 2004 5443 Interpreta-

432 5471 519 5514 tur
566 5459 840 5528 quomodo
894 5459 1112 5524 dixerit,
1181 5477 1200 5510 ι
1263 5459 1343 5515 Ad
1406 5469 1633 5530 tempus,
1707 5482 1727 5516 ι
1793 5467 2008 5536 quando

429 5549 634 5606 scilicet
683 5559 895 5620 tempus
952 5548 1116 5605 fuerit
1178 5563 1375 5605 vacare
1441 5551 1715 5618 orationi,
1774 5555 1878 5610 hoc
1925 5567 2009 5612 est

2026 4551 2073 4608 D

2065 1975 2263 2030 ἔστιτὸ
2290 1973 2386 2029 τοῦ
2416 1973 2597 2045 γάμου
2627 1973 2841 2044 χρῆμα.
2888 1969 3172 2039 Ἐπιφέρει
3200 1963 3326 2022 οῦν*

2145 2173 2164 2208 ι
2198 2153 2296 2206 Διά
2322 2152 2378 2207 δέ
2403 2151 2502 2215 τάς
2516 2151 2795 2223 πορνείας,
2815 2150 3044 2212 ἕκαστος
3069 2147 3168 2219 τὴν
3194 2144 3388 2202 ἑαυτοῦ
3417 2147 3641 2214 γυναῖκα

2068 2250 2261 2321 ἐχέτω,
2297 2249 2394 2303 καὶ
2424 2249 2630 2319 ἑκάστη
2676 2248 2766 2300 τὸν
2800 2245 2932 2299 ίδιον
2979 2243 3150 2314 ἄνδρα
3203 2241 3396 2311 ἐχέτω.
3437 2257 3456 2291 ι
3515 2238 3642 2308 Περὶ

2070 2343 2332 2413 ἐκατέρου
2391 2341 2592 2413 μέρους
2621 2338 2955 2404 διαλέγεται.
2982 2335 3146 2397 Eine;
3168 2333 3275 2404 γὰρ
3302 2331 3396 2386 τὸν
3427 2329 3528 2402 μὲν
3553 2331 3643 2384 ἀν-

2069 2437 2172 2508 δρα
2191 2436 2438 2506 στέργειν
2463 2433 2508 2468 “
2539 2433 2638 2504 τὴν
2665 2429 3044 2502 σωφροσύνην,
3082 2429 3180 2499 τὴν
3205 2426 3262 2480 δὲ
3295 2427 3535 2494 γυναῖκα
3552 2420 3641 2476 οὔθ

2071 2528 2106 2600 ἢ
2135 2528 2228 2582 καὶ
2263 2527 2325 2581 τὸ
2351 2525 2612 2598 ἔμπαλιν.
2666 2543 2685 2576 ι
2722 2523 2822 2577 Διά
2846 2521 2906 2576 δὲ’
2930 2522 3028 2584 τὰς
3064 2517 3343 2590 πορνείας,
3385 2534 3404 2567 ι
3458 2513 3641 2577 εἰπὼν,

2071 2621 2154 2682 είς
2176 2618 2509 2690 ἐγκράτειαν
2549 2617 2800 2670 συνωθεῖ.
2843 2614 2906 2667 Ei
2941 2613 3050 2682 γὰρ
3081 2611 3170 2666 διὰ
3200 2610 3300 2672 τὰς
3336 2605 3590 2678 πορνείας
3613 2606 3643 2659 6

2073 2713 2250 2782 γάμος
2275 2711 2658 2782 συγχωρεῖται,
2687 2709 2789 2762 οὑκ
2816 2706 3090 2775 ὀφείλουσι
3120 2701 3306 2756 λοιπὸν
3325 2699 3376 2754 οἱ
3409 2701 3470 2753 ἐν
3490 2699 3600 2770 γάμ

2073 2802 2387 2867 ἀκολάστως
2417 2800 2792 2874 συνέρχεσθαι,
2818 2799 2954 2855 ἀλλὰ
2982 2795 3295 2873 σωφρόνως.
3569 2829 3574 2832 -

2156 3005 2176 3039 ‹
2201 2985 2280 3057 Τῇ
2311 2984 2534 3054 γυναικὶ
2558 2984 2586 3037 6
2613 2983 2754 3054 ἀνὴρ
2771 2982 2871 3054 τὴν
2899 2981 3258 3054 ὀφειλομένην
3282 2981 3497 3036 εὔνοιαν
3519 2981 3647 3034 ἀποο

2078 3076 2300 3132 διδότω’
2337 3075 2539 3147 ὁμοίως
2587 3076 2646 3130 δέ
2675 3075 2834 3145 καὶὴ
2873 3074 3010 3144 γυνὴ
3056 3073 3134 3144 τῷ
3178 3072 3354 3144 ἀνδρί.
3392 3092 3411 3126 ι
3447 3071 3643 3143 Χρέος,

2084 3171 2271 3241 φησὶν,
2317 3168 2502 3239 ἔχετε,
2545 3169 2644 3240 τὴν
2684 3166 3122 3239 πρδςάλλήλους
3164 3164 3411 3218 εὔνοιανο
3443 3163 3516 3228 ὡς
3558 3159 3646 3217 οὖν

2085 3264 2277 3336 χρέος,
2329 3262 2632 3330 ἀναγκαῖόν
2695 3263 2844 3315 ἐστιν
2891 3261 3038 3332 ὑμᾶς
3094 3253 3408 3314 ἀποδιδόναι
3453 3257 3650 3327 ταύτην

2087 3355 2361 3426 ἀλλήλοις.

2167 3465 2186 3498 ι
2229 3446 2296 3498 Ἦ
2331 3445 2471 3516 γυνὴ
2503 3442 2598 3499 τοῦ
2628 3444 2758 3499 ίδίου
2786 3443 3038 3514 σώματος
3064 3444 3164 3500 οὐκ
3190 3444 3523 3512 ἐξουσιάζει,
3543 3443 3649 3497 ἀλλ’

2088 3539 2118 3591 6
2147 3539 2246 3606 ἀνή
2257 3555 2288 3610 ρ
2305 3554 2318 3568 ·
2344 3537 2546 3608 ὁμοίως
2573 3537 2629 3590 δὲ
2655 3537 2749 3591 καὶ
2777 3538 2807 3590 6
2829 3537 2970 3608 ἀνὴρ
2991 3536 3086 3590 τοῦ
3123 3536 3254 3590 ἰδίου
3288 3535 3541 3606 σώματος
3560 3536 3652 3588 οὐκ

2091 3629 2414 3696 ἐξουσιάζει,
2445 3629 2559 3683 ἀλλ’
2593 3631 2626 3699 ἡ
2662 3631 2824 3702 γυνη.
2882 3648 2900 3682 ι
2959 3628 3085 3683 Ὀτι
3127 3629 3318 3698 ὀφειλὴ
3347 3628 3444 3681 καὶ
3501 3627 3654 3698 χρέος

2094 3724 2244 3777 ἐστὶν
2275 3725 2309 3792 ἡ
2352 3722 2490 3793 πρὸς
2527 3721 2794 3793 ἀλλήλους
2831 3719 3045 3785 εὔνοια,
3096 3719 3194 3774 νῦν
3239 3720 3534 3774 δείκνυσιν.
3585 3719 3654 3773 Οὐ

2093 3814 2203 3884 γὰρ
2233 3813 2607 3880 ἐξουσιάζουσι
2625 3851 2640 3875 ,
2672 3812 2826 3883 φησὶ,
2853 3811 2964 3865 τῶν
2989 3811 3278 3882 σωμάτων,
3306 3811 3422 3864 ἀλλ’
3444 3813 3478 3880 ἡ
3503 3812 3653 3881 γυνὴ,

2095 3905 2190 3958 καὶ
2217 3902 2378 3973 δούλη
2408 3902 2503 3956 xui.
2525 3901 2783 3954 δέσποινά
2805 3903 2922 3956 ἐστι
2942 3901 3036 3955 τοῦ
3067 3901 3259 3969 ἀνδρός
3280 3916 3295 3931 ·
3319 3900 3507 3972 δούλη,
3537 3900 3654 3954 καθ’

2094 3994 2124 4048 ὃ
2150 3994 2210 4048 τὸ
2237 3995 2367 4047 ίδιον
2394 3993 2553 4064 σῶμα
2582 3993 2683 4046 οὐκ
2713 3991 2827 4064 ἔχει
2873 3993 3014 4063 αὐτὴ
3045 3993 3103 4046 ἐν
3137 3992 3391 4064 ἐξουσίᾳ,
3419 3992 3560 4047 ὥστε
3581 3991 3655 4046 δι-

2095 4087 2243 4141 δὸναι
2266 4087 2398 4142 αὐτὸ
2425 4080 2506 4150 οἷς
2533 4085 2817 4157 βούλεται,
2844 4085 2959 4139 ἀλλ’
2982 4088 3010 4139 6
3029 4085 3167 4155 ἀνὴρ
3190 4084 3444 4150 δεσπόζει
3461 4084 3620 4140 αὑτοῦ
3639 4100 3652 4116 ο

2096 4181 2351 4237 δέσποινα
2382 4180 2459 4243 δὲ,
2495 4179 2629 4234 διότι
2658 4178 2820 4233 πάλιν
2851 4179 2912 4232 τὺ
2947 4176 3045 4232 τοῦ
3089 4178 3282 4250 ἀνδρὸς
3313 4177 3474 4248 σῶμα
3497 4177 3658 4247 αὐτῆς

2097 4275 2235 4339 ἐστι,
2265 4272 2361 4326 καὶ
2387 4271 2489 4325 οὐκ
2512 4271 2626 4342 ἔχει
2661 4272 2866 4333 ἐκεῖνος
2886 4268 3052 4340 αὐτοῦ
3079 4269 3201 4336 ἐξου
3215 4270 3360 4331 σίαν.
3386 4268 3526 4324 ὥστε
3546 4272 3656 4334 ταῖς

2099 4366 2330 4436 πόρναις
2356 4363 2557 4418 διδόναι
2599 4363 2751 4418 αὐτὸ.
2809 4362 3041 4434 Ὁμοίως
3065 4358 3162 4416 οὖν
3206 4362 3302 4416 καὶ
3327 4364 3354 4416 6
3380 4362 3536 4434 ἀνὴρ,
3571 4364 3657 4420 καὶ

2099 4458 2283 4523 δοῦλός
2305 4457 2421 4512 ἐστι
2455 4457 2551 4512 καὶ
2587 4454 2857 4527 δεσπότης
2879 4455 2979 4525 τῆς
3009 4457 3288 4524 γυναικός.

2180 4651 2198 4686 ι
2246 4632 2338 4702 Μὴ
2372 4629 2725 4698 ἀποστερεῖτε
2758 4627 3058 4698 ἀλλήλους,
3092 4627 3142 4681 εί
3175 4618 3308 4698 μήτι
3335 4627 3403 4684 ἂν
3435 4628 3498 4681 ἐκ
3533 4644 3658 4698 συμ-

2103 4727 2281 4797 φώνου
2309 4725 2448 4796 πρὸς
2475 4725 2687 4795 καιρόν.
2727 4740 2746 4774 ι
2775 4722 3087 4786 Τουτέστιν,
3111 4719 3336 4781 ἄκοντος
3365 4719 3461 4774 τοῦ
3484 4719 3656 4789 ἀνδρὸς

2109 4819 2185 4890 μὴ
2229 4815 2650 4888 ἐγκρατευέσθω
2677 4813 2904 4898 ὴογυνὴ,
2951 4812 2986 4884 ἦ
3018 4813 3048 4865 6
3077 4811 3238 4883 ἀνὴρ,
3269 4811 3370 4879 τῆς
3416 4809 3657 4880 γυναικὸς

2111 4909 2187 4981 μὴ
2233 4909 2584 4980 βουλομένης.
2625 4905 2700 4959 Τὸ
2761 4905 2892 4976 γὰρ,
2938 4903 3164 4966 ἄκοντος
3207 4901 3306 4956 τοῦ
3350 4902 3538 4974 ἐτέρου
3578 4900 3658 4956 τὸν

2109 5001 2297 5072 ἕτερον
2342 4997 2502 5054 τοῦτο
2529 4999 2725 5063 ποιεῖν,
2773 4996 3095 5066 ἀποστερεῖν
3136 4993 3310 5059 ἐστιν,
3356 4993 3546 5061 ὥσπερ
3575 4991 3659 5046 καὶ

2111 5092 2205 5146 ἐπὶ
2243 5091 2351 5145 τῶν
2372 5090 2673 5160 χρημάτων
2699 5086 2918 5156 λέγεται
2937 5102 2951 5116 ·
2985 5085 3046 5139 τὸ
3073 5084 3132 5138 δὲ
3162 5084 3410 5148 ἑκόντος,
3455 5083 3658 5138 οὐκέτιο

2108 5180 2250 5246 οἷον,
2274 5183 2402 5237 ὃταν
2421 5183 2484 5235 ἐκ
2509 5177 2800 5250 συμφώνου
2824 5180 2872 5232 oi.
2897 5176 2990 5232 δύο
3019 5177 3320 5248 ἁφορίσωσι
3345 5176 3534 5247 καιρόν
3552 5190 3661 5229 τινα

2110 5277 2192 5341 είς
2227 5274 2288 5328 τὸ
2317 5271 2613 5342 ἀπέχεσθαι
2638 5268 2904 5340 ἀλλήλων.

2191 5386 2210 5420 ι
2247 5367 2366 5422 Ἱνα
2397 5364 2694 5435 σχολάζητε
2730 5365 2795 5433 τῇ
2827 5361 3054 5431 νηστείᾳ
3082 5362 3176 5414 καὶ
3214 5363 3279 5430 τῇ
3313 5359 3604 5438 προσευχῇ.
3633 5372 3651 5407 ι

2123 5457 2472 5531 Ἐρμηνεύει,
2506 5455 2624 5517 πῶς
2667 5449 2788 5506 εἷπε
2821 5453 2905 5518 τὸ,
2956 5470 2975 5504 ι
3011 5451 3155 5522 Πρὸς
3184 5451 3398 5523 καιρὸν,
3450 5468 3468 5501 ι
3510 5449 3660 5518 ἧγουν

2113 5557 2242 5609 ὅταν
2275 5551 2464 5626 καιρὸς
2595 5546 2856 5620 σχολάσαι
2888 5547 2954 5618 τῇ
3005 5545 3312 5617 προσευχῇ,
3364 5540 3655 5602 τουτέστιν,

1698 5695 1896 5758 Varia)
1933 5697 2264 5762 lectiones.

511 5842 554 5874 “
585 5841 831 5910 ἐνεργεῖν
861 5855 915 5895 o.
