3874 6598
221 383 310 448 6U

968 374 1378 437 EXPOSITIO
1419 375 1504 437 IN
1541 373 1787 436 EPIST.
1829 371 1858 431 Ι
1896 371 1998 432 AD
2034 371 2202 433 (ΞΟΠ.
2227 397 2294 409 -
2322 373 2484 438 CAP.
2514 373 2651 436 Vll.

3362 378 3468 444 642

220 491 611 562 ἐπιτεταμένως
640 486 916 552 εὔξασθαι.
951 489 1025 540 Οὐ
1053 487 1164 557 γὰρ
1198 484 1350 541 εἶπεν
1400 486 1610 550 ἁπλῶς,
1654 486 1773 538 Ἵνα

1908 491 2090 538 Mense
2145 485 2361 540 oramli.
2416 487 2535 541 Non
2592 486 2736 541 enim
2782 486 2920 544 dixit
2980 490 3326 561 simpliciter.
3392 497 3463 550 Ut.

219 581 598 660 προσεύξησοε,
638 579 774 644 ἀλλ’,
808 598 826 630 t
857 580 973 632 Ἵνα
1001 579 1299 650 σχολάζητε
1325 582 1390 650 τῇ
1423 580 1724 649 προσευχῇ.
1756 597 1774 628 ι

220 681 274 734 Ei
305 676 347 708 “
380 674 480 743 γὰρ
511 671 607 726 τοῦ
637 670 816 733 ἁπλῶς
851 669 1104 739 εὔχεσθαι
1131 670 1387 740 ἀπείργει
1417 671 1542 732 τοὺς
1575 669 1784 722 συνιόν-

218 788 325 833 τας,
370 766 485 829 πῶς
513 762 748 833 ἀλλαχοῦ
791 777 991 833 φησιν’
1043 781 1061 814 t
1112 763 1500 826 ’Λδιαλείπτως
1543 761 1782 833 προσεύ-

220 862 397 933 χεσθε;
431 877 450 911 ι
498 859 586 922 Ὠς
615 857 681 910 ἀν
722 854 816 909 οῦν
858 857 892 925 η
926 855 1062 926 εὐχὴ
1092 855 1490 918 σπουδαιοτέρα
1515 855 1778 924 γένηται,

220 949 498 1022 ἀπέχεσθε,
529 949 716 1017 φησὶν,
749 945 1022 1016 ἀλλήλων,
1051 945 1128 1010 ὡς
1153 947 1253 1017 τῆς
1276 943 1478 1018 μίξεως
1497 945 1782 1016 ἀσχολίαν,

219 1043 308 1096 οὐκ
333 1037 696 1107 ἀκαθαρσίαν,
726 1035 1006 1107 ποιούσης.

288 1152 306 1184 ι
333 1131 440 1184 Kal.
465 1130 632 1183 πάλιν
661 1129 755 1182 ἐπὶ
781 1129 841 1182 τὸ
871 1127 1004 1182 αὐτὸ
1043 1126 1402 1199 συνέρχεσθε,
1441 1126 1532 1182 ἵνα
1562 1126 1639 1200 μὴ
1666 1144 1786 1181 πει-

223 1226 348 1297 ράζῃ
378 1224 520 1293 ὑμᾶς
553 1224 582 1276 ὁ
610 1223 856 1285 Σατανᾶς
887 1220 976 1274 διὰ
1005 1221 1105 1291 τὴν
1135 1221 1413 1292 ἀκρασίαν
1447 1221 1622 1292 ὑμῶν.
1661 1240 1680 1274 ›
1713 1220 1786 1274 Τὸ

222 1318 366 1373 πάλιν
398 1314 754 1387 συνέρχεσθαι
781 1314 949 1384 ὑμᾶς,
981 1314 1165 1384 φησὶν,
1201 1312 1262 1365 οὺ
1285 1312 1592 1382 νομοθετῶν
1615 1312 1782 1382 λέγω,

222 1410 325 1466 ἀλλ’
361 1426 380 1461 r
417 1409 504 1462 ἵνα
531 1409 608 1478 μὴ
646 1407 883 1477 πειράζῃ
921 1406 1067 1477 ὑμᾶς
1091 1407 1119 1459 ὀ
1149 1405 1418 1471 Σατανᾶς,
1463 1424 1482 1457 ι
1527 1406 1607 1469 είς
1646 1422 1784 1475 πορν

220 1500 352 1554 νείαν
399 1496 635 1569 δηλαδή.
700 1496 856 1549 Ἐπεὶ
899 1495 956 1549 δὲ
989 1497 1018 1548 ὁ
1044 1493 1296 1558 διάϐολος
1343 1494 1404 1547 οὐ
1437 1493 1561 1547 καθ’
1593 1495 1785 1548 ἑαυτὸν

220 1571 379 1654 αττιος
420 1591 520 1660 τῆς
565 1587 849 1659 πορνείας,
905 1585 1045 1640 ἀλλὰ
1087 1585 1520 1658 προηγουμένως
1557 1587 1591 1655 ὴ
1627 1586 1786 1656 ἡμῶν

223 1683 472 1757 ἀκρασία*
493 1682 748 1754 ἐπήγαγε
764 1697 778 1710 ·
809 1700 827 1733 ι
853 1679 950 1734 Διά
970 1680 1071 1751 τὴν
1090 1680 1363 1751 ἀκρασίαν
1385 1679 1557 1750 ὑμῶν.
1593 1699 1613 1733 ι
1636 1679 1783 1750 Αὕτη

224 1774 321 1844 γὰρ
350 1771 556 1842 ήαὶτία
585 1770 682 1824 τοῦ
713 1770 809 1823 καὶ
841 1769 932 1823 τὸν
955 1769 1202 1823 διάϐολον
1235 1771 1519 1841 πειράζειν
1541 1772 1714 1841 ἡμᾶς.

1885 574 2052 629 oretis
2079 593 2092 629 :
2125 577 2242 642 sed,
2271 595 2289 628 ι
2329 576 2396 632 Ut
2425 581 2631 632 vacetis
2661 579 2917 635 orationi.
2959 600 2978 634 ι
3011 581 3066 636 Si
3091 584 3235 638 enim
3259 585 3468 655 simpli—

1885 663 2022 718 citer
2079 663 2148 719 ab
2181 667 2388 721 orando
2417 682 2512 722 eos
2541 667 2631 735 qui
2664 684 2958 739 congressu
3006 684 3250 740 utuntur,
3282 677 3467 744 probi.

1885 753 2069 819 heret;
2098 759 2369 824 quomodo
2394 758 2521 812 alibi
2545 760 2671 813 dicit
2703 778 2716 814 :
2755 778 2771 810 ι
2798 759 3139 819 lnccssamer
3171 777 3319 822 orate
3345 769 3366 805 ⁸
3395 769 3416 822 ?
3443 790 3462 822 ι

1885 843 1961 900 Ut
1991 845 2155 914 igitur
2188 851 2364 903 oratio
2417 848 2720 905 ferventior
2759 852 2874 917 ﬂat,
2928 855 3216 922 abstinete,
3270 858 3467 928 inquit.

1887 936 2032 993 alius
2084 939 2152 991 ab
2185 939 2293 994 alio
2334 957 2348 994 :
2384 940 2547 995 veluti
2580 957 2907 1013 congressus
2938 961 3046 1001 non
3098 948 3466 1018 impuritatem

1886 1029 2072 1097 faciat,
2093 1033 2187 1088 sed
2213 1035 2489 1104 negotium
2525 1035 2784 1093 facessat.

1963 1141 1984 1176 ε
2043 1124 2109 1178 Et
2136 1141 2326 1180 rursus
2369 1127 2420 1180 in
2459 1128 2600 1182 idem
2638 1133 2997 1199 conveniatis,
3064 1151 3130 1191 ne
3167 1147 3334 1194 tentet
3376 1156 3472 1192 vos

1887 1214 2117 1272 Satanas
2141 1228 2358 1288 propter
2381 1219 2829 1278 incontinentiam
2853 1235 3113 1280 vestram.
3149 1247 3168 1279 ι
3216 1229 3373 1295 Illud,
3407 1242 3465 1283 nt

1892 1327 1912 1360 ι
1949 1323 2140 1366 rursus
2169 1311 2528 1375 conveniatis,
2567 1329 2586 1363 ι
2627 1313 2819 1381 inquit,
2871 1331 2976 1370 non
3013 1333 3118 1378 ceu
3154 1317 3326 1386 legem
3365 1320 3467 1372 im-

1887 1415 2094 1472 ponens
2117 1401 2260 1467 dico,
2289 1403 2383 1456 sed
2421 1420 2440 1454 r
2477 1416 2544 1456 ne
2577 1418 2673 1458 vos
2727 1414 2893 1460 tentet
2920 1407 3177 1470 Satanas.
3206 1427 3224 1460 ι
3262 1410 3328 1462 ad
3363 1411 3474 1464 for-

1889 1491 2220 1546 nicationem
2256 1491 2532 1547 videlicet.
2579 1492 2717 1560 Quia
2747 1511 2874 1552 vero
2931 1499 3178 1552 diabolus
3226 1514 3320 1569 per
3355 1515 3477 1556 sese

1889 1599 1997 1638 non
2029 1595 2112 1639 est
2136 1593 2324 1639 auctor
2347 1583 2744 1651 fornicationis,
2771 1588 2864 1642 sed
2889 1597 3066 1642 nostra
3094 1589 3360 1660 imprimis
3393 1591 3477 1645 in-

1889 1675 2246 1741 continentia,
2276 1676 2559 1730 subintnlit
2582 1677 2868 1748 :ri’ropter
2897 1679 3343 1734 incontinentiam
3376 1699 3472 1738 ve-

1891 1777 2077 1821 stram.
2093 1767 2237 1836 tlpsa
2260 1767 2403 1820 enim
2429 1777 2512 1822 est
2533 1767 2582 1820 in
2601 1782 2765 1822 causa
2785 1783 2883 1822 cur
2903 1769 3134 1824 Satanas
3156 1788 3257 1827 nos
3283 1782 3472 1828 tentet.

287 1827 306 1916 ί
337 1827 507 1918 ’έοῦτο
531 1863 590 1917 δὲ
623 1863 769 1932 λέγω
808 1863 953 1917 κατὰ
999 1827 1366 1935 συγγνώμην,
1413 1827 1477 1916 οὐ
1512 1827 1635 1919 κᾶτ’
1666 1827 1792 1916 irit-

1964 1858 2200 1913 Vsus.6.
2232 1877 2250 1910 ι
2283 1858 2587 1913 llocantem
2609 1858 2732 1913 dico
2749 1860 3472 1930 secundumindulgentiam,

227 1957 403 2028 ταγήν.
438 1975 458 2009 ι
520 1955 616 2022 Τὸ,
674 1957 855 2027 «πρὸς
877 1956 1088 2028 καιρὸν,
1155 1958 1342 2028 φησὶν,
1401 1958 1728 2029 ἀποστερεῖν
1747 1957 1788 1988 ⁸⁷

226 2049 487 2120 ἀλλήλους,
519 2048 664 2103 κατὰ
697 2047 1026 2119 συγγνώμην
1059 2044 1211 2101 εἷπον
1231 2065 1244 2080 °
1273 2049 1543 2115 τουτέστι,
1580 2067 1790 2120 συγκαο

226 2143 480 2196 ταϐαίνων
513 2144 579 2213 τῇ
620 2140 880 2212 ἀσθενείᾳ
931 2141 1108 2212 ὑμῶν,
1149 2142 1210 2198 οὒ
1259 2142 1424 2214 νόμον
1457 2142 1628 2208 τιθεὶς
1660 2144 1791 2198 ὐαίν

227 2234 313 2288 καὶ
340 2233 604 2302 ἐπιταγὴν
642 2232 1022 2304 ἀπαράϐατον.

299 2431 318 2467 t
348 2413 494 2469 Θέλω
513 2415 626 2486 γὰρ
650 2414 860 2478 πάντας
886 2413 1210 2485 ἀνθρώπους
1238 2409 1376 2468 εῖναι
1399 2413 1474 2478 ὡς
1495 2415 1590 2469 καὶ
1620 2417 1794 2484 ἐμαυε

233 2507 330 2561 τόν.
372 2525 391 2561 ι
425 2508 594 2560 Ἔνθα
623 2507 694 2562 ἂν
725 2508 983 2578 δυσχερὲς
1005 2507 1277 2580 ἐπιτάσσῃ
1312 2509 1568 2579 πρᾶγμα,
1605 2509 1794 2563 εἴωθεν

235 2599 408 2653 ἑαυτὸν
441 2599 633 2670 φέρειν
683 2602 763 2664 είς
798 2601 986 2670 μέσον.
1045 2601 1214 2671 Φησὶν
1247 2600 1362 2664 οὖν,
1413 2602 1496 2655 ὅτι
1527 2602 1794 2672 Βούλομαι

235 2691 312 2746 ἴνα
341 2692 536 2756 πάντες
569 2694 804 2747 πάντοτε
835 2693 1339 2763 ὲνεγκρατεύωνται
1365 2692 1438 2765 [ί.
1468 2693 1685 2766 ὲγκρ.].

301 2801 320 2834 t
362 2783 500 2836 Ἀλλ’
537 2785 773 2847 ἕκαστος
821 2784 954 2838 ἴδιον
999 2786 1246 2856 χάρισμα
1281 2785 1397 2857 ἔχει
1429 2787 1495 2839 ὲκ
1536 2785 1672 2839 Θεοῦ
1695 2826 1709 2852 ,
1739 2786 1797 2851 ὃς

241 2876 327 2946 μὲν
355 2876 542 2942 οὕτως,
578 2877 641 2941 ὃς
689 2878 746 2931 δὲ
777 2877 970 2941 οὕτως.
1026 2896 1046 2930 ι
1094 2878 1168 2932 Τὸ
1211 2881 1409 2948 μεῖναι,
1451 2879 1608 2950 φησὶ,
1651 2897 1794 2951 παρ-

240 2968 394 3035 θένον,
442 2970 698 3043 χάρισμά
741 2971 892 3024 ἐστιν
939 2970 1049 3024 ἀπὸ
1099 2970 1258 3024 Θεοῦ.
1307 2971 1502 3026 Καίτοι
1551 2973 1645 3026 καὶ
1697 2976 1798 3044 τῆς

239 3061 491 3134 ἡμετέρας
535 3062 712 3114 δεῖται
749 3063 986 3133 σπουδῆς
1014 3062 1074 3116 τὸ
1106 3065 1360 3134 πρᾶγμα.
1396 3064 1521 3128 Πῶς
1558 3060 1652 3118 οὖν
1700 3065 1800 3137 χά-

244 3168 396 3223 ρισμα
433 3155 564 3208 αὐτὸ
606 3155 789 3224 λέγει;
829 3153 946 3210 ’Ἰνα
975 3156 1442 3228 παραμυθήσηται
1473 3157 1692 3221 αὐτοὺς,
1723 3156 1798 3221 ὼς
1822 3168 1870 3231 c

243 3246 424 3311 ἱκανῶς
459 3248 677 3320 πλήξας
708 3251 766 3302 ὲν
799 3242 880 3312 οἷς
927 3245 1050 3302 εἷπε
1081 3249 1162 3314 τὸ,
1207 3267 1226 3299 ι
1261 3249 1359 3303 Διά
1401 3248 1498 3321 τὴν
1527 3251 1797 3322 ἀκρασίαν

249 3339 408 3409 ὑμῶν.
448 3358 466 3392 ι
500 3341 830 3412 Σημείωσαι
859 3340 938 3404 δὲ,
974 3342 1057 3394 ὃτι
1093 3344 1190 3394 καὶ
1224 3341 1314 3394 τὸν
1344 3342 1520 3412 γάμον
1553 3342 1798 3413 χάρισμα

245 3429 460 3500 τίθησιν,
492 3433 548 3484 ἑν
577 3430 662 3501 τῷ
685 3431 882 3485 εἰπεῖν’
916 3449 934 3482 t
968 3431 1242 3495 Ἕκαστος
1267 3432 1396 3485 ίδιον
1420 3432 1666 3504 χάρισμα
1686 3434 1802 3506 ἔχει

244 3520 295 3585 ὃς
314 3524 403 3592 μὲν
416 3522 584 3578 οῦτωο
618 3541 640 3576 ι
665 3516 936 3589 τουτέστι,
961 3521 1342 3592 παρθενεύειν*
1369 3541 1388 3575 ι
1414 3523 1472 3588 ὃς
1495 3525 1553 3579 δὲ
1573 3522 1714 3579 οὕτω
1733 3541 1748 3556 ’
1775 3544 1794 3578 ι

245 3617 488 3684 τουτέστι,
521 3633 596 3686 γα
604 3618 728 3688 μεῖν
758 3615 824 3670 ⁸⁸.

229 3833 235 3844 ..
315 3809 335 3845 t
369 3792 522 3862 Λέγω
558 3793 621 3846 δὲ
660 3791 774 3854 τοῖς
815 3788 1056 3859 ἀγάμοις
1083 3787 1178 3841 καὶ
1211 3789 1333 3851 ταῖς
1369 3789 1569 3858 χήραις
1591 3827 1605 3851 ,
1639 3786 1802 3840 καλὸν

251 3882 416 3947 αὐτοῖς
446 3885 618 3952 ἔστιν,
660 3883 762 3936 ὲάν.
798 3881 1054 3952 μείνωσιν
1086 3880 1161 3942 ὼς
1195 3877 1370 3946 κάγώ.
1405 3878 1468 3930 Εί
1497 3877 1554 3930 δὲ
1582 3878 1683 3930 οὐκ
1712 3881 1804 3947 ὲγ-

253 3978 620 4048 κρατεύονται,
652 3976 1091 4047 γαμησάτωσαν
1127 3975 1379 4043 κρεῖσσον
1412 3970 1519 4042 γάρ
1550 3973 1667 4024 ἐστι
1700 3989 1802 4041 γα-

256 4067 410 4138 μῆσαι
437 4069 502 4135 ⁸⁸,
533 4071 567 4142 ἢ
600 4069 927 4137 πυροῦσθαι.
969 4086 987 4120 ι
1018 4061 1172 4128 Εἶδες
1199 4065 1389 4134 σοφίαν
1420 4063 1659 4129 Παύλου,
1687 4063 1806 4127 πῶς

256 4164 338 4212 καὶ
380 4160 625 4231 βελτίονα
649 4161 695 4193 ⁸ο
741 4160 984 4214 δείκνυσι
1018 4157 1117 4230 τὴν
1165 4159 1516 4228 ἐγκράτειαν,
1567 4157 1662 4209 καδ⁹
1707 4157 1807 4209 οὐκ

220 4251 532 4320 ,ἀναγκάζει
561 4254 608 4285 ⁸³
653 4252 744 4306 τὸν
794 4253 870 4324 μη
901 4251 1222 4321 δυνάμενον,
1255 4248 1340 4302 ἵνα
1371 4248 1446 4318 μὴ
1481 4250 1664 4318 χεῖρον
1704 4265 1809 4300 πα-

259 4343 508 4416 ράπτωμα
547 4346 812 4416 γένηται;
861 4345 924 4398 Εί
973 4343 1080 4414 γάρ
1124 4340 1347 4414 πολλὴν,
1387 4345 1575 4411 φησιν,
1601 4341 1808 4410 ὑπομέο

258 4445 354 4494 νεις
385 4431 498 4502 βίαν
549 4434 652 4487 καὶ
685 4433 933 4502 πύρωσιν
972 4432 1229 4503 (μεγάλη
1263 4434 1373 4503 γὰρ
1402 4434 1435 4502 ή
1485 4432 1583 4501 τῆς
1622 4430 1810 4483 ἐπιθυ-

1893 1967 2000 2005 non
2037 1951 2331 2004 secundum
2385 1951 2692 2019 imperium.
2741 1968 2761 2002 ι
2797 1950 2954 2018 illud,
3019 1971 3038 2003 ι
3070 1953 3148 2006 Ad
3183 1962 3415 2024 tempus,
3453 1975 3471 2006 ι

1894 2041 2086 2110 inquit,
2127 2059 2145 2092 ι
2211 2040 2538 2094 defraudetis
2578 2055 2674 2095 vos
2729 2050 2935 2105 mutuo,
2967 2060 2985 2092 ι
3023 2042 3183 2112 158
3220 2058 3314 2112 per
3344 2059 3480 2099 con-

1892 2135 2195 2189 cessionem
2231 2131 2364 2194 dixi,
2426 2131 2781 2186 imbecillitati
2830 2141 3023 2186 vestrae
3081 2137 3304 2200 cedens,
3365 2151 3474 2188 non

1893 2226 2062 2295 legem
2083 2227 2332 2280 sanciens
2348 2222 2521 2289 vobis,
2551 2234 2644 2276 aut
2673 2225 2982 2279 mandatum
3003 2225 3148 2295 quod
3176 2229 3477 2298 transgredi

1897 2333 2000 2372 non
2031 2316 2210 2370 liceat.

1971 2409 2132 2463 Vens.
2160 2409 2210 2462 7.
2256 2426 2274 2459 ι
2321 2405 2457 2460 Volo
2489 2406 2633 2460 enim
2680 2421 2868 2461 omnes
2901 2408 3149 2462 homines
3178 2423 3299 2463 esse
3335 2410 3481 2464 sient

1896 2512 1948 2557 et
1990 2502 2280 2571 meipsum.
2321 2518 2339 2550 ι
2379 2498 2476 2554 Ubi
2517 2514 2628 2552 rem
2663 2500 2888 2552 arduam
2944 2501 3216 2570 prmeipit,
3268 2517 3390 2557 sese
3424 2504 3479 2556 in

1896 2594 2131 2649 medium
2153 2591 2393 2662 proferre
2414 2591 2566 2646 solet.
2592 2590 2680 2644 Ait
2705 2591 2864 2661 igitur
2889 2608 2902 2644 :
2927 2590 3168 2661 Optarim
3192 2604 3248 2647 ut
3267 2610 3482 2664 semper

1896 2699 2090 2742 omnes
2119 2685 2484 2739 continerent.

1974 2796 1992 2829 ι
2040 2776 2145 2832 Sed
2197 2777 2570 2845 unusquisque
2621 2774 2902 2844 proprium
2956 2773 3158 2831 donum
3194 2777 3356 2832 habet
3413 2791 3482 2833 ex

1902 2872 2033 2936 Deo,
2084 2870 2223 2926 alius
2253 2869 2473 2939 quidem
2510 2867 2618 2930 sic,
2657 2866 2794 2922 alius
2845 2883 2978 2922 vero
3008 2870 3106 2924 sic.
3155 2888 3174 2921 ι
3209 2868 3481 2941 Virginem

1900 2964 2098 3034 inquit,
2131 2961 2438 3032 quempiam
2481 2975 2720 3026 manere,
2753 2961 2956 3015 donum
2986 2961 3077 3017 Dei
3108 2973 3208 3018 est.
3245 2964 3408 3034 Atqui
3431 2976 3486 3018 et

1900 3061 2089 3109 nostro
2121 3051 2301 3106 studio
2350 3064 2412 3104 ea
2442 3063 2532 3104 res
2585 3065 2722 3120 opus
2770 3051 2955 3107 habet.
3005 3052 3286 3119 Quomodo
3324 3055 3486 3124 igitur

1902 3147 2099 3200 donum
2130 3143 2304 3212 ipsum
2348 3139 2522 3195 dicit?
2557 3147 2616 3195 ut
2649 3143 2967 3197 consoletur
2989 3157 3085 3198 eos
3113 3160 3250 3213 quos
3275 3146 3487 3200 abunde

1903 3241 2260 3308 percusserat,
2307 3247 2429 3286 eum
2485 3232 2644 3298 dixit,
2685 3251 2703 3284 ι
2761 3233 2988 3302 Propter
3031 3235 3478 3290 incontinentiam

1902 3339 2179 3384 vestram.
2246 3346 2264 3377 ι
2327 3325 2564 3378 Observa
2623 3332 2804 3377 autem
2859 3325 3000 3393 quod
3050 3327 3215 3380 etiam
3273 3329 3488 3398 nuptias

1901 3421 2103 3475 donum
2153 3417 2337 3481 faciat,
2386 3415 2680 3484 inquiens:
2723 3433 2741 3466 ι
2778 3414 3160 3487 Unusquisque
3209 3421 3486 3489 proprium

1903 3516 2100 3570 donum
2144 3511 2327 3573 habet,
2357 3507 2498 3561 alius
2532 3507 2754 3576 quidem
2785 3507 2885 3572 sic,
2929 3527 2949 3560 ι
2985 3511 3087 3565 hoc
3115 3521 3218 3576 est,
3255 3522 3311 3564 nt
3338 3512 3488 3582 virgo

1905 3613 2219 3677 permaneat
2256 3620 2271 3657 :
2308 3617 2327 3652 ι
2369 3599 2508 3654 alius
2553 3613 2680 3655 vero
2723 3601 2822 3667 sic,
2860 3621 2879 3654 ι
2916 3603 3017 3657 hoc
3053 3613 3159 3665 est,
3195 3613 3252 3657 ut
3286 3603 3337 3683 in
3372 3618 3490 3657 ma-

1907 3695 2162 3750 trimOnio
2185 3693 2276 3748 sit.

1977 3787 2139 3844 Vens.
2169 3787 2225 3853 8,
2263 3787 2319 3846 9.
2355 3805 2374 3840 ι
2430 3789 2559 3844 Dico
2587 3797 2766 3842 autem
2793 3785 3033 3856 innuptis
3072 3795 3125 3841 et
3155 3785 3331 3841 viduis
3356 3828 3370 3851 ,
3395 3786 3492 3840 bo-

1907 3896 2032 3934 num
2057 3879 2157 3943 eis,
2212 3881 2255 3933 si
2297 3883 2713 3949 permanserint,
2746 3879 2888 3934 sicut
2918 3887 2970 3930 et
3000 3892 3118 3945 ego.
3157 3895 3186 3928 ι
3208 3876 3264 3932 Si
3309 3888 3488 3931 autent

1908 3987 2014 4026 non
2071 3971 2370 4034 continent,
2420 3971 2626 4025 nubant
2669 3989 2684 4026 :
2737 3970 2928 4024 melius
2976 3979 3060 4023 est
3101 3971 3245 4023 enim
3289 3972 3492 4022 nubere

1908 4076 2068 4132 quam
2134 4060 2237 4115 uri.
2263 4079 2308 4132 ,ι
2367 4061 2559 4116 Vident
2621 4062 2942 4132 sapientiam
2992 4060 3166 4126 Pauli,
3221 4061 3491 4128 quomodo

1912 4151 2188 4207 meliorem
2230 4160 2497 4207 monstret
2527 4168 2647 4208 esse
2682 4153 3091 4216 continentiam,
3161 4166 3259 4204 nec
3303 4146 3491 4204 iantcn

1908 4254 2067 4316 cogat
2112 4244 2349 4309 interim,
2409 4244 2453 4298 si
2487 4245 2610 4314 quis
2661 4260 2767 4298 non
2814 4246 3005 4313 possit,
3058 4257 3124 4298 ne
3157 4244 3307 4314 pejus
3339 4241 3490 4313 ﬂagi-

1913 4341 2044 4394 tium
2091 4339 2504 4394 committatur?
2549 4339 2606 4393 Si
2653 4339 2798 4392 enim
2853 4339 3098 4404 multam,
3143 4337 3339 4407 inquit,
3385 4339 3491 4392 vim

1913 4433 2148 4488 sustines
2193 4440 2248 4485 et
2277 4432 2542 4486 ustionem
2591 4429 2806 4502 (magna
2859 4433 3004 4485 enim
3040 4433 3494 4500 concupiscentia:

263 4521 376 4584 μίας
405 4521 733 4594 τυραννὶς),
783 4521 1132 4593 ἀπαλλάγηθι
1179 4521 1362 4574 πόνων
1393 4522 1488 4576 καλ⁸
1533 4521 1797 4592 ἱδρώτων1

1919 4525 2162 4596 tyrannis
2184 4535 2266 4579 est
2290 4525 2307 4592 )
2333 4524 2564 4578 abscede
2599 4539 2627 4577 a
2651 4523 2921 4579 laboribus
2955 4523 3072 4578 istis
3096 4533 3151 4578 et
3183 4525 3491 4585 sudoribus.

267 4613 460 4684 μήποτε
490 4616 588 4670 καὶ⁹
619 4617 984 4686 περιτραπῇς.

332 4724 350 4755 ι
385 4706 501 4772 Τοῖς
532 4709 591 4762 δὲ
616 4707 964 4778 γεγαμηκόσι
993 4704 1380 4776 παραγγέλλω,
1411 4705 1513 4759 οὐκ
1538 4703 1670 4773 ἐγὼ,
1700 4703 1815 4758 ἀλλ’

264 4793 290 4845 ὁ
321 4797 532 4868 Κύριος.
570 4819 590 4853 ι
636 4800 860 4870 Ἐπειδὴ
893 4797 1071 4870 ῥητῶς
1117 4801 1144 4850 ὁ
1178 4797 1384 4868 Κύριος
1425 4798 1812 4868 ἐνομοθέτησε,

269 4887 335 4958 μὴ
378 4889 788 4961 διαζεύγνυσθαι
838 4891 1114 4961 παρεκτὸς
1164 4890 1326 4958 λόγου
1381 4890 1675 4960 πορνείας·
1727 4889 1818 4942 διὰ

266 4979 402 5034 τοῦτό
448 5001 646 5057 φησιν’
688 5004 706 5038 t
742 4985 859 5038 Οὐκ
889 4984 1032 5052 ἐγὼ,
1070 4983 1185 5038 ἀλλ’
1225 4985 1255 5036 ὁ
1299 4981 1526 5053 Κύριος.
1576 4981 1658 5035 Τὰ
1707 4982 1818 5051 γὰρ

269 5080 623 5149 προειρημένα
670 5081 772 5133 οὐκ
809 5075 952 5152 ἦσαν
981 5078 1086 5132 ὑπὸ
1129 5076 1222 5131 τοῦ
1257 5074 1466 5146 Κυρίου
1516 5073 1695 5146 ῥητῶς
1731 5090 1820 5127 νο-

273 5164 613 5239 μοθετηθέντα
633 5187 646 5201 ο
672 5173 720 5224 εί
743 5171 838 5224 καὶ
861 5172 961 5224 ὅσα
987 5172 1015 5222 ὁ
1046 5170 1255 5232 Παῦλος
1278 5167 1462 5236 λέγει,
1485 5167 1578 5219 τοῦ
1609 5165 1815 5237 Κυρίου

272 5259 386 5322 eisi,
433 5265 523 5315 καὶ
565 5263 665 5317 οὐκ
715 5262 1054 5334 ἀνθρώπινα.
1090 5258 1452 5334 Παρακατιὼν
1495 5259 1604 5328 γάρ
1653 5274 1818 5329 φησι²

283 5367 297 5399 ι
340 5356 478 5408 Δοκῶ
505 5358 612 5429 γὰρ
647 5356 802 5426 κάγὼ
847 5357 1074 5426 Πνεῦμα
1103 5355 1242 5410 Θεοῦ
1276 5355 1442 5426 ἔχειν.
1477 5373 1494 5406 ι
1780 5354 1790 5360 “

341 5532 359 5568 ⁸
392 5528 409 5583 l
435 5530 618 5590 Thess.
649 5552 703 5606 v,
729 5534 816 5591 16.
892 5534 1128 5590 “Matth.
1159 5551 1210 5599 v,
1239 5533 1327 5590 5‘2.
1404 5543 1431 5572 ν
1462 5533 1479 5587 I
1513 5534 1638 5588 Cor.
1657 5548 1753 5598 vn,
1809 5531 1898 5589 40.

1915 4619 2203 4688 nequando
2230 4615 2583 4670 subvertaris.

1993 4711 2150 4765 Vens.
2180 4708 2267 4762 iil.
2311 4725 2329 4758 ι
2370 4707 2438 4760 lis
2462 4717 2643 4758 autem
2672 4705 2760 4773 qui
2798 4705 3140 4759 matrimonio
3167 4706 3338 4775 juncti
3371 4716 3497 4760 sunt

1915 4802 2188 4874 praecipio,
2228 4814 2333 4853 non
2391 4812 2512 4866 ego,
2545 4798 2640 4851 sed
2679 4797 2958 4852 Dominus.
3008 4815 3026 4849 ι
3063 4797 3198 4864 Quia
3235 4797 3496 4853 Dominus

1917 4897 2085 4966 legem
2116 4892 2337 4948 disertis
2387 4891 2571 4945 verbis
2606 4889 2870 4954 sancivit,
2905 4905 3008 4943 non
3037 4891 3234 4945 debere
3266 4892 3378 4945 ﬁeri
3411 4891 3496 4945 di-

1917 4986 2152 5043 vortium
2182 4983 2284 5038 nisi
2319 4981 2693 5037 fornicationis
2726 4995 2891 5036 causa
2912 4992 2962 5045 υ,
2989 4991 3296 5050 propterea,
3332 4998 3351 5032 ι
3377 4979 3497 5036 Non

1893 5075 2040 5151 ego,
2072 5079 2266 5148 inquit,
2301 5079 2394 5132 sed
2437 5075 2712 5129 Donniuns.
2757 5092 2774 5125 ι
2829 5074 2970 5129 Ante
3026 5075 3128 5128 hac
3159 5075 3302 5129 enim
3335 5090 3488 5130 com-

1899 5170 2241 5236 memorata,
2274 5183 2378 5223 non
2404 5167 2622 5222 fuerunt
2651 5181 2909 5235 expresse
2936 5181 2967 5235 _a
3000 5165 3225 5219 Domino
3249 5165 3366 5234 lege
3389 5166 3496 5220 lata

1930 5263 2177 5318 instituta
2218 5279 2231 5316 :
2276 5259 2484 5316 etiamsi
2521 5273 2855 5328 qtttecunque
2874 5258 3068 5311 Paulus
3092 5257 3254 5320 dicat,
3291 5257 3500 5312 Domini

1931 5362 2079 5418 sunt,
2137 5361 2334 5407 etnon
2400 5351 2658 5404 humana.
2703 5349 2839 5403 Nam
2898 5349 2948 5402 in
2992 5363 3279 5418 progressu
3329 5349 3497 5403 dicit:

1937 5465 1955 5498 ι
1989 5445 2121 5500 Puto
2162 5445 2304 5499 cnim
2343 5443 2482 5513 quod
2517 5452 2563 5498 et
2591 5456 2690 5510 ego
2726 5440 2987 5510 Spiritum
3021 5441 3109 5494 Dei
3148 5441 3393 5494 habeam.
3422 5446 3447 5474 ν
3475 5458 3494 5492 ι

1513 5626 1709 5690 Variae
1739 5628 2066 5691 lectiones.

363 5755 406 5786 “
435 5758 533 5836 καί
559 5775 611 5816 o.
689 5761 734 5796 ⁸⁷
770 5761 1238 5835 μὴάποστερεῖτε
1291 5773 1344 5814 0.
1400 5758 1471 5836 .‘3
1514 5757 1620 5810 ὑπὸ
1661 5755 1843 5827 γάμον
1887 5751 2031 5834 εἶναι
2079 5769 2132 5808 ο.
2214 5751 2258 5784 ⁸³
2315 5747 2612 5820 γαμεῖσθαι
2658 5763 2708 5804 ο.
2785 5748 2833 5781 ⁵ο
2865 5748 3078 5822 βέλτιον
3107 5763 3162 5806 o.
3196 5749 3370 5826 _“0ti
3393 5768 3494 5806 κα-

284 5830 583 5896 ταναγκάζει
608 5846 663 5887 o.
