  <div class='ocr_page' id='page_1' title='image "/cluster/home/n/w/nwhite01/storage/ocr_20150623/124/hvd.32044019208206/341.png"; bbox 0 0 3874 6648; ppageno 0'>
   <div class='ocr_carea' id='block_1_1' title="bbox 404 386 513 453">
    <p class='ocr_par' dir='ltr' id='par_1_1' title="bbox 404 386 513 453">
     <span class='ocr_line' id='line_1_1' title="bbox 404 386 513 453; baseline 0.028 -4"><span class='ocrx_word' id='word_1_1' title='bbox 404 386 513 453; x_wconf 71' lang='lat' dir='ltr'><strong>ﬁ’t‘J</strong></span> 
     </span>
    </p>
   </div>
   <div class='ocr_carea' id='block_1_2' title="bbox 1193 377 2701 444">
    <p class='ocr_par' dir='ltr' id='par_1_2' title="bbox 1193 377 2701 444">
     <span class='ocr_line' id='line_1_2' title="bbox 1193 377 2701 444; baseline -0.003 0"><span class='ocrx_word' id='word_1_2' title='bbox 1193 407 1198 412; x_wconf 56' lang='grc' dir='ltr'>ε</span> <span class='ocrx_word' id='word_1_3' title='bbox 1264 378 1841 444; x_wconf 69' lang='lat' dir='ltr'><strong>THEOPIIYLACTI</strong></span> <span class='ocrx_word' id='word_1_4' title='bbox 1890 377 2301 439; x_wconf 69' lang='lat' dir='ltr'><strong>BULGARIIE</strong></span> <span class='ocrx_word' id='word_1_5' title='bbox 2344 378 2701 440; x_wconf 79' lang='lat' dir='ltr'><strong>ARCHIEP.</strong></span> 
     </span>
    </p>
   </div>
   <div class='ocr_carea' id='block_1_3' title="bbox 3588 368 3686 434">
    <p class='ocr_par' dir='ltr' id='par_1_3' title="bbox 3588 368 3686 434">
     <span class='ocr_line' id='line_1_3' title="bbox 3588 368 3686 434; baseline -0.031 0"><span class='ocrx_word' id='word_1_6' title='bbox 3588 368 3686 434; x_wconf 69' lang='lat' dir='ltr'><strong>liii.</strong></span> 
     </span>
    </p>
   </div>
   <div class='ocr_carea' id='block_1_4' title="bbox 477 479 1998 560">
    <p class='ocr_par' dir='ltr' id='par_1_4' title="bbox 477 486 1991 560">
     <span class='ocr_line' id='line_1_4' title="bbox 477 486 1991 560; baseline -0.008 -9"><span class='ocrx_word' id='word_1_7' title='bbox 477 495 640 551; x_wconf 70' lang='lat' dir='ltr'><strong>Vens.</strong></span> <span class='ocrx_word' id='word_1_8' title='bbox 698 494 787 560; x_wconf 85' lang='lat' dir='ltr'><strong>lo,</strong></span> <span class='ocrx_word' id='word_1_9' title='bbox 822 493 920 555; x_wconf 7' lang='lat' dir='ltr'><strong>ill.</strong></span> <span class='ocrx_word' id='word_1_10' title='bbox 961 511 978 545; x_wconf 77' lang='grc' dir='ltr'>ι</span> <span class='ocrx_word' id='word_1_11' title='bbox 1012 488 1252 548; x_wconf 77' lang='lat' dir='ltr'><strong>Uxorem</strong></span> <span class='ocrx_word' id='word_1_12' title='bbox 1295 505 1324 547; x_wconf 90' lang='lat' dir='ltr'><strong>a</strong></span> <span class='ocrx_word' id='word_1_13' title='bbox 1355 491 1473 545; x_wconf 87' lang='lat' dir='ltr'><strong>viro</strong></span> <span class='ocrx_word' id='word_1_14' title='bbox 1531 500 1635 544; x_wconf 83' lang='lat' dir='ltr'><strong>non</strong></span> <span class='ocrx_word' id='word_1_15' title='bbox 1688 486 1991 543; x_wconf 78' lang='lat' dir='ltr'><strong>discedere.</strong></span> 
     </span>
    </p>
   </div>
   <div class='ocr_carea' id='block_1_5' title="bbox 2097 479 3685 560">
    <p class='ocr_par' dir='ltr' id='par_1_5' title="bbox 2174 479 3685 557">
     <span class='ocr_line' id='line_1_5' title="bbox 2174 479 3685 557; baseline 0.001 -18"><span class='ocrx_word' id='word_1_16' title='bbox 2174 506 2193 539; x_wconf 83' lang='grc' dir='ltr'><strong>ι</strong></span> <span class='ocrx_word' id='word_1_17' title='bbox 2239 487 2480 540; x_wconf 78' lang='grc' dir='ltr'><strong>Γυναῖκα</strong></span> <span class='ocrx_word' id='word_1_18' title='bbox 2524 484 2634 540; x_wconf 79' lang='grc' dir='ltr'><strong>ἀπὸ</strong></span> <span class='ocrx_word' id='word_1_19' title='bbox 2685 482 2877 553; x_wconf 73' lang='grc' dir='ltr'>ἀνδρὸς</span> <span class='ocrx_word' id='word_1_20' title='bbox 2920 483 2994 555; x_wconf 77' lang='grc' dir='ltr'>μὴ</span> <span class='ocrx_word' id='word_1_21' title='bbox 3045 482 3425 557; x_wconf 75' lang='grc' dir='ltr'>χωρισθῆναι.</span> <span class='ocrx_word' id='word_1_22' title='bbox 3457 479 3591 535; x_wconf 73' lang='grc' dir='ltr'>Ἐὰν</span> <span class='ocrx_word' id='word_1_23' title='bbox 3633 483 3685 540; x_wconf 57' lang='grc' dir='ltr'><strong>δέ</strong></span> 
     </span>
    </p>
   </div>
   <div class='ocr_carea' id='block_1_6' title="bbox 404 582 1986 657">
    <p class='ocr_par' dir='ltr' id='par_1_6' title="bbox 404 582 1986 657">
     <span class='ocr_line' id='line_1_6' title="bbox 404 582 1986 657; baseline -0.008 -13"><span class='ocrx_word' id='word_1_24' title='bbox 404 590 556 657; x_wconf 83' lang='lat' dir='ltr'><strong>Quod</strong></span> <span class='ocrx_word' id='word_1_25' title='bbox 585 588 627 642; x_wconf 90' lang='lat' dir='ltr'><strong>si</strong></span> <span class='ocrx_word' id='word_1_26' title='bbox 660 585 992 650; x_wconf 84' lang='lat' dir='ltr'><strong>discesserit,</strong></span> <span class='ocrx_word' id='word_1_27' title='bbox 1020 598 1246 639; x_wconf 88' lang='lat' dir='ltr'><strong>manere</strong></span> <span class='ocrx_word' id='word_1_28' title='bbox 1278 583 1585 652; x_wconf 80' lang='lat' dir='ltr'><strong>innuptam,</strong></span> <span class='ocrx_word' id='word_1_29' title='bbox 1619 589 1710 635; x_wconf 88' lang='lat' dir='ltr'><strong>aut</strong></span> <span class='ocrx_word' id='word_1_30' title='bbox 1739 582 1853 634; x_wconf 87' lang='lat' dir='ltr'><strong>viro</strong></span> <span class='ocrx_word' id='word_1_31' title='bbox 1889 593 1986 633; x_wconf 86' lang='lat' dir='ltr'><strong>suo</strong></span> 
     </span>
    </p>
   </div>
   <div class='ocr_carea' id='block_1_7' title="bbox 400 670 1985 737">
    <p class='ocr_par' dir='ltr' id='par_1_7' title="bbox 400 670 1985 737">
     <span class='ocr_line' id='line_1_7' title="bbox 400 670 1985 737; baseline -0.005 -5"><span class='ocrx_word' id='word_1_32' title='bbox 400 677 769 736; x_wconf 80' lang='lat' dir='ltr'><strong>reconciliari.</strong></span> <span class='ocrx_word' id='word_1_33' title='bbox 808 677 873 731; x_wconf 87' lang='lat' dir='ltr'><strong>Et</strong></span> <span class='ocrx_word' id='word_1_34' title='bbox 933 677 1016 731; x_wconf 89' lang='lat' dir='ltr'><strong>vir</strong></span> <span class='ocrx_word' id='word_1_35' title='bbox 1048 689 1274 731; x_wconf 78' lang='lat' dir='ltr'><strong>uxorem</strong></span> <span class='ocrx_word' id='word_1_36' title='bbox 1328 689 1438 729; x_wconf 91' lang='lat' dir='ltr'><strong>non</strong></span> <span class='ocrx_word' id='word_1_37' title='bbox 1490 673 1747 728; x_wconf 91' lang='lat' dir='ltr'><strong>dimittat.</strong></span> <span class='ocrx_word' id='word_1_38' title='bbox 1788 690 1807 723; x_wconf 75' lang='grc' dir='ltr'><strong>ι</strong></span> <span class='ocrx_word' id='word_1_39' title='bbox 1838 670 1985 737; x_wconf 81' lang='lat' dir='ltr'><strong>Quo~</strong></span> 
     </span>
    </p>
   </div>
   <div class='ocr_carea' id='block_1_8' title="bbox 402 760 1985 835">
    <p class='ocr_par' dir='ltr' id='par_1_8' title="bbox 402 760 1985 835">
     <span class='ocr_line' id='line_1_8' title="bbox 402 760 1985 835; baseline -0.006 -14"><span class='ocrx_word' id='word_1_40' title='bbox 402 770 544 822; x_wconf 89' lang='lat' dir='ltr'><strong>niam</strong></span> <span class='ocrx_word' id='word_1_41' title='bbox 578 767 858 822; x_wconf 65' lang='lat' dir='ltr'><strong>servanda:</strong></span> <span class='ocrx_word' id='word_1_42' title='bbox 891 764 1168 835; x_wconf 72' lang='lat' dir='ltr'><strong>pudicitia:</strong></span> <span class='ocrx_word' id='word_1_43' title='bbox 1196 762 1369 834; x_wconf 80' lang='lat' dir='ltr'><strong>gratia</strong></span> <span class='ocrx_word' id='word_1_44' title='bbox 1392 762 1475 817; x_wconf 86' lang='lat' dir='ltr'><strong>vel</strong></span> <span class='ocrx_word' id='word_1_45' title='bbox 1522 760 1985 833; x_wconf 82' lang='lat' dir='ltr'><strong>pusillanimitate,</strong></span> 
     </span>
    </p>
   </div>
   <div class='ocr_carea' id='block_1_9' title="bbox 401 851 1988 926">
    <p class='ocr_par' dir='ltr' id='par_1_9' title="bbox 401 851 1988 926">
     <span class='ocr_line' id='line_1_9' title="bbox 401 851 1988 926; baseline -0.004 -15"><span class='ocrx_word' id='word_1_46' title='bbox 401 860 488 914; x_wconf 83' lang='lat' dir='ltr'><strong>vel</strong></span> <span class='ocrx_word' id='word_1_47' title='bbox 517 858 617 912; x_wconf 89' lang='lat' dir='ltr'><strong>alia</strong></span> <span class='ocrx_word' id='word_1_48' title='bbox 647 857 837 926; x_wconf 79' lang='lat' dir='ltr'><strong>quavis</strong></span> <span class='ocrx_word' id='word_1_49' title='bbox 867 856 933 912; x_wconf 90' lang='lat' dir='ltr'><strong>de</strong></span> <span class='ocrx_word' id='word_1_50' title='bbox 969 871 1135 911; x_wconf 90' lang='lat' dir='ltr'><strong>causa</strong></span> <span class='ocrx_word' id='word_1_51' title='bbox 1169 855 1309 911; x_wconf 92' lang='lat' dir='ltr'><strong>ﬁunt</strong></span> <span class='ocrx_word' id='word_1_52' title='bbox 1335 852 1564 909; x_wconf 86' lang='lat' dir='ltr'><strong>divortia</strong></span> <span class='ocrx_word' id='word_1_53' title='bbox 1603 868 1619 907; x_wconf 88' lang='lat'><strong>:</strong></span> <span class='ocrx_word' id='word_1_54' title='bbox 1653 851 1838 908; x_wconf 87' lang='lat' dir='ltr'><strong>Satius</strong></span> <span class='ocrx_word' id='word_1_55' title='bbox 1863 851 1988 921; x_wconf 86' lang='lat' dir='ltr'><strong>qui-</strong></span> 
     </span>
    </p>
   </div>
   <div class='ocr_carea' id='block_1_10' title="bbox 401 944 1984 1018">
    <p class='ocr_par' dir='ltr' id='par_1_10' title="bbox 401 944 1984 1018">
     <span class='ocr_line' id='line_1_10' title="bbox 401 944 1984 1018; baseline -0.003 -15"><span class='ocrx_word' id='word_1_56' title='bbox 401 952 544 1013; x_wconf 87' lang='lat' dir='ltr'><strong>dem,</strong></span> <span class='ocrx_word' id='word_1_57' title='bbox 596 948 794 1017; x_wconf 78' lang='lat' dir='ltr'><strong>inquit,</strong></span> <span class='ocrx_word' id='word_1_58' title='bbox 840 954 1037 1013; x_wconf 28' lang='lat' dir='ltr'><strong>est,,ut</strong></span> <span class='ocrx_word' id='word_1_59' title='bbox 1080 946 1228 1002; x_wconf 91' lang='lat' dir='ltr'><strong>nulla</strong></span> <span class='ocrx_word' id='word_1_60' title='bbox 1270 960 1495 1018; x_wconf 79' lang='lat' dir='ltr'><strong>prorsus</strong></span> <span class='ocrx_word' id='word_1_61' title='bbox 1550 945 1644 999; x_wconf 83' lang='lat' dir='ltr'><strong>fiat</strong></span> <span class='ocrx_word' id='word_1_62' title='bbox 1690 944 1984 1013; x_wconf 80' lang='lat' dir='ltr'><strong>separatio.</strong></span> 
     </span>
    </p>
   </div>
   <div class='ocr_carea' id='block_1_11' title="bbox 402 1035 1986 1109">
    <p class='ocr_par' dir='ltr' id='par_1_11' title="bbox 402 1035 1986 1109">
     <span class='ocr_line' id='line_1_11' title="bbox 402 1035 1986 1109; baseline -0.005 -14"><span class='ocrx_word' id='word_1_63' title='bbox 402 1042 530 1107; x_wconf 79' lang='lat' dir='ltr'><strong>Quae</strong></span> <span class='ocrx_word' id='word_1_64' title='bbox 569 1050 752 1095; x_wconf 90' lang='lat' dir='ltr'><strong>tamen</strong></span> <span class='ocrx_word' id='word_1_65' title='bbox 781 1043 824 1094; x_wconf 93' lang='lat' dir='ltr'><strong>si</strong></span> <span class='ocrx_word' id='word_1_66' title='bbox 857 1039 974 1094; x_wconf 89' lang='lat' dir='ltr'><strong>ﬁeri</strong></span> <span class='ocrx_word' id='word_1_67' title='bbox 1005 1038 1317 1109; x_wconf 79' lang='lat' dir='ltr'><strong>contigerit,</strong></span> <span class='ocrx_word' id='word_1_68' title='bbox 1344 1044 1559 1092; x_wconf 87' lang='lat' dir='ltr'><strong>maneat</strong></span> <span class='ocrx_word' id='word_1_69' title='bbox 1590 1035 1785 1090; x_wconf 90' lang='lat' dir='ltr'><strong>mulier</strong></span> <span class='ocrx_word' id='word_1_70' title='bbox 1812 1035 1986 1089; x_wconf 89' lang='lat' dir='ltr'><strong>virum</strong></span> 
     </span>
    </p>
   </div>
   <div class='ocr_carea' id='block_1_12' title="bbox 405 1130 1987 1202">
    <p class='ocr_par' dir='ltr' id='par_1_12' title="bbox 405 1130 1987 1202">
     <span class='ocr_line' id='line_1_12' title="bbox 405 1130 1987 1202; baseline -0.004 -13"><span class='ocrx_word' id='word_1_71' title='bbox 405 1137 631 1202; x_wconf 82' lang='lat' dir='ltr'><strong>habens,</strong></span> <span class='ocrx_word' id='word_1_72' title='bbox 665 1135 767 1191; x_wconf 87' lang='lat' dir='ltr'><strong>etsi</strong></span> <span class='ocrx_word' id='word_1_73' title='bbox 800 1150 903 1190; x_wconf 93' lang='lat' dir='ltr'><strong>non</strong></span> <span class='ocrx_word' id='word_1_74' title='bbox 938 1136 1005 1191; x_wconf 88' lang='lat' dir='ltr'><strong>ad</strong></span> <span class='ocrx_word' id='word_1_75' title='bbox 1024 1133 1482 1199; x_wconf 87' lang='lat' dir='ltr'><strong>commistionem,</strong></span> <span class='ocrx_word' id='word_1_76' title='bbox 1513 1131 1703 1187; x_wconf 79' lang='lat' dir='ltr'><strong>saltem</strong></span> <span class='ocrx_word' id='word_1_77' title='bbox 1730 1142 1787 1185; x_wconf 88' lang='lat' dir='ltr'><strong>ut</strong></span> <span class='ocrx_word' id='word_1_78' title='bbox 1821 1130 1987 1184; x_wconf 85' lang='lat' dir='ltr'><strong>alium</strong></span> 
     </span>
    </p>
   </div>
   <div class='ocr_carea' id='block_1_13' title="bbox 400 1223 1989 1296">
    <p class='ocr_par' dir='ltr' id='par_1_13' title="bbox 400 1223 1989 1296">
     <span class='ocr_line' id='line_1_13' title="bbox 400 1223 1989 1296; baseline -0.004 -14"><span class='ocrx_word' id='word_1_79' title='bbox 400 1245 507 1282; x_wconf 88' lang='lat' dir='ltr'><strong>non</strong></span> <span class='ocrx_word' id='word_1_80' title='bbox 560 1227 989 1296; x_wconf 85' lang='lat' dir='ltr'><strong>superinducat:</strong></span> <span class='ocrx_word' id='word_1_81' title='bbox 1026 1227 1111 1281; x_wconf 82' lang='lat' dir='ltr'><strong>vel</strong></span> <span class='ocrx_word' id='word_1_82' title='bbox 1144 1226 1189 1281; x_wconf 88' lang='lat' dir='ltr'><strong>si</strong></span> <span class='ocrx_word' id='word_1_83' title='bbox 1225 1225 1510 1281; x_wconf 88' lang='lat' dir='ltr'><strong>continere</strong></span> <span class='ocrx_word' id='word_1_84' title='bbox 1552 1230 1810 1293; x_wconf 90' lang='lat' dir='ltr'><strong>nequeat,</strong></span> <span class='ocrx_word' id='word_1_85' title='bbox 1871 1223 1989 1277; x_wconf 85' lang='lat' dir='ltr'><strong>viro</strong></span> 
     </span>
    </p>
   </div>
   <div class='ocr_carea' id='block_1_14' title="bbox 398 1318 1877 1396">
    <p class='ocr_par' dir='ltr' id='par_1_14' title="bbox 398 1318 1877 1396">
     <span class='ocr_line' id='line_1_14' title="bbox 398 1318 1877 1396; baseline -0.001 -26"><span class='ocrx_word' id='word_1_86' title='bbox 398 1318 743 1372; x_wconf 77' lang='lat' dir='ltr'><strong>concilietur.</strong></span> <span class='ocrx_word' id='word_1_87' title='bbox 1867 1382 1877 1396; x_wconf 30' lang='grc' dir='ltr'>δ</span> 
     </span>
    </p>
   </div>
   <div class='ocr_carea' id='block_1_15' title="bbox 473 1403 1989 1479">
    <p class='ocr_par' dir='ltr' id='par_1_15' title="bbox 473 1403 1989 1479">
     <span class='ocr_line' id='line_1_15' title="bbox 473 1403 1989 1479; baseline -0.001 -18"><span class='ocrx_word' id='word_1_88' title='bbox 473 1407 639 1463; x_wconf 75' lang='lat' dir='ltr'><strong>Vens.</strong></span> <span class='ocrx_word' id='word_1_89' title='bbox 672 1408 759 1471; x_wconf 66' lang='lat'><strong>12.</strong></span> <span class='ocrx_word' id='word_1_90' title='bbox 786 1409 873 1464; x_wconf 74' lang='lat' dir='ltr'><strong>l5.</strong></span> <span class='ocrx_word' id='word_1_91' title='bbox 917 1426 936 1460; x_wconf 80' lang='grc' dir='ltr'>ι</span> <span class='ocrx_word' id='word_1_92' title='bbox 974 1408 1217 1479; x_wconf 76' lang='lat' dir='ltr'><strong>Reliquis</strong></span> <span class='ocrx_word' id='word_1_93' title='bbox 1241 1416 1420 1462; x_wconf 87' lang='lat' dir='ltr'><strong>autem</strong></span> <span class='ocrx_word' id='word_1_94' title='bbox 1449 1421 1551 1477; x_wconf 78' lang='lat' dir='ltr'><strong>ego</strong></span> <span class='ocrx_word' id='word_1_95' title='bbox 1575 1404 1721 1472; x_wconf 84' lang='lat' dir='ltr'><strong>dico,</strong></span> <span class='ocrx_word' id='word_1_96' title='bbox 1749 1419 1857 1459; x_wconf 88' lang='lat' dir='ltr'><strong>non</strong></span> <span class='ocrx_word' id='word_1_97' title='bbox 1885 1403 1989 1459; x_wconf 87' lang='lat' dir='ltr'><strong>Do-</strong></span> 
     </span>
    </p>
   </div>
   <div class='ocr_carea' id='block_1_16' title="bbox 401 1485 1984 1569">
    <p class='ocr_par' dir='ltr' id='par_1_16' title="bbox 401 1485 1984 1569">
     <span class='ocr_line' id='line_1_16' title="bbox 401 1485 1984 1569; baseline -0.003 -18"><span class='ocrx_word' id='word_1_98' title='bbox 401 1500 582 1553; x_wconf 85' lang='lat' dir='ltr'><strong>minus</strong></span> <span class='ocrx_word' id='word_1_99' title='bbox 621 1518 634 1555; x_wconf 89' lang='lat'><strong>:</strong></span> <span class='ocrx_word' id='word_1_100' title='bbox 671 1499 726 1553; x_wconf 89' lang='lat' dir='ltr'><strong>Si</strong></span> <span class='ocrx_word' id='word_1_101' title='bbox 768 1500 889 1569; x_wconf 89' lang='lat' dir='ltr'><strong>quis</strong></span> <span class='ocrx_word' id='word_1_102' title='bbox 940 1499 1108 1556; x_wconf 81' lang='lat' dir='ltr'><strong>frater</strong></span> <span class='ocrx_word' id='word_1_103' title='bbox 1151 1513 1374 1554; x_wconf 81' lang='lat' dir='ltr'><strong>uxorem</strong></span> <span class='ocrx_word' id='word_1_104' title='bbox 1431 1498 1632 1553; x_wconf 83' lang='lat' dir='ltr'><strong>habeat</strong></span> <span class='ocrx_word' id='word_1_105' title='bbox 1684 1485 1984 1559; x_wconf 86' lang='lat' dir='ltr'><strong>inﬁdelem,</strong></span> 
     </span>
    </p>
   </div>
   <div class='ocr_carea' id='block_1_17' title="bbox 401 1587 1987 1660">
    <p class='ocr_par' dir='ltr' id='par_1_17' title="bbox 401 1587 1987 1660">
     <span class='ocr_line' id='line_1_17' title="bbox 401 1587 1987 1660; baseline -0.004 -15"><span class='ocrx_word' id='word_1_106' title='bbox 401 1589 627 1660; x_wconf 88' lang='lat' dir='ltr'><strong>ipsaque</strong></span> <span class='ocrx_word' id='word_1_107' title='bbox 661 1590 964 1645; x_wconf 84' lang='lat' dir='ltr'><strong>consentiat</strong></span> <span class='ocrx_word' id='word_1_108' title='bbox 1024 1589 1272 1645; x_wconf 84' lang='lat' dir='ltr'><strong>habitare</strong></span> <span class='ocrx_word' id='word_1_109' title='bbox 1303 1605 1424 1644; x_wconf 91' lang='lat' dir='ltr'><strong>cum</strong></span> <span class='ocrx_word' id='word_1_110' title='bbox 1474 1589 1588 1652; x_wconf 89' lang='lat' dir='ltr'><strong>illo,</strong></span> <span class='ocrx_word' id='word_1_111' title='bbox 1635 1603 1703 1643; x_wconf 83' lang='lat' dir='ltr'><strong>ne</strong></span> <span class='ocrx_word' id='word_1_112' title='bbox 1747 1587 1987 1642; x_wconf 85' lang='lat' dir='ltr'><strong>dimittat</strong></span> 
     </span>
    </p>
   </div>
   <div class='ocr_carea' id='block_1_18' title="bbox 402 1679 1989 1753">
    <p class='ocr_par' dir='ltr' id='par_1_18' title="bbox 402 1679 1989 1753">
     <span class='ocr_line' id='line_1_18' title="bbox 402 1679 1989 1753; baseline -0.002 -17"><span class='ocrx_word' id='word_1_113' title='bbox 402 1682 598 1753; x_wconf 90' lang='lat' dir='ltr'><strong>ipsam.</strong></span> <span class='ocrx_word' id='word_1_114' title='bbox 630 1682 693 1736; x_wconf 83' lang='lat' dir='ltr'><strong>Et</strong></span> <span class='ocrx_word' id='word_1_115' title='bbox 721 1698 857 1737; x_wconf 82' lang='lat' dir='ltr'><strong>uxor</strong></span> <span class='ocrx_word' id='word_1_116' title='bbox 890 1684 976 1737; x_wconf 89' lang='lat' dir='ltr'><strong>cui</strong></span> <span class='ocrx_word' id='word_1_117' title='bbox 1010 1682 1240 1737; x_wconf 88' lang='lat' dir='ltr'><strong>maritus</strong></span> <span class='ocrx_word' id='word_1_118' title='bbox 1260 1692 1348 1737; x_wconf 89' lang='lat' dir='ltr'><strong>est</strong></span> <span class='ocrx_word' id='word_1_119' title='bbox 1377 1681 1635 1747; x_wconf 82' lang='lat' dir='ltr'><strong>inﬁdelis.</strong></span> <span class='ocrx_word' id='word_1_120' title='bbox 1665 1682 1751 1736; x_wconf 88' lang='lat' dir='ltr'><strong>cui</strong></span> <span class='ocrx_word' id='word_1_121' title='bbox 1779 1679 1989 1749; x_wconf 77' lang='lat' dir='ltr'><strong>placeat</strong></span> 
     </span>
    </p>
   </div>
   <div class='ocr_carea' id='block_1_19' title="bbox 404 1770 1987 1841">
    <p class='ocr_par' dir='ltr' id='par_1_19' title="bbox 404 1770 1987 1841">
     <span class='ocr_line' id='line_1_19' title="bbox 404 1770 1987 1841; baseline -0.003 -11"><span class='ocrx_word' id='word_1_122' title='bbox 404 1775 651 1830; x_wconf 83' lang='lat' dir='ltr'><strong>habitare</strong></span> <span class='ocrx_word' id='word_1_123' title='bbox 689 1790 809 1828; x_wconf 90' lang='lat' dir='ltr'><strong>cum</strong></span> <span class='ocrx_word' id='word_1_124' title='bbox 858 1773 971 1836; x_wconf 88' lang='lat' dir='ltr'><strong>illa,</strong></span> <span class='ocrx_word' id='word_1_125' title='bbox 1007 1788 1073 1828; x_wconf 87' lang='lat' dir='ltr'><strong>ne</strong></span> <span class='ocrx_word' id='word_1_126' title='bbox 1106 1774 1341 1829; x_wconf 85' lang='lat' dir='ltr'><strong>dimittat</strong></span> <span class='ocrx_word' id='word_1_127' title='bbox 1371 1774 1568 1841; x_wconf 88' lang='lat' dir='ltr'><strong>ipsum.</strong></span> <span class='ocrx_word' id='word_1_128' title='bbox 1600 1791 1620 1825; x_wconf 75' lang='grc' dir='ltr'>ι</span> <span class='ocrx_word' id='word_1_129' title='bbox 1682 1772 1823 1839; x_wconf 86' lang='lat' dir='ltr'><strong>Quid</strong></span> <span class='ocrx_word' id='word_1_130' title='bbox 1868 1770 1987 1826; x_wconf 88' lang='lat' dir='ltr'><strong>ais?</strong></span> 
     </span>
    </p>
   </div>
   <div class='ocr_carea' id='block_1_20' title="bbox 406 1857 1986 1937">
    <p class='ocr_par' dir='ltr' id='par_1_20' title="bbox 406 1857 1986 1937">
     <span class='ocr_line' id='line_1_20' title="bbox 406 1857 1986 1937; baseline -0.001 -16"><span class='ocrx_word' id='word_1_131' title='bbox 406 1868 463 1922; x_wconf 90' lang='lat' dir='ltr'><strong>Si</strong></span> <span class='ocrx_word' id='word_1_132' title='bbox 503 1866 734 1921; x_wconf 88' lang='lat' dir='ltr'><strong>inﬁdelis</strong></span> <span class='ocrx_word' id='word_1_133' title='bbox 776 1857 1046 1937; x_wconf 78' lang='lat' dir='ltr'><strong>quispiam</strong></span> <span class='ocrx_word' id='word_1_134' title='bbox 1082 1866 1177 1930; x_wconf 89' lang='lat' dir='ltr'><strong>sit,</strong></span> <span class='ocrx_word' id='word_1_135' title='bbox 1227 1874 1442 1921; x_wconf 86' lang='lat' dir='ltr'><strong>maneat</strong></span> <span class='ocrx_word' id='word_1_136' title='bbox 1518 1880 1641 1920; x_wconf 90' lang='lat' dir='ltr'><strong>cum</strong></span> <span class='ocrx_word' id='word_1_137' title='bbox 1668 1879 1838 1920; x_wconf 75' lang='lat' dir='ltr'><strong>uxore</strong></span> <span class='ocrx_word' id='word_1_138' title='bbox 1890 1883 1905 1919; x_wconf 68' lang='grc' dir='ltr'>ς</span> <span class='ocrx_word' id='word_1_139' title='bbox 1938 1863 1986 1922; x_wconf 90' lang='lat' dir='ltr'><strong>si</strong></span> 
     </span>
    </p>
   </div>
   <div class='ocr_carea' id='block_1_21' title="bbox 408 1956 1988 2030">
    <p class='ocr_par' dir='ltr' id='par_1_21' title="bbox 408 1956 1988 2030">
     <span class='ocr_line' id='line_1_21' title="bbox 408 1956 1988 2030; baseline -0.001 -17"><span class='ocrx_word' id='word_1_140' title='bbox 408 1959 764 2023; x_wconf 67' lang='lat' dir='ltr'><strong>fornices-ius,</strong></span> <span class='ocrx_word' id='word_1_141' title='bbox 796 1973 899 2012; x_wconf 85' lang='lat' dir='ltr'><strong>non</strong></span> <span class='ocrx_word' id='word_1_142' title='bbox 945 1956 1114 2012; x_wconf 84' lang='lat' dir='ltr'><strong>item?</strong></span> <span class='ocrx_word' id='word_1_143' title='bbox 1137 1959 1285 2027; x_wconf 85' lang='lat' dir='ltr'><strong>atqui</strong></span> <span class='ocrx_word' id='word_1_144' title='bbox 1317 1956 1676 2014; x_wconf 81' lang='lat' dir='ltr'><strong>fornicatione</strong></span> <span class='ocrx_word' id='word_1_145' title='bbox 1709 1956 1869 2030; x_wconf 80' lang='lat'><strong>159</strong></span> <span class='ocrx_word' id='word_1_146' title='bbox 1895 1960 1988 2013; x_wconf 91' lang='lat' dir='ltr'><strong>de-</strong></span> 
     </span>
    </p>
   </div>
   <div class='ocr_carea' id='block_1_22' title="bbox 406 2046 1985 2117">
    <p class='ocr_par' dir='ltr' id='par_1_22' title="bbox 406 2046 1985 2117">
     <span class='ocr_line' id='line_1_22' title="bbox 406 2046 1985 2117; baseline -0.001 -13"><span class='ocrx_word' id='word_1_147' title='bbox 406 2052 573 2105; x_wconf 85' lang='lat' dir='ltr'><strong>terior</strong></span> <span class='ocrx_word' id='word_1_148' title='bbox 604 2060 686 2103; x_wconf 90' lang='lat' dir='ltr'><strong>est</strong></span> <span class='ocrx_word' id='word_1_149' title='bbox 731 2048 1042 2103; x_wconf 80' lang='lat' dir='ltr'><strong>inﬁdelitas.</strong></span> <span class='ocrx_word' id='word_1_150' title='bbox 1097 2048 1347 2103; x_wconf 86' lang='lat' dir='ltr'><strong>Deterior</strong></span> <span class='ocrx_word' id='word_1_151' title='bbox 1375 2046 1618 2117; x_wconf 89' lang='lat' dir='ltr'><strong>quidem,</strong></span> <span class='ocrx_word' id='word_1_152' title='bbox 1652 2050 1746 2102; x_wconf 83' lang='lat' dir='ltr'><strong>sed</strong></span> <span class='ocrx_word' id='word_1_153' title='bbox 1800 2057 1985 2103; x_wconf 81' lang='lat' dir='ltr'><strong>nostra</strong></span> 
     </span>
    </p>
   </div>
   <div class='ocr_carea' id='block_1_23' title="bbox 407 2136 1977 2210">
    <p class='ocr_par' dir='ltr' id='par_1_23' title="bbox 407 2136 1977 2210">
     <span class='ocr_line' id='line_1_23' title="bbox 407 2136 1977 2210; baseline 0.001 -21"><span class='ocrx_word' id='word_1_154' title='bbox 407 2140 587 2207; x_wconf 83' lang='lat' dir='ltr'><strong>potius</strong></span> <span class='ocrx_word' id='word_1_155' title='bbox 612 2138 853 2192; x_wconf 88' lang='lat' dir='ltr'><strong>vindicat</strong></span> <span class='ocrx_word' id='word_1_156' title='bbox 888 2138 1056 2206; x_wconf 88' lang='lat' dir='ltr'><strong>Deus,</strong></span> <span class='ocrx_word' id='word_1_157' title='bbox 1090 2153 1248 2209; x_wconf 88' lang='lat' dir='ltr'><strong>quam</strong></span> <span class='ocrx_word' id='word_1_158' title='bbox 1276 2152 1393 2193; x_wconf 86' lang='lat' dir='ltr'><strong>sua.</strong></span> <span class='ocrx_word' id='word_1_159' title='bbox 1424 2136 1557 2191; x_wconf 86' lang='lat' dir='ltr'><strong>Nam</strong></span> <span class='ocrx_word' id='word_1_160' title='bbox 1593 2157 1611 2190; x_wconf 82' lang='grc' dir='ltr'>ι</span> <span class='ocrx_word' id='word_1_161' title='bbox 1646 2138 1931 2210; x_wconf 78' lang='lat' dir='ltr'><strong>Relinque,</strong></span> <span class='ocrx_word' id='word_1_162' title='bbox 1959 2158 1977 2191; x_wconf 79' lang='grc' dir='ltr'><strong>ι</strong></span> 
     </span>
    </p>
   </div>
   <div class='ocr_carea' id='block_1_24' title="bbox 404 2229 1990 2299">
    <p class='ocr_par' dir='ltr' id='par_1_24' title="bbox 404 2229 1990 2299">
     <span class='ocr_line' id='line_1_24' title="bbox 404 2229 1990 2299; baseline 0 -16"><span class='ocrx_word' id='word_1_163' title='bbox 404 2230 602 2299; x_wconf 85' lang='lat' dir='ltr'><strong>inquit,</strong></span> <span class='ocrx_word' id='word_1_164' title='bbox 643 2247 661 2282; x_wconf 79' lang='grc' dir='ltr'>ι</span> <span class='ocrx_word' id='word_1_165' title='bbox 696 2230 770 2284; x_wconf 89' lang='lat' dir='ltr'><strong>ibi</strong></span> <span class='ocrx_word' id='word_1_166' title='bbox 800 2230 1077 2284; x_wconf 71' lang='lat' dir='ltr'><strong>victimam</strong></span> <span class='ocrx_word' id='word_1_167' title='bbox 1129 2241 1301 2296; x_wconf 89' lang='lat' dir='ltr'><strong>tuam,</strong></span> <span class='ocrx_word' id='word_1_168' title='bbox 1331 2240 1389 2287; x_wconf 89' lang='lat' dir='ltr'><strong>et</strong></span> <span class='ocrx_word' id='word_1_169' title='bbox 1425 2229 1577 2286; x_wconf 88' lang='lat' dir='ltr'><strong>fratri</strong></span> <span class='ocrx_word' id='word_1_170' title='bbox 1621 2241 1712 2285; x_wconf 92' lang='lat' dir='ltr'><strong>tuo</strong></span> <span class='ocrx_word' id='word_1_171' title='bbox 1744 2234 1990 2287; x_wconf 82' lang='lat' dir='ltr'><strong>reconci-</strong></span> 
     </span>
    </p>
   </div>
   <div class='ocr_carea' id='block_1_25' title="bbox 405 2320 1987 2378">
    <p class='ocr_par' dir='ltr' id='par_1_25' title="bbox 405 2320 1987 2378">
     <span class='ocr_line' id='line_1_25' title="bbox 405 2320 1987 2378; baseline 0.001 -3"><span class='ocrx_word' id='word_1_172' title='bbox 405 2320 540 2376; x_wconf 86' lang='lat' dir='ltr'><strong>liare</strong></span> <span class='ocrx_word' id='word_1_173' title='bbox 566 2334 616 2375; x_wconf 71' lang='grc' dir='ltr'>ι.</span> <span class='ocrx_word' id='word_1_174' title='bbox 660 2340 678 2372; x_wconf 78' lang='grc' dir='ltr'><strong>ι</strong></span> <span class='ocrx_word' id='word_1_175' title='bbox 714 2320 783 2376; x_wconf 84' lang='grc' dir='ltr'><strong>Ει</strong></span> <span class='ocrx_word' id='word_1_176' title='bbox 826 2322 1012 2378; x_wconf 86' lang='lat' dir='ltr'><strong>decem</strong></span> <span class='ocrx_word' id='word_1_177' title='bbox 1067 2322 1394 2376; x_wconf 88' lang='lat' dir='ltr'><strong>talentorum</strong></span> <span class='ocrx_word' id='word_1_178' title='bbox 1438 2322 1605 2377; x_wconf 90' lang='lat' dir='ltr'><strong>millia</strong></span> <span class='ocrx_word' id='word_1_179' title='bbox 1656 2323 1757 2378; x_wconf 81' lang='lat' dir='ltr'><strong>sibi</strong></span> <span class='ocrx_word' id='word_1_180' title='bbox 1805 2323 1987 2378; x_wconf 77' lang='lat' dir='ltr'><strong>debita</strong></span> 
     </span>
    </p>
   </div>
   <div class='ocr_carea' id='block_1_26' title="bbox 405 2414 1985 2485">
    <p class='ocr_par' dir='ltr' id='par_1_26' title="bbox 405 2414 1985 2485">
     <span class='ocr_line' id='line_1_26' title="bbox 405 2414 1985 2485; baseline 0 -15"><span class='ocrx_word' id='word_1_181' title='bbox 405 2416 764 2484; x_wconf 86' lang='lat' dir='ltr'><strong>contempsit;</strong></span> <span class='ocrx_word' id='word_1_182' title='bbox 802 2416 898 2471; x_wconf 89' lang='lat' dir='ltr'><strong>sed</strong></span> <span class='ocrx_word' id='word_1_183' title='bbox 940 2414 1350 2481; x_wconf 85' lang='lat' dir='ltr'><strong>contumeliam,</strong></span> <span class='ocrx_word' id='word_1_184' title='bbox 1383 2416 1435 2471; x_wconf 92' lang='lat' dir='ltr'><strong>in</strong></span> <span class='ocrx_word' id='word_1_185' title='bbox 1473 2430 1596 2470; x_wconf 89' lang='lat' dir='ltr'><strong>eum</strong></span> <span class='ocrx_word' id='word_1_186' title='bbox 1646 2418 1738 2485; x_wconf 86' lang='lat' dir='ltr'><strong>qui</strong></span> <span class='ocrx_word' id='word_1_187' title='bbox 1769 2427 1985 2471; x_wconf 87' lang='lat' dir='ltr'><strong>centmn</strong></span> 
     </span>
    </p>
   </div>
   <div class='ocr_carea' id='block_1_27' title="bbox 407 2506 1990 2574">
    <p class='ocr_par' dir='ltr' id='par_1_27' title="bbox 407 2506 1990 2574">
     <span class='ocr_line' id='line_1_27' title="bbox 407 2506 1990 2574; baseline 0.003 -15"><span class='ocrx_word' id='word_1_188' title='bbox 407 2506 662 2563; x_wconf 86' lang='lat' dir='ltr'><strong>denarios</strong></span> <span class='ocrx_word' id='word_1_189' title='bbox 718 2506 969 2574; x_wconf 84' lang='lat' dir='ltr'><strong>debebat,</strong></span> <span class='ocrx_word' id='word_1_190' title='bbox 1028 2506 1223 2563; x_wconf 82' lang='lat' dir='ltr'><strong>factam</strong></span> <span class='ocrx_word' id='word_1_191' title='bbox 1270 2508 1562 2563; x_wconf 78' lang='lat' dir='ltr'><strong>vindicavit</strong></span> <span class='ocrx_word' id='word_1_192' title='bbox 1590 2517 1643 2562; x_wconf 68' lang='grc' dir='ltr'>γ.</span> <span class='ocrx_word' id='word_1_193' title='bbox 1673 2506 1747 2562; x_wconf 88' lang='lat' dir='ltr'><strong>lta</strong></span> <span class='ocrx_word' id='word_1_194' title='bbox 1782 2518 1837 2564; x_wconf 88' lang='lat' dir='ltr'><strong>et</strong></span> <span class='ocrx_word' id='word_1_195' title='bbox 1898 2508 1990 2564; x_wconf 87' lang='lat' dir='ltr'><strong>hic</strong></span> 
     </span>
    </p>
   </div>
   <div class='ocr_carea' id='block_1_28' title="bbox 405 2600 1990 2670">
    <p class='ocr_par' dir='ltr' id='par_1_28' title="bbox 405 2600 1990 2670">
     <span class='ocr_line' id='line_1_28' title="bbox 405 2600 1990 2670; baseline 0.001 -17"><span class='ocrx_word' id='word_1_196' title='bbox 405 2600 805 2664; x_wconf 89' lang='lat' dir='ltr'><strong>inﬁdelitatem,</strong></span> <span class='ocrx_word' id='word_1_197' title='bbox 839 2614 944 2670; x_wconf 90' lang='lat' dir='ltr'><strong>qua</strong></span> <span class='ocrx_word' id='word_1_198' title='bbox 979 2609 1194 2656; x_wconf 79' lang='lat' dir='ltr'><strong>conSIat</strong></span> <span class='ocrx_word' id='word_1_199' title='bbox 1223 2600 1276 2654; x_wconf 93' lang='lat' dir='ltr'><strong>in</strong></span> <span class='ocrx_word' id='word_1_200' title='bbox 1309 2614 1369 2655; x_wconf 89' lang='lat' dir='ltr'><strong>se</strong></span> <span class='ocrx_word' id='word_1_201' title='bbox 1392 2600 1654 2669; x_wconf 85' lang='lat' dir='ltr'><strong>delinqui,</strong></span> <span class='ocrx_word' id='word_1_202' title='bbox 1687 2601 1990 2656; x_wconf 78' lang='lat' dir='ltr'><strong>dissimulat</strong></span> 
     </span>
    </p>
   </div>
   <div class='ocr_carea' id='block_1_29' title="bbox 407 2691 1989 2762">
    <p class='ocr_par' dir='ltr' id='par_1_29' title="bbox 407 2691 1989 2762">
     <span class='ocr_line' id='line_1_29' title="bbox 407 2691 1989 2762; baseline 0 -17"><span class='ocrx_word' id='word_1_203' title='bbox 407 2692 547 2747; x_wconf 88' lang='lat' dir='ltr'><strong>Deus</strong></span> <span class='ocrx_word' id='word_1_204' title='bbox 576 2710 590 2748; x_wconf 89' lang='lat'><strong>:</strong></span> <span class='ocrx_word' id='word_1_205' title='bbox 625 2691 695 2745; x_wconf 91' lang='lat' dir='ltr'><strong>ob</strong></span> <span class='ocrx_word' id='word_1_206' title='bbox 752 2691 1168 2747; x_wconf 85' lang='lat' dir='ltr'><strong>fornicationem</strong></span> <span class='ocrx_word' id='word_1_207' title='bbox 1210 2707 1339 2746; x_wconf 84' lang='lat' dir='ltr'><strong>vero</strong></span> <span class='ocrx_word' id='word_1_208' title='bbox 1369 2708 1473 2762; x_wconf 87' lang='lat' dir='ltr'><strong>qua</strong></span> <span class='ocrx_word' id='word_1_209' title='bbox 1508 2694 1558 2747; x_wconf 89' lang='lat' dir='ltr'><strong>iu</strong></span> <span class='ocrx_word' id='word_1_210' title='bbox 1604 2707 1827 2747; x_wconf 69' lang='lat' dir='ltr'><strong>uxorem</strong></span> <span class='ocrx_word' id='word_1_211' title='bbox 1859 2708 1989 2761; x_wconf 85' lang='lat' dir='ltr'><strong>pec-</strong></span> 
     </span>
    </p>
   </div>
   <div class='ocr_carea' id='block_1_30' title="bbox 403 2784 1987 2855">
    <p class='ocr_par' dir='ltr' id='par_1_30' title="bbox 403 2784 1987 2855">
     <span class='ocr_line' id='line_1_30' title="bbox 403 2784 1987 2855; baseline -0.002 -15"><span class='ocrx_word' id='word_1_212' title='bbox 403 2793 577 2850; x_wconf 86' lang='lat' dir='ltr'><strong>catur,</strong></span> <span class='ocrx_word' id='word_1_213' title='bbox 611 2800 800 2853; x_wconf 85' lang='lat' dir='ltr'><strong>poenas</strong></span> <span class='ocrx_word' id='word_1_214' title='bbox 848 2785 1036 2855; x_wconf 75' lang='lat' dir='ltr'><strong>exigit.</strong></span> <span class='ocrx_word' id='word_1_215' title='bbox 1079 2784 1277 2838; x_wconf 84' lang='lat' dir='ltr'><strong>Dicunt</strong></span> <span class='ocrx_word' id='word_1_216' title='bbox 1333 2793 1512 2840; x_wconf 89' lang='lat' dir='ltr'><strong>tamen</strong></span> <span class='ocrx_word' id='word_1_217' title='bbox 1547 2785 1812 2849; x_wconf 89' lang='lat' dir='ltr'><strong>nonnulli,</strong></span> <span class='ocrx_word' id='word_1_218' title='bbox 1844 2784 1987 2854; x_wconf 87' lang='lat' dir='ltr'><strong>quod</strong></span> 
     </span>
    </p>
   </div>
   <div class='ocr_carea' id='block_1_31' title="bbox 405 2862 1985 2946">
    <p class='ocr_par' dir='ltr' id='par_1_31' title="bbox 405 2862 1985 2946">
     <span class='ocr_line' id='line_1_31' title="bbox 405 2862 1985 2946; baseline -0.001 -16"><span class='ocrx_word' id='word_1_219' title='bbox 405 2892 502 2946; x_wconf 88' lang='lat' dir='ltr'><strong>per</strong></span> <span class='ocrx_word' id='word_1_220' title='bbox 518 2862 876 2946; x_wconf 70' lang='lat' dir='ltr'><strong>ignorantiam</strong></span> <span class='ocrx_word' id='word_1_221' title='bbox 893 2875 1186 2931; x_wconf 88' lang='lat' dir='ltr'><strong>inﬁdelitas</strong></span> <span class='ocrx_word' id='word_1_222' title='bbox 1209 2877 1509 2946; x_wconf 65' lang='lat' dir='ltr'><strong>contingat,</strong></span> <span class='ocrx_word' id='word_1_223' title='bbox 1530 2892 1800 2946; x_wconf 87' lang='lat' dir='ltr'><strong>quamque</strong></span> <span class='ocrx_word' id='word_1_224' title='bbox 1828 2878 1985 2931; x_wconf 83' lang='lat' dir='ltr'><strong>linem</strong></span> 
     </span>
    </p>
   </div>
   <div class='ocr_carea' id='block_1_32' title="bbox 408 2966 1991 3033">
    <p class='ocr_par' dir='ltr' id='par_1_32' title="bbox 408 2966 1991 3033">
     <span class='ocr_line' id='line_1_32' title="bbox 408 2966 1991 3033; baseline -0.001 -12"><span class='ocrx_word' id='word_1_225' title='bbox 408 2967 715 3021; x_wconf 82' lang='lat' dir='ltr'><strong>habituram</strong></span> <span class='ocrx_word' id='word_1_226' title='bbox 759 2980 879 3021; x_wconf 88' lang='lat' dir='ltr'><strong>esse</strong></span> <span class='ocrx_word' id='word_1_227' title='bbox 912 2966 1209 3021; x_wconf 75' lang='lat' dir='ltr'><strong>verisimile</strong></span> <span class='ocrx_word' id='word_1_228' title='bbox 1255 2976 1392 3022; x_wconf 89' lang='lat' dir='ltr'><strong>erat.</strong></span> <span class='ocrx_word' id='word_1_229' title='bbox 1424 2967 1889 3033; x_wconf 82' lang='lat' dir='ltr'><strong>Quemadmodum</strong></span> <span class='ocrx_word' id='word_1_230' title='bbox 1936 2976 1991 3023; x_wconf 88' lang='lat' dir='ltr'><strong>et</strong></span> 
     </span>
    </p>
   </div>
   <div class='ocr_carea' id='block_1_33' title="bbox 407 3055 1986 3128">
    <p class='ocr_par' dir='ltr' id='par_1_33' title="bbox 407 3055 1986 3128">
     <span class='ocr_line' id='line_1_33' title="bbox 407 3055 1986 3128; baseline -0.001 -16"><span class='ocrx_word' id='word_1_231' title='bbox 407 3058 525 3128; x_wconf 87' lang='lat' dir='ltr'><strong>ipse</strong></span> <span class='ocrx_word' id='word_1_232' title='bbox 557 3058 664 3115; x_wconf 86' lang='lat' dir='ltr'><strong>ait:</strong></span> <span class='ocrx_word' id='word_1_233' title='bbox 704 3075 723 3108; x_wconf 80' lang='grc' dir='ltr'><strong>ι</strong></span> <span class='ocrx_word' id='word_1_234' title='bbox 747 3055 887 3123; x_wconf 81' lang='lat' dir='ltr'><strong>Quid</strong></span> <span class='ocrx_word' id='word_1_235' title='bbox 918 3057 1064 3112; x_wconf 89' lang='lat' dir='ltr'><strong>enim</strong></span> <span class='ocrx_word' id='word_1_236' title='bbox 1087 3057 1251 3122; x_wconf 89' lang='lat' dir='ltr'><strong>nosti,</strong></span> <span class='ocrx_word' id='word_1_237' title='bbox 1276 3057 1489 3122; x_wconf 89' lang='lat' dir='ltr'><strong>mulier,</strong></span> <span class='ocrx_word' id='word_1_238' title='bbox 1512 3057 1559 3112; x_wconf 88' lang='lat' dir='ltr'><strong>si</strong></span> <span class='ocrx_word' id='word_1_239' title='bbox 1582 3059 1755 3112; x_wconf 84' lang='lat' dir='ltr'><strong>virum</strong></span> <span class='ocrx_word' id='word_1_240' title='bbox 1782 3058 1986 3113; x_wconf 86' lang='lat' dir='ltr'><strong>salvum</strong></span> 
     </span>
    </p>
   </div>
   <div class='ocr_carea' id='block_1_34' title="bbox 407 3148 1987 3218">
    <p class='ocr_par' dir='ltr' id='par_1_34' title="bbox 407 3148 1987 3218">
     <span class='ocr_line' id='line_1_34' title="bbox 407 3148 1987 3218; baseline 0.001 -15"><span class='ocrx_word' id='word_1_241' title='bbox 407 3150 607 3206; x_wconf 84' lang='lat' dir='ltr'><strong>facies?</strong></span> <span class='ocrx_word' id='word_1_242' title='bbox 640 3169 659 3202; x_wconf 74' lang='grc' dir='ltr'><strong>ι</strong></span> <span class='ocrx_word' id='word_1_243' title='bbox 700 3148 1010 3204; x_wconf 85' lang='lat' dir='ltr'><strong>Fornicatio</strong></span> <span class='ocrx_word' id='word_1_244' title='bbox 1040 3160 1217 3206; x_wconf 85' lang='lat' dir='ltr'><strong>autem</strong></span> <span class='ocrx_word' id='word_1_245' title='bbox 1250 3149 1308 3204; x_wconf 89' lang='lat' dir='ltr'><strong>ﬁt</strong></span> <span class='ocrx_word' id='word_1_246' title='bbox 1348 3164 1448 3218; x_wconf 88' lang='lat' dir='ltr'><strong>per</strong></span> <span class='ocrx_word' id='word_1_247' title='bbox 1482 3150 1824 3206; x_wconf 68' lang='lat' dir='ltr'><strong>manifestatur</strong></span> <span class='ocrx_word' id='word_1_248' title='bbox 1873 3165 1987 3204; x_wconf 88' lang='lat' dir='ltr'><strong>ma-</strong></span> 
     </span>
    </p>
   </div>
   <div class='ocr_carea' id='block_1_35' title="bbox 407 3242 1987 3315">
    <p class='ocr_par' dir='ltr' id='par_1_35' title="bbox 407 3242 1987 3315">
     <span class='ocr_line' id='line_1_35' title="bbox 407 3242 1987 3315; baseline -0.003 -15"><span class='ocrx_word' id='word_1_249' title='bbox 407 3244 602 3301; x_wconf 88' lang='lat' dir='ltr'><strong>litiam.</strong></span> <span class='ocrx_word' id='word_1_250' title='bbox 640 3244 963 3300; x_wconf 78' lang='lat' dir='ltr'><strong>Fornicator</strong></span> <span class='ocrx_word' id='word_1_251' title='bbox 981 3251 1240 3315; x_wconf 69' lang='lat' dir='ltr'><strong>praeterea</strong></span> <span class='ocrx_word' id='word_1_252' title='bbox 1265 3244 1498 3313; x_wconf 77' lang='lat' dir='ltr'><strong>seipsum</strong></span> <span class='ocrx_word' id='word_1_253' title='bbox 1519 3242 1668 3313; x_wconf 86' lang='lat' dir='ltr'><strong>prius</strong></span> <span class='ocrx_word' id='word_1_254' title='bbox 1691 3242 1987 3311; x_wconf 81' lang='lat' dir='ltr'><strong>separavit.</strong></span> 
     </span>
    </p>
   </div>
   <div class='ocr_carea' id='block_1_36' title="bbox 407 3333 1990 3401">
    <p class='ocr_par' dir='ltr' id='par_1_36' title="bbox 407 3333 1990 3401">
     <span class='ocr_line' id='line_1_36' title="bbox 407 3333 1990 3401; baseline -0.001 -11"><span class='ocrx_word' id='word_1_255' title='bbox 407 3336 677 3392; x_wconf 84' lang='lat' dir='ltr'><strong>Auferens</strong></span> <span class='ocrx_word' id='word_1_256' title='bbox 702 3337 846 3392; x_wconf 90' lang='lat' dir='ltr'><strong>enim</strong></span> <span class='ocrx_word' id='word_1_257' title='bbox 871 3338 1110 3390; x_wconf 86' lang='lat' dir='ltr'><strong>membra</strong></span> <span class='ocrx_word' id='word_1_258' title='bbox 1131 3350 1230 3390; x_wconf 88' lang='lat' dir='ltr'><strong>sua</strong></span> <span class='ocrx_word' id='word_1_259' title='bbox 1254 3337 1321 3390; x_wconf 87' lang='lat' dir='ltr'><strong>ab</strong></span> <span class='ocrx_word' id='word_1_260' title='bbox 1345 3348 1535 3401; x_wconf 75' lang='lat' dir='ltr'><strong>uxore,</strong></span> <span class='ocrx_word' id='word_1_261' title='bbox 1556 3333 1990 3391; x_wconf 79' lang='lat' dir='ltr'><strong>eﬁ&#39;ecitmembra</strong></span> 
     </span>
    </p>
   </div>
   <div class='ocr_carea' id='block_1_37' title="bbox 408 3425 1988 3486">
    <p class='ocr_par' dir='ltr' id='par_1_37' title="bbox 408 3425 1988 3486">
     <span class='ocr_line' id='line_1_37' title="bbox 408 3425 1988 3486; baseline -0.004 -1"><span class='ocrx_word' id='word_1_262' title='bbox 408 3430 738 3486; x_wconf 85' lang='lat' dir='ltr'><strong>meretricis.</strong></span> <span class='ocrx_word' id='word_1_263' title='bbox 768 3428 1011 3484; x_wconf 83' lang='lat' dir='ltr'><strong>inﬁdelis</strong></span> <span class='ocrx_word' id='word_1_264' title='bbox 1029 3442 1161 3483; x_wconf 90' lang='lat' dir='ltr'><strong>vero</strong></span> <span class='ocrx_word' id='word_1_265' title='bbox 1188 3427 1320 3482; x_wconf 90' lang='lat' dir='ltr'><strong>nihil</strong></span> <span class='ocrx_word' id='word_1_266' title='bbox 1347 3425 1402 3482; x_wconf 90' lang='lat' dir='ltr'><strong>in</strong></span> <span class='ocrx_word' id='word_1_267' title='bbox 1436 3426 1710 3482; x_wconf 78' lang='lat' dir='ltr'><strong>carnalem</strong></span> <span class='ocrx_word' id='word_1_268' title='bbox 1735 3427 1988 3482; x_wconf 89' lang='lat' dir='ltr'><strong>unionem</strong></span> 
     </span>
    </p>
   </div>
   <div class='ocr_carea' id='block_1_38' title="bbox 382 3516 1989 3590">
    <p class='ocr_par' dir='ltr' id='par_1_38' title="bbox 382 3516 1989 3590">
     <span class='ocr_line' id='line_1_38' title="bbox 382 3516 1989 3590; baseline -0.003 -15"><span class='ocrx_word' id='word_1_269' title='bbox 382 3522 674 3590; x_wconf 87' lang='lat' dir='ltr'><strong>peccavit.</strong></span> <span class='ocrx_word' id='word_1_270' title='bbox 705 3518 819 3575; x_wconf 89' lang='lat' dir='ltr'><strong>lmo</strong></span> <span class='ocrx_word' id='word_1_271' title='bbox 866 3521 1050 3589; x_wconf 88' lang='lat' dir='ltr'><strong>potius</strong></span> <span class='ocrx_word' id='word_1_272' title='bbox 1090 3532 1186 3587; x_wconf 88' lang='lat' dir='ltr'><strong>per</strong></span> <span class='ocrx_word' id='word_1_273' title='bbox 1236 3518 1407 3587; x_wconf 88' lang='lat' dir='ltr'><strong>ipsam</strong></span> <span class='ocrx_word' id='word_1_274' title='bbox 1458 3516 1694 3573; x_wconf 85' lang='lat' dir='ltr'><strong>fortasse</strong></span> <span class='ocrx_word' id='word_1_275' title='bbox 1740 3518 1906 3572; x_wconf 87' lang='lat' dir='ltr'><strong>etiam</strong></span> <span class='ocrx_word' id='word_1_276' title='bbox 1938 3518 1989 3570; x_wconf 91' lang='lat' dir='ltr'><strong>in</strong></span> 
     </span>
    </p>
   </div>
   <div class='ocr_carea' id='block_1_39' title="bbox 374 3607 1991 3683">
    <p class='ocr_par' dir='ltr' id='par_1_39' title="bbox 374 3607 1991 3683">
     <span class='ocr_line' id='line_1_39' title="bbox 374 3607 1991 3683; baseline -0.004 -14"><span class='ocrx_word' id='word_1_277' title='bbox 374 3678 383 3683; x_wconf 26' lang='grc' dir='ltr'><strong>ν</strong></span> <span class='ocrx_word' id='word_1_278' title='bbox 410 3614 521 3669; x_wconf 86' lang='lat' dir='ltr'><strong>ﬁde</strong></span> <span class='ocrx_word' id='word_1_279' title='bbox 550 3615 788 3670; x_wconf 89' lang='lat' dir='ltr'><strong>unietur.</strong></span> <span class='ocrx_word' id='word_1_280' title='bbox 826 3610 904 3667; x_wconf 86' lang='lat' dir='ltr'><strong>Ne</strong></span> <span class='ocrx_word' id='word_1_281' title='bbox 936 3612 1114 3667; x_wconf 88' lang='lat' dir='ltr'><strong>dicam</strong></span> <span class='ocrx_word' id='word_1_282' title='bbox 1145 3611 1288 3680; x_wconf 88' lang='lat' dir='ltr'><strong>quod</strong></span> <span class='ocrx_word' id='word_1_283' title='bbox 1314 3609 1436 3666; x_wconf 74' lang='lat' dir='ltr'><strong>vita:</strong></span> <span class='ocrx_word' id='word_1_284' title='bbox 1464 3607 1646 3664; x_wconf 82' lang='lat' dir='ltr'><strong>futura</strong></span> <span class='ocrx_word' id='word_1_285' title='bbox 1684 3609 1756 3663; x_wconf 83' lang='lat' dir='ltr'><strong>sit</strong></span> <span class='ocrx_word' id='word_1_286' title='bbox 1780 3608 1991 3664; x_wconf 80' lang='lat' dir='ltr'><strong>eversio</strong></span> 
     </span>
    </p>
   </div>
   <div class='ocr_carea' id='block_1_40' title="bbox 406 3700 1990 3775">
    <p class='ocr_par' dir='ltr' id='par_1_40' title="bbox 406 3700 1990 3775">
     <span class='ocr_line' id='line_1_40' title="bbox 406 3700 1990 3775; baseline -0.004 -14"><span class='ocrx_word' id='word_1_287' title='bbox 406 3716 463 3761; x_wconf 90' lang='lat' dir='ltr'><strong>et</strong></span> <span class='ocrx_word' id='word_1_288' title='bbox 493 3705 839 3775; x_wconf 82' lang='lat' dir='ltr'><strong>opprobrium</strong></span> <span class='ocrx_word' id='word_1_289' title='bbox 864 3703 1177 3774; x_wconf 82' lang='lat' dir='ltr'><strong>Evangelio,</strong></span> <span class='ocrx_word' id='word_1_290' title='bbox 1203 3702 1247 3757; x_wconf 90' lang='lat' dir='ltr'><strong>si</strong></span> <span class='ocrx_word' id='word_1_291' title='bbox 1267 3702 1496 3756; x_wconf 87' lang='lat' dir='ltr'><strong>credens</strong></span> <span class='ocrx_word' id='word_1_292' title='bbox 1518 3701 1585 3755; x_wconf 86' lang='lat' dir='ltr'><strong>ab</strong></span> <span class='ocrx_word' id='word_1_293' title='bbox 1604 3700 1880 3756; x_wconf 80' lang='lat' dir='ltr'><strong>incredula</strong></span> <span class='ocrx_word' id='word_1_294' title='bbox 1902 3714 1990 3755; x_wconf 84' lang='lat' dir='ltr'><strong>se-</strong></span> 
     </span>
    </p>
   </div>
   <div class='ocr_carea' id='block_1_41' title="bbox 405 3793 1987 3869">
    <p class='ocr_par' dir='ltr' id='par_1_41' title="bbox 405 3793 1987 3869">
     <span class='ocr_line' id='line_1_41' title="bbox 405 3793 1987 3869; baseline -0.003 -18"><span class='ocrx_word' id='word_1_295' title='bbox 405 3797 735 3869; x_wconf 74' lang='lat' dir='ltr'><strong>inngeretur.</strong></span> <span class='ocrx_word' id='word_1_296' title='bbox 766 3797 820 3851; x_wconf 91' lang='lat' dir='ltr'><strong>ld</strong></span> <span class='ocrx_word' id='word_1_297' title='bbox 845 3808 1022 3869; x_wconf 89' lang='lat' dir='ltr'><strong>tamen</strong></span> <span class='ocrx_word' id='word_1_298' title='bbox 1051 3807 1161 3850; x_wconf 86' lang='lat' dir='ltr'><strong>tum</strong></span> <span class='ocrx_word' id='word_1_299' title='bbox 1188 3794 1407 3865; x_wconf 86' lang='lat' dir='ltr'><strong>quidem</strong></span> <span class='ocrx_word' id='word_1_300' title='bbox 1434 3793 1677 3848; x_wconf 85' lang='lat' dir='ltr'><strong>futurum</strong></span> <span class='ocrx_word' id='word_1_301' title='bbox 1700 3793 1987 3863; x_wconf 78' lang='lat' dir='ltr'><strong>intelligas,</strong></span> 
     </span>
    </p>
   </div>
   <div class='ocr_carea' id='block_1_42' title="bbox 408 3883 1987 3957">
    <p class='ocr_par' dir='ltr' id='par_1_42' title="bbox 408 3883 1987 3957">
     <span class='ocr_line' id='line_1_42' title="bbox 408 3883 1987 3957; baseline -0.004 -15"><span class='ocrx_word' id='word_1_302' title='bbox 408 3888 453 3942; x_wconf 88' lang='lat' dir='ltr'><strong>si</strong></span> <span class='ocrx_word' id='word_1_303' title='bbox 473 3891 687 3957; x_wconf 88' lang='lat' dir='ltr'><strong>utrique</strong></span> <span class='ocrx_word' id='word_1_304' title='bbox 703 3903 823 3941; x_wconf 91' lang='lat' dir='ltr'><strong>cum</strong></span> <span class='ocrx_word' id='word_1_305' title='bbox 853 3884 1166 3940; x_wconf 88' lang='lat' dir='ltr'><strong>inﬁdelitate</strong></span> <span class='ocrx_word' id='word_1_306' title='bbox 1189 3892 1395 3949; x_wconf 88' lang='lat' dir='ltr'><strong>essent,</strong></span> <span class='ocrx_word' id='word_1_307' title='bbox 1415 3884 1641 3938; x_wconf 87' lang='lat' dir='ltr'><strong>inissent</strong></span> <span class='ocrx_word' id='word_1_308' title='bbox 1663 3883 1987 3952; x_wconf 73' lang='lat' dir='ltr'><strong>coniugium,</strong></span> 
     </span>
    </p>
   </div>
   <div class='ocr_carea' id='block_1_43' title="bbox 408 3972 1990 4047">
    <p class='ocr_par' dir='ltr' id='par_1_43' title="bbox 408 3972 1990 4047">
     <span class='ocr_line' id='line_1_43' title="bbox 408 3972 1990 4047; baseline -0.003 -16"><span class='ocrx_word' id='word_1_309' title='bbox 408 3987 595 4047; x_wconf 75' lang='lat' dir='ltr'><strong>postea</strong></span> <span class='ocrx_word' id='word_1_310' title='bbox 618 3976 754 4031; x_wconf 73' lang='lat' dir='ltr'><strong>aher</strong></span> <span class='ocrx_word' id='word_1_311' title='bbox 776 3977 841 4030; x_wconf 89' lang='lat' dir='ltr'><strong>ad</strong></span> <span class='ocrx_word' id='word_1_312' title='bbox 877 3976 1038 4030; x_wconf 87' lang='lat' dir='ltr'><strong>ﬁdem</strong></span> <span class='ocrx_word' id='word_1_313' title='bbox 1068 3976 1324 4030; x_wconf 85' lang='lat' dir='ltr'><strong>venisset.</strong></span> <span class='ocrx_word' id='word_1_314' title='bbox 1354 3972 1491 4028; x_wconf 82' lang='lat' dir='ltr'><strong>Nam</strong></span> <span class='ocrx_word' id='word_1_315' title='bbox 1515 3974 1559 4028; x_wconf 89' lang='lat' dir='ltr'><strong>si</strong></span> <span class='ocrx_word' id='word_1_316' title='bbox 1614 3972 1764 4041; x_wconf 89' lang='lat' dir='ltr'><strong>prius</strong></span> <span class='ocrx_word' id='word_1_317' title='bbox 1796 3973 1990 4028; x_wconf 75' lang='lat' dir='ltr'><strong>fuisset</strong></span> 
     </span>
    </p>
   </div>
   <div class='ocr_carea' id='block_1_44' title="bbox 407 4065 1988 4135">
    <p class='ocr_par' dir='ltr' id='par_1_44' title="bbox 407 4065 1988 4135">
     <span class='ocr_line' id='line_1_44' title="bbox 407 4065 1988 4135; baseline -0.004 -10"><span class='ocrx_word' id='word_1_318' title='bbox 407 4079 501 4125; x_wconf 83' lang='lat' dir='ltr'><strong>aut</strong></span> <span class='ocrx_word' id='word_1_319' title='bbox 530 4070 609 4122; x_wconf 62' lang='lat' dir='ltr'><strong>\‘ir</strong></span> <span class='ocrx_word' id='word_1_320' title='bbox 640 4080 731 4123; x_wconf 90' lang='lat' dir='ltr'><strong>aut</strong></span> <span class='ocrx_word' id='word_1_321' title='bbox 759 4084 895 4123; x_wconf 80' lang='lat' dir='ltr'><strong>uxor</strong></span> <span class='ocrx_word' id='word_1_322' title='bbox 926 4065 1125 4131; x_wconf 83' lang='lat' dir='ltr'><strong>ﬁdelis,</strong></span> <span class='ocrx_word' id='word_1_323' title='bbox 1186 4066 1599 4135; x_wconf 88' lang='lat' dir='ltr'><strong>haudquaquam</strong></span> <span class='ocrx_word' id='word_1_324' title='bbox 1635 4081 1754 4119; x_wconf 90' lang='lat' dir='ltr'><strong>cum</strong></span> <span class='ocrx_word' id='word_1_325' title='bbox 1788 4066 1988 4120; x_wconf 85' lang='lat' dir='ltr'><strong>inﬁdeli</strong></span> 
     </span>
    </p>
   </div>
   <div class='ocr_carea' id='block_1_45' title="bbox 405 4157 1987 4234">
    <p class='ocr_par' dir='ltr' id='par_1_45' title="bbox 405 4157 1987 4234">
     <span class='ocr_line' id='line_1_45' title="bbox 405 4157 1987 4234; baseline -0.002 -18"><span class='ocrx_word' id='word_1_326' title='bbox 405 4164 557 4234; x_wconf 81' lang='lat' dir='ltr'><strong>jungi</strong></span> <span class='ocrx_word' id='word_1_327' title='bbox 613 4162 966 4217; x_wconf 80' lang='lat' dir='ltr'><strong>matrimonio</strong></span> <span class='ocrx_word' id='word_1_328' title='bbox 1023 4159 1287 4216; x_wconf 88' lang='lat' dir='ltr'><strong>licuisset.</strong></span> <span class='ocrx_word' id='word_1_329' title='bbox 1318 4157 1432 4214; x_wconf 81' lang='lat' dir='ltr'><strong>Nec</strong></span> <span class='ocrx_word' id='word_1_330' title='bbox 1459 4159 1598 4213; x_wconf 82' lang='lat' dir='ltr'><strong>dixit</strong></span> <span class='ocrx_word' id='word_1_331' title='bbox 1626 4159 1845 4228; x_wconf 87' lang='lat' dir='ltr'><strong>quidem</strong></span> <span class='ocrx_word' id='word_1_332' title='bbox 1876 4172 1892 4211; x_wconf 88' lang='lat'><strong>:</strong></span> <span class='ocrx_word' id='word_1_333' title='bbox 1926 4159 1987 4215; x_wconf 86' lang='lat' dir='ltr'><strong>Si</strong></span> 
     </span>
    </p>
   </div>
   <div class='ocr_carea' id='block_1_46' title="bbox 409 4246 1981 4319">
    <p class='ocr_par' dir='ltr' id='par_1_46' title="bbox 409 4246 1981 4319">
     <span class='ocr_line' id='line_1_46' title="bbox 409 4246 1981 4319; baseline -0.002 -16"><span class='ocrx_word' id='word_1_334' title='bbox 409 4250 533 4319; x_wconf 90' lang='lat' dir='ltr'><strong>quis</strong></span> <span class='ocrx_word' id='word_1_335' title='bbox 563 4249 675 4303; x_wconf 86' lang='lat' dir='ltr'><strong>vult</strong></span> <span class='ocrx_word' id='word_1_336' title='bbox 703 4247 973 4303; x_wconf 84' lang='lat' dir='ltr'><strong>inﬁdelem</strong></span> <span class='ocrx_word' id='word_1_337' title='bbox 998 4248 1241 4319; x_wconf 84' lang='lat' dir='ltr'><strong>accipere</strong></span> <span class='ocrx_word' id='word_1_338' title='bbox 1263 4288 1278 4313; x_wconf 93' lang='lat'><strong>,</strong></span> <span class='ocrx_word' id='word_1_339' title='bbox 1306 4248 1420 4311; x_wconf 88' lang='lat' dir='ltr'><strong>sed,</strong></span> <span class='ocrx_word' id='word_1_340' title='bbox 1468 4264 1486 4298; x_wconf 79' lang='grc' dir='ltr'><strong>ι</strong></span> <span class='ocrx_word' id='word_1_341' title='bbox 1524 4246 1579 4301; x_wconf 91' lang='lat' dir='ltr'><strong>Si</strong></span> <span class='ocrx_word' id='word_1_342' title='bbox 1620 4247 1743 4317; x_wconf 89' lang='lat' dir='ltr'><strong>quis</strong></span> <span class='ocrx_word' id='word_1_343' title='bbox 1772 4248 1930 4303; x_wconf 88' lang='lat' dir='ltr'><strong>habet</strong></span> <span class='ocrx_word' id='word_1_344' title='bbox 1963 4266 1981 4300; x_wconf 77' lang='grc' dir='ltr'>ι</span> 
     </span>
    </p>
   </div>
   <div class='ocr_carea' id='block_1_47' title="bbox 410 4334 1987 4406">
    <p class='ocr_par' dir='ltr' id='par_1_47' title="bbox 410 4334 1987 4406">
     <span class='ocr_line' id='line_1_47' title="bbox 410 4334 1987 4406; baseline -0.003 -11"><span class='ocrx_word' id='word_1_345' title='bbox 410 4340 681 4395; x_wconf 89' lang='lat' dir='ltr'><strong>inﬁdelem</strong></span> <span class='ocrx_word' id='word_1_346' title='bbox 714 4355 961 4397; x_wconf 81' lang='lat' dir='ltr'><strong>uxorem.</strong></span> <span class='ocrx_word' id='word_1_347' title='bbox 1016 4334 1123 4393; x_wconf 73' lang='lat' dir='ltr'><strong>Nec</strong></span> <span class='ocrx_word' id='word_1_348' title='bbox 1149 4335 1466 4406; x_wconf 88' lang='lat' dir='ltr'><strong>simpliciter</strong></span> <span class='ocrx_word' id='word_1_349' title='bbox 1511 4337 1712 4392; x_wconf 89' lang='lat' dir='ltr'><strong>inﬁdeli</strong></span> <span class='ocrx_word' id='word_1_350' title='bbox 1754 4335 1987 4406; x_wconf 88' lang='lat' dir='ltr'><strong>ﬁdelem,</strong></span> 
     </span>
    </p>
   </div>
   <div class='ocr_carea' id='block_1_48' title="bbox 409 4426 1988 4499">
    <p class='ocr_par' dir='ltr' id='par_1_48' title="bbox 409 4426 1988 4499">
     <span class='ocr_line' id='line_1_48' title="bbox 409 4426 1988 4499; baseline 0 -14"><span class='ocrx_word' id='word_1_351' title='bbox 409 4433 501 4485; x_wconf 86' lang='lat' dir='ltr'><strong>sed</strong></span> <span class='ocrx_word' id='word_1_352' title='bbox 529 4432 722 4485; x_wconf 80' lang='lat' dir='ltr'><strong>volenti</strong></span> <span class='ocrx_word' id='word_1_353' title='bbox 758 4431 1075 4485; x_wconf 82' lang='lat' dir='ltr'><strong>cohabitare</strong></span> <span class='ocrx_word' id='word_1_354' title='bbox 1106 4428 1257 4483; x_wconf 90' lang='lat' dir='ltr'><strong>facit.</strong></span> <span class='ocrx_word' id='word_1_355' title='bbox 1282 4426 1338 4482; x_wconf 72' lang='grc' dir='ltr'>ιιι</span> <span class='ocrx_word' id='word_1_356' title='bbox 1375 4426 1521 4481; x_wconf 89' lang='lat' dir='ltr'><strong>enim</strong></span> <span class='ocrx_word' id='word_1_357' title='bbox 1550 4428 1820 4498; x_wconf 82' lang='lat' dir='ltr'><strong>signiﬁcat</strong></span> <span class='ocrx_word' id='word_1_358' title='bbox 1843 4431 1988 4499; x_wconf 89' lang='lat' dir='ltr'><strong>quod</strong></span> 
     </span>
    </p>
   </div>
   <div class='ocr_carea' id='block_1_49' title="bbox 409 4517 1588 4587">
    <p class='ocr_par' dir='ltr' id='par_1_49' title="bbox 409 4517 1588 4587">
     <span class='ocr_line' id='line_1_49' title="bbox 409 4517 1588 4587; baseline -0.003 -12"><span class='ocrx_word' id='word_1_359' title='bbox 409 4522 503 4584; x_wconf 81' lang='lat' dir='ltr'><strong>ait,</strong></span> <span class='ocrx_word' id='word_1_360' title='bbox 541 4539 559 4571; x_wconf 78' lang='grc' dir='ltr'>ι</span> <span class='ocrx_word' id='word_1_361' title='bbox 604 4520 946 4587; x_wconf 81' lang='lat' dir='ltr'><strong>Conscntiat,</strong></span> <span class='ocrx_word' id='word_1_362' title='bbox 987 4539 1005 4572; x_wconf 73' lang='grc' dir='ltr'>ι</span> <span class='ocrx_word' id='word_1_363' title='bbox 1046 4519 1151 4575; x_wconf 90' lang='lat' dir='ltr'><strong>hoc</strong></span> <span class='ocrx_word' id='word_1_364' title='bbox 1192 4527 1276 4574; x_wconf 90' lang='lat' dir='ltr'><strong>est</strong></span> <span class='ocrx_word' id='word_1_365' title='bbox 1336 4517 1588 4573; x_wconf 84' lang='lat' dir='ltr'><strong>voluerit.</strong></span> 
     </span>
    </p>
   </div>
   <div class='ocr_carea' id='block_1_50' title="bbox 485 4613 1986 4671">
    <p class='ocr_par' dir='ltr' id='par_1_50' title="bbox 485 4613 1986 4671">
     <span class='ocr_line' id='line_1_50' title="bbox 485 4613 1986 4671; baseline 0 -4"><span class='ocrx_word' id='word_1_366' title='bbox 485 4614 647 4671; x_wconf 69' lang='lat' dir='ltr'><strong>\‘t-ztts.</strong></span> <span class='ocrx_word' id='word_1_367' title='bbox 686 4616 773 4670; x_wconf 73' lang='grc' dir='ltr'>Μ.</span> <span class='ocrx_word' id='word_1_368' title='bbox 818 4635 837 4667; x_wconf 79' lang='grc' dir='ltr'>ι</span> <span class='ocrx_word' id='word_1_369' title='bbox 871 4613 1255 4670; x_wconf 82' lang='lat' dir='ltr'><strong>Sanctiﬁcatus</strong></span> <span class='ocrx_word' id='word_1_370' title='bbox 1290 4613 1437 4671; x_wconf 86' lang='lat' dir='ltr'><strong>enim</strong></span> <span class='ocrx_word' id='word_1_371' title='bbox 1472 4623 1553 4668; x_wconf 85' lang='lat' dir='ltr'><strong>cst</strong></span> <span class='ocrx_word' id='word_1_372' title='bbox 1589 4613 1815 4668; x_wconf 87' lang='lat' dir='ltr'><strong>maritus</strong></span> <span class='ocrx_word' id='word_1_373' title='bbox 1864 4614 1986 4667; x_wconf 86' lang='lat' dir='ltr'><strong>inﬁ-</strong></span> 
     </span>
    </p>
   </div>
   <div class='ocr_carea' id='block_1_51' title="bbox 410 4704 1988 4782">
    <p class='ocr_par' dir='ltr' id='par_1_51' title="bbox 410 4704 1988 4782">
     <span class='ocr_line' id='line_1_51' title="bbox 410 4704 1988 4782; baseline 0.001 -22"><span class='ocrx_word' id='word_1_374' title='bbox 410 4705 669 4774; x_wconf 74' lang='lat' dir='ltr'><strong>delisper</strong></span> <span class='ocrx_word' id='word_1_375' title='bbox 709 4720 955 4764; x_wconf 77' lang='lat' dir='ltr'><strong>uxorem.</strong></span> <span class='ocrx_word' id='word_1_376' title='bbox 990 4714 1044 4760; x_wconf 92' lang='lat' dir='ltr'><strong>et</strong></span> <span class='ocrx_word' id='word_1_377' title='bbox 1070 4704 1418 4760; x_wconf 88' lang='lat' dir='ltr'><strong>sanctiﬁcata</strong></span> <span class='ocrx_word' id='word_1_378' title='bbox 1448 4714 1530 4760; x_wconf 90' lang='lat' dir='ltr'><strong>est</strong></span> <span class='ocrx_word' id='word_1_379' title='bbox 1587 4720 1721 4782; x_wconf 65' lang='lat' dir='ltr'><strong>uxor</strong></span> <span class='ocrx_word' id='word_1_380' title='bbox 1758 4704 1988 4761; x_wconf 87' lang='lat' dir='ltr'><strong>inﬁdelis</strong></span> 
     </span>
    </p>
   </div>
   <div class='ocr_carea' id='block_1_52' title="bbox 409 4795 1989 4869">
    <p class='ocr_par' dir='ltr' id='par_1_52' title="bbox 409 4795 1989 4869">
     <span class='ocr_line' id='line_1_52' title="bbox 409 4795 1989 4869; baseline 0.001 -18"><span class='ocrx_word' id='word_1_381' title='bbox 409 4814 507 4868; x_wconf 88' lang='lat' dir='ltr'><strong>per</strong></span> <span class='ocrx_word' id='word_1_382' title='bbox 534 4797 808 4852; x_wconf 88' lang='lat' dir='ltr'><strong>maritum.</strong></span> <span class='ocrx_word' id='word_1_383' title='bbox 847 4815 865 4848; x_wconf 78' lang='grc' dir='ltr'>ι</span> <span class='ocrx_word' id='word_1_384' title='bbox 910 4796 1021 4851; x_wconf 89' lang='lat' dir='ltr'><strong>Iloe</strong></span> <span class='ocrx_word' id='word_1_385' title='bbox 1047 4807 1149 4860; x_wconf 84' lang='lat' dir='ltr'><strong>est,</strong></span> <span class='ocrx_word' id='word_1_386' title='bbox 1182 4798 1354 4869; x_wconf 90' lang='lat' dir='ltr'><strong>partis</strong></span> <span class='ocrx_word' id='word_1_387' title='bbox 1404 4795 1661 4853; x_wconf 86' lang='lat' dir='ltr'><strong>ﬁdelioris</strong></span> <span class='ocrx_word' id='word_1_388' title='bbox 1689 4797 1989 4853; x_wconf 87' lang='lat' dir='ltr'><strong>abundanti</strong></span> 
     </span>
    </p>
   </div>
   <div class='ocr_carea' id='block_1_53' title="bbox 411 4884 1989 4958">
    <p class='ocr_par' dir='ltr' id='par_1_53' title="bbox 411 4884 1989 4958">
     <span class='ocr_line' id='line_1_53' title="bbox 411 4884 1989 4958; baseline 0.001 -17"><span class='ocrx_word' id='word_1_389' title='bbox 411 4886 648 4956; x_wconf 77' lang='lat' dir='ltr'><strong>puritate</strong></span> <span class='ocrx_word' id='word_1_390' title='bbox 693 4885 930 4940; x_wconf 90' lang='lat' dir='ltr'><strong>vincitur</strong></span> <span class='ocrx_word' id='word_1_391' title='bbox 974 4884 1206 4942; x_wconf 89' lang='lat' dir='ltr'><strong>inﬁdelis</strong></span> <span class='ocrx_word' id='word_1_392' title='bbox 1257 4886 1604 4943; x_wconf 89' lang='lat' dir='ltr'><strong>immunditia</strong></span> <span class='ocrx_word' id='word_1_393' title='bbox 1636 4905 1651 4942; x_wconf 90' lang='lat'><strong>:</strong></span> <span class='ocrx_word' id='word_1_394' title='bbox 1684 4886 1800 4943; x_wconf 82' lang='lat' dir='ltr'><strong>Non</strong></span> <span class='ocrx_word' id='word_1_395' title='bbox 1846 4889 1989 4958; x_wconf 90' lang='lat' dir='ltr'><strong>quod</strong></span> 
     </span>
    </p>
   </div>
   <div class='ocr_carea' id='block_1_54' title="bbox 409 4978 1989 5051">
    <p class='ocr_par' dir='ltr' id='par_1_54' title="bbox 409 4978 1989 5051">
     <span class='ocr_line' id='line_1_54' title="bbox 409 4978 1989 5051; baseline -0.001 -14"><span class='ocrx_word' id='word_1_396' title='bbox 409 4982 755 5045; x_wconf 81' lang='lat' dir='ltr'><strong>sanctitatem</strong></span> <span class='ocrx_word' id='word_1_397' title='bbox 784 4978 1118 5047; x_wconf 83' lang='lat' dir='ltr'><strong>adipiscatur</strong></span> <span class='ocrx_word' id='word_1_398' title='bbox 1136 4979 1356 5037; x_wconf 68' lang='lat' dir='ltr'><strong>Graccus</strong></span> <span class='ocrx_word' id='word_1_399' title='bbox 1381 4998 1396 5046; x_wconf 90' lang='lat'><strong>;</strong></span> <span class='ocrx_word' id='word_1_400' title='bbox 1417 4981 1682 5051; x_wconf 88' lang='lat' dir='ltr'><strong>siquidem</strong></span> <span class='ocrx_word' id='word_1_401' title='bbox 1702 4996 1808 5037; x_wconf 89' lang='lat' dir='ltr'><strong>non</strong></span> <span class='ocrx_word' id='word_1_402' title='bbox 1831 4982 1989 5047; x_wconf 76' lang='lat' dir='ltr'><strong>dixit,</strong></span> 
     </span>
    </p>
   </div>
   <div class='ocr_carea' id='block_1_55' title="bbox 410 5069 1991 5143">
    <p class='ocr_par' dir='ltr' id='par_1_55' title="bbox 410 5069 1991 5143">
     <span class='ocr_line' id='line_1_55' title="bbox 410 5069 1991 5143; baseline -0.001 -14"><span class='ocrx_word' id='word_1_403' title='bbox 410 5082 631 5129; x_wconf 76' lang='lat' dir='ltr'><strong>Sanctus</strong></span> <span class='ocrx_word' id='word_1_404' title='bbox 665 5081 768 5138; x_wconf 90' lang='lat' dir='ltr'><strong>est,</strong></span> <span class='ocrx_word' id='word_1_405' title='bbox 791 5069 911 5136; x_wconf 89' lang='lat' dir='ltr'><strong>sed,</strong></span> <span class='ocrx_word' id='word_1_406' title='bbox 948 5089 965 5123; x_wconf 82' lang='grc' dir='ltr'><strong>ι</strong></span> <span class='ocrx_word' id='word_1_407' title='bbox 1011 5069 1395 5129; x_wconf 81' lang='lat' dir='ltr'><strong>Sanctiﬁcatus</strong></span> <span class='ocrx_word' id='word_1_408' title='bbox 1416 5083 1520 5140; x_wconf 86' lang='lat' dir='ltr'><strong>est,</strong></span> <span class='ocrx_word' id='word_1_409' title='bbox 1562 5094 1581 5128; x_wconf 78' lang='grc' dir='ltr'>ι</span> <span class='ocrx_word' id='word_1_410' title='bbox 1618 5074 1721 5131; x_wconf 89' lang='lat' dir='ltr'><strong>hoc</strong></span> <span class='ocrx_word' id='word_1_411' title='bbox 1756 5084 1861 5139; x_wconf 89' lang='lat' dir='ltr'><strong>est,</strong></span> <span class='ocrx_word' id='word_1_412' title='bbox 1893 5089 1991 5143; x_wconf 87' lang='lat' dir='ltr'><strong>per</strong></span> 
     </span>
    </p>
   </div>
   <div class='ocr_carea' id='block_1_56' title="bbox 410 5161 1990 5229">
    <p class='ocr_par' dir='ltr' id='par_1_56' title="bbox 410 5161 1990 5229">
     <span class='ocr_line' id='line_1_56' title="bbox 410 5161 1990 5229; baseline 0 -11"><span class='ocrx_word' id='word_1_413' title='bbox 410 5162 585 5218; x_wconf 89' lang='lat' dir='ltr'><strong>ﬁdelis</strong></span> <span class='ocrx_word' id='word_1_414' title='bbox 623 5161 1040 5218; x_wconf 85' lang='lat' dir='ltr'><strong>sanctimoniam</strong></span> <span class='ocrx_word' id='word_1_415' title='bbox 1074 5161 1309 5216; x_wconf 84' lang='lat' dir='ltr'><strong>vincitur</strong></span> <span class='ocrx_word' id='word_1_416' title='bbox 1340 5180 1354 5216; x_wconf 89' lang='lat'><strong>:</strong></span> <span class='ocrx_word' id='word_1_417' title='bbox 1391 5164 1517 5218; x_wconf 61' lang='lat' dir='ltr'><strong>Hatc</strong></span> <span class='ocrx_word' id='word_1_418' title='bbox 1539 5173 1718 5220; x_wconf 91' lang='lat' dir='ltr'><strong>autem</strong></span> <span class='ocrx_word' id='word_1_419' title='bbox 1750 5164 1899 5229; x_wconf 90' lang='lat' dir='ltr'><strong>dicit,</strong></span> <span class='ocrx_word' id='word_1_420' title='bbox 1923 5178 1990 5218; x_wconf 89' lang='lat' dir='ltr'><strong>ne</strong></span> 
     </span>
    </p>
   </div>
   <div class='ocr_carea' id='block_1_57' title="bbox 410 5253 1986 5323">
    <p class='ocr_par' dir='ltr' id='par_1_57' title="bbox 410 5253 1986 5323">
     <span class='ocr_line' id='line_1_57' title="bbox 410 5253 1986 5323; baseline 0.001 -13"><span class='ocrx_word' id='word_1_421' title='bbox 410 5267 664 5311; x_wconf 76' lang='lat' dir='ltr'><strong>vereatur</strong></span> <span class='ocrx_word' id='word_1_422' title='bbox 683 5254 854 5309; x_wconf 90' lang='lat' dir='ltr'><strong>ﬁdelis</strong></span> <span class='ocrx_word' id='word_1_423' title='bbox 881 5253 1094 5317; x_wconf 89' lang='lat' dir='ltr'><strong>mulier,</strong></span> <span class='ocrx_word' id='word_1_424' title='bbox 1120 5267 1206 5319; x_wconf 89' lang='lat' dir='ltr'><strong>ne,</strong></span> <span class='ocrx_word' id='word_1_425' title='bbox 1228 5254 1270 5307; x_wconf 90' lang='lat' dir='ltr'><strong>si</strong></span> <span class='ocrx_word' id='word_1_426' title='bbox 1297 5269 1416 5308; x_wconf 89' lang='lat' dir='ltr'><strong>cum</strong></span> <span class='ocrx_word' id='word_1_427' title='bbox 1450 5255 1649 5310; x_wconf 89' lang='lat' dir='ltr'><strong>inﬁdeli</strong></span> <span class='ocrx_word' id='word_1_428' title='bbox 1670 5255 1986 5323; x_wconf 89' lang='lat' dir='ltr'><strong>misceatur,</strong></span> 
     </span>
    </p>
   </div>
   <div class='ocr_carea' id='block_1_58' title="bbox 412 5345 1985 5418">
    <p class='ocr_par' dir='ltr' id='par_1_58' title="bbox 412 5345 1985 5418">
     <span class='ocr_line' id='line_1_58' title="bbox 412 5345 1985 5418; baseline 0.003 -18"><span class='ocrx_word' id='word_1_429' title='bbox 412 5346 619 5418; x_wconf 88' lang='lat' dir='ltr'><strong>impura</strong></span> <span class='ocrx_word' id='word_1_430' title='bbox 646 5345 756 5402; x_wconf 88' lang='lat' dir='ltr'><strong>ﬁat.</strong></span> <span class='ocrx_word' id='word_1_431' title='bbox 792 5345 1067 5414; x_wconf 67' lang='lat' dir='ltr'><strong>Quaeritur</strong></span> <span class='ocrx_word' id='word_1_432' title='bbox 1098 5355 1315 5412; x_wconf 88' lang='lat' dir='ltr'><strong>autem;</strong></span> <span class='ocrx_word' id='word_1_433' title='bbox 1357 5346 1500 5416; x_wconf 88' lang='lat' dir='ltr'><strong>quod</strong></span> <span class='ocrx_word' id='word_1_434' title='bbox 1528 5348 1572 5402; x_wconf 90' lang='lat' dir='ltr'><strong>si</strong></span> <span class='ocrx_word' id='word_1_435' title='bbox 1599 5348 1691 5417; x_wconf 90' lang='lat' dir='ltr'><strong>qui</strong></span> <span class='ocrx_word' id='word_1_436' title='bbox 1716 5351 1985 5405; x_wconf 86' lang='lat' dir='ltr'><strong>meretrici</strong></span> 
     </span>
    </p>
   </div>
   <div class='ocr_carea' id='block_1_59' title="bbox 412 5435 1989 5507">
    <p class='ocr_par' dir='ltr' id='par_1_59' title="bbox 412 5435 1989 5507">
     <span class='ocr_line' id='line_1_59' title="bbox 412 5435 1989 5507; baseline 0.004 -15"><span class='ocrx_word' id='word_1_437' title='bbox 412 5438 722 5504; x_wconf 77' lang='lat' dir='ltr'><strong>adhaescrit,</strong></span> <span class='ocrx_word' id='word_1_438' title='bbox 760 5453 925 5492; x_wconf 90' lang='lat' dir='ltr'><strong>unum</strong></span> <span class='ocrx_word' id='word_1_439' title='bbox 961 5435 1072 5507; x_wconf 84' lang='lat' dir='ltr'><strong>jam</strong></span> <span class='ocrx_word' id='word_1_440' title='bbox 1112 5450 1307 5505; x_wconf 88' lang='lat' dir='ltr'><strong>corpus</strong></span> <span class='ocrx_word' id='word_1_441' title='bbox 1361 5452 1482 5492; x_wconf 90' lang='lat' dir='ltr'><strong>cum</strong></span> <span class='ocrx_word' id='word_1_442' title='bbox 1531 5453 1594 5492; x_wconf 87' lang='lat' dir='ltr'><strong>ca</strong></span> <span class='ocrx_word' id='word_1_443' title='bbox 1635 5440 1879 5507; x_wconf 86' lang='lat' dir='ltr'><strong>sortitus,</strong></span> <span class='ocrx_word' id='word_1_444' title='bbox 1918 5443 1989 5498; x_wconf 89' lang='lat' dir='ltr'><strong>sit</strong></span> 
     </span>
    </p>
   </div>
   <div class='ocr_carea' id='block_1_60' title="bbox 546 5555 1561 5623">
    <p class='ocr_par' dir='ltr' id='par_1_60' title="bbox 546 5555 1561 5623">
     <span class='ocr_line' id='line_1_60' title="bbox 546 5555 1561 5623; baseline -0.002 -11"><span class='ocrx_word' id='word_1_445' title='bbox 546 5556 735 5613; x_wconf 75' lang='lat' dir='ltr'><strong>Matth.</strong></span> <span class='ocrx_word' id='word_1_446' title='bbox 769 5572 819 5623; x_wconf 74' lang='grc' dir='ltr'>ν,</span> <span class='ocrx_word' id='word_1_447' title='bbox 850 5556 940 5612; x_wconf 70' lang='grc'><strong>24.</strong></span> <span class='ocrx_word' id='word_1_448' title='bbox 1016 5565 1040 5605; x_wconf 74' lang='grc'><strong><em>1</em></strong></span> <span class='ocrx_word' id='word_1_449' title='bbox 1073 5555 1259 5611; x_wconf 79' lang='lat' dir='ltr'><strong>Matth.</strong></span> <span class='ocrx_word' id='word_1_450' title='bbox 1290 5571 1445 5620; x_wconf 73' lang='lat' dir='ltr'><strong>xvm,</strong></span> <span class='ocrx_word' id='word_1_451' title='bbox 1471 5555 1561 5610; x_wconf 68' lang='grc'><strong>54.</strong></span> 
     </span>
    </p>
   </div>
   <div class='ocr_carea' id='block_1_61' title="bbox 2013 4534 2069 4597">
    <p class='ocr_par' dir='ltr' id='par_1_61' title="bbox 2013 4534 2069 4597">
     <span class='ocr_line' id='line_1_61' title="bbox 2013 4534 2069 4597; baseline 0 0"><span class='ocrx_word' id='word_1_452' title='bbox 2013 4534 2069 4597; x_wconf 81' lang='grc'>1)</span> 
     </span>
    </p>
   </div>
   <div class='ocr_carea' id='block_1_62' title="bbox 2046 572 3686 649">
    <p class='ocr_par' dir='ltr' id='par_1_62' title="bbox 2046 572 3686 649">
     <span class='ocr_line' id='line_1_62' title="bbox 2046 572 3686 649; baseline -0.007 -12"><span class='ocrx_word' id='word_1_453' title='bbox 2046 628 2053 637; x_wconf 94' lang='grc'><strong>.</strong></span> <span class='ocrx_word' id='word_1_454' title='bbox 2091 577 2186 631; x_wconf 78' lang='grc' dir='ltr'><strong>καὶ</strong></span> <span class='ocrx_word' id='word_1_455' title='bbox 2212 577 2476 649; x_wconf 71' lang='grc' dir='ltr'>χωρισθῇ,</span> <span class='ocrx_word' id='word_1_456' title='bbox 2508 576 2716 646; x_wconf 76' lang='grc' dir='ltr'>μενέτω</span> <span class='ocrx_word' id='word_1_457' title='bbox 2753 575 2994 646; x_wconf 81' lang='grc' dir='ltr'>ἄγαμος,</span> <span class='ocrx_word' id='word_1_458' title='bbox 3037 573 3070 645; x_wconf 88' lang='grc' dir='ltr'>ἢ</span> <span class='ocrx_word' id='word_1_459' title='bbox 3106 574 3182 645; x_wconf 83' lang='grc' dir='ltr'><strong>τῷ</strong></span> <span class='ocrx_word' id='word_1_460' title='bbox 3214 574 3395 642; x_wconf 74' lang='grc' dir='ltr'>ἀνδρὶ</span> <span class='ocrx_word' id='word_1_461' title='bbox 3420 572 3686 626; x_wconf 82' lang='grc' dir='ltr'>καταλλα-</span> 
     </span>
    </p>
   </div>
   <div class='ocr_carea' id='block_1_63' title="bbox 2089 666 3686 748">
    <p class='ocr_par' dir='ltr' id='par_1_63' title="bbox 2089 666 3686 748">
     <span class='ocr_line' id='line_1_63' title="bbox 2089 666 3686 748; baseline 0.006 -19"><span class='ocrx_word' id='word_1_462' title='bbox 2089 678 2271 748; x_wconf 76' lang='grc' dir='ltr'>γήτω·</span> <span class='ocrx_word' id='word_1_463' title='bbox 2300 674 2394 729; x_wconf 73' lang='grc' dir='ltr'>καὶ</span> <span class='ocrx_word' id='word_1_464' title='bbox 2418 674 2587 744; x_wconf 77' lang='grc' dir='ltr'>ἄνδρα</span> <span class='ocrx_word' id='word_1_465' title='bbox 2611 675 2848 741; x_wconf 85' lang='grc' dir='ltr'>γυναῖκα</span> <span class='ocrx_word' id='word_1_466' title='bbox 2880 670 2956 742; x_wconf 80' lang='grc' dir='ltr'>μὴ</span> <span class='ocrx_word' id='word_1_467' title='bbox 2983 670 3217 738; x_wconf 55' lang='grc' dir='ltr'>ἀφιέναι</span> <span class='ocrx_word' id='word_1_468' title='bbox 3265 690 3288 723; x_wconf 73' lang='grc'><strong><em>⁸</em></strong></span> <span class='ocrx_word' id='word_1_469' title='bbox 3324 666 3562 739; x_wconf 63' lang='grc' dir='ltr'><strong>Ἐπειδὴ</strong></span> <span class='ocrx_word' id='word_1_470' title='bbox 3587 668 3686 739; x_wconf 70' lang='grc' dir='ltr'><strong>γάρ</strong></span> 
     </span>
    </p>
   </div>
   <div class='ocr_carea' id='block_1_64' title="bbox 2090 760 3687 837">
    <p class='ocr_par' dir='ltr' id='par_1_64' title="bbox 2090 760 3687 837">
     <span class='ocr_line' id='line_1_64' title="bbox 2090 760 3687 837; baseline -0.005 -17"><span class='ocrx_word' id='word_1_471' title='bbox 2090 768 2155 820; x_wconf 81' lang='grc' dir='ltr'><strong>δι’</strong></span> <span class='ocrx_word' id='word_1_472' title='bbox 2212 765 2584 837; x_wconf 72' lang='grc' dir='ltr'><strong>ἐγκράτειαν,</strong></span> <span class='ocrx_word' id='word_1_473' title='bbox 2630 761 2724 817; x_wconf 69' lang='grc' dir='ltr'>καὶ</span> <span class='ocrx_word' id='word_1_474' title='bbox 2759 761 2849 815; x_wconf 80' lang='grc' dir='ltr'>διὰ</span> <span class='ocrx_word' id='word_1_475' title='bbox 2894 760 3195 832; x_wconf 77' lang='grc' dir='ltr'>προφάσεις</span> <span class='ocrx_word' id='word_1_476' title='bbox 3236 760 3423 822; x_wconf 74' lang='grc' dir='ltr'>ἄλλας</span> <span class='ocrx_word' id='word_1_477' title='bbox 3455 760 3553 813; x_wconf 84' lang='grc' dir='ltr'>καὶ</span> <span class='ocrx_word' id='word_1_478' title='bbox 3604 777 3687 829; x_wconf 79' lang='grc' dir='ltr'>μι-</span> 
     </span>
    </p>
   </div>
   <div class='ocr_carea' id='block_1_65' title="bbox 2093 849 3689 927">
    <p class='ocr_par' dir='ltr' id='par_1_65' title="bbox 2093 849 3689 927">
     <span class='ocr_line' id='line_1_65' title="bbox 2093 849 3689 927; baseline -0.004 -17"><span class='ocrx_word' id='word_1_479' title='bbox 2093 856 2392 927; x_wconf 69' lang='grc' dir='ltr'>κροψυχίας</span> <span class='ocrx_word' id='word_1_480' title='bbox 2442 854 2687 924; x_wconf 84' lang='grc' dir='ltr'>γίνονται</span> <span class='ocrx_word' id='word_1_481' title='bbox 2727 853 3038 921; x_wconf 81' lang='grc' dir='ltr'>διαζυγίαι,</span> <span class='ocrx_word' id='word_1_482' title='bbox 3095 852 3228 921; x_wconf 79' lang='grc' dir='ltr'>φησί</span> <span class='ocrx_word' id='word_1_483' title='bbox 3256 866 3273 882; x_wconf 88' lang='grc'><strong>·</strong></span> <span class='ocrx_word' id='word_1_484' title='bbox 3335 849 3568 904; x_wconf 73' lang='grc' dir='ltr'>Βέλτιον</span> <span class='ocrx_word' id='word_1_485' title='bbox 3598 850 3689 921; x_wconf 80' lang='grc' dir='ltr'>μὲν</span> 
     </span>
    </p>
   </div>
   <div class='ocr_carea' id='block_1_66' title="bbox 2093 943 3689 1020">
    <p class='ocr_par' dir='ltr' id='par_1_66' title="bbox 2093 943 3689 1020">
     <span class='ocr_line' id='line_1_66' title="bbox 2093 943 3689 1020; baseline -0.022 -14"><span class='ocrx_word' id='word_1_486' title='bbox 2093 950 2230 1020; x_wconf 71' lang='grc' dir='ltr'>μηδὲ</span> <span class='ocrx_word' id='word_1_487' title='bbox 2250 949 2387 1010; x_wconf 83' lang='grc' dir='ltr'>ὅλως</span> <span class='ocrx_word' id='word_1_488' title='bbox 2412 947 2668 1017; x_wconf 79' lang='grc' dir='ltr'>γενέσθαι</span> <span class='ocrx_word' id='word_1_489' title='bbox 2692 944 2976 1016; x_wconf 78' lang='grc' dir='ltr'>χωρισμόν</span> <span class='ocrx_word' id='word_1_490' title='bbox 2993 961 3007 974; x_wconf 89' lang='grc'><strong>·</strong></span> <span class='ocrx_word' id='word_1_491' title='bbox 3035 944 3161 998; x_wconf 81' lang='grc' dir='ltr'><strong>εἰδὲ</strong></span> <span class='ocrx_word' id='word_1_492' title='bbox 3184 943 3457 1012; x_wconf 63' lang='grc' dir='ltr'><strong>γένηται,⁹</strong></span> <span class='ocrx_word' id='word_1_493' title='bbox 3487 944 3689 1011; x_wconf 68' lang='grc' dir='ltr'><strong>μενέτω</strong></span> 
     </span>
    </p>
   </div>
   <div class='ocr_carea' id='block_1_67' title="bbox 2091 1033 3687 1112">
    <p class='ocr_par' dir='ltr' id='par_1_67' title="bbox 2091 1033 3687 1112">
     <span class='ocr_line' id='line_1_67' title="bbox 2091 1033 3687 1112; baseline -0.005 -18"><span class='ocrx_word' id='word_1_494' title='bbox 2091 1042 2292 1112; x_wconf 80' lang='grc' dir='ltr'>ἔχουσα</span> <span class='ocrx_word' id='word_1_495' title='bbox 2330 1042 2362 1107; x_wconf 85' lang='grc' dir='ltr'><strong>ἡ</strong></span> <span class='ocrx_word' id='word_1_496' title='bbox 2398 1040 2538 1109; x_wconf 87' lang='grc' dir='ltr'>γυνὴ</span> <span class='ocrx_word' id='word_1_497' title='bbox 2568 1040 2658 1092; x_wconf 73' lang='grc' dir='ltr'>τὸν</span> <span class='ocrx_word' id='word_1_498' title='bbox 2692 1038 2884 1110; x_wconf 81' lang='grc' dir='ltr'>ἄνδρα,</span> <span class='ocrx_word' id='word_1_499' title='bbox 2912 1039 2961 1091; x_wconf 87' lang='grc' dir='ltr'><strong>εί</strong></span> <span class='ocrx_word' id='word_1_500' title='bbox 2993 1038 3087 1091; x_wconf 70' lang='grc' dir='ltr'>καὶ</span> <span class='ocrx_word' id='word_1_501' title='bbox 3119 1037 3194 1107; x_wconf 76' lang='grc' dir='ltr'>μὴ</span> <span class='ocrx_word' id='word_1_502' title='bbox 3218 1038 3293 1106; x_wconf 79' lang='grc' dir='ltr'><strong>τῇ</strong></span> <span class='ocrx_word' id='word_1_503' title='bbox 3345 1033 3530 1104; x_wconf 77' lang='grc' dir='ltr'>μίξει,</span> <span class='ocrx_word' id='word_1_504' title='bbox 3559 1034 3687 1087; x_wconf 77' lang='grc' dir='ltr'><strong>ἀλλά</strong></span> 
     </span>
    </p>
   </div>
   <div class='ocr_carea' id='block_1_68' title="bbox 2089 1126 3687 1204">
    <p class='ocr_par' dir='ltr' id='par_1_68' title="bbox 2089 1126 3687 1204">
     <span class='ocr_line' id='line_1_68' title="bbox 2089 1126 3687 1204; baseline -0.005 -16"><span class='ocrx_word' id='word_1_505' title='bbox 2089 1152 2154 1204; x_wconf 81' lang='grc' dir='ltr'>γε</span> <span class='ocrx_word' id='word_1_506' title='bbox 2178 1133 2258 1204; x_wconf 80' lang='grc' dir='ltr'>τῷ</span> <span class='ocrx_word' id='word_1_507' title='bbox 2283 1132 2488 1204; x_wconf 81' lang='grc' dir='ltr'><strong>μηδένα</strong></span> <span class='ocrx_word' id='word_1_508' title='bbox 2517 1132 2706 1203; x_wconf 73' lang='grc' dir='ltr'>ἕτερον</span> <span class='ocrx_word' id='word_1_509' title='bbox 2734 1132 3166 1202; x_wconf 79' lang='grc' dir='ltr'><strong>παρεισαγαγεῖν</strong></span> <span class='ocrx_word' id='word_1_510' title='bbox 3184 1146 3200 1161; x_wconf 76' lang='grc' dir='ltr'>σ</span> <span class='ocrx_word' id='word_1_511' title='bbox 3227 1128 3262 1199; x_wconf 81' lang='grc' dir='ltr'><strong>ἦ</strong></span> <span class='ocrx_word' id='word_1_512' title='bbox 3301 1127 3385 1198; x_wconf 77' lang='grc' dir='ltr'>μὴ</span> <span class='ocrx_word' id='word_1_513' title='bbox 3419 1126 3687 1199; x_wconf 78' lang='grc' dir='ltr'>δυναμένη</span> 
     </span>
    </p>
   </div>
   <div class='ocr_carea' id='block_1_69' title="bbox 2090 1217 3377 1295">
    <p class='ocr_par' dir='ltr' id='par_1_69' title="bbox 2090 1217 3377 1295">
     <span class='ocr_line' id='line_1_69' title="bbox 2090 1217 3377 1295; baseline -0.005 -18"><span class='ocrx_word' id='word_1_514' title='bbox 2090 1221 2550 1295; x_wconf 81' lang='grc' dir='ltr'>ὲγκρατεύεσθαι,</span> <span class='ocrx_word' id='word_1_515' title='bbox 2584 1219 2982 1290; x_wconf 77' lang='grc' dir='ltr'>καταλλαγήτω</span> <span class='ocrx_word' id='word_1_516' title='bbox 3010 1218 3148 1289; x_wconf 80' lang='grc' dir='ltr'>πρὸς</span> <span class='ocrx_word' id='word_1_517' title='bbox 3170 1217 3377 1271; x_wconf 81' lang='grc' dir='ltr'>αὐτόν.</span> 
     </span>
    </p>
   </div>
   <div class='ocr_carea' id='block_1_70' title="bbox 2167 1396 3688 1470">
    <p class='ocr_par' dir='ltr' id='par_1_70' title="bbox 2167 1396 3688 1470">
     <span class='ocr_line' id='line_1_70' title="bbox 2167 1396 3688 1470; baseline -0.005 -13"><span class='ocrx_word' id='word_1_518' title='bbox 2167 1424 2185 1457; x_wconf 80' lang='grc' dir='ltr'>ι</span> <span class='ocrx_word' id='word_1_519' title='bbox 2223 1404 2349 1468; x_wconf 83' lang='grc' dir='ltr'><strong>Τοῖς</strong></span> <span class='ocrx_word' id='word_1_520' title='bbox 2378 1403 2433 1456; x_wconf 85' lang='grc' dir='ltr'>δὲ</span> <span class='ocrx_word' id='word_1_521' title='bbox 2463 1403 2673 1466; x_wconf 79' lang='grc' dir='ltr'><strong>λοιποῖς</strong></span> <span class='ocrx_word' id='word_1_522' title='bbox 2704 1398 2815 1468; x_wconf 72' lang='grc' dir='ltr'><strong>ἐγὼ</strong></span> <span class='ocrx_word' id='word_1_523' title='bbox 2843 1398 3009 1468; x_wconf 79' lang='grc' dir='ltr'>λέγω,</span> <span class='ocrx_word' id='word_1_524' title='bbox 3051 1399 3152 1470; x_wconf 74' lang='grc' dir='ltr'><strong>οὐχ</strong></span> <span class='ocrx_word' id='word_1_525' title='bbox 3182 1400 3211 1452; x_wconf 88' lang='grc' dir='ltr'><strong>ὁ</strong></span> <span class='ocrx_word' id='word_1_526' title='bbox 3244 1396 3500 1468; x_wconf 75' lang='grc' dir='ltr'>Κύριοςο</span> <span class='ocrx_word' id='word_1_527' title='bbox 3530 1397 3598 1450; x_wconf 78' lang='lat' dir='ltr'><strong>El</strong></span> <span class='ocrx_word' id='word_1_528' title='bbox 3613 1415 3688 1463; x_wconf 85' lang='grc' dir='ltr'><strong>τις</strong></span> 
     </span>
    </p>
   </div>
   <div class='ocr_carea' id='block_1_71' title="bbox 2088 1490 3687 1566">
    <p class='ocr_par' dir='ltr' id='par_1_71' title="bbox 2088 1490 3687 1566">
     <span class='ocr_line' id='line_1_71' title="bbox 2088 1490 3687 1566; baseline -0.005 -14"><span class='ocrx_word' id='word_1_529' title='bbox 2088 1496 2321 1566; x_wconf 78' lang='grc' dir='ltr'>ἁδελφὸς</span> <span class='ocrx_word' id='word_1_530' title='bbox 2346 1498 2585 1565; x_wconf 82' lang='grc' dir='ltr'>γυναῖκα</span> <span class='ocrx_word' id='word_1_531' title='bbox 2620 1495 2732 1565; x_wconf 81' lang='grc' dir='ltr'><strong>ἔχει</strong></span> <span class='ocrx_word' id='word_1_532' title='bbox 2764 1495 3016 1560; x_wconf 80' lang='grc' dir='ltr'>ἄπιστον,</span> <span class='ocrx_word' id='word_1_533' title='bbox 3048 1497 3144 1546; x_wconf 73' lang='grc' dir='ltr'>καὶ</span> <span class='ocrx_word' id='word_1_534' title='bbox 3175 1491 3326 1562; x_wconf 79' lang='grc' dir='ltr'>αὑτὴ</span> <span class='ocrx_word' id='word_1_535' title='bbox 3371 1490 3687 1544; x_wconf 74' lang='grc' dir='ltr'><strong>συνευδοκεῖ</strong></span> 
     </span>
    </p>
   </div>
   <div class='ocr_carea' id='block_1_72' title="bbox 2089 1584 3687 1660">
    <p class='ocr_par' dir='ltr' id='par_1_72' title="bbox 2089 1584 3687 1660">
     <span class='ocr_line' id='line_1_72' title="bbox 2089 1584 3687 1660; baseline -0.005 -17"><span class='ocrx_word' id='word_1_536' title='bbox 2089 1591 2260 1644; x_wconf 81' lang='grc' dir='ltr'>οἰκεῖν</span> <span class='ocrx_word' id='word_1_537' title='bbox 2290 1590 2407 1660; x_wconf 77' lang='grc' dir='ltr'>μετ’</span> <span class='ocrx_word' id='word_1_538' title='bbox 2441 1586 2640 1654; x_wconf 79' lang='grc' dir='ltr'>αὑτοῦ,</span> <span class='ocrx_word' id='word_1_539' title='bbox 2679 1585 2754 1657; x_wconf 81' lang='grc' dir='ltr'>μὴ</span> <span class='ocrx_word' id='word_1_540' title='bbox 2784 1585 2990 1654; x_wconf 79' lang='grc' dir='ltr'><strong>ἀφιέτω</strong></span> <span class='ocrx_word' id='word_1_541' title='bbox 3014 1584 3211 1656; x_wconf 79' lang='grc' dir='ltr'>αὑτήν.</span> <span class='ocrx_word' id='word_1_542' title='bbox 3244 1584 3370 1638; x_wconf 72' lang='grc' dir='ltr'><strong>Καὶ</strong></span> <span class='ocrx_word' id='word_1_543' title='bbox 3399 1584 3546 1653; x_wconf 79' lang='grc' dir='ltr'>γυνὴ</span> <span class='ocrx_word' id='word_1_544' title='bbox 3573 1585 3687 1654; x_wconf 67' lang='grc' dir='ltr'>ἣτις</span> 
     </span>
    </p>
   </div>
   <div class='ocr_carea' id='block_1_73' title="bbox 2090 1679 3685 1755">
    <p class='ocr_par' dir='ltr' id='par_1_73' title="bbox 2090 1679 3685 1755">
     <span class='ocr_line' id='line_1_73' title="bbox 2090 1679 3685 1755; baseline -0.003 -18"><span class='ocrx_word' id='word_1_545' title='bbox 2090 1684 2206 1755; x_wconf 73' lang='grc' dir='ltr'><strong>ἔχει</strong></span> <span class='ocrx_word' id='word_1_546' title='bbox 2254 1684 2425 1754; x_wconf 80' lang='grc' dir='ltr'>ἄνδρα</span> <span class='ocrx_word' id='word_1_547' title='bbox 2469 1682 2729 1742; x_wconf 81' lang='grc' dir='ltr'>ἄπιστον.</span> <span class='ocrx_word' id='word_1_548' title='bbox 2781 1681 2875 1733; x_wconf 77' lang='grc' dir='ltr'>καὶ</span> <span class='ocrx_word' id='word_1_549' title='bbox 2925 1680 3090 1744; x_wconf 73' lang='grc' dir='ltr'>αὐτὸς</span> <span class='ocrx_word' id='word_1_550' title='bbox 3136 1679 3476 1733; x_wconf 78' lang='grc' dir='ltr'><strong>συνευδοκεῖ</strong></span> <span class='ocrx_word' id='word_1_551' title='bbox 3524 1679 3685 1733; x_wconf 71' lang='grc' dir='ltr'>οἰκεῖν</span> 
     </span>
    </p>
   </div>
   <div class='ocr_carea' id='block_1_74' title="bbox 2096 1770 3684 1846">
    <p class='ocr_par' dir='ltr' id='par_1_74' title="bbox 2096 1770 3684 1846">
     <span class='ocr_line' id='line_1_74' title="bbox 2096 1770 3684 1846; baseline -0.003 -18"><span class='ocrx_word' id='word_1_552' title='bbox 2096 1776 2213 1846; x_wconf 82' lang='grc' dir='ltr'>μετ’</span> <span class='ocrx_word' id='word_1_553' title='bbox 2243 1775 2436 1844; x_wconf 80' lang='grc' dir='ltr'>αὐτῆς,</span> <span class='ocrx_word' id='word_1_554' title='bbox 2472 1773 2548 1844; x_wconf 82' lang='grc' dir='ltr'>μὴ</span> <span class='ocrx_word' id='word_1_555' title='bbox 2589 1772 2800 1842; x_wconf 81' lang='grc' dir='ltr'><strong>ἀφιέτω</strong></span> <span class='ocrx_word' id='word_1_556' title='bbox 2823 1771 3006 1825; x_wconf 82' lang='grc' dir='ltr'>αὐτόν.</span> <span class='ocrx_word' id='word_1_557' title='bbox 3048 1789 3069 1822; x_wconf 75' lang='grc' dir='ltr'>ι</span> <span class='ocrx_word' id='word_1_558' title='bbox 3102 1772 3169 1824; x_wconf 88' lang='grc' dir='ltr'>Τί</span> <span class='ocrx_word' id='word_1_559' title='bbox 3197 1771 3428 1839; x_wconf 84' lang='grc' dir='ltr'>λέγεις;</span> <span class='ocrx_word' id='word_1_560' title='bbox 3497 1771 3564 1825; x_wconf 83' lang='grc' dir='ltr'><strong>ἂν</strong></span> <span class='ocrx_word' id='word_1_561' title='bbox 3595 1770 3684 1840; x_wconf 80' lang='grc' dir='ltr'>μὲν</span> 
     </span>
    </p>
   </div>
   <div class='ocr_carea' id='block_1_75' title="bbox 2021 1847 3676 1937">
    <p class='ocr_par' dir='ltr' id='par_1_75' title="bbox 2021 1847 3676 1937">
     <span class='ocr_line' id='line_1_75' title="bbox 2021 1847 3676 1937; baseline 0.015 -35"><span class='ocrx_word' id='word_1_562' title='bbox 2021 1847 2062 1902; x_wconf 82' lang='grc' dir='ltr'><strong>Β</strong></span> <span class='ocrx_word' id='word_1_563' title='bbox 2092 1868 2341 1932; x_wconf 68' lang='grc' dir='ltr'>ἄπιστος,</span> <span class='ocrx_word' id='word_1_564' title='bbox 2372 1865 2584 1937; x_wconf 79' lang='grc' dir='ltr'><strong>μενέτω</strong></span> <span class='ocrx_word' id='word_1_565' title='bbox 2615 1867 2755 1937; x_wconf 64' lang='grc' dir='ltr'>μετὰ</span> <span class='ocrx_word' id='word_1_566' title='bbox 2785 1865 2882 1935; x_wconf 83' lang='grc' dir='ltr'>τῆς</span> <span class='ocrx_word' id='word_1_567' title='bbox 2911 1864 3209 1933; x_wconf 82' lang='grc' dir='ltr'>γυναικόςο</span> <span class='ocrx_word' id='word_1_568' title='bbox 3241 1864 3316 1919; x_wconf 81' lang='grc' dir='ltr'><strong>ἂν</strong></span> <span class='ocrx_word' id='word_1_569' title='bbox 3348 1864 3414 1917; x_wconf 78' lang='grc' dir='ltr'>δὲ</span> <span class='ocrx_word' id='word_1_570' title='bbox 3454 1863 3676 1932; x_wconf 70' lang='grc' dir='ltr'>πόρνος.</span> 
     </span>
    </p>
   </div>
   <div class='ocr_carea' id='block_1_76' title="bbox 2093 1953 3684 2026">
    <p class='ocr_par' dir='ltr' id='par_1_76' title="bbox 2093 1953 3684 2026">
     <span class='ocr_line' id='line_1_76' title="bbox 2093 1953 3684 2026; baseline -0.006 -14"><span class='ocrx_word' id='word_1_571' title='bbox 2093 1958 2316 2024; x_wconf 74' lang='grc' dir='ltr'>οὖκέτις</span> <span class='ocrx_word' id='word_1_572' title='bbox 2348 1956 2544 2010; x_wconf 79' lang='grc' dir='ltr'>Καίτοι</span> <span class='ocrx_word' id='word_1_573' title='bbox 2573 1955 2774 2026; x_wconf 82' lang='grc' dir='ltr'>χείρων</span> <span class='ocrx_word' id='word_1_574' title='bbox 2797 1956 2897 2026; x_wconf 81' lang='grc' dir='ltr'><strong>τῆς</strong></span> <span class='ocrx_word' id='word_1_575' title='bbox 2920 1954 3181 2025; x_wconf 82' lang='grc' dir='ltr'>πορνείας</span> <span class='ocrx_word' id='word_1_576' title='bbox 3202 1957 3235 2025; x_wconf 80' lang='grc' dir='ltr'>ὴ</span> <span class='ocrx_word' id='word_1_577' title='bbox 3266 1953 3535 2007; x_wconf 77' lang='grc' dir='ltr'>ἀπιστία.</span> <span class='ocrx_word' id='word_1_578' title='bbox 3567 1953 3684 2005; x_wconf 73' lang='grc' dir='ltr'><strong>Χεί-</strong></span> 
     </span>
    </p>
   </div>
   <div class='ocr_carea' id='block_1_77' title="bbox 2096 2045 3676 2124">
    <p class='ocr_par' dir='ltr' id='par_1_77' title="bbox 2096 2045 3676 2124">
     <span class='ocr_line' id='line_1_77' title="bbox 2096 2045 3676 2124; baseline -0.006 -17"><span class='ocrx_word' id='word_1_579' title='bbox 2096 2070 2206 2124; x_wconf 81' lang='grc' dir='ltr'><strong>ρων</strong></span> <span class='ocrx_word' id='word_1_580' title='bbox 2241 2053 2388 2121; x_wconf 81' lang='grc' dir='ltr'>μέν’</span> <span class='ocrx_word' id='word_1_581' title='bbox 2423 2049 2539 2104; x_wconf 76' lang='grc' dir='ltr'>ἀλλ’</span> <span class='ocrx_word' id='word_1_582' title='bbox 2572 2051 2601 2101; x_wconf 81' lang='grc' dir='ltr'><strong>δ</strong></span> <span class='ocrx_word' id='word_1_583' title='bbox 2627 2048 2761 2109; x_wconf 78' lang='grc' dir='ltr'><strong>Θεὸς</strong></span> <span class='ocrx_word' id='word_1_584' title='bbox 2807 2047 3007 2118; x_wconf 81' lang='grc' dir='ltr'>μᾶλλον</span> <span class='ocrx_word' id='word_1_585' title='bbox 3047 2046 3116 2100; x_wconf 81' lang='grc' dir='ltr'>τὰ</span> <span class='ocrx_word' id='word_1_586' title='bbox 3145 2047 3409 2118; x_wconf 78' lang='grc' dir='ltr'>ἡμέτερα</span> <span class='ocrx_word' id='word_1_587' title='bbox 3444 2045 3676 2107; x_wconf 77' lang='grc' dir='ltr'>ἐκδικεῖ,</span> 
     </span>
    </p>
   </div>
   <div class='ocr_carea' id='block_1_78' title="bbox 2093 2137 3677 2212">
    <p class='ocr_par' dir='ltr' id='par_1_78' title="bbox 2093 2137 3677 2212">
     <span class='ocr_line' id='line_1_78' title="bbox 2093 2137 3677 2212; baseline -0.006 -14"><span class='ocrx_word' id='word_1_588' title='bbox 2093 2144 2127 2212; x_wconf 80' lang='grc' dir='ltr'><strong>ἢ</strong></span> <span class='ocrx_word' id='word_1_589' title='bbox 2159 2144 2225 2197; x_wconf 68' lang='grc' dir='ltr'>τὰ</span> <span class='ocrx_word' id='word_1_590' title='bbox 2252 2144 2453 2197; x_wconf 73' lang='grc' dir='ltr'>οἰκεία.</span> <span class='ocrx_word' id='word_1_591' title='bbox 2500 2161 2518 2194; x_wconf 77' lang='grc' dir='ltr'>ι</span> <span class='ocrx_word' id='word_1_592' title='bbox 2552 2141 2723 2209; x_wconf 78' lang='grc' dir='ltr'>’Λφες</span> <span class='ocrx_word' id='word_1_593' title='bbox 2754 2157 2773 2192; x_wconf 76' lang='grc' dir='ltr'><strong>ι</strong></span> <span class='ocrx_word' id='word_1_594' title='bbox 2805 2140 2935 2210; x_wconf 82' lang='grc' dir='ltr'>γὰρ,</span> <span class='ocrx_word' id='word_1_595' title='bbox 2965 2139 3122 2211; x_wconf 68' lang='grc' dir='ltr'>φησι,</span> <span class='ocrx_word' id='word_1_596' title='bbox 3152 2157 3171 2191; x_wconf 80' lang='grc' dir='ltr'><strong>ι</strong></span> <span class='ocrx_word' id='word_1_597' title='bbox 3203 2138 3308 2209; x_wconf 80' lang='grc' dir='ltr'>τὴν</span> <span class='ocrx_word' id='word_1_598' title='bbox 3332 2137 3538 2191; x_wconf 82' lang='grc' dir='ltr'>Θυσίαν</span> <span class='ocrx_word' id='word_1_599' title='bbox 3560 2154 3677 2197; x_wconf 82' lang='grc' dir='ltr'>σου.</span> 
     </span>
    </p>
   </div>
   <div class='ocr_carea' id='block_1_79' title="bbox 2094 2229 3677 2304">
    <p class='ocr_par' dir='ltr' id='par_1_79' title="bbox 2094 2229 3677 2304">
     <span class='ocr_line' id='line_1_79' title="bbox 2094 2229 3677 2304; baseline -0.006 -16"><span class='ocrx_word' id='word_1_600' title='bbox 2094 2235 2192 2288; x_wconf 74' lang='grc' dir='ltr'>καὶ</span> <span class='ocrx_word' id='word_1_601' title='bbox 2240 2234 2615 2304; x_wconf 76' lang='grc' dir='ltr'>καταλλάγηθι</span> <span class='ocrx_word' id='word_1_602' title='bbox 2642 2233 2720 2303; x_wconf 86' lang='grc' dir='ltr'>τῷ</span> <span class='ocrx_word' id='word_1_603' title='bbox 2762 2231 2978 2303; x_wconf 80' lang='grc' dir='ltr'>ἀδελφῷ</span> <span class='ocrx_word' id='word_1_604' title='bbox 3027 2249 3147 2286; x_wconf 90' lang='grc' dir='ltr'>σου.</span> <span class='ocrx_word' id='word_1_605' title='bbox 3208 2248 3226 2281; x_wconf 78' lang='grc' dir='ltr'>ι</span> <span class='ocrx_word' id='word_1_606' title='bbox 3279 2232 3404 2284; x_wconf 73' lang='grc' dir='ltr'><strong>Καὶ</strong></span> <span class='ocrx_word' id='word_1_607' title='bbox 3448 2229 3559 2284; x_wconf 78' lang='grc' dir='ltr'><strong>τῶν</strong></span> <span class='ocrx_word' id='word_1_608' title='bbox 3590 2229 3677 2300; x_wconf 79' lang='grc' dir='ltr'>μὲν</span> 
     </span>
    </p>
   </div>
   <div class='ocr_carea' id='block_1_80' title="bbox 2097 2322 3674 2398">
    <p class='ocr_par' dir='ltr' id='par_1_80' title="bbox 2097 2322 3674 2398">
     <span class='ocr_line' id='line_1_80' title="bbox 2097 2322 3674 2398; baseline -0.004 -17"><span class='ocrx_word' id='word_1_609' title='bbox 2097 2328 2307 2398; x_wconf 86' lang='grc' dir='ltr'>μυρίων</span> <span class='ocrx_word' id='word_1_610' title='bbox 2337 2326 2620 2380; x_wconf 72' lang='grc' dir='ltr'>ταλάντοιν</span> <span class='ocrx_word' id='word_1_611' title='bbox 2648 2326 3056 2397; x_wconf 81' lang='grc' dir='ltr'>κατεφρόνησεν</span> <span class='ocrx_word' id='word_1_612' title='bbox 3089 2323 3240 2395; x_wconf 78' lang='grc' dir='ltr'>αὐτῷ</span> <span class='ocrx_word' id='word_1_613' title='bbox 3272 2322 3674 2394; x_wconf 60' lang='grc' dir='ltr'>διαφερόντων</span> 
     </span>
    </p>
   </div>
   <div class='ocr_carea' id='block_1_81' title="bbox 2094 2404 3672 2490">
    <p class='ocr_par' dir='ltr' id='par_1_81' title="bbox 2094 2404 3672 2490">
     <span class='ocr_line' id='line_1_81' title="bbox 2094 2404 3672 2490; baseline -0.003 -19"><span class='ocrx_word' id='word_1_614' title='bbox 2094 2421 2192 2485; x_wconf 80' lang='grc' dir='ltr'>τὴν</span> <span class='ocrx_word' id='word_1_615' title='bbox 2226 2418 2281 2472; x_wconf 69' lang='grc' dir='ltr'>δὲ</span> <span class='ocrx_word' id='word_1_616' title='bbox 2312 2420 2393 2483; x_wconf 86' lang='grc' dir='ltr'>είς</span> <span class='ocrx_word' id='word_1_617' title='bbox 2424 2417 2520 2473; x_wconf 77' lang='grc' dir='ltr'>τὸν</span> <span class='ocrx_word' id='word_1_618' title='bbox 2553 2404 2750 2472; x_wconf 65' lang='grc' dir='ltr'>ἔκατῦν</span> <span class='ocrx_word' id='word_1_619' title='bbox 2787 2417 3019 2490; x_wconf 81' lang='grc' dir='ltr'>δηνάρια</span> <span class='ocrx_word' id='word_1_620' title='bbox 3049 2416 3343 2487; x_wconf 74' lang='grc' dir='ltr'>ὀφείλοντα</span> <span class='ocrx_word' id='word_1_621' title='bbox 3407 2413 3567 2486; x_wconf 77' lang='grc' dir='ltr'>ὔὸρεν</span> <span class='ocrx_word' id='word_1_622' title='bbox 3597 2413 3672 2479; x_wconf 79' lang='grc' dir='ltr'><strong>ἐξ-</strong></span> 
     </span>
    </p>
   </div>
   <div class='ocr_carea' id='block_1_82' title="bbox 2095 2507 3670 2581">
    <p class='ocr_par' dir='ltr' id='par_1_82' title="bbox 2095 2507 3670 2581">
     <span class='ocr_line' id='line_1_82' title="bbox 2095 2507 3670 2581; baseline -0.003 -18"><span class='ocrx_word' id='word_1_623' title='bbox 2095 2509 2364 2581; x_wconf 70' lang='grc' dir='ltr'>εδίκησεν.</span> <span class='ocrx_word' id='word_1_624' title='bbox 2403 2508 2590 2574; x_wconf 76' lang='grc' dir='ltr'>Οὕτως</span> <span class='ocrx_word' id='word_1_625' title='bbox 2621 2508 2716 2564; x_wconf 76' lang='grc' dir='ltr'>οὖν</span> <span class='ocrx_word' id='word_1_626' title='bbox 2761 2509 2856 2563; x_wconf 77' lang='grc' dir='ltr'>καὶ</span> <span class='ocrx_word' id='word_1_627' title='bbox 2895 2507 3150 2574; x_wconf 74' lang='grc' dir='ltr'>ἐνταῦθα,</span> <span class='ocrx_word' id='word_1_628' title='bbox 3177 2509 3239 2560; x_wconf 57' lang='lat' dir='ltr'><strong>re</strong></span> <span class='ocrx_word' id='word_1_629' title='bbox 3286 2507 3399 2577; x_wconf 81' lang='grc' dir='ltr'>τῆς</span> <span class='ocrx_word' id='word_1_630' title='bbox 3431 2507 3670 2568; x_wconf 78' lang='grc' dir='ltr'>ἀπιστίας</span> 
     </span>
    </p>
   </div>
   <div class='ocr_carea' id='block_1_83' title="bbox 2094 2592 3672 2672">
    <p class='ocr_par' dir='ltr' id='par_1_83' title="bbox 2094 2592 3672 2672">
     <span class='ocr_line' id='line_1_83' title="bbox 2094 2592 3672 2672; baseline -0.003 -17"><span class='ocrx_word' id='word_1_631' title='bbox 2094 2604 2176 2664; x_wconf 83' lang='grc' dir='ltr'><strong>εἰς</strong></span> <span class='ocrx_word' id='word_1_632' title='bbox 2218 2601 2381 2656; x_wconf 78' lang='grc' dir='ltr'>αὑτὸν</span> <span class='ocrx_word' id='word_1_633' title='bbox 2411 2601 2814 2672; x_wconf 79' lang='grc' dir='ltr'>ἀναφερόμενον</span> <span class='ocrx_word' id='word_1_634' title='bbox 2841 2601 3059 2672; x_wconf 79' lang='grc' dir='ltr'>παρορᾷ</span> <span class='ocrx_word' id='word_1_635' title='bbox 3082 2617 3096 2631; x_wconf 87' lang='grc'><strong>·</strong></span> <span class='ocrx_word' id='word_1_636' title='bbox 3124 2592 3186 2653; x_wconf 62' lang='lat' dir='ltr'><strong>eo</strong></span> <span class='ocrx_word' id='word_1_637' title='bbox 3207 2600 3263 2654; x_wconf 81' lang='grc' dir='ltr'>δὲ</span> <span class='ocrx_word' id='word_1_638' title='bbox 3288 2599 3401 2671; x_wconf 80' lang='grc' dir='ltr'>τῆς</span> <span class='ocrx_word' id='word_1_639' title='bbox 3432 2598 3672 2670; x_wconf 78' lang='grc' dir='ltr'>πορνείας</span> 
     </span>
    </p>
   </div>
   <div class='ocr_carea' id='block_1_84' title="bbox 2097 2689 3667 2762">
    <p class='ocr_par' dir='ltr' id='par_1_84' title="bbox 2097 2689 3667 2762">
     <span class='ocr_line' id='line_1_84' title="bbox 2097 2689 3667 2762; baseline -0.003 -17"><span class='ocrx_word' id='word_1_640' title='bbox 2097 2691 2345 2759; x_wconf 72' lang='grc' dir='ltr'>κολάζει,</span> <span class='ocrx_word' id='word_1_641' title='bbox 2377 2692 2452 2755; x_wconf 85' lang='grc' dir='ltr'>ὡς</span> <span class='ocrx_word' id='word_1_642' title='bbox 2485 2693 2566 2755; x_wconf 84' lang='grc' dir='ltr'><strong>εἰς</strong></span> <span class='ocrx_word' id='word_1_643' title='bbox 2596 2690 2695 2762; x_wconf 79' lang='grc' dir='ltr'>τὴν</span> <span class='ocrx_word' id='word_1_644' title='bbox 2727 2692 2982 2759; x_wconf 78' lang='grc' dir='ltr'>γυναῖκα.</span> <span class='ocrx_word' id='word_1_645' title='bbox 3013 2690 3173 2753; x_wconf 73' lang='grc' dir='ltr'>Τινὲς</span> <span class='ocrx_word' id='word_1_646' title='bbox 3203 2690 3259 2743; x_wconf 78' lang='grc' dir='ltr'><strong>δέ</strong></span> <span class='ocrx_word' id='word_1_647' title='bbox 3298 2706 3507 2759; x_wconf 81' lang='grc' dir='ltr'>φασιν,</span> <span class='ocrx_word' id='word_1_648' title='bbox 3538 2689 3667 2757; x_wconf 76' lang='grc' dir='ltr'>δτιή</span> 
     </span>
    </p>
   </div>
   <div class='ocr_carea' id='block_1_85' title="bbox 2104 2780 3670 2853">
    <p class='ocr_par' dir='ltr' id='par_1_85' title="bbox 2104 2780 3670 2853">
     <span class='ocr_line' id='line_1_85' title="bbox 2104 2780 3670 2853; baseline 0 -21"><span class='ocrx_word' id='word_1_649' title='bbox 2104 2782 2203 2852; x_wconf 82' lang='grc' dir='ltr'>μὲν</span> <span class='ocrx_word' id='word_1_650' title='bbox 2235 2782 2488 2847; x_wconf 82' lang='grc' dir='ltr'>ἀπιστία,</span> <span class='ocrx_word' id='word_1_651' title='bbox 2520 2783 2665 2835; x_wconf 78' lang='grc' dir='ltr'>κατὰ</span> <span class='ocrx_word' id='word_1_652' title='bbox 2712 2783 2939 2852; x_wconf 81' lang='grc' dir='ltr'>ἄγνοιαν</span> <span class='ocrx_word' id='word_1_653' title='bbox 2980 2782 3227 2851; x_wconf 76' lang='grc' dir='ltr'>γίνεται,</span> <span class='ocrx_word' id='word_1_654' title='bbox 3280 2782 3354 2853; x_wconf 80' lang='grc' dir='ltr'><strong>ἣν</strong></span> <span class='ocrx_word' id='word_1_655' title='bbox 3394 2781 3491 2835; x_wconf 68' lang='grc' dir='ltr'>καὶ</span> <span class='ocrx_word' id='word_1_656' title='bbox 3537 2780 3670 2843; x_wconf 69' lang='grc' dir='ltr'>εἰκὸς</span> 
     </span>
    </p>
   </div>
   <div class='ocr_carea' id='block_1_86' title="bbox 2098 2871 3666 2947">
    <p class='ocr_par' dir='ltr' id='par_1_86' title="bbox 2098 2871 3666 2947">
     <span class='ocr_line' id='line_1_86' title="bbox 2098 2871 3666 2947; baseline -0.003 -18"><span class='ocrx_word' id='word_1_657' title='bbox 2098 2875 2393 2947; x_wconf 76' lang='grc' dir='ltr'>παυθῆναι,</span> <span class='ocrx_word' id='word_1_658' title='bbox 2419 2874 2495 2939; x_wconf 81' lang='grc' dir='ltr'>ὼς</span> <span class='ocrx_word' id='word_1_659' title='bbox 2522 2876 2616 2929; x_wconf 70' lang='grc' dir='ltr'>καὶ</span> <span class='ocrx_word' id='word_1_660' title='bbox 2632 2875 2794 2938; x_wconf 79' lang='grc' dir='ltr'>αὑτός</span> <span class='ocrx_word' id='word_1_661' title='bbox 2814 2892 2975 2946; x_wconf 69' lang='grc' dir='ltr'>φησι*</span> <span class='ocrx_word' id='word_1_662' title='bbox 3011 2876 3123 2944; x_wconf 55' lang='lat' dir='ltr'><strong>«fit</strong></span> <span class='ocrx_word' id='word_1_663' title='bbox 3150 2876 3261 2945; x_wconf 81' lang='grc' dir='ltr'><strong>γὰρ</strong></span> <span class='ocrx_word' id='word_1_664' title='bbox 3288 2871 3469 2937; x_wconf 74' lang='grc' dir='ltr'>οἶδας,</span> <span class='ocrx_word' id='word_1_665' title='bbox 3499 2876 3666 2944; x_wconf 73' lang='grc' dir='ltr'>γύναι,</span> 
     </span>
    </p>
   </div>
   <div class='ocr_carea' id='block_1_87' title="bbox 2096 2966 3666 3041">
    <p class='ocr_par' dir='ltr' id='par_1_87' title="bbox 2096 2966 3666 3041">
     <span class='ocr_line' id='line_1_87' title="bbox 2096 2966 3666 3041; baseline -0.003 -17"><span class='ocrx_word' id='word_1_666' title='bbox 2096 2971 2146 3024; x_wconf 82' lang='grc' dir='ltr'>εί</span> <span class='ocrx_word' id='word_1_667' title='bbox 2186 2971 2278 3024; x_wconf 80' lang='grc' dir='ltr'><strong>τὸν</strong></span> <span class='ocrx_word' id='word_1_668' title='bbox 2320 2970 2488 3041; x_wconf 81' lang='grc' dir='ltr'>ἄνδρα</span> <span class='ocrx_word' id='word_1_669' title='bbox 2524 2970 2755 3035; x_wconf 76' lang='grc' dir='ltr'>σῶσειςς</span> <span class='ocrx_word' id='word_1_670' title='bbox 2809 2984 2831 3022; x_wconf 69' lang='grc' dir='ltr'>ι</span> <span class='ocrx_word' id='word_1_671' title='bbox 2881 2969 2945 3024; x_wconf 84' lang='grc' dir='ltr'><strong>Ἦ</strong></span> <span class='ocrx_word' id='word_1_672' title='bbox 2981 2969 3039 3022; x_wconf 74' lang='grc' dir='ltr'>δὲ</span> <span class='ocrx_word' id='word_1_673' title='bbox 3082 2969 3335 3039; x_wconf 79' lang='grc' dir='ltr'><strong>πορνεία⁹</strong></span> <span class='ocrx_word' id='word_1_674' title='bbox 3376 2969 3446 3023; x_wconf 84' lang='grc' dir='ltr'><strong>δι’</strong></span> <span class='ocrx_word' id='word_1_675' title='bbox 3490 2966 3666 3036; x_wconf 60' lang='lat' dir='ltr'><strong>apolo-</strong></span> 
     </span>
    </p>
   </div>
   <div class='ocr_carea' id='block_1_88' title="bbox 2094 3057 3663 3130">
    <p class='ocr_par' dir='ltr' id='par_1_88' title="bbox 2094 3057 3663 3130">
     <span class='ocr_line' id='line_1_88' title="bbox 2094 3057 3663 3130; baseline 0 -18"><span class='ocrx_word' id='word_1_676' title='bbox 2094 3059 2368 3130; x_wconf 83' lang='grc' dir='ltr'>γουμένην</span> <span class='ocrx_word' id='word_1_677' title='bbox 2400 3059 2667 3130; x_wconf 82' lang='grc' dir='ltr'>πονηρίαν</span> <span class='ocrx_word' id='word_1_678' title='bbox 2700 3057 2930 3127; x_wconf 77' lang='grc' dir='ltr'>γίνεται.</span> <span class='ocrx_word' id='word_1_679' title='bbox 2972 3058 3182 3121; x_wconf 80' lang='grc' dir='ltr'>’Δλλως</span> <span class='ocrx_word' id='word_1_680' title='bbox 3209 3075 3271 3111; x_wconf 76' lang='grc' dir='ltr'>τε</span> <span class='ocrx_word' id='word_1_681' title='bbox 3306 3059 3409 3112; x_wconf 81' lang='grc' dir='ltr'>καὶ</span> <span class='ocrx_word' id='word_1_682' title='bbox 3433 3061 3462 3112; x_wconf 83' lang='grc' dir='ltr'><strong>ὁ</strong></span> <span class='ocrx_word' id='word_1_683' title='bbox 3486 3060 3663 3129; x_wconf 69' lang='grc' dir='ltr'>πόρνος</span> 
     </span>
    </p>
   </div>
   <div class='ocr_carea' id='block_1_89' title="bbox 2095 3150 3661 3223">
    <p class='ocr_par' dir='ltr' id='par_1_89' title="bbox 2095 3150 3661 3223">
     <span class='ocr_line' id='line_1_89' title="bbox 2095 3150 3661 3223; baseline -0.002 -18"><span class='ocrx_word' id='word_1_684' title='bbox 2095 3152 2331 3222; x_wconf 70' lang='grc' dir='ltr'>ἑφθασεν</span> <span class='ocrx_word' id='word_1_685' title='bbox 2352 3152 2546 3206; x_wconf 72' lang='grc' dir='ltr'>ἑαυτὸν</span> <span class='ocrx_word' id='word_1_686' title='bbox 2568 3152 2888 3220; x_wconf 79' lang='grc' dir='ltr'>διαστήσας.</span> <span class='ocrx_word' id='word_1_687' title='bbox 2921 3152 3092 3221; x_wconf 78' lang='grc' dir='ltr'>Ἀρας</span> <span class='ocrx_word' id='word_1_688' title='bbox 3114 3151 3225 3222; x_wconf 81' lang='grc' dir='ltr'>γὰρ</span> <span class='ocrx_word' id='word_1_689' title='bbox 3247 3150 3319 3204; x_wconf 79' lang='grc' dir='ltr'>τὰ</span> <span class='ocrx_word' id='word_1_690' title='bbox 3351 3151 3493 3223; x_wconf 80' lang='grc' dir='ltr'>μέλη</span> <span class='ocrx_word' id='word_1_691' title='bbox 3515 3150 3661 3205; x_wconf 81' lang='grc' dir='ltr'><strong>αὑτοῦ</strong></span> 
     </span>
    </p>
   </div>
   <div class='ocr_carea' id='block_1_90' title="bbox 2097 3240 3658 3314">
    <p class='ocr_par' dir='ltr' id='par_1_90' title="bbox 2097 3240 3658 3314">
     <span class='ocr_line' id='line_1_90' title="bbox 2097 3240 3658 3314; baseline -0.001 -18"><span class='ocrx_word' id='word_1_692' title='bbox 2097 3242 2206 3296; x_wconf 72' lang='grc' dir='ltr'>ἀπὸ</span> <span class='ocrx_word' id='word_1_693' title='bbox 2259 3243 2359 3313; x_wconf 74' lang='grc' dir='ltr'>τῆς</span> <span class='ocrx_word' id='word_1_694' title='bbox 2412 3241 2705 3309; x_wconf 76' lang='grc' dir='ltr'>γυναικὸς,</span> <span class='ocrx_word' id='word_1_695' title='bbox 2746 3240 2975 3311; x_wconf 66' lang='grc' dir='ltr'>ἐποίησε</span> <span class='ocrx_word' id='word_1_696' title='bbox 3029 3242 3237 3314; x_wconf 81' lang='grc' dir='ltr'>πόρνης</span> <span class='ocrx_word' id='word_1_697' title='bbox 3292 3243 3462 3313; x_wconf 83' lang='grc' dir='ltr'>μέλη.</span> <span class='ocrx_word' id='word_1_698' title='bbox 3514 3243 3569 3295; x_wconf 88' lang='lat'><strong>&#39;0</strong></span> <span class='ocrx_word' id='word_1_699' title='bbox 3610 3242 3658 3294; x_wconf 66' lang='grc' dir='ltr'>δὲ</span> 
     </span>
    </p>
   </div>
   <div class='ocr_carea' id='block_1_91' title="bbox 2093 3330 3657 3405">
    <p class='ocr_par' dir='ltr' id='par_1_91' title="bbox 2093 3330 3657 3405">
     <span class='ocr_line' id='line_1_91' title="bbox 2093 3330 3657 3405; baseline -0.001 -16"><span class='ocrx_word' id='word_1_700' title='bbox 2093 3335 2321 3397; x_wconf 77' lang='grc' dir='ltr'>ἄπιστος</span> <span class='ocrx_word' id='word_1_701' title='bbox 2346 3374 2363 3401; x_wconf 85' lang='grc'><em>,</em></span> <span class='ocrx_word' id='word_1_702' title='bbox 2400 3334 2553 3387; x_wconf 77' lang='grc' dir='ltr'>οὐδὲν</span> <span class='ocrx_word' id='word_1_703' title='bbox 2583 3333 2836 3404; x_wconf 72' lang='grc' dir='ltr'>ἥμαρτεν</span> <span class='ocrx_word' id='word_1_704' title='bbox 2868 3335 2950 3397; x_wconf 77' lang='grc' dir='ltr'><strong>εἰς</strong></span> <span class='ocrx_word' id='word_1_705' title='bbox 2992 3333 3104 3404; x_wconf 81' lang='grc' dir='ltr'><strong>τὴν·</strong></span> <span class='ocrx_word' id='word_1_706' title='bbox 3145 3330 3428 3405; x_wconf 81' lang='grc' dir='ltr'>σαρκικὴν</span> <span class='ocrx_word' id='word_1_707' title='bbox 3460 3335 3657 3388; x_wconf 78' lang='grc' dir='ltr'>ἕνωσιν.</span> 
     </span>
    </p>
   </div>
   <div class='ocr_carea' id='block_1_92' title="bbox 2091 3417 3657 3496">
    <p class='ocr_par' dir='ltr' id='par_1_92' title="bbox 2091 3417 3657 3496">
     <span class='ocr_line' id='line_1_92' title="bbox 2091 3417 3657 3496; baseline -0.001 -18"><span class='ocrx_word' id='word_1_708' title='bbox 2091 3422 2308 3478; x_wconf 85' lang='grc' dir='ltr'>Μᾶλλον</span> <span class='ocrx_word' id='word_1_709' title='bbox 2361 3424 2460 3494; x_wconf 81' lang='grc' dir='ltr'>μὲν</span> <span class='ocrx_word' id='word_1_710' title='bbox 2515 3417 2610 3477; x_wconf 76' lang='grc' dir='ltr'>οὖν</span> <span class='ocrx_word' id='word_1_711' title='bbox 2663 3422 2731 3477; x_wconf 84' lang='grc' dir='ltr'>δι’</span> <span class='ocrx_word' id='word_1_712' title='bbox 2778 3422 2950 3493; x_wconf 67' lang='grc' dir='ltr'>αὐτῆς</span> <span class='ocrx_word' id='word_1_713' title='bbox 2992 3423 3122 3488; x_wconf 72' lang='grc' dir='ltr'>ἴσως</span> <span class='ocrx_word' id='word_1_714' title='bbox 3163 3425 3537 3496; x_wconf 82' lang='grc' dir='ltr'>ἑνωθήσεται,</span> <span class='ocrx_word' id='word_1_715' title='bbox 3574 3422 3657 3477; x_wconf 66' lang='grc' dir='ltr'>καὶ</span> 
     </span>
    </p>
   </div>
   <div class='ocr_carea' id='block_1_93' title="bbox 2093 3513 3656 3586">
    <p class='ocr_par' dir='ltr' id='par_1_93' title="bbox 2093 3513 3656 3586">
     <span class='ocr_line' id='line_1_93' title="bbox 2093 3513 3656 3586; baseline -0.001 -18"><span class='ocrx_word' id='word_1_716' title='bbox 2093 3515 2236 3569; x_wconf 79' lang='grc' dir='ltr'>κατὰ</span> <span class='ocrx_word' id='word_1_717' title='bbox 2266 3513 2363 3586; x_wconf 79' lang='grc' dir='ltr'>τὴν</span> <span class='ocrx_word' id='word_1_718' title='bbox 2411 3513 2594 3568; x_wconf 83' lang='grc' dir='ltr'>πίστιν</span> <span class='ocrx_word' id='word_1_719' title='bbox 2616 3530 2630 3543; x_wconf 83' lang='lat'><strong><em>°</em></strong></span> <span class='ocrx_word' id='word_1_720' title='bbox 2682 3514 2772 3568; x_wconf 84' lang='grc' dir='ltr'><strong>ἶνα</strong></span> <span class='ocrx_word' id='word_1_721' title='bbox 2806 3513 2881 3585; x_wconf 84' lang='grc' dir='ltr'>μὴ</span> <span class='ocrx_word' id='word_1_722' title='bbox 2929 3514 3110 3581; x_wconf 79' lang='grc' dir='ltr'>λέγω,</span> <span class='ocrx_word' id='word_1_723' title='bbox 3149 3514 3235 3568; x_wconf 86' lang='grc' dir='ltr'><strong>ὅτι</strong></span> <span class='ocrx_word' id='word_1_724' title='bbox 3260 3516 3362 3570; x_wconf 81' lang='grc' dir='ltr'>καὶ</span> <span class='ocrx_word' id='word_1_725' title='bbox 3393 3514 3656 3583; x_wconf 78' lang='grc' dir='ltr'>ἀνατροπὴ</span> 
     </span>
    </p>
   </div>
   <div class='ocr_carea' id='block_1_94' title="bbox 2091 3606 3658 3678">
    <p class='ocr_par' dir='ltr' id='par_1_94' title="bbox 2091 3606 3658 3678">
     <span class='ocr_line' id='line_1_94' title="bbox 2091 3606 3658 3678; baseline 0.001 -18"><span class='ocrx_word' id='word_1_726' title='bbox 2091 3608 2285 3678; x_wconf 77' lang='grc' dir='ltr'>ἔμελλε</span> <span class='ocrx_word' id='word_1_727' title='bbox 2312 3607 2559 3677; x_wconf 82' lang='grc' dir='ltr'>γίνεσθαι</span> <span class='ocrx_word' id='word_1_728' title='bbox 2597 3606 2694 3664; x_wconf 76' lang='grc' dir='ltr'><strong>τοῦ</strong></span> <span class='ocrx_word' id='word_1_729' title='bbox 2730 3607 2871 3678; x_wconf 85' lang='grc' dir='ltr'>βίου,</span> <span class='ocrx_word' id='word_1_730' title='bbox 2919 3610 3016 3662; x_wconf 75' lang='grc' dir='ltr'>καὶ</span> <span class='ocrx_word' id='word_1_731' title='bbox 3041 3607 3266 3678; x_wconf 75' lang='grc' dir='ltr'>διαϐολὴ</span> <span class='ocrx_word' id='word_1_732' title='bbox 3298 3608 3402 3662; x_wconf 74' lang='grc' dir='ltr'>τοῦ</span> <span class='ocrx_word' id='word_1_733' title='bbox 3436 3609 3658 3675; x_wconf 72' lang='grc' dir='ltr'><strong>Εὔα-Πε-</strong></span> 
     </span>
    </p>
   </div>
   <div class='ocr_carea' id='block_1_95' title="bbox 2092 3700 3657 3773">
    <p class='ocr_par' dir='ltr' id='par_1_95' title="bbox 2092 3700 3657 3773">
     <span class='ocr_line' id='line_1_95' title="bbox 2092 3700 3657 3773; baseline -0.001 -20"><span class='ocrx_word' id='word_1_734' title='bbox 2092 3700 2240 3765; x_wconf 81' lang='grc' dir='ltr'>λίου,</span> <span class='ocrx_word' id='word_1_735' title='bbox 2277 3704 2325 3754; x_wconf 79' lang='grc' dir='ltr'>εί</span> <span class='ocrx_word' id='word_1_736' title='bbox 2363 3702 2425 3755; x_wconf 81' lang='grc' dir='ltr'>τὸ</span> <span class='ocrx_word' id='word_1_737' title='bbox 2456 3701 2649 3755; x_wconf 82' lang='grc' dir='ltr'>πιστὸν</span> <span class='ocrx_word' id='word_1_738' title='bbox 2692 3701 2859 3773; x_wconf 84' lang='grc' dir='ltr'>μέρος</span> <span class='ocrx_word' id='word_1_739' title='bbox 2903 3701 3198 3773; x_wconf 79' lang='grc' dir='ltr'>ἐχωρίζετο</span> <span class='ocrx_word' id='word_1_740' title='bbox 3244 3701 3342 3755; x_wconf 79' lang='grc' dir='ltr'><strong>τοῦ</strong></span> <span class='ocrx_word' id='word_1_741' title='bbox 3388 3701 3470 3773; x_wconf 75' lang='grc' dir='ltr'>μὴ</span> <span class='ocrx_word' id='word_1_742' title='bbox 3515 3716 3657 3753; x_wconf 85' lang='grc' dir='ltr'>πεπι-</span> 
     </span>
    </p>
   </div>
   <div class='ocr_carea' id='block_1_96' title="bbox 2093 3792 3654 3867">
    <p class='ocr_par' dir='ltr' id='par_1_96' title="bbox 2093 3792 3654 3867">
     <span class='ocr_line' id='line_1_96' title="bbox 2093 3792 3654 3867; baseline -0.001 -21"><span class='ocrx_word' id='word_1_743' title='bbox 2093 3792 2401 3855; x_wconf 79' lang='grc' dir='ltr'>στευκότος.</span> <span class='ocrx_word' id='word_1_744' title='bbox 2433 3792 2621 3847; x_wconf 80' lang='grc' dir='ltr'>Ταῦτα</span> <span class='ocrx_word' id='word_1_745' title='bbox 2648 3793 2706 3846; x_wconf 79' lang='grc' dir='ltr'>δὲ</span> <span class='ocrx_word' id='word_1_746' title='bbox 2744 3792 2878 3860; x_wconf 73' lang='grc' dir='ltr'>νόει,</span> <span class='ocrx_word' id='word_1_747' title='bbox 2911 3795 3003 3848; x_wconf 82' lang='grc' dir='ltr'><strong>ὅτε</strong></span> <span class='ocrx_word' id='word_1_748' title='bbox 3046 3792 3433 3866; x_wconf 74' lang='grc' dir='ltr'>συνεζύγησαν</span> <span class='ocrx_word' id='word_1_749' title='bbox 3473 3796 3567 3867; x_wconf 76' lang='grc' dir='ltr'><strong>μὲν</strong></span> <span class='ocrx_word' id='word_1_750' title='bbox 3604 3793 3654 3846; x_wconf 72' lang='grc' dir='ltr'><strong>ἐν</strong></span> 
     </span>
    </p>
   </div>
   <div class='ocr_carea' id='block_1_97' title="bbox 2091 3885 3651 3959">
    <p class='ocr_par' dir='ltr' id='par_1_97' title="bbox 2091 3885 3651 3959">
     <span class='ocr_line' id='line_1_97' title="bbox 2091 3885 3651 3959; baseline -0.001 -17"><span class='ocrx_word' id='word_1_751' title='bbox 2091 3885 2320 3956; x_wconf 64' lang='grc' dir='ltr'>ἀπιστίᾳ</span> <span class='ocrx_word' id='word_1_752' title='bbox 2344 3885 2497 3950; x_wconf 69' lang='grc' dir='ltr'>ὄντες</span> <span class='ocrx_word' id='word_1_753' title='bbox 2524 3886 2855 3958; x_wconf 80' lang='grc' dir='ltr'>ἀμφότεροι,</span> <span class='ocrx_word' id='word_1_754' title='bbox 2880 3887 3171 3940; x_wconf 72' lang='grc' dir='ltr'>ἐπίστευσε</span> <span class='ocrx_word' id='word_1_755' title='bbox 3202 3888 3260 3942; x_wconf 78' lang='grc' dir='ltr'>δὲ</span> <span class='ocrx_word' id='word_1_756' title='bbox 3288 3889 3351 3941; x_wconf 76' lang='grc' dir='ltr'>τὸ</span> <span class='ocrx_word' id='word_1_757' title='bbox 3378 3888 3444 3941; x_wconf 69' lang='grc' dir='ltr'><strong>ἐν</strong></span> <span class='ocrx_word' id='word_1_758' title='bbox 3484 3886 3651 3959; x_wconf 74' lang='grc' dir='ltr'>μέρος.</span> 
     </span>
    </p>
   </div>
   <div class='ocr_carea' id='block_1_98' title="bbox 2107 3978 3650 4053">
    <p class='ocr_par' dir='ltr' id='par_1_98' title="bbox 2107 3978 3650 4053">
     <span class='ocr_line' id='line_1_98' title="bbox 2107 3978 3650 4053; baseline 0 -21"><span class='ocrx_word' id='word_1_759' title='bbox 2107 3978 2231 4032; x_wconf 78' lang='grc' dir='ltr'><strong>Ἐὰν</strong></span> <span class='ocrx_word' id='word_1_760' title='bbox 2265 3979 2376 4048; x_wconf 80' lang='grc' dir='ltr'>γὰρ</span> <span class='ocrx_word' id='word_1_761' title='bbox 2403 3978 2731 4050; x_wconf 76' lang='grc' dir='ltr'>προϋπῆρχε</span> <span class='ocrx_word' id='word_1_762' title='bbox 2766 3980 2957 4043; x_wconf 83' lang='grc' dir='ltr'>πιστὸς</span> <span class='ocrx_word' id='word_1_763' title='bbox 2985 3981 3014 4034; x_wconf 80' lang='grc' dir='ltr'><strong>δ</strong></span> <span class='ocrx_word' id='word_1_764' title='bbox 3036 3979 3199 4051; x_wconf 82' lang='grc' dir='ltr'>ἀνὴρ,</span> <span class='ocrx_word' id='word_1_765' title='bbox 3229 3981 3263 4051; x_wconf 83' lang='grc' dir='ltr'>ἦ</span> <span class='ocrx_word' id='word_1_766' title='bbox 3292 3983 3326 4053; x_wconf 80' lang='grc' dir='ltr'><strong>ἠ</strong></span> <span class='ocrx_word' id='word_1_767' title='bbox 3363 3982 3505 4053; x_wconf 71' lang='grc' dir='ltr'>γυνὴ</span> <span class='ocrx_word' id='word_1_768' title='bbox 3527 4022 3541 4047; x_wconf 84' lang='grc'><em>,</em></span> <span class='ocrx_word' id='word_1_769' title='bbox 3575 3980 3650 4033; x_wconf 82' lang='grc' dir='ltr'><strong>οὐ·</strong></span> 
     </span>
    </p>
   </div>
   <div class='ocr_carea' id='block_1_99' title="bbox 2089 4067 3648 4145">
    <p class='ocr_par' dir='ltr' id='par_1_99' title="bbox 2089 4067 3648 4145">
     <span class='ocr_line' id='line_1_99' title="bbox 2089 4067 3648 4145; baseline 0.001 -24"><span class='ocrx_word' id='word_1_770' title='bbox 2089 4068 2253 4133; x_wconf 70' lang='grc' dir='ltr'>δόλως</span> <span class='ocrx_word' id='word_1_771' title='bbox 2279 4068 2408 4138; x_wconf 72' lang='grc' dir='ltr'><strong>ἐξῆν</strong></span> <span class='ocrx_word' id='word_1_772' title='bbox 2438 4068 2575 4139; x_wconf 80' lang='grc' dir='ltr'>πρὸς</span> <span class='ocrx_word' id='word_1_773' title='bbox 2601 4068 2833 4123; x_wconf 81' lang='grc' dir='ltr'>ἄπιστον</span> <span class='ocrx_word' id='word_1_774' title='bbox 2859 4069 3212 4138; x_wconf 76' lang='grc' dir='ltr'>ζεύγνυσθαι.</span> <span class='ocrx_word' id='word_1_775' title='bbox 3246 4072 3321 4125; x_wconf 83' lang='grc' dir='ltr'><strong>Οὐ</strong></span> <span class='ocrx_word' id='word_1_776' title='bbox 3347 4074 3461 4145; x_wconf 80' lang='grc' dir='ltr'>γὰρ</span> <span class='ocrx_word' id='word_1_777' title='bbox 3490 4067 3648 4130; x_wconf 74' lang='grc' dir='ltr'>εἶπεν.</span> 
     </span>
    </p>
   </div>
   <div class='ocr_carea' id='block_1_100' title="bbox 2090 4160 3643 4235">
    <p class='ocr_par' dir='ltr' id='par_1_100' title="bbox 2090 4160 3643 4235">
     <span class='ocr_line' id='line_1_100' title="bbox 2090 4160 3643 4235; baseline -0.001 -21"><span class='ocrx_word' id='word_1_778' title='bbox 2090 4162 2157 4215; x_wconf 72' lang='lat' dir='ltr'><strong>Et</strong></span> <span class='ocrx_word' id='word_1_779' title='bbox 2177 4177 2262 4225; x_wconf 87' lang='grc' dir='ltr'><strong>τις</strong></span> <span class='ocrx_word' id='word_1_780' title='bbox 2290 4160 2542 4230; x_wconf 78' lang='grc' dir='ltr'>βούλεται</span> <span class='ocrx_word' id='word_1_781' title='bbox 2564 4160 2753 4214; x_wconf 80' lang='grc' dir='ltr'>λαὸεἶν</span> <span class='ocrx_word' id='word_1_782' title='bbox 2776 4160 3188 4229; x_wconf 79' lang='grc' dir='ltr'>ᾶπιστον,ἁλλ’,</span> <span class='ocrx_word' id='word_1_783' title='bbox 3214 4181 3232 4215; x_wconf 86' lang='grc' dir='ltr'>ι</span> <span class='ocrx_word' id='word_1_784' title='bbox 3273 4165 3339 4218; x_wconf 77' lang='lat' dir='ltr'><strong>Et</strong></span> <span class='ocrx_word' id='word_1_785' title='bbox 3361 4182 3450 4229; x_wconf 83' lang='grc' dir='ltr'><strong>τις</strong></span> <span class='ocrx_word' id='word_1_786' title='bbox 3478 4165 3598 4235; x_wconf 75' lang='grc' dir='ltr'>ἔχει.</span> <span class='ocrx_word' id='word_1_787' title='bbox 3626 4178 3643 4212; x_wconf 78' lang='grc' dir='ltr'>ι</span> 
     </span>
    </p>
   </div>
   <div class='ocr_carea' id='block_1_101' title="bbox 2104 4251 3646 4324">
    <p class='ocr_par' dir='ltr' id='par_1_101' title="bbox 2104 4251 3646 4324">
     <span class='ocr_line' id='line_1_101' title="bbox 2104 4251 3646 4324; baseline -0.003 -19"><span class='ocrx_word' id='word_1_788' title='bbox 2104 4252 2246 4306; x_wconf 82' lang='grc' dir='ltr'>Ἀλλ’</span> <span class='ocrx_word' id='word_1_789' title='bbox 2291 4252 2411 4306; x_wconf 76' lang='grc' dir='ltr'>οὐδὲ</span> <span class='ocrx_word' id='word_1_790' title='bbox 2462 4251 2650 4315; x_wconf 75' lang='grc' dir='ltr'>ἁπλῶς</span> <span class='ocrx_word' id='word_1_791' title='bbox 2694 4251 2994 4317; x_wconf 75' lang='grc' dir='ltr'>συνοικίζιι</span> <span class='ocrx_word' id='word_1_792' title='bbox 3026 4252 3106 4324; x_wconf 81' lang='grc' dir='ltr'>τῷ</span> <span class='ocrx_word' id='word_1_793' title='bbox 3138 4252 3357 4323; x_wconf 79' lang='grc' dir='ltr'>ἀπίστῳ</span> <span class='ocrx_word' id='word_1_794' title='bbox 3381 4257 3446 4308; x_wconf 74' lang='grc' dir='ltr'>τὸ</span> <span class='ocrx_word' id='word_1_795' title='bbox 3476 4253 3646 4309; x_wconf 69' lang='grc' dir='ltr'>πιστὸν</span> 
     </span>
    </p>
   </div>
   <div class='ocr_carea' id='block_1_102' title="bbox 2094 4343 3638 4419">
    <p class='ocr_par' dir='ltr' id='par_1_102' title="bbox 2094 4343 3638 4419">
     <span class='ocr_line' id='line_1_102' title="bbox 2094 4343 3638 4419; baseline -0.001 -22"><span class='ocrx_word' id='word_1_796' title='bbox 2094 4344 2261 4417; x_wconf 80' lang='grc' dir='ltr'>μέρος</span> <span class='ocrx_word' id='word_1_797' title='bbox 2280 4387 2309 4419; x_wconf 14' lang='grc' dir='ltr'>,η</span> <span class='ocrx_word' id='word_1_798' title='bbox 2331 4343 2468 4398; x_wconf 82' lang='grc' dir='ltr'>ἀλλὰ</span> <span class='ocrx_word' id='word_1_799' title='bbox 2500 4343 2833 4415; x_wconf 68' lang='grc' dir='ltr'>βουλομένῳ.</span> <span class='ocrx_word' id='word_1_800' title='bbox 2861 4344 2936 4397; x_wconf 79' lang='grc' dir='ltr'><strong>Τὸ</strong></span> <span class='ocrx_word' id='word_1_801' title='bbox 2966 4344 3099 4416; x_wconf 77' lang='grc' dir='ltr'>γὰρ,</span> <span class='ocrx_word' id='word_1_802' title='bbox 3145 4363 3167 4398; x_wconf 75' lang='grc' dir='ltr'>ι</span> <span class='ocrx_word' id='word_1_803' title='bbox 3202 4347 3524 4403; x_wconf 79' lang='grc' dir='ltr'>Συνευδοκεῖ</span> <span class='ocrx_word' id='word_1_804' title='bbox 3538 4346 3597 4412; x_wconf 78' lang='grc'><strong>⁸³,</strong></span> <span class='ocrx_word' id='word_1_805' title='bbox 3623 4365 3638 4396; x_wconf 77' lang='grc' dir='ltr'>ι</span> 
     </span>
    </p>
   </div>
   <div class='ocr_carea' id='block_1_103' title="bbox 2089 4436 3169 4508">
    <p class='ocr_par' dir='ltr' id='par_1_103' title="bbox 2089 4436 3169 4508">
     <span class='ocr_line' id='line_1_103' title="bbox 2089 4436 3169 4508; baseline 0.001 -16"><span class='ocrx_word' id='word_1_806' title='bbox 2089 4437 2249 4492; x_wconf 78' lang='grc' dir='ltr'>τοῦτό</span> <span class='ocrx_word' id='word_1_807' title='bbox 2294 4437 2473 4505; x_wconf 72' lang='grc' dir='ltr'>ἐστιν,</span> <span class='ocrx_word' id='word_1_808' title='bbox 2503 4438 2627 4492; x_wconf 77' lang='grc' dir='ltr'>ἀντὶ</span> <span class='ocrx_word' id='word_1_809' title='bbox 2653 4436 2749 4491; x_wconf 78' lang='grc' dir='ltr'><strong>τοῦ</strong></span> <span class='ocrx_word' id='word_1_810' title='bbox 2769 4477 2785 4504; x_wconf 87' lang='grc'><strong>,</strong></span> <span class='ocrx_word' id='word_1_811' title='bbox 2819 4437 2868 4491; x_wconf 75' lang='grc' dir='ltr'>εί</span> <span class='ocrx_word' id='word_1_812' title='bbox 2900 4436 3169 4508; x_wconf 80' lang='grc' dir='ltr'>βούλεται.</span> 
     </span>
    </p>
   </div>
   <div class='ocr_carea' id='block_1_104' title="bbox 2171 4620 3640 4696">
    <p class='ocr_par' dir='ltr' id='par_1_104' title="bbox 2171 4620 3640 4696">
     <span class='ocr_line' id='line_1_104' title="bbox 2171 4620 3640 4696; baseline -0.001 -21"><span class='ocrx_word' id='word_1_813' title='bbox 2171 4642 2190 4675; x_wconf 77' lang='grc' dir='ltr'>ι</span> <span class='ocrx_word' id='word_1_814' title='bbox 2233 4623 2523 4692; x_wconf 83' lang='grc' dir='ltr'>Ἡγίασται</span> <span class='ocrx_word' id='word_1_815' title='bbox 2548 4622 2659 4694; x_wconf 85' lang='grc' dir='ltr'>γὰρ</span> <span class='ocrx_word' id='word_1_816' title='bbox 2705 4624 2734 4676; x_wconf 82' lang='grc' dir='ltr'><strong>ὁ</strong></span> <span class='ocrx_word' id='word_1_817' title='bbox 2779 4621 2918 4693; x_wconf 81' lang='grc' dir='ltr'>ἀνὴρ</span> <span class='ocrx_word' id='word_1_818' title='bbox 2940 4622 2969 4676; x_wconf 80' lang='grc' dir='ltr'><strong>ὁ</strong></span> <span class='ocrx_word' id='word_1_819' title='bbox 2988 4623 3217 4687; x_wconf 75' lang='grc' dir='ltr'>ἄπιστος</span> <span class='ocrx_word' id='word_1_820' title='bbox 3241 4623 3301 4678; x_wconf 81' lang='grc' dir='ltr'><strong>ὲν</strong></span> <span class='ocrx_word' id='word_1_821' title='bbox 3321 4628 3388 4696; x_wconf 78' lang='grc' dir='ltr'><strong>τῇ</strong></span> <span class='ocrx_word' id='word_1_822' title='bbox 3416 4620 3640 4695; x_wconf 75' lang='grc' dir='ltr'>γυναικί·</span> 
     </span>
    </p>
   </div>
   <div class='ocr_carea' id='block_1_105' title="bbox 2094 4710 3641 4786">
    <p class='ocr_par' dir='ltr' id='par_1_105' title="bbox 2094 4710 3641 4786">
     <span class='ocr_line' id='line_1_105' title="bbox 2094 4710 3641 4786; baseline -0.005 -18"><span class='ocrx_word' id='word_1_823' title='bbox 2094 4714 2189 4769; x_wconf 72' lang='grc' dir='ltr'>καὶ</span> <span class='ocrx_word' id='word_1_824' title='bbox 2222 4714 2477 4784; x_wconf 74' lang='grc' dir='ltr'>ἡγίασται</span> <span class='ocrx_word' id='word_1_825' title='bbox 2507 4713 2541 4782; x_wconf 83' lang='grc' dir='ltr'>ἠ</span> <span class='ocrx_word' id='word_1_826' title='bbox 2568 4710 2703 4783; x_wconf 82' lang='grc' dir='ltr'>γυνὴ</span> <span class='ocrx_word' id='word_1_827' title='bbox 2733 4714 2766 4782; x_wconf 79' lang='grc' dir='ltr'>ἠ</span> <span class='ocrx_word' id='word_1_828' title='bbox 2796 4712 3024 4775; x_wconf 85' lang='grc' dir='ltr'>ἄπιστος</span> <span class='ocrx_word' id='word_1_829' title='bbox 3049 4712 3109 4766; x_wconf 66' lang='grc' dir='ltr'>δν</span> <span class='ocrx_word' id='word_1_830' title='bbox 3136 4712 3215 4784; x_wconf 78' lang='grc' dir='ltr'>τῷ</span> <span class='ocrx_word' id='word_1_831' title='bbox 3240 4714 3417 4786; x_wconf 82' lang='grc' dir='ltr'>ἀνδρί.</span> <span class='ocrx_word' id='word_1_832' title='bbox 3445 4733 3464 4769; x_wconf 75' lang='grc' dir='ltr'><strong>ι</strong></span> <span class='ocrx_word' id='word_1_833' title='bbox 3492 4714 3641 4766; x_wconf 74' lang='lat' dir='ltr'><strong>Taur-</strong></span> 
     </span>
    </p>
   </div>
   <div class='ocr_carea' id='block_1_106' title="bbox 2097 4800 3639 4877">
    <p class='ocr_par' dir='ltr' id='par_1_106' title="bbox 2097 4800 3639 4877">
     <span class='ocr_line' id='line_1_106' title="bbox 2097 4800 3639 4877; baseline -0.004 -18"><span class='ocrx_word' id='word_1_834' title='bbox 2097 4806 2247 4873; x_wconf 83' lang='grc' dir='ltr'>ἐστι,</span> <span class='ocrx_word' id='word_1_835' title='bbox 2298 4807 2363 4877; x_wconf 79' lang='grc' dir='ltr'>τῇ</span> <span class='ocrx_word' id='word_1_836' title='bbox 2444 4803 2735 4875; x_wconf 82' lang='grc' dir='ltr'>περιουσίᾳ</span> <span class='ocrx_word' id='word_1_837' title='bbox 2782 4802 2882 4873; x_wconf 84' lang='grc' dir='ltr'>τῆς</span> <span class='ocrx_word' id='word_1_838' title='bbox 2925 4803 3303 4877; x_wconf 79' lang='grc' dir='ltr'>καθαρότητος</span> <span class='ocrx_word' id='word_1_839' title='bbox 3340 4807 3433 4860; x_wconf 82' lang='grc' dir='ltr'>τοῦ</span> <span class='ocrx_word' id='word_1_840' title='bbox 3471 4800 3639 4859; x_wconf 80' lang='grc' dir='ltr'>πιστοῦ</span> 
     </span>
    </p>
   </div>
   <div class='ocr_carea' id='block_1_107' title="bbox 2095 4894 3637 4968">
    <p class='ocr_par' dir='ltr' id='par_1_107' title="bbox 2095 4894 3637 4968">
     <span class='ocr_line' id='line_1_107' title="bbox 2095 4894 3637 4968; baseline -0.003 -18"><span class='ocrx_word' id='word_1_841' title='bbox 2095 4897 2299 4968; x_wconf 81' lang='grc' dir='ltr'>μέρους</span> <span class='ocrx_word' id='word_1_842' title='bbox 2312 4914 2332 4959; x_wconf 82' lang='grc'><strong>,’</strong></span> <span class='ocrx_word' id='word_1_843' title='bbox 2363 4897 2583 4951; x_wconf 79' lang='grc' dir='ltr'>νικᾶται</span> <span class='ocrx_word' id='word_1_844' title='bbox 2611 4896 2645 4967; x_wconf 78' lang='grc' dir='ltr'>ἡ</span> <span class='ocrx_word' id='word_1_845' title='bbox 2676 4894 2995 4966; x_wconf 76' lang='grc' dir='ltr'>ἀκαθαρσία</span> <span class='ocrx_word' id='word_1_846' title='bbox 3021 4894 3118 4948; x_wconf 77' lang='grc' dir='ltr'>τοῦ</span> <span class='ocrx_word' id='word_1_847' title='bbox 3158 4896 3425 4952; x_wconf 76' lang='grc' dir='ltr'>ἀπίστουο</span> <span class='ocrx_word' id='word_1_848' title='bbox 3456 4896 3546 4965; x_wconf 77' lang='grc' dir='ltr'>οὐχ</span> <span class='ocrx_word' id='word_1_849' title='bbox 3569 4894 3637 4945; x_wconf 71' lang='grc' dir='ltr'>ὅτι</span> 
     </span>
    </p>
   </div>
   <div class='ocr_carea' id='block_1_108' title="bbox 2108 4980 3639 5056">
    <p class='ocr_par' dir='ltr' id='par_1_108' title="bbox 2108 4980 3639 5056">
     <span class='ocr_line' id='line_1_108' title="bbox 2108 4980 3639 5056; baseline 0.001 -15"><span class='ocrx_word' id='word_1_850' title='bbox 2108 4987 2269 5054; x_wconf 76' lang='grc' dir='ltr'>ἅγιος</span> <span class='ocrx_word' id='word_1_851' title='bbox 2315 4983 2526 5053; x_wconf 81' lang='grc' dir='ltr'>γίνεται</span> <span class='ocrx_word' id='word_1_852' title='bbox 2564 4987 2595 5039; x_wconf 80' lang='grc' dir='ltr'>ὁ</span> <span class='ocrx_word' id='word_1_853' title='bbox 2641 4983 2877 5056; x_wconf 77' lang='grc' dir='ltr'>Ἕλλην’</span> <span class='ocrx_word' id='word_1_854' title='bbox 2914 4984 2977 5037; x_wconf 70' lang='grc' dir='ltr'>οὔ</span> <span class='ocrx_word' id='word_1_855' title='bbox 3020 4984 3131 5055; x_wconf 78' lang='grc' dir='ltr'><strong>γὰρ</strong></span> <span class='ocrx_word' id='word_1_856' title='bbox 3172 4980 3359 5051; x_wconf 72' lang='grc' dir='ltr'><strong>εἶπεν,</strong></span> <span class='ocrx_word' id='word_1_857' title='bbox 3393 4988 3473 5042; x_wconf 81' lang='grc' dir='ltr'>ὅτι</span> <span class='ocrx_word' id='word_1_858' title='bbox 3505 4981 3639 5052; x_wconf 68' lang='grc' dir='ltr'>ἃγιις</span> 
     </span>
    </p>
   </div>
   <div class='ocr_carea' id='block_1_109' title="bbox 2094 5074 3639 5146">
    <p class='ocr_par' dir='ltr' id='par_1_109' title="bbox 2094 5074 3639 5146">
     <span class='ocr_line' id='line_1_109' title="bbox 2094 5074 3639 5146; baseline -0.002 -14"><span class='ocrx_word' id='word_1_859' title='bbox 2094 5078 2243 5146; x_wconf 74' lang='grc' dir='ltr'>ἐστιν</span> <span class='ocrx_word' id='word_1_860' title='bbox 2267 5113 2285 5141; x_wconf 84' lang='grc'><em>,</em></span> <span class='ocrx_word' id='word_1_861' title='bbox 2310 5075 2452 5139; x_wconf 77' lang='grc' dir='ltr'>ἀλλ’,</span> <span class='ocrx_word' id='word_1_862' title='bbox 2487 5094 2505 5126; x_wconf 78' lang='grc' dir='ltr'>ι</span> <span class='ocrx_word' id='word_1_863' title='bbox 2555 5075 2877 5143; x_wconf 76' lang='grc' dir='ltr'>Ἠγίασταισ</span> <span class='ocrx_word' id='word_1_864' title='bbox 2923 5092 2942 5127; x_wconf 78' lang='grc' dir='ltr'>ι</span> <span class='ocrx_word' id='word_1_865' title='bbox 2977 5074 3265 5139; x_wconf 80' lang='grc' dir='ltr'>τουτέστι,</span> <span class='ocrx_word' id='word_1_866' title='bbox 3309 5080 3374 5146; x_wconf 74' lang='grc' dir='ltr'>τῇ</span> <span class='ocrx_word' id='word_1_867' title='bbox 3418 5074 3639 5145; x_wconf 77' lang='grc' dir='ltr'>ἁγιότητι</span> 
     </span>
    </p>
   </div>
   <div class='ocr_carea' id='block_1_110' title="bbox 2090 5163 3637 5247">
    <p class='ocr_par' dir='ltr' id='par_1_110' title="bbox 2090 5163 3637 5247">
     <span class='ocr_line' id='line_1_110' title="bbox 2090 5163 3637 5247; baseline -0.003 -27"><span class='ocrx_word' id='word_1_868' title='bbox 2090 5166 2182 5220; x_wconf 74' lang='grc' dir='ltr'><strong>τοῦ</strong></span> <span class='ocrx_word' id='word_1_869' title='bbox 2221 5164 2414 5247; x_wconf 73' lang='grc' dir='ltr'>πιστοῦ</span> <span class='ocrx_word' id='word_1_870' title='bbox 2448 5165 2750 5234; x_wconf 77' lang='grc' dir='ltr'>νενίκηται.</span> <span class='ocrx_word' id='word_1_871' title='bbox 2786 5164 2974 5218; x_wconf 77' lang='grc' dir='ltr'>Ταῦτα</span> <span class='ocrx_word' id='word_1_872' title='bbox 3006 5163 3063 5218; x_wconf 75' lang='grc' dir='ltr'>δὲ</span> <span class='ocrx_word' id='word_1_873' title='bbox 3094 5163 3244 5232; x_wconf 78' lang='grc' dir='ltr'>λέγει</span> <span class='ocrx_word' id='word_1_874' title='bbox 3271 5202 3288 5229; x_wconf 84' lang='lat'><strong>,</strong></span> <span class='ocrx_word' id='word_1_875' title='bbox 3334 5166 3419 5219; x_wconf 79' lang='grc' dir='ltr'>ἵνα</span> <span class='ocrx_word' id='word_1_876' title='bbox 3460 5164 3528 5237; x_wconf 76' lang='grc' dir='ltr'>μὴ</span> <span class='ocrx_word' id='word_1_877' title='bbox 3555 5176 3637 5229; x_wconf 76' lang='grc' dir='ltr'>φο·</span> 
     </span>
    </p>
   </div>
   <div class='ocr_carea' id='block_1_111' title="bbox 2093 5248 3637 5328">
    <p class='ocr_par' dir='ltr' id='par_1_111' title="bbox 2093 5248 3637 5328">
     <span class='ocr_line' id='line_1_111' title="bbox 2093 5248 3637 5328; baseline -0.003 -19"><span class='ocrx_word' id='word_1_878' title='bbox 2093 5256 2260 5327; x_wconf 72' lang='grc' dir='ltr'>δῆται</span> <span class='ocrx_word' id='word_1_879' title='bbox 2305 5259 2339 5327; x_wconf 79' lang='grc' dir='ltr'><strong>ἡ</strong></span> <span class='ocrx_word' id='word_1_880' title='bbox 2386 5255 2554 5327; x_wconf 81' lang='grc' dir='ltr'>πιστὴ</span> <span class='ocrx_word' id='word_1_881' title='bbox 2580 5255 2750 5326; x_wconf 76' lang='grc' dir='ltr'>γυνὴ,</span> <span class='ocrx_word' id='word_1_882' title='bbox 2800 5255 2876 5320; x_wconf 82' lang='grc' dir='ltr'><strong>ὡς</strong></span> <span class='ocrx_word' id='word_1_883' title='bbox 2925 5255 3237 5325; x_wconf 76' lang='grc' dir='ltr'>ἀκάθαρτος</span> <span class='ocrx_word' id='word_1_884' title='bbox 3275 5257 3531 5328; x_wconf 75' lang='grc' dir='ltr'>γινομένη</span> <span class='ocrx_word' id='word_1_885' title='bbox 3558 5248 3637 5305; x_wconf 72' lang='grc' dir='ltr'>διὰ</span> 
     </span>
    </p>
   </div>
   <div class='ocr_carea' id='block_1_112' title="bbox 2093 5348 3632 5422">
    <p class='ocr_par' dir='ltr' id='par_1_112' title="bbox 2093 5348 3632 5422">
     <span class='ocr_line' id='line_1_112' title="bbox 2093 5348 3632 5422; baseline 0.004 -20"><span class='ocrx_word' id='word_1_886' title='bbox 2093 5352 2194 5422; x_wconf 78' lang='grc' dir='ltr'>τὴν</span> <span class='ocrx_word' id='word_1_887' title='bbox 2224 5350 2391 5421; x_wconf 80' lang='grc' dir='ltr'>μίξιν.</span> <span class='ocrx_word' id='word_1_888' title='bbox 2424 5351 2678 5420; x_wconf 73' lang='grc' dir='ltr'>Ζητεῖται</span> <span class='ocrx_word' id='word_1_889' title='bbox 2720 5349 2807 5402; x_wconf 71' lang='grc' dir='ltr'>δέ·</span> <span class='ocrx_word' id='word_1_890' title='bbox 2839 5350 2902 5402; x_wconf 86' lang='grc' dir='ltr'><strong>Εἰ</strong></span> <span class='ocrx_word' id='word_1_891' title='bbox 2936 5351 2966 5404; x_wconf 83' lang='grc' dir='ltr'>ὀ</span> <span class='ocrx_word' id='word_1_892' title='bbox 2992 5349 3334 5420; x_wconf 78' lang='grc' dir='ltr'>κολλώμενος</span> <span class='ocrx_word' id='word_1_893' title='bbox 3366 5353 3429 5422; x_wconf 80' lang='grc' dir='ltr'><strong>τῇ</strong></span> <span class='ocrx_word' id='word_1_894' title='bbox 3456 5348 3632 5418; x_wconf 70' lang='grc' dir='ltr'>πόρνῃ,</span> 
     </span>
    </p>
   </div>
   <div class='ocr_carea' id='block_1_113' title="bbox 2090 5437 3639 5514">
    <p class='ocr_par' dir='ltr' id='par_1_113' title="bbox 2090 5437 3639 5514">
     <span class='ocr_line' id='line_1_113' title="bbox 2090 5437 3639 5514; baseline -0.004 -18"><span class='ocrx_word' id='word_1_895' title='bbox 2090 5443 2149 5496; x_wconf 79' lang='grc' dir='ltr'><strong>ἓν</strong></span> <span class='ocrx_word' id='word_1_896' title='bbox 2181 5444 2340 5514; x_wconf 82' lang='grc' dir='ltr'>σῶμα</span> <span class='ocrx_word' id='word_1_897' title='bbox 2368 5442 2466 5511; x_wconf 81' lang='grc' dir='ltr'><strong>ὢν,</strong></span> <span class='ocrx_word' id='word_1_898' title='bbox 2511 5441 2820 5512; x_wconf 77' lang='grc' dir='ltr'>ἀκάθαρτός</span> <span class='ocrx_word' id='word_1_899' title='bbox 2849 5442 2997 5497; x_wconf 80' lang='grc' dir='ltr'>ἐστιν</span> <span class='ocrx_word' id='word_1_900' title='bbox 3019 5458 3032 5471; x_wconf 81' lang='lat'><strong>&#39;</strong></span> <span class='ocrx_word' id='word_1_901' title='bbox 3075 5439 3298 5514; x_wconf 73' lang='grc' dir='ltr'>εὔδηλον</span> <span class='ocrx_word' id='word_1_902' title='bbox 3322 5444 3366 5475; x_wconf 76' lang='grc'>⁸³</span> <span class='ocrx_word' id='word_1_903' title='bbox 3390 5444 3468 5498; x_wconf 77' lang='grc' dir='ltr'>ὅτι</span> <span class='ocrx_word' id='word_1_904' title='bbox 3501 5437 3582 5492; x_wconf 73' lang='grc' dir='ltr'>καὶ</span> <span class='ocrx_word' id='word_1_905' title='bbox 3611 5438 3639 5507; x_wconf 70' lang='grc' dir='ltr'><strong>ἡ</strong></span> 
     </span>
    </p>
   </div>
   <div class='ocr_carea' id='block_1_114' title="bbox 1717 5676 2279 5743">
    <p class='ocr_par' dir='ltr' id='par_1_114' title="bbox 1717 5676 2279 5743">
     <span class='ocr_line' id='line_1_114' title="bbox 1717 5676 2279 5743; baseline 0.012 -7"><span class='ocrx_word' id='word_1_906' title='bbox 1717 5676 1918 5738; x_wconf 65' lang='lat' dir='ltr'><strong>Variae</strong></span> <span class='ocrx_word' id='word_1_907' title='bbox 1953 5677 2279 5743; x_wconf 80' lang='lat' dir='ltr'><strong>lectiones.</strong></span> 
     </span>
    </p>
   </div>
   <div class='ocr_carea' id='block_1_115' title="bbox 485 5792 1639 5867">
    <p class='ocr_par' dir='ltr' id='par_1_115' title="bbox 485 5792 1639 5867">
     <span class='ocr_line' id='line_1_115' title="bbox 485 5792 1639 5867; baseline 0.001 -18"><span class='ocrx_word' id='word_1_908' title='bbox 485 5795 535 5830; x_wconf 77' lang='grc'>⁸¹</span> <span class='ocrx_word' id='word_1_909' title='bbox 566 5792 908 5849; x_wconf 79' lang='grc' dir='ltr'>συνευδοκεῖν</span> <span class='ocrx_word' id='word_1_910' title='bbox 934 5810 985 5850; x_wconf 91' lang='lat' dir='ltr'><strong>o.</strong></span> <span class='ocrx_word' id='word_1_911' title='bbox 1064 5796 1109 5828; x_wconf 82' lang='lat'>&quot;</span> <span class='ocrx_word' id='word_1_912' title='bbox 1143 5796 1227 5850; x_wconf 80' lang='grc' dir='ltr'>ἵσ.</span> <span class='ocrx_word' id='word_1_913' title='bbox 1261 5795 1481 5867; x_wconf 71' lang='grc' dir='ltr'>εὔδηλον</span> <span class='ocrx_word' id='word_1_914' title='bbox 1501 5796 1560 5851; x_wconf 74' lang='grc' dir='ltr'><strong>δέ</strong></span> <span class='ocrx_word' id='word_1_915' title='bbox 1588 5812 1639 5851; x_wconf 91' lang='grc' dir='ltr'><strong>ο.</strong></span> 
     </span>
    </p>
   </div>
  </div>
