3874 6576
216 366 315 434 645
977 353 1383 418 EXPOSITIO
1419 354 1501 414 IN
1539 349 1781 412 EPIST.
1829 349 1851 405 ι
1892 350 1989 408 ΔΙ)
2029 350 2199 412 COR.
2228 374 2292 386 -
2323 349 2484 410 CAP.
2521 348 2661 411 VII.
3349 352 3454 419 6m

210 477 285 549 τῷ
310 467 666 545 εἰδωλολάτρῃ
697 472 1011 541 κολλωμὲνη
1032 512 1047 536 ,
1084 471 1141 522 ἓν
1181 469 1342 539 σῶμά
1361 471 1479 520 ἐστι
1500 482 1513 495 ·
1538 463 1655 526 πῶς
1680 455 1773 515 οὖν

1906 464 2223 529 mmundus;
2258 464 2603 534 perspicuum
2639 460 2816 518 autem
2842 471 2948 529 est,
2988 463 3151 521 etiam
3186 480 3305 523 eam
3338 485 3455 538 quae

212 572 266 626 οὐ
309 568 512 637 γίνεται
545 563 889 634 ἀκάθαρτος
928 563 1052 616 Ὀτι
1100 562 1192 614 ἐπὶ
1230 560 1327 631 μὲν
1375 559 1477 630 τῆς
1510 555 1769 628 πορνείας

1896 571 2000 610 :um
2031 557 2313 611 idololatra
2340 557 2604 629 jungitur,
2639 572 2806 612 unum
2831 572 2952 614 cum
2995 558 3086 613 illo
3116 574 3313 629 corpus
3334 576 3453 615 sor.

211 661 336 716 αὐτὸ
377 661 585 723 ἐκεῖνο,
637 659 700 711 ἐν
746 648 790 725 ᾧ
817 652 1169 709 κοινωνοῦσιν
1198 651 1478 723 ἀλλήλοις,
1511 651 1546 720 ἠ
1582 648 1768 720 μίξις,

213 755 362 826 φημὶ,
394 751 492 821 τὴν
531 750 879 820 ἀκαθαρσίαν
926 748 1039 818 ἔχει
1062 786 1076 810 ,
1124 744 1222 799 καὶ
1264 744 1353 798 διὰ
1386 740 1549 797 τοῦτο
1587 741 1684 795 καὶ
1720 741 1770 793 οἱ

209 847 295 901 δύο
324 843 645 912 ἀκάθαρτοι.
696 840 900 897 Ἐπὶ,δὲ
928 839 1024 893 τοῦ
1068 837 1263 893 πιστοῦ
1304 836 1504 908 μέρους
1538 835 1634 888 καὶ
1677 832 1772 886 τοῦ

212 939 451 1001 ἀπίστου,
495 935 676 997 ἄλλως
724 934 838 1004 ἔχει
886 934 948 987 τὸ
981 934 1237 1003 πρᾶγμα.
1293 930 1630 999 Ἀκάθαρτος
1675 926 1773 996 μέν

212 1031 310 1099 γάρ
351 1032 496 1082 ἐστιν
538 1027 567 1079 6
616 1026 846 1090 ἄπιστος
867 1066 881 1091 ,
913 1027 1057 1081 κατά
1088 1028 1186 1096 τὴν
1222 1024 1519 1079 ἀπιστίανο
1560 1022 1621 1074 οὐ
1655 1038 1773 1075 κοι-

212 1124 356 1176 νωνεῖ
382 1120 437 1174 δέ
460 1119 605 1173 κατὰ
626 1121 833 1189 ταύτην
857 1120 1008 1190 αὐτῷ
1035 1121 1070 1186 ἡ
1094 1118 1253 1190 γυνὴ,
1279 1119 1529 1172 κοινωνεῖ
1555 1117 1612 1170 δὲ
1636 1112 1776 1169 κατά

212 1212 298 1282 τὴν
335 1210 517 1281 μίξιν,
555 1210 682 1262 καθ’
708 1209 774 1280 ἢν
817 1209 1041 1280 οὐδεμία
1069 1209 1383 1280 ἀκαθαρσία
1413 1205 1772 1277 ἐμφαίνεταν

213 1306 371 1374 γάμος
400 1301 509 1374 γάρ
546 1305 691 1356 ἐστι.
725 1303 823 1356 Διά
851 1302 1011 1356 τοῦτο
1030 1300 1123 1357 οὖν
1149 1302 1252 1355 οὐκ
1284 1299 1434 1354 ἔστιν
1464 1297 1774 1368 ἀκάθαρτον

214 1396 265 1450 τὸ
300 1394 483 1448 πιστὸν
518 1396 712 1466 μέρος.

282 1589 299 1620 ι
346 1570 496 1623 Ἐπεὶ
530 1572 643 1642 ἄρα
690 1572 762 1626 τά
790 1572 960 1626 τέκνα
1007 1571 1162 1643 ὑμῶν
1210 1573 1499 1643 ἀκάθαρτά
1534 1578 1705 1629 ἐστιν.
1754 1595 1771 1626 ι

212 1664 268 1717 ΕΞ
295 1663 397 1735 γὰρ
423 1663 497 1736 μὴ
525 1665 746 1718 νικᾶται
774 1667 840 1735 τῇ
876 1665 1212 1736 καθαρότητι
1240 1668 1334 1720 τοῦ
1360 1669 1783 1738 πιστού-μέρους

211 1755 266 1808 τὸ
290 1756 553 1821 ιάπιστον,
588 1756 778 1811 λοιπὸν
831 1756 900 1811 τὰ
940 1757 1236 1828 τικτόμενα
1267 1759 1556 1832 ἀκάθαρτά
1597 1761 1779 1828 ἐστιν,

213 1848 319 1919 ἦτοι
352 1847 409 1913 ἐξ
436 1849 701 1919 ἡμισείας
734 1849 973 1921 καθαρά.

280 1982 298 2014 ι
331 1961 441 2015 Νῦν
478 1962 557 2029 δὲ,
592 1962 724 2032 ἆγιά
758 1965 893 2017 ἐστι.
934 1981 953 2016 ι
981 1964 1297 2029 Τουτέστιν,
1327 1965 1425 2019 οὐκ
1460 1965 1744 2038 ἀκάθαρτα
1765 1982 1781 2000 ο

216 2056 274 2127 τῇ
310 2055 410 2127 γὰρ
446 2057 741 2127 περιουσίᾳ
789 2057 892 2125 τῆς
937 2055 1032 2110 τοῦ
1071 2057 1226 2126 ἁγίου
1273 2057 1492 2124 λέξεως,
1527 2059 1781 2113 ἐκϐάλλει

214 2148 267 2200 τὸ
288 2147 396 2209 δέος
418 2151 520 2218 τῆς
550 2147 808 2219 τοιαύτης
839 2147 1097 2218 ὑποψίας.

283 2277 300 2310 ι
336 2258 397 2312 Ei
425 2245 482 2311 δέ
513 2259 543 2311 6
578 2257 823 2324 ἄπιστος
851 2260 1165 2331 χωρίζεται,
1200 2261 1538 2334 χωριζέσθω.
1578 2281 1596 2315 ι
1630 2258 1779 2330 Οἵον,

219 2350 261 2402 εἰ
288 2349 488 2403 κελεύει
531 2367 615 2403 σοι
656 2351 691 2421 ἢ
724 2351 1052 2417 κοινωνῆσαι
1093 2352 1194 2422 τῆς
1243 2354 1502 2417 ἀπιστίας
1543 2353 1713 2425 αὐτῷ,
1748 2355 1780 2425 ἢ

221 2441 498 2511 ἀναχωρεῖν
512 2442 560 2473 ⁸⁸
584 2441 686 2494 τοῦ
706 2443 911 2513 γάμου,
935 2444 1304 2517 ἀναχωρείτω.
1334 2446 1550 2500 Βέλτιον
1566 2447 1675 2518 γὰρ
1693 2447 1783 2501 τὸν

220 2529 397 2599 γάμον,
431 2531 463 2602 ἢ
502 2532 603 2603 τὴν
629 2532 922 2588 εὐσέϐειαν
951 2534 1201 2607 λυθῆναι.

284 2662 302 2695 ι
337 2644 407 2698 Οὐ
445 2644 776 2700 δεδούλωται
814 2650 842 2700 6
880 2647 1113 2717 ἀδελφὸς
1159 2648 1193 2720 ἢ
1235 2651 1267 2720 ἡ
1305 2650 1510 2721 ἀδελφὴ
1558 2653 1617 2704 ἐν
1669 2655 1785 2715 τοῖς

220 2737 493 2802 τοιούτοις·
527 2741 586 2793 ἐν
620 2738 683 2792 δὲ
711 2740 905 2810 εἰρήνῃ
939 2740 1207 2809 κέκληκεν
1243 2743 1386 2812 ὑμᾶς
1415 2744 1443 2796 6
1470 2743 1621 2807 Θεός.
1661 2762 1679 2794 ›
1721 2745 1782 2797 El

227 2831 437 2900 μάχεταί
466 2848 574 2897 σοι,
604 2833 767 2903 φησὶ,
790 2832 923 2886 διότι
952 2832 1029 2903 μὴ
1059 2836 1333 2896 κοινωνεῖς
1358 2835 1456 2904 τῆς
1486 2836 1780 2909 ἀπιστίας,

223 2922 509 2993 διαζύγηθι.
537 2925 614 2979 Οὐ
652 2925 762 2994 γὰρ
789 2924 1117 2978 δεδούλωσαι
1147 2926 1229 2989 είς
1253 2926 1324 2979 τὰ
1350 2928 1596 2981 τοιαῦταο
1626 2945 1784 2981 τουτ-

226 3015 376 3082 έστιν,
413 3016 475 3070 οὐ
503 3017 923 3086 καταναγκάζει
967 3017 1260 3089 βαστάζειν
1291 3020 1453 3073 αὐτὸν
1477 3022 1571 3074 καὶ
1594 3024 1652 3073 ἐν
1675 3024 1785 3085 τοῖς

224 3108 484 3172 τοιούτοις.
525 3110 754 3164 Βέλτιον
799 3109 909 3179 γὰρ
953 3111 1335 3183 ἀπαλλαγῆναι
1387 3115 1420 3184 ἦ
1476 3115 1778 3184 μάχεσθαι’

1883 648 1971 703 tiri
1998 666 2012 703 :
2036 663 2134 705 cur
2163 648 2327 720 igitur
2350 665 2416 705 ex
2447 665 2508 704 ea
2534 665 2639 705 non
2668 650 2942 705 immunda
2976 652 3265 706 redditur?
3306 652 3455 718 Quo-

1880 740 2025 795 niam
2045 741 2096 795 in
2116 740 2473 796 fornicatione
2489 741 2619 796 illud
2643 744 2816 810 ipsum
2838 743 2887 796 in
2908 758 3018 813 quo
3035 745 3454 809 communicant,

1882 833 2316 901 commistionem
2359 834 2501 899 dico,
2536 834 2903 902 impuritatem
2953 834 3137 894 habet,
3166 850 3339 905 eoque
3376 838 3459 891 vel

1883 933 2145 994 utrosque
2166 926 2509 996 coinquinari
2542 943 2554 979 :
2591 940 2776 979 verum
2811 926 2955 995 quod
2994 928 3060 979 ad
3097 926 3307 981 fidelem
3332 943 3459 997 spe-

1882 1026 1991 1073 ctat
2019 1026 2071 1074 et
2099 1017 2390 1084 inﬁdelem,
2417 1016 2569 1085 longe
2593 1031 2651 1071 se
2673 1016 2830 1070 aliter
2855 1031 2939 1070 res
2964 1016 3145 1071 habet.
3178 1017 3456 1088 Siquidem

1882 1109 1951 1163 ob
1978 1124 2131 1164 suam
2162 1108 2593 1163 incredulitatem
2623 1107 2933 1162 immundus
2957 1108 3183 1162 efﬁcitur
3205 1109 3455 1173 inﬁdelis,

1882 1202 1937 1256 in
1968 1202 2069 1257 hac
2100 1210 2277 1256 autem
2311 1199 2502 1254 mulier
2532 1214 2654 1254 cum
2682 1199 2799 1268 ipso
2816 1213 2921 1252 non
2950 1201 3330 1265 communicat,
3366 1203 3459 1254 scd

1885 1294 1938 1348 in
1974 1294 2241 1359 mistione,
2299 1297 2354 1347 in
2386 1306 2490 1361 qua
2524 1292 2665 1346 ttnlla
2704 1298 2927 1360 apparet
2958 1291 3265 1359 imperitas,
3311 1290 3461 1359 (con-

1882 1382 2083 1453 jugalis
2138 1382 2282 1437 enim
2316 1382 2421 1452 εει)
2453 1383 2845 1436 communicat.
2899 1383 3191 1453 Propterea
3256 1383 3459 1437 nuilam

1888 1473 2059 1527 ﬁdelis
2088 1488 2152 1526 ex
2178 1486 2242 1525 eo
2282 1471 2455 1525 labent
2491 1472 2744 1527 admittit.

1965 1585 1982 1617 ι
2030 1564 2280 1633 Alioquin
2315 1565 2406 1619 ﬁlii
2437 1565 2599 1619 vestri
2635 1565 2893 1619 immundi
2934 1575 3137 1621 essent.
3174 1583 3194 1616 ι
3247 1564 3377 1620 Nam
3416 1567 3461 1620 si

1886 1657 2120 1712 inﬁdelis
2160 1656 2432 1711 credentis
2487 1656 2724 1725 puritate
2781 1672 2887 1709 non
2941 1657 3098 1728 130
3137 1658 3458 1723 vinceretur,

1890 1748 2067 1801 forent
2097 1762 2249 1809 sane,
2278 1762 2417 1816 quos
2449 1757 2721 1815 parerent,
2771 1746 2927 1801 liberi
2980 1748 3243 1802 immundi
3276 1748 3360 1803 vel
3397 1764 3463 1803 ex

1815 1823 1857 1879 Β
1886 1853 2039 1910 parte
2067 1838 2289 1892 dimidia
2326 1838 2533 1893 tnundi.

1963 1973 1982 2006 ι
2030 1954 2188 2009 Nunc
2234 1965 2415 2007 autem
2467 1955 2640 2009 sancti
2701 1962 2849 2009 sunt.
2893 1972 2913 2006 ι
2949 1950 3061 2008 Hoc
3093 1963 3195 2020 est,
3228 1968 3333 2009 non
3366 1955 3465 2009 im-

1883 2047 2088 2101 mundi.
2114 2045 2242 2099 Nam
2268 2047 2781 2116 perexuberantiam
2800 2046 3053 2103 dictionis
3079 2048 3239 2118 hujus
3264 2050 3463 2116 sancti,

1882 2136 2189 2206 hujusmodi
2225 2138 2553 2206 suspicionis
2588 2147 2788 2191 mcturn
2841 2137 3038 2207 rejicit.

1957 2258 2117 2311 \‘stts.
2158 2257 2243 2312 l5.
2282 2275 2301 2308 ι
2344 2256 2495 2323 Quod
2527 2256 2569 2311 si
2604 2256 2834 2312 inﬁdelis
2865 2258 3110 2323 discedit,
3142 2258 3403 2313 discedat.
3440 2276 3458 2309 ι

1881 2347 2060 2404 Veluti
2100 2350 2144 2404 si
2198 2350 2290 2402 tibi
2329 2350 2578 2418 imperet,
2613 2359 2669 2402 ut
2701 2365 2811 2403 suae
2842 2351 3114 2419 particeps
3145 2351 3239 2405 ﬁas
3272 2351 3466 2405 inﬁde-

1882 2444 2075 2507 litatis,
2112 2451 2203 2498 aut
2239 2442 2487 2498 discedas
2517 2457 2545 2496 a
2591 2441 2970 2509 matrimonio,
3011 2441 3244 2497 discede.
3282 2442 3463 2497 Satias

1882 2538 2025 2591 enim
2069 2546 2154 2591 est
2184 2536 2515 2590 connubium
2552 2536 2761 2591 solvere
2795 2550 2956 2604 quam
3005 2535 3282 2604 pietatem.

1959 2672 1979 2705 ι
2045 2651 2161 2707 Non
2210 2653 2352 2707 enim
2402 2650 2649 2709 servituti
2702 2649 2981 2718 subjectus
3021 2660 3104 2705 est
3150 2650 3323 2704 frater
3370 2657 3465 2704 aut

1884 2760 2038 2800 soror
2087 2745 2139 2799 in
2196 2744 2501 2813 huiusmodi
2539 2760 2552 2796 :
2587 2743 2641 2797 in
2703 2757 2835 2812 pace
2876 2750 3056 2797 autem
3100 2742 3310 2797 vocavit
3369 2757 3463 2795 vos

1884 2838 2048 2895 Deus.
2088 2857 2108 2892 ι
2151 2838 2205 2894 Si
2233 2846 2433 2903 tecum,
2472 2839 2665 2909 inquit,
2698 2836 2891 2906 litiget,
2923 2838 2990 2891 'eo
3034 2836 3173 2905 quod
3217 2851 3339 2890 cum
3370 2836 3460 2889 illo

1884 2948 1990 2988 non
2035 2932 2407 2988 commutticas
2441 2932 2492 2985 in
2516 2930 2853 2995 inﬁdelitate,
2888 2929 3225 2999 disjuagitor.
3262 2928 3462 2997 Hujus-

1886 3026 2028 3080 modi
2073 3027 2215 3079 enim
2249 3023 2496 3079 servituti
2531 3039 2634 3077 non
2685 3032 2768 3077 est
2810 3021 3083 3088 subjecta;
3119 3023 3221 3076 hoc
3268 3031 3370 3084 est,
3409 3024 3461 3075 in

1889 3117 2195 3187 huiusmodi
2245 3117 2406 3171 rebus
2451 3115 2625 3170 virum
2665 3116 2811 3170 ferre
2844 3130 2948 3170 non
2983 3115 3217 3185 cogeris.
3272 3112 3463 3167 Melius

226 3197 334 3250 ἐπεὶ
362 3198 479 3252 οὐδὲ
512 3202 539 3252 6
582 3199 721 3262 Θεὸς
753 3199 1004 3269 βούλεται
1045 3201 1224 3257 τοῦτο.
1262 3222 1281 3254 ι
1331 3204 1420 3257 Ἐν
1455 3205 1564 3275 γάρ
1593 3207 1778 3277 εἰρήνῃ

1896 3210 2033 3264 enim
2055 3219 2137 3264 εει
2163 3209 2419 3277 secedere
2444 3222 2607 3276 quam
2640 3206 2917 3261 altercari.
2958 3204 3141 3273 Neque
3174 3218 3300 3259 vero
3335 3202 3463 3256 illud

226 3288 468 3358 κέκληκεν
491 3290 665 3360 ὑμᾶς.
700 3310 718 3342 ι
752 3291 913 3344 Ὥστε
946 3294 992 3344 εί
1019 3294 1278 3364 μάχεται,
1308 3296 1514 3359 ἐκεῖνος
1542 3297 1778 3367 παρέσχε

1896 3301 2082 3354 divina:
2107 3309 2190 3354 est
2221 3300 2545 3363 voluntatis;
2578 3317 2596 3350 ι
2636 3299 2694 3351 In
2729 3313 2859 3366 pace
2883 3297 3026 3351 enim
3056 3311 3149 3350 vos
3180 3295 3410 3350 vocavit.
3434 3315 3454 3346 ι

225 3385 311 3450 την
337 3381 510 3436 αἰτίαν
543 3382 646 3435 τοῦ
676 3381 975 3451 διαζυγίου.

1896 3393 2070 3463 Itaque
2091 3395 2134 3448 si
2174 3392 2367 3462 litiget,
2393 3391 2611 3447 divortii
2640 3405 2862 3445 causam
2917 3390 3004 3444 ille
3038 3389 3283 3458 praebuit.

255 3511 308 3546 .t
348 3493 410 3545 Ti
446 3494 553 3565 γὰρ
599 3491 776 3560 οἶδας,
813 3494 995 3564 γύναι,
1046 3497 1095 3549 εί
1146 3496 1241 3551 τὸν
1278 3496 1449 3569 ἄνδρα
1488 3499 1718 3567 σώσεις;
1759 3521 1778 3555 ι

1958 3507 2122 3561 Vens.
2148 3505 2235 3560 l6.
2267 3525 2286 3558 ι
2311 3505 2450 3571 Quid
2474 3505 2617 3558 enim
2643 3503 2811 3569 nosti,
2831 3501 3186 3568 mulier,'num
3209 3500 3462 3555 maritum

226 3586 375 3638 Πάλιν
404 3590 537 3656 πρὸς
564 3586 669 3653 τὸ,
709 3605 728 3639 ι
762 3588 857 3657 Μὴ
903 3588 1144 3656 ἀφιέτω,
1180 3609 1199 3642 ο
1233 3591 1588 3663 ἀναδραμὼν,
1623 3595 1778 3649 τοῦτο

1896 3600 2093 3656 salvum
2126 3598 2332 3654 facies?
2376 3617 2396 3650 ι
2434 3597 2644 3653 Rursus
2674 3598 2739 3650 ad
2775 3594 2901 3649 illud
2933 3596 3168 3659 rediens,
3193 3593 3460 3656 videlicet,

228 3673 379 3742 λέγει’
422 3677 481 3730 Ei
512 3678 628 3749 γὰρ
662 3678 738 3749 μὴ
771 3679 1002 3750 μάχεταί
1043 3697 1154 3747 σοι,
1193 3680 1340 3751 μένε,
1372 3685 1524 3753 φησι,
1556 3685 1651 3738 καὶ
1681 3703 1778 3738 πα-

1896 3712 1909 3746 ι
1955 3692 2032 3747 Ne
2061 3693 2314 3758 dimittat,
2356 3710 2374 3743 ι
2431 3691 2536 3747 hoc
2585 3691 2737 3745 dicit.
2783 3689 2842 3745 Si
2876 3690 2970 3743 tibi
3005 3689 3149 3743 enim
3203 3687 3463 3743 molestus
3554 3682 3558 3687 ’

231 3769 385 3835 ραίνει
448 3770 578 3834 ἴσως
610 3770 853 3835 ἀνύσεις.
896 3772 984 3824 Ἐν
1028 3772 1318 3843 ἀμφισόλῳ
1349 3775 1409 3827 δὲ
1439 3775 1599 3829 τοῦτο
1631 3776 1778 3849 τίθη-

1896 3799 1991 3840 non
2018 3784 2106 3844 sit.
2146 3793 2381 3847 maneto,
2410 3784 2599 3852 inquit,
2631 3797 2754 3838 cum
2777 3797 2862 3846 eo,
2888 3790 2944 3836 et
2968 3778 3459 3843 commonefacito,
3530 3808 3535 3814 ο

230 3876 321 3926 σιν,
354 3861 464 3931 ἅμα
496 3864 598 3933 μὲν
636 3863 722 3916 ἵνα
752 3864 835 3936 μὴ
853 3863 979 3936 δόξῃ
1019 3867 1270 3936 ἀνάγκην
1307 3869 1539 3935 ἐπάγειν
1579 3873 1646 3942 τῇ
1686 3888 1778 3939 γυ-

1896 3877 2095 3946 aliquid
2159 3874 2410 3932 fortassis
2439 3874 2657 3930 eﬂicies.
2698 3873 2831 3929 Rern
2879 3882 3058 3928 autem
3108 3872 3161 3926 in
3210 3873 3461 3940 ambiguo

228 3955 357 4005 ναικὶ
399 3955 491 4008 τοῦ
532 3954 758 4019 πάντως
805 3958 989 4009 πεῖσαι
1038 3956 1133 4010 τὸν
1174 3956 1370 4028 ἄνδρα*
1428 3960 1547 4029 ἅμα
1593 3960 1651 4014 δὲ
1689 3963 1778 4016 καί

1896 3969 2102 4033 statuit;
2138 3968 2354 4038 partim,
2384 3981 2453 4020 ne
2481 3966 2692 4020 mulieri
2725 3966 3105 4020 necessitatem
3130 3965 3304 4017 virum
3331 3978 3457 4016 om-

232 4050 479 4120 μετέωρον
511 4050 688 4122 αὐτὴν
738 4051 911 4105 ποιῶν
949 4052 1028 4124 τῷ
1073 4052 1161 4106 ἀεὶ
1210 4052 1488 4121 ἐλπίζειν,
1531 4055 1670 4109 ὥστε
1704 4055 1778 4128 μὴ

1896 4061 2014 4115 nino
2074 4058 2430 4130 persuadendi
2460 4057 2709 4112 videatur
2754 4058 3068 4127 imponere;
3132 4055 3350 4125 partim,
3403 4061 3462 4108 ut

228 4140 627 4210 ἀπογινώσκειν.

293 4273 310 4304 ι
341 4257 446 4310 Καὶ
477 4258 530 4312 τί
560 4254 733 4323 οἶδας,
766 4258 921 4331 ἆνερ,
960 4259 1007 4313 εἰ
1042 4259 1140 4331 τὴν
1170 4262 1406 4331 γυναῖκα
1448 4263 1677 4333 σώσεις;
1716 4265 1780 4319 Εἰ

235 4344 298 4416 μὴ
332 4349 536 4421 ἑκάστῳ
566 4349 647 4413 ὡς
680 4351 935 4423 ἐμέρισεν
979 4351 1008 4404 6
1041 4352 1206 4418 Θεὸς,
1241 4353 1473 4409 ἕκαστον
1498 4356 1544 4389 ⁸⁸
1576 4354 1651 4421 ὡς
1686 4357 1781 4411 κέ-

230 4437 411 4509 κληκεν
430 4443 457 4494 6
473 4442 678 4514 Κύριος
699 4442 768 4508 ⁸⁸,
788 4440 934 4496 οὕτω
955 4445 1348 4513 περιπατείτω.
1380 4465 1397 4499 ι
1429 4447 1584 4512 Τινὲς
1607 4447 1781 4512 οὕτως

232 4531 524 4599 ἀνέγνωσαν
546 4551 560 4565 ·
622 4553 640 4586 ι
679 4535 745 4588 Τί
775 4531 945 4601 οἶδας,
981 4536 1133 4608 ἄνερ,
1184 4538 1233 4590 εί
1278 4537 1376 4610 τὴν
1411 4542 1643 4606 γυναῖκα
1673 4541 1779 4593 σώ-

233 4637 358 4687 σεις,
386 4625 418 4693 ἢ
455 4629 559 4697 μή;
598 4644 616 4677 ι
652 4621 769 4680 εἶτα
797 4628 892 4681 ἀπ’
919 4627 1085 4698 ἄλλης
1114 4628 1289 4700 ἀρχῆς
1308 4646 1322 4661 ο
1363 4650 1380 4683 ι
1427 4629 1676 4704 Ἐκάστῳ
1704 4635 1779 4698 ὼς

231 4715 465 4785 ἐμέρισεν
496 4722 524 4773 6
556 4719 725 4783 Θεός*
768 4738 787 4770 ι
831 4721 1114 4788 τουτέστι,
1149 4722 1320 4777 Πόθεν
1365 4719 1537 4790 οἶδας,
1585 4727 1687 4781 κάν
1724 4743 1784 4780 τε

235 4804 415 4879 σώσῃς,
457 4812 559 4865 κᾶν
583 4828 640 4864 τε
676 4812 772 4865 καὶ
799 4813 908 4883 μή;
941 4812 1171 4884 ’Ἄδηλον
1200 4814 1439 4878 πάντως.
1481 4816 1701 4888 Ἀδήλυυ
1727 4819 1785 4872 δὲ

235 4894 389 4964 ὄντος,
410 4903 467 4955 οὐ
489 4904 571 4956 δεῖ
587 4902 736 4957 λύειν
757 4904 849 4956 τὸν
869 4904 1066 4975 γάμον.
1090 4904 1181 4977 Μὴ
1205 4906 1396 4971 σώζων
1419 4908 1517 4976 μὲν
1534 4909 1663 4981 γὰρ,
1682 4911 1784 4964 οὐκ

233 4988 476 5061 ἐϐλάϐης·
510 4995 699 5062 σώζων
718 4996 808 5061 δὲ,
840 4997 1133 5068 ὠφέλησας
1155 4998 1248 5051 καὶ
1281 4998 1595 5071 ὠφελήθης.
1640 5003 1782 5056 Ἀλλ’

1885 4154 2126 4210 animum
2178 4151 2295 4220 eius
2338 4152 2404 4206 ad
2437 4165 2587 4219 spem
2612 4151 2805 4221 erigat,
2840 4164 2907 4204 ne
2936 4150 3003 4205 de
3056 4148 3145 4203 illo
3183 4148 3455 4217 desperet.

1958 4266 2119 4322 Vens.
2158 4266 2244 4328 16,
2279 4266 2368 4321 l7.
2404 4283 2423 4317 ι
2461 4264 2567 4318 Aut
2600 4262 2728 4331 quid
2751 4262 2916 4328 nosti,
2955 4262 3053 4329 vir,
3089 4260 3135 4316 si
3169 4252 3455 4328 coniugem

1886 4371 2031 4415 tuam
2077 4360 2282 4414 salvam
2333 4356 2541 4412 facies?
2575 4354 2687 4410 Nisi
2741 4355 2938 4424 cuique
2969 4363 3027 4408 ut
3070 4352 3254 4408 divisit
3294 4351 3458 4416 Deus,

1885 4467 2321 4524 unumquemque
2370 4460 2428 4505 ut
2474 4450 2684 4504 vocavit
2715 4447 2995 4510 Dominus,
3031 4447 3102 4500 ita
3133 4444 3391 4499 ambulet.
3436 4463 3453 4495 ι

1888 4547 2135 4603 Nonnulli
2166 4546 2242 4599 sic
2274 4544 2451 4615 legant
2485 4560 2499 4596 :
2538 4549 2557 4593 ι
2590 4540 2726 4607 Quid
2753 4538 2918 4604 nosti,
2952 4539 3054 4604 vir,
3095 4537 3139 4593 si
3177 4536 3456 4591 mulierem

1898 4644 2102 4700 Salvam
2136 4639 2328 4703 facies,
2388 4634 2588 4689 necne?
2617 4652 2635 4685 ι
2670 4633 2869 4688 Deinde
2921 4630 2988 4685 ab
3035 4631 3141 4685 alio
3175 4630 3397 4685 exordio
3441 4645 3481 4685 τ.

1892 4754 1910 4788 ι
1953 4730 2257 4800 Unicuique
2293 4737 2350 4780 ut
2379 4725 2561 4780 divisit
2590 4722 2762 4790 Deus;
2793 4741 2811 4774 ι
2845 4723 2946 4777 hoc
2984 4730 3086 4786 est,
3128 4718 3281 4776 Unde
3307 4734 3455 4775 rom-

1881 4836 2097 4901 perturn
2143 4821 2335 4886 habes,
2375 4818 2418 4874 si
2451 4819 2596 4873 hanc
2643 4817 2846 4873 salvam
2884 4814 3124 4870 facturus
3150 4812 3225 4869 sis
3250 4810 3457 4866 necne?

1882 4922 1934 4974 id
1963 4918 2180 4988 quidem
2210 4920 2290 4969 est
2318 4926 2538 4982 prorsus
2578 4910 2862 4963 incertum.
2891 4906 3026 4962 Cum
3047 4913 3229 4960 autem
3265 4903 3316 4957 in
3345 4915 3460 4955 am-

1881 5010 2044 5080 biguo
2092 5006 2187 5070 sit,
2238 5000 2566 5059 connubium
2603 5014 2709 5054 non
2743 5009 2825 5053 est
2860 4994 3247 5052 dirimendum.
3302 4990 3457 5057 Quod

233 5078 318 5150 οὐχ
338 5082 500 5150 οὕτως
535 5089 563 5142 6
593 5090 651 5142 ἐν
675 5089 851 5157 ἁγίοις
896 5090 1149 5161 Ἰωάννης
1177 5093 1415 5162 ἀνέγνω,
1453 5096 1613 5161 ἀλλὰ,
1658 5118 1675 5149 ι
1715 5099 1778 5151 Εἰ

1896 5078 2173 5159 ῑίίειιινιιιη
2209 5111 2315 5151 non
2351 5093 2564 5160 feceris,
2602 5091 2675 5146 nil
2713 5090 2808 5145 tibi
2864 5088 3080 5144 olIiciet.
3110 5084 3326 5140 Salvam
3360 5096 3458 5136 au-

238 5171 301 5242 μὴ
347 5175 552 5249 ἑκάστῳ
595 5179 669 5244 ὠς
719 5182 974 5253 ἐμέρισεν
1012 5183 1041 5235 6
1075 5184 1238 5249 Θεόςο
1284 5205 1303 5238 ι
1351 5186 1378 5240 ὃ
1426 5188 1519 5242 καὶ
1568 5189 1778 5260 βέλτιον

1896 5202 1994 5248 tem
2036 5191 2175 5245 hanc
2201 5190 2245 5244 si
2280 5185 2601 5251 reddideris,
2633 5192 2688 5240 et
2711 5181 2832 5237 aliis
2865 5179 3116 5252 profuisti
3152 5186 3207 5232 et
3235 5170 3351 5232 tibi.
3388 5174 3458 5229 At

235 5263 428 5351 mtto;
446 5289 459 5303 ·
487 5272 683 5327 ὡσανεὶ
705 5274 814 5346 γὰρ
844 5270 1000 5330 εἶπεν
1028 5279 1056 5330 6
1093 5278 1411 5343 Ἀπόστολος
1428 5297 1442 5312 ο
1468 5282 1542 5334 Οὐ
1568 5282 1776 5349 γίνεται

1896 5298 1989 5336 non
2033 5282 2101 5335 ita
2131 5279 2501 5351 legitsancltts
2531 5275 2953 5347 Chrysoslomus
2990 5288 3004 5324 :
3037 5270 3152 5333 sed,
3194 5285 3213 5320 t
3252 5264 3366 5321 Nisi
3399 5273 3457 5320 ut

235 5350 533 5434 ὃχωρισμδς
557 5365 646 5420 διά
666 5367 765 5437 τὴν
787 5369 1080 5437 ἀπιστίαν,
1110 5387 1128 5420 ι
1164 5373 1212 5424 εί
1242 5372 1318 5441 μὴ
1343 5373 1579 5443 ἑκάστῳ,
1609 5393 1627 5425 ι
1656 5375 1776 5427 ἀντὶ

1896 5350 2197 5443 unicuique
2228 5368 2414 5426 divisit.
2465 5368 2654 5423 Deus:
2694 5384 2713 5418 ι
2772 5363 2863 5435 qui
2922 5375 3117 5418 sensus
3158 5369 3244 5416 est
3297 5358 3459 5427 longe

235 5445 348 5516 τοῦ,
399 5453 553 5511 Ἀλλά
599 5458 827 5523 ἕκαστος
882 5458 1057 5524 οὕτως
1103 5461 1301 5532 ἐχέτω,
1343 5463 1418 5527 ὡς
1473 5465 1773 5537 ηὐδόκησεν

1896 5467 2060 5535 petior
2094 5483 2106 5518 :
2141 5463 2361 5533 perinde
2405 5476 2470 5520 ac
2516 5461 2559 5517 si
2583 5456 2778 5517 dixerit
2813 5452 3127 5526 Apostolus,
3159 5449 3457 5523 Haudqua—

1541 5624 1739 5687 Varize
1790 5626 2121 5691 lectiones.

298 5755 339 5788 “
369 5759 447 5817 τσ.
476 5764 763 5839 ἀναχώρει.
792 5783 849 5824 o.
923 5766 969 5801 ⁵⁸
1000 5768 1236 5833 ῑκαστος
1273 5784 1327 5827 o.
1405 5769 1450 5804 ⁸⁸
1481 5770 1614 5837 Θεός
1645 5787 1701 5828 o.
1740 5800 1745 5805 -
