  <div class='ocr_page' id='page_1' title='image "/cluster/home/n/w/nwhite01/storage/ocr_20150623/124/hvd.32044019208206/343.png"; bbox 0 0 3874 6604; ppageno 0'>
   <div class='ocr_carea' id='block_1_1' title="bbox 435 288 583 395">
    <p class='ocr_par' dir='ltr' id='par_1_1' title="bbox 435 288 583 395">
     <span class='ocr_line' id='line_1_1' title="bbox 435 288 583 395; baseline 0 0"><span class='ocrx_word' id='word_1_1' title='bbox 435 288 440 291; x_wconf 58' lang='grc'><em>’</em></span> <span class='ocrx_word' id='word_1_2' title='bbox 475 331 583 395; x_wconf 69' lang='lat' dir='ltr'><strong>sit</strong></span> 
     </span>
    </p>
   </div>
   <div class='ocr_carea' id='block_1_2' title="bbox 1354 327 3691 406">
    <p class='ocr_par' dir='ltr' id='par_1_2' title="bbox 1354 327 3691 406">
     <span class='ocr_line' id='line_1_2' title="bbox 1354 327 3691 406; baseline 0.007 -17"><span class='ocrx_word' id='word_1_3' title='bbox 1354 327 1930 390; x_wconf 79' lang='lat' dir='ltr'><strong>THEOPHYLACTI</strong></span> <span class='ocrx_word' id='word_1_4' title='bbox 1961 327 2370 390; x_wconf 74' lang='lat' dir='ltr'><strong>BULGARLE</strong></span> <span class='ocrx_word' id='word_1_5' title='bbox 2402 332 2756 400; x_wconf 76' lang='lat' dir='ltr'><strong>ARCHIEP.</strong></span> <span class='ocrx_word' id='word_1_6' title='bbox 3606 343 3691 406; x_wconf 66' lang='lat' dir='ltr'><strong>M8</strong></span> 
     </span>
    </p>
   </div>
   <div class='ocr_carea' id='block_1_3' title="bbox 471 436 2031 527">
    <p class='ocr_par' dir='ltr' id='par_1_3' title="bbox 471 436 2030 511">
     <span class='ocr_line' id='line_1_3' title="bbox 471 436 2030 511; baseline -0.003 -17"><span class='ocrx_word' id='word_1_7' title='bbox 471 455 632 510; x_wconf 87' lang='lat' dir='ltr'><strong>quam</strong></span> <span class='ocrx_word' id='word_1_8' title='bbox 662 449 885 511; x_wconf 77' lang='lat' dir='ltr'><strong>propter</strong></span> <span class='ocrx_word' id='word_1_9' title='bbox 917 437 1290 494; x_wconf 76' lang='lat' dir='ltr'><strong>infidelitatem</strong></span> <span class='ocrx_word' id='word_1_10' title='bbox 1323 436 1714 502; x_wconf 72' lang='lat' dir='ltr'><strong>litdit&#39;ortium,</strong></span> <span class='ocrx_word' id='word_1_11' title='bbox 1751 455 1770 488; x_wconf 80' lang='grc' dir='ltr'><strong>ι</strong></span> <span class='ocrx_word' id='word_1_12' title='bbox 1811 436 1910 491; x_wconf 88' lang='lat' dir='ltr'><strong>nisi</strong></span> <span class='ocrx_word' id='word_1_13' title='bbox 1942 437 2030 490; x_wconf 90' lang='lat' dir='ltr'><strong>uni</strong></span> 
     </span>
    </p>
   </div>
   <div class='ocr_carea' id='block_1_4' title="bbox 2146 436 3691 527">
    <p class='ocr_par' dir='ltr' id='par_1_4' title="bbox 2164 439 3691 527">
     <span class='ocr_line' id='line_1_4' title="bbox 2164 439 3691 527; baseline 0.014 -36"><span class='ocrx_word' id='word_1_14' title='bbox 2164 439 2327 493; x_wconf 75' lang='grc' dir='ltr'>αὑτὸν</span> <span class='ocrx_word' id='word_1_15' title='bbox 2355 442 2384 494; x_wconf 77' lang='grc' dir='ltr'>ὁ</span> <span class='ocrx_word' id='word_1_16' title='bbox 2415 442 2570 507; x_wconf 80' lang='grc' dir='ltr'>Θεός.</span> <span class='ocrx_word' id='word_1_17' title='bbox 2606 447 2842 503; x_wconf 81' lang='grc' dir='ltr'>Γυναῖκα</span> <span class='ocrx_word' id='word_1_18' title='bbox 2865 447 3002 520; x_wconf 76' lang='grc' dir='ltr'>ἔχων</span> <span class='ocrx_word' id='word_1_19' title='bbox 3029 452 3254 508; x_wconf 76' lang='grc' dir='ltr'>ἄπιστον</span> <span class='ocrx_word' id='word_1_20' title='bbox 3284 454 3547 527; x_wconf 82' lang='grc' dir='ltr'>ἐκλήθης;</span> <span class='ocrx_word' id='word_1_21' title='bbox 3573 459 3691 513; x_wconf 61' lang='grc' dir='ltr'><strong>Μέγα</strong></span> 
     </span>
    </p>
   </div>
   <div class='ocr_carea' id='block_1_5' title="bbox 469 529 2048 601">
    <p class='ocr_par' dir='ltr' id='par_1_5' title="bbox 469 529 2048 601">
     <span class='ocr_line' id='line_1_5' title="bbox 469 529 2048 601; baseline -0.002 -17"><span class='ocrx_word' id='word_1_22' title='bbox 469 533 685 601; x_wconf 81' lang='lat' dir='ltr'><strong>cuique,</strong></span> <span class='ocrx_word' id='word_1_23' title='bbox 730 549 750 583; x_wconf 74' lang='grc' dir='ltr'><strong>ι</strong></span> <span class='ocrx_word' id='word_1_24' title='bbox 809 532 909 585; x_wconf 85' lang='grc' dir='ltr'>Ιιοε</span> <span class='ocrx_word' id='word_1_25' title='bbox 937 539 1040 596; x_wconf 86' lang='grc' dir='ltr'>εει,</span> <span class='ocrx_word' id='word_1_26' title='bbox 1075 529 1180 584; x_wconf 87' lang='lat' dir='ltr'><strong>Sed</strong></span> <span class='ocrx_word' id='word_1_27' title='bbox 1209 529 1584 599; x_wconf 76' lang='lat' dir='ltr'><strong>unusquisque</strong></span> <span class='ocrx_word' id='word_1_28' title='bbox 1619 531 1698 585; x_wconf 88' lang='lat' dir='ltr'><strong>sic</strong></span> <span class='ocrx_word' id='word_1_29' title='bbox 1738 545 1797 584; x_wconf 91' lang='lat' dir='ltr'><strong>se</strong></span> <span class='ocrx_word' id='word_1_30' title='bbox 1827 529 2048 594; x_wconf 87' lang='lat' dir='ltr'><strong>habeat,</strong></span> 
     </span>
    </p>
   </div>
   <div class='ocr_carea' id='block_1_6' title="bbox 2157 531 3381 620">
    <p class='ocr_par' dir='ltr' id='par_1_6' title="bbox 2157 531 3381 620">
     <span class='ocr_line' id='line_1_6' title="bbox 2157 531 3381 620; baseline 0.018 -37"><span class='ocrx_word' id='word_1_31' title='bbox 2157 531 2316 601; x_wconf 84' lang='grc' dir='ltr'>έχων,</span> <span class='ocrx_word' id='word_1_32' title='bbox 2349 537 2441 589; x_wconf 81' lang='grc' dir='ltr'><strong>καὶ</strong></span> <span class='ocrx_word' id='word_1_33' title='bbox 2473 538 2550 611; x_wconf 79' lang='grc' dir='ltr'>μὴ</span> <span class='ocrx_word' id='word_1_34' title='bbox 2577 540 2667 595; x_wconf 80' lang='grc' dir='ltr'>διὰ</span> <span class='ocrx_word' id='word_1_35' title='bbox 2699 543 2797 614; x_wconf 81' lang='grc' dir='ltr'>τὴν</span> <span class='ocrx_word' id='word_1_36' title='bbox 2827 545 3086 600; x_wconf 87' lang='grc' dir='ltr'>ἀπιστίαν</span> <span class='ocrx_word' id='word_1_37' title='bbox 3119 549 3381 620; x_wconf 77' lang='grc' dir='ltr'>ἐκϐάλῃς.</span> 
     </span>
    </p>
   </div>
   <div class='ocr_carea' id='block_1_7' title="bbox 470 625 3691 710">
    <p class='ocr_par' dir='ltr' id='par_1_7' title="bbox 470 625 3691 710">
     <span class='ocr_line' id='line_1_7' title="bbox 470 625 3691 710; baseline 0.006 -28"><span class='ocrx_word' id='word_1_38' title='bbox 470 637 530 682; x_wconf 82' lang='grc' dir='ltr'><strong>ιιι</strong></span> <span class='ocrx_word' id='word_1_39' title='bbox 567 627 677 680; x_wconf 88' lang='lat' dir='ltr'><strong>Deo</strong></span> <span class='ocrx_word' id='word_1_40' title='bbox 728 628 795 682; x_wconf 87' lang='lat' dir='ltr'><strong>de</strong></span> <span class='ocrx_word' id='word_1_41' title='bbox 847 627 935 682; x_wconf 91' lang='lat' dir='ltr'><strong>illo</strong></span> <span class='ocrx_word' id='word_1_42' title='bbox 961 626 1250 695; x_wconf 81' lang='lat' dir='ltr'><strong>disponere</strong></span> <span class='ocrx_word' id='word_1_43' title='bbox 1303 625 1527 696; x_wconf 92' lang='lat' dir='ltr'><strong>placuit.</strong></span> <span class='ocrx_word' id='word_1_44' title='bbox 1582 625 1814 682; x_wconf 81' lang='lat' dir='ltr'><strong>Uxorem</strong></span> <span class='ocrx_word' id='word_1_45' title='bbox 1846 626 2055 680; x_wconf 84' lang='lat' dir='ltr'><strong>habens</strong></span> <span class='ocrx_word' id='word_1_46' title='bbox 2132 626 2402 688; x_wconf 78' lang='lat' dir='ltr'><strong>infidelem</strong></span> <span class='ocrx_word' id='word_1_47' title='bbox 2466 648 2688 696; x_wconf 86' lang='lat' dir='ltr'><strong>vocatus</strong></span> <span class='ocrx_word' id='word_1_48' title='bbox 2725 641 2820 697; x_wconf 87' lang='lat' dir='ltr'><strong>es?</strong></span> <span class='ocrx_word' id='word_1_49' title='bbox 2852 659 2968 697; x_wconf 88' lang='lat' dir='ltr'><strong>eam</strong></span> <span class='ocrx_word' id='word_1_50' title='bbox 3003 643 3251 710; x_wconf 88' lang='lat' dir='ltr'><strong>retineto,</strong></span> <span class='ocrx_word' id='word_1_51' title='bbox 3305 660 3405 702; x_wconf 90' lang='lat' dir='ltr'><strong>nec</strong></span> <span class='ocrx_word' id='word_1_52' title='bbox 3429 646 3494 701; x_wconf 87' lang='lat' dir='ltr'><strong>ob</strong></span> <span class='ocrx_word' id='word_1_53' title='bbox 3524 647 3691 704; x_wconf 82' lang='lat' dir='ltr'><strong>inﬁde-</strong></span> 
     </span>
    </p>
   </div>
   <div class='ocr_carea' id='block_1_8' title="bbox 465 719 921 787">
    <p class='ocr_par' dir='ltr' id='par_1_8' title="bbox 465 719 921 787">
     <span class='ocr_line' id='line_1_8' title="bbox 465 719 921 787; baseline -0.009 -11"><span class='ocrx_word' id='word_1_54' title='bbox 465 720 678 776; x_wconf 87' lang='lat' dir='ltr'><strong>litatem</strong></span> <span class='ocrx_word' id='word_1_55' title='bbox 711 719 921 787; x_wconf 83' lang='lat' dir='ltr'><strong>ejicias.</strong></span> 
     </span>
    </p>
   </div>
   <div class='ocr_carea' id='block_1_9' title="bbox 540 807 2046 880">
    <p class='ocr_par' dir='ltr' id='par_1_9' title="bbox 540 807 2046 880">
     <span class='ocr_line' id='line_1_9' title="bbox 540 807 2046 880; baseline -0.001 -18"><span class='ocrx_word' id='word_1_56' title='bbox 540 827 560 862; x_wconf 76' lang='grc' dir='ltr'><strong>ι</strong></span> <span class='ocrx_word' id='word_1_57' title='bbox 596 809 662 863; x_wconf 87' lang='grc' dir='ltr'>Ει</span> <span class='ocrx_word' id='word_1_58' title='bbox 687 809 766 864; x_wconf 90' lang='lat' dir='ltr'><strong>sic</strong></span> <span class='ocrx_word' id='word_1_59' title='bbox 796 809 850 862; x_wconf 90' lang='lat' dir='ltr'><strong>in</strong></span> <span class='ocrx_word' id='word_1_60' title='bbox 880 809 1132 864; x_wconf 89' lang='lat' dir='ltr'><strong>omnibus</strong></span> <span class='ocrx_word' id='word_1_61' title='bbox 1158 808 1416 866; x_wconf 83' lang='lat' dir='ltr'><strong>Ecclesiis</strong></span> <span class='ocrx_word' id='word_1_62' title='bbox 1435 809 1684 880; x_wconf 89' lang='lat' dir='ltr'><strong>dispono.</strong></span> <span class='ocrx_word' id='word_1_63' title='bbox 1710 828 1728 862; x_wconf 74' lang='grc' dir='ltr'><strong>ι</strong></span> <span class='ocrx_word' id='word_1_64' title='bbox 1759 807 1867 864; x_wconf 89' lang='lat' dir='ltr'><strong>lloc</strong></span> <span class='ocrx_word' id='word_1_65' title='bbox 1891 808 2046 875; x_wconf 79' lang='lat' dir='ltr'><strong>dixit,</strong></span> 
     </span>
    </p>
   </div>
   <div class='ocr_carea' id='block_1_10' title="bbox 464 900 2051 972">
    <p class='ocr_par' dir='ltr' id='par_1_10' title="bbox 464 900 2051 972">
     <span class='ocr_line' id='line_1_10' title="bbox 464 900 2051 972; baseline 0.001 -17"><span class='ocrx_word' id='word_1_66' title='bbox 464 911 522 955; x_wconf 91' lang='lat' dir='ltr'><strong>ut</strong></span> <span class='ocrx_word' id='word_1_67' title='bbox 551 916 616 955; x_wconf 75' lang='lat' dir='ltr'><strong>ex</strong></span> <span class='ocrx_word' id='word_1_68' title='bbox 646 915 712 956; x_wconf 92' lang='lat' dir='ltr'><strong>eo</strong></span> <span class='ocrx_word' id='word_1_69' title='bbox 732 901 872 969; x_wconf 85' lang='lat' dir='ltr'><strong>quod</strong></span> <span class='ocrx_word' id='word_1_70' title='bbox 899 900 1035 957; x_wconf 88' lang='lat' dir='ltr'><strong>alios</strong></span> <span class='ocrx_word' id='word_1_71' title='bbox 1052 901 1283 958; x_wconf 86' lang='lat' dir='ltr'><strong>habeant</strong></span> <span class='ocrx_word' id='word_1_72' title='bbox 1308 903 1623 972; x_wconf 71' lang='lat' dir='ltr'><strong>participes,</strong></span> <span class='ocrx_word' id='word_1_73' title='bbox 1653 901 1721 956; x_wconf 90' lang='lat' dir='ltr'><strong>ad</strong></span> <span class='ocrx_word' id='word_1_74' title='bbox 1749 901 2051 972; x_wconf 91' lang='lat' dir='ltr'><strong>obsequen-</strong></span> 
     </span>
    </p>
   </div>
   <div class='ocr_carea' id='block_1_11' title="bbox 417 993 1092 1066">
    <p class='ocr_par' dir='ltr' id='par_1_11' title="bbox 417 993 1092 1066">
     <span class='ocr_line' id='line_1_11' title="bbox 417 993 1092 1066; baseline 0.004 -20"><span class='ocrx_word' id='word_1_75' title='bbox 417 1063 420 1066; x_wconf 93' lang='lat'><em>_</em></span> <span class='ocrx_word' id='word_1_76' title='bbox 461 996 588 1047; x_wconf 82' lang='lat' dir='ltr'><strong>dum</strong></span> <span class='ocrx_word' id='word_1_77' title='bbox 625 993 734 1047; x_wconf 89' lang='lat' dir='ltr'><strong>sint</strong></span> <span class='ocrx_word' id='word_1_78' title='bbox 766 995 1092 1062; x_wconf 71' lang='lat' dir='ltr'><strong>paratiores.</strong></span> 
     </span>
    </p>
   </div>
   <div class='ocr_carea' id='block_1_12' title="bbox 535 1084 2040 1158">
    <p class='ocr_par' dir='ltr' id='par_1_12' title="bbox 535 1084 2040 1158">
     <span class='ocr_line' id='line_1_12' title="bbox 535 1084 2040 1158; baseline -0.001 -17"><span class='ocrx_word' id='word_1_79' title='bbox 535 1086 698 1141; x_wconf 76' lang='lat' dir='ltr'><strong>Vens.</strong></span> <span class='ocrx_word' id='word_1_80' title='bbox 728 1086 816 1140; x_wconf 77' lang='grc'>18.</span> <span class='ocrx_word' id='word_1_81' title='bbox 855 1105 874 1138; x_wconf 79' lang='grc' dir='ltr'><strong>ι</strong></span> <span class='ocrx_word' id='word_1_82' title='bbox 908 1087 1280 1142; x_wconf 86' lang='lat' dir='ltr'><strong>Circumcisus</strong></span> <span class='ocrx_word' id='word_1_83' title='bbox 1303 1087 1499 1158; x_wconf 82' lang='lat' dir='ltr'><strong>aliquis</strong></span> <span class='ocrx_word' id='word_1_84' title='bbox 1523 1097 1748 1142; x_wconf 85' lang='lat' dir='ltr'><strong>vocatus</strong></span> <span class='ocrx_word' id='word_1_85' title='bbox 1779 1086 1898 1141; x_wconf 80' lang='lat' dir='ltr'><strong>est?</strong></span> <span class='ocrx_word' id='word_1_86' title='bbox 1924 1084 2040 1142; x_wconf 87' lang='lat' dir='ltr'><strong>Non</strong></span> 
     </span>
    </p>
   </div>
   <div class='ocr_carea' id='block_1_13' title="bbox 458 1178 2034 1248">
    <p class='ocr_par' dir='ltr' id='par_1_13' title="bbox 458 1178 2034 1248">
     <span class='ocr_line' id='line_1_13' title="bbox 458 1178 2034 1248; baseline 0.003 -16"><span class='ocrx_word' id='word_1_87' title='bbox 458 1179 690 1232; x_wconf 70' lang='lat' dir='ltr'><strong>adducat</strong></span> <span class='ocrx_word' id='word_1_88' title='bbox 731 1179 1077 1246; x_wconf 68' lang='lat' dir='ltr'><strong>praeputium.</strong></span> <span class='ocrx_word' id='word_1_89' title='bbox 1112 1197 1132 1232; x_wconf 73' lang='grc' dir='ltr'><strong>ι</strong></span> <span class='ocrx_word' id='word_1_90' title='bbox 1189 1178 1496 1234; x_wconf 86' lang='lat' dir='ltr'><strong>Verisimile</strong></span> <span class='ocrx_word' id='word_1_91' title='bbox 1519 1188 1636 1234; x_wconf 88' lang='lat' dir='ltr'><strong>erat</strong></span> <span class='ocrx_word' id='word_1_92' title='bbox 1667 1179 1868 1234; x_wconf 90' lang='lat' dir='ltr'><strong>multos</strong></span> <span class='ocrx_word' id='word_1_93' title='bbox 1895 1195 2034 1248; x_wconf 91' lang='lat' dir='ltr'><strong>quos</strong></span> 
     </span>
    </p>
   </div>
   <div class='ocr_carea' id='block_1_14' title="bbox 456 1266 2040 1337">
    <p class='ocr_par' dir='ltr' id='par_1_14' title="bbox 456 1266 2040 1337">
     <span class='ocr_line' id='line_1_14' title="bbox 456 1266 2040 1337; baseline 0.001 -15"><span class='ocrx_word' id='word_1_94' title='bbox 456 1266 892 1323; x_wconf 89' lang='lat' dir='ltr'><strong>circumcisionis</strong></span> <span class='ocrx_word' id='word_1_95' title='bbox 921 1267 1173 1336; x_wconf 87' lang='lat' dir='ltr'><strong>pudebat,</strong></span> <span class='ocrx_word' id='word_1_96' title='bbox 1195 1269 1587 1324; x_wconf 82' lang='lat' dir='ltr'><strong>medicamento</strong></span> <span class='ocrx_word' id='word_1_97' title='bbox 1607 1268 1842 1337; x_wconf 87' lang='lat' dir='ltr'><strong>quodam</strong></span> <span class='ocrx_word' id='word_1_98' title='bbox 1875 1285 2040 1324; x_wconf 82' lang='lat' dir='ltr'><strong>mem-</strong></span> 
     </span>
    </p>
   </div>
   <div class='ocr_carea' id='block_1_15' title="bbox 456 1359 2037 1433">
    <p class='ocr_par' dir='ltr' id='par_1_15' title="bbox 456 1359 2037 1433">
     <span class='ocr_line' id='line_1_15' title="bbox 456 1359 2037 1433; baseline 0.002 -20"><span class='ocrx_word' id='word_1_99' title='bbox 456 1359 619 1414; x_wconf 80' lang='lat' dir='ltr'><strong>brum</strong></span> <span class='ocrx_word' id='word_1_100' title='bbox 657 1359 1040 1414; x_wconf 88' lang='lat' dir='ltr'><strong>circumcisum</strong></span> <span class='ocrx_word' id='word_1_101' title='bbox 1083 1361 1150 1413; x_wconf 87' lang='lat' dir='ltr'><strong>ad</strong></span> <span class='ocrx_word' id='word_1_102' title='bbox 1183 1360 1474 1429; x_wconf 84' lang='lat' dir='ltr'><strong>pristinum</strong></span> <span class='ocrx_word' id='word_1_103' title='bbox 1519 1368 1723 1414; x_wconf 88' lang='lat' dir='ltr'><strong>statum</strong></span> <span class='ocrx_word' id='word_1_104' title='bbox 1769 1362 2037 1433; x_wconf 76' lang='lat' dir='ltr'><strong>redigere,</strong></span> 
     </span>
    </p>
   </div>
   <div class='ocr_carea' id='block_1_16' title="bbox 457 1450 1585 1520">
    <p class='ocr_par' dir='ltr' id='par_1_16' title="bbox 457 1450 1585 1520">
     <span class='ocr_line' id='line_1_16' title="bbox 457 1450 1585 1520; baseline 0.004 -15"><span class='ocrx_word' id='word_1_105' title='bbox 457 1450 754 1505; x_wconf 85' lang='lat' dir='ltr'><strong>cuticulam</strong></span> <span class='ocrx_word' id='word_1_106' title='bbox 788 1450 1040 1505; x_wconf 82' lang='lat' dir='ltr'><strong>nimirum</strong></span> <span class='ocrx_word' id='word_1_107' title='bbox 1077 1451 1585 1520; x_wconf 88' lang='lat' dir='ltr'><strong>superinducentes.</strong></span> 
     </span>
    </p>
   </div>
   <div class='ocr_carea' id='block_1_17' title="bbox 535 1532 2037 1614">
    <p class='ocr_par' dir='ltr' id='par_1_17' title="bbox 535 1532 2037 1614">
     <span class='ocr_line' id='line_1_17' title="bbox 535 1532 2037 1614; baseline -0.004 -17"><span class='ocrx_word' id='word_1_108' title='bbox 749 1561 767 1595; x_wconf 75' lang='lat' dir='ltr'><strong>t</strong></span> <span class='ocrx_word' id='word_1_109' title='bbox 822 1543 879 1597; x_wconf 88' lang='lat' dir='ltr'><strong>ln</strong></span> <span class='ocrx_word' id='word_1_110' title='bbox 931 1532 1193 1614; x_wconf 63' lang='lat' dir='ltr'><strong>praeputio</strong></span> <span class='ocrx_word' id='word_1_111' title='bbox 1252 1545 1450 1614; x_wconf 81' lang='lat' dir='ltr'><strong>aliquis</strong></span> <span class='ocrx_word' id='word_1_112' title='bbox 1493 1557 1722 1604; x_wconf 74' lang='lat' dir='ltr'><strong>vocatus</strong></span> <span class='ocrx_word' id='word_1_113' title='bbox 1777 1548 1891 1602; x_wconf 71' lang='lat' dir='ltr'><strong>est?</strong></span> <span class='ocrx_word' id='word_1_114' title='bbox 1933 1561 2037 1601; x_wconf 80' lang='lat' dir='ltr'><strong>non</strong></span> 
     </span>
    </p>
   </div>
   <div class='ocr_carea' id='block_1_18' title="bbox 453 1635 2038 1710">
    <p class='ocr_par' dir='ltr' id='par_1_18' title="bbox 453 1635 2038 1710">
     <span class='ocr_line' id='line_1_18' title="bbox 453 1635 2038 1710; baseline 0.002 -20"><span class='ocrx_word' id='word_1_115' title='bbox 453 1635 898 1690; x_wconf 85' lang='lat' dir='ltr'><strong>circumcidatur.</strong></span> <span class='ocrx_word' id='word_1_116' title='bbox 933 1655 954 1688; x_wconf 77' lang='grc' dir='ltr'>-ι</span> <span class='ocrx_word' id='word_1_117' title='bbox 990 1635 1193 1692; x_wconf 83' lang='lat' dir='ltr'><strong>Contra</strong></span> <span class='ocrx_word' id='word_1_118' title='bbox 1227 1638 1493 1703; x_wconf 89' lang='lat' dir='ltr'><strong>nonnulli,</strong></span> <span class='ocrx_word' id='word_1_119' title='bbox 1533 1641 1678 1710; x_wconf 88' lang='lat' dir='ltr'><strong>quod</strong></span> <span class='ocrx_word' id='word_1_120' title='bbox 1726 1641 1780 1696; x_wconf 89' lang='lat' dir='ltr'><strong>in</strong></span> <span class='ocrx_word' id='word_1_121' title='bbox 1805 1641 2038 1696; x_wconf 82' lang='lat' dir='ltr'><strong>clrcum-</strong></span> 
     </span>
    </p>
   </div>
   <div class='ocr_carea' id='block_1_19' title="bbox 452 1728 2036 1802">
    <p class='ocr_par' dir='ltr' id='par_1_19' title="bbox 452 1728 2036 1802">
     <span class='ocr_line' id='line_1_19' title="bbox 452 1728 2036 1802; baseline 0.001 -19"><span class='ocrx_word' id='word_1_122' title='bbox 452 1728 664 1783; x_wconf 86' lang='lat' dir='ltr'><strong>cisione</strong></span> <span class='ocrx_word' id='word_1_123' title='bbox 693 1728 1010 1797; x_wconf 82' lang='lat' dir='ltr'><strong>praeclarum</strong></span> <span class='ocrx_word' id='word_1_124' title='bbox 1043 1729 1169 1798; x_wconf 90' lang='lat' dir='ltr'><strong>quid</strong></span> <span class='ocrx_word' id='word_1_125' title='bbox 1208 1743 1333 1784; x_wconf 89' lang='lat' dir='ltr'><strong>esse</strong></span> <span class='ocrx_word' id='word_1_126' title='bbox 1367 1730 1664 1797; x_wconf 82' lang='lat' dir='ltr'><strong>videretur,</strong></span> <span class='ocrx_word' id='word_1_127' title='bbox 1716 1740 1838 1802; x_wconf 84' lang='lat' dir='ltr'><strong>post</strong></span> <span class='ocrx_word' id='word_1_128' title='bbox 1873 1729 2036 1786; x_wconf 83' lang='lat' dir='ltr'><strong>tidem</strong></span> 
     </span>
    </p>
   </div>
   <div class='ocr_carea' id='block_1_20' title="bbox 450 1821 2036 1893">
    <p class='ocr_par' dir='ltr' id='par_1_20' title="bbox 450 1821 2036 1893">
     <span class='ocr_line' id='line_1_20' title="bbox 450 1821 2036 1893; baseline -0.001 -16"><span class='ocrx_word' id='word_1_129' title='bbox 450 1821 998 1878; x_wconf 82' lang='lat' dir='ltr'><strong>circumcidebantur.</strong></span> <span class='ocrx_word' id='word_1_130' title='bbox 1053 1821 1142 1876; x_wconf 81' lang='lat' dir='ltr'><strong>Ait</strong></span> <span class='ocrx_word' id='word_1_131' title='bbox 1198 1821 1388 1893; x_wconf 80' lang='lat' dir='ltr'><strong>igitur,</strong></span> <span class='ocrx_word' id='word_1_132' title='bbox 1415 1822 1559 1892; x_wconf 91' lang='lat' dir='ltr'><strong>quod</strong></span> <span class='ocrx_word' id='word_1_133' title='bbox 1615 1823 1720 1880; x_wconf 86' lang='lat' dir='ltr'><strong>ista</strong></span> <span class='ocrx_word' id='word_1_134' title='bbox 1751 1824 1820 1879; x_wconf 89' lang='lat' dir='ltr'><strong>ad</strong></span> <span class='ocrx_word' id='word_1_135' title='bbox 1876 1822 2036 1878; x_wconf 81' lang='lat' dir='ltr'><strong>ﬁdem</strong></span> 
     </span>
    </p>
   </div>
   <div class='ocr_carea' id='block_1_21' title="bbox 456 1914 934 1970">
    <p class='ocr_par' dir='ltr' id='par_1_21' title="bbox 456 1914 934 1970">
     <span class='ocr_line' id='line_1_21' title="bbox 456 1914 934 1970; baseline 0.002 -2"><span class='ocrx_word' id='word_1_136' title='bbox 456 1915 595 1969; x_wconf 83' lang='lat' dir='ltr'><strong>nihil</strong></span> <span class='ocrx_word' id='word_1_137' title='bbox 629 1914 934 1970; x_wconf 77' lang='lat' dir='ltr'><strong>conferant.</strong></span> 
     </span>
    </p>
   </div>
   <div class='ocr_carea' id='block_1_22' title="bbox 519 2006 2091 2079">
    <p class='ocr_par' dir='ltr' id='par_1_22' title="bbox 519 2006 2091 2079">
     <span class='ocr_line' id='line_1_22' title="bbox 519 2006 2091 2079; baseline 0.001 -17"><span class='ocrx_word' id='word_1_138' title='bbox 519 2006 690 2065; x_wconf 76' lang='lat' dir='ltr'><strong>Vens.</strong></span> <span class='ocrx_word' id='word_1_139' title='bbox 719 2008 804 2064; x_wconf 88' lang='lat' dir='ltr'><strong>l9.</strong></span> <span class='ocrx_word' id='word_1_140' title='bbox 831 2026 852 2060; x_wconf 73' lang='grc' dir='ltr'><strong>ι</strong></span> <span class='ocrx_word' id='word_1_141' title='bbox 888 2008 1242 2064; x_wconf 85' lang='lat' dir='ltr'><strong>Circumcisio</strong></span> <span class='ocrx_word' id='word_1_142' title='bbox 1292 2007 1424 2063; x_wconf 85' lang='lat' dir='ltr'><strong>nihil</strong></span> <span class='ocrx_word' id='word_1_143' title='bbox 1453 2017 1558 2074; x_wconf 91' lang='grc' dir='ltr'>εει,</span> <span class='ocrx_word' id='word_1_144' title='bbox 1617 2017 1671 2064; x_wconf 92' lang='grc' dir='ltr'><strong>ει</strong></span> <span class='ocrx_word' id='word_1_145' title='bbox 1705 2009 2025 2079; x_wconf 66' lang='lat' dir='ltr'><strong>prmputium</strong></span> <span class='ocrx_word' id='word_1_146' title='bbox 2088 2047 2091 2049; x_wconf 87' lang='lat'><strong><em>-</em></strong></span> 
     </span>
    </p>
   </div>
   <div class='ocr_carea' id='block_1_23' title="bbox 447 2099 2031 2173">
    <p class='ocr_par' dir='ltr' id='par_1_23' title="bbox 447 2099 2031 2173">
     <span class='ocr_line' id='line_1_23' title="bbox 447 2099 2031 2173; baseline 0.006 -20"><span class='ocrx_word' id='word_1_147' title='bbox 447 2099 582 2154; x_wconf 86' lang='lat' dir='ltr'><strong>nihil</strong></span> <span class='ocrx_word' id='word_1_148' title='bbox 605 2111 708 2166; x_wconf 89' lang='lat' dir='ltr'><strong>est,</strong></span> <span class='ocrx_word' id='word_1_149' title='bbox 735 2102 828 2155; x_wconf 88' lang='lat' dir='ltr'><strong>sed</strong></span> <span class='ocrx_word' id='word_1_150' title='bbox 855 2102 1164 2157; x_wconf 83' lang='lat' dir='ltr'><strong>observatio</strong></span> <span class='ocrx_word' id='word_1_151' title='bbox 1197 2103 1578 2156; x_wconf 85' lang='lat' dir='ltr'><strong>mandatorum</strong></span> <span class='ocrx_word' id='word_1_152' title='bbox 1612 2099 1726 2156; x_wconf 88' lang='lat' dir='ltr'><strong>Dei.</strong></span> <span class='ocrx_word' id='word_1_153' title='bbox 1765 2121 1784 2152; x_wconf 79' lang='grc' dir='ltr'><strong>ι</strong></span> <span class='ocrx_word' id='word_1_154' title='bbox 1819 2101 2031 2173; x_wconf 85' lang='lat' dir='ltr'><strong>Ubique</strong></span> 
     </span>
    </p>
   </div>
   <div class='ocr_carea' id='block_1_24' title="bbox 446 2190 2026 2265">
    <p class='ocr_par' dir='ltr' id='par_1_24' title="bbox 446 2190 2026 2265">
     <span class='ocr_line' id='line_1_24' title="bbox 446 2190 2026 2265; baseline 0.001 -16"><span class='ocrx_word' id='word_1_155' title='bbox 446 2209 550 2249; x_wconf 88' lang='lat' dir='ltr'><strong>una</strong></span> <span class='ocrx_word' id='word_1_156' title='bbox 583 2190 710 2250; x_wconf 77' lang='lat' dir='ltr'><strong>&#39;cum</strong></span> <span class='ocrx_word' id='word_1_157' title='bbox 743 2193 849 2250; x_wconf 81' lang='lat' dir='ltr'><strong>ﬁde</strong></span> <span class='ocrx_word' id='word_1_158' title='bbox 868 2194 1082 2251; x_wconf 88' lang='lat' dir='ltr'><strong>virtutis</strong></span> <span class='ocrx_word' id='word_1_159' title='bbox 1110 2194 1342 2265; x_wconf 73' lang='lat' dir='ltr'><strong>exigitur</strong></span> <span class='ocrx_word' id='word_1_160' title='bbox 1367 2192 1629 2264; x_wconf 82' lang='lat' dir='ltr'><strong>operatio.</strong></span> <span class='ocrx_word' id='word_1_161' title='bbox 1650 2192 1857 2252; x_wconf 67' lang='lat' dir='ltr'><strong>Caetera</strong></span> <span class='ocrx_word' id='word_1_162' title='bbox 1875 2210 2026 2262; x_wconf 85' lang='lat' dir='ltr'><strong>vero,</strong></span> 
     </span>
    </p>
   </div>
   <div class='ocr_carea' id='block_1_25' title="bbox 445 2285 1294 2350">
    <p class='ocr_par' dir='ltr' id='par_1_25' title="bbox 445 2285 1294 2350">
     <span class='ocr_line' id='line_1_25' title="bbox 445 2285 1294 2350; baseline 0.004 -11"><span class='ocrx_word' id='word_1_163' title='bbox 445 2285 527 2340; x_wconf 87' lang='lat' dir='ltr'><strong>vel</strong></span> <span class='ocrx_word' id='word_1_164' title='bbox 560 2285 758 2350; x_wconf 89' lang='lat' dir='ltr'><strong>minus,</strong></span> <span class='ocrx_word' id='word_1_165' title='bbox 787 2285 868 2340; x_wconf 89' lang='lat' dir='ltr'><strong>vel</strong></span> <span class='ocrx_word' id='word_1_166' title='bbox 897 2301 1001 2340; x_wconf 92' lang='lat' dir='ltr'><strong>non</strong></span> <span class='ocrx_word' id='word_1_167' title='bbox 1052 2287 1294 2342; x_wconf 91' lang='lat' dir='ltr'><strong>omnino.</strong></span> 
     </span>
    </p>
   </div>
   <div class='ocr_carea' id='block_1_26' title="bbox 517 2374 2038 2449">
    <p class='ocr_par' dir='ltr' id='par_1_26' title="bbox 517 2374 2038 2449">
     <span class='ocr_line' id='line_1_26' title="bbox 517 2374 2038 2449; baseline 0.002 -19"><span class='ocrx_word' id='word_1_168' title='bbox 517 2374 686 2432; x_wconf 74' lang='lat' dir='ltr'><strong>Vens.</strong></span> <span class='ocrx_word' id='word_1_169' title='bbox 707 2377 892 2440; x_wconf 75' lang='lat'><strong>20,21.</strong></span> <span class='ocrx_word' id='word_1_170' title='bbox 926 2395 944 2430; x_wconf 74' lang='grc' dir='ltr'><strong>ι</strong></span> <span class='ocrx_word' id='word_1_171' title='bbox 973 2375 1352 2448; x_wconf 87' lang='lat' dir='ltr'><strong>Unusquisque</strong></span> <span class='ocrx_word' id='word_1_172' title='bbox 1369 2379 1418 2434; x_wconf 94' lang='lat' dir='ltr'><strong>in</strong></span> <span class='ocrx_word' id='word_1_173' title='bbox 1435 2394 1540 2449; x_wconf 90' lang='lat' dir='ltr'><strong>qua</strong></span> <span class='ocrx_word' id='word_1_174' title='bbox 1561 2380 1847 2436; x_wconf 84' lang='lat' dir='ltr'><strong>vocatione</strong></span> <span class='ocrx_word' id='word_1_175' title='bbox 1871 2394 2038 2435; x_wconf 90' lang='lat' dir='ltr'><strong>voca-</strong></span> 
     </span>
    </p>
   </div>
   <div class='ocr_carea' id='block_1_27' title="bbox 448 2466 2040 2536">
    <p class='ocr_par' dir='ltr' id='par_1_27' title="bbox 448 2466 2040 2536">
     <span class='ocr_line' id='line_1_27' title="bbox 448 2466 2040 2536; baseline 0.002 -16"><span class='ocrx_word' id='word_1_176' title='bbox 448 2481 535 2536; x_wconf 76' lang='grc' dir='ltr'><strong>ιυε</strong></span> <span class='ocrx_word' id='word_1_177' title='bbox 558 2475 665 2529; x_wconf 88' lang='lat' dir='ltr'><strong>est,</strong></span> <span class='ocrx_word' id='word_1_178' title='bbox 693 2466 747 2521; x_wconf 92' lang='lat' dir='ltr'><strong>in</strong></span> <span class='ocrx_word' id='word_1_179' title='bbox 772 2480 836 2522; x_wconf 89' lang='lat' dir='ltr'><strong>ea</strong></span> <span class='ocrx_word' id='word_1_180' title='bbox 857 2479 1191 2536; x_wconf 85' lang='lat' dir='ltr'><strong>permaneat.</strong></span> <span class='ocrx_word' id='word_1_181' title='bbox 1230 2471 1431 2524; x_wconf 81' lang='lat' dir='ltr'><strong>Servus</strong></span> <span class='ocrx_word' id='word_1_182' title='bbox 1456 2478 1678 2524; x_wconf 87' lang='lat' dir='ltr'><strong>vocatus</strong></span> <span class='ocrx_word' id='word_1_183' title='bbox 1715 2469 1813 2524; x_wconf 79' lang='lat' dir='ltr'><strong>es?</strong></span> <span class='ocrx_word' id='word_1_184' title='bbox 1835 2483 1940 2524; x_wconf 93' lang='lat' dir='ltr'><strong>non</strong></span> <span class='ocrx_word' id='word_1_185' title='bbox 1967 2471 2040 2524; x_wconf 85' lang='lat' dir='ltr'><strong>sit</strong></span> 
     </span>
    </p>
   </div>
   <div class='ocr_carea' id='block_1_28' title="bbox 447 2559 2033 2632">
    <p class='ocr_par' dir='ltr' id='par_1_28' title="bbox 447 2559 2033 2632">
     <span class='ocr_line' id='line_1_28' title="bbox 447 2559 2033 2632; baseline 0.001 -23"><span class='ocrx_word' id='word_1_186' title='bbox 447 2559 538 2613; x_wconf 86' lang='lat' dir='ltr'><strong>tibi</strong></span> <span class='ocrx_word' id='word_1_187' title='bbox 575 2573 758 2632; x_wconf 58' lang='lat' dir='ltr'><strong>curae;</strong></span> <span class='ocrx_word' id='word_1_188' title='bbox 789 2561 884 2614; x_wconf 88' lang='lat' dir='ltr'><strong>sed</strong></span> <span class='ocrx_word' id='word_1_189' title='bbox 912 2569 965 2613; x_wconf 93' lang='lat' dir='ltr'><strong>et</strong></span> <span class='ocrx_word' id='word_1_190' title='bbox 991 2560 1035 2614; x_wconf 90' lang='lat' dir='ltr'><strong>si</strong></span> <span class='ocrx_word' id='word_1_191' title='bbox 1070 2569 1226 2628; x_wconf 87' lang='lat' dir='ltr'><strong>potes</strong></span> <span class='ocrx_word' id='word_1_192' title='bbox 1261 2561 1377 2615; x_wconf 82' lang='lat' dir='ltr'><strong>ﬁeri</strong></span> <span class='ocrx_word' id='word_1_193' title='bbox 1410 2560 1568 2623; x_wconf 88' lang='lat' dir='ltr'><strong>liber,</strong></span> <span class='ocrx_word' id='word_1_194' title='bbox 1598 2563 1774 2630; x_wconf 78' lang='lat' dir='ltr'><strong>magis</strong></span> <span class='ocrx_word' id='word_1_195' title='bbox 1805 2569 1976 2615; x_wconf 88' lang='lat' dir='ltr'><strong>utere.</strong></span> <span class='ocrx_word' id='word_1_196' title='bbox 2012 2578 2033 2611; x_wconf 74' lang='grc' dir='ltr'><strong>ι</strong></span> 
     </span>
    </p>
   </div>
   <div class='ocr_carea' id='block_1_29' title="bbox 445 2650 2038 2720">
    <p class='ocr_par' dir='ltr' id='par_1_29' title="bbox 445 2650 2038 2720">
     <span class='ocr_line' id='line_1_29' title="bbox 445 2650 2038 2720; baseline 0 -16"><span class='ocrx_word' id='word_1_197' title='bbox 445 2650 501 2704; x_wconf 89' lang='lat' dir='ltr'><strong>In</strong></span> <span class='ocrx_word' id='word_1_198' title='bbox 535 2650 814 2705; x_wconf 84' lang='lat' dir='ltr'><strong>vocatione</strong></span> <span class='ocrx_word' id='word_1_199' title='bbox 844 2666 948 2720; x_wconf 89' lang='lat' dir='ltr'><strong>qua</strong></span> <span class='ocrx_word' id='word_1_200' title='bbox 975 2661 1201 2704; x_wconf 88' lang='lat' dir='ltr'><strong>vocatus</strong></span> <span class='ocrx_word' id='word_1_201' title='bbox 1258 2661 1366 2716; x_wconf 89' lang='lat' dir='ltr'><strong>est,</strong></span> <span class='ocrx_word' id='word_1_202' title='bbox 1426 2651 1530 2706; x_wconf 90' lang='lat' dir='ltr'><strong>hoc</strong></span> <span class='ocrx_word' id='word_1_203' title='bbox 1575 2661 1682 2713; x_wconf 87' lang='lat' dir='ltr'><strong>est.</strong></span> <span class='ocrx_word' id='word_1_204' title='bbox 1719 2665 2038 2720; x_wconf 89' lang='lat' dir='ltr'><strong>quocunque</strong></span> 
     </span>
    </p>
   </div>
   <div class='ocr_carea' id='block_1_30' title="bbox 444 2741 2036 2811">
    <p class='ocr_par' dir='ltr' id='par_1_30' title="bbox 444 2741 2036 2811">
     <span class='ocr_line' id='line_1_30' title="bbox 444 2741 2036 2811; baseline 0 -16"><span class='ocrx_word' id='word_1_205' title='bbox 444 2742 509 2795; x_wconf 91' lang='lat' dir='ltr'><strong>in</strong></span> <span class='ocrx_word' id='word_1_206' title='bbox 541 2756 761 2811; x_wconf 78' lang='lat' dir='ltr'><strong>genere,</strong></span> <span class='ocrx_word' id='word_1_207' title='bbox 786 2741 868 2795; x_wconf 85' lang='lat' dir='ltr'><strong>vel</strong></span> <span class='ocrx_word' id='word_1_208' title='bbox 907 2742 1096 2796; x_wconf 88' lang='lat' dir='ltr'><strong>ordine</strong></span> <span class='ocrx_word' id='word_1_209' title='bbox 1123 2742 1206 2796; x_wconf 90' lang='lat' dir='ltr'><strong>vel</strong></span> <span class='ocrx_word' id='word_1_210' title='bbox 1238 2743 1548 2798; x_wconf 88' lang='lat' dir='ltr'><strong>conditione</strong></span> <span class='ocrx_word' id='word_1_211' title='bbox 1605 2741 1812 2798; x_wconf 84' lang='lat' dir='ltr'><strong>Christi</strong></span> <span class='ocrx_word' id='word_1_212' title='bbox 1877 2743 2036 2796; x_wconf 78' lang='lat' dir='ltr'><strong>[idem</strong></span> 
     </span>
    </p>
   </div>
   <div class='ocr_carea' id='block_1_31' title="bbox 455 2834 2034 2906">
    <p class='ocr_par' dir='ltr' id='par_1_31' title="bbox 455 2834 2034 2906">
     <span class='ocr_line' id='line_1_31' title="bbox 455 2834 2034 2906; baseline 0 -16"><span class='ocrx_word' id='word_1_213' title='bbox 455 2837 760 2904; x_wconf 86' lang='lat' dir='ltr'><strong>susceperit</strong></span> <span class='ocrx_word' id='word_1_214' title='bbox 785 2836 1073 2905; x_wconf 82' lang='lat' dir='ltr'><strong>quispiam,</strong></span> <span class='ocrx_word' id='word_1_215' title='bbox 1103 2835 1157 2889; x_wconf 92' lang='lat' dir='ltr'><strong>in</strong></span> <span class='ocrx_word' id='word_1_216' title='bbox 1191 2835 1292 2890; x_wconf 87' lang='lat' dir='ltr'><strong>hoc</strong></span> <span class='ocrx_word' id='word_1_217' title='bbox 1316 2844 1649 2906; x_wconf 88' lang='lat' dir='ltr'><strong>perseveret.</strong></span> <span class='ocrx_word' id='word_1_218' title='bbox 1683 2834 2034 2890; x_wconf 82' lang='lat' dir='ltr'><strong>Vocationem</strong></span> 
     </span>
    </p>
   </div>
   <div class='ocr_carea' id='block_1_32' title="bbox 450 2925 2034 2982">
    <p class='ocr_par' dir='ltr' id='par_1_32' title="bbox 450 2925 2034 2982">
     <span class='ocr_line' id='line_1_32' title="bbox 450 2925 2034 2982; baseline 0.001 -1"><span class='ocrx_word' id='word_1_219' title='bbox 450 2927 598 2981; x_wconf 90' lang='lat' dir='ltr'><strong>enim</strong></span> <span class='ocrx_word' id='word_1_220' title='bbox 623 2927 756 2981; x_wconf 85' lang='lat' dir='ltr'><strong>dicit</strong></span> <span class='ocrx_word' id='word_1_221' title='bbox 785 2926 1151 2981; x_wconf 85' lang='lat' dir='ltr'><strong>inductionem</strong></span> <span class='ocrx_word' id='word_1_222' title='bbox 1188 2928 1254 2981; x_wconf 90' lang='lat' dir='ltr'><strong>ad</strong></span> <span class='ocrx_word' id='word_1_223' title='bbox 1289 2927 1471 2981; x_wconf 85' lang='lat' dir='ltr'><strong>tidem.</strong></span> <span class='ocrx_word' id='word_1_224' title='bbox 1510 2925 1710 2981; x_wconf 87' lang='lat' dir='ltr'><strong>Servus</strong></span> <span class='ocrx_word' id='word_1_225' title='bbox 1741 2941 1862 2980; x_wconf 91' lang='lat' dir='ltr'><strong>cum</strong></span> <span class='ocrx_word' id='word_1_226' title='bbox 1883 2940 2034 2982; x_wconf 88' lang='lat' dir='ltr'><strong>esses</strong></span> 
     </span>
    </p>
   </div>
   <div class='ocr_carea' id='block_1_33' title="bbox 444 3017 2035 3088">
    <p class='ocr_par' dir='ltr' id='par_1_33' title="bbox 444 3017 2035 3088">
     <span class='ocr_line' id='line_1_33' title="bbox 444 3017 2035 3088; baseline -0.001 -15"><span class='ocrx_word' id='word_1_227' title='bbox 444 3017 775 3073; x_wconf 78' lang='lat' dir='ltr'><strong>credidisti?</strong></span> <span class='ocrx_word' id='word_1_228' title='bbox 804 3017 997 3072; x_wconf 80' lang='lat' dir='ltr'><strong>anxius</strong></span> <span class='ocrx_word' id='word_1_229' title='bbox 1027 3032 1092 3072; x_wconf 89' lang='lat' dir='ltr'><strong>ne</strong></span> <span class='ocrx_word' id='word_1_230' title='bbox 1119 3018 1218 3084; x_wconf 88' lang='lat' dir='ltr'><strong>sis,</strong></span> <span class='ocrx_word' id='word_1_231' title='bbox 1254 3033 1430 3088; x_wconf 87' lang='lat' dir='ltr'><strong>neque</strong></span> <span class='ocrx_word' id='word_1_232' title='bbox 1461 3018 1820 3088; x_wconf 89' lang='lat' dir='ltr'><strong>perturberis.</strong></span> <span class='ocrx_word' id='word_1_233' title='bbox 1849 3017 2035 3088; x_wconf 87' lang='lat' dir='ltr'><strong>Usque</strong></span> 
     </span>
    </p>
   </div>
   <div class='ocr_carea' id='block_1_34' title="bbox 453 3109 2035 3180">
    <p class='ocr_par' dir='ltr' id='par_1_34' title="bbox 453 3109 2035 3180">
     <span class='ocr_line' id='line_1_34' title="bbox 453 3109 2035 3180; baseline 0.001 -16"><span class='ocrx_word' id='word_1_234' title='bbox 453 3113 591 3166; x_wconf 84' lang='lat' dir='ltr'><strong>adeo</strong></span> <span class='ocrx_word' id='word_1_235' title='bbox 620 3110 763 3164; x_wconf 90' lang='lat' dir='ltr'><strong>enim</strong></span> <span class='ocrx_word' id='word_1_236' title='bbox 791 3123 895 3163; x_wconf 92' lang='lat' dir='ltr'><strong>non</strong></span> <span class='ocrx_word' id='word_1_237' title='bbox 938 3109 1092 3164; x_wconf 90' lang='lat' dir='ltr'><strong>obest</strong></span> <span class='ocrx_word' id='word_1_238' title='bbox 1144 3109 1401 3175; x_wconf 89' lang='lat' dir='ltr'><strong>servitus,</strong></span> <span class='ocrx_word' id='word_1_239' title='bbox 1441 3119 1500 3164; x_wconf 92' lang='lat' dir='ltr'><strong>ut</strong></span> <span class='ocrx_word' id='word_1_240' title='bbox 1533 3111 1736 3180; x_wconf 86' lang='lat' dir='ltr'><strong>potius,</strong></span> <span class='ocrx_word' id='word_1_241' title='bbox 1795 3110 1840 3165; x_wconf 89' lang='lat' dir='ltr'><strong>si</strong></span> <span class='ocrx_word' id='word_1_242' title='bbox 1882 3121 2035 3179; x_wconf 86' lang='lat' dir='ltr'><strong>potes</strong></span> 
     </span>
    </p>
   </div>
   <div class='ocr_carea' id='block_1_35' title="bbox 454 3201 2032 3272">
    <p class='ocr_par' dir='ltr' id='par_1_35' title="bbox 454 3201 2032 3272">
     <span class='ocr_line' id='line_1_35' title="bbox 454 3201 2032 3272; baseline -0.001 -15"><span class='ocrx_word' id='word_1_243' title='bbox 454 3201 592 3257; x_wconf 89' lang='lat' dir='ltr'><strong>liber</strong></span> <span class='ocrx_word' id='word_1_244' title='bbox 621 3201 757 3267; x_wconf 88' lang='lat' dir='ltr'><strong>lleri,</strong></span> <span class='ocrx_word' id='word_1_245' title='bbox 787 3209 980 3256; x_wconf 88' lang='lat' dir='ltr'><strong>utere:</strong></span> <span class='ocrx_word' id='word_1_246' title='bbox 1019 3202 1121 3257; x_wconf 88' lang='lat' dir='ltr'><strong>hoc</strong></span> <span class='ocrx_word' id='word_1_247' title='bbox 1143 3211 1250 3267; x_wconf 86' lang='lat' dir='ltr'><strong>est,</strong></span> <span class='ocrx_word' id='word_1_248' title='bbox 1303 3201 1525 3268; x_wconf 82' lang='lat' dir='ltr'><strong>servito,</strong></span> <span class='ocrx_word' id='word_1_249' title='bbox 1567 3209 1731 3272; x_wconf 89' lang='lat' dir='ltr'><strong>atque</strong></span> <span class='ocrx_word' id='word_1_250' title='bbox 1781 3202 1833 3256; x_wconf 92' lang='lat' dir='ltr'><strong>in</strong></span> <span class='ocrx_word' id='word_1_251' title='bbox 1877 3217 2032 3258; x_wconf 90' lang='lat' dir='ltr'><strong>usum</strong></span> 
     </span>
    </p>
   </div>
   <div class='ocr_carea' id='block_1_36' title="bbox 445 3290 798 3348">
    <p class='ocr_par' dir='ltr' id='par_1_36' title="bbox 445 3290 798 3348">
     <span class='ocr_line' id='line_1_36' title="bbox 445 3290 798 3348; baseline 0 -1"><span class='ocrx_word' id='word_1_252' title='bbox 445 3304 497 3347; x_wconf 87' lang='lat' dir='ltr'><strong>te</strong></span> <span class='ocrx_word' id='word_1_253' title='bbox 527 3290 674 3346; x_wconf 70' lang='lat' dir='ltr'><strong>conft</strong></span> <span class='ocrx_word' id='word_1_254' title='bbox 691 3301 798 3348; x_wconf 90' lang='lat' dir='ltr'><strong>rto.</strong></span> 
     </span>
    </p>
   </div>
   <div class='ocr_carea' id='block_1_37' title="bbox 518 3380 2033 3448">
    <p class='ocr_par' dir='ltr' id='par_1_37' title="bbox 518 3380 2033 3448">
     <span class='ocr_line' id='line_1_37' title="bbox 518 3380 2033 3448; baseline -0.001 -9"><span class='ocrx_word' id='word_1_255' title='bbox 518 3384 677 3439; x_wconf 75' lang='lat' dir='ltr'><strong>Vens.</strong></span> <span class='ocrx_word' id='word_1_256' title='bbox 698 3382 788 3436; x_wconf 76' lang='grc'><strong>22.</strong></span> <span class='ocrx_word' id='word_1_257' title='bbox 815 3399 835 3435; x_wconf 81' lang='grc' dir='ltr'><strong>ι</strong></span> <span class='ocrx_word' id='word_1_258' title='bbox 864 3380 961 3448; x_wconf 87' lang='lat' dir='ltr'><strong>Qui</strong></span> <span class='ocrx_word' id='word_1_259' title='bbox 983 3381 1126 3436; x_wconf 91' lang='lat' dir='ltr'><strong>enim</strong></span> <span class='ocrx_word' id='word_1_260' title='bbox 1149 3381 1202 3436; x_wconf 92' lang='lat' dir='ltr'><strong>in</strong></span> <span class='ocrx_word' id='word_1_261' title='bbox 1228 3380 1453 3437; x_wconf 86' lang='lat' dir='ltr'><strong>Domino</strong></span> <span class='ocrx_word' id='word_1_262' title='bbox 1473 3390 1694 3438; x_wconf 84' lang='lat' dir='ltr'><strong>vocatus</strong></span> <span class='ocrx_word' id='word_1_263' title='bbox 1715 3389 1797 3436; x_wconf 88' lang='lat' dir='ltr'><strong>est</strong></span> <span class='ocrx_word' id='word_1_264' title='bbox 1822 3394 2033 3448; x_wconf 86' lang='lat' dir='ltr'><strong>servus,</strong></span> 
     </span>
    </p>
   </div>
   <div class='ocr_carea' id='block_1_38' title="bbox 442 3475 2031 3547">
    <p class='ocr_par' dir='ltr' id='par_1_38' title="bbox 442 3475 2031 3547">
     <span class='ocr_line' id='line_1_38' title="bbox 442 3475 2031 3547; baseline 0.001 -15"><span class='ocrx_word' id='word_1_265' title='bbox 442 3477 675 3532; x_wconf 88' lang='lat' dir='ltr'><strong>libertus</strong></span> <span class='ocrx_word' id='word_1_266' title='bbox 706 3492 788 3531; x_wconf 85' lang='grc' dir='ltr'><strong>εει</strong></span> <span class='ocrx_word' id='word_1_267' title='bbox 821 3475 1032 3530; x_wconf 86' lang='lat' dir='ltr'><strong>Domini</strong></span> <span class='ocrx_word' id='word_1_268' title='bbox 1071 3493 1084 3527; x_wconf 92' lang='lat'><strong>:</strong></span> <span class='ocrx_word' id='word_1_269' title='bbox 1121 3476 1373 3532; x_wconf 88' lang='lat' dir='ltr'><strong>similiter</strong></span> <span class='ocrx_word' id='word_1_270' title='bbox 1399 3479 1492 3547; x_wconf 91' lang='lat' dir='ltr'><strong>qui</strong></span> <span class='ocrx_word' id='word_1_271' title='bbox 1523 3478 1657 3532; x_wconf 90' lang='lat' dir='ltr'><strong>liber</strong></span> <span class='ocrx_word' id='word_1_272' title='bbox 1677 3488 1901 3532; x_wconf 81' lang='lat' dir='ltr'><strong>vocatus</strong></span> <span class='ocrx_word' id='word_1_273' title='bbox 1927 3487 2031 3541; x_wconf 90' lang='lat' dir='ltr'><strong>est,</strong></span> 
     </span>
    </p>
   </div>
   <div class='ocr_carea' id='block_1_39' title="bbox 447 3567 2034 3639">
    <p class='ocr_par' dir='ltr' id='par_1_39' title="bbox 447 3567 2034 3639">
     <span class='ocr_line' id='line_1_39' title="bbox 447 3567 2034 3639; baseline 0 -15"><span class='ocrx_word' id='word_1_274' title='bbox 447 3585 642 3626; x_wconf 87' lang='lat' dir='ltr'><strong>servus</strong></span> <span class='ocrx_word' id='word_1_275' title='bbox 672 3578 753 3624; x_wconf 90' lang='lat' dir='ltr'><strong>est</strong></span> <span class='ocrx_word' id='word_1_276' title='bbox 783 3569 1009 3625; x_wconf 88' lang='lat' dir='ltr'><strong>Christi.</strong></span> <span class='ocrx_word' id='word_1_277' title='bbox 1054 3587 1073 3622; x_wconf 72' lang='grc' dir='ltr'><strong>ι</strong></span> <span class='ocrx_word' id='word_1_278' title='bbox 1119 3567 1374 3624; x_wconf 78' lang='lat' dir='ltr'><strong>Libertus</strong></span> <span class='ocrx_word' id='word_1_279' title='bbox 1403 3570 1620 3635; x_wconf 87' lang='lat' dir='ltr'><strong>dicitur,</strong></span> <span class='ocrx_word' id='word_1_280' title='bbox 1647 3569 1738 3639; x_wconf 92' lang='lat' dir='ltr'><strong>qui</strong></span> <span class='ocrx_word' id='word_1_281' title='bbox 1773 3571 2034 3626; x_wconf 86' lang='lat' dir='ltr'><strong>servitute</strong></span> 
     </span>
    </p>
   </div>
   <div class='ocr_carea' id='block_1_40' title="bbox 443 3659 2033 3732">
    <p class='ocr_par' dir='ltr' id='par_1_40' title="bbox 443 3659 2033 3732">
     <span class='ocr_line' id='line_1_40' title="bbox 443 3659 2033 3732; baseline -0.001 -16"><span class='ocrx_word' id='word_1_282' title='bbox 443 3661 728 3716; x_wconf 85' lang='lat' dir='ltr'><strong>liberatur.</strong></span> <span class='ocrx_word' id='word_1_283' title='bbox 755 3661 928 3732; x_wconf 89' lang='lat' dir='ltr'><strong>lnquit</strong></span> <span class='ocrx_word' id='word_1_284' title='bbox 958 3661 1121 3730; x_wconf 76' lang='lat' dir='ltr'><strong>igitur</strong></span> <span class='ocrx_word' id='word_1_285' title='bbox 1169 3677 1185 3716; x_wconf 88' lang='lat'><strong>:</strong></span> <span class='ocrx_word' id='word_1_286' title='bbox 1223 3659 1302 3714; x_wconf 91' lang='lat' dir='ltr'><strong>Tu</strong></span> <span class='ocrx_word' id='word_1_287' title='bbox 1335 3659 1448 3730; x_wconf 91' lang='lat' dir='ltr'><strong>qui,</strong></span> <span class='ocrx_word' id='word_1_288' title='bbox 1489 3676 1612 3715; x_wconf 88' lang='lat' dir='ltr'><strong>cum</strong></span> <span class='ocrx_word' id='word_1_289' title='bbox 1667 3663 1720 3714; x_wconf 91' lang='lat' dir='ltr'><strong>in</strong></span> <span class='ocrx_word' id='word_1_290' title='bbox 1774 3662 2033 3715; x_wconf 86' lang='lat' dir='ltr'><strong>servitute</strong></span> 
     </span>
    </p>
   </div>
   <div class='ocr_carea' id='block_1_41' title="bbox 445 3751 2032 3818">
    <p class='ocr_par' dir='ltr' id='par_1_41' title="bbox 445 3751 2032 3818">
     <span class='ocr_line' id='line_1_41' title="bbox 445 3751 2032 3818; baseline 0.001 -11"><span class='ocrx_word' id='word_1_291' title='bbox 445 3767 714 3818; x_wconf 77' lang='lat' dir='ltr'><strong>maneres,</strong></span> <span class='ocrx_word' id='word_1_292' title='bbox 775 3753 1051 3808; x_wconf 90' lang='lat' dir='ltr'><strong>credidisti</strong></span> <span class='ocrx_word' id='word_1_293' title='bbox 1090 3754 1142 3808; x_wconf 91' lang='lat' dir='ltr'><strong>in</strong></span> <span class='ocrx_word' id='word_1_294' title='bbox 1196 3753 1495 3814; x_wconf 87' lang='lat' dir='ltr'><strong>Christum,</strong></span> <span class='ocrx_word' id='word_1_295' title='bbox 1533 3753 1759 3808; x_wconf 87' lang='lat' dir='ltr'><strong>libertus</strong></span> <span class='ocrx_word' id='word_1_296' title='bbox 1807 3751 2032 3808; x_wconf 72' lang='lat' dir='ltr'><strong>elfectus</strong></span> 
     </span>
    </p>
   </div>
   <div class='ocr_carea' id='block_1_42' title="bbox 337 3842 2029 3912">
    <p class='ocr_par' dir='ltr' id='par_1_42' title="bbox 337 3842 2029 3912">
     <span class='ocr_line' id='line_1_42' title="bbox 337 3842 2029 3912; baseline 0.001 -16"><span class='ocrx_word' id='word_1_297' title='bbox 337 3857 350 3873; x_wconf 77' lang='grc' dir='ltr'><strong><em>ο</em></strong></span> <span class='ocrx_word' id='word_1_298' title='bbox 438 3857 501 3898; x_wconf 87' lang='lat' dir='ltr'><strong>es</strong></span> <span class='ocrx_word' id='word_1_299' title='bbox 533 3843 739 3898; x_wconf 88' lang='lat' dir='ltr'><strong>Christi</strong></span> <span class='ocrx_word' id='word_1_300' title='bbox 776 3860 790 3897; x_wconf 91' lang='lat'><strong>:</strong></span> <span class='ocrx_word' id='word_1_301' title='bbox 850 3842 1270 3897; x_wconf 87' lang='lat' dir='ltr'><strong>liberavitenirn</strong></span> <span class='ocrx_word' id='word_1_302' title='bbox 1305 3842 1395 3897; x_wconf 89' lang='lat' dir='ltr'><strong>hic</strong></span> <span class='ocrx_word' id='word_1_303' title='bbox 1456 3851 1509 3895; x_wconf 93' lang='lat' dir='ltr'><strong>te</strong></span> <span class='ocrx_word' id='word_1_304' title='bbox 1553 3852 1662 3895; x_wconf 91' lang='lat' dir='ltr'><strong>tum</strong></span> <span class='ocrx_word' id='word_1_305' title='bbox 1705 3857 1734 3896; x_wconf 89' lang='lat' dir='ltr'><strong>a</strong></span> <span class='ocrx_word' id='word_1_306' title='bbox 1783 3853 2029 3912; x_wconf 88' lang='lat' dir='ltr'><strong>peccato,</strong></span> 
     </span>
    </p>
   </div>
   <div class='ocr_carea' id='block_1_43' title="bbox 446 3933 2026 4000">
    <p class='ocr_par' dir='ltr' id='par_1_43' title="bbox 446 3933 2026 4000">
     <span class='ocr_line' id='line_1_43' title="bbox 446 3933 2026 4000; baseline 0.001 -14"><span class='ocrx_word' id='word_1_307' title='bbox 446 3947 558 3988; x_wconf 85' lang='lat' dir='ltr'><strong>tum</strong></span> <span class='ocrx_word' id='word_1_308' title='bbox 594 3933 660 3987; x_wconf 83' lang='lat' dir='ltr'><strong>ab</strong></span> <span class='ocrx_word' id='word_1_309' title='bbox 693 3935 794 3987; x_wconf 90' lang='lat' dir='ltr'><strong>ista</strong></span> <span class='ocrx_word' id='word_1_310' title='bbox 845 3936 1105 3988; x_wconf 87' lang='lat' dir='ltr'><strong>servitute</strong></span> <span class='ocrx_word' id='word_1_311' title='bbox 1135 3935 1426 4000; x_wconf 79' lang='lat' dir='ltr'><strong>exteriore,</strong></span> <span class='ocrx_word' id='word_1_312' title='bbox 1457 3933 1670 3988; x_wconf 85' lang='lat' dir='ltr'><strong>tametsi</strong></span> <span class='ocrx_word' id='word_1_313' title='bbox 1722 3950 1912 3989; x_wconf 90' lang='lat' dir='ltr'><strong>servus</strong></span> <span class='ocrx_word' id='word_1_314' title='bbox 1932 3935 2026 3990; x_wconf 88' lang='lat' dir='ltr'><strong>sis.</strong></span> 
     </span>
    </p>
   </div>
   <div class='ocr_carea' id='block_1_44' title="bbox 438 4023 2029 4092">
    <p class='ocr_par' dir='ltr' id='par_1_44' title="bbox 438 4023 2029 4092">
     <span class='ocr_line' id='line_1_44' title="bbox 438 4023 2029 4092; baseline -0.001 -12"><span class='ocrx_word' id='word_1_315' title='bbox 438 4026 576 4080; x_wconf 87' lang='lat' dir='ltr'><strong>Cum</strong></span> <span class='ocrx_word' id='word_1_316' title='bbox 611 4041 755 4080; x_wconf 82' lang='lat' dir='ltr'><strong>enim</strong></span> <span class='ocrx_word' id='word_1_317' title='bbox 793 4025 914 4090; x_wconf 86' lang='lat' dir='ltr'><strong>quis</strong></span> <span class='ocrx_word' id='word_1_318' title='bbox 949 4027 1021 4080; x_wconf 88' lang='lat' dir='ltr'><strong>ab</strong></span> <span class='ocrx_word' id='word_1_319' title='bbox 1046 4023 1332 4079; x_wconf 75' lang='lat' dir='ltr'><strong>affectibus</strong></span> <span class='ocrx_word' id='word_1_320' title='bbox 1353 4024 1634 4092; x_wconf 89' lang='lat' dir='ltr'><strong>liberatur,</strong></span> <span class='ocrx_word' id='word_1_321' title='bbox 1669 4035 1723 4078; x_wconf 91' lang='lat' dir='ltr'><strong>et</strong></span> <span class='ocrx_word' id='word_1_322' title='bbox 1751 4026 1913 4080; x_wconf 89' lang='lat' dir='ltr'><strong>animi</strong></span> <span class='ocrx_word' id='word_1_323' title='bbox 1948 4028 2029 4079; x_wconf 85' lang='lat' dir='ltr'><strong>iti-</strong></span> 
     </span>
    </p>
   </div>
   <div class='ocr_carea' id='block_1_45' title="bbox 439 4113 2025 4185">
    <p class='ocr_par' dir='ltr' id='par_1_45' title="bbox 439 4113 2025 4185">
     <span class='ocr_line' id='line_1_45' title="bbox 439 4113 2025 4185; baseline 0 -16"><span class='ocrx_word' id='word_1_324' title='bbox 439 4117 715 4185; x_wconf 71' lang='lat' dir='ltr'><strong>gcnuitate</strong></span> <span class='ocrx_word' id='word_1_325' title='bbox 777 4115 999 4184; x_wconf 88' lang='lat' dir='ltr'><strong>potitur,</strong></span> <span class='ocrx_word' id='word_1_326' title='bbox 1066 4121 1287 4168; x_wconf 91' lang='lat' dir='ltr'><strong>nonest</strong></span> <span class='ocrx_word' id='word_1_327' title='bbox 1337 4128 1547 4178; x_wconf 87' lang='lat' dir='ltr'><strong>servus,</strong></span> <span class='ocrx_word' id='word_1_328' title='bbox 1608 4113 1708 4168; x_wconf 92' lang='lat' dir='ltr'><strong>etsi</strong></span> <span class='ocrx_word' id='word_1_329' title='bbox 1756 4114 2025 4169; x_wconf 85' lang='lat' dir='ltr'><strong>videatur.</strong></span> 
     </span>
    </p>
   </div>
   <div class='ocr_carea' id='block_1_46' title="bbox 441 4204 2026 4276">
    <p class='ocr_par' dir='ltr' id='par_1_46' title="bbox 441 4204 2026 4276">
     <span class='ocr_line' id='line_1_46' title="bbox 441 4204 2026 4276; baseline -0.002 -16"><span class='ocrx_word' id='word_1_330' title='bbox 441 4205 679 4272; x_wconf 77' lang='lat' dir='ltr'><strong>Rursus,</strong></span> <span class='ocrx_word' id='word_1_331' title='bbox 711 4207 849 4260; x_wconf 86' lang='lat' dir='ltr'><strong>alius</strong></span> <span class='ocrx_word' id='word_1_332' title='bbox 905 4205 1197 4276; x_wconf 81' lang='lat' dir='ltr'><strong>quispiam,</strong></span> <span class='ocrx_word' id='word_1_333' title='bbox 1231 4204 1369 4258; x_wconf 89' lang='lat' dir='ltr'><strong>liber</strong></span> <span class='ocrx_word' id='word_1_334' title='bbox 1389 4219 1508 4259; x_wconf 88' lang='lat' dir='ltr'><strong>cum</strong></span> <span class='ocrx_word' id='word_1_335' title='bbox 1551 4215 1716 4270; x_wconf 84' lang='lat' dir='ltr'><strong>esset,</strong></span> <span class='ocrx_word' id='word_1_336' title='bbox 1747 4205 1813 4259; x_wconf 89' lang='lat' dir='ltr'><strong>ad</strong></span> <span class='ocrx_word' id='word_1_337' title='bbox 1868 4205 2026 4260; x_wconf 86' lang='lat' dir='ltr'><strong>tidem</strong></span> 
     </span>
    </p>
   </div>
   <div class='ocr_carea' id='block_1_47' title="bbox 441 4296 2024 4366">
    <p class='ocr_par' dir='ltr' id='par_1_47' title="bbox 441 4296 2024 4366">
     <span class='ocr_line' id='line_1_47' title="bbox 441 4296 2024 4366; baseline -0.002 -13"><span class='ocrx_word' id='word_1_338' title='bbox 441 4310 687 4366; x_wconf 82' lang='lat' dir='ltr'><strong>vocatus,</strong></span> <span class='ocrx_word' id='word_1_339' title='bbox 723 4299 924 4354; x_wconf 80' lang='lat' dir='ltr'><strong>Christi</strong></span> <span class='ocrx_word' id='word_1_340' title='bbox 951 4313 1144 4352; x_wconf 87' lang='lat' dir='ltr'><strong>servus</strong></span> <span class='ocrx_word' id='word_1_341' title='bbox 1165 4296 1417 4352; x_wconf 80' lang='lat' dir='ltr'><strong>cﬂicitur.</strong></span> <span class='ocrx_word' id='word_1_342' title='bbox 1455 4296 1641 4366; x_wconf 84' lang='lat' dir='ltr'><strong>Itaque</strong></span> <span class='ocrx_word' id='word_1_343' title='bbox 1673 4297 1718 4352; x_wconf 90' lang='lat' dir='ltr'><strong>si</strong></span> <span class='ocrx_word' id='word_1_344' title='bbox 1745 4297 2024 4352; x_wconf 71' lang='lat' dir='ltr'><strong>servitutis</strong></span> 
     </span>
    </p>
   </div>
   <div class='ocr_carea' id='block_1_48' title="bbox 444 4377 2026 4459">
    <p class='ocr_par' dir='ltr' id='par_1_48' title="bbox 444 4377 2026 4459">
     <span class='ocr_line' id='line_1_48' title="bbox 444 4377 2026 4459; baseline 0 -15"><span class='ocrx_word' id='word_1_345' title='bbox 444 4406 641 4444; x_wconf 88' lang='lat' dir='ltr'><strong>nomen</strong></span> <span class='ocrx_word' id='word_1_346' title='bbox 710 4404 928 4443; x_wconf 73' lang='lat' dir='ltr'><strong>servum</strong></span> <span class='ocrx_word' id='word_1_347' title='bbox 969 4377 1272 4453; x_wconf 8' lang='lat' dir='ltr'><strong>iobturbat,</strong></span> <span class='ocrx_word' id='word_1_348' title='bbox 1318 4389 1580 4459; x_wconf 81' lang='lat' dir='ltr'><strong>intelligat</strong></span> <span class='ocrx_word' id='word_1_349' title='bbox 1609 4404 1666 4444; x_wconf 88' lang='lat' dir='ltr'><strong>se</strong></span> <span class='ocrx_word' id='word_1_350' title='bbox 1700 4391 1752 4443; x_wconf 92' lang='lat' dir='ltr'><strong>in</strong></span> <span class='ocrx_word' id='word_1_351' title='bbox 1809 4390 2026 4444; x_wconf 83' lang='lat' dir='ltr'><strong>Christo</strong></span> 
     </span>
    </p>
   </div>
   <div class='ocr_carea' id='block_1_49' title="bbox 439 4481 2026 4550">
    <p class='ocr_par' dir='ltr' id='par_1_49' title="bbox 439 4481 2026 4550">
     <span class='ocr_line' id='line_1_49' title="bbox 439 4481 2026 4550; baseline 0.001 -15"><span class='ocrx_word' id='word_1_352' title='bbox 439 4482 726 4536; x_wconf 83' lang='lat' dir='ltr'><strong>liberatum</strong></span> <span class='ocrx_word' id='word_1_353' title='bbox 766 4497 887 4537; x_wconf 89' lang='lat' dir='ltr'><strong>esse</strong></span> <span class='ocrx_word' id='word_1_354' title='bbox 929 4500 943 4536; x_wconf 87' lang='lat'><strong>:</strong></span> <span class='ocrx_word' id='word_1_355' title='bbox 985 4482 1130 4550; x_wconf 88' lang='lat' dir='ltr'><strong>quod</strong></span> <span class='ocrx_word' id='word_1_356' title='bbox 1161 4482 1320 4548; x_wconf 73' lang='lat' dir='ltr'><strong>longe</strong></span> <span class='ocrx_word' id='word_1_357' title='bbox 1375 4488 1460 4535; x_wconf 86' lang='lat' dir='ltr'><strong>est</strong></span> <span class='ocrx_word' id='word_1_358' title='bbox 1490 4483 1723 4535; x_wconf 87' lang='lat' dir='ltr'><strong>humana</strong></span> <span class='ocrx_word' id='word_1_359' title='bbox 1779 4481 2026 4538; x_wconf 88' lang='lat' dir='ltr'><strong>libertate</strong></span> 
     </span>
    </p>
   </div>
   <div class='ocr_carea' id='block_1_50' title="bbox 437 4575 2020 4647">
    <p class='ocr_par' dir='ltr' id='par_1_50' title="bbox 437 4575 2020 4647">
     <span class='ocr_line' id='line_1_50' title="bbox 437 4575 2020 4647; baseline -0.002 -17"><span class='ocrx_word' id='word_1_360' title='bbox 437 4578 809 4647; x_wconf 64' lang='lat' dir='ltr'><strong>praestantius.</strong></span> <span class='ocrx_word' id='word_1_361' title='bbox 875 4577 1067 4642; x_wconf 82' lang='lat' dir='ltr'><strong>Porro,</strong></span> <span class='ocrx_word' id='word_1_362' title='bbox 1128 4576 1174 4632; x_wconf 87' lang='lat' dir='ltr'><strong>si</strong></span> <span class='ocrx_word' id='word_1_363' title='bbox 1233 4575 1494 4630; x_wconf 86' lang='lat' dir='ltr'><strong>libertatis</strong></span> <span class='ocrx_word' id='word_1_364' title='bbox 1548 4589 1738 4628; x_wconf 84' lang='lat' dir='ltr'><strong>nomen</strong></span> <span class='ocrx_word' id='word_1_365' title='bbox 1793 4575 2020 4628; x_wconf 86' lang='lat' dir='ltr'><strong>liberum</strong></span> 
     </span>
    </p>
   </div>
   <div class='ocr_carea' id='block_1_51' title="bbox 402 4654 2022 4740">
    <p class='ocr_par' dir='ltr' id='par_1_51' title="bbox 402 4654 2022 4740">
     <span class='ocr_line' id='line_1_51' title="bbox 402 4654 2022 4740; baseline -0.001 -15"><span class='ocrx_word' id='word_1_366' title='bbox 402 4654 656 4734; x_wconf 52' lang='lat' dir='ltr'><strong>&#39;attollit,</strong></span> <span class='ocrx_word' id='word_1_367' title='bbox 699 4669 958 4740; x_wconf 73' lang='lat' dir='ltr'><strong>intelligat</strong></span> <span class='ocrx_word' id='word_1_368' title='bbox 991 4671 1132 4724; x_wconf 89' lang='lat' dir='ltr'><strong>idem</strong></span> <span class='ocrx_word' id='word_1_369' title='bbox 1163 4683 1222 4724; x_wconf 90' lang='lat' dir='ltr'><strong>se</strong></span> <span class='ocrx_word' id='word_1_370' title='bbox 1243 4668 1441 4723; x_wconf 90' lang='lat' dir='ltr'><strong>Christi</strong></span> <span class='ocrx_word' id='word_1_371' title='bbox 1475 4681 1690 4722; x_wconf 88' lang='lat' dir='ltr'><strong>servum</strong></span> <span class='ocrx_word' id='word_1_372' title='bbox 1759 4679 1900 4732; x_wconf 86' lang='lat' dir='ltr'><strong>esse,</strong></span> <span class='ocrx_word' id='word_1_373' title='bbox 1966 4679 2022 4723; x_wconf 88' lang='lat' dir='ltr'><strong>et</strong></span> 
     </span>
    </p>
   </div>
   <div class='ocr_carea' id='block_1_52' title="bbox 436 4758 2017 4829">
    <p class='ocr_par' dir='ltr' id='par_1_52' title="bbox 436 4758 2017 4829">
     <span class='ocr_line' id='line_1_52' title="bbox 436 4758 2017 4829; baseline -0.002 -14"><span class='ocrx_word' id='word_1_374' title='bbox 436 4760 850 4829; x_wconf 87' lang='lat' dir='ltr'><strong>c0mprimatur,</strong></span> <span class='ocrx_word' id='word_1_375' title='bbox 883 4771 1067 4828; x_wconf 87' lang='lat' dir='ltr'><strong>utpote</strong></span> <span class='ocrx_word' id='word_1_376' title='bbox 1095 4760 1186 4829; x_wconf 82' lang='lat' dir='ltr'><strong>qui</strong></span> <span class='ocrx_word' id='word_1_377' title='bbox 1218 4759 1352 4814; x_wconf 82' lang='lat' dir='ltr'><strong>tanti</strong></span> <span class='ocrx_word' id='word_1_378' title='bbox 1383 4758 1594 4813; x_wconf 89' lang='lat' dir='ltr'><strong>Domini</strong></span> <span class='ocrx_word' id='word_1_379' title='bbox 1616 4758 1806 4829; x_wconf 82' lang='lat' dir='ltr'><strong>jugum</strong></span> <span class='ocrx_word' id='word_1_380' title='bbox 1829 4759 2017 4812; x_wconf 89' lang='lat' dir='ltr'><strong>subie-</strong></span> 
     </span>
    </p>
   </div>
   <div class='ocr_carea' id='block_1_53' title="bbox 439 4851 2017 4925">
    <p class='ocr_par' dir='ltr' id='par_1_53' title="bbox 439 4851 2017 4925">
     <span class='ocr_line' id='line_1_53' title="bbox 439 4851 2017 4925; baseline -0.003 -17"><span class='ocrx_word' id='word_1_381' title='bbox 439 4857 528 4922; x_wconf 88' lang='lat' dir='ltr'><strong>rit,</strong></span> <span class='ocrx_word' id='word_1_382' title='bbox 567 4855 772 4925; x_wconf 88' lang='lat' dir='ltr'><strong>ipsique</strong></span> <span class='ocrx_word' id='word_1_383' title='bbox 791 4856 1002 4924; x_wconf 83' lang='lat' dir='ltr'><strong>placere</strong></span> <span class='ocrx_word' id='word_1_384' title='bbox 1019 4855 1282 4909; x_wconf 85' lang='lat' dir='ltr'><strong>debuerit.</strong></span> <span class='ocrx_word' id='word_1_385' title='bbox 1307 4851 1496 4906; x_wconf 78' lang='lat' dir='ltr'><strong>V&#39;iden’</strong></span> <span class='ocrx_word' id='word_1_386' title='bbox 1520 4866 1680 4920; x_wconf 86' lang='lat' dir='ltr'><strong>quam</strong></span> <span class='ocrx_word' id='word_1_387' title='bbox 1723 4851 2017 4920; x_wconf 87' lang='lat' dir='ltr'><strong>prudenter</strong></span> 
     </span>
    </p>
   </div>
   <div class='ocr_carea' id='block_1_54' title="bbox 437 4946 2015 5018">
    <p class='ocr_par' dir='ltr' id='par_1_54' title="bbox 437 4946 2015 5018">
     <span class='ocr_line' id='line_1_54' title="bbox 437 4946 2015 5018; baseline -0.004 -16"><span class='ocrx_word' id='word_1_388' title='bbox 437 4949 749 5018; x_wconf 79' lang='lat' dir='ltr'><strong>Apostolus,</strong></span> <span class='ocrx_word' id='word_1_389' title='bbox 782 4963 902 5018; x_wconf 76' lang='lat' dir='ltr'><strong>qua:</strong></span> <span class='ocrx_word' id='word_1_390' title='bbox 937 4946 1472 5017; x_wconf 51' lang='lat' dir='ltr'><strong>utramquﬁdeceaut</strong></span> <span class='ocrx_word' id='word_1_391' title='bbox 1499 4955 1729 5016; x_wconf 89' lang='lat' dir='ltr'><strong>partem,</strong></span> <span class='ocrx_word' id='word_1_392' title='bbox 1773 4956 2015 4998; x_wconf 89' lang='lat' dir='ltr'><strong>commo-</strong></span> 
     </span>
    </p>
   </div>
   <div class='ocr_carea' id='block_1_55' title="bbox 439 5038 723 5094">
    <p class='ocr_par' dir='ltr' id='par_1_55' title="bbox 439 5038 723 5094">
     <span class='ocr_line' id='line_1_55' title="bbox 439 5038 723 5094; baseline 0 0"><span class='ocrx_word' id='word_1_393' title='bbox 439 5038 676 5094; x_wconf 70' lang='lat' dir='ltr'><strong>nclaciut</strong></span> <span class='ocrx_word' id='word_1_394' title='bbox 699 5040 723 5094; x_wconf 88' lang='lat'><strong>?</strong></span> 
     </span>
    </p>
   </div>
   <div class='ocr_carea' id='block_1_56' title="bbox 511 5127 2016 5200">
    <p class='ocr_par' dir='ltr' id='par_1_56' title="bbox 511 5127 2016 5200">
     <span class='ocr_line' id='line_1_56' title="bbox 511 5127 2016 5200; baseline -0.006 -12"><span class='ocrx_word' id='word_1_395' title='bbox 511 5131 874 5197; x_wconf 73' lang='lat' dir='ltr'><strong>Vens.‘25,2l.</strong></span> <span class='ocrx_word' id='word_1_396' title='bbox 907 5149 925 5184; x_wconf 81' lang='grc' dir='ltr'><strong>ι</strong></span> <span class='ocrx_word' id='word_1_397' title='bbox 951 5130 1133 5186; x_wconf 74' lang='lat' dir='ltr'><strong>Pretio</strong></span> <span class='ocrx_word' id='word_1_398' title='bbox 1158 5132 1321 5200; x_wconf 88' lang='lat' dir='ltr'><strong>empti</strong></span> <span class='ocrx_word' id='word_1_399' title='bbox 1339 5130 1492 5193; x_wconf 84' lang='lat' dir='ltr'><strong>estis,</strong></span> <span class='ocrx_word' id='word_1_400' title='bbox 1513 5128 1699 5183; x_wconf 87' lang='lat' dir='ltr'><strong>nolite</strong></span> <span class='ocrx_word' id='word_1_401' title='bbox 1727 5127 1841 5183; x_wconf 79' lang='lat' dir='ltr'><strong>ﬁeri</strong></span> <span class='ocrx_word' id='word_1_402' title='bbox 1874 5127 2016 5181; x_wconf 85' lang='lat' dir='ltr'><strong>servi</strong></span> 
     </span>
    </p>
   </div>
   <div class='ocr_carea' id='block_1_57' title="bbox 441 5216 2018 5293">
    <p class='ocr_par' dir='ltr' id='par_1_57' title="bbox 441 5216 2018 5293">
     <span class='ocr_line' id='line_1_57' title="bbox 441 5216 2018 5293; baseline -0.006 -13"><span class='ocrx_word' id='word_1_403' title='bbox 441 5226 738 5280; x_wconf 88' lang='lat' dir='ltr'><strong>hominum.</strong></span> <span class='ocrx_word' id='word_1_404' title='bbox 777 5221 1162 5293; x_wconf 87' lang='lat' dir='ltr'><strong>Unusquisque</strong></span> <span class='ocrx_word' id='word_1_405' title='bbox 1191 5221 1245 5275; x_wconf 92' lang='lat' dir='ltr'><strong>in</strong></span> <span class='ocrx_word' id='word_1_406' title='bbox 1276 5235 1384 5290; x_wconf 89' lang='lat' dir='ltr'><strong>quo</strong></span> <span class='ocrx_word' id='word_1_407' title='bbox 1417 5230 1637 5274; x_wconf 86' lang='lat' dir='ltr'><strong>vocatus</strong></span> <span class='ocrx_word' id='word_1_408' title='bbox 1672 5227 1776 5283; x_wconf 90' lang='lat' dir='ltr'><strong>est,</strong></span> <span class='ocrx_word' id='word_1_409' title='bbox 1797 5216 2018 5281; x_wconf 82' lang='lat' dir='ltr'><strong>fratres,</strong></span> 
     </span>
    </p>
   </div>
   <div class='ocr_carea' id='block_1_58' title="bbox 440 5306 2008 5384">
    <p class='ocr_par' dir='ltr' id='par_1_58' title="bbox 440 5306 2008 5384">
     <span class='ocr_line' id='line_1_58' title="bbox 440 5306 2008 5384; baseline -0.006 -14"><span class='ocrx_word' id='word_1_410' title='bbox 440 5316 496 5370; x_wconf 92' lang='lat' dir='ltr'><strong>in</strong></span> <span class='ocrx_word' id='word_1_411' title='bbox 526 5329 592 5370; x_wconf 90' lang='lat' dir='ltr'><strong>eo</strong></span> <span class='ocrx_word' id='word_1_412' title='bbox 615 5325 933 5384; x_wconf 86' lang='lat' dir='ltr'><strong>permaneat</strong></span> <span class='ocrx_word' id='word_1_413' title='bbox 960 5313 1098 5384; x_wconf 81' lang='lat' dir='ltr'><strong>apud</strong></span> <span class='ocrx_word' id='word_1_414' title='bbox 1127 5311 1316 5366; x_wconf 88' lang='lat' dir='ltr'><strong>Deum.</strong></span> <span class='ocrx_word' id='word_1_415' title='bbox 1357 5327 1374 5360; x_wconf 78' lang='grc' dir='ltr'><strong>ι</strong></span> <span class='ocrx_word' id='word_1_416' title='bbox 1406 5307 1525 5364; x_wconf 87' lang='lat' dir='ltr'><strong>Non</strong></span> <span class='ocrx_word' id='word_1_417' title='bbox 1563 5309 1735 5364; x_wconf 89' lang='lat' dir='ltr'><strong>solum</strong></span> <span class='ocrx_word' id='word_1_418' title='bbox 1775 5306 1842 5362; x_wconf 90' lang='lat' dir='ltr'><strong>ad</strong></span> <span class='ocrx_word' id='word_1_419' title='bbox 1890 5321 2008 5362; x_wconf 86' lang='lat' dir='ltr'><strong>ser-</strong></span> 
     </span>
    </p>
   </div>
   <div class='ocr_carea' id='block_1_59' title="bbox 437 5399 2010 5472">
    <p class='ocr_par' dir='ltr' id='par_1_59' title="bbox 437 5399 2010 5472">
     <span class='ocr_line' id='line_1_59' title="bbox 437 5399 2010 5472; baseline -0.007 -9"><span class='ocrx_word' id='word_1_420' title='bbox 437 5421 534 5463; x_wconf 77' lang='lat' dir='ltr'><strong>vos</strong></span> <span class='ocrx_word' id='word_1_421' title='bbox 559 5407 658 5462; x_wconf 86' lang='lat' dir='ltr'><strong>hoc</strong></span> <span class='ocrx_word' id='word_1_422' title='bbox 676 5409 828 5472; x_wconf 86' lang='lat' dir='ltr'><strong>dicit,</strong></span> <span class='ocrx_word' id='word_1_423' title='bbox 856 5407 950 5462; x_wconf 83' lang='lat' dir='ltr'><strong>sed</strong></span> <span class='ocrx_word' id='word_1_424' title='bbox 983 5406 1146 5461; x_wconf 88' lang='lat' dir='ltr'><strong>etiam</strong></span> <span class='ocrx_word' id='word_1_425' title='bbox 1171 5403 1238 5458; x_wconf 92' lang='lat' dir='ltr'><strong>ad</strong></span> <span class='ocrx_word' id='word_1_426' title='bbox 1268 5402 1500 5456; x_wconf 87' lang='lat' dir='ltr'><strong>liberos:</strong></span> <span class='ocrx_word' id='word_1_427' title='bbox 1534 5410 1587 5456; x_wconf 91' lang='grc' dir='ltr'><strong>ει</strong></span> <span class='ocrx_word' id='word_1_428' title='bbox 1611 5399 1893 5455; x_wconf 86' lang='lat' dir='ltr'><strong>universos</strong></span> <span class='ocrx_word' id='word_1_429' title='bbox 1928 5399 2010 5453; x_wconf 92' lang='lat' dir='ltr'><strong>in-</strong></span> 
     </span>
    </p>
   </div>
   <div class='ocr_carea' id='block_1_60' title="bbox 436 5490 2008 5564">
    <p class='ocr_par' dir='ltr' id='par_1_60' title="bbox 436 5490 2008 5564">
     <span class='ocr_line' id='line_1_60' title="bbox 436 5490 2008 5564; baseline -0.008 -9"><span class='ocrx_word' id='word_1_430' title='bbox 436 5499 618 5555; x_wconf 79' lang='lat' dir='ltr'><strong>stituit</strong></span> <span class='ocrx_word' id='word_1_431' title='bbox 653 5498 1015 5564; x_wconf 86' lang='lat' dir='ltr'><strong>Christianos,</strong></span> <span class='ocrx_word' id='word_1_432' title='bbox 1055 5505 1112 5551; x_wconf 93' lang='lat' dir='ltr'><strong>ut</strong></span> <span class='ocrx_word' id='word_1_433' title='bbox 1169 5491 1304 5549; x_wconf 86' lang='lat' dir='ltr'><strong>nihil</strong></span> <span class='ocrx_word' id='word_1_434' title='bbox 1357 5490 1424 5546; x_wconf 89' lang='lat' dir='ltr'><strong>ad</strong></span> <span class='ocrx_word' id='word_1_435' title='bbox 1454 5491 1729 5547; x_wconf 87' lang='lat' dir='ltr'><strong>hominum</strong></span> <span class='ocrx_word' id='word_1_436' title='bbox 1779 5490 2008 5560; x_wconf 79' lang='lat' dir='ltr'><strong>gratiam</strong></span> 
     </span>
    </p>
   </div>
   <div class='ocr_carea' id='block_1_61' title="bbox 2235 813 3688 896">
    <p class='ocr_par' dir='ltr' id='par_1_61' title="bbox 2235 813 3688 896">
     <span class='ocr_line' id='line_1_61' title="bbox 2235 813 3688 896; baseline 0.012 -32"><span class='ocrx_word' id='word_1_437' title='bbox 2235 831 2252 863; x_wconf 82' lang='lat' dir='ltr'><strong>t</strong></span> <span class='ocrx_word' id='word_1_438' title='bbox 2296 813 2402 868; x_wconf 78' lang='grc' dir='ltr'><strong>Καὶ</strong></span> <span class='ocrx_word' id='word_1_439' title='bbox 2427 814 2598 880; x_wconf 83' lang='grc' dir='ltr'>οὕτως</span> <span class='ocrx_word' id='word_1_440' title='bbox 2630 818 2688 871; x_wconf 85' lang='grc' dir='ltr'><strong>ἐν</strong></span> <span class='ocrx_word' id='word_1_441' title='bbox 2715 819 2917 882; x_wconf 74' lang='grc' dir='ltr'>πάσαις</span> <span class='ocrx_word' id='word_1_442' title='bbox 2946 823 3069 886; x_wconf 86' lang='grc' dir='ltr'>ταῖς</span> <span class='ocrx_word' id='word_1_443' title='bbox 3123 823 3471 896; x_wconf 86' lang='grc' dir='ltr'>Ἐκκλησίαις</span> <span class='ocrx_word' id='word_1_444' title='bbox 3509 827 3688 885; x_wconf 76' lang='grc' dir='ltr'>διατάτο</span> 
     </span>
    </p>
   </div>
   <div class='ocr_carea' id='block_1_62' title="bbox 2153 904 3688 985">
    <p class='ocr_par' dir='ltr' id='par_1_62' title="bbox 2153 904 3688 985">
     <span class='ocr_line' id='line_1_62' title="bbox 2153 904 3688 985; baseline 0.014 -31"><span class='ocrx_word' id='word_1_445' title='bbox 2153 919 2339 972; x_wconf 86' lang='grc' dir='ltr'>τομαι.</span> <span class='ocrx_word' id='word_1_446' title='bbox 2380 923 2399 956; x_wconf 75' lang='grc' dir='ltr'><strong>ι</strong></span> <span class='ocrx_word' id='word_1_447' title='bbox 2447 907 2616 960; x_wconf 84' lang='grc' dir='ltr'>Τοῦτο</span> <span class='ocrx_word' id='word_1_448' title='bbox 2645 904 2819 975; x_wconf 72' lang='grc' dir='ltr'>εἶπεν,</span> <span class='ocrx_word' id='word_1_449' title='bbox 2853 911 2939 964; x_wconf 83' lang='grc' dir='ltr'><strong>ἵνα</strong></span> <span class='ocrx_word' id='word_1_450' title='bbox 2975 912 3055 982; x_wconf 85' lang='grc' dir='ltr'>τῷ</span> <span class='ocrx_word' id='word_1_451' title='bbox 3085 911 3228 985; x_wconf 79' lang='grc' dir='ltr'>ἔχειν</span> <span class='ocrx_word' id='word_1_452' title='bbox 3257 915 3353 967; x_wconf 77' lang='grc' dir='ltr'>καὶ</span> <span class='ocrx_word' id='word_1_453' title='bbox 3385 915 3566 982; x_wconf 82' lang='grc' dir='ltr'>ἄλλους</span> <span class='ocrx_word' id='word_1_454' title='bbox 3593 937 3688 975; x_wconf 82' lang='grc' dir='ltr'>κοι-</span> 
     </span>
    </p>
   </div>
   <div class='ocr_carea' id='block_1_63' title="bbox 2151 995 3686 1076">
    <p class='ocr_par' dir='ltr' id='par_1_63' title="bbox 2151 995 3686 1076">
     <span class='ocr_line' id='line_1_63' title="bbox 2151 995 3686 1076; baseline 0.016 -32"><span class='ocrx_word' id='word_1_455' title='bbox 2151 995 2372 1057; x_wconf 71' lang='grc' dir='ltr'>νωνοὺς,</span> <span class='ocrx_word' id='word_1_456' title='bbox 2393 995 2795 1070; x_wconf 79' lang='grc' dir='ltr'><strong>προθυμότεροι</strong></span> <span class='ocrx_word' id='word_1_457' title='bbox 2823 1003 2948 1073; x_wconf 76' lang='grc' dir='ltr'>περὶ</span> <span class='ocrx_word' id='word_1_458' title='bbox 2964 1003 3062 1074; x_wconf 82' lang='grc' dir='ltr'>τὴν</span> <span class='ocrx_word' id='word_1_459' title='bbox 3079 1005 3328 1076; x_wconf 82' lang='grc' dir='ltr'>ὑπακοὴν</span> <span class='ocrx_word' id='word_1_460' title='bbox 3346 1006 3686 1068; x_wconf 81' lang='grc' dir='ltr'>διατεθῶσι¹’.</span> 
     </span>
    </p>
   </div>
   <div class='ocr_carea' id='block_1_64' title="bbox 2227 1089 3684 1169">
    <p class='ocr_par' dir='ltr' id='par_1_64' title="bbox 2227 1089 3684 1169">
     <span class='ocr_line' id='line_1_64' title="bbox 2227 1089 3684 1169; baseline 0.012 -30"><span class='ocrx_word' id='word_1_461' title='bbox 2227 1107 2246 1138; x_wconf 77' lang='grc' dir='ltr'><strong>ι</strong></span> <span class='ocrx_word' id='word_1_462' title='bbox 2295 1089 2770 1160; x_wconf 85' lang='grc' dir='ltr'>Περιτετμημένος</span> <span class='ocrx_word' id='word_1_463' title='bbox 2801 1113 2886 1159; x_wconf 88' lang='grc' dir='ltr'><strong>τις</strong></span> <span class='ocrx_word' id='word_1_464' title='bbox 2913 1095 3154 1169; x_wconf 85' lang='grc' dir='ltr'>ἐκλήθη;</span> <span class='ocrx_word' id='word_1_465' title='bbox 3187 1099 3279 1169; x_wconf 84' lang='grc' dir='ltr'><strong>Μὴ</strong></span> <span class='ocrx_word' id='word_1_466' title='bbox 3311 1101 3638 1160; x_wconf 74' lang='grc' dir='ltr'>ἐπισπάσθω.</span> <span class='ocrx_word' id='word_1_467' title='bbox 3668 1126 3684 1159; x_wconf 82' lang='grc' dir='ltr'><strong>ι</strong></span> 
     </span>
    </p>
   </div>
   <div class='ocr_carea' id='block_1_65' title="bbox 2149 1178 3689 1267">
    <p class='ocr_par' dir='ltr' id='par_1_65' title="bbox 2149 1178 3689 1267">
     <span class='ocr_line' id='line_1_65' title="bbox 2149 1178 3689 1267; baseline 0.012 -34"><span class='ocrx_word' id='word_1_468' title='bbox 2149 1180 2308 1245; x_wconf 76' lang='grc' dir='ltr'>Εἰκὸς</span> <span class='ocrx_word' id='word_1_469' title='bbox 2342 1178 2411 1252; x_wconf 81' lang='grc' dir='ltr'><strong>ἦν</strong></span> <span class='ocrx_word' id='word_1_470' title='bbox 2459 1185 2689 1248; x_wconf 78' lang='grc' dir='ltr'>πολλοὺς</span> <span class='ocrx_word' id='word_1_471' title='bbox 2727 1191 3153 1260; x_wconf 71' lang='grc' dir='ltr'><strong>αἰσχυνομένους</strong></span> <span class='ocrx_word' id='word_1_472' title='bbox 3201 1196 3271 1264; x_wconf 76' lang='grc' dir='ltr'>τῇ</span> <span class='ocrx_word' id='word_1_473' title='bbox 3312 1202 3592 1267; x_wconf 77' lang='grc' dir='ltr'>περιτομῇ,</span> <span class='ocrx_word' id='word_1_474' title='bbox 3617 1199 3689 1253; x_wconf 64' lang='grc' dir='ltr'>διὰ</span> 
     </span>
    </p>
   </div>
   <div class='ocr_carea' id='block_1_66' title="bbox 2147 1276 3686 1361">
    <p class='ocr_par' dir='ltr' id='par_1_66' title="bbox 2147 1276 3686 1361">
     <span class='ocr_line' id='line_1_66' title="bbox 2147 1276 3686 1361; baseline 0.014 -36"><span class='ocrx_word' id='word_1_475' title='bbox 2147 1290 2292 1339; x_wconf 87' lang='grc' dir='ltr'>τινος</span> <span class='ocrx_word' id='word_1_476' title='bbox 2341 1276 2606 1347; x_wconf 77' lang='grc' dir='ltr'><strong>ἰατρείας,</strong></span> <span class='ocrx_word' id='word_1_477' title='bbox 2648 1279 2741 1333; x_wconf 81' lang='grc' dir='ltr'><strong>ἐπὶ</strong></span> <span class='ocrx_word' id='word_1_478' title='bbox 2770 1281 2829 1334; x_wconf 79' lang='grc' dir='ltr'>τὸ</span> <span class='ocrx_word' id='word_1_479' title='bbox 2859 1283 3091 1352; x_wconf 80' lang='grc' dir='ltr'>ἀρχαῖον</span> <span class='ocrx_word' id='word_1_480' title='bbox 3131 1285 3434 1355; x_wconf 80' lang='grc' dir='ltr'><strong>ἐπανάγειν</strong></span> <span class='ocrx_word' id='word_1_481' title='bbox 3460 1289 3517 1342; x_wconf 85' lang='grc' dir='ltr'>τὸ</span> <span class='ocrx_word' id='word_1_482' title='bbox 3544 1292 3686 1361; x_wconf 81' lang='grc' dir='ltr'>ἐμπι-</span> 
     </span>
    </p>
   </div>
   <div class='ocr_carea' id='block_1_67' title="bbox 2149 1365 3395 1451">
    <p class='ocr_par' dir='ltr' id='par_1_67' title="bbox 2149 1365 3395 1451">
     <span class='ocr_line' id='line_1_67' title="bbox 2149 1365 3395 1451; baseline 0.013 -32"><span class='ocrx_word' id='word_1_483' title='bbox 2149 1365 2372 1438; x_wconf 87' lang='grc' dir='ltr'>ρίτομον</span> <span class='ocrx_word' id='word_1_484' title='bbox 2401 1370 2610 1442; x_wconf 84' lang='grc' dir='ltr'>μόριον,</span> <span class='ocrx_word' id='word_1_485' title='bbox 2645 1374 3070 1445; x_wconf 86' lang='grc' dir='ltr'>ἐπισπωμένους</span> <span class='ocrx_word' id='word_1_486' title='bbox 3102 1377 3162 1431; x_wconf 82' lang='grc' dir='ltr'>τὸ</span> <span class='ocrx_word' id='word_1_487' title='bbox 3193 1378 3395 1451; x_wconf 87' lang='grc' dir='ltr'>δέρμα.</span> 
     </span>
    </p>
   </div>
   <div class='ocr_carea' id='block_1_68' title="bbox 2221 1527 3677 1610">
    <p class='ocr_par' dir='ltr' id='par_1_68' title="bbox 2221 1527 3677 1610">
     <span class='ocr_line' id='line_1_68' title="bbox 2221 1527 3677 1610; baseline 0.012 -31"><span class='ocrx_word' id='word_1_488' title='bbox 2221 1545 2240 1579; x_wconf 75' lang='grc' dir='ltr'><strong>ι</strong></span> <span class='ocrx_word' id='word_1_489' title='bbox 2271 1527 2363 1582; x_wconf 86' lang='grc' dir='ltr'>Ἐν</span> <span class='ocrx_word' id='word_1_490' title='bbox 2386 1528 2724 1604; x_wconf 77' lang='grc' dir='ltr'>ἀκροϐυστίᾳ</span> <span class='ocrx_word' id='word_1_491' title='bbox 2748 1551 2830 1597; x_wconf 86' lang='grc' dir='ltr'><strong>τις</strong></span> <span class='ocrx_word' id='word_1_492' title='bbox 2857 1535 3061 1606; x_wconf 83' lang='grc' dir='ltr'>ἐκλήθη</span> <span class='ocrx_word' id='word_1_493' title='bbox 3082 1554 3098 1604; x_wconf 90' lang='grc'>;</span> <span class='ocrx_word' id='word_1_494' title='bbox 3125 1538 3200 1608; x_wconf 81' lang='grc' dir='ltr'>μὴ</span> <span class='ocrx_word' id='word_1_495' title='bbox 3224 1541 3638 1610; x_wconf 80' lang='grc' dir='ltr'><strong>περιτεμνέσθω.</strong></span> <span class='ocrx_word' id='word_1_496' title='bbox 3662 1563 3677 1596; x_wconf 78' lang='grc' dir='ltr'><strong>ι</strong></span> 
     </span>
    </p>
   </div>
   <div class='ocr_carea' id='block_1_69' title="bbox 2146 1619 3677 1705">
    <p class='ocr_par' dir='ltr' id='par_1_69' title="bbox 2146 1619 3677 1705">
     <span class='ocr_line' id='line_1_69' title="bbox 2146 1619 3677 1705; baseline 0.01 -33"><span class='ocrx_word' id='word_1_497' title='bbox 2146 1619 2315 1673; x_wconf 83' lang='grc' dir='ltr'>Πάλιν</span> <span class='ocrx_word' id='word_1_498' title='bbox 2349 1624 2496 1686; x_wconf 85' lang='grc' dir='ltr'>τινὲς</span> <span class='ocrx_word' id='word_1_499' title='bbox 2527 1624 2616 1678; x_wconf 79' lang='grc' dir='ltr'>διὰ</span> <span class='ocrx_word' id='word_1_500' title='bbox 2644 1625 2706 1678; x_wconf 81' lang='grc' dir='ltr'>τὸ</span> <span class='ocrx_word' id='word_1_501' title='bbox 2747 1625 2937 1680; x_wconf 82' lang='grc' dir='ltr'><strong>δοκοῦν</strong></span> <span class='ocrx_word' id='word_1_502' title='bbox 2987 1628 3196 1693; x_wconf 73' lang='grc' dir='ltr'>ἔνδοξον</span> <span class='ocrx_word' id='word_1_503' title='bbox 3243 1632 3344 1701; x_wconf 81' lang='grc' dir='ltr'>τῆς</span> <span class='ocrx_word' id='word_1_504' title='bbox 3371 1635 3677 1705; x_wconf 81' lang='grc' dir='ltr'><strong>περιτομῆς,</strong></span> 
     </span>
    </p>
   </div>
   <div class='ocr_carea' id='block_1_70' title="bbox 2147 1713 3682 1796">
    <p class='ocr_par' dir='ltr' id='par_1_70' title="bbox 2147 1713 3682 1796">
     <span class='ocr_line' id='line_1_70' title="bbox 2147 1713 3682 1796; baseline 0.012 -31"><span class='ocrx_word' id='word_1_505' title='bbox 2147 1713 2287 1783; x_wconf 82' lang='grc' dir='ltr'>μετὰ</span> <span class='ocrx_word' id='word_1_506' title='bbox 2334 1715 2392 1768; x_wconf 73' lang='grc' dir='ltr'>τὸ</span> <span class='ocrx_word' id='word_1_507' title='bbox 2440 1718 2728 1772; x_wconf 83' lang='grc' dir='ltr'>πιστεῦσαι</span> <span class='ocrx_word' id='word_1_508' title='bbox 2777 1723 3226 1792; x_wconf 82' lang='grc' dir='ltr'>περιετέμνοντο.</span> <span class='ocrx_word' id='word_1_509' title='bbox 3273 1726 3442 1796; x_wconf 70' lang='grc' dir='ltr'>Φησὶν</span> <span class='ocrx_word' id='word_1_510' title='bbox 3475 1722 3579 1796; x_wconf 82' lang='grc' dir='ltr'>οὖν,</span> <span class='ocrx_word' id='word_1_511' title='bbox 3617 1729 3682 1783; x_wconf 85' lang='grc' dir='ltr'><strong>ὅτι</strong></span> 
     </span>
    </p>
   </div>
   <div class='ocr_carea' id='block_1_71' title="bbox 2144 1805 3248 1882">
    <p class='ocr_par' dir='ltr' id='par_1_71' title="bbox 2144 1805 3248 1882">
     <span class='ocr_line' id='line_1_71' title="bbox 2144 1805 3248 1882; baseline 0.009 -24"><span class='ocrx_word' id='word_1_512' title='bbox 2144 1805 2316 1862; x_wconf 85' lang='grc' dir='ltr'>ταῦτα</span> <span class='ocrx_word' id='word_1_513' title='bbox 2345 1808 2498 1863; x_wconf 77' lang='grc' dir='ltr'>οὐδὲν</span> <span class='ocrx_word' id='word_1_514' title='bbox 2527 1811 2609 1874; x_wconf 83' lang='grc' dir='ltr'>εἰς</span> <span class='ocrx_word' id='word_1_515' title='bbox 2634 1810 2732 1882; x_wconf 77' lang='grc' dir='ltr'>τὴν</span> <span class='ocrx_word' id='word_1_516' title='bbox 2760 1811 2945 1866; x_wconf 84' lang='grc' dir='ltr'>πίστιν</span> <span class='ocrx_word' id='word_1_517' title='bbox 2980 1814 3248 1868; x_wconf 86' lang='grc' dir='ltr'><strong>συντελεῖ.</strong></span> 
     </span>
    </p>
   </div>
   <div class='ocr_carea' id='block_1_72' title="bbox 2221 1987 3678 2070">
    <p class='ocr_par' dir='ltr' id='par_1_72' title="bbox 2221 1987 3678 2070">
     <span class='ocr_line' id='line_1_72' title="bbox 2221 1987 3678 2070; baseline 0.012 -30"><span class='ocrx_word' id='word_1_518' title='bbox 2221 2007 2241 2040; x_wconf 75' lang='grc' dir='ltr'><strong>ι</strong></span> <span class='ocrx_word' id='word_1_519' title='bbox 2295 1987 2358 2043; x_wconf 83' lang='grc' dir='ltr'><strong>Ἦ</strong></span> <span class='ocrx_word' id='word_1_520' title='bbox 2404 1990 2677 2063; x_wconf 78' lang='grc' dir='ltr'>περιτομὴ</span> <span class='ocrx_word' id='word_1_521' title='bbox 2710 1991 2863 2047; x_wconf 80' lang='grc' dir='ltr'>οὐδέν</span> <span class='ocrx_word' id='word_1_522' title='bbox 2895 1993 3035 2060; x_wconf 87' lang='grc' dir='ltr'>ἐστι,</span> <span class='ocrx_word' id='word_1_523' title='bbox 3071 1995 3166 2050; x_wconf 73' lang='grc' dir='ltr'>καὶ</span> <span class='ocrx_word' id='word_1_524' title='bbox 3201 1998 3236 2068; x_wconf 83' lang='grc' dir='ltr'><strong>ή</strong></span> <span class='ocrx_word' id='word_1_525' title='bbox 3263 1997 3585 2070; x_wconf 76' lang='grc' dir='ltr'>ἀκροϐυστία</span> <span class='ocrx_word' id='word_1_526' title='bbox 3605 2002 3678 2056; x_wconf 66' lang='grc' dir='ltr'><strong>οὖς</strong></span> 
     </span>
    </p>
   </div>
   <div class='ocr_carea' id='block_1_73' title="bbox 2141 2080 3678 2166">
    <p class='ocr_par' dir='ltr' id='par_1_73' title="bbox 2141 2080 3678 2166">
     <span class='ocr_line' id='line_1_73' title="bbox 2141 2080 3678 2166; baseline 0.009 -31"><span class='ocrx_word' id='word_1_527' title='bbox 2141 2080 2229 2136; x_wconf 83' lang='grc' dir='ltr'><strong>δέν</strong></span> <span class='ocrx_word' id='word_1_528' title='bbox 2263 2082 2430 2149; x_wconf 84' lang='grc' dir='ltr'>ἐστιν,</span> <span class='ocrx_word' id='word_1_529' title='bbox 2466 2084 2602 2139; x_wconf 75' lang='grc' dir='ltr'>ἀλλὰ</span> <span class='ocrx_word' id='word_1_530' title='bbox 2649 2087 2881 2157; x_wconf 84' lang='grc' dir='ltr'><strong>τήρησις</strong></span> <span class='ocrx_word' id='word_1_531' title='bbox 2919 2085 3151 2142; x_wconf 75' lang='grc' dir='ltr'><strong>ἐντολῶν</strong></span> <span class='ocrx_word' id='word_1_532' title='bbox 3180 2091 3344 2144; x_wconf 90' lang='grc' dir='ltr'>Θεοῦ.</span> <span class='ocrx_word' id='word_1_533' title='bbox 3375 2113 3403 2142; x_wconf 74' lang='grc' dir='ltr'>ι</span> <span class='ocrx_word' id='word_1_534' title='bbox 3433 2094 3678 2166; x_wconf 81' lang='grc' dir='ltr'>Πανταχοῦ</span> 
     </span>
    </p>
   </div>
   <div class='ocr_carea' id='block_1_74' title="bbox 2139 2173 3678 2260">
    <p class='ocr_par' dir='ltr' id='par_1_74' title="bbox 2139 2173 3678 2260">
     <span class='ocr_line' id='line_1_74' title="bbox 2139 2173 3678 2260; baseline 0.01 -35"><span class='ocrx_word' id='word_1_535' title='bbox 2139 2175 2298 2227; x_wconf 84' lang='grc' dir='ltr'>τοῦτο</span> <span class='ocrx_word' id='word_1_536' title='bbox 2333 2173 2614 2244; x_wconf 79' lang='grc' dir='ltr'>ζητεῖται,</span> <span class='ocrx_word' id='word_1_537' title='bbox 2665 2178 2804 2248; x_wconf 86' lang='grc' dir='ltr'><strong>μετά</strong></span> <span class='ocrx_word' id='word_1_538' title='bbox 2837 2181 2938 2247; x_wconf 79' lang='grc' dir='ltr'>τῆς</span> <span class='ocrx_word' id='word_1_539' title='bbox 2980 2179 3220 2244; x_wconf 86' lang='grc' dir='ltr'>πίστεως</span> <span class='ocrx_word' id='word_1_540' title='bbox 3251 2184 3284 2252; x_wconf 85' lang='grc' dir='ltr'><strong>ή</strong></span> <span class='ocrx_word' id='word_1_541' title='bbox 3341 2186 3564 2255; x_wconf 78' lang='grc' dir='ltr'>ἐργασία</span> <span class='ocrx_word' id='word_1_542' title='bbox 3599 2189 3678 2260; x_wconf 76' lang='grc' dir='ltr'><strong>τῆς</strong></span> 
     </span>
    </p>
   </div>
   <div class='ocr_carea' id='block_1_75' title="bbox 2141 2260 3401 2342">
    <p class='ocr_par' dir='ltr' id='par_1_75' title="bbox 2141 2260 3401 2342">
     <span class='ocr_line' id='line_1_75' title="bbox 2141 2260 3401 2342; baseline 0.008 -26"><span class='ocrx_word' id='word_1_543' title='bbox 2141 2264 2342 2334; x_wconf 84' lang='grc' dir='ltr'>ἀρετῆς</span> <span class='ocrx_word' id='word_1_544' title='bbox 2361 2264 2408 2296; x_wconf 87' lang='grc'><strong>⁸⁸</strong></span> <span class='ocrx_word' id='word_1_545' title='bbox 2428 2281 2444 2296; x_wconf 79' lang='grc' dir='ltr'><strong>ο</strong></span> <span class='ocrx_word' id='word_1_546' title='bbox 2479 2260 2648 2318; x_wconf 80' lang='grc' dir='ltr'>τᾶλλα</span> <span class='ocrx_word' id='word_1_547' title='bbox 2675 2267 2754 2332; x_wconf 87' lang='grc' dir='ltr'><strong>δέ,</strong></span> <span class='ocrx_word' id='word_1_548' title='bbox 2787 2267 2819 2337; x_wconf 81' lang='grc' dir='ltr'>ἢ</span> <span class='ocrx_word' id='word_1_549' title='bbox 2863 2263 3044 2340; x_wconf 85' lang='grc' dir='ltr'>ἦττον,</span> <span class='ocrx_word' id='word_1_550' title='bbox 3080 2271 3112 2342; x_wconf 83' lang='grc' dir='ltr'>ἢ</span> <span class='ocrx_word' id='word_1_551' title='bbox 3144 2271 3401 2336; x_wconf 80' lang='grc' dir='ltr'>οὐδόλως.</span> 
     </span>
    </p>
   </div>
   <div class='ocr_carea' id='block_1_76' title="bbox 2218 2357 3675 2442">
    <p class='ocr_par' dir='ltr' id='par_1_76' title="bbox 2218 2357 3675 2442">
     <span class='ocr_line' id='line_1_76' title="bbox 2218 2357 3675 2442; baseline 0.009 -33"><span class='ocrx_word' id='word_1_552' title='bbox 2218 2375 2235 2408; x_wconf 79' lang='grc' dir='ltr'><strong>ι</strong></span> <span class='ocrx_word' id='word_1_553' title='bbox 2277 2357 2548 2422; x_wconf 84' lang='grc' dir='ltr'>Ἕκαστος</span> <span class='ocrx_word' id='word_1_554' title='bbox 2594 2361 2651 2413; x_wconf 88' lang='grc' dir='ltr'><strong>ἐν</strong></span> <span class='ocrx_word' id='word_1_555' title='bbox 2699 2363 2766 2432; x_wconf 80' lang='grc' dir='ltr'>τῇ</span> <span class='ocrx_word' id='word_1_556' title='bbox 2828 2361 3039 2433; x_wconf 87' lang='grc' dir='ltr'>κλήσει,</span> <span class='ocrx_word' id='word_1_557' title='bbox 3165 2365 3399 2437; x_wconf 85' lang='grc' dir='ltr'>ἐκλήθη,</span> <span class='ocrx_word' id='word_1_558' title='bbox 3441 2369 3495 2420; x_wconf 90' lang='grc' dir='ltr'><strong>ἐν</strong></span> <span class='ocrx_word' id='word_1_559' title='bbox 3535 2369 3675 2442; x_wconf 86' lang='grc' dir='ltr'>ταύτῃ</span> 
     </span>
    </p>
   </div>
   <div class='ocr_carea' id='block_1_77' title="bbox 2143 2449 3675 2529">
    <p class='ocr_par' dir='ltr' id='par_1_77' title="bbox 2143 2449 3675 2529">
     <span class='ocr_line' id='line_1_77' title="bbox 2143 2449 3675 2529; baseline 0.009 -28"><span class='ocrx_word' id='word_1_560' title='bbox 2143 2449 2350 2520; x_wconf 78' lang='grc' dir='ltr'>μενέτω</span> <span class='ocrx_word' id='word_1_561' title='bbox 2371 2450 2435 2504; x_wconf 73' lang='lat'><strong>&#39;9.</strong></span> <span class='ocrx_word' id='word_1_562' title='bbox 2469 2451 2663 2516; x_wconf 89' lang='grc' dir='ltr'>Δοῦλος</span> <span class='ocrx_word' id='word_1_563' title='bbox 2710 2453 2980 2526; x_wconf 84' lang='grc' dir='ltr'>ἐκλήθης;</span> <span class='ocrx_word' id='word_1_564' title='bbox 3014 2458 3088 2528; x_wconf 84' lang='grc' dir='ltr'><strong>μή</strong></span> <span class='ocrx_word' id='word_1_565' title='bbox 3121 2474 3206 2510; x_wconf 91' lang='grc' dir='ltr'><strong>σοι</strong></span> <span class='ocrx_word' id='word_1_566' title='bbox 3256 2458 3488 2529; x_wconf 77' lang='grc' dir='ltr'>μελέτω·</span> <span class='ocrx_word' id='word_1_567' title='bbox 3513 2461 3613 2515; x_wconf 82' lang='grc' dir='ltr'>ἀλλ’</span> <span class='ocrx_word' id='word_1_568' title='bbox 3639 2466 3675 2515; x_wconf 84' lang='grc' dir='ltr'><strong>εί</strong></span> 
     </span>
    </p>
   </div>
   <div class='ocr_carea' id='block_1_78' title="bbox 2140 2544 3674 2625">
    <p class='ocr_par' dir='ltr' id='par_1_78' title="bbox 2140 2544 3674 2625">
     <span class='ocr_line' id='line_1_78' title="bbox 2140 2544 3674 2625; baseline 0.007 -29"><span class='ocrx_word' id='word_1_569' title='bbox 2140 2545 2233 2598; x_wconf 78' lang='grc' dir='ltr'><strong>καὶ</strong></span> <span class='ocrx_word' id='word_1_570' title='bbox 2253 2544 2478 2598; x_wconf 85' lang='grc' dir='ltr'>δύνασαι</span> <span class='ocrx_word' id='word_1_571' title='bbox 2503 2546 2786 2617; x_wconf 81' lang='grc' dir='ltr'>ἐλεύθερος</span> <span class='ocrx_word' id='word_1_572' title='bbox 2815 2549 3091 2618; x_wconf 76' lang='grc' dir='ltr'>γενέσθαι,</span> <span class='ocrx_word' id='word_1_573' title='bbox 3117 2552 3323 2621; x_wconf 82' lang='grc' dir='ltr'>μᾶλλον</span> <span class='ocrx_word' id='word_1_574' title='bbox 3352 2555 3554 2625; x_wconf 82' lang='grc' dir='ltr'>χρῆσαι.</span> <span class='ocrx_word' id='word_1_575' title='bbox 3581 2575 3596 2607; x_wconf 78' lang='grc' dir='ltr'><strong>ι</strong></span> <span class='ocrx_word' id='word_1_576' title='bbox 3619 2587 3674 2596; x_wconf 91' lang='lat'><strong><em>—</em></strong></span> 
     </span>
    </p>
   </div>
   <div class='ocr_carea' id='block_1_79' title="bbox 2145 2636 3675 2721">
    <p class='ocr_par' dir='ltr' id='par_1_79' title="bbox 2145 2636 3675 2721">
     <span class='ocr_line' id='line_1_79' title="bbox 2145 2636 3675 2721; baseline 0.009 -31"><span class='ocrx_word' id='word_1_577' title='bbox 2145 2657 2164 2690; x_wconf 76' lang='grc' dir='ltr'><strong>ι</strong></span> <span class='ocrx_word' id='word_1_578' title='bbox 2188 2638 2276 2691; x_wconf 83' lang='grc' dir='ltr'>Ἐν</span> <span class='ocrx_word' id='word_1_579' title='bbox 2299 2640 2365 2710; x_wconf 75' lang='grc' dir='ltr'>τῇ</span> <span class='ocrx_word' id='word_1_580' title='bbox 2388 2639 2597 2710; x_wconf 81' lang='grc' dir='ltr'>κλήσει,</span> <span class='ocrx_word' id='word_1_581' title='bbox 2676 2641 2932 2713; x_wconf 79' lang='grc' dir='ltr'>ἐκλήθη,›</span> <span class='ocrx_word' id='word_1_582' title='bbox 2963 2646 3270 2712; x_wconf 83' lang='grc' dir='ltr'>τουτέστιν,</span> <span class='ocrx_word' id='word_1_583' title='bbox 3301 2649 3358 2702; x_wconf 87' lang='grc' dir='ltr'><strong>ἐν</strong></span> <span class='ocrx_word' id='word_1_584' title='bbox 3371 2647 3462 2717; x_wconf 80' lang='grc' dir='ltr'><strong>οἴῳ</strong></span> <span class='ocrx_word' id='word_1_585' title='bbox 3476 2650 3581 2721; x_wconf 84' lang='grc' dir='ltr'>βίῳ,</span> <span class='ocrx_word' id='word_1_586' title='bbox 3599 2653 3675 2706; x_wconf 75' lang='grc' dir='ltr'><strong>καὶ</strong></span> 
     </span>
    </p>
   </div>
   <div class='ocr_carea' id='block_1_80' title="bbox 2137 2730 3674 2808">
    <p class='ocr_par' dir='ltr' id='par_1_80' title="bbox 2137 2730 3674 2808">
     <span class='ocr_line' id='line_1_80' title="bbox 2137 2730 3674 2808; baseline 0.01 -27"><span class='ocrx_word' id='word_1_587' title='bbox 2137 2730 2197 2782; x_wconf 86' lang='grc' dir='ltr'><strong>ἐν</strong></span> <span class='ocrx_word' id='word_1_588' title='bbox 2228 2731 2326 2802; x_wconf 80' lang='grc' dir='ltr'><strong>οἴῳ</strong></span> <span class='ocrx_word' id='word_1_589' title='bbox 2351 2732 2596 2802; x_wconf 79' lang='grc' dir='ltr'>τάγματι</span> <span class='ocrx_word' id='word_1_590' title='bbox 2644 2734 2738 2787; x_wconf 72' lang='grc' dir='ltr'>καὶ</span> <span class='ocrx_word' id='word_1_591' title='bbox 2767 2735 3129 2808; x_wconf 79' lang='grc' dir='ltr'>πολιτεύματι</span> <span class='ocrx_word' id='word_1_592' title='bbox 3166 2738 3248 2792; x_wconf 82' lang='grc' dir='ltr'><strong>ὢν</strong></span> <span class='ocrx_word' id='word_1_593' title='bbox 3278 2741 3598 2808; x_wconf 85' lang='grc' dir='ltr'>ἐπίστευσεν,</span> <span class='ocrx_word' id='word_1_594' title='bbox 3628 2744 3674 2796; x_wconf 78' lang='grc' dir='ltr'><strong>ἐν</strong></span> 
     </span>
    </p>
   </div>
   <div class='ocr_carea' id='block_1_81' title="bbox 2136 2817 3666 2903">
    <p class='ocr_par' dir='ltr' id='par_1_81' title="bbox 2136 2817 3666 2903">
     <span class='ocr_line' id='line_1_81' title="bbox 2136 2817 3666 2903; baseline 0.012 -33"><span class='ocrx_word' id='word_1_595' title='bbox 2136 2817 2311 2889; x_wconf 86' lang='grc' dir='ltr'>τούτῳ</span> <span class='ocrx_word' id='word_1_596' title='bbox 2341 2821 2566 2890; x_wconf 87' lang='grc' dir='ltr'>μενέτω.</span> <span class='ocrx_word' id='word_1_597' title='bbox 2593 2823 2800 2891; x_wconf 84' lang='grc' dir='ltr'>Κλῆσιν</span> <span class='ocrx_word' id='word_1_598' title='bbox 2829 2824 2937 2896; x_wconf 77' lang='grc' dir='ltr'><strong>γὰρ</strong></span> <span class='ocrx_word' id='word_1_599' title='bbox 2959 2827 3059 2898; x_wconf 79' lang='grc' dir='ltr'><strong>τήν</strong></span> <span class='ocrx_word' id='word_1_600' title='bbox 3088 2829 3169 2890; x_wconf 86' lang='grc' dir='ltr'><strong>είς</strong></span> <span class='ocrx_word' id='word_1_601' title='bbox 3199 2829 3302 2900; x_wconf 81' lang='grc' dir='ltr'>τὴν</span> <span class='ocrx_word' id='word_1_602' title='bbox 3324 2832 3500 2886; x_wconf 77' lang='grc' dir='ltr'>πίστιν</span> <span class='ocrx_word' id='word_1_603' title='bbox 3524 2851 3666 2903; x_wconf 85' lang='grc' dir='ltr'>προσ·</span> 
     </span>
    </p>
   </div>
   <div class='ocr_carea' id='block_1_82' title="bbox 2135 2911 3664 2997">
    <p class='ocr_par' dir='ltr' id='par_1_82' title="bbox 2135 2911 3664 2997">
     <span class='ocr_line' id='line_1_82' title="bbox 2135 2911 3664 2997; baseline 0.01 -35"><span class='ocrx_word' id='word_1_604' title='bbox 2135 2911 2360 2981; x_wconf 79' lang='grc' dir='ltr'>αγωγήν</span> <span class='ocrx_word' id='word_1_605' title='bbox 2411 2929 2565 2981; x_wconf 78' lang='grc' dir='ltr'>φησι.</span> <span class='ocrx_word' id='word_1_606' title='bbox 2617 2913 2815 2978; x_wconf 82' lang='grc' dir='ltr'>Δοῦλος</span> <span class='ocrx_word' id='word_1_607' title='bbox 2859 2915 2937 2969; x_wconf 85' lang='grc' dir='ltr'><strong>ῶν</strong></span> <span class='ocrx_word' id='word_1_608' title='bbox 2993 2919 3364 2987; x_wconf 77' lang='grc' dir='ltr'>ἐπίστευσαςς</span> <span class='ocrx_word' id='word_1_609' title='bbox 3425 2924 3494 2995; x_wconf 82' lang='grc' dir='ltr'>μὴ</span> <span class='ocrx_word' id='word_1_610' title='bbox 3527 2926 3664 2997; x_wconf 83' lang='grc' dir='ltr'><strong>φρόν-</strong></span> 
     </span>
    </p>
   </div>
   <div class='ocr_carea' id='block_1_83' title="bbox 2134 3001 3668 3089">
    <p class='ocr_par' dir='ltr' id='par_1_83' title="bbox 2134 3001 3668 3089">
     <span class='ocr_line' id='line_1_83' title="bbox 2134 3001 3668 3089; baseline 0.01 -33"><span class='ocrx_word' id='word_1_611' title='bbox 2134 3001 2248 3066; x_wconf 76' lang='grc' dir='ltr'>τιζε</span> <span class='ocrx_word' id='word_1_612' title='bbox 2269 3043 2286 3070; x_wconf 92' lang='grc'><strong>,</strong></span> <span class='ocrx_word' id='word_1_613' title='bbox 2320 3005 2454 3076; x_wconf 82' lang='grc' dir='ltr'>μηδὲ</span> <span class='ocrx_word' id='word_1_614' title='bbox 2483 3004 2739 3077; x_wconf 77' lang='grc' dir='ltr'>θορυϐοῦ.</span> <span class='ocrx_word' id='word_1_615' title='bbox 2773 3009 3043 3064; x_wconf 83' lang='grc' dir='ltr'>Τοσοῦτον</span> <span class='ocrx_word' id='word_1_616' title='bbox 3075 3012 3184 3084; x_wconf 72' lang='grc' dir='ltr'><strong>γὰρ</strong></span> <span class='ocrx_word' id='word_1_617' title='bbox 3231 3016 3296 3067; x_wconf 84' lang='grc' dir='ltr'>οὐ</span> <span class='ocrx_word' id='word_1_618' title='bbox 3329 3015 3543 3086; x_wconf 82' lang='grc' dir='ltr'>βλάπτει</span> <span class='ocrx_word' id='word_1_619' title='bbox 3569 3021 3668 3089; x_wconf 80' lang='grc' dir='ltr'><strong>σεή</strong></span> 
     </span>
    </p>
   </div>
   <div class='ocr_carea' id='block_1_84' title="bbox 2077 3093 3669 3182">
    <p class='ocr_par' dir='ltr' id='par_1_84' title="bbox 2077 3093 3669 3182">
     <span class='ocr_line' id='line_1_84' title="bbox 2077 3093 3669 3182; baseline 0.009 -34"><span class='ocrx_word' id='word_1_620' title='bbox 2077 3113 2084 3120; x_wconf 95' lang='grc'><strong>·</strong></span> <span class='ocrx_word' id='word_1_621' title='bbox 2134 3093 2369 3162; x_wconf 86' lang='grc' dir='ltr'>δουλεία,</span> <span class='ocrx_word' id='word_1_622' title='bbox 2395 3096 2536 3150; x_wconf 82' lang='grc' dir='ltr'>ὥστε</span> <span class='ocrx_word' id='word_1_623' title='bbox 2581 3099 2806 3168; x_wconf 82' lang='grc' dir='ltr'>μᾶλλον,</span> <span class='ocrx_word' id='word_1_624' title='bbox 2855 3101 2949 3154; x_wconf 73' lang='grc' dir='ltr'>καὶ</span> <span class='ocrx_word' id='word_1_625' title='bbox 2989 3105 3039 3156; x_wconf 85' lang='grc' dir='ltr'><strong>εί</strong></span> <span class='ocrx_word' id='word_1_626' title='bbox 3078 3103 3307 3160; x_wconf 85' lang='grc' dir='ltr'>δύνασαι</span> <span class='ocrx_word' id='word_1_627' title='bbox 3343 3107 3669 3182; x_wconf 79' lang='grc' dir='ltr'>ἐλευθερωθή-</span> 
     </span>
    </p>
   </div>
   <div class='ocr_carea' id='block_1_85' title="bbox 2135 3189 3668 3273">
    <p class='ocr_par' dir='ltr' id='par_1_85' title="bbox 2135 3189 3668 3273">
     <span class='ocr_line' id='line_1_85' title="bbox 2135 3189 3668 3273; baseline 0.011 -35"><span class='ocrx_word' id='word_1_628' title='bbox 2135 3203 2246 3251; x_wconf 90' lang='grc' dir='ltr'>ναι,</span> <span class='ocrx_word' id='word_1_629' title='bbox 2279 3189 2510 3262; x_wconf 79' lang='grc' dir='ltr'>χρῆσαι·</span> <span class='ocrx_word' id='word_1_630' title='bbox 2550 3191 2816 3258; x_wconf 77' lang='grc' dir='ltr'>τουτέστι,</span> <span class='ocrx_word' id='word_1_631' title='bbox 2853 3193 3081 3250; x_wconf 84' lang='grc' dir='ltr'>Δούλευε</span> <span class='ocrx_word' id='word_1_632' title='bbox 3103 3237 3117 3263; x_wconf 90' lang='grc'><strong>,</strong></span> <span class='ocrx_word' id='word_1_633' title='bbox 3147 3198 3232 3263; x_wconf 88' lang='grc' dir='ltr'><strong>είς</strong></span> <span class='ocrx_word' id='word_1_634' title='bbox 3262 3202 3452 3273; x_wconf 81' lang='grc' dir='ltr'>χρῆσιν</span> <span class='ocrx_word' id='word_1_635' title='bbox 3480 3204 3668 3257; x_wconf 79' lang='grc' dir='ltr'>σεαυτὸν</span> 
     </span>
    </p>
   </div>
   <div class='ocr_carea' id='block_1_86' title="bbox 2052 3277 2304 3345">
    <p class='ocr_par' dir='ltr' id='par_1_86' title="bbox 2052 3277 2304 3345">
     <span class='ocr_line' id='line_1_86' title="bbox 2052 3277 2304 3345; baseline 0.016 -14"><span class='ocrx_word' id='word_1_636' title='bbox 2052 3281 2098 3345; x_wconf 84' lang='lat' dir='ltr'><strong>C</strong></span> <span class='ocrx_word' id='word_1_637' title='bbox 2130 3277 2304 3344; x_wconf 75' lang='grc' dir='ltr'>ἔκδος.</span> 
     </span>
    </p>
   </div>
   <div class='ocr_carea' id='block_1_87' title="bbox 2213 3373 3667 3459">
    <p class='ocr_par' dir='ltr' id='par_1_87' title="bbox 2213 3373 3667 3459">
     <span class='ocr_line' id='line_1_87' title="bbox 2213 3373 3667 3459; baseline 0.012 -34"><span class='ocrx_word' id='word_1_638' title='bbox 2213 3391 2234 3425; x_wconf 77' lang='grc' dir='ltr'><strong>ι</strong></span> <span class='ocrx_word' id='word_1_639' title='bbox 2285 3373 2342 3427; x_wconf 88' lang='lat'><strong>&#39;0</strong></span> <span class='ocrx_word' id='word_1_640' title='bbox 2382 3375 2490 3448; x_wconf 81' lang='grc' dir='ltr'><strong>γὰρ</strong></span> <span class='ocrx_word' id='word_1_641' title='bbox 2514 3379 2570 3431; x_wconf 83' lang='grc' dir='ltr'><strong>ἐν</strong></span> <span class='ocrx_word' id='word_1_642' title='bbox 2604 3379 2794 3452; x_wconf 84' lang='grc' dir='ltr'>Κυρίῳ</span> <span class='ocrx_word' id='word_1_643' title='bbox 2825 3381 3049 3453; x_wconf 79' lang='grc' dir='ltr'>κληθεὶς</span> <span class='ocrx_word' id='word_1_644' title='bbox 3091 3384 3302 3453; x_wconf 86' lang='grc' dir='ltr'>δοῦλος,</span> <span class='ocrx_word' id='word_1_645' title='bbox 3343 3389 3667 3459; x_wconf 72' lang='grc' dir='ltr'>ἀπελεύθερος</span> 
     </span>
    </p>
   </div>
   <div class='ocr_carea' id='block_1_88' title="bbox 2137 3463 3664 3550">
    <p class='ocr_par' dir='ltr' id='par_1_88' title="bbox 2137 3463 3664 3550">
     <span class='ocr_line' id='line_1_88' title="bbox 2137 3463 3664 3550; baseline 0.01 -33"><span class='ocrx_word' id='word_1_646' title='bbox 2137 3463 2346 3535; x_wconf 83' lang='grc' dir='ltr'>Κυρίου</span> <span class='ocrx_word' id='word_1_647' title='bbox 2375 3467 2522 3521; x_wconf 82' lang='grc' dir='ltr'>ἐστίν</span> <span class='ocrx_word' id='word_1_648' title='bbox 2544 3485 2556 3496; x_wconf 87' lang='grc'>·</span> <span class='ocrx_word' id='word_1_649' title='bbox 2585 3470 2788 3539; x_wconf 80' lang='grc' dir='ltr'>ὁμοίως</span> <span class='ocrx_word' id='word_1_650' title='bbox 2809 3474 2905 3528; x_wconf 70' lang='grc' dir='ltr'><strong>καὶ¹</strong></span> <span class='ocrx_word' id='word_1_651' title='bbox 2933 3475 2960 3527; x_wconf 86' lang='grc' dir='ltr'>ὁ</span> <span class='ocrx_word' id='word_1_652' title='bbox 2987 3474 3276 3548; x_wconf 84' lang='grc' dir='ltr'>ἐλεύθερος</span> <span class='ocrx_word' id='word_1_653' title='bbox 3302 3479 3539 3550; x_wconf 74' lang='grc' dir='ltr'>κληθεὶς,</span> <span class='ocrx_word' id='word_1_654' title='bbox 3568 3480 3664 3534; x_wconf 76' lang='grc' dir='ltr'>δοῦ-</span> 
     </span>
    </p>
   </div>
   <div class='ocr_carea' id='block_1_89' title="bbox 2135 3553 3662 3638">
    <p class='ocr_par' dir='ltr' id='par_1_89' title="bbox 2135 3553 3662 3638">
     <span class='ocr_line' id='line_1_89' title="bbox 2135 3553 3662 3638; baseline 0.01 -32"><span class='ocrx_word' id='word_1_655' title='bbox 2135 3553 2224 3618; x_wconf 87' lang='grc' dir='ltr'><strong>λος</strong></span> <span class='ocrx_word' id='word_1_656' title='bbox 2257 3557 2498 3626; x_wconf 79' lang='grc' dir='ltr'>Χριστοῦ</span> <span class='ocrx_word' id='word_1_657' title='bbox 2541 3562 2708 3615; x_wconf 91' lang='grc' dir='ltr'>ἐστιν.</span> <span class='ocrx_word' id='word_1_658' title='bbox 2750 3581 2769 3613; x_wconf 74' lang='grc' dir='ltr'><strong>ι</strong></span> <span class='ocrx_word' id='word_1_659' title='bbox 2814 3563 3205 3638; x_wconf 84' lang='grc' dir='ltr'>Ἀπελεύθερος</span> <span class='ocrx_word' id='word_1_660' title='bbox 3250 3569 3483 3638; x_wconf 78' lang='grc' dir='ltr'>λέγεται,</span> <span class='ocrx_word' id='word_1_661' title='bbox 3514 3572 3540 3624; x_wconf 82' lang='grc' dir='ltr'><strong>ὁ</strong></span> <span class='ocrx_word' id='word_1_662' title='bbox 3577 3570 3662 3623; x_wconf 57' lang='lat' dir='ltr'><strong>dir-ii</strong></span> 
     </span>
    </p>
   </div>
   <div class='ocr_carea' id='block_1_90' title="bbox 2133 3646 3663 3726">
    <p class='ocr_par' dir='ltr' id='par_1_90' title="bbox 2133 3646 3663 3726">
     <span class='ocr_line' id='line_1_90' title="bbox 2133 3646 3663 3726; baseline 0.011 -28"><span class='ocrx_word' id='word_1_663' title='bbox 2133 3646 2376 3712; x_wconf 75' lang='grc' dir='ltr'>δουλείας</span> <span class='ocrx_word' id='word_1_664' title='bbox 2409 3650 2813 3724; x_wconf 82' lang='grc' dir='ltr'>ἐλευθερωθείς.</span> <span class='ocrx_word' id='word_1_665' title='bbox 2845 3657 3014 3726; x_wconf 78' lang='grc' dir='ltr'>Φησὶν</span> <span class='ocrx_word' id='word_1_666' title='bbox 3041 3657 3154 3720; x_wconf 69' lang='grc' dir='ltr'>οὖν,</span> <span class='ocrx_word' id='word_1_667' title='bbox 3187 3660 3274 3715; x_wconf 84' lang='grc' dir='ltr'><strong>ὅτι</strong></span> <span class='ocrx_word' id='word_1_668' title='bbox 3304 3662 3375 3716; x_wconf 81' lang='grc' dir='ltr'><strong>Σὺ</strong></span> <span class='ocrx_word' id='word_1_669' title='bbox 3416 3662 3445 3715; x_wconf 81' lang='grc' dir='ltr'><strong>ὁ</strong></span> <span class='ocrx_word' id='word_1_670' title='bbox 3473 3664 3525 3716; x_wconf 83' lang='grc' dir='ltr'><strong>ἐν</strong></span> <span class='ocrx_word' id='word_1_671' title='bbox 3566 3663 3663 3716; x_wconf 89' lang='grc' dir='ltr'>δου-</span> 
     </span>
    </p>
   </div>
   <div class='ocr_carea' id='block_1_91' title="bbox 2133 3743 3663 3828">
    <p class='ocr_par' dir='ltr' id='par_1_91' title="bbox 2133 3743 3663 3828">
     <span class='ocr_line' id='line_1_91' title="bbox 2133 3743 3663 3828; baseline 0.013 -34"><span class='ocrx_word' id='word_1_672' title='bbox 2133 3743 2252 3814; x_wconf 64' lang='grc' dir='ltr'>λείᾳ.</span> <span class='ocrx_word' id='word_1_673' title='bbox 2287 3747 2603 3814; x_wconf 79' lang='grc' dir='ltr'>πιστεύσας,</span> <span class='ocrx_word' id='word_1_674' title='bbox 2632 3751 2996 3823; x_wconf 82' lang='grc' dir='ltr'>ἀπελεύθερος</span> <span class='ocrx_word' id='word_1_675' title='bbox 3039 3749 3092 3808; x_wconf 80' lang='grc' dir='ltr'>εἷ</span> <span class='ocrx_word' id='word_1_676' title='bbox 3120 3755 3216 3809; x_wconf 87' lang='grc' dir='ltr'><strong>τοῦ</strong></span> <span class='ocrx_word' id='word_1_677' title='bbox 3248 3757 3481 3827; x_wconf 88' lang='grc' dir='ltr'>Χριστοῦ</span> <span class='ocrx_word' id='word_1_678' title='bbox 3500 3773 3513 3787; x_wconf 92' lang='grc'><strong>·</strong></span> <span class='ocrx_word' id='word_1_679' title='bbox 3537 3757 3663 3828; x_wconf 77' lang='grc' dir='ltr'>ἠλευ-</span> 
     </span>
    </p>
   </div>
   <div class='ocr_carea' id='block_1_92' title="bbox 2133 3835 3662 3917">
    <p class='ocr_par' dir='ltr' id='par_1_92' title="bbox 2133 3835 3662 3917">
     <span class='ocr_line' id='line_1_92' title="bbox 2133 3835 3662 3917; baseline 0.009 -31"><span class='ocrx_word' id='word_1_680' title='bbox 2133 3835 2340 3905; x_wconf 80' lang='grc' dir='ltr'>θέρωσε</span> <span class='ocrx_word' id='word_1_681' title='bbox 2381 3837 2489 3910; x_wconf 81' lang='grc' dir='ltr'><strong>γάρ</strong></span> <span class='ocrx_word' id='word_1_682' title='bbox 2522 3855 2582 3892; x_wconf 83' lang='grc' dir='ltr'><strong>σε</strong></span> <span class='ocrx_word' id='word_1_683' title='bbox 2609 3842 2704 3894; x_wconf 79' lang='grc' dir='ltr'><strong>καὶ</strong></span> <span class='ocrx_word' id='word_1_684' title='bbox 2739 3842 2846 3895; x_wconf 84' lang='grc' dir='ltr'>ἀπὸ</span> <span class='ocrx_word' id='word_1_685' title='bbox 2874 3844 2976 3913; x_wconf 78' lang='grc' dir='ltr'>τῆς</span> <span class='ocrx_word' id='word_1_686' title='bbox 3003 3845 3302 3917; x_wconf 82' lang='grc' dir='ltr'>ἁμαρτίας,</span> <span class='ocrx_word' id='word_1_687' title='bbox 3345 3851 3438 3903; x_wconf 76' lang='grc' dir='ltr'>καὶ</span> <span class='ocrx_word' id='word_1_688' title='bbox 3466 3848 3562 3902; x_wconf 84' lang='grc' dir='ltr'>ἀπὸ</span> <span class='ocrx_word' id='word_1_689' title='bbox 3585 3847 3662 3917; x_wconf 76' lang='grc' dir='ltr'>τῆς</span> 
     </span>
    </p>
   </div>
   <div class='ocr_carea' id='block_1_93' title="bbox 2131 3925 3661 4004">
    <p class='ocr_par' dir='ltr' id='par_1_93' title="bbox 2131 3925 3661 4004">
     <span class='ocr_line' id='line_1_93' title="bbox 2131 3925 3661 4004; baseline 0.008 -26"><span class='ocrx_word' id='word_1_690' title='bbox 2131 3925 2332 3990; x_wconf 73' lang='grc' dir='ltr'>ἔξωθεν</span> <span class='ocrx_word' id='word_1_691' title='bbox 2361 3929 2420 3981; x_wconf 84' lang='grc' dir='ltr'>δὲ</span> <span class='ocrx_word' id='word_1_692' title='bbox 2469 3930 2673 4002; x_wconf 83' lang='grc' dir='ltr'>ταύτης</span> <span class='ocrx_word' id='word_1_693' title='bbox 2707 3933 2974 4002; x_wconf 84' lang='grc' dir='ltr'>δουλείας,</span> <span class='ocrx_word' id='word_1_694' title='bbox 3005 3937 3053 3990; x_wconf 85' lang='grc' dir='ltr'><strong>εί</strong></span> <span class='ocrx_word' id='word_1_695' title='bbox 3083 3938 3179 3991; x_wconf 80' lang='grc' dir='ltr'><strong>καὶ</strong></span> <span class='ocrx_word' id='word_1_696' title='bbox 3211 3939 3396 4004; x_wconf 90' lang='grc' dir='ltr'>δοῦλος</span> <span class='ocrx_word' id='word_1_697' title='bbox 3425 3936 3488 3994; x_wconf 80' lang='grc' dir='ltr'><strong>εί.</strong></span> <span class='ocrx_word' id='word_1_698' title='bbox 3522 3941 3661 3993; x_wconf 81' lang='grc' dir='ltr'>Ὅταν</span> 
     </span>
    </p>
   </div>
   <div class='ocr_carea' id='block_1_94' title="bbox 2131 4019 3659 4103">
    <p class='ocr_par' dir='ltr' id='par_1_94' title="bbox 2131 4019 3659 4103">
     <span class='ocr_line' id='line_1_94' title="bbox 2131 4019 3659 4103; baseline 0.007 -32"><span class='ocrx_word' id='word_1_699' title='bbox 2131 4019 2240 4088; x_wconf 76' lang='grc' dir='ltr'><strong>γάρ</strong></span> <span class='ocrx_word' id='word_1_700' title='bbox 2272 4037 2355 4084; x_wconf 87' lang='grc' dir='ltr'><strong>τις</strong></span> <span class='ocrx_word' id='word_1_701' title='bbox 2387 4021 2576 4076; x_wconf 89' lang='grc' dir='ltr'>παθῶν</span> <span class='ocrx_word' id='word_1_702' title='bbox 2601 4025 2980 4095; x_wconf 77' lang='grc' dir='ltr'>ἀπήλλακται,</span> <span class='ocrx_word' id='word_1_703' title='bbox 3006 4030 3102 4082; x_wconf 72' lang='grc' dir='ltr'>καὶ</span> <span class='ocrx_word' id='word_1_704' title='bbox 3133 4031 3333 4102; x_wconf 84' lang='grc' dir='ltr'>εὐγενῆ</span> <span class='ocrx_word' id='word_1_705' title='bbox 3372 4032 3464 4103; x_wconf 76' lang='grc' dir='ltr'><strong>ἔχῃ</strong></span> <span class='ocrx_word' id='word_1_706' title='bbox 3493 4031 3659 4102; x_wconf 72' lang='grc' dir='ltr'>ψυχὴν,</span> 
     </span>
    </p>
   </div>
   <div class='ocr_carea' id='block_1_95' title="bbox 2130 4109 3660 4192">
    <p class='ocr_par' dir='ltr' id='par_1_95' title="bbox 2130 4109 3660 4192">
     <span class='ocr_line' id='line_1_95' title="bbox 2130 4109 3660 4192; baseline 0.01 -32"><span class='ocrx_word' id='word_1_707' title='bbox 2130 4109 2230 4163; x_wconf 77' lang='grc' dir='ltr'>οὐκ</span> <span class='ocrx_word' id='word_1_708' title='bbox 2259 4109 2376 4164; x_wconf 83' lang='grc' dir='ltr'>ἔστι</span> <span class='ocrx_word' id='word_1_709' title='bbox 2405 4111 2616 4180; x_wconf 86' lang='grc' dir='ltr'>δοῦλος,</span> <span class='ocrx_word' id='word_1_710' title='bbox 2648 4114 2756 4169; x_wconf 78' lang='grc' dir='ltr'><strong>κάν</strong></span> <span class='ocrx_word' id='word_1_711' title='bbox 2805 4116 2958 4190; x_wconf 78' lang='grc' dir='ltr'>δοκῇ.</span> <span class='ocrx_word' id='word_1_712' title='bbox 3003 4119 3191 4186; x_wconf 87' lang='grc' dir='ltr'>Πάλιν,</span> <span class='ocrx_word' id='word_1_713' title='bbox 3235 4122 3392 4186; x_wconf 78' lang='grc' dir='ltr'>ἀλλος</span> <span class='ocrx_word' id='word_1_714' title='bbox 3420 4122 3660 4192; x_wconf 76' lang='grc' dir='ltr'>ἐλεύθερος</span> 
     </span>
    </p>
   </div>
   <div class='ocr_carea' id='block_1_96' title="bbox 2129 4201 3655 4286">
    <p class='ocr_par' dir='ltr' id='par_1_96' title="bbox 2129 4201 3655 4286">
     <span class='ocr_line' id='line_1_96' title="bbox 2129 4201 3655 4286; baseline 0.007 -31"><span class='ocrx_word' id='word_1_715' title='bbox 2129 4201 2224 4270; x_wconf 75' lang='grc' dir='ltr'>ἂν,</span> <span class='ocrx_word' id='word_1_716' title='bbox 2257 4205 2463 4276; x_wconf 87' lang='grc' dir='ltr'>ἐκλήθη</span> <span class='ocrx_word' id='word_1_717' title='bbox 2514 4208 2594 4270; x_wconf 82' lang='grc' dir='ltr'>εἰς</span> <span class='ocrx_word' id='word_1_718' title='bbox 2624 4209 2724 4280; x_wconf 78' lang='grc' dir='ltr'>τὴν</span> <span class='ocrx_word' id='word_1_719' title='bbox 2777 4211 2982 4274; x_wconf 85' lang='grc' dir='ltr'>πίστιν,</span> <span class='ocrx_word' id='word_1_720' title='bbox 3028 4211 3212 4276; x_wconf 86' lang='grc' dir='ltr'>δοῦλος</span> <span class='ocrx_word' id='word_1_721' title='bbox 3245 4214 3476 4286; x_wconf 85' lang='grc' dir='ltr'>Χριστοῦ</span> <span class='ocrx_word' id='word_1_722' title='bbox 3519 4215 3655 4266; x_wconf 81' lang='grc' dir='ltr'>ἐστιν.</span> 
     </span>
    </p>
   </div>
   <div class='ocr_carea' id='block_1_97' title="bbox 2131 4295 3658 4375">
    <p class='ocr_par' dir='ltr' id='par_1_97' title="bbox 2131 4295 3658 4375">
     <span class='ocr_line' id='line_1_97' title="bbox 2131 4295 3658 4375; baseline 0.005 -29"><span class='ocrx_word' id='word_1_723' title='bbox 2131 4295 2294 4348; x_wconf 83' lang='grc' dir='ltr'>Ὥστε</span> <span class='ocrx_word' id='word_1_724' title='bbox 2327 4298 2376 4349; x_wconf 89' lang='grc' dir='ltr'><strong>εί</strong></span> <span class='ocrx_word' id='word_1_725' title='bbox 2412 4296 2471 4351; x_wconf 79' lang='grc' dir='ltr'>τὸ</span> <span class='ocrx_word' id='word_1_726' title='bbox 2504 4297 2675 4370; x_wconf 73' lang='grc' dir='ltr'>ὄνομα</span> <span class='ocrx_word' id='word_1_727' title='bbox 2710 4301 2806 4369; x_wconf 84' lang='grc' dir='ltr'>τῆς</span> <span class='ocrx_word' id='word_1_728' title='bbox 2840 4300 3085 4368; x_wconf 84' lang='grc' dir='ltr'>δουλείας</span> <span class='ocrx_word' id='word_1_729' title='bbox 3115 4304 3340 4375; x_wconf 80' lang='grc' dir='ltr'>θορυϐεῖ</span> <span class='ocrx_word' id='word_1_730' title='bbox 3366 4305 3451 4359; x_wconf 84' lang='grc' dir='ltr'><strong>τὸν</strong></span> <span class='ocrx_word' id='word_1_731' title='bbox 3484 4303 3658 4366; x_wconf 85' lang='grc' dir='ltr'>δοῦλον,</span> 
     </span>
    </p>
   </div>
   <div class='ocr_carea' id='block_1_98' title="bbox 2127 4387 3658 4467">
    <p class='ocr_par' dir='ltr' id='par_1_98' title="bbox 2127 4387 3658 4467">
     <span class='ocr_line' id='line_1_98' title="bbox 2127 4387 3658 4467; baseline 0.005 -28"><span class='ocrx_word' id='word_1_732' title='bbox 2127 4387 2382 4442; x_wconf 79' lang='grc' dir='ltr'>ἐννοείτω</span> <span class='ocrx_word' id='word_1_733' title='bbox 2401 4391 2484 4444; x_wconf 79' lang='grc' dir='ltr'>ὅτι</span> <span class='ocrx_word' id='word_1_734' title='bbox 2507 4392 2563 4443; x_wconf 88' lang='grc' dir='ltr'><strong>ἐν</strong></span> <span class='ocrx_word' id='word_1_735' title='bbox 2583 4393 2804 4464; x_wconf 83' lang='grc' dir='ltr'>Χριστῷ</span> <span class='ocrx_word' id='word_1_736' title='bbox 2830 4394 3200 4466; x_wconf 76' lang='grc' dir='ltr'>ὴλευθὲρωται</span> <span class='ocrx_word' id='word_1_737' title='bbox 3221 4413 3234 4426; x_wconf 86' lang='grc'><strong>·</strong></span> <span class='ocrx_word' id='word_1_738' title='bbox 3264 4397 3291 4450; x_wconf 83' lang='grc' dir='ltr'><strong>ὃ</strong></span> <span class='ocrx_word' id='word_1_739' title='bbox 3318 4397 3488 4467; x_wconf 81' lang='grc' dir='ltr'>πολλῷ</span> <span class='ocrx_word' id='word_1_740' title='bbox 3505 4395 3658 4466; x_wconf 70' lang='grc' dir='ltr'>μεῖζόν</span> 
     </span>
    </p>
   </div>
   <div class='ocr_carea' id='block_1_99' title="bbox 2127 4481 3658 4556">
    <p class='ocr_par' dir='ltr' id='par_1_99' title="bbox 2127 4481 3658 4556">
     <span class='ocr_line' id='line_1_99' title="bbox 2127 4481 3658 4556; baseline 0.005 -25"><span class='ocrx_word' id='word_1_741' title='bbox 2127 4481 2242 4532; x_wconf 82' lang='grc' dir='ltr'>ἐστι</span> <span class='ocrx_word' id='word_1_742' title='bbox 2273 4481 2369 4552; x_wconf 82' lang='grc' dir='ltr'><strong>τῆς</strong></span> <span class='ocrx_word' id='word_1_743' title='bbox 2409 4483 2761 4554; x_wconf 81' lang='grc' dir='ltr'>ἀνθρωπίνης</span> <span class='ocrx_word' id='word_1_744' title='bbox 2811 4485 3150 4556; x_wconf 86' lang='grc' dir='ltr'>ἐλευθερίας.</span> <span class='ocrx_word' id='word_1_745' title='bbox 3194 4487 3360 4553; x_wconf 76' lang='grc' dir='ltr'>Αὖθις</span> <span class='ocrx_word' id='word_1_746' title='bbox 3403 4489 3490 4553; x_wconf 76' lang='grc' dir='ltr'>δὲ,</span> <span class='ocrx_word' id='word_1_747' title='bbox 3529 4487 3572 4542; x_wconf 88' lang='grc' dir='ltr'><strong>εί</strong></span> <span class='ocrx_word' id='word_1_748' title='bbox 3610 4488 3658 4538; x_wconf 77' lang='grc' dir='ltr'>τὸ</span> 
     </span>
    </p>
   </div>
   <div class='ocr_carea' id='block_1_100' title="bbox 2127 4570 3654 4648">
    <p class='ocr_par' dir='ltr' id='par_1_100' title="bbox 2127 4570 3654 4648">
     <span class='ocr_line' id='line_1_100' title="bbox 2127 4570 3654 4648; baseline 0.004 -26"><span class='ocrx_word' id='word_1_749' title='bbox 2127 4570 2298 4640; x_wconf 78' lang='grc' dir='ltr'>δνομα</span> <span class='ocrx_word' id='word_1_750' title='bbox 2336 4571 2436 4639; x_wconf 67' lang='grc' dir='ltr'><strong>τῆς</strong></span> <span class='ocrx_word' id='word_1_751' title='bbox 2472 4571 2784 4644; x_wconf 80' lang='grc' dir='ltr'>ἐλευθερίας</span> <span class='ocrx_word' id='word_1_752' title='bbox 2836 4575 3056 4645; x_wconf 85' lang='grc' dir='ltr'>ἐπαίρει</span> <span class='ocrx_word' id='word_1_753' title='bbox 3103 4577 3194 4631; x_wconf 77' lang='grc' dir='ltr'>τὸν</span> <span class='ocrx_word' id='word_1_754' title='bbox 3246 4577 3539 4648; x_wconf 86' lang='grc' dir='ltr'>ἐλεύθερον,</span> <span class='ocrx_word' id='word_1_755' title='bbox 3585 4577 3654 4628; x_wconf 76' lang='grc' dir='ltr'>ἐνο</span> 
     </span>
    </p>
   </div>
   <div class='ocr_carea' id='block_1_101' title="bbox 2129 4662 3652 4739">
    <p class='ocr_par' dir='ltr' id='par_1_101' title="bbox 2129 4662 3652 4739">
     <span class='ocr_line' id='line_1_101' title="bbox 2129 4662 3652 4739; baseline 0.011 -27"><span class='ocrx_word' id='word_1_756' title='bbox 2129 4662 2341 4724; x_wconf 89' lang='grc' dir='ltr'>νοείτω,</span> <span class='ocrx_word' id='word_1_757' title='bbox 2377 4663 2460 4717; x_wconf 85' lang='grc' dir='ltr'><strong>ὅτι</strong></span> <span class='ocrx_word' id='word_1_758' title='bbox 2505 4663 2690 4729; x_wconf 78' lang='grc' dir='ltr'>δοῦλός</span> <span class='ocrx_word' id='word_1_759' title='bbox 2721 4667 2838 4720; x_wconf 85' lang='grc' dir='ltr'>ἐστι</span> <span class='ocrx_word' id='word_1_760' title='bbox 2877 4669 3141 4739; x_wconf 84' lang='grc' dir='ltr'>Χριστοῦ,</span> <span class='ocrx_word' id='word_1_761' title='bbox 3175 4671 3270 4724; x_wconf 74' lang='grc' dir='ltr'><strong>καὶ</strong></span> <span class='ocrx_word' id='word_1_762' title='bbox 3303 4667 3652 4730; x_wconf 86' lang='grc' dir='ltr'>συστελλέσθω.</span> 
     </span>
    </p>
   </div>
   <div class='ocr_carea' id='block_1_102' title="bbox 2129 4755 3654 4835">
    <p class='ocr_par' dir='ltr' id='par_1_102' title="bbox 2129 4755 3654 4835">
     <span class='ocr_line' id='line_1_102' title="bbox 2129 4755 3654 4835; baseline 0.007 -29"><span class='ocrx_word' id='word_1_763' title='bbox 2129 4755 2203 4816; x_wconf 81' lang='grc' dir='ltr'>ὡς</span> <span class='ocrx_word' id='word_1_764' title='bbox 2236 4756 2339 4808; x_wconf 79' lang='grc' dir='ltr'><strong>ὑπὸ</strong></span> <span class='ocrx_word' id='word_1_765' title='bbox 2375 4756 2651 4828; x_wconf 86' lang='grc' dir='ltr'>Δεσπότην</span> <span class='ocrx_word' id='word_1_766' title='bbox 2674 4760 2990 4830; x_wconf 79' lang='grc' dir='ltr'>τηλικοῦτον</span> <span class='ocrx_word' id='word_1_767' title='bbox 3021 4762 3117 4830; x_wconf 86' lang='grc' dir='ltr'><strong>ῶν,</strong></span> <span class='ocrx_word' id='word_1_768' title='bbox 3147 4765 3242 4820; x_wconf 73' lang='grc' dir='ltr'><strong>καὶ</strong></span> <span class='ocrx_word' id='word_1_769' title='bbox 3271 4765 3416 4835; x_wconf 78' lang='grc' dir='ltr'>αὐτῷ</span> <span class='ocrx_word' id='word_1_770' title='bbox 3439 4763 3654 4832; x_wconf 83' lang='grc' dir='ltr'>ἀρέσκειν</span> 
     </span>
    </p>
   </div>
   <div class='ocr_carea' id='block_1_103' title="bbox 2124 4848 3653 4928">
    <p class='ocr_par' dir='ltr' id='par_1_103' title="bbox 2124 4848 3653 4928">
     <span class='ocr_line' id='line_1_103' title="bbox 2124 4848 3653 4928; baseline 0.005 -29"><span class='ocrx_word' id='word_1_771' title='bbox 2124 4848 2375 4917; x_wconf 46' lang='lat' dir='ltr'><strong>destituit.</strong></span> <span class='ocrx_word' id='word_1_772' title='bbox 2415 4850 2580 4922; x_wconf 82' lang='grc' dir='ltr'>Ὁρᾷς</span> <span class='ocrx_word' id='word_1_773' title='bbox 2607 4852 2820 4922; x_wconf 84' lang='grc' dir='ltr'>σοφίαν,</span> <span class='ocrx_word' id='word_1_774' title='bbox 2851 4853 2971 4920; x_wconf 89' lang='grc' dir='ltr'><strong>πῶς</strong></span> <span class='ocrx_word' id='word_1_775' title='bbox 3001 4856 3335 4928; x_wconf 81' lang='grc' dir='ltr'>ἀμφοτέροις</span> <span class='ocrx_word' id='word_1_776' title='bbox 3362 4859 3469 4921; x_wconf 82' lang='grc' dir='ltr'>τοῖς</span> <span class='ocrx_word' id='word_1_777' title='bbox 3495 4854 3653 4928; x_wconf 81' lang='grc' dir='ltr'>μέρεσι</span> 
     </span>
    </p>
   </div>
   <div class='ocr_carea' id='block_1_104' title="bbox 2124 4940 2905 5014">
    <p class='ocr_par' dir='ltr' id='par_1_104' title="bbox 2124 4940 2905 5014">
     <span class='ocr_line' id='line_1_104' title="bbox 2124 4940 2905 5014; baseline 0.008 -21"><span class='ocrx_word' id='word_1_778' title='bbox 2124 4940 2192 4994; x_wconf 69' lang='grc' dir='ltr'>τὰ</span> <span class='ocrx_word' id='word_1_779' title='bbox 2231 4942 2581 5012; x_wconf 83' lang='grc' dir='ltr'>προσήκοντα</span> <span class='ocrx_word' id='word_1_780' title='bbox 2620 4948 2905 5014; x_wconf 72' lang='grc' dir='ltr'>παραινεῖς</span> 
     </span>
    </p>
   </div>
   <div class='ocr_carea' id='block_1_105' title="bbox 2193 5113 3650 5192">
    <p class='ocr_par' dir='ltr' id='par_1_105' title="bbox 2193 5113 3650 5192">
     <span class='ocr_line' id='line_1_105' title="bbox 2193 5113 3650 5192; baseline -0.005 -14"><span class='ocrx_word' id='word_1_781' title='bbox 2193 5133 2211 5165; x_wconf 66' lang='grc' dir='ltr'><strong>ε</strong></span> <span class='ocrx_word' id='word_1_782' title='bbox 2247 5113 2429 5185; x_wconf 76' lang='grc' dir='ltr'>Τιμῆς</span> <span class='ocrx_word' id='word_1_783' title='bbox 2470 5115 2838 5188; x_wconf 68' lang='grc' dir='ltr'>ἠγοράσθητε.</span> <span class='ocrx_word' id='word_1_784' title='bbox 2898 5120 2974 5192; x_wconf 80' lang='grc' dir='ltr'><strong>μή</strong></span> <span class='ocrx_word' id='word_1_785' title='bbox 3007 5121 3228 5190; x_wconf 83' lang='grc' dir='ltr'>γίνεσθε</span> <span class='ocrx_word' id='word_1_786' title='bbox 3263 5121 3433 5175; x_wconf 87' lang='grc' dir='ltr'>δοῦλοι</span> <span class='ocrx_word' id='word_1_787' title='bbox 3474 5114 3650 5188; x_wconf 84' lang='grc' dir='ltr'>ἀνθρὼ-</span> 
     </span>
    </p>
   </div>
   <div class='ocr_carea' id='block_1_106' title="bbox 2119 5205 3649 5284">
    <p class='ocr_par' dir='ltr' id='par_1_106' title="bbox 2119 5205 3649 5284">
     <span class='ocr_line' id='line_1_106' title="bbox 2119 5205 3649 5284; baseline 0.004 -25"><span class='ocrx_word' id='word_1_788' title='bbox 2119 5225 2257 5260; x_wconf 89' lang='grc' dir='ltr'>πων.</span> <span class='ocrx_word' id='word_1_789' title='bbox 2293 5209 2563 5272; x_wconf 78' lang='grc' dir='ltr'>Ἕκαστος</span> <span class='ocrx_word' id='word_1_790' title='bbox 2586 5211 2644 5263; x_wconf 87' lang='grc' dir='ltr'><strong>ἐν</strong></span> <span class='ocrx_word' id='word_1_791' title='bbox 2678 5205 2723 5280; x_wconf 82' lang='grc' dir='ltr'><strong>ᾧ</strong></span> <span class='ocrx_word' id='word_1_792' title='bbox 2751 5212 2990 5284; x_wconf 85' lang='grc' dir='ltr'>ἐκλήθη,</span> <span class='ocrx_word' id='word_1_793' title='bbox 3025 5214 3264 5284; x_wconf 75' lang='grc' dir='ltr'>ἀδελφοὶ,</span> <span class='ocrx_word' id='word_1_794' title='bbox 3293 5217 3350 5267; x_wconf 87' lang='grc' dir='ltr'><strong>ἐν</strong></span> <span class='ocrx_word' id='word_1_795' title='bbox 3375 5212 3533 5282; x_wconf 81' lang='grc' dir='ltr'>τούτῳ</span> <span class='ocrx_word' id='word_1_796' title='bbox 3570 5224 3649 5278; x_wconf 59' lang='grc' dir='ltr'>με’</span> 
     </span>
    </p>
   </div>
   <div class='ocr_carea' id='block_1_107' title="bbox 2120 5296 3645 5375">
    <p class='ocr_par' dir='ltr' id='par_1_107' title="bbox 2120 5296 3645 5375">
     <span class='ocr_line' id='line_1_107' title="bbox 2120 5296 3645 5375; baseline -0.001 -25"><span class='ocrx_word' id='word_1_797' title='bbox 2120 5298 2258 5351; x_wconf 84' lang='grc' dir='ltr'>νέτω</span> <span class='ocrx_word' id='word_1_798' title='bbox 2289 5299 2439 5370; x_wconf 81' lang='grc' dir='ltr'><strong>παρά</strong></span> <span class='ocrx_word' id='word_1_799' title='bbox 2479 5300 2619 5372; x_wconf 82' lang='grc' dir='ltr'>Θεῷ.</span> <span class='ocrx_word' id='word_1_800' title='bbox 2673 5320 2692 5355; x_wconf 75' lang='grc' dir='ltr'><strong>ι</strong></span> <span class='ocrx_word' id='word_1_801' title='bbox 2747 5303 2822 5358; x_wconf 81' lang='grc' dir='ltr'><strong>Οὐ</strong></span> <span class='ocrx_word' id='word_1_802' title='bbox 2863 5305 3000 5374; x_wconf 85' lang='grc' dir='ltr'>πρὸς</span> <span class='ocrx_word' id='word_1_803' title='bbox 3031 5306 3248 5368; x_wconf 85' lang='grc' dir='ltr'>οίκέτας</span> <span class='ocrx_word' id='word_1_804' title='bbox 3292 5305 3477 5375; x_wconf 85' lang='grc' dir='ltr'>μόνους</span> <span class='ocrx_word' id='word_1_805' title='bbox 3517 5296 3645 5352; x_wconf 74' lang='grc' dir='ltr'>τοῦτό</span> 
     </span>
    </p>
   </div>
   <div class='ocr_carea' id='block_1_108' title="bbox 2121 5388 3644 5466">
    <p class='ocr_par' dir='ltr' id='par_1_108' title="bbox 2121 5388 3644 5466">
     <span class='ocr_line' id='line_1_108' title="bbox 2121 5388 3644 5466; baseline 0.003 -22"><span class='ocrx_word' id='word_1_806' title='bbox 2121 5408 2307 5462; x_wconf 78' lang='grc' dir='ltr'>φησιν,</span> <span class='ocrx_word' id='word_1_807' title='bbox 2328 5392 2460 5445; x_wconf 84' lang='grc' dir='ltr'><strong>ἀλλά</strong></span> <span class='ocrx_word' id='word_1_808' title='bbox 2483 5394 2576 5446; x_wconf 68' lang='grc' dir='ltr'>καὶ</span> <span class='ocrx_word' id='word_1_809' title='bbox 2594 5393 2730 5462; x_wconf 77' lang='grc' dir='ltr'>πρὸς</span> <span class='ocrx_word' id='word_1_810' title='bbox 2755 5395 3093 5466; x_wconf 81' lang='grc' dir='ltr'>ἐλευθέρους,</span> <span class='ocrx_word' id='word_1_811' title='bbox 3120 5394 3395 5466; x_wconf 86' lang='grc' dir='ltr'>παραινῶν</span> <span class='ocrx_word' id='word_1_812' title='bbox 3415 5393 3532 5447; x_wconf 81' lang='grc' dir='ltr'>πᾶσι</span> <span class='ocrx_word' id='word_1_813' title='bbox 3554 5388 3644 5448; x_wconf 75' lang='grc' dir='ltr'>τοῖς</span> 
     </span>
    </p>
   </div>
   <div class='ocr_carea' id='block_1_109' title="bbox 2119 5481 3640 5560">
    <p class='ocr_par' dir='ltr' id='par_1_109' title="bbox 2119 5481 3640 5560">
     <span class='ocr_line' id='line_1_109' title="bbox 2119 5481 3640 5560; baseline -0.016 -8"><span class='ocrx_word' id='word_1_814' title='bbox 2119 5488 2485 5558; x_wconf 76' lang='grc' dir='ltr'>Χριστιανοῖς.</span> <span class='ocrx_word' id='word_1_815' title='bbox 2511 5487 2556 5518; x_wconf 77' lang='lat'><strong><em>°°</em></strong></span> <span class='ocrx_word' id='word_1_816' title='bbox 2600 5486 2675 5558; x_wconf 79' lang='grc' dir='ltr'>μὴ</span> <span class='ocrx_word' id='word_1_817' title='bbox 2697 5487 2834 5559; x_wconf 65' lang='grc' dir='ltr'>πρὸς</span> <span class='ocrx_word' id='word_1_818' title='bbox 2866 5488 3158 5559; x_wconf 80' lang='grc' dir='ltr'>ἀρέσκειαν</span> <span class='ocrx_word' id='word_1_819' title='bbox 3192 5488 3480 5560; x_wconf 84' lang='grc' dir='ltr'>ἀνθρώπων</span> <span class='ocrx_word' id='word_1_820' title='bbox 3499 5481 3640 5537; x_wconf 67' lang='grc' dir='ltr'>ποιεῖν</span> 
     </span>
    </p>
   </div>
   <div class='ocr_carea' id='block_1_110' title="bbox 1731 5581 2299 5645">
    <p class='ocr_par' dir='ltr' id='par_1_110' title="bbox 1731 5581 2299 5645">
     <span class='ocr_line' id='line_1_110' title="bbox 1731 5581 2299 5645; baseline -0.002 -2"><span class='ocrx_word' id='word_1_821' title='bbox 1731 5582 1936 5645; x_wconf 60' lang='lat' dir='ltr'><strong>Variae</strong></span> <span class='ocrx_word' id='word_1_822' title='bbox 1969 5581 2299 5645; x_wconf 88' lang='lat' dir='ltr'><strong>lectiones.</strong></span> 
     </span>
    </p>
   </div>
   <div class='ocr_carea' id='block_1_111' title="bbox 509 5675 3635 5764">
    <p class='ocr_par' dir='ltr' id='par_1_111' title="bbox 509 5675 3635 5764">
     <span class='ocr_line' id='line_1_111' title="bbox 509 5675 3635 5764; baseline -0.004 -17"><span class='ocrx_word' id='word_1_823' title='bbox 509 5695 554 5726; x_wconf 83' lang='lat'><strong>&quot;&#39;</strong></span> <span class='ocrx_word' id='word_1_824' title='bbox 587 5693 854 5757; x_wconf 82' lang='grc' dir='ltr'>γένωνται</span> <span class='ocrx_word' id='word_1_825' title='bbox 895 5711 948 5750; x_wconf 88' lang='lat'><strong>0.</strong></span> <span class='ocrx_word' id='word_1_826' title='bbox 1027 5693 1073 5726; x_wconf 80' lang='lat'>“</span> <span class='ocrx_word' id='word_1_827' title='bbox 1101 5694 1207 5747; x_wconf 89' lang='grc' dir='ltr'><strong>τῶν</strong></span> <span class='ocrx_word' id='word_1_828' title='bbox 1232 5691 1459 5747; x_wconf 82' lang='grc' dir='ltr'>ἐντολῶν</span> <span class='ocrx_word' id='word_1_829' title='bbox 1491 5707 1544 5748; x_wconf 92' lang='grc' dir='ltr'><strong>ο.</strong></span> <span class='ocrx_word' id='word_1_830' title='bbox 1627 5691 1672 5725; x_wconf 76' lang='grc'><strong>⁵³</strong></span> <span class='ocrx_word' id='word_1_831' title='bbox 1723 5693 1782 5744; x_wconf 86' lang='grc' dir='ltr'>ἐν</span> <span class='ocrx_word' id='word_1_832' title='bbox 1900 5687 2105 5758; x_wconf 83' lang='grc' dir='ltr'>ἐτάχθη</span> <span class='ocrx_word' id='word_1_833' title='bbox 2151 5685 2381 5756; x_wconf 81' lang='grc' dir='ltr'>μενέτω.</span> <span class='ocrx_word' id='word_1_834' title='bbox 2445 5687 2620 5743; x_wconf 77' lang='grc' dir='ltr'>Ἀλλ.</span> <span class='ocrx_word' id='word_1_835' title='bbox 2665 5688 2722 5741; x_wconf 80' lang='grc' dir='ltr'><strong>ἐν</strong></span> <span class='ocrx_word' id='word_1_836' title='bbox 2771 5685 2956 5759; x_wconf 77' lang='grc' dir='ltr'>ἐκείνῃ</span> <span class='ocrx_word' id='word_1_837' title='bbox 3008 5685 3219 5760; x_wconf 65' lang='grc' dir='ltr'>μενέτω</span> <span class='ocrx_word' id='word_1_838' title='bbox 3271 5699 3325 5743; x_wconf 85' lang='grc' dir='ltr'><strong>ο.</strong></span> <span class='ocrx_word' id='word_1_839' title='bbox 3419 5681 3461 5716; x_wconf 81' lang='grc'>⁶⁹</span> <span class='ocrx_word' id='word_1_840' title='bbox 3497 5675 3635 5734; x_wconf 75' lang='grc' dir='ltr'>πᾶσιν</span> 
     </span>
    </p>
   </div>
   <div class='ocr_carea' id='block_1_112' title="bbox 435 5764 823 5836">
    <p class='ocr_par' dir='ltr' id='par_1_112' title="bbox 435 5764 823 5836">
     <span class='ocr_line' id='line_1_112' title="bbox 435 5764 823 5836; baseline -0.003 -15"><span class='ocrx_word' id='word_1_841' title='bbox 435 5764 740 5836; x_wconf 67' lang='grc' dir='ltr'>ἀνθρώποις</span> <span class='ocrx_word' id='word_1_842' title='bbox 773 5785 823 5820; x_wconf 89' lang='grc' dir='ltr'><strong>υ.</strong></span> 
     </span>
    </p>
   </div>
   <div class='ocr_carea' id='block_1_113' title="bbox 2129 5879 2170 5897">
    <p class='ocr_par' dir='ltr' id='par_1_113' title="bbox 2129 5879 2170 5897">
     <span class='ocr_line' id='line_1_113' title="bbox 2129 5879 2170 5897; baseline 0 -3"><span class='ocrx_word' id='word_1_843' title='bbox 2129 5879 2170 5897; x_wconf 44' lang='grc' dir='ltr'><strong><em>Α</em></strong></span> 
     </span>
    </p>
   </div>
  </div>
