3874 6594
442 305 548 372 65]

1308 308 1884 370 TlIEOPllYLACTl
1930 310 2338 372 BULGARhE
2368 310 2721 373 ARCHIEP.

3609 312 3700 378 652

451 443 469 475 ι
500 424 609 494 Ego
644 431 844 486 autem,
889 439 906 474 ι
953 419 1148 491 inquit,
1198 422 1394 478 «vobis
1454 438 1641 492 parco,
1701 442 1718 475 ι
1776 435 2031 495 tanquam

2145 429 2323 498 Βομαι,
2371 447 2390 480 ι
2421 429 2497 493 ὡς
2520 429 2750 496 τέκνων,
2778 427 2874 482 καὶ
2905 427 3172 500 βούλομαι
3209 429 3354 502 ὑμᾶς
3393 431 3698 504 ἐλευθέρους

445 516 590 579 ﬁliis,
619 517 848 584 votoque
873 513 1073 569 liberos
1101 529 1196 569 vos
1224 529 1367 581 esse,
1399 526 1662 585 extraque
1691 531 1978 570 mmrorem
2012 535 2024 570 :

447 618 701 678 tanquam
736 606 1137 660 matrimonium
1179 622 1352 662 nexus
1391 607 1660 676 quispiam
1691 607 1784 671 sit,
1826 607 2031 677 quique

444 712 510 752 eo
545 698 653 752 sint
687 697 946 768 colligati,
979 713 1087 753 non
1118 697 1228 752 sint
1261 698 1342 753 sui
1372 697 1534 769 juris,
1571 706 1630 752 ut
1670 713 1836 769 supra
1884 712 2033 752 com-

447 801 800 844 memoratum
841 800 943 846 est.

516 881 682 938 Vens.
706 883 795 938 29.
828 901 846 935 ι
882 881 994 937 Hoc
1013 891 1191 937 autem
1223 882 1365 946 dico,
1392 880 1606 948 fratres,
1637 891 1846 953 tempus
1873 885 2036 938 breve

445 989 528 1032 est
562 995 574 1031 :
609 977 874 1046 reliquum
911 983 1014 1042 est,
1059 995 1078 1028 ι
1131 975 1263 1030 Cum
1305 975 1556 1039 dixisset,
1600 993 1618 1026 ι
1669 975 2034 1030 Alllictionem

446 1069 720 1124 habebunt
750 1069 802 1122 in
841 1084 1028 1123 carne.
1069 1086 1088 1120 ι
1129 1083 1200 1122 ne
1222 1067 1345 1136 quis
1372 1067 1528 1138 163
1557 1066 1842 1136 adjiceret,
1879 1069 2033 1138 atqui

443 1171 495 1216 et
520 1160 846 1230 voluptatem
877 1157 1450 1215 habebuntzsubsecat
1484 1169 1536 1214 et
1559 1159 1737 1214 aufert
1761 1177 1878 1230 qua:
1909 1170 2036 1215 sunt

441 1254 756 1324 voluptatis,
797 1267 895 1322 per
922 1255 1026 1306 hoc
1048 1252 1193 1321 quod
1245 1259 1459 1322 tempus
1521 1267 1644 1307 esse
1691 1263 2032 1308 contractum

441 1355 496 1403 et
526 1346 689 1400 breve
717 1344 1040 1400 subinlera’t.
1070 1343 1150 1397 Ad
1185 1342 1598 1398 dissolutionem
1629 1343 1775 1398 enim
1807 1351 1862 1397 et
1897 1343 2034 1398 inte-

440 1439 608 1493 ritum
649 1437 830 1492 omnia
872 1444 1119 1507 vergunt,
1182 1434 1744 1506 appropinquavitque
1806 1448 2030 1502 regnum

440 1530 669 1597 Christi,
698 1545 760 1584 ac
788 1530 840 1584 in
882 1538 1154 1600 posterum
1188 1529 1254 1582 ad
1282 1528 1456 1598 ipsum
1484 1528 1719 1598 migrare
1745 1527 2028 1582 debemus.

439 1624 620 1693 Quare
641 1624 804 1678 etiam
837 1631 892 1678 et
925 1621 1180 1677 nonnulla
1209 1620 1262 1674 in
1289 1619 1634 1675 matrimonio
1659 1617 1906 1687 voluptas
1927 1627 2030 1683 est,

439 1730 502 1769 ea
531 1725 707 1768 tamen
741 1712 921 1768 brevis
953 1719 1056 1776 est,
1109 1711 1414 1782 exiguoque
1439 1709 1697 1778 temporis
1736 1707 1909 1778 spatio
1931 1707 2026 1760 du-

445 1816 628 1860 ratura
656 1823 670 1859 :
706 1815 869 1874 atque
900 1804 1002 1858 hoc
1049 1801 1223 1873 ipsqu
1257 1811 1343 1857 est
1370 1800 1610 1856 amictio.

513 1877 676 1948 Vens.
706 1893 900 1949 29-31.
937 1911 955 1944 ι
1003 1893 1072 1948 Ut
1111 1893 1201 1962 qui
1237 1893 1441 1946 habent
1499 1905 1720 1954 uxores,
1773 1897 2030 1958 tauquam

438 2003 544 2043 non
577 1989 841 2043 habentes
877 1987 984 2042 sint
1017 2005 1030 2041 :
1060 1987 1126 2042 Et
1163 1985 1256 2057 qui
1297 1984 1449 2049 ﬂent,
1473 1996 1728 2053 tanquam
1763 2001 1865 2038 non
1892 1983 2027 2036 “ull-

441 2096 520 2135 tes
553 2088 649 2136 ιρι
681 2081 772 2150 qui
819 2079 1072 2150 gaudent,
1121 2088 1377 2148 tanquam
1411 2093 1516 2131 nou
1571 2077 1868 2147 gaudentes
1919 2093 1934 2128 :
1977 2086 2032 2132 ct

438 2175 530 2244 qui
561 2184 766 2237 emunt,
803 2186 1060 2246 tanquam
1092 2187 1202 2226 non
1239 2171 1577 2242 possidentes
1613 2186 1626 2223 :
1661 2169 1836 2238 thni
1863 2180 2030 2222 ututi-

438 2275 527 2320 tur
565 2267 666 2320 hoc
703 2265 926 2330 mundo,
962 2275 1220 2332 tanquam
1279 2278 1384 2315 non
1421 2271 1666 2315 utantur.
1722 2278 1741 2312 ι
1780 2257 1940 2325 Quod
1983 2261 2030 2313 si

437 2361 529 2426 qui
585 2374 782 2413 uxores
843 2359 1064 2422 habent,
1129 2365 1387 2425 tanquam
1450 2369 1556 2409 non
1593 2353 1848 2418 habeant,
1909 2367 2030 2407 esse

438 2453 691 2516 debeant,
719 2450 845 2522 quid
868 2450 1006 2504 ultra
1035 2449 1273 2520 proderit
1307 2451 1358 2502 in
1381 2447 1726 2502 matrimonio
1748 2445 2028 2516 conjungi,

435 2543 647 2614 sibique
673 2543 772 2615 ipsi
803 2558 938 2598 onus
960 2541 1228 2610 injicere?
1269 2542 1406 2608 Quid
1442 2551 1625 2594 autem
1665 2549 1768 2603 cst,
1811 2556 1830 2591 ι
1887 2537 2029 2592 Tan-

437 2653 597 2701 quam
641 2651 747 2690 non
783 2633 1087 2689 habentes?
1124 2651 1142 2685 ι
1180 2648 1298 2704 pro,
1359 2647 1465 2686 non
1519 2628 1688 2697 allixi,
1713 2645 1817 2684 non
1869 2645 2030 2683 omne

433 2731 676 2784 studium
734 2730 882 2783 circa
950 2727 1180 2797 nuptias
1207 2737 1262 2782 et
1329 2741 1556 2781 uxorem
1627 2724 2024 2794 impendentes.

438 2819 790 2876 Consimilem
834 2821 899 2876 ad
925 2820 1216 2884 rationem,
1253 2833 1427 2889 neque
1454 2819 1599 2872 circa
1628 2817 1756 2883 alia,
1786 2817 1900 2872 sive
1935 2816 2031 2871 tri-

440 2916 570 2981 stia,
598 2929 715 2984 quae
746 2928 861 2984 per,
895 2912 1106 2980 ﬂentes,
1141 2913 1318 2966 innuit
1342 2929 1357 2976 ;
1380 2912 1495 2967 sive
1519 2911 1882 2977 delectabilia,
1909 2925 2030 2982 quae

437 3023 554 3077 per,
573 3009 889 3078 gaudentes,
912 3005 1240 3076 signiﬁcavit
1270 3023 1286 3072 ;
1316 3019 1493 3076 neque
1526 3005 1671 3060 circa
1716 3013 2028 3059 contractus

2063 1797 2111 1857 B

2137 515 2277 574 εἶναι
2303 523 2400 574 καὶ
2429 521 2673 586 ἀλύπους
2694 537 2708 551 ·
2746 522 2822 586 ὡς
2849 523 2878 577 ὁ
2903 521 3080 593 γάμος
3110 540 3174 592 γε
3210 525 3306 577 καὶ
3344 525 3545 595 δεσμός
3572 527 3694 594 ἐστι,

2137 612 2231 667 καὶ
2269 615 2318 668 οἱ
2349 614 2455 668 ὑπὸ
2495 615 2686 669 τοῦτον
2713 615 2888 680 ὄντες,
2926 615 3139 669 ἑαυτῶν
3168 616 3270 669 οὐκ
3300 615 3696 684 ὲξουσιάζουαι,

2137 707 2213 771 ὼς
2243 708 2506 779 ἀνωτέρω
2537 709 2776 780 είρηται.

2216 905 2233 937 ι
2277 884 2448 938 Τοῦτο
2473 885 2532 939 δέ
2566 901 2736 957 φημι,
2761 884 3010 956 ἀδελφοὶ,
3037 885 3121 938 ὅτι
3144 886 3173 938 ὀ
3208 885 3400 956 καιρὸς
3429 887 3696 939 συνεσταλ-

2140 977 2301 1050 μένος
2331 979 2393 1034 τδ
2424 980 2612 1033 λοιπόν
2640 983 2808 1036 ἐστιν.
2856 998 2874 1030 ι
2915 980 3137 1051 Ἐπειδὴ
3161 975 3335 1044 εἶπεν,
3367 981 3452 1033 ὅτι
3482 999 3500 1031 ι
3532 979 3698 1048 Θλίψιν

2137 1072 2323 1137 ἕξουσι
2349 1075 2414 1144 τῇ
2443 1073 2632 1144 σαρκὶ,
2673 1092 2692 1125 ι
2728 1074 2816 1126 ἵνα
2848 1074 2922 1145 μή
2950 1091 3036 1136 τις
3073 1074 3236 1146 εἴπῃ·
3275 1072 3441 1134 Ἃ).λά
3481 1075 3574 1126 καὶ
3596 1075 3698 1143 ἡδο·

2137 1168 2271 1239 νήν·
2319 1168 2616 1238 ὑποτέμνει
2660 1168 2730 1222 τὰ
2761 1167 2864 1238 τῆς
2910 1167 3128 1238 ἡδονῆς,
3163 1169 3230 1220 ὲκ
3266 1166 3362 1222 τοῦ
3396 1165 3490 1220 τὸν
3531 1168 3695 1237 καιρὸν

2138 1259 2575 1329 συνεσταλμένον
2601 1260 2943 1328 εἰσαγαγεῖν.
2993 1260 3140 1330 Πρὸς
3165 1259 3321 1312 λύσιν
3341 1261 3450 1328 γὰρ
3475 1259 3697 1328 ὲπείγονυ

2137 1369 2227 1406 ται
2258 1353 2327 1406 τὰ
2367 1351 2567 1414 πάντα,
2593 1352 2689 1404 καὶ
2723 1351 2952 1422 ἤγγικεν
2988 1351 3022 1420 ἡ
3048 1349 3296 1421 βασιλεία
3319 1349 3415 1402 τοῦ
3458 1349 3696 1420 Χριστοῦ,

2136 1447 2233 1499 καὶ
2267 1445 2452 1499 λοιπὸν
2487 1445 2624 1516 πρὸς
2655 1445 2822 1498 αὐτὸν
2847 1444 3150 1513 ἀποδημεῖν
3189 1443 3509 1514 ὀφείλομεν.
3557 1443 3699 1497 Ὥστε

2135 1540 2230 1596 καὶ
2255 1541 2304 1592 εί
2340 1539 2502 1610 ἡδονή
2529 1539 2610 1604 τίς
2635 1541 2806 1603 ἐστιν,
2854 1537 2991 1592 ἀλλά
3020 1537 3252 1608 βραχεῖα
3273 1535 3444 1608 αὕτη,
3481 1537 3575 1590 καὶ
3603 1535 3699 1591 ὀλι-

2133 1632 2446 1706 γοχρόνιος*
2481 1631 2576 1686 καὶ
2611 1630 2778 1686 τοῦτο
2815 1630 2872 1685 δὲ
2902 1629 3036 1684 αὐτὸ
3072 1629 3275 1702 θλῖψις.

2206 1939 2224 1972 ι
2256 1919 2371 1973 Ἵνα
2400 1920 2494 1973 καὶ
2517 1919 2564 1973 oi
2589 1918 2803 1990 ἔχοντες
2821 1919 3110 1985 γυναῖκας,
3134 1913 3209 1978 ὡς
3241 1914 3315 1986 μὴ
3338 1913 3554 1986 ἔχοντες
3576 1911 3666 1968 tim
3682 1927 3696 1943 '

2132 2013 2227 2068 καὶ
2251 2014 2299 2066 oi
2323 2013 2628 2076 κλαίοντες,
2655 2011 2731 2074 ὡς
2757 2010 2833 2080 μὴ
2863 2009 3146 2070 κλαίοντες
3173 2025 3187 2038 ·
3213 2008 3309 2060 καὶ
3337 2008 3386 2060 οί
3417 2006 3695 2078 χαίροντες,

2129 2107 2204 2171 ὡς
2250 2107 2324 2178 μὴ
2357 2106 2643 2177 χαίροντες
2663 2121 2678 2136 ο
2707 2106 2801 2157 καὶ
2831 2105 2879 2156 οί
2927 2102 3313 2172 ἀγοράζοντες,
3347 2100 3426 2162 ὼς
3457 2101 3531 2169 μὴ
3589 2116 3698 2152 κατε

2132 2205 2348 2276 έχοντες
2371 2221 2386 2235 ο
2423 2203 2516 2255 καὶ
2569 2203 2618 2254 oi.
2664 2199 2939 2270 χρώμενοι
2992 2197 3070 2268 τῷ
3096 2198 3285 2268 κόσμῳ
3317 2198 3512 2266 τούτῳ,
3542 2195 3612 2258 ῶς
3637 2194 3698 2265 μὴ

2131 2295 2572 2366 καταχρώμενοι.
2617 2312 2636 2345 ι
2689 2293 2846 2344 Ἑπεὶ
2879 2292 2975 2344 καὶ
3003 2292 3053 2344 oi
3081 2290 3325 2361 ἔχοντες,
3357 2287 3434 2351 ὡς
3469 2286 3543 2358 μὴ
3569 2287 3698 2358 ἕχον·-

2129 2405 2222 2451 τες
2265 2385 2573 2455 ὀφείλουσιν
2605 2379 2767 2448 εἶναι,
2801 2381 2854 2434 τί
2884 2381 2965 2435 δεί
3005 2380 3193 2434 λοιπὸν
3220 2381 3359 2442 ὅλως
3397 2379 3696 2448 συζυγῆναι,

2131 2481 2226 2535 καὶ
2257 2481 2436 2550 ἑαυτῷ
2470 2477 2691 2548 φορτίον
2715 2476 3035 2541 ὲπιὸαλεῖνς
3063 2474 3130 2528 Τί
3157 2473 3214 2527 δέ
3253 2475 3428 2535 ἐστιν,
3457 2490 3478 2524 ι
3518 2471 3600 2535 '0;
3633 2471 3696 2542 μὴ

2129 2573 2380 2642 ἔχοντεςς
2417 2589 2436 2622 ι
2475 2569 2597 2623 ἀντὶ
2633 2568 2751 2633 τοῦ,
2789 2568 2850 2620 οὐ
2895 2566 3319 2639 προσηὶὼμενοι
3346 2566 3416 2631 ⁸⁵,
3457 2564 3576 2618 οὐδὲ
3610 2565 3700 2619 πᾶ-

2132 2684 2234 2720 σαν
2268 2665 2366 2735 τὴν
2398 2663 2634 2734 σπουδὴν
2668 2663 2797 2732 περὶ
2839 2663 2931 2715 τὸν
2970 2663 3148 2731 τάμον
3179 2661 3275 2713 καὶ
3316 2659 3418 2722 τὰς
3449 2659 3692 2726 γυναῖκας

2131 2757 2541 2819 ἀναλίσκοντες.
2583 2755 2858 2817 Ὡσαύτως
2884 2753 3004 2808 οὐδὲ
3047 2753 3176 2823 περί
3209 2769 3263 2804 τι
3307 2750 3416 2803 τῶν
3451 2750 3634 2813 ἄλλων,
3662 2748 3688 2818 ἢ

2131 2850 2413 2923 λυπηρῶν,
2464 2849 2501 2904 ἃ
2554 2850 2643 2903 διὰ
2696 2847 2792 2902 τοῦ
2833 2847 3043 2901 κλαίειν
3081 2845 3305 2917 ᾐνίξατο
3329 2845 3407 2914 ’ἦ
3447 2841 3690 2914 τερπνῶν,

2130 2942 2167 2998 ἃ
2199 2942 2288 2996 διὰ
2310 2940 2404 2995 τοῦ
2431 2939 2644 3012 χαίρειν
2675 2939 2944 3009 ἐδήλωσεν
2963 2954 2977 2969 ⁸
3015 2938 3050 3010 ἢ
3081 2938 3190 2992 τῶν
3227 2934 3688 3002 συναλλαγμάτων,

2138 3035 2174 3089 ἃ
2230 3034 2321 3088 διὰ
2373 3033 2468 3086 τοῦ
2524 3032 2820 3103 ἀγοράζειν
2861 3031 3144 3100 ἐνέφηνεν.
3201 3027 3408 3098 ὀφείλει
3457 3043 3537 3084 τις
3572 3022 3690 3076 πάνυ

439 3117 574 3172 quos
621 3117 719 3170 per
753 3101 1083 3170 emptionem
1145 3099 1428 3162 indicavii,
1469 3097 1844 3153 vehementius
1874 3096 2026 3166 quis-

2145 3126 2497 3198 σφοδρότερον
2530 3096 2586 3157 ⁸⁸-
2611 3096 2974 3188 σπουδάζειν.-
2997 3096 3106 3176 Καὶ
3153 3122 3226 3187 τί,
3247 3096 3254 3098 ﬁ
3279 3122 3436 3191 φησὶ,
3473 3120 3589 3173 τάδε
3615 3119 3694 3172 καὶ

439 3196 582 3264 piam
610 3194 831 3248 studere
868 3193 1047 3247 debet.
1079 3189 1352 3258 Quorsum
1384 3206 1537 3255 vero,
1570 3192 1667 3256 ait,
1694 3189 1810 3243 haec
1835 3198 1888 3242 et
1938 3188 2024 3242 illa

440 3285 734 3342 recenseo?
769 3284 884 3340 Uno
913 3283 1304 3340 verbodicazn:
1333 3283 1436 3350 Qui
1467 3291 1690 3337 utuntur
1729 3283 1828 3338 hoc
1861 3297 2023 3336 mun-

437 3380 529 3444 do,
559 3378 1014 3446 nondebentipso
1049 3377 1218 3442 abuti,
1245 3378 1345 3431 hoc
1375 3384 1480 3442 cst,
1534 3374 1685 3429 omni
1739 3376 1920 3430 studio
1975 3381 2029 3427 et

441 3470 634 3528 affectu
666 3473 738 3526 illi
770 3471 1103 3526 incumbere.
1137 3470 1351 3525 Abusus
1420 3471 1561 3524 enim
1597 3479 1680 3525 est
1723 3467 2030 3539 superﬂuus

439 3582 587 3631 usus,
623 3575 676 3620 et
700 3567 956 3620 decorum
999 3579 1354 3635 exsuperans.

519 3681 537 3715 ι
573 3660 824 3716 Pranerit
846 3662 990 3715 enim
1014 3660 1181 3730 ﬁgura
1203 3658 1387 3713 mundi
1413 3655 1594 3726 hujus.
1634 3675 1651 3710 ι
1676 3655 1730 3711 ld
1753 3665 1857 3724 est,
1881 3667 2028 3712 tran-

435 3757 511 3813 sit
541 3765 595 3812 et
625 3755 962 3810 dissolvitur.
1002 3753 1140 3820 Quid
1172 3768 1300 3821 ergo
1339 3767 1525 3806 amore
1554 3747 1672 3822 ejus
1725 3763 2031 3812 teneamur.

439 3851 580 3918 quod
610 3847 964 3903 dissolvitur?
997 3846 1249 3915 Figuram
1271 3855 1449 3900 autem
1471 3847 1781 3916 appellavit,
1804 3846 2036 3902 innuens

441 3942 603 4011 hujus
644 3941 827 3994 mundi
863 3953 946 3994 res
981 3939 1166 3993 oculos
1198 3947 1409 3994 tantum
1466 3940 1752 4008 attingere,
1805 3955 1866 3993 ac
1892 3938 2036 3995 leves

438 4050 580 4099 esse,
612 4034 816 4088 nullam
850 4033 1196 4088 stabilitatem
1233 4042 1284 4087 et
1316 4032 1722 4088 subsistentiam
1748 4032 2036 4088 habentes.

512 4218 681 4273 Vens.
717 4215 806 4272 δί.
838 4232 856 4266 ι
904 4213 1034 4268 Volo
1061 4224 1240 4268 autem
1278 4229 1372 4270 vos
1427 4215 1637 4284 absque
1668 4214 2036 4270 sollicitudine

443 4327 584 4367 esse.
622 4330 640 4362 ι
671 4310 958 4376 Quomodo
987 4325 1114 4362 vero
1135 4309 1513 4362 sollicitudinis
1548 4317 1800 4378 expertes
1825 4309 2041 4363 simus?

440 4405 487 4457 si
525 4401 738 4456 caelibes
765 4403 1245 4470 permanserimns.
1275 4399 1440 4453 Infert
1465 4400 1660 4468 igitur:

522 4499 681 4552 Vens.
706 4496 891 4558 52,55.
918 4512 936 4545 ι
961 4495 1059 4562 Qui
1083 4496 1500 4554 sineuxoreest,
1523 4492 1790 4548 sollicitus
1813 4504 2038 4563 estquae

444 4594 658 4648 Domini
704 4598 851 4656 sunt,
897 4591 1168 4658 quomodo
1208 4588 1414 4656 placeat
1465 4588 1712 4642 Domino.
1743 4586 1845 4654 Qui
1911 4603 2038 4641 vero

445 4706 567 4743 cum
605 4700 772 4739 uxore
803 4693 908 4748 est,
938 4683 1202 4736 sollicitus
1233 4693 1315 4736 εδει
1345 4697 1463 4752 qua:
1489 4691 1614 4735 sunt
1645 4683 1852 4746 mundi,
1895 4698 2035 4750 quo-

449 4783 609 4838 modo
650 4781 862 4849 placeat
902 4779 1088 4834 uxori:
1115 4797 1132 4829 ι
1173 4778 1454 4844 Quomodo
1477 4777 1664 4832 volens
1700 4793 1798 4831 nos
1835 4780 2037 4848 absque

450 4874 822 4930 sollicitudine
845 4887 989 4937 esse,
1018 4887 1050 4926 ο
1079 4869 1263 4935 Paule,
1297 4885 1360 4925 ac
1381 4879 1668 4939 propterea
1709 4886 1808 4925 nos
1844 4872 1896 4924 in
1929 4886 2032 4925 ra:-

447 4969 958 5029 libaluasservans,
985 4979 1198 5016 rursum
1250 4963 1384 5016 dicis
1418 4981 1432 5018 :
1469 4981 1487 5014 ι
1548 4963 1648 5030 Qui
1690 4965 1809 5018 sine
1863 4979 2029 5017 uxnrc

447 5075 552 5129 est,
574 5065 639 5118 de
663 5065 726 5116 iis
741 5076 860 5132 ane
888 5057 1094 5113 Domini
1111 5066 1235 5111 Slllll
1255 5057 1516 5114 sollicitus
1531 5057 1654 5113 est?
1680 5075 1698 5109 ι
1728 5057 1864 5111 Ecce
1886 5060 2029 5112 enim

449 5162 645 5215 iterum
679 5155 1099 5214 sollicitudines.
1130 5154 1233 5208 Sed
1285 5168 1388 5208 non
1421 5153 1581 5215 tales,
1615 5153 1811 5221 inquit,
1847 5151 2037 5222 quales

449 5263 571 5306 sunt
609 5249 974 5312 matrinmnii;
1005 5245 1212 5299 Domini
1243 5245 1384 5298 enim
1411 5259 1552 5298 cura-
1582 5243 1852 5298 salutares
1885 5254 2032 5308 sunt,

449 5345 914 5413 obleutabilesque
956 5358 971 5397 :
1007 5342 1192 5395 mundi
1250 5352 1381 5410 vero
1418 5354 1562 5394 curae
1598 5340 1771 5392 noxiae
1804 5351 1954 5406 sunt,
1982 5347 2036 5392 et

449 5438 698 5508 angustia
759 5436 952 5504 plenae.
985 5430 1270 5499 Quomodo
1305 5429 1447 5484 enim
1497 5430 1612 5484 ﬁeri
1649 5439 1847 5499 potest,
1899 5433 2031 5500 quin

448 5542 814 5587 mruutnosum
851 5528 1250 5594 inolestumque
1277 5523 1348 5578 sit
1376 5524 1560 5578 uxoris
1607 5523 1889 5594 placenda:
1920 5534 2034 5579 stu-

2129 3219 2257 3274 τάδε
2311 3217 2636 3285 καταλέγω;
2682 3216 2918 3278 ’Δπλῶς,
2965 3215 3015 3268 οἱ
3071 3213 3346 3285 χρώμενοι
3397 3211 3480 3283 τῷ
3526 3211 3691 3280 κόσμῳ

2129 3311 2326 3382 τούτῳ,
2360 3310 2463 3363 οὐκ
2493 3309 2803 3380 ὀφείλουσιν
2837 3308 2987 3378 αὐτῷ
3018 3309 3421 3379 καταχρᾶσθαιο
3453 3307 3692 3370 τουτέστι,

2129 3403 2421 3476 προσέχειν
2463 3404 2614 3472 αὑτῷ
2645 3405 2782 3472 μετά
2816 3403 2994 3473 πάσης
3041 3405 3277 3472 σπουδῆς
3310 3402 3410 3456 καὶ
3439 3402 3535 3470 τῆς
3571 3399 3687 3468 πρὸς

2131 3497 2295 3551 αὑτὸν
2352 3495 2748 3569 προσπαθείας.
2810 3498 3165 3568 Κατάχρησις
3227 3497 3338 3567 γὰρ
3392 3497 3426 3565 ὴ
3495 3492 3696 3565 περιττὴ

2136 3589 2358 3661 χρῆσις,
2399 3591 2496 3644 καὶ
2528 3589 2736 3643 πλείων
2768 3588 2864 3642 τοῦ
2899 3589 3134 3651 δέοντος.
3286 3587 3303 3609 ‘

2212 3703 2232 3736 ι
2277 3684 2521 3754 Παράγει
2569 3683 2680 3752 γὰρ
2728 3681 2788 3736 τὸ
2829 3683 3012 3754 σχῆμα
3062 3681 3156 3736 τοῦ
3189 3681 3397 3751 κόσμου
3445 3680 3692 3735 τούτου.»

2149 3779 2296 3832 Ἀντὶ
2341 3776 2438 3828 τοῦ
2463 3818 2477 3841 ,
2511 3775 2853 3847 παρέρχεται
2895 3775 2992 3828 καὶ
3041 3775 3340 3829 διαλύεται.
3394 3775 3459 3827 Τί
3484 3773 3571 3828 οὖν
3598 3771 3697 3842 ἔχει

2141 3872 2266 3924 σθαι
2295 3869 2379 3922 δεῖ
2416 3869 2513 3922 τοῦ
2558 3868 2822 3938 λυομένου
2847 3885 2861 3934 ;
2894 3869 3089 3938 Σχῆμα
3117 3868 3172 3921 δὲ
3214 3867 3499 3931 ἐκάλεσεν,
3528 3863 3703 3935 ἐμφαί-

2139 3977 2246 4014 νων
2269 3959 2354 4013 ὃτι
2396 3959 2556 4030 ἄχρις
2583 3958 2758 4028 δψεώς
2786 3958 2893 4010 είσι
2928 3962 2996 4011 τὰ
3039 3957 3134 4010 τοῦ
3181 3957 3450 4026 παρόντος
3497 3955 3701 4022 κόσμου,

2141 4053 2237 4105 καὶ
2267 4051 2596 4116 ἐπιπόλαια,
2630 4050 2796 4122 μηδὲν
2827 4049 3056 4120 βεϐηκὸς
3089 4048 3183 4102 καὶ
3227 4048 3486 4111 οὐσιῶδες
3515 4046 3703 4115 ἔχοντες

2145 4144 2210 4217 [ί.
2241 4175 2309 4186 -
2335 4144 2448 4217 τα].

2224 4259 2241 4292 ι
2279 4239 2431 4292 Θέλω
2485 4237 2540 4290 δὲ
2593 4237 2738 4308 ὑμᾶς
2787 4237 3126 4307 ἀμερίμνους
3172 4230 3335 4290 εἶναι.
3371 4253 3388 4287 ι
3423 4235 3542 4297 Πῶς
3581 4232 3621 4286 δ’
3649 4231 3704 4285 ἂν

2148 4333 2344 4404 εἴημεν
2383 4331 2491 4402 ἁμέ
2503 4347 2721 4403 ριμνοι;
2756 4331 2817 4384 Εἰ
2848 4329 3050 4402 ἄγαμοι
3083 4322 3255 4400 ὦμεν.
3297 4330 3524 4397 Ἐπάγει
3558 4325 3673 4379 οὖν’

2222 4533 2240 4566 ι
2290 4513 2351 4567 Ὀ
2387 4513 2602 4584 ἄγαμος
2630 4513 2873 4584 μεριμνᾷ
2906 4512 2973 4566 τὰ
3005 4511 3098 4566 τοῦ
3130 4511 3363 4583 Κυρίου,
3396 4511 3512 4570 πῶς
3539 4506 3704 4578 ἀρέσει

2146 4605 2223 4675 τῷ
2290 4606 2480 4677 Κυρίῳ
2524 4605 2594 4660 ⁸⁸.
2650 4605 2708 4658 ὐ
2763 4606 2820 4657 δὲ
2874 4605 3169 4674 γαμήσας,
3228 4603 3468 4674 μεριμνᾷ
3517 4600 3582 4652 τὰ
3620 4595 3701 4648 τοῦ

2148 4702 2380 4772 κόσμου,
2411 4700 2528 4764 πῶς
2559 4701 2748 4772 ἀρέσει
2781 4702 2847 4769 τῇ
2877 4700 3120 4767 γυναικί.
3164 4717 3182 4749 ι
3230 4699 3355 4760 Πῶς
3391 4697 3553 4750 Θέλων
3575 4691 3701 4763 ἡμᾶς

2147 4793 2486 4864 ἀμερίμνους
2536 4788 2695 4855 εἶναι,
2750 4791 2952 4854 Παῦλε,
2989 4791 3081 4842 καὶ
3134 4789 3225 4842 διὰ
3279 4788 3438 4842 τοῦτο
3482 4787 3702 4854 ἀγάμους

2145 4900 2310 4952 συντη
2322 4883 2453 4952 ρῶν,
2493 4881 2655 4935 πάλιν
2701 4881 2913 4949 λέγεις’
2959 4899 2976 4932 ι
3025 4881 3083 4934 '0
3129 4881 3344 4948 ἄγαμος
3392 4876 3617 4949 μεριμνᾷ
3645 4873 3703 4925 τὰ

2138 4977 2234 5030 τοῦ
2281 4978 2524 5048 Κυρίου;
2564 4995 2580 5027 ι
2618 4975 2750 5029 Ἰδοὺ
2775 4975 2882 5045 γὰρ
2923 4976 3016 5028 καὶ
3069 4974 3230 5029 πάλιν
3267 4977 3546 5046 μέριμναι.
3584 4955 3706 5024 Ἀλλ’

2140 5071 2239 5140 οὐχ
2284 5063 2417 5133 οἷαι,
2449 5069 2636 5138 φησὶν,
2667 5068 2722 5120 αἱ
2753 5067 2847 5120 τοῦ
2875 5069 3076 5136 γάμου.
3108 5067 3172 5120 Δί
3215 5066 3315 5136 μὲν
3345 5067 3453 5136 γὰρ
3491 5061 3577 5115 τοῦ
3607 5062 3707 5114 Κυ-

2149 5163 2266 5234 ρίου
2303 5161 2587 5234 μέριμναι,
2619 5159 2985 5229 σωτηριώδεις
3021 5161 3115 5213 καὶ
3154 5159 3420 5228 τερπναί·
3452 5159 3506 5210 al
3551 5155 3603 5208 δὲ
3625 5149 3705 5205 τοῦ

2143 5257 2373 5328 κόσμου,
2407 5254 2671 5326 βλαϐεραὶ
2705 5252 2800 5306 καὶ
2847 5252 3114 5322 Θλιὸεραί.
3149 5254 3270 5316 Πῶς
3320 5252 3430 5323 γὰρ
3459 5252 3516 5303 οὐ
3547 5246 3704 5315 Θλέψις

2139 5351 2233 5404 καὶ
2271 5349 2496 5420 ὄχλησις
2539 5347 2601 5399 τὸ
2645 5345 2896 5398 σπεύδειν
2935 5345 3130 5415 ἀρέσαι
3158 5343 3404 5413 γυναικὶ,
3437 5334 3704 5394 καὶταῦτα

2142 5442 2482 5512 φιλοκόσμῳ,
2511 5441 2608 5495 καὶ
2657 5439 2972 5513 ἀπαιτούσῃ
3007 5439 3206 5508 χρυσία
3239 5439 3336 5490 καὶ
3367 5433 3700 5508 μαργαρίτας,

2145 5536 2240 5590 καὶ
2268 5535 2369 5603 τὴν
2397 5533 2564 5606 ἀλλην
2587 5533 2842 5605 βλακείαν
2869 5549 2882 5600 ;
2915 5529 3106 5585 Ἔνθεν
3144 5530 3238 5584 καὶ
3259 5532 3340 5594 εἰς
3371 5526 3570 5584 ἀδικίαν
3597 5536 3701 5578 σνν-

1803 5697 2006 5759 Vauiae
2047 5697 2379 5762 lectiones.

516 5821 564 5861 εδ
599 5821 1077 5896 προσκολλώμενοι
1105 5838 1157 5880 0.
1235 5825 1277 5857 ⁸⁵
1311 5823 1618 5896 ὀφείλοντες
1646 5825 2022 5897 πάνυησφόδρα
2063 5843 2116 5885 o.
2198 5829 2243 5861 “
2276 5829 2423 5900 αὐτῷ
2452 5844 2504 5884 o.
