3874 6612
207 401 311 469 65⁸3

940 396 1347 458 EXPOSITIO
1382 395 1462 455 ΙΝ
1505 394 1743 456 EPIST.
1790 395 1817 454 Ι
1863 396 1960 456 AD
2001 395 2168 458 COR.
2199 421 2267 431 --
2300 395 2456 456 CAP.
2490 393 2625 455 VII.

3331 381 3440 448 654

207 509 462 568 ωθοΰνται
501 507 550 560 oi
591 505 815 560 ἐλεεινοί
840 503 1031 576 ἄνδρες
1060 505 1155 558 καὶ
1175 503 1537 575 ψυχοῦλαϐεῖς
1567 503 1769 574 διοική-

1904 504 2048 567 ῑῑιιιη,
2083 505 2352 575 praecipue
2385 521 2506 558 cum
2534 499 2796 572 ejusmodi
2834 498 2924 566 sit,
2947 513 3067 570 qua:
3092 509 3278 552 cntutu
3301 500 3443 553 delt:-

207 618 319 665 σεις
349 598 704 672 πραγμάτων.

278 883 298 916 ι
334 863 675 935 Μιμέριτται
701 863 732 926 ἡ
764 863 901 936 γυνὴ
927 863 1024 917 καὶ
1051 864 1084 933 ή
1115 863 1402 934 παρθένος.
1439 883 1457 912 ι
1489 863 1770 927 Τουτέστι,

202 957 549 1028 διαφέρουσιν
581 957 844 1027 ἀλλήλων,
876 957 970 1010 καὶ
993 957 1054 1010 ού
1078 958 1176 1018 τὴν
1209 957 1380 1026 αὐτὴν
1403 957 1585 1027 ἔχουσι
1613 974 1776 1025 φρον-

200 1050 362 1114 τίδα..
392 1050 529 1103 ἀλλὰ
562 1051 962 1121 μεμερισμέναι
995 1051 1099 1103 εἰσὶ
1142 1053 1262 1114 ταῖς
1305 1051 1593 1114 σπουδαῖςο
1621 1053 1715 1106 καὶ⁵
1741 1053 1774 1122 ἡ

147 1183 150 1190 .
204 1143 301 1213 μὲν
333 1142 464 1211 περὶ
494 1143 630 1197 ἄλλα
677 1139 988 1208 σπουδάζει,
1031 1143 1064 1212 ἡ
1111 1141 1168 1194 δὲ
1223 1144 1353 1212 περὶ
1395 1143 1558 1196 ἄλλω
1593 1144 1774 1214 διαφέ-

204 1249 360 1304 ρουσι
392 1235 448 1286 δὲ
474 1235 532 1288 αί
553 1234 833 1304 φροντίδες
859 1235 1073 1297 αὑταῖς,
1101 1236 1195 1288 καὶ
1230 1235 1312 1287 δεῖ
1339 1235 1660 1303 ἐκλέγεσθαι
1710 1235 1778 1290 τὰ

202 1325 440 1394 κρείττω
472 1326 566 1379 καὶ
595 1326 914 1396 ἀπονώτερα
944 1325 1012 1380 ⁸⁷.

274 1519 293 1552 ι
343 1499 410 1554 Ἦ
441 1501 657 1571 ἄγαμος
690 1502 931 1573 μεριμνᾷ
961 1499 1028 1555 τὰ
1054 1501 1148 1555 τοῦ
1179 1501 1406 1574 Κυρίου,
1445 1502 1562 1568 πῶς
1595 1505 1781 1576 ἀρέσει

197 1591 273 1663 τῷ
305 1593 526 1663 Κυρίῳ,
560 1593 648 1646 ἵνα
747 1594 877 1661 ἁγία
909 1594 1006 1648 καὶ
1037 1592 1253 1664 σώματι
1281 1597 1373 1648 καὶ
1408 1599 1682 1666 πνεύματι
1706 1616 1720 1629 θ
1748 1599 1782 1668 ἡ

193 1684 254 1738 δδ
276 1687 611 1756 γαμήσασα,
635 1687 874 1758 μεριμνᾷ
899 1688 967 1738 τὰ
987 1688 1080 1739 τοῦ
1105 1688 1332 1758 κόσμου,
1359 1688 1474 1750 πῶς
1495 1688 1681 1758 ἁρέσει
1706 1690 1784 1760 τῷ

198 1776 380 1846 ἀνδρί.
415 1795 434 1828 ι
468 1777 581 1830 Οὐκ
628 1779 788 1848 ἀρκεῖ
837 1779 1052 1849 σώματι
1111 1775 1250 1832 εἶναι
1293 1781 1480 1849 ἁγίαν,
1517 1782 1652 1836 ἀλλὰ
1704 1782 1785 1835 δεῖ

198 1869 290 1921 καὶ
322 1868 622 1938 πνεύματι.
663 1869 834 1922 Τοῦτο
866 1873 972 1941 γάρ
1006 1874 1032 1942 ἡ
1065 1872 1267 1942 ἀληθὴς
1298 1873 1650 1946 παρθενία,ή
1684 1878 1783 1947 τῆς
1813 1860 1860 1919 Β

196 1958 382 2028 ψυχῆς
411 1959 758 2030 καθαρότης·
788 1961 909 2014 ἐπεὶ
939 1962 1132 2014 πολλαὶ
1171 1963 1232 2015 τὸ
1282 1963 1442 2034 σῶμα
1487 1965 1650 2032 ἁγναὶ
1687 1967 1782 2019 καὶ

197 2051 506 2121 ἀμόλυνται
551 2051 728 2115 οὖσαι,
776 2054 1256 2124 κατεσπιλωμέναι
1292 2057 1400 2109 εἰσὶ
1451 2059 1550 2128 τὴν
1579 2057 1778 2130 ψυχήν.

209 2146 379 2199 Ἀλλὰ
408 2147 503 2200 καὶ
537 2145 692 2200 τοῦτο
723 2148 935 2213 σκόπει,
964 2149 1046 2201 ὅτι
1075 2149 1173 2201 οὐκ
1203 2148 1322 2201 ἐστι
1353 2149 1621 2220 παρθένος
1648 2154 1679 2221 ἡ
1714 2152 1785 2204 τὰ

197 2235 292 2290 τοῦ
348 2237 558 2304 κόσμου
613 2237 961 2307 μεριμνῶσα.
1034 2239 1284 2293 Ἐπειδὰν
1345 2238 1438 2294 οὖν
1493 2241 1610 2312 ἴδῃς
1662 2245 1784 2294 τινα

199 2327 512 2402 παρθενίαν
543 2331 1047 2404 ὲπαγγελλομένην,
1083 2335 1438 2406 μεριμνῶσαν
1474 2336 1532 2390 δὲ
1581 2337 1651 2390 τὰ
1686 2335 1782 2390 τοῦ

201 2423 438 2491 κόσμου,
463 2423 698 2490 γίνωσκε
729 2424 773 2456 ⁵³
803 2425 886 2478 ὅτι
915 2426 1066 2479 οὐδὲν
1106 2427 1354 2497 διαφέρει
1378 2428 1479 2498 τῆς
1505 2431 1562 2481 ὲν
1594 2429 1781 2498 γάμῳ.

212 2514 270 2567 '0
323 2515 440 2583 γὰρ
470 2515 679 2579 Παῦλος
718 2517 876 2586 ὄρους
907 2519 1243 2591 ἀμφοτέροις
1291 2519 1560 2585 τέθεικεν,
1609 2522 1668 2588 ἐξ
1707 2515 1785 2574 ὧν

199 2605 681 2674 διαγινώσκονται,
738 2609 799 2662 ού
858 2611 1038 2680 γάμον
1098 2612 1194 2665 καὶ
1248 2612 1604 2682 ἐγκράτειαν,
1649 2613 1788 2668 ἀλλὰ

201 2699 747 2773 πολυπραγμοσύνην
783 2703 877 2756 καὶ
931 2704 1366 2776 ἀπραγμοσύνην
1397 2705 1465 2760 ⁸³.
1519 2706 1687 2760 Ὥστε
1741 2709 1776 2776 ἡ

199 2790 653 2862 πολυπράγμων,
715 2795 778 2848 οὐ
829 2795 1118 2866 παρθένος.
1183 2798 1440 2870 Μεριμνᾷ
1484 2797 1542 2851 δὲ
1604 2802 1700 2854 καὶ
1752 2802 1787 2872 ἡ

201 2886 570 2954 γεγαμηκυῖα
621 2884 736 2948 πῶς
784 2885 973 2957 ἀρέσει
1006 2886 1084 2957 τῷ
1118 2887 1310 2960 ἀνδρί·
1341 2889 1504 2960 τυχὸν
1547 2891 1646 2961 μὲν
1693 2893 1788 2946 καὶ⁸

201 2973 444 3038 κάλλους
473 2975 874 3050 ὲπιμελουμένη
891 2995 907 3010 ο
931 2978 1090 3050 τυχὸν
1114 2979 1192 3045 δὲ,
1219 2979 1314 3033 καὶ
1337 2981 1430 3036 διὰ
1455 2981 1514 3036 τὸ
1539 2983 1788 3056 οἰκουρὸν

201 3060 390 3114 δοκεῖν
455 3059 595 3117 εἶναι
665 3065 914 3136 ἀγαθὴν,
981 3068 1303 3140 ἀνελεήμων
1371 3071 1468 3126 καὶ
1528 3073 1788 3143 φειδωλὸς

203 3153 563 3225 δεικνυμένη.

277 3262 298 3295 ι
352 3245 528 3299 Τοῦτο
552 3245 608 3299 δὲ
637 3247 776 3320 πρὸς
809 3247 870 3303 τὸ
904 3248 1060 3319 ὑμῶν
1098 3251 1280 3305 αὐτῶν
1317 3251 1597 3324 συμφέρον
1627 3253 1793 3323 λέγω,
1821 3228 1866 3283 C

200 3337 303 3406 οὐχ
334 3337 429 3391 ἴνα
453 3337 642 3408 βρόχον
666 3341 794 3409 ὑμῖν
815 3341 1078 3396 ἐπιϐάλω.
1112 3361 1132 3395 ι
1155 3343 1295 3408 Τοὺς
1319 3347 1447 3416 περὶ
1474 3345 1796 3417 παρθενίας,

205 3430 378 3497 φησὶ,
450 3429 642 3498 λόγους
713 3434 960 3502 ὲκίνησα,
1019 3433 1176 3498 εἰδὼς
1228 3437 1505 3507 συμφέρον
1549 3437 1679 3508 ὑμῖν
1741 3439 1804 3490 τὸ

203 3523 476 3593 πρᾶγμα,
501 3524 664 3579 διὰτὸ
693 3524 919 3596 ἄλυπον,
957 3528 1055 3581 καὶ
1082 3529 1513 3602 ἀμέριμνον,καὶ
1541 3531 1798 3602 ψυχωφε-

202 3615 508 3690 λέστερονο
535 3619 634 3689 οὐχ
657 3620 742 3672 ἵνα
773 3621 1070 3689 ἀναγκάσω
1091 3624 1261 3694 ὑμᾶς,
1293 3624 1388 3678 καὶ
1421 3626 1495 3694 μὴ
1522 3624 1795 3692 θέλοντας,

203 3709 580 3782 παρθενεύειν
601 3728 615 3741 ο
643 3711 837 3782 βρόχον
867 3715 977 3784 γὰρ
1004 3714 1102 3784 τὴν
1123 3715 1372 3785 ἀνάγκην
1401 3715 1708 3786 ὠνόμασεν.

281 3821 310 3856 c
365 3793 527 3856 Ἀλλὰ
574 3806 712 3875 πρὸς
767 3805 830 3858 τὸ
889 3804 1166 3876 εὔσχημον
1213 3808 1307 3860 καὶ
1354 3809 1692 3880 εὐπάρεδρον
1720 3809 1800 3880 τῷ

204 3893 410 3964 Κυρίῳ
437 3897 890 3966 ἀπερισπάστως.
923 3916 942 3950 ι
988 3898 1130 3963 Ἵνα,
1183 3901 1370 3970 φησὶν,
1420 3901 1799 3972 εὐσχημόνως,

205 3990 306 4039 καὶ
339 3988 400 4040 ὲν
438 3987 775 4059 καθαρότητι
809 3988 938 4060 ζῆτε
991 3991 1064 4061 (τί
1112 3993 1222 4059 γὰρ
1260 3993 1561 4061 παρθενίας
1601 3994 1801 4065 εὐσχη-

209 4077 545 4150 μονέστερον
593 4082 686 4132 καὶ
720 4080 1176 4153 καθαρώτερονς)
1227 4084 1322 4136 καὶ
1383 4084 1474 4138 ἵνα
1512 4085 1800 4157 Ἐλεύθεροι

204 4169 371 4233 ὅντες
398 4169 508 4222 τῶν
540 4169 634 4223 τοῦ
677 4171 854 4241 γάμου
903 4171 1204 4242 ὀχλήσεων,
1264 4175 1690 4244 ἀπερισπάστως
1722 4176 1800 4248 τῷ

207 4261 414 4332 Κυρίῳ
438 4261 726 4331 δουλεύητε
755 4263 846 4315 καὶ
875 4263 1024 4333 αὐτῷ
1050 4264 1424 4336 παρεδρεύητε
1451 4266 1520 4333 ⁷⁸,
1547 4267 1677 4336 ὅλην
1699 4269 1800 4340 τὴν

213 4357 496 4427 μέριμναν
526 4355 612 4407 ἐπ’
648 4355 812 4408 αὐτὸν
845 4356 1228 4426 μετατιθέντες
1253 4358 1320 4410 ⁷⁸.

286 4467 310 4501 ι
355 4449 422 4504 Et
465 4449 521 4500 δέ
567 4465 652 4510 τις
687 4447 1018 4518 ἀσχημονεῖν
1056 4449 1149 4502 ἐπὶ
1194 4451 1295 4517 τὴν
1331 4449 1599 4520 παρθένον
1631 4449 1800 4504 αὑτοῦ

1875 603 2076 664 ctatur,
2106 605 2160 651 et
2199 611 2414 662 aurum,
2443 594 2787 662 margaritas,
2845 592 3113 661 aliamque
3167 591 3446 646 mollitiem

1877 690 2116 758 expetit?
2157 688 2294 743 Hine
2318 689 2500 744 miseri
2531 687 2710 740 mariti
2744 686 2809 738 ad
2838 685 3197 753 iniquitatem,
3226 685 3447 738 animm-

1879 795 1985 849 que
2020 781 2211 835 uoxias
2246 795 2424 835 rerum
2459 779 2958 832 administrationes
3002 775 3373 846 impelluntur.

1950 872 2113 928 Vens.
2147 875 2234 928 5t.
2283 891 2301 923 ι
2345 871 2537 926 Divisa:
2571 880 2696 924 sunt
2718 885 2853 922 uxor
2876 877 2928 923 et
2957 870 3127 938 virgo.
3166 889 3184 921 ι
3213 866 3323 922 lloc
3346 875 3446 932 est,

1881 965 2040 1038 164
2066 963 2316 1018 differunt
2343 965 2487 1018 inter
2525 973 2582 1015 se
2611 972 2820 1027 mutuo,
2842 975 2939 1015 nec
2965 960 3164 1014 habent
3193 961 3453 1014 sollicitu-

1880 1059 2081 1116 dinem,
2111 1053 2206 1108 sed
2239 1053 2424 1107 divisa:
2481 1061 2607 1107 sunt
2629 1052 2682 1104 in
2713 1051 2904 1104 studiis
2932 1051 3046 1104 suis
3079 1067 3093 1104 :
3125 1061 3286 1118 atque
3346 1051 3449 1106 ista

1879 1147 2094 1216 quidem
2134 1147 2198 1199 de
2247 1145 2369 1199 aliis
2409 1153 2494 1200 est
2529 1143 2795 1206 sollicita,
2853 1143 2938 1195 illa
2999 1158 3127 1196 vero
3174 1144 3237 1196 de
3268 1143 3390 1197 aliis
3429 1161 3445 1198 :

1881 1241 2108 1294 diversae
2133 1250 2309 1292 autem
2334 1247 2459 1291 sunt
2493 1237 2774 1306 utriusque
2808 1251 2952 1290 cura?
2983 1253 2997 1290 τ
3029 1251 3091 1288 ea
3126 1236 3305 1304 itaque
3334 1251 3453 1306 qua:

1883 1331 2256 1399 przrstautiora
2286 1337 2431 1395 sunt,
2463 1339 2518 1384 et
2547 1329 2728 1382 minus
2759 1327 2956 1381 habent
2988 1327 3210 1388 laboris,
3249 1327 3452 1396 eligen-

1884 1424 1947 1476 da
1982 1433 2127 1474 sunt.

1959 1534 1977 1566 ι
2010 1514 2236 1581 Innupta
2262 1516 2463 1584 cogitat
2493 1529 2612 1583 quae
2641 1522 2766 1567 sunt
2786 1512 3023 1576 Domini,
3047 1512 3317 1582 quomodo
3342 1510 3459 1580 pla-

1885 1618 2007 1664 ceat
2039 1607 2364 1677 Dominokut
2382 1607 2450 1661 sit
2470 1615 2656 1660 sancta
2681 1615 2733 1660 et
2756 1620 2984 1673 corpore
3006 1614 3059 1659 et
3085 1605 3300 1675 spiritu.
3326 1603 3459 1671 Quae

1885 1715 2014 1754 vero
2037 1699 2246 1768 nupsit,
2278 1699 2480 1768 cogitat
2519 1712 2640 1766 qua:
2667 1706 2794 1749 sunt
2825 1696 3032 1762 mundi,
3051 1696 3322 1765 quomodo
3341 1695 3458 1763 pla-

1893 1803 2017 1848 ceat
2042 1793 2175 1846 viro.
2209 1810 2226 1843 ι
2260 1791 2373 1844 Non
2399 1791 2528 1845 satis
2556 1799 2635 1844 est
2659 1789 2884 1858 utvirgo
2905 1798 3086 1842 sancta
3113 1788 3182 1842 sit
3205 1801 3458 1857 corpore.

1891 1899 2076 1938 verum
2113 1885 2274 1938 etiam
2309 1882 2525 1952 spiritu.
2558 1881 2669 1934 lloc
2699 1881 2840 1934 enim
2873 1890 2955 1934 est
2984 1894 3109 1934 vera
3160 1879 3462 1950 virginitas,

1890 1976 2084 2030 animm
2112 1976 2366 2028 nimirum
2392 1974 2621 2044 puritas.
2647 1972 2778 2026 Nam
2800 1972 2978 2026 multm
2999 1987 3223 2040 corpore
3241 1971 3460 2041 quidem

1890 2078 2053 2122 castae
2091 2079 2144 2121 et
2178 2067 2492 2136 impolluta),
2527 2065 2706 2117 anima
2731 2063 3116 2118 contaminatae
3148 2071 3293 2119 sunt.
3319 2061 3468 2117 Prae-

1893 2168 2058 2225 terea,
2095 2167 2148 2210 et
2198 2159 2337 2210 istud
2383 2157 2674 2225 perpende,
2728 2155 2869 2226 quod
2903 2155 2988 2210 illa
3021 2171 3126 2209 non
3155 2164 3236 2208 est
3288 2154 3462 2223 virgo,

1891 2266 2008 2320 qua!
2043 2265 2132 2304 res
2157 2257 2313 2305 curat
2355 2248 2676 2302 mundanas.
2731 2245 2862 2300 Cum
2897 2245 3058 2316 igitur
3110 2243 3465 2313 conspexeris

1894 2342 2226 2411 quampiam,
2254 2355 2374 2412 qua:
2405 2339 2709 2395 castitatem
2763 2339 2932 2403 vovit,
2982 2337 3216 2392 sollicite
3251 2337 3466 2390 incum-

1891 2430 2111 2485 hentem
2144 2429 2305 2483 rebus
2338 2427 2544 2493 mundi,
2572 2427 2785 2481 noveris
2803 2441 2920 2480 eam
2949 2439 2978 2479 a
3018 2423 3302 2493 coniugata
3327 2422 3466 2478 nihil

1899 2523 2232 2590 discrepare.
2266 2519 2400 2575 Nam
2440 2520 2640 2574 Paulus
2676 2521 2807 2574 lines
2837 2519 3083 2588 utrisque
3112 2517 3316 2586 Posuit,
3343 2517 3468 2587 qui-

1893 2615 1995 2669 bus
2025 2615 2436 2685 dignoscantur,
2462 2628 2569 2668 non
2598 2621 2747 2668 certe
2781 2612 3186 2667 matrimonium
3215 2617 3268 2666 et
3290 2610 3468 2666 conti-
3503 2608 3510 2613 ’

1896 2707 2160 2771 nentiam,
2185 2706 2278 2761 sed
2296 2706 2662 2762 curiositatem
2686 2714 2740 2759 et
2776 2704 3236 2774 tranquillitatem.
3262 2702 3466 2770 Quare.

1895 2814 2015 2868 qua
2035 2799 2198 2853 variis
2229 2799 2460 2868 negotiis
2487 2813 2544 2852 se
2580 2796 2839 2866 implicat,
2877 2797 3032 2864 virgo
3068 2810 3171 2849 non
3199 2803 3303 2850 est.
3337 2792 3470 2860 Quae

1897 2897 2072 2942 autem
2116 2895 2277 2957 nupta
2304 2897 2405 2952 est,
2436 2887 2667 2942 Sollicita
2695 2894 2777 2940 est
2809 2885 3082 2955 quomodo
3117 2886 3316 2939 marito
3347 2883 3470 2955 pla~

1896 2989 2048 3045 ceat;
2098 2979 2328 3034 fortnam
2375 2979 2608 3034 fortasse
2647 2993 2869 3040 curans,
2898 2975 2981 3031 vel
3029 2975 3211 3031 forsan
3235 2987 3292 3030 ut
3329 2977 3470 3031 bona

1896 3070 2307 3149 materfamilias
2320 3071 2586 3136 videatur,
2603 3084 2662 3124 se
2675 3069 3154 3125 immisericordem
3171 3077 3223 3124 et
3248 3083 3468 3140 parcam

1895 3165 2207 3220 ostendens.

1971 3252 2138 3309 Vsus.
2165 3254 2256 3310 55.
2293 3273 2311 3307 ι
2348 3254 2518 3310 Porro
2543 3255 2645 3310 hoc
2663 3254 2727 3308 ad
2751 3255 3034 3311 utilitatem
3057 3266 3293 3312 vestram
3324 3255 3469 3322 dico,

1901 3363 2003 3402 non
2032 3349 2355 3416 utlaqueum
2381 3349 2536 3403 vobis
2564 3347 2828 3417 injiciam.
2855 3367 2874 3400 ι
2907 3347 2978 3403 De
3021 3349 3331 3418 virginitate
3357 3363 3476 3403 ser-

1901 3455 2115 3494 monem
2145 3441 2310 3507 movi,
2341 3457 2453 3495 rem
2500 3443 2659 3496 istam
2710 3441 2865 3495 vobis
2917 3443 3223 3497 condurere
3269 3441 3471 3506 sciens,

1902 3532 2048 3604 quod
2083 3546 2315 3587 mmrore
2336 3532 2808 3602 sollicitudineque
2827 3542 3029 3598 careat,
3065 3532 3371 3601 animasque
3400 3532 3476 3588 sit

1902 3625 2088 3679 utilior
2119 3639 2258 3679 :nou
2283 3633 2344 3678 ut
2375 3640 2561 3694 cogam
2595 3639 2692 3679 vos
2727 3626 2927 3678 invitos
2955 3624 3006 3677 in
3052 3625 3302 3680 caelibatu
3332 3638 3469 3694 per-

1904 3730 2164 3771 manere:
2190 3731 2314 3769 nam
2348 3715 2729 3771 necessitatem
2768 3715 3016 3784 laqueum
3048 3716 3365 3770 nominavit.

1978 3824 1996 3857 ι
2023 3805 2128 3861 Sed
2159 3807 2224 3859 ad
2246 3807 2297 3861 id
2322 3808 2460 3875 quod
2489 3808 2776 3861 honestum
2806 3814 2909 3868 est.
2929 3816 2982 3862 et
3004 3817 3055 3860 ut
3091 3806 3319 3860 Domino
3336 3807 3476 3863 assi-

1902 3897 2100 3962 deatis,
2121 3899 2194 3952 ita
2216 3908 2276 3952 ut
2296 3899 2362 3951 ab
2386 3913 2452 3951 eo
2473 3898 2630 3950 avelli
2663 3898 2967 3966 nequealis.
2998 3915 3016 3949 ι
3043 3896 3134 3962 Ut,
3163 3898 3360 3965 inquit,
3384 3899 3476 3952 ho-

1905 4001 2057 4046 neste
2085 4000 2141 4045 et
2194 3990 2246 4044 in
2290 3990 2524 4059 puritate
2549 3990 2744 4043 vivatis
2779 3989 2929 4058 (quid
2983 3991 3128 4043 enim
3162 3989 3477 4058 virginitate

1903 4082 2185 4138 honestius
2209 4090 2262 4137 et
2287 4082 2473 4150 purius
2486 4082 2555 4150 ?),
2577 4092 2632 4136 et
2650 4089 2707 4135 ut
2733 4098 2758 4134 a
2791 4082 3097 4151 nuptiarum
3122 4082 3385 4136 molestiis
3406 4081 3474 4136 li-

1903 4174 2039 4235 beri.
2069 4174 2294 4228 Domino
2315 4173 2431 4226 sine
2459 4173 2562 4226 ulla
2584 4175 2932 4228 distractione
2961 4175 3212 4228 serviatis
3263 4173 3478 4241 ipsique

1903 4267 2217 4332 assideatis,
2241 4275 2410 4320 totam
2446 4280 2631 4320 curam
2666 4276 2900 4320 vestram
2927 4266 2978 4319 in
3013 4268 3185 4336 ipsum
3244 4265 3478 4320 transle-

1905 4367 2113 4413 rentes.

1979 4447 2143 4502 Vsus.
2172 4443 2267 4501 ⁸56.
2298 4464 2318 4498 ι
2355 4445 2449 4500 Sin
2477 4445 2599 4516 quis
2623 4455 2778 4516 turpe
2802 4461 2921 4502 esse
2944 4454 3275 4518 putetsupcr
3309 4445 3477 4516 virgi-

207 4536 454 4605 νομίζει,
487 4535 584 4588 ἐὰν
667 4534 989 4604 ὑπέρακμος
1015 4577 1030 4600 ,
1060 4537 1175 4605 (καὶ
1208 4536 1378 4600 οὕτως
1420 4539 1626 4606 ὀφείλει
1658 4541 1788 4608 γίνε·

1907 4556 1973 4596 ne
1996 4546 2114 4605 sua,
2149 4540 2192 4594 si
2225 4539 2389 4594 fuerit
2417 4541 2785 4608 superadulta,
2820 4551 2874 4595 et
2921 4542 3000 4594 sic
3061 4550 3274 4610 oportet
3335 4541 3476 4601 ﬁeri.

209 4625 411 4696 σθαι),
431 4626 460 4679 ὃ
475 4626 623 4679 θέλει
642 4627 884 4691 ποιείτω,
906 4627 1003 4696 οὐχ
1025 4629 1327 4698 ἁμαρτάνει
1346 4647 1360 4662 ο
1385 4630 1754 4699 γαμείτωσαν.
1778 4649 1797 4682 ι

208 4721 281 4773 Εἰ
309 4736 416 4782 τις,
453 4718 640 4790 φησὶν,
664 4718 898 4788 ἀσθενὴς
927 4717 1003 4772 ὢν
1031 4719 1108 4788 τῷ
1147 4719 1262 4772 ὄντι
1297 4720 1396 4790 τὴν
1429 4723 1690 4782 διάνοιαν,
1713 4739 1801 4775 νο-

214 4813 373 4884 μίξει
420 4813 670 4883 ἄσχημον
722 4808 865 4866 εἶναι
897 4812 959 4865 τὸ
1009 4812 1279 4881 παρθένον
1315 4813 1457 4883 ἔχειν
1503 4814 1798 4885 θυγατέρα,

210 4907 316 4958 καὶ
345 4905 518 4958 ταῦτα
545 4905 613 4968 ⁷⁸,
644 4905 962 4974 ὑπέρακμον
987 4901 1155 4971 οὖσαν
1180 4921 1194 4935 ·
1226 4907 1488 4972 γενέσθω,
1519 4910 1674 4974 φησὶ,
1702 4907 1801 4959 καὶ

209 4997 383 5052 οὕτω.
423 4998 588 5063 Πῶς;
631 5016 650 5050 ι
693 4999 759 5050 Ὅ
799 4997 966 5061 θέλει,
1014 4997 1272 5051 ποιείτωο
1320 5017 1338 5050 ι
1371 4999 1669 5064 τουτέστιν,
1706 5000 1799 5051 ἐὰν

209 5090 349 5162 θέλῃ
377 5089 559 5143 δοῦναι
589 5089 759 5158 αὐτὴν
789 5090 966 5160 ἀνδρὶ,
995 5089 1132 5143 δότω
1153 5106 1166 5120 ·
1197 5090 1294 5159 οὐχ
1319 5090 1624 5159 ἁμαρτάνει
1663 5091 1792 5161 γάρ.

214 5181 366 5253 Πλὴν
393 5185 640 5253 κρεῖττον
679 5184 738 5235 τὸ
763 5182 1035 5252 παρθένον
1056 5185 1266 5253 τηρεῖν,
1298 5183 1372 5246 ὼς
1413 5184 1538 5254 ἑξῆς
1559 5183 1726 5250 λέγει.

298 5382 318 5414 ι
356 5364 456 5428 Ὃς
478 5361 537 5415 δὲ
583 5361 816 5431 ἕστηκεν
851 5361 1060 5429 ἑδραῖος
1091 5360 1150 5413 ἐν
1198 5361 1264 5429 τῇ
1300 5359 1520 5430 καρδίᾳ,
1556 5359 1630 5430 μὴ
1664 5359 1801 5429 ἔχων

210 5458 490 5529 ἀνάγκην,
514 5455 769 5521 ἐξουσίαν
793 5453 849 5506 δὲ
880 5453 992 5524 ἔχει
1025 5453 1154 5522 περὶ
1182 5452 1276 5504 τοῦ
1313 5451 1441 5504 ἰδίου
1472 5452 1800 5521 θελήματος,

1906 4631 2049 4699 quod
2079 4631 2212 4693 vult,
2245 4629 2429 4693 faciat,
2463 4645 2569 4682 non
2601 4639 2810 4696 peccat,
2839 4629 3164 4683 contrahant
3196 4627 3480 4681 matrimo-

1905 4725 2078 4777 nium.
2119 4741 2138 4773 ι
2169 4723 2225 4776 Si
2255 4723 2396 4791 quis,
2425 4723 2618 4790 inquit,
2641 4737 2829 4776 revera
2855 4721 3138 4775 imbecillis
3166 4721 3476 4790 intelligen-

1906 4816 2013 4875 tiae,
2050 4826 2203 4881 turpe
2224 4829 2348 4868 esse
2365 4820 2603 4874 censeat,
2626 4812 2788 4865 filiam
2837 4826 2994 4866 suam
3037 4813 3292 4880 virginem
3351 4812 3481 4866 reti-

1904 4920 2054 4968 nere,
2077 4906 2374 4974 praesertim
2397 4919 2516 4972 quae
2536 4904 2709 4958 aetatis
2734 4901 2918 4957 ﬂorem
2941 4905 3218 4972 praeteriit,
3237 4902 3374 4965 Fiat,
3395 4903 3480 4955 in-

1905 5001 2041 5068 quit,
2070 5001 2168 5052 sic.
2200 4997 2526 5064 Quomodo?
2564 5015 2582 5049 ι
2621 4997 2772 5062 Quod
2805 4997 2916 5050 vult
2947 4997 3106 5050 faciat
3141 5012 3154 5050 :
3200 5013 3218 5047 ι
3249 4997 3346 5048 hoc
3369 5008 3475 5061 εει,

1903 5091 1948 5143 si
1967 5091 2093 5143 velit
2115 5104 2231 5142 eam
2257 5090 2470 5142 tradere
2485 5089 2706 5153 marito,
2735 5087 2947 5153 tradat;
2967 5103 3073 5140 non
3097 5086 3238 5140 enim
3264 5093 3474 5155 peccat.

1911 5175 2290 5232 Verumtamen
2319 5176 2509 5231 melius
2533 5187 2618 5231 est
2655 5176 2916 5245 virginem
2943 5190 3184 5240 servare,
3209 5175 3476 5241 quemad-

1909 5272 2127 5324 modum
2163 5271 2418 5339 deinceps
2451 5270 2604 5326 dicit.

1977 5361 2358 5418 VEas.57-58.
2397 5382 2414 5412 ι
2451 5363 2551 5430 Qui
2578 5372 2757 5417 autem
2809 5372 2918 5417 stat
2967 5361 3156 5416 ﬁrmus
3214 5363 3266 5415 in
3315 5362 3479 5417 corde

1908 5469 2028 5518 suo,
2062 5469 2166 5506 non
2210 5455 2412 5507 habens
2443 5455 2848 5516 necessitatem,
2873 5463 3137 5522 potestate
3164 5463 3342 5507 autem
3376 5454 3478 5507 ha-

211 5551 316 5602 καὶ
362 5547 523 5601 τοῦτο
574 5545 836 5617 κέκρικεν
889 5547 947 5598 ἐν
995 5547 1063 5617 τῇ
1121 5543 1320 5616 καρδίᾳ
1372 5543 1560 5610 αὐτοῦ,
1612 5548 1788 5615 ,τηρεῖπ

1910 5547 2044 5602 beus
2065 5548 2290 5617 propriae
2312 5547 2625 5610 voluntatis,
2647 5557 2808 5616 atque
2832 5547 3205 5616 hocjudicavit
3233 5548 3285 5602 in
3313 5546 3479 5602 corde

1572 5642 1773 5704 Variae
1824 5641 2158 5706 lectiones.
2606 5641 2618 5653 ’

293 5741 333 5772 ⁸⁷
357 5742 452 5817 τὴν
486 5741 720 5815 κρείττω
740 5743 836 5800 καὶ
863 5743 1109 5797 ἀπονωτέ
1117 5760 1238 5817 ραν.

206 5812 272 5846 τι
299 5814 496 5883 ταύτην
528 5812 584 5870 ὸ.

1437 5911 1465 5931 -ο

1336 5743 1382 5777 ⁸⁸
1413 5741 1543 5799 ἴσθι.
1587 5759 1640 5797 0.
1719 5746 1763 5777 "
1793 5743 2180 5816 άκτημοσύνην
2206 5759 2260 5800 ο.
2335 5745 2381 5775 ’⁸
2415 5743 2814 5816 προσεδρεύητε
2848 5759 2900 5799 0.
2979 5747 3019 5778 ⁷¹
3055 5747 3400 5814 ἀνατιθέντες
3423 5763 3483 5810 ο.

2912 5980 2919 5986 .
2941 5979 2974 5986 ν.
