3874 6592
176 505 266 577 657
887 505 1300 569 EXPOSITIO
1341 505 1424 568 IN
1458 505 1694 568 EPIST.
1732 505 1760 562 Ι
1800 505 1902 566 AD
1937 505 2110 572 COR.
2143 535 2214 544 -
2249 507 2410 570 CAP.
2443 507 2620 569 νηΐ.
2949 543 2956 549 -
3303 505 3414 568 658

181 625 302 698 πρὸς
323 619 447 687 τοὺς
473 617 706 686 τελείους
731 619 1070 690 διαλέγεται,
1097 619 1260 691 ἀφεὶς
1293 620 1419 684 τοὺς
1449 619 1730 691 ἀτελεστέτ

1845 618 2105 674 idolorum
2151 619 2426 676 culturam
2458 619 2894 691 impellerentur.
2951 618 3031 675 Ad
3067 618 3204 674 istud
3235 619 3421 691 itaque

171 735 306 793 ρους,
341 717 475 786 ὅπερ
526 712 643 778 ἕδος
696 713 868 786 αὐτῷ.
927 715 1041 768 Καὶ
1095 711 1314 782 πρῶτον
1366 711 1726 767 καταστέλλει

1845 712 2214 784 :orrigendum
2249 712 2492 780 festinat,
2531 727 2594 769 ac
2629 713 2694 767 ad
2721 712 3018 784 perfectos,
3050 710 3418 782 imperfectio-

169 809 332 866 οὔτῶν
365 809 455 862 τὸν
483 808 574 860 ἐπὶ
601 806 649 839 τ’
693 809 759 879 τῇ
791 805 994 876 γνώσει
1041 805 1234 876 τῦφον,
1272 806 1367 862 καί
1411 824 1600 878 φησιν,
1643 807 1726 860 ὃτι

1845 813 2004 878 ibus,
2035 812 2113 868 uti
2139 813 2300 876 solet,
2333 811 2580 874 omissis,
2614 810 2861 868 disserit.
2905 811 2980 867 Ac
3007 810 3242 882 primum
3275 810 3420 880 ipso-

879 505 1300 594 VEXPOSITIO
1341 505 1424 568 IN
1458 505 1694 568 EPIST.
1732 503 1760 562 Ι
1800 505 1902 566 AD
1937 504 2110 572 COR.
2143 535 2214 544 -
2249 507 2410 570 CAP.
2443 507 2620 569 VIII'.

171 905 235 959 οὗ
263 903 404 974 μόνοι
431 901 588 972 ῦμεῖς
607 899 812 972 ταύτην
835 899 1010 970 ἔχετε,
1034 899 1171 955 ἀλλὰ
1195 899 1398 964 πάντες
1418 899 1641 970 οἴδαμεν
1656 899 1724 966 ⁷⁷,

167 996 240 1051 δτι
267 995 410 1050 οὐδέν
439 996 586 1048 ἐστιν
615 993 835 1048 εῖδωλον
875 997 934 1049 ὲν
975 994 1172 1066 κόσμῳ
1193 1011 1208 1026 ·
1254 993 1418 1064 πλὴν,
1457 995 1492 1064 ἡ
1525 993 1729 1062 γνῶσις

169 1087 220 1142 οὐ
246 1087 396 1156 μόνον
429 1087 583 1140 οὐδὲν
637 1085 862 1156 ὠφελεῖ,
897 1087 1037 1141 ἀλλά
1086 1085 1291 1158 μᾶλλον
1325 1088 1423 1142 καὶ
1469 1086 1725 1158 βλάπτει,

167 1179 416 1253 φνσιοῦσα
466 1179 564 1233 καλ⁵
594 1178 838 1250 ὀγκοῦσα
869 1181 965 1234 τὸν
1013 1180 1229 1252 ἔχοντα,
1289 1181 1384 1236 καὶ
1431 1179 1520 1234 διὰ
1571 1181 1730 1236 τοῦτο

167 1268 518 1339 ἀποσχξζουσα
547 1270 715 1324 αὐτὸν
748 1269 842 1324 τοῦ
875 1271 1106 1342 πλησίον
1141 1271 1358 1342 μέλους,
1399 1275 1494 1329 ἐὰν
1527 1275 1601 1346 μὴ
1633 1275 1728 1329 καὶ

165 1365 250 1432 τὴν
273 1361 490 1431 ἀγάπην
529 1361 630 1434 ἔχῃ
666 1361 787 1431 μεθ’
821 1363 1018 1418 ἑαυτοῦ
1044 1365 1112 1429 ’⁸,
1133 1363 1258 1435 ἥτις
1285 1365 1475 1438 ἀγάπη
1498 1366 1726 1420 τούναν-

164 1455 261 1510 τίον
291 1455 594 1525 οἰκοδομεῖν
631 1454 886 1514 δύναται.
917 1457 1063 1512 Ὅσα
1093 1457 1204 1530 γὰρ
1236 1460 1270 1529 ἡ
1307 1461 1478 1528 χωρὶς
1507 1461 1729 1530 ἀγάπης

164 1549 346 1619 γνῶσις
403 1548 688 1620 καθαιρεῖ,
741 1549 919 1605 ταῦτα
984 1551 1018 1621 ἡ
1071 1551 1258 1624 ἀγάπη
1308 1553 1584 1624 ἀνεγείρει
1635 1551 1727 1606 καὶ

159 1641 432 1712 οἰκοδομεῖ,
465 1641 653 1696 πάντα
694 1642 839 1714 ὑπὲρ
869 1641 962 1697 τοῦ
995 1642 1225 1714 πλησίον
1246 1644 1499 1700 ποιοῦσα.

223 1936 242 1972 ι
276 1919 336 1974 Εἰ
366 1919 423 1974 δέ
445 1938 537 1983 τις
563 1921 713 1976 δοκεῖ
750 1921 953 1977 εἰδέναι
979 1940 1056 1986 τι,
1081 1923 1296 1978 οὐδέπω
1330 1924 1484 1978 οὐδὲν
1513 1923 1723 1994 ἔγνωκε

159 2011 327 2077 καθὼς
362 2013 444 2066 δεῖ
485 1997 700 2068 εἰδέναι
751 2015 821 2073 ⁷⁹.
865 2033 886 2067 ι
950 2013 1024 2069 Τὸ
1063 2015 1248 2086 μεῖζον
1277 2015 1431 2086 λέγει
1471 2015 1726 2083 ἐνταῦθα,

159 2105 228 2160 ὅτι
254 2101 356 2161 κάν
381 2104 530 2175 μετὰ
565 2105 667 2176 τῆς
697 2106 927 2177 ἀγάπης
971 2108 1004 2178 ἡ
1042 2107 1247 2177 γνῶσις
1286 2103 1347 2183 ᾖ,
1379 2107 1502 2162 οὐδὲ
1555 2107 1729 2173 οὕτως

161 2197 267 2250 ἐστὶ
289 2197 470 2252 τελεία
495 2214 516 2230 ο
559 2198 740 2262 οὐδεὶς
777 2197 888 2270 γὰρ
921 2195 1030 2253 οἶδέ
1061 2218 1113 2254 τι
1159 2198 1342 2264 καθὼς
1373 2200 1454 2254 δεῖ
1500 2201 1726 2269 γνῶναι,

160 2289 247 2346 κᾶν
266 2289 465 2362 Πέτρος
510 2286 576 2366 ᾗ,
611 2291 720 2346 κᾶν
756 2289 994 2356 Παῦλος.
1023 2293 1187 2346 ’Ὥστε
1215 2291 1268 2345 τί
1311 2291 1469 2362 ὑμεῖς
1505 2291 1724 2364 ἐπαίρει

162 2382 261 2446 alia,
301 2382 348 2435 οί
379 2383 481 2454 τὴν
521 2380 724 2452 γνῶσιν
749 2381 966 2454 ἔχοντες
993 2383 1168 2454 χωρὶς
1195 2384 1442 2456 ἀγάπης,
1477 2385 1612 2439 ὅπου
1663 2398 1730 2452 γε

159 2471 250 2527 κᾶν
293 2472 428 2543 μετά
473 2472 584 2545 τῆς
641 2472 868 2545 ἀγάπης
922 2473 1094 2545 αὐτὴν
1151 2473 1351 2546 εἴχετε,
1413 2475 1534 2530 οὐδὲ
1585 2473 1730 2530 οὕτω

161 2565 345 2622 τέλειόν
370 2583 424 2620 τι
458 2565 802 2636 ὲγινώσκετε
828 2585 844 2636 ;

227 2851 246 2884 ι
271 2831 332 2886 Ei
359 2829 417 2888 δέ
449 2849 545 2897 τις
577 2833 772 2906 ἀγαπᾷ
800 2832 893 2888 τὸν
937 2833 1096 2898 Θεὸν,
1145 2825 1301 2898 οὗτος
1334 2835 1606 2904 ἔγνωσται
1638 2835 1732 2890 ὑπ’

155 2913 326 2980 αὐτοῦ.
366 2945 385 2980 ι
424 2927 500 2982 Ὅ
547 2926 724 2995 λέγει,
779 2926 1024 2982 τοιοῦτόν
1070 2929 1220 2981 ἐστιν
1247 2945 1261 2959 ·
1317 2930 1387 2984 El!
1409 2947 1496 2992 τις
1539 2931 1732 3002 ἀγαπᾷ

160 3018 238 3072 τὸν
267 3019 522 3090 πλησίον,
559 3020 752 3092 ἀγαπᾷ
781 3020 876 3074 καὶ
905 3019 998 3074 τὸν
1027 3021 1162 3074 Θεὸν
1197 3021 1436 3086 πάντως.
1470 3022 1604 3092 Ἀγα
1615 3023 1731 3077 πῶν

159 3110 209 3164 δὲ
234 3111 318 3166 τὸν
359 3113 526 3176 Θεὸν,
577 3113 681 3166 οὐκ
729 3105 906 3179 εἶπεν,
946 3115 1029 3168 ὅτι
1073 3112 1217 3182 ἔγνω
1264 3116 1357 3168 τὸν
1407 3115 1562 3181 Θεὸν,
1591 3115 1729 3182 ἀλλ’,

1835 921 1957 960 rum
2003 905 2200 961 fastum
2231 907 2299 962 ob
2327 905 2613 962 scientiam
2653 914 2982 974 conceptum
3029 902 3296 974 reprimit.
3331 903 3418 958 in-

1832 997 2028 1068 quiens
2059 1015 2072 1052 :
2107 995 2226 1050 Non
2261 1011 2359 1052 vos
2385 995 2484 1051 soli
2519 993 2661 1050 hanc
2693 995 2928 1062 habetis,
2970 993 3064 1048 sed
3093 1007 3194 1048 nos
3227 1007 3420 1049 omnes

1828 1105 1895 1145 ex
1931 1106 2086 1160 mqno
2115 1099 2386 1155 tenemus,
2421 1087 2566 1158 quod
2595 1085 2728 1140 nihil
2761 1086 2834 1140 sit
2862 1084 3067 1140 idolum
3101 1083 3154 1138 in
3189 1081 3415 1138 ntundo.

1832 1181 2032 1238 Verum
2083 1182 2315 1237 scientia
2345 1182 2479 1236 adeo
2522 1194 2630 1234 non
2691 1178 2866 1234 solum
2898 1193 3008 1232 tton
3062 1177 3306 1247 prodest,
3358 1185 3420 1228 ut

1830 1276 2012 1346 potius
2057 1274 2224 1330 etiam
2261 1273 2424 1336 obsit,
2461 1271 2658 1326 inﬂans
2695 1281 2750 1326 et
2795 1269 3168 1326 intumescere
3211 1267 3420 1322 faciens

1829 1367 2142 1430 habentem,
2168 1381 2232 1420 ac
2255 1375 2540 1435 propterea
2565 1361 2898 1418 abscindens
2940 1376 2968 1414 a
2991 1359 3226 1432 proximi
3251 1373 3424 1412 mem-

1828 1457 1948 1526 bro,
1983 1457 2086 1512 nisi
2118 1456 2442 1512 charitatem
2471 1469 2576 1510 una
2607 1469 2799 1512 secum
2829 1451 3100 1507 habuerit.
3126 1448 3424 1518 Qnazninti-

1829 1567 1947 1606 rum
1978 1550 2242 1615 charitas,
2280 1565 2310 1605 e
2333 1558 2521 1604 contra
2551 1546 2826 1603 mdiﬁcare
2847 1554 3047 1618 potest.
3075 1543 3424 1612 Qumcunquc

1839 1645 1983 1701 enim
2017 1643 2250 1700 scientia
2282 1643 2400 1697 sine
2434 1640 2724 1706 charitate,
2753 1637 3010 1704 destruit,
3043 1637 3160 1692 haec
3183 1635 3425 1691 charitas

1828 1737 1994 1808 erigit
2055 1737 2437 1807 aedilicatqne,
2501 1732 2688 1790 omnia
2751 1732 2806 1788 in
2884 1729 3120 1802 proximi
3189 1727 3422 1799 gratiam

1833 1831 2060 1887 faciens.

1901 1921 2066 1978 Vsus.
2111 1921 2168 1978 2.
2211 1939 2230 1973 ι
2273 1917 2331 1976 Si
2361 1919 2483 1991 quis
2515 1926 2696 1974 autem
2727 1931 2789 1972 se
2831 1914 3112 1970 existimat
3154 1911 3295 1967 scire
3321 1910 3424 1964 alio

1835 2014 1988 2085 quid,
2020 2012 2258 2068 nondum
2291 2011 2586 2084 quidquam
2639 2007 2812 2074 novit,
2840 2003 3296 2077 quemadmodum
3329 2019 3426 2056 no-

1832 2104 1977 2158 visse
2003 2111 2230 2172 oportet.
2274 2121 2292 2153 ι
2333 2101 2500 2172 Mujtts
2536 2098 2797 2171 quiddam
2825 2098 2914 2153 hic
2965 2096 3122 2164 dicit,
3159 2110 3354 2164 nempe
3390 2111 3405 2148 :

1831 2195 2060 2250 Etiamsi
2091 2194 2346 2249 charitati
2403 2193 2631 2249 scientia
2683 2189 2969 2259 conjuncta
3010 2188 3205 2256 fuerit;
3248 2202 3422 2257 neque

1839 2287 1921 2342 sic
1947 2296 2030 2341 est
2051 2283 2312 2356 perfecta.
2347 2281 2518 2339 Nemo
2548 2283 2691 2340 enim
2727 2281 3026 2353 quidquam
3051 2279 3202 2334 novit
3225 2293 3419 2348 quem-

1833 2379 2124 2434 admodum
2184 2376 2328 2433 scire
2374 2385 2612 2447 Oportet,
2648 2377 2764 2432 sive
2815 2373 3012 2430 Petrus
3041 2371 3247 2444 [fuerit,
3305 2371 3422 2426 sive

1834 2472 2052 2528 Paulus.
2075 2471 2214 2538 Quid
2245 2469 2412 2542 igitur
2442 2484 2544 2524 vos
2579 2467 2893 2532 efl‘erimini,
2927 2466 3020 2538 qui
3050 2465 3276 2520 scientia
3303 2463 3424 2518 sine

1834 2565 2128 2622 dilectione
2154 2565 2351 2620 imbuti
2385 2563 2557 2619 estis?
2579 2561 3024 2634 quandoquidem
3055 2559 3100 2616 si
3133 2557 3419 2614 scientiam

1834 2659 1998 2714 etiam
2033 2674 2154 2714 cum
2194 2657 2488 2713 dilectione
2538 2655 2834 2721 haberetis,
2873 2667 3052 2726 neque
3097 2652 3177 2709 sic
3241 2659 3421 2706 tamen

1833 2749 2070 2822 perfecte
2107 2747 2310 2820 aliquid
2343 2749 2581 2804 sciretis.

1907 2843 2072 2900 Vens.
2101 2845 2156 2898 5.
2197 2861 2216 2896 ι
2264 2840 2361 2898 Sin
2393 2842 2517 2913 quis
2556 2849 2736 2896 autem
2775 2839 2949 2911 diligit
2985 2839 3180 2904 Deum,
3233 2837 3281 2891 is
3329 2849 3424 2890 co-

1833 2937 2021 3008 gnitus
2067 2945 2150 2992 est
2199 2937 2267 2992 ab
2315 2951 2404 2991 co.
2447 2954 2466 2987 ι
2505 2930 2658 3002 Quod
2691 2931 2789 3002 ait,
2840 2941 2925 2989 est
2949 2929 3307 3003 huiusmodi:
3363 2927 3423 2984 Si

1833 3028 2246 3099 quisjcltaritate
2271 3025 2580 3098 proximum
2610 3040 2769 3081 suum
2793 3023 3164 3096 prosequitur,
3182 3022 3228 3078 is
3254 3021 3422 3078 Deum

1835 3122 2003 3178 etiam
2025 3133 2252 3190 prorsus
2287 3118 2486 3190 diligit.
2545 3117 2646 3186 Qui
2677 3127 2858 3172 autem
2894 3117 3060 3171 Deum
3085 3114 3286 3188 diligit,
3311 3131 3420 3170 non

166 3221 187 3254 ι
213 3203 517 3273 Ἐγνωσται
546 3205 654 3259 ὑπὸ
683 3205 821 3258 Θεοῦ
843 3223 856 3236 ·
891 3225 910 3258 ι
943 3205 1215 3271 τουτέστι,
1247 3207 1490 3276 γνωστὸς
1515 3207 1664 3280 αὐτῷ
1685 3209 1732 3240 ⁸⁸

1845 3213 2000 3280 dixit,
2033 3211 2352 3281 cognoverit
2383 3211 2704 3278 Deum,sed,
2735 3227 2756 3264 ι
2788 3208 2834 3264 Α
2855 3209 2964 3265 Deo
2989 3208 3370 3280 cognitusest:
3397 3225 3420 3260 ι

165 3293 246 3346 καὶ
269 3297 463 3359 οἰκεῖος
522 3295 878 3350 καθίσταται.
907 3297 1158 3361 Γνωστὸς
1201 3297 1256 3351 δὲ
1305 3299 1602 3368 γενόμενος
1654 3297 1733 3372 τῷ

1845 3307 1940 3361 hoc
1975 3314 2078 3372 εει,
2115 3316 2279 3361 ηοιιιε
2307 3304 2408 3375 ipsi
2445 3313 2498 3360 et
2523 3303 2814 3359 familiaris
2843 3302 3214 3359 constituitur.
3247 3298 3424 3356 Notus

163 3385 284 3457 Θεῷ,
311 3389 522 3458 γνῶσιν
548 3389 682 3460 παρ’
713 3389 880 3442 αὐτοῦ
908 3389 1178 3460 λαμὸάνει
1212 3432 1228 3458 ,
1257 3393 1352 3445 καὶ
1381 3393 1504 3446 οὐδὲ
1524 3393 1732 3466 ταύτην

1845 3404 2018 3452 autem
2063 3395 2198 3464 Deo,
2237 3394 2522 3451 scientiam
2559 3396 2628 3450 ab
2677 3409 2744 3448 eo
2778 3395 2976 3464 accipit
3015 3411 3028 3448 :
3067 3407 3240 3462 neque
3285 3392 3428 3447 hanc

167 3479 266 3549 ἔχει
306 3483 759 3553 ἀπηρτισμένην.
791 3483 958 3538 Ὥστε
1011 3484 1118 3537 κᾶν
1191 3485 1398 3554 γνῶσιν
1452 3487 1604 3562 ἔχῃς,
1658 3489 1734 3561 μὴ

165 3571 366 3644 ῑπαίρου
391 3593 402 3604 ’
427 3574 560 3628 οὕτε
587 3575 698 3648 γὰρ
719 3575 902 3629 τελεία
927 3575 1237 3640 ἐστἰν,οῦτε
1264 3578 1354 3632 σὸν
1378 3581 1731 3653 κατόρθωμα,

166 3663 284 3718 ἁλλά
313 3665 404 3720 τοῦ
427 3667 576 3722 Θεοῦ
595 3667 640 3700 ⁸⁸
667 3670 783 3721 ἐστι
815 3669 1086 3740 χάρισμα.
1105 3669 1247 3742 Ὅρα
1272 3669 1424 3740 γοῦν,
1443 3672 1529 3726 διὰ
1552 3674 1734 3727 πόσων

165 3758 511 3812 καταστέλλει
543 3759 636 3812 τὸν
665 3759 840 3829 τῦφον
880 3759 1084 3814 αὐτῶν.

230 3866 248 3899 ι
278 3849 410 3920 Περὶ
442 3849 552 3918 τῆς
584 3849 844 3920 βρώσεως
856 3845 952 3904 οῦν
971 3851 1082 3906 τῶν
1099 3851 1491 3920 εἰδωλοθύτων,
1515 3854 1736 3926 οῖδαμεν

167 3939 238 3992 ὅτι
285 3942 434 3997 οὐδὲν
475 3941 699 3996 είδωλον
757 3945 818 3997 ἐν
865 3945 1081 4016 κόσμῳ,
1117 3946 1214 3998 καὶ
1246 3946 1330 4000 ὅτι
1386 3947 1564 4012 οὐδεὶς
1603 3948 1738 4012 Θεὸς

167 4031 358 4105 ἔτερος,
389 4037 442 4090 εί
495 4035 570 4110 μὴ
602 4031 705 4100 εἷς.
755 4055 775 4090 ι
816 4036 991 4091 Πάλιν
1043 4041 1338 4094 κοινοποιεῖ
1383 4041 1484 4112 τὴν
1511 4041 1736 4112 γνῶσιν,

169 4129 536 4182 καταστέλλων
584 4129 809 4194 αὐτούς.
849 4131 1061 4197 Πάντες
1094 4133 1226 4203 γάρ,
1267 4135 1455 4204 φησὶν,
1515 4135 1738 4206 οἴδαμεν

167 4217 238 4270 ὅτι
272 4220 420 4274 οὐδὲν
463 4221 690 4274 εἴδωλον
719 4223 777 4276 ὲν
810 4223 1026 4294 κόσμῳ.
1065 4223 1181 4276 Οὐκ
1203 4223 1352 4277 ἐστιν
1383 4223 1476 4278 οῦν
1503 4225 1735 4292 είδωλας

168 4310 254 4364 οὒκ
282 4312 392 4367 ἐστι
429 4313 634 4382 ξόανας
672 4315 836 4370 Ἔστι.
888 4316 1012 4387 μὲν,
1061 4315 1176 4372 ἀλλ’
1206 4317 1360 4372 οὐδέν
1387 4318 1536 4372 ἐστι·
1577 4335 1738 4372 τουτ-

171 4401 323 4470 έστιν,
355 4405 626 4476 οὐδεμίαν
671 4407 827 4478 ἰσχὺν
863 4407 1020 4479 ἔχει·
1067 4409 1188 4464 οὐδὲ
1224 4409 1338 4463 θεοί
1385 4411 1546 4474 εἰσιν,
1602 4411 1740 4464 ἀλλά

168 4493 293 4550 λίθοι
328 4501 424 4553 και
469 4497 747 4569 δαίμονες.
793 4501 1014 4572 Ἐπειδὴ
1041 4501 1150 4575 γὰρ
1175 4499 1318 4576 ἦσαν
1347 4503 1480 4575 παρ’
1509 4502 1740 4576 Ἕλλησι

167 4588 252 4640 uel.
284 4589 515 4655 ἰδιῶται,
573 4590 670 4645 καὶ
722 4592 914 4660 σοφοίο
958 4593 1058 4646 καὶ
1112 4595 1161 4648 οῖ
1192 4595 1290 4665 μὲν
1331 4595 1542 4650 ἰδιῶται
1585 4595 1740 4650 οὐδὲν

1838 3497 2016 3542 tamen
2076 3485 2376 3556 perfectam
2417 3485 2599 3541 habet.
2661 3485 2919 3550 Proinde,
2969 3483 3072 3539 etsi
3137 3481 3420 3538 scientiam

1836 3580 2058 3646 habeas,
2099 3579 2210 3635 noli
2237 3578 2442 3635 eil'crri.
2478 3577 2613 3632 Nam
2647 3593 2823 3649 neque
2857 3577 3095 3648 perfecta
3119 3585 3224 3642 est,
3249 3589 3426 3644 neque

1841 3680 1992 3726 tuum
2030 3686 2188 3740 opus,
2247 3669 2346 3726 sed
2396 3671 2488 3725 Dei
2520 3670 2746 3726 donum.
2804 3665 2938 3724 Vide
2988 3667 3155 3739 igitur
3201 3665 3426 3736 quantis

1841 3764 2182 3834 argumentis
2213 3777 2404 3818 eorum
2443 3761 2754 3832 superbiam
2789 3761 3028 3816 cohibet.

1917 3855 2081 3911 Vrsas.
2140 3855 2194 3910 4.
2235 3873 2255 3907 ι
2304 3855 2378 3910 De
2409 3852 2824 3909 manducatione
2858 3867 2988 3908 vero
3038 3866 3252 3917 eorum,
3307 3863 3428 3920 qua:

1840 3947 2004 4004 idolis
2034 3956 2163 4001 sunt
2192 3946 2402 4014 oblata,
2437 3945 2641 4001 scimus
2677 3945 2823 4016 quod
2851 3945 3052 4000 idolum
3095 3941 3231 3998 nihil
3257 3950 3342 3998 est.
3369 3942 3424 3996 itt

1841 4040 2068 4105 mundo,
2100 4047 2152 4094 ει
2183 4039 2327 4109 quod
2351 4037 2530 4094 nullus
2559 4047 2640 4094 est
2665 4037 2808 4092 Deus
2837 4037 2937 4092 nisi
2960 4053 3122 4092 unus.
3161 4055 3180 4088 ι
3217 4033 3426 4089 Rursus

1840 4132 2204 4212 cognitionem
2222 4146 2564 4187 communem
2590 4129 2738 4195 facit,
2767 4131 3080 4202 deprimens
3109 4143 3227 4184 eos.
3289 4127 3426 4182 Nam

1841 4241 2052 4294 omnes,
2111 4225 2306 4295 inquit,
2369 4225 2571 4280 scimus
2627 4223 2772 4295 quod
2833 4223 3036 4278 idolum
3074 4221 3208 4276 nihil
3245 4221 3318 4276 sit
3373 4219 3426 4274 in

1843 4322 2072 4374 mundo.
2109 4319 2307 4374 Nonne
2346 4318 2512 4386 igitur
2532 4327 2659 4373 sunt
2692 4316 2832 4374 idola
2854 4318 2880 4371 ?
2913 4331 3090 4371 nonne
3118 4313 3430 4384 settlptilia?

1847 4413 1989 4467 Sunt
2023 4412 2269 4482 quidem,
2298 4411 2390 4466 sed
2427 4411 2562 4464 nihil
2595 4421 2724 4468 sunt
2753 4429 2768 4466 :
2795 4409 2847 4465 id
2880 4419 2984 4478 e5t,
3028 4409 3235 4463 nullntn
3265 4407 3431 4462 robur

1847 4505 2070 4569 haben}.
2112 4504 2300 4576 Neque
2346 4505 2420 4560 dii
2454 4513 2606 4570 sunt,
2638 4503 2732 4558 sed
2773 4501 2983 4574 lapides
3015 4517 3080 4556 ac
3132 4502 3428 4556 daemones.

1844 4596 1980 4664 Quia
2013 4611 2144 4650 vero
2174 4597 2315 4666 apud
2352 4595 2570 4650 Graecos
2605 4595 2760 4650 fuere
2787 4603 2844 4651 et
2878 4593 3082 4649 indocti
3115 4601 3173 4648 ει
3208 4591 3428 4661 sapien-

171 4679 350 4748 ᾔδεσαν
381 4684 429 4716 θ’
464 4685 630 4738 πλέον
666 4684 774 4736 τῶν
809 4685 975 4738 λίθων
1008 4701 1022 4717 ·
1054 4688 1105 4740 οῖ
1133 4686 1194 4740 δὲ
1238 4685 1520 4756 φιλόσοφοι
1575 4688 1733 4744 δυνά-

1851 4699 1930 4744 ιεε
1959 4705 1973 4742 :
2005 4688 2207 4742 indocti
2269 4687 2488 4756 quidem
2551 4685 2686 4741 nihil
2724 4685 2842 4756 plus
2904 4685 3044 4740 idola
3097 4699 3217 4740 esse
3264 4697 3428 4753 quam

176 4785 284 4839 μεις
311 4773 464 4838 θείας
495 4775 728 4828 ἐνοικεῖν
750 4775 936 4840 αὐτοῖς
967 4774 1238 4842 ἐδόξαζον,
1269 4776 1364 4842 οὓς
1392 4777 1439 4810 ⁸³
1465 4779 1561 4833 καὶ
1587 4779 1744 4846 Θεοὺς

171 4863 423 4921 ἐκάλουν·
461 4869 604 4940 πρὸς
645 4867 746 4940 μὲν
787 4869 915 4933 τοὺς
967 4868 1186 4934 ἰδιώτας
1227 4853 1350 4924 εἷπε
1393 4871 1476 4938 τὸ,
1515 4891 1536 4924 r
1577 4872 1744 4926 Οὐδέν

174 4959 309 5013 ἐστιν
337 4961 558 5016 εἴδωλον
589 4962 647 5015 ὲν
667 4962 748 5032 τῷ
779 4963 972 5034 κόσμῳ
991 4979 1007 4994 ·
1048 4983 1068 5016 ι
1096 4961 1230 5034 πρὸς
1263 4963 1320 5016 δὲ
1352 4963 1479 5028 τοὺς
1527 4964 1745 5034 φιλοσό-

173 5061 316 5117 φους,
345 5055 426 5109 ὅτι
457 5073 477 5106 ι
505 5053 622 5108 Οὐκ
645 5053 798 5108 ἐστιν
825 5055 1018 5126 ἕτερος
1038 5053 1194 5120 Θεὸς,
1220 5057 1270 5109 εἰ
1297 5054 1372 5126 μὴ
1395 5051 1496 5118 εἷς.
1527 5075 1546 5108 ι
1581 5056 1742 5110 Ὥστε

172 5141 283 5196 οὐδὲ
331 5144 593 5215 δυνάμεις
633 5148 775 5200 θεῖαι
826 5147 1098 5202 ἐνοικοῦσι
1145 5151 1262 5212 τοῖς
1327 5147 1604 5213 εἰδώλοις·
1659 5147 1740 5216 εἷς

173 5233 273 5306 γάρ
297 5239 414 5292 ἐστι
451 5237 609 5304 Θεὸς,
645 5241 744 5293 καὶ
767 5238 828 5292 οὐ
857 5238 1064 5293 πολλοί.

243 5422 264 5455 ι
295 5406 406 5460 Καὶ
437 5408 548 5479 γὰρ
576 5409 742 5482 εἰπερ
775 5410 884 5464 sic).
919 5409 1208 5482 λεγόμενοι
1236 5410 1372 5480 θεοὶ,
1403 5414 1512 5468 είτε
1545 5414 1602 5468 ἐν
1651 5417 1742 5470 οὐ-

177 5497 336 5568 ρανῷ,
365 5500 474 5554 εἴτε
531 5503 626 5556 ἐπὶ
667 5504 768 5573 γῆς
803 5502 1014 5576 (ὥσπερ
1057 5504 1168 5558 εἰσὶ
1219 5503 1334 5559 θεοὶ
1384 5506 1593 5572 πολλοὶ,
1642 5510 1738 5563 acati.

179 5585 347 5658 κύριοι
387 5591 617 5660 πολλοὶ),
657 5593 771 5648 ἀλλ’
821 5595 955 5666 ἡμῖν
989 5589 1074 5660 εἷς
1113 5595 1248 5661 Θεὸς
1288 5598 1316 5650 ὁ
1347 5597 1557 5669 Πατὴρ,
1586 5599 1644 5665 ἐξ
1677 5595 1738 5655 οὗ

179 5675 241 5730 τὰ
271 5680 484 5750 πάντα,
517 5684 614 5738 καὶ
663 5687 830 5756 ἡμεῖς
861 5687 941 5752 είς
981 5686 1162 5740 αὐτόν.
1217 5705 1236 5739 ι
1297 5687 1519 5762 Ἐπειδὴ
1560 5687 1738 5761 εἶπεν,

1847 4781 2060 4852 lapides
2094 4789 2290 4834 norant
2339 4799 2352 4834 :
2401 4779 2710 4850 philosophi
2754 4793 2884 4836 vero
2927 4777 3141 4834 divinas
3193 4777 3246 4832 in
3299 4776 3430 4844 ipsis

1845 4874 2095 4930 habitare
2128 4871 2358 4926 virtutes
2383 4871 2813 4938 arbitrabantur,
2853 4885 2989 4940 quas
3026 4878 3080 4922 et
3109 4869 3238 4922 deos
3270 4881 3431 4919 voea-

1845 4967 1977 5020 bant
2001 4980 2015 5029 ;
2035 4965 2102 5018 ad
2129 4965 2328 5018 idiotas
2349 4963 2519 5018 dixit:
2551 4981 2568 5014 ι
2595 4961 2798 5018 Idolum
2823 4962 2957 5017 nihil
2977 4971 3056 5018 εει
3075 4961 3128 5016 in
3155 4960 3350 5015 tnnndo
3368 4977 3382 5012 :
3403 4975 3423 5008 ι

1845 5059 1914 5114 ad
1943 5057 2296 5128 philosophos
2330 5071 2482 5122 vero,
2522 5073 2541 5108 ι
2582 5054 2700 5110 Non
2731 5066 2813 5111 est
2838 5055 2978 5110 alius
3012 5053 3171 5118 Deus,
3206 5061 3428 5120 printer-

1847 5160 2009 5214 quam
2042 5161 2202 5200 unus.
2254 5165 2272 5198 ι
2312 5145 2486 5214 igitur
2530 5159 2710 5216 neque
2760 5145 2994 5201 virtutes
3023 5143 3218 5196 divinat:
3254 5141 3427 5194 simu.

1850 5237 1996 5293 lacra
2028 5239 2134 5294 ista
2193 5239 2504 5294 inhabitant
2539 5256 2552 5293 :
2591 5253 2735 5294 unus
2780 5238 2930 5294 enim
2979 5235 3120 5290 Deus
3165 5239 3266 5296 cst,
3323 5245 3427 5285 non

1849 5330 2026 5386 multi.

1929 5423 2085 5494 167
2121 5421 2288 5479 Vsus.
2331 5425 2386 5489 5,
2420 5423 2473 5478 6.
2505 5441 2524 5475 ι
2567 5423 2700 5478 Nam
2747 5421 2850 5478 etsi
2883 5428 3010 5475 sunt
3048 5419 3138 5489 qui
3176 5419 3429 5494 dicantur

1849 5510 1948 5574 dii,
1982 5511 2096 5566 sive
2131 5513 2181 5565 in
2216 5513 2374 5578 cmlo,
2408 5514 2524 5566 sive
2558 5513 2612 5567 in
2662 5523 2805 5566 terra
2839 5492 3318 5582 (qttettmlmudutri
3353 5510 3427 5565 dii

1852 5603 2005 5658 tnttlti
2057 5614 2202 5667 sunt,
2253 5619 2306 5658 et.
2358 5605 2560 5658 domini
2604 5603 2803 5672 multi),
2853 5603 3008 5658 nobis
3059 5613 3236 5658 tamen
3289 5617 3428 5657 unus

1850 5694 1993 5750 Dens
2025 5694 2191 5750 Pater
2217 5705 2320 5760 est,
2367 5711 2432 5751 ex
2467 5711 2574 5766 quo
2614 5695 2820 5760 omnia,
2855 5704 2912 5750 ct
2941 5713 3039 5751 nos
3073 5695 3126 5749 in
3165 5697 3358 5765 ipsum.
3401 5715 3424 5748 ›

1503 5816 1705 5880 Variae
1747 5819 2078 5884 lectiones.

244 5906 288 5938 ιη
329 5909 387 5962 ἐν
426 5931 484 5970 ηδ

262 5981 346 6036 ἶς’.
381 5981 467 6050 ἃς,

583 5918 626 5952 ’⁷⁷
669 5917 844 5972 οἴδατε
895 5933 947 5975 o.
1073 5920 1117 5953 ⁷⁸
1169 5917 1372 5992 ἑαυτῆς
1410 5937 1460 5977 ο.

181 5975 221 6006 I3

1586 5925 1628 5955 ⁷³
1668 5925 1869 5994 γνῶναι
1911 5942 1960 5983 0.

2065 5925 2110 5959 so
2156 5923 2320 5980 αὑτοῦ
2361 5941 2412 5983 ο,
2540 5927 2583 5961 δι
2629 5925 2868 5999 Χρητοῦ
2922 5943 2978 5985 ο.
3098 5925 3144 5956 ⁸³
3183 5919 3328 5996 vis“
3368 5935 3415 5979 ο·
