3874 6646
367 443 474 510 639

1221 435 1800 501 THEOPHYLACTI
1837 432 2249 496 BULGARIE
2296 433 2651 495 ARCHIEP.

3522 424 3637 490 660

444 579 467 614 ι
498 557 628 626 Quae
657 565 782 614 sunt
807 555 923 612 Dei.
959 574 978 608 ι
1019 555 1244 611 Assidue
1273 557 1327 610 in
1350 553 1669 610 memoriam
1696 566 1936 615 revocat,
1973 568 1986 606 Α

2121 570 2141 603 ι
2184 553 2374 606 ’Ἂτινά
2419 554 2538 606 ἐστι
2563 551 2656 604 τοῦ
2698 547 2855 604 Θεοῦ.
2891 569 2910 602 ι
2944 520 3190 618 Συνεχῶς
3219 544 3638 616 ἀναμιμνήσκει

370 653 514 725 quod
565 651 618 705 in
672 659 859 705 nostra
911 657 1182 720 potestate
1217 663 1323 703 non
1367 663 1574 714 sumus,
1632 663 1818 703 verum
1850 647 1949 701 sub

2104 663 2131 699 ξι
2160 644 2260 698 ούκ
2293 645 2459 714 ἔσμεν
2500 645 2730 707 ἑαυτῶν,
2767 641 2881 696 ἀλλ’
2906 643 3010 696 ὑπὸ
3057 641 3332 708 Δεσπότην
3367 635 3640 706 τελοῦμεν
3703 654 3720 660 -

372 743 601 799 Domino
653 740 761 796 Deo
818 755 1131 804 censemur,
1186 737 1360 810 quiet
1401 739 1634 792 animam
1672 749 1727 794 et
1755 751 1952 806 corpus

2104 755 2142 791 iV
2175 737 2328 805 Θεὸν⁹
2359 738 2452 790 τὸν
2501 737 2596 790 καὶ
2625 735 2804 807 ψυχὴν
2838 735 2934 788 καὶ
2977 735 3136 806 σῶμα
3166 730 3325 803 ἡμῶν
3362 728 3642 801 ἐξαγορά-

374 842 623 890 nostrum
654 832 915 901 sanguine
939 834 1183 887 redemit.

963 944 1192 1002 CAPUT
1243 945 1357 1002 VII.

445 1061 615 1117 Vens.
675 1061 722 1116 Ι.
760 1079 779 1114 ι
844 1059 922 1114 De
941 1060 1137 1130 quibus
1189 1069 1366 1115 autem
1401 1062 1698 1130 scripsistis
1731 1059 1886 1115 mihi.
1929 1077 1948 1112 ι

2054 849 2244 887 σαντα.

2658 948 2910 1004 ΚΕΦΑΛ.
2951 943 3025 1001 Z'.

2135 1086 2152 1119 ι
2189 1066 2320 1137 Περὶ
2373 1065 2430 1126 δὲ
2477 1057 2552 1119 ὧν
2597 1061 2876 1132 ἐγράψατε
2925 1076 3036 1130 μοι.
3070 1076 3089 1111 ι
3145 1053 3507 1128 Διωρθὼσατο
3561 1052 3645 1106 τὰ

375 1152 564 1208 Sectas
626 1151 884 1214 correxit,
949 1149 1388 1214 fornicationem,
1452 1153 1736 1206 avaritiam
1786 1169 1800 1204 :
1843 1149 1956 1220 jam

2104 1160 2353 1230 (ἔσματα,
2409 1156 2508 1227 τὴν
2545 1153 2827 1225 πορνείαν,
2872 1150 2972 1221 τὴν
3026 1145 3379 1212 πλεονεξίανο
3414 1143 3510 1198 νῦν
3539 1139 3646 1196 οὖν

377 1259 521 1298 nunc
550 1257 680 1298 vero
704 1243 772 1297 de
806 1242 1008 1310 nuptiis
1040 1251 1094 1296 et
1121 1241 1433 1311 virginitate
1462 1243 1672 1298 statuit.
1709 1241 1957 1312 Scripse-

2058 1250 2188 1322 περὶ
2230 1249 2408 1318 γάμου
2465 1249 2560 1301 καὶ
2603 1242 3312 1316 παρθενίαςηδιατάττεται.
3347 1233 3645 1307 Ἐγραψαν

378 1344 501 1390 rant
531 1337 676 1390 enim
704 1335 775 1401 ei,
815 1350 944 1390 num
976 1335 1354 1390 abstinendum
1397 1343 1540 1391 esset
1567 1337 1634 1392 ab
1657 1351 1846 1404 uxore,
1887 1353 1956 1392 an

2104 1345 2169 1413 ἄρ
2197 1341 2369 1412 αὐτῷ,
2401 1341 2450 1394 εί
2474 1341 2555 1394 δεῖ
2577 1337 2836 1407 γυναικὸς
2866 1331 3249 1406 ἀπέχεσθαι,ἢ
3286 1328 3371 1384 οὔ.

387 1443 571 1484 secus.

455 1539 475 1572 ι
533 1519 739 1574 Bonum
797 1519 1102 1575 esthomini
1170 1519 1448 1575 mulierem
1496 1536 1603 1576 non
1639 1531 1877 1592 tangere.
1933 1538 1952 1573 ι

386 1611 612 1676 Bonum,
666 1610 863 1681 inquit,
922 1621 976 1666 et
1008 1612 1265 1667 eximium
1302 1623 1385 1666 est
1421 1613 1596 1668 cuivis
1630 1611 1960 1679 mortalium,

383 1719 484 1756 nec
519 1703 615 1757 soli
651 1703 916 1757 sacerdoti
942 1703 1192 1774 (perinde
1227 1717 1291 1759 ac
1337 1703 1572 1756 nonnulli
1596 1703 1732 1757 male
1767 1703 1964 1758 intelli-

2139 1541 2160 1575 ι
2187 1522 2371 1576 Καλὸν
2424 1517 2698 1590 ἀνθρώπῳ
2749 1513 3007 1584 γυναικὸς
3042 1512 3118 1584 μὴ
3161 1509 3454 1566 ἅπτεσθαι.
3498 1526 3518 1561 ι
3569 1508 3650 1562 Τὸ

2066 1614 2165 1686 μὲν
2195 1612 2361 1668 καλὸν
2394 1610 2571 1666 καὶτὸ
2598 1607 2864 1678 ὑπερέχον
2894 1605 3034 1687 ἐστὶ,
3053 1603 3214 1674 φηςι,
3247 1602 3410 1654 παντὶ
3435 1598 3652 1668 ἀνθρὼ-

2063 1726 2172 1779 πῳ,
2222 1707 2317 1760 καὶ
2338 1705 2398 1760 ού
2435 1707 2594 1774 μόνον
2654 1703 2792 1772 ἱερεῖ
2836 1699 2935 1770 (ὥς
2983 1713 3133 1758 τινες
3177 1693 3364 1756 κακῶς
3417 1691 3648 1755 νοοῦσι),

385 1796 542 1865 gunt)
603 1795 881 1850 mulierem
932 1809 1154 1864 prorsus
1187 1810 1293 1849 non
1331 1793 1616 1862 attingere,
1655 1796 1750 1850 sed
1798 1795 1966 1866 virgi-

2104 1799 2286 1863 δόλως
2322 1797 2398 1870 μὴ
2442 1797 2717 1852 ἀπτεσθαι
2752 1793 3032 1863 γυναικὸς,
3066 1791 3202 1846 ἀλλά
3252 1787 3612 1861 παρθενεύειν
3635 1806 3648 1818 ο

386 1901 508 1940 nem
534 1901 872 1955 permanere.
905 1885 1099 1942 Tutior
1122 1893 1324 1953 autem,
1364 1894 1602 1942 nostram
1630 1887 1969 1942 imbecillita-

2104 1893 2137 1946 ὼ
2163 1893 2220 1948 δὲ
2253 1891 2658 1962 ἀσφαλέστερον
2686 1889 2779 1942 καλ⁸
2829 1885 3057 1958 βοηθοῦν
3100 1884 3260 1956 ἡμῶν
3283 1886 3350 1954 τῇ
3393 1881 3654 1952 ἀσθενείᾳ.

390 1987 496 2030 tem
527 1978 816 2046 plurimum
847 1975 1111 2046 adjuvans
1141 1987 1224 2032 est
1246 1977 1580 2033 matrimonii
1604 1992 1717 2034 res.
1754 1977 1961 2034 Subiu-

387 2069 498 2124 fert
520 2072 724 2140 igitur:

465 2159 646 2216 Vens.
681 2160 736 2216 2.
779 2179 798 2213 ι
854 2161 1084 2232 Propter
1117 2161 1508 2220 fornicationes
1557 2173 1765 2228 autem,
1802 2178 1971 2219 unus-

392 2251 622 2320 quisque
672 2252 944 2322 propriam
1007 2267 1228 2308 uxorem
1279 2255 1497 2320 haheat,
1525 2265 1580 2310 et
1634 2268 1972 2324 unaquaeque

375 2357 551 2419 suum
608 2344 785 2398 virum
823 2344 1043 2400 habeat.
1079 2362 1100 2398 ι
1141 2345 1216 2400 De
1260 2355 1490 2416 utraque
1535 2355 1690 2416 parte
1725 2347 1970 2402 disserit.

392 2433 701 2491 Verisimile
768 2444 850 2490 est
899 2437 1044 2491 enim
1079 2437 1254 2492 virum
1313 2439 1702 2494 continentiam
1763 2453 1968 2504 amare,

393 2528 674 2583 mulierem
737 2526 893 2598 157
931 2538 1113 2583 autem
1173 2545 1280 2584 non
1340 2531 1630 2584 itemzaut
1669 2544 1701 2581 e
1757 2530 1974 2585 diverso

403 2635 424 2669 ι
468 2616 693 2686 Pr0pter
722 2617 1113 2673 fornicationes
1137 2629 1339 2684 autem,
1387 2638 1406 2672 ι
1460 2620 1667 2686 dicens,
1702 2620 1976 2689 compellit

397 2723 499 2764 nos
529 2709 594 2763 ad
634 2710 1046 2766 continentiam.
1079 2709 1136 2764 Si
1165 2712 1310 2766 enim
1334 2722 1556 2782 prepter
1587 2712 1977 2770 fornicationes

401 2803 599 2874 nuptiae
633 2805 1041 2872 permittuntur,
1068 2819 1173 2859 non
1206 2803 1400 2858 debent
1428 2805 1655 2873 posthac
1692 2805 1975 2861 matrimo-

402 2895 495 2950 nio
519 2894 694 2964 juncti
732 2896 1180 2963 intemperanter,
1214 2895 1308 2950 sed
1349 2895 1539 2963 pudice
1555 2896 1833 2966 congredi.

482 2987 643 3041 Vens.
673 2988 724 3042 5.
763 3004 782 3037 ι
828 2986 994 3044 Uxori
1027 2991 1255 3046 maritus
1285 2988 1518 3045 debitam
1548 2989 1977 3045 benevolentiam

407 3077 630 3144 reddat;
663 3077 913 3132 similiter
941 3088 996 3134 et
1026 3095 1162 3136 uxor
1191 3083 1406 3135 marito.
1441 3098 1460 3132 ι
1487 3079 1725 3135 delfitum
1760 3081 1979 3153 (inquit)

406 3175 640 3242 habetis,
677 3184 914 3230 mutuam
941 3192 1068 3248 erga
1100 3193 1194 3234 vos
1222 3177 1675 3233 benevolentiam.
1704 3178 1982 3246 Quatenus

409 3268 575 3339 igitur
614 3268 870 3335 debitum,
905 3273 1278 3327 necessarium
1309 3281 1412 3339 est,
1439 3279 1498 3325 ut
1525 3271 1664 3325 hanc
1691 3271 1843 3328 vobis
1874 3289 1987 3330 mu-

411 3368 557 3414 tuam
592 3360 879 3427 praestetis.

485 3450 652 3505 Vsus.
691 3451 747 3506 4.
780 3471 798 3504 ι
855 3450 1004 3509 Uxor
1038 3455 1240 3525 proprii
1276 3459 1518 3526 corporis
1568 3475 1673 3518 non
1706 3463 1866 3518 nahet
1893 3477 1989 3532 po-

415 3551 687 3608 testatem,
711 3544 821 3599 °sed
864 3547 1137 3602 maritus:
1171 3549 1424 3606 similiter
1463 3565 1645 3609 autem
1686 3566 1740 3610 et
1764 3556 1992 3612 maritus

417 3637 618 3705 proprii
646 3639 892 3707 corporis
921 3649 1244 3709 potestatem
1276 3659 1383 3699 non
1412 3645 1594 3713 habet,
1623 3648 1717 3702 sed
1766 3663 1921 3704 uxor.
1965 3665 1985 3700 ι

416 3729 566 3794 Quod
619 3730 856 3786 debitum
910 3733 1002 3798 sit,
1052 3746 1106 3790 et
1139 3733 1298 3791 veluti
1333 3751 1420 3794 res
1470 3740 1772 3796 necessaria
1808 3750 1995 3796 mutua

416 3817 819 3888 benevolentia,
858 3841 1000 3881 nunc
1043 3826 1400 3884 demonstrat.
1434 3829 1550 3885 Non
1599 3832 1766 3897 enim,
1797 3833 1993 3903 inquit,

417 3923 736 3983 potestatem
773 3919 974 3973 habent
999 3933 1308 3989 corporum,
1335 3923 1429 3976 sed
1453 3922 1596 3978 enim
1639 3939 1777 3979 uxor
1815 3926 1996 3981 mariti

417 4018 474 4061 et
514 4021 672 4061 serra
713 4017 794 4063 est
836 4018 891 4064 et
922 4010 1139 4064 domina
1167 3996 1387 4067 z'serva
1439 4015 1679 4082 quidem,
1730 4025 1997 4085 quatenus

420 4114 537 4152 non
577 4098 744 4154 habet
800 4102 1005 4170 proprii
1050 4103 1297 4172 corporis
1356 4112 1700 4172 potestatem,
1734 4118 1793 4160 ut
1822 4107 2000 4162 tradat

421 4188 598 4258 ipsum
631 4189 829 4260 quibus
857 4191 1004 4256 velit,
1037 4202 1292 4248 caeterum
1344 4197 1576 4251 maritus
1615 4197 1922 4253 dominatur
1945 4199 1998 4254 in

421 4281 596 4348 ipsum
626 4282 878 4338 :domina
911 4297 1062 4349 vero,
1095 4293 1362 4354 quatenus
1384 4300 1574 4341 rursus
1599 4288 1781 4343 mariti
1804 4305 2001 4360 corpus

422 4373 594 4442 ipsius
633 4384 738 4442 est,
773 4390 875 4431 nec
927 4375 1092 4431 habet
1117 4375 1162 4431 is
1192 4379 1435 4446 corporis
1461 4379 1542 4434 sui
1573 4389 1918 4450 potestatem,
1943 4394 2003 4440 ut

426 4463 603 4518 tradat
626 4464 805 4535 ipsum
837 4467 1056 4522 scortis.
1086 4466 1434 4523 Consimilem
1457 4469 1525 4524 ad
1559 4471 1820 4528 rationem
1839 4476 2003 4530 maria

423 4564 508 4610 tus
534 4565 640 4623 est,
662 4572 784 4611 cum
812 4573 1002 4614 servus
1032 4568 1141 4613 tum
1168 4560 1419 4615 dominus
1451 4577 1562 4618 sua:
1591 4562 1855 4635 conjugis.

499 4649 664 4704 Vens.
696 4650 752 4706 5.
786 4669 805 4703 ι
846 4650 924 4707 Ne
957 4652 1296 4710 defraudctis
1327 4669 1424 4710 vos
1469 4666 1678 4725 mutuo,
1718 4659 1824 4714 nisi
1875 4660 2007 4730 quid

425 4759 494 4800 ex
525 4755 792 4796 consensu
833 4743 901 4797 ad
941 4751 1174 4814 tempus.
1219 4763 1239 4798 ι
1282 4745 1393 4802 Hoc
1445 4758 1557 4814 est,
1611 4749 1779 4806 invito
1811 4753 2008 4807 marito

428 4847 495 4888 ne
525 4831 797 4886 contineat
819 4847 988 4899 uxor;
1015 4834 1099 4889 vel
1137 4837 1388 4903 maritus,
1437 4839 1655 4896 nolente
1688 4855 1878 4897 uxore.
1911 4842 2008 4896 Al-

429 4935 603 4979 terum
624 4921 769 4978 enim
789 4923 961 4978 altero
987 4925 1156 4981 invito
1179 4926 1319 4982 istud
1342 4927 1542 4998 facere,
1567 4942 1647 4986 est
1668 4931 2010 5001 defraudare,

429 5015 879 5086 quemadmodum
912 5025 966 5069 et
993 5016 1059 5070 de
1081 5019 1324 5086 pecuniis
1350 5019 1554 5076 dicitur
1575 5039 1588 5076 :
1616 5021 1831 5080 volente
1852 5039 2002 5093 vero,

430 5123 536 5163 non
569 5107 720 5174 item,
755 5122 852 5163 ceu
891 5106 1111 5177 quando
1147 5123 1214 5164 ex
1268 5123 1542 5166 consensu
1573 5115 1784 5185 utrique
1822 5131 2005 5184 segre-

431 5200 676 5271 garet-int
705 5198 910 5271 aliquid
940 5200 1221 5270 temporis,
1257 5209 1315 5255 ut
1336 5201 1478 5258 inter
1509 5219 1630 5261 sese
1675 5207 2000 5264 abstineant.

509 5397 530 5430 ι
582 5376 654 5434 Ut
691 5378 896 5432 vacetis
943 5375 1150 5446 jejunio
1197 5387 1251 5434 et
1295 5380 1550 5435 orationi.
1609 5400 1625 5434 ι
1681 5381 2006 5455 Interpreta-

434 5478 521 5523 tur
569 5467 843 5537 qnomodo
897 5467 1114 5533 dixerit,
1183 5486 1203 5520 ι
1264 5470 1345 5526 Ad
1407 5481 1634 5542 tempus,
1707 5493 1727 5527 ι
1794 5479 2010 5548 quando

432 5558 637 5614 scilicet
685 5567 897 5628 tempus
955 5557 1118 5614 fuerit
1181 5572 1376 5616 vacare
1441 5562 1715 5631 orationi,
1774 5567 1878 5622 hoc
1927 5578 2010 5624 est

2069 1985 2266 2040 ἔστιτὸ
2295 1982 2390 2039 τοῦ
2419 1983 2601 2055 γάμου
2631 1982 2844 2054 χρῆμα.
2892 1979 3175 2049 Ἐπιφέρει
3203 1973 3328 2032 οὖν·

2148 2183 2168 2217 ι
2201 2162 2300 2216 Διά
2326 2162 2381 2216 δὲ
2407 2161 2505 2226 τὰς
2519 2161 2798 2234 πορνείας,
2819 2160 3048 2222 ἕκαστος
3072 2157 3170 2229 τὴν
3197 2154 3391 2212 ἑαυτοῦ
3419 2156 3655 2225 γυναῖκα

2071 2260 2264 2331 ἐχέτω,
2301 2259 2398 2314 καὶ
2427 2259 2634 2330 ἑκάστη
2679 2259 2770 2310 τὸν
2803 2256 2936 2310 ῐδιον
2983 2253 3153 2324 ἄνδρα
3205 2251 3398 2322 ἐχέτω.
3439 2267 3459 2301 ι
3521 2248 3656 2318 Περὶ

2073 2353 2335 2424 ἑκατέρου
2395 2351 2596 2424 μέρους
2625 2348 2959 2414 διαλέγεται.
2985 2345 3149 2408 Εἰκὸς
3171 2343 3278 2414 γάρ
3305 2342 3398 2396 τὸν
3430 2339 3534 2412 μὲν
3559 2341 3656 2394 ἀν·

2072 2447 2174 2518 δρα
2194 2446 2443 2516 στέργειν
2467 2443 2512 2478 "
2542 2444 2641 2514 τὴν
2669 2440 3047 2512 σωφροσύνην,
3085 2439 3183 2509 τὴν
3208 2436 3265 2490 δὲ
3297 2437 3540 2505 γυναῖκα
3559 2430 3654 2486 ού·

2073 2539 2108 2610 ἢ
2138 2539 2231 2593 καὶ
2267 2537 2328 2592 τὸ
2355 2536 2616 2608 ἔμπαλιν.
2669 2554 2689 2587 ι
2726 2534 2826 2587 Διά
2849 2533 2908 2586 δὲ
2933 2533 3032 2594 τὰς
3067 2528 3346 2601 πορνείας,
3389 2545 3407 2578 ι
3462 2523 3655 2588 εἰπὼν,

2075 2631 2158 2693 είς
2179 2628 2512 2700 ἐγκράτειαν
2552 2627 2803 2681 συνωθεῖ.
2847 2625 2909 2678 Ei
2945 2623 3053 2693 γὰρ
3084 2622 3172 2677 διὰ
3203 2621 3303 2683 τὰς
3339 2616 3600 2689 πορνείας
3626 2616 3656 2669 6

2077 2723 2253 2793 γάμος
2278 2722 2662 2792 συγχωρεϊται,
2690 2720 2792 2773 οὐκ
2820 2716 3093 2786 ὀφείλουσι
3124 2712 3308 2767 λοιπὸν
3328 2710 3380 2764 οι
3413 2712 3473 2764 ὲν
3494 2709 3658 2781 γάμῳ

2077 2813 2390 2878 ἀκολάστως
2421 2811 2795 2884 συνέρχεσθαι,
2821 2809 2958 2866 ἀλλὰ
2985 2806 3298 2884 σωφρόνως.

2159 3015 2179 3050 ι
2205 2995 2284 3068 Τῇ
2314 2995 2537 3064 γυναικὶ
2561 2995 2589 3048 6
2615 2993 2757 3064 ἀνὴρ
2774 2992 2874 3065 τὴν
2901 2991 3262 3065 ὀφειλομένην
3285 2991 3501 3046 εὔνοιαν
3525 2992 3660 3045 ἀπο·

2081 3086 2303 3142 διδότω·
2341 3085 2542 3158 ὁμοίως
2591 3087 2648 3140 δὲ
2677 3087 2838 3156 καὶὴ
2875 3084 3013 3155 γυνὴ
3059 3083 3138 3154 τῷ
3181 3083 3356 3155 ἀνδρί.
3395 3103 3414 3137 ι
3450 3082 3657 3154 Χρέος,

2087 3181 2274 3252 φησιν,
2320 3179 2506 3250 ἔχετε,
2548 3179 2647 3250 τὴν
2687 3177 3125 3249 πρδςάλλήλους
3166 3175 3414 3229 εὔνοιανο
3445 3174 3522 3239 ὡς
3566 3169 3659 3228 οὖν

2088 3275 2280 3346 χρέος,
2333 3272 2636 3340 ἀναγκαῖόν
2698 3273 2847 3326 ἔστιν
2894 3271 3041 3342 ὑμᾶς
3097 3269 3412 3325 ἀποδιδόναι
3457 3267 3662 3338 ταύτην

2091 3365 2364 3436 ἀλλήλοις.

2170 3476 2189 3508 ι
2232 3456 2300 3509 Ἦ
2334 3455 2474 3526 γυνὴ
2507 3452 2602 3509 τοῦ
2631 3455 2761 3509 ἰδίου
2789 3453 3040 3524 σώματος
3067 3455 3166 3510 οὐκ
3192 3455 3492 3522 ἐξουσιάζει
3510 3494 3526 3520 ,
3548 3454 3659 3508 ἀλλ’

2091 3549 2121 3602 6
2149 3549 2321 3620 ἀνήρ’
2348 3547 2549 3618 ὁμοίως
2576 3548 2632 3600 δὲ
2658 3547 2752 3601 καὶ
2781 3549 2810 3600 6
2832 3547 2973 3618 ἀνὴρ
2995 3546 3089 3600 τοῦ
3126 3547 3256 3600 ίδίου
3290 3546 3544 3617 σώματος
3565 3547 3660 3600 οὐκ

2094 3639 2417 3706 ἐξουσιάζει,
2448 3639 2562 3694 ἀλλ’
2596 3641 2630 3710 ἡ
2665 3641 2826 3712 γυνή.
2885 3659 2903 3692 ι
2962 3639 3088 3693 Ὀτι
3129 3639 3321 3708 όφειλὴ
3349 3639 3446 3692 καὶ
3503 3638 3662 3708 χρέος

2097 3734 2247 3787 ἐστὶν
2279 3735 2312 3803 ή
2355 3733 2493 3804 πρὸς
2529 3731 2797 3803 ἀλλήλους
2835 3729 3048 3796 εὔνοια,
3099 3730 3197 3784 νῦν
3241 3731 3536 3784 δείκνυσιν.
3589 3730 3660 3784 Οὐ

2095 3825 2206 3894 γὰρ
2235 3823 2610 3890 ἐξουσιάζουσι
2628 3863 2644 3886 ,
2675 3823 2829 3894 φησὶ,
2856 3821 2967 3876 τῶν
2991 3821 3280 3892 σωμάτων,
3308 3821 3422 3876 ἀλλ’
3445 3823 3480 3892 ἡ
3505 3823 3661 3891 γυνὴ,

2097 3915 2193 3969 καὶ
2221 3912 2381 3983 δούλη
2411 3913 2506 3966 καὶ
2528 3911 2786 3966 δέσποινά
2808 3913 2925 3966 ἑστι
2945 3911 3039 3965 τοῦ
3069 3911 3262 3979 ἀνδρός
3282 3927 3297 3942 ο
3322 3911 3510 3982 δούλη,
3541 3911 3662 3966 καθ’

2097 4004 2126 4058 6
2153 4004 2213 4058 τὸ
2239 4005 2370 4058 ῐδιον
2397 4004 2557 4075 σῶμα
2585 4003 2686 4056 οὐκ
2715 4002 2830 4075 ἔχει
2876 4004 3016 4074 αὑτὴ
3047 4004 3106 4056 ὲν
3139 4002 3393 4074 ἐξουσίᾳ,
3421 4002 3565 4058 ὥστε
3589 4003 3664 4058 δι-

2097 4097 2246 4152 δόναι
2269 4097 2400 4152 αὐτὸ
2428 4090 2509 4160 οἷς
2536 4095 2786 4167 βούλεται
2802 4136 2820 4162 ,
2847 4095 2962 4150 ἀλλ’
2984 4099 3012 4149 6
3033 4095 3170 4166 ἀνὴρ
3192 4094 3445 4161 δεσπόζει
3462 4095 3631 4151 αὑτοῦ
3651 4111 3662 4127 ·

2098 4191 2354 4247 δέσποινα
2385 4190 2462 4254 δὲ,
2498 4189 2632 4244 διότι
2661 4189 2822 4244 πάλιν
2853 4189 2914 4243 τὺ
2950 4187 3047 4243 τοῦ
3092 4189 3284 4261 ἀνδρὸς
3315 4188 3477 4258 σῶμα
3501 4189 3666 4259 αὐτῆς

2100 4285 2237 4350 ἐστι,
2268 4282 2363 4336 καλ⁵
2390 4281 2492 4336 ούκ
2515 4283 2629 4352 ἔχει
2663 4283 2868 4344 ἐκεῖνος
2889 4279 3054 4350 αὐτού
3082 4280 3204 4347 ὲξου
3217 4280 3362 4342 σίαν,
3387 4279 3528 4334 ὥστε
3550 4283 3665 4345 ταῖς

2102 4376 2332 4446 πόρναις
2359 4374 2559 4428 διδόναι
2601 4373 2754 4428 αὑτό.
2811 4372 3044 4445 Ὁμοίως
3067 4369 3164 4428 οὗν
3209 4373 3305 4426 καὶ
3329 4374 3356 4426 6
3381 4373 3540 4445 ἀνὴρ,
3577 4375 3663 4431 καὶ

2101 4468 2285 4533 δοῦλός
2308 4467 2424 4521 ἐστι
2458 4467 2554 4522 καὶ
2590 4464 2860 4538 δεσπότης
2882 4466 2982 4536 τῆς
3012 4467 3290 4534 γυναικός.

2182 4661 2202 4696 ι
2248 4642 2340 4712 Μὴ
2375 4639 2728 4708 ἀποστερεῖτε
2761 4638 3060 4709 ἀλλήλους,
3095 4638 3145 4692 εί
3178 4629 3310 4708 μήτι
3337 4639 3404 4694 ἂν
3437 4639 3500 4692 ἑκ
3535 4654 3661 4709 συμ-

2106 4737 2284 4808 φώνου
2312 4735 2450 4807 πρὸς
2477 4735 2690 4805 καιρόν.
2729 4751 2749 4785 ι
2777 4733 2823 4786 Τ
2824 4732 3089 4797 ουτὲστιν,
3114 4730 3338 4792 ἄκοντος
3368 4730 3463 4784 τοῦ
3485 4729 3660 4800 ἀνδρὸς

2111 4830 2187 4902 μὴ
2232 4826 2652 4899 ἑγκρατευέσθω
2679 4823 2907 4909 ἠογυνὴ,
2953 4823 2990 4895 ἢ
3021 4823 3050 4876 6
3081 4821 3242 4894 ἀνὴρ,
3271 4822 3372 4890 τῆς
3418 4820 3662 4891 γυναικὸς

2113 4920 2190 4992 μὴ
2235 4919 2586 4991 βουλομένης.
2628 4915 2702 4970 Τὸ
2764 4916 2894 4986 γὰρ,
2941 4914 3166 4977 ἄκοντος
3210 4912 3308 4967 τοῦ
3353 4914 3542 4985 ἐτέρου
3582 4912 3662 4968 τὸν

2110 5011 2299 5083 ἕτερον
2345 5009 2504 5065 τοῦτο
2531 5010 2728 5074 ποιεῖν,
2775 5006 3098 5077 ἀποστερεῖν
3139 5005 3312 5071 ἐστιν,
3358 5003 3550 5073 ὥσπερ
3579 5004 3664 5058 καὶ

2112 5103 2207 5157 ἐπὶ
2245 5102 2353 5156 τῶν
2373 5101 2675 5172 χρημάτων
2702 5097 2920 5167 λέγεται
2940 5113 2954 5127 ο
2988 5096 3049 5150 τὸ
3077 5096 3135 5149 δὲ
3165 5096 3413 5160 ἑκόντος,
3459 5095 3663 5150 ούκέτιο

2110 5191 2252 5257 οἷον.
2276 5195 2404 5248 ὅταν
2423 5194 2486 5246 ὲκ
2510 5189 2802 5261 συμφώνου
2827 5191 2875 5242 οἱ
2899 5187 2992 5243 δύο
3021 5189 3322 5259 ἀφορίσωσι
3348 5187 3538 5258 καιρόν
3555 5203 3666 5241 τινα

2112 5288 2193 5353 είς
2229 5286 2290 5340 τὸ
2318 5282 2614 5354 ἀπέχεσθαι
2640 5279 2907 5350 ἀλλήλων.

2193 5398 2211 5431 ι
2248 5379 2367 5433 ’Ὶνα
2399 5375 2696 5446 σχολάζητε
2732 5375 2797 5444 τῇ
2829 5372 3057 5442 νηστείᾳ
3084 5373 3180 5425 καὶ
3216 5373 3282 5441 τῇ
3316 5371 3611 5448 προσευχῇ.
3641 5385 3658 5420 ι

2124 5469 2474 5542 Ἕρμηνεύει,
2507 5465 2626 5528 πῶς
2669 5460 2789 5518 εἷπε
2823 5463 2907 5528 τὸ,
2958 5481 2977 5515 ι
3013 5463 3158 5533 Πρὸς
3187 5462 3401 5534 καιρὸν,
3453 5480 3471 5513 ι
3513 5460 3666 5530 {now

2115 5567 2243 5620 ὅταν
2276 5563 2465 5637 καιρὸς
2596 5557 2858 5632 σχολάσαι
2890 5559 2956 5629 τῇ
3007 5557 3315 5628 προσευχῇ,
3367 5552 3660 5614 τουτέστιν,

1698 5706 1896 5769 Vat-ire
1934 5709 2266 5774 lectiones.

515 5849 557 5881 "
589 5848 833 5918 ἐνεργεῖν
863 5864 917 5904 0.
