3874 6616
244 383 348 448 641

1017 377 1425 440 EXPOSITIO
1467 379 1551 441 IN
1589 377 1835 440 EPIST.
1877 375 1905 436 Ι
1944 375 2045 438 AD
2081 376 2249 438 (ΞΟΠ.
2276 403 2342 414 -
2370 379 2531 444 CAP.
2561 379 2699 442 Vll.

3409 385 3516 450 C42

242 492 654 564 ἱπιτεταμένως
683 490 964 556 εὔξασθαι.
999 493 1072 543 06
1101 491 1212 560 γὰρ
1245 487 1398 544 εἶπεν
1447 490 1657 554 ἁπλῶς,
1702 489 1820 542 Ἵνα

1951 495 2137 543 ntense
2193 489 2408 546 orandi.
2463 492 2582 547 Non
2639 492 2783 547 enim
2829 492 2968 550 dixit
3027 497 3372 567 simpliciter.
3439 504 3510 556 Ut

242 584 642 660 προσεύξησθε,
680 582 821 646 ἀλλ’,
854 601 873 634 ι
904 583 1020 636 Ἵνα
1048 582 1346 653 σχολάζητε
1373 585 1437 654 τῇ
1471 585 1772 653 προσευχῇ.
1803 601 1822 633 ι

242 680 307 733 Εἰ
343 677 394 709 ⁸⁸
426 675 526 746 γὰρ
557 674 650 728 τοῦ
679 673 864 737 ἁπλῶς
897 672 1152 742 εὔχεσθαι
1178 674 1434 744 ἀπείργει
1463 675 1590 737 τοὺς
1622 673 1830 726 συνιόν-

241 789 367 835 τας,
417 768 532 831 πῶς
560 766 795 836 ἀλλαχοῦ
838 782 1039 838 φησιν·
1090 785 1108 819 ι
1159 767 1547 830 Ἀδιαλείπτως
1590 765 1829 838 προσεύ-

243 863 444 933 xeo-05;
479 879 496 913 ι
543 862 632 924 Ὠς
661 860 726 914 ἂν
769 859 864 912 οὖν
905 862 938 929 ἠ
973 859 1108 930 εὐχὴ
1139 859 1537 922 σπουδαιοτέρα
1561 860 1825 930 γένηται,

244 952 547 1023 ἀπέχεσθε,
577 952 763 1020 φησιν,
796 949 1068 1020 ἀλλήλων,
1098 949 1175 1013 ὡς
1200 952 1300 1021 τῆς
1323 949 1524 1022 μίξεως
1543 949 1828 1021 ἀσχολίαν,

242 1043 347 1096 οὐκ
375 1041 742 1110 ἀκαθαρσίαν,
773 1039 1053 1111 ποιούσης.

323 1153 344 1186 ι
376 1134 488 1187 Καὶ
513 1133 678 1186 πάλιν
707 1133 802 1186 ἐπὶ
827 1132 888 1185 τὸ
917 1131 1052 1185 αύτδ
1090 1130 1448 1203 συνέρχεσθε,
1488 1130 1578 1186 ἵνα
1609 1131 1686 1204 μὴ
1713 1149 1832 1186 πει-

245 1227 391 1299 ράζῃ
423 1227 570 1296 ὑμᾶς
601 1227 629 1279 6
656 1226 903 1289 Σατανᾶς
933 1224 1023 1278 διὰ
1051 1225 1152 1295 τὴν
1181 1225 1460 1295 ἀκρασίαν
1493 1225 1670 1296 ὑμῶν.
1707 1245 1726 1278 1
1759 1225 1832 1278 Τὸ

245 1319 412 1374 πάλιν
446 1317 800 1390 συνέρχεσθαι
827 1317 995 1388 ὑμᾶς,
1027 1317 1212 1387 φησὶν,
1247 1316 1308 1370 o6
1331 1316 1638 1387 νομοθετῶν
1661 1317 1828 1386 λέγω,

244 1411 365 1467 ἀ)λ’
405 1428 426 1464 ι
466 1411 553 1466 ἴνα
579 1411 654 1482 μὴ
693 1409 929 1481 πειράζῃ
968 1410 1113 1481 ὑμᾶς
1137 1411 1165 1463 6
1195 1409 1464 1476 Σατανᾶς,
1508 1429 1528 1462 ι
1573 1410 1653 1473 είς
1692 1427 1830 1480 πορ-

242 1502 395 1579 νείαν
447 1500 680 1572 δηλαδή.
745 1499 903 1552 Ἐπεὶ
945 1499 1003 1552 δὲ
1036 1501 1064 1552 6
1091 1497 1341 1562 διάὃολος
1389 1499 1450 1551 o6
1483 1498 1607 1552 καθ’
1639 1500 1832 1553 ἑαυτὸν

243 1593 425 1656 αἴτιος
471 1594 570 1663 τῆς
614 1590 896 1662 πορνείας,
951 1589 1091 1644 ἀλλά
1133 1589 1566 1662 προηγουμένως
1603 1591 1637 1660 ἡ
1673 1591 1832 1660 ἡμῶν

246 1687 522 1759 ἀκρασία*
544 1685 794 1757 ἐπήγαγε
810 1700 824 1714 ο
855 1705 872 1737 ι
899 1683 996 1737 Διά
1016 1684 1117 1754 τὴν
1136 1683 1409 1754 ἀκρασίαν
1430 1683 1603 1755 ὑμῶν.
1639 1704 1659 1737 ›
1682 1684 1829 1754 Αὕτη

247 1775 358 1846 γάρ
391 1777 428 1846 ἡ
454 1774 606 1828 αἰτία
634 1773 728 1827 τοῦ
759 1774 855 1826 καὶ
887 1773 978 1826 τὸν
1001 1773 1248 1827 διάϐολον
1281 1775 1564 1845 πειράζειν
1587 1777 1760 1845 ἡμᾶς.

1932 579 2099 634 oretis
2127 597 2139 634 :
2173 582 2289 646 sed,
2319 600 2336 632 ι
2375 581 2443 637 Πι
2473 587 2678 638 vacetis
2708 585 2964 641 orationi.
3005 607 3024 639 ι
3058 587 3113 642 Si
3137 591 3281 644 enim
3305 592 3515 661 simpli-

1932 668 2070 722 citer
2127 668 2195 723 ab
2228 673 2436 726 orando
2465 687 2559 727 eos
2587 674 2677 740 qui
2711 689 3004 745 congressu
3052 690 3296 746 utuntur,
3327 684 3514 750 probi-

1932 758 2116 823 heret;
2145 765 2416 828 quomodo
2441 763 2568 817 alibi
2592 765 2717 819 dicit
2751 784 2763 820 :
2801 784 2818 816 ι
2845 765 3185 824 lacessantur
3216 783 3365 827 orate
3392 775 3412 811 τ
3441 775 3462 828 ?
3489 796 3508 827 ι

1932 848 2008 906 Ut
2037 850 2202 920 igitur
2235 856 2412 908 oratio
2464 853 2767 910 ferventior
2807 857 2921 923 fiat,
2974 862 3262 928 abstinete,
3316 864 3514 934 inquit,

1934 941 2078 998 alius
2131 944 2198 997 ab
2230 944 2340 999 alio
2381 962 2396 1000 :
2431 946 2594 1000 veluti
2626 963 2953 1018 congressus
2984 966 3091 1007 non
3144 955 3512 1024 impuritatem

1933 1034 2118 1102 faciat,
2139 1039 2233 1093 sed
2259 1040 2536 1110 negotium
2572 1041 2830 1098 facessat.

2009 1146 2030 1180 ι
2089 1129 2155 1184 Ει
2182 1145 2373 1185 rursus
2414 1133 2466 1186 in
2505 1134 2647 1188 idem
2685 1137 3042 1204 conveniatis,
3109 1156 3176 1195 ne
3213 1152 3380 1198 tentet
3422 1161 3518 1196 vos

1933 1219 2163 1277 Satanas
2187 1233 2404 1293 propter
2427 1224 2875 1283 incontinentiam
2898 1240 3159 1286 vestram.
3195 1253 3214 1285 ι
3262 1233 3419 1300 Illud,
3453 1247 3512 1289 ιιι

1938 1331 1958 1365 ι
1995 1328 2186 1370 rursus
2215 1316 2574 1379 conveniatis,
2613 1335 2631 1369 ι
2673 1318 2865 1387 inquit,
2917 1336 3021 1374 nou
3058 1338 3164 1384 ceu
3201 1323 3372 1392 legem
3411 1326 3512 1378 im—

1934 1420 2139 1476 ponens
2163 1405 2305 1472 dico,
2334 1408 2429 1461 sed
2467 1425 2486 1459 ι
2523 1422 2590 1462 ne
2623 1423 2718 1464 vos
2772 1419 2939 1466 tentet
2965 1413 3223 1477 Satanas,
3252 1434 3270 1466 ι
3308 1417 3373 1470 ad
3409 1418 3520 1471 for-

1935 1496 2266 1551 nicationem
2302 1497 2578 1553 videlicet.
2625 1497 2762 1565 Quia
2793 1517 2920 1557 vero
2975 1505 3224 1559 diabolus
3272 1521 3366 1575 per
3401 1523 3522 1563 sese

1935 1604 2042 1643 non
2075 1600 2157 1644 est
2181 1598 2370 1644 auctor
2393 1588 2788 1656 fornicationis,
2815 1593 2909 1647 sed
2934 1604 3112 1648 nostra
3139 1595 3406 1666 imprimis
3439 1598 3522 1652 iu-

1935 1679 2290 1746 continentia,
2322 1681 2604 1735 subintulit
2627 1681 2914 1753 :tl’ropter
2942 1685 3388 1741 incontinentiam
3421 1705 3518 1745 ve-

1936 1782 2122 1825 stram.
2139 1771 2283 1840 ilpsa
2305 1772 2448 1825 enim
2474 1783 2556 1827 est
2577 1772 2628 1825 in
2647 1788 2811 1827 causa
2831 1790 2928 1828 cur
2949 1775 3179 1830 Satanas
3201 1794 3302 1834 nos
3329 1789 3518 1834 tentet.

320 1832 340 1920 ί
378 1832 558 1921 Ἰεοῦτο
583 1867 638 1920 δὲ
671 1867 814 1936 λέγω
854 1867 999 1920 κατὰ
1044 1832 1412 1940 συγγνώμηνι,
1458 1832 1522 1920 66
1557 1832 1680 1923 κατ’
1712 1832 1836 1921 επι-

2009 1862 2244 1918 Vens.6.
2277 1882 2295 1915 ι
2329 1863 2439 1918 lloc
2454 1875 2632 1916 autem
2653 1864 2776 1919 dico
2794 1867 3087 1920 secundum
3105 1866 3518 1936 indulgentiam.

247 1960 452 2031 ταγήν.
489 1978 509 2012 ι
571 1960 664 2026 Τὸ,
720 1961 901 2031 ιπρὸς
923 1960 1134 2032 καιρὸν,
1201 1963 1387 2031 φησιν,
1447 1962 1774 2033 ἀποστερεῖν
1792 1962 1834 1993 ⁸⁷

247 2052 539 2124 ἀλλήλους,
571 2051 710 2106 κατά
741 2051 1072 2123 συγγνώμην
1104 2048 1257 2106 εἶπον
1277 2070 1289 2084 ·
1319 2054 1588 2120 τουτέστι,
1625 2071 1836 2124 συγκαο

246 2146 532 2200 ταὸαίνων
564 2147 629 2216 τῇ
668 2144 925 2216 ἀσθενείᾳ
976 2145 1154 2216 ὑμῶν,
1195 2146 1256 2202 o6
1304 2146 1468 2217 νόμον
1501 2146 1672 2212 τιθεὶς
1705 2149 1836 2202 ὑμῖν

247 2237 346 2290 καὶ
377 2237 654 2306 ἐπιταγὴν
690 2236 1068 2308 ἀπαράϐατον.

328 2435 350 2470 ι
386 2416 546 2472 Θέλω
565 2419 675 2489 γὰρ
697 2417 906 2482 πάντας
931 2416 1254 2488 ἀνθρώπους
1283 2412 1420 2472 εῖναι
1444 2417 1518 2482 ὡς
1540 2419 1634 2474 καὶ
1664 2421 1839 2489 ἐμαυυ

252 2511 364 2564 τόν.
415 2529 438 2564 ε
475 2511 645 2564 Ἔνθα
672 2510 739 2565 ἂν
769 2511 1028 2581 δυσχερὲς
1051 2511 1322 2584 ἐπιτάσσῃ
1356 2513 1612 2583 πρᾶγμα,
1649 2513 1839 2567 είωοεν

253 2603 458 2657 ἑαυτὸν
491 2603 681 2673 φέρειν
727 2605 808 2667 είς
843 2605 1030 2673 μέσον.
1090 2605 1259 2675 Φησὶν
1291 2604 1407 2668 οῦν,
1457 2606 1540 2659 ὄτι
1570 2606 1838 2676 Βούλομαι

254 2695 340 2750 ἵνα
377 2696 588 2759 πάντες
620 2697 850 2751 πάντοτε
880 2697 1384 2767 ὲνεγκρατεύωνται
1410 2696 1483 2770 [Ῑ.
1512 2698 1729 2770 ὲγκρ.].

329 2805 349 2839 ι
401 2787 552 2840 Ἀλλ’
589 2787 818 2851 ἕκαστος
865 2788 998 2841 ίδιον
1043 2790 1292 2860 χάρισμα
1326 2788 1442 2860 ἔχει
1474 2791 1540 2843 ὲκ
1581 2789 1752 2856 Θεοῦ,
1782 2791 1840 2855 ὃς

259 2881 359 2951 μὲν
392 2879 594 2945 οὕτως,
629 2881 688 2944 6;
734 2881 790 2935 δὲ
822 2881 1014 2945 οὕτως.
1071 2900 1090 2934 ι
1139 2882 1213 2936 T6
1255 2885 1453 2952 μεῖναι,
1496 2883 1652 2954 φησὶ,
1695 2901 1838 2956 παρ-

258 2973 441 3039 θένον,
492 2973 742 3045 χάρισμά
787 2974 936 3026 ἑστιν
984 2973 1094 3028 ἀπὸ
1143 2974 1302 3028 Θεοῦ.
1351 2975 1546 3030 Καίτοι
1595 2977 1688 3030 καὶ
1741 2980 1841 3048 τῆς

256 3065 542 3137 ἡμετέρας
587 3065 757 3118 δεῖται
793 3067 1031 3137 σπουδῆς
1058 3066 1119 3120 τὸ
1150 3068 1404 3137 πρᾶγμα.
1439 3067 1564 3132 Πῶς
1601 3064 1694 3122 οὖν
1743 3069 1843 3141 χά-

1939 1971 2046 2010 non
2082 1957 2376 2009 scentulum
2430 1957 2737 2024 imperium.
2786 1974 2806 2008 ι
2843 1957 2998 2023 Illud,
3064 1977 3082 2009 ι
3115 1959 3192 2012 Ad
3228 1968 3460 2030 tempus,
3498 1982 3516 2013 ι

1939 2047 2132 2114 inquit,
2171 2064 2190 2098 ι
2255 2045 2583 2100 deft-audetis
2624 2061 2719 2101 vos
2775 2057 2980 2111 mutuo,
3011 2067 3030 2098 ι
3067 2048 3227 2118 158
3265 2065 3360 2118 per
3389 2065 3525 2106 con-

1937 2140 2239 2194 cessionem
2276 2137 2408 2200 dixi,
2471 2137 2825 2192 imbecillitati
2875 2147 3068 2193 vestra:
3126 2143 3349 2207 cedens,
3410 2158 3519 2196 non

1938 2231 2108 2300 legem
2127 2231 2377 2284 sanciens
2393 2229 2566 2295 vobis,
2597 2240 2689 2282 aut
2719 2231 3027 2284 mandatum
3048 2231 3193 2301 quod
3221 2237 3521 2304 transgredi

1941 2337 2044 2376 non
2076 2321 2254 2374 liceat.

2016 2413 2177 2468 \‘sns.
2204 2415 2255 2467 7.
2301 2431 2318 2464 ι
2365 2411 2502 2466 Volo
2532 2411 2678 2465 enim
2723 2426 2912 2466 omnes
2946 2413 3194 2467 homines
3223 2429 3344 2469 esse
3379 2417 3525 2470 sicut

1941 2516 1993 2561 et
2034 2506 2324 2575 meipsum.
2365 2522 2382 2555 ι
2423 2503 2520 2559 Ubi
2561 2513 2673 2558 rem
2707 2505 2933 2558 arduam
2989 2507 3261 2576 pra-cipit,
3312 2523 3434 2564 sese
3468 2511 3522 2563 in

1941 2599 2175 2654 medium
2197 2595 2437 2667 proferre
2458 2596 2610 2651 solet.
2635 2595 2724 2649 Ait
2749 2596 2909 2667 igitur
2933 2615 2947 2651 :
2972 2597 3212 2668 Optarim
3236 2609 3292 2653 ut
3312 2616 3526 2670 semper

1941 2703 2135 2746 omnes
2163 2690 2528 2744 continerent.

2018 2801 2037 2834 ι
2084 2780 2189 2837 Sed
2241 2781 2614 2850 unusquisque
2666 2781 2946 2851 proprium
3000 2781 3202 2837 donum
3237 2783 3400 2839 habet
3457 2798 3526 2839 ex

1945 2877 2077 2940 Deo,
2128 2875 2267 2930 alius
2297 2874 2517 2944 quidem
2555 2874 2662 2937 sic,
2701 2873 2838 2928 alius
2889 2889 3021 2928 vero
3051 2877 3149 2929 sic.
3199 2895 3217 2927 ι
3252 2874 3525 2948 Virginem

1944 2969 2142 3039 inquit,
2175 2966 2482 3037 quempiam
2525 2981 2764 3032 manere,
2797 2966 2999 3022 donum
3029 2967 3120 3023 Dei
3151 2979 3252 3024 est.
3290 2971 3452 3040 Atqui
3475 2983 3530 3026 et

1944 3065 2132 3114 nostro
2165 3056 2345 3111 studio
2394 3070 2456 3110 ea
2487 3070 2576 3110 res
2628 3071 2766 3126 opus
2814 3057 2998 3113 habet.
3047 3057 3330 3125 Quomodo
3368 3062 3530 3131 igitur

261 3173 442 3229 ρισμα
482 3157 616 3211 αὐτὸ
655 3158 834 3227 λέγει;
874 3157 990 3213 ’Ὶνα
1019 3160 1486 3231 παραμυθήσηται
1516 3161 1736 3225 αὐτοὺς,
1766 3161 1836 3226 ὼς

1951 3152 2143 3205 donum
2175 3148 2348 3216 ipsum
2393 3145 2565 3201 dicit?
2601 3153 2659 3200 ut
2692 3148 3009 3202 consoletur
3033 3164 3128 3204 eos
3157 3167 3294 3220 quos
3319 3153 3531 3206 abunde

261 3250 472 3314 ἱκανῶς
509 3251 721 3323 πλήξας
752 3254 811 3305 ὲν
843 3245 924 3314 οἷς
972 3247 1093 3305 εἶπε
1125 3252 1206 3318 τὸ,
1251 3271 1270 3302 ι
1305 3254 1404 3307 Διά
1445 3252 1542 3325 τὴν
1570 3255 1841 3326 ἀκρασίαν

266 3344 454 3415 ὑμῶν.
496 3362 517 3395 ι
550 3343 874 3414 Σημείωσαι
903 3343 982 3407 δὲ,
1018 3345 1101 3397 ὅτι
1137 3348 1234 3398 καὶ
1267 3345 1358 3398 τὸν
1388 3346 1564 3416 γάμον
1596 3347 1842 3418 χάρισμα

261 3434 509 3504 τίθησιν,
543 3436 600 3486 ἐν
629 3433 706 3503 τῷ
730 3435 926 3488 εἰπεῖν·
960 3452 978 3486 ι
1013 3434 1286 3498 Ἕκαστος
1311 3435 1440 3488 ἴδιον
1464 3437 1709 3508 χάρισμα
1729 3438 1845 3510 ἔχει

259 3527 318 3592 6;
341 3528 448 3598 μὲν
462 3526 634 3580 οῦτωο
665 3545 684 3578 ι
709 3518 980 3593 τουτέστι,
1005 3525 1384 3596 παρθενεύεινο
1413 3544 1431 3579 ι
1458 3527 1516 3592 6;
1538 3529 1596 3582 δὲ
1617 3527 1758 3583 οὕτω
1777 3545 1791 3560 ⁶
1819 3548 1838 3582 ι

261 3621 538 3687 τουτέστι,
572 3622 771 3690 γαμεῖν
802 3618 867 3673 ⁸⁸.

245 3847 247 3851 ,
342 3815 367 3851 ι
409 3796 572 3865 Λέγω
609 3795 666 3848 δὲ
703 3794 818 3857 τοῖς
859 3791 1099 3862 ἀγάμοις
1127 3791 1221 3844 καὶ
1253 3793 1376 3855 ταῖς
1412 3793 1612 3862 χήραις
1634 3831 1648 3856 ,
1682 3791 1845 3845 καλὸν

267 3889 461 3951 αὐτοῖς
493 3889 663 3954 ἐστιν,
703 3886 804 3939 ὲάν.
841 3885 1098 3955 μείνωσιν
1129 3883 1204 3946 ὼς
1239 3881 1413 3951 κάγὼ.
1448 3883 1510 3934 Ei
1540 3882 1597 3935 δὲ
1625 3883 1726 3935 οὐκ
1755 3885 1847 3952 ὲγ-

268 3981 664 4054 κρατεύονται,
695 3979 1134 4050 γαμησάτωσαν·
1171 3979 1422 4047 κρεῖσσον
1455 3975 1562 4047 γάρ
1593 3978 1710 4030 ἐστι
1743 3994 1845 4046 γα-

272 4074 452 4144 μῆσαι
483 4072 550 4137 ⁸⁸,
582 4073 616 4144 ἢ
646 4072 970 4140 πυροῦσθαι.
1012 4089 1030 4122 ι
1061 4065 1216 4132 Εἶδες
1243 4068 1432 4137 σοφίαν
1463 4067 1702 4134 Παύλου,
1731 4068 1848 4132 πῶς

271 4169 369 4219 καὶ
419 4164 669 4235 βελτίονα
691 4164 738 4195 ⁸³
784 4163 1026 4216 δείκνυσι
1061 4160 1160 4233 τὴν
1209 4161 1560 4232 ἐγκράτειαν,
1611 4162 1704 4213 καὶ
1749 4162 1850 4214 οὐκ

230 4302 250 4310 -
271 4255 581 4325 ἀναγκάζει
610 4256 653 4287 ⁸³
695 4255 787 4310 τὸν
837 4256 913 4326 μὴ
945 4254 1265 4324 δυνάμενον,
1298 4253 1383 4306 ἵνα
1414 4253 1490 4322 μὴ
1524 4254 1707 4323 χεῖρον
1747 4269 1851 4305 πα-

276 4351 556 4420 ράπτωμα
594 4348 855 4418 γένηται;
904 4348 968 4400 Et
1016 4347 1124 4418 γάρ
1167 4344 1390 4417 πολλὴν,
1430 4349 1618 4416 φησιν,
1644 4347 1850 4414 ὑπομέ-

273 4453 389 4499 νεις
422 4435 544 4506 βίαν
597 4437 696 4489 καὶ
728 4436 976 4504 πύρωσιν
1015 4436 1272 4507 (μεγάλη
1307 4439 1416 4507 γάρ
1445 4438 1478 4506 ὴ
1528 4436 1625 4506 τῆς
1664 4434 1852 4488 ἐπιθυ-

1946 3247 2304 3313 percusserat,
2351 3252 2473 3292 cum
2528 3237 2687 3303 dixit,
2728 3257 2746 3290 ι
2804 3238 3031 3308 Propter
3074 3241 3522 3296 incontinentiam

1946 3344 2223 3389 vestram.
2290 3351 2308 3383 ι
2370 3330 2607 3384 Ubserva
2666 3339 2847 3383 autem
2902 3333 3044 3399 quod
3094 3333 3258 3386 etiam
3317 3337 3532 3404 nuptias

1945 3426 2147 3480 donum
2197 3423 2381 3486 faciat,
2431 3420 2723 3489 inquiens:
2765 3439 2784 3472 ι
2821 3420 3203 3493 Unusquisque
3252 3427 3531 3496 proprium

1946 3521 2144 3574 donum
2188 3517 2370 3579 habet,
2401 3512 2542 3566 alius
2575 3511 2796 3581 quidem
2828 3513 2928 3579 sic,
2973 3534 2992 3566 ι
3029 3517 3130 3571 hoc
3157 3528 3261 3582 est,
3298 3528 3353 3570 ut
3381 3519 3532 3588 virgo

1948 3618 2262 3682 permaneat
2299 3625 2314 3662 :
2351 3622 2371 3658 ι
2413 3604 2552 3658 alius
2596 3618 2724 3660 vero
2766 3607 2865 3672 sic,
2902 3627 2922 3659 ι
2959 3609 3060 3663 boc
3096 3619 3202 3672 est,
3237 3619 3295 3663 ut
3329 3609 3380 3663 in
3415 3625 3534 3664 ma-

1950 3700 2206 3755 triutOnio
2229 3698 2320 3752 sit.
3346 3682 3364 3689 ⁷

2021 3792 2183 3848 Vens.
2213 3792 2268 3858 8,
2307 3792 2362 3851 9.
2398 3811 2417 3845 ι
2474 3795 2602 3850 Dico
2631 3802 2809 3848 autem
2836 3791 3076 3861 innuptis
3115 3801 3168 3847 et
3198 3792 3374 3848 viduis
3399 3834 3414 3858 ,
3438 3793 3536 3846 bo-

1949 3885 2201 3948 numeis,
2256 3885 2298 3938 si
2341 3889 2756 3955 permanserint,
2789 3885 2930 3939 sicut
2961 3893 3013 3936 et
3043 3898 3160 3951 ego.
3199 3901 3230 3934 ο-
3251 3882 3306 3938 Si
3352 3894 3532 3938 autem

1951 3993 2057 4031 non
2115 3976 2413 4039 continent,
2463 3977 2668 4030 nubant
2711 3996 2727 4032 :
2779 3976 2970 4030 melius
3018 3986 3103 4029 est
3144 3978 3288 4030 enim
3332 3979 3535 4029 nubere

1951 4082 2111 4137 quam
2177 4066 2281 4120 uri.
2306 4085 2352 4137 ,ι
2410 4067 2601 4121 Vident
2663 4068 2984 4137 sapientiam
3034 4067 3208 4133 Pauli,
3264 4067 3535 4136 quomodo

1955 4157 2230 4212 meliorem
2273 4166 2539 4212 monstret
2569 4173 2688 4214 esse
2723 4158 3133 4223 continentiam,
3203 4173 3302 4212 nec
3347 4153 3534 4210 lamen

1951 4259 2110 4321 eogat
2155 4249 2392 4314 interim,
2451 4249 2496 4304 si
2529 4251 2652 4319 quis
2703 4265 2809 4304 non
2855 4251 3048 4318 possit,
3100 4264 3167 4304 ne
3199 4251 3350 4320 pejus
3382 4248 3532 4320 ﬂagi-

1955 4346 2087 4398 tium
2134 4344 2545 4398 committatur?
2591 4343 2647 4398 Si
2695 4344 2840 4398 enim
2896 4345 3140 4410 multam,
3185 4345 3381 4414 inquit,
3428 4345 3534 4399 vim

1955 4438 2190 4492 sustines
2235 4445 2290 4490 et
2319 4437 2584 4491 ustionem
2632 4434 2848 4507 (Inagna
2901 4438 3047 4491 enim
3083 4439 3536 4506 (ιοιιςυυίδςεηιὶω

278 4528 412 4593 μίας
445 4524 776 4598 τυραννὶς),
826 4525 1175 4597 ἀπαλλάγηθι
1223 4525 1404 4579 πόνων
1436 4526 1530 4579 καὶ
1575 4525 1836 4596 ἱδρώτων

1962 4530 2204 4601 tyrannis
2227 4539 2308 4583 cst
2332 4530 2350 4597 )
2375 4529 2606 4584 abscede
2641 4545 2669 4583 a
2693 4529 2964 4585 laboribus
2997 4530 3116 4584 istis
3138 4541 3193 4584 et
3225 4531 3533 4592 sudoribus.

283 4620 504 4692 μήποτε
535 4619 632 4672 καὶ
661 4637 728 4672 πε
738 4621 1028 4690 ριτραπῇς.

360 4731 381 4762 ι
421 4711 546 4775 Τοῖς
577 4711 635 4764 δὲ
659 4711 1008 4781 γεγαμηκόσι
1036 4708 1423 4780 παραγγέλλω,
1453 4709 1556 4763 οὐκ
1581 4707 1712 4777 ἐγὼ,
1742 4707 1858 4763 ἀλλ’

278 4803 308 4855 6
346 4803 577 4873 Κύριος.
614 4821 634 4855 ι
679 4803 903 4874 Ἐπειδὴ
935 4801 1114 4872 ῥητῶς
1159 4803 1187 4853 6
1221 4801 1426 4872 Κύριος
1468 4802 1855 4873 ἐνομοθέτησε,

285 4897 362 4967 μὴ
411 4894 832 4964 διαζεύγνυσθαι
881 4895 1157 4965 παρεκτὸς
1207 4893 1368 4962 λόγου
1423 4894 1717 4964 πορνείαςο
1769 4893 1859 4947 διά

280 4987 438 5042 τοῦτό
487 5005 688 5060 φησιν·
730 5007 749 5041 ι
786 4987 902 5042 Οὐκ
931 4987 1075 5055 ἐγὼ,
1112 4987 1227 5042 ἀλλ’
1268 4989 1298 5040 6
1341 4985 1568 5057 Κύριος.
1618 4985 1700 5039 Τὰ
1749 4986 1860 5055 γὰρ

285 5083 665 5153 προειρημένα
713 5084 814 5136 ούκ
852 5078 994 5154 ἦσαν
1023 5081 1129 5135 ὑπὸ
1172 5079 1265 5135 τοῦ
1299 5078 1508 5150 Κυρίου
1558 5077 1738 5150 ῥητῶς
1773 5095 1862 5132 νο-

289 5172 655 5246 μοθετηθέντα
675 5191 688 5204 ο
714 5176 762 5227 εί
786 5175 880 5228 καὶ
903 5175 1003 5227 ὅσα
1029 5176 1057 5226 6
1088 5173 1297 5236 Παῦλος
1320 5171 1503 5240 λέγει,
1527 5171 1620 5223 τοῦ
1651 5170 1857 5242 Κυρίου

287 5269 416 5331 eisi,
467 5269 563 5320 καὶ
607 5267 707 5320 ούκ
757 5265 1096 5337 ἀνθρώπινα.
1132 5262 1494 5338 Παρακατιὼν
1536 5262 1646 5332 γάρ
1694 5278 1860 5332 φησι·

299 5380 315 5411 ι
364 5361 515 5414 Δοκῶ
544 5361 654 5432 γὰρ
688 5359 846 5429 κάγὼ
890 5360 1116 5430 Πνεῦμα
1145 5358 1282 5412 Θεοῦ
1317 5358 1483 5429 ἔχειν.
1518 5376 1535 5409 ι
1823 5358 1830 5362 ’

268 5514 270 5518 τ
363 5543 383 5579 ι
419 5537 438 5591 Ι
467 5537 660 5594 Thess.
692 5537 858 5608 v,16.
933 5537 1169 5593 uMatth.
1201 5555 1251 5603 ι’,
1280 5537 1369 5594 59.
1444 5546 1472 5576 ν
1503 5537 1520 5591 ι
1555 5538 1679 5592 Cor.
1699 5552 1796 5602 vn,
1851 5535 1939 5592 40.

1958 4624 2245 4692 nequando
2272 4621 2626 4676 subvertaris.

1951 4739 1953 4741 ί
2035 4715 2194 4770 Vens.
2223 4713 2310 4766 lll.
2353 4730 2372 4764 ι
2411 4713 2480 4766 lis
2504 4723 2685 4764 autem
2715 4711 2802 4779 qui
2840 4711 3182 4765 matrimonio
3209 4712 3380 4781 juneti
3413 4723 3538 4767 sunt

1957 4807 2230 4878 praecipio,
2271 4820 2376 4858 non
2433 4818 2554 4872 ego,
2587 4804 2682 4858 sed
2721 4803 3000 4858 Dominus.
3051 4821 3069 4854 ι
3105 4803 3240 4870 Quia
3277 4803 3537 4860 Dominus

1959 4901 2128 4970 legem
2158 4897 2378 4953 disertis
2429 4896 2613 4950 verbis
2648 4896 2912 4959 sancivit,
2946 4911 3050 4949 non
3079 4897 3276 4952 debere
3308 4898 3420 4951 fieri
3452 4898 3538 4952 di-

1960 4990 2195 5048 vortium
2225 4989 2326 5043 nisi
2360 4987 2735 5042 fornicationis
2767 5001 2932 5041 causa
2954 4997 3004 5050 υ,
3031 4997 3338 5056 propterea,
3374 5005 3394 5039 ι
3420 4986 3539 5043 Non

1936 5079 2082 5156 ego,
2114 5083 2307 5153 inquit,
2343 5083 2436 5136 sed
2478 5081 2754 5134 Deitiinus.
2799 5097 2816 5130 ι
2870 5079 3012 5134 Ante
3070 5081 3171 5134 hac
3201 5081 3344 5135 enim
3377 5096 3530 5136 com-

1963 5185 2283 5240 memorata,
2316 5187 2419 5228 non
2445 5171 2664 5227 fuerunt
2693 5187 2951 5240 expresse
2978 5187 3009 5241 a
3043 5171 3267 5226 Domino
3291 5172 3408 5241 lege
3431 5172 3537 5226 lata

1972 5269 2218 5323 instituta
2259 5284 2272 5321 :
2317 5264 2526 5320 etiamsi
2562 5279 2896 5334 quacunque
2916 5263 3110 5318 Paulus
3134 5264 3296 5326 dicat,
3333 5264 3541 5318 Domini

1973 5366 2120 5422 sunt,
2178 5367 2234 5412 et
2269 5371 2375 5411 non
2442 5355 2700 5410 humana.
2745 5355 2881 5408 Nam
2940 5355 2990 5409 in
3034 5369 3321 5424 prOgrcssu
3371 5355 3539 5410 dicit:

1979 5469 1997 5502 ι
2029 5449 2162 5505 Puto
2203 5450 2345 5504 cnim
2384 5448 2524 5518 quod
2558 5457 2605 5503 et
2633 5461 2733 5515 ego
2769 5446 3029 5517 Spiritum
3063 5448 3150 5501 Dei
3190 5448 3434 5501 habeam.
3463 5453 3489 5481 ν
3517 5465 3536 5498 ι

1554 5629 1751 5693 Variae
1780 5632 2108 5695 lectiones.

384 5766 432 5796 “
464 5763 559 5817 καί
598 5779 652 5818 o.
731 5764 776 5798 ⁸⁷
812 5763 1280 5838 μὴάποστερεῖτε
1332 5777 1385 5818 ο.
1464 5762 1512 5796 ⁸⁸
1556 5760 1661 5814 ὑπὸ
1703 5759 1884 5831 γάμον
1929 5755 2068 5814 εἶναι
2121 5774 2174 5814 ο.
2255 5756 2299 5790 ⁸⁹
2357 5753 2653 5826 γαμεῖσθαι
2699 5769 2751 5810 ο.
2830 5755 2876 5788 ⁸⁰
2909 5755 3120 5827 βέλτιον
3148 5769 3203 5812 o.
3239 5755 3534 5832 “"0616;-

298 5835 624 5906 ταναγκάζει
649 5849 704 5890 0.
