3874 6646
415 382 524 447 {iiii

1204 402 1209 407 '
1274 374 1851 439 THEOPIIYLACTI
1901 371 2312 434 BULGARIE
2354 373 2712 434 ARCHIEP.
3593 368 3687 433 (ιιι

487 490 651 547 Vens.
710 489 798 555 t0,
843 487 932 544 ll.
972 506 990 540 ι
1023 484 1263 543 Uxorem
1306 500 1336 541 a
1365 486 1484 540 viro
1541 496 1645 539 non
1698 480 1995 538 discedere.

2184 501 2203 533 ι
2249 482 2492 535 Γυναῖκα
2534 479 2645 535 ἀπὸ
2695 478 2888 547 ἀνδρὸς
2930 477 3004 549 μὴ
3054 476 3438 551 χωρισθῆναι.
3470 476 3596 533 Ἐὰν
3636 482 3685 538 δὲ

415 585 568 652 Quod
596 583 638 637 si
672 579 1003 645 discesserit,
1032 592 1257 633 manere
1289 577 1594 647 innuptam,
1630 584 1721 630 aut
1750 577 1864 629 viro
1900 588 1996 628 suo

411 672 780 732 reconciliari.
819 672 884 727 Et
944 672 1027 727 vir
1059 684 1285 726 uxorem
1338 684 1448 723 non
1501 667 1757 723 dimittat.
1798 685 1818 718 ι
1846 664 1996 732 Quo-

412 766 555 819 niam
589 761 869 817 servanda:
902 760 1180 830 pudicitiae
1207 757 1379 829 gratia
1403 757 1486 812 vel
1532 755 1995 827 pusillanimitate,

412 855 499 909 vel
527 854 628 908 alia
657 852 848 922 quavis
878 852 943 908 de
979 866 1146 907 causa
1178 850 1320 906 ﬁunt
1346 848 1576 903 divortia
1613 863 1629 902 :
1664 846 1849 902 Satius
1874 847 1998 917 qui-

412 949 555 1008 dem,
606 944 804 1013 inquit,
851 950 1048 1008 est,,ut
1089 942 1238 997 nulla
1281 954 1505 1013 prorsus
1560 940 1655 994 liat
1701 939 1995 1009 separatio.

413 1037 541 1102 Quae
580 1046 762 1090 tamen
791 1038 834 1089 si
867 1034 985 1089 ﬁeri
1016 1033 1328 1104 contigerit,
1354 1040 1570 1087 maneat
1601 1030 1796 1085 mulier
1824 1030 1997 1083 virum

416 1132 642 1197 habens,
676 1131 777 1186 etsi
810 1145 914 1186 non
949 1131 1015 1185 ad
1035 1128 1493 1194 commistionem,
1524 1127 1714 1182 saltem
1742 1136 1798 1179 ut
1832 1125 1998 1179 alium

409 1240 517 1277 non
571 1222 1000 1291 superindueat:
1037 1222 1121 1276 vel
1155 1222 1199 1276 si
1235 1221 1521 1277 continere
1564 1225 1820 1288 nequeat,
1882 1217 2000 1272 viro

409 1313 752 1367 concilietur.
1878 1377 1888 1390 .

482 1403 649 1458 Vens.
682 1403 769 1467 12,
796 1404 883 1459 l5.
928 1421 947 1455 ι
985 1403 1227 1474 Reliquis
1251 1411 1431 1458 autem
1460 1416 1562 1472 ego
1586 1399 1731 1466 dico,
1760 1414 1868 1454 non
1897 1397 2000 1453 Do-

410 1496 593 1549 minus
630 1513 644 1551 :
681 1495 737 1549 Si
778 1496 899 1564 quis
951 1494 1119 1551 frater
1162 1509 1385 1550 uxorem
1443 1494 1642 1548 habeat
1695 1480 1994 1554 inﬁdelem,

413 1584 638 1656 ipsaque
671 1586 974 1640 consentiat
1035 1585 1283 1640 habitare
1313 1600 1434 1640 cum
1484 1584 1599 1649 illo,
1645 1599 1713 1638 ne
1758 1582 1998 1637 dimittat

414 1678 608 1749 ipsam.
641 1678 704 1732 Et
732 1694 867 1732 uxor
901 1679 987 1733 cui
1021 1678 1251 1732 maritus
1270 1688 1359 1732 est
1387 1676 1645 1742 inﬁdelis,
1675 1677 1761 1730 cui
1790 1674 1999 1744 placeat

415 1771 662 1825 habitare
699 1786 819 1823 cum
868 1769 981 1831 illa,
1018 1784 1084 1823 ne
1116 1769 1352 1823 dimittat
1382 1769 1578 1836 ipsum.
1611 1786 1631 1821 ι
1692 1767 1834 1834 Quid
1879 1765 1998 1821 ais?

417 1862 474 1917 Si
514 1861 744 1916 inﬁdelis
787 1852 1056 1932 quispiam
1093 1861 1187 1925 sit,
1237 1869 1453 1916 maneat
1528 1876 1652 1915 cum
1678 1874 1848 1916 uxore
1901 1878 1913 1914 :
1949 1856 1996 1917 si

418 1954 775 2017 fornicarius,
807 1969 910 2007 non
956 1952 1125 2007 item?
1148 1954 1295 2021 atqui
1328 1951 1686 2009 fornicatione
1719 1951 1880 2026 159
1905 1955 1998 2008 de-

417 2047 584 2099 terior
615 2055 696 2098 est
742 2042 1053 2099 inﬁdelitas.
1108 2042 1358 2098 Deterior
1385 2040 1628 2112 quidem,
1663 2045 1756 2098 sed
1811 2051 1996 2098 nostra

417 2135 597 2202 potius
624 2134 863 2187 vindicat
900 2133 1067 2200 Deus,
1101 2148 1259 2204 quam
1286 2147 1404 2187 sua.
1434 2131 1567 2187 Nam
1603 2152 1622 2185 ι
1657 2133 1942 2204 Relinque,
1970 2153 1988 2186 ι

416 2225 612 2294 inquit,
654 2242 671 2276 ι
707 2225 780 2279 ibi
812 2225 1088 2279 victimam
1139 2236 1312 2290 tuam,
1342 2235 1399 2282 et
1435 2224 1588 2280 fratri
1632 2236 1722 2279 tuo
1755 2229 2001 2282 reconci-

417 2316 550 2372 liare
578 2329 626 2370 κ.
671 2335 690 2367 ι
725 2315 795 2370 Et
837 2316 1024 2373 decem
1078 2316 1405 2371 talentorum
1449 2317 1616 2372 millia
1666 2318 1767 2373 sibi
1816 2318 1998 2373 debita

415 2411 775 2480 contempsit;
812 2410 909 2466 sed
951 2409 1361 2476 contumeliam,
1394 2411 1446 2466 in
1484 2426 1607 2466 eum
1656 2413 1749 2480 qui
1780 2422 1996 2467 centum

418 2502 673 2558 denarius
730 2502 980 2570 debebat,
1038 2501 1235 2557 factam
1281 2503 1573 2558 vindicavit
1601 2512 1654 2557 Υ.
1685 2501 1759 2556 lla
1793 2513 1847 2559 et
1908 2503 2001 2560 hic

416 2594 816 2658 inﬁdelitatem,
849 2610 955 2665 qna
989 2605 1204 2651 constat
1234 2596 1288 2649 in
1320 2610 1380 2650 se
1403 2595 1665 2665 deliuqui,
1698 2596 2000 2651 dissimulat

418 2686 558 2742 Deus
587 2705 601 2742 :
636 2686 706 2740 ob
763 2686 1179 2742 fornicationem
1221 2702 1350 2742 vero
1380 2703 1485 2757 qua
1518 2689 1570 2742 iu
1616 2702 1839 2742 uxorem
1870 2703 2000 2757 pec-

414 2787 588 2844 catur,
622 2794 811 2848 pocnas
859 2779 1048 2850 exigit.
1089 2780 1289 2834 Dicunt
1344 2789 1524 2836 tamen
1558 2780 1823 2844 nonnulli,
1855 2780 1998 2849 quod

416 2857 887 2941 perignorantiam
905 2871 1197 2926 inﬁdelitas
1220 2872 1520 2942 contingat,
1541 2887 1810 2941 quamque
1838 2872 1996 2926 ﬁnem

418 2962 726 3016 habituram
770 2975 890 3016 esse
924 2961 1219 3016 verisimile
1266 2970 1403 3017 erat.
1434 2961 1899 3028 Quemadmodum
1946 2971 2001 3017 et

418 3054 536 3123 ipse
567 3053 675 3111 ait:
715 3070 734 3104 ι
759 3051 898 3118 Quid
930 3053 1075 3107 enim
1099 3052 1262 3116 nosti,
1286 3051 1499 3116 mulier,
1523 3051 1570 3106 si
1593 3054 1766 3107 virum
1792 3053 1996 3108 salvum

418 3144 619 3200 facies?
652 3165 671 3198 ι
712 3144 1021 3200 Fornicatio
1051 3155 1228 3201 autem
1260 3144 1318 3199 ﬁt
1358 3158 1458 3214 per
1493 3144 1834 3200 manifestam
1885 3160 1996 3199 ma-

418 3239 615 3295 litiam.
652 3239 973 3295 Fornicator
991 3246 1250 3310 praterea
1275 3239 1508 3308 seipsum
1530 3238 1678 3308 prius
1702 3237 1997 3305 separavit.

417 3331 689 3386 Auferens
714 3332 858 3386 enim
882 3333 1120 3385 membra
1142 3345 1241 3386 sua
1264 3332 1332 3385 ab
1355 3344 1545 3396 uxore,
1567 3328 2000 3385 effecitmembra

418 3425 749 3480 meretricis.
781 3422 1022 3480 lnﬁdelis
1040 3437 1171 3477 vero
1198 3422 1331 3478 nihil
1357 3421 1413 3477 in
1447 3421 1720 3476 carnalem
1745 3422 1999 3476 unionem

421 3517 686 3585 peccavit.
716 3513 830 3569 lmo
877 3516 1062 3584 potius
1100 3527 1196 3582 per
1246 3513 1418 3582 ipsam
1468 3511 1704 3568 fortasse
1750 3512 1917 3568 etiam
1949 3513 2000 3565 in

386 3670 393 3679 ,
421 3608 533 3665 ﬁde
561 3609 800 3664 unietur.
836 3605 915 3662 Ne
947 3607 1125 3662 dicam
1156 3606 1298 3675 quod
1325 3604 1447 3659 vita:
1474 3602 1656 3658 futura
1695 3604 1766 3657 sit
1791 3603 2002 3658 eversio

417 3710 474 3756 et
504 3700 851 3770 opprobrium
875 3697 1187 3769 Evangelia,
1214 3696 1257 3751 si
1278 3696 1507 3751 credens
1529 3695 1596 3750 ab
1615 3694 1891 3750 incredulo
1912 3709 1970 3749 se
1986 3725 2001 3736 -

416 3792 746 3864 iungeretur.
777 3792 831 3846 ιιι
857 3802 1033 3847 tamen
1062 3801 1172 3845 tum
1199 3789 1418 3859 quidem
1446 3787 1688 3857 futurum
1710 3788 1998 3858 intelligas,

418 3883 463 3937 si
484 3885 698 3952 utrique
714 3897 834 3936 cum
863 3879 1178 3935 inﬁdelitate
1200 3888 1407 3945 essent,
1426 3878 1651 3934 inissent
1674 3878 1997 3946 coniugium,

418 3982 605 4042 postea
628 3971 765 4026 al.er
787 3971 852 4024 ad
887 3970 1048 4024 ﬁdem
1078 3969 1335 4025 venisset.
1366 3967 1502 4022 Nam
1526 3969 1570 4022 si
1624 3967 1774 4036 prius
1807 3968 2001 4023 fuisset

417 4074 511 4120 aut
540 4065 619 4117 vir
650 4075 741 4117 aut
770 4078 905 4116 uxor
936 4060 1135 4127 ﬁdelis,
1196 4061 1609 4129 haudquaquam
1645 4075 1765 4113 cum
1799 4060 1998 4115 inﬁdeli

415 4159 567 4229 jungi
624 4157 977 4212 matrimonio
1032 4154 1298 4211 licuisset.
1328 4151 1442 4209 Nec
1470 4153 1608 4208 dixit
1636 4154 1855 4222 quidem
1887 4167 1903 4206 :
1936 4153 1997 4210 Si

419 4244 544 4314 quis
573 4243 685 4298 vult
714 4242 983 4298 inﬁdelem
1008 4244 1252 4315 accipere
1274 4283 1288 4309 ,
1317 4243 1431 4306 sed,
1478 4259 1497 4293 ι
1534 4241 1590 4296 Si
1631 4242 1753 4312 quis
1782 4243 1941 4299 habet
1973 4262 1991 4295 ι

421 4334 692 4390 inﬁdelem
725 4350 972 4392 uxorem.
1027 4330 1133 4389 Nec
1158 4331 1477 4402 simpliciter
1521 4332 1722 4388 inﬁdeli
1764 4330 1997 4401 ﬁdelem,

419 4428 512 4480 sed
539 4426 733 4480 volenti
769 4426 1086 4480 cohabitare
1117 4423 1267 4478 facit.
1292 4422 1349 4478 1d
1386 4423 1531 4478 enim
1561 4424 1830 4494 signiﬁcat
1853 4426 1998 4494 quod

420 4517 513 4579 ait,
552 4534 570 4565 ι
615 4514 957 4581 Consentiat,
998 4534 1016 4566 ι
1059 4514 1162 4570 hoc
1203 4523 1287 4569 est
1347 4513 1598 4569 voluerit.

496 4609 658 4667 Vsus.
696 4611 784 4666 Η.
829 4630 848 4662 ι
883 4608 1266 4665 Sanctiﬁcatus
1302 4609 1447 4665 enim
1482 4619 1563 4663 est
1599 4608 1824 4663 maritus
1874 4609 1997 4663 inﬁ-

420 4701 679 4769 delisper
720 4716 966 4759 uxorem,
1001 4708 1055 4755 et
1082 4699 1428 4755 sanctiﬁcata
1458 4710 1540 4755 est
1597 4716 1731 4777 uitur
1767 4700 1999 4758 inﬁdelis

419 4809 517 4863 per
544 4792 819 4847 maritum.
858 4810 876 4844 ι
921 4791 1033 4846 lloe
1058 4802 1160 4855 est,
1192 4793 1365 4863 partis
1415 4790 1671 4848 ﬁdelioris
1699 4792 1999 4848 abundanti

422 4881 658 4951 puritate
704 4881 940 4935 vincitur
984 4880 1217 4937 inﬁdelis
1268 4881 1615 4938 itnmunditia
1646 4900 1661 4936 :
1696 4880 1812 4938 Non
1857 4884 1999 4953 quod

420 4977 765 5040 sanctitatem
794 4975 1128 5043 adipiscatur
1146 4974 1367 5031 Graccus
1391 4993 1408 5041 ;
1428 4976 1695 5046 siquidem
1714 4992 1819 5031 non
1842 4976 1999 5042 dixit,

421 5076 642 5124 sanctus
675 5077 778 5132 est,
802 5065 921 5132 sed,
957 5085 975 5119 ι
1020 5066 1406 5124 Sanctiﬁcatus
1427 5077 1531 5134 est,
1573 5089 1592 5123 ι
1629 5069 1733 5126 hoc
1767 5079 1872 5134 est,
1903 5083 2002 5137 per

422 5158 596 5213 ﬁdelis
634 5157 1049 5213 sanctimoniam
1083 5157 1319 5212 vincitur
1350 5175 1364 5212 :
1402 5159 1528 5213 Haec
1550 5168 1729 5214 autem
1760 5158 1910 5223 dicit,
1934 5172 2001 5213 ne

422 5262 675 5306 vereatur
694 5250 865 5305 ﬁdelis
890 5249 1103 5312 mulier,
1130 5263 1215 5315 ne,
1237 5250 1280 5303 si
1307 5264 1427 5303 cum
1461 5250 1659 5305 inﬁdeli
1681 5250 1996 5317 misceatur,

423 5342 630 5413 impura
657 5341 767 5397 ﬁat.
802 5341 1077 5410 Quatritur
1107 5351 1325 5408 autem;
1367 5342 1512 5413 quod
1539 5343 1584 5396 si
1610 5342 1701 5412 qui
1726 5346 1995 5400 meretrici

422 5433 733 5500 adhmscrit,
770 5449 934 5487 unum
970 5431 1082 5502 jam
1121 5446 1318 5501 corpus
1372 5449 1492 5488 eum
1542 5448 1604 5488 ca
1645 5435 1888 5502 sortitus,
1928 5438 1998 5493 sit

557 5551 745 5607 Matth.
780 5566 829 5617 ν,
860 5552 950 5606 24.
1026 5560 1050 5601 1
1082 5551 1269 5608 Matth.
1301 5568 1455 5616 xvm,
1481 5550 1571 5606 54.

2025 4530 2079 4592 D

2056 624 2065 631 ,
2102 572 2196 626 καὶ
2223 572 2486 645 χωρισθῇ,
2518 571 2726 641 μενέτω
2764 569 3003 641 ἄγαμος,
3046 569 3078 640 ἢ
3115 569 3204 640 τῷ
3241 568 3411 638 ἀνδρὶ
3434 570 3687 624 καταλλα-

2100 673 2282 742 γήτιιν
2310 669 2405 723 καὶ
2429 669 2598 739 ἄνδρα
2622 669 2858 735 γυναῖκα
2890 665 2967 737 μὴ
2993 665 3243 733 ἀφιέναι.
3288 684 3310 717 ι
3344 664 3568 736 Ἐπειδὴ
3592 666 3686 739 γὰρ

2100 763 2165 815 δι’
2223 760 2553 832 ἐγκράτειαν
2576 797 2595 822 ,
2640 756 2735 811 καὶ
2770 756 2859 809 διὰ
2905 755 3217 827 προφάσεις
3262 755 3437 817 ἄλλας
3467 757 3559 809 καὶ
3607 776 3687 827 με.

2103 850 2404 923 κροψυχίας
2453 849 2698 919 γίνονται
2737 847 3048 915 διαζυγίαι,
3104 846 3254 916 φησί
3281 861 3298 875 ⁸
3354 844 3574 900 Βέλτιον
3601 848 3687 919 μὲν

2104 945 2241 1016 μηδὲ
2260 945 2398 1005 ὅλως
2422 941 2678 1012 γενέσθαι
2702 939 2987 1011 χωρισμόν
3004 954 3017 969 ·
3045 940 3092 993 εἰ
3112 938 3177 993 δὲ
3204 936 3469 1007 γένηται,
3497 941 3687 1007 μενέτω

2102 1038 2303 1107 ἔχουσα
2340 1038 2373 1103 ἡ
2409 1034 2549 1105 γυνὴ
2579 1034 2669 1087 τὸν
2702 1033 2894 1104 ἄνδρα,
2922 1033 2971 1086 εί
3003 1032 3097 1085 καὶ
3129 1031 3213 1101 μὴ
3241 1032 3316 1100 τῇ
3363 1029 3537 1099 μίξει,
3564 1031 3685 1085 ἀλλά

2099 1147 2164 1199 γε
2188 1129 2268 1199 τῷ
2294 1127 2499 1199 μηδένα
2527 1127 2717 1198 ἕτερον
2745 1126 3183 1196 παρεισαγαγεῖν
3203 1140 3220 1156 ⁸
3250 1123 3286 1192 ἢ
3321 1122 3401 1193 μὴ
3431 1122 3685 1197 δυναμένη

2100 1216 2560 1290 ἐγκρατεύεσθαι,
2594 1214 2992 1285 καταλλαγήτω
3020 1214 3161 1284 πρὸς
3187 1211 3394 1267 αὐτόν.

2178 1419 2196 1451 ι
2234 1399 2360 1462 Τοῖς
2388 1397 2444 1451 δὲ
2473 1397 2684 1460 λοιποῖς
2714 1393 2824 1463 ἐγὼ
2853 1393 3020 1463 λέγω,
3060 1394 3166 1465 οὐχ
3199 1394 3231 1446 6
3269 1391 3508 1463 Κύριος·
3536 1394 3599 1447 Et
3614 1413 3684 1460 τις

2099 1490 2331 1561 ἀδελφὸς
2357 1493 2596 1559 γυναῖκα
2631 1490 2743 1560 ἔχει
2774 1490 3025 1555 ἄπιστον,
3058 1492 3157 1540 καὶ
3191 1485 3345 1558 αὑτὴ
3386 1487 3683 1541 συνευδοκεῖ

2100 1586 2271 1638 οἰκεῖν
2300 1585 2417 1655 μετ’
2451 1581 2651 1649 αὐτοῦ,
2689 1580 2766 1652 μὴ
2794 1580 3001 1649 ἀφιέτω
3024 1579 3231 1651 αὑτήν.
3266 1579 3386 1633 Καὶ
3412 1580 3550 1649 γυνὴ
3575 1582 3682 1650 ἣτις

2101 1679 2216 1750 ἔχει
2265 1678 2436 1749 ἀνδρα
2479 1677 2740 1737 ἄπιστον,
2791 1675 2886 1729 καὶ
2936 1675 3101 1738 αὐτὸς
3150 1674 3483 1728 συνευδοκεῖ
3529 1676 3680 1729 οἰκεῖν

2106 1771 2223 1841 μετ’
2253 1769 2446 1839 αὐτῆς,
2483 1768 2559 1839 μὴ
2599 1768 2810 1838 ἀφιέτω
2833 1765 3017 1819 αὐτόν.
3058 1784 3080 1816 ι
3114 1766 3185 1819 Τί
3216 1766 3439 1833 λέγειςς
3502 1767 3567 1820 ἂν
3596 1767 3679 1836 μὲν

2031 1842 2073 1897 Β
2102 1862 2352 1928 ἄπιστος,
2383 1861 2595 1932 μενέτω
2626 1862 2766 1931 μετά
2795 1860 2892 1930 τῆς
2922 1859 3192 1928 γυναικός
3212 1875 3229 1892 ο
3263 1858 3335 1913 ἂν
3364 1859 3426 1913 δὲ
3464 1859 3671 1927 πόρνος.

2104 1953 2326 2019 obici-rt;
2358 1951 2554 2006 Καίτοι
2583 1950 2785 2021 χείρων
2807 1951 2907 2021 τῆς
2931 1949 3198 2020 πορνείας
3221 1951 3256 2020 ὴ
3288 1948 3539 2003 ἀπιστία.
3569 1949 3679 2001 Χεῖ-

2107 2065 2217 2119 ρων
2251 2049 2352 2116 μέν
2386 2062 2399 2076 ο
2433 2044 2549 2099 ἀλλ’
2582 2046 2612 2097 6
2638 2043 2771 2105 Θεὸς
2817 2042 3018 2112 μᾶλλον
3058 2041 3127 2095 τὰ
3158 2041 3420 2113 ἡμέτερα
3450 2041 3670 2105 ἐκδικεῖ,

2104 2138 2137 2207 ἢ
2170 2139 2236 2192 τὰ
2263 2139 2463 2192 οἰκεῖα.
2510 2156 2529 2189 ι
2562 2136 2734 2204 ’Λφες
2764 2152 2783 2186 ι
2815 2134 2946 2205 γὰρ,
2976 2134 3132 2205 φησὶ,
3166 2152 3187 2185 ι
3222 2133 3328 2204 τὴν
3350 2132 3541 2185 Θυσίαν
3562 2150 3671 2193 σου,

2104 2231 2203 2282 καὶ
2251 2230 2626 2298 καταλλάγηθι
2652 2227 2730 2297 τῷ
2772 2226 2989 2298 ἀδελφῷ
3037 2243 3159 2281 σου.
3227 2243 3246 2276 ι
3300 2227 3415 2279 Καὶ
3456 2224 3560 2279 τῶν
3588 2225 3670 2295 μὲν

2108 2323 2318 2394 μυρίων
2348 2321 2630 2375 ταλάντων
2658 2321 3067 2392 κατεφρόνησεν
3099 2318 3261 2390 αὐτῷ
3293 2318 3667 2388 διαφερόντων

2104 2416 2203 2480 τὴν
2237 2413 2292 2467 δὶ
2322 2415 2403 2477 είς
2435 2412 2529 2467 τὸν
2563 2399 2761 2468 ἐκαὶδν
2797 2412 3030 2485 δηνάρια
3059 2411 3359 2482 ὀφείλοντα
3418 2408 3566 2481 ὔῦριν
3594 2408 3665 2473 ἐξ·

2106 2505 2375 2576 εδίκησεν.
2413 2502 2601 2568 Οὕτως
2631 2504 2726 2558 οὖν
2772 2504 2866 2559 καὶ
2906 2502 3161 2570 ἐνταῦθα,
3193 2505 3259 2556 τδ
3306 2501 3410 2572 τῆς
3440 2502 3663 2563 ἀπιστίας

2105 2599 2186 2660 εἰς
2229 2596 2391 2650 αὑτὸν
2421 2596 2824 2667 ἀναφερόμενον
2852 2597 3069 2667 παρορᾷ
3092 2613 3106 2627 ο
3134 2588 3203 2649 τδ
3225 2595 3285 2649 δὲ
3308 2594 3412 2665 τῆς
3440 2594 3664 2666 πορνείας

2107 2686 2356 2753 κολάζει,
2387 2686 2462 2750 ὡς
2496 2689 2576 2750 εἰς
2606 2685 2706 2757 τὴν
2737 2687 2993 2754 γυναῖκα.
3024 2686 3188 2749 Τινὲς
3220 2685 3280 2738 δέ
3316 2701 3509 2754 φασιν,
3539 2684 3660 2752 ὅτιή

2114 2778 2214 2847 μὲν
2245 2777 2498 2842 ἀπιστία,
2530 2778 2675 2831 κατὰ
2723 2778 2949 2848 ἄγνοιαν
2990 2776 3245 2846 γίνεται,
3299 2778 3368 2848 ἦν
3405 2777 3495 2830 καὶ
3538 2775 3662 2838 εἰκὸς

2108 2870 2403 2942 παυθῆναι,
2430 2870 2505 2935 ὡς
2533 2871 2627 2925 καὶ
2642 2871 2805 2933 αὐτός
2825 2887 2986 2940 φησιο
3021 2871 3132 2938 ῃτι
3160 2872 3281 2941 γὰρ
3307 2866 3474 2932 οἶδας,
3502 2870 3659 2938 γύναι,

2106 2965 2156 3019 εί
2197 2965 2288 3019 τὸν
2330 2965 2499 3036 ἄνδρα
2535 2965 2765 3031 σώσεις;
2819 2978 2841 3017 ι
2891 2964 2957 3019 Ἦ
2992 2964 3049 3018 δὲ
3092 2964 3350 3034 πορνεία,
3388 2964 3453 3018 δι’
3494 2960 3659 3031 ὁμολο-

2105 3054 2379 3125 γουμένην
2411 3054 2678 3125 πονηρίαν
2711 3053 2940 3122 γίνεται.
2983 3053 3195 3117 Ἄλλως
3226 3070 3290 3105 τε
3323 3054 3419 3107 καὶ
3439 3056 3467 3106 ὁ
3490 3054 3656 3124 πόρνος

2105 3147 2341 3217 ἔφθασεν
2363 3148 2557 3201 ἑαυτὸν
2579 3147 2899 3216 διαστήσας.
2931 3147 3103 3217 Ἄρας
3125 3146 3242 3218 γὰρ
3266 3145 3335 3200 τὰ
3364 3145 3496 3218 μέλη
3517 3145 3654 3198 αὐτοῦ

2107 3237 2216 3291 ἀπδ
2269 3238 2369 3309 τῆς
2422 3236 2715 3305 γυναικὸς,
2757 3236 2986 3306 ἐποίησε
3039 3237 3254 3309 πόρνης
3309 3237 3467 3307 μέλη.
3516 3237 3566 3289 '0
3607 3236 3652 3288 δὲ

2103 3331 2331 3392 ἄπιστος
2357 3369 2373 3396 ,
2410 3329 2563 3383 οὐδὲν
2594 3328 2847 3399 ἥμαρτεν
2878 3330 2960 3392 είς
3003 3328 3114 3399 τὴνι
3154 3326 3435 3401 σαρκικὴν
3465 3329 3650 3382 ἕνωσιν.

2101 3418 2318 3473 Μᾶλλον
2372 3419 2471 3489 μὲν
2526 3414 2621 3472 οὖν
2674 3417 2742 3473 δι’
2788 3418 2960 3488 αὐτῆς
3002 3418 3132 3483 ἴσως
3172 3421 3538 3490 ὲνωθήσεται,
3573 3416 3650 3471 καὶ

2103 3509 2247 3564 κατά
2276 3509 2374 3582 τὴν
2422 3509 2640 3563 πίστιν·
2693 3509 2783 3564 ἶνα
2817 3509 2892 3579 μὴ
2940 3509 3119 3577 λέγω,
3159 3510 3251 3564 ὅτι
3277 3510 3373 3564 καὶ
3401 3508 3650 3576 ἀνατροπὴ

2102 3602 2296 3673 ἔμελλε
2323 3602 2569 3672 γίνεσθαι
2607 3602 2704 3659 τοῦ
2740 3602 2881 3673 βίου,
2930 3605 3026 3657 καὶ
3052 3602 3283 3675 διαϐολὴ
3315 3601 3409 3657 τοῦ
3441 3601 3653 3669 Etiam-

2102 3695 2251 3761 λίου,
2287 3698 2335 3749 εί
2374 3697 2436 3750 τὸ
2466 3697 2659 3750 πιστὸν
2702 3697 2870 3768 μέρος
2914 3696 3210 3767 ἐχωρίζετο
3258 3695 3355 3751 τοῦ
3400 3695 3473 3766 μὴ
3515 3710 3649 3747 7:27a-

2103 3786 2412 3851 στευκὸτος.
2444 3788 2631 3842 Ταῦτα
2658 3788 2716 3841 δὲ
2753 3788 2888 3855 νόει,
2921 3790 3013 3844 ὅτε
3056 3788 3437 3861 συνεζύγησαν
3475 3788 3563 3860 μὲν
3599 3787 3646 3838 ὲν

2102 3880 2331 3951 ἀπιστίᾳ
2355 3880 2508 3945 ὅντες
2535 3881 2864 3954 ἀμφότεροι,
2889 3882 3182 3936 ἐπίστευσε
3214 3883 3275 3938 δὲ
3303 3883 3365 3936 τὸ
3390 3882 3448 3935 ἒν
3487 3879 3644 3952 μέρος.

2117 3972 2241 4026 Ἑάν
2276 3974 2387 4043 γὰρ
2413 3973 2741 4046 προϋπῆρχε
2776 3976 2967 4038 πιστὸς
2995 3977 3024 4029 6
3046 3974 3210 4046 ἀνὴρ,
3243 3977 3277 4047 ἢ
3307 3978 3339 4047 ἡ
3375 3975 3539 4045 γυνὴ,
3572 3973 3645 4026 οὐ·

2100 4063 2263 4128 δόλως
2290 4063 2419 4133 ἐξῆν
2448 4063 2586 4135 πρὸς
2612 4064 2843 4118 ἄπιστον
2869 4065 3225 4134 ζεύγνυσθαι.
3259 4067 3335 4120 Οὐ
3360 4066 3464 4138 γὰρ
3491 4058 3643 4121 εἶπεν.

2101 4157 2167 4210 El
2187 4173 2273 4220 τις
2301 4155 2553 4227 βούλεται
2574 4155 2763 4210 λαϐεῖν
2786 4155 3198 4225 ἀπιστου,ἀλλ’,
3225 4177 3245 4210 ι
3286 4159 3352 4212 Et
3373 4173 3453 4221 τις
3480 4156 3595 4225 ἔχει.
3622 4169 3637 4203 ι

2114 4247 2257 4301 Ἀλλ’
2302 4248 2422 4301 οὐδὲ
2473 4246 2661 4310 ἁπλῶς
2704 4246 3003 4312 συνοικίζει
3036 4247 3115 4319 τῷ
3146 4248 3367 4317 ἀπίστῳ
3390 4248 3449 4300 τὸ
3478 4244 3641 4299 πιστὸν

2090 4320 2272 4411 ’μέρος
2290 4382 2321 4417 ,ν
2341 4338 2479 4393 ἀλλά
2510 4338 2844 4410 βουλομένῳ.
2871 4339 2946 4393 Τὸ
2976 4339 3106 4411 γὰρ,
3154 4359 3177 4394 ι
3211 4338 3593 4403 Συνευδοκεῖ⁸⁹,
3619 4356 3633 4387 ι

2100 4432 2260 4488 τοῦτό
2305 4432 2483 4499 ἐστιν,
2513 4433 2637 4487 ἀντὶ
2664 4432 2760 4487 τοῦ
2780 4473 2796 4499 ,
2830 4433 2878 4486 εί
2909 4432 3179 4503 βούλεται.

2181 4637 2199 4671 ι
2243 4618 2533 4688 Ἡγίασται
2558 4617 2670 4689 γὰρ
2716 4619 2745 4671 6
2790 4616 2928 4688 ἀνὴρ
2950 4618 2980 4672 6
2999 4619 3226 4684 ἀπιστος
3250 4620 3310 4673 ὲν
3330 4622 3395 4690 τῇ
3422 4612 3634 4686 γυναικίσ

2104 4709 2199 4763 καὶ
2232 4710 2486 4779 ἡγίασται
2517 4708 2552 4778 ὴ
2579 4705 2713 4779 γυνὴ
2743 4709 2776 4778 ἡ
2807 4707 3034 4770 ἄπιστος
3060 4707 3119 4761 ἑν
3146 4708 3225 4779 τῷ
3250 4709 3421 4781 ἀνδρί.
3447 4725 3464 4762 ι
3492 4705 3634 4757 Τουτ-

2107 4800 2257 4868 ἐστι,
2307 4802 2373 4873 τῇ
2454 4798 2745 4870 περιουσίᾳ
2792 4798 2892 4869 τῆς
2935 4799 3309 4872 καθαρότητος
3345 4800 3435 4854 τοῦ
3471 4789 3633 4849 πιστοῦ

2105 4892 2341 4963 μέρους,¹
2373 4891 2593 4946 νικᾶται
2620 4891 2655 4961 ἡ
2686 4889 3005 4961 ἀκαθαρσία
3032 4890 3128 4943 τοῦ
3169 4891 3396 4946 ἀπίστου
3413 4904 3428 4918 ⁸
3455 4887 3542 4954 οὐχ
3562 4883 3629 4934 ὅτι

2118 4982 2279 5050 ἅγιος
2324 4978 2536 5048 γίνεται
2576 4982 2605 5035 6
2651 4979 2887 5052 Ἕλλην’
2924 4980 2986 5033 οὗ
3030 4980 3141 5051 γὰρ
3182 4974 3363 5044 εἶπεν,
3396 4979 3471 5033 ὅτι
3502 4970 3632 5042 ἅγιός

2104 5073 2253 5139 ἐστιν
2277 5108 2294 5136 ,
2320 5070 2461 5134 ἀλλ’,
2496 5088 2515 5121 ι
2565 5070 2887 5139 Ἠγιασται·
2933 5088 2952 5123 ι
2987 5070 3274 5133 τουτέστι,
3315 5072 3378 5137 τῇ
3419 5063 3629 5134 ἁγιότητι

2100 5160 2193 5215 τοῦ
2230 5160 2424 5241 πιστοῦ
2457 5161 2761 5230 νενίκηται.
2796 5160 2983 5214 Ταῦτα
3015 5159 3072 5214 δὲ
3103 5159 3253 5228 λέγει
3280 5197 3296 5223 ,
3338 5158 3419 5211 ἴνα
3458 5153 3525 5226 μὴ
3550 5165 3629 5217 φο·

2103 5236 2270 5321 θῆται
2315 5253 2348 5322 ἡ
2396 5251 2565 5323 πιστὴ
2590 5251 2761 5323 γυνὴ,
2811 5251 2886 5316 ὡς
2934 5251 3246 5320 ἀκάθαρτος
3283 5247 3525 5321 γινομένη
3552 5236 3628 5293 διὰ

2102 5346 2203 5416 τὴν
2234 5344 2401 5415 μίξιν.
2434 5347 2688 5417 Ζητεῖται
2730 5346 2818 5399 δέ’
2849 5346 2912 5399 Εἰ
2946 5347 2975 5400 6
3002 5345 3338 5416 κολλώμενος
3368 5344 3427 5412 τῇ
3452 5337 3624 5406 πόρνην

2100 5437 2158 5490 ἓν
2190 5438 2351 5509 σῶμα
2379 5437 2478 5508 ὢν,
2522 5438 2831 5508 ἀκάθαρτος
2859 5437 3006 5493 ἐστιν
3029 5454 3041 5467 ·
3084 5436 3304 5511 εὔδηλον
3326 5436 3368 5469 ⁸³
3391 5435 3465 5488 ὅτι
3496 5425 3573 5480 καὶ
3603 5425 3628 5494 ἢ

1725 5672 1928 5734 Variae
1962 5674 2290 5738 lectiones.

497 5790 547 5824 ⁸¹
577 5787 918 5844 συνευδοκεῖν
944 5805 995 5846 o.
1074 5792 1118 5824 ⁸³
1151 5791 1236 5846 ῐσ.
1270 5791 1491 5863 εὔδηλον
1510 5792 1570 5846 δὲ
1597 5809 1648 5848 ο.
