3874 6610
234 367 335 435 645

1000 358 1408 422 EXPOSITIO
1445 359 1525 420 IN
1562 355 1805 417 EPIST.
1853 355 1875 411 ι
1915 355 2013 414 AD
2053 356 2223 418 COR.
2254 381 2318 393 -
2348 356 2509 418 CAP.
2546 356 2685 418 VII.

3373 359 3479 427 646

229 479 304 551 τῷ
329 471 691 549 εἰδωλολάτρῃ
719 475 1036 545 κολλωμένη
1056 516 1072 541 ,
1109 476 1165 526 ἓν
1205 474 1366 544 σῶμά
1386 476 1503 525 ἐστι
1524 487 1537 501 ·
1562 469 1679 532 πῶς
1704 462 1798 521 οὖν

1914 466 2248 536 immundus;
2281 472 2628 541 perspicuum
2663 466 2841 525 autem
2867 478 2971 537 est,
3012 471 3175 529 etiam
3210 487 3329 531 eam
3362 493 3480 546 quae

228 574 285 627 οὐ
328 571 535 640 γίνεται
571 567 913 638 ἀκάθαρτος
952 567 1076 620 Ὀτι
1123 567 1216 619 ἐπὶ
1254 565 1352 635 μὲν
1400 564 1501 636 τῆς
1534 561 1793 633 πορνείας

229 663 355 718 αὐτὸ
398 664 612 726 ἐκεῖνο,
664 663 722 714 ὲν
768 653 814 729 ᾧ
841 656 1193 714 κοινωνοῦσιν
1222 657 1503 727 ἀλλήλοις,
1535 656 1569 725 ἡ
1606 653 1792 725 μίξις,

230 757 383 828 φημὶ,
415 754 515 824 τὴν
555 754 903 823 ἀκαθαρσίαν
949 751 1100 823 ἔχει,
1148 748 1246 804 καὶ
1288 749 1376 803 διὰ
1410 746 1573 802 τοῦτο
1611 746 1708 800 καὶ
1744 747 1794 799 οί

226 849 313 903 δύο
344 846 670 915 ἀκάθαρτοι.
717 844 923 900 Ἐπιδὲ
952 843 1048 897 τοῦ
1092 841 1287 897 πιστοῦ
1327 840 1528 913 μέρους
1561 840 1658 893 καὶ
1701 838 1795 892 τοῦ

228 941 473 1003 ἀπίστου,
518 939 699 1000 ἄλλως
746 938 861 1008 ἔχει
909 938 971 991 τὸ
1006 939 1261 1007 πρᾶγμα.
1317 934 1654 1004 Ἀκάθαρτος
1698 931 1797 1002 μὲν

228 1033 329 1101 γάρ
371 1034 519 1085 ἐστιν
563 1031 593 1083 6
642 1030 869 1094 ἄπιστος
890 1071 904 1096 ,
937 1031 1080 1085 κατά
1111 1033 1209 1101 τὴν
1246 1030 1542 1084 ἀπιστίανο
1582 1027 1645 1080 οὐ
1678 1044 1797 1080 κοι-

226 1126 375 1179 νωνεῖ
403 1123 458 1177 δὲ
483 1123 632 1177 κατὰ
652 1125 856 1194 ταύτην
880 1124 1032 1194 αὐτῷ
1059 1126 1092 1192 ἠ
1117 1123 1276 1195 γυνὴ,
1302 1125 1552 1177 κοινωνεῖ
1578 1121 1634 1175 δὲ
1658 1118 1799 1174 κατὰ

226 1214 315 1285 τὴν
354 1213 542 1284 μίξιν,
580 1213 703 1266 καθ’
730 1213 797 1284 ἢν
839 1214 1063 1285 οὐδεμία
1092 1213 1406 1285 ἀκαθαρσία
1436 1210 1795 1282 ὲμφαίνεταιυ

226 1308 391 1377 γάμος
420 1304 533 1378 γάρ
570 1308 713 1360 ἐστι.
747 1307 845 1359 Διὰ
874 1306 1034 1360 τοῦτο
1053 1305 1146 1362 οὖν
1172 1307 1274 1360 οὐκ
1306 1305 1456 1359 ἐστιν
1487 1302 1798 1374 ἀκάθαρτον

228 1399 281 1452 τὸ
317 1398 506 1451 πιστὸν
541 1399 735 1469 μέρος.

297 1592 315 1623 ε
364 1574 519 1626 Ἐπεὶ
554 1576 668 1646 ἄρα
714 1576 784 1629 τὰ
812 1577 983 1631 τέκνα
1029 1576 1185 1647 ὑμῶν
1232 1578 1521 1648 ἀκάθαρτά
1556 1583 1726 1635 ἐστιν.
1776 1600 1793 1631 ι

225 1666 282 1720 Ei
311 1667 415 1738 γάρ
443 1666 519 1739 μὴ
548 1669 769 1722 νικᾶται
797 1671 862 1739 τῇ
899 1669 1234 1741 καθαρότητι
1262 1672 1356 1724 τοῦ
1382 1674 1804 1744 πιστοῦ-μέρους

224 1758 281 1810 τὸ
306 1760 575 1824 -άπιστον,
612 1760 801 1815 λοιπὸν
852 1760 922 1815 τὰ
962 1762 1258 1833 τικτόμενα
1290 1764 1578 1837 ἀκάθαρτά
1619 1767 1801 1834 ἐστιν,

224 1851 334 1923 ἦτοι
368 1850 427 1916 ἐξ
455 1853 724 1923 ἡμισείας
756 1852 995 1926 καθαρά.

294 1985 312 2016 ι
346 1964 459 2017 Νῦν
498 1965 579 2033 δὲ,
617 1966 747 2036 ἆγιά
780 1968 915 2022 ἐστι.
956 1985 975 2020 t
1003 1968 1318 2034 Τουτὲστιν,
1348 1969 1447 2023 οὐκ
1481 1971 1802 2044 ἀκάθαρτα·

227 2060 288 2131 τῇ
325 2057 427 2130 γὰρ
465 2060 762 2130 περιουσίᾳ
810 2061 913 2129 τῆς
959 2060 1053 2114 τοῦ
1093 2061 1247 2131 ἁγίου
1294 2061 1513 2129 λέξεως,
1547 2064 1802 2118 ἐκϐάλλει

226 2151 281 2203 τὸ
302 2150 414 2213 δέος
436 2154 541 2222 τῆς
572 2150 828 2223 τοιαύτης
860 2151 1118 2222 ὑποψίας.

297 2281 314 2314 ι
351 2262 414 2316 Ei
443 2261 502 2315 δὲ
534 2263 565 2315 6
604 2262 844 2328 ἄπιστος
872 2264 1186 2335 χωρίζεται,
1221 2265 1559 2338 χωριζέσθω.
1600 2287 1617 2320 ι
1651 2263 1800 2336 Οἷον,

231 2353 275 2404 εἰ
302 2353 509 2407 κελεύει
552 2371 644 2406 σοι
678 2354 711 2425 ἢ
744 2355 1073 2421 κοινωνῆσαι
1115 2355 1215 2427 τῆς
1263 2358 1523 2422 ἀπιστίας
1564 2358 1735 2430 αὐτῷ,
1768 2360 1801 2431 ἢ

232 2444 519 2514 ἀναχωρεῖν
534 2446 583 2477 ⁸³⁵
612 2445 706 2498 τοῦ
726 2447 931 2517 γάμου,
956 2447 1324 2522 ἀναχωρείτω.
1356 2450 1571 2504 Βέλτιον
1587 2452 1696 2523 γὰρ
1714 2452 1805 2507 τὸν

232 2533 415 2603 γάμον,
449 2535 483 2606 ἢ
523 2536 632 2607 τὴν
656 2536 942 2593 εὐσέϐειαν
971 2538 1221 2610 λυθῆναι.

298 2666 316 2700 ι
352 2648 425 2702 06
463 2648 796 2705 δεδούλωται
833 2653 861 2705 6
900 2652 1133 2721 ἀδελφὸς
1180 2653 1213 2724 ἢ
1256 2655 1288 2724 ἡ
1326 2655 1531 2726 ἀδελφὴ
1578 2658 1637 2710 ὲν
1690 2660 1805 2721 τοῖς

232 2741 480 2806 τοιούτοις
500 2758 512 2771 ·
547 2745 616 2796 ὲν
647 2742 703 2796 δὲ
730 2744 925 2815 εἰρήνῃ
959 2744 1227 2814 κέκληκεν
1263 2747 1407 2816 ὑμᾶς
1436 2749 1464 2801 6
1490 2748 1641 2812 Θεός.
1682 2768 1699 2801 ι
1741 2751 1803 2802 El

239 2835 455 2905 μάχεταί
486 2852 603 2900 σοι,
631 2837 787 2906 φησὶ,
810 2836 943 2890 διότι
972 2836 1048 2908 μὴ
1078 2840 1354 2901 κοινωνεῖς
1377 2840 1476 2909 τῆς
1505 2841 1800 2906 ἀπιστίας,

235 2926 528 2997 διαζύγηθι.
558 2928 642 2982 Οὐ
671 2928 783 2998 γάρ
809 2928 1136 2983 δεδούλωσαι
1167 2931 1249 2993 είς
1273 2930 1344 2984 τά
1371 2932 1616 2986 τοιαῦταο
1646 2951 1804 2987 τουτ-

237 3019 392 3086 έστιν,
431 3020 494 3074 οὐ
522 3021 943 3089 καταναγκάζει
987 3021 1280 3092 βαστάζειν
1311 3025 1473 3078 αὐτὸν
1497 3027 1590 3079 καὶ
1613 3029 1671 3078 ἐν
1695 3030 1805 3091 τοῖς

235 3111 504 3175 τοιούτοις.
545 3113 773 3167 Βέλτιον
818 3112 928 3183 γάρ
973 3115 1355 3188 ἀπαλλαγῆναι
1406 3119 1440 3189 ἢ
1496 3120 1798 3190 μάχεσθαι’

237 3201 348 3255 ἐπεὶ
376 3202 498 3256 οὐδὲ
531 3205 561 3255 6
610 3202 740 3266 Θεὸς
772 3203 1024 3273 βούλεται
1064 3206 1243 3261 τοῦτο.
1281 3227 1299 3259 ι
1350 3209 1440 3262 Ἐν
1474 3210 1584 3281 γάρ
1613 3212 1802 3282 εἰρήνῃ

236 3292 487 3362 κέκληκεν
509 3294 683 3365 ὑμᾶς.
719 3314 737 3347 ι
771 3296 932 3348 Ὥστε
964 3298 1011 3349 εί
1038 3299 1296 3368 μάχεται,
1328 3301 1534 3363 ἐκεῖνος
1562 3302 1804 3372 παρέσχε

236 3389 325 3455 τὴν
352 3385 530 3440 αἰτίαν
566 3386 664 3439 τοῦ
695 3385 993 3456 διαζυγίου.

266 3515 321 3551 ,ι
362 3498 426 3553 Τί
463 3499 579 3569 γὰρ
626 3495 794 3564 οἶδας,
831 3498 1013 3568 γύναι,
1064 3501 1114 3554 εί
1164 3501 1260 3555 τὸν
1296 3501 1468 3574 ἄνδρα
1507 3504 1737 3572 σώσεις;
1778 3526 1797 3560 ι

238 3590 390 3643 Πάλιν
420 3594 559 3660 πρὸς
592 3590 652 3642 τὸ
673 3632 687 3657 ,
727 3609 746 3643 ι
781 3592 874 3661 Μὴ
921 3592 1162 3660 ἀφιέτω,
1198 3614 1218 3647 ο
1252 3596 1607 3668 ἀναδραμὼν,
1642 3600 1803 3654 τοῦτο

238 3678 394 3748 λέγει·
438 3681 498 3734 Εἰ
530 3680 647 3752 γάρ
680 3682 756 3753 μὴ
789 3682 1021 3754 μάχεταί
1061 3701 1172 3751 σοι,
1211 3684 1358 3755 μένε,
1390 3690 1543 3757 φησὶ,
1575 3690 1670 3743 καὶ
1700 3708 1805 3744 πα-

241 3774 400 3840 ραίνει
465 3775 604 3837 ἴσως
631 3773 871 3839 ἀνύσεις.
914 3775 1002 3828 Ἐν
1046 3776 1336 3848 ἀμφιϐόλῳ
1368 3779 1428 3832 δὲ
1458 3780 1618 3834 τοῦτο
1650 3782 1803 3854 τίθη-

239 3881 334 3931 σιν,
367 3865 480 3936 ἅμα
513 3867 620 3937 μὲν
654 3866 741 3920 ἵνα
770 3868 851 3940 μὴ
871 3866 996 3940 δόξῃ
1037 3871 1288 3941 ἀνάγκην
1325 3873 1557 3940 ἐπάγειν
1597 3878 1664 3947 τῇ
1705 3893 1798 3945 γυ-

237 3959 370 4010 ναικὶ
413 3960 508 4012 τοῦ
554 3957 777 4023 πάντως
823 3962 1008 4014 πεῖσαι
1056 3961 1151 4014 τὸν
1192 3960 1389 4033 ἄνδρα·
1447 3965 1565 4033 ἅμα
1612 3966 1670 4019 δὲ
1707 3968 1802 4021 καὶ

241 4055 495 4125 μετέωρον
529 4053 706 4126 αὐτὴν
756 4055 928 4109 ποιῶν
967 4056 1046 4128 τῷ
1091 4057 1179 4110 ἀεὶ
1227 4057 1506 4126 ἐλπίζειν,
1549 4060 1689 4114 ὥστε
1723 4061 1799 4134 μὴ

237 4145 644 4215 ἀπογινώσκειν.

303 4278 322 4310 ι
354 4261 462 4315 Καὶ
493 4262 551 4315 τί
583 4257 751 4326 οἶδας,
784 4261 938 4335 άνερ,
978 4263 1024 4316 εἰ
1060 4264 1158 4336 τὴν
1188 4267 1425 4335 γυναῖκα
1466 4267 1695 4338 σὼσεις;
1734 4270 1798 4324 Εἰ

243 4350 308 4421 μὴ
343 4354 558 4425 ἑκάστῳ
587 4353 664 4417 ὡς
698 4355 953 4426 ἐμέρισεν
997 4355 1025 4408 6
1059 4356 1224 4423 Θεὸς,
1259 4358 1491 4413 ἕκαστον
1516 4360 1562 4394 ⁸⁸
1594 4359 1669 4426 ὡς
1704 4362 1799 4416 κέ-

238 4444 424 4514 κληκεν
444 4448 472 4499 6
489 4445 695 4518 Κύριος
717 4446 785 4512 ⁸⁸,
805 4444 951 4501 οὕτω
972 4450 1366 4518 περιπατείτω.
1398 4471 1415 4504 ι
1446 4452 1601 4517 Τινὲς
1625 4452 1798 4517 οὕτως

238 4537 544 4605 ἀνέγνωσαν
567 4554 581 4568 '
639 4557 656 4590 ι
696 4539 762 4592 Τί
792 4535 963 4605 οἶδας,
999 4541 1150 4612 ἄνερ,
1202 4543 1250 4595 εί
1295 4542 1393 4615 τὴν
1428 4547 1661 4611 γυναῖκα
1690 4546 1796 4598 σώ-

239 4644 369 4693 σεις,
399 4630 431 4699 ἢ
469 4633 579 4701 pf];
615 4649 633 4681 ι
669 4624 786 4683 εἶτα
814 4632 910 4686 ἀπ’
937 4632 1102 4703 ἄλλης
1131 4633 1339 4704 ἀρχῆς·
1380 4655 1398 4688 ι
1444 4634 1693 4709 Έκάστῳ
1721 4639 1796 4704 ὼς

237 4721 481 4791 ἐμέρισεν
512 4726 542 4777 6
575 4722 742 4787 Θεόςο
785 4743 804 4775 ι
848 4725 1131 4793 τουτέστι,
1167 4727 1338 4781 Πόθεν
1382 4724 1554 4795 οἶδας,
1602 4733 1704 4787 κάν
1741 4749 1801 4786 τε

242 4810 428 4885 σώσῃς,
472 4815 576 4869 κᾶν
600 4832 657 4868 τε
693 4816 788 4869 καὶ
816 4817 924 4887 μή;
959 4817 1188 4889 ’Ἄδηλον
1217 4819 1455 4883 πάντως.
1498 4821 1718 4893 Ἀδήλου
1744 4824 1801 4878 δὲ

240 4900 401 4970 ὄντος,
423 4907 482 4960 οὐ
505 4908 588 4960 δεῖ
603 4906 753 4962 λύειν
774 4908 866 4961 τὸν
886 4908 1083 4979 γάμον.
1106 4909 1198 4982 Μὴ
1222 4911 1413 4976 σώζων
1436 4913 1534 4982 μὲν
1551 4914 1680 4986 γάρ,
1698 4917 1800 4969 οὐκ

238 4995 490 5067 ἐϐλάϐηςο
527 4999 715 5066 σώζων
734 5000 825 5065 δὲ,
856 5001 1149 5073 ὠφέλησας
1172 5003 1265 5055 καὶ
1297 5003 1612 5076 ὠφελήθης.
1657 5008 1800 5061 Ἀλλ’

238 5085 326 5157 οὐχ
347 5088 517 5155 οὕτως
552 5093 579 5145 6
609 5094 667 5146 ὲν
691 5093 867 5161 ἁγίοις
912 5095 1165 5166 Ἰωάννης
1194 5097 1431 5166 ἀνέγνω,
1470 5100 1630 5166 ἀλλὰ,
1674 5122 1692 5154 ι
1731 5104 1796 5157 Εἰ

243 5179 308 5249 μὴ
357 5181 568 5254 ἑκάστῳ
610 5184 686 5248 ὼς
735 5186 990 5258 ἐμέρισεν
1028 5188 1057 5240 6
1091 5188 1254 5254 Θεόςο
1301 5209 1320 5243 ο
1367 5190 1395 5244 ὃ
1442 5193 1535 5246 καὶ
1584 5194 1794 5266 βέλτιον

240 5271 440 5340 πάντως
460 5294 474 5309 ν
501 5277 699 5331 ὡσανεὶ
721 5278 830 5351 γάρ
860 5275 1015 5335 εἶπεν
1044 5283 1071 5334 6
1109 5282 1458 5347 ’Δπόστολοςο
1484 5287 1558 5339 Οὐ
1585 5287 1792 5354 γίνεται

240 5358 266 5411 ὁ
284 5369 548 5439 χωρισμὸς
572 5368 661 5424 διὰ
682 5370 782 5441 τὴν
802 5373 1095 5442 ἀπιστίαν⁹
1126 5392 1144 5424 ι
1180 5377 1227 5429 εί
1259 5377 1334 5447 μὴ
1359 5378 1595 5447 ἑκάστῳ,
1625 5398 1642 5430 ι
1671 5380 1792 5433 ἀντὶ

239 5453 357 5523 τοῦ,
410 5459 568 5516 Ἀλλά
615 5462 843 5528 ἕκαστος
897 5463 1071 5528 οὕτως
1119 5465 1316 5537 ὲχέτω,
1359 5468 1433 5532 ὡς
1488 5469 1789 5541 ηὐδόκησεν

1903 577 2024 617 cum
2055 562 2337 618 idololatra
2364 564 2628 636 jungitur,
2663 579 2830 620 unum
2855 580 2976 621 cum
3020 566 3110 621 illo
3140 582 3337 637 corpus
3358 584 3478 624 sor-

1907 654 1995 709 tiri
2021 672 2036 709 :
2059 670 2158 710 cur
2186 655 2352 727 igitur
2374 672 2439 711 ex
2471 672 2532 711 ea
2558 672 2663 712 non
2692 657 2966 713 immunda
3000 660 3288 715 redditur?
3330 661 3480 727 Quo-

1904 747 2049 801 niam
2068 747 2119 801 in
2140 746 2497 803 fornicatione
2513 749 2643 804 illud
2667 751 2840 817 ipsum
2862 751 2910 803 in
2932 765 3042 821 quo
3059 754 3478 819 communicant,

1906 840 2339 908 commistionem
2383 841 2524 906 dico,
2560 840 2927 910 impuritatem
2977 842 3161 902 habet,
3190 858 3363 913 eoque
3400 847 3482 899 vel

1906 939 2168 1000 utrosque
2189 933 2532 1002 coinquinari
2565 950 2578 986 :
2615 948 2799 986 verum
2834 934 2977 1003 quod
3017 936 3083 987 ad
3120 934 3331 989 ﬁdelem
3356 951 3483 1006 δραξα-

1905 1032 2015 1078 ctat
2043 1032 2095 1080 et
2122 1024 2413 1091 inﬁdelem,
2440 1023 2593 1093 longe
2617 1038 2675 1078 se
2696 1024 2854 1078 aliter
2878 1039 2963 1078 res
2988 1024 3169 1079 habet.
3201 1026 3479 1096 Siquidem

1905 1115 1974 1170 ob
2000 1130 2154 1170 suam
2185 1114 2616 1170 incredulitatem
2646 1115 2957 1170 immundus
2979 1116 3206 1170 efﬁcitur
3228 1118 3478 1181 inﬁdelis,

1905 1208 1960 1262 in
1992 1208 2091 1263 hac
2122 1215 2301 1262 autem
2333 1206 2525 1262 mulier
2554 1221 2676 1261 cum
2704 1207 2822 1275 ipso
2840 1221 2944 1259 non
2972 1209 3353 1273 communicat,
3389 1212 3481 1263 sed

1908 1299 1973 1369 in,
1996 1300 2264 1365 mistione,
2322 1304 2377 1354 in
2409 1313 2513 1369 qua
2546 1298 2688 1353 nulla
2726 1306 2950 1368 apparet
2982 1299 3288 1366 impuritas,
3334 1300 3483 1369 (con-

1905 1388 2105 1459 jngalis
2161 1389 2305 1443 enim
2339 1390 2443 1458 est)
2476 1391 2868 1444 communicat.
2922 1391 3213 1462 Propterea
3278 1392 3481 1445 nullam

1911 1478 2081 1533 ﬁdelis
2110 1494 2174 1533 ex
2201 1493 2264 1532 eo
2306 1478 2478 1532 labem
2514 1480 2768 1535 admittit.

1987 1591 2004 1623 ι
2052 1571 2302 1640 Alioquin
2337 1572 2429 1626 ﬁlii
2460 1572 2621 1626 vestri
2657 1573 2916 1627 immundi
2956 1583 3159 1629 essent.
3197 1591 3216 1624 ι
3270 1572 3401 1628 Nam
3439 1576 3484 1629 si

1907 1662 2141 1718 inﬁdelis
2183 1663 2454 1718 credentis
2509 1662 2767 1732 puritate
2804 1679 2910 1717 non
2963 1665 3120 1736 130
3158 1666 3480 1731 vinceretur,

1912 1754 2089 1808 forent
2120 1768 2271 1816 sane,
2300 1766 2439 1823 quos
2470 1765 2744 1823 parerent,
2793 1754 2949 1809 liberi
3002 1756 3266 1810 immundi
3299 1757 3382 1812 vel
3419 1772 3484 1812 ex

1837 1830 1879 1885 Β
1908 1859 2061 1916 parte
2089 1845 2310 1899 dimidia
2347 1845 2554 1900 mundi.

1986 1979 2004 2011 ι
2052 1960 2209 2015 Nunc
2255 1972 2436 2014 autem
2488 1962 2662 2015 sancti
2723 1968 2870 2016 sunt.
2914 1980 2934 2014 ›
2971 1960 3083 2016 Hoc
3115 1971 3216 2028 est,
3251 1976 3355 2018 non
3388 1963 3486 2017 imo

1904 2053 2110 2107 mundi.
2135 2052 2263 2106 Nam
2289 2054 2802 2122 pe't'exuherantiam
2821 2053 3075 2110 dictionis
3100 2056 3260 2127 hujus
3286 2058 3484 2125 sanctf,

1904 2142 2211 2211 huiusmodi
2247 2144 2573 2213 suspicionis
2608 2153 2810 2199 metum
2863 2145 3059 2214 rejicit.

1979 2265 2138 2317 Vens.
2180 2262 2264 2318 15.
2303 2281 2322 2314 ι
2366 2263 2516 2330 Quod
2548 2263 2589 2318 si
2625 2264 2855 2319 inﬁdelis
2886 2265 3131 2330 discedit,
3163 2265 3423 2321 discedat.
3461 2283 3479 2317 ι

1903 2352 2081 2410 Veluti
2121 2357 2165 2410 si
2219 2356 2311 2409 tihi
2349 2356 2598 2425 imperet,
2634 2366 2690 2410 ut
2721 2372 2832 2411 sum
2862 2359 3134 2426 particeps
3166 2358 3259 2413 ﬁas
3293 2359 3487 2412 inﬁde-

1903 2450 2096 2513 litatis,
2133 2458 2224 2504 aut
2260 2449 2508 2504 discedas
2538 2464 2565 2503 a
2611 2448 2990 2517 matrimonio,
3031 2448 3265 2505 discede.
3302 2449 3484 2506 Satias

1903 2544 2046 2597 enim
2090 2552 2174 2597 est
2205 2543 2536 2597 connubium
2572 2543 2781 2598 solvere
2815 2558 2977 2611 quam
3025 2543 3303 2612 pietatem.

1979 2678 2000 2710 ε
2065 2657 2181 2713 Non
2230 2659 2373 2712 enim
2422 2657 2669 2717 servituti
2722 2657 3001 2725 subjectus
3041 2668 3124 2713 est
3171 2658 3343 2712 frater
3389 2666 3485 2711 aut

1904 2766 2058 2806 soror
2108 2751 2159 2806 in
2215 2750 2521 2820 huiusmodi
2559 2767 2572 2803 :
2606 2750 2661 2804 in
2723 2765 2855 2819 pace
2895 2757 3076 2805 autem
3120 2750 3330 2804 vocavit
3388 2765 3483 2803 vos

1904 2844 2067 2901 Dens.
2108 2863 2128 2898 ι
2170 2844 2225 2901 Si
2253 2853 2453 2910 tecmn,
2492 2846 2685 2916 inquit,
2717 2844 2911 2913 litiget,
2942 2845 3010 2898 'eo
3054 2845 3195 2913 quod
3237 2860 3359 2898 cum
3390 2844 3480 2897 illo

1904 2954 2010 2994 non
2054 2938 2427 2994 communicas
2460 2939 2512 2992 in
2535 2938 2873 3003 inﬁdelitate,
2907 2937 3245 3007 disjungitor.
3282 2937 3481 3006 Hujus-

1905 3031 2048 3085 modi
2092 3033 2235 3085 enim
2268 3030 2515 3085 servituti
2550 3046 2653 3084 non
2704 3040 2787 3085 est
2829 3029 3102 3096 subjecta;
3139 3032 3240 3085 hoc
3288 3040 3389 3093 est,
3429 3032 3480 3083 in

1909 3123 2214 3193 huiusmodi
2264 3124 2426 3178 rebus
2470 3122 2644 3179 virum
2684 3123 2829 3178 ferre
2863 3137 2967 3178 non
3003 3123 3236 3193 cogeris.
3290 3120 3482 3176 Melius

1909 3216 2053 3269 enim
2074 3225 2156 3269 est
2182 3216 2438 3270 secedere
2464 3228 2626 3282 quam
2659 3214 2936 3268 altercari.
2977 3212 3160 3282 Neque
3194 3227 3319 3267 vero
3354 3211 3483 3264 illud

1907 3307 2101 3360 divinze
2126 3315 2209 3360 est
2240 3306 2565 3370 voluntatis;
2596 3324 2615 3357 ι
2656 3306 2713 3358 ln
2748 3321 2878 3373 pace
2902 3305 3045 3359 enim
3076 3319 3169 3359 vos
3198 3304 3429 3359 vocavit.
3452 3323 3473 3354 ο

1906 3398 2089 3469 Itaque
2109 3400 2153 3454 si
2193 3398 2386 3468 litiget,
2412 3398 2630 3453 divortii
2658 3412 2881 3452 causam
2935 3397 3023 3452 ille
3056 3398 3302 3467 praebuit.

1976 3513 2141 3567 Vens.
2167 3512 2254 3567 l6.
2286 3531 2304 3564 ι
2330 3512 2469 3577 Quid
2493 3512 2636 3565 enim
2663 3511 2828 3575 nosti,
2850 3509 3204 3576 mulier,‘num
3228 3509 3480 3563 maritum

1905 3605 2113 3661 salvum
2145 3604 2351 3660 facies?
2395 3623 2415 3656 ι
2452 3604 2663 3659 Rursus
2693 3606 2758 3657 ad
2793 3601 2921 3656 illud
2951 3604 3187 3667 rediens,
3211 3601 3479 3666 videlicet,

1909 3718 1929 3752 σ
1974 3698 2051 3753 Ne
2079 3699 2332 3764 dimittat,
2374 3716 2392 3750 ι
2449 3698 2555 3753 hoc
2603 3698 2755 3752 dicit.
2801 3696 2859 3752 Si
2894 3697 2988 3751 tibi
3023 3695 3168 3750 enim
3221 3696 3482 3751 molestus
3571 3690 3578 3697 ’

1905 3805 2009 3845 non
2036 3790 2124 3850 sit.
2165 3799 2400 3853 maneto,
2428 3790 2617 3859 inquit,
2649 3805 2771 3845 cum
2795 3804 2880 3854 eo,
2907 3796 2962 3844 et
2986 3787 3477 3852 commonefacito,
3548 3818 3553 3823 -

1904 3883 2113 3952 aliquid
2178 3880 2428 3938 fortassis
2457 3881 2675 3938 efﬁcies.
2716 3880 2849 3937 Rem
2897 3889 3075 3936 autem
3116 3881 3178 3934 ~in
3228 3881 3480 3949 ambiguo

1903 3975 2120 4040 statuit;
2155 3974 2372 4044 partim,
2402 3987 2472 4027 ne
2499 3973 2710 4027 mulieri
2743 3974 3123 4028 necessitatem
3149 3973 3322 4025 virum
3349 3987 3475 4025 om-

1902 4067 2032 4122 nino
2092 4065 2449 4136 persuadendi
2478 4064 2726 4119 videatur
2772 4066 3086 4135 imponere;
3150 4063 3368 4133 partim,
3421 4057 3480 4116 nt

1903 4160 2144 4216 animum
2196 4158 2313 4227 ejus
2355 4158 2421 4213 ad
2454 4172 2604 4226 spem
2629 4158 2823 4227 erigat,
2857 4171 2924 4212 ne
2953 4157 3021 4212 de
3072 4155 3163 4211 illo
3201 4156 3473 4226 desperet.

1976 4272 2137 4328 Vens.
2176 4272 2262 4334 16,
2297 4272 2385 4327 l7.
2422 4290 2441 4323 ‹
2478 4271 2584 4325 Aut
2618 4270 2745 4339 quid
2769 4269 2934 4335 nosti,
2972 4269 3071 4337 vir,
3106 4268 3152 4324 si
3187 4260 3472 4337 coniugem

1904 4377 2049 4421 tuam
2095 4366 2300 4420 salvam
2350 4363 2559 4419 facies?
2593 4362 2704 4417 Nisi
2759 4363 2955 4432 cuique
2987 4371 3045 4415 ut
3087 4361 3272 4416 divisit
3311 4359 3476 4425 Deus,

1902 4474 2339 4530 unumquemque
2388 4466 2445 4511 ut
2492 4457 2701 4511 vocavit
2733 4454 3012 4517 Dominus,
3048 4454 3119 4507 ita
3151 4452 3408 4508 ambulet.
3453 4472 3471 4504 ι

1905 4553 2153 4608 Nonnulli
2183 4552 2260 4606 sic
2292 4551 2469 4623 legunt
2503 4566 2516 4602 :
2554 4556 2574 4600 ι
2607 4547 2742 4614 Quid
2770 4546 2935 4611 nosti,
2969 4546 3071 4612 vir,
3112 4545 3157 4600 si
3193 4544 3474 4598 mulierem

1915 4650 2119 4706 salvam
2153 4645 2345 4710 facies,
2405 4641 2606 4696 necne?
2634 4659 2652 4693 ι
2687 4640 2886 4695 Deinde
2937 4638 3005 4693 ab
3052 4638 3157 4692 alio
3192 4638 3415 4694 exordio
3457 4654 3498 4691 :.

1909 4760 1927 4794 ι
1970 4737 2273 4806 Unicuique
2310 4744 2367 4787 ut
2395 4732 2578 4787 divisit
2606 4729 2778 4797 Deus;
2810 4749 2828 4782 ι
2862 4731 2963 4785 hoc
3000 4738 3103 4794 est,
3144 4727 3297 4785 Unde
3324 4742 3473 4784 com-

1898 4842 2114 4907 pertum
2161 4828 2352 4893 habes,
2391 4825 2435 4880 si
2468 4826 2613 4880 hanc
2660 4825 2862 4880 Salvam
2900 4822 3140 4877 facturus
3166 4821 3241 4877 sis
3267 4819 3474 4875 necne?

1899 4927 1951 4980 id
1980 4924 2197 4994 quidem
2227 4927 2307 4976 est
2334 4932 2555 4989 prorsus
2594 4917 2879 4971 incertum.
2907 4914 3042 4969 Cum
3064 4921 3245 4968 autem
3282 4911 3333 4965 in
3362 4924 3477 4964 am-

1897 5015 2060 5085 biguo
2108 5013 2203 5077 sit,
2254 5007 2583 5065 connubium
2619 5021 2725 5061 non
2756 5016 2841 5060 est
2877 5002 3264 5059 dirimendum.
3319 4999 3473 5066 Quod

1898 5108 1942 5164 si
1984 5106 2189 5161 salvam
2224 5117 2331 5157 non
2366 5100 2580 5166 feceris,
2618 5099 2691 5153 nil
2729 5097 2825 5152 tibi
2880 5095 3096 5151 ofﬁciet.
3127 5093 3342 5148 Salvam
3376 5106 3475 5145 au-

1900 5208 2010 5253 tem
2052 5197 2191 5251 hanc
2217 5196 2260 5249 si
2296 5191 2617 5258 reddideris,
2649 5199 2704 5247 et
2726 5189 2847 5244 aliis
2881 5186 3132 5259 profuisti
3168 5195 3223 5240 et
3251 5178 3368 5241 tibi.
3404 5183 3474 5237 At

1901 5304 2005 5342 non
2048 5287 2117 5341 ita
2147 5285 2517 5357 legitsanctus
2546 5281 2969 5353 Chrysostomus
3006 5295 3020 5331 :
3053 5278 3169 5342 sed,
3211 5294 3229 5329 ι
3268 5273 3382 5330 Nisi
3415 5282 3473 5328 ut

1902 5378 2195 5449 unicuique
2243 5375 2429 5432 divisit
2481 5375 2669 5430 Deus:
2710 5391 2729 5424 ι
2788 5370 2879 5442 qui
2937 5382 3133 5425 sensus
3174 5377 3260 5424 est
3313 5366 3475 5435 longe

1900 5473 2076 5541 potior
2110 5489 2121 5524 :
2156 5469 2377 5539 perinde
2421 5483 2486 5526 ac
2531 5467 2575 5524 si
2599 5464 2794 5523 dixerit
2829 5460 3143 5534 Apostolus,
3176 5457 3473 5530 Haudqua-

1556 5629 1754 5692 Variee
1805 5631 2136 5696 lectiones.

304 5763 347 5796 “
378 5766 460 5823 ῖσ.
488 5769 778 5844 ἀναχώρει.
807 5787 864 5829 ο.
938 5770 985 5806 ⁸⁸
1016 5772 1251 5838 ῑκαστος
1288 5789 1342 5832 ο.
1420 5774 1465 5809 ⁸⁸
1495 5776 1629 5841 Θεός
1661 5793 1716 5833 0.
1755 5804 1760 5811 -
