3874 6616
373 299 376 303 ’
411 343 521 408 διτ

1291 337 1866 400 THEOPl-IYLACTI
1899 337 2307 399 ΒΠΙΒΑΒΙᾹΞ
2338 342 2694 409 ARCHIEP.

3562 343 3676 405 648

408 468 570 522 quam
600 461 822 523 propter
854 449 1226 505 infidelitatem
1260 447 1320 503 iit
1339 447 1651 512 divortium,
1689 464 1708 498 ι
1749 446 1848 500 nisi
1880 447 1968 499 uni

2101 449 2264 502 αὑτὸν
2293 451 2320 504 6
2353 451 2508 516 Θεὸς.
2543 456 2779 512 Γυναῖκα
2803 455 2939 528 ἔχων
2966 460 3194 516 ἄπιστον
3223 460 3494 534 ἐκλήθηςς
3523 463 3678 516 Μὲνι

406 545 622 614 cuique,
668 561 687 595 ι
746 543 846 596 hoc
875 551 977 607 est,
1012 540 1118 595 Sed
1147 540 1521 610 unusquisque
1555 540 1636 595 sic
1675 555 1735 595 se
1765 539 1986 602 habent,

2095 541 2253 610 ἔχων,
2286 546 2378 598 καὶ
2410 547 2487 620 μὴ
2514 548 2604 604 διὰ
2635 552 2734 623 τὴν
2765 554 3025 609 ἀπιστίαν
3057 556 3319 628 ἐκσάλῃς.

409 649 468 694 ut
505 639 614 692 Deo
665 640 732 694 de
785 639 872 694 illo
898 637 1186 708 disponere
1239 636 1464 708 placuit.
1519 635 1752 692 Uxorem
1783 635 1993 690 habens
2069 636 2338 697 inlidelem
2403 657 2625 704 vocatus
2663 650 2758 706 es?
2791 667 2906 706 eam
2941 652 3190 718 retineto,
3243 667 3342 709 nec
3367 653 3435 708 ob
3465 652 3678 707 intide-

403 732 615 788 litatetu
648 731 859 799 ejicias.

477 839 497 872 ι
534 820 600 874 Et
624 821 703 875 sic
733 821 786 874 in
817 820 1070 876 omnibus
1096 820 1352 877 Ecclesiis
1372 820 1621 892 dispono.
1647 839 1666 872 ι
1696 817 1805 875 lloc
1829 818 1984 885 dixit,

401 923 460 966 ut
489 928 554 966 ex
583 927 650 967 eo
670 913 810 981 quod
837 912 973 968 alios
990 913 1220 970 habeant
1245 914 1560 983 participes,
1591 912 1659 967 ad
1687 912 1989 982 obsequen-

355 1073 358 1078 ι
399 1008 525 1059 dum
563 1005 673 1059 sint
704 1006 1029 1073 paratiores.

473 1097 635 1152 Vsus.
667 1098 754 1152 18.
793 1116 813 1149 ι
847 1097 1217 1154 Circumcisus
1241 1097 1438 1168 aliquis
1461 1107 1686 1152 vocatus
1717 1097 1835 1152 est?
1861 1094 1978 1152 Non

395 1189 629 1244 adtlucdt
670 1191 1015 1258 praeputium.
1050 1208 1070 1242 ι
1127 1189 1434 1245 Verisimile
1457 1198 1575 1244 erat
1604 1189 1806 1244 multos
1832 1205 1972 1259 quos

395 1277 831 1334 circumcisionis
859 1278 1110 1346 pudebat.
1133 1280 1526 1334 medicamento
1544 1278 1779 1348 quodam
1812 1295 1978 1334 ment-

395 1371 559 1426 brutn
596 1369 978 1426 circumcisum
1022 1371 1088 1424 ad
1122 1370 1412 1440 pristinum
1457 1379 1661 1425 statuat
1708 1372 1975 1443 redigere,

395 1461 692 1516 cuticulant
727 1461 978 1516 nimirum
1016 1461 1523 1530 superinducentes.

473 1555 627 1625 161
687 1572 706 1606 ι
761 1553 818 1608 lu
870 1542 1131 1625 prteputio
1191 1555 1389 1624 aliquis
1431 1567 1662 1614 vocatus
1715 1558 1830 1613 est?
1871 1571 1975 1612 ηοη

391 1646 836 1702 circuutcidatur.
874 1665 893 1699 ι
928 1645 1132 1702 Contra
1166 1649 1432 1714 nonnulli,
1472 1651 1618 1720 quod
1665 1651 1719 1706 iu
1744 1651 1977 1707 circum-

391 1739 602 1794 cisione
632 1739 948 1807 praeclarum
982 1739 1109 1808 quid
1147 1753 1272 1794 esse
1306 1740 1604 1807 videretur,
1656 1750 1778 1812 post
1813 1740 1974 1796 ﬁdem

389 1833 936 1890 circumcidebantur.
992 1831 1082 1886 Ait
1138 1831 1327 1904 igltur,
1354 1832 1499 1903 quod
1555 1835 1659 1890 ista
1691 1834 1760 1889 ad
1815 1832 1974 1889 ﬁdem

395 1926 534 1980 nihil
569 1924 872 1981 conferant.

459 2017 629 2076 Vens.
658 2019 743 2074 l9.
770 2037 791 2070 ι
827 2019 1182 2074 Circumcisio
1232 2017 1364 2074 nihil
1393 2027 1498 2084 εει,
1557 2027 1611 2074 et
1645 2019 1964 2089 prteputium
2028 2055 2031 2059 -

385 2111 520 2166 nihil
544 2122 648 2177 est,
674 2113 767 2167 sed
794 2113 1104 2168 observatio
1137 2115 1518 2167 mandatorum
1552 2111 1666 2167 Dei.
1705 2131 1723 2163 ι
1758 2111 1970 2182 Ubique

385 2220 490 2261 una
522 2202 649 2262 'cum
682 2204 788 2261 lide
807 2205 1023 2262 virtutis
1050 2205 1282 2276 exigitur
1307 2203 1568 2276 operatio.
1590 2203 1796 2263 Caetera
1815 2220 1966 2272 vero,

385 2297 467 2352 vel
499 2297 697 2362 minus,
726 2297 808 2352 vel
837 2312 941 2352 non
992 2298 1234 2353 omnino.

456 2386 625 2442 Vens.
647 2388 832 2452 20,21.
866 2407 885 2441 ι
913 2387 1293 2458 Unusquisque
1310 2391 1359 2445 in
1376 2405 1480 2460 qua
1501 2391 1787 2446 vocatione
1811 2405 1978 2445 voca-

387 2492 474 2549 tus
497 2486 604 2541 est,
633 2478 686 2532 in
712 2492 775 2532 ea
798 2490 1134 2548 permaneat.
1171 2483 1372 2535 Servus
1397 2489 1619 2534 vocatus
1655 2479 1753 2534 es?
1775 2495 1880 2533 non
1907 2481 1979 2534 sit

386 2570 478 2625 tibi
514 2584 698 2643 curae;
729 2571 824 2625 sed
853 2581 906 2624 et
931 2571 976 2626 si
1011 2580 1168 2639 potes
1203 2571 1318 2626 ﬁeri
1350 2571 1509 2633 liber,
1537 2573 1714 2640 magis
1745 2578 1916 2624 utere.
1952 2587 1972 2621 ι

384 2662 441 2716 ιιι
474 2662 755 2717 vocatione
784 2677 889 2730 qua
917 2671 1143 2716 vocatus
1199 2671 1306 2726 est,
1367 2661 1470 2716 hoc
1514 2671 1622 2722 est,
1659 2675 1978 2730 quocunque

383 2753 448 2806 in
481 2768 700 2823 genere,
725 2753 808 2807 vel
848 2753 1038 2807 ordine
1065 2752 1148 2806 vel
1179 2752 1489 2808 conditione
1545 2751 1752 2807 Christi
1817 2752 1976 2806 ﬁdem

394 2849 699 2916 susceperit
725 2847 1015 2916 quispiam,
1045 2845 1098 2899 in
1132 2846 1233 2900 hoc
1257 2854 1590 2916 perseveret.
1624 2844 1974 2900 Vocationem

389 2939 538 2994 enim
564 2939 696 2993 dicit
725 2938 1093 2992 inductionem
1130 2938 1196 2991 ad
1231 2937 1412 2992 ﬁdem.
1451 2936 1652 2991 Servus
1682 2951 1802 2990 cum
1824 2949 1974 2991 esses

384 3029 714 3086 credidisti?
744 3029 938 3084 anxius
969 3043 1033 3083 ne
1061 3029 1160 3094 sis,
1196 3043 1371 3098 neque
1401 3027 1760 3098 perturberis.
1789 3027 1976 3096 Usque

393 3125 531 3179 adeo
561 3122 703 3176 enim
731 3135 835 3175 non
878 3121 1033 3176 obest
1086 3119 1342 3185 servitus,
1383 3129 1441 3174 ut
1475 3121 1676 3190 potius,
1735 3119 1781 3174 si
1823 3129 1976 3189 potes

394 3214 532 3270 liber
561 3213 697 3278 ﬁeri,
727 3221 920 3267 utere:
959 3213 1062 3268 hoc
1084 3221 1192 3277 est,
1244 3211 1466 3278 servito,
1508 3220 1672 3282 atque
1721 3212 1774 3266 iu
1817 3226 1972 3268 usum

385 3316 438 3359 te
467 3301 738 3360 conftrto.

458 3396 617 3451 Vens.
638 3394 729 3448 22.
755 3411 775 3447 ι
804 3392 901 3460 Qui
924 3393 1066 3448 enim
1090 3392 1142 3447 in
1170 3391 1396 3448 Domino
1416 3402 1636 3449 vocatus
1656 3398 1738 3446 est
1762 3405 1974 3458 servus,

382 3490 616 3544 libertus
646 3504 729 3542 es:
762 3487 973 3543 Domini
1011 3505 1025 3539 :
1062 3487 1315 3543 similiter
1341 3489 1434 3557 qui
1466 3489 1598 3544 liber
1617 3499 1842 3542 vocatus
1868 3497 1971 3551 est,

388 3597 584 3638 servus
613 3590 694 3636 est
724 3581 950 3637 Christi.
995 3598 1014 3634 ι
1060 3579 1316 3635 Libertus
1345 3580 1562 3644 dicitur,
1588 3579 1679 3648 qui
1713 3581 1974 3636 servitute

385 3673 669 3728 liberatur.
696 3672 868 3743 lnquit
899 3673 1062 3742 igitur
1110 3688 1126 3727 :
1164 3670 1244 3725 Tu
1275 3670 1390 3741 qui,
1431 3685 1554 3724 cum
1609 3672 1662 3723 in
1715 3672 1974 3726 servitute

387 3778 656 3829 maneres,
717 3765 992 3820 credidisti
1031 3767 1082 3819 iu
1137 3763 1437 3824 Christum,
1475 3762 1700 3817 libertus
1748 3761 1973 3818 ell‘ectus

278 3870 291 3885 ·
381 3869 443 3910 es
475 3855 680 3910 Christi
718 3871 732 3908 :
791 3853 1211 3909 liberavitenim
1245 3853 1336 3908 hic
1398 3861 1450 3906 te
1495 3861 1605 3905 tum
1647 3866 1676 3906 a
1724 3862 1971 3922 peccato,

388 3959 499 4000 tum
535 3946 601 3999 ab
635 3946 736 3999 ista
787 3948 1046 3999 servitute
1076 3946 1366 4011 exteriore,
1399 3943 1612 3998 tametsi
1663 3959 1854 3999 servus
1873 3945 1967 3999 sis.

380 4037 518 4092 Cum
553 4053 697 4091 enim
735 4037 856 4103 quis
891 4039 962 4092 ab
988 4035 1273 4091 aﬂ‘eclibus
1293 4035 1576 4102 liberatur,
1611 4045 1664 4089 et
1692 4037 1854 4090 anitni
1890 4038 1971 4089 itt-

381 4128 657 4196 geuuitatc
718 4127 940 4196 potitur,
1007 4133 1228 4179 nonest
1278 4139 1489 4189 servus,
1549 4124 1650 4179 etsi
1698 4125 1967 4179 videatur.

383 4217 621 4284 Rursus,
653 4219 791 4273 alius
847 4216 1138 4287 quispiam,
1172 4215 1310 4269 liber
1329 4231 1449 4270 eum
1493 4225 1658 4280 esset,
1689 4216 1754 4270 ad
1809 4215 1968 4271 [idem

383 4322 629 4378 vocatus,
665 4311 866 4366 Christi
893 4324 1084 4363 servus
1107 4307 1358 4364 eﬂicitur.
1397 4307 1583 4376 Itaque
1614 4308 1659 4362 si
1686 4307 1966 4362 servitutis

386 4418 583 4456 nomen
652 4416 870 4456 servum
911 4387 1214 4464 [obturbat,
1260 4400 1522 4470 intelligat
1552 4415 1608 4454 se
1641 4401 1694 4454 iu
1751 4400 1968 4454 Christo

382 4495 669 4548 liberatum
709 4509 829 4549 esse
872 4512 885 4547 :
928 4493 1072 4562 quod
1103 4493 1262 4559 longe
1317 4499 1402 4546 est
1433 4494 1665 4546 humana
1720 4491 1968 4548 libertate

381 4590 752 4659 prtestautius.
818 4589 1010 4655 Porro,
1070 4587 1116 4643 si
1175 4586 1437 4642 libertatis
1490 4601 1680 4639 nomen
1734 4586 1963 4639 liberum

345 4667 358 4681 ’
379 4685 600 4747 attollit,
641 4681 900 4752 intelligat
934 4683 1074 4736 idem
1105 4694 1164 4736 se
1185 4679 1384 4735 Christi
1417 4692 1632 4733 servum
1700 4690 1842 4743 esse,
1909 4689 1964 4734 et

379 4775 794 4841 comprimatur,
826 4782 1010 4840 utpote
1037 4773 1128 4841 qui
1161 4771 1294 4826 tanti
1325 4769 1536 4824 Domini
1558 4768 1748 4839 jugum
1771 4769 1960 4822 subie-

382 4870 472 4934 rit,
509 4867 716 4936 ipsique
735 4867 945 4935 placere
962 4866 1223 4921 debuerit.
1247 4863 1438 4918 Viden’
1461 4877 1622 4931 quant
1665 4861 1959 4930 prudenter

379 4961 692 5030 Apostolus,
725 4974 846 5029 quae
882 4957 1414 5028 utramque;deceant
1440 4965 1671 5026 partem,
1716 4967 1958 5008 commo-

382 5051 618 5107 tteiaciut
642 5052 666 5106 ?

453 5145 616 5201 Vens.
633 5143 819 5211 εδει,
850 5161 869 5196 ι
895 5141 1076 5197 Pretio
1101 5143 1262 5210 empti
1281 5141 1434 5204 estis,
1457 5138 1642 5194 nolite
1669 5138 1784 5194 ﬁeri
1816 5137 1960 5192 servi

384 5239 681 5293 hominum.
721 5233 1106 5304 Unusquisque
1134 5232 1188 5286 in
1218 5245 1327 5301 quo
1359 5240 1580 5285 vocatus
1615 5238 1719 5294 est,
1741 5227 1961 5293 fratres,

385 5329 440 5382 in
471 5341 536 5383 eo
560 5337 876 5397 permaneat
903 5325 1040 5395 apud
1071 5322 1259 5378 Deum.
1300 5339 1318 5372 ι
1350 5319 1468 5375 Non
1507 5320 1678 5375 solum
1718 5318 1785 5373 ad
1833 5333 1952 5374 ser-

381 5434 478 5476 vos
504 5419 603 5474 hoc
620 5421 770 5483 dicit,
800 5418 893 5474 sed
927 5418 1089 5472 etiam
1115 5415 1181 5470 ad
1211 5414 1444 5469 liberos:
1477 5421 1531 5468 et
1555 5410 1837 5466 universos
1872 5411 1954 5464 iu-

381 5511 563 5568 stituit
598 5510 958 5575 Christianos,
999 5516 1056 5562 ut
1113 5504 1246 5561 nihil
1301 5502 1368 5559 ad
1397 5502 1672 5558 hominum
1723 5501 1952 5570 gratiam

2173 841 2190 873 ι
2233 823 2340 877 Καὶ
2364 823 2535 890 οὕτως
2568 827 2626 880 ἐν
2653 828 2855 891 πάσαις
2885 832 3007 894 ταῖς
3060 832 3408 904 Ἐκκλησίαις
3448 834 3673 890 διατάτ-

2091 928 2277 982 τομαι.
2318 933 2336 966 ι
2384 916 2554 971 Τοῦτο
2584 913 2758 984 εἶπεν,
2792 921 2877 973 ἵνα
2913 921 2992 992 τῷ
3022 921 3167 993 ἔχειν
3194 924 3288 975 καὶ
3320 924 3512 988 ἄλλους
3542 942 3675 979 κοι-

2089 1004 2310 1067 νωνοὺς,
2331 1005 2734 1080 προθυμότεροι
2762 1011 2886 1082 περὶ
2902 1012 3000 1082 τὴν
3017 1013 3264 1085 ὑπακοὴν
3281 1014 3574 1070 διατεθῶσι
3591 1018 3672 1072 ".

2165 1117 2184 1148 ι
2233 1099 2709 1170 Περιτετμημένος
2739 1122 2824 1168 τις
2850 1104 3093 1178 ἐκλήθης
3125 1107 3216 1177 Μὴ
3247 1108 3603 1164 ἐπισπάσθω.
3649 1129 3668 1162 ι

2087 1190 2246 1255 Εἰκὸς
2281 1187 2350 1262 ἦν
2398 1194 2627 1258 πολλοὺς
2665 1199 3092 1268 αἰσχυνομένους
3139 1205 3208 1272 τῇ
3247 1209 3540 1274 περιτομῇ,
3567 1205 3676 1257 διά

2085 1300 2231 1348 τινος
2279 1285 2544 1356 ἰατρείας,
2587 1288 2680 1342 ἐπὶ
2709 1290 2768 1343 τὸ
2797 1292 3028 1361 ἀρχαῖον
3069 1293 3368 1363 ἐπανάγειν
3395 1297 3456 1350 τὸ
3485 1299 3675 1367 ἐμπε-

2088 1375 2310 1449 ρίτομον
2340 1380 2549 1451 μόριον,
2583 1383 3008 1454 ἐπισπωμένους
3040 1385 3100 1439 τὸ
3131 1387 3329 1460 δέρμα.

2160 1555 2179 1589 ι
2211 1537 2302 1591 Ἐν
2325 1537 2662 1614 ἀκροϐυστίᾳ
2687 1560 2768 1605 τις
2795 1543 3036 1614 ἐκλήθη;
3063 1546 3138 1617 μὴ
3162 1548 3605 1618 περιτεμνέσθω.
3643 1568 3663 1601 ι

2084 1629 2254 1684 Πάλιν
2287 1633 2435 1696 τινὲς
2466 1633 2554 1686 διὰ
2583 1635 2644 1687 τὸ
2685 1634 2876 1688 δοκοῦν
2925 1635 3134 1701 ἔνδοξον
3180 1641 3279 1709 τῆς
3305 1642 3626 1712 περιτομῆς
3647 1683 3664 1708 ,

2085 1723 2226 1793 μετά
2273 1725 2332 1777 τὸ
2379 1727 2668 1780 πιστεῦσαι
2715 1731 3163 1801 περιετέμνοντο.
3209 1734 3376 1804 Φησὶν
3411 1730 3525 1804 οὖν,
3569 1735 3670 1790 ὃτι

2082 1815 2254 1871 ταῦτα
2283 1816 2436 1871 οὐδὲν
2465 1820 2548 1882 είς
2572 1819 2671 1891 τὴν
2698 1820 2884 1875 πίστιν
2919 1823 3184 1877 συντελεῖ.

2161 2017 2180 2050 ι
2234 1996 2298 2052 Ἦ
2343 1999 2616 2072 περιτομὴ
2649 2000 2802 2056 οὐδέν
2835 2002 2975 2068 ἐστι,
3011 2005 3106 2058 καὶ
3139 2006 3534 2080 ἠάκροὸυστία
3555 2010 3666 2064 οὐ-

2081 2089 2168 2146 δέν
2202 2091 2369 2158 ἐστιν,
2405 2093 2541 2148 ἀλλὰ
2588 2095 2820 2166 τήρησις
2858 2094 3090 2152 ἐντολῶν
3119 2099 3277 2153 Θεοῦ.
3309 2121 3338 2150 ι
3367 2103 3666 2174 Πανταχοῦ

2078 2185 2238 2236 τοῦτο
2272 2182 2553 2254 ζητεῖται,
2605 2187 2743 2256 μετά
2775 2190 2878 2256 τῆς
2920 2189 3218 2260 πίστεωςή
3275 2195 3510 2264 ἐργασία
3552 2197 3666 2269 τῆς

2081 2274 2282 2344 ἀρετῆς
2301 2274 2347 2305 ⁵⁸
2368 2291 2384 2306 ·
2419 2270 2588 2328 τᾶλλα
2615 2276 2694 2341 δὲ,
2726 2277 2759 2346 ἦ
2803 2271 2984 2349 ἦττον,
3019 2280 3052 2350 ἦ
3084 2280 3335 2344 οὺδόλως.

2157 2385 2174 2418 ι
2216 2367 2487 2431 ’Ἕκαστος
2533 2370 2590 2422 ἐν
2639 2373 2706 2442 τῇ
2769 2371 2980 2442 κλήσει,
3105 2373 3333 2446 ἐκλήθη,
3376 2377 3434 2429 ἐν
3477 2377 3663 2451 ταύτῃ

2082 2459 2290 2530 μενέτω
2311 2459 2374 2513 '9.
2408 2460 2603 2524 Δοῦλος
2651 2462 2921 2534 ἐκλήθης;
2954 2467 3029 2537 μή
3061 2483 3144 2519 σοι
3191 2467 3426 2538 μελέτω’
3455 2469 3571 2524 ἀλλ’
3611 2475 3663 2524 εί

2079 2554 2172 2607 καὶ
2192 2553 2417 2608 δύνασαι
2443 2555 2726 2626 ἐλεύθερος
2756 2559 3031 2626 γενέσθαι,
3057 2560 3257 2629 μᾶλλον
3285 2563 3502 2634 χρῆσαι.
3533 2584 3552 2616 ι
3580 2597 3659 2606 -

2084 2665 2103 2700 ι
2127 2647 2215 2700 Ἑν
2239 2649 2305 2719 τῇ
2327 2648 2537 2718 κλήσει,
2617 2650 2872 2722 ἐκλήθη,›
2903 2655 3204 2720 τουτέστιν,
3235 2657 3291 2709 ὲν
3305 2657 3400 2726 οἴῳ
3416 2658 3537 2730 βίῳ,
3558 2663 3662 2716 καὶ

2077 2739 2136 2792 ἐν
2167 2740 2265 2812 οἴῳ
2290 2741 2536 2812 τάγματι
2584 2743 2679 2796 καὶ
2707 2745 3069 2816 πολιτεύματι
3106 2746 3183 2801 ῶν
3213 2750 3557 2818 ἐπίστευσεν,
3594 2754 3661 2806 ἐν

2076 2827 2251 2899 τούτῳ
2281 2831 2506 2899 μενέτω.
2533 2833 2740 2901 Κλῆσιν
2769 2833 2877 2905 γὰρ
2900 2836 2999 2906 τὴν
3029 2837 3109 2899 είς
3138 2837 3236 2909 τὴν
3258 2841 3443 2894 πίστιν
3470 2860 3651 2913 προσ-

2075 2920 2300 2990 αγωγὴν
2352 2938 2506 2990 φησι.
2558 2923 2755 2987 Δοῦλος
2799 2925 2876 2978 ῶν
2933 2927 3298 2996 ἐπίστευσαςς
3361 2934 3437 3004 μὴ
3473 2936 3647 3007 φρόν-

2074 3010 2188 3075 τιζε
2209 3052 2226 3078 ,
2260 3014 2394 3085 μηδὲ
2423 3014 2680 3086 θορυϐοῦ.
2714 3018 2984 3073 Τοσοῦτον
3016 3021 3125 3093 γὰρ
3169 3024 3230 3076 ού
3265 3024 3492 3095 βλάπτει
3525 3045 3582 3081 σε
3618 3032 3653 3101 ἡ

2017 3122 2026 3128 ·
2074 3102 2310 3170 δουλεία,
2335 3104 2477 3159 ὥστε
2523 3108 2746 3178 μᾶλλον,
2795 3111 2890 3163 καὶ
2930 3114 2980 3164 εί
3019 3112 3242 3168 δύνασαι
3277 3117 3654 3192 ἐλευθερωθῆ-

2076 3212 2186 3259 ναι,
2219 3198 2450 3270 χρῆσαι’
2491 3199 2758 3267 τουτέστι,
2793 3202 3021 3259 Δούλευε
3043 3246 3058 3272 ,
3089 3207 3169 3272 είς
3199 3211 3394 3281 χρῆσιν
3424 3215 3653 3268 σεαυτὸν

1993 3291 2039 3355 c
2071 3286 2245 3353 ἐκδος.

2154 3400 2175 3434 ι
2226 3382 2283 3437 '0
2322 3385 2431 3458 γὰρ
2455 3388 2511 3440 ἐν
2545 3388 2735 3460 Κυρίῳ
2766 3389 2990 3462 κληθεὶς
3033 3393 3238 3461 δοῦλος,
3280 3398 3652 3470 ἀπελεύθερος

2078 3473 2286 3544 Κυρίου
2317 3476 2464 3531 ἐστίν
2485 3494 2497 3506 '
2526 3479 2729 3548 ὁμοίως
2751 3482 2846 3536 καὶ
2874 3483 2902 3535 ὀ
2929 3483 3212 3557 ἐλεύθερος
3238 3488 3490 3559 κληθεὶς,
3525 3491 3648 3546 δοῦ-

2076 3563 2165 3628 λος
2197 3567 2440 3636 Χριστοῦ
2483 3572 2648 3624 ἐστιν.
2690 3589 2710 3622 ι
2755 3571 3145 3646 ’Δπελεύθερος
3187 3577 3428 3646 λέγεται,
3463 3583 3492 3634 ὁ
3537 3583 3644 3635 ἀπο

2074 3657 2318 3722 δουλείας
2350 3659 2754 3733 ἐλευθερωθείς.
2787 3666 2955 3735 Φησὶν
2982 3665 3096 3728 οὖν.
3127 3669 3210 3723 ὅτι
3239 3671 3312 3725 Σὺ
3356 3671 3386 3725 ὁ
3416 3673 3476 3728 ὲν
3524 3675 3644 3728 δου-

2073 3753 2193 3825 λείᾳ
2229 3756 2544 3824 πιστεύσας,
2573 3761 2936 3833 ἀπελεύθερος
2982 3757 3034 3816 εἴ
3062 3763 3156 3818 τοῦ
3187 3766 3427 3836 Χριστοῦ
3448 3784 3463 3798 ·
3489 3771 3646 3840 ἠλευ-

2075 3844 2282 3915 θέρωσε
2323 3847 2430 3919 γάρ
2463 3865 2523 3902 σε
2550 3851 2646 3903 καὶ
2679 3852 2787 3904 ἀπὸ
2815 3853 2917 3923 τῆς
2945 3855 3240 3926 ἁμαρτίας,
3283 3862 3380 3913 καὶ
3411 3861 3522 3914 ἀπὸ
3549 3863 3645 3932 τῆς

2073 3935 2274 4000 ἔξωθεν
2302 3938 2362 3991 δὲ
2410 3940 2614 4012 ταύτης
2648 3943 2915 4012 δουλείας,
2946 3947 2995 4000 εί
3025 3948 3121 4002 καὶ
3153 3947 3338 4014 δοῦλος
3367 3947 3436 4005 εἷ.
3474 3953 3644 4007 Ὅταν

2073 4029 2182 4098 γάρ
2215 4047 2297 4094 τις
2329 4031 2517 4086 παθῶν
2543 4035 2921 4104 ἀπήλλακται,
2948 4040 3044 4092 καὶ
3075 4041 3272 4112 εὐγενῆ
3312 4042 3411 4113 ἔχῃ
3443 4044 3640 4116 ψυχὴν,

2071 4119 2172 4173 οὐκ
2201 4119 2318 4173 ἐστι
2347 4121 2558 4190 δοῦλος,
2590 4125 2698 4180 κᾶν
2747 4127 2900 4200 δοκῇ.
2944 4129 3133 4196 Πάλιν,
3175 4131 3334 4196 ἄλλος
3363 4134 3642 4207 ἐλεύθερος

2071 4211 2166 4280 ἂν,
2199 4215 2406 4286 ἐκλήθη
2456 4218 2536 4280 είς
2566 4219 2666 4289 τὴν
2719 4222 2924 4284 πίστιν,
2969 4222 3154 4287 δοῦλος
3186 4225 3423 4296 Χριστοῦ
3473 4229 3635 4282 ἐστιν.

2072 4305 2236 4357 Ὥστε
2269 4308 2318 4359 εἰ
2354 4306 2414 4361 τὸ
2446 4307 2617 4379 ὄνομα
2652 4310 2749 4378 τῆς
2783 4310 3026 4378 δουλείας
3057 4314 3280 4385 θορυϐεῖ
3307 4315 3397 4369 τὸν
3434 4317 3640 4382 δοῦλον,

2069 4397 2324 4452 ἐννοείτω
2344 4401 2426 4454 ὅτι
2449 4402 2505 4453 ἐν
2524 4401 2746 4473 Χριστῷ
2773 4403 3142 4476 ἡλευθὲρωται
3163 4423 3176 4437 '
3204 4407 3231 4460 ὃ
3259 4407 3438 4479 πολλῷ
3457 4409 3639 4478 μεῖζόν

2069 4491 2184 4542 ἐστι
2214 4490 2311 4561 τῆς
2352 4493 2704 4564 ἀνθρωπίνης
2753 4495 3092 4567 ἐλευθερίας.
3137 4497 3302 4563 Αὖθις
3346 4500 3441 4564 δὲ,
3484 4501 3531 4554 εί
3573 4504 3638 4555 τὸ

2069 4580 2241 4650 δνομα
2279 4581 2378 4650 τῆς
2415 4581 2728 4654 ἐλευθερίας
2779 4585 2998 4655 ἐπαίρει
3046 4587 3136 4640 τὸν
3187 4587 3496 4660 ἐλεύθερον,
3547 4592 3632 4644 ἐν-

2071 4672 2283 4735 νοείτω,
2319 4673 2402 4727 ὄτι
2447 4674 2633 4740 δοῦλός
2664 4678 2781 4730 ἐστι
2820 4679 3083 4748 Χριστοῦ,
3117 4680 3211 4732 καὶ
3245 4681 3629 4747 συστελλέσθω,

2071 4766 2145 4826 ῶς
2179 4766 2281 4818 ὑπὸ
2317 4767 2594 4839 Δεσπότην
2616 4771 2933 4841 τηλικοῦτον
2963 4771 3060 4839 ὣν,
3088 4772 3183 4828 καὶ
3213 4774 3363 4845 αὐτῷ
3388 4776 3631 4845 ἀρέσκειν

2067 4858 2317 4928 ὀφεῦων.
2357 4860 2523 4933 Ὀρᾷς
2550 4863 2762 4932 σοφίαν,
2790 4853 2912 4929 πῶς
2943 4865 3278 4936 ἀμφοτέροις
3305 4870 3422 4932 τοῖς
3449 4869 3629 4941 μέρεσι

2067 4951 2134 5005 τὰ
2174 4952 2524 5023 προσήκοντα
2563 4958 2847 5025 παραινεῖς

2136 5144 2154 5176 ι
2191 5125 2372 5196 Τιμῆς
2413 5125 2780 5198 ἠγοράσθητε,
2839 5129 2916 5202 μὴ
2949 5129 3171 5199 γίνεσθε
3206 5131 3384 5186 δοῦλοι
3429 5132 3628 5206 ἀνθρὼο

2062 5235 2200 5272 πων.
2235 5219 2506 5283 Ἕκαστος
2529 5221 2586 5273 ἐν
2621 5215 2665 5290 ᾧ
2693 5221 2931 5294 ἐκλήθη,
2967 5224 3207 5294 ἀδελφοὶ,
3237 5227 3296 5278 ἐν
3322 5225 3498 5298 τούτῳ
3540 5244 3626 5297 μευ

2063 5310 2200 5363 νέτω
2232 5311 2383 5380 παρὰ
2421 5310 2562 5382 Θεῷ.
2615 5330 2634 5365 ι
2689 5314 2763 5367 Οὐ
2804 5315 2942 5385 πρὸς
2974 5317 3192 5379 οἰκέτας
3235 5317 3434 5386 μόνους
3480 5317 3622 5370 τοῦτό

2063 5420 2250 5473 φησιν,
2270 5403 2403 5456 ἀλλὰ
2426 5404 2672 5472 καὶπρὸς
2697 5405 3036 5477 ἐλευθέρους,
3062 5407 3346 5478 παραινῶν
3367 5409 3496 5462 πᾶσι
3523 5407 3621 5468 τοῖς

2061 5499 2429 5568 Χριστιανοῖς,
2453 5498 2499 5530 ⁸ο
2543 5496 2618 5569 μὴ
2639 5497 2776 5570 πρὸς
2807 5499 3100 5570 ἀρέσκειαν
3135 5499 3438 5572 ἀνθρώπων
3460 5501 3617 5555 ποιεῖν

1676 5593 1880 5655 Variae
1913 5593 2242 5656 lectiones.

454 5707 499 5738 ’τ
533 5706 798 5768 γένωνται
838 5725 891 5763 o.
969 5706 1016 5738 ⁸⁸
1044 5706 1150 5760 τῶν
1175 5703 1403 5759 ἐντολῶν
1435 5718 1488 5758 o.
1571 5700 1617 5734 ’ν
1668 5702 1726 5754 ἐν
1769 5696 1802 5774 ᾖ
1844 5698 2046 5770 ἐτάχθη
2093 5697 2326 5768 μενέτω.
2389 5697 2563 5753 Ἀλλ.
2607 5699 2664 5752 ἐν
2714 5696 2899 5770 ἐκείνῃ
2951 5696 3162 5770 μενέτω
3216 5712 3274 5756 ο.
3374 5697 3419 5732 ⁸⁸
3460 5696 3611 5754 πᾶσιν

380 5777 686 5848 ἀνθρώποις
717 5794 767 5832 ο.

2071 5891 2112 5908 Α
