3874 6602
207 358 300 423 649

860 352 863 357 ’
932 340 1343 407 EXPOSITIO
1381 337 1461 397 ΙΝ
1494 337 1739 401 EPiST.
1781 336 1808 395 Ι
1850 337 1951 397 AD
1984 335 2159 400 COR.
2185 360 2255 369 --
2285 335 2443 397 CAP.
2482 334 2619 399 VII.

3327 336 3437 404 (E50

196 493 269 533 τι.
307 466 436 539 μηδὲ
484 464 732 527 ὑπείκειν
783 462 969 523 αὐτοῖς
1018 455 1317 527 παράνομα
1367 452 1745 509 ἐπιτάττουσι.

1887 449 2127 513 ιειίιεηι,
2166 463 2340 518 neque
2371 448 2584 502 illorum
2601 446 2752 516 iussa
2782 449 2872 518 qui
2898 462 3062 518 prava
3082 448 3441 518 injunxerint.

195 562 346 618 Τοῦτο
374 558 478 630 γάρ
522 560 640 611 ἐστι
683 551 961 609 δουλεύειν
1008 546 1355 618 ἀνθρώποις·
1411 544 1506 605 καὶ
1547 543 1750 607 ταῦτα,

194 656 285 710 ὑπὸ
312 651 437 711 Θεοῦ
466 645 899 719 ἁγορασθέντας.
938 642 1014 696 Οὐ
1044 644 1153 711 γὰρ
1192 639 1260 710 δὴ
1282 637 1442 692 τοῦτο
1470 638 1752 705 παραινεῖ,

189 748 242 803 τὸ
262 743 583 815 ἀφίστασθαι
624 741 734 796 ἀπὸ
781 740 893 794 τῶν
922 734 1201 790 δεσποτῶν
1227 751 1240 763 ·
1273 732 1493 799 ἄπαγεῑ
1533 731 1616 784 ὅτι
1646 729 1755 799 γὰρ

188 842 240 893 οὐ
262 835 411 890 τοῦτο
439 834 611 902 λέγει,
640 831 799 902 δῆλον
828 830 886 895 ἐξ
912 823 986 880 ὧν
1016 827 1215 891 ἐπάγει
1243 840 1257 853 ’
1314 841 1333 875 ι
1375 822 1649 882 Ἕκαστος
1697 823 1756 872 ἐν

184 929 226 1004 ᾧ
252 930 471 1001 ἐκλήθη,
503 946 522 979 0
562 927 656 980 καὶ
690 926 759 979 τὰ
791 921 919 991 ἑξῆς
943 936 956 950 ’
989 920 1261 979 τουτέστι,
1289 914 1393 970 κᾶν
1426 915 1484 969 ἐν
1517 910 1756 981 δουλεία,

186 1029 239 1081 ὲν
270 1022 438 1093 ταύτῃ
476 1019 722 1090 μενέτην
757 1015 818 1068 τὸ
854 1015 933 1079 δὲ,
978 1033 995 1064 ι
1038 1012 1198 1082 Παρᾷ
1231 1007 1374 1077 Θεῷ,
1417 1026 1436 1060 0
1488 1004 1759 1076 προσέθη-

189 1135 288 1182 κεν,
324 1114 411 1169 ἵνα
453 1114 529 1184 μὴ
586 1110 751 1164 πάλιν
778 1106 876 1164 τοῦ
930 1104 1069 1159 Θεοῦ
1118 1099 1504 1173 ἀφιστώμεθα,
1545 1096 1636 1151 διὰ
1660 1095 1759 1165 τὴν

187 1209 309 1278 πρὸς
334 1204 462 1267 τοὺς
490 1201 847 1269 παρανόμους
888 1195 1158 1258 δεσπότας
1195 1190 1500 1259 ὑποταγὴν.
1548 1189 1758 1258 Ἀμφο-

186 1301 344 1371 τέρων
386 1298 497 1368 γὰρ
549 1295 904 1365 προνοεῖται,
939 1286 1035 1343 τοῦ
1090 1291 1227 1357 μήτε
1266 1285 1376 1338 τῶν
1432 1278 1761 1354 σωματικῶν

184 1392 446 1449 δεσποτῶν
470 1388 810 1459 ἀφίστασθαι
847 1384 1124 1454 προφάσει
1147 1380 1242 1435 τοῦ
1268 1378 1403 1437 θεοῦ
1426 1396 1440 1411 ·
1480 1378 1620 1448 μήτε
1654 1374 1760 1433 πάι

185 1485 256 1537 λιν
290 1482 388 1535 τοῦ
433 1479 570 1535 Θεοῦ
602 1476 961 1541 ἀποστατεῖν,
998 1472 1329 1533 ὑπείκοντας
1372 1469 1513 1540 ὑπὲρ
1545 1469 1603 1521 τὸ
1644 1466 1763 1519 δέον

183 1580 279 1638 τοῖς
307 1576 630 1637 δεσπόταις.

250 1689 267 1720 ι
314 1669 459 1738 Περὶ
491 1667 549 1720 δὲ
596 1665 707 1728 τῶν
744 1662 1030 1734 παρθένων
1086 1657 1356 1727 ἐπιταγὴν
1403 1654 1611 1726 Κυρίου
1664 1654 1767 1706 οῦκ

185 1763 311 1831 ἔχω’
346 1758 576 1828 γνώμην
612 1758 669 1811 δὲ
705 1755 935 1823 δίδωμι,
966 1754 1042 1816 ὡς
1071 1750 1375 1821 ἠλεημένος
1408 1748 1513 1798 ὑπὸ
1554 1743 1763 1814 Κυρίου

186 1854 364 1915 πιστὸς
394 1847 556 1903 εἶναι.
592 1868 611 1900 0
654 1846 877 1917 Ἐπειδὴ
899 1848 1011 1907 τοίς
1043 1842 1174 1911 περ)⁸
1199 1836 1557 1910 σωφροσύνης
1581 1836 1759 1903 λόγοις

182 1945 551 2016 ἐνεγύμνασεν
594 1942 766 2012 ἡμᾶς,
817 1939 911 1992 ἐπὶ
957 1937 1018 1990 τὸ
1065 1933 1253 2004 μεῖζον
1305 1930 1618 2003 ἀνατρέχει,
1662 1928 1762 1998 τὴν

186 2036 622 2112 παρθενίαν,καί
653 2051 844 2105 φησιν,
876 2033 959 2086 ὅτι
987 2032 1043 2083 ’0
1070 2028 1275 2100 Κύριος
1306 2026 1405 2097 μὲν
1435 2025 1537 2078 οῦκ
1571 2026 1765 2092 ἐνομο-

186 2134 432 2201 θέτησεν,
471 2130 593 2183 οῦδὲ
610 2125 847 2195 ἐπέταξὲ
880 2142 933 2177 τι
977 2124 1110 2192 περὶ
1140 2123 1346 2190 ταύτης
1368 2134 1383 2148 ⁸
1418 2116 1534 2171 ἀλλ’
1570 2111 1725 2169 εἶπεν
1747 2131 1785 2163 ·.

191 2243 207 2277 ι
248 2225 301 2277 '0
351 2224 653 2293 δυνάμενος
706 2220 930 2290 χωρεῖν,
979 2216 1248 2286 χωρείτω.
1305 2231 1322 2263 0
1384 2208 1597 2263 Οὐκοῦν
1643 2205 1767 2260 οῦδὲ

186 2318 283 2387 ἐγὼ
313 2314 509 2386 τολμῶ
551 2312 807 2377 ἐπιτάξαι
832 2328 845 2341 ·
878 2311 1023 2380 μέγα
1056 2310 1163 2375 γὰρ
1207 2305 1302 2363 καὶ
1336 2302 1678 2357 ἐπικίνδυνον
1709 2298 1768 2355 τὸ

186 2413 447 2482 πρᾶγμαο
483 2408 624 2477 πλὴν
653 2405 791 2461 ἀλλὰ
815 2405 1043 2473 γνώμην
1071 2401 1292 2468 δίδωμι,
1321 2398 1593 2461 τουτέστι,
1625 2412 1768 2463 συμ-

184 2506 403 2575 ϐουλὴν,
440 2502 577 2557 καθὸ
616 2501 713 2555 καὶ
760 2498 927 2561 αὐτὸς
975 2495 1216 2566 ἠξιώθην
1247 2494 1337 2547 διὰ
1368 2492 1430 2545 τὸ
1483 2490 1632 2552 ἔλεος
1672 2487 1768 2541 τοῦ

187 2600 312 2653 θεοῦ
354 2598 546 2658 πιστίις
578 2590 740 2656 εἶναι,
769 2592 1074 2655 τουτέστιν,
1123 2590 1320 2652 οἰκεῖος
1339 2587 1406 2618 ⁶⁰⁴
1439 2583 1631 2649 αὑτοῦ,
1671 2582 1797 2637 καί

188 2692 430 2764 μυστικὰ
459 2690 608 2757 ἄξιος
642 2684 1021 2740 πιστεύεσθαι.

255 2980 277 3015 ι
317 2958 545 3030 Νομίζω
569 2951 662 3012 οῦν
686 2954 845 3009 τοῦτο
878 2951 1043 3007 καλὸν
1087 2950 1356 3025 ὑπάρχειν
1398 2949 1487 3003 διὰ
1542 2946 1639 3017 τὴν
1689 2948 1777 2999 ὲν-

188 3056 431 3109 εστῶσαν
478 3053 749 3123 ἀνάγκην,
777 3052 860 3105 ὅτι
886 3049 1051 3103 καλὸν
1082 3047 1356 3117 ἀνθρώπῳ
1393 3046 1454 3099 τὺ
1489 3044 1665 3106 οὕτως
1698 3038 1776 3095 εἷ-

1794 1810 1840 1871 Β

1857 552 2249 610 exsequantur.
2282 541 2398 597 Hoc
2445 542 2588 596 enim
2619 550 2706 597 est
2762 541 3073 597 hominibus
3097 541 3326 611 servire,
3348 560 3445 602 eos

1859 632 2162 700 praisertim
2195 634 2285 702 qui
2322 649 2349 686 ιι
2387 633 2496 691 Deo
2533 633 2798 702 redempti
2832 634 2960 689 sint.
2988 634 3174 705 Neque
3200 636 3446 707 proiecto

1859 727 2124 790 hortatur,
2156 736 2211 779 nt
2236 740 2266 779 ιι
2290 726 2522 781 dominis
2550 728 2856 781 desciscant
2881 744 2896 794 ;
2928 728 3072 784 absit
3098 729 3110 783 !
3136 726 3271 783 Nam
3293 729 3447 786 illum

1860 836 1964 873 non
1987 821 2056 874 ita
2076 820 2259 873 dicere
2278 818 2482 888 liquido
2500 832 2647 888 patet
2667 836 2730 873 ex
2746 838 2810 875 eo
2832 822 2974 890 quod
3001 822 3188 877 addit:
3221 841 3240 873 ‹
3264 822 3450 880 Unus-

1859 913 2088 983 quisque
2129 913 2310 982 inquo
2337 923 2560 968 vocatus
2591 922 2694 977 est,
2723 932 2741 965 0
2789 926 2922 981 ete.,
2952 916 3053 970 hoc
3075 925 3181 981 est,
3212 917 3258 971 si
3286 914 3451 972 fuerit

1863 1009 1914 1059 in
1948 1007 2208 1060 servitute
2242 1016 2488 1072 vocatus,
2523 1006 2576 1060 in
2600 1021 2661 1059 ea
2688 1018 2916 1077 perstet.
2949 1028 2968 1060 ‹
3007 1010 3161 1079 Apud
3191 1010 3382 1080 Deum,
3425 1032 3443 1064 0

1862 1111 2042 1154 autem
2070 1101 2287 1168 adjrcit,
2317 1118 2384 1155 ne
2409 1099 2551 1156 [orte
2586 1101 2847 1171 improbis
2876 1104 3112 1159 dominis
3147 1106 3454 1177 obsequen-

1862 1194 1951 1257 do,
1979 1193 2297 1253 deﬁciamus
2319 1214 2346 1247 ιι
2380 1196 2509 1249 Deo.
2549 1193 2805 1266 Utrisqlte
2827 1198 2970 1250 ettitn
3003 1199 3268 1265 providet,
3305 1201 3457 1256 vide-

1862 1280 2106 1339 licet‘ne
2163 1285 2265 1340 sub
2314 1284 2409 1340 Dei
2466 1295 2725 1356 prwtextn
2762 1288 2919 1360 162
2953 1290 3237 1345 discedant
3273 1308 3302 1345 a
3366 1292 3457 1347 do-

1866 1378 2047 1443 minis,
2079 1394 2309 1447 quorum
2360 1380 2413 1433 in
2456 1391 2722 1448 potestate
2767 1397 2955 1436 eorum
3023 1394 3149 1437 sunt
3178 1400 3454 1454 corpora:

1863 1481 1918 1525 et
1947 1486 2162 1525 rursum
2192 1487 2258 1526 ne
2288 1489 2315 1525 ιι
2348 1471 2460 1527 Deo
2494 1472 2776 1540 deﬁciant,
2830 1475 3065 1531 dominis
3098 1493 3258 1547 supra
3291 1494 3457 1549 quam

1866 1578 1962 1633 par
1988 1573 2071 1617 est
2100 1562 2474 1634 obsequendo.

1938 1656 2103 1712 Vens.
2140 1658 2232 1712 25.
2271 1679 2289 1711 ι
2326 1659 2403 1715 De
2442 1660 2741 1730 virginibus
2764 1673 2942 1715 autent
2978 1674 3305 1733 przeceptum
3338 1664 3417 1719 Do
3443 1695 3461 1707 ο

1870 1749 2003 1804 mini
2059 1767 2164 1805 non
2222 1752 2419 1818 habeo,
2455 1753 2744 1808 consilium
2810 1763 2988 1809 autem
3052 1756 3142 1822 do,
3200 1767 3458 1827 tanquam
3517 1737 3519 1739 ί

1875 1841 2307 1897 misericordiam
2331 1855 2654 1899 consecutus
2676 1862 2703 1898 a
2728 1844 2982 1909 Domino,
3006 1855 3061 1900 nt
3081 1848 3181 1902 sint
3208 1846 3402 1904 ﬁdelis.
3432 1867 3455 1900 ι

1875 1934 2164 2004 Postquam
2189 1952 2286 1992 nos
2312 1936 2366 1991 in
2403 1938 2750 1993 sermonibus
2773 1937 2842 1993 de
2901 1940 3237 1994 continentia
3300 1956 3466 1997 exer-

1871 2030 2096 2093 cuisset,
2135 2030 2199 2083 ad
2229 2030 2280 2083 id
2302 2030 2445 2100 quod
2479 2034 2652 2101 majus
2679 2043 2783 2097 est,
2816 2032 3185 2102 virginitatem
3229 2033 3461 2101 scilicet,

1872 2122 2156 2188 ascendit;
2192 2123 2375 2193 aitque
2399 2124 2603 2177 nullam
2639 2123 2926 2179 Dominum
2954 2124 3144 2181 tulisse
3173 2126 3239 2180 de
3291 2127 3461 2197 virgi-

1873 2214 2045 2268 nitate
2067 2212 2261 2284 legem,
2294 2229 2469 2284 neque
2488 2216 2553 2269 de
2594 2216 2695 2270 bac
2717 2218 3009 2286 quidquam
3064 2219 3340 2285 statuisse,
3367 2220 3464 2274 sed

1875 2324 2039 2363 untnn
2073 2310 2198 2365 illud
2231 2309 2474 2366 dixisse:
2503 2328 2521 2362 ‹
2553 2310 2652 2376 Qui
2679 2319 3089 2378 potestcapere,
3124 2312 3301 2380 capiat
3323 2316 3458 2366 1",.»

1874 2401 2142 2468 Quocirca
2172 2417 2345 2472 neque
2380 2418 2497 2473 Ipse
2548 2404 2722 2458 ausim
2788 2403 3082 2471 quidquam
3135 2404 3204 2458 de
3255 2403 3342 2457 illa
3405 2419 3466 2458 re

1877 2504 2119 2549 statuere
2146 2513 2159 2549 :
2198 2511 2452 2562 magnum
2484 2496 2627 2551 enim
2661 2497 2764 2551 hoc
2787 2506 2841 2550 et
2864 2498 3227 2565 periculosum
3256 2514 3271 2551 :
3306 2507 3468 2555 cane-

1878 2604 1996 2640 rum
2029 2588 2096 2641 do
2146 2587 2493 2652 sententiam,
2553 2590 2653 2642 boc
2702 2589 3142 2654 est,consilium,
3197 2599 3467 2659 quatenus

1879 2681 1992 2748 ipse
2010 2695 2103 2749 per
2122 2680 2551 2735 inisericmdiant
2573 2680 2666 2736 Dei
2686 2697 2792 2735 non
2814 2681 3067 2753 indignus
3090 2698 3207 2736 sum
3230 2684 3464 2743 habitus.

1879 2789 1940 2830 ut
1962 2776 2063 2831 sim
2093 2777 2283 2842 ﬁdelis,
2311 2776 2413 2831 hoc
2446 2790 2550 2843 est,
2581 2776 2867 2832 familiaris
2890 2776 3031 2848 ejus,
3053 2788 3107 2833 et
3132 2778 3326 2848 dignus
3381 2779 3468 2832 cui

1881 2872 2136 2942 mysteria
2169 2872 2586 2927 concredantur.

1956 2966 2124 3022 Vens.
2147 2967 2240 3022 26.
2284 2986 2301 3019 ι
2343 2967 2613 3022 Existimo
2636 2980 2765 3036 ergo
2797 2964 2902 3021 boc
2940 2965 3135 3020 bonum
3170 2979 3292 3019 esse
3346 2980 3475 3035 pro-

1883 3068 2002 3129 pter
2039 3062 2332 3115 instantem
2369 3059 2781 3120 necessitatem,
2831 3058 3089 3126 quoniam
3138 3055 3340 3110 b0nttttt
3389 3066 3476 3109 est

191 3166 297 3203 ναι.
347 3166 365 3201 0
404 3147 571 3201 Ὅσον
598 3146 715 3198 κατ’
751 3144 892 3214 ἐμὴν
928 3141 1178 3212 γνώμην,
1224 3143 1382 3209 φησι,
1410 3136 1702 3191 κάλλιστόν
1728 3137 1771 3167 ⁸⁸

1887 3151 2089 3207 bomini
2113 3151 2192 3206 sic
2221 3165 2363 3205 esse.
2401 3168 2420 3200 0
2452 3148 2567 3201 Mea
2628 3147 2869 3217 quidem,
2929 3144 3126 3214 inquit,
3178 3143 3474 3208 sententia,

190 3244 337 3294 ἐστιν
366 3238 642 3310 ἀνθρώπῳ
672 3233 855 3307 γάμου
890 3233 1222 3303 ἀπέχεσθαι,
1251 3232 1341 3285 διὰ
1385 3230 1484 3295 τὰς
1531 3233 1588 3283 ἐν
1627 3228 1777 3299 αὐτῷ

190 3334 501 3397 δυσκολίας,
532 3335 629 3386 καὶ
667 3331 737 3384 τὰ
777 3328 872 3383 τοῦ
901 3329 1079 3399 γάμου
1107 3325 1347 3398 empti,
1390 3326 1452 3377 ού
1509 3325 1607 3396 τὴν
1641 3325 1781 3377 ἀκα-

195 3426 449 3499 θαρσίαν.

267 3540 287 3574 ι
324 3522 549 3574 Δέδεσαι
578 3517 837 3589 γυναικί;
875 3516 972 3587 Μὴ
1000 3515 1154 3586 ζήτει
1190 3512 1368 3569 λύσιν.
1401 3513 1640 3566 Λέλυσαι
1671 3509 1782 3564 ἀπὸ

198 3614 488 3682 γυναικὸςς
524 3612 618 3681 Μὴ
660 3612 815 3680 ζήτει
852 3611 1111 3679 γυναῖκα.
1158 3607 1286 3675 Ἐὰν
1333 3605 1391 3658 δὲ
1430 3606 1523 3660 καὶ
1571 3608 1780 3677 γήμῃς,

198 3707 293 3778 οὐχ
326 3706 598 3776 ἥμαρτες.
632 3723 653 3756 0
700 3705 788 3756 Ἐν
819 3702 899 3770 τῷ
930 3694 1185 3767 είπείν,¹ι
1227 3699 1488 3764 Δέδεσαι;
1529 3716 1548 3749 0
1582 3696 1783 3760 ἔδειξεν

200 3799 278 3852 ὅτι
307 3800 553 3865 κάκωσιν
578 3797 834 3867 ἐπιφέρει
860 3797 889 3848 ὁ
919 3795 1125 3865 γάμος,
1149 3792 1225 3856 ὡς
1252 3793 1473 3863 δεσμός.
1501 3791 1673 3845 Λύσιν
1701 3790 1782 3854 δὲ,

200 3893 261 3947 ού
287 3893 384 3963 τὴν
413 3894 478 3945 ὲκ
505 3892 825 3961 συμφωνίας
854 3889 1065 3959 ἁποχήν
1093 3903 1281 3956 φησιν,
1309 3886 1445 3949 ἀλλᾲ
1471 3884 1570 3955 τὴν
1603 3883 1786 3953 παρά-

202 3986 354 4056 λογον
383 3983 659 4051 διάζευξιν
679 3999 694 4013 ⁸
735 3984 809 4047 ὼς
838 3982 935 4037 ὲάν
962 3998 1025 4050 γε
1057 3981 1200 4035 κατὰ
1225 3978 1552 4051 συμφωνίαν
1578 3981 1789 4049 ἐγκρα-

204 4081 460 4148 τεύοιντο,
512 4080 672 4134 τοῦτο
723 4081 824 4133 οὐκ
873 4078 990 4131 ἔστι
1036 4077 1210 4139 λύσις.
1269 4073 1487 4145 Ἐπειδὴ
1536 4074 1595 4127 δὲ
1641 4071 1785 4136 εἷπε,

210 4198 232 4231 ι
266 4181 352 4252 Μὴ
375 4180 531 4248 ζήτει
561 4179 826 4246 γυναῖκα,
862 4195 879 4226 0
916 4175 1006 4230 ἵνα
1041 4175 1117 4244 μὴ
1146 4172 1275 4244 δόξῃ
1306 4173 1388 4225 ὅτι
1425 4171 1673 4241 ἀγαμίαν
1702 4187 1789 4224 νο-

208 4273 444 4343 μοθετεῖ,
472 4273 675 4340 ἐπάγει
698 4288 712 4304 ο
758 4289 777 4322 ι
825 4269 952 4323 Ἐὰν
979 4268 1034 4322 δὲ
1068 4269 1277 4338 γήμῃς,
1319 4266 1423 4334 οὐχ
1443 4265 1721 4335 ἥμαρτες.
1764 4280 1783 4313 0

212 4368 348 4437 Ὅρα
366 4367 442 4431 δὲ,
469 4364 915 4434 πῶς-λεληθότως
937 4363 1018 4425 εἰς
1039 4361 1138 4432 τὴν
1159 4359 1461 4431 παρθενίαν
1480 4358 1698 4412 εἰσωθεί
1721 4357 1788 4423 ⁸⁸,

210 4461 298 4513 τὸν
336 4460 433 4532 μὲν
483 4460 662 4528 γάμον
709 4457 909 4528 δεσμὸν
957 4454 1168 4524 λέγων·
1216 4454 1317 4526 τὴν
1355 4452 1412 4505 δὲ
1456 4453 1788 4522 παρθενίαν,

212 4554 359 4608 λύσιν
390 4556 484 4608 καὶ
512 4553 699 4611 ὲλευθε
706 4552 852 4621 ρίαν.

289 4754 307 4785 ι
345 4734 452 4788 Καὶ
478 4731 575 4786 ἐὰν
601 4733 756 4802 γήμῃ
790 4732 823 4801 ἡ
858 4727 1149 4799 παρθένος,
1182 4727 1282 4797 οὐχ
1313 4727 1550 4797 ἥμαρτε.
1585 4744 1606 4778 0
1640 4727 1789 4794 Παρ-

216 4826 362 4880 θένον
409 4823 649 4879 ἐνταῦθα
686 4837 877 4893 φησιν,
912 4822 972 4874 ού
1023 4820 1122 4890 τὴν
1158 4819 1561 4890 ἀφιερωθεῖσαν
1582 4817 1629 4849 ⁸³
1667 4815 1787 4886 Θεῷ

220 4919 384 4991 (αῦτη
415 4922 523 4989 γὰρ
554 4918 651 4971 ἐὰν
678 4918 836 4986 γήμῃ
857 4956 870 4980 ,
908 4914 1129 4984 ἥμαρτε
1169 4914 1391 4975 πάντως
1411 4952 1428 4975 ,
1473 4910 1549 4975 ώς
1599 4910 1786 4981 μοιχὸν

219 5009 612 5082 ὲπεισφέρουσα
662 5007 741 5076 τῷ
793 5005 1013 5076 νυμφίῳ
1069 5003 1241 5073 αὐτῆς
1295 5001 1516 5072 Χριστῷ
1549 5004 1598 5071 ),,
1653 5001 1789 5056 ἀλλὰ

218 5104 312 5174 τὴν
355 5105 433 5159 ἔτι
481 5104 697 5174 ἄγαμον
730 5102 921 5172 κόρην.
962 5099 1112 5170 Αὕτη
1162 5099 1294 5167 γοῦν
1338 5098 1435 5153 ἐὰν
1467 5099 1647 5172 γήμῃ,
1683 5098 1783 5169 ούχ

219 5195 455 5267 ⁴ῑῖλμαρτεν
475 5214 489 5229 ⁸
531 5197 593 5251 ού
620 5195 730 5266 γὰρ
758 5194 1072 5263 ἀκάθαρτος
1110 5194 1138 5246 ὁ
1168 5193 1369 5263 γάμος.

298 5311 315 5342 ι
358 5292 543 5362 Θλῖψιν
571 5291 626 5343 δὲ
653 5293 721 5360 τῇ
753 5282 918 5358 σαρκὶ
939 5286 1153 5350 ἕξουσιν
1183 5288 1232 5339 οί
1262 5286 1519 5341 τοιοῦτοι.
1568 5287 1710 5354 Ἐγὼ
1731 5286 1789 5339 δὲ

228 5387 368 5458 ὐμῶν
402 5387 674 5458 φείδομαι.
718 5404 738 5438 0
782 5382 895 5446 Τὰς
939 5384 996 5435 ὲν
1043 5380 1123 5452 τῷ
1173 5381 1338 5452 γάμῳ
1371 5381 1658 5450 φροντίδας
1696 5384 1791 5435 καὶ

228 5479 410 5547 λύπας,
432 5481 610 5551 enen
637 5495 824 5549 φησιν.
855 5497 874 5529 ι
912 5476 1054 5546 Ἐγὼ
1080 5475 1158 5539 δὲ,
1184 5495 1202 5529 0
1234 5476 1422 5548 φησὶν,
1455 5496 1472 5529 ι
1501 5476 1656 5548 ὑμῶν
1683 5478 1793 5546 φεί-

293 5631 366 5663 ⁸·ι
382 5621 566 5677 Matth.
593 5637 703 5684 tux,
731 5619 816 5674 1‘2.

1887 3249 2161 3303 hominem
2184 3245 2531 3299 matrimonio
2551 3243 2823 3297 abstinere
2840 3242 3103 3309 optimum
3123 3251 3228 3305 est,
3257 3249 3477 3309 propter

1883 3339 2000 3409 ejus
2040 3339 2402 3403 dillicultatcs,
2455 3335 2802 3407 conjugiique
2854 3333 3175 3397 molestias,
3238 3349 3344 3388 non
3404 3333 3475 3388 ob

1885 3432 2313 3489 immunditiam.

1957 3527 2122 3582 Vens.
2165 3525 2254 3580 27.
2285 3543 2304 3576 ι
2343 3523 2608 3594 Alligatus
2637 3538 2697 3577 es
2719 3523 2871 3577 uxori
2899 3522 2922 3575 i
2953 3521 3070 3575 Noli
3099 3534 3347 3591 qumrere
3388 3533 3477 3572 so-

1887 3623 2171 3677 lutionem.
2207 3619 2432 3674 Solutus
2460 3634 2519 3672 es
2549 3618 2615 3671 ab
2641 3616 2987 3671 uxoreiNoli
3037 3629 3283 3684 quaerere
3339 3629 3477 3668 uxo-

1890 3732 2026 3771 rem.
2058 3715 2319 3768 Siautem
2352 3690 2632 3779 a'cceperis
2682 3723 2934 3775 uxorem,
2976 3723 3081 3762 non
3143 3707 3403 3777 peccaSti.
3450 3725 3470 3757 0

1890 3808 2126 3863 Dieeudo
2161 3824 2181 3857 ι
2221 3804 2444 3873 Ligatus
2467 3801 2568 3857 es?
2601 3822 2619 3853 0
2648 3802 2887 3856 ostendit
2914 3800 3055 3870 quod
3087 3799 3283 3869 nuptia:
3313 3798 3476 3851 veluti

1890 3900 2126 3963 vincula,
2184 3896 2526 3950 alllictionem
2573 3894 2826 3948 afferant.
2884 3893 3475 3958 Solutionemlantem,

1891 4010 1999 4050 non
2038 4009 2155 4049 eam
2190 4008 2311 4061 qua:
2339 3991 2397 4045 ﬁt
2442 4006 2509 4045 ex
2554 4004 2821 4044 consensu
2865 3986 3257 4042 continentiam
3319 3984 3470 4047 dicit,

1891 4088 1987 4145 sed
2032 4087 2263 4141 divortia
2296 4083 2492 4139 rationi
2546 4099 2651 4137 non
2686 4094 3053 4136 consentanea
3105 4094 3274 4132 :nam
3308 4076 3353 4131 si
3411 4092 3476 4132 ex

1891 4198 2163 4239 consensu
2198 4180 2537 4240 contineant,
2564 4194 2626 4231 ea
2651 4193 2759 4231 non
2783 4185 2867 4231 est
2888 4175 3109 4229 solutio.
3159 4172 3293 4241 Quia
3347 4187 3479 4228 vero

1894 4276 2048 4338 dixit,
2076 4294 2095 4326 ι
2132 4272 2210 4327 Ne
2234 4289 2442 4342 quaeras
2474 4284 2720 4333 uxorem,
2752 4288 2771 4320 0
2804 4284 2869 4322 ne
2885 4267 3191 4322 caelibatum
3239 4272 3482 4320 statuere

1896 4370 2030 4424 velle
2056 4367 2303 4422 videatur
2328 4365 2511 4420 subdit
2539 4383 2552 4418 :
2582 4385 2611 4413 α
2636 4361 2692 4417 Si
2714 4372 2892 4416 autem
2911 4373 2964 4415 et
2983 4359 3203 4414 duxeris
3230 4373 3476 4421 uxorem,

1899 4480 2003 4518 non
2037 4461 2297 4532 peccasti.
2331 4479 2349 4511 0
2380 4456 2769 4512 Animadverte
2805 4463 3006 4517 autem,
3039 4468 3201 4522 quam
3250 4450 3483 4504 latenter

1816 4538 1869 4597 Ι)
1898 4551 1962 4605 ad
1984 4549 2350 4617 virginitatem
2373 4547 2615 4618 impellat
2648 4544 2863 4614 nuptias
2880 4543 3157 4599 vinculum
3182 4539 3480 4611 appellan,

1899 4643 2260 4711 virginitatem
2287 4651 2468 4695 autem
2510 4638 2836 4693 solutionem
2896 4646 2952 4692 et
2989 4635 3317 4689 libertatem.

1967 4736 2133 4795 Vens.
2163 4738 2255 4792 ‘28.
2290 4755 2308 4789 ι
2338 4735 2405 4789 Et
2435 4735 2477 4788 si
2507 4730 2752 4801 nupserit
2780 4732 2950 4801 virgo,
2983 4745 3089 4783 non
3139 4727 3408 4798 peccavit.
3456 4744 3476 4777 0

1896 4830 2171 4900 Virginem
2204 4830 2292 4883 hic
2320 4828 2471 4889 dicit,
2502 4842 2607 4879 non
2641 4841 2759 4880 eam
2788 4804 2907 4894 qua:
2934 4822 3044 4876 Deo
3069 4828 3387 4876 consecrata
3413 4818 3487 4870 sit

1896 4928 1980 5001 (ea
2006 4925 2148 4978 enim
2175 4923 2218 4978 si
2252 4921 2518 4989 nupserit,
2554 4920 2796 4989 peccavit
2824 4917 3068 4980 omnino,
3126 4926 3308 4982 utpote
3365 4926 3489 4980 qua:

1895 5017 2167 5073 mmclmm
2216 5013 2658 5085 superinduxerit
2717 5026 2919 5082 sponso
2962 5025 3059 5064 suo
3088 5004 3351 5075 Christo).
3388 5016 3486 5074 sed

1884 5114 2164 5180 innuptam
2203 5108 2456 5179 puellam.
2498 5105 2579 5162 Ea
2604 5106 2751 5161 enim
2777 5106 2822 5161 si
2848 5105 3112 5175 nupserit,
3153 5116 3482 5164 nonpecca-

1887 5204 1964 5258 vit
2002 5201 2444 5257 :matrimonium
2480 5202 2621 5254 enim
2647 5213 2750 5253 non
2783 5199 3184 5267 estimpnrum.

1966 5314 1984 5347 ι
2026 5293 2454 5347 Tribulationem
2498 5303 2677 5346 tamen
2718 5291 2873 5346 canis
2901 5288 3173 5342 habebunt
3192 5283 3487 5353 ejusmodi.

1894 5387 2003 5455 Ego
2034 5394 2212 5438 autem
2240 5383 2392 5437 vobis
2420 5397 2608 5451 parco.
2642 5399 2662 5434 0
2694 5376 3173 5449 Sollicitudinesin
3203 5376 3489 5438 matrimo-

1891 5480 1984 5533 nio
2028 5488 2081 5531 et
2116 5491 2378 5533 numeres
2411 5475 2787 5542 obvenientes,
2842 5471 3252 5529 tribulationem
3307 5475 3487 5524 vocat.

1564 5714 1760 5776 Vatia:
1794 5712 2119 5775 lectiones.

292 5842 354 5876 “‘
374 5843 539 5896 οἰκεῖν
561 5859 610 5896 υ.
691 5839 735 5870 ⁸⁸
767 5839 932 5893 καλόν
960 5856 1033 5893 ιιι.
1111 5839 1155 5871 ⁸⁸
1189 5840 1425 5894 συνωθεῖ
1450 5857 1503 5897 o.

464 5939 735 5998 Ρλτιιοι..
780 5937 899 5997 Gn.
939 5932 1218 5997 CXXIV.

1595 5844 1638 5875 ⁵³
1668 5844 2059 5916 ἀφορισῖεῖσαν
2096 5854 2148 5895 0.
