3874 6578
430 292 536 359 651

1297 301 1872 366 THEOPIIYLAL‘TI
1919 307 2327 372 BULGARI/E
2356 313 2710 376 ARCIIIEP.

3601 317 3717 384 65?.

439 431 456 462 ι
487 411 597 481 ligo
632 419 833 477 autem,
878 430 895 464 ι
941 411 1136 482 inquit,
1186 415 1382 472 (vobis
1441 432 1629 486 parco,
1688 438 1706 470 ι
1764 431 2000 492 tanquan

2123 427 2310 497 δομαι,
2360 447 2378 481 ι
2409 429 2485 494 ὡς
2508 431 2738 500 τέκνων,
2766 431 2862 486 καὶ
2893 431 3159 505 βούλομαι
3196 436 3341 509 ὑμᾶς
3381 439 3716 513 ιλευδέρους

422 504 577 568 .ﬁliis,
607 507 836 574 veloque
861 503 1060 560 liberos
1087 521 1182 561 vos
1211 521 1354 574 esse,
1387 520 1649 580 extraque
1679 527 1966 568 mmrorem
1999 533 2012 569 :

433 605 688 666 tanquam
723 597 1124 652 matrimonium
1165 615 1338 655 nexus
1377 601 1646 671 quispiam
1679 603 1771 668 sit,
1813 605 2017 674 quique

431 699 494 739 eo
529 686 639 740 sint
673 686 932 756 colligati,
966 704 1072 744 non
1104 689 1214 744 sint
1247 692 1328 746 sui
1358 691 1519 763 juris,
1558 702 1616 747 ut
1655 709 1822 766 supra
1871 709 2019 750 com-

433 789 786 833 memoratum
827 790 929 837 est.

499 870 665 927 Vsus.
691 873 780 928 29.
813 892 830 925 ι
866 872 979 928 Hoc
997 883 1176 929 autem
1207 875 1350 939 dico,
1376 874 1590 945 fratres,
1621 887 1831 949 tempus
1859 883 2020 936 breve

428 977 512 1020 est
546 983 558 1019 :
593 966 859 1036 reliquum
895 974 998 1033 est,
1042 986 1061 1019 ι
1115 966 1247 1022 Cum
1289 969 1539 1035 dixisset,
1584 989 1602 1022 ι
1652 971 2018 1028 Aﬂlictionem

428 1057 702 1112 habebunt
732 1058 784 1112 in
825 1074 1011 1113 carne.
1053 1077 1072 1112 ι
1112 1075 1183 1113 ne
1205 1060 1328 1128 quis
1355 1061 1511 1132 163
1539 1062 1825 1132 adjiceret,
1863 1067 2017 1136 atqui

425 1158 478 1203 et
503 1149 828 1219 voluptatem
859 1148 1432 1208 habebuntzsubsecat
1467 1165 1518 1208 et
1541 1155 1718 1210 aufert
1742 1172 1860 1227 quae
1891 1168 2019 1212 sunt

424 1241 737 1312 voluptatis,
779 1257 878 1312 per
904 1244 1007 1298 hoc
1029 1245 1175 1313 quod
1227 1252 1440 1315 tempus
1502 1261 1626 1302 esse
1673 1260 2014 1305 contractum

422 1342 478 1390 et
507 1334 670 1389 breve
698 1334 1021 1389 subiniera't.
1051 1335 1131 1389 Ad
1167 1334 1580 1393 dissolutionem
1610 1339 1756 1394 enim
1788 1348 1843 1394 et
1879 1340 2016 1396 inte-

419 1427 587 1480 ritum
629 1426 810 1480 omnia
853 1435 1099 1497 vergunt,
1163 1429 1724 1500 appropinquavitque
1786 1445 2011 1502 regnum

419 1517 648 1584 Christi,
677 1533 740 1574 ac
768 1519 820 1574 in
861 1528 1134 1590 posterum
1168 1521 1234 1575 ad
1262 1521 1436 1592 ipsum
1464 1523 1698 1594 migrare
1724 1525 2007 1580 debemus.

419 1611 598 1680 Quare
620 1613 784 1666 etiam
817 1621 872 1666 et
904 1613 1160 1667 nonnulla
1189 1613 1241 1667 in
1267 1614 1612 1670 matrimonio
1639 1614 1885 1684 voluptas
1905 1626 2009 1682 est,

417 1717 480 1756 ea
509 1712 686 1756 tamen
720 1702 900 1764 brevis
931 1710 1035 1767 est,
1089 1703 1393 1774 exiguoque
1417 1705 1675 1774 temporis
1714 1704 1887 1775 spatio
1909 1705 2004 1758 duo

421 1803 606 1847 ratura
634 1811 648 1848 :
684 1805 847 1863 atque
878 1794 980 1849 hoc
1028 1793 1201 1864 ipsqu
1235 1805 1321 1850 est
1348 1794 1587 1850 alIlictio.

489 1864 653 1937 Vens.
683 1883 877 1938 29-51.
914 1902 932 1935 ‹
980 1883 1049 1940 Ut
1089 1885 1178 1954 qui
1215 1885 1418 1940 habent
1477 1900 1697 1950 uxores,
1751 1894 2006 1955 tauquam

414 1991 521 2030 non
553 1976 818 2032 habentes
855 1978 961 2032 sint
994 1997 1006 2033 :
1037 1978 1102 2033 Et
1139 1978 1232 2050 qui
1274 1977 1426 2043 ﬂent,
1449 1990 1704 2047 tanquam
1739 1996 1841 2034 nou
1867 1981 2003 2034 lien-

415 2082 495 2121 tcs
529 2075 625 2122 :et
657 2070 748 2139 qui
795 2069 1049 2140 gaudent,
1097 2080 1352 2140 tanquam
1387 2087 1492 2125 non
1546 2072 1843 2142 gaudentes
1895 2091 1908 2126 :
1953 2085 2008 2129 et

412 2163 504 2232 qui
536 2173 741 2226 emunt,
779 2175 1036 2235 tanquam
1068 2179 1176 2218 non
1215 2164 1553 2234 possidentes
1589 2181 1601 2218 :
1637 2165 1811 2235 thui
1839 2178 2004 2220 utun-

411 2262 501 2307 tur
539 2255 640 2308 hoc
678 2255 900 2320 mundo,
937 2265 1194 2323 tanquam
1253 2270 1358 2308 non
1395 2265 1640 2310 utantur.
1697 2274 1716 2308 ι
1755 2254 1914 2322 Quod
1958 2258 2003 2312 si

411 2349 502 2413 qui
557 2362 756 2402 uxores
817 2348 1038 2413 habent,
1105 2356 1360 2417 tanquam
1424 2364 1530 2403 non
1567 2349 1822 2416 habeant,
1883 2365 2004 2405 esse

411 2441 664 2505 debeant,
692 2441 818 2512 quid
841 2441 980 2496 ultra
1008 2441 1246 2512 proderit
1280 2443 1332 2496 in
1354 2443 1700 2497 matrimonio
1721 2444 2000 2514 conjungi,

407 2531 619 2602 sibique
645 2533 744 2604 ipsi
776 2533 1202 2602 onusiujicere?
1242 2535 1379 2601 Quid
1415 2546 1598 2590 autem
1639 2546 1741 2600 est,
1783 2553 1802 2588 ι
1859 2534 2002 2589 Tau-

408 2640 568 2688 quam
612 2639 719 2678 non
754 2623 1059 2679 habentes?
1095 2644 1114 2677 ›
1152 2640 1270 2696 pro,
1332 2641 1436 2680 non
1492 2624 1660 2692 allixi,
1685 2641 1789 2680 non
1841 2642 2003 2681 omne

403 2719 647 2772 studium
705 2719 853 2772 circa
921 2719 1151 2788 nuptias
1179 2729 1233 2774 et
1301 2735 1527 2774 uxorem
1598 2721 1996 2790 impendentes.

408 2806 760 2864 Consimilem
804 2811 868 2866 ad
896 2811 1186 2876 rationem,
1223 2826 1398 2882 neque
1425 2813 1570 2867 circa
1599 2812 1726 2879 alia,
1757 2814 1872 2869 sive
1906 2814 2002 2869 tri-

409 2904 540 2969 stia,
568 2918 685 2972 qua:
716 2918 830 2974 per,
863 2903 1075 2971 ﬂentes,
1112 2905 1288 2959 innuit
1312 2922 1326 2969 ;
1349 2907 1466 2962 sive
1489 2907 1852 2974 delectabilia,
1879 2923 2000 2979 quae

405 3011 522 3064 per,
541 2998 857 3067 gaudentes,
880 2996 1209 3067 signiﬁcavit
1239 3016 1256 3066 ;
1285 3014 1462 3069 neque
1495 2999 1640 3055 circa
1685 3010 1998 3056 contractus

2039 1796 2088 1856 B

2125 515 2264 575 εἶναι
2290 525 2387 576 καὶ
2415 523 2660 588 ἀλύπους
2681 539 2695 554 °
2733 525 2809 589 ὠς
2836 527 2864 580 ὀ
2889 526 3067 598 γάμος
3096 545 3160 598 γε
3197 531 3292 584 καὶ
3331 532 3530 604 δεσμός
3560 534 3712 600 ἐστι,

2123 611 2218 666 καὶ
2257 615 2305 667 οἱ
2336 615 2441 668 ὑπὸ
2481 616 2672 672 τοῦτον
2700 617 2874 684 ὄντες,
2912 621 3125 675 ἑαυτῶν
3154 623 3256 676 οὐκ
3287 623 3676 689 ἑξουσιάζουσι
3698 665 3712 690 .

2123 706 2199 770 ὠς
2229 708 2492 780 ἀνωτέρω
2522 711 2761 784 εἴρηται.

2201 905 2218 937 ι
2262 885 2432 939 Τοῦτο
2457 886 2516 940 δέ
2551 903 2721 960 φημι,
2745 888 2994 961 ἀδελφοὶ,
3021 890 3105 944 ὅτι
3128 892 3157 945 ὀ
3192 891 3383 963 καιρὸς
3411 893 3712 948 συνεσταλ-

2124 977 2284 1049 μένος
2315 981 2377 1036 τδ
2408 981 2596 1036 λοιπόν
2623 985 2792 1039 ἐστιν.
2839 1002 2857 1035 ι
2899 985 3120 1057 Ἐπειδὴ
3145 981 3317 1050 εἶπεν,
3350 987 3433 1042 ὅτι
3464 1007 3482 1040 ι
3515 987 3712 1057 Θλῖψιν

2121 1072 2305 1136 ἕξουσι
2332 1076 2397 1146 τῇ
2425 1075 2615 1146 σαρκὶ,
2656 1094 2675 1128 ι
2711 1077 2799 1130 ἵνα
2831 1078 2905 1150 μή
2933 1096 3019 1141 τις
3055 1079 3218 1152 είπῃ·
3258 1079 3423 1143 Ἀ).λά
3463 1083 3559 1134 καὶ
3583 1083 3712 1152 ἡδο.

2120 1168 2253 1238 νήν·
2301 1168 2598 1240 ὑποτέμνει
2643 1171 2712 1226 τὰ
2743 1171 2846 1241 τῆς
2893 1172 3110 1244 ἡδονῆς,
3145 1175 3212 1227 ὲκ
3248 1174 3344 1229 τοῦ
3377 1173 3471 1228 τὸν
3513 1176 3710 1245 καιρὸν

2121 1261 2557 1330 συνεσταλμένον
2583 1263 2924 1331 εἰσαγαγεῖν.
2974 1266 3122 1336 Πρὸς
3147 1265 3302 1318 λύσιν
3322 1268 3432 1336 γὰρ
3456 1268 3711 1336 ἐπείγον-

2119 1368 2208 1404 ται
2239 1353 2308 1406 τὰ
2348 1351 2548 1416 πάντα.
2573 1355 2669 1407 καὶ
2704 1354 2934 1425 ἤγγικεν
2969 1357 3002 1426 ἡ
3029 1355 3276 1427 βασιλεία
3299 1356 3394 1410 τοῦ
3438 1357 3706 1428 Χριστοῦ,

2117 1446 2214 1498 καὶ
2248 1445 2432 1500 λοιπὸν
2467 1447 2604 1517 πρὸς
2635 1448 2801 1502 αὐτὸν
2827 1449 3129 1519 ἀποδημεῖν
3168 1450 3488 1522 ὀφείλομεν.
3538 1452 3707 1506 Ὥστε

2115 1539 2210 1594 καὶ
2236 1541 2284 1592 εί
2320 1540 2482 1611 ἡδονή
2509 1541 2590 1606 τίς
2614 1543 2784 1607 ἐστιν,
2833 1542 2970 1596 ἀλλά
2999 1543 3230 1614 βραχεῖα
3253 1543 3422 1616 αὕτη,
3459 1546 3555 1598 καὶ
3586 1544 3706 1600 ὀλιο

2111 1632 2425 1705 γοχρόνιος·
2459 1633 2556 1688 καὶ
2590 1633 2757 1689 τοῦτο
2794 1634 2851 1689 δὲ
2881 1635 3015 1689 αὐτὸ
3050 1636 3254 1709 θλῖψις.

2183 1939 2200 1972 ι
2233 1920 2348 1974 Ἵνα
2377 1921 2472 1973 καλ⁵
2495 1920 2540 1974 οἱ
2566 1920 2780 1992 ἔχοντες
2799 1923 3086 1989 γυναῖκας,
3110 1920 3185 1985 ὡς
3217 1921 3292 1994 μὴ
3314 1921 3532 1993 ἔχοντες
3557 1919 3665 1977 ὦσι
3685 1937 3700 1952 ⁸

2108 2013 2203 2067 καὶ
2226 2014 2274 2067 oi
2299 2013 2604 2079 κλαίοντες,
2631 2013 2708 2077 ὡς
2734 2013 2809 2084 μὴ
2839 2013 3122 2076 κλαίοντες
3148 2030 3162 2044 ο
3188 2015 3285 2067 καὶ¹
3311 2016 3362 2067 oi
3392 2015 3697 2086 χαίροντες,

2104 2106 2179 2170 ὼς
2224 2108 2299 2178 μὴ
2332 2107 2619 2178 χαίροντες
2641 2123 2655 2138 ι
2684 2109 2777 2160 καὶ
2807 2109 2854 2159 oi
2902 2107 3288 2178 ἀγοράζοντες,
3323 2107 3401 2170 ὡς
3431 2110 3506 2178 μὴ
3570 2125 3699 2161 κατ-

2107 2204 2322 2275 έχοντες
2345 2222 2360 2236 ⁸
2397 2204 2491 2256 καὶ
2545 2205 2593 2256 oi
2640 2202 2914 2274 χρώμενοι
2967 2203 3045 2274 τῷ
3071 2204 3260 2275 κόσμῳ
3291 2206 3485 2274 τούτῳ,
3518 2203 3596 2267 ὡς
3625 2204 3696 2275 μὴ

2105 2296 2546 2368 καταχρώμενοι.
2591 2315 2610 2348 ι
2664 2296 2822 2348 Ἐπεὶ
2854 2297 2949 2349 καὶ
2978 2297 3027 2349 oi
3055 2296 3299 2367 ἔχοντες,
3331 2295 3408 2359 ὡς
3441 2295 3519 2367 μὴ
3547 2296 3696 2368 ἕχον-

2102 2405 2195 2451 τες
2239 2387 2546 2456 ὀφείλουσιν
2578 2383 2742 2451 εἶναι,
2775 2385 2828 2438 τί
2858 2386 2939 2439 δεῖ
2979 2385 3165 2440 λοιπὸν
3193 2388 3331 2449 ὅλως
3370 2387 3692 2457 συζυγῆναι,

2103 2481 2198 2535 καὶ
2229 2482 2408 2552 ἑαυτῷ
2443 2479 2665 2551 φορτίον
2688 2480 3008 2545 ὲπιδαλεῖν;
3037 2479 3102 2533 Τί
3129 2480 3186 2533 δέ
3225 2482 3399 2542 ἐστιν,
3429 2499 3450 2532 ‹
3491 2480 3584 2544 Ὧς
3618 2480 3690 2552 μὴ

2102 2572 2351 2642 ἔχοντεςς
2389 2590 2408 2624 ι
2447 2571 2569 2624 ἀντὶ
2605 2571 2724 2637 τοῦ,
2762 2571 2822 2624 ού
2867 2571 3290 2643 προσηλὼμενοι
3317 2573 3386 2639 ⁸⁵,
3429 2572 3554 2627 οὐδὲ
3593 2575 3695 2628 πᾶ-

2104 2684 2204 2720 σαν
2239 2665 2336 2736 τὴν
2369 2665 2604 2737 σπουδὴν
2639 2666 2769 2736 περὶ
2810 2667 2903 2719 τὸν
2941 2669 3119 2736 ’τάμον
3151 2667 3246 2719 καὶ
3288 2666 3388 2729 τὰς
3419 2668 3684 2734 γυναῖκας

2101 2757 2511 2822 ἀναλίσκοντες.
2554 2758 2830 2821 Ὡσαύτως
2855 2758 2976 2811 οὐδὲ
3018 2759 3147 2830 περί
3180 2776 3234 2812 τι
3279 2758 3386 2811 τῶν
3421 2759 3619 2823 ἄλλων,
3651 2759 3682 2828 ἢ

2101 2851 2383 2923 λυπηρῶν.
2434 2851 2470 2906 ἃ
2524 2853 2613 2906 διὰ
2666 2851 2762 2906 τοῦ
2803 2852 3014 2906 κλαίειν
3052 2852 3376 2923 ᾐνίξατοοῆ
3417 2850 3684 2923 τερπνῶν,

2099 2941 2136 2997 ἀ
2169 2941 2258 2996 διὰ
2279 2941 2374 2996 τοῦ
2400 2940 2614 3014 χαίρειν
2644 2943 2913 3013 ἐδήλωσεν
2934 2959 2947 2974 ο
2985 2943 3020 3016 ἢ
3051 2943 3160 2998 τῶν
3197 2942 3681 3012 συναλλαγμάτων,

2107 3034 2142 3088 ἀ
2199 3034 2290 3088 διά
2341 3034 2437 3088 τοῦ
2493 3035 2788 3106 ἀγοράζειν
2829 3035 3113 3105 ἐνέφηνεν,
3171 3035 3376 3105 ὀφείλει
3425 3052 3510 3094 τις
3549 3031 3683 3086 πάνυ

407 3105 543 3159 quos
590 3105 687 3158 per
721 3091 1051 3160 emptionem
1113 3091 1396 3156 iudicaxii,
1437 3094 1812 3148 vehementius
1843 3093 1996 3164 quis-

2112 3126 2466 3198 σφοδρότερον
2499 3091 2556 3159 ⁸³.
2578 3091 2944 3192 σπουδάζειν..
2965 3091 3074 3182 kal
3101 3091 3194 3194 τί,
3214 3091 3225 3105 ⁸
3248 3129 3403 3198 φησὶ,
3441 3091 3565 3182 τάδε
3595 3129 3686 3184 καὶ

406 3183 550 3250 piam
578 3183 798 3237 studere
835 3183 1015 3237 debet.
1047 3181 1320 3249 Quorsum
1353 3200 1504 3251 vero,
1537 3187 1635 3251 ait,
1661 3185 1778 3240 hch
1801 3195 1854 3240 et
1905 3186 1993 3240 illa

407 3274 701 3328 recenseo?
735 3272 851 3329 Uno
879 3276 1040 3330 verbo
1057 3275 1270 3330 dicam:
1299 3277 1403 3344 Qui
1434 3286 1658 3332 utuntur
1696 3279 1795 3334 hoc
1828 3295 1991 3332 mun-

403 3367 495 3432 do,
525 3368 980 3436 nondehentipso
1015 3368 1184 3434 abuti,
1211 3371 1311 3424 hoc
1341 3378 1446 3436 est,
1501 3370 1651 3424 omni
1705 3372 1886 3425 studio
1942 3379 1996 3425 et

406 3457 600 3515 affectu
631 3461 703 3514 illi
735 3461 1068 3518 incumbere.
1102 3462 1317 3517 Abusus
1385 3465 1527 3519 enim
1563 3474 1646 3520 est
1689 3464 1995 3536 superﬂuus

403 3570 552 3618 usus,
588 3564 641 3608 et
665 3555 921 3610 decorqu
964 3569 1319 3626 exsuperans.

483 3668 501 3702 ‹
537 3647 787 3704 Praeterit
810 3652 954 3704 enim
978 3650 1146 3720 figura
1168 3651 1352 3706 mundi
1378 3650 1558 3720 hujus.
1597 3671 1616 3706 ι
1640 3651 1694 3707 id
1718 3662 1821 3721 est,
1845 3664 1993 3709 tran-

400 3744 474 3800 sit
504 3753 558 3799 et
588 3744 926 3798 dissolvitur.
965 3745 1104 3810 Quid
1136 3760 1264 3813 ergo
1303 3760 1488 3801 amore
1517 3741 1636 3818 ejus
1688 3759 1994 3811 teneamur.

401 3838 542 3905 quod
572 3837 927 3891 dissolvitur?
960 3837 1212 3906 Figuram
1234 3849 1412 3894 autem
1433 3841 1744 3910 appellavit,
1767 3843 1999 3900 innueus

403 3929 564 3998 hujus
606 3930 789 3982 mundi
824 3943 908 3984 res
943 3929 1127 3985 oculos
1161 3940 1370 3987 tantum
1428 3935 1715 4004 attingere,
1767 3951 1828 3990 ac
1854 3936 1998 3992 leves

399 4037 542 4086 esse,
573 4022 776 4077 nullam
811 4023 1158 4078 stabilitatem
1193 4034 1246 4079 et
1277 4026 1684 4082 subsistentith
1710 4027 1998 4085 habentes.

473 4205 641 4260 Vens.
677 4205 766 4261 52.
797 4222 815 4256 ι
864 4203 993 4258 Volo
1020 4215 1200 4259 autem
1237 4221 1332 4262 vos
1387 4209 1597 4278 absque
1628 4210 1996 4268 sollicitudine

402 4315 543 4354 esse.
581 4318 599 4350 ι
630 4300 916 4365 Quomodo
945 4315 1072 4353 vero
1094 4301 1472 4357 sollicitudinis
1508 4313 1760 4373 expertes
1784 4305 2000 4361 simus?

398 4392 445 4445 si
483 4390 696 4444 caelibes
724 4394 1204 4459 permanserimus.
1233 4392 1398 4447 Infert
1423 4395 1619 4462 igitur:

479 4487 638 4540 Vens.
663 4485 849 4547 52,55.
875 4502 894 4535 ι
918 4486 1016 4552 Qui
1039 4487 1158 4540 sine
1175 4499 1458 4548 uxoreest,
1481 4488 1748 4544 sollicitus
1771 4501 1855 4545 est
1876 4506 1996 4560 qua:

402 4580 614 4634 Domini
660 4587 809 4645 sunt,
854 4583 1124 4648 quomodo
1165 4580 1372 4648 placeat
1423 4582 1669 4637 Domino.
1701 4582 1802 4650 Qui
1867 4600 1996 4639 vero

402 4692 523 4728 cum
561 4690 728 4727 uxore
760 4682 864 4738 est,
895 4674 1158 4729 sollicitus
1189 4685 1270 4729 εει
1301 4690 1419 4745 qua:
1445 4685 1572 4729 sunt
1601 4679 1808 4742 mundi,
1851 4694 1992 4747 quo-

405 4771 564 4824 modo
606 4771 818 4838 placeat
857 4770 1043 4824 uxori:
1071 4789 1087 4820 i
1127 4771 1409 4837 Quomodo
1433 4771 1620 4826 volens
1655 4789 1753 4827 nos
1790 4777 1994 4845 alisque

406 4862 777 4918 sollicitudine
799 4877 943 4928 esse,
973 4878 1004 4918 ο
1033 4860 1218 4928 Paule,
1251 4879 1314 4918 at:
1335 4874 1622 4934 propterea
1664 4883 1763 4921 nos
1799 4869 1851 4920 in
1885 4885 1988 4923 ra:-

401 4957 911 5020 libatuasservans,
938 4971 1152 5008 rursum
1205 4957 1338 5010 dicis
1371 4975 1386 5012 :
1423 4975 1441 5009 ι
1502 4959 1602 5026 Qui
1644 4960 1764 5014 sine
1818 4976 1984 5016 uxore

401 5063 505 5116 est,
528 5053 592 5106 de
617 5053 813 5121 iisquae
840 5049 1047 5105 Domini
1064 5059 1189 5104 sunt
1208 5051 1469 5108 sollicitus
1483 5053 1606 5108 est?
1633 5071 1650 5104 ι
1681 5053 1819 5108 Ecce
1841 5057 1984 5109 enim

402 5149 598 5202 iterum
632 5145 1050 5202 sollicitudines.
1083 5146 1186 5201 Sed
1237 5161 1341 5200 non
1374 5147 1532 5210 tales,
1567 5149 1764 5217 inquit,
1801 5148 1992 5220 quales

400 5250 522 5294 sunt
562 5239 926 5303 matrimonii;
956 5237 1164 5290 Domini
1194 5237 1336 5291 enim
1363 5253 1504 5291 cura-
1534 5239 1804 5296 salutares
1837 5252 1985 5306 sunt,

401 5331 866 5402 obleetabilesque
907 5349 922 5386 :
957 5334 1142 5386 mundi
1201 5345 1332 5404 vero
1369 5347 1513 5387 cura;
1549 5337 1723 5389 noxia:
1755 5350 1906 5404 sunt,
1933 5345 1988 5391 et

399 5425 648 5495 angustia
710 5425 903 5493 plenae.
936 5422 1220 5489 Quomodo
1256 5422 1398 5477 enim
1447 5425 1563 5478 ﬁeri
1599 5435 1798 5494 poteSI,
1850 5431 1981 5498 quin

398 5532 765 5575 mrumnosum
801 5518 1200 5586 molestumque
1227 5517 1297 5571 sit
1325 5518 1510 5572 uxoris
1558 5518 1840 5589 placenda:
1870 5533 1985 5576 slu-

2097 3219 2224 3274 τάδε
2279 3218 2603 3287 καταλέγω;
2649 3219 2886 3283 ’Λπλῶς,
2932 3221 2982 3272 οἱ
3039 3219 3312 3291 χρώμενοι
3365 3220 3448 3292 τῷ
3497 3220 3682 3292 κόσμῳ

2096 3310 2294 3381 τούτῳ,
2327 3311 2429 3364 οὐκ
2459 3312 2770 3381 ὀφείλουσιν
2805 3313 2953 3383 αὐτῷ
2985 3315 3388 3385 καταχρᾶσθαιο
3420 3317 3680 3381 τουτέστι,

2095 3403 2386 3476 προσέχειν
2428 3405 2579 3475 αὐτῷ
2611 3407 2748 3475 μετά
2782 3407 2961 3478 πάσης
3007 3410 3244 3478 σπουδῆς
3277 3409 3376 3463 καὶ
3405 3410 3504 3479 τῆς
3542 3409 3673 3478 πρὸς

2096 3497 2260 3552 αὑτὸν
2318 3498 2712 3569 προσπαθείας.
2774 3501 3131 3573 Κατάχρησις
3193 3504 3304 3574 γὰρ
3358 3504 3391 3573 ἡ
3460 3502 3679 3574 ’περιττὴ

2101 3589 2323 3660 χρῆσις,
2363 3592 2460 3645 καὶ
2492 3591 2700 3646 πλείων
2733 3592 2828 3646 τοῦ
2864 3593 3099 3656 δέοντος.
3251 3593 3269 3616 ’

2177 3702 2195 3734 ι
2241 3684 2485 3754 Παράγει
2533 3685 2644 3754 γὰρ
2691 3684 2751 3739 τὸ
2793 3687 2977 3758 σχῆμα
3027 3687 3120 3742 τοῦ
3153 3689 3360 3758 κόσμου
3408 3689 3618 3743 τούτου.
3652 3706 3670 3741 i

2113 3777 2260 3831 Ἀντὶ
2305 3777 2401 3829 τοῦ
2426 3819 2439 3843 ,
2474 3778 2816 3850 παρέρχεται
2858 3781 2955 3833 καὶ
3003 3780 3304 3836 διαλύεται.
3357 3783 3421 3834 Τί
3447 3781 3538 3836 οὖν
3566 3781 3673 3852 ἔχε-

2103 3871 2228 3923 σθαι
2257 3869 2342 3922 δεῖ
2379 3870 2474 3922 τοῦ
2520 3871 2823 3940 λυομένους
2857 3873 3052 3944 Σχῆμα
3079 3874 3136 3927 δὲ
3178 3874 3462 3940 ἐκάλεσεν,
3491 3873 3676 3945 ἐμφαί-

2101 3977 2208 4013 νων
2231 3959 2316 4013 ὅτι
2359 3960 2519 4032 ἄχρις
2545 3960 2720 4030 δψεώς
2748 3963 2854 4015 εἰσι
2890 3967 2958 4016 τὰ
3001 3963 3096 4015 τοῦ
3143 3964 3411 4034 παρόντος
3460 3964 3671 4032 κόσμου,

2103 4052 2198 4104 καὶ
2228 4052 2524 4107 ἑπιπόλαια
2543 4090 2558 4118 ,
2591 4053 2757 4124 μηδὲν
2788 4052 3019 4124 βεϐηκὸς
3051 4055 3145 4109 καὶ
3189 4056 3446 4120 οὐσιῶδες
3476 4055 3672 4124 ἔχοντες

2105 4143 2170 4217 υ.
2201 4176 2270 4186 —-
2296 4144 2409 4218 ται.

2184 4259 2201 4292 ι
2240 4238 2391 4292 Θέλω
2445 4239 2500 4293 δὲ
2552 4239 2699 4311 ὑμᾶς
2747 4241 3087 4312 ἀμερίμνους
3133 4237 3294 4298 εἶναι.
3329 4261 3347 4294 ν
3382 4243 3504 4306 Πῶς
3546 4241 3587 4296 δ’
3614 4241 3672 4296 ἂν

2030 4376 2075 4433 D
2107 4332 2304 4403 εἴημεν
2342 4333 2680 4405 ἀμέριμνοι;
2714 4334 2776 4387 El
2806 4334 3012 4406 ἄγαμοι
3044 4328 3215 4406 ὦμεν.
3256 4337 3485 4405 Ἐπάγει
3521 4335 3637 4389 οὖν’

2181 4533 2199 4565 ι
2248 4514 2308 4567 Ὀ
2346 4514 2560 4585 ἄγαμος
2587 4517 2831 4588 μεριμνᾷ
2863 4516 2931 4570 τὰ
2964 4516 3058 4571 τοῦ
3089 4518 3320 4590 Κυρίου,
3355 4519 3473 4579 πῶς
3501 4517 3668 4588 ἀρέσει

2103 4605 2180 4674 τῷ
2248 4607 2437 4677 Κυρίῳ
2481 4607 2551 4662 ⁸⁵.
2608 4607 2666 4661 ὐ
2721 4609 2776 4661 δὲ
2831 4610 3127 4679 γαμήσας,
3186 4611 3426 4681 μεριμνᾷ
3477 4609 3545 4662 τὰ
3584 4605 3665 4659 τοῦ

2105 4702 2337 4772 κόσμου,
2367 4701 2485 4766 πῶς
2515 4703 2705 4774 ἀρέσει
2738 4706 2803 4773 τῇ
2833 4705 3078 4771 γυναικί.
3122 4722 3140 4754 ι
3188 4705 3312 4768 Πῶς
3347 4705 3514 4758 θέλων
3538 4701 3664 4774 ἡμᾶς

2103 4794 2442 4863 ἀμερίμνους
2490 4789 2651 4859 εἶναι,
2706 4796 2906 4858 Παῦλε,
2945 4796 3037 4848 καὶ
3091 4794 3182 4848 διὰ
3235 4795 3394 4849 τοῦτο
3440 4796 3664 4864 ἀγάμους

2100 4883 2408 4953 συντηρῶν,
2447 4883 2610 4937 πάλιν
2657 4885 2868 4952 λέγεις·
2914 4905 2931 4936 ι
2981 4886 3038 4939 '0
3084 4887 3300 4955 ἄγαμος
3329 4886 3578 4956 μεριμνᾷ
3607 4883 3661 4934 τὰ

2093 4977 2189 5030 τοῦ
2236 4979 2479 5049 Κυρίους
2519 4997 2534 5030 ι
2573 4978 2704 5032 Ἰδοὺ
2730 4980 2836 5048 γὰρ
2877 4981 2970 5033 καὶ
3024 4980 3185 5035 πάλιν
3223 4984 3502 5052 μέριμναι.
3542 4964 3664 5033 Ἀλλ’

2094 5070 2193 5140 οὐχ
2239 5064 2371 5134 οἷαι,
2404 5071 2590 5140 φησιν,
2621 5071 2676 5122 αἱ
2707 5071 2800 5123 τοῦ
2828 5073 3031 5140 γάμου.
3063 5073 3128 5125 Al
3170 5072 3269 5142 μὲν
3299 5075 3407 5143 γὰρ
3445 5071 3533 5124 τοῦ
3563 5071 3661 5124 Ku-

2102 5162 2220 5232 ρίου
2256 5161 2540 5233 μέριμναι,
2573 5162 2938 5232 σωτηριὼδεις
2974 5167 3068 5218 καὶ
3109 5166 3373 5235 τερπναί·
3405 5167 3460 5218 αἱ
3506 5164 3557 5217 δὲ
3581 5159 3657 5214 τοῦ

2096 5256 2326 5326 κόσμου,
2359 5256 2623 5328 βλαϐεραὶ
2657 5257 2751 5310 καὶ
2799 5257 3068 5328 Θλιδεραί.
3103 5260 3224 5323 Πῶς
3273 5259 3382 5330 γὰρ
3411 5260 3468 5311 οὐ
3500 5255 3657 5323 θλίψις

2090 5350 2186 5402 καὶ
2223 5348 2448 5420 ὄχλησις
2492 5349 2553 5400 τὸ
2596 5348 2848 5403 σπεύδειν
2887 5351 3083 5422 ἀρέσαι
3111 5351 3355 5419 γυναικὶ,
3388 5343 3654 5403 καὶταῦτα

2093 5441 2439 5513 φιλοκόσμῳ,
2463 5443 2560 5496 καὶ
2609 5443 2924 5518 ἀπαιτούσῃ
2959 5445 3157 5513 χρυσία
3191 5447 3287 5497 καὶ
3318 5442 3650 5516 μαργαρίτας»

2095 5536 2190 5590 καὶ
2218 5535 2319 5604 τὴν
2347 5533 2514 5608 ἄλλην
2538 5535 2793 5608 βλακείαν
2819 5554 2833 5605 ;
2866 5535 3058 5591 Ἔνθεν
3095 5537 3188 5591 καὶ
3209 5538 3290 5602 εἰς
3321 5535 3517 5592 ἀδικίαν
3542 5545 3652 5588 σνν-

1753 5694 1956 5756 νωιίω
1996 5695 2328 5762 lectiones.

463 5808 512 5847 εδ
547 5812 1022 5888 προσκοὶλὼμενοι
1050 5831 1103 5872 0.
1182 5817 1226 5850 ⁸⁸
1259 5817 1566 5888 ὀφείλοντες
1595 5823 1971 5895 πάνυ-σφόδρα
2011 5841 2064 5884 o.
2147 5828 2191 5860 “
2224 5829 2372 5900 αὐτῷ
2401 5845 2453 5885 o.
