3874 6614
206 405 305 474 653

929 397 1338 463 EXPOSITIO
1371 397 1453 458 IN
1495 395 1733 458 EPIST.
1780 396 1808 456 Ι
1851 397 1951 458 AD
1990 397 2159 460 COR.
2189 421 2257 433 --
2290 396 2447 458 CAI’.
2481 394 2615 457 VII.

3321 382 3430 450 654

210 511 453 572 αθοῦνται
491 509 541 564 οί
582 507 806 563 ἑλεεινοὶ
830 504 1022 579 ἀνδρες
1050 507 1145 560 καὶ
1165 505 1528 578 ψυχοῦλαϐεἶς
1557 505 1759 576 διοική-

1887 506 2039 569 Ιίιιιη,
2072 506 2343 577 praecipue
2376 521 2497 561 eum
2524 500 2787 575 ejusmodi
2824 500 2914 569 sit,
2937 514 3058 572 qua:
3082 509 3269 555 crnaln
3290 500 3434 555 delt--

211 621 313 669 σεις
340 600 696 674 πραγμάτων.

275 885 293 920 ι
325 865 666 938 Μιμέριτται
690 864 724 929 ἦ
754 864 892 938 γυνὴ
918 864 1015 919 καὶ
1041 865 1075 936 ἡ
1105 864 1395 937 παρθένος.
1429 884 1448 915 ι
1479 865 1761 931 Τουτέστι,

207 960 540 1030 διαφέρουσιν
571 960 836 1030 ἀλλήλων,
866 959 962 1013 καὶ
984 959 1045 1012 οὗ
1068 960 1167 1021 τὴν
1200 959 1371 1029 αὐτὴν
1393 958 1576 1029 ἔχουσι
1603 975 1767 1027 φρον-

204 1053 333 1117 τίδα,
380 1052 520 1106 ἀ).λά
552 1053 954 1124 μεμερισμέναι
985 1052 1090 1105 εἰσὶ
1133 1054 1253 1116 ταῖς
1297 1053 1585 1116 σπουδαῖςο
1612 1055 1706 1108 καὶ
1731 1055 1766 1124 ἡ

156 1186 161 1193 .
208 1145 297 1217 μὲν
324 1143 455 1215 περὶ
484 1144 621 1200 ἀλλα
667 1141 979 1211 σπουδάζει,
1021 1145 1055 1214 ὴ
1101 1143 1159 1196 δὲ
1214 1144 1345 1213 περὶ
1385 1145 1549 1198 ἄλλαο
1584 1146 1765 1216 διαφέσ

208 1252 349 1308 ρουσι
380 1236 439 1290 δὲ
465 1237 525 1291 αί
543 1236 825 1307 φροντίδες
850 1236 1064 1299 αὑταῖς,
1091 1237 1186 1291 καὶ
1220 1236 1304 1289 δεῖ
1329 1236 1652 1305 ἐκλέγεσθαι
1700 1237 1770 1292 τά

206 1328 431 1397 κρείττω
462 1328 558 1382 καὶ
585 1327 906 1398 ἀπονώτερα
935 1327 1003 1383 ⁸⁷.
1045 1394 1047 1396 η

272 1521 290 1555 ι
332 1501 402 1556 Ἥ
432 1503 648 1573 ἄγαμος
681 1504 923 1575 μεριμνᾷ
951 1502 1020 1558 τὰ
1045 1503 1139 1558 τοῦ
1169 1503 1398 1577 Κυρίου,
1436 1503 1553 1570 πῶς
1586 1506 1772 1578 ἀρέσει

201 1594 272 1666 τῷ
299 1595 518 1667 Κυρίῳ,
551 1595 640 1649 ἵνα
671 1592 705 1668 ᾗ
738 1596 868 1664 ἀγία
900 1597 997 1651 καὶ
1028 1595 1245 1667 σώματι
1272 1599 1364 1651 καὶ
1398 1600 1673 1669 πνεύματι
1696 1616 1712 1631 ο
1739 1600 1773 1670 ἡ

180 1687 255 1747 δὲ
273 1689 603 1759 γαμήσασα,
625 1689 866 1761 μεριμνᾷ
891 1689 958 1741 τά
978 1689 1072 1742 τοῦ
1096 1690 1323 1761 κόσμου,
1348 1690 1465 1753 πῶς
1486 1690 1672 1760 ἀρέσει
1696 1691 1775 1761 τῷ

1865 605 2067 665 ctatur,
2096 606 2151 653 et
2188 613 2404 664 aurum,
2433 595 2778 664 margaritas,
2834 592 3103 663 aliamque
3157 591 3436 647 mollitiem

1866 691 2107 761 expetit?
2148 689 2284 745 Hinc
2307 690 2490 745 miseri
2521 687 2700 742 mariti
2734 687 2800 740 ad
2828 685 3188 755 iniquitatem,
3216 686 3437 740 animae-

1868 797 1976 852 que
2010 783 2202 837 uoxias
2236 797 2415 836 rerum
2449 779 2949 834 administrationes
2992 777 3364 848 impelluntur.

1938 873 2103 931 Vens.
2136 875 2224 929 3t.
2274 893 2292 926 ι
2336 872 2528 927 Divisae
2561 881 2844 925 suntnxor
2866 879 2919 925 et
2947 871 3118 941 virgo.
3157 889 3175 923 ι
3202 867 3314 924 Hoc
3335 875 3436 934 cst,

1871 967 2030 1041 164
2056 965 2307 1021 tliﬂ‘eruut
2333 966 2478 1019 inter
2515 972 2573 1017 s‘e
2600 973 2811 1029 mutuo,
2832 976 2931 1016 nec
2955 961 3155 1015 habent
3183 961 3444 1016 sollicitu-

1870 1061 2072 1119 dinem,
2101 1055 2197 1111 setl
2229 1054 2415 1109 divisae
2471 1063 2597 1109 sunt
2619 1053 2672 1106 in
2703 1051 2895 1106 studiis
2922 1052 3036 1106 suis
3069 1068 3083 1105 :
3115 1061 3276 1120 atque
3335 1051 3440 1106 ista

1869 1149 2085 1219 quidem
2124 1149 2189 1201 de
2237 1147 2360 1201 aliis
2399 1153 2486 1201 est
2519 1144 2786 1208 sollicita,
2843 1143 2930 1196 illa
2989 1158 3118 1197 vero
3163 1144 3228 1199 de
3258 1144 3380 1199 aliis
3419 1161 3436 1199 :

1871 1243 2099 1296 diversae
2123 1251 2299 1294 autem
2324 1247 2449 1293 sunt
2483 1238 2765 1307 utriusque
2798 1251 2943 1291 cum
2974 1253 2988 1292 τ
3020 1251 3083 1289 ca
3116 1236 3296 1306 itaque
3324 1252 3443 1307 qua:

1873 1332 2246 1401 pra~stantiora
2276 1339 2422 1397 sunt,
2453 1339 2509 1385 et
2538 1330 2719 1384 minus
2749 1328 2947 1382 habent
2977 1327 3201 1389 laboris,
3239 1328 3444 1398 eligen-

1874 1424 1939 1478 da
1972 1433 2118 1476 sunt.

1950 1535 1969 1568 ι
2000 1515 2227 1582 lnnupta
2252 1516 2455 1585 cogitat
2483 1529 2603 1585 qua:
2632 1523 2756 1569 sunt
2776 1513 3014 1578 Domini,
3037 1512 3308 1584 quomodo
3333 1510 3450 1582 pla-

1875 1619 1998 1666 ceat
2029 1608 2355 1677 Dominoknt
2372 1608 2441 1662 sit
2461 1615 2647 1662 sancta
2672 1615 2725 1661 et
2747 1620 2975 1675 corpore
2997 1614 3050 1661 et
3076 1606 3291 1676 spiritu.
3317 1603 3450 1672 Quae

1876 1716 2005 1756 vero
2027 1700 2233 1769 nupsit,
2268 1699 2472 1770 cogitat
2509 1713 2631 1768 quae
2659 1707 2785 1750 sunt
2816 1697 3023 1763 mundi,
3042 1696 3313 1767 quomodo
3332 1696 3449 1764 pla-

201 1778 370 1849 ἀνδρί.
408 1797 428 1831 ι
459 1779 573 1833 Οὐκ
619 1781 780 1851 ἀρκεῖ
828 1781 1044 1852 σώματι
1101 1777 1242 1835 εἶναι
1283 1783 1471 1852 ἀγίαν,
1507 1783 1644 1838 ἀλλά
1695 1784 1777 1837 δεῖ

1887 1804 2008 1850 ceat
2032 1794 2166 1848 viro.
2199 1811 2217 1844 ι
2250 1791 2364 1846 Non
2389 1792 2520 1846 satis
2547 1800 2627 1846 est
2650 1789 2876 1860 utvirge
2895 1798 3079 1844 sancta
3103 1788 3174 1843 sit
3196 1801 3449 1858 corpore,

202 1872 287 1925 καὶ
313 1871 614 1941 πνεύματι.
654 1872 826 1926 Τοῦτο
857 1874 965 1944 γὰρ
997 1876 1024 1945 ἡ
1056 1874 1259 1945 ἀληθὴς
1288 1875 1582 1947 παρθενία,
1609 1878 1642 1949 η
1674 1880 1774 1949 τῆς

1887 1900 2067 1940 verum
2103 1886 2265 1940 etiam
2300 1883 2516 1954 spiritu.
2549 1882 2660 1937 Hoc
2690 1881 2831 1936 enim
2864 1890 2947 1936 est
2974 1894 3100 1935 vera
3150 1880 3453 1952 virginitas,

199 1961 372 2032 ψυχῆς
404 1961 716 2034 καθαρότης
738 1979 750 1990 ·
779 1963 900 2017 ἐπεὶ
930 1964 1124 2017 πολλαὶ
1162 1964 1224 2018 τὸ
1273 1965 1434 2036 σῶμα
1477 1967 1640 2035 ἁγναὶ
1676 1968 1774 2020 καὶ

200 2054 498 2125 ὰμόλυνται
541 2052 721 2118 οὖσαι,
767 2056 1248 2126 κατεσπιλωμέναι
1282 2058 1391 2111 sici.
1442 2060 1541 2130 τὴν
1569 2058 1770 2131 ψυχήν.

210 2148 371 2203 ’Δλλά
402 2149 495 2203 καὶ
528 2147 685 2202 τοῦτο
713 2149 927 2215 σκόπει,
955 2150 1038 2203 ὅτι
1065 2150 1164 2203 οὐκ
1194 2150 1314 2203 ἔστι
1343 2151 1612 2222 παρθένος
1638 2155 1670 2223 ἡ
1705 2153 1777 2206 τὰ

199 2237 287 2293 τοῦ
337 2238 550 2307 κόσμου
604 2239 953 2309 μεριμνῶσα.
1025 2240 1275 2295 Ἐπειδὰν
1335 2239 1430 2296 οὖν
1484 2243 1602 2313 ίδῃς
1653 2247 1776 2297 τινὰ

200 2329 505 2405 παρθενίαν
534 2332 1039 2405 ἑπαγγελλομένην,
1075 2336 1429 2407 μεριμνῶσαν
1465 2337 1523 2392 δὲ
1573 2338 1642 2392 τὰ
1677 2337 1773 2391 τοῦ

202 2425 432 2494 κόσμου,
455 2425 690 2493 γίνωσκε
720 2426 766 2459 ⁸⁸
795 2426 877 2480 ὃτι
906 2428 1059 2481 οὐδὲν
1097 2428 1346 2500 διαφέρει
1370 2429 1471 2500 τῆς
1496 2432 1554 2483 ὲν
1585 2429 1773 2500 γάμῳ.

211 2516 267 2570 ’0
312 2517 433 2586 γὰρ
461 2516 671 2581 Παῦλος
709 2518 868 2589 ὅρους
898 2521 1235 2593 ἀμφοτέροις
1282 2520 1552 2587 τέθεικεν,
1600 2523 1659 2590 ὲξ
1699 2515 1777 2576 ὧν

198 2606 673 2676 διαγινώσκονται,
729 2610 791 2664 οὐ
849 2612 1030 2682 γάμον
1090 2613 1186 2667 καὶ
1239 2613 1596 2684 ἐγκράτειαν,
1640 2614 1779 2670 ἀλλά

200 2701 739 2775 πολυπραγμοσύνην
774 2704 870 2759 καὶ
922 2705 1358 2778 ἀπραγμοσύνην
1389 2707 1457 2762 ⁸³.
1510 2707 1679 2762 Ὥστε
1732 2711 1768 2778 ἡ

200 2792 646 2865 πολυπράγμων,
706 2796 770 2850 οὗ
821 2796 1110 2868 παρθένος.
1174 2799 1433 2871 Μεριμνᾷ
1475 2798 1534 2853 δὲ
1595 2804 1692 2856 καὶ
1742 2803 1778 2874 ἠ

201 2887 562 2956 γεγαμηκυῖα
612 2885 728 2951 πῶς
775 2887 1077 2960 ἀρέσειτῷ
1109 2889 1302 2962 ἀνδρί·
1333 2891 1497 2962 τυχὸν
1538 2892 1638 2963 μὲν
1684 2895 1780 2948 καὶ

201 2975 436 3041 κάλλους
464 2977 867 3052 ὲπιμελουμένη
884 2996 900 3012 ·
923 2980 1082 3053 τυχδν
1105 2980 1184 3047 δὲ,
1210 2981 1307 3035 καί⁵
1329 2982 1422 3038 διὰ
1447 2982 1507 3038 τδ
1530 2985 1780 3058 οἰκουρὸν

201 3061 383 3117 δοκεῖν
446 3060 588 3120 εἶναι
657 3066 907 3139 ἀγαθὴν.
973 3069 1296 3142 ἀνελεήμων
1363 3072 1461 3129 καὶ
1519 3075 1780 3145 φειδωλὸς

201 3153 555 3227 δεικνυμένη.

1881 1977 2074 2031 animm
2103 1978 2357 2030 nimirum
2383 1976 2613 2046 paritas.
2638 1973 2770 2027 Nam
2791 1972 2970 2028 multm
2990 1987 3215 2042 corpore
3233 1972 3451 2042 quidem

1881 2080 2044 2124 castae
2081 2080 2135 2123 et
2168 2068 2483 2138 impollutm,
2518 2065 2697 2119 anima
2723 2064 3108 2120 contaminata!
3139 2072 3284 2120 sunt.
3309 2062 3459 2118 Prae-

1884 2169 2050 2227 terea,
2085 2168 2140 2213 et
2189 2160 2328 2212 istud
2375 2158 2666 2227 perpende,
2719 2156 2861 2227 quod
2893 2157 2980 2211 illa
3012 2171 3119 2211 non
3146 2165 3227 2210 est
3279 2155 3454 2224 virgo,

1882 2267 2000 2322 qum
2034 2266 2124 2306 res
2147 2258 2305 2307 curat
2346 2249 2668 2304 mundanas.
2721 2246 2854 2302 Cum
2887 2246 3050 2318 igitur
3101 2244 3456 2315 conspexeris

1885 2343 2218 2413 quampiam,
2245 2356 2367 2414 qua:
2396 2341 2700 2397 castitatem
2755 2340 2924 2405 vovit,
2973 2337 3209 2393 sollicite
3242 2338 3458 2392 incum-

1883 2431 2102 2487 bentem
2135 2430 2297 2485 rebus
2329 2428 2535 2495 mundi,
2562 2428 2777 2483 noveris
2794 2442 2912 2483 eam
2940 2440 2970 2481 a
3009 2424 3294 2495 coniugata
3319 2423 3458 2480 nihil

1890 2524 2224 2592 discrepare.
2257 2520 2392 2577 Nam
2431 2520 2632 2576 Paulus
2667 2522 2799 2585 lines
2828 2520 3075 2590 utrisque
3103 2518 3308 2588 posuit,
3335 2518 3459 2589 qui-

1885 2615 1988 2671 bus
2017 2616 2428 2687 dignoscantur,
2454 2630 2561 2670 non
2589 2622 2739 2670 certe
2772 2613 3178 2671 matrimonium
3206 2618 3261 2669 et
3281 2611 3460 2667 conti-
3494 2608 3503 2615 ’

1887 2708 2153 2773 nentiam,
2177 2707 2270 2763 sed
2287 2707 2654 2764 curiositatem
2677 2715 2732 2761 et
2767 2704 3229 2776 tranquillitatem.
3253 2702 3457 2771 Quare.

1886 2815 2008 2870 quae
2027 2800 2191 2855 variis
2221 2800 2453 2870 negotiis
2479 2814 2537 2853 se
2571 2797 2831 2868 implicat,
2868 2798 3025 2866 virgo
3058 2811 3163 2851 non
3191 2804 3295 2851 est.
3329 2792 3462 2861 Quae

1888 2898 2065 2945 autem
2108 2897 2270 2959 nupta
2296 2898 2398 2954 est,
2427 2888 2659 2944 sollicita
2686 2895 2769 2942 est
2800 2886 3075 2957 quomodo
3108 2886 3308 2940 marito
3338 2884 3463 2956 pla-

1888 2991 2041 3048 ceat;
2090 2980 2320 3036 fortnam
2366 2979 2600 3036 fortasse
2639 2993 2861 3042 curans,
2890 2976 2974 3033 vel
3021 2976 3203 3033 forsan
3226 2987 3284 3031 ut
3320 2977 3461 3032 bona

1887 3071 2299 3151 materfamilias
2311 3072 2463 3132 viden
2474 3081 2578 3138 tur,
2595 3070 3146 3126 seimmisericordem
3163 3078 3216 3125 et
3239 3084 3461 3141 parcam

1887 3166 2200 3221 ostendens.

272 3264 292 3297 ι
339 3246 521 3302 Τοῦτο
543 3247 601 3301 δὲ
629 3249 767 3322 πρὸς
800 3249 863 3305 τὸ
896 3250 1052 3322 ὑμῶν
1090 3252 1272 3307 αὐτῶν
1308 3253 1590 3326 συμφέρον
1620 3254 1779 3325 λέγω,

1963 3254 2131 3310 Vens.
2156 3256 2248 3312 35.
2285 3274 2304 3309 ι
2339 3255 2511 3312 Porro
2534 3255 2637 3311 hoc
2655 3256 2720 3310 ad
2742 3256 3027 3311 utilitatem
3048 3266 3286 3313 vestram
3315 3255 3461 3323 dlce,

198 3338 296 3408 οὐχ
322 3338 422 3393 ἵνα
444 3339 635 3410 βρόχον
658 3343 787 3411 ὑμῖν
807 3343 1070 3399 ἐπιϐάλω.
1104 3363 1125 3397 ι
1147 3344 1287 3410 Τοὺς
1311 3348 1439 3418 περὶ
1465 3346 1789 3419 παρθενίας,

204 3432 369 3500 φησι,
442 3430 635 3500 λόγους
705 3434 952 3505 ἐκίνηοα,
1011 3434 1169 3501 εἰδὼς
1219 3439 1498 3509 συμφέρον
1541 3439 1673 3510 ὑμῖν
1733 3439 1797 3492 τὸ

201 3525 470 3596 πρᾶγμα,
494 3525 658 3581 διὰτὸ
685 3525 913 3598 ἄλυπον,
950 3529 1048 3583 καὶ
1074 3530 1397 3604 ἀμέριμνον,
1410 3532 1506 3587 καὶ
1533 3532 1791 3605 ψυχοκρε-

200 3616 468 3692 λέστερον
484 3640 502 3654 ο
527 3621 627 3692 οὐχ
649 3621 737 3675 ἵνα
765 3623 1063 3691 ἀναγκάσω
1084 3625 1254 3696 ὑμᾶς,
1285 3625 1381 3680 καὶ
1413 3627 1488 3696 μὴ
1514 3626 1788 3694 θέλοντας,

201 3711 574 3785 παρθενεύειν
594 3730 609 3743 ·
636 3713 831 3784 βρόχον
860 3716 970 3787 γὰρ
997 3715 1095 3787 τὴν
1115 3716 1365 3787 ἀνάγκην
1393 3717 1701 3788 ὠνόμασεν.

277 3823 301 3859 σ
353 3794 522 3859 Ἀλλά
568 3807 705 3878 πρὸς
760 3806 823 3861 τὸ
882 3806 1160 3878 εὔσχημον
1205 3809 1301 3862 καὶ
1346 3810 1685 3883 εὐπάρεδρον
1712 3810 1793 3882 τῷ

203 3895 403 3967 Κυρίῳ
428 3899 883 3968 ἀπερισπάστως.
916 3917 935 3952 ι
981 3899 1123 3965 Ἵνα,
1175 3902 1363 3972 φησιν,
1412 3903 1792 3974 εὐσχημόνως,

203 3992 298 4041 καὶ
326 3990 393 4043 έν
428 3989 768 4062 καθαρότητι
801 3989 933 4062 ζῆτε
983 3992 1058 4064 (τί
1105 3995 1215 4061 γὰρ
1253 3994 1554 4064 παρθενίας
1594 3996 1793 4067 εὐσχη-

206 4081 539 4152 μονέστερον
586 4084 680 4135 καὶ
712 4081 1170 4156 καθαρώτερονς)
1219 4085 1315 4139 καὶ
1375 4086 1467 4141 ἵνα
1504 4086 1792 4159 ἱλεύθεροι

201 4170 362 4235 ὅντες
392 4171 503 4225 τῶν
533 4171 628 4225 τοῦ
668 4173 848 4244 γάμου
897 4174 1197 4245 ὁχλήσεων,
1257 4176 1683 4246 ἀπερισπάστως
1714 4178 1792 4250 τῷ

204 4263 407 4334 Κυρίῳ
431 4262 720 4333 δουλεύητε
747 4265 840 4318 καὶ
869 4265 1019 4336 αὐτῷ
1043 4266 1418 4338 παρεδρεύητε
1443 4268 1514 4335 ⁷⁸,
1540 4268 1670 4339 ὅλην
1691 4270 1793 4342 τὴν

209 4359 491 4429 μέριμναν
520 4356 607 4410 ἐπ’
642 4357 806 4411 αὑτὸν
838 4358 1222 4428 μετατιθέντες
1246 4360 1314 4412 ⁷⁸.

281 4469 304 4503 ι
344 4450 416 4506 Et
458 4450 517 4502 δέ
562 4465 646 4513 τις
680 4450 1011 4521 ἀσχημονεῖν
1049 4451 1143 4505 ἐπὶ
1187 4452 1288 4520 τὴν
1323 4449 1593 4522 παρθένον
1624 4450 1793 4506 αὐτοῦ

1852 3382 1853 3385 η
1892 3365 1996 3405 non
2024 3350 2347 3418 utlaqueum
2373 3349 2528 3405 vobis
2556 3348 2820 3418 injiciam.
2847 3367 2866 3402 ι
2898 3348 2971 3404 De
3013 3349 3323 3420 virginitate
3348 3363 3468 3404 ser-

1892 3456 2107 3495 monem
2136 3443 2303 3509 movi,
2332 3458 2446 3497 rem
2492 3443 2652 3498 istam
2702 3441 2857 3511 vobis
2908 3443 3216 3498 conducere
3260 3442 3463 3509 sciens,

1895 3533 2040 3605 quod
2074 3546 2308 3589 maerore
2328 3532 2801 3604 sollicitudincque
2818 3542 3022 3599 careat,
3057 3533 3362 3602 animaeque
3391 3532 3468 3590 sit

1894 3625 2081 3680 utilior
2111 3640 2250 3681 :nou
2276 3634 2337 3680 ut
2366 3641 2554 3696 cogam
2587 3640 2685 3681 vos
2719 3627 2920 3679 invitos
2946 3624 2999 3678 in
3044 3625 3295 3680 caelibatu
3323 3638 3461 3694 per-

1897 3731 2157 3773 manere:
2182 3732 2307 3770 nam
2340 3717 2723 3772 necessitatem
2760 3716 3009 3786 laqueum
3040 3716 3357 3771 nominarit.

1969 3825 1989 3859 ι
2015 3806 2122 3862 Sed
2152 3808 2218 3860 ad
2238 3808 2290 3863 id
2314 3808 2452 3877 quod
2480 3808 2769 3863 honestum
2798 3815 2902 3870 est,
2920 3816 2975 3862 et
2996 3817 3048 3861 ut
3083 3805 3311 3861 Domino
3328 3807 3469 3864 assi-

1893 3898 2093 3963 deatis,
2113 3899 2187 3954 ita
2208 3909 2269 3953 ut
2288 3901 2355 3953 ab
2378 3913 2444 3952 eo
2465 3898 2623 3953 avelli
2656 3899 2960 3968 nequeatis.
2990 3915 3009 3950 ι
3034 3892 3126 3964 Ut,
3155 3898 3352 3966 inquit,
3375 3899 3469 3953 ho-

1896 4002 2050 4048 neste
2077 4001 2134 4047 et
2186 3991 2239 4046 in
2282 3991 2517 4061 puritate
2542 3990 2737 4045 vivatis
2771 3990 2921 4059 (quid
2975 3992 3120 4044 enim
3154 3989 3470 4059 virginitate

1895 4083 2178 4139 honestius
2202 4091 2255 4138 et
2280 4082 2466 4152 purius
2478 4083 2549 4152 ί),
2570 4093 2626 4137 et
2643 4091 2701 4136 ut
2725 4099 2752 4136 a
2784 4082 3090 4151 nuptiarum
3114 4082 3377 4138 molestiis
3397 4081 3466 4138 li-

1895 4175 2032 4237 heri,
2062 4175 2288 4231 Domino
2308 4174 2424 4229 sine
2451 4174 2555 4227 ulla
2576 4175 2924 4229 distractione
2953 4174 3205 4229 serviatis
3255 4173 3470 4242 ipsique

1895 4268 2210 4334 assideatis,
2233 4276 2403 4322 totam
2439 4281 2625 4321 curam
2659 4277 2893 4321 vestram
2918 4266 2970 4321 in
3005 4267 3178 4337 ipsum
3236 4265 3471 4321 transle-

1897 4369 2106 4415 rentes.

1971 4448 2136 4503 Vens.
2165 4444 2260 4503 56.
2291 4465 2311 4500 ι
2348 4446 2442 4503 Sin
2470 4445 2593 4518 quis
2616 4456 2771 4517 turpe
2794 4461 2914 4503 esse
2936 4455 3268 4519 putetsupcr
3301 4445 3470 4518 virgi-

203 4538 449 4607 νομίζει,
483 4537 579 4590 ὲάν
661 4536 983 4607 ὑπέρακμος
1008 4578 1024 4603 ,
1053 4539 1169 4608 (καὶ
1201 4538 1372 4603 οὕτως
1413 4541 1619 4609 ὀφείλει
1651 4542 1779 4610 τίνει

1900 4556 1967 4597 ne
1989 4546 2108 4606 sua,
2142 4541 2185 4597 si
2218 4540 2382 4595 fuerit
2410 4542 2778 4610 super-adulta,
2812 4551 2867 4596 et
2914 4542 2992 4595 sic
3053 4550 3268 4610 oportet
3327 4540 3470 4603 lleri,

205 4627 405 4699 σθαι),
424 4627 456 4681 δ
470 4627 618 4681 θέλει
636 4629 878 4693 ποιείτω,
899 4630 998 4698 οὐχ
1018 4630 1320 4700 ἁμαρτάνει
1339 4649 1353 4664 ο
1378 4631 1748 4701 γαμείτωσαν.
1771 4651 1790 4683 ι

203 4722 276 4775 Et
300 4738 410 4785 τις,
447 4720 635 4792 φησὶν,
659 4720 892 4790 ἀσθενὴς
920 4719 997 4774 ὢν
1025 4721 1102 4789 τῷ
1140 4721 1256 4775 om
1290 4722 1390 4792 τὴν
1421 4724 1683 4784 διάνοιαν,
1705 4740 1794 4777 νο-

208 4814 367 4887 μίζει
412 4815 665 4886 ἄσχημον
716 4809 859 4869 εἶναι
891 4814 953 4867 τὸ
1002 4813 1272 4883 παρθένον
1307 4815 1451 4884 ἔχειν
1495 4815 1792 4886 θυγατέρα,

204 4909 309 4960 καὶ
336 4906 513 4961 ταῦτα
541 4907 609 4970 ⁷⁸,
639 4907 957 4977 ὑπέρακμον
981 4902 1149 4973 οὖσαν
1173 4923 1188 4937 ·
1220 4907 1482 4974 γενέσθω,
1513 4911 1668 4976 φησὶ,
1696 4908 1794 4961 καὶ

203 4998 377 5055 οὕτω.
415 4999 585 5065 Πῶς;
626 5017 645 5052 t
687 5001 753 5053 Ὃ
792 4999 960 5063 θέλει,
1008 4998 1266 5053 ποιείτωο
1313 5018 1332 5051 ι
1363 5000 1663 5066 τουτέστιν,
1699 5001 1793 5053 ἐὰν

202 5092 344 5165 θέλῃ
371 5091 556 5145 δοῦναι
584 5090 753 5161 αὐτὴν
782 5092 960 5163 ἀνδρὶ,
987 5090 1127 5145 δότω
1146 5107 1160 5121 ο
1190 5092 1289 5161 οὐχ
1312 5091 1617 5161 ἁμαρτάνει
1656 5091 1785 5163 γάρ.

205 5183 362 5256 Πλὴν
388 5187 636 5256 κρεῖττον
674 5185 733 5238 τὸ
756 5184 1029 5254 παρθένον
1049 5186 1261 5255 τηρεῖν,
1291 5185 1366 5248 ὡς
1407 5185 1532 5255 ἑξῆς
1552 5185 1720 5253 λέγει.

291 5384 315 5417 ι
351 5367 450 5431 ⁸ος
472 5364 532 5419 δὲ
576 5363 811 5433 έστηκεν
845 5362 1054 5431 ἑδραῖος
1084 5362 1144 5415 έν
1191 5363 1259 5432 τῇ
1293 5360 1513 5433 καρδίᾳ,
1550 5360 1624 5432 μὴ
1658 5359 1795 5431 ἔχων

201 5460 484 5532 ἀνάγκην,
507 5457 763 5523 ἐξουσίαν
786 5454 843 5508 δὲ
873 5454 987 5526 ἔχει
1018 5455 1149 5524 περὶ
1175 5453 1271 5507 τοῦ
1305 5453 1435 5507 ἰδίου
1466 5454 1794 5523 θελήματος,

1898 4631 2044 4701 quod
2071 4631 2206 4694 vult,
2238 4630 2423 4695 faciat,
2455 4646 2562 4684 non
2594 4639 2803 4698 peccat,
2831 4629 3158 4685 contrahant
3189 4628 3474 4682 matrimo-

1897 4726 2072 4779 nium.
2113 4741 2132 4775 ι
2163 4724 2219 4778 Si
2248 4725 2390 4793 quis,
2418 4724 2612 4792 inquit,
2632 4738 2822 4778 revera
2846 4722 3131 4777 imbecillis
3159 4721 3470 4791 intelligem-

1898 4817 2006 4877 tim,
2043 4826 2198 4883 turpe
2218 4830 2341 4869 esse
2358 4821 2597 4876 censeat,
2618 4813 2781 4866 tiliam
2830 4826 2987 4867 suam
3028 4813 3286 4881 virginem
3344 4812 3474 4867 reti-

1896 4921 2048 4970 nere,
2070 4906 2368 4976 praesertim
2390 4919 2509 4973 quae
2529 4904 2702 4958 aetatis
2727 4901 2912 4958 ﬂorem
2934 4905 3211 4974 praeteriit,
3230 4902 3367 4967 Fiat,
3388 4903 3474 4956 in-

1898 5001 2035 5069 quit,
2063 5001 2162 5054 sic.
2193 4997 2520 5065 Quomodo?
2557 5015 2576 5048 ι
2613 4996 2765 5062 Quod
2797 4997 2910 5050 vult
2940 4997 3100 5051 faciat
3134 5012 3148 5050 :
3193 5013 3213 5047 ι
3242 4997 3341 5050 hoc
3362 5008 3469 5062 est,

1896 5091 1941 5144 si
1959 5091 2087 5144 velit
2108 5104 2225 5143 eam
2250 5089 2464 5143 tradere
2479 5088 2700 5154 marito,
2726 5086 2906 5142 tradat
2925 5102 2941 5153 ;
2960 5102 3067 5141 non
3090 5086 3232 5141 enim
3257 5093 3468 5156 peccat.

1904 5175 2284 5233 Verumtamen
2312 5176 2503 5231 melius
2525 5187 2611 5231 est
2646 5176 2911 5246 virginem
2937 5189 3178 5241 servare,
3203 5175 3470 5242 quemad-

1902 5272 2121 5325 modum
2156 5271 2412 5341 deinceps
2444 5270 2598 5327 dicit.

1971 5360 2351 5418 Vatts.37-38.
2390 5382 2407 5413 ι
2444 5364 2545 5431 Qui
2571 5373 2752 5418 autem
2802 5372 2913 5418 stat
2960 5361 3150 5417 ﬁrmus
3207 5362 3260 5415 in
3309 5361 3473 5416 corde

1901 5470 2022 5520 suo,
2055 5469 2160 5507 non
2203 5455 2406 5509 habens
2436 5456 2842 5519 necessitatem,
2865 5462 3131 5524 potestate
3157 5463 3336 5506 autem
3369 5453 3472 5507 lia-

202 5553 313 5604 καὶ
357 5549 518 5604 τοῦτο
568 5547 829 5620 κέκρικεν
883 5548 942 5600 ὲν
989 5549 1058 5618 τῇ
1115 5545 1314 5619 καρδίᾳ
1365 5546 1554 5613 αὑτοῦ,
1611 5549 1779 5617 τηρεῖι

1902 5548 2038 5603 heus
2058 5548 2285 5618 propriis
2305 5547 2619 5611 voluntatis,
2640 5557 2804 5617 atque
2825 5549 2926 5603 hoc
2938 5547 3199 5617 judicavit
3225 5547 3279 5601 in
3306 5545 3474 5602 corde

1566 5644 1767 5706 Variae
1818 5641 2152 5708 lectiones.
2599 5642 2614 5653 °
3132 5652 3155 5662 ‘

283 5742 330 5774 ⁸⁷
352 5744 447 5818 τὴν
479 5742 715 5816 κρείττω
734 5744 831 5803 καὶ⁸
857 5744 1234 5818 ἀπονωτέραν.
1330 5745 1377 5779 ⁸⁸
1407 5743 1538 5801 ίσθι.
1580 5760 1635 5799 ο.

195 5813 264 5847 ⁷⁸
290 5813 490 5885 ταύτην
521 5813 578 5872 ὸ.

1430 5912 1460 5933 «ο

1712 5747 1757 5779 ⁸⁸
1787 5744 2175 5817 ἀκτημοσύνην
2199 5760 2254 5802 o.
2328 5745 2375 5777 ’⁸
2408 5743 2809 5818 προσεδρεύητε
2842 5759 2894 5800 o.
2972 5746 3012 5778 '"
3048 5746 3393 5813 ἀνατιθέντες
3417 5762 3476 5810 0.-

2904 5978 2967 5987 ..ιο
