3874 6594
173 482 279 553 657

916 491 1329 555 EXPOSITIO
1368 494 1451 556 ΙΝ
1484 494 1721 556 EPIST.
1759 494 1787 554 Ι
1826 497 1929 559 AD
1964 496 2137 564 COR.
2171 529 2240 538 —
2276 503 2436 564 CAP.
2471 504 2647 565 VIII‘.

3331 507 3440 570 658

180 602 314 673 πρὸς
339 598 466 666 τοὺς
494 600 734 669 τελείους
759 603 1097 675 διαλέγεται,
1125 607 1287 676 ἀφεὶς
1318 608 1445 672 τοὺς
1475 609 1740 663 ιἰτελεστετ⁴

1860 610 2131 666 idolorum
2177 613 2452 670 culturam
2485 616 2920 688 impellerentur.
2976 617 3057 674 Ad
3093 618 3231 674 istud
3261 620 3447 694 itaque

171 711 317 768 ρους,
357 695 495 766 ὅπερ
547 694 671 761 ἔθος
723 697 894 769 αὐτῷ,
954 699 1067 753 Καὶ
1121 697 1341 768 πρῶτον
1392 701 1751 755 καταστέλλει

168 787 347 842 αΰτῶν
383 788 475 841 τὸν
504 789 598 842 ἐπὶ
628 789 675 822 ⁷⁸
719 792 784 862 τῇ
816 790 1020 860 γνώσει
1067 791 1259 861 τῦφον,
1297 793 1391 849 καί
1435 812 1625 866 φησιν,
1668 797 1751 849 ὅτι

169 881 240 934 οὐ
272 881 423 951 μόνοι
452 881 613 952 ὑμεῖς
632 882 837 955 ταύτην
861 884 1035 955 ἔχετε,
1059 884 1195 940 ἀλλά
1220 886 1422 951 πάντες
1443 887 1665 959 οἴδαμεν
1680 889 1747 956 ⁷⁷,

166 972 246 1027 ὅτι
277 975 430 1028 οὐδέν
460 976 610 1030 ἐστιν
640 977 859 1031 εἴδωλον
900 982 958 1032 ὲν
1000 979 1195 1052 κόσμῳ
1217 997 1230 1012 ·
1277 980 1440 1051 πλὴν,
1482 983 1515 1051 ἡ
1549 982 1752 1050 γνῶσις

168 1064 224 1119 οὐ
253 1065 416 1134 μόνον
450 1068 606 1121 οὐδὲν
661 1068 885 1139 ὠφελεῖ,
921 1072 1060 1125 ἀλλά
1109 1072 1313 1144 μᾶλλον
1348 1075 1445 1128 καὶ
1493 1075 1748 1146 βλάπτει,

167 1159 437 1229 φυσιοῦσα
488 1161 586 1214 καὶ
617 1162 861 1232 ὸγκοῦσα
892 1164 987 1218 τὸν
1036 1165 1251 1236 ἔχοντα,
1311 1169 1406 1223 καὶ
1453 1167 1542 1222 διὰ
1594 1170 1752 1226 τοῦτο

167 1248 539 1317 ἀποσχέζουσσ,
569 1252 736 1306 αὐτὸν
770 1254 864 1308 τοῦ
896 1255 1128 1326 πλησίον
1162 1258 1380 1327 μέλους,
1420 1262 1516 1317 ἐὰν
1548 1264 1622 1334 μὴ
1654 1266 1750 1319 καὶ

163 1342 257 1409 τὴν
282 1341 512 1411 ἀγάπην
550 1343 650 1417 ἔχῃ
687 1345 808 1414 μεθ’
842 1348 1039 1403 ἑαυτοῦ
1065 1350 1133 1414 ⁷⁸,
1154 1349 1278 1421 ἥτις
1306 1352 1495 1425 ἀγάπη
1519 1356 1747 1410 τούναν-

162 1433 268 1487 τίον
302 1435 614 1506 οἰκοδομεῖν
653 1437 906 1498 δύναται.
938 1442 1082 1496 ’Ὅσα
1113 1444 1224 1516 γὰρ
1257 1447 1290 1516 ἡ
1329 1448 1499 1516 χωρὶς
1528 1450 1749 1518 ἀγάπης

162 1526 364 1595 γνῶσις
427 1530 708 1600 καθαιρεῖ,
761 1533 938 1589 ταῦτα
1004 1537 1037 1606 ἡ
1090 1537 1277 1610 ἀγάπη
1328 1540 1603 1612 ἀνεγείρει
1654 1541 1746 1596 καὶ

157 1619 456 1691 οἰκοδομεῖ,
490 1622 672 1678 πάντα
714 1625 858 1698 ὑπὲρ
888 1626 981 1681 τοῦ
1014 1628 1244 1699 πλησίον
1265 1632 1517 1687 ποιοῦσα.

227 1915 248 1951 ι
287 1898 353 1954 El
388 1900 449 1955 δέ
470 1919 553 1964 τις
581 1902 730 1987 δοκεῖ
767 1905 970 1961 είδέναι
995 1925 1072 1971 τι,
1098 1908 1313 1963 οὐδέπω
1348 1911 1500 1967 οὐδὲν
1530 1911 1740 1982 ἔγνωκε

1854 704 2239 775 corrigendum
2274 707 2518 776 festinat,
2557 724 2619 765 ac
2655 711 2720 764 ad
2748 711 3043 781 perfectos,
3076 711 3444 783 impcrfectio-

1853 805 2029 870 ribus,
2061 805 2138 861 uti
2163 806 2325 871 solet,
2358 808 2604 869 omissis.
2639 807 2886 866 disserit.
2929 811 3004 867 Ac
3031 810 3267 882 primum
3301 811 3446 881 ipso-

1858 913 1981 952 rum
2026 897 2223 959 fastum
2255 901 2323 955 ob
2352 901 2637 957 scientiam
2678 913 3005 973 conceptum
3053 904 3320 975 reprimit.
3356 906 3442 960 in-

1856 989 2051 1058 quiens
2082 1007 2095 1044 :
2131 987 2249 1044 Non
2285 1006 2382 1045 vos
2409 991 2507 1046 soli
2542 990 2685 1047 hanc
2717 992 2951 1061 habetis,
2994 993 3087 1048 sed
3117 1009 3217 1049 nos
3250 1008 3447 1050 omnes

1851 1096 1918 1136 ex
1954 1097 2108 1152 mquo
2138 1092 2408 1150 tenemus,
2446 1083 2590 1153 quod
2619 1083 2752 1137 nihil
2784 1083 2857 1137 sit
2886 1083 3089 1138 idolum
3125 1084 3177 1138 in
3213 1084 3437 1140 mundo.

1854 1173 2054 1230 Verum
2104 1176 2337 1229 scientia
2367 1176 2501 1231 adeo
2545 1190 2652 1231 non
2713 1176 2888 1232 solum
2921 1191 3029 1231 non
3084 1178 3328 1247 prodest,
3382 1188 3442 1231 ut

1851 1268 2033 1337 potius
2080 1267 2246 1322 etiam
2283 1267 2445 1331 obsit,
2483 1267 2680 1322 inﬂatis
2717 1278 2772 1323 et
2818 1267 3190 1324 intumescere
3233 1269 3441 1325 faciens

1850 1358 2162 1423 habentem,
2189 1374 2252 1413 ac
2276 1371 2560 1429 propterea
2586 1359 2918 1416 abscindens
2962 1376 2988 1413 a
3012 1360 3245 1431 proximi
3272 1375 3443 1415 metu-

1849 1448 1967 1517 bro,
2002 1449 2105 1503 nisi
2138 1450 2463 1505 charitatem
2492 1467 2596 1505 una
2628 1467 2819 1508 secum
2850 1451 3121 1506 habuerit.
3148 1450 3444 1518 Qumnitui-

1850 1558 1966 1597 rum
1997 1542 2260 1608 Charitas,
2300 1559 2330 1598 e
2353 1553 2540 1598 contra
2572 1543 2846 1600 mdiftcare
2867 1554 3067 1617 potest.
3094 1543 3443 1613 Qumcunque

1858 1635 2001 1691 enim
2036 1636 2267 1692 scientia
2301 1636 2420 1691 sine
2454 1636 2743 1703 charitate,
2774 1637 3029 1703 destruit,
3063 1637 3179 1692 haec
3203 1637 3443 1691 charitas

1846 1728 2012 1799 erigit
2073 1730 2456 1801 atdilicatque,
2521 1729 2706 1785 omnia
2772 1730 2826 1785 in
2903 1729 3137 1801 proximi
3207 1728 3440 1799 gratiam

1850 1822 2077 1879 faciens.

1918 1912 2083 1969 Vens.
2129 1914 2184 1971 2.
2228 1933 2246 1967 ι
2290 1912 2348 1970 Si
2378 1915 2500 1986 quis
2532 1923 2714 1970 autem
2744 1928 2806 1970 se
2848 1913 3129 1968 existimat
3171 1912 3312 1967 scire
3338 1913 3441 1966 ali-

158 1991 343 2057 καθὼς
384 1993 470 2047 δεῖ
511 1978 715 2050 εἰδέναι
768 1997 837 2056 ⁷⁸.
882 2016 902 2051 ι
966 1964 1264 2070 Τὸνμεῖζον
1293 1964 1740 2073 λέγειν

1851 1964 2273 2076 quid—,"nondum
2307 1964 2602 2078 quidquam
2656 2006 2828 2072 novit,
2857 2005 3312 2075 quemadmodum
3345 2021 3442 2059 no-

156 2083 231 2138 ὄτι
261 2082 375 2140 κᾶν
405 2086 545 2155 μετά
582 2087 682 2157 τῆς
714 2089 943 2161 ἀγάπης
988 2093 1019 2162 ὴ
1057 2093 1262 2162 γνῶσις
1302 2091 1362 2170 ᾖ,
1394 2096 1517 2151 οὐδὲ
1569 2097 1744 2164 οὕτως

158 2176 274 2230 ἐστὶ
299 2178 495 2233 τελεία
517 2195 531 2211 ο
575 2180 755 2245 οὐδεὶς
792 2181 903 2254 γὰρ
937 2179 1045 2238 οἶδέ
1076 2203 1127 2238 τι
1175 2185 1356 2251 καθὼς
1388 2188 1469 2242 δεῖ
1515 2190 1741 2260 γνῶναι,

156 2268 251 2324 κάν
273 2269 490 2342 Πέτρος
526 2267 590 2347 ᾗ,
626 2272 734 2328 κᾶν
770 2273 1007 2340 Παῦλος.
1038 2277 1201 2331 Ὥστε
1230 2279 1282 2332 τί
1325 2279 1484 2350 ὑμεῖς
1520 2281 1738 2353 ἐπαίρες

158 2360 267 2425 σθε,
313 2363 367 2414 oi
404 2364 505 2434 τὴν
535 2363 738 2433 γνῶσιν
762 2365 981 2436 ἔχοντες
1008 2369 1182 2439 χωρὶς
1209 2371 1455 2443 ἀγάπης,
1490 2373 1625 2428 ὅπου
1678 2389 1742 2442 γε

153 2450 253 2505 κάν
303 2452 452 2522 μετά
496 2453 597 2526 τῆς
654 2455 880 2529 ἀγάπης
935 2459 1106 2530 αὐτὴν
1164 2460 1363 2532 εἴχετε,
1425 2463 1547 2518 οὐδὲ
1599 2464 1742 2520 οὕτω

154 2544 362 2601 τέλειόν
392 2563 447 2600 τι
482 2545 814 2617 ἐγινώσκετε
840 2569 856 2619 ;

226 2831 247 2864 ι
277 2811 347 2866 Εἰ
380 2810 439 2868 δέ
472 2831 556 2878 τις
588 2815 782 2888 ἀγαπᾷ.
810 2816 904 2871 τὸν
948 2818 1107 2883 Θεὸν,
1156 2812 1311 2886 οὗτος
1345 2823 1616 2892 ἔγνωσται
1648 2827 1741 2880 ὑπ’

144 2894 341 2960 αὑτοῦ.
385 2926 406 2959 ι
445 2908 512 2962 Ὃ
558 2907 732 2977 λέγει,
788 2910 1034 2965 τοιοῦτόν
1080 2914 1230 2967 ἐστιν
1258 2932 1271 2945 ·
1328 2918 1396 2972 El!
1420 2936 1504 2981 τις
1548 2920 1741 2993 ἀγαπᾷ

150 2998 236 3052 τὸν
272 3000 531 3070 πλησίον,
569 3002 760 3076 ἀγαπᾷ
790 3004 885 3057 καὶ
915 3004 1008 3058 τὸν
1038 3006 1171 3060 Θεὸν
1206 3009 1444 3074 πάντως.
1480 3011 1740 3082 Ἀγαπῶν

147 3090 203 3144 δὲ
231 3091 333 3146 τὸν
378 3093 535 3158 Θεὸν,
586 3096 689 3148 οὐκ
737 3089 914 3163 εἶπεν,
955 3100 1037 3153 ὄτι
1083 3098 1226 3168 ἔγνω
1272 3104 1366 3155 τὸν
1416 3104 1571 3171 Θεὸν,
1599 3106 1737 3172 ἀλλ’,

155 3202 175 3234 ι
207 3184 525 3252 Ἐγνωσται
555 3187 661 3240 ὑπὸ
690 3188 828 3242 Θεοῦ
850 3208 864 3221 ο
899 3209 918 3241 ι
950 3191 1222 3258 τουτέστι,
1256 3196 1497 3262 γνωστὸς
1523 3197 1671 3270 αὐτῷ
1692 3200 1739 3232 ⁸⁸

153 3275 243 3327 καὶ
276 3277 480 3339 οἰκεῖος
531 3278 885 3333 καθίσταται.
914 3282 1165 3348 Γνωστὸς
1208 3285 1264 3338 δὲ
1313 3287 1610 3356 γενόμενος
1662 3288 1739 3362 τῷ

151 3366 292 3437 Θεῷ,
322 3368 529 3438 γνῶσιν
555 3372 688 3443 παρ’
720 3373 887 3427 αὑτοῦ
915 3375 1185 3446 λαμϐάνει
1218 3419 1234 3444 ,
1264 3382 1359 3433 καὶ
1387 3382 1510 3435 οὐδὲ
1531 3383 1737 3455 ταύτην

155 3459 271 3530 ἔχει
316 3463 764 3536 ἀπηρτισμένην.
797 3468 963 3522 Ὥστε
1017 3471 1124 3523 κᾶν
1198 3473 1403 3540 γνῶσιν
1458 3476 1610 3551 ἔχῃς,
1663 3480 1739 3551 μὴ

153 3553 382 3624 [talpae
407 3573 417 3584 '
443 3556 566 3611 οὔτε
592 3557 702 3630 γάρ
725 3560 906 3614 τελεία
932 3561 1242 3625 ἐστ“ιν,οὖτε
1270 3566 1360 3620 σὸν
1383 3570 1735 3642 κατόρθωμα,

154 3644 290 3697 ἀλλά
322 3646 420 3699 τοῦ
442 3647 580 3702 Θεοῦ
600 3650 644 3682 ⁸⁸
672 3653 787 3705 ἐστι
819 3652 1091 3724 χάρισμα.
1110 3656 1251 3728 Ὅρα
1276 3657 1428 3727 γοῦν,
1447 3662 1533 3715 διὰ
1556 3664 1738 3717 πόσων

154 3739 515 3793 καταστέλλει
548 3742 640 3794 τὸν
669 3740 843 3812 τῦφον
883 3745 1088 3800 αὐτῶν.

228 3847 248 3879 ι
282 3829 422 3899 Περὶ
455 3831 556 3900 τῆς
588 3831 847 3902 βρώσεως
860 3830 954 3888 οὖν
974 3836 1084 3892 τῶν
1103 3838 1493 3908 εἰδωλοθύτων,
1517 3843 1738 3916 οἴδαμεν

155 3920 236 3973 ὃτι
289 3922 447 3976 οὐδὲν
481 3923 702 3979 εἴδωλον
760 3928 820 3980 ἐν
868 3929 1082 4001 κόσμῳ,
1120 3933 1215 3985 καὶ
1249 3933 1331 3986 ὄτι
1389 3935 1566 4001 οὐδεὶς
1606 3939 1739 4003 Θεὸς

156 4012 367 4084 ἔτερος,
400 4017 453 4069 εί
498 4017 572 4090 μὴ
605 4013 707 4082 εἷς.
758 4039 776 4072 ι
818 4021 992 4075 Πάλιν
1044 4029 1340 4080 κοινοποιεῖ
1385 4030 1486 4100 τὴν
1514 4031 1736 4102 γνῶσιν,

156 4108 537 4163 καταστέλλων
586 4112 810 4177 αὐτούς.
851 4116 1061 4182 Πάντες
1095 4118 1228 4189 γὰρ,
1268 4123 1455 4190 φησὶν,
1516 4125 1738 4195 οῖδαμεν

156 4197 237 4250 ὅτι
277 4200 429 4253 οὐδὲν
468 4202 690 4257 εἴδωλον
720 4206 778 4259 ὲν
811 4206 1025 4278 κόσμῳ.
1065 4209 1180 4262 Οὐκ
1204 4209 1352 4263 ἐστιν
1383 4210 1477 4265 οὖν
1503 4214 1734 4282 εἴδωλας

156 4290 257 4343 οὐκ
288 4291 400 4346 ἔστι
438 4292 633 4364 ξόανα;
672 4298 831 4352 Ἔστι
888 4301 1011 4370 μὲν,
1061 4302 1175 4356 ἀλλ’
1206 4304 1359 4358 οὐδέν
1387 4306 1534 4360 ἐστι’
1577 4324 1738 4361 τουτ-

159 4382 329 4450 έστιν,
362 4385 625 4457 οὐδεμίαν
670 4390 826 4460 ἰσχὺν
863 4391 1018 4463 ἔχει·
1066 4395 1187 4448 οὐδὲ
1223 4396 1337 4449 θεοί
1384 4399 1544 4462 εἰσιν,
1601 4401 1738 4454 ἀλλὰ

156 4473 297 4529 λίθοι
334 4479 429 4532 καὶ
469 4479 744 4551 δαίμονες.
792 4484 1012 4556 Ἐπειδὴ
1039 4486 1148 4560 γάρ
1173 4484 1316 4561 ἦσαν
1346 4492 1479 4563 παρ’
1506 4484 1737 4564 Ἕλλησι

155 4568 257 4620 καὶ
290 4569 512 4635 ἰδιῶται,
570 4573 668 4627 καὶ
720 4575 911 4643 σοφοί·
956 4579 1054 4631 καὶ
1109 4580 1158 4632 οί
1190 4580 1288 4651 μὲν
1329 4583 1539 4638 ἰδιῶται
1583 4584 1737 4639 οὐδὲν

1848 2096 1992 2150 visse
2019 2105 2245 2165 oportet.
2290 2115 2308 2147 ι
2348 2096 2516 2168 Majus
2552 2096 2812 2167 quiddam
2842 2097 2930 2152 hic
2980 2095 3138 2164 dicit,
3175 2111 3370 2165 nempe
3407 2114 3421 2150 :

1846 2188 2074 2242 Etiamsi
2106 2187 2361 2244 eharitati
2418 2189 2647 2244 scientia
2698 2188 2984 2257 conjuncta
3026 2188 3219 2257 fuerit;
3264 2204 3437 2259 neque

1854 2279 1935 2333 sic
1962 2289 2043 2333 εει
2066 2276 2326 2348 perfecta.
2362 2276 2532 2334 Nemo
2563 2280 2706 2336 enim
2742 2280 3040 2351 quidquam
3065 2280 3215 2335 novit
3239 2294 3433 2349 quem-

1847 2371 2137 2425 admodum
2197 2371 2341 2427 scire
2388 2382 2626 2442 oportet,
2663 2374 2778 2429 sive
2830 2372 3025 2429 Petrus
3054 2372 3260 2444 (fuerit,
3319 2373 3435 2427 sive

1847 2463 2065 2519 Paulus.
2089 2464 2226 2531 Quid
2258 2464 2426 2535 igitur
2456 2480 2557 2520 vos
2593 2464 2906 2531 cll‘erimini,
2940 2466 3032 2537 qui
3063 2466 3289 2521 scientia
3316 2465 3436 2519 sine

1846 2557 2140 2613 dilectione
2167 2559 2363 2614 imbuti
2398 2559 2570 2615 estis?
2592 2560 3036 2630 quandoquidem
3067 2559 3111 2616 si
3146 2559 3430 2615 scientiam

1846 2650 2009 2705 etiam
2044 2666 2165 2706 cum
2206 2652 2499 2708 dilectione
2550 2652 2846 2719 haberetis,
2885 2666 3063 2724 neque
3109 2653 3188 2709 sic
3253 2660 3432 2707 tamen

1843 2742 2080 2813 perfecte
2119 2742 2320 2813 aliquid
2354 2744 2593 2800 sciretis.

1918 2836 2082 2891 Vens.
2111 2838 2165 2891 5.
2208 2856 2226 2889 ι
2275 2835 2371 2891 Sin
2403 2837 2527 2908 quis
2567 2846 2746 2893 autem
2785 2837 2959 2908 diligit
2995 2837 3189 2904 Deum,
3244 2837 3291 2892 is
3339 2851 3435 2892 c0-

1842 2928 2030 3000 gnitns
2076 2939 2159 2985 est
2208 2931 2276 2985 ab
2324 2945 2412 2986 eo.
2458 2950 2475 2983 ι
2515 2926 2667 2999 Quod
2701 2930 2798 2999 ait,
2849 2939 2934 2987 est
2958 2930 3316 3002 hnjnsntodi:
3374 2929 3432 2986 Si

1842 3020 2255 3090 quisjcltaritate
2281 3021 2589 3091 proximum
2619 3037 2777 3078 suum
2801 3023 3172 3095 prosequitur,
3190 3023 3237 3079 is
3263 3022 3430 3078 Deum

1844 3113 2010 3168 etiam
2034 3127 2260 3183 prorsus
2295 3113 2493 3185 diligit.
2554 3114 2654 3181 Qui
2686 3124 2866 3170 autem
2902 3116 3067 3170 Deum
3093 3115 3294 3189 diiigit,
3318 3132 3428 3172 non

1844 3205 2006 3271 dixit,
2041 3205 2359 3274 cognoverit
2392 3208 2710 3273 Deum,sed,
2743 3225 2763 3260 ι
2795 3206 2971 3263 ADeo
2996 3208 3377 3280 eognitusest:
3405 3226 3427 3261 ι

1844 3298 1947 3352 hoc
1981 3307 2085 3364 est,
2122 3310 2286 3354 notus
2314 3299 2415 3370 ipsi
2452 3308 2503 3355 et
2530 3299 2820 3356 familiaris
2850 3301 3221 3357 constituitur.
3253 3299 3431 3358 Notus

1841 3396 2024 3443 autem
2070 3388 2203 3457 Deo,
2244 3389 2528 3445 scientiam
2565 3393 2635 3446 ab
2683 3406 2750 3445 e0
2784 3392 2982 3462 accipit
3020 3411 3034 3447 :
3074 3408 3247 3464 neque
3292 3394 3433 3449 hanc

1844 3489 2021 3534 tamen
2082 3479 2380 3549 perfectam
2423 3481 2604 3537 habet.
2667 3482 2924 3549 Proinde,
2975 3484 3077 3539 etsi
3143 3483 3426 3538 scientiam

1841 3572 2063 3638 habeas,
2103 3573 2214 3628 noli
2242 3572 2446 3629 efferri.
2482 3572 2617 3628 Nam
2652 3591 2827 3646 neque
2861 3576 3099 3646 perfecta
3124 3586 3229 3644 est,
3254 3592 3430 3646 neque

1845 3672 1994 3718 tunm
2034 3679 2191 3733 opus,
2250 3664 2350 3719 sed
2400 3665 2492 3720 Dei
2524 3666 2750 3722 donum.
2809 3664 2942 3722 Vide
2994 3666 3159 3738 igitur
3204 3668 3429 3737 quantis

1844 3757 2184 3824 argumentis
2217 3771 2407 3811 eorum
2446 3758 2758 3827 superbiam
2793 3759 3032 3814 cohibet.

1919 3847 2083 3904 Vens.
2143 3849 2196 3903 4.
2238 3867 2257 3900 ι
2307 3848 2380 3904 De
2411 3849 2826 3906 manducatioue
2861 3866 2990 3907 vero
3041 3866 3254 3917 eorum,
3310 3866 3431 3922 qua:

1841 3939 2004 3995 idolis
2036 3949 2164 3995 sunt
2194 3940 2402 4007 oblata,
2439 3942 2643 3996 scimus
2680 3944 2825 4013 quod
2854 3943 3054 3999 idolum
3098 3943 3233 3998 nihil
3259 3951 3345 4000 est
3371 3944 3425 3998 in

1840 4033 2068 4097 mundo,
2101 4041 2153 4087 et
2183 4033 2328 4103 quod
2351 4032 2531 4089 nullus
2561 4043 2643 4089 est
2668 4034 2809 4090 Deus
2838 4036 2938 4090 nisi
2962 4053 3123 4091 unus.
3163 4056 3181 4089 ι
3219 4035 3427 4091 Rursus

1840 4126 2203 4203 cegnitioucm
2222 4142 2564 4182 communem
2591 4126 2739 4192 facit,
2769 4130 3080 4200 deprimens
3111 4145 3227 4186 eos.
3289 4129 3425 4184 Nam

1840 4232 2051 4286 omnes,
2110 4219 2305 4289 inquit,
2368 4220 2571 4275 scimus
2627 4222 2772 4293 quod
2834 4223 3037 4278 idolum
3075 4222 3208 4278 nihil
3244 4223 3316 4278 sit
3372 4222 3425 4276 iu

1842 4315 2070 4367 mundo.
2110 4313 2306 4368 Nonne
2345 4313 2511 4382 igitur
2531 4324 2659 4369 sunt
2693 4315 2832 4371 idola
2854 4317 2881 4370 ?
2913 4331 3090 4371 nonne
3118 4315 3430 4384 sculptilia?

1846 4404 1986 4458 Sunt
2021 4405 2267 4475 quidem,
2296 4407 2389 4462 sed
2425 4406 2560 4461 nihil
2594 4419 2723 4464 sunt
2752 4426 2767 4463 :
2795 4408 2846 4463 id
2880 4418 2983 4476 est,
3027 4409 3233 4463 nultum
3263 4410 3430 4463 robur

1845 4497 2067 4561 habent.
2110 4498 2297 4570 Neque
2344 4501 2417 4555 dii
2452 4510 2602 4566 sunt,
2636 4501 2730 4555 scd
2771 4500 2981 4571 lapides
3013 4516 3077 4556 ac
3130 4502 3425 4558 d:emones.

1841 4588 1976 4656 Quia
2011 4605 2140 4643 vero
2171 4591 2311 4660 apud
2349 4591 2566 4646 Greecos
2602 4592 2758 4647 fuere
2786 4601 2842 4648 et
2876 4592 3079 4648 indocti
3114 4602 3170 4647 et
3206 4593 3426 4663 sapien-

157 4660 354 4729 ᾔδεσαν
384 4663 431 4696 ⁸³
462 4665 627 4718 πλέον
663 4667 772 4719 τῶν
806 4668 971 4723 λίθων
1004 4687 1020 4701 ⁸
1051 4673 1099 4725 οί
1131 4672 1190 4726 δὲ
1235 4673 1516 4744 φιλόσοφοι
1573 4678 1735 4732 δυνά-

1851 4690 1925 4735 les
1955 4698 1968 4734 :
2001 4681 2203 4735 indocti
2265 4682 2484 4751 quidem
2545 4682 2682 4737 nihil
2721 4683 2839 4753 plus
2901 4684 3040 4738 idola
3093 4700 3213 4741 esse
3261 4660 3424 4755 quam

165 4766 287 4818 μεις
314 4752 459 4818 θείας
493 4756 725 4810 ἐνοικεῖν
747 4758 932 4823 αὐτοῖς
963 4759 1234 4829 ἐδόξαζον,
1266 4764 1360 4830 οὓς
1388 4765 1434 4799 ⁸³
1462 4768 1557 4821 καὶ
1583 4768 1740 4836 θεοὺς

160 4843 421 4900 ἐκάλουν·
457 4850 599 4921 πρὸς
641 4850 742 4922 μὲν
783 4854 911 4917 τοὺς
964 4854 1182 4920 ἰδιώτας
1223 4840 1345 4911 εἷπε
1388 4858 1471 4925 τὸ,
1511 4879 1531 4913 ι
1572 4862 1739 4916 Οὐδέν

163 4940 309 4991 ἔστιν
337 4942 553 4997 εἴδωλον
585 4944 643 4997 ὲν
663 4945 743 5014 τῷ
775 4947 966 5018 κόσμῳ
986 4964 1001 4980 ·
1043 4967 1063 5000 ι
1091 4948 1225 5019 πρὸς
1258 4950 1315 5003 δὲ
1347 4952 1473 5017 τοὺς
1522 4953 1739 5023 φιλοσό-

162 5042 314 5096 φους,
343 5035 420 5089 ὅτι
452 5053 472 5087 ι
501 5036 617 5090 Οὐκ
640 5036 791 5091 ἐστιν
820 5039 1011 5110 ἕτερος
1032 5039 1189 5106 Θεὸς,
1215 5043 1264 5095 εί
1292 5042 1365 5112 μὴ
1389 5038 1490 5107 εἷς.
1521 5064 1540 5097 ι
1575 5046 1736 5101 Ὥστε

161 5122 281 5175 οὐδὲ
328 5125 587 5196 δυνάμεις
627 5132 769 5183 θεῖαι
820 5132 1092 5187 ἐνοικοῦσι
1140 5137 1256 5199 τοῖς
1321 5135 1597 5202 εἰδώλοιςο
1652 5138 1733 5205 εἷς

160 5213 271 5285 γάρ
295 5219 407 5272 ἐστι
446 5219 602 5286 Θεὸς,
638 5224 736 5276 καὶ
760 5222 821 5275 οὐ
850 5223 1057 5278 πολλοί.

238 5402 257 5434 ι
290 5385 398 5441 Καὶ
429 5389 540 5460 γάρ
568 5391 733 5464 είπερ
766 5393 875 5446 elei.
912 5393 1200 5467 λεγόμενοι
1228 5397 1362 5468 θεοὶ,
1394 5403 1503 5456 είτε
1536 5404 1594 5457 ἐν
1643 5407 1732 5459 οὐ-

171 5478 326 5548 ρανῷ,
356 5481 465 5534 εἴτε
523 5485 615 5538 ἐπὶ
658 5487 758 5555 γῆς
794 5486 1006 5559 (ὥσπερ
1050 5490 1159 5543 εἰσὶ
1211 5490 1324 5546 θεοὶ
1376 5495 1583 5562 πολλοὶ,
1633 5500 1728 5553 καὶ

171 5566 337 5658 κιῐριοι
376 5573 606 5643 πολλοὶ),
647 5576 760 5630 ἀλλ’
810 5579 945 5649 ἡμῖν
981 5573 1065 5644 εἷς
1105 5582 1239 5646 θεὸς
1278 5586 1306 5637 ὁ
1337 5586 1546 5658 Πατὴρ,
1575 5590 1634 5654 ἐξ
1667 5585 1727 5644 οὗ

171 5657 233 5711 τὰ
262 5663 471 5731 πάντα,
508 5667 603 5719 καὶ
652 5670 819 5738 ἡμεῖς
850 5671 931 5735 είς
971 5671 1152 5724 αὐτόν.
1208 5691 1227 5724 ι
1288 5675 1508 5750 Ἐπειδὴ
1550 5677 1726 5751 εἶπεν,

1842 4773 2056 4843 lapides
2091 4784 2286 4828 norant
2336 4795 2348 4830 :
2398 4776 2706 4846 philosophi
2750 4791 2879 4833 vero
2923 4777 3138 4834 divinas
3190 4778 3243 4833 in
3295 4779 3427 4846 ipsis

1841 4866 2090 4921 habitare
2124 4866 2353 4921 virtutes
2379 4868 2808 4936 arbitrabantur,
2849 4884 2984 4939 quas
3022 4879 3076 4922 et
3105 4869 3233 4923 deos
3266 4884 3428 4921 voca-

1840 4958 1972 5011 bant
1996 4974 2010 5023 ;
2030 4959 2097 5013 ad
2124 4959 2321 5014 idiotas
2344 4959 2512 5014 dixit:
2544 4979 2561 5011 ι
2588 4958 2793 5015 Idolum
2819 4961 2950 5016 nihil
2971 4961 3122 5016 estin
3150 4962 3378 5015 mundo:
3400 4978 3419 5010 ι

1840 5051 1907 5105 ad
1938 5050 2289 5122 philosophos
2324 5067 2476 5117 vero,
2516 5070 2535 5103 ι
2575 5052 2692 5107 Non
2725 5066 2806 5110 est
2832 5054 2970 5108 alius
3006 5053 3165 5119 Deus,
3201 5062 3424 5119 przeter~

1841 5152 2003 5206 quam
2038 5155 2194 5194 unus.
2247 5160 2265 5191 ι
2306 5140 2479 5209 igitur
2524 5157 2702 5212 neque
2752 5143 2985 5199 virtutes
3015 5141 3213 5196 tlivinte
3249 5142 3422 5196 simu-

1843 5229 1989 5285 lacra
2022 5232 2127 5286 ista
2186 5232 2495 5288 inhabitant
2531 5252 2544 5289 :
2583 5250 2726 5290 unus
2772 5236 2920 5292 enim
2970 5234 3113 5290 Deus
3158 5241 3261 5298 est,
3318 5248 3420 5288 non

1841 5322 2016 5377 multi.
2956 5329 2959 5332 ⁴

1919 5415 2076 5485 167
2112 5414 2280 5472 Vens.
2324 5419 2376 5483 5,
2411 5419 2464 5473 6.
2497 5438 2514 5471 ι
2558 5419 2692 5474 Nam
2738 5420 2841 5477 etsi
2873 5428 3000 5474 sunt
3039 5420 3128 5489 qui
3168 5421 3421 5477 dicantur

1839 5501 1938 5565 dii,
1973 5503 2086 5558 sive
2122 5505 2172 5557 in
2208 5507 2366 5572 coelo,
2400 5509 2514 5561 sive
2548 5510 2601 5563 in
2653 5520 2796 5563 terra
2828 5494 3311 5581 (qttemnlmodutn
3345 5512 3418 5567 dii

1841 5594 1995 5649 tttttlti
2047 5608 2193 5661 sunt,
2244 5612 2297 5652 et
2349 5600 2550 5653 domini
2594 5601 2793 5671 multi).
2842 5602 2997 5657 nobis
3049 5613 3227 5659 tamen
3282 5620 3419 5660 unus

1840 5685 1982 5742 Dens
2021 5687 2180 5743 Pater
2208 5699 2310 5755 est,
2357 5706 2421 5745 ex
2456 5706 2563 5760 quo
2604 5693 2809 5757 omnia,
2844 5702 2899 5748 ct
2929 5712 3027 5749 nos
3062 5695 3114 5749 in
3154 5698 3348 5766 ipsum.
3392 5717 3412 5751 ι

1492 5806 1692 5869 Variae
1735 5809 2067 5876 lectiones.

233 5889 276 5919 ⁷⁸
315 5892 371 5945 ἐν
412 5911 469 5949 0.

248 5963 330 6018 ἶς’.
365 5964 451 6030 ἃς.

172 5899 276 5985 '3':
315 5899 386 5985 sv!
412 5911 469 5949 ο.
571 5899 614 5933 ⁷⁷
656 5899 831 5954 οἴδατε
884 5916 935 5959 0.
1062 5905 1106 5937 ⁷⁸
1159 5903 1360 5978 ἑαυτῆς
1399 5925 1448 5965 0.

1574 5914 1615 5945 ⁷⁵³
1656 5916 1856 5984 γνῶναι
1898 5934 1948 5974 0.

2054 5919 2098 5953 ⁸⁸
2144 5918 2307 5974 αὖτοῦ
2348 5936 2399 5978 0.
2528 5923 2571 5957 ⁸³
2618 5923 2855 5994 Χριστοῦ
2909 5942 2964 5983 0.
3086 5925 3132 5956 ⁵³
3171 5920 3317 5997 ἧσαι
3358 5937 3405 5981 0.
