3874 6584
435 422 546 489 659

1330 439 1905 502 THEOPHYLACTI
1958 441 2370 507 BULGARIE
2413 450 2775 516 ARCHIEP.
3598 462 3687 528 6ὔῦ

433 537 572 594 Cum
607 539 806 595 nullum
832 555 953 598 esse
977 544 1143 600 alium
1175 547 1345 605 Deum
1379 553 1729 620 asseruisset,
1761 569 1825 608 ac
1875 554 2014 621 apud

2142 557 2201 610 ἱτι
2236 577 2253 610 ι
2265 560 2468 630 ,Οὐδεὶς
2487 563 2618 646 Θεὸς
2635 563 2841 632 ἔτερος,
2857 583 2875 616 ι
2901 561 3153 632 ἐλέγοντο
3167 564 3225 619 δὲ
3249 564 3435 619 πολλοὶ
3450 569 3556 623 οεοὶ
3575 575 3686 646 παρ’

435 629 656 688 Graecos
703 633 774 687 dii
827 635 981 692 multi
1019 637 1346 696 dicebantur
1381 661 1396 697 :
1431 660 1499 698 ne
1543 644 1821 700 videretur
1859 647 2020 702 rebus

435 725 741 782 manifestis
778 745 1101 802 repugnare,
1157 737 1371 794 etiamsi
1409 740 1540 806 sint,
1570 741 1770 812 inquit,
1816 744 1906 812 qui
1937 743 2023 798 di-

434 827 633 872 cantur
685 820 781 886 dii,
826 823 928 877 hoc
963 835 1066 890 est,
1094 828 1184 897 qui
1221 845 1410 888 revera
1461 849 1568 889 non
1605 836 1739 902 sint,
1780 838 1874 891 sed
1925 853 2024 892 no-

437 911 584 967 mine
620 922 779 971 tenus
811 935 824 972 :
863 919 978 974 sive
1021 921 1071 975 in
1123 923 1285 991 caelo,
1314 934 1373 980 ut
1406 927 1488 982 sol
1518 939 1574 984 et
1605 929 1756 994 luna,
1798 931 2025 1000 alia-que

436 1006 606 1063 stella:
629 1018 685 1064 et
711 1011 914 1078 sidera,
940 1015 1138 1082 quibus
1171 1015 1346 1073 Graeci
1371 1022 1588 1076 numina
1619 1024 2020 1081 attribuerunt:

434 1098 550 1152 sive
579 1116 743 1170 super
776 1115 1000 1172 terram,
1037 1116 1095 1162 ut
1140 1109 1232 1180 qui
1271 1126 1335 1166 ex
1371 1111 1681 1170 hominibus
1711 1117 1762 1170 in
1799 1119 2024 1172 deorum

435 1190 686 1246 ordinem
721 1195 788 1250 ah
842 1197 905 1251 iis
943 1201 1190 1256 translati
1219 1214 1347 1261 sunt
1381 1207 1418 1262 εἲ
1443 1218 1499 1262 at
1535 1223 1667 1264 vero
1697 1229 1715 1261 ι
1756 1211 1917 1267 nobis
1943 1222 2025 1267 est

440 1300 579 1338 unus
619 1286 761 1342 Deus
794 1288 974 1354 Patm',
1001 1307 1067 1346 ex
1102 1310 1211 1365 quo
1251 1301 1430 1353 omnia
1467 1318 1480 1355 :
1521 1321 1541 1354 ι
1581 1306 1723 1371 quod
1756 1306 2030 1374 signiﬁcat

435 1394 559 1430 eum
614 1395 737 1434 esse
789 1381 1138 1442 Conditorem
1185 1399 1242 1445 et
1289 1390 1625 1451 Creatorem.
1683 1396 1838 1464 Quod
1897 1415 2028 1453 vero

437 1469 646 1536 adjicit,
688 1490 706 1520 σ
749 1472 816 1528 Ει
852 1491 951 1529 nos
990 1477 1041 1530 in
1069 1479 1243 1547 ipsum
1278 1497 1292 1535 :
1333 1503 1352 1534 ι
1393 1485 1515 1539 lidei
1544 1497 1597 1540 et.
1628 1490 2027 1558 appropriatio-

441 1563 524 1616 nis
561 1565 832 1622 rationem
870 1570 1074 1625 indicat
1117 1591 1130 1627 :
1186 1576 1412 1642 perinde
1447 1595 1511 1632 ac
1540 1579 1586 1633 si
1623 1581 1789 1646 dicat,
1824 1583 1889 1636 Et
1931 1598 2030 1641 uos

439 1655 508 1709 ad
541 1654 718 1726 ipsum
753 1663 1006 1716 conversi
1040 1680 1248 1730 smnus,
1283 1684 1460 1739 exque
1490 1687 1554 1724 eo
1587 1673 1909 1740 pendemus.

521 1766 539 1797 ι
598 1747 666 1801 Ει
697 1765 838 1822 unus
882 1750 1146 1810 Dominus
1193 1755 1352 1812 Jesus
1404 1759 1693 1826 Christus,
1746 1779 1841 1833 per
1870 1782 2028 1835 quem

443 1841 652 1905 cuinia,
682 1854 736 1898 et
762 1860 858 1900 nos
882 1861 980 1915 per
1007 1848 1202 1918 ipsum.
1239 1871 1258 1906 ι
1286 1853 1390 1910 Per
1412 1855 1608 1911 Filium
1635 1859 1816 1913 omnia
1839 1861 2031 1915 adesse

445 1935 707 2000 perducta
737 1950 886 2003 sunt,
911 1950 967 1995 et
1000 1959 1095 1997 nos
1124 1959 1222 2014 per
1251 1947 1425 2016 ipsum
1467 1950 1719 2018 perducti
1753 1969 1942 2007 sumus
1975 1964 2031 2010 ut

443 2041 710 2094 essemus,
757 2039 810 2085 et
837 2043 890 2087 ut
929 2033 1068 2090 bene
1100 2051 1347 2095 essemus
1380 2059 1393 2094 :
1431 2041 1533 2097 hoc
1580 2054 1698 2108 est,
1755 2057 1813 2099 ut
1848 2047 2034 2104 ﬁdeles

445 2118 810 2190 etiis-cremor,
847 2136 1012 2197 atque
1046 2145 1110 2184 ex
1142 2147 1333 2188 errore
1359 2135 1424 2186 ad
1460 2137 1744 2191 veritatem
1781 2141 2035 2195 traduce-

447 2229 654 2272 rentur.
673 2217 944 2274 Caeterum
965 2238 1085 2276 cum
1109 2225 1288 2288 audis,
1315 2247 1334 2278 ι
1360 2226 1510 2284 Unus
1532 2242 1617 2285 est
1636 2230 1777 2287 Deus
1795 2232 1977 2299 Pater,
2009 2255 2028 2287 ι

447 2319 506 2364 et
557 2328 576 2361 ι
638 2308 793 2365 Unus
823 2311 1084 2370 Dominus
1127 2314 1285 2372 Jesus
1322 2318 1572 2377 Christus
1624 2341 1638 2376 :
1709 2342 1728 2376 ι
1777 2322 1853 2380 Re
1885 2325 2033 2382 Patri

449 2401 550 2455 soli
587 2404 908 2459 attributum
938 2422 1167 2464 censeas
1209 2412 1298 2466 Dei
1333 2415 1683 2481 vocabulum,
1721 2418 1858 2476 Filio
1882 2436 2033 2487 vero,

448 2497 687 2553 Doniiini.
735 2496 1221 2558 ludiscriminatim
1261 2520 1496 2576 namque
1555 2520 1609 2564 et
1664 2509 1835 2567 Filius
1890 2513 2035 2570 Deus

447 2597 554 2655 est,
584 2591 662 2644 uti
697 2589 750 2644 in
779 2593 881 2648 hoc
907 2593 1060 2651 loco:
1093 2617 1112 2649 ‹
1143 2595 1218 2653 Ex
1246 2601 1444 2669 quibus
1465 2601 1716 2661 Christus
1738 2610 2035 2665 secundum

447 2697 693 2749 carnem,
727 2686 820 2755 qui
853 2698 935 2742 est
965 2704 1131 2759 super
1153 2693 1336 2746 omnia
1369 2692 1514 2750 Deus
1541 2695 1571 2736 ι’
1607 2715 1620 2752 :
1661 2717 1680 2749 ι
1722 2708 1778 2753 et
1823 2715 2034 2764 rursus,

446 2773 610 2830 Pater
639 2786 721 2831 est
759 2778 1055 2846 Dominus,
1104 2793 1166 2838 ut
1222 2784 1275 2838 in
1327 2800 1393 2841 eo
1455 2789 1650 2858 psalmi
1689 2802 1712 2830 ο

447 2866 714 2925 Dominus
765 2869 997 2929 Domino
1038 2891 1181 2932 meo.
1213 2898 1232 2930 ι
1293 2877 1398 2934 Sed
1429 2883 1683 2949 quoniam
1715 2885 1780 2940 ad
1818 2885 2036 2946 Graecos

448 2960 528 3014 illi
571 2977 755 3018 sermo
788 2975 932 3033 erat,
989 2968 1188 3025 multos
1218 2972 1350 3026 deos
1401 2974 1670 3041 colentes,
1725 2981 2038 3050 multosque

449 3054 702 3110 dominos
737 3075 750 3110 :
783 3069 1082 3127 propterea
1121 3077 1296 3132 neque
1323 3063 1520 3119 Filium
1554 3065 1721 3123 Deum
1750 3069 1839 3126 hic
1871 3072 2030 3137 dixit,

449 3164 518 3199 ne
546 3149 683 3203 duos
717 3152 849 3207 deos
873 3153 1274 3223 existimarent,
1311 3170 1368 3212 ut
1396 3162 1486 3229 qui
1513 3163 1697 3219 multis
1719 3162 1824 3220 diis
1849 3183 2037 3224 assue-

1767 2809 1781 2846 :
1829 2811 1848 2845 t
1895 2793 2039 2850 Dixit

2126 652 2403 723 Ἕλλησιν·
2422 655 2510 708 ἵνα
2539 655 2612 727 μὴ
2641 656 2768 729 δόξῃ
2785 660 2900 718 τοῖς
2921 662 3173 729 φανεροῖς
3199 659 3494 730 μάχεσθαι,
3518 665 3685 738 φησὶν,

2123 745 2206 798 ὅτι
2240 764 2258 796 ι
2289 746 2349 800 ΕΞ
2385 747 2478 800 καὶ
2516 749 2624 802 εἰσὶ
2647 747 2930 821 λεγόμενοι
2966 752 3134 814 itaet,»
3173 753 3476 819 τουτέστιν,
3520 757 3612 810 οὐκ
3638 761 3688 816 ἐν

2124 839 2354 912 ἀληθείᾳ
2376 840 2547 907 ὄντες,
2582 843 2696 896 ἀλλ’
2728 845 2786 897 ὲν
2834 845 3003 914 λόγῳ·
3054 867 3073 898 ι
3111 847 3219 900 εἴτε
3247 848 3303 898 ἐν
3336 847 3597 918 οὒρανῷ,ι
3627 851 3688 914 ὡς

2125 931 2279 1002 ἥλιος
2311 931 2413 985 καὶ
2463 932 2684 1002 σελήνη,
2737 934 2835 987 καὶ
2865 936 2915 987 οἱ
2948 938 3126 989 λοιποὶ
3177 939 3428 1006 ἀστέρες.
3455 937 3544 999 οὓς
3565 938 3688 992 ἐθιο-

2130 1026 2365 1098 ποίησαν
2386 1025 2670 1096 Ἕλληνες·
2701 1044 2721 1078 ι
2749 1027 2857 1080 εἴτε
2888 1031 3115 1096 ὲπὶγῆς.
3133 1051 3150 1081 ι
3171 1030 3245 1091 ὡς
3277 1031 3323 1082 οῖ
3345 1029 3403 1092 ἐξ
3419 1027 3688 1095 ἀνθρώπων

2129 1123 2315 1186 αὐτοῖς
2341 1124 2762 1196 Θεοποιηθέντες
2787 1143 2800 1155 ·
2837 1147 2855 1177 ι
2884 1125 2998 1179 ἀλλ’
3024 1125 3158 1192 ἡμῖν
3186 1117 3267 1184 εἷς
3297 1122 3430 1184 Θεὸς
3451 1122 3480 1172 6
3513 1121 3687 1190 Πατὴρ,

2130 1215 2191 1280 ἐξ
2223 1209 2283 1270 οὗ
2311 1218 2378 1271 τὰ
2402 1220 2582 1272 πάντα
2601 1236 2615 1250 ⁸
2655 1239 2673 1272 ι
2720 1221 2858 1290 ὅπερ
2883 1217 3037 1287 δηλοῖ
3063 1217 3227 1269 αὑτὸν
3257 1218 3613 1283 Δημιουργὸν.
3633 1216 3690 1268 T6

2131 1310 2209 1376 δὲ,
2251 1330 2268 1363 ι
2317 1313 2426 1366 Καὶ
2480 1315 2644 1383 ἡμεῖς
2693 1316 2778 1376 εἰς
2812 1313 3000 1372 αὐτὸν,
3049 1331 3067 1362 ι
3109 1310 3200 1362 τὸν
3233 1310 3332 1376 τῆς
3357 1308 3590 1368 πίστεως
3618 1310 3691 1364 xu).

2131 1406 2230 1474 τῆς
2266 1406 2403 1476 πρὸς
2460 1407 2626 1460 αὑτὸν
2681 1405 3012 1468 οἱκειώσεως
3064 1404 3225 1470 λόγον
3272 1401 3469 1468 δηλοῖ·
3528 1400 3693 1452 ὡσανεὶ

2133 1493 2258 1552 εἶπε
2284 1517 2298 1532 ·
2334 1501 2445 1552 Καὶ
2479 1503 2640 1570 ἡμεῖς
2669 1503 2749 1566 εἰς
2803 1501 2967 1554 αὐτὸν
3021 1499 3068 1531 ⁸⁸⁵
3119 1495 3579 1568 ἐπεστράμμεθα,
3617 1495 3693 1546 καὶ

2134 1595 2214 1657 εἰς
2245 1594 2408 1647 αὐτόν
2441 1596 2609 1666 ἐσμεν
2643 1594 2970 1665 ἠρτημένοι.

2213 1798 2232 1830 ι
2267 1778 2378 1832 Καὶ
2410 1773 2490 1839 εἷς
2515 1775 2722 1846 Κύριος
2759 1774 2970 1845 Ἰησοῦς
2993 1771 3251 1845 Χριστὸς,
3275 1763 3420 1824 δι’οῧ
3435 1768 3500 1820 τὰ
3523 1766 3692 1830 πάντα,

2134 1872 2231 1925 καὶ
2264 1873 2424 1940 ἡμεῖς
2466 1871 2535 1924 δι’
2566 1869 2757 1924 αὑτοῦ.
2814 1887 2833 1920 ι
2879 1867 2981 1921 Διὰ
3031 1865 3128 1920 τοῦ
3170 1863 3303 1918 Υῑοῦ
3338 1863 3407 1916 τὰ
3439 1865 3607 1914 πάντα
3635 1861 3694 1923 εἰς

2133 1964 2194 2018 τὸ
2233 1961 2373 2018 εἶναι
2405 1964 2684 2034 παρήχθη,
2711 1963 2808 2015 καὶ
2829 1963 2992 2031 ἡμεῖς
3021 1960 3077 2014 δὲ
3103 1958 3172 2012 δι’
3196 1955 3366 2012 αὑτοῦ
3398 1957 3477 2018 εἰς
3505 1953 3566 2007 τὸ
3583 1947 3695 2006 εἶναι

2135 2057 2523 2128 πσρήχθημεν,
2554 2058 2651 2111 καὶ
2705 2059 2785 2119 εἰς
2817 2054 2879 2108 τὸ
2910 2054 2970 2108 εὖ
3032 2049 3196 2115 εἶναι,
3234 2049 3508 2110 τουτέστι,
3545 2046 3696 2100 πιστοὶ

2134 2152 2414 2222 γενέσθαι,
2443 2152 2535 2205 καὶ
2573 2153 2636 2204 ὲκ
2669 2149 2884 2219 πλάνης
2913 2147 3054 2216 πρὸς
3085 2146 3186 2215 τὴν
3228 2142 3494 2214 ἀλήθειαν
3537 2141 3698 2210 μετελο

2137 2245 2272 2298 οεῖν.
2313 2243 2554 2296 Ἀκούων
2575 2242 2654 2307 δὲ,
2693 2260 2711 2292 ι
2749 2235 2844 2304 Εἷς
2877 2239 3010 2302 Θεὸς
3038 2239 3066 2292 ό
3096 2236 3307 2306 Πατὴρ,
3353 2254 3372 2286 ι
3411 2234 3524 2297 καὶ,
3581 2253 3595 2282 ι
3625 2225 3697 2293 Εἷς

2137 2335 2343 2406 Κύριος
2399 2330 2608 2400 Ἰησοῦς
2671 2329 2944 2400 Χριστός·
3008 2346 3027 2378 ι
3083 2325 3163 2396 μὴ
3226 2320 3696 2428 ἀποκεκληξιῖιῖῑέοςι

2138 2428 2392 2500 νομίσῃς,
2426 2425 2503 2497 τῷ
2555 2426 2652 2498 μὲν
2688 2423 2868 2495 “arpi.
2903 2423 2986 2490 τὸ,
3024 2440 3043 2473 ι
3105 2421 3280 2517 Θεό-ςῖ
3314 2415 3570 2517 ι»...τᾷιὶ

2135 2521 2215 2583 τὸ,
2248 2539 2266 2570 ι
2297 2519 2523 2588 Κύριος.
2563 2535 2582 2570 ι
2611 2515 2958 2584 Ἀδιαφόρως
2987 2511 3098 2583 γὰρ
3129 2510 3225 2564 καὶ
3254 2510 3282 2562 6
3314 2508 3443 2570 Υἱὸς
3462 2506 3696 2598 Θεόςιὼς

2136 2609 2218 2676 τὺ,
2257 2629 2274 2662 ι
2325 2609 2416 2676 Ἐξ
2447 2601 2520 2660 ὧν
2547 2608 2575 2660 6
2626 2605 2866 2676 Χριστὸς
2909 2603 2972 2656 τὸ
3007 2603 3150 2656 κατὰ
3204 2603 3409 2669 σάρκα,
3442 2599 3470 2651 6
3517 2593 3700 2649 ὣνέπὶ

2140 2702 2361 2756 πάντων
2411 2699 2545 2763 Θεός
2571 2713 2585 2726 ·
2625 2717 2645 2747 ι
2685 2698 2780 2750 καὶ
2811 2691 2902 2761 αὖ,
2934 2696 2963 2747 6
2995 2692 3220 2762 Πατὴρ,
3269 2689 3500 2759 Κύριος,
3532 2688 3602 2748 ώς
3631 2685 3698 2748 τὸ,

2145 2815 2164 2848 ι
2212 2791 2380 2848 Εἶπεν
2410 2794 2439 2846 6
2479 2791 2685 2863 Κύριος
2742 2789 2819 2860 τῷ
2867 2788 3057 2858 Κυρίῳ
3093 2803 3217 2856 μου.
3281 2803 3301 2838 ι
3348 2782 3491 2837 Ἀλλ’
3536 2780 3700 2851 ἐπειδὴ

2138 2888 2276 2959 πρὸς
2329 2886 2600 2957 ’Έλληνας
2654 2879 2723 2954 ἦν
2781 2884 2808 2935 ό
2839 2882 2996 2949 λόγος
3042 2879 3213 2951 αὐτῷ,
3267 2879 3555 2932 πολυθιΐαν
3585 2893 3699 2946 πρε-

2141 2981 2436 3042 σδεύοντας
2470 2979 2564 3032 καὶ
2605 2976 3093 3047 πολυκυριότητσ.’
3142 2974 3230 3027 διὰ
3264 2973 3446 3036 τοῦτο,
3491 2971 3603 3026 οὕτε
3623 2972 3699 3022 καὶ

2137 3074 2230 3127 τὸν
2290 3072 2418 3126 Υἱὸν
2464 3071 2599 3123 Θεὸν
2649 3064 2822 3131 εἶπεν,
2866 3068 2953 3121 ἵνα
2985 3067 3060 3136 μὴ
3117 3064 3218 3118 δύο
3265 3065 3424 3127 θεοὺς
3483 3062 3697 3131 νομίσω-

2141 3183 2251 3230 σιν,
2278 3166 2377 3220 ἆτε
2402 3163 2667 3233 πολυθετᾳ
2696 3160 3064 3231 ὲνειθισμένοι
3084 3175 3098 3188 ο
3118 3156 3242 3210 οὔτε
3271 3159 3365 3210 καὶ
3389 3159 3481 3208 τον
3511 3154 3698 3222 Πατέρα

447 3240 709 3296 vissent:
755 3259 928 3315 neque
988 3247 1201 3304 Patrem
1259 3251 1548 3309 Dominum
1603 3259 1916 3327 appellavit,
1968 3277 2031 3318 ne

2144 3259 2371 3329 Κύριον,
2428 3256 2518 3309 ἵνα.
2568 3254 2646 3326 μὴ
2684 3253 2916 3315 πολλοὺς
2974 3252 3200 3319 κυρίους
3260 3250 3356 3302 καὶ
3407 3247 3536 3317 παρ’
3589 3247 3697 3315 ἡμῖν

455 3331 655 3388 multos
707 3335 876 3391 etiam
915 3338 1166 3395 dominos
1212 3343 1353 3412 apud
1411 3361 1509 3399 nos
1551 3363 1673 3403 esse
1723 3363 2032 3409 censerent.

456 3421 611 3480 llanc
658 3427 818 3481 etiam
870 3430 941 3485 oh
978 3445 1200 3486 causam
1241 3451 1415 3505 neque
1461 3436 1697 3507 Spiritus
1743 3442 1831 3497 hic
1875 3445 2036 3500 ullam

449 3521 578 3574 ferit
611 3523 964 3597 mentionem,
1000 3526 1312 3582 auditorum
1347 3530 1706 3588 imbecillitati
1758 3553 1986 3606 parcens
2019 3558 2032 3594 :

452 3617 911 3685 quemadmodum
942 3637 1119 3692 neque
1163 3625 1446 3694 propheta:
1474 3624 1598 3682 Filii
1623 3639 1811 3699 aperte
1844 3633 2037 3688 memi-

450 3707 1016 3773 uerunt,Jml:eormu
1073 3729 1262 3782 causa,
1321 3733 1390 3770 ne
1460 3719 1561 3786 ipsi
1625 3723 2036 3791 generationem

449 3801 738 3859 allect’ibus
770 3803 1064 3860 obnoxiam
1094 3809 1419 3878 intelligant.
1450 3811 1604 3868 Unde
1630 3825 1706 3879 et,
1749 3835 1767 3868 ι
1806 3816 1979 3882 Unus,
2011 3839 2030 3872 ι

451 3894 714 3950 continuo
744 3899 930 3965 ponit;
966 3917 984 3950 ι
1019 3899 1140 3955 Non
1172 3915 1278 3966 est,
1322 3921 1340 3955 ι
1382 3903 1656 3974 inquiens,
1688 3926 1705 3960 ι
1747 3908 1910 3976 Deus,
1938 3911 2040 3966 nisi

458 4003 600 4042 unus
629 4005 644 4051 ;
683 4008 700 4040 ι
734 3999 814 4053 et,
853 4009 872 4041 ι
917 3990 1067 4046 Unus
1101 3991 1246 4048 Deus
1274 4012 1287 4048 :
1319 4015 1338 4047 ι
1377 4006 1451 4060 et,
1488 4017 1506 4049 ι
1541 4014 1680 4054 unus
1709 4001 1986 4058 Dominus.
2015 4007 2040 4058 ι

453 4079 603 4132 ltixit
635 4079 821 4149 itaque
845 4082 1062 4139 Patrem
1095 4100 1263 4140 unum
1292 4086 1482 4155 Deum,
1523 4093 1590 4145 ad
1637 4096 2038 4162 oppositiouem

453 4172 682 4224 deorum
718 4172 859 4228 falso
896 4175 1188 4242 dictorum,
1219 4189 1276 4233 et
1325 4195 1433 4235 non
1474 4179 1598 4237 Filii
1628 4202 1641 4238 :
1675 4193 1730 4240 et
1768 4187 1833 4241 ad
1873 4189 2039 4246 diﬂ’e-

453 4264 686 4319 reutiam
739 4265 1002 4324 falsorum
1039 4271 1409 4341 dominorum,
1447 4293 1555 4334 non
1614 4289 1793 4336 autem
1835 4285 2040 4353 Patris,

452 4358 594 4413 dixit
620 4375 785 4413 unum
818 4360 1108 4418 Dominum
1142 4365 1318 4435 ipsum
1353 4368 1574 4426 Filium.

530 4470 549 4502 ι
589 4451 696 4507 Sed
733 4469 842 4508 non
871 4456 1202 4514 inmunibus
1231 4470 1316 4517 est
1339 4466 1592 4523 scientia.
1630 4488 1649 4522 ι
1680 4469 1797 4526 Νοιι
1827 4488 2039 4542 omnes,

453 4545 654 4612 inquit,
690 4549 872 4604 sciunt
907 4567 1073 4620 unum
1122 4570 1246 4613 esse
1301 4559 1496 4628 Deum,
1551 4575 1604 4620 et
1653 4579 1763 4620 non
1815 4569 2038 4638 multos,

451 4639 698 4707 nihilque
727 4658 849 4698 esse
877 4644 1038 4702 idola.

532 4728 695 4786 Vens.
731 4735 781 4788 7.
820 4751 839 4785 ι
881 4734 1114 4801 Quidam
1151 4752 1332 4798 autem
1381 4764 1505 4802 cum
1541 4755 1879 4814 conscientia
1913 4758 2041 4816 idoli

453 4841 624 4896 usque
647 4843 812 4894 nunc,
846 4833 999 4898 quasi
1032 4834 1390 4910 idolothytum
1419 4843 1753 4902 manducant
1781 4859 1870 4912 ,et
1917 4866 2044 4906 con-

452 4921 682 4976 scientia
743 4924 982 4992 ipsorum
1034 4942 1156 4982 cum
1223 4933 1294 4986 sit
1375 4934 1591 4992 inﬁrma
1673 4941 1953 5010 polluitur.
2016 4963 2034 4996 ι

455 5031 477 5062 ι
511 5013 767 5081 Quidam,
822 5036 841 5069 ι
893 5019 1090 5088 inquit,
1153 5022 1452 5094 indefinite,
1501 5030 1692 5084 nolens
1738 5049 1833 5090 eos
1863 5037 2038 5104 palam

453 5109 723 5177 proferre.
760 5109 1008 5182 Namque
1046 5115 1210 5188 168
1245 5118 1464 5188 plurimi
1492 5123 1563 5177 ab
1601 5124 1868 5182 idolorqu
1893 5131 2039 5184 cultu

454 5203 517 5255 ad
551 5199 828 5258 Christum
874 5221 1243 5275 accesserant,
1277 5213 1368 5281 qui
1424 5231 1596 5286 usque
1639 5235 1782 5274 nunc
1805 5261 1819 5284 ,
1848 5222 1898 5274 id
1933 5232 2039 5291 est,

454 5304 740 5362 postquam
766 5294 934 5350 etiam
959 5298 1309 5354 crediderant
1333 5300 1384 5355 in
1409 5302 1712 5373 Christum,
1735 5308 2038 5380 idolothyta

454 5398 711 5456 tanquam
739 5388 1044 5461 idolothyta
1106 5393 1468 5452 manducant.
1511 5417 1530 5450 ι
1567 5398 1704 5455 Cum
1756 5403 2043 5458 conscien-

457 5480 526 5533 :ia
577 5499 596 5531 ι
636 5483 805 5547 enim,
867 5483 1064 5551 inquit,
1123 5504 1144 5537 ι
1196 5488 1362 5544 idoli:
1408 5509 1429 5544 ›
1488 5491 1591 5548 hoc
1634 5503 1738 5559 est,
1793 5497 2042 5551 eamdem

457 5555 794 5628 sententiam
823 5578 1087 5634 habentes
1121 5579 1189 5636 de
1217 5580 1400 5642 idolis.
1436 5595 1491 5641 et
1517 5596 1772 5656 putantes
1800 5589 1886 5642 illa
1919 5605 2043 5644 esse

527 5718 554 5757 δ
583 5717 743 5772 llum.
776 5733 850 5785 Ix,
884 5719 938 5774 5.
1019 5732 1040 5760 ο
1075 5721 1217 5782 Psal.
1271 5745 1382 5798 (ιιι,
1430 5731 1480 5786 l.

2141 3349 2284 3407 εἶναι
2334 3349 2552 3414 δόξωσι.
2588 3349 2688 3401 Διὰ
2723 3346 2935 3416 ταύτην
2982 3344 3039 3397 δὲ
3084 3342 3184 3414 τὴν
3218 3341 3424 3405 αἰτίαν,
3471 3339 3586 3392 οὐδὲ
3621 3335 3697 3388 τοῦ

2143 3444 2463 3512 Πνεύμοιτος
2496 3439 2746 3511 ἐμνήσθη
2784 3439 3045 3501 ἐνταῦθα,
3085 3436 3404 3529 φειδόμενος
3423 3434 3521 3529 τῇς
3563 3431 3696 3529 delle:

2141 3535 2293 3597 νεξας
2329 3532 2441 3586 τῶν
2473 3532 2787 3586 ἀκουόντων
2811 3547 2823 3561 ⁸
2868 3528 3058 3599 ὥσπερ
3090 3528 3185 3579 καὶ
3217 3527 3265 3578 οἱ
3302 3523 3576 3595 προφῆται
3619 3538 3694 3573 του

2142 3625 2274 3682 Υἱοῠ
2310 3624 2500 3694 σαφῶς
2539 3624 2598 3678 οὑ
2628 3623 2957 3694 μέμνηνται,
2989 3620 3076 3673 διὰ
3115 3618 3242 3681 τοὺς
3289 3616 3592 3678 Ἰουδαίους,
3628 3613 3696 3666 iv:

2146 3723 2222 3794 μὴ
2237 3721 2460 3794 ἐμποιθῆ
2480 3721 2742 3790 νομίσωσι
2761 3718 2859 3786 τὴν
2877 3717 3132 3786 γέννησιν
3152 3729 3166 3745 ⁸
3190 3713 3270 3814 διο
3289 3712 3518 3814 θεοδθΐτδι,
3545 3703 3691 3814 «hilo.»

2146 3815 2388 3888 συνεχῶς
2413 3813 2618 3881 τίθησι,
2660 3811 2862 3880 λέγων,
2907 3811 2994 3864 ὃτι
3021 3829 3039 3861 ι
3074 3808 3188 3861 Οὐκ
3241 3807 3358 3859 ἐστι
3414 3804 3543 3866 Θεδς
3570 3802 3613 3855 εί
3638 3802 3694 3870 μὴ

2144 3906 2260 3974 εἷς’
2300 3929 2319 3962 ι
2361 3909 2478 3972 καὶ,
2517 3926 2535 3959 ι
2574 3902 2669 3970 Εἷς
2694 3905 2865 3969 Θεός·
2903 3925 2922 3957 ›
2959 3905 3077 3966 καὶ,
3113 3921 3131 3954 ι
3170 3896 3266 3964 Εἷς
3300 3901 3526 3972 Κύριος.
3572 3917 3589 3950 ι
3614 3896 3696 3950 Καὶ

2144 4003 2282 4071 πρὸς
2333 3999 2746 4070 ἁντιδιαστολὴν
2796 4000 2982 4050 τοίνυν
3016 3995 3128 4049 τῶν
3154 3992 3531 4064 ψευδωνύμων
3566 3989 3691 4049 θεῶν,

2143 4097 2266 4166 οὐχὶ
2297 4094 2391 4147 τοῦ
2423 4093 2578 4158 Υίοῦ,
2603 4088 2758 4146 εἶπεν
2781 4091 2878 4144 ἕνα
2906 4090 3040 4144 Θεὸν
3061 4090 3152 4142 τὸν
3185 4086 3446 4183 Πειτέριι·Δ
3469 4081 3694 4183 οιαὶ-πρὸς

2146 4190 2562 4260 ἀντιδιαστολὴν
2591 4189 2699 4242 τῶν
2731 4183 2982 4258 ψευδωνῦ
2992 4202 3108 4254 μων
3137 4182 3372 4252 κυρίων,
3399 4179 3514 4232 ἀλλ’
3541 4178 3597 4230 οὐ
3622 4191 3692 4228 τον

2148 4286 2382 4358 Πατρὸς,
2417 4280 2574 4338 εἶπεν
2605 4282 2705 4336 ἕνα
2734 4280 2941 4353 Κύριον
2960 4277 3052 4332 τὸν
3081 4274 3232 4328 Υἱόν.

2223 4487 2242 4518 ι
2303 4466 2447 4521 Ἀλλ’
2473 4465 2576 4519 οὐκ
2633 4465 2690 4518 ὲν
2725 4462 2895 4516 πᾶσιν
2945 4460 2979 4530 ὴ
3016 4455 3242 4527 γνῶσις.
3304 4472 3322 4505 ι
3378 4451 3454 4504 06
3504 4459 3692 4550 tta-v15;

2147 4562 2336 4632 φησὶν,
2397 4560 2578 4612 ἴσασιν
2613 4559 2694 4611 ὅτι
2746 4549 2828 4618 εἷς
2861 4552 3018 4616 Θεὸς,
3061 4550 3158 4604 καὶ
3205 4547 3264 4602 οὐ
3313 4543 3519 4604 πολλοὶ,
3557 4541 3586 4609 ἢ
3629 4541 3694 4590 ὅτι

2073 4629 2115 4683 D
2146 4654 2298 4708 οὐδέν
2330 4653 2434 4706 εἰσι
2464 4653 2531 4706 τὰ
2561 4648 2778 4704 εἴδωλα.

2216 4768 2235 4800 ι
2276 4746 2434 4810 Τινὲς
2457 4744 2513 4798 δὲ
2545 4746 2613 4815 τῇ
2645 4741 2948 4810 συνειδήσει
2971 4738 3066 4792 τοῦ
3097 4737 3323 4791 εἰδώλου
3347 4735 3454 4796 ἕως
3482 4724 3691 4803 ἄρτι,ὼς

2139 4844 2495 4900 εἰδωλόθυτον
2528 4840 2794 4904 ἐσθίουσι,
2827 4840 2920 4892 καὶ
2951 4839 2984 4908 ἡ
3017 4835 3326 4904 συνείδησις
3358 4831 3534 4887 αὐτῶν
3555 4824 3692 4882 660:-

2143 4941 2241 5008 νὴς
2270 4938 2406 4992 οὖσα
2436 4935 2749 5007 μολύνεται.
2787 4952 2804 4984 ι
2826 4963 2895 4972 —-
2924 4952 2941 4982 ι
2972 4931 3151 4994 Τινὲς,
3189 4949 3209 4982 ι
3239 4928 3416 4988 εἶπεν,
3441 4923 3692 5023 ἀορίστωςῖ

2147 5031 2222 5103 μὴ
2254 5031 2428 5084 θέλων
2480 5028 2682 5093 αὐτοὺς
2717 5025 3133 5096 ἐκπομπεῦσαι.
3169 5018 3352 5124 Ἦσον
3387 5018 3495 5087 γὰρ
3538 5011 3694 5124 πολλῆ

2140 5125 2203 5191 ἐξ
2245 5113 2668 5192 εἱδωῖηδλατρίας
2715 5123 2782 5192 τῇ
2839 5119 3028 5174 πίστει
3081 5113 3492 5186 προσελθόντες,
3541 5104 3696 5165 eiei»;

2142 5217 2292 5284 ἄρτι,
2328 5215 2602 5276 τουτέστι,
2639 5214 2735 5267 καὶ
2778 5211 2917 5284 μετὰ
2949 5211 3010 5262 τὸ
3054 5206 3368 5266 πιστεῦσαι,
3402 5205 3469 5255 τὰ
3512 5194 3698 5253 εἰδωλό-

2143 5273 2291 5365 ουτέ
2332 5307 2630 5370 ἐσθίουσιν,
2677 5305 2754 5367 ὡς
2783 5302 3131 5358 εἰδωλόθυτα.
3172 5319 3190 5350 ι
3225 5299 3305 5368 Τῇ
3356 5293 3691 5397 συνειδήσει)

2142 5405 2273 5475 γὰρ,
2303 5403 2461 5472 φησὶ,
2499 5420 2518 5452 ι
2552 5397 2647 5453 τοῦ
2694 5397 2951 5451 εἰδώλου·
3021 5415 3039 5447 ι
3089 5391 3362 5456 τουτέστι,
3413 5389 3508 5460 τὴν
3553 5385 3698 5451 αὐτὴν

2142 5496 2370 5565 γνώμην
2422 5494 2640 5565 ἔχοντες
2700 5493 2830 5561 περὶ
2886 5489 2957 5542 τὰ
2994 5487 3214 5548 εἴδωλα,
3271 5485 3368 5537 καὶ
3417 5481 3696 5553 νομίζοντες

2145 5591 2286 5644 αὑτὰ
2317 5585 2458 5644 εἷναί
2489 5607 2563 5657 τι,
2597 5589 2696 5642 καὶ
2743 5586 3047 5649 δεδοικότες
3075 5583 3152 5647 ώς
3184 5582 3390 5654 βλάψαι
3433 5578 3699 5645 δυνάμεθα-

1815 5829 2014 5891 V’arim
2074 5827 2405 5892 lectiones.

523 5949 570 5981 δ*
605 5947 682 6013 εἰς
708 5948 868 6006 αὐτὸν
896 5953 996 6025 τῆς
1031 5951 1265 6018 πίστεως
1290 5956 1530 6027 ἀρχηγόν
1555 5975 1625 6012 ιιι.

1707 5956 1825 5990 ³³⁸⁸⁸
1863 5954 1984 6008 50w
2029 5971 2079 6009 0.
