3874 6594
179 457 267 524 661

896 461 1316 527 EXPOSITIO
1353 465 1434 526 IN
1480 465 1719 526 EPIST.
1766 465 1794 524 Ι
1828 467 1928 526 ΑΙ)
1965 465 2134 528 COR.
2177 491 2240 500 —
2276 466 2436 525 CAP.
2473 464 2638 526 Vill.

3250 505 3258 513 .
3297 455 3414 520 652·

177 577 258 631 Διὸ
283 572 376 628 οὐκ
409 566 581 635 εἶπεν,
623 572 702 625 ὅτι
737 574 924 629 ἐκεῖνα
975 575 1318 645 μολύνουσιν,
1369 577 1524 642 ἀλλὰ,
1585 596 1603 628 ι
1659 575 1724 630 Ἦ

1851 578 2065 648 iliquid,
2087 593 2262 648 eaque
2287 584 2589 630 metuentes
2615 570 2771 643 quasi
2795 586 2912 642 quae
2943 569 3155 641 possint
3187 569 3424 625 ladem-

177 665 460 735 συνείδησις
507 665 685 718 αὐτῶν
721 665 1034 734 μολύνεται,
1086 689 1105 720 ι
1157 670 1232 734 ὡς
1288 670 1523 737 ἀσθενὴς
1566 665 1721 732 οὖσα,

175 761 256 815 καὶ
282 759 353 829 μὴ
373 757 643 826 δυναμένη
672 761 889 828 νοῆσαι,
907 759 988 813 ὅτι
1015 761 1167 814 οὐδέν
1195 765 1332 816 εἰσιν
1351 779 1367 794 ο
1395 761 1519 815 ἐπεὶ
1541 763 1725 815 ἐκεῖνα

174 851 293 906 αὐτὰ
330 849 448 903 καθ’
484 849 624 903 αύτὰ
653 850 712 902 οὐ
749 848 1009 904 δύνανται
1043 853 1270 924 μολῦναί
1318 872 1464 908 τινα.
1512 855 1726 923 Νόησον

175 939 254 995 οῦν
282 938 515 992 τοιοῦτον
551 941 783 1010 πάσχειν
823 943 1092 1010 ἐκείνους,
1139 943 1330 1015 ὥσπερ
1374 946 1428 998 εἴ
1460 963 1543 1009 τις
1583 946 1726 998 κατὰ

172 1035 257 1101 τὴν
314 1019 605 1102 Ὶουδαῖκὴν
658 1033 982 1102 συνήθειαν,
1047 1035 1323 1106 μολυσμὸν
1377 1037 1615 1106 νομίζων
1665 1036 1731 1090 τὸ

173 1123 414 1180 ἅπτεσθαι
433 1123 650 1194 νεκροῦ,
670 1119 789 1178 εἶτα
811 1127 1032 1196 ἐτέρους
1052 1127 1194 1195 ὁρῶν
1215 1128 1554 1197 ἁπτομένους
1587 1128 1724 1197 μετὰ

177 1213 396 1284 καθαροῦ
436 1214 760 1282 συνειδότος,
798 1214 1032 1270 ἅπτοιτο
1057 1217 1156 1288 μὲν
1189 1219 1285 1272 καὶ
1313 1218 1497 1282 αὐτὸς,
1541 1219 1728 1272 αἰδού-

179 1319 314 1372 μενος
347 1303 604 1366 τούτους·
657 1303 940 1374 μολύνοιτο
993 1307 1052 1361 δέ
1101 1309 1200 1379 τὴν
1261 1308 1590 1380 συνείδησιν,
1650 1310 1726 1374 ὠς

173 1395 576 1466 διακρινόμενος.

235 1593 254 1627 ι
291 1575 488 1646 Βρῶμα
523 1575 580 1628 δὲ
613 1578 766 1647 ἡμᾶς
814 1579 876 1632 ού
912 1579 1214 1650 παρίστησι
1243 1579 1322 1650 τῷ
1367 1581 1508 1651 Θεῷ.
1549 1601 1568 1634 ι
1607 1583 1727 1636 Ἵνα.

175 1666 237 1737 μὴ
265 1666 504 1732 είπωσιν,
537 1668 620 1720 ὅτι
669 1667 811 1737 Ἐγὼ
839 1671 1061 1741 καθαρᾷ
1085 1671 1251 1724 ἐσθίω
1277 1673 1599 1743 συνειδήσει,
1631 1673 1729 1726 καὶ

172 1766 216 1818 τί
255 1783 336 1836 μοι
385 1765 535 1835 μέλει
575 1765 632 1819 εἴ
661 1785 745 1832 τις
777 1768 867 1822 διὰ
919 1769 1206 1824 ἀσθένειαν
1269 1770 1724 1838 σκανδαλίζεταις

172 1857 420 1913 Δείκνυσιν
449 1859 529 1911 ὅτι
564 1859 663 1912 καὶ
694 1859 828 1912 αὐτὸ
857 1860 916 1913 τδ
950 1865 1146 1931 φαγεῖν
1169 1861 1306 1925 ὅλως
1338 1864 1429 1915 ἐπὶ
1453 1880 1729 1934 καταφρο-

1830 669 2168 740 Quapropter
2200 683 2306 721 non
2337 666 2472 720 dixit
2502 684 2514 720 :
2557 664 2648 718 llla
2705 663 2949 733 polluunt
2977 704 2991 728 ,
3021 663 3113 719 sed
3141 685 3161 720 ;
3214 681 3234 715 ι
3269 663 3412 719 Cen-

1831 762 2058 818 scientia
2087 774 2272 814 eorum
2306 758 2602 828 polluitur;
2645 775 2662 808 ι
2701 757 2898 826 quippe
2927 771 3048 822 quae
3086 754 3408 810 imbecillior

1827 855 1922 916 sit,
1947 869 2110 922 quam
2142 862 2199 905 ut
2241 851 2411 920 possit
2458 849 2758 919 intelligere
2804 848 3005 902 idolum
3064 849 3198 902 nihil
3249 862 3408 914 esse;

1829 963 1951 1000 cum
1988 947 2074 1000 illa
2108 948 2220 1014 ipsa
2271 959 2368 1015 per
2408 957 2530 998 sese
2559 958 2664 996 non
2689 940 2897 1011 possint
2936 941 3182 1010 polluere
3211 955 3406 1010 quein-

1830 1053 2014 1104 quam.
2047 1037 2289 1104 lutellige
2326 1035 2492 1106 igitur
2521 1032 2627 1088 tale
2657 1032 2932 1100 quidpiam
2961 1031 3071 1098 pati
3098 1046 3217 1094 eos,
3243 1031 3406 1085 veluti

1829 1129 1873 1182 si
1941 1130 2064 1197 quis
2119 1126 2348 1182 Iudaica
2397 1124 2837 1188 consuetudine,
2892 1124 3410 1176 contaminationem

1827 1219 2152 1275 existimans
2189 1221 2462 1286 attingere
2495 1227 2788 1278 mortuum,
2818 1215 3012 1270 deinde
3054 1213 3188 1268 alios
3231 1215 3427 1268 videat

1830 1328 1964 1381 pura
2006 1312 2338 1366 conscientia
2362 1293 2366 1297 ”
2394 1319 2674 1376 tangentes
2699 1349 2714 1372 ,
2771 1308 2887 1378 ipse
2927 1321 3146 1376 quoque
3178 1315 3359 1374 tangat
3392 1343 3409 1368 ,

1832 1407 1951 1461 illos
2005 1404 2310 1470 reveritus;
2382 1405 2590 1457 interea
2658 1411 2840 1455 tamen
2903 1399 3022 1469 ejus
3076 1397 3412 1454 conscientia

1830 1499 2238 1567 coinquinetur,
2274 1506 2330 1550 ut
2367 1496 2458 1565 qui
2497 1494 2732 1563 ambigat
2756 1509 2966 1548 secum.

1909 1587 2071 1642 Vens.
2122 1588 2177 1641 8.
2229 1604 2248 1638 ι
2310 1586 2449 1640 Esca
2503 1595 2686 1638 autem
2754 1598 2855 1638 nos
2932 1597 3036 1636 non
3071 1581 3416 1636 commendat

1833 1683 1963 1737 Deo.
2003 1699 2021 1732 ι
2058 1680 2139 1733 Ne
2167 1678 2426 1749 obiiciant
2458 1697 2471 1732 ε
2507 1679 2619 1749 Ego
2662 1692 2796 1748 pura
2820 1676 3157 1730 conscientia
3199 1688 3410 1736 vescor.

1831 1771 2024 1841 ecquid
2064 1772 2193 1826 mihi
2237 1787 2382 1826 curae
2417 1781 2525 1835 est,
2562 1771 2606 1823 si
2652 1769 2778 1838 quis
2833 1782 2930 1837 per
2985 1766 3414 1820 imbecillitatem

1832 1863 2167 1919 oll'enditur?
2201 1864 2444 1920 ostendit
2475 1863 2616 1932 quod
2675 1863 2850 1930 ipsum
2890 1861 3052 1914 edere
3101 1859 3264 1912 etiam
3291 1873 3414 1912 cum

173 1949 301 2014 νήσει
331 1947 434 1998 τῶν
476 1947 738 2014 είδώλων,
768 1950 922 2004 οὐδέν
962 1927 1108 2006 ἐστι.
1142 1952 1262 2005 Κᾶν
1304 1953 1413 2024 γὰρ
1440 1954 1468 2006 δ
1499 1927 1728 2023 άδελςοὺς

1851 1965 2146 2024 :outemptu
2194 1927 2506 2018 idolorum,-
2532 1953 2667 2008 uihil
2695 1927 2786 2007 sit.
2817 1950 3042 2004 Etiamsi
3066 1950 3210 2004 enim
3247 1949 3417 2003 frater

175 2038 238 2108 μὴ
263 2039 572 2107 ἐϐλάπτετο,
607 2043 732 2096 οὐδὲ
777 2042 955 2108 οὕτως
989 2045 1277 2098 ἐπαινετόν
1306 2063 1359 2099 τι
1399 2046 1601 2110 ἐποίεις
1631 2047 1727 2100 καὶ

174 2133 458 2203 θεᾶρεστον.
482 2133 696 2208 Βρῶμα
726 2135 837 2208 γὰρ
872 2136 972 2190 οὐκ
997 2138 1188 2190 οἰκειοί
1219 2138 1367 2208 ἡμᾶς
1399 2138 1478 2208 τῷ
1505 2137 1648 2210 Θεῷ.

235 2334 253 2367 ι
287 2313 413 2368 Οὔτε
469 2315 582 2386 γὰρ
638 2316 734 2370 ἐὰν
785 2317 1073 2388 φάγωμεν,
1127 2317 1568 2390 περισσεύομενο
1601 2317 1726 2374 οὗτε

173 2407 252 2460 ἐὰν
279 2408 348 2478 μὴ
377 2409 675 2478 φάγωμεν,
730 2409 1131 2480 ὑστερούμεθα.
1173 2429 1193 2462 ι
1229 2411 1544 2476 Τουτέστιν,
1589 2412 1727 2467 Οὔτε

176 2501 252 2552 ἐὰν
288 2501 559 2570 φάγωμεν,
589 2503 858 2571 περισσόν
875 2521 929 2556 τι
957 2503 1178 2574 ἔχομεν,
1201 2505 1298 2557 καλ⁵
1327 2505 1728 2576 εύδοκιμοῦμεν

176 2593 302 2662 παρὰ
332 2592 402 2663 τῷ
435 2593 555 2664 Θεῷ
581 2611 597 2626 ο
639 2594 768 2648 οὔτε
800 2595 896 2650 ἐὰν
941 2595 1018 2668 μὴ
1068 2596 1356 2668 φάγωμεν,
1392 2597 1728 2670 ὑστεροῦμεν

179 2686 255 2754 καὶ
275 2684 484 2739 ἐλαττού
495 2687 666 2757 μεθα.

241 2797 256 2827 ι
283 2778 507 2832 Βλέπετε
539 2779 626 2844 δὲ,
665 2781 866 2850 μήπως
896 2781 1169 2852 ήέξουσία
1200 2781 1354 2854 ὑμῶν
1388 2783 1528 2854 αὕτη
1557 2785 1730 2854 πρόσ-

179 2887 338 2938 κομμα
361 2870 580 2940 γένηται
609 2875 724 2934 τοῖς
747 2872 1034 2926 ἀσθενοῦσι
1055 2874 1164 2928 τῶν
1189 2875 1453 2946 ἀδελφῶν.
1480 2895 1499 2930 ι
1538 2877 1731 2946 Ἐκφο-

180 2964 251 3018 6εῖ
287 2965 471 3030 αὐτοὺς
518 2965 617 3020 διὰ
653 2965 864 3019 τούτου.
906 2968 1020 3021 Καὶ
1053 2968 1154 3020 οὐκ
1209 2965 1388 3033 εἴπεν,
1425 2967 1498 3022 Ἦ
1527 2968 1729 3038 γνῶσις

182 3054 333 3128 ὓμῶν,
385 3057 520 3123 ἀλλ’,
569 3075 587 3110 ι
653 3057 718 3110 Ἦ
754 3056 994 3122 ἐξουσία.
1042 3077 1060 3109 ι
1101 3058 1417 3124 Τουτέστιν,
1455 3060 1490 3130 ἠ
1519 3060 1732 3131 προπέ-

180 3167 298 3213 τεια,
340 3151 429 3204 καὶ
476 3152 510 3222 ἠ
575 3150 878 3215 ἀλαζονεία
949 3151 1286 3222 πρόσκομμα
1331 3153 1559 3224 γένηται
1619 3157 1733 3218 τοῖς

181 3242 503 3297 ἀσθενοῦσιν*
569 3243 603 3296 ὃ
638 3243 842 3314 μείζων
885 3244 1069 3299 αὐτῶν
1114 3245 1441 3316 κατηγορία,
1479 3247 1562 3299 ὅτι
1611 3247 1732 3300 οὐδὲ

180 3333 515 3391 ἀσθενούντων
554 3337 860 3406 φείδονται,
896 3332 976 3400 οἷς
1033 3337 1141 3391 ἔδει
1183 3339 1280 3394 καὶ
1309 3341 1466 3408 χεῖρα
1495 3338 1728 3410 ὀρέγειν.

245 3444 262 3477 ι
305 3427 420 3480 Ἐὰν
450 3428 556 3500 γάρ
579 3446 671 3491 τις
697 3427 783 3500 ἴδῃ
809 3427 874 3482 σε
907 3429 999 3482 τὸν
1035 3430 1226 3501 ἔχοντα
1254 3432 1462 3500 γνῶσιν
1492 3433 1551 3486 ἐν
1577 3433 1735 3489 εἰδω-

183 3517 292 3590 λείῳ
320 3522 743 3592 κατακείμενον,
777 3522 898 3592 οὐχὶ
924 3524 956 3594 ἡ
997 3524 1305 3595 συνείδησις
1334 3525 1522 3592 αὑτοῦ,
1569 3527 1734 3581 ιῐισθε⁹

185 3613 284 3678 νοῦς
314 3615 477 3683 δντος,
529 3615 1138 3688 οἱκοδομηθῆσεταιείς
1187 3619 1247 3670 τὸ
1297 3618 1367 3672 τὰ
1405 3619 1736 3676 εἰδωλόθυτα

186 3708 396 3777 ἐσθίειν;
451 3731 469 3763 ι
521 3713 815 3776 Τουτέστι,
875 3712 944 3764 Σέ
985 3713 1110 3778 τὸν,
1159 3711 1235 3776 ὡς
1281 3712 1500 3782 λέγεις,
1533 3713 1736 3767 τέλειον

187 3797 312 3863 ὄντα,
343 3803 432 3856 ἐὰν
462 3804 544 3876 ίδῃ
571 3804 814 3875 ἀσθενής
848 3822 930 3868 τις
962 3805 1070 3858 τῶν
1101 3805 1471 3859 εἰδωλοθύτων
1503 3805 1736 3877 γευόμε-

187 3908 278 3956 νον,
319 3889 419 3965 ἆρα
448 3896 508 3949 οὐ
546 3895 630 3967 μὴ
671 3895 816 3970 λάϐῃ
871 3896 1129 3968 ἀφορμὴν
1179 3897 1352 3950 πλείω
1397 3899 1480 3961 εἰς
1525 3897 1586 3951 τὸ
1643 3899 1738 3952 καὶ

191 3983 332 4048 αὐτὸς
361 3987 425 4039 τὰ
457 3987 791 4041 εἰδωλόθυτα
819 3987 1044 4054 ἐσθίειν,
1087 3990 1182 4043 καὶ
1225 3990 1423 4060 μᾶλλον
1450 3993 1738 4065 παγιωθή-

189 4091 318 4131 σεται
343 4079 534 4150 (τοῦτο
577 4081 696 4153 γὰρ
742 4080 827 4145 τὸ,
859 4102 877 4133 ι
917 4082 1417 4152 Οίκοδομηθήσεται
1455 4084 1500 4154 ι)
1563 4086 1645 4150 είς
1677 4086 1737 4140 τὸ

189 4167 366 4223 οτεσθαι
401 4167 538 4227 εἷναί
570 4191 632 4224 τι
663 4173 732 4226 τὰ
779 4173 1015 4237 εἴδωλας
1070 4173 1307 4242 Ἀγνοῶν
1355 4175 1465 4246 γὰρ
1507 4177 1599 4230 τὸν
1648 4178 1738 4231 σὸν

191 4259 438 4333 λογισμὸν,
479 4265 603 4336 μεθ’
643 4259 706 4320 οὗ
751 4265 910 4320 τοῦτο
964 4268 1137 4330 ποιεῖς
1165 4305 1180 4332 ,
1231 4268 1552 4340 προτροπὴν
1582 4269 1739 4323 τοῦτο

191 4349 436 4421 λογίσεται
466 4359 708 4422 πάντως.

255 4463 272 4496 ι
304 4448 738 4526 ΚαὶΙάπολεῖται
785 4455 814 4507 δ
861 4450 1106 4506 ἀσθενῶν
1153 4450 1381 4520 ἁδελφὸς
1439 4451 1534 4506 ἐπὶ
1557 4454 1738 4524 τῇ’σῇ

195 4534 386 4603 γνώσει,
413 4540 480 4593 δι’
507 4541 564 4595 ὃν
595 4543 835 4614 Χριστὸς
883 4541 1177 4598 ἀπέθανεν.
1224 4561 1242 4594 ι
1296 4543 1407 4596 Καὶ
1451 4545 1738 4613 γενήσεται

1837 2059 1960 2104 ιιιιιε
2012 2064 2118 2102 non
2173 2049 2502 2111 laederetur,
2561 2062 2736 2116 neque
2785 2046 2866 2100 sic
2914 2054 3090 2097 tamen
3147 2041 3418 2097 laudabile

1835 2139 2132 2209 quidquam
2158 2140 2392 2205 faceres,
2422 2139 2639 2208 Deoque
2671 2148 2906 2209 gratum.
2935 2135 3102 2190 Cibus
3129 2135 3273 2212 enim
3318 2150 3416 2188 nos

1835 2230 1948 2287 Deo
1983 2248 2086 2287 non
2111 2232 2373 2288 associat.

1913 2343 1931 2376 ι
1969 2323 2158 2394 Neque
2193 2325 2338 2378 enim
2373 2325 2416 2378 si
2446 2323 2696 2388 edamus,
2730 2323 3074 2378 abundamus
3104 2341 3118 2376 :
3163 2336 3339 2390 neque
3370 2321 3416 2374 si

1835 2432 1944 2471 non
1967 2417 2214 2481 edamus,
2239 2417 2576 2472 deﬁcimus.»
2592 2415 2727 2470 ~Hoc
2757 2427 2860 2480 est,
2882 2415 3069 2485 Neque
3090 2418 3134 2469 si
3160 2417 3411 2475 edamus,

1839 2509 2047 2566 idcirco
2092 2509 2348 2564 meliores
2388 2524 2600 2571 smnus,
2637 2524 2701 2563 ac
2733 2509 2842 2562 Deo
2888 2508 3156 2577 gratiores
3192 2521 3206 2559 :
3243 2520 3421 2574 neque

1837 2604 1882 2657 si
1914 2620 2020 2658 non
2054 2607 2304 2668 edamus,
2337 2603 2540 2657 ideirco
2567 2603 2780 2672 pejores
2803 2616 2993 2656 smnus
3025 2610 3082 2655 et
3111 2599 3418 2668 deﬁcimus.

1907 2779 2073 2833 \‘sns.
2107 2779 2162 2833 9.
2206 2796 2224 2829 ι
2260 2774 2448 2831 Videte
2491 2784 2670 2830 autem
2696 2790 2764 2829 ne
2795 2775 3068 2844 quomodo
3101 2775 3217 2831 haec
3246 2776 3420 2832 licen-

1843 2871 1914 2926 tia
1948 2883 2126 2924 vestra
2176 2868 2563 2924 oﬂ‘endiculum
2621 2868 2714 2920 fiat
2772 2869 3003 2924 inﬁrmis
3057 2870 3351 2926 fratribus.
3393 2887 3435 2922 ι-

1841 2962 2226 3019 Perterrcfacit
2263 2977 2358 3017 eos
2398 2977 2494 3032 per
2528 2963 2653 3017 hoc.
2686 2962 2796 3017 Nec
2826 2963 2998 3017 dixit:
3036 2961 3281 3019 Scientia
3326 2981 3422 3018 ve-

1840 3069 1974 3123 stra,
2005 3059 2124 3122 sed,
2165 3076 2184 3111 ι
2220 3057 2490 3119 Licentia,
2521 3075 2540 3110 ι
2590 3057 2692 3111 hoc
2723 3067 2829 3122 est,
2858 3057 3154 3125 petulantia
3187 3069 3240 3112 et
3270 3075 3424 3112 arru-

1841 3153 2021 3222 gantia
2055 3151 2146 3206 ﬁat
2175 3149 2559 3206 oﬂ'endiculum
2595 3150 2848 3206 infirmis.
2885 3153 3064 3220 Atque
3097 3152 3212 3206 hinc
3246 3153 3434 3222 major-

1841 3259 2030 3299 eoruiu
2079 3252 2162 3298 est
2189 3242 2490 3306 accusatio,
2521 3241 2664 3310 quod
2718 3257 2782 3297 ne
2817 3242 3047 3297 infirmis
3073 3243 3293 3312 quidem
3335 3259 3425 3295 vo-

1845 3329 2052 3392 luerint
2077 3350 2324 3407 parcere,
2355 3335 2558 3405 quibus
2582 3335 2748 3390 etiam
2783 3334 3040 3405 opitulari
3081 3336 3386 3404 oportebat.

1911 3431 2082 3487 Vens.
2117 3430 2205 3485 10.
2247 3447 2268 3483 ι
2310 3427 2446 3484 Nam
2474 3428 2517 3484 si
2545 3431 2832 3498 quisquam
2860 3428 3208 3497 conspexerit
3256 3429 3426 3481 teha-

1843 3533 2060 3583 beittem
2108 3527 2418 3590 scientiam,
2474 3525 2527 3579 iu
2566 3525 2732 3579 idolio
2763 3525 3196 3588 accumbentem,
3243 3539 3432 3577 nonne

1845 3618 2186 3672 conscientia
2218 3618 2338 3688 ejus
2388 3618 2478 3686 qui
2515 3617 2763 3671 inﬁrmus
2808 3625 2914 3684 est,
2960 3615 3318 3670 aediﬁcabitur
3367 3625 3428 3669 ut

1847 3720 2097 3765 vescatur
2124 3710 2480 3779 idolothytis?
2516 3730 2536 3762 ι
2569 3709 2681 3764 lloc
2718 3719 2822 3774 est,
2847 3709 2988 3773 sine,
3017 3708 3129 3777 qui,
3160 3709 3242 3761 uti
3267 3708 3426 3772 dicis,

1849 3802 2121 3872 perfectus
2147 3817 2226 3869 es,
2259 3803 2508 3856 inlirmus
2535 3801 2731 3870 aliquis
2768 3800 2928 3856 idolis
2953 3800 3228 3855 imumlata
3261 3801 3428 3854 eden-

1849 3905 1954 3949 tem
1986 3895 2356 3964 conspexerit,
2389 3909 2571 3949 nonne
2603 3893 2864 3961 majorem
2914 3891 3144 3960 arripiet
3179 3891 3429 3944 occasio-

1849 4004 1994 4054 nem,
2027 4001 2084 4043 ut
2114 3989 2230 4059 ipse
2273 3990 2436 4044 etiam
2484 3987 2798 4059 idolothytis
2827 3997 3099 4052 vescatur,
3145 3985 3430 4054 magisque

1847 4083 2314 4156 stabilietur(hoc
2373 4083 2517 4137 enim
2578 4090 2682 4148 est,
2741 4098 2760 4132 ι
2805 4078 3193 4134 Αἰιίιῐὶεςὼὶιιιι·
3245 4075 3312 4146 ι)
3371 4086 3430 4129 ιιι

1848 4177 2124 4231 existimet
2157 4176 2297 4230 idola
2331 4173 2534 4244 aliquid
2571 4173 2734 4229 esse?
2765 4173 2860 4228 Ille
2895 4172 3040 4226 enim
3073 4171 3296 4234 inscius,
3323 4183 3429 4238 qua

1851 4278 1908 4322 tu
1946 4270 2086 4322 ratio
2117 4269 2312 4323 ductus
2354 4267 2457 4322 hoc
2503 4264 2665 4332 facis,
2723 4264 2869 4322 istud
2904 4279 3003 4333 pro
3047 4263 3432 4320 exhortatione

1853 4364 2147 4432 reputabit.

1928 4455 2091 4511 Vens.
2124 4457 2210 4512 Η.
2262 4475 2282 4509 ι
2321 4456 2399 4511 Ac
2434 4455 2632 4527 peribit
2694 4453 2942 4508 inﬁrmus
2989 4451 3156 4505 frater
3187 4451 3256 4504 ob
3285 4459 3431 4503 tuam

1849 4553 2169 4618 scientiam,
2201 4560 2422 4621 propter
2468 4564 2628 4619 quem
2667 4547 2930 4603 Christus
2965 4555 3050 4599 est
3103 4553 3366 4596 mortuus.
3409 4562 3428 4594 ι

197 4628 435 4697 πρόφασις
456 4634 736 4699 ἀπωλείας
758 4637 934 4706 ἐτέρῳ
964 4637 996 4707 ή
1032 4637 1100 4708 σὴ
1129 4635 1426 4704 τελειότης,
1452 4636 1733 4690 καὶταῦτα

1856 4645 1916 4698 Et
1948 4651 2036 4696 tua
2067 4642 2328 4711 perfectio
2377 4641 2530 4696 alteri
2569 4641 2660 4694 fiet
2710 4638 2927 4693 occasio
2967 4637 3244 4699 interitus,
3273 4634 3435 4702 idque

199 4716 508 4788 ἀσθενοῦντι,
541 4727 639 4782 καὶ
675 4728 852 4782 ταῦτα
880 4727 948 4782 δι’
978 4728 1036 4780 ὃν
1078 4727 1313 4799 Χριστὸς
1345 4727 1607 4781 ἀπέθανε.
1643 4730 1756 4790 Καὶ

197 4810 331 4880 ὁμὲν
375 4817 603 4888 Χριστὸς
650 4820 771 4873 οὐδὲ
829 4819 1126 4882 ἀποθανεῖν
1189 4821 1550 4891 παρητήσατο
1608 4821 1750 4898 ὑπὲρ

200 4903 382 4960 αὐτοῦ’
414 4913 476 4966 σὺ
511 4913 567 4966 δέ
604 4914 728 4968 οὐδὲ
775 4913 1082 4986 βρωμάτων
1119 4912 1326 4984 ἀπέχῃ,
1359 4912 1447 4964 ἵνα
1484 4911 1558 4984 μὴ
1588 4932 1752 4973 σκαν·

199 4993 488 5072 δαλίζηται;
538 5004 598 5060 Ὀ
629 5006 687 5060 δὲ
730 5008 1145 5080 Χρυσόστομος,
1183 5023 1202 5058 ι
1251 5003 1380 5058 Ἐπὶ
1408 5006 1476 5076 τῇ
1511 5008 1577 5078 σῇ
1610 5007 1757 5081 βρώ-

205 5103 292 5155 σει,
321 5111 338 5144 ι
367 5095 538 5165 λέγει.

262 5196 279 5228 ι
319 5181 466 5236 Οὕτω
497 5187 552 5240 δὲ
593 5188 999 5260 ἁμαρτάνοντες
1048 5190 1128 5253 είς
1161 5188 1284 5253 τοὺς
1317 5190 1604 5262 ἀδελφοὺς,
1647 5193 1743 5246 καὶ

199 5266 460 5339 τύπτοντες
509 5279 688 5335 αὐτῶν
737 5282 838 5353 τὴν
888 5281 1195 5352 συνείδησιν
1245 5282 1617 5353 ἀσθενοῦσαν,
1665 5288 1745 5350 είς

206 5358 413 5430 Χριστὸν
446 5370 809 5444 ἁμαρτάνετε.
856 5393 875 5426 ι
917 5375 1031 5429 υύκ
1060 5370 1183 5428 εἶπε
1205 5415 1219 5440 ,
1258 5377 1744 5444 Σκανδαλίζοντες,

203 5451 339 5522 ἀλλὰ,
367 5478 383 5511 ι
416 5463 738 5533 Τύπτοντες·
771 5487 790 5521 ι
819 5467 959 5522 ὥστε
981 5471 1079 5536 τὴν
1100 5469 1362 5539 ὠμότητα
1378 5470 1746 5536 ἐνδείξασθαι,

207 5543 316 5600 ὅταν
347 5554 435 5607 καὶ
463 5557 558 5627 τὴν
589 5560 920 5615 ἀσθενοῦσαν
958 5563 1267 5633 συνείδησιν
1312 5563 1612 5620 τύπτωσιν.
1655 5563 1748 5626 Εἰς

209 5637 357 5728 euripi
381 5645 432 5699 δὲ
457 5648 552 5720 τὴν
581 5653 825 5726 κορυφὴν
853 5654 951 5725 τῆς
981 5657 1330 5728 παρανομίας
1353 5655 1414 5710 τδ
1441 5655 1746 5727 ἁμάρτημα

211 5725 530 5807 ἀνήγαγενθτ.
582 5759 601 5794 ι
655 5744 752 5809 Εἰς
785 5725 1020 5818 Χριστὸν
1059 5725 1440 5820 άμαρτάνετε,
1482 5725 1507 5800 ἡ)
1550 5725 1740 5799 εἰπών.

1856 4735 2092 4800 inﬁrmo,
2128 4745 2181 4788 et
2208 4743 2430 4803 propter
2457 4728 2618 4800 quem
2655 4730 2908 4786 Christus
2942 4739 3024 4783 est
3058 4735 3324 4781 mortuus.
3369 4724 3436 4778 Et

1855 4825 2109 4879 Christus
2139 4823 2356 4893 quidem
2388 4837 2484 4890 pro
2514 4821 2630 4890 ipso
2661 4836 2766 4872 non
2802 4819 3120 4873 detrectavit
3153 4813 3290 4870 mori
3322 4830 3336 4880 ;
3378 4823 3434 4866 tu

1855 4927 1984 4967 vero
2021 4928 2092 4965 ne
2133 4928 2160 4965 a
2193 4913 2331 4966 cibis
2370 4911 2587 4980 quidem
2619 4909 2882 4974 abstines,
2918 4916 2974 4961 ut
3026 4906 3185 4977 169
3216 4906 3304 4959 ille
3327 4920 3431 4956 non

1853 5001 2199 5058 oﬂ'endatur?
2242 5001 2661 5071 Chrysustomus
2713 5008 2912 5064 autem,
2949 5017 2964 5047 ι
3004 4996 3088 5050 0b
3141 4994 3432 5048 manduca-

1853 5098 2056 5152 tionem
2089 5106 2258 5160 tuam,
2303 5113 2321 5146 ι
2358 5093 2508 5148 dicit.

1929 5189 2092 5245 Vens.
2130 5187 2213 5243 l2.
2249 5207 2267 5240 ι
2311 5187 2402 5242 Sic
2449 5194 2628 5240 autem
2662 5193 2951 5255 peccantes
2999 5184 3053 5236 in
3113 5182 3344 5244 fratres,
3380 5188 3435 5232 et

1846 5284 2212 5355 percutieutes
2273 5281 2667 5336 conscientiam
2742 5293 2928 5332 eorum
2998 5276 3306 5338 inﬁrmam,
3379 5272 3432 5324 iu

1854 5376 2130 5433 Christum
2167 5373 2426 5443 peccatis.
2474 5391 2492 5424 ι
2543 5370 2658 5426 Νοιι
2711 5369 2886 5434 dixit,
2921 5366 3264 5422 Olfvudeutes
3289 5405 3305 5429 ,
3339 5366 3432 5420 sed

1858 5485 1876 5519 ι
1907 5467 2315 5532 Percutientes;
2356 5485 2374 5519 ι
2417 5475 2474 5518 ιιι
2512 5463 2887 5518 crudelitatem
2927 5460 3228 5523 iudicaret;
3259 5473 3434 5526 quan-

1849 5559 2137 5628 doquidem
2189 5569 2242 5614 et
2279 5558 2625 5629 languentem
2687 5555 3078 5610 conscientiam
3121 5553 3336 5608 feriant.
3376 5552 3430 5606 In

1851 5651 2025 5720 ipsum
2081 5660 2262 5705 autem
2296 5647 2744 5717 transgressionis
2787 5647 3102 5716 fastigium,
3148 5655 3431 5712 peccatum

1854 5743 2075 5810 retulit;
2114 5761 2133 5795 ι
2177 5741 2234 5798 lu
2270 5741 2542 5799 Christum
2596 5739 2855 5811 peccatis,
2905 5759 2923 5794 ι
2969 5739 3237 5811 inquiens.
3288 5737 3436 5803 Quu-

1521 5836 1727 5901 Varitn
1787 5834 2112 5901 lectiones.

275 5925 317 5958 ⁸⁷
335 5929 616 6006 εισήγαγεν
647 5958 704 5999 ο,
