3874 6580
429 450 538 521 667

1312 459 1899 523 THEOPHYLACTI
1939 461 2352 522 BULGARLE
2392 460 2754 523 ARCHIEP.

3561 455 3669 526 ωδ,

425 581 540 624 non
579 565 798 624 ditescit
826 583 894 622 ex
928 565 1154 623 fructu?
1180 568 1274 625 sed
1294 611 1309 636 ,
1346 587 1366 622 ι
1399 570 1517 625 Non
1545 571 1698 628 edit?
1733 590 1753 626 ι
1788 572 2004 643 ubique,

2124 592 2139 624 ι
2192 573 2285 627 Ἐκ
2316 571 2410 626 τοῦ
2458 569 2698 643 καρποῦ.
2741 588 2762 623 ι
2810 565 2930 624 οὐδὲ
2961 559 3116 630 εἷπε,
3153 565 3249 630 Τίς
3287 563 3348 620 οὐ
3371 557 3587 620 ’πλουτεῖ
3609 569 3663 625 ἐκ

421 657 568 730 quod
606 661 674 714 ad
713 675 870 714 usum
910 669 965 715 et
1009 662 1390 716 necessitatem
1426 663 1712 732 pertinet,
1761 680 2007 736 quaarere

419 752 737 816 admonens,
771 767 880 807 non
907 753 1050 822 quod
1081 754 1412 826 superﬂuum
1438 765 1541 810 est.

495 861 517 898 ι
548 843 678 911 Quis
704 847 878 915 pascit
905 861 1149 917 gregem,
1173 857 1229 901 et
1254 847 1320 901 de
1352 847 1492 902 lacte
1523 847 1641 915 ejus
1665 865 1774 904 non
1803 851 1952 906 edit?
1981 870 2004 905 ι

421 933 540 990 Non
572 935 743 998 dixit.
780 934 972 992 Vendit
1001 938 1262 1006 pecudes,
1297 953 1461 994 easve
1489 942 1635 1006 edat,
1667 953 1761 996 aut
1790 943 2009 998 univer-

421 1043 541 1082 sum
572 1029 678 1093 lac,
713 1030 827 1094 sed,
878 1049 898 1082 ι
948 1030 1023 1085 De
1061 1030 1200 1084 lacte
1235 1047 1248 1082 :
1291 1049 1310 1082 ι
1342 1031 1636 1086 ostendens
1681 1033 1836 1089 nobis
1865 1035 2007 1103 quod

422 1119 636 1175 modica
664 1121 1038 1176 consolatione
1065 1121 1342 1176 doctorem
1366 1129 1682 1176 contentum
1707 1139 1827 1178 esse
1849 1140 2008 1192 opor-

422 1219 571 1279 teat,
633 1227 698 1266 ac
755 1213 1068 1268 necessario
1129 1213 1294 1267 victu.
1364 1211 1471 1268 Per
1525 1225 1794 1283 pastorem
1855 1231 2007 1283 vero,

422 1319 673 1372 magnam
725 1321 912 1360 curam
969 1307 1233 1361 indicavit
1283 1321 1448 1376 quam
1497 1308 1779 1364 doctorem
1816 1326 2009 1381 gerere

421 1407 692 1466 oporteat.

498 1489 654 1544 Vens.
706 1487 761 1543 8.
822 1507 841 1541 ι
905 1487 1159 1560 Nunquid
1233 1493 1532 1546 secundum
1572 1493 1849 1548 hominem
1895 1494 2009 1547 haec

419 1582 580 1636 dico?
603 1598 670 1635 an
700 1592 756 1637 et
795 1581 877 1636 lex
912 1583 1027 1638 haec
1062 1599 1168 1638 non
1202 1584 1370 1640 dicit?
1402 1605 1420 1637 ι
1449 1587 1564 1641 Hoc
1605 1597 1712 1651 est,
1749 1588 1904 1640 Anne
1938 1602 2006 1641 ex

421 1674 554 1729 solis
609 1674 864 1730 humanis
921 1674 1188 1744 exemplis
1250 1677 1353 1731 ista
1413 1678 1622 1747 probo.
1682 1693 1782 1733 nec
1835 1678 2010 1732 habeo

425 1765 726 1834 Scriptura;
796 1768 1208 1823 testimonium?
1234 1769 1462 1824 Possum
1497 1772 1746 1840 equidem
1787 1773 2010 1826 demon-

417 1868 615 1922 strare,
638 1860 780 1928 quod
807 1861 920 1916 haec
946 1861 1054 1920 Deo
1080 1863 1324 1932 placeant
1351 1881 1364 1916 :
1390 1865 1655 1934 siquidem
1682 1873 1737 1918 et
1761 1866 1866 1930 lex,
1891 1881 2010 1936 quae

419 1961 528 2004 non
561 1958 644 2004 est
667 1949 905 2004 humana
931 1953 1022 2005 sed
1047 1952 1252 2016 divina,
1283 1951 1396 2007 haec
1427 1954 1694 2024 prie-cipit.

489 2041 656 2098 Vens.
690 2044 746 2101 9.
786 2063 805 2097 ι
839 2043 1113 2114 Scriptum
1141 2056 1226 2100 est
1245 2047 1389 2101 enim
1423 2049 1476 2102 in
1504 2046 1619 2118 lege
1643 2047 1811 2119 Moysi
1843 2066 1858 2102 :
1884 2045 2003 2102 Non

416 2133 664 2204 alligabis
694 2153 756 2192 os
782 2136 906 2193 bovi
939 2140 1214 2194 trituranti
1244 2141 1290 2195 ε.
1339 2158 1358 2191 ι
1398 2138 1473 2193 Ειι
1512 2141 1830 2206 abundanti,
1861 2140 2004 2208 quod

415 2229 554 2294 vult,
583 2228 870 2286 coitﬁrmat
907 2248 922 2285 :
957 2236 1101 2287 unde
1128 2242 1185 2287 et
1227 2234 1388 2287 boum
1419 2232 1725 2302 exemplum
1777 2232 2002 2302 profert.

493 2423 513 2455 ι
545 2403 802 2475 Nunquid
832 2405 900 2459 de
925 2407 1094 2462 bobus
1139 2423 1267 2462 cura
1295 2416 1380 2463 est
1411 2409 1556 2464 Deo?
1593 2428 1612 2461 ι
1645 2409 1782 2476 Quid
1811 2409 2006 2480 igitur?

414 2493 608 2549 Nonne
628 2497 819 2551 curat?
847 2497 1082 2553 Omnino
1108 2508 1256 2554 certe
1287 2515 1302 2558 :
1336 2499 1485 2569 atqui
1514 2515 1618 2555 non
1648 2501 1745 2560 ita.
1776 2510 1834 2553 nt
1861 2501 2007 2570 leges

417 2589 484 2643 de
513 2590 577 2644 iis
597 2591 827 2644 sanciat.
855 2592 1012 2644 Aliud
1040 2593 1226 2661 itaque
1245 2595 1506 2662 quiddam
1535 2609 1633 2662 per
1654 2594 2003 2648 clementiam

417 2693 545 2746 erga
580 2677 739 2732 bruta
771 2681 1152 2744 adumbravit,
1192 2698 1454 2738 exercens
1501 2683 1756 2737 nimirum
1786 2682 2005 2739 Iuda-os

418 2769 470 2824 in
504 2769 683 2823 studio
711 2781 767 2824 et
793 2786 977 2825 amore
1018 2786 1145 2841 erga
1176 2773 1431 2826 doetores
1469 2788 1618 2828 suos.
1667 2773 1804 2830 lline
1845 2791 2006 2843 porro

417 2860 712 2926 discimus,
753 2863 898 2930 quod
943 2879 1283 2934 quaecunque
1317 2867 1370 2918 in
1421 2864 1604 2920 Veteri
1656 2865 2006 2923 Testamento

417 2954 486 3006 de
513 2953 688 3009 brutis
707 2955 1035 3011 animalibus
1065 2957 1208 3012 dicta
1252 2965 1400 3024 sunt,
1441 2960 1507 3012 ad
1540 2958 1822 3014 hominum
1851 2959 2007 3014 insti-

421 3046 684 3100 tutionem
707 3048 1047 3104 conducunt.

492 3139 656 3195 Vens.
690 3140 779 3196 l0.
831 3160 851 3195 ι
901 3147 982 3197 An
1012 3154 1230 3213 propter
1272 3161 1372 3202 nos
1411 3147 1527 3202 haec
1571 3148 1794 3202 omnino
1832 3149 2008 3205 dicit?

2107 661 2202 714 τοῦ
2235 663 2482 733 καρποῦ;
2514 661 2629 714 ἀλλ’
2671 678 2692 713 ι
2723 660 2837 714 Οὐκ
2865 658 3034 712 ἐσθίει
3061 673 3075 689 ·
3101 656 3381 729 πανταχοῦ
3406 656 3467 710 τὸ
3493 659 3666 730 χρειῶσ

2107 753 2196 816 δες
2235 753 2420 824 ζητεῖν
2453 752 2756 823 παραινῶν,
2784 751 2846 806 οὐ
2878 750 2941 806 τὸ
2977 750 3249 821 περιττόν.

2187 862 2208 895 ι
2251 845 2347 908 Τίς
2372 845 2649 914 ποιμαίνει
2677 843 2934 914 ποίμνην,
2966 844 3059 897 καὶ
3082 843 3148 895 ἐκ
3169 841 3262 896 τοῦ
3289 840 3554 910 γάλακτος
3579 843 3661 897 αὺ-

2107 936 2209 1005 τῆς
2239 935 2341 988 οὐκ
2370 935 2575 1002 ἐσθίεις
2613 954 2632 986 ι
2668 935 2784 988 Οὐκ
2809 929 2985 998 εἶπεν,
3015 934 3096 987 ὃτι
3125 931 3304 986 Πωλεῖ
3325 933 3394 987 τὰ
3417 931 3662 1002 πρόϐατα,

2109 1027 2167 1097 ἦ,
2203 1025 2409 1081 Ἐσθίει
2448 1025 2644 1089 ταῦτα.
2677 1027 2711 1098 ἢ
2745 1027 2820 1079 Τὸ
2851 1025 2994 1094 γάλα
3017 1027 3146 1091 πᾶν,
3184 1024 3320 1088 ἀλλ’,
3375 1043 3394 1076 ι
3453 1025 3544 1078 Ἐκ
3587 1025 3663 1079 τοῦ

2110 1120 2400 1188 γάλακτος’
2430 1138 2452 1171 ι
2475 1118 2737 1173 δεικνύων
2767 1120 2922 1188 ἡμῖν.
2954 1119 3034 1172 ὃτι
3062 1119 3237 1188 μικρᾷ
3255 1116 3569 1188 παραμυθία
3592 1118 3673 1172 τὸν

2110 1211 2430 1266 διδάσκαλον
2461 1210 2754 1284 ἀρκεῖσθαι
2777 1212 2857 1265 δεῖ
2883 1215 2951 1278 ’⁵,
2982 1212 3077 1265 καὶ
3105 1214 3173 1282 τῇ
3198 1210 3480 1280 ἀναγκαίᾳ
3499 1213 3667 1282 τροφῇ.

2112 1304 2225 1374 Τὴν
2257 1304 2313 1358 δὲ
2350 1304 2552 1374 πολλὴν
2593 1303 2922 1374 κηδεμονίαν
2952 1303 3210 1372 ἐδήλωσε,
3247 1302 3337 1355 διὰ
3371 1301 3468 1356 τοῦ
3505 1302 3671 1372 ποιμέ-

2109 1414 2220 1460 νος,
2255 1398 2324 1467 ἦν
2350 1395 2432 1449 δεῖ
2461 1396 2608 1466 ἔχειν
2641 1397 2732 1450 τὸν
2759 1395 3102 1450 διδάσκαλον.

2188 1506 2207 1539 ‹
2244 1489 2336 1557 Μὴ
2386 1487 2529 1542 κατὰ
2560 1487 2845 1560 ἄνθρωπον
2875 1487 3047 1541 ταῦτα
3083 1487 3263 1555 λέγω;
3295 1486 3326 1556 ἢ
3365 1484 3495 1556 οὐχὶ
3533 1486 3615 1538 καὶ
3645 1488 3669 1540 ό

2110 1582 2274 1651 νόμος
2307 1580 2476 1634 ταῦτα
2519 1581 2711 1650 λέγεις
2759 1601 2778 1634 ι
2814 1581 3094 1643 Τουτέστι,
3134 1580 3226 1650 Μὴ
3252 1581 3316 1632 ἐκ
3347 1578 3460 1632 τῶν
3491 1578 3670 1649 ἀνθρω-

2115 1674 2283 1727 πίνων
2317 1675 2497 1745 μόνων
2523 1675 2945 1742 ὑποδειγμάτων
2970 1672 3145 1728 ταῦτα
3173 1671 3434 1736 συνιστῶ,
3472 1671 3566 1724 οὐκ
3581 1670 3671 1740 ἔχω

2111 1767 2165 1821 δὲ
2194 1768 2286 1821 καὶ
2316 1768 2422 1821 ἀπὸ
2444 1771 2558 1841 -τῆς
2592 1770 2820 1839 Γραφῆς
2856 1767 3202 1838 μαρτυρίαν;
3243 1767 3393 1835 ’Έχω
3417 1764 3581 1830 δεῖξαι
3602 1766 3668 1819 ὅτι

2113 1862 2208 1913 καὶ
2238 1862 2315 1932 τῷ
2339 1862 2458 1931 Θεῷ
2484 1862 2658 1916 ταῦτα
2681 1862 2849 1926 δοκεῖ,
2883 1862 2977 1914 καὶ
3003 1863 3030 1914 ὁ
3059 1860 3244 1930 νόμος,
3269 1859 3330 1924 ὃς
3352 1859 3458 1912 οὐκ
3486 1855 3670 1930 ἀνθρὼ-

2113 1969 2288 2015 πινος,
2329 1953 2466 2005 ἀλλά
2495 1952 2636 2013 θεῖός
2671 1954 2809 2018 ἐστι,
2841 1949 3016 2004 ταῦτα
3044 1949 3374 2020 διαγορεύει.

2185 2061 2203 2094 ι
2242 2043 2331 2097 Ἐν
2351 2047 2458 2115 γαρ
2482 2044 2559 2112 τῷ
2585 2043 2827 2106 Μωσέως
2859 2043 3008 2112 νόμῳ
3035 2042 3348 2111 γέγραπται
3372 2057 3385 2070 ·
3413 2041 3493 2094 Οὐ
3521 2039 3673 2109 φιμώ-

2109 2151 2225 2196 σεις
2259 2134 2388 2204 βοῦν
2418 2136 2685 2190 ἀλοῶντα.
2730 2154 2748 2186 ι
2799 2135 2894 2188 Ἐκ
2936 2133 3258 2204 περιουσίας
3296 2132 3671 2197 κατασκευάζει

2107 2228 2134 2280 ὃ
2173 2227 2453 2297 βούλεται·
2494 2228 2585 2282 διὰ
2629 2229 2790 2282 τοῦτο
2825 2227 2920 2280 καὶ
2948 2226 3008 2279 τὸ
3046 2225 3156 2278 τῶν
3188 2225 3325 2296 βοῶν
3368 2224 3670 2297 παρεισάγει

2109 2321 2415 2391 ὑπόδειγμα
2439 2321 2505 2373 ³⁸.

2184 2433 2202 2467 ι
2242 2415 2332 2484 Μὴ
2386 2413 2496 2468 τῶν
2543 2414 2682 2484 βοῶν
2733 2415 2889 2486 μέλει
2939 2413 3019 2484 τῷ
3072 2412 3229 2484 Θεῷς
3271 2431 3292 2465 ι
3345 2413 3412 2466 Τί
3459 2411 3572 2479 οῦν;
3621 2413 3670 2466 οὐ

2110 2507 2262 2578 μέλει
2283 2523 2296 2572 ;
2325 2508 2433 2561 Ναὶ
2457 2507 2676 2570 πάντως
2695 2524 2709 2539 ·
2733 2506 2847 2560 ἀλλ’
2873 2509 2971 2578 οὐχ
2993 2507 3189 2570 οὕτως,
3211 2504 3353 2558 ὥστε
3382 2507 3486 2560 καὶ
3504 2505 3673 2574 νόμους

2107 2599 2316 2654 τιθέναι
2347 2601 2478 2672 περὶ
2515 2599 2744 2654 τούτων.
2780 2601 2945 2653 Ὥστε
2974 2599 3104 2653 ἄλλο
3123 2619 3176 2653 τι
3206 2599 3458 2670 ᾐνίττετο
3486 2598 3568 2651 διὰ
3592 2600 3672 2668 τῆς

2107 2695 2187 2754 είς
2217 2693 2286 2747 τά
2316 2693 2487 2760 ἄλογα
2516 2693 2954 2764 φιλανθρωπίας,
2998 2689 3363 2763 ἐγγυμνάζων
3394 2691 3523 2753 τοὺς
3557 2691 3672 2744 Ἰου-

2106 2787 2290 2848 δαίους
2316 2787 2381 2856 τῇ
2417 2786 2498 2848 εἰς
2527 2786 2656 2849 τοὺς
2682 2784 3034 2847 διδασκάλους
3059 2785 3291 2856 σπουδῇ.
3337 2782 3609 2836 Ἐντεῦθεν
3627 2782 3672 2834 δὲ

2111 2877 2483 2949 μανθάνομεν,
2515 2878 2595 2931 ὅτι
2637 2878 2736 2930 ὅσα
2762 2878 2889 2947 περὶ
2923 2877 3135 2945 ἀλόγων
3165 2878 3224 2931 ἐν
3253 2879 3319 2946 τῇ
3352 2877 3562 2947 Παλαιᾷ
3597 2875 3668 2927 λέ-

2107 2989 2288 3042 γεται,
2322 2974 2400 3036 είς
2431 2974 2532 3045 τὴν
2563 2973 2673 3027 τῶν
2704 2971 3010 3045 ἀνθρώπων
3042 2972 3290 3026 συντελεῖ
3321 2968 3671 3025 διδασκαλίαν.

2185 3171 2203 3204 ι
2276 3153 2348 3205 Ἦ
2395 3153 2466 3206 δι’
2522 3154 2672 3224 ἡμᾶς
2740 3151 2959 3216 πάντως
3009 3151 3159 3220 λέγει
3199 3169 3214 3218 ;
3257 3153 3336 3205 Δι’
3391 3151 3538 3220 ἡμᾶς
3580 3151 3671 3219 γὰρ

417 3243 642 3302 prepter
682 3248 779 3288 nos
828 3235 973 3288 enim
1017 3237 1221 3305 scripta
1272 3247 1420 3292 sunt.
1462 3257 1481 3291 ι
1525 3269 1598 3280 -
1637 3259 1655 3293 ι
1693 3240 1946 3306 Omnino,
1981 3261 2000 3295 ι

2124 3246 2349 3316 ἐγράφη.
2401 3265 2418 3296 ι
2456 3245 2548 3311 Τὸ,
2587 3265 2605 3297 ι
2639 3245 2888 3308 Πάντως,
2947 3263 2965 3298 ι
3017 3245 3091 3308 ὡς
3132 3245 3223 3296 ἐπὶ
3259 3243 3672 3314 ὁμολογουμένου

420 3323 577 3390 quasi
610 3325 674 3378 de
705 3340 764 3379 re
793 3326 1041 3381 confessa
1069 3330 1283 3399 posuit,
1314 3339 1372 3383 ut
1414 3330 1486 3384 ita
1527 3331 1764 3386 auditori
1793 3332 2003 3388 nullum

2124 3335 2357 3389 τέθεικεν
2381 3377 2395 3400 ,
2425 3335 2512 3388 ἵνα
2547 3336 2623 3408 μὴ
2653 3337 3011 3410 συγχωρήσῃ,
3055 3336 3178 3408 μηδ’
3209 3335 3390 3388 ὁτιοῦν
3421 3335 3672 3389 ἀντειπεῖν

422 3418 832 3475 contradicendi
868 3423 1043 3476 locum
1072 3423 1366 3494 relinquat.

497 3530 518 3562 ι
549 3510 816 3578 Quoniam
855 3515 925 3569 in
947 3530 1043 3584 spe
1077 3517 1271 3582 debet,
1303 3519 1394 3588 qui
1430 3528 1583 3584 arat,
1609 3533 1791 3574 arare.
1837 3538 1856 3573 ι
1892 3519 2005 3576 Hoc

415 3610 533 3667 est,
562 3615 864 3674 praeceptor
913 3620 1006 3674 spe
1035 3609 1500 3677 compensationis
1541 3619 1596 3664 et
1633 3609 2006 3668 retributionis

419 3708 577 3748 arare
601 3710 662 3748 ac
696 3695 942 3751 laborare
971 3698 1157 3753 debet.

495 3804 515 3837 ι
552 3787 618 3840 Et
655 3789 746 3855 qui
798 3788 1015 3842 triturat
1042 3831 1058 3854 ,
1092 3801 1148 3844 ut
1185 3793 1255 3846 sit
1295 3793 1566 3862 particeps
1608 3795 1720 3864 spei
1775 3809 1918 3858 sure,
1949 3793 2002 3846 in

419 3892 540 3948 spe.
580 3895 600 3928 ι
637 3877 683 3930 Α
709 3878 916 3932 semine
943 3880 1008 3932 ad
1041 3895 1222 3934 aream
1257 3887 1474 3949 transit,
1505 3883 1707 3938 mnltos
1737 3884 2004 3952 apostolo-

419 3985 540 4024 rum
574 3971 807 4024 sudores
833 3971 958 4026 inde
991 3973 1060 4027 ob
1094 3975 1250 4044 172
1282 3976 1469 4029 oculos
1506 3991 1715 4042 ponens
1747 3995 1761 4030 :
1797 3991 1924 4030 nam
1949 3985 2003 4032 et

423 4059 525 4128 ipsi
552 4067 732 4126 arant,
763 4070 817 4116 et
847 4077 1030 4116 aream
1055 4062 1344 4133 frugesque
1376 4075 1580 4121 terunt.
1611 4068 1878 4134 Quoniam
1907 4083 2006 4121 au-

420 4164 529 4207 tem
560 4151 626 4217 is,
663 4153 754 4220 qui
792 4163 936 4218 arat,
963 4164 1146 4222 sperat
1177 4166 1383 4210 tantum
1406 4170 1436 4212 ἰ
1473 4160 1563 4227 qui
1595 4175 1722 4214 vero
1748 4160 2002 4226 triturat,

414 4248 528 4316 jam
558 4249 722 4302 etiam
745 4249 924 4316 aliqua
957 4264 1016 4303 re
1053 4248 1281 4316 fruitur,
1319 4263 1613 4320 propterea
1645 4252 1804 4316 dixit,
1843 4270 1863 4304 ι
1902 4252 2002 4320 Qui

415 4338 656 4400 triturat,
685 4338 798 4407 spei
825 4355 939 4393 suae
969 4339 1242 4410 particeps
1281 4351 1386 4405 est.
1417 4361 1434 4393 ι
1471 4341 1548 4396 Ne
1581 4343 1704 4412 quis
1733 4344 1892 4412 igitur
1920 4343 2004 4396 di-

414 4439 505 4484 cat
549 4447 565 4484 :
612 4430 751 4498 Quid
802 4432 978 4502 ergo?
1010 4430 1113 4486 Tot
1149 4440 1536 4503 tantorumque
1567 4435 1824 4489 sudorum
1867 4435 2005 4489 hanc

414 4526 586 4580 solam
615 4528 918 4582 mercedem
951 4529 1048 4581 das
1075 4527 1336 4596 apostolis
1357 4567 1372 4592 ,
1411 4537 1468 4581 ut
1497 4528 1713 4582 alantur
1754 4527 2004 4582 tantum?

2104 3447 2137 3483 τ
2219 3429 2490 3499 ἀκροατῇ.

2185 3540 2203 3574 ι
2238 3521 2363 3574 Ὅτι
2405 3521 2491 3572 ἐπ’
2518 3518 2693 3572 ἐλπίδι
2725 3517 2936 3587 ὀφείλει
2975 3519 3002 3570 ὁ
3034 3519 3307 3588 ἀροτριῶν
3349 3517 3620 3587 ἀροτριᾷν.
3651 3531 3669 3568 t

2107 3611 2423 3673 Τουτέστιν,
2449 3613 2478 3664 ὁ
2498 3611 2819 3673 διδασκαλος
2840 3609 3046 3680 ὀφείλει
3071 3611 3356 3681 ἀροτριᾷν,
3388 3610 3485 3663 καὶ
3503 3606 3674 3678 κοπιᾷν

2058 3697 2060 3700 ’
2105 3707 2194 3760 ἐπ’
2228 3707 2401 3760 ἐλπίδι
2435 3706 2672 3775 ἀμοισῆς
2709 3706 2801 3758 καὶ
2846 3703 3217 3772 ἀντιμισθίας.

2185 3817 2204 3849 ι
2240 3799 2349 3852 Καὶ
2393 3800 2421 3850 ὁ
2451 3797 2654 3861 ἀλοῶν,
2689 3797 2786 3866 τῆς
2817 3796 3033 3858 ἐλπίδος
3077 3794 3244 3849 αὑτοῦ
3295 3796 3567 3867 μετέχειν.
3601 3791 3674 3846 ἐπ’

2106 3888 2307 3944 ἐλπίδι.
2353 3908 2371 3940 ι
2416 3888 2550 3942 Ἀπὸ
2593 3887 2686 3941 τοῦ
2721 3887 2924 3957 σπόρου
2969 3888 3062 3939 ἐπὶ
3093 3888 3190 3954 τὴν
3223 3886 3405 3941 ἅλωνα
3443 3885 3673 3956 μετῆλθε,

2105 3980 2559 4043 κάντεῦθεν³τοὺς
2583 3979 2813 4042 πολλοὺς
2843 3978 3076 4050 ἱδρῶτας
3097 3979 3207 4031 τῶν
3243 3979 3556 4031 ἀποστόλων
3583 3977 3672 4045 Ep.-

2107 4073 2316 4144 φαίνων
2338 4089 2354 4103 ·
2383 4073 2467 4126 ὅτι
2502 4071 2599 4125 καὶ
2630 4073 2784 4124 αὐτοὶ
2815 4073 2908 4124 καὶ
2935 4070 3235 4142 ἀροτριῶσι
3263 4072 3358 4122 καὶ
3387 4071 3485 4141 τὴν
3514 4071 3676 4122 ἅλωνα

2103 4165 2371 4236 τρίϐουσι.
2412 4164 2633 4234 Ἐπειδὴ
2670 4163 2728 4217 δέ
2756 4166 2784 4217 ό
2814 4164 2911 4231 μὲν
2943 4162 3214 4233 ἀροτριῶν
3248 4161 3461 4226 ἐλπίζει
3492 4161 3674 4231 μόνον,

2103 4256 2133 4308 ὁ
2153 4255 2208 4308 δέ
2233 4254 2407 4308 ἀλοῶν
2434 4255 2531 4308 καὶ
2566 4253 2832 4307 ἀπολαύει
2869 4253 2968 4323 ἤδη
2999 4253 3146 4316 τινός
3166 4269 3177 4282 ³
3210 4253 3299 4306 δια
3329 4251 3488 4304 τοῦτο
3514 4249 3676 4316 εἶπεν⁹

2103 4347 2185 4400 ὃτι
2217 4363 2237 4397 ι
2289 4345 2348 4397 '0
2380 4343 2556 4397 ἀλοῶν
2603 4343 2702 4412 τῆς
2755 4342 2968 4405 ἐλπίδος
3015 4341 3186 4394 αὑτοῦ
3233 4341 3475 4410 μετέχει.
3522 4358 3539 4390 ι
3571 4338 3674 4391 ἰνα

2103 4439 2198 4494 οὖν
2237 4443 2312 4513 μή
2359 4456 2442 4504 τις
2477 4440 2640 4510 εῖπῃ·
2689 4438 2754 4491 Τί
2805 4433 2929 4499 οὗν;
2990 4437 3101 4491 τῶν
3147 4439 3421 4490 τοσούτων
3457 4433 3676 4505 ἱδρώτων

2109 4533 2280 4604 μόνην
2318 4533 2526 4602 ταύτην
2571 4531 2812 4602 ἀμοιδὴν
2854 4530 3013 4594 δίδως
3061 4533 3176 4593 τοῖς
3225 4527 3581 4590 ἀποστόλοις,
3623 4522 3676 4576 τὸ

413 4618 632 4687 aljecit,
663 4637 683 4670 ι
727 4616 782 4673 In
814 4633 910 4688 spe
935 4661 950 4686 ,
989 4639 1008 4672 ι
1047 4619 1351 4674 futurorum
1403 4619 1654 4675 videlicet
1698 4620 1980 4675 bonorum.

2127 4625 2392 4695 ρέφεσθαι
2426 4623 2622 4694 μόνον;
2668 4622 3010 4695 προσέθηκεν
3031 4638 3044 4653 ο
3087 4640 3104 4672 ι
3149 4621 3272 4674 Ἐπ’
3303 4619 3476 4672 ἐλπίδι
3500 4635 3514 4650 ο
3536 4633 3672 4669 τουτο

415 4710 600 4777 Qnare
637 4724 691 4765 et
729 4711 818 4766 illa
851 4711 1067 4782 quidem
1101 4727 1325 4782 sperare
1353 4719 1568 4782 oportet
1591 4750 1607 4776 ,
1646 4712 1742 4766 sed
1785 4712 2000 4767 interim

414 4803 580 4856 etiam
608 4802 703 4856 ali.

488 4891 652 4948 Vens.
689 4893 781 4947 ll.
815 4910 835 4945 ι
866 4892 923 4947 Si
949 4907 1049 4950 nos
1073 4893 1227 4948 vobis
1255 4893 1557 4961 spiritualia
1589 4891 2002 4958 seminavimus,

417 4999 676 5053 magnum
726 4993 809 5039 est
851 4984 896 5040 si
940 5000 1040 5039 nos
1089 4994 1272 5039 vestra
1325 4984 1564 5038 carnalia
1625 4985 1924 5040 metamus?
1977 5001 1996 5036 ι

415 5075 513 5130 ltei
552 5076 867 5144 aequitatem
909 5075 998 5131 hic
1026 5076 1287 5131 ostendit.
1319 5076 1432 5131 Non
1460 5077 1606 5131 enim
1642 5077 1790 5145 paria
1823 5076 1999 5132 reddi-

416 5167 485 5218 tis
507 5205 522 5228 ,
548 5166 744 5234 inquit,
777 5181 876 5236 pro
914 5167 980 5221 iis
1008 5181 1128 5236 qua:
1155 5167 1465 5236 accepistis.
1514 5165 1625 5220 Nos
1655 5167 1797 5221 enim
1831 5167 1997 5236 spiri-

415 5258 578 5312 tualia
608 5259 762 5314 vobis
791 5259 1203 5323 seminavimus,
1239 5274 1334 5314 vos
1366 5269 1544 5316 autem
1573 5259 1814 5314 carnalia
1843 5261 2000 5316 nobis

416 5350 664 5406 redditis.
695 5350 948 5422 Magnum
976 5353 1140 5420 igitur
1166 5353 1267 5407 hoc
1297 5352 1414 5406 est?

490 5441 656 5499 Vsus.
684 5444 773 5498 12.
817 5462 837 5496 ι
870 5444 1023 5510 Quod
1055 5447 1097 5499 si
1128 5445 1220 5500 alii
1251 5445 1534 5515 potestatis
1563 5452 1756 5499 vestra:
1784 5443 2003 5512 partici-

417 5547 517 5604 [νε
548 5545 700 5598 sunt,
739 5550 920 5591 nonne
965 5536 1148 5606 potius
1187 5535 1320 5591 nos?
1375 5553 1392 5588 ι
1445 5535 1704 5593 Doctores
1737 5535 2001 5606 quosdam

498 5675 525 5715 ε
548 5673 703 5728 Dent.
735 5689 862 5739 xxv,
906 5672 960 5726 4.

2107 4715 2262 4779 ἐστι,
2312 4715 2378 4785 τῇ
2414 4714 2522 4766 τῶν
2568 4713 2875 4786 μελλόντων
2897 4713 2940 4745 ⁹⁷
2975 4712 3219 4780 ἀγαθῶν.
3263 4712 3426 4764 Ὥστε
3473 4711 3553 4763 δεῖ
3585 4706 3674 4778 μὲν

2107 4808 2340 4861 κάκεῖνα
2375 4804 2649 4868 ἐλπίζειν,
2686 4802 2826 4874 πλὴν
2858 4803 2953 4856 καὶ
2985 4802 3306 4874 τρέφεσθαι.

2181 4917 2200 4950 ι
2241 4899 2302 4952 Ei
2324 4900 2487 4969 ἡμεῖς
2515 4897 2644 4967 ὑμῖν
2661 4898 2729 4950 τὰ
2757 4895 3107 4964 πνευματικὰ
3137 4895 3492 4964 ἐσπείραμεν,
3545 4889 3673 4962 μέγα

2103 4990 2152 5042 εἰ
2188 4990 2348 5058 ἡμεῖς
2388 4987 2542 5058 ὑμῶν
2580 4987 2649 5040 τὰ
2695 4986 2940 5057 σαρκικὰ
2977 4985 3308 5055 θερίσομεν;
3361 5004 3380 5036 ι
3425 4980 3672 5035 Ἐνταῦθα

2103 5082 2166 5135 τὸ
2201 5082 2412 5136 δίκαιον
2441 5081 2686 5135 δείκνυσι
2722 5079 2815 5134 τοῦ
2857 5080 3207 5151 πράγματος.
3240 5080 3317 5133 Ού
3365 5077 3468 5147 γὰρ
3503 5076 3670 5144 ὃμοια,

2108 5176 2265 5244 φησὶ,
2310 5172 2502 5237 δίδοτε,
2559 5165 2636 5226 ὧν
2692 5169 2936 5224 ἐλάϐετε.
3011 5169 3205 5238 Ἡμεῖς
3267 5171 3364 5238 μὲν
3407 5166 3512 5236 γὰρ
3555 5164 3672 5231 ὑμῖν

2107 5263 2448 5332 ἐσπείραμεν
2482 5261 2852 5330 πνευματικὰ,
2886 5260 3042 5330 ὑμεῖς
3076 5259 3134 5312 δὲ
3167 5257 3406 5329 σαρκικά
3433 5257 3562 5325 ἡμῖν
3589 5252 3673 5304 ἀν-

2105 5355 2356 5408 τιδίδοτε.
2389 5354 2549 5422 Μέγα
2570 5353 2664 5407 οῦν
2693 5353 2852 5406 τοῦτό
2875 5356 3053 5420 ἐστινς;

2184 5462 2203 5495 ι
2257 5445 2320 5497 Εἰ
2368 5444 2517 5498 ἄλλοι
2559 5445 2658 5512 τῆς
2713 5442 2962 5508 ἐξουσίας
3018 5443 3173 5511 ὑμῶν
3233 5441 3565 5513 μετέχουσιν,
3613 5431 3668 5484 ού

2109 5535 2290 5607 πολλῷ
2327 5536 2528 5606 μᾶλλον
2571 5537 2769 5607 ἡμεῖςς
2813 5555 2830 5588 ι
2863 5534 3393 5598 Ψευδοδιδασκάλους
3417 5529 3564 5594 τινάς
3589 5524 3668 5580 Ii-

1775 5789 1976 5852 Varia:
2028 5789 2356 5852 lectiones.

465 5920 515 5956 "
545 5919 651 5993 χρή
687 5934 740 5974 ο.
819 5919 862 5951 ⁸⁸
889 5919 1240 5993 παράδειγμα
1265 5938 1315 5975 o.
1395 5921 1438 5952 ³⁷
1471 5922 1567 5994 τῆς
1594 5921 1895 5993 μελλούσης
1928 5917 2369 5992 μισθαποδοσίατ
2390 5933 2449 5974 o.
