3874 6598
217 472 304 538 569
924 463 1336 526 EXPOSITIO
1377 465 1457 526 IN
1500 466 1738 528 EPIST.
1783 467 1810 526 Ι
1853 468 1952 527 AD
1983 468 2150 530 COR.
2188 496 2256 507 -
2289 472 2448 535 CAP.
2493 475 2600 537 IX.
3308 480 3416 548 670

215 575 458 644 νίττεται,⁹
480 577 526 632 o'l
567 574 871 646 ἐλάμϐανον
903 576 1281 647 ἀναισχύντως
1331 577 1427 630 καὶ
1489 577 1739 630 αύθεντι-

1887 579 2010 634 ιΙεοε
2038 581 2129 635 hic
2155 583 2374 638 denotat
2394 624 2409 649 ,
2438 586 2528 654 qui
2559 585 2906 658 impudenter
2937 593 2993 643 et
3025 602 3148 643 cum
3177 592 3417 646 auctori-

212 676 346 739 κῶς⁹⁸
358 671 475 744 παρ’
497 671 668 726 αὐτῶν
685 671 754 724 ⁸⁵.
786 669 876 723 Διὸ
902 670 1020 723 οὐδὲ
1053 666 1227 733 εἶπεν,
1249 670 1329 724 ὅτι
1344 670 1406 722 Εἰ
1425 669 1574 723 ἄλλοι
1598 669 1739 738 λαμ-

1883 679 1952 724 ite
1993 673 2332 741 accipiebant
2369 677 2438 730 ab
2466 675 2619 743 ipsis.
2662 678 2841 744 Quare
2871 695 2975 733 non
3008 679 3184 747 dixit;
3229 679 3285 735 Si
3323 681 3413 736 alii

212 766 444 828 ϐάνουσιν,
465 763 592 828 ἀλλ’,
629 781 647 814 ι
684 763 746 816 El
771 761 872 832 τῆς
896 762 1145 828 ἐξουσίας
1168 761 1325 832 ὑμῶν
1355 764 1644 832 μετέχουσι
1667 777 1681 790 ο
1713 780 1732 812 ι

1889 765 2149 832 :cipiunt,
2199 767 2327 831 sed,
2380 784 2400 820 ι
2449 766 2506 822 Si
2553 771 2840 836 p0testatis
2886 782 3083 826 vestra:
3125 775 3419 844 participes

209 857 437 922 τουτέστι,
471 853 766 926 Κρατοῦσιν
810 853 988 924 ὑμῶν,
1023 853 1456 918 ὲξουσιάζουσιν,
1494 855 1568 915 ὡς
1597 855 1739 906 οίκέ-

1882 869 1990 921 unt,
2023 876 2041 908 ι
2077 858 2180 912 lioc
2209 858 2706 925 est,Dominantur,
2733 862 3020 929 imperium
3049 865 3099 917 in
3131 879 3227 919 vos
3252 880 3412 919 exer-

209 965 310 1010 ταις
326 945 724 1014 ἀποκέχρηνται·
749 945 810 998 οὐ
837 943 1018 1014 πολλῷ
1043 943 1246 1014 μᾶλλον
1266 945 1427 1015 ἡμεῖς
1453 946 1501 998 οἱ
1523 944 1737 1016 ἀληθῶς

1889 957 1985 1013 :nt,
2039 964 2137 1002 ceu
2181 951 2355 1003 servis
2392 951 2542 1005 vobis
2584 951 2738 1007 abusi
2775 964 2900 1007 sunt
2949 971 2962 1006 :
3014 952 3201 1010 Nonne
3245 955 3419 1010 multo

207 1037 450 1095 ἀπόστολοι
469 1053 484 1103 ;

1848 1040 2018 1104 magis
2052 1055 2172 1104 nos,
2213 1044 2304 1110 qui
2337 1057 2460 1096 vere
2484 1060 2668 1096 sumus
2703 1046 2967 1112 apostoli?

268 1148 284 1180 ι
319 1125 445 1180 Ἀλλ’
465 1126 556 1178 οὐκ
586 1127 940 1197 ἐχρησάμεθα
971 1129 1038 1199 τῇ
1074 1127 1294 1199 ἐξουσίᾳ
1320 1127 1519 1200 ταύτῃ.
1553 1148 1570 1180 ι
1601 1127 1740 1182 Καί-

1918 1150 1936 1182 ι
1978 1129 2083 1186 Sed
2129 1148 2231 1187 non
2277 1132 2359 1186 nsi
2400 1150 2591 1188 snnms
2634 1147 2899 1204 potestate
2943 1137 3064 1191 hac.
3122 1157 3140 1190 ι
3176 1137 3423 1194 PoteSIa-

205 1239 269 1276 τοι
295 1237 369 1289 γε,
395 1220 567 1288 φησὶν,
592 1217 842 1284 ἐξουσίαν
872 1219 1087 1290 ἔχοντες
1110 1221 1202 1288 ἀφ’
1235 1220 1388 1289 ὑμῶν
1417 1221 1735 1290 τρέφεσθαι,

1891 1243 1977 1292 :m,
2009 1227 2204 1295 inquit,
2240 1228 2504 1282 habentes
2535 1241 2592 1282 ttt
2624 1247 2651 1281 a
2687 1227 2841 1282 vobis
2873 1230 3162 1296 alerentur,
3198 1247 3305 1284 non
3342 1243 3421 1284 la-

205 1313 285 1365 οὗκ
320 1309 653 1380 ἐχρησάμεθα
687 1313 753 1381 τῇ
789 1311 1008 1383 ἐξουσίᾳ
1039 1311 1235 1382 ταύτῃ,
1271 1311 1358 1364 ἴνα
1394 1313 1466 1381 μὴ
1511 1312 1735 1365 σκανδα-

1899 1333 1964 1371 en
2000 1323 2297 1382 usisnmus
2325 1331 2590 1388 potestate
2624 1321 2751 1384 ista,
2781 1337 2844 1375 ne
2881 1322 3290 1376 olleudmemini
3325 1341 3338 1376 :
3369 1333 3422 1375 et

202 1403 410 1472 λίζησθε·
433 1403 523 1456 καὶ
558 1402 716 1470 ὑμεῖς
749 1403 870 1455 οὐδὲ
899 1405 1005 1456 τῶν
1045 1404 1416 1456 εἰδωλοθύτων
1443 1405 1732 1473 ἀπέχεσθε,

1889 1427 1936 1464 ›ε
1973 1427 2039 1464 ne
2070 1414 2136 1465 ab
2168 1411 2434 1466 idolorum
2470 1413 2685 1481 quidem
2711 1415 3075 1468 oblationibus
3116 1416 3419 1480 abstinetis,

202 1497 273 1550 διὰ
293 1496 343 1548 τὺ
366 1496 434 1565 μὴ
458 1491 830 1556 σκανδαλίζειν
852 1495 978 1555 τοὺς
1009 1493 1432 1566 ἀσθενεστέρους
1453 1495 1562 1549 τῶν
1584 1495 1732 1548 ἁδελ-

1842 1518 1910 1558 ne
1941 1503 2390 1559 imbecillioribus
2419 1503 2684 1558 fratribus
2721 1507 3034 1560 scandazum
3070 1504 3317 1574 ponatis?

203 1605 297 1657 φων
313 1604 326 1651 ;

263 1699 279 1729 ι
321 1677 468 1730 Ἀλλά
504 1676 684 1729 πάντα
735 1676 1024 1746 στέγομεν,
1066 1677 1154 1729 ἴνα
1205 1675 1280 1748 μὴ
1327 1677 1577 1747 ἐγκοπήν
1617 1694 1742 1730 τινα

1919 1701 1938 1735 r
1978 1683 2082 1737 Sed
2113 1683 2292 1737 omnia
2337 1684 2670 1739 sustinemus
2694 1727 2709 1749 ,
2756 1701 2825 1739 ne
2853 1685 2996 1756 quod
3041 1683 3425 1738 oli'endiculum

197 1770 345 1838 δῶμεν
366 1768 437 1838 τῷ
462 1767 878 1837 Εὑαγγελίῳτοῦ
919 1766 1213 1838 Χριστοῦ.»
1242 1769 1358 1822 ’Ἱνα
1388 1771 1560 1839 μήτις
1585 1769 1727 1842 εἴπῃ,

1896 1792 2028 1830 unus
2065 1775 2354 1846 Evangelio
2377 1778 2603 1833 Christi.
2635 1795 2654 1830 ι
2690 1777 2768 1832 Ne
2793 1779 2914 1846 quis
2943 1778 3110 1840 dicat,
3141 1776 3276 1842 Quia
3318 1791 3426 1830 non

199 1863 264 1917 δτι
297 1861 435 1916 Ἐπεὶ
456 1861 573 1914 οὑδὲ
604 1859 856 1932 ἔχρῃζες,
893 1861 982 1915 δ.ἁ
1024 1860 1182 1915 τοῦτο
1215 1861 1352 1915 οὐδὲΔ
1379 1861 1571 1925 ἔλαϐες
1593 1880 1606 1893 ο
1636 1880 1729 1930 φη-

1899 1869 2058 1935 ;ebas,
2090 1868 2212 1924 ideo
2237 1871 2368 1924 nihil
2397 1872 2703 1942 accipiebas
2724 1913 2739 1938 ,
2773 1871 2969 1940 inquit,
3005 1871 3058 1924 In
3090 1868 3295 1939 ingenti
3326 1883 3429 1922 an-

199 1955 282 2013 σὶν,
307 1951 379 2002 ὅτι
417 1949 500 2002 Ἐν
534 1949 752 2020 μεγάλῃ
783 1950 1119 2021 στενοχωρίᾳ
1143 1951 1316 2016 ὄντες,
1351 1951 1500 2021 ὅμως
1524 1952 1538 1982 ⁸
1565 1951 1729 2005 πάντα

1899 1961 2020 2014 istia
2045 1961 2348 2025 constituti,
2379 1963 2562 2016 omnia
2604 1973 2782 2017 tamen
2824 1962 3164 2027 suﬂ'eriinus,
3197 1971 3252 2016 et
3282 1962 3429 2016 sitim

199 2044 458 2112 στέγομεν,
493 2043 584 2096 καὶ
645 2045 837 2096 πεῖναν
862 2084 876 2108 ,
931 2043 1030 2096 καὶ
1059 2043 1240 2112 δίψαν,
1276 2044 1372 2096 καὶ
1405 2043 1729 2114 γυμνότητα,

1931 2052 2258 2116 nuditatem,
2291 2067 2358 2108 ne
2393 2054 2537 2123 quod
2563 2051 2945 2108 oﬂ‘endiculum
2979 2054 3255 2122 contingat
3276 2094 3292 2120 ,
3328 2053 3431 2109 hoc

200 2136 270 2188 ίνα
297 2135 363 2206 μή
385 2153 462 2198 τις
483 2135 698 2204 ἐγκοπὴ
727 2135 979 2205 γένηται,
1002 2135 1306 2202 τουτέστιν,
1338 2137 1372 2207 ἠ
1406 2137 1616 2206 σμικρὰ
1646 2137 1730 2190 καλ

1901 2155 1951 2208 ιι,
1975 2146 2170 2214 exigua
2193 2155 2246 2200 et
2267 2145 2506 2214 vulgaris
2530 2144 2850 2214 retardatio,
2880 2144 3176 2216 Evangelio
3205 2143 3431 2214 ejusque

196 2228 460 2299 ἠτυχοῦσα
499 2226 740 2301 ἀναϐολὴ
763 2268 777 2293 ,
811 2228 891 2291 είς
928 2227 990 2282 τὸ
1029 2228 1366 2298 Εύαγγέλιον
1413 2230 1506 2284 καὶ
1541 2229 1602 2282 τὸ
1643 2234 1746 2302 κή-
1849 2237 2246 2306 ρι’ωιιίοιιιὶοηί.

198 2338 370 2393 ρυγμα·

260 2431 275 2465 ι
310 2415 414 2467 Οὐκ
440 2414 645 2481 οἴδατε,
686 2416 768 2468 δτι
799 2417 850 2468 οἱ
875 2415 945 2470 τά
977 2415 1102 2488 ίερά
1135 2416 1519 2489 ἐργαζόμενοι,
1554 2417 1619 2470 ὲκ
1653 2415 1746 2470 τοῦ

1922 2417 2086 2473 Vnus.
2128 2419 2216 2474 1'5.
2259 2436 2279 2470 ι
2334 2417 2567 2473 Nescitis
2602 2421 2747 2488 quod
2787 2417 2878 2487 qui
2914 2417 2968 2472 in
3017 2415 3260 2472 sacrario
3297 2428 3432 2486 ope—

196 2506 316 2577 ίεροῦ
343 2507 648 2575 ὲσθίουσιν;
685 2528 703 2560 ι
743 2508 859 2562 Οὐκ
882 2511 1176 2579 ἀρκεσθεὶς
1209 2513 1324 2573 τοῖς
1361 2508 1621 2580 πρώτοις,
1653 2511 1726 2562 κα

1906 2523 2065 2571 ιιιιυτ,
2113 2527 2230 2579 qua:
2282 2509 2351 2564 de
2394 2511 2638 2566 sacrario
2687 2521 2814 2564 sunt
2857 2507 3064 2564 edunt?
3101 2526 3120 2560 ›
3157 2505 3436 2561 Prioribus

194 2598 330 2669 ἕτερα
368 2602 556 2669 ἐπάγει
599 2602 668 2654 ὲκ
695 2599 788 2654 τοῦ
817 2599 1010 2670 νόμου,
1046 2600 1262 2664 δεικνὺς
1287 2641 1301 2664 ,
1329 2600 1405 2663 ὡς
1442 2601 1571 2670 ἐξῆν
1599 2601 1724 2671 αὑτᾷ

1907 2605 1984 2658 cis
2012 2619 2118 2658 non
2152 2614 2442 2660 contentus
2465 2642 2480 2667 ,
2511 2603 2618 2658 alia
2642 2619 2708 2658 ex
2741 2603 2857 2674 lege
2885 2603 2939 2657 in
2969 2601 3204 2657 medium
3242 2599 3437 2668 depro-

194 2690 321 2760 παρὲ
346 2691 446 2745 τῶν
473 2693 736 2764 μαθητῶν
763 2693 966 2746 λαϐεῖν.
1007 2692 1227 2763 Ἐπειδὴ
1258 2692 1367 2764 γὰρ
1394 2693 1461 2745 τὰ
1492 2694 1619 2762 περὶ
1642 2693 1724 2745 τῶι

1913 2698 1952 2750 it
1988 2713 2001 2750 :
2045 2708 2502 2762 commonstrans,
2527 2695 2672 2766 quod
2705 2695 2925 2751 licuerit
2953 2692 3052 2747 sibi
3090 2708 3119 2746 a
3157 2690 3435 2760 discipulis

198 2786 314 2854 βοῶν
339 2788 472 2840 κατὰ
509 2787 847 2857 ἁλληγορίαν
895 2786 1044 2856 αὐτῷ
1084 2785 1358 2856 ἐξελήφθη
1379 2826 1394 2850 ,
1432 2786 1598 2855 φησιν
1619 2824 1634 2848 ,
1667 2786 1726 2838 ὅτ

1904 2787 2124 2856 :cipere.
2159 2786 2294 2842 Nam
2325 2801 2449 2842 cum
2497 2803 2558 2841 ea
2595 2802 2714 2850 qua:
2763 2789 2832 2840 de
2880 2785 3052 2840 bobus
3077 2783 3222 2837 dicta
3256 2788 3434 2847 erant,

204 2875 432 2944 Ῥητῶςὸ
458 2880 623 2950 νόμος
646 2879 978 2952 διαγορεύει,
1004 2879 1092 2934 ἵνα
1118 2882 1180 2932 ἐκ
1201 2877 1296 2932 τοῦ
1325 2879 1474 2948 ἱερυῦ
1499 2877 1734 2932 ὲσθίωσιι

1914 2879 2142 2948 legorice
2179 2881 2502 2948 accepisset,
2530 2878 2642 2948 jam
2671 2879 2890 2934 disertis
2921 2877 3104 2933 verbis
3131 2875 3303 2946 legem
3335 2873 3444 2928 im-

197 2970 439 3041 οίτὰίερὰ
467 2973 856 3043 ἐργαζόμενοι,
886 2973 1189 3036 τουτέστιν,
1214 2973 1264 3025 οί
1289 2971 1540 3036 Λευῖται,
1567 2973 1620 3026 oi.
1645 2974 1727 3026 τῶι

1907 2987 2047 3027 arare
2094 2973 2193 3035 ait,
2248 2981 2308 3026 ut
2338 2973 2374 3026 ii
2409 2987 2564 3026 sacra
2606 2971 2792 3036 edant,
2843 2972 2934 3041 qui
2975 2983 3133 3024 sacra
3176 2967 3437 3023 faciunt:

198 3063 360 3132 ίερέων
390 3065 772 3136 ὑποδεέστεροι
805 3064 948 3118 κατὰ
976 3065 1068 3118 τδν
1100 3063 1332 3136 βαθμόν.
1367 3065 1482 3118 Οὐκ
1515 3059 1639 3118 εἶπε
1671 3065 1728 3118 δὲ

1910 3079 1964 3118 )c
1987 3072 2069 3117 est
2101 3062 2298 3129 levitae,
2335 3062 2712 3117 sacerdotibus
2758 3063 2926 3132 gradu
2971 3059 3278 3136 inferiores.
3320 3055 3440 3112 Non

207 3156 285 3210 Ἐκ
314 3157 412 3211 τῶν
445 3159 870 3230 προσφερόντων
909 3158 1223 3223 ἐσθίουσιν,
1259 3157 1401 3222 ἀλλ’,
1453 3177 1471 3210 ι
1524 3157 1620 3212 Ἐκ
1659 3158 1737 3213 toi

1916 3163 2039 3208 item
2087 3153 2258 3217 dixit,
2295 3152 2372 3207 Ex
2406 3153 2756 3208 oﬂereutibus
2785 3152 2984 3214 edunt,
3018 3149 3118 3206 scd
3169 3166 3188 3200 ι
3241 3146 3321 3202 Ex
3355 3162 3446 3202 sa-

198 3247 346 3317 ίεροῦ·
381 3268 400 3301 ι
443 3250 528 3305 ἵνα
552 3251 697 3322 μήτε
726 3253 774 3303 οἱ
804 3250 1169 3322 λαμϐάνοντες
1237 3249 1602 3318 αἰσχύνωνται
1625 3291 1641 3316 ,
1679 3249 1726 3304 ὼ

1910 3263 1974 3311 'o,
2017 3265 2036 3299 ι
2064 3255 2123 3300 ιιι
2149 3260 2321 3315 neque
2350 3246 2683 3313 accipientes
2707 3245 2984 3314 pudetlaut
3011 3281 3026 3298 .
3048 3241 3204 3311 quasi
3236 3240 3303 3295 ab
3339 3239 3440 3294 bo-

197 3342 324 3410 παρὰ
351 3341 657 3415 ἀνθρώπων
689 3343 1036 3415 τρεφόμενοι,
1067 3345 1208 3414 μήτε
1242 3343 1294 3396 οί
1319 3342 1557 3406 διδόντες
1597 3342 1727 3396 ἐπαί

1629 3342 1757 3396 παί-
1861 3339 2097 3394 minibus
2128 3339 2360 3404 alantur,
2389 3351 2568 3408 neque
2597 3337 2790 3392 dantes
2818 3335 3159 3390 attollautur.

200 3449 394 3504 ρωνται.

259 3545 276 3578 ι
327 3528 384 3581 Οἱ
432 3527 513 3600 τῷ
553 3528 933 3599 θυσιαστηρίῳ
986 3528 1484 3600 προσεδρεύοντες,
1536 3527 1615 3600 τῷ
1663 3527 1759 3581 θυ-

1937 3537 1956 3570 ι
1993 3517 2094 3586 Qui
2139 3516 2300 3571 altari
2342 3513 2624 3582 assident,
2657 3528 2780 3570 cum
2826 3511 2985 3568 altari
3025 3509 3378 3581 participant.
3418 3523 3440 3559 ι

199 3621 468 3693 σιαστηρίιι)
512 3620 974 3693 συμμερίζονται.
1024 3639 1046 3672 ι
1101 3621 1432 3686 Τουτέστιν,
1489 3623 1540 3674 oi.
1595 3622 1729 3692 ἱερεῖ

1915 3626 1978 3666 oc
2006 3619 2112 3674 est,
2148 3607 2434 3678 pontiﬁces
2459 3617 2511 3661 et
2540 3607 2871 3663 sacerdotes.
2899 3603 3228 3660 Continuam
3263 3606 3445 3655 autem

196 3714 274 3764 iui
321 3715 365 3766 οί
426 3715 733 3785 ἀρχιερεῖς.
803 3712 917 3784 Τὴν
948 3713 1174 3784 διηνεκῆ
1223 3713 1280 3766 δὲ
1349 3713 1601 3767 δουλείαν
1665 3731 1726 3768 κα

1917 3703 2176 3756 :rvitutem
2211 3711 2264 3754 et
2297 3697 2758 3768 perseverantiam
2779 3737 2794 3761 ,
2829 3713 2924 3768 per
2958 3695 3323 3752 assessionem
3361 3694 3447 3747 in-

197 3805 462 3877 καρτερίαν
525 3807 622 3861 διὰ
673 3806 774 3877 τῆς
828 3806 1198 3876 προσεδρείαςτ
1236 3805 1598 3861 ἐνδείκνυται.
1645 3807 1727 3861 Οὐκ

1921 3806 2030 3851 cat.
2056 3793 2173 3848 Non
2208 3802 2390 3847 autem
2425 3793 2578 3858 dixit,
2615 3790 2758 3861 quod
2784 3806 2940 3848 sacra
2970 3790 3258 3858 accipiant,
3289 3785 3447 3857 173

196 3891 298 3950 εἷπε
330 3899 404 3964 δὲ,
436 3899 519 3952 ὅτι
558 3899 634 3953 τὰ
670 3899 791 3969 ίερᾶι
824 3898 1200 3969 λαμϐάνουσι,
1235 3897 1454 3962 δεικνὺς
1497 3898 1596 3968 τὴν
1628 3915 1726 3968 συμ

1921 3888 2291 3945 oderationem
2326 3887 2582 3949 innuens,
2611 3884 2868 3954 quodque
2905 3881 3162 3952 pecunias
3194 3879 3450 3948 colligere

199 3989 438 4058 μετρίαν,
469 3993 564 4044 καὶ
597 3992 685 4045 ὅτι
728 3990 788 4044 οὐ
822 3991 1084 4061 χρήματα
1128 3990 1385 4058 συνάγειν
1407 3993 1426 4021 ¹
1471 3989 1570 4044 δεῖ.
1628 3991 1729 4043 Οὐδ

1921 3998 1972 4036 )Il
2001 3989 2275 4052 Oporteat.
2300 3977 2414 4034 Nec
2449 3977 2587 4032 dixit
2612 3977 2755 4045 quod
2782 3991 2813 4030 a
2838 3973 3278 4031 sacriﬁcantibus
3306 3972 3451 4027 acci-

196 4075 345 4146 εἶπεν,
387 4083 468 4136 ὅτι
518 4083 635 4136 ἀπὸ
687 4082 797 4135 τῶν
850 4081 1087 4145 θυόντων
1131 4080 1538 4151 λαμϐάνουσιν,
1590 4080 1726 4135 ἀλλὰ

1922 4087 2038 4138 ant,
2082 4087 2291 4138 verum,
2330 4088 2349 4122 ι
2389 4069 2524 4125 Cum
2571 4068 2731 4122 altari
2783 4068 3134 4138 participant.
3188 4083 3208 4118 ι
3257 4063 3452 4120 Oblata

202 4170 320 4241 (Τῷ
346 4172 719 4245 θυσιαστηρίῳ
770 4173 1223 4245 συμμερίζονται.
1262 4192 1282 4226 ι
1340 4173 1422 4227 Τὰ
1449 4172 1558 4244 γὰρ
1595 4189 1732 4244 προσ

1922 4178 2097 4233 imque
2128 4176 2232 4216 non
2264 4163 2499 4232 amplius
2540 4158 2885 4215 oll‘erentium
2913 4165 3108 4221 erant,
3143 4159 3248 4240 sed
3269 4153 3452 4224 templi

195 4266 454 4336 ενεχθέντα
485 4266 508 4299 ³
587 4266 785 4320 οὐκέτι
835 4266 1022 4320 λοιπὸν
1098 4266 1209 4320 τῶν
1281 4265 1725 4336 προσενεγκόντα]

1923 4256 2156 4310 altaris.
2196 4254 2341 4308 Dixit
2375 4263 2581 4319 autem,
2612 4269 2631 4303 ι
2666 4250 3006 4321 Participant
3028 4289 3044 4315 ,
3082 4267 3110 4300 ι
3137 4247 3263 4318 quia
3297 4246 3453 4301 victi-

196 4351 347 4427 ἦσαν,
396 4360 533 4414 ἀλλὰ
586 4360 684 4414 τοῦ
723 4359 868 4432 ἱεροῦ
921 4361 1018 4414 καὶ
1063 4359 1158 4413 τοῦ
1209 4359 1629 4430 θυσιαστηρίου.
1689 4359 1726 4411 Ἰ

1930 4361 2084 4398 arum
2116 4345 2342 4414 sanguis
2375 4359 2541 4413 super
2581 4358 2734 4398 aram
2771 4340 3166 4406 eﬂ'undebatur,
3197 4348 3252 4394 et
3286 4338 3454 4405 adeps

195 4448 260 4515 δὲ,
291 4470 309 4503 ι
342 4428 805 4526 Συμμερίζονταί,
844 4471 864 4504 ›
901 4448 1076 4516 εἶπεν,
1111 4452 1301 4523 ἐπειδὴ
1344 4428 1725 4522 τῶνὴθυομένω

1923 4437 2214 4492 'emabatur
2252 4453 2267 4490 :
2301 4435 2546 4490 carnium
2583 4450 2710 4490 vero
2737 4445 2942 4505 partem
2969 4433 3261 4504 quamdam
3300 4428 3453 4485 acci-

196 4545 248 4596 τὸ
294 4545 388 4612 μὲν
434 4541 576 4618 αἷμα
627 4548 949 4617 προσεχεῖτο
995 4546 1074 4616 τῷ
1115 4545 1528 4616 θυσιαστηρίῳ,
1562 4545 1660 4598 καὶ
1703 4562 1726 4596 τ

1929 4531 2051 4586 ebat
2079 4532 2373 4594 sacerdos;
2416 4528 2585 4584 veluti
2639 4526 3042 4598 pectusculum,
3074 4525 3326 4578 dextrum
3368 4538 3459 4577 ar-

196 4616 680 4707 c.éap_é0up.t6itoi
713 4636 822 4689 τῶν
856 4635 913 4688 δὲ
960 4634 1142 4707 κρεῶν
1187 4635 1474 4706 ἁφαίρεμά
1502 4651 1556 4686 τι
1596 4635 1726 4706 ὲλάμ

1926 4640 2013 4677 um
2044 4635 2098 4678 et
2131 4621 2495 4678 ventriculum
2532 4637 2550 4674 :
2591 4621 3025 4675 bolocautomata
3070 4625 3251 4672 tamen
3286 4616 3455 4672 solius

197 4724 340 4778 ϐανεν
359 4729 387 4780 ὁ
410 4729 614 4797 ἱερεύς·
643 4722 756 4782 οἷον
783 4729 846 4781 τὸ
871 4728 1164 4799 στηθήνιον
1188 4727 1282 4782 καὶ
1315 4727 1405 4780 τὸν
1428 4723 1603 4790 δεξιὸν
1631 4727 1727 4798 βρα

724 4747 756 4781 ην
783 4729 846 4781 τὸ
871 4728 1164 4799 στηθήνιον
1188 4727 1282 4782 καὶ
1315 4727 1405 4780 τὸν
1428 4723 1603 4790 δεξιὸν
1631 4727 1767 4798 βρα-
1864 4717 2054 4774 altaris
2080 4729 2254 4773 erant.

194 4819 348 4886 χίονα,
387 4820 479 4873 καὶ
513 4821 576 4873 τὸ
621 4819 922 4890 ἤνυστρονο
955 4819 1024 4871 τά
1069 4819 1256 4889 μέντοι
1290 4818 1726 4891 ὁλοκαυτώματα
1747 4859 1764 4886 ,

201 4910 344 4980 μόνου
373 4912 464 4965 τοῦ
496 4911 893 4980 θυσιαστηρίου
928 4911 1191 4980 ἐγίνοντο,
3098 4941 3100 4943 >

263 5022 280 5055 ι
309 5003 460 5058 Οὕτω
483 5005 580 5058 καὶ
612 5006 640 5059 ὁ
689 4971 896 5076 Κύριος
927 4971 1141 5068 δίέταξε
1190 5005 1302 5064 τοῖς
1332 5003 1393 5058 τὸ
1426 5002 1763 5072 Εὐαγγὲλιον

1947 4988 2113 5044 Vsus.
2158 4986 2248 5042 M.
2307 5003 2327 5038 ι
2378 4984 2457 5040 Ita
2505 4994 2560 5040 et
2604 4984 2868 5038 Dominus
2920 4978 3213 5044 ordinavit,
3256 4975 3324 5031 iis
3365 4971 3459 5042 qui

198 5097 663 5165 καταγγέλλουσιν,
698 5071 889 5150 ἑτι-τοῦ
925 5095 1262 5164 Εὐαγγελίου
1290 5095 1409 5167 ζῇν.
1451 5115 1470 5147 ι
1518 5071 1598 5149 Τὸν
1625 5096 1728 5149 πάν

1925 5081 2225 5152 vangelium
2275 5079 2628 5141 annuntiant,
2680 5076 2749 5131 de
2818 5074 3115 5143 Evangelio
3166 5071 3375 5124 vivere.
3433 5081 3455 5117 ι

198 5203 294 5240 των
333 5152 693 5260 ἰσχυρὰτερον
740 5152 1412 5242 τελευταῖοντέθεικεῖτΐί
1439 5185 1574 5258 γάρ,
1608 5187 1728 5256 φηστ

1931 5176 2135 5230 mnium
2186 5172 2546 5228 lortissimum
2581 5169 2884 5239 posteriore
2933 5165 3050 5219 loco
3081 5163 3278 5232 posuit.
3316 5156 3460 5228 Quid

197 5276 306 5329 τάδε
329 5283 419 5331 καί
467 5279 596 5332 τάδε
636 5278 819 5345 λέγω;
856 5277 919 5330 Ὀ
949 5276 1151 5346 Κύριος
1174 5273 1318 5327 οὕτω
1345 5274 1649 5340 διετάξατο,
1686 5289 1727 5326 ν(

1931 5270 2054 5331 tim,
2087 5266 2283 5337 inquit,
2342 5265 2456 5318 haec
2509 5271 2673 5331 atque
2725 5258 2849 5312 talia
2879 5254 3040 5312 dico?
3073 5252 3338 5308 Dominus
3379 5252 3461 5305 sic

201 5367 489 5440 μοθετήσας
514 5369 825 5432 ἀκολούθως
857 5371 924 5439 τῇ
950 5367 1181 5438 Παλαιᾷ.
1211 5366 1425 5437 Ὠσπερ
1455 5366 1511 5419 δὲ
1545 5367 1659 5420 ἄνω
1689 5359 1731 5419 si

1928 5361 2172 5426 rdinavit,
2205 5359 2377 5428 legem
2412 5355 2688 5417 sanciens,
2719 5368 2839 5421 qua:
2867 5347 3082 5404 Veteris
3122 5347 3458 5401 Testamenti

204 5473 309 5523 τίεν,
345 5481 362 5513 r
403 5463 636 5516 Ἑεθίειν
685 5465 748 5516 ὲκ
771 5461 866 5515 τοῦ
911 5460 1082 5532 ἱεροῦ,
1124 5479 1142 5512 ι
1200 5457 1346 5513 οὕτω
1377 5458 1472 5512 καὶ
1512 5457 1734 5512 ἐνταῦθα

1925 5452 2090 5520 :gibns
2114 5450 2458 5521 respondeat.
2481 5443 2942 5512 Quemadmodum
2965 5453 3096 5494 vero
3117 5453 3277 5506 supra
3296 5437 3455 5498 dixit,

205 5553 308 5618 ιὺκ,
337 5555 430 5609 Ἐκ
451 5555 565 5609 τῶν
599 5530 1082 5625 μαθητευομένων,
1114 5551 1254 5619 ἀλλ’,
1291 5569 1310 5604 ι
1351 5551 1447 5605 Ἐκ
1474 5551 1567 5604 τοῦ
1595 5551 1735 5619 Εύαγ

1940 5546 2112 5600 Edere
2147 5559 2214 5599 ex
2255 5557 2448 5607 sacro;
2486 5560 2505 5592 ι
2540 5537 2702 5594 simili
2732 5536 2943 5592 ratione
2989 5533 3081 5588 bic
3135 5547 3240 5588 non
3275 5545 3342 5584 ex
3378 5530 3460 5582 di-

207 5646 421 5714 γε).ἱου,›
457 5649 545 5701 ἵνα
573 5645 647 5720 μὴ
676 5646 1012 5718 ἐπαίρωνται
1039 5646 1088 5699 οί
1108 5643 1422 5716 τρέφοντες,
1443 5642 1520 5696 Οὐ
1542 5643 1652 5712 γάρ
1681 5643 1737 5696 σὺ

1935 5639 2120 5710 ipulis,
2155 5637 2250 5694 sed
2283 5655 2302 5690 ι
2342 5636 2422 5691 Ex
2469 5631 2760 5705 Evangelio
2797 5648 2818 5683 ι
2851 5628 3124 5685 edendum
3170 5627 3351 5692 docet,
3395 5637 3465 5678 ne

1537 5750 1738 5812 Varia)
1779 5749 2108 5814 lectiones.

269 5854 313 5886 ’⁸
337 5855 728 5930 ἀναισχύντως,
759 5857 853 5914 καὶ
892 5852 1127 5919 ἀναιδῶς
1194 5869 1266 5911 m.
1383 5854 1430 5886 ”
1471 5854 1660 5919 αὐτοῖς
1705 5873 1757 5912 o.
1842 5855 1856 5886 ¹
1909 5855 1994 5909 διὰ
2034 5854 2195 5909 τοῦτο
2229 5871 2303 5910 m.
2412 5855 2432 5886 ’
2458 5849 2758 5924 λαμίάνειν
2783 5865 2838 5905 0.
2953 5845 2974 5880 ³
3032 5839 3428 5918 προσενεγκάν·

225 5939 329 5982 των
351 5941 425 5983 ω.
