3874 6590
214 344 314 411 6ῗ3

936 334 1349 398 EXPOSITIO
1386 335 1467 398 ΙΝ
1510 334 1751 396 EPIST.
1792 333 1821 394 Ι
1861 334 1964 394 ΑΙ)
2002 333 2176 397 COR.
2211 359 2283 374 -·
2311 335 2474 396 CAP-
2515 334 2626 397 IX.

3354 330 3459 408 θ’ίᾶ

210 472 293 517 νον
321 452 461 523 οήσω
508 446 563 501 τὸ
615 446 948 516 Εύαγγέλιον
992 447 1087 502 τοῦ
1136 447 1403 518 Χριστοῦ,
1461 449 1543 511 είς
1597 449 1660 503 τὺ
1692 447 1770 519 μὴ

1888 445 2205 513 medicans,
2236 445 2356 500 sine
2380 458 2600 518 sumptu
2639 459 2834 517 ponant
2861 446 3214 520 Evangelium
3233 448 3461 523 Christi,

209 539 635 617 καταχρήσασθαι
673 543 741 612 τῇ
771 540 989 610 ἐξουσίᾳ
1018 557 1120 611 μου
1160 542 1217 595 ἐν
1244 539 1323 611 τῷ
1356 540 1698 611 Εὐαγγελὶῳ.
1734 560 1753 593 ι

210 641 481 695 Τουτίστιν
507 675 521 700 ,
551 635 578 688 ὁ
609 633 818 706 μείζων
844 631 1039 698 μισθὸς
1073 635 1169 686 καὶ
1198 634 1557 705 καυχήματος
1593 633 1766 699 ἄξιος,

209 736 285 790 ἴνα
318 732 389 802 μὴ
424 729 857 799 καταχρήσωμαι
886 728 952 796 τῇ
988 724 1209 798 ἐξουσίᾳ
1230 767 1244 790 ,
1282 727 1583 791 τουτέστιν,
1632 726 1770 789 ὅλως

205 828 515 898 χρήσωμαι’
559 821 661 894 τὴν
713 821 824 892 γὰρ
880 820 1073 884 ἁπλῶς
1132 821 1365 892 χρῆσιν,
1420 820 1770 890 κατάχρησιν

203 920 455 989 ὠνόμασε.
497 916 777 985 Πανταχοῦ
807 914 865 968 δὲ
912 913 1164 979 ἐξουσίαν
1210 915 1271 968 τὸ
1320 916 1554 986 πρᾶγμα
1591 915 1765 980 καλεῖ,

201 1011 417 1072 δεικνὺς,
439 1011 520 1063 ὅτι
552 1007 672 1060 οὐδὲ
694 1006 743 1059 oi
780 1005 1487 1078 λαμϐάνοντεςήμάρτανόν
1522 1023 1598 1060 τι.
1623 1023 1643 1057 ι
1682 1006 1770 1058 Ἐν

201 1105 272 1175 τῷ
298 1102 604 1172 Εύαγγελίῳ
638 1120 657 1153 ι
690 1100 770 1167 δὲ,
795 1098 970 1167 εἶπεν,
1026 1100 1114 1154 ἵνα
1137 1100 1307 1172 δείξῃ,
1355 1101 1441 1153 ὅτι
1474 1102 1502 1153 ὁ
1533 1099 1768 1167 εὐαγγε-

202 1195 466 1263 λιζόμενος
491 1194 588 1247 καὶ⁵
612 1192 815 1260 πονῶν,
877 1191 1082 1263 ὀφείλει
1126 1191 1461 1262 λαμὸάνεινο
1505 1192 1534 1245 ὁ
1589 1191 1648 1245 δὲ
1678 1192 1770 1261 ἀρ-

201 1288 300 1359 γῶν
336 1287 376 1353 “,
410 1284 498 1343 οὔ.
648 1274 663 1289 ’

266 1488 284 1521 ι
330 1467 641 1540 Ἐλεύθερος
675 1468 783 1540 γὰρ
821 1467 896 1521 ὣν
921 1469 991 1522 ἐκ
1022 1467 1269 1533 πάντων,
1308 1467 1475 1522 πᾶσιν
1530 1467 1771 1538 ἐμαυτὸν

200 1564 477 1626 ἐδούλωσα,
527 1562 612 1617 ἵνα
647 1563 774 1625 τοὺς
805 1562 1059 1625 πλείονας
1106 1561 1379 1633 κερδήσω.
1407 1580 1425 1613 ι
1489 1561 1566 1614 Τδ
1608 1560 1772 1614 πλέον

198 1658 349 1726 λέγει,
406 1657 492 1710 ὅτι
537 1657 611 1712 Οὐ
652 1655 812 1726 μόνον
867 1656 971 1709 οὐκ
1018 1654 1238 1720 ἔλαὸον,
1288 1657 1469 1709 καίτοι
1521 1654 1771 1720 ἐξουσίαν

198 1749 320 1820 ἒχων
343 1766 355 1780 ·
388 1748 525 1803 ἀλλά
555 1749 650 1804 καὶ
676 1747 959 1821 ἐλεύθερος
988 1746 1086 1814 ὢν,
1119 1749 1216 1802 καὶ
1258 1747 1437 1801 οὐδενὶ
1469 1746 1771 1817 ὑποκείμε-

1876 548 1933 592 ιιι
1976 555 2081 593 non
2117 538 2311 593 abutar
2336 551 2607 609 potestate
2637 555 2757 596 mea
2812 540 2866 597 in
2916 541 3234 613 Evangelio.
3272 562 3293 598 ι
3347 544 3461 603 Hoc

1873 643 1978 695 est,
2010 632 2184 703 major
2209 643 2293 690 est
2324 649 2553 699 merces,
2585 636 2859 706 dignaque
2893 638 3237 705 gloriatione,
3265 650 3320 694 ιιι
3354 652 3461 696 non

1873 724 2071 780 abutar
2117 733 2387 793 potestate
2423 742 2564 791 mea,
2614 728 2668 782 id
2720 739 2826 791 est,
2867 733 3091 785 omnino
3121 742 3261 787 ntar.
3319 732 3465 788 Sim-

1873 819 2068 888 plicem
2111 821 2257 872 enim
2336 834 2514 885 usum,
2567 823 2798 876 abusum
2869 824 3181 892 appellavit.
3249 822 3463 896 Ubique

1872 923 2053 966 autem
2116 913 2410 983 negotium,
2484 925 2808 984 putestatem
2862 920 3127 980 nominat,
3166 922 3463 977 ostendens

1873 1006 2039 1072 quod,
2091 1019 2267 1074 neque
2301 1006 2629 1075 accipientes
2667 1020 2963 1076 peecarunt
2997 1012 3313 1081 quidquam.
3353 1031 3373 1065 ι
3400 1000 3459 1068 lu

1872 1097 2191 1165 Evangelio,
2221 1115 2242 1150 ι
2274 1109 2454 1154 autem
2478 1100 2649 1166 dixit;
2674 1100 3049 1171 uti;ob}oculos
3081 1114 3268 1172 ponat,
3293 1110 3461 1176 quod,

1874 1191 1919 1244 is
1945 1192 2036 1260 qui
2079 1190 2352 1263 Evangelii
2412 1194 2719 1248 ministerio
2775 1195 3053 1264 fungatur,
3091 1200 3336 1267 adeoque
3386 1201 3464 1256 la-

1872 1280 2051 1345 boret,
2105 1283 2358 1353 accipere
2410 1282 2607 1353 debet;
2656 1285 2747 1352 qui
2801 1294 2984 1341 autem
3067 1290 3279 1345 otiosus
3335 1301 3461 1360 est,

1873 1376 2122 1433 minime.

1947 1469 2116 1526 Vens.
2162 1470 2255 1527 l9.
2293 1489 2311 1523 ι
2361 1470 2495 1525 Nam
2524 1486 2647 1527 cum
2683 1472 2822 1528 liber
2862 1488 3040 1529 essem
3087 1489 3153 1529 ex
3187 1477 3462 1546 onmibus,

1876 1563 2123 1617 omnium
2172 1577 2261 1617 me
2292 1577 2510 1617 servum
2540 1566 2666 1631 leci,
2702 1576 2760 1619 ut
2795 1566 2979 1633 plures
3012 1568 3412 1623 lucrifacerem.
3438 1588 3459 1623 ι

1876 1653 2033 1720 Quod
2082 1655 2260 1724 majus
2309 1668 2415 1722 est,
2470 1657 2621 1711 dicit.
2676 1657 2796 1714 Non
2841 1660 3040 1725 solum,
3110 1662 3306 1731 inquit,
3359 1677 3464 1717 non

1877 1748 2084 1819 accepi,
2149 1750 2362 1806 etiamsi
2398 1758 2728 1819 potestatem
2766 1752 3021 1806 haberem
3060 1767 3075 1804 :
3113 1754 3463 1808 verumetiam

170 1859 294 1909 _vo;,
323 1841 443 1895 οὐδὲ
484 1841 733 1912 ἀνάγκην
768 1840 929 1911 ἔχων,
971 1843 1139 1895 πᾶσιν
1164 1840 1444 1894 ἐδούλωσα
1487 1840 1728 1911 ἐμαυτὸν
1755 1856 1767 1869 ⁸

1888 1840 2017 1894 liber
2086 1857 2207 1897 cmn
2281 1856 2482 1907 essem,
2542 1850 2598 1896 et
2661 1842 2860 1896 nemini
2937 1844 3233 1914 subjectus,
3293 1859 3467 1913 neque

194 1936 283 2006 οὐχ
311 1936 390 1988 ἐνὶ
418 1936 519 1989 καὶ
543 1935 724 2002 δυσὶν,
777 1934 915 1988 ἀλλά
955 1937 1023 2007 τῇ
1061 1934 1396 2008 οἰκουμένῃ’
1426 1934 1526 2004 οὺχ
1574 1934 1664 1988 ἵνα
1697 1933 1773 1996 ὡς

199 2028 345 2095 κόλαξ
374 2029 584 2099 ἁρέσω,
617 2029 848 2083 ἀλλ’ἵνα
878 2029 1006 2093 τοὺς
1036 2029 1293 2092 πλείονας
1324 2027 1583 2100 κερδήσω
1601 2042 1614 2056 ·
1649 2027 1775 2090 τοὺς

169 2182 173 2187 ,
197 2124 291 2195 γὰρ
319 2124 557 2192 πάντας,
584 2124 892 2196 ἀμήχανον.

264 2402 282 2435 ι
318 2384 425 2443 Καὶ
457 2384 733 2457 ἐγενόμην
789 2388 901 2452 τοῖς
946 2386 1224 2452 Ἰουδαίοις
1255 2388 1331 2453 ῶς
1370 2389 1646 2454 Ἰουδαῖος,
1687 2388 1776 2443 ἵνα

207 2476 483 2543 Ἰουδαίους
536 2479 812 2551 κερδήσω.
849 2498 869 2532 ι
926 2480 1057 2534 Ὅτε
1110 2481 1412 2552 περιέτεμε
1481 2482 1773 2553 Τιμόθεον.

196 2570 293 2624 Οὐκ
318 2566 445 2626 εἶπε
488 2572 567 2638 δὲ,
617 2573 901 2638 Ἰουδαῖος,
934 2575 1070 2641 ἀλλ’,
1124 2593 1144 2627 ι
1189 2575 1277 2640 Ὠς
1314 2575 1591 2642 Ἰουδαῖος,
1626 2594 1646 2628 ι
1684 2576 1770 2630 ἵνα

192 2659 324 2734 δείξῃ
350 2663 442 2716 ὅτι
464 2664 748 2736 οἰκονομία
785 2664 848 2719 τὸ
868 2666 1106 2737 πρᾶγμα
1147 2683 1239 2737 ην.

260 2861 277 2895 ι
303 2843 436 2906 Τοῖς
471 2844 577 2898 ὑπὸ
605 2845 793 2915 νόμον,
826 2845 901 2908 ὠς
927 2844 1033 2898 ὑπὸ
1067 2845 1255 2916 νόμον,
1289 2845 1379 2899 ἵνα
1407 2846 1534 2909 τοὺς
1556 2846 1663 2899 ὑπὸ
1688 2845 1774 2900 νό-

199 2953 285 3006 μον
309 2938 583 3008 κερδήσω.
621 2956 641 2990 ι
681 2937 822 3001 Τοὺς
858 2937 1236 3009 προσηλύτους
1265 2937 1435 3006 λέγει,
1478 2940 1511 3012 ἢ
1552 2940 1679 3003 τοὺς
1713 2939 1773 3006 ἐξ

206 3027 468 3083 Ἰουδαίων
501 3030 603 3100 μὲν
634 3032 862 3094 πιστοὺς
899 3014 1248 3102 γενομένουξ,
1284 3031 1366 3084 ἔτι
1395 3031 1452 3084 δὲ
1481 3030 1574 3085 τοῦ
1606 3031 1772 3102 νόμου

198 3120 558 3192 ἐξεχομένους.
617 3122 867 3190 Ἐγένετο
916 3123 973 3177 δὲ
1011 3124 1207 3190 ταῦτα,
1242 3124 1332 3178 ὅτε
1381 3122 1635 3195 ἐξύρατο,
1682 3125 1771 3177 ὅτε

1883 1933 2264 1989 necessitatem
2301 1933 2531 1998 habens,
2577 1933 2832 1989 omnibus
2872 1944 3052 1989 tamen
3100 1935 3363 2005 mcipsum
3408 1936 3463 1991 in

1879 2026 2197 2081 servitutem
2260 2028 2444 2098 redegi
2499 2044 2513 2080 :
2568 2040 2676 2081 non
2746 2027 2859 2090 uni,
2913 2036 3010 2081 aut
3065 2028 3300 2091 duobus,
3368 2031 3465 2084 sed

1880 2117 2137 2172 universo
2181 2126 2448 2172 terrarum
2498 2118 2620 2173 orbi
2658 2137 2672 2172 :
2705 2135 2813 2174 non
2846 2129 2904 2172 ut
2960 2118 3258 2174 adulatoris
3295 2122 3469 2176 instar

1881 2210 2149 2279 placeam,
2194 2220 2455 2265 caeterum
2513 2221 2571 2265 ut
2610 2210 2791 2282 plures
2847 2210 3190 2267 lucrifaciam
3229 2227 3465 2269 :omnes

1877 2305 2047 2368 cnim,
2081 2303 2420 2373 impossible.

1953 2395 2115 2451 Vsas.
2151 2396 2244 2451 20.
2305 2415 2326 2448 ι
2364 2395 2429 2450 Et
2467 2394 2644 2450 lactus
2673 2410 2793 2451 sum
2831 2392 3033 2451 Iudaeis
3066 2407 3325 2467 tanquam
3367 2393 3468 2452 Ju-

1877 2488 2030 2543 daeus
2066 2497 2121 2556 ut
2148 2485 2368 2542 Jodzeos
2412 2487 2614 2543 luerer.
2660 2506 2680 2539 ι
2712 2486 2942 2559 Nempe,
2986 2489 3201 2558 quando
3229 2492 3468 2544 circum-

1877 2581 2008 2635 cidit
2044 2578 2410 2635 Timotheum.
2446 2578 2564 2635 Non
2628 2588 2809 2635 autem
2852 2580 3011 2646 dixit,
3051 2581 3297 2647 Juda’us,
3346 2583 3464 2649 sed,

1880 2691 1902 2725 ι
1942 2671 2119 2727 Veluti
2175 2669 2420 2740 Judmus,
2477 2690 2498 2724 ι
2555 2683 2617 2727 ιιι
2666 2673 2923 2730 ostendat
2982 2676 3126 2743 quod
3185 2675 3461 2745 negotium

1875 2761 2221 2831 dispensatio
2258 2772 2403 2817 erat.
2708 2780 2715 2783 -

1908 2854 2046 2923 alis
2074 2855 2167 2924 qui
2227 2864 2353 2908 sunt
2393 2855 2496 2909 sub
2527 2853 2666 2925 lege,
2724 2857 2878 2926 quasi
2936 2857 3038 2912 sub
3111 2858 3229 2929 lege
3270 2873 3466 2921 essem.

1876 2955 1936 3001 ut
1974 2960 2070 3001 eos
2120 2946 2212 3015 qui
2263 2947 2368 3002 sub
2406 2947 2541 3018 lege,
2594 2948 2795 3003 tuerer.
2836 2967 2856 3000 ι
2896 2948 3213 3022 Proselytas
3265 2953 3469 3007 intelli-

1874 3041 1972 3111 git,
2017 3040 2100 3094 vel
2159 3054 2255 3096 eos
2288 3040 2381 3111 qui
2452 3056 2518 3097 ex
2567 3040 2769 3098 Judzeis
2818 3042 2944 3100 ﬁdei
2991 3057 3338 3101 accesserant
3368 3048 3468 3101 ad-

1880 3136 1986 3188 huc
2034 3143 2216 3188 tamen
2263 3132 2382 3203 lege
2419 3132 2823 3193 detinerentur.
2863 3136 3028 3193 Facta
3081 3149 3262 3193 autem
3341 3150 3471 3194 sunt

199 3210 337 3266 ἔθυσε
363 3215 434 3267 τὰ
461 3214 553 3268 τοῦ
579 3215 869 3286 ἁγνισμοῦ.
894 3216 1079 3270 Ταῦτα
1107 3216 1164 3269 δὲ
1191 3216 1364 3270 ἐποίει
1385 3216 1769 3286 οἰκονομικῶς,

1888 3225 2013 3288 haec,
2061 3223 2279 3293 quando
2317 3238 2473 3278 rasus
2527 3235 2632 3289 est,
2664 3226 2882 3295 quando
2928 3242 3052 3297 qua
3087 3231 3155 3282 ad
3212 3229 3472 3299 puriﬁca-

198 3306 282 3359 καὶ
304 3306 428 3361 κατ’
459 3308 740 3376 ἐπίδειξιν,
765 3308 851 3361 ἴνα
880 3310 1007 3373 τοὺς
1035 3308 1251 3380 ἀληθῶς
1280 3306 1454 3362 ταῦτα
1485 3308 1777 3373 ποιοῦντας

213 3392 582 3470 διοροὼσηταε.

276 3599 295 3632 ι
328 3581 456 3645 Τοῖς
516 3581 772 3651 ἀνόμοις,
830 3581 905 3645 ὡς
960 3581 1181 3653 ἄνομος.
1212 3602 1232 3637 ι
1291 3582 1549 3655 ’Δνόμους
1608 3583 1779 3653 λέγει,

201 3672 313 3736 τοὺς
365 3673 442 3744 μὴ
493 3673 585 3727 τὸν
634 3672 801 3742 νόμον
852 3674 943 3728 τοῦ
998 3676 1243 3739 Μωσέως
1286 3676 1528 3749 ἔχοντας,
1570 3679 1698 3741 τοὺς
1720 3677 1782 3743 ἐξ

205 3764 383 3831 ἐθνῶν,
414 3761 523 3829 οἷος
553 3760 621 3837 ἦν
654 3766 954 3837 Κορνήλιος
975 3783 989 3798 ο
1030 3764 1113 3831 οἷς
1158 3771 1255 3823 καὶ
1283 3771 1470 3834 αὐτοῖς
1510 3771 1528 3801 ⁷
1568 3772 1781 3841 ἐπιφοι-

205 3858 321 3927 τῶν,
355 3859 747 3929 συγκατέϐαινε
780 3865 846 3932 τῇ
886 3863 1143 3932 ἀσθενείᾳ.
1180 3863 1381 3919 αὐτῶν.
1410 3866 1481 3917 Ἣ
1510 3865 1606 3917 καὶ
1654 3865 1782 3928 τοὺς

208 3950 482 4024 Ἕλληνας,
505 3953 695 4025 ὥσπερ
730 3954 896 4026 ἡνίκα
934 3955 1071 4027 πρὸς
1105 3955 1420 4026 Ἀθηναίους
1446 3956 1721 4025 διελέγετο
1739 3957 1778 4023 ⁸,

208 4044 302 4098 ἀπὸ
335 4043 428 4098 τοῦ
454 4045 581 4116 παρ’
608 4046 793 4111 αὐτοῖς
828 4046 1014 4119 βωμοῦ
1044 4047 1251 4118 ὁμιλῶν
1302 4048 1506 4114 αὐτοῖς,
1548 4049 1645 4102 καὶ
1683 4048 1782 4119 οὐχ

209 4140 274 4204 ὡς
308 4143 436 4213 περὶ
461 4141 596 4197 Θεοῦ
620 4142 716 4196 τοῦ
745 4142 1008 4216 Χριστοῦ,
1048 4145 1165 4198 ἀλλ’
1208 4144 1285 4208 ῶς
1317 4143 1451 4216 περὶ
1487 4142 1780 4215 ἀνθρώπου

211 4232 481 4288 διδάσκων.
511 4236 588 4288 Οὐ
617 4236 727 4307 γὰρ
757 4235 976 4290 ἀκούειν
1009 4235 1252 4307 ἐχώρουν
1280 4237 1523 4291 τοιοῦτόν
1548 4255 1602 4291 τι
1624 4253 1639 4269 ο
1666 4236 1781 4293 ἀλλ’

211 4326 297 4381 ἕνα
326 4328 429 4381 τῶν
463 4329 591 4400 παρ’
622 4330 805 4393 αὐτοῖς
853 4331 1286 4401 οεοποιηθέντων
1325 4335 1417 4385 καὶ
1445 4332 1635 4385 τοῦτον
1668 4333 1785 4386 ἐνό-

214 4420 393 4488 μιζονο
427 4414 536 4484 οἶος
586 4420 884 4491 Ἡρακλῆς,
936 4418 1052 4484 οἷος
1091 4422 1440 4493 ’Λσκληπιὸ;.
1497 4423 1781 4493 Πανταχοῦ

213 4510 263 4562 δὲ
282 4511 360 4574 τὸ,
397 4532 414 4565 ι
452 4514 557 4577 Ὡς,
589 4534 607 4566 ι
644 4516 988 4586 πρόσκειται,
1020 4516 1108 4569 ἵνα
1143 4515 1441 4587 μάοῃ;,ὃτι
1469 4515 1783 4570 ἐπεδείκνυ-

214 4619 270 4656 το
292 4605 477 4673 ταῦτα,
508 4609 608 4661 οὐκ
646 4605 722 4661 ῶν
757 4608 995 4677 ἀληθῶς.

289 4887 306 4919 ι
341 4869 451 4940 (Μὴ
476 4866 549 4921 ῶν
576 4867 777 4939 ἄνομος
806 4868 965 4934 Θεοῦ,
995 4868 1112 4924 ἀλλ’
1142 4869 1366 4941 ἔννομος
1392 4869 1678 4940 Χριστοῖ),
1702 4870 1788 4921 ἵνα

234 4962 464 5036 κερδήσω
489 4964 744 5034 ἀνόμους.
782 4982 800 5015 ι
844 4964 959 5018 Ἵνα
993 4964 1070 5035 μὴ
1096 4965 1344 5037 νομίσῃς,
1370 4965 1453 5017 ὅτι
1483 4962 1787 5034 μετεϐλήθη

233 5057 322 5125 τὴν
369 5055 613 5128 γνώμην,
665 5057 802 5129 πρὸς
855 5057 1093 5128 ἀνόμους
1152 5057 1559 5129 διαλεγόμενος,
1620 5056 1786 5125 φησί·

233 5168 251 5200 ι
281 5148 364 5222 Μὴ
386 5148 457 5203 ῶν
486 5150 685 5221 ἄνομος
714 5149 849 5204 Θεοῦ
868 5167 894 5192 ο-
923 5168 943 5202 ι
975 5150 1099 5204 ἀντὶ
1141 5150 1259 5216 τοῦ,
1298 5151 1374 5223 μὴ
1425 5148 1500 5202 ὢν
1531 5148 1637 5215 ἔξω
1676 5148 1785 5202 τῶν

226 5242 387 5312 νόμων
415 5243 681 5313 τοῦβεοῦ,
716 5243 831 5297 ἀλλ’
850 5243 1093 5315 ἔννομος·
1129 5246 1221 5298 καὶ
1251 5244 1351 5315 οὐχ
1378 5242 1565 5304 ἁπλῶς
1597 5242 1788 5296 Ἔννο-

230 5351 338 5405 μος,
367 5336 499 5391 ἀλλὰ
547 5356 566 5390 ι
604 5337 867 5408 Χριστοῦ,
897 5356 915 5390 ι
950 5336 1249 5404 τουτέστιν,
1283 5335 1393 5389 ’τοῦ
1422 5333 1785 5406 παλαιοτέρου

232 5427 381 5499 νόμου
400 5431 728 5505 ὑψηλότερον
760 5433 926 5503 νόμον
959 5430 1121 5502 ἔχων,
1148 5432 1239 5485 τὸν
1262 5431 1356 5485 τοῦ
1384 5429 1646 5501 Χριστοῦ.
1676 5430 1786 5483 Καὶ

233 5519 277 5570 τί
301 5519 356 5574 τὸ
386 5522 611 5596 κέρδος;
656 5541 674 5576 ι
713 5522 831 5576 Ἵνα
864 5522 1110 5595 κερδήσω
1134 5522 1388 5593 ἀνόμους.
1425 5540 1444 5575 ι

1883 3317 2081 3371 tionem
2135 3315 2393 3382 attinent,
2420 3321 2433 3384 ξ
2461 3316 2675 3372 obtulit.
2717 3317 2841 3374 lltcc
2890 3330 3071 3375 autem
3104 3336 3198 3390 per
3242 3322 3470 3391 dispen-

1881 3406 2146 3461 sationem
2193 3404 2445 3471 faciebat,
2482 3416 2538 3462 et
2570 3407 2621 3461 in
2650 3408 2913 3478 speciem,
2947 3418 3005 3465 ut
3033 3426 3128 3466 eos
3154 3412 3246 3482 qui
3279 3427 3468 3469 revera

1880 3495 1985 3550 ista
2013 3495 2273 3559 facerent,
2296 3497 2649 3563 corrigerent.

1955 3585 2120 3640 Vens.
2144 3584 2236 3639 21.
2267 3605 2284 3638 ι
2320 3585 2477 3655 1'75
2499 3586 2606 3639 lllis
2625 3585 2718 3655 qui
2736 3588 2854 3642 sine
2878 3587 2991 3657 lege
3009 3598 3183 3654 erant,
3210 3596 3466 3659 tanquam

1881 3678 2004 3733 sine
2048 3675 2166 3744 lege
2212 3690 2414 3730 essem.
2456 3693 2475 3726 ι
2532 3674 2676 3745 Lege
2728 3687 2979 3735 carentes
3025 3693 3121 3733 eos
3168 3679 3318 3746 dicit,
3373 3682 3469 3751 qui

1881 3767 2051 3838 legem
2094 3767 2388 3824 Mosaicam
2425 3783 2533 3821 non
2598 3768 2891 3833 habebant,
2950 3772 3044 3840 qui
3098 3787 3166 3826 ex
3215 3774 3470 3841 gentibus

1881 3871 2058 3926 erant,
2093 3860 2271 3931 qualis
2300 3872 2419 3915 erat
2449 3860 2738 3916 Cornelius
2766 3880 2781 3918 :
2812 3862 2877 3917 ad
2910 3877 3047 3933 quos
3074 3863 3163 3917 ille
3184 3868 3470 3935 accedens,

1883 3953 2189 4007 inﬁrmitati
2240 3968 2427 4009 eorum
2485 3954 2889 4024 acquiescebat.
2959 3956 3053 4011 Vel
3107 3956 3329 4013 Graecos
3384 3960 3471 4013 in-

1885 4045 2096 4115 telﬁgit,
2142 4045 2308 4100 veluti
2356 4045 2576 4115 quando
2623 4047 2888 4103 adversus
2933 4047 3296 4105 Atheuienses
3349 4049 3468 4105 dis-

1870 4138 2127 4209 putabat,
2176 4138 2242 4193 ad
2286 4153 2405 4201 ara,
2441 4153 2563 4207 quae
2609 4140 2748 4209 apud
2802 4141 2947 4209 ipsos
2985 4150 3127 4207 erat,
3164 4154 3472 4198 sermonem

1884 4230 2219 4293 instituens:
2277 4240 2330 4286 et
2374 4228 2441 4284 de
2495 4232 2737 4297 Christo,
2785 4247 2890 4286 non
2929 4241 3188 4301 tanquam
3229 4235 3296 4288 de
3330 4235 3464 4299 Deo,

1883 4324 1978 4379 sed
2018 4334 2274 4392 tauquam
2319 4324 2390 4379 de
2437 4323 2677 4391 homine,
2744 4324 2967 4380 docens.
3014 4325 3149 4381 Nam
3203 4327 3307 4382 tale
3342 4328 3473 4397 quid

1884 4414 2074 4469 audire
2103 4431 2210 4469 non
2244 4422 2535 4485 poterant;
2569 4417 2664 4470 sed
2693 4425 2750 4470 et
2785 4417 2958 4485 ipsum
2987 4419 3210 4472 deorum
3246 4434 3471 4474 suorum

1884 4508 2174 4577 quemdam
2239 4508 2671 4574 arbitrabantur,
2733 4510 2909 4579 qualis
2959 4509 3244 4578 Hercules,
3294 4512 3474 4582 (piatis

1888 4599 2262 4668 Esculapius.
2316 4599 2530 4667 Ubique
2579 4613 2758 4656 autem
2826 4602 3117 4671 apponitur
3184 4604 3475 4675 particula,

1889 4710 1911 4743 ι
1948 4691 2254 4761 Tanquam,
2316 4707 2337 4742 ι
2384 4692 2459 4745 ιιιὶ
2519 4691 2719 4756 discas,
2763 4692 2913 4760 quod
2968 4693 3083 4747 lucc
3127 4692 3183 4748 in
3235 4693 3475 4763 speciem

1880 4784 2199 4850 ostentarit,
2229 4782 2353 4837 talis
2379 4798 2568 4838 revera
2607 4799 2712 4838 non
2738 4785 3038 4841 exsistens.

1973 4895 1993 4928 ι
2034 4875 2205 4945 (Cum
2257 4878 2378 4930 sine
2426 4877 2543 4947 lege
2584 4874 2681 4931 Dei
2718 4893 2824 4932 non
2869 4893 3070 4945 essem,
3120 4877 3216 4933 sed
3252 4877 3305 4932 in
3357 4875 3479 4948 lege

1891 4968 2135 5039 Christi)
2162 4979 2223 5023 ut
2253 4984 2349 5025 eos
2371 4972 2460 5039 qui
2494 4970 2612 5025 sine
2638 4970 2756 5040 lege
2786 4981 2993 5037 essent,
3018 4970 3419 5026 luerit-acerem.
3449 4988 3470 5023 ι

1892 5061 1971 5117 Ne
2020 5062 2304 5119 existimes
2350 5064 2493 5133 quod
2552 5064 2880 5119 sententiam
2934 5063 3179 5130 mutarit,
3226 5078 3352 5120 cum
3403 5065 3475 5119 ad

1894 5157 2111 5226 exlegcs
2160 5156 2497 5225 disputaret;
2541 5174 2560 5208 ι
2613 5155 2748 5211 Cum
2804 5173 2910 5213 non
2961 5173 3160 5214 essem.
3197 5175 3218 5210 ι
3272 5157 3473 5227 inquit,

1901 5266 1921 5299 ι
1960 5248 2168 5317 absque
2204 5248 2323 5319 lege
2368 5249 2460 5303 Dei
2501 5268 2514 5303 :
2550 5249 2705 5319 quasi
2762 5249 2932 5315 dicat,
2971 5264 3095 5305 cum
3137 5262 3247 5303 non
3297 5263 3475 5306 essem

1897 5349 2056 5393 extra
2091 5338 2189 5393 Dei
2241 5339 2414 5408 leges,
2456 5341 2551 5395 sed
2602 5340 2659 5394 in
2720 5340 2878 5410 lege:
2922 5354 3024 5394 nec
3072 5339 3472 5412 sintpliciterin

1896 5430 2038 5503 lege,
2080 5447 2269 5487 verum
2300 5433 2354 5487 in
2389 5434 2503 5504 lege
2537 5432 2737 5488 Christi
2785 5451 2798 5489 :
2849 5434 2951 5487 hoc
2995 5441 3101 5497 est,
3139 5442 3323 5489 vetere
3362 5433 3484 5505 lege

1897 5527 2333 5595 praestantiorem
2350 5525 2577 5589 habens,
2599 5524 2804 5580 Christi
2830 5524 3107 5581 nimirum.
3129 5522 3328 5598 Ecqua:
3352 5524 3482 5581 inde

1896 5618 2295 5675 commoditas?
2317 5617 2383 5676 Ut
2415 5614 2750 5675 lucrifaciam
2767 5632 2887 5689 eos,
2914 5617 3008 5690 qui
3029 5627 3156 5676 sunt
3184 5618 3304 5676 sine
3329 5617 3467 5695 lege.

1545 5705 1747 5768 Varias
1810 5708 2144 5782 lectiones.

294 5806 400 5865 ὀὐ
425 5809 587 5883 μὴνό
625 5809 815 5883 ἀργῶν
866 5826 922 5869 o.
998 5812 1018 5844 ⁷
1076 5810 1164 5865 io‘.
1220 5809 1411 5877 αὐτὸς.
1490 5811 1510 5844 ⁸
1550 5810 1761 5882 ἔλεγεν.
