3874 6584
457 341 568 406 675

524 455 686 512 Vitas.
716 451 810 510 ἥ.
847 468 871 506 ι
902 447 1107 506 Factus
1140 463 1260 504 sum
1303 447 1540 502 infirmis
1567 455 1825 516 tanquam
1879 442 2006 496 iulir
2066 442 2114 499 Α

449 565 594 616 mus,
635 557 693 602 ut
739 545 986 600 infirmos
1033 541 1439 597 lucrifacercm.
1475 557 1493 590 ι
1540 535 1772 592 Perinde
1801 549 1864 588 ac
1897 545 2042 586 nunc

447 641 605 696 vobis
639 637 814 692 factus
860 651 1004 698 sum,
1056 634 1127 688 ob
1175 631 1509 686 imbecillam
1545 639 1782 684 vestram
1816 625 2044 680 scanda-

447 735 624 804 lis‘que
655 731 812 784 facile
851 729 1144 784 obnoxiam
1187 735 1451 789 mentem,
1486 739 1610 778 cum
1645 721 1796 776 nolui
1831 737 1858 774 a
1889 720 2043 774 vobis

450 828 542 882 ali.
575 825 887 893 Quinetiam
941 822 1114 878 sicubi
1146 835 1293 882 eum,
1347 820 1417 874 ob
1465 817 1778 872 auditorum
1817 811 2041 869 infirmi-

451 927 643 981 tatem,
672 916 752 969 vel
782 915 848 968 tle
886 912 1008 967 Filii
1035 913 1262 973 deitale,
1288 909 1370 964 vel
1403 913 1469 964 de
1501 909 1739 977 Spiritus
1760 906 2042 960 divinitate

451 1027 557 1066 non
585 1009 886 1080 perspicue
939 1005 1308 1060 disserentem
1360 1003 1711 1071 conspexeris
1749 1017 1765 1061 ;
1797 1013 1906 1052 ιιιιιι
1941 1013 2043 1052 non

449 1105 592 1160 veris
616 1105 794 1173 ipsum
820 1100 1056 1155 infirmis
1084 1108 1340 1168 tanquam
1378 1095 1657 1150 infirmum
1687 1093 1825 1146 fieri.

525 1214 543 1249 ι
591 1193 860 1252 Omtiibus
953 1192 1131 1246 factus
1209 1205 1330 1246 sum
1399 1189 1603 1251 omnia,
1682 1195 1742 1240 ut
1801 1184 2033 1239 omnino

450 1289 714 1362 quosdam
774 1288 1012 1342 facerem
1079 1285 1282 1339 salvos.
1346 1301 1364 1334 ι
1427 1281 1484 1335 Ει
1544 1280 1674 1350 quid
1733 1281 1901 1333 tuulta
1959 1295 2044 1331 rc-

451 1381 744 1440 censeam?
791 1378 1059 1434 Omnibus
1133 1392 1220 1431 me
1276 1375 1668 1444 attemperavi:
1718 1373 1881 1440 Atqui
1937 1387 2040 1425 uon

451 1490 644 1529 omnes
669 1487 888 1527 servare
919 1479 1273 1539 exspectans,
1304 1481 1491 1522 verum
1530 1476 1587 1520 ιιι
1617 1481 1820 1534 νειιιυοε
1853 1466 2041 1519 saltem

453 1565 634 1622 salvos
680 1563 918 1618 facerem
969 1579 984 1615 :
1033 1561 1176 1630 quod
1227 1571 1282 1614 et
1335 1557 1714 1612 admirabilius
1761 1569 1868 1611 est.
1908 1557 2041 1611 Nam

453 1658 547 1729 qui
581 1660 776 1711 uberes
823 1653 1031 1707 fructus
1080 1661 1287 1721 sperat,
1319 1652 1362 1705 si
1413 1649 1502 1705 ille
1545 1650 1776 1714 laboret,
1819 1665 1920 1702 uon
1966 1659 2048 1703 est

453 1750 591 1805 adeo
628 1747 934 1802 mirandum
997 1762 1013 1804 :
1060 1745 1204 1813 quod
1251 1753 1431 1796 autem
1477 1742 1691 1812 exigua:
1729 1744 1803 1796 rei
1846 1743 2042 1810 gratia,

1337 331 1933 398 THEOPHYLACTI
1974 327 2415 392 BULGARLE.
2433 324 2802 390 ARCHIEP.
3595 334 3680 403 676

2216 459 2237 493 ι
2282 441 2584 511 Ἔγενὸμην
2621 442 2734 502 τοῖς
2761 437 3053 492 ἀσθενέσιν
3092 438 3167 502 ὡς
3193 439 3443 513 ἀσθενὴς,
3481 444 3556 499 ῖνιι
3579 453 3681 510 τοὺς

2145 534 2393 597 ἀσθενεῖς
2421 532 2728 602 κερδήσω.»
2759 530 2976 602 Ὥσπερ
3010 532 3105 584 νῦν
3129 533 3259 603 ὑμῖν
3288 533 3374 588 διὰ
3399 534 3491 606 τὴν
3516 540 3680 613 ἀσθενῆ

2145 623 2301 694 ὑμῶν
2334 625 2430 677 καλ⁸
2455 620 2914 675 εὐσκανδάλιστον
2948 621 3196 693 γνώμην,
3238 621 3312 694 μὴ
3345 623 3557 696 θελήσας
3581 632 3683 699 ὑφ’.

2145 717 2300 788 ὑμῶν
2360 716 2654 786 τραφῆναι.
2705 713 2866 768 Ἀλλὰ
2916 715 3011 767 καὶ
3057 715 3182 767 ὅταν
3242 715 3356 788 ἴδῃς
3399 720 3550 773 αὑτὸν
3625 725 3682 796 μὴ

2145 807 2361 880 τρανῶς
2393 808 2426 876 ἢ
2465 808 2591 878 περὶ
2620 807 2721 875 τῆς
2754 805 2851 859 τοῦ
2907 806 3038 858 Υἱοῦ
3093 807 3366 878 θεότητος,
3396 809 3426 879 ἦ
3465 814 3579 880 περὶ
3607 817 3682 884 τῆς

2146 901 2239 955 τοῦ
2301 899 2624 969 ῐῙνεύματος
2687 897 2937 966 λέγοντα.
2996 897 3086 950 διὰ
3147 897 3246 968 τὴν
3293 900 3558 956 ἀσθένειαν
3601 907 3683 960 τῶν

2145 995 2476 1056 ἀκουόντων,
2518 993 2614 1046 καὶ
2644 993 2764 1045 τότε
2792 991 2901 1044 ἴσθι
2935 991 3097 1044 αὐτὸν
3145 991 3391 1060 γίνεσθαι
3424 997 3527 1058 τοῖς
3557 997 3684 1051 deos-

2145 1086 2295 1140 νέσιν
2327 1085 2403 1148 ώς
2441 1083 2669 1152 ἀσθενῆ.

2226 1198 2246 1230 ι
2276 1179 2401 1240 Τοῖς
2442 1179 2575 1230 πᾶσι
2609 1175 2812 1244 γέγονα
2856 1175 2926 1229 τὰ
2955 1176 3154 1242 πάντα,
3199 1177 3289 1230 ἵνα
3335 1179 3538 1243 πάντως
3569 1184 3686 1251 τινὲς

2151 1272 2310 1327 σώσω
2341 1271 2404 1325 ¹⁰.
2436 1290 2453 1321 ι
2489 1269 2601 1323 Καὶ
2626 1269 2678 1321 τί
2727 1267 2900 1322 πολλὰ
2929 1268 3414 1340 καταριθμοῦμαι;
3443 1274 3553 1339 Τοῖς
3583 1279 3685 1331 πᾶσι

2150 1363 2534 1433 συγκατέϐην’
2586 1361 2766 1415 καίτοι
2801 1377 2865 1430 γε
2925 1361 2987 1414 οὐ
3026 1363 3237 1425 πάντας
3283 1362 3470 1429 σώζειν
3501 1371 3686 1438 προσδο-

2148 1457 2282 1523 κῶν,
2326 1455 2440 1509 ἀλλ’
2487 1454 2576 1508 ἵνα
2613 1455 2711 1508 καὶ
2740 1453 2959 1523 ὀλίγους
2995 1452 3158 1507 σώσω
3180 1470 3194 1484 ·
3237 1454 3267 1508 ὃ
3299 1457 3388 1509 καὶ
3415 1455 3686 1529 θαυμασιὼ-

2148 1567 2328 1620 τερον.
2364 1549 2438 1602 Τὸ
2475 1548 2574 1619 μὲν
2601 1548 2711 1620 γὰρ
2767 1549 3058 1613 ἐλπίζοντα
3097 1548 3344 1619 μεγάλην
3395 1551 3684 1622 ἐπικαρπίαν

2151 1643 2358 1706 πονεῖν,
2390 1641 2450 1694 οὑ
2495 1641 2752 1694 τοσοῦτον
2784 1641 3138 1710 θαυμαστόν·
3190 1641 3252 1692 τὺ
3290 1639 3346 1694 δὲ
3378 1643 3467 1695 καὶ
3513 1645 3686 1715 μικρῶν

2149 1735 2315 1789 ἕνεκα
2343 1733 2585 1788 τοσαῦτα
2622 1733 2848 1804 μοχθεῖν
2879 1732 2943 1797 “,
2969 1731 3129 1788 τοῦτο
3156 1732 3322 1801 μέγα.
3346 1731 3418 1786 Τὸ
3443 1733 3515 1802 δὲ,
3545 1735 3688 1792 «Πάν-

456 1841 768 1911 modicique
799 1839 1012 1894 fructus
1039 1853 1204 1892 causa
1247 1836 1414 1890 tantis
1449 1836 1728 1890 laboribus
1759 1851 1818 1890 se
1847 1835 2040 1890 defati-

2160 1846 2281 1891 τως.
2319 1846 2337 1879 ι
2387 1803 2725 1898 προσέθηκε,
2761 1823 3265 1896 παραμυθούμενος
3297 1825 3615 1894 διδάσκοντας
3638 1829 3685 1886 ¹¹.

453 1935 626 2005 gavit,
682 1933 786 1988 boc
832 1947 968 1988 sane
1013 1944 1265 2000 maguum
1295 1939 1400 1982 est.
1441 1946 1460 1979 ι
1515 1923 1753 1981 Omnino
1800 1944 1818 1977 ι
1857 1935 2040 1980 autem

454 2025 723 2094 apposuit,
743 2021 1171 2078 consolationem
1191 2019 1438 2086 praebens
1457 2015 1794 2071 docentibus.
1820 2017 2045 2072 Etiamsi

454 2117 598 2170 enim
669 2129 776 2168 non
836 2127 1025 2166 oumes
1101 2111 1373 2182 quispiam
1452 2118 1762 2172 conservet,
1826 2109 2050 2166 oumiuo

455 2209 639 2264 debet.

532 2304 699 2360 Vens.
721 2303 812 2359 25.
849 2321 868 2356 ι
898 2300 1012 2357 lloc
1031 2311 1210 2356 autem
1238 2299 1382 2355 far-io
1410 2310 1636 2370 propter
1667 2299 2044 2368 Evangelinm,

467 2409 527 2456 ut
560 2400 830 2468 particeps
848 2395 966 2464 ejus
989 2393 1218 2450 efliciar.
1252 2411 1270 2444 ι
1306 2391 1659 2463 Evangelium
1694 2392 2045 2458 dicitlideles,

458 2493 548 2563 qui
581 2506 677 2561 per
725 2487 1078 2558 Evangelium
1120 2496 1436 2549 servantur,
1485 2483 1944 2554 quemadmodum
1993 2495 2050 2538 et

457 2601 620 2658 supra
649 2584 822 2639 dixit:
863 2601 879 2633 ι
920 2579 1312 2650 EsEvangelio
1343 2579 1547 2639 vivere,
1588 2595 1608 2628 ι
1645 2591 1766 2645 pro,
1795 2591 1862 2630 ex
1926 2592 2050 2631 crc-

459 2679 732 2738 dentibus.
782 2675 854 2732 Ut
905 2675 1092 2744 igitur.
1151 2673 1349 2741 inquit,
1389 2670 1630 2726 fidelium
1661 2684 1881 2724 corona:
1913 2685 2044 2724 con-

459 2787 580 2826 sors
608 2770 722 2824 fieri
752 2767 978 2838 posdm,
1035 2774 1326 2834 propterea
1377 2766 1492 2817 haec
1528 2760 1668 2817 facio
1697 2779 1714 2817 :
1752 2775 1860 2816 non
1898 2763 2042 2831 quod

460 2863 578 2932 ipse
603 2877 698 2932 pro
749 2858 1004 2914 mercede
1053 2857 1167 2912 haec
1203 2855 1435 2919 faceret,
1471 2869 1662 2908 verum
1699 2863 1756 2906 ιιι
1786 2853 1890 2907 illis
1921 2869 2048 2922 per-

463 2956 716 3009 suaderet
747 2951 932 3006 omnia
964 2964 1061 3020 pro
1105 2948 1363 3003 fratribus
1401 2946 1602 3011 facere,
1639 2960 1740 3016 spe
1777 2945 2044 3000 bonorum

463 3058 848 3116 supernorum.
903 3039 1202 3096 Considera
1255 3048 1438 3092 autem
1489 3039 1606 3107 ejus
1658 3037 2045 3115 humilitatem,

2153 1922 2274 1976 Κᾶν
2315 1922 2424 1991 γάρ
2454 1920 2530 1992 μὴ
2561 1921 2693 1983 τοὺς
2741 1921 2953 1983 πάντας
2991 1917 3243 1991 διασώσῃ
3286 1937 3390 1986 τις,
3420 1921 3610 1986 πάντως
3637 1940 3687 1995 γε

2156 2016 2371 2084 ὀλίγους
2401 2011 2666 2086 διασώσῃ.
2715 2011 2930 2066 Οὐκοῦν
2956 2010 3058 2064 οὐκ
3088 2011 3301 2079 ὀφείλει
3335 2012 3636 2086 ἀποναρκᾷν.

2104 2118 2284 2166 tamen
2324 2121 2525 2175 paucos
2565 2105 2826 2161 servabit.
2889 2104 3016 2160 Otio
3051 2104 3241 2174 itaque
3263 2113 3554 2174 torpescere
3611 2123 3688 2163 non

2234 2321 2252 2355 ι
2283 2300 2454 2355 Τοῦτο
2479 2299 2536 2353 δὲ
2563 2297 2703 2353 ποιῶ
2735 2297 2824 2352 διὶ
2846 2297 2906 2351 τὸ
2943 2297 3306 2367 Εὑαγγέλιον,
3342 2299 3428 2354 ἴνα
3451 2317 3691 2368 συγκοινω-

2154 2397 2242 2460 νὸς
2272 2394 2438 2448 αὑτοῦ
2471 2393 2742 2464 γένωμαι.
2767 2411 2786 2444 ι
2819 2391 3152 2461 Εὐαγγέλιον
3178 2393 3463 2462 λέγειτοὺς
3488 2394 3687 2456 πιστοὺς,

2155 2491 2282 2552 τοὺς
2325 2489 2413 2542 διὰ
2461 2486 2558 2539 τοῦ
2613 2485 2950 2555 Εὑαγγελίου
2998 2485 3377 2557 σωζομένους·
3418 2485 3584 2557 ῶσπερ
3620 2487 3690 2538 καὶ

2157 2582 2416 2651 ἀνωτέρω
2449 2575 2626 2645 εἶπεν,
2664 2595 2684 2628 ι
2736 2577 2833 2631 Ἐκ
2886 2576 2982 2631 τοῦ
3016 2577 3360 2647 Εὐαγγελίου
3414 2577 3524 2650 ζῇν,
3555 2597 3570 2628 ι
3599 2578 3690 2630 ἀντὶ

2154 2673 2270 2734 τοῦ,
2326 2675 2391 2726 ὲκ
2421 2672 2530 2725 τῶν
2578 2672 2973 2725 πιστευόντων.
3007 2671 3127 2725 ’Ίνα
3159 2667 3259 2725 οὖν
3283 2714 3299 2738 ,
3337 2675 3484 2742 φησι,
3525 2671 3690 2742 δυνηθῶ

2148 2767 2478 2835 κοινωνῆσαι
2523 2766 2633 2818 τῶν
2685 2764 2971 2833 στεφάνων
3018 2765 3134 2827 τοῖς
3194 2766 3426 2828 πιστοῖς,
3463 2765 3543 2817 διὰ
3566 2764 3690 2816 τοῦτο

2149 2857 2330 2912 ταῦτα
2383 2857 2556 2911 ποιῶ·
2613 2858 2713 2910 οὐκ
2751 2856 2939 2927 ἐπειδὴ
3003 2855 3164 2918 αὐτὸς
3202 2857 3298 2909 ἐπὶ
3353 2854 3518 2927 μισθῷ
3555 2855 3690 2906 ταῦτα

2150 2951 2349 3015 ἐποίει,
2388 2950 2506 3003 ἀλλ’
2533 2948 2623 3003 ἵνα
2663 2949 2912 3012 ἐκείνους
2960 2948 3128 3020 πείσῃ
3169 2951 3350 3002 ποιεῖν
3385 2948 3546 3002 πάντα
3578 2947 3688 3016 ὑπὲρ

2145 3043 2256 3096 τῶν
2284 3040 2550 3110 ἀδελφῶν,
2593 3041 2679 3093 ἐπ’
2723 3039 2896 3092 ἐλπίδι
2937 3039 3048 3092 τῶν
3104 3039 3220 3092 ἀνω
3251 3039 3483 3107 ἀγαθῶν.
3511 3039 3628 3110 Ὅρα
3649 3039 3691 3093 δὲ

466 3139 543 3190 ιιιί
579 3139 624 3190 is
670 3135 762 3205 qui
819 3134 1025 3204 primas
1059 3131 1280 3194 meruit,
1311 3130 1362 3182 iu
1399 3129 1561 3200 176
1601 3129 1866 3185 bonorum
1897 3144 2050 3184 com-

2160 3134 2686 3205 ταπεινοφροσύνην,
2731 3121 2868 3194 πῶς
2896 3131 2924 3184 ὁ
2959 3131 3068 3183 τῶν
3096 3132 3386 3201 πρωτείων
3415 3131 3566 3198 ἄξιος,
3608 3133 3692 3192 τοῖς

465 3231 831 3287 ιιιιιιιίοαιὶοιιε
865 3243 927 3284 se
966 3225 1289 3297 simpliciter
1327 3223 1576 3279 ﬁdelibus
1604 3221 1909 3293 conjungit.

536 3393 702 3466 ἷίειιε.
745 3409 837 3463 ει.
889 3424 909 3458 ι
967 3403 1200 3461 Nescitis
1227 3403 1396 3473 quod,
1447 3403 1537 3473 qui
1588 3405 1641 3457 in
1690 3403 1869 3457 stadio
1931 3417 2057 3457 cur-

463 3511 612 3567 runt,
661 3515 853 3555 omnes
907 3499 1126 3570 quidem
1183 3506 1432 3561 currunt,
1483 3495 1578 3551 sed
1636 3512 1780 3550 unus
1842 3497 2047 3566 accipit

463 3591 766 3651 brabeumt
817 3610 836 3643 ι
901 3591 1192 3659 Postquam
1238 3589 1548 3643 ostenderat
1606 3587 1747 3656 quod
1794 3586 2057 3643 fratribus

461 3685 900 3745 condescendere
954 3689 1226 3752 Oporteat,
1285 3681 1544 3750 deinceps
1591 3680 1886 3750 aliquanto
1945 3690 2056 3733 ter-

465 3777 678 3834 ribilius
695 3789 818 3831 cum
850 3775 915 3828 iis
953 3773 1199 3828 disserit.
1224 3770 1379 3837 Quod
1408 3781 1587 3825 autem
1617 3772 1714 3835 ait,
1745 3769 2054 3838 bujusmodi

462 3868 701 3925 estzNe
744 3865 1075 3923 existimetis
1132 3863 1276 3933 quod
1323 3862 1661 3932 simulatque
1715 3861 2050 3923 credidistis.

463 3959 591 4016 etin
623 3957 874 4013 Ecclesiae
905 3954 1136 4010 stadium
1163 3952 1388 4022 ingrcssi
1413 3953 1572 4017 estis,
1631 3950 1774 4005 istud
1807 3952 1959 4005 vobis
1987 3951 2054 4004 ad

463 4052 696 4110 salutem
728 4047 967 4105 sufficiat
997 4061 1014 4100 :
1043 4044 1501 4115 quemadmodum
1533 4059 1710 4114 neque
1739 4044 1804 4098 iis
1833 4043 2056 4110 sufficit,

464 4156 527 4202 ut
566 4140 889 4213 simpliciter
929 4145 1179 4201 currant,
1212 4137 1319 4191 uisi
1353 4137 1457 4191 hoc
1488 4137 1652 4190 etiam
1687 4136 1847 4202 adsit,
1883 4145 1944 4190 ιιι
1971 4137 2057 4190 in-

465 4239 686 4306 culpate
738 4234 973 4296 scilicet,
1011 4240 1065 4286 et
1113 4232 1180 4285 ad
1235 4243 1434 4284 metam
1489 4245 1680 4298 usque.
1717 4231 2058 4300 Quapmpter

463 4335 522 4382 et
550 4324 639 4380 ille
671 4322 820 4380 solus
848 4321 939 4392 qui
987 4319 1061 4374 ita
1092 4321 1289 4384 currit,
1339 4318 1602 4374 brabcum
1636 4318 1874 4389 accipit:
1911 4320 2057 4391 quod

465 4432 566 4474 vos
588 4415 969 4488 periclitamini
995 4429 1063 4469 ne
1092 4411 1403 4481 accipiatis,
1429 4414 1555 4466 dum
1579 4421 1798 4484 propter
1820 4411 2060 4467 scientiae

2158 3228 2345 3290 ἁπλῶς
2381 3228 2591 3288 πιστοῖς
2619 3224 2812 3278 ἑαυτὸν
2844 3227 3130 3278 συντάττει
3163 3226 3224 3277 ὲν
3254 3227 3320 3295 τῇ
3353 3224 3584 3297 κοινωνία
3609 3223 3691 3276 τῶν

2158 3318 2408 3387 ἀγαθῶν.

2237 3433 2256 3465 ι
2297 3413 2410 3467 Οὐκ
2435 3411 2616 3465 οἴδατε
2651 3411 2732 3464 ὅτι
2766 3413 2815 3465 οξ
2847 3413 2906 3465 ὲν
2951 3411 3152 3482 σταδίῳ
3180 3411 3488 3482 τρέχοντες,
3537 3413 3692 3474 πάντες

2162 3507 2260 3577 μὲν
2295 3505 2603 3576 τρέχουσιν,
2636 3499 2720 3568 εἷς
2747 3505 2803 3557 δὲ
2831 3504 3101 3574 λαμϐάνει
3132 3506 3194 3558 τὸ
3229 3507 3504 3577 βραϐεῖον;
3532 3526 3546 3558 ι
3578 3507 3693 3560 Μετὰ

2157 3597 2218 3650 τὸ
2239 3593 2430 3660 δεῖξαι,
2459 3595 2544 3648 ὃτι
2569 3594 2651 3647 δεῖ
2682 3595 3151 3663 συγκαταϐαίνειν
3199 3597 3314 3660 τοῖς
3344 3597 3588 3667 ἀδελφοῖς,
3610 3597 3694 3647 λοι-

2159 3691 2260 3745 πὸν
2288 3687 2740 3760 πληκτικώτερον
2775 3689 2960 3751 αὐτοῖς
3013 3688 3351 3757 διαλέγεται,
3393 3691 3462 3744 ‘0
3489 3691 3539 3743 δὲ
3563 3689 3694 3756 λέγει,

2157 3779 2402 3834 τοιοῦτόν
2439 3781 2585 3832 ἐστι⁹
2621 3779 2714 3850 Μὴ
2745 3779 3031 3849 νομίσητε,
3075 3782 3159 3833 ὅτι
3192 3780 3383 3848 ἐπειδὴ
3417 3780 3693 3833 ἐπιστεύσα-

2157 3888 2238 3935 τε,
2267 3871 2359 3925 καὶ
2390 3871 2470 3930 είς
2497 3870 2559 3922 τὸ
2581 3870 2795 3923 στάδιον
2824 3870 2924 3935 τῆς
2954 3870 3290 3941 Ἐκκλησίας
3314 3870 3592 3941 είσήλθετε,
3620 3869 3692 3938 ἥδη

2156 3965 2321 4036 ἀρκεῖ
2340 3963 2498 4016 τοῦτο
2527 3962 2658 4032 ὑμῖν
2691 3964 2770 4025 είς
2800 3963 3080 4034 σωτηρίαν
3101 3978 3115 3990 °
3146 3962 3342 4034 ὥσπερ
3369 3964 3482 4017 οὐδὲ
3509 3962 3692 4022 ἐκείνοις

2156 4055 2218 4107 τὸ
2269 4053 2484 4124 τρέχειν
2537 4053 2746 4117 ἁπλῶς,
2825 4054 2874 4106 εί
2923 4053 2999 4123 μὴ
3084 4053 3452 4124 προσγένηται
3511 4053 3590 4103 καὶ
3632 4048 3692 4109 τὸ,

2158 4143 2488 4213 ἀμέμπτως,
2521 4144 2613 4196 καὶ
2655 4143 2716 4194 τὸ
2745 4142 2906 4213 μέχρι
2954 4143 3258 4213 τέρματος.
3307 4145 3397 4196 Διὺ
3442 4143 3526 4196 καὶ
3573 4139 3694 4210 μόνος

2157 4233 2426 4303 λαμϐάνει
2459 4235 2519 4287 τὸ
2547 4232 2844 4306 βραϐεῖονὸ
2881 4233 3024 4287 οὕτω
3053 4233 3282 4304 δραμών
3320 4237 3396 4267 “-
3428 4237 3550 4304 ὅπερ
3573 4232 3695 4300 ὑμεῖς

2160 4327 2505 4382 κινδυνεύετε
2533 4329 2608 4401 μὴ
2637 4327 2844 4390 λαϐεῖν,
2869 4327 2957 4382 διὰ
2991 4327 3091 4398 τὴν
3120 4326 3436 4398 τελειότητα
3464 4329 3602 4399 δῆθεν
3620 4323 3695 4390 τῆς

2161 4419 2417 4489 γνώσεως
2446 4419 2918 4490 καταφρονοῦντες
2968 4419 3079 4472 τῶν
3113 4417 3383 4490 ἀδελφῶν,
3412 4421 3501 4477 καὶ
3525 4417 3615 4470 τῶν
3635 4416 3696 4467 εί·

467 4511 679 4570 scilicet
743 4507 1135 4579 perfectionem
1189 4503 1394 4560 fratres
1461 4505 1835 4572 contemnitis,
1883 4503 2050 4560 idolo-

2165 4513 2486 4568 δωλοθύτων
2514 4515 2538 4566 ὲ
2549 4513 2758 4585 μφορού
2767 4529 2940 4584 μενοι.

471 4603 747 4676 tbytisque
773 4601 1071 4656 larcimini.

544 4692 706 4749 Vens.
746 4691 951 4758 24,25.
997 4711 1016 4745 ι
1060 4692 1152 4748 Sic
1199 4691 1430 4755 currite,
1461 4699 1522 4746 ut
1554 4690 2058 4761 comprehendatis.

469 4786 662 4846 Omnis
693 4795 872 4841 autem
904 4785 995 4856 qui
1024 4794 1221 4848 certat,
1256 4785 1323 4839 ab
1356 4785 1612 4840 omnibus
1646 4800 1706 4839 se
1733 4784 1993 4840 abstinet.
2033 4801 2052 4834 ι

468 4881 713 4945 Debetis,
758 4878 958 4950 inquit,
1009 4892 1257 4942 currere,
1309 4895 1327 4930 ι
1383 4887 1443 4933 ιιι
1488 4877 1988 4948 compreheudatis.
2036 4895 2054 4928 ι

459 4971 588 5026 Hoc
625 4977 808 5024 autem
849 4969 969 5023 sine
1019 4967 1286 5022 cbaritate
1333 4983 1437 5024 non
1478 4967 1570 5032 ﬁt,
1615 4985 1777 5039 quam
1819 4984 1912 5023 vos
1955 4984 2059 5022 uou

471 5062 708 5127 habetis,
731 5060 947 5117 etiamsi
979 5060 1247 5130 perfectos
1281 5076 1376 5118 vos
1411 5063 1634 5134 putetis,
1667 5063 1810 5132 quod
1838 5063 2064 5117 minime

473 5157 628 5213 vobis
665 5153 898 5226 contigit
934 5170 950 5208 :
987 5155 1226 5208 nondum
1261 5156 1404 5210 enim
1461 5155 1924 5226 apprelteudistis.
1975 5155 2062 5208 lu-

469 5261 650 5304 nuens
687 5257 866 5302 autem
917 5245 1061 5316 quod
1091 5245 1258 5301 multa
1289 5246 1372 5303 eis
1414 5249 1661 5313 deerant,
1691 5247 1893 5318 quippe
1916 5247 2058 5317 quod

471 5342 621 5413 gula,
654 5349 710 5395 et
739 5338 1052 5406 fornicatio,
1079 5349 1134 5395 ct
1163 5340 1404 5397 ebrietas
1431 5340 1574 5412 apud
1605 5355 1702 5397 eos
1729 5340 2054 5410 regnabant,

2242 4715 2259 4748 ι
2289 4695 2446 4749 Οὕτω
2475 4693 2720 4766 τρέχετε,
2739 4694 2828 4748 ἵνα
2854 4695 3227 4767 καταλάϐητε.
3266 4697 3379 4759 Πᾶς
3405 4693 3457 4746 δὲ
3487 4691 3512 4744 ὁ
3541 4691 3697 4757 ἀγωνία

2161 4787 2412 4857 ζόμενος,
2462 4787 2641 4841 πάντα
2705 4787 3122 4859 ἐγκρατεύεται.
3162 4807 3180 4839 ι
3254 4786 3542 4856 Ὀφείλετε.
3575 4781 3696 4850 φησὶ.

2157 4882 2394 4953 τρέχειν,
2438 4897 2458 4933 ι
2494 4880 2582 4932 ἵνα
2607 4879 2978 4950 καταλάϐητε.
3023 4899 3042 4932 ι
3102 4879 3274 4934 Τοῦτο
3332 4880 3388 4932 δὲ
3431 4875 3584 4948 χωρὶς
3623 4871 3698 4938 τῆς

2158 4974 2380 5044 ἀγάπης
2417 4975 2480 5028 οὐ
2503 4973 2740 5039 γίνεται,
2787 4975 2855 5044 ἢν
2906 4974 3065 5044 ὑμεῖς
3093 4974 3193 5026 οὐκ
3234 4973 3384 5044 ἔχετε
3406 5013 3420 5039 ,
3451 4973 3494 5023 εξ
3526 4967 3608 5021 καὶ
3634 4982 3700 5015 τε-

2158 5065 2337 5130 λείους
2365 5067 2596 5129 ὲαυτοὺς
2623 5064 2872 5135 νομίζετε
2890 5081 2904 5096 °
2933 5067 3070 5137 ὅπερ
3095 5066 3195 5120 οὐκ
3227 5066 3372 5118 ἔστιν
3391 5081 3404 5094 ·
3442 5061 3580 5115 οὔπω
3615 5058 3698 5125 γὰρ

2160 5157 2513 5213 κατελάϐετο.
2557 5159 2940 5228 Αίνιττόμενος
2965 5159 3044 5224 δὲ,
3070 5160 3154 5212 δτι
3183 5158 3326 5211 κατὰ
3373 5155 3532 5210 πολλὰ
3558 5149 3696 5204 ἐλλείο

2167 5268 2332 5304 ποντο
2359 5249 2420 5324 [ι’.
2449 5249 2675 5323 nam],
2712 5251 2805 5305 ἅτε
2838 5250 3289 5322 γαστριμαργίας
3331 5251 3389 5302 ἐν
3421 5248 3588 5308 αὐτοῖς
3625 5244 3699 5311 ip:

2168 5343 2620 5414 πολιτευομένης,
2666 5345 2759 5397 καὶ⁵
2801 5345 3082 5414 πορνείας,
3122 5345 3217 5398 καὶ
3243 5343 3434 5415 μέθης,
3460 5339 3603 5410 φησὶν
3636 5335 3698 5385 ὅτι

1818 5477 2017 5540 Varia)
2052 5477 2380 5541 lectiones.

545 5608 567 5641 ⁸
603 5603 708 5674 ἀφ’
747 5618 801 5658 o.
890 5602 954 5675 ,⁸⁸
997 5603 1241 5675 κερδήσω
1269 5621 1324 5660 o.
1436 5606 1476 5638 ”
1508 5605 1696 5660 πονεῖν
1723 5619 1798 5658 ro.

1910 5604 1953 5636 ¹²
1981 5604 2107 5667 τοὺς
2139 5602 2495 5668 διδάσκοντας
2552 5619 2626 5658 m.

2733 5603 2775 5635 ¹³
2806 5576 3038 5670 ἐκείνοις
3094 5603 3168 5675 τρ-
3202 5603 3444 5675 δραμεῖν.
3489 5587 3699 5652 dna-risi

473 5683 571 5736 καὶ
607 5672 803 5746 μέχρις
843 5673 1007 5728 αὑτοῦ
1040 5672 1420 5748 τοῦβραϐείω
1444 5675 1716 5738 σπεύδειν,
1755 5676 1851 5728 καὶ
1876 5673 2056 5748 πάντα
2087 5678 2262 5727 ποιεῖν
2304 5678 2439 5745 πρὸς
2473 5675 2534 5727 τὸ
2561 5675 2745 5748 ’τοῖτο
2769 5675 3082 5748 λαϐεῖνηιιι.
3124 5672 3191 5727 Ut
3234 5672 3544 5748 :siutplicitcr
3592 5677 3690 5748 cur;

473 5759 594 5805 rant
636 5762 654 5810 ;
707 5749 799 5800 sed
829 5755 1026 5818 oportet
1062 5758 1116 5802 ut
1167 5746 1332 5820 usque
1364 5748 1432 5802 ad
1482 5749 1736 5804 bratteam
1783 5746 2085 5818 perveniant

475 5837 587 5890 νει,
621 5827 725 5875 etc.

2139 5727 2481 5816 ;omni;tqite
2545 5727 2749 5816 faciant
2808 5727 2889 5799 ﬁndi
2946 5727 3080 5800 illud
3134 5727 3479 5816 accipiendum
3531 5727 3693 5804 ἰσιοά

3809 161 3813 310 l
