3874 6636
193 381 288 447 δτι
893 363 1307 430 EXPOSITIO
1347 361 1433 424 IN
1474 361 1718 424 EPIST.
1753 361 1761 417 ἶ

1877 360 1926 420 D
1969 359 2142 423 COR.
2175 375 2244 397 -δ
2280 359 2440 422 CAP.
2475 357 2548 419 Χ.
3313 348 3426 418 (78

196 513 211 542 ι
249 492 302 543 '0
326 481 732 558 ἀγωνιζόμενος,
762 479 939 534 πάντα
971 476 1370 550 ἐγκρατεύεται
1395 491 1408 506 ο
1438 494 1456 527 ι
1498 474 1559 528 ού
1582 471 1738 526 τοῦδε

1877 472 1969 527 deo
2003 471 2135 526 dicit
2163 489 2178 526 :
2217 489 2235 522 ι
2276 469 2377 537 Qui
2409 478 2604 532 certat,
2643 462 2710 521 ab
2738 463 2996 520 omnibus
3023 477 3081 518 se
3108 463 3367 531 abstinet,
3401 483 3423 518 ι

191 586 277 658 μὲν
299 557 638 651 ἀπεχόμενος,
667 574 760 630 τοῦ
790 574 846 628 δὲ
871 571 932 628 οὗ
960 573 1028 637 ίδ,
1054 572 1190 626 άλλά
1217 571 1458 624 πάντων.
1475 568 1739 636 Ἐπίγνω-

1881 581 1950 620 on
1997 565 2064 620 ab
2097 565 2203 620 hoc
2232 564 2336 620 sibi
2399 573 2731 632 temperans,
2767 561 2834 614 ab
2877 557 2970 613 illo
2998 573 3128 613 vero
3157 573 3300 626 non;
3330 557 3430 614 sed

185 651 235 731 τε
249 673 351 736 οὖν,
381 671 536 724 πόσον
561 667 841 734 λείπεσθε,
896 669 992 721 καὶ
1028 665 1230 737 μάθετε
1279 663 1372 716 τδν
1406 662 1607 733 τρόπον
1669 658 1736 712 δι’

1877 659 1908 714 b
1951 658 2224 714 omnibus.
2250 656 2547 726 Agnoscite
2577 654 2743 726 igitur
2775 663 3041 725 quantum
3072 652 3229 708 vobis
3257 651 3427 716 desit,

185 762 236 824 οὗ
266 761 746 837 στεφανωθήσεσθε,
784 762 955 834 ἧγουν
995 756 1485 832 ἐγκρατευόμενοι.

1879 753 2142 823 isciteqtte
2182 753 2401 806 modum
2449 766 2544 821 per
2593 765 2756 820 quem
2812 748 3173 813 coronemini,
3237 761 3432 819 nempe

1838 846 1883 900 si
1919 855 2286 916 temperantes
2316 843 2463 898 silis.

251 963 268 997 ι
309 941 524 996 Ἐκεῖνοι
550 937 650 1010 μὲν
681 933 796 1000 οὖν,
845 935 931 990 ἵνα
961 935 1206 1007 φθαρτὸν
1235 935 1502 1002 στέφανον
1533 927 1739 983 ἀπολά-

1918 956 1936 989 ι
1973 939 2057 994 llli
2111 937 2356 1008 quidem,
2408 946 2466 991 ut
2523 933 2932 1004 corruptiltilem
2985 951 3243 992 coronam
3291 934 3436 992 acci-

185 1039 328 1092 6umv
350 1051 364 1065 ’
393 1035 549 1104 ἡμεῖς
583 1031 640 1084 δὲ
668 1021 965 1102 ἄφθαρτον.
1001 1048 1021 1081 ι
1089 1023 1474 1098 Ἐντρεπτικδς
1505 1023 1534 1075 ό
1578 1021 1738 1090 λόγος

1877 1032 2031 1097 tiant,
2075 1045 2176 1086 nos
2223 1045 2352 1085 vero
2384 1026 2877 1098 incorruptibilem.
2927 1046 2946 1077 ι
2985 1028 3176 1082 Sermo
3207 1027 3296 1083 hic
3331 1041 3431 1096 pu-

183 1126 344 1192 οὗτος·
367 1128 417 1180 ετ
443 1142 506 1194 γε
539 1126 739 1177 ἐκεῖνοι
769 1123 929 1176 ἕνεκα
967 1119 1208 1193 φθαρτοῦ
1243 1119 1510 1189 στεφάνου
1535 1117 1741 1186 ἐγκρα-

1882 1138 2033 1177 orem
2095 1121 2328 1178 faciens.
2401 1119 2686 1190 Siquidem
2745 1119 2825 1174 illi
2881 1119 2952 1174 ob
3022 1120 3433 1190 corruptibilem

180 1225 434 1278 τεύονταιο
472 1220 638 1291 ἡμεῖς
694 1217 750 1270 δὲ
803 1217 960 1271 τοῦτο
1000 1216 1060 1269 ού
1126 1211 1392 1286 ποιοῦμεν
1427 1211 1592 1264 ἓνεκα
1643 1206 1738 1262 τοῦ

1877 1235 2103 1276 oronam
2157 1218 2429 1274 abstinent
2477 1233 2492 1271 :
2528 1231 2628 1272 nos
2667 1229 2796 1270 vero
2825 1215 2929 1272 hoc
2962 1230 3069 1269 non
3106 1214 3336 1270 facimus
3363 1217 3434 1270 ob

182 1316 450 1387 ἀφθάρτου.
700 1315 735 1378 ἕ

1877 1311 2348 1382 ncorruptibilem.
2784 1365 2786 1367 .

245 1427 262 1459 t
310 1405 444 1474 Ἐγὼ
474 1405 654 1458 τοίνυν
691 1403 837 1456 οὕτω
889 1402 1072 1474 τρέχω
1105 1399 1179 1458 ὼς
1209 1399 1311 1453 οὐκ
1349 1396 1582 1466 ἀδήλως.
1616 1413 1636 1447 ι
1676 1391 1741 1445 Τί

1922 1401 2085 1457 Vsus.
2112 1397 2225 1458 '26.
2269 1420 2288 1453 ι
2328 1401 2442 1472 Ego
2489 1401 2655 1472 igitur
2703 1399 2782 1455 sic
2812 1413 2994 1465 curro,
3045 1413 3150 1452 non
3182 1395 3337 1466 quasi
3382 1396 3437 1449 itt

181 1502 282 1552 ἐστι
316 1497 393 1561 τὸ,
461 1516 482 1548 ι
517 1497 635 1552 Ούκ
672 1497 922 1567 ἀδὴλωςς
955 1515 974 1546 ι
1010 1493 1272 1548 Τουτὲστι
1301 1533 1316 1555 ,
1363 1491 1547 1544 Πάντὰ
1603 1485 1742 1557 μετὰ

1877 1507 2137 1554 ncertnm.
2175 1517 2193 1550 ›
2216 1495 2355 1563 Quid
2381 1505 2490 1562 est,
2525 1515 2546 1548 ‹
2569 1495 2686 1552 Non
2715 1496 2767 1550 in
2799 1492 3128 1550 incertum?»
3162 1492 3306 1547 Istud
3334 1499 3439 1554 est,

181 1588 362 1643 σκοποῦ
398 1588 560 1652 ποιῶ,
596 1587 692 1642 καὶ
721 1586 1093 1657 περιτέμνων,
1131 1585 1226 1638 καὶ
1281 1581 1601 1652 ξυρόμενος,
1647 1577 1743 1631 καὶ

1877 1591 2031 1645 »ιιιιιίε
2058 1589 2112 1644 in
2139 1600 2348 1644 certum
2381 1603 2604 1657 SCOlem
2627 1587 2825 1658 dirigo,
2855 1602 2978 1642 cum
3007 1583 3431 1648 circumcidens,

181 1682 312 1735 οὐδὲν
339 1680 460 1749 είκῆ
493 1681 588 1734 καὶ
623 1680 824 1750 μάτην,
858 1676 1049 1748 ὥσπερ
1086 1676 1265 1746 ὑμεῖς.
1295 1673 1391 1737 Τίς
1415 1673 1525 1744 γὰρ
1553 1671 1582 1724 ό
1619 1686 1744 1724 67.0-

1877 1699 1964 1738 um
2006 1698 2183 1748 rasus,
2216 1682 2463 1753 nihilque
2518 1690 2727 1738 temere
2767 1696 2832 1735 ac
2881 1679 3085 1736 frustra
3125 1679 3440 1744 admittens,

180 1775 263 1837 πὸς
284 1773 369 1829 τοῦ
392 1774 458 1828 τὰ
485 1773 807 1827 εἰδωλόθυτα
838 1770 1060 1836 ἐσθίειν,
1082 1768 1286 1838 ἐτέρων
1319 1763 1740 1835 ἀπολλυμένων;

1877 1773 2308 1845 ιιιεηιιιιιιιιοιίιιιιι
2378 1787 2500 1828 vos.
2555 1772 2691 1839 Quis
2746 1770 2892 1826 enim
2939 1785 3137 1840 scepus
3179 1777 3264 1822 est
3314 1783 3443 1822 esus

181 1869 346 1932 03851;
369 1866 611 1929 πάντως.
637 1865 804 1918 Ὥστε
830 1863 1040 1932 ἀλόγως
1065 1860 1353 1923 ποιοῦντες
1381 1858 1539 1930 ὑμεῖς
1560 1855 1740 1918 τοῦτο,

1877 1866 2012 1922 dolis
2059 1865 2390 1930 oblatarum,
2455 1863 2580 1920 aliis
2639 1864 2766 1918 inde
2822 1839 3215 1932 pereuntibus?
3263 1861 3446 1915 nullus

180 1960 368 2031 ἀδήλως
392 1960 618 2030 τρέχετε
657 1957 754 2011 καὶ
784 1955 1066 2021 ἀσκόπως,
1123 1953 1220 2008 καὶ
1251 1952 1454 2024 μάτην.
1504 1949 1592 2012 Ὠς
1625 1948 1752 2020 ἄρι-

1877 1959 2110 2015 ιιηιιῖιιο.
2144 1957 2386 2013 Proinde
2432 1956 2571 2012 citra
2604 1955 2870 2010 rationem
2902 1969 3000 2009 vos
3022 1955 3125 2009 hoc
3155 1953 3444 2016 facientes,

182 2069 287 2116 στος
317 2052 370 2105 δὲ
414 2048 760 2114 διδάσκαλος,
806 2047 1003 2102 ἑαυτὸν
1057 2047 1138 2110 εἰς
1198 2043 1261 2098 τὸ
1318 2043 1484 2116 μέσον
1534 2040 1752 2112 τίθησιν

1877 2051 2378 2118 :urritisiiucerte,
2433 2049 2702 2121 [citraque
2775 2062 3026 2118 scopum,
3089 2055 3147 2102 et
3211 2045 3445 2102 frustra.

183 2147 495 2217 ὑπόδειγμα.
1855 2133 2058 2216 Optinii
2090 2158 2225 2233 vero
2248 2142 2600 2214 prmeeptoris
2640 2141 2820 2197 instar
2848 2140 3084 2212 seipsum
3112 2138 3165 2195 in
3202 2139 3444 2195 medium

1857 2236 2070 2300 statuit,
2097 2235 2332 2304 exempli
2365 2235 2508 2289 vice.

249 2343 265 2374 ι
302 2321 456 2377 Οὖτω
484 2320 764 2386 πυκτεύω,
792 2318 866 2384 ὠς
889 2319 988 2372 οὐκ
1009 2316 1149 2389 ἀέρα
1181 2315 1379 2388 δέρων.
1412 2331 1430 2365 ι
1474 2311 1623 2382 Ἕχω
1645 2309 1754 2381 γὰρ

1935 2350 1955 2384 ι
1999 2329 2094 2386 Sic
2159 2343 2361 2400 pugno,
2425 2343 2534 2384 non
2582 2325 2741 2399 quasi
2808 2339 2990 2382 aerem
3041 2323 3362 2380 verberans.
3419 2341 3443 2374 ι

179 2415 231 2470 ὃν
255 2414 455 2485 πλήξω,
516 2416 784 2475 τουτέστι,
830 2413 920 2465 τὸν
955 2410 1204 2465 διάϐολον
1231 2427 1246 2442 ο
1281 2413 1442 2482 ὑμεῖς
1475 2409 1532 2463 δὲ
1586 2407 1752 2462 αὑτὸν

1877 2424 2046 2481 :labeo
2078 2423 2224 2479 enim
2287 2437 2444 2493 quem
2485 2423 2697 2488 feriam,
2746 2435 2945 2489 nempe
2994 2417 3294 2472 diabolum.
3336 2413 3444 2469 Vos

179 2509 232 2562 οὗ
261 2509 544 2578 πλήττετε,
570 2506 706 2561 ἀλλά
738 2506 915 2578 μάτην
939 2507 1006 2576 τῇ
1030 2504 1332 2575 τελειότητι
1364 2503 1466 2574 τῆς
1498 2503 1756 2591 γνώσεως

1877 2529 2040 2574 intem
2075 2517 2251 2588 ipsum
2294 2531 2405 2571 non
2455 2515 2650 2579 teritis.
2681 2515 2773 2572 sed
2806 2514 3011 2569 frustra
3045 2511 3286 2569 scirntirc
3321 2524 3451 2582 per-

182 2600 460 2672 κέχρησθε.

1877 2610 2097 2668 'cctione
2123 2610 2202 2665 usi
2248 2608 2404 2664 estis.
3421 2613 3425 2618 '

248 2715 264 2747 t
311 2698 448 2750 Ἀλλ’
485 2695 790 2760 ὑπωπιάζω
823 2712 922 2766 μου
947 2693 1008 2748 τὸ
1035 2691 1329 2764 σῶμα,καὶ
1362 2684 1750 2760 δουλαγωγῶ.»

190 2776 443 2844 Ἐνταῦθα
468 2790 724 2858 ἐμφαίνει
751 2788 949 2852 αὐτοὺς
966 2788 1063 2841 καὶ
1082 2785 1502 2858 γαστριμαργίᾳ
1529 2801 1760 2855 κατεχο-

184 2883 390 2950 μένους,
431 2885 525 2937 καὶ
557 2883 832 2955 προφάσει
873 2880 1214 2952 τελειότητος
1263 2878 1471 2950 ταύτην
1518 2878 1758 2950 ὲκθεραυ

181 2977 457 3041 πτύοντας.
493 2977 713 3046 Ἔγωγε
743 2975 950 3040 τοίνυν,
1007 2975 1166 3046 φησι,
1218 2972 1399 3026 πάντα
1429 2973 1591 3026 πόνον
1626 2973 1760 3025 ύποο

184 3070 336 3139 μένω,
381 3069 526 3124 ὥστε
594 3068 888 3139 σωφρόνως
941 3066 1064 3138 ζῇν.
1123 3084 1142 3118 ι
1196 3063 1535 3128 Ὑπωπιάζω
1569 3082 1587 3116 ι
1627 3064 1758 3134 γὰρ,

179 3163 439 3229 τουτέστι,
473 3159 731 3214 πυκτεύω
762 3159 898 3230 πρὸς
940 3160 1000 3211 τὸ
1031 3157 1192 3228 σῶμα
1214 3173 1227 3188 ο
1267 3157 1495 3209 ὑπώπια
1527 3154 1637 3226 γὰρ
1673 3155 1756 3208 λέ-

1937 2721 2105 2776 Vsus.
2129 2720 2221 2774 ‘27.
2263 2739 2283 2773 ι
2329 2718 2528 2775 Verum
2570 2719 2779 2789 castigo
2817 2733 3015 2788 corpus
3047 2702 3252 2781 meum,
3303 2723 3359 2771 et
3395 2716 3451 2772 in

1863 2818 2182 2874 servitutem
2220 2814 2429 2884 redigo.
2468 2831 2486 2864 ι
2521 2795 2622 2868 Hic
2653 2811 2858 2867 indicat
2888 2825 2984 2866 eos
3019 2819 3128 2865 tum
3163 2809 3456 2880 gulositate

1861 2909 2138 2971 detentos,
2185 2914 2298 2959 tum
2351 2919 2470 2960 eam
2521 2901 2874 2972 perfectionis
2928 2911 3194 2974 pra-textu
3250 2900 3457 2957 fovere.

1864 3001 1976 3072 Ego
2018 3000 2206 3069 igitur,
2256 2997 2457 3065 inquit,
2498 3004 2740 3051 omnem
2777 2995 3024 3051 sustineo
3076 2994 3344 3062 laborem,
3397 3004 3459 3049 ιιι

1863 3093 2048 3150 sobrie
2107 3091 2310 3145 vivam.
2349 3087 2693 3153 ’Υπωπιάζω
2753 3087 2888 3160 γὰρ,
2943 3087 3051 3143 hoc
3113 3096 3222 3153 est,
3274 3103 3462 3158 pugno

692 3181 731 3212 ω
762 3181 898 3230 προς
940 3181 1000 3211 το
1031 3181 1192 3228 σωμα
1214 3181 1227 3188 ⁷
1267 3181 1495 3209 υπωπιυι
1673 3181 1756 3208 AB"

692 3256 704 3270 ο
810 3253 961 3270 ιΛς
1054 3255 1066 3270 ι
1261 3251 1302 3270 νο
1401 3268 1457 3270 κα
1510 3249 1628 3270 0.1..
1685 3247 1755 3270 ,9.

1877 3193 2084 3252 contra,
2149 3197 2370 3254 corpus,
2443 3181 2685 3236 Υπὼπια
2715 3181 2860 3237 enim
2918 3181 3184 3251 dicuntur
3213 3182 3459 3245 vulnera,

183 3259 354 3325 γονταὶ
389 3260 456 3311 τά
488 3257 594 3310 ὑπὸ
626 3256 753 3319 τοὺς
799 3253 1115 3324 ὀφθαλμοὺς
1165 3251 1484 3324 τραύματα,
1508 3249 1545 3304 ἃ
1572 3252 1630 3303 ἐν
1682 3249 1761 3320 τῷ

1877 3294 1987 3349 quae
2023 3249 2123 3334 sub
2157 3249 2342 3332 oculos
2375 3275 2694 3347 infliguntur
2717 3314 2734 3341 ,
2773 3249 2920 3329 dum,
2949 3277 3146 3344 pugnis
3179 3275 3463 3330 contendi-

184 3352 468 3406 πυκτεύειν
500 3351 762 3420 ἐγίνοντο.
798 3348 902 3400 Τὸν
940 3345 1034 3400 οὖν
1088 3345 1278 3414 ἀγῶνα
1333 3344 1424 3397 τὸν
1475 3341 1644 3396 πολὺν
1673 3341 1761 3395 τὸν

1877 3341 1982 3426 ιίιιδ.
2016 3369 2305 3425 Certamen
2349 3341 2522 3438 igitur
2548 3365 2695 3437 quod
2725 3375 2810 3420 est
2849 3341 3010 3436 17⁷
3029 3341 3316 3420 adversus
3359 3381 3460 3418 na-

187 3447 309 3517 πρὶς
339 3445 443 3516 τὴν
493 3443 658 3514 φύσιν
711 3441 971 3495 δείκνυσι.
1031 3437 1302 3508 Τυραννὶς
1337 3434 1448 3505 γὰρ
1507 3434 1761 3505 μεγίστη,

1877 3472 2076 3525 turam,
2153 3474 2412 3530 magnum
2481 3473 2604 3516 esse
2677 3457 2902 3513 indicat.
2976 3455 3247 3528 Tyraunis
3315 3457 3460 3511 enim

186 3543 271 3593 καὶ
293 3537 616 3603 ἀντίπαλος,
659 3535 817 3606 φησι,
861 3534 1038 3606 μέγας
1064 3532 1180 3584 ἐστι
1209 3529 1271 3583 τὸ
1302 3529 1484 3600 σῶμα.
1528 3528 1680 3581 Ἐπεὶ
1709 3527 1761 3580 δὲ

1877 3553 2110 3607 maxima
2156 3559 2245 3606 est
2280 3552 2553 3620 corporis,
2603 3558 2659 3605 et
2694 3527 3063 3612 adversarius,
3121 3547 3316 3615 inquit,
3345 3563 3464 3602 ma-

190 3631 371 3699 εἷπεν,
433 3649 452 3683 ι
491 3626 853 3694 ’Υπωπιάζω,
887 3644 906 3678 ι
974 3626 1070 3680 καὶ
1113 3622 1450 3696 τραυμάτων
1494 3622 1761 3693 ἐμνήσθη,

1877 3659 2035 3715 guns,
2089 3643 2266 3714 ipsum
2322 3657 2546 3712 corpus.
2595 3640 2891 3710 Postquam
2924 3654 3080 3704 vero,
3121 3657 3138 3690 ι
3183 3637 3400 3710 Pugno,
3433 3659 3454 3692 ι

190 3727 430 3799 ἐπήγαγε
463 3723 744 3794 συντόμως
764 3738 779 3752 ο
833 3738 851 3773 ι
879 3720 988 3774 Καὶ
1017 3717 1348 3787 δουλαγωγῶ
1368 3734 1383 3747 °
1423 3717 1512 3771 ἶνα
1565 3714 1761 3786 μάθῃς,

1877 3736 2130 3802 dixisset,
2174 3743 2232 3790 et
2260 3736 2548 3789 vulnerum
2605 3734 2935 3789 mentionem
2983 3731 3227 3797 fecisset,
3275 3733 3465 3789 statim

190 3818 266 3870 δτι
297 3819 399 3871 οὐκ
426 3817 618 3886 ἄγχειν
650 3812 784 3867 αὐτὸ
812 3811 914 3876 δεῖ,
942 3809 1059 3864 ἀλλ’
1078 3809 1153 3874 ὡς
1179 3809 1365 3862 δοῦλον
1397 3807 1761 3879 ἀφηνιάζοντα

1877 3827 2080 3895 intulit,
2125 3846 2145 3880 ι
2208 3827 2276 3881 Ει
2323 3827 2376 3881 in
2432 3826 2752 3880 servitutem
2807 3826 2996 3890 redigo
3032 3843 3048 3880 :
3091 3843 3111 3878 ι
3169 3833 3228 3879 ιιι
3267 3825 3453 3881 discas

192 3911 592 3974 καταστέλλειν,
619 3908 715 3962 καὶ
753 3906 1086 3960 ύποτάσσειν
1113 3920 1128 3935 ·
1168 3903 1196 3957 ὂ
1231 3903 1488 3956 δεσπότου
1519 3903 1656 3966 ἐστὶ,
1678 3899 1774 3955 καὶ

1875 3922 2020 3994 quod
2064 3937 2170 3978 non
2201 3931 2416 3992 oportet
2447 3921 2794 3992 strangulare
2835 3920 3009 3990 ipsum
3043 3922 3126 3976 vel
3157 3920 3467 3990 suffocare;

194 4006 250 4058 οὐ
282 4006 563 4076 πολεμίου.
622 3999 780 4064 Τινὲς
828 3999 907 4065 δὲ,
947 4017 965 4049 ι
1013 3998 1354 4062 Ὑπωπιὰζω
1388 3997 1452 4062 ⁸⁵,
1525 3993 1772 4048 ἰδικώτε-

1877 4017 1974 4073 sed
2025 4015 2192 4070 veluti
2237 4015 2499 4072 eﬂ’renem
2532 4029 2750 4070 servum
2797 4014 3087 4070 ltumiliare
3131 4025 3298 4086 atque
3334 4018 3466 4070 sub~

197 4116 285 4170 ρον
319 4101 567 4172 εἰρῆσθαι
612 4098 847 4158 νοοῦσιν.
878 4093 1004 4152 ἀντὶ
1061 4094 1178 4160 τοῦ,
1240 4091 1398 4164 Λιμῷ
1427 4089 1761 4162 παραδίδωμι

1879 4110 2044 4176 dere;
2078 4109 2221 4177 quod
2280 4107 2482 4163 domini
2537 4115 2646 4172 est,
2693 4119 2799 4160 non
2831 4106 3022 4162 hostis.
3056 4105 3311 4162 Nonnulli
3351 4123 3474 4162 ver-

197 4193 368 4247 τοῦτο.
399 4193 576 4265 Ὅπερ
605 4192 706 4247 ούκ
748 4190 931 4245 ἔστιν*
969 4189 1119 4242 ὑποπ
1145 4187 1250 4252 έζω
1275 4187 1405 4256 γὰρ,
1435 4182 1667 4254 ὠφειλεν
1695 4179 1761 4236 εἷς

1881 4204 2007 4258 bum
2067 4200 2432 4267 Ὑπωπιάζω,
2511 4199 2953 4270 magis'proprie
3003 4200 3207 4256 dictum
3257 4212 3471 4272 ptttant,

200 4301 306 4340 ναι.
1885 4309 1980 4365 pro
2019 4307 2084 4348 eo
2118 4294 2263 4364 quod
2310 4304 2418 4359 est,
2453 4291 2581 4365 fami
2616 4291 2771 4346 trado
2802 4305 3003 4361 corpus
3033 4310 3232 4349 meum.
3272 4291 3472 4350 Verum

1883 4401 1948 4440 ea
2017 4385 2411 4456 interpretatio
2467 4383 2668 4438 nullius
2718 4392 2802 4438 est
2844 4387 3152 4442 momenti:
3195 4397 3479 4457 oporteret

1884 4476 2027 4532 enim
2064 4492 2187 4532 esse
2231 4476 2570 4541 ’Υποπιέζω

279 4574 298 4609 ι
334 4556 543 4628 Μήπως
570 4555 747 4618 ἄλλοις
794 4552 1060 4626 κηρύξας,
1111 4551 1274 4615 αὐτὸς
1321 4550 1580 4622 ἀδόκιμος
1608 4549 1761 4620 γένωι

1963 4583 1983 4617 ι
2031 4565 2108 4622 Νε
2154 4581 2264 4636 quo
2314 4567 2496 4634 modo,
2549 4583 2670 4622 cum
2726 4568 2849 4623 aliis
2880 4567 3324 4638 prtedicaverint,
3361 4569 3479 4640 ipse

212 4665 328 4717 μαι.
362 4668 382 4702 ›
425 4650 530 4703 Καὶ
554 4649 642 4703 διὰ
665 4646 856 4702 τούτου
885 4645 1363 4717 νηφαλαιωτέρους
1399 4642 1465 4716 [ι’.
1493 4674 1561 4685 —-
1590 4640 1761 4712 λεωτ.ξ

1888 4663 2155 4730 reprobus
2189 4658 2416 4716 elliciar.
2451 4678 2469 4712 ι
2492 4660 2599 4715 Per
2631 4661 2736 4717 hoc
2765 4663 2928 4716 etiam
2958 4677 3053 4718 eos
3073 4663 3246 4734 magis
3268 4664 3482 4720 sobrios

208 4743 399 4806 αὐτοὺς
441 4745 602 4796 ποιεῖ.
638 4741 701 4794 El
742 4739 850 4812 γὰρ
899 4739 1043 4809 ἐμοὶ,
1089 4737 1276 4808 φησιν,
1307 4737 1406 4790 οὐκ
1434 4736 1595 4807 ἀρκεῖ
1645 4735 1761 4805 πρὸς

1879 4752 2080 4808 reddit.
2101 4751 2158 4807 Si
2183 4753 2326 4809 enim
2353 4754 2508 4820 mihi,
2526 4755 2724 4823 inquit,
2752 4769 2859 4809 non
2884 4754 3018 4810 satis
3045 4757 3210 4810 estad
3227 4757 3481 4821 salutem,

213 4833 476 4903 σωτηρίαν
508 4831 569 4885 τὸ
603 4830 840 4902 κηρύξαι
874 4829 972 4884 καὶ
1001 4829 1234 4894 διδάξαι,
1271 4829 1320 4881 εί
1350 4827 1426 4898 μὴ
1455 4826 1543 4880 διὰ
1566 4825 1761 4878 πάντωε

1885 4843 2181 4913 praedicare
2203 4859 2271 4900 ac
2295 4846 2513 4910 docere,
2539 4845 2642 4900 nisi
2659 4847 2926 4916 meipsum
2950 4845 3481 4918 irrepreltensibilem

214 4925 440 4992 ἐμαυτὸν
520 4924 763 4994 ἄληπτον
818 4922 1205 4994 παρασχοίμην
1249 4936 1265 4952 ·
1295 4923 1414 4984 πῶς
1465 4920 1621 4990 ὑμεῖς
1675 4919 1761 4971 ἁπέ

1886 4936 1941 4990 in
1996 4937 2256 4992 omnibus
2295 4937 2583 5004 przebeam
2629 4939 2953 5010 :quomodo
2973 4916 3078 4995 vos
3102 4955 3167 4995 ex
3217 4941 3331 4994 sola
3381 4941 3486 4997 fide

213 5018 316 5087 τῆς
336 5020 561 5082 πίστεως
593 5019 762 5090 μόνης
791 5016 1130 5090 σωθήσεσθε,
1175 5014 1431 5070 τοσοῦτον
1479 5013 1669 5068 παθῶν
1696 5014 1761 5084 ﬁt:

1889 5027 2024 5083 salvi
2049 5029 2226 5096 eritis,
2254 5030 2345 5100 qui
2372 5030 2757 5088 allectionibus
2783 5030 2921 5089 adeo
2943 5032 3344 5090 succumbitis?
3392 5100 3394 5103 _

217 5125 478 5183 τωμένοις

827 5225 1079 5283 ΚΕΦΔΛ.
1110 5223 1168 5282 1’.

2526 5229 2760 5288 CAPUT
2797 5231 2887 5304 χά

306 5356 324 5390 ι
356 5341 425 5393 Ou
461 5340 601 5394 θέλω
619 5341 677 5394 δὲ
710 5340 856 5410 ὑμᾶς
881 5340 1121 5404 ἀγνοεῖν,
1164 5338 1405 5408 ἀδελφοὶ,
1436 5339 1519 5393 ὅτι
1553 5338 1602 5392 οῖ
1627 5337 1761 5392 πατέ

1978 5346 2143 5402 Vens.
2197 5337 2250 5401 1.
2309 5363 2329 5399 ι
2394 5342 2530 5400 Nolo
2580 5353 2762 5400 autem
2809 5359 2908 5402 vos
2957 5343 3228 5415 ignorare,
3265 5341 3490 5413 fratres,

235 5446 320 5494 ρες
349 5432 501 5503 ἡμῶν
530 5431 732 5494 πάντες
761 5430 867 5483 ὑπὸ
891 5430 990 5499 τὴν
1013 5429 1247 5501 νεφέλην
1268 5426 1430 5502 ἦσαν,
1468 5430 1562 5483 καὶ
1595 5431 1761 5483 πάντε

1905 5440 2049 5508 quod
2100 5445 2283 5507 patres
2326 5436 2499 5491 nosui
2553 5449 2744 5492 omnes
2785 5434 2891 5492 sub
2951 5434 3095 5489 nube
3140 5430 3383 5498 fuerunt.
3436 5444 3493 5490 ει

235 5520 316 5576 δια
337 5525 429 5596 τῆς
459 5525 734 5594 θαλάσσης
771 5523 1007 5594 διῆλθον.
1026 5542 1044 5574 ι
1087 5525 1395 5592 Καταλέγει
1422 5525 1604 5578 πόσων
1634 5525 1761 5596 ὴξιιὲ

1907 5546 2100 5589 omnes
2125 5546 2221 5600 per
2245 5544 2398 5585 mare
2428 5528 2788 5584 transierunt.
2819 5545 2839 5580 ι
2867 5527 3495 5597 commemoratquantis

239 5613 393 5687 θησαν
441 5618 658 5692 δωρεῶν
690 5617 742 5671 οί
783 5615 1026 5672 Ἰουδαῖοι
1055 5615 1165 5671 ἀπὸ
1213 5617 1387 5672 Θεοῦ·
1438 5620 1532 5672 καὶ
1560 5618 1761 5676 δείκνυε

1913 5625 2069 5680 donis
2100 5623 2273 5680 Judaei
2313 5634 2345 5675 a
2382 5617 2492 5676 Deo
2541 5616 2728 5676 donati
2767 5619 2917 5687 sint,
2957 5626 3334 5692 monstratque
3375 5631 3498 5688 post

1560 5744 1765 5808 Variis
1809 5744 2141 5810 lectiones.
2191 5817 2193 5820 ι

312 5841 354 5878 ι’
380 5845 567 5900 τούτου
611 5843 658 5901 δ’
691 5844 838 5915 οὓς).
910 5845 960 5881 ’⁸³
993 5843 1054 5901 τδ
1084 5844 1390 5912 ὑπωπιάζω
1432 5863 1503 5904 ιιι.
