3874 6580
171 338 259 404 6‘31
885 333 1293 396 EXPOSITIO
1337 335 1414 395 IN
1451 332 1693 394 EPIST.
1741 332 1763 391 I
1799 333 1898 391 AD
1937 332 2104 393 COR.
2139 355 2207 368 ·-··
2247 331 2406 394 CAP.
2447 334 2519 393 Χ.

3287 333 3392 397 68?.

174 454 259 520 τὴν
288 447 480 519 ἁθρόαν
514 445 693 500 αὐτῶν
722 443 1018 508 ἀπώλειαν,
1049 444 1142 498 καὶ
1169 442 1266 506 τάς
1297 442 1594 514 θεηλάτους
1631 458 1714 495 κο-

1827 455 2009 494 eorum
2045 439 2476 496 destructionem
2525 438 2748 504 indicat,
2784 451 3087 510 poenasque
3131 437 3393 500 divinitus

173 544 338 605 λάσεις
360 539 634 611 ἐμφαίνει.

236 655 253 687 ι
283 633 456 686 Ταῦτα
488 631 546 686 δὲ
564 632 724 686 τύποι
764 633 920 705 ἡμῶν
947 633 1308 705 ἐγενήθησαν,
1337 632 1419 695 εἰς
1449 629 1509 683 τὸ
1540 631 1615 700 μὴ
1648 622 1721 681 εἷ-

170 745 242 780 ναι
285 726 424 796 ἡμᾶς
467 723 816 794 ἐπιθυμητὰς
853 724 963 778 τῶν
1000 725 1212 792 κακῶν,
1247 721 1431 786 καθὼς
1467 722 1712 776 κάκεῖνοι

168 818 514 888 ἐπεθύμησαν.
553 835 572 868 ι
613 818 824 888 Ὥσπερ
883 817 940 870 αἱ
991 817 1307 888 εὐεργεσίαι
1358 814 1520 868 τύποι
1551 808 1715 884 ἦσαν,

165 909 290 964 οὕτω
321 913 410 962 και
441 909 497 961 αἱ
531 909 803 972 κολάσεις.
863 907 1116 963 Δείκνυσι
1147 908 1226 972 δὲ,
1259 909 1358 978 οὐχ
1415 907 1498 960 ὅτι
1549 903 1713 959 κολαο

169 1003 430 1072 σθήσονται
461 1002 644 1070 μόνον,
697 1001 810 1055 ἀλλ’
846 1001 928 1055 ὅτι
987 1003 1082 1056 καὶ
1115 1001 1381 1073 μειζόνως
1426 999 1461 1070 ἢ
1491 1000 1713 1061 ἐκεῖνοι,

165 1097 260 1165 ὅσῳ
310 1095 486 1148 ἐκεῖνα
545 1094 643 1163 μὲν
685 1091 889 1159 τύπος,
949 1093 1125 1148 ταῦτα
1177 1094 1235 1146 δέ
1297 1091 1553 1164 ἀλήθεια.
1602 1090 1713 1142 Καὶ

165 1188 331 1257 ὥσπερ
350 1189 405 1240 ἐν
432 1189 549 1250 ταῖς
568 1187 800 1257 δωρεαῖς
828 1189 861 1258 ἡ
893 1186 1160 1259 ὑπεροχὴ,
1196 1185 1339 1240 οὓτω
1370 1187 1466 1238 καὶ
1493 1185 1551 1238 ἐν
1595 1185 1714 1246 ταῖς

163 1280 443 1334 κολάσεσιν.
475 1278 662 1335 Εἰπὼν
691 1281 770 1344 δὲ,
811 1299 830 1332 ‹
865 1279 1242 1350 Ἐπιουμητάς
1269 1280 1478 1345 κακῶν,
1522 1296 1540 1330 ι
1577 1276 1712 1331 καθ-

168 1368 344 1432 ολικῶς
388 1369 515 1440 περὶ
563 1369 742 1440 πάσης
775 1369 974 1434 κακίας
1001 1369 1170 1438 λέγει,
1199 1368 1390 1436 ἐπειδὴ
1419 1367 1513 1420 καὶ
1561 1366 1714 1420 πᾶσα

161 1462 306 1514 κακία
337 1459 397 1523 ἐξ
427 1458 744 1529 ἐπιθυμῖας.
783 1455 917 1513 Εἶτα
943 1461 1040 1514 κα.)⁸
1085 1458 1208 1513 κατ’
1243 1455 1381 1521 εἶδος
1405 1455 1587 1527 τίθησι
1613 1456 1714 1520 τὰς

160 1551 356 1616 κακίας.
393 1551 457 1604 Τί
496 1552 553 1604 δέ
587 1553 784 1605 ἐκεῖνοι
808 1549 1201 1622 ἐπεϐύμησαν;
1237 1549 1497 1619 Σκόροδα,
1548 1547 1710 1619 κρέα,

156 1644 295 1708 θεοὺς
321 1644 504 1710 ἰδίους,
526 1644 601 1709 ὡς
627 1646 724 1699 καὶ
755 1646 917 1710 αὐτὸς
937 1644 1028 1700 διὰ
1045 1644 1154 1698 τῶν
1185 1642 1311 1713 ἑξῆς
1331 1641 1480 1713 δηλοῖ
1509 1640 1609 1711 τὴν
1636 1642 1713 1694 εί-

157 1737 527 1810 δωλολατρείαν
557 1737 759 1794 αὐτῶν.

214 1933 237 1968 4
263 1914 412 1986 Μηδέ
435 1914 820 1988 εἰδωλολάτραι
844 1916 1081 1984 γίνεσθε,
1125 1915 1306 1980 καθώς
1335 1932 1483 1980 τινες
1509 1914 1710 1983 αὐτῶν,

157 2005 328 2075 ὥσπερ
356 2005 664 2076 γέγραπται
688 2022 703 2037 ο
774 2006 1058 2061 Ἐκάθισεν
1096 2007 1126 2060 ὁ
1173 2006 1300 2071 λαὸς
1349 2010 1563 2078 φαγεῖν,
1619 2007 1716 2062 καὶ

162 2099 307 2164 πιεῖν,
355 2097 452 2150 καὶ
508 2099 814 2168 ἀνέστησαν
857 2099 1114 2164 παίζειν.
1146 2119 1166 2152 ι
1223 2099 1446 2171 Πρῶτον
1509 2099 1715 2154 τούτων

161 2188 642 2244 καθάπτεται-τῶν
674 2192 733 2243 ἐν
767 2191 882 2254 τοῖς
932 2190 1228 2255 εἰδωλείοις
1257 2192 1584 2258 ἐσθιόντων,
1619 2193 1715 2248 καὶ

158 2281 425 2346 δείκνυσιν,
461 2281 543 2334 ὅτι
572 2280 763 2353 ὥσπερ
785 2283 984 2336 ἐκεῖνοι
1010 2282 1118 2336 ἀπὸ
1143 2283 1591 2355 γαστριμαργίας
1633 2284 1715 2347 είς

159 2371 581 2444 εἰδωλολατρείαν
608 2373 804 2428 ἔπεσον
841 2375 1062 2445 (χοροὺς
1094 2376 1204 2444 γὰρ
1257 2375 1556 2444 στήσαντες
1583 2376 1714 2446 περὶ

161 2466 241 2518 τὸν
265 2466 480 2538 μόσχον,
533 2465 764 2531 ἔπαιζον
813 2467 1127 2540 ἔμπροσθεν
1149 2466 1338 2522 αὐτοῦ’
1379 2487 1398 2519 ι
1447 2467 1590 2521 οὕτω
1617 2469 1714 2522 καὶ

164 2558 289 2628 ὑμᾶς
311 2558 548 2622 κίνδυνος
583 2559 664 2622 εἰς
697 2558 905 2629 ταύτην
936 2561 1148 2622 πεσεῖν,
1172 2559 1287 2613 ἀπὸ
1331 2558 1422 2612 τοῦ
1453 2559 1522 2614 τά
1560 2559 1714 2614 εἰδω-

164 2651 339 2705 λόθυτα
394 2651 485 2707 διά
525 2651 976 2723 γαστριμαργίαν
1021 2652 1245 2708 ἐσθίειν.
1296 2652 1481 2718 Ὥστε,
1539 2653 1712 2724 ποῦή

163 2741 373 2798 δοκοῦσα
400 2742 677 2814 τελειότης
723 2759 842 2808 σου,
872 2744 1004 2798 ὅταν
1030 2743 1111 2808 είς
1155 2741 1603 2815 είδωλολατρείαν
1630 2743 1715 2809 ἐξ·

166 2852 297 2907 αγῃς
891 2882 902 2892 ο
1687 2896 1690 2900 ,

236 2948 252 2980 ι
279 2928 423 3000 Μηδὲ
451 2926 809 3000 πορνεύωμεν
832 2930 905 2995 ²¹,
934 2929 1116 2994 καθώς
1146 2946 1290 2994 τινες
1323 2929 1505 2985 αὐτῶν
1557 2931 1716 3002 ἐπόρ-

164 3040 359 3089 νευσαν,
387 3023 481 3076 καὶ
511 3024 707 3077 ἔπεσον
742 3027 799 3077 ἐν
826 3025 924 3094 μιᾷ
955 3025 1138 3096 ἡμέρᾳ
1164 3025 1338 3079 εἴκοσι
1364 3026 1512 3096 τρεῖς
1540 3023 1716 3096 χιλιά-

165 3117 261 3179 δες.
295 3135 313 3168 ι
345 3116 512 3171 Πάλιν
561 3117 661 3187 τῆς
692 3116 951 3188 πορνείας
1006 3117 1304 3188 μέμνηται,
1361 3120 1427 3190 τῇ
1465 3119 1713 3191 συνεχείᾳ
1740 3146 1784 3208 c

165 3208 248 3260 τοῦ
268 3209 478 3281 ἐλέγχου
499 3208 909 3280 ἀνυσιμώτερον
925 3208 1015 3262 τὸν
1041 3209 1200 3279 λόγον
1224 3210 1417 3267 ποιῶν.
1441 3210 1552 3264 Καὶ
1572 3209 1713 3282 αὕτη

164 3299 271 3370 δέἠ
311 3299 549 3371 ἁμαρτία
579 3300 689 3354 ἀπὸ
735 3301 1184 3372 γαστριμαργίας
1230 3300 1462 3370 γίνεται.
1497 3303 1630 3356 Πότε
1657 3303 1716 3356 δὲ

167 3391 340 3444 ἔπεσον
357 3395 530 3446 εἴκοσι
556 3395 707 3462 τρεῖς
735 3393 975 3463 χιλιάδες
999 3409 1013 3458 ;
1037 3393 1167 3446 Ὅτε
1190 3394 1332 3447 κατά
1357 3393 1458 3466 τὴν
1485 3395 1718 3465 συμϐου-

166 3480 250 3552 λὴν
278 3481 499 3554 Βαλαὰμ
522 3485 579 3538 αἱ
602 3483 982 3547 Μαδιανίτιδες
1007 3487 1271 3553 γυναῖκες
1293 3485 1386 3538 ἐπὶ
1416 3487 1514 3555 τῆς
1535 3504 1716 3557 παρα-

167 3574 347 3638 τάξεως
373 3579 647 3645 φανεῖσαι,
677 3578 804 3639 τοὺς
832 3577 1136 3644 νεωτέρους
1177 3576 1589 3646 ἐφειλκύσαντο,
1622 3579 1716 3633 καὶ

166 3669 241 3722 διὰ
264 3671 354 3740 τῆς
383 3671 638 3740 πορνείας
669 3672 746 3733 είς
766 3671 828 3724 τὸ
853 3670 1014 3724 θῦσαι
1049 3677 1127 3742 τῷ
1150 3669 1475 3742 Βεελφεγὼρ
1519 3669 1716 3738 ἐξεκα-

169 3761 365 3817 λέσαντο
391 3763 618 3828 τούτους
642 3803 657 3831 ,
699 3765 794 3818 καὶ
841 3763 1037 3818 ἔπεσεν
1066 3764 1095 3817 ὁ
1123 3763 1250 3827 λαὸς
1271 3765 1328 3818 ἐν
1360 3765 1444 3835 τῇς
1466 3763 1715 3836 παρατά-

169 3851 255 3915 ξιι.

233 3965 249 3998 ι
278 3948 422 4018 Μηδέ
448 3946 870 4020 ἐκπειράζωμεν
901 3947 994 4000 τὸν
1015 3946 1273 4017 Χριστὸν,
1293 3945 1482 4010 καθὼς
1510 3946 1604 4001 καί
1636 3963 1715 4000 τι·
1821 3992 1824 3994 .

171 4052 246 4098 νες
271 4039 439 4093 αὐτῶν
462 4039 765 4109 ἐπείρασαν
819 4037 886 4103 ³³,
924 4038 1020 4092 καὶ
1073 4038 1178 4092 ὑπὸ
1216 4037 1323 4092 τῶν
1373 4037 1551 4107 ὄφεων
1604 4041 1715 4092 ἀπ-

168 4127 363 4185 ώλοντο.
391 4150 411 4183 ι
450 4128 759 4200 Ἐμφαίνει,
788 4130 872 4182 ὅτι
905 4131 955 4183 οἱ
978 4129 1253 4201 Κορίνθιοι
1273 4130 1586 4202 ἐπείραζον,
1620 4147 1717 4200 ση-

169 4223 279 4290 μεῖα
306 4222 711 4294 ἐπιζητοῦντες.
1653 4289 1659 4298 ,

231 4331 248 4362 ι
275 4313 418 4382 Μηδέ
443 4312 766 4382 γογγύζετε,
795 4311 978 4376 καθὼς
1002 4310 1094 4366 καί
1114 4326 1257 4375 τινες
1278 4309 1458 4364 αὐτῶν
1482 4310 1714 4382 ἐγόγγυ·

170 4402 264 4470 ζον,
284 4407 373 4459 καὶ
399 4404 686 4460 ἀπώλοντο
712 4404 817 4458 ὑπὸ
847 4403 944 4457 τοῦ
988 4401 1334 4474 ὀλοθρευτοῦ.
1372 4420 1391 4453 ι
1428 4401 1708 4469 Τουτέστι,

1823 531 2026 587 illatas.

1895 624 2058 680 Vsus.
2105 626 2160 679 6.
2209 645 2227 678 ι
2270 624 2396 682 Haec
2429 635 2612 682 autem
2663 626 2864 699 ﬁgurae
2899 636 3101 684 nostrae
3147 627 3391 696 fuerunt,

1821 726 1881 771 ut
1923 732 2028 771 non
2085 719 2256 779 simus
2299 719 2755 788 concupiscentes
2794 718 3081 786 malorum,
3130 720 3274 777 sicut
3332 731 3391 778 et

1822 807 1896 863 illi
1951 810 2362 880 concupierunt.
2404 831 2423 864 ι
2458 811 2926 878 Quemadmodum
2973 813 3234 868 beneﬁcia
3279 812 3395 882 typi

1819 899 2060 967 luerunt,
2121 903 2197 956 ita
2249 900 2302 956 et
2357 917 2552 973 pinnae.
2615 901 2824 958 Iudicat
2863 911 3048 960 autem.
3090 904 3236 973 quod
3286 918 3393 959 non

1817 991 1990 1046 solum
2022 1006 2179 1062 poena
2218 992 2540 1060 adicientur,
2582 1009 2773 1050 verum
2813 994 2976 1049 etiam
3013 1003 3162 1050 tanto
3192 995 3396 1064 majore

1817 1097 1978 1152 quam
2021 1085 2116 1150 illi,
2159 1094 2362 1155 quanto
2415 1086 2506 1140 illa
2548 1087 2766 1158 quidem
2809 1097 2971 1159 typus
3015 1085 3257 1156 fuerint;
3291 1088 3393 1144 ista

1817 1190 1984 1243 vero,
2025 1178 2224 1234 veritas
2260 1199 2274 1234 :
2327 1195 2390 1235 ac
2429 1178 2894 1250 quemadmodum
2945 1179 2998 1233 in
3037 1181 3194 1236 donis
3247 1195 3391 1251 pra:-

1817 1265 2108 1333 cellebant,
2153 1270 2234 1325 sic
2277 1277 2333 1324 et
2388 1270 2441 1324 in
2491 1270 2693 1341 mnis.
2741 1270 2940 1326 Dicens
2973 1279 3155 1327 autem
3197 1290 3215 1324 ι
3245 1271 3394 1328 Cou-

1815 1359 2156 1428 cupiseentes
2195 1360 2483 1427 malorum,
2522 1381 2540 1416 ι
2565 1363 2868 1433 generatim
2907 1362 2977 1419 de
3003 1364 3148 1419 omni
3185 1366 3393 1422 malitia

1815 1450 2072 1521 loquitur,
2115 1455 2546 1527 quandoquidem
2575 1465 2631 1511 et
2663 1471 2825 1512 omne
2858 1455 3048 1511 vitium
3093 1472 3161 1514 ex
3197 1473 3398 1514 concu-

1813 1547 2076 1616 piscentia
2091 1548 2287 1603 oritur.
2309 1547 2517 1604 Deinde
2541 1549 2824 1618 speciatim
2867 1550 2941 1604 ita
2967 1551 3095 1606 vitia
3120 1561 3394 1607 recenset.

1814 1635 1956 1703 Quid
2005 1647 2188 1694 autem
2233 1638 2309 1694 illi
2357 1639 2760 1710 expetivcrint?
2793 1639 2959 1706 Allia,
3009 1655 3225 1709 carnes,
3265 1656 3395 1712 pro—

1812 1728 1962 1796 prios
1991 1727 2142 1795 deos,
2167 1729 2244 1784 uti
2275 1738 2326 1785 et
2362 1729 2478 1799 ipse
2502 1745 2601 1801 per
2626 1745 2688 1786 ea
2727 1745 2848 1801 qua:
2873 1740 3176 1803 sequuntur
3205 1747 3392 1790 eorum

1743 1797 1788 1855 Β
1820 1817 2181 1874 idololatriam
2203 1797 2487 1889 patefacit.

1890 1906 2056 1964 Vsus.
2097 1909 2151 1965 7.
2209 1926 2230 1962 ι
2286 1908 2473 1982 Neque
2524 1910 2822 1968 idololatrze
2869 1911 3201 1980 eﬂiciamiui,
3247 1913 3394 1972 sicut

1817 2001 2038 2071 quidam
2085 2017 2151 2056 ex
2198 2002 2350 2074 ipsis,
2393 2005 2848 2074 quemadmodum
2900 2006 3164 2076 scriptum
3224 2017 3309 2064 est
3371 2027 3386 2063 :

1819 2090 1972 2148 Sedit
2011 2093 2240 2166 populus
2272 2097 2603 2152 manducare
2635 2106 2692 2151 et
2724 2097 2930 2164 bibere,
2954 2107 3010 2152 et
3038 2111 3394 2156 surrexerunt

1817 2184 2005 2241 ludere
2030 2183 2074 2240 ἱ.
2135 2204 2155 2238 ι
2186 2184 2428 2240 Primum
2485 2200 2586 2242 eos
2635 2188 2830 2256 carpit,
2889 2187 2980 2256 qui
3021 2188 3077 2242 in
3126 2187 3393 2244 idolorum

1817 2276 2058 2333 delubris
2094 2276 2479 2348 epulabantur,
2507 2282 2803 2336 ostendens
2826 2279 2992 2350 quod,
3024 2281 3397 2351 quemadmo-

1817 2369 1942 2422 dum
1972 2365 2048 2422 illi
2081 2382 2110 2420 a
2162 2367 2452 2438 gulositate
2501 2370 2570 2425 ad
2622 2369 2889 2427 idolorum
2941 2371 3142 2426 cultum
3189 2372 3396 2442 delapsi

1815 2457 1929 2512 sint
1971 2457 2222 2526 ('choros
2271 2458 2422 2513 enim
2462 2469 2764 2517 statuentes
2815 2460 2964 2516 circa
3011 2461 3266 2527 vitulum,
3312 2463 3396 2520 lu-

1817 2548 2017 2604 debant
2038 2557 2164 2605 ante
2189 2549 2413 2620 ipsum),
2444 2549 2524 2606 sic
2551 2549 2851 2621 periculum
2883 2559 2990 2619 est,
3022 2566 3092 2607 ne
3126 2562 3182 2608 et
3210 2568 3304 2610 vos
3328 2556 3396 2610 ad

1817 2641 2185 2697 idololatriam
2254 2643 2674 2712 provolvamini,
2720 2658 2844 2700 cum
2901 2659 2970 2700 ex
3035 2646 3176 2715 gula}
3231 2662 3399 2704 suasu

1816 2733 1979 2791 idolis
2014 2735 2290 2791 immolata
2321 2736 2506 2792 editis.
2537 2734 2768 2792 Ubinam
2801 2737 2966 2809 igitur
2988 2737 3255 2808 perfectio
3283 2749 3398 2810 tua,

1816 2829 1862 2884 si
1891 2828 1958 2884 ad
1999 2828 2362 2885 idololatriam
2400 2831 2755 2900 perduceris?

1890 2923 2053 2978 Vsus.
2085 2923 2141 2978 8.
2179 2940 2197 2973 ι
2221 2922 2408 2994 Neque
2445 2922 2608 2994 179
2643 2923 2996 2994 fornicemur,
3012 2925 3152 2982 sicut
3175 2927 3396 2997 quidam

1817 3025 1886 3068 ex
1923 3011 2054 3081 ipsis
2091 3012 2341 3068 fornicati
2366 3023 2511 3080 sunt,
2549 3024 2600 3069 et
2617 3013 2933 3071 ceciderunt
2966 3032 3079 3072 uno
3104 3018 3190 3074 die
3212 3018 3398 3090 viginti

1819 3104 1922 3158 tria
1955 3105 2139 3160 millia.
2184 3125 2204 3158 ι
2242 3106 2450 3163 Rursus
2480 3108 2830 3164 scortationis
2873 3110 3142 3178 meminit,
3185 3125 3251 3167 ex
3288 3111 3398 3167 fre-

1821 3200 2039 3269 quentia
2088 3200 2528 3271 reprehensionis
2573 3201 2873 3258 orationem
2917 3201 3276 3261 eﬂlcaciorem
3319 3204 3396 3261 la-

1819 3293 1990 3347 ciens.
2025 3291 2318 3347 Peccatum
2344 3302 2523 3348 autem
2560 3295 2702 3350 istud
2750 3309 2778 3348 a
2813 3296 3194 3364 gastrimargia
3234 3299 3398 3368 proli-

1818 3383 2058 3438 ciscitur.
2104 3383 2331 3452 Quando
2354 3400 2482 3440 vero
2520 3385 2712 3455 viginti
2739 3386 2836 3440 tria
2865 3386 3034 3441 millia
3055 3389 3398 3446 ceciderunt?

1819 3473 2046 3541 Quando
2079 3474 2237 3544 juxta
2272 3476 2558 3532 consilium
2595 3476 2839 3541 Balaam,
2872 3475 3253 3534 Madianitides
3279 3495 3397 3534 mu-

1818 3565 1978 3619 lieres
2009 3567 2148 3634 apud
2188 3567 2488 3620 exercitum
2526 3566 2675 3631 visae,
2727 3566 2958 3636 juvenes
2991 3567 3059 3622 ad
3108 3583 3229 3624 sese
3269 3584 3396 3639 pero

1821 3664 2124 3719 traxerunt,
2153 3665 2319 3726 atque
2352 3671 2446 3711 eos
2475 3671 2573 3726 per
2603 3657 2992 3712 seortationem
3023 3656 3390 3728 pelliciebant,

1819 3755 1877 3800 ut
1912 3761 2128 3801 sacrum
2161 3746 2400 3803 facerent
2433 3745 2783 3820 Beelpltegor,
2820 3761 2884 3803 ac
2907 3748 3106 3803 cecidit
3156 3749 3390 3819 populus

1819 3838 1872 3892 in
1904 3839 2041 3894 acie.
3072 3901 3081 3910 _

1898 3926 2061 3983 Vsus.
2104 3929 2158 3987 9.
2209 3949 2227 3981 ι
2263 3926 2450 3999 Neque
2493 3936 2761 3984 tentemus
2794 3927 3098 3995 Christum,
3136 3933 3396 4000 quemad-

1818 4022 2036 4075 modum
2067 4031 2123 4077 et
2165 4023 2385 4090 quidam
2419 4023 2660 4091 ipsorum
2694 4028 3063 4090 tentaverunt,
3104 4033 3159 4078 et
3202 4039 3232 4077 a
3276 4039 3393 4079 ser-

1818 4113 2072 4184 pentibus
2108 4115 2408 4184 pericrunt.
2456 4130 2476 4165 ι
2531 4110 2712 4168 lnnuit
2762 4112 3074 4170 Corinthios
3126 4121 3393 4183 tentasse,

1819 4207 1947 4262 dum
1977 4205 2129 4276 signa
2157 4211 2484 4274 quaererent.

1887 4296 2054 4352 Vens.
2089 4297 2176 4351 lt).
2212 4313 2231 4347 ι
2273 4294 2463 4364 Neque
2489 4293 2865 4360 murmuretis,
2905 4302 2964 4350 ut
2995 4294 3214 4365 quidam
3248 4295 3395 4367 ipso-

1822 4402 1942 4442 rum
1968 4393 2374 4442 murmurarunt
2389 4395 2446 4441 et
2465 4385 2742 4454 perierunt
2765 4385 2833 4442 ab
2879 4387 3329 4445 exterminatore.
3366 4409 3387 4443 ι

168 4495 426 4569 δυνάμεως
456 4514 604 4562 τινος
647 4496 1049 4570 τιιμωρητικῆς.
1088 4493 1478 4550 Αίνίττεταιδέ
1516 4493 1713 4555 αὐτοὺς

1827 4478 1935 4535 lloc
1963 4487 2077 4546 est,
2122 4494 2152 4532 a
2181 4478 2383 4532 virtute
2414 4476 2667 4547 quapiam
2702 4489 2920 4546 poenam
2965 4475 3258 4546 inlligente.
3291 4478 3396 4534 Per

169 4591 248 4642 xei.
264 4591 344 4644 διὰ
367 4591 584 4658 τούτου,
618 4591 703 4644 ὅτι
737 4591 794 4643 ἐν
846 4590 960 4651 τοῖς
1009 4589 1339 4658 πειρασμοῖς
1376 4586 1476 4639 οὑκ
1517 4585 1710 4657 ἔφερον

169 4680 426 4746 γενναίως,
474 4680 592 4736 ἀλλ’
628 4680 926 4748 ἐγόγγυζον
965 4678 1253 4746 λέγοντεςο
1309 4676 1447 4730 Πότε
1496 4675 1615 4745 ἥξει
1643 4674 1712 4729 τὰ

169 4770 354 4840 ἁγαθά;
385 4774 479 4827 καὶ
511 4773 618 4838 ἕως
646 4772 776 4825 πότε
808 4773 863 4826 αι
883 4769 1190 4835 κακώσεις;

235 4969 252 5002 t
288 4953 466 5009 Ταῦτα
509 4954 568 5008 δὲ
627 4953 810 5008 πάντα
856 4951 1020 5006 τύποι
1076 4949 1392 5016 συνέϐαινον
1447 4947 1712 5012 ἐκείνοις⁹

171 5043 362 5118 ἐγράφη
393 5049 448 5101 δὲ
473 5044 928 5119 πρὸςνουοεσίαν
969 5044 1146 5117 ἡμῶν,
1201 5046 1281 5108 εἰς
1335 5041 1431 5106 οὒς
1477 5041 1547 5095 τά
1585 5041 1713 5110 τέλη

171 5139 262 5192 τῶν
275 5139 477 5196 αἰώνων
505 5142 837 5211 κατήντησε.
867 5157 885 5191 ι
907 5138 1068 5191 Φοόεῖ
1095 5135 1294 5198 αὐτοὺς
1317 5133 1396 5204 τῷ
1429 5151 1489 5186 τε
1515 5133 1712 5198 εἰπεῖν,

169 5228 238 5283 ὅτι
270 5249 286 5282 ι
321 5233 456 5304 Πρὸς
485 5231 766 5287 νουθεσίαν
787 5229 943 5302 ἡμῶν
975 5228 1211 5300 ἐγράφη,
1245 5245 1264 5278 ι
1302 5227 1396 5279 καὶ
1425 5225 1715 5296 ὀφείλομεν

170 5321 331 5378 λοιπὸν
355 5328 445 5380 καὶ
475 5329 633 5396 ἡμεῖς
665 5324 969 5394 προσδοκᾷν
1012 5321 1286 5386 κολάσεις,
1312 5319 1410 5373 καὶ
1442 5318 1714 5390 φρικωδε-

173 5416 366 5488 στέρας,
393 5420 501 5488 ὅσῳ
555 5419 650 5471 καὶ
700 5415 968 5485 μειζόνων
1026 5411 1425 5483 άπηλαύσαμεν
1447 5409 1668 5481 δωρεῶν
1691 5422 1708 5440 ⁸

173 5510 338 5579 καὶτῷ
363 5512 582 5580 ἐφιστᾷν
619 5510 802 5571 αὐτοῖς
840 5507 899 5561 τὸ
929 5506 1104 5571 τέλος,
1145 5505 1240 5558 καὶ
1298 5503 1596 5582 δεικνύναι,
1624 5502 1707 5555 ὅτι

236 5605 432 5661 iExod.
465 5619 641 5669 uxn,
672 5603 725 5657 6.

1821 4574 1928 4629 hoc
1956 4582 2134 4627 autem
2169 4569 2526 4639 innuit,quod
2553 4568 2607 4624 in
2631 4567 3020 4624 tentationibus
3047 4569 3391 4640 impatientes

1819 4664 2022 4722 fuerint
2041 4705 2058 4732 ,
2094 4678 2196 4720 nec
2223 4678 2317 4718 cas
2342 4676 2498 4732 aequo
2527 4661 2710 4716 animo
2739 4659 3082 4731 pertulerint,
3113 4663 3208 4718 scd
3240 4679 3389 4719 mur-

1819 4757 2180 4822 muraverint,
2231 4747 2472 4811 dicentes
2517 4770 2532 4808 :
2578 4751 2806 4818 Quando
2850 4751 3069 4808 venient
3107 4753 3289 4810 bona?
3338 4765 3394 4811 et

1819 4848 2062 4921 quandiu
2102 4847 2363 4902 duratura
2391 4853 2477 4900 est
2509 4841 2768 4898 amictio?

1887 4937 2050 4994 Vsus.
2083 4937 2175 4991 ll.
2219 4952 2239 4987 ι
2278 4933 2404 4990 llaec
2448 4941 2626 4990 autem
2663 4932 2843 4989 omnia
2877 4933 2931 4990 in
2964 4933 3133 5006 figura
3176 4935 3390 4990 contin-

1817 5029 2018 5103 gebant
2055 5027 2160 5084 illis
2200 5006 2222 5082 ’ς
2264 5026 2465 5097 scripta
2510 5033 2636 5081 sunt
2663 5033 2844 5082 autem
2888 5027 2954 5081 ad
2993 5027 3390 5097 correptionem

1820 5133 2092 5191 nostram,
2139 5122 2193 5177 in
2245 5136 2382 5192 quos
2417 5120 2550 5176 lines
2592 5119 2912 5176 seculorum
2960 5119 3316 5177 devenerunt.
3361 5140 3382 5175 ι

1819 5217 2094 5273 Perterret
2117 5229 2232 5282 eos,
2276 5224 2332 5270 et
2367 5228 2491 5269 cum
2520 5211 2674 5278 dicit,
2717 5231 2737 5266 ι
2779 5211 2903 5268 llaec
2930 5213 3132 5283 scripta
3166 5223 3292 5268 sunt
3317 5217 3386 5268 ad

1821 5309 2213 5381 correptionem
2247 5315 2509 5375 nostram,
2541 5324 2559 5358 ι
2589 5320 2881 5378 poenasque
2909 5319 3008 5360 nos
3033 5306 3084 5360 in
3109 5315 3384 5375 posterum

1818 5417 2135 5477 exspectare
2159 5404 2441 5467 debemus,
2459 5417 2660 5471 easque
2689 5410 2836 5457 tanto
2857 5401 3026 5470 magis
3051 5399 3384 5462 tremendas,

1817 5509 2022 5570 quanto
2062 5498 2270 5570 majora
2305 5495 2569 5553 beneﬁcia
2610 5495 2921 5565 accepimus
2963 5507 2980 5550 :
3016 5502 3072 5550 et
3098 5508 3220 5550 cum
3256 5495 3388 5550 dicit

1476 5665 1676 5734 Variae
1730 5665 2058 5730 lectiones.

235 5776 276 5810 ”
313 5779 695 5852 πορνεύσωμεν
727 5793 780 5833 ο.
859 5778 904 5809 ’³
933 5775 1294 5848 ἐξεπείραζον
1333 5789 1386 5832 0.

431 5883 696 5945 ΡΑτιιοι..
730 5882 846 5944 Gn.
890 5878 1170 5944 CXXIV.

3003 5851 3082 5912 22
