3874 6590
483 334 594 401 683

1344 330 1931 394 THEOPHYLACTI
1971 327 2313 391 BULGARI
2324 332 2387 391 Αἰ
2426 332 2784 394 ARCHIEP.
3595 345 3676 408 635.

485 456 650 510 tinem
696 451 832 523 ipsis
881 449 1190 516 imminere,
1235 447 1580 517 ostenditque
1621 448 1764 518 quod
1809 445 2073 516 supplicia

2188 445 2236 498 >ύ
2262 446 2589 517 πρόσκαιροι
2613 448 2899 518 τιμωρίαι,
2921 446 3038 500 ἀλλ’
3062 450 3117 503 αἱ
3148 450 3282 519 μετά
3311 450 3402 520 τὴν
3429 455 3679 513 συντέλειαν

489 563 598 602 non
654 544 1016 614 temporaria,
1069 542 1165 598 sed
1215 540 1570 606 immortalia,
1601 555 1696 596 vos
1747 538 2067 596 suscitabat.

488 638 755 697 Tribunal
797 637 942 694 enim
1003 634 1134 692 illud
1190 632 1306 706 jam
1351 647 1497 690 nunc
1551 649 1663 704 pra:
1709 633 1916 690 foribus
1965 641 2071 696 est,

487 731 929 804 quandoquidem
960 727 1146 783 mundi
1177 734 1371 782 aetates
1404 725 1748 782 transierint.
1841 773 1849 780 .

557 823 726 879 Vsus.
758 821 846 876 l2.
883 838 901 873 ι
945 819 1129 891 Itaque
1158 818 1252 891 qui
1287 834 1346 874 se
1385 818 1662 875 existimat
1694 829 1862 884 stare,
1889 817 2074 874 videat

485 933 556 974 ne
599 915 781 973 cadat.
821 933 841 968 ι
889 913 1126 970 Rursum
1174 928 1270 970 eos
1313 913 1515 980 innuit,
1563 913 1656 984 qui
1693 913 1937 969 scientias
1976 927 2075 967 no-

486 1009 635 1065 mine
671 1005 1128 1064 intumesccbant.
1161 1005 1483 1076 Quanquam
1521 1006 1666 1062 enim
1703 1015 1757 1061 te
1788 1015 1934 1068 stare
1960 1006 2076 1060 cxi-

504 1101 718 1168 stimas,
751 1107 961 1165 metue,
994 1098 1192 1168 inquit,
1227 1112 1294 1153 ne
1330 1097 1515 1154 cadas.
1562 1097 1696 1152 Nam
1729 1099 1904 1169 ipsum
1941 1110 2075 1153 sane

491 1195 782 1258 conlidere,
832 1194 977 1264 quod
1024 1202 1161 1258 stes,
1205 1191 1408 1248 indicio
1437 1199 1523 1246 est
1573 1190 1716 1260 quod
1761 1204 1868 1244 non
1913 1197 2071 1244 stes:

489 1287 689 1343 videris
716 1285 861 1341 enim
891 1302 906 1352 ;
938 1299 1044 1341 non
1082 1299 1272 1340 revera
1306 1292 1441 1339 stas.
1479 1283 1559 1338 Ac
1588 1282 1800 1338 etiamsi
1840 1279 2077 1337 maxime

487 1390 620 1445 stes,
661 1377 839 1433 facilis
863 1385 950 1432 est
976 1392 1074 1446 per
1109 1375 1477 1446 arrogantiam
1511 1376 1716 1446 lapsus.

563 1473 727 1525 \‘sns.
758 1469 848 1526 13.
889 1485 908 1521 ι
944 1467 1198 1524 Teutatio
1221 1481 1318 1524 vos
1346 1483 1452 1524 non
1479 1467 1642 1538 cepit,
1675 1467 1781 1524 nisi
1815 1467 2072 1522 humana.

487 1562 690 1619 Fidelis
733 1571 916 1617 autem
950 1561 1117 1626 Deus,
1160 1560 1252 1631 qui
1302 1574 1414 1616 non
1460 1560 1696 1630 patietur
1736 1575 1834 1617 vos
1875 1558 2074 1616 tentari

487 1670 651 1726 supra
688 1655 741 1711 id
769 1654 913 1725 quod
944 1655 1191 1725 potestis,
1228 1654 1323 1709 sed
1357 1652 1519 1707 faciet
1548 1653 1711 1708 etiam
1741 1667 1866 1708 cum
1899 1660 2075 1707 tenta-

491 1751 640 1804 tione
670 1756 1018 1818 proventum,
1050 1745 1364 1817 utpossitis
1393 1744 1688 1801 sustinere.
1723 1763 1744 1798 ι
1774 1743 1910 1812 Quia
1939 1757 2071 1814 per-

489 1838 768 1895 terrefecit
814 1852 911 1894 eos
964 1838 1176 1904 dicens,
1229 1853 1247 1888 t
1281 1833 1385 1902 Qui
1455 1849 1516 1890 se
1583 1833 1860 1890 existimat
1901 1841 2069 1894 stare,

487 1932 669 1988 videat
708 1945 780 1986 ne
829 1929 1016 1995 cadat,
1060 1946 1082 1982 ι
1142 1936 1331 1985 essent
1375 1941 1529 1994 vero,
1568 1926 1662 1996 qui
1713 1941 1821 1981 non
1873 1939 2075 1996 paucas

485 2022 596 2094 jam
646 2020 976 2077 tentationcs
1014 2018 1445 2084 sustinuissent;
1491 2031 1560 2071 ne
1614 2017 1880 2082 dicerent,
1933 2014 2075 2082 Quid

490 2128 592 2169 nos
613 2110 1035 2184 perterrefacisi
1066 2110 1264 2166 multas
1287 2110 1431 2165 enim
1453 2107 1697 2180 perpessi
1723 2107 2075 2175 tentationes,

493 2221 600 2262 non
650 2215 834 2261 tamen
884 2201 1291 2269 succubuimus,
1351 2201 1451 2270 ait,
1495 2201 1614 2257 Non
1657 2203 1802 2270 cepit
1829 2213 1927 2256 vos
1959 2209 2079 2254 ten-

493 2299 630 2356 tatio
674 2298 780 2354 nisi
820 2296 1031 2353 modica
1072 2304 1127 2351 et
1179 2295 1458 2350 moderata
1505 2310 1521 2348 :
1577 2293 1876 2348 humanum
1931 2291 2079 2347 enim

491 2393 694 2464 ubique
727 2390 995 2446 modicum
1039 2397 1223 2447 vocat.
1267 2385 1472 2442 Deinde
1513 2400 1704 2441 rursus
1738 2386 2078 2450 consolatur,

490 2482 828 2559 persuadens
858 2479 963 2547 eis,
1002 2488 1063 2535 ut
1105 2478 1158 2533 in
1189 2476 1358 2532 Deum
1391 2476 1726 2540 intueantur,
1767 2475 1858 2545 qui
1907 2473 2082 2529 ﬁdelis

492 2587 600 2642 est,
641 2577 742 2632 hoc
780 2583 889 2640 est,
935 2586 1118 2636 verus,
1166 2585 1267 2626 nec
1321 2570 1619 2624 mentietur
1653 2581 1912 2638 unquam.
1950 2565 2084 2622 Pro-

493 2668 644 2724 misit
665 2660 1264 2738 180enim,tVeuite,
1291 2680 1310 2714 ι
1336 2661 1604 2731 inquiens,
1637 2678 1656 2712 ι
1686 2661 1777 2730 qui
1802 2659 2083 2727 laboratis,

492 2771 552 2820 et
579 2776 681 2832 ego
703 2757 947 2815 reticiam
975 2770 1074 2811 vos
1108 2753 1158 2810 ἱ.
1191 2773 1211 2807 ι
1243 2754 1364 2809 Non
1394 2754 1536 2810 sinet
1571 2752 1735 2824 igitur
1767 2767 1861 2808 vos
1889 2752 2084 2807 tentari

500 2853 645 2911 ultra
671 2851 816 2907 vires
843 2858 1052 2906 vestras
1073 2887 1090 2914 ,
1142 2847 1237 2903 sed
1269 2846 1621 2902 tentationem
1653 2844 1860 2901 viribus
1886 2845 2086 2899 vestris

501 2944 920 3018 respondentem
945 2937 1149 2996 adoriri
1177 2953 1275 2995 vos
1302 2938 1487 2994 faciet.
1521 2936 1638 2992 lmo
1667 2937 1870 3007 quaevis
1905 2945 2083 2992 tenta-

500 3038 580 3094 tio
609 3038 756 3092 vires
785 3043 999 3091 vestras
1027 3038 1346 3102 exsuperat,
1387 3030 1488 3086 nisi
1531 3029 1620 3100 ille
1650 3028 1945 3084 ausilietur
1986 3042 2080 3082 vo-

503 3128 612 3196 bis,
633 3135 691 3183 et
726 3125 942 3183 felicem
989 3131 1242 3180 eventum
1291 3121 1556 3192 praebeat,
1592 3123 1695 3177 hoc
1733 3130 1838 3186 est,
1880 3121 2082 3174 libera-

503 3223 704 3278 tionem
749 3233 778 3273 a
820 3215 1230 3284 tentationibus,
1260 3229 1386 3271 cum
1426 3214 1726 3270 tentatione
1766 3231 1780 3267 :
1824 3212 1928 3268 hoc
1962 3223 2070 3279 est,

503 3311 760 3376 celerem,
793 3316 850 3366 et
876 3307 1036 3366 simul
1053 3313 1218 3377 atque
1236 3305 1495 3363 invaserit
1521 3306 1788 3373 tentatio;
1827 3306 1900 3358 ita
1931 3312 1992 3359 ut
2017 3303 2086 3358 ob

505 3404 739 3463 subitam
778 3403 1158 3460 liberationem
1185 3415 1251 3458 ea
1279 3400 1435 3457 vobis
1465 3399 1764 3455 tolerabilis
1793 3398 2080 3454 efﬁciatur.

509 3515 530 3551 ι
574 3495 766 3554 Faciet
807 3495 953 3552 enim
997 3496 1226 3560 exitum,
1266 3509 1287 3546 ι
1323 3493 1516 3562 inquit,
1555 3509 1574 3543 ι
1621 3500 1678 3547 ιιι
1724 3506 1819 3546 vos
1857 3488 2088 3546 suﬂ‘erre

504 3590 728 3665 queatis
763 3605 780 3645 :
811 3606 832 3642 ι
871 3588 975 3644 hoc
1001 3596 1108 3653 est,
1139 3595 1199 3643 nt
1229 3584 1406 3644 facilis
1436 3586 1589 3641 vobis
1618 3585 1868 3640 videatur
1908 3590 2085 3641 tenta-

507 3683 585 3743 tlo
607 3692 666 3741 et
690 3665 1010 3741 tolerabilis.

578 3862 752 3919 Vas.
801 3859 895 3922 ιι.
935 3876 958 3916 t
991 3859 1312 3932 Propterea,
1360 3861 1560 3918 fratres
1611 3862 1742 3929 mei,
1796 3861 1970 3934 fugite
2019 3863 2086 3918 ab

505 3953 777 4012 idolorum
826 3955 1063 4008 cultura.
1112 3971 1134 4006 ι
1170 3953 1306 4010 Cum
1332 3966 1427 4011 eos
1470 3952 1687 4011 abunde
1720 3955 1855 4010 satis
1905 3955 2087 4012 incre-

507 4046 738 4118 puisset,
775 4045 994 4100 tandem
1020 4042 1266 4098 medetur
1288 4043 1442 4113 ipsis,
1470 4041 1670 4099 fratres
1692 4057 1914 4099 vocans.
1940 4043 2090 4098 Non-

508 4138 639 4193 dum
680 4143 864 4191 tamen
912 4133 1186 4205 prohibet,
1219 4134 1512 4205 quominus
1553 4133 1866 4206 idolothytis
1914 4135 2088 4190 absti-

508 4233 692 4294 neant,
723 4238 792 4280 ne
813 4223 1016 4281 fratres
1053 4224 1328 4292 oﬂendat;
1359 4225 1452 4280 sed
1481 4239 1596 4280 rem
1623 4225 1796 4295 ipsam
1835 4226 1887 4280 in
1910 4228 2088 4298 seipsa

511 4318 918 4375 consideratam
953 4317 1247 4387 vituperat,
1293 4316 1653 4373 idololatriam
1683 4331 1906 4386 vocans,
1943 4321 2092 4376 subi-

511 4422 737 4486 tumque
792 4412 864 4468 ab
916 4411 1011 4468 illa
1072 4425 1352 4470 secessum
1409 4410 1706 4483 postulans.
1759 4431 1779 4466 ι
1833 4411 2024 4484 Fugite
2065 4431 2086 4467 ι

405 4547 414 4555 .
509 4505 679 4572 enim,
713 4505 907 4575 inquit.

581 4596 751 4653 Vsus.
780 4595 867 4652 15.
912 4614 932 4649 ι
967 4594 1249 4667 Tanquam
1295 4595 1660 4668 prudentibus
1695 4596 1906 4668 loquor.
1942 4596 2091 4666 judi-

419 4703 428 4710 '
517 4701 638 4748 cate
675 4704 771 4746 vos
817 4691 963 4759 quod
1007 4689 1151 4746 dico.
1187 4706 1207 4742 ο
1253 4686 1392 4756 Quia
1432 4705 1685 4762 magnam
1735 4691 1841 4748 illis
1876 4691 2092 4764 culpam

512 4783 732 4849 inussit,
765 4780 1128 4838 idololatriam
1164 4782 1454 4838 nominans
1505 4782 1558 4838 id
1605 4783 1750 4854 quod
1784 4785 2094 4856 patrabant,

2177 537 2434 591 ἀθάνατοι
2460 539 2792 603 διαδέξονται
2824 539 2989 609 ὑμᾶς.
3026 541 3166 611 Ἤδη
3186 542 3290 612 γὰρ
3314 543 3371 597 τὸ
3393 545 3680 619 δικαστήριον

2176 629 2352 682 ἐκεῖνο
2389 630 2485 682 ἐπὶ
2515 629 2730 701 θύραις,
2758 631 2950 699 ἐπειδὴ
2995 631 3315 686 τελευτῶσιν
3337 635 3383 686 οἱ
3407 635 3491 688 τοῦ
3522 639 3680 709 κόσμου

2174 721 2395 785 αἰῶνες.
3260 764 3262 766 τ

2257 835 2275 868 ι
2320 815 2486 870 Ὥστε
2519 815 2546 868 ὁ
2596 813 2770 868 δοκῶν
2815 816 3062 883 ἑστάναι,
3106 816 3346 887 βλεπέτω
3391 818 3459 890 μὴ
3510 820 3680 893 πέσῃ.»

2175 908 2344 963 Πάλιν
2366 908 2493 970 τοὺς
2529 908 2621 962 ἐπὶ
2649 910 2718 977 τῇ
2737 907 2940 976 γνώσει
2974 908 3120 979 μέγα
3152 909 3470 980 φρονοῦντας
3507 913 3686 967 αἰνίττε-

2175 1023 2288 1061 ται.
2326 1007 2386 1059 El
2420 1004 2529 1076 γὰρ
2557 1005 2652 1058 καὶ
2673 1003 2902 1058 ἑστάναι
2936 1001 3204 1074 νομίζεις,
3236 1001 3458 1055 εὐλαϐοῦ
3486 1003 3545 1065 ⁸⁸,
3571 1006 3686 1074 φησὶ,

2179 1095 2256 1168 μὴ
2292 1095 2469 1168 πέσῃς
2490 1114 2504 1128 ⁸
2552 1095 2648 1149 καὶ
2690 1095 2825 1149 αὐτὸ
2861 1094 2961 1165 μὲν
2987 1093 3097 1165 γὰρ
3126 1093 3187 1146 τὸ
3210 1092 3443 1165 θαρρεῖν,
3472 1095 3544 1148 ὅτι
3566 1096 3688 1166 ἑστη-

2177 1205 2301 1256 κας,
2333 1188 2458 1242 οὑδὲ
2511 1187 2736 1242 ἑστάναι
2771 1186 2910 1241 ἑστι.
2971 1187 3162 1249 Δοκεῐς
3206 1185 3347 1256 νγάρ,
3395 1185 3486 1238 οὑκ
3525 1187 3689 1258 ἀληθῶς

2176 1280 2416 1350 ἕστηκας
2441 1295 2454 1310 ·
2493 1283 2544 1333 εί
2573 1279 2632 1332 δὲ
2687 1281 2786 1334 καὶ
2828 1279 3012 1354 ἑστιν,
3068 1277 3302 1349 εὐχερὴς
3355 1275 3412 1344 ἐξ
3440 1279 3692 1352 ἀποπνοίαςὴ

2177 1385 2408 1434 πτῶσις.

2248 1480 2266 1513 ι
2300 1461 2614 1534 Πειρασμὸς
2638 1461 2786 1533 ὑμᾶς
2812 1460 2914 1514 οὐκ
2940 1459 3189 1532 εἴληφεν,
3217 1460 3266 1513 εί
3295 1459 3368 1532 μὴ
3397 1460 3690 1532 ἀνθρώπινος

2176 1551 2371 1617 πιστὸς
2414 1551 2473 1606 δὲ
2525 1555 2554 1606 ὀ
2609 1551 2766 1616 Θεὸς,
2799 1552 2860 1616 ὃς
2887 1551 2990 1604 οὑκ
3039 1551 3195 1606 ἑάσει
3221 1551 3362 1619 ὑμᾶς
3393 1549 3693 1620 πειρασθῆναι

2177 1644 2319 1715 ὑπὲρ
2349 1642 2378 1696 ὃ
2408 1643 2667 1710 δύνασθε,
2697 1642 2836 1700 ἀλλὰ
2858 1643 2956 1697 σὺν
2984 1641 3064 1712 τῷ
3105 1641 3399 1712 πειρασμῷ
3422 1642 3605 1712 ποιήσει
3628 1643 3694 1695 καὶ

2178 1737 2277 1810 τὴν
2298 1736 2548 1804 ἑκϐασιν,
2574 1735 2671 1790 τοῦ
2696 1735 2959 1792 δύνασθαι
2987 1735 3136 1807 ὑμᾶς
3161 1735 3492 1804 ὑπενεγκεῖν.
3522 1753 3539 1784 ι
3559 1734 3695 1786 Ἐπει-

2175 1829 2240 1901 δὴ
2270 1829 2540 1900 ἑφόϐησεν
2593 1829 2818 1896 αὐτοὺς,
2878 1826 3088 1882 είπὼν·
3129 1845 3148 1880 ι
3200 1826 3259 1880 '0
3293 1825 3459 1880 δοκῶν
3504 1826 3694 1890 ἑστάναι,

2181 1923 2428 1994 βλεπέτω
2461 1923 2536 1994 μὴ
2569 1922 2716 1996 πέσῃ
2741 1937 2755 1950 ο
2787 1941 2808 1974 ›
2857 1917 3000 1993 ἦσαν
3026 1919 3086 1974 δὲ
3128 1919 3355 1983 πολλοὺς
3377 1918 3696 1986 ὑπενεγκῶιτες

2177 2016 2280 2086 ἥδη
2314 2015 2680 2085 πειρασμοὺς,
2715 2014 2802 2068 ἵνα
2832 2014 2908 2086 μὴ
2935 2015 3146 2083 λέγωσι
3175 2030 3189 2045 ·
3210 2012 3276 2066 Τί
3310 2013 3451 2084 ἡμᾶς
3468 2011 3695 2082 ἑκφοϐεῖς;

2178 2103 2413 2167 πολλοὺς
2445 2102 2556 2176 γὰρ
2583 2102 2982 2179 ὑπομείναντες
3013 2103 3360 2175 πειρασμοὺς
3381 2104 3438 2157 οὐ
3467 2103 3698 2156 πεπτώκα-

2182 2213 2284 2267 μεν
2306 2211 2320 2224 °
2357 2196 2547 2267 φησιν,
2576 2196 2660 2249 ὅτι
2695 2195 2812 2249 Οὐκ
2834 2195 3060 2267 εἴληφεν
3093 2195 3242 2266 ὑμᾶς
3263 2195 3563 2266 πειρασμὸς,
3585 2196 3622 2248 εἰ
3647 2194 3698 2265 μὴ

2185 2288 2381 2360 μικρὸς
2415 2289 2511 2342 καὶ
2567 2286 2888 2360 σύμμετρος
2909 2303 2924 2320 ο
2961 2287 3314 2361 ἀνθρώπινον
3358 2287 3461 2358 γὰρ
3482 2285 3696 2352 πανταχοῦ

2180 2383 2243 2436 τὸ
2272 2382 2468 2454 μικρὸν
2503 2382 2681 2438 καλεῖ.
2715 2377 2852 2436 Εἶτα
2881 2381 3301 2453 παραμυθεῖται
3337 2379 3504 2445 πάλιν,
3533 2380 3608 2432 ἐπὶ
3633 2379 3698 2432 τὸν

2182 2476 2316 2531 Θεὸν
2342 2476 2555 2546 ἀφορᾷν
2593 2475 2796 2539 αὑτοὺς
2832 2474 3061 2543 πείθων,
3090 2474 3156 2537 ὃς
3209 2473 3398 2537 πιστός
3441 2472 3560 2539 ἑστι,
3585 2488 3697 2525 τουτ-

2188 2572 2363 2636 έστιν,
2416 2567 2650 2640 ἀληθὴς,
2707 2567 2802 2622 καὶ
2836 2567 2899 2621 οὒ
2951 2565 3332 2637 διαψεύσεται.
3379 2565 3700 2636 Ἐπηγγείλατο
3815 2557 3818 2560 ’

2187 2662 2298 2733 γάρ
2322 2675 2338 2693 ο
2379 2679 2398 2712 ι
2439 2660 2629 2726 Δεῦτε,
2659 2662 2709 2714 οἱ
2740 2659 3066 2724 κοπιῶντες,
3089 2659 3188 2714 καὶ
3225 2658 3506 2713 ἀναπαύσω
3526 2659 3654 2727 ὑμᾶς.
3683 2676 3696 2708 ι

2193 2774 2212 2808 ι
2239 2756 2354 2809 Οὐκ
2383 2755 2534 2808 tam
2565 2750 2660 2809 οὖν
2689 2753 3055 2826 πειρασθῆναι
3080 2754 3233 2824 ὑμᾶς
3258 2752 3395 2823 ὑπὲρ
3423 2751 3449 2804 ὅ
3469 2749 3695 2815 δύνασθε,ι

2187 2847 2325 2902 ἀλλὰ
2383 2846 2478 2901 τὸν
2528 2846 2837 2917 πειρασμὸν
2897 2846 3170 2915 ἀνάλογον
3205 2848 3275 2917 τῇ
3338 2843 3484 2914 ὑμῶν
3528 2842 3700 2911 δυνάμει

2189 2943 2408 3011 ποιήσει
2433 2939 2682 2994 ἐπελθεῖν
2704 2956 2718 2970 ο
2745 2939 2947 3010 μᾶλλον
2976 2939 3034 2994 δὲ
3080 2940 3198 3003 πᾶς
3235 2937 3523 3009 πειρασμὸς
3549 2935 3698 3005 μείζων

2186 3033 2288 3102 τῆς
2309 3031 2592 3102 ὑμετέρας
2645 3031 2691 3064 ³⁸
2721 3031 3028 3102 δυνάμεως,
3064 3031 3114 3085 εί
3155 3030 3231 3102 μὴ
3254 3031 3453 3094 ἐκεῖνος
3483 3027 3700 3099 βοηθήσει,

2197 3144 2215 3176 ι
2244 3124 2340 3179 καὶ
2353 3125 2568 3194 ποιήσει
2594 3123 2694 3194 τὴν
2717 3122 2966 3192 ἑκϐασιν,
2991 3142 3012 3176 ι
3033 3124 3061 3178 ὃ
3077 3125 3221 3191 ἑστι,
3235 3123 3331 3195 τὴν
3347 3119 3622 3191 ἀπαλλαγὴν
3637 3116 3701 3170 τοῦ

2195 3215 2528 3286 πειρασμοῦ,
2557 3234 2575 3268 ι
2601 3217 2697 3270 σὺν
2721 3215 2801 3287 τῷ
2830 3216 3151 3287 πειρασμῷ·
3186 3235 3206 3270 ι
3235 3221 3492 3279 τουτέστι,
3518 3217 3700 3285 ταχεῖαν,

2193 3309 2286 3361 καὶ
2321 3308 2438 3377 ἅμα
2468 3306 2548 3377 τῷ
2567 3306 2819 3360 ἐπελθεῖν
2854 3308 2986 3378 ὑμῖν
3015 3308 3063 3341 ’⁸
3117 3308 3214 3363 τὸν
3262 3307 3577 3380 πειρασμόν·
3601 3304 3701 3357 ὥστε

2191 3399 2286 3454 καὶ
2312 3399 2401 3453 διὰ
2432 3399 2532 3470 τὴν
2559 3402 2783 3470 ταχεῖαν
2815 3400 3167 3472 ἀπαλλαγὴν,
3211 3400 3442 3473 φορητὸν
3473 3400 3581 3471 ὑμῖν
3597 3397 3700 3466 γενέ-

2193 3494 2316 3547 σθαι
2345 3491 2557 3548 τοῦτον.
2593 3510 2612 3543 ι
2653 3492 2878 3565 Ποιήσει
2914 3494 3024 3564 γὰρ
3075 3493 3183 3562 τὴν
3217 3493 3456 3556 ἔκϐασιν,
3499 3511 3516 3544 ι
3563 3490 3698 3559 φησιν.

2190 3585 2377 3637 ἕνεκεν
2412 3600 2430 3635 ι
2459 3583 2549 3637 τοῦ
2577 3585 2620 3616 ¹⁷
2650 3583 2945 3654 δυνηθῆναι
2976 3585 3121 3656 ὑμᾶς
3163 3585 3476 3654 ὑπενεγκεῖν
3495 3601 3508 3615 ο
3541 3602 3557 3634 ι
3589 3599 3701 3635 τουτο

2192 3675 2362 3740 ἐστιν,
2387 3673 2622 3744 ἐλαφρὸν
2654 3675 2781 3745 ὑμῖν
2805 3675 3041 3746 φανῆναι
3078 3675 3175 3730 τὸν
3200 3675 3497 3748 πειρασμὸν
3521 3673 3598 3728 καὶ
3631 3673 3698 3724 ἀν-

2191 3783 2373 3821 εκτον.

2273 3878 2292 3911 ι
2323 3861 2549 3934 Διόπερ,
2598 3861 2819 3933 ἀδελφοί
2865 3879 2992 3933 μου,
3025 3861 3264 3932 φεύγετε
3297 3861 3404 3917 ἀπὸ
3433 3861 3523 3927 τῆς
3544 3857 3704 3912 εἰδωλοο

2195 3952 2474 4026 λατρείας.
2507 3974 2526 4008 ι
2576 3955 2804 4027 Ἐπειδὴ
2833 3956 3038 4016 ἱκανῶς
3059 3957 3246 4011 αὑτῶν
3288 3955 3573 4028 καθήψατο,
3593 3952 3706 4020 θερί·

2198 4046 2358 4098 πεύει
2410 4045 2618 4115 λοιπὸν,
2663 4046 2930 4116 ἀδελφοὺς
2984 4048 3188 4112 αὐτοὺς
3235 4048 3446 4103 καλῶν·
3479 4045 3633 4100 οὐκέτι
3654 4043 3706 4101 δὲ.

2197 4137 2285 4192 διὰ
2311 4138 2411 4209 τὴν
2455 4138 2562 4192 τῶν
2612 4139 2863 4209 ἀδελφῶν
2915 4139 3145 4212 βλάϐην,
3191 4140 3392 4195 κωλύει
3440 4137 3610 4199 αὐτοὺς
3635 4131 3708 4185 ἀπὸ

2199 4229 2309 4282 τῶν
2338 4229 2728 4298 εἰδωλοθύτων,
2773 4230 2887 4285 ἀλλ’
2935 4232 3068 4286 αὑτὸ
3116 4233 3243 4287 καθ’
3278 4232 3409 4286 αὑτὸ
3451 4230 3510 4283 τὸ
3536 4227 3708 4297 πρᾶγμα

2198 4321 2496 4386 διαϐάλλει,
2549 4321 2999 4395 είδωλολατρείαν
3056 4325 3369 4396 ὀνομάζων,
3408 4324 3494 4380 καὶ
3523 4320 3604 4392 τὴν
3646 4334 3710 4369 ται

2201 4415 2353 4484 χεῖαν
2403 4415 2500 4468 ἀπ’
2531 4415 2698 4469 αὑτοῦ
2733 4414 3085 4489 ἀναχώρησιν
3131 4418 3403 4474 ἀπαιτῶν.
3433 4435 3451 4469 ι
3481 4413 3708 4482 Φεύγετει

2119 4525 2165 4582 ι)
2198 4505 2326 4577 γὰρ,
2361 4523 2434 4578 φη
2444 4507 2546 4562 σίν.

2279 4617 2298 4651 ι
2347 4599 2434 4663 Ὡς
2464 4600 2752 4672 φρονίμοις
2804 4600 2970 4671 λέγω,
3023 4601 3244 4674 κρίνετε
3298 4603 3451 4673 ὑμεῖς
3481 4601 3507 4653 ὅ
3533 4611 3704 4668 φημι-ι

2199 4693 2425 4766 Ἐπειδὴ
2454 4698 2599 4769 μέγα
2624 4698 2879 4771 ἔγκλημα
2926 4699 3119 4766 αὑτοῖς
3151 4701 3455 4772 προσῆψεν,
3492 4690 3713 4751 εἰδωλολα-

2199 4791 2386 4861 τρείαν
2417 4791 2695 4864 ὀνομάσας
2750 4793 2779 4846 δ
2825 4794 3067 4862 ἐποίουν,
3120 4797 3464 4850 καταλεαίνει
3507 4793 3559 4846 τὸ
3584 4782 3712 4858 τραχὺ

516 4874 670 4930 verbi
723 4873 1074 4944 asperitatem
1122 4872 1360 4944 mitigat,
1413 4873 1669 4946 ipsosque
1712 4890 1845 4959 reos
1884 4876 2079 4947 judice:

2205 4880 2303 4933 τοῦ
2339 4880 2522 4950 λόγου,
2556 4882 2652 4934 καὶ
2678 4883 2876 4944 αὐτοὺς
2905 4887 3033 4948 τοὺς
3059 4886 3396 4950 ὑπευθύνους
3428 4882 3597 4956 κριτὰς
3615 4878 3712 4931 καθ’

517 4965 804 5021 constituit
866 4965 942 5037 (id
981 4964 1125 5036 quod
1161 4965 1305 5022 illius
1337 4975 1456 5034 est,
1485 4969 1577 5038 qui
1605 4969 1838 5040 pr0priis
1871 4971 2096 5026 rationi-

513 5071 618 5114 bus
659 5071 759 5113 ceu
805 5056 954 5113 veris
1001 5055 1274 5131 conlidit).
1311 5055 1430 5114 Non
1473 5073 1612 5130 opus
1657 5061 1852 5125 habeo,
1896 5061 2092 5131 inquit,

514 5148 643 5205 aliis
667 5145 969 5219 iudicibus,
997 5159 1096 5204 vos
1125 5157 1379 5219 tanquam
1407 5149 1702 5219 prudentes
1735 5151 1996 5221 iudicate.

591 5242 753 5300 Vens.
779 5240 870 5296 16.
905 5256 926 5292 ι
952 5240 1107 5296 Calix
1137 5239 1549 5309 benedictionis,
1577 5242 1664 5298 cui
1697 5242 2089 5311 benedicimus,

505 5344 688 5387 ltUtttte
733 5333 1168 5389 communicatio
1198 5333 1476 5405 sanguinis
1509 5335 1713 5391 Christi
1754 5335 1875 5391 cst?
1910 5355 1932 5389 ι
1976 5337 2093 5392 Hoc

513 5432 625 5488 est,
661 5420 1045 5481 Eucharistiaa.
1078 5423 1328 5484 Manibus
1365 5427 1507 5482 enim
1539 5441 1661 5482 eum
1703 5435 1971 5496 tenentes,
2001 5428 2094 5486 be-

587 5581 603 5635 i
636 5583 829 5642 Matth.
864 5601 940 5655 ιι,
977 5587 1068 5644 28.

2204 4971 2307 5036 ίςει
2350 4973 2508 5046 (ὅπερ
2541 4973 2876 5046 capacem,-
2921 4977 3037 5030 ἑστι
3096 4980 3208 5042 τοῖς
3237 4977 3454 5040 οἰκείοις
3489 4967 3708 5040 16706”.

2197 5066 2274 5130 ὡς
2309 5065 2583 5136 ἀληθέσι),
2632 5067 2726 5121 καί
2757 5084 2958 5139 φησιν’
3009 5069 3088 5123 Oti
3138 5069 3331 5141 δέομαι
3371 5069 3557 5140 ἑτέρων
3592 5062 3708 5117 δικι-

2205 5158 2371 5226 στῶν,
2406 5159 2563 5230 ὑμεῖς
2590 5159 2667 5224 ὡς
2699 5161 2959 5232 φρόνιμοι
2987 5165 3225 5235 κρίνετε.

2275 5271 2295 5304 ι
2332 5251 2406 5304 Τὸ
2455 5252 2721 5324 ποτήριον
2772 5256 2872 5326 τῆς
2921 5256 3194 5326 εὐλογίας,
3218 5257 3248 5310 ὃ
3275 5253 3600 5325 εὐλογοῦμεν,
3623 5243 3711 5316 οὐκὶ

2197 5343 2458 5400 κοινωνία
2479 5343 2575 5399 τοῦ
2596 5345 2828 5418 αἵματος
2851 5348 2945 5402 τοῦ
2970 5349 3208 5420 Χριστοῦ
3236 5351 3390 5419 East;
3426 5367 3444 5402 ι
3481 5342 3708 5400 Τουτέστιι

2221 5436 2322 5506 τῆς
2379 5435 2774 5507 Εὑχαριστίας.
2825 5438 2948 5493 Ἐπὶ
3009 5441 3199 5512 χεῖρας
3260 5441 3369 5514 γὰρ
3398 5437 3518 5496 αὐτὸ
3544 5435 3711 5508 ἔχοντες

1843 5685 2041 5749 Variae
2100 5664 2468 5751 lectiones."

622 5803 668 5836 ³⁵
697 5803 836 5861 ἀλλα
881 5803 1050 5876 φοϐοῦ
1095 5821 1169 5865 m.
1249 5811 1292 5843 "
1345 5809 1623 5884 ἡμετέρας
1653 5825 1707 5869 ο.
1784 5813 1831 5847 ³⁸
1862 5814 1992 5886 ἡμῖν
2019 5829 2073 5874 o.
2151 5817 2197 5848 ²⁷
2219 5814 2358 5872 ὥστε
2387 5830 2461 5874 m.
2483 5815 2586 5894 «³⁸
2620 5816 2902 5892 λογισμοῖς
2933 5836 2984 5878 ο.
