3874 6612
205 402 302 468 685

935 389 1350 455 EXPOSITIO
1390 387 1473 449 ΙΝ
1515 385 1754 448 EPIST.
1797 385 1826 445 Ι
1855 386 1955 446 AD
1983 384 2154 447 COR.
2193 410 2260 423 --
2291 383 2448 446 CAP.
2498 382 2568 443 X.

3321 382 3428 446 536

206 501 500 573 εὐλογοῦμεν
559 497 652 552 καὶ
701 497 1135 569 εὐχαριστοῦμεν
1189 497 1266 568 τῷ
1321 497 1379 549 τὸ
1409 491 1550 566 αἷμα
1582 493 1749 549 αὑτοῦ

1875 493 2158 550 tedicimus
2191 493 2261 558 ei,
2293 503 2348 548 et
2392 493 2596 563 gratias
2628 490 2837 561 agimus
2878 490 2949 558 ei,
2983 489 3075 560 qui
3116 491 3433 562 sanguinem

207 599 328 666 ὑπὲρ
354 593 498 665 ἡμῶν
543 590 817 661 ἐκχέαντι,
879 591 976 674 καὶ
1027 592 1288 664 ἀρρήτων
1335 589 1559 658 ἀγαθῶν
1589 587 1753 652 ἀξιω-

209 707 358 745 σαντι.
404 686 513 740 Οὐκ
564 681 687 737 εἷπε
733 684 812 752 δὲ,
843 684 1087 755 Μετοχὴ,
1124 683 1290 748 ἀλλὰ,
1336 701 1355 735 ι
1395 681 1691 743 Κοινωνία,
1727 698 1744 730 ι

208 784 280 837 ἵνα
304 778 452 832 πλέον
481 793 532 828 τι
558 774 796 848 δηλώσῃ,
824 775 923 843 τὴν
949 775 1127 847 ἄκραν
1166 773 1363 829 ἕνωσιν
1409 769 1638 841 δηλαδή.
1685 769 1750 821 Ὃ

203 875 251 928 δὲ
280 870 432 942 λέγει,
453 866 691 921 τοιοῦτόν
714 869 884 931 ἐστιν,
909 867 990 920 ὅτι
1023 864 1200 920 Τοῦτο
1220 865 1281 918 τὸ
1313 866 1372 918 ἐν
1397 863 1476 934 τῷ
1505 860 1754 933 ποτηρίῳ

200 964 270 1027 ὃν,
301 958 464 1015 ἐκεῖνό
509 958 626 1010 ἐστι
679 957 740 1011 τὸ
787 958 898 1010 ἀπὸ
951 955 1055 1026 τῆς
1090 955 1336 1026 πλευρᾶς
1388 952 1627 1026 ῥεῦσοιν⁰
1657 955 1754 1006 καὶ

203 1051 387 1106 ἐκείνου
435 1047 972 1120 μεταλαμϐάνοντες,
999 1046 1146 1120 [καὶ]
1179 1044 1571 1115 κοινωνοῦμεν,
1594 1061 1751 1097 τουτ-

201 1146 347 1207 έστιν,
377 1139 641 1211 ἐνούμεθα
679 1139 759 1210 τῷ
783 1139 1026 1211 Χριστῷ.
1053 1138 1172 1193 Οὐκ
1201 1135 1528 1208 αἰσχύνεσθε
1555 1130 1670 1200 οῦν,
1710 1125 1756 1186 ὦ

201 1230 468 1302 Κορίνθιοι,
504 1230 599 1282 ἐπὶ
643 1228 706 1282 τὸ
748 1229 1010 1300 ποτήριον
1043 1228 1154 1283 τῶν
1184 1226 1424 1282 εἰδώλων
1442 1225 1753 1297 τρέχοντες,

199 1322 290 1375 ἀπὸ
310 1319 495 1375 τούτου
537 1319 631 1374 τοῦ
664 1306 932 1392 ποτηρίου
955 1319 1051 1374 τοῦ
1089 1319 1201 1378 τῶν
1225 1319 1466 1374 εἰδώλων
1518 1319 1664 1389 ὑμᾶς
1708 1317 1754 1348 ²⁹

195 1412 588 1480 ἁπαλλάξαντος
608 1431 627 1481 ;

256 1522 274 1556 ι
307 1503 402 1559 Τὸν
431 1505 599 1576 ἄρτον
621 1505 684 1560 ὃν
712 1505 956 1581 κλῶμεν,
990 1507 1112 1579 οὐχί¹
1140 1507 1400 1561 κοινωνία
1441 1505 1536 1559 τοῦ
1567 1505 1756 1575 σῶμα·

192 1614 270 1660 τος
290 1595 379 1648 τοῦ
399 1597 641 1667 Χριστοῦ
666 1599 820 1667 ὲστις
852 1619 873 1653 ι
908 1600 1090 1671 Ὅπερ
1133 1601 1228 1654 ἐπὶ
1279 1599 1375 1653 τοῦ
1414 1597 1655 1670 σταυροῦ
1692 1597 1755 1650 οὐ

195 1689 437 1744 πέπονθεν
455 1693 486 1744 ὁ
515 1690 720 1764 Κύριος
745 1692 976 1766 (ὀστοῦν
1001 1692 1114 1766 γὰρ
1136 1692 1304 1746 αὐτοῦ
1326 1692 1388 1746 οῦ
1413 1690 1757 1764 συνετρίϐη),

191 1779 328 1834 τοῦτο
348 1781 440 1835 νῦν
473 1783 760 1855 ὑπομένει,
786 1785 855 1839 δι’
881 1785 1032 1857 ἡμᾶς
1061 1782 1516 1854 κατακλώμενος.
1557 1801 1577 1834 ι
1610 1783 1707 1836 Ὃν
1730 1800 1748 1834 ι

1857 601 2016 641 suum
2052 601 2151 658 pro
2186 586 2344 642 nobis
2385 584 2594 654 eﬂ‘udit,
2623 582 3028 654 inell‘abiliaque
3069 582 3208 638 bona
3248 584 3301 638 in
3338 600 3436 639 nos

1857 680 2102 734 contulit.
2131 678 2253 734 Non
2287 678 2423 734 dixit
2452 686 2655 741 autem,
2685 676 3056 747 Participatio,
3087 677 3183 732 sed
3220 694 3239 729 ι
3277 676 3440 731 Com-

1857 773 2174 837 municatio,
2217 790 2236 824 ι
2276 781 2336 827 ut
2372 771 2577 842 aliquid
2621 771 2979 828 excellentius
3023 771 3248 837 indicet,"
3292 787 3443 827 sum—

1857 879 2000 920 mam
2039 874 2168 935 puta
2228 865 2505 919 unionem.
2528 862 2682 930 Quod
2709 873 2889 920 autem
2925 863 3076 930 dicit,
3135 863 3439 933 hujusmodi

1857 965 1995 1013 est:
2042 956 2155 1014 lloc
2208 956 2352 1027 quod
2397 958 2451 1012 in
2498 958 2669 1013 calice
2705 966 2826 1025 est,
2875 957 3004 1012 illud
3050 966 3134 1012 est
3182 958 3326 1027 quod
3373 972 3440 1012 ex

1857 1049 2062 1105 Christi
2102 1049 2272 1105 latere
2316 1050 2526 1105 ellluxit
2562 1069 2574 1104 :
2620 1059 2675 1105 ct
2700 1064 2765 1106 ex
2797 1065 2862 1106 eo
2901 1051 3254 1122 accipientes,
3288 1066 3441 1107 com-

1861 1142 2224 1208 municamus,
2257 1143 2358 1198 hoc
2394 1151 2501 1206 est,
2534 1143 2755 1197 unimur
2776 1141 3018 1197 Christo.
3042 1139 3231 1198 Nonne
3262 1143 3444 1212 itaque

1860 1249 1955 1289 vos
1998 1233 2186 1303 pudet,
2225 1249 2258 1290 0
2294 1234 2586 1299 Corinthii,
2623 1234 2693 1289 ab
2740 1234 2845 1290 isto
2877 1233 3046 1290 calice
3093 1235 3188 1304 qui
3233 1249 3328 1290 vos
3376 1235 3444 1289 ab

1859 1325 2018 1382 idolis
2040 1325 2312 1394 liberavit,
2345 1327 2411 1384 ad
2442 1326 2709 1384 idolorum
2740 1327 2990 1396 poculum
3013 1326 3341 1384 accurrere?

1937 1527 1958 1560 ι
2000 1508 2163 1564 Panis
2209 1521 2371 1579 quem
2414 1508 2738 1582 frangimus,
2790 1522 2974 1565 nonne
3021 1511 3447 1569 communicatio

1861 1599 2112 1668 corporis
2132 1598 2336 1654 Christi
2364 1599 2495 1656 est?
2525 1618 2544 1652 ι
2593 1600 2748 1667 Quod
2782 1599 3043 1656 Dominus
3068 1602 3123 1656 in
3156 1616 3317 1658 cruce
3340 1618 3446 1657 non

1863 1685 2172 1753 patiebatur
2220 1686 2308 1758 (os
2364 1687 2509 1742 enim
2555 1687 2676 1758 ejus
2730 1689 2940 1744 nullum
2995 1698 3078 1746 est
3125 1692 3447 1764 contritum)

1862 1777 1968 1834 hoc
2006 1778 2120 1850 jam
2169 1779 2424 1847 sustinet,
2457 1796 2580 1837 cum
2613 1791 2836 1854 propter
2875 1798 2976 1840 nos
3031 1784 3322 1857 frangitur.
3356 1787 3446 1842 ln-

191 1872 286 1942 γὰρ
315 1891 333 1926 ι
359 1874 601 1946 κλῶμεν,
635 1895 656 1929 t
696 1877 853 1948 φησί.
893 1896 913 1930 ι
953 1875 1229 1932 Κοινωνία
1261 1876 1319 1930 δὲ
1374 1875 1471 1929 τοῦ
1503 1875 1755 1946 σώματος

1875 1871 2162 1942 ιιιίιεηίιη,
2193 1892 2210 1925 ι
2237 1871 2408 1940 Quem
2438 1870 2761 1946 frangimus.
2797 1895 2922 1930 ι--ι
2947 1876 3268 1934 Communio
3301 1898 3322 1931 ι
3352 1897 3450 1936 au-

190 1965 272 2020 τοῦ
295 1967 534 2037 Χριστοῦ
557 1968 730 2038 ἐστιν,
771 1990 791 2024 ι
825 1966 1002 2036 εἶπεν,
1031 1970 1155 2025 ἀντὶ
1188 1968 1305 2035 τοῦ,
1331 1970 1546 2040 Ὠσπερ
1577 1970 1758 2023 ὲκείνο

189 2059 242 2111 τὸ
263 2059 413 2131 σῶμα
438 2061 650 2132 ἥνωται
678 2063 756 2135 τῷ
779 2063 1028 2135 Χριστῷ,
1081 2062 1224 2130 οὕτω
1249 2061 1346 2116 καὶ
1389 2065 1552 2133 ἡμεῖς
1599 2060 1746 2131 αὐτῷ

188 2148 262 2203 διὰ
283 2149 370 2203 τοῦ
397 2151 574 2223 ἄρτου
597 2153 793 2208 τούτου
819 2155 1117 2227 ὲνοῦμεθα.
1719 2226 1724 2234 γ

253 2263 270 2296 ι
308 2244 427 2298 Ὀτι
460 2243 543 2311 εἷς
569 2246 757 2319 ἄρτος,
786 2249 883 2304 καὶ⁸
913 2249 971 2304 ἒν
1004 2249 1168 2320 σῶμα
1196 2253 1245 2304 οἱ
1299 2249 1486 2305 πολλοί
1513 2250 1701 2320 ἐσμεν.
1736 2268 1755 2302 t

198 2337 400 2411 Ἐπειδὴ
432 2337 560 2393 εἷπε
579 2353 593 2367 ·
630 2359 649 2393 ι
686 2340 966 2396 Κοινωνία
999 2341 1095 2395 τοῦ
1119 2342 1373 2412 σώματός
1396 2343 1538 2396 ἐστι·
1564 2362 1582 2393 ι
1621 2341 1682 2397 τὸ
1703 2342 1760 2395 δὲ

185 2432 488 2499 κοινωνοῦν,
543 2433 731 2505 ἕτερόν
774 2435 925 2488 ἐστιν
973 2435 1185 2490 ἐκείνου
1224 2429 1285 2490 οὗ
1336 2439 1621 2490 κοινωνείο
1664 2433 1762 2488 νῦν

183 2519 413 2578 δείκνυσι
439 2526 501 2579 τὸ
533 2525 741 2596 μεῖξον,
769 2526 864 2579 καί
887 2544 1076 2598 φησιν,
1105 2529 1189 2582 ὅτι
1220 2527 1352 2582 αὐτό
1389 2529 1558 2598 ἐσμεν
1585 2529 1763 2582 ἐκεῖνο

185 2614 236 2664 τὸ
263 2615 450 2685 σῶμα.
481 2617 546 2668 Τί
565 2621 676 2688 γάρ
697 2621 846 2670 ἔστιν
871 2619 901 2672 ό
926 2618 1128 2689 ἄρτοςς
1166 2618 1338 2688 Σῶμα
1371 2617 1634 2688 Χριστοῦ.
1694 2617 1761 2671 Τί

181 2705 232 2760 δὲ
261 2707 506 2776 γίνονται
553 2710 605 2763 el
662 2711 1216 2782 μεταλαμϐάνοντες;
1269 2709 1440 2780 Σῶμα
1481 2709 1758 2781 Χριστοῦ·

185 2800 291 2870 οὐχὶ
311 2801 556 2874 σώματα
587 2805 782 2872 πολλὰ,
813 2805 952 2861 ἀλλὰ
981 2805 1142 2877 σῶμα
1171 2805 1254 2859 ἓν.
1278 2804 1554 2877 Καθάπερ
1577 2804 1691 2876 γὰρ
1735 2808 1764 2859 ό

185 2889 333 2960 ἄρτος
349 2895 421 2946 ὲκ
443 2893 658 2948 πολλῶν
677 2895 895 2950 κόκκων
916 2891 996 2960 εἷς
1020 2896 1233 2966 γίνεται
1253 2911 1266 2926 ο
1291 2895 1436 2951 οὕτω
1461 2900 1554 2951 καὶ
1577 2899 1759 2970 ἡμεῖς,

188 2983 358 3038 πολλοὶ
395 2985 573 3054 ὄντες,
604 2987 664 3041 ἓν
691 2989 957 3060 γινόμεθα
990 2989 1153 3061 σῶμα
1185 2989 1447 3061 Χριστοῦ.

259 3185 279 3221 ι
309 3166 375 3224 Οἱ
409 3171 518 3243 γὰρ
551 3172 751 3235 πάντες
798 3173 863 3226 ἐκ
907 3171 1002 3226 τοῦ
1030 3171 1150 3236 ἐνὸς
1180 3172 1348 3244 ἄρτου
1377 3175 1700 3244 μετέχομεν.
1740 3193 1758 3226 ι
1792 3210 1838 3269 c

189 3260 337 3315 Ὥστε
364 3266 465 3317 καὶ
498 3263 662 3335 σῶμα
689 3265 747 3318 ἒν
776 3267 974 3336 ἐσμεν.
1022 3265 1147 3330 Πῶς
1194 3265 1289 3320 οὖν
1315 3266 1376 3320 οὐ
1423 3266 1766 3337 φυλάττομεν

185 3354 274 3427 try
301 3355 554 3427 ἀγάπην,
589 3358 687 3412 καὶ
715 3357 982 3428 γινόμεθα
1011 3359 1110 3414 καὶ
1142 3360 1285 3414 κατὰ
1316 3360 1476 3413 τοῦτο
1503 3360 1560 3414 ἓν
1585 3377 1599 3425 ;
1629 3361 1766 3414 Kal-

187 3464 260 3500 τοι
285 3464 348 3517 γε
383 3452 413 3503 ό
434 3450 592 3518 Θεὸς,
617 3451 774 3524 φησὶ,
801 3453 863 3506 τὸ
897 3449 1060 3522 σῶμα
1083 3453 1251 3508 αὐτοῦ
1280 3455 1370 3509 διὰ
1398 3453 1559 3508 τοῦτο
1611 3454 1767 3507 δίδω-

189 3557 263 3595 σιν
281 3545 439 3613 ἡμῖν,
471 3545 562 3598 ἶνα
586 3543 764 3618 ἑνώσῃ
788 3547 958 3618 ἡμᾶς,
989 3549 1084 3602 καὶ
1113 3547 1250 3620 πρὸς
1275 3548 1486 3614 ἑαυτὸν,
1509 3546 1606 3603 καὶ
1628 3549 1766 3620 πρὸς

187 3637 464 3706 ἀλλήλους.
514 3639 734 3710 Ἐπειδὴ
763 3641 875 3712 γὰρ
900 3643 934 3712 ἡ
958 3642 1204 3713 προτέρα
1235 3641 1334 3712 τῆς
1365 3640 1569 3712 σαρκὸς
1603 3639 1766 3710 φύσις

188 3728 393 3799 ἐφθάρη
415 3729 521 3782 ὑπὸ
551 3729 650 3800 τῆς
676 3729 976 3802 ἁμαρτίας,
1002 3731 1097 3784 καὶ
1123 3729 1268 3800 ζωῆς
1296 3728 1516 3799 ἐγένετο
1534 3728 1763 3800 ἔρημος,

189 3816 380 3871 ἔδωκεν
427 3820 561 3890 ἡμῖν
596 3819 696 3890 τὴν
739 3819 936 3874 ἑαυτοῦ
974 3820 1362 3891 ἀναμάρτητον
1392 3819 1488 3872 καὶ
1521 3818 1762 3888 ζωηρὰν,

187 3913 374 3981 ὁμοίαν
403 3914 461 3966 δὲ
487 3915 621 3984 ἡμῖν
653 3913 854 3984 σάρκα,
877 3912 957 3977 ὡς
1004 3911 1073 3968 ἂν
1104 3911 1278 3982 αὐτῆς
1312 3911 1764 3983 μεταλαμϐάνονο

189 4019 290 4070 τες,
325 4007 462 4076 πρὸς
514 4005 684 4077 αὐτὴν
731 4004 1156 4076 ἁνακραθῶμεν,
1208 4005 1305 4060 καὶ
1333 4004 1596 4076 ζήσωμεν
1625 4005 1764 4060 ἀνα-

194 4101 504 4172 μαρτήτως,
538 4100 613 4164 ὡς
638 4099 816 4154 ἔνεστι

265 4211 281 4244 ι
309 4194 549 4247 Βλέπετε
573 4193 666 4248 τὸν
694 4192 912 4266 Ἰσραὴλ
930 4192 1074 4247 κατὰ
1105 4191 1304 4265 σάρκα·
1331 4192 1456 4264 οὐχὶ
1483 4193 1536 4246 οἱ
1565 4191 1746 4246 ἐσθίον

188 4302 272 4350 τες
291 4289 395 4351 τὰς
440 4287 657 4353 θυσίας,
690 4288 940 4343 κοινωνοὶ
977 4286 1072 4340 τοῦ
1109 4285 1499 4357 θυσιαστηρίου
1530 4287 1700 4353 είσίνς
1741 4305 1761 4338 ι

201 4377 330 4432 ’Λπδ
401 4379 514 4434 τῶν
580 4380 947 4453 παχυτέρων,
1006 4379 1184 4453 φησὶ,
1244 4378 1573 4450 παιδεύθητε
1601 4418 1616 4442 ,
1683 4379 1766 4432 ὅτι

1865 1975 1972 2020 tem
2018 1982 2039 2018 ι
2072 1966 2318 2036 corporis
2351 1964 2552 2022 Christi
2577 1975 2682 2033 est,
2711 1985 2730 2020 ι
2763 1983 2863 2039 pro
2890 1983 2956 2025 eo
2999 1969 3136 2026 dixit
3157 1972 3297 2042 quod
3341 1983 3444 2037 est,

1861 2057 2329 2123 Quemadmodum
2361 2057 2493 2114 illud
2516 2073 2721 2128 corpus
2746 2060 2964 2116 Christo
2989 2062 3200 2118 unitum
3233 2073 3335 2132 est,
3367 2067 3448 2121 sic

1862 2161 1916 2205 et
1943 2165 2042 2206 nos
2073 2150 2173 2220 ipsi
2205 2165 2302 2220 per
2333 2166 2528 2220 panem
2561 2152 2706 2207 hhnc
2743 2153 2980 2208 unimur.

1937 2240 2101 2296 Vsus.
2131 2242 2220 2297 17.
2258 2259 2277 2294 ι
2310 2241 2580 2308 Quoniam
2608 2257 2748 2300 unus
2775 2245 2953 2314 panis,
2979 2253 3034 2301 et
3063 2262 3227 2302 unum
3253 2263 3448 2320 corpus

1866 2332 2018 2389 multi
2043 2348 2252 2390 sumus.
2279 2352 2304 2388 ›
2332 2334 2471 2402 Quia
2501 2335 2737 2403 dixerat,
2768 2355 2788 2389 ι
2817 2337 3252 2398 Communicatio
3286 2344 3442 2414 131

1865 2427 2113 2496 corporis
2157 2435 2274 2493 est,
2317 2444 2337 2478 ι
2377 2428 2792 2484 communicans
2835 2440 3016 2484 autem
3050 2433 3198 2487 aliud
3248 2444 3332 2490 est
3379 2441 3449 2491 ab

1864 2533 1931 2575 eo
1972 2520 2132 2590 cujus
2176 2523 2450 2590 particeps
2491 2528 2577 2576 est
2613 2537 2628 2576 :
2659 2519 2774 2590 jam
2824 2523 3004 2595 majus
3047 2526 3303 2595 quiddam
3355 2529 3451 2584 de-

1867 2619 2154 2679 monstrat,
2181 2612 2458 2684 inquiens,
2481 2611 2639 2680 Quod
2660 2614 2790 2670 illud
2815 2615 2990 2686 ipsum
3010 2632 3207 2689 corpus
3236 2635 3446 2676 sumus.

1867 2703 2008 2772 Quid
2047 2704 2192 2760 enim
2231 2715 2320 2762 est
2369 2705 2568 2774 panis?
2597 2721 2796 2778 corpus
2831 2707 3058 2766 Christi.
3097 2710 3236 2777 Quid
3269 2723 3450 2770 aulem

1870 2797 2011 2852 liunt
2041 2796 2118 2852 illi
2146 2799 2238 2867 qui
2276 2798 2648 2869 participem?
2679 2814 2877 2872 corpus
2904 2799 3109 2859 Christi
3148 2822 3161 2859 :
3195 2820 3299 2862 non
3331 2823 3450 2863 cor-

1868 2905 2001 2960 pora
2027 2889 2219 2958 multa,
2248 2891 2344 2947 sed
2365 2907 2532 2946 unum
2563 2907 2782 2963 corpus.
2809 2894 3277 2960 Quemadmodum
3306 2901 3451 2956 enim

1869 2985 2025 3054 panis
2057 2998 2125 3038 ex
2167 2983 2351 3040 multis
2410 2985 2595 3055 granis
2633 3001 2772 3042 unus
2816 2985 3070 3055 eliicitur,
3113 2989 3194 3045 sic
3236 3000 3289 3046 et
3328 3008 3455 3055 nos,

1872 3076 2028 3130 multi
2062 3091 2186 3131 cum
2230 3078 2424 3144 simus,
2463 3093 2631 3132 unum
2677 3077 2947 3134 efﬁcimur
2988 3095 3188 3152 corpus
3224 3083 3452 3139 Christi.

1947 3183 1967 3216 ι
2008 3162 2212 3221 Omnes
2247 3165 2396 3220 enim
2427 3181 2496 3220 ex
2531 3181 2638 3223 uno
2670 3182 2811 3238 pane
2841 3169 3254 3239 participamus.
3295 3191 3314 3225 ι
3354 3174 3457 3228 Ita-

1870 3272 1978 3330 que
2023 3266 2080 3314 et
2111 3273 2280 3314 unum
2325 3274 2536 3316 sumus.
2571 3259 2750 3328 Quare
2781 3260 2949 3328 igitur
2993 3264 3314 3320 charitatem
3347 3284 3454 3321 non

1870 3351 2252 3418 observamus,
2291 3361 2346 3408 et
2396 3369 2562 3408 unum
2603 3356 2898 3410 secundum
2945 3357 3048 3412 hoc
3095 3374 3312 3430 quoque
3345 3361 3456 3416 elli-

1871 3443 2271 3514 cimur?Atqui
2298 3443 2463 3513 Deus,
2493 3446 2692 3516 inquit,
2736 3455 3025 3516 propterea
3059 3463 3258 3519 corpus
3291 3466 3449 3506 suum

1872 3535 2029 3591 nobis
2061 3534 2249 3604 tradit,
2283 3543 2342 3592 ut
2389 3538 2541 3591 uniat
2571 3551 2690 3602 nos,
2723 3551 2846 3592 cum
2878 3552 3006 3610 erga
3042 3539 3307 3610 seipsum,
3342 3553 3452 3598 tum

1871 3643 1974 3684 nos
2004 3629 2147 3684 inter
2181 3643 2281 3685 nos
2312 3638 2518 3686 mutuo.
2548 3629 2684 3697 Quia
2705 3629 2851 3685 enim
2875 3630 3026 3700 prior
3051 3633 3232 3688 carnis
3259 3645 3456 3691 nostra:

1872 3727 2068 3774 natura
2106 3727 2364 3790 corrupta
2395 3728 2515 3776 erat
2558 3735 2587 3774 a
2621 3730 2866 3790 peccato,
2896 3721 3118 3790 vitaque
3156 3722 3414 3778 deStituta
3437 3766 3454 3791 ,

1873 3813 2021 3868 dedit
2063 3812 2220 3869 nobis
2262 3827 2415 3869 suam
2448 3812 2564 3881 ipse
2607 3813 2787 3870 omnis
2820 3814 3030 3884 peccati
3069 3825 3369 3886 expertem,
3400 3831 3457 3874 et

1874 3909 2072 3974 vivam,
2097 3904 2332 3961 similem
2367 3915 2547 3960 tamen
2577 3907 2732 3962 nobis
2764 3920 3010 3974 carnem,
3057 3917 3116 3962 ut
3146 3923 3266 3965 eam
3301 3925 3458 3966 assu-

1875 4008 2108 4066 mentes,
2152 3997 2208 4054 in
2259 3999 2430 4069 ipsam
2478 4001 2932 4068 permisceamur,
2971 4010 3030 4057 et
3072 4002 3191 4059 sine
3234 4016 3458 4076 peccato

1881 4092 2122 4146 vivamus
2149 4100 2420 4162 quatenus
2452 4089 2599 4146 licet.

1950 4199 2113 4255 Vens.
2167 4198 2256 4254 i8.
2317 4217 2335 4250 ι
2394 4198 2585 4254 Videte
2641 4199 2808 4258 Israel
2865 4203 3165 4259 secundum
3214 4218 3457 4262 carnem.

1873 4293 2066 4350 Nonne
2098 4294 2191 4364 qui
2227 4292 2394 4348 edunt
2425 4293 2655 4358 hostias,
2683 4293 2875 4348 altaris
2896 4303 3021 4350 sunt
3057 4297 3397 4369 participes?
3433 4321 3452 4354 ι

1872 4389 1914 4441 Α
1946 4385 2309 4443 crassioribus
2335 4384 2620 4455 exemplis,
2655 4385 2850 4454 inquit,
2876 4386 3074 4442 discite
3108 4392 3251 4458 quod
3278 4391 3455 4447 idolo-

190 4473 439 4528 κοινωνία
502 4475 738 4528 εἰδώλων
794 4473 913 4528 ἐστὶ
959 4472 1022 4526 τὸ
1085 4473 1218 4540 παρ’
1269 4473 1426 4543 ὑμῶν
1474 4473 1761 4543 γενόμενον

1875 4497 1994 4537 rum
2030 4479 2349 4536 communio
2389 4479 2460 4534 sit
2498 4479 2551 4534 id
2597 4480 2742 4548 quod
2781 4494 2810 4533 a
2858 4479 3014 4536 vobis
3043 4485 3271 4550 geritur.
3309 4485 3459 4540 Dixit

194 4564 269 4637 [Ῑ.
311 4566 471 4639 γιν.].
541 4585 560 4618 ι
593 4564 754 4620 Κατὰ
811 4565 992 4634 σάρκα
1035 4564 1095 4618 δὲ
1138 4565 1382 4636 Ἰσραὴλ,
1422 4584 1439 4616 ι
1493 4561 1761 4631 cinctuti):

1879 4585 2085 4642 autem,
2116 4591 2134 4626 ι
2166 4572 2328 4629 lsracl
2361 4571 2659 4628 secundum
2692 4585 2938 4637 carnem,
2969 4590 2990 4625 ι
3027 4575 3182 4644 quasi
3221 4575 3321 4647 ipsi
3349 4580 3462 4632 sint

192 4661 365 4715 αὐτῶν
398 4660 543 4716 κατὰ
567 4658 793 4728 Πνεῦμα
826 4657 1016 4712 ὅντων.
1047 4656 1247 4712 Σκόπει
1275 4657 1355 4724 δὲ,
1396 4656 1512 4721 πῶς
1540 4658 1635 4711 ἐπὶ
1669 4659 1761 4729 μὲν

1881 4666 2183 4723 secundum
2220 4666 2509 4737 Spiritum.
2547 4666 2756 4736 Reputa
2790 4680 2918 4722 vero
2947 4675 3124 4723 tecum
3168 4671 3312 4741 quod
3354 4688 3458 4730 non

194 4755 302 4808 τῶν
337 4754 612 4808 Ἰουδαίων
657 4751 758 4804 οὐκ
815 4745 994 4816 εἶπεν,
1016 4750 1099 4802 ὅτι
1128 4749 1206 4819 τῷ
1249 4748 1370 4820 Θεῷ
1393 4749 1768 4814 κοινωνοῦσιν,

189 4844 342 4910 ἀλλὰ,
366 4865 384 4898 ι
416 4845 678 4900 Κοινωνοὶ
704 4843 800 4898 τοῦ
827 4842 1218 4912 θυσιαστηρίου
1250 4843 1375 4898 stat.
1421 4861 1440 4894 ι
1469 4844 1578 4896 Καὶ
1594 4843 1706 4914 γὰρ
1722 4842 1771 4874 ³ο

190 4937 268 5008 τῷ
287 4939 400 5011 Θεῷ
426 4938 844 5010 ἀφοριζόμενον,
867 4937 946 5010 τῷ
967 4936 1338 5008 θυσιαστηρίῳ
1362 4937 1765 5008 ἐπιτιθέμενον,

193 5038 545 5090 κατεκαίετο·
600 5037 696 5089 ἐπὶ
729 5035 787 5088 δὲ
811 5033 908 5087 τοῦ
943 5031 1198 5104 σώματος
1249 5032 1345 5088 τοῦ
1377 5031 1642 5104 Χριστοῦ,
1673 5033 1774 5104 οὐχ

192 5125 394 5191 οῦτως·
450 5128 589 5183 ἀλλὰ
638 5126 898 5181 κοινωνία
946 5126 1040 5180 τοῦ
1094 5126 1350 5196 σώματος
1395 5125 1491 5179 τοῦ
1532 5125 1773 5197 Χριστοῦ

194 5219 363 5275 ἐστιν.
419 5221 492 5274 Οὐ
554 5220 665 5293 γὰρ
709 5218 806 5273 τοῦ
841 5217 1254 5290 θυσιαστηρίου,
1296 5217 1414 5272 ἀλλ’
1469 5219 1638 5273 αὑτοῦ
1673 5217 1774 5273 τοῦ

198 5311 430 5382 Χριστοῦ
460 5315 504 5346 ³¹
559 5313 812 5368 κοινωνοὶ⁵
840 5311 1129 5383 γινόμεθα.
1180 5312 1376 5377 Δείσας
1405 5308 1522 5378 οῦν,
1558 5312 1772 5384 μήποτε

201 5402 540 5458 ὑπολάϐωσιν
599 5406 650 5458 οἱ
703 5403 1018 5467 ἀκούοντες,
1071 5405 1154 5458 ὅτι
1203 5405 1382 5458 ὲπεὶό
1422 5405 1523 5476 τὴν
1578 5405 1774 5459 θυσίαν

201 5496 320 5549 ἐκεῖ
341 5498 769 5570 προσδεχόμενος
794 5497 948 5562 Θεδς,
976 5495 1213 5566 ⁴ιλιδύνατο
1256 5496 1482 5569 βλάψαι,
1537 5499 1643 5569 ἄρα
1678 5500 1774 5554 καὶ

202 5588 275 5641 τὰ
291 5589 382 5663 τὴν
410 5591 602 5645 θυσίαν
625 5588 862 5643 ἐνταῦθα
888 5587 1242 5660 λαμϐάνοντα
1273 5588 1467 5642 εῐδωλα
1515 5589 1775 5644 δύνανται

205 5681 396 5758 βλάψαι
415 5688 542 5751 τοὺς
571 5685 648 5759 μὴ
680 5683 927 5753 θύοντας,
962 5683 1212 5754 ἐπήγαγε
1233 5700 1247 5714 ·

1880 4761 2078 4816 dixerit
2105 4759 2171 4814 de
2201 4757 2425 4823 Iudaeis,
2451 4758 2594 4828 quod
2625 4772 2746 4813 cum
2777 4758 2886 4814 Deo
2912 4765 3336 4830 communicent,
3366 4770 3461 4820 sed

1885 4871 1905 4905 ι
1941 4852 2240 4921 Participes
2267 4849 2455 4905 altaris
2475 4858 2623 4906 sunt.
2654 4868 2672 4902 ι
2703 4850 2838 4906 Nam
2867 4852 2940 4918 id,
2966 4855 3109 4924 quod
3142 4853 3252 4910 Deo
3280 4869 3451 4925 segre-

1889 4955 2074 5017 gatum
2105 4953 2247 5011 erat,
2287 4957 2396 4997 arae
2431 4943 2743 5012 impositum
2773 4945 3216 5001 comburebatur.
3247 4945 3308 5001 In
3341 4961 3454 5002 cor-

1873 5053 2006 5110 pore
2036 5046 2214 5092 autem
2261 5035 2467 5091 Christi
2503 5050 2611 5090 non
2654 5037 2737 5092 sic
2787 5051 2846 5092 se
2887 5051 2976 5093 res
3010 5037 3214 5095 habet:
3255 5039 3348 5095 sed
3379 5051 3459 5094 est

1875 5129 2300 5188 communicatio
2329 5127 2576 5200 corporis
2623 5127 2848 5184 Christi.
2877 5127 2993 5184 Non
3026 5129 3172 5184 enim
3198 5143 3326 5195 arae,
3362 5133 3457 5186 sed

1877 5224 2048 5294 ipsius
2089 5221 2292 5278 Chrisu
2325 5221 2623 5293 participes
2662 5219 2948 5276 elIicimur.
2992 5219 3237 5276 Metuens
3271 5222 3454 5292 igitur,

1882 5329 1952 5372 ne
1994 5313 2072 5370 illi
2109 5314 2395 5370 audientes
2437 5313 2580 5383 quod
2629 5312 2771 5366 Deus
2811 5311 3139 5366 sacriﬁcium
3173 5312 3283 5369 illic
3312 5314 3458 5369 acci-

1880 5406 2058 5478 piens,
2085 5405 2314 5462 nocendi
2351 5413 2674 5476 potestatem
2724 5404 2910 5474 habet,
2943 5405 3292 5478 suspicentur
3315 5407 3458 5463 idola

1883 5501 2046 5557 etiam
2089 5498 2211 5554 istic
2241 5497 2570 5554 sacriﬁcium
2616 5497 2961 5568 accipientis,
2997 5499 3084 5569 iis,
3113 5500 3204 5572 qui
3233 5516 3338 5559 non
3370 5515 3459 5558 sa-

1883 5594 2154 5660 crilicant,
2189 5605 2389 5648 nocere
2427 5603 2590 5660 posse
2614 5630 2631 5658 ,
2669 5589 2891 5650 intulit:

1529 5781 1730 5844 Varias
1773 5782 2103 5845 lectiones.

276 5883 482 5958 ²⁹ἠμᾶς
521 5902 575 5945 o.
654 5886 700 5920 ³ο
736 5885 834 5942 καὶ
885 5885 997 5956 γὰρ
1028 5885 1358 5944 κατεκαίετο
1407 5885 1469 5938 τὸ
1513 5885 1897 5960 ἐπιτιθέμενον
1938 5901 1994 5942 o.
2071 5884 2113 5916 “
2147 5879 2355 5953 Κυρίου
2392 5894 2447 5936 o.
