3806 6570
446 354 549 416 687

1305 348 1890 411 TllEOPllYLACTI
1931 349 2342 411 BULGARl/E
2376 351 2738 416 ARCHIEP.
3584 365 3666 430 688

517 466 800 521 Vens-l9.
851 484 867 516 ι
911 464 1048 531 Quid
1081 465 1244 534 igitur
1279 464 1444 518 dico?
1475 463 1593 519 Non
1638 465 1779 534 quod
1819 464 2003 520 idolnn'

2200 487 2216 518 ι
2264 467 2328 519 Τί
2363 463 2456 521 οὖν
2481 486 2664 539 φημι;
2695 469 2776 522 ὃτι
2811 469 3032 526 εἴδωλόν
3059 470 3114 524 τί
3147 471 3330 538 ὲστινς
3358 473 3497 548 ἢὸτι
3541 480 3667 535 siam.

444 561 644 628 aliquid
673 560 764 619 sit,
789 557 1049 628 autquod
1075 556 1234 612 idolis
1257 555 1591 610 immolatum
1623 557 1693 611 sit
1716 556 1960 626 aliquid?
1994 575 2012 608 ι

439 651 556 706 lNon
587 649 738 719 quasi
788 649 948 704 idolis
987 649 1069 703 vis
1117 647 1298 717 aliqua
1343 648 1563 712 inesset,
1592 654 1647 700 et
1687 645 1772 701 vel
1825 660 2020 701 nocere

440 743 522 798 vel
551 743 806 812 prodesse
850 741 1185 812 potuissent,
1219 740 1424 794 idcirco
1451 739 1518 793 ab
1567 739 1632 793 iis
1664 752 1761 794 vos
1810 738 2018 794 abduco

436 836 636 907 (neque
690 835 834 889 enim
865 835 1162 905 quidquam
1200 843 1327 886 sunt
1366 830 1608 900 omnino)
1645 845 1830 886 verum
1875 831 2020 900 quod

442 946 549 983 non
591 927 852 983 offeratur
902 927 1122 981 victima
1172 924 1401 981 Domino
1445 934 1554 978 tuo.
1594 921 1762 978 Infert
1803 921 2016 993 igitur:

508 1019 675 1075 Vens.
705 1019 796 1074 ΞΟ.
835 1037 854 1071 ι
894 1018 1000 1074 Sed
1037 1020 1181 1090 quod
1217 1031 1334 1084 qua:
1364 1027 1551 1086 gentes
1579 1015 1881 1081 immolant,
1910 1014 2022 1068 dae-

435 1115 634 1169 moniis
661 1112 961 1180 immolent,
996 1120 1049 1166 et
1085 1125 1190 1164 non
1234 1109 1361 1163 Deo.
1397 1128 1416 1161 ι
1450 1106 1528 1164 Ne
1559 1107 1719 1178 igitur
1752 1106 2018 1162 accurrite

435 1210 501 1261 ad
536 1206 719 1260 hostes
761 1201 970 1257 Domini
1008 1201 1192 1255 vestri.
1232 1198 1367 1253 Nam
1414 1199 1482 1266 si,
1529 1212 1713 1252 mensa
1758 1198 1902 1266 regia
1934 1197 2017 1250 di—

436 1299 642 1364 missa,
697 1297 763 1350 ad
823 1295 1308 1351 condemnatorum
1371 1307 1611 1346 mensam
1670 1303 2012 1354 occurreres,

435 1390 657 1445 omnino
689 1400 938 1457 peccares
968 1402 984 1451 ;
1025 1398 1130 1437 non
1166 1382 1306 1452 quod
1347 1390 1569 1435 noceret
1603 1378 1690 1433 illa
1717 1379 2013 1449 quidquam

434 1481 786 1550 antjnvaret,
831 1488 1086 1533 caeterum
1121 1474 1262 1544 quod
1299 1471 1495 1542 injuria
1541 1470 1689 1526 istud
1738 1470 2016 1525 videretur

435 1585 633 1626 mensae
661 1569 838 1639 regim.

511 1682 532 1714 ι
576 1662 711 1718 Nolo
743 1673 925 1717 autem
955 1677 1052 1716 vos
1075 1661 1368 1733 participes
1396 1661 1785 1716 daemoniorum
1819 1660 1954 1716 fieri.
1987 1677 2007 1712 ι

2122 557 2341 612 λόουτόν
2369 561 2420 613 τί
2453 562 2603 614 ἐστιν
2634 562 2710 628 ³²;
2753 581 2770 614 ι
2831 564 2944 634 Οὐχ
2977 565 3052 628 ώς
3105 565 3261 637 ἰσχύν
3292 584 3415 620 τινα
3467 569 3666 639 ἑχόντων

2119 651 2230 706 τῶν
2263 652 2518 720 εἰδώλων,
2553 655 2648 708 καί
2700 655 3017 724 δυναμένων
3070 655 3273 728 βλάψαι
3324 659 3356 730 ἢ
3396 659 3665 734 ὠφελῆσαι,

2121 744 2322 814 ἀπάγω
2372 747 2582 800 τούτων
2639 747 2819 818 ὑμᾶς·
2863 748 2986 801 οὐδὲ
3021 748 3130 821 γὰρ
3186 751 3330 805 εἰσὶν
3371 752 3544 816 ὅλωςο
3577 756 3666 811 ἀλλ’

2121 838 2202 890 ὅτι
2234 837 2294 890 ού
2319 838 2662 908 προσάγεται
2692 838 2753 892 τὸ
2780 837 3045 910 θυόμενον
3074 841 3154 913 τῷ
3189 843 3440 917 Δεσπότῃ
3487 843 3562 916 τῷ

2135 929 2417 1001 Ἐπιφέρει
2442 930 2534 984 οὖν
2551 949 2565 966 ο
3233 942 3239 948 ’

2197 1041 2215 1074 ι
2259 1022 2398 1076 Ἀλλ’
2425 1026 2508 1078 ὅτι
2529 1025 2564 1079 ἂ
2589 1025 2705 1080 θύει
2734 1028 2802 1082 τὰ
2831 1028 2982 1098 ἔθνη,
3022 1027 3318 1100 δαιμονίοις
3349 1027 3490 1092 θύει,
3512 1031 3596 1084 καί
3619 1034 3663 1085 οὐ

2120 1114 2258 1184 Θεῷ.
2296 1133 2315 1166 ι
2356 1115 2447 1187 Μὴ
2477 1117 2657 1171 τοίνυν
2685 1119 2910 1192 τρέχετε
2933 1121 3024 1174 ἐπὶ
3049 1123 3176 1184 τοὺς
3201 1120 3432 1192 ἐχθροὺς
3471 1123 3561 1175 τοῦ
3588 1125 3664 1176 Δε-

2121 1207 2323 1261 σπότου
2343 1209 2497 1279 ὑμῶν
2518 1225 2532 1240 '
2570 1212 2664 1264 καί
2682 1212 2791 1282 γὰρ
2820 1213 2867 1266 εἰ
2896 1212 3183 1284 βασιλικὴν
3206 1215 3363 1282 ἀφεὶς
3390 1213 3663 1284 τράπεζαν,

2118 1299 2342 1370 ἐτρεχες
2367 1301 2461 1354 ὲπί
2491 1302 2592 1373 τὴν
2615 1303 2724 1356 τῶν
2745 1304 3078 1371 καταδίκων,
3109 1306 3329 1369 πάντως
3355 1307 3663 1378 ἡμάρτανες·

2116 1392 2216 1464 οὐχ
2243 1393 2326 1446 ὅτι
2360 1392 2630 1449 ἔϐλαπτεν
2661 1395 2870 1466 ἐκείνη,
2899 1396 2934 1468 ἢ
2957 1397 3157 1467 ὠφέλει
3189 1399 3255 1463 ³³,
3279 1397 3398 1452 ἀλλ’
3431 1399 3512 1452 ὅτι
3535 1378 3666 1470 ὕϐρις

2113 1484 2290 1539 ὲδόκει
2327 1485 2487 1540 τοῦτο
2524 1489 2624 1558 τῆς
2651 1487 2940 1560 βασιλικῆς
2972 1490 3260 1562 τραπέζης
3288 1490 3380 1547 ³⁸⁸.

2196 1683 2215 1719 ι
2248 1664 2322 1719 Ού
2355 1663 2494 1719 θέλω
2524 1663 2582 1720 δὲ
2633 1665 2779 1737 ὑμᾶς
2815 1668 3110 1731 κοινωνοὺς
3133 1665 3244 1720 τῶν
3287 1667 3577 1738 δαιμονίων
3601 1669 3667 1736 xl-

433 1754 490 1809 Si
523 1753 667 1810 enim
711 1755 996 1822 mysticam
1047 1769 1290 1809 mensam
1336 1754 1747 1823 part-icipantes,
1788 1751 2003 1807 Christe

2123 1757 2326 1812 νεσθαι.
2369 1775 2389 1810 ι
2425 1757 2490 1811 Εἰ
2523 1759 2632 1828 γάρ
2662 1758 2762 1830 τῆς
2791 1760 3060 1829 μυστικῆς
3117 1757 3400 1831 τραπέζης
3437 1761 3666 1830 μετέχον-

432 1849 836 1904 communicant
889 1865 903 1903 :
953 1847 1258 1903 daemonum
1306 1861 1548 1902 mensam
1603 1845 2003 1916 participantes.

2123 1865 2225 1913 τες,
2255 1823 2574 1904 κοινωνοῦσι
2600 1823 2854 1922 Χριστῷ·
2880 1852 2930 1904 ot
2955 1823 3229 1922 δαιμόνων
3253 1823 3530 1922 τραπέζης
3560 1823 3666 1921 μετ-

432 1941 765 1996 ἀωιιιοιιὶιωε
805 1939 946 1995 haud
976 1939 1144 1994 dubio
1169 1941 1594 1994 communicant.

500 2032 665 2088 Vens.
708 2031 798 2086 21.
838 2048 855 2082 ι
898 2031 1057 2101 182
1089 2030 1208 2086 Non
1251 2032 1480 2102 poteStis
1523 2031 1748 2087 calicem
1796 2031 2009 2086 Domini

429 2125 637 2192 bibere,
667 2133 722 2180 et
746 2124 968 2179 calicem
999 2125 1414 2180 daemoniorum.
1445 2143 1465 2175 ι
1499 2123 1633 2178 tium
1664 2139 1761 2193 per
1788 2125 2010 2179 modum

431 2218 828 2273 adhortationis
855 2219 1088 2284 dixerat,
1120 2215 1256 2271 Nolo
1289 2232 1387 2272 vos
1419 2218 1710 2287 participes
1739 2231 1862 2272 esse
1897 2217 2011 2271 dte-

432 2314 736 2371 moniorum
776 2352 790 2378 ,
881 2327 949 2368 ne
998 2313 1295 2367 admonitio
1351 2312 1451 2365 ista
1517 2311 1674 2367 ﬂocci
1722 2311 2008 2381 peudatur,

429 2424 523 2478 per
552 2407 770 2462 modum
822 2405 1107 2462 sententia
1159 2405 1420 2473 negativae
1466 2417 1614 2459 nunc
1649 2403 1778 2458 illud
1834 2403 2009 2472 ipsum

433 2500 634 2568 posuit,
674 2517 693 2552 ι
732 2498 849 2555 Non
887 2499 1134 2568 potestis,
1181 2516 1200 2550 ›
1247 2498 1518 2568 inquiens,
1565 2515 1585 2548 ι
1639 2497 1861 2552 calicem
1900 2495 2008 2551 Do-

428 2593 558 2648 mini
595 2592 801 2656 bibere,
837 2602 892 2644 et
917 2590 1140 2645 Calicem
1176 2589 1588 2644 daemoniorum.
1634 2606 1652 2640 ι

503 2703 521 2736 ι
562 2682 677 2738 Non
718 2685 944 2752 potestis
975 2695 1172 2736 mensae
1203 2680 1415 2736 Domini
1455 2680 1748 2750 participes
1783 2693 1924 2746 esse,
1951 2688 2008 2736 et

429 2791 627 2831 mensae
658 2775 1064 2830 daemoniorum.
1109 2790 1128 2824 ι
1173 2773 1248 2827 Ex
1283 2773 1412 2828 solis
1454 2771 1765 2828 nominibus
1789 2772 2003 2840 probat,

428 2871 569 2941 quod
599 2869 665 2923 ab
701 2867 1017 2938 idolothytis
1039 2865 1316 2920 abstinere
1343 2873 1611 2934 oporteat.

499 2961 663 3016 Vens.
690 2961 781 3015 ‘22.
813 2977 832 3011 ι
862 2959 942 3012 An
978 2972 1337 3030 provocamus
1374 2957 1704 3012 Dominum?
1732 2956 2000 3027 Numquid

428 3049 680 3104 fortiores
713 3061 778 3101 eo
823 3045 1056 3102 sumus?
1093 3063 1114 3098 ι
1158 3043 1276 3112 Quo
1315 3044 1620 3114 pudefaciat
1665 3047 1849 3116 ipsos,
1896 3048 2000 3103 hoc

428 3142 648 3211 posuit:
679 3139 816 3195 Num
849 3149 1135 3206 tentamus,
1170 3140 1363 3210 inquit,
1388 3150 1440 3195 et
1464 3141 1778 3196 lacessimus
1803 3142 1998 3206 Deum,
2027 3174 2070 3234 ο

430 3241 610 3286 utrum
635 3231 826 3300 punire
856 3245 953 3286 nos
984 3231 1173 3300 possit,
1199 3233 1264 3284 ad
1295 3231 1476 3286 hostes
1495 3232 1612 3300 ejus
1647 3233 1998 3287 sccedentes?

430 3324 631 3378 Deinde
660 3323 726 3377 ad
757 3323 1048 3377 absurdum
1081 3322 1384 3393 perducens
1425 3323 1747 3388 orationem,
1784 3341 1802 3374 ι
1831 3322 2000 3378 Num-

427 3417 556 3488 quid
580 3415 852 3480 fortiores,
896 3433 914 3467 ι
965 3416 1166 3485 inquit,
1229 3433 1248 3467 ι
1291 3417 1405 3486 ipso
1455 3415 1678 3470 sumus?
1727 3432 1747 3467 ι
1794 3415 1998 3470 dictum

427 3511 554 3566 illud
597 3509 889 3564 Mosaicum
921 3509 1076 3563 valde
1123 3509 1324 3563 acriter
1355 3510 1422 3564 iis
1470 3509 1524 3563 in
1561 3509 1878 3565 memoriam
1911 3523 1997 3564 re-

425 3615 668 3656 vocans:
709 3619 727 3652 ι
775 3599 1145 3656 Provoearunt
1191 3615 1276 3655 me
1314 3603 1368 3655 in
1411 3615 1517 3655 non
1579 3601 1689 3657 Deo
1722 3619 1737 3657 :
1766 3605 1833 3657 ad
1891 3602 2001 3658 ira-

424 3694 675 3748 cundiam
707 3707 791 3746 me
812 3693 1221 3747 concitaverunt
1247 3693 1297 3747 in
1327 3693 1487 3748 idolis
1512 3694 1629 3749 suis
1649 3694 1699 3748 ιι.
1742 3712 1760 3745 ι

501 3785 663 3840 Vens.
698 3785 788 3839 25.
829 3801 848 3836 ι
888 3783 1080 3839 Omnia
1133 3785 1264 3839 mihi
1312 3787 1496 3853 licent,
1540 3786 1634 3840 sed
1678 3801 1781 3842 non
1816 3787 1997 3842 omnia

423 3879 734 3947 evpediunt.
775 3895 792 3928 ι
837 3876 916 3931 Ne
952 3877 1073 3946 quis
1123 3875 1195 3931 illi
1225 3877 1484 3944 obiiciat:
1535 3875 1823 3948 Tantisper
1871 3880 1996 3933 dum

424 3987 558 4041 pura
604 3985 724 4024 cum
767 3973 1095 4026 conscientia
1143 3971 1560 4034 manducavero,
1595 3972 1735 4026 istud
1766 3971 1998 4027 faciendi

423 4073 742 4134 p0testatem
785 4063 957 4118 habeo
991 4081 1003 4116 :
1039 4063 1219 4127 Certe,
1256 4063 1448 4132 inquit,
1478 4063 1654 4116 omnia
1689 4063 1782 4117 tibi
1815 4065 1999 4129 licent,

422 4154 857 4225 quandoquidem
888 4153 1093 4224 preprii
1126 4154 1339 4208 arbitrii
1378 4155 1628 4210 dominus
1661 4170 1689 4208 a
1734 4154 1844 4209 Deo
1871 4171 2001 4209 eon-

421 4249 570 4303 ditus
607 4261 665 4301 es
706 4264 719 4301 :
753 4260 938 4300 verum
984 4245 1086 4298 hoc
1117 4245 1290 4315 ipsum
1339 4253 1398 4298 ut
1429 4244 1579 4308 edas,
1627 4258 1734 4299 non
1780 4247 2001 4300 omnino

421 4339 517 4395 tibi
545 4338 780 4408 expellit.
814 4336 994 4391 lsthae
1022 4336 1167 4390 enim
1203 4335 1575 4406 progrediens,
1605 4335 1658 4388 in
1704 4334 1842 4389 idola
1871 4348 1997 4404 pro-

421 4429 700 4500 pendebis,
735 4429 976 4497 ipsorum
1010 4442 1228 4482 mensas
1259 4426 1572 4497 frequenter
1603 4427 1997 4497 participando.

2113 1942 2353 2012 έχοντες,
2385 1942 2542 2014 δῆλον
2565 1944 2647 1997 ὅτι
2679 1943 2900 2015 δαίμοσι
2941 1943 3312 1999 κοινωνοῦσιν.

2179 2053 2198 2088 ι
2227 2036 2300 2088 Οὐ
2329 2033 2560 2088 δύνασθε
2593 2037 2856 2106 ποτήριον
2883 2033 3090 2104 Κυρίου
3126 2035 3326 2098 πίνειν,
3378 2037 3497 2088 καί·
3522 2036 3663 2105 ποτῇ·

2116 2145 2231 2200 ριον
2279 2127 2598 2200 δαιμονίων.
2638 2146 2658 2180 s
2730 2127 2952 2199 Ἐπειδὴ
3008 2130 3067 2182 ὲν
3102 2129 3256 2195 τάξει
3311 2128 3664 2199 παραινέσεως

2111 2218 2284 2276 εἶπεν·
2311 2241 2330 2274 ι
2362 2223 2437 2276 Ού
2452 2221 2591 2276 θέλω
2618 2221 2764 2292 ὑμᾶς
2788 2222 3079 2286 κοινωνοὺς
3095 2222 3204 2277 τῶν
3230 2221 3519 2293 δαιμονίων
3540 2222 3663 2290 γίνε·

2113 2313 2277 2368 σθαι·
2314 2331 2334 2366 ι
2380 2314 2469 2368 ἵνα
2501 2317 2576 2386 μὴ
2610 2316 2931 2388 παραίνεσις
2980 2316 3392 2388 καταφροηθῇ,
3447 2318 3502 2370 ὲν
3535 2316 3663 2379 τάξει

2109 2405 2439 2476 ἀποφάσεως
2469 2405 2564 2460 νῦν
2586 2407 2718 2461 αὐτὸ
2747 2406 3012 2476 τέθεικεν,
3053 2407 3258 2463 εἰπών’
3295 2429 3313 2461 ι
3348 2409 3421 2462 Ού
3459 2408 3660 2463 δύνασθε

2109 2495 2372 2566 ποτήριον
2403 2496 2613 2568 Κυρίου
2641 2495 2840 2564 πίνειν,
2869 2497 2965 2552 καὶ
3010 2498 3273 2571 ποτήριον
3304 2497 3608 2568 δαιμονίων.
3640 2516 3655 2548 ι

2185 2693 2206 2726 ι
2243 2672 2318 2729 Οὐ
2343 2674 2575 2729 δύνασθε
2601 2675 2884 2748 τραπέζης
2914 2677 3124 2749 Κυρίου
3145 2677 3416 2750 μετέχειν,
3443 2678 3536 2733 καὶ
3553 2696 3661 2749 τρα-

2110 2763 2281 2836 πέζης
2305 2766 2624 2837 δαιμονίων.
2657 2785 2676 2820 s
2715 2767 2812 2821 Ἐκ
2846 2769 3027 2839 μόνων
3063 2768 3173 2823 τῶν
3202 2770 3485 2841 ὀνομάτων
3507 2788 3657 2824 κατα-

2108 2857 2387 2924 σκευάζει,
2416 2859 2478 2912 τδ
2506 2858 2618 2912 δεῖν
2644 2858 2948 2931 ἀπέχεσθαι
2984 2860 3092 2914 τῶν
3115 2861 3500 2917 εἰδωλοθύτων.

2183 2968 2202 3002 ι
2236 2950 2308 3002 Ἢ
2329 2949 2754 3022 παραζηλοῦμεν
2801 2951 2892 3004 τὸν
2932 2953 3175 3025 Κύριον;
3223 2953 3298 3027 μὴ
3345 2955 3656 3028 ἰσχυρότεροι

2107 3041 2274 3096 αὐτου
2304 3042 2508 3112 ἐσμεν;
2543 3060 2562 3094 ι
2633 3043 3038 3114 Ἐντρεπτικῶς
3083 3045 3244 3099 τοῦτο
3297 3046 3560 3104 τέθεικεν.
3597 3048 3657 3103 Ἦ

2110 3131 2465 3204 πειράζὸμεν,
2509 3134 2663 3205 φησί,
2720 3134 2816 3187 καὶ
2850 3135 3261 3206 παρακνίζομεν
3314 3136 3408 3190 τὸν
3443 3138 3587 3202 Θεὸν,
3616 3139 3656 3193 εί

2103 3226 2330 3280 δύναται
2361 3227 2590 3283 κολάσαι
2616 3229 2766 3299 ἡμᾶς
2788 3228 2926 3300 πρὸς
2947 3230 3072 3294 τοὺς
3100 3230 3329 3300 ἐχθροὺς
3353 3230 3513 3284 αὑτοῦ
3541 3232 3656 3285 ἁπο-

2105 3318 2450 3390 χωροῢντας;
2512 3317 2647 3374 Εἶτα
2712 3321 2792 3383 είς
2836 3320 3038 3375 ἄτοπον
3097 3323 3331 3390 ἀπάγων
3375 3323 3466 3375 τὸν
3494 3323 3649 3390 λόγον,

2105 3413 2272 3483 φησί’
2306 3432 2324 3464 ι
2361 3412 2452 3484 Μὴ
2497 3413 2835 3485 ἰσχυρότεροι
2867 3414 3033 3468 αὐτοῦ
3082 3415 3282 3485 ἐσμεν;
3323 3418 3652 3488 »ἀναμιμνή-

2106 3523 2251 3559 σκων
2280 3506 2326 3539 ³⁸
2357 3507 2563 3579 σφόδρα
2585 3507 2904 3578 πληκτικῶς
2933 3507 3034 3578 τῆς
3089 3504 3398 3580 Μωσάῖκῆς
3428 3513 3615 3581 ρήσεως
3637 3526 3649 3538 ·

2109 3615 2126 3648 ι
2167 3596 2570 3667 Παρεζήλωσάν
2605 3615 2674 3666 με
2696 3597 2785 3649 ἐπ’
2805 3598 2866 3651 οὐ
2893 3597 3031 3669 Θεῷ,
3064 3599 3424 3670 παρώργισάν
3453 3619 3519 3672 με
3543 3602 3592 3654 ὲν
3610 3599 3649 3633 ³⁸

2102 3689 2214 3750 τοῖς
2239 3687 2480 3751 εἰδώλοις
2505 3688 2710 3741 αὐτῶν.
2751 3705 2771 3739 ι

2187 3799 2206 3833 ι
2237 3780 2424 3834 Πάντα
2459 3797 2552 3850 μοι
2604 3781 2837 3848 ἔξεστιν,
2865 3781 2982 3836 ἀλλ’
3009 3782 3072 3836 οὐ
3119 3782 3299 3839 πάντα
3329 3787 3596 3857 συμφέρει.
3625 3804 3642 3837 ι

2102 3871 2219 3926 Ἵνσ
2249 3873 2324 3942 μή
2354 3889 2437 3936 τις
2464 3872 2596 3945 εἴπῃ
2647 3873 2818 3944 αὐτῷ,
2863 3874 2948 3928 ὅτι
2985 3875 3141 3928 Μετὰ
3202 3877 3451 3947 καθαρᾶς
3484 3878 3648 3931 ἐσθίων

2104 3965 2461 4034 συνειδήσεως
2484 3964 2736 4029 ἐξουσίαν
2779 3965 2889 4036 ἔχω
2921 3967 3080 4021 τοῦτο
3111 3971 3287 4022 ποιεῖν
3306 3985 3321 3999 ο
3347 3970 3473 4036 Ναὶ,
3515 3971 3644 4040 φησὶ,

2103 4057 2282 4111 πάντα
2319 4057 2419 4127 μέν
2468 4074 2550 4111 σοι
2579 4056 2786 4122 ἔξεστιν
2809 4097 2822 4124 ,
2853 4059 2897 4091 ³⁸
2932 4059 3120 4131 ἐπειδὴ
3151 4061 3314 4124 αὐτὸς
3363 4064 3507 4133 παρά
3531 4061 3643 4115 Θεοῦ

2103 4150 2452 4218 αὑτεξούσιος
2508 4151 2776 4220 γέγονας·
2830 4151 2948 4207 ἀλλ’
3008 4153 3071 4206 ού
3134 4154 3356 4218 πάντως
3411 4155 3643 4226 συμφέρει

2106 4257 2190 4294 σοι
2239 4242 2301 4294 τὸ
2341 4241 2582 4295 ὲσθίειν⁶
2614 4242 2720 4312 ὁδῷ
2759 4241 2868 4314 γὰρ
2907 4243 3235 4314 προϐαίνων,
3265 4245 3498 4300 διάθεσιν
3522 4247 3638 4310 ἔξεις

2103 4329 2239 4400 πρὸς
2289 4330 2359 4383 τὰ
2384 4331 2600 4397 εἴδωλα,
2642 4330 2720 4402 τῷ
2781 4333 3022 4402 συνεχῶς
3069 4335 3348 4388 κοινωνεῖν
3399 4334 3502 4387 τῶν
3529 4351 3638 4404 τρα-

2103 4422 2286 4486 πεζῶν
2314 4423 2515 4478 αὐτῶν.

498 4538 517 4573 ι
557 4521 750 4576 Omnia
799 4519 928 4574 mihi
974 4519 1159 4585 licent,
1197 4529 1252 4574 at
1286 4534 1393 4574 non
1425 4519 1607 4574 omnia
1639 4519 1929 4574 aedificant.
1969 4538 1989 4572 ι

2187 4534 2207 4567 ι
2237 4516 2422 4569 Πάντα
2449 4533 2538 4587 μοι
2581 4515 2814 4585 ἔξεστιν,
2876 4517 2994 4573 ἀλλ’
3017 4519 3079 4571 ού
3111 4519 3291 4574 πάντα
3314 4519 3589 4588 οἰκοδομεῖ.
3621 4534 3636 4566 ι

419 4613 607 4684 Neque
655 4615 748 4668 tibi
782 4614 1020 4682 prodest,
1055 4613 1252 4684 inquit,
1284 4613 1429 4667 sicut
1458 4622 1513 4667 et
1555 4622 1712 4668 antea
1739 4613 1870 4677 dixi,
1905 4628 2000 4669 ne-

421 4721 528 4776 que
562 4708 712 4760 fratri
747 4718 838 4760 tuo
871 4723 884 4759 :
916 4706 1086 4775 ipsum
1120 4707 1264 4759 enim
1297 4721 1404 4760 non
1443 4705 1693 4771 aedificat,
1737 4706 1864 4774 quin
1902 4720 2000 4776 po-

421 4803 525 4855 tius
571 4800 799 4854 destruit
844 4813 905 4851 ac
951 4797 1145 4852 evertit
1195 4798 1364 4866 ipsius
1408 4796 1588 4852 fidem.
1635 4796 1769 4851 Cum
1816 4796 1999 4864 itaque

419 4901 597 4964 neQue
653 4902 723 4956 te,
773 4903 948 4960 neque
984 4889 1205 4944 fratrem
1247 4889 1485 4960 adjuvet,
1517 4888 1643 4959 quid
1675 4890 1774 4944 hoc
1817 4885 1998 4943 facis?

494 5073 650 5127 Vens.
689 5070 779 5124 ιιι.
823 5088 841 5121 ι
889 5069 1057 5125 Nemo
1102 5069 1244 5140 quod
1289 5085 1443 5124 suum
1490 5080 1575 5125 est
1615 5078 1844 5140 quaerat,
1896 5068 1992 5125 sed

414 5171 644 5236 quisque
687 5163 832 5233 quod
883 5164 1116 5232 proximi
1156 5172 1258 5217 cst.
1316 5180 1334 5214 ι
1388 5161 1470 5218 Ne
1503 5178 1717 5233 qumras
1762 5177 1888 5217 num
1938 5171 1992 5216 tu

487 5279 512 5318 ι
548 5280 702 5335 Deut.
739 5293 910 5343 xxxii,
932 5277 1021 5331 ει.

2107 4604 2246 4659 Οὔτε
2273 4608 2356 4659 σοί
2380 4607 2673 4678 συμφέρει,
2697 4609 2854 4678 φησὶ,
2882 4609 3019 4663 καθὸ
3049 4608 3144 4663 καὶ
3167 4610 3452 4680 προλαϐὼν
3478 4605 3638 4667 εἷπον,

2101 4703 2224 4757 οὔτε
2250 4701 2327 4773 τῷ
2381 4701 2595 4773 ἀδελφῷ
2635 4719 2730 4756 σου
2752 4718 2766 4734 ο
2801 4703 2862 4756 οὐ
2888 4704 2996 4774 γάρ
3025 4703 3300 4774 οἰκοδομεῖ
3329 4705 3504 4768 αύτὶν,
3530 4700 3638 4756 ἀλλὰ

2105 4796 2304 4866 μᾶλλον
2337 4797 2606 4866 καθαιρεῖ,
2635 4798 2730 4850 καὶ
2756 4798 3136 4852 κατασκάπτει
3160 4797 3258 4868 τήν
3280 4799 3460 4852 πίστιν
3479 4794 3633 4850 αὑτοῦ.

2104 4889 2270 4940 Ὥστε
2323 4887 2446 4942 ἐπεὶ
2496 4886 2620 4941 οὔτε
2677 4887 2737 4940 σὲ
2780 4886 3002 4957 ώφελεϊ,
3057 4886 3184 4940 οὔτε
3235 4888 3327 4943 τὸν
3354 4885 3636 4957 ἀδελφὸν,τί

2103 4978 2261 5031 τοῦτο
2293 4981 2470 5041 ποιεῖς
2490 4995 2505 5045 ;

2177 5088 2196 5122 ι
2234 5071 2437 5142 Μηδεὶς
2457 5071 2518 5124 τὸ
2544 5071 2736 5126 ἑαυτοῦ
2768 5071 3002 5144 ζητείτω
3028 5115 3043 5140 ,
3099 5073 3238 5129 ἀλλὰ
3289 5074 3352 5128 τό
3389 5070 3477 5126 τοῦ
3523 5069 3636 5137 πληο

2102 5161 2218 5216 σίον
2237 5163 2489 5228 ἕκαστος.
2527 5184 2545 5217 ι
2569 5165 2664 5226 Μὴ
2691 5165 2843 5229 ζήτει
2867 5165 3047 5233 τοῦτο,
3079 5168 3126 5226 εἰ
3154 5168 3216 5221 σὺ
3239 5167 3435 5230 ἐσθίεις
3454 5160 3631 5218 καθαοί

1745 5393 1940 5457 Variae
1996 5380 2324 5458 lectiones.

485 5523 528 5554 "
564 5524 816 5612 εφοϐήθέιί
845 5524 1086 5612 μήπως,
1120 5523 1311 5608 δόξωσι
1357 5522 1759 5612 ταῦταηλέςίειν
1811 5526 1974 5612 αὑτὸν
2017 5525 2092 5589 ὡς
2133 5528 2298 5611 ’ἰσχὺν
2320 5523 2552 5612 έχόντων
2581 5525 2689 5612 τών
2736 5525 3331 5612 εἰδώλωνἉιςαίιφησιν
3361 5523 3438 5612 ὅτι
3463 5520 3547 5589 οὐχ

415 5594 736 5663 δυναμένων
765 5594 967 5665 βλάψαι
998 5597 1029 5666 ἢ

421 5669 616 5730 uicere,
652 5676 921 5732 putarent,
951 5668 1104 5736 quasi
1130 5669 1290 5718 idolis
1319 5669 1390 5719 vis
1415 5668 1594 5733 aliqua
1619 5669 1808 5721 inesset
1841 5683 1858 5720 :
1895 5673 2030 5721 unde
2060 5669 2135 5720 ait
2159 5683 2177 5720 .°
2212 5667 2334 5722 Non

415 5750 556 5810 circa
577 5739 650 5810 ab
681 5737 745 5790 iis
765 5738 1146 5810 υοςιμιιζιιίιιιευ.Δ
1195 5736 1240 5767 ³³
1271 5736 1542 5810 ἔϐλαπμτες
1574 5739 1792 5810 ἐκείνην
1832 5739 1863 5809 ἦ
1898 5739 2003 5808 ώφέ

2123 5754 2218 5802 ;o.

425 5805 471 5834 ³⁸
503 5807 596 5858 ἐπὶ
631 5822 684 5862 0.
761 5807 806 5839 ⁸⁸
833 5805 950 5861 ἀλλ’
987 5807 1046 5859 οὺ
1079 5806 1255 5862 πάντα
1275 5806 1565 5877 συμφέρει.

1057 5595 1339 5664 ὠφελῆσαι
1368 5597 1476 5648 τῶν
1509 5596 1764 5661 εἰδώλων,
1811 5599 2003 5664 άπάγω

2123 5595 2260 5661 ύτων
2311 5595 2453 5667 ὑμᾶς
2500 5596 2696 5667 m.Sit
2725 5598 2947 5666 aliquid.
2995 5595 3252 5660 Timebat,
3304 5597 3501 5667 rte/«rc
3534 5603 3628 5667 ειιξη

2377 5669 2498 5736 quia
2533 5666 2627 5719 illa
2660 5660 2838 5722 obesse
2860 5669 3079 5735 possint,
3133 5677 3226 5720 aut
3271 5665 3532 5736 prodesse,
3559 5660 3627 5710 id-

2321 5733 2397 5770 ⁸³⁶’
2430 5739 2756 5810 δεσποτικῆς
2791 5733 2868 5794 ο..
2919 5738 2996 5813 L“
3039 5739 3441 5810 ἀναμιμνήσκει
3495 5733 3543 5786 δὲ
3585 5741 3626 5781 ο.
