3806 6572
105 443 193 510 539
835 429 1243 493 EXPOSITIO
1280 428 1364 491 IN
1392 425 1638 492 EPIST.
1680 424 1710 486 I
1742 424 1844 487 AD
1883 424 2054 486 con.
2078 447 2147 460 —
2186 425 2352 497 CAP,
2377 425 2450 486 Χ.
3208 420 3321 488 690
3372 403 3378 420 "

104 551 398 623 συνειδήσει,
422 545 534 603 ἀλλ’
561 544 610 600 εί
634 543 726 600 τὸν
753 545 982 616 ἀδελφὸν
1027 545 1302 616 οἰκοδομεῖ
1325 544 1386 598 τὸ
1414 541 1637 613 γινόμε-
1665 583 1675 601 λ

1793 555 1880 597 ira
1909 537 2244 598 conscientia
2283 538 2566 606 vescaris;
2609 537 2702 596 sed
2746 552 2872 596 num
2905 538 3128 596 fratrem
3167 537 3321 597 tuum

103 654 197 706 ὕον.
223 643 480 716 Πολλαχοῦ
512 641 570 697 δὲ
601 642 643 675 ³⁷
678 641 789 695 τῶν
835 639 1166 695 Ἐπιστολῶν
1192 637 1352 693 τοῦτο
1397 636 1635 706 τίθησιν,

1793 637 1972 692 dilicet
2017 650 2081 691 ea
2112 650 2222 690 res.
2268 633 2422 704 Saepe
2453 632 2596 690 enim
2629 635 2684 690 in
2713 634 2986 705 .Epistolis
3022 634 3127 690 hoc
3167 636 3325 706 ponit

103 747 166 810 ὡς
189 738 621 810 ἀναγκαιότατον.
654 736 767 808 Οὐχ
794 734 979 798 ἁπλῶς
1004 733 1061 787 δὲ
1093 732 1307 788 κελεύει
1340 731 1414 802 μὴ
1456 731 1638 800 ζητεῖν

1793 745 2000 802 inquam
2033 729 2269 784 maxime
2310 728 2699 783 necessarium.
2731 727 2849 784 Non
2891 737 3072 784 autem
3112 727 3326 798 simpli-

104 838 154 892 τὸ
179 835 358 888 οίκεῖον
410 829 712 901 συμφέρον,
772 827 886 882 ἀλλ’
934 827 1065 880 ὅταν
1104 823 1264 878 τοῦτο
1294 823 1506 894 βλάπτῃ
1548 820 1638 874 τὸν

1803 835 1883 880 ter
1928 822 2196 893 praecipit,
2230 835 2296 876 ne
2336 821 2610 890 propriam
2659 821 2946 876 utilitatem
2993 834 3323 892 quaeramus,

105 926 322 996 ἀδελφόν.
341 923 471 977 Τότε
500 923 610 993 γὰρ
646 921 708 975 τὸ
735 908 948 974 ἐκείνου
979 918 1258 990 συμφέρον
1310 916 1420 987 χρὴ
1449 930 1640 986 προτι⁹

1793 917 1837 970 ει]
1869 931 1988 970 cum
2021 914 2172 969 fratri
2202 914 2275 970 sit
2309 913 2396 969 illa
2421 913 2788 969 incommodo.
2818 912 2955 968 Tum
2977 915 3120 968 enim
3157 914 3327 985 ipsius

109 1021 198 1092 μᾷν
225 1017 310 1072 καὶ
337 1015 724 1087 προαιρεῖσθαι
745 1013 841 1068 τοῦ
877 1013 1032 1068 ἰδίου.

1793 1007 2036 1062 tilitatem
2067 1005 2298 1076 propriae
2329 1003 2586 1074 praeferre
2608 1012 2662 1060 et
2698 1004 3013 1075 praeeligere
3041 1005 3323 1091 debemus:

166 1128 184 1163 ι
213 1108 318 1162 Πᾶν
342 1080 400 1159 τδ
427 1107 485 1158 έν
511 1080 769 1176 μακέλλῳ
806 1103 1158 1174 πωλούμενον
1199 1101 1429 1167 ἐσθίετε,
1476 1099 1642 1173 μηδὲν

1817 1099 1982 1156 Vens.
2013 1099 2105 1154 25.
2142 1117 2161 1151 ι
2198 1097 2370 1152 Omne
2405 1097 2549 1167 quod
2585 1097 2640 1152 in
2683 1095 2908 1151 macello
2953 1097 3124 1162 venit,
3174 1080 3331 1151 man;

105 1199 452 1272 ἀνακρίνοντες
472 1197 562 1252 διὰ
581 1198 682 1268 τὴν
713 1197 1038 1266 συνείδησιν.
1083 1217 1102 1249 ι
1152 1195 1371 1265 Ἐπειδὴ
1393 1195 1482 1248 διὰ
1509 1195 1643 1249 πολ-

1793 1201 1962 1256 ucate,
1997 1193 2128 1248 nihil
2165 1192 2566 1260 interrogantes
2598 1198 2822 1260 propter
2849 1189 3266 1244 conscientiam.
3305 1206 3323 1240 ι

105 1292 192 1345 λῶν
244 1288 664 1354 κατεσκεύασεν,
723 1288 807 1342 ὅτι
855 1287 938 1341 δεῖ
976 1287 1179 1349 αὐτοὺς
1209 1285 1508 1356 ἀπέχεσθαι
1533 1286 1644 1338 τῶν

1795 1302 1886 1341 um
1939 1287 2204 1342 hactenus
2259 1283 2445 1340 multis
2507 1283 2888 1339 confirmasset
2947 1281 3329 1336 abstinendum
3384 1270 3393 1284 ”’

105 1380 437 1437 εἰδωλοθύτων
459 1397 476 1412 ·
509 1381 598 1434 ἶνα
635 1379 710 1452 μὴ
742 1379 905 1434 πάλιν
939 1379 1351 1450 περιεργότεροι
1375 1375 1471 1430 τοῦ
1501 1376 1645 1429 δέον-

1793 1379 1905 1433 lane
1937 1379 2004 1432 ab
2039 1377 2358 1446 idolothytis
2381 1416 2396 1442 ,
2434 1390 2502 1431 ne
2545 1390 2760 1431 rursum
2794 1373 2914 1445 plus
2948 1388 3104 1440 aequo
3151 1371 3334 1426 curio-

105 1493 180 1538 τος
203 1472 470 1542 γίνωνται,
502 1471 644 1526 ὥστε
679 1469 1073 1544 παραιτεῖσθαι
1105 1470 1200 1524 καὶ
1224 1469 1292 1524 τὰ
1319 1468 1404 1522 ἐπ’
1438 1469 1646 1540 ἀγορᾶς

1797 1485 1922 1525 ores
1958 1469 2277 1533 reddantur,
2323 1469 2458 1524 adeo
2503 1476 2562 1522 nt
2605 1467 2914 1523 abstineant
2957 1466 3124 1521 etiam
3165 1465 3333 1524 abiis
3387 1454 3392 1458 ’

106 1566 236 1632 ὥνια,
255 1563 554 1625 δεδοικότες
587 1563 788 1633 μήπως
819 1557 931 1616 εἷεν
985 1549 1090 1615 καί
1110 1562 1248 1614 αύτά
1295 1561 1644 1625 εἰδωλόθυτα,

1793 1579 1870 1618 uae
1897 1565 1947 1617 in
1985 1561 2101 1616 foro
2124 1568 2396 1628 vwneunt,
2424 1569 2725 1615 metuentes
2754 1573 2821 1613 ne
2853 1568 2908 1614 et
2937 1572 2998 1613 ea
3031 1557 3138 1614 sint
3162 1556 3332 1611 idolo-

107 1656 264 1728 φησὶν,
289 1656 368 1708 ὃτι
411 1675 429 1706 ι
473 1655 590 1708 ΙΙᾶν
611 1653 671 1706 τὸ
697 1652 1049 1723 πωλούμενον
1080 1651 1310 1717 ἐσθίετε,
1352 1671 1368 1702 ι
1402 1651 1476 1723 μὴ
1511 1651 1646 1703 ἀνα-

1796 1667 1902 1728 iyta
1940 1673 1954 1711 :
1983 1655 2177 1720 Omne,
2203 1656 2394 1726 inquit,
2423 1654 2562 1724 quod
2587 1653 2860 1720 venditur,
2888 1652 3052 1716 edite,
3085 1667 3186 1704 non
3215 1665 3338 1705 exa-

109 1749 350 1818 κρίνοντες
411 1747 540 1810 τοὺς
596 1745 933 1810 πωλοδντας,
970 1745 1066 1798 καί
1101 1744 1436 1814 ἐρωτῶντες,
1465 1743 1514 1796 εί
1539 1742 1649 1812 ἀρα

1793 1751 2026 1805 tinantes
2075 1750 2390 1813 vendentes,
2432 1757 2487 1802 et
2536 1747 2939 1816 interrogantes
2987 1759 3114 1798 num
3159 1741 3335 1797 idolo-

108 1839 419 1893 εἰδωλόθυτόν
459 1840 632 1903 ἔστιν,
667 1839 743 1900 ὡς
781 1835 1145 1908 πληττόμενοι
1194 1840 1290 1908 τὴν
1317 1836 1648 1907 συνείδησιν,

1799 1853 1964 1916 lytum
1993 1842 2084 1906 sit,
2116 1851 2371 1911 tanquam
2401 1821 2734 1896 conscientia
2763 1846 2946 1893 vestra
2973 1834 3333 1897 consternati,

109 1934 185 1986 καὶ
213 1931 502 2003 καθαρίσαι
541 1930 713 2002 αὐτὴν
743 1931 1011 1993 θέλοντες.
1052 1931 1120 1982 Ἢ
1169 1930 1264 1983 καὶ
1295 1927 1470 1992 οὕτως
1490 1945 1504 1961 ο
1533 1929 1651 1981 Ἵνα

1796 1949 1916 1988 nam
1969 1933 2073 1988 hoc
2104 1943 2263 2001 pacto
2309 1945 2543 2001 purgare
2589 1926 2908 1984 intendatis.
2951 1927 3048 1984 Vel
3099 1927 3181 1983 sic
3213 1944 3227 1980 :
3260 1923 3338 1978 Ne

111 2027 171 2096 μὴ
195 2026 360 2096 πληγῇ
399 2027 435 2095 ἡ
467 2024 779 2096 συνείδησίς
803 2041 921 2090 σου,
963 2025 1052 2078 διὰ
1081 2023 1239 2077 τοῦτο
1264 2022 1339 2093 μὴ
1365 2022 1648 2092 ἀνάκρινε·

1793 2026 1983 2083 :riatnr
2029 2025 2188 2096 183
2225 2022 2560 2080 conscientia
2605 2033 2694 2077 tua
2718 2061 2732 2086 ,
2776 2028 3060 2092 prepterea
3099 2033 3166 2073 ne
3205 2033 3338 2072 exao

109 2120 214 2182 huic
241 2118 342 2190 γάρ
384 2118 696 2190 ἀνακρίνων
727 2119 971 2191 μαθήσῃ,
1001 2119 1080 2172 ὅτι
1121 2116 1472 2171 είδωλόθυτόν
1513 2117 1653 2184 ἐστι,

1795 2123 1952 2177 ιίηεε.
2009 2121 2264 2176 Fortasse
2310 2132 2569 2188 namque,
2626 2116 2670 2171 si
2726 2115 3020 2185 disquiras,
3073 2115 3338 2169 rescisces

109 2213 183 2264 καὶ
203 2211 532 2284 πληγήσεταί
567 2229 662 2266 σου
691 2213 722 2284 ή
755 2213 1085 2282 συνείδησις.

1797 2216 1917 2270 lolis
1943 2229 2063 2269 esse
2087 2213 2421 2268 immolatum
2453 2212 2594 2281 quod
2625 2224 2806 2265 emere
2835 2209 3062 2279 cogitas,
3088 2217 3140 2263 et
3173 2207 3338 2262 feric-

1047 2382 1054 2388 .
1760 2317 1847 2362 tur
1882 2305 2218 2362 conscientia
2252 2316 2361 2359 tua.

166 2411 184 2446 ι
215 2391 310 2448 Τοῦ
329 2393 443 2462 γὰρ
471 2394 678 2465 Κυρίου
709 2394 742 2464 ἡ
771 2395 863 2463 γῆ,
901 2392 992 2446 καὶ
1018 2392 1077 2447 τὸ
1109 2392 1384 2464 πλήρωμα
1409 2393 1604 2462 αὐτῆς.
1633 2412 1650 2444 ι

1832 2398 1996 2455 Vens.
2038 2399 2129 2452 26.
2171 2417 2189 2449 ι
2228 2395 2439 2451 Domini
2482 2396 2627 2452 enim
2659 2402 2744 2450 est
2775 2402 2942 2461 terra,
2969 2401 3022 2447 et
3051 2391 3336 2463 plenitudo

107 2485 214 2557 Οὐχὶ
241 2486 354 2540 τῶν
397 2486 708 2558 δαιμονίων.
743 2488 804 2540 El
830 2487 886 2540 δὲ
915 2489 946 2557 ἡ
979 2487 1072 2557 γῆ,
1121 2487 1212 2539 καὶ
1239 2489 1286 2540 οί
1321 2488 1524 2557 καρποὶ
1565 2487 1659 2539 καί

1793 2493 1895 2564 jns.
1932 2513 1951 2546 ι
1989 2491 2106 2547 Νοη
2156 2490 2567 2546 daemoniorum.
2621 2489 2772 2554 Quod
2817 2487 2860 2541 si
2905 2495 3048 2539 terra
3096 2486 3166 2539 sit
3200 2484 3338 2553 ejus,

108 2576 163 2631 τὰ
184 2577 367 2650 δένδρα
392 2580 486 2632 καὶ
531 2580 670 2644 ζῶα.
705 2581 768 2632 Εί
794 2579 848 2632 δὲ
879 2577 1044 2632 αὑτοῦ
1083 2578 1283 2640 πάντα,
1319 2578 1471 2647 ούδὲν
1518 2579 1658 2632 ἀκά-

109 2667 278 2739 θαρτον
305 2669 495 2740 φύσει,
523 2670 640 2724 ἀλλ’
665 2670 773 2724 ἀπὸ
798 2670 896 2741 τῆς
933 2671 1166 2726 ἑκάστου
1199 2668 1459 2734 διανοίας.

171 2870 188 2904 ι
215 2853 272 2906 Ei
292 2853 355 2907 δέ
383 2871 468 2918 τις
510 2854 669 2908 καλεῖ
717 2854 862 2925 ὑμᾶς
891 2854 999 2908 τῶν
1027 2853 1308 2917 ἀπίστων,
1353 2853 1449 2907 καὶ
1480 2852 1663 2906 θέλετε

112 2945 416 3015 πορεύεσθαι
435 2950 461 3010 ,’
488 2947 598 3000 πᾶν
639 2947 702 2999 τὸ
751 2945 1189 3016 παρατιθέμενον
1243 2947 1372 3017 ὑμῖν
1417 2945 1660 3012 ἐσθίετε,

112 3038 251 3108 μηδὲν
275 3039 664 3111 ἀνακρίνοντες
692 3037 782 3093 διὰ
814 3039 915 3110 τὴν
943 3039 1268 3109 συνείδησιν.
1309 3057 1328 3092 ι
1362 3037 1559 3100 Καλῶς
1579 3036 1663 3101 τὸ,

115 3147 132 3180 ι
163 3128 378 3185 Θέλετεο
420 3150 441 3182 ι
477 3130 601 3185 οὔτε
634 3133 746 3202 γὰρ
791 3131 1210 3202 προτρέψασθαι
1233 3170 1249 3196 ,
1283 3129 1406 3183 οὕτε
1439 3129 1483 3162 ³⁸
1524 3129 1666 3182 ἀπο.

111 3222 390 3292 τρέψασθαι
419 3223 582 3288 αὐτὸς
610 3224 890 3295 ἠϐούλετο.
920 3223 1103 3294 Μηδὲν
1130 3222 1187 3275 δὲ
1210 3222 1554 3293 ἀνακρίνετε,
1579 3221 1666 3275 ἵνα

116 3314 177 3384 μὴ
205 3320 264 3388 τῇ
310 3316 672 3390 περιττοτέρᾳ
705 3319 752 3351 ³³
783 3316 1076 3389 περιεργίᾳ
1117 3313 1412 3386 νομισθῆτε
1462 3314 1664 3386 δειλιᾷν

114 3405 173 3458 τὰ
191 3407 402 3472 εἴδωλα,
433 3410 530 3462 καὶ
561 3409 649 3464 ἵνα
691 3410 998 3480 φυλάττητε
1029 3407 1280 3478 καθαρὰν
1320 3407 1414 3462 καί
1444 3406 1667 3477 ἀπλῆγα

113 3498 195 3568 τὴν
216 3500 517 3572 συνείδησιν
543 3500 718 3570 ὑμῶν.

178 3615 196 3647 ι
234 3596 357 3650 Ἐὰν
383 3596 440 3650 δέ
469 3614 554 3660 τις
587 3597 716 3667 ὑμῖν
749 3594 877 3667 εἴπῃ
897 3611 910 3626 ⁸
936 3596 1107 3651 Τοῦτο
1141 3597 1490 3652 εἰδωλόθυτόν
1514 3598 1631 3651 ἐστι
1651 3611 1693 3664 ο,

120 3687 182 3758 μὴ
205 3689 431 3755 ἐσθίετε,
465 3688 553 3742 διά
583 3689 790 3744 ἐκεῖνον
815 3689 906 3742 τὸν
950 3689 1288 3760 μηνύσαντα,
1321 3690 1416 3745 καὶ
1445 3690 1543 3760 τὴν
1578 3707 1672 3743 συ-

119 3781 355 3852 νείδησινο
399 3782 494 3835 τοῦ
548 3781 658 3852 γὰρ
705 3781 912 3852 Κυρίου
941 3784 976 3854 ἡ
1007 3782 1100 3852 γῆ,
1153 3783 1249 3836 καὶ
1292 3784 1353 3838 τὺ
1397 3784 1672 3854 πλήρωμα

119 3873 290 3944 αὐτῆς.
334 3893 351 3926 ι
384 3875 496 3945 Οὐχ
533 3873 610 3938 ὡς
653 3873 934 3945 βλαϐερῶν
1000 3876 1301 3947 ἀπέχεσθαί
1333 3895 1392 3930 σε
1438 3877 1668 3943 κελεύω,

121 3962 238 4019 ἀλλὰ
259 3965 328 4020 δι’
365 3967 576 4020 ἐκεῖνον
608 3965 700 4018 τὸν
740 3964 1081 4036 μηνύσαντα,
1117 3966 1202 4021 ἵνα
1235 3967 1310 4038 μὴ
1355 3967 1548 4039 βλαὸῇ,
1579 3970 1673 4022 καὶ

122 4056 319 4130 νομίσῃ,
349 4057 430 4112 ὅτι
469 4057 538 4112 τά
563 4057 673 4112 τῶν
705 4057 938 4112 εἰδώλων
967 4057 1069 4112 οὐκ
1105 4059 1392 4130 ἀπόϐλητά
1426 4062 1533 4113 είσι
1565 4063 1676 4124 τοῖς

124 4146 471 4217 Χριπιανοῖς.
515 4149 670 4203 Ἐπεὶ
702 4149 786 4203 ὅτι
813 4149 912 4218 οὐχ
937 4148 1014 4212 ὡς
1049 4149 1400 4222 ἀκαθάρτων,
1431 4151 1552 4205 οὐδὲ
1579 4152 1680 4205 ἀλ-

122 4237 328 4311 λοτρίων
374 4241 543 4296 ὄντων
604 4242 699 4296 τοῦ
741 4243 1013 4315 ἡμετέρου
1075 4242 1312 4315 Κυρίου,
1373 4242 1676 4314 ἀπέχεσθαι

124 4328 356 4398 διδάσκω,
409 4332 568 4403 δῆλον
621 4334 895 4389 ἐντεῦθεν.
941 4354 960 4387 ι
998 4332 1108 4389 Τοῦ
1154 4335 1264 4407 γὰρ
1298 4335 1506 4407 Κυρίου
1541 4336 1574 4404 ή
1604 4335 1677 4405 γῆ

125 4423 210 4476 καὶ
234 4425 290 4478 τὸ
319 4426 590 4505 πλήρωμα
621 4429 814 4500 αὐτῆς,
862 4447 881 4482 ι
919 4429 1188 4493 τουτέστι,
1240 4428 1418 4483 πάντα
1449 4427 1517 4481 τὰ
1544 4429 1682 4497 πλη-

129 4520 312 4584 ροῦντα
348 4519 536 4591 αὐτὴν,
570 4521 639 4574 τὰ
675 4521 1122 4592 ἐμπεριεχόμενα
1163 4520 1325 4592 αὐτῇ.
1359 4523 1431 4574 ’Ἢ
1461 4521 1554 4574 καὶ
1581 4520 1678 4574 οὔ·

1765 2598 1874 2641 tum
1907 2585 2110 2640 fructus
2142 2592 2196 2638 et
2228 2582 2452 2637 arbores
2485 2589 2536 2633 et
2567 2577 2843 2633 animalia.
2877 2577 2934 2631 Si
2966 2585 3144 2631 autem
3175 2576 3344 2645 ipsius

1764 2679 1869 2732 sint
1901 2675 2103 2741 omnia,
2131 2685 2240 2728 tum
2269 2674 2403 2728 nihil
2432 2683 2621 2726 natura
2650 2680 2733 2726 est
2767 2669 3126 2736 immundum,
3159 2669 3253 2725 sed
3277 2683 3343 2724 ex
3397 2665 3402 2668 ’

1765 2770 2188 2839 uniuscujusque
2218 2768 2492 2836 opinione.

1838 2865 2002 2920 Vens.
2033 2863 2124 2918 27.
2167 2882 2184 2914 ι
2219 2861 2274 2916 Si
2301 2860 2420 2931 quis
2450 2869 2625 2916 autem
2648 2868 2804 2916 vocat
2830 2875 2922 2915 vos
2947 2859 3265 2924 inﬁdelium,
3293 2868 3350 2913 et

1768 2956 1929 3011 vultis
1960 2958 2057 3020 ire,
2105 2970 2264 3010 omne
2310 2956 2452 3023 quod
2485 2955 2637 3007 vobis
2672 2953 2982 3022 apponitur,
3019 2951 3183 3017 edite,
3215 2951 3350 3005 nihil

1768 3048 2168 3116 interrogantes
2220 3056 2442 3116 propter
2489 3045 2900 3100 conscientiam.
2944 3062 2962 3096 ι
2998 3043 3144 3099 Bene
3189 3042 3348 3110 dixit,

1776 3158 1794 3192 ι
1823 3139 2018 3194 Vultis.
2044 3159 2064 3192 ι
2089 3137 2274 3208 Neque
2303 3139 2445 3192 enim
2479 3138 2594 3207 ipsc
2617 3137 2892 3192 adhortari
2915 3137 2980 3192 ad
3015 3137 3139 3201 hoc,
3175 3149 3351 3204 neque

1771 3232 2045 3288 dehortari
2078 3230 2331 3286 instituit.
2363 3229 2500 3283 Nihil
2530 3238 2706 3282 autem
2734 3228 3088 3296 interrogate,
3120 3226 3349 3280 neido.a

1770 3324 1934 3381 nimia
1964 3322 2326 3379 sollicitudine
2360 3321 2650 3375 formidare
2690 3320 3004 3384 videamini,
3037 3329 3089 3374 et
3122 3328 3180 3373 ut
3215 3332 3349 3372 con-

1769 3415 2025 3472 scientias
2053 3424 2265 3470 vestras
2296 3427 2459 3482 puras
2489 3412 2912 3467 et-inconcussas
2932 3407 3267 3464 custodiatis.

1844 3603 2008 3660 Vens.
2042 3601 2132 3657 28.
2169 3620 2186 3654 ι
2222 3599 2277 3656 Si
2313 3601 2436 3670 quis
2463 3609 2640 3654 autem
2675 3598 2828 3651 vobis
2861 3596 3101 3652 dixerit:
3129 3597 3244 3650 Hoc
3270 3603 3354 3650 est

1773 3695 2112 3752 immolatum
2147 3693 2343 3748 idolis:
2382 3692 2548 3746 nolite
2586 3690 2919 3746 manducare
2949 3699 3171 3758 propter
3203 3689 3352 3743 illum

1775 3791 1864 3859 qni
1919 3788 2208 3852 indicavit,
2253 3795 2307 3842 et
2351 3784 2762 3840 conscientiam.
2823 3783 3036 3839 Domini
3077 3782 3219 3835 enim
3269 3789 3358 3836 est

1779 3893 1943 3946 terra,
1971 3890 2025 3936 et
2051 3878 2328 3948 plenitudo
2350 3877 2484 3946 ejus.
2527 3895 2547 3930 ›
2585 3875 2700 3931 Non
2729 3875 2894 3930 veluti
2928 3890 2956 3929 a
2984 3874 3146 3929 rebus
3178 3873 3360 3930 noxiis

1781 3974 1874 4029 tibi
1901 3971 2176 4027 abstinere
2194 3969 2426 4036 mando;
2459 3967 2554 4024 sed
2576 3977 2798 4039 propter
2817 3982 2938 4023 eum
2961 3967 3051 4037 qui
3073 3966 3360 4034 indicavit,

1779 4075 1838 4121 ut
1864 4064 1909 4120 is
1936 4079 2040 4120 non
2081 4062 2328 4127 lzedatur,
2377 4073 2540 4131 atque
2583 4069 2734 4132 putet
2779 4060 3042 4116 idolorum
3087 4074 3175 4114 res
3220 4059 3362 4114 haud

1782 4160 1934 4232 rejici
1979 4175 2008 4214 a
2046 4157 2398 4215 Christianis.
2448 4155 2584 4210 Nam
2643 4154 2786 4226 quod
2837 4169 2944 4209 non
3002 4163 3258 4224 tanquam
3294 4153 3364 4207 ab

1781 4252 2107 4318 immundis,
2153 4251 2238 4307 vel
2284 4251 2350 4304 ab
2395 4250 2462 4304 iis
2512 4263 2633 4318 quae
2685 4247 2798 4302 sint
2827 4261 2856 4300 a
2888 4245 3118 4300 Domino
3177 4256 3364 4300 nostro

1782 4346 1978 4411 aliena,
2001 4343 2380 4399 abstinendum
2403 4357 2522 4396 esse
2539 4339 2824 4404 doceo,ch
2853 4337 2978 4394 inde
3005 4337 3221 4408 planum
3248 4344 3360 4392 est:

1790 4459 1808 4492 ι
1853 4438 2062 4493 Domini
2113 4438 2255 4491 enim
2304 4446 2386 4490 est
2431 4444 2596 4498 terra,
2623 4443 2690 4493 ,et
2716 4431 2996 4502 plenitudo
3037 4431 3176 4500 ejus,
3215 4449 3234 4481 ι
3265 4431 3368 4485 hoc

1787 4540 1889 4598 est,
1923 4530 2103 4585 omnia
2131 4530 2302 4597 ipsum
2337 4526 2620 4595 replentia,
2651 4534 2705 4578 et
2745 4538 2866 4593 quae.
2896 4522 2949 4576 in
2982 4536 3042 4576 ea
3076 4523 3365 4577 continen-

124 4623 256 4672 τως.
293 4611 578 4682 Ἀπόσχου,
613 4614 770 4682 φησὶ,
799 4613 894 4668 τοῦ
943 4613 1235 4686 βρώματος
1273 4613 1494 4666 τούτου·
1529 4615 1675 4668 πᾶσα

1793 4628 1894 4673 tur.
1943 4615 2041 4671 Vel
2088 4615 2252 4669 etiam
2305 4613 2384 4667 sic
2413 4630 2426 4666 :
2455 4611 2706 4675 Abstine,
2764 4610 2960 4680 inquit,
2992 4625 3021 4664 a
3053 4610 3174 4665 cibo
3211 4611 3316 4666 isto
3349 4627 3364 4665 :

126 4702 229 4770 γὰρ
257 4705 377 4775 ἡγῆ
403 4705 500 4760 τοῦ
532 4705 741 4776 Κυρίου
780 4707 919 4772 ἐστὶ,
953 4712 1044 4762 καὶ
1074 4706 1254 4771 ἔξεστί
1279 4724 1361 4760 σοι
1390 4706 1615 4762 ἄλλοθεν
1635 4709 1681 4740 ⁵⁸

129 4793 505 4867 ἐμπλησθῆναι.
551 4796 846 4868 Ἀνέῳκται
873 4798 982 4868 γάρ
1016 4815 1099 4852 σοι
1122 4799 1319 4853 πάντα.

201 4906 221 4938 ι
254 4889 556 4963 Συνείὸησιν
585 4891 644 4945 δὲ
688 4891 834 4960 λέγω
867 4893 988 4962 οὐχὶ
1027 4893 1126 4962 τὴν
1160 4893 1378 4959 ἑαυτοῦ,
1417 4895 1554 4950 ἀλλά
1588 4898 1687 4968 τὴν

131 4979 215 5033 τοῦ
250 4983 448 5053 ἑτέρου.
491 5004 510 5038 ι
556 4984 836 5052 Τουτέστι,
887 4986 982 5039 τοῦ
1035 4986 1318 5056 Ἕλληνος.
1375 4989 1536 5052 Ἴσως
1579 4990 1687 5062 γὰρ

133 5075 274 5146 (ὅπερ
299 5073 469 5149 εἷπον)
503 5078 1098 5149 σκανδαλισθήσεται,ἢ
1127 5079 1202 5142 ὡς
1227 5079 1531 5151 λαίμαργον
1561 5083 1686 5152 κρί-

135 5183 246 5232 νων,
272 5170 302 5242 ῆ
330 5170 404 5234 ὥς
443 5173 512 5226 τὰ
544 5171 745 5226 εἴδωλα
789 5171 886 5226 καὶ
927 5172 988 5225 σὲ
1036 5172 1440 5243 ἀποδεχόμενον
1488 5175 1685 5244 ἐπίσης

132 5260 265 5332 αὐτῷ
291 5265 352 5318 “.
401 5263 543 5317 Ἀλλ’
579 5265 710 5327 ίσως
735 5263 879 5318 εἴποι
913 5281 997 5328 τις
1028 5265 1094 5319 ἄν
1114 5280 1128 5295 ·
1167 5265 1265 5318 Διά
1295 5265 1348 5318 τί
1378 5266 1688 5336 φροντίζεις

134 5351 218 5406 τοῦ
244 5357 604 5427 μηνύσαντος;
651 5357 812 5421 εἴπας
855 5358 964 5428 γὰρ
1010 5357 1304 5429 προλαϐών
1325 5373 1337 5385 ’
1373 5357 1439 5410 Τί
1469 5373 1560 5428 μοι
1595 5357 1690 5419 καὶ

135 5445 246 5512 τοὺς
274 5448 375 5515 ἔξω
421 5450 668 5524 κρίνειν;
723 5451 838 5505 Ούκ
873 5451 1088 5508 ἐκείνου
1146 5449 1439 5523 φροντίζων
1497 5450 1686 5520 φησὶν,

97 5561 120 5704 'j
203 5602 424 5668 1lCor.
465 5627 518 5680 ν,
578 5610 667 5666 19...

1788 4711 2038 4764 universa
2061 4708 2206 4762 enim
2233 4715 2376 4760 terra
2398 4702 2612 4758 Domini
2647 4713 2751 4770 est,
2781 4717 2844 4758 ac
2875 4703 2996 4758 licet
3023 4703 3117 4758 tibi
3149 4701 3367 4757 aliunde

1786 4803 2022 4872 impleri.
2053 4800 2188 4855 Nam
2218 4809 2409 4856 cuncta
2441 4799 2535 4854 tibi
2573 4809 2696 4853 sunt
2724 4809 2932 4867 aperta.

1860 4895 2026 4951 Vens.
2059 4894 2150 4950 29.
2188 4912 2209 4945 ι
2241 4893 2638 4948 Conscientiam
2676 4901 2855 4944 autem
2896 4892 3038 4957 dico,
3078 4907 3182 4945 non
3217 4899 3363 4944 tuam

1790 4988 1883 5045 sed
1920 4986 2161 5042 alterius.
2203 5004 2220 5036 ι
2261 4986 2372 5040 lloc
2409 4994 2512 5048 est,
2544 4983 2737 5039 Graeci.
2773 4981 3028 5038 Fortasse
3057 4983 3201 5037 enim
3265 4981 3366 5050 (uti

1795 5081 1929 5149 dixi)
1970 5079 2297 5143 oﬂ'endetur,
2337 5077 2422 5130 vel
2461 5087 2714 5146 tanquam
2753 5076 3169 5146 gastrimargum
3201 5081 3251 5128 te
3276 5073 3363 5141 ju-

1796 5172 2049 5235 dicando,
2085 5171 2169 5225 vel
2193 5185 2288 5225 ceu
2324 5185 2468 5234 eum,
2499 5168 2588 5238 qui
2620 5182 2772 5237 aeque
2799 5182 2864 5221 ac
2889 5167 3022 5235 ipse,
3052 5164 3192 5219 idola
3225 5164 3373 5218 exci-

1797 5266 1929 5336 piat.
1967 5264 2072 5320 Sed
2105 5265 2338 5318 fortasse
2367 5261 2511 5317 dicat
2534 5260 2825 5330 quiSpiam,
2853 5259 2995 5324 Quid
3029 5265 3081 5310 tu
3110 5255 3374 5311 sollicitus

1798 5375 1857 5415 cs
1881 5359 1948 5412 de
1972 5357 2064 5412 illo
2109 5357 2200 5425 qui
2237 5353 2599 5410 indicaverit?
2625 5353 2798 5419 Supra
2839 5349 2982 5402 enim
3004 5345 3214 5411 dixisti,
3236 5344 3375 5412 Quid

1801 5450 1932 5504 mihi
1960 5451 2023 5504 dc
2047 5450 2113 5504 iis
2143 5448 2232 5518 qui
2269 5447 2398 5501 foris
2419 5455 2564 5512 sunt,
2585 5444 2828 5515 judicare
2859 5440 2914 5494 1?
2944 5437 3061 5494 Non
3092 5437 3257 5507 illius,
3290 5437 3376 5492 in-

1449 5705 1645 5766 Varize
1706 5701 2035 5764 lCCllOllCS.

203 5835 539 5914 ³⁷,πανταχοῠ
601 5841 660 5898 δὲ
735 5840 896 5897 τοῦτο
957 5839 1217 5912 παραινεῖ
1273 5836 1332 5892 τὸ
1391 5834 1670 5907 συμφέρον
1722 5832 1799 5905 τῷ
1855 5829 2080 5902 πλησίον
2103 5844 2154 5886 ο.
2237 5830 2282 5862 ³⁸
2316 5828 2425 5900 ἢο.
2505 5826 2548 5860 ³³
2589 5827 2816 5898 περιττῇ
2855 5839 2925 5880 tn.
3005 5823 3050 5856 ‘°
3087 5821 3376 5878 ἄνωθενο.

148 5901 182 5935 ⁸⁸
210 5909 358 5966 αὑτὸν
390 5929 442 5970 ο.
