3806 6568
353 412 455 482 om
1295 406 1874 468 THEOPHYLACTI
1916 407 2330 470 BULGARIE
2365 388 2720 471 ARCHIEP.
3499 398 3610 464 osa

353 529 493 595 quit.
543 520 641 581 sed
689 519 853 577 vestri
902 531 1087 577 curam
1136 532 1288 587 gero,
1335 530 1405 571 ne
1443 515 1927 573 condcmuemini:

2071 520 2150 573 λλ’
2200 519 2376 592 ὑμῶν,
2407 519 2496 575 ῖνα
2524 518 2601 592 μὴ
2647 515 3145 589 καταγινώσκησθε
3170 533 3185 550 ο
3230 514 3321 585 διὸλ
3356 513 3452 568 καὶ
3517 512 3609 570 ἐπ-

352 617 556 674 idcirco
578 612 818 671 addidit:

430 729 450 764 ε
496 707 562 765 Ut
585 706 718 779 quid
740 705 888 763 enim
917 703 1142 762 libertas
1191 717 1310 759 mea
1338 702 1618 775 iudicatur
1655 700 1723 756 ab
1756 699 1937 757 aliena

352 796 724 857 conscientia?
765 814 785 850 ι
821 795 941 851 Νοιι
992 796 1320 862 observare,
1372 802 1430 851 et
1475 808 1585 850 non
1638 791 1937 863 prohiberi,

351 893 654 950 libertatem
699 892 852 950 dicit.
899 892 1011 964 Ego
1059 894 1230 960 enim,
1270 890 1470 962 inquit,
1520 891 1702 950 libere
1738 897 1795 945 et
1821 889 1943 946 sine

350 988 732 1047 observatione
762 1004 976 1053 vescor,
1010 988 1235 1046 Grazcus
1260 1003 1391 1045 vero
1422 1002 1508 1043 me
1532 984 1943 1054 condemnabit,

352 1078 558 1137 Fabula
584 1089 690 1146 est,
725 1080 1004 1153 inquiens,
1038 1079 1478 1138 Christianorum
1523 1078 1712 1149 religio
1743 1092 1759 1132 :
1793 1077 1947 1132 aiunt

354 1173 573 1243 quidem
606 1173 750 1230 idola
799 1187 921 1230 sese
957 1173 1259 1237 exsecrari,
1293 1183 1347 1229 et
1380 1171 1598 1228 interim
1626 1186 1691 1228 ea
1726 1185 1849 1244 qua:
1882 1170 1948 1227 iis

352 1268 532 1325 oblata
561 1275 688 1325 sunt
722 1268 956 1325 libenter
985 1268 1313 1324 comedunt.

427 1360 594 1418 Vens.
621 1361 713 1419 50.
748 1381 766 1416 ι
798 1360 857 1418 Si
877 1375 977 1433 ego
995 1374 1116 1416 eum
1142 1360 1315 1432 gratia
1339 1360 1624 1430 participo,
1645 1357 1776 1431 quid
1832 1357 1953 1416 bla-~

355 1454 615 1524 spbcmor
634 1454 751 1525 ejus
780 1453 858 1510 rei
890 1453 1087 1522 gratia,
1112 1466 1211 1523 pro
1230 1466 1336 1524 qua
1369 1452 1572 1522 gratias
1595 1450 1735 1524 ago?
1764 1468 1784 1504 ι
1813 1448 1948 1523 Ego,

355 1547 556 1618 inquit,
595 1546 771 1603 libere
804 1545 1073 1617 participo
1108 1555 1395 1602 creaturas
1426 1545 1542 1611 Dei,
1583 1558 1683 1615 per
1715 1543 1949 1616 gratiam

361 1639 455 1696 Dei
483 1654 606 1712 qua:
632 1654 722 1695 me
759 1639 1009 1695 stabilem
1044 1647 1099 1694 et
1126 1639 1341 1693 ﬁrmum
1373 1636 1524 1707 fecit,
1553 1636 1692 1693 adeo
1722 1644 1781 1692 ut
1814 1633 1951 1690 nihil

357 1736 689 1789 observem:
719 1742 774 1788 at
818 1732 1042 1789 Graecus
1090 1730 1490 1789 conviciabitur
1550 1730 1704 1800 mihi,
1754 1729 1955 1800 quippe

356 1826 448 1896 qui
488 1826 742 1883 simulem
775 1840 865 1882 me
911 1824 1051 1882 idola
1089 1824 1254 1898 184
1286 1825 1506 1894 quidem
1538 1822 1753 1893 iugere,
1784 1831 1840 1880 et
1864 1832 1947 1879 ta-

357 1935 481 1976 men
508 1935 606 1991 per
629 1919 811 1990 gulam
839 1918 917 1976 eis
947 1919 1229 1975 immolata
1254 1918 1559 1975 comedam.
1586 1916 1741 1984 Quod
1761 1924 1945 1972 autem
1976 1899 2019 1955 Β

357 2011 563 2082 adjicit,
601 2031 622 2067 ι
664 2013 772 2070 Pro
819 2028 930 2085 quo
974 2012 1181 2084 gratias
1225 2026 1350 2085 ago,
1395 2030 1416 2065 ι
1455 2010 1766 2082 hujusmodi
1816 2018 1941 2065 est:

357 2106 494 2178 Ego,
540 2106 741 2174 inquit,
789 2105 994 2177 gratias
1028 2120 1129 2175 ago
1161 2105 1294 2170 Deo,
1319 2104 1462 2176 quod
1496 2103 1631 2160 adeo
1652 2115 1740 2158 me
1761 2101 1944 2159 excel-

359 2214 479 2254 sum
532 2199 685 2267 fecit,
716 2214 781 2255 ac
824 2196 1049 2255 Iudaica
1102 2196 1410 2254 humilitate
1457 2196 1855 2263 sublimiorem,
1888 2203 1948 2250 ut

360 2293 671 2348 nullatenus
721 2293 907 2348 laedar.
942 2292 1167 2349 Graecus
1205 2301 1407 2356 autem,
1444 2305 1504 2346 ut
1532 2289 1669 2356 dixi,
1718 2286 1950 2346 scanda-

362 2384 559 2440 lizatur
593 2394 650 2440 et
688 2384 1044 2456 blasphemat.

434 2475 600 2532 Vens.
632 2477 723 2533 5t.
766 2495 784 2529 ι
833 2476 960 2532 Sive
996 2490 1130 2547 ergo
1177 2474 1544 2542 manducatis,
1576 2472 1693 2528 sive
1743 2469 1948 2535 bibitis,

362 2571 478 2628 sive
515 2570 661 2627 aliud
690 2570 822 2641 quid
841 2569 1042 2637 facitis,
1068 2568 1249 2625 omnia
1270 2568 1324 2625 in
1342 2567 1572 2639 gloriam
1591 2564 1688 2621 Dei
1715 2563 1903 2620 facite.
1924 2581 1944 2615 ι

361 2662 583 2729 Omnia,
634 2663 836 2733 inquit,
882 2661 1046 2719 facite
1087 2661 1156 2718 ad
1199 2661 1432 2732 gloriam
1467 2658 1563 2714 Dei
1588 2675 1603 2714 :
1631 2656 1789 2728 quasi
1830 2670 1951 2726 qum

364 2770 510 2809 nunc
547 2755 680 2809 liant
714 2770 744 2808 a
776 2753 952 2821 vobis,
997 2752 1066 2809 ad
1107 2753 1203 2809 Dei
1249 2749 1637 2808 contumeliam
1673 2748 1806 2814 sint,
1842 2748 1953 2802 imo

366 2846 545 2915 potius
574 2844 989 2914 blasphemiam.
1026 2843 1318 2899 Manducat
1349 2856 1480 2913 ergo
1517 2838 1831 2911 quisquam,
1863 2837 1953 2892 vel

365 2938 507 2994 bibit
548 2939 604 2993 in
650 2937 879 3009 gloriam
928 2935 1061 3005 Dei,
1099 2935 1319 3007 quando
1365 2934 1642 2991 neminem
1703 2929 1952 2994 oli'endit,

368 3032 588 3102 quando
612 3047 718 3087 non
748 3040 806 3086 ut
849 3029 1074 3102 gulosus
1101 3038 1196 3086 aut
1224 3029 1523 3101 voluptatis
1555 3036 1800 3086 sectator
1822 3039 1954 3095 epu-

371 3124 555 3191 latur;
584 3124 679 3180 sed
720 3123 871 3179 velut
907 3123 954 3178 is
983 3122 1075 3193 qui
1109 3136 1309 3194 corpus
1353 3136 1683 3179 conservare
1717 3119 1850 3177 velit
1878 3115 1950 3177 ad

371 3218 592 3273 virtutis
623 3218 1015 3289 operationem.
1060 3215 1296 3272 Omnino
1342 3225 1525 3271 autem
1572 3230 1956 3287 quamcunque

369 3325 488 3365 rem
519 3309 574 3364 in
617 3309 844 3381 gloriam
894 3308 989 3365 Dei
1037 3308 1303 3380 quispiam
1350 3308 1484 3377 agit,
1533 3308 1748 3377 quando
1778 3324 1958 3379 neque

374 3401 541 3456 alium
589 3401 844 3457 seandalo
907 3402 1164 3472 quopiam
1217 3400 1384 3467 latdit,
1443 3413 1619 3473 neque
1670 3400 1955 3472 seipsum;

376 3506 575 3562 nempe
624 3492 939 3549 hominibus
985 3492 1203 3562 placere
1250 3491 1496 3557 studens,
1547 3491 1631 3547 vel
1662 3506 1729 3549 ex
1761 3490 1957 3550 aﬁ’eetu

376 3584 559 3655 aliquo
582 3579 913 3654 perturbato.

450 3678 621 3734 Vsus.
659 3677 752 3733 '52.
791 3696 810 3730 ι
847 3676 976 3733 Sine
1035 3674 1337 3732 oﬂ'ensione
1379 3685 1553 3733 estote
1585 3686 1641 3731 et
1672 3675 1874 3733 Iudaeis
1907 3686 1962 3733 et

377 3771 605 3837 Graecis,
637 3781 691 3827 et
719 3739 975 3826 [Ecclesiae
1016 3770 1131 3826 Dei.
1170 3788 1190 3821 ι
1231 3768 1343 3825 lloc
1371 3778 1476 3835 est,
1508 3769 1708 3824 nullam
1746 3770 1960 3840 vitupe-

2045 617 2257 685 ἤγαγεν
2277 632 2294 649 ⁶
2779 650 2793 655 -

2122 731 2149 764 r
2176 710 2296 766 ’Ίνα
2323 708 2378 763 τί
2401 707 2512 781 γὰρ
2538 708 2573 779 ἡ
2611 704 2892 779 ἐλευθερία
2923 722 3027 776 μου
3051 702 3300 775 κρίνεται
3319 698 3427 756 ὕπὸ
3454 696 3609 771 ἄλλης

2050 806 2445 878 συνειδήσεως;
2472 821 2492 857 ι
2533 799 2898 873 Ἐλευθερίαν,
2920 797 2984 854 τὺ
3004 797 3433 869 ἀπαρατήρητον
3454 792 3615 861 λέγει.

2047 901 2143 955 καὶ
2171 898 2473 954 ἀκώλυτον.
2500 891 2646 964 Ἐγὼ
2675 893 2773 966 μὲν
2803 892 2933 964 γὰρ,
2965 889 3157 960 φησὶν,
3200 884 3505 958 ἐλευθέρως
3534 884 3619 937 καὶ

2049 987 2494 1060 ἀπαρατηρήτως
2519 982 2722 1039 ἑσθίωθ
2752 983 2785 1038 ό
2813 981 2873 1036 δὲ
2916 980 3120 1050 Ἕλλην
3168 978 3497 1048 κατακρινεῖ
3538 992 3619 1045 με.

2050 1082 2144 1137 καὶ
2174 1082 2292 1155 ἐρεῖ
2314 1095 2329 1111 ⁸
2365 1078 2552 1141 Μῦθος
2580 1075 2648 1131 τὰ
2672 1072 3054 1142 Χριστιανῶν’
3084 1070 3155 1126 τὰ
3180 1069 3380 1126 εἴδωλα
3411 1068 3620 1138 λέγουσι

2053 1171 2465 1245 βδελύττεσθαι,
2532 1167 2738 1225 καὶτὰ
2782 1166 2968 1231 αὐτοῖς
3028 1164 3267 1235 θυόμενα
3334 1160 3622 1233 προθῦμως

2053 1266 2348 1323 ἐσθίουσιν.

2129 1383 2148 1417 ι
2186 1363 2251 1419 Et
2281 1360 2392 1431 ἐγὼ
2425 1362 2612 1432 χάριτι
2660 1357 2896 1430 μετέχω,
2928 1354 2981 1409 τί
3014 1350 3451 1426 βλασφημοῦμαι
3489 1348 3623 1418 ὑπὲρ

2052 1449 2117 1511 οῦ
2143 1452 2254 1523 ἐγὼ
2280 1449 2640 1524 εὐχαριστῶ;
2675 1467 2696 1502 ι
2723 1446 2866 1517 Ἐγὼ
2905 1446 3006 1518 μὲν
3053 1444 3293 1515 μετέχω,
3342 1441 3498 1512 φησὶ,
3526 1441 3626 1494 τῶν

2053 1547 2151 1601 τοῦ
2178 1543 2317 1600 Θεοῦ
2356 1542 2682 1615 κτισμάτων
2727 1539 3053 1609 ἐλευθέρως,
3088 1536 3178 1591 διὰ
3209 1534 3310 1605 τὴν
3351 1533 3514 1605 χάριν
3540 1530 3626 1584 τοῦ

2054 1639 2193 1695 Θεοῦ
2222 1639 2327 1711 τὴν
2362 1635 2673 1709 ποιήσασαν
2703 1651 2774 1706 με
2813 1631 3029 1704 ἑδραῖον
3077 1630 3175 1684 καὶ
3225 1627 3466 1699 στερεὸν,
3496 1625 3629 1681 ὥστε

2058 1731 2227 1806 μηδὲν
2261 1725 2741 1801 παρατηρεῖσθαι’
2798 1723 2916 1780 ἀλλ’
2942 1724 2972 1776 ὁ
3000 1720 3204 1792 Ἕλλην
3253 1718 3627 1790 βλασφημήσει

2061 1842 2153 1897 με,
2181 1824 2260 1888 ώς
2299 1821 2734 1894 ὑποκρινόμενον
2772 1815 3000 1887 φεύγειν
3032 1813 3103 1871 τὰ
3133 1806 3355 1877 εἴδωλα,
3410 1810 3508 1865 καὶ
3549 1808 3628 1863 διὰ

2050 1913 2500 1988 γαστριμαργίαν
2530 1912 2695 1967 πάλιν
2721 1909 2794 1965 τὰ
2819 1909 2886 1963 ικ
2917 1906 3127 1962 τούτων
3154 1903 3427 1959 ἐσθίοντα.
3449 1901 3525 1956 Τὸ
3554 1900 3624 1966 δὲ,

2054 2029 2073 2064 ι
2097 2009 2270 2082 Ὑπὲρ
2298 2002 2360 2064 οὗ
2387 2005 2498 2079 ἐγὼ
2528 2001 2859 2076 εὐχαριστῶ,
2882 2019 2902 2054 ι
2922 1997 3164 2054 τοιοῦτόν
3183 1998 3356 2062 ἐστιν,
3383 1996 3467 2050 ὅτι
3493 1993 3627 2064 Ἐγὼ

2052 2103 2153 2177 μὲν
2182 2098 2593 2175 εὐχαριστῶτῷ
2616 2094 2759 2167 Θεῷ,
2785 2095 2870 2149 ὅτι
2887 2091 3036 2147 οὕτω
3060 2106 3129 2162 με
3155 2087 3364 2159 ὑψηλὸν
3389 2086 3629 2157 ἐποίησε,

2049 2199 2147 2254 καὶ
2167 2196 2470 2266 Ἰουδαϊκῆς
2489 2191 2881 2262 ταπεινότητος
2896 2184 3193 2255 ἀνώτερον,
3219 2183 3299 2246 ώς
3326 2180 3633 2252 μηδαμόθεν

2052 2288 2417 2361 βλάπτεσθαιο
2453 2284 2593 2350 ἀλλ’,
2624 2284 2766 2355 ὅπερ
2801 2280 2962 2352 ἔφην,
2994 2278 3024 2332 ό
3047 2274 3256 2346 Ἕλλην
3285 2273 3630 2339 σκανδαλίζε-

2051 2401 2143 2439 ται
2181 2383 2278 2437 καὶ
2308 2380 2642 2451 βλασφημεῖ.
2986 2404 2989 2405 ν
3568 2404 3571 2405 ν

2128 2495 2149 2530 ι
2178 2474 2301 2531 Εἴτε
2315 2472 2410 2527 οῦν
2431 2469 2660 2537 ἐσθίετε,
2678 2467 2790 2523 είτε
2803 2465 3007 2535 πίνετε,
3022 2467 3134 2522 εῐτε
3149 2483 3203 2521 τι
3221 2465 3445 2529 ποιεῖτε,
3463 2461 3630 2517 πάντα

2053 2573 2132 2635 εἰς
2153 2568 2314 2635 δόξαν
2341 2564 2478 2621 Θεοῦ
2500 2565 2726 2620 ποιεῖτε.
2776 2581 2795 2616 ι
2824 2590 2899 2604 -—
2932 2578 2951 2613 ι
2994 2560 3204 2628 Πάντα,
3233 2560 3389 2630 φησὶ,
3438 2558 3628 2611 ποιεῖτε

2054 2664 2134 2726 είς
2167 2660 2327 2726 δόξαν
2367 2655 2528 2721 Θεοῦ,
2558 2657 2635 2720 ὡς
2668 2654 2739 2709 τά
2770 2671 2836 2724 γε
2879 2652 2977 2708 νῦν
3008 2652 3272 2723 γινόμενα
3320 2651 3452 2720 παρ’
3486 2646 3630 2718 ὑμῶν

2053 2752 2243 2819 ἀδοξία
2277 2750 2395 2806 ἐστὶ
2427 2749 2526 2803 τοῦ
2552 2747 2714 2812 Θεοῦ,
2749 2746 2953 2817 μᾶλλον
2977 2744 3034 2799 δὲ
3066 2741 3410 2814 βλασφημία.
3438 2738 3627 2794 Ἐσθίει

2054 2847 2113 2901 δέ
2139 2862 2223 2909 τις
2249 2846 2331 2909 είς
2353 2841 2514 2908 δόξαν
2544 2838 2681 2895 Θεοῦ
2710 2839 2809 2894 καὶ
2853 2837 3026 2903 πίνει,
3067 2836 3200 2894 ὅταν
3241 2832 3320 2905 μὴ
3347 2831 3442 2885 ἐπὶ
3472 2846 3626 2885 σκαν-

2054 2938 2199 3011 δάλῳ
2222 2937 2389 3002 τινος,
2422 2936 2554 2990 ὅταν
2588 2932 2664 3004 μή
2690 2931 2767 2995 ὡς
2792 2928 3233 3001 γαστρίμαργος,
3264 2925 3299 2996 ἦ
3332 2923 3628 2995 φιλήδονος,

2057 3031 2174 3087 ἀλλ’
2202 3031 2279 3094 ὡς
2309 3027 2481 3083 θέλων
2518 3023 2852 3097 συγκρατεῖν
2876 3022 2941 3075 τὸ
2983 3018 3145 3089 σῶμα
3173 3016 3313 3088 πρὸς
3342 3014 3441 3086 τὴν
3470 3015 3627 3083 ἐργα-

2061 3123 2183 3179 σίαν
2205 3124 2308 3192 τῆς
2337 3119 2540 3192 ἀρετῆς
2562 3118 2636 3151 ⁸⁸·
2671 3116 2767 3171 καὶ
2794 3112 2985 3176 ἁπλῶς
3014 3112 3071 3166 δὲ
3094 3110 3205 3165 πᾶν
3235 3109 3474 3180 πρᾶγμα
3496 3107 3631 3159 ποιεί

1984 3250 2029 3310 C
2059 3236 2143 3281 τις
2172 3217 2253 3282 εἰς
2277 3215 2438 3281 δόξαν
2466 3211 2629 3310 Θεοῦ,
2657 3211 2789 3310 ὅταν
2827 3206 3151 3310 μήτε-ἄλλον
3175 3204 3391 3310 ﬂ.an
3414 3200 3630 3303 σκανδα-

2065 3311 2255 3377 λίζων,
2290 3310 2431 3381 μήτε
2459 3304 2675 3367 ἑαυτὸν,
2694 3299 2827 3367 οἷον,
2845 3302 2921 3366 ὡς
2957 3296 3429 3370 ἀνθρωπάρεσκος
3449 3290 3624 3357 ποιῶν,

2068 3406 2101 3478 ἦ
2126 3404 2217 3459 διά
2246 3419 2366 3458 τινα
2392 3399 2619 3471 ἔμπαθῆ
2643 3394 2931 3468 λογισμόν.

2147 3694 2166 3728 ι
2212 3668 2581 3744 ’Δπρόσκόποι
2608 3663 2827 3737 γίνεσθε
2853 3662 2949 3718 καὶ
2981 3659 3259 3724 Ἰουδαίοις
3276 3659 3375 3713 καὶ
3400 3653 3631 3726 Ἕλλησι,

2071 3770 2167 3825 καὶ
2197 3769 2266 3838 τῇ
2307 3760 2609 3833 Ἐκκλησία
2643 3756 2740 3814 τοῦ
2781 3753 2943 3812 Θεοῦ.
2982 3774 3004 3808 ι
3046 3750 3332 3815 Τουτέστι,
3383 3747 3634 3821 μηδεμίαν

381 3867 615 3927 rationis
656 3864 1001 3920 occasionem
1052 3862 1260 3919 nemini
1306 3864 1630 3932 praebentes.
1673 3862 1955 3933 Continget

2076 3860 2269 3936 μηδενὶ
2283 3859 2456 3931 ψόγου
2475 3855 2523 3888 ⁵³
2539 3852 2875 3927 παρέχοντες
2896 3846 3181 3920 ἀφορμήν.
3200 3844 3391 3901 Ἔσται
3404 3843 3461 3898 δὲ
3471 3840 3634 3908 τοῦτο,

383 3976 564 4017 autem
612 3959 736 4023 hoc,
775 3958 823 4015 si
863 3971 1047 4028 neque
1087 3955 1358 4026 Judaeum,
1392 3971 1572 4027 neque
1601 3955 1850 4013 Graecum
1881 3955 1967 4012 ot-

384 4054 692 4116 feudamus,
719 4065 894 4121 neque
923 4051 1088 4107 etiam
1110 4049 1309 4105 fratres
1333 4066 1346 4103 :
1374 4064 1500 4105 nam
1530 4048 1605 4104 illi
1626 4058 1755 4104 sunt
1780 4049 1968 4105 Eccle-

385 4148 479 4203 siae
505 4144 625 4201 Dei.
661 4142 928 4205 Observa,
958 4139 1108 4211 quod
1145 4139 1320 4210 majus
1344 4148 1447 4207 est,
1473 4139 1664 4195 ultimo
1695 4139 1816 4195 loco
1838 4154 1964 4211 pro-

2072 3958 2169 4013 ἐὰν
2199 3956 2340 4028 μήτε
2383 3951 2640 4008 Ἰουδαῖον
2660 3990 2675 4015 ,
2728 3948 2867 4020 μήτε
2914 3943 3156 4015 Ἕλληνα
3186 3937 3634 4006 σκανδαλίζωμεν,

2079 4052 2221 4123 μήτε
2268 4048 2375 4119 μὴν
2427 4044 2558 4109 τοὺς
2598 4040 2897 4111 ἁδελφοῦς’
2953 4031 3103 4093 οὗτοι
3146 4035 3322 4123 γὰρ),
3361 4027 3635 4123 Ἐκκλησία

2076 4119 2171 4200 τοῦ
2192 4140 2348 4195 Θεοῦ.
2388 4139 2534 4208 Ὅρα
2561 4133 2643 4201 δὲ,
2669 4133 2735 4188 τό
2762 4130 2948 4204 μεῖζον
2981 4129 3210 4199 ἔσχατον
3231 4121 3355 4179 εἶπε
3373 4140 3389 4157 ο
3424 4121 3517 4178 καὶ
3542 4119 3635 4190 γὰρ

388 4236 529 4292 tulit.
570 4232 708 4291 Nam
738 4242 793 4287 et
817 4231 955 4288 alios
983 4214 1061 4286 ad
1077 4231 1235 4286 ﬁdem
1265 4230 1541 4286 attrahere
1569 4232 1845 4300 convenit,
1869 4244 1955 4288 nec

2079 4236 2174 4291 καὶ
2197 4233 2324 4297 τοῦς
2341 4230 2537 4294 ἄλλους
2557 4224 2886 4297 ἐφέλκεσθαι
2899 4220 3171 4296 προσήκει
3183 4217 3321 4290 πρὸς
3331 4217 3433 4288 τὴν
3444 4214 3633 4270 πίστινο

386 4329 604 4386 interim
626 4337 804 4383 tamen
826 4326 1021 4381 fratres
1049 4326 1322 4394 persequi.
1347 4324 1554 4380 lndicat
1571 4335 1751 4395 autem
1776 4339 1955 4382 omne:

2076 4330 2141 4384 οὐ
2198 4326 2307 4399 μὴν
2346 4323 2442 4380 καὶ
2480 4321 2610 4384 τοὺς
2656 4316 2924 4385 ἀδελφοὺς
2965 4314 3207 4369 διώκειν.
3265 4308 3563 4399 Ἑμφαίνειῗ
3588 4304 3634 4358 δδ

387 4439 453 4478 ex
496 4423 600 4477 hoc
643 4418 902 4487 eﬂ‘ensos,
954 4417 1098 4489 quod
1139 4417 1406 4474 idolorum
1456 4416 1751 4474 immolatis
1782 4432 1969 4475 vesce-

373 4523 603 4579 .rentur.

2081 4398 2290 4484 πάντας
2320 4418 2386 4471 ὲκ
2411 4413 2608 4469 τούτου
2640 4406 3185 4481 σκανδαλιζομένους,
3210 4406 3275 4459 ὲκ
3295 4401 3391 4458 τοῦ
3410 4401 3478 4456 τὰ
3504 4398 3636 4455 είδω·

2079 4512 2277 4568 λόθυτα
2301 4506 2523 4563 ἐσθίειν.
2579 4510 2594 4523 ⁸

467 4603 634 4661 Vens.
666 4604 755 4660 33.
790 4622 810 4656 ι
848 4603 1002 4659 Sicut
1030 4612 1086 4658 et
1112 4618 1214 4675 ego
1241 4617 1336 4674 per
1363 4601 1545 4657 omnia
1578 4572 1832 4658 omnibus
1860 4603 1945 4673 pla

2161 4623 2180 4656 ι
2227 4597 2426 4662 Καθὼς
2465 4595 2624 4665 κάγὼ
2664 4594 2845 4650 πάντα
2888 4592 3057 4645 πᾶσιν
3094 4588 3342 4661 ἀρέσκω,
3376 4587 3450 4658 μὴ
3482 4582 3641 4655 ζητῶν

393 4713 513 4763 eeo,
566 4711 670 4752 non
722 4709 971 4767 quaerens
1022 4695 1166 4767 quod
1224 4694 1356 4751 mihi
1405 4695 1537 4751 utile
1576 4704 1679 4761 εει,
1707 4694 1803 4751 sed
1833 4697 1976 4766 quod

2084 4696 2147 4752 τὸ
2174 4689 2412 4766 ὲμαυτοῦ
2441 4687 2744 4760 συμφέρον,
2775 4684 2912 4741 ἀλλὰ
2943 4684 3006 4738 τὸ
3032 4683 3142 4737 τῶν
3180 4679 3414 4742 πολλῶν,
3442 4679 3527 4733 ἶνα
3551 4692 3638 4729 atu—

397 4790 606 4856 ntultis,
634 4799 697 4843 ut
736 4766 871 4844 salvi
906 4787 1063 4845 ﬁant.
1103 4785 1411 4845 lmitatores
1452 4789 1558 4844 mei
1609 4797 1807 4856 estote,
1838 4789 1953 4846 sicu

2087 4788 2245 4843 θῶσι.
2276 4780 2532 4853 Μιμηταί
2560 4795 2665 4850 μου
2690 4776 2930 4846 γίνεσθε,
2957 4772 3144 4838 καθὼς
3167 4769 3326 4842 κάγὼ
3355 4766 3595 4840 Χριστοῦ.
3615 4781 3631 4814 ι

396 4894 452 4939 et
482 4897 583 4955 ego
612 4880 834 4937 Christi.
866 4899 884 4933 ι
913 4879 1209 4950 Postquam
1231 4880 1409 4949 magni
1441 4879 1717 4950 quidpiam
1747 4880 1854 4936 illis
1877 4882 1979 4935 im-

2099 4880 2253 4936 Ἐπεὶ
2280 4878 2338 4932 δὲ
2371 4876 2435 4908 ⁸³⁸
2471 4874 2614 4946 μέγα
2644 4872 2827 4936 αὐτοῖς
2877 4866 3159 4934 ἐπέταξεν,
3207 4864 3535 4926 ὑπευθύνους
3558 4857 3638 4913 αὖ·

394 4953 674 5045 posuerat,
699 4986 821 5028 reos
841 4986 936 5027 eos
954 4969 1160 5026 faciens
1184 4979 1237 5025 et
1255 4968 1564 5027 Judaeorum
1589 4980 1641 5026 et
1661 4971 1955 5027 Graecoruu

2086 4975 2214 5037 τοὺς
2260 4970 2440 5038 δείξας
2469 4969 2516 5002 ⁸⁵⁵
2546 4969 2643 5022 καὶ
2666 4966 2770 5035 τῆς
2825 4963 3096 5034 Ἑλλήνων
3128 4961 3229 5015 καὶ
3258 4961 3359 5031 τῆς
3396 4953 3636 5045 Ἰουδαίων

398 5081 583 5131 noxae,
610 5065 850 5135 seipsum
882 5064 939 5117 in
967 5061 1203 5116 medium
1230 5063 1476 5132 protulit,
1503 5072 1562 5118 ut
1589 5065 1842 5119 ostendat
1867 5080 1977 5120 rem

2092 5066 2318 5139 βλάϐης,
2364 5062 2558 5117 ἑαυτὸν
2599 5062 2679 5122 είς
2703 5058 2765 5111 τὸ
2800 5056 2965 5127 μέσον
3013 5055 3363 5123 παρήγαγεν,
3406 5050 3487 5105 ἵνα
3507 5043 3635 5139 δείξῃ
3695 5104 3702 5122 η

398 5159 544 5216 haud
576 5172 697 5215 esse
718 5154 1014 5213 diﬁcilem.
1043 5154 1147 5221 Qui
1167 5169 1294 5211 vero
1315 5170 1472 5210 suum
1503 5156 1845 5211 commodum
1874 5173 1955 5212 not

2089 5132 2151 5216 τὸ
2176 5132 2411 5231 πραγμα
2459 5154 2661 5228 ῥᾴδιον.
2723 5150 2846 5214 Πῶς
2880 5148 2937 5202 δὲ
2976 5148 3078 5202 οὐκ
3123 5146 3313 5216 ἐζήτει
3364 5142 3424 5197 τδ
3466 5132 3634 5231 ἑαυτοῦ

398 5249 698 5322 quaesierit,
732 5249 904 5318 liquet
928 5262 997 5304 ex
1022 5245 1227 5311 multis,
1255 5260 1373 5316 quae
1400 5261 1562 5316 supra
1591 5242 1981 5304 comm‘emora-

2092 5226 2394 5325 συμφέρον,
2422 5226 2488 5303 ε..
2504 5226 2730 5303 πολλῶν
2749 5245 2932 5316 δῆλον,
2962 5236 3039 5297 ὧν
3059 5242 3157 5295 και
3179 5235 3466 5312 προλαδὼν
3485 5226 3634 5325 εἶπεν,

399 5317 497 5415 vit,
538 5367 557 5400 ι
594 5317 878 5411 Omnibus,
924 5362 945 5397 ι
982 5342 1179 5413 inquit,
1226 5361 1246 5394 ι
1296 5340 1472 5397 factus
1515 5354 1635 5397 sum
1691 5342 1914 5407 omnia;

2091 5317 2178 5401 ὅτι
2270 5317 2396 5406 ’ίόϊς
2442 5341 2577 5394 πᾶσι
2615 5339 2820 5408 γέγονα
2846 5336 2918 5390 τὰ
2962 5333 3177 5389 πάντα·
3212 5350 3234 5383 ι
3273 5329 3498 5401 μάλιστα
3517 5317 3635 5415 δὲξξ

403 5442 642 5497 maxime
673 5455 804 5496 vero
827 5454 892 5495 ex
918 5452 982 5494 eo
1007 5437 1150 5508 quod
1182 5436 1389 5506 optavit
1421 5435 1706 5491 anathema
1735 5450 1856 5491 esse
1886 5450 1955 5506 ρο

2092 5434 2167 5496 ὧν
2198 5435 2391 5503 εὔξατο
2420 5432 2668 5503 ἀνάθεμα
2697 5426 2834 5484 εἶναι
2855 5427 2998 5499 ὑπὲρ
3030 5427 3139 5482 τῶν
3166 5422 3411 5492 ἀδελφῶν
3427 5421 3518 5473 “.ι
3548 5413 3639 5508 hit-

405 5533 686 5590 fratribus.
717 5552 737 5586 ι
765 5506 1068 5588 imitatores
1091 5548 1111 5583 ι
1138 5529 1323 5600 igitur,
1347 5528 1543 5599 inquit,
1569 5546 1587 5579 ι
1612 5529 1713 5583 mei
1736 5537 1931 5584 estote.

2097 5529 2267 5603 μηταί
2320 5543 2424 5599 μου
2483 5523 2721 5591 γίνεσθε.
2759 5540 2778 5575 ι
2803 5521 2881 5575 Τὸ
2935 5518 3017 5584 δὲ,
3048 5537 3068 5570 ι
3102 5514 3304 5577 Καθὼς
3338 5509 3496 5603 κάγὼ
3522 5506 3640 5574 Χρι-

405 5626 540 5681 lllud
583 5642 731 5690 vero,
776 5643 795 5677 ι
846 5621 1309 5692 Quemadmodum
1341 5630 1393 5677 et
1446 5636 1547 5693 ego
1595 5619 1820 5685 Christi,
1868 5641 1885 5673 ι
1919 5638 1949 5675 ιι

2097 5601 2248 5685 στοῦ,
2289 5636 2308 5670 ι
2347 5616 2423 5688 μὴ
2447 5613 2708 5678 ἀλαζόνος
2739 5611 2896 5697 λόγον
2926 5608 2973 5642 ⁸⁸
3002 5608 3228 5680 νοήσῃς,
3264 5601 3401 5659 ἀλλὰ
3430 5608 3635 5670 προτρεο

327 5709 332 5713 ’
1740 5713 1943 5777 Varim
1974 5712 2309 5775 lectiones.

480 5831 524 5864 ¹²
550 5828 733 5897 ψυχης
788 5838 843 5877 0.
918 5822 964 5897 _"
1000 5819 1159 5889 λόγου
1185 5832 1237 5877 0.
1315 5821 1380 5853 ⁸³⁹
1437 5813 1627 5887 ἐπειδὴ
1656 5832 1706 5874 o.
1789 5817 1832 5849 “
1888 5818 2118 5890 ποιήσας
2152 5830 2204 5870 o.
2285 5812 2331 5845 ³⁵
2358 5811 2431 5865 Τὸ
2478 5808 2559 5876 δὲ,
2587 5805 2821 5880 μιμηταὶ
2877 5821 2978 5877 μου
3007 5802 3144 5874 γενε.
3183 5796 3361 5862 καθὼς
3391 5792 3483 5849 κά.
3502 5787 3633 5843 ιο.

411 5900 455 5932 “
504 5892 664 5955 λόγου
691 5892 975 5964 ’λογισμὸν
1005 5904 1056 5947 o.

3792 924 3803 1411 ί

3794 1416 3799 1487 1

3792 1500 3801 1587 Ξ

3792 1594 3800 1685 ἰ

3792 1764 3801 1853 Ξ
