3806 6574
115 436 228 503 593-
873 415 1281 482 EXPOSITIO
1317 414 1401 479 IN
1430 412 1671 477 EPIST.
1715 410 1745 471 1
1785 364 1887 472 Αι)
1922 407 2092 470 con.
2133 429 2202 444 -—
2227 405 2381 469 CAP.
2423 402 2534 467 x1.
3253 393 3361 468 694

115 545 330 620 πομένου
362 540 559 616 μᾶλλον
583 535 662 602 είς
684 535 788 608 τὴν
821 533 1079 607 μίμησιν.
1109 534 1172 587 El
1203 532 1313 604 γὰρ
1343 529 1474 600 ἐγὼ,
1505 529 1618 601 φησ

1858 533 1930 580 tes
1963 518 2274 592 arrogantis
2295 532 2417 575 esse
2436 528 2770 586 sermonem,
2803 526 2994 570 verum
3019 510 3361 569 adhortantis

116 603 328 714 Χριστὸν
362 603 866 708 ἔμιμησάμηνντδν
891 603 1414 698 καταφρονήσαντα
1442 622 1536 675 καὶ
1571 619 1619 674 τί

1858 617 1960 672 tius
1983 615 2050 670 ad
2075 612 2450 668 imitationem.
2471 607 2528 666 Si
2554 608 2698 664 enim
2718 621 2838 679 ego,
2860 605 3057 677 inquit,
3083 603 3361 660 Christum

115 697 289 791 iaceo?»
335 697 480 800 ζωῆς
521 697 808 793 ῦπὲνρττοῦ
855 721 1022 792 ζῆσαι
1065 697 1248 791 ὑμᾶς,
1288 715 1437 784 πόσῳ
1473 711 1618 786 μᾶλλι

1859 710 2022 764 itatus
2063 720 2207 768 sum,
2248 703 2340 775 qui
2369 702 2537 758 vitam
2583 715 2738 757 suam
2784 697 3136 769 contempsit,
3176 704 3236 751 ut
3263 709 3362 750 nos

116 788 252 898 δμεῐς
274 788 399 894 sps;
509 819 621 892 γὰρ
635 788 1035 885 ⁷τοσοῦτον-ἑγὼ
1059 788 1214 884 ὑμῶν
1237 809 1526 882 κρείττων,
1549 805 1619 860 δσι

1858 817 2050 869 ramus,
2063 807 2270 870 quanto
2288 796 2467 868 potius
2483 809 2578 850 vos
2589 809 2678 850 me
2696 791 3068 849 imitabimini.
3084 789 3199 846 Non
3214 788 3361 846 enim

117 879 317 984 siccis-ecl
339 879 496 989 ἐμοῦ,
586 879 808 970 πάντων
842 879 1195 982 ἀσυνκρίτως
1224 879 1530 976 ὑπερέχων.

1862 901 2060 952 )tanto
2106 907 2225 948 sum
2276 888 2471 946 melior
2533 886 2721 954 vobis,
2761 894 2965 956 quanto
3005 881 3095 941 ille
3121 897 3228 950 me,
3271 879 3365 953 qui

1781 1003 1974 1048 omnes
2001 981 2506 1056 incomparabiliter
2547 977 2848 1035 antecellit.

691 1137 945 1194 ΚΕΦᾹΛ.
968 1134 1074 1191 IA’.

2386 1115 2615 1175 CAPUT
2658 1114 2751 1171 XI.

181 1303 197 1337 ι
243 1280 479 1339 Ἐπαινῶ
498 1279 559 1334 δὲ
587 1278 754 1351 ὑμᾶς,
795 1277 1036 1346 ἀδελφοὶ,
1069 1274 1151 1328 ὅτι
1199 1272 1379 1326 πάντα
1411 1287 1512 1342 μου
1579 1269 1678 1340 μέ-

1867 1259 2024 1316 Vzns.
2070 1257 2123 1312 l.
2160 1273 2178 1307 ι
2216 1251 2409 1310 Laudo
2453 1259 2635 1308 autem
2666 1263 2784 1318 vos,
2830 1246 3053 1312 fratres,
3097 1243 3239 1317 quod
3272 1258 3370 1316 per

122 1377 326 1448 μνησθε.
353 1394 373 1429 ι
407 1338 638 1444 Ἐπειδῆ
815 1338 947 1442 περί
980 1338 1085 1422 τῶν
1114 1338 1482 1420 εἰδωλοθύτων
1519 1338 1625 1431 λόῇ

1866 1353 1965 1409 ιηὶο
1990 1349 2097 1407 mei
2133 1361 2404 1405 memores
2430 1346 2584 1402 estis.
2618 1363 2638 1396 ι
2669 1341 2934 1400 Absoluta
2961 1340 3030 1397 de
3053 1338 3369 1410 idolothytis

117 1432 382 1540 ἀπέρτισε,
436 1467 563 1538 περὶ
620 1432 1085 1536 μεγάλων-ὂντα,
1116 1461 1212 1516 νῦν
1263 1457 1596 1529 κουφότερόν

1870 1459 2056 1511 λιηοιιε,
2111 1442 2314 1514 quippe
2358 1440 2449 1512 qui
2479 1439 2548 1496 de
2588 1436 2802 1508 magnis
2847 1443 2990 1502 erat,
3026 1449 3172 1489 nunc
3198 1432 3373 1488 levius

117 1526 397 1632 ἀμέιρτημα
425 1526 762 1628 διορθοῦται.
784 1552 958 1608 Είωθε
983 1552 1092 1624 γὰρ
1110 1550 1317 1622 μεταξὺ
1335 1526 1444 1602 τῶν
1467 1526 1620 1618 βαρέι

1869 1539 2051 1597 addam
2083 1546 2367 1609 peccatum
2396 1533 2558 1606 185
2582 1531 2835 1602 corrigit.
2855 1529 2990 1586 Nam
3010 1528 3154 1584 inter
3177 1526 3372 1595 delicta

117 1619 172 1708 τά
194 1619 910 1724 κὀυςοοτεραάμαρτήματα
940 1619 1172 1702 τιθέναι.
1200 1645 1266 1698 Τί
1293 1644 1350 1698 δὲ
1381 1642 1541 1696 τοῦτο
1567 1636 1620 1714 ἧι

1868 1632 2058 1698 tviora,
2094 1629 2299 1686 leviora
2333 1627 2604 1684 collocare
2637 1623 2795 1682 solet.
2833 1623 2975 1692 Quid
3008 1629 3192 1678 autem
3227 1619 3371 1676 istud

119 1748 173 1801 Αἱ
203 1747 294 1817 μὲν
317 1746 583 1814 γυναῖκες
627 1741 1084 1797 ἀκατακάλυπτοι
1115 1739 1162 1771 ⁸⁷
1196 1738 1291 1792 καὶ
1315 1736 1548 1808 ηῦχοντο
1588 1753 1620 1789 κ

1869 1727 1910 1781 t?
1931 1723 2173 1781 Femina:
2208 1719 2425 1792 quidem
2459 1733 2569 1776 non
2597 1716 2778 1774 velato
2808 1717 2988 1788 capite
3025 1713 3276 1779 orabant,
3308 1726 3372 1766 ac

118 1805 470 1912 apo'epr'yr'suov
511 1837 786 1910 (καὶγὰρ
841 1836 938 1890 καὶ
990 1836 1249 1904 γυναῖκες
1307 1805 1618 1902 προ-εφήτευ

1871 1815 2224 1874 .icinabantur
2251 1813 2400 1886 (nam
2428 1823 2482 1868 et
2501 1811 2718 1868 feminae
2748 1819 2876 1865 tunc
2903 1805 3204 1881 prophetiae
3231 1805 3374 1860 dono

119 1879 356 2004 16:5)?“
385 1931 444 1985 δὲ
471 1879 664 2003 ἄνδρες
687 1879 925 1999 ἒκὲμων,
952 1879 1048 1982 ἅτε
1077 1927 1135 1980 ὲν
1158 1879 1622 1997 ιριίοσοιὲίᾳῐδιατρ

1879 1925 1951 1966 rae
1983 1907 2189 1979 erant),
2221 1879 2324 1962 viri
2366 1914 2570 1971 autem,
2604 1879 2917 1984 quippequi
2947 1900 3002 1957 in
3032 1897 3374 1971 philosophia

117 2029 311 2091 ιιαντες,
337 2025 435 2080 καὶ
454 2026 546 2080 ὅτε
574 2023 824 2096 ηὔχοντο,
850 2022 946 2077 καὶ
962 2022 1051 2076 ὅτε
1077 2021 1474 2092 προεφήτευον.
1494 2015 1683 2072 Ταῦτα
1785 2002 1988 2059 νθΐεδιί
2039 1999 2260 2068 θεδθηῑῖν
2305 2012 2520 2055 comam
2579 1993 2934 2096 DUlTiEbanf-s
2988 2005 3112 2048 cum
3159 1989 3377 2096 01‘3"“

117 2115 165 2167 δὲ
202 2113 514 2184 Ἑλληνικοῦ
555 2114 724 2185 νόμου
770 2109 935 2186 ἦσαν,
985 2111 1141 2166 Ἐπεὶ
1171 2106 1266 2165 οὖν
1314 2108 1448 2179 περὶ
1478 2107 1620 2164 τούτι

1875 2105 2028 2160 irent,
2054 2102 2168 2148 tum
2189 2090 2410 2162 quando
2430 2089 2845 2162 prophetarent.
2871 2085 3001 2142 Haec
3021 2097 3153 2140 vero
3175 2082 3378 2140 Grzccte

121 2176 404 2278 παρῄνεσεν
455 2176 668 2273 αὐτοῖς,
717 2176 848 2270 ἴσως
876 2206 968 2260 ὅτε
1017 2204 1223 2276 παρῆν,
1252 2203 1312 2272 se
1342 2176 1523 2258 αῦτῶν
1552 2203 1610 2256 δὲ

1873 2186 2196 2245 tsuetudinis
2247 2191 2428 2241 erant.
2460 2180 2599 2250 Quia
2641 2179 2811 2250 igitur
2841 2178 2908 2235 de
2955 2177 3108 2234 hisce
3141 2191 3239 2233 eos
3275 2176 3376 2233 ad-

121 2299 204 2369 μὲν
236 2299 595 2371 ὑπήκουσαν,
631 2298 679 2352 οἱ
729 2297 786 2352 δὲ
815 2296 1128 2368 ἠπείθησαν
1152 2310 1168 2326 ο
1225 2296 1361 2366 φησὶ
1414 2293 1546 2367 περὶ
1575 2294 1624 2347 τί

1870 2289 2096 2347 ιηυετοι,
2148 2280 2333 2335 forsan
2368 2291 2494 2334 cum
2529 2281 2731 2346 praesto
2778 2280 2946 2338 esset,
2985 2278 3151 2342 atque
3183 2285 3373 2328 eorum

118 2393 483 2446 ὑπακουόντων
508 2392 576 2459 ⁸⁸,
606 2392 689 2446 ὅτι
720 2409 739 2443 ι
791 2389 1034 2444 Ἐπαινῶ
1064 2389 1230 2460 ὑμᾶς,
1263 2388 1344 2442 ὅτι
1375 2387 1555 2441 πάντα
1580 2403 1618 2457 μ

1875 2372 2008 2428 dam
2048 2370 2140 2427 alii
2171 2369 2709 2438 obtemperaverant,
2744 2361 2839 2420 alii
2870 2377 3002 2418 vero
3028 2375 3135 2417 uou
3168 2361 3378 2417 obtem-

121 2483 404 2554 μέμνησθε.
454 2502 473 2536 ι
521 2452 718 2538 Καίτοι
760 2499 825 2552 γε
856 2482 915 2534 ἒν
948 2477 1018 2552 ἦν
1056 2452 1237 2547 τοῦτο,
1292 2480 1422 2551 περὶ
1473 2452 1624 2549 τοῦνι

1872 2472 2113 2521 raveraut
2138 2480 2153 2532 ;
2181 2463 2248 2519 de
2279 2457 2660 2518 ohedientibus
2700 2455 2911 2528 inquit,
2967 2473 2987 2508 ι
3029 2452 3216 2554 laudo
3255 2467 3375 2518 vos,

118 2543 276 2646 κομᾷν.
318 2576 447 2630 τοὺ(
496 2574 729 2646 ἄνδρας·
771 2543 896 2627 ἀλλ’
927 2543 1076 2644 ὅμως
1123 2543 1310 2638 αὐτὸς,
1343 2543 1380 2624 (-
1412 2543 1621 2646 Πάντα,

1876 2557 1933 2612 od
1963 2571 2062 2626 per
2097 2555 2279 2612 omnia
2311 2552 2417 2609 mei
2460 2563 2731 2607 memores
2775 2550 2930 2606 esus.
2978 2563 2999 2601 ι
3033 2543 3197 2617 Atqui
3237 2544 3379 2601 inter

119 2637 251 2738 φήσὲ,
283 2687 301 2720 ι
349 2637 640 2739 μέμνησθέ
675 2637 800 2740 μου.
837 2685 857 2719 ι
898 2637 1008 2720 ’Δεῖ
1042 2665 1152 2736 γὰρ
1183 2637 1342 2719 εἴωθε
1379 2664 1557 2732 σοφῶς
1579 2639 1622 2735 ’μ

1874 2661 1985 2706 tera
2026 2649 2168 2704 istuc
2199 2661 2367 2702 unum
2420 2651 2562 2711 erat,
2599 2643 2665 2700 de
2707 2655 2867 2699 coma
2922 2655 3031 2696 non
3085 2637 3377 2696 nutrienda

118 2761 309 2816 λάττειν
330 2765 455 2826 τοῖς
490 2762 740 2826 ἐπαίνοις
776 2761 906 2826 τοὺς
949 2760 1060 2815 ἀπὸ
1089 2758 1297 2814 τούτων
1327 2758 1621 2830 βελτιωθῆν

1878 2740 2087 2807 ’νὶιοοες
2127 2738 2241 2809 ipse
2274 2749 2455 2792 tamen
2494 2753 2514 2786 ι
2551 2733 2657 2790 Per
2682 2732 2892 2798 omnia,
2931 2749 2952 2784 ι
2984 2727 3184 2801 inquit,
3219 2746 3239 2781 ι
3275 2728 3381 2784 ιιιεί

120 2819 612 2928 προσδοκωμένους.
719 2819 737 2826 ⁷
886 2819 903 2826 ⁷
1328 2819 1338 2830 ’
1582 2819 1593 2828 Ι

1884 2829 2137 2886 miuiStis.
2179 2847 2200 2883 ι
2241 2827 2471 2895 Semper
2497 2825 2641 2880 enim
2680 2823 2956 2896 sapienter
2977 2819 3264 2894 praeconiis
3288 2831 3383 2875 eos

1791 2924 1960 2980 lenire
2000 2922 2159 2989 solet,
2187 2921 2254 2977 de
2284 2918 2483 2990 quibus
2509 2932 2638 2990 spes
2665 2923 2772 2983 est,
2808 2913 2955 2988 quod
2989 2927 3088 2987 per
3118 2912 3220 2970 ista
3253 2925 3385 2984 pos-

1792 3019 1903 3074 sint
1931 3019 1985 3071 in
2024 3015 2302 3071 meliorem
2337 3020 2541 3069 statum
2568 3010 2766 3082 redigi.

181 3142 201 3176 ι
233 3123 346 3180 Καὶ
374 3122 560 3187 καθὼς
585 3123 883 3194 παρέδωκα
916 3122 1066 3193 ὑμῖν,
1102 3121 1201 3184 τὰς
1229 3120 1557 3191 παραδόσεις
1592 3136 1684 3172 κα-

1928 3123 2034 3164 ans.
2078 3107 2132 3161 2.
2169 3125 2188 3159 ι
2226 3103 2697 3173 Quemadmodum
2735 3101 2935 3160 tradidi
2987 3100 3166 3167 vobis,
3211 3099 3388 3156 tradi-
3429 3099 3431 3102 ⁴

119 3215 305 3286 τέχετε.
353 3233 374 3267 ι
405 3192 692 3269 Ἐντεῦθεν
738 3213 922 3282 δῆλον,
955 3192 1040 3267 ὅτι
1079 3213 1174 3266 καὶ
1214 3211 1478 3282 ἀγράφως
1517 3211 1622 3262 πολῖ

1881 3220 1969 3260 nes
1996 3201 2290 3259 continetis
2319 3219 2338 3254 ι
2376 3198 2515 3256 Hinc
2551 3197 2895 3270 perspicuum
2928 3194 3011 3262 tit,
3041 3195 3189 3266 quod
3227 3192 3384 3247 haud

122 3283 388 3382 παρέδωκε
416 3308 516 3364 καὶ
543 3307 708 3373 αὐτὸς
747 3307 844 3364 καὶ
872 3310 922 3363 οἱ
950 3307 1130 3362 λοιποὶ
1154 3307 1468 3364 ἀπόστολοι.

1880 3313 1962 3352 ica
2013 3296 2134 3352 sine
2177 3293 2398 3364 scriptis
2450 3290 2782 3348 tradiderint
2818 3297 2875 3347 et
2918 3289 3040 3359 ipse
3081 3295 3136 3344 et
3179 3283 3381 3356 reliqui

1791 3386 2046 3442 auostoli.

243 3489 400 3545 Θέλω
433 3487 490 3542 δὲ
524 3489 672 3559 ὑμᾶς
713 3487 940 3555 εἰδέναι,
967 3486 1051 3542 ὅτι
1077 3486 1277 3550 παντὸς
1307 3485 1500 3558 ἀνδρὸς
1531 3488 1565 3555 ἠ
1597 3503 1684 3538 κε-

1883 3404 2046 3442 ιδιοιι.

1883 3479 2030 3536 lens.
2061 3479 2118 3535 ’5.
2157 3497 2176 3531 ι
2214 3478 2348 3535 Volo
2381 3475 2564 3533 autem
2594 3488 2689 3532 vos
2716 3472 2879 3540 scire,
2912 3472 3055 3543 quod
3090 3469 3386 3541 cujuslibet

125 3585 248 3658 φαλὴ
272 3589 302 3641 6
325 3583 566 3657 Χριστός
597 3584 736 3640 ἐστι.
771 3601 790 3635 ι
822 3583 983 3637 Δοκεί
1015 3581 1138 3652 μὲν,
1170 3583 1294 3635 ὅσον
1328 3582 1392 3633 ὲκ
1421 3581 1522 3650 τῆς
1559 3579 1628 3632 ἀκ

1881 3573 1899 3626 i
1930 3581 2112 3642 caput,
2139 3570 2388 3627 Christus
2419 3577 2521 3625 est.
2558 3586 2578 3620 ι
2607 3565 2837 3622 Videtur
2864 3564 3085 3636 quidem
3114 3571 3383 3634 quantum

123 3653 323 3742 iouOia;
377 3653 728 3746 διαλέγεσθαι
775 3675 916 3748 πρὸς
959 3674 1086 3738 τοὺς
1121 3673 1213 3726 ὑπ’
1239 3671 1406 3728 αὑτοῦ
1437 3673 1626 3726 ὲπαινο

1888 3664 2142 3720 erborum
2193 3661 2586 3732 consequentia
2635 3658 2932 3730 colligitur,
2975 3655 3044 3711 ad
3079 3670 3176 3712 eos
3217 3653 3387 3710 verba

127 3768 303 3838 μένους
330 3768 424 3822 ἐπὶ
445 3767 524 3839 τῷ
557 3746 944 3838 κατέχεινίτὰς
975 3763 1308 3836 παραδόσεις
1329 3780 1345 3797 ο
1373 3765 1440 3834 τῇ
1463 3763 1630 3832 ἀληθε

1885 3771 1998 3820 ere,
2038 3769 2175 3824 quos
2203 3768 2268 3811 eo
2293 3751 2556 3818 laudavit,
2588 3749 2732 3824 quod
2761 3757 3030 3821 praecepta
3063 3746 3183 3804 sive
3217 3746 3388 3802 tradi-

124 3860 190 3924 δδ,
221 3860 349 3925 τοὺς
379 3859 788 3932 ἀπειθήσαντας
820 3857 1152 3930 διορθοῦται.
1185 3857 1393 3921 Παντὸς
1421 3857 1477 3911 δὲ
1497 3856 1627 3926 ἀνδρ

1884 3862 1972 3903 nes
2039 3847 2427 3904 observassent
2471 3857 2714 3900 :revera
2773 3849 2953 3901 autem
3011 3839 3387 3912 immorigeros

126 3953 342 4021 ἀκούων,
372 3952 470 4008 τοῦ
495 3951 690 4007 πιστοῦ
727 3951 839 4006 νόει
865 3950 1114 4022 κεφαλὴν
1143 3947 1286 4006 εἶναι
1311 3950 1404 4004 τὸν
1427 3949 1629 4021 Χριστό

1884 3939 2038 4010 τίεῐι.
2067 3937 2202 3994 Cum
2228 3953 2359 3995 vero
2404 3935 2696 4009 cuiuslibet
2737 3934 2840 3990 viri
2874 3940 3038 4004 caput
3067 3946 3188 3988 esse
3229 3930 3387 3988 Chri-

127 4045 180 4098 0i
203 4045 309 4118 γὰρ
335 4045 516 4100 πιστοί
543 4046 714 4115 ὲσμεν
745 4043 907 4116 σῶμα
927 4042 1118 4110 αὐτοῦ,
1149 4043 1270 4115 οὐχὶ
1295 4043 1391 4098 καὶ
1413 4044 1462 4097 οἱ
1486 4041 1630 4098 Ἕλλη

1885 4049 1934 4088 m
1974 4032 2154 4097 audis,
2181 4032 2249 4088 de
2289 4029 2436 4088 ﬁdeli
2490 4029 2638 4086 istuc
2684 4026 2982 4098 intelligas.
3027 4025 3162 4081 Nam
3199 4023 3386 4081 ﬁdeles

129 4155 230 4205 νες·
267 4117 410 4195 ὥστε
439 4139 565 4195 οὐδὲ
595 4137 814 4210 κεφαλὴ
837 4137 1061 4196 ἐκείνων
1089 4138 1118 4192 6
1148 4135 1408 4206 Χριστός.

1887 4139 2112 4182 ιειιιηιιε
2134 4139 2334 4196 corpus
2373 4123 2583 4196 ipsius;
2625 4137 2735 4179 non
2771 4128 2956 4177 autem
2984 4117 3160 4177 Graeci
3195 4117 3390 4175 inlide-

1795 4218 1876 4276 les
1904 4237 1917 4273 :
1945 4231 2116 4289 quare
2147 4231 2248 4273 nec
2276 4224 2440 4287 caput
2473 4214 2688 4270 illorum
2721 4212 2994 4270 Christus.

195 4341 212 4374 ι
248 4321 473 4394 Κεφαλὴ
499 4321 556 4374 δὲ
581 4319 841 4390 γυναικὸς
871 4319 899 4374 6
922 4318 1062 4389 ἀνήρ
1082 4333 1098 4349 ⁸
1136 4315 1348 4386 κεφαλὴ
1372 4314 1428 4369 δὲ
1451 4309 1690 4386 Χριστοῦ

1884 4330 1892 4364 l
1927 4309 2108 4379 Caput
2153 4315 2338 4364 autem
2374 4306 2619 4363 mulieris
2659 4304 2778 4373 vir;
2809 4311 2976 4375 caput
3019 4317 3153 4360 vero
3179 4303 3387 4373 Christi

129 4411 311 4477 ὁΘεός.
347 4431 368 4468 ι
396 4411 625 4482 Κεφαλὴ
654 4411 915 4481 γυναικὸς
940 4411 968 4464 6
999 4407 1161 4481 ἀνὴρ,
1191 4406 1280 4461 διὰ
1305 4406 1367 4461 τὸ
1395 4405 1632 4477 κατάρχε

1884 4418 1966 4460 us.
2003 4421 2026 4455 ι
2065 4400 2245 4472 Caput
2284 4401 2473 4457 uxoris
2510 4397 2744 4455 maritus
2777 4407 2884 4465 est,
2917 4405 3205 4470 propterea
3244 4399 3387 4469 quod

131 4505 284 4574 αὐτῆς
307 4523 320 4537 ·
349 4504 590 4576 Χριστοῦ
606 4503 664 4557 δὲ
694 4501 905 4574 κεφαλὴ
921 4503 949 4556 6
972 4499 1124 4565 Θεὸς,
1152 4499 1242 4554 διὰ
1265 4496 1328 4552 τὺ
1354 4497 1527 4560 αἴτιος
1551 4491 1631 4551 εῖν

1884 4496 2104 4552 uinetur
2131 4494 2186 4550 in
2219 4508 2338 4550 eam
2374 4510 2390 4552 :
2422 4491 2636 4548 Cltristi
2683 4505 2816 4548 vero
2843 4498 3009 4562 caput
3045 4489 3210 4559 Deus,
3244 4491 3387 4562 quod

131 4595 302 4661 αὑτοῦ,
329 4595 406 4659 ὡς
436 4592 626 4666 Πατὴρ
650 4592 808 4648 Υἱοῦ.
837 4593 913 4646 Οὐ
952 4591 1036 4645 δεῖ
1065 4590 1177 4664 γὰρ
1199 4589 1268 4645 τά
1292 4589 1423 4662 περὶ
1453 4588 1634 4660 κεφαλέ

1902 4588 2022 4659 ejus
2067 4601 2256 4654 causa,
2287 4594 2350 4641 ut
2373 4585 2538 4641 Pater
2571 4584 2720 4642 Filii.
2748 4583 2867 4641 Non
2896 4591 3114 4654 oportet
3143 4583 3288 4639 enim
3325 4597 3387 4638 ea

132 4688 377 4758 εἰρημένα
405 4687 610 4760 ὁμοίως
639 4687 735 4741 καὶ
765 4685 860 4740 ἐπὶ
881 4682 1124 4756 Χριστοῦ
1154 4682 1524 4754 ἐκλαμϐάνειν
1547 4698 1562 4713 ·
1584 4681 1635 4736 ἀ]

1887 4697 1929 4738 te
1957 4681 2025 4737 de
2060 4678 2240 4749 capite
2274 4677 2415 4734 dicta
2448 4685 2596 4745 sunt,
2623 4691 2689 4733 ex
2720 4689 2876 4748 atquo
2900 4676 2966 4732 de
2987 4674 3207 4760 Christo
3232 4673 3390 4731 intel-

319 4781 415 4853 μὲν
438 4753 677 4852 ’κεφαλὴ
708 4780 737 4834 6
764 4753 1024 4851 Χριστὸς,
1072 4777 1169 4834 καὶ
1208 4753 1304 4843 ὡς
1329 4775 1633 4850 Δημιουργὶ

1884 4789 1974 4830 ere
2004 4792 2018 4830 :
2051 4786 2240 4828 verum
2273 4778 2518 4826 nostrum
2555 4769 2774 4840 quidem
2815 4776 2979 4840 caput
3009 4776 3092 4824 est
3117 4753 3387 4834 Christus,

135 4872 220 4924 atat
255 4872 324 4935 ὡς
368 4874 624 4945 σώματος
671 4873 837 4928 αὐτοῦ
893 4872 1067 4927 ὅντων
1109 4869 1302 4943 ἡμῶνο
1330 4871 1440 4925 ὁδὲ
1485 4869 1638 4940 Harl]

1891 4876 2163 4940 quatenus
2211 4873 2301 4920 851,
2347 4871 2567 4920 creator
2617 4871 2836 4930 noster,
2885 4869 2942 4917 et
2986 4869 3254 4932 quatenus
3288 4875 3391 4916 nos

135 4959 351 5031 Χριστοῦ
401 4964 638 5036 κεφαλὴ,
666 4964 746 5028 ὡς
791 4963 965 5028 αἴτιος
1017 4962 1206 5019 αὐτοῦ.
1248 4962 1392 5016 Είδὲ
1421 4961 1515 5016 καὶ
1556 4979 1638 5016 κα·

1886 4974 1994 5015 nus
2023 4957 2196 5029 ipsius
2215 4971 2436 5027 corpus.
2465 4955 2670 5012 Christi
2693 4963 2874 5011 autem
2908 4964 3071 5026 caput
3096 4953 3258 5009 Pater
3285 4963 3389 5016 est,

139 5054 457 5126 ἀνθρώπινον
488 5056 739 5121 ἐκλάϐοις
760 5056 934 5121 οὕτως
957 5055 1212 5128 εἰρῆσθαι
1241 5055 1332 5110 τὸν
1359 5055 1578 5127 Πατέρα
1601 5073 1642 5109 τι

1886 5064 2083 5107 tcausa
2109 5048 2306 5120 ipsius.
2329 5047 2423 5104 Sin
2442 5049 2592 5119 juxta
2619 5048 3016 5107 humanitatem
3036 5046 3275 5116 accipias
3307 5046 3389 5100 sic

141 5144 358 5215 Χριστοῦ
405 5148 690 5219 κεφαλὴν,
739 5146 932 5217 ὥσπερ
977 5148 1140 5212 αὐτος
1169 5151 1198 5202 6
1230 5147 1465 5220 Χριστὸς
1502 5147 1644 5218 ὲλέχί

1890 5153 2011 5200 tum
2045 5158 2169 5201 esse
2191 5142 2408 5199 Patrem
2430 5141 2641 5198 Christi
2672 5150 2855 5214 caput,
2891 5141 3117 5212 perinde
3145 5153 3210 5195 ac
3235 5138 3393 5195 Chri-

141 5236 280 5304 ἡμῶν
307 5240 537 5312 κεφαλὴ,
569 5239 723 5294 οὐδὲν
752 5239 978 5304 ἀσεϐές·
1012 5240 1135 5294 ἐπεὶ
1165 5241 1260 5294 καὶ
1287 5240 1420 5304 Θεὸς
1445 5241 1474 5293 6
1507 5239 1644 5293 Πατὶ

1888 5252 1922 5292 ιε
1987 5237 2165 5293 dictus
2217 5243 2301 5291 est
2347 5243 2511 5305 caput
2567 5244 2852 5299 nostrum,
2910 5231 3048 5288 nihil
3098 5231 3391 5302 impietatis

143 5327 343 5396 λέγεται
365 5331 457 5385 τοῦ
485 5330 725 5402 Χριστοῦ
756 5333 898 5386 κατὰ
924 5331 987 5385 τὸ
1015 5332 1376 5403 ἀνθρώπινον.
1413 5332 1566 5385 Ἐπεὶ
1589 5332 1646 5400 γὸ

1887 5329 2056 5384 mittis
2093 5347 2105 5382 :
2153 5327 2636 5398 quandoquidem,
2686 5337 2740 5383 et
2782 5325 2926 5382 Dcus
2976 5324 3139 5381 Pater
3185 5322 3390 5379 Christi

145 5417 265 5488 ἡμῖν
287 5420 598 5491 ὡμοιῶσθαι
625 5423 672 5455 ’⁵⁸
708 5420 1067 5489 κατεδέξατο,
1115 5422 1211 5476 καὶ
1259 5421 1490 5490 ἀδελφὸς
1539 5421 1648 5493 ἠμί]

1887 5422 2010 5477 :itur
2053 5422 2350 5477 secundum
2401 5419 2824 5476 humanitatem.
2866 5417 3002 5487 Quia
3050 5417 3198 5473 enim
3233 5415 3390 5472 nobis

149 5509 462 5581 ἐχρημάτισε
511 5513 608 5568 καὶ
640 5513 874 5584 κεφαλὴ,
909 5512 1064 5567 οὐδὲν
1094 5512 1282 5568 καινὸν
1307 5515 1356 5566 εἰ
1385 5513 1480 5567 καὶ
1508 5513 1575 5567 τὰ
1601 5513 1652 5566 τί

1886 5514 2104 5570 similari
2147 5514 2403 5586 dignatus
2445 5521 2560 5578 est,
2591 5520 2645 5568 et
2675 5509 2848 5568 frater
2895 5519 3100 5577 noster,
3139 5519 3195 5566 et
3224 5518 3389 5581 caput

149 5603 508 5669 ταπεινώσεως
537 5605 780 5676 ὀνόματα
824 5603 1182 5676 καταδέχεται
1214 5605 1282 5673 ⁸ο,
1311 5603 1522 5658 καὶτὸν
1559 5621 1652 5657 κατ

1889 5615 2060 5662 strum
2101 5606 2292 5672 audiit,
2320 5605 2670 5661 nihilnovum
2704 5612 2813 5675 est,
2847 5605 2894 5662 si
2915 5613 2971 5663 et
2991 5602 3388 5663 humiliationis

1453 5757 1652 5820 Varias
1692 5757 2021 5821 lectiones.

213 5887 255 5925 ⁸⁷
304 5886 781 5954 ἀκατακαλύπτως
835 5903 889 5948 0.
945 5885 1013 5965 “3
1055 5883 1493 5945 ὑπακουσάντων
1529 5899 1582 5942 0.
1661 5887 1706 5923 ⁸³
1746 5883 2079 5957 ὁμοιωθῆναι
2117 5899 2168 5942 ο.
2248 5885 2293 5918 ⁸ο
2322 5882 2644 5954 ἀναδέχεται
2672 5897 2726 5939 ο.
