3806 6588
399 447 507 514 695

1329 453 1915 517 THEOPI—IYLACTI
1954 455 2365 520 BULGARI/E
2406 458 2759 521 ARCHIEP.

3523 465 3624 530 ινδ

399 563 620 619 nomina
648 562 893 634 recipiat,
928 579 991 622 ac
1010 580 1136 621 eum
1163 567 1252 638 qui
1276 567 1428 637 juxta
1453 569 1787 625 divinitatem
1810 568 1973 623 Pater

2081 570 2176 640 τὴν
2235 573 2464 645 θεότητα
2527 575 2748 644 Πατέρα
2804 571 2917 644 ἔχει
2962 573 3208 645 κεφαλὴν
3259 575 3396 630 κατά
3442 576 3497 631 τὸ
3535 581 3620 634 άν-

393 662 502 723 est,
519 664 680 725 caput
706 655 899 711 habent
916 657 1215 711 secundum
1239 659 1628 714 humanitatem
1646 674 1821 725 suam,
1849 668 1968 712 tan-

395 763 559 820 quam
582 749 880 819 principem
915 758 970 804 et
997 749 1164 806 Deum
1197 768 1376 806 suum.

380 846 397 936 ι
470 838 630 896 Vsus.
665 843 718 898 4.
758 859 776 893 ι
813 841 1002 898 Omnis
1051 843 1135 899 vir
1181 860 1346 900 orans
1399 856 1492 901 aut
1526 846 1878 917 prophetans,
1918 845 1968 899 in

393 934 570 1004 capite
600 933 825 1002 habens,
877 936 1128 1006 deturpat
1171 944 1336 1009 caput
1368 955 1548 994 suum.
1589 958 1607 991 ι
1649 937 1829 993 Virum
1864 953 1966 992 non

399 981 570 1004 ην.--
600 981 825 1002 ..----..-,
877 981 1127 1006 πων..-
1173 981 1336 1009 νην...
1368 981 1548 994 πω...
1589 981 1605 991 ,
1864 981 1966 992 ην..

362 981 618 1094 )onmino
678 1036 842 1098 caput
885 1027 1103 1098 operire
1157 1030 1442 1099 prohibet,
1493 1032 1584 1086 sed
1629 1031 1680 1085 in
1724 1032 1971 1086 oratione

393 1125 602 1174 tantum
617 1129 672 1173 et
695 1121 1000 1189 prophetia.
1026 1119 1137 1178 Nec
1158 1122 1312 1187 dixit,
1333 1121 1530 1178 Tectus
1557 1132 1738 1192 caput,
1757 1139 1967 1188 verum,

371 1229 418 1295 ει
459 1211 517 1266 In
545 1211 725 1281 capite
757 1212 984 1282 habens,
1023 1230 1043 1266 ι
1078 1222 1135 1268 ιιι
1166 1214 1379 1269 auferat
1404 1232 1509 1270 non
1545 1216 1717 1272 solum
1747 1215 1973 1272 velutio-

393 1319 519 1358 nem
547 1319 644 1375 per
675 1305 898 1376 pileum,
940 1322 1127 1362 verum
1164 1307 1328 1362 etiam
1389 1308 1552 1380 186
1590 1324 1686 1379 per
1734 1324 1966 1364 comam.

392 1395 529 1452 Nam
558 1398 648 1468 qui
677 1413 886 1454 comam
921 1401 1113 1465 nutrit,
1157 1399 1320 1456 etiam
1358 1404 1410 1456 in
1447 1402 1623 1472 capite
1664 1400 1847 1467 habet,
1879 1416 1972 1457 co-

395 1508 539 1548 mam
598 1492 868 1550 videlicet.
911 1493 1014 1562 Qui
1065 1511 1196 1551 vero
1250 1495 1525 1566 pudefacit
1570 1506 1734 1566 caput
1768 1496 1972 1551 suum?

390 1585 531 1652 Quia
565 1601 687 1640 eum
741 1587 1000 1658 princeps
1048 1589 1142 1657 sit,
1188 1590 1384 1660 suique
1421 1590 1583 1661 juris,
1619 1603 1679 1645 se
1706 1589 1970 1661 ipsejugo

388 1677 593 1734 subdit.
625 1679 802 1750 Caput
826 1683 970 1736 enim
1000 1692 1312 1754 contegere,
1332 1692 1416 1738 est
1446 1692 1764 1752 potestatem
1798 1683 1968 1753 capiti

390 1772 692 1840 imponere.
721 1772 855 1829 Nam
896 1775 1091 1846 capitis
1127 1785 1518 1847 tegumentum,
1552 1783 1634 1832 est
1661 1776 1968 1832 dominato-

390 1865 469 1919 ris
495 1865 634 1932 vice,
686 1867 1009 1937 signumque
1039 1868 1414 1938 subjectionis.
1443 1868 1540 1924 Vel
1574 1871 1719 1925 hunc
1751 1870 1816 1923 ad
1851 1883 1968 1925 mo-

390 1961 516 2014 dum
561 1978 576 2014 :
632 1959 1222 2018 Pudelacitﬂhristum
1273 1971 1437 2032 caput
1481 1979 1673 2028 suum,
1729 1963 1967 2034 seipsum

391 2051 648 2108 nimirum
690 2053 1020 2110 imminuens
1051 2071 1115 2110 ac
1146 2056 1398 2112 libertate
1441 2057 1682 2127 privans.
1718 2056 1790 2112 Ut
1823 2057 1967 2112 enim

387 2149 643 2218 exiguum
672 2162 871 2219 corpus
901 2148 1176 2218 pudefacit
1203 2159 1394 2218 caput,
1424 2151 1502 2206 sic
1533 2150 1624 2219 qui
1654 2166 1682 2206 a
1708 2151 1968 2206 Deoliber

390 2242 583 2310 suique
626 2241 763 2310 juris
815 2241 991 2298 factus
1038 2253 1140 2308 est,
1177 2243 1414 2312 seipsum
1448 2252 1629 2299 autem
1672 2243 1966 2310 imminuit,

388 2346 454 2384 ac
475 2330 639 2386 veluti
663 2331 763 2387 sub
780 2340 1048 2401 potestate
1078 2344 1242 2399 esset,
1276 2335 1346 2388 ita
1378 2350 1437 2390 se
1459 2335 1725 2406 contegit;
1749 2335 1967 2391 Christo

388 2422 556 2492 capiti
583 2421 722 2493 ejus,
747 2431 1003 2493 tanquam
1033 2423 1299 2494 corporis,
1321 2436 1404 2480 est
1430 2426 1636 2484 decori.
1661 2425 1776 2481 Non
1803 2427 1968 2482 fuerit

387 2521 570 2567 autent
607 2514 703 2568 abs
729 2527 785 2568 re
815 2529 1080 2584 quaerere,
1113 2531 1210 2570 cur
1239 2516 1402 2570 Veluti
1437 2518 1648 2587 culpam
1682 2527 1736 2574 et
1770 2533 1970 2589 pecca-

390 2613 503 2656 tum
531 2603 670 2658 istuc
699 2605 993 2673 Apostolus
1026 2605 1288 2675 posuerit.
1331 2605 1476 2660 Inter
1514 2607 1678 2662 multa
1713 2608 1816 2662 alia
1847 2623 1968 2677 qua:

389 2710 512 2750 cum
546 2695 664 2750 viro
705 2704 819 2751 tum
865 2693 1106 2762 fetuinae,
1146 2697 1218 2752 illi
1252 2713 1447 2768 nempe
1478 2699 1532 2752 in
1562 2699 1808 2764 dominii,
1842 2701 1970 2756 huic

392 2791 446 2844 in
481 2789 840 2858 subjectionis
870 2790 1026 2857 signa
1075 2791 1273 2845 tradita
1305 2801 1482 2857 erant,
1523 2793 1663 2848 istud
1694 2793 1878 2860 etiam,
1911 2802 1970 2848 ut

391 2882 482 2938 ille
506 2882 726 2952 quidem
759 2893 921 2953 caput
951 2882 1180 2953 aperiat.
1217 2883 1320 2938 ista
1365 2892 1543 2939 autem
1581 2894 1748 2957 tegat,
1775 2885 1844 2942 iis
1873 2901 1969 2956 pro

391 2973 637 3044 symbolo
683 2974 868 3029 datum
908 2985 1049 3030 erat.
1085 2975 1366 3043 Quomodo
1398 2977 1566 3046 igitur
1600 2977 1757 3049 culpa
1789 2988 1966 3042 vacet,

2082 658 2372 730 θρὼπινον,
2413 663 2488 727 ὡς
2520 664 2757 735 ἄρχοντα
2789 660 2976 728 αὑτοῦ,
3011 663 3104 718 καὶ
3135 663 3212 729 ὡς
3235 665 3365 719 Θεὸν
3387 667 3558 724 αὑτοῦ.

2153 860 2170 893 ι
2205 842 2318 905 ua,-
2342 841 2481 914 ἀνὴρ
2509 843 2947 915 προσευχόμενος
2973 846 3004 915 ἢ
3032 845 3411 917 προφητεύων.
3434 847 3566 902 κατέ
3585 850 3622 883 ⁵⁸

2075 933 2319 1004 κεφαλῆς
2361 935 2523 1006 ἔχων,
2571 938 2924 1008 καταισχύνει
2959 939 3059 1009 τὴν
3105 937 3346 1008 κεφαλὴν
3389 939 3564 996 αὑτοῦ.
3605 961 3624 994 ι

2076 1029 2190 1081 Ούκ
2219 1028 2305 1082 ἀεὶ
2336 1029 2535 1083 κωλύει
2586 1031 2678 1084 τὸν
2720 1031 2893 1102 ἄνδρα
2941 1030 3476 1095 κατακαλύπτεσθαι,
3511 1033 3628 1086 ἀλλὰ

2077 1121 2238 1191 μόνον
2268 1121 2327 1175 ἐν
2352 1125 2626 1195 προσευχῇ
2656 1124 2751 1176 καὶ
2780 1123 3108 1194 προφητείᾳ.
3144 1123 3258 1176 Ούκ
3285 1119 3408 1174 εἷπε
3437 1122 3509 1185 δὲ,
3539 1125 3630 1178 Κε-

2075 1212 2421 1285 καλυμμένος
2473 1214 2572 1286 τὴν
2624 1216 2887 1287 κεφαλὴν,
2945 1215 3101 1280 ἀλλὰ,
3151 1233 3170 1267 ι
3206 1214 3366 1269 Κατὰ
3413 1216 3630 1286 κεφαλῆς

2074 1305 2249 1378 ἔχων,
2304 1325 2323 1359 ι
2374 1307 2462 1361 ἵνα
2510 1307 2676 1380 ἀνέλῃ
2729 1310 2791 1363 ού
2851 1310 3012 1380 μόνον
3046 1308 3106 1362 τδ
3137 1308 3631 1364 κατακαλύπτεσθαι

2077 1399 2278 1471 ἱματίῳ
2309 1400 2388 1466 ⁸⁸,
2423 1400 2560 1455 ἀλλὰ
2590 1401 2687 1455 καὶ
2737 1401 2916 1474 κόμτγ
2950 1402 3047 1454 καὶ
3079 1402 3108 1454 ὁ
3139 1402 3324 1472 κομῶν
3374 1401 3480 1471 γὰρ
3508 1403 3633 1456 κατὰ

2076 1493 2318 1563 κεφαλῆς
2345 1493 2480 1566 ἔχει,
2515 1492 2615 1564 τὴν
2657 1494 2836 1566 κόμην
2866 1493 3093 1565 δηλαδή.
3121 1493 3246 1558 Πῶς
3276 1493 3334 1547 δὲ
3360 1496 3632 1566 καταισχύ-

2073 1603 2155 1638 νει
2191 1585 2290 1658 τὴν
2335 1586 2577 1656 κεφαλὴν
2625 1585 2830 1653 αύτοῦς
2862 1585 3005 1645 Διότι
3053 1587 3236 1656 ἄρχων
3285 1586 3525 1653 γεγονὼς
3553 1589 3632 1641 καὶ

2073 1677 2448 1750 ὲΕουσιαστὴς,
2483 1677 2590 1732 ὑπὸ
2620 1677 2871 1742 ἐξουσίαν
2909 1678 3054 1730 ποιεῖ
3076 1677 3290 1729 ἑαυτόν.
3321 1675 3397 1729 Τὸ
3423 1675 3524 1745 γὰρ
3554 1694 3634 1729 κει

2074 1769 2348 1840 καλύφθαι
2401 1769 2501 1842 τὴν
2567 1758 2855 1840 κεφαλὴν,
2915 1768 3168 1836 ἐξουσίαν
3225 1767 3528 1822 ἐπιτιθέναι
3576 1770 3630 1841 τῇ

2073 1863 2286 1934 κεφαλῇ
2319 1865 2466 1918 ἐστιν
2486 1880 2500 1895 ο
2535 1863 2657 1918 ἀντὶ
2675 1852 2796 1933 ’γὰρ
2825 1861 3176 1929 ὲξουσιαστοῦ
3213 1861 3414 1916 ἔστιτὸ
3443 1861 3531 1916 ἐπὶ
3551 1863 3632 1931 τῆς

2075 1956 2320 2028 κεφαλῆς
2366 1956 2652 2026 κάλυμμα,
2699 1955 3070 2027 κα“ι.σημεῖον
3121 1956 3430 2025 ὑποταγῆς.
3465 1957 3528 2008 Ἢ
3555 1956 3634 2008 καὶ

2071 2050 2242 2105 οὕτω·
2278 2048 2650 2120 Καταισχύνει
2682 2049 2774 2102 τὸν
2796 2047 3032 2118 Χριστὸν
3065 2048 3164 2118 τὴν
3194 2048 3445 2119 κεφαλὴν
3465 2048 3636 2110 αὑτοῦ,

2071 2146 2533 2219 κατασμικρύνων
2545 2145 2748 2218 δηλαδὴ
2765 2145 2958 2200 ἑαυτὸν
2975 2147 3070 2200 καὶ
3089 2145 3450 2216 ἀνελεύθερον
3467 2145 3632 2202 ποιῶν.

2086 2241 2176 2304 Ὦς
2203 2240 2308 2311 γὰρ
2332 2239 2393 2292 τὺ
2423 2239 2618 2309 μικρὸν
2656 2239 2815 2309 σῶμα
2845 2237 3204 2308 καταισχύνει
3246 2238 3348 2309 τὴν
3381 2238 3632 2308 κεφαλήψ

2069 2330 2212 2384 οὕτω
2256 2331 2350 2384 καὶ
2389 2332 2416 2384 6
2456 2331 2559 2384 ὑπὸ
2587 2329 2746 2390 ⁴Θεοῦ
2801 2331 2900 2400 μὲν
2940 2328 3185 2398 γεγονὼς
3222 2329 3507 2401 ἐλεύθερος
3556 2330 3636 2383 καὶ

2071 2423 2437 2489 αύτεξούσιος,
2493 2422 2960 2494 κατασμικρύνων
2993 2423 3051 2476 δὲ
3089 2423 3303 2488 ἑαυτὸν,
3336 2424 3437 2477 καὶ
3467 2423 3535 2485 ὡς
3556 2423 3634 2476 ὕπ’

2071 2515 2320 2582 ἐξουσίαν
2368 2516 2498 2570 ὄντα
2543 2515 2687 2569 οὕτω
2739 2515 3055 2583 καλύπτων,
3097 2517 3180 2578 εἰς
3231 2515 3497 2586 αἰσχύνην
3537 2516 3636 2568 ἐστὶ

2071 2607 2331 2680 Χριστοῦ,
2363 2608 2420 2672 ὃς
2451 2610 2566 2661 ἐστι
2593 2607 2806 2679 κεφαλὴ
2835 2607 3023 2673 αὑτοῦ,
3053 2607 3129 2672 ὡς
3167 2607 3448 2678 σώματος.
3478 2606 3636 2670 ’Ἄξιον

2070 2703 2125 2756 δὲ
2154 2699 2412 2772 ζητῆσαι,
2443 2701 2587 2772 τίνος
2630 2699 2818 2754 ἕνεκεν
2856 2701 2932 2765 ὠς
2961 2699 3214 2771 ἔγκλημα
3247 2700 3414 2754 τοῦτο
3448 2700 3635 2770 τίθησιν

2070 2798 2098 2850 ὁ
2139 2792 2464 2856 Ἀπόστολος
2481 2809 2494 2823 ·
2527 2791 2802 2865 Σύμϐολον
2823 2793 3033 2848 δέδοται
3055 2792 3132 2863 τῷ
3156 2792 3312 2863 ἀνδρὶ
3345 2793 3444 2845 καὶ
3469 2794 3528 2861 τῇ
3553 2808 3637 2858 γυ-

2071 2887 2240 2944 ναικί·
2259 2887 2338 2959 τῷ
2366 2887 2489 2957 μὲν,
2520 2887 2622 2955 τῆς
2642 2887 2842 2958 ἀρχῆς·
2856 2889 2922 2958 τῇ
2942 2887 3023 2952 δὲ,
3041 2886 3140 2954 τῆς
3159 2885 3466 2954 ὑποταγῆς,
3492 2881 3642 2936 πολλὰ

2075 2981 2173 3050 μὲν
2200 2978 2292 3033 καὶ
2316 2977 2472 3042 ἄλλα,
2497 2976 2770 3032 καὶτοῦτο
2795 2976 2860 3048 δὴ
2889 2977 2974 3041 τὸ,
3006 2976 3097 3030 τὸν
3145 2975 3246 3046 μὲν
3311 2973 3638 3029 ἀκατακάλυ-

391 3076 603 3123 natura;
632 3065 777 3136 leges
803 3069 1186 3138 prmlergredi;
1217 3084 1280 3124 ac
1314 3069 1481 3124 virum
1516 3071 1730 3140 quidem
1755 3087 1966 3127 comam

2081 3087 2206 3123 πτον
2227 3064 2510 3139 εἶναιητὴν
2535 3068 2590 3122 δὲ
2614 3066 3121 3136 κεκαλύφθαι.ξΠῶς
3152 3060 3246 3120 οὖν
3274 3066 3383 3118 οὐκ
3407 3064 3634 3133 ἔγκλημα

392 3161 626 3227 nutrire,
651 3161 936 3216 mulierem
958 3176 1084 3217 vero
1108 3170 1314 3218 retecto
1339 3177 1458 3218 esse
1480 3163 1690 3235 capite?
1708 3163 1819 3219 Hoc
1839 3179 1970 3235 ergo

2081 3165 2132 3218 τὸ
2161 3165 2287 3228 τοὺς
2316 3165 2476 3236 ὅρους
2516 3163 2618 3233 τῆς
2659 3162 2876 3232 φύσεως
2925 3159 3370 3232 παραὸαίνεσθαι
3389 3201 3406 3226 ,
3436 3157 3529 3211 καὶ
3559 3157 3636 3208 τὸν

394 3253 562 3319 tollit,
586 3267 682 3310 ceu
713 3255 1042 3324 arrogantia:
1071 3254 1308 3325 signum,
1343 3271 1464 3326 qua:
1494 3271 1600 3312 non
1637 3271 1806 3327 pauca
1835 3272 1965 3314 sane
1991 3279 1994 3311 ι

2081 3255 2172 3326 μὲν
2212 3256 2380 3326 ἄνδρα
2409 3256 2585 3326 κομᾷν
2605 3297 2621 3322 ,
2655 3255 2757 3326 τὴν
2789 3254 2846 3308 δὲ
2874 3254 3111 3322 γυναῖκα
3159 3246 3640 3319 ἀνακεκαλύφθαι;

391 3346 448 3402 in
480 3345 642 3404 rebus
670 3347 1062 3404 ecclesiasticis
1087 3355 1143 3404 et
1165 3357 1412 3406 vastatet
1438 3350 1636 3419 perdit.
1668 3350 1806 3406 llinc
1824 3351 1967 3406 enim

2081 3349 2246 3404 Τοῦτο
2290 3348 2385 3403 οὖν
2427 3349 2644 3419 ἀναιρεῖ
2667 3348 2742 3412 ὡς
2788 3345 3081 3409 αὐθαδείας
3142 3347 3396 3424 σημεῖον,
3448 3343 3544 3412 τῆς
3585 3339 3638 3393 ού

391 3437 644 3493 oriuntur
704 3435 963 3503 haereses,
1011 3453 1078 3494 ex
1123 3440 1228 3496 hoc
1285 3439 1514 3506 scilicet,
1568 3441 1710 3512 quod
1757 3455 1822 3497 ea
1851 3457 1972 3512 quae

2081 3439 2248 3511 μικρᾶ
2287 3437 2694 3509 λυμαινομένης
2726 3439 2839 3500 τοῖς
2873 3435 3362 3506 ὲκκλησιαστικοῖς
3403 3432 3639 3503 πράγμαο

391 3529 602 3601 legibus
665 3516 959 3588 constituta
1029 3541 1200 3598 sunt,
1260 3535 1637 3607 unusquisque
1693 3544 1974 3606 transgre-

393 3624 597 3682 diatur.

465 3717 634 3776 Vens.
676 3720 731 3776 5.
769 3739 789 3772 ι
823 3719 1016 3778 Omnis
1068 3729 1251 3776 autem
1300 3719 1495 3777 mulier
1523 3735 1687 3777 orans
1730 3731 1823 3777 aut
1855 3735 1974 3792 pro-

391 3811 623 3880 phetans
683 3827 794 3868 non
837 3813 1018 3868 velato
1066 3813 1271 3884 capite,
1310 3815 1560 3882 deturpat
1589 3823 1969 3883 caputsuum;

395 3919 562 3958 unum
600 3904 744 3959 enim
768 3911 822 3959 et
852 3904 993 3959 idem
1021 3911 1127 3969 est,
1155 3919 1219 3960 ac
1247 3903 1295 3959 si
1322 3919 1442 3959 rasa
1475 3911 1640 3960 esset.
1677 3924 1695 3955 ι
1727 3903 1974 3959 Fuerunt

393 4005 575 4052 autem
623 4006 678 4050 et
706 3994 924 4051 feminae
967 3995 1266 4065 prophetia:
1295 3996 1394 4065 (ut
1443 3994 1717 4065 diximus)
1769 3995 1970 4051 donum

396 4087 683 4152 habentes,
715 4097 775 4142 ut
802 4086 1033 4158 Philippi
1054 4087 1176 4141 tiliae
1201 4086 1428 4156 aliaeque
1459 4087 1661 4141 multae.
1691 4086 1974 4154 Quomodo

394 4196 526 4237 vero
550 4179 1018 4252 pudefacitcaput
1059 4179 1257 4235 suum?
1294 4177 1432 4246 Quia
1474 4178 1760 4250 fugitivum
1803 4180 1975 4250 quod—

393 4281 522 4335 dam
551 4289 715 4349 caput
745 4276 1010 4343 ostendit,
1047 4285 1108 4332 ut
1140 4291 1260 4347 quae
1289 4275 1556 4331 defecerit
1584 4290 1612 4330 a
1648 4277 1844 4332 tradita
1869 4277 1973 4333 sibi

395 4385 428 4424 a
457 4368 568 4426 Deo
597 4373 894 4441 potestate.
925 4364 1160 4422 Noveris
1183 4373 1364 4421 autem
1389 4363 1534 4435 quod
1567 4361 1743 4417 virum
1769 4363 1821 4417 in
1849 4377 1976 4419 ora-

397 4464 544 4518 tione
567 4473 619 4519 et
648 4459 934 4533 prophetia
967 4467 1114 4516 vetet
1140 4473 1263 4515 esse
1293 4467 1438 4514 tecto
1463 4457 1660 4529 capite,
1689 4456 1973 4513 mulierem

395 4569 528 4618 vero
559 4571 662 4611 non
694 4555 828 4612 solis
872 4553 1024 4610 hisce
1066 4548 1172 4607 illis
1209 4550 1568 4624 temporibus,
1605 4565 1794 4604 verum
1829 4563 1974 4604 sem-

396 4663 512 4716 per.
542 4645 654 4703 lloc
687 4649 830 4703 enim
862 4647 979 4702 vult
1006 4661 1100 4717 per
1131 4646 1235 4702 hoc
1258 4645 1401 4715 quod
1433 4645 1544 4700 ait:
1571 4663 1588 4698 ι
1619 4643 1796 4700 Unum
1821 4643 1964 4700 enim

397 4750 451 4794 et
480 4740 622 4796 idem
652 4748 738 4794 est
767 4753 830 4794 ac
857 4739 901 4795 si
933 4754 1057 4794 rasa
1091 4745 1261 4795 esset.
1300 4755 1318 4790 ι
1353 4735 1488 4792 Nam
1525 4736 1666 4791 sicut
1697 4735 1800 4805 ipsi
1827 4751 1969 4790 nun-

396 4846 561 4899 quam
587 4846 696 4886 non
727 4840 882 4899 turpe
914 4840 1057 4886 esset
1086 4831 1224 4896 radi,
1255 4829 1328 4884 ita
1372 4829 1534 4885 etiam
1572 4829 1738 4893 istud,
1777 4841 1968 4898 nempe

397 4923 543 4979 nudo
588 4923 766 4994 capite
808 4922 1081 4978 incedere.
1133 4922 1268 4976 Nam
1305 4937 1463 4978 coma
1509 4923 1805 4992 tcgumcnti
1853 4923 1971 4978 vice

394 5027 498 5082 est.
527 5015 618 5070 Illa
647 5015 833 5084 itaque
857 5028 978 5085 quae
1021 5022 1392 5086 tegumentum
1421 5013 1629 5084 abiicit,
1663 5013 1857 5070 similis
1887 5022 1971 5070 cst

394 5109 471 5166 illi
501 5124 626 5182 quae
647 5123 860 5166 comam
891 5107 1107 5179 abiecit.

471 5292 631 5350 Vens.
652 5293 708 5349 6.
742 5311 762 5346 ι
803 5293 859 5350 Si
887 5291 1033 5350 enim
1063 5304 1170 5348 non
1198 5289 1410 5346 velatur
1439 5287 1654 5351 mulier,
1684 5289 1972 5342 tondeatur

393 5389 560 5444 etiam
590 5403 606 5443 :
638 5387 696 5444 Si
725 5396 903 5444 autem
934 5398 1094 5458 turpe
1115 5393 1201 5441 est
1226 5383 1441 5438 mulieri
1474 5382 1687 5437 tonderi
1719 5381 1803 5435 vel
1835 5383 1971 5447 raai,

396 5481 626 5537 veletur.
662 5498 682 5534 ι
716 5480 906 5536 Adhuc
932 5479 1193 5544 ostendit,
1221 5477 1364 5546 quod
1397 5475 1623 5530 retectio
1655 5474 1851 5546 capitis
1881 5490 1972 5529 ra—

398 5588 540 5630 sura:
565 5571 761 5629 similis
810 5581 922 5640 est;
969 5581 1024 5627 et
1055 5569 1510 5640 quemadmodum
1541 5567 1645 5623 ista
1688 5577 1841 5638 turpe
1869 5577 1972 5634 est,

2076 3550 2180 3586 σιν.
2225 3530 2507 3584 Ἐντεῦθεν
2535 3531 2642 3601 γὰρ
2675 3529 2770 3583 καὶ
2804 3530 2860 3583 αἱ
2883 3529 3147 3601 αἱρέσεις,
3191 3529 3256 3581 ὲκ
3286 3526 3387 3581 τοῦ
3430 3527 3641 3580 ἕκαστον

2074 3624 2141 3679 τὰ
2171 3625 2539 3693 νενομισμένα
2575 3623 2919 3694 παρεξιέναι.

2150 3736 2168 3772 ι
2204 3720 2362 3773 Πᾶσα
2411 3718 2468 3772 δὲ
2516 3719 2656 3790 γυνὴ
2711 3716 3129 3788 προσευχομένη
3175 3713 3643 3788 ἧπροφητεύουσε

2075 3813 2522 3884 ἀκατακαλύπτῳ
2546 3814 2612 3884 τῇ
2633 3811 2870 3883 κεφαλῇ,
2900 3809 3259 3881 καταισχύνει
3290 3809 3393 3882 τὴν
3423 3806 3646 3878 κεφαλὴν

2076 3907 2281 3976 αὑτῆςο
2326 3905 2383 3960 ἓν
2415 3905 2524 3976 γάρ
2570 3906 2687 3959 ἐστι
2735 3904 2829 3958 καλ⁵
2874 3904 2937 3957 τὸ
2983 3904 3116 3959 αὐτὸ
3150 3905 3216 3974 τῇ
3259 3903 3584 3974 ἐξυρημένῃ.
3619 3916 3637 3950 ι

2073 3997 2257 4055 Ἦσαν
2288 3998 2419 4070 γάρ,
2455 3999 2591 4070 ὅπερ
2621 3997 2854 4069 ἔφημεν,
2887 3998 2982 4050 καὶ
3011 3998 3299 4065 γυναῖκες,
3328 3995 3392 4048 τὸ
3417 3995 3642 4065 χάρισμα

2073 4094 2177 4164 τῆς
2207 4091 2550 4165 προφητείας
2572 4091 2816 4162 ἔχουσαι,
2851 4091 2928 4155 ὡς
2957 4090 3013 4144 αἱ
3038 4088 3306 4142 Φιλίππου
3341 4085 3643 4157 θυγατέρες,

2076 4187 2173 4240 καὶ⁹
2199 4184 2356 4240 ἄλλαι
2386 4182 2599 4237 πολλαί.
2642 4181 2769 4246 Πῶς
2797 4181 2853 4235 δὲ
2891 4178 3250 4251 καταισχύνει
3285 4177 3387 4249 τὴν
3419 4173 3645 4245 κεφαλὴν

2077 4277 2286 4348 αύτῆς;
2321 4276 2445 4331 Ὅτι
2480 4274 2696 4344 φυγάδα
2721 4273 2768 4306 ⁵³
2791 4272 2916 4327 τινὰ
2944 4271 3045 4344 τὴν
3075 4269 3320 4342 κεφαλὴν
3345 4266 3646 4324 ἀποδείκνυ-

2079 4388 2186 4437 σιν,
2233 4369 2606 4424 ἀποσταθεῖσα
2652 4367 2754 4438 τῆς
2803 4364 3266 4436 ἐμπιστευθείσης
3318 4363 3457 4433 αὐτῇ
3511 4353 3645 4428 παρᾶ

2078 4464 2215 4519 Θεοῦ
2241 4463 2510 4530 ἐξουσίας.
2545 4461 2684 4516 ἰσθι
2709 4461 2787 4526 δὲ,
2816 4461 2898 4515 ὅτι
2932 4461 3024 4514 τὸν
3053 4458 3152 4530 μὲν
3187 4457 3379 4528 ἄνδρα.
3406 4457 3484 4520 ὡς
3506 4454 3646 4525 εἴρη-

2079 4576 2188 4626 ται,
2213 4559 2272 4612 ὲν
2295 4559 2362 4630 τῇ
2396 4557 2674 4629 προσευχῇ
2709 4554 2804 4608 καὶ
2833 4551 3146 4625 προφητείᾳ
3176 4552 3224 4584 ⁵⁵
3258 4549 3458 4605 κωλύει
3495 4561 3645 4600 κεκα-

2080 4651 2312 4722 λύφθαι·
2364 4650 2463 4720 τὴν
2501 4649 2557 4702 δὲ
2603 4650 2840 4716 γυναῖκα
2889 4647 2949 4699 ού
2986 4646 3146 4718 μόνον
3176 4645 3234 4698 ἐν
3278 4643 3491 4704 τούτοις
3535 4640 3642 4698 τοῖς

2081 4743 2314 4814 καιροῖς,
2359 4738 2497 4795 ἀλλὰ
2548 4740 2641 4794 καὶ
2671 4739 2783 4794 ἀεί.
2821 4737 2994 4792 Τοῦτο
3039 4737 3148 4806 γὰρ
3179 4732 3428 4806 βούλεται
3453 4731 3539 4785 διὰ
3560 4726 3648 4782 τοῦ

2079 4837 2276 4902 εῐπεῖν,
2316 4853 2335 4888 ι
2370 4835 2467 4889 Ἔν
2516 4834 2626 4906 γὰρ
2655 4833 2750 4888 καὶ
2775 4832 2835 4887 τὸ
2861 4831 2994 4886 αύτὸ
3025 4833 3143 4884 ἐστι
3173 4833 3238 4901 τῇ
3266 4825 3588 4900 ἐξυρημένῃ.
3625 4837 3642 4870 t

2081 4929 2294 5000 Ὠσπερ
2338 4928 2445 5000 γὰρ
2499 4929 2587 4982 ἀεὶ
2627 4926 2766 4998 αὐτῇ
2793 4926 2855 4979 τὸ
2885 4923 3183 4996 ὲξυρῆσθαι
3235 4921 3480 4992 αἰσχρὸν,
3518 4914 3647 4970 οὕτω

2079 5018 2280 5091 δηλαδὴ
2329 5019 2425 5072 καὶ
2471 5019 2532 5072 τὸ
2577 5014 3050 5084 ἀποκεκαλύφθαι.
3092 5013 3156 5066 Ἠ
3187 5011 3298 5081 γὰρ
3346 5010 3490 5078 κόμη
3540 5001 3649 5056 ἀντὶ

2080 5111 2441 5182 καλύμματὸς
2455 5111 2621 5164 ἐστιν.
2643 5109 2807 5162 Ὥστε
2833 5109 2866 5180 ἡ
2889 5105 3276 5161 ἁποῦάλλουσα
3297 5103 3356 5158 τὸ
3378 5101 3647 5168 κάλυμμα,

2077 5205 2146 5273 τῇ
2169 5203 2266 5272 τὴν
2294 5202 2466 5273 κόμην
2493 5199 2908 5270 άποὸαλλομένῃ
2933 5198 3132 5252 ἔοικεν.

2157 5312 2176 5344 ι
2216 5294 2279 5346 Εἰ
2305 5292 2413 5362 γὰρ
2443 5292 2502 5344 ού
2536 5289 3019 5344 κατακαλύπτεται
3050 5285 3208 5358 γυνὴ.
3243 5285 3337 5340 καὶ
3361 5276 3645 5353 κειράσθω·

2082 5382 2224 5435 εἰδὲ
2275 5382 2501 5452 αἰσχρὸν
2562 5379 2784 5448 γυναικὶ
2832 5378 2894 5431 τὺ
2949 5375 3238 5448 κείρασθαι
3285 5375 3319 5446 ἢ
3370 5366 3645 5440 ξυρᾶσθαι.

2084 5473 2608 5529 κατακαλυπτέσθω.
2646 5491 2664 5524 ι
2723 5470 3006 5541 Ἐπιμένει
3055 5469 3295 5534 δεικνὺς,
3335 5467 3413 5520 ὅτι
3455 5463 3490 5532 ἡ
3529 5460 3650 5513 ἀνα-

2084 5566 2318 5637 κάλυψις
2364 5569 2431 5639 τῇ
2482 5565 2704 5638 ξυρήσει
2743 5563 2926 5618 ἔοικε·
2971 5562 3069 5616 καὶ
3117 5560 3308 5630 ὥσπερ
3348 5558 3524 5648 ἐκείνη
3568 5549 3648 5607 αι-

1694 5731 1894 5792 Varize
1941 5727 2271 5790 lectiones.

468 5871 512 5902 ⁸⁸
559 5863 938 5936 προφητεύων,
973 5864 1233 5933 κάλυμμα
1282 5862 1421 5916 κατὰ
1455 5880 1526 5915 ιιι.
1603 5860 1875 5936 “duci-nat
1917 5874 1967 5910 ο.
1995 5856 2094 5936 ⁸⁸⁸³
2125 5856 2206 5908 ὅτι
2239 5855 2575 5936 epam-.951.-
2605 5853 2745 5924 (καὶ,
2772 5847 3120 5926 ὃραπετείαν)
3155 5847 3279 5905 τινὰ
3307 5844 3390 5900 mi
3427 5833 3642 5910 φυγάδα

399 5941 490 5998 τὸν
528 5926 798 5995 midinis.
849 5926 1260 5991 ἀποστατοῦσαν
1290 5936 1389 6004 τῆς
1443 5932 1830 5997 ἐπισταθείςης
1860 5947 1910 5985 o.
1993 5929 2038 5960 ³⁵⁸
2084 5926 2307 5996 νηστείᾳ
2337 5942 2395 5979 ο.
