3806 6572
137 441 230 507 697
847 429 1257 494 EXPOSITIO
1291 431 1377 494 IN
1416 429 1656 492 EPIST.
1695 429 1725 490 Ι
1765 430 1866 491 AD
1896 429 2069 492 (ΞΟΠ.
2101 454 2166 469 --
2202 432 2365 496 CAP.
2403 431 2511 494 XI.
3255 434 3366 500 698

137 553 309 626 σχρδν,
356 547 494 603 οὕτω
530 541 624 599 ιιαλ⁸
683 541 849 615 αὕτη.
899 541 1001 597 Διά
1042 542 1103 597 δὲ
1145 542 1353 598 τούτων
1402 544 1498 599 καλ⁵
1541 544 1640 597 δπε

1887 553 1942 600 et
1970 544 2059 600 illa
2089 544 2235 601 :Per
2262 547 2377 603 haec
2427 552 2608 602 autem
2643 544 2697 602 id
2723 546 2868 617 quod
2897 560 3065 617 supra
3093 547 3206 605 dixi
3231 555 3366 609 sub-

134 643 268 702 εῐπον
308 638 576 734 ἐμφαίνει,
608 635 691 690 ὅτι
726 635 814 690 ἀεὶ
856 634 1084 707 αίσχρδν
1118 637 1186 707 τῇ
1215 634 1439 704 γυναικὶ
1463 634 1526 688 τδ
1547 634 1637 689 ἀνο

1861 639 1984 706 iuit,
2019 655 2297 709 nunquam
2340 656 2448 698 non
2501 650 2657 711 turpe
2693 655 2814 698 esse
2836 681 2853 709 ,
2884 641 3168 699 mulierem
3201 654 3364 716 caput

135 733 463 803 κεκαλύφθαι.

1787 747 1944 788 suum
1973 740 2219 804 retegere
2247 733 2329 789 vel
2360 734 2583 789 nudare.

200 848 219 883 ι
256 826 411 897 ’Δνὴρ
459 824 560 895 μὲν
601 821 715 895 γὰρ
752 821 854 877 οὐκ
897 821 1104 892 ὀφείλει
1135 820 1678 889 κατακαλύπτεσθαι,

1866 831 2032 888 Vens.
2063 831 2115 885 7.
2149 849 2168 882 ι
2204 827 2298 883 Vir
2324 827 2538 897 quidem
2572 844 2679 886 non
2707 827 2866 885 debet
2887 827 3078 893 velari,
3108 826 3365 899 quoniam

137 920 276 978 εἰκὼν
300 920 391 975 καὶ
416 917 542 983 δόξα
567 915 702 971 Θεοῦ
735 915 1020 985 ὑπάρχων.
1064 934 1083 968 ι
1121 915 1352 987 Πρώτην
1379 915 1478 984 μὲν
1501 914 1640 968 αἰτία

1866 940 1967 994 ago
2010 931 2065 979 et
2089 921 2262 992 gloria
2293 921 2404 976 'Dei
2456 927 2561 975 est.
2602 937 2622 973 ι
2659 917 2897 973 Primam
2948 918 3164 989 quidem
3204 918 3365 990 187

136 1012 287 1079 εἶπεν,
306 1014 385 1066 ὅτι
407 1009 650 1080 κεφαλὴν
675 1007 788 1080 ἔχει
810 1009 900 1063 τὸν
919 1008 1178 1089 Χριστὸν,
1203 1011 1298 1061 καὶ
1326 1009 1388 1061 ού
1417 1008 1502 1062 δεῖ
1518 1008 1639 1063 αύτέ

1862 1033 2008 1074 usam
2059 1016 2233 1080 dixit,
2280 1012 2425 1084 quod
2474 1011 2755 1069 Christum
2802 1020 2969 1080 caput
3012 1012 3229 1074 habeat,
3269 1026 3365 1066 nec

136 1104 479 1174 κεκαλύφθαιο
513 1102 611 1157 νῦν
650 1102 706 1157 δὲ
742 1102 835 1156 καὶ
865 1101 1127 1171 δευτέραν
1170 1101 1408 1172 τίθησιν,
1443 1101 1525 1155 ὅτι
1556 1100 1639 1168 δόξ

1864 1119 2042 1166 orteat
2097 1109 2275 1178 ipsum
2329 1104 2613 1177 tegi:jam
2660 1118 2793 1159 vero
2846 1103 3141 1158 secundam
3190 1102 3363 1174 ponit.

137 1196 249 1253 Θεοῦ
270 1198 381 1249 ἐστι
399 1208 413 1223 ’
461 1194 763 1257 τουτέστιν,
797 1191 1042 1264 ὕπαρχος
1072 1191 1231 1254 Θεοῦ,
1257 1194 1352 1246 καὶ
1380 1190 1549 1245 εἰκὼν
1577 1192 1640 1246 αύ

1865 1205 1933 1260 od
1964 1203 2137 1274 gloria
2166 1202 2256 1257 Dei
2300 1200 2393 1266 sil,
2439 1199 2544 1254 hoc
2565 1206 2672 1266 est,
2710 1196 2951 1251 vicarius
2984 1195 3077 1249 Dei
3110 1204 3162 1250 et
3189 1195 3365 1265 imago

136 1287 235 1343 τοῦ.
261 1287 347 1340 Δεῖ
370 1282 462 1338 οὖν
482 1283 577 1337 τὸν
606 1284 844 1354 ἄρχοντα
864 1283 958 1337 τοῦ
993 1281 1382 1353 παμὸασιλέως
1408 1283 1548 1353 μετά
1572 1280 1639 1335 τᾶ

1863 1300 1984 1357 sius.
2030 1297 2255 1369 Oportet
2284 1292 2466 1365 itaque
2498 1308 2623 1349 eum
2652 1292 2743 1362 qui
2773 1289 2974 1345 summi
3021 1289 3366 1359 imperatoris

137 1375 390 1447 συμϐόλων
424 1373 524 1443 τῆς
553 1374 730 1445 ἀρχῆς
761 1372 910 1445 αὐτῷ
948 1371 1357 1442 ἐπιφαίνεσθαι,
1388 1373 1558 1443 ῆγουν
1582 1372 1640 1443 τῆ

1890 1410 1938 1451 es
1967 1393 2130 1463 gerit,
2165 1406 2286 1445 cum
2319 1388 2531 1458 imperii
2572 1384 2658 1439 sui
2704 1382 3010 1452 insignibus
3037 1396 3219 1436 coram
3250 1381 3393 1448 ipso

136 1467 562 1522 ἀκατακαλύπτου
610 1466 855 1559 κεφαλῆς
877 1481 892 1497 ο
943 1464 1084 1539 αὕτη
1136 1466 1247 1538 γὰρ
1295 1465 1564 1536 σύμϐολον
1586 1481 1639 1518 τι

1866 1501 2077 1559 parere.
2112 1485 2216 1539 hoc
2245 1491 2350 1544 est,
2379 1489 2568 1552 aperto
2593 1477 2791 1548 capite.
2824 1475 2970 1531 Istud
2994 1474 3138 1530 enim
3168 1471 3369 1526 indicio

140 1562 202 1634 μή
226 1562 309 1616 ὑπ’
332 1560 582 1626 ἐξουσίαν
615 1554 758 1614 εἷναί
801 1576 910 1614 τινι
939 1559 1049 1614 τῶν
1082 1558 1344 1628 ἐπιγείων
1372 1558 1464 1612 τὸν
1490 1557 1643 1630 ἀνδρα

1863 1554 1901 1646 ί,
1941 1579 2117 1633 virum
2166 1573 2296 1630 nulli
2345 1583 2572 1626 terrena:
2624 1568 2880 1639 potestati
2916 1578 3039 1620 esse
3068 1562 3366 1626 subditum,

135 1654 232 1708 ἀλλ’
255 1651 407 1706 αὑτὸν
433 1652 626 1720 ἄρχειν
650 1652 892 1716 πάντων,
925 1650 998 1715 ὡς
1025 1650 1209 1705 εἰκόνα
1237 1649 1399 1705 Θεοῦ.

1862 1674 1884 1727 ll
1918 1672 2093 1741 ipsum
2139 1665 2407 1724 dominari
2461 1661 2739 1727 omnibus,
2776 1673 2871 1715 ceu
2922 1656 3213 1727 imaginem
3250 1651 3365 1707 Dei.

198 1765 217 1800 ι
247 1747 379 1817 Γυνὴ
404 1746 460 1800 δὲ
487 1745 617 1811 δόξα
663 1745 859 1816 ἀνδρός
885 1747 1024 1801 ἐστι.
1063 1765 1083 1799 ι
1118 1744 1436 1810 Τουτέστιν,
1462 1745 1568 1800 ὑπὸ
1589 1746 1682 1801 τοῦ

1869 1783 1889 1817 ι
1932 1763 2121 1818 Mulier
2159 1769 2335 1814 autem
2372 1755 2537 1829 gloria
2573 1754 2672 1808 viri
2708 1759 2811 1808 est.
2851 1769 2870 1803 ι
2909 1749 3021 1805 Hoc
3052 1756 3157 1811 est,
3191 1744 3366 1800 mariti

137 1844 303 1915 ἀνδρξς
344 1841 607 1912 ἄρχεταιο
639 1839 723 1894 δεῖ
753 1838 848 1893 οὖν
889 1839 1061 1911 αὐτὴν
1094 1838 1232 1910 μετὰ
1261 1838 1370 1892 τῶν
1398 1838 1640 1908 συμϐόλα

1867 1854 2088 1911 minatui
2123 1850 2335 1907 subdita
2366 1857 2469 1902 est.
2496 1846 2674 1914 Quare
2712 1858 2808 1913 par
2835 1852 2938 1908 εει,
2975 1849 3034 1895 ιιι
3064 1853 3188 1895 cum
3238 1836 3370 1892 sub-

140 1940 219 2009 τῆς
232 1935 495 2005 ὑποταγῆς
512 1931 825 2004 φαίνεσθαι,
842 1931 1003 1988 ἆτινά
1018 1934 1135 1987 ἐστι
1150 1932 1211 1986 τὸ
1232 1930 1643 2002 συγκεκαλύφθι

1867 1947 2046 2002 :tiouis
2079 1960 2190 2000 suae
2237 1942 2449 2002 indiciis
2497 1944 2771 2009 appareat,
2808 1949 2925 2007 qqze
2969 1941 3095 1988 sunt
3124 1938 3370 1987 contecto

139 2031 220 2101 τὴν
242 2026 493 2097 κεφαλήν.
1064 2096 1067 2099 _

1064 2096 1067 2099 .
1795 2053 1917 2097 esse
1943 2040 2136 2105 capite.

199 2139 219 2173 ι
254 2120 323 2174 Oi:
342 2120 448 2189 γάρ
492 2119 647 2173 ἐστιν
692 2117 834 2187 ἀνὴρ
875 2117 941 2170 ἐκ
972 2114 1255 2184 γυναικὸς,
1287 2114 1426 2169 ἀλλὰ
1454 2116 1593 2186 γυνὴ
1628 2114 1688 2182 ἐξ

1866 2130 2029 2185 Vens.
2058 2128 2112 2194 8,
2137 2128 2192 2184 9.
2233 2145 2253 2179 ι
2303 2124 2419 2180 Νοιι
2468 2123 2611 2180 enim
2644 2120 2726 2175 vir
2755 2135 2821 2176 ex
2857 2115 3082 2172 muliere
3125 2125 3227 2179 est,
3274 2112 3369 2168 sed

140 2213 321 2284 ἀνδρός.
353 2211 455 2264 Καὶ
482 2210 598 2280 γὰρ
624 2210 727 2263 ούκ
759 2208 985 2279 ἐκτίσθη
1033 2206 1172 2278 ἀνὴρ
1195 2206 1283 2261 διὰ
1309 2206 1408 2278 τὴν
1430 2208 1643 2275 γυναῖκε

1869 2222 1992 2277 ιιίει
2016 2235 2081 2274 ex
2118 2218 2255 2273 viro.
2304 2216 2516 2272 Etenim
2547 2229 2652 2269 non
2683 2222 2767 2269 est
2793 2219 3006 2266 creatus
3035 2210 3119 2264 vir
3153 2215 3372 2277 propter

142 2306 254 2361 ἀλλά
279 2303 410 2374 γυνὴ
438 2302 527 2357 διὰ
558 2303 656 2356 τὸν
685 2301 880 2372 ἀνδρα.
919 2319 939 2353 ι
979 2301 1092 2363 Τὰς
1121 2299 1303 2363 αἰτίας
1352 2299 1499 2369 λέγει
1529 2297 1597 2352 δι’
1622 2297 1645 2352 δ

1869 2313 2101 2375 mlierem,
2148 2310 2242 2367 sed
2281 2307 2474 2363 mulier
2522 2292 2740 2375 propter
2766 2302 2965 2357 virum.
2995 2319 3013 2352 ι
3051 2297 3259 2355 Causas
3291 2296 3344 2350 di

140 2395 362 2468 ὑπερέχει
390 2395 418 2447 ό
437 2394 579 2465 ἀνὴρ
608 2393 708 2463 τῆς
728 2391 986 2460 γυναικός
1003 2409 1016 2423 ·
1041 2392 1123 2446 ὅτι
1147 2408 1207 2444 τε
1232 2392 1295 2445 ὲκ
1321 2391 1423 2461 τῆς
1446 2391 1643 2462 πλευρὸ

1871 2443 1874 2455 ,
1910 2411 2127 2474 propter
2156 2415 2290 2471 quas
2322 2398 2405 2453 vir
2435 2396 2642 2451 mulieri
2696 2399 2888 2464 prmest
2925 2409 2940 2445 :
2997 2388 3246 2443 nimirun
3319 2395 3374 2441 ct

144 2489 333 2559 αὐτοῦὴ
361 2486 520 2557 γυνὴ,
582 2486 681 2539 καὶ
709 2486 793 2539 ὅτι
838 2485 940 2539 ούκ
968 2486 1177 2548 ἐκεῖνος
1205 2485 1272 2538 δι’
1305 2484 1542 2556 ἐκείνην,
1571 2484 1647 2539 ἀλί

1873 2496 1923 2551 ia
1982 2493 2175 2549 mulier
2226 2505 2291 2547 ex
2325 2488 2423 2544 viri
2450 2497 2599 2544 costa
2623 2493 2726 2549 est,
2768 2491 2822 2539 et
2859 2482 2983 2553 quia
3022 2480 3106 2534 vir
3155 2494 3259 2533 non
3292 2486 3376 2533 est

142 2581 295 2651 ἐκείνη
315 2579 378 2633 δι’
401 2582 615 2634 ἐκεῖνον
631 2578 697 2631 ³⁸.
730 2596 749 2629 ι
775 2578 1101 2648 Ποιήσωμεν
1123 2596 1142 2630 ι
1166 2576 1295 2647 γὰρ,
1319 2577 1471 2648 φησι,
1507 2595 1527 2629 ι
1564 2577 1645 2648 βοι

1864 2595 2018 2655 opter
2048 2584 2219 2646 illam,
2257 2580 2349 2637 sed
2376 2579 2467 2635 illa
2497 2585 2713 2648 propter
2735 2575 2931 2644 ipsum.
2978 2590 2995 2621 ι
3034 2570 3318 2625 Faciamus
3347 2585 3367 2620 ι

144 2673 219 2727 θδν
254 2672 409 2744 αύτῷ.
454 2691 473 2724 ι
519 2671 652 2734 Πῶς
694 2665 838 2724 οὗνὸ
876 2668 1015 2741 ἀνὴρ
1058 2669 1504 2738 κατακαλύψεται
1545 2670 1647 2723 οὔτι

1872 2678 1962 2743 im,
2001 2676 2196 2746 inquit,
2254 2693 2273 2726 ι
2325 2669 2656 2741 adiutorium
2711 2666 2893 2735 ipsi“.
2935 2680 2954 2715 ι
2985 2661 3085 2729 Qui
3111 2660 3273 2730 igitur
3294 2658 3375 2712 vir

143 2764 362 2835 τιμηθεὶς
407 2763 511 2817 ὑπὸ
558 2761 737 2829 Θεοῦ;
767 2761 841 2815 Τὸ
869 2761 979 2833 γὰρ
1015 2762 1115 2832 τῆς
1149 2763 1408 2830 γυναικὸς
1451 2763 1646 2835 ἀρπάζι

1873 2776 2129 2841 ntegetur,
2190 2766 2280 2836 qui
2328 2772 2479 2819 tanto
2514 2760 2718 2816 honore
2749 2772 2777 2811 a
2820 2756 2934 2810 Deo
2979 2751 3202 2807 allectus
3249 2746 3376 2803 est?

144 2857 318 2926 σχῆμα,
341 2856 432 2909 καὶ
456 2854 659 2910 ταύτὸν
695 2856 861 2918 ποιεῖ,
879 2853 1195 2924 ὡσπερανεὶ
1215 2854 1454 2926 διάδημα
1478 2855 1647 2909 λαὸὼι

1878 2837 2034 2917 minae
2077 2857 2221 2915 enim
2281 2856 2523 2912 habitum
2556 2851 2658 2908 sibi
2690 2849 2905 2919 arripit,
2947 2859 3009 2900 ac
3034 2840 3255 2915 perinde
3295 2837 3375 2893 fa-

143 2948 277 3002 τοῦτο
297 2947 388 3020 μὲν
403 2946 731 3020 ἀπορρίψειε
747 2946 849 3019 τῆς
867 2944 1134 3016 κεφαλῆς,
1156 2945 1404 3001 δουλικὸν
1424 2946 1483 3000 δὲ
1505 2949 1646 3020 σχῆμ

1877 2996 1893 3022 ,
1943 2969 2009 3011 ac
2060 2953 2107 3009 si
2145 2950 2392 3008 diadema
2426 2961 2582 3005 suum
2610 2944 2787 3015 capite
2826 2948 3101 3009 arreptum
3135 2932 3378 3005 abjiciat,

145 3036 292 3094 λάδοι·
1800 3048 2150 3116 babitumque
2181 3041 2428 3100 servilem
2456 3045 2717 3095 assumat.

206 3148 225 3181 ι
253 3128 344 3183 Διά
362 3128 517 3183 τοῦτο
540 3127 753 3198 ὀφείλει
778 3129 811 3199 ἡ
839 3127 979 3197 γυνὴ
1013 3125 1263 3194 ἐξουσίαν
1298 3124 1445 3197 ἔχειν
1472 3125 1566 3180 ἐπὶ
1593 3126 1695 3199 τῆς

1876 3137 2037 3194 Vens.
2070 3136 2159 3191 10.
2198 3154 2217 3188 ι
2253 3133 2591 3205 Quapropter
2624 3127 2818 3185 mulier
2856 3124 3013 3182 debet
3054 3126 3376 3193 potestatem

146 3221 354 3293 κεφαλῆς
380 3219 463 3276 διὰ
482 3221 616 3284 τοὺς
632 3219 915 3289 ἀγγέλους.
945 3237 965 3272 ι
1000 3218 1099 3272 Διά
1124 3217 1192 3272 τὰ
1210 3216 1475 3289 εἰρημένα
1492 3210 1649 3272 πάντι

1879 3233 2004 3289 bere
2052 3229 2106 3286 in
2161 3228 2359 3298 capite,
2389 3233 2611 3297 propter
2658 3219 2898 3292 angelos.
2938 3237 2957 3270 ι
2988 3216 3216 3286 Propter
3267 3211 3382 3267 haec

148 3269 526 3386 pquv,.3cpert
542 3269 746 3383 ὴνγυνῆ
766 3269 828 3365 τίδ
842 3269 958 3363 τοῦ*
976 3269 1651 3377 ὲξᾷᾇσιᾶξ

1879 3269 2004 3289 νυ...
2161 3269 2359 3298 ww.-.
2391 3269 2601 3297 νηνη.
2659 3269 2898 3292 που---
2939 3269 2948 3270 ,
2989 3269 3010 3273 _
3035 3269 3045 3270 ,
3071 3269 3115 3286 ε,
3167 3269 3176 3270 ,

1879 3325 1985 3380 mia
2014 3319 2290 3393 praedicta,
2318 3315 2514 3386 inquit,
2538 3312 2727 3368 mulier
2758 3311 2811 3366 in
2839 3308 3014 3379 capite
3040 3320 3138 3362 suo
3167 3304 3382 3374 signum

147 3404 393 3473 τουτέστι,
439 3404 501 3459 τδ
539 3404 825 3474 κάλυμμα
876 3401 1022 3472 ἔχειν
1055 3401 1150 3454 ἐπὶ
1195 3403 1295 3471 τῆς
1343 3399 1617 3470 κεφαὶῖἧς,

1876 3416 2006 3471 bere
2065 3410 2225 3467 debet
2269 3405 2620 3478 subiectionis
2659 3419 2790 3468 sum,
2826 3405 3192 3472 tegumentum
3224 3395 3376 3449 vide-

149 3499 259 3568 μήτι
285 3497 425 3563 ἀλλο,
449 3498 586 3561 τοὺς
610 3495 878 3566 ἀγγέλους
920 3492 1238 3564 αἰδουμένη,
1269 3492 1356 3547 ῐνα
1385 3492 1460 3563 μὴ
1485 3493 1580 3547 καὶ
1600 3494 1652 3547 αἱ

1879 3513 1953 3572 et,
1977 3503 2023 3559 si
2080 3501 2213 3557 nihil
2245 3498 2411 3563 aliud,
2452 3496 2673 3565 angelos
2716 3502 2895 3549 tamen
2941 3489 3195 3553 reverita,
3231 3501 3298 3540 ne
3326 3492 3382 3539 et

146 3592 237 3654 τοίς
254 3590 322 3654 ὡς
352 3590 717 3662 ἀναίσχυντος
746 3586 1031 3658 φαίνηται.
1068 3585 1282 3655 Ὠσπερ
1313 3585 1422 3656 γὰρ
1447 3584 1510 3638 τὸ
1534 3601 1649 3639 κατι

1879 3598 1939 3654 iis
1990 3603 2247 3665 tanquam
2302 3588 2588 3661 impudens
2622 3585 2889 3640 videatur.
2956 3579 3025 3637 Ut
3050 3579 3193 3634 enim
3218 3575 3382 3631 obve-

150 3682 488 3737 καλύπτεσθαι
514 3681 678 3737 κάτω
721 3678 900 3734 νεύειν
931 3677 1347 3748 παρασκευάζει
1378 3678 1476 3731 καὶ
1517 3676 1653 3747 ἐντρι

1881 3703 1931 3744 ιε
1958 3664 2144 3755 caput,
2189 3683 2374 3740 oculos
2405 3679 2691 3737 demittere
2728 3674 2882 3741 facit,
2909 3672 2976 3742 ﬁet
3006 3664 3384 3730 verecundari,

150 3774 342 3840 πεσθαι,
364 3774 458 3829 καὶ
477 3774 536 3828 τὸ
567 3772 664 3827 τοῦ
682 3771 988 3844 ἀρχομένου
1019 3769 1206 3840 σχῆμα
1231 3768 1508 3840 διατηρεῖν
1523 3786 1538 3801 ο
1562 3767 1653 3822 οὔτ

1884 3792 2049 3847 eoque
2078 3772 2276 3831 subditi
2306 3772 2535 3827 formam
2582 3779 2842 3831 servare;
2901 3762 2981 3817 sic
3025 3758 3265 3816 revelato
3295 3770 3387 3810 ca-

159 3866 212 3920 τὸ
234 3865 670 3938 ἀνακεκαλύφθαι
698 3863 1089 3936 ἀναισχυντίαν
1124 3860 1382 3933 ἐμφαίνει
1402 3876 1416 3892 ⁸
1446 3861 1513 3933 ἢν
1537 3861 1662 3915 καὶι

1880 3884 1921 3928 ie
1974 3868 2204 3940 ingredi,
2266 3861 2653 3936 impudentiam
2704 3857 2961 3919 declarat,
2992 3866 3155 3925 quam
3196 3858 3250 3906 et
3283 3861 3383 3901 an-

156 3960 252 4024 τοῖς
293 3962 495 4026 πιστοῖς
543 3935 924 4030 παρεπόμενοι
952 3954 1177 4024 ἄγγελοι
1225 3951 1607 4024 βδελύσσονται
1636 3953 1656 3985 ³

1881 3963 1933 4029 li,
1973 3935 2061 4030 qui
2093 3935 2427 4014 Christianos
2469 3950 2821 4012 comitantur,
2853 3947 3231 4001 exsecrantur.
3262 3935 3384 3991 Cle-

159 4050 364 4124 Κλήμης
400 4052 455 4106 δὲ
482 4052 511 4106 ό
535 4028 908 4121 Στρωματεὺς
946 4046 1215 4115 ἀγγέλους
1243 4044 1434 4127 ἐνόησε
1485 4060 1662 4117 περιεε

1881 4070 1965 4111 ens
1998 4067 2128 4108 vero
2162 4045 2574 4111 Stromatensis,
2602 4039 2889 4104 curiosius,
2923 4051 3018 4108 per
3059 4032 3300 4102 angelos,
3331 4028 3384 4081 in

157 4121 373 4213 γότερον,
397 4142 521 4208 τοὺς
555 4142 658 4208 τῆς
710 4139 1036 4209 Ἐκκλησίας
1062 4124 1328 4201 δικαίους.
1378 4134 1660 4191 Κητακαλι

1887 4142 2050 4208 clesia
2065 4141 2243 4213 justos
2271 4134 2554 4193 intellexit.
2579 4130 2869 4188 Obveletur
2891 4127 3059 4193 enim,
3102 4121 3296 4192 inquit,
3322 4133 3388 4175 ne

160 4234 352 4289 πτὲσθω
390 4234 521 4308 γὰρ,
572 4232 763 4305 φησὶν,
812 4230 900 4286 ἶνα
941 4228 1018 4303 μὴ
1058 4227 1284 4295 τούτους
1326 4228 1407 4292 είς
1451 4226 1663 4300 πορνεία

1329 4228 1407 4292 εἰς
1451 4226 1710 4300 πορνείαν
1809 4238 1911 4293 bos
1943 4232 2012 4290 ad
2034 4229 2446 4289 fornicationem
2479 4221 2832 4282 scandalizet.

162 4329 483 4401 σκανδαλίσῃ.

222 4435 241 4469 ι
257 4418 393 4489 Πλὴν
406 4394 528 4472 alits
553 4416 695 4489 ἀνὴρ
717 4414 888 4489 χωρὶς
918 4413 1202 4483 γυναικός,
1225 4413 1351 4469 οὔτε
1377 4411 1517 4482 γυνὴ
1538 4410 1710 4482 χωρὶς

1885 4416 2049 4475 Vens.
2087 4412 2178 4468 11.
2208 4430 2227 4464 ι
2257 4410 2638 4465 Verumtamen
2664 4415 2841 4474 neque
2876 4399 2961 4457 vir
2987 4398 3106 4455 sine
3140 4394 3388 4460 muliere,

160 4486 361 4581 ἀνδρὸς,
388 4514 446 4566 ὲν
488 4486 768 4583 Κυρίῷίνι
801 4486 998 4563 ’Ταῦτα
1044 4507 1216 4577 λέγει,
1271 4506 1462 4578 ἐπειδὴ
1507 4504 1663 4557 πολλῦ

1887 4521 1989 4578 que
2042 4503 2236 4560 mulier
2261 4502 2379 4557 sine
2401 4499 2542 4564 viro,
2593 4497 2646 4551 in
2684 4494 2935 4550 Domino.
2966 4509 2986 4544 ι
3030 4488 3154 4544 Haec
3186 4486 3390 4554 adjicit,

162 4600 408 4674 ι⁸ιιεροχὴν
452 4603 653 4657 δέδωκε
694 4600 775 4673 τῷ
818 4599 996 4671 ἀνδρὶ,
1054 4599 1277 4667 δείξας,
1317 4600 1458 4671 ὁτιή
1490 4596 1665 4668 γυνὴέ

1892 4600 1939 4653 ia
1969 4595 2262 4667 plurimum
2290 4587 2623 4648 excellentia
2654 4587 2769 4642 viro
2824 4583 3069 4647 dederat,
3114 4592 3393 4635 common-

164 4693 307 4749 αὑτοῦ
333 4697 424 4750 καὶ
464 4697 531 4750 δι’
569 4695 736 4751 αὐτὸν
779 4694 873 4748 καὶ
921 4694 1014 4747 ὑπ’
1047 4693 1234 4747 αὐτόν.
1270 4692 1389 4746 Ἵνα
1423 4668 1517 4745 ούν
1568 4691 1667 4761 μήτ

1891 4705 1996 4746 ’³118
2023 4688 2164 4759 quod
2196 4684 2388 4740 mulier
2414 4697 2480 4740 ex
2505 4680 2643 4752 ipso,
2679 4689 2734 4735 et
2753 4687 2976 4748 prapter
2998 4675 3193 4744 ipsum,
3221 4679 3275 4725 et
3293 4668 3394 4725 sub

162 4786 270 4849 τοὺς
299 4785 491 4859 ἀνδρας
534 4785 715 4859 ἐπάρῃ
749 4785 911 4839 πλέον
934 4783 1028 4838 τοῦ
1055 4783 1287 4849 δέοντος,
1325 4782 1463 4854 μήτε
1495 4780 1665 4835 ὲκείνο

1889 4799 1933 4840 ιο
1959 4782 2048 4838 sit.
2081 4779 2160 4836 Ne
2188 4780 2355 4852 igitur
2394 4776 2543 4833 viros
2602 4772 2723 4844 plus
2755 4784 2914 4841 quam
2942 4782 3041 4839 par
3084 4767 3153 4822 sit
3184 4762 3392 4825 efferat,

164 4858 467 4952 ταπεινώσῃ,
498 4858 687 4950 φησιν,
721 4878 806 4932 δτι
833 4876 1053 4948 ἀληθῶς
1088 4874 1187 4945 μὲν
1212 4876 1269 4929 ἐν
1292 4876 1359 4946 τῇ
1397 4873 1589 4945 πρώτῃ
1611 4874 1667 4943 δη

1889 4892 1988 4948 que
2013 4876 2131 4931 illas
2161 4871 2460 4942 deprimat,
2483 4868 2716 4930 Revera,
2744 4862 2938 4933 inquit,
2974 4860 3027 4914 in
3045 4858 3215 4930 prima
3237 4867 3392 4909 crea-

170 4972 402 5046 μιουργίᾳ
434 4971 576 5027 οὕτω
614 4970 807 5041 γέγονε
849 4969 989 5039 γυνὴ
1019 4967 1078 5032 ἐξ
1105 4966 1297 5037 ἀνδρός
1321 4981 1334 4995 ⁸
1372 4966 1467 5020 νῦν
1496 4963 1553 5019 δὲ
1583 4963 1673 5018 ob:

1884 4985 1966 5026 me
2005 4971 2076 5024 ita
2131 4966 2321 5022 mulier
2365 4978 2395 5019 e
2440 4961 2554 5016 viro
2583 4957 2801 5015 condita
2846 4953 2944 5008 fuit
2979 4968 2994 5007 :
3032 4962 3173 5005 nunc
3212 4954 3387 5000 autem

167 5038 465 5133 ἀνὴρ-χωρὶς
496 5038 755 5133 γυναικδς
787 5038 1062 5130 γεννᾶται.
1105 5076 1124 5110 ι
1162 5058 1309 5128 Πλὴν
1341 5058 1400 5109 ὲν
1430 5055 1620 5127 Κυρίῳ
1639 5072 1652 5085 ·

1922 5062 2003 5117 vir
2046 5059 2261 5130 quidem
2309 5056 2429 5111 sine
2475 5052 2701 5107 muliere
2743 5046 3000 5103 nascitur.
3035 5060 3055 5095 ι
3106 5038 3392 5094 Verumta-

169 5155 410 5221 τουτέστι,
436 5156 527 5210 τοῦ
554 5154 687 5209 Θεοῦ
716 5154 775 5206 τδ
804 5153 911 5205 πᾶν
932 5151 1233 5216 ποιοῦντος,
1261 5150 1357 5203 καὶ
1380 5147 1672 5216 ξωογονοῦν

1891 5170 1940 5210 ιιι
1978 5154 2033 5209 in
2088 5149 2332 5214 Domino,
2368 5167 2386 5200 ι
2413 5146 2514 5201 hoc
2536 5152 2639 5207 est,
2670 5142 2776 5197 1)εο
2795 5139 3108 5193 universum
3140 5128 3394 5191 faciente,

170 5259 245 5308 τος
266 5246 321 5299 τὸ
352 5248 589 5319 σπέρμα,
626 5246 721 5300 καὶ
746 5243 844 5315 τὴν
873 5245 1087 5314 μήτραν
1116 5241 1471 5311 ρωννύοντος.

1819 5251 1875 5299 et
1896 5240 2202 5299 viviﬁcante
2236 5252 2442 5301 semen,
2483 5234 2872 5297 matricemque
2905 5221 3263 5280 conlortaute.

236 5304 255 5390 ι
290 5304 505 5414 Ὥσπερ.
533 5304 641 5410 γάρ
673 5340 705 5411 ἡ
729 5304 887 5408 γυνὴ.
914 5304 1098 5390 ἐκ.τοῦ
1116 5304 1347 5404 ἀνδρὸς,
1390 5333 1534 5385 οὕτω
1571 5333 1665 5385 καὶ
1686 5332 1714 5385 ὁ

1900 5334 2057 5389 Vens.
2108 5329 2197 5385 12.
2228 5347 2247 5381 ι
2286 5327 2418 5382 Nam
2477 5326 2616 5379 sicut
2651 5320 2844 5376 mulier
2866 5317 2932 5370 de
2962 5315 3102 5377 viro,
3134 5311 3217 5379 ita
3239 5315 3296 5364 et
3317 5304 3401 5363 vir

176 5431 295 5505 ἀνὴρ
314 5434 395 5493 διὰ
418 5404 516 5507 τῆς
544 5404 822 5505 γυναικός.
857 5453 877 5486 ι
915 5431 981 5486 Ἥ
1008 5430 1107 5503 μὲν
1128 5428 1289 5501 γυνὴ,
1318 5426 1503 5497 φησιν,
1535 5426 1600 5479 ὲκ
1620 5441 1679 5477 το

1891 5439 1918 5477 r
1976 5420 2275 5476 mulierem.
2315 5435 2333 5468 ι
2383 5415 2572 5470 Mulier
2619 5410 2856 5482 quidem,
2911 5404 3106 5475 inquit,
3159 5414 3228 5458 ex
3276 5404 3393 5454 viro

177 5488 485 5594 ’.γετί
627 5488 935 5599 παραμένει
964 5488 1041 5594 τέ)
1067 5488 1223 5593 ἀνδρὶ
1249 5488 1409 5574 τούτο
1430 5516 1680 5584 ἀκέραιοι

1897 5531 1904 5568 ι
1939 5528 2103 5572 :uam
2163 5511 2341 5567 adhuc
2377 5508 2494 5565 viro
2548 5506 2648 5561 hoc
2697 5503 2965 5571 integrum
2996 5502 3189 5565 restat,
3210 5488 3400 5549 mulie-

241 5671 277 5703 ω
313 5662 442 5721 Gen.
479 5681 541 5734 ιι,
574 5667 661 5723 18.

1418 5754 1615 5819 i’arice
1665 5754 1994 5819 lectiones.

243 5878 284 5914 ⁸⁵
307 5881 458 5939 αὑτὸν
485 5900 537 5943 o.
609 5885 655 5921 ⁸⁸
683 5880 1131 5957 βδελυχθήσονται
1187 5891 1241 5932 0.
