  <div class='ocr_page' id='page_1' title='image "/cluster/home/n/w/nwhite01/storage/ocr_20150623/124/hvd.32044019208206/380.png"; bbox 0 0 3806 6570; ppageno 0'>
   <div class='ocr_carea' id='block_1_1' title="bbox 148 406 285 477">
    <p class='ocr_par' dir='ltr' id='par_1_1' title="bbox 148 406 285 477">
     <span class='ocr_line' id='line_1_1' title="bbox 148 406 285 477; baseline -0.022 -1"><span class='ocrx_word' id='word_1_1' title='bbox 148 406 238 477; x_wconf 76' lang='lat'><strong>701</strong></span> <span class='ocrx_word' id='word_1_2' title='bbox 268 430 285 439; x_wconf 84' lang='grc'><strong>·</strong></span> 
     </span>
    </p>
   </div>
   <div class='ocr_carea' id='block_1_2' title="bbox 806 394 2536 461">
    <p class='ocr_par' dir='ltr' id='par_1_2' title="bbox 806 394 2536 461">
     <span class='ocr_line' id='line_1_2' title="bbox 806 394 2536 461; baseline -0.001 -1"><span class='ocrx_word' id='word_1_3' title='bbox 806 396 815 405; x_wconf 83' lang='grc'><em>’</em></span> <span class='ocrx_word' id='word_1_4' title='bbox 862 396 1271 460; x_wconf 80' lang='lat' dir='ltr'><strong>EXPOSITIO</strong></span> <span class='ocrx_word' id='word_1_5' title='bbox 1309 396 1392 459; x_wconf 90' lang='lat' dir='ltr'><strong>IN</strong></span> <span class='ocrx_word' id='word_1_6' title='bbox 1434 395 1679 459; x_wconf 85' lang='lat' dir='ltr'><strong>EPIST.</strong></span> <span class='ocrx_word' id='word_1_7' title='bbox 1723 394 1753 455; x_wconf 94' lang='grc' dir='ltr'>Ι</span> <span class='ocrx_word' id='word_1_8' title='bbox 1783 396 1886 458; x_wconf 84' lang='lat' dir='ltr'><strong>AD</strong></span> <span class='ocrx_word' id='word_1_9' title='bbox 1922 396 2096 461; x_wconf 79' lang='lat' dir='ltr'><strong>COR.</strong></span> <span class='ocrx_word' id='word_1_10' title='bbox 2137 423 2203 435; x_wconf 91' lang='grc'><strong>-</strong></span> <span class='ocrx_word' id='word_1_11' title='bbox 2232 399 2395 461; x_wconf 82' lang='lat' dir='ltr'><strong>CAP.</strong></span> <span class='ocrx_word' id='word_1_12' title='bbox 2421 396 2536 459; x_wconf 83' lang='lat' dir='ltr'><strong>XI.</strong></span> 
     </span>
    </p>
   </div>
   <div class='ocr_carea' id='block_1_3' title="bbox 3277 350 3386 452">
    <p class='ocr_par' dir='ltr' id='par_1_3' title="bbox 3277 350 3386 452">
     <span class='ocr_line' id='line_1_3' title="bbox 3277 350 3386 452; baseline -0.018 -1"><span class='ocrx_word' id='word_1_13' title='bbox 3277 350 3386 452; x_wconf 66' lang='lat'><strong>702</strong></span> 
     </span>
    </p>
   </div>
   <div class='ocr_carea' id='block_1_4' title="bbox 149 500 1715 596">
    <p class='ocr_par' dir='ltr' id='par_1_4' title="bbox 149 511 1690 596">
     <span class='ocr_line' id='line_1_4' title="bbox 149 511 1690 596; baseline -0.008 -20"><span class='ocrx_word' id='word_1_14' title='bbox 149 516 453 596; x_wconf 76' lang='grc' dir='ltr'><strong>μεταλαϐεῖν</strong></span> <span class='ocrx_word' id='word_1_15' title='bbox 481 513 585 568; x_wconf 89' lang='grc' dir='ltr'><strong>τῶν</strong></span> <span class='ocrx_word' id='word_1_16' title='bbox 631 511 995 596; x_wconf 34' lang='grc' dir='ltr'><strong>μυστηρίων.-</strong></span> <span class='ocrx_word' id='word_1_17' title='bbox 1016 512 1129 567; x_wconf 84' lang='grc' dir='ltr'><strong>τῶν</strong></span> <span class='ocrx_word' id='word_1_18' title='bbox 1169 511 1270 583; x_wconf 75' lang='grc' dir='ltr'><strong>μὲν</strong></span> <span class='ocrx_word' id='word_1_19' title='bbox 1311 511 1690 566; x_wconf 81' lang='grc' dir='ltr'><strong>πλουτούντων</strong></span> 
     </span>
    </p>
   </div>
   <div class='ocr_carea' id='block_1_5' title="bbox 1854 500 3385 596">
    <p class='ocr_par' dir='ltr' id='par_1_5' title="bbox 1854 500 3385 581">
     <span class='ocr_line' id='line_1_5' title="bbox 1854 500 3385 581; baseline -0.007 -14"><span class='ocrx_word' id='word_1_20' title='bbox 1854 512 2003 578; x_wconf 88' lang='lat' dir='ltr'><strong>ebus,</strong></span> <span class='ocrx_word' id='word_1_21' title='bbox 2058 511 2213 569; x_wconf 79' lang='lat' dir='ltr'><strong>festis</strong></span> <span class='ocrx_word' id='word_1_22' title='bbox 2236 512 2489 579; x_wconf 79' lang='lat' dir='ltr'><strong>fortasse,</strong></span> <span class='ocrx_word' id='word_1_23' title='bbox 2515 504 3057 581; x_wconf 84' lang='lat' dir='ltr'><strong>post-mysteriorum</strong></span> <span class='ocrx_word' id='word_1_24' title='bbox 3086 500 3385 574; x_wconf 82' lang='lat' dir='ltr'><strong>participa—</strong></span> 
     </span>
    </p>
   </div>
   <div class='ocr_carea' id='block_1_6' title="bbox 144 592 1695 684">
    <p class='ocr_par' dir='ltr' id='par_1_6' title="bbox 144 592 1695 684">
     <span class='ocr_line' id='line_1_6' title="bbox 144 592 1695 684; baseline -0.008 -13"><span class='ocrx_word' id='word_1_25' title='bbox 144 592 483 684; x_wconf 73' lang='grc' dir='ltr'><strong>εἰσφερόντων</strong></span> <span class='ocrx_word' id='word_1_26' title='bbox 499 606 567 662; x_wconf 79' lang='grc' dir='ltr'><strong>τὰ</strong></span> <span class='ocrx_word' id='word_1_27' title='bbox 587 605 884 676; x_wconf 67' lang='grc' dir='ltr'><strong>ἐδέσματα,</strong></span> <span class='ocrx_word' id='word_1_28' title='bbox 907 592 1019 659; x_wconf 73' lang='grc' dir='ltr'><strong>τῶν</strong></span> <span class='ocrx_word' id='word_1_29' title='bbox 1039 604 1097 659; x_wconf 74' lang='grc' dir='ltr'><strong>δι</strong></span> <span class='ocrx_word' id='word_1_30' title='bbox 1121 606 1372 676; x_wconf 73' lang='grc' dir='ltr'><strong>πενήτων</strong></span> <span class='ocrx_word' id='word_1_31' title='bbox 1399 606 1491 660; x_wconf 77' lang='grc' dir='ltr'><strong>ὑπ’</strong></span> <span class='ocrx_word' id='word_1_32' title='bbox 1513 604 1695 659; x_wconf 84' lang='grc' dir='ltr'><strong>αὐτῶν</strong></span> 
     </span>
    </p>
   </div>
   <div class='ocr_carea' id='block_1_7' title="bbox 145 697 1698 775">
    <p class='ocr_par' dir='ltr' id='par_1_7' title="bbox 145 697 1698 775">
     <span class='ocr_line' id='line_1_7' title="bbox 145 697 1698 775; baseline -0.006 -13"><span class='ocrx_word' id='word_1_33' title='bbox 145 704 473 775; x_wconf 75' lang='grc' dir='ltr'><strong>καλουμένων</strong></span> <span class='ocrx_word' id='word_1_34' title='bbox 491 699 587 756; x_wconf 84' lang='grc' dir='ltr'><strong>καὶ</strong></span> <span class='ocrx_word' id='word_1_35' title='bbox 609 698 978 768; x_wconf 70' lang='grc' dir='ltr'><strong>ἑστιωμένων.</strong></span> <span class='ocrx_word' id='word_1_36' title='bbox 1009 698 1110 753; x_wconf 72' lang='grc' dir='ltr'><strong>Διὰ</strong></span> <span class='ocrx_word' id='word_1_37' title='bbox 1130 698 1311 754; x_wconf 89' lang='grc' dir='ltr'><strong>τοίνυν</strong></span> <span class='ocrx_word' id='word_1_38' title='bbox 1331 697 1430 763; x_wconf 83' lang='grc' dir='ltr'><strong>τὰς</strong></span> <span class='ocrx_word' id='word_1_39' title='bbox 1447 698 1698 769; x_wconf 87' lang='grc' dir='ltr'><strong>διχοστα-</strong></span> 
     </span>
    </p>
   </div>
   <div class='ocr_carea' id='block_1_8' title="bbox 146 789 1699 866">
    <p class='ocr_par' dir='ltr' id='par_1_8' title="bbox 146 789 1699 866">
     <span class='ocr_line' id='line_1_8' title="bbox 146 789 1699 866; baseline -0.007 -12"><span class='ocrx_word' id='word_1_40' title='bbox 146 802 257 862; x_wconf 85' lang='grc' dir='ltr'><strong>σίας</strong></span> <span class='ocrx_word' id='word_1_41' title='bbox 297 794 561 866; x_wconf 79' lang='grc' dir='ltr'><strong>διεφθάρη</strong></span> <span class='ocrx_word' id='word_1_42' title='bbox 586 792 651 848; x_wconf 73' lang='grc' dir='ltr'><strong>τὸ</strong></span> <span class='ocrx_word' id='word_1_43' title='bbox 675 791 996 864; x_wconf 78' lang='grc' dir='ltr'><strong>θαυμαστὸν</strong></span> <span class='ocrx_word' id='word_1_44' title='bbox 1038 790 1201 846; x_wconf 80' lang='grc' dir='ltr'><strong>τοῦτο</strong></span> <span class='ocrx_word' id='word_1_45' title='bbox 1225 792 1319 848; x_wconf 74' lang='grc' dir='ltr'><strong>καὶ</strong></span> <span class='ocrx_word' id='word_1_46' title='bbox 1369 789 1699 862; x_wconf 76' lang='grc' dir='ltr'><strong>φιλάλληλον</strong></span> 
     </span>
    </p>
   </div>
   <div class='ocr_carea' id='block_1_9' title="bbox 145 883 1695 957">
    <p class='ocr_par' dir='ltr' id='par_1_9' title="bbox 145 883 1695 957">
     <span class='ocr_line' id='line_1_9' title="bbox 145 883 1695 957; baseline -0.005 -12"><span class='ocrx_word' id='word_1_47' title='bbox 145 890 226 945; x_wconf 77' lang='grc' dir='ltr'><strong>καὶ</strong></span> <span class='ocrx_word' id='word_1_48' title='bbox 267 887 549 957; x_wconf 73' lang='grc' dir='ltr'><strong>φιλόσοφον</strong></span> <span class='ocrx_word' id='word_1_49' title='bbox 597 884 741 950; x_wconf 75' lang='grc' dir='ltr'><strong>ἔθος,</strong></span> <span class='ocrx_word' id='word_1_50' title='bbox 766 883 865 939; x_wconf 75' lang='grc' dir='ltr'><strong>καὶ</strong></span> <span class='ocrx_word' id='word_1_51' title='bbox 902 883 966 938; x_wconf 89' lang='grc' dir='ltr'><strong>ού</strong></span> <span class='ocrx_word' id='word_1_52' title='bbox 993 883 1145 956; x_wconf 78' lang='grc' dir='ltr'><strong>παρὰ</strong></span> <span class='ocrx_word' id='word_1_53' title='bbox 1173 883 1395 938; x_wconf 85' lang='grc' dir='ltr'><strong>πάντων</strong></span> <span class='ocrx_word' id='word_1_54' title='bbox 1428 883 1695 953; x_wconf 75' lang='grc' dir='ltr'><strong>ἐτηρεῖτο.</strong></span> 
     </span>
    </p>
   </div>
   <div class='ocr_carea' id='block_1_10' title="bbox 146 971 1700 1049">
    <p class='ocr_par' dir='ltr' id='par_1_10' title="bbox 146 971 1700 1049">
     <span class='ocr_line' id='line_1_10' title="bbox 146 971 1700 1049; baseline -0.004 -17"><span class='ocrx_word' id='word_1_55' title='bbox 146 979 332 1049; x_wconf 74' lang='grc' dir='ltr'><strong>Γράφει</strong></span> <span class='ocrx_word' id='word_1_56' title='bbox 363 975 457 1030; x_wconf 77' lang='grc' dir='ltr'><strong>οὖν</strong></span> <span class='ocrx_word' id='word_1_57' title='bbox 483 976 514 1030; x_wconf 84' lang='grc' dir='ltr'><strong><em>ὁ</em></strong></span> <span class='ocrx_word' id='word_1_58' title='bbox 546 973 761 1039; x_wconf 80' lang='grc' dir='ltr'><strong>Παῦλος</strong></span> <span class='ocrx_word' id='word_1_59' title='bbox 800 973 1219 1046; x_wconf 82' lang='grc' dir='ltr'><strong>διορθούμενος·</strong></span> <span class='ocrx_word' id='word_1_60' title='bbox 1268 975 1364 1027; x_wconf 72' lang='grc' dir='ltr'><strong>καὶ</strong></span> <span class='ocrx_word' id='word_1_61' title='bbox 1387 975 1448 1027; x_wconf 77' lang='grc' dir='ltr'><strong>ὲν</strong></span> <span class='ocrx_word' id='word_1_62' title='bbox 1476 972 1577 1044; x_wconf 78' lang='grc' dir='ltr'><strong>μὲν</strong></span> <span class='ocrx_word' id='word_1_63' title='bbox 1621 971 1700 1043; x_wconf 84' lang='grc' dir='ltr'><strong>τῷ</strong></span> 
     </span>
    </p>
   </div>
   <div class='ocr_carea' id='block_1_11' title="bbox 145 1059 1702 1142">
    <p class='ocr_par' dir='ltr' id='par_1_11' title="bbox 145 1059 1702 1142">
     <span class='ocr_line' id='line_1_11' title="bbox 145 1059 1702 1142; baseline -0.003 -19"><span class='ocrx_word' id='word_1_64' title='bbox 145 1070 238 1142; x_wconf 77' lang='grc' dir='ltr'><strong>πρὸ</strong></span> <span class='ocrx_word' id='word_1_65' title='bbox 270 1068 457 1122; x_wconf 83' lang='grc' dir='ltr'><strong>τούτου</strong></span> <span class='ocrx_word' id='word_1_66' title='bbox 490 1067 818 1138; x_wconf 73' lang='grc' dir='ltr'><strong>ἐγκλήματι,</strong></span> <span class='ocrx_word' id='word_1_67' title='bbox 874 1066 1062 1136; x_wconf 80' lang='grc' dir='ltr'><strong>ἐπειδὴ</strong></span> <span class='ocrx_word' id='word_1_68' title='bbox 1119 1065 1351 1130; x_wconf 81' lang='grc' dir='ltr'><strong>πολλοὺς</strong></span> <span class='ocrx_word' id='word_1_69' title='bbox 1401 1059 1517 1136; x_wconf 79' lang='grc' dir='ltr'><strong>εἶχε</strong></span> <span class='ocrx_word' id='word_1_70' title='bbox 1574 1065 1702 1129; x_wconf 77' lang='grc' dir='ltr'><strong>τοὺς</strong></span> 
     </span>
    </p>
   </div>
   <div class='ocr_carea' id='block_1_12' title="bbox 145 1156 1704 1230">
    <p class='ocr_par' dir='ltr' id='par_1_12' title="bbox 145 1156 1704 1230">
     <span class='ocr_line' id='line_1_12' title="bbox 145 1156 1704 1230; baseline -0.002 -16"><span class='ocrx_word' id='word_1_71' title='bbox 145 1160 497 1230; x_wconf 77' lang='grc' dir='ltr'><strong>πειθομένους,</strong></span> <span class='ocrx_word' id='word_1_72' title='bbox 535 1179 555 1212; x_wconf 77' lang='grc' dir='ltr'><strong>ι</strong></span> <span class='ocrx_word' id='word_1_73' title='bbox 602 1159 843 1214; x_wconf 85' lang='grc' dir='ltr'><strong>Ἐπαινῶ</strong></span> <span class='ocrx_word' id='word_1_74' title='bbox 871 1158 928 1214; x_wconf 75' lang='grc' dir='ltr'><strong>δὲ</strong></span> <span class='ocrx_word' id='word_1_75' title='bbox 960 1160 1128 1230; x_wconf 80' lang='grc' dir='ltr'><strong>ὑμᾶς,</strong></span> <span class='ocrx_word' id='word_1_76' title='bbox 1169 1177 1188 1210; x_wconf 76' lang='grc' dir='ltr'><strong>ι</strong></span> <span class='ocrx_word' id='word_1_77' title='bbox 1232 1158 1397 1230; x_wconf 79' lang='grc' dir='ltr'><strong>φησίν</strong></span> <span class='ocrx_word' id='word_1_78' title='bbox 1422 1175 1436 1189; x_wconf 92' lang='grc'><strong>·</strong></span> <span class='ocrx_word' id='word_1_79' title='bbox 1466 1156 1704 1211; x_wconf 76' lang='grc' dir='ltr'><strong>ἐνταῦθα</strong></span> 
     </span>
    </p>
   </div>
   <div class='ocr_carea' id='block_1_13' title="bbox 145 1248 1704 1323">
    <p class='ocr_par' dir='ltr' id='par_1_13' title="bbox 145 1248 1704 1323">
     <span class='ocr_line' id='line_1_13' title="bbox 145 1248 1704 1323; baseline -0.004 -15"><span class='ocrx_word' id='word_1_80' title='bbox 145 1255 195 1308; x_wconf 82' lang='grc' dir='ltr'><strong>δὲ</strong></span> <span class='ocrx_word' id='word_1_81' title='bbox 219 1253 385 1315; x_wconf 78' lang='grc' dir='ltr'><strong>ἄλλως</strong></span> <span class='ocrx_word' id='word_1_82' title='bbox 420 1251 637 1323; x_wconf 76' lang='grc' dir='ltr'><strong>ἔχοντος</strong></span> <span class='ocrx_word' id='word_1_83' title='bbox 668 1250 761 1306; x_wconf 83' lang='grc' dir='ltr'><strong>τοῦ</strong></span> <span class='ocrx_word' id='word_1_84' title='bbox 803 1252 1155 1321; x_wconf 85' lang='grc' dir='ltr'><strong>πράγματος,</strong></span> <span class='ocrx_word' id='word_1_85' title='bbox 1200 1250 1369 1321; x_wconf 83' lang='grc' dir='ltr'><strong>φησί·</strong></span> <span class='ocrx_word' id='word_1_86' title='bbox 1397 1268 1417 1302; x_wconf 77' lang='grc' dir='ltr'><strong>ι</strong></span> <span class='ocrx_word' id='word_1_87' title='bbox 1452 1248 1625 1302; x_wconf 82' lang='grc' dir='ltr'><strong>Τοῦτο</strong></span> <span class='ocrx_word' id='word_1_88' title='bbox 1645 1248 1704 1302; x_wconf 74' lang='grc' dir='ltr'><strong>δὲ</strong></span> 
     </span>
    </p>
   </div>
   <div class='ocr_carea' id='block_1_14' title="bbox 148 1339 1705 1415">
    <p class='ocr_par' dir='ltr' id='par_1_14' title="bbox 148 1339 1705 1415">
     <span class='ocr_line' id='line_1_14' title="bbox 148 1339 1705 1415; baseline -0.003 -17"><span class='ocrx_word' id='word_1_89' title='bbox 148 1343 520 1415; x_wconf 75' lang='grc' dir='ltr'><strong>παραγγέλλων</strong></span> <span class='ocrx_word' id='word_1_90' title='bbox 544 1343 646 1396; x_wconf 85' lang='grc' dir='ltr'><strong>ούκ</strong></span> <span class='ocrx_word' id='word_1_91' title='bbox 671 1342 907 1396; x_wconf 81' lang='grc' dir='ltr'><strong>ἐπαινῶ·</strong></span> <span class='ocrx_word' id='word_1_92' title='bbox 943 1361 962 1394; x_wconf 73' lang='grc' dir='ltr'><strong>ι</strong></span> <span class='ocrx_word' id='word_1_93' title='bbox 993 1342 1292 1407; x_wconf 79' lang='grc' dir='ltr'><strong>τουτέστιν,</strong></span> <span class='ocrx_word' id='word_1_94' title='bbox 1337 1341 1452 1395; x_wconf 72' lang='grc' dir='ltr'><strong>Οὐκ</strong></span> <span class='ocrx_word' id='word_1_95' title='bbox 1490 1339 1705 1395; x_wconf 74' lang='grc' dir='ltr'><strong>ἐπαινῶ</strong></span> 
     </span>
    </p>
   </div>
   <div class='ocr_carea' id='block_1_15' title="bbox 146 1426 1703 1506">
    <p class='ocr_par' dir='ltr' id='par_1_15' title="bbox 146 1426 1703 1506">
     <span class='ocr_line' id='line_1_15' title="bbox 146 1426 1703 1506; baseline -0.002 -15"><span class='ocrx_word' id='word_1_96' title='bbox 146 1439 293 1506; x_wconf 76' lang='grc' dir='ltr'><strong>ὑμᾶς,</strong></span> <span class='ocrx_word' id='word_1_97' title='bbox 327 1437 410 1490; x_wconf 87' lang='grc' dir='ltr'><strong>δτι</strong></span> <span class='ocrx_word' id='word_1_98' title='bbox 457 1435 595 1498; x_wconf 85' lang='grc' dir='ltr'><strong>ὅλως</strong></span> <span class='ocrx_word' id='word_1_99' title='bbox 654 1434 1028 1506; x_wconf 79' lang='grc' dir='ltr'><strong>παραγγέλλω</strong></span> <span class='ocrx_word' id='word_1_100' title='bbox 1066 1434 1197 1504; x_wconf 85' lang='grc' dir='ltr'><strong>ὑμῖν</strong></span> <span class='ocrx_word' id='word_1_101' title='bbox 1232 1435 1360 1505; x_wconf 74' lang='grc' dir='ltr'><strong>περὶ</strong></span> <span class='ocrx_word' id='word_1_102' title='bbox 1390 1434 1606 1501; x_wconf 86' lang='grc' dir='ltr'><strong>τούτου,</strong></span> <span class='ocrx_word' id='word_1_103' title='bbox 1641 1426 1703 1489; x_wconf 80' lang='grc' dir='ltr'><strong>οὖ</strong></span> 
     </span>
    </p>
   </div>
   <div class='ocr_carea' id='block_1_16' title="bbox 150 1527 1705 1603">
    <p class='ocr_par' dir='ltr' id='par_1_16' title="bbox 150 1527 1705 1603">
     <span class='ocr_line' id='line_1_16' title="bbox 150 1527 1705 1603; baseline -0.001 -20"><span class='ocrx_word' id='word_1_104' title='bbox 150 1530 307 1603; x_wconf 77' lang='grc' dir='ltr'><strong>μέλλω</strong></span> <span class='ocrx_word' id='word_1_105' title='bbox 346 1531 514 1601; x_wconf 77' lang='grc' dir='ltr'><strong>ἐρεῖν,</strong></span> <span class='ocrx_word' id='word_1_106' title='bbox 561 1528 657 1582; x_wconf 76' lang='grc' dir='ltr'><strong>καὶ</strong></span> <span class='ocrx_word' id='word_1_107' title='bbox 703 1527 981 1600; x_wconf 88' lang='grc' dir='ltr'><strong>παραινῶ.</strong></span> <span class='ocrx_word' id='word_1_108' title='bbox 1036 1528 1189 1582; x_wconf 84' lang='grc' dir='ltr'><strong>Ἔδει</strong></span> <span class='ocrx_word' id='word_1_109' title='bbox 1220 1528 1329 1599; x_wconf 75' lang='grc' dir='ltr'><strong>γὰρ</strong></span> <span class='ocrx_word' id='word_1_110' title='bbox 1373 1528 1469 1596; x_wconf 84' lang='grc' dir='ltr'><strong>ἀφ’</strong></span> <span class='ocrx_word' id='word_1_111' title='bbox 1494 1528 1705 1581; x_wconf 79' lang='grc' dir='ltr'><strong>ἑαυτῶν</strong></span> 
     </span>
    </p>
   </div>
   <div class='ocr_carea' id='block_1_17' title="bbox 147 1619 1705 1693">
    <p class='ocr_par' dir='ltr' id='par_1_17' title="bbox 147 1619 1705 1693">
     <span class='ocr_line' id='line_1_17' title="bbox 147 1619 1705 1693; baseline 0.001 -20"><span class='ocrx_word' id='word_1_112' title='bbox 147 1621 430 1687; x_wconf 78' lang='grc' dir='ltr'><strong>συνιέντας,</strong></span> <span class='ocrx_word' id='word_1_113' title='bbox 464 1621 603 1692; x_wconf 68' lang='grc' dir='ltr'><strong>μήτε</strong></span> <span class='ocrx_word' id='word_1_114' title='bbox 621 1621 943 1693; x_wconf 80' lang='grc' dir='ltr'><strong>ἁμαρτῆσαι</strong></span> <span class='ocrx_word' id='word_1_115' title='bbox 969 1619 1128 1684; x_wconf 87' lang='grc' dir='ltr'><strong>ὅλως,</strong></span> <span class='ocrx_word' id='word_1_116' title='bbox 1157 1619 1298 1691; x_wconf 81' lang='grc' dir='ltr'><strong>μήτε</strong></span> <span class='ocrx_word' id='word_1_117' title='bbox 1325 1619 1705 1690; x_wconf 78' lang='grc' dir='ltr'><strong>παραγγελίας</strong></span> 
     </span>
    </p>
   </div>
   <div class='ocr_carea' id='block_1_18' title="bbox 144 1713 403 1785">
    <p class='ocr_par' dir='ltr' id='par_1_18' title="bbox 144 1713 403 1785">
     <span class='ocr_line' id='line_1_18' title="bbox 144 1713 403 1785; baseline -0.012 -17"><span class='ocrx_word' id='word_1_118' title='bbox 144 1713 403 1785; x_wconf 80' lang='grc' dir='ltr'><strong>δεηθῆναι.</strong></span> 
     </span>
    </p>
   </div>
   <div class='ocr_carea' id='block_1_19' title="bbox 210 1886 1709 1965">
    <p class='ocr_par' dir='ltr' id='par_1_19' title="bbox 210 1886 1709 1965">
     <span class='ocr_line' id='line_1_19' title="bbox 210 1886 1709 1965; baseline 0.001 -20"><span class='ocrx_word' id='word_1_119' title='bbox 210 1910 227 1945; x_wconf 88' lang='grc' dir='ltr'><strong>ι</strong></span> <span class='ocrx_word' id='word_1_120' title='bbox 257 1893 497 1948; x_wconf 83' lang='grc' dir='ltr'><strong>Ὅτιούκ</strong></span> <span class='ocrx_word' id='word_1_121' title='bbox 528 1893 609 1956; x_wconf 83' lang='grc' dir='ltr'><strong>είς</strong></span> <span class='ocrx_word' id='word_1_122' title='bbox 629 1890 692 1946; x_wconf 80' lang='grc' dir='ltr'><strong>τὸ</strong></span> <span class='ocrx_word' id='word_1_123' title='bbox 721 1893 988 1961; x_wconf 80' lang='grc' dir='ltr'><strong>κρεῖττον,</strong></span> <span class='ocrx_word' id='word_1_124' title='bbox 1017 1890 1153 1945; x_wconf 80' lang='grc' dir='ltr'><strong>ἀλλὰ</strong></span> <span class='ocrx_word' id='word_1_125' title='bbox 1184 1892 1266 1955; x_wconf 82' lang='grc' dir='ltr'><strong>είς</strong></span> <span class='ocrx_word' id='word_1_126' title='bbox 1295 1891 1355 1947; x_wconf 72' lang='grc' dir='ltr'><strong>τὸ</strong></span> <span class='ocrx_word' id='word_1_127' title='bbox 1381 1886 1546 1965; x_wconf 82' lang='grc' dir='ltr'><strong>ἦττον</strong></span> <span class='ocrx_word' id='word_1_128' title='bbox 1577 1909 1709 1946; x_wconf 76' lang='grc' dir='ltr'><strong>συν·</strong></span> 
     </span>
    </p>
   </div>
   <div class='ocr_carea' id='block_1_20' title="bbox 150 1981 1703 2056">
    <p class='ocr_par' dir='ltr' id='par_1_20' title="bbox 150 1981 1703 2056">
     <span class='ocr_line' id='line_1_20' title="bbox 150 1981 1703 2056; baseline -0.002 -18"><span class='ocrx_word' id='word_1_129' title='bbox 150 1983 375 2056; x_wconf 71' lang='grc' dir='ltr'><strong>ἔρχεσθε.</strong></span> <span class='ocrx_word' id='word_1_130' title='bbox 418 2003 438 2037; x_wconf 82' lang='grc'><strong>›</strong></span> <span class='ocrx_word' id='word_1_131' title='bbox 479 1984 630 2037; x_wconf 86' lang='grc' dir='ltr'><strong>Ἔδει</strong></span> <span class='ocrx_word' id='word_1_132' title='bbox 692 1983 840 2055; x_wconf 78' lang='grc' dir='ltr'><strong>ὑμᾶς</strong></span> <span class='ocrx_word' id='word_1_133' title='bbox 863 1984 943 2046; x_wconf 85' lang='grc' dir='ltr'><strong>είς</strong></span> <span class='ocrx_word' id='word_1_134' title='bbox 973 1981 1037 2036; x_wconf 77' lang='grc' dir='ltr'><strong>τὸ</strong></span> <span class='ocrx_word' id='word_1_135' title='bbox 1076 1984 1327 2054; x_wconf 85' lang='grc' dir='ltr'><strong>κρεῖττον</strong></span> <span class='ocrx_word' id='word_1_136' title='bbox 1365 1982 1703 2055; x_wconf 81' lang='grc' dir='ltr'><strong>προϐαίνειν,</strong></span> 
     </span>
    </p>
   </div>
   <div class='ocr_carea' id='block_1_21' title="bbox 150 2073 1709 2146">
    <p class='ocr_par' dir='ltr' id='par_1_21' title="bbox 150 2073 1709 2146">
     <span class='ocr_line' id='line_1_21' title="bbox 150 2073 1709 2146; baseline -0.001 -17"><span class='ocrx_word' id='word_1_137' title='bbox 150 2078 229 2129; x_wconf 71' lang='grc' dir='ltr'><strong>καὶ</strong></span> <span class='ocrx_word' id='word_1_138' title='bbox 253 2076 346 2143; x_wconf 52' lang='grc' dir='ltr'><strong>τᾲς</strong></span> <span class='ocrx_word' id='word_1_139' title='bbox 369 2074 717 2139; x_wconf 86' lang='grc' dir='ltr'><strong>συνελεύσεις</strong></span> <span class='ocrx_word' id='word_1_140' title='bbox 746 2073 1022 2129; x_wconf 83' lang='grc' dir='ltr'><strong>ποιεῖσθαι</strong></span> <span class='ocrx_word' id='word_1_141' title='bbox 1042 2074 1477 2146; x_wconf 83' lang='grc' dir='ltr'><strong>φιλοτιμωτέρας</strong></span> <span class='ocrx_word' id='word_1_142' title='bbox 1506 2092 1521 2109; x_wconf 82' lang='grc' dir='ltr'><strong><em>ο</em></strong></span> <span class='ocrx_word' id='word_1_143' title='bbox 1551 2075 1709 2146; x_wconf 81' lang='grc' dir='ltr'><strong>ὑμεῖς</strong></span> 
     </span>
    </p>
   </div>
   <div class='ocr_carea' id='block_1_22' title="bbox 149 2169 1707 2243">
    <p class='ocr_par' dir='ltr' id='par_1_22' title="bbox 149 2169 1707 2243">
     <span class='ocr_line' id='line_1_22' title="bbox 149 2169 1707 2243; baseline 0.001 -20"><span class='ocrx_word' id='word_1_144' title='bbox 149 2171 197 2224; x_wconf 82' lang='grc' dir='ltr'><strong>δὲ</strong></span> <span class='ocrx_word' id='word_1_145' title='bbox 217 2169 560 2240; x_wconf 66' lang='grc' dir='ltr'><strong>ᾐλαττώσατε</strong></span> <span class='ocrx_word' id='word_1_146' title='bbox 591 2170 686 2224; x_wconf 75' lang='grc' dir='ltr'><strong>καὶ</strong></span> <span class='ocrx_word' id='word_1_147' title='bbox 716 2170 781 2224; x_wconf 71' lang='grc' dir='ltr'><strong>τδ</strong></span> <span class='ocrx_word' id='word_1_148' title='bbox 810 2171 915 2243; x_wconf 70' lang='grc' dir='ltr'><strong>ἤδη</strong></span> <span class='ocrx_word' id='word_1_149' title='bbox 951 2170 1238 2241; x_wconf 80' lang='grc' dir='ltr'><strong>κρατῆσαν</strong></span> <span class='ocrx_word' id='word_1_150' title='bbox 1268 2169 1390 2234; x_wconf 77' lang='grc' dir='ltr'><strong>ἔθος</strong></span> <span class='ocrx_word' id='word_1_151' title='bbox 1411 2187 1426 2202; x_wconf 92' lang='grc'><strong>·</strong></span> <span class='ocrx_word' id='word_1_152' title='bbox 1459 2171 1555 2225; x_wconf 66' lang='grc' dir='ltr'><strong>καὶ</strong></span> <span class='ocrx_word' id='word_1_153' title='bbox 1584 2188 1707 2224; x_wconf 88' lang='grc' dir='ltr'><strong>συν-</strong></span> 
     </span>
    </p>
   </div>
   <div class='ocr_carea' id='block_1_23' title="bbox 151 2259 1711 2335">
    <p class='ocr_par' dir='ltr' id='par_1_23' title="bbox 151 2259 1711 2335">
     <span class='ocr_line' id='line_1_23' title="bbox 151 2259 1711 2335; baseline 0.001 -20"><span class='ocrx_word' id='word_1_154' title='bbox 151 2261 354 2332; x_wconf 85' lang='grc' dir='ltr'><strong>έρχεσθε</strong></span> <span class='ocrx_word' id='word_1_155' title='bbox 412 2261 514 2333; x_wconf 83' lang='grc' dir='ltr'><strong>μὲν</strong></span> <span class='ocrx_word' id='word_1_156' title='bbox 545 2263 605 2316; x_wconf 84' lang='grc' dir='ltr'><strong>ὲν</strong></span> <span class='ocrx_word' id='word_1_157' title='bbox 652 2264 721 2335; x_wconf 82' lang='grc' dir='ltr'><strong>τῇ</strong></span> <span class='ocrx_word' id='word_1_158' title='bbox 762 2263 865 2334; x_wconf 82' lang='grc' dir='ltr'><strong>μιᾷ</strong></span> <span class='ocrx_word' id='word_1_159' title='bbox 906 2259 1244 2332; x_wconf 73' lang='grc' dir='ltr'><strong>Ἐκκλησία,</strong></span> <span class='ocrx_word' id='word_1_160' title='bbox 1300 2263 1362 2316; x_wconf 87' lang='grc' dir='ltr'><strong>ού</strong></span> <span class='ocrx_word' id='word_1_161' title='bbox 1424 2261 1531 2334; x_wconf 78' lang='grc' dir='ltr'><strong>μὴν</strong></span> <span class='ocrx_word' id='word_1_162' title='bbox 1569 2262 1711 2317; x_wconf 82' lang='grc' dir='ltr'><strong>ὥστε</strong></span> 
     </span>
    </p>
   </div>
   <div class='ocr_carea' id='block_1_24' title="bbox 152 2352 1710 2434">
    <p class='ocr_par' dir='ltr' id='par_1_24' title="bbox 152 2352 1710 2434">
     <span class='ocr_line' id='line_1_24' title="bbox 152 2352 1710 2434; baseline 0.003 -25"><span class='ocrx_word' id='word_1_163' title='bbox 152 2357 493 2414; x_wconf 86' lang='grc' dir='ltr'><strong>συνδειπνεῖν.</strong></span> <span class='ocrx_word' id='word_1_164' title='bbox 538 2357 713 2414; x_wconf 78' lang='grc' dir='ltr'><strong>Τοῦτο</strong></span> <span class='ocrx_word' id='word_1_165' title='bbox 772 2354 868 2414; x_wconf 82' lang='grc' dir='ltr'><strong>οὖν</strong></span> <span class='ocrx_word' id='word_1_166' title='bbox 902 2360 1041 2426; x_wconf 76' lang='grc' dir='ltr'><strong>ἐστι,</strong></span> <span class='ocrx_word' id='word_1_167' title='bbox 1081 2377 1101 2412; x_wconf 79' lang='grc' dir='ltr'><strong>ι</strong></span> <span class='ocrx_word' id='word_1_168' title='bbox 1136 2358 1211 2413; x_wconf 82' lang='grc' dir='ltr'>Τὸ</span> <span class='ocrx_word' id='word_1_169' title='bbox 1250 2352 1447 2434; x_wconf 81' lang='grc' dir='ltr'><strong>ἦττον·</strong></span> <span class='ocrx_word' id='word_1_170' title='bbox 1487 2376 1506 2410; x_wconf 74' lang='grc' dir='ltr'><strong>ι</strong></span> <span class='ocrx_word' id='word_1_171' title='bbox 1554 2377 1710 2413; x_wconf 82' lang='grc' dir='ltr'><strong>τουτ-</strong></span> 
     </span>
    </p>
   </div>
   <div class='ocr_carea' id='block_1_25' title="bbox 152 2450 775 2516">
    <p class='ocr_par' dir='ltr' id='par_1_25' title="bbox 152 2450 775 2516">
     <span class='ocr_line' id='line_1_25' title="bbox 152 2450 775 2516; baseline 0.005 -14"><span class='ocrx_word' id='word_1_172' title='bbox 152 2450 298 2516; x_wconf 81' lang='grc' dir='ltr'><strong>έστιν,</strong></span> <span class='ocrx_word' id='word_1_173' title='bbox 334 2452 402 2504; x_wconf 82' lang='grc' dir='ltr'>Ὀ</span> <span class='ocrx_word' id='word_1_174' title='bbox 426 2450 775 2506; x_wconf 71' lang='grc' dir='ltr'><strong>ἐλαττοῦσθε.</strong></span> 
     </span>
    </p>
   </div>
   <div class='ocr_carea' id='block_1_26' title="bbox 217 2544 1713 2616">
    <p class='ocr_par' dir='ltr' id='par_1_26' title="bbox 217 2544 1713 2616">
     <span class='ocr_line' id='line_1_26' title="bbox 217 2544 1713 2616; baseline 0.001 -21"><span class='ocrx_word' id='word_1_175' title='bbox 217 2563 233 2595; x_wconf 81' lang='grc' dir='ltr'><strong>ι</strong></span> <span class='ocrx_word' id='word_1_176' title='bbox 263 2544 486 2614; x_wconf 87' lang='grc' dir='ltr'><strong>Πρῶτον</strong></span> <span class='ocrx_word' id='word_1_177' title='bbox 526 2545 773 2616; x_wconf 76' lang='grc' dir='ltr'><strong>μὲνγὰρ,</strong></span> <span class='ocrx_word' id='word_1_178' title='bbox 805 2544 1222 2616; x_wconf 81' lang='grc' dir='ltr'><strong>συνερχομένων</strong></span> <span class='ocrx_word' id='word_1_179' title='bbox 1256 2545 1313 2600; x_wconf 79' lang='grc' dir='ltr'><strong>ὲν</strong></span> <span class='ocrx_word' id='word_1_180' title='bbox 1355 2546 1421 2616; x_wconf 75' lang='grc' dir='ltr'><strong>τῇ</strong></span> <span class='ocrx_word' id='word_1_181' title='bbox 1481 2544 1713 2615; x_wconf 85' lang='grc' dir='ltr'><strong>Ἐκκλη-</strong></span> 
     </span>
    </p>
   </div>
   <div class='ocr_carea' id='block_1_27' title="bbox 154 2633 1714 2706">
    <p class='ocr_par' dir='ltr' id='par_1_27' title="bbox 154 2633 1714 2706">
     <span class='ocr_line' id='line_1_27' title="bbox 154 2633 1714 2706; baseline -0.009 -5"><span class='ocrx_word' id='word_1_182' title='bbox 154 2633 250 2706; x_wconf 66' lang='grc' dir='ltr'><strong>σίᾳι</strong></span> <span class='ocrx_word' id='word_1_183' title='bbox 272 2635 463 2689; x_wconf 78' lang='grc' dir='ltr'><strong>ἀκούω</strong></span> <span class='ocrx_word' id='word_1_184' title='bbox 496 2636 841 2706; x_wconf 80' lang='grc' dir='ltr'><strong>σχίσματαὲν</strong></span> <span class='ocrx_word' id='word_1_185' title='bbox 874 2635 1310 2706; x_wconf 78' lang='grc' dir='ltr'><strong>ὑμῖνύπάρχειν.</strong></span> <span class='ocrx_word' id='word_1_186' title='bbox 1356 2653 1375 2687; x_wconf 73' lang='grc' dir='ltr'><strong>ι</strong></span> <span class='ocrx_word' id='word_1_187' title='bbox 1413 2633 1528 2687; x_wconf 81' lang='grc' dir='ltr'><strong>Οὐκ</strong></span> <span class='ocrx_word' id='word_1_188' title='bbox 1553 2633 1714 2698; x_wconf 78' lang='grc' dir='ltr'><strong>εὐθὺς</strong></span> 
     </span>
    </p>
   </div>
   <div class='ocr_carea' id='block_1_28' title="bbox 1800 590 3385 663">
    <p class='ocr_par' dir='ltr' id='par_1_28' title="bbox 1800 590 3385 663">
     <span class='ocr_line' id='line_1_28' title="bbox 1800 590 3385 663; baseline -0.008 -6"><span class='ocrx_word' id='word_1_189' title='bbox 1800 601 2000 657; x_wconf 98' lang='lat' dir='ltr'><strong>tionem</strong></span> <span class='ocrx_word' id='word_1_190' title='bbox 2050 603 2415 657; x_wconf 78' lang='lat' dir='ltr'><strong>communiter</strong></span> <span class='ocrx_word' id='word_1_191' title='bbox 2470 599 2927 663; x_wconf 84' lang='lat' dir='ltr'><strong>convivabantur,</strong></span> <span class='ocrx_word' id='word_1_192' title='bbox 2985 593 3243 650; x_wconf 77' lang='lat' dir='ltr'><strong>divitibus</strong></span> <span class='ocrx_word' id='word_1_193' title='bbox 3297 590 3385 646; x_wconf 91' lang='lat' dir='ltr'><strong>ni-</strong></span> 
     </span>
    </p>
   </div>
   <div class='ocr_carea' id='block_1_29' title="bbox 1798 683 3391 758">
    <p class='ocr_par' dir='ltr' id='par_1_29' title="bbox 1798 683 3391 758">
     <span class='ocr_line' id='line_1_29' title="bbox 1798 683 3391 758; baseline -0.008 -10"><span class='ocrx_word' id='word_1_194' title='bbox 1798 694 1995 748; x_wconf 88' lang='lat' dir='ltr'><strong>mirum</strong></span> <span class='ocrx_word' id='word_1_195' title='bbox 2045 691 2245 750; x_wconf 82' lang='lat' dir='ltr'><strong>fercula</strong></span> <span class='ocrx_word' id='word_1_196' title='bbox 2296 691 2676 756; x_wconf 72' lang='lat' dir='ltr'><strong>efferentibus,</strong></span> <span class='ocrx_word' id='word_1_197' title='bbox 2729 685 3059 758; x_wconf 84' lang='lat' dir='ltr'><strong>pauperibus</strong></span> <span class='ocrx_word' id='word_1_198' title='bbox 3107 691 3283 739; x_wconf 89' lang='lat' dir='ltr'><strong>autem</strong></span> <span class='ocrx_word' id='word_1_199' title='bbox 3319 683 3391 738; x_wconf 88' lang='lat' dir='ltr'><strong>ab</strong></span> 
     </span>
    </p>
   </div>
   <div class='ocr_carea' id='block_1_30' title="bbox 1798 771 3391 855">
    <p class='ocr_par' dir='ltr' id='par_1_30' title="bbox 1798 771 3391 855">
     <span class='ocr_line' id='line_1_30' title="bbox 1798 771 3391 855; baseline -0.009 -14"><span class='ocrx_word' id='word_1_200' title='bbox 1798 783 1930 855; x_wconf 88' lang='lat' dir='ltr'><strong>ipsis</strong></span> <span class='ocrx_word' id='word_1_201' title='bbox 1972 783 2040 840; x_wconf 88' lang='lat' dir='ltr'><strong>ad</strong></span> <span class='ocrx_word' id='word_1_202' title='bbox 2068 782 2312 839; x_wconf 88' lang='lat' dir='ltr'><strong>convivia</strong></span> <span class='ocrx_word' id='word_1_203' title='bbox 2352 783 2579 839; x_wconf 84' lang='lat' dir='ltr'><strong>vocatis.</strong></span> <span class='ocrx_word' id='word_1_204' title='bbox 2605 781 2673 836; x_wconf 79' lang='lat' dir='ltr'><strong>At</strong></span> <span class='ocrx_word' id='word_1_205' title='bbox 2700 793 2797 851; x_wconf 92' lang='lat' dir='ltr'><strong>per</strong></span> <span class='ocrx_word' id='word_1_206' title='bbox 2826 774 3194 834; x_wconf 79' lang='lat' dir='ltr'><strong>dissensiones</strong></span> <span class='ocrx_word' id='word_1_207' title='bbox 3215 771 3391 828; x_wconf 84' lang='lat' dir='ltr'><strong>admi-</strong></span> 
     </span>
    </p>
   </div>
   <div class='ocr_carea' id='block_1_31' title="bbox 1801 861 3389 943">
    <p class='ocr_par' dir='ltr' id='par_1_31' title="bbox 1801 861 3389 943">
     <span class='ocr_line' id='line_1_31' title="bbox 1801 861 3389 943; baseline -0.008 -15"><span class='ocrx_word' id='word_1_208' title='bbox 1801 873 2003 929; x_wconf 85' lang='lat' dir='ltr'><strong>randus</strong></span> <span class='ocrx_word' id='word_1_209' title='bbox 2032 871 2121 927; x_wconf 89' lang='lat' dir='ltr'><strong>ille</strong></span> <span class='ocrx_word' id='word_1_210' title='bbox 2158 871 2319 936; x_wconf 86' lang='lat' dir='ltr'><strong>ritus,</strong></span> <span class='ocrx_word' id='word_1_211' title='bbox 2344 887 2452 943; x_wconf 89' lang='lat' dir='ltr'><strong>quo</strong></span> <span class='ocrx_word' id='word_1_212' title='bbox 2492 883 2675 926; x_wconf 87' lang='lat' dir='ltr'><strong>mutua</strong></span> <span class='ocrx_word' id='word_1_213' title='bbox 2704 866 2969 931; x_wconf 88' lang='lat' dir='ltr'><strong>charitas,</strong></span> <span class='ocrx_word' id='word_1_214' title='bbox 3008 873 3065 921; x_wconf 90' lang='lat' dir='ltr'><strong>et</strong></span> <span class='ocrx_word' id='word_1_215' title='bbox 3087 861 3389 920; x_wconf 87' lang='lat' dir='ltr'><strong>christiana</strong></span> 
     </span>
    </p>
   </div>
   <div class='ocr_carea' id='block_1_32' title="bbox 1802 957 3391 1037">
    <p class='ocr_par' dir='ltr' id='par_1_32' title="bbox 1802 957 3391 1037">
     <span class='ocr_line' id='line_1_32' title="bbox 1802 957 3391 1037; baseline -0.008 -16"><span class='ocrx_word' id='word_1_216' title='bbox 1802 965 2141 1037; x_wconf 83' lang='lat' dir='ltr'><strong>philosophia</strong></span> <span class='ocrx_word' id='word_1_217' title='bbox 2168 966 2564 1030; x_wconf 74' lang='lat' dir='ltr'><strong>continebatur,</strong></span> <span class='ocrx_word' id='word_1_218' title='bbox 2591 969 2881 1029; x_wconf 85' lang='lat' dir='ltr'><strong>corruptus</strong></span> <span class='ocrx_word' id='word_1_219' title='bbox 2906 967 3014 1023; x_wconf 89' lang='lat' dir='ltr'><strong>est,</strong></span> <span class='ocrx_word' id='word_1_220' title='bbox 3040 973 3146 1013; x_wconf 90' lang='lat' dir='ltr'><strong>nec</strong></span> <span class='ocrx_word' id='word_1_221' title='bbox 3174 957 3242 1012; x_wconf 89' lang='lat' dir='ltr'><strong>ab</strong></span> <span class='ocrx_word' id='word_1_222' title='bbox 3271 971 3391 1011; x_wconf 88' lang='lat' dir='ltr'><strong>om-</strong></span> 
     </span>
    </p>
   </div>
   <div class='ocr_carea' id='block_1_33' title="bbox 1803 1047 3391 1123">
    <p class='ocr_par' dir='ltr' id='par_1_33' title="bbox 1803 1047 3391 1123">
     <span class='ocr_line' id='line_1_33' title="bbox 1803 1047 3391 1123; baseline -0.006 -16"><span class='ocrx_word' id='word_1_223' title='bbox 1803 1052 1962 1107; x_wconf 84' lang='lat' dir='ltr'><strong>nibus</strong></span> <span class='ocrx_word' id='word_1_224' title='bbox 1983 1054 2318 1110; x_wconf 80' lang='lat' dir='ltr'><strong>servabatur.</strong></span> <span class='ocrx_word' id='word_1_225' title='bbox 2352 1051 2553 1108; x_wconf 88' lang='lat' dir='ltr'><strong>Scribit.</strong></span> <span class='ocrx_word' id='word_1_226' title='bbox 2582 1050 2747 1123; x_wconf 81' lang='lat' dir='ltr'><strong>igitur</strong></span> <span class='ocrx_word' id='word_1_227' title='bbox 2781 1047 3002 1112; x_wconf 82' lang='lat' dir='ltr'><strong>Paulus,</strong></span> <span class='ocrx_word' id='word_1_228' title='bbox 3038 1056 3097 1101; x_wconf 85' lang='lat' dir='ltr'><strong>ut</strong></span> <span class='ocrx_word' id='word_1_229' title='bbox 3130 1047 3233 1101; x_wconf 89' lang='lat' dir='ltr'><strong>hoc</strong></span> <span class='ocrx_word' id='word_1_230' title='bbox 3265 1059 3391 1099; x_wconf 86' lang='lat' dir='ltr'><strong>cor-</strong></span> 
     </span>
    </p>
   </div>
   <div class='ocr_carea' id='block_1_34' title="bbox 1805 1136 3393 1215">
    <p class='ocr_par' dir='ltr' id='par_1_34' title="bbox 1805 1136 3393 1215">
     <span class='ocr_line' id='line_1_34' title="bbox 1805 1136 3393 1215; baseline -0.006 -16"><span class='ocrx_word' id='word_1_231' title='bbox 1805 1144 1965 1215; x_wconf 78' lang='lat' dir='ltr'><strong>rigat.</strong></span> <span class='ocrx_word' id='word_1_232' title='bbox 2013 1141 2148 1199; x_wconf 90' lang='lat' dir='ltr'><strong>Cum</strong></span> <span class='ocrx_word' id='word_1_233' title='bbox 2203 1152 2384 1199; x_wconf 90' lang='lat' dir='ltr'><strong>autem</strong></span> <span class='ocrx_word' id='word_1_234' title='bbox 2444 1144 2495 1198; x_wconf 92' lang='lat' dir='ltr'><strong>in</strong></span> <span class='ocrx_word' id='word_1_235' title='bbox 2550 1139 2876 1212; x_wconf 68' lang='lat' dir='ltr'><strong>praecedenti</strong></span> <span class='ocrx_word' id='word_1_236' title='bbox 2934 1137 3132 1194; x_wconf 90' lang='lat' dir='ltr'><strong>delicto</strong></span> <span class='ocrx_word' id='word_1_237' title='bbox 3196 1136 3393 1191; x_wconf 89' lang='lat' dir='ltr'><strong>multos</strong></span> 
     </span>
    </p>
   </div>
   <div class='ocr_carea' id='block_1_35' title="bbox 1804 1226 3392 1304">
    <p class='ocr_par' dir='ltr' id='par_1_35' title="bbox 1804 1226 3392 1304">
     <span class='ocr_line' id='line_1_35' title="bbox 1804 1226 3392 1304; baseline -0.009 -10"><span class='ocrx_word' id='word_1_238' title='bbox 1804 1236 2121 1294; x_wconf 89' lang='lat' dir='ltr'><strong>obedientes</strong></span> <span class='ocrx_word' id='word_1_239' title='bbox 2158 1236 2401 1304; x_wconf 86' lang='lat' dir='ltr'><strong>haberet,</strong></span> <span class='ocrx_word' id='word_1_240' title='bbox 2440 1254 2459 1287; x_wconf 80' lang='grc' dir='ltr'><strong>ι</strong></span> <span class='ocrx_word' id='word_1_241' title='bbox 2492 1233 2677 1290; x_wconf 72' lang='lat' dir='ltr'><strong>Laudo</strong></span> <span class='ocrx_word' id='word_1_242' title='bbox 2699 1245 2819 1299; x_wconf 84' lang='lat' dir='ltr'><strong>vos,</strong></span> <span class='ocrx_word' id='word_1_243' title='bbox 2851 1249 2870 1283; x_wconf 72' lang='grc' dir='ltr'><strong>ι</strong></span> <span class='ocrx_word' id='word_1_244' title='bbox 2900 1229 3076 1299; x_wconf 86' lang='lat' dir='ltr'><strong>inquit</strong></span> <span class='ocrx_word' id='word_1_245' title='bbox 3109 1245 3123 1283; x_wconf 92' lang='lat'><strong>:</strong></span> <span class='ocrx_word' id='word_1_246' title='bbox 3155 1226 3246 1282; x_wconf 90' lang='lat' dir='ltr'><strong>hic</strong></span> <span class='ocrx_word' id='word_1_247' title='bbox 3263 1241 3392 1281; x_wconf 87' lang='lat' dir='ltr'><strong>vero</strong></span> 
     </span>
    </p>
   </div>
   <div class='ocr_carea' id='block_1_36' title="bbox 1805 1319 3393 1395">
    <p class='ocr_par' dir='ltr' id='par_1_36' title="bbox 1805 1319 3393 1395">
     <span class='ocr_line' id='line_1_36' title="bbox 1805 1319 3393 1395; baseline -0.01 -9"><span class='ocrx_word' id='word_1_248' title='bbox 1805 1344 1964 1386; x_wconf 90' lang='lat' dir='ltr'><strong>secus</strong></span> <span class='ocrx_word' id='word_1_249' title='bbox 2027 1329 2258 1385; x_wconf 78' lang='lat' dir='ltr'><strong>habente</strong></span> <span class='ocrx_word' id='word_1_250' title='bbox 2299 1341 2381 1395; x_wconf 87' lang='lat' dir='ltr'><strong>re,</strong></span> <span class='ocrx_word' id='word_1_251' title='bbox 2435 1345 2456 1380; x_wconf 77' lang='grc' dir='ltr'><strong>ι</strong></span> <span class='ocrx_word' id='word_1_252' title='bbox 2519 1325 2631 1381; x_wconf 84' lang='lat' dir='ltr'><strong>Hoc</strong></span> <span class='ocrx_word' id='word_1_253' title='bbox 2688 1333 2871 1380; x_wconf 89' lang='lat' dir='ltr'><strong>autem</strong></span> <span class='ocrx_word' id='word_1_254' title='bbox 2918 1319 3239 1392; x_wconf 83' lang='lat' dir='ltr'><strong>praecipiens</strong></span> <span class='ocrx_word' id='word_1_255' title='bbox 3287 1333 3393 1372; x_wconf 88' lang='lat' dir='ltr'><strong>non</strong></span> 
     </span>
    </p>
   </div>
   <div class='ocr_carea' id='block_1_37' title="bbox 1808 1410 3398 1485">
    <p class='ocr_par' dir='ltr' id='par_1_37' title="bbox 1808 1410 3398 1485">
     <span class='ocr_line' id='line_1_37' title="bbox 1808 1410 3398 1485; baseline -0.007 -10"><span class='ocrx_word' id='word_1_256' title='bbox 1808 1420 1990 1485; x_wconf 87' lang='lat' dir='ltr'><strong>laudo,</strong></span> <span class='ocrx_word' id='word_1_257' title='bbox 2031 1435 2054 1475; x_wconf 75' lang='grc' dir='ltr'><strong>ι</strong></span> <span class='ocrx_word' id='word_1_258' title='bbox 2112 1421 2187 1475; x_wconf 88' lang='lat' dir='ltr'><strong>ait</strong></span> <span class='ocrx_word' id='word_1_259' title='bbox 2214 1418 2357 1475; x_wconf 86' lang='lat' dir='ltr'><strong>:hoc</strong></span> <span class='ocrx_word' id='word_1_260' title='bbox 2385 1426 2486 1481; x_wconf 88' lang='lat' dir='ltr'><strong>est,</strong></span> <span class='ocrx_word' id='word_1_261' title='bbox 2520 1432 2627 1473; x_wconf 89' lang='lat' dir='ltr'><strong>non</strong></span> <span class='ocrx_word' id='word_1_262' title='bbox 2660 1415 2819 1471; x_wconf 89' lang='lat' dir='ltr'><strong>laudo</strong></span> <span class='ocrx_word' id='word_1_263' title='bbox 2857 1428 2973 1477; x_wconf 79' lang='lat' dir='ltr'><strong>vos,</strong></span> <span class='ocrx_word' id='word_1_264' title='bbox 3000 1410 3143 1481; x_wconf 82' lang='lat' dir='ltr'><strong>quod</strong></span> <span class='ocrx_word' id='word_1_265' title='bbox 3173 1423 3398 1482; x_wconf 86' lang='lat' dir='ltr'><strong>prorsus</strong></span> 
     </span>
    </p>
   </div>
   <div class='ocr_carea' id='block_1_38' title="bbox 1809 1502 3377 1582">
    <p class='ocr_par' dir='ltr' id='par_1_38' title="bbox 1809 1502 3377 1582">
     <span class='ocr_line' id='line_1_38' title="bbox 1809 1502 3377 1582; baseline -0.008 -13"><span class='ocrx_word' id='word_1_266' title='bbox 1809 1515 1913 1569; x_wconf 89' lang='lat' dir='ltr'><strong>hac</strong></span> <span class='ocrx_word' id='word_1_267' title='bbox 1946 1514 2013 1569; x_wconf 90' lang='lat' dir='ltr'><strong>de</strong></span> <span class='ocrx_word' id='word_1_268' title='bbox 2060 1527 2139 1580; x_wconf 89' lang='lat' dir='ltr'><strong>re,</strong></span> <span class='ocrx_word' id='word_1_269' title='bbox 2169 1512 2235 1568; x_wconf 86' lang='lat' dir='ltr'><strong>de</strong></span> <span class='ocrx_word' id='word_1_270' title='bbox 2279 1527 2387 1582; x_wconf 89' lang='lat' dir='ltr'><strong>qua</strong></span> <span class='ocrx_word' id='word_1_271' title='bbox 2424 1511 2666 1565; x_wconf 89' lang='lat' dir='ltr'><strong>dicturus</strong></span> <span class='ocrx_word' id='word_1_272' title='bbox 2692 1522 2836 1573; x_wconf 91' lang='lat' dir='ltr'><strong>sum,</strong></span> <span class='ocrx_word' id='word_1_273' title='bbox 2863 1504 3180 1577; x_wconf 74' lang='lat' dir='ltr'><strong>prmcipiam</strong></span> <span class='ocrx_word' id='word_1_274' title='bbox 3221 1502 3377 1557; x_wconf 82' lang='lat' dir='ltr'><strong>vobis</strong></span> 
     </span>
    </p>
   </div>
   <div class='ocr_carea' id='block_1_39' title="bbox 1808 1590 3396 1671">
    <p class='ocr_par' dir='ltr' id='par_1_39' title="bbox 1808 1590 3396 1671">
     <span class='ocr_line' id='line_1_39' title="bbox 1808 1590 3396 1671; baseline -0.011 -10"><span class='ocrx_word' id='word_1_275' title='bbox 1808 1615 1867 1661; x_wconf 87' lang='lat' dir='ltr'><strong>et</strong></span> <span class='ocrx_word' id='word_1_276' title='bbox 1910 1604 2188 1660; x_wconf 77' lang='lat' dir='ltr'><strong>adhorter.</strong></span> <span class='ocrx_word' id='word_1_277' title='bbox 2246 1600 2496 1671; x_wconf 88' lang='lat' dir='ltr'><strong>Oportnit</strong></span> <span class='ocrx_word' id='word_1_278' title='bbox 2521 1599 2664 1655; x_wconf 89' lang='lat' dir='ltr'><strong>enim</strong></span> <span class='ocrx_word' id='word_1_279' title='bbox 2694 1607 2755 1654; x_wconf 88' lang='lat' dir='ltr'><strong>ut</strong></span> <span class='ocrx_word' id='word_1_280' title='bbox 2780 1613 2874 1669; x_wconf 89' lang='lat' dir='ltr'><strong>per</strong></span> <span class='ocrx_word' id='word_1_281' title='bbox 2897 1611 2995 1652; x_wconf 91' lang='lat' dir='ltr'><strong>vos</strong></span> <span class='ocrx_word' id='word_1_282' title='bbox 3025 1594 3171 1664; x_wconf 82' lang='lat' dir='ltr'><strong>ipsos</strong></span> <span class='ocrx_word' id='word_1_283' title='bbox 3194 1590 3396 1646; x_wconf 80' lang='lat' dir='ltr'><strong>intelli-</strong></span> 
     </span>
    </p>
   </div>
   <div class='ocr_carea' id='block_1_40' title="bbox 1808 1685 3397 1771">
    <p class='ocr_par' dir='ltr' id='par_1_40' title="bbox 1808 1685 3397 1771">
     <span class='ocr_line' id='line_1_40' title="bbox 1808 1685 3397 1771; baseline -0.009 -18"><span class='ocrx_word' id='word_1_284' title='bbox 1808 1710 2018 1771; x_wconf 81' lang='lat' dir='ltr'><strong>gentes,</strong></span> <span class='ocrx_word' id='word_1_285' title='bbox 2060 1711 2159 1754; x_wconf 89' lang='lat' dir='ltr'><strong>nec</strong></span> <span class='ocrx_word' id='word_1_286' title='bbox 2198 1696 2497 1770; x_wconf 87' lang='lat' dir='ltr'><strong>peccaretis</strong></span> <span class='ocrx_word' id='word_1_287' title='bbox 2536 1694 2778 1760; x_wconf 86' lang='lat' dir='ltr'><strong>omnino,</strong></span> <span class='ocrx_word' id='word_1_288' title='bbox 2826 1705 2925 1747; x_wconf 91' lang='lat' dir='ltr'><strong>nec</strong></span> <span class='ocrx_word' id='word_1_289' title='bbox 2953 1695 3223 1760; x_wconf 64' lang='lat' dir='ltr'><strong>prmcepto</strong></span> <span class='ocrx_word' id='word_1_290' title='bbox 3248 1685 3397 1741; x_wconf 88' lang='lat' dir='ltr'><strong>indi-</strong></span> 
     </span>
    </p>
   </div>
   <div class='ocr_carea' id='block_1_41' title="bbox 1741 1791 2029 1865">
    <p class='ocr_par' dir='ltr' id='par_1_41' title="bbox 1741 1791 2029 1865">
     <span class='ocr_line' id='line_1_41' title="bbox 1741 1791 2029 1865; baseline -0.007 -18"><span class='ocrx_word' id='word_1_291' title='bbox 1741 1810 1783 1865; x_wconf 72' lang='grc' dir='ltr'><strong>ιι</strong></span> <span class='ocrx_word' id='word_1_292' title='bbox 1811 1791 2029 1861; x_wconf 80' lang='lat' dir='ltr'><strong>geretis.</strong></span> 
     </span>
    </p>
   </div>
   <div class='ocr_carea' id='block_1_42' title="bbox 1888 1869 3393 1947">
    <p class='ocr_par' dir='ltr' id='par_1_42' title="bbox 1888 1869 3393 1947">
     <span class='ocr_line' id='line_1_42' title="bbox 1888 1869 3393 1947; baseline -0.007 -16"><span class='ocrx_word' id='word_1_293' title='bbox 1888 1897 1908 1931; x_wconf 80' lang='grc' dir='ltr'><strong>ι</strong></span> <span class='ocrx_word' id='word_1_294' title='bbox 1950 1878 2104 1947; x_wconf 79' lang='lat' dir='ltr'><strong>Quod</strong></span> <span class='ocrx_word' id='word_1_295' title='bbox 2124 1892 2226 1933; x_wconf 89' lang='lat' dir='ltr'><strong>non</strong></span> <span class='ocrx_word' id='word_1_296' title='bbox 2252 1876 2306 1931; x_wconf 92' lang='lat' dir='ltr'><strong>in</strong></span> <span class='ocrx_word' id='word_1_297' title='bbox 2337 1876 2548 1938; x_wconf 86' lang='lat' dir='ltr'><strong>melius.</strong></span> <span class='ocrx_word' id='word_1_298' title='bbox 2570 1874 2662 1929; x_wconf 84' lang='lat' dir='ltr'><strong>sed</strong></span> <span class='ocrx_word' id='word_1_299' title='bbox 2681 1873 2734 1929; x_wconf 90' lang='lat' dir='ltr'><strong>in</strong></span> <span class='ocrx_word' id='word_1_300' title='bbox 2752 1871 2988 1927; x_wconf 87' lang='lat' dir='ltr'><strong>deterius</strong></span> <span class='ocrx_word' id='word_1_301' title='bbox 3012 1869 3335 1925; x_wconf 80' lang='lat' dir='ltr'><strong>convenitis.</strong></span> <span class='ocrx_word' id='word_1_302' title='bbox 3374 1887 3393 1920; x_wconf 78' lang='grc' dir='ltr'><strong>ι</strong></span> 
     </span>
    </p>
   </div>
   <div class='ocr_carea' id='block_1_43' title="bbox 1815 1958 3399 2034">
    <p class='ocr_par' dir='ltr' id='par_1_43' title="bbox 1815 1958 3399 2034">
     <span class='ocr_line' id='line_1_43' title="bbox 1815 1958 3399 2034; baseline -0.009 -8"><span class='ocrx_word' id='word_1_303' title='bbox 1815 1970 2047 2027; x_wconf 86' lang='lat' dir='ltr'><strong>Decebat</strong></span> <span class='ocrx_word' id='word_1_304' title='bbox 2114 1984 2210 2023; x_wconf 85' lang='lat' dir='ltr'><strong>vos</strong></span> <span class='ocrx_word' id='word_1_305' title='bbox 2249 1966 2316 2021; x_wconf 89' lang='lat' dir='ltr'><strong>ad</strong></span> <span class='ocrx_word' id='word_1_306' title='bbox 2366 1965 2589 2021; x_wconf 84' lang='lat' dir='ltr'><strong>meliora</strong></span> <span class='ocrx_word' id='word_1_307' title='bbox 2651 1958 2928 2034; x_wconf 59' lang='lat' dir='ltr'><strong>progredi,</strong></span> <span class='ocrx_word' id='word_1_308' title='bbox 2995 1970 3399 2029; x_wconf 77' lang='lat' dir='ltr'><strong>conventusque</strong></span> 
     </span>
    </p>
   </div>
   <div class='ocr_carea' id='block_1_44' title="bbox 1812 2049 3401 2117">
    <p class='ocr_par' dir='ltr' id='par_1_44' title="bbox 1812 2049 3401 2117">
     <span class='ocr_line' id='line_1_44' title="bbox 1812 2049 3401 2117; baseline -0.007 -4"><span class='ocrx_word' id='word_1_309' title='bbox 1812 2059 1994 2113; x_wconf 77' lang='lat' dir='ltr'><strong>facere</strong></span> <span class='ocrx_word' id='word_1_310' title='bbox 2033 2055 2372 2111; x_wconf 86' lang='lat' dir='ltr'><strong>liberaliores</strong></span> <span class='ocrx_word' id='word_1_311' title='bbox 2403 2073 2418 2109; x_wconf 91' lang='lat'><strong>:</strong></span> <span class='ocrx_word' id='word_1_312' title='bbox 2450 2068 2546 2109; x_wconf 88' lang='lat' dir='ltr'><strong>vos</strong></span> <span class='ocrx_word' id='word_1_313' title='bbox 2575 2061 2753 2108; x_wconf 87' lang='lat' dir='ltr'><strong>autem</strong></span> <span class='ocrx_word' id='word_1_314' title='bbox 2789 2049 3258 2115; x_wconf 70' lang='lat' dir='ltr'><strong>consuetudinem,</strong></span> <span class='ocrx_word' id='word_1_315' title='bbox 3281 2062 3401 2117; x_wconf 82' lang='lat' dir='ltr'><strong>qua:</strong></span> 
     </span>
    </p>
   </div>
   <div class='ocr_carea' id='block_1_45' title="bbox 1812 2142 3404 2223">
    <p class='ocr_par' dir='ltr' id='par_1_45' title="bbox 1812 2142 3404 2223">
     <span class='ocr_line' id='line_1_45' title="bbox 1812 2142 3404 2223; baseline -0.009 -13"><span class='ocrx_word' id='word_1_316' title='bbox 1812 2154 2122 2210; x_wconf 72' lang='lat' dir='ltr'><strong>obtinuerat</strong></span> <span class='ocrx_word' id='word_1_317' title='bbox 2171 2150 2313 2221; x_wconf 85' lang='lat' dir='ltr'><strong>apud</strong></span> <span class='ocrx_word' id='word_1_318' title='bbox 2363 2162 2481 2214; x_wconf 89' lang='lat' dir='ltr'><strong>vos,</strong></span> <span class='ocrx_word' id='word_1_319' title='bbox 2534 2145 2923 2213; x_wconf 88' lang='lat' dir='ltr'><strong>imminuistis;</strong></span> <span class='ocrx_word' id='word_1_320' title='bbox 2986 2158 3050 2197; x_wconf 88' lang='lat' dir='ltr'><strong>ac</strong></span> <span class='ocrx_word' id='word_1_321' title='bbox 3096 2142 3404 2223; x_wconf 76' lang='lat' dir='ltr'><strong>convenitis</strong></span> 
     </span>
    </p>
   </div>
   <div class='ocr_carea' id='block_1_46' title="bbox 1814 2231 3399 2317">
    <p class='ocr_par' dir='ltr' id='par_1_46' title="bbox 1814 2231 3399 2317">
     <span class='ocr_line' id='line_1_46' title="bbox 1814 2231 3399 2317; baseline -0.011 -15"><span class='ocrx_word' id='word_1_322' title='bbox 1814 2245 2031 2317; x_wconf 86' lang='lat' dir='ltr'><strong>quidem</strong></span> <span class='ocrx_word' id='word_1_323' title='bbox 2082 2244 2139 2299; x_wconf 90' lang='lat' dir='ltr'><strong>in</strong></span> <span class='ocrx_word' id='word_1_324' title='bbox 2182 2256 2286 2297; x_wconf 85' lang='lat' dir='ltr'><strong>una</strong></span> <span class='ocrx_word' id='word_1_325' title='bbox 2332 2239 2596 2303; x_wconf 80' lang='lat' dir='ltr'><strong>Ecclesia,</strong></span> <span class='ocrx_word' id='word_1_326' title='bbox 2640 2252 2747 2294; x_wconf 90' lang='lat' dir='ltr'><strong>non</strong></span> <span class='ocrx_word' id='word_1_327' title='bbox 2786 2246 2963 2290; x_wconf 87' lang='lat' dir='ltr'><strong>tamen</strong></span> <span class='ocrx_word' id='word_1_328' title='bbox 3003 2243 3062 2287; x_wconf 94' lang='lat' dir='ltr'><strong>ut</strong></span> <span class='ocrx_word' id='word_1_329' title='bbox 3091 2231 3252 2289; x_wconf 89' lang='lat' dir='ltr'><strong>simul</strong></span> <span class='ocrx_word' id='word_1_330' title='bbox 3280 2244 3399 2286; x_wconf 67' lang='lat' dir='ltr'><strong>coe-</strong></span> 
     </span>
    </p>
   </div>
   <div class='ocr_carea' id='block_1_47' title="bbox 1817 2325 3402 2408">
    <p class='ocr_par' dir='ltr' id='par_1_47' title="bbox 1817 2325 3402 2408">
     <span class='ocr_line' id='line_1_47' title="bbox 1817 2325 3402 2408; baseline -0.011 -12"><span class='ocrx_word' id='word_1_331' title='bbox 1817 2340 1978 2396; x_wconf 87' lang='lat' dir='ltr'><strong>netis.</strong></span> <span class='ocrx_word' id='word_1_332' title='bbox 2020 2337 2136 2394; x_wconf 77' lang='lat' dir='ltr'><strong>Hoc</strong></span> <span class='ocrx_word' id='word_1_333' title='bbox 2188 2336 2351 2408; x_wconf 83' lang='lat' dir='ltr'><strong>igitur</strong></span> <span class='ocrx_word' id='word_1_334' title='bbox 2383 2343 2469 2390; x_wconf 86' lang='lat' dir='ltr'><strong>est</strong></span> <span class='ocrx_word' id='word_1_335' title='bbox 2511 2350 2532 2385; x_wconf 77' lang='grc' dir='ltr'><strong>ι</strong></span> <span class='ocrx_word' id='word_1_336' title='bbox 2570 2330 2836 2396; x_wconf 89' lang='lat' dir='ltr'><strong>Deterius,</strong></span> <span class='ocrx_word' id='word_1_337' title='bbox 2875 2348 2894 2381; x_wconf 83' lang='grc'><strong>›</strong></span> <span class='ocrx_word' id='word_1_338' title='bbox 2939 2328 2989 2383; x_wconf 84' lang='lat' dir='ltr'><strong>id</strong></span> <span class='ocrx_word' id='word_1_339' title='bbox 3026 2335 3132 2392; x_wconf 86' lang='lat' dir='ltr'><strong>est,</strong></span> <span class='ocrx_word' id='word_1_340' title='bbox 3183 2325 3237 2381; x_wconf 92' lang='lat' dir='ltr'><strong>in</strong></span> <span class='ocrx_word' id='word_1_341' title='bbox 3292 2338 3402 2394; x_wconf 88' lang='lat' dir='ltr'><strong>quo</strong></span> 
     </span>
    </p>
   </div>
   <div class='ocr_carea' id='block_1_48' title="bbox 1817 2432 2068 2489">
    <p class='ocr_par' dir='ltr' id='par_1_48' title="bbox 1817 2432 2068 2489">
     <span class='ocr_line' id='line_1_48' title="bbox 1817 2432 2068 2489; baseline -0.016 0"><span class='ocrx_word' id='word_1_342' title='bbox 1817 2432 2068 2489; x_wconf 74' lang='lat' dir='ltr'><strong>deﬁnitis.</strong></span> 
     </span>
    </p>
   </div>
   <div class='ocr_carea' id='block_1_49' title="bbox 1891 2448 3402 2590">
    <p class='ocr_par' dir='ltr' id='par_1_49' title="bbox 1891 2448 3402 2590">
     <span class='ocr_line' id='line_1_49' title="bbox 1891 2448 2068 2488; baseline -0.011 -1"><span class='ocrx_word' id='word_1_343' title='bbox 1891 2448 2068 2488; x_wconf 76' lang='lat' dir='ltr'><strong>IIClllS.</strong></span> 
     </span>
     <span class='ocr_line' id='line_1_50' title="bbox 1891 2511 3402 2590; baseline -0.01 -9"><span class='ocrx_word' id='word_1_344' title='bbox 1891 2526 2056 2581; x_wconf 69' lang='lat' dir='ltr'><strong>Vnus.</strong></span> <span class='ocrx_word' id='word_1_345' title='bbox 2088 2524 2178 2582; x_wconf 82' lang='lat' dir='ltr'><strong>l8.</strong></span> <span class='ocrx_word' id='word_1_346' title='bbox 2211 2542 2230 2576; x_wconf 76' lang='grc' dir='ltr'><strong>ι</strong></span> <span class='ocrx_word' id='word_1_347' title='bbox 2265 2522 2509 2578; x_wconf 88' lang='lat' dir='ltr'><strong>Primum</strong></span> <span class='ocrx_word' id='word_1_348' title='bbox 2539 2517 2763 2590; x_wconf 83' lang='lat' dir='ltr'><strong>quidem</strong></span> <span class='ocrx_word' id='word_1_349' title='bbox 2784 2512 3232 2571; x_wconf 86' lang='lat' dir='ltr'><strong>convenientibus</strong></span> <span class='ocrx_word' id='word_1_350' title='bbox 3246 2511 3402 2567; x_wconf 86' lang='lat' dir='ltr'><strong>vobis</strong></span> 
     </span>
    </p>
   </div>
   <div class='ocr_carea' id='block_1_50' title="bbox 1816 2603 3396 2684">
    <p class='ocr_par' dir='ltr' id='par_1_50' title="bbox 1816 2603 3396 2684">
     <span class='ocr_line' id='line_1_51' title="bbox 1816 2603 3396 2684; baseline -0.009 -11"><span class='ocrx_word' id='word_1_351' title='bbox 1816 2619 1870 2674; x_wconf 92' lang='lat' dir='ltr'><strong>in</strong></span> <span class='ocrx_word' id='word_1_352' title='bbox 1901 2619 2166 2684; x_wconf 87' lang='lat' dir='ltr'><strong>Ecclesia,</strong></span> <span class='ocrx_word' id='word_1_353' title='bbox 2215 2617 2373 2672; x_wconf 89' lang='lat' dir='ltr'><strong>audio</strong></span> <span class='ocrx_word' id='word_1_354' title='bbox 2409 2614 2700 2669; x_wconf 87' lang='lat' dir='ltr'><strong>schismata</strong></span> <span class='ocrx_word' id='word_1_355' title='bbox 2733 2611 2872 2664; x_wconf 87' lang='lat' dir='ltr'><strong>inter</strong></span> <span class='ocrx_word' id='word_1_356' title='bbox 2908 2623 3004 2663; x_wconf 86' lang='lat' dir='ltr'><strong>vos</strong></span> <span class='ocrx_word' id='word_1_357' title='bbox 3036 2622 3178 2662; x_wconf 82' lang='lat' dir='ltr'><strong>esse.</strong></span> <span class='ocrx_word' id='word_1_358' title='bbox 3220 2623 3239 2658; x_wconf 78' lang='grc' dir='ltr'><strong>ι</strong></span> <span class='ocrx_word' id='word_1_359' title='bbox 3277 2603 3396 2659; x_wconf 87' lang='lat' dir='ltr'><strong>Non</strong></span> 
     </span>
    </p>
   </div>
   <div class='ocr_carea' id='block_1_51' title="bbox 152 2695 1715 2800">
    <p class='ocr_par' dir='ltr' id='par_1_51' title="bbox 152 2695 1715 2800">
     <span class='ocr_line' id='line_1_52' title="bbox 152 2695 1715 2800; baseline 0.001 -22"><span class='ocrx_word' id='word_1_360' title='bbox 152 2695 221 2791; x_wconf 71' lang='grc' dir='ltr'><strong>εἰς</strong></span> <span class='ocrx_word' id='word_1_361' title='bbox 237 2695 326 2781; x_wconf 73' lang='grc' dir='ltr'><strong>τὸν</strong></span> <span class='ocrx_word' id='word_1_362' title='bbox 359 2729 495 2800; x_wconf 72' lang='grc' dir='ltr'><strong>περὶ</strong></span> <span class='ocrx_word' id='word_1_363' title='bbox 700 2695 994 2800; x_wconf 77' lang='grc' dir='ltr'><strong>τραπεζῶν</strong></span> <span class='ocrx_word' id='word_1_364' title='bbox 1046 2695 1206 2797; x_wconf 62' lang='grc' dir='ltr'><strong>λόγον</strong></span> <span class='ocrx_word' id='word_1_365' title='bbox 1256 2725 1552 2792; x_wconf 77' lang='grc' dir='ltr'><strong>εἰσϐάλλει,</strong></span> <span class='ocrx_word' id='word_1_366' title='bbox 1579 2695 1715 2782; x_wconf 73' lang='grc' dir='ltr'><strong>ἀλλά</strong></span> 
     </span>
    </p>
   </div>
   <div class='ocr_carea' id='block_1_52' title="bbox 1854 2695 3403 2800">
    <p class='ocr_par' dir='ltr' id='par_1_52' title="bbox 1854 2695 3403 2783">
     <span class='ocr_line' id='line_1_53' title="bbox 1854 2695 3403 2783; baseline -0.013 -15"><span class='ocrx_word' id='word_1_367' title='bbox 1854 2713 2003 2768; x_wconf 82' lang='lat' dir='ltr'><strong>latim</strong></span> <span class='ocrx_word' id='word_1_368' title='bbox 2058 2710 2370 2783; x_wconf 79' lang='lat' dir='ltr'><strong>aggreditur</strong></span> <span class='ocrx_word' id='word_1_369' title='bbox 2426 2716 2734 2763; x_wconf 85' lang='lat' dir='ltr'><strong>sermonem</strong></span> <span class='ocrx_word' id='word_1_370' title='bbox 2768 2702 2836 2756; x_wconf 87' lang='lat' dir='ltr'><strong>de</strong></span> <span class='ocrx_word' id='word_1_371' title='bbox 2878 2697 3102 2764; x_wconf 90' lang='lat' dir='ltr'><strong>mensis,</strong></span> <span class='ocrx_word' id='word_1_372' title='bbox 3127 2696 3225 2753; x_wconf 86' lang='lat' dir='ltr'><strong>sed</strong></span> <span class='ocrx_word' id='word_1_373' title='bbox 3249 2695 3403 2768; x_wconf 85' lang='lat' dir='ltr'><strong>prius</strong></span> 
     </span>
    </p>
   </div>
   <div class='ocr_carea' id='block_1_53' title="bbox 151 2793 1715 2893">
    <p class='ocr_par' dir='ltr' id='par_1_53' title="bbox 151 2793 1715 2893">
     <span class='ocr_line' id='line_1_54' title="bbox 151 2793 1715 2893; baseline 0 -20"><span class='ocrx_word' id='word_1_374' title='bbox 151 2821 407 2892; x_wconf 82' lang='grc' dir='ltr'><strong>πρότερον</strong></span> <span class='ocrx_word' id='word_1_375' title='bbox 439 2821 666 2893; x_wconf 83' lang='grc' dir='ltr'><strong>πλήττει</strong></span> <span class='ocrx_word' id='word_1_376' title='bbox 711 2793 933 2888; x_wconf 75' lang='grc' dir='ltr'><strong>αὐτοὺς,</strong></span> <span class='ocrx_word' id='word_1_377' title='bbox 964 2822 1047 2875; x_wconf 78' lang='grc' dir='ltr'><strong>ὅτι</strong></span> <span class='ocrx_word' id='word_1_378' title='bbox 1093 2793 1369 2892; x_wconf 50' lang='grc' dir='ltr'><strong>σγίσματα</strong></span> <span class='ocrx_word' id='word_1_379' title='bbox 1424 2821 1482 2873; x_wconf 82' lang='grc' dir='ltr'><strong>ὲν</strong></span> <span class='ocrx_word' id='word_1_380' title='bbox 1531 2820 1715 2884; x_wconf 82' lang='grc' dir='ltr'><strong>αὐτοῖς</strong></span> 
     </span>
    </p>
   </div>
   <div class='ocr_carea' id='block_1_54' title="bbox 1854 2793 3406 2893">
    <p class='ocr_par' dir='ltr' id='par_1_54' title="bbox 1856 2793 3406 2874">
     <span class='ocr_line' id='line_1_55' title="bbox 1856 2793 3406 2874; baseline -0.013 -12"><span class='ocrx_word' id='word_1_381' title='bbox 1856 2819 1916 2861; x_wconf 85' lang='grc' dir='ltr'><strong>οε</strong></span> <span class='ocrx_word' id='word_1_382' title='bbox 1973 2805 2119 2869; x_wconf 83' lang='lat' dir='ltr'><strong>ferit,</strong></span> <span class='ocrx_word' id='word_1_383' title='bbox 2179 2801 2320 2874; x_wconf 89' lang='lat' dir='ltr'><strong>quod</strong></span> <span class='ocrx_word' id='word_1_384' title='bbox 2353 2799 2649 2856; x_wconf 88' lang='lat' dir='ltr'><strong>schismata</strong></span> <span class='ocrx_word' id='word_1_385' title='bbox 2702 2793 2845 2850; x_wconf 86' lang='lat' dir='ltr'><strong>inter</strong></span> <span class='ocrx_word' id='word_1_386' title='bbox 2874 2806 2971 2849; x_wconf 91' lang='lat' dir='ltr'><strong>eos</strong></span> <span class='ocrx_word' id='word_1_387' title='bbox 3013 2799 3196 2847; x_wconf 88' lang='lat' dir='ltr'><strong>essent</strong></span> <span class='ocrx_word' id='word_1_388' title='bbox 3229 2805 3244 2845; x_wconf 90' lang='lat'><strong>:</strong></span> <span class='ocrx_word' id='word_1_389' title='bbox 3276 2801 3406 2844; x_wconf 80' lang='lat' dir='ltr'><strong>nam</strong></span> 
     </span>
    </p>
   </div>
   <div class='ocr_carea' id='block_1_55' title="bbox 152 2883 1715 2985">
    <p class='ocr_par' dir='ltr' id='par_1_55' title="bbox 152 2883 1715 2985">
     <span class='ocr_line' id='line_1_56' title="bbox 152 2883 1715 2985; baseline 0.003 -23"><span class='ocrx_word' id='word_1_390' title='bbox 152 2883 264 2965; x_wconf 69' lang='lat' dir='ltr'><strong>sict.</strong></span> <span class='ocrx_word' id='word_1_391' title='bbox 296 2883 414 2966; x_wconf 63' lang='lat' dir='ltr'><strong>lia!</strong></span> <span class='ocrx_word' id='word_1_392' title='bbox 445 2883 556 2983; x_wconf 82' lang='grc' dir='ltr'><strong>γὰρ</strong></span> <span class='ocrx_word' id='word_1_393' title='bbox 605 2911 776 2977; x_wconf 75' lang='grc' dir='ltr'><strong>ὅντως</strong></span> <span class='ocrx_word' id='word_1_394' title='bbox 823 2883 962 2967; x_wconf 48' lang='lat' dir='ltr'><strong>ore}.</strong></span> <span class='ocrx_word' id='word_1_395' title='bbox 994 2883 1392 2985; x_wconf 58' lang='grc' dir='ltr'><strong>ἀπεσξῃσμένοι</strong></span> <span class='ocrx_word' id='word_1_396' title='bbox 1438 2906 1602 2983; x_wconf 80' lang='grc' dir='ltr'><strong>ἦσαν,</strong></span> <span class='ocrx_word' id='word_1_397' title='bbox 1629 2883 1715 2966; x_wconf 69' lang='grc' dir='ltr'><strong>διά</strong></span> 
     </span>
    </p>
   </div>
   <div class='ocr_carea' id='block_1_56' title="bbox 1854 2883 3408 2985">
    <p class='ocr_par' dir='ltr' id='par_1_56' title="bbox 1854 2883 3408 2967">
     <span class='ocr_line' id='line_1_57' title="bbox 1854 2883 3408 2967; baseline -0.012 -12"><span class='ocrx_word' id='word_1_398' title='bbox 1854 2914 2009 2955; x_wconf 81' lang='lat' dir='ltr'><strong>evera</strong></span> <span class='ocrx_word' id='word_1_399' title='bbox 2066 2897 2193 2967; x_wconf 84' lang='lat' dir='ltr'><strong>quia</strong></span> <span class='ocrx_word' id='word_1_400' title='bbox 2240 2892 2401 2949; x_wconf 80' lang='lat' dir='ltr'><strong>divisi</strong></span> <span class='ocrx_word' id='word_1_401' title='bbox 2458 2898 2638 2955; x_wconf 90' lang='lat' dir='ltr'><strong>erant,</strong></span> <span class='ocrx_word' id='word_1_402' title='bbox 2683 2886 2887 2944; x_wconf 88' lang='lat' dir='ltr'><strong>idcirco</strong></span> <span class='ocrx_word' id='word_1_403' title='bbox 2944 2883 3196 2954; x_wconf 78' lang='lat' dir='ltr'><strong>privatim</strong></span> <span class='ocrx_word' id='word_1_404' title='bbox 3240 2897 3408 2938; x_wconf 88' lang='lat' dir='ltr'><strong>unus-</strong></span> 
     </span>
    </p>
   </div>
   <div class='ocr_carea' id='block_1_57' title="bbox 153 2985 1715 3077">
    <p class='ocr_par' dir='ltr' id='par_1_57' title="bbox 153 3003 944 3077">
     <span class='ocr_line' id='line_1_58' title="bbox 153 3003 944 3077; baseline 0.006 -21"><span class='ocrx_word' id='word_1_405' title='bbox 153 3003 294 3057; x_wconf 78' lang='grc' dir='ltr'><strong>τοῦτο</strong></span> <span class='ocrx_word' id='word_1_406' title='bbox 325 3004 443 3077; x_wconf 75' lang='grc' dir='ltr'><strong>ἰδίᾳ</strong></span> <span class='ocrx_word' id='word_1_407' title='bbox 470 3005 660 3077; x_wconf 74' lang='grc' dir='ltr'><strong>ἤσθιον</strong></span> <span class='ocrx_word' id='word_1_408' title='bbox 688 3005 944 3071; x_wconf 78' lang='grc' dir='ltr'><strong>ἕκαστος.</strong></span> 
     </span>
    </p>
   </div>
   <div class='ocr_carea' id='block_1_58' title="bbox 1854 2985 2298 3077">
    <p class='ocr_par' dir='ltr' id='par_1_58' title="bbox 1854 2985 2298 3060">
     <span class='ocr_line' id='line_1_59' title="bbox 1854 2985 2298 3060; baseline -0.009 -17"><span class='ocrx_word' id='word_1_409' title='bbox 1854 2988 2053 3060; x_wconf 39' lang='grc' dir='ltr'><strong>ιυίεηιιε</strong></span> <span class='ocrx_word' id='word_1_410' title='bbox 2082 2985 2298 3043; x_wconf 83' lang='lat' dir='ltr'><strong>edebat.</strong></span> 
     </span>
    </p>
   </div>
   <div class='ocr_carea' id='block_1_59' title="bbox 217 3063 1715 3170">
    <p class='ocr_par' dir='ltr' id='par_1_59' title="bbox 217 3063 1715 3170">
     <span class='ocr_line' id='line_1_60' title="bbox 217 3063 1715 3170; baseline 0.002 -22"><span class='ocrx_word' id='word_1_411' title='bbox 217 3115 235 3148; x_wconf 82' lang='grc' dir='ltr'><strong>ι</strong></span> <span class='ocrx_word' id='word_1_412' title='bbox 271 3097 387 3151; x_wconf 70' lang='grc' dir='ltr'><strong>Καὶ</strong></span> <span class='ocrx_word' id='word_1_413' title='bbox 415 3063 586 3168; x_wconf 70' lang='grc' dir='ltr'><strong>μέρος</strong></span> <span class='ocrx_word' id='word_1_414' title='bbox 617 3115 669 3151; x_wconf 87' lang='grc' dir='ltr'><strong>τι</strong></span> <span class='ocrx_word' id='word_1_415' title='bbox 712 3063 974 3151; x_wconf 65' lang='grc' dir='ltr'><strong>πιστεύω.</strong></span> <span class='ocrx_word' id='word_1_416' title='bbox 1018 3116 1036 3151; x_wconf 70' lang='grc' dir='ltr'><strong>ι</strong></span> <span class='ocrx_word' id='word_1_417' title='bbox 1093 3098 1215 3153; x_wconf 86' lang='grc' dir='ltr'><strong>Ἵνα</strong></span> <span class='ocrx_word' id='word_1_418' title='bbox 1271 3097 1346 3170; x_wconf 85' lang='grc' dir='ltr'><strong>μὴ</strong></span> <span class='ocrx_word' id='word_1_419' title='bbox 1386 3099 1620 3152; x_wconf 65' lang='grc' dir='ltr'><strong>εἴπωσι·</strong></span> <span class='ocrx_word' id='word_1_420' title='bbox 1652 3098 1715 3151; x_wconf 80' lang='grc' dir='ltr'><strong>Τί</strong></span> 
     </span>
    </p>
   </div>
   <div class='ocr_carea' id='block_1_60' title="bbox 1854 3063 3403 3170">
    <p class='ocr_par' dir='ltr' id='par_1_60' title="bbox 1903 3063 3403 3146">
     <span class='ocr_line' id='line_1_61' title="bbox 1903 3063 3403 3146; baseline -0.011 -13"><span class='ocrx_word' id='word_1_421' title='bbox 1903 3097 1923 3133; x_wconf 82' lang='grc' dir='ltr'><strong>ι</strong></span> <span class='ocrx_word' id='word_1_422' title='bbox 1972 3078 2039 3132; x_wconf 83' lang='grc' dir='ltr'><strong>Ει</strong></span> <span class='ocrx_word' id='word_1_423' title='bbox 2084 3092 2150 3134; x_wconf 82' lang='lat' dir='ltr'><strong>ex</strong></span> <span class='ocrx_word' id='word_1_424' title='bbox 2202 3084 2357 3146; x_wconf 84' lang='lat' dir='ltr'><strong>parte</strong></span> <span class='ocrx_word' id='word_1_425' title='bbox 2394 3073 2577 3130; x_wconf 78' lang='lat' dir='ltr'><strong>credo.</strong></span> <span class='ocrx_word' id='word_1_426' title='bbox 2611 3089 2632 3124; x_wconf 76' lang='grc' dir='ltr'><strong>ι</strong></span> <span class='ocrx_word' id='word_1_427' title='bbox 2671 3067 2749 3124; x_wconf 84' lang='lat' dir='ltr'><strong>Ne</strong></span> <span class='ocrx_word' id='word_1_428' title='bbox 2792 3066 2997 3133; x_wconf 87' lang='lat' dir='ltr'><strong>dicant,</strong></span> <span class='ocrx_word' id='word_1_429' title='bbox 3034 3063 3175 3130; x_wconf 84' lang='lat' dir='ltr'><strong>Quid</strong></span> <span class='ocrx_word' id='word_1_430' title='bbox 3221 3068 3403 3118; x_wconf 85' lang='lat' dir='ltr'><strong>autem</strong></span> 
     </span>
    </p>
   </div>
   <div class='ocr_carea' id='block_1_61' title="bbox 155 3155 1715 3260">
    <p class='ocr_par' dir='ltr' id='par_1_61' title="bbox 155 3187 1715 3260">
     <span class='ocr_line' id='line_1_62' title="bbox 155 3187 1715 3260; baseline -0.001 -18"><span class='ocrx_word' id='word_1_431' title='bbox 155 3189 249 3260; x_wconf 67' lang='grc' dir='ltr'><strong>γάρ</strong></span> <span class='ocrx_word' id='word_1_432' title='bbox 268 3191 314 3243; x_wconf 83' lang='grc' dir='ltr'><strong>εἰ</strong></span> <span class='ocrx_word' id='word_1_433' title='bbox 332 3189 628 3260; x_wconf 74' lang='grc' dir='ltr'><strong>ψεύδονται</strong></span> <span class='ocrx_word' id='word_1_434' title='bbox 657 3190 707 3244; x_wconf 81' lang='grc' dir='ltr'><strong>οί</strong></span> <span class='ocrx_word' id='word_1_435' title='bbox 732 3189 1110 3253; x_wconf 76' lang='grc' dir='ltr'><strong>διαϐάλλοντες</strong></span> <span class='ocrx_word' id='word_1_436' title='bbox 1130 3206 1146 3256; x_wconf 89' lang='grc'><strong>;</strong></span> <span class='ocrx_word' id='word_1_437' title='bbox 1168 3188 1317 3255; x_wconf 77' lang='grc' dir='ltr'><strong>οὔτε,</strong></span> <span class='ocrx_word' id='word_1_438' title='bbox 1345 3189 1427 3242; x_wconf 84' lang='grc' dir='ltr'><strong>ὅτι</strong></span> <span class='ocrx_word' id='word_1_439' title='bbox 1448 3187 1715 3251; x_wconf 83' lang='grc' dir='ltr'><strong>Πιστεύω,</strong></span> 
     </span>
    </p>
   </div>
   <div class='ocr_carea' id='block_1_62' title="bbox 1854 3155 3406 3260">
    <p class='ocr_par' dir='ltr' id='par_1_62' title="bbox 1854 3155 3406 3226">
     <span class='ocr_line' id='line_1_63' title="bbox 1854 3155 3406 3226; baseline -0.006 -5"><span class='ocrx_word' id='word_1_440' title='bbox 1854 3171 1877 3225; x_wconf 84' lang='lat' dir='ltr'><strong>.i</strong></span> <span class='ocrx_word' id='word_1_441' title='bbox 1932 3169 2262 3225; x_wconf 85' lang='lat' dir='ltr'><strong>mentiuntur</strong></span> <span class='ocrx_word' id='word_1_442' title='bbox 2303 3163 2723 3221; x_wconf 88' lang='lat' dir='ltr'><strong>calumniatores</strong></span> <span class='ocrx_word' id='word_1_443' title='bbox 2769 3155 3188 3226; x_wconf 74' lang='lat' dir='ltr'><strong>nostri‘iNeque</strong></span> <span class='ocrx_word' id='word_1_444' title='bbox 3221 3155 3406 3220; x_wconf 84' lang='lat' dir='ltr'><strong>credo,</strong></span> 
     </span>
    </p>
   </div>
   <div class='ocr_carea' id='block_1_63' title="bbox 155 3279 1724 3356">
    <p class='ocr_par' dir='ltr' id='par_1_63' title="bbox 155 3279 1724 3356">
     <span class='ocr_line' id='line_1_64' title="bbox 155 3279 1724 3356; baseline -0.001 -19"><span class='ocrx_word' id='word_1_445' title='bbox 155 3279 313 3350; x_wconf 71' lang='grc' dir='ltr'><strong>εἶπεν,</strong></span> <span class='ocrx_word' id='word_1_446' title='bbox 357 3287 445 3339; x_wconf 83' lang='grc' dir='ltr'><strong>ἵνα</strong></span> <span class='ocrx_word' id='word_1_447' title='bbox 487 3284 564 3356; x_wconf 82' lang='grc' dir='ltr'><strong>μὴ</strong></span> <span class='ocrx_word' id='word_1_448' title='bbox 610 3284 1133 3356; x_wconf 86' lang='grc' dir='ltr'><strong>ἀναισχυντοτέρους</strong></span> <span class='ocrx_word' id='word_1_449' title='bbox 1181 3283 1426 3356; x_wconf 79' lang='grc' dir='ltr'><strong>ποιήσῃ·</strong></span> <span class='ocrx_word' id='word_1_450' title='bbox 1461 3280 1608 3348; x_wconf 76' lang='grc' dir='ltr'><strong>οὒτε,</strong></span> <span class='ocrx_word' id='word_1_451' title='bbox 1642 3282 1724 3335; x_wconf 82' lang='grc' dir='ltr'><strong>ὅτι</strong></span> 
     </span>
    </p>
   </div>
   <div class='ocr_carea' id='block_1_64' title="bbox 164 3377 1724 3453">
    <p class='ocr_par' dir='ltr' id='par_1_64' title="bbox 164 3377 1724 3453">
     <span class='ocr_line' id='line_1_65' title="bbox 164 3377 1724 3453; baseline -0.003 -19"><span class='ocrx_word' id='word_1_452' title='bbox 164 3381 418 3448; x_wconf 73' lang='grc' dir='ltr'><strong>Ἀπεστῶ,</strong></span> <span class='ocrx_word' id='word_1_453' title='bbox 453 3380 543 3434; x_wconf 83' lang='grc' dir='ltr'><strong>ἵνα</strong></span> <span class='ocrx_word' id='word_1_454' title='bbox 586 3380 662 3453; x_wconf 80' lang='grc' dir='ltr'><strong>μὴ</strong></span> <span class='ocrx_word' id='word_1_455' title='bbox 695 3380 822 3451; x_wconf 73' lang='grc' dir='ltr'><strong>δόξῃ</strong></span> <span class='ocrx_word' id='word_1_456' title='bbox 866 3378 1046 3453; x_wconf 81' lang='grc' dir='ltr'><strong>μάτην</strong></span> <span class='ocrx_word' id='word_1_457' title='bbox 1081 3378 1343 3450; x_wconf 80' lang='grc' dir='ltr'><strong>ἐπιτιμᾷν</strong></span> <span class='ocrx_word' id='word_1_458' title='bbox 1367 3395 1382 3409; x_wconf 94' lang='grc'><strong>·</strong></span> <span class='ocrx_word' id='word_1_459' title='bbox 1412 3377 1573 3444; x_wconf 80' lang='grc' dir='ltr'><strong>ἀλλὰ,</strong></span> <span class='ocrx_word' id='word_1_460' title='bbox 1614 3377 1724 3430; x_wconf 81' lang='lat' dir='ltr'><strong>Mt-</strong></span> 
     </span>
    </p>
   </div>
   <div class='ocr_carea' id='block_1_65' title="bbox 157 3467 1726 3546">
    <p class='ocr_par' dir='ltr' id='par_1_65' title="bbox 157 3467 1726 3546">
     <span class='ocr_line' id='line_1_66' title="bbox 157 3467 1726 3546; baseline -0.001 -22"><span class='ocrx_word' id='word_1_461' title='bbox 157 3476 271 3546; x_wconf 80' lang='grc' dir='ltr'><strong>κρόν</strong></span> <span class='ocrx_word' id='word_1_462' title='bbox 291 3491 371 3539; x_wconf 88' lang='grc' dir='ltr'><strong>τι,</strong></span> <span class='ocrx_word' id='word_1_463' title='bbox 403 3471 561 3543; x_wconf 74' lang='grc' dir='ltr'><strong>φησὶ,</strong></span> <span class='ocrx_word' id='word_1_464' title='bbox 599 3473 881 3526; x_wconf 82' lang='grc' dir='ltr'><strong>πιστεύω·</strong></span> <span class='ocrx_word' id='word_1_465' title='bbox 946 3470 1064 3542; x_wconf 73' lang='grc' dir='ltr'><strong>ἅμα</strong></span> <span class='ocrx_word' id='word_1_466' title='bbox 1113 3469 1171 3524; x_wconf 83' lang='grc' dir='ltr'><strong>δὲ</strong></span> <span class='ocrx_word' id='word_1_467' title='bbox 1227 3471 1324 3524; x_wconf 72' lang='grc' dir='ltr'><strong>καὶ</strong></span> <span class='ocrx_word' id='word_1_468' title='bbox 1355 3469 1524 3534; x_wconf 84' lang='grc' dir='ltr'><strong>είκὸς,</strong></span> <span class='ocrx_word' id='word_1_469' title='bbox 1583 3467 1726 3539; x_wconf 76' lang='grc' dir='ltr'><strong>μηδὲ</strong></span> 
     </span>
    </p>
   </div>
   <div class='ocr_carea' id='block_1_66' title="bbox 158 3560 1723 3638">
    <p class='ocr_par' dir='ltr' id='par_1_66' title="bbox 158 3560 1723 3638">
     <span class='ocr_line' id='line_1_67' title="bbox 158 3560 1723 3638; baseline -0.003 -20"><span class='ocrx_word' id='word_1_470' title='bbox 158 3567 351 3631; x_wconf 80' lang='grc' dir='ltr'><strong>πάντας</strong></span> <span class='ocrx_word' id='word_1_471' title='bbox 382 3565 742 3638; x_wconf 81' lang='grc' dir='ltr'><strong>παραϐαίνειν</strong></span> <span class='ocrx_word' id='word_1_472' title='bbox 768 3565 829 3620; x_wconf 80' lang='grc' dir='ltr'><strong>τὸ</strong></span> <span class='ocrx_word' id='word_1_473' title='bbox 860 3564 1001 3631; x_wconf 80' lang='grc' dir='ltr'><strong>ἔθος,</strong></span> <span class='ocrx_word' id='word_1_474' title='bbox 1034 3561 1148 3618; x_wconf 80' lang='grc' dir='ltr'><strong>ἀλλ’</strong></span> <span class='ocrx_word' id='word_1_475' title='bbox 1183 3564 1249 3617; x_wconf 82' lang='grc' dir='ltr'><strong>ὲκ</strong></span> <span class='ocrx_word' id='word_1_476' title='bbox 1302 3562 1503 3635; x_wconf 83' lang='grc' dir='ltr'><strong>μέρους</strong></span> <span class='ocrx_word' id='word_1_477' title='bbox 1551 3560 1723 3625; x_wconf 79' lang='grc' dir='ltr'><strong>τινάς.</strong></span> 
     </span>
    </p>
   </div>
   <div class='ocr_carea' id='block_1_67' title="bbox 229 3728 1728 3805">
    <p class='ocr_par' dir='ltr' id='par_1_67' title="bbox 229 3728 1728 3805">
     <span class='ocr_line' id='line_1_68' title="bbox 229 3728 1728 3805; baseline -0.004 -17"><span class='ocrx_word' id='word_1_478' title='bbox 229 3755 246 3787; x_wconf 81' lang='grc' dir='ltr'><strong>ι</strong></span> <span class='ocrx_word' id='word_1_479' title='bbox 283 3736 382 3788; x_wconf 77' lang='grc' dir='ltr'><strong>Δεῖ</strong></span> <span class='ocrx_word' id='word_1_480' title='bbox 421 3734 532 3804; x_wconf 76' lang='grc' dir='ltr'><strong>γὰρ</strong></span> <span class='ocrx_word' id='word_1_481' title='bbox 561 3735 656 3788; x_wconf 73' lang='grc' dir='ltr'><strong>καὶ</strong></span> <span class='ocrx_word' id='word_1_482' title='bbox 701 3733 944 3805; x_wconf 78' lang='grc' dir='ltr'><strong>αἱρέσεις</strong></span> <span class='ocrx_word' id='word_1_483' title='bbox 994 3734 1052 3786; x_wconf 82' lang='grc' dir='ltr'><strong>ἐν</strong></span> <span class='ocrx_word' id='word_1_484' title='bbox 1090 3732 1221 3803; x_wconf 79' lang='grc' dir='ltr'><strong>ὑμῖν</strong></span> <span class='ocrx_word' id='word_1_485' title='bbox 1247 3728 1411 3788; x_wconf 80' lang='grc' dir='ltr'><strong>εἶναι.</strong></span> <span class='ocrx_word' id='word_1_486' title='bbox 1460 3749 1479 3782; x_wconf 77' lang='grc' dir='ltr'><strong>ι</strong></span> <span class='ocrx_word' id='word_1_487' title='bbox 1521 3730 1598 3784; x_wconf 67' lang='lat' dir='ltr'><strong>Oti</strong></span> <span class='ocrx_word' id='word_1_488' title='bbox 1626 3728 1728 3794; x_wconf 80' lang='grc' dir='ltr'><strong>τὰς</strong></span> 
     </span>
    </p>
   </div>
   <div class='ocr_carea' id='block_1_68' title="bbox 160 3823 1729 3899">
    <p class='ocr_par' dir='ltr' id='par_1_68' title="bbox 160 3823 1729 3899">
     <span class='ocr_line' id='line_1_69' title="bbox 160 3823 1729 3899; baseline -0.003 -17"><span class='ocrx_word' id='word_1_489' title='bbox 160 3828 256 3883; x_wconf 77' lang='grc' dir='ltr'><strong>τῶν</strong></span> <span class='ocrx_word' id='word_1_490' title='bbox 279 3829 566 3899; x_wconf 80' lang='grc' dir='ltr'><strong>δογμάτων</strong></span> <span class='ocrx_word' id='word_1_491' title='bbox 597 3828 841 3899; x_wconf 79' lang='grc' dir='ltr'><strong>αἱρέσεις</strong></span> <span class='ocrx_word' id='word_1_492' title='bbox 872 3827 1044 3895; x_wconf 82' lang='grc' dir='ltr'><strong>λέγει,</strong></span> <span class='ocrx_word' id='word_1_493' title='bbox 1094 3825 1232 3880; x_wconf 81' lang='grc' dir='ltr'><strong>ἀλλὰ</strong></span> <span class='ocrx_word' id='word_1_494' title='bbox 1268 3825 1368 3889; x_wconf 68' lang='grc' dir='ltr'><strong>τὰς</strong></span> <span class='ocrx_word' id='word_1_495' title='bbox 1399 3823 1512 3878; x_wconf 89' lang='grc' dir='ltr'><strong>τῶν</strong></span> <span class='ocrx_word' id='word_1_496' title='bbox 1550 3823 1729 3878; x_wconf 88' lang='grc' dir='ltr'><strong>τοιού-</strong></span> 
     </span>
    </p>
   </div>
   <div class='ocr_carea' id='block_1_69' title="bbox 161 3914 1728 3991">
    <p class='ocr_par' dir='ltr' id='par_1_69' title="bbox 161 3914 1728 3991">
     <span class='ocr_line' id='line_1_70' title="bbox 161 3914 1728 3991; baseline -0.004 -18"><span class='ocrx_word' id='word_1_497' title='bbox 161 3938 256 3974; x_wconf 86' lang='grc' dir='ltr'><strong>των</strong></span> <span class='ocrx_word' id='word_1_498' title='bbox 294 3922 633 3991; x_wconf 83' lang='grc' dir='ltr'><strong>σχισμάτων,</strong></span> <span class='ocrx_word' id='word_1_499' title='bbox 661 3919 761 3982; x_wconf 70' lang='grc' dir='ltr'><strong>τὰς</strong></span> <span class='ocrx_word' id='word_1_500' title='bbox 796 3916 925 3990; x_wconf 79' lang='grc' dir='ltr'><strong>περὶ</strong></span> <span class='ocrx_word' id='word_1_501' title='bbox 954 3916 1063 3971; x_wconf 84' lang='grc' dir='ltr'><strong>τῶν</strong></span> <span class='ocrx_word' id='word_1_502' title='bbox 1093 3914 1405 3987; x_wconf 79' lang='grc' dir='ltr'><strong>τραπεζῶν.</strong></span> <span class='ocrx_word' id='word_1_503' title='bbox 1427 3914 1494 3968; x_wconf 84' lang='grc' dir='ltr'><strong>Τί</strong></span> <span class='ocrx_word' id='word_1_504' title='bbox 1520 3914 1576 3968; x_wconf 87' lang='grc' dir='ltr'><strong>δέ</strong></span> <span class='ocrx_word' id='word_1_505' title='bbox 1610 3915 1728 3968; x_wconf 79' lang='grc' dir='ltr'><strong>ἐστι</strong></span> 
     </span>
    </p>
   </div>
   <div class='ocr_carea' id='block_1_70' title="bbox 162 4005 1725 4082">
    <p class='ocr_par' dir='ltr' id='par_1_70' title="bbox 162 4005 1725 4082">
     <span class='ocr_line' id='line_1_71' title="bbox 162 4005 1725 4082; baseline -0.003 -19"><span class='ocrx_word' id='word_1_506' title='bbox 162 4012 234 4077; x_wconf 76' lang='grc' dir='ltr'><strong>τὸ,</strong></span> <span class='ocrx_word' id='word_1_507' title='bbox 265 4031 283 4063; x_wconf 77' lang='grc' dir='ltr'><strong>ι</strong></span> <span class='ocrx_word' id='word_1_508' title='bbox 323 4013 446 4079; x_wconf 83' lang='grc' dir='ltr'><strong>Δεί;</strong></span> <span class='ocrx_word' id='word_1_509' title='bbox 488 4031 506 4064; x_wconf 77' lang='grc' dir='ltr'><strong>ι</strong></span> <span class='ocrx_word' id='word_1_510' title='bbox 541 4012 665 4065; x_wconf 74' lang='grc' dir='ltr'><strong>ἀντὶ</strong></span> <span class='ocrx_word' id='word_1_511' title='bbox 692 4009 807 4076; x_wconf 79' lang='grc' dir='ltr'><strong>τοῦ,</strong></span> <span class='ocrx_word' id='word_1_512' title='bbox 851 4009 1147 4080; x_wconf 78' lang='grc' dir='ltr'><strong>ἐνδέχεται,</strong></span> <span class='ocrx_word' id='word_1_513' title='bbox 1181 4009 1214 4082; x_wconf 73' lang='grc' dir='ltr'>ἢ</span> <span class='ocrx_word' id='word_1_514' title='bbox 1241 4007 1358 4072; x_wconf 79' lang='grc' dir='ltr'><strong>καὶ,</strong></span> <span class='ocrx_word' id='word_1_515' title='bbox 1377 4008 1459 4061; x_wconf 83' lang='grc' dir='ltr'><strong>ὅτι</strong></span> <span class='ocrx_word' id='word_1_516' title='bbox 1486 4005 1725 4078; x_wconf 81' lang='grc' dir='ltr'><strong>Ἀνάγκη</strong></span> 
     </span>
    </p>
   </div>
   <div class='ocr_carea' id='block_1_71' title="bbox 165 4097 1724 4175">
    <p class='ocr_par' dir='ltr' id='par_1_71' title="bbox 165 4097 1724 4175">
     <span class='ocr_line' id='line_1_72' title="bbox 165 4097 1724 4175; baseline 0 -23"><span class='ocrx_word' id='word_1_517' title='bbox 165 4101 302 4156; x_wconf 69' lang='grc' dir='ltr'><strong>ἐστὶν</strong></span> <span class='ocrx_word' id='word_1_518' title='bbox 324 4101 646 4175; x_wconf 78' lang='grc' dir='ltr'><strong>ἀνθρώπους</strong></span> <span class='ocrx_word' id='word_1_519' title='bbox 679 4102 840 4164; x_wconf 77' lang='grc' dir='ltr'><strong>ὄντας</strong></span> <span class='ocrx_word' id='word_1_520' title='bbox 864 4101 1010 4170; x_wconf 77' lang='grc' dir='ltr'><strong>ὑμᾶς</strong></span> <span class='ocrx_word' id='word_1_521' title='bbox 1045 4098 1120 4171; x_wconf 81' lang='grc' dir='ltr'><strong>μὴ</strong></span> <span class='ocrx_word' id='word_1_522' title='bbox 1147 4099 1357 4162; x_wconf 82' lang='grc' dir='ltr'><strong>πάντας</strong></span> <span class='ocrx_word' id='word_1_523' title='bbox 1390 4097 1724 4167; x_wconf 83' lang='grc' dir='ltr'><strong>ὀρθοποδεῖν.</strong></span> 
     </span>
    </p>
   </div>
   <div class='ocr_carea' id='block_1_72' title="bbox 166 4189 1732 4264">
    <p class='ocr_par' dir='ltr' id='par_1_72' title="bbox 166 4189 1732 4264">
     <span class='ocr_line' id='line_1_73' title="bbox 166 4189 1732 4264; baseline -0.001 -19"><span class='ocrx_word' id='word_1_524' title='bbox 166 4193 253 4247; x_wconf 66' lang='grc' dir='ltr'><strong>Διὰ</strong></span> <span class='ocrx_word' id='word_1_525' title='bbox 298 4194 459 4248; x_wconf 75' lang='grc' dir='ltr'><strong>τοῦτο</strong></span> <span class='ocrx_word' id='word_1_526' title='bbox 512 4189 607 4249; x_wconf 78' lang='grc' dir='ltr'><strong>οὖν</strong></span> <span class='ocrx_word' id='word_1_527' title='bbox 657 4193 752 4249; x_wconf 73' lang='grc' dir='ltr'><strong>καὶ</strong></span> <span class='ocrx_word' id='word_1_528' title='bbox 798 4194 1044 4247; x_wconf 85' lang='grc' dir='ltr'><strong>πιστεύω</strong></span> <span class='ocrx_word' id='word_1_529' title='bbox 1067 4210 1082 4226; x_wconf 91' lang='grc'><strong>·</strong></span> <span class='ocrx_word' id='word_1_530' title='bbox 1118 4192 1309 4264; x_wconf 82' lang='grc' dir='ltr'><strong>ὥσπερ</strong></span> <span class='ocrx_word' id='word_1_531' title='bbox 1340 4193 1435 4247; x_wconf 72' lang='grc' dir='ltr'><strong>καὶ</strong></span> <span class='ocrx_word' id='word_1_532' title='bbox 1467 4193 1495 4245; x_wconf 76' lang='grc' dir='ltr'><strong>ὁ</strong></span> <span class='ocrx_word' id='word_1_533' title='bbox 1525 4190 1732 4263; x_wconf 78' lang='grc' dir='ltr'><strong>Κύριος</strong></span> 
     </span>
    </p>
   </div>
   <div class='ocr_carea' id='block_1_73' title="bbox 166 4281 1727 4356">
    <p class='ocr_par' dir='ltr' id='par_1_73' title="bbox 166 4281 1727 4356">
     <span class='ocr_line' id='line_1_74' title="bbox 166 4281 1727 4356; baseline -0.002 -17"><span class='ocrx_word' id='word_1_534' title='bbox 166 4281 359 4341; x_wconf 71' lang='grc' dir='ltr'><strong>εἶπενν</strong></span> <span class='ocrx_word' id='word_1_535' title='bbox 381 4305 401 4340; x_wconf 75' lang='grc' dir='ltr'><strong>ι</strong></span> <span class='ocrx_word' id='word_1_536' title='bbox 448 4288 689 4356; x_wconf 82' lang='grc' dir='ltr'><strong>Ἀνάγκη</strong></span> <span class='ocrx_word' id='word_1_537' title='bbox 740 4286 914 4341; x_wconf 76' lang='grc' dir='ltr'><strong>ἐλθεῖν</strong></span> <span class='ocrx_word' id='word_1_538' title='bbox 951 4286 1022 4340; x_wconf 78' lang='grc' dir='ltr'><strong>τὰ</strong></span> <span class='ocrx_word' id='word_1_539' title='bbox 1055 4286 1345 4350; x_wconf 82' lang='grc' dir='ltr'><strong>σκάνδαλα,</strong></span> <span class='ocrx_word' id='word_1_540' title='bbox 1380 4305 1399 4338; x_wconf 73' lang='grc' dir='ltr'><strong>ι</strong></span> <span class='ocrx_word' id='word_1_541' title='bbox 1433 4284 1555 4339; x_wconf 77' lang='grc' dir='ltr'><strong>ἀντὶ</strong></span> <span class='ocrx_word' id='word_1_542' title='bbox 1609 4282 1727 4347; x_wconf 82' lang='grc' dir='ltr'><strong>τοῦ,</strong></span> 
     </span>
    </p>
   </div>
   <div class='ocr_carea' id='block_1_74' title="bbox 176 4377 1732 4452">
    <p class='ocr_par' dir='ltr' id='par_1_74' title="bbox 176 4377 1732 4452">
     <span class='ocr_line' id='line_1_75' title="bbox 176 4377 1732 4452; baseline -0.002 -20"><span class='ocrx_word' id='word_1_543' title='bbox 176 4379 318 4433; x_wconf 71' lang='grc' dir='ltr'><strong>Ἐπεὶ</strong></span> <span class='ocrx_word' id='word_1_544' title='bbox 397 4379 625 4452; x_wconf 67' lang='grc' dir='ltr'><strong>πονηροί</strong></span> <span class='ocrx_word' id='word_1_545' title='bbox 679 4381 818 4433; x_wconf 78' lang='grc' dir='ltr'><strong>εἰσιν</strong></span> <span class='ocrx_word' id='word_1_546' title='bbox 863 4380 921 4432; x_wconf 74' lang='grc' dir='ltr'><strong>ἐν</strong></span> <span class='ocrx_word' id='word_1_547' title='bbox 990 4378 1070 4449; x_wconf 79' lang='grc' dir='ltr'><strong>τῷ</strong></span> <span class='ocrx_word' id='word_1_548' title='bbox 1108 4377 1325 4450; x_wconf 83' lang='grc' dir='ltr'><strong>κόσμῳ,</strong></span> <span class='ocrx_word' id='word_1_549' title='bbox 1377 4377 1593 4450; x_wconf 83' lang='grc' dir='ltr'><strong>ἀνάγκη</strong></span> <span class='ocrx_word' id='word_1_550' title='bbox 1638 4377 1732 4430; x_wconf 78' lang='grc' dir='ltr'><strong>καὶ</strong></span> 
     </span>
    </p>
   </div>
   <div class='ocr_carea' id='block_1_75' title="bbox 169 4471 1049 4545">
    <p class='ocr_par' dir='ltr' id='par_1_75' title="bbox 169 4471 1049 4545">
     <span class='ocr_line' id='line_1_76' title="bbox 169 4471 1049 4545; baseline 0.006 -21"><span class='ocrx_word' id='word_1_551' title='bbox 169 4474 426 4528; x_wconf 79' lang='grc' dir='ltr'><strong>σκάνδαλα</strong></span> <span class='ocrx_word' id='word_1_552' title='bbox 455 4471 619 4541; x_wconf 72' lang='grc' dir='ltr'><strong>εἶναι,</strong></span> <span class='ocrx_word' id='word_1_553' title='bbox 647 4474 740 4528; x_wconf 67' lang='grc' dir='ltr'><strong>καὶ</strong></span> <span class='ocrx_word' id='word_1_554' title='bbox 769 4473 1049 4545; x_wconf 81' lang='grc' dir='ltr'><strong>ἔρχεσθαι.</strong></span> 
     </span>
    </p>
   </div>
   <div class='ocr_carea' id='block_1_76' title="bbox 1831 3247 3387 3330">
    <p class='ocr_par' dir='ltr' id='par_1_76' title="bbox 1831 3247 3387 3330">
     <span class='ocr_line' id='line_1_77' title="bbox 1831 3247 3387 3330; baseline -0.013 -10"><span class='ocrx_word' id='word_1_555' title='bbox 1831 3263 2012 3330; x_wconf 80' lang='lat' dir='ltr'><strong>dixit,</strong></span> <span class='ocrx_word' id='word_1_556' title='bbox 2043 3257 2554 3329; x_wconf 89' lang='lat' dir='ltr'><strong>neimpudentiores</strong></span> <span class='ocrx_word' id='word_1_557' title='bbox 2596 3253 2800 3310; x_wconf 81' lang='lat' dir='ltr'><strong>faciat:</strong></span> <span class='ocrx_word' id='word_1_558' title='bbox 2829 3266 3002 3322; x_wconf 89' lang='lat' dir='ltr'><strong>neque</strong></span> <span class='ocrx_word' id='word_1_559' title='bbox 3041 3264 3151 3305; x_wconf 90' lang='lat' dir='ltr'><strong>non</strong></span> <span class='ocrx_word' id='word_1_560' title='bbox 3187 3247 3387 3312; x_wconf 81' lang='lat' dir='ltr'><strong>credo,</strong></span> 
     </span>
    </p>
   </div>
   <div class='ocr_carea' id='block_1_77' title="bbox 1831 3337 3407 3418">
    <p class='ocr_par' dir='ltr' id='par_1_77' title="bbox 1831 3337 3407 3418">
     <span class='ocr_line' id='line_1_78' title="bbox 1831 3337 3407 3418; baseline -0.015 -4"><span class='ocrx_word' id='word_1_561' title='bbox 1831 3372 1899 3414; x_wconf 88' lang='lat' dir='ltr'><strong>ne</strong></span> <span class='ocrx_word' id='word_1_562' title='bbox 1930 3355 2176 3411; x_wconf 77' lang='lat' dir='ltr'><strong>videatur</strong></span> <span class='ocrx_word' id='word_1_563' title='bbox 2197 3366 2292 3408; x_wconf 91' lang='lat' dir='ltr'><strong>eos</strong></span> <span class='ocrx_word' id='word_1_564' title='bbox 2311 3350 2509 3405; x_wconf 78' lang='lat' dir='ltr'><strong>frustra</strong></span> <span class='ocrx_word' id='word_1_565' title='bbox 2531 3345 2854 3418; x_wconf 76' lang='lat' dir='ltr'><strong>obiurgare;</strong></span> <span class='ocrx_word' id='word_1_566' title='bbox 2884 3343 2982 3399; x_wconf 90' lang='lat' dir='ltr'><strong>sed</strong></span> <span class='ocrx_word' id='word_1_567' title='bbox 3019 3340 3218 3396; x_wconf 86' lang='lat' dir='ltr'><strong>Parum</strong></span> <span class='ocrx_word' id='word_1_568' title='bbox 3243 3337 3407 3410; x_wconf 88' lang='lat' dir='ltr'><strong>quid-</strong></span> 
     </span>
    </p>
   </div>
   <div class='ocr_carea' id='block_1_78' title="bbox 1831 3433 3412 3510">
    <p class='ocr_par' dir='ltr' id='par_1_78' title="bbox 1831 3433 3412 3510">
     <span class='ocr_line' id='line_1_79' title="bbox 1831 3433 3412 3510; baseline -0.013 -7"><span class='ocrx_word' id='word_1_569' title='bbox 1831 3448 1954 3503; x_wconf 85' lang='lat' dir='ltr'><strong>dam</strong></span> <span class='ocrx_word' id='word_1_570' title='bbox 2015 3443 2199 3510; x_wconf 86' lang='lat' dir='ltr'><strong>credo,</strong></span> <span class='ocrx_word' id='word_1_571' title='bbox 2272 3439 2471 3510; x_wconf 83' lang='lat' dir='ltr'><strong>inquit.</strong></span> <span class='ocrx_word' id='word_1_572' title='bbox 2518 3435 2824 3494; x_wconf 82' lang='lat' dir='ltr'><strong>Verisimile</strong></span> <span class='ocrx_word' id='word_1_573' title='bbox 2873 3433 3004 3488; x_wconf 85' lang='lat' dir='ltr'><strong>item</strong></span> <span class='ocrx_word' id='word_1_574' title='bbox 3069 3439 3154 3488; x_wconf 85' lang='lat' dir='ltr'><strong>est</strong></span> <span class='ocrx_word' id='word_1_575' title='bbox 3233 3442 3412 3498; x_wconf 87' lang='lat' dir='ltr'><strong>neque</strong></span> 
     </span>
    </p>
   </div>
   <div class='ocr_carea' id='block_1_79' title="bbox 1829 3525 3405 3600">
    <p class='ocr_par' dir='ltr' id='par_1_79' title="bbox 1829 3525 3405 3600">
     <span class='ocr_line' id='line_1_80' title="bbox 1829 3525 3405 3600; baseline -0.01 -8"><span class='ocrx_word' id='word_1_576' title='bbox 1829 3550 2018 3593; x_wconf 86' lang='lat' dir='ltr'><strong>omnes</strong></span> <span class='ocrx_word' id='word_1_577' title='bbox 2040 3547 2245 3589; x_wconf 88' lang='lat' dir='ltr'><strong>morem</strong></span> <span class='ocrx_word' id='word_1_578' title='bbox 2281 3531 2444 3588; x_wconf 89' lang='lat' dir='ltr'><strong>istum</strong></span> <span class='ocrx_word' id='word_1_579' title='bbox 2475 3527 2797 3600; x_wconf 77' lang='lat' dir='ltr'><strong>transgredi,</strong></span> <span class='ocrx_word' id='word_1_580' title='bbox 2825 3525 2920 3581; x_wconf 86' lang='lat' dir='ltr'><strong>sed</strong></span> <span class='ocrx_word' id='word_1_581' title='bbox 2949 3538 3013 3579; x_wconf 76' lang='lat' dir='ltr'><strong>es</strong></span> <span class='ocrx_word' id='word_1_582' title='bbox 3053 3528 3206 3592; x_wconf 89' lang='lat' dir='ltr'><strong>parte</strong></span> <span class='ocrx_word' id='word_1_583' title='bbox 3233 3533 3405 3591; x_wconf 87' lang='lat' dir='ltr'><strong>quos-</strong></span> 
     </span>
    </p>
   </div>
   <div class='ocr_carea' id='block_1_80' title="bbox 1831 3627 1977 3682">
    <p class='ocr_par' dir='ltr' id='par_1_80' title="bbox 1831 3627 1977 3682">
     <span class='ocr_line' id='line_1_81' title="bbox 1831 3627 1977 3682; baseline -0.014 0"><span class='ocrx_word' id='word_1_584' title='bbox 1831 3627 1977 3682; x_wconf 89' lang='lat' dir='ltr'><strong>dam.</strong></span> 
     </span>
    </p>
   </div>
   <div class='ocr_carea' id='block_1_81' title="bbox 1901 3702 3415 3784">
    <p class='ocr_par' dir='ltr' id='par_1_81' title="bbox 1901 3702 3415 3784">
     <span class='ocr_line' id='line_1_82' title="bbox 1901 3702 3415 3784; baseline -0.012 -10"><span class='ocrx_word' id='word_1_585' title='bbox 1901 3716 2067 3774; x_wconf 70' lang='lat' dir='ltr'><strong>Vens.</strong></span> <span class='ocrx_word' id='word_1_586' title='bbox 2130 3716 2220 3773; x_wconf 78' lang='lat' dir='ltr'><strong>t9.</strong></span> <span class='ocrx_word' id='word_1_587' title='bbox 2253 3734 2272 3768; x_wconf 79' lang='grc' dir='ltr'><strong>ι</strong></span> <span class='ocrx_word' id='word_1_588' title='bbox 2314 3714 2541 3784; x_wconf 86' lang='lat' dir='ltr'><strong>Oportet</strong></span> <span class='ocrx_word' id='word_1_589' title='bbox 2567 3710 2710 3767; x_wconf 90' lang='lat' dir='ltr'><strong>enim</strong></span> <span class='ocrx_word' id='word_1_590' title='bbox 2735 3716 2792 3766; x_wconf 91' lang='lat' dir='ltr'><strong>et</strong></span> <span class='ocrx_word' id='word_1_591' title='bbox 2840 3707 3076 3763; x_wconf 72' lang='lat' dir='ltr'><strong>lnmreses</strong></span> <span class='ocrx_word' id='word_1_592' title='bbox 3127 3702 3272 3759; x_wconf 89' lang='lat' dir='ltr'><strong>inter</strong></span> <span class='ocrx_word' id='word_1_593' title='bbox 3317 3713 3415 3758; x_wconf 87' lang='lat' dir='ltr'><strong>vos</strong></span> 
     </span>
    </p>
   </div>
   <div class='ocr_carea' id='block_1_82' title="bbox 1829 3794 3417 3879">
    <p class='ocr_par' dir='ltr' id='par_1_82' title="bbox 1829 3794 3417 3879">
     <span class='ocr_line' id='line_1_83' title="bbox 1829 3794 3417 3879; baseline -0.015 -9"><span class='ocrx_word' id='word_1_594' title='bbox 1829 3826 1972 3869; x_wconf 83' lang='lat' dir='ltr'><strong>esse.</strong></span> <span class='ocrx_word' id='word_1_595' title='bbox 2005 3830 2024 3864; x_wconf 78' lang='grc' dir='ltr'><strong>ι</strong></span> <span class='ocrx_word' id='word_1_596' title='bbox 2059 3809 2177 3865; x_wconf 77' lang='lat' dir='ltr'><strong>Non</strong></span> <span class='ocrx_word' id='word_1_597' title='bbox 2223 3807 2535 3879; x_wconf 74' lang='lat' dir='ltr'><strong>dogmatum</strong></span> <span class='ocrx_word' id='word_1_598' title='bbox 2568 3803 2805 3860; x_wconf 70' lang='lat' dir='ltr'><strong>haereses</strong></span> <span class='ocrx_word' id='word_1_599' title='bbox 2844 3800 2996 3862; x_wconf 87' lang='lat' dir='ltr'><strong>dicit.</strong></span> <span class='ocrx_word' id='word_1_600' title='bbox 3027 3796 3118 3854; x_wconf 86' lang='lat' dir='ltr'><strong>sed</strong></span> <span class='ocrx_word' id='word_1_601' title='bbox 3149 3794 3417 3852; x_wconf 80' lang='lat' dir='ltr'><strong>schisma-</strong></span> 
     </span>
    </p>
   </div>
   <div class='ocr_carea' id='block_1_83' title="bbox 1832 3892 3416 3976">
    <p class='ocr_par' dir='ltr' id='par_1_83' title="bbox 1832 3892 3416 3976">
     <span class='ocr_line' id='line_1_84' title="bbox 1832 3892 3416 3976; baseline -0.013 -13"><span class='ocrx_word' id='word_1_602' title='bbox 1832 3914 1948 3963; x_wconf 89' lang='lat' dir='ltr'><strong>lum</strong></span> <span class='ocrx_word' id='word_1_603' title='bbox 1994 3901 2324 3976; x_wconf 75' lang='lat' dir='ltr'><strong>huiusmodi,</strong></span> <span class='ocrx_word' id='word_1_604' title='bbox 2365 3900 2432 3956; x_wconf 89' lang='lat' dir='ltr'><strong>de</strong></span> <span class='ocrx_word' id='word_1_605' title='bbox 2477 3897 2679 3953; x_wconf 83' lang='lat' dir='ltr'><strong>mensis</strong></span> <span class='ocrx_word' id='word_1_606' title='bbox 2719 3895 2952 3953; x_wconf 89' lang='lat' dir='ltr'><strong>scilicet.</strong></span> <span class='ocrx_word' id='word_1_607' title='bbox 2986 3892 3126 3962; x_wconf 86' lang='lat' dir='ltr'><strong>Quid</strong></span> <span class='ocrx_word' id='word_1_608' title='bbox 3149 3906 3281 3948; x_wconf 89' lang='lat' dir='ltr'><strong>vero</strong></span> <span class='ocrx_word' id='word_1_609' title='bbox 3309 3898 3416 3956; x_wconf 84' lang='lat' dir='ltr'><strong>est,</strong></span> 
     </span>
    </p>
   </div>
   <div class='ocr_carea' id='block_1_84' title="bbox 1839 3986 3415 4070">
    <p class='ocr_par' dir='ltr' id='par_1_84' title="bbox 1839 3986 3415 4070">
     <span class='ocr_line' id='line_1_85' title="bbox 1839 3986 3415 4070; baseline -0.012 -16"><span class='ocrx_word' id='word_1_610' title='bbox 1839 4018 1859 4053; x_wconf 85' lang='grc' dir='ltr'><strong>ι</strong></span> <span class='ocrx_word' id='word_1_611' title='bbox 1898 3996 2165 4070; x_wconf 81' lang='lat' dir='ltr'><strong>Oportet?</strong></span> <span class='ocrx_word' id='word_1_612' title='bbox 2197 4013 2217 4047; x_wconf 77' lang='grc' dir='ltr'><strong>ι</strong></span> <span class='ocrx_word' id='word_1_613' title='bbox 2245 3992 2373 4057; x_wconf 86' lang='lat' dir='ltr'><strong>Pro,</strong></span> <span class='ocrx_word' id='word_1_614' title='bbox 2408 3991 2664 4063; x_wconf 85' lang='lat' dir='ltr'><strong>possibile</strong></span> <span class='ocrx_word' id='word_1_615' title='bbox 2688 3999 2796 4057; x_wconf 89' lang='lat' dir='ltr'><strong>est,</strong></span> <span class='ocrx_word' id='word_1_616' title='bbox 2818 3986 2903 4044; x_wconf 87' lang='lat' dir='ltr'><strong>vel</strong></span> <span class='ocrx_word' id='word_1_617' title='bbox 2937 3999 3160 4042; x_wconf 87' lang='lat' dir='ltr'><strong>necesse</strong></span> <span class='ocrx_word' id='word_1_618' title='bbox 3189 3994 3270 4039; x_wconf 86' lang='lat' dir='ltr'><strong>est</strong></span> <span class='ocrx_word' id='word_1_619' title='bbox 3294 3996 3415 4042; x_wconf 90' lang='lat' dir='ltr'><strong>vos.</strong></span> 
     </span>
    </p>
   </div>
   <div class='ocr_carea' id='block_1_85' title="bbox 1830 4071 3417 4148">
    <p class='ocr_par' dir='ltr' id='par_1_85' title="bbox 1830 4071 3417 4148">
     <span class='ocr_line' id='line_1_86' title="bbox 1830 4071 3417 4148; baseline -0.011 -3"><span class='ocrx_word' id='word_1_620' title='bbox 1830 4103 1956 4145; x_wconf 87' lang='lat' dir='ltr'><strong>cum</strong></span> <span class='ocrx_word' id='word_1_621' title='bbox 1986 4087 2231 4143; x_wconf 85' lang='lat' dir='ltr'><strong>homines</strong></span> <span class='ocrx_word' id='word_1_622' title='bbox 2256 4085 2398 4148; x_wconf 85' lang='lat' dir='ltr'><strong>sitis,</strong></span> <span class='ocrx_word' id='word_1_623' title='bbox 2431 4098 2539 4139; x_wconf 91' lang='lat' dir='ltr'><strong>non</strong></span> <span class='ocrx_word' id='word_1_624' title='bbox 2569 4095 2757 4137; x_wconf 90' lang='lat' dir='ltr'><strong>omnes</strong></span> <span class='ocrx_word' id='word_1_625' title='bbox 2812 4087 2976 4134; x_wconf 76' lang='lat' dir='ltr'><strong>recta&#39;</strong></span> <span class='ocrx_word' id='word_1_626' title='bbox 3006 4073 3235 4145; x_wconf 79' lang='lat' dir='ltr'><strong>ingredi.</strong></span> <span class='ocrx_word' id='word_1_627' title='bbox 3268 4071 3417 4127; x_wconf 74' lang='lat' dir='ltr'><strong>[huc</strong></span> 
     </span>
    </p>
   </div>
   <div class='ocr_carea' id='block_1_86' title="bbox 1833 4165 3419 4253">
    <p class='ocr_par' dir='ltr' id='par_1_86' title="bbox 1833 4165 3419 4253">
     <span class='ocr_line' id='line_1_87' title="bbox 1833 4165 3419 4253; baseline -0.01 -18"><span class='ocrx_word' id='word_1_628' title='bbox 1833 4182 2000 4253; x_wconf 79' lang='lat' dir='ltr'><strong>igitur</strong></span> <span class='ocrx_word' id='word_1_629' title='bbox 2044 4178 2117 4235; x_wconf 91' lang='lat' dir='ltr'><strong>ob</strong></span> <span class='ocrx_word' id='word_1_630' title='bbox 2153 4191 2265 4231; x_wconf 89' lang='lat' dir='ltr'><strong>rem</strong></span> <span class='ocrx_word' id='word_1_631' title='bbox 2303 4177 2469 4233; x_wconf 89' lang='lat' dir='ltr'><strong>etiam</strong></span> <span class='ocrx_word' id='word_1_632' title='bbox 2533 4174 2697 4230; x_wconf 90' lang='lat' dir='ltr'><strong>credo</strong></span> <span class='ocrx_word' id='word_1_633' title='bbox 2729 4189 2744 4227; x_wconf 94' lang='lat'><strong>:</strong></span> <span class='ocrx_word' id='word_1_634' title='bbox 2773 4170 2998 4244; x_wconf 87' lang='lat' dir='ltr'><strong>perinde</strong></span> <span class='ocrx_word' id='word_1_635' title='bbox 3050 4182 3114 4223; x_wconf 89' lang='lat' dir='ltr'><strong>ac</strong></span> <span class='ocrx_word' id='word_1_636' title='bbox 3158 4165 3419 4221; x_wconf 87' lang='lat' dir='ltr'><strong>Dominus</strong></span> 
     </span>
    </p>
   </div>
   <div class='ocr_carea' id='block_1_87' title="bbox 1833 4258 3412 4327">
    <p class='ocr_par' dir='ltr' id='par_1_87' title="bbox 1833 4258 3412 4327">
     <span class='ocr_line' id='line_1_88' title="bbox 1833 4258 3412 4327; baseline -0.011 0"><span class='ocrx_word' id='word_1_637' title='bbox 1833 4272 1997 4327; x_wconf 87' lang='lat' dir='ltr'><strong>etiam</strong></span> <span class='ocrx_word' id='word_1_638' title='bbox 2054 4271 2240 4326; x_wconf 82' lang='lat' dir='ltr'><strong>dixit:</strong></span> <span class='ocrx_word' id='word_1_639' title='bbox 2288 4287 2307 4321; x_wconf 81' lang='grc' dir='ltr'><strong>ι</strong></span> <span class='ocrx_word' id='word_1_640' title='bbox 2363 4267 2599 4323; x_wconf 82' lang='lat' dir='ltr'><strong>Necesse</strong></span> <span class='ocrx_word' id='word_1_641' title='bbox 2655 4275 2740 4321; x_wconf 90' lang='lat' dir='ltr'><strong>est</strong></span> <span class='ocrx_word' id='word_1_642' title='bbox 2764 4262 2952 4320; x_wconf 88' lang='lat' dir='ltr'><strong>venire</strong></span> <span class='ocrx_word' id='word_1_643' title='bbox 2997 4258 3352 4317; x_wconf 64' lang='lat' dir='ltr'><strong>seandalaM</strong></span> <span class='ocrx_word' id='word_1_644' title='bbox 3392 4276 3412 4310; x_wconf 77' lang='grc' dir='ltr'><strong>ι</strong></span> 
     </span>
    </p>
   </div>
   <div class='ocr_carea' id='block_1_88' title="bbox 1835 4348 3422 4433">
    <p class='ocr_par' dir='ltr' id='par_1_88' title="bbox 1835 4348 3422 4433">
     <span class='ocr_line' id='line_1_89' title="bbox 1835 4348 3422 4433; baseline -0.009 -15"><span class='ocrx_word' id='word_1_645' title='bbox 1835 4367 1938 4422; x_wconf 85' lang='lat' dir='ltr'><strong>hoc</strong></span> <span class='ocrx_word' id='word_1_646' title='bbox 1959 4373 2064 4431; x_wconf 91' lang='lat' dir='ltr'><strong>est,</strong></span> <span class='ocrx_word' id='word_1_647' title='bbox 2125 4363 2261 4419; x_wconf 87' lang='lat' dir='ltr'><strong>Cum</strong></span> <span class='ocrx_word' id='word_1_648' title='bbox 2289 4361 2441 4433; x_wconf 86' lang='lat' dir='ltr'><strong>pravi</strong></span> <span class='ocrx_word' id='word_1_649' title='bbox 2468 4361 2578 4417; x_wconf 90' lang='lat' dir='ltr'><strong>sint</strong></span> <span class='ocrx_word' id='word_1_650' title='bbox 2609 4359 2664 4414; x_wconf 88' lang='lat' dir='ltr'><strong>in</strong></span> <span class='ocrx_word' id='word_1_651' title='bbox 2707 4355 2933 4422; x_wconf 88' lang='lat' dir='ltr'><strong>mundo,</strong></span> <span class='ocrx_word' id='word_1_652' title='bbox 2982 4367 3103 4409; x_wconf 84' lang='lat' dir='ltr'><strong>esse</strong></span> <span class='ocrx_word' id='word_1_653' title='bbox 3152 4360 3206 4407; x_wconf 90' lang='lat' dir='ltr'><strong>et</strong></span> <span class='ocrx_word' id='word_1_654' title='bbox 3233 4348 3422 4405; x_wconf 84' lang='lat' dir='ltr'><strong>venire</strong></span> 
     </span>
    </p>
   </div>
   <div class='ocr_carea' id='block_1_89' title="bbox 1837 4457 2481 4515">
    <p class='ocr_par' dir='ltr' id='par_1_89' title="bbox 1837 4457 2481 4515">
     <span class='ocr_line' id='line_1_90' title="bbox 1837 4457 2481 4515; baseline -0.008 0"><span class='ocrx_word' id='word_1_655' title='bbox 1837 4457 2093 4515; x_wconf 88' lang='lat' dir='ltr'><strong>scandala</strong></span> <span class='ocrx_word' id='word_1_656' title='bbox 2126 4471 2350 4512; x_wconf 85' lang='lat' dir='ltr'><strong>necesse</strong></span> <span class='ocrx_word' id='word_1_657' title='bbox 2378 4463 2481 4510; x_wconf 89' lang='grc' dir='ltr'><strong>εει.</strong></span> 
     </span>
    </p>
   </div>
   <div class='ocr_carea' id='block_1_90' title="bbox 236 4531 1715 4637">
    <p class='ocr_par' dir='ltr' id='par_1_90' title="bbox 236 4531 1715 4637">
     <span class='ocr_line' id='line_1_91' title="bbox 236 4531 1715 4637; baseline 0.003 -19"><span class='ocrx_word' id='word_1_658' title='bbox 236 4584 254 4617; x_wconf 79' lang='grc' dir='ltr'><strong>ι</strong></span> <span class='ocrx_word' id='word_1_659' title='bbox 290 4567 407 4620; x_wconf 83' lang='grc' dir='ltr'><strong>Ἵνα</strong></span> <span class='ocrx_word' id='word_1_660' title='bbox 432 4567 483 4620; x_wconf 78' lang='grc' dir='ltr'><strong>οἱ</strong></span> <span class='ocrx_word' id='word_1_661' title='bbox 507 4531 722 4637; x_wconf 72' lang='grc' dir='ltr'><strong>δόκιμοι</strong></span> <span class='ocrx_word' id='word_1_662' title='bbox 754 4531 979 4637; x_wconf 57' lang='grc' dir='ltr'><strong>φανεροὶ</strong></span> <span class='ocrx_word' id='word_1_663' title='bbox 1011 4568 1281 4635; x_wconf 80' lang='grc' dir='ltr'><strong>γένωνται</strong></span> <span class='ocrx_word' id='word_1_664' title='bbox 1306 4566 1364 4618; x_wconf 82' lang='grc' dir='ltr'><strong>ὲν</strong></span> <span class='ocrx_word' id='word_1_665' title='bbox 1386 4567 1539 4637; x_wconf 81' lang='grc' dir='ltr'><strong>ὑμῖν.</strong></span> <span class='ocrx_word' id='word_1_666' title='bbox 1581 4585 1598 4617; x_wconf 78' lang='grc' dir='ltr'><strong>ι</strong></span> <span class='ocrx_word' id='word_1_667' title='bbox 1631 4566 1715 4623; x_wconf 83' lang='grc' dir='ltr'><strong>Τὸ.</strong></span> 
     </span>
    </p>
   </div>
   <div class='ocr_carea' id='block_1_91' title="bbox 1854 4531 3412 4637">
    <p class='ocr_par' dir='ltr' id='par_1_91' title="bbox 1912 4534 3412 4622">
     <span class='ocr_line' id='line_1_92' title="bbox 1912 4534 3412 4622; baseline -0.009 -20"><span class='ocrx_word' id='word_1_668' title='bbox 1912 4569 1931 4602; x_wconf 73' lang='grc' dir='ltr'><strong>ι</strong></span> <span class='ocrx_word' id='word_1_669' title='bbox 1968 4548 2042 4605; x_wconf 87' lang='lat' dir='ltr'><strong>Ut</strong></span> <span class='ocrx_word' id='word_1_670' title='bbox 2064 4548 2153 4617; x_wconf 89' lang='lat' dir='ltr'><strong>qui</strong></span> <span class='ocrx_word' id='word_1_671' title='bbox 2188 4545 2399 4616; x_wconf 83' lang='lat' dir='ltr'><strong>probati</strong></span> <span class='ocrx_word' id='word_1_672' title='bbox 2433 4551 2581 4609; x_wconf 86' lang='lat' dir='ltr'><strong>sunt,</strong></span> <span class='ocrx_word' id='word_1_673' title='bbox 2611 4540 2884 4597; x_wconf 81' lang='lat' dir='ltr'><strong>manifesti</strong></span> <span class='ocrx_word' id='word_1_674' title='bbox 2933 4539 3067 4594; x_wconf 87' lang='lat' dir='ltr'><strong>liant</strong></span> <span class='ocrx_word' id='word_1_675' title='bbox 3101 4536 3155 4592; x_wconf 90' lang='lat' dir='ltr'><strong>in</strong></span> <span class='ocrx_word' id='word_1_676' title='bbox 3183 4534 3357 4592; x_wconf 88' lang='lat' dir='ltr'><strong>vobis.</strong></span> <span class='ocrx_word' id='word_1_677' title='bbox 3394 4552 3412 4622; x_wconf 62' lang='grc' dir='ltr'><strong>ι</strong></span> 
     </span>
    </p>
   </div>
   <div class='ocr_carea' id='block_1_92' title="bbox 176 4657 1732 4728">
    <p class='ocr_par' dir='ltr' id='par_1_92' title="bbox 176 4657 1732 4728">
     <span class='ocr_line' id='line_1_93' title="bbox 176 4657 1732 4728; baseline 0.001 -18"><span class='ocrx_word' id='word_1_678' title='bbox 176 4678 193 4710; x_wconf 80' lang='grc' dir='ltr'><strong>ι</strong></span> <span class='ocrx_word' id='word_1_679' title='bbox 233 4660 367 4724; x_wconf 88' lang='grc' dir='ltr'><strong>Ἰνα,</strong></span> <span class='ocrx_word' id='word_1_680' title='bbox 402 4679 422 4714; x_wconf 73' lang='grc' dir='ltr'><strong>ι</strong></span> <span class='ocrx_word' id='word_1_681' title='bbox 463 4661 698 4716; x_wconf 79' lang='grc' dir='ltr'><strong>ἐνταῦθα</strong></span> <span class='ocrx_word' id='word_1_682' title='bbox 729 4662 829 4715; x_wconf 81' lang='grc' dir='ltr'><strong>ούκ</strong></span> <span class='ocrx_word' id='word_1_683' title='bbox 865 4659 1226 4728; x_wconf 80' lang='grc' dir='ltr'><strong>αἰτιολογικόν</strong></span> <span class='ocrx_word' id='word_1_684' title='bbox 1261 4661 1430 4721; x_wconf 79' lang='grc' dir='ltr'><strong>ἐστιν,</strong></span> <span class='ocrx_word' id='word_1_685' title='bbox 1464 4657 1602 4713; x_wconf 76' lang='grc' dir='ltr'><strong>ἀλλὰ</strong></span> <span class='ocrx_word' id='word_1_686' title='bbox 1632 4659 1732 4726; x_wconf 83' lang='grc' dir='ltr'><strong>τῆς</strong></span> 
     </span>
    </p>
   </div>
   <div class='ocr_carea' id='block_1_93' title="bbox 170 4751 1733 4826">
    <p class='ocr_par' dir='ltr' id='par_1_93' title="bbox 170 4751 1733 4826">
     <span class='ocr_line' id='line_1_94' title="bbox 170 4751 1733 4826; baseline 0 -21"><span class='ocrx_word' id='word_1_687' title='bbox 170 4752 434 4815; x_wconf 75' lang='grc' dir='ltr'><strong>ἐκϐάσεως</strong></span> <span class='ocrx_word' id='word_1_688' title='bbox 455 4753 551 4807; x_wconf 79' lang='grc' dir='ltr'><strong>τοῦ</strong></span> <span class='ocrx_word' id='word_1_689' title='bbox 578 4755 924 4826; x_wconf 78' lang='grc' dir='ltr'><strong>πράγματος,</strong></span> <span class='ocrx_word' id='word_1_690' title='bbox 951 4753 1026 4817; x_wconf 86' lang='grc' dir='ltr'><strong>ὡς</strong></span> <span class='ocrx_word' id='word_1_691' title='bbox 1056 4751 1388 4823; x_wconf 84' lang='grc' dir='ltr'><strong>πολλαχόθεν</strong></span> <span class='ocrx_word' id='word_1_692' title='bbox 1420 4752 1599 4822; x_wconf 83' lang='grc' dir='ltr'><strong>δῆλον.</strong></span> <span class='ocrx_word' id='word_1_693' title='bbox 1638 4751 1733 4805; x_wconf 86' lang='grc' dir='ltr'><strong>Ἐκ</strong></span> 
     </span>
    </p>
   </div>
   <div class='ocr_carea' id='block_1_94' title="bbox 170 4843 1728 4917">
    <p class='ocr_par' dir='ltr' id='par_1_94' title="bbox 170 4843 1728 4917">
     <span class='ocr_line' id='line_1_95' title="bbox 170 4843 1728 4917; baseline -0.002 -19"><span class='ocrx_word' id='word_1_694' title='bbox 170 4844 271 4915; x_wconf 74' lang='grc' dir='ltr'><strong>γὰρ</strong></span> <span class='ocrx_word' id='word_1_695' title='bbox 298 4848 392 4899; x_wconf 79' lang='grc' dir='ltr'><strong>τοῦ</strong></span> <span class='ocrx_word' id='word_1_696' title='bbox 420 4847 545 4910; x_wconf 79' lang='grc' dir='ltr'><strong>τοὺς</strong></span> <span class='ocrx_word' id='word_1_697' title='bbox 570 4845 934 4911; x_wconf 76' lang='grc' dir='ltr'><strong>ἁλαζονικωτέ</strong></span> <span class='ocrx_word' id='word_1_698' title='bbox 945 4863 1074 4915; x_wconf 89' lang='grc' dir='ltr'><strong>ρους</strong></span> <span class='ocrx_word' id='word_1_699' title='bbox 1104 4845 1182 4917; x_wconf 79' lang='grc' dir='ltr'><strong>μὴ</strong></span> <span class='ocrx_word' id='word_1_700' title='bbox 1210 4844 1604 4914; x_wconf 82' lang='grc' dir='ltr'><strong>καταδέχεσθαι</strong></span> <span class='ocrx_word' id='word_1_701' title='bbox 1630 4843 1728 4915; x_wconf 81' lang='grc' dir='ltr'><strong>τὴν</strong></span> 
     </span>
    </p>
   </div>
   <div class='ocr_carea' id='block_1_95' title="bbox 173 4933 1734 5009">
    <p class='ocr_par' dir='ltr' id='par_1_95' title="bbox 173 4933 1734 5009">
     <span class='ocr_line' id='line_1_96' title="bbox 173 4933 1734 5009; baseline -0.003 -21"><span class='ocrx_word' id='word_1_702' title='bbox 173 4937 424 5002; x_wconf 76' lang='grc' dir='ltr'><strong>ἑστίασιν,</strong></span> <span class='ocrx_word' id='word_1_703' title='bbox 461 4938 823 5009; x_wconf 83' lang='grc' dir='ltr'><strong>φανεροῦνται</strong></span> <span class='ocrx_word' id='word_1_704' title='bbox 867 4939 916 4990; x_wconf 88' lang='grc' dir='ltr'><strong>οἱ</strong></span> <span class='ocrx_word' id='word_1_705' title='bbox 945 4936 1186 5006; x_wconf 87' lang='grc' dir='ltr'><strong>δόκιμοι,</strong></span> <span class='ocrx_word' id='word_1_706' title='bbox 1216 4935 1521 4999; x_wconf 82' lang='grc' dir='ltr'><strong>τουτέστιν,</strong></span> <span class='ocrx_word' id='word_1_707' title='bbox 1552 4933 1601 4986; x_wconf 89' lang='grc' dir='ltr'><strong>οἱ</strong></span> <span class='ocrx_word' id='word_1_708' title='bbox 1632 4933 1734 4984; x_wconf 72' lang='grc' dir='ltr'><strong>πέ-</strong></span> 
     </span>
    </p>
   </div>
   <div class='ocr_carea' id='block_1_96' title="bbox 175 5026 1736 5103">
    <p class='ocr_par' dir='ltr' id='par_1_96' title="bbox 175 5026 1736 5103">
     <span class='ocr_line' id='line_1_97' title="bbox 175 5026 1736 5103; baseline -0.001 -23"><span class='ocrx_word' id='word_1_709' title='bbox 175 5046 346 5100; x_wconf 75' lang='grc' dir='ltr'><strong>νητες,</strong></span> <span class='ocrx_word' id='word_1_710' title='bbox 400 5034 479 5086; x_wconf 83' lang='grc' dir='ltr'><strong>ὅτι</strong></span> <span class='ocrx_word' id='word_1_711' title='bbox 524 5031 755 5103; x_wconf 79' lang='grc' dir='ltr'><strong>φέρουσι</strong></span> <span class='ocrx_word' id='word_1_712' title='bbox 790 5029 1177 5101; x_wconf 82' lang='grc' dir='ltr'><strong>παρορώμενοι</strong></span> <span class='ocrx_word' id='word_1_713' title='bbox 1199 5046 1214 5061; x_wconf 89' lang='grc'><strong>·</strong></span> <span class='ocrx_word' id='word_1_714' title='bbox 1251 5028 1520 5099; x_wconf 77' lang='grc' dir='ltr'><strong>πρότερον</strong></span> <span class='ocrx_word' id='word_1_715' title='bbox 1543 5026 1600 5079; x_wconf 73' lang='grc' dir='ltr'><strong>δὲ</strong></span> <span class='ocrx_word' id='word_1_716' title='bbox 1636 5027 1736 5079; x_wconf 82' lang='grc' dir='ltr'><strong>οὐκ</strong></span> 
     </span>
    </p>
   </div>
   <div class='ocr_carea' id='block_1_97' title="bbox 177 5120 1738 5197">
    <p class='ocr_par' dir='ltr' id='par_1_97' title="bbox 177 5120 1738 5197">
     <span class='ocr_line' id='line_1_98' title="bbox 177 5120 1738 5197; baseline -0.001 -23"><span class='ocrx_word' id='word_1_717' title='bbox 177 5124 462 5194; x_wconf 56' lang='grc' dir='ltr'><strong>ἐςαίνετοή</strong></span> <span class='ocrx_word' id='word_1_718' title='bbox 489 5125 753 5197; x_wconf 79' lang='grc' dir='ltr'><strong>καρτερία</strong></span> <span class='ocrx_word' id='word_1_719' title='bbox 777 5125 978 5180; x_wconf 84' lang='grc' dir='ltr'><strong>αὐτῶν.</strong></span> <span class='ocrx_word' id='word_1_720' title='bbox 1015 5126 1089 5177; x_wconf 85' lang='grc' dir='ltr'>Ἦ</span> <span class='ocrx_word' id='word_1_721' title='bbox 1136 5123 1397 5193; x_wconf 79' lang='grc' dir='ltr'><strong>δοκίμους</strong></span> <span class='ocrx_word' id='word_1_722' title='bbox 1429 5121 1578 5188; x_wconf 89' lang='grc' dir='ltr'><strong>λέγει</strong></span> <span class='ocrx_word' id='word_1_723' title='bbox 1611 5120 1738 5181; x_wconf 74' lang='grc' dir='ltr'><strong>τοὺς</strong></span> 
     </span>
    </p>
   </div>
   <div class='ocr_carea' id='block_1_98' title="bbox 180 5210 1736 5285">
    <p class='ocr_par' dir='ltr' id='par_1_98' title="bbox 180 5210 1736 5285">
     <span class='ocr_line' id='line_1_99' title="bbox 180 5210 1736 5285; baseline -0.001 -22"><span class='ocrx_word' id='word_1_724' title='bbox 180 5212 255 5264; x_wconf 76' lang='grc' dir='ltr'><strong>ἔτι</strong></span> <span class='ocrx_word' id='word_1_725' title='bbox 280 5214 339 5266; x_wconf 80' lang='grc' dir='ltr'><strong>τὸ</strong></span> <span class='ocrx_word' id='word_1_726' title='bbox 373 5214 489 5278; x_wconf 81' lang='grc' dir='ltr'><strong>ἔθος</strong></span> <span class='ocrx_word' id='word_1_727' title='bbox 515 5216 913 5285; x_wconf 80' lang='grc' dir='ltr'><strong>φυλάττοντας·</strong></span> <span class='ocrx_word' id='word_1_728' title='bbox 942 5215 1003 5268; x_wconf 86' lang='grc' dir='ltr'><strong>ού</strong></span> <span class='ocrx_word' id='word_1_729' title='bbox 1022 5213 1130 5285; x_wconf 74' lang='grc' dir='ltr'><strong>γὰρ</strong></span> <span class='ocrx_word' id='word_1_730' title='bbox 1154 5214 1354 5274; x_wconf 82' lang='grc' dir='ltr'><strong>πάντες</strong></span> <span class='ocrx_word' id='word_1_731' title='bbox 1389 5210 1549 5264; x_wconf 72' lang='grc' dir='ltr'><strong>τοῦτο</strong></span> <span class='ocrx_word' id='word_1_732' title='bbox 1587 5225 1736 5279; x_wconf 82' lang='grc' dir='ltr'><strong>παρ-</strong></span> 
     </span>
    </p>
   </div>
   <div class='ocr_carea' id='block_1_99' title="bbox 180 5302 1737 5377">
    <p class='ocr_par' dir='ltr' id='par_1_99' title="bbox 180 5302 1737 5377">
     <span class='ocr_line' id='line_1_100' title="bbox 180 5302 1737 5377; baseline -0.001 -21"><span class='ocrx_word' id='word_1_733' title='bbox 180 5304 380 5360; x_wconf 85' lang='grc' dir='ltr'><strong>έλυσαν.</strong></span> <span class='ocrx_word' id='word_1_734' title='bbox 433 5307 554 5359; x_wconf 84' lang='grc' dir='ltr'><strong>Τῶν</strong></span> <span class='ocrx_word' id='word_1_735' title='bbox 602 5302 698 5359; x_wconf 73' lang='grc' dir='ltr'><strong>οὖν</strong></span> <span class='ocrx_word' id='word_1_736' title='bbox 747 5306 1181 5377; x_wconf 76' lang='grc' dir='ltr'><strong>παραλυσάντων</strong></span> <span class='ocrx_word' id='word_1_737' title='bbox 1226 5304 1498 5373; x_wconf 74' lang='grc' dir='ltr'><strong>ἀδοκίμων</strong></span> <span class='ocrx_word' id='word_1_738' title='bbox 1550 5318 1737 5371; x_wconf 80' lang='grc' dir='ltr'><strong>φαινο-</strong></span> 
     </span>
    </p>
   </div>
   <div class='ocr_carea' id='block_1_100' title="bbox 184 5393 1626 5470">
    <p class='ocr_par' dir='ltr' id='par_1_100' title="bbox 184 5393 1626 5470">
     <span class='ocr_line' id='line_1_101' title="bbox 184 5393 1626 5470; baseline 0.001 -23"><span class='ocrx_word' id='word_1_739' title='bbox 184 5393 366 5462; x_wconf 86' lang='grc' dir='ltr'><strong>μένων,</strong></span> <span class='ocrx_word' id='word_1_740' title='bbox 398 5396 447 5451; x_wconf 79' lang='lat' dir='ltr'><strong>oi</strong></span> <span class='ocrx_word' id='word_1_741' title='bbox 482 5397 848 5466; x_wconf 80' lang='grc' dir='ltr'><strong>φυλάττοντες</strong></span> <span class='ocrx_word' id='word_1_742' title='bbox 879 5398 1245 5470; x_wconf 79' lang='grc' dir='ltr'><strong>φανεροῦνται</strong></span> <span class='ocrx_word' id='word_1_743' title='bbox 1275 5396 1351 5460; x_wconf 81' lang='grc' dir='ltr'><strong>ὡς</strong></span> <span class='ocrx_word' id='word_1_744' title='bbox 1385 5396 1626 5466; x_wconf 80' lang='grc' dir='ltr'><strong>δόκιμοι.</strong></span> 
     </span>
    </p>
   </div>
   <div class='ocr_carea' id='block_1_101' title="bbox 255 5654 1731 5731">
    <p class='ocr_par' dir='ltr' id='par_1_101' title="bbox 255 5654 1731 5731">
     <span class='ocr_line' id='line_1_102' title="bbox 255 5654 1731 5731; baseline 0.001 -23"><span class='ocrx_word' id='word_1_745' title='bbox 255 5670 272 5704; x_wconf 84' lang='lat' dir='ltr'><strong>t</strong></span> <span class='ocrx_word' id='word_1_746' title='bbox 302 5654 715 5728; x_wconf 82' lang='grc' dir='ltr'><strong>Συνερχομένων</strong></span> <span class='ocrx_word' id='word_1_747' title='bbox 754 5658 845 5712; x_wconf 75' lang='grc' dir='ltr'><strong>οὖν</strong></span> <span class='ocrx_word' id='word_1_748' title='bbox 882 5659 1032 5731; x_wconf 81' lang='grc' dir='ltr'><strong>ὑμῶν</strong></span> <span class='ocrx_word' id='word_1_749' title='bbox 1066 5659 1155 5713; x_wconf 77' lang='grc' dir='ltr'><strong>ἐπὶ</strong></span> <span class='ocrx_word' id='word_1_750' title='bbox 1194 5659 1253 5714; x_wconf 66' lang='grc' dir='ltr'><strong>τὸ</strong></span> <span class='ocrx_word' id='word_1_751' title='bbox 1305 5658 1454 5726; x_wconf 55' lang='lat' dir='ltr'><strong>esse,</strong></span> <span class='ocrx_word' id='word_1_752' title='bbox 1486 5657 1587 5711; x_wconf 63' lang='grc' dir='ltr'><strong>οὐκ</strong></span> <span class='ocrx_word' id='word_1_753' title='bbox 1619 5654 1731 5710; x_wconf 78' lang='grc' dir='ltr'><strong>ἔστι</strong></span> 
     </span>
    </p>
   </div>
   <div class='ocr_carea' id='block_1_102' title="bbox 249 5800 767 5902">
    <p class='ocr_par' dir='ltr' id='par_1_102' title="bbox 249 5800 767 5902">
     <span class='ocr_line' id='line_1_103' title="bbox 249 5800 767 5902; baseline 0.008 -15"><span class='ocrx_word' id='word_1_754' title='bbox 249 5800 478 5892; x_wconf 56' lang='grc' dir='ltr'><strong>ιίδιιιιιιι.</strong></span> <span class='ocrx_word' id='word_1_755' title='bbox 524 5853 674 5902; x_wconf 69' lang='lat' dir='ltr'><strong>XVIII,</strong></span> <span class='ocrx_word' id='word_1_756' title='bbox 715 5838 767 5891; x_wconf 89' lang='lat'><strong>7.</strong></span> 
     </span>
    </p>
   </div>
   <div class='ocr_carea' id='block_1_103' title="bbox 1836 4611 3420 4708">
    <p class='ocr_par' dir='ltr' id='par_1_103' title="bbox 1836 4611 3420 4708">
     <span class='ocr_line' id='line_1_104' title="bbox 1836 4611 3420 4708; baseline -0.009 -13"><span class='ocrx_word' id='word_1_757' title='bbox 1836 4611 2241 4708; x_wconf 35' lang='lat' dir='ltr'><strong>Conjunctioﬁ</strong></span> <span class='ocrx_word' id='word_1_758' title='bbox 2279 4633 2370 4699; x_wconf 88' lang='lat' dir='ltr'><strong>Ut,</strong></span> <span class='ocrx_word' id='word_1_759' title='bbox 2408 4653 2430 4687; x_wconf 71' lang='grc' dir='ltr'><strong>ι</strong></span> <span class='ocrx_word' id='word_1_760' title='bbox 2474 4634 2563 4689; x_wconf 86' lang='lat' dir='ltr'><strong>hic</strong></span> <span class='ocrx_word' id='word_1_761' title='bbox 2585 4647 2690 4688; x_wconf 92' lang='lat' dir='ltr'><strong>non</strong></span> <span class='ocrx_word' id='word_1_762' title='bbox 2715 4639 2799 4688; x_wconf 89' lang='lat' dir='ltr'><strong>est</strong></span> <span class='ocrx_word' id='word_1_763' title='bbox 2839 4630 3096 4695; x_wconf 83' lang='lat' dir='ltr'><strong>causalis,</strong></span> <span class='ocrx_word' id='word_1_764' title='bbox 3121 4629 3216 4685; x_wconf 89' lang='lat' dir='ltr'><strong>sed</strong></span> <span class='ocrx_word' id='word_1_765' title='bbox 3239 4626 3306 4681; x_wconf 88' lang='lat' dir='ltr'><strong>ad</strong></span> <span class='ocrx_word' id='word_1_766' title='bbox 3340 4611 3420 4681; x_wconf 87' lang='lat' dir='ltr'><strong>rei</strong></span> 
     </span>
    </p>
   </div>
   <div class='ocr_carea' id='block_1_104' title="bbox 1835 4716 3424 4796">
    <p class='ocr_par' dir='ltr' id='par_1_104' title="bbox 1835 4716 3424 4796">
     <span class='ocr_line' id='line_1_105' title="bbox 1835 4716 3424 4796; baseline -0.011 -8"><span class='ocrx_word' id='word_1_767' title='bbox 1835 4740 2087 4789; x_wconf 89' lang='lat' dir='ltr'><strong>eventum</strong></span> <span class='ocrx_word' id='word_1_768' title='bbox 2139 4736 2194 4782; x_wconf 87' lang='lat' dir='ltr'><strong>et</strong></span> <span class='ocrx_word' id='word_1_769' title='bbox 2247 4726 2453 4781; x_wconf 79' lang='lat' dir='ltr'><strong>exitum</strong></span> <span class='ocrx_word' id='word_1_770' title='bbox 2509 4724 2763 4796; x_wconf 89' lang='lat' dir='ltr'><strong>pertinet,</strong></span> <span class='ocrx_word' id='word_1_771' title='bbox 2817 4722 2894 4777; x_wconf 88' lang='lat' dir='ltr'><strong>uti</strong></span> <span class='ocrx_word' id='word_1_772' title='bbox 2970 4719 3152 4777; x_wconf 89' lang='lat' dir='ltr'><strong>multis</strong></span> <span class='ocrx_word' id='word_1_773' title='bbox 3194 4719 3251 4775; x_wconf 90' lang='lat' dir='ltr'><strong>in</strong></span> <span class='ocrx_word' id='word_1_774' title='bbox 3290 4716 3424 4773; x_wconf 88' lang='lat' dir='ltr'><strong>locis</strong></span> 
     </span>
    </p>
   </div>
   <div class='ocr_carea' id='block_1_105' title="bbox 1840 4815 3422 4897">
    <p class='ocr_par' dir='ltr' id='par_1_105' title="bbox 1840 4815 3422 4897">
     <span class='ocr_line' id='line_1_106' title="bbox 1840 4815 3422 4897; baseline -0.013 -16"><span class='ocrx_word' id='word_1_775' title='bbox 1840 4822 2180 4897; x_wconf 88' lang='lat' dir='ltr'><strong>perspicuum</strong></span> <span class='ocrx_word' id='word_1_776' title='bbox 2230 4828 2335 4875; x_wconf 87' lang='lat' dir='ltr'><strong>est.</strong></span> <span class='ocrx_word' id='word_1_777' title='bbox 2389 4816 2524 4874; x_wconf 85' lang='lat' dir='ltr'><strong>Cum</strong></span> <span class='ocrx_word' id='word_1_778' title='bbox 2571 4816 2715 4871; x_wconf 89' lang='lat' dir='ltr'><strong>enim</strong></span> <span class='ocrx_word' id='word_1_779' title='bbox 2744 4815 3147 4886; x_wconf 83' lang='lat' dir='ltr'><strong>arrogantiores</strong></span> <span class='ocrx_word' id='word_1_780' title='bbox 3174 4824 3422 4868; x_wconf 87' lang='lat' dir='ltr'><strong>commn-</strong></span> 
     </span>
    </p>
   </div>
   <div class='ocr_carea' id='block_1_106' title="bbox 1844 4901 3424 4979">
    <p class='ocr_par' dir='ltr' id='par_1_106' title="bbox 1844 4901 3424 4979">
     <span class='ocr_line' id='line_1_107' title="bbox 1844 4901 3424 4979; baseline -0.013 -5"><span class='ocrx_word' id='word_1_781' title='bbox 1844 4933 1969 4974; x_wconf 87' lang='lat' dir='ltr'><strong>nem</strong></span> <span class='ocrx_word' id='word_1_782' title='bbox 2004 4918 2163 4974; x_wconf 87' lang='lat' dir='ltr'><strong>istam</strong></span> <span class='ocrx_word' id='word_1_783' title='bbox 2194 4926 2407 4970; x_wconf 61' lang='lat' dir='ltr'><strong>caenam</strong></span> <span class='ocrx_word' id='word_1_784' title='bbox 2435 4924 2546 4965; x_wconf 87' lang='lat' dir='ltr'><strong>non</strong></span> <span class='ocrx_word' id='word_1_785' title='bbox 2576 4909 2911 4979; x_wconf 85' lang='lat' dir='ltr'><strong>acciperent,</strong></span> <span class='ocrx_word' id='word_1_786' title='bbox 2941 4901 3424 4963; x_wconf 77' lang='lat' dir='ltr'><strong>manifestabantnr</strong></span> 
     </span>
    </p>
   </div>
   <div class='ocr_carea' id='block_1_107' title="bbox 1844 4991 3425 5078">
    <p class='ocr_par' dir='ltr' id='par_1_107' title="bbox 1844 4991 3425 5078">
     <span class='ocr_line' id='line_1_108' title="bbox 1844 4991 3425 5078; baseline -0.008 -19"><span class='ocrx_word' id='word_1_787' title='bbox 1844 5008 2076 5078; x_wconf 79' lang='lat' dir='ltr'><strong>probati,</strong></span> <span class='ocrx_word' id='word_1_788' title='bbox 2126 5005 2179 5059; x_wconf 91' lang='lat' dir='ltr'><strong>id</strong></span> <span class='ocrx_word' id='word_1_789' title='bbox 2228 5012 2333 5068; x_wconf 88' lang='lat' dir='ltr'><strong>est,</strong></span> <span class='ocrx_word' id='word_1_790' title='bbox 2372 5014 2657 5070; x_wconf 87' lang='lat' dir='ltr'><strong>pauperes,</strong></span> <span class='ocrx_word' id='word_1_791' title='bbox 2725 4998 2868 5069; x_wconf 88' lang='lat' dir='ltr'><strong>quod</strong></span> <span class='ocrx_word' id='word_1_792' title='bbox 2922 4998 3192 5067; x_wconf 84' lang='lat' dir='ltr'><strong>patienter</strong></span> <span class='ocrx_word' id='word_1_793' title='bbox 3246 4991 3425 5047; x_wconf 79' lang='lat' dir='ltr'><strong>ferant</strong></span> 
     </span>
    </p>
   </div>
   <div class='ocr_carea' id='block_1_108' title="bbox 1840 5087 3421 5165">
    <p class='ocr_par' dir='ltr' id='par_1_108' title="bbox 1840 5087 3421 5165">
     <span class='ocr_line' id='line_1_109' title="bbox 1840 5087 3421 5165; baseline -0.015 -10"><span class='ocrx_word' id='word_1_794' title='bbox 1840 5113 1959 5155; x_wconf 90' lang='lat' dir='ltr'><strong>sese</strong></span> <span class='ocrx_word' id='word_1_795' title='bbox 2007 5096 2201 5165; x_wconf 78' lang='lat' dir='ltr'><strong>negligi</strong></span> <span class='ocrx_word' id='word_1_796' title='bbox 2237 5111 2252 5150; x_wconf 91' lang='lat'><strong>:</strong></span> <span class='ocrx_word' id='word_1_797' title='bbox 2282 5103 2440 5150; x_wconf 89' lang='lat' dir='ltr'><strong>antea</strong></span> <span class='ocrx_word' id='word_1_798' title='bbox 2486 5099 2669 5146; x_wconf 89' lang='lat' dir='ltr'><strong>autem</strong></span> <span class='ocrx_word' id='word_1_799' title='bbox 2695 5105 2800 5144; x_wconf 91' lang='lat' dir='ltr'><strong>non</strong></span> <span class='ocrx_word' id='word_1_800' title='bbox 2837 5087 3132 5159; x_wconf 84' lang='lat' dir='ltr'><strong>apparebat</strong></span> <span class='ocrx_word' id='word_1_801' title='bbox 3167 5096 3421 5152; x_wconf 68' lang='lat' dir='ltr'><strong>perseve.</strong></span> 
     </span>
    </p>
   </div>
   <div class='ocr_carea' id='block_1_109' title="bbox 1845 5180 3428 5256">
    <p class='ocr_par' dir='ltr' id='par_1_109' title="bbox 1845 5180 3428 5256">
     <span class='ocr_line' id='line_1_110' title="bbox 1845 5180 3428 5256; baseline -0.013 -7"><span class='ocrx_word' id='word_1_802' title='bbox 1845 5193 2015 5249; x_wconf 88' lang='lat' dir='ltr'><strong>rantia</strong></span> <span class='ocrx_word' id='word_1_803' title='bbox 2063 5204 2274 5245; x_wconf 88' lang='lat' dir='ltr'><strong>eorum.</strong></span> <span class='ocrx_word' id='word_1_804' title='bbox 2337 5185 2434 5243; x_wconf 75' lang='lat' dir='ltr'><strong>Vel</strong></span> <span class='ocrx_word' id='word_1_805' title='bbox 2488 5184 2744 5256; x_wconf 90' lang='lat' dir='ltr'><strong>probatos</strong></span> <span class='ocrx_word' id='word_1_806' title='bbox 2773 5182 2902 5238; x_wconf 89' lang='lat' dir='ltr'><strong>dicit</strong></span> <span class='ocrx_word' id='word_1_807' title='bbox 2950 5196 3063 5244; x_wconf 90' lang='lat' dir='ltr'><strong>eos,</strong></span> <span class='ocrx_word' id='word_1_808' title='bbox 3093 5180 3182 5247; x_wconf 82' lang='lat' dir='ltr'><strong>qui</strong></span> <span class='ocrx_word' id='word_1_809' title='bbox 3212 5190 3428 5232; x_wconf 85' lang='lat' dir='ltr'><strong>morem</strong></span> 
     </span>
    </p>
   </div>
   <div class='ocr_carea' id='block_1_110' title="bbox 1843 5270 3421 5342">
    <p class='ocr_par' dir='ltr' id='par_1_110' title="bbox 1843 5270 3421 5342">
     <span class='ocr_line' id='line_1_111' title="bbox 1843 5270 3421 5342; baseline -0.014 0"><span class='ocrx_word' id='word_1_810' title='bbox 1843 5299 2014 5342; x_wconf 73' lang='lat' dir='ltr'><strong>omna:</strong></span> <span class='ocrx_word' id='word_1_811' title='bbox 2051 5284 2225 5339; x_wconf 83' lang='lat' dir='ltr'><strong>adhuc</strong></span> <span class='ocrx_word' id='word_1_812' title='bbox 2277 5280 2701 5338; x_wconf 88' lang='lat' dir='ltr'><strong>custodiebant:</strong></span> <span class='ocrx_word' id='word_1_813' title='bbox 2744 5292 2849 5331; x_wconf 88' lang='lat' dir='ltr'><strong>non</strong></span> <span class='ocrx_word' id='word_1_814' title='bbox 2899 5275 3042 5329; x_wconf 87' lang='lat' dir='ltr'><strong>enim</strong></span> <span class='ocrx_word' id='word_1_815' title='bbox 3097 5270 3259 5342; x_wconf 76' lang='lat' dir='ltr'><strong>19o</strong></span> <span class='ocrx_word' id='word_1_816' title='bbox 3300 5285 3421 5323; x_wconf 62' lang='lat' dir='ltr'><strong>eum</strong></span> 
     </span>
    </p>
   </div>
   <div class='ocr_carea' id='block_1_111' title="bbox 1844 5364 3423 5438">
    <p class='ocr_par' dir='ltr' id='par_1_111' title="bbox 1844 5364 3423 5438">
     <span class='ocr_line' id='line_1_112' title="bbox 1844 5364 3423 5438; baseline -0.011 -6"><span class='ocrx_word' id='word_1_817' title='bbox 1844 5393 2033 5434; x_wconf 79' lang='lat' dir='ltr'><strong>omnes</strong></span> <span class='ocrx_word' id='word_1_818' title='bbox 2085 5375 2467 5431; x_wconf 85' lang='lat' dir='ltr'><strong>dissolverant.</strong></span> <span class='ocrx_word' id='word_1_819' title='bbox 2520 5371 2654 5426; x_wconf 85' lang='lat' dir='ltr'><strong>Cum</strong></span> <span class='ocrx_word' id='word_1_820' title='bbox 2706 5369 2874 5438; x_wconf 79' lang='lat' dir='ltr'><strong>igitur</strong></span> <span class='ocrx_word' id='word_1_821' title='bbox 2925 5364 3284 5420; x_wconf 84' lang='lat' dir='ltr'><strong>dissolventes</strong></span> <span class='ocrx_word' id='word_1_822' title='bbox 3337 5376 3423 5415; x_wconf 80' lang='lat' dir='ltr'><strong>re—</strong></span> 
     </span>
    </p>
   </div>
   <div class='ocr_carea' id='block_1_112' title="bbox 1850 5454 3417 5541">
    <p class='ocr_par' dir='ltr' id='par_1_112' title="bbox 1850 5454 3417 5541">
     <span class='ocr_line' id='line_1_113' title="bbox 1850 5454 3417 5541; baseline -0.013 -18"><span class='ocrx_word' id='word_1_823' title='bbox 1850 5469 2000 5541; x_wconf 86' lang='lat' dir='ltr'><strong>probi</strong></span> <span class='ocrx_word' id='word_1_824' title='bbox 2061 5472 2409 5537; x_wconf 85' lang='lat' dir='ltr'><strong>apparerent,</strong></span> <span class='ocrx_word' id='word_1_825' title='bbox 2467 5461 2816 5517; x_wconf 79' lang='lat' dir='ltr'><strong>observantes</strong></span> <span class='ocrx_word' id='word_1_826' title='bbox 2874 5454 3291 5511; x_wconf 79' lang='lat' dir='ltr'><strong>manifestantur</strong></span> <span class='ocrx_word' id='word_1_827' title='bbox 3318 5467 3417 5508; x_wconf 88' lang='lat' dir='ltr'><strong>ceu</strong></span> 
     </span>
    </p>
   </div>
   <div class='ocr_carea' id='block_1_113' title="bbox 1848 5560 2079 5632">
    <p class='ocr_par' dir='ltr' id='par_1_113' title="bbox 1848 5560 2079 5632">
     <span class='ocr_line' id='line_1_114' title="bbox 1848 5560 2079 5632; baseline 0.022 -23"><span class='ocrx_word' id='word_1_828' title='bbox 1848 5560 2079 5632; x_wconf 74' lang='lat' dir='ltr'><strong>probati.</strong></span> 
     </span>
    </p>
   </div>
   <div class='ocr_carea' id='block_1_114' title="bbox 1920 5635 3409 5713">
    <p class='ocr_par' dir='ltr' id='par_1_114' title="bbox 1920 5635 3409 5713">
     <span class='ocr_line' id='line_1_115' title="bbox 1920 5635 3409 5713; baseline -0.013 -7"><span class='ocrx_word' id='word_1_829' title='bbox 1920 5652 2078 5709; x_wconf 63' lang='grc' dir='ltr'><strong>νεεδ.</strong></span> <span class='ocrx_word' id='word_1_830' title='bbox 2104 5652 2194 5708; x_wconf 75' lang='lat'><strong>20.</strong></span> <span class='ocrx_word' id='word_1_831' title='bbox 2234 5669 2251 5703; x_wconf 86' lang='grc' dir='ltr'><strong>ι</strong></span> <span class='ocrx_word' id='word_1_832' title='bbox 2296 5644 2753 5706; x_wconf 60' lang='lat' dir='ltr'><strong>Couvcnientilius</strong></span> <span class='ocrx_word' id='word_1_833' title='bbox 2794 5642 2956 5713; x_wconf 74' lang='lat' dir='ltr'><strong>igitur</strong></span> <span class='ocrx_word' id='word_1_834' title='bbox 2986 5639 3139 5695; x_wconf 84' lang='lat' dir='ltr'><strong>vobis</strong></span> <span class='ocrx_word' id='word_1_835' title='bbox 3164 5637 3216 5692; x_wconf 91' lang='lat' dir='ltr'><strong>in</strong></span> <span class='ocrx_word' id='word_1_836' title='bbox 3248 5635 3409 5690; x_wconf 78' lang='lat' dir='ltr'><strong>idem</strong></span> 
     </span>
    </p>
   </div>
  </div>
