3806 6620
373 388 482 454 7C3

1301 399 1882 464 THEOPHYLACTI
1919 405 2329 469 BULGARME
2367 410 2728 478 ARCHIEP.

3511 419 3610 488 704

337 519 476 583 non
508 513 594 561 est
637 504 970 561 Domimcam
1016 521 1225 565 cumam
1257 513 1608 568 manducare.
1650 534 1668 566 ι
1705 516 1952 570 Conven-

2070 522 2334 592 Κυριακὸν
2363 523 2578 578 δεῖπνον
2619 527 2841 595 φαγεῖν.
2876 543 2896 580 ι
2938 525 3003 582 Ἦ
3033 527 3138 600 μὲν
3169 527 3498 599 συνέλευσις,
3524 551 3615 604 φη.

367 604 475 660 tus,
532 596 728 665 inquit,
759 597 1077 654 charitatem
1117 599 1318 657 iudicat
1347 613 1401 657 et
1443 606 1899 662 consociationem
1931 624 1945 661 :

367 691 518 758 atqui
572 704 706 760 Opus
752 705 857 744 non
885 693 966 746 fit.
999 691 1328 748 Dominicam
1363 705 1540 749 autem
1574 713 1784 752 cmuam
1819 713 1949 752 cou-

367 779 570 833 vivium
637 782 1011 846 vocat,veluti
1067 783 1422 840 imitationem
1485 788 1776 856 tremenda:
1805 787 1948 843 illius

369 885 557 934 casum,
612 888 776 942 quam
852 872 1114 932 Dominus
1173 892 1276 930 una
1325 892 1449 933 cum
1507 879 1784 948 discipulis
1835 880 1948 935 suis

369 965 734 1020 manducavit.
786 965 1078 1037 Propterea
1133 977 1189 1022 et
1225 984 1436 1024 coenam
1475 971 1758 1040 prandium
1790 985 1951 1026 voca-

367 1057 467 1110 vit.
530 1056 723 1112 Videte
763 1059 947 1128 igitur,
1010 1060 1204 1128 inquit,
1265 1076 1374 1131 quo
1423 1063 1708 1131 orbemini,
1755 1078 1950 1135 nempe

367 1146 673 1202 inuitatione
707 1164 907 1204 mensae
942 1151 1256 1207 Dominica.

443 1238 607 1295 Vens.
639 1241 729 1295 2|.
773 1258 792 1292 α
831 1240 1208 1313 Unusquisque
1254 1244 1398 1299 enim
1428 1249 1702 1315 propriam
1734 1260 1948 1302 ccenam

367 1333 650 1402 praesumit
700 1333 768 1388 ad
829 1335 1282 1391 manducandum.
1350 1355 1369 1389 ι
1407 1337 1741 1392 Dominicam
1811 1338 1952 1394 hanc

369 1440 585 1481 caenam
622 1428 886 1494 privatam
935 1429 1159 1484 fecistis.
1185 1429 1430 1496 Quandiu
1461 1431 1606 1486 enim
1644 1431 1951 1486 communis

369 1527 532 1585 esset,
559 1518 832 1574 Dominica
884 1534 1036 1576 coena
1070 1523 1359 1576 vocabatur
1388 1541 1403 1577 :
1431 1523 1638 1578 Domini
1669 1523 1813 1577 enim
1853 1537 1939 1577 res

369 1613 622 1668 omnibus
699 1614 872 1667 servis
940 1622 1065 1667 sunt
1112 1629 1444 1670 communes.
1509 1612 1774 1679 Quoniam
1821 1628 1952 1668 vero

371 1704 744 1772 unusquisque
796 1707 1088 1762 antevertit
1129 1707 1400 1776 propriam
1451 1720 1665 1763 orenam
1718 1705 1951 1760 mandu-

372 1796 566 1860 cando,
622 1812 719 1852 nec
769 1809 1045 1867 exspectat
1088 1812 1374 1870 pauperes,
1400 1799 1494 1854 sed
1526 1799 1778 1867 privatim
1805 1799 1945 1867 apud

371 1899 492 1941 sese
553 1886 686 1951 edit,
743 1888 1068 1943 contumelia
1117 1888 1374 1945 affecistis
1434 1903 1649 1945 ctenam
1684 1900 1941 1958 vestram,

371 1993 473 2046 pro
505 1978 778 2035 Dominica
807 1981 1068 2050 privatam
1106 1981 1390 2039 facientes.

450 2090 468 2123 ι
505 2070 572 2125 Ει
601 2072 737 2126 alius
771 2074 983 2142 quidem
1017 2075 1208 2138 esurit,
1242 2074 1378 2130 alius
1408 2090 1535 2131 vero
1570 2075 1753 2131 ebrius
1779 2087 1884 2132 est.
1927 2097 1950 2130 ι

371 2162 583 2232 Pauper
609 2165 820 2234 quidem
875 2166 1064 2232 esurit,
1113 2169 1398 2237 opulentus
1450 2183 1580 2224 vero
1634 2169 1949 2226 inebriatur.

374 2255 489 2312 Duo
523 2266 701 2314 autem
744 2258 832 2312 hic
864 2268 989 2314 sunt
1031 2260 1261 2328 piacula,
1293 2269 1347 2314 et
1370 2259 1512 2330 quod
1556 2270 1954 2330 praetereuntur

372 2363 658 2417 pauperes,
713 2359 765 2404 et
789 2351 929 2418 quod
958 2365 1053 2404 vos
1104 2349 1469 2416 inebriamiui,
1499 2351 1597 2406 soli
1628 2351 1695 2406 iis
1720 2352 1949 2406 saturati

373 2455 494 2508 qua:
554 2440 716 2494 etiam
781 2441 1105 2511 pauperibus
1154 2443 1438 2511 Oportebat
1487 2453 1743 2514 apparata
1807 2458 1950 2499 esse.

372 2532 692 2600 Emphatice
721 2543 901 2588 autem
937 2534 1090 2600 dixit,
1139 2553 1158 2585 ι
1187 2534 1380 2590 Ebrius
1406 2545 1509 2591 est.
1551 2555 1570 2588 ι

444 2624 606 2681 Vsus.
661 2626 754 2681 22.
789 2645 807 2678 ι
844 2626 1094 2696 Nunquid
1139 2627 1284 2681 enim
1332 2627 1521 2682 domos
1576 2642 1683 2682 non
1741 2626 1949 2682 habetis

372 2719 440 2774 ad
497 2719 759 2774 edendum
805 2728 861 2774 et
898 2718 1237 2773 bibendum?
1275 2738 1295 2771 ι
1328 2719 1382 2774 Si
1409 2720 1552 2774 enim
1581 2719 1951 2774 communiter

373 2821 430 2868 et
475 2811 686 2882 publice
739 2826 844 2866 nou
875 2811 1008 2867 estis
1035 2812 1206 2877 esuri,
1245 2827 1343 2867 cur
1366 2827 1468 2868 non
1511 2812 1562 2867 in
1605 2813 1811 2867 aedibus
1854 2826 1952 2867 ve-

375 2904 506 2960 stris
539 2903 738 2959 editis?

450 3015 470 3049 ι
509 2997 615 3053 Aut
677 2997 973 3054 Ecclesiam
1015 2999 1110 3056 Dei
1154 2998 1545 3055 contemnitis?
1580 3017 1599 3050 ι
1646 2997 1778 3054 Cum
1807 2997 1952 3054 enim

375 3091 710 3147 Dominicam
766 3108 979 3149 cumam
1035 3094 1296 3164 privatam
1357 3092 1951 3159 feceris,manducans

376 3185 518 3256 apud
592 3185 858 3259 teipsum,
913 3187 966 3243 in
1021 3188 1322 3268 Ecclesiam
1404 3197 1461 3243 et
1520 3186 1698 3243 locum
1750 3201 1809 3243 es
1871 3187 1948 3242 in-
1980 3213 2025 3270 ο

371 3295 571 3348 Jurius.

454 3387 474 3424 ι
509 3370 570 3424 Et
595 3371 912 3441 pudefacitis
950 3386 1058 3427 non
1091 3371 1382 3427 habentes.
1422 3389 1440 3423 ι
1477 3369 1591 3425 Non
1623 3379 1829 3425 tantum
1855 3385 1952 3426 cu.

379 3471 502 3517 rant
559 3478 838 3534 pauperes,
892 3464 1087 3534 inquit,
1122 3466 1264 3534 quod
1308 3479 1413 3518 nou
1443 3463 1588 3518 alitis
1629 3477 1744 3526 eos,
1776 3478 1952 3532 quan-

382 3565 492 3608 tum
528 3555 668 3623 quod
723 3555 1004 3624 pudeliunt
1058 3556 1351 3623 redarguti,
1381 3555 1522 3626 quod
1557 3555 1658 3625 ipsi
1689 3554 1821 3609 nihil
1853 3555 1952 3608 ha-

375 3650 562 3716 beant,
592 3650 746 3705 vobis
793 3648 1071 3720 splendide
1103 3647 1569 3714 accumbentibus,
1628 3662 1691 3704 ac
1717 3647 1844 3704 vino
1871 3647 1956 3702 in-

378 3741 747 3812 dulgeutibus.

450 3851 470 3884 ι
515 3831 652 3899 Quid
705 3833 860 3888 vobis
909 3833 1133 3888 dicam?
1163 3832 1420 3888 Laudabo
1467 3832 1605 3888 vos?
1635 3831 1692 3887 ln
1718 3831 1820 3888 hoc
1850 3845 1957 3888 non

374 3922 558 3978 laudo.
600 3940 620 3974 ι
653 3921 782 3979 Post
826 3924 1030 3979 erroris
1062 3924 1576 3979 demonstrationem
1605 3923 1788 3978 mitius
1832 3939 1956 3978 cum

376 4010 487 4068 illis
538 4012 798 4082 loquitur.
842 4014 974 4070 Cum
1003 4017 1150 4072 enim
1173 4016 1358 4071 dicere
1402 4016 1693 4082 potuisset,
1737 4016 1839 4080 ista
1875 4016 1960 4070 in-

381 4102 624 4158 numeris
670 4105 934 4160 mortibus
981 4105 1162 4175 digna,
1193 4105 1307 4174 ipse
1337 4105 1465 4173 quid
1496 4104 1614 4158 ait?
1647 4121 1667 4155 ‹
1708 4103 1960 4159 Laudabo

379 4193 519 4248 vos?
552 4192 609 4248 ln
667 4193 770 4249 hoc
802 4209 906 4249 non
961 4195 1137 4250 laudo.
1178 4214 1198 4249 ι
1234 4195 1347 4251 Hoc
1376 4205 1556 4250 autem
1597 4194 1750 4262 facit,
1781 4204 1839 4250 ut
1865 4211 1960 4252 eos

383 4283 762 4339 clementiores
789 4300 911 4356 erga
947 4300 1214 4356 pauperes
1253 4289 1458 4342 reddat.
1493 4288 1549 4342 Si
1580 4288 1726 4342 enim
1758 4303 1851 4343 eos
1894 4287 1960 4344 ad

385 4375 547 4429 finem
607 4390 780 4446 usque
823 4379 1199 4435 vehementius
1253 4381 1635 4450 percussisset,
1697 4382 1960 4437 adversus

379 4467 570 4536 inopes
619 4467 953 4524 crudeliores
1009 4468 1133 4525 facti
1165 4481 1368 4537 essent,
1394 4472 1593 4543 quippe
1618 4472 1741 4543 quia
1770 4487 1959 4528 eorum

380 4573 546 4612 causa
570 4559 638 4612 ab
666 4559 926 4629 Apostolo
958 4559 1256 4630 ignominia
1291 4563 1491 4618 affecti.

450 4645 616 4702 Vsus.
637 4649 727 4703 Ξῖ).
763 4667 782 4699 ιι
841 4648 954 4720 Ego
986 4651 1131 4705 enim
1158 4652 1339 4720 accepi
1366 4667 1394 4705 a
1422 4650 1669 4716 Domino,
1725 4653 1866 4724 quod
1904 4659 1959 4706 et

380 4738 578 4792 tradidi
632 4738 807 4796 vobis.
858 4759 877 4792 ι
909 4740 1072 4810 Cujus
1115 4743 1191 4798 rei
1244 4744 1417 4812 gratia
1472 4745 1852 4816 mysteriorum
1905 4756 1959 4798 et

380 4844 622 4899 vesperae
677 4831 818 4886 illius
863 4833 1147 4888 meminit?
1197 4833 1430 4890 Omnino
1513 4837 1841 4898 necessario,
1905 4845 1962 4889 ut

382 4923 705 4991 persuadeat
734 4926 874 4992 quod
905 4923 1164 4979 Dominus
1186 4935 1310 4982 tuus
1341 4918 1534 4982 omnés
1561 4928 1748 4981 eadem
1773 4941 1959 4982 mensa

380 5016 632 5084 excipere
669 5016 918 5084 dignatus
969 5017 1058 5081 sit,
1091 5023 1148 5070 tu
1170 5032 1294 5072 vero
1349 5018 1571 5072 fratrem
1606 5018 1848 5087 ejusdem
1879 5029 1962 5072 te-

382 5122 508 5164 Cum
559 5108 774 5180 generis
834 5119 888 5162 et
911 5118 1114 5163 naturae
1178 5110 1448 5166 aversaris
1503 5121 1557 5166 et
1605 5112 1959 5180 dedignaris?

381 5201 570 5270 Atqui
633 5201 710 5267 ait
754 5217 783 5255 a
813 5201 1039 5255 Domino
1080 5215 1138 5256 se
1191 5201 1344 5272 191
1404 5203 1723 5274 accepisse?
1774 5203 1958 5273 Neque

383 5293 527 5348 enim
583 5302 696 5350 tum
756 5296 964 5361 aderat,
1021 5295 1114 5350 sed
1138 5306 1452 5364 persecutor
1491 5307 1627 5351 erat.
1652 5296 1724 5352 Ut
1755 5298 1957 5363 discas,

383 5385 532 5455 quod
583 5388 878 5442 etiamnum
940 5387 1056 5456 ipse
1108 5395 1192 5442 est
1222 5389 1313 5458 qui
1358 5391 1582 5459 mystica
1624 5404 1809 5445 mensa
1843 5405 1960 5460 my-

383 5477 548 5533 steria
570 5477 658 5533 illa
700 5481 885 5547 tradit,
914 5493 1068 5549 asque
1097 5489 1259 5548 atque
1285 5488 1418 5534 tum.

2054 612 2161 677 civ,
2211 612 2434 685 ἀγάπην
2475 615 2812 670 ἐνδείκνυται
2854 619 2951 671 καὶ
2999 620 3458 690 σιδναγελαονμόν⁶
3490 623 3614 693 πλὴν

2049 705 2110 758 ού
2140 705 2350 775 γίνεται
2375 707 2434 759 τὸ
2463 706 2647 777 ἔργον.
2687 710 2966 778 κυριακὸν
2996 712 3050 766 δὲ
3088 712 3313 766 δεῖπνον
3352 711 3504 765 καλεῖ
3527 714 3613 784 τὴν

2053 799 2398 854 συνεστίασιν
2429 800 2496 864 ⁸⁸,
2526 800 2601 864 ὡς
2627 799 2860 870 μίμησιν
2891 801 3101 855 ἐκείνου
3130 802 3230 855 τοῦ
3265 802 3522 870 φρικτοῦ,
3550 803 3617 857 δό

2051 890 2255 963 Κύριος
2293 891 2567 960 συνέφαγε
2595 893 2711 954 τοῖς
2751 891 3024 962 μαθηταῖς
3052 909 3068 925 ο
3099 893 3184 947 διὸ
3218 893 3316 946 καὶ
3339 892 3544 945 δεῖπνον
3567 894 3618 948 τὸ

2052 985 2274 1056 ἄριστον
2308 985 2588 1040 ἐκάλεσεν.
2612 987 2780 1041 Ἴδετε
2806 987 2920 1052 οὖν,
2956 988 3113 1058 φησὶ,
3149 988 3302 1048 τίνος
3335 985 3615 1056 στερείσθε,

2051 1076 2146 1130 τοῦ
2193 1077 2481 1149 μιμεῖσθαι
2510 1077 2610 1150 τὴν
2641 1077 2979 1149 Δεσποτικὴν
3019 1077 3341 1150 τράπεζαν.

2129 1266 2147 1299 ι
2186 1245 2458 1309 Ἕκαστος
2489 1246 2599 1317 γὰρ
2639 1245 2701 1299 τὸ
2746 1245 2878 1300 ῐδιον
2911 1245 3129 1300 δεῖπνον
3164 1245 3541 1316 προλαμϐάνει
3567 1247 3617 1301 ἐν

2050 1339 2128 1411 τῷ
2159 1341 2376 1409 φαγεῖν.
2414 1358 2434 1392 ι
2469 1341 2543 1393 Τὸ
2585 1339 2866 1410 κυριακὸν
2907 1339 3064 1393 τοῦτο
3106 1339 3330 1392 δεῖπνον
3355 1339 3616 1396 ,ἰδιωτικὸν

2052 1432 2413 1502 πεποιήκατε.
2450 1431 2598 1495 Ἕως
2620 1431 2717 1501 μὲν
2751 1431 2861 1503 γάρ
2886 1428 2954 1503 ἦν
2983 1431 3191 1496 κοινὸν,
3229 1433 3328 1484 καὶ
3361 1433 3618 1503 κυριακὸν

2051 1524 2266 1575 δεῖπνον
2290 1521 2509 1589 ἐλέγετο
2527 1538 2542 1553 ·
2576 1521 2642 1575 τά
2661 1521 2767 1592 γάρ
2797 1521 2892 1574 τοῦ
2919 1515 3198 1574 Δεσπότου
3234 1521 3376 1574 πάντ
3387 1539 3460 1574 ων
3481 1523 3616 1575 κοινὰ

2051 1613 2160 1667 τῶν
2200 1612 2424 1669 δούλων.
2463 1613 2616 1666 Ἐπεὶ
2638 1613 2695 1666 δὲ
2725 1612 2956 1676 ἕκαστος
2996 1612 3385 1683 προλαμϐάνει
3414 1611 3618 1682 τρώγων

2053 1706 2114 1758 τὸ
2145 1706 2274 1760 ἴδιον
2303 1706 2542 1772 δεῖπνον,
2596 1705 2694 1759 καὶ
2740 1707 2842 1759 οὐκ
2888 1705 3155 1776 ἀναμένει
3212 1705 3345 1768 τοὺς
3379 1705 3612 1772 πένητας,

2053 1795 2170 1849 ἀλλ’
2203 1795 2310 1866 ἰδίᾳ
2327 1795 2498 1849 ἐσθίει
2530 1794 2653 1851 καθ’
2677 1796 2890 1860 ἑαυτὸν,
2908 1796 3227 1867 ἠτιμάσατε
3262 1796 3308 1832 ⁸⁸
3339 1796 3399 1847 τὸ
3427 1795 3617 1849 δεῖπνον

2055 1890 2229 1963 ὑμῶν,
2257 1891 2379 1945 ἀντὶ
2407 1888 2692 1962 Κυριακοῦ
2732 1889 3000 1943 ἰδιωτικὸν
3041 1889 3394 1969 ποιήσαντες.

2130 2091 2149 2125 ι
2188 2073 2299 2126 Καὶ⁵
2327 2071 2400 2136 ὃς
2425 2071 2523 2143 μὲν
2540 2073 2723 2144 πεινᾷ,
2752 2070 2810 2135 ὃς
2837 2071 2894 2126 δέ
2928 2070 3142 2142 μεθύει.
3185 2088 3205 2122 ι
3251 2069 3314 2122 '0
3345 2069 3511 2143 πένης
3531 2067 3614 2137 μὲν

2054 2167 2238 2235 πεινᾷ.
2281 2167 2308 2216 ό
2352 2165 2410 2218 δὲ
2469 2163 2725 2225 πλούσιος
2758 2162 2974 2235 μεθύει.
3008 2163 3114 2216 Δύο
3175 2162 3236 2214 δὲ
3293 2159 3612 2228 ἐγκλήματα,

2053 2257 2134 2310 ὅτι
2163 2273 2223 2308 τε
2276 2256 2629 2327 παρορῶνται
2678 2255 2726 2308 oi
2786 2256 3043 2327 πένητες,
3079 2253 3180 2309 καὶ
3221 2254 3308 2307 ὅτι
3356 2252 3503 2321 ὑμεῖς
3531 2268 3613 2320 με·

2055 2345 2233 2410 θύετε,
2285 2348 2438 2416 μόνοι
2504 2348 2815 2418 σιτούμενοι
2851 2346 2888 2402 ἃ
2937 2347 3031 2402 καὶ
3087 2348 3205 2411 τοῖς
3266 2345 3491 2413 πένησιν
3520 2342 3609 2398 ἔδει

2054 2440 2520 2511 παρεσκευάσθαι.
2587 2441 2972 2512 Ἐμφαντικῶς
3009 2441 3066 2494 δὲ
3115 2438 3202 2506 τὸ,
3247 2458 3265 2490 ι
3326 2436 3542 2502 Μεθύει,
3591 2452 3606 2484 ι

2053 2530 2194 2589 εἶπε.

2131 2647 2150 2680 ‹
2185 2627 2276 2697 Μὴ
2308 2627 2416 2696 γὰρ
2480 2627 2656 2691 οίκίας
2691 2625 2788 2681 οὐκ
2844 2627 2996 2697 ἔχετε
3031 2628 3112 2691 είς
3171 2627 3241 2680 τδ
3297 2625 3492 2678 ἐσθίειν
3525 2626 3604 2677 nl

2056 2720 2270 2787 πίνειν;
2315 2738 2333 2772 ι
2379 2721 2439 2772 Ei
2466 2721 2573 2790 γὰρ
2602 2720 2678 2792 μὴ
2706 2720 2904 2784 κοινῶς
2935 2721 3160 2791 μέλλετε
3204 2719 3428 2784 ἐσθίειν,
3463 2718 3540 2772 διὰ
3565 2718 3609 2770 τί

2056 2815 2132 2886 μὴ
2165 2815 2222 2867 ὲν
2249 2817 2369 2878 ταῖς
2399 2813 2600 2878 οἰκίαις
2633 2814 2788 2885 ὑμῶν
2818 2812 3031 2867 ἐσθίετε
3059 2830 3074 2880 ;

2129 3015 2148 3048 ‹
2191 2996 2262 3048 Ἦ
2283 2994 2382 3065 τῆς
2433 2992 2762 3065 Ἐκκλησίας
2791 2992 2884 3047 τοῦ
2933 2993 3071 3048 Θεοῦ
3121 2993 3545 3064 καταφρονείτες
3583 3009 3600 3044 ο

2055 3086 2226 3143 Ὅταν
2256 3087 2366 3159 γάρ
2437 3086 2497 3140 τὸ
2535 3085 2822 3155 κυριακὸν
2855 3085 3072 3140 δεῖπνον
3119 3084 3396 3138 ἰδιωτικὸν
3446 3085 3602 3151 ποιῇς,

2057 3180 2253 3235 ἐσθίων
2282 3179 2404 3234 καθ’
2432 3179 2625 3233 ἑαυτὸν
2656 3179 2723 3245 ⁸⁸,
2756 3178 2837 3243 είς
2881 3177 2982 3250 τὴν
3035 3177 3374 3248 Ἐκκλησίαν
3415 3175 3500 3229 καὶ
3528 3174 3604 3227 τὸν

2054 3273 2218 3327 τόπον
2259 3273 2522 3344 ὑϐρίζεις.

2133 3388 2153 3422 ι
2197 3368 2309 3423 Καὶ
2343 3365 2739 3436 καταισχύνετε
2795 3365 2923 3428 τοὺς
2966 3365 3041 3435 μὴ
3097 3363 3349 3435 ἔχοντας.
3387 3381 3406 3416 ι
3441 3359 3507 3414 Ού
3532 3375 3604 3411 το-

2059 3457 2268 3525 σοῦτον,
2306 3457 2462 3528 φησι,
2500 3456 2650 3528 μέλει
2685 3456 2796 3518 τοῖς
2847 3454 3096 3525 πένησιν,
3148 3455 3238 3508 ὅτι
3298 3453 3358 3506 ού
3405 3449 3603 3520 τρέφετε

2057 3551 2279 3618 αὐτοὺς,
2319 3550 2466 3615 ὅσον,
2519 3550 2603 3603 ὅτι
2636 3546 3114 3618 καταισχύνονται,
3157 3544 3501 3615 ἐλεγχόμενοι
3526 3540 3603 3594 ἐπὶ

2055 3642 2133 3713 τῷ
2166 3641 2240 3712 μὴ
2287 3640 2441 3694 αὐτοὶ
2486 3639 2653 3710 ἔχειν,
2704 3637 2860 3707 ὑμῶν
2916 3635 3218 3707 φιλοτίμως
3262 3631 3602 3703 ἀνακειμένων

2056 3737 2152 3790 καὶ
2182 3733 2514 3805 μεθυόντων.
2973 3733 2986 3738 ’

2134 3842 2153 3876 ι
2195 3823 2258 3877 Τί
2290 3823 2419 3893 ὑμῖν
2454 3821 2592 3875 είπω
2620 3821 2699 3887 ⁶⁷;
2747 3818 3055 3874 Ἐπαινέσω
3090 3819 3279 3890 ΰμᾶςς
3325 3819 3410 3872 Ἐν
3456 3813 3603 3882 τούτῳ

2059 3915 2160 3970 οὐκ
2184 3913 2413 3968 ἐπαινῶ.
2444 3931 2462 3965 ι
2493 3911 2650 3967 Μετά
2679 3911 2776 3983 τὴν
2807 3911 3082 3979 ἀπόδειξιν
3124 3911 3222 3964 τοῦ
3275 3909 3600 3979 πταίσματος,

2059 4005 2408 4077 ἡμερώτερον
2440 4003 2626 4066 αὐτοῖς
2681 4002 3012 4071 διαλέγεται.
3052 4002 3233 4072 Ἕχων
3278 4002 3384 4072 γάρ
3434 3999 3599 4059 εἰπεῖν,

2060 4097 2247 4152 Ταῦτα
2280 4097 2490 4168 μυρίων
2515 4096 2759 4150 θανάτων
2785 4095 2934 4162 ἄξια,
2956 4098 2984 4150 ό
3004 4093 3061 4147 δὲ
3083 4093 3136 4148 τί
3163 4110 3359 4164 φησιν;
3389 4111 3406 4144 ι
3441 4091 3600 4143 Ἐπαι-

2060 4189 2202 4243 νέσω
2235 4190 2412 4260 ὑμᾶς;
2446 4191 2503 4241 ἐν
2540 4187 2714 4258 τούτῳ
2746 4187 2847 4240 οὐκ
2872 4185 3103 4240 ἐπαινῶ.
3131 4203 3150 4238 ι
3186 4185 3361 4239 Τοῦτο
3383 4183 3435 4236 δὲ
3459 4179 3598 4244 ποιεί,

2062 4283 2150 4336 ἴνα
2172 4280 2560 4353 ἡμερωτέρους
2589 4280 2790 4343 αὐτοὺς
2826 4281 2940 4341 τοῖς
2967 4279 3165 4349 πένησι
3198 4277 3524 4348 καταστήσῃ.
3548 4272 3599 4326 Ei

2061 4374 2170 4445 γάρ
2203 4373 2563 4445 σφοδρότερον
2591 4371 2896 4441 ἐπέπληξεν
2943 4371 3070 4442 ἄχρι
3108 4369 3322 4435 τέλους,
3344 4369 3598 4440 ’ἠγρίαινον

2063 4468 2130 4523 ἂν
2155 4465 2294 4537 πρὸς
2321 4465 2582 4528 ἐκείνους,
2619 4464 2694 4528 ὡς
2725 4463 2792 4516 δι’
2822 4463 3022 4526 αὐτοὺς
3061 4463 3450 4534 ἀτιμασθέντες
3472 4452 3599 4527 παρὰ

1991 4559 2040 4618 D
2067 4559 2161 4614 τοῦ
2199 4556 2547 4611 ’Δποστόλου.

2137 4670 2155 4704 ι
2211 4649 2354 4718 Ἐγὼ
2417 4648 2524 4720 γάρ
2575 4649 2885 4719 παρέλαϐον
2916 4649 3025 4702 ἀπὸ
3077 4648 3174 4702 τοῦ
3205 4647 3433 4720 Κυρίου,
3475 4637 3599 4696 ὁκαὶ

2063 4744 2358 4814 παρέδωκα
2419 4743 2572 4809 ὑμῖν.
2627 4760 2646 4793 ι
2688 4740 2844 4804 Τίνος
2918 4741 3109 4795 ἕνεκεν
3159 4741 3267 4794 τῶν
3319 4733 3598 4809 μυστηρίων

2017 4887 2026 4901 ,
2067 4837 2343 4905 μέμνηται
2393 4833 2487 4884 καὶ
2523 4831 2622 4901 τῆς
2658 4831 2896 4901 ἑσπέρας
2926 4830 3180 4899 ἐκείνηςς
3235 4829 3437 4898 Σφόδρα
3460 4827 3599 4886 ἀναγ-

2064 4927 2237 4989 καίως
2262 4942 2277 4958 ο
2320 4925 2406 4977 ἴνα
2433 4923 2600 4997 πείσῃ
2623 4925 2712 4988 ⁸⁷⁸,
2740 4925 2821 4977 ὅτι
2878 4924 2934 4977 '0
2982 4923 3260 4992 Δεσπότης
3295 4939 3383 4974 σου
3409 4917 3498 4986 τῆς
3521 4913 3599 4967 αὐ-

2065 5019 2167 5088 τῆς
2199 5017 2406 5080 πάντας
2463 5015 2663 5086 ἠξίωσε
2703 5015 3001 5087 τραπέζης,
3035 5015 3128 5068 καὶ
3172 5017 3237 5068 σὺ
3275 5015 3363 5068 τὸν
3398 5004 3596 5080 ὁμογενῆ

2070 5112 2346 5183 παρωθεῖς
2381 5109 2478 5162 καὶ¹
2495 5109 2743 5174 άπαξιοῖς
2772 5127 2786 5174 ;
2825 5109 2946 5172 Πῶς
2974 5109 3029 5162 δέ
3062 5126 3194 5180 φησι
3224 5108 3370 5178 παρὰ
3393 5102 3477 5156 τοῦ
3503 5101 3595 5152 Κυ-

2073 5207 2191 5278 ρίου
2249 5203 2691 5274 παρειληφέναι;
2735 5202 2857 5256 οὐδὲ
2905 5202 3014 5272 γάρ
3068 5202 3252 5273 παρῆν
3293 5201 3428 5259 τότε,
3483 5187 3596 5246 ἀλλὰ

2066 5299 2302 5368 διώκτης
2323 5293 2412 5367 ἦν.
2452 5297 2571 5350 Ἵνα
2620 5295 2822 5368 μάθῃς,
2868 5296 2952 5349 ὅτι
3003 5299 3096 5348 καὶ
3129 5297 3366 5367 σήμερον
3407 5287 3488 5343 ἐπὶ
3516 5282 3594 5350 τῆς

2070 5390 2340 5462 μυστικῆς
2389 5388 2669 5458 τραπέζης
2702 5387 2865 5452 αὑτός
2921 5391 3067 5442 ἐστιν
3125 5389 3155 5442 ό
3185 5382 3496 5460 παραδιδοὺς
3538 5371 3595 5437 τὶ

1961 5522 1965 5524 -
2071 5481 2373 5553 μυστήρια,
2398 5479 2586 5552 ὥσπερ
2617 5481 2711 5534 καὶ
2733 5480 2880 5538 τότε.

1679 5646 1874 5708 Variae
1907 5645 2236 5709 lectiones.
2611 5725 2614 5728 ν

459 5766 504 5846 οξ
532 5767 780 5846 ἐᾳστία-σιν
801 5781 853 5824 0.
878 5767 1302 5846 “gurgitem
1350 5787 1483 5844 φησι
1521 5788 1587 5827 m.
1671 5773 1716 5806 ⁶⁶
1762 5772 1884 5828 καθ’
1924 5772 2116 5828 ἑαυτὸν
2156 5774 2214 5829 ἐν
2250 5775 2316 5846 τῇ
2361 5772 2679 5846 Ἐκκλησία,
2724 5771 2818 5828 καὶ
2869 5770 2962 5827 τὸν
3010 5767 3175 5826 τόπον
3215 5765 3337 5839 ὐσρ.
3371 5775 3416 5820 ο.
3484 5752 3521 5787 ⁸⁷
3545 5744 3586 5804 τί

392 5839 523 5894 ὑμῖν
549 5839 696 5894 δοκεῖ
726 5855 798 5893 m.
876 5838 942 5870 ⁶⁷⁹
966 5840 1054 5892 ἵνα
1073 5839 1222 5912 δείξῃ
1247 5856 1317 5896 m.
