3806 6582
183 396 276 462 705

900 444 904 449 .
951 387 1359 451 EXPOSITIO
1396 389 1476 451 IN
1515 389 1758 453 EPIST.
1800 392 1828 451 Ι
1869 391 1968 473 AD
1996 389 2163 451 COR.
2197 416 2265 429 -
2306 391 2470 452 CAP.
2498 391 2606 453 XI.

3315 393 3424 460 706

249 524 266 556 ι
307 503 421 559 Ὀτι
457 502 485 555 ό
516 499 716 571 Κύριος
760 500 967 569 Ἰησοῦς
1013 505 1070 554 ἐν
1108 504 1174 572 τῇ
1213 503 1404 568 νυκτὶ,
1509 501 1732 573 παρεδί-

1910 502 2081 557 Vens.
2125 501 2216 555 24.
2281 520 2299 554 ι
2343 501 2606 568 Quoniam
2647 502 2906 560 Dominus
2942 502 3123 571 Jesus,
3173 508 3226 562 in
3265 522 3425 564 nocte

180 599 304 663 δοτο,
348 593 536 648 ἔλαϐεν
578 594 761 663 ἄρτον,
802 594 896 647 καὶ
935 593 1344 664 εὐχαριστήσας
1379 593 1608 658 ἕκλασε,
1639 593 1735 645 καὶ

180 684 308 740 είπε’
342 684 542 738 Λάὸετε
569 723 583 748 ,
615 683 821 753 φάγετε
849 701 863 715 ·
895 683 1054 737 τοῦτό
1088 700 1189 754 μου
1231 687 1347 737 ἐστὶ
1379 684 1441 737 τὸ
1477 684 1636 754 σῶμα
1675 685 1736 738 τὸ

178 779 303 848 ὑπὲρ
336 776 483 847 ὐμῶν
523 774 820 844 κλώμενον.
871 794 890 828 ι
938 776 1349 848 Ἀναμνήσθητε
1370 816 1384 841 ,
1419 777 1618 846 φησὶν,
1653 777 1735 830 ὅτι

177 869 358 938 ταύτην
391 867 622 937 ἐσχάτην
655 868 784 938 ὑμῖν
815 867 1017 920 δέδωκε
1046 869 1145 938 τὴν
1177 868 1572 938 μυσταγωγίαν
1594 909 1608 935 ,
1641 867 1736 921 καὶ

174 962 225 1013 ἐν
252 961 380 1031 αὐτῇ
404 961 469 1030 τῇ
497 961 652 1011 νυκτὶ
749 959 1082 1027 σφάττεσθαι
1118 959 1334 1030 ἔμελλε,
1360 963 1454 1013 καὶ
1481 960 1572 1013 τὸν
1602 977 1735 1030 προσ

171 1053 312 1122 δότην
332 1047 438 1122 εἶχε
466 1051 740 1105 συνέστιον
758 1053 802 1083 ⁶⁸
828 1069 839 1082 ο
870 1054 965 1106 καὶ
993 1054 1056 1106 σὺ
1082 1052 1334 1117 άπαξιοῖς
1357 1052 1446 1104 τὸν
1472 1052 1732 1126 άδελιρόνς

175 1145 270 1198 Καὶ
301 1143 584 1214 ἐδιδάχθης
623 1145 723 1214 μὲν
764 1144 1117 1215 εὐχαριστεῖν
1141 1161 1155 1176 σ
1206 1145 1303 1196 καὶ
1341 1146 1448 1215 γάρ
1481 1145 1734 1206 κάκείνος

173 1237 546 1310 ηὐχαρίστησε,
580 1237 750 1290 τύπον
790 1239 922 1307 ἡμῖν
948 1237 1154 1300 διδοῦς’
1179 1239 1375 1302 ἀνάξια
1407 1239 1465 1292 δὲ
1509 1239 1606 1307 τῆς
1639 1239 1732 1292 εὐ-

171 1329 434 1400 χαριστίας
492 1331 698 1395 ποιεῖς,
767 1325 1006 1399 ὑϐρίζων
1059 1328 1158 1399 τὴν
1225 1329 1590 1399 Ἐκκλησίαν,
1637 1331 1734 1383 καὶ

171 1421 437 1483 πεινῶντος
473 1420 638 1474 ἄλλου
662 1461 678 1485 ,
709 1420 872 1484 αὐτὸς
917 1419 1156 1491 μεθύων.
1204 1421 1314 1475 Καὶ
1355 1422 1384 1473 ό
1420 1421 1519 1491 μὲν
1565 1423 1732 1476 πᾶσιν

167 1509 272 1566 εἷπε
293 1513 504 1578 κοινῶς,
532 1530 552 1563 ι
579 1512 812 1577 Λάϐετε,
847 1513 1073 1582 φάγετε,
1103 1531 1122 1564 ›
1149 1514 1243 1567 καὶ
1271 1511 1468 1578 ταῦτα,
1490 1511 1551 1566 τὸ
1573 1514 1733 1585 σῶμα

168 1604 354 1670 αὐτοῦ,
389 1603 417 1656 ὃ
465 1605 610 1671 ὑπὲρ
645 1605 867 1658 πάντων
917 1605 1116 1676 ἐπίσης
1159 1605 1380 1673 ἑκλασε,
1426 1606 1606 1670 διδοὺς
1650 1608 1732 1670 είς

166 1693 374 1750 θάνατον
398 1711 412 1724 ·
441 1697 508 1748 σὺ
537 1695 596 1748 δὲ
621 1696 666 1728 ⁶⁹
691 1695 1102 1767 προλαμϐάνεις
1126 1697 1343 1763 ἐσθίων,
1374 1698 1467 1751 καὶ
1491 1697 1612 1751 οὐδὲ
1639 1698 1731 1752 τδν

167 1791 324 1846 κοινὸν
353 1790 517 1862 ἄρτον
557 1795 639 1855 εἰς
673 1792 734 1845 τὸ
771 1792 938 1862 μέσον
971 1792 1129 1863 τίθης
1153 1835 1168 1860 ,
1215 1793 1338 1848 οὐδὲ
1374 1795 1510 1866 κλᾷς
1543 1794 1728 1862 αὐτὸν,

167 1883 242 1938 ἵνα
258 1883 379 1955 δοθῇ
410 1883 649 1952 πολλοῖς,
681 1884 818 1938 ἀλλὰ
849 1883 1034 1957 σαυτῷ
1065 1885 1336 1956 κατέχεις.

230 2169 249 2203 ι
297 2150 464 2206 Τοῦτο
512 2153 722 2206 ποιεῖτε
761 2151 842 2216 είς
887 2151 988 2222 τὴν
1029 2151 1174 2223 ἐμὴν
1212 2150 1539 2223 ἀνάμνησιν.
1599 2170 1618 2203 ι
1663 2152 1730 2206 Τί

165 2241 354 2312 λέγεις;
387 2245 449 2296 Ei
482 2245 586 2314 μὲν
619 2243 752 2297 Υἱοῦ
783 2244 1094 2314 ἀνάμνησιν
1139 2245 1172 2316 ἢ
1221 2245 1435 2316 Πατρὸς
1481 2244 1686 2309 ἐποίεις
1713 2284 1729 2311 ,

167 2335 388 2405 ἐπλήγης
420 2336 486 2388 άν
521 2334 631 2388 ὐπὸ
663 2335 760 2388 τοῦ
798 2334 1136 2398 συνειδότος,
1181 2336 1232 2388 εί
1266 2335 1341 2404 μὴ
1411 2335 1480 2388 τά
1517 2351 1732 2405 νενομι-

175 2425 328 2494 σμένα
359 2424 712 2497 ἐπλήρωσας,
734 2428 830 2480 καὶ
845 2427 1083 2498 πένητας
1113 2426 1399 2490 ἐκάλεσας·
1421 2427 1730 2498 ἀνάμνησιν

168 2515 217 2568 δὲ
256 2517 419 2569 τελῶν
472 2516 570 2570 τοῦ
625 2517 900 2570 Δεσπότου
924 2558 940 2587 ,
980 2518 1102 2572 οὐδὲ
1154 2519 1437 2588 τραπέζης
1475 2519 1730 2582 enim"

170 2608 460 2677 μεταδίδως.

233 2718 250 2751 ι
305 2700 578 2766 Ὡσαύτως
629 2703 726 2757 καὶ
764 2702 826 2756 τὸ
857 2703 1118 2775 ποτήριον
1153 2703 1291 2774 μετὰ
1317 2703 1377 2758 τὸ
1404 2703 1730 2774 δειπνῆσαι,

168 2791 322 2862 λέγων
343 2811 356 2826 ο
376 2793 548 2848 Τοῦτο
566 2794 629 2848 τὸ
658 2797 922 2864 ποτήριον
951 2797 982 2866 ἠ
1010 2796 1188 2866 Καινὴ
1219 2796 1467 2868 Διαθήκη
1500 2797 1648 2849 ἐστὶν
1677 2798 1733 2849 ἐν

168 2888 235 2956 τῷ
260 2886 370 2958 ἐμῷ
393 2887 614 2959 αἵματι.
651 2907 669 2940 ι
700 2883 888 2942 1Ἦσαν
921 2888 1018 2942 καὶ
1041 2891 1098 2942 ὲν
1124 2891 1192 2958 τῇ
1221 2889 1436 2960 Παλαιᾷ
1471 2891 1731 2960 ποτήρια,

169 2980 220 3033 ὲν
247 2975 322 3043 οἷς
355 2981 412 3033 τὸ
444 2975 590 3052 αἷμα
610 2981 720 3035 τῶν
750 2981 964 3050 ἀλόγων
997 2981 1255 3035 ἔσπενδον
1286 2983 1427 3052 μετὰ
1448 2982 1508 3036 τὸ
1531 2982 1690 3036 θῦσαι
1716 3021 1732 3049 ,

170 3071 319 3143 φιάλῃ
353 3075 442 3126 καὶ
475 3074 731 3144 ποτηρίῳ
765 3074 923 3128 τοῦτο
968 3074 1271 3146 δεχόμενοι.
1320 3077 1466 3128 Ἀντί
1513 3074 1608 3128 τοῦ
1651 3074 1736 3128 αῖ-

174 3179 324 3231 ματος
353 3163 530 3218 τοίνυν
556 3165 670 3220 τῶν
700 3165 913 3234 άλόγων
937 3206 952 3232 ,
983 3164 1012 3217 ὃ
1038 3169 1139 3236 τὴν
1178 3167 1426 3219 Παλαιὰν
1457 3166 1734 3239 Διαθήκην

170 3256 446 3328 ἐσφράγισε
474 3300 488 3325 ,
535 3259 606 3311 τὸ
644 3257 776 3328 ἐμὸν
809 3252 952 3329 αἷμα
983 3258 1076 3312 νῦν
1107 3259 1339 3329 τίθημι,
1375 3257 1474 3330 τὴν
1520 3261 1732 3332 Καινὴν

171 3349 421 3420 Διπθηκην
447 3351 887 3421 ὲπισφραγίζων.
912 3352 1005 3421 Μὴ
1031 3350 1341 3422 θορυϐηθῇς
1358 3351 1472 3419 οὐν,
1500 3352 1733 3423 αἵματος

171 3439 382 3495 ἁκούων.
416 3443 525 3497 Καὶ
556 3443 734 3513 γὰρεί
762 3445 823 3495 τὸ
853 3443 962 3498 τῶν
988 3444 1201 3513 ἀλόγων
1230 3446 1395 3514 ἐδέξω
1427 3447 1486 3501 ἐν
1517 3449 1584 3519 τῇ
1617 3448 1731 3502 Πα-

171 3529 298 3601 λαιᾷ,
334 3534 480 3604 πόσῳ
513 3533 722 3605 μᾶλλον
749 3534 811 3588 τὸ
840 3533 987 3588 θεῖον
1011 3533 1108 3589 νῦν
1133 3553 1147 3602 ;

236 3823 252 3857 ι
283 3805 447 3860 Τοῦτο
479 3808 691 3860 ποιεῖτε
727 3806 920 3871 ὁσάκις
957 3807 1024 3861 ἂν
1057 3805 1248 3877 πίνητε
1275 3847 1290 3873 ,
1335 3808 1414 3870 είς
1453 3805 1552 3874 τὴν
1592 3805 1732 3876 ἐμὴν

175 3897 476 3968 ἀνάμνησιν.
512 3917 530 3950 ι
574 3897 685 3951 Καὶ
718 3896 807 3950 διὰ
831 3898 924 3950 τοῦ
951 3898 1235 3968 ποτηρίου,
1272 3899 1456 3969 φησιν,
1488 3897 1734 3968 ἀνάμνη-

174 4007 246 4043 σιν
281 3993 444 4056 τελεῖς
484 3991 586 4046 τοῦ
621 3992 952 4046 Δεσποτικού
990 3992 1247 4048 θανάτου.
1281 3993 1407 4056 Πῶς
1445 3989 1538 4046 οὖν
1570 3993 1733 4056 αὐτὸς

175 4084 314 4153 μόνος
343 4086 513 4150 πίνεις
562 4084 657 4138 καὶ
693 4085 942 4155 μεθύεις,
988 4085 1083 4138 τοῦ
1117 4084 1348 4155 φρικτοῦ
1375 4085 1422 4116 τί
1466 4083 1728 4154 ποτηρίου

174 4181 320 4230 πᾶσιν
348 4179 543 4248 ἐπίσης
574 4177 816 4240 δοθέντος
842 4193 858 4244 ;

237 4288 254 4319 ι
301 4271 518 4334 Ὁσάκις
553 4271 664 4341 γὰρ
705 4269 772 4323 ἂν
803 4268 1021 4339 ἐσθίητε
1054 4269 1148 4322 τὸν
1176 4270 1343 4340 ἄρτον
1385 4267 1576 4323 τοῦτον
1597 4308 1612 4335 ,
1639 4270 1734 4322 καὶ

173 4357 225 4410 τὸ
245 4362 495 4432 ποτήριον
539 4360 699 4412 τοῦτο
731 4359 920 4429 πίνητε
941 4400 956 4426 ,
996 4359 1089 4414 τὸν
1129 4360 1357 4414 θάνατον
1385 4360 1481 4413 τοῦ
1521 4359 1732 4431 Κυρίου

174 4455 558 4522 καταγγέλλετε
606 4452 768 4524 ἄχρις
789 4454 834 4484 ⁷⁸
888 4451 957 4507 ἂν
995 4452 1146 4526 ἔλθῃ.
1205 4470 1224 4505 ι
1288 4453 1476 4517 Οὐτω,
1528 4452 1729 4524 φησὶν,

1839 610 1945 664 qua
1997 595 2331 660 tradebatur,
2379 596 2586 666 accepit
2623 611 2838 664 panem,
2888 607 2945 651 et
2983 609 3266 668 postquam
3303 619 3428 669 gia-

1842 688 1944 741 tias
1976 687 2196 756 egisset,
2230 687 2410 754 fregit,
2445 703 2505 741 ac
2555 688 2713 752 dixit,
2757 687 3020 757 Accipite,
3059 694 3378 749 manducate
3409 710 3424 746 :

1841 775 1953 830 lloc
1990 788 2068 832 est
2115 793 2315 846 corpus
2353 793 2551 841 meum,
2590 779 2732 848 quod
2763 795 2860 849 pro
2892 781 3044 834 vobis
3073 781 3362 851 frangitur.
3399 803 3418 836 ι

1838 864 2240 930 Rerordamini,
2277 867 2470 936 inquit,
2501 867 2641 935 quod
2679 869 2818 921 hanc
2853 867 3095 922 ultimam
3130 873 3282 925 vobis
3326 875 3423 928 de-

1837 959 2718 1029 deritinstitutiOneni;quodque
2766 974 2828 1013 ca
2879 961 3042 1015 etiam
3095 973 3256 1017 nocte
3313 979 3419 1033 qua

1838 1050 2159 1104 mactandos
2213 1059 2348 1115 erat,
2387 1051 2559 1119 ipsum
2613 1053 2941 1120 proditorem
2987 1056 3270 1107 convivam
3325 1056 3420 1106 lia.

1839 1141 2016 1196 Interit
2069 1159 2081 1194 :
2139 1141 2204 1195 Et
2253 1152 2304 1196 tu
2350 1141 2572 1196 fratrem
2629 1143 3113 1218 tutturindignum
3161 1144 3424 1212 judicas?

1837 1232 2075 1288 Edoctus
2119 1248 2180 1289 es
2217 1234 2380 1287 etiam
2408 1235 2609 1301 gratias
2665 1251 2862 1303 agere;
2901 1236 3334 1306 quandoquidem
3369 1249 3424 1291 et

1837 1327 1928 1382 ille
1967 1328 2168 1396 gratias
2213 1331 2418 1399 egerit,
2473 1330 2780 1400 exemplum
2841 1331 2995 1386 nobis
3046 1332 3358 1402 relinquens
3401 1350 3418 1388 :

1835 1422 1983 1490 atqui
2032 1429 2088 1476 tu
2140 1421 2358 1492 indigna
2402 1424 2700 1492 gratiarum
2734 1425 2947 1480 actione
2977 1427 3296 1492 committis,
3330 1425 3419 1481 in-

1828 1514 2029 1585 juriam
2073 1516 2314 1572 inferens
2371 1518 2651 1582 Ecclesia,
2699 1519 2915 1589 alioque
2973 1521 3255 1576 esuriente
3307 1525 3424 1591 ipse

1833 1605 2142 1663 inebriaris.
2198 1609 2270 1663 At
2325 1624 2457 1664 vero
2503 1610 2593 1667 ille
2638 1611 3000 1666 communiter
3045 1614 3297 1668 erunibus
3336 1614 3422 1667 di-

1831 1700 1936 1766 xit,
1961 1701 2230 1771 Accipite,
2272 1703 2438 1771 edite,
2470 1703 2630 1772 idque
2682 1719 2878 1774 corpus
2927 1719 3109 1772 suum,
3148 1707 3288 1775 quod
3326 1721 3422 1774 pro

1831 1794 2083 1850 erunibus
2125 1812 2193 1851 ex
2249 1812 2404 1867 aequo
2448 1795 2632 1868 fregit,
2681 1799 2732 1853 in
2797 1807 3028 1852 mortem
3087 1797 3336 1863 tradens;
3367 1809 3423 1853 tu

1836 1902 1966 1941 vero
1996 1888 2204 1944 edendo
2235 1890 2551 1956 antevenis,
2591 1905 2766 1960 neque
2818 1904 3184 1949 communem
3224 1905 3420 1961 panem

1834 1981 1888 2036 in
1931 1983 2166 2037 medium
2219 1985 2402 2053 ponis,
2447 1999 2620 2054 neque
2664 1983 2870 2053 frangis
2913 1985 3091 2053 ipsum
3135 1985 3212 2038 uti
3260 1984 3422 2040 detur

1833 2075 2038 2139 multis,
2085 2091 2271 2130 verum
2319 2076 2411 2130 tibi
2458 2076 2560 2147 ipsi
2605 2079 2872 2132 contines.

1911 2187 1928 2219 ι
1966 2169 2080 2222 Hoc
2111 2166 2272 2224 facite
2303 2169 2354 2223 in
2383 2185 2557 2224 meam
2587 2169 3187 2224 commemorationem.
3223 2188 3243 2223 ι
3280 2170 3418 2236 Quid

1832 2259 1957 2314 ais?
2006 2260 2062 2315 Si
2116 2247 2235 2314 Filii
2292 2261 2377 2316 vel
2426 2260 2601 2316 Patris
2645 2263 3210 2318 commemorationem
3268 2261 3418 2319 face-

1832 2369 1945 2420 res,
2007 2354 2334 2410 conscientia
2404 2363 2495 2409 tua
2563 2355 2849 2426 perculsus
2893 2369 3061 2420 esses,
3125 2355 3229 2411 nisi
3281 2357 3417 2410 ritus

1831 2462 2022 2502 oinnes
2066 2447 2409 2516 perl'ecisses,
2456 2463 2520 2501 ac
2564 2461 2829 2518 pauperes
2868 2446 3205 2502 invitasses:
3259 2463 3413 2503 com-

1834 2543 2281 2596 memorationem
2326 2551 2505 2596 autem
2544 2542 2758 2598 Domini
2798 2541 3026 2612 faciens,
3069 2558 3141 2598 ne
3174 2557 3415 2599 mensam

1833 2637 2050 2705 quidem
2103 2645 2249 2690 tuam
2291 2636 2610 2706 simpliciter
2645 2637 2910 2706 impertis.

1908 2728 2072 2782 Vens.
2127 2727 2218 2783 25.
2267 2748 2284 2781 ι
2333 2728 2594 2784 Similiter
2627 2739 2683 2784 et
2718 2728 2942 2784 calicem
2984 2738 3271 2800 postquam
3303 2742 3417 2786 cre-

1834 2828 2036 2884 nasset,
2077 2820 2262 2875 dicens
2303 2837 2315 2874 :
2348 2819 2446 2874 llic
2477 2819 2614 2874 calix
2655 2817 2864 2874 Novum
2896 2818 3304 2876 Testamentum
3335 2830 3420 2877 est

1834 2912 1890 2966 in
1928 2927 2048 2966 meo
2079 2912 2358 2981 sanguine.
2394 2929 2412 2964 ι
2445 2910 2684 2966 Fuerunt
2725 2913 2888 2966 etiam
2925 2913 2976 2967 in
3011 2910 3194 2968 Veteri
3225 2911 3418 2968 Testa-

1834 3016 2019 3062 mento
2070 3005 2281 3076 pocula,
2330 3004 2527 3074 quibus
2573 3005 2892 3074 sanguinem
2951 3005 3234 3059 brutorum
3295 3013 3420 3076 post

1833 3101 2112 3155 victimam
2151 3099 2384 3154 oblatam
2420 3098 2670 3163 libarent,
2697 3114 2857 3169 quem
2897 3098 3078 3169 phiala
3120 3108 3174 3154 et
3213 3098 3416 3171 poculo

1760 3217 1804 3277 ο
1836 3196 2198 3266 excipiebant.
2239 3193 2348 3250 Pro
2403 3194 2662 3264 sanguine
2718 3193 2900 3263 itaque
2951 3193 3258 3258 brutoram,
3315 3192 3411 3262 qui

1843 3287 2007 3344 Vetus
2078 3285 2486 3341 Testamentum
2554 3284 2718 3338 veluti
2795 3283 2968 3354 sigillo
3037 3283 3415 3354 consignabat,

1834 3395 2014 3436 meum
2066 3393 2165 3449 ego
2204 3393 2348 3433 nunc
2402 3378 2716 3446 sanguinem
2769 3390 2926 3445 pono,
2970 3373 3177 3428 Novum
3223 3373 3419 3431 Testa-

1841 3478 2084 3523 mentum
2123 3482 2189 3523 eo
2231 3483 2331 3523 ceu
2362 3468 2555 3539 sigillo
2580 3465 2850 3520 muniens.
2883 3463 2962 3520 Ne
2999 3465 3231 3520 turberis
3256 3467 3418 3535 igitur

1834 3562 2153 3631 sanguinem
2188 3560 2434 3615 audiens.
2467 3557 2600 3614 Nam
2647 3557 2692 3613 si
2737 3556 3132 3611 irrationalium
3158 3571 3414 3626 pecorum

1833 3655 2150 3723 sanguinem
2201 3652 2452 3722 accepisti
2493 3653 2548 3704 in
2577 3648 2750 3704 Veteri
2801 3647 3169 3714 Testamento,
3211 3658 3414 3718 quanto

1833 3747 2016 3817 potius
2047 3761 2189 3800 nunc
2227 3744 2506 3800 divinum?

1913 3825 1934 3891 Δι
1979 3839 2092 3893 lloc
2120 3836 2302 3904 facite,
2339 3838 2552 3907 quoties
2581 3837 2848 3904 biberitis,
2880 3836 2931 3890 in
2959 3851 3132 3890 meam
3172 3849 3413 3891 comme-

1842 3933 2233 3986 morationem.
2285 3949 2303 3981 ι
2359 3930 2461 3984 l’er
2507 3928 2754 3999 poculum
2789 3930 2950 3995 istnc,
2981 3929 3173 3997 inquit,
3208 3941 3416 3981 memo-

1837 4025 1972 4080 riam
2012 4023 2148 4078 facis
2190 4021 2480 4077 Domitticm
2527 4023 2742 4076 mortis.
2807 4021 2908 4090 Qui
2957 4020 3121 4090 igitur
3161 4030 3217 4074 tu
3251 4017 3402 4072 solus

1833 4113 1979 4169 bibis
2021 4123 2072 4165 et
2118 4111 2428 4176 inebriat-is,
2479 4111 2758 4166 tremendo
2811 4111 2916 4165 isto
2953 4109 3124 4164 calice
3159 4105 3414 4163 omnibus

1833 4217 1898 4257 ex
1929 4215 2085 4270 aequo
2121 4197 2355 4253 tradito?

1911 4295 2072 4348 Vsus.
2102 4291 2193 4346 26.
2234 4310 2252 4344 ι
2295 4289 2521 4358 Quoties
2556 4289 2699 4345 enim
2743 4289 2965 4344 ederitis
2999 4303 3192 4359 panem
3245 4287 3408 4350 hunc,

1835 4387 2062 4442 calicem
2111 4386 2255 4440 hunc
2299 4384 2567 4450 biberitis,
2605 4393 2831 4437 mortem
2875 4380 3086 4434 Domini
3119 4381 3413 4434 annuntia-

1835 4475 1965 4531 bitis
1989 4480 2162 4530 donec
2197 4473 2396 4527 veniat.
2440 4491 2459 4524 ι
2494 4472 2590 4539 Eo,
2623 4471 2816 4541 inquit,
2847 4468 3038 4524 affectu
3068 4468 3272 4524 debetis
3295 4482 3416 4523 esse

173 4542 394 4610 ὀφείλετε
436 4547 781 4614 διακεῖσθαι,
828 4544 1140 4616 ὡσπερανεὶ
1173 4545 1232 4600 ὲν
1262 4547 1398 4616 αὐτῇ
1447 4545 1630 4618 ἐκείνῃ
1659 4549 1726 4616 τῇ

1860 4569 2052 4634 inbuti,
2096 4567 2322 4638 perinde
2365 4566 2522 4636 quasi
2564 4565 2614 4618 in
2647 4563 2733 4617 illa
2775 4563 2886 4632 ipsa
2926 4563 3124 4618 essetis
3167 4575 3414 4632 vespera,

176 4636 386 4709 ἑσπέρᾳ,
427 4640 523 4692 καὶ
550 4638 640 4692 ἐπ’
680 4639 848 4709 αὐτῆς
899 4639 1144 4708 κείμενοι
1184 4639 1284 4707 τῆς
1325 4637 1594 4701 στιϐάδος,
1637 4639 1732 4691 καί

177 4731 290 4800 παρ’
343 4731 506 4784 αὐτοῦ
555 4730 650 4784 τοῦ
688 4729 929 4802 Χριστοῦ
973 4730 1346 4800 λαμόάνοντες
1380 4729 1479 4801 τὴν
1516 4729 1728 4784 θυσίαν.

177 4824 302 4876 Αὐτὸ
328 4826 434 4896 γάρ
461 4828 644 4878 ἐκεῖνο
673 4825 733 4878 τὸ
776 4824 993 4878 δεῖπνόν
1032 4827 1170 4888 ἐστι,
1201 4825 1296 4876 καί⁵
1326 4823 1489 4876 αὐτὸν
1525 4823 1732 4875 ἐκεῖνον

178 4915 257 4967 τὸν
283 4916 506 4972 θάνατον
539 4916 982 4986 καταγγέλλομεν
1001 4955 1016 4981 ,
1045 4915 1354 4982 τουτέστιν,
1386 4913 1737 4968 ὑποδεικνύο-

182 5025 294 5076 μεν,
319 5012 443 5082 άχ;.ι
473 5011 572 5082 τῆς
595 5010 859 5082 δευτέρας
895 5009 1219 5082 παρουσίας.

244 5119 261 5152 ι
303 5103 484 5168 Ὥστε,
523 5103 582 5167 ὃς
611 5104 678 5156 ἂν
713 5103 872 5176 ἐσθίῃ
924 5105 1016 5156 τὸν
1054 5101 1218 5174 ἄρτον
1249 5101 1438 5154 τοῦτον
1465 5140 1479 5166 ,
1523 5101 1555 5175 ἢ
1603 5100 1734 5170 πίνῃ

179 5194 234 5248 τὺ
266 5201 518 5268 ποτήριον
557 5199 653 5251 τοῦ
681 5200 891 5269 Κυρίου
931 5197 1165 5262 ἀναξίως
1188 5237 1202 5262 ,
1238 5197 1418 5267 ἔνοχος
1454 5196 1606 5248 ἔσται
1639 5194 1734 5248 τοῦ

183 5285 413 5356 σώματος
437 5292 534 5344 καὶ
558 5291 791 5360 αἵματος
819 5290 914 5344 τοῦ
942 5291 1172 5362 Κυρίου.
1215 5309 1234 5343 ι
1268 5291 1477 5352 Αὐτοὺς
1499 5289 1736 5342 αἰνίττε-

179 5393 258 5430 ται
286 5383 514 5449 ἀναξίως
541 5383 1084 5454 μεταλαμὸάνοντας,
1108 5384 1182 5448 ῶς
1206 5383 1580 5453 περιορῶντας
1611 5382 1738 5444 τοὺς

181 5473 417 5546 πένητας.
452 5479 574 5542 Πῶς
605 5479 662 5532 δὲ
687 5477 870 5548 ἔνοχος
893 5476 1103 5546 γίνεται
1133 5479 1161 5528 ὁ
1188 5475 1423 5543 ἀναξίως
1459 5474 1740 5544 μεταλαμ-

183 5569 378 5640 Seven;
420 5573 508 5638 Ὠς
541 5577 634 5630 καὶ
663 5578 827 5639 αὐτὸς
858 5576 1054 5647 ἐκχέας
1086 5573 1147 5627 τὸ
1180 5567 1340 5644 αἷμα.
1377 5571 1591 5642 Ὥσπερ
1629 5573 1738 5644 γάρ

293 5689 312 5716 ό

1835 4665 2120 4730 eidemque
2150 4660 2546 4716 accumberetis
2586 4667 2724 4722 toro,
2763 4669 2817 4710 et
2843 4655 2912 4710 ab
2937 4657 3053 4727 ipso
3076 4658 3294 4714 Christo
3315 4668 3420 4715 ἰο-

1837 4747 2090 4816 ciperetis
2111 4745 2441 4799 sacrificium
2473 4743 2641 4797 istud.
2673 4742 2776 4797 [lla
2799 4743 2910 4812 ipsa
2937 4744 3081 4796 enim
3123 4757 3278 4798 caena
3310 4754 3414 4809 est,

1837 4848 1893 4897 et
1931 4839 2075 4894 illam
2102 4837 2274 4907 ipsam
2317 4845 2544 4890 mortem
2586 4835 2990 4900 annuntiamus,
3042 4835 3144 4892 hoc
3195 4844 3280 4889 est
3319 4837 3415 4890 de-

1841 4939 2228 4996 monstramus,
2258 4929 2324 4982 ad
2350 4927 2644 4983 secundum
2682 4942 2851 4997 usque
2889 4915 3005 4998 ejus
3035 4929 3342 4982 adventum.

1913 5110 2080 5165 Vens.
2109 5108 2201 5164 27.
2230 5125 2246 5160 ι
2273 5107 2460 5177 Itaque
2479 5108 2786 5177 quicunque
2801 5104 3414 5173 manducaverit‘pancm

1843 5202 2008 5267 hunc,
2039 5211 2131 5255 aut
2160 5200 2361 5256 biberit
2383 5199 2607 5255 calicem
2641 5199 2852 5254 Domini
2887 5198 3126 5266 indigne,
3158 5211 3282 5251 reus
3313 5199 3417 5250 erit

1841 5297 2088 5366 corporis
2129 5304 2183 5348 et
2224 5293 2503 5362 sanguinis
2530 5290 2762 5344 Domini.
2797 5310 2815 5342 ι
2850 5289 3005 5360 192
3029 5289 3175 5358 Ipsos
3197 5289 3416 5356 oblique

1842 5387 2154 5459 perstringit
2177 5385 2390 5454 indigne
2413 5383 2817 5448 manducantes,
2837 5380 3270 5451 quandoquidem
3297 5381 3410 5434 ino-

1846 5497 1942 5552 pes
1975 5481 2266 5551 negligant.
2298 5476 2414 5544 Qua
2443 5490 2570 5529 vero
2597 5477 2807 5529 ratione
2843 5489 2968 5530 reus
3007 5473 3065 5528 fit
3087 5474 3175 5544 qui
3201 5473 3416 5543 indigne

1847 5570 2119 5628 assumit?
2149 5567 2380 5623 Perinde
2424 5565 2682 5620 nimirum
2717 5578 2778 5620 ac
2810 5565 2922 5636 ipse
2961 5565 3053 5636 qui
3101 5563 3418 5635 sanguinem

1439 5730 1642 5794 Variae
1693 5729 2025 5793 lectiones.

247 5854 658 5931 "_cuv:70f0vra
683 5876 737 5920 ο.
814 5863 858 5896 ⁶⁹
885 5861 978 5918 καὶ
1007 5859 1070 5916 σύ
1095 5876 1146 5918 o.
1223 5861 1268 5893 ⁷ο
1303 5857 1486 5924 αὐτοῖς
1523 5873 1576 5915 ο.
1653 5858 1696 5892 ”
1729 5884 1732 5902 ι

1859 5857 2056 5914 κιτικοῦ
2085 5872 2138 5914 0.
2216 5854 2259 5886 7'
2291 5853 2396 5916 ἕως
2429 5865 2482 5908 0.
