3806 6576
402 355 509 419 ἻὺἾ
1221 351 1802 411 THEOPHYLACTI
1844 350 2258 412 BULGARLE
2301 351 2658 412 ARCHIEP.
3532 355 3617 419 ’ἱθὸ

401 466 915 545 ι)υιιιιιιὶ.είῐἠι]οιεὶι.
946 466 1014 521 Ut
1038 466 1184 520 enim
1210 468 1303 534 qui
1331 475 1442 519 tum
1469 473 1806 534 pnpugernnt
1829 465 1977 518 Chri-

2094 466 2188 518 καὶ
2218 465 2337 516 τότε
2376 466 2425 517 οἱ
2455 465 2838 533 κεντήσαντες,
2866 465 2963 534 οὐχ
2996 465 3080 518 ἵνα
3106 464 3305 518 πὲωσιν
3333 463 3623 534 ἐκέντησαν,

398 569 566 622 stum,
601 571 705 610 non
739 565 797 609 ut
828 556 1074 610 biberent
1099 565 1466 625 pupugerunt,
1491 570 1674 608 verum
1717 564 1773 608 ut
1800 553 1976 609 effun-

399 651 588 705 derent
620 667 632 702 :
660 649 737 703 sic
775 648 991 717 indigne
1024 649 1235 710 bibens,
1267 646 1507 716 nihilque
1544 646 1670 700 inde
1709 647 1977 701 commodi

401 741 663 807 referens,
712 739 1031 810 sanguinem
1083 739 1283 793 frustra
1318 737 1524 793 effudit.
1569 736 1760 804 Porro,
1807 736 1978 791 διιειωί

397 836 614 905 quidem
658 833 1024 899 dilacerarunt
1064 834 1205 898 regis
1236 831 1576 902 chlamydem
1614 849 1628 885 :
1671 839 1724 885 at
1765 833 1856 900 qui
1896 832 1979 885 in—

394 926 556 994 digne
597 922 910 986 manducat,
940 923 991 974 in
1046 935 1264 975 caenum
1311 933 1363 974 et
1407 921 1578 974 intum
1629 920 1683 975 in
1740 923 1976 974 animam

397 1029 548 1066 suam
587 1010 858 1078 videlicet,
909 1014 1048 1064 hanc
1073 1011 1391 1065 clilamidem
1423 1010 1627 1081 injecit.
1657 1010 1847 1066 Nonne
1877 1011 1979 1082 igi-

400 1115 488 1160 tur
515 1119 615 1173 par
652 1114 707 1159 et
739 1103 961 1157 minime
997 1103 1278 1157 dissimilis
1309 1114 1392 1159 est
1439 1103 1735 1174 ignominia
1767 1103 1789 1156 Ἰ
1847 1101 1979 1158 Pro~

397 1210 580 1266 pterea
609 1205 663 1250 et
695 1197 810 1266 ipse
861 1196 1016 1250 istius
1050 1210 1174 1271 reus
1204 1205 1306 1249 est.

473 1288 634 1342 Vens.
665 1288 756 1341 28.
805 1305 823 1338 ι
865 1286 1062 1340 Probet
1107 1297 1287 1340 antem
1335 1288 1573 1355 seipsum
1606 1286 1786 1353 homo,
1815 1294 1871 1342 et
1899 1286 1981 1342 sic

395 1380 462 1434 de
512 1396 650 1450 pane
708 1380 796 1434 illo
847 1380 994 1442 edat,
1071 1389 1126 1434 et
1192 1379 1259 1434 de
1315 1379 1483 1434 calice
1533 1381 1746 1436 bibat.»
1811 1379 1982 1435 Paulo

398 1473 451 1527 iu
505 1487 654 1526 mure
694 1481 797 1536 cst,
837 1471 1006 1527 sicubi
1057 1471 1108 1524 in
1165 1470 1398 1526 medium
1461 1471 1759 1542 cujusp?am
1819 1487 1978 1540 argu-

400 1565 562 1618 menti
639 1564 891 1618 inciderit
961 1563 1108 1616 aliud
1188 1565 1574 1628 necessarium,
1646 1563 1750 1617 hoc
1813 1564 1977 1618 etiam

397 1666 771 1726 pertractare:
804 1656 1260 1724 quemadmodum
1303 1656 1600 1709 etiamnum
1644 1655 1752 1710 alio
1781 1669 1980 1726 propo-

395 1751 500 1803 sito
525 1755 842 1817 argumento
870 1749 934 1802 de
971 1749 1191 1814 mensis,
1216 1747 1377 1801 simul
1417 1755 1577 1817 atque
1604 1748 1658 1802 in
1692 1747 1980 1819 mysterio~

2083 555 2198 606 ἀλλ’
2237 555 2324 607 ἵνα
2365 554 2631 624 ἐκχέωσιν
2653 571 2666 585 ·
2699 553 2841 607 οὕτω
2876 557 2969 608 καὶ
2991 558 3020 609 ὁ
3057 556 3294 622 ἀναξίως
3335 555 3433 626 μὲν
3464 557 3625 623 πίνων,

2085 645 2251 716 μηδὲν
2301 646 2357 699 δὲ
2401 644 2649 698 ἐντεῦθεν
2703 647 3108 718 καρπούμενος,
3166 647 3346 718 μάτην
3383 647 3548 716 ἐξέχεε
3579 652 3628 703 sb

2082 731 2244 808 αἷμα.
2278 737 2388 792 Καὶ
2431 738 2478 790 οἱ
2523 739 2620 808 μὲν
2666 737 2911 792 Ἰουδαῖοι
2941 738 3234 810 διέρρηξαν
3263 737 3356 790 τοῦ
3397 738 3625 806 βασιλέως

2081 829 2182 900 τὴν
2208 828 2476 900 χλαμύδα·
2507 832 2535 883 ὁ
2563 830 2620 883 δέ
2659 829 2894 895 ἀναᾷως
2928 830 3202 884 κοινωνῶν
3227 869 3243 894 ,
3274 831 3354 894 είς
3380 829 3626 901 βόρϐορον,

2080 923 2182 992 τὴν
2211 921 2375 976 αὑτοῦ
2410 939 2553 992 φημι
2581 922 2762 993 ψυχὴν
2786 963 2801 986 ,
2835 922 3040 994 ταύτην
3070 921 3350 975 ἐνέϐαλεν.
3384 917 3523 993 τΑρςι
3547 925 3628 977 οὐκ

2085 1015 2174 1086 ἴση
2223 1017 2256 1087 ἠ
2290 1017 2520 1086 ἀτιμίας
2563 1014 2651 1069 διὰ
2703 1015 2864 1069 τοῦτο
2905 1016 3003 1069 καὶ
3045 1014 3207 1079 αὐτὸς
3238 1013 3443 1086 ταύτης
3478 1015 3630 1087 ἔνοχός

2082 1106 2222 1162 ἐστι.

2158 1303 2177 1335 ι
2219 1283 2568 1354 Δοκιμαζέτω
2599 1283 2656 1337 δὲ
2686 1285 2973 1356 ἄνθρωπος
3010 1283 3224 1350 ἐαυτὸν,
3258 1281 3353 1336 καὶ
3385 1282 3548 1347 οὕτως
3579 1284 3631 1338 ἑκ

2082 1375 2176 1430 τοῦ
2200 1375 2364 1446 ἄρτου
2397 1375 2660 1441 ἐσθιέτω,
2705 1377 2801 1429 καὶ
2833 1377 2897 1429 ἐκ
2928 1375 3021 1428 τοῦ
3069 1373 3332 1444 ποτηρίου
3367 1375 3578 1429 πινέτω.
3611 1394 3629 1428 ι
3691 1411 3694 1446 λ

2081 1471 2285 1525 Είωθεν
2324 1473 2352 1524 ὁ
2382 1470 2624 1534 Παῦλος,
2659 1470 2880 1524 ἐπειδὰν
2915 1470 2973 1521 ἐν
3016 1468 3167 1539 μέσῳ
3199 1467 3243 1499 ⁷³
3287 1467 3430 1531 τινὸς
3463 1467 3634 1522 ὐποθέ-

2083 1582 2221 1628 σεως
2250 1565 2414 1636 ἑτέρα
2456 1564 2734 1632 ἀναγκαία
2765 1560 3125 1634 παρεμπέσῃ.
3161 1559 3258 1613 καὶ
3296 1559 3497 1631 ταύτην
3547 1560 3630 1612 ἐπι

2081 1655 2403 1727 εξέρχεσθαι
2427 1671 2442 1688 ο
2472 1655 2660 1728 ὥσπερ
2701 1653 2796 1708 οῦν
2828 1655 2922 1708 καὶ
2953 1652 3050 1706 νῦν
3078 1651 3271 1724 ἐτέρας
3295 1651 3634 1722 προκειμένης

2082 1749 2396 1814 ὑποθέσεως
2441 1749 2541 1820 τῆς
2572 1750 2701 1820 περὶ
2733 1747 2842 1801 τῶν
2875 1745 3408 1819 τραπεζῶν,ιὲπειδὴ
3452 1746 3528 1808 είς
3559 1744 3633 1796 τὸν

400 1853 515 1891 rum
550 1850 857 1890 sermonem
900 1835 1109 1900 incidit,
1141 1835 1286 1890 hunc
1326 1836 1490 1890 veluti
1536 1837 1766 1890 maxime
1793 1851 1977 1892 neces-

2093 1840 2189 1895 τῶν
2214 1841 2528 1913 μυστηρίων
2547 1841 2774 1895 ἐνέπεσε
2801 1839 2982 1908 λόγον,
3011 1836 3444 1910 ἐπεξεργάζεται
3469 1835 3632 1890 τοῦτον

395 1930 596 1986 sarium
647 1929 903 1993 absolvit,
962 1943 1026 1984 ac
1075 1944 1344 1983 summam
1386 1928 1653 1985 bonorum
1687 1940 1976 1992 monstrat,

397 2038 519 2078 cum
565 2036 698 2092 pura
726 2021 1056 2075 conscientia
1086 2023 1366 2086 accedere,
1401 2022 1618 2089 aitque:
1650 2022 1770 2077 Non
1809 2024 1972 2077 alium

397 2116 493 2170 tibi
525 2116 762 2183 judicem
818 2115 1076 2184 praeficio,
1127 2129 1311 2168 verum
1342 2115 1568 2186 teipsnm
1615 2117 1836 2187 tibiipsi.
1888 2117 1982 2172 Ju-

394 2210 514 2265 dica
538 2209 702 2279 igitur
725 2215 781 2263 et
812 2206 1030 2277 explora
1056 2206 1445 2262 conseieutiam
1475 2217 1645 2273 tuam,
1668 2219 1723 2263 et
1756 2211 1836 2264 sic
1879 2224 1976 2264 ac-

394 2296 546 2361 cede,
584 2311 688 2351 non
729 2298 941 2364 quando
964 2297 1162 2350 l'ucrint
1191 2295 1358 2361 ferite,
1385 2298 1480 2353 sed
1529 2300 1750 2369 quando
1779 2316 1978 2370 purum

397 2391 628 2457 teipsum
675 2402 738 2440 ac
781 2389 1000 2459 dignum
1046 2387 1338 2444 inveneris.

465 2479 633 2535 Vens.
661 2478 751 2535 29.
787 2497 806 2530 ι
833 2478 934 2546 Qui
967 2481 1113 2534 enim
1145 2481 1433 2536 nianducat
1469 2491 1526 2538 et
1549 2481 1690 2537 bibit
1733 2481 1974 2554 indigne,

391 2569 651 2640 judicium
697 2571 800 2626 sibi
852 2572 1145 2625 inanducat
1192 2581 1248 2626 et
1299 2573 1455 2627 bibit.
1499 2590 1520 2624 ι
1572 2572 1694 2629 Non
1754 2586 1977 2646 propter

397 2664 780 2734 mysteriorum
816 2671 1060 2716 naturam
1088 2663 1202 2717 haec
1226 2661 1411 2733 (enim
1439 2676 1566 2721 sunt
1596 2667 1860 2739 vivifica),
1889 2684 1981 2723 ve-

397 2770 518 2807 rum
550 2763 774 2824 propter
825 2756 1139 2809 accedentis
1181 2755 1521 2826 iniquitatem
1561 2773 1576 2810 :
1625 2759 1980 2828 quemadmo-

395 2845 522 2898 dum
569 2852 626 2899 et
653 2843 731 2898 sol
765 2844 938 2900 oculis
971 2846 1239 2915 corruptis
1276 2857 1361 2900 est
1391 2848 1605 2903 noxius.

474 2953 493 2986 ι
533 2933 653 2989 Non
685 2935 988 3005 dijudicans
1015 2950 1211 3004 corpus
1252 2937 1486 2993 Domini.
1527 2957 1544 2991 ι
1586 2938 1700 2993 Hoc
1731 2950 1836 3007 est,
1873 2956 1976 2996 non

396 3023 708 3091 explorans,
742 3037 846 3076 non
880 3024 1184 3092 intelligens
1228 3029 1518 3097 proposita:
1557 3031 1632 3083 rei
1666 3032 1978 3100 amplitudi-

401 3129 546 3168 nem.
576 3113 632 3169 Si
682 3115 829 3170 enim
872 3114 1208 3174 disceremus
1257 3134 1491 3189 unquam
1536 3122 1786 3189 quisnam
1831 3137 1976 3180 esset

401 3206 493 3271 qui
525 3205 678 3258 nobis
714 3205 1057 3274 praponitnr,
1100 3223 1205 3262 non
1240 3209 1608 3280 indigeremns
1645 3211 1844 3280 altero,
1878 3220 1974 3270 sed

398 3295 543 3351 istud
591 3298 764 3368 ipsum
808 3311 906 3353 nos
949 3299 1162 3354 sobrios
1207 3301 1476 3357 redderet.

476 3391 636 3446 Vens.
671 3390 760 3447 50.
803 3409 823 3443 ι
863 3391 987 3447 Ideo
1033 3393 1178 3449 inter
1205 3411 1299 3449 vos
1346 3386 1499 3452 multi
1539 3399 1764 3468 infirmi,
1793 3412 1846 3456 et
1878 3403 1978 3456 im-

401 3479 645 3547 becilles,
678 3490 732 3534 et
759 3481 1036 3536 dormiunt
1089 3484 1274 3539 multi.
1316 3504 1337 3538 ι
1366 3486 1607 3558 Accipite
1640 3491 1980 3547 demonstra-

397 3573 599 3627 tionem
629 3571 698 3626 ab
730 3572 796 3628 iis
819 3587 941 3645 qua:
975 3578 1114 3644 apud
1160 3591 1260 3632 vos
1287 3579 1629 3650 contingunt.
1666 3581 1805 3638 Hinc
1835 3587 1978 3638 enim

397 3663 701 3720 immaturae
771 3675 999 3734 mortes,
1048 3668 1332 3739 morbique
1389 3671 1653 3738 diuturni,
1716 3691 1781 3730 eo
1833 3677 1978 3746 quod

397 3756 552 3810 inulti
606 3755 824 3826 indigne
867 3769 1170 3815 assumant.
1226 3760 1368 3828 Quid
1419 3763 1610 3834 igitur?
1655 3763 1792 3820 Num
1823 3769 1859 3823 ii
1887 3770 1978 3838 qui

398 3847 466 3900 ad
495 3856 793 3901 extremam
837 3863 1011 3920 usque
1045 3863 1378 3908 senectutem
1425 3854 1723 3914 incolumes
1753 3875 1976 3914 servan-

401 3946 508 4000 tur,
538 3948 754 4006 peccata
787 3955 896 3994 non
923 3941 1258 3997 admittunt?
1281 3944 1517 4001 Peccant
1546 3963 1679 4004 sane
1710 3968 1724 4004 :
1751 3955 1844 4006 sed
1871 3968 1977 4007 non

402 4027 563 4098 hujus
628 4030 886 4097 temporis
935 4045 1110 4102 ptume
1161 4035 1289 4088 solae
1333 4035 1555 4108 indigne
1600 4043 1982 4098 accedentibus

402 4118 687 4175 destinatae
733 4131 863 4176 sunt
901 4139 914 4175 :
949 4124 1042 4177 sed
1081 4125 1133 4178 in
1177 4124 1365 4181 futuro
1405 4143 1618 4198 quoque
1652 4133 1850 4188 saeculo
1875 4133 1982 4189 illis

400 4212 650 4280 graviora
680 4221 808 4266 sunt
836 4214 1073 4282 reposita
1110 4230 1126 4269 :
1158 4231 1335 4285 neque
1366 4217 1454 4271 hic
1483 4235 1579 4274 nos
1614 4221 1788 4290 puniti
1833 4237 1983 4278 essc-

401 4319 541 4369 mus,
577 4304 680 4360 nisi
709 4305 1150 4375 deliquissemus,
1177 4309 1400 4377 perinde
1429 4324 1494 4365 ac
1523 4312 1634 4380 ipse
1656 4313 1768 4380 jam
1798 4313 1976 4369 infert.

470 4394 635 4450 Vens.
661 4396 753 4451 51.
791 4413 810 4449 ι
847 4395 905 4453 Si
933 4399 1074 4454 enim
1123 4415 1223 4456 nos
1273 4403 1418 4470 ipsos
1456 4400 1846 4470 jndicaremus,
1876 4422 1978 4460 non

2081 1935 2158 1998 ὡς
2204 1935 2657 2003 ἀναγκαιότατον,
2709 1934 2805 1986 καὶ
2851 1932 2914 1986 τὸ
2964 1931 3261 2002 κεφάλαιον
3297 1931 3404 1984 τῶν
3439 1929 3637 1998 ἀγαθῶν

2085 2027 2454 2093 ὑποδείκνυσι,
2484 2027 2546 2082 τὸ
2579 2026 2719 2098 μετὰ
2743 2025 2988 2095 καθαροῦ
3016 2024 3304 2095 προσιέναι
3331 2022 3633 2083 συνειδότος·

2083 2119 2176 2173 καί
2205 2137 2391 2192 φησιν,
2424 2120 2508 2173 ὅτι
2535 2119 2648 2190 Ούχ
2673 2119 2862 2189 ἕτερον
2888 2116 3150 2188 δικαστὴν
3177 2116 3384 2185 ἐφιστῶ
3415 2132 3520 2179 σοι,
3542 2114 3635 2168 ἀλλ’

2083 2211 2276 2266 ἐαυτὸν
2311 2211 2512 2282 σαυτῷ.
2549 2211 2782 2264 Δίκασον
2831 2208 2927 2262 οῦν
2960 2208 3040 2279 τῷ
3083 2207 3350 2261 συνειδότι
3392 2223 3486 2259 σου
3509 2247 3524 2271 ,
3559 2206 3636 2260 καὶ

2081 2301 2226 2356 οῦτω
2251 2302 2493 2374 πρόσιθι,
2521 2302 2598 2372 μὴ
2629 2302 2759 2354 ὅταν
2785 2298 2952 2371 ἑορτὴ
2975 2295 3095 2374 ﬁ",
3123 2297 3240 2352 ἀλλ’
3265 2298 3395 2352 ὅταν
3419 2295 3636 2366 καθαρὸν

2083 2396 2308 2450 σεαυτὸν
2341 2397 2436 2449 καὶ
2469 2395 2620 2462 ἄξιον
2653 2393 2844 2467 εῦρῃς.

2158 2508 2178 2542 ι
2226 2489 2286 2542 '0
2315 2488 2423 2562 γὰρ
2451 2488 2648 2542 ἐσθίων
2674 2491 2770 2542 καὶ
2796 2487 2968 2541 πίνων
2993 2485 3253 2551 ἀναξίως,
3278 2485 3451 2556 κρῖμα
3481 2482 3637 2550 ἐαυτῷ

2083 2582 2256 2634 ἐσθίει
2278 2583 2374 2634 καὶ
2403 2581 2572 2634 πίνει.
2611 2599 2630 2633 ι
2667 2581 2742 2634 Οὐ
2774 2579 2864 2633 διὰ
2896 2579 2998 2648 τὴν
3025 2578 3134 2632 τῶν
3163 2576 3472 2648 μυστηρίων
3504 2575 3638 2644 φύσιν

2083 2673 2296 2744 (ταῦτα
2342 2673 2453 2743 γὰρ
2488 2671 2678 2744 ζωηρά
2703 2671 2744 2742 ),
2787 2671 2926 2726 ἀλλά
2970 2669 3060 2724 διά
3087 2668 3186 2740 τὴν
3214 2667 3312 2721 τοῦ
3349 2668 3640 2738 προσιόντος

2080 2765 2409 2832 ἁναξιότητα
2430 2780 2442 2793 ’
2470 2764 2662 2836 ὥσπερ
2701 2763 2798 2817 καὶ
2835 2764 2862 2816 ὁ
2892 2763 3044 2832 ἥλιος
3074 2762 3188 2824 τοῖς
3217 2759 3315 2824 τὰς
3338 2757 3492 2828 Wst;
3516 2758 3641 2826 διεφο

2083 2855 2379 2926 θαρμένοις
2415 2853 2702 2924 βλαϐερός.

2161 2965 2180 2997 ι
2213 2945 2304 3014 Μὴ
2335 2944 2627 3015 διακρίνων
2653 2945 2714 2997 τὸ
2743 2941 2907 3014 σῶμα
2935 2940 3031 2995 τοῦ
3061 2939 3295 3012 Κυρίου.
3331 2957 3350 2991 ι
3381 2937 3638 2998 Τουτέστι,

2085 3036 2161 3108 μὴ
2189 3037 2482 3104 ἐξετάζων,
2519 3035 2594 3106 μὴ
2623 3035 2821 3089 ἐννοῶν
2843 3035 2888 3066 ⁷⁸
2913 3034 2976 3087 τὸ
2993 3033 3088 3087 τοῦ
3113 3033 3484 3104 προκειμένου
3505 3031 3642 3101 μέγε-

2083 3131 2194 3194 θος.
2227 3130 2289 3184 ΕΞ
2325 3131 2436 3199 γὰρ
2477 3129 2746 3199 μάθοιμεν
2770 3127 2855 3191 τίς
2880 3126 3013 3180 ποτέ
3039 3127 3186 3181 ἐστιν
3217 3127 3247 3178 ὁ
3279 3123 3638 3195 προκείμενος,

2083 3223 2145 3275 οὐ
2185 3221 2493 3292 δεησόμεθα
2530 3219 2745 3291 ἐτέρου,
2779 3219 2896 3272 ἀλλ’
2930 3219 3065 3273 αὐτὸ
3091 3217 3254 3272 τοῦτο
3285 3220 3483 3289 νήφειν
3512 3218 3635 3288 ἡμᾶς

2086 3313 2526 3386 παρασκευάσει.

2163 3424 2180 3456 ι
2218 3405 2320 3458 Διὰ
2351 3403 2508 3458 τοῦτο
2536 3404 2592 3456 ὲν
2617 3403 2744 3474 ὑμῖν
2770 3401 2956 3455 πολλοὶ
2980 3401 3226 3465 ἀσθενεῖς
3253 3401 3349 3455 καὶ
3367 3400 3637 3473 ἄρρωστοι,

2087 3499 2181 3552 καὶ
2211 3495 2512 3564 κοιμῶνται
2545 3497 2740 3550 ἱκανοί.
2786 3514 2805 3547 ι
2852 3495 2949 3549 Ἐκ
2985 3495 3092 3549 τῶν
3119 3495 3250 3564 παρ’
3279 3494 3410 3565 ὑμῖν
3445 3496 3639 3564 γινομέ-

2085 3606 2190 3641 νων
2230 3586 2422 3641 λάὸετε
2472 3587 2571 3652 τάς
2618 3585 2951 3652 ἀποδείξεις.
3004 3586 3106 3640 Διά
3151 3586 3315 3640 τοῦτο
3351 3587 3468 3658 γὰρ
3500 3587 3638 3656 ἄωροι

2085 3679 2327 3744 θάνατοι,
2363 3679 2459 3732 καὶ
2491 3679 2703 3750 μακραὶ
2731 3678 2876 3732 νόσοι
2901 3719 2916 3744 ,
2950 3678 3084 3733 διότι
3111 3679 3350 3745 ἀναξίως
3376 3679 3637 3749 μεταλαμσ

2085 3769 2307 3822 ϐάνουσι
2335 3768 2542 3824 πολλοί.
2573 3768 2638 3821 Τί
2668 3765 2762 3822 οὖν
2789 3785 2806 3837 ;
2840 3771 2892 3823 oi
2936 3769 3124 3823 ἄνοσοι
3148 3769 3480 3842 τηρούμενοι
3503 3773 3640 3841 μέχρι

2085 3862 2388 3931 βαθυτάτου
2418 3861 2628 3933 γήρως,
2651 3863 2750 3932 οὐχ
2774 3863 3220 3934 ἀμαρτάνουσινς
3261 3863 3639 3936 ’Δμαρτάνουσι

2086 3953 2206 4023 μὲν,
2234 3953 2351 4006 ἀλλ’
2377 3953 2476 4023 οὐχ
2495 3955 2552 4006 αἱ
2573 3953 2810 4009 ἐνταῦθα
2831 3954 3084 4020 κολάσεις
3111 3955 3274 4024 μόναι
3295 3959 3412 4020 τοῖς
3433 3956 3639 4023 ἀναξίαις

2085 4044 2424 4118 προσιοῦσιν,
2451 4047 2566 4100 ἀλλ’
2593 4047 2711 4101 ἐκεῖ
2738 4046 3098 4118 χαλεπώτερα
3119 4049 3305 4113 αὐτοῖς
3321 4051 3638 4104 ἀπόκεινται.

2095 4140 2285 4208 Ἡμεῖς
2309 4139 2366 4192 δὲ
2396 4138 2505 4191 οὐδ’
2527 4137 2593 4192 ἂν
2620 4139 2857 4194 ἐνταῦθα
2885 4139 3284 4210 ἐκολάσθημεν,
3305 4143 3356 4196 εί
3384 4143 3465 4216 μὴ
3485 4145 3641 4214 ἠμαρ·

2082 4231 2314 4300 τάνομεν
2335 4246 2348 4260 ·
2380 4229 2568 4302 ὥσπερ
2594 4230 2658 4302 δὴ
2689 4232 2783 4286 καὶ
2816 4232 2980 4298 αὐτὸς
3011 4233 3268 4305 ἐπιφέρει
3288 4251 3305 4265 ο

2161 4427 2178 4460 ι
2209 4408 2272 4462 ΕΞ
2303 4407 2412 4479 γὰρ
2440 4409 2668 4474 ἑαυτοὺς
2695 4411 3007 4481 ἐκρίνομεν,
3035 4413 3139 4465 οὐκ
3164 4411 3228 4465 ἂν
3255 4411 3593 4483 ἐκρινόμεθα.
3623 4430 3637 4458 ι

394 4490 789 4560 judicaremnr.
828 4509 848 4544 ι
875 4491 990 4547 Nan
1040 4493 1198 4558 dixit,
1227 4491 1283 4548 Si
1317 4509 1416 4550 nos
1455 4497 1601 4564 ipsos
1640 4497 1977 4567 pnniremus,

2093 4501 2202 4555 Οὐκ
2227 4499 2401 4566 εἶπεν,
2427 4504 2489 4555 Εἰ
2521 4503 2748 4568 ἑαυτοὺς
2775 4503 3129 4574 ἐκολάζομεν,
3153 4504 3288 4558 ἀλλὰ
3322 4505 3503 4574 μόνον,
3539 4523 3556 4555 ι
3593 4503 3640 4555 ΕΞ

400 4583 495 4637 sed
553 4591 784 4651 tantum,
821 4599 840 4635 ι
865 4581 920 4639 Si
949 4583 1314 4653 iudicaremus
1356 4604 1375 4638 ι
1417 4597 1468 4644 et
1498 4589 1984 4645 condemnaremus

402 4689 502 4729 nos
543 4673 712 4744 ipsos,
757 4690 825 4731 ne
859 4676 947 4731 hic
996 4677 1214 4745 quidem
1254 4679 1742 4734 condemnaremnr
1771 4698 1800 4735 a
1849 4681 1980 4748 Deo,

406 4783 589 4822 rerum
616 4777 669 4821 et
699 4770 988 4838 praesentia
1021 4779 1074 4824 et
1105 4769 1281 4825 futura
1309 4772 1574 4842 supplicia
1597 4772 1980 4845 effugeremns.

479 4854 642 4910 Vens.
683 4855 773 4911 52.
809 4874 827 4907 ι
869 4856 1003 4911 Cum
1054 4869 1234 4914 autem
1295 4876 1325 4915 ιι
1383 4862 1608 4918 Domino
1653 4866 1982 4934 judicamur,

404 4947 751 5016 corripimur,
785 4955 844 5001 ut
873 4962 978 5002 non
1037 4963 1156 5003 cum
1204 4953 1403 5008 mundo
1467 4953 1915 5010 condemnemur.
1954 4975 1972 5007 ι

407 5038 565 5108 193
625 5038 1066 5108 Quandoquidem
1111 5057 1222 5096 rem
1269 5044 1406 5099 adeo
1440 5043 1611 5100 levem
1662 5056 1718 5101 et
1767 5046 1979 5102 facilem

403 5147 512 5184 non
553 5130 804 5198 facimus,
835 5132 937 5188 hoc
966 5142 1072 5203 est,
1102 5137 1244 5205 quod
1281 5151 1378 5192 nos
1406 5138 1552 5208 ipsos
1584 5155 1690 5194 non
1723 5141 1983 5195 condem-

403 5238 638 5292 nanms;
685 5239 857 5295 neque
887 5227 1026 5281 Deus
1053 5228 1334 5283 nobiscum
1365 5231 1497 5284 adeo
1527 5231 1819 5287 crudeliter
1848 5234 1981 5304 agit,

405 5329 592 5370 verum
630 5317 716 5372 hic
739 5318 965 5389 corripit
991 5327 1046 5374 et
1087 5319 1340 5390 castigat,
1387 5331 1448 5375 ut
1482 5321 1590 5377 illic
1637 5324 1976 5378 misereatur.

405 5403 748 5479 Castigauiur
788 5411 937 5464 enim
974 5408 1081 5478 hic,
1125 5409 1346 5480 inquit;
1394 5427 1501 5468 non
1567 5415 1844 5484 punimur,
1884 5417 1980 5471 sed

406 5512 435 5550 a
466 5496 624 5555 Patre
651 5502 1028 5567 admonemur,
1065 5520 1084 5556 ι
1115 5519 1181 5559 ne
1205 5519 1328 5560 cum
1362 5505 1585 5572 mundo,
1626 5525 1645 5559 ι
1682 5507 1733 5562 id
1761 5518 1866 5573 est,
1894 5508 1980 5563 iii-

2083 4591 2372 4662 ἐκρίνομεν
2396 4612 2414 4645 ι
2449 4596 2544 4647 καὶ
2563 4594 3043 4666 κατεγινώσκομεν
3069 4597 3300 4664 ἑαυτῶν,
3327 4598 3429 4651 οὐκ
3446 4597 3510 4650 ἂν
3539 4595 3641 4648 οὐδὲ

2083 4683 2318 4737 ἐνταῦθα
2357 4686 2798 4755 κατεκρινόμεθα
2838 4689 2989 4759 παρά
3047 4688 3142 4741 τοῦ
3195 4689 3371 4755 Θεοῦ,
3415 4689 3529 4744 ἀλλ’
3573 4686 3642 4750 ἐξ·

2082 4776 2386 4848 εφεύγομεν
2401 4777 2466 4832 ἂν
2491 4779 2584 4831 καὶ¹
2604 4779 2700 4842 τὰς
2721 4780 2952 4834 ἐνταῦθα
2978 4781 3251 4850 κολάσεις,
3282 4785 3381 4838 καὶ
3401 4784 3496 4846 τὰς
3525 4784 3639 4835 ἐκεῖ.

2157 4886 2176 4919 ι
2210 4870 2536 4940 Κρινὸμενοι
2559 4870 2616 4923 δὲ
2637 4871 2741 4924 ὑπὸ
2770 4873 3000 4943 Κυρίου,
3033 4875 3434 4945 παιδευόμεθα,
3473 4875 3553 4928 ἵνα
3580 4873 3642 4944 μὴ

2089 4961 2185 5013 σὺν
2216 4961 2294 5030 τῷ
2324 4962 2513 5033 κόσμῳ
2559 4965 3004 5036 κατακριθῶμεν.
3056 4985 3076 5019 ι
3128 4967 3385 5041 Ἐπειδὴ,
3415 4969 3572 5039 φησὶ,
3594 4968 3643 5018 τό

2089 5049 2231 5103 οῦτω
2265 5052 2467 5122 κοῦφον
2490 5055 2581 5107 καὶ
2617 5058 2854 5128 ἐλαφρὸν
2886 5059 2946 5112 οὐ
2986 5060 3270 5132 ποιοῦμεν,
3301 5063 3562 5125 τουτέστι,
3594 5061 3642 5111 τὺ

2083 5145 2520 5214 καταγινώσκειν
2540 5149 2587 5180 ’⁸
2622 5151 2834 5206 ἑαυτῶν
2854 5194 2870 5221 ,
2905 5153 3024 5207 οὐδὲ
3062 5155 3238 5220 οὕτως
3270 5157 3504 5227 ἀφειδῶς
3526 5157 3642 5226 ἡμῖν

2081 5241 2109 5293 ὁ
2131 5239 2262 5305 Θεὸς
2291 5241 2581 5314 κέχρηται,
2605 5245 2720 5298 ἁλλ’
2751 5241 2853 5299 ᾆδε
2888 5247 3154 5314 παιδεύει,
3179 5249 3268 5302 ἵνα
3295 5251 3411 5304 ἐκεῖ
3439 5249 3640 5318 ἐλεήσῃ.

2083 5330 2462 5404 Παιδευόμεθα
2489 5335 2630 5406 γὰρ,
2662 5337 2832 5408 φησὶν
2851 5377 2866 5402 ,
2891 5333 3014 5405 ὧδε,
3042 5341 3103 5393 ού
3147 5340 3517 5413 κολαζόμεθα,
3544 5337 3643 5392 ἀλλ’

2083 5421 2190 5474 ὑπὸ
2221 5422 2434 5494 Πιτρὺς
2462 5425 2888 5498 νουθετούμεθα,
2925 5449 2943 5481 ι
2969 5430 3053 5483 ἵνα
3082 5430 3160 5503 μὴ
3183 5432 3281 5486 σὺν
3311 5432 3386 5501 τῷ
3403 5432 3635 5501 udam»!

2082 5512 2356 5580 τουτέστι,
2386 5517 2500 5580 τοῖς
2529 5516 2802 5586 ἀπίστοις,
2829 5523 3256 5596 κατακριθῶμεν
3289 5524 3427 5578 ἐκεῖ.
3492 5522 3641 5592 Περι·

1686 5667 1881 5730 Varim
1937 5667 2269 5760 lectiones.

478 5785 523 5816 ’³
553 5782 722 5857 μέσον
750 5799 804 5842 o.
879 5786 928 5820 ⁷⁸
973 5788 1059 5858 εἴη
1083 5803 1134 5846 o.
1216 5791 1261 5825 ⁷⁸
1309 5793 1442 5867 μηδὲ
1490 5795 1627 5850 νοῶν
1662 5809 1713 5854 o.
1775 5798 1836 5873 ,⁷⁸
1890 5797 2242 5870 κατακρίνειν
2275 5816 2350 5857 in.

1587 6081 1609 6116 Ι

3783 571 3793 662 i
