3806 6600
182 400 273 466 709
876 389 1289 457 EXPOSITIO
1317 391 1403 454 IN
1443 388 1685 452 EPIST.
1723 386 1755 448 Ι
1792 388 1893 449 AD
1932 388 2105 453 COR.
2132 415 2203 428 --
2231 389 2389 452 CAP.
2425 389 2569 451 XII.
3311 385 3420 449 710

189 513 480 570 σπούδιστοι
505 506 609 580 γάρ
640 506 791 573 ὅντες
823 508 942 580 Θεῷ
973 510 1023 562 οἱ
1054 509 1258 576 πιστοὶ,
1277 491 1380 564 ὦδε
1396 506 1692 579 ἀπολαμω

1917 504 2103 571 alibus,
2132 504 2241 559 illic
2273 504 2718 561 condemnemur.
2766 501 2900 557 Nam
2943 499 3200 573 quoniam
3237 500 3420 555 fideles

177 621 305 661 νουσι
322 602 411 667 τὰς
430 598 702 671 ἁμαρτίας
735 599 937 655 αὐτῶν.

1916 614 1936 653 ›
1969 598 2083 653 sint
2127 613 2292 663 curae,
2332 608 2680 669 peccatorum
2714 611 2937 652 suorum
2987 593 3292 651 mercedem
3330 594 3419 650 hic

1822 689 2122 758 accipiunt.

239 803 257 836 ι
286 784 456 847 Ὥστε,
480 781 699 851 ἀδελφοί
728 798 854 853 μου,
875 781 1265 854 συνερχόμενοι
1292 781 1374 846 εἰς
1404 781 1465 836 τὸ
1494 782 1716 852 φαγεῖν,

1913 781 2075 839 Vens.
2108 782 2201 838 ‘55.
2245 800 2266 835 ι
2321 778 2530 850 Itaque,
2577 778 2795 845 fratres,
2836 792 2960 834 cum
2990 776 3301 833 convenitis
3349 774 3416 829 ad

174 876 405 947 ἀλλήλους
439 873 748 946 ἐκδέχεσθε.
794 892 814 928 ι
855 870 1028 939 Αὖθις
1070 876 1153 939 εἰς
1199 874 1292 929 τὸν
1324 874 1592 947 περὶτῶν
1621 892 1677 928 πε

1917 878 2290 943 nducandum,
2351 875 2494 930 alter
2544 873 2780 929 alterum
2835 881 3173 942 eXSpectate.
3215 889 3235 923 ι
3286 869 3418 924 Post

174 967 327 1038 νήτων
354 961 480 1038 ἦλθε
534 966 711 1035 λόγον,
747 965 870 1037 μεθ’
906 967 936 1020 δ
991 967 1240 1039 ἐμνήσθη
1293 967 1574 1023 κολάσεων
1627 984 1677 1023 κι

1910 985 2109 1025 narum
2137 970 2441 1039 mortisque
2475 968 2833 1032 mentionem,
2859 980 3052 1022 rursus
3085 966 3151 1018 ad
3195 977 3413 1019 sermoa

174 1060 409 1115 θανάτων.
451 1058 562 1115 Καὶ
586 1060 688 1114 οὐκ
716 1054 893 1125 εἶπεν,
941 1058 1218 1133 ’Δλλήλοις
1261 1060 1544 1132 μετάδοτε,
1578 1059 1677 1114 ἀλλ

1913 1061 2044 1115 nde
2078 1061 2406 1132 pauperibus
2442 1060 2603 1115 redit.
2652 1056 2769 1112 Non
2818 1067 2999 1112 autem
3064 1054 3223 1121 dixit,
3262 1053 3416 1107 Alter

178 1150 520 1224 ιἙκδέχεσθε,
541 1169 560 1203 ι
581 1150 844 1206 δεικνύων
870 1152 955 1206 ὅτι
982 1151 1139 1207 κοινά
1165 1154 1275 1206 εἰσι
1300 1153 1369 1207 τὰ
1403 1154 1583 1206 ἐκεῖσε
1604 1154 1681 1207 sic

1912 1152 1984 1208 eri
2016 1153 2372 1223 impertimini
2396 1191 2413 1218 ,
2459 1152 2575 1217 sed,
2604 1169 2624 1204 ι
2660 1149 3012 1220 Exspectate,
3056 1165 3077 1201 ι
3120 1145 3415 1203 ostendens

173 1247 446 1319 φερόμενα,
493 1243 590 1299 καὶ
635 1244 720 1299 δεῖ
770 1244 1068 1318 ἀναμένειν
1110 1245 1212 1318 τὴν
1244 1244 1434 1319 κοινὴν
1468 1245 1676 1301 συνέλει

1910 1247 2135 1302 nmuuia
2162 1260 2284 1302 esse
2314 1260 2438 1317 qua:
2467 1245 2594 1300 illuc
2621 1242 2942 1309 afferuntur,
2975 1242 3230 1311 quodque
3262 1253 3413 1295 com-

166 1358 258 1395 σιν.
1823 1342 2005 1397 munis
2035 1350 2338 1398 conventura
2361 1339 2433 1394 sit
2457 1337 2880 1408 exspectandus.

230 1451 247 1484 ι
283 1433 340 1487 Εἰ
372 1431 427 1486 δέ
463 1447 549 1494 τις
603 1431 788 1501 πεινᾷ,
852 1431 911 1485 έν
951 1420 1090 1502 οῗκῳ
1121 1430 1374 1487 ἐσθιέτω.
1436 1449 1456 1484 ι
1509 1431 1723 1502 Ἐντρε-

1915 1433 2059 1489 tiens.
2088 1433 2179 1488 54.
2228 1451 2248 1485 ι
2285 1431 2342 1487 Si
2393 1430 2517 1502 quis
2552 1439 2732 1485 autem
2769 1426 2964 1493 esurit,
3002 1426 3149 1480 domi
3186 1423 3418 1479 mandu-

169 1527 337 1590 πτικδς
363 1527 392 1579 ό
418 1525 607 1594 λόγος·
639 1523 715 1591 ὡς
756 1525 868 1597 γὰρ
918 1525 1155 1590 παιδίοις
1182 1524 1600 1597 δυσχεραίνουσι
1633 1526 1672 1579 δι

1914 1564 1935 1578 ι.
1980 1543 2000 1577 ι
2033 1523 2228 1580 Sermo
2268 1523 2372 1578 iste
2418 1519 2798 1593 pudcfaciendi
2833 1519 2943 1574 vim
2977 1520 3140 1573 habet
3182 1533 3196 1569 :
3236 1515 3417 1586 loqui-

166 1622 218 1673 τὸ
261 1621 459 1690 πεινῇν,
519 1618 710 1683 αὐτοῖς
754 1617 1084 1688 διαλέγεται,
1132 1617 1227 1673 καὶ
1273 1616 1669 1691 γαστριμαργία

1909 1632 1917 1646 ·
1943 1614 2088 1671 enim
2113 1615 2195 1671 eis
2226 1625 2486 1685 tanquam
2518 1612 2703 1682 pueris
2737 1611 2977 1667 inediam
3007 1625 3149 1679 aegre
3183 1607 3412 1663 ferenti-

165 1709 322 1764 αὐτῶν
362 1707 790 1779 καταγινώσκει.
838 1710 933 1763 Διὸ
965 1710 1065 1766 καὶ
1090 1709 1306 1781 ἐξάγων
1359 1711 1561 1775 αὐτοὺς
1612 1711 1668 1763 ἀι

1914 1722 1952 1772 3,
2008 1707 2360 1777 ipsorumque
2398 1703 2747 1774 gulositatem
2800 1701 3151 1758 condemnat.
3192 1696 3331 1752 Hinc
3362 1712 3417 1752 ct

164 1799 247 1870 τῆς
285 1799 628 1871 Ἐκκλησίας,
659 1800 743 1865 εἰς
771 1799 874 1872 τὴν
911 1800 1095 1856 οὶκίαν
1127 1802 1499 1874 παραπέμπει
1526 1818 1539 1834 ο
1581 1800 1667 1855 ὅπε

1914 1797 2012 1852 ιιιδ
2040 1795 2283 1853 Ecclesia
2307 1795 2570 1856 educens,
2598 1793 2650 1848 in
2685 1807 2840 1849 suam
2876 1790 3146 1861 cujusque
3193 1789 3417 1845 domum

164 1861 406 1962 οὐγμικρά
427 1861 687 1963 α’ίσχύνη.
722 1861 737 1865 ⁷
826 1861 840 1872 '
1213 1861 1228 1874 ’
1362 1861 1376 1873 ’

1689 1861 1702 1872 ’
1755 1861 1796 1916 Β
1830 1890 2082 1955 remittit,
2118 1903 2238 1958 qua:
2266 1903 2372 1943 non
2394 1888 2591 1956 exigua
2624 1895 2709 1941 est
2736 1884 3055 1955 ignominia.

227 2002 243 2034 ι
279 1983 387 2038 Ἷνα
417 1985 492 2055 μὴ
541 1985 627 2050 είς
678 1986 855 2056 κρῖμα
911 1985 1274 2058 συνέρχησθε.
1330 2004 1350 2039 ι
1400 1988 1719 2054 Τουτέστιν,

1915 2001 1928 2036 ι
1963 1983 2035 2041 Ut
2069 1997 2174 2038 non
2207 1982 2272 2037 ad
2320 1981 2590 2052 judicium
2631 1977 2994 2035 conveniatis.
3029 1996 3049 2028 ι
3102 1976 3158 2031 Id
3207 1985 3312 2041 est,
3352 1977 3418 2029 al

165 2077 243 2140 Εἰς
268 2075 463 2147 βλάϐην
485 2076 667 2148 ὑμῶν,
694 2078 791 2133 καὶ
816 2077 898 2143 εἰς
914 2078 1268 2150 κατάκρισιν.
1299 2077 1400 2132 Διὰ
1429 2077 1589 2132 τοῦτο
1612 2079 1668 2148 γὲ

1914 2081 2219 2135 .rimentum
2250 2087 2515 2142 vestrum,
2542 2085 2597 2131 et
2623 2077 2689 2130 ad
2716 2075 3253 2131 condemnationem.
3287 2072 3417 2126 Eam

164 2167 451 2239 ὡρίσθησαν
479 2170 536 2222 αἱ
586 2168 958 2234 συνελεύσεις,
988 2169 1079 2224 ἵνα
1131 2169 1418 2243 ὠφελῆσθε
1450 2171 1667 2239 ἐν’ἀγάτ

1926 2191 1975 2229 m
1998 2174 2068 2229 ob
2100 2189 2325 2229 causam
2359 2181 2488 2228 sunt
2515 2168 2801 2226 constituti
2849 2177 3171 2232 conventus,
3204 2176 3267 2221 ut
3286 2165 3424 2220 alter

167 2262 525 2332 συνερχόμενοι
547 2276 562 2291 ο
594 2262 648 2314 εί
674 2260 733 2315 δὲ
770 2261 869 2333 μὴ,
918 2260 1133 2333 βέλτιον
1163 2263 1305 2316 οίκοι
1349 2261 1513 2317 εἶναι.
1546 2261 1670 2316 Τοῦ·

1924 2267 2099 2321 altero
2130 2266 2373 2337 juvetur,
2402 2263 2530 2319 dum
2570 2262 2626 2318 in
2660 2261 2933 2319 charitate
2974 2259 3418 2332 congregamiui

168 2348 217 2402 δὲ
237 2348 393 2417 λέγει,
424 2350 523 2421 οὐχ
576 2349 671 2406 ἵνα
716 2352 861 2407 οῐκοι
885 2344 1041 2420 ὦσιν,
1077 2353 1196 2408 ἀλλ’
1252 2353 1342 2407 ἵνα
1382 2353 1590 2424 μᾶλλον
1621 2355 1671 2408 ai

1919 2360 1987 2416 od
2015 2361 2059 2417 si
2103 2361 2210 2414 hoc
2240 2374 2348 2413 non
2383 2356 2497 2423 flat,
2534 2356 2705 2412 salius
2737 2362 2822 2410 est
2884 2362 2946 2408 ut
2976 2354 3119 2408 domi
3157 2368 3256 2406 vos
3286 2366 3422 2406 con-

164 2442 272 2505 tqu
292 2442 336 2475 ’⁷
364 2442 486 2513 seu)
499 2443 743 2517 κύσηται
778 2444 920 2518 πρὸς
952 2446 1015 2502 τὸ
1039 2447 1403 2520 συνέρχεσθαι
1426 2448 1502 2512 ὡς
1524 2448 1625 2502 δεῖ.

1915 2453 2074 2509 eatis.
2110 2451 2224 2507 lloc
2255 2460 2439 2507 autem
2491 2466 2598 2508 non
2643 2450 2765 2506 ideo
2806 2448 2960 2514 dicit,
2996 2460 3054 2504 ut
3102 2448 3246 2503 domi
3278 2448 3413 2513 sint,

1832 2552 2089 2600 caeterum
2128 2553 2190 2598 ιιι
2215 2556 2309 2599 eos
2339 2543 2512 2614 magis
2568 2541 2811 2597 attrahat
2862 2555 2970 2612 quo
3019 2540 3162 2595 sicut
3206 2552 3423 2610 oportet

1830 2635 2181 2694 conveniant.

225 2729 245 2765 ι
282 2713 358 2766 Τά
400 2713 457 2768 δι
491 2714 687 2780 λοιπὰ,
715 2715 792 2779 ὡς
843 2715 912 2770 ἂν
971 2715 1135 2784 ἔλθω,
1187 2716 1538 2789 διατάξομαι.
1595 2735 1615 2770 ι
1652 2718 1725 2771 Ἢ

1920 2749 1930 2782 ι
1969 2729 2181 2786 Caetera
2208 2738 2393 2783 autem
2425 2742 2551 2784 cum
2576 2741 2777 2783 venero
2826 2725 3138 2796 disponam.
3170 2740 3189 2774 ι
3225 2719 3321 2777 Vel
3355 2722 3423 2775 de

165 2805 275 2874 περὶ
302 2806 501 2878 ἑτέρων
531 2808 703 2862 τινῶν
733 2808 1215 2880 ἁμαρτανομένων
1246 2810 1377 2881 παρ’
1405 2810 1596 2875 αὐτοῖς
1626 2828 1668 2865 κι

1921 2821 1957 2875 is
1994 2816 2269 2874 nonnullis
2296 2817 2536 2888 ipsorum
2569 2816 2827 2887 peccatis,
2861 2829 2982 2884 quae
3014 2828 3151 2883 opus
3184 2812 3424 2867 habeant

163 2896 407 2969 δεομένων
454 2900 731 2971 διαταγῆς
760 2900 932 2971 λέγει,
959 2901 993 2974 ἢ
1050 2902 1182 2975 περὶ
1211 2899 1380 2956 αὑτοῦ
1403 2902 1597 2957 τούτου
1624 2920 1666 2972 φη

1925 2911 2241 2974 endatione,
2284 2910 2369 2965 vel
2402 2912 2469 2965 de
2492 2910 2600 2965 hoc
2642 2909 2758 2980 ipso
2801 2908 3067 2978 loquitur,
3101 2906 3244 2975 quod
3278 2905 3427 2960 veri-

167 2988 258 3057 σλν,
290 2990 368 3044 ὅτι
393 2990 559 3057 Εἰκός
610 2990 732 3046 ἔστι
781 2991 938 3057 τινὰς
967 2992 1295 3062 ἀπολογίαις
1339 2992 1654 3064 χρήσασθαι

1921 3004 2013 3061 tile
2058 3012 2143 3059 est
2175 3002 2391 3073 aliquos
2428 3001 2804 3057 defensionem
2841 3013 3037 3070 parare
3074 3000 3335 3051 adversus
3360 3008 3424 3049 ea

166 3081 284 3150 πρὸς
306 3081 340 3138 ἃ
365 3079 522 3138 εἷπον
543 3101 560 3115 ο
595 3084 736 3139 ἀλλὰ
763 3085 904 3150 τέως
936 3084 1057 3157 μὲν,
1081 3083 1119 3139 ἃ.
1159 3082 1315 3140 εἶπον
1345 3084 1669 3156 φυλαττέσθι

1918 3111 1956 3151 az
1986 3094 2120 3162 dixi,
2151 3110 2338 3151 verum
2373 3094 2593 3150 interim
2623 3107 2746 3164 qua:
2793 3091 2908 3147 dixi
2956 3088 3290 3146 custodiant.
3326 3084 3421 3141 Sin

166 3189 269 3283 σαν.
301 3176 360 3230 Ei
389 3176 447 3231 δέ
482 3194 569 3242 τις
600 3175 791 3250 ἕτερόν
808 3194 864 3231 τι
891 3175 1009 3247 ἔχει
1032 3175 1241 3246 λέγειν,
1263 3179 1332 3249 τῇ
1364 3178 1472 3249 ὲμῇ
1521 3194 1669 3250 παρολ

1920 3191 2123 3260 isqnam
2150 3187 2298 3243 aliud
2331 3188 2630 3258 quidquam
2665 3187 2862 3241 habeat
2889 3182 3034 3254 quod
3082 3181 3213 3237 mihi
3255 3180 3423 3246 dicat,

165 3266 242 3337 σίᾳ
275 3267 428 3323 τοῦτο
454 3268 761 3342 τηρείσθω,
814 3269 1073 3340 Ἐκφοὸεῐ
1111 3270 1172 3325 δὲ
1209 3270 1411 3334 αὐτοὺς
1462 3269 1540 3334 ὡς
1588 3287 1665 3323 πα

1922 3296 2096 3336 meum
2135 3279 2189 3335 id
2219 3280 2509 3334 adventum
2561 3293 2733 3348 usque
2784 3286 3056 3334 servetur.
3099 3273 3294 3330 Terret
3325 3287 3425 3326 au-

165 3360 424 3431 ισόμενος,
451 3362 540 3418 ἴνα
582 3362 972 3418 κατασταλῶσι
1003 3364 1101 3418 καὶ
1146 3360 1581 3432 διορθώσωνται,
1607 3363 1660 3416 ετ

1923 3390 1944 3427 [ι
1977 3387 2072 3429 eos
2100 3383 2356 3442 tanquam
2387 3372 2696 3437 adfuturus,
2725 3379 2785 3425 ut
2812 3370 3017 3425 interea
3049 3365 3309 3437 temporis
3330 3364 3426 3420 de-

169 3450 233 3525 μὴ
256 3454 426 3519 καλῶς
449 3455 657 3529 ἔχοιεν.
1060 3450 1063 3455 ’

1924 3474 2059 3519 ttant
2119 3465 2339 3529 cristas,
2393 3472 2451 3520 et
2504 3463 2787 3535 corrigant
2839 3465 2887 3518 si
2949 3459 3081 3531 quid
3129 3473 3240 3515 non
3290 3458 3427 3513 bene

1838 3556 2097 3625 habeant.

750 3657 1006 3714 ΚΕΦΑΛ.
1033 3659 1137 3714 ΙΒ’.

2446 3665 2674 3722 CAPUT
2716 3663 2831 3721 XII.

233 3795 250 3829 ι
278 3777 410 3849 Περὶ⁸
423 3778 482 3834 δὲ
503 3777 619 3833 τῶν
636 3776 1052 3851 πνευματικῶν,
1078 3776 1323 3849 ἀδελφοὶ,
1346 3777 1409 3831 οὐ
1433 3777 1576 3832 θέλω
1591 3778 1736 3849 ὑμᾶς

1921 3779 2079 3836 Vens.
2122 3780 2172 3836 1.
2213 3798 2233 3832 ι
2275 3779 2351 3834 De
2377 3776 2748 3847 spiritualilms
2782 3783 2961 3832 autem
2991 3772 3114 3828 nolo
3145 3786 3241 3826 vos
3264 3771 3424 3841 igno-

171 3868 382 3938 ἀγνοεῖν.
420 3890 439 3923 ι
476 3871 770 3938 Τουτὲστι,
796 3871 909 3925 τῶν
945 3871 1312 3943 χαρισμάτων
1337 3870 1448 3926 ,τοῦ
1482 3870 1673 3941 Πνεύμ

1925 3889 1986 3938 'e,
2020 3873 2241 3928 fratres.
2288 3890 2307 3925 ι
2353 3869 2467 3924 Hoc
2497 3879 2604 3943 cst,
2651 3869 2719 3925 de
2771 3868 2928 3924 donis
2957 3866 3217 3936 Spiritus.
3249 3867 3428 3933 Argu-

169 3976 265 4024 τος.
311 3959 373 4016 Ἢ
401 3962 458 4017 δὲ
486 3961 756 4026 ὑπόθεσις
785 3961 928 4036 αὕτη
949 3980 963 3995 ο
993 3963 1058 4017 Οἱ
1089 3963 1487 4028 πιστεύσαντες
1517 3963 1576 4018 έν
1593 3963 1672 4036 ἀρ]

1934 3978 2085 4023 ntum
2126 3974 2418 4035 autemest
2456 3962 2766 4033 huiusmodi
2795 3980 2808 4016 :
2847 3960 3051 4016 Omnes
3076 3958 3168 4029 qui
3202 3958 3255 4013 in
3285 3959 3436 4028 prin—

170 4051 249 4104 xa’t
272 4050 688 4122 βαπτισθέντες,
721 4051 928 4115 πάντες
952 4052 999 4085 ⁷⁸
1022 4051 1084 4105 τὸ
1116 4050 1347 4123 Πνεῦμα
1379 4050 1673 4121 ἐλάμϐανοε

1936 4062 1987 4118 io
2025 4061 2376 4117 crediderant
2406 4070 2464 4115 et
2507 4057 2771 4129 baptizati
2820 4063 3002 4120 erant,
3042 4052 3307 4124 Spiritum
3343 4066 3435 4105 ac-

171 4143 279 4197 ἐπεὶ
305 4143 359 4198 δὲ
387 4144 631 4217 ἀόρατον
658 4137 726 4217 ἦν
761 4142 943 4209 τοῦτο,
987 4141 1214 4214 ἐλεγχος
1245 4142 1506 4214 αἰσθητὸς
1536 4140 1674 4196 ἒδίδο

1927 4155 2141 4211 .iebant.
2175 4153 2314 4221 Quia
2362 4168 2493 4209 vero
2533 4153 2581 4207 is
2640 4148 2932 4205 invisibilis
2978 4155 3122 4210 erat,
3170 4142 3430 4199 sensibile

171 4237 256 4308 τῆς
278 4239 439 4294 αὑτοῦ
468 4238 788 4312 ἐνεργείας,
831 4238 929 4293 καὶ
989 4237 1023 4311 ἢ
1073 4238 1353 4309 γλώσσαις
1403 4238 1654 4303 ἐλάλουν,

1934 4247 2335 4317 num;dabatur
2383 4244 2719 4317 operationis
2765 4241 2956 4312 ipsius,
2999 4249 3163 4309 atque
3206 4245 3301 4291 aut
3328 4235 3437 4290 lin-

173 4333 611 4407 προεφήτευον,ἢ
661 4332 1169 4406 ὲθαυματούργουν.
1217 4332 1377 4406 Παρά
1434 4331 1676 4403 Κορινθίι

1931 4343 1972 4399 is
2005 4342 2393 4414 loquebantur,
2428 4348 2522 4394 aut
2545 4338 2970 4408 prophetabant,
3008 4345 3106 4387 aut
3157 4329 3434 4387 miracula

170 4422 251 4478 οὖν
270 4425 351 4481 διά
375 4429 442 4482 τὰ
479 4426 807 4500 χαρίσματα
842 4425 1066 4490 στάσεις
1094 4421 1260 4499 ἦσαν,
1286 4426 1396 4481 τῶν
1427 4443 1488 4480 τε
1519 4422 1673 4496 μείζο

1933 4436 2103 4492 ebant.
2140 4434 2297 4507 Apud
2329 4432 2644 4489 Corinthios
2688 4429 2875 4500 itaque
2913 4427 3309 4485 charismatum
3337 4436 3436 4479 uo-

171 4513 542 4589 λαμϐανόντων
570 4520 981 4594 ἐπαιρομένων,
1012 4520 1109 4575 καὶ
1151 4519 1263 4573 τῶν
1296 4519 1594 4585 ἐλάττονα,
1626 4518 1674 4572 δι

1933 4542 1997 4584 ne
2022 4526 2324 4584 seditiones
2351 4531 2559 4579 exortae
2600 4528 2779 4588 erant,
2818 4518 2956 4575 adeo
2993 4525 3055 4573 ut
3100 4514 3196 4587 qui
3226 4514 3436 4583 majora

175 4610 495 4681 φθονούντων
525 4613 786 4678 ἐκείνοις.
823 4614 1065 4669 Ἔπειτα
1086 4608 1231 4686 ἦσαν
1262 4614 1361 4668 καὶ
1398 4613 1627 4685 μάντεις
1656 4629 1678 4666 τ

1935 4639 1992 4679 rta
2026 4629 2378 4692 acceperant,
2409 4616 2738 4675 efferrentur
2772 4634 2786 4670 :
2822 4614 2917 4686 qui
2956 4627 3087 4669 vero
3115 4612 3347 4676 minora,
3372 4609 3438 4662 it-

175 4703 252 4769 νὲς
273 4706 364 4759 καὶ
400 4706 882 4779 ψευδοπροφῆται,
926 4706 1023 4761 καὶ
1073 4705 1356 4778 δυσχερῶς
1407 4703 1678 4777 διεκρίνον

1942 4715 2268 4773 inviderent.
2296 4711 2548 4782 Insuper,
2580 4718 2732 4765 vates
2771 4708 2980 4778 aliquot
3010 4715 3067 4762 et
3090 4704 3434 4776 pseudopro-

176 4794 270 4849 ἀπὸ
303 4797 410 4853 τῶν
444 4798 651 4854 ἐνθέων
682 4799 1006 4871 προφητῶν.
1039 4799 1230 4854 Πάντα
1268 4798 1363 4855 οὖν
1385 4798 1567 4855 ταῦτα
1594 4799 1676 4853 διο

2023 4807 2309 4870 :fuerunt,
2336 4804 2433 4875 qui
2488 4800 2776 4858 dilliculter
2833 4816 2862 4854 ιι
2912 4799 3114 4854 divinis
3159 4795 3441 4866 prophetis
3510 4819 3526 4837 ο

177 4884 367 4959 θοῦται,
403 4892 500 4948 καὶ
530 4891 751 4965 πρῶτον
781 4891 844 4948 τὸ
867 4890 978 4947 τῶν
1008 4893 1277 4965 μάντεων.

1936 4900 2022 4974 Μ.
2038 4897 2511 4956 discernebantur.
2530 4894 2741 4952 Cuncta
2758 4892 2929 4965 igitur
2948 4894 3065 4949 haec
3087 4892 3141 4946 in
3160 4889 3439 4944 meliorem

1859 5002 2064 5048 statum
2098 4997 2342 5054 revocat,
2377 5003 2443 5045 ac
2476 4987 2717 5059 primum
2756 4985 2901 5057 quod
2934 4986 3002 5040 ad
3029 4992 3182 5038 vates
3222 4979 3439 5032 attinet.

242 5083 262 5119 ι
291 5068 481 5123 Οἴδατε
512 5069 620 5136 ,ὅτι
651 5069 744 5125 ὅτε
793 5070 925 5142 ἔθνη
966 5065 1090 5144 ἦτε,
1148 5071 1284 5144 πρὸς
1325 5071 1397 5127 τά
1443 5071 1641 5126 εἴδωλα
1676 5071 1745 5127 τά

1943 5083 2095 5138 Vsus.
2132 5081 2189 5137 2.
2231 5098 2252 5134 ι
2287 5080 2473 5137 Nostis
2503 5077 2648 5151 quod
2680 5077 2900 5150 quando
2926 5080 3114 5147 gentes
3146 5069 3340 5133 eratis,
3374 5067 3446 5123 ad

180 5155 373 5227 ἄφωνα,
403 5161 478 5225 ὡς
508 5162 577 5216 ἂν
609 5162 833 5235 ἧγεσθε,
891 5164 1256 5235 ἀπαγόμενοι.
1309 5183 1330 5217 ι
1386 5165 1623 5236 Σημεῖον
1666 5165 1683 5221 ί

1932 5172 2022 5241 ila,
2062 5172 2521 5244 quemadmodum
2556 5167 2929 5232 ducebamini,
2986 5162 3207 5220 abducti
3240 5159 3385 5216 sitis.
3417 5177 3435 5211 ι

177 5250 294 5308 δωσι
317 5253 410 5310 τοῦ
444 5255 697 5327 μάντεως
726 5258 827 5312 καὶ
848 5256 945 5312 τοῦ
966 5258 1284 5330 προφήτου·
1323 5258 1418 5313 καί
1444 5275 1633 5331 φησιν,
1664 5259 1680 5314 ε

1937 5283 2088 5341 gnum
2122 5267 2218 5323 dat
2243 5268 2386 5325 vatis
2416 5278 2471 5324 et
2491 5254 2774 5340 prepheta:
2808 5282 2824 5321 :
2862 5260 2946 5329 Si,
2994 5258 3269 5330 inquiens,
3299 5256 3440 5326 apud

179 5343 229 5397 έν
246 5348 352 5412 τοῖς
380 5348 627 5414 εἰδώλοις
666 5349 722 5404 ετ
748 5367 834 5416 τις
865 5350 1224 5423 ἐμαντεύετο,
1249 5351 1619 5424 κατασχεθεὶς
1643 5351 1682 5405 ὑλ

1946 5362 2002 5417 da
2046 5360 2248 5432 aliquis
2288 5361 2704 5425 vaticinaretur,
2747 5372 2779 5413 a
2817 5355 3014 5426 spiritu
3045 5348 3328 5407 immundo
3354 5349 3449 5404 de-

182 5437 480 5526 ‘zvstiuato;
525 5440 866 5516 ἀκαθάρτου,
908 5444 986 5508 ὡς
1036 5443 1105 5498 ἂν
1161 5443 1538 5516 ἀπαγόμενος,
1572 5441 1685 5499 οὔτι

1945 5464 2040 5512 ltus
2068 5470 2165 5511 ceu
2190 5463 2382 5526 raptus
2406 5462 2462 5509 et
2487 5453 2780 5515 abductus.
2835 5449 2915 5505 sic
2946 5443 3265 5515 rapiebatur
3285 5454 3316 5493 a
3341 5438 3448 5510 spi-

179 5523 377 5621 εἵλκετο
408 5529 517 5586 ὑπὸ
553 5532 650 5588 τοῦ
692 5532 1013 5603 πνεύματος
1054 5532 1363 5605 δεδεμένος,
1395 5535 1548 5590 οὐδὲν
1589 5535 1682 5591 είδι

1945 5565 1969 5604 ιι
1999 5549 2221 5621 ligatus,
2257 5523 2419 5604 inihil
2457 5546 2640 5603 sciens
2668 5556 2858 5600 eorum
2900 5551 3025 5610 quae
3083 5534 3315 5598 diceret,
3351 5529 3448 5585 sed

185 5611 256 5677 ὧν
283 5619 330 5655 ⁸⁸
357 5622 567 5694 ἔλεγεν,
618 5623 739 5682 ἀλλ’
792 5625 1107 5698 ἐξεστηκὼς
1149 5628 1246 5682 καὶ
1298 5627 1590 5699 μεμηνώς·
1631 5632 1661 5685 ὁ

1950 5611 2233 5700 ine‘ex‘tra
2269 5655 2330 5699 se
2385 5637 2712 5699 constitutus
2755 5643 2813 5693 et
2860 5634 3135 5691 insanus:
3190 5625 3453 5699 prepheta

870 5834 875 5839 _
1440 5830 1445 5835 η
1468 5743 1671 5809 Variae
1701 5747 2038 5827 lectiones.
2094 5808 2103 5819 ,

250 5863 295 5898 ⁷⁷
312 5864 478 5934 αὐτὸς
513 5880 564 5925 o.
643 5866 689 5904 "
716 5866 957 5940 χρᾶσθαι
976 5881 1043 5952 ο.Δ
1105 5867 1154 5903 ⁷⁸
1182 5865 1401 5935 πάντως
1434 5882 1487 5926 o.
1564 5869 1613 5905 ”
1643 5871 1673 5928 δ
1698 5887 1751 5932 ο,
