3806 6570
402 335 500 400 711

1221 311 1234 316 ’
1325 330 1909 394 THEOPHYLAC’I‘I
1948 330 2358 392 BULGARLE
2398 330 2750 394 ARClllEP.
3560 327 3640 394 71-2

409 461 591 504 autem
626 461 729 501 non
754 447 876 514 sic;
920 460 1108 502 verum
1141 445 1187 500 is
1229 455 1415 500 meme
1463 445 1643 500 sobria
1684 451 1880 498 cuncta
1913 444 1990 498 ιυ-

2112 443 2385 514 προῳήτης
2417 442 2517 512 οὐχ
2539 442 2734 507 οὓτως,
2776 440 2912 495 ἀλλὰ
2944 441 3086 512 μετὰ
3134 441 3372 505 διανοίας
3402 448 3640 515 νηφούσης

411 543 616 611 quitur.
644 539 757 595 lloc
784 540 945 609 igitur
975 547 1059 592 est
1089 537 1323 607 primum
1364 537 1580 608 signum
1610 539 1748 592 vatis
1787 536 1988 591 daemo-

411 633 575 698 niaci,
605 640 660 686 et
686 634 962 700 propheta:
998 629 1190 683 divini.

483 721 647 778 Vens.
679 725 733 778 '5.
775 740 792 773 ε
826 721 948 777 ldeo
983 731 1168 776 notum
1202 723 1354 777 vobis
1381 721 1539 786 facio,
1573 720 1718 791 quod
1743 733 1906 775 nemo
1936 719 1988 772 in

415 814 620 885 Spiritu
647 814 743 867 Dei
775 814 1022 882 loquens,
1047 812 1177 866 dicit
1202 811 1692 877 anathemalesum
1716 829 1730 865 :
1753 819 1806 864 et
1832 825 1992 865 nemo

414 916 590 977 potest
641 908 822 962 dicere
879 906 1165 960 Dominum
1238 905 1448 972 Jesum,
1512 905 1615 960 nisi
1672 906 1724 959 in
1784 905 1992 975 Spiritu

412 1008 628 1062 sancto.
669 1017 687 1048 ι
724 998 899 1052 Etiam
935 997 1040 1052 hoc
1085 997 1180 1052 tibi
1235 998 1448 1068 signum
1485 999 1553 1051 sit
1594 997 1754 1062 vatis,
1793 1010 1986 1064 nempe

412 1091 712 1156 exsecrari,
743 1091 1140 1158 blaspltentare,
1200 1090 1565 1157 conviciisque
1606 1089 1876 1142 incessere
1899 1085 1992 1141 Je-

417 1199 534 1236 sum
566 1199 580 1236 :
618 1185 894 1253 propheta:
935 1197 1084 1248 vero,
1112 1181 1254 1235 haud
1282 1183 1420 1236 citra
1461 1181 1786 1250 praeconium
1812 1179 1990 1234 nomi-

415 1289 548 1328 nare
587 1272 800 1327 Domini
835 1288 1053 1326 nomen.
1116 1273 1258 1337 Quid
1300 1274 1466 1344 igitur
1507 1271 1883 1328 catechumeni
1913 1269 1996 1324 fa-

415 1363 918 1431 cittnt?Quomodo
966 1363 1056 1417 isti
1107 1366 1345 1418 nondum
1404 1363 1669 1417 habentes
1722 1362 1988 1432 Spiritum

415 1468 687 1521 sanctum,
722 1456 1250 1512 nominautJesum?
1282 1454 1478 1510 Verum
1506 1457 1572 1510 de
1597 1456 1682 1509 his
1705 1469 1848 1509 nunc
1883 1469 1990 1508 non

2093 537 2275 589 πάντα
2333 533 2672 602 φθέγγεται³
2739 532 2881 587 ὥστε
2957 533 3118 589 τοῦτο
3166 533 3383 604 πρῶτον
3447 538 3641 605 σημεῖον

2096 630 2340 699 μάντεως
2361 625 2750 697 δαιμονιὼδους
2775 626 2870 680 καὶ¹
2905 626 3187 699 προφήτου
3219 625 3388 681 θείου.

2172 739 2189 772 t
2252 721 2345 774 Διὸ
2377 717 2632 790 γνωρίζω
2679 719 2829 789 ὑμῖν,
2866 718 2948 772 ὃτι
2993 718 3170 782 οὐδεὶς
3224 717 3500 786 Πνεύματι
3533 718 3640 772 Θεοῦ

2091 815 2290 880 λαλῶν,
2330 815 2482 883 λέγει
2513 814 2764 883 ἀνάθεμα
2813 813 3060 883 Ἰησοῦνο
3101 813 3197 866 καὶ
3223 812 3400 876 οὐδεὶς
3447 811 3642 866 δύναται

2091 907 2266 959 εἰπεῖν
2319 905 2522 977 Κύριον
2560 886 2788 976 Ἰησοῦν,
2822 905 2871 957 εἰ
2910 905 2984 975 μὴ
3033 906 3090 958 ἐν
3126 905 3405 975 Πνεύματι
3438 905 3587 977 ἁγίῳ.
3624 926 3639 957 ι

2095 995 2206 1048 Καὶ
2259 994 2441 1062 τοῦτο,
2495 997 2652 1066 φησὶ,
2698 996 2926 1066 σημεῖον
2976 996 3119 1049 ἐστω
3171 1013 3254 1049 σοι
3293 998 3554 1067 μάντεως,
3599 1000 3643 1050 τὸ

2093 1087 2542 1158 ἀναθεματίζειν,
2566 1089 2686 1158 ἦτοι
2721 1089 3066 1160 βλασφημεῖν
3099 1089 3194 1141 καὶ
3225 1088 3546 1156 κακολογεῖν
3568 1089 3639 1142 τὶν

2107 1180 2317 1250 Ἰησοῦν
2334 1197 2348 1212 ο
2373 1182 2467 1234 καὶ
2491 1176 2582 1244 αὖ,
2611 1183 2913 1252 προφήτου,
2949 1181 3009 1234 τὸ
3029 1180 3321 1251 ὀνομάζειν
3344 1179 3642 1251 εύφῆμως⁸¹

2093 1273 2155 1326 τὸ
2190 1272 2285 1326 τοῦ
2322 1273 2529 1344 Κυρίου
2563 1273 2760 1344 ὄνομα.
2781 1274 2846 1327 Τί
2880 1271 2975 1327 οὖν
3003 1274 3053 1326 οἱ
3078 1273 3482 1345 κατηχούμενοι
3511 1292 3527 1340 ;
3555 1275 3644 1339 πῶς

2099 1365 2174 1436 μὴ
2220 1367 2436 1436 ἔχοντες
2489 1365 2646 1421 οὔπω
2697 1365 2926 1436 Πνεῦμα
2976 1367 3154 1434 ᾰγιον,
3212 1366 3538 1436 ὀνομάζουσι
3573 1367 3644 1418 τὸν

2108 1457 2345 1527 Ἰησ-ιῦν;
2391 1458 2529 1512 Ἀλλ’
2558 1476 2620 1511 ου
2658 1463 2787 1531 περ)⁵
2822 1457 3030 1513 τούτων
3061 1459 3156 1513 νῦν
3178 1461 3206 1513 6
3237 1459 3416 1529 λόγος,
3451 1461 3574 1531 περὶ
3608 1459 3644 1491 ⁸³

414 1562 498 1607 est
531 1567 729 1615 sermo,
758 1561 1016 1606 caeterum
1045 1549 1111 1604 de
1138 1548 1390 1604 ﬁdelibus
1405 1558 1459 1603 et
1493 1547 1824 1602 inﬁdelibus.
1850 1545 1991 1612 Quid

2112 1547 2152 1601 Ξὲ
2184 1547 2394 1601 πιστῶν
2426 1549 2518 1602 καὶ
2546 1549 2812 1604 ἀπίστων.
2843 1551 2909 1604 Τί
2932 1551 2989 1604 δὲ
3011 1551 3062 1603 οἱ
3098 1550 3390 1621 δαίμονες;
3417 1552 3513 1604 ούκ
3535 1551 3646 1605 ὠνό-

413 1657 543 1699 vero
572 1641 878 1698 daemones?
899 1640 1088 1696 Nonne
1117 1655 1312 1696 nomen
1348 1637 1564 1694 Domini
1597 1635 1993 1692 nominabant?

2112 1638 2270 1709 aaCov
2310 1641 2371 1693 τὸ
2419 1642 2588 1712 ὄνομα
2639 1642 2735 1696 τοῦ
2781 1643 3025 1714 κυρίους
3072 1643 3235 1698 Ἀλλὰ
3288 1644 3647 1716 μαστιζόμενοι

414 1732 561 1801 lino;
607 1731 704 1788 sed
738 1730 920 1803 ﬂagris
942 1733 1068 1787 caesi
1101 1740 1157 1786 et
1192 1729 1399 1796 coacti;
1424 1737 1616 1798 suapte
1651 1741 1781 1783 vero
1800 1737 1993 1797 sponte

2112 1732 2194 1784 ιαὶ
2229 1732 2667 1805 ἀναγκαζόμενοι
2695 1750 2709 1765 '
2742 1736 2963 1800 ἑκόντες
2992 1736 3050 1789 δὲ
3095 1737 3191 1790 καὶ
3246 1738 3323 1808 μὴ
3371 1738 3645 1808 μαστιγού-

415 1834 471 1882 et
499 1827 604 1880 nisi
630 1826 972 1896 vapulantes,
1016 1838 1321 1894 nunquam.

2112 1841 2254 1894 μενοι
2288 1826 2540 1898 μηδαμοῦ
2575 1828 2644 1882 ⁸³.

489 1918 653 1974 Vens.
691 1920 744 1974 4.
779 1937 797 1970 t
825 1919 1130 1974 Divisiones
1156 1927 1336 1971 autem
1373 1915 1639 1970 donorum
1675 1918 1823 1976 sunt,
1849 1911 1991 1966 idem

417 2026 548 2066 vero
583 2011 839 2081 Spiritus.
893 2029 913 2063 ι
980 2010 1116 2065 Cum
1167 2009 1460 2064 discrimen
1500 2006 1645 2061 inter
1700 2019 1888 2058 verum
1941 2011 1996 2057 et

419 2105 620 2159 falsum
665 2102 1350 2174 prophetam\indicasset,
1380 2101 1543 2155 etiam
1565 2099 1654 2158 .de
1682 2088 1841 2154 don-is
1873 2095 1996 2166 Spi-

420 2195 555 2248 ritus
579 2195 817 2256 disserit,
855 2201 911 2246 ut
945 2207 1038 2246 eos
1056 2192 1219 2245 etiam
1243 2191 1502 2261 corrigat,
1526 2190 1619 2259 qui
1657 2189 1716 2243 in
1743 2187 1864 2243 istis
1887 2187 1996 2242 dis-

418 2286 617 2339 sident.
657 2284 735 2337 Ac
772 2285 1005 2354 primum
1053 2299 1173 2338 eum
1201 2290 1380 2348 curat,
1428 2282 1519 2350 qui
1563 2281 1746 2334 minus
1791 2280 1995 2334 donum

419 2373 650 2442 accepit,
679 2387 743 2427 ac
775 2383 1062 2440 propterea
1120 2380 1336 2426 mceret.
1374 2367 1483 2424 Cur
1522 2369 1669 2423 enim
1701 2367 1875 2434 doles,
1908 2369 1997 2421 itt-

418 2467 560 2536 quit,
596 2466 742 2536 quod
795 2480 901 2520 non
933 2475 1142 2518 tantum
1177 2462 1438 2534 accepisti
1474 2471 1636 2532 atque
1670 2459 1843 2515 alius?
1879 2457 1996 2514 Non

419 2560 564 2613 enim
598 2560 838 2614 debitum
870 2569 975 2624 est,
1011 2562 1106 2615 sed
1159 2558 1434 2613 charisma
1459 2567 1514 2611 et
1543 2559 1764 2612 donum.
1813 2554 1999 2624 Itaque

420 2654 624 2720 gratias
675 2666 792 2720 age,
845 2653 986 2720 quod
1027 2650 1162 2706 nihil
1193 2650 1285 2705 tibi
1321 2650 1463 2704 Deus
1496 2663 1620 2704 cum
1643 2647 1859 2713 debeat,
1897 2646 1998 2700 ali-

421 2744 550 2814 quid
583 2758 710 2798 sane
733 2745 982 2798 dcderit:
1019 2743 1128 2797 imo
1159 2757 1294 2798 vero
1341 2741 1482 2796 idem
1529 2751 1635 2805 est,
1677 2740 1772 2810 qui
1816 2750 1869 2794 et
1900 2739 1997 2793 tibi

421 2846 477 2890 et
504 2835 574 2888 illi
598 2835 827 2904 largitus
862 2845 945 2890 cst
1007 2834 1169 2890 Deus.
1203 2833 1316 2889 Non
1347 2835 1493 2889 enim
1523 2833 1619 2888 tibi
1650 2833 1875 2902 angelus
1904 2833 1999 2887 de-

424 2929 525 2994 dit,
549 2927 625 2981 illi
665 2940 796 2982 vero
829 2925 976 2983 Deus
1015 2943 1030 2981 :
1069 2942 1258 2982 verum
1312 2927 1453 2982 idem
1495 2927 1710 2996 utrique
1739 2925 1996 2996 Spiritus.

2175 1938 2193 1971 ι
2229 1920 2544 1992 Διαιρέσεις
2603 1921 2660 1975 δὲ
2716 1923 3080 1994 χαρισμάτων
3143 1923 3274 1988 εἰσὶ,
3339 1922 3402 1977 τδ
3449 1923 3506 1978 δὲ
3539 1923 3647 1977 αὐτὸ

2098 2009 2342 2082 Πνεῦμα.
2382 2031 2400 2064 ι
2433 2013 2589 2068 Μετὰ
2613 2014 2673 2067 τὸ
2705 2014 2879 2079 δεῖξαι
2902 2015 2950 2047 ⁸⁸
2973 2014 3072 2086 τὴν
3105 2016 3376 2086 διαφορὰν
3406 2016 3499 2069 τοῦ
3530 2032 3644 2086 προ-

2097 2103 2270 2173 φήτου
2300 2105 2394 2156 καὶ
2424 2105 2519 2158 τοῦ
2558 2105 3036 2178 ψευδοπροφήτου,
3065 2107 3159 2160 καὶ
3185 2109 3313 2176 περὶ
3343 2108 3452 2160 τῶν
3523 2124 3649 2177 χαρι-

2100 2199 2322 2268 σμάτων
2349 2199 2394 2232 ⁸⁸
2439 2201 2626 2270 φησὶν,
2660 2199 2751 2253 ἵνα
2795 2201 2889 2254 καὶ
2913 2200 3040 2262 τοὺς
3070 2201 3128 2253 ἐν
3157 2198 3368 2261 τούτοις
3397 2198 3650 2252 διστασιά·

2099 2289 2294 2356 ζοντας
2330 2292 2724 2364 διορθὼσηται.
2775 2295 2888 2347 Καὶ
2923 2292 3138 2362 πρῶτον
3172 2291 3464 2364 θεραπεύει
3494 2291 3580 2344 τὸν
3601 2291 3648 2344 τὸ

2099 2386 2320 2440 ἔλαττον
2349 2387 2600 2458 χάρισμα
2628 2387 2884 2454 λαϐόντα,
2911 2389 3008 2442 καὶ
3043 2387 3132 2441 διὰ
3170 2387 3332 2441 τοῦτο
3383 2385 3645 2454 ἀλγοῦντα.

2099 2479 2256 2542 Τίνος
2281 2479 2391 2549 γὰρ
2418 2479 2603 2532 ἕνεκεν
2633 2480 2837 2548 ἀλγεῖς,
2866 2481 2948 2534 ὅτι
2971 2481 3072 2533 οὐκ
3093 2477 3283 2542 ἐλαϐες
3304 2478 3429 2532 ὅσον
3450 2478 3646 2548 ἕτερος;

2099 2569 2191 2640 Μὴ
2215 2569 2323 2640 γὰρ
2363 2569 2554 2640 ὀφειλή
2612 2572 2780 2637 ἐστιν,
2841 2571 2978 2625 ἀλλὰ
3042 2571 3286 2643 χάρισμα
3328 2570 3422 2624 καὶ
3473 2569 3647 2640 δωρεά.

2101 2661 2266 2714 Ὥστε
2320 2661 2656 2733 εὐχαρίστει,
2716 2663 2799 2715 ὅτι
2833 2663 2989 2718 ούδέν
3045 2680 3128 2716 σοι
3157 2661 3392 2731 ὀφείλων
3452 2661 3480 2713 6
3513 2659 3647 2722 Θεὸς,

2099 2753 2237 2817 ὅλως
2266 2755 2314 2786 ⁸⁸
2341 2753 2540 2807 δέδωκέ
2570 2770 2623 2806 τι
2660 2769 2673 2783 ·
2707 2734 2846 2808 ἀλλά
2874 2753 2968 2806 καὶ
2997 2755 3024 2806 6
3055 2753 3363 2823 autdgﬁatt
3393 2749 3547 2821 δοτὴρ
3569 2751 3649 2802 καὶ

2103 2846 2188 2899 σοι
2219 2847 2458 2916 κάκείνῳ
2492 2848 2520 2899 6
2562 2843 2718 2910 Θεός.
2747 2847 2822 2902 Οὺ
2865 2845 2974 2916 γὰρ
3006 2847 3091 2898 σοὶ
3127 2844 3224 2915 μὲν
3248 2843 3474 2912 ἄγγελος
3510 2842 3651 2896 δέδωο

2103 2955 2221 3004 κεν,
2255 2937 2452 3009 ἐκείνῳ
2484 2939 2542 2991 δὲ
2568 2940 2596 2992 6
2622 2938 2757 3002 Θεός
2778 2953 2792 2968 ·
2823 2937 2958 2992 ἀλλὰ
2983 2937 3046 2990 τὸ
3072 2935 3207 2990 αύτδ
3242 2934 3466 3007 Πνεῦμα
3493 2935 3651 3006 ἀμφο-

2101 3031 2299 3094 τέροις.

500 3107 660 3164 Vens.
693 3107 746 3163 5.
782 3127 800 3160 ι
825 3111 899 3164 Ac
923 3107 1212 3163 divisiones
1235 3106 1701 3163 ministrationum
1730 3117 1878 3172 sunt,
1903 3107 1996 3163 sed

2112 3051 2160 3084 τε
2199 3051 2299 3094 οις.

2166 3051 2355 3175 ριΚαὶ
2417 3120 2716 3193 διαιρέσεις
2766 3121 3057 3176 διακονιῶν
3114 3121 3276 3188 εἰσιν,
3318 3121 3347 3173 6
3400 3118 3454 3172 δὲ
3509 3115 3650 3178 αὐτὸς

424 3202 566 3256 idem
600 3199 877 3255 Dominus.
919 3219 936 3254 ι
969 3198 1286 3255 Meminitet
1332 3198 1480 3264 Filii,
1507 3208 1759 3270 tanquam
1797 3199 1998 3255 datoris

2112 3214 2330 3284 Κύριο;.
2371 3233 2390 3266 ι
2424 3177 2717 3285 Μέμνηταῖ
2745 3215 2841 3267 καὶ
2873 3212 2966 3266 τοῦ
2999 3210 3152 3277 Υίλιῦ,
3177 3177 3512 3281 ὡς’δοτῆρος
3549 3177 3646 3260 τῶν

424 3295 710 3349 bonorum.
747 3293 1026 3349 Dolentcm
1074 3309 1236 3364 porro
1273 3293 1464 3360 majori
1490 3294 1865 3348 consolatione
1907 3308 2001 3348 re-

425 3388 637 3452 liciens,
670 3403 688 3437 t
721 3385 1200 3448 Ministrationum,
1244 3402 1262 3436 ι
1302 3385 1456 3438 dixit.
1491 3383 1594 3451 Qui
1634 3385 1776 3438 enim
1821 3385 2003 3439 citari-

425 3481 619 3534 smatis
643 3479 962 3534 vocabulum
999 3478 1305 3544 audiverat,
1353 3487 1410 3533 et
1459 3480 1637 3536 minus
1691 3487 1998 3548 acceperat,

425 3571 654 3626 fortasse
686 3571 808 3641 angi
836 3571 1219 3640 queatanimo,
1254 3586 1350 3625 ceu
1398 3572 1543 3625 circa
1577 3571 1778 3624 donum
1816 3570 2004 3624 immi-

426 3675 587 3719 nutus
634 3681 649 3718 :
689 3666 778 3734 qui
829 3679 956 3719 vero
1000 3665 1288 3719 ministerii
1339 3678 1528 3720 vocem
1570 3663 1858 3731 audiverit,
1895 3679 2002 3718 non

431 3760 503 3813 ita
539 3774 557 3816 :
587 3758 788 3813 laboris
811 3758 957 3812 enim
981 3767 1035 3814 et
1063 3758 1280 3813 sudoris
1310 3758 1412 3812 boc
1444 3765 1525 3812 est
1550 3756 1831 3812 indicium.
1864 3755 2004 3823 Quid

425 3853 570 3907 enim
600 3853 771 3928 doles,
801 3852 845 3906 si
882 3853 1045 3905 alium
1087 3851 1206 3921 plu's
1233 3867 1394 3922 quam
1447 3861 1499 3908 te
1546 3851 1795 3906 laborare
1816 3850 1999 3920 jussit,

428 3960 656 4013 parcens
691 3943 941 3998 videlicet
975 3944 1106 3997 tibi?

504 4037 665 4090 Vens.
716 4035 771 4089 6.
805 4053 824 4086 ι
865 4033 1171 4089 Divis-iones
1216 4033 1380 4089 etiam
1429 4034 1804 4103 operationum
1853 4046 2002 4100 sunt,

429 4126 572 4181 idem
599 4142 723 4182 vero
750 4126 891 4181 Deus
939 4127 1030 4196 qui
1061 4137 1318 4196 operatur
1347 4128 1529 4185 omnia
1564 4129 1617 4182 in
1674 4129 1944 4184 omnibus.
1978 4147 1997 4180 ι

2112 4137 2241 4201 Θεὸς
2269 4140 2297 4191 6
2328 4137 2567 4206 ἐνεργῶν
2598 4136 2665 4190 τὰ
2688 4135 2868 4190 πάντα
2912 4137 2970 4190 ἐν
3006 4136 3194 4191 πᾶσιν.
3232 4153 3252 4186 ι
3291 4129 3546 4186 Ἐνταῦθα
3574 4127 3647 4178 καὶ

431 4220 605 4274 Patris
641 4220 726 4274 hic
757 4219 1081 4274 mentionem
1118 4219 1266 4288 facit,
1300 4222 1389 4291 qui
1427 4232 1682 4291 operatur
1735 4223 1915 4277 omnia
1949 4222 1998 4277 in

2112 4227 2202 4282 τοῦ
2228 4229 2440 4300 Πατρὺς
2471 4226 2742 4300 ἐμνήσθη,
2789 4227 2848 4290 ὃς
2897 4229 3114 4299 ἐνεργεῖ
3146 4225 3214 4280 τά
3246 4227 3578 4297 ἐνεργήματα
3604 4221 3646 4272 ἐν

431 4312 682 4366 Omnibus
745 4309 1012 4366 ﬁdelibus.
1047 4309 1129 4364 En
1167 4311 1254 4366 ltic
1309 4311 1635 4366 Trinitatem
1681 4313 1998 4382 perfectam.

2112 4324 2245 4377 πᾶσι
2277 4324 2392 4386 τοῖς
2428 4323 2666 4384 πιστοῖς.
2707 4320 2818 4374 Καὶ
2849 4317 2958 4373 ἰδού
3000 4335 3084 4372 σοι
3131 4320 3166 4389 ἠ
3219 4317 3392 4389 Τριὰς
3458 4319 3650 4385 ἀπηρτιο

436 4402 640 4455 Donum
670 4410 875 4466 autem,
928 4409 982 4456 et
1025 4403 1289 4471 operatio,
1321 4412 1376 4458 et
1427 4403 1812 4471 ministerium,
1847 4403 1998 4475 195

2116 4414 2316 4486 σμένη.
2367 4413 2634 4484 Χάρισμα
2691 4411 2772 4478 δὲ,
2823 4411 2917 4464 καὶ
2967 4412 3270 4482 ἐνέργημα,
3316 4411 3411 4464 καὶ
3443 4406 3648 4463 διακονία

433 4498 623 4551 eadem
682 4504 832 4560 sunt,
877 4495 981 4551 etsi
1038 4495 1352 4551 nominibus
1415 4494 1694 4552 diﬂ'erunt.
1751 4495 1998 4567 IEqualia

2112 4505 2286 4559 ταύτά
2323 4505 2484 4571 είσιν,
2535 4505 2584 4556 εί
2638 4503 2733 4558 καὶ
2773 4504 2886 4566 τοῖς
2919 4502 3148 4573 ὀνόμασι
3182 4503 3556 4575 διαφέρουσιν
3581 4500 3647 4553 lca

433 4589 578 4643 enim
609 4598 736 4644 sunt
765 4604 884 4658 qua:
911 4603 940 4641 a
976 4587 1181 4656 Spiritu
1215 4596 1270 4640 et
1315 4586 1454 4643 Filio
1499 4597 1556 4642 et
1586 4585 1746 4642 Patre
1785 4589 1998 4643 dantur.

2112 4596 2221 4668 γὰρ
2250 4595 2320 4650 τὰ
2356 4595 2510 4668 παρὰ
2555 4593 2651 4648 τοῦ
2685 4595 3001 4664 Πνεύματος
3042 4592 3138 4648 καὶ
3184 4594 3318 4648 Υίοῦ
3350 4593 3445 4647 καὶ
3475 4588 3649 4661 Πατρὸς

437 4680 568 4736 Vide
609 4691 787 4735 autem
826 4680 1099 4748 quomodo
1171 4679 1409 4749 Spiritus
1461 4680 1712 4734 meminit
1744 4680 1998 4749 primum,

2112 4688 2386 4758 διδόμενα.
2443 4690 2588 4758 Ὅρα
2648 4687 2727 4755 δὲ,
2779 4687 2897 4751 πῶς
2934 4686 3029 4741 τοῦ
3083 4687 3406 4757 Πνεύματος
3442 4680 3646 4755 ἐμνήσθη

436 4784 709 4843 postremo
757 4787 883 4827 vero
914 4771 1116 4837 Patris,
1162 4785 1350 4828 eorum
1391 4786 1559 4826 causa
1608 4772 1697 4840 qui
1730 4771 1784 4826 in
1816 4772 1998 4835 ordine

2112 4781 2358 4853 πρῶτον,
2413 4780 2725 4834 τελευταῖον
2777 4779 2835 4834 δὲ
2865 4778 2959 4833 τοῦ
2991 4780 3231 4851 Πατρὺς,
3272 4779 3359 4834 διὰ
3407 4779 3526 4841 τοὺς
3575 4772 3648 4843 τὴν

436 4865 659 4918 nimium
690 4871 815 4916 sunt
840 4862 1062 4917 curiosi.

2114 4873 2266 4938 τάξιν
2291 4868 2850 4941 περιεργαζομένους.

2103 3305 2356 3374 ἀγαθῶν.
2389 3304 2893 3376 Παραμυθούμενος
2949 3304 3004 3357 δὲ
3038 3303 3199 3357 πλέον
3245 3305 3337 3356 τὸν
3384 3301 3645 3370 ἀλγοῦντα,

2111 3417 2129 3449 ι
2172 3397 2491 3462 Διακονιῶν,
2533 3416 2551 3450 ι
2582 3393 2758 3450 εἶπεν.
2801 3396 2860 3450 Ὀ
2885 3395 3107 3466 μὲνγὰρ
3140 3395 3388 3466 χάρισμα
3419 3390 3647 3456 ἀκούσας,

2105 3492 2198 3546 καὶ
2220 3491 2443 3545 ἔλαττον
2476 3488 2680 3557 λαϐὼν,
2718 3489 2846 3552 ἴσως
2904 3487 2970 3540 ἄν
3015 3488 3308 3558 ἀλγήσειεν
3337 3487 3412 3549 ὡς
3443 3486 3649 3538 ἐλαττω·

2105 3585 2219 3648 θεὶς
2256 3584 2389 3654 περὶ
2417 3584 2515 3653 τὴν
2542 3583 2754 3654 δωρεάν
2784 3599 2795 3611 ·
2833 3583 2862 3635 6
2890 3582 2946 3634 δὲ
2985 3580 3284 3644 διακονίαν,
3317 3581 3415 3649 οὐχ
3442 3576 3645 3648 ὁμοίωςο

2105 3678 2270 3731 πόνου
2305 3679 2415 3748 γὰρ
2461 3677 2556 3730 καὶ
2588 3676 2812 3746 ἱδρῶτος
2869 3673 3196 3728 ἐνδεικτικὸν
3231 3673 3409 3726 τοῦτο.
3449 3671 3508 3724 Τί
3554 3667 3646 3738 γὰρ

2105 3772 2311 3841 ἀλγεῖς,
2340 3773 2388 3825 εἰ
2414 3770 2603 3842 ἕτερον
2653 3770 2878 3824 πλείονα
2919 3769 3153 3839 πονῆσαι
3181 3766 3225 3798 ⁸⁷
3274 3765 3536 3830 ἐκέλευσε,
3565 3759 3642 3812 σοῦ

2107 3866 2438 3935 φεισάμενος
2460 3881 2476 3931 ;

2184 4063 2204 4098 ι
2237 4045 2349 4098 Καὶ
2373 4045 2678 4115 διαιρέσεις
2728 4042 3124 4114 ἐνεργημάτων
3171 4041 3331 4105 εἰσὶν,
3373 4041 3400 4092 6
3433 4039 3485 4092 δὲ
3517 4035 3647 4096 αὐτὸς

509 4953 674 5010 Vens.
703 4957 756 5010 7.
788 4973 808 5008 t
856 4955 1039 5010 Cuivis
1070 4966 1254 5011 autem
1296 4955 1457 5024 datur
1483 4953 1851 5012 manifestatio
1885 4955 2008 5027 Spi-

441 5049 577 5104 ritus
615 5048 681 5102 ad
714 5048 1022 5106 utilitatem.
1060 5067 1080 5100 ›
1110 5046 1189 5103 Ne
1219 5048 1343 5117 quis
1381 5048 1546 5115 dicat,
1580 5049 1718 5112 Quid
1776 5050 1823 5103 si
1865 5050 2006 5104 idem

438 5141 511 5198 sit
545 5143 819 5206 Dominus,
855 5150 909 5196 et
954 5141 1097 5196 idem
1138 5139 1394 5209 Spiritus,
1419 5148 1476 5194 et
1501 5140 1642 5194 idem
1686 5141 1848 5207 Deus,
1884 5155 2006 5195 cum

438 5249 540 5306 ego
581 5234 798 5288 interim
851 5233 1030 5288 minus
1081 5232 1427 5300 acceperim?
1473 5232 1585 5287 Hoc
1641 5232 1761 5300 tibi,
1815 5235 2009 5303 inquit,

439 5327 575 5382 utile
604 5335 723 5381 erat
755 5333 809 5380 et
829 5323 1162 5380 conferebat.
1191 5323 1428 5393 Spiritus
1474 5331 1654 5378 autem
1695 5322 2011 5380 manifesta-

442 5419 643 5473 tionem
669 5417 822 5488 signa
854 5417 1012 5471 dixit.
1046 5415 1150 5470 Per
1183 5415 1297 5470 haec
1347 5415 1493 5468 enim
1540 5415 2011 5472 demonstrabatur

443 5508 706 5580 Spiritum
765 5509 998 5566 libenter
1047 5511 1100 5565 in
1145 5507 1436 5578 baptizalis
1475 5511 1825 5567 commorari.
1873 5510 2012 5577 Quid

2191 4986 2209 5019 ι
2245 4949 2494 5042 Ἐκάστῳ
2515 4970 2572 5024 δὲ
2605 4969 2806 5024 δίδοται
2840 4971 2874 5040 ή
2911 4967 3220 5040 φανέρωσις
3246 4967 3343 5022 τοῦ
3374 4965 3648 5035 Πνεύματος

2119 5059 2254 5130 πρδς
2278 5060 2339 5114 τὸ
2370 5063 2674 5132 συμφέρον.
2719 5080 2738 5114 ι
2779 5061 2897 5114 ’Ίνα
2932 5060 3008 5131 μὴ
3058 5061 3195 5133 λέγῃ
3227 5077 3314 5124 τις
3342 5075 3357 5091 ο
3395 5058 3457 5111 Τί
3487 5052 3646 5125 γὰρ,εὶ

2117 5148 2145 5199 6
2180 5148 2340 5212 αὐτὸς
2373 5149 2597 5219 Κύριος,
2628 5151 2724 5204 καὶ
2766 5151 2828 5203 τὸ
2881 5150 3013 5204 αὐτὸ
3055 5150 3308 5221 Πνεῦμα,
3359 5150 3450 5203 καὶ
3475 5143 3648 5202 ὀαὺτὸς

2119 5245 2273 5310 Θεὸς,
2310 5245 2422 5314 ἐγὼ
2451 5247 2507 5300 δὲ
2535 5247 2760 5300 ἔλαττον
2792 5246 2985 5300 ἔλαϐον
3015 5264 3031 5314 ;
3074 5247 3262 5317 φησὶν,
3299 5247 3380 5300 ὃτι
3407 5241 3558 5299 Τοῦτό
3585 5255 3646 5291 σοι

2120 5338 2408 5410 συνέφερε.
2446 5340 2762 5412 Φανέρωσιν
2793 5341 2849 5394 δὲ
2883 5341 2977 5394 τοῦ
3010 5341 3352 5412 Πνεύματος,
3381 5342 3447 5393 τὰ
3485 5335 3646 5407 σημεῖα

2119 5431 2293 5498 λέγει.
2350 5433 2450 5486 Διὰ
2496 5433 2701 5488 τούτων
2741 5436 2850 5507 γὰρ
2881 5435 3158 5489 ἐδείκνυτο
3206 5435 3268 5488 τὸ
3322 5433 3529 5501 Πνεῦμα
3561 5427 3647 5486 τοῖς

2129 5522 2508 5592 βαπτισθεῖσιν
2574 5527 3013 5598 ἐμφιλοχωροῦν.
3092 5526 3286 5594 Ὥστε,
3347 5526 3400 5583 ιιί
3460 5521 3644 5592 ἀλγεῖςὶ

1745 5615 1945 5679 Varias
1989 5617 2319 5682 lectiones.

548 5713 592 5746 ⁸¹
629 5713 1004 5794 προθύμως-ο.
1070 5712 1157 5794 _°'
1186 5714 1325 5770 ἀλλὰ
1363 5719 1491 5794 περὶ
1529 5735 1582 5778 o.

443 5788 607 5844 “10'.
655 5784 826 5856 ὅμως.
900 5784 944 5815 ⁸⁷
975 5786 1197 5858 ποιῆσαι
1251 5803 1306 5842 0.

1691 5720 1736 5753 ⁸³
1768 5719 2056 5792 μηδαμῶς,
2103 5723 2198 5776 καὶ
2235 5722 2474 5796 οὐδαμοῦ
2498 5738 2550 5781 ο.

2655 5724 2702 5814 f"
2737 5725 3018 5794 ἀποδεῖξαι
3044 5741 3098 5785 o.
3202 5726 3250 5759 ⁸⁵
3299 5720 3564 5795 θαυμάτων
3603 5727 3644 5769 0-
