3806 6570
441 387 566 454 3225

1391 388 1971 450 TllEOPllYl.ACTl
2019 392 2023 402 ’

2134 391 2431 452 LGARIE
2471 394 2828 456 ARCHIEP.
3593 402 3685 462 ’ῖὶῦ

455 502 678 574 tumqui
726 499 796 556 ob
847 501 1024 556 minus
1065 500 1265 556 donum
1309 501 1686 562 contristatur.
1731 500 2023 556 ostendens

2139 500 2410 572 πούμενον
2433 505 2524 560 ἐπὶ
2547 505 2624 576 τῷ
2643 506 2890 560 ἐλάττονι
2915 508 3238 578 χαρίσματι,
3263 507 3521 563 δεικνύων
3539 512 3684 584 αὐτῷ.

454 598 596 668 quod
629 591 761 650 nihil
799 594 871 648 sit
898 585 1262 648 imminutus.
1314 591 1386 648 Ut
1431 593 1574 649 enim
1626 609 1820 664 corpus
1863 607 2028 646 untnn

449 701 536 747 est
586 698 641 743 et
683 687 874 749 multa.
909 702 976 742 co
1027 687 1170 756 quod
1230 686 1470 741 membra
1519 688 1808 740 continet:
1865 686 1944 740 sic
1977 695 2032 739 et

453 781 692 837 membra
721 787 774 834 et
803 778 967 832 multa
1007 790 1132 832 sunt
1169 786 1222 832 et
1280 793 1464 842 unum,
1491 795 1555 832 eo
1588 777 1733 847 quod
1780 777 1832 831 in
1865 791 2028 830 unum

451 891 651 945 corpus
683 881 1156 945 coagmentantur.
1198 869 1300 927 Ubi
1363 871 1525 942 igitur
1556 869 1906 926 diil‘crcntia?
1939 869 2027 923 ubi

448 967 624 1034 majus
649 1007 664 1032 ,
695 965 779 1018 ubi
806 960 1016 1019 minus?
1037 964 1216 1016 omnia
1235 962 1377 1017 enim
1412 980 1574 1016 unum
1597 973 1728 1017 sunt
1758 982 1770 1017 :
1814 981 1831 1014 t
1860 962 1971 1028 Sic,
2005 982 2022 1013 ι

449 1060 644 1129 inquit,
679 1076 698 1109 ‹
734 1057 1009 1122 Christus,
1055 1077 1072 1108 ι
1101 1057 1150 1108 id
1188 1067 1289 1123 (νει,
1316 1051 1514 1110 (ἷΙιτίειὶ
1550 1056 1810 1110 Ecclesia.
1833 1055 2030 1123 Quatt-

449 1150 739 1221 doquidcm
771 1151 915 1204 enim
946 1149 1196 1204 Christus
1221 1160 1385 1218 caput
1413 1160 1493 1203 est
1520 1149 1794 1214 Ecclesiae,
1823 1150 1900 1205 sic
1929 1149 2031 1204 Ec-

449 1243 672 1299 clesiam
707 1244 1008 1297 nominavit
1037 1260 1062 1294 ιι
1090 1243 1286 1311 capite.
1321 1241 1559 1297 Perinde
1610 1244 1757 1298 enim
1802 1254 1860 1296 ιιι
1903 1258 2027 1297 cor-

449 1352 549 1404 pus
577 1345 630 1390 et
659 1343 823 1405 caput
872 1351 1009 1389 unus
1056 1345 1180 1388 sunt
1215 1335 1410 1401 homo,
1462 1336 1801 1392 consimilem
1834 1335 1901 1390 ad
1943 1351 2028 1390 ra-

450 1428 674 1492 tionem,
703 1425 1000 1482 Ecclesium
1059 1438 1109 1480 ct
1167 1426 1467 1491 Christum,
1523 1430 1684 1484 veluti
1743 1445 1942 1498 corpus
1973 1439 2028 1484 et

448 1531 632 1590 caput,
667 1536 833 1574 unum
887 1537 1007 1576 esse
1060 1523 1260 1586 sciens,
1299 1539 1398 1592 pro
1453 1521 1695 1578 Ecclesia
1747 1524 2024 1578 Christum

446 1618 649 1686 posuit.
684 1617 1034 1689 Dicitigitur,
1063 1621 1203 1686 quod
1230 1621 1279 1673 in
1319 1619 1562 1674 Ecclesia
1600 1636 1817 1691 quoque
1858 1637 2024 1675 unum

450 1713 717 1782 quoddam
748 1726 939 1768 omnes
970 1728 1178 1778 sumus,
1203 1712 1421 1768 etiamsi
1455 1728 1518 1768 ex
1557 1714 1792 1770 diversis
1811 1715 2025 1769 ordini-

448 1807 546 1858 bus
576 1804 640 1858 sit
667 1804 1090 1861 concinnatum.

522 1897 681 1951 Vsus.
717 1897 805 1950 15.
849 1915 868 1948 ‹
909 1896 1120 1951 Etenim
1173 1897 1226 1952 in
1257 1915 1364 1953 uno
1387 1897 1596 1969 Spiritu
1621 1913 1813 1954 omnes
1840 1913 1940 1954 nos
1971 1897 2026 1953 in

447 2006 611 2042 unum
662 2005 862 2059 corpus
915 1990 1171 2060 baptizati
1220 2007 1432 2056 sumus,
1495 1992 1612 2046 sive
1663 1989 1856 2055 Judaei,
1913 1991 2027 2046 sive

447 2083 694 2152 gentiles,
748 2083 864 2138 sive
891 2082 1056 2148 servi,
1084 2082 1195 2138 sive
1222 2083 1400 2138 liberi.
1437 2103 1455 2134 ›
1489 2083 1696 2138 Iudicat
1717 2082 1828 2150 jam
1857 2097 2023 2148 nunc,

446 2176 717 2243 quomodo
747 2173 987 2230 Ecclesia
1013 2176 1347 2230 assimiletur
1377 2175 1538 2230 unius
1572 2175 1819 2246 corporis
1839 2190 2026 2230 exem-

451 2269 562 2338 plo,
595 2269 846 2338 inquiens
880 2288 893 2322 :
927 2267 1039 2324 Sub
1079 2283 1184 2322 uno
1209 2275 1513 2338 eodemque
1545 2267 1750 2339 Spiritu
1786 2285 1885 2323 nos
1906 2285 2024 2323 ont-

448 2375 566 2423 nes,
596 2371 651 2415 et
686 2375 785 2432 ego
817 2362 984 2415 etiam
1022 2361 1138 2430 ipse
1190 2359 1410 2426 l‘anlus,
1449 2359 1708 2430 baptizati
1738 2375 1929 2415 sumus
1968 2360 2022 2414 in

447 2470 614 2508 unum
635 2467 855 2524 corpus,
893 2456 996 2508 hoc
1044 2461 1125 2508 est
1152 2461 1209 2506 ut
1258 2452 1430 2528 simus
1461 2467 1628 2506 unum
1661 2467 1880 2522 corpus.
1906 2451 2023 2508 Non

445 2547 591 2602 enim
626 2548 680 2600 in
709 2545 815 2602 alio
838 2545 1056 2616 quidem
1100 2554 1176 2610 tu,
1208 2545 1259 2598 in
1313 2545 1422 2600 alio
1455 2559 1582 2601 vero
1629 2560 1728 2615 ego
1766 2545 2022 2616 baptizati

445 2656 632 2695 smnus
685 2639 911 2710 Spiritu,
969 2653 1154 2693 verum
1196 2639 1249 2692 iu
1305 2640 1511 2694 eodem.
1561 2635 1797 2693 Proinde
1847 2651 2024 2710 neque

441 2749 542 2801 ego
569 2733 820 2801 quiddam
847 2741 898 2786 te
928 2730 1284 2786 excellentius
1303 2730 1496 2784 habeo.
1535 2731 1669 2785 Nam
1711 2751 1729 2784 ι
1761 2733 1820 2786 ιιι
1854 2748 2022 2787 unum

445 2840 648 2896 corpus
685 2824 943 2894 baptizati
994 2837 1205 2888 sumus,
1261 2840 1280 2874 ι
1329 2838 1452 2893 pro,
1506 2822 1575 2880 Ut
1647 2825 1818 2880 simus
1859 2841 2022 2879 unum

443 2935 664 2990 corpus,
689 2928 744 2972 et
765 2916 933 2972 Judaei
961 2927 1016 2972 et
1038 2914 1234 2980 Graeci,
1259 2926 1312 2970 et
1342 2916 1484 2972 servi
1513 2927 1567 2971 et
1595 2917 1774 2973 liberi.
1815 2915 1870 2972 Si
1893 2931 2024 2989 ergo

444 3013 577 3067 adeo
604 3011 926 3078 disjunctos,
953 3018 1210 3078 tantoque
1241 3009 1526 3064 intervallo
1562 3010 1850 3079 distantes,
1893 3009 2020 3082 Spi-

445 3104 583 3158 ritus
619 3101 902 3172 conjunxit
949 3111 1111 3170 atque
1162 3101 1338 3156 univit
1376 3116 1394 3156 :
1445 3103 1614 3158 multo
1659 3105 1834 3175 magis
1873 3113 2021 3174 post-

2135 595 2219 648 ὅτι
2275 597 2376 650 οὐκ
2414 597 2749 668 ἠλάττωται.
2794 602 3009 672 Ὠσπερ
3059 600 3168 674 γὰρ
3215 603 3276 657 τὸ
3318 602 3478 672 σῶμα
3519 607 3602 658 καί
3635 608 3686 659 ἓν

2135 690 2250 742 ἐστι
2288 692 2381 744 καὶ
2409 692 2600 758 πολλὰ,
2625 693 2714 748 διὰ
2735 695 2793 748 τὸ
2812 695 2952 766 μέλη
2980 697 3127 767 ἔχειν
3155 713 3167 724 ·
3190 694 3336 750 οὕτω
3360 695 3453 750 καὶ
3479 697 3544 749 τὰ
3569 698 3688 770 μέλη

2135 784 2229 835 καὶ
2266 785 2436 839 πολλά
2472 786 2578 841 εἰσι
2612 788 2708 841 καὶ
2735 788 2814 853 ἓν,
2846 789 2936 843 διὰ
2955 791 3016 843 τὸ
3043 794 3123 854 εἰς
3144 789 3204 843 ἓν
3238 789 3394 860 σῶμα
3419 790 3688 842 συντελεῖν.

2136 876 2243 930 Ποῦ
2281 879 2460 932 τοίνυν
2491 882 2524 948 ἡ
2554 881 2828 953 διαφοράς
2863 883 2964 936 ποῦ
2989 886 3053 936 τὸ
3079 883 3305 954 μεῖζον;
3338 881 3442 936 ποῦ
3468 883 3526 936 τὸ
3553 883 3688 936 ἔλατ-

2131 985 2260 1033 τονς
2295 971 2473 1024 πάντα
2524 973 2634 1043 γὰρ
2693 973 2753 1026 ἓν
2799 975 2971 1028 ἐστιν.
3033 994 3051 1026 ι
3111 973 3300 1038 Οῦτως
3339 993 3358 1025 ι
3397 969 3508 1038 οὖν,
3551 978 3685 1044 φησὶ,

2137 1081 2156 1114 ι
2193 1065 2284 1117 καὶ
2333 1068 2359 1119 ὸ
2392 1067 2623 1137 Χριστός
2651 1083 2666 1100 ο
2709 1088 2727 1118 ι
2758 1068 3062 1132 τουτέστιν,
3114 1070 3146 1139 ἡ
3181 1067 3276 1121 τοῦ
3307 1067 3540 1138 Χριστοῦ
3587 1068 3690 1121 Ἐκ-

2133 1158 2344 1226 κληοία.
2399 1159 2549 1212 Ἐπεὶ
2579 1162 2688 1232 γὰρ
2723 1162 2934 1233 κεφαλή
2961 1163 3108 1214 ἐστιν
3141 1163 3170 1215 ὁ
3200 1160 3439 1232 Χριστὸς
3456 1161 3550 1231 τῆς
3578 1161 3685 1214 Ἐκ-

2129 1249 2378 1321 κλησίας,
2413 1250 2555 1304 οὕτω
2601 1251 2698 1322 τὴν
2748 1251 3080 1322 Ἐκκλησίαν
3126 1252 3414 1323 ὠνόμασεν
3455 1251 3557 1304 ἀπὸ
3602 1252 3688 1321 τῆς

2133 1343 2401 1412 κεφαλῆς.
2434 1344 2706 1414 Καθάπερ
2735 1344 2844 1415 γὰρ
2890 1344 2952 1398 τὸ
3009 1344 3168 1416 σῶμα
3213 1346 3309 1397 καὶ
3333 1346 3366 1415 ή
3392 1343 3597 1414 κεφαλὴ
3621 1337 3689 1406 εἷς

2131 1433 2278 1486 ἐστιν
2307 1435 2626 1504 ἄνθρωπος·
2660 1435 2803 1488 οῦτω
2836 1437 2929 1489 καὶ
2961 1437 3060 1508 τὴν
3112 1437 3444 1507 Ἐκκλησίαν
3489 1438 3577 1489 καὶ
3611 1437 3691 1490 τὸν

2131 1528 2384 1598 Χριστὸν,
2419 1528 2493 1592 ὡς
2523 1529 2684 1600 σῶμα
2718 1529 2812 1582 καὶ
2863 1529 3130 1600 κεςαλὴν,
3165 1527 3225 1582 ἓν
3249 1529 3427 1593 εἰδὼς,
3473 1529 3590 1582 ἀντὶ
3607 1530 3690 1598 τῆς

2143 1620 2473 1690 Ἐκκλησίας
2518 1620 2612 1673 τὸν
2664 1622 2902 1693 Χριστὸν
2957 1620 3193 1676 τέθεικε.
3235 1621 3374 1692 Φησὶ
3408 1622 3689 1680 τοίνυν.ὃτι

2132 1714 2227 1765 καὶ
2261 1715 2318 1764 ἐν
2350 1715 2415 1783 τῇ
2465 1713 2764 1787 Ἐκκλησία
2799 1714 2856 1767 ἓν
2901 1733 2955 1768 τι
2986 1706 3186 1779 πάντες
3222 1714 3411 1785 ἐσμὲν,
3445 1715 3492 1767 εἰ
3522 1716 3607 1766 καὶ
3639 1715 3689 1766 ὲκ

2129 1805 2401 1876 διαφόρων
2435 1807 2734 1876 ταγμάτων
2765 1807 3070 1874 σύγκειται.

2207 1917 2225 1950 ι
2269 1899 2379 1951 Καὶ
2408 1901 2517 1969 γὰρ
2551 1900 2610 1953 ἐν
2644 1901 2723 1952 ἑνὶ
2775 1900 3056 1970 Πνεύματι
3108 1899 3311 1963 πάντες
3357 1900 3518 1970 ἡμεῖς
3545 1899 3618 1960 εἰς
3643 1897 3690 1949 ἓν

2131 1991 2292 2061 σῶμα
2321 1990 2757 2062 ἐϐαπτίσθημεν,
2797 1992 2906 2043 εἴτε
2949 1991 3218 2054 Ἰουδαῖοι,
3263 1991 3375 2043 εἴτε
3428 1990 3686 2060 Ἕλληνες.

2127 2085 2238 2136 είτε
2270 2082 2470 2148 δοῦλοι,
2503 2085 2614 2136 εἴτε
2661 2083 2956 2155 ἐλεύθεροι.
3004 2103 3022 2136 ι
3077 2084 3192 2137 Νῦν
3240 2083 3480 2138 δείκνυσι
3514 2081 3624 2144 πῶς
3661 2084 3687 2149 ἡ

2142 2173 2440 2244 Ἐκκλησία
2466 2173 2612 2227 ἔοικε
2643 2173 2721 2244 τῷ
2751 2177 2844 2228 τοῦ
2890 2173 3007 2237 ἑνός
3039 2173 3292 2245 σώματος
3326 2173 3687 2241 ὑποδείγματι,

2127 2267 2223 2322 καί
2252 2285 2440 2337 φησιν,
2478 2268 2562 2321 ὅτι
2599 2267 2740 2320 Ὑπὸ
2767 2267 2861 2320 τοῦ
2881 2266 3050 2320 αὑτοῦ
3100 2268 3195 2320 καὶ
3240 2267 3360 2328 ἑνὸς
3393 2265 3686 2334 Πνεῦματος

2126 2361 2291 2430 ἡμεῖς
2333 2359 2554 2424 πάντες,
2584 2360 2677 2413 καὶ
2709 2358 2822 2428 ἐγὼ
2865 2361 2893 2412 ὁ
2943 2359 3175 2426 Παῦλος,
3231 2355 3468 2432 [pastu]
3501 2355 3688 2410 ἐϐαπτί-

2131 2455 2340 2524 σθημεν
2365 2456 2444 2515 εἰς
2473 2453 2530 2508 ἓν
2556 2454 2734 2524 σῶμα,
2758 2453 3057 2518 τουτέστιν,
3077 2452 3216 2506 ὥστε
3234 2453 3279 2485 ’°
3297 2448 3435 2505 εἶναι
3456 2450 3514 2504 ἓν
3531 2450 3686 2520 σῶμα.

2127 2547 2202 2600 Οῦ
2233 2548 2342 2615 γὰρ
2369 2547 2425 2598 ἐν
2451 2546 2595 2614 ἄλλῳ
2629 2548 2730 2617 μὲν
2765 2548 2856 2611 σὺ,
2892 2550 2949 2600 ὲν
2982 2546 3129 2616 ἄλλῳ
3155 2545 3212 2599 δὲ
3234 2542 3348 2613 ἐγὼ
3372 2541 3684 2611 ἐϐαπτίσθη·

2130 2657 2230 2708 μεν
2287 2637 2588 2709 Πνεῦματι,
2625 2639 2738 2692 ἀλλ’
2787 2640 2845 2690 ὲν
2893 2637 2972 2709 τῷ
3020 2637 3197 2708 αὐτῷ.
3237 2637 3404 2691 Ὥστε
3434 2635 3556 2690 οὐδὲ
3596 2632 3690 2703 ἐγὼ

2126 2734 2236 2803 ἔχω
2270 2733 2431 2785 πλέον
2459 2750 2510 2785 τι
2537 2731 2652 2788 σοῦ.
2694 2752 2713 2785 t
2751 2733 2846 2795 Είς
2890 2751 2908 2784 ι
2951 2733 3058 2802 γὰρ
3095 2750 3113 2783 t
3169 2732 3230 2784 ἓν
3282 2731 3442 2801 σῶμα
3491 2729 3688 2784 Mami-

2133 2825 2365 2896 σθημεν.
2402 2844 2421 2877 ι
2475 2825 2622 2877 ’Δντὶ
2654 2824 2768 2892 τοῦ,
2828 2825 2944 2878 Ἷνα
2973 2818 3125 2894 ὦμεν
3175 2823 3236 2878 ἒν
3269 2823 3429 2894 σῶμα
3449 2824 3546 2876 καὶ
3583 2823 3665 2874 ’1ου

2126 2918 2265 2971 δαῖοι
2291 2919 2386 2971 καὶ
2423 2917 2706 2987 Ἕλληνες.
2745 2917 2842 2970 καὶ
2866 2915 3045 2970 δοῦλοι
3099 2918 3191 2970 καλ⁵
3221 2915 3523 2986 ἐλεύθεροι.
3559 2913 3614 2967 Εἰ
3638 2913 3683 2965 δὲ

2125 3009 2253 3072 τοὺς
2274 3009 2528 3063 τοσοῦτον
2558 3009 2911 3080 διεστηκότας
2947 3010 3125 3080 ἦνωσε
3156 3009 3217 3062 τὸ
3250 3008 3498 3079 Πνεῦμα,
3529 3006 3684 3076 πολλῴ

2131 3102 2334 3171 μᾶλλον
2365 3101 2505 3172 μετὰ
2533 3101 2594 3154 τὸ
2618 3101 2877 3171 γενέσθαι
2913 3101 2992 3168 ἒν,
3029 3103 3131 3155 οὐκ
3185 3101 3478 3171 ὀφείλομεν
3522 3100 3681 3153 λυπεῖο

443 3211 609 3264 quam
642 3210 810 3249 unum
841 3193 967 3249 facti
999 3209 1210 3259 sumus,
1246 3209 1356 3249 non
1393 3193 1652 3250 debemus
1676 3196 2016 3261 contristari,

2134 3193 2275 3261 σθαι,
2310 3195 2384 3259 ὡς
2411 3196 2675 3265 διαφορᾶς
2711 3210 2856 3258 τινος
2885 3193 3053 3265 οὔσης
3081 3198 3140 3248 ἐν
3167 3196 3327 3266 ἡμῖν.

442 3301 542 3343 ceu
577 3287 866 3341 discrimen
895 3285 1164 3356 quoddam
1197 3285 1268 3340 sit
1302 3285 1446 3340 inter
1468 3301 1586 3342 nos.

518 3399 538 3431 ι
579 3379 645 3433 Ει
677 3394 865 3433 omnes
911 3394 1018 3432 uno
1057 3377 1262 3449 Spiritu
1294 3380 1466 3449 putati
1500 3394 1708 3435 smnus.
1740 3399 1760 3434 ι
1799 3380 2024 3438 Videtur

445 3474 534 3528 hic
565 3473 708 3542 loqui
741 3473 806 3525 de
863 3487 1047 3525 mensa
1100 3470 1410 3536 Dominica,
1443 3483 1496 3526 et
1527 3473 1593 3527 de
1627 3488 1765 3542 pane
1792 3484 1846 3528 et
1874 3475 2020 3530 vino.

441 3565 574 3620 Cum
601 3564 745 3620 enim
781 3562 932 3628 dicit,
969 3562 1173 3632 Spiritu
1239 3564 1331 3634 qui
1380 3567 1592 3634 potavit
1633 3580 1753 3632 nos,
1792 3577 2023 3636 utraque

444 3658 720 3720 indicavit,
764 3669 961 3726 nempe
1001 3656 1324 3723 sanguinem
1369 3667 1424 3710 et
1453 3672 1696 3712 carnem.
1732 3655 2025 3713 Verumta-

444 3766 566 3804 men
610 3751 790 3804 verius
812 3757 915 3814 est,
951 3751 1093 3819 quod
1133 3749 1218 3802 bic
1257 3747 1511 3818 loquatur
1544 3752 1609 3803 de
1643 3766 1866 3806 accessu
1895 3750 2023 3822 Spi-

443 3846 602 3908 ritus,
629 3842 718 3911 qui
753 3841 913 3896 nobis
944 3849 1064 3910 post
1114 3839 1384 3909 baptisma
1427 3841 1718 3912 contingit,
1753 3851 1807 3897 et
1840 3845 2023 3913 prius-

442 3948 606 4004 quam
652 3941 993 3987 sacramenta
1037 3933 1388 3988 accedamus.
1449 3951 1469 3985 ι
1513 3931 1688 3986 Potati
1720 3947 1900 3990 autem
1932 3953 2024 3990 su-

441 4043 586 4092 mus,
621 4045 640 4078 »
667 4027 804 4080 dixit
822 4041 918 4096 per
937 4026 1309 4094 metaphoram
1327 4035 1600 4096 sumptam
1623 4027 1692 4082 ab
1713 4028 2020 4094 arboribus,

443 4137 565 4192 qua:
593 4121 785 4175 eodem
821 4121 969 4175 fonte
1021 4120 1341 4190 irrigantur.
1381 4117 1535 4175 Unus
1589 4121 1754 4192 igitur
1786 4121 2030 4191 Spiritus”

443 4213 650 4283 potavit
679 4228 796 4279 nos,
830 4221 884 4266 et
911 4209 1069 4280 197
1097 4211 1365 4282 irrigavit,
1397 4219 1453 4267 et
1478 4227 1642 4268 unum
1675 4228 1873 4282 corpus
1904 4229 2025 4267 esse

440 4306 594 4363 fecit.

517 4400 678 4454 Vsus.
715 4399 800 4453 li.
834 4417 852 4450 ι
889 4397 1100 4452 Etenim
1137 4411 1332 4466 cut-pus
1365 4412 1473 4452 non
1520 4408 1604 4452 est
1639 4413 1805 4452 unum
1851 4414 2023 4453 mem-

441 4492 621 4554 brum,
663 4492 755 4546 scd
785 4491 972 4544 multa.
1035 4507 1055 4542 ι
1091 4487 1169 4543 Ne
1229 4489 1468 4552 mireris,
1521 4490 1718 4558 inquit,
1762 4492 1906 4559 quod
1946 4501 2024 4546 tot

2203 3397 2222 3430 ι
2269 3379 2380 3432 Καὶ
2420 3378 2624 3442 πάντες
2654 3378 2734 3442 εις
2761 3378 2822 3432 ἐν
2853 3377 3082 3449 Πνεῦμα
3127 3377 3522 3448 ἐποτίσθημεν.
3561 3395 3580 3430 ι
3605 3378 3682 3428 Δο-

2126 3471 2214 3522 κεῖ
2247 3469 2346 3538 μὲν
2375 3467 2557 3536 λέγειν
2587 3468 2838 3539 περὶτῆς
2863 3470 3245 3540 πνευματικῆς
3270 3468 3572 3538 τραπέζης,
3605 3465 3678 3519 τοῦ

2124 3576 2186 3612 τε
2216 3560 2385 3630 ἄρτου
2415 3562 2457 3592 ⁹¹
2487 3559 2582 3616 καὶ
2609 3561 2703 3614 τοῦ
2734 3560 2902 3616 οἴνου.
2943 3560 3167 3632 Πνεῦμα
3189 3561 3299 3631 γὰρ
3324 3559 3497 3615 εἰπὼν
3516 3561 3572 3613 τὸ
3598 3574 3677 3611 m-

2125 3657 2283 3708 τίσαν
2311 3656 2483 3726 ἡμᾶς,
2514 3657 2805 3727 ἀμφότερα
2833 3655 3100 3727 ἐδήλωσε,
3139 3657 3201 3710 τό
3231 3673 3291 3710 τε
3321 3652 3464 3726 αἷμα
3491 3657 3580 3710 καὶ
3597 3654 3678 3722 τὴν

2127 3748 2330 3819 σάρκα.
2367 3747 2514 3820 Πλὴν
2559 3749 2622 3802 τὸ
2667 3747 3059 3820 ἀληθέστερον,
3095 3747 3195 3819 τὴν
3234 3750 3578 3820 ἑπιφοίτησιν
3602 3745 3676 3800 τοῦ

2125 3839 2445 3912 Πνεῦματός
2488 3859 2654 3912 φησιν
2687 3841 2948 3907 ἐνταῦθα,
2982 3841 3082 3911 τὴν
3115 3841 3225 3896 ἀπὸ
3261 3841 3359 3896 τοῦ
3395 3841 3673 3913 βαπτίσμα-

2124 3951 2213 3998 τος
2243 3935 2322 3999 είς
2355 3936 2504 4006 ἡμᾶς
2533 3935 2858 4006 γενομένην,
2896 3935 2994 3990 καὶ
3049 3935 3158 4008 πρὸ
3199 3935 3310 3989 τῶν
3365 3935 3670 4007 μυστηρίων.

2131 4045 2150 4077 t
2195 4026 2593 4100 Ἐποτίσοημεν
2621 4027 2678 4081 δὲ
2716 4047 2735 4080 ι
2765 4024 2940 4095 εἶπεν,
2975 4027 3085 4082 ἀπὸ
3119 4025 3564 4098 μεταφορᾶςτᾶΝ
3583 4023 3676 4077 δέν·
3798 4053 3799 4106 i

2123 4119 2266 4192 ὅρων
2284 4119 2428 4192 [καὶ]
2449 4121 2560 4176 τῶν
2600 4124 2664 4176 ὲκ
2717 4125 2817 4193 τῆς
2842 4121 3013 4193 αὐτῆς
3046 4119 3475 4194 ἀρδευ[ο]μένων
3503 4117 3670 4190 πηγῆς.

2128 4212 2227 4264 ’Ἑν
2257 4209 2349 4264 οῦν
2380 4213 2606 4284 Πνεῦμα
2657 4214 2908 4268 ἐπότισεν
2934 4214 3082 4285 ἡμᾶς
3129 4213 3224 4268 καὶ
3247 4213 3499 4286 ἦρδευσε,
3526 4215 3605 4266 καὶ
3630 4209 3666 4260 ἓν

2133 4305 2294 4375 σῶμα
2346 4301 2487 4360 εἶναι
2523 4305 2769 4379 ἐποίησε.
3795 4327 3797 4378 t

2204 4417 2221 4450 ι
2262 4397 2371 4451 Καὶ
2419 4398 2530 4469 γὰρ
2575 4399 2638 4451 τὸ
2699 4398 2858 4470 σῶμα
2913 4397 3014 4453 οὐκ
3076 4397 3225 4453 ἔστιν
3254 4399 3316 4454 ἓν
3360 4382 3668 4464 μέλος.ωά
3795 4385 3797 4465 i

2129 4491 2321 4545 πολλά.
2368 4513 2387 4544 ι
2423 4491 2518 4562 Μὴ
2553 4491 2861 4564 θαυμάσῃς,
2901 4494 3087 4564 φησιν,
3115 4493 3167 4546 εἰ
3194 4480 3435 4546 τοιοῦτοι
3471 4480 3606 4542 ὅντες
3622 4477 3667 4528 ἓν

439 4599 559 4634 cum
593 4583 784 4645 simus,
815 4596 976 4633 unutn
1026 4594 1221 4647 corpus
1255 4580 1444 4632 simus.
1494 4576 1706 4633 Etenim
1737 4591 1790 4634 et
1838 4582 1888 4635 in
1921 4584 2019 4635 ltu-

2134 4586 2288 4656 σῶμά
2316 4588 2506 4656 ἐσμεν.
2540 4587 2655 4639 Καὶ
2677 4587 2786 4655 γὰρ
2833 4589 2930 4641 καὶ
2961 4587 3056 4641 ἐπὶ
3087 4576 3178 4630 σοῦ
3215 4574 3552 4647 ἀνθρωπίνου
3581 4573 3668 4627 σὼ·

439 4688 600 4728 mauo
643 4688 868 4742 corpore
899 4687 930 4726 a
970 4671 1154 4727 multis
1185 4671 1448 4726 membris
1477 4689 1649 4728 unum
1683 4690 1883 4745 corpus
1935 4687 2019 4732 est

435 4764 704 4821 invenire.

507 4853 669 4910 Vsus.
700 4853 787 4922 15,
821 4853 902 4908 16.
932 4872 950 4906 t
991 4853 1047 4908 Si
1069 4854 1263 4908 dixerit
1287 4870 1402 4924 pes,
1427 4856 1550 4926 quia
1584 4855 1698 4911 Non
1731 4875 1847 4914 sum
1889 4879 2005 4917 tua-

433 4963 556 5012 nus,
586 4965 690 5002 nou
721 4963 839 5002 sum
880 4947 948 5000 de
974 4959 1206 5016 corpore
1237 4964 1249 5000 :
1287 4963 1414 5000 ntnu
1447 4958 1732 5018 propterea
1781 4971 1884 5008 non
1936 4967 2019 5012 est

431 5043 497 5095 de
524 5039 788 5109 corpore?
816 5038 880 5092 Et
909 5038 954 5092 si
984 5037 1180 5092 dixerit
1210 5040 1360 5094 auris
1379 5079 1395 5105 ,
1439 5042 1693 5109 quoniam
1747 5061 1858 5102 ηοω
1897 5064 2015 5104 sum

429 5137 642 5201 oculus,
675 5150 778 5187 non
809 5149 929 5187 sunt
982 5133 1050 5186 de
1093 5147 1319 5201 corpore
1368 5151 1382 5187 :
1428 5151 1556 5190 num
1585 5151 1864 5206 propterea
1910 5158 2016 5198 non

429 5229 613 5286 estde
659 5225 932 5295 corpore?
974 5244 992 5276 ›
1029 5223 1331 5280 lntroducit
1379 5227 1618 5280 membra
1665 5228 1933 5300 loquentia
1966 5244 2021 5288 et

431 5320 851 5382 murmurantia,
905 5320 1048 5389 quod
1101 5318 1210 5373 sint
1258 5319 1380 5375 aliis
1436 5320 1693 5377 inferiora
1737 5342 1750 5379 :
1793 5337 1852 5380 ut
1893 5329 2018 5384 dum

428 5417 668 5471 ostendit
739 5414 1108 5468 membrorum
1161 5414 1718 5488 obmurmurationem
1784 5420 2020 5477 absurde

431 5506 654 5569 factam,
680 5502 986 5574 pudefaciat
1013 5516 1107 5556 eos
1128 5502 1218 5572 qui
1244 5501 1296 5555 iu
1326 5502 1564 5558 Ecclesia
1586 5505 2016 5576 obmurmuraut,

433 5609 719 5669 propterea
751 5595 897 5668 quod
951 5594 1193 5650 nonnulli
1227 5595 1357 5665 ipsis
1391 5595 1502 5653 sint
1552 5598 1810 5669 majores.
1859 5598 2020 5657 Ponit

2129 4623 2288 4656 νινε...
2316 4623 2506 4656 ευμεν.
2541 4623 2655 4639 η...
2688 4623 2786 4655 μγ
2836 4623 2930 4641 ην..
2961 4623 3056 4641 ς...
3091 4623 3174 4630 ν--
3217 4623 3549 4647 ---,...------
3585 4623 3635 4627 __

2128 4695 2296 4749 ματος
2329 4679 2438 4732 ἀπὸ
2466 4679 2677 4732 πολλῶν
2703 4678 2880 4749 μελῶν
2915 4677 2968 4722 ἓν
2999 4668 3161 4741 σῶμα
3182 4668 3332 4724 ἔστιν
3359 4669 3552 4740 εὑρεῖν.
3793 4623 3795 4759 Ι

2187 4881 2206 4916 t
2265 4861 2394 4916 Ἐὰν
2450 4861 2576 4924 εἴπῃ
2605 4857 2634 4905 ὁ
2689 4848 2844 4913 ποῦς,
2875 4849 2958 4903 ὅτι
2994 4847 3108 4902 Οὐκ
3140 4846 3259 4920 εἰμὶ
3285 4847 3431 4918 χεὶρ,
3462 4845 3551 4900 οὐκ
3572 4843 3667 4912 εἰμὶ

2127 4959 2191 5010 ὲκ
2216 4954 2310 5010 τοῦ
2353 4954 2637 5020 σώματος·
2687 4944 2750 4997 οὐ
2790 4945 2942 5014 παρὰ
2980 4940 3141 4996 τοῦτο
3193 4943 3297 4996 οὐκ
3326 4941 3473 4996 ἔστιν
3495 4941 3553 4994 ἐκ
3588 4934 3662 4989 τοῦ

2181 5047 2191 5053 Δ
2441 5039 2636 5053 ﬂ“.
2745 5037 2766 5053 ¹⁹
2826 5051 2836 5053 ⁸
2914 5035 2928 5053 ‘
3002 5029 3139 5053 ’ν’
3225 5027 3636 5053 Λνγγνινι.-ῆ-τ

2129 5047 2415 5116 σώματο;;
2441 5040 2554 5095 Καὶ
2585 5039 2680 5093 ἐὰν
2713 5037 2847 5109 εἴπῃ
2881 5035 2938 5089 τὺ
2969 5029 3083 5100 οῦς,
3113 5035 3196 5090 ὅτι
3223 5034 3338 5088 Οὐκ
3358 5034 3470 5104 εἰμὶ
3498 5027 3662 5100 ὀφθαλ-

2129 5138 2247 5209 μὸς,
2273 5135 2374 5190 οῦκ
2423 5131 2540 5202 εἰμὶ
2580 5131 2643 5184 ὲκ
2670 5129 2764 5183 τοῦ
2814 5126 3094 5199 σώματος·
3129 5125 3190 5180 οὐ
3224 5126 3376 5197 παρὰ
3400 5124 3545 5179 τοῦτο
3583 5121 3662 5174 οὐκ
3789 5181 3791 5209 ί

2122 5195 2270 5283 ἐστίν
2298 5230 2364 5281 ἐκ
2407 5195 2502 5280 τοῦ
2540 5222 2830 5293 σώματος;
2861 5195 3147 5290 »νΕἱσάγει
3174 5218 3244 5274 τὰ
3293 5195 3426 5291 μέλη
3460 5210 3660 5288 φθεγγό-
3789 5195 3791 5347 ἲ

2130 5340 2261 5347 _--___
2293 5321 2382 5347 ...Α
2419 5317 2754 5347 -.-ωηινηηη
2782 5315 2868 5347 Μ
2901 5314 2962 5347 ..λ
2996 5312 3342 5347 νίκη-...τηου
3375 5311 3476 5347 φιτ...
3515 5307 3659 5347 mm

2128 5340 2264 5396 μενα
2293 5321 2385 5374 καὶ
2419 5317 2759 5389 γογγύζοντα
2782 5315 2870 5370 διὰ
2901 5314 2962 5369 τὸ
2996 5312 3346 5385 ἠλαττῶσοαι
3375 5311 3476 5366 τῶν
3514 5307 3659 5362 ἄλλων

2126 5413 2329 5487 μελῶν,
2358 5414 2444 5466 ἵνα
2491 5411 2578 5464 διὰ
2607 5408 2702 5463 τοῦ
2731 5408 2900 5474 δεῖξαι
2926 5407 3020 5462 τὸν
3047 5407 3362 5478 γογγυσμὸν
3382 5404 3484 5458 τῶν
3509 5396 3659 5472 μελῶν

2126 5475 2451 5582 παραλογως
2480 5503 2789 5576 γινόμενον,
2843 5475 3080 5576 ἐντρέψη
3111 5475 3241 5566 τοὺς
3265 5475 3336 5554 *ἐν
3363 5500 3425 5569 τῇ
3462 5491 3659 5559 Ἐκκλη·

2126 5600 2212 5639 ηερ,
2246 5599 2634 5639 νῆννῦἵῆντηξ.
2660 5597 2749 5639 διὰ
2794 5595 2854 5639 τὺ
2887 5591 3028 5639 εἶναι
3061 5611 3217 5639 τινας
3250 5592 3456 5639 μείζους
3482 5581 3655 5639 αὐτῶν.

2125 5581 2217 5672 cf?
2246 5599 2639 5671 γογγύζοντας,
2660 5597 2752 5652 διὰ
2794 5595 2854 5650 τὸ
2887 5591 3028 5651 εἶναι
3061 5611 3217 5660 τινας
3249 5592 3456 5666 μείζους
3482 5581 3655 5642 αὐτῶν.

1746 5737 1948 5802 Variae
1986 5737 2318 5802 lectiones.

509 5856 557 5890 “
583 5858 666 5924 είς
686 5857 750 5914 τό
774 5873 829 5917 o.
905 5859 951 5893 "
980 5857 1230 5914 τουτέστι
1253 5857 1350 5914 τοῦ
1389 5859 1558 5931 ἄρτου
1596 5876 1649 5918 o.
