3806 6592
172 377 254 442 717
780 360 1194 423 EXPOSlTlO
1233 358 1310 422 IN
1360 359 1600 422 EPIST.
1646 357 1806 421 IAD
1840 358 2006 420 con.
2032 380 2103 394 -
2129 355 2286 418 CAP.
2321 354 2462 419 xu.

3248 348 3359 410 718

168 481 327 550 Τιθησι
368 476 418 530 δὲ
446 474 532 528 δύο
569 472 737 542 ἄκρα,
793 471 930 526 πόδα
959 470 1055 525 καὶ
1084 471 1256 542 ἀκοήν
1276 486 1291 503 ο
1321 472 1415 524 καὶ
1438 470 1500 523 οὐ
1529 470 1676 523 ποιεῖ

1814 479 1959 524 ntem
1995 469 2101 523 dno
2145 478 2407 531 extrema,
2447 465 2632 535 pedem
2685 471 2736 519 et
2773 476 2978 517 aurem.
3019 461 3127 519 Nec
3168 465 3359 537 pedem

165 576 238 630 τὸν
260 567 377 623 πόδα
404 565 478 638 τῷ
499 563 757 635 ὀφθαλμῷ
799 562 1206 635 διαλεγόμενον,
1237 562 1374 616 ἀλλὰ
1397 565 1464 634 τῇ
1491 562 1672 630 ὀλίγον

165 658 457 735 ὑπερεχούσῃ
504 654 667 712 αὑτοῦ
725 655 889 728 χειρί.
955 653 1069 726 Τὴν
1133 654 1321 725 μέντοι
1374 652 1544 725 ἀκοὴν
1596 651 1676 723 τῷ

163 753 383 827 ὀφθαλμῷ
431 750 630 819 είσάγει
683 748 1104 819 διαλεγομένην·
1165 747 1251 801 ἀεὶ
1292 745 1403 817 γὰρ
1448 745 1522 798 .οὑ
1564 746 1676 807 τοῖς

163 847 332 916 σφόδρα
381 842 749 912 ὑπερέχουσιν,
780 839 918 893 ἀλλὰ
947 842 1062 904 τοῖς
1090 839 1270 907 ὀλίγον
1313 835 1677 905 ἀναϐεϐηκόσι

161 941 339 1009 φθονεῖν
360 934 637 1005 εἰώθαμεν.
669 933 840 1003 Φησὶν
872 930 988 996 οὖν,
1014 935 1096 987 ὅτι
1143 932 1270 986 Ἐὰν
1305 933 1434 1001 εἴπῃ
1465 934 1492 984 ὁ
1518 928 1677 993 ποῦς,

159 1031 224 1082 ὀτι
246 1027 362 1081 διότι
386 1024 481 1078 οὐκ
509 1023 615 1095 ἔχω
647 1022 746 1094 τὴν
781 1022 956 1094 μέσην
1003 1022 1189 1095 χώραν
1222 1021 1298 1087 ὡς
1320 1023 1357 1092 ἡ
1384 1022 1531 1093 χεὶρ,
1565 1020 1679 1074 ἀλλ’

160 1119 377 1173 ὑποκάτω
396 1116 605 1170 πάντων
632 1116 772 1185 εἰμὶ,
801 1115 903 1168 οὐκ
924 1115 1042 1184 εἰμὶ
1070 1115 1236 1186 μέρος
1268 1114 1363 1168 τοῦ
1391 1114 1643 1184 σώματος
1664 1127 1679 1144 ⁸

156 1212 205 1264 οὐ
227 1210 359 1281 παρὰ
385 1207 555 1269 τοῦτο,
590 1207 712 1263 ἀντὶ
769 1207 884 1273 τοῦ,
940 1207 1075 1261 διότι
1123 1208 1224 1260 οὐκ
1275 1207 1390 1260 ἔστι
1421 1200 1564 1277 χεὶρ,
1595 1205 1685 1260 διὰ

157 1301 285 1355 τοῦτο
325 1302 418 1353 οὐκ
454 1299 597 1352 ἔστιν
644 1301 710 1353 ὲκ
766 1299 860 1353 τοῦ
898 1299 1185 1370 σώματος;
1224 1300 1300 1354 Οὐ
1334 1298 1492 1371 γὰρὸ
1523 1303 1685 1364 τόπος

158 1397 276 1449 ποιεῖ
298 1394 352 1447 τὸ
373 1389 509 1447 εἶναι
533 1393 699 1463 μέρος
727 1391 821 1446 τοῦ
859 1391 1133 1463 σώματος,
1162 1393 1196 1464 ἢ
1239 1394 1313 1465 μὴ
1345 1390 1507 1460 εἶναι,
1548 1393 1687 1448 ἀλλὰ

156 1486 204 1538 τὸ
220 1483 454 1553 ἡνῶσθαι,
483 1484 515 1554 ἢ
546 1485 621 1554 μὴ
653 1483 916 1554 ἡνῶσθαι.
952 1483 1229 1548 Ὡσαύτως
1252 1488 1345 1540 καὶ⁴
1368 1484 1462 1541 ἐὰν
1490 1488 1523 1558 ἡ
1548 1485 1688 1558 ἀκοὴ

156 1576 280 1646 εἴπῃ.
311 1577 387 1629 ὅτι
413 1576 555 1628 Διότι
587 1576 690 1628 οὐκ
714 1575 832 1644 εἰμὶ
859 1575 1160 1648 ὀφθαλμὸς,
1189 1577 1565 1649 ἁποὸόιλλομαι
1594 1584 1689 1633 καὶ

158 1668 205 1719 τὸ
222 1666 342 1727 ὅλως
365 1665 497 1721 εἶναι
528 1666 693 1737 μέρος
725 1664 819 1720 τοῦ
853 1666 1104 1738 σώματος
1126 1685 1143 1702 ο
1176 1670 1237 1723 οὐ
1282 1670 1371 1724 διὰ
1406 1666 1566 1724 τοῦτο
1595 1670 1690 1725 καὶ

156 1759 266 1829 αὐτὴ
283 1759 373 1811 οὐκ
393 1759 541 1814 ἔσται
569 1761 634 1813 ἐκ
664 1761 758 1814 τοῦ
782 1761 1067 1832 σώματο;;
1110 1762 1271 1816 Ἀλλὰ
1293 1763 1383 1817 τὸν
1421 1762 1479 1830 ἐξ
1512 1764 1690 1835 ἀρχῆς

157 1851 268 1920 αὐτῇ
295 1850 551 1919 ταχθέντα
604 1853 768 1907 τόπον
798 1853 1021 1924 ἔχουσα,
1064 1854 1153 1907 καὶ
1182 1854 1280 1925 τὴν
1306 1853 1516 1910 οἰκείαν
1539 1859 1689 1927 ἐνερ-

159 1939 296 2007 γοῦσα
327 1941 622 2011 ἐνέργειαν,
673 1945 768 1997 καὶ
825 1943 968 2015 αῦτη
1023 1945 1174 1999 ἔσται
1211 1945 1376 2015 μέρος
1403 1947 1497 2000 καὶ
1527 1948 1688 2019 μέλος

153 2031 229 2084 τοῦ
257 2031 514 2102 σώματος.
547 2035 715 2088 Ὥστε
751 2036 847 2090 καὶ
882 2038 945 2090 σὺ
973 2039 1001 2091 ὀ
1035 2035 1209 2091 δοκῶν
1238 2035 1298 2091 τὸ
1330 2034 1549 2092 ἔλαττον
1591 2040 1688 2093 λα-

154 2123 247 2176 ϐεῖν
271 2124 522 2196 χάρισμα,
556 2126 634 2198 μὴ
664 2128 922 2197 γόγγυξε.
957 2130 1138 2201 Μέρος
1170 2129 1279 2200 γὰρ
1308 2127 1359 2184 εἷ
1381 2131 1476 2184 τοῦ
1505 2131 1690 2203 σόσμα⁶

153 2234 224 2278 τος
244 2219 332 2288 τῆς
356 2216 683 2289 Ἐκκλησίας
707 2220 970 2293 Χριστοῦ,
1002 2225 1049 2276 εί
1083 2224 1179 2276 καὶ
1224 2223 1319 2277 τὸν
1345 2223 1497 2278 κάτω
1526 2225 1691 2279 τόπον

154 2308 332 2378 ἔλαχες.
371 2308 501 2362 Τότε
528 2311 589 2366 δὲ
618 2312 719 2364 οὐκ
748 2309 800 2365 εἴ
827 2312 1013 2383 μέλος,
1046 2314 1174 2368 ὅταν
1206 2313 1513 2387 ἀποσχίσῃς
1531 2332 1693 2371 σεαυ-

151 2398 243 2461 τὸν,
272 2399 358 2451 καὶ
410 2400 508 2471 τῆς
558 2400 811 2466 ένὼσεως
857 2404 1204 2477 ἀπορῤαγῇς.
1239 2405 1480 2460 Φύλαττε
1510 2406 1692 2461 τοίνυν

151 2487 231 2559 τὴν
250 2488 448 2555 ἕνωσιν,
470 2492 565 2546 ἐὰν
595 2492 757 2566 θέλῃς
783 2488 924 2548 εἶναι
948 2495 1128 2565 μέλος.

214 2685 230 2717 ι
262 2667 316 2720 Εἰ
343 2669 458 2723 ὅλον
488 2669 552 2723 τὸ
615 2670 772 2740 σῶμα
828 2669 1131 2742 ὀφθαλμὸς,
1185 2672 1288 2727 ποῦ
1321 2674 1354 2742 ἡ
1414 2674 1551 2745 ἀκοή
1579 2689 1594 2739 ;
1630 2674 1692 2726 Εἰ

152 2759 253 2812 ὅλον
274 2762 423 2832 ἀκοὴ,
449 2763 552 2817 ποῦ
590 2763 949 2836 ήόσφρησιςς
979 2782 998 2817 ι
1044 2765 1263 2836 Ἐπειδὴ
1294 2765 1575 2834 ὀφθαλμοῦ
1603 2766 1695 2819 καὶ

153 2853 287 2917 ποδὸς
313 2856 580 2928 ἐμνήσθη,
614 2858 708 2911 καὶ
757 2859 927 2928 ἀκοῆς
960 2858 1057 2911 καὶ
1106 2858 1308 2928 χειρὸς,
1360 2860 1455 2912 καὶ
1484 2856 1695 2928 ἢγαγεν

154 2944 320 3008 αὐτοὺς
343 2948 418 3010 είς
450 2948 662 3002 ἔννοιαν
689 2950 786 3020 τῆς
804 2948 1076 3020 ὑπεροχῆς
1107 2949 1203 3002 καὶ
1216 2949 1311 3018 τῆς
1326 2949 1695 3011 ἐλαττώσεως.

155 3035 232 3088 καὶ
253 3035 333 3089 διὰ
349 3038 512 3091 ’τοῦτο
541 3039 711 3092 πάλιν
732 3039 878 3103 εἰκὸς
906 3034 978 3111 ἦν
1001 3039 1202 3103 αὐτοὺς
1242 3037 1551 3104 λυπεῖσθαι,
1574 3039 1697 3109 οὐχὶ

154 3127 607 3195 παραμυθεῖσθαι’
646 3128 743 3183 νῦν
769 3129 1062 3197 δείκνυσιν,
1111 3130 1194 3184 ὅτι
1218 3128 1360 3183 οὕτω
1418 3129 1697 3200 συμφέρον

154 3215 270 3281 ἐστὶ,
295 3216 522 3290 διάφορα
578 3214 724 3274 εἶναι
760 3222 1098 3291 χαρίσματα.
1129 3221 1192 3276 Εί
1222 3219 1331 3291 γὰρ
1359 3219 1417 3274 ἓν
1443 3220 1603 3290 μέλος
1632 3215 1699 3291 ἦν

151 3307 203 3359 τὺ
250 3310 400 3381 σῶμα
445 3312 596 3377 ὂλον,
651 3330 754 3367 που
807 3313 876 3367 τὰ
933 3314 1133 3379 λοιπάς
1179 3313 1294 3368 Οὐκ
1345 3313 1576 3386 αἰσχύνῃ
1607 3313 1700 3369 οῦν

156 3402 366 3457 τοσαῦτα
401 3405 539 3477 μέλη
579 3405 886 3471 ἐκϐάλλων,
931 3406 1028 3460 καὶ
1075 3405 1300 3461 σεαυτὸν
1343 3406 1504 3477 μόνον
1535 3404 1701 3471 ἀξιῶν
1764 3404 1767 3405 ⁷

150 3507 303 3556 ειναι;

181 3601 230 3647 ,ι
259 3586 362 3640 Νῦν
391 3587 447 3641 δὲ
476 3590 504 3642 ὁ
529 3588 669 3653 Θεὸς
704 3589 859 3643 ἔθετο
882 3589 952 3644 τὰ
985 3589 1143 3662 μέλη,
1173 3589 1231 3644 ἓν
1257 3590 1487 3646 ἕκαστον
1522 3590 1702 3645 αὐτῶν

152 3675 201 3724 ὲν
219 3677 288 3747 τῷ
315 3678 549 3751 σώματι,
594 3680 779 3746 καθὼς
808 3682 1065 3754 ἠθέλησε.
1100 3702 1120 3739 ι
1183 3685 1452 3754 Μεγάλως
1484 3686 1701 3739 ἐπιστο-

156 3768 281 3834 μίζει
306 3772 497 3838 αὐτοὺς
517 3774 615 3829 διὰ
640 3776 736 3829 τοῦ
771 3776 972 3846 λέγειν,
1003 3777 1087 3830 ὅτι
1113 3778 1142 3830 ὀ
1162 3776 1294 3841 Θεὸς
1322 3776 1580 3847 ἠθέλησε,
1606 3776 1702 3830 καὶ

150 3859 399 3931 ἀφώρισεν
422 3865 505 3918 ἑνὶ
539 3866 766 3935 ἑκάστῳ
798 3866 954 3936 μέλει
984 3866 1078 3920 τὸν
1100 3868 1304 3921 οίκεῖον
1323 3867 1488 3920 τόπον
1509 3865 1703 3938 (τοῦτο

153 3949 242 4023 γὰρ
268 3957 517 4023 σημαίνει
550 3957 639 4020 τὸ,
674 3975 694 4008 ι
725 3955 919 4012 Ἔθετο
949 3959 1019 4026 ι),
1052 3958 1145 4012 καὶ
1168 3956 1294 4012 οὔτε
1327 3959 1356 4012 ό
1384 3958 1516 4022 ποῦς
1564 3958 1702 4028 έχων

150 4042 225 4093 τὸν
246 4047 387 4100 κάτω
412 4049 588 4101 τόπον
632 4048 839 4118 ὀφείλει
863 4049 1050 4119 ἀλγεῖν
1073 4067 1086 4082 ·
1126 4050 1269 4103 οὕτω
1299 4049 1409 4120 γὰρ
1439 4051 1702 4120 ἠθέλησεν

150 4134 174 4183 ὀ
198 4134 333 4201 Θεὸς,
367 4140 460 4192 καὶ
483 4138 650 4192 τοῦτο
677 4138 826 4210 αὐτῷ
849 4139 1144 4213 συμφέρει,
1166 4142 1228 4194 τὸ
1253 4141 1401 4194 κάτω
1420 4141 1699 4210 τετάχθαι.

148 4222 265 4279 Οὔτε
297 4229 329 4300 ἠ
350 4233 570 4301 κεφαλὴ
589 4229 689 4301 τὴν
710 4230 824 4283 ἄνω
845 4230 1032 4301 χώραν
1063 4231 1286 4302 ἔχουσα,
1315 4233 1521 4303 ὀφείλει
1547 4232 1703 4286 ἐπαί-

156 4317 318 4374 Ρετθαι
336 4337 347 4349 ·
369 4320 584 4395 [τοῦτο]
614 4323 724 4392 γὰρ
747 4322 884 4375 Θεοῦ
906 4324 1045 4390 ἐστι,
1067 4323 1223 4377 τοῦτο
1242 4324 1342 4377 οὐκ
1368 4324 1541 4395 αὐτῆς
1573 4342 1704 4379 κατ-

153 4399 364 4473 ὀρθωμα.
403 4412 606 4477 Οὕτως
635 4412 730 4468 οὖν
760 4417 857 4468 καὶ
884 4416 978 4468 ἐπὶ
1001 4417 1100 4485 τῆς
1138 4416 1477 4487 Ἐκκλησίας,
1508 4418 1538 4470 ὀ
1570 4417 1703 4481 Θεὸς

152 4492 284 4547 ἔθετο
301 4507 481 4558 τοῦτον
502 4504 651 4560 εἶναι
679 4507 848 4569 κάτω,
874 4507 973 4563 καὶ
1005 4510 1273 4581 συμφέρει
1302 4509 1451 4580 αὐτῷ
1468 4528 1482 4542 ο
1507 4512 1699 4563 κάκεῖ·-
1730 4505 1776 4562 D

153 4600 228 4636 νον
244 4583 377 4641 εἶναι
402 4590 518 4643 ἄνω
536 4613 548 4621 λ
591 4600 687 4652 καὶ
713 4598 797 4652 δεῖ
824 4601 920 4654 καὶ
949 4600 1133 4653 τοῦτον
1153 4604 1423 4671 στέργειν,
1448 4602 1699 4656 κάκεῖνον

157 4678 222 4746 μὴ
250 4680 493 4749 αἴρεσθαι
519 4681 588 4736 ν’.

221 4878 237 4941 ι
265 4860 325 4915 Ei
346 4862 404 4916 δὲ
427 4860 497 4936 ἦν
526 4863 597 4917 τὰ
633 4864 808 4917 πάντα
838 4864 898 4918 ἓν
930 4865 1113 4937 μέλος,
1139 4872 1241 4927 ποῦ
1269 4874 1329 4928 τὸ
1354 4875 1512 4946 σῶμα
1531 4892 1547 4939 ;
1567 4877 1702 4930 Νυνὶ

152 4946 202 5000 δὲ
229 4950 391 5005 πολλὰ
429 4954 531 5024 μὲν
568 4953 727 5024 μέλη.
753 4954 812 5006 ἓν
836 4954 891 5008 δὲ
923 4954 1102 5025 σῶμα.
1142 4974 1162 5008 ι
1205 4958 1344 5031 Ὅρα
1377 4965 1572 5034 σοφίαν
1592 4984 1606 4999 ο
1643 4967 1704 5033 ἐξ

153 5042 302 5097 αὐτοῦ
330 5046 524 5100 τούτου
559 5047 904 5118 ἐπιστομίζει
925 5049 1144 5115 αὐτοὺς,
1176 5051 1270 5105 τοῦ
1296 5053 1576 5121 δοκοῦντος
1600 5059 1702 5130 έμ-

156 5138 314 5187 ποιεῖν
340 5138 438 5209 τὴν
466 5139 862 5211 μικροψυχίαν,
897 5140 1045 5211 φημὶ
1089 5141 1146 5195 δὲ
1177 5142 1273 5197 τοῦ
1305 5144 1538 5217 διάφορα
1564 5145 1704 5202 εἶναι

152 5224 211 5275 τὰ
232 5231 569 5298 χαρίσματα,
595 5230 690 5284 καὶ
724 5229 802 5302 μὴ
849 5227 989 5286 εἶναι
1046 5235 1261 5304 ἰσότιμα
1303 5234 1372 5290 ’³.
1401 5236 1464 5289 El
1487 5238 1595 5306 γὰρ
1620 5239 1704 5309 μὴ

153 5310 279 5385 ἦσαν
321 5319 559 5393 διάφορα
619 5322 781 5394 μέλη,
814 5323 922 5377 οὐδ’
947 5325 1014 5379 ἂν
1052 5325 1111 5379 ἓν
1138 5325 1300 5397 σῶμα
1319 5324 1387 5399 ἦν
1407 5344 1421 5359 ο
1448 5332 1523 5401 μὴ
1552 5330 1703 5397 ὄντος

151 5406 200 5460 δὲ
222 5410 333 5475 ἑνὸς
395 5415 672 5484 σώματος,
703 5415 826 5469 οὐδὲ
877 5417 1116 5487 ἰσοτιμία
1146 5417 1212 5474 ἂν
1260 5414 1349 5492 ἦν.
1383 5420 1498 5475 Νῦν
1536 5422 1594 5476 δὲ
1617 5423 1704 5479 διὰ

149 5500 294 5557 τοῦτο
316 5506 556 5579 ἰσοτιμία
578 5509 725 5563 ἐστὶν
754 5510 815 5562 ὲν
849 5511 1003 5577 πᾶσι,
1030 5510 1165 5565 διότι
1196 5513 1277 5577 είς
1300 5512 1358 5568 ἓν
1388 5514 1547 5585 σῶμα
1573 5532 1700 5569 συν-

1782 574 1905 612 cum
1935 559 2093 615 oculo
2115 559 2473 614 disserentem
2510 555 2736 620 inducit,
2767 556 2860 610 sed
2886 568 3007 608 cum
3040 568 3223 620 manu,
3247 555 3364 624 ipso

1779 649 2166 719 aliquantulum
2197 651 2496 715 superiore.
2533 646 2790 703 Auditum
2832 655 3012 700 autem
3061 643 3365 701 introducit

1779 757 1901 798 cum
1934 741 2092 797 oculo
2125 742 2486 811 disputantem
2521 756 2536 806 ;
2582 740 2663 794 eis
2693 739 2839 795 enim
2893 740 2983 807 qui
3015 739 3170 811 longe
3213 739 3368 809 nobis

1780 832 2190 904 superemiuent
2257 844 2528 898 nunquam
2573 829 2814 884 invidere
2857 828 3111 896 solemus,
3158 830 3252 885 sed
3298 829 3365 884 iis

1782 929 1872 997 qui
1924 925 2082 995 paulo
2137 920 2300 980 altius
2332 922 2712 978 ascenderunt.
2755 923 2846 979 Ait
2876 923 3038 992 igitur
3073 940 3088 980 :
3120 922 3274 990 Quod
3316 922 3361 997 si

1784 1022 1981 1077 dixerit
2013 1035 2132 1090 pes,
2173 1018 2296 1089 quia
2327 1033 2432 1073 non
2491 1016 2665 1072 habeo
2698 1017 2935 1073 medium
2979 1019 3158 1076 locum
3214 1032 3368 1092 teque

1787 1127 1850 1167 ac
1874 1127 2087 1177 manus,
2121 1111 2214 1165 sed
2243 1124 2361 1164 sum
2384 1108 2627 1163 omnium
2667 1105 2909 1170 iniimus,
2936 1121 3041 1162 non
3077 1123 3197 1163 sum
3234 1123 3367 1180 ergo

1785 1220 1911 1276 pars
1954 1202 2249 1275 corporis:
2293 1201 2555 1272 numquid
2611 1210 2918 1271 prapterea,
2954 1200 3055 1256 hoc
3111 1209 3197 1256 est
3241 1204 3367 1273 quia

1788 1312 1894 1351 nou
1929 1308 2012 1351 est
2041 1309 2254 1360 manus,
2304 1308 2409 1349 non
2443 1302 2527 1348 est
2547 1293 2668 1348 ideo
2696 1307 2760 1347 ex
2794 1290 3060 1360 corpore?
3086 1289 3200 1347 Non
3222 1293 3369 1348 enim

1791 1391 1938 1445 locus
1966 1398 2048 1445 est
2081 1390 2131 1443 in
2163 1403 2346 1454 causa,
2393 1402 2490 1442 cur
2528 1385 2599 1440 sit
2645 1399 2772 1456 pars
2819 1385 3085 1455 corporis,
3134 1384 3217 1437 vel
3263 1400 3370 1440 nou

1790 1486 1861 1539 sit
1889 1502 1902 1539 :
1936 1499 2122 1540 verum
2150 1482 2294 1551 quod
2316 1481 2528 1551 corpori
2566 1479 2774 1534 unitum
2813 1479 2885 1533 sit
2917 1477 3001 1532 vel
3043 1493 3168 1531 non.
3218 1476 3370 1532 Hunc

1795 1578 1859 1631 ad
1898 1576 2114 1630 modum
2146 1575 2191 1630 si
2229 1574 2377 1628 auris
2410 1573 2627 1639 dixerit,
2676 1570 2813 1637 Quia
2856 1585 2962 1624 non
2996 1584 3112 1624 sum
3161 1570 3368 1635 oculus,

1794 1684 1912 1724 eam
1949 1667 2019 1723 ub
2057 1682 2278 1722 causam
2314 1655 2480 1721 urbor
2505 1663 2729 1720 omnino
2758 1677 2846 1729 eo,
2882 1673 2940 1718 ut
2965 1664 3065 1719 sim
3101 1678 3225 1733 pars
3251 1678 3373 1716 eor-
3406 1666 3410 1675 ‘

1794 1760 1944 1830 poris
1970 1776 1986 1815 :
2017 1773 2147 1814 num
2178 1766 2459 1829 propterea
2489 1765 2544 1811 et
2570 1756 2684 1829 ipsa
2713 1770 2823 1811 non
2852 1755 2958 1811 erit
2997 1771 3061 1811 ex
3107 1753 3372 1834 corpore?

1791 1854 1959 1925 Atqui
1995 1869 2115 1909 cum
2141 1853 2319 1909 locum
2348 1852 2509 1910 sibia
2540 1849 2810 1923 principio
2853 1850 3181 1906 destinatum
3235 1850 3367 1906 reti-

1793 1957 1941 2012 neat,
1978 1948 2362 2019 propriamque
2391 1945 2760 2016 operationem
2783 1950 3059 2014 operetur,
3093 1944 3206 2014 ipsa
3234 1958 3370 2013 «ιιιο-
3398 1978 3401 1981 ν

1793 2056 1898 2111 que
1927 2041 2031 2096 erit
2056 2049 2111 2095 et
2142 2040 2443 2095 membrum
2468 2047 2520 2093 et
2554 2052 2682 2107 pars
2733 2036 2997 2107 corporis.
3030 2035 3264 2093 Proinde
3315 2046 3373 2092 et

1792 2139 1872 2200 tu,
1904 2131 1993 2199 qui
2021 2130 2219 2184 donum
2267 2129 2442 2182 minus
2486 2125 2762 2195 accepisse
2806 2124 3022 2190 videris,
3064 2123 3176 2178 noli
3220 2138 3372 2177 mur-

1795 2238 2029 2277 murare.
2061 2221 2357 2275 Membrum
2388 2220 2530 2273 enim
2562 2234 2623 2273 es
2654 2217 2933 2293 Ecclesia},
2969 2230 3088 2287 quae
3125 2223 3212 2272 est
3249 2228 3375 2271 cor-

1795 2329 1893 2382 pus
1939 2314 2159 2373 Christi.
2188 2311 2399 2367 etiamsi
2459 2310 2769 2367 inferiorem
2815 2309 2992 2366 locum
3050 2318 3241 2365 nactus
3286 2321 3366 2363 es.

1793 2406 1931 2459 Tum
1960 2421 2087 2460 vero
2118 2418 2222 2458 nou
2255 2419 2314 2457 es
2355 2402 2682 2465 membrum,
2708 2417 2831 2457 cum
2864 2403 3093 2473 teipsum
3128 2401 3374 2469 abscide:

1796 2495 1892 2562 ris,
1924 2506 2083 2565 atque
2111 2496 2178 2549 ab
2209 2494 2415 2549 unitate
2461 2492 2681 2548 arnlsus
2725 2491 2915 2549 fueris.
2950 2488 3225 2547 Conserva
3268 2491 3373 2562 igi-

1796 2596 1884 2642 tur
1910 2589 2191 2651 unitatem,
2227 2587 2268 2641 si
2293 2586 2373 2640 vis
2404 2600 2524 2640 esse
2549 2583 2872 2639 membrum.

1870 2680 2032 2736 Vnus.
2063 2682 2147 2737 l7.
2184 2699 2202 2732 ι
2239 2676 2293 2736 Si
2333 2689 2499 2736 totum
2534 2694 2733 2749 corpus
2757 2679 2968 2746 oculus,
3002 2680 3088 2735 ubi
3125 2678 3376 2735 auditus?

1798 2776 1853 2829 Si
1901 2781 2072 2829 totum
2107 2775 2345 2838 auditus,
2385 2773 2473 2828 ubi
2508 2771 2780 2828 olfactus?
2810 2790 2831 2826 ι
2864 2771 2998 2841 Quia
3032 2773 3171 2828 oculi
3199 2783 3255 2828 et
3278 2789 3374 2843 pe~

1795 2865 1880 2920 dis
1910 2868 2253 2931 meminerat,
2280 2877 2331 2917 et
2359 2866 2575 2919 auditus
2601 2872 2656 2919 et
2687 2878 2900 2930 manus,
2940 2879 3144 2934 eosque
3193 2865 3246 2919 in
3275 2880 3371 2918 cx-

1796 2957 2060 3013 cellentitc
2110 2955 2463 3031 derectusque
2520 2956 2904 3025 cogitationem
2959 2957 3268 3019 induxerat,
3309 2972 3374 3011 ac

1794 3048 2112 3105 ’verisimile
2149 3060 2296 3105 esset
2322 3064 2512 3106 rursus
2539 3049 2685 3117 ipsos
2715 3063 3002 3106 utmorem
3033 3048 3159 3104 inde
3193 3050 3371 3119 potius

1723 3164 1772 3232 ε
1803 3155 1965 3211 quam
1999 3140 2425 3198 consolationem
2482 3140 2772 3209 accipere:
2822 3155 2969 3197 nunc
3015 3142 3254 3197 ostendit
3301 3140 3375 3196 ita

1801 3232 2143 3288 commodmn
2181 3248 2322 3300 esse,
2356 3242 2415 3288 ut
2443 3233 2554 3288 sint
2586 3235 2796 3289 diversa
2831 3233 2993 3288 dona.
3030 3232 3162 3288 Nam
3210 3236 3255 3289 si
3289 3244 3378 3290 to-

1802 3331 1914 3376 tum
1945 3335 2142 3392 corpus
2168 3321 2309 3379 foret
2340 3339 2504 3379 unum
2550 3320 2872 3386 membrum,
2905 3321 3125 3377 ubinam
3174 3323 3379 3389 reliqua

1802 3413 2118 3469 manerent?
2162 3412 2278 3470 Non
2321 3415 2483 3486 igitur
2527 3414 2692 3484 pudet
2735 3424 2807 3476 te,
2855 3412 2950 3482 qui
2992 3421 3071 3470 tot
3136 3415 3380 3470 membra

1801 3509 1974 3578 ejicis,
2003 3517 2057 3562 et
2086 3516 2137 3562 te
2169 3506 2339 3563 solum
2372 3507 2594 3577 dignum
2628 3519 2748 3560 esse
2772 3503 3024 3575 iudicas?

1872 3600 2036 3656 Vens.
2067 3600 2152 3656 18.
2198 3618 2217 3652 ι
2260 3599 2415 3654 Nunc
2458 3608 2636 3653 autem
2697 3597 2875 3666 posuit
2920 3594 3063 3652 Deus
3115 3599 3377 3664 membra,

1802 3691 2220 3763 unumquodque
2251 3704 2438 3744 eorum
2470 3689 2523 3743 in
2555 3700 2803 3757 corpore,
2835 3686 2976 3741 sicut
3000 3686 3196 3741 voluit.
3228 3705 3248 3739 ι
3275 3688 3381 3744 Ve-

1803 3788 2085 3857 hementer
2113 3794 2208 3839 eos
2242 3779 2564 3852 compescit,
2608 3794 2730 3834 cum
2785 3778 2880 3844 ait,
2911 3777 3052 3847 quod
3104 3777 3242 3835 Deus
3286 3795 3382 3835 vo-

1802 3878 1925 3944 luit,
1965 3891 2029 3932 ac
2078 3875 2377 3947 segregavit
2429 3871 2592 3944 198
2636 3870 2901 3926 unicuivis
2954 3872 3195 3926 membro
3250 3888 3380 3944 pro:

1805 3965 1980 4035 prium
2039 3966 2211 4018 locum
2271 3961 2347 4034 (id
2388 3962 2532 4016 enim
2591 3957 2882 4027 signiﬁcat,
2938 3976 2954 4010 ι
3003 3956 3187 4013 Posuit
3233 3964 3283 4029 ι)
3325 3972 3383 4017 et

1802 4055 1945 4128 quod
2009 4068 2182 4124 neque
2233 4067 2347 4123 pes,
2400 4051 2527 4121 quia
2575 4049 2820 4103 intimum
2890 4049 3064 4106 locum
3114 4052 3379 4118 obtineat,

1803 4164 1943 4216 aegre
1987 4146 2128 4202 ferre
2180 4146 2392 4200 debeat.
2431 4142 2521 4197 Sic
2572 4142 2716 4196 enim
2778 4141 2918 4196 Deus
2961 4141 3171 4197 voluit:
3218 4154 3383 4212 atque

1804 4244 1907 4297 huc
1936 4240 2035 4310 ipsi
2059 4238 2289 4304 confert,
2321 4237 2372 4291 iu
2408 4236 2516 4290 imo
2554 4234 2671 4289 loco
2719 4233 2953 4301 positum
3006 4247 3146 4289 esse.
3196 4234 3381 4301 Neque

1803 4343 1967 4405 caput
2016 4346 2326 4402 supremum
2374 4328 2547 4384 locum
2602 4328 2830 4391 habens,
2897 4336 3176 4396 propterea
3225 4329 3385 4384 debet

1806 4425 2010 4480 eli'erri.
2048 4422 2141 4477 Dei
2192 4422 2335 4476 enim
2371 4421 2629 4485 hocvnon
2658 4418 2825 4488 ipsius
2855 4432 2988 4487 opus
3046 4430 3147 4474 est.
3194 4422 3383 4476 Consi-

1806 4496 1982 4572 milem
2016 4514 2083 4570 ad
2122 4515 2334 4568 modum
2363 4511 2416 4565 in
2454 4510 2874 4580 EcclesiapDeus
2923 4512 3201 4566 constituit
3244 4514 3385 4570 hmte

1805 4605 2275 4666 esseinleriorem,
2295 4603 2345 4657 id
2368 4604 2509 4674 quod
2542 4603 2638 4669 ipsi
2673 4602 2929 4675 prodest:
2961 4600 3109 4656 illum
3140 4619 3268 4660 vero
3295 4623 3387 4663 sn-

1808 4701 2096 4768 periorem.
2129 4692 2304 4764 Atque
2334 4694 2476 4749 hunc
2513 4699 2725 4767 oportet
2745 4707 2837 4745 sua
2886 4699 3030 4747 sorte
3080 4708 3212 4749 esse
3253 4711 3387 4769 cun.

1811 4796 2036 4851 tentum,
2068 4786 2214 4839 illum
2243 4798 2368 4838 vero
2399 4799 2502 4837 non
2541 4782 2733 4838 attolli.
3252 4848 3275 4859 ﬂ

1884 4876 2048 4932 Vens.
2083 4874 2260 4939 19,20.
2298 4892 2315 4925 ι
2359 4872 2512 4941 Quod
2541 4876 2584 4928 si
2614 4888 2791 4932 essent
2818 4878 2997 4932 omnia
3030 4893 3192 4933 unum
3219 4892 3386 4953 mem—

1805 4971 1982 5037 brum,
2017 4968 2106 5024 ubi
2143 4967 2548 5037 corpus?Nunc
2572 4978 2753 5026 autem
2790 4970 3027 5026 membra
3051 4969 3239 5034 multa,
3265 4985 3385 5024 cor-

1805 5078 1910 5133 pus
1961 5075 2091 5116 vero
2142 5074 2308 5114 unum
2352 5067 2454 5115 est.
2493 5077 2513 5112 ι
2581 5060 2967 5118 Animadverte
3029 5061 3379 5132 sapientiam.

1808 5154 1921 5211 lloc
1953 5154 2068 5222 ipso
2108 5167 2204 5208 ora
2251 5153 2491 5223 ipsorum
2537 5153 2792 5220 obstruit,
2828 5155 2969 5223 quod
3008 5152 3292 5208 videbatur
3315 5151 3381 5206 il-

1807 5247 1875 5302 lis
1905 5261 2096 5317 parcre
2152 5245 2696 5317 pusillanimitatem;
2732 5259 2943 5315 nempe,
2994 5244 3133 5310 quod
3167 5243 3384 5297 diversa

1809 5342 1922 5395 sint
1952 5339 2306 5404 charismata,
2344 5337 2600 5408 quodque
2629 5352 2735 5392 non
2760 5337 2869 5391 sint
2900 5335 3014 5403 pari
3061 5334 3264 5391 hauore
3302 5336 3386 5390 di-

1809 5448 1934 5502 gna.
1964 5430 2078 5486 Nisi
2114 5430 2259 5485 enim
2286 5437 2472 5486 essent
2518 5429 2727 5485 diversa
2765 5427 3031 5493 membra,
3065 5441 3237 5496 neque
3255 5440 3381 5481 cor-

1809 5537 1910 5593 pus
1948 5536 2115 5578 unnm
2142 5530 2293 5579 esset
2323 5538 2336 5576 :
2378 5521 2521 5591 quod
2554 5520 2600 5577 si
2636 5532 2833 5590 corpus
2861 5533 2967 5576 non
3010 5527 3156 5575 esset
3191 5532 3380 5585 unum,

1444 5679 1646 5743 Variae
1700 5681 2028 5760 lectiones,

213 5785 259 5819 ⁹²
280 5787 601 5861 ἐπαίρεσθαι
622 5809 697 5850 ιιι.
774 5796 819 5829 ⁸³
854 5794 1128 5867 ἰσοτιμίαν
1149 5812 1203 5853 ο.
