3806 6584
423 359 534 425 719

1317 355 1897 418 TliEOPllYLACTl
1947 357 2356 420 BULGABIJﬁ
2398 358 2744 420 ARCIllEP.

3570 367 3632 395 ’.Ἰ

3581 369 3632 395 ’.Ἰ

3581 369 3667 429 4.;0

431 489 543 532 tum
578 490 683 531 non
724 482 865 529 esset
891 470 1111 527 honoris
1136 470 1438 541 mqualitas.
1482 470 1601 524 Jam
1635 485 1766 526 vero
1790 484 1909 524 eam
1943 469 2011 525 ob
2039 509 2052 532 Α

2117 470 2331 525 τελοῦσι
2363 472 2431 526 τὰ
2489 475 2689 526 πάντα.
2749 472 2913 525 Ὥστε
2946 472 3008 524 ἐκ
3041 472 3135 526 τοῦ
3187 475 3421 546 διάφορα
3459 471 3675 534 εἶναιτὰ

425 584 538 624 rem
569 568 621 622 in
651 565 900 620 omnibus
922 573 1004 618 est
1029 563 1168 618 idem
1207 563 1462 633 pretium,
1487 563 1630 632 quod
1659 563 1838 616 omnia
1867 562 2008 616 idem

423 676 622 731 corpus
649 658 954 728 perficiant.
984 657 1172 726 Itaque
1191 656 1314 726 quia
1345 656 1559 710 diversa
1591 655 1831 710 membra
1856 663 2006 720 sunt,

422 753 544 809 ideo
573 768 735 807 unum
763 767 959 821 corpus
990 751 1281 820 perﬁcitur.
1305 749 1438 817 Quia
1457 763 1586 804 vero
1603 765 1764 802 unum
1787 763 2006 816 corpus,

425 847 545 901 ideo
583 846 828 914 ejusdem
861 845 1140 916 dignitatis
1191 852 1317 898 sunt
1355 843 1558 909 omnia,
1587 857 1653 898 ex
1712 843 1813 897 hoc
1867 844 2004 912 ipso,

2125 563 2284 634 μέλη,
2309 565 2655 618 ἀποτελεῖται
2679 563 2736 619 ἓν
2769 565 2932 637 σῶμα
2959 584 2969 596 ·
3008 570 3072 621 ὲκ
3103 568 3196 622 τοῦ
3224 568 3283 622 ἓν
3329 564 3468 623 εἶναι
3511 571 3674 642 σῶμα,

2123 657 2362 727 ἰσοτιμία
2393 658 2510 710 ἐστὶ
2545 661 2700 723 πᾶσι,
2730 663 2847 713 κατ’
2873 661 3004 714 αὐτὸ
3037 661 3218 727 τοῦτο,
3253 661 3390 716 καθὸ
3416 664 3678 718 συντελοῦ-

2124 767 2205 802 σιν
2235 752 2314 814 εἰς
2346 752 2463 815 ἐνὸς
2500 753 2752 820 σώματος
2787 756 3183 825 συμπλήρωσιν
3203 772 3216 787 ·
3265 757 3362 810 καὶ⁷
3391 757 3497 829 γάρ
3524 776 3673 830 φησι·

2123 864 2140 894 ι
2176 844 2352 897 Πολλὰ
2384 847 2482 914 μὲν
2521 848 2678 918 μέλη,
2714 848 2770 900 ἒν
2801 849 2856 903 δὲ
2893 851 3071 922 σῶμα.
3116 871 3134 903 ι

423 938 565 1008 quod
593 938 774 994 omnia
807 947 1001 993 coeant
1021 948 1072 992 et
1099 938 1548 1008 compagincntur
1577 933 1643 990 ad
1678 936 1838 991 unius
1865 937 2108 1006 corporis
2136 939 2611 1007 complementum.
2648 946 2733 997 Ait
2767 945 2912 1000 enim
2947 964 2960 1000 :
3008 966 3024 999 ι
3067 946 3228 1002 Multa
3262 951 3480 1020 quidem
3519 969 3675 1009 mem.

421 1036 540 1098 bra,
577 1048 775 1102 corpus
809 1046 937 1086 vero
968 1047 1156 1086 unum.
1199 1050 1217 1082 ι

495 1124 666 1180 Vens.
699 1123 790 1178 2i.
831 1142 848 1174 ι
892 1121 1008 1176 Non
1043 1133 1216 1193 potest
1248 1133 1423 1177 autem
1450 1122 1638 1178 oculus
1668 1122 1850 1180 dicere
1884 1137 2004 1176 ma-

416 1219 536 1282 nui,
567 1216 745 1287 Opera
775 1225 860 1269 tua
895 1231 1000 1269 non
1035 1215 1292 1285 indigeo:
1321 1224 1413 1269 aut
1445 1215 1642 1269 iterum
1669 1224 1831 1285 caput
1855 1215 2004 1285 pedi-

418 1313 538 1374 bus,
591 1309 766 1377 Opera
819 1317 994 1362 vestra
1021 1322 1124 1361 non
1191 1306 1424 1376 indigeo.
1467 1324 1484 1357 ›
1523 1305 1875 1377 Pacatisjam
1923 1306 2002 1362 eis

416 1405 508 1473 qui
543 1404 749 1457 minora
775 1402 1108 1456 charismata
1129 1407 1475 1470 acceperant,
1507 1400 1572 1453 ad
1595 1414 1688 1455 eos
1712 1414 1855 1454 nunc
1879 1413 2001 1452 vcr-

413 1497 481 1552 ha
515 1496 665 1563 facit,
697 1493 790 1563 qui
825 1492 1029 1562 majora
1065 1491 1359 1556 habebant,
1395 1503 1562 1562 seque
1591 1507 1719 1562 erga
1762 1490 1990 1546 inferio-

415 1603 502 1642 res
534 1585 830 1642 insolenter
857 1585 1136 1655 gerehant.
1163 1582 1231 1638 Ut
1265 1585 1430 1649 enim,
1459 1584 1652 1652 inquit,
1677 1584 1862 1638 oculus
1887 1599 1994 1638 non

414 1690 592 1750 potest
631 1679 812 1734 dicere
869 1676 1094 1746 reliquis
1143 1677 1420 1739 membris,
1477 1674 1640 1731 Vobis
1696 1691 1830 1745 opus
1888 1691 1995 1730 non

413 1772 586 1827 habeo
653 1770 801 1839 (uno
853 1782 1089 1836 namque
1144 1767 1448 1830 deficiente,
1513 1765 1783 1821 claudicat
1837 1774 2006 1820 totum

414 1862 677 1934 corpus),
714 1863 794 1917 sic
828 1875 1003 1931 neque
1025 1859 1114 1930 qui
1149 1859 1352 1927 majora
1391 1859 1720 1914 charismata
1779 1873 2008 1930 accepe-

416 1963 562 2016 runt,
618 1951 868 2007 attollere
900 1966 1022 2006 sese
1088 1956 1317 2020 possunt
1363 1950 1624 2006 adversus
1666 1965 1762 2007 eos
1813 1951 2010 2022 quibus

418 2057 545 2103 sunt
580 2049 810 2102 minora.
859 2044 1054 2100 Eorum
1108 2045 1250 2099 enim
1301 2054 1353 2098 et
1378 2044 1478 2114 ipsi
1529 2059 1693 2114 opera
1745 2044 2006 2115 indigent,

415 2149 605 2209 utpote
633 2137 723 2208 qui
751 2137 850 2194 soli
879 2152 986 2192 non
1015 2133 1288 2191 sufﬁciunt
1317 2135 1383 2188 ad
1417 2135 1713 2190 Ecclesiam
1743 2134 1837 2190 Dei
1872 2135 2007 2190 aedi-

427 2232 714 2286 ﬁcandam.
769 2227 1002 2284 Pulchre
1047 2237 1228 2282 autem
1283 2226 1440 2291 dixit,
1481 2244 1499 2278 ι
1561 2225 1680 2281 Νοη
1758 2233 2001 2296 potest.»

411 2323 636 2378 Etiamsi
668 2336 900 2389 namque
926 2318 1093 2373 multa
1123 2317 1270 2382 velit,
1317 2317 1512 2386 inquit,
1557 2333 1661 2372 non
1709 2317 1785 2372 sic
1823 2325 2003 2370 tamen

413 2417 572 2470 habet
605 2417 678 2469 rei
724 2421 935 2467 natura.

481 2507 645 2563 Vens.
700 2505 888 2571 22,25.
939 2521 960 2556 ς
995 2504 1102 2558 Sed
1155 2501 1322 2556 multo
1375 2501 1546 2571 magis
1573 2515 1693 2570 quae
1745 2500 2004 2556 videntur

412 2601 656 2656 membra
685 2598 929 2668 corporis
965 2597 1264 2652 inlirmiora
1300 2609 1442 2660 esse,
1488 2595 1795 2649 necessaria
1824 2601 1952 2647 sunt
1987 2609 2000 2646 :

409 2703 460 2747 et
515 2708 632 2762 qua:
667 2701 918 2762 putamus
949 2689 1271 2759 ignobiliora
1320 2701 1441 2742 esse
1466 2688 1732 2756 corporis,
1779 2687 1863 2741 his
1909 2687 2008 2740 ho-

410 2798 600 2839 norcm
633 2781 1081 2837 abundantiorem
1130 2778 1571 2834 circumdamus:
1608 2791 1661 2833 et
1693 2793 1813 2848 qua:
1843 2777 2000 2832 inho-

413 2887 568 2931 neSta
600 2883 728 2930 sunt
753 2882 962 2937 nostra,
1009 2871 1455 2926 abundantiorem
1508 2871 1846 2925 honestatem
1899 2869 1999 2923 ha-

422 2967 574 3022 bent.
625 2985 643 3018 r
678 2963 1013 3036 lndicatjam
1044 2963 1186 3033 quod
1214 2971 1270 3018 et
1303 2960 1584 3017 commoda
1621 2971 1676 3014 et
1700 2961 2002 3014 necessaria

410 3059 522 3113 sint
551 3073 670 3127 quae
703 3057 957 3110 videntur
987 3069 1106 3110 esse
1150 3053 1383 3108 minora.
1437 3051 1699 3108 Videntur
1741 3049 1885 3106 enim
1917 3050 2000 3104 in-

413 3150 634 3214 ieriora,
665 3149 758 3204 sed
794 3163 900 3202 non
938 3143 1084 3201 sunt.
1124 3146 1255 3213 Quae
1277 3159 1404 3200 vero
1439 3152 1567 3199 sunt
1600 3143 1713 3198 haec
1743 3157 1865 3212 qua:
1903 3142 2004 3196 im-

411 3239 689 3296 becilliora
721 3239 937 3308 quidem
970 3236 1243 3302 videntur,
1265 3241 1319 3290 et
1345 3233 1520 3288 minus
1552 3233 1801 3298 honesta,
1825 3240 1881 3287 et
1907 3232 2006 3300 ,ἰη-

413 3333 566 3388 terim
644 3336 825 3384 tamen
891 3329 1205 3385 necessaria
1265 3324 1428 3381 sunt?
1476 3323 1728 3380 Nonnulli
1791 3323 2000 3387 dicunt,

411 3428 650 3482 membra
683 3424 957 3496 genitalia,
994 3438 1113 3494 quae
1143 3422 1402 3476 videntur
1436 3418 1654 3490 quidem
1697 3420 1879 3473 minus
1903 3417 2000 3472 ho—

410 3527 561 3573 uesta
596 3525 650 3571 et
681 3515 938 3571 indecora
971 3509 1005 3568 ἰ
1059 3527 1227 3582 usque
1282 3515 1418 3567 adeo
1468 3519 1648 3564 autem
1690 3507 2000 3562 necessaria

405 3619 554 3674 sunt,
580 3617 638 3663 ut
673 3609 790 3664 sine
834 3607 923 3662 bis
952 3621 1019 3661 ne
1077 3605 1187 3659 vita
1236 3603 1454 3673 quidem
1509 3608 1762 3656 constare
1802 3597 2008 3669 queat?

409 3699 638 3768 Insuper
667 3697 925 3768 majorem
973 3694 1132 3767 199
1163 3694 1267 3750 illis
1314 3694 1575 3748 honorem
1627 3691 2000 3746 attribuimus.

408 3789 523 3844 Etsi
558 3790 700 3843 enim
733 3791 1022 3857 quisquam
1066 3797 1179 3842 toto
1229 3801 1459 3858 corpore
1513 3784 1689 3840 nudus
1741 3785 1834 3849 sit,
1895 3782 1998 3836 ista

409 3890 588 3936 tamen
624 3881 811 3934 nudari
842 3895 948 3934 non
982 3881 1202 3948 patitur.
1231 3877 1484 3934 Nonnulli
1517 3891 1646 3932 vero
1680 3891 1778 3946 per
1823 3874 1998 3929 imbe-

407 3971 620 4028 cilliora
640 3973 881 4042 quidem,
924 3971 1019 4025 sed
1051 3971 1361 4026 necessaria
1401 3981 1601 4032 tamen,
1628 3967 1815 4023 oculos
1842 3965 2000 4021 intel-

407 4063 603 4134 ligunt,
652 4064 893 4133 quicum
931 4061 1082 4122 parvi
1130 4061 1232 4116 sint
1289 4078 1350 4116 ac.
1385 4061 1604 4131 reliquis
1659 4061 1882 4114 artubus
1914 4059 1998 4111 in-

409 4157 702 4221 ﬁrmiores,
749 4156 1020 4227 imprimis
1083 4165 1264 4210 tamen
1325 4165 1451 4210 sunt
1509 4152 1832 4208 necessarii.
1898 4149 2000 4204 Per

407 4247 730 4318 ignobiliora
766 4263 898 4304 vero
921 4257 976 4304 et
999 4248 1316 4311 inhonesta,
1358 4248 1541 4316 pedes.
1592 4244 1791 4300 Oculos
1821 4244 2000 4312 itaque

410 4356 607 4412 magna
643 4356 772 4396 cura
797 4341 1105 4412 dignamur,
1127 4353 1227 4394 ceu
1279 4336 1602 4393 imbecillos.
1662 4336 1835 4391 Pedes
1879 4350 2000 4389 rur-

409 4447 504 4487 sus
531 4432 868 4503 contegimus
906 4439 961 4487 et
990 4429 1329 4493 obvelamus,
1365 4443 1428 4482 ac
1455 4426 1685 4482 sollicite
1727 4425 1832 4479 illis
1875 4439 1994 4493 pro-
2029 4438 2070 4494 ο

409 4525 690 4593 spicimus,
722 4523 969 4593 quamvis
996 4519 1253 4576 inferiore
1301 4519 1421 4573 loco
1452 4517 1630 4588 positi,
1669 4531 1731 4569 ac
1778 4515 1999 4569 honoris

411 4616 566 4669 vacui
603 4628 726 4669 esse
757 4615 1062 4668 videantur.
1109 4609 1316 4665 Poterit
1352 4619 1532 4662 autem
1591 4605 1858 4675 quispiam
1906 4604 1995 4660 hic

411 4714 533 4762 tres
559 4705 778 4760 ordines
805 4705 1100 4774 intelligere
1121 4706 1175 4758 in
1207 4702 1293 4758 his
1329 4716 1451 4773 qua:
1476 4700 1620 4755 dicta
1661 4707 1818 4763 sunt;
1842 4712 1993 4751 nem-

413 4813 506 4870 pe,
531 4799 642 4852 alia
676 4796 892 4867 quidem
924 4807 1048 4851 sunt
1076 4796 1288 4850 inﬁrma
1322 4805 1377 4849 et
1409 4792 1736 4856 necessaria,
1770 4800 1827 4843 ut
1851 4804 1988 4845 ocu-

412 4893 446 4948 li
475 4909 492 4948 :
521 4891 623 4947 alia
657 4902 784 4945 vero
821 4887 1045 4942 honoris
1065 4901 1256 4954 vacua,
1304 4895 1364 4941 ut
1412 4885 1575 4955 pedes
1626 4881 1767 4938 :alia
1815 4877 1991 4935 defor-

414 4988 518 5041 mia
550 4987 662 5040 sive
693 4984 998 5047 inhonesta,
1027 4990 1082 5034 ut
1122 4979 1396 5051 genitalia.

483 5075 650 5132 Vens.
680 5073 772 5129 24.
799 5093 816 5126 ι
845 5072 1084 5128 Honesta
1110 5081 1287 5125 autem
1319 5079 1502 5124 nostra
1533 5066 1734 5122 nullius
1755 5070 1935 5131 egent.
1969 5081 1990 5114 ι

411 5166 490 5223 Ne
521 5169 642 5236 quis
673 5166 839 5228 dicat,
865 5161 1125 5230 Quaenam
1159 5160 1274 5215 haec
1293 5169 1376 5213 est
1418 5159 1577 5222 ratio,
1607 5165 1663 5211 ut
1692 5151 1992 5225 prospicia-

413 5274 534 5312 mus
593 5259 897 5312 inhonestis
951 5263 1114 5324 atque
1179 5250 1520 5322 ignobilibus,
1581 5248 1811 5304 honesta
1857 5255 1990 5296 vero

414 5349 812 5418 despiciemus?
866 5345 981 5402 Non
1011 5347 1364 5416 despicimus,
1420 5343 1514 5408 ait,
1551 5341 1643 5396 sed
1697 5337 1790 5393 illa
1849 5333 1992 5389 nulla

413 5454 601 5500 nostra
648 5458 776 5497 cura
835 5456 971 5510 opus
1017 5439 1252 5504 habent;
1281 5446 1466 5506 utpote
1490 5449 1608 5506 qua:
1643 5433 1810 5487 decus
1838 5442 1991 5481 suum

416 5553 445 5589 a
479 5544 669 5590 natura
711 5534 929 5587 habent.

2190 1144 2207 1175 ι
2239 1127 2313 1178 Οὐ
2348 1126 2571 1181 δύναται
2599 1129 2654 1180 δὲ
2680 1130 2956 1201 ὀφθαλμὸς
2983 1134 3158 1188 είπεῖν
3191 1139 3257 1207 τῇ
3296 1139 3459 1208 χειρί·
3492 1139 3677 1210 Χρείαν

2114 1235 2206 1273 σου
2233 1219 2332 1271 οὐκ
2368 1221 2475 1290 ἔχω
2497 1237 2508 1249 °
2546 1221 2575 1288 ἦ
2603 1222 2764 1274 πάλιν
2793 1225 2823 1292 ἡ
2864 1227 3074 1294 κεφαλὴ
3136 1230 3248 1290 τοῖς
3303 1230 3432 1281 ποσί
3453 1246 3466 1258 ο
3491 1231 3676 1300 Χρείαν

2111 1313 2263 1381 ὑμῶν
2317 1313 2417 1365 οὐκ
2461 1312 2590 1383 ἔχω.
2648 1333 2665 1364 ι
2708 1317 3087 1380 Καταστείλας
3147 1319 3273 1381 τοὺς
3327 1320 3396 1371 τὰ
3436 1321 3676 1376 ἐλάττονα

2111 1405 2431 1476 χαρίσματα
2463 1407 2706 1478 ἔχοντας,
2743 1409 2837 1462 νῦν
2866 1411 3000 1481 πρὸς
3031 1413 3157 1476 τοὺς
3186 1412 3252 1467 τὰ
3288 1414 3514 1483 μείζονα
3542 1415 3679 1486 ἔχον-

2111 1517 2228 1563 τας,
2267 1500 2360 1552 καὶ
2386 1503 2895 1572 κατεπαιρομένους
2919 1504 3025 1555 τῶν
3053 1505 3485 1577 ὑποδεεστέρων,
3508 1507 3673 1562 διαλέ-

2109 1607 2290 1658 γεται.
2321 1592 2530 1662 Ὥσπερ
2564 1595 2693 1662 γὰρ,
2741 1595 2924 1662 φησιν,
2962 1596 3020 1646 οὺ
3082 1595 3306 1650 δύναται
3359 1600 3386 1650 ὁ
3416 1598 3675 1669 ὀφθαλμὸς

2110 1684 2290 1753 λέγειν
2327 1688 2438 1749 τοῖς
2473 1685 2679 1751 λοιποῖς
2707 1689 2894 1756 μέλεσι
2916 1705 2959 1740 ⁸(
2986 1690 3191 1758 Χρείαν
3223 1690 3378 1762 ὑμῶν
3400 1694 3500 1744 οὐκ
3527 1693 3629 1763 ἐχω
3654 1714 3670 1747 ι

2114 1776 2275 1848 (ὲνὺς
2301 1778 2409 1850 γὰρ
2441 1779 2735 1848 ἐνδέοντος,
2772 1783 3002 1852 χωλεύει
3027 1784 3088 1836 τὸ
3115 1785 3222 1838 πᾶν
3256 1785 3486 1856 σῶμα)·
3519 1785 3676 1847 οὕτως

2111 1870 2232 1924 οὐδὲ
2258 1870 2397 1924 οίτὰ
2431 1871 2658 1941 μείζονα
2717 1875 3005 1946 εἰληφότες
3056 1877 3376 1949 χαρίσματα
3435 1878 3675 1931 δύνανται

2111 1962 2435 2034 ἐπαίρεσθαι
2493 1963 2636 2018 κατὰ
2694 1965 2803 2019 τῶν
2835 1968 2905 2020 τὰ
2958 1967 3220 2022 ἐλάττονα
3260 1971 3563 2040 εἰληφότων
3617 1971 3674 2024 ’³.

2110 2057 2390 2129 Χρῄζουσι
2421 2058 2533 2129 γὰρ
2563 2059 2767 2124 αὐτῶν,
2801 2063 2874 2124 ὡς
2904 2062 3002 2116 οὑκ
3035 2062 3187 2125 ὄντες
3214 2063 3517 2136 αὐτάρκεις
3537 2065 3674 2116 αὐτοὶ

2114 2151 2264 2222 μόνοι
2297 2153 2396 2222 τὴν
2437 2152 2769 2223 Ἐκκλησίαν
2799 2154 3127 2222 οἰκοδομεῖν.
3161 2155 3360 2219 Καλῶς
3380 2155 3438 2209 δὲ
3464 2152 3584 2209 εἶπε
3605 2157 3676 2222 τὸ,

2115 2264 2134 2296 ι
2176 2245 2249 2299 Οὑ
2284 2245 2530 2300 δύναται.
2572 2265 2590 2299 ι
2626 2247 2748 2302 Κᾶν
2777 2247 2887 2317 γὰρ
2915 2248 3088 2302 πολλὰ
3137 2249 3286 2322 θέλῃ,
3347 2251 3534 2319 φησὶν,
3571 2251 3674 2304 ἀλλ’

2110 2339 2207 2409 οὐχ
2241 2337 2417 2404 οὕτως
2445 2339 2560 2411 ἔχει
2588 2341 2807 2409 φύσεως
2830 2342 2890 2394 τὸ
2916 2344 3169 2412 πρᾶγμα.

2184 2539 2202 2570 α
2253 2520 2415 2573 Ἀλλὰ
2446 2519 2626 2590 πολλῷ
2662 2521 2864 2591 μᾶλλον
2892 2523 2960 2575 τὰ
2989 2522 3254 2577 δοκοῦντα
3288 2523 3424 2595 μέλη
3458 2524 3556 2578 τοῦ
3582 2526 3672 2578 ad»

2111 2629 2279 2681 ματος
2311 2613 2677 2684 ἀσθενέστερα
2719 2614 3006 2686 ὑπάρχειν,
3043 2618 3316 2685 ἀναγκαῖά
3339 2618 3479 2672 ἐστι.
3523 2619 3623 2670 Καὶ
3645 2617 3675 2671 ἂ

2106 2702 2372 2772 δοκοῦμεν
2432 2703 2754 2776 ἁτιμὼτερα
2807 2701 2948 2759 εἶναι
2983 2706 3076 2760 τοῦ
3139 2706 3417 2774 σώματος,
3473 2708 3672 2772 τούτοις

2107 2794 2272 2862 τιμὴν
2299 2795 2698 2867 περισσοτέραν
2737 2795 3119 2868 περιτίθεμεν,
3147 2801 3242 2851 καὶ
3286 2801 3358 2851 τὰ
3399 2801 3670 2871 ἀσχήμονα

2106 2885 2264 2957 ἡμῶν
2288 2889 2681 2958 περισσοτέραν
2711 2890 2879 2958 τιμὴν
2915 2888 3051 2960 ἔχει.
3078 2906 3097 2943 ν
3136 2890 3252 2944 Νὗν
3280 2891 3578 2956 δείκνυσιν,
3601 2893 3671 2944 ὅτι

2106 2981 2200 3032 καὶ
2219 2978 2456 3050 χρειώδη
2483 2980 2579 3033 καὶ
2606 2981 2880 3049 ἀναγκαῖά
2902 2983 3009 3036 είσι
3029 2981 3100 3036 τὰ
3119 2981 3380 3037 δοκοῦντα
3402 2983 3664 3038 ἐλάττονα

2026 3089 2072 3154 c
2106 3071 2324 3125 δοκοῦσι
2363 3070 2472 3158 γαρ
2525 3071 2808 3140 ἐλάττονα,
2871 3073 2970 3127 οὐκ
3029 3074 3137 3128 είσὶ
3168 3074 3246 3129 δέ.
3303 3075 3440 3129 Τίνα
3479 3075 3541 3128 δέ
3569 3076 3670 3128 ἐστι

2105 3161 2304 3226 ταῦτα,
2329 3163 2398 3216 τὰ
2428 3163 2798 3234 ἀσθενέστερα
2823 3163 2922 3233 μὲν
2948 3163 3211 3218 δοκοῦντα
3231 3163 3326 3217 καὶ
3345 3163 3665 3236 ἀτιμώτερα,

2105 3261 2380 3329 ἀναγκαῖα
2417 3258 2474 3312 δὲ
2524 3258 2690 3325 δντα;
2741 3257 2898 3323 Τινὲς
2954 3259 3053 3330 μὲν
3080 3259 3151 3312 τὰ
3173 3259 3472 3330 γεννητικὰ
3521 3259 3669 3331 μόρια

2105 3369 2295 3422 φασιν,
2345 3350 2382 3405 ἃ.
2420 3350 2638 3404 δοκοῦσι
2697 3351 2798 3421 μὲν
2849 3351 3021 3422 ἄτιμα
3069 3347 3210 3406 εἶναι
3240 3352 3338 3406 καὶ
3359 3352 3663 3423 ἀσχήμοναο

2103 3440 2362 3496 τοσοῦτον
2383 3441 2441 3495 δέ
2470 3443 2612 3494 εἰσιν
2637 3442 2933 3510 ἀναγκαῖα,
2961 3441 3103 3495 ὥστε
3133 3444 3263 3496 ἄνευ
3288 3443 3470 3496 αὐτῶν
3494 3443 3607 3496 οὐδὲ
3641 3445 3665 3494 6

2105 3535 2219 3606 βίος
2247 3537 2414 3590 ἐστίν.
2461 3535 2622 3590 Ἀλλὰ
2672 3537 2768 3590 καὶ
2805 3535 2969 3607 τιμὴν
3025 3537 3425 3607 περισσοτέραν
3476 3535 3664 3596 τούτοις

2107 3630 2491 3701 περιτίθεμεν·
2519 3631 2626 3686 κᾶν
2657 3632 2768 3703 γὰρ
2790 3631 2998 3702 γυμνός
3025 3648 3107 3695 τις
3130 3631 3216 3702 εῐη
3249 3631 3372 3684 ὅλον
3408 3632 3471 3685 τὺ
3500 3631 3662 3700 σῶμα,

2103 3725 2279 3780 ταῦτά
2306 3742 2370 3795 γε
2404 3726 2506 3779 οὐκ
2533 3725 2786 3797 ἀνέχεται
2816 3724 3003 3795 γυμνὰ
3028 3725 3143 3797 ὲᾷν.
3193 3724 3351 3788 Τινὲς
3382 3724 3440 3779 δὲ
3463 3722 3662 3778 ἀσθενὲ-

2105 3835 2274 3889 στερα
2320 3819 2443 3889 μὲν,
2495 3819 2770 3887 ἀναγκαῖα
2820 3817 2902 3881 δὲ,
2955 3817 3081 3881 τοὺς
3125 3817 3446 3886 ὀφθαλμούς
3481 3828 3662 3885 φασιν·

2105 3912 2298 3982 μικροὶ
2343 3912 2454 3983 γὰρ
2490 3912 2644 3974 ὅντες
2679 3912 2774 3965 καὶ
2807 3911 2916 3965 τῶν
2945 3909 3122 3966 ἄλλων
3148 3909 3329 3982 μελῶν
3360 3909 3660 3964 ἀσθενέστε-

2106 4023 2211 4077 ροι,
2242 4007 2668 4076 ἀναγκαιότατοί
2711 4009 2874 4062 εἰσιν.
2917 4006 3262 4076 ’Δτιμὼτερα
3290 4004 3349 4059 δὲ
3389 4005 3485 4057 καὶ
3513 4002 3660 4071 ἀσχή-

2104 4119 2265 4172 μονα,
2297 4101 2424 4164 τοὺς
2473 4099 2665 4162 πόδας.
2700 4098 2839 4162 Tati;
2881 4115 2940 4152 τε
2973 4097 3070 4153 οὖν
3113 4096 3433 4167 ὀφθαλμοὺς
3482 4093 3660 4161 πολλῆς

2102 4192 2364 4264 ἀξιοῦμεν
2407 4192 2762 4263 κηδεμονίας,
2792 4192 2868 4256 ὡς
2907 4190 3186 4254 ἀσθενεῖς’
3233 4190 3330 4244 καὶ
3357 4189 3487 4252 τοὺς
3515 4185 3658 4244 πόδας

2101 4285 2158 4339 δὲ
2189 4286 2258 4341 αὖ
2278 4287 2555 4356 σκέπομεν
2580 4286 2676 4340 καὶ
2703 4286 2964 4357 προνοίας
2999 4281 3288 4356 ἀξιοῦμεν,
3318 4282 3499 4336 καίτοι
3525 4279 3654 4332 κάτω

2101 4383 2406 4453 κειμένους,
2444 4383 2542 4436 καὶ
2570 4380 2803 4450 ἀτίμους
2853 4378 3168 4441 δοκοῦντας.
3220 4377 3459 4430 Δύναται
3505 4373 3555 4422 δέ
3581 4379 3651 4423 τις

2106 4475 2300 4545 νοῆσαι
2323 4474 2474 4545 τρεῖς
2506 4472 2691 4540 τάξεις
2713 4473 2769 4526 ὲν
2790 4473 2905 4536 τοῖς
2924 4471 3244 4542 λεγομένοις
3268 4470 3314 4502 ⁸⁸
3335 4483 3348 4498 °
3380 4468 3447 4522 ὗς
3477 4457 3540 4512 τὰ
3568 4455 3650 4525 μὲν

2104 4572 2304 4642 ἀσθενῆ
2333 4567 2470 4626 εἶναι
2494 4572 2589 4626 καὶ
2609 4571 2904 4639 ἀναγκαῖα,
2928 4567 3181 4636 καθάπερ
3205 4564 3253 4610 (ἀ
3277 4552 3568 4624 ὀφθαλμοί·
3595 4547 3654 4600 τά

2099 4665 2158 4718 δὲ
2183 4665 2376 4735 ἄτιμα,
2412 4663 2667 4736 καθάπερ
2692 4665 2742 4718 οἱ
2768 4663 2928 4726 πόδες
2952 4675 2965 4689 ·
2989 4661 3054 4714 τὰ
3085 4659 3142 4711 ὗε
3166 4650 3472 4720 ἀσχήμονα,
3499 4642 3650 4698 καθά-

2098 4773 2205 4829 περ
2225 4757 2294 4813 τὰ
2319 4758 2640 4828 γεννητικὰ.

2170 5047 2189 5079 ι
2226 5026 2306 5079 Τὰ
2319 5025 2376 5078 δὲ
2408 5021 2720 5092 εὐσχήμονα
2750 5017 2910 5089 ἡμῶν
2943 5014 3004 5068 οὐ
3039 5012 3230 5085 χρείαν
3263 5011 3397 5082 ἔχει.
3425 5025 3444 5059 ι
3479 5005 3585 5057 ἰνα
3609 5001 3649 5031 ⁹⁶

2095 5121 2170 5193 μή
2200 5136 2282 5183 τις
2314 5118 2442 5186 εῐπῃ
2467 5133 2485 5150 ⁸
2515 5113 2622 5171 Καὶ
2666 5115 2816 5175 ποῖος
2867 5102 3028 5173 οὗτος
3080 5106 3260 5175 λόγος,
3293 5103 3527 5193 προνοεῖν
3553 5094 3646 5148 τῶν

2095 5191 2422 5288 ἀσχημόνων
2460 5213 2554 5265 καὶ
2581 5208 2812 5279 ἀτίμων,
2849 5201 3213 5272 καταφρονεῖν
3238 5197 3296 5250 δὲ
3329 5195 3434 5248 τῶν
3466 5191 3644 5288 εὐσχη·

2103 5281 2316 5382 μόνῷνς
2344 5306 2419 5360 Οὐ
2450 5300 2922 5374 καταφρονοῦμεν,
2954 5298 3142 5368 φησιν,
3195 5291 3312 5346 ἀλλ’
3356 5289 3528 5382 ἐκεῖνα
3565 5281 3646 5334 oi»

2100 5381 2248 5465 δενὸς
2279 5401 2338 5463 ἐξ
2363 5397 2522 5468 ἡμῶν
2543 5395 2776 5458 δέονται,
2809 5387 2968 5461 φύσει
2998 5389 3057 5441 τὸ
3087 5385 3362 5457 εῡσχημον
3393 5381 3586 5451 ἔχοντα.

1749 5685 1946 5746 Variae
2003 5681 2331 5745 lectiones.

484 5823 530 5855 “
560 5819 790 5892 ἐχόντων
818 5833 869 5874 o.
945 5819 990 5852 ⁸⁵
1016 5815 1342 5889 σωζομένοις
1375 5828 1426 5869 o.
1503 5813 1548 5846 ⁸⁸
1572 5809 1932 5880 καταστολῆς,
1973 5808 2048 5870 ὡς
2087 5808 2147 5860 τὸ
2194 5802 2508 5875 πρόσωπον,
2545 5799 2599 5852 αἱ
2634 5797 2816 5868 χεῖρες
2842 5813 2854 5826 ι
2894 5794 2982 5848 ἵνα
3027 5790 3136 5861 γάρ
3168 5804 3228 5845 o.
