3806 6606
116 505 202 571 72!

779 504 1181 566 EXPOSITIO
1220 506 1302 566 IN
1341 505 1576 565 EPIST.
1612 503 1638 563 Ι
1678 504 1775 563 AD
1816 503 1981 566 COR.
2018 505 2266 568 -CAP.
2311 504 2453 567 ΧΠ.

3218 510 3333 573 7ἓὲ

177 635 193 666 ι
241 612 369 666 Ἀλλ’
398 613 425 666 ὁ
452 611 580 678 Θεὸς
612 614 945 686 συνεκέρασε
990 620 1049 672 τδ
1083 619 1262 692 σῶμα.
1309 641 1326 673 ι
1375 621 1535 675 Ὥστε
1587 621 1634 673 εί

1817 640 1845 699 «ν
1880 619 1984 675 Sed
2017 622 2157 678 Deus
2184 624 2343 680 simul
2390 627 2704 695 temperavit
2755 642 2972 698 corpus.
3017 646 3037 679 ι
3068 627 3148 682 'Si
3197 645 3329 699 ergo

117 706 430 775 συνεκέρασε,
459 705 546 757 καὶ
588 705 646 757 ἓν
691 704 938 776 ἐποίησε·
970 710 1031 763 τὸ
1056 710 1165 782 γὰρ
1198 710 1553 783 κιρνώμενον,
1583 712 1640 764 ἓν

1768 715 2088 782 empcravit,
2120 724 2232 770 tum
2268 731 2436 771 unum
2471 717 2639 773 fecit:
2676 720 2814 789 quod
2858 720 3000 775 enim
3047 722 3327 786 miscetur,

114 800 313 867 γίνεται·
361 796 451 851 καὶ
484 795 583 851 ποῦ
617 796 803 852 λοιπὸν
833 800 893 853 ὲν
924 801 1001 872 τῷ
1032 803 1113 856 ἐνὶ
1147 802 1208 858 τδ
1247 803 1427 875 μεῖζον
1465 805 1557 858 καὶ
1584 805 1643 857 τὸ

1768 821 1908 860 mum
1944 806 2022 863 fit.
2054 807 2117 862 Et
2153 808 2241 863 ubi
2277 809 2533 878 deinceps
2563 810 2614 865 iu
2651 827 2759 867 uno
2800 817 2972 882 majus
3009 821 3064 868 et
3106 814 3324 869 minus?

114 890 302 942 ἔλαττον
318 906 331 953 ;

174 999 191 1032 ι
225 980 306 1051 Τῷ
350 979 663 1050 ὑστεροῦντι
712 985 1109 1056 περισσοτέραν
1164 985 1286 1049 δοὺς
1325 988 1510 1057 τιμὴν,
1557 985 1645 1039 ἵνα

115 1072 174 1141 μὴ
291 1070 558 1140 σχίσματα
613 1072 672 1125 ἐν
718 1072 797 1144 τῷ
851 1072 1088 1144 σώματι.
1123 1093 1142 1126 ι
1200 1076 1314 1128 Ούκ
1361 1072 1505 1141 εἷπε,
1554 1074 1646 1147 Τῷ

112 1165 368 1232 ἁσχήμονι,
415 1163 451 1235 ἢ
487 1161 566 1233 τῷ
618 1163 824 1235 ἀτίμῳ,
865 1165 1022 1231 ἀλλὰ,
1064 1158 1087 1217 ι
1117 1166 1207 1238 Τῷ
1244 1166 1581 1237 ὑστεροῦντι.
1622 1186 1640 1219 ι

112 1255 250 1309 υὺδὲν
278 1254 382 1325 γὰρ
418 1254 578 1324 φύσει
609 1256 858 1328 ἄσχημον
893 1258 926 1330 ἢ
973 1259 1187 1330 ἄτιμον.
1223 1260 1644 1331 Περισσοτέραν,

110 1347 240 1415 φησι,
260 1346 450 1400 δέδωκε
479 1349 646 1420 τιμὴν
670 1340 750 1420 τῷ
783 1350 1120 1420 ὑστεροῦντι.
1151 1352 1242 1424 Μὴ
1273 1353 1453 1407 τοίνυν
1477 1354 1649 1424 ἀλγῇς

108 1434 247 1487 πλέον
270 1435 541 1506 τιμηθείς.
581 1437 694 1493 Kal
740 1439 776 1511 ἡ
826 1440 997 1501 αίτία.
1032 1441 1119 1499 ῖνα
1154 1444 1231 1513 μὴ
1332 1444 1389 1496 ἐν
1422 1442 1501 1511 τῷ
1541 1442 1652 1500 σώ-

111 1544 219 1597 ματι
245 1527 532 1599 σχίσματα.
566 1531 630 1584 Et
654 1531 764 1603 γὰρ
791 1531 860 1586 τὰ
890 1534 990 1603 μὲν
1021 1535 1115 1587 καὶ
1141 1538 1249 1590 ἀπὸ
1276 1537 1377 1606 τῆς
1408 1536 1644 1606 φύσεως,

109 1622 181 1672 καὶ
202 1620 297 1674 ἀπὺ
318 1623 422 1692 τῆς
458 1624 734 1696 ἡμετέρας
759 1625 1125 1698 ἐθεραπεύετο
1168 1627 1450 1701 προνοίας·
1492 1629 1562 1682 τὰ
1592 1629 1648 1683 δὲ

107 1711 204 1765 οὑδὶ
226 1713 316 1783 τῆς
347 1731 424 1768 πα
434 1714 483 1786 ρ’
514 1716 672 1786 ἡμῶν
693 1715 908 1787 ἠξιοῦτο
936 1719 1283 1790 κηδεμονίας,
1313 1719 1651 1792 ἀπεσχίσθηο

109 1820 190 1856 σαν
209 1805 268 1858 ἂν
292 1807 562 1879 ἀλλήλων,
593 1811 668 1880 μὴ
697 1811 969 1884 δυνάμενα
994 1812 1180 1884 φέρειν
1211 1813 1301 1867 τὸν
1329 1813 1648 1884 σύνδεσμον·

108 1897 518 1966 ἀποσχισθέντων
555 1901 613 1955 δὲ
643 1903 871 1970 τούτων,
902 1904 994 1958 καὶ
1026 1904 1094 1958 τὰ
1130 1904 1292 1959 λοιπὰ
1323 1906 1389 1960 ἂν
1419 1906 1647 1978 ἐϐλάϐη,

107 1980 182 2033 ἅτε
205 1982 289 2036 τοῦ
317 1984 573 2057 σώματος
601 1991 943 2062 σχιζομένου.
972 1994 1065 2066 Μὴ
1095 1994 1276 2050 τοίνυν
1303 1997 1436 2068 μηδὲ
1464 1997 1646 2067 ὑμεῖς,
1681 1983 1722 2043 Β

106 2070 261 2137 φησὶν,
293 2074 341 2125 oi
373 2077 449 2128 τὰ
477 2078 648 2144 μείζω
669 2079 881 2150 ἔχοντες
908 2083 1241 2155 χαρίσματα,
1277 2085 1648 2159 ὲπεμὸαίνητε

104 2164 196 2225 τοῖς
226 2165 522 2236 ἐλάττοσιν,
563 2170 650 2224 ἵνα
691 2171 766 2244 μὴ
799 2173 1025 2228 ἐκείνων
1053 2177 1522 2249 ἀποσχιζομένων,
1555 2180 1653 2235 καὶ

105 2255 252 2323 ὑμεῖς,
264 2256 521 2331 βλαϐῆτε,

159 2364 177 2398 ι
218 2349 368 2405 Ἀλλὰ
413 2356 478 2407 τὸ
514 2358 649 2412 αὐτὸ
691 2361 832 2431 ὑπὲρ
872 2361 1120 2434 ἀλλήλων
1152 2362 1462 2435 μεριμνῶσι
1490 2364 1541 2397 ’⁷
1580 2363 1653 2418 τὰ

105 2440 237 2514 μέλη.
271 2463 290 2498 ι
338 2447 417 2500 Οὐ
452 2449 634 2519 μόνον,
687 2456 872 2526 φησιν,
913 2456 1001 2510 ἵνα
1051 2457 1126 2527 μὴ
1172 2456 1539 2529 ἀποσχίζηται
1584 2458 1652 2512 τὰ

104 2533 235 2605 μέλη,
265 2537 378 2591 ἀλλ’
422 2540 514 2596 ἶνα
559 2545 653 2597 καὶ
690 2547 724 2617 ἡ
772 2546 959 2619 ἀγάπη
1063 2549 1232 2619 πολλὴ
1268 2550 1365 2603 καὶ
1404 2550 1650 2621 ὁμόνοια.

103 2625 192 2679 Καὶ
214 2630 239 2680 ὁ
270 2630 469 2699 μέγας,
502 2633 645 2706 ὑπὲρ
685 2636 780 2691 τοῦ
809 2639 1007 2710 μικροῦ
1045 2640 1322 2710 φροντίζει
1355 2641 1453 2696 καὶ
1498 2659 1653 2713 μερι-

105 2720 209 2789 μνᾷ,
241 2723 335 2799 οὐχ
383 2724 595 2791 ἁπλῶς,
626 2727 761 2781 ἀλλὰ
785 2730 846 2782 τὸ
877 2730 1010 2784 αὑτό
1036 2747 1048 2762 ·
1086 2732 1388 2795 τουτέστιν,
1424 2732 1513 2786 ἵνα
1549 2733 1654 2803 τῆς

98 2812 241 2882 αὐτῆς
264 2814 341 2885 τῷ
386 2817 606 2890 μεγάλῳ
636 2821 892 2892 προνοίας
922 2822 1173 2897 ἀπολαύῃ
1216 2826 1310 2877 καὶ
1359 2826 1387 2878 ὁ
1434 2823 1651 2895 μικρός.

99 2902 228 2958 Οὕτω
282 2906 422 2973 γοῦν
470 2911 715 2982 ἀκάνθης
766 2913 1138 2984 ἐμπεσούσης,
1193 2916 1290 2970 καὶ¹
1341 2917 1408 2987 τῇ
1449 2915 1659 2989 πτέρνῃ

100 2995 445 3073 ἐμπαγείσης,
485 3002 606 3057 ὅλον
631 3004 692 3058 τὸ
723 3004 881 3075 σῶμα
911 3006 1229 3060 αἰσθάνεται
1263 3007 1365 3062 καὶ
1389 3010 1651 3081 μεριμνᾷ·

101 3091 278 3162 κεφαλὴ
320 3092 545 3155 κύπτει.
571 3094 739 3159 νῶτος
774 3098 1197 3168 συγκάμπτεται
1221 3099 1288 3169 ’⁸,
1321 3101 1537 3173 γαστὴρ
1560 3102 1655 3156 καὶ

103 3181 244 3251 μηροὶ
286 3185 691 3253 συστέλλονται,
736 3186 1005 3259 ὀφθαλμοὶ
1046 3189 1216 3259 ὁρῶσι
1271 3190 1413 3261 μετὰ
1451 3190 1655 3262 πολλῆς

100 3274 180 3343 τῆς
204 3279 504 3348 φροντίδος,
536 3270 713 3354 χεῖρες
763 3282 1039 3356 ἐξαιροῦσι
1078 3286 1139 3339 τὸ
1173 3286 1372 3356 παγέν.
1417 3286 1527 3340 Kal
1563 3284 1657 3338 ἐπὶ

100 3366 190 3419 τῶν
213 3369 389 3425 ἄλλων
417 3374 639 3442 ὁμοίως.

164 3478 181 3509 ι
214 3462 319 3516 Kal
377 3465 487 3518 εἴτε
530 3467 724 3537 πάσχει
771 3467 831 3522 ἓν
886 3469 1067 3541 μέλος,
1120 3470 1432 3542 συμπάσχει
1476 3470 1658 3525 πάντα

100 3549 154 3602 τὶι
180 3553 307 3626 μέλη
345 3571 358 3584 ·
400 3558 510 3610 εἴτε
542 3558 819 3625 δοξάζεται
854 3560 912 3615 ἒν
949 3563 1129 3633 μέλος,
1160 3565 1445 3636 συγχαίρει
1480 3564 1659 3618 πάντα

105 3641 163 3695 τὰ
191 3645 347 3719 μέλη.
387 3667 404 3699 ι
454 3647 521 3701 ἸΙ
552 3651 658 3721 γὰρ
689 3653 927 3726 ἀκριϐὴς
962 3655 1174 3719 ἓνωσις,
1206 3657 1392 3721 κοινὰς
1422 3660 1658 3711 ποιεῖται

100 3734 183 3796 τὰς
225 3740 533 3810 συμφορὰς,
567 3743 659 3795 καὶ
707 3743 805 3808 τὰς
856 3746 1258 3817 εὐδοκιμήσεις.
1298 3748 1454 3802 Οὖτω
1504 3750 1656 3818 γοῦν,

102 3825 162 3890 ὡς
184 3827 425 3902 εἴπομεν,
460 3833 559 3901 τῆς
588 3836 827 3907 πτέρνης
850 3837 1146 3910 πλαγείσης
1169 3840 1235 3912 [Γ.
1262 3838 1453 3912 πληγ.]
1482 3841 1662 3897 πάντα

105 3923 417 3995 σύμ-πάσχει·
454 3926 638 3991 πάλιν,
678 3928 1037 3998 στεφανοῦται
1082 3932 1115 4001 ἡ
1159 3931 1388 4003 κεφαλὴ,
1427 3934 1522 3986 καὶ
1546 3937 1660 3999 τοῖς

103 4011 282 4078 λοιποῖς
314 4018 501 4086 μέλεσι
527 4018 651 4084 δόξα
681 4023 773 4074 καὶ
805 4025 973 4093 χαρὰ,
1019 4024 1287 4095 ὀφθαλμοί
1337 4030 1443 4080 εἱσι
1480 4027 1669 4093 καλοὶ,

104 4108 262 4161 καὶτὸ
288 4112 398 4163 πᾶν
432 4112 592 4182 σῶμα
621 4111 768 4167 δοκεῖ
802 4116 985 4170 καλόν.

165 4300 181 4332 ι
227 4284 414 4356 Ὑμεῖς
458 4288 519 4341 δέ
571 4290 694 4343 ἐστε
747 4290 906 4362 σῶμα
952 4292 1215 4362 Χριστοῦ,
1271 4295 1366 4348 καὶ
1417 4297 1553 4369 μέλη
1595 4300 1657 4352 ἐκ

108 4374 307 4443 μέρους.
351 4400 370 4434 ι
422 4381 539 4434 Ἵνα
597 4383 673 4452 μὴ
704 4385 931 4438 εἴπωσι·
985 4386 1049 4438 Τί
1087 4386 1223 4457 πρὸς
1270 4390 1417 4459 ἡμᾶς
1452 4391 1512 4443 τὸ
1560 4392 1656 4445 τοῦ

105 4464 337 4535 σώματος
368 4474 605 4527 καὶτῶν
661 4476 839 4546 μελῶν
887 4478 1276 4551 παράδειγμα;
1335 4488 1520 4552 φησὶν,
1570 4485 1656 4538 ὅτι

106 4560 200 4611 Καὶ
238 4561 395 4632 ὑμεῖς
427 4567 548 4618 ὲστε
583 4567 739 4638 σῶμα
767 4569 1006 4640 Χριστοῦ
1055 4572 1150 4625 καὶ
1193 4573 1349 4642 μέλη·
1387 4574 1550 4643 ὥστε,
1606 4579 1655 4631 εί

1821 983 1983 1041 Vens.
2018 985 2106 1041 25.
2149 1006 2167 1039 ι
2211 986 2274 1041 Et
2309 987 2394 1041 cui
2464 986 2671 1054 deerat,
2723 989 3175 1045 abundantiorem
3229 991 3327 1045 tri-

1748 1077 1958 1131 lmendo
2018 1077 2300 1141 honorem,
2333 1092 2398 1132 ne
2441 1077 2732 1132 schismata
2785 1077 2895 1133 sint
2925 1077 2976 1132 in
3012 1092 3261 1148 corpore.
3302 1097 3322 1130 ι

1748 1165 1863 1221 Non
1895 1165 2054 1232 dixit,
2086 1166 2323 1223 Deformi
2356 1176 2410 1221 et
2459 1167 2703 1237 ignobili,
2729 1166 2847 1234 sed,
2884 1185 2904 1219 ι
2944 1167 3223 1223 Deficienti
3255 1187 3270 1225 :
3303 1187 3326 1222 ι

1749 1260 1879 1315 nihil
1915 1263 2057 1316 enim
2098 1270 2288 1315 natura
2320 1261 2665 1316 inh0nestum
2695 1270 2786 1315 aut
2819 1260 3082 1331 ignobile.
3114 1261 3329 1315 Exube-

1750 1355 2067 1420 rantiorcm,
2105 1355 2296 1423 inquit,
2332 1354 2589 1423 impertiit
2621 1353 2880 1408 honorem
2928 1353 2976 1409 ei
3006 1354 3095 1424 qui
3122 1355 3330 1409 deerat.

1750 1447 1829 1503 Ne
1885 1449 2049 1519 igitur
2103 1447 2310 1512 doleas.
2373 1463 2494 1503 cum
2549 1447 2739 1518 majori
2792 1448 2999 1505 honore
3053 1444 3330 1506 alliciaris.

1750 1539 1925 1593 Causa
1960 1547 2063 1602 est,
2096 1552 2164 1592 ne
2190 1536 2482 1593 schismata
2513 1536 2623 1593 sint
2671 1535 2725 1590 in
2759 1550 3009 1603 corpore.
3073 1532 3131 1589 Si
3181 1536 3326 1589 enim

1751 1632 1856 1686 alia
1902 1630 2117 1701 quidem
2165 1641 2219 1685 et
2256 1644 2288 1685 a
2348 1638 2543 1685 natura
2582 1636 2637 1685 et
2665 1641 2694 1682 a
2751 1636 2936 1682 nostra
2991 1625 3330 1696 providentia

1751 1735 1936 1779 curata
1971 1733 2175 1785 essent.
2211 1723 2314 1778 alia
2347 1737 2475 1779 vero
2507 1736 2572 1779 ne
2605 1730 2790 1779 nostra
2814 1722 3030 1792 quidem
3070 1720 3334 1776 sollicitu-

1750 1815 1878 1870 dine
1906 1815 2121 1887 dignata
2147 1824 2350 1881 essent,
2392 1813 2563 1869 divisa
2595 1812 2824 1868 fuissent
2863 1812 3006 1867 inter
3030 1825 3089 1866 se
3121 1821 3329 1876 mutuo,

1752 1922 2052 1964 connexum
2095 1906 2239 1963 ferre
2288 1923 2392 1961 non
2445 1904 2705 1961 valentia.
2736 1902 2833 1961 His
2884 1918 3014 1959 vero
3067 1903 3330 1967 discissis,

1752 2013 1927 2069 neque
1961 1998 2165 2067 reliqua
2196 1997 2623 2069 permansissent
2643 1996 2817 2063 salva,
2840 2009 2939 2051 ceu
2965 2008 3192 2064 corpore
3214 1993 3327 2064 jam

1750 2101 1899 2148 secto
1923 2106 1987 2147 ac
2015 2092 2206 2147 scisso.
2241 2088 2318 2145 Ne
2357 2090 2520 2161 igitur
2541 2103 2642 2144 vos
2689 2086 2987 2158 majoribus
3029 2084 3332 2141 charisma-

1753 2185 1897 2241 tihus
1919 2185 2154 2240 decorati
2204 2183 2471 2254 insurgite
2516 2183 2569 2236 in
2619 2179 2931 2249 inferiores,
2983 2194 3051 2234 ne
3111 2178 3335 2234 resectis

1753 2276 1862 2332 illis
1888 2290 1983 2332 vos
2009 2275 2394 2331 detrimentum
2423 2272 2733 2344 patiamini.

1828 2387 1847 2421 ι
1890 2365 1995 2423 Sed
2037 2367 2178 2423 idem
2206 2374 2303 2436 pro
2322 2381 2380 2422 se
2404 2375 2587 2421 mutuo
2610 2364 2841 2421 sollicita
2873 2364 2981 2418 sint
3008 2362 3271 2417 membra.
3310 2379 3328 2411 ι

1752 2459 1868 2516 Non
1913 2459 2109 2523 solum,
2145 2458 2339 2529 inquit,
2402 2468 2593 2513 utnon
2651 2456 3040 2512 ahscindantur
3093 2453 3337 2509 membra

1753 2566 1817 2607 ac
1847 2552 2165 2616 dissideant,
2201 2564 2386 2606 verum
2417 2557 2474 2604 ut
2532 2548 2748 2602 dilectio
2781 2547 2851 2601 sit
2905 2544 3071 2600 multa
3101 2556 3156 2598 et
3197 2558 3334 2597 con-

1753 2643 1963 2698 cordia.
2002 2640 2067 2695 Et
2095 2641 2186 2710 qui
2221 2639 2393 2707 major
2433 2646 2537 2704 est,
2570 2635 2794 2691 minoris
2839 2650 3026 2689 curam
3064 2633 3225 2705 gerit,
3253 2641 3337 2686 at-

1753 2750 1861 2807 que
1882 2733 2144 2789 sollicitus
2170 2741 2277 2796 est,
2330 2745 2438 2784 non
2492 2728 2831 2799 simpliciter,
2867 2726 2963 2782 sed
3019 2725 3198 2789 idem;
3230 2724 3336 2778 hoc

1754 2838 1837 2885 est
1891 2836 1950 2882 ut
1981 2825 2167 2883 eadem
2199 2837 2348 2887 sane,
2378 2836 2485 2892 qua
2532 2832 2783 2888 magnus,
2813 2816 3150 2889 providentia
3191 2814 3336 2869 frua-

1757 2931 1843 2977 tur
1864 2929 1918 2975 et
1946 2919 2142 2974 minor.
2180 2914 2263 2971 lta
2317 2914 2471 2984 spina
2522 2912 2798 2968 incidente
2828 2910 3195 2978 calcaneoque
3246 2908 3332 2961 in-

1758 3012 1885 3076 fixa,
1919 3020 2089 3066 totum
2132 3022 2329 3079 corpus
2371 3006 2543 3069 sentit
2585 3013 2639 3059 et
2689 3002 2980 3059 sollicitum
3017 3008 3137 3066 est;
3178 3004 3339 3068 caput

1756 3121 1815 3162 se
1856 3104 2103 3166 inclinat,
2157 3102 2381 3158 dorsum
2427 3098 2748 3164 inflectitur,
2785 3104 2982 3152 venter
3015 3102 3072 3149 et
3127 3091 3336 3147 femora

1757 3194 2169 3256 contrahuntur,
2199 3190 2341 3246 oculi
2376 3190 2542 3244 multa
2573 3203 2695 3243 cum
2718 3185 3084 3243 sollicitudine
3119 3184 3340 3238 intuen-

1761 3297 1871 3354 tur,
1900 3301 2088 3341 manus
2142 3283 2286 3354 quod
2326 3283 2549 3338 inﬁxum
2591 3292 2707 3337 erat
2732 3280 2996 3335 eximunt.
3028 3278 3095 3333 Et
3124 3278 3190 3333 de
3232 3291 3339 3331 ca:-

1763 3379 1894 3434 teris
1922 3375 2195 3432 similiter.

1829 3468 1995 3525 Vsus.
2018 3466 2108 3522 26.
2148 3485 2167 3518 ι
2205 3464 2266 3518 Et
2293 3464 2406 3519 sive
2427 3461 2631 3533 patitur
2649 3474 2814 3515 unum
2843 3459 3168 3521 membrum,
3190 3470 3339 3511 com.

1759 3561 2036 3629 patiuntur
2071 3556 2251 3611 omnia
2303 3553 2544 3608 membra
2576 3568 2592 3607 :
2621 3552 2738 3607 sive
2780 3547 3113 3620 glorificatur
3171 3561 3336 3600 unum

1760 3650 2082 3713 membrum,
2132 3648 2471 3718 congaudent
2523 3644 2707 3698 omnia
2765 3642 2930 3713 200
2979 3638 3239 3695 membra.
3312 3655 3331 3687 ι

1761 3743 1959 3799 Exacta
2002 3740 2143 3797 enim
2181 3739 2490 3810 conjunctio
2518 3750 2833 3793 communes
2888 3733 3019 3788 facit
3047 3730 3333 3787 calamita-

1765 3846 1843 3890 tes
1872 3843 1928 3889 et
1955 3834 2177 3905 glorias.
2228 3830 2478 3896 Proinde,
2516 3839 2577 3884 ut
2620 3828 2733 3897 jam
2776 3826 3032 3889 diximus,
3081 3822 3335 3879 calcaneo

1762 3930 2069 3993 vulnerato,
2111 3936 2280 3980 totum
2311 3939 2510 3994 corpus
2536 3922 2818 3997 condolet:
2847 3932 3081 3983 rursum,
3107 3916 3153 3972 si
3176 3926 3337 3983 caput

1761 4032 2071 4088 coronetur,
2105 4019 2328 4090 reliquis
2361 4019 2486 4074 inde
2514 4016 2773 4072 membris
2804 4023 2859 4069 et
2891 4012 3064 4083 gloria
3110 4020 3164 4064 et
3202 4024 3335 4080 gaua

1760 4116 1906 4170 dium
1934 4112 2194 4183 emergit;
2229 4110 2368 4166 oculi
2400 4118 2527 4166 sunt
2546 4107 2782 4180 pulchri,
2817 4120 2881 4160 ac
2928 4112 3098 4159 totum
3141 4114 3339 4170 corpus

1762 4206 2054 4261 formosum
2089 4211 2330 4274 apparet.

1831 4297 1995 4353 Vsus.
2025 4295 2115 4351 27.
2159 4314 2178 4347 ι
2237 4293 2342 4350 Vos
2367 4303 2558 4348 autem
2606 4293 2737 4348 estis
2786 4303 2985 4359 corpus
3014 4285 3238 4349 Christi,
3284 4295 3339 4339 et

1762 4390 1997 4445 membra
2032 4402 2098 4441 ex
2134 4396 2304 4457 parte.
2341 4395 2368 4438 ι’
2399 4384 2480 4440 Ne
2503 4384 2708 4448 dicant,
2738 4381 2943 4452 Ecquid
2989 4379 3057 4434 ad
3085 4393 3184 4432 nos
3211 4370 3340 4432 curé

1761 4482 1905 4553 poris
1938 4490 1992 4537 et
2034 4481 2399 4534 membrorum
2451 4474 2786 4531 similitudo?
2842 4473 2974 4537 Imo,
3014 4471 3209 4540 inquit,
3244 4484 3339 4523 vos

1760 4574 1891 4630 estis
1922 4587 2119 4641 corpus
2140 4570 2343 4625 Christi
2368 4577 2420 4623 et
2452 4568 2721 4623 membra.
2746 4565 2926 4632 Quare
2955 4564 3002 4619 si
3039 4563 3335 4617 humanum

42 4710 45 4715 Α
103 4650 155 4700 τὸ
180 4653 514 4724 ἀνθρώπινον
543 4660 699 4725 σῶμα
725 4661 784 4712 οὐ
809 4660 890 4713 δεῖ
914 4662 1248 4729 στασιάζειν,
1284 4664 1433 4734 πόσῳ
1460 4666 1654 4736 μᾶλλον

1768 4679 1957 4733 corpus
1982 4678 2090 4717 non
2122 4672 2368 4732 oporteat
2406 4675 2438 4714 a
2466 4673 2526 4716 se
2558 4657 2872 4719 dissentire,
2905 4664 3107 4726 quanto
3157 4653 3338 4707 minus

104 4745 156 4796 τὸ
192 4745 280 4798 τοῦ
312 4747 578 4818 Χριστοῦ;
622 4748 839 4820 Ἐπειδὴ
879 4752 935 4804 δὲ
979 4754 1079 4807 οὐκ
1126 4754 1282 4808 αὐτοὶ
1319 4757 1473 4826 μόνοι
1532 4775 1657 4811 συν-

102 4832 362 4904 επλήρουν
387 4836 444 4888 τὸ
479 4836 637 4906 σῶμα
671 4837 763 4890 τοῦ
793 4840 1057 4908 Χριστοῦ,
1091 4843 1204 4897 ἀλλ’
1233 4847 1280 4898 οἱ
1305 4846 1362 4898 ὲν
1399 4849 1547 4919 πάσῃ
1588 4851 1663 4921 τῇ

104 4932 378 5006 οἰκουμένῃ
409 4935 622 4987 πιστοί·
654 4935 960 5009 προσέθηκε
993 4940 1071 5005 τὸ,
1129 4958 1147 4991 ι
1187 4942 1293 4996 Καὶ
1338 4944 1494 5014 μέλη.
1536 4965 1554 4996 ι
1595 4948 1658 5000 Εί

104 5024 205 5094 γὰρ
228 5025 318 5077 καὶ
349 5027 421 5096 μὴ
468 5026 628 5098 σῶμα
657 5028 954 5101 ὀλόκληρον
1001 5027 1161 5113 ἦσαν,
1211 5035 1326 5089 ἀλλ’
1357 5036 1449 5092 οῦν
1493 5038 1655 5109 μέλη·

107 5114 193 5163 καὶ
221 5116 404 5181 ταῦτα,
442 5139 459 5170 ι
490 5122 554 5172 ὲκ
590 5120 811 5191 μέρους,
841 5143 860 5175 ι
897 5126 1167 5194 τουτέστι,
1199 5129 1375 5182 πάντα
1400 5130 1467 5183 τὰ
1496 5132 1656 5203 μέλη,

106 5203 213 5256 ἀλλ’
242 5208 298 5260 ἐκ
328 5210 546 5279 μέρους.
581 5213 737 5271 Κατὰ
772 5215 871 5283 μὲν
897 5215 1006 5289 γὰρ
1032 5217 1130 5288 τὴν
1159 5219 1216 5272 ἐν
1247 5220 1376 5291 ὑμῖν
1424 5221 1656 5292 Ἐκκλη-

109 5295 244 5360 σίαν,
276 5300 427 5370 σῶμα
454 5302 690 5372 Χριστοῦ
724 5306 869 5371 ἐστε,
895 5306 970 5369 ὡς
1005 5307 1299 5380 ὁλόκληρος
1341 5312 1654 5383 Ἐκκλησία·

108 5388 237 5477 πρὸς
274 5389 327 5444 δὲ
370 5393 468 5463 τὴν
498 5396 813 5466 ἁπανταχοῦ
850 5398 949 5468 τῆς
986 5402 1310 5473 οίκουμένης
1369 5406 1661 5477 καθολικὴν

118 5476 447 5552 Ἐκκλησίαν,
497 5481 567 5558 ἧς
608 5486 671 5540 τὸ
707 5488 865 5559 σῶμα
899 5491 1226 5562 συνέστηκεν
1256 5497 1320 5548 ὲκ
1351 5496 1459 5549 τῶν
1487 5476 1663 5551 ἁπαν-

106 5571 265 5661 ταχοῦ
301 5575 661 5650 Ἐκκλησιῶν,
691 5580 812 5652 ἔχον
837 5582 1078 5655 κεφαλὴν
1108 5586 1200 5639 τὸν
1228 5587 1484 5657 Χριστὸν,
1521 5591 1660 5661 μέλη

110 5659 248 5727 ἐστὲ,
277 5667 338 5723 ὲκ
363 5669 457 5723 τοῦ
488 5667 629 5725 εἶναι
660 5672 826 5743 μέρος
856 5674 993 5746 πρὸς
1030 5677 1223 5747 αὑτήν.

1766 4770 1963 4824 corpus
1997 4752 2240 4807 Christi?
2271 4751 2405 4817 Quia
2441 4764 2569 4805 vero
2600 4763 2705 4803 non
2743 4747 2843 4817 ipsi
2902 4745 3002 4800 soli
3037 4744 3337 4800 constitues

1766 4851 1896 4901 bant
1927 4860 2124 4916 corpus
2155 4843 2379 4905 Christi.
2411 4842 2506 4897 sed
2551 4853 2742 4896 omnes
2793 4840 2846 4893 in
2875 4838 3128 4891 universo
3164 4844 3351 4888 terra-‘

1765 4953 1882 4991 rum
1915 4936 2047 4991 orbe
2073 4936 2279 4998 fideles,
2306 4934 2574 5004 apposuit,
2607 4952 2626 4984 ‹
2653 4930 2720 4986 Ει
2748 4932 3010 4984 membra.
3049 4948 3069 4979 ι
3111 4924 3334 4980 Etiamsi

1764 5031 1907 5084 enim
1940 5044 2044 5083 non
2080 5036 2246 5083 totum
2272 5041 2468 5094 corpus
2488 5031 2691 5087 essent.
2712 5024 2952 5077 membra
2977 5030 3123 5074 certe
3145 5025 3296 5072 erant
3321 5032 3340 5068 :

1763 5122 1925 5191 idque
1957 5138 1975 5172 ι
2017 5120 2095 5174 Ex
2128 5128 2301 5189 parte,
2342 5136 2363 5170 ι
2403 5118 2504 5172 hoc
2533 5124 2616 5173 est
2666 5113 2848 5171 Omnia
2901 5112 3115 5182 quidem
3167 5123 3336 5161 mem-

1766 5213 1882 5278 bra,
1913 5211 2028 5277 sed,
2055 5225 2120 5264 ex
2154 5218 2327 5279 parte.
2362 5206 2497 5262 Nam
2546 5205 2728 5275 quoad
2776 5202 3071 5259 Ecclesiatu
3123 5197 3337 5266 quidem

1765 5319 1885 5373 qua:
1904 5302 2043 5374 apud
2076 5317 2167 5356 vos
2192 5312 2295 5366 est,
2346 5314 2541 5370 corpus
2590 5297 2788 5353 Christi
2843 5295 2994 5357 estis,
3064 5297 3333 5360 quatenus

1753 5395 1960 5466 integra
2013 5392 2252 5453 Ecclesia
2282 5410 2296 5447 :
2328 5391 2503 5462 quoad
2538 5406 2666 5444 vero
2721 5386 3043 5443 catholicam
3090 5399 3185 5452 per
3218 5382 3336 5435 uui-

1756 5503 1970 5543 versum
2003 5497 2269 5541 terrarum
2321 5486 2506 5538 urbem
2565 5482 2887 5545 Ecclesiam,
2935 5477 3088 5547 cujus
3136 5490 3338 5546 corpus

1755 5596 1820 5634 ex
1850 5578 2098 5634 omnibus
2125 5577 2326 5649 passim
2356 5575 2612 5630 Ecclesiis
2655 5580 2893 5639 constat,
2927 5579 3089 5640 caput
3128 5568 3338 5623 habens

1759 5673 2056 5737 Christum,
2095 5672 2334 5726 membra
2384 5670 2537 5734 estis,
2572 5682 2635 5724 eo
2680 5666 2824 5738 quod
2875 5673 3120 5736 respectu
3171 5662 3340 5731 illius,

1758 5780 1884 5835 pars
1913 5765 2050 5819 sitis.

1416 5861 1615 5925 Varia;
1655 5860 1979 5923 lectiones.

221 5944 259 5977 "
293 5948 372 6003 ἀεὶ
420 5955 663 6028 μεριμνᾷ
691 5970 745 6013 o.
823 5957 867 5990 ’⁸
896 5956 1267 6026 συγκύπτεται
1293 5974 1345 6013 ο.
