  <div class='ocr_page' id='page_1' title='image "/cluster/home/n/w/nwhite01/storage/ocr_20150623/124/hvd.32044019208206/392.png"; bbox 0 0 3806 6582; ppageno 0'>
   <div class='ocr_carea' id='block_1_1' title="bbox 150 426 3332 514">
    <p class='ocr_par' dir='ltr' id='par_1_1' title="bbox 150 426 3332 514">
     <span class='ocr_line' id='line_1_1' title="bbox 150 426 3332 514; baseline -0.004 -11"><span class='ocrx_word' id='word_1_1' title='bbox 150 445 241 514; x_wconf 71' lang='lat'><strong>125</strong></span> <span class='ocrx_word' id='word_1_2' title='bbox 767 439 1177 501; x_wconf 83' lang='lat' dir='ltr'><strong>EXPOSlTlO</strong></span> <span class='ocrx_word' id='word_1_3' title='bbox 1208 440 1290 504; x_wconf 82' lang='lat' dir='ltr'><strong>IN</strong></span> <span class='ocrx_word' id='word_1_4' title='bbox 1330 439 1569 500; x_wconf 81' lang='lat' dir='ltr'><strong>EPIS’I‘.</strong></span> <span class='ocrx_word' id='word_1_5' title='bbox 1611 438 1640 497; x_wconf 91' lang='grc' dir='ltr'>Ι</span> <span class='ocrx_word' id='word_1_6' title='bbox 1676 437 1775 497; x_wconf 86' lang='lat' dir='ltr'><strong>AD</strong></span> <span class='ocrx_word' id='word_1_7' title='bbox 1814 436 1972 497; x_wconf 68' lang='lat' dir='ltr'><strong>COH</strong></span> <span class='ocrx_word' id='word_1_8' title='bbox 2013 461 2081 474; x_wconf 90' lang='grc'><strong>--</strong></span> <span class='ocrx_word' id='word_1_9' title='bbox 2119 440 2278 500; x_wconf 70' lang='lat' dir='ltr'><strong>CAP.</strong></span> <span class='ocrx_word' id='word_1_10' title='bbox 2323 438 2490 499; x_wconf 73' lang='lat' dir='ltr'><strong>Xl&#39;li‘.</strong></span> <span class='ocrx_word' id='word_1_11' title='bbox 3221 426 3332 491; x_wconf 68' lang='lat'><strong>796</strong></span> 
     </span>
    </p>
   </div>
   <div class='ocr_carea' id='block_1_2' title="bbox 677 547 2180 611">
    <p class='ocr_par' dir='ltr' id='par_1_2' title="bbox 677 548 1738 611">
     <span class='ocr_line' id='line_1_2' title="bbox 677 548 1738 611; baseline 0.006 -8"><span class='ocrx_word' id='word_1_12' title='bbox 677 552 928 611; x_wconf 80' lang='grc' dir='ltr'><strong>ΚΕΦΑΛ.</strong></span> <span class='ocrx_word' id='word_1_13' title='bbox 957 554 1054 607; x_wconf 80' lang='lat' dir='ltr'><strong>li&quot;.</strong></span> <span class='ocrx_word' id='word_1_14' title='bbox 1685 548 1738 609; x_wconf 78' lang='grc' dir='ltr'>Α</span> 
     </span>
    </p>
   </div>
   <div class='ocr_carea' id='block_1_3' title="bbox 1218 547 2721 611">
    <p class='ocr_par' dir='ltr' id='par_1_3' title="bbox 1685 547 2721 609">
     <span class='ocr_line' id='line_1_3' title="bbox 1685 547 2721 609; baseline -0.008 0"><span class='ocrx_word' id='word_1_15' title='bbox 1685 548 1738 609; x_wconf 77' lang='grc' dir='ltr'><strong>Α</strong></span> <span class='ocrx_word' id='word_1_16' title='bbox 2325 550 2557 606; x_wconf 82' lang='lat' dir='ltr'><strong>CAPUT</strong></span> <span class='ocrx_word' id='word_1_17' title='bbox 2585 547 2721 603; x_wconf 79' lang='lat' dir='ltr'><strong>XIII.</strong></span> 
     </span>
    </p>
   </div>
   <div class='ocr_carea' id='block_1_4' title="bbox 207 656 1710 739">
    <p class='ocr_par' dir='ltr' id='par_1_4' title="bbox 207 663 1657 738">
     <span class='ocr_line' id='line_1_4' title="bbox 207 663 1657 738; baseline -0.005 -16"><span class='ocrx_word' id='word_1_18' title='bbox 207 688 227 722; x_wconf 75' lang='grc' dir='ltr'><strong>ι</strong></span> <span class='ocrx_word' id='word_1_19' title='bbox 266 666 381 721; x_wconf 81' lang='grc' dir='ltr'>Ἐάν</span> <span class='ocrx_word' id='word_1_20' title='bbox 410 667 523 729; x_wconf 84' lang='grc' dir='ltr'>ταῖς</span> <span class='ocrx_word' id='word_1_21' title='bbox 546 663 822 733; x_wconf 81' lang='grc' dir='ltr'><strong>γλώσσαις</strong></span> <span class='ocrx_word' id='word_1_22' title='bbox 855 666 1001 720; x_wconf 85' lang='grc' dir='ltr'>λαλῶ</span> <span class='ocrx_word' id='word_1_23' title='bbox 1053 667 1164 720; x_wconf 87' lang='grc' dir='ltr'><strong>τῶν</strong></span> <span class='ocrx_word' id='word_1_24' title='bbox 1210 666 1514 738; x_wconf 86' lang='grc' dir='ltr'>ἀνθρώπων</span> <span class='ocrx_word' id='word_1_25' title='bbox 1561 664 1657 716; x_wconf 76' lang='grc' dir='ltr'><strong>καὶ</strong></span> 
     </span>
    </p>
   </div>
   <div class='ocr_carea' id='block_1_5' title="bbox 1822 656 3325 739">
    <p class='ocr_par' dir='ltr' id='par_1_5' title="bbox 1844 656 3325 739">
     <span class='ocr_line' id='line_1_5' title="bbox 1844 656 3325 739; baseline -0.005 -20"><span class='ocrx_word' id='word_1_26' title='bbox 1844 681 1993 723; x_wconf 68' lang='lat' dir='ltr'><strong>rans.</strong></span> <span class='ocrx_word' id='word_1_27' title='bbox 2022 669 2069 720; x_wconf 81' lang='grc' dir='ltr'>Ι.</span> <span class='ocrx_word' id='word_1_28' title='bbox 2107 686 2131 739; x_wconf 33' lang='grc' dir='ltr'><strong>ι.</strong></span> <span class='ocrx_word' id='word_1_29' title='bbox 2168 667 2223 721; x_wconf 87' lang='lat' dir='ltr'><strong>Si</strong></span> <span class='ocrx_word' id='word_1_30' title='bbox 2258 666 2455 737; x_wconf 78' lang='lat' dir='ltr'><strong>linguis</strong></span> <span class='ocrx_word' id='word_1_31' title='bbox 2493 665 2774 721; x_wconf 84' lang='lat' dir='ltr'><strong>hominum</strong></span> <span class='ocrx_word' id='word_1_32' title='bbox 2805 661 2999 731; x_wconf 87' lang='lat' dir='ltr'><strong>loquar</strong></span> <span class='ocrx_word' id='word_1_33' title='bbox 3022 667 3077 714; x_wconf 86' lang='lat' dir='ltr'><strong>et</strong></span> <span class='ocrx_word' id='word_1_34' title='bbox 3108 656 3325 724; x_wconf 68' lang='lat' dir='ltr'><strong>angelo-</strong></span> 
     </span>
    </p>
   </div>
   <div class='ocr_carea' id='block_1_6' title="bbox 142 751 1645 829">
    <p class='ocr_par' dir='ltr' id='par_1_6' title="bbox 142 755 1645 829">
     <span class='ocr_line' id='line_1_6' title="bbox 142 755 1645 829; baseline -0.004 -16"><span class='ocrx_word' id='word_1_35' title='bbox 142 759 234 815; x_wconf 83' lang='grc' dir='ltr'><strong>τῶν</strong></span> <span class='ocrx_word' id='word_1_36' title='bbox 256 756 506 826; x_wconf 75' lang='grc' dir='ltr'>ἀγγέλων,</span> <span class='ocrx_word' id='word_1_37' title='bbox 540 755 758 826; x_wconf 81' lang='grc' dir='ltr'><strong>ἀγάπην</strong></span> <span class='ocrx_word' id='word_1_38' title='bbox 789 756 847 809; x_wconf 70' lang='grc' dir='ltr'><strong>δὲ</strong></span> <span class='ocrx_word' id='word_1_39' title='bbox 892 758 968 829; x_wconf 80' lang='grc' dir='ltr'>μὴ</span> <span class='ocrx_word' id='word_1_40' title='bbox 998 758 1125 828; x_wconf 80' lang='grc' dir='ltr'>ἔχω,</span> <span class='ocrx_word' id='word_1_41' title='bbox 1193 760 1394 827; x_wconf 78' lang='grc' dir='ltr'>γέγονα</span> <span class='ocrx_word' id='word_1_42' title='bbox 1458 755 1645 827; x_wconf 74' lang='grc' dir='ltr'>χαλκὸς</span> 
     </span>
    </p>
   </div>
   <div class='ocr_carea' id='block_1_7' title="bbox 1824 751 3327 829">
    <p class='ocr_par' dir='ltr' id='par_1_7' title="bbox 1832 751 3327 822">
     <span class='ocr_line' id='line_1_7' title="bbox 1832 751 3327 822; baseline -0.005 -12"><span class='ocrx_word' id='word_1_43' title='bbox 1832 759 2252 822; x_wconf 77' lang='lat' dir='ltr'><strong>tn,,cltaritatem</strong></span> <span class='ocrx_word' id='word_1_44' title='bbox 2281 768 2459 813; x_wconf 88' lang='lat' dir='ltr'><strong>autem</strong></span> <span class='ocrx_word' id='word_1_45' title='bbox 2492 773 2599 811; x_wconf 91' lang='lat' dir='ltr'><strong>non</strong></span> <span class='ocrx_word' id='word_1_46' title='bbox 2635 755 2885 820; x_wconf 86' lang='lat' dir='ltr'><strong>habeam,</strong></span> <span class='ocrx_word' id='word_1_47' title='bbox 2915 751 3090 807; x_wconf 79' lang='lat' dir='ltr'><strong>factus</strong></span> <span class='ocrx_word' id='word_1_48' title='bbox 3111 765 3233 807; x_wconf 84' lang='lat' dir='ltr'><strong>sum</strong></span> <span class='ocrx_word' id='word_1_49' title='bbox 3253 764 3327 804; x_wconf 69' lang='lat' dir='ltr'><strong>(ES</strong></span> 
     </span>
    </p>
   </div>
   <div class='ocr_carea' id='block_1_8' title="bbox 144 845 1647 923">
    <p class='ocr_par' dir='ltr' id='par_1_8' title="bbox 144 847 1647 921">
     <span class='ocr_line' id='line_1_8' title="bbox 144 847 1647 921; baseline -0.004 -16"><span class='ocrx_word' id='word_1_50' title='bbox 144 849 281 921; x_wconf 75' lang='grc' dir='ltr'>ὴχῶν,</span> <span class='ocrx_word' id='word_1_51' title='bbox 309 847 395 902; x_wconf 70' lang='grc' dir='ltr'><strong>καὶ</strong></span> <span class='ocrx_word' id='word_1_52' title='bbox 413 849 435 882; x_wconf 88' lang='grc'><strong><em>³</em></strong></span> <span class='ocrx_word' id='word_1_53' title='bbox 458 847 731 918; x_wconf 77' lang='grc' dir='ltr'>κὺμὸαλον</span> <span class='ocrx_word' id='word_1_54' title='bbox 759 849 1052 914; x_wconf 76' lang='grc' dir='ltr'>ἀλαλάζον.</span> <span class='ocrx_word' id='word_1_55' title='bbox 1080 868 1098 903; x_wconf 79' lang='grc' dir='ltr'><strong>ι</strong></span> <span class='ocrx_word' id='word_1_56' title='bbox 1133 851 1247 904; x_wconf 78' lang='grc' dir='ltr'>Οὐκ</span> <span class='ocrx_word' id='word_1_57' title='bbox 1267 849 1426 912; x_wconf 79' lang='grc' dir='ltr'>εὐθὺς</span> <span class='ocrx_word' id='word_1_58' title='bbox 1440 848 1647 902; x_wconf 79' lang='grc' dir='ltr'>ὑπέδει-</span> 
     </span>
    </p>
   </div>
   <div class='ocr_carea' id='block_1_9' title="bbox 1820 845 3323 923">
    <p class='ocr_par' dir='ltr' id='par_1_9' title="bbox 1820 845 3323 923">
     <span class='ocr_line' id='line_1_9' title="bbox 1820 845 3323 923; baseline -0.006 -19"><span class='ocrx_word' id='word_1_59' title='bbox 1820 866 1981 918; x_wconf 61' lang='grc' dir='ltr'>ιηαιιε,</span> <span class='ocrx_word' id='word_1_60' title='bbox 2038 851 2119 904; x_wconf 95' lang='lat' dir='ltr'><strong>vel</strong></span> <span class='ocrx_word' id='word_1_61' title='bbox 2172 850 2476 923; x_wconf 79' lang='lat' dir='ltr'><strong>cymbalum</strong></span> <span class='ocrx_word' id='word_1_62' title='bbox 2536 849 2794 903; x_wconf 77' lang='lat' dir='ltr'><strong>tinnieus.</strong></span> <span class='ocrx_word' id='word_1_63' title='bbox 2831 866 2849 900; x_wconf 79' lang='grc' dir='ltr'><strong>ι</strong></span> <span class='ocrx_word' id='word_1_64' title='bbox 2881 845 3036 901; x_wconf 80' lang='lat' dir='ltr'><strong>Haud</strong></span> <span class='ocrx_word' id='word_1_65' title='bbox 3081 852 3323 898; x_wconf 86' lang='lat' dir='ltr'><strong>actutum</strong></span> 
     </span>
    </p>
   </div>
   <div class='ocr_carea' id='block_1_10' title="bbox 142 933 1645 1017">
    <p class='ocr_par' dir='ltr' id='par_1_10' title="bbox 142 939 1645 1017">
     <span class='ocr_line' id='line_1_10' title="bbox 142 939 1645 1017; baseline -0.001 -23"><span class='ocrx_word' id='word_1_66' title='bbox 142 942 214 1007; x_wconf 81' lang='grc' dir='ltr'>ξεν</span> <span class='ocrx_word' id='word_1_67' title='bbox 239 940 408 1017; x_wconf 70' lang='grc' dir='ltr'>αὐτοῖς</span> <span class='ocrx_word' id='word_1_68' title='bbox 436 941 532 1010; x_wconf 80' lang='grc' dir='ltr'>τὴν</span> <span class='ocrx_word' id='word_1_69' title='bbox 553 939 694 1004; x_wconf 74' lang='grc' dir='ltr'>ὁδὸν,</span> <span class='ocrx_word' id='word_1_70' title='bbox 724 940 863 994; x_wconf 81' lang='grc' dir='ltr'><strong>ἀλλά</strong></span> <span class='ocrx_word' id='word_1_71' title='bbox 890 943 1175 1013; x_wconf 84' lang='grc' dir='ltr'>συγκρίνει</span> <span class='ocrx_word' id='word_1_72' title='bbox 1196 940 1366 1011; x_wconf 79' lang='grc' dir='ltr'>αὐτὴν</span> <span class='ocrx_word' id='word_1_73' title='bbox 1394 940 1645 1012; x_wconf 77' lang='grc' dir='ltr'>πρότεροι</span> 
     </span>
    </p>
   </div>
   <div class='ocr_carea' id='block_1_11' title="bbox 1827 933 3330 1017">
    <p class='ocr_par' dir='ltr' id='par_1_11' title="bbox 1829 933 3330 1007">
     <span class='ocr_line' id='line_1_11' title="bbox 1829 933 3330 1007; baseline -0.005 -11"><span class='ocrx_word' id='word_1_74' title='bbox 1829 942 2195 998; x_wconf 85' lang='lat' dir='ltr'><strong>bmonstravit</strong></span> <span class='ocrx_word' id='word_1_75' title='bbox 2237 942 2318 997; x_wconf 89' lang='lat' dir='ltr'><strong>eis</strong></span> <span class='ocrx_word' id='word_1_76' title='bbox 2363 940 2530 1003; x_wconf 87' lang='lat' dir='ltr'><strong>viam,</strong></span> <span class='ocrx_word' id='word_1_77' title='bbox 2561 941 2657 995; x_wconf 86' lang='lat' dir='ltr'><strong>sed</strong></span> <span class='ocrx_word' id='word_1_78' title='bbox 2679 947 2963 1007; x_wconf 87' lang='lat' dir='ltr'><strong>comparat</strong></span> <span class='ocrx_word' id='word_1_79' title='bbox 3009 951 3127 990; x_wconf 88' lang='lat' dir='ltr'><strong>eam</strong></span> <span class='ocrx_word' id='word_1_80' title='bbox 3181 933 3330 1005; x_wconf 77' lang='lat' dir='ltr'><strong>prius</strong></span> 
     </span>
    </p>
   </div>
   <div class='ocr_carea' id='block_1_12' title="bbox 142 1028 1645 1106">
    <p class='ocr_par' dir='ltr' id='par_1_12' title="bbox 142 1028 1645 1104">
     <span class='ocr_line' id='line_1_12' title="bbox 142 1028 1645 1104; baseline 0.001 -21"><span class='ocrx_word' id='word_1_81' title='bbox 142 1032 256 1102; x_wconf 75' lang='grc' dir='ltr'>πρὸς</span> <span class='ocrx_word' id='word_1_82' title='bbox 278 1030 334 1084; x_wconf 82' lang='grc' dir='ltr'><strong>τὸ</strong></span> <span class='ocrx_word' id='word_1_83' title='bbox 354 1029 537 1083; x_wconf 81' lang='grc' dir='ltr'><strong>δοκοῦν</strong></span> <span class='ocrx_word' id='word_1_84' title='bbox 564 1030 750 1095; x_wconf 80' lang='grc' dir='ltr'>αὐτοῖς</span> <span class='ocrx_word' id='word_1_85' title='bbox 780 1031 1027 1104; x_wconf 79' lang='grc' dir='ltr'><strong>χάρισμα</strong></span> <span class='ocrx_word' id='word_1_86' title='bbox 1059 1028 1197 1086; x_wconf 74' lang='grc' dir='ltr'>εἶναι</span> <span class='ocrx_word' id='word_1_87' title='bbox 1231 1032 1436 1101; x_wconf 77' lang='grc' dir='ltr'>μεῖζον,</span> <span class='ocrx_word' id='word_1_88' title='bbox 1473 1032 1534 1085; x_wconf 88' lang='grc' dir='ltr'>τὸ</span> <span class='ocrx_word' id='word_1_89' title='bbox 1554 1030 1645 1085; x_wconf 65' lang='grc' dir='ltr'><strong>τῶι</strong></span> 
     </span>
    </p>
   </div>
   <div class='ocr_carea' id='block_1_13' title="bbox 1828 1028 3331 1106">
    <p class='ocr_par' dir='ltr' id='par_1_13' title="bbox 1835 1030 3331 1106">
     <span class='ocr_line' id='line_1_13' title="bbox 1835 1030 3331 1106; baseline -0.007 -16"><span class='ocrx_word' id='word_1_90' title='bbox 1835 1051 1887 1090; x_wconf 92' lang='lat' dir='ltr'><strong>m</strong></span> <span class='ocrx_word' id='word_1_91' title='bbox 1919 1038 2059 1091; x_wconf 90' lang='lat' dir='ltr'><strong>dono</strong></span> <span class='ocrx_word' id='word_1_92' title='bbox 2091 1035 2233 1106; x_wconf 91' lang='lat' dir='ltr'><strong>quod</strong></span> <span class='ocrx_word' id='word_1_93' title='bbox 2263 1035 2397 1106; x_wconf 84' lang='lat' dir='ltr'><strong>ipsis</strong></span> <span class='ocrx_word' id='word_1_94' title='bbox 2423 1034 2707 1089; x_wconf 86' lang='lat' dir='ltr'><strong>videbatur</strong></span> <span class='ocrx_word' id='word_1_95' title='bbox 2735 1046 2857 1087; x_wconf 90' lang='lat' dir='ltr'><strong>esse</strong></span> <span class='ocrx_word' id='word_1_96' title='bbox 2893 1030 3097 1100; x_wconf 91' lang='lat' dir='ltr'><strong>potius,</strong></span> <span class='ocrx_word' id='word_1_97' title='bbox 3122 1030 3331 1097; x_wconf 74' lang='lat' dir='ltr'><strong>lingua-</strong></span> 
     </span>
    </p>
   </div>
   <div class='ocr_carea' id='block_1_14' title="bbox 140 1121 1643 1197">
    <p class='ocr_par' dir='ltr' id='par_1_14' title="bbox 140 1121 1643 1195">
     <span class='ocr_line' id='line_1_14' title="bbox 140 1121 1643 1195; baseline 0.001 -20"><span class='ocrx_word' id='word_1_98' title='bbox 140 1121 383 1189; x_wconf 76' lang='grc' dir='ltr'>γλωσσῶν,</span> <span class='ocrx_word' id='word_1_99' title='bbox 423 1121 515 1177; x_wconf 82' lang='grc' dir='ltr'>καὶ</span> <span class='ocrx_word' id='word_1_100' title='bbox 535 1122 778 1178; x_wconf 75' lang='grc' dir='ltr'>δείκνυσι</span> <span class='ocrx_word' id='word_1_101' title='bbox 816 1124 1027 1194; x_wconf 82' lang='grc' dir='ltr'>ταύτην</span> <span class='ocrx_word' id='word_1_102' title='bbox 1082 1123 1435 1195; x_wconf 81' lang='grc' dir='ltr'>ἀσυγκρίτως</span> <span class='ocrx_word' id='word_1_103' title='bbox 1466 1125 1643 1177; x_wconf 79' lang='grc' dir='ltr'>τούτοι</span> 
     </span>
    </p>
   </div>
   <div class='ocr_carea' id='block_1_15' title="bbox 1827 1121 3330 1197">
    <p class='ocr_par' dir='ltr' id='par_1_15' title="bbox 1834 1121 3330 1197">
     <span class='ocr_line' id='line_1_15' title="bbox 1834 1121 3330 1197; baseline -0.006 -14"><span class='ocrx_word' id='word_1_104' title='bbox 1834 1145 1883 1183; x_wconf 82' lang='grc' dir='ltr'><strong>ιιι</strong></span> <span class='ocrx_word' id='word_1_105' title='bbox 1915 1129 2188 1195; x_wconf 86' lang='lat' dir='ltr'><strong>videlicet,</strong></span> <span class='ocrx_word' id='word_1_106' title='bbox 2220 1129 2564 1197; x_wconf 77' lang='lat' dir='ltr'><strong>ostenditque</strong></span> <span class='ocrx_word' id='word_1_107' title='bbox 2592 1128 2730 1182; x_wconf 83' lang='lat' dir='ltr'><strong>hanc</strong></span> <span class='ocrx_word' id='word_1_108' title='bbox 2772 1123 2903 1180; x_wconf 91' lang='lat' dir='ltr'><strong>illud</strong></span> <span class='ocrx_word' id='word_1_109' title='bbox 2932 1121 3330 1193; x_wconf 82' lang='lat' dir='ltr'><strong>incomparabi-</strong></span> 
     </span>
    </p>
   </div>
   <div class='ocr_carea' id='block_1_16' title="bbox 139 1211 1642 1296">
    <p class='ocr_par' dir='ltr' id='par_1_16' title="bbox 139 1211 1642 1286">
     <span class='ocr_line' id='line_1_16' title="bbox 139 1211 1642 1286; baseline 0.004 -22"><span class='ocrx_word' id='word_1_110' title='bbox 139 1211 492 1282; x_wconf 79' lang='grc' dir='ltr'>ὑπερέχουσαν,</span> <span class='ocrx_word' id='word_1_111' title='bbox 523 1213 611 1267; x_wconf 78' lang='grc' dir='ltr'>ναὶ</span> <span class='ocrx_word' id='word_1_112' title='bbox 645 1213 755 1286; x_wconf 85' lang='grc' dir='ltr'><strong>μὴν</strong></span> <span class='ocrx_word' id='word_1_113' title='bbox 781 1215 877 1270; x_wconf 80' lang='grc' dir='ltr'>καὶ</span> <span class='ocrx_word' id='word_1_114' title='bbox 911 1216 1023 1268; x_wconf 89' lang='grc' dir='ltr'><strong>τῶν</strong></span> <span class='ocrx_word' id='word_1_115' title='bbox 1060 1215 1266 1269; x_wconf 83' lang='grc' dir='ltr'>λοιπῶν</span> <span class='ocrx_word' id='word_1_116' title='bbox 1310 1217 1531 1271; x_wconf 84' lang='grc' dir='ltr'>πάντων</span> <span class='ocrx_word' id='word_1_117' title='bbox 1564 1233 1642 1286; x_wconf 70' lang='grc' dir='ltr'>χαι</span> 
     </span>
    </p>
   </div>
   <div class='ocr_carea' id='block_1_17' title="bbox 1825 1211 3328 1296">
    <p class='ocr_par' dir='ltr' id='par_1_17' title="bbox 1826 1214 3328 1296">
     <span class='ocr_line' id='line_1_17' title="bbox 1826 1214 3328 1296; baseline -0.006 -21"><span class='ocrx_word' id='word_1_118' title='bbox 1826 1240 1850 1275; x_wconf 88' lang='lat' dir='ltr'><strong>r</strong></span> <span class='ocrx_word' id='word_1_119' title='bbox 1878 1222 2222 1296; x_wconf 81' lang='lat' dir='ltr'><strong>antecellere,</strong></span> <span class='ocrx_word' id='word_1_120' title='bbox 2252 1223 2360 1277; x_wconf 88' lang='lat' dir='ltr'><strong>imo</strong></span> <span class='ocrx_word' id='word_1_121' title='bbox 2389 1231 2441 1275; x_wconf 90' lang='lat' dir='ltr'><strong>et</strong></span> <span class='ocrx_word' id='word_1_122' title='bbox 2470 1230 2670 1276; x_wconf 63' lang='lat' dir='ltr'><strong>caetera</strong></span> <span class='ocrx_word' id='word_1_123' title='bbox 2714 1217 2895 1272; x_wconf 86' lang='lat' dir='ltr'><strong>omnia</strong></span> <span class='ocrx_word' id='word_1_124' title='bbox 2956 1214 3284 1269; x_wconf 61' lang='lat' dir='ltr'><strong>charismata</strong></span> <span class='ocrx_word' id='word_1_125' title='bbox 3315 1230 3328 1266; x_wconf 91' lang='lat'>:</span> 
     </span>
    </p>
   </div>
   <div class='ocr_carea' id='block_1_18' title="bbox 142 1305 1645 1386">
    <p class='ocr_par' dir='ltr' id='par_1_18' title="bbox 142 1305 1645 1379">
     <span class='ocr_line' id='line_1_18' title="bbox 142 1305 1645 1379; baseline 0.006 -23"><span class='ocrx_word' id='word_1_126' title='bbox 142 1305 406 1377; x_wconf 77' lang='grc' dir='ltr'>ρισμάτων,</span> <span class='ocrx_word' id='word_1_127' title='bbox 431 1305 526 1358; x_wconf 76' lang='grc' dir='ltr'>καὶ</span> <span class='ocrx_word' id='word_1_128' title='bbox 554 1305 678 1359; x_wconf 81' lang='grc' dir='ltr'>τότε</span> <span class='ocrx_word' id='word_1_129' title='bbox 719 1306 1086 1379; x_wconf 81' lang='grc' dir='ltr'>ἀξιοπὸθητον</span> <span class='ocrx_word' id='word_1_130' title='bbox 1125 1310 1443 1379; x_wconf 70' lang='grc' dir='ltr'>ἀποφαίνει.</span> <span class='ocrx_word' id='word_1_131' title='bbox 1481 1312 1645 1365; x_wconf 70' lang='lat' dir='ltr'><strong>1‘).th-</strong></span> 
     </span>
    </p>
   </div>
   <div class='ocr_carea' id='block_1_19' title="bbox 1831 1305 3334 1386">
    <p class='ocr_par' dir='ltr' id='par_1_19' title="bbox 1857 1308 3334 1386">
     <span class='ocr_line' id='line_1_19' title="bbox 1857 1308 3334 1386; baseline -0.008 -16"><span class='ocrx_word' id='word_1_132' title='bbox 1857 1326 1964 1370; x_wconf 92' lang='lat' dir='ltr'><strong>tum</strong></span> <span class='ocrx_word' id='word_1_133' title='bbox 1987 1331 2107 1371; x_wconf 90' lang='lat' dir='ltr'><strong>eam</strong></span> <span class='ocrx_word' id='word_1_134' title='bbox 2138 1315 2359 1386; x_wconf 76' lang='lat' dir='ltr'><strong>dignam</strong></span> <span class='ocrx_word' id='word_1_135' title='bbox 2382 1329 2506 1371; x_wconf 88' lang='lat' dir='ltr'><strong>esse</strong></span> <span class='ocrx_word' id='word_1_136' title='bbox 2527 1315 2625 1378; x_wconf 90' lang='lat' dir='ltr'><strong>ait,</strong></span> <span class='ocrx_word' id='word_1_137' title='bbox 2649 1328 2769 1382; x_wconf 76' lang='lat' dir='ltr'><strong>qua:</strong></span> <span class='ocrx_word' id='word_1_138' title='bbox 2804 1310 2872 1367; x_wconf 91' lang='lat' dir='ltr'><strong>ab</strong></span> <span class='ocrx_word' id='word_1_139' title='bbox 2894 1308 3146 1365; x_wconf 86' lang='lat' dir='ltr'><strong>omnibus</strong></span> <span class='ocrx_word' id='word_1_140' title='bbox 3169 1319 3334 1376; x_wconf 88' lang='lat' dir='ltr'><strong>expe-</strong></span> 
     </span>
    </p>
   </div>
   <div class='ocr_carea' id='block_1_20' title="bbox 139 1396 1642 1479">
    <p class='ocr_par' dir='ltr' id='par_1_20' title="bbox 139 1396 1642 1472">
     <span class='ocr_line' id='line_1_20' title="bbox 139 1396 1642 1472; baseline 0.002 -23"><span class='ocrx_word' id='word_1_141' title='bbox 139 1396 628 1469; x_wconf 73' lang='grc' dir='ltr'>σαςδὲάνθρὼπων,</span> <span class='ocrx_word' id='word_1_142' title='bbox 652 1397 766 1453; x_wconf 85' lang='grc' dir='ltr'><strong>τῶν</strong></span> <span class='ocrx_word' id='word_1_143' title='bbox 821 1400 1140 1471; x_wconf 76' lang='grc' dir='ltr'>ἁπανταχοῦ</span> <span class='ocrx_word' id='word_1_144' title='bbox 1191 1402 1290 1472; x_wconf 82' lang='grc' dir='ltr'><strong>τῆς</strong></span> <span class='ocrx_word' id='word_1_145' title='bbox 1335 1401 1642 1472; x_wconf 62' lang='grc' dir='ltr'>οἰκουμένη</span> 
     </span>
    </p>
   </div>
   <div class='ocr_carea' id='block_1_21' title="bbox 1837 1396 3340 1479">
    <p class='ocr_par' dir='ltr' id='par_1_21' title="bbox 1837 1404 3340 1479">
     <span class='ocr_line' id='line_1_21' title="bbox 1837 1404 3340 1479; baseline -0.011 -17"><span class='ocrx_word' id='word_1_146' title='bbox 1837 1418 1935 1462; x_wconf 84' lang='lat' dir='ltr'><strong>tur.</strong></span> <span class='ocrx_word' id='word_1_147' title='bbox 1975 1406 2216 1479; x_wconf 79' lang='lat' dir='ltr'><strong>Linguas</strong></span> <span class='ocrx_word' id='word_1_148' title='bbox 2265 1417 2446 1465; x_wconf 88' lang='lat' dir='ltr'><strong>autem</strong></span> <span class='ocrx_word' id='word_1_149' title='bbox 2499 1404 2807 1471; x_wconf 87' lang='lat' dir='ltr'><strong>hominum,</strong></span> <span class='ocrx_word' id='word_1_150' title='bbox 2838 1408 3159 1457; x_wconf 82' lang='lat' dir='ltr'><strong>cunctarum</strong></span> <span class='ocrx_word' id='word_1_151' title='bbox 3211 1409 3340 1466; x_wconf 84' lang='lat' dir='ltr'><strong>gen-</strong></span> 
     </span>
    </p>
   </div>
   <div class='ocr_carea' id='block_1_22' title="bbox 137 1485 1640 1571">
    <p class='ocr_par' dir='ltr' id='par_1_22' title="bbox 137 1487 1640 1565">
     <span class='ocr_line' id='line_1_22' title="bbox 137 1487 1640 1565; baseline 0.006 -24"><span class='ocrx_word' id='word_1_152' title='bbox 137 1487 278 1542; x_wconf 76' lang='grc' dir='ltr'>ἐθνῶν</span> <span class='ocrx_word' id='word_1_153' title='bbox 305 1505 481 1560; x_wconf 82' lang='grc' dir='ltr'>φησιν.</span> <span class='ocrx_word' id='word_1_154' title='bbox 505 1491 620 1545; x_wconf 84' lang='grc' dir='ltr'>Οὐκ</span> <span class='ocrx_word' id='word_1_155' title='bbox 666 1492 1008 1564; x_wconf 82' lang='grc' dir='ltr'>ἀρκούμενος</span> <span class='ocrx_word' id='word_1_156' title='bbox 1035 1494 1091 1548; x_wconf 83' lang='grc' dir='ltr'><strong>δὲ</strong></span> <span class='ocrx_word' id='word_1_157' title='bbox 1120 1493 1318 1565; x_wconf 83' lang='grc' dir='ltr'>τούτῳ,</span> <span class='ocrx_word' id='word_1_158' title='bbox 1347 1497 1441 1549; x_wconf 80' lang='grc' dir='ltr'>καὶ</span> <span class='ocrx_word' id='word_1_159' title='bbox 1471 1495 1640 1564; x_wconf 81' lang='grc' dir='ltr'>ἑτέρα</span> 
     </span>
    </p>
   </div>
   <div class='ocr_carea' id='block_1_23' title="bbox 1832 1485 3335 1571">
    <p class='ocr_par' dir='ltr' id='par_1_23' title="bbox 1832 1485 3335 1571">
     <span class='ocr_line' id='line_1_23' title="bbox 1832 1485 3335 1571; baseline -0.011 -15"><span class='ocrx_word' id='word_1_160' title='bbox 1832 1517 1903 1556; x_wconf 87' lang='lat' dir='ltr'><strong>tm</strong></span> <span class='ocrx_word' id='word_1_161' title='bbox 1959 1501 2157 1571; x_wconf 90' lang='lat' dir='ltr'><strong>ubique</strong></span> <span class='ocrx_word' id='word_1_162' title='bbox 2219 1510 2493 1556; x_wconf 85' lang='lat' dir='ltr'><strong>terrarum</strong></span> <span class='ocrx_word' id='word_1_163' title='bbox 2548 1494 3002 1555; x_wconf 86' lang='lat' dir='ltr'><strong>commorantium</strong></span> <span class='ocrx_word' id='word_1_164' title='bbox 3059 1485 3335 1557; x_wconf 77' lang='lat' dir='ltr'><strong>intelligit.</strong></span> 
     </span>
    </p>
   </div>
   <div class='ocr_carea' id='block_1_24' title="bbox 137 1579 1640 1662">
    <p class='ocr_par' dir='ltr' id='par_1_24' title="bbox 137 1582 1640 1659">
     <span class='ocr_line' id='line_1_24' title="bbox 137 1582 1640 1659; baseline 0.005 -25"><span class='ocrx_word' id='word_1_165' title='bbox 137 1582 315 1649; x_wconf 81' lang='grc' dir='ltr'>τίθησι-ν</span> <span class='ocrx_word' id='word_1_166' title='bbox 370 1582 674 1656; x_wconf 78' lang='grc' dir='ltr'>ὑπερὸολήν</span> <span class='ocrx_word' id='word_1_167' title='bbox 695 1603 709 1618; x_wconf 81' lang='grc' dir='ltr'><strong>ο</strong></span> <span class='ocrx_word' id='word_1_168' title='bbox 757 1604 776 1638; x_wconf 76' lang='grc' dir='ltr'><strong>ι</strong></span> <span class='ocrx_word' id='word_1_169' title='bbox 815 1584 956 1651; x_wconf 81' lang='grc' dir='ltr'>Ταῖς</span> <span class='ocrx_word' id='word_1_170' title='bbox 977 1587 1088 1641; x_wconf 85' lang='grc' dir='ltr'><strong>τῶν</strong></span> <span class='ocrx_word' id='word_1_171' title='bbox 1139 1587 1390 1657; x_wconf 82' lang='grc' dir='ltr'>ἀγγέλων</span> <span class='ocrx_word' id='word_1_172' title='bbox 1412 1630 1427 1652; x_wconf 87' lang='grc'><strong>,</strong></span> <span class='ocrx_word' id='word_1_173' title='bbox 1460 1609 1479 1642; x_wconf 73' lang='grc' dir='ltr'><strong>ι</strong></span> <span class='ocrx_word' id='word_1_174' title='bbox 1510 1591 1640 1659; x_wconf 68' lang='grc' dir='ltr'>φησὶ</span> 
     </span>
    </p>
   </div>
   <div class='ocr_carea' id='block_1_25' title="bbox 1843 1579 3346 1662">
    <p class='ocr_par' dir='ltr' id='par_1_25' title="bbox 1843 1579 3346 1662">
     <span class='ocr_line' id='line_1_25' title="bbox 1843 1579 3346 1662; baseline -0.011 -13"><span class='ocrx_word' id='word_1_175' title='bbox 1843 1609 1881 1649; x_wconf 80' lang='lat' dir='ltr'><strong>:c</strong></span> <span class='ocrx_word' id='word_1_176' title='bbox 1913 1595 2014 1649; x_wconf 87' lang='lat' dir='ltr'><strong>hoc</strong></span> <span class='ocrx_word' id='word_1_177' title='bbox 2036 1603 2348 1657; x_wconf 90' lang='lat' dir='ltr'><strong>contentus,</strong></span> <span class='ocrx_word' id='word_1_178' title='bbox 2371 1592 2532 1648; x_wconf 90' lang='lat' dir='ltr'><strong>aliam</strong></span> <span class='ocrx_word' id='word_1_179' title='bbox 2562 1590 2714 1662; x_wconf 88' lang='lat' dir='ltr'><strong>ponit</strong></span> <span class='ocrx_word' id='word_1_180' title='bbox 2738 1584 3113 1644; x_wconf 77' lang='lat' dir='ltr'><strong>excellentiam</strong></span> <span class='ocrx_word' id='word_1_181' title='bbox 3140 1599 3155 1637; x_wconf 86' lang='lat'><strong>:</strong></span> <span class='ocrx_word' id='word_1_182' title='bbox 3187 1600 3206 1634; x_wconf 84' lang='grc' dir='ltr'><strong>ι</strong></span> <span class='ocrx_word' id='word_1_183' title='bbox 3232 1579 3346 1637; x_wconf 61' lang='lat' dir='ltr'><strong>Ana</strong></span> 
     </span>
    </p>
   </div>
   <div class='ocr_carea' id='block_1_26' title="bbox 142 1672 1645 1756">
    <p class='ocr_par' dir='ltr' id='par_1_26' title="bbox 142 1672 1645 1754">
     <span class='ocr_line' id='line_1_26' title="bbox 142 1672 1645 1754; baseline 0.007 -29"><span class='ocrx_word' id='word_1_184' title='bbox 142 1672 426 1743; x_wconf 80' lang='grc' dir='ltr'>ιγλώσσαις</span> <span class='ocrx_word' id='word_1_185' title='bbox 453 1691 481 1707; x_wconf 53' lang='grc' dir='ltr'>’ν</span> <span class='ocrx_word' id='word_1_186' title='bbox 511 1696 531 1730; x_wconf 74' lang='grc' dir='ltr'><strong>ι</strong></span> <span class='ocrx_word' id='word_1_187' title='bbox 565 1679 664 1752; x_wconf 81' lang='grc' dir='ltr'>οὐχ</span> <span class='ocrx_word' id='word_1_188' title='bbox 695 1679 777 1734; x_wconf 76' lang='grc' dir='ltr'>ὅτι</span> <span class='ocrx_word' id='word_1_189' title='bbox 810 1681 861 1733; x_wconf 86' lang='grc' dir='ltr'>οἱ</span> <span class='ocrx_word' id='word_1_190' title='bbox 889 1680 1112 1750; x_wconf 77' lang='grc' dir='ltr'>ἄγγελοι</span> <span class='ocrx_word' id='word_1_191' title='bbox 1151 1681 1404 1751; x_wconf 84' lang='grc' dir='ltr'>γλώσσας</span> <span class='ocrx_word' id='word_1_192' title='bbox 1430 1684 1645 1754; x_wconf 81' lang='grc' dir='ltr'>ἔχουσιν</span> 
     </span>
    </p>
   </div>
   <div class='ocr_carea' id='block_1_27' title="bbox 1883 1672 3386 1756">
    <p class='ocr_par' dir='ltr' id='par_1_27' title="bbox 1883 1675 3386 1756">
     <span class='ocr_line' id='line_1_27' title="bbox 1883 1675 3386 1756; baseline -0.002 -21"><span class='ocrx_word' id='word_1_193' title='bbox 1883 1702 2011 1739; x_wconf 53' lang='lat' dir='ltr'><strong>trum</strong></span> <span class='ocrx_word' id='word_1_194' title='bbox 2041 1685 2262 1756; x_wconf 80' lang='lat' dir='ltr'><strong>linguis,</strong></span> <span class='ocrx_word' id='word_1_195' title='bbox 2304 1702 2324 1737; x_wconf 80' lang='grc' dir='ltr'><strong>ι</strong></span> <span class='ocrx_word' id='word_1_196' title='bbox 2361 1684 2572 1756; x_wconf 87' lang='lat' dir='ltr'><strong>inquit:</strong></span> <span class='ocrx_word' id='word_1_197' title='bbox 2615 1698 2719 1738; x_wconf 89' lang='lat' dir='ltr'><strong>non</strong></span> <span class='ocrx_word' id='word_1_198' title='bbox 2752 1680 2893 1752; x_wconf 90' lang='lat' dir='ltr'><strong>quod</strong></span> <span class='ocrx_word' id='word_1_199' title='bbox 2931 1675 3105 1749; x_wconf 72' lang='lat' dir='ltr'><strong>angeli</strong></span> <span class='ocrx_word' id='word_1_200' title='bbox 3134 1675 3347 1746; x_wconf 80' lang='lat' dir='ltr'><strong>linguas</strong></span> <span class='ocrx_word' id='word_1_201' title='bbox 3378 1728 3386 1732; x_wconf 88' lang='lat'><strong>.</strong></span> 
     </span>
    </p>
   </div>
   <div class='ocr_carea' id='block_1_28' title="bbox 137 1767 1640 1849">
    <p class='ocr_par' dir='ltr' id='par_1_28' title="bbox 137 1767 1638 1847">
     <span class='ocr_line' id='line_1_28' title="bbox 137 1767 1638 1847; baseline 0.007 -27"><span class='ocrx_word' id='word_1_202' title='bbox 137 1767 248 1822; x_wconf 76' lang='grc' dir='ltr'><strong>ἀλλά</strong></span> <span class='ocrx_word' id='word_1_203' title='bbox 287 1770 526 1841; x_wconf 81' lang='grc' dir='ltr'>κρεῖττόν</span> <span class='ocrx_word' id='word_1_204' title='bbox 558 1789 613 1826; x_wconf 89' lang='grc' dir='ltr'><strong>τι</strong></span> <span class='ocrx_word' id='word_1_205' title='bbox 658 1772 904 1844; x_wconf 86' lang='grc' dir='ltr'>δηλῶσαι</span> <span class='ocrx_word' id='word_1_206' title='bbox 945 1775 1139 1841; x_wconf 81' lang='grc' dir='ltr'><strong>θέλων,</strong></span> <span class='ocrx_word' id='word_1_207' title='bbox 1174 1777 1270 1829; x_wconf 77' lang='grc' dir='ltr'>καὶ</span> <span class='ocrx_word' id='word_1_208' title='bbox 1308 1777 1369 1830; x_wconf 78' lang='grc' dir='ltr'>τὸ</span> <span class='ocrx_word' id='word_1_209' title='bbox 1401 1776 1638 1847; x_wconf 82' lang='grc' dir='ltr'>ὑπερέχο</span> 
     </span>
    </p>
   </div>
   <div class='ocr_carea' id='block_1_29' title="bbox 1840 1767 3343 1849">
    <p class='ocr_par' dir='ltr' id='par_1_29' title="bbox 1847 1768 3343 1849">
     <span class='ocr_line' id='line_1_29' title="bbox 1847 1768 3343 1849; baseline -0.007 -16"><span class='ocrx_word' id='word_1_210' title='bbox 1847 1779 2026 1842; x_wconf 86' lang='lat' dir='ltr'><strong>beant,</strong></span> <span class='ocrx_word' id='word_1_211' title='bbox 2080 1779 2178 1834; x_wconf 87' lang='lat' dir='ltr'><strong>sed</strong></span> <span class='ocrx_word' id='word_1_212' title='bbox 2247 1787 2307 1833; x_wconf 91' lang='lat' dir='ltr'><strong>ut</strong></span> <span class='ocrx_word' id='word_1_213' title='bbox 2358 1777 2643 1849; x_wconf 83' lang='lat' dir='ltr'><strong>quiddam,</strong></span> <span class='ocrx_word' id='word_1_214' title='bbox 2709 1773 2856 1847; x_wconf 91' lang='lat' dir='ltr'><strong>quod</strong></span> <span class='ocrx_word' id='word_1_215' title='bbox 2925 1769 3177 1829; x_wconf 87' lang='lat' dir='ltr'><strong>humanis</strong></span> <span class='ocrx_word' id='word_1_216' title='bbox 3237 1768 3343 1824; x_wconf 77' lang='lat' dir='ltr'><strong>liu~</strong></span> 
     </span>
    </p>
   </div>
   <div class='ocr_carea' id='block_1_30' title="bbox 135 1859 1638 1946">
    <p class='ocr_par' dir='ltr' id='par_1_30' title="bbox 135 1859 1638 1934">
     <span class='ocr_line' id='line_1_30' title="bbox 135 1859 1638 1934; baseline 0.007 -24"><span class='ocrx_word' id='word_1_217' title='bbox 135 1859 224 1910; x_wconf 87' lang='grc' dir='ltr'><strong>τῶν</strong></span> <span class='ocrx_word' id='word_1_218' title='bbox 247 1859 591 1932; x_wconf 77' lang='grc' dir='ltr'>ἀνθρωπίνων</span> <span class='ocrx_word' id='word_1_219' title='bbox 613 1863 637 1896; x_wconf 75' lang='grc'>⁸</span> <span class='ocrx_word' id='word_1_220' title='bbox 659 1862 946 1934; x_wconf 84' lang='grc' dir='ltr'>γλωσσῶν,</span> <span class='ocrx_word' id='word_1_221' title='bbox 972 1865 1060 1920; x_wconf 64' lang='grc' dir='ltr'><strong>διὰ</strong></span> <span class='ocrx_word' id='word_1_222' title='bbox 1101 1866 1264 1921; x_wconf 82' lang='grc' dir='ltr'>τοῦτο</span> <span class='ocrx_word' id='word_1_223' title='bbox 1288 1867 1461 1929; x_wconf 76' lang='grc' dir='ltr'>οὕτως</span> <span class='ocrx_word' id='word_1_224' title='bbox 1488 1863 1638 1921; x_wconf 76' lang='grc' dir='ltr'>εἶπεν</span> 
     </span>
    </p>
   </div>
   <div class='ocr_carea' id='block_1_31' title="bbox 1844 1859 3347 1946">
    <p class='ocr_par' dir='ltr' id='par_1_31' title="bbox 1846 1866 3347 1941">
     <span class='ocr_line' id='line_1_31' title="bbox 1846 1866 3347 1941; baseline -0.005 -14"><span class='ocrx_word' id='word_1_225' title='bbox 1846 1873 1892 1927; x_wconf 91' lang='lat' dir='ltr'><strong>is</strong></span> <span class='ocrx_word' id='word_1_226' title='bbox 1919 1873 2274 1929; x_wconf 84' lang='lat' dir='ltr'><strong>excellentius</strong></span> <span class='ocrx_word' id='word_1_227' title='bbox 2303 1881 2468 1941; x_wconf 83' lang='lat' dir='ltr'><strong>esset,</strong></span> <span class='ocrx_word' id='word_1_228' title='bbox 2509 1873 2791 1935; x_wconf 88' lang='lat' dir='ltr'><strong>indicaret,</strong></span> <span class='ocrx_word' id='word_1_229' title='bbox 2837 1870 2916 1926; x_wconf 89' lang='lat' dir='ltr'><strong>sic</strong></span> <span class='ocrx_word' id='word_1_230' title='bbox 2962 1868 3120 1923; x_wconf 90' lang='lat' dir='ltr'><strong>dixit.</strong></span> <span class='ocrx_word' id='word_1_231' title='bbox 3167 1866 3347 1935; x_wconf 42' lang='lat' dir='ltr'><strong>Auge.</strong></span> 
     </span>
    </p>
   </div>
   <div class='ocr_carea' id='block_1_32' title="bbox 143 1954 1646 2037">
    <p class='ocr_par' dir='ltr' id='par_1_32' title="bbox 143 1954 1622 2033">
     <span class='ocr_line' id='line_1_32' title="bbox 143 1954 1622 2033; baseline 0.006 -28"><span class='ocrx_word' id='word_1_232' title='bbox 143 1954 388 2021; x_wconf 76' lang='grc' dir='ltr'>Ἀγγὲλοις</span> <span class='ocrx_word' id='word_1_233' title='bbox 408 1955 517 2028; x_wconf 84' lang='grc' dir='ltr'>γὰρ</span> <span class='ocrx_word' id='word_1_234' title='bbox 540 1958 562 1991; x_wconf 84' lang='grc'><strong><em>⁵</em></strong></span> <span class='ocrx_word' id='word_1_235' title='bbox 583 1956 831 2027; x_wconf 85' lang='grc' dir='ltr'>γλῶσσα,</span> <span class='ocrx_word' id='word_1_236' title='bbox 862 1961 899 2032; x_wconf 82' lang='grc' dir='ltr'><strong>ἡ</strong></span> <span class='ocrx_word' id='word_1_237' title='bbox 917 1959 1082 2030; x_wconf 86' lang='grc' dir='ltr'>νοερά</span> <span class='ocrx_word' id='word_1_238' title='bbox 1117 1962 1254 2033; x_wconf 74' lang='grc' dir='ltr'>πρὸς</span> <span class='ocrx_word' id='word_1_239' title='bbox 1282 1960 1344 2015; x_wconf 69' lang='grc' dir='ltr'>τὸ</span> <span class='ocrx_word' id='word_1_240' title='bbox 1370 1962 1622 2032; x_wconf 81' lang='grc' dir='ltr'>ἀλλήλοις</span> 
     </span>
    </p>
   </div>
   <div class='ocr_carea' id='block_1_33' title="bbox 1838 1954 3341 2037">
    <p class='ocr_par' dir='ltr' id='par_1_33' title="bbox 1838 1958 3341 2037">
     <span class='ocr_line' id='line_1_33' title="bbox 1838 1958 3341 2037; baseline -0.006 -18"><span class='ocrx_word' id='word_1_241' title='bbox 1838 1981 1948 2020; x_wconf 82' lang='lat' dir='ltr'><strong>rum</strong></span> <span class='ocrx_word' id='word_1_242' title='bbox 1968 1967 2113 2022; x_wconf 90' lang='lat' dir='ltr'><strong>enim</strong></span> <span class='ocrx_word' id='word_1_243' title='bbox 2138 1965 2312 2037; x_wconf 78' lang='lat' dir='ltr'><strong>lingua</strong></span> <span class='ocrx_word' id='word_1_244' title='bbox 2334 1975 2418 2022; x_wconf 87' lang='lat' dir='ltr'><strong>est</strong></span> <span class='ocrx_word' id='word_1_245' title='bbox 2440 1961 2819 2019; x_wconf 83' lang='lat' dir='ltr'><strong>intellectualis</strong></span> <span class='ocrx_word' id='word_1_246' title='bbox 2842 1962 2924 2016; x_wconf 87' lang='lat' dir='ltr'><strong>vis</strong></span> <span class='ocrx_word' id='word_1_247' title='bbox 2975 1975 3079 2031; x_wconf 88' lang='lat' dir='ltr'><strong>qua</strong></span> <span class='ocrx_word' id='word_1_248' title='bbox 3102 1958 3205 2013; x_wconf 86' lang='lat' dir='ltr'><strong>sibi</strong></span> <span class='ocrx_word' id='word_1_249' title='bbox 3230 1973 3341 2011; x_wconf 90' lang='lat' dir='ltr'><strong>mu-</strong></span> 
     </span>
    </p>
   </div>
   <div class='ocr_carea' id='block_1_34' title="bbox 135 2039 1638 2134">
    <p class='ocr_par' dir='ltr' id='par_1_34' title="bbox 135 2041 1638 2134">
     <span class='ocr_line' id='line_1_34' title="bbox 135 2041 1638 2134; baseline 0.008 -40"><span class='ocrx_word' id='word_1_250' title='bbox 135 2041 385 2097; x_wconf 74' lang='grc' dir='ltr'>διαδιδόναι</span> <span class='ocrx_word' id='word_1_251' title='bbox 410 2046 480 2099; x_wconf 77' lang='grc' dir='ltr'><strong>τά</strong></span> <span class='ocrx_word' id='word_1_252' title='bbox 514 2045 637 2102; x_wconf 81' lang='grc' dir='ltr'>θεῖα</span> <span class='ocrx_word' id='word_1_253' title='bbox 684 2050 937 2134; x_wconf 76' lang='grc' dir='ltr'>νοήματα</span> <span class='ocrx_word' id='word_1_254' title='bbox 987 2050 1216 2123; x_wconf 81' lang='grc' dir='ltr'>δύναμις</span> <span class='ocrx_word' id='word_1_255' title='bbox 1254 2067 1269 2083; x_wconf 67' lang='grc' dir='ltr'><strong>θ</strong></span> <span class='ocrx_word' id='word_1_256' title='bbox 1301 2051 1437 2106; x_wconf 80' lang='grc' dir='ltr'>Ἀπὸ</span> <span class='ocrx_word' id='word_1_257' title='bbox 1463 2052 1519 2106; x_wconf 79' lang='grc' dir='ltr'><strong>δὲ</strong></span> <span class='ocrx_word' id='word_1_258' title='bbox 1576 2070 1638 2106; x_wconf 85' lang='grc' dir='ltr'><strong>το</strong></span> 
     </span>
    </p>
   </div>
   <div class='ocr_carea' id='block_1_35' title="bbox 1841 2039 3344 2134">
    <p class='ocr_par' dir='ltr' id='par_1_35' title="bbox 1841 2039 3344 2120">
     <span class='ocr_line' id='line_1_35' title="bbox 1841 2039 3344 2120; baseline -0.007 -9"><span class='ocrx_word' id='word_1_259' title='bbox 1841 2070 1868 2111; x_wconf 88' lang='lat' dir='ltr'><strong>o</strong></span> <span class='ocrx_word' id='word_1_260' title='bbox 1890 2039 2204 2112; x_wconf 77' lang='lat' dir='ltr'><strong>divinarum</strong></span> <span class='ocrx_word' id='word_1_261' title='bbox 2241 2072 2425 2112; x_wconf 90' lang='lat' dir='ltr'><strong>rerum</strong></span> <span class='ocrx_word' id='word_1_262' title='bbox 2474 2056 2805 2111; x_wconf 87' lang='lat' dir='ltr'><strong>intellectum</strong></span> <span class='ocrx_word' id='word_1_263' title='bbox 2861 2068 2924 2108; x_wconf 88' lang='lat' dir='ltr'><strong>ac</strong></span> <span class='ocrx_word' id='word_1_264' title='bbox 2954 2051 3166 2106; x_wconf 80' lang='lat' dir='ltr'><strong>divinas</strong></span> <span class='ocrx_word' id='word_1_265' title='bbox 3199 2051 3344 2120; x_wconf 82' lang='lat' dir='ltr'><strong>cogi-</strong></span> 
     </span>
    </p>
   </div>
   <div class='ocr_carea' id='block_1_36' title="bbox 136 2134 1639 2221">
    <p class='ocr_par' dir='ltr' id='par_1_36' title="bbox 136 2134 1639 2221">
     <span class='ocr_line' id='line_1_36' title="bbox 136 2134 1639 2221; baseline 0.009 -35"><span class='ocrx_word' id='word_1_266' title='bbox 136 2134 372 2205; x_wconf 71' lang='grc' dir='ltr'>ἡμετέρου</span> <span class='ocrx_word' id='word_1_267' title='bbox 405 2136 646 2208; x_wconf 81' lang='grc' dir='ltr'>ὀργάνου</span> <span class='ocrx_word' id='word_1_268' title='bbox 670 2141 880 2213; x_wconf 83' lang='grc' dir='ltr'>ταύτην</span> <span class='ocrx_word' id='word_1_269' title='bbox 912 2142 1217 2214; x_wconf 84' lang='grc' dir='ltr'>ὠνόμασεν,</span> <span class='ocrx_word' id='word_1_270' title='bbox 1246 2143 1395 2198; x_wconf 81' lang='grc' dir='ltr'>ὥσπε</span> <span class='ocrx_word' id='word_1_271' title='bbox 1406 2162 1439 2221; x_wconf 76' lang='grc' dir='ltr'><strong>ρ</strong></span> <span class='ocrx_word' id='word_1_272' title='bbox 1470 2146 1564 2198; x_wconf 77' lang='grc' dir='ltr'>καὶ</span> <span class='ocrx_word' id='word_1_273' title='bbox 1588 2146 1639 2199; x_wconf 75' lang='grc' dir='ltr'><strong>τί</strong></span> 
     </span>
    </p>
   </div>
   <div class='ocr_carea' id='block_1_37' title="bbox 1837 2134 3340 2221">
    <p class='ocr_par' dir='ltr' id='par_1_37' title="bbox 1837 2148 3340 2221">
     <span class='ocr_line' id='line_1_37' title="bbox 1837 2148 3340 2221; baseline -0.006 -17"><span class='ocrx_word' id='word_1_274' title='bbox 1837 2150 2011 2206; x_wconf 85' lang='lat' dir='ltr'><strong>tiones</strong></span> <span class='ocrx_word' id='word_1_275' title='bbox 2070 2150 2407 2221; x_wconf 87' lang='lat' dir='ltr'><strong>impertiunt.</strong></span> <span class='ocrx_word' id='word_1_276' title='bbox 2442 2148 2486 2204; x_wconf 84' lang='lat' dir='ltr'><strong>A</strong></span> <span class='ocrx_word' id='word_1_277' title='bbox 2533 2158 2717 2204; x_wconf 87' lang='lat' dir='ltr'><strong>nostro</strong></span> <span class='ocrx_word' id='word_1_278' title='bbox 2756 2156 2934 2203; x_wconf 90' lang='lat' dir='ltr'><strong>autem</strong></span> <span class='ocrx_word' id='word_1_279' title='bbox 2986 2159 3193 2216; x_wconf 83' lang='lat' dir='ltr'><strong>organo</strong></span> <span class='ocrx_word' id='word_1_280' title='bbox 3221 2158 3340 2199; x_wconf 88' lang='lat' dir='ltr'><strong>eam</strong></span> 
     </span>
    </p>
   </div>
   <div class='ocr_carea' id='block_1_38' title="bbox 141 2227 1644 2324">
    <p class='ocr_par' dir='ltr' id='par_1_38' title="bbox 141 2227 1644 2324">
     <span class='ocr_line' id='line_1_38' title="bbox 141 2227 1644 2324; baseline 0.009 -45"><span class='ocrx_word' id='word_1_281' title='bbox 141 2243 157 2275; x_wconf 80' lang='grc' dir='ltr'><strong>ι</strong></span> <span class='ocrx_word' id='word_1_282' title='bbox 184 2227 286 2324; x_wconf 57' lang='grc' dir='ltr'><strong>μᾶν</strong></span> <span class='ocrx_word' id='word_1_283' title='bbox 311 2229 436 2324; x_wconf 74' lang='grc' dir='ltr'>γόνυ</span> <span class='ocrx_word' id='word_1_284' title='bbox 464 2230 678 2303; x_wconf 79' lang='grc' dir='ltr'>κάμψει</span> <span class='ocrx_word' id='word_1_285' title='bbox 715 2234 1073 2307; x_wconf 75' lang='grc' dir='ltr'>ἐπουρανίων.</span> <span class='ocrx_word' id='word_1_286' title='bbox 1106 2255 1130 2288; x_wconf 69' lang='grc' dir='ltr'><strong>ι</strong></span> <span class='ocrx_word' id='word_1_287' title='bbox 1158 2236 1235 2292; x_wconf 78' lang='grc' dir='ltr'><strong>Οὐ</strong></span> <span class='ocrx_word' id='word_1_288' title='bbox 1284 2237 1393 2309; x_wconf 67' lang='grc' dir='ltr'>γὰρ</span> <span class='ocrx_word' id='word_1_289' title='bbox 1419 2236 1555 2291; x_wconf 83' lang='grc' dir='ltr'>ὀστᾶ</span> <span class='ocrx_word' id='word_1_290' title='bbox 1580 2255 1644 2292; x_wconf 85' lang='grc' dir='ltr'><strong>κα</strong></span> 
     </span>
    </p>
   </div>
   <div class='ocr_carea' id='block_1_39' title="bbox 1843 2227 3346 2324">
    <p class='ocr_par' dir='ltr' id='par_1_39' title="bbox 1843 2238 3346 2314">
     <span class='ocr_line' id='line_1_39' title="bbox 1843 2238 3346 2314; baseline -0.005 -16"><span class='ocrx_word' id='word_1_291' title='bbox 1843 2243 2099 2309; x_wconf 72' lang='grc' dir='ltr'>νιιιίηανίι,</span> <span class='ocrx_word' id='word_1_292' title='bbox 2168 2243 2625 2314; x_wconf 87' lang='lat' dir='ltr'><strong>quemadmodum</strong></span> <span class='ocrx_word' id='word_1_293' title='bbox 2687 2251 2742 2295; x_wconf 92' lang='lat' dir='ltr'><strong>et</strong></span> <span class='ocrx_word' id='word_1_294' title='bbox 2798 2240 2965 2309; x_wconf 91' lang='lat' dir='ltr'><strong>illud,</strong></span> <span class='ocrx_word' id='word_1_295' title='bbox 3005 2257 3025 2292; x_wconf 77' lang='grc' dir='ltr'><strong>ι</strong></span> <span class='ocrx_word' id='word_1_296' title='bbox 3070 2238 3346 2293; x_wconf 85' lang='lat' dir='ltr'><strong>Flectetur</strong></span> 
     </span>
    </p>
   </div>
   <div class='ocr_carea' id='block_1_40' title="bbox 135 2316 1638 2407">
    <p class='ocr_par' dir='ltr' id='par_1_40' title="bbox 135 2316 1638 2407">
     <span class='ocr_line' id='line_1_40' title="bbox 135 2316 1638 2407; baseline 0.013 -42"><span class='ocrx_word' id='word_1_297' title='bbox 135 2316 275 2407; x_wconf 77' lang='grc' dir='ltr'>νεῦρα</span> <span class='ocrx_word' id='word_1_298' title='bbox 322 2316 560 2388; x_wconf 78' lang='grc' dir='ltr'>ἔχουσιν,</span> <span class='ocrx_word' id='word_1_299' title='bbox 603 2322 738 2379; x_wconf 84' lang='grc' dir='ltr'><strong>ἀλλά</strong></span> <span class='ocrx_word' id='word_1_300' title='bbox 771 2325 873 2397; x_wconf 85' lang='grc' dir='ltr'>τὴν</span> <span class='ocrx_word' id='word_1_301' title='bbox 928 2328 1336 2398; x_wconf 75' lang='grc' dir='ltr'>ἐπιτεταμένην</span> <span class='ocrx_word' id='word_1_302' title='bbox 1394 2329 1638 2399; x_wconf 82' lang='grc' dir='ltr'>ὑποταγὴ</span> 
     </span>
    </p>
   </div>
   <div class='ocr_carea' id='block_1_41' title="bbox 1848 2316 3351 2407">
    <p class='ocr_par' dir='ltr' id='par_1_41' title="bbox 1848 2334 3351 2407">
     <span class='ocr_line' id='line_1_41' title="bbox 1848 2334 3351 2407; baseline -0.002 -18"><span class='ocrx_word' id='word_1_303' title='bbox 1848 2351 1941 2392; x_wconf 77' lang='lat' dir='ltr'><strong>tne</strong></span> <span class='ocrx_word' id='word_1_304' title='bbox 1980 2352 2119 2407; x_wconf 83' lang='lat' dir='ltr'><strong>genu</strong></span> <span class='ocrx_word' id='word_1_305' title='bbox 2169 2336 2469 2393; x_wconf 66' lang='lat' dir='ltr'><strong>caelestium</strong></span> <span class='ocrx_word' id='word_1_306' title='bbox 2501 2348 2551 2391; x_wconf 86' lang='lat' dir='ltr'><strong>P.</strong></span> <span class='ocrx_word' id='word_1_307' title='bbox 2593 2355 2612 2388; x_wconf 76' lang='grc' dir='ltr'><strong>ι</strong></span> <span class='ocrx_word' id='word_1_308' title='bbox 2648 2334 2765 2390; x_wconf 86' lang='grc' dir='ltr'>Νοη</span> <span class='ocrx_word' id='word_1_309' title='bbox 2797 2337 2940 2389; x_wconf 90' lang='lat' dir='ltr'><strong>enim</strong></span> <span class='ocrx_word' id='word_1_310' title='bbox 2977 2349 3101 2391; x_wconf 88' lang='lat' dir='ltr'><strong>ossa</strong></span> <span class='ocrx_word' id='word_1_311' title='bbox 3136 2343 3190 2388; x_wconf 91' lang='lat' dir='ltr'><strong>et</strong></span> <span class='ocrx_word' id='word_1_312' title='bbox 3226 2346 3351 2387; x_wconf 87' lang='lat' dir='ltr'><strong>ner-</strong></span> 
     </span>
    </p>
   </div>
   <div class='ocr_carea' id='block_1_42' title="bbox 135 2405 1638 2496">
    <p class='ocr_par' dir='ltr' id='par_1_42' title="bbox 135 2405 1622 2491">
     <span class='ocr_line' id='line_1_42' title="bbox 135 2405 1622 2491; baseline 0.011 -34"><span class='ocrx_word' id='word_1_313' title='bbox 135 2405 355 2478; x_wconf 77' lang='grc' dir='ltr'>ἐδήλωσε.</span> <span class='ocrx_word' id='word_1_314' title='bbox 397 2429 433 2463; x_wconf 51' lang='grc' dir='ltr'><strong>ιν</strong></span> <span class='ocrx_word' id='word_1_315' title='bbox 458 2413 669 2482; x_wconf 74' lang='grc' dir='ltr'>Γέγονα</span> <span class='ocrx_word' id='word_1_316' title='bbox 713 2434 733 2469; x_wconf 71' lang='grc' dir='ltr'><strong>ι</strong></span> <span class='ocrx_word' id='word_1_317' title='bbox 782 2416 877 2483; x_wconf 74' lang='grc' dir='ltr'><strong>δὲ,</strong></span> <span class='ocrx_word' id='word_1_318' title='bbox 942 2419 1117 2489; x_wconf 82' lang='grc' dir='ltr'>φησὶ,</span> <span class='ocrx_word' id='word_1_319' title='bbox 1161 2438 1180 2471; x_wconf 71' lang='grc' dir='ltr'><strong>ι</strong></span> <span class='ocrx_word' id='word_1_320' title='bbox 1208 2420 1411 2488; x_wconf 80' lang='grc' dir='ltr'>χαλκὸς</span> <span class='ocrx_word' id='word_1_321' title='bbox 1435 2420 1622 2491; x_wconf 78' lang='grc' dir='ltr'>ἠχῶνο</span> 
     </span>
    </p>
   </div>
   <div class='ocr_carea' id='block_1_43' title="bbox 1842 2405 3345 2496">
    <p class='ocr_par' dir='ltr' id='par_1_43' title="bbox 1842 2426 3345 2496">
     <span class='ocr_line' id='line_1_43' title="bbox 1842 2426 3345 2496; baseline 0 -13"><span class='ocrx_word' id='word_1_322' title='bbox 1842 2446 1875 2483; x_wconf 69' lang='grc' dir='ltr'><strong>ιε</strong></span> <span class='ocrx_word' id='word_1_323' title='bbox 1903 2430 2129 2496; x_wconf 87' lang='lat' dir='ltr'><strong>habent,</strong></span> <span class='ocrx_word' id='word_1_324' title='bbox 2158 2430 2253 2485; x_wconf 89' lang='lat' dir='ltr'><strong>sed</strong></span> <span class='ocrx_word' id='word_1_325' title='bbox 2287 2445 2556 2483; x_wconf 86' lang='lat' dir='ltr'><strong>summam</strong></span> <span class='ocrx_word' id='word_1_326' title='bbox 2612 2427 3005 2492; x_wconf 81' lang='lat' dir='ltr'><strong>subiectionem</strong></span> <span class='ocrx_word' id='word_1_327' title='bbox 3059 2426 3345 2483; x_wconf 88' lang='lat' dir='ltr'><strong>iudicavit.</strong></span> 
     </span>
    </p>
   </div>
   <div class='ocr_carea' id='block_1_44' title="bbox 136 2498 1639 2592">
    <p class='ocr_par' dir='ltr' id='par_1_44' title="bbox 136 2498 1639 2583">
     <span class='ocr_line' id='line_1_44' title="bbox 136 2498 1639 2583; baseline 0.017 -33"><span class='ocrx_word' id='word_1_328' title='bbox 136 2498 404 2568; x_wconf 76' lang='grc' dir='ltr'>τουτέστιν,</span> <span class='ocrx_word' id='word_1_329' title='bbox 432 2505 625 2577; x_wconf 77' lang='grc' dir='ltr'>φωνὴν</span> <span class='ocrx_word' id='word_1_330' title='bbox 653 2508 753 2576; x_wconf 81' lang='grc' dir='ltr'>μὲν</span> <span class='ocrx_word' id='word_1_331' title='bbox 793 2508 998 2579; x_wconf 70' lang='grc' dir='ltr'>ἀφιεὶς,</span> <span class='ocrx_word' id='word_1_332' title='bbox 1034 2511 1156 2582; x_wconf 76' lang='grc' dir='ltr'>εικῆ</span> <span class='ocrx_word' id='word_1_333' title='bbox 1186 2511 1243 2565; x_wconf 80' lang='grc' dir='ltr'><strong>δὲ</strong></span> <span class='ocrx_word' id='word_1_334' title='bbox 1277 2513 1639 2583; x_wconf 72' lang='grc' dir='ltr'>φθεγγόμενος</span> 
     </span>
    </p>
   </div>
   <div class='ocr_carea' id='block_1_45' title="bbox 1851 2498 3354 2592">
    <p class='ocr_par' dir='ltr' id='par_1_45' title="bbox 1851 2518 3354 2592">
     <span class='ocr_line' id='line_1_45' title="bbox 1851 2518 3354 2592; baseline -0.003 -17"><span class='ocrx_word' id='word_1_335' title='bbox 1851 2519 2036 2577; x_wconf 75' lang='lat' dir='ltr'><strong>Factus</strong></span> <span class='ocrx_word' id='word_1_336' title='bbox 2095 2537 2238 2588; x_wconf 87' lang='lat' dir='ltr'><strong>sum,</strong></span> <span class='ocrx_word' id='word_1_337' title='bbox 2273 2540 2292 2574; x_wconf 73' lang='grc' dir='ltr'><strong>ι</strong></span> <span class='ocrx_word' id='word_1_338' title='bbox 2351 2523 2549 2592; x_wconf 89' lang='lat' dir='ltr'><strong>inquit,</strong></span> <span class='ocrx_word' id='word_1_339' title='bbox 2594 2539 2612 2573; x_wconf 82' lang='grc' dir='ltr'><strong>ι</strong></span> <span class='ocrx_word' id='word_1_340' title='bbox 2655 2536 2730 2576; x_wconf 65' lang='grc' dir='ltr'><strong>ωε</strong></span> <span class='ocrx_word' id='word_1_341' title='bbox 2777 2533 2999 2585; x_wconf 87' lang='lat' dir='ltr'><strong>sonans,</strong></span> <span class='ocrx_word' id='word_1_342' title='bbox 3033 2538 3052 2572; x_wconf 80' lang='grc' dir='ltr'><strong>ι</strong></span> <span class='ocrx_word' id='word_1_343' title='bbox 3124 2518 3228 2574; x_wconf 91' lang='lat' dir='ltr'><strong>hoc</strong></span> <span class='ocrx_word' id='word_1_344' title='bbox 3272 2529 3354 2572; x_wconf 90' lang='lat' dir='ltr'><strong>est</strong></span> 
     </span>
    </p>
   </div>
   <div class='ocr_carea' id='block_1_46' title="bbox 134 2594 1637 2700">
    <p class='ocr_par' dir='ltr' id='par_1_46' title="bbox 134 2594 1637 2700">
     <span class='ocr_line' id='line_1_46' title="bbox 134 2594 1637 2700; baseline 0.015 -54"><span class='ocrx_word' id='word_1_345' title='bbox 134 2594 212 2700; x_wconf 56' lang='grc' dir='ltr'>καὶ</span> <span class='ocrx_word' id='word_1_346' title='bbox 230 2595 444 2700; x_wconf 57' lang='grc' dir='ltr'>ὀχληρὸς</span> <span class='ocrx_word' id='word_1_347' title='bbox 473 2600 578 2671; x_wconf 82' lang='grc' dir='ltr'>ὣν,</span> <span class='ocrx_word' id='word_1_348' title='bbox 614 2605 818 2677; x_wconf 78' lang='grc' dir='ltr'><strong>μηδένα</strong></span> <span class='ocrx_word' id='word_1_349' title='bbox 840 2606 898 2661; x_wconf 83' lang='grc' dir='ltr'><strong>δὲ</strong></span> <span class='ocrx_word' id='word_1_350' title='bbox 944 2608 1196 2678; x_wconf 76' lang='grc' dir='ltr'>ὠφελῶν,</span> <span class='ocrx_word' id='word_1_351' title='bbox 1231 2610 1319 2665; x_wconf 85' lang='grc' dir='ltr'><strong>διὰ</strong></span> <span class='ocrx_word' id='word_1_352' title='bbox 1355 2612 1417 2664; x_wconf 77' lang='grc' dir='ltr'>τὸ</span> <span class='ocrx_word' id='word_1_353' title='bbox 1451 2611 1637 2685; x_wconf 82' lang='grc' dir='ltr'>ἀγάπη</span> 
     </span>
    </p>
   </div>
   <div class='ocr_carea' id='block_1_47' title="bbox 1848 2594 3351 2700">
    <p class='ocr_par' dir='ltr' id='par_1_47' title="bbox 1851 2612 3351 2686">
     <span class='ocr_line' id='line_1_47' title="bbox 1851 2612 3351 2686; baseline -0.003 -17"><span class='ocrx_word' id='word_1_354' title='bbox 1851 2629 1967 2670; x_wconf 90' lang='lat' dir='ltr'><strong>cem</strong></span> <span class='ocrx_word' id='word_1_355' title='bbox 2020 2615 2236 2686; x_wconf 88' lang='lat' dir='ltr'><strong>quidem</strong></span> <span class='ocrx_word' id='word_1_356' title='bbox 2299 2615 2490 2683; x_wconf 88' lang='lat' dir='ltr'><strong>edens,</strong></span> <span class='ocrx_word' id='word_1_357' title='bbox 2540 2625 2745 2671; x_wconf 88' lang='lat' dir='ltr'><strong>temere</strong></span> <span class='ocrx_word' id='word_1_358' title='bbox 2795 2622 2974 2669; x_wconf 89' lang='lat' dir='ltr'><strong>autem</strong></span> <span class='ocrx_word' id='word_1_359' title='bbox 3006 2612 3254 2682; x_wconf 89' lang='lat' dir='ltr'><strong>loquens,</strong></span> <span class='ocrx_word' id='word_1_360' title='bbox 3288 2625 3351 2665; x_wconf 91' lang='lat' dir='ltr'><strong>ac</strong></span> 
     </span>
    </p>
   </div>
   <div class='ocr_carea' id='block_1_48' title="bbox 136 2683 1639 2778">
    <p class='ocr_par' dir='ltr' id='par_1_48' title="bbox 136 2683 1639 2760">
     <span class='ocr_line' id='line_1_48' title="bbox 136 2683 1639 2760; baseline 0.003 -23"><span class='ocrx_word' id='word_1_361' title='bbox 136 2683 451 2760; x_wconf 74' lang='grc' dir='ltr'>ἐστερῆσθαι.</span> <span class='ocrx_word' id='word_1_362' title='bbox 1633 2683 1639 2685; x_wconf 63' lang='grc'><strong>’</strong></span> 
     </span>
    </p>
   </div>
   <div class='ocr_carea' id='block_1_49' title="bbox 1847 2683 3350 2778">
    <p class='ocr_par' dir='ltr' id='par_1_49' title="bbox 1847 2683 3350 2778">
     <span class='ocr_line' id='line_1_49' title="bbox 1847 2683 3350 2778; baseline -0.003 -15"><span class='ocrx_word' id='word_1_363' title='bbox 1847 2683 2092 2764; x_wconf 76' lang='lat' dir='ltr'><strong>rhulenta</strong></span> <span class='ocrx_word' id='word_1_364' title='bbox 2147 2706 2449 2777; x_wconf 81' lang='lat' dir='ltr'><strong>proferens,</strong></span> <span class='ocrx_word' id='word_1_365' title='bbox 2470 2707 2667 2778; x_wconf 90' lang='lat' dir='ltr'><strong>quibus</strong></span> <span class='ocrx_word' id='word_1_366' title='bbox 2689 2706 2892 2762; x_wconf 88' lang='lat' dir='ltr'><strong>nemini</strong></span> <span class='ocrx_word' id='word_1_367' title='bbox 2916 2705 3143 2777; x_wconf 85' lang='lat' dir='ltr'><strong>prosim,</strong></span> <span class='ocrx_word' id='word_1_368' title='bbox 3174 2718 3350 2776; x_wconf 90' lang='lat' dir='ltr'><strong>quan-</strong></span> 
     </span>
    </p>
   </div>
   <div class='ocr_carea' id='block_1_50' title="bbox 1782 2801 2850 2872">
    <p class='ocr_par' dir='ltr' id='par_1_50' title="bbox 1782 2801 2850 2872">
     <span class='ocr_line' id='line_1_50' title="bbox 1782 2801 2850 2872; baseline 0 -17"><span class='ocrx_word' id='word_1_369' title='bbox 1782 2801 2070 2872; x_wconf 88' lang='lat' dir='ltr'><strong>doquidem</strong></span> <span class='ocrx_word' id='word_1_370' title='bbox 2101 2802 2372 2858; x_wconf 88' lang='lat' dir='ltr'><strong>charitate</strong></span> <span class='ocrx_word' id='word_1_371' title='bbox 2403 2803 2504 2857; x_wconf 91' lang='lat' dir='ltr'><strong>sim</strong></span> <span class='ocrx_word' id='word_1_372' title='bbox 2528 2802 2850 2858; x_wconf 85' lang='lat' dir='ltr'><strong>destitutus.</strong></span> 
     </span>
    </p>
   </div>
   <div class='ocr_carea' id='block_1_51' title="bbox 193 2866 1696 2973">
    <p class='ocr_par' dir='ltr' id='par_1_51' title="bbox 193 2866 1679 2973">
     <span class='ocr_line' id='line_1_51' title="bbox 193 2866 1679 2973; baseline 0.013 -55"><span class='ocrx_word' id='word_1_373' title='bbox 193 2882 211 2917; x_wconf 76' lang='grc' dir='ltr'><strong>ι</strong></span> <span class='ocrx_word' id='word_1_374' title='bbox 239 2866 339 2920; x_wconf 74' lang='grc' dir='ltr'><strong>Καὶ</strong></span> <span class='ocrx_word' id='word_1_375' title='bbox 364 2868 460 2973; x_wconf 71' lang='grc' dir='ltr'><strong>ἑάν</strong></span> <span class='ocrx_word' id='word_1_376' title='bbox 482 2870 599 2944; x_wconf 78' lang='grc' dir='ltr'><strong>ἔχω</strong></span> <span class='ocrx_word' id='word_1_377' title='bbox 623 2878 981 2948; x_wconf 84' lang='grc' dir='ltr'>προφητείαν,</span> <span class='ocrx_word' id='word_1_378' title='bbox 1012 2881 1105 2934; x_wconf 80' lang='grc' dir='ltr'>καὶ</span> <span class='ocrx_word' id='word_1_379' title='bbox 1146 2880 1272 2935; x_wconf 80' lang='grc' dir='ltr'>εἰδῶ</span> <span class='ocrx_word' id='word_1_380' title='bbox 1306 2882 1376 2936; x_wconf 85' lang='grc' dir='ltr'><strong>τά</strong></span> <span class='ocrx_word' id='word_1_381' title='bbox 1404 2883 1679 2955; x_wconf 82' lang='grc' dir='ltr'>μυστήρια</span> 
     </span>
    </p>
   </div>
   <div class='ocr_carea' id='block_1_52' title="bbox 1853 2866 3356 2973">
    <p class='ocr_par' dir='ltr' id='par_1_52' title="bbox 1854 2866 3356 2973">
     <span class='ocr_line' id='line_1_52' title="bbox 1854 2866 3356 2973; baseline -0.001 -24"><span class='ocrx_word' id='word_1_382' title='bbox 1854 2866 2016 2949; x_wconf 57' lang='lat' dir='ltr'><strong>illius.</strong></span> <span class='ocrx_word' id='word_1_383' title='bbox 2046 2895 2103 2949; x_wconf 75' lang='grc'>2.</span> <span class='ocrx_word' id='word_1_384' title='bbox 2134 2914 2154 2949; x_wconf 84' lang='grc' dir='ltr'><strong>ι</strong></span> <span class='ocrx_word' id='word_1_385' title='bbox 2188 2892 2261 2950; x_wconf 83' lang='lat' dir='ltr'><strong>Et</strong></span> <span class='ocrx_word' id='word_1_386' title='bbox 2288 2896 2331 2950; x_wconf 88' lang='lat' dir='ltr'><strong>si</strong></span> <span class='ocrx_word' id='word_1_387' title='bbox 2356 2895 2516 2973; x_wconf 73' lang='lat'><strong>202</strong></span> <span class='ocrx_word' id='word_1_388' title='bbox 2536 2892 2778 2949; x_wconf 83' lang='lat' dir='ltr'><strong>habuero</strong></span> <span class='ocrx_word' id='word_1_389' title='bbox 2796 2892 3155 2964; x_wconf 83' lang='lat' dir='ltr'><strong>prophetiam,</strong></span> <span class='ocrx_word' id='word_1_390' title='bbox 3181 2898 3237 2947; x_wconf 87' lang='lat' dir='ltr'><strong>et</strong></span> <span class='ocrx_word' id='word_1_391' title='bbox 3261 2905 3356 2947; x_wconf 88' lang='lat' dir='ltr'><strong>no—</strong></span> 
     </span>
    </p>
   </div>
   <div class='ocr_carea' id='block_1_53' title="bbox 135 2958 1638 3062">
    <p class='ocr_par' dir='ltr' id='par_1_53' title="bbox 135 2958 1638 3062">
     <span class='ocr_line' id='line_1_53' title="bbox 135 2958 1638 3062; baseline 0.015 -52"><span class='ocrx_word' id='word_1_392' title='bbox 135 2958 306 3062; x_wconf 56' lang='grc' dir='ltr'>πάντα,</span> <span class='ocrx_word' id='word_1_393' title='bbox 333 2965 425 3062; x_wconf 70' lang='grc' dir='ltr'>καὶ</span> <span class='ocrx_word' id='word_1_394' title='bbox 464 2968 655 3022; x_wconf 82' lang='grc' dir='ltr'>πᾶσαν</span> <span class='ocrx_word' id='word_1_395' title='bbox 686 2969 784 3042; x_wconf 79' lang='grc' dir='ltr'>τὴν</span> <span class='ocrx_word' id='word_1_396' title='bbox 816 2972 1037 3037; x_wconf 84' lang='grc' dir='ltr'>γνῶσιν.</span> <span class='ocrx_word' id='word_1_397' title='bbox 1073 2975 1236 3045; x_wconf 75' lang='grc' dir='ltr'>ιΟὐχ</span> <span class='ocrx_word' id='word_1_398' title='bbox 1257 2974 1442 3038; x_wconf 81' lang='grc' dir='ltr'>ἁπλῶς</span> <span class='ocrx_word' id='word_1_399' title='bbox 1469 2993 1638 3047; x_wconf 81' lang='grc' dir='ltr'>προφτ</span> 
     </span>
    </p>
   </div>
   <div class='ocr_carea' id='block_1_54' title="bbox 1857 2958 3360 3062">
    <p class='ocr_par' dir='ltr' id='par_1_54' title="bbox 1857 2958 3360 3062">
     <span class='ocr_line' id='line_1_54' title="bbox 1857 2958 3360 3062; baseline -0.004 -18"><span class='ocrx_word' id='word_1_400' title='bbox 1857 2990 1952 3044; x_wconf 87' lang='lat' dir='ltr'><strong>rim</strong></span> <span class='ocrx_word' id='word_1_401' title='bbox 1981 2990 2243 3062; x_wconf 88' lang='lat' dir='ltr'><strong>mysteria</strong></span> <span class='ocrx_word' id='word_1_402' title='bbox 2271 2958 2479 3054; x_wconf 72' lang='lat' dir='ltr'><strong>omnia,</strong></span> <span class='ocrx_word' id='word_1_403' title='bbox 2509 2997 2566 3043; x_wconf 92' lang='lat' dir='ltr'><strong>et</strong></span> <span class='ocrx_word' id='word_1_404' title='bbox 2590 2999 2806 3044; x_wconf 88' lang='lat' dir='ltr'><strong>omnem</strong></span> <span class='ocrx_word' id='word_1_405' title='bbox 2837 2984 3144 3050; x_wconf 83' lang='lat' dir='ltr'><strong>scientiam.</strong></span> <span class='ocrx_word' id='word_1_406' title='bbox 3183 3003 3205 3038; x_wconf 75' lang='grc' dir='ltr'><strong>ι</strong></span> <span class='ocrx_word' id='word_1_407' title='bbox 3236 2982 3360 3038; x_wconf 84' lang='lat' dir='ltr'><strong>Non</strong></span> 
     </span>
    </p>
   </div>
   <div class='ocr_carea' id='block_1_55' title="bbox 134 3048 1637 3154">
    <p class='ocr_par' dir='ltr' id='par_1_55' title="bbox 134 3048 1637 3154">
     <span class='ocr_line' id='line_1_55' title="bbox 134 3048 1637 3154; baseline 0.015 -54"><span class='ocrx_word' id='word_1_408' title='bbox 134 3048 277 3154; x_wconf 74' lang='grc' dir='ltr'>τείαν,</span> <span class='ocrx_word' id='word_1_409' title='bbox 299 3054 428 3154; x_wconf 73' lang='grc' dir='ltr'><strong>ἀλλά</strong></span> <span class='ocrx_word' id='word_1_410' title='bbox 444 3059 566 3154; x_wconf 74' lang='grc' dir='ltr'><strong>τὴν</strong></span> <span class='ocrx_word' id='word_1_411' title='bbox 592 3061 922 3135; x_wconf 75' lang='grc' dir='ltr'>ἀκροτάτην,</span> <span class='ocrx_word' id='word_1_412' title='bbox 941 3065 1034 3120; x_wconf 73' lang='grc' dir='ltr'><strong>καὶ</strong></span> <span class='ocrx_word' id='word_1_413' title='bbox 1060 3070 1236 3122; x_wconf 84' lang='grc' dir='ltr'>πάντα</span> <span class='ocrx_word' id='word_1_414' title='bbox 1261 3068 1466 3123; x_wconf 73' lang='grc' dir='ltr'>εἰδυῖαν</span> <span class='ocrx_word' id='word_1_415' title='bbox 1485 3069 1553 3123; x_wconf 79' lang='grc' dir='ltr'>τὰ</span> <span class='ocrx_word' id='word_1_416' title='bbox 1578 3087 1637 3140; x_wconf 85' lang='grc' dir='ltr'><strong>μι</strong></span> 
     </span>
    </p>
   </div>
   <div class='ocr_carea' id='block_1_56' title="bbox 1856 3048 3359 3154">
    <p class='ocr_par' dir='ltr' id='par_1_56' title="bbox 1856 3048 3359 3154">
     <span class='ocr_line' id='line_1_56' title="bbox 1856 3048 3359 3154; baseline -0.006 -17"><span class='ocrx_word' id='word_1_417' title='bbox 1856 3048 2105 3154; x_wconf 71' lang='lat' dir='ltr'><strong>npliciler</strong></span> <span class='ocrx_word' id='word_1_418' title='bbox 2156 3048 2516 3153; x_wconf 83' lang='lat' dir='ltr'><strong>prophetiam,</strong></span> <span class='ocrx_word' id='word_1_419' title='bbox 2557 3082 2654 3137; x_wconf 87' lang='lat' dir='ltr'><strong>sed</strong></span> <span class='ocrx_word' id='word_1_420' title='bbox 2689 3079 2923 3134; x_wconf 82' lang='lat' dir='ltr'><strong>maxime</strong></span> <span class='ocrx_word' id='word_1_421' title='bbox 2966 3048 3275 3140; x_wconf 86' lang='lat' dir='ltr'><strong>sublimem,</strong></span> <span class='ocrx_word' id='word_1_422' title='bbox 3305 3083 3359 3128; x_wconf 89' lang='lat' dir='ltr'><strong>et</strong></span> 
     </span>
    </p>
   </div>
   <div class='ocr_carea' id='block_1_57' title="bbox 134 3144 1637 3246">
    <p class='ocr_par' dir='ltr' id='par_1_57' title="bbox 134 3144 1637 3246">
     <span class='ocr_line' id='line_1_57' title="bbox 134 3144 1637 3246; baseline 0.012 -46"><span class='ocrx_word' id='word_1_423' title='bbox 134 3144 322 3246; x_wconf 54' lang='lat' dir='ltr'><strong>Gfﬁpta.</strong></span> <span class='ocrx_word' id='word_1_424' title='bbox 339 3151 561 3246; x_wconf 54' lang='lat' dir='ltr'><strong>denet</strong></span> <span class='ocrx_word' id='word_1_425' title='bbox 579 3154 657 3218; x_wconf 77' lang='grc' dir='ltr'><strong>δὲ,</strong></span> <span class='ocrx_word' id='word_1_426' title='bbox 692 3156 809 3220; x_wconf 75' lang='grc' dir='ltr'><strong>πῶς</strong></span> <span class='ocrx_word' id='word_1_427' title='bbox 837 3160 930 3213; x_wconf 79' lang='grc' dir='ltr'><strong>ἐπὶ</strong></span> <span class='ocrx_word' id='word_1_428' title='bbox 959 3161 1057 3231; x_wconf 76' lang='grc' dir='ltr'><strong>μὲν</strong></span> <span class='ocrx_word' id='word_1_429' title='bbox 1084 3163 1192 3217; x_wconf 86' lang='grc' dir='ltr'><strong>τῶν</strong></span> <span class='ocrx_word' id='word_1_430' title='bbox 1210 3162 1495 3232; x_wconf 81' lang='grc' dir='ltr'>γλωσσῶν,</span> <span class='ocrx_word' id='word_1_431' title='bbox 1528 3164 1637 3218; x_wconf 85' lang='grc' dir='ltr'><strong>οὐδέ</strong></span> 
     </span>
    </p>
   </div>
   <div class='ocr_carea' id='block_1_58' title="bbox 1858 3144 3361 3246">
    <p class='ocr_par' dir='ltr' id='par_1_58' title="bbox 1859 3144 3361 3242">
     <span class='ocr_line' id='line_1_58' title="bbox 1859 3144 3361 3242; baseline -0.007 -12"><span class='ocrx_word' id='word_1_432' title='bbox 1859 3144 1907 3231; x_wconf 75' lang='lat' dir='ltr'><strong>ae</strong></span> <span class='ocrx_word' id='word_1_433' title='bbox 1926 3144 2183 3242; x_wconf 74' lang='lat' dir='ltr'><strong>mysteria</strong></span> <span class='ocrx_word' id='word_1_434' title='bbox 2211 3144 2390 3230; x_wconf 79' lang='lat' dir='ltr'><strong>omnia</strong></span> <span class='ocrx_word' id='word_1_435' title='bbox 2412 3144 2643 3229; x_wconf 77' lang='lat' dir='ltr'><strong>noverit.</strong></span> <span class='ocrx_word' id='word_1_436' title='bbox 2668 3170 2908 3228; x_wconf 83' lang='lat' dir='ltr'><strong>Observa</strong></span> <span class='ocrx_word' id='word_1_437' title='bbox 2930 3177 3111 3224; x_wconf 90' lang='lat' dir='ltr'><strong>autem</strong></span> <span class='ocrx_word' id='word_1_438' title='bbox 3138 3166 3282 3237; x_wconf 90' lang='lat' dir='ltr'><strong>quod</strong></span> <span class='ocrx_word' id='word_1_439' title='bbox 3294 3166 3361 3221; x_wconf 89' lang='lat' dir='ltr'><strong>de</strong></span> 
     </span>
    </p>
   </div>
   <div class='ocr_carea' id='block_1_59' title="bbox 131 3231 1634 3344">
    <p class='ocr_par' dir='ltr' id='par_1_59' title="bbox 131 3231 1634 3344">
     <span class='ocr_line' id='line_1_59' title="bbox 131 3231 1634 3344; baseline 0.019 -54"><span class='ocrx_word' id='word_1_440' title='bbox 131 3231 447 3344; x_wconf 51' lang='grc' dir='ltr'>εξῗενέῐναι</span> <span class='ocrx_word' id='word_1_441' title='bbox 493 3244 726 3315; x_wconf 57' lang='lat' dir='ltr'><strong>adfuit);-</strong></span> <span class='ocrx_word' id='word_1_442' title='bbox 786 3251 879 3304; x_wconf 79' lang='grc' dir='ltr'>ἐπὶ</span> <span class='ocrx_word' id='word_1_443' title='bbox 922 3252 980 3305; x_wconf 75' lang='grc' dir='ltr'><strong>δὲ</strong></span> <span class='ocrx_word' id='word_1_444' title='bbox 1033 3254 1149 3323; x_wconf 71' lang='grc' dir='ltr'><strong>τῆς</strong></span> <span class='ocrx_word' id='word_1_445' title='bbox 1193 3231 1562 3325; x_wconf 61' lang='grc' dir='ltr'>προφητείας.</span> <span class='ocrx_word' id='word_1_446' title='bbox 1620 3273 1634 3307; x_wconf 63' lang='grc' dir='ltr'>π</span> 
     </span>
    </p>
   </div>
   <div class='ocr_carea' id='block_1_60' title="bbox 1854 3231 3357 3344">
    <p class='ocr_par' dir='ltr' id='par_1_60' title="bbox 1854 3231 3357 3344">
     <span class='ocr_line' id='line_1_60' title="bbox 1854 3231 3357 3344; baseline -0.006 -23"><span class='ocrx_word' id='word_1_447' title='bbox 1854 3231 2234 3344; x_wconf 35' lang='grc' dir='ltr'>ιςιιὶειψιίιίοιη</span> <span class='ocrx_word' id='word_1_448' title='bbox 2260 3268 2462 3323; x_wconf 89' lang='lat' dir='ltr'><strong>nullam</strong></span> <span class='ocrx_word' id='word_1_449' title='bbox 2485 3264 2778 3321; x_wconf 88' lang='lat' dir='ltr'><strong>utilitatem</strong></span> <span class='ocrx_word' id='word_1_450' title='bbox 2804 3263 2941 3319; x_wconf 82' lang='lat' dir='ltr'><strong>dixit</strong></span> <span class='ocrx_word' id='word_1_451' title='bbox 2963 3274 3083 3332; x_wconf 74' lang='lat' dir='ltr'><strong>qua:</strong></span> <span class='ocrx_word' id='word_1_452' title='bbox 3104 3231 3185 3315; x_wconf 79' lang='lat' dir='ltr'><strong>eis</strong></span> <span class='ocrx_word' id='word_1_453' title='bbox 3211 3259 3357 3313; x_wconf 88' lang='lat' dir='ltr'><strong>ines-</strong></span> 
     </span>
    </p>
   </div>
   <div class='ocr_carea' id='block_1_61' title="bbox 131 3327 1634 3433">
    <p class='ocr_par' dir='ltr' id='par_1_61' title="bbox 131 3327 1634 3419">
     <span class='ocr_line' id='line_1_61' title="bbox 131 3327 1634 3419; baseline 0.014 -38"><span class='ocrx_word' id='word_1_454' title='bbox 131 3327 304 3386; x_wconf 71' lang='grc' dir='ltr'>ειδέναι</span> <span class='ocrx_word' id='word_1_455' title='bbox 324 3333 392 3389; x_wconf 81' lang='grc' dir='ltr'>τὰ</span> <span class='ocrx_word' id='word_1_456' title='bbox 441 3340 959 3412; x_wconf 68' lang='grc' dir='ltr'>μυστήριαιπάντα,</span> <span class='ocrx_word' id='word_1_457' title='bbox 990 3349 1085 3400; x_wconf 83' lang='grc' dir='ltr'>καὶ</span> <span class='ocrx_word' id='word_1_458' title='bbox 1119 3349 1300 3402; x_wconf 81' lang='grc' dir='ltr'>πᾶσαν</span> <span class='ocrx_word' id='word_1_459' title='bbox 1327 3347 1425 3419; x_wconf 78' lang='grc' dir='ltr'>τὴν</span> <span class='ocrx_word' id='word_1_460' title='bbox 1455 3348 1634 3418; x_wconf 68' lang='grc' dir='ltr'>γνῶσιε</span> 
     </span>
    </p>
   </div>
   <div class='ocr_carea' id='block_1_62' title="bbox 1859 3327 3362 3433">
    <p class='ocr_par' dir='ltr' id='par_1_62' title="bbox 1859 3327 3362 3433">
     <span class='ocr_line' id='line_1_62' title="bbox 1859 3327 3362 3433; baseline -0.007 -17"><span class='ocrx_word' id='word_1_461' title='bbox 1859 3327 1908 3429; x_wconf 47' lang='lat' dir='ltr'><strong>tu,</strong></span> <span class='ocrx_word' id='word_1_462' title='bbox 1936 3371 2001 3419; x_wconf 83' lang='lat' dir='ltr'><strong>at</strong></span> <span class='ocrx_word' id='word_1_463' title='bbox 2028 3327 2096 3419; x_wconf 79' lang='lat' dir='ltr'><strong>de</strong></span> <span class='ocrx_word' id='word_1_464' title='bbox 2125 3328 2407 3433; x_wconf 82' lang='lat' dir='ltr'><strong>prophetia</strong></span> <span class='ocrx_word' id='word_1_465' title='bbox 2435 3361 2539 3416; x_wconf 90' lang='lat' dir='ltr'><strong>hoc</strong></span> <span class='ocrx_word' id='word_1_466' title='bbox 2565 3357 2723 3424; x_wconf 80' lang='lat' dir='ltr'><strong>dixit,</strong></span> <span class='ocrx_word' id='word_1_467' title='bbox 2770 3354 2832 3412; x_wconf 85' lang='lat' dir='ltr'><strong>Si</strong></span> <span class='ocrx_word' id='word_1_468' title='bbox 2861 3327 3101 3411; x_wconf 79' lang='lat' dir='ltr'><strong>noverim</strong></span> <span class='ocrx_word' id='word_1_469' title='bbox 3157 3359 3362 3423; x_wconf 84' lang='lat' dir='ltr'><strong>mystc-</strong></span> 
     </span>
    </p>
   </div>
   <div class='ocr_carea' id='block_1_63' title="bbox 1788 3453 2805 3525">
    <p class='ocr_par' dir='ltr' id='par_1_63' title="bbox 1788 3453 2805 3525">
     <span class='ocr_line' id='line_1_63' title="bbox 1788 3453 2805 3525; baseline -0.009 -12"><span class='ocrx_word' id='word_1_470' title='bbox 1788 3460 1863 3513; x_wconf 88' lang='lat' dir='ltr'><strong>ria</strong></span> <span class='ocrx_word' id='word_1_471' title='bbox 1898 3458 2100 3525; x_wconf 89' lang='lat' dir='ltr'><strong>omnia,</strong></span> <span class='ocrx_word' id='word_1_472' title='bbox 2129 3466 2183 3512; x_wconf 91' lang='lat' dir='ltr'><strong>et</strong></span> <span class='ocrx_word' id='word_1_473' title='bbox 2243 3471 2456 3512; x_wconf 90' lang='lat' dir='ltr'><strong>omnem</strong></span> <span class='ocrx_word' id='word_1_474' title='bbox 2501 3453 2805 3509; x_wconf 86' lang='lat' dir='ltr'><strong>scientiam.</strong></span> 
     </span>
    </p>
   </div>
   <div class='ocr_carea' id='block_1_64' title="bbox 198 3539 1701 3625">
    <p class='ocr_par' dir='ltr' id='par_1_64' title="bbox 198 3539 1683 3625">
     <span class='ocr_line' id='line_1_64' title="bbox 198 3539 1683 3625; baseline 0.012 -35"><span class='ocrx_word' id='word_1_475' title='bbox 198 3556 216 3590; x_wconf 87' lang='grc' dir='ltr'><strong>ι</strong></span> <span class='ocrx_word' id='word_1_476' title='bbox 241 3539 345 3595; x_wconf 80' lang='grc' dir='ltr'><strong>Καὶ</strong></span> <span class='ocrx_word' id='word_1_477' title='bbox 370 3541 465 3597; x_wconf 68' lang='grc' dir='ltr'><strong>ἐὰν</strong></span> <span class='ocrx_word' id='word_1_478' title='bbox 488 3540 607 3613; x_wconf 75' lang='grc' dir='ltr'>ἔχω</span> <span class='ocrx_word' id='word_1_479' title='bbox 644 3546 825 3601; x_wconf 83' lang='grc' dir='ltr'>πᾶσαν</span> <span class='ocrx_word' id='word_1_480' title='bbox 854 3550 955 3618; x_wconf 80' lang='grc' dir='ltr'>τὴν</span> <span class='ocrx_word' id='word_1_481' title='bbox 978 3548 1183 3604; x_wconf 86' lang='grc' dir='ltr'>πίστιν.</span> <span class='ocrx_word' id='word_1_482' title='bbox 1213 3568 1234 3603; x_wconf 73' lang='grc' dir='ltr'><strong>ι</strong></span> <span class='ocrx_word' id='word_1_483' title='bbox 1268 3551 1386 3606; x_wconf 83' lang='grc' dir='ltr'>Ἵνα</span> <span class='ocrx_word' id='word_1_484' title='bbox 1434 3553 1512 3625; x_wconf 82' lang='grc' dir='ltr'>μὴ</span> <span class='ocrx_word' id='word_1_485' title='bbox 1557 3553 1683 3615; x_wconf 80' lang='grc' dir='ltr'>καθ’</span> 
     </span>
    </p>
   </div>
   <div class='ocr_carea' id='block_1_65' title="bbox 1854 3539 3357 3625">
    <p class='ocr_par' dir='ltr' id='par_1_65' title="bbox 1862 3539 3357 3609">
     <span class='ocr_line' id='line_1_65' title="bbox 1862 3539 3357 3609; baseline -0.011 -2"><span class='ocrx_word' id='word_1_486' title='bbox 1862 3574 1882 3607; x_wconf 74' lang='grc' dir='ltr'><strong>ι</strong></span> <span class='ocrx_word' id='word_1_487' title='bbox 1912 3551 1983 3609; x_wconf 84' lang='grc' dir='ltr'>Ει</span> <span class='ocrx_word' id='word_1_488' title='bbox 2024 3551 2068 3608; x_wconf 90' lang='lat' dir='ltr'><strong>si</strong></span> <span class='ocrx_word' id='word_1_489' title='bbox 2112 3552 2354 3607; x_wconf 58' lang='lat' dir='ltr'><strong>habuwro</strong></span> <span class='ocrx_word' id='word_1_490' title='bbox 2409 3563 2622 3604; x_wconf 83' lang='lat' dir='ltr'><strong>omnem</strong></span> <span class='ocrx_word' id='word_1_491' title='bbox 2682 3546 2862 3602; x_wconf 79' lang='lat' dir='ltr'><strong>ﬁdem.</strong></span> <span class='ocrx_word' id='word_1_492' title='bbox 2929 3561 2948 3596; x_wconf 72' lang='grc' dir='ltr'><strong>ι</strong></span> <span class='ocrx_word' id='word_1_493' title='bbox 2982 3539 3357 3609; x_wconf 74' lang='lat' dir='ltr'><strong>Nesigillatim</strong></span> 
     </span>
    </p>
   </div>
   <div class='ocr_carea' id='block_1_66' title="bbox 131 3627 1634 3717">
    <p class='ocr_par' dir='ltr' id='par_1_66' title="bbox 131 3627 1634 3717">
     <span class='ocr_line' id='line_1_66' title="bbox 131 3627 1634 3717; baseline 0.011 -34"><span class='ocrx_word' id='word_1_494' title='bbox 131 3627 336 3688; x_wconf 72' lang='grc' dir='ltr'>ἕκαστον</span> <span class='ocrx_word' id='word_1_495' title='bbox 370 3636 555 3705; x_wconf 75' lang='grc' dir='ltr'>λέγων</span> <span class='ocrx_word' id='word_1_496' title='bbox 581 3637 813 3710; x_wconf 79' lang='grc' dir='ltr'>ὀχληρὸς</span> <span class='ocrx_word' id='word_1_497' title='bbox 845 3641 1129 3712; x_wconf 81' lang='grc' dir='ltr'>φαίνηται,</span> <span class='ocrx_word' id='word_1_498' title='bbox 1160 3645 1254 3699; x_wconf 75' lang='grc' dir='ltr'>ἐπὶ</span> <span class='ocrx_word' id='word_1_499' title='bbox 1305 3645 1405 3716; x_wconf 84' lang='grc' dir='ltr'><strong>τὴν</strong></span> <span class='ocrx_word' id='word_1_500' title='bbox 1463 3646 1634 3717; x_wconf 72' lang='grc' dir='ltr'>μητέρ</span> 
     </span>
    </p>
   </div>
   <div class='ocr_carea' id='block_1_67' title="bbox 1854 3627 3357 3717">
    <p class='ocr_par' dir='ltr' id='par_1_67' title="bbox 1854 3633 3357 3709">
     <span class='ocr_line' id='line_1_67' title="bbox 1854 3633 3357 3709; baseline -0.01 -8"><span class='ocrx_word' id='word_1_501' title='bbox 1854 3647 2016 3701; x_wconf 80' lang='lat' dir='ltr'><strong>cendo</strong></span> <span class='ocrx_word' id='word_1_502' title='bbox 2074 3644 2337 3700; x_wconf 90' lang='lat' dir='ltr'><strong>molestus</strong></span> <span class='ocrx_word' id='word_1_503' title='bbox 2387 3643 2653 3709; x_wconf 88' lang='lat' dir='ltr'><strong>videatur,</strong></span> <span class='ocrx_word' id='word_1_504' title='bbox 2684 3640 2750 3694; x_wconf 89' lang='lat' dir='ltr'><strong>ad</strong></span> <span class='ocrx_word' id='word_1_505' title='bbox 2793 3646 3020 3694; x_wconf 89' lang='lat' dir='ltr'><strong>matrem</strong></span> <span class='ocrx_word' id='word_1_506' title='bbox 3068 3644 3124 3691; x_wconf 87' lang='lat' dir='ltr'><strong>et</strong></span> <span class='ocrx_word' id='word_1_507' title='bbox 3156 3633 3357 3689; x_wconf 77' lang='lat' dir='ltr'><strong>fontem</strong></span> 
     </span>
    </p>
   </div>
   <div class='ocr_carea' id='block_1_68' title="bbox 133 3722 1636 3811">
    <p class='ocr_par' dir='ltr' id='par_1_68' title="bbox 133 3722 1636 3811">
     <span class='ocr_line' id='line_1_68' title="bbox 133 3722 1636 3811; baseline 0.008 -33"><span class='ocrx_word' id='word_1_508' title='bbox 133 3728 212 3791; x_wconf 79' lang='grc' dir='ltr'>καὶ</span> <span class='ocrx_word' id='word_1_509' title='bbox 237 3726 329 3801; x_wconf 78' lang='grc' dir='ltr'>τὴν</span> <span class='ocrx_word' id='word_1_510' title='bbox 366 3730 561 3806; x_wconf 64' lang='grc' dir='ltr'>πηγὴν</span> <span class='ocrx_word' id='word_1_511' title='bbox 585 3732 841 3798; x_wconf 83' lang='grc' dir='ltr'>ἁπάντων</span> <span class='ocrx_word' id='word_1_512' title='bbox 866 3729 1020 3806; x_wconf 75' lang='grc' dir='ltr'>ἦλθε,</span> <span class='ocrx_word' id='word_1_513' title='bbox 1052 3735 1151 3811; x_wconf 79' lang='grc' dir='ltr'>τὴν</span> <span class='ocrx_word' id='word_1_514' title='bbox 1198 3737 1403 3802; x_wconf 84' lang='grc' dir='ltr'>πίστιν,</span> <span class='ocrx_word' id='word_1_515' title='bbox 1432 3740 1529 3801; x_wconf 72' lang='grc' dir='ltr'><strong>καὶ</strong></span> <span class='ocrx_word' id='word_1_516' title='bbox 1554 3722 1636 3791; x_wconf 79' lang='grc' dir='ltr'><strong>ται</strong></span> 
     </span>
    </p>
   </div>
   <div class='ocr_carea' id='block_1_69' title="bbox 1640 3722 3143 3811">
    <p class='ocr_par' dir='ltr' id='par_1_69' title="bbox 1640 3737 3143 3809">
     <span class='ocr_line' id='line_1_69' title="bbox 1640 3737 3143 3809; baseline -0.005 -18"><span class='ocrx_word' id='word_1_517' title='bbox 1640 3739 1686 3791; x_wconf 79' lang='lat' dir='ltr'><strong>i—</strong></span> <span class='ocrx_word' id='word_1_518' title='bbox 1787 3740 2052 3806; x_wconf 84' lang='lat' dir='ltr'><strong>omnium,</strong></span> <span class='ocrx_word' id='word_1_519' title='bbox 2088 3739 2243 3795; x_wconf 77' lang='lat' dir='ltr'><strong>fidem</strong></span> <span class='ocrx_word' id='word_1_520' title='bbox 2272 3737 2808 3809; x_wconf 33' lang='lat' dir='ltr'><strong>pervcnitteamque</strong></span> <span class='ocrx_word' id='word_1_521' title='bbox 2832 3746 3073 3793; x_wconf 82' lang='lat' dir='ltr'><strong>omnem.</strong></span> <span class='ocrx_word' id='word_1_522' title='bbox 3136 3750 3143 3761; x_wconf 73' lang='grc' dir='ltr'><strong>ι</strong></span> 
     </span>
    </p>
   </div>
   <div class='ocr_carea' id='block_1_70' title="bbox 128 3825 453 3888">
    <p class='ocr_par' dir='ltr' id='par_1_70' title="bbox 128 3825 453 3888">
     <span class='ocr_line' id='line_1_70' title="bbox 128 3825 453 3888; baseline 0.028 -15"><span class='ocrx_word' id='word_1_523' title='bbox 128 3832 232 3888; x_wconf 84' lang='grc' dir='ltr'>την,</span> <span class='ocrx_word' id='word_1_524' title='bbox 256 3825 453 3883; x_wconf 77' lang='grc' dir='ltr'>πᾶσαν.</span> 
     </span>
    </p>
   </div>
   <div class='ocr_carea' id='block_1_71' title="bbox 194 3910 1697 3995">
    <p class='ocr_par' dir='ltr' id='par_1_71' title="bbox 194 3916 1681 3995">
     <span class='ocr_line' id='line_1_71' title="bbox 194 3916 1681 3995; baseline 0.008 -29"><span class='ocrx_word' id='word_1_525' title='bbox 194 3931 213 3966; x_wconf 78' lang='grc' dir='ltr'><strong>ι</strong></span> <span class='ocrx_word' id='word_1_526' title='bbox 244 3916 399 3970; x_wconf 82' lang='grc' dir='ltr'>Ὥστε</span> <span class='ocrx_word' id='word_1_527' title='bbox 438 3917 546 3975; x_wconf 72' lang='grc' dir='ltr'><strong>καὶ</strong></span> <span class='ocrx_word' id='word_1_528' title='bbox 570 3917 672 3991; x_wconf 76' lang='grc' dir='ltr'>ὄρη</span> <span class='ocrx_word' id='word_1_529' title='bbox 716 3919 1062 3989; x_wconf 82' lang='grc' dir='ltr'>μεθιστάναι,</span> <span class='ocrx_word' id='word_1_530' title='bbox 1093 3922 1313 3995; x_wconf 85' lang='grc' dir='ltr'>ἀγάπην</span> <span class='ocrx_word' id='word_1_531' title='bbox 1333 3923 1390 3978; x_wconf 82' lang='grc' dir='ltr'>δὲ</span> <span class='ocrx_word' id='word_1_532' title='bbox 1419 3924 1520 3977; x_wconf 85' lang='grc' dir='ltr'><strong>οὐκ</strong></span> <span class='ocrx_word' id='word_1_533' title='bbox 1550 3924 1681 3995; x_wconf 77' lang='grc' dir='ltr'>ἔχω,</span> 
     </span>
    </p>
   </div>
   <div class='ocr_carea' id='block_1_72' title="bbox 1855 3910 3358 3995">
    <p class='ocr_par' dir='ltr' id='par_1_72' title="bbox 1864 3910 3358 3979">
     <span class='ocr_line' id='line_1_72' title="bbox 1864 3910 3358 3979; baseline -0.008 -5"><span class='ocrx_word' id='word_1_534' title='bbox 1864 3940 1882 3974; x_wconf 78' lang='grc' dir='ltr'><strong>ι</strong></span> <span class='ocrx_word' id='word_1_535' title='bbox 1918 3921 1987 3978; x_wconf 89' lang='lat' dir='ltr'><strong>Ut</strong></span> <span class='ocrx_word' id='word_1_536' title='bbox 2013 3928 2225 3974; x_wconf 88' lang='lat' dir='ltr'><strong>montes</strong></span> <span class='ocrx_word' id='word_1_537' title='bbox 2267 3916 2616 3979; x_wconf 80' lang='lat' dir='ltr'><strong>transferam,</strong></span> <span class='ocrx_word' id='word_1_538' title='bbox 2646 3910 2972 3969; x_wconf 88' lang='lat' dir='ltr'><strong>cbaritatem</strong></span> <span class='ocrx_word' id='word_1_539' title='bbox 3022 3919 3202 3964; x_wconf 89' lang='lat' dir='ltr'><strong>autem</strong></span> <span class='ocrx_word' id='word_1_540' title='bbox 3252 3923 3358 3962; x_wconf 87' lang='lat' dir='ltr'><strong>non</strong></span> 
     </span>
    </p>
   </div>
   <div class='ocr_carea' id='block_1_73' title="bbox 130 4005 1633 4087">
    <p class='ocr_par' dir='ltr' id='par_1_73' title="bbox 130 4005 1633 4087">
     <span class='ocr_line' id='line_1_73' title="bbox 130 4005 1633 4087; baseline 0.005 -26"><span class='ocrx_word' id='word_1_541' title='bbox 130 4005 263 4069; x_wconf 77' lang='grc' dir='ltr'>οὐδέν</span> <span class='ocrx_word' id='word_1_542' title='bbox 281 4012 412 4079; x_wconf 87' lang='grc' dir='ltr'>είμι.</span> <span class='ocrx_word' id='word_1_543' title='bbox 453 4030 473 4064; x_wconf 75' lang='grc' dir='ltr'><strong>ι</strong></span> <span class='ocrx_word' id='word_1_544' title='bbox 531 4010 753 4083; x_wconf 81' lang='grc' dir='ltr'>Ἐπειδὴ</span> <span class='ocrx_word' id='word_1_545' title='bbox 782 4013 957 4068; x_wconf 78' lang='grc' dir='ltr'>ἐδόκει</span> <span class='ocrx_word' id='word_1_546' title='bbox 1004 4016 1117 4077; x_wconf 64' lang='grc' dir='ltr'>τοῖς</span> <span class='ocrx_word' id='word_1_547' title='bbox 1139 4016 1470 4087; x_wconf 78' lang='grc' dir='ltr'>παχυτέροις</span> <span class='ocrx_word' id='word_1_548' title='bbox 1512 4016 1633 4086; x_wconf 79' lang='grc' dir='ltr'>μέγι</span> 
     </span>
    </p>
   </div>
   <div class='ocr_carea' id='block_1_74' title="bbox 1859 4005 3362 4087">
    <p class='ocr_par' dir='ltr' id='par_1_74' title="bbox 1861 4005 3362 4077">
     <span class='ocr_line' id='line_1_74' title="bbox 1861 4005 3362 4077; baseline -0.01 -9"><span class='ocrx_word' id='word_1_549' title='bbox 1861 4015 2040 4077; x_wconf 88' lang='lat' dir='ltr'><strong>beam,</strong></span> <span class='ocrx_word' id='word_1_550' title='bbox 2076 4010 2210 4067; x_wconf 87' lang='lat' dir='ltr'><strong>nihil</strong></span> <span class='ocrx_word' id='word_1_551' title='bbox 2239 4025 2379 4065; x_wconf 91' lang='lat' dir='ltr'><strong>sum.</strong></span> <span class='ocrx_word' id='word_1_552' title='bbox 2410 4028 2429 4061; x_wconf 74' lang='grc' dir='ltr'><strong>ι</strong></span> <span class='ocrx_word' id='word_1_553' title='bbox 2457 4006 2594 4077; x_wconf 87' lang='lat' dir='ltr'><strong>Quia</strong></span> <span class='ocrx_word' id='word_1_554' title='bbox 2617 4005 2908 4062; x_wconf 85' lang='lat' dir='ltr'><strong>videbatur</strong></span> <span class='ocrx_word' id='word_1_555' title='bbox 2955 4016 3207 4072; x_wconf 72' lang='lat' dir='ltr'><strong>magnum</strong></span> <span class='ocrx_word' id='word_1_556' title='bbox 3241 4015 3362 4055; x_wconf 88' lang='lat' dir='ltr'><strong>esse</strong></span> 
     </span>
    </p>
   </div>
   <div class='ocr_carea' id='block_1_75' title="bbox 131 4092 1634 4179">
    <p class='ocr_par' dir='ltr' id='par_1_75' title="bbox 131 4096 1634 4178">
     <span class='ocr_line' id='line_1_75' title="bbox 131 4096 1634 4178; baseline 0.009 -31"><span class='ocrx_word' id='word_1_557' title='bbox 131 4096 183 4148; x_wconf 74' lang='grc' dir='ltr'>τὸ</span> <span class='ocrx_word' id='word_1_558' title='bbox 217 4098 559 4168; x_wconf 81' lang='grc' dir='ltr'>μεθιστάνειν</span> <span class='ocrx_word' id='word_1_559' title='bbox 611 4102 683 4159; x_wconf 67' lang='grc' dir='ltr'><strong>τά</strong></span> <span class='ocrx_word' id='word_1_560' title='bbox 734 4103 861 4174; x_wconf 77' lang='grc' dir='ltr'>ὅρη,</span> <span class='ocrx_word' id='word_1_561' title='bbox 894 4103 1086 4158; x_wconf 81' lang='grc' dir='ltr'>τούτου</span> <span class='ocrx_word' id='word_1_562' title='bbox 1140 4105 1321 4169; x_wconf 65' lang='grc' dir='ltr'>ἕνεκα,</span> <span class='ocrx_word' id='word_1_563' title='bbox 1362 4108 1634 4178; x_wconf 83' lang='grc' dir='ltr'>ἐπεμνήσε</span> 
     </span>
    </p>
   </div>
   <div class='ocr_carea' id='block_1_76' title="bbox 1858 4092 3361 4179">
    <p class='ocr_par' dir='ltr' id='par_1_76' title="bbox 1858 4092 3361 4166">
     <span class='ocr_line' id='line_1_76' title="bbox 1858 4092 3361 4166; baseline -0.009 -9"><span class='ocrx_word' id='word_1_564' title='bbox 1858 4105 2098 4161; x_wconf 87' lang='lat' dir='ltr'><strong>dioribus</strong></span> <span class='ocrx_word' id='word_1_565' title='bbox 2153 4111 2368 4159; x_wconf 84' lang='lat' dir='ltr'><strong>montes</strong></span> <span class='ocrx_word' id='word_1_566' title='bbox 2397 4099 2717 4164; x_wconf 78' lang='lat' dir='ltr'><strong>transferre,</strong></span> <span class='ocrx_word' id='word_1_567' title='bbox 2766 4106 3055 4166; x_wconf 87' lang='lat' dir='ltr'><strong>propterea</strong></span> <span class='ocrx_word' id='word_1_568' title='bbox 3106 4093 3225 4163; x_wconf 85' lang='lat' dir='ltr'><strong>ejus</strong></span> <span class='ocrx_word' id='word_1_569' title='bbox 3283 4092 3361 4145; x_wconf 86' lang='lat' dir='ltr'><strong>rei</strong></span> 
     </span>
    </p>
   </div>
   <div class='ocr_carea' id='block_1_77' title="bbox 130 4185 1633 4271">
    <p class='ocr_par' dir='ltr' id='par_1_77' title="bbox 130 4190 1633 4271">
     <span class='ocr_line' id='line_1_77' title="bbox 130 4190 1633 4271; baseline 0.008 -28"><span class='ocrx_word' id='word_1_570' title='bbox 130 4190 295 4256; x_wconf 80' lang='grc' dir='ltr'>αὑτοῦ,</span> <span class='ocrx_word' id='word_1_571' title='bbox 325 4196 427 4271; x_wconf 78' lang='grc' dir='ltr'>οὐχ</span> <span class='ocrx_word' id='word_1_572' title='bbox 449 4196 546 4259; x_wconf 81' lang='grc' dir='ltr'><strong>ὅτι</strong></span> <span class='ocrx_word' id='word_1_573' title='bbox 575 4195 736 4259; x_wconf 78' lang='grc' dir='ltr'>τοῦτο</span> <span class='ocrx_word' id='word_1_574' title='bbox 767 4196 1180 4267; x_wconf 87' lang='grc' dir='ltr'>μόνονδύναται</span> <span class='ocrx_word' id='word_1_575' title='bbox 1206 4200 1251 4268; x_wconf 74' lang='grc' dir='ltr'><strong>ἡ</strong></span> <span class='ocrx_word' id='word_1_576' title='bbox 1281 4202 1435 4257; x_wconf 79' lang='grc' dir='ltr'>πᾶσα</span> <span class='ocrx_word' id='word_1_577' title='bbox 1459 4201 1633 4268; x_wconf 80' lang='grc' dir='ltr'>πίατις</span> 
     </span>
    </p>
   </div>
   <div class='ocr_carea' id='block_1_78' title="bbox 1861 4185 3364 4271">
    <p class='ocr_par' dir='ltr' id='par_1_78' title="bbox 1861 4185 3364 4269">
     <span class='ocr_line' id='line_1_78' title="bbox 1861 4185 3364 4269; baseline -0.011 -15"><span class='ocrx_word' id='word_1_578' title='bbox 1861 4197 2061 4265; x_wconf 68' lang='lat' dir='ltr'><strong>amittit,</strong></span> <span class='ocrx_word' id='word_1_579' title='bbox 2085 4211 2191 4252; x_wconf 91' lang='lat' dir='ltr'><strong>non</strong></span> <span class='ocrx_word' id='word_1_580' title='bbox 2223 4195 2366 4269; x_wconf 81' lang='lat' dir='ltr'><strong>quod</strong></span> <span class='ocrx_word' id='word_1_581' title='bbox 2395 4196 2498 4251; x_wconf 89' lang='lat' dir='ltr'><strong>hoc</strong></span> <span class='ocrx_word' id='word_1_582' title='bbox 2547 4191 2743 4249; x_wconf 27' lang='lat' dir='ltr'><strong>solum.</strong></span> <span class='ocrx_word' id='word_1_583' title='bbox 2777 4190 2952 4261; x_wconf 87' lang='lat' dir='ltr'><strong>possit</strong></span> <span class='ocrx_word' id='word_1_584' title='bbox 3008 4196 3118 4242; x_wconf 87' lang='lat' dir='ltr'><strong>tota</strong></span> <span class='ocrx_word' id='word_1_585' title='bbox 3181 4185 3315 4239; x_wconf 72' lang='lat' dir='ltr'><strong>fides</strong></span> <span class='ocrx_word' id='word_1_586' title='bbox 3350 4200 3364 4237; x_wconf 91' lang='lat'><strong>:</strong></span> 
     </span>
    </p>
   </div>
   <div class='ocr_carea' id='block_1_79' title="bbox 131 4278 1634 4368">
    <p class='ocr_par' dir='ltr' id='par_1_79' title="bbox 131 4283 1634 4365">
     <span class='ocr_line' id='line_1_79' title="bbox 131 4283 1634 4365; baseline 0.009 -31"><span class='ocrx_word' id='word_1_587' title='bbox 131 4283 182 4335; x_wconf 74' lang='grc' dir='ltr'>τὸ</span> <span class='ocrx_word' id='word_1_588' title='bbox 203 4287 303 4359; x_wconf 71' lang='grc' dir='ltr'><strong>γάρ</strong></span> <span class='ocrx_word' id='word_1_589' title='bbox 326 4288 436 4359; x_wconf 39' lang='grc' dir='ltr'>ὅρη.</span> <span class='ocrx_word' id='word_1_590' title='bbox 477 4288 852 4359; x_wconf 84' lang='grc' dir='ltr'>μεθιστάνειν,</span> <span class='ocrx_word' id='word_1_591' title='bbox 881 4290 911 4342; x_wconf 73' lang='grc' dir='ltr'><strong>ὁ</strong></span> <span class='ocrx_word' id='word_1_592' title='bbox 933 4289 1138 4362; x_wconf 79' lang='grc' dir='ltr'>Κύριος</span> <span class='ocrx_word' id='word_1_593' title='bbox 1188 4293 1370 4364; x_wconf 82' lang='grc' dir='ltr'>μικρῷ</span> <span class='ocrx_word' id='word_1_594' title='bbox 1405 4295 1561 4365; x_wconf 80' lang='grc' dir='ltr'>μέρει</span> <span class='ocrx_word' id='word_1_595' title='bbox 1587 4301 1634 4350; x_wconf 80' lang='grc' dir='ltr'><strong>τί</strong></span> 
     </span>
    </p>
   </div>
   <div class='ocr_carea' id='block_1_80' title="bbox 1863 4278 3366 4368">
    <p class='ocr_par' dir='ltr' id='par_1_80' title="bbox 1868 4278 3366 4355">
     <span class='ocr_line' id='line_1_80' title="bbox 1868 4278 3366 4355; baseline -0.011 -7"><span class='ocrx_word' id='word_1_596' title='bbox 1868 4306 1918 4347; x_wconf 89' lang='lat' dir='ltr'><strong>m</strong></span> <span class='ocrx_word' id='word_1_597' title='bbox 1958 4300 2171 4355; x_wconf 86' lang='lat' dir='ltr'><strong>montes</strong></span> <span class='ocrx_word' id='word_1_598' title='bbox 2196 4285 2635 4352; x_wconf 29' lang='lat' dir='ltr'><strong>transferre,.vel</strong></span> <span class='ocrx_word' id='word_1_599' title='bbox 2674 4284 2898 4339; x_wconf 72' lang='lat' dir='ltr'><strong>modica:</strong></span> <span class='ocrx_word' id='word_1_600' title='bbox 2926 4281 3050 4337; x_wconf 89' lang='lat' dir='ltr'><strong>tidei</strong></span> <span class='ocrx_word' id='word_1_601' title='bbox 3091 4279 3231 4351; x_wconf 92' lang='lat' dir='ltr'><strong>parti</strong></span> <span class='ocrx_word' id='word_1_602' title='bbox 3263 4278 3366 4332; x_wconf 81' lang='lat' dir='ltr'><strong>Do-</strong></span> 
     </span>
    </p>
   </div>
   <div class='ocr_carea' id='block_1_81' title="bbox 131 4372 1634 4465">
    <p class='ocr_par' dir='ltr' id='par_1_81' title="bbox 131 4376 1634 4465">
     <span class='ocr_line' id='line_1_81' title="bbox 131 4376 1634 4465; baseline 0.009 -37"><span class='ocrx_word' id='word_1_603' title='bbox 131 4376 345 4465; x_wconf 83' lang='grc' dir='ltr'>πίστεως</span> <span class='ocrx_word' id='word_1_604' title='bbox 366 4381 718 4452; x_wconf 85' lang='grc' dir='ltr'>ἀνατίθησιν,</span> <span class='ocrx_word' id='word_1_605' title='bbox 738 4380 912 4437; x_wconf 75' lang='grc' dir='ltr'>εἰπών</span> <span class='ocrx_word' id='word_1_606' title='bbox 940 4399 954 4414; x_wconf 78' lang='grc' dir='ltr'><strong>ο</strong></span> <span class='ocrx_word' id='word_1_607' title='bbox 990 4402 1010 4436; x_wconf 78' lang='grc' dir='ltr'><strong>ι</strong></span> <span class='ocrx_word' id='word_1_608' title='bbox 1060 4383 1187 4438; x_wconf 76' lang='grc' dir='ltr'>Ἐάν</span> <span class='ocrx_word' id='word_1_609' title='bbox 1210 4384 1370 4457; x_wconf 77' lang='grc' dir='ltr'>ἔχητε</span> <span class='ocrx_word' id='word_1_610' title='bbox 1403 4388 1589 4443; x_wconf 89' lang='grc' dir='ltr'>πίστιν</span> <span class='ocrx_word' id='word_1_611' title='bbox 1611 4389 1634 4442; x_wconf 81' lang='lat' dir='ltr'><strong>ti</strong></span> 
     </span>
    </p>
   </div>
   <div class='ocr_carea' id='block_1_82' title="bbox 1859 4372 3362 4465">
    <p class='ocr_par' dir='ltr' id='par_1_82' title="bbox 1859 4372 3362 4445">
     <span class='ocr_line' id='line_1_82' title="bbox 1859 4372 3362 4445; baseline -0.009 -6"><span class='ocrx_word' id='word_1_612' title='bbox 1859 4388 1972 4440; x_wconf 88' lang='lat' dir='ltr'><strong>inus</strong></span> <span class='ocrx_word' id='word_1_613' title='bbox 1996 4383 2267 4440; x_wconf 90' lang='lat' dir='ltr'><strong>ascribit:</strong></span> <span class='ocrx_word' id='word_1_614' title='bbox 2324 4380 2428 4436; x_wconf 78' lang='grc' dir='ltr'>ι.δὶ</span> <span class='ocrx_word' id='word_1_615' title='bbox 2456 4378 2729 4445; x_wconf 83' lang='lat' dir='ltr'><strong>habeatis,</strong></span> <span class='ocrx_word' id='word_1_616' title='bbox 2789 4396 2809 4431; x_wconf 73' lang='grc' dir='ltr'><strong>ι</strong></span> <span class='ocrx_word' id='word_1_617' title='bbox 2844 4376 3116 4445; x_wconf 88' lang='lat' dir='ltr'><strong>inquiens,</strong></span> <span class='ocrx_word' id='word_1_618' title='bbox 3146 4391 3165 4424; x_wconf 83' lang='grc'><em>‹</em></span> <span class='ocrx_word' id='word_1_619' title='bbox 3200 4372 3362 4428; x_wconf 86' lang='lat' dir='ltr'><strong>tidem</strong></span> 
     </span>
    </p>
   </div>
   <div class='ocr_carea' id='block_1_83' title="bbox 130 4465 1633 4554">
    <p class='ocr_par' dir='ltr' id='par_1_83' title="bbox 130 4468 1633 4554">
     <span class='ocr_line' id='line_1_83' title="bbox 130 4468 1633 4554; baseline 0.01 -33"><span class='ocrx_word' id='word_1_620' title='bbox 130 4468 310 4526; x_wconf 79' lang='grc' dir='ltr'>κόκκον</span> <span class='ocrx_word' id='word_1_621' title='bbox 369 4477 674 4539; x_wconf 83' lang='grc' dir='ltr'>σινάπεως.</span> <span class='ocrx_word' id='word_1_622' title='bbox 706 4495 726 4528; x_wconf 74' lang='grc' dir='ltr'><strong>ι</strong></span> <span class='ocrx_word' id='word_1_623' title='bbox 762 4476 906 4548; x_wconf 89' lang='grc' dir='ltr'>Ὅρα</span> <span class='ocrx_word' id='word_1_624' title='bbox 932 4476 1011 4543; x_wconf 77' lang='grc' dir='ltr'><strong>δὲ,</strong></span> <span class='ocrx_word' id='word_1_625' title='bbox 1047 4476 1167 4541; x_wconf 80' lang='grc' dir='ltr'><strong>πῶς</strong></span> <span class='ocrx_word' id='word_1_626' title='bbox 1200 4478 1291 4533; x_wconf 77' lang='grc' dir='ltr'><strong>διὰ</strong></span> <span class='ocrx_word' id='word_1_627' title='bbox 1324 4481 1427 4552; x_wconf 81' lang='grc' dir='ltr'>τῆς</span> <span class='ocrx_word' id='word_1_628' title='bbox 1463 4499 1633 4554; x_wconf 80' lang='grc' dir='ltr'>προφι</span> 
     </span>
    </p>
   </div>
   <div class='ocr_carea' id='block_1_84' title="bbox 1858 4465 3361 4554">
    <p class='ocr_par' dir='ltr' id='par_1_84' title="bbox 1879 4465 3361 4551">
     <span class='ocr_line' id='line_1_84' title="bbox 1879 4465 3361 4551; baseline -0.009 -18"><span class='ocrx_word' id='word_1_629' title='bbox 1879 4494 2107 4551; x_wconf 76' lang='lat' dir='ltr'><strong>granum</strong></span> <span class='ocrx_word' id='word_1_630' title='bbox 2139 4477 2413 4548; x_wconf 74' lang='lat' dir='ltr'><strong>sinapisq.</strong></span> <span class='ocrx_word' id='word_1_631' title='bbox 2441 4494 2460 4527; x_wconf 71' lang='grc' dir='ltr'><strong>ι</strong></span> <span class='ocrx_word' id='word_1_632' title='bbox 2488 4472 2732 4529; x_wconf 89' lang='lat' dir='ltr'><strong>Observa</strong></span> <span class='ocrx_word' id='word_1_633' title='bbox 2763 4479 2945 4526; x_wconf 90' lang='lat' dir='ltr'><strong>autem</strong></span> <span class='ocrx_word' id='word_1_634' title='bbox 2962 4469 3065 4526; x_wconf 81' lang='lat' dir='ltr'><strong>.ltic</strong></span> <span class='ocrx_word' id='word_1_635' title='bbox 3086 4465 3361 4538; x_wconf 92' lang='lat' dir='ltr'><strong>quomodo</strong></span> 
     </span>
    </p>
   </div>
   <div class='ocr_carea' id='block_1_85' title="bbox 130 4557 1633 4645">
    <p class='ocr_par' dir='ltr' id='par_1_85' title="bbox 130 4557 1633 4645">
     <span class='ocr_line' id='line_1_85' title="bbox 130 4557 1633 4645; baseline 0.013 -37"><span class='ocrx_word' id='word_1_636' title='bbox 130 4557 260 4623; x_wconf 82' lang='grc' dir='ltr'>τείας</span> <span class='ocrx_word' id='word_1_637' title='bbox 280 4561 500 4635; x_wconf 77' lang='grc' dir='ltr'>καὶτῆς</span> <span class='ocrx_word' id='word_1_638' title='bbox 532 4565 792 4632; x_wconf 86' lang='grc' dir='ltr'>πίστεως,</span> <span class='ocrx_word' id='word_1_639' title='bbox 827 4566 1010 4622; x_wconf 85' lang='grc' dir='ltr'>πάντα</span> <span class='ocrx_word' id='word_1_640' title='bbox 1041 4567 1112 4622; x_wconf 84' lang='grc' dir='ltr'><strong>τά</strong></span> <span class='ocrx_word' id='word_1_641' title='bbox 1155 4570 1495 4642; x_wconf 61' lang='grc' dir='ltr'>χαρίσματα,</span> <span class='ocrx_word' id='word_1_642' title='bbox 1529 4591 1633 4645; x_wconf 89' lang='grc' dir='ltr'><strong>περ</strong></span> 
     </span>
    </p>
   </div>
   <div class='ocr_carea' id='block_1_86' title="bbox 1864 4557 3367 4645">
    <p class='ocr_par' dir='ltr' id='par_1_86' title="bbox 1867 4559 3367 4638">
     <span class='ocr_line' id='line_1_86' title="bbox 1867 4559 3367 4638; baseline -0.008 -16"><span class='ocrx_word' id='word_1_643' title='bbox 1867 4587 1890 4622; x_wconf 91' lang='lat' dir='ltr'><strong>r</strong></span> <span class='ocrx_word' id='word_1_644' title='bbox 1921 4569 2259 4638; x_wconf 85' lang='lat' dir='ltr'><strong>prophetiam</strong></span> <span class='ocrx_word' id='word_1_645' title='bbox 2279 4575 2334 4621; x_wconf 91' lang='lat' dir='ltr'><strong>et</strong></span> <span class='ocrx_word' id='word_1_646' title='bbox 2358 4565 2520 4620; x_wconf 81' lang='lat' dir='ltr'><strong>ﬁdem</strong></span> <span class='ocrx_word' id='word_1_647' title='bbox 2549 4562 2733 4619; x_wconf 86' lang='lat' dir='ltr'><strong>omnia</strong></span> <span class='ocrx_word' id='word_1_648' title='bbox 2756 4559 3088 4616; x_wconf 82' lang='lat' dir='ltr'><strong>charismata</strong></span> <span class='ocrx_word' id='word_1_649' title='bbox 3115 4571 3367 4625; x_wconf 89' lang='lat' dir='ltr'><strong>compre-</strong></span> 
     </span>
    </p>
   </div>
   <div class='ocr_carea' id='block_1_87' title="bbox 130 4647 1633 4733">
    <p class='ocr_par' dir='ltr' id='par_1_87' title="bbox 130 4647 1627 4733">
     <span class='ocr_line' id='line_1_87' title="bbox 130 4647 1627 4733; baseline 0.011 -32"><span class='ocrx_word' id='word_1_650' title='bbox 130 4647 302 4705; x_wconf 77' lang='grc' dir='ltr'>ἐλαϐεν</span> <span class='ocrx_word' id='word_1_651' title='bbox 322 4669 338 4685; x_wconf 79' lang='grc' dir='ltr'><strong>ο</strong></span> <span class='ocrx_word' id='word_1_652' title='bbox 367 4653 402 4724; x_wconf 74' lang='grc' dir='ltr'><strong>ἢ</strong></span> <span class='ocrx_word' id='word_1_653' title='bbox 431 4654 545 4724; x_wconf 77' lang='grc' dir='ltr'><strong>γὰρ</strong></span> <span class='ocrx_word' id='word_1_654' title='bbox 574 4656 633 4709; x_wconf 81' lang='grc' dir='ltr'>ἐν</span> <span class='ocrx_word' id='word_1_655' title='bbox 658 4655 862 4724; x_wconf 84' lang='grc' dir='ltr'>λόγοις,</span> <span class='ocrx_word' id='word_1_656' title='bbox 888 4656 922 4728; x_wconf 76' lang='grc' dir='ltr'>ἢ</span> <span class='ocrx_word' id='word_1_657' title='bbox 954 4659 1014 4712; x_wconf 84' lang='grc' dir='ltr'>ὲν</span> <span class='ocrx_word' id='word_1_658' title='bbox 1062 4658 1270 4733; x_wconf 70' lang='grc' dir='ltr'>ἔργοις,</span> <span class='ocrx_word' id='word_1_659' title='bbox 1295 4662 1402 4716; x_wconf 73' lang='grc' dir='ltr'>εἰσὶ</span> <span class='ocrx_word' id='word_1_660' title='bbox 1429 4662 1499 4727; x_wconf 73' lang='grc' dir='ltr'>τᾲ</span> <span class='ocrx_word' id='word_1_661' title='bbox 1560 4664 1627 4717; x_wconf 92' lang='grc' dir='ltr'><strong>θα</strong></span> 
     </span>
    </p>
   </div>
   <div class='ocr_carea' id='block_1_88' title="bbox 1863 4647 3366 4733">
    <p class='ocr_par' dir='ltr' id='par_1_88' title="bbox 1863 4648 3366 4723">
     <span class='ocr_line' id='line_1_88' title="bbox 1863 4648 3366 4723; baseline -0.011 -7"><span class='ocrx_word' id='word_1_662' title='bbox 1863 4661 2138 4716; x_wconf 89' lang='lat' dir='ltr'><strong>ndit:aut</strong></span> <span class='ocrx_word' id='word_1_663' title='bbox 2161 4661 2307 4716; x_wconf 87' lang='lat' dir='ltr'><strong>enim</strong></span> <span class='ocrx_word' id='word_1_664' title='bbox 2365 4659 2423 4714; x_wconf 86' lang='lat' dir='ltr'><strong>in</strong></span> <span class='ocrx_word' id='word_1_665' title='bbox 2461 4656 2646 4713; x_wconf 89' lang='lat' dir='ltr'><strong>verbis</strong></span> <span class='ocrx_word' id='word_1_666' title='bbox 2685 4653 2771 4710; x_wconf 87' lang='lat' dir='ltr'><strong>vel</strong></span> <span class='ocrx_word' id='word_1_667' title='bbox 2815 4652 3075 4723; x_wconf 84' lang='lat' dir='ltr'><strong>operibus</strong></span> <span class='ocrx_word' id='word_1_668' title='bbox 3105 4657 3236 4705; x_wconf 87' lang='lat' dir='ltr'><strong>sunt</strong></span> <span class='ocrx_word' id='word_1_669' title='bbox 3267 4648 3366 4702; x_wconf 86' lang='lat' dir='ltr'><strong>mi-</strong></span> 
     </span>
    </p>
   </div>
   <div class='ocr_carea' id='block_1_89' title="bbox 131 4739 1634 4831">
    <p class='ocr_par' dir='ltr' id='par_1_89' title="bbox 131 4739 1634 4831">
     <span class='ocr_line' id='line_1_89' title="bbox 131 4739 1634 4831; baseline 0.011 -35"><span class='ocrx_word' id='word_1_670' title='bbox 131 4757 278 4810; x_wconf 87' lang='grc' dir='ltr'>ματα.</span> <span class='ocrx_word' id='word_1_671' title='bbox 321 4746 438 4800; x_wconf 74' lang='grc' dir='ltr'><strong>Οὐκ</strong></span> <span class='ocrx_word' id='word_1_672' title='bbox 481 4739 605 4800; x_wconf 77' lang='grc' dir='ltr'>εἶπε</span> <span class='ocrx_word' id='word_1_673' title='bbox 656 4748 736 4814; x_wconf 75' lang='grc' dir='ltr'><strong>δὲ,</strong></span> <span class='ocrx_word' id='word_1_674' title='bbox 765 4749 849 4803; x_wconf 85' lang='grc' dir='ltr'><strong>ὅτι</strong></span> <span class='ocrx_word' id='word_1_675' title='bbox 884 4751 1136 4825; x_wconf 76' lang='grc' dir='ltr'>Ἀγάπην</span> <span class='ocrx_word' id='word_1_676' title='bbox 1175 4756 1250 4824; x_wconf 85' lang='grc' dir='ltr'>μὴ</span> <span class='ocrx_word' id='word_1_677' title='bbox 1294 4754 1457 4827; x_wconf 76' lang='grc' dir='ltr'>ἔχων,</span> <span class='ocrx_word' id='word_1_678' title='bbox 1497 4776 1634 4831; x_wconf 62' lang='grc' dir='ltr'>μικρι</span> 
     </span>
    </p>
   </div>
   <div class='ocr_carea' id='block_1_90' title="bbox 1863 4739 3366 4831">
    <p class='ocr_par' dir='ltr' id='par_1_90' title="bbox 1863 4742 3366 4811">
     <span class='ocr_line' id='line_1_90' title="bbox 1863 4742 3366 4811; baseline -0.011 0"><span class='ocrx_word' id='word_1_679' title='bbox 1863 4756 1996 4811; x_wconf 87' lang='lat' dir='ltr'><strong>cula.</strong></span> <span class='ocrx_word' id='word_1_680' title='bbox 2026 4755 2145 4810; x_wconf 84' lang='lat' dir='ltr'><strong>Non</strong></span> <span class='ocrx_word' id='word_1_681' title='bbox 2195 4753 2330 4809; x_wconf 85' lang='lat' dir='ltr'><strong>dixit</strong></span> <span class='ocrx_word' id='word_1_682' title='bbox 2385 4758 2568 4807; x_wconf 90' lang='lat' dir='ltr'><strong>autem</strong></span> <span class='ocrx_word' id='word_1_683' title='bbox 2622 4748 2951 4804; x_wconf 90' lang='lat' dir='ltr'><strong>charitatem</strong></span> <span class='ocrx_word' id='word_1_684' title='bbox 2987 4758 3094 4799; x_wconf 91' lang='lat' dir='ltr'><strong>non</strong></span> <span class='ocrx_word' id='word_1_685' title='bbox 3135 4742 3366 4805; x_wconf 89' lang='lat' dir='ltr'><strong>habens,</strong></span> 
     </span>
    </p>
   </div>
   <div class='ocr_carea' id='block_1_91' title="bbox 128 4832 1631 4919">
    <p class='ocr_par' dir='ltr' id='par_1_91' title="bbox 128 4832 1371 4915">
     <span class='ocr_line' id='line_1_91' title="bbox 128 4832 1371 4915; baseline 0.01 -28"><span class='ocrx_word' id='word_1_686' title='bbox 128 4835 230 4904; x_wconf 84' lang='grc' dir='ltr'>είμι</span> <span class='ocrx_word' id='word_1_687' title='bbox 249 4838 340 4891; x_wconf 83' lang='grc' dir='ltr'><strong>καὶ</strong></span> <span class='ocrx_word' id='word_1_688' title='bbox 364 4838 615 4910; x_wconf 76' lang='grc' dir='ltr'>εὐτελῆς,</span> <span class='ocrx_word' id='word_1_689' title='bbox 646 4841 783 4908; x_wconf 72' lang='grc' dir='ltr'>ἀλλ’,</span> <span class='ocrx_word' id='word_1_690' title='bbox 812 4861 833 4895; x_wconf 78' lang='grc' dir='ltr'><strong>ι</strong></span> <span class='ocrx_word' id='word_1_691' title='bbox 869 4844 1036 4898; x_wconf 82' lang='grc' dir='ltr'>Οὐδέν</span> <span class='ocrx_word' id='word_1_692' title='bbox 1064 4845 1202 4915; x_wconf 86' lang='grc' dir='ltr'>είμι.</span> <span class='ocrx_word' id='word_1_693' title='bbox 1233 4863 1257 4898; x_wconf 74' lang='grc' dir='ltr'><strong>ι</strong></span> <span class='ocrx_word' id='word_1_694' title='bbox 1368 4832 1371 4833; x_wconf 15' lang='grc' dir='ltr'><em>ν</em></span> 
     </span>
    </p>
   </div>
   <div class='ocr_carea' id='block_1_92' title="bbox 1685 4832 3188 4919">
    <p class='ocr_par' dir='ltr' id='par_1_92' title="bbox 1791 4837 3188 4919">
     <span class='ocr_line' id='line_1_92' title="bbox 1791 4837 3188 4919; baseline -0.014 -13"><span class='ocrx_word' id='word_1_695' title='bbox 1791 4849 2034 4919; x_wconf 83' lang='lat' dir='ltr'><strong>Modicus</strong></span> <span class='ocrx_word' id='word_1_696' title='bbox 2062 4863 2182 4903; x_wconf 87' lang='lat' dir='ltr'><strong>sum</strong></span> <span class='ocrx_word' id='word_1_697' title='bbox 2202 4854 2259 4901; x_wconf 88' lang='lat' dir='ltr'><strong>et</strong></span> <span class='ocrx_word' id='word_1_698' title='bbox 2289 4844 2689 4912; x_wconf 83' lang='lat' dir='ltr'><strong>vilis;verum,</strong></span> <span class='ocrx_word' id='word_1_699' title='bbox 2739 4858 2759 4892; x_wconf 86' lang='grc'><strong><em>‹</em></strong></span> <span class='ocrx_word' id='word_1_700' title='bbox 2799 4837 2944 4894; x_wconf 87' lang='lat' dir='ltr'><strong>Nihil</strong></span> <span class='ocrx_word' id='word_1_701' title='bbox 2984 4851 3127 4893; x_wconf 88' lang='lat' dir='ltr'><strong>sum.</strong></span> <span class='ocrx_word' id='word_1_702' title='bbox 3170 4854 3188 4887; x_wconf 80' lang='grc' dir='ltr'><strong>ι</strong></span> 
     </span>
    </p>
   </div>
   <div class='ocr_carea' id='block_1_93' title="bbox 193 4929 1696 5011">
    <p class='ocr_par' dir='ltr' id='par_1_93' title="bbox 193 4930 1681 5011">
     <span class='ocr_line' id='line_1_93' title="bbox 193 4930 1681 5011; baseline 0.009 -29"><span class='ocrx_word' id='word_1_703' title='bbox 193 4946 212 4979; x_wconf 78' lang='grc' dir='ltr'><strong>ι</strong></span> <span class='ocrx_word' id='word_1_704' title='bbox 247 4930 353 4985; x_wconf 78' lang='grc' dir='ltr'><strong>Καὶ</strong></span> <span class='ocrx_word' id='word_1_705' title='bbox 399 4932 500 4986; x_wconf 68' lang='grc' dir='ltr'><strong>ἑὰν</strong></span> <span class='ocrx_word' id='word_1_706' title='bbox 545 4931 786 5003; x_wconf 78' lang='grc' dir='ltr'>ψωμίσω</span> <span class='ocrx_word' id='word_1_707' title='bbox 826 4935 1006 4989; x_wconf 84' lang='grc' dir='ltr'>πάντα</span> <span class='ocrx_word' id='word_1_708' title='bbox 1038 4939 1106 4991; x_wconf 73' lang='grc' dir='ltr'>τὰ</span> <span class='ocrx_word' id='word_1_709' title='bbox 1134 4938 1457 5010; x_wconf 68' lang='grc' dir='ltr'>ὑπάρχοντά</span> <span class='ocrx_word' id='word_1_710' title='bbox 1489 4958 1618 5011; x_wconf 85' lang='grc' dir='ltr'>μου.</span> <span class='ocrx_word' id='word_1_711' title='bbox 1662 4963 1681 4996; x_wconf 77' lang='grc' dir='ltr'><strong>ι</strong></span> 
     </span>
    </p>
   </div>
   <div class='ocr_carea' id='block_1_94' title="bbox 1864 4929 3367 5011">
    <p class='ocr_par' dir='ltr' id='par_1_94' title="bbox 1864 4929 3367 4997">
     <span class='ocr_line' id='line_1_94' title="bbox 1864 4929 3367 4997; baseline -0.014 -1"><span class='ocrx_word' id='word_1_712' title='bbox 1864 4940 2027 4996; x_wconf 73' lang='lat' dir='ltr'><strong>Vens.</strong></span> <span class='ocrx_word' id='word_1_713' title='bbox 2085 4939 2139 4994; x_wconf 79' lang='grc'>5.</span> <span class='ocrx_word' id='word_1_714' title='bbox 2182 4957 2201 4990; x_wconf 78' lang='grc' dir='ltr'><strong>ι</strong></span> <span class='ocrx_word' id='word_1_715' title='bbox 2239 4936 2306 4991; x_wconf 82' lang='lat' dir='ltr'><strong>Et</strong></span> <span class='ocrx_word' id='word_1_716' title='bbox 2336 4937 2381 4992; x_wconf 89' lang='lat' dir='ltr'><strong>si</strong></span> <span class='ocrx_word' id='word_1_717' title='bbox 2427 4932 2834 4991; x_wconf 88' lang='lat' dir='ltr'><strong>distribueroin</strong></span> <span class='ocrx_word' id='word_1_718' title='bbox 2864 4929 3017 4987; x_wconf 88' lang='lat' dir='ltr'><strong>cibos</strong></span> <span class='ocrx_word' id='word_1_719' title='bbox 3070 4939 3367 4997; x_wconf 88' lang='lat' dir='ltr'><strong>pauperum</strong></span> 
     </span>
    </p>
   </div>
   <div class='ocr_carea' id='block_1_95' title="bbox 128 5013 1631 5104">
    <p class='ocr_par' dir='ltr' id='par_1_95' title="bbox 128 5013 1631 5104">
     <span class='ocr_line' id='line_1_95' title="bbox 128 5013 1631 5104; baseline 0.009 -32"><span class='ocrx_word' id='word_1_720' title='bbox 128 5019 230 5074; x_wconf 85' lang='grc' dir='ltr'><strong>Οὐκ</strong></span> <span class='ocrx_word' id='word_1_721' title='bbox 275 5019 625 5093; x_wconf 42' lang='grc' dir='ltr'>εἶπενκἚάν</span> <span class='ocrx_word' id='word_1_722' title='bbox 654 5026 730 5081; x_wconf 87' lang='grc' dir='ltr'>δῶ</span> <span class='ocrx_word' id='word_1_723' title='bbox 772 5027 939 5100; x_wconf 81' lang='grc' dir='ltr'>μέρος</span> <span class='ocrx_word' id='word_1_724' title='bbox 993 5029 1093 5100; x_wconf 83' lang='grc' dir='ltr'>τῆς</span> <span class='ocrx_word' id='word_1_725' title='bbox 1142 5013 1335 5096; x_wconf 70' lang='grc' dir='ltr'>οὐσίας</span> <span class='ocrx_word' id='word_1_726' title='bbox 1373 5051 1494 5104; x_wconf 82' lang='grc' dir='ltr'>μου,</span> <span class='ocrx_word' id='word_1_727' title='bbox 1526 5036 1631 5089; x_wconf 73' lang='grc' dir='ltr'><strong>ἀλλ</strong></span> 
     </span>
    </p>
   </div>
   <div class='ocr_carea' id='block_1_96' title="bbox 1867 5013 3370 5104">
    <p class='ocr_par' dir='ltr' id='par_1_96' title="bbox 1867 5014 3370 5088">
     <span class='ocr_line' id='line_1_96' title="bbox 1867 5014 3370 5088; baseline -0.013 -4"><span class='ocrx_word' id='word_1_728' title='bbox 1867 5047 1980 5086; x_wconf 87' lang='lat' dir='ltr'><strong>mes</strong></span> <span class='ocrx_word' id='word_1_729' title='bbox 2011 5029 2300 5085; x_wconf 78' lang='lat' dir='ltr'><strong>facultates</strong></span> <span class='ocrx_word' id='word_1_730' title='bbox 2330 5040 2507 5083; x_wconf 64' lang='lat' dir='ltr'><strong>meas.</strong></span> <span class='ocrx_word' id='word_1_731' title='bbox 2528 5043 2546 5078; x_wconf 79' lang='grc' dir='ltr'><strong>ι</strong></span> <span class='ocrx_word' id='word_1_732' title='bbox 2582 5022 2699 5078; x_wconf 89' lang='lat' dir='ltr'><strong>Non</strong></span> <span class='ocrx_word' id='word_1_733' title='bbox 2733 5020 2891 5088; x_wconf 86' lang='lat' dir='ltr'><strong>dixit,</strong></span> <span class='ocrx_word' id='word_1_734' title='bbox 2918 5019 2976 5076; x_wconf 86' lang='lat' dir='ltr'><strong>Si</strong></span> <span class='ocrx_word' id='word_1_735' title='bbox 3022 5026 3235 5088; x_wconf 89' lang='lat' dir='ltr'><strong>partem</strong></span> <span class='ocrx_word' id='word_1_736' title='bbox 3270 5014 3370 5067; x_wconf 59' lang='lat' dir='ltr'><strong>alio</strong></span> 
     </span>
    </p>
   </div>
   <div class='ocr_carea' id='block_1_97' title="bbox 135 5108 1638 5199">
    <p class='ocr_par' dir='ltr' id='par_1_97' title="bbox 135 5110 1638 5197">
     <span class='ocr_line' id='line_1_97' title="bbox 135 5110 1638 5197; baseline 0.013 -33"><span class='ocrx_word' id='word_1_737' title='bbox 135 5130 151 5162; x_wconf 78' lang='grc' dir='ltr'><strong>ι</strong></span> <span class='ocrx_word' id='word_1_738' title='bbox 181 5110 258 5167; x_wconf 73' lang='grc' dir='ltr'>Τὰ</span> <span class='ocrx_word' id='word_1_739' title='bbox 281 5117 530 5172; x_wconf 73' lang='grc' dir='ltr'>πάνταοι</span> <span class='ocrx_word' id='word_1_740' title='bbox 561 5118 655 5172; x_wconf 76' lang='grc' dir='ltr'>καὶ</span> <span class='ocrx_word' id='word_1_741' title='bbox 684 5118 785 5172; x_wconf 86' lang='grc' dir='ltr'>οὒκ</span> <span class='ocrx_word' id='word_1_742' title='bbox 812 5117 955 5187; x_wconf 71' lang='grc' dir='ltr'>εἶπε,</span> <span class='ocrx_word' id='word_1_743' title='bbox 982 5121 1088 5189; x_wconf 88' lang='grc' dir='ltr'>Δῶ,</span> <span class='ocrx_word' id='word_1_744' title='bbox 1120 5122 1276 5190; x_wconf 71' lang='grc' dir='ltr'>ἀλλὰ,</span> <span class='ocrx_word' id='word_1_745' title='bbox 1301 5144 1319 5175; x_wconf 78' lang='grc' dir='ltr'><strong>ι</strong></span> <span class='ocrx_word' id='word_1_746' title='bbox 1346 5127 1597 5197; x_wconf 81' lang='grc' dir='ltr'>Ψωμίσω</span> <span class='ocrx_word' id='word_1_747' title='bbox 1624 5145 1638 5160; x_wconf 85' lang='grc'><strong>·</strong></span> 
     </span>
    </p>
   </div>
   <div class='ocr_carea' id='block_1_98' title="bbox 1860 5108 3363 5199">
    <p class='ocr_par' dir='ltr' id='par_1_98' title="bbox 1860 5108 3363 5181">
     <span class='ocr_line' id='line_1_98' title="bbox 1860 5108 3363 5181; baseline -0.011 -5"><span class='ocrx_word' id='word_1_748' title='bbox 1860 5137 1957 5177; x_wconf 73' lang='lat' dir='ltr'><strong>tam</strong></span> <span class='ocrx_word' id='word_1_749' title='bbox 1986 5120 2590 5179; x_wconf 83' lang='lat' dir='ltr'><strong>facultatummearum</strong></span> <span class='ocrx_word' id='word_1_750' title='bbox 2619 5117 2840 5181; x_wconf 87' lang='lat' dir='ltr'><strong>dedero,</strong></span> <span class='ocrx_word' id='word_1_751' title='bbox 2862 5113 2979 5177; x_wconf 90' lang='lat' dir='ltr'><strong>sed,</strong></span> <span class='ocrx_word' id='word_1_752' title='bbox 3014 5130 3032 5164; x_wconf 87' lang='grc' dir='ltr'><strong>ι</strong></span> <span class='ocrx_word' id='word_1_753' title='bbox 3056 5108 3264 5167; x_wconf 84' lang='lat' dir='ltr'><strong>.Otnnes</strong></span> <span class='ocrx_word' id='word_1_754' title='bbox 3299 5124 3313 5161; x_wconf 90' lang='lat'><strong>:</strong></span> <span class='ocrx_word' id='word_1_755' title='bbox 3344 5125 3363 5159; x_wconf 75' lang='grc' dir='ltr'><strong>ι</strong></span> 
     </span>
    </p>
   </div>
   <div class='ocr_carea' id='block_1_99' title="bbox 129 5204 1632 5295">
    <p class='ocr_par' dir='ltr' id='par_1_99' title="bbox 129 5204 1632 5288">
     <span class='ocr_line' id='line_1_99' title="bbox 129 5204 1632 5288; baseline 0.009 -29"><span class='ocrx_word' id='word_1_756' title='bbox 129 5204 256 5261; x_wconf 79' lang='grc' dir='ltr'>ὥστε</span> <span class='ocrx_word' id='word_1_757' title='bbox 280 5211 647 5281; x_wconf 77' lang='grc' dir='ltr'>προσκεῖσθαι</span> <span class='ocrx_word' id='word_1_758' title='bbox 674 5214 742 5284; x_wconf 82' lang='grc' dir='ltr'>τῇ</span> <span class='ocrx_word' id='word_1_759' title='bbox 762 5212 979 5287; x_wconf 78' lang='grc' dir='ltr'>δαπάνῃ</span> <span class='ocrx_word' id='word_1_760' title='bbox 1011 5214 1106 5269; x_wconf 74' lang='grc' dir='ltr'>καὶ</span> <span class='ocrx_word' id='word_1_761' title='bbox 1132 5215 1229 5288; x_wconf 82' lang='grc' dir='ltr'><strong>τὴν</strong></span> <span class='ocrx_word' id='word_1_762' title='bbox 1249 5217 1550 5285; x_wconf 83' lang='grc' dir='ltr'>διακονίαν,</span> <span class='ocrx_word' id='word_1_763' title='bbox 1582 5220 1632 5274; x_wconf 77' lang='grc' dir='ltr'><strong>τί</strong></span> 
     </span>
    </p>
   </div>
   <div class='ocr_carea' id='block_1_100' title="bbox 1869 5204 3372 5295">
    <p class='ocr_par' dir='ltr' id='par_1_100' title="bbox 1869 5206 3372 5282">
     <span class='ocr_line' id='line_1_100' title="bbox 1869 5206 3372 5282; baseline -0.013 -10"><span class='ocrx_word' id='word_1_764' title='bbox 1869 5232 1894 5272; x_wconf 84' lang='lat' dir='ltr'><strong>e</strong></span> <span class='ocrx_word' id='word_1_765' title='bbox 1925 5217 2079 5282; x_wconf 85' lang='lat' dir='ltr'><strong>dixit,</strong></span> <span class='ocrx_word' id='word_1_766' title='bbox 2103 5214 2476 5280; x_wconf 87' lang='lat' dir='ltr'><strong>Dedero,_sed,</strong></span> <span class='ocrx_word' id='word_1_767' title='bbox 2504 5232 2535 5277; x_wconf 76' lang='grc' dir='ltr'><strong>ι</strong></span> <span class='ocrx_word' id='word_1_768' title='bbox 2574 5213 2632 5267; x_wconf 85' lang='lat' dir='ltr'><strong>In</strong></span> <span class='ocrx_word' id='word_1_769' title='bbox 2664 5210 2818 5267; x_wconf 86' lang='lat' dir='ltr'><strong>cibos</strong></span> <span class='ocrx_word' id='word_1_770' title='bbox 2838 5206 3193 5268; x_wconf 82' lang='lat' dir='ltr'><strong>distribuero,</strong></span> <span class='ocrx_word' id='word_1_771' title='bbox 3228 5219 3249 5254; x_wconf 79' lang='grc' dir='ltr'><strong>ι</strong></span> <span class='ocrx_word' id='word_1_772' title='bbox 3279 5210 3372 5254; x_wconf 89' lang='lat' dir='ltr'><strong>aut</strong></span> 
     </span>
    </p>
   </div>
   <div class='ocr_carea' id='block_1_101' title="bbox 134 5295 1637 5381">
    <p class='ocr_par' dir='ltr' id='par_1_101' title="bbox 134 5303 836 5380">
     <span class='ocr_line' id='line_1_101' title="bbox 134 5303 836 5380; baseline 0.011 -26"><span class='ocrx_word' id='word_1_773' title='bbox 134 5303 242 5366; x_wconf 81' lang='grc' dir='ltr'>μετ’</span> <span class='ocrx_word' id='word_1_774' title='bbox 272 5304 601 5376; x_wconf 71' lang='grc' dir='ltr'>ἐπιμελείας</span> <span class='ocrx_word' id='word_1_775' title='bbox 628 5307 836 5380; x_wconf 87' lang='grc' dir='ltr'>πάσης.</span> 
     </span>
    </p>
   </div>
   <div class='ocr_carea' id='block_1_102' title="bbox 1858 5295 3361 5381">
    <p class='ocr_par' dir='ltr' id='par_1_102' title="bbox 1863 5295 3361 5381">
     <span class='ocr_line' id='line_1_102' title="bbox 1863 5295 3361 5381; baseline -0.011 -16"><span class='ocrx_word' id='word_1_776' title='bbox 1863 5311 2029 5381; x_wconf 90' lang='lat' dir='ltr'><strong>mptui</strong></span> <span class='ocrx_word' id='word_1_777' title='bbox 2052 5307 2412 5364; x_wconf 87' lang='lat' dir='ltr'><strong>ministerium</strong></span> <span class='ocrx_word' id='word_1_778' title='bbox 2439 5321 2561 5363; x_wconf 88' lang='lat' dir='ltr'><strong>cum</strong></span> <span class='ocrx_word' id='word_1_779' title='bbox 2584 5302 2732 5362; x_wconf 91' lang='lat' dir='ltr'><strong>omni</strong></span> <span class='ocrx_word' id='word_1_780' title='bbox 2754 5298 3033 5370; x_wconf 79' lang='lat' dir='ltr'><strong>diligentia</strong></span> <span class='ocrx_word' id='word_1_781' title='bbox 3056 5295 3361 5367; x_wconf 83' lang='lat' dir='ltr'><strong>adjiciatur.</strong></span> 
     </span>
    </p>
   </div>
   <div class='ocr_carea' id='block_1_103' title="bbox 197 5385 1700 5478">
    <p class='ocr_par' dir='ltr' id='par_1_103' title="bbox 197 5398 1692 5478">
     <span class='ocr_line' id='line_1_103' title="bbox 197 5398 1692 5478; baseline 0.01 -30"><span class='ocrx_word' id='word_1_782' title='bbox 197 5416 216 5448; x_wconf 81' lang='grc' dir='ltr'><strong>ι</strong></span> <span class='ocrx_word' id='word_1_783' title='bbox 245 5398 354 5452; x_wconf 71' lang='grc' dir='ltr'>Καὶ</span> <span class='ocrx_word' id='word_1_784' title='bbox 388 5398 487 5453; x_wconf 70' lang='grc' dir='ltr'><strong>ἐὰν</strong></span> <span class='ocrx_word' id='word_1_785' title='bbox 514 5401 743 5472; x_wconf 86' lang='grc' dir='ltr'>παραδῶ</span> <span class='ocrx_word' id='word_1_786' title='bbox 793 5402 854 5457; x_wconf 81' lang='grc' dir='ltr'>τδ</span> <span class='ocrx_word' id='word_1_787' title='bbox 890 5403 1051 5475; x_wconf 82' lang='grc' dir='ltr'>σῶμά</span> <span class='ocrx_word' id='word_1_788' title='bbox 1088 5422 1192 5475; x_wconf 90' lang='grc' dir='ltr'><strong>μου</strong></span> <span class='ocrx_word' id='word_1_789' title='bbox 1213 5446 1228 5472; x_wconf 93' lang='grc'><strong>,</strong></span> <span class='ocrx_word' id='word_1_790' title='bbox 1259 5407 1349 5461; x_wconf 80' lang='grc' dir='ltr'><strong>ἵνα</strong></span> <span class='ocrx_word' id='word_1_791' title='bbox 1401 5407 1692 5478; x_wconf 71' lang='grc' dir='ltr'>καυθήσω-</span> 
     </span>
    </p>
   </div>
   <div class='ocr_carea' id='block_1_104' title="bbox 1863 5385 3366 5478">
    <p class='ocr_par' dir='ltr' id='par_1_104' title="bbox 1871 5385 3366 5478">
     <span class='ocr_line' id='line_1_104' title="bbox 1871 5385 3366 5478; baseline -0.013 -21"><span class='ocrx_word' id='word_1_792' title='bbox 1871 5423 1890 5457; x_wconf 77' lang='grc' dir='ltr'><strong>ι</strong></span> <span class='ocrx_word' id='word_1_793' title='bbox 1926 5404 1994 5463; x_wconf 85' lang='lat' dir='ltr'><strong>Et</strong></span> <span class='ocrx_word' id='word_1_794' title='bbox 2025 5404 2068 5458; x_wconf 90' lang='lat' dir='ltr'><strong>si</strong></span> <span class='ocrx_word' id='word_1_795' title='bbox 2098 5403 2300 5459; x_wconf 87' lang='lat' dir='ltr'><strong>dedero</strong></span> <span class='ocrx_word' id='word_1_796' title='bbox 2324 5415 2520 5472; x_wconf 87' lang='lat' dir='ltr'><strong>corpus</strong></span> <span class='ocrx_word' id='word_1_797' title='bbox 2549 5412 2727 5457; x_wconf 87' lang='lat' dir='ltr'><strong>meum</strong></span> <span class='ocrx_word' id='word_1_798' title='bbox 2751 5404 2810 5452; x_wconf 90' lang='lat' dir='ltr'><strong>ut</strong></span> <span class='ocrx_word' id='word_1_799' title='bbox 2832 5393 3074 5457; x_wconf 86' lang='lat' dir='ltr'><strong>ardeam,</strong></span> <span class='ocrx_word' id='word_1_800' title='bbox 3129 5385 3366 5478; x_wconf 86' lang='lat' dir='ltr'><strong>charita-</strong></span> 
     </span>
    </p>
   </div>
   <div class='ocr_carea' id='block_1_105' title="bbox 136 5477 1639 5573">
    <p class='ocr_par' dir='ltr' id='par_1_105' title="bbox 136 5477 1639 5573">
     <span class='ocr_line' id='line_1_105' title="bbox 136 5477 1639 5573; baseline 0.009 -32"><span class='ocrx_word' id='word_1_801' title='bbox 136 5504 261 5565; x_wconf 44' lang='lat' dir='ltr'><strong>tut,‘</strong></span> <span class='ocrx_word' id='word_1_802' title='bbox 297 5492 524 5573; x_wconf 65' lang='grc' dir='ltr'>ἀγάπην</span> <span class='ocrx_word' id='word_1_803' title='bbox 563 5494 623 5550; x_wconf 75' lang='grc' dir='ltr'><strong>δὲ</strong></span> <span class='ocrx_word' id='word_1_804' title='bbox 663 5495 739 5568; x_wconf 81' lang='grc' dir='ltr'>μὴ</span> <span class='ocrx_word' id='word_1_805' title='bbox 768 5494 896 5568; x_wconf 78' lang='grc' dir='ltr'>ἔχω,</span> <span class='ocrx_word' id='word_1_806' title='bbox 927 5496 1085 5555; x_wconf 75' lang='grc' dir='ltr'>οὐδὲν</span> <span class='ocrx_word' id='word_1_807' title='bbox 1114 5497 1453 5572; x_wconf 80' lang='grc' dir='ltr'>ὠφελοῦμαι.</span> <span class='ocrx_word' id='word_1_808' title='bbox 1503 5519 1543 5554; x_wconf 76' lang='grc' dir='ltr'><strong>ι.</strong></span> <span class='ocrx_word' id='word_1_809' title='bbox 1566 5477 1639 5554; x_wconf 82' lang='grc' dir='ltr'><strong>Οὐ</strong></span> 
     </span>
    </p>
   </div>
   <div class='ocr_carea' id='block_1_106' title="bbox 1883 5477 3386 5573">
    <p class='ocr_par' dir='ltr' id='par_1_106' title="bbox 1883 5477 3386 5560">
     <span class='ocr_line' id='line_1_106' title="bbox 1883 5477 3386 5560; baseline -0.011 -8"><span class='ocrx_word' id='word_1_810' title='bbox 1883 5512 1909 5551; x_wconf 82' lang='grc' dir='ltr'><strong>ιι</strong></span> <span class='ocrx_word' id='word_1_811' title='bbox 1935 5506 2118 5552; x_wconf 82' lang='lat' dir='ltr'><strong>autent</strong></span> <span class='ocrx_word' id='word_1_812' title='bbox 2168 5509 2273 5552; x_wconf 88' lang='lat' dir='ltr'><strong>non</strong></span> <span class='ocrx_word' id='word_1_813' title='bbox 2297 5494 2550 5560; x_wconf 83' lang='lat' dir='ltr'><strong>habeam,</strong></span> <span class='ocrx_word' id='word_1_814' title='bbox 2579 5486 2717 5545; x_wconf 86' lang='lat' dir='ltr'><strong>nihil</strong></span> <span class='ocrx_word' id='word_1_815' title='bbox 2747 5485 2878 5544; x_wconf 88' lang='lat' dir='ltr'><strong>mihi</strong></span> <span class='ocrx_word' id='word_1_816' title='bbox 2911 5481 3151 5557; x_wconf 85' lang='lat' dir='ltr'><strong>prodest.</strong></span> <span class='ocrx_word' id='word_1_817' title='bbox 3198 5497 3219 5533; x_wconf 75' lang='grc' dir='ltr'><strong>ι</strong></span> <span class='ocrx_word' id='word_1_818' title='bbox 3250 5477 3386 5535; x_wconf 79' lang='lat' dir='ltr'><strong>Non.</strong></span> 
     </span>
    </p>
   </div>
   <div class='ocr_carea' id='block_1_107' title="bbox 200 5654 1335 5733">
    <p class='ocr_par' dir='ltr' id='par_1_107' title="bbox 200 5654 1335 5733">
     <span class='ocr_line' id='line_1_107' title="bbox 200 5654 1335 5733; baseline 0.018 -30"><span class='ocrx_word' id='word_1_819' title='bbox 200 5663 227 5703; x_wconf 70' lang='grc' dir='ltr'>ι’</span> <span class='ocrx_word' id='word_1_820' title='bbox 261 5654 500 5729; x_wconf 86' lang='lat' dir='ltr'><strong>Philipp.</strong></span> <span class='ocrx_word' id='word_1_821' title='bbox 529 5674 589 5730; x_wconf 87' lang='lat' dir='ltr'><strong>tt,</strong></span> <span class='ocrx_word' id='word_1_822' title='bbox 618 5659 708 5716; x_wconf 80' lang='lat' dir='ltr'><strong>io.</strong></span> <span class='ocrx_word' id='word_1_823' title='bbox 782 5672 811 5713; x_wconf 74' lang='grc' dir='ltr'><strong>ιι</strong></span> <span class='ocrx_word' id='word_1_824' title='bbox 838 5659 1029 5719; x_wconf 76' lang='lat' dir='ltr'><strong>Matth.</strong></span> <span class='ocrx_word' id='word_1_825' title='bbox 1068 5680 1203 5733; x_wconf 82' lang='lat' dir='ltr'><strong>xvtt,</strong></span> <span class='ocrx_word' id='word_1_826' title='bbox 1246 5667 1335 5724; x_wconf 69' lang='grc' dir='ltr'><strong>ΞΟ.</strong></span> 
     </span>
    </p>
   </div>
   <div class='ocr_carea' id='block_1_108' title="bbox 1432 5777 1985 5845">
    <p class='ocr_par' dir='ltr' id='par_1_108' title="bbox 1432 5777 1985 5845">
     <span class='ocr_line' id='line_1_108' title="bbox 1432 5777 1985 5845; baseline 0 -6"><span class='ocrx_word' id='word_1_827' title='bbox 1432 5777 1639 5845; x_wconf 57' lang='grc' dir='ltr'>νεηνίεω,</span> <span class='ocrx_word' id='word_1_828' title='bbox 1661 5777 1985 5842; x_wconf 89' lang='lat' dir='ltr'><strong>lectiones.</strong></span> 
     </span>
    </p>
   </div>
   <div class='ocr_carea' id='block_1_109' title="bbox 203 5891 2044 5976">
    <p class='ocr_par' dir='ltr' id='par_1_109' title="bbox 203 5891 2044 5976">
     <span class='ocr_line' id='line_1_109' title="bbox 203 5891 2044 5976; baseline 0.006 -28"><span class='ocrx_word' id='word_1_829' title='bbox 203 5891 219 5923; x_wconf 82' lang='lat'><strong><em>’</em></strong></span> <span class='ocrx_word' id='word_1_830' title='bbox 241 5893 350 5963; x_wconf 56' lang='grc' dir='ltr'>διο.</span> <span class='ocrx_word' id='word_1_831' title='bbox 426 5894 449 5927; x_wconf 74' lang='grc'><strong>⁸</strong></span> <span class='ocrx_word' id='word_1_832' title='bbox 490 5897 786 5974; x_wconf 72' lang='grc' dir='ltr'>ἀνθρώπων</span> <span class='ocrx_word' id='word_1_833' title='bbox 832 5917 884 5957; x_wconf 93' lang='grc' dir='ltr'><strong>ο.</strong></span> <span class='ocrx_word' id='word_1_834' title='bbox 963 5904 981 5934; x_wconf 81' lang='grc'><strong><em>⁸</em></strong></span> <span class='ocrx_word' id='word_1_835' title='bbox 1010 5902 1064 5957; x_wconf 81' lang='grc' dir='ltr'><strong>δέ</strong></span> <span class='ocrx_word' id='word_1_836' title='bbox 1091 5921 1141 5959; x_wconf 89' lang='lat' dir='ltr'><strong>o.</strong></span> <span class='ocrx_word' id='word_1_837' title='bbox 1219 5905 1237 5936; x_wconf 84' lang='grc'>⁶</span> <span class='ocrx_word' id='word_1_838' title='bbox 1265 5903 1549 5976; x_wconf 80' lang='grc' dir='ltr'>ἀλλήλους,</span> <span class='ocrx_word' id='word_1_839' title='bbox 1577 5904 1672 5958; x_wconf 76' lang='grc' dir='ltr'><strong>καί</strong></span> <span class='ocrx_word' id='word_1_840' title='bbox 1714 5904 1961 5976; x_wconf 81' lang='grc' dir='ltr'>ἀλλήλων</span> <span class='ocrx_word' id='word_1_841' title='bbox 1991 5919 2044 5959; x_wconf 91' lang='grc' dir='ltr'><strong>υ.</strong></span> 
     </span>
    </p>
   </div>
  </div>
