3806 6612
227 391 320 461 72')

907 388 1314 449 EXPOSlTlO
1360 390 1439 449 IN
1474 389 1716 454 EPIST.
1760 391 1786 450 1
1822 392 1923 450 ιιι)
1961 350 2212 452 cura?
2250 394 2410 454 ιλιι».
2454 394 2628 455 Χιιι.

3369 391 3475 454 730

228 510 360 562 κείον
389 504 666 574 συμφέρον
698 502 756 555 ού
785 503 959 573 ζητεῖ,
997 505 1134 558 ἀλλὰ
1161 505 1218 558 τὸ
1246 506 1336 558 τοῦ
1376 505 1606 576 πλησίον
1635 523 1648 536 ο
1688 507 1779 560 καὶ

1907 530 2089 597 )rium,
2116 532 2314 602 inquit,
2339 531 2684 587 commodum
2716 546 2823 585 non
2845 531 3060 600 qmerit,
3088 531 3180 585 sed
3211 529 3470 600 proximi;

227 596 597 668 ἀσχημοσύνην
639 597 759 648 τότε
797 597 842 627 ’⁸
872 598 1111 666 ἡγεῖται,
1170 597 1299 650 ὅταν
1359 596 1784 668 ἀσχημονοῦντα

227 693 304 745 τὸν
328 689 546 761 πλησίον
570 691 640 760 μὴ
663 689 968 762 ἀπαλλάξῃ.
990 689 1161 744 Τοῦτο
1181 691 1257 754 δὲ,
1285 691 1422 762 πρὸς
1451 691 1578 753 τοὺς
1609 691 1783 761 ὑπερ-

222 782 447 854 ορῶντας
521 781 626 834 τῶν
699 781 929 837 λοιπῶν.
992 781 1135 835 Ἀλλ’
1194 781 1314 835 οὐδὲ
1391 781 1778 853 παροξύνεται,

223 875 396 944 ἐπειδὴ
431 875 532 928 οὐκ
590 876 916 946 ἀσχημονεῖ.
959 875 1127 948 Ἀνὴρ
1171 876 1282 948 γὰρ
1331 875 1630 950 θυμώδης,
1681 878 1784 931 οὐκ

220 969 519 1036 εὐσχήμων.
552 969 714 1022 Ὥστε
737 969 838 1022 οὐκ
865 971 1172 1042 ἀσχημονεῖ
1200 971 1470 1041 ήάγάπη,
1493 971 1628 1025 διότι
1656 970 1780 1025 οὐδὲ

219 1061 569 1129 παροξύνεται
587 1079 600 1093 ε
654 1063 958 1126 τουτέστιν,
1011 1065 1112 1117 οὐκ
1138 1064 1395 1136 ἀναπηδᾷ
1417 1066 1496 1129 εἰς
1519 1064 1562 1095 ¹¹
1586 1065 1780 1134 ὀργήν.

220 1151 376 1204 Τοῦτο
405 1153 544 1222 πρὸς
567 1153 696 1216 τοὺς
729 1153 1142 1226 ὑϐριζομένους.

279 1354 296 1386 ι
323 1335 396 1388 Οὐ
431 1333 709 1403 λογίζεται
733 1335 794 1388 τὸ
826 1336 1018 1390 κακόν.
1055 1354 1075 1389 ι
1113 1335 1321 1402 Πάντα,
1345 1339 1508 1408 φησι,
1535 1338 1606 1391 τὰ
1632 1337 1788 1393 κακά

213 1429 508 1497 πάσχουσα,
539 1427 601 1480 οὐ
628 1427 994 1498 παροξύνεται
1021 1429 1101 1492 είς
1135 1429 1306 1500 ὀργήν
1335 1447 1350 1461 ·
1388 1430 1483 1482 καὶ
1520 1430 1581 1484 οὐ
1619 1431 1782 1501 μόνον

214 1523 301 1576 οὲκ
351 1522 749 1592 ἀπεργάζεται
779 1525 822 1555 η
845 1523 905 1576 τὸ
964 1523 1136 1576 κακὴν
1187 1525 1323 1594 πρὸς
1371 1525 1608 1593 ἄμυναν,
1664 1525 1779 1577 ἀλλ’

213 1616 321 1668 οὐδὲ
353 1615 649 1684 λογίζεται.
683 1617 828 1686 ’Ὀρα
871 1617 929 1670 δὲ
985 1619 1288 1689 πανταχοῦ,
1321 1619 1438 1683 πῶς
1487 1620 1549 1672 οὐ
1606 1619 1778 1688 λέγει,

213 1709 334 1778 Eni)
363 1708 553 1778 ἀγάπη
607 1707 760 1780 ζηλοῖ
807 1711 926 1781 μὲν,
972 1711 1109 1765 ἀλλά
1149 1712 1527 1782 περιγίνεταιο
1566 1711 1600 1783 ἢ
1636 1730 1781 1783 παρ.

211 1803 442 1868 οξύνεται
469 1803 596 1873 μὲν,
622 1803 758 1858 ἀλλά
787 1808 1001 1875 κρατεῖ·
1025 1805 1163 1860 ἀλλὰ
1182 1806 1303 1859 οὐδὲ
1327 1805 1425 1877 τὴν
1447 1805 1647 1878 ἀρχὴν,
1675 1824 1781 1879 φη-

213 1895 308 1957 σὶν,
341 1897 478 1960 ὅλως
548 1898 618 1970 ἐᾷ
657 1897 824 1966 φῦναί
857 1916 980 1954 τινα
1037 1899 1238 1954 κακίαν
1265 1917 1280 1933 ο
1319 1899 1510 1972 ὥσπερ
1551 1903 1646 1954 καὶ
1697 1903 1780 1954 ἐν·
1811 1881 1858 1942 Β

213 1988 376 2044 ταῦοα
401 2007 417 2023 ο
457 2009 476 2043 ι
516 1991 596 2044 Οὐ
631 1991 909 2060 λογίζεται
969 1991 1030 2046 τὸ
1075 1993 1265 2047 κακόν.
1310 2012 1328 2045 ι
1362 1994 1473 2047 Καὶ
1517 1994 1676 2048 τοῦτο
1726 1993 1782 2048 δὲ

213 2081 338 2150 πρὸς
369 2081 496 2146 τοὺς
519 2083 744 2149 αὐτοὺς,
785 2082 872 2138 ἵνα
905 2084 980 2154 μὴ
1021 2082 1444 2154 ἀνθυϐρίζωσιν.

279 2372 296 2405 ι
325 2355 397 2408 σὺ
432 2354 634 2426 χαίρει.
663 2355 755 2407 ἐπὶ
801 2357 884 2425 τῇ
923 2353 1129 2425 ἀδικίᾳ.
1165 2372 1184 2406 ι
1217 2353 1532 2418 τουτέστιν,
1561 2354 1660 2406 οὐκ
1693 2353 1783 2404 εὑ-

216 2449 509 2519 φραίνεται,
545 2449 678 2502 ὅταν
709 2466 794 2512 τις
827 2449 1108 2518 ἀδικῆται,
1143 2446 1237 2500 καὶ
1270 2446 1783 2519 ὲπηρεάζηται,και

210 2543 378 2605 κακῶς
411 2543 624 2614 πάσχῃ.
1555 2592 1566 2601 ,

275 2677 292 2710 ι
327 2657 630 2730 Συγχαίρει
664 2659 718 2710 δὲ
753 2660 817 2728 τῇ
846 2657 1091 2728 ἀληθεία.
1132 2676 1150 2710 ι
1205 2655 1344 2710 Ἀλλ’
1372 2653 1400 2708 ὃ
1457 2651 1637 2721 πολλῷ
1667 2652 1785 2720 μεῖ-

211 2749 312 2814 ζον,
370 2752 522 2820 φησι,
590 2751 878 2822 συγχαίρει
919 2752 1010 2803 ἐπὶ
1075 2752 1190 2814 τοῖς
1249 2749 1637 2820 εύδοκιμοῦσι’
1688 2748 1783 2800 καὶ

210 2844 382 2910 ὅτανὴ
433 2842 672 2912 ἀλήθεια
723 2842 1028 2908 εὐοδοῐται,
1062 2841 1346 2907 καὶδόξαν
1381 2841 1590 2896 οἰκείαν
1624 2839 1784 2894 τοῦτο

207 2938 432 3006 ἡγεῖται.
463 2936 620 3006 Πρὸς
643 2935 699 2989 δὲ
723 2935 851 2999 τοὺς
883 2935 1200 3006 βασκάνους
1237 2933 1418 2989 τοῦτο.

277 3161 295 3194 ι
323 3141 504 3195 ῐιάντα
549 3141 756 3210 στέγει.
800 3160 818 3193 ι
856 3139 968 3195 Καὶ
1015 3139 1225 3211 ὕϐρεις,
1275 3139 1373 3194 καὶ
1420 3138 1656 3210 πληγὰς,
1687 3137 1783 3192 καὶ

1890 630 1945 676 et
1970 621 2368 679 deformitatem
2404 634 2518 676 tunt
2572 622 2811 676 maxime
2854 632 3016 690 putat
3070 637 3214 685 esse,
3262 635 3389 681 cum
3439 636 3470 673 a

1894 713 2223 782 turpitudine
2256 715 2558 784 proximum
2593 730 2698 768 non
2727 714 2989 768 arcuerit.
3023 712 3134 768 Hoc
3167 727 3294 766 vero
3350 727 3474 781 spe-

1890 812 2001 857 ctat
2035 805 2100 858 ad
2132 820 2228 860 eos
2263 805 2354 875 qui
2409 806 2643 875 reliquos
2677 805 3117 861 contemnebant.
3183 805 3251 859 At
3299 819 3472 874 neque

1891 898 2161 963 irritatur,
2197 901 2638 969 quandoquidem
2663 914 2722 954 se
2766 899 3122 967 incomposite
3167 913 3272 952 non
3309 897 3468 965 gerit.

1894 991 1987 1047 Vir
2011 993 2157 1047 enim
2195 993 2489 1048 iracundus
2527 1007 2633 1047 non
2663 1003 2746 1046 est
2773 994 3024 1046 decorus.
3083 990 3316 1045 Proinde
3360 1005 3468 1043 non

1891 1086 2124 1156 turpiter
2163 1086 2273 1158 agit
2307 1087 2572 1149 cltarilas,
2632 1084 2755 1152 quia
2788 1100 2893 1137 non
2950 1084 3331 1147 exacerbatur,
3369 1082 3473 1135 hoc

1888 1188 1994 1245 est,
2020 1179 2074 1233 in
2099 1180 2234 1234 iram
2266 1195 2368 1234 non
2390 1180 2626 1248 prosilit.
2660 1177 2773 1233 Huc
2795 1177 2924 1232 facit
2949 1176 3130 1246 proiis
3149 1175 3241 1245 qui
3273 1173 3472 1242 injuria

1891 1270 2217 1328 afﬁciuntur.

1968 1381 1986 1415 ι
2028 1363 2142 1418 Non
2197 1363 2397 1434 cogitat
2432 1363 2658 1419 malum.
2723 1382 2740 1415 ι
2795 1363 3015 1426 Omnia,
3075 1361 3269 1430 inquit,
3330 1359 3472 1412 mala

1891 1455 2108 1527 patiens
2144 1471 2249 1510 non
2293 1459 2656 1512 exacerbatur
2707 1457 2773 1510 ad
2816 1455 3153 1510 iracundiam
3193 1469 3209 1507 :
3247 1461 3301 1506 ct
3365 1467 3469 1504 non

1890 1550 2063 1603 solum
2103 1565 2208 1605 non
2245 1561 2434 1605 contra
2485 1550 2608 1604 mali
2638 1549 2920 1619 quidpiam
2975 1547 3214 1609 molitur,
3249 1555 3306 1598 ut
3352 1558 3473 1598 sese

1893 1643 2209 1708 ulciscatur,
2253 1643 2347 1697 sed
2371 1657 2440 1696 ne
2472 1642 2673 1712 cogitat
2713 1641 2955 1710 quidem.
2989 1638 3230 1695 Observa
3284 1646 3467 1691 autem

1891 1733 2128 1804 undique
2153 1734 2424 1805 quomodo
2445 1749 2550 1788 non
2583 1734 2749 1796 dicat,
2769 1734 2910 1804 quod
2933 1731 3170 1788 charitas
3186 1730 3472 1785 aemuletur

1891 1827 2130 1894 quidem,
2157 1828 2250 1881 sed
2285 1825 2539 1896 superior
2573 1827 2754 1881 eVadit
2780 1842 2794 1880 :
2824 1835 2911 1879 aut
2949 1826 3196 1879 irritatur
3227 1822 3471 1892 quidem.

1887 1917 1984 1974 sed
2016 1917 2302 1972 victoriam
2333 1917 2581 1971 obtinet:
2620 1915 2731 1970 imo
2768 1930 2947 1984 neque
2973 1913 3239 1976 abinitio,
3269 1911 3470 1980 inquit,

1885 2026 2110 2083 prorsus
2143 2009 2292 2066 nasci
2331 2010 2460 2065 sinit
2489 2009 2726 2079 aliquam
2766 2007 3024 2060 malitiam
3059 2025 3073 2060 :
3110 2004 3466 2074 quemadmo—

1886 2105 2013 2159 dum
2060 2113 2116 2159 et
2151 2103 2261 2169 hic,
2303 2121 2322 2154 ι
2361 2101 2476 2156 Non
2525 2101 2746 2170 cogitat,
2792 2118 2810 2151 ι
2869 2099 3066 2166 inquit,
3129 2115 3148 2150 ι
3186 2097 3408 2150 malum.
3441 2113 3462 2146 ι

1887 2197 2000 2253 [loc
2030 2197 2158 2267 ipsis
2183 2194 2484 2251 Corinthiis
2509 2194 2714 2249 dictum
2747 2201 2850 2256 est,
2882 2206 2948 2245 ne
2979 2190 3047 2245 de
3089 2188 3300 2257 injuriis
3328 2186 3469 2257 inju-

1887 2293 2024 2344 riam
2060 2289 2331 2344 relalient.

1962 2384 2126 2438 Vens.
2157 2382 2209 2435 ϐ.
2256 2401 2274 2434 ι
2315 2379 2430 2435 Νυιι
2475 2381 2674 2450 gaudet
2719 2394 2882 2450 super
2925 2378 3230 2447 iniquitate.
3277 2394 3296 2426 ι
3355 2372 3469 2427 [loc

1886 2474 2050 2546 204
2089 2483 2193 2537 est,
2250 2489 2356 2527 non
2423 2471 2763 2526 exhilaretur
2802 2471 2848 2524 si
2901 2471 3195 2540 quisquam
3252 2465 3464 2534 injuria

1885 2567 2173 2629 alliciatur,
2206 2566 2453 2631 laedatur,
2487 2564 2834 2634 patiaturque
2859 2561 3022 2617 male.

1963 2704 1980 2738 ι
2015 2683 2329 2753 Congaudct
2353 2691 2530 2736 autem
2552 2679 2788 2735 veritati.
2837 2698 2855 2730 ι
2885 2680 2951 2732 Αι
2983 2677 3124 2748 quod
3148 2675 3317 2727 multo
3351 2687 3468 2724 ma-

1882 2777 1995 2847 jus,
2022 2775 2218 2846 inquit,
2253 2773 2562 2844 congaudet
2584 2771 2830 2843 probatis
2869 2811 2882 2822 .
2913 2779 2966 2822 et
3028 2769 3071 2822 si
3119 2765 3336 2834 quando
3366 2778 3468 2817 ve-

1886 2871 2021 2926 ritas
2056 2871 2380 2940 prosperum
2416 2881 2636 2922 cursum
2668 2863 3044 2924 nanciscatur,
3100 2861 3201 2916 hoc
3243 2872 3461 2929 quoque

1887 2962 2116 3032 gloriam
2156 2975 2310 3017 suam
2379 2959 2706 3017 arbitratur.
2757 2954 2871 3013 Hoc
2922 2966 3102 3010 autem
3157 2954 3220 3007 ad
3259 2953 3468 3006 invidos

1886 3053 2108 3106 dicitur.

1962 3167 2125 3223 Vens.
2162 3166 2216 3220 '7.
2247 3182 2267 3217 ι
2305 3163 2500 3221 Omnia
2537 3161 2745 3218 sull'ert.
2796 3180 2815 3214 ι
2845 3161 2911 3214 Ει
2947 3157 3177 3228 injurias
3203 3163 3256 3210 et
3285 3153 3470 3224 plagas

213 3235 425 3290 θάνατον
450 3252 464 3266 ·
496 3235 663 3290 τοῦτο
694 3237 803 3306 γὰρ
833 3236 971 3307 αὐτῇ
1003 3235 1035 3304 ἡ
1087 3233 1442 3305 μακροθυμία
1472 3230 1777 3305 χαρίζεται,

1907 3272 1942 3317 ιι
1972 3270 2221 3316 mortem.
2252 3256 2396 3314 lstud
2425 3256 2568 3311 enim
2600 3255 2650 3309 ei
2675 3252 3060 3320 longanimitas
3090 3249 3278 3310 donat,
3303 3259 3465 3314 quam

211 3330 270 3400 ἢν
301 3331 582 3401 προσεῖναι
618 3329 756 3400 αὑτῇ
794 3323 939 3382 εἷπε.
979 3326 1122 3398 Πρὸς
1166 3326 1224 3381 δὲ
1263 3327 1391 3391 τοὺς
1429 3325 1780 3380 ἐπιϐουλευο-

216 3421 394 3492 μένους
418 3421 604 3478 τοῦτο.

280 3534 298 3567 ι
333 3517 512 3570 Πάντα
542 3516 812 3571 πιστεύει.
836 3535 856 3570 ι
886 3515 1029 3569 Ὀσα
1056 3513 1123 3568 ἂν
1151 3514 1295 3568 εῐποι
1325 3514 1353 3568 ὁ
1377 3515 1740 3587 ἀγαπώμενος
1763 3533 1778 3548 ο

211 3611 294 3660 καὶ
321 3609 474 3662 οὐδὲν
514 3607 754 3662 ὓπουλον
806 3605 932 3661 οὔτε
977 3607 1141 3672 αὐτὸς
1176 3606 1220 3640 ⁸³
1249 3595 1421 3676 λαλεῖ,
1459 3606 1584 3662 οὗτε
1624 3609 1782 3664 ἄλλον

208 3700 375 3752 λαλεῖν
411 3703 608 3754 οἴεται.

277 3831 294 3863 ι
327 3813 507 3866 Πάντα
527 3810 762 3877 ἐλπίζει,
794 3811 972 3867 πάντα
1009 3812 1296 3883 ὑπομένει.
1342 3831 1360 3865 ι
1406 3815 1522 3868 Οὐκ
1573 3817 1778 3887 ἀπογιο

208 3906 412 3970 νὼσκει,
443 3906 602 3975 φησι,
643 3905 736 3958 τοῦ
767 3905 1134 3977 ἀγαπωμένου
1162 3908 1228 3975 ιδ,
1259 3905 1375 3960 ἀλλ’
1415 3908 1628 3974 ἐλπίζει
1683 3911 1783 3963 αύ-

209 3998 290 4050 τὸν
317 3999 398 4053 ἀεὶ
433 4000 513 4062 εἰς
573 3998 634 4051 τὸ
667 3999 916 4069 κρεῖττον
967 3998 1284 4054 ἐπιδιδόναι.
1316 3999 1488 4054 Τοῦτο
1540 4002 1599 4056 δὲ
1656 3998 1778 4056 εἶπε

209 4091 331 4161 πρὸς
359 4090 485 4154 τοὺς
508 4090 1017 4158 ἀπογινώσκοντας.
1049 4092 1112 4144 Εί
1149 4091 1204 4144 δὲ
1261 4093 1356 4146 καὶ
1386 4093 1614 4159 ἐλπίσας
1643 4097 1781 4148 ἀπο-

209 4181 358 4254 τύχῃ.
388 4182 605 4234 ἐκείνου
629 4183 694 4252 τῇ
724 4181 896 4251 κακίᾳ
937 4181 1420 4250 ἐναπομείναντοςυ
1453 4185 1609 4256 φέρει
1656 4203 1778 4254 τίν’

210 4275 362 4339 ναὶως
384 4274 555 4328 αὐτοῦ
581 4275 648 4326 τὰ
674 4274 1037 4343 ἐλαττώματα
1063 4291 1077 4306 ο
1118 4293 1136 4326 ι
1168 4275 1354 4330 Πάντα
1385 4295 1404 4328 ι
1428 4278 1560 4350 γὰρ,
1589 4281 1775 4350 φησιν.

214 4384 230 4416 ι
263 4366 539 4436 ὑπομένει.
584 4383 602 4417 ι
641 4364 784 4435 Πρὸς
839 4367 894 4418 δὲ
923 4366 1050 4430 τοὺς
1104 4367 1342 4432 εὐκόλως
1401 4369 1779 4442 διισταμένους

206 4475 373 4513 τουτο.

1887 3352 2082 3409 adesse
2109 3351 2161 3407 ei
2188 3352 2348 3407 dixit.
2386 3350 2466 3404 Ad
2504 3346 2734 3404 insidias
2765 3344 3049 3401 tendentes
3080 3341 3182 3396 hoc
3206 3337 3361 3394 dicit.

1962 3551 1981 3586 ι
2014 3530 2209 3588 Omnia
2265 3530 2458 3586 credit.
2509 3545 2529 3580 ι
2589 3525 2933 3593 Qtiaecunque
2963 3518 3158 3573 dixerit
3203 3516 3457 3580 dilectus,

1885 3625 2126 3694 nihilque
2175 3621 2480 3677 maleﬁcum
2515 3629 2608 3674 aut
2642 3615 2925 3672 subdolum
2970 3625 3148 3682 neque
3210 3608 3327 3676 ipse
3373 3604 3459 3660 lo-

1881 3718 2090 3789 quitur,
2120 3730 2296 3784 neque
2322 3715 2488 3767 alium
2519 3711 2662 3781 loqui
2685 3709 3004 3765 arbitratur.

1959 3853 1978 3886 ι
2015 3832 2205 3886 Omnia
2239 3839 2442 3899 sperat,
2477 3829 2665 3883 omnia
2711 3825 2966 3882 sustinet.
3006 3840 3026 3876 ι
3066 3819 3184 3877 Non
3215 3818 3468 3886 desperat

1881 3925 1949 3982 de
1980 3925 2198 3985 dilecto,
2224 3923 2316 3976 sed
2344 3930 2528 3991 sperat
2573 3935 2695 3974 eum
2748 3931 2964 3985 semper
3001 3917 3068 3969 ad
3104 3910 3297 3966 melius
3323 3922 3456 3978 pro-

1886 4031 2123 4074 movere.
2173 4016 2287 4070 Hoc
2319 4029 2450 4069 vero
2497 4014 2562 4068 ad
2605 4018 2954 4082 desperantes
3008 4007 3164 4061 dixit.
3197 4001 3351 4070 Quod
3410 3997 3454 4052 si

1881 4129 2014 4170 vero
2044 4128 2074 4168 a
2107 4128 2204 4167 sua
2236 4125 2332 4182 spe
2384 4107 2668 4170 exciderit,
2704 4105 2795 4160 illo
2838 4105 2894 4158 in
2953 4099 3160 4155 malitia
3213 4106 3466 4165 perseve-

1884 4217 2062 4273 rante,
2092 4215 2314 4261 strenue
2351 4205 2457 4258 lert
2489 4202 2634 4257 illius
2657 4198 2918 4268 deliquia.
2957 4213 2976 4246 ι
3007 4191 3199 4248 Omnia
3237 4208 3256 4241 ι
3291 4187 3463 4249 enim,

1880 4299 2080 4369 inquit,
2117 4313 2138 4349 ι
2177 4295 2434 4351 sustinet.
2475 4311 2495 4345 ι
2532 4292 2614 4346 Ad
2661 4289 2822 4346 facile
2868 4285 3195 4343 dissidentes
3225 4283 3339 4335 haec
3385 4278 3466 4332 lo-

1881 4392 2085 4461 quitur.

276 4569 292 4602 ι
341 4551 402 4603 'tl
431 4551 624 4620 ἀγάπη
658 4551 911 4605 οὐδέποτε
930 4551 1208 4606 ἐκπίπτει.
1241 4573 1259 4605 ι
1285 4553 1595 4620 Τουτέστιν,
1628 4553 1774 4608 οὐδέ-

1952 4567 2115 4623 Vens.
2148 4566 2205 4622 8.
2241 4584 2260 4618 ι
2306 4563 2565 4621 Charitas
2613 4575 2886 4631 nunquam
2940 4557 3164 4614 excidit.
3204 4574 3223 4608 ι
3270 4551 3326 4608 ld
3358 4559 3464 4616 est,

208 4659 330 4697 ποτε
379 4644 620 4715 ἀστοχεῖ,
665 4643 803 4698 ἀλλά
861 4645 1041 4698 πάντα
1083 4645 1378 4716 κατορθοῖο
1419 4646 1477 4718 ἢ,
1512 4645 1540 4699 ὃ
1589 4649 1775 4717 κρεῖτ-

207 4752 310 4800 τον,
336 4736 454 4790 ἀντὶ
503 4736 622 4801 τοῦ,
677 4737 738 4789 οὐ
795 4737 1095 4801 διαλύεται,
1121 4738 1183 4790 οὐ
1213 4738 1586 4805 διακόπτεται,
1627 4738 1782 4792 οὐδέ-

211 4845 332 4882 ποτε
357 4829 616 4896 παύεται,
643 4828 781 4882 ἀλλὰ
811 4831 908 4882 καὶ
939 4831 998 4882 ὲν
1046 4830 1125 4901 τῷ
1185 4831 1437 4899 μέλλοντι
1485 4832 1642 4886 αἰῶνι
1683 4831 1784 4902 μέ-

209 4939 302 4983 νει,
333 4922 437 4976 τῶν
483 4923 658 4978 ἄλλων
707 4924 964 4978 ἀπάντων
996 4923 1482 4995 καταργουμένων,
1547 4924 1624 4989 ὡς
1689 4927 1785 4996 ὲφ·

209 5015 323 5084 ιξῆς
341 5018 471 5087 ἐρεῖ.

286 5150 302 5181 ι
333 5132 457 5185 Εἴτε
541 5133 599 5186 δὲ
654 5137 984 5204 προφητεῖαι
1045 5133 1604 5205 καταργηθήσονται·
1661 5137 1776 5192 εἴτε

214 5218 446 5285 γλῶσσαι
493 5222 812 5277 παύσονται.
850 5243 867 5274 ι
904 5224 1226 5290 Καταλὲξας
1275 5227 1373 5294 τῆς
1430 5227 1654 5297 ἀγάπης
1702 5230 1771 5283 τὰ

217 5312 584 5385 βλαστήματα,
612 5316 775 5372 πάλιν
803 5317 974 5388 αὐτὴν
1027 5321 1121 5372 καὶ⁵
1149 5319 1323 5390 ἑτέρῳ
1373 5321 1565 5392 τρόπῳ
1625 5321 1770 5392 dixit",

212 5401 284 5471 τῷ
334 5405 511 5472 λέγειν
573 5407 666 5460 καὶ
699 5407 797 5478 τὴν
848 5409 1190 5480 προφητείαν
1235 5400 1463 5476 xui-ra;
1522 5413 1776 5482 γλώσσας

212 5494 356 5560 τέλος
380 5497 541 5564 ἕξειν,
567 5500 665 5570 τὴν
697 5500 754 5554 δὲ
792 5501 1016 5572 ἀγάπην
1047 5503 1275 5573 μόνιμον
1311 5500 1453 5558 εἶναι
1492 5507 1589 5559 καὶ
1637 5510 1767 5561 ἀτε-

215 5583 482 5660 λεύτητον.
513 5594 573 5647 Ei
599 5593 708 5666 γὰρ
747 5596 843 5650 καὶ
897 5596 954 5650 αἱ
995 5599 1342 5668 προφητεῖαι,
1374 5598 1468 5651 καὶ
1507 5600 1564 5652 αἱ
1603 5601 1778 5668 γλιῖσ-

1883 4673 2156 4724 nunquam
2186 4657 2426 4720 aberrat,
2488 4654 2584 4710 sed
2627 4653 2807 4708 omnia
2865 4649 3099 4720 perﬁcit.
3161 4647 3278 4709 Vel,
3316 4643 3458 4713 quod

1882 4763 1965 4810 est
1996 4752 2209 4816 melius,
2251 4748 2547 4819 signiﬁcat,
2581 4761 2688 4802 non
2734 4742 3076 4803 dissolvitur,
3127 4755 3231 4794 nou
3265 4737 3466 4792 discin-

1883 4846 2029 4901 ditur
2058 4855 2232 4912 neque
2259 4855 2498 4911 unquam
2531 4838 2766 4903 desistit,
2812 4836 2908 4893 sed
2937 4835 2992 4889 in
3025 4833 3206 4888 futuro
3250 4842 3464 4900 quoque

1884 4938 2084 4994 smculo
2123 4933 2399 5006 perdurat,
2429 4932 2551 4987 aliis
2579 4930 2830 4986 omnibus
2863 4926 3106 4987 abolitis,
3134 4921 3360 4992 perinde
3393 4933 3458 4974 ac

1887 5027 2029 5084 inira
2052 5027 2216 5083 dicet.

1969 5158 1987 5192 ι
2021 5140 2146 5194 Sive
2175 5152 2306 5193 vero
2330 5136 2628 5206 prephetiaa
2665 5133 3040 5195 abolebuutur,
3118 5129 3232 5185 sive
3261 5128 3458 5198 linguae

1884 5232 2194 5286 cess.tbunt.
2234 5246 2252 5279 ι
2279 5225 2734 5281 Commemoratis
2765 5219 3072 5276 dilectionis
3099 5215 3457 5285 germinibus,

1887 5337 2074 5378 rursus
2107 5321 2210 5373 alia
2258 5319 2492 5388 quadam
2540 5316 2748 5370 ratione
2778 5329 2899 5368 eam
2950 5310 3172 5372 exaltat,
3231 5307 3461 5361 dicendo

1886 5413 2224 5486 prophetiam
2246 5421 2300 5467 et
2327 5412 2536 5481 linguas
2587 5411 2747 5462 linem
2787 5406 3084 5468 habituras,
3131 5399 3457 5455 charitatent

1885 5523 2015 5563 vero
2047 5519 2454 5576 permansuram
2487 5501 2758 5563 stabilem,
2793 5497 3008 5568 ﬁneque
3036 5493 3352 5550 carituram.
3389 5488 3452 5545 Si

1883 5601 2026 5656 enim
2060 5597 2354 5670 prophetiae
2375 5605 2430 5650 et
2458 5594 2652 5664 linguae
2667 5593 2774 5648 sint
2803 5601 3024 5664 propter
3044 5584 3450 5656 susceptionem

1517 5741 1715 5804 Variae
1768 5743 2097 5806 lectiones.

277 5867 324 5910 ¹³
347 5873 502 5933 τοῦτο
534 5897 586 5936 ο.
667 5882 702 5912 ¹¹
752 5883 886 5954 πρὸς
911 5901 960 5938 υ.
1047 5885 1088 5915 ¹²
1122 5887 1521 5956 κατεργάζεται
1555 5910 1602 5946 υ.

1690 5893 1727 5924 ⁸³
1764 5890 1848 5944 ἵσ.
1884 5889 2025 5961 αὐτὴ
2057 5905 2108 5944 0.
2137 5942 2148 5958 ,
2191 5887 2230 5920 ⁸⁸
2252 5886 2616 5958 ἠγαπημένον
2645 5903 2698 5944 o.
