3806 6580
315 405 421 473 731

1202 411 1777 478 TllEOPllYLACTl
1816 417 2233 486 Βυωλιιιιις
2273 427 2632 491 ARCHIEP.

3454 433 3552 497 732

317 520 466 585 lidei,
495 518 597 575 ﬁde
628 519 863 591 undique
887 535 995 591 exp
1015 536 1130 576 ιιιε.ι
1160 535 1213 578 et
1242 526 1536 594 explicata.
1568 528 1886 599 meriquein
1918 548 1931 591 Α

2030 556 2084 590 αι
2118 538 2210 593 διὰ
2249 540 2310 592 τὸ
2338 541 2438 612 τὴν
2469 544 2652 597 πίστιν
2709 544 3116 616 παραδ-χθῆναί
3179 545 3308 609 εἱσι,
3339 546 3433 615 τῆς
3469 549 3549 602 πί-

318 614 576 685 praesenti
607 614 851 685 quidem,
883 618 1186 687 praesertim
1220 633 1350 675 vero
1386 621 1437 675 in
1475 621 1680 678 futuro.

387 791 556 848 Vens.
589 793 748 851 8-10.
779 814 798 849 ι
840 794 966 851 Sive
995 797 1225 854 scientia
1271 798 1623 869 destruetur;
1650 818 1717 860 ex
1746 813 1901 875 parte

320 881 468 936 enim
501 886 903 955 cognoscimus,
931 896 985 941 et
1026 902 1091 944 ex
1135 899 1288 960 parte
1313 894 1727 962 proplietamns.
1760 896 1898 951 Cum

2030 912 2370 985 ἰνώσκομεν,
2403 916 2499 969 καὶ
2532 916 2597 971 ἐκ

2002 649 2170 697 στεως
2198 637 2474 707 πανταχοῦ
2506 638 2878 707 ἁπλωθεξσης,
2917 639 3146 702 είκότως
3206 637 3283 701 ὡς
3322 641 3554 709 περιτταὶ

2000 727 2324 798 ἀργήσουσι.
2352 731 2445 783 καί
2472 731 2567 783 νῦν
2596 729 2718 802 μὲν,
2760 730 2994 801 μάλιστα
3018 731 3074 786 δέ
3101 734 3243 788 τότε.

2079 838 2097 871 ι
2136 819 2262 872 Ehe
2295 819 2523 888 γνῶσις,
2558 824 3065 895 καταργηθήσεται.
3107 826 3205 879 Ἐκ
3248 827 3438 898 μέρους
3459 826 3555 900 γὰρ

2658 918 2858 987 μέρους
2920 918 3363 989 προφητεῠομεν.
3403 921 3555 975 Ὀταν

319 984 502 1032 autem
536 980 748 1034 venerit
809 981 958 1049 quod
1022 982 1320 1052 perfectum
1386 994 1490 1051 est,
1547 988 1901 1045 evacuabitur

2034 1006 2214 1079 ὲέλθῃ
2234 980 2297 1060 έδ
2326 1008 2552 1068 τέλειον.
2585 980 2706 1062 τιςέέ
2734 980 2914 1063 ’τδικ
2967 980 3173 1080 est...
3221 980 3554 1083 δέαταργηθή.

322 1069 470 1140 quod
498 1086 561 1126 ex
594 1080 747 1140 parte
775 1082 879 1130 cst.
913 1093 932 1127 ι
971 1074 1032 1129 Si
1065 1076 1292 1131 scicntia
1329 1078 1592 1134 abolenda
1612 1090 1715 1147 est,
1745 1097 1904 1136 num-

320 1163 455 1232 quid
491 1163 661 1235 igitur
687 1165 741 1219 in
762 1165 1068 1235 ignorantia
1100 1169 1385 1225 vivemus?
1414 1169 1672 1228 Minime:
1711 1188 1900 1230 verum

321 1259 385 1311 de
406 1258 634 1315 scientia
676 1275 742 1316 ex
776 1270 955 1332 parte,
984 1277 1076 1317 seu
1104 1264 1425 1334 imperfecta
1475 1267 1739 1336 loquitur,
1772 1284 1900 1338 perc

323 1350 448 1405 inde
496 1366 560 1405 ac
595 1353 711 1422 ipse
737 1354 1136 1425 interpretatur
1164 1358 1285 1424 hoc,
1322 1376 1341 1410 r
1378 1358 1621 1414 Scientia
1659 1376 1724 1415 ex
1750 1371 1905 1431 parte

323 1442 654 1511 abolebitur,
697 1465 717 1499 ι
753 1447 1075 1504 adveniente
1121 1451 1432 1521 cognitione
1486 1450 1751 1520 perfecta,
1809 1453 1899 1508 illa

325 1535 723 1606 nimirumquze
744 1538 812 1593 ad
846 1539 1009 1594 vitam
1054 1540 1294 1596 futuram
1339 1554 1570 1613 spectat.
1603 1545 1718 1599 Non
1758 1545 1903 1600 enim

326 1629 561 1695 amplius
616 1633 948 1687 tantumdem
999 1620 1259 1701 sciemus,
1311 1636 1407 1690 sed
1443 1635 1602 1707 longe
1646 1636 1800 1705 plura
1852 1649 1906 1692 et

326 1719 1237 1798 majora:quemadmodum,quod
1277 1729 1477 1798 ubique
1500 1730 1571 1785 sit
1610 1731 1772 1795 Deus,
1810 1748 1907 1785 no-

327 1812 502 1869 vimus
524 1814 741 1883 quidem
779 1833 960 1885 nunc;
998 1821 1093 1872 sed
1135 1835 1245 1890 quo
1295 1820 1479 1885 modo,
1512 1824 1807 1879 nescimus.
1842 1824 1907 1879 Et

326 1906 472 1973 quod
529 1894 680 1978 virgo
729 1910 960 1979 peperit,
1017 1912 1224 1969 scimus
1269 1927 1286 1969 ι
1327 1929 1434 1983 qua
1484 1929 1613 1970 vero
1675 1919 1904 1981 ratione,

327 1999 566 2052 nondum
600 2000 854 2056 novimus
887 2020 901 2057 :
945 2013 1000 2058 at
1033 2014 1162 2061 tunc
1187 2005 1441 2075 quiddam
1475 2007 1829 2065 excellentius
1853 2021 1908 2066 cl.

327 2090 669 2150 commodius
694 2092 761 2147 de
788 2093 876 2151 bis
906 2097 1166 2155 sciemus.

398 2176 564 2235 Vens.
600 2180 689 2237 Η.
720 2200 739 2234 ‹
770 2183 903 2238 Cum
929 2198 1106 2240 essem
1141 2187 1416 2256 parvulus.
1447 2209 1468 2245 ι
1498 2194 1631 2248 Cum
1653 2191 1902 2257 dixisset,

326 2267 467 2325 Cum
500 2273 710 2328 venerit
735 2276 880 2345 quod
910 2275 1209 2346 perfectum
1238 2291 1341 2348 est,
1398 2284 1711 2340 destruetur
1761 2287 1907 2355 quod

331 2371 421 2419 est
464 2377 532 2418 ex
582 2376 758 2436 parte,
816 2384 963 2424 nunc
1015 2371 1181 2427 etiam
1214 2375 1522 2444 exemplum
1561 2377 1768 2445 profert
1800 2393 1909 2447 quo

332 2454 559 2524 indicat,
591 2468 850 2533 quantum
886 2462 1049 2533 205
1080 2464 1153 2520 sit
1176 2466 1508 2523 discriminis
1542 2469 1685 2525 inter
1720 2470 1909 2541 cogni-

334 2547 536 2604 tionem
567 2553 829 2622 temporis
864 2553 1050 2622 huius,
1095 2566 1151 2612 et
1198 2556 1458 2614 futuram.
1503 2559 1604 2616 Hic
1644 2561 1789 2617 enim
1824 2563 1908 2616 in-

334 2638 579 2698 fantibus
612 2645 1003 2713 assimilamur,
1039 2657 1149 2702 tum
1185 2664 1316 2704 vero
1338 2650 1440 2705 viri
1470 2651 1697 2707 erimus.

411 2751 431 2785 ι
468 2733 752 2805 Loquebar
770 2748 831 2792 ut
864 2739 1142 2805 parvulus.
1182 2759 1202 2792 ι
1257 2739 1538 2812 Tanquam
1573 2745 1639 2798 ad
1699 2743 1910 2816 linguas

332 2822 559 2891 referat,
592 2826 746 2891 dicit,
776 2846 794 2879 ι
822 2827 1129 2900 Loquebar.
1171 2849 1191 2883 ι

407 2934 429 2969 ι
476 2916 768 2988 Sapiebam
820 2929 880 2976 ut
941 2922 1221 2990 parvulus.
1256 2941 1275 2977 ι
1314 2922 1430 2981 Hoc
1476 2925 1544 2980 ad
1594 2926 1910 2997 prolihetias

335 3007 543 3063 referre
568 3009 806 3068 videtur.

411 3115 432 3150 ι
460 3098 771 3169 Cogitabam
813 3110 872 3158 ut
925 3103 1202 3174 parvulus.
1242 3124 1262 3159 ι
1323 3106 1406 3162 Ad
1435 3106 1719 3164 scientiam
1774 3108 1913 3163 istuc

334 3188 596 3259 pertinet.
1310 3210 1313 3213 '

411 3300 431 3334 ι
468 3281 696 3349 Quando
731 3291 913 3341 autem
945 3285 1121 3345 factus
1151 3304 1271 3345 sum
1329 3290 1435 3358 vir,
1465 3292 1723 3347 evacuavi
1792 3307 1912 3361 qua:

335 3384 495 3429 erant
531 3376 760 3443 parvuli.
794 3398 814 3432 ι
870 3377 985 3436 Hoc
1015 3389 1119 3446 est,
1155 3383 1372 3452 quando
1410 3383 1464 3439 in
1500 3384 1688 3438 futuro
1719 3384 1916 3439 ste-qu

338 3466 636 3522 viriliorem
676 3470 921 3541 adeoque
972 3471 1301 3541 perfectiore
1318 3491 1368 3528 nt
1420 3476 1786 3545 cognitionem
1815 3489 1915 3528 na-

334 3567 456 3613 ctus
507 3558 679 3627 fuero,
730 3570 842 3617 tum
898 3564 1212 3620 destruetur
1261 3566 1457 3636 exigua
1510 3567 1916 3635 infantibusth

334 3650 613 3721 adaequata
667 3652 922 3722 scientia,
999 3671 1163 3726 quam
1238 3656 1328 3712 hic
1396 3657 1685 3715 habemus.
1743 3657 1916 3713 Infert

338 3740 539 3809 igitur:

407 3831 574 3889 Vens.
607 3834 697 3891 12.
733 3854 753 3888 ι
790 3835 1050 3892 Videmus
1071 3838 1215 3892 enim
1257 3853 1403 3894 nunc
1426 3852 1522 3909 per
1554 3839 1833 3908 speculum
1859 3840 1925 3894 in~

334 3926 644 3995 aenigmate.
685 3946 706 3980 ι
741 3927 992 3983 Declarat
1038 3929 1090 3985 id
1118 3932 1263 4000 quod
1293 3931 1360 3986 de
1386 3932 1611 4002 parvulo
1642 3933 1801 3997 dixit,
1852 3949 1914 3988 ac

337 4017 672 4073 demonstrat
702 4020 846 4090 quod
875 4022 1110 4077 obscura
1135 4024 1383 4093 quaedam
1405 4023 1563 4078 nobis
1597 4024 1669 4079 sit
1694 4025 1786 4080 hic
1820 4041 1914 4080 co-

336 4110 524 4180 gnitio,
559 4121 669 4165 tmn
700 4128 830 4168 vero
863 4116 1035 4179 magis
1080 4115 1369 4184 perspicua
1418 4115 1547 4169 erit.
1592 4131 1612 4167 ι
1652 4115 1911 4170 Videmus

335 4202 502 4263 etaim.
535 4222 554 4255 ι
620 4203 818 4273 inquit,
861 4222 881 4256 ι
933 4220 1077 4260 nunc
1120 4220 1221 4276 per
1273 4204 1576 4276 speculum.
1633 4226 1651 4260 ι
1712 4208 1916 4265 Deinde

337 4295 464 4365 quia
487 4296 764 4363 speculum
787 4299 1105 4367 expressius
1129 4298 1468 4352 demonstrat
1502 4299 1577 4353 rei
1608 4314 1913 4368 repraesen-

340 4401 464 4447 tavc
502 4392 885 4457 imitationem,
942 4393 1160 4463 adjecit,
1193 4412 1213 4446 ι
1270 4394 1327 4449 In
1379 4395 1706 4464 :enigmate:
1753 4416 1771 4448 ι
1823 4412 1911 4451 os-

2005 1115 2176 1154 σεται.
2208 1118 2227 1151 ι
2272 1099 2463 1170 Ἐὰνή
2510 1100 2714 1169 γνῶσις
2765 1102 3185 1174 καταργηθῆναι
3245 1102 3430 1176 μέλλῃ,
3460 1100 3556 1173 ἄρα

2005 1192 2062 1245 ἐν
2092 1190 2335 1261 ἀγνωσία
2399 1191 2669 1264 μέλλομεν
2725 1192 2972 1262 διάγεινς
3018 1194 3110 1265 Μὴ
3170 1194 3413 1261 γένοιτο·
3442 1193 3560 1247 ἀλλὰ

2005 1283 2134 1353 περὶ
2168 1282 2269 1351 τῆς
2301 1284 2365 1335 ἐκ
2394 1283 2595 1354 μέρους
2640 1282 2894 1351 γνώσεως
2944 1282 3118 1353 λέγει,
3153 1283 3230 1347 ὡς
3282 1284 3373 1337 καὶ
3418 1284 3560 1347 αὐτὸς

2006 1362 2301 1446 ἐρμήνεύει
2339 1374 2520 1440 τοῦτο,
2556 1376 2637 1429 ὅτι
2675 1376 2710 1446 ἠ
2761 1377 2824 1429 ἐκ
2883 1374 3084 1447 μέρους
3135 1375 3340 1443 γνῶσις
3376 1393 3560 1448 καταρ-

2005 1470 2345 1541 γηθήσεται,
2377 1470 2480 1541 τῆς
2531 1470 2747 1534 τελείας
2780 1470 2823 1505 ’⁸
2851 1470 3142 1542 ἐλθούσης,
3182 1469 3435 1540 δηλονότι,
3477 1473 3563 1540 τῆς

2007 1563 2147 1616 κατᾶ
2177 1562 2274 1633 τὴν
2301 1562 2601 1633 μέλλουσαν
2636 1564 2808 1635 ζωήν.
2836 1563 3038 1619 Οὐκέτι
3064 1563 3177 1634 γὰρ
3217 1561 3451 1616 τοσαῦτα
3497 1564 3565 1614 εί-

2009 1654 2237 1725 σόμεθα,
2267 1655 2403 1709 ἀλλὰ
2426 1655 2607 1726 πολλῷ
2640 1654 2862 1710 πλείονα
2887 1674 2901 1688 ο
2934 1651 3067 1718 οἷον,
3102 1657 3187 1709 ὅτι
3233 1656 3331 1726 μέν
3379 1672 3564 1709 παντα-

2008 1747 2106 1819 χοῦ
2157 1750 2306 1802 ἐστιν
2348 1749 2378 1802 ὁ
2433 1750 2588 1813 Θεὸς,
2644 1748 2867 1821 οἴδαμεν
2918 1748 3245 1812 νῦνοάλλὰ,
3287 1747 3420 1810 πῶς,
3476 1748 3563 1800 οὐκ

2012 1839 2171 1909 ἴσμεν
2194 1854 2208 1870 ’
2236 1841 2331 1894 καὶ
2363 1839 2445 1894 ὅτι
2479 1841 2577 1910 μὲν
2604 1840 2765 1901 ἔτεκε
2795 1840 3088 1910 παρθένος,
3119 1841 3314 1911 ῐσμεν·
3352 1839 3463 1902 πῶς
3495 1840 3563 1902 δὲ,

2010 1933 2194 1987 οὐκέτι
2217 1949 2232 1964 ·
2262 1933 2384 1988 τότε
2414 1934 2471 1988 δὲ
2495 1933 2758 2005 εἰσόμεθα
2774 1951 2826 1987 τι
2855 1933 3015 1988 πλέον
3039 1933 3136 1987 καὶ
3166 1933 3436 2005 συμφέρον
3455 1935 3565 2002 περὶ

2009 2040 2240 2078 τουτων.

2090 2223 2108 2257 ι
2151 2205 2280 2258 Ὅτε
2310 2204 2458 2276 ήμην
2489 2206 2704 2277 νήπιος.
2742 2225 2762 2258 ι
2790 2204 2994 2267 Εἰπὼν,
3023 2205 3108 2259 ὅτι
3151 2202 3245 2258 τοῦ
3271 2203 3469 2257 τελείου
3491 2204 3568 2273 ἐρα

2010 2297 2267 2367 χομένου,
2292 2300 2657 2367 καταργεῖται
2677 2296 2739 2350 τὸ
2763 2297 2828 2351 ἐκ
2862 2298 3067 2369 μέρους
3088 2311 3104 2327 °
3148 2295 3246 2351 νῦν
3278 2297 3370 2349 καὶ
3408 2296 3567 2366 παρά·

2009 2386 2210 2456 δειγμα
2240 2386 2419 2458 φέρει,
2445 2386 2514 2440 δι’
2547 2381 2610 2440 οὗ
2655 2386 2957 2451 δείκνυσιν,
3012 2386 3141 2441 ὅσον
3185 2385 3248 2439 τὸ
3301 2386 3458 2456 μέσον
3482 2385 3567 2454 τῆς

2011 2477 2107 2532 νῦν
2145 2479 2402 2547 γνώσεως
2423 2480 2520 2532 καὶ
2565 2477 2669 2549 τῆς
2702 2478 2848 2534 τότε.
2888 2478 3003 2532 Νῦν
3045 2479 3148 2549 μὲν
3203 2477 3315 2549 γὰρ
3372 2477 3565 2546 νηπίοις

2011 2571 2274 2642 ἐοίκαμεν
2290 2586 2304 2601 ο
2329 2571 2450 2624 τότε
2476 2570 2555 2638 δὲ,
2581 2570 2780 2643 ἄνδρες
2805 2569 3067 2642 ἐσόμεθα.

2090 2768 2109 2801 ι
2157 2749 2245 2813 Ὠς
2271 2749 2463 2818 νήπιος
2501 2746 2748 2804 ἐλάλουν.
2795 2765 2815 2800 ι
2864 2746 2955 2811 Ὠς
2988 2747 3128 2818 πρὸς
3177 2747 3276 2811 τὰς
3306 2747 3567 2815 γλώσσαῦ

2009 2843 2104 2909 τὸ,
2137 2861 2157 2895 ι
2198 2842 2475 2897 Ἐλάλουν.
2524 2859 2544 2892 ι

2084 2954 2104 2989 ι
2149 2936 2240 3001 Ὦς
2272 2937 2466 3008 νήπιος
2496 2934 2782 3006 ἐφρόνουν.
2818 2952 2840 2987 ι
2871 2931 3044 2987 Τοῦτο
3065 2933 3145 2997 ώς
3174 2933 3310 3004 πρὸς
3333 2932 3426 2995 τὰς
3455 2948 3568 3002 προ-

2014 3027 2262 3099 φητεῑας.

2094 3137 2114 3171 ι
2161 3118 2250 3184 Ὠς
2289 3117 2482 3190 νήπιος
2523 3116 2875 3190 ἐλογιζόμην.
2916 3135 2936 3171 ι
2969 3114 3147 3171 Τοῦτο
3183 3116 3262 3181 ὡς
3311 3114 3442 3187 πρὸς
3483 3111 3568 3184 τὴν

1936 3222 1983 3286 C
2016 3209 2244 3279 γνῶσιν.

2093 3320 2113 3355 ι
2162 3302 2292 3356 Ὅτε
2336 3301 2394 3355 δὲ
2428 3301 2632 3372 γέγονα
2662 3300 2825 3371 ἀνὴρ,
2864 3300 3200 3371 κατήργηκα
3232 3298 3300 3352 τὰ
3349 3296 3440 3351 τοῦ
3484 3313 3565 3364 νη-

2014 3394 2198 3450 πίου.»
2229 3393 2544 3456 Τουτέστιν,
2573 3395 2661 3448 ὅτε
2691 3395 2751 3449 ἐν
2777 3392 2855 3464 τῷ
2893 3391 3146 3463 μέλλοντι
3170 3390 3270 3462 τὴν
3294 3387 3568 3461 ἀνδρειοτέο

2019 3504 2121 3559 ραν
2144 3488 2190 3521 ¹⁸
2224 3487 2428 3557 γνῶσιν
2462 3487 2594 3552 ἐξω,
2650 3486 2773 3540 τότε
2813 3482 3300 3555 καταργηθήσεται
3342 3483 3375 3550 ἠ
3423 3478 3571 3550 μικρὰ

2017 3578 2113 3633 καὶ
2157 3578 2376 3648 νηπίοις
2422 3578 2637 3638 ἐοικυῖα
2671 3577 2910 3647 γνῶσις,
2966 3573 3033 3644 ἢν
3084 3569 3326 3625 ἐνταῦθα
3376 3570 3567 3641 ἔχομεν.

2029 3669 2315 3743 Ἐπιφέρει
2342 3668 2457 3725 οὖν·

2093 3876 2113 3909 ι
2156 3855 2436 3924 Βλέπομεν
2463 3854 2574 3927 γὰρ
2599 3854 2724 3926 ἄρτι
2747 3854 2816 3908 δι’
2846 3854 3113 3925 ἐσόπτρου
3137 3854 3200 3907 ἐν
3232 3852 3519 3922 αἰνίγματι.
3548 3865 3563 3898 ι

2017 3946 2317 4019 Σαφηνίςει
2347 3947 2409 4001 τὸ
2445 3948 2737 4017 εἰρημένον
2773 3946 2903 4017 περὶ
2947 3944 3044 3998 τοῦ
3074 3945 3274 4016 νηπίου
3296 3987 3310 4009 ,
3365 3943 3452 3997 καὶ
3479 3939 3569 3993 δεί-

2019 4058 2232 4106 κνυσιν,
2269 4042 2351 4095 ὅτι
2382 4039 2602 4111 ἀμυδρά
2637 4056 2721 4102 τις
2752 4040 2885 4109 ἡμῖν
2933 4040 3082 4092 ἐστιν
3112 4038 3240 4107 ἄρτι
3283 4039 3315 4109 ἠ
3358 4035 3566 4103 γνῶσις·

2016 4137 2137 4191 τότε
2171 4135 2229 4188 δέ
2259 4133 2560 4206 τρανοτέρα
2614 4132 2790 4188 ἔσται.
2848 4149 2866 4181 ι
2906 4130 3189 4197 Βλέπομεν
3222 4131 3330 4199 γὰρ
3372 4128 3483 4197 ἄρτι
3513 4123 3569 4176 δι’

2016 4226 2307 4296 ἐσόπτρου,
2357 4245 2375 4276 ι
2417 4224 2608 4294 φησίν.
2641 4221 2776 4277 Εἶτα
2809 4222 2999 4292 ἐπειδὴ
3038 4222 3099 4275 τὸ
3127 4222 3389 4292 ἔσοπτρον
3431 4221 3567 4272 ἐκτυ-

2018 4323 2269 4389 πώτερον
2317 4315 2560 4370 δείκνυσι
2604 4313 2701 4369 τοῦ
2746 4314 3149 4386 ἐμφαινομένου
3184 4314 3287 4385 τὴν
3340 4312 3565 4382 μίμησιν,

2019 4410 2329 4481 προσέθηκε
2362 4407 2443 4472 τὸ,
2502 4427 2520 4457 ι
2566 4406 2656 4459 Ἐν
2702 4406 3007 4476 αἰνίγματι,
3054 4424 3073 4458 ι
3135 4406 3256 4475 μεθ’
3289 4398 3564 4475 ὕπερόολῆς

339 4476 565 4538 tendens
618 4484 982 4554 cognitionem
1041 4493 1389 4555 praesentem.
1437 4484 1594 4541 valde
1645 4501 1710 4540 ex
1761 4496 1914 4557 parte

2030 4502 2233 4565 Βεικνὺς
2263 4500 2361 4572 τὴν
2396 4499 2678 4569 παροῦσαν
2711 4497 2917 4567 γνῶσιν
2950 4498 3361 4569 μερικωτάτην.
3461 4567 3465 4570 γ

339 4588 460 4629 esse
484 4583 537 4628 et
563 4576 782 4633 exilem.

413 4685 434 4719 ι
469 4667 623 4724 Tunc
659 4679 837 4724 autem
862 4669 1001 4726 facie
1032 4671 1099 4726 ad
1135 4671 1349 4728 faciem.
1394 4691 1413 4724 ι
1445 4670 1562 4727 Νοη
1595 4672 1741 4741 quod
1776 4672 1915 4727 Deus

338 4758 532 4815 faciem
571 4761 790 4825 habeat,
832 4771 1086 4817 caeterum
1124 4774 1177 4818 ut
1208 4780 1304 4833 per
1338 4766 1441 4819 boc
1464 4766 1718 4819 ostendat
1757 4780 1916 4834 ape-r-

340 4850 530 4908 tiorem
554 4860 607 4907 et
634 4851 935 4921 planiorem
973 4853 1363 4924 cognitionem,
1406 4864 1460 4911 et
1493 4855 1718 4913 omnino
1755 4872 1911 4912 reve-

338 4941 524 4998 latam.
1170 4946 1173 4949 ’

416 5052 437 5088 ι
476 5033 597 5094 Jam
633 5050 907 5105 cognosco
934 5051 1001 5093 ex
1048 5046 1222 5108 parte,
1258 5049 1390 5097 tunc
1436 5057 1567 5099 vero
1620 5058 1912 5115 agnoscant

342 5128 798 5197 quemadmodum
826 5139 881 5185 et
901 5130 1120 5199 agnitus
1175 5145 1316 5187 sum.
1352 5152 1371 5184 ι
1438 5133 1647 5203 Duplici
1706 5136 1913 5189 ratione

340 5218 473 5277 tollit
511 5218 846 5277 inﬂationem
872 5222 1138 5291 ipsorum,
1162 5218 1474 5279 ostendens
1530 5225 1911 5293 particularem

336 5324 458 5370 esse
489 5313 855 5382 cognitionem
893 5324 1242 5384 praesentem,
1273 5316 1529 5386 quodque
1552 5315 1696 5371 illam
1751 5333 1783 5372 a
1810 5332 1913 5371 no-

336 5404 422 5459 bis
450 5403 585 5475 ipsis
611 5420 715 5461 non
743 5405 1061 5463 habeamus.
1089 5406 1206 5462 Non
1230 5409 1372 5463 enim
1399 5422 1526 5476 ego,
1560 5409 1755 5478 inquit,
1789 5411 1909 5466 novi

337 5493 528 5562 Deum,
557 5497 651 5553 sed
685 5498 797 5567 ipse
829 5514 916 5554 me
946 5499 1186 5569 agnovit.
1213 5498 1447 5555 Perinde
1477 5500 1641 5569 igitur
1670 5514 1727 5557 ut
1766 5518 1913 5558 nunc

338 5590 454 5661 ipse
480 5604 566 5645 me
595 5591 838 5658 novit,et
858 5590 1120 5665 ipsemibi
1144 5593 1402 5657 accurrit,
1430 5593 1569 5650 hunc
1617 5597 1907 5653 admodum

2090 4700 2110 4733 ι
2149 4681 2284 4733 Τότε
2304 4679 2374 4732 δὲ
2415 4678 2709 4750 πρόσωπον
2747 4676 2887 4747 πρὸς
2929 4676 3248 4746 πρόσωπον.
3290 4693 3309 4725 ι
3352 4672 3456 4741 Οὐχ
3500 4668 3563 4730 ὡς

2032 4770 2326 4841 πρόσωπον
2354 4769 2449 4822 τοῦ
2492 4769 2627 4821 Θεοῦ
2662 4767 2897 4839 ἔχοντος,
2943 4766 3082 4819 ἀλλὰ
3124 4766 3216 4820 διὰ
3253 4763 3432 4819 τούτου
3473 4760 3562 4813 δει-

2011 4860 2192 4916 κνύων
2221 4861 2322 4928 τὴν
2359 4856 2833 4929 σαφεστέραννκαὶ
2862 4855 3199 4928 τρανοτέραν
3244 4855 3456 4924 γνῶσιν,
3482 4849 3562 4903 καὶ

2021 4952 2576 5023 ἁνακεκαλυμμένην.

2096 5063 2118 5099 ι
2162 5046 2321 5117 ’Ἄρτι
2350 5046 2607 5114 γινώσκω
2633 5046 2697 5097 ἐκ
2722 5039 2957 5113 μέρους·
2987 5042 3107 5095 τότε
3138 5042 3195 5095 δέ
3224 5037 3562 5109 ἐπιγνώσομαι

2019 5137 2202 5200 καθὼς
2227 5136 2600 5207 ἐπεγνώσθην.
2634 5155 2653 5187 ι
2687 5135 2858 5205 Διπλῇ
2883 5133 3141 5203 καθαιρεῖ
3160 5133 3223 5185 τὸ
3244 5131 3456 5201 φύσημα
3476 5125 3560 5178 αὒ-

2020 5231 2152 5295 τῶν,
2186 5229 2402 5292 δεικνὺς
2437 5230 2674 5301 μερικὴν
2703 5246 2762 5281 τε
2791 5227 2960 5284 οὖσαν
2988 5227 3093 5299 τὴν.
3125 5226 3220 5280 νῦν
3252 5223 3459 5292 γνῶσιν,
3482 5214 3560 5271 καὶ

2021 5322 2142 5376 οὐδὲ
2173 5321 2381 5392 ταύτην
2401 5320 2617 5375 οίκοθεν
2645 5320 2836 5377 οὖσαν.
2868 5320 2944 5373 Οὐ
2966 5320 3076 5388 γὰρ
3106 5319 3236 5386 ἐγὼ,
3279 5314 3452 5387 φησὶν.
3479 5309 3555 5376 έΥ⁹

2020 5433 2127 5469 νων
2174 5415 2267 5469 τὸν
2305 5414 2438 5468 Θεὸν
2460 5416 2527 5478 ³⁷,
2560 5413 2677 5468 ἀλλ’
2709 5414 2871 5477 αὐτός
2921 5431 2992 5484 με
3021 5411 3332 5483 ἐγνώρισεν.
3377 5408 3556 5468 Ὠσπερ

2017 5504 2114 5564 οὖν
2143 5505 2240 5563 νῦν
2272 5508 2435 5572 αὐτός
2475 5524 2542 5578 με
2575 5506 2739 5576 ἔγνω,
2771 5507 2866 5561 καὶ
2908 5505 3071 5570 αὐτός
3114 5522 3205 5577 μοι
3246 5500 3552 5571 ἐπέδραμεν·

2018 5598 2193 5664 οὕτως
2223 5598 2333 5669 ἐγὼ
2356 5598 2506 5670 αὐτῷ
2533 5596 2945 5670 ἐπιδραμοῦμαι.
2965 5599 3085 5653 τότε
3115 5596 3368 5670 μειζόνως
3394 5589 3422 5660 ἣ
3446 5586 3550 5641 νῦν⁶

1675 5754 1875 5816 Varire
1929 5756 2261 5820 lectiones.
2286 5770 2287 5773 ‘

409 5882 453 5917 ³⁸
480 5880 793 5945 συντελείας
827 5896 881 5936 o.
962 5883 1005 5914 “
1062 5882 1359 5951 ἁδροτέραν
1385 5900 1439 5940 o.
1520 5887 1559 5918 ⁵⁷
1606 5887 1768 5942 αὑτόν
1814 5907 1862 5945 ο.
